<mjloggm ver="2.3"><GO type="97"/><UN n0="%E3%82%A6%E3%83%AB%E3%83%88%E3%83%A9%E7%AB%8B%E7%9B%B4" n1="%70%6F%70%E2%98%86%63%6F%72%6E" n2="%E3%81%9F%E3%82%8D%E3%81%9F%E3%82%8D%2E" n3="%63%61%70%31%30" dan="13,15,14,14" rate="1820,2019,1932,1893" sx="M,M,M,M"/><TAIKYOKU oya="0"/><INIT seed="0,0,0,1,5,115" ten="250,250,250,250" oya="0" hai0="45,22,68,90,99,72,56,126,15,69,44,23,43" hai1="84,38,60,49,107,2,48,118,104,121,65,108,14" hai2="37,105,13,98,91,110,103,101,10,61,94,26,50" hai3="132,131,128,129,3,63,113,127,80,117,12,27,9" shuffle="mt19937ar,5F5C0796,1B31881D,1B216C5B,FBA52671,D9A1A3DA,7F679541,32B14F20,43D869AD,37929A93,AC36F858,B08BCBD6,5E4809C4,4A6CBC18,026BABA1,0554D848,3270DB32,6B95E2AB,8F86C461,431C3297,282097CF,C3CDD299,9D9DE545,1FAC069F,630861AB,DAD1BAF2,FB2480E2,9384A0F8,C4B8EBA2,A6F358AD,D96E995B,089F9E6C,0B8F8258"/><T17/><D72/><U47/><E2/><V58/><F37/><W19/><G63/><T42/><D69/><U59/><E121/><V76/><F76/><W87/><G113/><T66/><D68/><U54/><E108/><V120/><F120/><W18/><G87/><T32/><D32/><U24/><E24/><V35/><F50/><W73/><G73/><T64/><D126/><U8/><E38/><V20/><F35/><W1/><G80/><T130/><D130/><U135/><E135/><V40/><F40/><N who="0" m="15402" /><D23/><U106/><E49/><V102/><F105/><W25/><G132/><T75/><D75/><U79/><E79/><V122/><F110/><W33/><G127/><T39/><D39/><U119/><REACH who="1" step="1"/><E84/><REACH who="1" step="2"/><V85/><F85/><W82/><G33/><T81/><D99/><U100/><E100/><V89/><F89/><W7/><G82/><T111/><D111/><U41/><E41/><V77/><F77/><W51/><G51/><T31/><D31/><U62/><E62/><V6/><F122/><W83/><G83/><T67/><D81/><U53/><E53/><V97/><F97/><W5/><G117/><T112/><D90/><U96/><E96/><V55/><REACH who="2" step="1"/><F102/><REACH who="2" step="2"/><W0/><REACH who="3" step="1"/><G5/><AGARI ba="0,2" hai="5,8,14,47,48,54,59,60,65,104,106,107,118,119" machi="5" ten="40,8000,1" yaku="1,1,52,2,53,1" doraHai="115" doraHaiUra="52" who="1" fromWho="3" sc="250,0,240,100,240,0,250,-80" /><INIT seed="1,0,0,3,5,121" ten="250,340,240,170" oya="1" hai0="6,113,54,11,131,129,76,19,29,27,30,72,108" hai1="77,84,13,12,125,124,71,17,53,18,99,78,9" hai2="63,45,24,126,67,109,48,98,65,96,106,114,83" hai3="10,80,46,52,64,123,21,92,34,111,85,23,93" shuffle="mt19937ar,8737D2C9,E1DA85D1,71104658,9FF6B50F,E1D750EA,430C4B15,A9C1B423,6F8951F0,18D9D47E,D6086494,4A1DD806,42D88A43,E780BE33,772BA380,8247E3C9,A0A8BDB3,B42D3EA4,7A2142A0,4C0A793A,44B38483,25A09CCC,C65B4503,53650973,B32D011F,3480832C,6DA3F94D,64DB421A,D2087692,92013062,C8C626A0,DAC16CDF,5F6F6C3B"/><U0/><E71/><V89/><F126/><W97/><G123/><T37/><D37/><U4/><E99/><V8/><F114/><W112/><G112/><T119/><D76/><U31/><E31/><N who="0" m="11785" /><D54/><U68/><E68/><V110/><F24/><W133/><G133/><T74/><D72/><U55/><E55/><V95/><F83/><W88/><G34/><T14/><D74/><U115/><E53/><V47/><F8/><W59/><G111/><N who="2" m="42505" /><F48/><N who="3" m="28695" /><G10/><T66/><D108/><U36/><E115/><V2/><F2/><W120/><G120/><T5/><D66/><N who="2" m="25098" /><F63/><N who="3" m="38015" /><G93/><T90/><D113/><U118/><E9/><V44/><F98/><W42/><G42/><T58/><D27/><U117/><E0/><V127/><F127/><W43/><G43/><T32/><D11/><U87/><E4/><V28/><F28/><W3/><G3/><T91/><D6/><U62/><E62/><V1/><F1/><W135/><G135/><T134/><D5/><U94/><E124/><V70/><F70/><W57/><G57/><T82/><D58/><U101/><E125/><V56/><F56/><W81/><G81/><T49/><D82/><U7/><E7/><V60/><F60/><W86/><G86/><T100/><D134/><U130/><E87/><V61/><F61/><W102/><AGARI ba="0,0" hai="21,23,80,85,88,92,97,102" m="38015,28695" machi="102" ten="30,4000,0" yaku="8,1,54,2" doraHai="121" who="3" fromWho="3" sc="250,-10,340,-20,240,-10,170,40" /><INIT seed="2,0,0,2,1,58" ten="240,320,230,210" oya="2" hai0="85,34,87,25,26,100,36,48,90,38,4,59,41" hai1="53,121,75,49,68,43,72,69,12,23,102,14,115" hai2="5,37,111,128,101,66,30,125,89,77,10,6,91" hai3="127,109,29,70,112,104,19,120,114,52,88,7,47" shuffle="mt19937ar,C1DC68D3,AC3B9B93,43D2A7A7,AE925C34,56D0422B,259F6DF3,0BB8AC33,65582F78,C2E6DF85,68C33222,E645943F,78C4F722,667DB9DB,BF5E93FC,9C4F375B,9D888CC9,98F5D475,C263DA57,571B0FD0,59E5A9AB,FFF6E1AE,828D60DA,E6E8E872,A8B294B3,0982EEDF,DC8D29C1,7D1B9A1D,44742B94,7F039C23,A5A9684C,84310293,B8D624AF"/><V98/><F37/><W32/><G104/><T96/><D36/><U118/><E115/><N who="3" m="44074" /><G70/><T67/><D38/><U126/><E118/><V50/><F30/><W92/><G120/><T39/><D39/><U73/><E121/><V116/><F116/><W133/><G133/><T124/><D4/><U64/><E102/><V28/><F28/><W119/><G119/><T54/><D41/><U123/><E123/><V81/><F125/><W110/><G127/><T31/><D124/><U76/><E76/><V107/><F128/><W135/><G135/><T15/><D15/><U20/><E64/><V117/><F117/><W51/><G7/><T57/><D26/><U65/><E65/><V56/><F6/><W9/><G32/><T44/><D44/><U132/><E69/><V130/><F130/><W42/><G29/><T60/><REACH who="0" step="1"/><D90/><REACH who="0" step="2"/><U108/><E43/><V131/><F131/><W94/><G42/><T35/><D35/><U3/><E126/><V63/><F111/><N who="3" m="42507" /><G88/><T1/><D1/><U83/><E108/><V105/><F105/><AGARI ba="0,1" hai="25,31,34,48,54,57,59,60,67,85,87,96,100,105" machi="105" ten="30,3900,0" yaku="1,1,7,1,52,1,53,0" doraHai="58" doraHaiUra="40" who="0" fromWho="2" sc="230,49,320,0,230,-39,210,0" /><INIT seed="3,0,0,4,0,19" ten="279,320,191,210" oya="3" hai0="37,108,71,30,63,47,25,114,88,116,100,43,10" hai1="48,68,109,21,89,76,119,7,66,26,12,55,64" hai2="40,103,52,34,22,101,87,94,49,96,97,74,67" hai3="62,46,121,78,23,16,17,9,79,56,72,24,27" shuffle="mt19937ar,8635992E,9CD6A223,0AC40E13,08EAD066,F49F154B,E1FF7213,983363B5,8BFC8724,B1A98AA6,F98CFD0D,91D0A4DB,5F1AE9CF,827F32D0,076D44C8,6AEA7F43,755E65C1,4978EFDD,F0568B14,1B65019A,734F6E88,B0910C3D,338205E7,6B2FE1A7,05F7C920,11DCD9B6,BF607418,C0389442,7185C484,E0B619AA,6BD99279,D1D0F290,DE2BEC18"/><W61/><G121/><T112/><D10/><U91/><E109/><V104/><F34/><W105/><G105/><T127/><D100/><U50/><E50/><V90/><F74/><W29/><G72/><T33/><D116/><U41/><E41/><V134/><F40/><W42/><G61/><T117/><D117/><U131/><E119/><V102/><F134/><W118/><G118/><T53/><D108/><U135/><E76/><V128/><F128/><W59/><G59/><T82/><D127/><U81/><E68/><V0/><F0/><W93/><G93/><T57/><D71/><U58/><E135/><V39/><F39/><W38/><G9/><T14/><D14/><U54/><E54/><V106/><F67/><N who="1" m="25641" /><E131/><V35/><F35/><W111/><G111/><T6/><D6/><U80/><E12/><V123/><F123/><W4/><G4/><T107/><D107/><U11/><E11/><V18/><F104/><W51/><G38/><T129/><D129/><U3/><E7/><V5/><F5/><W95/><G95/><T113/><D82/><N who="1" m="31851" /><E3/><V126/><F126/><W1/><G1/><T65/><D53/><U125/><E125/><V133/><F133/><W124/><G124/><T73/><D73/><U36/><E36/><V115/><F115/><W84/><G84/><T70/><D57/><U86/><E86/><V20/><F106/><W92/><G92/><T85/><D85/><U99/><E99/><N who="2" m="37963" /><F18/><AGARI ba="0,0" hai="18,21,26,48,55,58,89,91" m="31851,25641" machi="18" ten="30,2000,0" yaku="8,1,52,1" doraHai="19" who="1" fromWho="2" sc="279,0,320,20,191,-20,210,0" owari="279,3,340,34,171,-23,210,-14" /></mjloggm>