<mjloggm ver="2.3"><GO type="41"/><UN n0="%E3%81%B6%E3%81%A1%E3%82%83%E3%82%89%E3%81%A6%E3%81%83" n1="%79%6F%2D" n2="%E3%82%B2%E3%83%B3%E3%81%95%E3%82%93" n3="%E3%82%A6%E3%83%AB%E3%83%88%E3%83%A9%E7%AB%8B%E7%9B%B4" dan="13,14,13,15" rate="1984,1939,1828,1982" sx="M,M,M,M"/><TAIKYOKU oya="0"/><INIT seed="0,0,0,0,1,53" ten="250,250,250,250" oya="0" hai0="12,7,128,94,109,68,131,78,93,64,90,110,6" hai1="65,40,29,77,114,100,133,98,135,31,15,83,32" hai2="75,21,57,33,104,87,111,127,118,35,129,112,113" hai3="59,63,49,34,9,130,95,81,28,82,99,22,79"/><T45/><D78/><U86/><E114/><V122/><RYUUKYOKU type="yao9" ba="0,0" sc="250,0,250,0,250,0,250,0" hai2="21,33,35,57,75,87,104,111,112,113,118,122,127,129" /><INIT seed="0,1,0,3,4,57" ten="250,250,250,250" oya="0" hai0="43,125,110,49,98,56,79,69,132,64,71,133,10" hai1="13,93,39,123,106,35,12,17,37,16,7,58,25" hai2="11,47,54,65,105,15,20,83,2,95,103,82,86" hai3="42,109,117,45,108,68,29,119,19,70,129,61,124"/><T53/><D79/><U107/><E123/><V40/><F2/><W126/><G19/><T30/><D30/><U89/><E7/><V81/><F105/><W134/><G29/><T75/><D75/><U128/><E58/><V90/><F103/><W116/><G129/><T73/><D73/><U97/><E128/><V44/><F65/><N who="3" m="41007" /><G70/><T87/><D10/><U94/><E25/><V50/><F20/><W99/><G99/><T72/><D72/><U1/><E97/><V135/><F135/><N who="0" m="51786" /><D87/><U28/><E28/><V112/><F112/><W120/><G134/><T31/><D31/><U78/><E89/><V23/><F23/><W0/><G0/><T101/><D125/><N who="3" m="48233" /><G120/><T113/><D113/><U88/><E1/><V111/><F95/><W9/><G9/><T102/><D43/><U96/><E96/><V21/><F21/><W52/><G52/><T91/><D91/><U84/><E88/><V32/><F32/><W8/><G8/><T127/><D127/><U38/><E38/><AGARI ba="1,0" hai="38,42,45,108,109,116,117,119" m="48233,41007" machi="38" ten="40,8000,1" yaku="18,1,23,1,34,2,52,1" doraHai="57" who="3" fromWho="1" sc="250,0,250,-83,250,0,250,83" /><INIT seed="1,0,0,2,5,65" ten="250,167,250,333" oya="1" hai0="69,10,121,129,109,71,96,95,51,70,82,38,88" hai1="97,24,27,7,105,116,11,63,76,74,77,29,104" hai2="107,67,32,55,68,60,84,115,41,64,78,37,57" hai3="3,72,25,83,118,135,49,132,47,5,124,23,85"/><U101/><E116/><V35/><F107/><W30/><G72/><T126/><D38/><U131/><E105/><V89/><F78/><W87/><G118/><T120/><D129/><U36/><E131/><V50/><F115/><W103/><G124/><T31/><D126/><U20/><E24/><V81/><REACH who="2" step="1"/><F67/><REACH who="2" step="2"/><W99/><G132/><T0/><D109/><U42/><E74/><V56/><F56/><W122/><G135/><T15/><D0/><U53/><E36/><V114/><F114/><W62/><G122/><N who="0" m="47211" /><D31/><U44/><E44/><AGARI ba="0,1" hai="32,35,37,41,44,50,55,57,60,64,68,81,84,89" machi="44" ten="40,8000,1" yaku="1,1,24,2,52,1,53,0" doraHai="65" doraHaiUra="133" who="2" fromWho="1" sc="250,0,167,-80,240,90,333,0" /><INIT seed="2,0,0,1,5,114" ten="250,87,330,333" oya="2" hai0="128,9,16,117,78,97,44,20,91,42,120,33,109" hai1="87,100,19,99,59,112,132,39,23,95,30,67,64" hai2="1,129,49,3,134,110,80,63,25,71,32,0,121" hai3="93,126,130,58,84,4,92,45,61,131,108,29,54"/><V40/><F121/><W68/><G92/><T65/><D120/><U24/><E112/><V70/><F134/><W107/><G107/><T11/><D33/><U116/><E39/><V66/><F129/><N who="3" m="49163" /><G29/><T27/><D128/><U37/><E37/><V111/><F71/><W14/><G126/><T133/><D133/><U5/><E132/><V96/><F96/><W18/><G4/><T55/><D109/><N who="2" m="41482" /><F80/><W17/><G108/><T34/><D34/><U75/><E75/><V74/><F74/><W101/><G68/><T2/><D65/><U102/><E5/><V50/><F40/><W82/><G45/><T106/><D78/><U53/><E116/><V22/><F32/><W81/><G17/><AGARI ba="0,0" hai="0,1,3,17,22,25,49,50,63,66,70" m="41482" machi="17" ten="40,3900,0" yaku="14,1,10,1" doraHai="114" who="2" fromWho="3" sc="250,0,87,0,330,39,333,-39" /><INIT seed="2,1,0,3,0,51" ten="250,87,369,294" oya="2" hai0="25,22,117,69,91,96,93,20,73,40,126,105,56" hai1="82,98,44,63,76,61,102,29,37,135,0,60,50" hai2="104,132,107,28,3,34,92,78,109,125,2,70,9" hai3="32,59,130,4,64,121,49,57,122,83,100,52,46"/><V53/><F70/><W48/><G32/><T16/><D69/><U81/><E0/><V74/><F9/><W10/><G130/><T113/><D113/><U71/><E37/><V26/><F92/><W27/><G100/><T118/><D73/><U55/><E135/><V1/><F132/><W8/><G27/><T23/><D40/><U31/><E71/><V11/><F11/><W111/><G111/><T123/><D123/><U39/><E39/><V66/><F66/><W7/><G121/><T84/><D126/><U54/><E54/><V127/><F109/><W43/><G122/><T94/><D105/><N who="2" m="40522" /><F53/><N who="3" m="31911" /><G64/><T116/><REACH who="0" step="1"/><D56/><REACH who="0" step="2"/><U36/><E36/><V72/><F78/><W112/><G112/><T75/><D75/><AGARI ba="1,1" hai="1,2,3,26,28,34,72,74,75,125,127" m="40522" machi="75" ten="40,2000,0" yaku="23,1" doraHai="51" who="2" fromWho="0" sc="240,-23,87,0,369,33,294,0" /><INIT seed="2,2,0,2,5,120" ten="217,87,402,294" oya="2" hai0="130,18,2,121,33,64,51,87,49,20,79,108,107" hai1="131,21,53,46,58,67,55,81,38,78,135,103,63" hai2="13,114,36,125,99,56,68,84,5,65,25,27,11" hai3="119,32,112,132,16,93,6,0,90,35,40,41,66"/><V101/><F114/><W34/><G119/><T124/><D121/><U73/><E135/><V118/><F36/><W60/><G112/><T30/><D2/><U75/><E131/><V123/><F123/><W95/><G132/><T52/><D107/><U72/><E103/><V106/><F118/><W102/><G102/><T24/><D130/><U134/><E134/><V105/><F105/><W10/><G16/><T104/><D104/><U3/><E3/><V94/><F68/><W83/><G83/><T23/><D64/><U91/><E91/><V89/><F125/><W48/><G48/><T116/><D116/><U117/><E117/><V61/><AGARI ba="2,0" hai="5,11,13,25,27,56,61,65,84,89,94,99,101,106" machi="61" ten="30,1500,0" yaku="0,1" doraHai="120" who="2" fromWho="2" sc="217,-7,87,-7,402,21,294,-7" /><INIT seed="2,3,0,2,1,82" ten="210,80,423,287" oya="2" hai0="126,45,121,113,55,122,22,75,26,133,46,73,107" hai1="35,85,57,49,53,72,71,87,48,19,38,10,13" hai2="33,89,24,31,95,76,125,110,2,109,97,43,123" hai3="134,36,44,105,5,81,64,84,94,59,90,131,83"/><V119/><F123/><W32/><G131/><T39/><D39/><U65/><E72/><V20/><F119/><W18/><G134/><T114/><D107/><U21/><E35/><V66/><F2/><W63/><G105/><T92/><D92/><U96/><E38/><V67/><F43/><W60/><G32/><T61/><D61/><N who="1" m="36015" /><E71/><V29/><F76/><W34/><G34/><T112/><D55/><U23/><E65/><V129/><F129/><W58/><G5/><T88/><D133/><U62/><E96/><V115/><F115/><W8/><G36/><T56/><D56/><U41/><E62/><V40/><F40/><W27/><G44/><T51/><D51/><N who="1" m="19531" /><E41/><V25/><F125/><W128/><G128/><T14/><D14/><U4/><E4/><V16/><F31/><W37/><G37/><T130/><D130/><U70/><E70/><V78/><F78/><W102/><G102/><T77/><D77/><U118/><E118/><V135/><F135/><W104/><G104/><T3/><D3/><U117/><E117/><V99/><F99/><W17/><G27/><T98/><D26/><U52/><E52/><V86/><F97/><W68/><G68/><T7/><D98/><U0/><E0/><V103/><F103/><W15/><REACH who="3" step="1"/><G18/><REACH who="3" step="2"/><T127/><D7/><U124/><E124/><V111/><AGARI ba="3,1" hai="16,20,24,25,29,33,66,67,86,89,95,109,110,111" machi="111" ten="30,12000,1" yaku="0,1,14,1,10,1,52,1,54,1" doraHai="82" who="2" fromWho="2" sc="210,-43,80,-43,423,139,277,-43" /><INIT seed="2,4,0,3,1,103" ten="167,37,562,234" oya="2" hai0="68,84,78,133,104,65,5,88,127,31,35,109,57" hai1="89,85,75,37,135,49,12,38,123,17,2,0,132" hai2="6,45,99,93,126,19,66,34,23,72,74,116,94" hai3="83,87,95,80,36,113,130,86,18,43,91,118,21"/><V4/><F116/><W70/><G70/><T71/><D78/><U69/><E75/><V14/><F34/><W27/><G118/><T24/><D5/><U15/><E69/><V111/><F66/><W20/><G113/><T114/><D114/><U98/><E98/><V42/><F94/><W7/><G130/><T55/><D133/><N who="1" m="51275" /><E123/><V54/><F54/><W128/><G128/><T46/><D46/><U76/><E76/><V92/><F92/><W16/><G7/><T125/><D109/><U29/><E29/><V90/><F111/><W40/><G36/><N who="1" m="13930" /><E49/><V134/><F134/><W25/><REACH who="3" step="1"/><G95/><REACH who="3" step="2"/><T117/><D117/><U79/><E79/><AGARI ba="4,1" hai="16,18,20,21,25,27,40,43,79,80,83,86,87,91" machi="79" ten="30,12000,2" yaku="1,1,2,1,7,1,9,1,8,1,54,1,53,0" doraHai="103" doraHaiUra="115" who="3" fromWho="1" sc="167,0,37,-132,562,0,224,142" owari="167,-23,-95,-60,562,66,366,17" /></mjloggm>