<mjloggm ver="2.3"><GO type="193"/><UN n0="%74%61%73%74%79" n1="%35%30%30%35%33%31%39%39" n2="%E3%81%8D%E3%82%87%E3%83%BC%E3%82%93" n3="%E3%82%A6%E3%83%AB%E3%83%88%E3%83%A9%E7%AB%8B%E7%9B%B4" dan="12,12,13,11" rate="1694,1807,1705,1818" sx="M,M,M,M"/><TAIKYOKU oya="0"/><INIT seed="0,0,0,5,5,25" ten="250,250,250,250" oya="0" hai0="115,16,130,76,78,121,89,9,82,50,64,45,35" hai1="0,61,44,109,12,39,24,8,59,10,33,127,93" hai2="90,57,43,62,48,38,107,131,132,2,122,23,88" hai3="79,55,86,27,51,105,49,67,77,29,37,13,108" shuffle="mt19937ar,85B846B2,754F8B95,D9AFE894,2D997ECE,834DDE98,1E719771,3E8D68F0,92BB08EF"/><T14/><D121/><U11/><E109/><V118/><F122/><W17/><G37/><T116/><D115/><U123/><E123/><V52/><F2/><W126/><G105/><T98/><D116/><U36/><E127/><V81/><F118/><W7/><G126/><T74/><D35/><U53/><E0/><V114/><F114/><W34/><G7/><T96/><D130/><U134/><E134/><V40/><F132/><W120/><G67/><T92/><D64/><U75/><E75/><V100/><F131/><W111/><G120/><T58/><D58/><U60/><E12/><V119/><F119/><W31/><G31/><T95/><D74/><U5/><E5/><V26/><F40/><W101/><G101/><T94/><D98/><U46/><E60/><V1/><F1/><W41/><G41/><T84/><D96/><U104/><E104/><V125/><F125/><W91/><G79/><T70/><D70/><U20/><E33/><V124/><F81/><W135/><G77/><T3/><D3/><U99/><E36/><V72/><F72/><W66/><G66/><T18/><D18/><N who="1" m="12311" /><E39/><V4/><F4/><W32/><G32/><T71/><D71/><U102/><AGARI ba="0,0" hai="8,10,11,44,46,53,59,61,93,99,102" m="12311" machi="102" ten="30,1100,0" yaku="8,1" doraHai="25" who="1" fromWho="1" sc="250,-5,250,11,250,-3,250,-3" /><INIT seed="1,0,0,4,5,106" ten="245,261,247,247" oya="1" hai0="30,71,116,24,2,83,66,120,5,3,36,49,84" hai1="103,6,8,48,108,58,107,128,42,28,62,33,112" hai2="86,60,63,124,132,87,10,75,80,57,17,105,9" hai3="101,134,53,34,121,35,94,21,96,133,29,68,61" shuffle="mt19937ar,87C5FE44,835E74C8,FEFB406B,0173FC7E,39CB1460,F6383029,9505DA2D,77CDE2E2"/><U31/><E112/><V79/><F105/><W90/><G121/><T47/><D120/><U97/><E128/><V135/><F63/><W44/><G21/><T122/><D116/><U104/><E108/><V51/><F51/><W40/><G29/><T123/><D123/><U16/><E107/><V4/><F17/><W15/><G15/><T32/><D122/><U37/><E33/><V59/><F124/><W119/><G119/><T85/><D36/><U19/><E37/><V45/><F45/><W76/><G76/><T41/><D85/><N who="2" m="32266" /><F9/><W111/><G90/><T130/><D130/><U98/><E28/><V77/><F60/><W109/><G53/><T82/><D82/><U81/><E31/><V65/><F65/><N who="3" m="41007" /><G35/><T102/><D66/><U72/><E97/><V64/><F64/><W22/><G22/><T55/><D71/><U13/><E42/><V78/><F80/><W20/><G20/><T117/><D117/><U23/><E48/><V99/><F99/><W131/><G34/><T39/><D102/><U0/><E81/><V127/><F127/><W89/><G101/><T92/><D92/><U74/><REACH who="1" step="1"/><E19/><REACH who="1" step="2"/><V7/><F4/><W73/><G131/><T129/><D129/><U114/><E114/><V46/><F7/><W14/><G109/><T126/><D126/><U69/><E69/><V26/><F26/><W70/><G111/><T67/><D5/><U110/><E110/><V43/><F43/><W88/><G70/><T1/><D39/><U11/><E11/><V100/><F10/><W91/><G40/><T95/><D41/><U56/><E56/><RYUUKYOKU ba="0,1" sc="245,-10,251,30,247,-10,247,-10" hai1="0,6,8,13,16,23,58,62,72,74,98,103,104" /><INIT seed="1,1,1,1,0,6" ten="235,281,237,237" oya="1" hai0="40,22,110,36,121,123,116,1,72,0,66,78,95" hai1="29,101,5,89,67,54,37,103,86,10,62,93,45" hai2="25,124,7,34,51,17,129,11,128,64,33,132,105" hai3="85,76,46,127,23,73,90,31,57,3,107,84,60" shuffle="mt19937ar,E5F8594D,AD2AA852,D55AB4C3,D7749B21,4BB41DA1,E2D59753,E89991B8,CB2CD2D6"/><U21/><E37/><V79/><F105/><W38/><G107/><T102/><D116/><U59/><E29/><V15/><F79/><W87/><G3/><T113/><D113/><U106/><E21/><N who="2" m="13487" /><F64/><W94/><G127/><T97/><D110/><U135/><E135/><V28/><F51/><W41/><G73/><T4/><D66/><U26/><E26/><N who="2" m="18583" /><F124/><W122/><G122/><N who="0" m="46603" /><D22/><U74/><E74/><V43/><F43/><W65/><G76/><T24/><D24/><U118/><E118/><V88/><F88/><W99/><G31/><T131/><D131/><N who="2" m="50250" /><F132/><W2/><G2/><T75/><D0/><U14/><REACH who="1" step="1"/><E106/><REACH who="1" step="2"/><V98/><F98/><W42/><G38/><T52/><D75/><U96/><E96/><V130/><F130/><W63/><G99/><T108/><D72/><U112/><E112/><V119/><F34/><W70/><G85/><T126/><D36/><U44/><E44/><V114/><F114/><W77/><G42/><T111/><D40/><U100/><E100/><V35/><F35/><W61/><G46/><T20/><D126/><U16/><E16/><N who="2" m="8319" /><F119/><W82/><G41/><T80/><D102/><U92/><E92/><V19/><F19/><W55/><G70/><T32/><D95/><U9/><E9/><V30/><F30/><W68/><G23/><T134/><D32/><U8/><E8/><V58/><F58/><W18/><G18/><T81/><D134/><U48/><AGARI ba="1,2" hai="5,10,14,45,48,54,59,62,67,86,89,93,101,103" machi="48" ten="30,11700,0" yaku="1,1,0,1,8,1,52,1,53,0" doraHai="6" doraHaiUra="120" who="1" fromWho="1" sc="235,-40,271,140,237,-40,237,-40" /><INIT seed="1,2,0,3,2,98" ten="195,411,197,197" oya="1" hai0="132,111,118,49,80,73,109,0,22,19,54,42,12" hai1="70,128,37,113,55,72,93,110,121,23,46,8,62" hai2="60,18,11,130,64,53,5,34,35,117,108,26,86" hai3="104,96,134,63,123,79,126,3,76,58,133,10,135" shuffle="mt19937ar,DB776A79,E7DFE55E,A37E89E5,41897EB6,6BD2BE89,82124D44,0D42A0D5,CBE96A4D"/><U39/><E121/><V114/><F117/><W59/><G123/><T75/><D118/><U31/><E113/><V24/><F114/><W66/><G126/><T94/><D0/><U47/><E128/><V61/><F130/><W56/><G10/><T1/><D1/><U50/><E72/><V119/><F119/><W124/><G3/><T17/><D42/><U125/><E8/><V74/><F74/><W107/><G124/><T106/><D106/><U7/><E125/><V68/><F108/><N who="0" m="41546" /><D132/><U82/><E7/><V57/><F86/><W30/><G30/><T127/><D127/><U15/><E82/><V87/><F87/><W120/><G120/><T90/><D80/><U95/><E110/><V101/><F101/><W105/><G96/><T97/><D19/><U71/><E71/><AGARI ba="2,0" hai="56,58,59,63,66,71,76,79,104,105,107,133,134,135" machi="71" ten="50,6400,0" yaku="29,2,20,1" doraHai="98" who="3" fromWho="1" sc="195,0,411,-70,197,0,197,70" /><INIT seed="2,0,0,5,0,80" ten="195,341,197,267" oya="2" hai0="17,98,86,15,31,9,106,26,113,117,74,49,10" hai1="27,16,47,125,57,58,45,108,63,59,62,83,64" hai2="124,38,30,44,29,77,40,84,67,107,78,32,116" hai3="134,5,85,52,50,119,109,92,55,41,8,46,42" shuffle="mt19937ar,2CD7B925,997B9BE0,E5ADE063,2241B2F4,C25E043F,0A473D85,2263B602,03C0A83B"/><V90/><F116/><W129/><G129/><T14/><D74/><U0/><E0/><V6/><F107/><W100/><G134/><T20/><D106/><U95/><E125/><V93/><F124/><W102/><G119/><T73/><D98/><U88/><E108/><V122/><F122/><W126/><G109/><T96/><D73/><U35/><E83/><V118/><F118/><W13/><G126/><T75/><D75/><U66/><E35/><V123/><F123/><W23/><G23/><T120/><D96/><N who="1" m="57447" /><E58/><V81/><F77/><W28/><G28/><T97/><D113/><U114/><E114/><V39/><F38/><W99/><G102/><T111/><D97/><U24/><E24/><V12/><F67/><W53/><G42/><T103/><D103/><U105/><E105/><V131/><F131/><W69/><G69/><T56/><D111/><U94/><E94/><V76/><F78/><W121/><G121/><T51/><D117/><U133/><E133/><V65/><F65/><W43/><G43/><T60/><D86/><AGARI ba="0,0" hai="5,8,13,41,46,50,52,53,55,85,86,92,99,100" machi="86" ten="40,8000,1" yaku="8,1,52,2,54,1" doraHai="80" who="3" fromWho="0" sc="195,-80,341,0,197,0,267,80" /><INIT seed="3,0,0,4,2,64" ten="115,341,197,347" oya="3" hai0="63,8,110,133,31,73,9,116,18,97,106,80,94" hai1="101,58,24,27,84,124,86,125,42,19,75,83,55" hai2="131,52,47,48,14,59,77,104,30,87,115,127,3" hai3="108,32,103,67,132,22,114,37,118,17,99,96,102" shuffle="mt19937ar,91559C13,78860FA8,ED2F670F,F70CA3A8,656722F4,EB2DEA17,4D79AC60,C3B8A409"/><W41/><G32/><T134/><D116/><U74/><E101/><V76/><F115/><W34/><G34/><T5/><D31/><U130/><E42/><V10/><F3/><W72/><G72/><T43/><D5/><U20/><E130/><V1/><F131/><W79/><G79/><T61/><D43/><U49/><E24/><V21/><F127/><N who="1" m="48713" /><E84/><V122/><F122/><W39/><G114/><T6/><D6/><U53/><E53/><V60/><F104/><W2/><G118/><T95/><D110/><U91/><AGARI ba="0,0" hai="19,20,27,49,55,58,74,75,83,86,91" m="48713" machi="91" ten="30,1100,0" yaku="18,1" doraHai="64" who="1" fromWho="1" sc="115,-3,341,11,197,-3,347,-5" owari="112,-29,352,36,194,-16,342,9" /></mjloggm>