<mjloggm ver="2.3"><GO type="137"/><UN n0="%59%6F%75%28%5E%5E%3B%29" n1="%50%4F%4D" n2="%E3%82%A6%E3%83%AB%E3%83%88%E3%83%A9%E7%AB%8B%E7%9B%B4" n3="%6E%69%69%74%61%6B%61%79" dan="11,12,11,12" rate="1926,1736,1753,1754" sx="M,M,M,M"/><TAIKYOKU oya="0"/><INIT seed="0,0,0,2,1,127" ten="250,250,250,250" oya="0" hai0="49,86,115,64,3,84,40,9,101,7,105,69,37" hai1="74,104,91,36,98,52,131,31,87,117,96,35,68" hai2="4,30,123,0,81,63,90,11,58,78,72,29,111" hai3="51,80,56,95,48,66,93,2,102,97,55,42,124" shuffle="mt19937ar,90827A63,3E4CAD13,86C40713,9F259EE1,B2EEE8C4,6B650247,F86E7737,F7527559"/><T39/><D115/><U65/><E117/><V8/><F123/><W13/><G2/><T120/><D120/><U43/><E74/><V15/><F111/><W50/><G124/><T22/><D105/><U88/><E104/><V83/><F83/><W67/><G42/><T19/><D101/><U54/><E36/><V134/><F90/><N who="1" m="34345" /><E68/><V125/><F125/><W12/><G80/><T14/><D84/><U62/><E43/><V129/><F134/><W119/><G119/><T57/><D86/><U44/><E35/><V85/><F72/><W122/><G122/><T16/><D69/><U28/><E87/><V133/><F133/><W126/><G126/><T77/><D77/><U89/><E131/><V10/><F129/><W61/><REACH who="3" step="1"/><G93/><REACH who="3" step="2"/><T20/><D40/><U116/><E116/><V21/><F0/><W82/><G82/><T76/><D76/><U118/><E118/><V110/><F110/><W53/><G53/><T109/><D109/><U71/><E54/><V75/><F75/><W24/><G24/><T41/><D41/><U130/><E130/><V132/><F132/><W128/><G128/><T6/><D6/><U46/><E65/><AGARI ba="0,1" hai="12,13,48,50,51,55,56,61,65,66,67,95,97,102" machi="65" ten="40,2600,0" yaku="1,1,8,1,53,0" doraHai="127" doraHaiUra="107" who="3" fromWho="1" sc="250,0,250,-26,250,0,240,36" /><INIT seed="1,0,0,1,4,80" ten="250,224,250,276" oya="1" hai0="23,126,135,124,104,118,101,17,58,79,105,92,93" hai1="123,69,122,115,90,48,119,96,112,49,29,131,9" hai2="98,56,45,26,60,74,67,89,110,35,8,66,83" hai3="125,113,100,107,132,4,39,12,128,134,94,68,87" shuffle="mt19937ar,57D320A1,6CC64F10,E9737EA2,E1AD2228,B8242F28,5B7F1528,4D8DE7F5,43CAE83E"/><U6/><E69/><V2/><F67/><W19/><G113/><T5/><D5/><U3/><E119/><V64/><F66/><W130/><G68/><T1/><D1/><U63/><E115/><V117/><F117/><W53/><G39/><T82/><D118/><U18/><E112/><V65/><F65/><W111/><G4/><T52/><D135/><N who="3" m="51753" /><G111/><T70/><D70/><U102/><E63/><V129/><F110/><W88/><G53/><T127/><D105/><U85/><E131/><V133/><F129/><W47/><G47/><T31/><D31/><U46/><E123/><V51/><F133/><W27/><G27/><N who="0" m="14831" /><D104/><U38/><E122/><V16/><F74/><W62/><G62/><N who="0" m="36167" /><D101/><U99/><E29/><V75/><F75/><AGARI ba="0,0" hai="75,79,82,92,93,124,126,127" m="36167,14831" machi="75" ten="30,2000,0" yaku="18,1,54,1" doraHai="80" who="0" fromWho="2" sc="250,20,224,0,250,-20,276,0" /><INIT seed="2,0,0,5,3,29" ten="270,224,230,276" oya="2" hai0="109,14,112,23,135,94,67,110,119,13,69,105,101" hai1="115,85,97,66,42,75,21,53,124,58,70,5,43" hai2="91,80,107,8,9,131,79,92,81,128,34,76,84" hai3="71,65,25,72,116,6,120,62,100,57,24,33,63" shuffle="mt19937ar,AC6DDF9C,6B240492,C837DE09,DE488641,7F62A030,6A9DB708,33116CC4,CB5270FD"/><V125/><F8/><W41/><G120/><T114/><D69/><U90/><E75/><V60/><F60/><W2/><G72/><T19/><D67/><U121/><E115/><N who="0" m="44073" /><D119/><U113/><E121/><V15/><F15/><W1/><G116/><T10/><D105/><U118/><E113/><V130/><F9/><W64/><G100/><T40/><D40/><U87/><E118/><V31/><F31/><W99/><G99/><T106/><D106/><U55/><E124/><V108/><F107/><W74/><G41/><N who="1" m="15370" /><E70/><V3/><F3/><W102/><G74/><T4/><D94/><N who="1" m="56535" /><E5/><V22/><F22/><W78/><G102/><T82/><D101/><U52/><E21/><V117/><F34/><W17/><G78/><N who="2" m="29737" /><F117/><W30/><G6/><T37/><D37/><U32/><E32/><V98/><F125/><W28/><REACH who="3" step="1"/><G17/><REACH who="3" step="2"/><T83/><D83/><N who="2" m="31818" /><F108/><N who="0" m="41578" /><D82/><U49/><E66/><V133/><F133/><AGARI ba="0,1" hai="4,10,13,14,19,23,133,135" m="41578,44073" machi="133" ten="40,5200,0" yaku="14,1,34,2" doraHai="29" who="0" fromWho="2" sc="270,62,224,0,230,-52,266,0" /><INIT seed="3,0,0,1,0,122" ten="332,224,178,266" oya="3" hai0="99,117,132,29,9,85,42,50,80,79,15,14,53" hai1="24,96,28,83,131,100,71,95,21,65,48,51,69" hai2="87,16,63,25,134,12,84,49,3,40,13,125,2" hai3="52,103,45,118,90,82,57,44,91,32,119,113,107" shuffle="mt19937ar,8C477BCD,A6BDC18D,24A7C87F,78E1C936,808A87EF,1B0B4D66,6D50C0D3,005EB866"/><W60/><G113/><T98/><D117/><U37/><E37/><V73/><F73/><W38/><G32/><T62/><D132/><U94/><E131/><V74/><F74/><W88/><G119/><T76/><D29/><U130/><E130/><V39/><F39/><W92/><G107/><T135/><D135/><U112/><E112/><V20/><F134/><W116/><G118/><T77/><D62/><U128/><E128/><V34/><F2/><W114/><G116/><T120/><D120/><U115/><E115/><V17/><F3/><W123/><G114/><T97/><D42/><U121/><E121/><V46/><F125/><W105/><G105/><T10/><D50/><U66/><E71/><V58/><F34/><W75/><G75/><T108/><D108/><U36/><E36/><V78/><F78/><W22/><G123/><T124/><D124/><U86/><E94/><V127/><F127/><W106/><G106/><T26/><D26/><U104/><E104/><V70/><F70/><W43/><G22/><T31/><D31/><U102/><E102/><V30/><F30/><W27/><G27/><T54/><D85/><U55/><E69/><V109/><F109/><W101/><G43/><T0/><D0/><U129/><E129/><V93/><F93/><W33/><G33/><T110/><D110/><U81/><E81/><V126/><F126/><W41/><G45/><T67/><D67/><N who="1" m="25611" /><E55/><N who="0" m="21001" /><D80/><U35/><E35/><V19/><F25/><W11/><G11/><AGARI ba="0,0" hai="9,10,11,14,15,76,77,79,97,98,99" m="21001" machi="11" ten="40,5200,0" yaku="28,2,8,1" doraHai="122" who="0" fromWho="3" sc="332,52,224,0,178,0,266,-52" /><INIT seed="4,0,0,3,0,32" ten="384,224,178,214" oya="0" hai0="6,44,75,86,123,41,80,52,113,91,26,56,88" hai1="14,65,87,43,68,96,13,82,76,114,69,112,58" hai2="45,99,59,0,39,102,117,49,134,21,60,130,98" hai3="103,36,38,20,46,16,28,71,42,115,135,66,116" shuffle="mt19937ar,03B5F084,AAE5D425,A823B793,57E79450,050A1BF5,9D6DD127,9BF82D44,CD9A0855"/><T3/><D75/><U15/><E43/><N who="2" m="22783" /><F98/><W72/><G116/><T67/><D123/><U11/><E96/><V62/><F99/><W5/><G103/><T83/><D113/><N who="1" m="43627" /><E11/><V84/><F102/><W100/><G72/><T105/><D105/><U97/><E97/><V79/><F84/><W33/><G115/><T119/><D119/><U37/><E37/><V34/><F79/><W27/><G100/><T101/><D101/><U47/><E47/><V61/><F21/><W22/><G33/><T121/><D121/><U1/><E1/><V126/><F34/><W129/><G5/><T57/><D67/><U106/><E106/><V2/><F0/><W93/><G93/><T64/><D26/><U118/><E118/><V120/><F2/><W7/><G7/><T125/><D125/><U81/><E82/><V70/><F120/><W104/><G104/><T12/><D3/><U8/><E8/><V18/><F18/><W111/><G111/><T17/><D6/><U95/><E95/><V19/><F19/><W133/><G129/><T107/><D107/><U4/><E4/><V92/><F92/><W55/><G55/><T73/><D73/><U122/><E122/><V10/><F10/><W127/><G127/><T31/><D31/><U89/><E76/><V50/><F126/><W63/><REACH who="3" step="1"/><G36/><REACH who="3" step="2"/><T85/><D12/><AGARI ba="0,1" hai="12,16,20,22,27,28,38,42,46,63,66,71,133,135" machi="12" ten="40,8000,1" yaku="1,1,2,1,54,1,53,2" doraHai="32" doraHaiUra="131" who="3" fromWho="0" sc="384,-80,224,0,178,0,204,90" /><INIT seed="5,0,0,3,3,18" ten="304,224,178,294" oya="1" hai0="20,92,63,74,72,57,85,66,38,113,64,3,95" hai1="17,112,94,10,130,99,71,61,0,34,69,25,60" hai2="70,12,49,123,7,1,80,28,93,30,129,108,27" hai3="124,24,9,135,33,90,59,39,56,81,50,100,79" shuffle="mt19937ar,E8BF42A3,9C04CABA,7609C319,9E3D95FB,65F07983,FBF8485F,CBF5EC53,4E04DF9C"/><U132/><E112/><V86/><F70/><W53/><G39/><T83/><D38/><U89/><E130/><V36/><F36/><W26/><G135/><T98/><D3/><U101/><E132/><V78/><F129/><W102/><G124/><T88/><D113/><U15/><E71/><V43/><F108/><W14/><G33/><T128/><D128/><U114/><E114/><V51/><F1/><W109/><G90/><T107/><D107/><U65/><E61/><V4/><F123/><W73/><G59/><T68/><D92/><U44/><E44/><V5/><F30/><W87/><G73/><T103/><D68/><U76/><E0/><V105/><F105/><W22/><G26/><T32/><D32/><U55/><E76/><V42/><F93/><W6/><REACH who="3" step="1"/><G109/><REACH who="3" step="2"/><T75/><D75/><U31/><REACH who="1" step="1"/><E55/><REACH who="1" step="2"/><V122/><F122/><W117/><G117/><T110/><D110/><U45/><E45/><V84/><F43/><W134/><G134/><T116/><D116/><U104/><E104/><V97/><F42/><W29/><AGARI ba="0,2" hai="6,9,14,22,24,29,50,53,56,79,81,87,100,102" machi="29" ten="20,8000,1" yaku="1,1,0,1,7,1,8,1,52,1,53,0" doraHai="18" doraHaiUra="115" who="3" fromWho="3" sc="304,-20,214,-40,178,-20,284,100" /><INIT seed="6,0,0,4,2,112" ten="284,174,158,384" oya="2" hai0="85,82,34,30,4,127,56,15,14,11,35,124,37" hai1="45,109,36,111,87,105,7,55,119,42,120,50,100" hai2="121,65,84,49,63,79,27,61,21,129,90,31,108" hai3="122,8,114,83,66,92,9,64,72,39,102,51,106" shuffle="mt19937ar,06784D06,96E6D515,50925738,7CA5929D,DD642836,E5108F06,2B74D783,D67F1060"/><V16/><F121/><W131/><G122/><T116/><D37/><U126/><E120/><V3/><F3/><W110/><G39/><T71/><D71/><U78/><E126/><N who="0" m="48169" /><D56/><U130/><E130/><V76/><F108/><W133/><G131/><T99/><D99/><U96/><E109/><V17/><F129/><W44/><G110/><T57/><D57/><U20/><E111/><V41/><F79/><W135/><G106/><T97/><D97/><U58/><E7/><V115/><F76/><W70/><G70/><T128/><D82/><U118/><REACH who="1" step="1"/><E20/><REACH who="1" step="2"/><V125/><F125/><W107/><G114/><T12/><D128/><U93/><E93/><V52/><F115/><W117/><G107/><T80/><D80/><AGARI ba="0,1" hai="36,42,45,50,55,58,78,80,87,96,100,105,118,119" machi="80" ten="40,5200,0" yaku="1,1,52,2,53,0" doraHai="112" doraHaiUra="1" who="1" fromWho="0" sc="284,-52,164,62,158,0,384,0" /><INIT seed="7,0,0,2,2,28" ten="232,226,158,384" oya="3" hai0="102,72,59,14,74,50,19,81,121,6,25,76,73" hai1="29,10,97,86,106,84,16,80,38,108,116,52,57" hai2="55,31,24,66,133,30,91,89,48,8,65,18,115" hai3="37,85,17,61,34,69,88,131,9,32,99,114,20" shuffle="mt19937ar,2C84ECF6,BC213F27,156F56DC,F5B48907,E596561D,C4374FFE,0A154AD5,7895AEA4"/><W125/><G37/><T60/><D121/><U62/><E108/><V33/><F115/><W122/><G114/><T109/><D109/><U93/><E116/><V13/><F133/><W90/><G122/><T118/><D118/><U15/><E38/><V128/><F128/><W132/><G132/><T105/><D105/><U113/><E113/><V127/><F127/><W124/><G131/><T75/><D102/><U40/><E40/><V27/><F91/><W83/><G9/><T45/><D6/><U56/><E106/><V92/><F89/><W35/><G69/><T3/><D3/><U112/><E112/><V58/><REACH who="2" step="1"/><F92/><REACH who="2" step="2"/><W96/><G90/><T123/><D123/><U67/><E29/><V79/><F79/><W36/><G36/><T100/><D100/><N who="1" m="60463" /><E80/><V63/><F63/><AGARI ba="0,1" hai="10,15,16,52,56,57,62,63,67,84,86" m="60463" machi="63" ten="30,3900,0" yaku="8,1,54,2" doraHai="28" who="1" fromWho="2" sc="232,0,226,49,148,-39,384,0" owari="232,-17,275,8,109,-39,384,48" /></mjloggm>