<mjloggm ver="2.3"><GO type="97"/><UN n0="%E3%82%A6%E3%83%AB%E3%83%88%E3%83%A9%E7%AB%8B%E7%9B%B4" n1="%70%6F%6E%63%68%69%32%31" n2="%E3%82%B7%E3%82%AF%E3%83%AB%76%65%72" n3="%E3%81%BF%E3%82%84%E3%81%93%E3%82%93%EF%BC%99%E6%AD%B3" dan="13,14,13,14" rate="1830,1827,1822,1939" sx="M,F,M,F"/><TAIKYOKU oya="0"/><INIT seed="0,0,0,4,4,56" ten="250,250,250,250" oya="0" hai0="34,68,101,103,86,62,29,31,84,65,90,47,11" hai1="24,125,88,89,97,52,100,122,131,126,110,1,109" hai2="0,55,118,116,15,133,14,72,26,85,12,21,67" hai3="108,20,41,5,16,129,117,50,105,58,87,80,69"/><T111/><D111/><N who="1" m="42507" /><E1/><V2/><F72/><W98/><G69/><T75/><D75/><U95/><E122/><V73/><F73/><W121/><G117/><N who="2" m="45161" /><F85/><W135/><G108/><T44/><D86/><U81/><E131/><V127/><F55/><W53/><G129/><T83/><D29/><U6/><E6/><V76/><F76/><W128/><G128/><T54/><D31/><U123/><E123/><V77/><F77/><W93/><G105/><T132/><D34/><U107/><E81/><V114/><F67/><W51/><G121/><T63/><D132/><U32/><E52/><V18/><F133/><W33/><G135/><T113/><D113/><U27/><E32/><V71/><F71/><W46/><G33/><T79/><D79/><U78/><E78/><V130/><F130/><W104/><G5/><T37/><D11/><U94/><E107/><V74/><F74/><W99/><G104/><T82/><D82/><U134/><E134/><V28/><F127/><N who="1" m="48649" /><E100/><V22/><F114/><W60/><G80/><T25/><D103/><U7/><E7/><V40/><F40/><W9/><G9/><T70/><D101/><U13/><E13/><AGARI ba="0,0" hai="0,2,12,13,14,15,18,21,22,26,28" m="45161" machi="13" ten="30,3900,0" yaku="12,1,34,2" doraHai="56" who="2" fromWho="1" sc="250,0,250,-39,250,39,250,0" /><INIT seed="1,0,0,3,4,108" ten="250,211,289,250" oya="1" hai0="26,6,5,58,96,99,110,23,102,82,61,11,49" hai1="69,68,27,100,39,93,79,95,109,17,70,134,127" hai2="77,1,33,37,51,3,87,121,115,44,9,81,66" hai3="125,36,116,90,114,133,84,113,131,71,43,19,80"/><U48/><E39/><V14/><F121/><W8/><G71/><T12/><D110/><U74/><E109/><V107/><F107/><W7/><G36/><T15/><D49/><U91/><E127/><V29/><F37/><W130/><G43/><T46/><D46/><U103/><E134/><V88/><F66/><W73/><G125/><T89/><D82/><U45/><E79/><V2/><F33/><W54/><G116/><T13/><D11/><U56/><E56/><V112/><F29/><W16/><G73/><T111/><D111/><U40/><E74/><V57/><F57/><W38/><G54/><T76/><D76/><U132/><E132/><V86/><F86/><W35/><G35/><T104/><D104/><U83/><E83/><V65/><F65/><W4/><G38/><T47/><D47/><U25/><E17/><N who="3" m="6730" /><G133/><T28/><D99/><U20/><E20/><V101/><F101/><W97/><G97/><T59/><D59/><U52/><E40/><V129/><F129/><N who="3" m="49163" /><G4/><T117/><D117/><U78/><E78/><V123/><F123/><W42/><G42/><T98/><D98/><U126/><E126/><V53/><REACH who="2" step="1"/><F77/><REACH who="2" step="2"/><W32/><G32/><T0/><D102/><U119/><E119/><V67/><F67/><W62/><G62/><T41/><D96/><U128/><E128/><V31/><F31/><W122/><G122/><T18/><D28/><U50/><E103/><V135/><F135/><W63/><G63/><T75/><D61/><U105/><E100/><V92/><F92/><W34/><G34/><T22/><D75/><U21/><E105/><RYUUKYOKU ba="0,1" sc="250,-15,211,-15,279,15,250,15" hai2="1,2,3,9,14,44,51,53,81,87,88,112,115" hai3="7,8,80,84,90,113,114" /><INIT seed="2,1,1,5,0,26" ten="235,196,294,265" oya="2" hai0="15,12,81,113,17,65,99,45,109,38,77,82,10" hai1="78,130,70,122,89,31,123,4,100,98,23,53,116" hai2="39,97,66,96,33,111,72,63,106,5,1,54,131" hai3="19,101,94,21,40,80,7,35,105,50,0,71,121"/><V91/><F72/><W107/><G121/><N who="1" m="46090" /><E116/><V42/><F33/><W52/><G71/><T64/><D113/><U8/><E130/><V108/><F131/><W86/><G40/><T93/><D109/><N who="2" m="42058" /><F54/><W46/><G35/><T14/><D38/><U59/><E70/><N who="2" m="42335" /><F91/><W43/><G43/><T132/><D45/><U112/><E112/><V69/><F69/><W16/><G0/><T2/><D132/><U85/><E78/><V133/><F133/><W60/><G7/><T129/><D129/><U61/><E4/><V110/><N who="2" m="42066" /><V25/><DORA hai="47" /><F25/><W18/><G60/><T30/><D2/><U51/><E8/><N who="2" m="2095" /><F106/><W41/><G41/><T88/><D65/><U76/><E76/><V75/><F75/><W58/><G107/><T120/><D64/><U119/><E61/><V104/><F104/><W126/><G105/><T13/><D120/><U114/><E114/><V6/><F6/><W102/><G126/><T55/><D55/><U125/><E125/><V68/><F68/><W135/><G135/><T3/><D3/><U32/><E32/><V84/><F84/><W128/><G128/><T48/><D48/><U20/><E119/><V44/><AGARI ba="1,1" hai="39,42,44,96,97" m="2095,42335,42066" machi="44" ten="40,3900,0" yaku="14,1,10,1" doraHai="26,47" who="2" fromWho="2" sc="235,-14,196,-14,294,52,265,-14" /><INIT seed="2,2,0,3,3,121" ten="221,182,346,251" oya="2" hai0="114,87,1,62,25,126,13,102,48,38,45,36,35" hai1="23,101,129,89,85,14,74,11,21,110,3,66,107" hai2="115,26,20,15,51,22,58,97,131,71,65,30,122" hai3="59,119,64,125,42,37,43,39,84,103,32,27,9"/><V67/><F122/><W12/><G119/><T76/><D1/><U130/><E3/><V34/><F115/><W83/><G125/><T133/><D114/><U55/><E74/><V4/><F131/><W124/><G124/><T132/><D126/><U6/><E66/><V70/><F97/><W50/><G103/><T73/><D73/><U105/><E55/><V123/><F123/><W95/><G95/><T69/><D102/><U91/><E101/><V18/><F4/><W41/><G32/><T104/><D104/><U112/><E112/><V90/><F90/><W127/><G27/><T120/><D13/><U80/><E91/><V10/><F71/><W111/><G111/><T82/><D25/><U92/><E92/><V57/><F70/><W16/><G127/><T99/><D35/><U77/><E77/><V47/><F34/><W72/><G72/><T93/><D93/><U135/><E135/><N who="0" m="51785" /><D99/><U54/><E54/><V49/><F49/><W116/><G116/><T8/><D8/><U94/><E94/><V108/><F108/><W0/><G0/><T60/><D120/><U31/><E110/><V106/><F106/><W53/><REACH who="3" step="1"/><G64/><REACH who="3" step="2"/><N who="2" m="24649" /><F10/><W19/><G19/><T40/><D69/><U78/><E107/><V98/><F98/><W52/><G52/><AGARI ba="2,1" hai="15,18,20,22,26,30,47,51,52,57,58" m="24649" machi="52" ten="30,2900,0" yaku="8,1,54,1" doraHai="121" who="2" fromWho="3" sc="221,0,182,0,346,45,241,-35" /><INIT seed="2,3,0,1,4,106" ten="221,182,391,206" oya="2" hai0="39,115,13,114,62,16,30,72,132,57,109,29,0" hai1="90,129,20,85,107,24,49,26,63,116,52,120,126" hai2="100,69,95,44,35,71,58,78,87,60,68,64,18" hai3="117,10,67,124,133,9,102,91,31,97,59,112,66"/><V2/><F2/><W28/><G117/><T1/><D39/><U84/><E116/><V92/><F35/><W15/><G112/><T17/><D62/><U36/><E36/><V7/><F7/><W56/><G124/><T110/><D57/><N who="3" m="22089" /><G133/><T77/><D77/><U111/><E126/><V19/><F44/><W113/><G102/><T37/><D37/><U21/><E129/><V40/><F40/><W4/><G10/><T34/><D72/><U22/><E120/><V33/><F33/><W5/><G5/><T23/><D23/><BYE who="0" /><U93/><E107/><V128/><F128/><W101/><G101/><T99/><D99/><N who="1" m="57783" /><E111/><V25/><F25/><N who="1" m="9833" /><E63/><V108/><F108/><W130/><G130/><T104/><D104/><U118/><E118/><V42/><F42/><W75/><G75/><T47/><D47/><AGARI ba="3,0" hai="20,21,22,47,49,52,84,85" m="9833,57783" machi="47" ten="30,2000,0" yaku="8,1,54,1" doraHai="106" who="1" fromWho="0" sc="221,-29,182,29,391,0,206,0" /><INIT seed="3,0,0,1,2,23" ten="192,211,391,206" oya="3" hai0="31,10,102,132,40,58,57,29,76,17,55,99,46" hai1="9,73,84,87,28,59,41,83,92,22,95,82,90" hai2="20,32,8,67,54,112,106,7,115,88,56,19,75" hai3="0,74,108,113,14,70,109,107,71,51,35,34,1"/><W101/><G113/><T122/><D122/><U81/><E73/><V3/><F32/><N who="3" m="12331" /><G74/><T18/><D18/><U61/><E41/><V78/><F106/><W66/><G51/><T119/><D119/><U133/><E133/><V21/><F67/><W127/><G14/><T47/><D47/><U77/><E9/><UN n0="%E3%82%A6%E3%83%AB%E3%83%88%E3%83%A9%E7%AB%8B%E7%9B%B4" /><V131/><F131/><W12/><G12/><N who="0" m="7319" /><D132/><U118/><E118/><V100/><F100/><W103/><G127/><T110/><D110/><N who="3" m="42601" /><G66/><T121/><D121/><U80/><E28/><N who="0" m="10825" /><D40/><U64/><E22/><V116/><F21/><W111/><N who="3" m="42609" /><W130/><DORA hai="114" /><G130/><T104/><D76/><U16/><E16/><V2/><F78/><W93/><G93/><AGARI ba="0,0" hai="59,61,64,77,80,81,82,83,84,87,90,92,93,95" machi="93" ten="40,1300,0" yaku="8,1" doraHai="23,114" who="1" fromWho="3" sc="192,0,211,13,391,0,206,-13" owari="192,-21,224,-3,391,40,193,-16" /></mjloggm>