<mjloggm ver="2.3"><GO type="97"/><UN n0="%70%61%72%6D%65%73%61%6E" n1="%E3%83%97%E3%83%AD%E8%A6%B3%E6%88%A6%E5%A3%AB" n2="%E3%82%A6%E3%83%AB%E3%83%88%E3%83%A9%E7%AB%8B%E7%9B%B4" n3="%63%72%69%6D%73%6F%6E" dan="15,15,13,13" rate="1964,1999,1856,1822" sx="M,M,M,M"/><TAIKYOKU oya="0"/><INIT seed="0,0,0,4,4,20" ten="250,250,250,250" oya="0" hai0="110,16,80,46,121,7,112,79,34,64,113,41,51" hai1="81,120,33,59,1,91,111,129,53,32,0,104,118" hai2="27,39,36,22,78,17,99,49,6,105,130,124,5" hai3="56,93,42,26,126,128,19,9,60,109,77,37,47" shuffle="mt19937ar,1D6CFF46,6C07B060,BFAD67FF,3A3ECEC3,A30BE644,2191180C,C545ACC6,72C66A49"/><T18/><D121/><U23/><E120/><V58/><F124/><W70/><G126/><T40/><D110/><U122/><E122/><V100/><F130/><W74/><G128/><T3/><D64/><U133/><E104/><V131/><F131/><W48/><G109/><T71/><D71/><U66/><E129/><V50/><F78/><W97/><G77/><T106/><D106/><U134/><E66/><V76/><F76/><W119/><G74/><T54/><D34/><N who="1" m="13419" /><E118/><V90/><F5/><W2/><G2/><T84/><D40/><U61/><E111/><V52/><F6/><W12/><G119/><T44/><D3/><U62/><E62/><V115/><F115/><W86/><G86/><T132/><D7/><U72/><E23/><V43/><F90/><W55/><G26/><T25/><D132/><N who="1" m="50795" /><E72/><V15/><F15/><W14/><G14/><T31/><D31/><U123/><E123/><V108/><F108/><W38/><G70/><T28/><D28/><U73/><E73/><V82/><F82/><W92/><G93/><T67/><D67/><U88/><E91/><AGARI ba="0,0" hai="9,12,19,37,38,42,47,48,55,56,60,91,92,97" machi="91" ten="30,1000,0" yaku="7,1" doraHai="20" who="3" fromWho="1" sc="250,0,250,-10,250,0,250,10" /><INIT seed="1,0,0,5,2,110" ten="250,240,250,260" oya="1" hai0="96,100,31,38,91,80,133,79,13,88,34,68,19" hai1="25,46,70,86,115,55,16,116,54,21,37,78,94" hai2="29,120,17,3,66,42,45,39,57,97,52,20,128" hai3="93,15,125,111,90,84,102,75,129,95,27,121,60" shuffle="mt19937ar,C267EC39,A0BCCCCA,5419B3FD,1A7731E1,ABC29046,1C3EAF62,26389567,62314492"/><U77/><E116/><V114/><F3/><W85/><G121/><T118/><D118/><U67/><E115/><V113/><F29/><W28/><G75/><T87/><D133/><U82/><E78/><V122/><F97/><W98/><G111/><T109/><D109/><U14/><E67/><V11/><F11/><W134/><G134/><T59/><D68/><U51/><E70/><V8/><F8/><W40/><G129/><T89/><D38/><U63/><E37/><V30/><F30/><W22/><G125/><T99/><D59/><N who="1" m="35319" /><E94/><V61/><F128/><W106/><G40/><T123/><D123/><N who="2" m="47146" /><F17/><W48/><G48/><T4/><D4/><U65/><E65/><V10/><F20/><W101/><G60/><T74/><D74/><U32/><E32/><V81/><F10/><W83/><G15/><AGARI ba="0,0" hai="14,15,16,21,25,46,51,55,77,82,86" m="35319" machi="15" ten="30,2900,0" yaku="8,1,54,1" doraHai="110" who="1" fromWho="3" sc="250,0,240,29,250,0,260,-29" /><INIT seed="1,1,0,0,4,50" ten="250,269,250,231" oya="1" hai0="2,51,32,14,70,42,57,16,121,29,98,17,59" hai1="27,11,7,116,54,111,71,60,22,105,133,112,52" hai2="20,87,39,90,33,44,94,124,48,49,5,128,104" hai3="83,36,127,85,43,56,12,119,99,76,102,75,131" shuffle="mt19937ar,615637B6,5EE0C8FC,649EA3A6,4131A0BE,535C2B96,B53FAE6F,C1A0F41A,A7A0AC28"/><U35/><E116/><V66/><F33/><W61/><G119/><T78/><D2/><U100/><E112/><V135/><F104/><W125/><G131/><T69/><D78/><U81/><E133/><V21/><F39/><W31/><G31/><T134/><D134/><U65/><E81/><V18/><F135/><W34/><G34/><T6/><D6/><U77/><E77/><V37/><F37/><W129/><G129/><T58/><D121/><U55/><E111/><V132/><F132/><W72/><G12/><T4/><D4/><U24/><E35/><V15/><F5/><W96/><G43/><T1/><D1/><U67/><E67/><V63/><F128/><W130/><G36/><T110/><D110/><U109/><E109/><V115/><F115/><W10/><G10/><T47/><D17/><U93/><E105/><V19/><F124/><N who="3" m="47691" /><G130/><T123/><D123/><U82/><E82/><V106/><F106/><N who="3" m="63815" /><G99/><T74/><D74/><U114/><E114/><V8/><F19/><W53/><AGARI ba="1,0" hai="53,56,61,72,75,76,83,85" m="63815,47691" machi="53" ten="30,2000,0" yaku="18,1,52,1" doraHai="50" who="3" fromWho="3" sc="250,-6,269,-11,250,-6,231,23" /><INIT seed="2,0,0,4,5,23" ten="244,258,244,254" oya="2" hai0="108,20,87,0,26,119,111,34,127,113,78,109,90" hai1="16,17,5,82,25,41,54,50,7,24,123,58,96" hai2="22,30,94,114,37,92,1,19,105,97,13,10,91" hai3="83,110,68,28,43,49,60,39,21,45,12,65,57" shuffle="mt19937ar,57AC2B83,9B8A54A0,F363764F,E6E754EB,557C547A,1B16D0B2,A75D8043,09770C38"/><V6/><F37/><W122/><G122/><T129/><D113/><U81/><E96/><V63/><F114/><W47/><G110/><T100/><D0/><U8/><E41/><V101/><F63/><W32/><G32/><T48/><D119/><U76/><E123/><V15/><F30/><W46/><G83/><N who="1" m="31754" /><E76/><V107/><REACH who="2" step="1"/><F1/><REACH who="2" step="2"/><W99/><G99/><AGARI ba="0,1" hai="6,10,13,15,19,22,91,92,94,97,99,101,105,107" machi="99" ten="30,12000,1" yaku="1,1,2,1,7,1,53,2" doraHai="23" doraHaiUra="93" who="2" fromWho="3" sc="244,0,258,0,234,130,254,-120" /><INIT seed="2,1,0,0,2,64" ten="244,258,364,134" oya="2" hai0="127,90,74,68,104,32,2,101,131,100,123,50,17" hai1="47,118,111,36,35,91,84,129,20,30,14,3,51" hai2="97,110,130,33,18,31,92,29,67,76,70,112,89" hai3="77,117,113,62,93,82,37,61,120,121,34,59,45" shuffle="mt19937ar,BC6FE02A,11820B05,1F76FCD3,5B5AAFB6,B72BDC7C,8D75EC65,06E58D0F,78E972A6"/><V125/><F130/><W28/><G117/><T21/><D32/><U95/><E3/><V128/><F112/><W78/><G113/><T122/><D2/><U49/><E118/><V7/><F128/><W4/><G4/><T114/><D131/><U56/><E129/><V5/><F76/><W10/><G10/><T81/><D114/><U58/><E111/><V63/><F110/><W87/><G37/><T25/><D68/><U106/><E106/><V15/><F125/><W6/><G45/><T115/><D115/><U83/><E36/><V44/><F44/><W11/><G78/><T80/><D127/><U119/><E119/><V73/><F73/><W103/><G120/><T126/><D126/><U134/><E134/><V65/><F65/><W13/><G121/><T46/><D74/><U43/><E35/><V54/><F54/><W57/><G28/><T109/><D109/><U60/><E83/><N who="0" m="31817" /><D104/><U1/><E1/><V99/><F31/><W69/><G69/><T108/><D108/><U24/><E51/><V27/><REACH who="2" step="1"/><F99/><REACH who="2" step="2"/><N who="3" m="59887" /><G34/><T66/><D66/><U9/><REACH who="1" step="1"/><E60/><AGARI ba="1,1" hai="6,11,13,57,59,60,61,62,77,82,87" m="59887" machi="60" ten="30,1000,0" yaku="8,1" doraHai="64" who="3" fromWho="1" sc="244,0,258,-13,354,0,134,23" /><INIT seed="3,0,0,0,5,75" ten="244,245,354,157" oya="3" hai0="37,61,130,124,102,12,36,90,120,65,45,31,104" hai1="84,92,9,26,110,105,88,106,67,68,57,100,78" hai2="14,42,20,35,114,62,99,3,76,128,131,59,63" hai3="16,91,129,94,112,28,109,72,118,89,119,93,126" shuffle="mt19937ar,988E1194,1FE43590,D89DF4D8,4EB33542,4B6A883A,5C75814B,4872325D,C577510D"/><W70/><G70/><T7/><D120/><U134/><E110/><V111/><F35/><W30/><G112/><T121/><D121/><U125/><E68/><V43/><F3/><W108/><G72/><T10/><D31/><N who="3" m="11817" /><G126/><T103/><D124/><U6/><E125/><V4/><F114/><W127/><G127/><T85/><D130/><U122/><E122/><V17/><F111/><N who="3" m="42571" /><G16/><T135/><D135/><U52/><E67/><V113/><F113/><W25/><G25/><T115/><D115/><U27/><E26/><V55/><F4/><W40/><G40/><T64/><D64/><U11/><E27/><V82/><F43/><W73/><G73/><T33/><D33/><U23/><E6/><V97/><F42/><W34/><G34/><T80/><D45/><U81/><E134/><V1/><F1/><W46/><G46/><T95/><D104/><U123/><E106/><V71/><F71/><W98/><G129/><N who="2" m="49737" /><F63/><W74/><G74/><AGARI ba="0,0" hai="14,17,20,55,59,62,74,76,82,97,99" m="49737" machi="74" ten="30,2000,0" yaku="19,1,52,1" doraHai="75" who="2" fromWho="3" sc="244,0,245,0,354,20,157,-20" owari="244,-11,245,0,374,37,137,-26" /></mjloggm>