<mjloggm ver="2.3"><GO type="41"/><UN n0="%E3%81%B4%E3%81%AE%E3%81%97" n1="%E4%BC%BC%E9%9D%9E%E9%81%93%E5%8C%96" n2="%E3%82%A6%E3%83%AB%E3%83%88%E3%83%A9%E7%AB%8B%E7%9B%B4" n3="%E3%81%AC%E3%82%8C%E7%85%8E%E9%A4%85" dan="13,15,14,15" rate="1822,1995,1981,1939" sx="M,M,M,F"/><TAIKYOKU oya="0"/><INIT seed="0,0,0,3,5,35" ten="250,250,250,250" oya="0" hai0="12,133,50,52,97,60,18,30,96,64,95,125,88" hai1="90,51,112,10,48,9,54,31,92,33,82,0,63" hai2="121,75,59,98,28,19,135,70,94,27,65,29,104" hai3="100,38,93,126,20,69,66,40,107,26,114,83,45"/><T24/><D125/><U105/><E105/><V76/><F121/><W111/><G114/><T5/><D5/><U130/><E33/><V124/><F135/><W37/><G126/><T49/><D133/><U68/><E31/><V85/><F75/><W42/><G111/><T108/><D108/><U78/><E51/><V122/><F122/><W87/><G107/><T17/><D97/><U103/><E103/><V99/><F70/><W53/><G53/><T43/><D43/><U62/><E68/><V21/><F104/><W61/><G100/><T109/><D109/><U110/><E10/><V128/><F128/><W102/><G102/><T46/><D50/><U119/><E119/><V55/><F65/><W4/><G93/><T115/><D12/><U23/><E23/><V118/><F118/><W11/><G42/><T81/><D81/><U72/><E130/><V113/><F113/><W73/><G73/><T41/><D41/><U36/><E36/><V123/><F123/><W131/><G131/><T132/><D132/><U89/><E89/><V74/><F74/><W8/><G37/><T127/><D127/><U16/><E112/><V3/><F3/><W91/><REACH who="3" step="1"/><G4/><REACH who="3" step="2"/><T101/><D101/><U6/><E110/><V2/><F124/><W134/><G134/><T7/><D7/><U84/><REACH who="1" step="1"/><E16/><AGARI ba="0,1" hai="8,11,16,20,26,38,40,45,61,66,69,83,87,91" machi="16" ten="30,7700,0" yaku="1,1,7,1,54,1,53,1" doraHai="35" doraHaiUra="71" who="3" fromWho="1" sc="250,0,250,-77,250,0,240,87" /><INIT seed="1,0,0,3,2,55" ten="250,173,250,327" oya="1" hai0="13,52,35,112,26,110,74,17,87,100,1,51,106" hai1="125,60,111,9,32,53,14,4,21,72,57,31,78" hai2="3,59,23,48,95,50,45,61,108,62,92,124,132" hai3="28,114,37,40,115,38,56,133,104,15,71,97,128"/><U90/><E72/><V63/><F3/><W84/><G71/><T131/><D74/><U96/><E78/><V83/><F124/><W73/><G73/><T93/><D112/><U65/><E125/><V29/><F132/><W0/><G0/><T66/><D1/><U6/><E32/><V25/><F83/><W58/><G28/><T135/><D135/><U130/><E130/><V126/><F126/><W36/><G40/><T27/><D66/><U67/><E4/><V64/><F108/><W11/><G133/><T122/><D122/><U41/><E41/><V79/><F79/><W75/><G75/><T43/><D43/><U16/><E31/><V46/><F95/><W19/><G128/><T99/><D35/><U85/><E111/><V18/><F18/><W8/><G114/><T39/><D39/><U54/><E54/><N who="2" m="29967" /><F92/><W34/><G34/><T94/><D106/><U91/><E91/><V101/><F101/><W49/><G8/><T127/><D127/><U119/><E119/><V118/><F118/><W2/><G2/><T86/><D131/><U102/><E102/><V77/><F77/><W134/><G104/><T123/><D123/><U44/><E44/><V24/><F24/><N who="0" m="9258" /><D93/><N who="1" m="56375" /><E85/><V76/><F76/><W68/><G84/><T69/><D69/><U89/><E89/><V10/><F46/><W129/><G68/><T80/><D80/><U30/><E30/><V103/><F103/><W42/><G129/><T109/><D109/><U12/><AGARI ba="0,0" hai="6,9,12,14,16,21,53,57,60,65,67" m="56375" machi="12" ten="30,6000,0" yaku="8,1,52,1,54,1" doraHai="55" who="1" fromWho="1" sc="250,-20,173,60,250,-20,327,-20" /><INIT seed="1,1,0,5,1,95" ten="230,233,230,307" oya="1" hai0="83,27,125,37,33,20,81,34,115,52,132,11,80" hai1="64,51,82,16,61,12,119,43,79,118,8,100,65" hai2="91,71,72,38,111,102,104,73,109,4,50,25,35" hai3="41,122,76,84,96,23,126,117,40,98,21,67,108"/><U114/><E114/><V57/><F38/><W86/><G122/><T10/><D115/><U44/><E64/><V75/><F71/><W70/><G70/><T22/><D37/><U77/><E77/><V121/><F4/><W134/><G67/><T45/><D125/><U97/><E61/><V39/><F39/><W18/><G126/><T63/><D132/><U92/><REACH who="1" step="1"/><E65/><REACH who="1" step="2"/><V19/><F121/><W0/><G76/><T49/><D63/><U17/><E17/><V113/><F113/><W112/><G18/><T107/><D107/><U89/><E89/><V135/><F135/><W2/><G112/><T6/><D6/><U133/><E133/><V15/><F91/><W127/><G127/><T103/><D103/><U62/><E62/><V59/><F102/><W87/><G134/><T54/><D27/><U24/><E24/><V69/><F104/><W101/><G101/><T56/><D34/><U5/><E5/><V60/><F25/><W46/><G117/><T123/><D33/><U105/><E105/><V106/><F35/><W53/><G2/><T29/><D123/><U28/><E28/><V30/><F30/><W14/><G0/><T42/><D29/><U94/><E94/><V99/><F106/><W3/><G3/><T85/><D85/><AGARI ba="1,1" hai="8,12,16,43,44,51,79,82,85,92,97,100,118,119" machi="85" ten="30,12000,1" yaku="1,1,7,1,52,1,54,1,53,1" doraHai="95" doraHaiUra="93" who="1" fromWho="0" sc="230,-123,223,133,230,0,307,0" /><INIT seed="1,2,0,3,4,5" ten="107,356,230,307" oya="1" hai0="36,24,104,119,97,17,95,82,96,134,6,52,94" hai1="29,26,73,109,20,131,59,91,81,135,43,18,71" hai2="19,37,7,114,32,31,64,15,83,61,9,78,11" hai3="68,133,23,13,125,40,70,51,79,46,49,110,25"/><U16/><E71/><V129/><F37/><W116/><G110/><T111/><D36/><U28/><E109/><V100/><F100/><W53/><G79/><T127/><D119/><U67/><E43/><V108/><F108/><W60/><G116/><T103/><D111/><U85/><E131/><V93/><F93/><W102/><G102/><T84/><D134/><U130/><E73/><V45/><F45/><W77/><G77/><T34/><D127/><U118/><E135/><V65/><F129/><W101/><G101/><T35/><D104/><U66/><E130/><V120/><F120/><W98/><G98/><T4/><D35/><U126/><E126/><V27/><F114/><W22/><G125/><T122/><D122/><U44/><E44/><V55/><F55/><W47/><G133/><T63/><D34/><U56/><E29/><V2/><REACH who="2" step="1"/><F61/><REACH who="2" step="2"/><W115/><G115/><T89/><D52/><U124/><E118/><V107/><F107/><W69/><G60/><T42/><D63/><N who="1" m="38247" /><E124/><V86/><AGARI ba="2,1" hai="2,7,9,11,15,19,27,31,32,64,65,78,83,86" machi="86" ten="20,12000,2" yaku="1,1,0,1,7,1,52,2,53,1" doraHai="5" doraHaiUra="1" who="2" fromWho="2" sc="107,-32,356,-62,220,136,307,-32" /><INIT seed="2,0,0,5,2,11" ten="75,294,356,275" oya="2" hai0="97,49,55,18,50,0,112,40,2,85,120,132,48" hai1="67,1,134,73,63,9,79,22,60,125,115,26,101" hai2="23,66,47,52,6,78,14,99,72,19,7,43,110" hai3="32,100,124,83,10,45,53,86,27,82,106,111,75"/><V114/><F114/><W129/><G111/><T8/><D112/><U69/><E101/><V56/><F66/><W65/><G65/><T87/><D120/><U94/><E115/><V98/><F78/><W25/><G124/><T104/><D132/><U88/><E125/><V21/><F72/><W51/><G129/><T118/><D118/><U90/><E63/><V130/><F130/><W24/><G32/><T127/><D127/><U62/><E62/><V30/><F110/><W135/><G135/><T128/><D128/><U84/><E134/><V117/><F117/><W68/><G68/><T20/><D40/><U13/><E1/><V59/><F59/><W70/><G70/><T119/><D119/><U102/><E102/><V109/><F109/><W33/><G75/><T29/><D104/><U126/><E90/><V28/><F47/><W64/><G33/><T61/><D97/><N who="2" m="36874" /><F43/><W12/><G64/><T93/><D61/><U80/><E126/><V116/><F116/><W42/><G106/><T74/><D74/><U44/><E44/><V54/><F23/><W103/><G42/><T92/><D55/><N who="2" m="21034" /><F56/><W96/><G96/><T133/><D133/><U107/><E107/><V95/><F95/><W123/><G123/><T35/><D35/><U4/><E22/><V89/><F89/><N who="3" m="51415" /><G83/><T58/><D58/><U39/><REACH who="1" step="1"/><E26/><REACH who="1" step="2"/><V76/><F76/><W77/><G77/><T122/><D122/><U81/><E81/><V38/><F38/><AGARI ba="0,1" hai="4,9,13,38,39,60,67,69,73,79,80,84,88,94" machi="38" ten="40,8000,1" yaku="1,1,52,1,54,1,53,1" doraHai="11" doraHaiUra="57" who="1" fromWho="2" sc="75,0,284,90,356,-80,275,0" /><INIT seed="3,0,0,2,1,10" ten="75,374,276,275" oya="3" hai0="101,131,67,59,79,50,116,78,132,71,121,105,20" hai1="60,51,35,109,49,133,66,88,5,12,74,3,37" hai2="72,2,134,14,7,19,57,64,63,42,102,112,65" hai3="81,128,9,16,58,69,98,70,32,8,13,75,30"/><W4/><G128/><T45/><D131/><U52/><E35/><V61/><F72/><W117/><G117/><T115/><D116/><U34/><E34/><V41/><F112/><W108/><G108/><T38/><D121/><U15/><E37/><V103/><F134/><W11/><G98/><T95/><D132/><U92/><E74/><V43/><F7/><W94/><G94/><T54/><D115/><U86/><E133/><V99/><F2/><W119/><G119/><T62/><D105/><U120/><E120/><V124/><F124/><W80/><G58/><T97/><D20/><U31/><E31/><V83/><F83/><W110/><G110/><T6/><D6/><U130/><E130/><V23/><REACH who="2" step="1"/><F99/><REACH who="2" step="2"/><W84/><G75/><T47/><REACH who="0" step="1"/><D47/><REACH who="0" step="2"/><U125/><E109/><V87/><F87/><W1/><G4/><T107/><D107/><U29/><E5/><V106/><F106/><W22/><G1/><T28/><D28/><U91/><E3/><V90/><F90/><W129/><G30/><T118/><D118/><U40/><E29/><V135/><F135/><W122/><G129/><T24/><D24/><U48/><E91/><V44/><F44/><W21/><G122/><T111/><D111/><U39/><E125/><V126/><F126/><W123/><G123/><T18/><D18/><U27/><E27/><V85/><F85/><W114/><G84/><T82/><D82/><U96/><E86/><V33/><F33/><W56/><G32/><T77/><D77/><U73/><E73/><V68/><AGARI ba="0,2" hai="14,19,23,41,42,43,57,61,63,64,65,68,102,103" machi="68" ten="30,4000,0" yaku="1,1,0,1,52,1,53,0" doraHai="10" doraHaiUra="46" who="2" fromWho="2" sc="65,-10,374,-10,266,60,275,-20" /><INIT seed="4,0,0,5,2,81" ten="55,364,326,255" oya="0" hai0="68,47,65,56,42,50,14,116,19,122,21,72,15" hai1="106,129,117,31,62,4,61,28,111,103,38,60,89" hai2="135,123,46,134,91,35,75,6,59,30,44,100,114" hai3="29,87,23,92,126,120,51,119,8,53,58,94,2"/><T125/><D122/><U70/><E38/><V98/><F123/><W34/><G119/><T27/><D116/><U90/><E70/><V64/><F6/><W133/><G120/><T24/><D72/><U67/><E67/><V45/><F30/><W71/><G71/><T85/><D125/><U32/><E32/><V33/><F75/><W40/><G34/><T88/><D68/><U110/><E103/><V86/><F59/><W83/><G126/><T0/><D0/><U36/><E36/><V69/><F64/><W55/><G40/><T127/><D127/><U102/><E102/><V107/><F69/><W76/><G133/><N who="2" m="50697" /><F114/><W3/><G8/><T101/><D101/><U41/><E4/><V105/><F105/><W121/><G121/><T7/><D7/><U12/><E106/><V108/><F108/><W104/><G104/><T18/><D56/><U132/><E132/><V112/><F112/><W77/><G77/><T52/><D42/><U17/><E41/><V95/><AGARI ba="0,0" hai="33,35,44,45,46,86,91,95,98,100,107" m="50697" machi="95" ten="30,2000,0" yaku="20,1,52,1" doraHai="81" who="2" fromWho="2" sc="55,-10,364,-5,326,20,255,-5" /><INIT seed="5,0,0,1,0,75" ten="45,359,346,250" oya="1" hai0="9,93,90,129,112,8,134,82,30,103,115,87,40" hai1="108,80,89,71,15,123,26,7,57,70,101,65,74" hai2="135,5,96,64,2,127,31,72,44,69,111,105,131" hai3="83,121,132,51,13,88,102,25,55,3,29,99,6"/><U62/><E101/><V46/><F46/><W14/><G121/><T48/><D30/><U98/><E123/><V4/><F4/><W11/><G132/><T73/><D40/><U85/><E108/><V58/><F58/><W92/><G83/><T67/><D67/><U59/><E71/><V18/><F18/><W133/><G102/><T27/><D48/><U1/><E1/><V41/><F31/><W10/><G11/><T35/><D35/><U100/><E74/><V38/><F131/><W56/><REACH who="3" step="1"/><G133/><REACH who="3" step="2"/><T91/><D134/><U122/><E122/><V22/><F135/><W116/><G116/><T109/><D109/><U124/><E124/><V126/><F111/><W79/><G79/><N who="0" m="44399" /><D27/><U63/><E26/><V104/><F127/><W107/><G107/><T60/><D60/><U81/><E81/><V21/><F104/><W86/><G86/><N who="0" m="52439" /><D8/><U50/><E63/><V110/><F110/><W45/><G45/><T34/><D9/><U106/><E7/><V16/><F126/><W114/><G114/><N who="0" m="43563" /><D34/><AGARI ba="0,1" hai="3,6,10,13,14,25,29,34,51,55,56,88,92,99" machi="34" ten="30,3900,0" yaku="1,1,7,1,54,1,53,0" doraHai="75" doraHaiUra="113" who="3" fromWho="0" sc="45,-39,359,0,346,0,240,49" /><INIT seed="6,0,0,5,1,51" ten="6,359,346,289" oya="2" hai0="38,134,111,10,11,8,102,16,131,27,69,80,47" hai1="61,0,66,14,15,113,133,81,56,122,7,82,13" hai2="97,85,125,86,123,93,72,83,76,63,28,1,53" hai3="89,90,103,35,135,34,124,60,6,36,57,48,22"/><V21/><F1/><W120/><G120/><T40/><D69/><U109/><E0/><V110/><F123/><W88/><G36/><T12/><D102/><U32/><E32/><V4/><F110/><W119/><G119/><T26/><D111/><U44/><E122/><V116/><F116/><W77/><G77/><T127/><D127/><U2/><E2/><V39/><F39/><W23/><G103/><T99/><D131/><U18/><E109/><V84/><F125/><W50/><G124/><T19/><D134/><U68/><E68/><V118/><F4/><W79/><G79/><T121/><D121/><U59/><E44/><V115/><F118/><W3/><G3/><T108/><D108/><U106/><E106/><V107/><F107/><W17/><G6/><T96/><D80/><U112/><E59/><N who="2" m="35311" /><F115/><N who="1" m="44105" /><E7/><V67/><F67/><W49/><G135/><T105/><D105/><U87/><E133/><V20/><F28/><W129/><G129/><T54/><D96/><U42/><E42/><V43/><F43/><W30/><G30/><T75/><D75/><U132/><E132/><V101/><F72/><W55/><REACH who="3" step="1"/><G23/><REACH who="3" step="2"/><T74/><D99/><U5/><E5/><V104/><F104/><W58/><G58/><T64/><D74/><U25/><E87/><N who="2" m="48615" /><F21/><AGARI ba="0,1" hai="13,14,15,18,21,25,56,61,66,81,82" m="44105" machi="21" ten="30,1000,0" yaku="15,1" doraHai="51" who="1" fromWho="2" sc="6,0,359,20,346,-10,279,0" /><INIT seed="7,0,0,3,2,78" ten="6,379,336,279" oya="3" hai0="126,68,86,89,46,77,112,51,36,41,114,80,15" hai1="56,66,6,63,57,58,129,5,101,110,72,37,79" hai2="95,18,115,43,123,81,135,70,0,1,27,104,85" hai3="122,21,59,11,19,76,2,54,94,130,22,84,47"/><W71/><G122/><T67/><D126/><U134/><E37/><V53/><F104/><W120/><G120/><T132/><D132/><U8/><E134/><V87/><F135/><W100/><G71/><T125/><D125/><U45/><E45/><V124/><F124/><W10/><G130/><T38/><D15/><U117/><E110/><V31/><F123/><W116/><G116/><T25/><D25/><U62/><E101/><V75/><F43/><W9/><G47/><T73/><D67/><U52/><E117/><V92/><F75/><W23/><G2/><T93/><D68/><U14/><E129/><V7/><F18/><W13/><G100/><T28/><D28/><U69/><E5/><V17/><F17/><W106/><G106/><T61/><D61/><U103/><E103/><V35/><F70/><W4/><G19/><T119/><D119/><U99/><E99/><V55/><F87/><W30/><G30/><T50/><D51/><U20/><E20/><N who="3" m="5122" /><W29/><DORA hai="88" /><G29/><T107/><D107/><U24/><E24/><V34/><F34/><W48/><G94/><N who="2" m="35881" /><F1/><W83/><G83/><T60/><D60/><U49/><E63/><V133/><F133/><W82/><AGARI ba="0,0" hai="4,9,10,11,13,48,54,59,76,82,84" m="5122" machi="82" ten="40,3900,0" yaku="8,1,52,1" doraHai="78,88" who="3" fromWho="3" sc="6,-13,379,-13,336,-13,279,39" owari="-7,-51,366,47,323,12,318,-8" /></mjloggm>