<mjloggm ver="2.3"><GO type="9"/><UN n0="%4E%6F%4E%61%6D%65" n1="%74%61%6E%73%75" n2="%E3%82%BB%E3%82%A4%E3%83%88%E3%82%B9" n3="%E3%82%A6%E3%83%AB%E3%83%88%E3%83%A9%E7%AB%8B%E7%9B%B4" dan="0,7,10,6" rate="1500,1650,1687,1719" sx="M,M,M,M"/><TAIKYOKU oya="0"/><INIT seed="0,0,0,3,2,79" ten="250,250,250,250" oya="0" hai0="60,135,0,121,54,21,29,37,108,76,49,107,4" hai1="126,99,46,129,12,36,75,3,22,25,39,23,133" hai2="63,68,73,35,115,48,16,45,61,109,104,91,120" hai3="105,62,119,8,1,92,24,106,9,123,10,47,96" shuffle="mt19937ar,B4CB8B44,AD760CF4,103D3880,5F068520,E7922FB9,EB45DC6B,5228DDF5,DF05B2E7"/><T77/><D121/><U42/><E3/><V93/><F120/><W65/><G123/><T122/><D122/><U17/><E133/><V71/><F104/><W88/><G119/><T95/><D107/><U72/><E36/><V98/><F115/><W125/><G125/><T80/><D37/><U113/><E113/><V52/><F35/><W97/><G1/><T6/><D135/><U58/><E126/><V33/><F109/><W101/><G47/><T116/><D116/><U13/><E129/><V131/><F73/><W41/><G41/><T87/><D0/><U100/><E12/><V127/><F33/><W26/><REACH who="3" step="1"/><G106/><REACH who="3" step="2"/><T18/><D108/><U74/><E72/><V53/><F127/><W67/><G67/><T102/><D102/><U57/><E58/><AGARI ba="0,1" hai="8,9,10,24,26,58,62,65,88,92,96,97,101,105" machi="58" ten="40,2600,0" yaku="1,1,54,1,53,0" doraHai="79" doraHaiUra="70" who="3" fromWho="1" sc="250,0,250,-26,250,0,240,36" /><INIT seed="1,0,0,1,5,65" ten="250,224,250,276" oya="1" hai0="113,24,31,121,60,97,46,122,116,86,45,87,108" hai1="32,125,78,90,98,26,3,38,102,5,83,72,33" hai2="131,81,2,84,89,6,100,37,29,128,129,42,130" hai3="10,120,56,124,95,93,0,106,54,17,133,111,7" shuffle="mt19937ar,994C4A60,7D03EA1D,435F392A,C6620964,8F67D2E4,724BB765,4A6E7127,FEB4BDE8"/><U63/><E125/><V62/><N who="2" m="33280" /><DORA hai="71" /><V50/><F100/><W112/><G106/><T30/><D97/><U1/><E38/><V85/><F29/><W28/><G28/><T70/><D113/><U110/><E90/><N who="2" m="51471" /><F62/><W20/><G120/><N who="0" m="46187" /><D116/><U114/><E114/><V76/><F50/><W82/><G112/><T132/><D24/><U109/><E63/><V80/><F42/><W59/><G124/><T134/><D108/><N who="1" m="41579" /><E26/><V64/><F64/><W22/><G111/><T11/><D11/><N who="1" m="2479" /><E3/><V23/><F23/><W69/><G69/><T74/><D74/><U94/><AGARI ba="0,0" hai="32,33,72,78,83,94,98,102" m="2479,41579" machi="94" ten="30,3000,0" yaku="14,1,10,1" doraHai="65,71" who="1" fromWho="1" sc="250,-10,224,30,250,-10,276,-10" /><INIT seed="1,1,0,5,3,70" ten="240,254,240,266" oya="1" hai0="119,6,80,88,53,132,126,121,33,23,36,41,92" hai1="13,22,77,9,43,18,103,110,55,66,31,122,85" hai2="133,93,52,106,114,72,65,112,20,62,27,82,0" hai3="111,128,47,32,96,86,84,124,69,35,89,130,26" shuffle="mt19937ar,268ADE83,B6AFF116,AE42034C,9B30F82B,7C8F035E,424311BB,82D569E9,F2EAE238"/><U134/><E122/><V73/><F0/><W16/><G69/><T102/><D121/><U58/><E134/><V100/><F106/><W12/><G124/><T4/><D119/><U19/><E43/><V21/><F133/><W120/><G120/><T45/><D132/><U60/><E110/><V61/><F82/><W64/><G64/><T135/><D135/><U29/><E103/><V75/><F100/><W87/><G47/><T5/><D126/><U51/><E77/><V98/><F27/><W39/><G39/><T17/><D33/><U11/><E85/><V81/><F81/><W54/><G54/><T3/><D102/><U94/><E94/><V131/><F65/><W74/><G74/><N who="2" m="18945" /><V97/><DORA hai="10" /><F93/><N who="3" m="56367" /><G26/><T108/><D108/><U99/><E99/><N who="2" m="37899" /><F131/><N who="3" m="50219" /><G111/><T2/><D80/><U24/><REACH who="1" step="1"/><E9/><AGARI ba="1,0" hai="9,12,16,32,35,84,86,87" m="50219,56367" machi="9" ten="30,3900,0" yaku="19,1,52,1,54,1" doraHai="70,10" who="3" fromWho="1" sc="240,0,254,-42,240,0,266,42" /><INIT seed="2,0,0,1,5,53" ten="240,212,240,308" oya="2" hai0="78,46,82,124,95,121,77,6,128,8,111,0,88" hai1="86,42,99,37,26,3,134,27,74,56,32,112,38" hai2="47,9,19,12,117,49,107,7,64,83,122,33,54" hai3="129,61,39,89,43,13,81,44,5,25,73,85,119" shuffle="mt19937ar,EE218EA6,FFB18C99,5ECA5D8B,556E264C,F8AEC7D5,401469D9,B13F50FD,31D8F768"/><V132/><F117/><W70/><G129/><T21/><D121/><U98/><E112/><V29/><F107/><W103/><G119/><T135/><D135/><U116/><E116/><V102/><F132/><W40/><G40/><T94/><D111/><U126/><E134/><V16/><F122/><W23/><G73/><T45/><D128/><U79/><E3/><V84/><F64/><W68/><G103/><T106/><D124/><U113/><E113/><V133/><F133/><W36/><G36/><T101/><D21/><U28/><E126/><V14/><F102/><W1/><G1/><T92/><D106/><U109/><E109/><V65/><F65/><W76/><G89/><T24/><D24/><U4/><E4/><V110/><F110/><W108/><G108/><T57/><D101/><U120/><E120/><V55/><F55/><W93/><G93/><T11/><D11/><U15/><E15/><V118/><F118/><W20/><G61/><T30/><D30/><U51/><E86/><V48/><F48/><W105/><G105/><T59/><D78/><U2/><E2/><V100/><F100/><W50/><G39/><T72/><REACH who="0" step="1"/><D88/><REACH who="0" step="2"/><U60/><E26/><V87/><F83/><W34/><G34/><T125/><D125/><U96/><E74/><V18/><F14/><W66/><G23/><T71/><D71/><U104/><E104/><V97/><REACH who="2" step="1"/><F97/><REACH who="2" step="2"/><W67/><G68/><T91/><D91/><U69/><E69/><V58/><F58/><AGARI ba="0,2" hai="0,6,8,45,46,57,58,59,72,77,82,92,94,95" machi="58" ten="40,8000,1" yaku="1,1,52,3,53,1" doraHai="53" doraHaiUra="75" who="0" fromWho="2" sc="230,100,212,0,230,-80,308,0" /><INIT seed="3,0,0,3,1,47" ten="330,212,150,308" oya="3" hai0="120,60,61,82,58,131,135,113,106,19,54,85,93" hai1="132,11,110,76,18,32,72,14,112,67,8,121,96" hai2="70,27,23,28,88,74,5,107,20,40,30,127,119" hai3="104,102,51,26,7,81,62,9,134,42,89,91,43" shuffle="mt19937ar,5789B06F,754E8BB8,B718938B,86013912,8EE4D70D,DDCDC9E4,14C2BCC6,329DA951"/><W115/><G115/><T125/><D120/><U34/><E112/><V133/><F119/><W38/><G38/><T22/><D113/><U117/><E121/><V59/><F74/><W111/><G102/><T95/><D106/><U37/><E37/><V10/><F70/><W123/><G104/><T126/><D131/><U24/><E110/><V56/><F107/><W124/><G123/><T15/><D135/><U55/><E132/><V65/><F133/><W98/><G134/><T6/><D6/><U29/><E117/><V1/><F127/><N who="0" m="48650" /><D60/><U92/><E67/><V36/><F65/><W77/><G124/><T118/><D118/><U122/><E122/><V45/><REACH who="2" step="1"/><F88/><AGARI ba="0,0" hai="15,19,22,54,58,61,82,85,88,93,95" m="48650" machi="88" ten="30,2000,0" yaku="18,1,54,1" doraHai="47" who="0" fromWho="2" sc="330,20,212,0,150,-20,308,0" /><INIT seed="4,0,0,3,2,58" ten="350,212,130,308" oya="0" hai0="24,42,45,7,62,72,9,12,25,55,116,101,131" hai1="19,118,33,60,132,21,2,77,14,1,40,61,113" hai2="121,3,52,4,98,15,27,97,65,96,34,57,8" hai3="88,84,127,117,110,112,44,38,51,66,20,64,125" shuffle="mt19937ar,9172BFC6,AABD3A15,481EFBDD,FD6128D2,20B7E651,D5EEFB62,0B7F7D73,41D0410B"/><T23/><D116/><U93/><E118/><V94/><F94/><W11/><G38/><T85/><D72/><U111/><E111/><V114/><F121/><W124/><G110/><T13/><D131/><U54/><E33/><V6/><F114/><W10/><G112/><T18/><D101/><U129/><E129/><V120/><F65/><W123/><G123/><T31/><D85/><U49/><E113/><V29/><F120/><W70/><G117/><T115/><D115/><U80/><E40/><V82/><F82/><W37/><G37/><T47/><D42/><U102/><E132/><V22/><F6/><W63/><G20/><T108/><D108/><U32/><E32/><V130/><F130/><W46/><G66/><T119/><D119/><U83/><E102/><V87/><F87/><W56/><G70/><T0/><D13/><U50/><E93/><V91/><F91/><W100/><G100/><T43/><D43/><U86/><E1/><V99/><N who="2" m="25088" /><DORA hai="104" /><V41/><F41/><N who="3" m="24975" /><G46/><T36/><D36/><U17/><E2/><V67/><F67/><W103/><G103/><T128/><D128/><U5/><E5/><V68/><F68/><W48/><G48/><N who="1" m="18538" /><E54/><V133/><F133/><W73/><G73/><T59/><REACH who="0" step="1"/><D25/><REACH who="0" step="2"/><N who="1" m="14511" /><E80/><AGARI ba="0,1" hai="10,11,56,63,64,80,84,88,124,125,127" m="24975" machi="80" ten="30,3900,0" yaku="18,1,52,1,54,1" doraHai="58,104" who="3" fromWho="1" sc="340,0,212,-39,130,0,308,49" /><INIT seed="5,0,0,5,4,51" ten="340,173,130,357" oya="1" hai0="33,29,35,104,69,57,8,83,11,92,31,23,15" hai1="77,13,107,96,122,87,90,55,74,66,3,98,12" hai2="62,58,121,108,68,89,65,44,94,80,132,20,85" hai3="40,113,75,45,42,26,43,82,103,91,78,114,2" shuffle="mt19937ar,63624230,FC9E97F4,0E10C468,C96C1E12,BADFCD4A,FBA8C99B,6407472E,A98307D3"/><U67/><E3/><V48/><F121/><W14/><G2/><T102/><D69/><U101/><E122/><V73/><F108/><W50/><G103/><T116/><D116/><U110/><E110/><V133/><F73/><W71/><G71/><T39/><D39/><U126/><E126/><V6/><F68/><W32/><G14/><T22/><D104/><U4/><E4/><V76/><F6/><W54/><G91/><T21/><D83/><N who="1" m="45495" /><E55/><V10/><F10/><N who="0" m="3626" /><D57/><U100/><E100/><V18/><F94/><W112/><G32/><N who="0" m="12363" /><D102/><U117/><E117/><V41/><REACH who="2" step="1"/><F89/><REACH who="2" step="2"/><W19/><G19/><N who="0" m="10495" /><D92/><N who="1" m="54367" /><E96/><V105/><F105/><W130/><G130/><T30/><AGARI ba="0,1" hai="22,23,29,30,31" m="10495,12363,3626" machi="30" ten="40,8000,1" yaku="35,5" doraHai="51" who="0" fromWho="0" sc="340,90,173,-40,120,-20,357,-20" /><INIT seed="6,0,0,2,3,116" ten="430,133,100,337" oya="2" hai0="53,17,79,88,6,11,82,112,16,51,18,113,114" hai1="42,34,90,95,75,91,131,69,4,134,55,84,2" hai2="115,68,30,37,35,39,0,60,71,8,86,72,93" hai3="32,78,25,63,76,129,26,24,111,13,124,87,64" shuffle="mt19937ar,0D861E7A,0564E3C8,023AD003,EF97843A,A9A5984A,4CD2974A,724435DF,E8FA9F21"/><V58/><F72/><W118/><G118/><T80/><D79/><U105/><E105/><V12/><F115/><W128/><G111/><T52/><D51/><U120/><E75/><V61/><F0/><W3/><G3/><T81/><REACH who="0" step="1"/><D88/><REACH who="0" step="2"/><U109/><E109/><V46/><F71/><W89/><G32/><T59/><D59/><U101/><E69/><V67/><F37/><W130/><G124/><T83/><N who="0" m="20992" /><DORA hai="125" /><T10/><D10/><U106/><E134/><V135/><F39/><W15/><G78/><T121/><D121/><U36/><E120/><V9/><F135/><W62/><G76/><T99/><D99/><U96/><E34/><V132/><F132/><W22/><G22/><T33/><D33/><U107/><E131/><V49/><F35/><W133/><G133/><T77/><D77/><U102/><E55/><V57/><F30/><W104/><G104/><T21/><D21/><U126/><E126/><V100/><F8/><W23/><G23/><T103/><D103/><U110/><E110/><V20/><F20/><W98/><G98/><T1/><AGARI ba="0,1" hai="1,6,11,16,17,18,52,53,112,113,114" m="20992" machi="1" ten="50,16000,3" yaku="1,1,0,1,29,2,15,1,54,2,53,3" doraHai="116,125" doraHaiUra="85,14" who="0" fromWho="0" sc="420,170,133,-40,100,-80,337,-40" /><INIT seed="7,0,0,1,4,49" ten="590,93,20,297" oya="3" hai0="77,83,2,61,87,124,42,119,107,123,66,46,22" hai1="132,113,31,50,115,33,38,72,126,111,10,116,122" hai2="43,128,57,4,11,59,80,5,85,39,95,9,18" hai3="98,3,127,41,35,82,130,74,65,105,27,100,26" shuffle="mt19937ar,5D1DF28A,08436AF7,42823E62,37B3ED64,86D8627D,F81E31E8,42E7A74D,29B346C1"/><W1/><G27/><T28/><D123/><U75/><E38/><V92/><F128/><W56/><G56/><T69/><D119/><U48/><E10/><V40/><F39/><W81/><G81/><T103/><D124/><U108/><E33/><V96/><F18/><W16/><G41/><T99/><D2/><U134/><E31/><V84/><REACH who="2" step="1"/><F96/><REACH who="2" step="2"/><W91/><G127/><T37/><REACH who="0" step="1"/><D22/><REACH who="0" step="2"/><U58/><E126/><V73/><F73/><W88/><G130/><T71/><D71/><U94/><E94/><V125/><F125/><W62/><G16/><T133/><D133/><N who="1" m="51307" /><E75/><V25/><F25/><W68/><G91/><T135/><D135/><U76/><E72/><V52/><F52/><W131/><G88/><T93/><D93/><U29/><E29/><AGARI ba="0,2" hai="28,29,37,42,46,61,66,69,77,83,87,99,103,107" machi="29" ten="40,1300,0" yaku="1,1,53,0" doraHai="49" doraHaiUra="13" who="0" fromWho="1" sc="580,33,93,-13,10,0,297,0" owari="613,71,80,-32,10,-49,297,10" /></mjloggm>