<mjloggm ver="2.3"><GO type="41"/><UN n0="%E3%81%B4%E3%83%BC%E3%81%99%E3%81%91%E3%81%95%E3%82%93" n1="%E3%81%82%E3%81%AE%E9%A0%83%E3%81%AE%E3%82%B7%E3%82%A7%E3%83%90" n2="%E3%83%A9%E3%83%B3%E3%83%90%E3%83%BB%E3%83%A9%E3%83%AB" n3="%E3%82%A6%E3%83%AB%E3%83%88%E3%83%A9%E7%AB%8B%E7%9B%B4" dan="15,15,14,14" rate="1979,1971,1880,1966" sx="M,M,M,M"/><TAIKYOKU oya="0"/><INIT seed="0,0,0,1,0,18" ten="250,250,250,250" oya="0" hai0="42,82,70,99,130,97,75,132,57,118,58,98,125" hai1="53,81,44,76,104,61,17,13,88,120,106,0,39" hai2="89,85,9,23,38,67,54,80,131,5,109,114,133" hai3="116,122,71,27,96,4,124,115,83,103,49,94,47"/><T121/><D121/><U19/><E120/><V3/><F114/><W43/><G122/><T127/><D118/><U1/><E19/><V8/><F38/><W105/><G115/><T59/><D70/><U101/><E106/><V31/><F9/><W41/><G116/><T12/><D132/><U66/><E101/><V79/><F67/><W108/><G124/><N who="0" m="47691" /><D130/><U102/><E102/><V28/><F131/><W113/><G113/><T32/><D32/><U65/><E104/><V90/><F133/><W93/><G43/><T95/><D42/><U6/><E39/><V34/><F34/><W84/><G71/><T7/><D82/><U60/><E6/><V123/><F123/><W64/><G64/><T63/><D75/><U35/><E35/><V62/><F5/><W107/><G107/><T73/><D73/><U14/><E76/><V52/><F79/><W91/><G108/><T129/><D129/><U51/><E14/><V112/><F3/><W46/><G4/><T56/><D7/><U92/><E81/><V74/><F80/><W117/><G117/><T48/><D12/><U119/><E119/><V126/><F74/><W30/><REACH who="3" step="1"/><G47/><REACH who="3" step="2"/><T45/><D45/><U25/><E65/><V69/><F126/><W22/><AGARI ba="0,1" hai="22,27,30,41,46,49,83,84,91,93,94,96,103,105" machi="22" ten="20,8000,1" yaku="1,1,2,1,0,1,7,1,52,1,53,0" doraHai="18" doraHaiUra="29" who="3" fromWho="3" sc="250,-40,250,-20,250,-20,240,90" /><INIT seed="1,0,0,4,2,114" ten="210,230,230,330" oya="1" hai0="109,37,117,66,134,115,123,74,9,14,44,122,45" hai1="5,75,61,56,20,87,13,110,97,126,100,0,63" hai2="24,79,88,113,120,51,64,107,89,50,76,86,91" hai3="4,105,19,36,118,11,3,10,26,85,70,72,57"/><U21/><E75/><V46/><F120/><N who="0" m="46122" /><D115/><U90/><E126/><V132/><F107/><W112/><G57/><T32/><D74/><U116/><E0/><V102/><F113/><W22/><G85/><T96/><D32/><U82/><E63/><V53/><F102/><W16/><G36/><T17/><D109/><U39/><E39/><V12/><F132/><W135/><G70/><T81/><D134/><U121/><E110/><V27/><F64/><W67/><G67/><T47/><D66/><U62/><E121/><V34/><F34/><W125/><G105/><T119/><D37/><U30/><E62/><V99/><F99/><W124/><G72/><T55/><D96/><U111/><E111/><V71/><F71/><W38/><G38/><T104/><D104/><U25/><E21/><V35/><F35/><W133/><G112/><T42/><D42/><U94/><E13/><V69/><F69/><W65/><G65/><T84/><D55/><N who="1" m="33951" /><E116/><N who="0" m="44617" /><D45/><U2/><E2/><V83/><F46/><W108/><G118/><T127/><D127/><N who="3" m="48713" /><G108/><T49/><D49/><U80/><E5/><V23/><F50/><W41/><G41/><T59/><D59/><U8/><E8/><V48/><F48/><W77/><G135/><T78/><AGARI ba="0,0" hai="9,14,17,44,47,78,81,84" m="44617,46122" machi="78" ten="30,7900,0" yaku="13,1,52,3" doraHai="114" who="0" fromWho="0" sc="210,79,230,-39,230,-20,330,-20" /><INIT seed="2,0,0,3,5,100" ten="289,191,210,310" oya="2" hai0="24,23,35,90,55,22,38,103,129,21,113,108,65" hai1="115,61,121,49,58,5,99,82,70,89,66,18,105" hai2="63,109,30,123,67,78,112,51,46,68,43,95,132" hai3="71,134,14,33,120,122,96,97,64,92,16,11,116"/><V32/><F123/><W19/><G116/><T126/><D113/><U52/><E115/><V94/><F112/><W28/><G134/><T83/><D126/><U130/><E121/><V69/><F78/><W17/><G64/><T15/><D108/><U87/><E130/><V73/><F73/><W118/><G71/><T8/><D38/><U13/><E5/><V75/><F75/><W45/><G118/><T3/><D65/><U91/><E99/><V56/><F94/><W110/><G97/><T81/><D103/><U44/><E105/><V12/><F12/><W85/><G85/><T101/><D101/><U48/><E91/><V88/><F132/><W36/><G45/><T93/><D129/><U29/><E29/><V6/><F6/><N who="3" m="3447" /><G36/><T62/><D3/><U127/><E127/><V131/><F131/><W53/><G53/><T133/><D133/><U7/><E7/><V106/><F106/><W80/><G80/><T79/><D79/><U135/><E135/><V4/><F4/><W84/><G84/><T125/><D125/><U40/><E49/><V114/><F114/><W20/><G96/><N who="0" m="57399" /><D62/><U104/><E104/><V47/><F47/><W117/><G92/><T34/><D55/><U37/><E18/><N who="3" m="7274" /><G117/><T124/><D124/><U26/><E13/><V72/><F72/><W50/><G50/><T57/><D15/><U2/><E26/><N who="2" m="18519" /><F69/><W102/><G102/><T59/><D24/><U86/><E86/><N who="2" m="52631" /><F68/><W27/><G110/><T0/><D81/><U54/><E54/><V60/><F109/><W31/><G33/><N who="0" m="12299" /><D83/><U76/><E76/><V1/><F63/><RYUUKYOKU ba="0,0" sc="289,0,191,0,210,0,310,0" hai0="0,8,21,22,23,57,59" hai1="2,37,40,44,48,52,58,61,66,70,82,87,89" hai2="1,43,46,51,56,60,67" hai3="19,20,27,28,31,120,122" /><INIT seed="2,1,0,3,1,18" ten="289,191,210,310" oya="2" hai0="31,70,22,98,49,64,89,67,27,87,119,39,9" hai1="130,4,82,118,108,14,131,125,88,85,91,20,21" hai2="134,15,57,128,114,113,1,3,40,123,65,71,11" hai3="92,6,133,19,83,129,109,126,122,16,45,127,116"/><V28/><F123/><W72/><G116/><T59/><D39/><U2/><E118/><V32/><F40/><W69/><G69/><T38/><D38/><U107/><E107/><V132/><F57/><W55/><G122/><T94/><D119/><U76/><E2/><N who="2" m="523" /><F65/><W34/><G34/><T106/><D70/><U101/><E101/><V23/><F32/><W52/><G6/><T90/><D9/><N who="1" m="4391" /><E125/><N who="3" m="47626" /><G129/><N who="1" m="49162" /><E108/><V43/><F43/><W13/><G109/><T111/><D111/><U33/><E33/><V5/><F71/><W25/><G92/><T104/><D106/><U51/><E51/><V56/><F56/><W110/><G110/><T24/><D104/><U121/><E121/><V12/><F128/><W115/><G115/><N who="2" m="44041" /><F28/><W48/><G55/><N who="0" m="32239" /><D89/><AGARI ba="1,0" hai="20,21,76,82,85,88,89,91" m="49162,4391" machi="89" ten="30,7700,0" yaku="19,1,52,2,54,1" doraHai="18" who="1" fromWho="0" sc="289,-80,191,80,210,0,310,0" /><INIT seed="3,0,0,2,2,91" ten="209,271,210,310" oya="3" hai0="95,83,24,96,131,84,76,107,27,41,55,57,93" hai1="19,104,117,1,26,29,9,2,77,14,35,45,121" hai2="132,94,42,115,36,70,25,64,15,105,48,114,53" hai3="106,78,38,92,128,17,112,123,63,73,20,51,134"/><W34/><G106/><T119/><D119/><U65/><E104/><V129/><F105/><W99/><G38/><T4/><D131/><U5/><E65/><V12/><F132/><W11/><G34/><T88/><D41/><U113/><E77/><V62/><F129/><W60/><G128/><T72/><D4/><U82/><E82/><V110/><F110/><W100/><G123/><T69/><D69/><U124/><E45/><N who="2" m="23751" /><F25/><W13/><G112/><N who="2" m="43049" /><F94/><W10/><G134/><T127/><D127/><U54/><E124/><V89/><F89/><W16/><G73/><T75/><D75/><U30/><E121/><V44/><F15/><W46/><G78/><T90/><D107/><U101/><E117/><V52/><F12/><N who="3" m="9223" /><G10/><T111/><D111/><U133/><E101/><V18/><F18/><W61/><G61/><AGARI ba="0,0" hai="24,27,55,57,61,72,76,83,84,88,90,93,95,96" machi="61" ten="30,7700,0" yaku="7,1,52,2,54,1" doraHai="91" who="0" fromWho="3" sc="209,77,271,0,210,0,310,-77" /><INIT seed="4,0,0,2,0,59" ten="286,271,210,233" oya="0" hai0="121,38,0,120,109,9,66,12,23,70,15,73,88" hai1="29,22,117,106,131,33,37,74,10,18,11,105,56" hai2="19,123,82,78,6,14,52,77,135,4,122,24,93" hai3="95,72,16,114,113,99,43,57,124,32,21,76,97"/><T94/><D73/><U69/><E69/><V63/><F135/><W41/><G32/><T87/><D38/><U80/><E117/><V75/><F123/><W25/><G124/><T102/><D109/><U1/><E37/><V40/><F122/><W36/><G36/><T13/><D102/><U125/><E125/><V89/><F40/><W133/><G133/><T67/><D23/><U132/><E132/><V60/><F24/><W26/><G26/><T85/><D67/><U126/><E126/><V64/><F64/><W62/><G76/><N who="2" m="29289" /><F82/><W104/><G72/><T45/><D45/><U20/><E33/><V116/><F75/><W110/><G110/><T35/><D35/><U49/><E105/><V107/><F107/><W90/><G99/><T81/><D0/><U46/><E106/><V65/><F65/><W68/><G68/><T130/><D9/><U8/><E1/><V91/><F91/><W47/><G104/><T7/><D7/><N who="2" m="2602" /><F52/><N who="3" m="34087" /><G47/><T2/><D2/><U3/><E3/><V111/><F111/><W30/><G30/><T39/><D39/><U128/><E74/><V54/><F54/><W96/><G96/><T17/><D121/><U118/><E118/><V112/><F116/><W79/><G79/><N who="0" m="46271" /><D120/><U86/><E128/><V129/><F129/><W42/><AGARI ba="0,0" hai="16,21,25,41,42,43,90,95,97,113,114" m="34087" machi="42" ten="30,7900,0" yaku="25,1,52,1,54,2" doraHai="59" who="3" fromWho="3" sc="286,-39,271,-20,210,-20,233,79" /><INIT seed="5,0,0,5,1,71" ten="247,251,190,312" oya="1" hai0="60,45,81,15,125,28,59,17,78,26,103,129,111" hai1="110,0,41,99,94,54,58,37,73,89,8,120,104" hai2="91,87,90,14,85,34,66,70,57,35,76,20,16" hai3="24,48,107,98,13,40,100,128,61,101,72,7,79"/><U47/><E120/><V83/><F70/><W127/><G101/><T121/><D111/><U44/><E110/><V135/><F135/><W82/><G127/><T25/><D125/><U3/><E47/><V67/><F76/><W108/><G108/><T133/><D133/><U10/><E73/><V95/><F34/><W69/><G128/><T32/><D129/><U11/><REACH who="1" step="1"/><E104/><REACH who="1" step="2"/><V97/><F35/><W38/><G72/><T31/><D121/><U49/><AGARI ba="0,1" hai="0,3,8,10,11,37,41,44,49,54,58,89,94,99" machi="49" ten="30,11700,0" yaku="1,1,2,1,0,1,52,1,53,0" doraHai="71" doraHaiUra="105" who="1" fromWho="1" sc="247,-39,241,127,190,-39,312,-39" /><INIT seed="5,1,0,2,1,81" ten="208,368,151,273" oya="1" hai0="120,16,105,18,52,79,109,62,76,30,115,84,36" hai1="93,45,70,6,92,121,21,107,101,118,119,60,19" hai2="66,11,58,127,25,126,42,78,87,64,123,89,77" hai3="4,112,82,1,61,15,100,55,80,69,131,0,88"/><U29/><E121/><V7/><F123/><W5/><G100/><T59/><D120/><U114/><E107/><V75/><F75/><W128/><G112/><T13/><D109/><U22/><E114/><V39/><F64/><W43/><G43/><T54/><D115/><U12/><E6/><V96/><F96/><W104/><G104/><T17/><D105/><U47/><E70/><V124/><F25/><W73/><G73/><T63/><D36/><U14/><E60/><N who="2" m="38167" /><F42/><W90/><G55/><T110/><D30/><U135/><E29/><V98/><F98/><W3/><G61/><T85/><D110/><U23/><E101/><V108/><F39/><W8/><G69/><T34/><D34/><U26/><E26/><V129/><F129/><W65/><G65/><T9/><D79/><U41/><E41/><V67/><F67/><W117/><G117/><N who="1" m="44554" /><E19/><N who="0" m="7241" /><D76/><U71/><E71/><V46/><F108/><W28/><G28/><T134/><D134/><U31/><E31/><V103/><F103/><W97/><G97/><T40/><D40/><U51/><E51/><V125/><N who="2" m="31744" /><DORA hai="38" /><V91/><F46/><N who="1" m="17417" /><E135/><V56/><F56/><AGARI ba="1,0" hai="9,13,18,52,54,56,59,62,63,84,85" m="7241" machi="56" ten="30,8000,1" yaku="8,1,52,2,54,2" doraHai="81,38" who="0" fromWho="2" sc="208,83,368,0,151,-83,273,0" /><INIT seed="6,0,0,1,3,18" ten="291,368,68,273" oya="2" hai0="130,97,55,129,107,22,63,47,122,2,108,131,37" hai1="38,98,35,65,64,126,42,77,127,91,53,72,45" hai2="1,83,34,68,80,19,12,7,81,9,6,134,61" hai3="88,92,56,115,21,31,28,111,25,59,135,36,27"/><V16/><F134/><W5/><G36/><T100/><D108/><U78/><E35/><V109/><F109/><W112/><G5/><N who="2" m="1545" /><F34/><N who="3" m="20751" /><G111/><T89/><D122/><U49/><E72/><V105/><F105/><W69/><G69/><T90/><D2/><U70/><E78/><V40/><F1/><W58/><G135/><T123/><D123/><U54/><E77/><V116/><F116/><W20/><G27/><T73/><D73/><U32/><E32/><V46/><F68/><W3/><G31/><T95/><D107/><U50/><E98/><V82/><N who="2" m="20480" /><DORA hai="76" /><V93/><F61/><W24/><G24/><T104/><D104/><U67/><E91/><V60/><F60/><W71/><G71/><T44/><D37/><U15/><E70/><V113/><F113/><N who="3" m="43595" /><G3/><T74/><D74/><U120/><E15/><V114/><F114/><W133/><G133/><T43/><D130/><U13/><E13/><V96/><F46/><W17/><G17/><T110/><D44/><N who="1" m="23639" /><E120/><V23/><F40/><W8/><G8/><T10/><D43/><U39/><E39/><V103/><F19/><W33/><G33/><T106/><D110/><U124/><E127/><V101/><F9/><W14/><G14/><T102/><D10/><U41/><E41/><V48/><F48/><W57/><N who="3" m="14848" /><DORA hai="29" /><W119/><G119/><T30/><D131/><U26/><E126/><V51/><F51/><W52/><G52/><T132/><D55/><U121/><E124/><V75/><F75/><W128/><G128/><T85/><D129/><U62/><E121/><V4/><N who="2" m="1553" /><V84/><DORA hai="94" /><F84/><AGARI ba="0,0" hai="20,21,84,88,92" m="14848,43595,20751" machi="84" ten="40,12000,2" yaku="6,1,15,1,11,1,52,3,54,1" doraHai="18,76,29,94" who="3" fromWho="2" sc="291,0,368,0,68,-120,273,120" owari="291,-11,368,17,-52,-55,393,49" /></mjloggm>