<mjloggm ver="2.3"><GO type="41"/><UN n0="%E3%81%B6%E3%82%93%E3%83%96%E3%83%B3%E3%81%9F%E3%81%93%E3%82%8B" n1="%E3%82%A6%E3%83%AB%E3%83%88%E3%83%A9%E7%AB%8B%E7%9B%B4" n2="%E3%83%94%E3%82%A2%E3%82%AD%E3%83%A3%E3%82%B9%E5%AD%90" n3="%47%61%4B%75" dan="14,14,13,14" rate="1887,1929,1905,1864" sx="M,M,F,M"/><TAIKYOKU oya="0"/><INIT seed="0,0,0,0,5,59" ten="250,250,250,250" oya="0" hai0="87,39,69,106,1,97,89,118,104,126,71,131,74" hai1="117,101,51,72,35,95,37,22,17,24,108,32,111" hai2="77,12,76,36,134,38,64,18,81,80,10,120,45" hai3="2,109,14,68,13,3,121,34,128,94,26,102,75"/><T93/><D1/><U50/><E72/><V125/><F120/><W114/><G75/><T85/><D39/><U90/><E117/><V83/><F134/><W112/><G68/><T48/><D118/><U41/><E101/><V88/><F125/><W119/><G94/><T27/><D74/><U30/><E37/><V100/><F100/><W98/><G98/><T49/><D126/><U135/><E135/><V21/><F64/><W8/><G102/><T4/><D4/><U79/><E79/><V46/><F38/><W130/><G119/><T53/><D27/><U47/><E51/><V15/><F36/><W86/><G86/><T73/><D73/><U132/><E132/><V7/><REACH who="2" step="1"/><F88/><REACH who="2" step="2"/><W19/><G121/><T70/><D131/><N who="3" m="50217" /><G109/><N who="1" m="42058" /><E30/><V56/><F56/><W84/><G84/><AGARI ba="0,1" hai="17,22,24,32,35,41,47,50,84,90,95" m="42058" machi="84" ten="30,1000,0" yaku="14,1" doraHai="59" who="1" fromWho="3" sc="250,0,250,20,240,0,250,-10" /><INIT seed="1,0,0,1,3,54" ten="250,270,240,240" oya="1" hai0="57,40,7,131,59,2,47,109,119,37,70,67,77" hai1="124,114,0,118,89,29,113,71,75,94,5,86,126" hai2="91,44,17,121,135,115,38,96,81,72,111,78,21" hai3="26,64,24,15,95,127,14,112,92,63,10,50,28"/><U106/><E29/><V66/><F121/><W35/><G112/><T39/><D119/><U83/><E71/><V32/><F32/><W49/><G127/><N who="1" m="48682" /><E5/><V53/><F66/><W117/><G117/><T45/><D77/><N who="1" m="44479" /><E0/><V34/><F34/><W105/><G105/><T100/><D100/><U132/><E118/><V79/><F78/><W133/><G24/><T60/><D109/><U84/><E132/><V97/><F111/><W48/><G15/><T23/><D23/><U120/><E120/><V74/><F74/><W87/><G87/><N who="1" m="33322" /><E106/><V76/><F72/><W31/><G31/><T107/><D107/><U110/><E110/><V93/><F38/><W123/><G123/><T73/><D73/><U65/><E65/><V27/><F135/><W36/><G36/><T25/><D25/><U90/><E90/><V85/><F115/><W52/><G133/><T12/><D12/><U19/><E19/><V41/><F76/><W9/><G9/><T116/><D116/><U129/><E129/><V128/><F128/><W22/><G35/><T11/><REACH who="0" step="1"/><D131/><REACH who="0" step="2"/><U20/><E20/><V33/><F33/><W58/><REACH who="3" step="1"/><G64/><REACH who="3" step="2"/><T69/><D69/><U101/><E101/><V68/><F68/><W108/><G108/><T103/><D103/><U6/><E6/><AGARI ba="0,2" hai="6,10,14,22,26,28,48,49,50,52,58,63,92,95" machi="6" ten="40,8000,1" yaku="1,1,8,1,52,1,54,1,53,1" doraHai="54" doraHaiUra="1" who="3" fromWho="1" sc="240,0,270,-80,240,0,230,100" /><INIT seed="2,0,0,5,2,93" ten="240,190,240,330" oya="2" hai0="101,55,66,16,128,5,83,133,92,31,80,65,70" hai1="52,91,46,88,30,123,29,7,9,117,41,25,114" hai2="113,109,63,104,127,8,51,95,116,129,12,87,102" hai3="68,0,57,73,22,26,77,3,42,100,98,27,86"/><V122/><F113/><W112/><G68/><T60/><D133/><U44/><E114/><V121/><F116/><W120/><G73/><T35/><D128/><U37/><E117/><V111/><F129/><W107/><G120/><T131/><D131/><U17/><E123/><N who="2" m="47115" /><F127/><W125/><G125/><T20/><D66/><U59/><E17/><V38/><F38/><W45/><G57/><T132/><D5/><U19/><E19/><V43/><F104/><W53/><G53/><T39/><D39/><U67/><E46/><N who="2" m="26079" /><F63/><W84/><G112/><T58/><D31/><U47/><E67/><V11/><F12/><W2/><G77/><T71/><D35/><U118/><E44/><V119/><F119/><W4/><G4/><T89/><D101/><U24/><E118/><V110/><F87/><W108/><G26/><T49/><D132/><U97/><E97/><AGARI ba="0,0" hai="8,11,95,97,102,109,110,111" m="26079,47115" machi="97" ten="40,7700,0" yaku="14,1,10,1,52,1" doraHai="93" who="2" fromWho="1" sc="240,0,190,-77,240,77,330,0" /><INIT seed="2,1,0,5,3,37" ten="240,113,317,330" oya="2" hai0="111,30,38,61,17,56,48,34,120,74,52,93,132" hai1="127,96,78,135,86,83,125,128,106,85,91,94,43" hai2="92,14,84,40,18,57,26,55,8,89,72,104,130" hai3="44,80,110,73,71,28,102,11,23,35,81,115,95"/><V98/><F130/><W126/><G35/><T82/><D120/><U131/><E43/><V33/><F72/><W68/><G110/><T119/><D111/><U46/><E46/><V75/><F75/><W47/><G11/><T103/><D38/><U64/><E64/><V121/><F121/><W100/><G95/><T50/><D132/><U41/><E41/><V29/><F104/><W9/><G9/><T15/><D30/><U114/><E114/><V0/><F40/><W65/><G65/><T107/><D34/><U129/><E135/><V58/><F57/><W63/><G28/><T42/><D107/><U5/><E5/><V123/><F123/><W62/><G23/><T39/><D119/><U6/><E6/><V88/><F0/><W49/><G73/><T69/><D74/><U117/><E117/><V113/><F113/><W112/><REACH who="3" step="1"/><G49/><REACH who="3" step="2"/><T22/><D50/><U7/><REACH who="1" step="1"/><E7/><REACH who="1" step="2"/><V36/><F36/><W67/><G67/><T97/><D39/><U16/><E16/><V105/><F105/><W133/><G133/><T99/><D69/><U122/><E122/><V134/><F134/><W54/><G54/><T20/><D52/><U66/><E66/><V59/><REACH who="2" step="1"/><F55/><REACH who="2" step="2"/><W24/><G24/><N who="0" m="14351" /><D42/><U25/><E25/><V27/><F27/><W76/><G76/><T90/><D15/><U108/><E108/><V12/><F12/><W101/><G101/><AGARI ba="1,3" hai="78,83,85,86,91,94,96,101,106,125,127,128,129,131" machi="101" ten="50,8000,1" yaku="1,1,19,1,34,3,53,0" doraHai="37" doraHaiUra="60" who="1" fromWho="3" sc="240,0,103,113,307,0,320,-83" /><INIT seed="3,0,0,3,1,68" ten="240,216,307,237" oya="3" hai0="59,118,13,105,1,81,50,119,109,116,17,23,52" hai1="39,48,88,128,53,46,21,8,57,29,34,41,126" hai2="120,9,47,36,103,90,101,35,18,115,2,40,10" hai3="97,61,38,117,99,19,3,106,77,104,131,26,110"/><W114/><G117/><T56/><D1/><U122/><E122/><V73/><F35/><W11/><G114/><T71/><D71/><U84/><E34/><V43/><F10/><W14/><G131/><T87/><D105/><U93/><E128/><V12/><F115/><W94/><G97/><T30/><D30/><U96/><E126/><V112/><F112/><W60/><G77/><T4/><D4/><U82/><E8/><V79/><F120/><W16/><G110/><T7/><D7/><U135/><E135/><V86/><F43/><W24/><G38/><T108/><REACH who="0" step="1"/><D59/><REACH who="0" step="2"/><U72/><E72/><V28/><F2/><W123/><G3/><T124/><D124/><U31/><E31/><V80/><REACH who="2" step="1"/><F28/><REACH who="2" step="2"/><W63/><G123/><T113/><D113/><U37/><E29/><V98/><F98/><W27/><REACH who="3" step="1"/><G19/><REACH who="3" step="2"/><T132/><D132/><U76/><REACH who="1" step="1"/><E39/><REACH who="1" step="2"/><RYUUKYOKU type="reach4" ba="0,4" sc="230,0,206,0,297,0,227,0" hai0="13,17,23,50,52,56,81,87,108,109,116,118,119" hai1="21,37,41,46,48,53,57,76,82,84,88,93,96" hai2="9,12,18,36,40,47,73,79,80,86,90,101,103" hai3="11,14,16,24,26,27,60,61,63,94,99,104,106" /><INIT seed="3,1,4,1,5,65" ten="230,206,297,227" oya="3" hai0="48,57,15,107,129,6,70,20,72,80,54,19,112" hai1="78,21,92,9,43,14,64,134,128,31,89,67,99" hai2="58,41,83,25,98,82,40,46,119,75,55,103,59" hai3="113,126,135,121,12,17,105,23,81,36,114,100,10"/><W38/><G121/><T85/><D129/><U131/><E134/><V109/><F119/><W63/><G135/><T62/><D107/><U13/><E78/><V84/><F75/><W42/><G126/><T61/><D72/><U1/><E43/><V79/><F109/><W108/><G108/><T32/><D32/><U2/><E64/><V27/><F83/><W68/><G81/><T18/><D6/><N who="1" m="3255" /><E67/><V16/><F46/><W127/><G127/><T116/><D116/><U45/><E45/><V51/><F59/><W106/><G63/><T123/><D123/><U56/><E56/><V37/><F37/><W88/><G68/><T86/><D70/><U76/><E76/><V39/><F39/><W24/><G38/><T26/><D112/><U87/><E14/><V101/><F103/><W102/><G88/><N who="0" m="51239" /><D86/><U95/><E21/><AGARI ba="1,4" hai="15,18,19,20,21,26,48,54,57,61,62" m="51239" machi="21" ten="30,2000,0" yaku="8,1,54,1" doraHai="65" who="0" fromWho="1" sc="230,63,206,-23,297,0,227,0" /><INIT seed="4,0,0,4,5,71" ten="293,183,297,227" oya="0" hai0="13,36,54,2,40,68,127,95,74,97,66,16,43" hai1="110,42,58,132,30,9,41,80,117,123,38,133,21" hai2="52,6,107,22,104,125,50,75,109,31,101,91,85" hai3="64,59,32,131,77,96,116,82,119,88,28,47,124"/><T100/><D74/><U49/><E21/><V112/><F112/><W86/><G124/><T121/><D121/><U5/><E9/><V63/><F75/><W102/><G131/><T20/><D2/><U69/><E30/><V126/><F101/><W37/><G32/><T128/><D128/><U134/><E5/><V53/><F109/><W122/><G28/><T11/><D127/><N who="2" m="48650" /><F6/><W61/><G122/><T99/><D68/><U8/><E8/><V44/><F31/><W60/><G60/><T55/><D66/><U10/><E123/><V72/><F72/><W83/><G47/><T29/><D99/><U67/><E10/><V90/><F22/><W106/><REACH who="3" step="1"/><G37/><REACH who="3" step="2"/><T78/><D36/><U3/><E3/><V130/><F130/><W113/><G113/><T39/><D39/><U129/><E129/><V12/><F63/><W89/><G89/><T26/><D78/><U35/><E35/><V84/><F90/><W24/><G24/><T118/><D118/><U23/><E23/><V79/><F12/><W65/><G65/><T56/><D55/><N who="1" m="32111" /><E110/><V18/><F79/><W15/><G15/><T115/><D115/><U25/><E25/><V62/><F91/><W81/><G81/><T17/><D29/><U73/><E117/><V34/><F34/><W76/><G76/><T0/><D0/><U45/><E80/><V14/><F62/><AGARI ba="0,1" hai="11,13,16,17,20,26,40,43,54,56,62,95,97,100" machi="62" ten="30,5800,0" yaku="7,1,8,1,54,1" doraHai="71" who="0" fromWho="2" sc="293,68,183,0,297,-58,217,0" /><INIT seed="4,1,0,5,4,21" ten="361,183,239,217" oya="0" hai0="93,132,34,121,115,130,63,58,133,65,96,120,69" hai1="77,51,39,13,25,74,78,29,17,128,47,9,67" hai2="14,54,37,98,5,4,97,100,64,76,103,59,118" hai3="57,10,85,95,104,90,49,87,116,44,19,26,91"/><T61/><D34/><U122/><E39/><V60/><F118/><W110/><G116/><T62/><D93/><U42/><E122/><N who="0" m="47209" /><D96/><U71/><E74/><V111/><F37/><W75/><G75/><T35/><D35/><U119/><E119/><V45/><F76/><W46/><G104/><T2/><D2/><U1/><E1/><V36/><F111/><W3/><G110/><T82/><D82/><U117/><E117/><V68/><F14/><W38/><G3/><T101/><D101/><U53/><E71/><V86/><F86/><W72/><G72/><T105/><D105/><U32/><E67/><V56/><F68/><W23/><G10/><T40/><D115/><U125/><E42/><V126/><F36/><W84/><G38/><T108/><D40/><U135/><E78/><V48/><F126/><W73/><G73/><T70/><D108/><U41/><E125/><V15/><F45/><W33/><G33/><T88/><D88/><N who="3" m="33833" /><G95/><T55/><D130/><U8/><E77/><V79/><F79/><W80/><G80/><T20/><D20/><U113/><E113/><V24/><F103/><W94/><G94/><T18/><D18/><U43/><E128/><V112/><F100/><W50/><G57/><T11/><D11/><U123/><E123/><V12/><F112/><W129/><G129/><T102/><D102/><U28/><E43/><V22/><F98/><W66/><G66/><AGARI ba="1,0" hai="55,58,61,62,63,65,66,69,70,132,133" m="47209" machi="66" ten="30,2900,0" yaku="34,2" doraHai="21" who="0" fromWho="3" sc="361,32,183,0,239,0,217,-32" /><INIT seed="4,2,0,3,4,4" ten="393,183,239,185" oya="0" hai0="100,120,103,99,106,13,135,116,110,25,97,70,45" hai1="76,112,32,105,23,87,73,3,117,20,36,75,28" hai2="0,77,18,90,12,40,132,79,57,10,60,59,64" hai3="89,41,16,84,62,8,55,68,133,121,123,80,30"/><T47/><D120/><N who="3" m="46153" /><G41/><T78/><D116/><U26/><E105/><V113/><F132/><W72/><G30/><T17/><D70/><U37/><E117/><V7/><F113/><W15/><G72/><T44/><D135/><U88/><E112/><V127/><F127/><W38/><G38/><T34/><D78/><U50/><E3/><V124/><F124/><W102/><G133/><T114/><D114/><U115/><E115/><V82/><F40/><W118/><G118/><T1/><D1/><U129/><E129/><V108/><F108/><W119/><G119/><T6/><D6/><U93/><E37/><V5/><F59/><N who="3" m="35199" /><G102/><T9/><D110/><U83/><E36/><V46/><F46/><W134/><G134/><T131/><D131/><U27/><E50/><V31/><F31/><W49/><G49/><T92/><D34/><U48/><E48/><V14/><F0/><W19/><G19/><T43/><REACH who="0" step="1"/><D25/><REACH who="0" step="2"/><U104/><E73/><V85/><REACH who="2" step="1"/><F5/><REACH who="2" step="2"/><W35/><G68/><T56/><D56/><U128/><E128/><V81/><F81/><W122/><N who="3" m="46161" /><W22/><DORA hai="69" /><G35/><T29/><D29/><U126/><E126/><V71/><F71/><W11/><AGARI ba="2,2" hai="8,11,15,16,22,80,84,89" m="35199,46161" machi="11" ten="40,8000,1" yaku="13,1,52,2,54,1" doraHai="4,69" who="3" fromWho="3" sc="383,-42,183,-22,229,-22,185,106" /><INIT seed="5,0,0,3,0,115" ten="341,161,207,291" oya="1" hai0="63,4,74,91,9,125,93,105,0,18,10,79,76" hai1="123,80,54,2,100,122,114,5,83,57,22,40,6" hai2="41,66,14,37,85,39,58,55,128,106,108,135,87" hai3="44,67,86,34,61,116,51,118,12,121,94,43,133"/><U11/><E114/><V112/><F106/><W3/><G3/><T56/><D105/><U59/><E83/><V78/><F108/><W13/><G121/><T71/><D71/><U113/><E113/><V73/><F73/><W20/><G34/><T33/><D33/><U117/><E117/><N who="3" m="45162" /><G133/><T77/><D125/><U104/><E100/><V31/><F31/><W42/><G42/><T98/><D10/><U48/><E104/><V64/><F64/><W46/><G46/><T15/><D74/><U24/><E6/><V60/><F112/><W17/><G86/><T84/><D0/><U47/><E80/><V52/><F128/><W65/><G94/><T1/><D1/><U131/><E131/><V25/><F135/><W132/><G132/><T129/><D129/><U119/><E119/><V16/><F25/><N who="3" m="14479" /><G65/><T45/><D45/><U81/><E81/><N who="2" m="47287" /><F37/><W35/><G35/><T109/><D109/><U92/><E92/><V26/><F41/><W96/><G96/><T70/><D70/><AGARI ba="0,0" hai="12,13,43,44,51,61,67,70" m="14479,45162" machi="70" ten="30,7700,0" yaku="12,1,52,3" doraHai="115" who="3" fromWho="0" sc="341,-77,161,0,207,0,291,77" /><INIT seed="6,0,0,5,1,120" ten="264,161,207,368" oya="2" hai0="6,65,64,75,84,35,82,113,33,88,127,2,25" hai1="117,26,96,115,131,74,5,86,28,103,130,58,46" hai2="1,21,77,114,122,105,34,70,55,36,52,59,81" hai3="54,8,89,132,49,134,41,95,4,93,97,129,69"/><V85/><F122/><W39/><G69/><T0/><D113/><U22/><E74/><V15/><F34/><W32/><G32/><T38/><D38/><U79/><E117/><V17/><F70/><W51/><G129/><T90/><D75/><U119/><E119/><V16/><F1/><W118/><G118/><T92/><D127/><U71/><E71/><V125/><F105/><W24/><G24/><T108/><D108/><U13/><E115/><V63/><F36/><W133/><G54/><T42/><D42/><U135/><E135/><V126/><F114/><W44/><REACH who="3" step="1"/><G95/><REACH who="3" step="2"/><T123/><D25/><U80/><E46/><V101/><F101/><W45/><G45/><T23/><D35/><U19/><E58/><V48/><REACH who="2" step="1"/><F17/><REACH who="2" step="2"/><W87/><G87/><T18/><D33/><U12/><E19/><V121/><F121/><W53/><G53/><T43/><D123/><U68/><E68/><V128/><F128/><N who="1" m="49193" /><E5/><V57/><AGARI ba="0,2" hai="15,16,21,48,52,55,57,59,63,77,81,85,125,126" machi="57" ten="30,11700,0" yaku="1,1,0,1,54,2,53,0" doraHai="120" doraHaiUra="61" who="2" fromWho="2" sc="264,-39,161,-39,197,137,358,-39" /><INIT seed="6,1,0,5,0,132" ten="225,122,334,319" oya="2" hai0="41,27,103,43,105,37,91,68,64,23,60,123,89" hai1="7,18,121,12,55,86,50,29,126,96,93,16,34" hai2="81,72,109,131,0,38,110,66,83,130,3,95,106" hai3="21,33,65,135,26,4,73,56,118,58,111,39,8"/><V35/><F35/><W20/><G111/><N who="2" m="42505" /><F38/><W32/><G118/><T69/><D123/><U28/><E121/><V119/><F66/><W134/><G73/><T62/><D37/><U80/><E34/><V92/><F119/><W88/><G39/><T108/><D108/><U24/><E7/><V52/><F106/><W90/><G65/><T57/><D105/><U46/><E24/><V70/><F70/><W1/><G4/><T115/><D103/><U99/><E18/><V5/><F5/><W116/><G8/><T127/><D115/><U120/><E120/><V124/><F124/><W107/><G107/><T125/><D27/><U112/><E112/><V59/><F72/><W51/><G51/><T133/><D23/><U22/><E126/><N who="0" m="48137" /><D133/><U45/><E45/><V79/><F79/><W100/><G26/><T2/><D2/><N who="2" m="554" /><F81/><W87/><G1/><T129/><D129/><N who="2" m="49162" /><F83/><W97/><G116/><T53/><D69/><U13/><E13/><V40/><F40/><AGARI ba="1,0" hai="40,41,43,53,57,60,62,64,68,89,91" m="48137" machi="40" ten="30,7700,0" yaku="18,1,52,3" doraHai="132" who="0" fromWho="2" sc="225,80,122,0,334,-80,319,0" /><INIT seed="7,0,0,1,3,37" ten="305,122,254,319" oya="3" hai0="53,11,16,107,20,126,111,81,73,91,9,113,58" hai1="77,54,14,30,24,48,23,118,65,33,72,6,55" hai2="102,7,108,90,88,47,67,78,51,35,60,96,130" hai3="10,70,133,104,18,42,21,68,28,2,134,38,122"/><W131/><G122/><T128/><D111/><U44/><E77/><V92/><F108/><W4/><G28/><T22/><D107/><U34/><E72/><V129/><F35/><W59/><G104/><T85/><D73/><U31/><E65/><V49/><F78/><W79/><G131/><T46/><D128/><U12/><E118/><V29/><F29/><W1/><G1/><T112/><D126/><U124/><E124/><V64/><F130/><W94/><G79/><T66/><D66/><U82/><E82/><V3/><F129/><W8/><G8/><T13/><D11/><U32/><E54/><V106/><F90/><W26/><G94/><T43/><D58/><U95/><E95/><V115/><F115/><N who="0" m="44106" /><D53/><U69/><E69/><V41/><F51/><AGARI ba="0,0" hai="9,13,16,20,22,43,46,51,81,85,91" m="44106" machi="51" ten="30,7700,0" yaku="15,1,11,1,52,1,54,1" doraHai="37" who="0" fromWho="2" sc="305,77,122,0,254,-77,319,0" owari="382,48,122,-38,177,-22,319,12" /></mjloggm>