<mjloggm ver="2.3"><GO type="41"/><UN n0="%E3%83%8D%E3%82%B3%E3%81%8C%E5%AF%9D%E3%81%A6%E3%81%8B%E3%82%89" n1="%E3%82%A6%E3%83%AB%E3%83%88%E3%83%A9%E7%AB%8B%E7%9B%B4" n2="%E3%83%99%E3%83%AB%E3%82%AF" n3="%6D%75%2D%74%75" dan="14,15,15,14" rate="1935,1966,2055,1863" sx="M,M,M,M"/><TAIKYOKU oya="0"/><INIT seed="0,0,0,1,1,98" ten="250,250,250,250" oya="0" hai0="30,28,92,99,63,60,131,96,44,84,11,113,78" hai1="110,27,90,127,133,41,132,37,82,134,16,0,107" hai2="88,23,117,68,100,126,40,32,102,12,67,51,87" hai3="50,104,105,21,125,55,10,69,79,19,22,26,42"/><T77/><D113/><U66/><E0/><V35/><F35/><W115/><G69/><T58/><D131/><U62/><E107/><V45/><F32/><W56/><G115/><T53/><D11/><U81/><E127/><V25/><F126/><W75/><G125/><T86/><D44/><N who="1" m="23599" /><E110/><V123/><F123/><W24/><G10/><T31/><D63/><U118/><E118/><V130/><F130/><W15/><G79/><N who="0" m="30219" /><D99/><U129/><E129/><V120/><F117/><W83/><G83/><T116/><D116/><U6/><E6/><V111/><F111/><W91/><G75/><T20/><D20/><N who="1" m="13703" /><E90/><AGARI ba="0,0" hai="28,30,31,53,58,60,84,86,90,92,96" m="30219" machi="90" ten="30,1500,0" yaku="8,1" doraHai="98" who="0" fromWho="1" sc="250,15,250,-15,250,0,250,0" /><INIT seed="0,1,0,5,3,36" ten="265,235,250,250" oya="0" hai0="58,75,77,42,95,128,132,40,115,32,28,18,67" hai1="88,114,49,127,76,133,69,112,1,39,109,65,31" hai2="72,119,71,126,26,97,17,10,63,41,33,110,84" hai3="129,102,19,74,9,38,105,8,51,113,117,91,64"/><T122/><D122/><U45/><E31/><V92/><F72/><W66/><G38/><T53/><D115/><N who="1" m="44075" /><E76/><V11/><F84/><W54/><G74/><T99/><D67/><U21/><E21/><V83/><F83/><W86/><G113/><T12/><D132/><U60/><E1/><V46/><F110/><W100/><G117/><T124/><D124/><U4/><E4/><V15/><F126/><W98/><G102/><T62/><D128/><U116/><E127/><V22/><F119/><W131/><G129/><T104/><D104/><U135/><E116/><V90/><F71/><W24/><G8/><T13/><D13/><U111/><E88/><V94/><F63/><W43/><G24/><T120/><D120/><U16/><E16/><V5/><F5/><W82/><G131/><T118/><D118/><U27/><E27/><V37/><REACH who="2" step="1"/><F94/><REACH who="2" step="2"/><W87/><G86/><T0/><D75/><U55/><E39/><V34/><F34/><W101/><G82/><T78/><D32/><U106/><E106/><V130/><F130/><W25/><G87/><T68/><D68/><U30/><E30/><AGARI ba="1,1" hai="10,11,15,17,22,26,30,33,37,41,46,90,92,97" machi="30" ten="40,2600,0" yaku="1,1,52,1,53,0" doraHai="36" doraHaiUra="125" who="2" fromWho="1" sc="265,0,235,-29,240,39,250,0" /><INIT seed="1,0,0,3,5,72" ten="265,206,279,250" oya="1" hai0="119,6,105,108,60,36,52,34,28,23,61,25,40" hai1="32,107,117,48,127,85,37,33,10,11,21,87,102" hai2="92,91,74,125,115,27,44,63,53,97,134,7,99" hai3="29,4,0,73,39,5,131,30,57,59,66,80,41"/><U8/><E37/><V79/><F134/><W56/><G66/><T43/><D119/><U100/><E117/><V15/><F125/><W113/><G113/><T76/><D105/><U47/><E127/><V19/><F115/><W114/><G114/><T38/><D108/><U50/><E21/><V86/><F7/><W78/><G5/><T98/><D6/><U20/><E20/><V54/><F27/><W62/><G62/><T71/><D98/><U132/><E132/><V12/><F12/><W93/><G93/><T123/><D123/><U109/><E109/><V111/><F111/><W126/><G126/><T82/><D34/><U90/><E107/><V67/><F44/><W118/><G131/><T69/><D61/><U81/><E32/><V116/><F116/><W104/><G104/><T31/><D31/><U103/><E33/><V130/><F130/><W45/><REACH who="3" step="1"/><G118/><REACH who="3" step="2"/><T133/><D133/><U95/><REACH who="1" step="1"/><E47/><REACH who="1" step="2"/><V2/><F63/><W68/><G68/><T16/><D71/><U135/><E135/><V128/><F128/><W9/><AGARI ba="0,2" hai="0,4,9,29,30,39,41,45,56,57,59,73,78,80" machi="9" ten="30,8000,1" yaku="1,1,0,1,25,2,52,1,53,0" doraHai="72" doraHaiUra="121" who="3" fromWho="3" sc="265,-20,196,-40,279,-20,240,100" /><INIT seed="2,0,0,0,2,90" ten="245,156,259,340" oya="2" hai0="15,54,93,55,127,110,119,64,84,18,131,102,126" hai1="116,51,33,22,73,70,38,91,62,25,41,82,23" hai2="109,27,63,34,9,2,74,57,20,128,42,35,52" hai3="60,105,99,113,130,8,75,112,106,129,88,86,24"/><V132/><F74/><W50/><G8/><T114/><D114/><N who="3" m="44137" /><G24/><T79/><D119/><U103/><E38/><V68/><F132/><W124/><G60/><T122/><D122/><U83/><E83/><V7/><F128/><W65/><G50/><T66/><D131/><U21/><E103/><V49/><F109/><W81/><G65/><T26/><D26/><U40/><E116/><V45/><REACH who="2" step="1"/><F68/><REACH who="2" step="2"/><W118/><G118/><T16/><D110/><U4/><E73/><V37/><F37/><W48/><G130/><T53/><D79/><U13/><E70/><V72/><F72/><W47/><G75/><T29/><D29/><AGARI ba="0,1" hai="2,7,9,20,27,29,34,35,42,45,49,52,57,63" machi="29" ten="30,5800,0" yaku="1,1,7,1,54,1,53,0" doraHai="90" doraHaiUra="97" who="2" fromWho="0" sc="245,-58,156,0,249,68,340,0" /><INIT seed="2,1,0,2,5,76" ten="187,156,317,340" oya="2" hai0="39,130,40,101,22,4,82,32,109,112,48,21,60" hai1="1,23,84,95,27,103,69,75,13,124,17,43,66" hai2="106,24,31,108,26,19,70,133,3,117,10,42,7" hai3="105,49,6,92,131,135,102,53,90,11,78,67,107"/><V0/><F106/><W61/><G102/><T36/><D130/><U74/><E124/><V68/><F42/><W52/><G135/><T34/><D112/><U30/><E66/><V89/><F117/><W93/><G53/><T46/><D109/><U18/><E69/><V59/><F133/><W29/><G29/><T45/><D4/><U47/><E1/><V58/><F108/><W57/><G92/><T121/><D121/><U50/><E18/><V123/><F123/><W55/><G55/><T35/><D101/><U38/><E38/><V113/><F113/><W5/><G5/><T116/><D116/><U15/><E15/><V85/><F0/><W111/><G78/><T110/><D60/><U119/><E119/><V56/><F19/><W125/><G131/><T127/><D127/><U33/><REACH who="1" step="1"/><E84/><REACH who="1" step="2"/><V14/><F3/><W2/><G125/><T79/><D39/><U71/><E71/><V16/><F7/><W12/><G2/><T115/><D115/><U128/><E128/><V80/><REACH who="2" step="1"/><F26/><REACH who="2" step="2"/><W44/><REACH who="3" step="1"/><G111/><REACH who="3" step="2"/><T54/><REACH who="0" step="1"/><D110/><REACH who="0" step="2"/><RYUUKYOKU type="reach4" ba="1,4" sc="177,0,146,0,307,0,330,0" hai0="21,22,32,34,35,36,40,45,46,48,54,79,82" hai1="13,17,23,27,30,33,43,47,50,74,75,95,103" hai2="10,14,16,24,31,56,58,59,68,70,80,85,89" hai3="6,11,12,44,49,52,57,61,67,90,93,105,107" /><INIT seed="2,2,4,1,2,133" ten="177,146,307,330" oya="2" hai0="90,112,78,19,33,16,51,125,105,102,17,62,34" hai1="89,115,59,110,109,97,68,0,13,123,135,116,14" hai2="103,7,58,56,86,46,87,74,47,11,40,22,129" hai3="45,122,65,30,120,28,66,4,8,24,27,111,88"/><V38/><F129/><W126/><G45/><T124/><D112/><U85/><E115/><V3/><F103/><W39/><G39/><T31/><D78/><U118/><E68/><V69/><F69/><W18/><G65/><T96/><D90/><U91/><E0/><V43/><F74/><W71/><G66/><T5/><D5/><U121/><E59/><V49/><F22/><W32/><G71/><T101/><D101/><U15/><E135/><V63/><REACH who="2" step="1"/><F58/><REACH who="2" step="2"/><W104/><G122/><N who="1" m="46602" /><E97/><V99/><F99/><W29/><G120/><T23/><D62/><U41/><E85/><V100/><F100/><W61/><G104/><T114/><D114/><U75/><E75/><V80/><F80/><W57/><G61/><T94/><D105/><U134/><E134/><V12/><F12/><W83/><G57/><T48/><D23/><U21/><E21/><V6/><F6/><W77/><G4/><T72/><D72/><U9/><E9/><V36/><F36/><W67/><G8/><T131/><D131/><U50/><E118/><V128/><F128/><W107/><G107/><T92/><D92/><U93/><E116/><V20/><F20/><W127/><G83/><T117/><D117/><U98/><E98/><V132/><F132/><W73/><G73/><T82/><D82/><U76/><E93/><V52/><AGARI ba="2,5" hai="3,7,11,38,40,43,46,47,49,52,56,63,86,87" machi="52" ten="20,7800,0" yaku="1,1,0,1,7,1,54,1,53,0" doraHai="133" doraHaiUra="95" who="2" fromWho="2" sc="177,-28,146,-28,297,134,330,-28" /><INIT seed="2,3,0,0,0,89" ten="149,118,431,302" oya="2" hai0="131,68,28,130,81,50,85,38,90,74,45,109,126" hai1="41,51,58,26,15,59,111,135,19,83,75,96,93" hai2="57,7,34,30,98,101,78,107,22,42,88,99,91" hai3="2,55,116,60,115,10,35,23,105,123,84,113,69"/><V73/><F34/><W133/><G84/><T64/><D109/><U86/><E111/><V108/><F108/><W120/><G55/><T103/><D103/><U25/><E75/><V40/><F7/><W27/><G60/><T43/><D74/><U31/><E135/><V8/><F8/><W53/><G53/><T3/><D126/><U21/><E41/><V54/><F99/><W20/><G69/><T125/><D125/><U14/><E51/><V114/><F114/><N who="3" m="43531" /><G105/><T33/><D3/><U29/><E15/><V100/><F100/><W16/><G116/><T117/><D117/><U119/><E119/><V4/><F4/><N who="3" m="1303" /><G133/><T71/><D50/><U134/><E134/><V17/><F73/><W82/><G35/><T102/><D102/><N who="1" m="60687" /><E59/><V127/><F127/><W79/><G82/><T13/><D13/><U110/><E58/><V39/><F78/><W97/><G79/><T122/><D122/><U77/><E110/><V49/><F30/><AGARI ba="3,0" hai="14,19,21,25,26,29,30,31,77,83,86" m="60687" machi="30" ten="30,2000,0" yaku="8,1,52,1" doraHai="89" who="1" fromWho="2" sc="149,0,118,29,431,-29,302,0" /><INIT seed="3,0,0,3,2,95" ten="149,147,402,302" oya="3" hai0="80,90,32,44,106,121,8,83,45,119,56,115,10" hai1="76,75,68,74,22,39,101,129,87,54,79,78,123" hai2="33,28,120,48,15,2,94,97,103,13,125,93,20" hai3="52,82,61,16,131,128,91,72,1,92,60,21,42"/><W132/><G1/><T58/><D121/><U35/><E54/><V41/><F2/><W100/><G42/><T114/><D119/><U99/><E22/><V30/><F120/><W108/><G132/><T37/><D106/><N who="1" m="63807" /><E68/><V57/><F125/><W113/><G100/><T81/><D32/><U105/><E39/><V130/><F130/><N who="3" m="49707" /><G82/><T88/><D81/><N who="1" m="47527" /><E35/><V59/><F33/><W19/><G72/><N who="1" m="27690" /><E129/><V110/><F41/><W49/><G108/><T73/><D73/><U38/><E38/><AGARI ba="0,0" hai="8,10,37,38,44,45,56,58,80,83,88,90,114,115" machi="38" ten="25,3200,0" yaku="22,2,54,1" doraHai="95" who="0" fromWho="1" sc="149,32,147,-32,402,0,302,0" /><INIT seed="4,0,0,4,0,14" ten="181,115,402,302" oya="0" hai0="90,112,23,46,78,12,114,88,30,51,135,58,16" hai1="61,81,117,104,79,119,132,28,43,118,9,82,1" hai2="101,15,124,108,65,102,19,91,60,20,0,56,94" hai3="93,87,47,133,33,83,6,36,89,27,129,70,63"/><T39/><D78/><U52/><E104/><V35/><F108/><W113/><G6/><T34/><D135/><U86/><E86/><V7/><F35/><W80/><G113/><N who="0" m="43627" /><D39/><U21/><E132/><V106/><F106/><W48/><G36/><T55/><D34/><U100/><E100/><V8/><REACH who="2" step="1"/><F124/><REACH who="2" step="2"/><W97/><G133/><T96/><D30/><U29/><E29/><V22/><F22/><W64/><G129/><T17/><D17/><U127/><E21/><V59/><F59/><W32/><G27/><T62/><D96/><AGARI ba="0,1" hai="0,7,8,15,19,20,56,60,65,91,94,96,101,102" machi="96" ten="30,3900,0" yaku="1,1,7,1,52,1,53,0" doraHai="14" doraHaiUra="130" who="2" fromWho="0" sc="181,-39,115,0,392,49,302,0" /><INIT seed="5,0,0,1,4,83" ten="142,115,441,302" oya="1" hai0="130,32,57,2,82,65,76,1,44,89,87,131,63" hai1="119,116,114,85,15,67,46,7,38,20,103,91,19" hai2="60,84,53,73,34,35,56,61,18,104,122,132,14" hai3="96,28,102,105,37,128,113,94,78,90,25,5,111"/><U39/><E103/><V86/><F73/><W41/><G5/><T21/><D32/><U0/><E67/><V29/><F122/><W10/><G10/><T88/><D44/><U68/><E68/><V40/><F104/><W81/><G41/><T106/><D106/><U95/><E114/><V69/><F132/><W77/><G37/><T108/><D108/><U70/><E70/><V100/><F100/><W42/><G42/><T64/><D21/><U133/><E133/><V66/><F40/><W58/><G78/><T71/><D65/><U101/><E101/><V115/><F115/><W43/><G43/><T12/><D12/><U3/><E46/><V62/><F61/><W17/><G17/><T93/><D71/><U75/><E75/><V9/><REACH who="2" step="1"/><F35/><REACH who="2" step="2"/><W6/><G113/><T97/><REACH who="0" step="1"/><D76/><REACH who="0" step="2"/><U48/><E39/><V47/><F47/><W49/><G105/><T36/><D36/><U123/><E38/><V72/><F72/><W59/><G77/><T45/><D45/><U16/><E119/><V127/><F127/><W110/><G111/><T129/><AGARI ba="0,2" hai="1,2,57,63,64,82,87,88,89,93,97,129,130,131" machi="129" ten="30,8000,1" yaku="1,1,0,1,19,1,52,1,54,1,53,0" doraHai="83" doraHaiUra="30" who="0" fromWho="0" sc="132,100,115,-40,431,-20,302,-20" /><INIT seed="6,0,0,2,2,5" ten="232,75,411,282" oya="2" hai0="9,13,45,33,83,70,17,132,121,111,61,81,41" hai1="127,120,129,98,112,8,14,84,18,54,23,58,20" hai2="63,123,11,131,109,79,15,76,31,16,78,3,42" hai3="115,57,100,99,34,90,116,104,38,66,68,130,50"/><V46/><F123/><W69/><G38/><T85/><D33/><U113/><E120/><V106/><F106/><W96/><G34/><T28/><D28/><U39/><E39/><V133/><F133/><W97/><G116/><T35/><D121/><U102/><E84/><V51/><F131/><W117/><G130/><T49/><D111/><U64/><E129/><V52/><F109/><W47/><G117/><T36/><D35/><U32/><E32/><V91/><F3/><W67/><G99/><T0/><D132/><U87/><E87/><V43/><F31/><W7/><G66/><T122/><D0/><U119/><E119/><V114/><F114/><W6/><G6/><T107/><D107/><U105/><E127/><V22/><F91/><W40/><G7/><T126/><D83/><U2/><E64/><V125/><F125/><W59/><G115/><T103/><D103/><U92/><E105/><V101/><F101/><W128/><G128/><T110/><D110/><U44/><E44/><V94/><F94/><W86/><G68/><T60/><D126/><U77/><E77/><V56/><F22/><W25/><G100/><T75/><D70/><U71/><E71/><V74/><F74/><W73/><G69/><T88/><D75/><U4/><REACH who="1" step="1"/><E23/><REACH who="1" step="2"/><V21/><F21/><W118/><G104/><T27/><D122/><U12/><E12/><V55/><AGARI ba="0,1" hai="11,15,16,42,43,46,51,52,55,56,63,76,78,79" machi="55" ten="30,12000,1" yaku="0,1,8,1,52,1,54,2" doraHai="5" who="2" fromWho="2" sc="232,-40,65,-40,411,130,282,-40" /><INIT seed="6,1,0,4,2,23" ten="192,25,541,242" oya="2" hai0="5,131,25,107,92,87,132,8,113,33,63,51,42" hai1="0,77,44,37,130,21,2,79,83,9,98,134,119" hai2="68,55,19,69,61,112,86,94,110,66,64,22,4" hai3="90,76,104,36,88,52,14,129,125,82,114,97,127"/><V73/><F73/><W32/><G36/><T59/><D107/><U54/><E79/><V124/><F4/><W11/><G32/><T58/><D132/><U85/><E134/><V47/><F124/><W24/><G129/><T48/><D131/><U13/><E130/><V16/><F112/><W74/><G114/><T93/><D113/><U122/><E119/><V109/><F19/><W103/><G52/><N who="0" m="32007" /><D33/><U111/><E111/><V18/><F18/><N who="3" m="8543" /><G24/><T67/><D87/><U105/><E122/><V91/><F47/><W95/><G95/><N who="0" m="36427" /><D5/><U135/><E135/><V126/><F126/><AGARI ba="1,0" hai="74,76,82,88,90,97,103,104,125,126,127" m="8543" machi="126" ten="30,2000,0" yaku="18,1,54,1" doraHai="23" who="3" fromWho="2" sc="192,0,25,0,541,-23,242,23" /><INIT seed="7,0,0,0,0,107" ten="192,25,518,265" oya="3" hai0="56,23,75,51,58,43,115,17,20,119,120,38,127" hai1="25,13,15,91,63,121,37,59,78,45,48,93,81" hai2="104,35,10,41,71,29,14,60,16,112,86,128,2" hai3="1,11,42,102,116,117,57,61,76,100,123,28,44"/><W70/><G70/><T27/><D119/><U83/><E37/><V66/><F104/><W118/><G28/><T130/><D120/><U125/><E121/><V64/><F41/><W96/><G123/><T79/><D130/><U85/><E125/><V26/><F128/><W47/><G11/><T54/><D127/><U124/><E124/><V113/><F66/><W36/><G1/><T108/><D108/><U99/><E85/><V69/><F86/><W40/><G76/><T95/><D95/><U30/><E93/><V52/><F52/><W62/><G96/><T77/><D115/><N who="2" m="44106" /><F2/><W94/><G94/><T97/><D97/><U103/><E99/><V126/><F126/><W132/><G132/><T7/><D7/><U80/><E80/><V12/><F12/><W129/><G129/><T8/><D8/><U109/><E78/><V49/><F49/><W84/><G84/><T53/><D75/><U55/><E48/><V33/><F33/><W73/><G73/><T122/><D38/><U39/><E39/><V6/><F6/><W106/><G36/><T3/><D3/><U34/><E34/><V98/><F98/><W32/><G118/><T133/><D43/><U110/><E45/><V135/><F135/><W89/><G32/><T87/><D133/><U88/><E55/><V90/><F90/><W4/><G89/><T18/><D122/><U67/><E67/><V22/><F35/><W131/><G131/><T74/><D87/><U72/><E72/><V21/><F71/><W101/><G4/><T9/><D74/><U105/><E109/><V31/><F22/><RYUUKYOKU ba="0,0" sc="192,-10,25,-10,518,30,265,-10" hai2="10,14,16,21,26,29,31,60,64,69" owari="182,-22,15,-48,548,64,255,6" /></mjloggm>