<mjloggm ver="2.3"><GO type="41"/><UN n0="%E3%82%A6%E3%83%AB%E3%83%88%E3%83%A9%E7%AB%8B%E7%9B%B4" n1="%54%4B%E3%83%A8%E3%82%B7%E5%9D%8A" n2="%E3%81%97%E3%82%85%E3%81%86%E3%81%A1%E3%82%83%E3%82%93%E2%99%AA" n3="%E3%82%BA%E3%83%96" dan="14,13,14,14" rate="1912,1875,1925,1906" sx="M,M,M,M"/><TAIKYOKU oya="0"/><INIT seed="0,0,0,2,1,10" ten="250,250,250,250" oya="0" hai0="71,9,8,112,36,80,90,38,47,21,102,54,23" hai1="0,22,63,125,55,124,72,123,6,50,116,14,45" hai2="107,68,26,37,131,99,115,18,103,51,118,69,104" hai3="130,81,88,114,92,128,16,60,132,25,58,134,97"/><T33/><D71/><U85/><E72/><V127/><F37/><W28/><G114/><T11/><D33/><U95/><E123/><V121/><F115/><W32/><G81/><T113/><D102/><U31/><E0/><V2/><F121/><W82/><G82/><T35/><D35/><U65/><E116/><V56/><F107/><W67/><REACH who="3" step="1"/><G16/><REACH who="3" step="2"/><T4/><D4/><U120/><E120/><V98/><F118/><W126/><G126/><T41/><D113/><U53/><E125/><V43/><F127/><W49/><G49/><T34/><D112/><U64/><E124/><V94/><F51/><W24/><G24/><T87/><D34/><U105/><E31/><V106/><F26/><W96/><G96/><T66/><D38/><U122/><E122/><V13/><F98/><W117/><G117/><T3/><D3/><U42/><E6/><V83/><F2/><W1/><G1/><T100/><D36/><U62/><E105/><V110/><F106/><W76/><G76/><T7/><D7/><U79/><E79/><V75/><F104/><W135/><AGARI ba="0,1" hai="25,28,32,58,60,67,88,92,97,128,130,132,134,135" machi="135" ten="40,8000,1" yaku="1,1,0,1,20,1,54,1,53,0" doraHai="10" doraHaiUra="101" who="3" fromWho="3" sc="250,-40,250,-20,250,-20,240,90" /><INIT seed="1,0,0,5,1,26" ten="210,230,230,330" oya="1" hai0="91,94,55,89,70,122,67,119,39,50,57,56,34" hai1="83,17,36,54,44,11,131,121,107,72,8,102,30" hai2="14,126,46,117,20,115,108,82,9,78,88,123,73" hai3="81,118,93,23,33,111,10,75,1,58,51,12,61"/><U2/><E121/><V129/><F123/><W74/><G111/><T53/><D122/><U6/><E131/><V21/><F117/><W42/><G33/><T76/><D119/><U32/><E107/><V49/><F108/><W16/><G118/><T106/><D106/><U95/><E102/><V116/><F116/><W103/><G74/><T65/><D76/><U40/><E54/><V47/><F129/><W18/><G75/><T97/><D39/><U37/><E95/><V134/><F115/><W48/><G1/><T19/><D70/><U109/><E109/><V60/><F60/><W22/><G81/><T31/><D89/><U64/><E64/><V114/><F114/><W27/><G42/><T5/><D5/><U101/><E101/><V90/><F47/><W132/><G10/><T45/><D45/><U77/><E11/><V84/><F73/><W128/><G128/><T13/><D34/><U99/><E17/><V105/><F105/><W52/><G132/><T43/><D43/><U35/><E99/><AGARI ba="0,0" hai="12,16,18,22,23,27,48,51,52,58,61,93,99,103" machi="99" ten="40,5200,0" yaku="8,1,54,2" doraHai="26" who="3" fromWho="1" sc="210,0,230,-52,230,0,330,52" /><INIT seed="2,0,0,3,5,122" ten="210,178,230,382" oya="2" hai0="119,16,21,78,13,58,109,80,81,20,45,90,86" hai1="99,113,14,24,9,91,114,103,62,102,10,15,106" hai2="40,50,30,88,77,26,38,74,37,27,89,51,73" hai3="57,95,67,59,85,47,100,83,94,124,93,98,130"/><V28/><REACH who="2" step="1"/><F77/><REACH who="2" step="2"/><W34/><G130/><T23/><D109/><U52/><E24/><V66/><F66/><W115/><G115/><T79/><D119/><U107/><E91/><V53/><F53/><W72/><G72/><T134/><D134/><U4/><E114/><V44/><F44/><W135/><G135/><T29/><D29/><U69/><E113/><V108/><F108/><W41/><G124/><T12/><D45/><U43/><E43/><AGARI ba="0,1" hai="26,27,28,30,37,38,40,43,50,51,73,74,88,89" machi="43" ten="25,18000,2" yaku="21,2,22,2,54,1,53,2" doraHai="122" doraHaiUra="105" who="2" fromWho="1" sc="210,0,178,-180,220,190,382,0" owari="210,-19,-2,-50,410,51,382,18" /></mjloggm>