<mjloggm ver="2.3"><GO type="41"/><UN n0="%E4%B8%89%E8%89%B2%E6%97%97%E3%81%AE%E4%B8%8B" n1="%E4%BB%8A%E4%BA%95%E6%81%AD%E5%AD%90" n2="%E3%82%B9%E3%83%A2%E3%83%BC%E3%82%AF%E3%83%81%E3%83%BC%E3%82%BA" n3="%E3%82%A6%E3%83%AB%E3%83%88%E3%83%A9%E7%AB%8B%E7%9B%B4" dan="14,15,14,14" rate="1903,2005,1925,1894" sx="M,F,M,M"/><TAIKYOKU oya="0"/><INIT seed="0,0,0,0,1,55" ten="250,250,250,250" oya="0" hai0="29,114,118,40,34,7,121,116,96,127,81,8,41" hai1="0,107,22,6,38,87,106,110,117,10,135,13,45" hai2="120,59,92,65,108,61,134,97,63,73,14,98,69" hai3="95,72,99,125,76,75,128,60,102,3,12,66,49"/><T113/><D81/><U115/><E117/><N who="0" m="45161" /><D96/><U94/><E110/><V4/><F73/><W36/><G3/><N who="0" m="127" /><D41/><U91/><E135/><V30/><F108/><W54/><G36/><T53/><D53/><U2/><E115/><N who="0" m="44041" /><D40/><U64/><E38/><V42/><F134/><W71/><G76/><T16/><D127/><U74/><E74/><V88/><F120/><W26/><G125/><T78/><D78/><U104/><E45/><V35/><F42/><W37/><G37/><T80/><D80/><U27/><REACH who="1" step="1"/><E64/><REACH who="1" step="2"/><V86/><F65/><N who="3" m="41383" /><G72/><T133/><D133/><U105/><N who="1" m="27136" /><DORA hai="100" /><U47/><E47/><V23/><F69/><W24/><G66/><T44/><D44/><U33/><E33/><V109/><F35/><W5/><G75/><T77/><D77/><U111/><E111/><V48/><F109/><W51/><G54/><T90/><D90/><U103/><E103/><V130/><F88/><W84/><G102/><T46/><D46/><U17/><AGARI ba="0,1" hai="0,2,6,10,13,17,22,27,87,91,94" m="27136" machi="17" ten="60,12000,2" yaku="1,1,0,1,52,4,53,1" doraHai="55,100" doraHaiUra="19,50" who="1" fromWho="1" sc="250,-60,240,130,250,-30,250,-30" /><INIT seed="1,0,0,4,0,27" ten="190,370,220,220" oya="1" hai0="66,22,81,80,47,123,36,62,77,119,75,73,83" hai1="16,106,24,107,120,87,67,11,40,93,20,3,74" hai2="26,14,126,84,114,55,37,35,117,29,59,46,92" hai3="54,41,97,124,89,110,30,105,86,57,118,122,116"/><U21/><E74/><V42/><F117/><N who="3" m="45163" /><G41/><T43/><D119/><U32/><E32/><V130/><F114/><W132/><G132/><T94/><D123/><U15/><E120/><V23/><F130/><W17/><G122/><T104/><D104/><U82/><E67/><V33/><F126/><W18/><G124/><T28/><D94/><U113/><E113/><V63/><F14/><W34/><G110/><T51/><D36/><U60/><E60/><V7/><F7/><W53/><G34/><T79/><D83/><U68/><E68/><V70/><F70/><W2/><G2/><T108/><D108/><U135/><E135/><V49/><F37/><W95/><G30/><T131/><D131/><U90/><E40/><V44/><F44/><W103/><G54/><T13/><D13/><U71/><E71/><V85/><F35/><W101/><G101/><T99/><D99/><U98/><E3/><V72/><F72/><W121/><G121/><T38/><D38/><U12/><E12/><V52/><F42/><W9/><G9/><T45/><D47/><U39/><E39/><V10/><F10/><W88/><G89/><T133/><D133/><U48/><E48/><AGARI ba="0,0" hai="17,18,48,53,57,86,88,95,97,103,105" m="45163" machi="48" ten="30,2000,0" yaku="12,1,54,1" doraHai="27" who="3" fromWho="1" sc="190,0,370,-20,220,0,220,20" /><INIT seed="2,0,0,1,1,125" ten="190,350,220,240" oya="2" hai0="87,56,85,10,30,124,129,94,24,17,16,78,93" hai1="97,130,58,92,38,90,99,33,115,107,118,52,34" hai2="54,112,40,50,8,84,14,119,120,126,89,51,106" hai3="2,21,19,5,42,86,103,111,132,113,27,98,73"/><V62/><F119/><W43/><G73/><T75/><D124/><U39/><E118/><V100/><F112/><W29/><G113/><T22/><D75/><U23/><E115/><V59/><F126/><W53/><G132/><T4/><D129/><U114/><E114/><V105/><F120/><W69/><G69/><T0/><D56/><U116/><E116/><V25/><F25/><W88/><G111/><T47/><D47/><U37/><E130/><V127/><F127/><W122/><G122/><T110/><D110/><U60/><REACH who="1" step="1"/><E23/><REACH who="1" step="2"/><V135/><F135/><W70/><G21/><T26/><D78/><U101/><AGARI ba="0,1" hai="33,34,37,38,39,52,58,60,90,92,97,99,101,107" machi="101" ten="40,12000,2" yaku="1,1,2,1,0,1,54,1,53,2" doraHai="125" doraHaiUra="28" who="1" fromWho="1" sc="190,-30,340,130,220,-60,240,-30" /><INIT seed="3,0,0,2,3,103" ten="160,470,160,210" oya="3" hai0="1,44,75,11,118,34,5,23,81,54,39,99,85" hai1="8,102,128,60,115,12,47,94,42,98,51,58,101" hai2="129,59,41,3,109,48,83,28,107,7,71,27,88" hai3="122,92,52,24,73,126,134,89,125,43,56,66,61"/><W10/><G122/><T116/><D34/><U31/><E128/><V67/><F71/><W97/><G73/><T70/><D70/><U36/><E115/><V46/><F129/><W86/><G134/><T6/><D6/><U20/><E36/><V79/><F3/><W117/><G117/><T130/><D130/><U90/><E20/><V124/><F7/><W82/><G43/><T22/><D99/><U33/><E31/><V21/><F109/><W14/><G24/><T106/><D106/><U111/><E33/><V16/><F107/><W64/><G125/><T76/><D85/><U57/><E111/><V121/><F121/><W91/><REACH who="3" step="1"/><G126/><REACH who="3" step="2"/><T50/><REACH who="0" step="1"/><D39/><REACH who="0" step="2"/><U72/><E72/><V40/><F124/><W2/><G2/><T38/><D38/><U131/><E131/><V100/><F41/><W26/><G26/><T96/><D96/><U108/><E98/><V112/><F112/><W95/><G95/><T114/><D114/><U25/><E94/><V9/><F28/><W135/><G135/><T0/><D0/><U123/><E42/><V110/><F110/><W80/><G80/><T35/><D35/><U32/><E32/><V55/><F40/><W45/><G45/><T84/><D84/><U69/><E47/><V104/><F83/><W87/><G87/><T78/><D78/><U133/><E108/><V15/><F46/><W93/><G93/><T63/><D63/><U77/><E60/><V30/><F79/><W17/><AGARI ba="0,2" hai="10,14,17,52,56,61,64,66,82,86,89,91,92,97" machi="17" ten="20,12000,1" yaku="1,1,0,1,7,1,8,1,54,1,53,0" doraHai="103" doraHaiUra="127" who="3" fromWho="3" sc="150,-40,470,-40,160,-40,200,140" /><INIT seed="3,1,0,5,5,98" ten="110,430,120,340" oya="3" hai0="84,113,85,111,35,52,55,53,94,11,19,71,62" hai1="90,10,114,8,16,72,102,32,117,99,34,120,116" hai2="21,4,129,33,18,131,22,130,56,80,60,74,75" hai3="47,70,68,132,1,100,105,115,82,79,134,48,107"/><W69/><G1/><T91/><D111/><U49/><E120/><V93/><F33/><W3/><G3/><T57/><D35/><U31/><E114/><V61/><F4/><W44/><G115/><T73/><D73/><U26/><E72/><V42/><F42/><W43/><G47/><T112/><D71/><U59/><E34/><V37/><F37/><W108/><G108/><T122/><D122/><U51/><E90/><V133/><F133/><N who="3" m="51307" /><G100/><T29/><D29/><U121/><E121/><V126/><F126/><W36/><G48/><T20/><D113/><U46/><E59/><V66/><F80/><W118/><G118/><N who="1" m="45674" /><E16/><V96/><F61/><W25/><G25/><T124/><D124/><U27/><E26/><N who="2" m="14647" /><F22/><W128/><G128/><T65/><D112/><U67/><E67/><V13/><F13/><W6/><G6/><T88/><D11/><N who="1" m="4139" /><E46/><V64/><F64/><W2/><G2/><T104/><D104/><AGARI ba="1,0" hai="27,31,32,49,51,99,102,104" m="4139,45674" machi="104" ten="30,2000,0" yaku="12,1,52,1" doraHai="98" who="1" fromWho="0" sc="110,-23,430,23,120,0,340,0" /><INIT seed="4,0,0,0,5,39" ten="87,453,120,340" oya="0" hai0="119,120,76,12,98,77,124,100,102,109,89,105,20" hai1="72,38,106,85,55,33,129,104,26,60,35,0,121" hai2="118,88,82,122,59,17,10,44,99,97,75,1,14" hai3="19,126,133,30,9,5,37,125,18,114,67,94,25"/><T128/><D120/><U22/><E72/><V31/><F122/><W34/><G67/><T123/><D123/><U49/><E38/><V113/><F113/><W13/><G94/><T32/><D32/><U27/><E121/><V64/><F1/><W132/><G37/><T62/><D119/><U61/><E0/><V131/><F118/><W4/><G114/><T81/><D124/><N who="3" m="47721" /><G19/><T40/><D128/><U41/><E129/><V79/><F31/><W46/><G46/><T47/><D109/><U135/><E135/><AGARI ba="0,0" hai="4,5,9,13,18,25,30,34,132,133,135" m="47721" machi="135" ten="30,7700,0" yaku="20,1,18,1,34,2" doraHai="39" who="3" fromWho="1" sc="87,0,453,-77,120,0,340,77" /><INIT seed="5,0,0,4,1,105" ten="87,376,120,417" oya="1" hai0="30,43,82,57,10,134,5,102,54,15,109,61,1" hai1="45,11,85,131,97,75,89,9,19,96,129,121,29" hai2="87,101,26,93,130,50,63,128,95,4,35,65,20" hai3="88,112,3,42,115,94,62,31,69,55,27,78,107"/><U18/><E121/><V123/><F123/><W79/><G107/><T14/><D109/><U41/><E29/><V119/><F35/><W7/><G42/><T81/><D134/><U58/><E58/><V67/><F119/><W64/><G7/><T23/><D102/><U8/><E75/><V33/><F33/><N who="3" m="20735" /><G55/><T39/><D39/><U22/><E97/><V126/><F126/><W25/><G25/><T60/><D43/><U100/><E22/><V90/><F4/><W106/><G3/><T72/><D72/><U53/><E53/><V17/><F130/><N who="1" m="49673" /><E85/><V49/><F128/><W114/><G106/><T52/><D1/><U108/><E89/><V77/><F77/><W122/><G122/><T113/><D113/><N who="3" m="28929" /><W47/><DORA hai="36" /><G47/><T56/><D15/><U99/><E108/><V124/><F124/><W68/><G68/><T38/><REACH who="0" step="1"/><D38/><REACH who="0" step="2"/><N who="1" m="21687" /><E99/><AGARI ba="0,1" hai="62,64,69,78,79,88,94,99" m="28929,20735" machi="99" ten="40,2600,0" yaku="15,1,54,1" doraHai="105,36" who="3" fromWho="1" sc="77,0,376,-26,120,0,417,36" /><INIT seed="6,0,0,0,0,128" ten="77,350,120,453" oya="2" hai0="91,76,69,80,99,48,75,59,55,50,5,63,131" hai1="45,31,44,115,11,78,19,36,103,35,95,121,12" hai2="7,88,86,3,122,9,94,41,56,119,21,16,51" hai3="67,15,61,117,28,60,132,73,92,30,112,101,52"/><V135/><F119/><W65/><G73/><T84/><D131/><U93/><E115/><V39/><F39/><W13/><G92/><T77/><D69/><U72/><E121/><V106/><F106/><W62/><G101/><T100/><D5/><U74/><E31/><N who="3" m="11818" /><G117/><T114/><D114/><U83/><E35/><V98/><F122/><W23/><G112/><T17/><D17/><U120/><E74/><V102/><F135/><W68/><G68/><T26/><D26/><U118/><E118/><V47/><F102/><W54/><G132/><T49/><D77/><U58/><E120/><V108/><F108/><W111/><G111/><T82/><REACH who="0" step="1"/><D63/><REACH who="0" step="2"/><U90/><E78/><V123/><F123/><W8/><G65/><T110/><D110/><U37/><E19/><V33/><F33/><W126/><G67/><T34/><D34/><U107/><E107/><AGARI ba="0,1" hai="48,49,50,55,59,75,76,80,82,84,91,99,100,107" machi="107" ten="30,2000,0" yaku="1,1,7,1,53,0" doraHai="128" doraHaiUra="22" who="0" fromWho="1" sc="67,30,350,-20,120,0,453,0" /><INIT seed="7,0,0,5,4,86" ten="97,330,120,453" oya="3" hai0="15,35,124,18,6,50,41,48,78,43,108,44,114" hai1="94,105,38,62,27,93,123,84,47,113,23,55,99" hai2="66,54,68,7,0,110,3,117,72,130,61,17,98" hai3="107,116,81,122,134,77,53,32,39,73,106,4,42"/><W8/><G53/><T89/><D108/><U14/><E123/><V76/><F110/><W9/><G9/><T100/><D35/><U64/><E113/><V2/><F117/><W29/><G116/><T56/><D124/><U63/><E105/><V24/><F130/><W82/><G82/><T5/><D114/><U115/><E115/><V104/><F72/><W37/><G134/><T118/><D118/><U85/><E38/><V131/><F131/><W34/><G122/><T135/><D135/><U126/><E126/><V40/><F40/><W33/><G29/><T69/><D69/><U92/><E14/><V12/><F76/><W16/><G16/><T36/><D100/><U121/><E121/><V127/><F24/><W83/><G83/><T112/><D112/><U91/><E84/><V88/><F54/><W97/><G97/><T75/><D78/><U28/><E55/><V26/><F26/><W132/><G132/><T1/><D75/><U25/><E47/><V46/><F46/><W45/><G37/><T120/><D120/><U74/><E74/><V125/><F127/><W133/><G133/><T58/><D1/><AGARI ba="0,0" hai="1,4,8,32,33,34,39,42,45,73,77,81,106,107" machi="1" ten="40,12000,1" yaku="25,2,33,3" doraHai="86" who="3" fromWho="0" sc="97,-120,330,0,120,0,453,120" owari="-23,-52,330,13,120,-28,573,67" /></mjloggm>