<mjloggm ver="2.3"><GO type="9"/><UN n0="%4E%6F%4E%61%6D%65" n1="%70%69%6B%61%72%6F" n2="%E3%82%A6%E3%83%AB%E3%83%88%E3%83%A9%E7%AB%8B%E7%9B%B4" n3="%E8%B6%85%E6%8C%AF%E5%8B%95" dan="0,5,8,0" rate="1500,1675,1712,1500" sx="M,M,M,M"/><TAIKYOKU oya="0"/><INIT seed="0,0,0,4,3,58" ten="250,250,250,250" oya="0" hai0="124,24,90,96,122,130,20,35,135,73,87,72,55" hai1="131,3,84,114,119,12,0,132,97,47,121,125,134" hai2="127,48,44,102,76,7,116,33,70,85,40,120,95" hai3="108,18,25,109,5,133,29,93,71,42,6,65,63" shuffle="mt19937ar,B0087DEF,C88F21A4,FE6A2FF8,C16486C7,05725EC5,6C82B811,0BF045FB,D644E980"/><T53/><D135/><N who="1" m="51755" /><E121/><V50/><F33/><W104/><G104/><T88/><D130/><U98/><E119/><V74/><F74/><W64/><G133/><T100/><D124/><U30/><E131/><V38/><F127/><W36/><G65/><T89/><D35/><U16/><E125/><V106/><F106/><W27/><G18/><T112/><D112/><U43/><E114/><V68/><F38/><W26/><G29/><T77/><D122/><U94/><E30/><V23/><F120/><W81/><G81/><T46/><D46/><U1/><E84/><V10/><F23/><W115/><G115/><T49/><D55/><U78/><E78/><V103/><F70/><W105/><G105/><T79/><D53/><U61/><E61/><V82/><F68/><W45/><REACH who="3" step="1"/><G93/><REACH who="3" step="2"/><T60/><D24/><U91/><E98/><V22/><F95/><W57/><G57/><T86/><D20/><N who="1" m="11271" /><E0/><V110/><F116/><W67/><G67/><T117/><D117/><U54/><E54/><V52/><F22/><W17/><G17/><T9/><D9/><U62/><E62/><V34/><F34/><W15/><G15/><T118/><D60/><U126/><E126/><V66/><F66/><W56/><G56/><T80/><D118/><U59/><E59/><V113/><F113/><W31/><G31/><T129/><D49/><AGARI ba="0,1" hai="1,3,43,47,49,91,94,97" m="11271,51755" machi="49" ten="30,2000,0" yaku="20,1,54,1" doraHai="58" who="1" fromWho="0" sc="250,-20,250,30,250,0,240,0" /><INIT seed="1,0,0,3,4,1" ten="230,280,250,240" oya="1" hai0="69,133,33,127,86,49,67,107,26,106,90,47,105" hai1="19,128,27,92,15,56,76,75,57,12,85,25,53" hai2="44,98,34,23,95,118,112,51,82,96,63,88,21" hai3="114,89,91,17,59,9,42,113,121,115,131,109,20" shuffle="mt19937ar,BCB35655,503A594A,4D776C00,F6E34779,39180C18,4B8CA54C,62B247E6,138EF855"/><U28/><E128/><V61/><F34/><W54/><G42/><T11/><D133/><U18/><E75/><V80/><F118/><W40/><G9/><T129/><D127/><U6/><E57/><V50/><F112/><W0/><G0/><T81/><D129/><U124/><E124/><V125/><F125/><W83/><G40/><T3/><D3/><U58/><E92/><V31/><F98/><W120/><G54/><T101/><D11/><U10/><E76/><V65/><F50/><W24/><G59/><T93/><D49/><U30/><E85/><V43/><F63/><W94/><G83/><T99/><D47/><U41/><E41/><V84/><F31/><N who="1" m="11817" /><E53/><V132/><F132/><W36/><G36/><T46/><D46/><U60/><E60/><V66/><F82/><W45/><G45/><T87/><D26/><N who="1" m="9739" /><E58/><V103/><REACH who="2" step="1"/><F65/><REACH who="2" step="2"/><W111/><G94/><T64/><D67/><U29/><E56/><AGARI ba="0,1" hai="21,23,43,44,51,56,61,66,80,84,88,95,96,103" machi="56" ten="30,8000,1" yaku="1,1,2,1,7,1,8,1,54,1,53,0" doraHai="1" doraHaiUra="35" who="2" fromWho="1" sc="230,0,280,-80,240,90,240,0" /><INIT seed="2,0,0,5,0,102" ten="230,200,330,240" oya="2" hai0="30,51,107,32,22,112,134,9,58,94,64,103,114" hai1="108,70,115,41,20,5,21,120,55,71,128,113,18" hai2="40,19,92,99,65,3,81,78,91,123,17,14,76" hai3="29,45,27,34,13,84,79,2,98,135,35,63,39" shuffle="mt19937ar,A3F9D9E5,AAFD8601,8013C84C,8EF5B4DF,74E99173,550A0467,7F7798BF,BD293DBF"/><V131/><F3/><W66/><G135/><T53/><D134/><U37/><E128/><V28/><F131/><W132/><G132/><T8/><D114/><U11/><E120/><V89/><F123/><W16/><G39/><T15/><D112/><U47/><E108/><V68/><F28/><W43/><G2/><T80/><D80/><U116/><E116/><V124/><F124/><W0/><G0/><T72/><D94/><U74/><E74/><V56/><F68/><W59/><G79/><T133/><D72/><U122/><E122/><V83/><F40/><W88/><G98/><T86/><D86/><U44/><E115/><V33/><F33/><W48/><G29/><T12/><D64/><U97/><E113/><V42/><F42/><W60/><G27/><T57/><D22/><U69/><E97/><V82/><F89/><W31/><G60/><T106/><D103/><U73/><E73/><V62/><REACH who="2" step="1"/><F17/><REACH who="2" step="2"/><W100/><G100/><T36/><D133/><U49/><REACH who="1" step="1"/><E18/><REACH who="1" step="2"/><V95/><F95/><W93/><REACH who="3" step="1"/><G31/><REACH who="3" step="2"/><T75/><D30/><U25/><E25/><V118/><F118/><W24/><G24/><T96/><D15/><AGARI ba="0,3" hai="5,11,15,20,21,37,41,44,47,49,55,69,70,71" machi="15" ten="40,1300,0" yaku="1,1,53,0" doraHai="102" doraHaiUra="105" who="1" fromWho="0" sc="230,-13,190,43,320,0,230,0" /><INIT seed="3,0,0,3,2,84" ten="217,233,320,230" oya="3" hai0="15,74,19,43,98,4,132,62,49,28,60,31,22" hai1="50,12,35,79,0,134,36,70,44,101,13,122,113" hai2="27,8,29,130,135,104,87,2,63,88,14,66,90" hai3="76,92,48,114,126,38,7,16,33,54,80,131,97" shuffle="mt19937ar,DFD4E6F4,9938978F,F1599A29,C1AE58F5,DC6E1844,9FADA7BD,B9B7B288,5511A39B"/><W69/><G114/><T67/><D74/><U127/><E122/><V124/><F104/><W18/><G126/><T71/><D132/><U6/><E113/><V120/><F2/><W99/><G131/><T95/><D4/><U115/><E115/><V58/><F124/><W51/><G33/><T82/><D82/><U26/><E134/><V75/><F75/><W78/><G38/><T112/><D112/><U96/><E127/><V61/><F135/><W91/><G69/><T119/><D119/><U17/><E36/><V93/><F130/><W117/><G117/><T23/><D49/><U37/><E37/><V39/><F39/><W32/><G32/><T123/><D43/><U11/><E70/><V25/><F63/><W121/><G121/><T20/><D123/><U111/><E111/><V89/><F120/><W109/><G109/><T65/><D28/><U129/><E129/><V86/><F29/><W81/><G7/><T52/><D31/><U5/><E79/><V47/><F47/><W57/><G57/><T110/><D52/><U40/><E35/><V53/><F66/><W107/><G92/><T42/><D42/><U83/><E83/><N who="2" m="49247" /><F89/><W100/><G54/><T116/><D110/><U34/><E34/><V24/><F24/><W133/><G133/><T21/><D116/><U46/><E0/><V55/><F55/><W85/><G85/><T41/><D41/><N who="1" m="24847" /><E26/><V30/><F30/><W1/><G107/><T64/><D71/><U72/><E72/><V68/><F68/><W59/><G59/><T73/><D73/><U3/><E13/><V125/><F125/><RYUUKYOKU ba="0,0" sc="217,15,233,-15,320,15,230,-15" hai0="15,19,20,21,22,23,60,62,64,65,67,95,98" hai2="8,14,25,27,53,58,61,87,90,93" /><INIT seed="4,1,0,2,1,10" ten="232,218,335,215" oya="0" hai0="118,114,131,43,103,59,80,38,29,121,76,88,82" hai1="28,8,9,19,79,30,15,83,108,53,117,110,73" hai2="26,7,39,12,104,24,106,0,23,31,33,132,46" hai3="109,100,40,134,4,13,93,14,45,95,101,21,41" shuffle="mt19937ar,DBDC9E0E,2485A39D,FF1563BE,77ECF74C,D0160F6C,81F9B465,9EEF96C3,775F4F14"/><T62/><D121/><U94/><E117/><V2/><F46/><W90/><G134/><T107/><D114/><U91/><E53/><V50/><F50/><W96/><G109/><T77/><D131/><U17/><E110/><V1/><F39/><W52/><G40/><T122/><D118/><U86/><REACH who="1" step="1"/><E108/><REACH who="1" step="2"/><V89/><F132/><W6/><G21/><T129/><D122/><U58/><E58/><V124/><F124/><W42/><G45/><T55/><D129/><U27/><E27/><V123/><F123/><W84/><G96/><T125/><D125/><U57/><E57/><V67/><F67/><W99/><G99/><T60/><D107/><U68/><E68/><V115/><F104/><W113/><G113/><T70/><D70/><U128/><E128/><V5/><F106/><W85/><REACH who="3" step="1"/><G90/><REACH who="3" step="2"/><T105/><D38/><U97/><E97/><V87/><F115/><W66/><G66/><T126/><D126/><U25/><E25/><V120/><F120/><W74/><G74/><T37/><D37/><U119/><E119/><V102/><F89/><W36/><G36/><T78/><D105/><U49/><E49/><V32/><F87/><W112/><G112/><T116/><D116/><U16/><E16/><N who="2" m="10631" /><F102/><W47/><G47/><T51/><D103/><U63/><E63/><V22/><F33/><W71/><G71/><T35/><D43/><U75/><E75/><V20/><F32/><W34/><G34/><T3/><D35/><U72/><E72/><V61/><F61/><W130/><G130/><T98/><D29/><AGARI ba="1,2" hai="0,1,2,5,7,20,22,24,26,29,31" m="10631" machi="29" ten="30,12000,2" yaku="35,5,52,1,54,1" doraHai="10" who="2" fromWho="0" sc="232,-123,208,0,335,143,205,0" /><INIT seed="5,0,0,1,1,91" ten="109,208,478,205" oya="1" hai0="60,113,106,53,79,95,108,24,134,109,94,14,21" hai1="46,50,81,82,123,2,16,26,56,37,77,118,114" hai2="133,90,100,34,117,102,65,64,22,27,75,135,85" hai3="120,93,72,1,61,0,59,13,44,84,18,23,28" shuffle="mt19937ar,AE9B6128,8A3F00B8,EB42F91F,E28C5C44,EFBFF5C4,5D63051A,1485A3DC,C228F39C"/><U121/><E118/><V125/><F34/><W111/><G111/><T19/><D134/><N who="2" m="51210" /><F75/><W132/><G132/><T58/><D113/><U47/><E114/><V7/><F7/><W66/><G120/><T110/><D106/><U130/><E121/><V128/><F128/><W80/><G72/><T48/><D79/><U116/><E123/><V67/><F125/><W4/><G4/><T62/><D24/><U73/><E116/><V9/><F9/><W5/><G5/><T15/><D15/><U11/><E130/><V38/><F38/><W96/><G28/><T70/><D70/><U99/><E99/><V54/><F54/><W104/><G44/><T29/><D29/><U115/><E115/><V76/><F76/><W97/><G104/><T43/><REACH who="0" step="1"/><D43/><REACH who="0" step="2"/><U105/><E105/><V103/><F117/><W3/><REACH who="3" step="1"/><G93/><AGARI ba="0,1" hai="14,19,21,48,53,58,60,62,93,94,95,108,109,110" machi="93" ten="40,12000,2" yaku="1,1,2,1,52,3,53,2" doraHai="91" doraHaiUra="57" who="0" fromWho="3" sc="99,130,208,0,478,0,205,-120" /><INIT seed="6,0,0,4,5,23" ten="229,208,478,85" oya="2" hai0="114,125,91,123,79,25,108,96,97,81,83,1,2" hai1="27,39,84,47,28,131,73,70,105,98,60,68,133" hai2="8,11,14,104,66,113,89,118,62,38,42,29,65" hai3="78,72,4,93,49,122,101,54,20,92,46,52,15" shuffle="mt19937ar,AECB8DE4,EDC62D26,FC1645EB,6F3C6EA9,0ADD1B3C,203F03EA,748BEDC8,991652D3"/><V36/><F104/><W85/><G122/><T112/><D123/><U44/><E131/><V6/><F118/><W56/><G101/><T124/><D108/><U88/><E133/><V16/><F113/><N who="0" m="43626" /><D2/><U3/><E73/><V10/><F42/><W94/><G72/><T109/><D1/><U107/><E3/><V76/><F38/><W33/><G33/><T132/><D109/><U110/><E110/><V126/><F36/><W61/><G78/><T13/><D13/><U45/><E39/><V95/><F76/><W0/><G0/><T22/><D132/><U87/><E60/><V120/><F120/><W51/><G20/><T5/><D5/><U80/><E87/><V64/><F126/><N who="0" m="48746" /><D91/><U117/><E117/><V41/><F29/><W18/><G85/><N who="0" m="48319" /><D83/><U37/><E37/><V17/><F41/><W35/><G35/><T9/><D9/><N who="2" m="3690" /><F62/><W74/><G74/><T103/><D103/><U75/><E75/><V30/><F30/><AGARI ba="0,0" hai="22,25,30,96,97" m="48319,48746,43626" machi="30" ten="30,3900,0" yaku="15,1,18,1,52,1" doraHai="23" who="0" fromWho="2" sc="229,39,208,0,478,-39,85,0" /><INIT seed="7,0,0,3,4,51" ten="268,208,439,85" oya="3" hai0="4,2,76,48,11,122,37,110,45,128,1,94,0" hai1="43,16,49,31,135,93,124,17,74,73,88,66,64" hai2="113,77,87,7,19,50,85,39,130,115,78,133,97" hai3="30,10,96,63,119,34,21,41,98,109,46,22,67" shuffle="mt19937ar,4CE88182,04357232,DDE1DFA0,C1343447,7A94FB89,13C0D31E,2865FD59,60780F5B"/><W5/><G119/><T44/><D110/><U126/><E135/><V102/><F7/><W70/><G109/><T23/><D128/><U54/><E31/><V8/><F39/><W35/><G30/><T105/><D105/><U13/><E43/><V59/><F130/><W57/><G22/><T120/><D94/><U127/><E13/><N who="2" m="7591" /><F133/><W38/><G98/><T52/><D23/><U40/><E40/><V58/><F78/><W92/><G70/><T90/><D76/><U62/><E62/><V134/><F134/><W61/><G61/><T104/><D104/><U12/><E74/><V6/><F6/><W72/><G72/><T123/><D90/><U95/><E73/><V69/><F69/><W27/><G27/><T83/><D83/><U89/><E12/><V29/><F29/><W68/><G68/><T91/><D91/><N who="1" m="34891" /><E49/><V3/><F3/><W56/><G56/><T114/><D114/><N who="2" m="43530" /><F77/><W125/><G125/><N who="1" m="32002" /><U20/><DORA hai="99" /><E54/><N who="2" m="32087" /><F59/><W107/><G107/><AGARI ba="0,0" hai="85,87,97,102,107" m="32087,43530,7591" machi="107" ten="30,3900,0" yaku="15,1,52,2" doraHai="51,99" who="2" fromWho="3" sc="268,0,208,0,439,39,85,-39" owari="268,7,208,-19,478,57,46,-45" /></mjloggm>