<mjloggm ver="2.3"><GO type="41"/><UN n0="%70%61%72%75%6F%31%31" n1="%E3%82%A6%E3%83%AB%E3%83%88%E3%83%A9%E7%AB%8B%E7%9B%B4" n2="%E3%83%A2%E3%83%86%E3%82%A3" n3="%E3%82%86%E3%81%BE" dan="15,14,15,13" rate="1944,1949,2055,1831" sx="M,M,M,M"/><TAIKYOKU oya="0"/><INIT seed="0,0,0,5,3,37" ten="250,250,250,250" oya="0" hai0="99,19,133,29,39,78,26,18,65,128,46,56,104" hai1="35,2,15,84,27,117,17,33,71,118,126,107,109" hai2="83,28,87,130,23,40,100,68,111,6,72,69,82" hai3="54,116,7,73,41,132,62,135,61,98,76,34,134"/><T8/><D78/><U1/><E84/><V22/><F6/><W86/><G34/><T110/><D128/><U122/><E71/><V36/><F130/><W105/><G7/><T74/><D74/><U50/><E50/><V92/><F72/><W16/><G116/><T97/><D8/><U60/><E60/><V47/><F111/><W21/><G73/><T101/><D97/><U58/><E58/><V59/><F68/><W53/><G98/><T88/><D110/><U43/><E43/><V119/><F69/><W75/><G75/><T77/><D77/><U125/><E107/><V79/><F119/><W64/><G64/><T48/><D133/><U9/><E109/><V45/><F59/><W127/><G41/><T94/><D39/><U5/><E122/><V63/><F63/><N who="3" m="24075" /><G105/><T115/><D65/><U96/><E96/><N who="2" m="59399" /><F83/><N who="3" m="47463" /><G127/><N who="1" m="48650" /><E35/><V103/><F40/><W112/><G112/><T95/><D56/><U102/><E102/><V106/><F106/><W20/><G20/><N who="2" m="7721" /><F103/><W55/><G54/><N who="0" m="29975" /><D104/><U120/><E120/><V51/><F36/><W12/><AGARI ba="0,0" hai="12,16,21,53,55,132,134,135" m="47463,24075" machi="12" ten="40,2700,0" yaku="20,1,54,1" doraHai="37" who="3" fromWho="3" sc="250,-13,250,-7,250,-7,250,27" /><INIT seed="1,0,0,2,1,56" ten="237,243,243,277" oya="1" hai0="77,59,41,131,91,13,76,18,69,134,118,130,103" hai1="107,33,6,30,64,106,82,96,133,95,57,5,127" hai2="92,110,20,122,126,32,102,38,11,16,48,12,66" hai3="62,98,10,86,90,115,42,104,9,0,89,37,58"/><U34/><E106/><V81/><F38/><W83/><G115/><T51/><D69/><U67/><E107/><V61/><F32/><W63/><G0/><T55/><D118/><U119/><E119/><V24/><F122/><W79/><G42/><T47/><D103/><U15/><E127/><V8/><F126/><W44/><G37/><T94/><D134/><U50/><E133/><V97/><F110/><W109/><G109/><T65/><D65/><U88/><E34/><V2/><F48/><W4/><G44/><T111/><D111/><U3/><E3/><V120/><F120/><W113/><G113/><T72/><D72/><U31/><E33/><V49/><F49/><W99/><G58/><T129/><D94/><U108/><E108/><V28/><F81/><W132/><G132/><T71/><D71/><U78/><E64/><V25/><F2/><W117/><G117/><T68/><D91/><N who="3" m="34825" /><G104/><T114/><D68/><U39/><E39/><V29/><F24/><W73/><G73/><T70/><D70/><U45/><E6/><V87/><F87/><W14/><G10/><N who="0" m="6455" /><D114/><U128/><E128/><V123/><F8/><W7/><G7/><T100/><D100/><U112/><E112/><V85/><F85/><W60/><AGARI ba="0,0" hai="4,9,14,60,62,63,79,83,86,98,99" m="34825" machi="60" ten="30,7900,0" yaku="8,1,52,3" doraHai="56" who="3" fromWho="3" sc="237,-20,243,-39,243,-20,277,79" /><INIT seed="2,0,0,1,1,75" ten="217,204,223,356" oya="2" hai0="80,26,58,105,20,11,124,69,67,74,27,128,118" hai1="15,32,24,135,131,53,36,133,22,110,79,123,113" hai2="112,1,83,73,125,23,100,107,81,62,31,115,7" hai3="16,46,88,3,72,76,45,48,19,68,94,25,14"/><V64/><F125/><W108/><G68/><T4/><D69/><U89/><E36/><V134/><F134/><N who="1" m="51209" /><E113/><V111/><F111/><W65/><G3/><T9/><D124/><U60/><E15/><V35/><F81/><W87/><G65/><T13/><D105/><U41/><E41/><V92/><F107/><W38/><G38/><T8/><D118/><U17/><E32/><V44/><F35/><W77/><G72/><T39/><D39/><U130/><E110/><V99/><F44/><N who="3" m="17003" /><G48/><T119/><D119/><U97/><E123/><V33/><F33/><W109/><G108/><T78/><D128/><U122/><E122/><V70/><F7/><W98/><G98/><T120/><D120/><U95/><E130/><V56/><F1/><W47/><N who="3" m="17011" /><W84/><DORA hai="52" /><G84/><T28/><REACH who="0" step="1"/><D27/><REACH who="0" step="2"/><U103/><E131/><V59/><F115/><W54/><G109/><T66/><D66/><U127/><E127/><V40/><F112/><W5/><G54/><T117/><D117/><U21/><E24/><N who="2" m="16799" /><F40/><W37/><G37/><T10/><D10/><U106/><E53/><V126/><F126/><W91/><G25/><T49/><D49/><U50/><E50/><V104/><F104/><W96/><G5/><T0/><D0/><U71/><E71/><V90/><F70/><W30/><G30/><T51/><D51/><U82/><E17/><N who="3" m="6730" /><G14/><T29/><D29/><U2/><E2/><V43/><F43/><W129/><G129/><T93/><D93/><AGARI ba="0,1" hai="76,77,87,88,91,93,94,96" m="6730,17011" machi="93" ten="40,8000,1" yaku="8,1,52,2,54,2" doraHai="75,52" who="3" fromWho="0" sc="207,-80,204,0,223,0,356,90" /><INIT seed="3,0,0,2,0,21" ten="127,204,223,446" oya="3" hai0="99,58,110,33,18,19,100,124,76,129,111,93,83" hai1="71,22,79,11,67,115,68,46,112,101,37,14,9" hai2="86,135,26,123,119,44,31,125,34,117,69,39,8" hai3="78,65,134,66,60,7,104,23,38,121,130,53,24"/><W122/><G104/><T98/><D33/><U131/><E131/><V57/><F69/><W6/><G38/><T87/><D58/><U50/><E37/><V52/><F123/><W91/><G78/><T128/><D18/><U107/><E79/><V95/><F125/><W116/><G130/><N who="0" m="50283" /><D19/><U80/><E80/><V25/><F135/><W75/><G134/><T15/><D15/><U43/><E68/><V63/><F8/><W42/><G75/><T54/><D54/><U118/><E118/><V132/><F132/><W120/><G116/><T0/><D0/><U94/><E11/><V90/><REACH who="2" step="1"/><F26/><REACH who="2" step="2"/><W1/><G122/><T109/><D124/><U28/><E71/><V62/><F62/><W59/><G120/><T102/><D99/><U4/><E9/><V48/><F48/><W12/><G121/><T105/><D105/><U74/><E107/><V35/><F35/><W13/><G24/><T16/><D16/><U97/><E50/><V84/><F84/><W47/><G1/><T49/><D49/><U2/><E2/><V30/><F30/><W72/><G72/><T5/><D5/><U70/><E74/><V88/><F88/><AGARI ba="0,1" hai="76,83,87,88,93,98,100,102,109,110,111" m="50283" machi="88" ten="40,8000,1" yaku="14,1,19,1,34,2,54,1" doraHai="21" who="0" fromWho="2" sc="127,90,204,0,213,-80,446,0" /><INIT seed="4,0,0,2,3,10" ten="217,204,133,446" oya="0" hai0="132,115,46,66,73,117,36,88,9,2,31,49,127" hai1="126,104,119,93,12,114,123,64,92,22,3,61,62" hai2="16,60,111,35,44,23,72,82,133,77,38,11,99" hai3="54,98,59,68,20,34,45,74,79,124,58,109,90"/><T13/><D117/><U135/><E3/><V102/><F35/><W121/><G68/><T116/><D116/><U26/><E104/><V33/><F33/><W19/><G34/><T97/><D73/><U0/><E0/><V76/><F76/><W96/><G121/><T24/><D2/><U131/><E123/><V25/><F133/><W94/><G124/><T105/><D132/><U108/><E119/><V81/><F81/><W113/><G113/><T63/><D36/><U41/><E135/><V27/><F111/><W15/><G109/><T125/><D115/><U21/><E108/><V55/><F38/><W37/><G37/><T14/><D105/><U70/><E114/><V67/><F11/><W65/><G79/><T53/><D9/><U112/><E112/><V84/><F72/><W80/><G65/><T91/><D66/><U120/><E126/><N who="0" m="48137" /><D63/><U32/><E120/><V39/><F39/><W8/><G74/><T122/><D122/><U52/><E41/><V50/><F27/><W128/><G80/><T56/><D56/><U75/><E75/><V134/><F134/><W51/><G128/><T18/><D18/><U5/><E131/><V30/><F60/><N who="1" m="23145" /><E70/><V95/><REACH who="2" step="1"/><F67/><REACH who="2" step="2"/><W48/><G8/><T6/><D6/><U86/><E64/><V43/><F43/><W130/><G130/><T69/><D69/><U71/><E71/><V1/><F1/><W103/><G51/><T118/><D118/><U29/><E5/><V129/><F129/><W4/><G4/><T7/><D7/><U28/><E32/><V57/><F57/><W85/><G59/><RYUUKYOKU ba="0,1" sc="217,-10,204,-10,123,30,446,-10" hai2="16,23,25,30,44,50,55,77,82,84,95,99,102" /><INIT seed="5,1,1,0,3,54" ten="207,194,153,436" oya="1" hai0="14,73,12,6,127,4,96,34,64,41,43,118,20" hai1="111,13,101,57,61,10,42,80,18,133,107,82,60" hai2="119,28,128,19,51,74,47,9,116,0,22,134,130" hai3="44,100,71,24,102,98,79,88,45,108,112,7,33"/><U114/><E111/><V77/><F74/><W32/><G71/><T69/><D118/><U91/><E133/><V90/><F77/><W86/><G108/><T115/><D34/><U81/><E114/><V92/><F28/><W8/><G112/><T68/><D20/><U103/><E42/><V21/><F0/><W75/><G102/><T35/><D35/><U63/><E91/><V31/><F31/><W123/><G123/><T56/><D115/><U37/><E37/><V67/><F67/><W131/><G131/><N who="2" m="50217" /><F9/><W104/><G24/><T135/><D96/><U132/><E132/><V97/><F134/><W94/><G33/><T126/><D135/><U121/><E121/><V55/><F21/><W27/><G27/><AGARI ba="1,1" hai="19,22,27,47,51,55,90,92,97,116,119" m="50217" machi="27" ten="30,1000,0" yaku="19,1" doraHai="54" who="2" fromWho="3" sc="207,0,194,0,153,23,436,-13" /><INIT seed="6,0,0,5,3,83" ten="207,194,176,423" oya="2" hai0="65,18,40,91,99,35,111,60,129,45,97,125,89" hai1="87,88,103,2,58,8,33,52,132,50,39,110,59" hai2="44,31,93,120,107,69,104,67,19,135,96,82,126" hai3="134,62,48,1,37,14,92,66,116,73,121,57,117"/><V24/><F120/><W114/><G73/><T81/><D111/><U12/><E33/><V75/><F19/><W85/><G1/><T0/><D35/><U84/><E39/><V38/><F135/><W26/><G37/><T127/><D0/><U17/><E2/><V71/><F126/><N who="0" m="48138" /><D18/><U7/><E132/><V4/><F4/><W29/><G121/><T27/><D27/><U9/><E103/><V112/><F112/><W34/><G114/><T23/><D23/><U3/><E110/><V79/><F93/><W80/><G92/><T72/><D72/><U94/><E59/><V115/><F115/><W28/><G29/><T46/><D129/><U90/><E90/><N who="0" m="34313" /><D81/><U43/><E43/><V41/><F67/><W133/><G14/><T78/><D78/><U16/><E17/><V108/><F108/><W47/><G134/><T130/><D130/><U53/><E53/><V6/><F6/><W131/><G131/><T101/><D40/><U36/><E36/><V100/><REACH who="2" step="1"/><F107/><REACH who="2" step="2"/><W5/><G5/><T109/><D109/><U63/><REACH who="1" step="1"/><E87/><REACH who="1" step="2"/><V22/><AGARI ba="0,2" hai="22,24,31,38,41,44,69,71,75,79,82,96,100,104" machi="22" ten="20,12000,1" yaku="1,1,2,1,0,1,7,1,53,1" doraHai="83" doraHaiUra="105" who="2" fromWho="2" sc="207,-40,184,-40,166,140,423,-40" /><INIT seed="6,1,0,1,4,109" ten="167,144,306,383" oya="2" hai0="119,36,132,105,102,5,126,1,51,9,37,16,74" hai1="129,20,93,62,49,22,40,92,76,34,54,6,130" hai2="45,23,134,73,30,127,68,113,83,72,107,89,55" hai3="97,91,118,15,8,121,106,17,124,110,48,123,43"/><V133/><F68/><W24/><G110/><T117/><D74/><U42/><E34/><V77/><F107/><W46/><G118/><N who="0" m="45067" /><D126/><U31/><E6/><V59/><F45/><W29/><G124/><T61/><D132/><N who="2" m="50794" /><F127/><W96/><G106/><T135/><D135/><U98/><E76/><V26/><F89/><W86/><G121/><T66/><D51/><U94/><E98/><V33/><F73/><W14/><G15/><T60/><D16/><U21/><E31/><V115/><F33/><W12/><G12/><T78/><D78/><U95/><N who="1" m="24064" /><DORA hai="125" /><U82/><E82/><V44/><F44/><W80/><G123/><T41/><D41/><U57/><E49/><AGARI ba="1,0" hai="23,26,30,49,55,59,72,77,83,113,115" m="50794" machi="49" ten="30,5800,0" yaku="20,1,52,2" doraHai="109,125" who="2" fromWho="1" sc="167,0,144,-61,306,61,383,0" /><INIT seed="6,2,0,0,1,41" ten="167,83,367,383" oya="2" hai0="57,78,123,90,111,40,52,127,16,15,125,105,6" hai1="56,98,58,75,62,108,84,17,39,109,47,7,14" hai2="30,80,119,2,135,44,0,18,128,122,77,21,9" hai3="28,72,130,83,23,66,126,85,46,1,31,32,110"/><V59/><F122/><W76/><G1/><T45/><D111/><U129/><E75/><V101/><F119/><W74/><G110/><T36/><D123/><U37/><E7/><V92/><F128/><W86/><G66/><T5/><D105/><U19/><E129/><V42/><F135/><W8/><G8/><N who="0" m="6247" /><D78/><U11/><E98/><V27/><F59/><W93/><G130/><T55/><D90/><U95/><E58/><V115/><F115/><W54/><G126/><N who="0" m="48139" /><D55/><U132/><E132/><V117/><F117/><W112/><G112/><T49/><AGARI ba="2,0" hai="5,6,36,40,45,49,52,57" m="48139,6247" machi="49" ten="30,7900,0" yaku="18,1,52,1,54,2" doraHai="41" who="0" fromWho="0" sc="167,85,83,-22,367,-41,383,-22" /><INIT seed="7,0,0,1,3,41" ten="252,61,326,361" oya="3" hai0="135,19,63,110,75,96,35,120,131,32,12,25,61" hai1="86,58,94,124,125,30,65,83,57,74,116,87,62" hai2="1,97,51,0,69,98,24,47,88,95,100,66,34" hai3="43,91,79,3,10,16,67,37,132,118,104,23,101"/><W115/><G79/><T99/><D120/><U127/><E30/><V81/><F69/><W108/><G67/><T112/><D110/><U56/><E74/><V6/><F66/><W20/><G118/><T53/><D75/><U27/><E27/><V13/><F34/><N who="0" m="12842" /><D25/><U73/><E73/><V64/><F24/><W105/><G101/><T122/><D122/><U42/><E94/><V22/><F64/><W14/><G3/><T102/><D53/><U93/><E93/><N who="2" m="58415" /><F0/><W9/><G108/><T84/><D102/><U90/><E116/><V26/><F1/><W106/><G132/><T18/><D84/><U8/><E8/><N who="2" m="4247" /><F26/><W29/><G115/><T133/><D12/><U45/><REACH who="1" step="1"/><E87/><REACH who="1" step="2"/><V11/><F11/><W68/><G9/><T7/><D131/><U114/><E114/><V82/><F22/><W134/><G10/><T60/><D7/><U38/><AGARI ba="0,1" hai="38,42,45,56,57,58,62,65,83,86,90,124,125,127" machi="38" ten="30,7900,0" yaku="1,1,0,1,18,1,52,1,53,0" doraHai="41" doraHaiUra="89" who="1" fromWho="1" sc="252,-20,51,89,326,-20,361,-39" owari="232,-17,140,-36,306,11,322,42" /></mjloggm>