<mjloggm ver="2.3"><GO type="193"/><UN n0="%31%30%36" n1="%E3%82%A6%E3%83%AB%E3%83%88%E3%83%A9%E7%AB%8B%E7%9B%B4" n2="%47%45%4E%55%49%4E%45" n3="%E3%81%BE%E3%81%81%78%31" dan="12,12,12,12" rate="1762,1842,1725,1659" sx="M,M,M,M"/><TAIKYOKU oya="0"/><INIT seed="0,0,0,0,0,21" ten="250,250,250,250" oya="0" hai0="68,63,117,58,57,17,108,123,23,88,47,65,105" hai1="14,82,73,50,26,49,74,126,129,4,38,28,99" hai2="3,51,86,24,9,101,71,84,10,37,119,125,78" hai3="44,66,56,36,13,124,118,76,34,107,11,72,59" shuffle="mt19937ar,816F25A1,057B3B8C,5221D91E,76135D95,07D2C281,D7A5E5E9,CBA0712F,B9A05E94"/><T39/><D117/><U102/><E38/><V100/><F119/><W30/><G118/><T116/><D123/><U93/><E126/><V15/><F71/><W60/><G124/><T111/><D116/><U77/><E129/><V16/><F125/><W121/><G121/><T109/><D105/><U115/><E115/><V45/><F37/><W94/><G107/><T134/><D134/><U19/><E4/><V103/><F3/><W12/><G59/><T87/><D47/><U42/><E74/><V113/><F113/><W135/><G135/><T80/><REACH who="0" step="1"/><D39/><REACH who="0" step="2"/><U31/><E42/><V131/><F131/><W53/><G44/><T90/><D90/><U2/><E2/><V127/><F127/><W52/><G36/><T0/><D0/><U106/><E106/><V75/><F75/><W64/><G72/><T35/><D35/><U32/><REACH who="1" step="1"/><E31/><REACH who="1" step="2"/><V6/><F45/><W95/><G30/><T114/><D114/><U25/><E25/><AGARI ba="0,2" hai="17,23,25,57,58,63,65,68,80,87,88,108,109,111" machi="25" ten="40,18000,2" yaku="1,1,14,1,10,1,52,1,54,1,53,1" doraHai="21" doraHaiUra="20" who="0" fromWho="1" sc="240,200,240,-180,250,0,250,0" /><INIT seed="0,1,0,4,1,34" ten="440,60,250,250" oya="0" hai0="4,5,112,109,132,62,98,70,52,8,67,38,31" hai1="28,80,125,30,53,76,69,97,131,123,71,135,129" hai2="104,94,36,13,99,56,92,23,17,6,102,81,88" hai3="25,133,29,59,106,114,3,21,117,51,73,0,100" shuffle="mt19937ar,583D0A5C,CF2C9583,46BEF9CD,66901FEF,595303E4,AB6EBFF7,243C3B6D,3F1951DD"/><T1/><D112/><U130/><E123/><V110/><F36/><W116/><G114/><T18/><D38/><U24/><E53/><V12/><F110/><W48/><G73/><T124/><D109/><U83/><E97/><V11/><F56/><W108/><G108/><T14/><D132/><U47/><E47/><V72/><F72/><W40/><G133/><T26/><D124/><U90/><E135/><V50/><F50/><W79/><G79/><T68/><D68/><U7/><E7/><V20/><F20/><W60/><G100/><T118/><D118/><U115/><E115/><V64/><F64/><W57/><G106/><T128/><D128/><U35/><E125/><V19/><F19/><W10/><G117/><T49/><D98/><U122/><E122/><V75/><F75/><W111/><G111/><T77/><D77/><U101/><E101/><V113/><F113/><W93/><G116/><T27/><D5/><U74/><E83/><V61/><F61/><W63/><G93/><T16/><D27/><U55/><E90/><V44/><F44/><W120/><G120/><T96/><D96/><U37/><E55/><V66/><F66/><W42/><G10/><T126/><D126/><U65/><E37/><V78/><F78/><W86/><G86/><T95/><D95/><U39/><E39/><V41/><F41/><W84/><G84/><T45/><D14/><U15/><E15/><V134/><F134/><W54/><G42/><T2/><D2/><U32/><E65/><V89/><F89/><W82/><G40/><T85/><D85/><U121/><E121/><RYUUKYOKU ba="1,0" sc="440,10,60,10,250,10,250,-30" hai0="1,4,8,16,18,26,31,45,49,52,62,67,70" hai1="24,28,30,32,35,69,71,74,76,80,129,130,131" hai2="6,11,12,13,17,23,81,88,92,94,99,102,104" /><INIT seed="0,2,0,4,2,1" ten="450,70,260,220" oya="0" hai0="123,114,77,96,89,92,110,41,15,22,88,69,115" hai1="29,128,10,85,5,101,70,121,23,11,28,118,79" hai2="109,126,75,84,37,108,67,71,39,50,19,42,58" hai3="119,100,59,135,9,38,124,43,64,65,35,20,94" shuffle="mt19937ar,7A761FF0,DF65107C,640220FA,C5E45CC2,0FB24DA0,84FB8221,13C7F0FE,6B36ACDB"/><T53/><D123/><U27/><E70/><V12/><F75/><W125/><G119/><T98/><D69/><U80/><E121/><V134/><F84/><W73/><G73/><T8/><D41/><U46/><E118/><V3/><F3/><W102/><G35/><T130/><D77/><U103/><E128/><V104/><F104/><W111/><G135/><T132/><D130/><U68/><E68/><V93/><F93/><W131/><G131/><T112/><D132/><U6/><E29/><V17/><F134/><W63/><G65/><T90/><D110/><N who="2" m="42602" /><F126/><N who="3" m="48747" /><G111/><T52/><D22/><U106/><E106/><V61/><F12/><W21/><G9/><N who="1" m="3082" /><E46/><N who="2" m="23887" /><F39/><W117/><G117/><T105/><D105/><U129/><E129/><V40/><F40/><W24/><G43/><T86/><D86/><U7/><AGARI ba="2,0" hai="5,6,7,23,27,28,79,80,85,101,103" m="3082" machi="7" ten="30,7900,0" yaku="8,1,52,3" doraHai="1" who="1" fromWho="1" sc="450,-41,70,85,260,-22,220,-22" /><INIT seed="1,0,0,1,5,97" ten="409,155,238,198" oya="1" hai0="128,89,8,50,120,26,16,70,92,42,93,41,52" hai1="71,45,102,135,125,103,3,126,44,109,98,47,113" hai2="99,61,67,35,5,18,34,69,21,17,38,105,40" hai3="13,134,11,104,14,29,76,110,10,25,82,54,73" shuffle="mt19937ar,1541CDBC,367508E6,FC1E499A,240E5EAB,5A75C46C,168A5FDB,D5908BE9,252C5230"/><U88/><E71/><V46/><F5/><W83/><G134/><T6/><D70/><U101/><E3/><V24/><F21/><W127/><G127/><N who="1" m="48650" /><E135/><V28/><REACH who="2" step="1"/><F34/><REACH who="2" step="2"/><W36/><G36/><T23/><D128/><U31/><E113/><V4/><F4/><W78/><G110/><T90/><D120/><U19/><E109/><V66/><F66/><W107/><G54/><T95/><D41/><U119/><E119/><V51/><F51/><W133/><G133/><T7/><D42/><U84/><E31/><V60/><F60/><W37/><G37/><T63/><D7/><U20/><E20/><V72/><F72/><W30/><G29/><T58/><D63/><U65/><E65/><V115/><F115/><W32/><G78/><T53/><D53/><U111/><E111/><V96/><F96/><W130/><G130/><T129/><D129/><U106/><E19/><V118/><F118/><W112/><G112/><T0/><AGARI ba="0,1" hai="0,6,8,16,23,26,50,52,58,89,90,92,93,95" machi="0" ten="30,4000,0" yaku="0,1,54,2" doraHai="97" who="0" fromWho="0" sc="409,50,155,-20,228,-10,198,-10" /><INIT seed="2,0,0,2,4,114" ten="459,135,218,188" oya="2" hai0="33,22,108,50,5,10,106,90,107,9,112,135,109" hai1="103,52,70,31,133,0,82,57,34,61,124,20,37" hai2="84,73,63,119,120,6,66,56,59,21,28,123,122" hai3="86,87,99,132,105,85,104,41,8,42,77,130,118" shuffle="mt19937ar,1D7134B2,D7F4BE36,1E5364C3,B1EB1668,D7CD338D,C6407B20,0D0F78B3,F14F7B16"/><V64/><F73/><W128/><G8/><T100/><D112/><U92/><E34/><V80/><F6/><W126/><G41/><T71/><D71/><U18/><E0/><V49/><F21/><W129/><G42/><T40/><D33/><U110/><E37/><V74/><F74/><W55/><G55/><T4/><D100/><U51/><E124/><V29/><F49/><W1/><G1/><T14/><D22/><U75/><E133/><V62/><REACH who="2" step="1"/><F119/><REACH who="2" step="2"/><W25/><G126/><T83/><D135/><U2/><E2/><V16/><F16/><W67/><G132/><T72/><D72/><U30/><E110/><V26/><F26/><W32/><G118/><T44/><D109/><U89/><E103/><V116/><F116/><W19/><G19/><T27/><D108/><U39/><E39/><V88/><AGARI ba="0,1" hai="28,29,56,59,62,63,64,66,80,84,88,120,122,123" machi="88" ten="30,11700,0" yaku="1,1,0,1,9,1,54,1,53,0" doraHai="114" doraHaiUra="7" who="2" fromWho="2" sc="459,-39,135,-39,208,127,188,-39" /><INIT seed="2,1,0,2,2,103" ten="420,96,335,149" oya="2" hai0="73,6,127,113,90,68,61,60,105,66,51,132,125" hai1="108,95,107,78,38,111,21,62,116,7,18,118,88" hai2="99,59,79,77,67,36,27,124,64,23,74,35,9" hai3="98,128,97,117,55,86,80,70,1,13,44,112,126" shuffle="mt19937ar,F51CD4A3,3536A734,C51EF935,760A5C52,52F35F2C,46E05168,DE9F3EC1,8E463E00"/><V56/><F36/><W3/><G117/><T2/><D73/><U42/><E42/><V37/><F37/><W24/><G126/><N who="0" m="48139" /><D113/><U69/><E38/><V114/><F124/><W63/><G128/><T52/><D132/><U123/><E7/><V130/><F114/><W89/><G112/><T26/><D26/><U39/><E39/><V109/><F9/><W115/><G115/><T50/><D6/><U28/><E28/><N who="2" m="17535" /><F35/><W120/><G120/><T20/><D2/><U45/><E45/><V53/><F74/><W49/><G1/><T29/><D20/><U76/><E62/><N who="2" m="36111" /><F99/><W81/><G3/><T22/><D22/><U41/><E69/><V75/><F75/><W8/><G80/><T84/><D29/><U83/><E41/><V48/><F130/><W106/><G24/><T129/><D105/><U133/><E21/><V11/><F11/><W10/><G106/><T31/><D31/><U101/><E18/><V65/><F109/><N who="1" m="42057" /><E133/><V5/><F5/><W119/><G119/><N who="1" m="45610" /><E123/><V121/><F121/><W33/><G33/><T34/><D34/><U47/><E47/><V30/><F30/><W14/><G70/><T92/><D129/><U72/><E78/><V0/><F0/><W25/><G25/><T91/><D91/><U71/><E71/><V12/><F12/><N who="3" m="4715" /><G63/><T96/><D96/><AGARI ba="1,0" hai="8,10,44,49,55,81,86,89,96,97,98" m="4715" machi="96" ten="30,1000,0" yaku="8,1" doraHai="103" who="3" fromWho="0" sc="420,-13,96,0,335,0,149,13" /><INIT seed="3,0,0,3,2,51" ten="407,96,335,162" oya="3" hai0="60,57,95,58,14,65,107,64,19,50,6,47,99" hai1="128,125,112,53,91,41,26,66,75,48,98,4,31" hai2="116,56,121,16,74,133,72,105,11,27,122,55,110" hai3="42,39,46,103,93,119,17,117,78,127,32,24,100" shuffle="mt19937ar,0AECB0D4,BCA9C7D8,6E067240,8A233DBE,6B57E261,A641DA1B,A2681498,82076E81"/><W104/><G127/><T129/><D107/><U38/><E75/><V114/><F105/><W43/><G43/><T123/><D123/><N who="2" m="47114" /><F116/><W13/><G78/><T3/><D129/><U1/><E112/><V62/><F114/><W85/><G104/><T115/><D115/><U113/><E128/><V36/><F36/><W71/><G71/><T80/><D80/><U52/><E125/><V73/><F110/><W25/><G119/><T108/><D108/><U37/><E113/><V131/><F131/><W29/><G117/><T10/><D58/><U30/><E1/><V59/><F133/><W84/><G24/><T21/><D65/><U76/><E38/><V45/><F45/><W22/><G85/><T63/><D63/><U106/><E37/><V82/><F82/><W102/><REACH who="3" step="1"/><G84/><REACH who="3" step="2"/><T126/><D126/><U9/><E106/><V34/><F72/><W7/><G7/><T111/><D111/><U54/><E76/><V89/><F34/><W5/><G5/><T92/><D99/><AGARI ba="0,1" hai="13,17,22,25,29,32,39,42,46,93,99,100,102,103" machi="99" ten="40,2000,0" yaku="1,1,53,0" doraHai="51" doraHaiUra="109" who="3" fromWho="0" sc="407,-20,96,0,335,0,152,30" /><INIT seed="3,1,0,0,3,62" ten="387,96,335,182" oya="3" hai0="0,132,22,72,11,6,43,47,66,107,12,52,3" hai1="81,16,56,93,130,39,23,37,45,105,115,59,21" hai2="92,126,17,5,25,50,14,70,33,103,38,61,71" hai3="2,128,117,89,8,119,86,96,54,49,113,55,77" shuffle="mt19937ar,D92BDB4B,97A52853,9728B0D8,277600A5,C6FDBD26,8F50595B,A32BCE52,FDB72C0A"/><W10/><G113/><T102/><D72/><U76/><E105/><V68/><F38/><W20/><G128/><T75/><D75/><U31/><E130/><V9/><F126/><W63/><G119/><T74/><D74/><U110/><E115/><V95/><F50/><W41/><G117/><T34/><D34/><U35/><E110/><V106/><F95/><W112/><G112/><T79/><D132/><U32/><E35/><V27/><F92/><W124/><G124/><T1/><D79/><U99/><E32/><V120/><F120/><W133/><G133/><T58/><D66/><U57/><E31/><N who="2" m="19695" /><F27/><W26/><G2/><T13/><D107/><U69/><E69/><V87/><F87/><W28/><G77/><T51/><D102/><U15/><E81/><V85/><F85/><W4/><G96/><T40/><D22/><U118/><E76/><V46/><F46/><W104/><G104/><T88/><D13/><U82/><E82/><V111/><F111/><W134/><G134/><T19/><D88/><U125/><E125/><V122/><F122/><W116/><G116/><T78/><D78/><U94/><E118/><V42/><F42/><W65/><G41/><T80/><D80/><U123/><E123/><V100/><F100/><W98/><G98/><T135/><D135/><U101/><E45/><V131/><F131/><W64/><G4/><T97/><D97/><U90/><REACH who="1" step="1"/><E23/><REACH who="1" step="2"/><V53/><F53/><N who="3" m="19979" /><G49/><N who="0" m="26855" /><D43/><U29/><E29/><V127/><F127/><W36/><G36/><T109/><D109/><U60/><E60/><V121/><F121/><W83/><G63/><RYUUKYOKU ba="1,1" sc="387,10,86,10,335,-30,182,10" hai0="0,1,3,6,11,12,19,51,52,58" hai1="15,16,21,37,39,56,57,59,90,93,94,99,101" hai3="8,10,20,26,28,64,65,83,86,89" /><INIT seed="3,2,1,0,5,92" ten="397,96,305,192" oya="3" hai0="85,81,116,107,3,102,38,55,17,104,131,28,5" hai1="63,100,8,35,101,57,113,27,30,76,65,123,75" hai2="121,94,83,47,126,6,95,21,122,91,59,26,52" hai3="29,56,88,114,31,132,41,25,10,66,106,112,13" shuffle="mt19937ar,7BA27694,8FDC13C4,7E5DE702,2ABED45A,10EB563F,831E1745,8548A0D6,76FF8E09"/><W15/><G132/><T19/><D116/><U78/><E113/><V120/><F47/><W9/><G114/><T125/><D125/><U49/><E123/><V77/><F6/><W37/><G112/><T110/><D131/><U67/><E67/><V99/><F95/><W16/><G106/><T64/><D107/><U34/><E34/><V74/><F126/><W93/><G41/><T84/><D38/><U103/><E8/><V60/><F74/><W128/><G37/><T119/><D119/><U115/><E115/><V22/><F22/><W108/><G108/><T43/><D110/><U82/><E76/><V4/><F4/><N who="3" m="3239" /><G128/><T53/><D64/><U80/><E80/><V18/><REACH who="2" step="1"/><F83/><REACH who="2" step="2"/><W118/><G118/><T40/><D5/><U46/><REACH who="1" step="1"/><E101/><REACH who="1" step="2"/><V20/><F20/><N who="3" m="15527" /><G31/><T135/><D102/><U69/><E69/><V44/><F44/><W124/><G124/><T71/><D28/><U58/><E58/><V23/><F23/><W48/><G48/><T86/><D71/><U33/><E33/><V61/><F61/><N who="3" m="38183" /><G93/><T117/><D117/><U111/><E111/><V0/><F0/><W70/><G70/><T2/><D3/><U39/><E39/><V62/><F62/><W72/><G72/><T42/><D2/><U96/><E96/><V90/><F90/><AGARI ba="2,3" hai="10,15,16,88,90" m="38183,15527,3239" machi="90" ten="30,5800,0" yaku="8,1,54,2" doraHai="92" who="3" fromWho="2" sc="397,0,86,0,295,-64,192,94" /><INIT seed="3,3,0,1,2,33" ten="397,86,231,286" oya="3" hai0="134,15,53,0,115,14,127,35,99,19,24,67,64" hai1="20,46,29,103,7,85,12,26,107,31,92,125,86" hai2="13,43,71,60,23,113,51,57,70,78,38,100,61" hai3="109,89,84,83,123,44,21,81,95,58,45,116,108" shuffle="mt19937ar,8E07AFE4,F5A949CD,1555225B,254BDEBB,B202111A,C820C0F7,480FB5E9,6EA06604"/><W98/><G116/><T112/><D0/><U22/><E107/><V27/><F13/><W36/><G123/><T73/><D73/><U63/><E46/><N who="3" m="18026" /><G36/><T126/><D99/><U18/><E63/><V37/><F78/><W40/><G40/><T10/><D134/><U128/><E92/><V133/><F100/><N who="3" m="60511" /><G21/><T30/><D53/><U4/><E103/><V121/><F113/><N who="0" m="43594" /><D15/><U68/><E86/><V16/><F121/><W5/><G5/><T3/><D3/><U9/><E85/><V124/><F133/><W17/><G17/><T49/><D49/><U87/><E87/><V11/><F124/><AGARI ba="3,0" hai="10,14,19,24,30,35,64,67,124,126,127" m="43594" machi="124" ten="30,2000,0" yaku="18,1,11,1" doraHai="33" who="0" fromWho="2" sc="397,29,86,0,231,-29,286,0" owari="426,42,86,-31,202,-15,286,4" /></mjloggm>