<mjloggm ver="2.3"><GO type="41"/><UN n0="%E3%82%A6%E3%83%AB%E3%83%88%E3%83%A9%E7%AB%8B%E7%9B%B4" n1="%73%74%73%70" n2="%E3%83%A9%E3%82%B9%E5%A4%AA" n3="%6D%69%69%6B%6F" dan="13,13,14,14" rate="1828,1880,1964,1984" sx="M,M,M,M"/><TAIKYOKU oya="0"/><INIT seed="0,0,0,4,4,74" ten="250,250,250,250" oya="0" hai0="110,98,27,92,32,40,6,126,107,91,119,127,53" hai1="20,114,11,44,18,132,87,71,77,54,109,81,45" hai2="68,0,43,124,59,69,101,105,52,29,2,72,15" hai3="1,88,39,8,70,85,95,112,116,63,128,37,30"/><T99/><D40/><U134/><E71/><V80/><F29/><W131/><G128/><T24/><D6/><U48/><E114/><V60/><F43/><W76/><G131/><T25/><D32/><U55/><E109/><V28/><F124/><N who="0" m="47658" /><D119/><U9/><E132/><V120/><F120/><W3/><G112/><T10/><D10/><U19/><E134/><V36/><F36/><W5/><G1/><T123/><D123/><U78/><E78/><V104/><F28/><W42/><G30/><T38/><D38/><U49/><REACH who="1" step="1"/><E18/><REACH who="1" step="2"/><V113/><F69/><W31/><G70/><T4/><D110/><U62/><E62/><V125/><F68/><W65/><G63/><T16/><D4/><U122/><E122/><V41/><F60/><W7/><G5/><T84/><D107/><U66/><E66/><V34/><F105/><W75/><G65/><T23/><D53/><U12/><AGARI ba="0,1" hai="9,11,12,19,20,44,45,48,49,54,55,77,81,87" machi="12" ten="20,12000,2" yaku="1,1,0,1,7,1,9,1,8,1,52,1,53,0" doraHai="74" doraHaiUra="135" who="1" fromWho="1" sc="250,-60,240,130,250,-30,250,-30" /><INIT seed="1,0,0,1,2,115" ten="190,370,220,220" oya="1" hai0="131,78,7,29,108,26,1,9,102,14,13,109,87" hai1="69,63,71,60,16,130,22,28,124,41,44,77,49" hai2="94,57,62,56,10,34,92,85,110,103,112,24,104" hai3="106,6,83,80,15,97,107,5,123,51,11,43,95"/><U55/><E28/><V59/><F112/><W127/><G127/><T4/><D102/><U119/><E77/><V117/><F110/><N who="0" m="42602" /><D87/><U96/><E119/><V53/><F104/><W50/><G123/><T40/><D40/><U125/><E96/><V38/><F38/><W100/><G6/><T120/><D78/><U27/><E130/><V36/><F36/><W75/><G75/><T89/><D89/><U23/><E23/><V118/><F10/><W72/><G72/><T93/><D93/><U88/><E63/><V129/><F129/><W73/><G73/><T66/><D66/><U32/><E32/><V17/><F94/><W114/><G114/><T52/><D52/><U37/><E60/><V48/><F57/><W132/><G107/><T90/><D90/><U74/><E74/><V121/><F121/><W76/><G106/><T70/><D70/><U47/><REACH who="1" step="1"/><E88/><REACH who="1" step="2"/><V111/><F111/><W18/><G76/><T54/><D131/><U35/><E35/><V31/><F17/><W2/><G18/><T67/><D29/><U84/><E84/><V99/><REACH who="2" step="1"/><F85/><REACH who="2" step="2"/><W113/><G113/><T65/><D120/><U3/><E3/><V42/><F42/><W82/><G2/><T81/><D1/><U19/><E19/><V8/><F8/><W45/><G43/><T135/><D9/><U116/><E116/><V20/><F20/><W39/><G11/><T68/><D7/><U126/><AGARI ba="0,2" hai="16,22,27,37,41,44,47,49,55,69,71,124,125,126" machi="126" ten="30,12000,1" yaku="1,1,0,1,18,1,54,1,53,1" doraHai="115" doraHaiUra="21" who="1" fromWho="1" sc="190,-40,360,140,210,-40,220,-40" /><INIT seed="1,1,0,3,1,26" ten="150,500,170,180" oya="1" hai0="110,68,2,134,14,120,113,54,50,74,101,58,0" hai1="71,62,124,125,72,7,42,65,130,37,127,27,61" hai2="18,119,28,99,135,131,15,23,67,123,11,102,108" hai3="63,21,79,32,116,10,86,13,45,34,105,69,57"/><U25/><E72/><V29/><F123/><W12/><G105/><T122/><D101/><U90/><E7/><V6/><F119/><W48/><G69/><T43/><D14/><U41/><E130/><V53/><F131/><W70/><G70/><T77/><D77/><U76/><E76/><V87/><F135/><W36/><G36/><T109/><D58/><U112/><E112/><V55/><F108/><W73/><G73/><T8/><D54/><N who="2" m="20490" /><F67/><W89/><G79/><T117/><D50/><U132/><E132/><V75/><F75/><W106/><G106/><T118/><D43/><N who="1" m="16395" /><E37/><V126/><F126/><N who="1" m="32257" /><U46/><DORA hai="97" /><E46/><V91/><F99/><W114/><G45/><T35/><D8/><U47/><E47/><V30/><F102/><W31/><G114/><T104/><D68/><U128/><E128/><V60/><F60/><W80/><G63/><T100/><D74/><U52/><E90/><V81/><F6/><W82/><G89/><T49/><D49/><U17/><E17/><V93/><F93/><W83/><G48/><T20/><D134/><U16/><E62/><V9/><AGARI ba="1,0" hai="9,11,15,18,23,28,29,30,81,87,91" m="20490" machi="9" ten="30,7900,0" yaku="8,1,52,3" doraHai="26,97" who="2" fromWho="2" sc="150,-21,500,-40,170,82,180,-21" /><INIT seed="2,0,0,1,4,58" ten="129,460,252,159" oya="2" hai0="67,77,74,113,79,87,106,72,98,49,123,41,18" hai1="59,13,110,66,25,23,39,36,8,60,2,95,50" hai2="65,86,16,114,55,82,115,129,103,63,84,116,120" hai3="94,46,122,119,102,0,22,62,38,42,44,34,104"/><V73/><F120/><W4/><G122/><T76/><D49/><U97/><E2/><V21/><F116/><W28/><G22/><T5/><D41/><U20/><E110/><V101/><F73/><N who="0" m="28266" /><D18/><U57/><E20/><V131/><F55/><W118/><G94/><T61/><D5/><U107/><E107/><V108/><F108/><W121/><G44/><T24/><D24/><U99/><E99/><V12/><F86/><W19/><G19/><T6/><D6/><U64/><E50/><V90/><F103/><W96/><G121/><T132/><D67/><U9/><E39/><V68/><REACH who="2" step="1"/><F101/><REACH who="2" step="2"/><W26/><G119/><T127/><D123/><U100/><E64/><V31/><F31/><W48/><G118/><T29/><D29/><U125/><E36/><V27/><F27/><W51/><G38/><T37/><D87/><U92/><E25/><V53/><F53/><W40/><G48/><T3/><D37/><U52/><E100/><V91/><F91/><W112/><G42/><T81/><D79/><U134/><E97/><V128/><AGARI ba="0,1" hai="12,16,21,63,65,68,82,84,90,114,115,128,129,131" machi="128" ten="30,18000,2" yaku="1,1,0,1,19,1,52,1,54,1,53,1" doraHai="58" doraHaiUra="56" who="2" fromWho="2" sc="129,-60,460,-60,242,190,159,-60" /><INIT seed="2,1,0,4,0,13" ten="69,400,432,99" oya="2" hai0="124,64,97,119,112,126,8,106,74,53,89,45,94" hai1="48,108,44,92,61,68,69,34,121,9,49,123,28" hai2="32,135,27,21,75,11,87,65,10,62,43,60,120" hai3="2,24,73,127,12,39,100,40,20,110,55,71,56"/><V76/><F120/><N who="1" m="46153" /><E9/><V78/><F75/><W67/><G2/><T33/><D33/><U98/><E108/><V125/><F32/><W37/><G73/><T16/><D64/><N who="1" m="40975" /><E69/><V80/><F135/><W105/><G110/><T129/><D106/><U133/><E133/><V15/><F125/><N who="0" m="48234" /><D74/><U57/><E57/><N who="2" m="37007" /><F43/><W70/><G127/><T134/><D134/><U85/><E85/><V0/><F0/><W35/><G71/><T114/><D129/><U128/><E128/><V91/><F62/><W17/><G70/><T102/><D119/><U22/><E34/><V107/><F107/><W7/><G105/><T132/><D132/><U19/><E28/><N who="2" m="17519" /><F10/><W96/><G35/><T66/><D66/><U99/><E44/><V14/><F14/><W72/><G67/><T50/><D102/><N who="1" m="60743" /><E99/><V82/><F80/><W1/><G72/><T81/><D81/><U109/><E109/><V95/><F82/><W52/><G1/><T18/><D8/><U30/><E30/><V54/><F54/><W31/><G55/><T77/><D77/><U131/><E131/><V83/><F83/><W90/><G40/><T101/><D101/><U86/><E86/><V115/><F115/><AGARI ba="1,0" hai="16,18,45,50,53,89,94,97,112,114,115" m="48234" machi="115" ten="30,7700,0" yaku="18,1,52,2,54,1" doraHai="13" who="0" fromWho="2" sc="69,80,400,0,432,-80,99,0" /><INIT seed="3,0,0,0,4,115" ten="149,400,352,99" oya="3" hai0="14,1,57,83,54,47,18,20,35,90,27,80,131" hai1="98,119,41,13,76,101,8,109,19,130,103,84,106" hai2="52,128,46,122,68,24,107,62,78,91,42,10,81" hai3="66,61,34,121,71,94,88,11,37,38,4,129,53"/><W102/><G121/><T50/><D131/><U49/><E130/><V74/><F128/><W100/><G34/><T32/><D1/><U124/><E119/><V95/><F122/><W120/><G120/><T70/><D70/><U33/><E33/><V117/><F107/><W125/><G129/><T2/><D2/><U16/><E101/><V21/><F10/><W30/><G125/><T31/><D35/><U99/><E99/><V114/><F114/><W97/><G30/><T39/><D39/><U87/><E124/><V126/><F126/><W77/><G77/><T92/><REACH who="0" step="1"/><D47/><REACH who="0" step="2"/><U7/><E109/><V93/><F68/><W127/><G127/><T79/><D79/><U132/><E132/><V69/><F69/><W44/><G38/><T135/><D135/><U73/><E73/><V9/><F46/><W0/><REACH who="3" step="1"/><G37/><REACH who="3" step="2"/><T43/><D43/><U64/><E76/><V108/><F78/><W134/><G134/><T112/><D112/><U51/><E41/><V104/><F42/><W86/><G86/><AGARI ba="0,2" hai="14,18,20,27,31,32,50,54,57,80,83,86,90,92" machi="86" ten="30,7700,0" yaku="1,1,7,1,25,2,53,0" doraHai="115" doraHaiUra="40" who="0" fromWho="3" sc="139,97,400,0,352,0,89,-77" /><INIT seed="4,0,0,1,1,69" ten="236,400,352,12" oya="0" hai0="100,32,89,38,87,112,58,74,88,26,111,68,43" hai1="42,14,130,46,80,125,7,19,49,77,110,37,11" hai2="124,8,48,5,131,72,113,108,18,115,76,128,73" hai3="93,86,101,9,134,61,106,129,84,94,118,21,66"/><T98/><D68/><U54/><E125/><V102/><F108/><W15/><G106/><T83/><D112/><N who="2" m="43082" /><F124/><W126/><G126/><T51/><D111/><U50/><E110/><V121/><F121/><W90/><G118/><T20/><D32/><U40/><E130/><N who="2" m="49707" /><F102/><W96/><G129/><T39/><D74/><N who="2" m="28778" /><F76/><W30/><G134/><T85/><D58/><U12/><E80/><V4/><F48/><W132/><G132/><T17/><D51/><U99/><E77/><V10/><F18/><W97/><G21/><T95/><REACH who="0" step="1"/><D43/><REACH who="0" step="2"/><U92/><E42/><V116/><F116/><W6/><REACH who="3" step="1"/><G30/><REACH who="3" step="2"/><T81/><AGARI ba="0,2" hai="17,20,26,38,39,81,83,85,87,88,89,95,98,100" machi="81" ten="20,24000,3" yaku="1,1,2,1,0,1,7,1,9,1,52,2,54,1,53,2" doraHai="69" doraHaiUra="71" who="0" fromWho="0" sc="226,260,400,-80,352,-80,2,-80" owari="486,59,320,12,272,-13,-78,-58" /></mjloggm>