<mjloggm ver="2.3"><GO type="193"/><UN n0="%E3%82%A6%E3%83%AB%E3%83%88%E3%83%A9%E7%AB%8B%E7%9B%B4" n1="%E5%A4%A9%E3%81%A8%E5%9C%B0%E3%81%A8%E4%BA%BA" n2="%79%6E%61%32%30%30%38" n3="%49%74%75%6B%69" dan="12,12,13,11" rate="1741,1610,1669,1502" sx="M,M,M,M"/><TAIKYOKU oya="0"/><INIT seed="0,0,0,0,3,123" ten="250,250,250,250" oya="0" hai0="32,28,105,61,66,110,21,26,113,27,130,129,3" hai1="90,45,81,91,115,127,121,49,35,41,100,48,55" hai2="132,51,87,13,39,117,99,71,77,109,74,108,53" hai3="119,76,133,17,107,4,44,126,104,10,111,64,82" shuffle="mt19937ar,D992E9E9,92E6F9F7,809DAD8A,83E88661,848F8896,AB8D4DC8,91022836,ADD2241B"/><T23/><D105/><N who="3" m="40521" /><G17/><T5/><D61/><U118/><E35/><V19/><F71/><W15/><G119/><T73/><D66/><U38/><E121/><V9/><F39/><W34/><G64/><T114/><D73/><U1/><E118/><V54/><F117/><W62/><G62/><T72/><D72/><U89/><E127/><V106/><F132/><W29/><G126/><T116/><D116/><U56/><E1/><V95/><F106/><W37/><G133/><T46/><D46/><U2/><E2/><V98/><F54/><W33/><G29/><T63/><D63/><U83/><E115/><V78/><F74/><W101/><G101/><T43/><D43/><U125/><E125/><V7/><F87/><N who="3" m="48583" /><G37/><T79/><D79/><U18/><E100/><V25/><F99/><W97/><G97/><T47/><D47/><U120/><E120/><V128/><F25/><W68/><G68/><T59/><D59/><U88/><N who="1" m="23040" /><DORA hai="60" /><U86/><E38/><V11/><F98/><W8/><G8/><T131/><D5/><U103/><E103/><V42/><F95/><W67/><G67/><T80/><D80/><U70/><E70/><V134/><F134/><W30/><G30/><N who="0" m="17743" /><D3/><U85/><E18/><V50/><F42/><W36/><G36/><T102/><D102/><U65/><E83/><V112/><F112/><N who="0" m="43114" /><D32/><U93/><E81/><V14/><F51/><W31/><G31/><T6/><D6/><U122/><E122/><V40/><F40/><W75/><G75/><T124/><D124/><U22/><E65/><V52/><F50/><W84/><G34/><RYUUKYOKU ba="0,0" sc="250,30,250,-10,250,-10,250,-10" hai0="23,27,28,110,129,130,131" /><INIT seed="0,1,0,5,4,69" ten="280,240,240,240" oya="0" hai0="101,20,56,110,109,42,29,76,34,103,125,26,77" hai1="92,97,68,70,66,135,18,118,83,44,113,75,39" hai2="24,123,119,5,63,1,40,74,98,32,57,99,17" hai3="9,22,7,87,28,41,117,51,114,85,71,30,15" shuffle="mt19937ar,588A86C8,302AFA98,2961192A,21880DC1,CB885B24,38195246,2F71FEC2,79A4E03F"/><T72/><D125/><U45/><E118/><V134/><F123/><W86/><G71/><T33/><D42/><U62/><E135/><V108/><F74/><W16/><G117/><T126/><D126/><U35/><E75/><V55/><F134/><W14/><G114/><T4/><D4/><U13/><E35/><V65/><F108/><N who="0" m="41578" /><D56/><U58/><E83/><V79/><F119/><W43/><G51/><T2/><D2/><U115/><E68/><V111/><F111/><W10/><G22/><T31/><D20/><U122/><E122/><V61/><F79/><N who="0" m="30282" /><D72/><U3/><E3/><V47/><F5/><W8/><G7/><T120/><D120/><U60/><E45/><V48/><F1/><W67/><G67/><T88/><D88/><U36/><E44/><V132/><F132/><W91/><G91/><T94/><D94/><U0/><E60/><V46/><F32/><N who="0" m="12394" /><D26/><U127/><E0/><V130/><F24/><W102/><G102/><AGARI ba="1,0" hai="29,31,101,102,103" m="12394,30282,41578" machi="102" ten="40,12000,1" yaku="28,2,14,1,10,1" doraHai="69" who="0" fromWho="3" sc="280,123,240,0,240,0,240,-123" /><INIT seed="0,2,0,2,5,22" ten="403,240,240,117" oya="0" hai0="131,98,75,15,18,50,107,30,104,72,130,128,45" hai1="129,97,47,8,87,110,28,26,12,81,105,74,46" hai2="34,108,31,5,88,19,115,73,16,85,0,69,27" hai3="135,116,121,95,41,53,52,58,79,24,76,83,33" shuffle="mt19937ar,0BEAF58D,2737186D,43A39CFB,2C6F9590,7AE4B7C3,17095AE2,981C9BAA,F69380C5"/><T90/><D30/><U123/><E110/><V78/><F69/><W32/><G121/><T82/><D104/><U114/><E129/><V80/><F108/><W56/><G116/><T91/><D107/><U62/><E123/><V25/><F115/><W17/><G135/><T117/><D117/><U43/><E74/><V101/><F101/><W10/><G41/><T6/><D6/><U55/><E114/><V120/><F120/><W14/><G95/><T118/><D118/><U61/><E105/><V113/><F113/><W122/><G122/><T94/><D90/><U57/><E97/><V126/><F126/><W39/><G39/><T100/><D100/><U29/><E28/><V36/><F36/><W11/><G32/><T103/><D103/><U37/><E47/><V89/><F89/><W70/><G70/><T65/><D65/><U59/><E87/><V38/><F38/><W86/><G33/><T35/><D82/><U77/><E81/><V3/><F5/><W133/><G133/><T84/><D98/><U40/><E77/><V60/><F60/><W21/><G14/><T109/><D35/><U42/><E8/><V106/><F106/><W13/><G13/><T112/><D109/><U92/><E12/><V9/><F19/><W93/><G93/><T99/><D99/><U67/><E92/><V68/><F68/><W7/><G7/><T66/><D66/><U44/><REACH who="1" step="1"/><E46/><REACH who="1" step="2"/><V4/><F3/><W71/><G79/><T49/><D112/><U132/><E132/><V96/><F96/><W64/><G71/><T54/><D49/><U111/><E111/><RYUUKYOKU ba="2,1" sc="403,15,230,15,240,-15,117,-15" hai0="15,18,45,50,54,72,75,84,91,94,128,130,131" hai1="26,29,37,40,42,43,44,55,57,59,61,62,67" /><INIT seed="0,3,1,3,0,106" ten="418,245,225,102" oya="0" hai0="31,5,82,113,123,17,126,60,10,46,71,24,121" hai1="69,29,61,110,74,52,130,26,102,86,20,47,101" hai2="2,66,30,124,99,51,19,70,28,85,9,65,56" hai3="14,77,120,92,27,58,79,118,72,95,49,42,34" shuffle="mt19937ar,3DB88A99,A47B6E6D,27560DB3,07F5E277,9C3632F2,D9A0A574,671C4ABD,74EF43C3"/><T53/><D71/><U45/><E130/><V50/><F124/><W89/><G120/><T128/><D60/><U54/><E110/><V57/><F70/><W36/><G118/><T122/><D53/><U73/><E86/><V68/><F68/><W97/><G36/><T18/><D46/><U84/><E84/><V134/><F2/><W103/><G72/><T37/><D82/><U6/><E6/><V21/><F9/><W67/><G34/><T64/><D64/><N who="2" m="24682" /><F99/><W100/><G27/><T131/><D37/><U117/><E61/><V44/><F134/><W48/><G42/><T81/><D81/><U88/><E117/><V35/><F85/><W133/><G133/><T7/><D113/><U33/><E33/><V3/><F3/><W87/><G14/><N who="0" m="7383" /><D18/><U132/><E69/><V135/><F135/><W93/><G67/><T63/><D63/><U38/><E38/><V119/><F119/><W16/><G16/><T55/><D55/><U75/><E132/><V8/><F44/><W32/><G58/><N who="2" m="22633" /><F35/><W62/><G62/><T91/><D126/><U15/><E45/><V43/><F43/><W80/><G48/><N who="2" m="18473" /><F8/><W23/><G49/><T59/><D59/><U13/><E47/><V4/><F4/><N who="0" m="1610" /><D91/><U127/><E88/><V114/><F114/><W22/><G32/><AGARI ba="3,1" hai="24,31,32,121,122,123,128,131" m="1610,7383" machi="32" ten="40,3900,0" yaku="34,2" doraHai="106" who="0" fromWho="3" sc="418,58,245,0,225,0,102,-48" /><INIT seed="0,4,0,3,1,35" ten="476,245,225,54" oya="0" hai0="32,78,5,94,70,10,124,16,129,135,11,51,87" hai1="119,23,41,44,92,115,45,38,55,14,19,108,25" hai2="39,104,111,112,46,0,100,63,17,12,53,133,21" hai3="8,26,48,71,66,22,13,15,132,113,93,86,125" shuffle="mt19937ar,6F2E0FB9,FA845AC7,0F2871A4,187E11D4,1ED2AFBF,D2D97B3E,C1D82C4F,A71F1E2C"/><T40/><D70/><U24/><E108/><V99/><F112/><W74/><G74/><T84/><D32/><U121/><E119/><V47/><F111/><W116/><G71/><T77/><D124/><U7/><E121/><V33/><F133/><W130/><G66/><T85/><D135/><U128/><E128/><V28/><F39/><W81/><G132/><T110/><D129/><U97/><E115/><V96/><F53/><W109/><G130/><T52/><D40/><U73/><E7/><V4/><F63/><W27/><G125/><T131/><D131/><U37/><E73/><V49/><F49/><W120/><G116/><T106/><D106/><U18/><E55/><V82/><F96/><W60/><G120/><T62/><D62/><U127/><E127/><V72/><F82/><W102/><G113/><T114/><D114/><U134/><E134/><V56/><F72/><W61/><G109/><T65/><D65/><U117/><E18/><V64/><F56/><W58/><G60/><T80/><D110/><U88/><REACH who="1" step="1"/><E117/><REACH who="1" step="2"/><V103/><F64/><W126/><G126/><T122/><D122/><U57/><E57/><V91/><F28/><W42/><G61/><T98/><D5/><U43/><AGARI ba="4,1" hai="14,19,23,24,25,37,38,41,43,44,45,88,92,97" machi="43" ten="30,8000,1" yaku="1,1,0,1,9,1,54,1,53,1" doraHai="35" doraHaiUra="9" who="1" fromWho="1" sc="476,-44,235,102,225,-24,54,-24" /><INIT seed="1,0,0,2,3,67" ten="432,337,201,30" oya="1" hai0="71,24,81,92,18,3,128,85,130,35,127,65,113" hai1="125,94,42,111,129,80,4,33,122,16,90,77,57" hai2="69,52,112,47,76,40,2,106,119,43,62,56,15" hai3="79,116,37,135,103,118,72,58,44,126,132,82,38" shuffle="mt19937ar,F8C33246,C7676511,0BEAA6EF,04D6DEC6,C59BC86D,24687C6E,837C8333,C543A846"/><U10/><E122/><V48/><F2/><W36/><G58/><T121/><D3/><U101/><E33/><V74/><F106/><W87/><G87/><T102/><D113/><U30/><E125/><V83/><F112/><W88/><G88/><N who="0" m="51247" /><D121/><U98/><E129/><N who="0" m="49769" /><D127/><U75/><E57/><V17/><F119/><N who="3" m="45611" /><G103/><T22/><D35/><U49/><E30/><V20/><F69/><W8/><G8/><T41/><D41/><AGARI ba="0,0" hai="15,17,20,40,41,43,47,48,52,56,62,74,76,83" machi="41" ten="30,2000,0" yaku="7,1,54,1" doraHai="67" who="2" fromWho="0" sc="432,-20,337,0,201,20,30,0" /><INIT seed="2,0,0,2,5,130" ten="412,337,221,30" oya="2" hai0="26,55,135,93,99,18,68,107,62,133,116,71,31" hai1="132,98,27,114,4,43,87,74,105,54,49,129,117" hai2="29,17,100,58,75,88,83,119,69,16,78,24,7" hai3="63,109,23,47,57,14,13,66,42,10,1,118,102" shuffle="mt19937ar,40C09F97,9F1CA96A,B73EF5E1,2405C9CF,F65AAF52,DA56380F,2DB2426F,49F8E8DE"/><V53/><F69/><W111/><G118/><T73/><D73/><U120/><E117/><V0/><F119/><W61/><G1/><T12/><D107/><U70/><E114/><V134/><F134/><N who="0" m="51210" /><D116/><U46/><E74/><V50/><F100/><W96/><G63/><T59/><D12/><U38/><E129/><V60/><F7/><W81/><G81/><T56/><D56/><U115/><E87/><V76/><F0/><W64/><G64/><T11/><D11/><U95/><E4/><V82/><F60/><W85/><G85/><T15/><D15/><U5/><E5/><V32/><F78/><W110/><G10/><T19/><D19/><U125/><E115/><V92/><F83/><W113/><G42/><T131/><D18/><U45/><E27/><V34/><REACH who="2" step="1"/><F32/><REACH who="2" step="2"/><W51/><G51/><T21/><D131/><U8/><E132/><V86/><AGARI ba="0,1" hai="16,17,24,29,34,50,53,58,75,76,82,86,88,92" machi="86" ten="20,18000,2" yaku="1,1,2,1,0,1,7,1,54,2,53,1" doraHai="130" doraHaiUra="104" who="2" fromWho="2" sc="412,-60,337,-60,211,190,30,-60" owari="352,10,277,-7,401,40,-30,-43" /></mjloggm>