<mjloggm ver="2.3"><GO type="41"/><UN n0="%74%61%6B%75%79%61%32%32" n1="%6F%74%6F%72%68%69%6E%6F" n2="%41%74%68%65%75%73" n3="%E3%82%A6%E3%83%AB%E3%83%88%E3%83%A9%E7%AB%8B%E7%9B%B4" dan="15,13,14,15" rate="1987,1844,1950,1973" sx="M,M,M,M"/><TAIKYOKU oya="0"/><INIT seed="0,0,0,2,5,34" ten="250,250,250,250" oya="0" hai0="117,8,70,5,37,135,115,134,102,57,121,44,65" hai1="17,79,14,73,54,46,89,11,60,48,67,77,93" hai2="51,85,3,88,45,113,63,0,125,94,112,114,101" hai3="76,120,83,104,39,1,95,32,84,40,91,109,27"/><T130/><D121/><U52/><E73/><V66/><F101/><W26/><G120/><T103/><D117/><U127/><E127/><V106/><F106/><W42/><G109/><T81/><D115/><U80/><E54/><V10/><F125/><W110/><G110/><T124/><D124/><U100/><E100/><V13/><F51/><W29/><G104/><T90/><D130/><U19/><E19/><V59/><REACH who="2" step="1"/><F45/><REACH who="2" step="2"/><W55/><G39/><T61/><D103/><U58/><E80/><V92/><F92/><W116/><G116/><T107/><D102/><U35/><REACH who="1" step="1"/><E35/><REACH who="1" step="2"/><V86/><F86/><AGARI ba="0,2" hai="11,14,17,46,48,52,58,60,67,77,79,86,89,93" machi="86" ten="30,8000,1" yaku="1,1,2,1,7,1,8,1,54,1,53,0" doraHai="34" doraHaiUra="119" who="1" fromWho="2" sc="250,0,240,100,240,-80,250,0" /><INIT seed="1,0,0,3,5,126" ten="250,340,160,250" oya="1" hai0="37,36,22,80,93,130,66,81,19,99,109,50,63" hai1="125,61,53,75,0,34,51,78,52,74,107,71,69" hai2="4,95,116,103,92,87,89,77,43,114,91,101,48" hai3="56,124,104,7,25,27,41,102,18,117,88,15,26"/><U128/><E125/><V59/><F116/><W31/><G102/><T73/><D109/><U38/><E107/><V127/><F127/><W98/><G104/><T16/><D50/><U9/><E34/><V83/><F114/><W86/><G98/><T1/><D1/><U62/><E38/><V70/><F70/><W24/><G124/><T20/><D130/><U113/><E113/><V131/><F4/><W94/><G117/><T84/><D73/><U60/><E128/><V47/><F59/><W13/><G41/><T57/><D37/><U105/><E105/><V23/><F131/><W49/><G7/><T6/><D36/><U54/><E51/><V45/><F23/><N who="3" m="13431" /><G31/><T14/><D6/><U46/><E46/><V17/><F17/><W68/><G68/><T44/><D44/><U120/><E120/><V42/><F83/><W90/><G90/><T72/><D72/><U135/><E135/><V134/><F77/><W32/><G32/><T12/><REACH who="0" step="1"/><D84/><REACH who="0" step="2"/><U10/><E0/><V8/><F134/><W29/><G29/><T28/><D28/><U11/><E74/><V35/><F35/><W33/><G33/><T76/><D76/><U30/><E30/><V64/><F87/><W96/><G86/><T133/><D133/><U123/><E123/><V5/><F5/><W121/><G121/><T40/><D40/><U108/><E108/><V2/><F2/><W97/><G96/><T85/><D85/><U21/><E75/><V119/><F119/><W110/><G110/><T132/><D132/><U111/><E111/><V118/><F118/><W112/><G112/><RYUUKYOKU ba="0,1" sc="240,15,340,-15,160,-15,250,15" hai0="12,14,16,19,20,22,57,63,66,80,81,93,99" hai3="13,15,25,26,27,49,56,88,94,97" /><INIT seed="2,1,1,0,0,82" ten="255,325,145,265" oya="2" hai0="23,46,56,74,2,90,123,127,52,89,10,18,6" hai1="21,61,27,105,115,76,22,120,49,16,43,130,17" hai2="128,63,1,37,68,121,114,55,102,104,9,8,132" hai3="94,91,36,5,134,80,62,77,108,29,60,51,64"/><V113/><F55/><W98/><G36/><T78/><D123/><U4/><E115/><N who="2" m="44043" /><F9/><W11/><G134/><T122/><D122/><U116/><E120/><V129/><F121/><W59/><G29/><T119/><D119/><U135/><E116/><V93/><F93/><W44/><G108/><T95/><D127/><U88/><E135/><V71/><F132/><W41/><G59/><T87/><D46/><N who="1" m="25823" /><E105/><V75/><F75/><W125/><G64/><T72/><D90/><U48/><E130/><N who="2" m="50283" /><F63/><W45/><G45/><T35/><D35/><U107/><E107/><V58/><F58/><W42/><G42/><T39/><D78/><U25/><E76/><V96/><F37/><W66/><G66/><T24/><REACH who="0" step="1"/><D39/><REACH who="0" step="2"/><U14/><E48/><AGARI ba="1,2" hai="2,6,10,18,23,24,48,52,56,72,74,87,89,95" machi="48" ten="30,8000,1" yaku="1,1,2,1,7,1,52,1,54,1,53,0" doraHai="82" doraHaiUra="109" who="0" fromWho="1" sc="245,103,325,-83,145,0,265,0" /><INIT seed="3,0,0,3,1,68" ten="348,242,145,265" oya="3" hai0="115,23,58,36,98,27,101,71,96,100,11,106,15" hai1="81,25,35,63,46,62,66,103,118,122,84,72,20" hai2="43,124,44,67,12,14,113,64,41,19,54,97,40" hai3="28,88,60,13,65,50,69,42,93,109,39,7,8"/><W129/><G129/><T48/><D71/><U86/><E122/><V3/><F3/><W90/><G109/><T83/><D115/><U131/><E72/><V94/><F113/><W10/><G28/><T73/><D36/><U80/><E35/><V75/><F75/><W57/><G10/><T2/><D2/><U108/><E131/><V132/><F132/><W92/><G92/><T107/><D73/><U59/><E108/><V30/><F30/><W89/><G93/><T70/><D70/><U133/><E133/><V6/><F124/><W31/><G31/><T79/><D23/><U114/><E114/><V22/><F6/><W53/><G90/><T29/><D29/><U112/><E112/><V26/><F26/><W55/><G53/><T18/><D27/><U128/><E128/><V45/><F12/><W87/><G87/><T76/><D83/><U95/><E118/><V134/><F134/><W77/><G77/><T121/><D121/><U78/><E46/><AGARI ba="0,0" hai="7,8,13,39,42,46,50,55,57,60,65,69,88,89" machi="46" ten="40,12000,1" yaku="24,2,52,1,54,1" doraHai="68" who="3" fromWho="1" sc="348,0,242,-120,145,0,265,120" /><INIT seed="3,1,0,3,2,58" ten="348,122,145,385" oya="3" hai0="75,89,0,15,10,112,122,21,121,102,107,76,37" hai1="7,86,59,17,4,114,72,126,32,35,54,103,100" hai2="130,123,115,1,95,34,13,117,109,77,113,83,55" hai3="106,119,20,16,68,80,23,97,31,134,111,3,105"/><W116/><G3/><T44/><D112/><U61/><E114/><V38/><F55/><W33/><G134/><T69/><D89/><U39/><E72/><V2/><F95/><W98/><G33/><T11/><D21/><U70/><E126/><V71/><F13/><W132/><G132/><T29/><D29/><U36/><E70/><V18/><F18/><W66/><G31/><T104/><D11/><U120/><E120/><V19/><F19/><W108/><G80/><T131/><D131/><U12/><E32/><V128/><F83/><W62/><G23/><T8/><D8/><N who="1" m="6279" /><E35/><V73/><F77/><W82/><G82/><T101/><D15/><U84/><E39/><V125/><F115/><W63/><G20/><T14/><D14/><U43/><E36/><V65/><F65/><W22/><G22/><T87/><D87/><N who="1" m="33323" /><E43/><V46/><F46/><W24/><G16/><T91/><D104/><U79/><E79/><V94/><F94/><W42/><G42/><T135/><D107/><U5/><AGARI ba="1,0" hai="4,5,7,54,59,61,100,103" m="33323,6279" machi="5" ten="30,2000,0" yaku="8,1,52,1" doraHai="58" who="1" fromWho="1" sc="348,-6,122,23,145,-6,385,-11" /><INIT seed="4,0,0,1,5,67" ten="342,145,139,374" oya="0" hai0="26,54,31,125,33,52,86,68,70,43,124,98,91" hai1="97,10,117,46,58,115,18,39,66,57,1,60,118" hai2="42,32,108,83,96,65,101,128,77,95,135,132,56" hai3="12,89,59,24,35,104,76,15,94,105,69,78,126"/><T3/><D3/><U41/><E97/><V34/><F108/><W16/><G126/><N who="0" m="48747" /><D43/><U51/><E1/><V14/><F14/><W53/><G104/><T13/><D13/><U0/><E0/><V130/><F42/><W23/><G105/><T17/><D17/><U113/><E10/><V63/><F32/><W19/><G69/><N who="0" m="26731" /><D98/><U123/><E18/><V92/><F34/><W74/><G35/><T114/><D114/><N who="1" m="43531" /><E123/><V81/><F81/><AGARI ba="0,0" hai="26,31,33,52,54,81,86,91" m="26731,48747" machi="81" ten="30,12000,1" yaku="18,1,52,3,54,1" doraHai="67" who="0" fromWho="2" sc="342,120,145,0,139,-120,374,0" /><INIT seed="4,1,0,5,0,66" ten="462,145,19,374" oya="0" hai0="109,94,135,129,35,39,76,103,68,69,29,60,84" hai1="48,67,37,99,89,46,132,83,9,50,20,80,14" hai2="115,31,45,8,12,51,81,114,55,128,124,23,86" hai3="133,18,0,91,47,56,57,71,122,130,10,75,15"/><T40/><D109/><U101/><E132/><V117/><F128/><W90/><G75/><T61/><D135/><U97/><E67/><V33/><F33/><W116/><G116/><T112/><D129/><U93/><E37/><V13/><F124/><W5/><G133/><T1/><D112/><U21/><E99/><V78/><F117/><W131/><G130/><T126/><D126/><U19/><E48/><V30/><F114/><W108/><G131/><T123/><D123/><U120/><E120/><V27/><F115/><W62/><G108/><T34/><D1/><U65/><E65/><V63/><F31/><W106/><G106/><T32/><D29/><U58/><E58/><V54/><F63/><W104/><G104/><T64/><D103/><U6/><E21/><V28/><F30/><W134/><G71/><T42/><D94/><U82/><E101/><V79/><F55/><W26/><G122/><T36/><D84/><U44/><REACH who="1" step="1"/><E50/><REACH who="1" step="2"/><V110/><F110/><W38/><G134/><T88/><D64/><U113/><E113/><V87/><F8/><W127/><G127/><T125/><D125/><U119/><E119/><V25/><F25/><AGARI ba="1,1" hai="6,9,14,19,20,25,44,46,80,82,83,89,93,97" machi="25" ten="40,2600,0" yaku="1,1,8,1,53,0" doraHai="66" doraHaiUra="49" who="1" fromWho="2" sc="462,0,135,39,19,-29,374,0" owari="462,57,174,-23,-10,-51,374,17" /></mjloggm>