<mjloggm ver="2.3"><GO type="41"/><UN n0="%E3%81%BF%E3%81%A3%E3%81%A4%E3%81%83%EF%BD%9E" n1="%48%6F%6D%65" n2="%E3%81%B6%E3%81%85%E3%81%93" n3="%E3%82%A6%E3%83%AB%E3%83%88%E3%83%A9%E7%AB%8B%E7%9B%B4" dan="18,13,15,14" rate="2193,1881,2039,1933" sx="F,M,F,M"/><TAIKYOKU oya="0"/><INIT seed="0,0,0,2,0,0" ten="250,250,250,250" oya="0" hai0="25,28,76,68,32,110,126,59,96,117,128,75,115" hai1="13,132,118,114,14,71,73,27,90,100,129,112,81" hai2="79,29,70,55,82,72,8,104,94,64,37,65,43" hai3="46,122,35,4,113,121,30,116,77,50,34,93,20"/><T89/><D68/><U39/><E71/><V45/><F104/><W9/><G77/><T40/><D115/><U22/><E39/><V16/><F70/><W130/><G93/><T47/><D117/><U1/><E118/><V119/><F119/><W5/><G116/><T31/><D128/><U21/><E129/><V133/><F133/><W101/><G101/><T102/><D126/><U95/><E132/><V99/><F29/><W74/><G74/><T83/><D110/><U10/><E1/><V91/><F55/><W107/><G107/><T6/><D31/><U61/><E73/><V26/><REACH who="2" step="1"/><F26/><REACH who="2" step="2"/><N who="3" m="16711" /><G130/><T106/><D25/><U84/><E27/><V108/><F108/><W18/><G113/><T62/><D28/><U69/><E114/><V42/><F42/><W2/><G35/><T105/><D32/><U103/><E112/><V60/><F60/><W58/><G34/><T85/><D106/><U41/><E41/><V92/><F92/><W86/><G121/><T36/><D40/><U80/><E61/><V78/><F78/><W38/><G122/><T12/><D62/><U57/><E69/><V56/><F56/><W24/><G58/><T123/><D59/><U67/><E57/><V49/><F49/><W15/><G38/><T125/><D123/><U54/><E54/><V98/><F98/><W134/><G24/><T53/><D36/><U127/><E67/><V97/><F97/><W111/><G111/><T120/><D120/><U52/><E95/><V87/><F87/><W88/><G86/><T44/><D53/><U135/><E84/><V109/><F109/><RYUUKYOKU ba="0,1" sc="250,-10,250,-10,240,30,250,-10" hai2="8,16,37,43,45,64,65,72,79,82,91,94,99" /><INIT seed="1,1,1,4,3,64" ten="240,240,270,240" oya="1" hai0="26,98,81,122,38,93,19,28,69,56,10,63,24" hai1="100,115,68,51,88,8,41,42,31,94,61,1,9" hai2="99,114,85,76,123,45,119,71,2,82,22,4,84" hai3="108,16,77,67,73,33,109,121,72,58,7,96,117"/><U104/><E115/><V91/><F114/><W86/><G33/><T37/><D122/><U21/><E104/><V95/><F123/><W47/><G7/><T80/><D38/><U40/><E100/><V92/><F119/><W59/><G121/><T87/><D37/><U120/><E120/><V97/><F45/><W118/><G47/><T65/><D69/><U34/><E34/><V46/><F46/><W106/><G67/><T15/><D87/><U128/><E128/><V112/><F112/><W129/><G59/><T12/><D12/><U78/><E78/><V35/><F35/><W90/><G58/><T79/><D79/><U29/><E51/><V62/><F22/><W101/><G16/><T6/><D26/><U36/><E36/><V105/><F105/><W27/><G27/><T0/><D19/><U17/><E1/><V54/><F54/><W11/><G11/><T39/><D0/><U52/><E8/><V135/><F95/><N who="3" m="54743" /><G129/><T53/><D53/><U107/><E107/><V49/><F49/><W25/><G25/><T111/><D39/><U55/><E9/><V44/><F44/><W70/><G70/><T32/><D111/><N who="3" m="42569" /><G77/><T125/><D32/><U13/><E68/><V14/><F14/><W102/><G102/><N who="0" m="60751" /><D24/><U75/><E55/><V113/><F4/><W66/><G66/><T5/><D28/><U127/><E31/><V18/><F18/><W60/><G60/><T110/><D110/><U133/><E29/><V116/><F62/><W30/><G30/><T48/><D6/><U103/><E17/><V126/><F113/><W50/><G50/><RYUUKYOKU ba="1,1" sc="240,-10,240,-10,270,-10,240,30" hai3="72,73,96,101,106,117,118" /><INIT seed="2,2,1,4,4,131" ten="230,230,260,270" oya="2" hai0="74,31,83,1,19,69,25,14,60,8,38,105,89" hai1="73,119,125,96,33,35,16,65,58,68,72,29,121" hai2="129,104,99,120,21,87,7,55,47,107,90,130,108" hai3="111,95,80,46,128,50,113,54,66,27,82,75,12"/><V112/><F120/><W124/><G124/><T20/><BYE who="3" /><D105/><U57/><E119/><V23/><F112/><W34/><G34/><T81/><D38/><U64/><E125/><V24/><F7/><W103/><G103/><T77/><D83/><U116/><E116/><V84/><F108/><W71/><G71/><T40/><D40/><U76/><E121/><V44/><F55/><UN n3="%E3%82%A6%E3%83%AB%E3%83%88%E3%83%A9%E7%AB%8B%E7%9B%B4" /><W94/><G111/><T123/><D89/><U115/><E115/><V93/><F90/><W41/><G66/><T11/><D123/><U122/><E122/><V101/><F93/><N who="3" m="35339" /><G75/><T53/><D53/><U15/><E68/><V134/><F24/><W28/><G128/><T39/><D39/><U43/><E43/><V126/><F126/><W98/><G98/><T4/><D60/><U133/><E96/><V56/><F99/><W10/><G113/><T0/><D69/><U91/><E91/><V100/><REACH who="2" step="1"/><F56/><REACH who="2" step="2"/><W45/><G27/><T17/><D1/><U13/><E58/><V59/><F59/><W106/><G106/><T110/><REACH who="0" step="1"/><D110/><REACH who="0" step="2"/><U127/><E127/><V114/><F114/><W85/><G82/><T49/><D49/><U102/><E102/><V52/><F52/><W48/><G80/><T32/><D32/><U88/><E35/><V37/><F37/><W79/><G79/><T118/><D118/><U18/><E33/><V78/><F78/><W63/><G54/><T36/><D36/><U30/><E76/><V51/><F51/><W26/><G50/><T5/><AGARI ba="2,3" hai="0,4,5,8,11,14,17,19,20,25,31,74,77,81" machi="5" ten="20,2700,0" yaku="1,1,0,1,7,1,53,0" doraHai="131" doraHaiUra="70" who="0" fromWho="0" sc="220,63,230,-9,250,-15,270,-9" /><INIT seed="3,0,0,5,3,23" ten="283,221,235,261" oya="3" hai0="107,68,15,106,17,94,14,97,110,90,114,58,57" hai1="4,125,49,109,102,115,46,108,118,36,27,88,130" hai2="96,117,84,45,104,7,43,10,123,62,83,70,29" hai3="112,131,42,89,52,134,24,56,99,78,132,122,127"/><W20/><G122/><T35/><D68/><U34/><E115/><V79/><F123/><W63/><G112/><T1/><D1/><U3/><E36/><V103/><F117/><W19/><G127/><T44/><D35/><U92/><E125/><V28/><F62/><W93/><G131/><T25/><D107/><U126/><E126/><V95/><F70/><W124/><G124/><T18/><D106/><U21/><E34/><V38/><F104/><W22/><G78/><T129/><D110/><N who="1" m="42603" /><E130/><V75/><REACH who="2" step="1"/><F84/><REACH who="2" step="2"/><W26/><REACH who="3" step="1"/><G42/><REACH who="3" step="2"/><T40/><D129/><U13/><E118/><V74/><F74/><W61/><G61/><T73/><D73/><U66/><E3/><AGARI ba="0,2" hai="3,7,10,28,29,38,43,45,75,79,83,95,96,103" machi="3" ten="30,7700,0" yaku="1,1,7,1,25,2,53,0" doraHai="23" doraHaiUra="135" who="2" fromWho="1" sc="283,0,221,-77,225,97,251,0" /><INIT seed="4,0,0,2,2,23" ten="283,144,322,251" oya="0" hai0="60,119,20,72,87,102,108,110,51,109,4,63,81" hai1="3,10,115,17,117,89,26,46,12,76,31,47,43" hai2="62,44,37,85,83,28,128,116,34,68,64,82,93" hai3="101,78,124,125,112,59,74,91,22,5,114,106,77"/><T134/><D119/><U105/><E117/><V73/><F116/><W97/><G59/><T9/><D134/><U69/><E105/><V66/><F128/><W2/><G5/><T70/><D72/><U35/><E69/><V61/><F93/><W42/><G22/><T50/><D102/><U19/><E76/><N who="3" m="29290" /><G42/><T107/><D107/><U120/><E120/><V113/><F113/><N who="3" m="43627" /><G2/><N who="0" m="151" /><D20/><U95/><E3/><V92/><F92/><N who="3" m="56479" /><G74/><T21/><D21/><U103/><E115/><V54/><F85/><W118/><G118/><T57/><D70/><U122/><E122/><V100/><F100/><W53/><G53/><N who="0" m="33839" /><D63/><U121/><E103/><V104/><F104/><W98/><AGARI ba="0,0" hai="98,101,106,124,125" m="56479,43627,29290" machi="98" ten="40,5200,0" yaku="15,1,34,2" doraHai="23" who="3" fromWho="3" sc="283,-26,144,-13,322,-13,251,52" /><INIT seed="5,0,0,5,4,0" ten="257,131,309,303" oya="1" hai0="95,100,85,104,94,120,31,18,20,123,110,48,113" hai1="129,40,55,111,86,102,2,134,35,71,72,49,67" hai2="122,16,17,106,132,91,54,105,58,50,96,81,59" hai3="44,112,103,11,64,109,92,90,65,119,36,52,133"/><U4/><E72/><V84/><F122/><N who="0" m="46634" /><D110/><U46/><E35/><V33/><F33/><W51/><G109/><T9/><D113/><U45/><E111/><V93/><F132/><W118/><G112/><T15/><D85/><U27/><E102/><V76/><F106/><W88/><G133/><T70/><D70/><U62/><E134/><V12/><F105/><W10/><G36/><T77/><D77/><U75/><E75/><V26/><F26/><W63/><G103/><T125/><D125/><U29/><E29/><V121/><F121/><W7/><G11/><T6/><D31/><U56/><E27/><V124/><F124/><W78/><G78/><T14/><D48/><U98/><E98/><AGARI ba="0,0" hai="6,9,14,15,18,20,94,95,98,100,104" m="46634" machi="98" ten="30,2000,0" yaku="13,1,52,1" doraHai="0" who="0" fromWho="1" sc="257,20,131,-20,309,0,303,0" /><INIT seed="6,0,0,5,5,98" ten="277,111,309,303" oya="2" hai0="91,129,64,108,44,119,107,22,104,15,16,57,112" hai1="100,20,85,32,131,77,81,31,7,6,25,71,83" hai2="93,23,12,49,80,102,53,5,2,97,124,126,62" hai3="86,59,51,43,50,33,65,127,66,130,135,61,55"/><V105/><F2/><W56/><G33/><T79/><D112/><U30/><E71/><V96/><F80/><W3/><G3/><T116/><D129/><U92/><E131/><V132/><F132/><W99/><G99/><T28/><D108/><U122/><E122/><V114/><F114/><W74/><G86/><T8/><D79/><U118/><E118/><N who="0" m="45097" /><D44/><U134/><E134/><V54/><F62/><N who="3" m="38087" /><G74/><T72/><D72/><U94/><E83/><V103/><F49/><N who="3" m="18443" /><G130/><T68/><D68/><U11/><E92/><V35/><F35/><W110/><G135/><T75/><D75/><U106/><E106/><N who="0" m="40489" /><D91/><U78/><E78/><V48/><F48/><N who="3" m="31207" /><G127/><N who="2" m="48681" /><F5/><W89/><G89/><T38/><D28/><U9/><E32/><V82/><F82/><W37/><G110/><T63/><D8/><U76/><E76/><V47/><F47/><N who="3" m="24047" /><G61/><T13/><D13/><U123/><E31/><V17/><AGARI ba="0,0" hai="12,17,23,53,54,93,96,97,102,103,105" m="48681" machi="17" ten="30,6000,0" yaku="18,1,52,2" doraHai="98" who="2" fromWho="2" sc="277,-20,111,-20,309,60,303,-20" /><INIT seed="6,1,0,0,1,105" ten="257,91,369,283" oya="2" hai0="33,76,111,51,24,80,47,10,92,6,135,110,34" hai1="12,11,2,122,116,120,44,26,83,49,112,77,0" hai2="25,1,20,93,13,103,70,69,28,134,108,32,79" hai3="9,18,23,21,90,113,119,57,100,86,58,35,84"/><V40/><F134/><W95/><G35/><T117/><D135/><U30/><E116/><V61/><F1/><W41/><G119/><T42/><D117/><U8/><E44/><V71/><F40/><W87/><G113/><T46/><D92/><U99/><E99/><V60/><F79/><W82/><G41/><T75/><D47/><U89/><E49/><V132/><F132/><W19/><G82/><T124/><D124/><U22/><E89/><V37/><F37/><W128/><G128/><T43/><D43/><U118/><E118/><V48/><F48/><W68/><G68/><T31/><REACH who="0" step="1"/><D34/><REACH who="0" step="2"/><U17/><E112/><V78/><F93/><W55/><G100/><T96/><D96/><U66/><E66/><V36/><F103/><W50/><G58/><T16/><D16/><N who="1" m="8199" /><E83/><V126/><F32/><W114/><G114/><T4/><D4/><U131/><E131/><V59/><F59/><W115/><G115/><T54/><D54/><U73/><E73/><V133/><F133/><W81/><G81/><T56/><D56/><U15/><E77/><V53/><F78/><W91/><G91/><T3/><AGARI ba="1,1" hai="3,6,10,24,31,33,42,46,51,75,76,80,110,111" machi="3" ten="20,5200,0" yaku="1,1,0,1,7,1,52,1,53,0" doraHai="105" doraHaiUra="62" who="0" fromWho="0" sc="247,65,91,-14,369,-27,283,-14" /><INIT seed="7,0,0,5,3,13" ten="312,77,342,269" oya="3" hai0="36,16,104,22,115,94,73,46,130,26,89,11,21" hai1="42,135,88,74,15,107,38,69,41,84,60,93,81" hai2="79,76,95,124,33,14,58,28,27,35,47,83,101" hai3="3,18,133,70,1,54,112,122,99,40,106,8,56"/><W67/><G122/><T0/><D104/><U64/><E135/><V80/><F124/><W19/><G40/><T103/><D73/><U90/><E38/><V111/><F111/><W87/><G133/><T45/><D36/><U98/><E107/><V37/><F33/><W7/><G3/><T85/><D115/><U127/><E74/><V117/><F117/><W52/><G112/><T9/><D130/><U132/><E132/><V110/><F110/><W61/><G54/><T114/><D114/><U63/><E127/><V123/><F123/><W32/><G32/><T30/><D0/><U31/><E31/><V121/><F121/><W118/><G118/><T72/><D72/><U100/><E100/><V96/><F58/><W126/><G126/><T29/><D29/><U97/><E97/><V10/><F79/><W92/><G87/><T59/><D59/><U120/><E120/><V125/><F76/><W86/><G86/><T53/><D103/><U91/><E91/><V82/><F125/><W6/><G6/><T77/><D77/><U24/><E24/><V62/><F62/><W4/><G4/><T34/><D34/><U134/><E134/><V102/><F47/><N who="0" m="17930" /><D53/><U17/><REACH who="1" step="1"/><E63/><REACH who="1" step="2"/><V75/><F75/><W55/><G106/><T12/><AGARI ba="0,1" hai="9,11,12,16,21,22,26,30,85,89,94" m="17930" machi="12" ten="30,4000,0" yaku="8,1,52,1,54,1" doraHai="13" who="0" fromWho="0" sc="312,50,67,-10,342,-10,269,-20" owari="362,46,57,-44,332,13,249,-15" /></mjloggm>