<mjloggm ver="2.3"><GO type="193"/><UN n0="%64%61%6E%70%65" n1="%E5%A4%A2%E8%A6%8B%E3%82%8B%E4%B9%99%E5%A5%B3" n2="%E3%83%9C%E3%83%B3%E3%82%B5%E3%83%B3" n3="%E3%82%A6%E3%83%AB%E3%83%88%E3%83%A9%E7%AB%8B%E7%9B%B4" dan="12,13,13,12" rate="1663,1728,1763,1874" sx="M,F,M,M"/><TAIKYOKU oya="0"/><INIT seed="0,0,0,0,0,29" ten="250,250,250,250" oya="0" hai0="119,87,76,43,54,93,32,63,68,31,107,61,135" hai1="36,3,132,78,124,1,7,110,69,62,6,16,25" hai2="67,30,95,116,42,97,122,84,120,125,111,21,24" hai3="94,134,15,22,123,91,102,0,128,17,83,70,4" shuffle="mt19937ar,4AEC7C66,F16EFBA7,EA77633E,40486B95,DF64FF9E,604F8675,85A8CABE,B0F6E95D"/><T114/><D119/><U92/><E36/><V48/><F111/><W65/><G123/><T52/><D114/><U126/><E110/><V103/><F125/><N who="1" m="48233" /><E78/><V55/><F116/><W37/><G37/><T10/><D107/><U60/><E132/><V86/><F122/><W35/><G35/><T12/><D135/><U113/><E113/><V130/><F130/><W112/><G112/><T129/><D129/><U57/><E92/><V38/><F120/><W45/><G128/><T8/><D43/><U73/><E73/><V104/><F104/><W74/><G102/><T131/><D131/><U2/><E69/><V99/><F97/><W90/><G65/><T75/><D75/><U47/><E47/><V115/><F115/><W101/><G70/><T27/><D10/><U53/><E62/><V77/><F77/><W44/><G134/><T98/><D87/><U59/><E59/><V18/><F18/><W14/><G0/><N who="1" m="2" /><U58/><DORA hai="11" /><E58/><V49/><F38/><W106/><G106/><T79/><D79/><U88/><E88/><N who="3" m="33834" /><G83/><T41/><D76/><U117/><E117/><V56/><F67/><W9/><G74/><T100/><D41/><U108/><E108/><V5/><F5/><W13/><G13/><T118/><D118/><U109/><E109/><V85/><F42/><W66/><G66/><T28/><D28/><U39/><E39/><V96/><F99/><AGARI ba="0,0" hai="4,9,14,15,17,22,44,45,94,99,101" m="33834" machi="99" ten="30,7700,0" yaku="8,1,52,2,54,1" doraHai="29,11" who="3" fromWho="2" sc="250,0,250,0,250,-77,250,77" /><INIT seed="1,0,0,0,4,69" ten="250,250,173,327" oya="1" hai0="85,78,129,45,107,41,115,84,95,23,89,49,120" hai1="15,28,96,20,11,32,56,101,61,94,54,112,82" hai2="125,110,51,50,60,44,3,7,134,133,123,17,13" hai3="76,90,113,52,108,119,132,83,130,36,102,38,105" shuffle="mt19937ar,BF70DC38,B5DC5615,6D768DB8,C0718928,9C1FED1B,34F60A5C,D09A7D94,6C0F1589"/><U18/><E32/><V58/><F3/><W25/><G90/><T24/><D120/><U22/><E112/><V64/><F7/><W71/><G52/><T27/><D115/><U91/><E28/><V57/><F13/><W77/><G25/><T30/><D129/><U62/><E61/><V75/><F75/><W26/><G26/><T10/><D107/><U97/><E82/><V21/><F123/><W87/><G87/><T6/><D27/><U80/><E80/><V103/><F103/><W43/><G43/><T33/><D33/><U59/><REACH who="1" step="1"/><E56/><REACH who="1" step="2"/><N who="2" m="36871" /><F110/><W0/><G83/><T117/><D117/><U92/><AGARI ba="0,1" hai="11,15,18,20,22,54,59,62,91,92,94,96,97,101" machi="92" ten="20,7800,0" yaku="1,1,0,1,7,1,8,1,53,0" doraHai="69" doraHaiUra="37" who="1" fromWho="1" sc="250,-26,240,88,173,-26,327,-26" /><INIT seed="1,1,0,1,4,9" ten="224,328,147,301" oya="1" hai0="17,6,100,72,110,108,11,40,101,104,23,1,20" hai1="85,132,18,116,56,74,106,0,27,15,113,131,103" hai2="92,134,91,67,25,62,58,35,68,75,12,26,96" hai3="120,69,50,30,61,73,55,129,128,53,5,52,54" shuffle="mt19937ar,250C2EBD,CFA4EB06,1A7B068F,0A562570,2A45619A,8BF7744D,96DB9039,00A19A28"/><U117/><E0/><V124/><F75/><W32/><G5/><T123/><D72/><U34/><E74/><V7/><F134/><W99/><G30/><T13/><D40/><U14/><E132/><V118/><F124/><W24/><G24/><T114/><D114/><U65/><E113/><V76/><F118/><W130/><G32/><T121/><D104/><U66/><E131/><V8/><F76/><W90/><G73/><T86/><D86/><U3/><E3/><V111/><F111/><N who="0" m="42538" /><D101/><U88/><E106/><V80/><F35/><W51/><G90/><T16/><D100/><U98/><E98/><V95/><F68/><W81/><G81/><T36/><D36/><U39/><E39/><V70/><F70/><W64/><G99/><T133/><D133/><U19/><E103/><N who="2" m="60807" /><F80/><W57/><G120/><T109/><N who="0" m="42546" /><T125/><DORA hai="122" /><D125/><U45/><E117/><V87/><AGARI ba="1,0" hai="7,8,12,25,26,58,62,67,87,91,95" m="60807" machi="87" ten="30,2000,0" yaku="8,1,52,1" doraHai="9,122" who="2" fromWho="2" sc="224,-6,328,-11,147,23,301,-6" /><INIT seed="2,0,0,2,5,24" ten="218,317,170,295" oya="2" hai0="116,23,35,124,42,64,48,3,69,97,85,15,50" hai1="32,5,104,118,81,73,89,21,107,82,134,46,103" hai2="71,65,34,94,127,14,91,120,126,76,86,56,77" hai3="17,57,40,8,101,111,92,128,96,55,30,88,70" shuffle="mt19937ar,EE98D9BE,E3D26956,A1B65B75,D26AF15B,146C1127,E98198C9,B255EC40,F4CACE7D"/><V43/><F34/><W47/><G70/><T114/><D116/><U66/><E118/><V26/><F120/><W36/><G128/><T83/><D114/><U133/><E66/><V9/><F43/><W62/><G111/><T121/><D121/><U39/><E32/><V67/><F71/><W84/><G8/><T31/><D124/><N who="2" m="47658" /><F56/><W6/><G6/><T0/><D35/><U18/><E5/><N who="2" m="3375" /><F26/><W112/><G17/><T80/><D97/><U68/><E68/><V2/><F2/><W27/><G112/><T29/><D64/><AGARI ba="0,0" hai="64,65,67,76,77,86,91,94" m="3375,47658" machi="64" ten="30,1500,0" yaku="18,1" doraHai="24" who="2" fromWho="0" sc="218,-15,317,0,170,15,295,0" /><INIT seed="2,1,0,3,3,111" ten="203,317,185,295" oya="2" hai0="119,95,31,15,128,19,26,76,51,90,69,120,38" hai1="66,27,109,33,114,59,53,63,21,123,23,17,117" hai2="35,48,68,10,88,58,108,42,99,126,56,133,24" hai3="79,18,107,0,97,100,65,112,127,7,25,6,16" shuffle="mt19937ar,82616ED3,BA771E4C,EFC3D39D,C7325926,5657C45A,1CE51D92,43E494EF,E6E85F9D"/><V110/><F68/><W9/><G7/><T77/><D120/><U32/><E123/><V64/><F133/><W57/><G127/><T84/><D38/><U61/><E117/><V1/><F126/><W40/><G40/><T75/><D69/><U36/><E36/><V113/><F113/><W4/><G4/><T132/><D75/><U67/><E109/><N who="2" m="42091" /><F1/><W91/><G79/><T135/><D128/><U116/><E116/><V98/><F10/><W37/><G37/><T11/><D119/><U52/><E114/><V54/><F42/><W129/><G129/><T104/><D104/><U131/><E131/><V71/><F71/><W55/><G65/><T20/><D135/><U115/><E115/><V85/><F24/><W80/><G112/><T124/><D124/><U121/><E121/><V103/><F35/><W5/><G5/><T82/><D132/><U39/><E39/><V86/><F85/><W125/><G125/><T102/><D102/><U49/><E49/><V34/><F34/><W45/><G45/><T50/><REACH who="0" step="1"/><D77/><REACH who="0" step="2"/><U92/><E67/><V28/><F103/><W22/><G100/><T134/><D134/><U74/><E74/><V78/><F78/><W72/><G107/><T94/><D94/><U62/><E92/><N who="2" m="54295" /><F28/><W122/><G122/><T118/><D118/><U8/><E66/><V12/><F12/><W96/><G72/><T101/><D101/><U93/><E93/><V46/><F64/><W29/><G97/><AGARI ba="1,1" hai="46,48,54,56,58,97,98,99" m="54295,42091" machi="97" ten="30,5800,0" yaku="14,1,10,1,54,1" doraHai="111" who="2" fromWho="3" sc="193,0,317,0,185,71,295,-61" /><INIT seed="2,2,0,3,0,66" ten="193,317,256,234" oya="2" hai0="14,60,33,75,24,100,4,123,134,114,124,62,13" hai1="41,97,36,132,9,104,85,115,110,12,43,90,70" hai2="118,106,16,63,49,6,1,8,7,45,20,102,76" hai3="83,135,42,121,5,61,107,47,122,74,50,38,69" shuffle="mt19937ar,370E66F7,C9CE246E,8F03FCAE,235DAEF0,2723A43C,05226E6C,E88A163A,7E17A21F"/><V17/><F118/><W87/><G87/><T80/><D123/><U40/><E36/><V81/><F6/><W44/><G50/><T46/><D114/><U91/><E115/><V128/><F128/><W31/><G47/><T26/><D134/><U48/><E132/><V32/><F32/><W113/><G135/><T39/><D124/><U58/><E110/><V68/><F106/><W108/><G113/><T37/><D100/><U27/><E27/><V22/><F102/><W0/><G108/><T93/><D93/><U18/><E70/><V29/><F29/><W67/><G31/><T53/><D80/><U72/><E72/><N who="2" m="43143" /><F49/><W59/><G59/><T112/><D112/><U99/><E104/><V52/><F20/><W51/><G51/><T19/><D75/><U98/><E85/><V125/><F22/><W56/><G56/><T64/><D33/><U116/><E116/><V103/><F103/><W71/><G107/><T96/><D96/><U10/><E10/><V105/><F105/><W11/><G71/><T92/><D92/><U25/><E25/><V95/><F95/><W130/><G130/><T79/><D79/><AGARI ba="2,0" hai="0,5,11,38,42,44,61,67,69,74,79,83,121,122" machi="79" ten="40,8000,1" yaku="25,2,23,2,52,1" doraHai="66" who="3" fromWho="0" sc="193,-86,317,0,256,0,234,86" /><INIT seed="3,0,0,2,3,103" ten="107,317,256,320" oya="3" hai0="132,107,47,68,0,94,57,36,91,81,20,23,60" hai1="100,120,123,79,67,80,46,2,16,121,15,29,117" hai2="33,77,22,119,97,92,39,108,64,51,5,44,8" hai3="56,65,58,135,43,14,28,86,126,31,42,84,6" shuffle="mt19937ar,5019D8E2,F8660C8F,8D337430,41C04395,F774D045,B2ACEB77,C9BBBD9B,2150D3D5"/><W105/><G105/><T52/><D132/><U106/><E2/><V54/><F119/><W83/><G135/><T59/><D0/><U61/><E117/><V87/><F108/><W70/><G70/><T41/><D81/><U93/><E46/><V53/><F33/><W34/><G34/><T111/><D111/><U109/><E109/><V35/><F35/><W78/><G86/><T101/><D59/><N who="3" m="22569" /><G65/><T124/><D124/><U116/><E116/><V63/><F39/><W55/><G55/><T113/><D113/><U125/><E125/><V128/><F128/><W102/><G102/><T32/><D32/><U37/><E37/><V40/><F22/><W62/><G62/><T115/><D115/><U66/><E106/><V75/><F75/><W110/><G110/><T130/><D130/><U74/><E29/><N who="3" m="11338" /><G126/><T112/><D112/><U85/><E67/><V90/><F63/><W27/><G27/><T96/><REACH who="0" step="1"/><D68/><REACH who="0" step="2"/><U4/><E123/><V26/><F64/><W45/><G45/><T73/><D73/><U118/><E118/><V133/><F133/><W30/><G30/><T98/><AGARI ba="0,1" hai="20,23,36,41,47,52,57,60,91,94,96,98,101,107" machi="98" ten="20,8000,1" yaku="1,1,0,1,7,1,52,1,54,1,53,0" doraHai="103" doraHaiUra="76" who="0" fromWho="0" sc="97,90,317,-20,256,-20,320,-40" /><INIT seed="4,0,0,4,0,48" ten="187,297,236,280" oya="0" hai0="27,6,59,70,112,109,28,92,26,43,61,86,104" hai1="46,47,90,110,55,36,39,101,75,67,33,66,3" hai2="79,114,113,131,73,10,54,84,106,93,18,134,16" hai3="57,14,42,105,121,45,108,133,74,40,50,124,41" shuffle="mt19937ar,593C8DF7,78A4B2F0,87125217,AC98153F,42B9F368,35F97216,81D66265,89F91998"/><T118/><D118/><U31/><E3/><V99/><F134/><W30/><G105/><T65/><D112/><N who="2" m="43114" /><F131/><W80/><G108/><T4/><D109/><U58/><E110/><V132/><F132/><W2/><G2/><T56/><D104/><U111/><E111/><V32/><F32/><W127/><G133/><T72/><D72/><U130/><E130/><V38/><F106/><W12/><G121/><T126/><D126/><N who="3" m="48169" /><G30/><T83/><D43/><N who="3" m="16457" /><G57/><T34/><D27/><U89/><E75/><V122/><F122/><W119/><G119/><T53/><D92/><U77/><E77/><AGARI ba="0,0" hai="12,14,42,45,50,74,77,80" m="16457,48169" machi="77" ten="30,1000,0" yaku="18,1" doraHai="48" who="3" fromWho="1" sc="187,0,297,-10,236,0,280,10" /><INIT seed="5,0,0,4,0,99" ten="187,287,236,290" oya="1" hai0="91,56,28,9,17,73,122,87,103,118,43,81,40" hai1="47,78,83,80,48,49,45,67,60,71,64,101,6" hai2="94,110,41,125,5,105,44,86,127,72,79,29,42" hai3="24,130,104,98,59,113,63,8,88,102,123,131,50" shuffle="mt19937ar,9F752E5C,724EF4B8,57E31723,BF612381,05FAF56D,7A1823F6,7BB89BC1,1926F119"/><U31/><E6/><V77/><F110/><W0/><G123/><T7/><D118/><U100/><E31/><V120/><F120/><W124/><G124/><N who="2" m="47689" /><F105/><W23/><G113/><T33/><D122/><U82/><E78/><V93/><F5/><W70/><G88/><T84/><D73/><U65/><E71/><V21/><F72/><W12/><G0/><T135/><D135/><U92/><E60/><V119/><F119/><W74/><G74/><T55/><D87/><U108/><E108/><V14/><F42/><W25/><G50/><N who="1" m="19562" /><E92/><N who="2" m="35435" /><F86/><W111/><G70/><T97/><D17/><U126/><E126/><V112/><F112/><W27/><G111/><T96/><D28/><U20/><E20/><V36/><F36/><W90/><G23/><T39/><D33/><U52/><E52/><V116/><F116/><W15/><G90/><T114/><D114/><U37/><E37/><N who="2" m="21551" /><F14/><W57/><G15/><N who="0" m="5567" /><D39/><U1/><E1/><V69/><F69/><W10/><G10/><T32/><D32/><U132/><E132/><V58/><F58/><W16/><REACH who="3" step="1"/><G59/><REACH who="3" step="2"/><T46/><D46/><AGARI ba="0,1" hai="45,46,47,64,65,67,80,82,83,100,101" m="19562" machi="46" ten="40,12000,1" yaku="28,2,8,1,52,2" doraHai="99" who="1" fromWho="0" sc="187,-120,287,130,236,0,280,0" owari="67,-33,417,41,236,-11,280,3" /></mjloggm>