<mjloggm ver="2.3"><GO type="137"/><UN n0="%EF%BC%AA%EF%BD%89%EF%BD%8D%EF%BD%8D%EF%BD%99" n1="%E3%81%93%E3%81%98%E3%82%8D%E3%81%86" n2="%E3%82%A6%E3%83%AB%E3%83%88%E3%83%A9%E7%AB%8B%E7%9B%B4" n3="%E5%B7%A5" dan="10,10,11,11" rate="1687,1444,1764,1521" sx="M,M,M,M"/><TAIKYOKU oya="0"/><INIT seed="0,0,0,4,5,121" ten="250,250,250,250" oya="0" hai0="80,78,16,25,61,123,27,29,67,109,88,81,117" hai1="1,118,100,135,5,111,7,39,30,59,0,12,77" hai2="94,14,114,42,103,126,50,24,70,69,93,82,3" hai3="130,86,76,124,32,33,41,87,56,131,13,97,113" shuffle="mt19937ar,429E7F1E,D6C41004,87045DA2,7E2BEFB9,3B28D28D,F599F4AC,F28B79F3,FCB420AB"/><T45/><D117/><U132/><E118/><V15/><F3/><N who="1" m="1097" /><E39/><V40/><F24/><W73/><G113/><T79/><D123/><U72/><E59/><V54/><F82/><W84/><G124/><T4/><D4/><N who="1" m="1611" /><E100/><V119/><F54/><W52/><G41/><T26/><D45/><U37/><E77/><V8/><F50/><W115/><G115/><T91/><D29/><U49/><E37/><V104/><F114/><W110/><G73/><T66/><D61/><U28/><E49/><V107/><F103/><W64/><G64/><T75/><D109/><U46/><E46/><V133/><F119/><W10/><G110/><T74/><REACH who="0" step="1"/><D16/><REACH who="0" step="2"/><U51/><E72/><V129/><F126/><W85/><G33/><T60/><D60/><U116/><E51/><V63/><F63/><W83/><G32/><T120/><D120/><U2/><N who="1" m="1105" /><U53/><DORA hai="21" /><E116/><V65/><F70/><W9/><G97/><T134/><D134/><N who="1" m="51243" /><E111/><V96/><F133/><W112/><G112/><T108/><D108/><U48/><E48/><V98/><F69/><W105/><G105/><T122/><D122/><U68/><E68/><V34/><F107/><W36/><G36/><T11/><D11/><U128/><E128/><V57/><F129/><W95/><G131/><T31/><D31/><N who="1" m="11819" /><E53/><V102/><F104/><W89/><G52/><T127/><D127/><U47/><E47/><V71/><F71/><W125/><G125/><T38/><D38/><U22/><E22/><V20/><F20/><W101/><G130/><T92/><D92/><U62/><E62/><V99/><F94/><RYUUKYOKU ba="0,1" sc="240,15,250,15,250,-15,250,-15" hai0="25,26,27,66,67,74,75,78,79,80,81,88,91" hai1="12" /><INIT seed="0,1,1,0,4,40" ten="255,265,235,235" oya="0" hai0="124,123,93,49,10,73,106,89,15,112,102,126,104" hai1="47,30,20,71,53,11,81,17,42,86,85,100,135" hai2="67,24,130,4,120,75,19,5,95,2,113,36,22" hai3="18,50,121,107,82,43,39,9,111,78,118,117,68" shuffle="mt19937ar,073B7F91,568D21CA,0F505661,E81F9778,D1D6ADE7,DA0D38E5,A974C2E9,EAC20A35"/><T119/><D123/><U52/><E135/><V61/><F75/><W77/><G39/><T12/><D119/><U72/><E71/><V60/><F36/><W129/><G107/><T37/><D37/><U128/><E72/><V29/><F113/><W56/><G68/><T55/><D112/><U133/><E128/><V13/><F130/><W88/><G129/><T105/><D73/><U23/><E133/><V98/><F120/><W63/><G121/><T84/><D102/><U79/><E30/><V127/><F127/><W90/><G111/><T54/><D54/><U26/><E100/><V76/><F76/><W16/><G118/><T59/><REACH who="0" step="1"/><D10/><REACH who="0" step="2"/><U132/><E132/><V3/><F67/><W35/><G117/><T101/><D101/><U62/><E11/><V25/><F61/><W96/><G9/><T0/><D0/><U21/><E53/><V108/><F60/><W64/><G63/><T57/><D57/><U87/><E23/><V31/><F108/><W91/><G56/><T116/><D116/><U51/><E21/><V103/><F3/><W110/><G110/><T115/><D115/><U83/><E83/><V66/><F2/><W58/><G82/><T114/><D114/><U1/><E1/><V7/><F66/><W48/><G64/><T134/><D134/><U33/><E33/><V46/><F46/><W80/><G35/><T6/><D6/><U28/><E28/><AGARI ba="1,2" hai="4,5,7,13,19,22,24,25,28,29,31,95,98,103" machi="28" ten="40,1300,0" yaku="8,1" doraHai="40" who="2" fromWho="1" sc="245,0,265,-16,235,36,235,0" /><INIT seed="1,0,0,3,3,107" ten="245,249,271,235" oya="1" hai0="6,49,66,62,72,34,26,11,134,115,94,75,18" hai1="68,116,63,89,52,24,10,4,78,56,90,102,108" hai2="47,91,100,35,39,92,84,40,74,70,67,85,112" hai3="50,14,98,122,3,124,48,76,113,7,129,114,120" shuffle="mt19937ar,56643FD8,ABC0D3B3,11E8EB77,DDC60653,450E738E,0B07A502,327D5CC9,4DA301DA"/><U79/><E116/><V1/><F1/><W96/><G3/><T77/><D115/><U5/><E108/><V44/><F35/><W57/><G124/><T38/><D38/><U55/><E68/><V28/><F28/><W20/><G129/><T99/><D77/><U131/><E131/><V87/><F100/><W109/><G109/><T130/><D130/><U43/><E43/><V27/><F27/><W126/><G126/><T8/><D8/><U71/><E71/><V13/><F67/><W61/><G114/><T31/><D134/><U80/><E24/><V32/><F70/><W0/><G0/><T60/><D60/><U19/><E102/><V46/><F32/><W58/><G113/><T133/><D133/><U128/><E128/><V101/><F101/><W17/><G122/><T88/><D49/><U135/><E135/><V2/><F2/><W121/><G121/><T83/><D18/><U42/><E42/><V25/><F25/><W30/><G120/><T69/><D83/><U95/><E19/><V106/><F106/><W9/><G30/><T36/><D36/><U105/><E105/><V29/><F29/><W132/><G132/><T73/><REACH who="0" step="1"/><D11/><REACH who="0" step="2"/><U65/><E10/><V21/><F112/><W37/><G37/><T12/><D12/><U125/><E125/><V123/><F123/><W53/><G76/><N who="1" m="29226" /><E80/><V104/><F39/><W110/><G110/><T82/><D82/><U54/><E95/><V111/><F92/><W45/><G61/><T81/><D81/><U97/><E97/><N who="3" m="37482" /><G50/><T41/><D41/><U16/><E16/><N who="2" m="10383" /><F40/><W117/><G117/><RYUUKYOKU ba="0,1" sc="235,10,249,10,271,-30,235,10" hai0="6,26,31,34,62,66,69,72,73,75,88,94,99" hai1="4,5,52,54,55,56,63,65,89,90" hai3="7,9,14,17,20,45,48,53,57,58" /><INIT seed="1,1,1,3,0,126" ten="245,259,241,245" oya="1" hai0="74,41,108,23,87,48,101,132,47,27,32,35,115" hai1="84,60,36,28,113,66,45,128,64,75,70,31,98" hai2="83,134,4,69,133,59,100,42,14,38,62,10,114" hai3="39,51,20,24,120,57,33,68,63,16,88,56,110" shuffle="mt19937ar,AB92E000,12C27619,B3BBB943,B8420262,FEDB6B6C,F898F692,F4A31409,B369E158"/><U93/><E113/><V111/><F69/><W79/><G120/><T8/><D74/><U123/><E75/><V124/><F114/><W89/><G39/><T71/><D115/><U131/><E123/><V49/><F38/><W5/><G68/><T29/><D71/><U21/><E36/><V43/><F124/><W40/><G33/><T112/><D112/><U81/><E45/><V72/><F100/><W86/><G110/><T116/><D116/><U121/><E66/><V135/><F111/><W52/><G5/><T18/><D108/><U97/><E121/><V96/><F96/><N who="1" m="36969" /><E21/><V125/><F125/><W7/><G7/><T13/><D101/><U91/><E81/><V50/><F83/><N who="3" m="47487" /><G40/><N who="2" m="15401" /><F72/><W12/><G24/><T73/><D73/><U122/><E122/><V119/><F119/><W105/><G105/><T106/><D106/><U46/><E46/><V54/><AGARI ba="1,1" hai="4,10,14,49,50,54,59,62,133,134,135" m="15401" machi="54" ten="40,1500,0" yaku="20,1" doraHai="126" who="2" fromWho="2" sc="245,-5,259,-8,241,28,245,-5" /><INIT seed="2,0,0,5,5,125" ten="240,251,269,240" oya="2" hai0="72,85,21,114,93,40,32,49,22,87,48,122,54" hai1="63,71,12,9,20,28,27,16,74,42,80,135,134" hai2="53,37,15,56,110,131,59,45,73,121,3,33,68" hai3="29,1,129,43,103,127,112,10,77,13,113,19,57" shuffle="mt19937ar,157A3DAD,742C2301,7C728122,DC2BD8D2,59A1F011,81A40E62,FE50A113,FBD92E00"/><V8/><F33/><W60/><G1/><T6/><D122/><U84/><E42/><V107/><F107/><W69/><G69/><T36/><D114/><U14/><E74/><V89/><F3/><W0/><G0/><T83/><D32/><U96/><E71/><V23/><F73/><W133/><G127/><T101/><D72/><U30/><E63/><V105/><F105/><W64/><G133/><N who="1" m="50698" /><E96/><V44/><F121/><W130/><G29/><N who="1" m="11370" /><E9/><V116/><F116/><W126/><G126/><T118/><D36/><U67/><E67/><V66/><F68/><W50/><G77/><AGARI ba="0,0" hai="12,14,16,20,27,77,80,84" m="11370,50698" machi="77" ten="30,2000,0" yaku="20,1,54,1" doraHai="125" who="1" fromWho="3" sc="240,0,251,20,269,0,240,-20" /><INIT seed="3,0,0,3,0,70" ten="240,271,269,220" oya="3" hai0="20,102,130,124,90,107,54,132,49,28,41,2,120" hai1="135,52,84,95,51,104,101,5,131,22,75,59,103" hai2="33,82,105,118,93,113,32,13,61,73,35,86,128" hai3="56,55,45,40,21,31,6,27,127,23,111,11,77" shuffle="mt19937ar,E73E575E,EB13392D,28CB3B4A,B85ADEAD,A982B3A8,00975834,23DB86C1,25B707DE"/><W71/><G71/><T47/><D120/><U25/><E135/><V122/><F105/><W80/><G127/><T133/><D132/><U85/><E131/><V79/><F118/><W116/><G116/><T99/><D133/><U129/><E5/><V1/><F1/><W30/><G111/><T106/><D124/><U67/><E75/><V114/><F122/><W91/><G91/><T119/><D130/><U15/><E104/><V60/><F128/><W46/><G30/><T7/><D119/><U34/><E34/><V0/><F0/><W68/><G68/><T26/><D7/><U3/><E3/><V44/><F13/><W94/><G94/><T115/><D2/><U78/><E129/><V63/><F44/><W17/><G40/><T64/><D64/><U134/><E134/><V39/><F39/><W12/><G23/><T42/><D107/><U38/><E38/><V123/><F123/><W108/><G108/><T97/><D115/><U83/><E15/><V100/><F100/><W37/><G37/><T57/><D42/><U66/><E103/><V81/><REACH who="2" step="1"/><F93/><REACH who="2" step="2"/><W19/><G46/><T18/><D102/><U112/><E112/><V109/><F109/><W69/><G45/><T29/><D106/><U50/><E101/><V58/><F58/><W89/><G56/><T126/><D126/><U121/><E121/><V16/><F16/><W96/><G19/><T4/><D4/><U76/><E95/><V72/><F72/><W92/><G6/><T36/><REACH who="0" step="1"/><D90/><AGARI ba="0,1" hai="32,33,35,60,61,63,73,79,81,82,86,90,113,114" machi="90" ten="50,1600,0" yaku="1,1,53,0" doraHai="70" doraHaiUra="88" who="2" fromWho="0" sc="240,-16,271,0,259,26,220,0" /><INIT seed="4,0,0,5,1,70" ten="224,271,285,220" oya="0" hai0="25,96,87,67,12,22,81,89,76,63,5,1,130" hai1="43,82,39,135,64,74,21,102,27,69,4,20,132" hai2="104,38,134,118,58,47,14,66,85,28,131,79,41" hai3="15,101,36,50,19,59,98,120,80,68,11,105,106" shuffle="mt19937ar,49CEDB20,4CEAB4F3,CB061781,3AA83F98,32BF05BC,0B0838F9,D7A8E7AD,AA109392"/><T32/><D1/><U55/><E102/><V42/><F104/><W110/><G68/><T40/><D130/><U123/><E123/><V83/><F131/><W16/><G120/><T92/><D32/><U133/><E4/><V129/><F129/><W45/><G106/><T73/><D40/><U114/><E82/><V124/><F134/><W57/><G110/><T52/><D5/><U78/><E78/><V18/><F124/><W111/><G111/><T109/><D12/><U71/><E74/><V128/><F128/><W62/><G36/><T23/><D109/><U121/><E121/><V97/><F28/><W119/><G119/><T93/><D52/><U49/><E64/><V65/><F118/><W7/><G80/><T60/><D60/><U90/><E90/><V75/><F42/><W37/><G37/><T53/><D53/><U3/><E3/><V29/><F29/><W107/><G105/><T24/><D24/><U51/><E21/><V86/><F97/><W84/><G84/><T0/><D25/><U117/><E117/><V127/><F127/><W31/><G31/><T77/><D0/><U9/><E9/><V125/><F125/><W115/><G115/><T72/><D72/><U95/><E114/><V2/><F2/><W26/><G26/><T30/><D77/><U33/><E33/><V113/><F113/><W126/><G126/><T88/><D30/><U122/><E135/><V99/><F66/><N who="3" m="39247" /><G59/><AGARI ba="0,0" hai="22,23,59,63,67,73,76,81,87,88,89,92,93,96" machi="59" ten="30,2900,0" yaku="7,1,54,1" doraHai="70" who="0" fromWho="3" sc="224,29,271,0,285,0,220,-29" /><INIT seed="4,1,0,3,5,27" ten="253,271,285,191" oya="0" hai0="115,57,131,100,31,112,110,47,41,54,78,37,6" hai1="114,94,17,125,3,38,69,107,50,51,55,23,101" hai2="122,13,76,82,4,0,97,24,126,10,103,117,32" hai3="88,72,9,42,109,84,113,5,105,7,99,20,45" shuffle="mt19937ar,C1B5E2A6,BE744566,78E1C91C,567F357E,B7002910,F8081C1C,F284CC77,42536DDB"/><T25/><D110/><U63/><E38/><V44/><F122/><W58/><G109/><T93/><D6/><U96/><E3/><V81/><F117/><W77/><G113/><N who="0" m="43595" /><D78/><U87/><E107/><V95/><F126/><W43/><G72/><T90/><D100/><U8/><E69/><V28/><F44/><W36/><G77/><T16/><D131/><U116/><E116/><V62/><F62/><W66/><G43/><T61/><D31/><U46/><E114/><V60/><F60/><W104/><G99/><T12/><D25/><U71/><E8/><V111/><F111/><W2/><G7/><T21/><D90/><U67/><E87/><V14/><REACH who="2" step="1"/><F81/><REACH who="2" step="2"/><W33/><G45/><T106/><D93/><U129/><E125/><V68/><F68/><W121/><G105/><AGARI ba="1,1" hai="12,16,21,37,41,47,54,57,61,105,106" m="43595" machi="105" ten="30,2900,0" yaku="15,1,54,1" doraHai="27" who="0" fromWho="3" sc="253,42,271,0,275,0,191,-32" /><INIT seed="4,2,0,3,1,68" ten="295,271,275,159" oya="0" hai0="106,59,103,42,39,17,110,63,0,11,74,37,76" hai1="40,14,95,83,96,92,104,100,82,131,25,22,129" hai2="23,18,45,1,27,102,94,111,31,77,91,58,60" hai3="99,19,117,28,85,80,32,72,69,93,105,116,33" shuffle="mt19937ar,62E0A57F,165A4F6B,5C935B52,E09E2C58,30557C33,EDDAF23B,51E6F310,7E222972"/><T127/><D110/><U13/><E40/><V97/><F1/><W79/><G69/><T44/><D76/><U124/><E25/><V47/><F111/><W65/><G105/><T21/><D74/><U67/><E22/><V46/><F77/><W55/><G72/><T24/><D127/><U6/><E67/><V9/><F9/><W34/><G28/><T29/><D103/><U26/><E26/><V70/><F70/><W120/><G120/><T53/><D106/><U54/><E54/><V133/><F133/><W30/><G30/><T118/><D118/><U50/><E50/><V20/><F91/><W41/><G117/><T98/><D98/><U5/><E104/><V114/><F114/><W16/><G116/><T36/><REACH who="0" step="1"/><D17/><REACH who="0" step="2"/><U10/><E100/><V48/><F18/><W71/><G16/><T12/><D12/><U132/><E96/><V7/><F7/><AGARI ba="2,1" hai="0,7,11,21,24,29,36,37,39,42,44,53,59,63" machi="7" ten="40,12000,1" yaku="1,1,52,3,53,0" doraHai="68" doraHaiUra="86" who="0" fromWho="2" sc="285,136,271,0,275,-126,159,0" /><INIT seed="4,3,0,1,4,80" ten="421,271,149,159" oya="0" hai0="89,31,38,103,28,13,32,15,118,97,56,53,113" hai1="51,36,66,26,87,124,69,50,4,6,94,92,117" hai2="134,82,96,41,12,90,11,106,35,39,23,57,102" hai3="110,25,122,54,7,78,46,68,62,65,135,30,79" shuffle="mt19937ar,F7C16CF3,161971E7,E1CD06FB,5AE8CEBE,D75BF72D,3EFA1AA6,B02772C2,10B859BE"/><T86/><D118/><U70/><E117/><V85/><F35/><W88/><G110/><T67/><D38/><U75/><E36/><V133/><F41/><W10/><G135/><N who="2" m="51721" /><F39/><W34/><G122/><T20/><D32/><U42/><E75/><V45/><F45/><W64/><G65/><T5/><D67/><U8/><E42/><V105/><F57/><W99/><G46/><T112/><D13/><U59/><E26/><V40/><F23/><W115/><G115/><N who="0" m="44107" /><D20/><U128/><E124/><V52/><F40/><W120/><G120/><T73/><D73/><U131/><E66/><V17/><F52/><W63/><G63/><T127/><D127/><U58/><E8/><V116/><F116/><W0/><G79/><T132/><D15/><U21/><E21/><V108/><F105/><W2/><G78/><T91/><D5/><U55/><E55/><V98/><F98/><W129/><G54/><T9/><D9/><U109/><E109/><AGARI ba="3,0" hai="11,12,17,82,85,90,96,102,106,108,109" m="51721" machi="109" ten="30,2000,0" yaku="20,1,52,1" doraHai="80" who="2" fromWho="1" sc="421,0,271,-29,149,29,159,0" /><INIT seed="5,0,0,4,2,88" ten="421,242,178,159" oya="1" hai0="61,96,8,18,123,43,5,113,119,41,56,128,20" hai1="58,39,32,79,12,126,109,48,47,80,118,2,16" hai2="82,6,25,98,28,37,99,114,46,30,120,78,10" hai3="76,103,57,87,94,85,1,69,67,4,131,22,104" shuffle="mt19937ar,F8EFC434,3708AE8A,CB623118,6046B117,81F2DCB5,EFD05FF6,3F8266D2,0D3AF47F"/><U108/><E118/><V92/><F99/><W60/><G104/><T49/><D119/><U70/><E70/><V29/><F120/><W68/><G131/><T89/><D123/><U59/><E32/><V81/><F114/><W36/><G36/><T0/><D128/><U55/><E2/><V51/><F37/><W132/><G132/><T45/><D113/><U121/><E121/><V44/><F25/><W7/><G22/><T129/><D129/><U53/><E39/><V116/><F116/><W90/><G103/><T122/><D122/><U24/><E24/><V125/><F125/><W11/><G68/><T97/><D43/><U107/><E107/><V111/><F111/><N who="1" m="42569" /><E126/><V31/><N who="2" m="7680" /><DORA hai="34" /><V130/><F130/><W134/><G7/><T95/><D97/><U23/><E53/><V102/><F51/><W52/><G134/><T84/><D96/><U124/><E124/><V135/><F135/><W115/><G115/><T15/><D56/><U33/><E33/><V19/><F19/><W105/><G105/><T72/><D61/><U127/><E127/><V3/><REACH who="2" step="1"/><F81/><REACH who="2" step="2"/><W133/><G133/><T21/><D72/><AGARI ba="0,1" hai="12,16,23,47,48,55,58,59,72,79,80" m="42569" machi="72" ten="30,2900,0" yaku="10,1,54,1" doraHai="88,34" who="1" fromWho="0" sc="421,-29,242,39,168,0,159,0" /><AGARI ba="0,0" hai="3,6,10,44,46,72,78,82,92,98,102" m="7680" machi="72" ten="50,8000,1" yaku="1,1,2,1,52,2,53,1" doraHai="88,34" doraHaiUra="71,106" who="2" fromWho="0" sc="392,-80,281,0,168,80,159,0" /><INIT seed="5,1,0,1,3,134" ten="312,281,248,159" oya="1" hai0="122,135,14,41,55,27,89,8,131,103,22,95,39" hai1="91,43,73,5,67,44,45,133,114,117,101,90,111" hai2="10,13,115,7,118,3,108,97,16,85,86,66,58" hai3="21,127,42,100,79,128,75,29,116,47,74,38,119" shuffle="mt19937ar,92487816,1E98BCB0,142F674A,5AA0470F,7AE2801C,AAAF60CE,C4DEDC83,1A07E8AE"/><U112/><E73/><V17/><F118/><W62/><G128/><T46/><D131/><U132/><E67/><V99/><F108/><W93/><G116/><T87/><D135/><N who="1" m="51787" /><E117/><V59/><F115/><N who="1" m="44073" /><E5/><V65/><F3/><W60/><G119/><T105/><D122/><U25/><E25/><V98/><F7/><W125/><G79/><T84/><D105/><U31/><E31/><V64/><F13/><W120/><G120/><T82/><D103/><U80/><E80/><V9/><F17/><W54/><G75/><T49/><D84/><N who="2" m="32362" /><F16/><W2/><G2/><T50/><D82/><U23/><E23/><V0/><F0/><W104/><G104/><T18/><D55/><U78/><E78/><V28/><F28/><AGARI ba="1,0" hai="8,14,18,22,27,28,39,41,46,49,50,87,89,95" machi="28" ten="30,1000,0" yaku="7,1" doraHai="134" who="0" fromWho="2" sc="312,13,281,0,248,-13,159,0" /><INIT seed="6,0,0,0,4,89" ten="325,281,235,159" oya="2" hai0="21,88,8,99,83,16,124,15,117,131,52,23,36" hai1="92,104,49,43,129,76,41,27,28,40,111,48,118" hai2="77,0,47,84,122,55,33,70,91,64,7,110,54" hai3="113,126,82,5,12,106,45,74,19,22,90,81,46" shuffle="mt19937ar,29C7A644,420D55D3,0A57073A,CF64E760,0A8E43AE,FD1BDEDA,16C517BD,14C97341"/><V103/><F33/><W9/><G106/><T75/><D36/><U94/><E118/><V14/><F0/><W61/><G126/><T38/><D117/><U56/><E129/><V31/><F31/><W71/><G113/><T115/><D38/><U125/><E76/><V98/><F122/><W112/><G112/><T58/><D115/><U132/><E111/><V24/><F110/><W107/><G107/><T100/><D131/><U73/><E125/><V10/><F24/><W79/><G71/><T37/><D37/><U11/><E73/><V114/><F77/><W123/><G123/><T62/><D124/><U133/><E11/><V93/><F114/><W95/><G81/><T116/><D116/><U67/><E104/><V51/><F64/><W120/><G120/><T53/><D75/><U2/><E2/><V65/><F65/><W119/><G119/><T69/><D69/><U26/><E28/><V68/><REACH who="2" step="1"/><F55/><REACH who="2" step="2"/><W39/><G61/><T35/><D53/><U108/><E108/><V34/><F34/><W3/><REACH who="3" step="1"/><G39/><REACH who="3" step="2"/><T78/><D35/><U96/><E67/><V13/><F13/><W60/><G60/><T57/><D62/><U134/><E96/><AGARI ba="0,2" hai="3,5,9,12,19,22,45,46,74,79,82,90,95,96" machi="96" ten="30,3900,0" yaku="1,1,7,1,52,1,53,0" doraHai="89" doraHaiUra="29" who="3" fromWho="1" sc="325,0,281,-39,225,0,149,59" /><INIT seed="7,0,0,5,1,98" ten="325,242,225,208" oya="3" hai0="121,100,96,70,30,9,115,120,93,75,104,28,47" hai1="46,119,14,15,49,128,114,22,127,37,0,86,79" hai2="7,54,87,81,117,84,2,58,111,125,129,16,77" hai3="45,55,108,43,122,62,34,101,48,65,91,69,64" shuffle="mt19937ar,CEDF74E6,6CFA879B,1183D36D,6519AE28,58F02005,8AE45E45,2BF3D38B,F376A818"/><W126/><G34/><T99/><D115/><U1/><E128/><V23/><F111/><W103/><G122/><T109/><D109/><U10/><E37/><V112/><F117/><W31/><G108/><T134/><D75/><U113/><E119/><V38/><F38/><W110/><G110/><T3/><D70/><U83/><E22/><V44/><F44/><W76/><G31/><T90/><D47/><U106/><E106/><V67/><F112/><N who="1" m="43113" /><E127/><V5/><F125/><W124/><G126/><T102/><D134/><U130/><E15/><V95/><F67/><W56/><G124/><T107/><D9/><U73/><E130/><V51/><F2/><W92/><G76/><T78/><D3/><U88/><E73/><V24/><F129/><W8/><G8/><T21/><D78/><U4/><E79/><V116/><F116/><W105/><G105/><T63/><D63/><U26/><E26/><V35/><F35/><W50/><REACH who="3" step="1"/><G65/><REACH who="3" step="2"/><T80/><D121/><U71/><E71/><V59/><F59/><W52/><G52/><AGARI ba="0,1" hai="0,1,4,10,14,46,49,52,83,86,88" m="43113" machi="52" ten="30,3900,0" yaku="15,1,54,2" doraHai="98" who="1" fromWho="3" sc="325,0,242,49,225,0,198,-39" owari="325,42,291,9,225,-17,159,-34" /></mjloggm>