<mjloggm ver="2.3"><GO type="41"/><UN n0="%72%6F%63%6F" n1="%E3%81%A8%E3%83%BC%E3%82%84%E3%82%93" n2="%E3%81%BF%E3%82%93%E3%81%A8%E3%81%97%E3%82%83%E3%82%8F%E3%83%BC" n3="%E3%82%A6%E3%83%AB%E3%83%88%E3%83%A9%E7%AB%8B%E7%9B%B4" dan="13,13,13,13" rate="1858,1848,1840,1839" sx="M,M,F,M"/><TAIKYOKU oya="0"/><INIT seed="0,0,0,3,3,55" ten="250,250,250,250" oya="0" hai0="22,101,109,112,19,37,31,33,116,76,92,134,104" hai1="95,121,44,71,81,27,15,40,74,35,7,6,129" hai2="21,56,63,39,73,123,50,54,120,10,124,84,97" hai3="135,11,14,30,102,26,106,128,66,32,29,2,68"/><T13/><D112/><U23/><E71/><V28/><F73/><W25/><G102/><T70/><D116/><U126/><E121/><V8/><F39/><W118/><G106/><T103/><D70/><U115/><E129/><V96/><F123/><W59/><G68/><T58/><D37/><U3/><E3/><V60/><F120/><W75/><G75/><T24/><D134/><U100/><E35/><V130/><F130/><W36/><G36/><T42/><D42/><U69/><E69/><V86/><F124/><W99/><G99/><N who="2" m="37961" /><F28/><W47/><G47/><T88/><D104/><U90/><E126/><V46/><F21/><W117/><G128/><T105/><D105/><U119/><E119/><V98/><F98/><W34/><G135/><T113/><D113/><U93/><E74/><V82/><F63/><W72/><G72/><T85/><D76/><U38/><E115/><V20/><F20/><W107/><G107/><T5/><D5/><U132/><E132/><V108/><F108/><W114/><G114/><T133/><D109/><U91/><E38/><V4/><F4/><W78/><G78/><T48/><D133/><U83/><E6/><V51/><F51/><W64/><G2/><T43/><D43/><U18/><E40/><N who="2" m="24903" /><F84/><W17/><G117/><T110/><D110/><U111/><E7/><V79/><AGARI ba="0,0" hai="8,10,54,56,60,79,82,86" m="24903,37961" machi="79" ten="30,2000,0" yaku="8,1,52,1" doraHai="55" who="2" fromWho="2" sc="250,-10,250,-5,250,20,250,-5" /><INIT seed="1,0,0,4,5,131" ten="240,245,270,245" oya="1" hai0="55,61,132,114,57,120,22,27,72,14,4,30,105" hai1="100,115,42,89,107,9,111,85,41,50,63,62,3" hai2="83,119,59,32,127,5,91,130,18,68,133,54,116" hai3="84,29,67,58,71,113,94,110,36,39,76,70,122"/><U92/><E115/><V125/><F32/><W121/><G94/><T24/><D114/><U31/><E111/><V8/><F68/><W7/><G84/><T43/><D105/><U108/><E108/><V65/><F65/><W93/><G76/><T13/><D72/><U86/><E31/><V23/><F130/><W49/><G93/><T69/><D69/><U117/><E117/><V47/><F47/><W34/><G7/><T6/><D120/><U26/><E26/><V15/><F83/><W25/><G25/><T79/><D79/><U77/><E107/><V35/><F35/><W80/><G80/><T106/><D106/><U46/><E100/><V99/><F99/><W102/><G102/><T96/><D96/><U134/><E134/><V17/><F91/><W10/><G10/><T48/><D132/><U1/><E41/><V66/><F66/><W104/><G29/><T81/><D81/><N who="1" m="47279" /><E3/><V112/><F112/><W97/><G97/><T19/><D43/><U45/><E45/><V44/><F44/><W60/><G34/><T87/><D87/><U37/><E37/><N who="3" m="14410" /><G104/><T90/><D90/><U78/><E78/><V53/><F133/><W74/><G74/><T16/><D61/><U28/><E28/><V123/><F123/><N who="3" m="47115" /><G113/><T126/><D27/><U73/><E73/><V101/><F101/><W51/><G110/><T0/><D0/><U56/><E56/><V64/><F64/><N who="3" m="38935" /><G70/><T82/><D82/><U98/><E98/><V95/><F116/><W88/><G88/><T11/><D4/><U124/><E124/><V33/><F119/><W52/><G52/><RYUUKYOKU ba="0,0" sc="240,-15,245,15,270,-15,245,15" hai1="1,9,42,46,50,62,63,86,89,92" hai3="49,51,67,71" /><INIT seed="1,1,0,5,0,93" ten="225,260,255,260" oya="1" hai0="95,50,3,61,49,66,4,12,90,68,117,22,124" hai1="23,25,119,118,107,34,112,71,43,105,113,69,67" hai2="17,48,101,14,110,46,30,5,35,134,130,51,28" hai3="94,133,0,60,72,89,11,103,121,99,18,15,57"/><U91/><E23/><V80/><F134/><W135/><G72/><T81/><D117/><N who="1" m="44555" /><E67/><V111/><F130/><W29/><G121/><T10/><D124/><U88/><E43/><V79/><F35/><W13/><G0/><T116/><D116/><U131/><E25/><V129/><F129/><W37/><G37/><T63/><D81/><U92/><E34/><V82/><F5/><W45/><G45/><T75/><D75/><U64/><E64/><V123/><F101/><W109/><G109/><N who="2" m="41481" /><F123/><W126/><G126/><T100/><D100/><U128/><E128/><V115/><F115/><N who="1" m="44105" /><E131/><V108/><N who="2" m="41489" /><V54/><DORA hai="85" /><F48/><W58/><G29/><N who="2" m="11369" /><F79/><W1/><G1/><T83/><D83/><U2/><E2/><V76/><F76/><W6/><G103/><T40/><D40/><U132/><E132/><N who="3" m="50762" /><G60/><T47/><D47/><U41/><E41/><V122/><F122/><W104/><G104/><N who="1" m="40010" /><E92/><V8/><AGARI ba="1,0" hai="8,14,17,46,51,54,80,82" m="11369,41489" machi="8" ten="40,1500,0" yaku="14,1" doraHai="93,85" who="2" fromWho="2" sc="225,-5,260,-8,255,18,260,-5" /><INIT seed="2,0,0,4,4,53" ten="220,252,273,255" oya="2" hai0="120,129,3,54,21,83,69,43,44,90,127,67,111" hai1="36,92,27,84,113,95,97,75,102,124,78,29,128" hai2="100,130,134,52,33,135,68,110,4,7,23,5,131" hai3="132,55,10,49,48,133,51,1,82,22,125,28,8"/><V80/><F68/><W107/><G107/><T26/><D120/><U91/><E36/><V25/><F100/><W121/><G1/><T66/><D3/><U70/><E70/><V89/><F80/><W11/><G121/><T39/><D127/><U104/><E124/><V65/><F65/><W123/><G123/><T71/><D129/><N who="2" m="49162" /><F89/><W16/><G125/><T20/><D111/><U94/><E128/><V77/><F77/><W61/><G28/><T41/><D41/><U56/><E113/><V93/><F93/><W19/><G82/><T103/><D103/><U40/><E40/><V101/><F101/><W18/><G22/><T60/><D54/><U96/><E96/><V126/><F52/><W122/><G122/><T31/><D21/><N who="1" m="15599" /><E56/><AGARI ba="0,0" hai="8,10,11,16,18,19,48,49,51,55,56,61,132,133" machi="56" ten="50,8000,1" yaku="29,2,52,1,54,1" doraHai="53" who="3" fromWho="1" sc="220,0,252,-80,273,0,255,80" /><INIT seed="3,0,0,5,2,16" ten="220,172,273,335" oya="3" hai0="32,93,1,50,71,114,125,109,126,26,62,42,87" hai1="15,58,107,54,55,73,28,63,85,22,95,65,122" hai2="120,46,44,117,97,133,61,90,74,111,34,129,112" hai3="76,86,99,60,25,123,18,106,21,67,110,33,121"/><W105/><G33/><T38/><D1/><U89/><E107/><V78/><F112/><W77/><G106/><T116/><D116/><U75/><E122/><V84/><F117/><W102/><G110/><T7/><D114/><U72/><REACH who="1" step="1"/><E15/><REACH who="1" step="2"/><V49/><F120/><W94/><G105/><T130/><D109/><U10/><E10/><V5/><F111/><W69/><G123/><T0/><D130/><U119/><E119/><V135/><F129/><W131/><G121/><T36/><D32/><U115/><E115/><V27/><F34/><W108/><G131/><T113/><D113/><U92/><E92/><V52/><F135/><W2/><G108/><T4/><D0/><U98/><E98/><V39/><F133/><W37/><G2/><T83/><D26/><AGARI ba="0,1" hai="22,26,28,54,55,58,63,65,72,73,75,85,89,95" machi="26" ten="40,2600,0" yaku="1,1,52,1,53,0" doraHai="16" doraHaiUra="127" who="1" fromWho="0" sc="220,-26,162,36,273,0,335,0" /><INIT seed="4,0,0,1,3,14" ten="194,198,273,335" oya="0" hai0="27,39,123,34,44,41,76,0,65,94,57,51,109" hai1="84,25,104,16,113,135,130,117,46,103,115,59,19" hai2="52,127,131,28,43,61,3,20,98,125,53,23,60" hai3="18,26,50,33,17,91,102,64,29,35,21,11,132"/><T100/><D123/><U88/><E117/><V87/><F3/><W32/><G50/><T105/><D0/><U111/><E111/><V133/><F133/><W74/><G64/><T110/><D105/><U4/><E4/><V70/><F43/><W90/><G102/><T13/><D76/><U93/><E135/><V10/><F131/><W63/><G132/><T75/><D75/><U96/><E130/><V107/><F10/><W108/><G63/><T97/><D13/><U15/><E15/><V22/><F28/><W71/><G71/><T2/><D2/><U8/><E8/><V77/><F107/><W81/><G108/><N who="0" m="41579" /><D34/><U30/><E59/><V24/><F24/><W120/><G120/><T119/><D119/><U112/><E46/><V99/><F77/><W85/><G74/><T80/><D27/><U55/><E55/><N who="2" m="21067" /><F87/><W128/><G128/><T79/><D39/><U106/><E106/><V5/><F5/><W58/><G58/><T78/><D80/><U66/><E66/><V62/><F70/><W121/><G121/><T92/><D92/><U49/><E49/><V72/><F72/><W56/><G56/><T83/><D83/><U45/><E45/><V47/><F47/><W73/><G73/><T38/><D38/><U82/><E104/><V48/><F48/><W134/><G134/><T89/><D100/><U31/><E31/><V6/><F6/><W42/><G91/><T101/><D101/><U124/><E124/><AGARI ba="0,0" hai="20,22,23,60,61,62,98,99,124,125,127" m="21067" machi="124" ten="40,8000,1" yaku="28,2,18,1,54,1" doraHai="14" who="2" fromWho="1" sc="194,0,198,-80,273,80,335,0" /><INIT seed="5,0,0,4,5,61" ten="194,118,353,335" oya="1" hai0="30,9,36,121,87,122,93,95,88,112,97,14,123" hai1="28,27,10,32,72,39,77,91,104,12,52,85,83" hai2="1,115,127,11,128,46,107,44,45,111,0,74,47" hai3="16,119,73,8,114,70,21,71,34,118,132,13,3"/><U75/><E39/><V130/><F111/><W17/><G73/><T103/><D36/><U67/><E67/><V66/><F74/><W101/><G101/><T120/><D112/><U49/><E104/><V20/><F107/><W116/><G71/><T51/><N who="0" m="31232" /><DORA hai="53" /><T109/><D109/><U82/><E82/><V131/><F115/><W55/><G70/><T48/><REACH who="0" step="1"/><D30/><REACH who="0" step="2"/><U64/><E64/><V90/><N who="2" m="11776" /><DORA hai="42" /><V86/><F66/><W96/><G114/><T33/><D33/><U105/><E105/><V133/><F133/><W2/><G55/><T84/><D84/><U126/><E126/><V59/><F127/><W62/><G132/><T19/><AGARI ba="0,1" hai="9,14,19,48,51,87,88,93,95,97,103" m="31232" machi="19" ten="60,8000,1" yaku="1,1,0,1,13,1,54,1,53,1" doraHai="61,53,42" doraHaiUra="38,68,99" who="0" fromWho="0" sc="184,90,118,-40,353,-20,335,-20" /><INIT seed="6,0,0,1,3,74" ten="274,78,333,315" oya="2" hai0="97,81,72,50,36,10,99,90,24,111,125,34,73" hai1="85,2,44,28,76,95,109,6,54,103,47,98,51" hai2="64,11,75,120,1,38,17,7,16,96,18,23,135" hai3="53,110,55,56,102,79,132,107,71,49,118,5,113"/><V77/><F120/><W126/><G71/><T30/><D36/><U60/><E109/><V92/><F38/><W119/><G102/><T134/><D111/><U87/><E28/><V69/><F135/><W21/><G107/><T106/><D134/><U58/><E6/><V80/><F64/><W62/><G132/><T82/><D125/><U131/><E131/><V25/><REACH who="2" step="1"/><F69/><REACH who="2" step="2"/><W67/><G119/><T86/><D10/><U46/><E2/><V114/><F114/><W105/><G118/><T31/><D31/><U8/><E8/><V41/><F41/><W4/><G113/><T3/><D3/><U29/><E29/><V128/><F128/><W121/><G121/><T33/><D33/><U116/><E116/><V27/><F27/><W108/><G67/><T66/><D66/><U133/><E133/><V61/><F61/><W112/><G112/><T19/><D34/><U12/><E12/><V63/><F63/><W15/><G110/><T88/><D30/><U43/><REACH who="1" step="1"/><E87/><REACH who="1" step="2"/><V89/><AGARI ba="0,2" hai="1,7,11,16,17,18,23,25,75,77,80,89,92,96" machi="89" ten="20,18000,2" yaku="1,1,0,1,7,1,52,1,54,1,53,1" doraHai="74" doraHaiUra="94" who="2" fromWho="2" sc="274,-60,68,-60,323,200,315,-60" /><INIT seed="6,1,0,4,3,47" ten="214,8,523,255" oya="2" hai0="1,76,23,12,62,26,92,18,114,87,55,113,43" hai1="134,75,125,37,27,117,33,25,118,107,102,119,85" hai2="115,66,19,15,101,109,58,11,34,22,65,61,50" hai3="77,8,40,108,54,126,86,91,30,2,105,116,122"/><V14/><F34/><W38/><G54/><T10/><D1/><U88/><E37/><V110/><F115/><N who="0" m="44042" /><D43/><U39/><E39/><V93/><F101/><W84/><G91/><N who="0" m="53375" /><D76/><U103/><E125/><V94/><F50/><W97/><G86/><T95/><D95/><N who="1" m="54671" /><E134/><V59/><F93/><W112/><G84/><T72/><D72/><U63/><E75/><V13/><F94/><W29/><G29/><T121/><D121/><U28/><E107/><V104/><F104/><W17/><G17/><T42/><D42/><U0/><E0/><V74/><F74/><W98/><G98/><T20/><D62/><U83/><E83/><V60/><F11/><W46/><G97/><T53/><D23/><N who="1" m="15423" /><E63/><V3/><F3/><W135/><G77/><T21/><D21/><U78/><E78/><V52/><F66/><W106/><G8/><T99/><D99/><U51/><E51/><V48/><F60/><W4/><G40/><T124/><D124/><U123/><E123/><V120/><F120/><W131/><G46/><T79/><D79/><U49/><E49/><V44/><F44/><W73/><G4/><AGARI ba="1,0" hai="4,10,12,18,20,26,53,55" m="53375,44042" machi="4" ten="30,1000,0" yaku="15,1" doraHai="47" who="0" fromWho="3" sc="214,13,8,0,523,0,255,-13" /><INIT seed="7,0,0,3,0,36" ten="227,8,523,242" oya="3" hai0="83,57,75,10,113,24,9,12,17,124,99,130,107" hai1="100,98,126,134,42,87,22,54,95,45,26,90,74" hai2="66,79,78,56,73,50,68,1,69,62,67,116,125" hai3="132,32,6,72,105,49,85,106,103,18,96,121,64"/><W77/><G32/><T109/><D109/><U111/><E111/><V13/><F1/><W43/><G64/><T46/><D75/><U84/><E126/><V53/><F116/><W25/><G6/><T38/><D124/><U91/><E134/><V110/><F125/><W80/><G132/><T102/><D83/><U81/><E74/><V16/><F110/><W118/><G118/><T58/><D130/><U135/><E135/><V14/><F73/><W47/><G121/><T115/><D24/><U40/><E54/><V52/><F68/><W21/><REACH who="3" step="1"/><G72/><REACH who="3" step="2"/><T71/><D71/><U88/><E45/><V2/><F69/><W48/><G48/><T129/><D129/><U82/><E100/><V3/><F67/><W94/><AGARI ba="0,1" hai="18,21,25,43,47,49,77,80,85,94,96,103,105,106" machi="94" ten="20,7800,0" yaku="1,1,0,1,7,1,52,1,53,0" doraHai="36" doraHaiUra="63" who="3" fromWho="3" sc="227,-26,8,-26,523,-26,232,88" owari="201,-20,-18,-52,497,60,320,12" /></mjloggm>