<mjloggm ver="2.3"><GO type="97"/><UN n0="%E3%82%A2%E3%83%9E%E3%82%BE%E3%83%B3%E9%AD%82" n1="%E3%82%A6%E3%83%AB%E3%83%88%E3%83%A9%E7%AB%8B%E7%9B%B4" n2="%E5%88%87%E3%82%8A%E8%A3%82%E3%81%8D%E3%81%99%E3%81%9A" n3="%66%75%6A%69%73%61%6E%6E" dan="15,13,15,14" rate="1947,1818,2027,1846" sx="M,M,M,M"/><TAIKYOKU oya="0"/><INIT seed="0,0,0,2,3,106" ten="250,250,250,250" oya="0" hai0="26,76,116,120,55,81,41,119,46,37,133,113,21" hai1="104,49,58,8,30,52,29,126,73,84,51,95,98" hai2="101,96,74,31,50,132,42,87,64,70,23,102,4" hai3="34,82,135,121,108,65,5,27,88,100,72,48,56"/><T15/><D120/><U47/><E126/><V45/><F132/><W63/><G135/><T112/><D133/><U79/><E104/><V105/><F102/><W110/><G100/><T99/><D99/><U114/><E73/><V3/><F3/><W28/><G121/><T32/><D32/><U35/><E35/><V68/><F4/><W115/><G115/><T92/><D92/><U36/><E36/><V109/><F109/><N who="3" m="42091" /><G5/><T10/><D55/><N who="1" m="32111" /><E8/><V118/><F118/><W80/><G48/><T20/><D20/><U13/><E13/><V130/><F130/><W77/><G82/><T6/><D113/><U2/><E2/><V94/><F64/><W125/><G125/><T91/><D91/><AGARI ba="0,0" hai="27,28,34,56,63,65,72,77,80,88,91" m="42091" machi="91" ten="30,3900,0" yaku="14,1,52,1,54,1" doraHai="106" who="3" fromWho="0" sc="250,-39,250,0,250,0,250,39" /><INIT seed="1,0,0,1,1,27" ten="211,250,250,289" oya="1" hai0="31,121,131,5,77,59,79,62,57,33,65,63,112" hai1="54,17,43,130,1,24,50,48,108,78,125,89,106" hai2="56,71,120,19,81,96,110,113,37,128,132,8,60" hai3="123,34,127,18,66,74,94,86,118,93,21,58,44"/><U111/><E1/><V69/><F120/><W73/><G123/><T117/><D121/><U16/><E106/><V80/><F37/><W135/><G127/><T6/><D117/><U30/><E78/><V68/><F110/><N who="1" m="42025" /><E125/><V129/><F132/><W12/><G135/><T114/><D33/><N who="1" m="20679" /><E130/><N who="2" m="50283" /><F113/><W26/><G118/><T109/><D109/><U116/><E116/><V104/><F104/><W49/><G73/><T0/><D131/><U75/><E75/><V38/><F38/><W105/><G105/><T20/><D20/><U103/><E103/><V25/><F96/><W55/><G74/><T13/><D13/><U11/><E11/><V100/><F100/><W84/><G34/><T91/><D91/><U92/><E43/><V61/><F8/><W119/><G119/><T64/><D0/><U88/><E50/><V67/><F61/><N who="3" m="38199" /><G12/><T51/><D51/><U3/><E3/><V9/><F9/><W53/><G53/><T7/><REACH who="0" step="1"/><D6/><REACH who="0" step="2"/><U47/><E89/><V46/><F25/><W134/><G134/><T15/><D15/><U126/><E126/><V122/><F122/><W52/><G55/><T82/><D82/><U36/><E36/><V87/><F81/><W29/><G18/><T101/><D101/><U22/><E22/><V124/><F19/><W133/><G133/><T10/><D10/><U70/><E70/><V32/><F124/><W76/><G76/><T45/><D45/><U115/><E115/><V39/><F32/><W41/><G41/><T99/><D99/><AGARI ba="0,1" hai="16,17,47,48,54,88,92,99" m="20679,42025" machi="99" ten="30,12000,1" yaku="14,1,10,1,52,1,54,2" doraHai="27" who="1" fromWho="0" sc="201,-120,250,130,250,0,289,0" /><INIT seed="1,1,0,1,0,94" ten="81,380,250,289" oya="1" hai0="26,13,47,69,103,2,123,35,84,77,127,135,27" hai1="78,38,45,93,108,32,121,16,1,42,134,23,110" hai2="105,67,64,79,83,85,37,81,111,56,10,29,102" hai3="95,73,18,106,5,12,11,8,14,125,74,61,133"/><U68/><E32/><V129/><F37/><W9/><G106/><T112/><D69/><U72/><E1/><V63/><F111/><N who="1" m="42537" /><E68/><V131/><F29/><W71/><G133/><T0/><D135/><U46/><E134/><V43/><F43/><W86/><G125/><T97/><D127/><U55/><E78/><V92/><F105/><W48/><G71/><T98/><D112/><U119/><E72/><V30/><F30/><W126/><G126/><T96/><D103/><U17/><E121/><V15/><F83/><W120/><G120/><T100/><D100/><U101/><E119/><V4/><REACH who="2" step="1"/><F67/><REACH who="2" step="2"/><W58/><G74/><T31/><D123/><U7/><E93/><V25/><F25/><W118/><G118/><T107/><D107/><U122/><E122/><V52/><F52/><N who="3" m="33991" /><G73/><T91/><D27/><U117/><E117/><V90/><F90/><N who="3" m="53719" /><G48/><T80/><D13/><U116/><E42/><V75/><F75/><W104/><G104/><T28/><D28/><U128/><E38/><V39/><F39/><W109/><G109/><T54/><REACH who="0" step="1"/><D77/><REACH who="0" step="2"/><U36/><E116/><V60/><F60/><W57/><G14/><T3/><D3/><U50/><E36/><V89/><F89/><W130/><G12/><T70/><D70/><U51/><E55/><V87/><F87/><W44/><G5/><T65/><D65/><U41/><E7/><V59/><F59/><W132/><G57/><T114/><D114/><U34/><E41/><V6/><F6/><W66/><G132/><T113/><D113/><U62/><E62/><V33/><F33/><W49/><G66/><RYUUKYOKU ba="1,2" sc="71,15,380,-15,240,15,289,-15" hai0="0,2,26,31,35,47,54,80,84,91,96,97,98" hai2="4,10,15,56,63,64,79,81,85,92,102,129,131" /><INIT seed="2,2,2,2,5,119" ten="86,365,255,274" oya="2" hai0="131,114,68,56,111,31,0,13,102,96,73,3,104" hai1="29,44,80,5,51,106,129,36,9,67,4,93,123" hai2="54,60,22,15,120,70,40,127,124,133,18,121,38" hai3="33,58,94,57,109,45,122,130,85,81,87,41,79"/><V76/><F76/><W98/><G33/><T46/><D114/><U2/><E106/><V84/><F133/><W12/><G130/><T65/><D131/><U11/><E129/><V37/><F84/><W117/><G109/><T113/><D113/><U108/><E67/><N who="2" m="41319" /><F54/><W69/><G117/><T82/><D56/><U107/><E107/><V16/><F40/><W25/><G69/><T20/><D46/><U50/><E108/><V6/><F6/><W66/><G87/><T42/><D42/><N who="1" m="22599" /><E29/><V101/><F101/><W1/><G1/><T72/><D111/><U83/><E93/><V115/><F115/><W126/><G126/><N who="2" m="48169" /><F18/><W23/><G122/><AGARI ba="2,2" hai="15,16,22,37,38,120,121,122" m="48169,41319" machi="122" ten="30,12000,1" yaku="18,1,52,3,54,1" doraHai="119" who="2" fromWho="3" sc="86,0,365,0,255,146,274,-126" /><INIT seed="2,3,0,5,3,27" ten="86,365,401,148" oya="2" hai0="94,80,96,54,63,35,126,73,55,131,122,3,74" hai1="21,14,28,50,77,44,42,93,1,37,2,117,124" hai2="127,48,123,36,107,130,69,102,78,45,135,9,76" hai3="24,41,20,40,111,87,61,100,30,104,56,58,75"/><V0/><F123/><W98/><G75/><T4/><D122/><U114/><E117/><V101/><F69/><W34/><G111/><T12/><D35/><U49/><E114/><V5/><F127/><W99/><G58/><T97/><D3/><U32/><E32/><V119/><F119/><W33/><G87/><T133/><D126/><U6/><E124/><V132/><F36/><W118/><G118/><T134/><D63/><U23/><E37/><V67/><F67/><W106/><G33/><T52/><D80/><U84/><E1/><V31/><F31/><W72/><G72/><N who="0" m="27755" /><D94/><U81/><E2/><V43/><F130/><W26/><G106/><T65/><D65/><U70/><E70/><V19/><F19/><W13/><G13/><T79/><D79/><N who="2" m="30250" /><F107/><W66/><G99/><N who="0" m="37963" /><D131/><U29/><E93/><V91/><F91/><W90/><G90/><T129/><D129/><U51/><E44/><V8/><F8/><W18/><AGARI ba="3,0" hai="18,20,24,26,30,34,40,41,56,61,66,98,100,104" machi="18" ten="20,2700,0" yaku="0,1,7,1,52,1" doraHai="27" who="3" fromWho="3" sc="86,-10,365,-10,401,-16,148,36" /><INIT seed="3,0,0,1,5,66" ten="76,355,385,184" oya="3" hai0="135,83,112,64,98,122,33,129,17,78,44,55,7" hai1="88,113,46,16,126,21,25,30,45,81,0,115,85" hai2="105,40,116,134,68,8,24,10,29,35,104,22,13" hai3="26,76,6,131,125,93,42,124,119,95,132,4,58"/><W48/><G119/><T109/><D122/><U80/><E0/><V103/><F116/><W82/><G132/><T110/><D33/><U67/><E67/><V2/><F134/><W106/><G131/><T96/><D135/><U114/><E126/><N who="3" m="48746" /><G106/><T61/><D129/><U77/><REACH who="1" step="1"/><E30/><REACH who="1" step="2"/><V1/><F29/><W121/><G121/><T74/><D112/><U86/><AGARI ba="0,1" hai="16,21,25,45,46,77,80,81,85,86,88,113,114,115" machi="86" ten="40,16000,3" yaku="1,1,2,1,0,1,54,2,53,3" doraHai="66" doraHaiUra="108" who="1" fromWho="1" sc="76,-40,345,170,385,-40,184,-80" owari="36,-36,515,51,345,10,104,-25" /></mjloggm>