<mjloggm ver="2.3"><GO type="41"/><UN n0="%E3%82%A6%E3%83%AB%E3%83%88%E3%83%A9%E7%AB%8B%E7%9B%B4" n1="%69%6D%6D%6F%72%61%6C" n2="%E3%83%97%E3%83%AD%E3%82%B8%E3%83%A3%E3%83%B3%E6%B0%8F" n3="%E3%81%AE%E3%81%A9%E3%81%A3%E3%81%A1%2E" dan="15,13,14,16" rate="1989,1957,1926,1999" sx="M,F,M,F"/><TAIKYOKU oya="0"/><INIT seed="0,0,0,5,1,67" ten="250,250,250,250" oya="0" hai0="1,10,132,50,57,14,86,135,92,49,103,114,42" hai1="123,72,91,35,23,8,99,45,83,70,26,0,76" hai2="89,71,56,44,73,108,116,119,79,36,34,48,2" hai3="9,77,43,113,106,22,52,94,19,6,85,60,111"/><T21/><D114/><U28/><E123/><V90/><F34/><W11/><G106/><T24/><D1/><U58/><E45/><V7/><F36/><W121/><G113/><T51/><D42/><U61/><E0/><V96/><F108/><W109/><G121/><T110/><D110/><N who="3" m="41993" /><G43/><T75/><D75/><U31/><E8/><V88/><F96/><W15/><G94/><T131/><D131/><U16/><E70/><V12/><F2/><W69/><G6/><T47/><D47/><U32/><E32/><V65/><F56/><N who="3" m="34823" /><G69/><T102/><D57/><U53/><E35/><V29/><F29/><W54/><G54/><T18/><D102/><U80/><E83/><AGARI ba="0,0" hai="9,11,15,19,22,77,83,85" m="34823,41993" machi="83" ten="30,2000,0" yaku="14,1,54,1" doraHai="67" who="3" fromWho="1" sc="250,0,250,-20,250,0,250,20" /><INIT seed="1,0,0,5,3,16" ten="250,230,250,270" oya="1" hai0="100,66,114,70,108,85,91,121,88,92,81,106,118" hai1="50,1,21,46,63,55,7,98,42,90,69,104,10" hai2="30,43,40,32,115,130,59,87,119,15,116,135,109" hai3="122,110,47,6,35,120,75,24,11,97,107,54,19"/><U52/><E69/><V34/><F59/><W8/><G75/><T2/><D2/><U17/><E63/><V102/><F102/><W36/><G107/><T82/><D66/><U38/><E38/><V57/><F57/><W5/><G97/><N who="0" m="61711" /><D70/><U29/><E29/><V86/><F15/><W65/><G65/><T20/><D20/><U13/><REACH who="1" step="1"/><E104/><REACH who="1" step="2"/><V78/><F30/><W124/><G36/><T93/><D121/><U18/><E18/><V83/><F115/><W129/><G19/><T84/><D118/><U53/><E53/><V80/><F119/><W101/><G54/><T3/><D114/><U41/><E41/><V0/><F116/><W12/><G122/><T89/><D3/><U95/><AGARI ba="0,1" hai="1,7,10,13,17,21,42,46,50,52,55,90,95,98" machi="95" ten="30,11700,0" yaku="1,1,0,1,52,1,54,1,53,0" doraHai="16" doraHaiUra="31" who="1" fromWho="1" sc="250,-39,220,127,250,-39,270,-39" /><INIT seed="1,1,0,5,0,97" ten="211,347,211,231" oya="1" hai0="133,86,43,113,107,79,77,57,25,21,94,87,18" hai1="52,40,9,8,120,53,71,46,123,30,38,15,22" hai2="89,5,65,75,134,119,100,112,47,117,125,83,105" hai3="64,131,108,129,88,63,41,73,104,67,33,27,95"/><U51/><E71/><V98/><F112/><W74/><G104/><T11/><D107/><U127/><E127/><V81/><F125/><W101/><G41/><T54/><D113/><U109/><E109/><V82/><F134/><W20/><G33/><T130/><D43/><U23/><E53/><V91/><F65/><W7/><G7/><T99/><D11/><U16/><E9/><V106/><F47/><W118/><G108/><T28/><D28/><U19/><E30/><V1/><F1/><W126/><G126/><T37/><D37/><U13/><E8/><V114/><F114/><W128/><G118/><N who="2" m="45065" /><F5/><W78/><G78/><N who="0" m="29707" /><D133/><U61/><E61/><V96/><F75/><W92/><G64/><T31/><D31/><U3/><E3/><V85/><F85/><N who="3" m="52239" /><G20/><T76/><N who="0" m="29715" /><T6/><DORA hai="29" /><D6/><U124/><E124/><V110/><F110/><W93/><G27/><T122/><D122/><U56/><AGARI ba="1,0" hai="13,15,16,19,22,23,38,40,46,51,52,56,120,123" machi="56" ten="20,12000,1" yaku="0,1,7,1,9,1,54,2" doraHai="97,29" who="1" fromWho="1" sc="211,-41,347,123,211,-41,231,-41" /><INIT seed="1,2,0,4,3,103" ten="170,470,170,190" oya="1" hai0="71,30,45,116,66,114,126,20,72,13,82,47,21" hai1="113,68,39,2,77,97,88,92,36,50,83,130,134" hai2="5,9,29,80,90,11,91,107,81,123,111,94,70" hai3="35,132,17,48,119,8,31,59,40,44,133,52,69"/><U19/><E113/><V76/><F70/><W106/><G119/><T115/><D116/><U24/><E68/><V79/><F123/><W18/><G69/><T98/><D71/><U14/><E2/><V100/><F29/><W102/><G31/><T12/><D66/><U28/><E130/><V4/><F94/><W63/><G35/><T105/><D98/><U120/><E134/><N who="3" m="51818" /><G8/><T43/><D30/><U60/><E60/><V64/><F64/><W129/><G129/><T58/><D58/><U109/><E50/><V95/><F95/><W37/><G37/><T122/><D82/><U127/><E127/><V27/><F27/><W56/><G56/><T26/><D26/><U87/><E120/><V125/><F111/><W78/><G78/><T0/><D122/><U67/><E67/><V75/><F75/><W6/><G6/><T74/><D43/><U131/><E131/><V49/><F49/><W112/><G112/><T22/><D22/><U33/><REACH who="1" step="1"/><E109/><REACH who="1" step="2"/><V54/><F125/><W86/><G63/><T104/><D126/><U61/><E61/><V34/><F34/><W135/><G135/><T51/><D51/><U42/><E42/><V38/><F38/><W73/><G40/><T65/><D65/><U93/><E93/><V110/><F110/><W23/><G48/><T101/><D101/><U108/><E108/><V118/><F100/><W15/><G102/><T25/><D25/><U96/><E96/><V53/><REACH who="2" step="1"/><F118/><REACH who="2" step="2"/><W99/><G59/><T84/><D114/><U62/><E62/><V16/><F16/><W7/><G17/><T121/><D115/><RYUUKYOKU ba="2,2" sc="170,-15,460,15,160,15,190,-15" hai1="14,19,24,28,33,36,39,77,83,87,88,92,97" hai2="4,5,9,11,53,54,76,79,80,81,90,91,107" /><INIT seed="1,3,2,2,1,46" ten="155,475,175,175" oya="1" hai0="25,135,36,34,10,111,0,12,53,120,107,108,94" hai1="68,58,122,90,27,82,115,64,6,73,81,103,39" hai2="60,101,76,124,79,106,52,7,21,65,105,5,89" hai3="9,85,41,45,102,11,123,71,75,100,127,51,15"/><U20/><E68/><V24/><F124/><W95/><G75/><T98/><D107/><U67/><E115/><V59/><F106/><W13/><G71/><T14/><D36/><U87/><E39/><V31/><F89/><N who="3" m="53679" /><G127/><T132/><D94/><U35/><E35/><V33/><F33/><W80/><G80/><T126/><D53/><U110/><E103/><V128/><F128/><W8/><G123/><T77/><D98/><U18/><E122/><V55/><F101/><AGARI ba="3,2" hai="8,9,11,13,15,41,45,51,100,101,102" m="53679" machi="101" ten="30,2000,0" yaku="8,1,52,1" doraHai="46" who="3" fromWho="2" sc="155,0,475,0,175,-29,175,49" /><INIT seed="2,0,0,2,3,57" ten="155,475,146,224" oya="2" hai0="87,99,101,132,104,121,1,100,67,122,95,52,72" hai1="0,134,111,23,118,48,124,91,74,60,125,76,47" hai2="86,90,14,110,89,108,98,73,69,129,33,107,25" hai3="41,10,61,96,83,20,44,109,128,6,105,68,18"/><V131/><F69/><W79/><G109/><N who="2" m="42089" /><F73/><W29/><G128/><N who="2" m="49225" /><F14/><W65/><G29/><T34/><D34/><U24/><E111/><V64/><F64/><W36/><G105/><T26/><D67/><U28/><E0/><V92/><F25/><W53/><G96/><T80/><D1/><U113/><E118/><V32/><F107/><W116/><G116/><T63/><D26/><U123/><E74/><V35/><F86/><W37/><G53/><T66/><D66/><U2/><E2/><V15/><F15/><W22/><G18/><T58/><D132/><U106/><E134/><V93/><F98/><W30/><G30/><T103/><D72/><U51/><E106/><V43/><F43/><W50/><G10/><T119/><D119/><U13/><E13/><V16/><F16/><W45/><G6/><T126/><D104/><U78/><E24/><V81/><F81/><W46/><G83/><T127/><D103/><U112/><E28/><V62/><F62/><W94/><G94/><AGARI ba="0,0" hai="32,33,35,89,90,92,93,94" m="49225,42089" machi="94" ten="40,12000,1" yaku="28,2,14,1,10,1,19,1" doraHai="57" who="2" fromWho="3" sc="155,0,475,0,146,120,224,-120" /><INIT seed="2,1,0,1,5,90" ten="155,475,266,104" oya="2" hai0="82,126,108,46,35,106,133,84,52,117,26,118,67" hai1="86,23,105,104,21,83,111,131,60,112,130,39,114" hai2="70,49,16,115,88,22,10,38,64,72,121,132,27" hai3="85,119,8,28,101,19,34,99,4,30,14,53,37"/><V103/><F38/><W69/><G119/><N who="0" m="45579" /><D106/><N who="1" m="41067" /><E60/><V36/><F36/><W128/><G128/><N who="1" m="49194" /><E39/><V62/><F115/><N who="1" m="44073" /><E111/><V123/><F121/><W134/><G37/><T98/><D108/><U54/><E54/><V81/><F123/><W17/><G53/><T87/><D67/><U48/><E48/><V51/><F103/><W40/><G40/><T66/><D66/><U97/><E97/><V55/><F132/><W11/><G134/><T2/><D98/><U107/><E107/><V113/><F113/><W75/><G69/><T33/><D52/><U18/><E18/><V124/><F55/><W100/><G99/><T89/><D46/><U63/><E63/><V9/><F10/><W1/><G100/><T32/><D133/><U29/><E29/><V96/><F9/><W79/><G101/><T57/><D57/><U12/><E12/><V50/><F72/><W74/><G19/><T92/><D26/><U91/><AGARI ba="1,0" hai="21,23,83,86,91" m="44073,49194,41067" machi="91" ten="40,1500,0" yaku="19,1" doraHai="90" who="1" fromWho="1" sc="155,-5,475,18,266,-8,104,-5" /><INIT seed="3,0,0,5,2,116" ten="150,493,258,99" oya="3" hai0="4,30,130,127,58,122,68,62,88,71,27,113,5" hai1="46,102,49,26,55,78,117,57,85,79,83,1,11" hai2="89,93,123,74,18,108,17,128,24,66,92,34,120" hai3="104,84,132,99,86,72,73,10,37,110,29,76,80"/><W41/><G29/><T7/><D122/><N who="2" m="46634" /><F74/><N who="3" m="43031" /><G41/><T31/><D113/><U32/><E117/><V35/><F108/><W61/><G61/><T19/><D127/><U115/><E102/><V13/><F128/><W39/><G10/><T3/><D3/><U97/><E97/><N who="2" m="57487" /><F93/><W134/><G37/><T0/><D0/><U131/><E1/><V118/><F118/><W63/><G63/><T94/><D130/><U111/><E111/><V81/><F81/><W100/><G39/><T103/><D103/><U65/><E131/><V109/><F109/><W90/><G110/><T56/><D68/><U129/><E129/><V15/><F66/><W14/><G14/><N who="2" m="5129" /><F24/><W43/><G43/><T44/><D27/><U36/><E26/><V8/><F8/><W6/><G6/><T22/><D5/><U12/><E11/><V51/><F51/><W52/><G52/><T54/><D7/><U119/><E55/><V20/><F20/><W23/><G23/><T91/><D4/><U95/><E49/><V114/><F114/><W16/><G16/><AGARI ba="0,0" hai="16,17,18,34,35" m="5129,57487,46634" machi="16" ten="30,8000,1" yaku="13,1,52,3,54,1" doraHai="116" who="2" fromWho="3" sc="150,0,493,0,258,80,99,-80" /><INIT seed="4,0,0,5,0,37" ten="150,493,338,19" oya="0" hai0="56,71,31,33,11,32,30,95,103,22,55,126,57" hai1="80,61,101,67,28,50,21,118,68,89,34,60,91" hai2="110,81,17,58,46,48,84,69,5,64,122,18,97" hai3="42,92,82,78,38,135,115,7,23,96,45,98,1"/><T52/><D71/><U54/><E118/><V20/><F69/><W0/><G135/><T6/><D126/><U116/><E116/><V74/><F122/><W26/><G115/><T129/><D129/><U14/><E34/><V106/><F74/><W125/><G125/><T53/><D95/><U113/><E113/><V40/><F110/><W120/><G120/><T114/><D103/><U3/><E3/><V73/><F73/><W10/><G92/><T47/><D47/><U130/><E101/><V29/><F5/><W24/><G0/><T4/><D114/><U131/><E61/><V107/><F97/><W19/><REACH who="3" step="1"/><G26/><REACH who="3" step="2"/><T39/><D32/><U44/><E131/><V70/><F106/><W128/><G128/><T15/><D33/><U93/><E93/><V62/><F107/><W27/><G27/><T100/><D100/><U43/><E130/><V94/><F94/><W112/><G112/><T66/><D15/><U8/><E14/><V132/><F132/><W119/><G119/><T77/><D31/><U65/><E28/><V127/><F29/><W41/><G41/><T108/><D30/><U86/><E43/><V49/><F127/><W88/><G88/><T35/><D35/><U36/><E91/><V85/><F40/><W109/><G109/><T111/><D108/><U99/><E89/><V123/><F123/><W59/><G59/><T72/><D57/><U13/><E13/><V51/><F58/><W117/><G117/><T134/><D56/><U102/><E68/><V90/><F90/><W79/><G79/><T12/><D77/><U2/><E2/><RYUUKYOKU ba="0,1" sc="150,-10,493,-10,338,-10,9,30" hai3="1,7,10,19,23,24,38,42,45,78,82,96,98" /><INIT seed="5,1,1,2,0,18" ten="140,483,328,39" oya="1" hai0="14,86,90,1,61,71,17,43,101,72,51,24,95" hai1="38,105,84,108,35,73,53,97,19,114,6,94,116" hai2="2,91,74,89,100,25,26,92,40,44,79,58,20" hai3="54,52,5,60,135,7,8,117,121,37,12,106,56"/><U112/><E116/><V127/><F127/><W11/><G121/><T109/><D1/><U23/><E35/><V65/><F2/><W87/><G135/><T78/><D72/><U99/><E73/><V49/><F74/><W75/><G75/><T88/><D71/><U66/><E38/><V68/><F68/><W126/><G106/><T125/><D125/><U50/><E66/><V63/><F79/><W55/><G126/><T131/><D131/><U118/><E6/><V103/><F26/><W36/><G117/><T21/><D61/><U62/><E62/><V107/><F107/><W98/><G98/><N who="0" m="59615" /><D109/><U47/><E118/><V31/><REACH who="2" step="1"/><F91/><REACH who="2" step="2"/><W85/><G37/><T111/><D111/><U93/><E105/><V4/><F4/><W123/><G36/><T42/><D78/><U96/><E108/><V113/><F113/><N who="1" m="43625" /><E84/><AGARI ba="1,2" hai="20,25,31,40,44,49,58,63,65,84,89,92,100,103" machi="84" ten="30,7700,0" yaku="1,1,7,1,8,1,52,1,53,0" doraHai="18" doraHaiUra="70" who="2" fromWho="1" sc="140,0,483,-80,318,100,39,0" /><INIT seed="6,0,0,0,1,101" ten="140,403,418,39" oya="2" hai0="85,40,23,17,71,102,2,79,21,19,99,119,52" hai1="10,31,32,130,41,35,74,92,100,45,116,93,98" hai2="27,1,51,84,67,124,8,118,13,43,38,0,25" hai3="54,121,47,7,86,133,65,88,83,63,94,50,69"/><V109/><F38/><W103/><G133/><T56/><D71/><U48/><E116/><V33/><F118/><W70/><G121/><T117/><D40/><U20/><E130/><V131/><F131/><W61/><G7/><T72/><D72/><U55/><E74/><V37/><F37/><W73/><G103/><T16/><D2/><U97/><E10/><V123/><F123/><W91/><G73/><T111/><D111/><U5/><E5/><V132/><F132/><W82/><REACH who="3" step="1"/><G91/><REACH who="3" step="2"/><T3/><D117/><U127/><E127/><V107/><F124/><W14/><G14/><T110/><D119/><U113/><E113/><V128/><F128/><W18/><G18/><T22/><D110/><U129/><E129/><V64/><F109/><W95/><G95/><N who="0" m="58751" /><D3/><U11/><E100/><V34/><F1/><W62/><G62/><N who="0" m="36103" /><D19/><U12/><E93/><V26/><F0/><W87/><G87/><T53/><D85/><U78/><E92/><V126/><F84/><W9/><G9/><T49/><D79/><U114/><E78/><V58/><F126/><W96/><G96/><T4/><D4/><N who="1" m="3175" /><E98/><V6/><F6/><W105/><G105/><T46/><AGARI ba="0,1" hai="16,17,21,22,23,46,49,53" m="36103,58751" machi="46" ten="30,4000,0" yaku="8,1,54,2" doraHai="101" who="0" fromWho="0" sc="140,50,403,-10,418,-20,29,-10" /><INIT seed="7,0,0,0,4,38" ten="190,393,398,19" oya="3" hai0="64,43,54,115,129,105,76,117,134,119,114,74,51" hai1="62,17,79,69,122,35,37,111,135,133,42,92,3" hai2="65,130,67,55,58,132,2,98,44,48,81,88,73" hai3="71,30,110,33,4,20,82,66,116,104,15,123,53"/><W7/><G123/><T120/><D105/><U39/><E122/><V26/><F2/><W108/><G116/><T106/><D106/><U95/><E111/><N who="3" m="42538" /><G104/><T112/><D76/><U32/><E3/><V10/><F73/><W1/><G71/><T99/><D99/><U19/><E79/><V128/><F132/><W63/><G1/><T18/><D18/><U41/><E62/><N who="2" m="36191" /><F10/><W22/><G82/><T118/><D74/><U87/><E87/><N who="2" m="50287" /><F98/><W61/><G33/><T77/><D77/><U56/><E56/><V49/><F26/><N who="3" m="16711" /><G66/><N who="2" m="25097" /><F44/><W16/><G53/><T124/><D120/><U125/><E125/><V113/><F113/><W102/><G102/><T96/><D64/><U121/><E121/><V47/><F47/><W34/><G34/><T97/><D124/><U12/><E12/><V100/><F100/><W103/><G103/><T28/><D54/><U72/><E72/><V78/><F78/><W31/><G31/><T84/><D28/><U75/><E75/><V60/><F60/><AGARI ba="0,0" hai="4,7,15,16,22,60,61,63" m="16711,42538" machi="60" ten="30,2900,0" yaku="10,1,54,1" doraHai="38" who="3" fromWho="2" sc="190,0,393,0,398,-29,19,29" /><INIT seed="7,1,0,2,2,48" ten="190,393,369,48" oya="3" hai0="18,83,12,24,80,54,23,26,36,5,30,39,63" hai1="32,91,102,52,40,113,110,53,61,70,67,15,119" hai2="117,0,100,101,90,31,66,62,96,34,43,115,47" hai3="85,20,92,127,4,123,116,111,49,57,81,104,72"/><W108/><G104/><T22/><D39/><U77/><E110/><N who="3" m="42026" /><G123/><T118/><D36/><U106/><E32/><V97/><F117/><W41/><G116/><T64/><D118/><U121/><E119/><V86/><F115/><W55/><G127/><T13/><D54/><U94/><E121/><V27/><F0/><W68/><G68/><T98/><D98/><U25/><E40/><V16/><F97/><W134/><G134/><T76/><D5/><U42/><E42/><V3/><F3/><W132/><G132/><T79/><D79/><U56/><E102/><V82/><F96/><W11/><G41/><T128/><D128/><U60/><E106/><V93/><F93/><W71/><G71/><T59/><D80/><U29/><E77/><V89/><F90/><N who="3" m="51503" /><G20/><T74/><AGARI ba="1,0" hai="12,13,18,22,23,24,26,30,59,63,64,74,76,83" machi="74" ten="20,1500,0" yaku="0,1,7,1" doraHai="48" who="0" fromWho="0" sc="190,18,393,-5,369,-5,48,-8" owari="208,-19,388,49,364,16,40,-46" /></mjloggm>