<mjloggm ver="2.3"><GO type="97"/><UN n0="%E3%82%A6%E3%83%AB%E3%83%88%E3%83%A9%E7%AB%8B%E7%9B%B4" n1="%E9%B7%B9%E6%AD%A3%E3%81%AE%E5%80%85%EF%BC%9D%E5%AF%8C%E7%8C%AB" n2="%39%4C%4F%56%45" n3="%74%61%72%69%63%65" dan="13,13,13,13" rate="1811,1900,1837,1855" sx="M,M,M,M"/><TAIKYOKU oya="0"/><INIT seed="0,0,0,5,3,119" ten="250,250,250,250" oya="0" hai0="16,92,94,21,40,129,131,26,50,114,15,44,10" hai1="130,65,70,38,30,49,112,100,99,135,51,118,55" hai2="104,134,28,108,56,19,113,97,58,67,76,84,115" hai3="103,46,107,14,39,47,109,96,90,36,105,41,106"/><T117/><D117/><U91/><E118/><V64/><F28/><W22/><G109/><T69/><D69/><U53/><E38/><V61/><F108/><W54/><G90/><T102/><D114/><U81/><E130/><N who="0" m="49673" /><D102/><U25/><E135/><V89/><F134/><W93/><G54/><T111/><D111/><U11/><E112/><V128/><F128/><W83/><G83/><T132/><D132/><U29/><E11/><V23/><F76/><W0/><G0/><T32/><D32/><U2/><E2/><V18/><F18/><AGARI ba="0,0" hai="10,15,16,18,21,26,40,44,50,92,94" m="49673" machi="18" ten="30,2900,0" yaku="19,1,54,1" doraHai="119" who="0" fromWho="2" sc="250,29,250,0,250,-29,250,0" /><INIT seed="0,1,0,5,2,65" ten="279,250,221,250" oya="0" hai0="134,18,48,95,63,68,28,33,50,123,73,20,119" hai1="74,114,61,72,85,86,6,13,97,110,2,106,90" hai2="38,122,96,31,54,84,7,124,55,24,34,117,11" hai3="42,77,43,0,25,115,133,91,58,88,126,71,40"/><T79/><D123/><U8/><E110/><V127/><F122/><W89/><G0/><T102/><D119/><U101/><E114/><V30/><F38/><W51/><G115/><T23/><D23/><U66/><E86/><V47/><F117/><W69/><G77/><T12/><D79/><U22/><E22/><V16/><F30/><W76/><G76/><T80/><D80/><U46/><E46/><V70/><F70/><W111/><G111/><T27/><D73/><U17/><E2/><V128/><F128/><W32/><G133/><T108/><D134/><U62/><E6/><V26/><F84/><W35/><G25/><T81/><D81/><U21/><E21/><N who="2" m="13351" /><F47/><W118/><G118/><T15/><D15/><U99/><E99/><V92/><F11/><W135/><G135/><T39/><D39/><U82/><REACH who="1" step="1"/><E62/><REACH who="1" step="2"/><V116/><F7/><W83/><G83/><T5/><D5/><U98/><E98/><V14/><F116/><W56/><G51/><T112/><D112/><U53/><E53/><V109/><F109/><W103/><G103/><T4/><D4/><U104/><E104/><V129/><F129/><W94/><G94/><T49/><D108/><U121/><E121/><V52/><F14/><W29/><G29/><T120/><D120/><U44/><E44/><V59/><F55/><W36/><G36/><T45/><D45/><U64/><E64/><V132/><F132/><W75/><G75/><T57/><D95/><U37/><E37/><V125/><F54/><W107/><G107/><T113/><D113/><U3/><E3/><V130/><F130/><RYUUKYOKU ba="1,1" sc="279,-10,240,30,221,-10,250,-10" hai1="8,13,17,61,66,72,74,82,85,90,97,101,106" /><INIT seed="1,2,1,5,4,66" ten="269,270,211,240" oya="1" hai0="116,43,35,14,99,109,85,101,47,44,23,93,133" hai1="122,70,10,80,134,105,31,135,39,6,76,77,38" hai2="60,56,12,82,65,63,36,46,123,115,49,92,117" hai3="18,50,62,24,72,45,16,57,5,34,104,94,40"/><U42/><E122/><V95/><F115/><W53/><G104/><T51/><D35/><U102/><E31/><V67/><F123/><W124/><G72/><T119/><D133/><N who="1" m="50699" /><E42/><V30/><F117/><W13/><G124/><T20/><D109/><U54/><E54/><V74/><F36/><N who="1" m="13865" /><E80/><V7/><F30/><W130/><G130/><T88/><D47/><U29/><E29/><V1/><F1/><W19/><G34/><T32/><D32/><U125/><E125/><V89/><F7/><W129/><G129/><T2/><D2/><U120/><E120/><V48/><F12/><W25/><REACH who="3" step="1"/><G94/><REACH who="3" step="2"/><N who="0" m="58615" /><D116/><U26/><E26/><V90/><F74/><W111/><G111/><T98/><D119/><U127/><E127/><V128/><F128/><W17/><N who="3" m="4608" /><DORA hai="114" /><W126/><G126/><T106/><D106/><U131/><E131/><V37/><F95/><W41/><G41/><T59/><D93/><U112/><E112/><V69/><F92/><W100/><G100/><T4/><D43/><U87/><E102/><V68/><F82/><W71/><G71/><T121/><D121/><U113/><E105/><V83/><F83/><W21/><G21/><T118/><D23/><U11/><E70/><V8/><F8/><AGARI ba="2,2" hai="5,8,13,24,25,40,45,50,53,57,62" m="4608" machi="8" ten="50,8000,1" yaku="1,1,8,1,54,1,53,2" doraHai="66,114" doraHaiUra="3,52" who="3" fromWho="2" sc="269,0,270,0,211,-86,230,106" /><INIT seed="2,0,0,5,5,39" ten="269,270,125,336" oya="2" hai0="112,10,42,32,5,69,121,106,128,105,85,107,4" hai1="96,49,9,95,113,92,102,20,60,100,34,108,125" hai2="6,78,41,117,57,11,48,36,58,13,24,76,122" hai3="130,77,43,81,123,8,25,17,47,67,12,135,129"/><V101/><F122/><W14/><G123/><T2/><D112/><U21/><E34/><V80/><F117/><W54/><G67/><T45/><D121/><U118/><E108/><V86/><F36/><W64/><G64/><T61/><D5/><U119/><E125/><V51/><F76/><W16/><G135/><T79/><D128/><U109/><E109/><V38/><F38/><W132/><G132/><T52/><D32/><U33/><E33/><V127/><F127/><W19/><G54/><T73/><D85/><U75/><E75/><V28/><F101/><W26/><G26/><T40/><D45/><U0/><E113/><V22/><F51/><N who="3" m="27135" /><G25/><T120/><D120/><U88/><E60/><V115/><F115/><W126/><G126/><T131/><D131/><N who="3" m="50185" /><G8/><T56/><REACH who="0" step="1"/><D69/><REACH who="0" step="2"/><U134/><E134/><V93/><F93/><W63/><G63/><T35/><D35/><U87/><E119/><V27/><F27/><W66/><G66/><T84/><D84/><AGARI ba="0,1" hai="12,14,16,17,19,77,81,84" m="50185,27135" machi="84" ten="30,3900,0" yaku="19,1,52,1,54,1" doraHai="39" who="3" fromWho="0" sc="259,-39,270,0,125,0,336,49" /><INIT seed="3,0,0,3,5,54" ten="220,270,125,385" oya="3" hai0="68,100,80,33,15,128,20,7,115,10,52,126,70" hai1="38,103,120,53,11,75,30,93,132,14,40,18,32" hai2="107,85,105,89,42,73,99,84,79,98,16,112,97" hai3="131,129,50,51,62,101,47,21,82,74,22,60,4"/><W29/><G101/><T2/><D126/><U86/><E132/><V57/><F42/><W19/><G4/><T92/><D128/><U127/><E127/><V61/><F112/><W17/><G29/><T6/><D115/><U39/><E75/><V135/><F135/><W64/><G74/><T34/><D34/><U95/><E120/><V83/><F16/><W72/><G72/><T12/><D33/><U43/><E39/><V8/><F8/><W116/><G82/><T119/><D119/><U48/><E38/><V106/><F61/><W124/><G124/><T13/><D7/><U3/><E3/><V49/><F49/><W67/><G116/><T96/><D80/><U59/><E32/><V69/><F69/><W76/><G47/><T94/><D20/><U31/><E30/><V121/><F57/><W134/><G134/><T122/><D122/><U109/><E109/><V46/><F46/><W117/><G117/><T118/><D118/><U55/><E31/><V77/><F121/><W23/><G23/><T41/><D41/><U0/><E0/><V125/><F125/><W24/><G76/><T65/><D65/><U111/><E111/><V110/><F110/><W9/><G9/><T28/><D28/><U56/><E103/><V123/><F123/><W78/><G78/><T87/><D52/><U104/><E104/><V113/><F113/><W130/><G130/><T81/><D92/><N who="1" m="35403" /><E86/><V71/><F71/><W36/><G36/><T27/><D27/><AGARI ba="0,0" hai="17,19,21,22,24,27,50,51,60,62,64,67,129,131" machi="27" ten="25,2400,0" yaku="22,2" doraHai="54" who="3" fromWho="0" sc="220,-24,270,0,125,0,385,24" owari="196,-15,270,2,125,-27,409,40" /></mjloggm>