<mjloggm ver="2.3"><GO type="193"/><UN n0="%E3%82%A6%E3%83%AB%E3%83%88%E3%83%A9%E7%AB%8B%E7%9B%B4" n1="%E4%BA%BA%E6%95%B0%E5%90%88%E3%82%8F%E3%81%9B%58%59%5A" n2="%62%6F%79%6F%73%75%6B%65" n3="%4B%49%52%54" dan="12,12,11,11" rate="1752,1701,1494,1663" sx="M,F,F,M"/><TAIKYOKU oya="0"/><INIT seed="0,0,0,5,1,29" ten="250,250,250,250" oya="0" hai0="83,80,23,56,51,134,132,10,126,107,119,30,32" hai1="97,128,122,66,36,17,79,68,59,52,37,70,99" hai2="111,13,15,21,110,5,69,55,11,67,112,35,75" hai3="103,123,22,45,115,116,3,4,94,73,47,27,129" shuffle="mt19937ar,C0DF37B8,C53533D4,D3D719D7,A4D868B8,F2A09252,A93BBAEE,C68C5AF9,987AB87E"/><T58/><D107/><U39/><E122/><V98/><F75/><W113/><G73/><T6/><D23/><U20/><E128/><V71/><F112/><W12/><G3/><T89/><D119/><U90/><E79/><V109/><F55/><W84/><G116/><T93/><D126/><U77/><E77/><V114/><F114/><W65/><G65/><T133/><D80/><U42/><E42/><V124/><F124/><W41/><G123/><T14/><D83/><U2/><E2/><V34/><F21/><W74/><G74/><T49/><D56/><U76/><E76/><V61/><F13/><W31/><G129/><T1/><D14/><U8/><E8/><V62/><F98/><W16/><G4/><T50/><D58/><U78/><E78/><V44/><F44/><W46/><G41/><T72/><D72/><U25/><E90/><V54/><F54/><W118/><G118/><T131/><D131/><U106/><E106/><V91/><F91/><W82/><G82/><T63/><D63/><U101/><E101/><V135/><F135/><W53/><G53/><T7/><D7/><U64/><E70/><V19/><F19/><W104/><G104/><T28/><REACH who="0" step="1"/><D32/><REACH who="0" step="2"/><U108/><E68/><V33/><F33/><W121/><G121/><T38/><D38/><U127/><E39/><V105/><F105/><W48/><G115/><T9/><D9/><U102/><E127/><V96/><F96/><AGARI ba="0,1" hai="1,6,10,28,30,49,50,51,89,93,96,132,133,134" machi="96" ten="50,9600,0" yaku="1,1,20,1,53,1" doraHai="29" doraHaiUra="85" who="0" fromWho="2" sc="240,106,250,0,250,-96,250,0" /><INIT seed="0,1,0,3,3,29" ten="346,250,154,250" oya="0" hai0="93,78,91,65,64,85,68,43,37,49,118,3,45" hai1="23,81,110,59,106,98,48,89,109,53,115,87,2" hai2="121,40,47,101,90,62,32,133,72,127,21,131,95" hai3="71,4,30,107,11,112,66,27,82,103,96,13,41" shuffle="mt19937ar,02B23EDB,0C11AC74,12B800DE,D3C7DF92,5E5F322C,80DC3839,C2E8E0C7,2BE3827B"/><T129/><D3/><U6/><E115/><V69/><F121/><W120/><G120/><T126/><D118/><U108/><E6/><V8/><F127/><W33/><G112/><T86/><D126/><U26/><E2/><V125/><F125/><W114/><G114/><T20/><D129/><U113/><E113/><V135/><F131/><W83/><REACH who="3" step="1"/><G41/><REACH who="3" step="2"/><T5/><D43/><U60/><E106/><V51/><F72/><W61/><AGARI ba="1,1" hai="4,11,13,27,30,33,61,66,71,82,83,96,103,107" machi="61" ten="30,12000,2" yaku="1,1,2,1,0,1,25,2,52,1,53,1" doraHai="29" doraHaiUra="92" who="3" fromWho="3" sc="346,-61,250,-31,154,-31,240,133" /><INIT seed="1,0,0,1,5,96" ten="285,219,123,373" oya="1" hai0="29,42,38,108,55,13,77,50,32,7,46,56,30" hai1="69,49,127,14,36,68,26,103,47,25,52,44,91" hai2="78,65,100,72,79,0,99,48,123,51,17,107,132" hai3="64,28,18,12,60,31,53,84,129,80,122,20,126" shuffle="mt19937ar,F3121540,C6F59FC8,ECCA607F,6032E253,25887A1B,227BCA15,CBCB15FB,1E185CD3"/><U33/><E127/><V119/><F123/><W85/><G122/><T111/><D77/><U89/><E33/><V24/><F0/><W135/><G126/><T128/><D128/><U63/><E14/><V98/><F119/><W15/><G129/><T109/><REACH who="0" step="1"/><D32/><REACH who="0" step="2"/><U101/><E36/><V87/><F132/><W71/><G135/><T114/><D114/><U45/><E68/><V43/><F65/><W90/><G85/><T76/><D76/><U86/><E69/><V88/><F79/><W10/><REACH who="3" step="1"/><G53/><REACH who="3" step="2"/><T40/><D40/><U66/><E86/><V112/><F43/><W94/><G94/><T61/><D61/><U35/><E63/><V2/><F112/><W54/><G54/><T95/><D95/><U97/><E52/><V37/><F37/><W9/><G9/><AGARI ba="0,2" hai="7,9,13,29,30,38,42,46,50,55,56,108,109,111" machi="9" ten="40,8000,1" yaku="1,1,14,1,53,2" doraHai="96" doraHaiUra="27" who="0" fromWho="3" sc="275,100,219,0,123,0,363,-80" /><INIT seed="2,0,0,2,2,68" ten="375,219,123,283" oya="2" hai0="107,67,111,60,76,22,124,82,53,9,27,81,64" hai1="48,98,113,14,66,103,63,74,10,73,32,6,19" hai2="51,83,65,112,17,61,84,16,110,29,23,101,52" hai3="104,0,115,46,131,47,8,129,114,20,43,122,109" shuffle="mt19937ar,D4E0C435,5BCAD000,AEE08204,258FED94,F24DF2A9,CA6D3CF4,16E24E56,742790B5"/><V41/><F112/><N who="3" m="43051" /><G104/><T75/><D107/><U99/><E113/><V30/><F110/><W18/><G122/><T128/><D111/><U11/><E32/><V5/><F101/><W39/><G109/><T119/><D119/><U71/><E48/><V33/><F41/><W69/><G47/><T26/><D124/><U97/><REACH who="1" step="1"/><E103/><REACH who="1" step="2"/><V88/><F5/><W45/><G69/><T102/><D102/><U95/><E95/><V94/><F94/><W91/><G131/><T90/><D128/><U96/><N who="1" m="24576" /><DORA hai="50" /><U93/><E93/><V135/><F135/><W106/><G129/><T58/><D82/><U72/><E72/><V62/><F33/><W127/><G106/><T116/><D116/><U126/><E126/><V2/><F2/><AGARI ba="0,1" hai="2,6,10,11,14,19,63,66,71,73,74" m="24576" machi="2" ten="50,8000,1" yaku="1,1,53,4" doraHai="68,50" doraHaiUra="40,92" who="1" fromWho="2" sc="375,0,209,90,123,-80,283,0" /><INIT seed="3,0,0,3,2,52" ten="375,299,43,283" oya="3" hai0="60,118,96,113,86,111,110,112,99,0,36,41,134" hai1="67,9,132,108,2,119,81,70,38,125,14,127,16" hai2="91,17,133,69,3,75,63,46,15,11,47,93,33" hai3="66,71,6,84,126,94,28,51,73,56,31,18,130" shuffle="mt19937ar,376E2B69,04DE4164,C53E685C,B1C0CF92,3749E79F,864C36DD,3247BB22,D920CD0B"/><W19/><G73/><T59/><D0/><U74/><E38/><V35/><F75/><W1/><G71/><T42/><D86/><U129/><E119/><V43/><F133/><W78/><G126/><N who="1" m="48138" /><E2/><V104/><F104/><W39/><G39/><T68/><D68/><U34/><E34/><V12/><F3/><W117/><G117/><T54/><D118/><U27/><E129/><V62/><F69/><W44/><G130/><T58/><D134/><U83/><E132/><V123/><F123/><W23/><G6/><T97/><D59/><U115/><E74/><V101/><F101/><W124/><G1/><T22/><D22/><N who="1" m="13767" /><E115/><N who="0" m="44105" /><D36/><U98/><E108/><AGARI ba="0,0" hai="41,42,54,58,60,96,97,99,108,110,111" m="44105" machi="108" ten="40,5200,0" yaku="14,1,11,1,52,1" doraHai="52" who="0" fromWho="1" sc="375,52,299,-52,43,0,283,0" owari="427,43,247,-10,43,-36,283,3" /></mjloggm>