<mjloggm ver="2.3"><GO type="193"/><UN n0="%E3%82%8F%E3%81%9F" n1="%E3%81%82%E3%81%8A%E3%81%82%E3%81%96" n2="%E3%82%A6%E3%83%AB%E3%83%88%E3%83%A9%E7%AB%8B%E7%9B%B4" n3="%E3%81%97%E3%82%81%E3%81%A1%E3%82%83%E3%81%B3%E3%82%93" dan="11,11,12,10" rate="1614,1527,1806,1461" sx="M,M,M,M"/><TAIKYOKU oya="0"/><INIT seed="0,0,0,5,5,125" ten="250,250,250,250" oya="0" hai0="47,85,126,79,97,113,26,18,67,59,91,71,83" hai1="50,29,70,17,13,118,34,82,25,33,110,30,49" hai2="127,14,87,62,104,68,3,108,119,12,111,5,124" hai3="37,15,57,43,66,39,131,58,7,54,11,44,64" shuffle="mt19937ar,24D4C0A1,29FE44E2,FAF6301D,B96115E6,3FBB4CFB,AB485BBE,08153186,50B0B8AB"/><T4/><D113/><U32/><E70/><V135/><F87/><W117/><G117/><T84/><D126/><N who="2" m="48170" /><F62/><W63/><G131/><T19/><D71/><U22/><E82/><V99/><F68/><N who="3" m="42015" /><G7/><T61/><D4/><U23/><E50/><V2/><F99/><W134/><G15/><N who="2" m="5673" /><F104/><W121/><G134/><T10/><D47/><U52/><E110/><N who="2" m="42027" /><F119/><W77/><G11/><T46/><D46/><U129/><E118/><V9/><F135/><W95/><G95/><T27/><D97/><U101/><E101/><V120/><F120/><W86/><G121/><T60/><D10/><U73/><E73/><V41/><F41/><W74/><G86/><T116/><D116/><U51/><E51/><V106/><F106/><W48/><G77/><T128/><D128/><U130/><REACH who="1" step="1"/><E30/><REACH who="1" step="2"/><V114/><F114/><W35/><G74/><T20/><D61/><U98/><E98/><V88/><F88/><W107/><G107/><T40/><D91/><U103/><E103/><V112/><F112/><W8/><G35/><T105/><D40/><U109/><E109/><V69/><F69/><W100/><G100/><T24/><D105/><U89/><E89/><V123/><F123/><W96/><G96/><T38/><D38/><N who="3" m="14345" /><G8/><T55/><D85/><U6/><E6/><V81/><F81/><W21/><G21/><T93/><D93/><U42/><E42/><V76/><F76/><W28/><G28/><T133/><D133/><U72/><E72/><V53/><F53/><W80/><G80/><T102/><D55/><U45/><AGARI ba="0,1" hai="13,17,22,23,25,29,32,33,34,45,49,52,129,130" machi="45" ten="40,8000,1" yaku="1,1,0,1,52,2,54,1,53,0" doraHai="125" doraHaiUra="56" who="1" fromWho="1" sc="250,-40,240,90,250,-20,250,-20" /><INIT seed="1,0,0,3,0,79" ten="210,330,230,230" oya="1" hai0="25,54,6,36,24,3,21,95,108,43,40,12,75" hai1="111,67,91,81,107,112,38,26,27,86,15,16,88" hai2="47,55,72,30,121,87,64,94,84,78,70,77,66" hai3="23,45,126,106,63,71,116,103,35,11,33,20,53" shuffle="mt19937ar,76D1EC84,2E4362A1,8B821A9B,0FE54E3A,AF6DBD7C,D1F53488,9E4BBF41,44EB2AF1"/><U0/><E38/><V59/><F70/><W62/><G116/><T56/><D108/><U60/><E112/><V92/><F72/><W74/><G74/><T31/><D75/><U73/><E0/><V48/><F121/><W113/><G126/><T80/><D36/><U18/><E111/><V5/><F5/><W83/><G113/><T131/><D131/><U124/><E124/><V22/><F22/><N who="3" m="8235" /><G106/><T127/><D127/><U134/><E134/><V99/><F30/><W29/><G103/><T123/><D123/><U19/><E107/><V125/><F125/><W76/><G71/><T98/><D80/><U89/><E73/><V52/><F59/><W49/><G35/><T8/><D3/><U129/><E129/><V1/><F48/><W122/><G122/><T46/><D46/><U4/><E4/><V34/><F1/><W90/><G33/><T65/><D65/><U100/><E100/><V68/><F34/><W117/><G117/><T39/><D39/><U97/><E97/><V41/><F68/><W13/><G29/><T51/><REACH who="0" step="1"/><D25/><REACH who="0" step="2"/><U32/><E32/><V9/><F47/><W104/><G104/><T105/><D105/><U118/><E118/><V2/><F2/><W85/><G76/><T128/><D128/><U110/><E110/><V42/><F99/><W37/><G37/><T132/><D132/><U50/><E50/><V28/><F9/><W96/><G96/><T93/><D93/><U115/><E115/><V58/><F58/><W82/><G82/><T57/><D57/><U130/><E130/><V7/><F28/><W133/><G133/><RYUUKYOKU ba="0,1" sc="200,10,330,-30,230,10,230,10" hai0="6,8,12,21,24,31,40,43,51,54,56,95,98" hai2="7,41,42,52,55,64,66,77,78,84,87,92,94" hai3="11,13,45,49,53,62,63,83,85,90" /><INIT seed="2,1,1,0,5,15" ten="210,300,240,240" oya="2" hai0="122,31,108,71,112,59,130,95,105,89,46,2,115" hai1="93,110,34,41,1,126,49,8,5,131,86,74,62" hai2="94,33,21,40,11,58,38,109,87,48,27,52,132" hai3="12,20,53,61,65,47,25,72,42,43,85,30,66" shuffle="mt19937ar,718BC611,0CE4B236,D942AD3C,0C0DE335,2A1B59A6,85730103,3692F739,8DE10EE0"/><V68/><F33/><W107/><G72/><T117/><D2/><U128/><E74/><V57/><F68/><W91/><G107/><T44/><D71/><U22/><E34/><V56/><F132/><W73/><G73/><T127/><D105/><U67/><E22/><V101/><F109/><W124/><G124/><T121/><D127/><U23/><E23/><V3/><F38/><W77/><G77/><T135/><D31/><U114/><E126/><V133/><F40/><W113/><G113/><T111/><D59/><U9/><E9/><V4/><F133/><W129/><G129/><N who="1" m="49738" /><E110/><N who="0" m="42025" /><D135/><U75/><E75/><V102/><F87/><W64/><G12/><T100/><D100/><U7/><E7/><V18/><REACH who="2" step="1"/><F102/><REACH who="2" step="2"/><W60/><G47/><T19/><D130/><U0/><E114/><N who="0" m="43561" /><D19/><U104/><E41/><N who="3" m="15370" /><G53/><T16/><D16/><U99/><E104/><V70/><F70/><W118/><G118/><T125/><D125/><U78/><E86/><V88/><F88/><W106/><G106/><T79/><D79/><U14/><E78/><V55/><F55/><W69/><G69/><T116/><D46/><U29/><E49/><V10/><F10/><W37/><G37/><T134/><D44/><U26/><E26/><V17/><F17/><W81/><AGARI ba="1,2" hai="20,25,30,60,61,64,65,66,81,85,91" m="15370" machi="81" ten="30,1100,0" yaku="8,1" doraHai="15" who="3" fromWho="3" sc="210,-4,300,-4,230,-6,240,34" /><INIT seed="3,0,0,3,0,108" ten="206,296,224,274" oya="3" hai0="129,83,32,34,4,135,14,111,28,35,31,54,47" hai1="77,84,78,20,25,90,115,29,122,81,75,59,102" hai2="19,1,66,36,64,103,2,80,65,96,117,105,9" hai3="82,13,107,52,37,99,130,124,50,46,114,98,30" shuffle="mt19937ar,8C7C65D5,68BA3B2D,800A5E2B,74021F5D,6A7EE025,BD0A95A8,F5A1D48E,FBC09A06"/><W86/><G130/><T49/><D111/><U48/><E122/><V70/><F117/><W11/><G37/><T18/><D129/><U92/><E78/><V76/><F70/><W38/><G38/><T62/><D135/><U73/><E115/><V5/><F19/><W133/><G124/><T69/><D83/><U17/><E29/><V128/><F128/><W91/><G133/><T24/><D69/><U39/><E39/><V71/><F71/><W113/><G107/><T6/><D62/><U53/><E102/><V27/><F27/><W109/><G30/><T93/><D93/><U116/><E116/><V33/><F33/><W55/><G109/><T16/><D18/><U126/><E126/><V112/><F2/><W7/><REACH who="3" step="1"/><G55/><REACH who="3" step="2"/><T42/><D54/><U41/><E41/><V97/><F36/><W74/><G74/><AGARI ba="0,1" hai="17,20,25,48,53,59,73,74,75,77,81,84,90,92" machi="74" ten="30,1000,0" yaku="7,1" doraHai="108" who="1" fromWho="3" sc="206,0,296,20,224,0,264,-10" owari="206,-19,316,32,224,-13,254,0" /></mjloggm>