<mjloggm ver="2.3"><GO type="97"/><UN n0="%E3%82%A6%E3%83%AB%E3%83%88%E3%83%A9%E7%AB%8B%E7%9B%B4" n1="%62%61%72%72%6F%6E%E2%80%99%73" n2="%46%65%64%23%36%38" n3="%6E%61%6F%6E%6F%72%69" dan="13,14,13,15" rate="1802,1904,1896,1942" sx="M,M,M,M"/><TAIKYOKU oya="0"/><INIT seed="0,0,0,3,0,106" ten="250,250,250,250" oya="0" hai0="96,113,41,58,8,119,46,38,93,15,53,107,72" hai1="125,86,18,26,73,84,47,65,35,75,37,50,118" hai2="5,130,23,6,126,10,48,27,117,30,91,52,80" hai3="94,68,92,11,79,135,81,122,74,56,89,99,123"/><T104/><D119/><U87/><E118/><V97/><F130/><W9/><G68/><T127/><D113/><U105/><E37/><V77/><F126/><W121/><G135/><T55/><D127/><U49/><E125/><V3/><F117/><W98/><REACH who="3" step="1"/><G56/><REACH who="3" step="2"/><T100/><D107/><U129/><E105/><V20/><F6/><W67/><G67/><T32/><D104/><U25/><E65/><V112/><F112/><W59/><G59/><T22/><D58/><U78/><E129/><V132/><F132/><W60/><G60/><T54/><D32/><U66/><E66/><V88/><F97/><W57/><G57/><T62/><D62/><U69/><E69/><V17/><F48/><W116/><G116/><T61/><D61/><U108/><E50/><V13/><REACH who="2" step="1"/><F52/><REACH who="2" step="2"/><W29/><G29/><T124/><D124/><U28/><E49/><V45/><F45/><W82/><G82/><T95/><D55/><U42/><E47/><V39/><F39/><W102/><AGARI ba="0,2" hai="9,11,74,79,81,89,92,94,98,99,102,121,122,123" machi="102" ten="30,7900,0" yaku="1,1,0,1,13,1,52,1,53,0" doraHai="106" doraHaiUra="31" who="3" fromWho="3" sc="250,-39,250,-20,240,-20,240,99" /><INIT seed="1,0,0,4,3,29" ten="211,230,220,339" oya="1" hai0="127,17,53,78,65,128,83,120,105,55,42,118,121" hai1="46,75,38,47,77,86,85,62,96,14,126,112,11" hai2="87,102,10,104,5,39,13,70,84,92,69,61,82" hai3="103,8,133,107,57,37,24,110,101,30,58,35,100"/><U56/><E112/><V80/><F39/><W41/><G110/><T16/><D105/><U43/><E126/><V81/><F104/><W31/><G107/><T98/><D118/><U95/><E47/><V3/><F3/><W99/><G133/><T97/><D65/><U117/><E117/><V49/><F61/><W88/><G8/><T60/><D42/><U115/><E115/><V59/><F59/><W0/><G0/><T40/><D40/><U7/><E77/><V71/><REACH who="2" step="1"/><F49/><REACH who="2" step="2"/><W28/><G37/><T19/><D127/><U131/><E131/><V64/><F64/><W130/><G130/><T66/><D128/><U52/><REACH who="1" step="1"/><E75/><REACH who="1" step="2"/><V48/><F48/><W108/><G108/><T72/><D120/><U34/><E34/><V33/><F33/><W114/><G114/><T45/><D121/><U20/><E20/><V123/><F123/><W132/><G35/><T12/><D45/><U26/><E26/><V113/><F113/><W109/><G109/><T44/><D44/><U6/><E6/><V25/><F25/><W9/><G24/><T32/><D32/><U27/><E27/><V68/><N who="2" m="17408" /><DORA hai="93" /><V106/><F106/><W124/><G124/><T119/><D119/><U18/><E18/><V89/><F89/><AGARI ba="0,2" hai="7,11,14,38,43,46,52,56,62,85,86,89,95,96" machi="89" ten="30,18000,2" yaku="1,1,7,1,52,1,54,1,53,2" doraHai="29,93" doraHaiUra="54,94" who="1" fromWho="2" sc="211,0,220,200,210,-180,339,0" /><INIT seed="1,1,0,0,3,4" ten="211,420,30,339" oya="1" hai0="118,37,125,29,117,10,16,93,121,135,82,21,49" hai1="130,92,39,127,70,78,45,6,74,110,105,30,122" hai2="24,128,84,119,108,53,77,131,132,103,11,3,7" hai3="22,109,59,112,55,106,57,97,23,42,120,75,36"/><U73/><E122/><V98/><F119/><N who="0" m="45578" /><D93/><U134/><E105/><V2/><F132/><W80/><G120/><T46/><D49/><U126/><E70/><V8/><F108/><W15/><G109/><T95/><D82/><U5/><E110/><V81/><F53/><W94/><G112/><T90/><D95/><U113/><E30/><V124/><F124/><W58/><G106/><T71/><D90/><U14/><E113/><V67/><F67/><W60/><G75/><T26/><D46/><U25/><E25/><V114/><F24/><W87/><G36/><T68/><D37/><U96/><E14/><V89/><F114/><W72/><G72/><T102/><D102/><U129/><E39/><V86/><F98/><W83/><G42/><T104/><D104/><U63/><E63/><V9/><F103/><N who="3" m="60855" /><G80/><T61/><D61/><U40/><E40/><V20/><F20/><N who="3" m="7723" /><G15/><N who="0" m="7287" /><D71/><U107/><E107/><V66/><F66/><W85/><G85/><T34/><D68/><U27/><E74/><V76/><F7/><W35/><G60/><T54/><D54/><U52/><E73/><V69/><F69/><W101/><G101/><T13/><D121/><U79/><E52/><V47/><F47/><W41/><G41/><T64/><D64/><U48/><E45/><V32/><F32/><W115/><G115/><T100/><D100/><U0/><E48/><V44/><F44/><W56/><G35/><T38/><D38/><U12/><E96/><V62/><F62/><N who="3" m="36127" /><G57/><T31/><D125/><U111/><E127/><V88/><F11/><W51/><G51/><T50/><D34/><RYUUKYOKU ba="1,0" sc="211,-15,420,-15,30,15,339,15" hai2="2,3,8,9,76,77,81,84,86,88,89,128,131" hai3="58,59,83,87" /><INIT seed="2,2,0,4,2,15" ten="196,405,45,354" oya="2" hai0="124,110,121,49,17,106,50,56,91,123,52,36,10" hai1="60,119,84,70,2,16,21,88,6,113,90,45,117" hai2="75,38,11,101,129,74,53,86,67,23,68,24,125" hai3="59,128,43,73,89,58,22,12,134,13,71,87,79"/><V81/><F38/><W108/><G71/><T109/><D106/><U115/><E45/><V57/><F125/><W32/><G32/><T85/><D36/><U62/><E6/><V18/><F101/><W120/><G120/><T46/><D124/><U82/><E2/><V102/><F102/><W114/><G108/><N who="0" m="41579" /><D91/><U103/><E103/><V47/><F47/><W94/><G128/><T19/><D85/><U42/><E42/><V29/><F129/><W132/><G43/><N who="0" m="24799" /><D10/><U37/><E37/><V83/><F68/><W98/><G73/><T0/><D0/><U66/><E62/><V80/><F67/><W95/><G79/><T54/><D54/><U25/><REACH who="1" step="1"/><E90/><REACH who="1" step="2"/><N who="2" m="51527" /><F75/><W28/><G114/><AGARI ba="2,1" hai="16,21,25,60,66,70,82,84,88,113,114,115,117,119" machi="114" ten="40,8000,1" yaku="1,1,52,1,54,2,53,0" doraHai="15" doraHaiUra="39" who="1" fromWho="3" sc="196,0,395,96,45,0,354,-86" /><INIT seed="3,0,0,5,3,43" ten="196,491,45,268" oya="3" hai0="129,56,58,69,88,77,68,108,83,120,34,29,19" hai1="82,73,126,105,37,38,24,116,80,36,20,46,3" hai2="7,1,53,4,93,97,76,92,127,84,112,63,91" hai3="25,61,44,111,124,99,103,75,95,0,102,71,32"/><W6/><G75/><T134/><D120/><U78/><E105/><V96/><F127/><W104/><G124/><T62/><D129/><U26/><E126/><V41/><F112/><W122/><G122/><T51/><D134/><U13/><E116/><V131/><F131/><W130/><G130/><T125/><D108/><U45/><E3/><V100/><F1/><W49/><G111/><T81/><D125/><U12/><E82/><V40/><F76/><W132/><G132/><T65/><D29/><U2/><E2/><V27/><F27/><W119/><G119/><T11/><D34/><U128/><E128/><V42/><F84/><W9/><G32/><T89/><D19/><U133/><E133/><V67/><REACH who="2" step="1"/><F53/><REACH who="2" step="2"/><W8/><G25/><T114/><D114/><U28/><REACH who="1" step="1"/><E26/><REACH who="1" step="2"/><V113/><F113/><W107/><G0/><T94/><D77/><U54/><E54/><V110/><F110/><W85/><G6/><T21/><D69/><AGARI ba="0,2" hai="4,7,40,41,42,63,67,69,91,92,93,96,97,100" machi="69" ten="40,2600,0" yaku="1,1,53,1" doraHai="43" doraHaiUra="87" who="2" fromWho="0" sc="196,-26,481,0,35,46,268,0" owari="170,-18,481,48,81,-32,268,2" /></mjloggm>