<mjloggm ver="2.3"><GO type="193"/><UN n0="%E9%9F%B3%E7%84%A1%E5%B0%8F%E9%B3%A5" n1="%E7%8F%8D%E9%B1%88%E5%9B%9B%E5%A4%A9%E9%82%AA%E5%A7%89%E5%BA%95%E7%BE%85" n2="%EF%BE%8B%EF%BD%B9%EF%BE%9E%EF%BE%92%EF%BD%B6%EF%BE%9E%EF%BE%88" n3="%E3%82%A6%E3%83%AB%E3%83%88%E3%83%A9%E7%AB%8B%E7%9B%B4" dan="12,12,11,11" rate="1843,1689,1507,1732" sx="F,M,M,M"/><TAIKYOKU oya="0"/><INIT seed="0,0,0,4,2,71" ten="250,250,250,250" oya="0" hai0="16,129,95,65,81,97,119,126,91,49,36,25,37" hai1="60,39,58,19,7,77,67,74,128,112,102,22,38" hai2="73,55,103,0,105,120,29,75,86,45,34,122,5" hai3="92,82,14,1,107,33,20,133,106,130,123,89,134" shuffle="mt19937ar,2A085B6D,135BE3B4,212403C3,96FD7734,8E663728,C0F6A46A,B6041A46,0CD16983"/><T131/><D119/><U48/><E7/><V31/><F122/><W85/><G33/><T43/><D126/><U108/><E108/><V117/><F120/><W40/><G1/><T69/><D65/><U66/><E128/><N who="0" m="49225" /><D69/><U4/><E4/><V24/><F117/><W68/><G68/><T21/><D81/><U101/><E74/><V109/><F29/><W72/><G123/><T78/><D78/><U84/><E77/><V52/><F109/><W62/><G82/><T18/><D18/><U41/><E84/><V23/><F34/><W44/><G72/><T9/><D9/><U13/><E112/><V17/><F86/><W50/><G130/><T64/><D64/><U28/><E28/><V99/><F31/><W3/><G3/><T113/><D113/><U88/><E67/><V100/><F100/><W83/><G83/><T47/><AGARI ba="0,0" hai="16,21,25,36,37,43,47,49,91,95,97" m="49225" machi="47" ten="30,11700,0" yaku="19,1,52,2,54,1" doraHai="71" who="0" fromWho="0" sc="250,117,250,-39,250,-39,250,-39" /><INIT seed="0,1,0,5,1,51" ten="367,211,211,211" oya="0" hai0="53,128,40,93,47,31,126,0,5,65,82,34,21" hai1="8,83,96,61,59,81,109,66,46,125,84,113,94" hai2="135,119,108,12,28,122,70,15,118,131,86,132,36" hai3="3,116,124,117,106,73,14,57,60,100,48,77,17" shuffle="mt19937ar,10C05C23,8D13E481,D4F6ACCC,AFCAFD8D,EFB2234B,711969AC,5C8C1C79,E5E8DFD2"/><T58/><D34/><U39/><E109/><V107/><F107/><W85/><G3/><T29/><D128/><U98/><E113/><V121/><F36/><W38/><G38/><T127/><D65/><U9/><E125/><N who="0" m="47625" /><D82/><N who="1" m="31243" /><E39/><V129/><F70/><W24/><G73/><T90/><D5/><U78/><E78/><V16/><F86/><W87/><G77/><T76/><D0/><U11/><E84/><V54/><F54/><W44/><G124/><T92/><D76/><U110/><E110/><V6/><F28/><N who="0" m="10826" /><D21/><U45/><E94/><V33/><F33/><W72/><G117/><N who="2" m="44553" /><F108/><W114/><G116/><T69/><D90/><U112/><E112/><V89/><F89/><W42/><G114/><T101/><D69/><U123/><E123/><N who="2" m="47115" /><F6/><W18/><G72/><T79/><D79/><U115/><E115/><V104/><F104/><W120/><G120/><T134/><D101/><U23/><E23/><V41/><F41/><W20/><G100/><T95/><D40/><U27/><E27/><V49/><F49/><W2/><G2/><T111/><D47/><AGARI ba="1,0" hai="8,9,11,45,46,47,59,61,66,96,98" m="31243" machi="47" ten="30,3900,0" yaku="26,2,8,1" doraHai="51" who="1" fromWho="0" sc="367,-42,211,42,211,0,211,0" /><INIT seed="1,0,0,3,1,59" ten="325,253,211,211" oya="1" hai0="30,34,39,75,115,117,25,9,5,128,41,72,85" hai1="38,50,7,37,108,116,65,97,126,92,16,22,1" hai2="127,26,4,105,113,95,134,45,40,106,62,14,28" hai3="101,130,49,3,55,81,100,8,48,53,19,51,135" shuffle="mt19937ar,A5B9DF73,D584976E,7D76421C,D092254E,402C566C,F75298B2,526E3819,DAECCE0C"/><U123/><E123/><V76/><F113/><W77/><G130/><T83/><D115/><U56/><E116/><V103/><F134/><W0/><G135/><T54/><D117/><U114/><E114/><V17/><F127/><W79/><G19/><T13/><D128/><U32/><E126/><V121/><F121/><W98/><G8/><T111/><D111/><U118/><E118/><V47/><F76/><W58/><G51/><T99/><D99/><U2/><E2/><V60/><F106/><W120/><G120/><T107/><D107/><U67/><E67/><V133/><F133/><W91/><G91/><T23/><D39/><U84/><E32/><V43/><F105/><W46/><G79/><T78/><D41/><U18/><E1/><V68/><F68/><W42/><G42/><N who="2" m="15913" /><F4/><W27/><G27/><T125/><D125/><U70/><E70/><V88/><F103/><W52/><G55/><T33/><D34/><U44/><E37/><V110/><F110/><W132/><G132/><T90/><D78/><U89/><E38/><V57/><F57/><W36/><G36/><T87/><D87/><U71/><E7/><V24/><F28/><W15/><G100/><T122/><D122/><U74/><E71/><V93/><F93/><W21/><G101/><T63/><D33/><U109/><E109/><V35/><F35/><W11/><G98/><T129/><D129/><U31/><E108/><V12/><F12/><W86/><REACH who="3" step="1"/><G21/><REACH who="3" step="2"/><T6/><D6/><U80/><E74/><V73/><F73/><W29/><G29/><T96/><D96/><U112/><E97/><RYUUKYOKU ba="0,1" sc="325,15,253,-15,211,-15,201,15" hai0="5,9,13,23,25,30,54,63,72,75,83,85,90" hai3="0,3,11,15,46,48,49,52,53,58,77,81,86" /><INIT seed="2,1,1,4,3,4" ten="340,238,196,216" oya="2" hai0="116,73,94,99,131,25,51,39,22,108,85,52,2" hai1="21,3,102,6,66,97,88,109,16,89,106,124,50" hai2="34,12,79,113,9,114,111,83,72,32,118,20,129" hai3="31,53,5,49,74,126,7,96,33,61,68,64,82" shuffle="mt19937ar,580CD7A0,BD1F7DB5,592AF154,BE9C98EA,0B336B58,087D7D43,C78F7DE9,D3918963"/><V70/><F118/><W95/><G126/><T13/><D39/><U23/><E109/><V135/><F70/><W122/><G122/><T45/><D2/><U44/><E124/><V28/><F111/><W115/><G115/><T27/><D73/><U0/><E66/><V107/><F107/><W92/><G92/><T86/><D116/><U117/><E0/><V59/><F129/><W36/><G36/><T110/><D131/><U35/><E117/><V60/><F114/><W125/><G125/><T42/><D110/><U14/><E23/><V87/><F113/><W47/><G31/><T76/><D108/><U1/><E1/><V19/><F135/><W41/><G33/><T11/><D42/><U8/><REACH who="1" step="1"/><E35/><REACH who="1" step="2"/><V127/><F127/><W63/><G64/><T123/><D123/><U103/><E103/><V38/><F34/><W78/><G68/><T29/><D25/><U100/><E100/><V130/><F38/><W104/><G104/><T15/><D76/><U133/><E133/><V121/><F121/><W105/><G105/><T18/><D15/><U98/><E98/><V112/><F112/><W132/><G132/><T58/><D58/><U90/><E90/><AGARI ba="1,2" hai="11,13,18,22,27,29,45,51,52,85,86,90,94,99" machi="90" ten="30,7700,0" yaku="7,1,8,1,52,1,54,1" doraHai="4" who="0" fromWho="1" sc="340,100,228,-80,196,0,216,0" /><INIT seed="3,0,0,5,2,53" ten="440,148,196,216" oya="3" hai0="122,90,85,76,49,19,55,69,104,75,65,120,68" hai1="56,36,28,6,129,58,1,57,41,77,13,89,29" hai2="117,94,96,72,2,32,11,128,60,105,113,14,87" hai3="123,20,51,37,66,108,62,81,127,124,9,100,111" shuffle="mt19937ar,E84895D8,63877015,DC6FF250,0EE2432A,F5D99143,6D00A7B8,794B40AC,6BE41F0A"/><W118/><G100/><T70/><D104/><U78/><E1/><V91/><F117/><W25/><G9/><T5/><D5/><U45/><E129/><V10/><F113/><W18/><G81/><T59/><D76/><N who="1" m="29291" /><E36/><V110/><F110/><N who="3" m="42027" /><G37/><T103/><D75/><U112/><E112/><V86/><F32/><W79/><G79/><T22/><D103/><U27/><E41/><V26/><F128/><W99/><G99/><T107/><D65/><U126/><E126/><N who="3" m="48170" /><G51/><T8/><D107/><U23/><E45/><V95/><F72/><W31/><G123/><T21/><D8/><N who="1" m="4247" /><E89/><V131/><F131/><W3/><G3/><T106/><D106/><U39/><E39/><V34/><F34/><W61/><G118/><T98/><D22/><U125/><E125/><V101/><F2/><W102/><G102/><T88/><D98/><U74/><E74/><V24/><F60/><N who="3" m="23147" /><G66/><T48/><D90/><U42/><E42/><V33/><F33/><W133/><G133/><T114/><D114/><U84/><E84/><V43/><F43/><W4/><G4/><T0/><D0/><U115/><E115/><V67/><F67/><W7/><G7/><T64/><D49/><U63/><E29/><AGARI ba="0,0" hai="18,20,25,29,31" m="23147,48170,42027" machi="29" ten="40,7700,0" yaku="14,1,10,1,18,1" doraHai="53" who="3" fromWho="1" sc="440,0,148,-77,196,0,216,77" /><INIT seed="3,1,0,5,5,59" ten="440,71,196,293" oya="3" hai0="92,15,87,28,132,7,127,70,40,74,34,8,61" hai1="3,37,103,93,79,107,65,45,16,111,100,25,50" hai2="6,41,117,129,135,118,81,62,123,102,71,112,131" hai3="64,9,121,69,122,13,27,66,44,124,114,77,38" shuffle="mt19937ar,103B9316,A94EBA78,75F031C5,5F7B2AC3,A2AD9F19,CEAA38D5,21C48B61,4AEBE0CB"/><W10/><G114/><T29/><D74/><U55/><E111/><V126/><F6/><W21/><G77/><T89/><D132/><U80/><E3/><V31/><F102/><W4/><G66/><T60/><D70/><U88/><E37/><V85/><F112/><W97/><G10/><T32/><D34/><U48/><E107/><V24/><F41/><W119/><G119/><T108/><D32/><U1/><E1/><V43/><F43/><W96/><G124/><T99/><D108/><U113/><E113/><V30/><F123/><W33/><G33/><T18/><D40/><U0/><E0/><V46/><F46/><W76/><G44/><T94/><D127/><U52/><E65/><V68/><F126/><W105/><G76/><T58/><D58/><U11/><E80/><V22/><F135/><W83/><G83/><T133/><D133/><U78/><E103/><V67/><F68/><W72/><G72/><T84/><D84/><U95/><E95/><V20/><F117/><W115/><G38/><T47/><D47/><N who="1" m="27679" /><E100/><V19/><F118/><W75/><G75/><T63/><D7/><U116/><E116/><V23/><F19/><N who="3" m="12735" /><G115/><T106/><D106/><U120/><E120/><N who="3" m="46186" /><G105/><T49/><D49/><U73/><E73/><V101/><F101/><AGARI ba="1,0" hai="8,15,18,28,29,60,61,63,87,89,92,94,99,101" machi="101" ten="40,8000,1" yaku="8,1,52,3" doraHai="59" who="0" fromWho="2" sc="440,83,71,0,196,-83,293,0" owari="523,53,71,-33,113,-24,293,4" /></mjloggm>