<mjloggm ver="2.3"><GO type="97"/><UN n0="%E8%8C%A8%E5%9F%8E%E5%8C%97%48%41%5A" n1="%E8%A5%BF%E6%9D%91%E9%85%B7%E4%BD%BF%E7%84%A1%E5%8F%8C%EF%BC%A0%E5%B7%A8" n2="%E3%82%A6%E3%83%AB%E3%83%88%E3%83%A9%E7%AB%8B%E7%9B%B4" n3="%E6%B0%B4%E7%8E%89%EF%BC%A0%E5%90%88%E5%94%B1" dan="15,14,13,13" rate="1914,1938,1871,1883" sx="M,M,M,F"/><TAIKYOKU oya="0"/><INIT seed="0,0,0,4,0,129" ten="250,250,250,250" oya="0" hai0="52,114,44,6,4,130,69,122,79,38,7,127,100" hai1="1,46,119,62,29,16,101,78,11,10,120,12,33" hai2="92,88,55,8,28,97,27,5,32,99,54,75,76" hai3="60,14,85,95,34,50,121,61,2,31,117,24,41" shuffle="mt19937ar,FFFFB830,3829754B,A19334C5,A50760D6,8F1EBAB1,00D16ECA,67A60281,58D48253"/><T106/><D122/><U53/><E120/><V56/><F76/><W67/><G117/><T20/><D69/><U64/><E119/><V37/><F37/><W40/><G121/><T22/><D114/><U123/><E123/><V45/><F75/><W82/><G2/><T77/><D130/><U81/><E101/><V116/><F116/><W48/><G95/><T126/><D38/><U125/><E125/><N who="0" m="47625" /><D106/><U86/><E29/><V23/><F45/><W51/><G14/><T108/><D100/><U84/><E33/><V70/><F70/><W112/><G112/><T111/><D44/><U96/><E96/><V128/><F128/><W18/><G18/><T19/><D52/><U83/><E53/><V133/><F99/><W57/><REACH who="3" step="1"/><G61/><REACH who="3" step="2"/><T93/><D93/><U91/><E1/><V65/><F5/><W49/><N who="3" m="12800" /><DORA hai="87" /><W25/><G25/><T68/><D19/><U109/><E46/><V89/><F27/><W118/><G118/><T113/><D113/><U102/><E102/><V3/><F92/><W71/><G71/><T107/><D68/><U66/><E109/><N who="0" m="42057" /><D107/><U72/><E72/><V80/><F55/><W47/><G47/><T35/><D35/><U30/><E30/><V15/><F54/><W94/><G94/><T36/><D36/><U73/><E73/><V90/><F28/><W63/><G63/><T26/><D26/><U134/><E62/><V98/><F32/><W42/><G42/><T43/><D43/><U105/><E105/><V103/><F103/><W0/><G0/><T9/><D9/><U132/><E11/><V135/><F8/><RYUUKYOKU ba="0,1" sc="250,10,250,10,250,-30,240,10" hai0="4,6,7,20,22,77,79" hai1="10,12,16,64,66,78,81,83,84,86,91,132,134" hai3="24,31,34,40,41,57,60,67,82,85" /><INIT seed="0,1,1,3,4,8" ten="260,260,220,250" oya="0" hai0="126,131,6,111,9,103,46,121,73,90,56,64,2" hai1="78,14,44,72,49,61,105,51,125,104,21,79,113" hai2="99,12,88,62,107,60,7,128,42,129,48,45,68" hai3="4,115,132,106,0,76,17,47,84,112,3,110,30" shuffle="mt19937ar,A43E05AB,FEB5497B,0616F374,302C4718,0ADB2775,FC4EA415,E3EE425F,4227D4CA"/><T94/><D121/><U95/><E125/><V11/><F68/><W109/><G106/><T10/><D73/><U93/><E113/><N who="3" m="43594" /><G84/><T71/><D71/><U133/><E133/><V122/><F122/><W82/><G76/><T20/><D126/><U124/><E124/><V67/><F107/><W16/><G82/><T118/><D118/><U120/><E120/><V26/><F26/><W35/><G4/><T34/><D34/><U86/><E86/><V55/><F67/><W117/><G132/><T123/><D123/><U54/><E72/><V80/><F55/><W40/><G117/><T13/><D103/><U43/><E61/><V100/><F100/><W50/><G30/><T29/><D131/><N who="2" m="50250" /><F80/><W63/><G35/><T28/><D20/><U75/><E75/><V96/><F96/><W119/><G63/><T97/><D111/><N who="3" m="42505" /><G119/><T87/><D46/><N who="1" m="28023" /><E105/><V25/><F25/><W24/><G24/><T66/><D97/><U36/><E104/><V81/><F81/><W85/><G85/><T83/><D83/><U70/><E70/><V91/><F91/><W19/><AGARI ba="1,1" hai="0,3,16,17,19,40,47,50" m="42505,43594" machi="19" ten="40,2700,0" yaku="14,1,54,1" doraHai="8" who="3" fromWho="3" sc="260,-14,260,-8,220,-8,250,40" /><INIT seed="1,0,0,4,4,41" ten="246,252,212,290" oya="1" hai0="51,95,82,132,72,80,0,113,124,28,23,119,42" hai1="46,37,44,92,13,36,109,134,58,123,66,67,79" hai2="99,116,114,104,24,39,131,97,90,129,43,18,102" hai3="76,1,27,108,48,73,57,20,6,10,86,70,29" shuffle="mt19937ar,DCD2B32F,5A4343CE,3373EA00,48E8EA1B,AACC4CBA,9C125B26,19B7D66C,4BB571CD"/><U35/><E123/><V74/><F18/><W112/><G70/><T64/><D119/><U60/><E35/><V69/><F24/><W125/><G73/><T54/><D113/><U75/><E134/><V120/><F69/><W78/><G112/><T94/><D0/><U117/><E117/><V40/><F40/><W16/><G125/><T11/><D132/><U49/><E13/><V63/><F63/><W4/><G108/><T71/><D124/><U56/><E92/><N who="2" m="56471" /><F114/><W15/><G86/><T32/><D32/><U83/><E109/><V98/><F116/><W2/><G48/><T115/><D115/><U130/><E130/><N who="2" m="49675" /><F43/><W8/><G57/><T68/><D68/><U101/><E101/><N who="2" m="62519" /><F39/><W84/><G78/><T128/><D128/><U7/><E7/><N who="3" m="2602" /><G76/><T55/><D42/><U5/><E5/><V127/><F127/><W96/><G84/><T100/><D64/><U88/><E67/><V103/><F120/><W107/><G96/><T3/><D71/><U52/><REACH who="1" step="1"/><E88/><REACH who="1" step="2"/><V59/><F103/><W77/><G1/><T87/><D100/><U81/><E81/><V110/><F102/><W93/><G2/><T34/><D3/><U21/><E21/><V12/><F99/><W133/><G133/><T31/><D23/><U121/><E121/><V65/><F12/><W25/><G107/><T89/><D34/><U22/><E22/><V53/><F110/><W9/><G77/><T118/><D118/><U33/><E33/><V38/><F65/><W105/><G105/><T126/><D126/><U122/><E122/><V14/><F38/><AGARI ba="0,1" hai="36,37,38,44,46,49,52,56,58,60,66,75,79,83" machi="38" ten="40,12000,1" yaku="1,1,52,2,54,1,53,0" doraHai="41" doraHaiUra="85" who="1" fromWho="2" sc="246,0,242,130,212,-120,290,0" /><INIT seed="1,1,0,4,4,4" ten="246,372,92,290" oya="1" hai0="15,97,37,35,19,57,77,128,18,39,67,23,61" hai1="17,131,74,25,20,116,93,13,106,132,63,9,53" hai2="100,117,108,122,47,21,101,129,62,111,81,110,14" hai3="72,66,114,55,52,32,42,115,88,51,64,133,49" shuffle="mt19937ar,18CC0E69,C6700D21,DA72964A,4D794E72,AD239795,A5E663C6,0AC5158A,37AE3913"/><U59/><E116/><V40/><F122/><W96/><G32/><T44/><D128/><U26/><E106/><V85/><F117/><W54/><G72/><T45/><D35/><U126/><E131/><V86/><F129/><W7/><G7/><T11/><D39/><U135/><E74/><V10/><F21/><W89/><G96/><T102/><D77/><U71/><E126/><V27/><F27/><W3/><G42/><T83/><D83/><U87/><E71/><V50/><F62/><W92/><G92/><T48/><D37/><U120/><E120/><V0/><F0/><W12/><G12/><T99/><D102/><U75/><E75/><V2/><F2/><W58/><G133/><N who="1" m="51274" /><E20/><V98/><F98/><N who="0" m="37386" /><D48/><N who="3" m="18505" /><G58/><T16/><D19/><U112/><E112/><N who="3" m="43050" /><G3/><T119/><D119/><U69/><E69/><V91/><REACH who="2" step="1"/><F85/><REACH who="2" step="2"/><W34/><G34/><T24/><AGARI ba="1,1" hai="11,15,16,18,23,24,44,45,57,61,67" m="37386" machi="24" ten="30,4000,0" yaku="8,1,52,1,54,1" doraHai="4" who="0" fromWho="0" sc="246,53,372,-21,82,-11,290,-11" /><INIT seed="2,0,0,2,0,28" ten="299,351,71,279" oya="2" hai0="110,100,11,29,7,39,89,87,83,130,63,55,127" hai1="126,27,69,105,41,1,60,56,68,6,92,14,116" hai2="104,78,35,85,38,40,52,0,15,74,79,76,54" hai3="13,58,4,73,77,12,48,132,115,71,114,97,8" shuffle="mt19937ar,A1B754CC,2F70B799,2825C5FA,E8176180,58787B3D,2C9F8259,829EF18D,6E7B812A"/><V70/><F0/><W102/><G71/><T21/><D39/><U42/><E105/><V5/><F70/><W98/><G132/><T37/><D37/><U119/><E1/><V90/><F104/><W88/><G73/><T112/><D112/><U81/><E126/><V26/><F74/><W101/><G77/><T111/><D127/><U75/><E92/><V23/><F38/><W18/><G48/><T94/><D130/><U91/><E27/><V135/><F40/><W99/><G58/><N who="0" m="35295" /><D29/><U22/><E69/><V106/><F106/><W121/><G88/><N who="0" m="51327" /><D21/><U34/><E68/><V45/><F135/><W109/><G121/><T122/><D122/><U19/><E6/><V57/><F35/><W125/><G109/><N who="0" m="41483" /><D100/><U93/><E75/><V9/><F45/><W108/><G125/><T50/><D50/><U84/><E81/><N who="2" m="49455" /><F57/><W117/><G108/><T59/><D59/><U51/><E51/><V67/><F67/><W82/><G117/><T10/><D7/><U32/><E119/><V103/><F103/><W53/><G82/><T133/><D133/><U113/><E113/><N who="3" m="43018" /><G53/><T43/><D43/><U86/><E116/><V107/><F107/><W49/><G49/><T120/><D120/><U17/><E42/><V129/><F129/><W47/><G47/><T2/><D2/><U24/><E41/><V118/><F118/><W124/><G124/><T46/><D46/><U95/><E56/><V36/><F36/><W3/><G3/><T96/><AGARI ba="0,0" hai="10,11,89,94,96" m="41483,51327,35295" machi="96" ten="30,2000,0" yaku="14,1,54,1" doraHai="28" who="0" fromWho="0" sc="299,20,351,-5,71,-10,279,-5" /><INIT seed="3,0,0,1,3,114" ten="319,346,61,274" oya="3" hai0="38,93,42,121,13,97,51,53,132,8,103,29,111" hai1="44,129,39,77,1,73,32,52,63,71,34,59,9" hai2="82,4,134,86,92,41,45,11,80,17,10,12,23" hai3="14,135,79,107,28,87,78,46,31,113,35,115,104" shuffle="mt19937ar,74218539,50ADE6C9,F5638E50,49A56460,3B413D2D,A253D336,DBC7D03A,2D0BE355"/><W48/><G14/><T109/><D121/><U61/><E129/><V75/><F134/><W67/><G87/><T36/><D132/><U22/><E22/><V130/><F130/><W112/><G67/><T56/><D29/><N who="3" m="11337" /><G48/><T16/><REACH who="0" step="1"/><D42/><REACH who="0" step="2"/><N who="1" m="22623" /><E71/><V58/><F58/><W131/><G46/><T7/><D7/><N who="1" m="1263" /><E63/><V25/><F75/><W15/><G131/><T91/><D91/><U118/><E118/><V124/><F124/><W19/><G135/><T64/><D64/><U106/><E106/><N who="3" m="40490" /><G35/><T21/><D21/><U74/><E74/><V117/><F11/><W0/><G15/><T20/><D20/><U65/><E65/><V120/><F120/><W126/><G19/><T105/><D105/><U66/><E66/><V98/><F117/><W6/><G6/><T5/><D5/><U95/><E95/><V55/><F55/><W37/><G0/><T60/><D60/><U27/><E27/><V70/><F70/><W88/><G88/><T85/><D85/><U90/><E90/><V119/><F119/><W33/><G126/><T101/><D101/><U102/><E102/><V2/><F2/><W122/><G122/><T99/><D99/><U62/><E62/><V84/><F84/><W127/><G33/><T69/><D69/><U83/><AGARI ba="0,1" hai="32,34,52,59,61,73,77,83" m="1263,22623" machi="83" ten="30,2000,0" yaku="25,1,54,1" doraHai="114" who="1" fromWho="1" sc="309,-5,346,30,61,-5,274,-10" owari="304,5,376,38,56,-34,264,-9" /></mjloggm>