<mjloggm ver="2.3"><GO type="41"/><UN n0="%E3%82%A6%E3%83%AB%E3%83%88%E3%83%A9%E7%AB%8B%E7%9B%B4" n1="%E3%82%B2%E3%83%BC%E3%83%86" n2="%34%2F%35" n3="%E7%99%BD%E4%BA%9C%E7%B4%80" dan="15,16,15,14" rate="1980,2065,2019,1911" sx="M,M,M,M"/><TAIKYOKU oya="0"/><INIT seed="0,0,0,5,1,15" ten="250,250,250,250" oya="0" hai0="69,124,106,78,14,11,88,59,126,58,7,108,82" hai1="43,44,121,54,56,104,93,46,36,3,103,105,24" hai2="50,2,118,86,13,29,131,117,91,74,122,79,133" hai3="95,77,119,64,21,8,71,70,65,130,96,53,127"/><T63/><D106/><U18/><E3/><V19/><F122/><W0/><G119/><N who="2" m="45577" /><F2/><W97/><G77/><T42/><D42/><U135/><E135/><V98/><F29/><W55/><G127/><N who="0" m="48683" /><D108/><U57/><E121/><V87/><F133/><W73/><G73/><T102/><D102/><U25/><E103/><V31/><F31/><W62/><G130/><T48/><D48/><U9/><E93/><N who="2" m="56639" /><F131/><W47/><G95/><T39/><D39/><U112/><E43/><V92/><F50/><W114/><G114/><T107/><D107/><U99/><E105/><V30/><F30/><W76/><G76/><T81/><D78/><U26/><E36/><V20/><F92/><W115/><G115/><T100/><D100/><U66/><E104/><V89/><F89/><W110/><G110/><T94/><D81/><AGARI ba="0,0" hai="13,19,20,74,79,81,86,87" m="56639,45577" machi="81" ten="30,2000,0" yaku="12,1,52,1" doraHai="15" who="2" fromWho="0" sc="250,-20,250,0,250,20,250,0" /><INIT seed="1,0,0,5,3,99" ten="230,250,270,250" oya="1" hai0="49,79,75,74,86,25,112,80,81,30,56,63,66" hai1="133,50,10,21,18,92,96,15,95,104,7,102,117" hai2="90,121,16,45,52,113,107,94,48,31,132,44,20" hai3="34,35,40,101,59,22,65,125,84,97,17,123,13"/><U73/><E117/><V8/><F121/><W46/><G123/><T135/><D135/><U105/><E133/><V36/><F132/><W9/><G125/><T77/><D112/><U122/><E122/><V119/><F119/><W118/><G118/><T37/><D86/><U33/><E33/><V116/><F116/><W91/><G65/><T78/><D49/><U64/><E73/><V82/><F82/><W12/><G59/><T4/><D4/><U1/><E64/><V89/><F107/><W87/><G87/><T110/><D110/><U129/><E129/><V69/><F69/><W88/><G84/><T124/><D124/><U115/><E115/><V128/><F128/><W57/><G57/><T93/><D93/><U32/><E32/><V54/><F113/><W5/><G34/><T111/><D111/><U98/><REACH who="1" step="1"/><E50/><REACH who="1" step="2"/><V106/><F48/><N who="3" m="26695" /><G35/><T58/><D37/><U83/><E83/><V130/><F36/><W60/><G60/><T76/><D76/><U72/><E72/><V24/><F130/><W134/><G134/><T23/><REACH who="0" step="1"/><D79/><REACH who="0" step="2"/><U6/><E6/><V3/><F106/><W114/><G114/><T26/><D26/><U47/><E47/><V11/><F24/><W127/><G127/><T27/><D27/><U100/><AGARI ba="0,2" hai="1,7,10,15,18,21,92,95,96,98,100,102,104,105" machi="100" ten="20,18000,2" yaku="1,1,0,1,7,1,9,1,52,2,53,0" doraHai="99" doraHaiUra="70" who="1" fromWho="1" sc="220,-60,240,200,270,-60,250,-60" /><INIT seed="1,1,0,4,0,132" ten="160,440,210,190" oya="1" hai0="97,114,54,86,128,127,38,39,84,130,115,52,124" hai1="65,96,28,12,83,126,23,27,20,44,46,49,92" hai2="0,34,82,112,68,109,57,99,35,104,42,43,31" hai3="120,16,50,125,89,40,32,4,116,78,58,134,133"/><U18/><E126/><V87/><F68/><W25/><G120/><T6/><REACH who="0" step="1"/><D97/><REACH who="0" step="2"/><U88/><E65/><V107/><F99/><W106/><G134/><T37/><D37/><U69/><E69/><V66/><F112/><W56/><G133/><T3/><D3/><U80/><REACH who="1" step="1"/><E46/><REACH who="1" step="2"/><V8/><F66/><W74/><G74/><T75/><D75/><U14/><E14/><V45/><F45/><W30/><G56/><T26/><D26/><U98/><E98/><V111/><F57/><W59/><G59/><T72/><D72/><U90/><E90/><V135/><F135/><W29/><G58/><T53/><D53/><AGARI ba="1,2" hai="12,18,20,23,27,28,44,49,53,80,83,88,92,96" machi="53" ten="30,12000,1" yaku="1,1,7,1,8,1,54,1,53,1" doraHai="132" doraHaiUra="13" who="1" fromWho="0" sc="150,-123,430,143,210,0,190,0" /><INIT seed="1,2,0,2,0,115" ten="27,573,210,190" oya="1" hai0="98,27,50,29,16,28,93,45,86,57,46,88,52" hai1="38,0,37,122,26,71,80,129,65,58,72,121,123" hai2="96,83,6,104,134,8,101,97,106,109,85,60,20" hai3="116,54,74,14,19,30,22,42,12,64,9,135,87"/><U49/><E0/><V103/><F109/><W33/><G74/><T68/><D68/><U132/><E26/><V102/><F134/><W53/><G135/><T32/><D29/><U133/><E80/><V82/><F102/><W69/><G42/><T62/><D16/><U41/><E72/><V76/><F60/><W100/><G33/><T67/><REACH who="0" step="1"/><D98/><REACH who="0" step="2"/><U36/><E71/><V81/><REACH who="2" step="1"/><F20/><REACH who="2" step="2"/><W110/><G22/><T114/><D114/><U18/><E133/><V34/><F34/><W15/><G110/><T48/><D48/><U99/><E49/><V119/><F119/><W79/><G116/><T118/><D118/><U43/><E132/><V125/><F125/><W90/><G69/><T89/><D89/><U59/><E38/><V105/><F105/><W108/><G90/><T128/><D128/><U23/><E129/><V84/><F84/><W56/><G87/><T25/><D25/><U13/><E37/><V92/><F92/><W63/><G108/><T39/><D39/><U127/><E127/><V51/><F51/><W4/><G100/><T35/><D35/><U130/><E130/><V17/><F17/><W95/><G95/><T61/><D61/><N who="1" m="38071" /><E36/><V7/><F7/><W73/><G4/><T3/><D3/><AGARI ba="2,2" hai="3,6,8,76,81,82,83,85,96,97,101,103,104,106" machi="3" ten="30,3900,0" yaku="1,1,7,1,9,1,53,0" doraHai="115" doraHaiUra="40" who="2" fromWho="0" sc="17,-45,573,0,200,65,190,0" owari="-28,-53,573,67,265,7,190,-21" /></mjloggm>