<mjloggm ver="2.3"><GO type="41"/><UN n0="%E3%82%A6%E3%83%AB%E3%83%88%E3%83%A9%E7%AB%8B%E7%9B%B4" n1="%6B%65%73%75%69%6B%65" n2="%E8%B5%A4%E8%B5%A4%E8%B5%A4" n3="%E5%9C%B0%E7%8D%84%E3%81%A7%E4%BB%8F" dan="15,14,13,14" rate="1972,1851,1875,2071" sx="M,M,M,M"/><TAIKYOKU oya="0"/><INIT seed="0,0,0,4,5,97" ten="250,250,250,250" oya="0" hai0="118,46,9,40,91,123,112,67,60,108,16,29,132" hai1="0,107,28,90,61,14,59,42,43,96,74,31,134" hai2="45,24,83,89,27,15,22,130,19,37,2,71,30" hai3="116,56,131,23,25,129,92,63,85,100,125,102,3"/><T55/><D123/><U75/><E0/><V80/><F71/><W128/><G3/><T62/><D118/><U5/><E134/><V115/><F115/><W41/><G41/><T12/><D112/><U38/><E38/><V64/><F64/><N who="3" m="39015" /><G116/><T39/><D132/><U17/><E5/><V65/><F65/><W21/><G125/><T68/><D108/><U13/><E13/><V94/><F130/><W98/><G85/><T20/><D91/><U53/><E75/><V86/><F2/><W114/><G114/><T8/><D29/><U78/><E78/><V117/><F117/><W82/><G82/><T135/><D135/><U127/><E74/><V101/><F101/><N who="3" m="60615" /><G21/><T48/><REACH who="0" step="1"/><D60/><REACH who="0" step="2"/><U10/><E127/><V106/><F30/><AGARI ba="0,1" hai="23,25,30,100,102,128,129,131" m="60615,39015" machi="30" ten="30,8000,1" yaku="25,1,19,1,52,3" doraHai="97" who="3" fromWho="2" sc="240,0,250,0,250,-80,250,90" /><INIT seed="1,0,0,3,2,127" ten="240,250,170,340" oya="1" hai0="10,81,54,45,69,107,26,102,16,12,61,1,28" hai1="56,131,118,111,44,97,20,46,92,35,14,40,119" hai2="2,79,104,130,89,42,90,60,62,99,58,74,101" hai3="67,78,72,117,23,100,133,50,43,6,41,112,96"/><U31/><E35/><V84/><F2/><W94/><G112/><T22/><D107/><U25/><E111/><V7/><F7/><W39/><G39/><T71/><D102/><U30/><E56/><V48/><F89/><W129/><G133/><T70/><D81/><U123/><E123/><V132/><F132/><W24/><G6/><T34/><D45/><U4/><E46/><V32/><F32/><W121/><G121/><T9/><D54/><U52/><E31/><V77/><F77/><W105/><G105/><T115/><D115/><U75/><E75/><V110/><F110/><W103/><G103/><T38/><D38/><U3/><E3/><V87/><F84/><W128/><G117/><T93/><D93/><U91/><E52/><V64/><F60/><W120/><G120/><T13/><D1/><U49/><E131/><N who="3" m="50250" /><G67/><T5/><REACH who="0" step="1"/><D34/><REACH who="0" step="2"/><U73/><E73/><V135/><F130/><W116/><G116/><T21/><D21/><U85/><E97/><V37/><F74/><W82/><G50/><T134/><D134/><U125/><E119/><V59/><F48/><W124/><G124/><T0/><D0/><U33/><E125/><V8/><F37/><W126/><G126/><T17/><D17/><AGARI ba="0,1" hai="17,23,24,41,43,72,78,82,94,96,100" m="50250" machi="17" ten="30,7700,0" yaku="19,1,52,3" doraHai="127" who="3" fromWho="0" sc="230,-77,250,0,170,0,340,87" /><INIT seed="2,0,0,5,1,37" ten="153,250,170,427" oya="2" hai0="87,60,89,48,18,107,114,130,85,77,121,26,93" hai1="66,65,75,0,83,70,98,120,108,58,13,64,118" hai2="29,43,73,22,44,112,62,38,32,81,55,49,3" hai3="80,57,46,116,91,27,111,24,84,134,12,115,40"/><V105/><F112/><W4/><G116/><T82/><D60/><U97/><E118/><V129/><F105/><W31/><G115/><T41/><D114/><U122/><E0/><V56/><F3/><W63/><G134/><T1/><D1/><U25/><E70/><V52/><F129/><W128/><G128/><T131/><D107/><U35/><E108/><V132/><F132/><W19/><G111/><T79/><D121/><U76/><E58/><V9/><F9/><W68/><G4/><T7/><D7/><U124/><E13/><V123/><F123/><N who="1" m="47145" /><E124/><V28/><F32/><W96/><G96/><T6/><D6/><U67/><N who="1" m="16896" /><DORA hai="51" /><U94/><E94/><V15/><F73/><W74/><G74/><T16/><D130/><U101/><E101/><V119/><F81/><W53/><G68/><T33/><D131/><U61/><E61/><V47/><REACH who="2" step="1"/><F119/><REACH who="2" step="2"/><W102/><G80/><T104/><D104/><U14/><E35/><V54/><F54/><W106/><G53/><T59/><D33/><U72/><E72/><V103/><F103/><W23/><G102/><T127/><D127/><U135/><E135/><V125/><F125/><W71/><G106/><T99/><D82/><U8/><E75/><V20/><F20/><W17/><G23/><T110/><D110/><U109/><E109/><V88/><F88/><W117/><G91/><T11/><D79/><U69/><E76/><V21/><F21/><W78/><G78/><T2/><D77/><U95/><E83/><V90/><F90/><W50/><G117/><T34/><D89/><U42/><E95/><RYUUKYOKU ba="0,1" sc="153,-10,250,-10,160,30,427,-10" hai2="15,22,28,29,38,43,44,47,49,52,55,56,62" /><INIT seed="2,1,1,0,2,26" ten="143,240,190,417" oya="2" hai0="77,20,0,14,131,47,21,85,42,76,49,54,108" hai1="98,5,9,95,8,92,117,119,7,10,27,124,60" hai2="24,52,67,109,71,103,48,130,91,72,53,65,17" hai3="70,79,74,99,135,63,111,4,112,19,11,50,59"/><V62/><F72/><W94/><G111/><T107/><D0/><U36/><E36/><V80/><F130/><W22/><G135/><T39/><D107/><U110/><E60/><V96/><F109/><W29/><G112/><T88/><D108/><U104/><E110/><V55/><F67/><W122/><G122/><T12/><D131/><U2/><E104/><V128/><F128/><W61/><G70/><T89/><D89/><U84/><E84/><V57/><F91/><W25/><G79/><N who="0" m="30283" /><D42/><U132/><E95/><V1/><F1/><W125/><G125/><T73/><D39/><U13/><E92/><V40/><F40/><W127/><G127/><T90/><D90/><U34/><E98/><V30/><F17/><W44/><G74/><T115/><D115/><U87/><E87/><V86/><F86/><W56/><G4/><T97/><D97/><U68/><E68/><V134/><F80/><W113/><G113/><T118/><D118/><U45/><E45/><V81/><F81/><W121/><G121/><T123/><D123/><U82/><E124/><V78/><F78/><W46/><G44/><T126/><D126/><U43/><E82/><V93/><REACH who="2" step="1"/><F134/><REACH who="2" step="2"/><W129/><G129/><T101/><D73/><U102/><E132/><V33/><AGARI ba="1,2" hai="24,30,33,48,52,53,55,57,62,65,71,93,96,103" machi="33" ten="20,18000,2" yaku="1,1,2,1,0,1,7,1,52,1,54,1,53,0" doraHai="26" doraHaiUra="6" who="2" fromWho="2" sc="143,-61,240,-61,180,203,417,-61" /><INIT seed="2,2,0,3,4,40" ten="82,179,383,356" oya="2" hai0="42,46,82,122,48,61,125,62,44,64,51,27,4" hai1="83,80,120,111,127,121,17,79,101,94,43,9,88" hai2="32,39,11,8,89,18,105,52,67,63,132,58,25" hai3="56,69,76,72,130,1,98,24,117,119,115,15,93"/><V45/><F105/><W31/><G1/><T81/><D122/><U38/><E9/><V0/><F132/><W10/><G69/><T50/><D125/><U59/><E17/><V20/><F32/><W110/><G110/><T126/><D126/><U77/><E127/><V23/><F0/><W54/><G130/><T109/><D109/><U128/><E111/><V2/><F2/><W131/><G131/><T41/><D4/><U108/><E108/><V116/><F116/><W47/><G76/><T134/><D134/><U34/><E128/><V114/><F114/><W26/><G72/><T6/><D6/><U60/><E34/><V71/><F89/><W35/><G26/><T21/><D51/><U135/><E135/><V100/><F100/><W75/><G75/><T49/><D49/><U118/><E118/><V96/><F96/><W102/><G115/><T74/><D74/><U84/><E101/><V53/><F23/><W29/><G29/><T106/><D106/><U5/><E5/><V91/><F91/><W68/><G68/><T86/><D86/><N who="1" m="52503" /><E43/><V113/><F113/><W129/><G129/><T13/><D13/><U12/><E12/><V85/><F85/><W78/><G78/><N who="1" m="29706" /><E38/><V133/><F133/><W37/><G37/><T112/><D112/><U123/><E60/><V70/><F70/><W73/><G73/><T33/><D33/><U16/><E59/><V90/><F90/><W3/><G3/><T36/><D36/><U19/><E19/><V124/><F124/><W22/><G35/><T103/><D103/><U95/><E16/><V66/><F18/><RYUUKYOKU ba="2,0" sc="82,-10,179,30,383,-10,356,-10" hai1="80,83,84,95,120,121,123" /><INIT seed="3,3,0,0,1,123" ten="72,209,373,346" oya="3" hai0="68,83,128,75,54,12,84,47,46,17,52,80,86" hai1="99,110,130,61,96,77,23,92,40,90,124,37,21" hai2="31,122,15,82,34,6,13,121,0,20,131,43,98" hai3="70,109,48,64,111,5,118,112,3,67,10,102,2"/><W117/><G112/><T107/><D68/><U63/><E124/><V28/><F43/><W49/><G102/><T22/><D107/><U33/><E130/><V126/><F98/><W18/><G18/><T114/><D75/><U53/><E33/><V41/><F41/><W4/><G10/><T45/><D128/><U32/><E32/><V8/><F82/><W74/><G74/><T100/><D100/><U89/><E77/><V78/><F78/><W42/><G42/><T101/><D101/><U81/><E81/><N who="0" m="31305" /><D114/><U25/><E23/><V35/><F131/><W108/><G111/><T30/><D30/><N who="2" m="11306" /><F126/><W9/><G9/><T87/><AGARI ba="3,0" hai="12,17,22,45,46,47,52,54,84,86,87" m="31305" machi="87" ten="40,2700,0" yaku="8,1,54,1" doraHai="123" who="0" fromWho="0" sc="72,36,209,-10,373,-10,346,-16" /><INIT seed="4,0,0,5,1,86" ten="108,199,363,330" oya="0" hai0="19,85,11,115,114,106,72,64,119,57,127,126,83" hai1="41,71,109,34,44,133,48,135,121,69,29,50,123" hai2="66,53,134,45,0,5,107,67,9,125,16,87,55" hai3="117,103,93,132,2,124,8,105,37,28,102,4,108"/><T27/><D106/><U128/><E34/><V42/><F107/><W25/><G108/><T7/><D72/><U40/><E29/><V15/><F125/><N who="0" m="47626" /><D119/><U6/><E6/><V33/><F134/><W3/><G124/><T18/><D57/><U14/><E14/><V68/><F33/><W63/><G132/><T46/><D64/><U101/><E101/><V97/><F68/><W73/><G73/><T113/><D46/><U111/><E44/><V21/><F97/><W81/><G117/><T32/><D85/><U92/><E92/><V56/><F87/><W130/><G130/><AGARI ba="0,0" hai="40,41,48,50,69,71,109,111,121,123,128,130,133,135" machi="130" ten="25,8000,1" yaku="22,2,34,3" doraHai="86" who="1" fromWho="3" sc="108,0,199,80,363,0,330,-80" /><INIT seed="5,0,0,3,0,82" ten="108,279,363,250" oya="1" hai0="24,80,4,101,33,67,105,109,20,22,133,8,60" hai1="25,46,103,16,64,74,94,35,107,93,108,6,130" hai2="88,119,61,21,70,12,37,62,26,14,122,45,38" hai3="28,135,54,89,83,118,0,53,123,96,49,102,3"/><U91/><E74/><V41/><F122/><W50/><G123/><T43/><D109/><U99/><E107/><V5/><F119/><W66/><G66/><T18/><D133/><U23/><E108/><V65/><F38/><W104/><G118/><T131/><D131/><U111/><E111/><V86/><F62/><W72/><G135/><T77/><D33/><U79/><E130/><V52/><F52/><W106/><G106/><T124/><D124/><U97/><E79/><V34/><F5/><W92/><G28/><T58/><D105/><U27/><E6/><V30/><F34/><W87/><G54/><T59/><D101/><U120/><E120/><V15/><F15/><W114/><G114/><T95/><D95/><AGARI ba="0,0" hai="12,14,21,26,30,37,41,45,61,65,70,86,88,95" machi="95" ten="30,3900,0" yaku="7,1,52,1,54,1" doraHai="82" who="2" fromWho="0" sc="108,-39,279,0,363,39,250,0" /><INIT seed="6,0,0,5,0,125" ten="69,279,402,250" oya="2" hai0="28,105,56,60,13,43,41,72,122,73,121,127,133" hai1="1,42,52,71,69,118,74,83,97,88,20,26,70" hai2="35,64,7,25,65,117,44,45,95,107,31,93,54" hai3="50,12,9,115,53,129,27,81,123,62,49,84,22"/><V102/><F107/><W24/><G123/><T113/><D105/><U19/><E118/><V15/><F117/><W37/><G37/><T67/><D73/><U38/><E1/><V51/><F45/><W109/><G115/><T110/><D72/><U91/><E74/><V124/><F124/><W87/><G109/><T82/><D82/><U8/><E8/><V85/><F95/><W104/><G104/><T21/><D13/><U17/><E91/><V30/><F30/><W112/><G112/><T18/><D18/><U90/><E90/><V59/><F85/><W66/><G66/><T134/><D21/><U3/><E3/><V111/><F111/><W96/><G96/><T55/><D28/><U39/><E42/><V120/><F120/><N who="0" m="46186" /><D110/><U5/><E19/><V108/><F108/><W80/><G62/><T46/><D113/><U0/><E5/><V92/><F102/><W14/><G22/><T33/><D33/><U23/><E0/><V100/><F100/><W36/><G36/><N who="0" m="21799" /><D43/><U131/><E23/><V32/><F35/><W2/><G2/><T77/><D77/><U126/><E126/><V11/><REACH who="2" step="1"/><F65/><REACH who="2" step="2"/><W114/><G114/><T103/><D103/><U116/><E116/><V47/><F47/><W75/><G75/><T119/><D127/><U58/><E83/><V86/><F86/><W10/><G53/><T99/><D119/><U89/><E89/><V79/><F79/><W63/><G87/><T94/><D55/><U48/><E131/><V130/><F130/><W40/><G84/><T61/><D61/><AGARI ba="0,1" hai="7,11,15,25,31,32,44,51,54,59,61,64,92,93" machi="61" ten="40,2000,0" yaku="1,1,53,0" doraHai="125" doraHaiUra="16" who="2" fromWho="0" sc="69,-20,279,0,392,30,250,0" /><INIT seed="6,1,0,3,1,78" ten="49,279,422,250" oya="2" hai0="74,44,77,18,23,105,117,39,116,53,55,11,86" hai1="135,115,42,112,127,49,85,119,25,120,38,5,41" hai2="45,89,90,118,124,132,109,93,35,107,29,27,97" hai3="129,24,121,70,1,59,63,110,17,31,131,37,21"/><V4/><F118/><W91/><G1/><T12/><D105/><U16/><E119/><V75/><F75/><W47/><G70/><T51/><D117/><U106/><E106/><V96/><F109/><W15/><G110/><T22/><D116/><U62/><E5/><V99/><F124/><W34/><G121/><T92/><D74/><U58/><E127/><V111/><F111/><W101/><G101/><T2/><D39/><U54/><E120/><V134/><F4/><W7/><G7/><T40/><D2/><U126/><E126/><V30/><F45/><W13/><G91/><T60/><D55/><U52/><E38/><V8/><F8/><W84/><G84/><T0/><D0/><U113/><E85/><V102/><F30/><W108/><G108/><T88/><REACH who="0" step="1"/><D77/><REACH who="0" step="2"/><U19/><E115/><V114/><F114/><W79/><G79/><T10/><D10/><U82/><E113/><V65/><F65/><W67/><G131/><T20/><D20/><U71/><E112/><V87/><F107/><W64/><G129/><T14/><D14/><U128/><E128/><V68/><F35/><W43/><G67/><T104/><D104/><U69/><E54/><V103/><F27/><AGARI ba="1,1" hai="13,15,17,21,24,27,31,34,37,43,47,59,63,64" machi="27" ten="30,1000,0" yaku="7,1" doraHai="78" who="3" fromWho="2" sc="39,0,279,0,422,-13,250,23" /><INIT seed="7,0,0,0,0,115" ten="39,279,409,273" oya="3" hai0="60,90,37,79,95,39,6,121,18,124,41,29,58" hai1="134,11,113,48,123,81,1,62,7,132,49,104,116" hai2="22,33,112,77,85,20,91,126,122,102,78,94,89" hai3="93,27,128,36,73,44,69,100,80,28,82,120,47"/><W76/><G120/><T46/><D121/><U24/><E123/><V16/><F33/><W111/><G69/><T86/><D124/><U96/><E113/><V97/><F112/><W135/><G111/><T42/><D29/><U84/><E62/><V57/><F126/><W70/><G70/><T99/><D18/><U10/><E10/><V118/><F118/><W32/><G128/><T63/><D6/><U61/><E61/><V129/><F129/><W66/><G66/><T51/><D79/><N who="2" m="30218" /><F57/><W59/><G82/><T105/><D105/><U12/><E1/><V15/><F122/><W21/><G59/><T72/><D72/><U130/><E130/><V67/><F67/><W71/><G71/><T4/><D4/><U0/><E0/><V54/><F54/><W98/><G135/><N who="1" m="51754" /><E24/><V55/><F55/><W52/><G36/><N who="0" m="13899" /><D86/><U101/><E116/><V127/><F127/><W30/><REACH who="3" step="1"/><G52/><REACH who="3" step="2"/><N who="0" m="29815" /><D90/><AGARI ba="0,1" hai="7,11,12,48,49,81,84,90,96,101,104" m="51754" machi="90" ten="30,1000,0" yaku="20,1" doraHai="115" who="1" fromWho="0" sc="39,-10,279,20,409,0,263,0" owari="29,-47,299,10,409,51,263,-14" /></mjloggm>