<mjloggm ver="2.3"><GO type="193"/><UN n0="%E3%81%8C%E3%82%89%E3%81%BE%E3%82%8B" n1="%E3%82%A6%E3%83%AB%E3%83%88%E3%83%A9%E7%AB%8B%E7%9B%B4" n2="%E5%A4%A7%E4%B9%85%E4%BF%9D" n3="%64%65%6E%6B%69%69%6E%75" dan="12,12,10,12" rate="1648,1818,1490,1776" sx="M,M,F,M"/><TAIKYOKU oya="0"/><INIT seed="0,0,0,0,1,49" ten="250,250,250,250" oya="0" hai0="79,31,63,123,45,70,88,35,60,17,90,32,97" hai1="74,113,92,1,111,67,3,69,73,101,130,95,58" hai2="133,24,9,135,19,96,20,27,89,126,5,2,44" hai3="14,7,129,124,102,121,127,117,134,108,52,48,118" shuffle="mt19937ar,43ECEA92,EA833B8C,93FF8A99,272AF5D4,25107EAC,07997517,3C5461FA,BDF12A46"/><T94/><D123/><U112/><E58/><V75/><F75/><N who="1" m="28681" /><E67/><V81/><F81/><W128/><G102/><T77/><D70/><U106/><E69/><V50/><F96/><W51/><G14/><T26/><D45/><U104/><E101/><V76/><F76/><W72/><G7/><T47/><D47/><U120/><E120/><V10/><F89/><W38/><G72/><T122/><D122/><U21/><E21/><N who="2" m="13375" /><F44/><W42/><G121/><T99/><D17/><U87/><E87/><V15/><F50/><W125/><G108/><T105/><D105/><N who="1" m="40555" /><E111/><V85/><F85/><W71/><G71/><T12/><D12/><U28/><E28/><N who="2" m="17511" /><F126/><W46/><G51/><T53/><D26/><U100/><E100/><V40/><F40/><W84/><G84/><T119/><D119/><U6/><E95/><V41/><F41/><W23/><G23/><T66/><D66/><U18/><E92/><V98/><F98/><W11/><G11/><T86/><D94/><U68/><E68/><V30/><F30/><W37/><G42/><T34/><D86/><U43/><E43/><V83/><F83/><W116/><REACH who="3" step="1"/><G134/><REACH who="3" step="2"/><N who="2" m="51209" /><F15/><W115/><G115/><T62/><D31/><U8/><E113/><V110/><F10/><W55/><G55/><T25/><D25/><U131/><E112/><V109/><AGARI ba="0,1" hai="2,5,9,109,110" m="51209,17511,13375" machi="109" ten="30,4000,0" yaku="20,1,34,2" doraHai="49" who="2" fromWho="2" sc="250,-20,250,-10,250,50,240,-10" /><INIT seed="1,0,0,0,0,41" ten="230,240,300,230" oya="1" hai0="59,78,23,82,22,69,8,123,13,128,0,25,105" hai1="20,94,87,93,49,66,116,88,11,18,109,15,86" hai2="40,62,98,102,90,81,12,72,85,103,9,96,79" hai3="14,97,31,35,120,70,111,129,134,48,110,107,26" shuffle="mt19937ar,AA625DC2,3F196896,C4881EEC,BF4830AB,3E6BBBE2,EF86A655,969DB8A5,63E0227E"/><U61/><E116/><V113/><F40/><W132/><G70/><T106/><D128/><U99/><E109/><N who="3" m="41482" /><G120/><T64/><D123/><U43/><E93/><N who="2" m="54479" /><F62/><W10/><G48/><T76/><D0/><U24/><E49/><V34/><F34/><W115/><G115/><T75/><D59/><U118/><E43/><V16/><F113/><W32/><G97/><T17/><D64/><U54/><E54/><V51/><F51/><W39/><G107/><T7/><D69/><U50/><E50/><V4/><F4/><N who="3" m="3399" /><G39/><T67/><D67/><U55/><E118/><V5/><F5/><W130/><G35/><T45/><D78/><U1/><E1/><V104/><F96/><W52/><G52/><T2/><D23/><U63/><E55/><V92/><F102/><W83/><G83/><T60/><D60/><N who="1" m="23115" /><E66/><V122/><F92/><W112/><G112/><T47/><D106/><U89/><E89/><V53/><F53/><W36/><G36/><T44/><D105/><U125/><E125/><V117/><F117/><W114/><G114/><T100/><D100/><U29/><AGARI ba="0,0" hai="11,15,18,20,24,29,86,87,88,94,99" m="23115" machi="29" ten="30,3000,0" yaku="8,1,54,1" doraHai="41" who="1" fromWho="1" sc="230,-10,240,30,300,-10,230,-10" /><INIT seed="1,1,0,1,5,98" ten="220,270,290,220" oya="1" hai0="31,111,60,50,29,77,92,65,83,3,101,107,34" hai1="16,0,5,36,129,15,75,64,91,52,7,94,39" hai2="6,51,89,117,30,130,2,46,21,22,8,78,110" hai3="4,1,53,59,108,121,123,102,9,73,45,48,116" shuffle="mt19937ar,E6991AE8,B24C3229,1C538C32,3B7ED9A4,54E03A84,AB618682,6FF0835C,AE49CADA"/><U86/><E75/><V82/><F117/><W87/><G73/><T54/><D111/><U76/><E76/><V124/><F110/><W44/><G116/><T93/><D3/><U72/><E72/><V135/><F135/><W132/><G108/><T10/><D10/><U28/><E39/><V103/><F130/><W109/><G109/><T56/><D29/><U133/><E36/><V113/><F124/><W20/><G132/><T88/><D101/><U134/><E0/><V66/><F66/><W24/><G87/><T35/><D107/><U17/><E28/><V84/><F113/><W47/><REACH who="3" step="1"/><G102/><REACH who="3" step="2"/><T27/><D35/><U70/><E133/><V26/><F103/><W42/><G42/><T69/><D88/><U112/><E112/><V12/><F78/><W79/><G79/><T32/><D32/><U38/><E134/><V49/><REACH who="2" step="1"/><F46/><REACH who="2" step="2"/><W114/><G114/><T43/><D43/><U74/><E74/><AGARI ba="1,2" hai="27,31,34,50,54,56,60,65,69,74,77,83,92,93" machi="74" ten="30,1000,0" yaku="7,1" doraHai="98" who="0" fromWho="1" sc="220,33,270,-13,280,0,210,0" /><INIT seed="2,0,0,3,4,106" ten="253,257,280,210" oya="2" hai0="59,68,98,64,70,134,100,29,93,110,24,46,40" hai1="130,25,21,105,87,58,41,43,66,71,114,37,63" hai2="86,85,67,8,74,45,131,19,77,30,117,75,34" hai3="12,60,115,128,3,28,133,10,99,84,119,48,11" shuffle="mt19937ar,D9B1F14F,F261B521,3FE78E5C,E84DE1CF,18EF2AAF,592A948D,3788C84E,A1A0E204"/><V103/><F117/><W78/><G119/><T54/><D134/><U6/><E114/><V127/><F34/><W2/><G115/><T132/><D132/><U120/><E105/><V31/><F74/><W135/><G128/><T49/><D110/><U18/><E130/><V94/><F75/><W96/><G84/><N who="2" m="32361" /><F131/><W116/><G60/><T9/><D9/><U56/><E120/><V22/><F127/><W23/><G48/><T42/><D70/><U1/><E1/><V33/><F33/><W13/><G23/><N who="0" m="15519" /><D68/><U91/><E6/><V125/><F125/><W95/><G95/><T90/><D90/><U112/><E112/><V109/><F109/><W50/><G50/><T76/><D76/><U38/><E38/><V47/><F67/><W118/><G78/><T113/><D113/><U124/><E124/><V14/><F77/><W101/><G101/><T72/><D72/><U83/><E37/><V104/><F104/><W35/><G35/><T129/><D129/><U69/><E71/><V44/><F8/><W89/><G89/><T102/><D102/><U111/><E111/><V51/><F51/><W52/><G28/><N who="2" m="10793" /><F94/><W108/><G108/><T20/><D20/><U121/><E121/><V82/><F103/><W81/><G81/><AGARI ba="0,0" hai="14,19,22,44,45,47,81,82" m="10793,32361" machi="81" ten="30,1500,0" yaku="8,1" doraHai="106" who="2" fromWho="3" sc="253,0,257,0,280,15,210,-15" /><INIT seed="2,1,0,4,1,33" ten="253,257,295,195" oya="2" hai0="17,65,38,119,52,51,21,53,32,123,24,60,130" hai1="0,100,76,5,40,62,90,68,42,36,10,85,66" hai2="122,61,95,73,3,113,41,45,15,25,131,23,93" hai3="69,50,57,132,9,67,64,59,29,115,134,43,77" shuffle="mt19937ar,0C1D7A6C,C2C8868A,BBD82289,6FA2CC2E,A673203D,3AFBD9AB,B235E78F,353E6BF4"/><V117/><F117/><W94/><G29/><T71/><D119/><U124/><E124/><V79/><F122/><W103/><G77/><T107/><D130/><U6/><E100/><V118/><F118/><W80/><G80/><T1/><D123/><U13/><E76/><V28/><F131/><W92/><G9/><T39/><D1/><U101/><E101/><V20/><F113/><W129/><G103/><T109/><D109/><U86/><E86/><V74/><F74/><W55/><G115/><T22/><D107/><U26/><E36/><V112/><F112/><W35/><G35/><T98/><D98/><U111/><E111/><V88/><F73/><W121/><G121/><T30/><D32/><U127/><E127/><V8/><F3/><W96/><G96/><T56/><D53/><U31/><E6/><N who="2" m="3479" /><F79/><W2/><G2/><T63/><D51/><U83/><REACH who="1" step="1"/><E13/><AGARI ba="1,0" hai="13,17,21,22,24,30,38,39,52,56,60,63,65,71" machi="13" ten="30,2000,0" yaku="7,1,54,1" doraHai="33" who="0" fromWho="1" sc="253,23,257,-23,295,0,195,0" /><INIT seed="3,0,0,5,3,124" ten="276,234,295,195" oya="3" hai0="122,59,123,12,48,61,26,96,81,68,41,56,23" hai1="71,37,117,54,60,79,9,52,87,115,116,21,53" hai2="19,40,28,47,50,2,104,107,100,29,25,127,93" hai3="91,103,90,10,58,55,43,131,108,74,69,32,36" shuffle="mt19937ar,52DDCDBC,FB72127E,E7B16D79,A6D66586,900098B1,D73F47F9,6BF064EE,EC24D334"/><W34/><G69/><T76/><D68/><U132/><E9/><V134/><F127/><W86/><G74/><T73/><D96/><U57/><E87/><V133/><F2/><W98/><G108/><T92/><D92/><U27/><E79/><V18/><F25/><W84/><G10/><T78/><D12/><U1/><E1/><V77/><F77/><W126/><G126/><T106/><D106/><N who="2" m="40490" /><F100/><W44/><G131/><T110/><D110/><U120/><E21/><V114/><F114/><W3/><G3/><T14/><D14/><U128/><E27/><V101/><F101/><W63/><G98/><T65/><D78/><U42/><E115/><V105/><N who="2" m="40498" /><V4/><DORA hai="24" /><F93/><W45/><G45/><T67/><D41/><U39/><E128/><V11/><F11/><W7/><G7/><T35/><D35/><U112/><E112/><V46/><F4/><W111/><G111/><T99/><D99/><U80/><E80/><V135/><F40/><W8/><G8/><T129/><D129/><U89/><E89/><V13/><F50/><W6/><G6/><T66/><D66/><N who="1" m="41415" /><E132/><N who="2" m="33795" /><V31/><DORA hai="20" /><F13/><W5/><G5/><T121/><D48/><N who="1" m="30855" /><E120/><V30/><N who="2" m="7680" /><DORA hai="97" /><V113/><F113/><W118/><G103/><T72/><D123/><U95/><E95/><V82/><F82/><N who="3" m="49431" /><G118/><N who="1" m="45674" /><E39/><V22/><F22/><W94/><G43/><T49/><D122/><U75/><E75/><V83/><F83/><W51/><G36/><T70/><D121/><U102/><E102/><V125/><F125/><W88/><G91/><T64/><D73/><U0/><E0/><RYUUKYOKU ba="0,0" sc="276,-30,234,10,295,10,195,10" hai1="37,42,53,54" hai2="18,19,46,47" hai3="32,34,44,51,55,58,63,86,88,94" /><INIT seed="3,1,0,3,1,134" ten="246,244,305,205" oya="3" hai0="96,113,83,89,54,123,84,10,68,58,9,55,29" hai1="47,67,12,61,110,104,28,71,34,16,87,116,80" hai2="135,25,38,57,39,27,120,56,42,8,19,75,101" hai3="59,86,99,5,3,81,74,131,122,43,73,53,36" shuffle="mt19937ar,B11B3A79,5C3C8A80,984C0DBC,E6C60C1F,3FB466BF,FE4E01AA,52FB6688,093C7B63"/><W102/><G122/><T127/><D68/><U7/><E104/><V109/><F135/><W35/><G35/><T60/><D123/><U14/><E116/><V105/><F120/><W62/><G131/><T92/><D127/><U51/><E110/><V0/><F109/><W121/><G121/><T41/><D41/><U103/><E103/><V72/><F19/><W108/><G108/><T31/><D113/><U52/><E7/><V45/><F45/><W48/><G74/><N who="2" m="28201" /><F42/><W98/><G73/><T46/><D29/><U15/><E28/><V32/><F32/><W97/><G36/><N who="2" m="13865" /><F8/><W44/><G5/><T125/><D125/><U132/><E132/><V119/><F119/><W85/><G3/><T18/><D31/><U64/><E34/><V6/><F6/><W77/><REACH who="3" step="1"/><G86/><REACH who="3" step="2"/><T17/><D10/><U26/><E67/><V82/><F0/><W4/><G4/><T20/><D9/><U124/><E124/><V76/><F76/><W24/><G24/><N who="2" m="9289" /><F82/><W115/><G115/><T117/><D117/><U94/><E26/><V114/><F114/><W88/><G88/><T63/><D20/><U30/><E30/><V106/><F101/><AGARI ba="1,1" hai="43,44,48,53,59,62,77,81,85,97,98,99,101,102" machi="101" ten="40,3900,0" yaku="1,1,8,1,53,0" doraHai="134" doraHaiUra="118" who="3" fromWho="2" sc="246,0,244,0,305,-42,195,52" /><INIT seed="3,2,0,4,2,27" ten="246,244,263,247" oya="3" hai0="56,34,50,18,52,103,63,132,130,38,30,54,33" hai1="89,5,81,134,62,79,31,75,112,121,86,101,78" hai2="45,133,77,65,24,119,15,114,26,9,66,115,128" hai3="111,100,51,91,125,80,60,72,55,39,0,13,83" shuffle="mt19937ar,837C90E0,E26904E3,1442E1BC,8E235549,D6B734B4,B28F6F71,146C9E62,89D30FE9"/><W84/><G0/><T53/><D38/><U44/><E121/><V93/><F119/><W73/><G39/><T131/><D132/><U16/><E112/><V118/><F118/><W36/><G36/><T48/><D103/><U11/><E134/><V108/><F133/><W124/><G100/><T74/><D74/><U96/><E31/><V7/><F115/><W116/><G116/><T120/><D18/><U106/><E62/><V43/><F114/><W40/><G111/><T135/><D135/><U32/><E32/><V37/><F108/><W82/><G13/><T25/><D120/><U58/><E44/><V122/><F128/><N who="0" m="49194" /><D34/><U35/><E35/><V104/><F122/><W87/><G40/><T14/><D14/><U95/><E79/><V123/><F123/><W20/><G20/><T12/><D12/><U71/><E71/><V129/><F129/><W76/><G60/><T109/><D109/><U92/><E58/><V61/><F104/><W47/><REACH who="3" step="1"/><G72/><REACH who="3" step="2"/><T6/><D6/><U85/><E85/><V99/><F77/><AGARI ba="2,1" hai="47,51,55,73,76,77,80,82,83,84,87,91,124,125" machi="77" ten="40,3900,0" yaku="1,1,2,1,53,0" doraHai="27" doraHaiUra="110" who="3" fromWho="2" sc="246,0,244,0,263,-45,237,55" /><INIT seed="3,3,0,1,1,80" ten="246,244,218,292" oya="3" hai0="121,101,110,65,129,21,51,116,76,113,60,9,84" hai1="119,93,124,0,38,95,135,6,90,92,114,109,134" hai2="106,11,70,97,71,130,126,112,54,52,56,2,99" hai3="58,63,91,107,123,28,27,122,67,98,108,34,37" shuffle="mt19937ar,2EC98DEF,C242A6BA,A9197DBD,351EF7D8,F794ACEE,64537781,03F83CAE,CC1EC57D"/><W96/><G37/><T53/><D116/><U48/><E38/><V132/><F112/><W115/><G115/><T87/><D113/><U32/><E32/><V73/><F73/><W7/><G7/><T4/><D121/><U41/><E114/><V118/><F118/><W23/><G108/><T47/><D110/><U20/><E119/><V18/><F2/><W79/><G79/><T105/><D129/><U36/><E36/><V40/><F130/><W17/><G107/><T133/><D133/><N who="1" m="50699" /><E109/><V15/><F132/><W82/><G123/><T13/><D76/><U31/><E124/><V46/><F126/><W33/><G33/><T1/><D1/><U24/><E6/><V89/><F106/><W14/><G122/><T85/><D105/><U100/><E100/><V77/><F77/><W104/><G104/><T8/><D101/><U5/><E5/><V74/><F74/><W111/><G111/><T25/><D9/><U3/><E90/><V43/><F71/><W64/><G64/><T26/><D65/><U55/><E55/><BYE who="1" /><N who="2" m="21035" /><F70/><W131/><REACH who="3" step="1"/><G131/><REACH who="3" step="2"/><T61/><D25/><U45/><E45/><V69/><F69/><W57/><G57/><T19/><AGARI ba="3,1" hai="4,8,13,19,21,26,47,51,53,60,61,84,85,87" machi="19" ten="30,8000,1" yaku="0,1,8,1,52,3" doraHai="80" who="0" fromWho="0" sc="246,99,244,-23,218,-23,282,-43" owari="345,34,221,-13,195,-20,239,-1" /></mjloggm>