<mjloggm ver="2.3"><GO type="97"/><UN n0="%E3%82%A6%E3%83%AB%E3%83%88%E3%83%A9%E7%AB%8B%E7%9B%B4" n1="%E5%B1%B1%E7%99%BB%E3%82%8A" n2="%E9%A3%9B%E6%9C%AB%E6%AD%A6%E5%BF%97" n3="%46%43" dan="13,14,15,14" rate="1843,1834,1986,1842" sx="M,M,M,M"/><TAIKYOKU oya="0"/><INIT seed="0,0,0,5,2,52" ten="250,250,250,250" oya="0" hai0="81,51,32,64,1,27,98,63,44,116,33,46,91" hai1="129,65,62,84,124,114,47,53,135,61,94,30,0" hai2="107,48,126,110,75,35,92,9,74,38,97,10,43" hai3="71,108,101,76,4,55,93,119,2,50,34,78,87" shuffle="mt19937ar,5F78D681,9FB31988,89380FD1,2FA83EA1,A743300A,B29D36AA,74BF0D2F,FBBE8755"/><T95/><D1/><U130/><E0/><V57/><F110/><W68/><G34/><T56/><D116/><U36/><E30/><V22/><F107/><W25/><G119/><T41/><D27/><U7/><E7/><V80/><F126/><W15/><G108/><T37/><REACH who="0" step="1"/><D81/><REACH who="0" step="2"/><U120/><E120/><V12/><F80/><W66/><G2/><T118/><D118/><U20/><E124/><V42/><F38/><W31/><G25/><T106/><D106/><U103/><E36/><V90/><F35/><W121/><G121/><T115/><D115/><U127/><E127/><V128/><F128/><W16/><G76/><T105/><D105/><U99/><E114/><V59/><F75/><W102/><G78/><T54/><AGARI ba="0,1" hai="32,33,37,41,44,46,51,54,56,63,64,91,95,98" machi="54" ten="20,7800,0" yaku="1,1,0,1,7,1,52,1,53,0" doraHai="52" doraHaiUra="8" who="0" fromWho="0" sc="240,88,250,-26,250,-26,250,-26" /><INIT seed="0,1,0,5,4,105" ten="328,224,224,224" oya="0" hai0="125,47,103,110,20,40,41,3,6,33,115,79,55" hai1="53,43,4,69,16,122,38,14,72,65,131,24,42" hai2="7,8,34,31,123,106,96,1,120,98,82,18,17" hai3="91,109,48,77,94,39,0,2,111,81,70,134,63" shuffle="mt19937ar,D4F00A62,62D8FC81,8948D133,732D3E55,93F25BF7,F8F1F6C9,3E9D523D,17B329D0"/><T101/><D33/><U87/><E122/><N who="2" m="46635" /><F82/><W128/><G39/><T107/><D107/><U51/><E131/><V99/><F99/><W80/><G128/><T46/><D6/><U78/><E87/><V13/><F96/><W60/><G134/><T118/><D3/><N who="3" m="1065" /><G48/><T62/><D79/><U132/><E4/><V74/><F98/><N who="3" m="57695" /><G70/><T50/><D115/><U5/><E5/><V129/><F106/><W71/><G71/><T61/><D118/><U119/><E24/><N who="2" m="18791" /><F74/><N who="3" m="43063" /><G81/><T29/><D103/><U116/><E132/><V26/><F129/><W92/><G92/><T89/><D101/><U64/><E119/><V11/><F26/><W52/><G52/><T83/><D55/><U22/><E116/><V102/><F102/><W104/><G104/><T86/><D62/><U44/><E43/><V25/><F25/><W130/><G130/><T73/><D61/><U117/><E117/><V114/><F114/><W127/><G127/><T85/><D125/><U75/><E78/><V54/><F54/><W32/><G32/><T76/><D89/><U97/><E97/><V126/><F18/><W88/><G88/><T27/><REACH who="0" step="1"/><D110/><AGARI ba="1,0" hai="60,63,109,110,111" m="43063,57695,1065" machi="110" ten="30,2000,0" yaku="14,1,52,1" doraHai="105" who="3" fromWho="0" sc="328,-23,224,0,224,0,224,23" /><INIT seed="1,0,0,3,5,52" ten="305,224,224,247" oya="1" hai0="38,82,64,39,8,69,3,10,68,102,110,16,17" hai1="115,107,87,100,59,36,109,27,34,118,133,93,24" hai2="55,29,89,101,124,40,20,84,18,14,116,35,129" hai3="131,106,126,33,26,103,98,43,23,76,72,22,77" shuffle="mt19937ar,2A8833EB,2BD4C8D9,46305CBC,A0F88A7B,E9641851,3D7D3D47,E51D66FD,2D820FBF"/><U12/><E115/><V120/><F116/><W111/><G43/><T57/><D82/><U79/><E118/><V47/><F120/><W80/><G131/><T95/><D95/><U128/><E36/><V42/><F124/><W67/><G126/><T1/><D64/><U121/><E121/><V41/><F101/><W123/><G123/><T96/><D96/><N who="1" m="59407" /><E107/><V66/><F66/><W97/><G111/><T132/><D102/><U71/><E71/><V13/><F129/><W99/><G67/><T37/><D132/><U0/><E0/><V4/><F29/><W48/><G48/><T50/><D50/><U15/><E128/><V108/><F35/><W19/><G77/><T83/><D83/><N who="1" m="47615" /><E34/><V51/><F108/><W117/><G33/><T130/><D110/><U86/><E133/><V25/><F4/><W58/><G117/><T31/><D39/><U46/><E109/><V134/><F134/><W127/><G127/><T90/><D130/><U61/><E46/><V6/><REACH who="2" step="1"/><F6/><REACH who="2" step="2"/><W91/><G103/><T60/><D69/><U113/><E113/><V92/><AGARI ba="0,1" hai="13,14,18,20,25,40,41,42,47,51,55,84,89,92" machi="92" ten="30,7900,0" yaku="1,1,2,1,0,1,8,1,53,0" doraHai="52" doraHaiUra="70" who="2" fromWho="2" sc="305,-20,224,-39,214,89,247,-20" /><INIT seed="2,0,0,4,2,90" ten="285,185,303,227" oya="2" hai0="113,134,17,59,46,30,13,27,34,41,71,92,121" hai1="85,25,58,65,66,101,115,20,54,31,132,133,42" hai2="122,51,109,105,78,127,3,32,68,6,125,33,28" hai3="5,63,14,128,135,44,1,110,0,26,124,67,22" shuffle="mt19937ar,2C252354,623E15E2,0F68E4B2,2F1C1C97,0C880B86,78EB8BB4,31BC97C3,5764183F"/><V117/><F117/><W104/><G135/><N who="1" m="51786" /><E115/><V94/><F105/><W40/><G128/><T107/><D71/><U8/><E42/><V19/><F122/><W38/><G124/><N who="2" m="47689" /><F68/><W18/><G110/><T108/><D107/><U69/><E8/><N who="2" m="2143" /><F78/><W120/><G104/><T37/><D108/><U57/><E101/><V50/><F19/><W91/><G120/><T98/><D134/><U75/><E75/><V60/><F60/><W88/><G1/><T82/><D113/><U96/><E96/><V11/><F11/><W80/><G0/><T35/><D121/><U43/><E43/><V45/><F28/><W126/><G126/><T112/><D112/><U64/><E69/><V89/><F109/><W10/><REACH who="3" step="1"/><G80/><REACH who="3" step="2"/><T4/><D82/><U130/><E130/><V111/><F111/><W74/><G74/><T102/><D4/><U114/><E114/><V95/><F33/><W103/><G103/><T123/><D123/><U86/><E58/><AGARI ba="0,1" hai="5,10,14,18,22,26,38,40,44,58,63,67,88,91" machi="58" ten="30,3900,0" yaku="1,1,7,1,54,1,53,0" doraHai="90" doraHaiUra="129" who="3" fromWho="1" sc="285,0,185,-39,303,0,217,49" /><INIT seed="3,0,0,3,2,129" ten="285,146,303,266" oya="3" hai0="104,81,17,131,71,6,132,21,47,122,68,52,126" hai1="123,45,88,59,36,72,134,34,83,118,66,10,101" hai2="97,106,48,80,23,85,111,124,84,125,103,75,89" hai3="53,27,98,9,93,78,4,115,33,74,96,100,14" shuffle="mt19937ar,DA97E3BC,7F8D60A6,6DD9C7AA,738B51CF,4E265D71,017DAD0E,38957950,C7E5F980"/><W18/><G115/><T30/><D104/><U77/><E123/><V112/><F48/><W0/><G74/><T60/><D122/><U76/><E34/><V57/><F57/><W82/><G53/><T116/><D116/><U25/><E25/><V20/><F112/><W73/><G33/><T41/><D131/><U46/><E76/><N who="2" m="44063" /><F111/><W63/><G27/><T87/><D132/><U5/><E101/><V95/><F85/><W62/><G96/><T42/><D6/><U19/><E19/><V91/><F91/><W3/><REACH who="3" step="1"/><G0/><REACH who="3" step="2"/><T26/><D42/><U12/><E118/><V86/><F86/><W24/><G24/><T44/><D30/><U135/><E66/><V70/><F70/><W133/><G133/><N who="1" m="50698" /><E59/><V67/><F67/><W121/><G121/><T8/><D71/><U50/><E36/><V99/><F99/><W37/><G37/><T130/><D130/><U39/><E39/><V32/><F32/><W64/><G64/><T16/><D68/><U38/><E38/><V61/><F61/><W105/><G105/><T35/><D35/><U58/><E58/><V31/><F31/><W15/><G15/><N who="0" m="7271" /><D41/><N who="1" m="24879" /><E46/><V1/><F1/><W128/><G128/><T54/><D126/><AGARI ba="0,1" hai="20,23,84,89,95,97,103,106,124,125,126" m="44063" machi="126" ten="30,2000,0" yaku="24,1,18,1" doraHai="129" who="2" fromWho="0" sc="285,-20,146,0,303,30,256,0" owari="265,2,146,-25,333,32,256,-9" /></mjloggm>