<mjloggm ver="2.3"><GO type="193"/><UN n0="%E7%84%BC%E3%81%8D%E9%B3%A5%E9%AD%94%E4%BA%BA" n1="%E3%82%A6%E3%83%AB%E3%83%88%E3%83%A9%E7%AB%8B%E7%9B%B4" n2="%E4%BF%9D%E6%B4%A5%E5%B3%A1" n3="%67%6F%6F%6D%73%69" dan="10,11,12,11" rate="1572,1792,1596,1458" sx="M,M,M,M"/><TAIKYOKU oya="0"/><INIT seed="0,0,0,4,3,72" ten="250,250,250,250" oya="0" hai0="27,130,85,95,9,59,32,69,98,80,6,40,89" hai1="135,8,47,64,18,93,70,100,15,25,16,128,108" hai2="122,83,20,78,105,34,10,94,97,112,102,115,79" hai3="127,101,21,99,56,31,63,41,114,104,54,45,22" shuffle="mt19937ar,6BA5ACE6,D310DA70,1377596B,58A1C35F,57DD1C1B,AFC3C532,E1B3E7AC,5C7925D1"/><T3/><D69/><U123/><E123/><V51/><F34/><W132/><G114/><N who="2" m="43561" /><F20/><W7/><G132/><T110/><D130/><U84/><E135/><V77/><F10/><W82/><G127/><T52/><D110/><U121/><E128/><V26/><F26/><W113/><G113/><T73/><D40/><U55/><E108/><V103/><F51/><W131/><G131/><T91/><D32/><U92/><E121/><V116/><F122/><W66/><G66/><T0/><D73/><U53/><E64/><V43/><F43/><W76/><G7/><T120/><D120/><U2/><E2/><V5/><F5/><W35/><G35/><T36/><D36/><U57/><E47/><V90/><F116/><W134/><G31/><T133/><D133/><U58/><E57/><V46/><F46/><W129/><G129/><T71/><D71/><U38/><E38/><V12/><F12/><W24/><G24/><T39/><D39/><U29/><E18/><V11/><F11/><W107/><G107/><T44/><D27/><U13/><E13/><V23/><F23/><W126/><G126/><T42/><D42/><U1/><E1/><V28/><F28/><W33/><G33/><T14/><REACH who="0" step="1"/><D44/><REACH who="0" step="2"/><U87/><E70/><V96/><F90/><W30/><G134/><T65/><D65/><U48/><E55/><V50/><F50/><AGARI ba="0,1" hai="0,3,6,9,14,50,52,59,80,85,89,91,95,98" machi="50" ten="30,5800,0" yaku="1,1,7,1,54,1,53,0" doraHai="72" doraHaiUra="118" who="0" fromWho="2" sc="240,68,250,0,250,-58,250,0" /><INIT seed="0,1,0,0,1,52" ten="308,250,192,250" oya="0" hai0="84,17,100,16,25,87,72,55,128,51,64,67,58" hai1="19,134,69,63,13,53,83,116,73,42,26,129,97" hai2="119,76,32,126,90,3,68,49,106,80,44,54,109" hai3="70,2,131,5,22,81,56,1,9,122,74,117,103" shuffle="mt19937ar,C0C95DD2,2A2C0F21,C62B29D0,B9AF1E44,4D860303,9AA01BF6,787033B4,8FCED333"/><T120/><D120/><U33/><E116/><V6/><F119/><W113/><G117/><T23/><D72/><U37/><E129/><V127/><F109/><W43/><G122/><T61/><D128/><U79/><E134/><V47/><F106/><W4/><G131/><T45/><D100/><U123/><E123/><V7/><F68/><W27/><G113/><T8/><D67/><U77/><E77/><V34/><F3/><W57/><G70/><T107/><D107/><U93/><E42/><V31/><F44/><W88/><G43/><T91/><D91/><U86/><E37/><V104/><F104/><W98/><G103/><T24/><REACH who="0" step="1"/><D8/><REACH who="0" step="2"/><U10/><E73/><V121/><F90/><W125/><G74/><T112/><D112/><U40/><E10/><V85/><F121/><W11/><G125/><N who="2" m="47625" /><F34/><W20/><G20/><AGARI ba="1,1" hai="16,17,20,23,24,25,45,51,55,58,61,64,84,87" machi="20" ten="40,12000,1" yaku="1,1,9,1,8,1,52,1,54,1,53,0" doraHai="52" doraHaiUra="66" who="0" fromWho="3" sc="298,133,250,0,192,0,250,-123" /><INIT seed="0,2,0,1,5,33" ten="431,250,192,127" oya="0" hai0="18,7,21,112,85,4,108,119,130,59,25,121,32" hai1="53,50,39,77,110,2,60,76,22,101,58,92,43" hai2="78,133,96,113,89,61,14,63,9,65,62,90,16" hai3="106,66,102,84,107,38,12,118,3,128,83,94,105" shuffle="mt19937ar,811D52E8,D2874338,4F783637,E99AD820,9376954D,30B4FAC9,9B00333E,A04169BE"/><T71/><D71/><U24/><E110/><V17/><F113/><W104/><G3/><T131/><D59/><U75/><E75/><V134/><F78/><W52/><G38/><T36/><D36/><U115/><E115/><V125/><F125/><W56/><G66/><T114/><D85/><U0/><E77/><V86/><F96/><W41/><G41/><T48/><D48/><U67/><E76/><V13/><F65/><W80/><G12/><T93/><D93/><U82/><E82/><V116/><F116/><W44/><G44/><T55/><D55/><U49/><E49/><V111/><F111/><W109/><G109/><T72/><D72/><U1/><E39/><V91/><REACH who="2" step="1"/><F86/><REACH who="2" step="2"/><W132/><G118/><T122/><D108/><U127/><E127/><V6/><F6/><W5/><G5/><T97/><D97/><U103/><E43/><V34/><F34/><W129/><G132/><T69/><D69/><U15/><E92/><V95/><F95/><W126/><G126/><T87/><D87/><U64/><E64/><V45/><F45/><W54/><G56/><T31/><D119/><U10/><E67/><V51/><F51/><W19/><G19/><T81/><D81/><N who="3" m="31305" /><G102/><T100/><D100/><U46/><E46/><V79/><F79/><W8/><N who="3" m="27136" /><DORA hai="70" /><W120/><G120/><T74/><D74/><U27/><E50/><V20/><AGARI ba="2,1" hai="9,13,14,16,17,20,61,62,63,89,90,91,133,134" machi="20" ten="40,5200,0" yaku="1,1,0,1,54,1,53,0" doraHai="33,70" doraHaiUra="117,88" who="2" fromWho="2" sc="431,-28,250,-15,182,68,127,-15" /><INIT seed="1,0,0,1,4,28" ten="403,235,250,112" oya="1" hai0="84,79,119,15,96,106,18,17,111,11,93,39,123" hai1="37,82,74,75,0,7,89,34,49,112,29,20,97" hai2="57,121,30,72,36,10,90,135,94,130,38,124,116" hai3="5,12,109,87,100,131,103,3,65,69,110,13,128" shuffle="mt19937ar,3E0E67B9,8F4A2D5C,24642A58,55106641,6DDDD087,4388773A,DC36CAB0,FEDA1DDD"/><U64/><E37/><V40/><F72/><W43/><G3/><T68/><D68/><U62/><E112/><V60/><F116/><W23/><G43/><T4/><D39/><U61/><E34/><V120/><F38/><W16/><G87/><T25/><D106/><U42/><E0/><V33/><F121/><W86/><G86/><T31/><D123/><U55/><E7/><V41/><F120/><W118/><G118/><T107/><D107/><U92/><E42/><V70/><F70/><W127/><G127/><T51/><D119/><U19/><E29/><V78/><F36/><W67/><G69/><T122/><D122/><U8/><E8/><V56/><F124/><W50/><G50/><T117/><D117/><U24/><E64/><V14/><F33/><W129/><G5/><T45/><D111/><N who="3" m="42505" /><G23/><T2/><D18/><U134/><E134/><V91/><F30/><W1/><G1/><T98/><D51/><U76/><REACH who="1" step="1"/><E75/><REACH who="1" step="2"/><V113/><F135/><W71/><G16/><T32/><D45/><AGARI ba="0,1" hai="19,20,24,45,49,55,61,62,74,76,82,89,92,97" machi="45" ten="30,5800,0" yaku="1,1,2,1,7,1,53,0" doraHai="28" doraHaiUra="53" who="1" fromWho="0" sc="403,-58,225,68,250,0,112,0" /><INIT seed="1,1,0,4,5,39" ten="345,293,250,112" oya="1" hai0="53,96,45,1,34,82,61,105,7,99,113,102,121" hai1="20,123,111,42,30,125,94,35,131,15,114,126,84" hai2="29,83,31,28,129,65,18,106,6,40,97,44,23" hai3="128,58,108,57,98,107,112,10,32,66,80,75,25" shuffle="mt19937ar,4459761E,A949BA9E,2C0D1B2B,097B034D,C0F29320,7FDC3CE4,3B5507E4,C4697303"/><U22/><E123/><V130/><F6/><W9/><G112/><T5/><D121/><U124/><E114/><V36/><F65/><W43/><G128/><N who="2" m="49257" /><F83/><W103/><G108/><T52/><D113/><U71/><E71/><V38/><F38/><W21/><G32/><T119/><D119/><U92/><E131/><V2/><F2/><W47/><G58/><T91/><D34/><U122/><E122/><V64/><F64/><W86/><G75/><T72/><D7/><U88/><E111/><V90/><F29/><W63/><G80/><T55/><D61/><U24/><E15/><V54/><F54/><W8/><G86/><T78/><D91/><N who="1" m="53351" /><E42/><V3/><F3/><W4/><G4/><T110/><D96/><AGARI ba="1,0" hai="20,22,24,30,35,88,94,96,124,125,126" m="53351" machi="96" ten="30,2900,0" yaku="18,1,54,1" doraHai="39" who="1" fromWho="0" sc="345,-32,293,32,250,0,112,0" /><INIT seed="1,2,0,4,3,14" ten="313,325,250,112" oya="1" hai0="107,115,0,113,84,90,99,104,77,17,114,43,81" hai1="125,72,27,127,28,124,26,5,42,74,105,24,106" hai2="15,49,128,131,63,103,6,70,1,93,82,40,134" hai3="108,21,111,23,64,101,59,45,118,22,58,133,68" shuffle="mt19937ar,4FBD236C,D73A098C,B36837C8,0C2A086B,D238B0C4,6903A0CB,F0DF4C99,F88C9DC3"/><U31/><E42/><V95/><F134/><W97/><G118/><T57/><D43/><U37/><E5/><V76/><F1/><W10/><G10/><T88/><D0/><U83/><E37/><V65/><F6/><W132/><G45/><T29/><D29/><N who="1" m="11339" /><E83/><V19/><F40/><W86/><G86/><T60/><D60/><U102/><E102/><V11/><F49/><W89/><G89/><T32/><D57/><U87/><E87/><V18/><F103/><W94/><G64/><T96/><D32/><U54/><E54/><V8/><F93/><W109/><G68/><T12/><D12/><U135/><E135/><AGARI ba="2,0" hai="21,22,23,58,59,94,97,101,108,109,111,132,133,135" machi="135" ten="50,3200,0" yaku="14,1,20,1" doraHai="14" who="3" fromWho="1" sc="313,0,325,-38,250,0,112,38" /><INIT seed="2,0,0,0,0,66" ten="313,287,250,150" oya="2" hai0="86,127,109,75,21,128,33,32,117,107,111,3,12" hai1="74,8,2,22,112,34,41,78,100,102,60,43,62" hai2="37,131,67,35,45,0,106,50,98,10,25,76,23" hai3="125,110,135,134,99,121,92,28,85,88,26,122,36" shuffle="mt19937ar,2BE8623A,16B403E9,C8A4B6B7,2E5C9775,C0D10C59,B33E1033,A599034D,DDC11230"/><V133/><F133/><W54/><G36/><T11/><D75/><U132/><E34/><N who="0" m="13417" /><D86/><U14/><E112/><V101/><F131/><W93/><G26/><T118/><D107/><U52/><E132/><N who="3" m="50730" /><G28/><T77/><D77/><U97/><E78/><V24/><F76/><W51/><G51/><T94/><D94/><U79/><E2/><V6/><F37/><W129/><G54/><T103/><D103/><U31/><E79/><V89/><F89/><N who="3" m="55695" /><G129/><T53/><D53/><U13/><E74/><V47/><F67/><W126/><G93/><T20/><D3/><U69/><E52/><V90/><F90/><W44/><G44/><T124/><D11/><U7/><E60/><V130/><F130/><W55/><G55/><T68/><D68/><U16/><E62/><V95/><F106/><W73/><G73/><T57/><D57/><U64/><E69/><V27/><F35/><W120/><G110/><N who="0" m="41995" /><D128/><U113/><E64/><V18/><F50/><W123/><N who="3" m="31232" /><DORA hai="63" /><W84/><G88/><T119/><D12/><U4/><E13/><V5/><F5/><W49/><G49/><T58/><D58/><U87/><E7/><V70/><F70/><W108/><G108/><T61/><D61/><U71/><E71/><V65/><F65/><W9/><G9/><T114/><D114/><U104/><E8/><V17/><F23/><AGARI ba="0,0" hai="20,21,23,117,118,119,124,127" m="41995,13417" machi="23" ten="40,12000,2" yaku="28,2,12,1,14,1,34,2" doraHai="66,63" who="0" fromWho="2" sc="313,120,287,0,250,-120,150,0" /><INIT seed="3,0,0,4,4,119" ten="433,287,130,150" oya="3" hai0="96,48,97,44,132,89,105,130,121,42,30,82,73" hai1="125,131,18,61,84,33,32,127,112,106,57,101,110" hai2="72,26,27,79,9,69,100,49,60,54,50,80,25" hai3="0,2,66,63,53,58,38,5,81,98,51,71,11" shuffle="mt19937ar,E3308BE8,27C418E6,15419ECA,D21AF41C,611533E9,E168246B,8130EFDE,66E7BB7D"/><W117/><G117/><T86/><D121/><U35/><E112/><V56/><F69/><W6/><G38/><T10/><D132/><U29/><E29/><V13/><REACH who="2" step="1"/><F100/><REACH who="2" step="2"/><W78/><G98/><T21/><D105/><U40/><E101/><V83/><F83/><W90/><G90/><T41/><D130/><U126/><E106/><V64/><F64/><W37/><G37/><T133/><D133/><U23/><E131/><V24/><N who="2" m="6656" /><DORA hai="114" /><V135/><F135/><W88/><G88/><T45/><D73/><U7/><E125/><V46/><F46/><W52/><G53/><T95/><D30/><U134/><E134/><V31/><F31/><W91/><G91/><T99/><D21/><U111/><E23/><V74/><F74/><W115/><G115/><T16/><D10/><U70/><E70/><V47/><F47/><W103/><G103/><T108/><D108/><U77/><E111/><V102/><F102/><W118/><G118/><T62/><D62/><U19/><E110/><V76/><F76/><W14/><G6/><AGARI ba="0,1" hai="6,9,13,49,50,54,56,60,72,79,80" m="6656" machi="6" ten="50,1600,0" yaku="1,1,53,0" doraHai="119,114" doraHaiUra="85,17" who="2" fromWho="3" sc="433,0,287,0,120,26,150,-16" owari="433,43,287,4,146,-20,134,-27" /></mjloggm>