<mjloggm ver="2.3"><GO type="41"/><UN n0="%44%61%79%27%73" n1="%E9%8C%A6%E8%9B%87" n2="%E3%82%A6%E3%83%AB%E3%83%88%E3%83%A9%E7%AB%8B%E7%9B%B4" n3="%47%61%72%61%6E%61" dan="14,14,14,14" rate="1946,1912,1916,1958" sx="M,M,M,M"/><TAIKYOKU oya="0"/><INIT seed="0,0,0,2,0,19" ten="250,250,250,250" oya="0" hai0="59,134,128,97,107,115,1,89,24,124,67,0,50" hai1="15,26,70,126,21,53,44,35,45,48,69,39,101" hai2="10,11,51,37,123,103,30,110,109,116,41,57,88" hai3="86,91,82,13,34,7,4,80,106,17,60,14,31"/><T131/><D115/><U5/><E126/><V105/><F103/><W96/><G34/><T20/><D124/><U54/><E101/><V16/><F105/><W87/><G31/><T132/><D107/><U113/><E35/><V2/><F30/><W73/><G73/><T94/><D67/><U63/><E113/><V102/><F102/><W38/><G38/><T135/><D59/><U40/><E5/><V114/><F114/><W99/><G106/><T61/><D50/><U77/><E77/><V49/><F123/><W8/><G60/><T23/><D61/><U18/><E15/><V90/><F37/><W93/><G93/><T62/><D62/><U118/><E118/><V33/><F33/><W75/><G75/><T68/><D68/><U120/><E120/><V71/><F71/><W56/><G56/><T6/><D23/><U127/><E127/><V64/><F2/><N who="0" m="1130" /><D6/><U121/><E121/><V117/><F64/><W84/><G84/><T112/><D112/><U119/><E119/><V3/><F3/><W76/><G4/><T12/><D12/><U66/><E70/><V72/><F72/><W81/><G80/><T133/><N who="0" m="34304" /><DORA hai="79" /><T122/><D122/><U47/><E54/><V28/><F57/><AGARI ba="0,0" hai="18,21,26,39,40,44,45,47,48,53,57,63,66,69" machi="57" ten="30,7700,0" yaku="7,1,24,2,52,1" doraHai="19,79" who="1" fromWho="2" sc="250,0,250,77,250,-77,250,0" /><INIT seed="1,0,0,3,5,5" ten="250,327,173,250" oya="1" hai0="53,130,42,23,109,88,103,82,46,87,29,122,37" hai1="118,120,112,132,32,35,91,66,69,115,73,94,22" hai2="0,30,70,15,105,128,106,101,64,76,63,133,60" hai3="89,80,96,111,26,24,129,116,127,78,125,55,86"/><U114/><E73/><V84/><F0/><W104/><G55/><T74/><D109/><U51/><E120/><V7/><F128/><W124/><G24/><T57/><D130/><U9/><E118/><V90/><F133/><W43/><G43/><T49/><D122/><U56/><E132/><V10/><F76/><W65/><G65/><T54/><D103/><U121/><E69/><V20/><F101/><N who="3" m="62503" /><G26/><T117/><D117/><U18/><E121/><V83/><F30/><W79/><G116/><T4/><D74/><U36/><E36/><V59/><REACH who="2" step="1"/><F20/><REACH who="2" step="2"/><W85/><G129/><T108/><D29/><U97/><E22/><V107/><F107/><W14/><G111/><T95/><D108/><U100/><E35/><V75/><F75/><W19/><G86/><T119/><D23/><AGARI ba="0,1" hai="14,19,23,78,79,80,85,89,124,125,127" m="62503" machi="23" ten="30,1000,0" yaku="18,1" doraHai="5" who="3" fromWho="0" sc="250,-10,327,0,163,0,250,20" /><INIT seed="2,0,0,2,4,50" ten="240,327,163,270" oya="2" hai0="89,91,108,118,121,2,132,19,22,61,41,103,17" hai1="79,122,117,62,114,95,21,55,107,54,98,12,13" hai2="15,63,90,33,20,6,106,23,16,56,96,84,127" hai3="129,105,112,71,109,78,14,97,130,65,57,18,47"/><V126/><F33/><W36/><G112/><T115/><D115/><U99/><E117/><V120/><F120/><W44/><G109/><T29/><D121/><U10/><E114/><V134/><F6/><W0/><G0/><T125/><D108/><U40/><E40/><V73/><F73/><W42/><G78/><T116/><D2/><U101/><E122/><V104/><F23/><W111/><G111/><T124/><D103/><U133/><E133/><V48/><F48/><W51/><G97/><T24/><D41/><U26/><E62/><V113/><F113/><W80/><G80/><T81/><D61/><U94/><E107/><V82/><F134/><W92/><G92/><T7/><D7/><U128/><E79/><V39/><F39/><W60/><G105/><T83/><D132/><U4/><E13/><V74/><F74/><W110/><G14/><T53/><D29/><N who="1" m="17615" /><E128/><N who="3" m="49258" /><G18/><T37/><D37/><U27/><E27/><V77/><F106/><W49/><G110/><T30/><D30/><U76/><E76/><V86/><F96/><W25/><G25/><T1/><D1/><U88/><AGARI ba="0,0" hai="4,10,12,54,55,88,94,95,98,99,101" m="17615" machi="88" ten="30,7900,0" yaku="8,1,52,2,54,1" doraHai="50" who="1" fromWho="1" sc="240,-20,327,79,163,-39,270,-20" /><INIT seed="3,0,0,4,3,10" ten="220,406,124,250" oya="3" hai0="45,119,1,47,134,3,103,61,14,58,123,11,17" hai1="133,81,60,70,118,49,32,72,36,2,7,26,65" hai2="55,87,100,78,15,135,98,110,86,73,56,80,40" hai3="125,92,77,41,132,25,12,124,18,120,37,38,30"/><W59/><G120/><T128/><D123/><U116/><E36/><V48/><F40/><W99/><G77/><T52/><D119/><N who="1" m="45611" /><E49/><V84/><F135/><W76/><G76/><T127/><D134/><U68/><E133/><V69/><F69/><W106/><G106/><T129/><D127/><N who="3" m="48713" /><G132/><T21/><D103/><U115/><E115/><V4/><F110/><W95/><G41/><T22/><D22/><U126/><E126/><V122/><F122/><W88/><G92/><T53/><D53/><U83/><E83/><V57/><F57/><W94/><G94/><T13/><D1/><U39/><E39/><V104/><F4/><W96/><G96/><T107/><D3/><U8/><E70/><V24/><F24/><W93/><G93/><T28/><D107/><U75/><E81/><V43/><F43/><W91/><G91/><T35/><D35/><U19/><E19/><V23/><REACH who="2" step="1"/><F23/><REACH who="2" step="2"/><N who="3" m="11719" /><G59/><T114/><D114/><U85/><E85/><V0/><F0/><W82/><G82/><T63/><D63/><U121/><E121/><V64/><F64/><W117/><G117/><T105/><D61/><U27/><E27/><V62/><F62/><W31/><G31/><AGARI ba="0,1" hai="2,7,8,26,31,32,60,65,68,72,75" m="45611" machi="31" ten="30,2000,0" yaku="12,1,23,1" doraHai="10" who="1" fromWho="3" sc="220,0,406,30,114,0,250,-20" /><INIT seed="4,0,0,4,1,68" ten="220,436,114,230" oya="0" hai0="93,44,50,14,7,60,112,43,85,66,12,2,111" hai1="61,133,40,33,1,132,11,13,3,24,67,35,45" hai2="47,15,57,88,51,110,58,102,22,97,103,73,134" hai3="56,131,78,55,123,20,116,129,83,71,114,42,126"/><T64/><D112/><U39/><E24/><V135/><F73/><W92/><G116/><T72/><D72/><U38/><E13/><N who="0" m="5225" /><D2/><N who="1" m="523" /><E11/><V37/><F110/><W113/><G92/><T46/><D111/><U4/><E4/><V75/><F75/><W95/><G95/><T6/><D46/><U100/><E100/><V59/><F15/><W125/><G20/><T104/><D104/><U128/><E45/><V41/><F22/><W107/><G107/><T82/><D93/><U9/><E9/><V62/><F97/><W87/><G71/><T8/><D8/><U109/><E40/><V0/><F0/><W10/><G42/><T70/><D70/><N who="1" m="42351" /><E128/><N who="3" m="49226" /><G10/><T80/><D60/><U101/><E101/><V30/><F103/><W84/><G55/><T29/><D29/><U106/><E106/><V54/><F30/><W119/><G56/><N who="2" m="21609" /><F102/><W65/><G65/><N who="0" m="25195" /><D85/><N who="3" m="32841" /><G123/><T48/><D50/><U26/><E26/><V74/><F74/><N who="3" m="43479" /><G119/><T49/><D49/><U76/><E76/><V5/><F5/><AGARI ba="0,0" hai="5,6,7,43,44,48,80,82" m="25195,5225" machi="5" ten="30,1500,0" yaku="8,1" doraHai="68" who="0" fromWho="2" sc="220,15,436,0,114,-15,230,0" /><INIT seed="4,1,0,5,1,14" ten="235,436,99,230" oya="0" hai0="97,134,51,18,123,29,79,54,49,122,106,113,128" hai1="28,66,118,39,124,73,38,121,94,59,98,20,64" hai2="65,55,50,23,101,26,88,22,74,125,91,60,112" hai3="57,135,32,116,70,87,43,104,13,19,117,114,31"/><T82/><D29/><U17/><E121/><V6/><F74/><W99/><G70/><T126/><D113/><U7/><E73/><V58/><F112/><W96/><G135/><T62/><D134/><U36/><E118/><V27/><F125/><W68/><G68/><T44/><D126/><U75/><E75/><V115/><F6/><W109/><G109/><T111/><D111/><U103/><E7/><V10/><F10/><W42/><G104/><T120/><D128/><U72/><E72/><V130/><F130/><W37/><G114/><T71/><D51/><U67/><E28/><V84/><F101/><W63/><G37/><T1/><D1/><U8/><E8/><V11/><F11/><W35/><G87/><T61/><D71/><U53/><E124/><V129/><F129/><W85/><G85/><T131/><D131/><U127/><E127/><V69/><F115/><W24/><G35/><T119/><D119/><U33/><E33/><V4/><F4/><W86/><G86/><T92/><D106/><U34/><E34/><V41/><F41/><N who="3" m="15371" /><G117/><T83/><D79/><U95/><E94/><V15/><F91/><W46/><G46/><T107/><D107/><U45/><E45/><V102/><F102/><W30/><G116/><T105/><D105/><U133/><E133/><V78/><F78/><W52/><G31/><T9/><D83/><U47/><E47/><V108/><F108/><W12/><G12/><N who="0" m="7439" /><D82/><U0/><E0/><V3/><F3/><W93/><G93/><T81/><D81/><U2/><E2/><V76/><F76/><W56/><G56/><RYUUKYOKU ba="1,0" sc="235,15,436,-15,99,-15,230,15" hai0="44,49,54,61,62,92,97,120,122,123" hai3="13,19,24,30,32,52,57,63,96,99" /><INIT seed="4,2,0,3,4,120" ten="250,421,84,245" oya="0" hai0="133,123,37,93,52,80,22,12,57,3,74,131,31" hai1="16,92,82,43,108,109,67,23,114,69,135,103,106" hai2="128,56,2,28,129,84,48,85,54,73,6,59,121" hai3="77,71,96,111,53,91,116,35,58,86,122,8,62"/><T66/><D123/><U110/><E43/><V89/><F73/><W95/><G116/><T60/><D3/><U101/><E106/><V76/><F121/><W47/><G122/><T70/><D133/><U29/><E29/><V87/><F28/><W132/><G132/><T15/><D131/><U97/><E135/><V26/><F26/><W39/><G35/><T9/><D37/><U10/><E10/><V55/><F6/><W75/><G75/><T99/><D80/><U107/><E82/><V72/><F2/><W79/><G79/><T25/><D74/><U113/><E107/><V100/><F100/><W115/><G115/><N who="1" m="44042" /><E67/><V41/><F41/><W5/><G71/><T18/><D15/><N who="1" m="9631" /><E69/><V105/><F105/><W51/><G39/><T11/><D11/><U127/><E103/><V88/><F76/><W33/><G33/><T83/><D83/><U34/><E34/><V112/><F72/><W38/><G38/><T32/><D32/><U13/><E13/><V21/><F21/><W30/><G30/><T65/><REACH who="0" step="1"/><D70/><REACH who="0" step="2"/><U7/><E7/><V134/><F134/><W118/><G5/><T64/><D64/><U50/><E127/><V1/><F1/><W98/><G8/><T94/><D94/><U45/><E45/><V20/><F20/><W124/><G124/><T130/><D130/><N who="2" m="50282" /><F112/><W119/><G119/><T126/><D126/><U42/><E42/><V61/><AGARI ba="2,1" hai="48,54,55,56,59,61,84,85,87,88,89" m="50282" machi="61" ten="30,2000,0" yaku="19,1,54,1" doraHai="120" who="2" fromWho="2" sc="240,-12,421,-7,84,36,245,-7" /><INIT seed="5,0,0,5,5,71" ten="228,414,120,238" oya="1" hai0="118,65,81,75,40,34,90,114,131,29,19,108,37" hai1="11,67,39,113,96,58,56,107,24,89,105,15,98" hai2="122,78,127,134,44,104,93,79,120,22,126,132,42" hai3="49,20,36,76,48,10,112,35,129,54,91,31,27"/><U57/><E113/><V2/><F22/><W109/><G109/><T3/><D108/><U82/><E24/><V83/><F2/><W101/><G112/><T86/><D118/><U110/><E110/><V117/><F44/><W80/><G129/><T133/><D114/><U59/><E67/><V45/><F45/><W14/><G36/><T106/><D131/><U4/><E39/><V43/><F42/><W7/><G101/><T28/><D65/><U64/><E64/><V41/><F43/><W60/><G91/><T128/><D19/><U30/><N who="1" m="14848" /><DORA hai="115" /><U26/><E82/><V46/><F46/><N who="3" m="27927" /><G60/><T116/><D81/><U55/><E55/><V66/><F41/><W103/><G103/><T70/><D40/><U87/><E87/><V63/><F63/><W95/><G49/><T94/><D70/><U111/><E111/><V130/><F66/><W74/><G35/><T100/><D34/><U16/><E4/><V135/><F130/><W73/><G74/><T72/><D72/><U119/><E119/><V5/><F5/><W97/><G97/><T8/><D116/><U33/><REACH who="1" step="1"/><E89/><REACH who="1" step="2"/><V61/><F117/><W1/><G7/><N who="0" m="1151" /><D90/><U84/><E84/><N who="2" m="48247" /><F61/><W50/><G76/><T12/><D37/><U85/><E85/><V121/><F79/><W124/><G73/><T102/><D75/><U18/><E18/><V52/><F52/><W125/><G31/><T47/><D29/><U17/><E17/><V53/><F53/><W32/><G27/><T51/><D28/><U6/><E6/><V9/><F122/><W25/><G25/><T99/><D128/><RYUUKYOKU ba="0,1" sc="228,-10,404,30,120,-10,238,-10" hai1="11,15,16,26,30,33,96,98,105,107" /><INIT seed="5,1,1,1,2,4" ten="218,434,110,228" oya="1" hai0="94,56,29,50,113,49,77,64,55,107,24,48,126" hai1="122,96,83,95,132,123,54,6,28,39,2,46,62" hai2="97,135,76,130,27,102,73,41,5,17,11,69,134" hai3="61,53,35,65,38,45,40,60,10,78,25,52,32"/><U127/><E28/><V111/><F111/><W74/><G60/><T91/><D107/><U47/><E132/><N who="2" m="50731" /><F69/><W8/><G78/><T120/><D113/><U119/><E119/><V42/><F130/><W43/><G74/><T99/><D126/><U100/><E127/><V15/><F76/><W105/><G105/><T109/><D109/><U81/><E39/><V75/><F75/><W72/><G72/><T1/><D1/><U36/><E47/><V106/><F73/><W114/><G114/><T21/><D120/><U20/><E20/><AGARI ba="1,1" hai="5,11,15,17,20,27,41,42,97,102,106" m="50731" machi="20" ten="30,2000,0" yaku="20,1,52,1" doraHai="4" who="2" fromWho="1" sc="218,0,434,-23,110,33,228,0" /><INIT seed="6,0,0,4,1,57" ten="218,411,143,228" oya="2" hai0="79,21,51,129,30,19,13,92,41,70,75,96,17" hai1="88,67,28,101,116,97,105,135,36,35,125,132,8" hai2="131,108,60,69,114,3,64,93,87,44,103,94,45" hai3="29,113,110,42,122,127,83,84,1,9,54,71,5"/><V130/><F3/><W66/><G122/><T27/><D70/><U53/><E116/><V124/><F108/><W118/><G110/><T86/><D129/><N who="2" m="49162" /><F124/><W0/><G118/><T126/><D75/><U23/><E36/><V119/><F119/><W115/><G127/><T49/><D126/><U72/><E72/><V34/><F34/><W76/><G29/><T38/><D38/><U102/><E35/><V18/><F114/><N who="3" m="43531" /><G42/><T16/><D13/><U117/><E8/><V26/><F103/><W107/><G107/><T22/><D22/><U73/><E73/><V98/><F98/><W121/><G121/><T134/><D134/><N who="1" m="51243" /><E67/><V46/><F87/><W90/><G54/><T89/><D41/><U52/><E125/><V112/><F112/><W31/><G31/><T4/><D4/><U56/><E117/><V68/><F68/><W58/><G71/><T37/><D37/><U81/><E102/><V111/><F111/><W10/><G10/><T7/><D7/><U106/><E106/><V120/><F120/><W133/><G133/><T123/><D123/><U6/><E6/><V11/><F11/><W48/><G76/><T109/><D109/><U104/><E104/><V62/><F62/><N who="3" m="38231" /><G48/><T80/><AGARI ba="0,0" hai="16,17,19,21,27,30,49,51,79,80,86,89,92,96" machi="80" ten="30,4000,0" yaku="0,1,8,1,54,1" doraHai="57" who="0" fromWho="0" sc="218,40,411,-10,143,-20,228,-10" /><INIT seed="7,0,0,0,3,92" ten="258,401,123,218" oya="3" hai0="80,46,17,86,27,2,129,79,135,22,99,57,132" hai1="89,56,70,68,9,71,98,42,59,91,26,39,111" hai2="64,101,23,107,25,104,117,67,50,51,52,10,14" hai3="11,74,88,133,62,73,66,21,20,54,124,28,118"/><W24/><G118/><T125/><D2/><U61/><E111/><V32/><F117/><W12/><G124/><T72/><D125/><U112/><E39/><V123/><F123/><W65/><G133/><N who="0" m="51275" /><D129/><U110/><E110/><V131/><F32/><W77/><G77/><T75/><D46/><U126/><E42/><V105/><F131/><W44/><G20/><T49/><D99/><U109/><E109/><V36/><F36/><W102/><G102/><T8/><D8/><U120/><E120/><V69/><F69/><W4/><G66/><T96/><D96/><U106/><E9/><V60/><F50/><W108/><G108/><T95/><D95/><U16/><E112/><V34/><F34/><W55/><G88/><T0/><D0/><U43/><E43/><V7/><F60/><W48/><REACH who="3" step="1"/><G54/><AGARI ba="0,0" hai="17,22,27,49,54,57,72,75,79,80,86" m="51275" machi="54" ten="30,1000,0" yaku="20,1" doraHai="92" who="0" fromWho="3" sc="258,10,401,0,123,0,218,-10" owari="268,7,401,50,123,-38,208,-19" /></mjloggm>