<mjloggm ver="2.3"><GO type="97"/><UN n0="%6B%61%7A%75%7A" n1="%61%6E%69%6B%69" n2="%E3%82%A6%E3%83%AB%E3%83%88%E3%83%A9%E7%AB%8B%E7%9B%B4" n3="%E3%83%9E%E3%83%84%E3%82%B6%E3%82%AD" dan="13,14,13,13" rate="1822,1918,1825,1877" sx="M,M,M,M"/><TAIKYOKU oya="0"/><INIT seed="0,0,0,0,0,53" ten="250,250,250,250" oya="0" hai0="77,135,110,94,42,102,113,47,2,100,13,127,72" hai1="120,129,21,97,39,45,0,99,15,71,118,74,101" hai2="64,119,19,124,31,34,93,58,44,59,123,49,28" hai3="3,122,55,51,4,43,9,128,80,37,126,11,50"/><T36/><D113/><U26/><E0/><V133/><F34/><W17/><G122/><T92/><D135/><U95/><E74/><V6/><F123/><W81/><G126/><T41/><D127/><U125/><E125/><V105/><F105/><W57/><G128/><T84/><D2/><U54/><E71/><V12/><F6/><W66/><G66/><T131/><D131/><U89/><E118/><V16/><F124/><W106/><G106/><T1/><D1/><U10/><E120/><V22/><F119/><W65/><G37/><T79/><D84/><U98/><E129/><V109/><F133/><W63/><G17/><T121/><D121/><U23/><E39/><V134/><F134/><W61/><G11/><T115/><D115/><U75/><E75/><V7/><F7/><W132/><G132/><T116/><D72/><U5/><E101/><V62/><F109/><W70/><REACH who="3" step="1"/><G43/><REACH who="3" step="2"/><T14/><D36/><U25/><E23/><V112/><F19/><W27/><G27/><N who="1" m="10250" /><E21/><V111/><F111/><W33/><G33/><T130/><D130/><U103/><E103/><V117/><F117/><W29/><G29/><T48/><D116/><U68/><E68/><V30/><F112/><W18/><G18/><T52/><D110/><U67/><E67/><V114/><F114/><W73/><G73/><T88/><D102/><U91/><E10/><V38/><F38/><W107/><G107/><T46/><D100/><U32/><E32/><V78/><F30/><W24/><G24/><T87/><D52/><U82/><E54/><N who="2" m="32079" /><F31/><W60/><G60/><T83/><D83/><AGARI ba="0,1" hai="3,4,9,50,51,55,57,61,63,65,70,80,81,83" machi="83" ten="40,5200,0" yaku="1,1,6,1,52,1,53,0" doraHai="53" doraHaiUra="86" who="3" fromWho="0" sc="250,-52,250,0,250,0,240,62" /><INIT seed="1,0,0,1,4,113" ten="198,250,250,302" oya="1" hai0="90,7,18,63,92,0,16,73,55,62,40,84,4" hai1="42,58,54,100,32,79,119,101,108,77,71,53,81" hai2="110,61,106,124,83,31,112,13,25,114,95,15,98" hai3="123,68,6,126,3,20,24,129,43,78,76,57,35"/><U33/><E71/><V72/><F106/><W133/><G123/><T8/><D73/><U29/><E119/><V44/><F44/><W27/><G129/><T116/><D116/><U135/><E135/><V19/><F61/><W50/><G68/><T86/><D40/><U17/><E42/><V26/><F124/><W109/><G109/><T120/><D120/><U75/><E108/><V131/><F110/><W87/><G126/><T41/><D41/><U85/><E77/><V122/><F122/><W46/><G133/><T104/><D104/><U82/><E53/><V134/><F134/><W30/><G6/><T56/><D63/><U10/><E32/><V47/><F47/><W51/><G3/><T111/><D111/><U48/><E75/><V28/><F131/><W34/><G87/><T102/><D102/><U130/><E130/><V105/><F105/><W125/><G125/><T14/><REACH who="0" step="1"/><D86/><REACH who="0" step="2"/><U70/><E101/><N who="2" m="60639" /><F72/><W93/><G43/><T69/><D69/><U22/><E100/><V45/><F112/><W132/><G132/><T121/><D121/><U103/><E70/><V11/><F114/><W67/><G35/><T94/><D94/><U9/><E103/><V21/><F83/><W2/><G93/><T80/><D80/><U23/><E82/><V97/><F97/><W107/><G107/><T66/><D66/><U52/><E54/><V60/><F60/><W96/><G67/><T5/><D5/><U1/><E33/><V91/><F91/><W65/><G65/><T117/><D117/><U38/><E38/><V118/><F118/><W88/><G34/><RYUUKYOKU ba="0,1" sc="188,30,250,-10,250,-10,302,-10" hai0="0,4,7,8,14,16,18,55,56,62,84,90,92" /><INIT seed="2,1,1,2,2,4" ten="218,240,240,292" oya="2" hai0="0,90,123,124,120,115,103,128,37,59,113,98,18" hai1="49,114,110,69,12,26,17,34,78,46,28,111,99" hai2="44,76,71,117,109,91,22,25,77,42,86,125,14" hai3="121,9,8,31,19,20,27,33,11,119,102,52,74"/><V60/><F117/><W3/><G121/><T83/><D0/><U107/><E69/><V65/><F14/><W36/><G36/><T2/><D2/><U81/><E114/><V105/><F105/><W92/><G74/><T13/><D37/><U15/><E107/><V131/><F125/><W7/><G119/><T95/><D128/><U129/><E99/><V48/><F131/><W93/><G52/><T32/><D32/><U6/><E6/><V87/><F109/><N who="1" m="41481" /><E129/><V130/><F130/><W100/><G92/><T56/><D124/><U80/><E15/><V126/><F126/><W50/><G50/><T75/><D123/><U64/><E64/><V89/><F86/><W132/><G132/><T39/><D39/><U21/><E78/><V30/><REACH who="2" step="1"/><F91/><REACH who="2" step="2"/><W122/><G122/><T63/><D120/><U73/><E73/><V85/><F85/><W127/><G127/><T135/><D115/><U106/><E106/><V38/><F38/><W112/><G112/><T68/><D113/><U118/><E118/><V101/><F101/><W96/><G102/><T66/><D135/><U104/><E104/><V45/><F45/><W35/><G35/><T94/><D75/><U88/><E88/><V53/><F53/><AGARI ba="1,2" hai="12,17,21,26,28,34,46,49,53,80,81" m="41481" machi="53" ten="30,1000,0" yaku="14,1" doraHai="4" who="1" fromWho="2" sc="218,0,240,33,230,-13,292,0" /><INIT seed="3,0,0,2,2,55" ten="218,273,217,292" oya="3" hai0="2,60,80,76,135,98,1,119,25,112,23,14,54" hai1="19,38,69,114,65,37,36,6,120,26,11,63,50" hai2="68,88,34,4,89,83,47,56,108,24,111,129,41" hai3="122,91,58,101,79,62,107,9,99,84,97,46,5"/><W39/><G122/><T10/><D119/><U61/><E114/><V72/><F68/><W102/><G79/><T94/><D112/><U57/><E120/><V125/><F4/><W92/><G39/><T44/><D135/><U40/><E26/><V29/><F125/><W127/><G46/><T100/><D1/><U66/><E19/><V13/><F13/><N who="3" m="5295" /><G127/><T22/><D2/><U51/><REACH who="1" step="1"/><E40/><REACH who="1" step="2"/><V86/><F129/><W7/><G7/><T121/><D121/><U103/><E103/><N who="3" m="39434" /><G107/><T28/><D23/><U132/><E132/><V81/><F56/><W48/><G48/><T59/><D44/><U74/><E74/><V31/><F31/><W110/><G110/><N who="2" m="42025" /><F72/><W52/><AGARI ba="0,1" hai="52,58,62,84,91,92,97,99" m="39434,5295" machi="52" ten="30,6000,0" yaku="8,1,52,1,54,1" doraHai="55" who="3" fromWho="3" sc="218,-20,263,-20,217,-20,292,70" owari="198,-15,243,-1,197,-20,362,36" /></mjloggm>