<mjloggm ver="2.3"><GO type="41"/><UN n0="%47%41%4D%45%52%41" n1="%E3%83%93%E3%83%AA%E3%82%B1%E3%83%B3%E5%A4%A9%E4%BD%BF" n2="%E3%81%B2%E3%81%BE%E3%81%AD%E3%81%93" n3="%E3%82%A6%E3%83%AB%E3%83%88%E3%83%A9%E7%AB%8B%E7%9B%B4" dan="13,14,13,14" rate="1828,1922,1897,1916" sx="M,M,M,M"/><TAIKYOKU oya="0"/><INIT seed="0,0,0,1,1,84" ten="250,250,250,250" oya="0" hai0="75,32,41,79,124,55,29,71,17,103,31,5,112" hai1="59,28,63,0,121,86,67,89,43,78,125,91,90" hai2="22,120,128,42,11,26,15,6,61,115,1,46,65" hai3="118,50,40,51,36,76,39,49,58,53,110,123,100"/><T105/><D112/><U4/><E121/><V25/><F120/><W129/><G123/><T82/><D124/><U66/><E125/><V56/><F115/><W68/><G100/><T101/><D17/><U21/><E43/><V80/><F128/><W81/><G81/><T70/><D55/><N who="1" m="34303" /><E0/><V35/><F80/><W20/><G76/><T9/><D31/><U10/><E4/><V8/><F8/><W34/><G20/><T106/><D101/><U33/><E10/><V45/><F42/><W19/><G19/><T44/><D105/><U7/><E7/><V30/><REACH who="2" step="1"/><F26/><REACH who="2" step="2"/><W92/><G40/><T131/><D131/><U87/><E33/><V107/><F107/><W127/><G129/><T85/><D32/><U16/><E78/><V96/><F96/><W95/><G34/><T97/><D29/><U109/><E109/><V134/><F134/><W27/><G127/><T38/><REACH who="0" step="1"/><D85/><REACH who="0" step="2"/><N who="1" m="32267" /><E28/><V88/><F88/><N who="1" m="22529" /><U73/><DORA hai="132" /><E73/><V111/><F111/><W3/><G110/><T60/><D60/><U47/><E47/><V93/><F93/><W57/><G95/><T135/><D135/><U62/><E62/><V69/><F69/><W104/><G92/><T74/><D74/><U99/><E99/><V18/><AGARI ba="0,2" hai="1,6,11,15,18,22,25,30,35,45,46,56,61,65" machi="18" ten="30,12000,2" yaku="1,1,0,1,24,2,53,2" doraHai="84,132" doraHaiUra="14,13" who="2" fromWho="2" sc="240,-60,250,-30,240,140,250,-30" /><INIT seed="1,0,0,2,1,47" ten="180,220,380,220" oya="1" hai0="71,73,15,124,0,51,86,121,11,118,83,69,31" hai1="100,117,79,26,113,94,40,128,12,93,61,42,75" hai2="63,36,131,5,54,111,22,119,49,89,34,4,38" hai3="17,7,10,120,20,43,98,39,46,53,37,9,70"/><U55/><E117/><V6/><F119/><W21/><G120/><T101/><D118/><U110/><E113/><V76/><F34/><W16/><G70/><T81/><D121/><U25/><E128/><V78/><F131/><W112/><G112/><T103/><D31/><U23/><E110/><V135/><F63/><W132/><G132/><T24/><D24/><N who="1" m="9323" /><E79/><V28/><F135/><W105/><G43/><N who="1" m="16426" /><E75/><V62/><F62/><W82/><G82/><T41/><D0/><U85/><E85/><V133/><F133/><W56/><G46/><N who="0" m="26063" /><D69/><U3/><E3/><V104/><F104/><W109/><G109/><T74/><D71/><U92/><E100/><N who="0" m="38473" /><D81/><U106/><E106/><V126/><F111/><W125/><G105/><T129/><D129/><U18/><E61/><V50/><F76/><W96/><G53/><AGARI ba="0,0" hai="12,18,23,53,55,92,93,94" m="16426,9323" machi="53" ten="30,1500,0" yaku="8,1" doraHai="47" who="1" fromWho="3" sc="180,0,220,15,380,0,220,-15" /><INIT seed="1,1,0,0,2,85" ten="180,235,380,205" oya="1" hai0="19,105,133,122,86,127,50,123,134,23,84,44,96" hai1="16,81,74,72,17,45,33,99,66,129,69,135,73" hai2="77,53,114,7,41,6,90,98,30,120,32,4,52" hai3="51,89,92,101,109,48,10,55,128,102,111,11,20"/><U5/><E33/><V107/><F120/><N who="0" m="46122" /><D23/><U38/><E135/><N who="0" m="51721" /><D44/><U124/><E124/><V91/><F41/><W62/><G20/><T54/><D54/><U57/><E129/><V36/><F36/><W80/><G62/><T87/><D19/><U2/><E69/><V83/><F114/><W67/><G67/><T119/><D50/><U8/><E99/><V82/><F107/><W132/><G132/><T59/><D59/><U18/><E57/><V97/><F32/><W22/><G22/><T79/><D127/><U21/><E66/><V75/><F7/><W113/><G113/><T64/><D64/><U24/><REACH who="1" step="1"/><E81/><REACH who="1" step="2"/><V39/><F82/><W37/><G80/><N who="0" m="47135" /><D119/><U40/><AGARI ba="1,1" hai="2,5,8,16,17,18,21,24,38,40,45,72,73,74" machi="40" ten="40,7800,0" yaku="1,1,0,1,54,1,53,0" doraHai="85" doraHaiUra="65" who="1" fromWho="1" sc="180,-27,225,91,380,-27,205,-27" /><INIT seed="1,2,0,0,1,131" ten="153,316,353,178" oya="1" hai0="54,84,120,95,113,2,87,43,75,18,1,33,86" hai1="101,83,19,114,39,8,128,92,65,24,85,25,118" hai2="76,3,15,125,29,26,20,58,93,77,41,81,38" hai3="36,88,55,115,68,82,71,134,27,90,13,103,35"/><U22/><E118/><V53/><F3/><W80/><G36/><T47/><D75/><U119/><E114/><V104/><F104/><W74/><G115/><T21/><D33/><U124/><E128/><V133/><F38/><W107/><G103/><T44/><D113/><U61/><E39/><V11/><F41/><W42/><G107/><T52/><D120/><U132/><E119/><V14/><F125/><W4/><G42/><T49/><D95/><U45/><E124/><V30/><F93/><W6/><G35/><T89/><D89/><U106/><E106/><V108/><F108/><W40/><G40/><T46/><D43/><U122/><E122/><V129/><F129/><W64/><G27/><T7/><D7/><U66/><E45/><V110/><F110/><W105/><G105/><T17/><D21/><U56/><E25/><V78/><F81/><W91/><G13/><T72/><D49/><U109/><E109/><V16/><F133/><W0/><G55/><T32/><D72/><U48/><E48/><N who="2" m="31015" /><F15/><W135/><G64/><T112/><D112/><U31/><E66/><V59/><F59/><W130/><G130/><T102/><D102/><U99/><E8/><V5/><AGARI ba="2,0" hai="5,11,14,16,20,26,29,30,76,77,78" m="31015" machi="5" ten="30,2000,0" yaku="8,1,54,1" doraHai="131" who="2" fromWho="2" sc="153,-7,316,-12,353,26,178,-7" /><INIT seed="2,0,0,3,1,134" ten="146,304,379,171" oya="2" hai0="42,105,53,38,119,58,11,33,47,60,18,61,50" hai1="135,78,81,15,126,43,99,37,29,123,110,35,69" hai2="127,16,71,125,90,75,54,132,28,86,51,93,84" hai3="49,12,96,115,13,36,45,100,128,108,121,25,56"/><V102/><F132/><W64/><G121/><T24/><D105/><U66/><E15/><V101/><F71/><W79/><G128/><T6/><D119/><U30/><E110/><V7/><F75/><W95/><G108/><T67/><D33/><U19/><E19/><V17/><F7/><W10/><G115/><T8/><D6/><U21/><E21/><V39/><F28/><W92/><G36/><T2/><D2/><U122/><E29/><V59/><F39/><W104/><G25/><T9/><D24/><U48/><E48/><V120/><F120/><W73/><G73/><T65/><D18/><U133/><E99/><V55/><F86/><W107/><G79/><T76/><D76/><U57/><E57/><V74/><F55/><W63/><G104/><T112/><D112/><U131/><E30/><V98/><F74/><W22/><G22/><T68/><REACH who="0" step="1"/><D8/><REACH who="0" step="2"/><U62/><E123/><V109/><F109/><W41/><G13/><T129/><D129/><U116/><E35/><V5/><F5/><AGARI ba="0,1" hai="5,10,12,41,45,49,56,63,64,92,95,96,100,107" machi="5" ten="30,1000,0" yaku="7,1" doraHai="134" who="3" fromWho="2" sc="136,0,304,0,379,-10,171,20" /><INIT seed="3,0,0,0,2,2" ten="136,304,369,191" oya="3" hai0="134,42,9,135,22,0,16,105,119,100,34,32,133" hai1="31,104,55,59,84,66,128,68,93,72,58,67,103" hai2="71,106,75,13,107,25,29,126,127,57,48,62,94" hai3="39,108,92,47,90,69,50,23,19,27,52,35,74"/><W125/><G74/><T97/><D42/><U129/><E72/><V54/><F75/><W118/><G118/><T101/><D101/><U116/><E104/><V79/><F79/><W110/><G69/><T41/><D41/><U61/><E31/><V111/><F111/><N who="3" m="42539" /><G39/><T73/><D73/><U124/><E103/><V96/><F71/><W85/><G35/><T3/><D119/><U14/><E14/><V33/><F13/><W120/><G125/><N who="2" m="47625" /><F62/><W38/><G38/><T8/><D97/><U18/><E18/><V45/><F45/><W64/><G64/><T95/><D95/><U132/><E93/><V115/><F115/><W6/><G6/><N who="0" m="1095" /><D100/><AGARI ba="0,0" hai="25,29,33,48,54,57,94,96,100,106,107" m="47625" machi="100" ten="30,1000,0" yaku="18,1" doraHai="2" who="2" fromWho="0" sc="136,-10,304,0,369,10,191,0" /><INIT seed="4,0,0,2,2,123" ten="126,304,379,191" oya="0" hai0="109,67,61,66,125,4,131,134,126,132,78,34,87" hai1="65,101,41,53,98,128,35,113,108,102,58,79,5" hai2="55,60,32,117,45,100,74,133,110,59,15,31,8" hai3="33,77,80,29,94,36,42,20,120,13,38,96,72"/><T21/><D34/><U39/><E35/><V124/><F110/><W11/><G120/><T44/><D109/><U116/><E108/><V48/><F74/><W135/><G135/><N who="0" m="51755" /><D4/><U28/><E116/><V73/><F133/><W56/><G33/><T18/><D78/><U7/><E128/><V106/><F73/><W2/><G2/><T90/><D90/><U130/><E28/><V107/><F100/><W1/><G1/><T26/><D87/><U54/><E130/><V64/><F117/><W114/><G114/><T89/><D89/><U92/><E79/><V111/><F111/><W3/><G3/><T85/><D85/><U103/><E113/><V51/><F51/><W25/><G94/><T84/><D84/><U93/><E65/><N who="0" m="24585" /><D131/><U27/><E27/><V23/><F124/><N who="0" m="47722" /><D44/><U70/><E98/><V68/><F32/><W105/><G96/><T121/><D121/><U122/><E122/><V43/><F31/><W17/><G105/><T10/><D10/><U0/><E0/><V37/><F23/><W86/><G72/><T22/><D22/><U62/><E93/><V75/><F75/><W24/><G24/><T63/><AGARI ba="0,0" hai="18,21,26,61,63" m="47722,24585,51755" machi="63" ten="40,3900,0" yaku="20,1,18,1" doraHai="123" who="0" fromWho="0" sc="126,39,304,-13,379,-13,191,-13" /><INIT seed="4,1,0,0,1,46" ten="165,291,366,178" oya="0" hai0="40,133,42,75,122,22,95,23,8,99,103,78,89" hai1="119,64,126,130,33,45,76,27,35,124,5,77,11" hai2="0,79,14,93,29,134,74,102,47,37,71,118,58" hai3="2,1,87,56,88,111,26,30,15,116,121,113,44"/><T67/><D122/><U52/><E64/><V48/><F0/><W73/><G73/><T19/><D133/><U117/><E77/><V109/><F71/><W114/><G111/><T94/><D67/><U106/><E76/><V4/><F109/><W17/><G56/><T135/><D135/><U43/><E106/><V120/><F134/><W129/><G116/><T57/><D78/><U98/><E98/><V68/><F120/><W105/><G105/><T61/><D75/><U90/><E90/><V69/><F29/><W96/><G96/><T86/><D8/><U127/><E130/><V13/><F102/><W83/><G129/><T65/><REACH who="0" step="1"/><D23/><REACH who="0" step="2"/><U18/><E119/><V110/><F74/><W51/><G121/><T84/><D84/><U20/><E117/><V10/><F79/><W92/><G2/><T50/><D50/><N who="1" m="28751" /><E43/><V131/><F118/><W34/><G1/><AGARI ba="1,1" hai="1,5,11,18,20,27,33,35,124,126,127" m="28751" machi="1" ten="30,3900,0" yaku="18,1,52,1,54,1" doraHai="46" who="1" fromWho="3" sc="155,0,291,52,366,0,178,-42" /><INIT seed="5,0,0,2,0,12" ten="155,343,366,136" oya="1" hai0="25,34,38,79,29,6,132,74,129,32,45,37,61" hai1="56,72,86,17,85,49,8,127,76,50,119,0,116" hai2="39,96,87,110,105,94,14,91,22,10,89,67,124" hai3="128,123,35,64,80,71,109,108,111,122,101,103,131"/><U120/><E120/><V55/><F110/><W92/><G64/><T2/><D132/><U81/><E127/><V24/><F105/><W46/><G46/><T98/><D129/><N who="3" m="49737" /><G71/><T20/><D98/><U52/><E50/><V3/><F3/><W133/><G35/><T112/><D112/><U73/><E86/><V48/><F124/><W84/><G133/><T21/><D61/><U102/><E102/><N who="3" m="38922" /><G92/><T126/><D126/><U63/><E63/><V97/><F67/><W51/><G51/><T59/><D59/><U33/><E33/><V68/><F39/><W4/><G4/><T93/><D93/><U88/><E0/><V28/><F68/><W135/><G135/><T62/><D62/><U19/><E8/><V47/><F89/><AGARI ba="0,0" hai="80,84,89,108,109,111,122,123" m="38922,49737" machi="89" ten="40,5200,0" yaku="19,1,34,2" doraHai="12" who="3" fromWho="2" sc="155,0,343,0,366,-52,136,52" /><INIT seed="6,0,0,5,5,10" ten="155,343,314,188" oya="2" hai0="93,117,58,120,87,82,78,25,21,133,126,99,110" hai1="113,116,86,96,88,52,28,132,70,47,65,66,94" hai2="49,109,124,2,15,19,45,98,60,69,125,89,105" hai3="101,13,68,112,40,91,56,111,20,131,26,8,32"/><V80/><F2/><W73/><G68/><T48/><D117/><U44/><E116/><V7/><F7/><W106/><G111/><T104/><D120/><U81/><E113/><V38/><F109/><W83/><G32/><T55/><D104/><U12/><E132/><V59/><F38/><W4/><G112/><T103/><D126/><N who="2" m="48746" /><F69/><W27/><G131/><T100/><D133/><U53/><E70/><V42/><F98/><W134/><G134/><T97/><D97/><U43/><E28/><V9/><F105/><W75/><G101/><T130/><D130/><U118/><E118/><V51/><F80/><W11/><G106/><T0/><D0/><U6/><E66/><N who="2" m="39199" /><F51/><W3/><G3/><T61/><D110/><U63/><E65/><V122/><F89/><W74/><G91/><T90/><REACH who="0" step="1"/><D48/><REACH who="0" step="2"/><N who="1" m="26655" /><E63/><V92/><F122/><W84/><G84/><T18/><AGARI ba="0,1" hai="18,21,25,55,58,61,78,82,87,90,93,99,100,103" machi="18" ten="20,12000,2" yaku="1,1,0,1,7,1,25,2,8,1,53,1" doraHai="10" doraHaiUra="72" who="0" fromWho="0" sc="145,130,343,-30,314,-60,188,-30" /><INIT seed="7,0,0,1,5,65" ten="275,313,254,158" oya="3" hai0="41,54,50,2,34,63,39,27,111,11,130,0,40" hai1="99,113,89,107,71,102,59,85,62,15,28,49,88" hai2="13,110,16,8,58,101,108,82,114,4,22,95,44" hai3="64,86,7,12,120,83,109,57,133,56,118,119,106"/><W33/><G120/><T135/><D135/><U53/><E113/><V24/><F114/><W68/><G133/><T121/><D111/><U31/><E89/><V1/><F82/><W37/><G37/><T79/><D121/><U75/><E75/><V20/><F44/><W21/><G33/><T112/><D112/><U10/><E71/><V81/><F81/><W87/><G106/><T128/><D79/><U129/><E62/><V36/><F36/><W19/><G109/><T9/><D39/><U30/><E129/><V78/><F78/><W51/><G7/><T66/><D34/><U46/><E59/><V74/><F74/><W42/><G68/><T92/><D92/><U132/><E132/><V6/><F58/><N who="3" m="22635" /><G64/><T117/><D66/><U76/><E76/><V96/><REACH who="2" step="1"/><F4/><REACH who="2" step="2"/><W125/><G125/><T73/><D73/><U94/><E31/><AGARI ba="0,1" hai="1,6,8,13,16,20,22,24,31,95,96,101,108,110" machi="31" ten="30,8000,1" yaku="1,1,2,1,7,1,54,1,53,1" doraHai="65" doraHaiUra="98" who="2" fromWho="1" sc="275,0,313,-80,244,90,158,0" owari="275,8,233,-17,334,43,158,-34" /></mjloggm>