<mjloggm ver="2.3"><GO type="41"/><UN n0="%E3%81%84%E3%81%B2%E3%81%82" n1="%45%76%61%6E%63%65" n2="%E6%88%A6%E5%9B%BD%E3%81%AE%E8%A6%87%E7%8E%8B" n3="%E3%82%A6%E3%83%AB%E3%83%88%E3%83%A9%E7%AB%8B%E7%9B%B4" dan="13,13,14,15" rate="1826,1894,1858,1965" sx="M,M,M,M"/><TAIKYOKU oya="0"/><INIT seed="0,0,0,1,2,29" ten="250,250,250,250" oya="0" hai0="83,2,16,134,64,121,129,133,13,11,28,119,99" hai1="26,106,14,124,6,112,18,53,100,117,45,91,76" hai2="118,51,17,104,38,43,122,39,56,54,34,131,3" hai3="84,110,47,32,95,25,107,93,62,92,57,130,7"/><T59/><D121/><U86/><E117/><V71/><F3/><W44/><G107/><T36/><D36/><U60/><E112/><V49/><F104/><W61/><G7/><T132/><D119/><U85/><E124/><V89/><F89/><W72/><G72/><T69/><D99/><U58/><E6/><V33/><F118/><W48/><G84/><T111/><D83/><U126/><E126/><V35/><F122/><W4/><G4/><N who="0" m="1431" /><D69/><U90/><E76/><V10/><F71/><W27/><G57/><T103/><D64/><U66/><E26/><N who="3" m="9738" /><G48/><T77/><D59/><U5/><E5/><V8/><F131/><W127/><G130/><T21/><D77/><U101/><E106/><V82/><F82/><W97/><G97/><T9/><D103/><U80/><E45/><N who="3" m="17482" /><G127/><T109/><D129/><U79/><E79/><V128/><F128/><W15/><G15/><T12/><D28/><U74/><E74/><V31/><F31/><W94/><N who="3" m="24064" /><DORA hai="23" /><W120/><G120/><T41/><D41/><U50/><E66/><V55/><F43/><W52/><G52/><T46/><D46/><U81/><REACH who="1" step="1"/><E50/><REACH who="1" step="2"/><V116/><F116/><W22/><G110/><N who="0" m="41995" /><D9/><AGARI ba="0,1" hai="9,14,18,53,58,60,80,81,85,86,90,91,100,101" machi="9" ten="30,7700,0" yaku="1,1,7,1,9,1,8,1,53,0" doraHai="29,23" doraHaiUra="88,0" who="1" fromWho="0" sc="250,-77,240,87,250,0,250,0" /><INIT seed="1,0,0,3,5,130" ten="173,327,250,250" oya="1" hai0="48,107,16,123,60,9,81,80,53,36,4,97,46" hai1="3,8,34,120,105,114,43,32,72,115,99,25,68" hai2="127,44,52,5,96,13,86,35,77,1,49,124,20" hai3="7,17,51,84,6,54,75,19,39,128,64,23,41"/><U38/><E120/><V74/><F74/><W131/><G75/><T57/><D123/><U112/><E72/><V125/><F35/><N who="1" m="13353" /><E25/><V92/><F1/><W55/><G64/><T24/><D107/><U45/><E68/><V121/><F121/><W132/><G51/><T10/><D97/><U58/><E58/><V62/><F62/><W94/><G84/><T91/><D36/><U22/><E22/><V119/><F119/><W11/><G23/><N who="0" m="13415" /><D4/><N who="1" m="1055" /><E99/><V15/><F5/><W79/><G11/><N who="0" m="4107" /><D91/><U113/><N who="1" m="29184" /><DORA hai="83" /><U61/><E61/><V90/><F20/><W103/><G94/><T122/><D122/><U50/><E50/><V102/><REACH who="2" step="1"/><F77/><REACH who="2" step="2"/><W93/><G79/><T63/><D63/><U117/><E117/><V109/><F109/><W135/><G128/><T118/><D118/><U56/><E56/><V59/><F59/><W47/><G131/><T101/><D101/><U66/><E66/><AGARI ba="0,1" hai="46,48,53,57,60,66,80,81" m="4107,13415" machi="66" ten="30,2000,0" yaku="8,1,54,1" doraHai="130,83" who="0" fromWho="1" sc="173,30,327,-20,240,0,250,0" /><INIT seed="2,0,0,2,1,1" ten="203,307,240,250" oya="2" hai0="23,24,119,6,107,53,101,58,60,11,69,70,20" hai1="83,50,39,129,33,55,98,73,77,14,7,112,130" hai2="102,91,51,104,17,85,62,4,57,22,114,42,18" hai3="127,103,118,65,25,46,34,109,97,44,86,64,100"/><V41/><F114/><W116/><G25/><T37/><D37/><U13/><E112/><V3/><F104/><W88/><G97/><T63/><D119/><U113/><E113/><V80/><F102/><W133/><G86/><T76/><D76/><U94/><E39/><V84/><F3/><W124/><G109/><T78/><D78/><U49/><E33/><V38/><F38/><W28/><G28/><T92/><D107/><U0/><E0/><V56/><F4/><W120/><G88/><T123/><D123/><U35/><E35/><V122/><F122/><W30/><G30/><T72/><D72/><U110/><E110/><V40/><F51/><W135/><REACH who="3" step="1"/><G34/><REACH who="3" step="2"/><T131/><D101/><U82/><E82/><V16/><F85/><W43/><G43/><T48/><D92/><U8/><E129/><V21/><REACH who="2" step="1"/><F57/><REACH who="2" step="2"/><W68/><G68/><T132/><D131/><U10/><E130/><V81/><F81/><W67/><G67/><AGARI ba="0,2" hai="16,17,18,21,22,40,41,42,56,62,67,80,84,91" machi="67" ten="40,12000,1" yaku="1,1,8,1,54,1,53,1" doraHai="1" doraHaiUra="54" who="2" fromWho="3" sc="203,0,307,0,230,140,240,-120" /><INIT seed="2,1,0,2,0,26" ten="203,307,370,120" oya="2" hai0="102,51,37,128,27,105,4,77,9,55,54,47,95" hai1="91,118,0,79,74,111,131,39,16,97,1,35,44" hai2="49,121,18,124,38,53,3,116,67,50,133,66,134" hai3="69,46,29,12,94,112,24,84,125,20,107,19,81"/><V71/><F3/><W42/><G107/><T21/><D105/><U92/><E118/><V129/><F18/><W80/><G69/><T70/><D70/><U115/><E115/><V100/><F100/><W89/><G112/><T103/><D128/><U135/><E131/><V86/><F86/><W65/><G65/><N who="2" m="24585" /><F71/><W113/><G125/><T114/><D114/><U98/><E111/><V32/><F32/><W36/><REACH who="3" step="1"/><G113/><REACH who="3" step="2"/><T119/><D119/><U17/><E135/><N who="2" m="51723" /><F116/><W63/><G63/><T58/><D77/><U130/><E130/><V76/><F129/><W126/><G126/><T108/><D108/><U127/><E127/><V28/><F124/><W87/><G87/><T15/><D37/><U110/><E110/><V72/><F38/><W73/><G73/><T122/><D122/><U48/><E39/><V57/><F121/><W56/><G56/><T2/><D2/><U30/><E74/><V120/><F120/><W75/><G75/><T123/><D123/><U34/><E79/><V106/><F106/><W82/><G82/><T40/><D95/><U99/><E0/><V78/><F72/><W101/><G101/><N who="0" m="38411" /><D58/><U13/><E1/><V33/><F50/><W90/><G90/><T10/><D10/><AGARI ba="1,1" hai="10,12,19,20,24,29,36,42,46,80,81,84,89,94" machi="10" ten="30,3900,0" yaku="1,1,7,1,52,1,53,0" doraHai="26" doraHaiUra="62" who="3" fromWho="0" sc="203,-42,307,0,370,0,110,52" /><INIT seed="3,0,0,4,2,118" ten="161,307,370,162" oya="3" hai0="61,127,109,2,52,53,85,113,17,68,29,86,10" hai1="97,25,131,90,1,134,122,36,40,39,117,133,62" hai2="66,74,18,3,73,70,79,6,19,48,32,125,42" hai3="132,60,56,44,27,100,91,124,128,82,104,129,49"/><W84/><G100/><T103/><D103/><U24/><E117/><V41/><F32/><W135/><G104/><T107/><D107/><U108/><E1/><V111/><F70/><W78/><G27/><T43/><D113/><U54/><E108/><V12/><F66/><W71/><G71/><T23/><D109/><U7/><E7/><V64/><F64/><W59/><G78/><T92/><D29/><U30/><E131/><N who="3" m="50250" /><G60/><T123/><D43/><U77/><E77/><V69/><F69/><W119/><G119/><T33/><D33/><U65/><E40/><V13/><F79/><W80/><G80/><T20/><D68/><U5/><E5/><V4/><F111/><W112/><G112/><T38/><D38/><U26/><E30/><V37/><F48/><W58/><G124/><T46/><D2/><U11/><E11/><V99/><F3/><W93/><G82/><T76/><D127/><U88/><E54/><AGARI ba="0,0" hai="44,49,54,56,58,59,84,91,93,132,135" m="50250" machi="54" ten="30,1500,0" yaku="19,1" doraHai="118" who="3" fromWho="1" sc="161,0,307,-15,370,0,162,15" /><INIT seed="3,1,0,2,5,21" ten="161,292,370,177" oya="3" hai0="43,118,1,38,132,49,127,17,61,31,19,11,32" hai1="7,36,65,133,72,82,117,134,15,10,69,66,9" hai2="52,103,45,2,123,131,41,48,92,96,70,33,60" hai3="27,50,104,13,114,79,4,0,128,112,42,56,62"/><W125/><G104/><T23/><D38/><U18/><E36/><V22/><F2/><W97/><G0/><T121/><D118/><U55/><E117/><V100/><F33/><W130/><G79/><T86/><D121/><U29/><E72/><V115/><F115/><W81/><G81/><T8/><D86/><U126/><E126/><V58/><F123/><W108/><G97/><T90/><D61/><U63/><E66/><V124/><F124/><W14/><G125/><T35/><D90/><U28/><E82/><V101/><F131/><N who="3" m="50219" /><G108/><T76/><D76/><U94/><E94/><V129/><F129/><W91/><G91/><T67/><D67/><U46/><E46/><V73/><F73/><W20/><G50/><T102/><D102/><U54/><E29/><V64/><REACH who="2" step="1"/><F22/><REACH who="2" step="2"/><W93/><G42/><T47/><D127/><U26/><E134/><V85/><F85/><W24/><G20/><T80/><D132/><U83/><E133/><V89/><F89/><W77/><G77/><T88/><D1/><U99/><E99/><V116/><F116/><W3/><G93/><T74/><D35/><U51/><E83/><V57/><F57/><W30/><G30/><T25/><D32/><U71/><E71/><V39/><AGARI ba="1,1" hai="39,41,45,48,52,58,60,64,70,92,96,100,101,103" machi="39" ten="20,12000,2" yaku="1,1,0,1,7,1,24,2,54,1,53,1" doraHai="21" doraHaiUra="37" who="2" fromWho="2" sc="161,-31,292,-31,360,133,177,-61" /><INIT seed="4,0,0,0,4,70" ten="130,261,493,116" oya="0" hai0="18,49,14,25,129,12,13,75,96,7,119,95,134" hai1="6,65,104,121,0,133,1,81,93,86,79,63,114" hai2="19,27,64,107,102,3,87,39,106,45,59,122,83" hai3="103,23,68,29,85,24,34,54,16,97,66,126,62"/><T77/><D119/><U50/><E121/><V125/><F3/><W89/><G126/><T57/><D134/><U117/><E117/><V84/><F125/><W112/><G54/><T91/><D129/><U90/><E133/><V53/><F64/><W135/><G135/><T15/><D75/><U21/><E104/><V26/><F102/><W71/><G112/><T52/><D77/><U40/><E114/><V131/><F83/><W17/><G71/><T69/><D69/><U35/><E35/><V123/><F59/><W60/><G60/><T116/><D116/><U101/><E101/><V99/><F99/><W9/><G9/><T118/><D118/><U61/><E21/><V11/><F45/><W130/><G23/><N who="0" m="13559" /><D15/><U109/><E109/><V128/><F19/><W5/><G5/><AGARI ba="0,0" hai="5,7,12,13,14,49,52,57,91,95,96" m="13559" machi="5" ten="30,2900,0" yaku="8,1,54,1" doraHai="70" who="0" fromWho="3" sc="130,29,261,0,493,0,116,-29" /><INIT seed="4,1,0,2,1,62" ten="159,261,493,87" oya="0" hai0="22,101,128,73,48,21,35,96,119,89,28,15,71" hai1="130,44,81,90,53,33,92,107,70,121,0,6,50" hai2="134,83,109,8,115,41,30,93,18,132,38,125,106" hai3="102,87,120,78,105,88,98,52,117,51,11,97,86"/><T129/><D73/><U57/><E121/><V111/><F106/><W66/><G120/><T7/><D71/><U43/><E107/><V3/><F93/><W46/><G117/><T99/><D119/><U118/><E118/><V20/><F83/><W122/><G122/><T131/><D48/><U5/><E130/><V72/><F72/><W19/><G97/><T113/><D89/><U67/><E33/><V69/><F41/><W56/><G78/><T25/><D99/><U110/><E110/><V64/><F38/><W100/><G100/><T31/><D96/><U40/><E40/><V77/><F77/><W59/><G87/><T84/><D84/><U42/><E42/><V114/><F69/><W79/><G79/><T123/><D101/><U65/><E81/><V58/><F58/><W16/><G66/><T95/><D95/><U9/><E6/><N who="2" m="1119" /><F64/><W2/><G2/><T103/><D103/><U75/><E75/><V23/><F125/><W108/><G108/><N who="2" m="41545" /><F30/><W1/><G1/><T91/><D91/><U135/><E135/><N who="2" m="51755" /><F23/><N who="0" m="8714" /><D123/><U34/><E70/><V10/><F10/><W45/><G45/><T54/><D54/><U61/><REACH who="1" step="1"/><E34/><REACH who="1" step="2"/><V126/><F126/><W127/><G127/><T32/><D32/><U74/><E74/><V36/><F36/><W13/><REACH who="3" step="1"/><G19/><REACH who="3" step="2"/><T76/><D31/><U116/><E116/><V104/><F104/><W12/><G12/><AGARI ba="1,2" hai="12,18,20,114,115" m="51755,41545,1119" machi="12" ten="30,3900,0" yaku="20,1,34,2" doraHai="62" who="2" fromWho="3" sc="159,0,251,0,493,62,77,-42" /><INIT seed="5,0,0,4,5,45" ten="159,251,555,35" oya="1" hai0="74,83,7,57,47,48,110,111,60,59,82,104,30" hai1="63,36,78,67,101,33,70,128,129,96,69,44,132" hai2="127,26,20,106,112,131,51,32,54,13,18,84,75" hai3="37,39,49,92,11,133,93,90,4,55,114,116,52"/><U66/><E78/><V34/><F75/><W68/><G116/><T134/><D104/><N who="1" m="63527" /><E132/><V98/><F106/><W95/><G133/><T89/><D30/><U125/><E125/><V27/><F127/><W64/><G114/><T122/><D7/><U91/><E91/><V38/><F38/><W8/><G90/><T0/><D0/><U118/><E118/><V79/><F98/><W31/><G31/><T71/><D134/><U29/><E44/><V58/><F131/><W28/><G28/><T105/><D105/><U72/><E72/><V117/><F117/><W87/><G87/><T19/><D19/><U85/><E85/><V22/><F112/><W6/><G64/><T1/><D1/><U40/><E40/><V42/><F42/><W10/><G68/><T88/><D122/><U24/><E36/><N who="3" m="13898" /><G49/><T76/><D83/><U113/><E113/><V5/><F5/><AGARI ba="0,0" hai="4,5,6,8,10,11,52,55,92,93,95" m="13898" machi="5" ten="40,5200,0" yaku="28,2,54,1" doraHai="45" who="3" fromWho="2" sc="159,0,251,0,555,-52,35,52" /><INIT seed="6,0,0,2,0,115" ten="159,251,503,87" oya="2" hai0="69,21,106,83,51,93,102,15,121,70,89,10,33" hai1="19,92,135,38,36,52,45,35,61,34,48,100,124" hai2="117,28,18,29,68,128,90,114,94,127,91,120,107" hai3="116,60,74,72,81,24,40,96,71,66,9,126,109"/><V130/><F68/><W132/><G109/><T2/><D33/><U65/><E124/><V79/><F79/><W25/><G25/><T57/><D121/><U99/><E135/><V44/><F120/><W6/><G126/><T50/><D2/><U42/><E19/><V12/><F127/><W56/><G56/><T3/><D3/><U84/><E84/><V46/><F107/><W76/><G132/><T108/><D108/><U78/><E78/><V125/><F125/><W111/><G111/><T104/><D104/><U80/><E80/><V110/><F110/><W8/><G74/><T63/><D21/><U123/><E123/><V20/><F114/><W0/><G9/><T67/><D106/><U55/><E55/><V5/><F5/><W23/><G96/><T54/><D102/><U39/><REACH who="1" step="1"/><E42/><REACH who="1" step="2"/><V82/><F82/><W58/><G40/><T14/><D83/><U7/><E7/><V30/><F91/><W88/><G88/><T122/><D122/><U98/><E98/><V31/><N who="2" m="7680" /><DORA hai="27" /><V49/><F117/><W86/><G86/><T95/><D89/><U105/><E105/><V26/><F26/><W75/><G75/><T43/><D10/><U11/><E11/><V133/><F133/><W118/><G71/><AGARI ba="0,1" hai="34,35,36,38,39,45,48,52,61,65,71,92,99,100" machi="71" ten="40,2600,0" yaku="1,1,54,1,53,0" doraHai="115,27" doraHaiUra="129,112" who="1" fromWho="3" sc="159,0,241,36,503,0,87,-26" /><INIT seed="7,0,0,2,5,48" ten="159,277,503,61" oya="3" hai0="90,104,114,23,107,130,38,15,99,131,28,127,82" hai1="2,67,116,33,22,50,64,112,91,135,79,61,30" hai2="65,4,49,35,87,19,123,122,124,14,63,24,110" hai3="106,44,17,83,45,81,95,10,27,77,5,12,13"/><W1/><G106/><N who="0" m="40491" /><D38/><U55/><E2/><V59/><F110/><W85/><G1/><T117/><D28/><U34/><E112/><V118/><F118/><W43/><G27/><T115/><D23/><U109/><E109/><V39/><F39/><W100/><G83/><T74/><D15/><U88/><E116/><V20/><F124/><W56/><G56/><T7/><D7/><U0/><E135/><V126/><F126/><W75/><G75/><T134/><D117/><U72/><E0/><V51/><F87/><W108/><G108/><T21/><D21/><U41/><E41/><V113/><F113/><N who="0" m="43018" /><D127/><U89/><E67/><V32/><F32/><W58/><G58/><T84/><D74/><U37/><E37/><V36/><F36/><W26/><G26/><T96/><D134/><U47/><E22/><V42/><F42/><W8/><REACH who="3" step="1"/><G43/><REACH who="3" step="2"/><T62/><D62/><U102/><E72/><V119/><F119/><W6/><G6/><T9/><D9/><U40/><E40/><V120/><F4/><W94/><G94/><T103/><D103/><U132/><E102/><V11/><F11/><W98/><AGARI ba="0,1" hai="5,8,10,12,13,17,44,45,77,81,85,95,98,100" machi="98" ten="30,11700,0" yaku="1,1,0,1,8,1,53,1" doraHai="48" doraHaiUra="3" who="3" fromWho="3" sc="159,-39,277,-39,503,-39,51,127" /><INIT seed="7,1,0,2,0,120" ten="120,238,464,178" oya="3" hai0="103,91,5,83,86,112,37,63,3,90,104,126,98" hai1="111,99,73,27,106,14,33,57,1,28,52,31,55" hai2="85,100,61,54,115,116,74,17,62,6,130,109,51" hai3="58,50,53,44,101,135,18,124,20,21,121,71,13"/><W97/><G71/><T0/><D37/><U46/><E1/><V56/><F74/><W47/><G121/><T122/><D5/><U102/><E73/><V80/><F116/><W117/><G117/><T38/><D63/><U84/><E84/><V69/><F6/><W4/><G4/><T22/><D38/><U12/><E31/><V123/><F123/><W66/><G124/><T75/><D22/><U8/><E111/><V23/><F130/><W48/><G135/><T105/><D0/><U43/><E8/><V79/><F115/><W42/><G66/><T65/><D3/><U92/><E106/><V82/><F100/><W29/><G58/><T77/><D65/><U108/><E108/><V78/><F69/><W87/><G87/><T59/><D59/><U81/><E81/><V45/><F109/><W132/><G132/><T114/><D122/><U64/><E64/><V133/><F133/><W7/><G7/><T119/><D119/><U40/><E40/><V129/><F129/><W125/><G125/><T96/><D126/><U94/><E94/><V60/><F82/><W11/><REACH who="3" step="1"/><G29/><REACH who="3" step="2"/><T67/><D67/><U113/><E57/><V76/><F56/><W95/><AGARI ba="1,1" hai="11,13,18,20,21,42,44,47,48,50,53,95,97,101" machi="95" ten="20,12000,1" yaku="1,1,2,1,0,1,7,1,8,1,53,0" doraHai="120" doraHaiUra="35" who="3" fromWho="3" sc="120,-41,238,-41,464,-41,168,133" /><INIT seed="7,2,0,3,5,80" ten="79,197,423,301" oya="3" hai0="70,60,12,10,78,66,98,117,25,62,59,89,124" hai1="18,17,55,15,63,22,45,92,79,95,52,0,48" hai2="26,105,130,3,87,93,68,128,120,64,131,96,58" hai3="94,53,11,21,46,19,127,115,14,97,32,71,67"/><W122/><G32/><T1/><D117/><U24/><E0/><V30/><F3/><W107/><G107/><T33/><D124/><U8/><E79/><V20/><F120/><W102/><G127/><T118/><D118/><U119/><E119/><V51/><F105/><W123/><G115/><T121/><D78/><U99/><E99/><V39/><F39/><W83/><G83/><T16/><D121/><U101/><E101/><V116/><F116/><W77/><G77/><T6/><D98/><U81/><E81/><V125/><F125/><W109/><G109/><T56/><D89/><U37/><E37/><V43/><F68/><W27/><G67/><T133/><D133/><U34/><E34/><V28/><F43/><W13/><G71/><T73/><D73/><U104/><E104/><V54/><F64/><W7/><G14/><T126/><D60/><U57/><AGARI ba="2,0" hai="8,15,17,18,22,24,45,48,52,55,57,63,92,95" machi="57" ten="30,4000,0" yaku="0,1,8,1,54,1" doraHai="80" who="1" fromWho="1" sc="79,-12,197,46,423,-12,301,-22" owari="67,-43,243,-16,411,51,279,8" /></mjloggm>