<mjloggm ver="2.3"><GO type="9"/><UN n0="%63%6F%63%6F%32%31%31" n1="%54%75%67%75%6D%69" n2="%6F%6F%E3%83%9E%E3%83%8A%6F%6F" n3="%E3%82%A6%E3%83%AB%E3%83%88%E3%83%A9%E7%AB%8B%E7%9B%B4" dan="7,2,4,3" rate="1078,1568,1527,1612" sx="M,M,F,M"/><TAIKYOKU oya="0"/><INIT seed="0,0,0,2,2,31" ten="250,250,250,250" oya="0" hai0="58,13,84,110,12,32,4,11,23,73,30,104,54" hai1="71,106,5,102,3,100,96,114,41,131,99,67,77" hai2="75,64,25,1,89,56,81,103,48,129,92,17,38" hai3="82,42,2,107,91,29,61,117,93,28,35,113,128" shuffle="mt19937ar,A3FCFF3C,DD98F4C6,0C752A44,566C50D6,8A83D73E,422142F6,FE6A9878,396B103F"/><T97/><D73/><U39/><E114/><V80/><F129/><W135/><G107/><T0/><D84/><U44/><E131/><V63/><F38/><W76/><G2/><T53/><D110/><U68/><E77/><V22/><F1/><W95/><G128/><T37/><D37/><U118/><E118/><V19/><F103/><W6/><G6/><T124/><D124/><U57/><E57/><V87/><F75/><W26/><G117/><T133/><D133/><U125/><E67/><V51/><F51/><W121/><G121/><T122/><D122/><U43/><E43/><V50/><F50/><W120/><G120/><T36/><D36/><U112/><E112/><V94/><F94/><W126/><G42/><T105/><D105/><N who="1" m="63623" /><E125/><V69/><F69/><W16/><G126/><T60/><D104/><U62/><E62/><V18/><REACH who="2" step="1"/><F48/><REACH who="2" step="2"/><W49/><G49/><T66/><D97/><U21/><E68/><V86/><F86/><W132/><G113/><T70/><D70/><U40/><E71/><V9/><F9/><W119/><G119/><T52/><REACH who="0" step="1"/><D23/><REACH who="0" step="2"/><U34/><E39/><V98/><F98/><W130/><G130/><T109/><D109/><U7/><E99/><V127/><F127/><W55/><G135/><T90/><D90/><U123/><E123/><V8/><F8/><W72/><G132/><T111/><D111/><U78/><E21/><V10/><F10/><W115/><G115/><T88/><D88/><U108/><E108/><V24/><F24/><AGARI ba="0,2" hai="0,4,11,12,13,24,30,32,52,53,54,58,60,66" machi="24" ten="40,12000,1" yaku="1,1,52,1,54,1,53,1" doraHai="31" doraHaiUra="20" who="0" fromWho="2" sc="240,140,250,0,240,-120,250,0" /><INIT seed="0,1,0,3,5,71" ten="380,250,120,250" oya="0" hai0="31,109,94,35,0,52,113,102,55,86,101,98,10" hai1="65,132,108,87,62,39,4,8,93,78,79,46,24" hai2="57,70,38,90,115,105,64,122,16,128,56,58,47" hai3="36,69,66,123,134,118,76,60,14,44,33,45,114" shuffle="mt19937ar,BF97B823,5EB60BDD,A73D0AAB,1C7014F4,98CFDEEA,ABADF3F9,A12A8120,9EF57E66"/><T40/><D113/><U67/><E108/><V110/><F105/><W2/><G2/><T29/><D109/><U73/><E132/><V13/><F122/><W59/><G33/><T51/><D35/><U83/><E24/><V6/><F128/><W28/><G28/><T133/><D133/><U41/><E79/><V63/><F115/><W37/><G134/><T22/><D40/><U12/><E62/><V125/><F110/><W54/><G114/><T7/><D86/><U120/><E120/><V32/><F32/><W53/><G14/><T25/><D31/><U97/><E87/><V42/><F125/><W21/><G21/><T127/><D127/><U48/><E39/><N who="3" m="14922" /><G76/><T89/><D51/><U95/><E95/><V121/><F121/><W11/><G11/><T50/><D55/><N who="3" m="21001" /><G123/><T43/><REACH who="0" step="1"/><D43/><REACH who="0" step="2"/><U117/><E117/><V85/><F70/><W61/><G118/><T34/><D34/><U116/><E116/><V15/><F6/><W77/><G77/><T96/><D96/><U82/><E82/><V19/><F19/><W1/><G1/><T112/><D112/><U104/><E4/><V130/><F130/><W126/><G126/><T119/><D119/><U26/><E41/><V80/><F13/><W131/><G131/><T3/><D3/><U49/><E12/><V135/><REACH who="2" step="1"/><F135/><REACH who="2" step="2"/><W111/><G111/><T106/><D106/><U84/><E104/><V72/><F72/><W91/><G91/><T68/><D68/><U129/><E129/><V88/><F88/><W75/><G75/><T23/><D23/><AGARI ba="1,2" hai="15,16,23,38,42,47,56,57,58,63,64,80,85,90" machi="23" ten="30,7700,0" yaku="1,1,7,1,52,1,54,1,53,0" doraHai="71" doraHaiUra="107" who="2" fromWho="0" sc="370,-80,250,0,110,100,250,0" /><BYE who="0" /><INIT seed="1,0,0,1,2,94" ten="290,250,210,250" oya="1" hai0="96,116,108,15,53,69,55,89,106,48,34,74,95" hai1="47,90,76,10,44,40,130,26,101,66,56,118,97" hai2="37,12,64,33,51,25,23,84,14,98,63,92,62" hai3="70,119,36,79,46,61,30,126,123,102,103,4,87" shuffle="mt19937ar,84857432,511D9FD3,4CB4A7D1,F8B84B5F,6C403A22,84A98538,7E3CA51A,47636D45"/><U13/><E118/><V3/><F33/><W7/><G123/><T11/><D11/><U17/><E130/><V42/><F3/><W20/><G36/><T49/><D49/><U22/><E76/><V6/><F37/><W134/><G70/><T115/><D115/><U31/><E40/><V127/><F127/><W24/><G126/><T52/><D52/><U135/><E135/><V105/><F105/><W72/><G72/><T54/><D54/><U18/><E56/><V99/><F6/><W57/><G46/><T67/><D67/><U21/><E66/><V83/><F92/><W128/><G134/><T5/><D5/><N who="3" m="2121" /><G119/><T81/><D81/><U121/><E121/><V117/><F117/><W0/><G0/><T29/><D29/><U113/><E90/><V82/><F64/><N who="3" m="38959" /><G128/><T71/><D71/><U100/><E100/><V129/><F129/><W8/><G8/><T58/><D58/><U109/><E109/><V93/><F93/><W43/><G43/><T131/><D131/><U124/><E113/><V125/><F125/><W41/><G41/><T104/><D104/><U120/><E120/><V112/><F112/><W73/><G73/><T132/><D132/><U111/><E111/><V38/><F38/><W27/><G27/><T50/><D50/><U78/><E78/><N who="2" m="46167" /><F83/><AGARI ba="0,0" hai="20,24,30,79,83,87,102,103" m="38959,2121" machi="83" ten="30,1000,0" yaku="8,1" doraHai="94" who="3" fromWho="2" sc="290,0,250,0,210,-10,250,10" /><INIT seed="2,0,0,0,1,110" ten="290,250,200,260" oya="2" hai0="70,12,52,0,112,43,48,129,34,98,79,106,49" hai1="114,59,57,101,2,74,95,67,20,25,120,92,122" hai2="128,9,38,51,8,96,131,90,130,135,40,75,65" hai3="27,93,108,53,119,62,11,4,50,111,28,45,31" shuffle="mt19937ar,87FD854E,98CA3D1D,4CF33B0A,C2033724,B0348462,C998ABF7,65D59A97,7CA2C6D1"/><V83/><F38/><W60/><G119/><T63/><D63/><U115/><E74/><V29/><F135/><W91/><G108/><T17/><D17/><U80/><E80/><V23/><F65/><W54/><G111/><T85/><D85/><U78/><E78/><V126/><F126/><W127/><G127/><T56/><D56/><U107/><E2/><V19/><F29/><W61/><G27/><T72/><D72/><U15/><E15/><V36/><F36/><W71/><G71/><T64/><D64/><U22/><E22/><V104/><F104/><W113/><G113/><T133/><D133/><U44/><E44/><N who="2" m="25991" /><F75/><W117/><G117/><T84/><D84/><U58/><E107/><V39/><F39/><W21/><G21/><T105/><D105/><U86/><E67/><V3/><F3/><W55/><G4/><T13/><D13/><U100/><E100/><V125/><F125/><W7/><G11/><T14/><D14/><U109/><E109/><V73/><F73/><W116/><G7/><T81/><D81/><U118/><E118/><V76/><F76/><W26/><G116/><T35/><D35/><U32/><E32/><V103/><F103/><W33/><REACH who="3" step="1"/><G28/><REACH who="3" step="2"/><T121/><D121/><N who="1" m="46699" /><E115/><V37/><F37/><W89/><G89/><T6/><D6/><U102/><E114/><V30/><F30/><W10/><G10/><T94/><D94/><U18/><E95/><N who="2" m="56439" /><F83/><W69/><G69/><T87/><D87/><AGARI ba="0,1" hai="26,31,33,45,50,53,54,55,60,61,62,87,91,93" machi="87" ten="40,2600,0" yaku="1,1,53,1" doraHai="110" doraHaiUra="47" who="3" fromWho="0" sc="290,-26,250,0,200,0,250,36" /><INIT seed="3,0,0,0,4,127" ten="264,250,200,286" oya="3" hai0="9,99,62,84,105,89,49,29,114,14,81,69,57" hai1="133,50,51,24,31,11,121,8,42,53,58,90,27" hai2="85,87,96,3,21,46,36,122,98,41,72,61,86" hai3="135,93,88,7,94,39,106,10,16,20,60,1,66" shuffle="mt19937ar,B2BFED17,302DF28E,FD2D25B4,20962EBF,EABB3594,0373B239,B7A86E72,674AF421"/><W115/><G106/><T128/><D128/><U132/><E121/><V70/><F122/><W30/><G39/><T56/><D56/><U104/><E104/><V112/><F72/><W54/><G115/><T123/><D123/><U37/><E37/><V116/><F116/><W35/><G135/><T48/><D48/><U82/><E132/><V34/><F112/><W71/><G54/><T78/><D78/><U111/><E111/><V33/><F3/><W119/><G119/><T124/><D124/><U131/><E131/><V67/><REACH who="2" step="1"/><F21/><REACH who="2" step="2"/><W113/><G113/><T17/><D17/><U13/><E133/><V103/><F103/><W108/><G108/><T64/><D64/><U126/><E126/><V107/><F107/><W109/><G109/><T25/><D25/><U134/><E134/><V75/><F75/><W68/><G35/><AGARI ba="0,1" hai="33,34,35,36,41,46,61,67,70,85,86,87,96,98" machi="35" ten="40,1300,0" yaku="1,1,53,0" doraHai="127" doraHaiUra="129" who="2" fromWho="3" sc="264,0,250,0,190,23,286,-13" /><INIT seed="4,0,0,0,5,53" ten="264,250,213,273" oya="0" hai0="5,1,2,119,9,123,84,106,88,135,4,79,127" hai1="121,20,11,31,76,78,120,28,37,109,128,95,98" hai2="52,43,110,57,58,59,124,60,113,66,14,73,67" hai3="114,108,126,74,16,93,44,82,86,117,18,111,55" shuffle="mt19937ar,22C66E38,0D624B4C,22E511D2,EAB05FA6,CC7A1E16,F47B59E9,C02204BB,A260EFA7"/><T83/><D83/><U42/><E109/><V116/><F73/><W62/><G74/><T107/><D107/><U97/><E120/><V22/><F113/><W36/><G36/><T13/><D13/><U47/><E121/><V112/><F112/><W23/><G117/><T90/><D90/><U104/><E128/><V8/><F124/><W133/><G114/><T105/><D105/><U70/><E70/><V7/><F116/><W34/><G34/><T10/><D10/><U61/><E61/><N who="2" m="38191" /><F110/><W92/><G133/><T35/><D35/><U125/><E125/><V12/><F43/><W41/><G41/><T89/><D89/><U29/><E104/><V68/><F68/><W50/><G126/><T15/><D15/><U46/><E98/><V40/><F40/><W71/><G108/><T129/><D129/><U56/><E47/><V26/><F7/><W3/><G3/><T87/><D87/><U32/><E32/><V77/><F8/><W17/><G111/><T21/><D21/><U96/><E97/><V64/><F77/><W51/><G71/><T27/><D27/><U69/><E11/><V19/><F67/><W54/><G62/><AGARI ba="0,0" hai="12,14,19,22,26,52,58,59,60,62,64" m="38191" machi="62" ten="30,8000,1" yaku="8,1,52,3,54,1" doraHai="53" who="2" fromWho="3" sc="264,0,250,0,213,80,273,-80" /><INIT seed="5,0,0,5,0,19" ten="264,250,293,193" oya="1" hai0="40,98,9,56,123,102,77,84,113,46,105,127,43" hai1="80,4,125,99,28,90,61,34,57,25,74,96,11" hai2="128,45,7,109,54,133,106,1,131,26,70,76,32" hai3="92,95,114,12,110,75,132,88,3,30,71,93,39" shuffle="mt19937ar,3C41EEE7,617EB532,C03F6709,956972D9,E8595EBD,06C41240,33DD96AA,AB5950AB"/><U101/><E125/><V108/><F76/><W115/><G3/><T15/><D15/><U63/><E101/><V58/><F45/><W86/><G39/><T130/><D130/><N who="2" m="49706" /><F133/><W29/><G71/><T134/><D134/><U65/><E63/><N who="2" m="36311" /><F70/><W116/><G132/><T47/><D47/><U37/><E37/><V6/><F1/><W48/><G75/><T23/><D23/><U81/><E81/><V83/><F83/><W59/><G110/><N who="2" m="42601" /><F106/><W55/><G116/><T69/><D69/><U17/><E17/><V68/><F68/><W67/><G67/><T36/><D36/><U10/><E10/><V87/><F87/><W33/><G12/><T8/><D8/><U129/><E129/><V64/><F64/><W117/><G117/><T73/><D73/><U126/><E126/><V24/><F32/><W104/><G104/><T5/><D5/><AGARI ba="0,0" hai="5,6,7,24,26" m="42601,36311,49706" machi="5" ten="30,1000,0" yaku="19,1" doraHai="19" who="2" fromWho="0" sc="264,-10,250,0,293,10,193,0" /><INIT seed="6,0,0,2,3,67" ten="254,250,303,193" oya="2" hai0="56,36,20,134,53,72,49,111,76,51,43,89,26" hai1="22,19,115,75,110,114,16,27,95,117,41,88,98" hai2="93,12,30,85,135,65,100,129,101,0,8,105,70" hai3="127,10,17,123,97,13,48,25,33,118,78,18,71" shuffle="mt19937ar,C2FBF61C,640C6560,ADB8601F,D72251B8,52D4214B,3D9BE77D,A6075EEC,F0BA90BA"/><V4/><F129/><W119/><G78/><T11/><D11/><U6/><E110/><V120/><F135/><W91/><G48/><T102/><D102/><U106/><E117/><V122/><F30/><W113/><G91/><T3/><D3/><U109/><E109/><V2/><F101/><W61/><G97/><T15/><D15/><U45/><E75/><V57/><F105/><W74/><G74/><T62/><D62/><U87/><E106/><V92/><F122/><W29/><G61/><T94/><D94/><U38/><E6/><V126/><F126/><W99/><G99/><T34/><D34/><U59/><E59/><V47/><F120/><W128/><G71/><T112/><D112/><N who="1" m="43051" /><E19/><V77/><F100/><W24/><G113/><T131/><D131/><U37/><E37/><V90/><F77/><W60/><G60/><T55/><D55/><U84/><AGARI ba="0,0" hai="16,22,27,38,41,45,84,87,88,95,98" m="43051" machi="84" ten="30,4000,0" yaku="15,1,54,2" doraHai="67" who="1" fromWho="1" sc="254,-10,250,40,303,-20,193,-10" /><INIT seed="7,0,0,4,4,92" ten="244,290,283,183" oya="3" hai0="87,31,19,42,85,30,52,23,134,122,18,46,49" hai1="117,109,118,112,81,82,120,100,5,114,16,61,130" hai2="10,66,98,55,72,41,115,58,2,65,11,24,105" hai3="94,135,0,51,79,8,106,108,48,113,76,43,4" shuffle="mt19937ar,D5047857,5668229C,7E0CA1B0,5F9FE2A6,00AB557A,8452FD63,C0897022,59C11EB5"/><W9/><G106/><T99/><D99/><U80/><E61/><N who="2" m="36063" /><F72/><W124/><G108/><T47/><D47/><U133/><E5/><V34/><F41/><W111/><G111/><T59/><D59/><U20/><E109/><V121/><F2/><W131/><G124/><T29/><D29/><U15/><E120/><V70/><F121/><W91/><G131/><T104/><D104/><U44/><E130/><V97/><F105/><W132/><G9/><N who="2" m="3081" /><F70/><W69/><G69/><T56/><D56/><U6/><E133/><N who="3" m="51274" /><G113/><T21/><D21/><U54/><E6/><V17/><F34/><W116/><G116/><N who="1" m="44650" /><E100/><V1/><F1/><W89/><G89/><T119/><D119/><U126/><E126/><V25/><F115/><N who="1" m="44073" /><E54/><V101/><F101/><W26/><G26/><N who="2" m="10345" /><F17/><W22/><G22/><T67/><D67/><AGARI ba="0,0" hai="65,66,67,97,98" m="10345,3081,36063" machi="67" ten="30,3900,0" yaku="8,1,52,2" doraHai="92" who="2" fromWho="0" sc="244,-39,290,0,283,39,183,0" owari="205,-19,290,9,322,42,183,-32" /></mjloggm>