<mjloggm ver="2.3"><GO type="97"/><UN n0="%E3%81%86%E3%81%BE%E3%81%8A%E3%83%91%E3%83%91" n1="%70%61%6A%69" n2="%E3%82%A6%E3%83%AB%E3%83%88%E3%83%A9%E7%AB%8B%E7%9B%B4" n3="%E5%8C%97%E6%96%97%E7%A5%9E%E6%8B%B3%E4%BC%9D%E6%89%BF%E8%80%85" dan="15,13,13,13" rate="1924,1849,1825,1831" sx="M,M,M,M"/><TAIKYOKU oya="0"/><INIT seed="0,0,0,1,3,11" ten="250,250,250,250" oya="0" hai0="125,129,131,5,26,23,105,96,120,41,101,20,17" hai1="46,43,15,88,32,119,64,22,79,102,56,117,62" hai2="134,35,61,55,45,4,59,53,52,80,99,115,68" hai3="50,124,44,114,66,9,39,24,1,16,122,132,81"/><T13/><D120/><U18/><E32/><V110/><F35/><W28/><G114/><T30/><D125/><U90/><E102/><V92/><F115/><W121/><G124/><T74/><D74/><U60/><E79/><V29/><F68/><W25/><G39/><T70/><D41/><U82/><E62/><V116/><F116/><W72/><G66/><T113/><D113/><U95/><E82/><V100/><F134/><W48/><G48/><T87/><D70/><U94/><E94/><V73/><F110/><W7/><G72/><T58/><D5/><U89/><REACH who="1" step="1"/><E95/><REACH who="1" step="2"/><V86/><F73/><W33/><G81/><T133/><D133/><U75/><E75/><V63/><F63/><W36/><G36/><AGARI ba="0,1" hai="15,18,22,36,43,46,56,60,64,88,89,90,117,119" machi="36" ten="40,8000,1" yaku="1,1,52,1,54,1,53,1" doraHai="11" doraHaiUra="42" who="1" fromWho="3" sc="250,0,240,90,250,0,250,-80" /><INIT seed="1,0,0,4,1,61" ten="250,330,250,170" oya="1" hai0="74,91,19,40,60,106,41,65,127,57,62,96,48" hai1="133,52,2,13,54,31,51,58,1,36,113,92,73" hai2="120,39,122,118,59,79,34,124,76,81,93,82,69" hai3="46,97,131,95,47,109,71,70,7,8,102,98,67"/><U11/><E113/><V38/><F59/><W83/><G83/><T21/><D74/><U90/><E73/><V18/><F18/><W27/><G131/><T64/><D127/><U30/><E36/><V66/><F93/><W112/><G112/><T123/><D123/><U101/><E101/><V49/><F49/><W88/><G109/><T105/><D48/><N who="1" m="30983" /><E2/><V130/><F130/><W43/><G27/><T117/><D117/><U28/><E1/><V63/><F63/><W126/><G126/><T78/><D78/><U119/><E133/><V89/><F89/><W35/><G35/><T16/><D91/><U68/><E68/><V0/><F124/><W110/><G110/><T134/><D134/><U86/><E119/><V10/><F0/><W87/><G47/><T94/><D57/><N who="1" m="32991" /><E31/><V33/><F118/><W6/><G6/><AGARI ba="0,0" hai="6,11,13,28,30,86,90,92" m="32991,30983" machi="6" ten="30,2900,0" yaku="8,1,54,1" doraHai="61" who="1" fromWho="3" sc="250,0,330,29,250,0,170,-29" /><INIT seed="1,1,0,3,4,124" ten="250,359,250,141" oya="1" hai0="42,125,32,126,90,3,40,76,54,109,120,113,132" hai1="82,93,87,65,130,123,77,134,83,31,9,70,47" hai2="8,84,85,37,61,22,44,16,78,1,115,59,46" hai3="35,92,112,79,27,36,66,60,43,80,24,48,129"/><U55/><E130/><V11/><F115/><W73/><G112/><T114/><D3/><U12/><E134/><V18/><F1/><W21/><G35/><T122/><D32/><U15/><E123/><N who="0" m="47145" /><D76/><U45/><E70/><V53/><F37/><W23/><G36/><T98/><D98/><U101/><E65/><V57/><F78/><W52/><G43/><N who="0" m="16427" /><D90/><N who="1" m="53471" /><E31/><V30/><F30/><W108/><G108/><T62/><D132/><U14/><E101/><V103/><F103/><W128/><G92/><T95/><D95/><U86/><E82/><V97/><F97/><W133/><G133/><T99/><D99/><U135/><E135/><V19/><F22/><W116/><G116/><T49/><D62/><U102/><E102/><V74/><F74/><W105/><G105/><T96/><D96/><U104/><E104/><V0/><F0/><W50/><G27/><T28/><D28/><U58/><E9/><V4/><F11/><W81/><G81/><T29/><D29/><U10/><E10/><V25/><F8/><W20/><G24/><T64/><D64/><U110/><E110/><V127/><F25/><W107/><G107/><T13/><D109/><U6/><E6/><V111/><F4/><W106/><G106/><T94/><D94/><U69/><E69/><V89/><F111/><W119/><G119/><T72/><D13/><N who="1" m="3331" /><U118/><DORA hai="26" /><E118/><V34/><F34/><W51/><REACH who="3" step="1"/><G52/><REACH who="3" step="2"/><T67/><D114/><U33/><E33/><V117/><F117/><W131/><G131/><T41/><D113/><U39/><E39/><V7/><F53/><W63/><G63/><AGARI ba="1,1" hai="45,47,55,58,63,77,83,86" m="3331,53471" machi="63" ten="30,2900,0" yaku="6,1,8,1" doraHai="124,26" who="1" fromWho="3" sc="250,0,359,42,250,0,131,-32" /><INIT seed="1,2,0,3,0,15" ten="250,401,250,99" oya="1" hai0="113,82,99,104,100,73,127,48,30,76,55,42,0" hai1="44,80,108,83,69,49,97,114,41,106,91,29,72" hai2="61,64,21,128,84,39,23,74,45,130,10,54,18" hai3="47,53,71,122,88,40,24,13,67,2,93,107,63"/><U125/><E69/><V124/><F74/><W109/><G107/><T4/><D113/><U14/><E114/><V121/><F121/><W85/><G122/><T134/><D127/><U135/><E125/><V90/><F124/><W32/><G2/><T94/><D134/><U119/><E119/><V33/><F33/><W92/><G53/><T52/><D30/><U17/><E29/><V110/><F54/><W37/><G109/><T27/><D27/><U115/><E115/><V65/><F45/><W131/><G131/><N who="2" m="50217" /><F39/><W22/><G32/><T96/><D4/><U78/><E135/><V77/><F77/><W59/><G13/><T123/><D0/><U38/><E108/><V36/><F36/><W118/><G118/><T50/><D123/><U46/><E106/><V56/><F65/><W43/><G43/><T19/><D42/><U34/><E34/><V102/><F102/><W1/><G1/><T87/><D48/><N who="1" m="26639" /><E78/><V105/><F105/><W79/><G79/><T101/><D50/><U98/><E72/><V9/><F110/><W86/><G71/><T57/><D57/><U20/><E38/><V8/><F18/><W120/><G120/><T89/><REACH who="0" step="1"/><D19/><REACH who="0" step="2"/><U81/><E91/><V111/><F111/><W132/><G132/><T26/><D26/><U12/><E14/><V3/><F3/><W70/><G70/><T103/><D103/><U31/><E31/><V95/><AGARI ba="2,1" hai="8,9,10,21,23,56,61,64,84,90,95" m="50217" machi="95" ten="30,1100,0" yaku="19,1" doraHai="15" who="2" fromWho="2" sc="240,-5,401,-7,250,27,99,-5" /><INIT seed="2,0,0,0,4,90" ten="235,394,277,94" oya="2" hai0="64,12,115,75,123,26,68,73,15,44,76,43,27" hai1="23,78,45,95,135,116,79,125,31,106,37,66,53" hai2="89,65,63,40,120,94,36,93,49,70,126,55,24" hai3="130,5,87,92,108,118,38,124,60,134,48,22,58"/><V83/><F120/><W39/><G5/><T0/><D123/><U4/><E106/><V32/><F126/><W88/><G22/><T72/><D115/><U10/><E116/><V111/><F111/><W102/><G118/><T13/><D0/><U35/><E35/><V104/><F104/><W57/><G108/><T82/><D68/><U14/><E66/><V77/><F89/><W100/><G124/><T7/><D64/><U91/><E125/><V122/><F122/><W86/><G134/><T6/><D82/><U98/><E135/><V112/><F112/><W110/><G110/><T97/><D76/><U2/><E37/><V80/><F24/><W42/><G130/><T81/><D81/><U34/><E45/><N who="2" m="23687" /><F32/><W47/><G39/><T103/><D7/><U119/><E53/><V56/><F80/><W67/><G87/><AGARI ba="0,0" hai="49,55,56,63,65,70,77,83,87,93,94" m="23687" machi="87" ten="30,5800,0" yaku="24,1,52,2" doraHai="90" who="2" fromWho="3" sc="235,0,394,0,277,58,94,-58" /><INIT seed="2,1,0,3,0,122" ten="235,394,335,36" oya="2" hai0="90,101,107,11,99,13,45,76,93,19,32,121,49" hai1="6,110,8,20,12,43,62,51,119,34,61,115,37" hai2="91,66,36,38,83,33,41,77,85,113,97,102,50" hai3="104,56,52,57,84,72,7,65,88,16,53,48,81"/><V18/><F33/><W68/><G104/><T14/><D121/><U87/><E110/><V17/><F113/><W70/><G72/><T129/><D129/><U89/><E34/><V22/><F66/><W60/><G7/><T47/><D32/><U5/><E37/><V24/><F77/><W117/><G117/><T132/><D132/><U1/><E1/><V67/><F67/><W42/><G42/><T131/><D131/><U116/><E115/><V75/><F75/><W63/><G70/><T15/><D76/><U46/><E6/><V98/><F98/><W3/><G3/><T127/><D127/><U100/><E100/><V29/><F38/><W126/><G126/><T114/><D114/><U128/><E128/><V79/><F36/><W21/><G68/><T69/><D69/><U80/><REACH who="1" step="1"/><E20/><REACH who="1" step="2"/><V112/><F112/><W9/><G9/><T86/><REACH who="0" step="1"/><D47/><REACH who="0" step="2"/><U118/><AGARI ba="1,2" hai="5,8,12,43,46,51,61,62,80,87,89,116,118,119" machi="118" ten="30,4000,0" yaku="1,1,2,1,0,1,53,0" doraHai="122" doraHaiUra="54" who="1" fromWho="1" sc="225,-11,384,63,335,-21,36,-11" /><INIT seed="3,0,0,0,4,111" ten="214,447,314,25" oya="3" hai0="117,133,123,110,105,64,13,86,4,74,132,87,67" hai1="49,1,41,65,131,75,55,61,112,80,126,7,63" hai2="130,11,51,99,102,125,85,18,20,45,94,121,5" hai3="101,48,23,84,100,52,10,89,88,38,120,37,28"/><W83/><G120/><T95/><D105/><U33/><E33/><V24/><F121/><W78/><G10/><T44/><D123/><U90/><E75/><V68/><F68/><W59/><G37/><T66/><D74/><U128/><E112/><V57/><F125/><W73/><G38/><T19/><D4/><U30/><E30/><V22/><F130/><N who="1" m="49705" /><E41/><V76/><F57/><W39/><G39/><T114/><D110/><U54/><E126/><V118/><F118/><W53/><G53/><N who="1" m="19978" /><E49/><V97/><F97/><W25/><REACH who="3" step="1"/><G89/><REACH who="3" step="2"/><T9/><D117/><U70/><E90/><V71/><F11/><W32/><G32/><T82/><D9/><N who="1" m="2287" /><E80/><AGARI ba="0,1" hai="23,25,28,48,52,59,73,78,80,83,84,88,100,101" machi="80" ten="30,12000,1" yaku="1,1,7,1,54,2,53,1" doraHai="111" doraHaiUra="46" who="3" fromWho="1" sc="214,0,447,-120,314,0,15,130" /><INIT seed="3,1,0,4,4,76" ten="214,327,314,145" oya="3" hai0="43,82,135,65,40,96,18,92,86,72,130,12,68" hai1="58,94,107,31,33,36,7,132,63,39,125,19,71" hai2="105,78,24,90,54,88,37,11,129,44,121,9,95" hai3="99,131,34,81,75,62,32,119,74,10,22,97,77"/><W38/><G119/><T104/><D72/><U134/><E7/><V0/><F105/><W49/><G38/><T57/><D68/><U116/><E107/><V108/><F0/><W111/><G131/><T6/><D104/><U8/><E94/><V20/><F37/><W113/><G113/><T15/><D130/><U1/><E58/><V109/><F129/><W83/><G111/><N who="2" m="42569" /><F78/><W27/><G10/><N who="2" m="3593" /><F95/><W4/><G4/><T126/><D135/><N who="1" m="51755" /><E125/><V5/><F5/><W2/><G2/><T46/><D126/><U114/><E114/><V3/><F3/><W55/><G62/><T120/><D120/><U70/><E116/><V69/><F69/><N who="1" m="26121" /><E63/><V64/><F64/><W127/><G127/><T45/><D6/><N who="1" m="1103" /><E19/><N who="2" m="12319" /><F121/><W80/><G77/><T13/><D18/><U73/><E73/><V30/><F30/><W87/><G87/><T26/><D86/><U52/><E31/><V115/><F115/><W89/><G75/><T17/><D92/><U93/><E33/><V29/><F29/><W106/><G74/><T66/><D96/><N who="3" m="36937" /><G106/><T110/><D110/><U91/><E39/><V28/><F28/><N who="3" m="17527" /><G32/><T67/><D17/><U47/><E36/><V48/><AGARI ba="1,0" hai="44,48,54,88,90" m="12319,3593,42569" machi="48" ten="30,2000,0" yaku="14,1,54,1" doraHai="76" who="2" fromWho="2" sc="214,-6,327,-6,314,23,145,-11" owari="208,-14,321,7,337,34,134,-27" /></mjloggm>