<mjloggm ver="2.3"><GO type="193"/><UN n0="%E3%82%A6%E3%83%AB%E3%83%88%E3%83%A9%E7%AB%8B%E7%9B%B4" n1="%E7%94%B0%E6%B3%A2" n2="%43%61%6C%6B%61%6E" n3="%6D%61%73%61%73%61%31%31" dan="11,12,12,11" rate="1798,1824,1728,1593" sx="M,M,M,M"/><TAIKYOKU oya="0"/><INIT seed="0,0,0,4,2,132" ten="250,250,250,250" oya="0" hai0="33,117,88,133,56,125,134,100,10,92,38,7,131" hai1="49,65,122,119,44,89,103,23,77,31,126,19,101" hai2="47,43,59,51,124,121,2,104,17,72,113,76,93" hai3="86,106,52,37,24,108,1,66,120,114,94,6,96" shuffle="mt19937ar,931727B6,D637186A,9BDAAD8D,1BBCFCE2,8D40BA89,6F9F474D,630404CC,ADD4246E"/><T11/><D100/><U83/><E122/><V73/><F121/><W79/><G37/><T28/><D38/><U63/><E119/><V4/><F113/><W90/><G120/><T130/><D117/><U91/><E31/><V53/><F104/><W35/><G114/><T71/><D71/><U85/><E103/><V13/><F2/><W32/><G108/><T109/><D28/><U105/><E105/><V45/><F4/><W20/><G79/><T55/><D33/><U22/><E101/><V128/><F45/><W15/><G66/><T82/><D82/><U3/><E3/><V42/><F42/><W16/><G106/><T129/><D109/><U60/><E22/><V127/><F93/><W40/><G40/><T74/><D74/><U97/><E97/><V68/><F68/><W48/><G96/><T98/><D125/><N who="2" m="48202" /><F76/><W34/><G6/><T8/><REACH who="0" step="1"/><D7/><REACH who="0" step="2"/><U111/><E126/><V62/><F128/><W69/><G69/><T29/><D29/><U75/><E75/><V9/><AGARI ba="0,1" hai="9,13,17,43,47,51,53,59,62,72,73" m="48202" machi="9" ten="30,7900,0" yaku="18,1,52,3" doraHai="132" who="2" fromWho="2" sc="240,-39,250,-20,250,89,250,-20" /><INIT seed="1,0,0,0,5,116" ten="201,230,339,230" oya="1" hai0="10,115,51,121,126,53,112,128,24,30,40,44,88" hai1="98,123,103,65,109,117,58,95,105,33,78,81,110" hai2="119,21,131,6,48,26,124,135,32,118,34,84,82" hai3="23,94,9,37,11,90,16,71,63,43,129,108,5" shuffle="mt19937ar,5BE80021,514104E4,9161E583,92C78146,ACEA3FF4,79405220,41094D7F,6C668A3E"/><U97/><E33/><V85/><F131/><W22/><G108/><N who="1" m="41578" /><E65/><V113/><F113/><W36/><G129/><T89/><D115/><U2/><E2/><V77/><F6/><W15/><G43/><T20/><D112/><U68/><E68/><V132/><F34/><W74/><G74/><T25/><D128/><U134/><E58/><V49/><F32/><W70/><G71/><T54/><D126/><U4/><E4/><V130/><F130/><W27/><G9/><T127/><D127/><U14/><E14/><V91/><F124/><W64/><REACH who="3" step="1"/><G23/><REACH who="3" step="2"/><T99/><D10/><U31/><E117/><V57/><F119/><W29/><G29/><T104/><D20/><U28/><E28/><V120/><F118/><W18/><G18/><T8/><D30/><U122/><E31/><V3/><F3/><W69/><G69/><T12/><D8/><U111/><E111/><V7/><F7/><W92/><G92/><T39/><D40/><U41/><E41/><V80/><F57/><W66/><G66/><T96/><D104/><U45/><E45/><V93/><F93/><W101/><G101/><T55/><D44/><U86/><E134/><V19/><F135/><W62/><G62/><T35/><D55/><U73/><E73/><V50/><F132/><W0/><G0/><T38/><D54/><U1/><E1/><V17/><F17/><W100/><G100/><AGARI ba="0,1" hai="78,81,86,95,97,98,100,103,105,122,123" m="41578" machi="100" ten="30,18000,2" yaku="14,1,10,1,34,2,52,2" doraHai="116" who="1" fromWho="3" sc="201,0,230,190,339,0,220,-180" /><INIT seed="1,1,0,3,4,94" ten="201,420,339,40" oya="1" hai0="40,3,65,59,33,44,17,110,8,57,127,101,42" hai1="97,93,104,72,29,22,6,133,109,129,84,92,135" hai2="131,51,69,123,35,79,134,32,20,89,60,58,27" hai3="74,117,2,116,98,18,26,106,43,47,50,49,24" shuffle="mt19937ar,310DC960,DE5512D6,0155A544,214626F3,AEC6CA67,05A66B77,75788DBC,18AFF555"/><U78/><E6/><V119/><F123/><W37/><G2/><T30/><D33/><U125/><E125/><V96/><F119/><W23/><G74/><T132/><D30/><U46/><E46/><V55/><F79/><W83/><G83/><T52/><D3/><U12/><E12/><V130/><F134/><N who="1" m="51209" /><E29/><V64/><F131/><W48/><REACH who="3" step="1"/><G26/><REACH who="3" step="2"/><T11/><D132/><U122/><E72/><V86/><F130/><W39/><G39/><T81/><D81/><N who="1" m="47159" /><E129/><V45/><F35/><W71/><G71/><T103/><D127/><U63/><E122/><V25/><F25/><W76/><G76/><T100/><D42/><U62/><E22/><V107/><F32/><W13/><G13/><T115/><D40/><U5/><E5/><V90/><F69/><W1/><G1/><T73/><D11/><U53/><E109/><V95/><F27/><W118/><G118/><T9/><D8/><U36/><E36/><V41/><F41/><W80/><G80/><T99/><D9/><U105/><E93/><V75/><F75/><W31/><G31/><T28/><D28/><U19/><E19/><V112/><F107/><N who="1" m="41033" /><E53/><V38/><F38/><W88/><G88/><AGARI ba="1,1" hai="62,63,88,92,97" m="41033,47159,51209" machi="88" ten="30,5800,0" yaku="20,1,52,1,54,1" doraHai="94" who="1" fromWho="3" sc="201,0,420,71,339,0,30,-61" owari="201,-15,491,49,339,9,-31,-43" /></mjloggm>