<mjloggm ver="2.3"><GO type="97"/><UN n0="%E5%BA%95%E3%83%AC%E3%83%99%E3%83%AB%E9%9B%80%E5%A3%AB" n1="%30%39%37%35%32%31" n2="%E3%81%82%E3%81%9F%E3%82%89%E3%82%93%E3%81%A8%E3%81%84%E3%81%A6" n3="%E3%82%A6%E3%83%AB%E3%83%88%E3%83%A9%E7%AB%8B%E7%9B%B4" dan="14,14,14,13" rate="1898,1972,1884,1847" sx="F,M,M,M"/><TAIKYOKU oya="0"/><INIT seed="0,0,0,1,2,67" ten="250,250,250,250" oya="0" hai0="105,75,80,108,89,45,25,85,59,124,109,132,28" hai1="87,4,61,66,48,111,73,70,49,21,2,90,22" hai2="118,100,106,103,36,63,123,69,71,33,27,98,116" hai3="129,26,55,7,42,135,3,32,15,9,64,11,12" shuffle="mt19937ar,C910182F,0072253D,BD49103C,75730A8B,CA8B4FD7,6CC34AF9,C91B4826,55DCAE4B"/><T86/><D105/><U83/><E111/><N who="0" m="42569" /><D75/><U60/><E73/><V52/><F123/><W14/><G14/><T97/><D132/><U65/><E2/><V35/><F36/><W130/><G55/><T18/><D124/><U6/><E6/><V44/><F103/><W134/><G42/><T58/><D97/><U102/><E102/><V92/><F92/><W37/><G37/><T113/><D113/><U79/><E4/><V115/><F115/><W82/><G82/><N who="0" m="49335" /><D45/><U120/><E120/><V94/><F94/><W96/><G96/><T127/><D18/><U29/><E79/><V23/><F44/><W126/><G126/><T53/><D53/><U112/><E112/><V122/><F122/><W56/><G56/><T91/><D127/><U62/><E29/><N who="2" m="17663" /><F52/><W125/><G125/><T74/><D74/><U0/><E0/><V81/><F81/><W8/><G64/><N who="1" m="24682" /><E70/><N who="2" m="26635" /><F63/><N who="1" m="16129" /><U78/><DORA hai="101" /><E78/><V31/><F31/><N who="3" m="19575" /><G3/><T99/><D99/><U16/><E22/><AGARI ba="0,0" hai="22,25,28,58,59,80,86,91" m="49335,42569" machi="22" ten="30,2900,0" yaku="14,1,10,1" doraHai="67,101" who="0" fromWho="1" sc="250,29,250,-29,250,0,250,0" /><INIT seed="0,1,0,4,2,49" ten="279,221,250,250" oya="0" hai0="22,72,107,51,65,46,60,103,10,114,131,135,6" hai1="87,93,27,59,127,67,108,62,116,18,24,42,126" hai2="120,94,129,73,21,5,134,55,132,25,78,3,71" hai3="101,36,119,19,56,125,80,110,26,43,57,133,61" shuffle="mt19937ar,71E9D828,E3A3D592,82E9F98F,6351CB60,59F74DC9,561AE499,39D0B865,07810545"/><T8/><D114/><U9/><E108/><V95/><F120/><W102/><G110/><T105/><D72/><U82/><E116/><V121/><F121/><W113/><G119/><T66/><D135/><N who="2" m="51754" /><F71/><W96/><G133/><T12/><D131/><U16/><E42/><V79/><F5/><W76/><G113/><T98/><D105/><U17/><E93/><N who="2" m="35339" /><F3/><W48/><G36/><T97/><D97/><U91/><REACH who="1" step="1"/><E9/><REACH who="1" step="2"/><V0/><F129/><W115/><G115/><T11/><D11/><U130/><E130/><V15/><F15/><W35/><G43/><T68/><D10/><U86/><E86/><V74/><F0/><W14/><G96/><T7/><D7/><U83/><E83/><V104/><F74/><W124/><G80/><T77/><D98/><U47/><E47/><V64/><F73/><W23/><G102/><T70/><D46/><U29/><E29/><V69/><F104/><W32/><G101/><T111/><D103/><U34/><E34/><V38/><F25/><AGARI ba="1,1" hai="16,17,18,24,25,27,59,62,67,82,87,91,126,127" machi="25" ten="40,2600,0" yaku="1,1,54,1,53,0" doraHai="49" doraHaiUra="128" who="1" fromWho="2" sc="279,0,211,39,250,-29,250,0" /><INIT seed="1,0,0,1,4,55" ten="279,250,221,250" oya="1" hai0="2,103,109,4,58,41,111,101,131,84,87,132,39" hai1="15,96,11,88,24,34,66,62,23,125,106,119,28" hai2="116,68,99,54,10,51,65,59,115,13,93,122,45" hai3="70,52,63,19,64,69,29,44,78,57,108,123,104" shuffle="mt19937ar,63E1CFC6,9C89A4E9,2AAECDE8,512A9D2E,274C9FC9,2A623130,0BC29DD5,0949D5A0"/><U31/><E119/><V30/><F116/><W7/><G104/><T67/><D132/><U83/><E125/><V20/><F122/><W105/><G105/><T32/><D32/><U61/><E106/><V79/><F115/><W134/><G29/><T50/><D131/><U107/><E107/><V72/><F79/><W22/><G7/><T53/><D67/><U37/><E37/><V133/><F72/><W35/><G35/><T90/><D39/><U75/><E75/><V85/><F85/><W43/><G123/><T114/><D41/><U73/><E73/><V77/><F77/><W56/><G78/><T128/><D114/><U117/><E117/><V129/><F133/><W48/><G134/><T12/><D2/><U26/><E66/><V80/><F80/><W25/><REACH who="3" step="1"/><G108/><REACH who="3" step="2"/><T40/><D128/><U110/><E110/><V21/><F129/><W92/><G92/><T112/><D111/><U5/><REACH who="1" step="1"/><E83/><REACH who="1" step="2"/><V1/><F1/><W76/><G76/><T82/><D109/><U81/><E81/><V16/><F30/><W113/><G113/><T100/><D112/><U49/><E49/><AGARI ba="0,2" hai="19,22,25,43,44,48,49,52,56,57,63,64,69,70" machi="49" ten="30,12000,2" yaku="1,1,7,1,52,2,54,1,53,2" doraHai="55" doraHaiUra="46" who="3" fromWho="1" sc="279,0,240,-120,221,0,240,140" /><INIT seed="2,0,0,1,2,124" ten="279,120,221,380" oya="2" hai0="95,90,67,101,128,80,74,24,99,30,51,57,58" hai1="122,56,76,134,26,117,33,98,82,60,83,48,114" hai2="36,64,118,61,12,121,52,23,50,108,132,133,116" hai3="27,111,25,17,104,109,73,87,4,32,94,86,6" shuffle="mt19937ar,C3D77813,18724275,0266E3F5,6E98D7A7,C0687247,58711DDE,2C7C5EBF,0CF85AD9"/><V20/><F121/><W63/><G104/><T91/><D58/><U44/><E122/><V79/><F79/><W59/><G73/><T34/><D128/><U123/><E123/><V39/><F23/><W125/><G125/><T131/><D131/><U31/><E117/><N who="2" m="45163" /><F20/><W120/><G120/><T113/><D113/><U19/><E134/><N who="2" m="51819" /><F12/><W0/><G0/><T1/><D1/><U37/><E114/><V110/><F52/><W13/><G27/><T66/><D66/><U28/><E37/><N who="2" m="14411" /><F50/><W18/><G13/><T41/><D51/><U81/><E19/><V106/><F106/><W47/><G18/><T70/><D34/><U130/><E130/><V9/><F9/><W53/><G17/><T77/><D77/><U40/><E31/><V7/><F7/><W115/><G115/><T62/><D30/><U11/><E11/><V69/><AGARI ba="0,0" hai="61,64,69,108,110" m="14411,51819,45163" machi="69" ten="40,12000,1" yaku="20,1,23,1,34,2" doraHai="124" who="2" fromWho="2" sc="279,-40,120,-40,221,120,380,-40" /><INIT seed="2,1,0,1,1,102" ten="239,80,341,340" oya="2" hai0="82,18,97,32,0,100,135,101,23,40,88,133,77" hai1="127,26,45,13,25,71,129,27,9,46,85,44,56" hai2="53,10,6,134,19,72,60,62,52,64,7,3,132" hai3="109,126,98,39,124,67,104,24,16,118,47,14,103" shuffle="mt19937ar,93D2D86F,7BA69C3E,BF5A23E0,DF8C6F54,E368A2B6,DC1BD5AC,34829BA5,A50E1AE9"/><V12/><F72/><W117/><G67/><T8/><D32/><U114/><E127/><N who="3" m="48682" /><G24/><T20/><D40/><U107/><E129/><V125/><F125/><W115/><G115/><T5/><D20/><U41/><E114/><V37/><F37/><W29/><G29/><T74/><D133/><N who="2" m="51306" /><F62/><W58/><G58/><T99/><D135/><U131/><E131/><V106/><F106/><W33/><G33/><T96/><REACH who="0" step="1"/><D88/><REACH who="0" step="2"/><U86/><E41/><V75/><F75/><W51/><G39/><T76/><D76/><U95/><E71/><N who="2" m="42375" /><F6/><W2/><G2/><T121/><D121/><U130/><E130/><V63/><F63/><W21/><G109/><T120/><D120/><U66/><E95/><V49/><F49/><W35/><G35/><T55/><D55/><AGARI ba="1,1" hai="14,16,21,47,51,55,98,103,104,117,118" m="48682" machi="55" ten="30,3900,0" yaku="18,1,52,1,54,1" doraHai="102" who="3" fromWho="0" sc="229,-42,80,0,341,0,340,52" /><INIT seed="3,0,0,2,4,62" ten="187,80,341,392" oya="3" hai0="94,107,71,67,53,58,31,27,11,17,101,22,68" hai1="89,26,47,105,63,38,44,34,111,117,122,4,45" hai2="124,57,59,98,0,116,128,118,126,87,40,102,81" hai3="121,42,114,86,77,7,30,20,39,70,73,10,85" shuffle="mt19937ar,738E66B9,4D2BE920,09D250A5,1EC7F986,D8649B25,BB542976,49E88585,525433CE"/><W127/><G86/><T78/><D78/><U75/><E111/><V80/><F0/><W36/><G85/><T134/><D134/><U131/><E117/><V84/><F40/><W92/><G20/><T32/><D94/><U56/><E131/><V33/><F33/><W12/><G92/><T104/><D68/><U46/><E122/><V29/><F29/><W48/><G12/><T96/><D11/><U18/><E105/><V120/><F128/><W135/><G48/><T106/><D17/><U49/><E75/><V13/><F13/><W112/><G36/><T8/><D8/><U103/><E103/><V50/><F50/><W51/><G51/><N who="0" m="31039" /><D22/><U60/><E38/><V88/><F59/><W52/><G70/><T23/><D23/><U3/><E3/><V35/><F57/><W24/><G10/><T74/><D74/><U95/><E4/><V93/><F35/><W109/><G7/><T43/><D43/><U5/><E5/><V19/><F19/><W90/><G42/><T123/><D123/><U61/><N who="1" m="11776" /><DORA hai="79" /><U16/><E34/><V91/><F120/><W130/><G73/><T37/><D37/><U15/><E26/><V41/><F41/><W110/><G24/><T133/><D133/><U69/><E69/><V66/><F66/><W2/><G135/><T54/><D54/><U64/><E49/><V99/><F99/><W115/><G39/><T6/><D6/><U76/><E76/><V129/><F129/><W25/><G130/><T65/><D71/><U125/><E125/><AGARI ba="0,0" hai="80,81,84,87,88,91,93,98,102,116,118,124,125,126" machi="125" ten="40,16000,3" yaku="9,1,18,1,34,3,52,2,54,1" doraHai="62,79" who="2" fromWho="1" sc="187,0,80,-160,341,160,392,0" owari="187,-16,-80,-48,501,50,392,14" /></mjloggm>