<mjloggm ver="2.3"><GO type="139"/><UN n0="%79%61%73%75%6D%61%73%61" n1="%6F%69%6E%65%73%61%6E" n2="%E3%82%A6%E3%83%AB%E3%83%88%E3%83%A9%E7%AB%8B%E7%9B%B4" n3="%E3%81%86%E3%81%A3%E3%81%97%E3%83%BC" dan="12,13,10,12" rate="1687,1758,1769,1767" sx="M,M,M,F"/><TAIKYOKU oya="0"/><INIT seed="0,0,0,5,1,132" ten="250,250,250,250" oya="0" hai0="103,79,69,112,77,96,1,59,65,38,41,125,22" hai1="39,129,89,94,35,98,82,0,127,93,44,135,40" hai2="47,17,107,43,29,76,74,51,10,18,123,104,56" hai3="119,37,101,25,84,46,124,11,60,90,45,72,6" shuffle="mt19937ar,F87DBAFB,6EB4D161,5BC23668,E0BA5195,B9B3478A,C31C7399,D73A037A,FEAD498A"/><T115/><D1/><U100/><E127/><V128/><F123/><W48/><G119/><T97/><D125/><U83/><E129/><V53/><F29/><W116/><G124/><T13/><D69/><U26/><E135/><V113/><F113/><W64/><G116/><T120/><D120/><U87/><E0/><V36/><F128/><W109/><G72/><T23/><D115/><U50/><E39/><V30/><F30/><W42/><G109/><T19/><D112/><U27/><E35/><V61/><F17/><W70/><G101/><T86/><D23/><U34/><E34/><V88/><F74/><W80/><G25/><AGARI ba="0,0" hai="25,26,27,40,44,50,82,83,87,89,93,94,98,100" machi="25" ten="40,1300,0" yaku="8,1" doraHai="132" who="1" fromWho="3" sc="250,0,250,13,250,0,250,-13" /><INIT seed="1,0,0,2,0,6" ten="250,263,250,237" oya="1" hai0="21,39,66,31,70,29,110,32,106,30,109,25,115" hai1="67,55,2,36,107,75,42,33,13,132,105,18,16" hai2="85,100,108,58,47,49,81,60,118,134,124,79,61" hai3="10,17,62,52,88,4,130,19,94,24,99,0,77" shuffle="mt19937ar,9E79994D,0C17EB2B,A36CF7BF,A0DB04D2,28A476FF,C9D01FAE,71F0F412,505C77B6"/><U28/><E75/><V73/><F118/><W121/><G121/><T59/><D39/><U50/><E2/><V116/><F116/><W112/><G77/><T91/><D106/><U51/><E36/><V44/><F73/><W96/><G112/><T63/><D70/><U87/><E132/><V101/><F134/><W72/><G130/><T127/><D115/><U26/><E67/><V22/><F61/><W93/><G72/><T104/><D104/><U95/><E51/><V41/><F47/><W103/><G24/><T8/><D127/><U43/><E107/><V27/><F108/><W40/><REACH who="3" step="1"/><G40/><REACH who="3" step="2"/><T126/><D126/><U7/><E105/><V9/><F124/><W117/><G117/><T74/><D74/><U123/><E123/><V69/><F27/><W65/><G65/><T23/><D32/><U131/><E131/><V56/><F41/><W34/><G34/><T129/><D129/><U119/><E119/><V122/><F79/><W97/><G97/><T133/><D133/><U89/><E43/><V76/><F76/><W86/><G86/><T68/><D110/><U125/><E42/><V1/><F85/><W57/><AGARI ba="0,1" hai="0,4,10,17,19,52,57,62,88,93,94,96,99,103" machi="57" ten="30,4000,0" yaku="1,1,0,1,52,1,53,0" doraHai="6" doraHaiUra="102" who="3" fromWho="3" sc="250,-10,263,-20,250,-10,227,50" /><INIT seed="2,0,0,1,1,22" ten="240,243,240,277" oya="2" hai0="26,18,117,104,65,29,13,94,78,54,86,77,41" hai1="14,9,93,40,116,6,102,25,64,68,123,34,113" hai2="98,47,81,59,48,112,115,130,12,24,21,107,101" hai3="111,114,28,61,91,108,8,3,85,97,19,67,27" shuffle="mt19937ar,A5A37BC3,50DB929D,D2F995D6,4C673CA7,5F88C56A,699AFEE7,AFA0A82E,970C4424"/><V110/><F130/><W58/><G114/><T133/><D104/><U44/><E113/><V135/><F135/><W33/><G97/><T99/><D133/><U38/><E116/><V90/><F59/><W35/><G3/><T79/><D117/><U121/><E68/><V106/><F106/><W69/><G69/><T43/><D65/><U72/><E72/><V105/><F105/><W132/><G132/><T45/><D54/><U51/><E64/><V74/><F110/><N who="3" m="42027" /><G8/><T23/><D86/><U87/><E87/><V118/><F118/><W32/><G19/><T89/><REACH who="0" step="1"/><D45/><REACH who="0" step="2"/><U71/><E71/><V122/><F115/><W50/><G50/><T2/><D2/><U0/><E38/><V5/><F112/><W63/><G63/><T42/><D42/><U126/><E126/><V131/><F48/><W55/><G67/><T128/><D128/><U73/><E0/><V60/><F47/><W1/><G1/><T120/><D120/><U16/><E73/><V11/><F60/><W10/><G10/><AGARI ba="0,1" hai="10,13,18,23,26,29,41,43,77,78,79,89,94,99" machi="10" ten="40,8000,1" yaku="1,1,8,1,52,1,53,1" doraHai="22" doraHaiUra="84" who="0" fromWho="3" sc="230,90,243,0,240,0,277,-80" /><INIT seed="3,0,0,0,1,47" ten="320,243,240,197" oya="3" hai0="71,129,9,79,87,27,132,114,131,94,13,118,58" hai1="127,119,8,82,123,135,23,93,113,101,65,20,134" hai2="96,99,39,15,10,28,6,115,17,0,36,107,100" hai3="68,11,128,24,72,32,41,92,103,111,60,105,80" shuffle="mt19937ar,01C6A47A,4739D85F,0D083F5B,DFCC06F9,A6C31CBB,E77EE35F,B7443D13,21043226"/><W70/><G128/><N who="0" m="49227" /><D118/><U18/><E123/><V120/><F120/><W66/><G111/><T109/><D71/><U117/><E113/><V52/><F52/><W56/><G56/><T78/><D109/><U112/><E112/><V102/><F28/><W48/><G48/><T25/><D114/><U50/><E65/><V31/><F31/><N who="3" m="19559" /><G11/><T5/><D132/><N who="1" m="50731" /><E82/><V1/><F115/><W63/><G92/><T14/><D58/><U12/><E127/><V44/><F44/><W130/><G41/><T98/><D87/><U59/><E101/><V42/><F42/><W16/><G16/><T67/><D14/><U53/><E93/><V116/><F116/><AGARI ba="0,0" hai="8,12,18,20,23,50,53,59,116,117,119" m="50731" machi="116" ten="30,3900,0" yaku="12,1,20,1,52,1" doraHai="47" who="1" fromWho="2" sc="320,0,243,39,240,-39,197,0" /><INIT seed="4,0,0,4,4,79" ten="320,282,201,197" oya="0" hai0="64,57,86,56,119,5,6,94,53,99,71,42,23" hai1="116,11,30,125,135,121,132,104,22,98,21,118,15" hai2="40,25,35,51,93,0,77,107,17,12,89,88,82" hai3="92,127,105,49,4,63,8,9,38,50,32,55,106" shuffle="mt19937ar,347274A7,C5BDC9CD,E0ECA26B,2320BEBE,811F254F,8E1DA976,A5CBE2B8,BDDABA37"/><T90/><D119/><N who="1" m="45611" /><E104/><V26/><F0/><W96/><G38/><T113/><D113/><U3/><E98/><V62/><F107/><W48/><G32/><T13/><D42/><U10/><E121/><V37/><F37/><W7/><G127/><T44/><D44/><U75/><E75/><V85/><F35/><W14/><G106/><T43/><D43/><U114/><E114/><V111/><F111/><W28/><G105/><T101/><D71/><U19/><E125/><V41/><F89/><W123/><G28/><T61/><D23/><U60/><E60/><V65/><F51/><W29/><G63/><T66/><D13/><U110/><E110/><V95/><F95/><W39/><G29/><T45/><D45/><U58/><E58/><V129/><F41/><W33/><G39/><T97/><D97/><U16/><E3/><V91/><F91/><W74/><G33/><T108/><D108/><U27/><E19/><V134/><F40/><W73/><G74/><T100/><D100/><U36/><E36/><V112/><F112/><W83/><G123/><T47/><D47/><U102/><E102/><V124/><F124/><W34/><G34/><T68/><D68/><U18/><E18/><V1/><F1/><W72/><G72/><T131/><D131/><U78/><E78/><V2/><F2/><N who="3" m="23" /><G73/><T46/><D46/><U76/><E76/><V120/><F129/><W70/><G70/><T59/><D59/><U133/><AGARI ba="0,0" hai="10,11,15,16,21,22,27,30,132,133,135" m="45611" machi="133" ten="40,5200,0" yaku="20,1,34,2" doraHai="79" who="1" fromWho="1" sc="320,-26,282,52,201,-13,197,-13" /><INIT seed="5,0,0,0,1,12" ten="294,334,188,184" oya="1" hai0="99,11,104,63,7,55,18,47,17,9,0,103,102" hai1="127,111,26,62,10,72,109,41,107,50,78,19,98" hai2="65,54,4,48,8,119,80,112,5,32,6,30,27" hai3="34,15,31,131,122,126,44,82,3,45,133,42,105" shuffle="mt19937ar,A329AB77,CABB5E99,22E6B0D1,88D2FF93,58DE2D11,1B1A7D9F,1BD99269,AD98B894"/><U134/><E127/><V71/><F119/><W129/><G122/><T67/><D103/><U28/><E134/><V117/><F117/><W73/><G126/><T130/><D130/><N who="3" m="49673" /><G133/><T46/><D11/><U83/><E62/><V85/><F112/><W25/><G105/><T56/><REACH who="0" step="1"/><D55/><REACH who="0" step="2"/><U125/><E125/><V59/><F65/><W92/><G42/><T51/><D51/><U69/><E69/><V24/><F71/><W43/><G43/><T29/><D29/><U94/><E41/><V58/><F8/><W124/><G124/><T37/><D37/><U36/><E50/><V110/><F110/><N who="1" m="41993" /><E36/><V91/><F30/><W70/><G70/><T88/><D88/><N who="1" m="55623" /><E107/><V89/><F89/><W123/><G123/><T95/><D95/><U74/><E74/><V113/><F113/><W23/><G92/><T22/><D22/><N who="1" m="15447" /><E10/><V93/><F32/><W66/><G23/><T13/><D13/><U132/><E132/><V35/><F35/><W16/><G66/><T38/><D38/><U87/><E72/><V96/><F93/><W90/><G90/><T97/><D97/><U53/><E53/><N who="2" m="32039" /><F96/><W20/><G3/><T77/><D77/><AGARI ba="0,1" hai="15,16,20,25,31,34,44,45,73,77,82" m="49673" machi="77" ten="30,2000,0" yaku="19,1,52,1" doraHai="12" who="3" fromWho="0" sc="284,-20,334,0,188,0,184,30" /><INIT seed="6,0,0,2,1,114" ten="264,334,188,214" oya="2" hai0="15,108,56,80,102,10,126,42,48,39,87,121,66" hai1="92,111,2,85,1,122,88,84,55,100,97,26,45" hai2="29,120,95,61,134,78,50,24,3,101,5,107,118" hai3="60,59,36,112,69,90,38,57,132,125,82,13,70" shuffle="mt19937ar,DEAD214C,BA425BAF,6E9449FA,281EAD69,020B9497,688A5ACC,28F777D4,1BD2854A"/><V103/><F120/><W37/><G132/><T54/><D121/><U133/><E122/><V119/><F78/><W68/><G125/><T81/><D126/><U12/><E133/><V4/><F95/><W8/><G112/><T35/><D35/><U91/><E111/><V65/><F29/><W21/><G21/><T71/><D102/><U64/><E64/><V79/><F79/><W62/><G90/><T43/><D43/><U128/><E128/><V9/><F24/><W19/><REACH who="3" step="1"/><G82/><REACH who="3" step="2"/><T116/><D116/><N who="2" m="44586" /><F103/><W23/><G23/><T73/><D108/><U34/><E34/><V96/><F50/><W135/><G135/><T25/><D80/><U53/><E1/><V40/><F134/><W0/><G0/><T46/><D73/><U115/><E115/><V22/><F22/><W63/><AGARI ba="0,1" hai="8,13,19,36,37,38,57,59,60,62,63,68,69,70" machi="63" ten="50,8000,1" yaku="1,1,0,1,29,2,53,0" doraHai="114" doraHaiUra="117" who="3" fromWho="3" sc="264,-20,334,-20,188,-40,204,90" /><INIT seed="7,0,0,4,5,33" ten="244,314,148,294" oya="3" hai0="78,40,99,18,102,127,44,75,124,29,68,13,65" hai1="135,30,82,27,70,43,64,1,129,19,107,112,59" hai2="53,2,86,41,24,89,14,125,105,114,121,120,26" hai3="97,85,77,66,0,23,104,90,103,87,67,47,83" shuffle="mt19937ar,E103E7BD,873E460B,DE757466,112E6108,D241ABB5,54594822,AD5C2494,7ED8350E"/><W73/><G0/><T45/><D29/><U81/><E107/><V130/><F105/><W80/><G47/><T49/><D45/><U116/><E116/><V119/><F41/><W37/><G37/><T96/><D127/><U93/><E129/><V25/><F53/><W69/><G69/><T35/><D35/><U58/><E135/><V61/><F61/><W106/><G106/><T94/><D99/><U4/><E112/><V95/><F95/><N who="3" m="54735" /><G23/><T84/><D124/><U110/><E70/><V11/><F89/><AGARI ba="0,0" hai="66,67,73,77,80,83,87,89,97,103,104" m="54735" machi="89" ten="30,1500,0" yaku="24,1" doraHai="33" who="3" fromWho="2" sc="244,0,314,0,148,-15,294,15" /><INIT seed="7,1,0,4,3,95" ten="244,314,133,309" oya="3" hai0="81,86,4,12,46,99,36,134,60,49,16,5,38" hai1="14,23,56,77,9,17,117,106,96,110,26,72,69" hai2="15,73,112,97,100,103,125,74,102,70,93,94,40" hai3="85,41,116,35,104,66,39,32,61,57,88,131,119" shuffle="mt19937ar,E5497D6C,2E52C08F,54CD74B2,D3730894,6A9107CA,9E4CF4E8,81905462,955B6241"/><W122/><G122/><T1/><D134/><U109/><E69/><V132/><F15/><W71/><G104/><T2/><D60/><U63/><E72/><V120/><F40/><W52/><G131/><T24/><D24/><U105/><E77/><V65/><F65/><W18/><G119/><T126/><D126/><U111/><E117/><V135/><F70/><W33/><G116/><T7/><D99/><U123/><E123/><V48/><F48/><W87/><G18/><T22/><D49/><U42/><E42/><V55/><F55/><W84/><G41/><T83/><D46/><U47/><E47/><V30/><F30/><W129/><G39/><T62/><D62/><U59/><E59/><V90/><F120/><W124/><G129/><T98/><D98/><U43/><E43/><V58/><F58/><W75/><G75/><N who="2" m="28681" /><F112/><W108/><G108/><T76/><D86/><U113/><E96/><N who="2" m="57399" /><F125/><W51/><REACH who="3" step="1"/><G124/><REACH who="3" step="2"/><T89/><D38/><U31/><REACH who="1" step="1"/><E113/><REACH who="1" step="2"/><V27/><F27/><W82/><AGARI ba="1,2" hai="32,33,35,51,52,57,61,66,71,82,84,85,87,88" machi="82" ten="30,11700,0" yaku="1,1,2,1,0,1,53,1" doraHai="95" doraHaiUra="45" who="3" fromWho="3" sc="244,-40,304,-40,133,-40,299,140" owari="204,-20,264,6,93,-41,439,55" /></mjloggm>