<mjloggm ver="2.3"><GO type="41"/><UN n0="%E3%82%AB%E3%83%BC%E3%83%8D%E3%82%AE%E3%83%BC" n1="%E3%81%AE%E3%81%A9%E3%81%A3%E3%81%A1%2E" n2="%67%75%6E%64%61%6D%77" n3="%E3%82%A6%E3%83%AB%E3%83%88%E3%83%A9%E7%AB%8B%E7%9B%B4" dan="14,17,14,14" rate="1883,2092,1919,1921" sx="M,F,M,M"/><TAIKYOKU oya="0"/><INIT seed="0,0,0,4,3,45" ten="250,250,250,250" oya="0" hai0="127,37,40,66,33,23,0,113,29,16,41,30,121" hai1="58,31,1,103,24,47,20,93,82,6,36,105,88" hai2="84,32,59,122,83,64,79,89,80,62,2,92,85" hai3="53,28,39,106,87,12,49,99,135,43,90,27,98"/><T46/><D113/><U18/><E105/><V91/><F122/><W119/><G119/><T117/><D117/><U44/><E103/><V116/><F116/><W108/><G106/><T67/><D121/><U50/><E36/><V133/><F133/><W72/><G72/><T126/><D0/><U15/><E82/><V74/><F2/><W25/><G43/><T75/><D75/><U110/><E110/><V14/><F32/><W26/><G39/><T35/><D37/><U13/><E1/><V51/><F14/><W38/><G38/><T56/><D46/><U70/><E70/><V123/><F123/><W100/><G100/><T8/><D56/><U102/><E102/><V61/><F61/><W71/><G71/><T73/><D73/><U68/><E68/><V5/><F5/><W104/><G104/><T115/><D115/><U86/><E13/><V55/><F74/><W34/><G135/><T131/><D23/><U95/><E95/><V48/><F64/><W97/><G12/><T124/><D124/><U101/><E101/><V65/><F65/><W120/><G108/><T4/><D4/><U125/><E125/><V22/><F22/><W60/><G60/><T19/><REACH who="0" step="1"/><D131/><REACH who="0" step="2"/><U128/><E128/><V112/><F112/><W96/><G120/><T42/><D42/><U54/><REACH who="1" step="1"/><E6/><REACH who="1" step="2"/><V21/><F21/><AGARI ba="0,2" hai="15,18,20,21,24,31,44,47,50,54,58,86,88,93" machi="21" ten="30,16000,3" yaku="1,1,2,1,7,1,25,2,8,1,52,1,54,1,53,0" doraHai="45" doraHaiUra="109" who="1" fromWho="2" sc="240,0,240,180,250,-160,250,0" /><INIT seed="1,0,0,4,5,116" ten="240,420,90,250" oya="1" hai0="5,40,123,75,121,113,21,92,122,36,34,86,50" hai1="3,8,57,130,0,53,22,82,56,114,4,29,108" hai2="26,51,66,106,132,32,52,65,64,13,42,47,135" hai3="93,77,2,88,110,68,46,44,48,133,19,35,71"/><U45/><E114/><V28/><F106/><W115/><G2/><T11/><D113/><U127/><E127/><V12/><REACH who="2" step="1"/><F42/><REACH who="2" step="2"/><W126/><G115/><T112/><D112/><U27/><E130/><V101/><F101/><W31/><G126/><T59/><D40/><U78/><E108/><V58/><F58/><W60/><G110/><T102/><D59/><U25/><E56/><V128/><F128/><W124/><G124/><T73/><D36/><U67/><E67/><V105/><F105/><W33/><G71/><T55/><D50/><U41/><E41/><V111/><F111/><W120/><G68/><T63/><D63/><U30/><E45/><V16/><F16/><W1/><G48/><T9/><D55/><U14/><E57/><V17/><F17/><W74/><G60/><T49/><D49/><U99/><E53/><V118/><F118/><W23/><G46/><T7/><D7/><U94/><E29/><V97/><F97/><W84/><G31/><T90/><D102/><U10/><E99/><V38/><F38/><W80/><G44/><T15/><D5/><U69/><E69/><V125/><F125/><W95/><G19/><T85/><D123/><U37/><E37/><V76/><F76/><W131/><G120/><T100/><D122/><U81/><E78/><V98/><F98/><W103/><G77/><T117/><D121/><U72/><E4/><V96/><F96/><W43/><G43/><T70/><D117/><U91/><E30/><V109/><F109/><W6/><G6/><T87/><D70/><U79/><E79/><V107/><F107/><RYUUKYOKU ba="0,1" sc="240,-10,420,-10,80,30,250,-10" hai2="12,13,26,28,32,47,51,52,64,65,66,132,135" /><INIT seed="2,1,1,2,0,67" ten="230,410,110,240" oya="2" hai0="90,18,93,133,12,43,77,32,7,41,72,97,24" hai1="46,23,10,92,54,117,91,63,108,57,25,20,38" hai2="102,47,21,80,34,68,52,120,115,35,74,101,134" hai3="17,130,103,87,106,104,50,82,96,123,59,132,11"/><V128/><F115/><W33/><G33/><T26/><D133/><U100/><E117/><V15/><F120/><W29/><G29/><T69/><D69/><U16/><E108/><V28/><F134/><W88/><G132/><T114/><D114/><U131/><E131/><V105/><F128/><W122/><G106/><T110/><D110/><U121/><E121/><V56/><F47/><W109/><G109/><T4/><D72/><U118/><E118/><V19/><F28/><W40/><G130/><T79/><D32/><U64/><E100/><V125/><F125/><W85/><G85/><T0/><D0/><U95/><E10/><V89/><F102/><W70/><G70/><T107/><D107/><U94/><E23/><V30/><F30/><W129/><G129/><T71/><D71/><U9/><E9/><V60/><F101/><W83/><G83/><T22/><D43/><U124/><E124/><V37/><F37/><W75/><G75/><T55/><D41/><U84/><E38/><V126/><F126/><W31/><G31/><T48/><D79/><U5/><E5/><N who="0" m="2121" /><D77/><U111/><E111/><V116/><F105/><W61/><G50/><AGARI ba="1,1" hai="16,20,25,46,50,54,57,63,64,84,91,92,94,95" machi="50" ten="40,2600,0" yaku="8,1,54,1" doraHai="67" who="1" fromWho="3" sc="230,0,410,39,110,0,240,-29" /><INIT seed="3,0,0,3,2,42" ten="230,449,110,211" oya="3" hai0="127,24,130,28,114,92,11,98,55,120,99,89,10" hai1="70,104,68,15,133,119,118,44,8,33,103,131,62" hai2="4,38,123,124,46,125,128,31,48,13,60,23,3" hai3="87,67,53,29,97,90,93,126,113,81,5,61,88"/><W32/><G113/><T22/><D114/><U94/><E33/><V72/><F38/><W115/><G115/><T95/><D120/><U30/><E30/><V73/><F3/><W117/><G117/><T57/><D130/><U135/><E104/><V12/><F60/><W9/><G53/><T132/><D132/><N who="1" m="50763" /><E131/><V43/><F128/><W0/><G126/><N who="2" m="48745" /><F4/><W63/><G63/><N who="0" m="36287" /><D127/><U40/><E94/><V134/><F134/><W109/><G109/><T106/><D106/><U122/><E103/><AGARI ba="0,0" hai="10,11,22,24,28,89,92,95,98,99,103" m="36287" machi="103" ten="30,1000,0" yaku="8,1" doraHai="42" who="0" fromWho="1" sc="230,10,449,-10,110,0,211,0" /><INIT seed="4,0,0,1,2,74" ten="240,439,110,211" oya="0" hai0="80,96,3,99,69,33,100,9,13,132,105,135,7" hai1="14,94,133,127,22,131,50,12,123,114,130,121,4" hai2="26,95,118,71,117,21,63,0,72,101,54,98,110" hai3="62,75,47,73,84,11,27,125,124,119,19,48,46"/><T35/><D69/><U56/><E94/><V76/><F110/><W17/><G62/><T60/><D60/><U38/><E38/><V92/><F0/><W104/><G104/><T85/><D99/><U52/><E114/><V109/><F109/><W1/><G84/><T122/><D122/><U81/><E127/><V64/><F54/><W32/><G48/><T126/><D126/><N who="3" m="48745" /><G47/><T89/><REACH who="0" step="1"/><D3/><REACH who="0" step="2"/><U39/><E123/><V112/><F112/><W67/><G1/><T28/><D28/><U83/><E121/><V42/><F118/><W24/><G119/><T134/><AGARI ba="0,1" hai="7,9,13,33,35,80,85,89,96,100,105,132,134,135" machi="134" ten="30,6000,0" yaku="1,1,0,1,20,1,53,0" doraHai="74" doraHaiUra="40" who="0" fromWho="0" sc="230,70,439,-20,110,-20,211,-20" /><INIT seed="4,1,0,3,3,34" ten="300,419,90,191" oya="0" hai0="43,69,14,3,11,36,44,13,39,107,75,32,126" hai1="122,120,127,115,54,72,8,106,0,132,113,70,117" hai2="98,85,57,100,86,45,20,47,64,112,61,5,84" hai3="18,65,42,10,88,31,129,22,52,28,38,67,79"/><T82/><D107/><U133/><E54/><V41/><F112/><N who="1" m="43081" /><E106/><V26/><F5/><W59/><G129/><T108/><D32/><U92/><E92/><V29/><REACH who="2" step="1"/><F41/><REACH who="2" step="2"/><W6/><G42/><T68/><D108/><U33/><E122/><V124/><F124/><W125/><G125/><T27/><D126/><U51/><E120/><V118/><F118/><W19/><G6/><N who="0" m="1503" /><D36/><U109/><E117/><V62/><F62/><W40/><G40/><T131/><D131/><U101/><E127/><V135/><F135/><W91/><G38/><T71/><D27/><U95/><E109/><V97/><F97/><W58/><G65/><T48/><D48/><U78/><E51/><V110/><F110/><W49/><G67/><T25/><D25/><U104/><E133/><V16/><F16/><W4/><G4/><T130/><D130/><U90/><E132/><V23/><F23/><W134/><G134/><T12/><D71/><U30/><E70/><V80/><F80/><W35/><G22/><T96/><D96/><U46/><E33/><V60/><F60/><W17/><G35/><T111/><D111/><U81/><E81/><V93/><AGARI ba="1,1" hai="20,26,29,45,47,57,61,64,84,85,86,93,98,100" machi="93" ten="30,12000,2" yaku="1,1,0,1,25,2,8,1,53,1" doraHai="34" doraHaiUra="94" who="2" fromWho="2" sc="300,-61,419,-31,80,133,191,-31" /><INIT seed="5,0,0,5,1,103" ten="239,388,213,160" oya="1" hai0="133,107,90,86,79,116,75,29,3,118,74,108,65" hai1="60,51,61,76,16,18,27,82,21,122,81,17,95" hai2="22,97,58,35,31,46,40,8,26,6,62,120,69" hai3="38,89,73,64,124,43,85,52,10,93,37,13,123"/><U9/><E122/><V121/><F69/><W44/><G73/><T67/><D3/><U111/><E111/><V87/><F35/><W109/><G109/><T94/><D108/><U84/><E95/><V23/><F23/><W92/><G123/><T134/><D29/><U106/><E106/><V102/><F87/><W98/><G64/><T4/><D4/><U72/><E51/><V80/><F80/><W34/><G34/><T105/><D86/><U117/><E117/><V7/><F8/><W88/><G124/><T119/><D119/><U104/><E104/><V54/><F121/><W47/><G47/><T45/><D45/><U32/><E32/><V125/><F125/><W99/><G85/><T20/><D20/><U1/><E1/><V70/><F70/><W48/><G43/><T113/><D94/><U28/><REACH who="1" step="1"/><E9/><REACH who="1" step="2"/><V33/><F33/><W78/><REACH who="3" step="1"/><G78/><AGARI ba="0,1" hai="16,17,18,21,27,28,60,61,72,76,78,81,82,84" machi="78" ten="40,12000,1" yaku="1,1,2,1,54,1,53,2" doraHai="103" doraHaiUra="56" who="1" fromWho="3" sc="239,0,378,130,213,0,160,-120" /><INIT seed="5,1,0,5,0,69" ten="239,508,213,40" oya="1" hai0="130,98,47,94,93,2,112,43,96,79,134,23,15" hai1="106,48,65,90,129,84,76,45,70,115,95,52,10" hai2="5,122,100,22,49,123,67,18,17,55,34,85,51" hai3="126,19,31,89,66,13,103,101,73,39,128,71,83"/><U110/><E106/><V53/><F34/><W111/><G31/><T11/><D2/><U28/><E115/><V20/><F5/><W41/><G66/><T77/><D112/><U104/><E104/><V42/><F42/><W75/><G71/><T109/><D109/><U24/><E129/><V117/><F67/><W119/><G111/><T135/><D130/><U118/><E118/><V59/><F100/><W6/><G6/><T0/><D0/><U121/><E121/><V87/><REACH who="2" step="1"/><F59/><REACH who="2" step="2"/><W97/><G128/><T107/><D43/><U33/><E65/><V30/><F30/><W80/><G119/><AGARI ba="1,1" hai="17,18,20,22,49,51,53,55,85,87,117,119,122,123" machi="119" ten="25,3200,0" yaku="1,1,22,2,53,0" doraHai="69" doraHaiUra="25" who="2" fromWho="3" sc="239,0,508,0,203,45,40,-35" /><INIT seed="6,0,0,4,0,68" ten="239,508,248,5" oya="2" hai0="135,37,123,50,114,15,17,108,98,24,89,109,70" hai1="128,67,49,112,62,41,40,60,78,61,66,3,13" hai2="105,28,12,26,100,85,75,27,29,14,25,131,43" hai3="31,53,63,77,111,46,56,34,39,134,44,32,83"/><V19/><F75/><W94/><G111/><T38/><D70/><U2/><E78/><V30/><F105/><W92/><G134/><T64/><D135/><U1/><E13/><N who="2" m="5227" /><F100/><W122/><G122/><T103/><D123/><U74/><E74/><V120/><F85/><W118/><G118/><T86/><D64/><U133/><E133/><V59/><F43/><W96/><G34/><T106/><D108/><U97/><E97/><V82/><F82/><W20/><G32/><T35/><D109/><U33/><E33/><V71/><F59/><W107/><G107/><T126/><D35/><U16/><E49/><V0/><F71/><W69/><G69/><T65/><D65/><U90/><E90/><V52/><F120/><W5/><G5/><T57/><D24/><N who="2" m="9322" /><F52/><W22/><G39/><T54/><D86/><U9/><E62/><V72/><F72/><W129/><G129/><T81/><D89/><U4/><E61/><V91/><F91/><N who="3" m="55327" /><G31/><T116/><D81/><U115/><E60/><V113/><F113/><W104/><G104/><T88/><D114/><U117/><E41/><V80/><F80/><W99/><G46/><T130/><D88/><U47/><E66/><V76/><F76/><W127/><G44/><T79/><D79/><U73/><E67/><V42/><F42/><W23/><G127/><T84/><D126/><U8/><E40/><V119/><F119/><W124/><G124/><T95/><D116/><U55/><E117/><V7/><F131/><W36/><G36/><T87/><D130/><U18/><E128/><V11/><F19/><W58/><G63/><RYUUKYOKU ba="0,0" sc="239,-10,508,-10,248,30,5,-10" hai2="0,7,11,27,28,29,30" owari="229,-17,498,60,278,8,-5,-51" /></mjloggm>