<mjloggm ver="2.3"><GO type="137"/><UN n0="%E3%82%A6%E3%83%AB%E3%83%88%E3%83%A9%E7%AB%8B%E7%9B%B4" n1="%74%65%62%69%63%68%69" n2="%E3%83%87%E3%83%83%E3%83%81" n3="%6A%6F%6C%74" dan="10,11,11,13" rate="1806,1619,1613,1822" sx="M,M,M,M"/><TAIKYOKU oya="0"/><INIT seed="0,0,0,2,1,51" ten="250,250,250,250" oya="0" hai0="14,88,99,119,77,92,86,32,3,81,62,101,56" hai1="69,122,126,43,35,46,41,9,134,24,20,19,111" hai2="52,23,8,84,50,18,78,26,98,107,58,91,135" hai3="121,36,95,59,48,7,124,11,90,4,49,100,133" shuffle="mt19937ar,18B9FE25,8EC65D09,1A12D3EB,DBDEED69,39D2D62A,A3A73B73,C265D59E,35BD150A"/><T113/><D3/><U70/><E122/><V93/><F135/><W68/><G68/><T39/><D32/><U104/><E134/><V61/><F8/><W108/><G36/><T44/><D39/><U97/><E126/><V82/><REACH who="2" step="1"/><F107/><REACH who="2" step="2"/><W127/><G133/><T12/><D113/><U5/><E104/><V115/><F115/><W109/><G121/><T106/><D119/><U55/><E111/><V85/><F85/><W0/><G109/><T102/><D44/><U120/><E120/><V40/><F40/><W16/><G108/><T132/><D132/><U72/><E43/><V129/><F129/><W67/><G124/><T112/><D112/><U47/><E46/><V117/><F117/><W10/><G127/><T131/><D131/><U94/><E41/><V38/><F38/><W29/><G10/><T80/><D80/><U25/><E72/><V57/><F57/><W76/><G59/><T65/><REACH who="0" step="1"/><D102/><REACH who="0" step="2"/><U75/><E47/><V103/><F103/><W1/><G100/><T63/><D63/><AGARI ba="0,2" hai="18,23,26,50,52,58,61,63,78,82,84,91,93,98" machi="63" ten="40,8000,1" yaku="1,1,8,1,52,1,54,1,53,1" doraHai="51" doraHaiUra="45" who="2" fromWho="0" sc="240,-80,250,0,240,100,250,0" /><INIT seed="1,0,0,2,0,42" ten="160,250,340,250" oya="1" hai0="77,21,16,71,75,46,118,95,13,135,117,22,108" hai1="23,111,11,134,100,18,19,50,49,112,97,62,102" hai2="43,24,131,103,87,32,76,110,34,68,48,66,99" hai3="72,60,92,35,85,121,109,40,74,54,128,81,29" shuffle="mt19937ar,B2B63EFF,07D0B5F3,AE142E2D,97A8CB5C,217DC75D,04611066,3468E72D,A4A6EFD2"/><U55/><E112/><V129/><F110/><W67/><G121/><T52/><D71/><U122/><E122/><V93/><F76/><W133/><G109/><T104/><D104/><U20/><E111/><V79/><F87/><W5/><G5/><T58/><D108/><U98/><E134/><V84/><F84/><W65/><G133/><T125/><D135/><U44/><E11/><V10/><F79/><W70/><G67/><T9/><D77/><U119/><E119/><V56/><F10/><W6/><G6/><T101/><D75/><U25/><E62/><N who="2" m="38215" /><F68/><W69/><G69/><T88/><D125/><U0/><E0/><V115/><F115/><W45/><G92/><T124/><D124/><U26/><E97/><V47/><F24/><W39/><G128/><AGARI ba="0,0" hai="32,34,43,47,48,93,99,103,128,129,131" m="38215" machi="128" ten="30,2000,0" yaku="19,1,52,1" doraHai="42" who="2" fromWho="3" sc="160,0,250,0,340,20,250,-20" /><INIT seed="2,0,0,5,0,5" ten="160,250,360,230" oya="2" hai0="16,36,83,7,18,115,29,101,68,66,47,63,25" hai1="114,91,96,100,61,19,71,88,122,126,75,65,57" hai2="133,108,124,15,17,43,11,44,99,70,32,21,38" hai3="82,52,128,104,95,46,54,31,81,69,49,125,0" shuffle="mt19937ar,49DD8E17,ACDB7A1B,237E09FF,82123A07,EA1941F7,3D027828,5BFA4E8E,8B357523"/><V3/><F70/><W1/><G104/><T102/><D115/><U134/><E114/><V80/><F108/><W6/><G31/><T79/><D7/><U90/><E126/><V105/><F32/><W86/><G125/><T35/><D101/><U37/><E134/><V42/><F124/><W56/><G69/><T2/><D2/><U111/><E111/><V77/><F133/><W135/><G135/><T53/><D53/><U51/><E37/><V103/><F43/><W33/><G33/><T132/><D132/><U50/><E122/><V64/><F64/><W107/><G107/><T127/><D127/><U73/><E51/><V113/><F113/><W55/><G128/><T116/><D116/><U120/><E120/><V8/><REACH who="2" step="1"/><F3/><REACH who="2" step="2"/><W39/><G0/><T10/><D66/><U24/><E71/><V123/><F123/><W93/><G55/><T112/><D68/><U84/><E65/><V74/><AGARI ba="0,1" hai="8,11,15,17,21,38,42,44,74,77,80,99,103,105" machi="74" ten="20,12000,1" yaku="1,1,0,1,7,1,52,2,53,0" doraHai="5" doraHaiUra="119" who="2" fromWho="2" sc="160,-40,250,-40,350,130,230,-40" /><INIT seed="2,1,0,5,0,40" ten="120,210,480,190" oya="2" hai0="88,45,91,131,89,8,26,73,25,93,108,72,104" hai1="97,114,122,5,55,4,59,98,135,52,57,113,112" hai2="48,129,17,68,78,82,67,87,18,64,42,90,117" hai3="21,47,44,103,119,115,126,84,66,16,74,100,118" shuffle="mt19937ar,85A9AA60,A287696F,62641887,B5DFA76F,703B445B,0CF25FC2,C5EE28EA,06E13776"/><V37/><F117/><W13/><G74/><T58/><D104/><U33/><E33/><V99/><F37/><W132/><G66/><T51/><D73/><U22/><E22/><V19/><F129/><W128/><G128/><T0/><D72/><U107/><E107/><V83/><F68/><W38/><G38/><T65/><D8/><U92/><E135/><V111/><F111/><W80/><G132/><T81/><D0/><U124/><E124/><V35/><F35/><W29/><G126/><T10/><D10/><U121/><E92/><V28/><F28/><W24/><G115/><T94/><D108/><U12/><E12/><V56/><F99/><W46/><G118/><T34/><D81/><U50/><E50/><V116/><F116/><W134/><G134/><T130/><D130/><U15/><E15/><V95/><F95/><N who="0" m="36362" /><D34/><U123/><E98/><V53/><REACH who="2" step="1"/><F42/><REACH who="2" step="2"/><W61/><G119/><T77/><D131/><U41/><E97/><V106/><F106/><W11/><G61/><N who="0" m="38071" /><D77/><AGARI ba="1,1" hai="11,13,16,21,24,29,44,46,47,77,80,84,100,103" machi="77" ten="40,8000,1" yaku="8,1,52,3,54,1" doraHai="40" who="3" fromWho="0" sc="120,-83,210,0,470,0,190,93" /><INIT seed="3,0,0,2,1,108" ten="37,210,470,283" oya="3" hai0="73,125,132,49,86,35,62,94,103,71,93,53,29" hai1="88,81,84,55,72,39,63,46,18,134,34,19,110" hai2="68,61,130,28,66,6,41,135,70,48,16,100,101" hai3="75,122,95,96,92,10,40,58,67,107,123,85,51" shuffle="mt19937ar,9ADF6609,37A80CB6,9C0135B9,8E98D5D6,7AA1039D,C9303B1E,6EA2B8E4,A5E5CDBD"/><W33/><G33/><T131/><D73/><U17/><E134/><V126/><F6/><W91/><G75/><T4/><D132/><U111/><E34/><V20/><F135/><W109/><G107/><T79/><D35/><U30/><E30/><V119/><F119/><W26/><G109/><N who="1" m="41482" /><E72/><V44/><F70/><W59/><G26/><T38/><D62/><U99/><E99/><V115/><F115/><W21/><G21/><T64/><D38/><U117/><E117/><V47/><F130/><W3/><G67/><T105/><D71/><U12/><E63/><V2/><F2/><W9/><G123/><T116/><D64/><U90/><E39/><V14/><F126/><W60/><G122/><T42/><D4/><U56/><E46/><V97/><F97/><W128/><G128/><T65/><D94/><U133/><E133/><V11/><REACH who="2" step="1"/><F47/><REACH who="2" step="2"/><W127/><G127/><T57/><D125/><U77/><E12/><V78/><F78/><W129/><G129/><T118/><D79/><U124/><E124/><V98/><F98/><W76/><G76/><T24/><D131/><U89/><E77/><V120/><F120/><W0/><G0/><T23/><D118/><U31/><E31/><V8/><F8/><W25/><G3/><T69/><D116/><U80/><E56/><V102/><F102/><W22/><G58/><T104/><D57/><U27/><E27/><AGARI ba="0,1" hai="11,14,16,20,27,28,41,44,48,61,66,68,100,101" machi="27" ten="40,5200,0" yaku="1,1,54,1,53,1" doraHai="108" doraHaiUra="5" who="2" fromWho="1" sc="37,0,210,-52,460,62,283,0" /><INIT seed="4,0,0,3,5,24" ten="37,158,522,283" oya="0" hai0="120,56,35,36,122,0,93,45,84,108,92,1,104" hai1="21,29,132,98,81,26,107,67,43,91,9,124,114" hai2="42,88,11,55,59,41,15,125,123,76,129,10,101" hai3="116,109,37,130,8,49,51,28,127,103,64,131,113" shuffle="mt19937ar,ACECBD6C,0E2B66D2,BCD9F402,600007CA,04BC2F50,1D727EB1,956BE00B,F34A2799"/><T97/><D56/><U68/><E132/><V30/><F123/><W61/><G103/><T66/><D66/><U58/><E124/><V47/><F125/><W96/><G116/><T18/><D18/><U117/><E117/><V71/><F71/><W25/><G127/><T63/><D63/><U105/><E43/><V6/><F129/><W32/><G37/><T57/><D57/><U22/><E68/><V100/><F11/><W12/><G109/><T95/><D84/><U52/><E67/><V40/><F76/><W16/><G131/><T53/><D53/><U134/><E134/><V69/><F69/><W38/><G38/><T74/><D95/><U50/><E21/><V133/><F133/><W65/><G65/><T102/><D93/><U99/><E114/><V128/><F128/><W118/><G130/><T83/><D92/><U17/><E107/><V13/><F13/><W19/><G96/><T112/><D35/><U79/><E105/><V78/><F78/><W14/><G113/><T48/><D48/><U33/><E91/><V60/><F88/><W31/><G31/><T111/><D112/><U20/><E9/><V70/><F70/><W121/><G121/><N who="0" m="46699" /><D83/><U44/><E58/><V73/><F73/><W87/><G87/><T27/><D27/><N who="1" m="14735" /><E33/><V115/><F115/><W4/><G118/><T62/><D74/><U54/><E54/><V2/><F2/><N who="0" m="1130" /><D62/><U5/><E5/><V46/><F30/><W119/><G119/><T77/><D77/><U34/><E34/><V75/><F75/><W106/><G4/><T3/><N who="0" m="1138" /><T80/><DORA hai="94" /><D80/><RYUUKYOKU ba="0,0" sc="37,10,158,10,522,10,283,-30" hai0="36,45,97,102,104,108,111" hai1="22,26,29,44,50,52,79,81,98,99" hai2="6,10,15,40,41,42,46,47,55,59,60,100,101" /><INIT seed="4,1,0,4,2,68" ten="47,168,532,253" oya="0" hai0="18,45,41,59,116,107,83,5,76,69,34,79,50" hai1="46,30,109,27,53,19,70,62,86,85,24,74,65" hai2="37,66,113,14,61,57,26,105,29,7,122,84,58" hai3="95,35,90,72,31,56,88,125,75,132,94,99,101" shuffle="mt19937ar,45EA5413,D9AA4F7A,4A139703,627ECB4A,4B4DEA2B,099941D8,31E1ED08,E571D5FC"/><T100/><D69/><U103/><E109/><V0/><F122/><W10/><G125/><T118/><D34/><U121/><E121/><V9/><F113/><W55/><G132/><T98/><D79/><U4/><E74/><V77/><F105/><W16/><G31/><T124/><D124/><U80/><E86/><V60/><F37/><W133/><G35/><T110/><D110/><U135/><E135/><V119/><F119/><W6/><G133/><T126/><D126/><U91/><E103/><V25/><F0/><W49/><G101/><T67/><D5/><U73/><E73/><V117/><F117/><W54/><G54/><T134/><D134/><U115/><E4/><V129/><F129/><W102/><G102/><T20/><D59/><U108/><E108/><V92/><F29/><W87/><G16/><T64/><D116/><U23/><E115/><V114/><F114/><W43/><REACH who="3" step="1"/><G43/><REACH who="3" step="2"/><T1/><D118/><U38/><E53/><V111/><F111/><W123/><G123/><T127/><D127/><U96/><E19/><V48/><F48/><W42/><G42/><T3/><D67/><U17/><E17/><V89/><F77/><W21/><G21/><T128/><D64/><AGARI ba="1,1" hai="7,9,14,25,26,57,58,60,61,64,66,84,89,92" machi="64" ten="30,3900,0" yaku="7,1,9,1,8,1" doraHai="68" who="2" fromWho="0" sc="47,-42,168,0,532,52,243,0" /><INIT seed="5,0,0,2,4,0" ten="5,168,584,243" oya="1" hai0="94,95,60,128,76,97,14,119,40,27,83,80,13" hai1="100,9,113,70,54,30,65,108,106,111,74,88,44" hai2="101,1,17,41,42,107,38,104,121,72,63,123,19" hai3="133,53,32,116,75,37,118,49,91,3,61,43,46" shuffle="mt19937ar,3EF9DEFA,3A5585A4,5D2A498B,6AC0E659,D0E948EC,04667904,1150F946,7FBE1252"/><U47/><E113/><V99/><F1/><W126/><G32/><T117/><D60/><U2/><E74/><V16/><F72/><W124/><G3/><T10/><D27/><U86/><E30/><V68/><F107/><W31/><G31/><T112/><D10/><U52/><E54/><V90/><F90/><W81/><G91/><T26/><D26/><U55/><E55/><V78/><F78/><W28/><G28/><T93/><D40/><U98/><E70/><V114/><F114/><W59/><G81/><T71/><D71/><U109/><E65/><V82/><F82/><W102/><G102/><T4/><D94/><N who="1" m="54551" /><E2/><V103/><F103/><W134/><G75/><T45/><D45/><U132/><E9/><V67/><REACH who="2" step="1"/><F41/><REACH who="2" step="2"/><W15/><G15/><T58/><D112/><U24/><E132/><N who="3" m="50794" /><G37/><T6/><D128/><U64/><E106/><V21/><F21/><W89/><G89/><T50/><D76/><U51/><E100/><V25/><F25/><W87/><G87/><T8/><D8/><U115/><E24/><V110/><F110/><W130/><G130/><T77/><D77/><U92/><E115/><V18/><N who="2" m="4608" /><DORA hai="120" /><V79/><F79/><W135/><N who="3" m="50802" /><W57/><DORA hai="131" /><G57/><T73/><D73/><U34/><E34/><V125/><F125/><AGARI ba="0,1" hai="43,46,49,53,59,61,116,118,124,125,126" m="50802" machi="125" ten="50,16000,3" yaku="18,1,20,1,34,2,52,4" doraHai="0,120,131" who="3" fromWho="2" sc="5,0,168,0,574,-160,243,170" /><INIT seed="6,0,0,3,2,133" ten="5,168,414,413" oya="2" hai0="122,114,49,13,118,94,62,115,112,33,23,135,31" hai1="59,117,44,27,67,21,87,7,66,15,111,91,89" hai2="19,69,124,36,74,46,98,134,56,96,123,45,106" hai3="80,28,108,20,16,43,86,58,101,90,25,71,54" shuffle="mt19937ar,2B5E7F0A,31A27A29,E90D2D64,2B8323A8,4A455FDB,3F10908C,A6E9FBD1,03A6EFCA"/><V35/><F123/><W0/><G108/><T103/><D49/><U95/><E111/><V76/><F134/><W119/><G119/><T99/><D62/><U121/><E117/><V26/><F69/><W105/><G71/><T50/><D50/><U57/><E121/><V53/><F45/><W132/><G132/><T102/><D118/><U84/><E59/><V68/><F68/><W61/><G0/><T85/><D122/><U110/><E110/><V92/><F98/><W120/><G120/><T17/><D135/><U18/><E44/><V47/><F47/><W51/><G105/><T100/><D31/><U107/><E57/><V9/><F106/><W40/><G101/><T12/><D33/><U29/><E7/><V127/><F36/><W63/><G28/><T104/><D13/><U83/><REACH who="1" step="1"/><E107/><REACH who="1" step="2"/><V8/><F46/><W55/><G63/><T11/><D11/><AGARI ba="0,1" hai="11,15,18,21,27,29,66,67,83,84,87,89,91,95" machi="11" ten="30,7700,0" yaku="1,1,2,1,7,1,8,1,53,0" doraHai="133" doraHaiUra="37" who="1" fromWho="0" sc="5,-77,158,87,414,0,413,0" owari="-72,-57,245,-15,414,51,413,21" /></mjloggm>