<mjloggm ver="2.3"><GO type="97"/><UN n0="%E5%9B%BD%E5%A3%AB%E4%BC%9A" n1="%E5%AF%B8%E5%BF%97" n2="%E3%83%A4%E3%83%B3%E3%83%A0%E3%83%BC%E3%83%81%E3%82%A7%E3%83%B3" n3="%E3%82%A6%E3%83%AB%E3%83%88%E3%83%A9%E7%AB%8B%E7%9B%B4" dan="13,13,13,13" rate="1837,1971,1957,1845" sx="M,M,M,M"/><TAIKYOKU oya="0"/><INIT seed="0,0,0,1,5,29" ten="250,250,250,250" oya="0" hai0="21,115,68,17,122,25,97,10,4,5,13,75,12" hai1="33,103,28,20,59,100,112,50,54,30,16,40,127" hai2="38,111,101,73,44,43,64,91,14,96,31,18,123" hai3="71,42,8,58,108,52,116,118,87,74,6,134,121" shuffle="mt19937ar,4D94BF92,395A2BD0,8F9B7185,31B17E0A,086F7887,C563A63A,A3611C9E,3ED2AF3D"/><T57/><D115/><U51/><E112/><V78/><F123/><W19/><G74/><T65/><D68/><U131/><E131/><V76/><F73/><W86/><G71/><T36/><D75/><U110/><E110/><V129/><F129/><W85/><G42/><T23/><D36/><U119/><E119/><V77/><F111/><W133/><G19/><N who="0" m="12479" /><D122/><U105/><E127/><V3/><F3/><W83/><G83/><T102/><D102/><U41/><E105/><V132/><F31/><N who="1" m="11817" /><E33/><V70/><F91/><W98/><G98/><T47/><D47/><N who="1" m="25959" /><E41/><V2/><F2/><W79/><G108/><T117/><D97/><U94/><E94/><V106/><F132/><N who="3" m="50795" /><G79/><T99/><D99/><U53/><E54/><V27/><F27/><AGARI ba="0,0" hai="16,20,27,51,53,59,100,103" m="25959,11817" machi="27" ten="30,2000,0" yaku="8,1,54,1" doraHai="29" who="1" fromWho="2" sc="250,0,250,20,250,-20,250,0" /><INIT seed="1,0,0,4,5,0" ten="250,270,230,250" oya="1" hai0="58,22,3,20,77,105,56,98,88,49,57,121,25" hai1="45,12,66,70,104,33,83,13,41,17,54,125,64" hai2="26,102,35,117,74,18,97,134,89,101,107,78,34" hai3="28,2,5,80,60,65,119,128,51,75,111,130,31" shuffle="mt19937ar,7A8F109D,71654434,50311C58,E40ED068,3885931D,89F84A6C,994A9512,AD5BF470"/><U8/><BYE who="3" /><E104/><V127/><F117/><W42/><G42/><T24/><D3/><U106/><E106/><V132/><F127/><W110/><G110/><T84/><D105/><U55/><E33/><V100/><F34/><W53/><G53/><T23/><D77/><UN n3="%E3%82%A6%E3%83%AB%E3%83%88%E3%83%A9%E7%AB%8B%E7%9B%B4" /><U82/><E125/><V46/><F46/><W96/><G119/><T47/><D121/><U16/><E70/><V10/><F35/><W9/><G51/><T87/><D98/><U85/><E41/><V27/><F27/><W113/><G96/><T123/><D123/><U93/><E93/><V38/><F38/><W19/><G19/><T73/><D73/><U86/><E45/><V79/><F26/><N who="0" m="10346" /><D88/><U122/><E122/><V61/><F61/><W40/><G113/><T48/><D47/><U76/><E76/><N who="2" m="29227" /><F18/><W112/><G80/><T133/><D133/><N who="2" m="51306" /><F10/><AGARI ba="0,0" hai="8,10,12,13,16,17,54,55,64,66,82,83,85,86" machi="10" ten="25,9600,0" yaku="22,2,8,1,54,1" doraHai="0" who="1" fromWho="2" sc="250,0,270,96,230,-96,250,0" /><INIT seed="1,1,0,0,2,36" ten="250,366,134,250" oya="1" hai0="48,9,113,47,86,62,73,27,134,21,11,50,75" hai1="112,74,81,31,53,12,29,28,37,0,125,126,1" hai2="40,85,61,20,15,43,88,101,19,127,130,106,16" hai3="34,60,57,3,122,10,105,55,2,68,123,39,59" shuffle="mt19937ar,B6BADB21,D24E3389,8A643513,CF6AB050,99DF386E,296A2F8C,DA300F10,39CC5123"/><U71/><E112/><V64/><F127/><N who="1" m="48649" /><E71/><V17/><F130/><W135/><G105/><T89/><D113/><U26/><E37/><V121/><F121/><W117/><G34/><T77/><D134/><U90/><E53/><V52/><F106/><W79/><G79/><T87/><D77/><N who="1" m="44215" /><E90/><V63/><F101/><W98/><G55/><T69/><D62/><U42/><E42/><N who="2" m="15915" /><F63/><W92/><G60/><T22/><D69/><U104/><E104/><V45/><F64/><W78/><G68/><T133/><D133/><U14/><E26/><V8/><F20/><W7/><G39/><T76/><D76/><U33/><E33/><V129/><F129/><W93/><G78/><T109/><D27/><U119/><E119/><V18/><F18/><W70/><G117/><T32/><D32/><U124/><N who="1" m="48657" /><U107/><DORA hai="51" /><E107/><V72/><F72/><W91/><G70/><T65/><D65/><U100/><E100/><V96/><F96/><W24/><G98/><T56/><D56/><U97/><E97/><V128/><F128/><W38/><G38/><T132/><D132/><U99/><E99/><V95/><F45/><W13/><G135/><T35/><D35/><U116/><E116/><V114/><F114/><W46/><G46/><T6/><D47/><U4/><E0/><V111/><F111/><W80/><G3/><T83/><D109/><U44/><E44/><V25/><F25/><W120/><G24/><T118/><D118/><U103/><E103/><V66/><F66/><W54/><G2/><T131/><D131/><U102/><E102/><V58/><AGARI ba="1,0" hai="8,15,16,17,19,52,58,61,85,88,95" m="15915" machi="58" ten="30,16000,3" yaku="5,1,8,1,52,4,54,3" doraHai="36,51" who="2" fromWho="2" sc="250,-41,366,-81,134,163,250,-41" /><INIT seed="2,0,0,2,1,12" ten="209,285,297,209" oya="2" hai0="112,129,26,80,33,114,52,106,61,68,98,47,21" hai1="121,123,66,73,11,14,109,104,88,43,101,110,71" hai2="115,79,25,69,74,16,119,59,42,95,87,111,124" hai3="37,18,32,128,40,75,89,86,131,120,2,103,20" shuffle="mt19937ar,777A8CC7,9F3137CE,1F9ED99D,E624FB22,7C672F16,A0C5AEFF,DD8F50ED,8ADE5CBA"/><V36/><F69/><W105/><G32/><T91/><D33/><U117/><E73/><V30/><F119/><W5/><G2/><T116/><D129/><N who="3" m="49737" /><G5/><T78/><D116/><U46/><E66/><V92/><F115/><W34/><G34/><T44/><D68/><U90/><E71/><V19/><F124/><W24/><G75/><T99/><D98/><N who="1" m="61495" /><E117/><V113/><F113/><W17/><G120/><N who="1" m="46154" /><E46/><V108/><F74/><W15/><G103/><T130/><D130/><U50/><E50/><V132/><F132/><W45/><G105/><T0/><D0/><U38/><E38/><V70/><F70/><W41/><G41/><T4/><D4/><N who="1" m="3431" /><E43/><V13/><F42/><W39/><G39/><T3/><D114/><U125/><E125/><V10/><F36/><W7/><G7/><T57/><D112/><U27/><E27/><V54/><F79/><W83/><G15/><T29/><D3/><U94/><E90/><N who="2" m="53343" /><F95/><W62/><G62/><T76/><D76/><U65/><E65/><V102/><F102/><W22/><G22/><T49/><D106/><U84/><AGARI ba="0,0" hai="84,88,94,109,110" m="3431,46154,61495" machi="84" ten="30,2000,0" yaku="13,1,54,1" doraHai="12" who="1" fromWho="1" sc="209,-5,285,20,297,-10,209,-5" /><INIT seed="3,0,0,5,5,98" ten="204,305,287,204" oya="3" hai0="21,47,63,68,123,93,11,117,40,71,25,56,95" hai1="69,37,60,112,53,2,121,48,16,17,0,128,74" hai2="127,36,122,104,89,132,125,44,97,79,12,8,35" hai3="39,42,58,102,72,116,76,109,118,22,61,80,70" shuffle="mt19937ar,E81843BE,CC4E0EC2,3D1C0067,888BEE03,6BAE731E,E9E4BA4F,B7E81372,FF76EC59"/><W18/><G70/><T88/><D123/><U113/><E121/><V57/><F122/><W3/><G3/><T10/><D117/><U46/><E74/><V90/><F35/><W24/><G109/><T23/><D71/><U103/><E103/><N who="2" m="62575" /><F79/><W83/><G83/><T87/><D68/><U78/><E78/><V7/><F57/><W99/><G42/><T91/><D23/><U105/><E105/><V85/><F85/><W126/><G39/><T110/><D110/><U62/><E128/><V75/><F75/><W9/><G9/><T115/><D115/><N who="1" m="44107" /><E60/><V94/><F94/><W114/><G114/><T101/><D101/><U4/><E0/><V34/><F34/><W55/><REACH who="3" step="1"/><G126/><REACH who="3" step="2"/><N who="2" m="48137" /><F132/><W66/><G66/><N who="0" m="39271" /><D40/><AGARI ba="0,1" hai="7,8,12,36,40,44,89,90" m="48137,62575" machi="40" ten="30,2000,0" yaku="18,1,52,1" doraHai="98" who="2" fromWho="0" sc="204,-20,305,0,287,30,194,0" owari="184,-22,305,6,317,32,194,-16" /></mjloggm>