<mjloggm ver="2.3"><GO type="193"/><UN n0="%79%61%73%61" n1="%7A%75%62%6F%72%61" n2="%42%65%5A%65%6E" n3="%E3%82%A6%E3%83%AB%E3%83%88%E3%83%A9%E7%AB%8B%E7%9B%B4" dan="12,12,12,12" rate="1766,1680,1827,1740" sx="M,M,M,M"/><TAIKYOKU oya="0"/><INIT seed="0,0,0,1,3,5" ten="250,250,250,250" oya="0" hai0="134,105,28,45,113,85,95,48,67,21,75,41,131" hai1="44,123,37,121,83,23,53,132,107,7,47,90,100" hai2="118,3,111,1,79,31,89,17,108,116,93,104,55" hai3="25,92,68,51,49,8,15,74,2,12,133,16,11" shuffle="mt19937ar,BA5D4B20,0CA1F1A0,FF3DE24F,C7A69E11,2A109C9F,85B50488,07534A72,F6D7C6C3"/><T40/><D113/><U14/><E132/><V76/><F104/><W110/><G68/><T52/><D134/><U56/><E37/><V135/><F31/><W88/><G74/><T27/><D131/><U112/><E112/><V81/><F135/><W98/><G2/><N who="2" m="521" /><F55/><W54/><G133/><T4/><D75/><U46/><E107/><V50/><F50/><W6/><G110/><N who="2" m="42025" /><F17/><W77/><G77/><N who="2" m="29769" /><F81/><W61/><G25/><T122/><D4/><U126/><E121/><V20/><F20/><W71/><G71/><T127/><D127/><U129/><E126/><V70/><F70/><W39/><G39/><T124/><D124/><U120/><E123/><V57/><F57/><AGARI ba="0,0" hai="6,8,11,12,15,16,49,51,54,57,61,88,92,98" machi="57" ten="40,8000,1" yaku="8,1,52,2,54,2" doraHai="5" who="3" fromWho="2" sc="250,0,250,0,250,-80,250,80" /><INIT seed="1,0,0,4,5,75" ten="250,250,170,330" oya="1" hai0="47,116,37,86,56,114,31,122,118,36,64,107,100" hai1="104,99,39,73,29,24,54,40,110,41,9,127,65" hai2="81,10,87,131,20,25,49,8,134,66,67,119,105" hai3="6,94,52,15,102,79,5,33,125,111,89,59,21" shuffle="mt19937ar,BF20417D,47585AFC,7AD4B185,315D0DDB,8CAAE647,DC9195F6,6A2E4626,CD0B2E46"/><U28/><E99/><V14/><F105/><W34/><G33/><T82/><D122/><U48/><E104/><V132/><F119/><W51/><G34/><T44/><D114/><U135/><E135/><N who="2" m="51755" /><F131/><W120/><G120/><T95/><D31/><U35/><E73/><V61/><F49/><W18/><G111/><T74/><D74/><U109/><E127/><V42/><F42/><N who="1" m="16489" /><E29/><N who="2" m="17575" /><F14/><W7/><G125/><T0/><D0/><U71/><E39/><V70/><F66/><W50/><G102/><T77/><D107/><U69/><E65/><V26/><F26/><W124/><G124/><T19/><D37/><U92/><E92/><V128/><F128/><W97/><G51/><T117/><D36/><U133/><E133/><V98/><F98/><W78/><AGARI ba="0,0" hai="5,6,7,15,18,21,50,52,59,78,79,89,94,97" machi="78" ten="30,8000,1" yaku="0,1,8,1,52,2,54,1" doraHai="75" who="3" fromWho="3" sc="250,-20,250,-40,170,-20,330,80" /><INIT seed="2,0,0,4,5,96" ten="230,210,150,410" oya="2" hai0="101,119,88,69,110,120,95,74,86,59,67,9,131" hai1="53,17,94,61,30,72,127,15,92,50,22,64,68" hai2="132,56,82,91,93,99,20,133,46,44,49,51,112" hai3="31,130,40,117,7,80,81,106,104,47,0,8,29" shuffle="mt19937ar,5CDB17B3,70C9E8F0,5963BD5A,A12C906F,94AB6512,934211FF,75048562,5CE8BB19"/><V85/><F112/><W97/><G117/><T60/><D110/><U37/><E72/><V48/><F20/><W121/><G121/><T52/><D119/><U32/><E37/><V63/><F133/><W33/><G130/><T111/><D131/><U38/><E38/><V6/><F6/><W90/><G81/><T113/><D113/><U62/><E62/><V12/><F12/><W41/><G41/><T84/><D111/><U125/><E30/><V5/><F5/><W42/><G42/><T16/><D120/><U58/><E32/><V87/><F132/><W89/><G89/><T27/><D74/><U71/><REACH who="1" step="1"/><E68/><REACH who="1" step="2"/><V11/><F11/><W65/><G31/><T3/><D69/><U115/><E115/><V126/><F126/><AGARI ba="0,1" hai="15,17,22,50,53,58,61,64,71,92,94,125,126,127" machi="126" ten="40,5200,0" yaku="1,1,18,1,53,1" doraHai="96" doraHaiUra="54" who="1" fromWho="2" sc="230,0,200,62,150,-52,410,0" /><INIT seed="3,0,0,4,1,134" ten="230,262,98,410" oya="3" hai0="106,103,16,116,26,41,98,129,126,122,109,123,114" hai1="10,48,64,36,80,111,75,62,97,130,112,92,44" hai2="84,58,8,34,39,20,68,0,6,110,96,1,60" hai3="18,132,46,91,93,2,127,30,35,52,107,17,32" shuffle="mt19937ar,66CD37C5,39A77D49,B5E98A78,813DD828,9A5AA268,7AFB194F,BE53EF09,7B5827FB"/><W13/><G52/><T42/><D26/><U88/><E75/><V28/><F110/><W108/><G91/><T120/><D16/><U66/><E112/><V125/><F39/><W95/><G93/><T133/><D42/><U50/><E111/><V63/><F125/><W31/><G95/><T105/><D41/><U119/><E130/><V113/><F0/><W56/><G107/><T4/><D4/><U85/><E119/><V43/><F113/><W21/><G56/><T82/><D126/><U38/><E10/><V81/><F43/><W51/><G46/><T24/><D24/><U71/><E66/><V65/><F34/><W94/><G51/><T7/><D7/><U118/><E118/><V104/><F104/><N who="0" m="40042" /><D116/><U69/><E69/><V90/><F96/><W87/><G94/><N who="0" m="58839" /><D109/><U54/><REACH who="1" step="1"/><E50/><REACH who="1" step="2"/><V89/><F68/><W121/><G108/><T78/><D114/><U86/><E86/><V9/><F63/><W73/><G87/><N who="0" m="48599" /><D129/><U22/><E22/><V102/><F102/><AGARI ba="0,1" hai="36,38,44,48,54,62,64,71,80,85,88,92,97,102" machi="102" ten="30,7700,0" yaku="1,1,7,1,54,1,53,1" doraHai="134" doraHaiUra="59" who="1" fromWho="2" sc="230,0,252,87,98,-77,410,0" owari="230,-12,339,9,21,-38,410,41" /></mjloggm>