<mjloggm ver="2.3"><GO type="193"/><UN n0="%E3%82%82%E3%81%A8%E3%81%9E%E3%81%86" n1="%6E%69%70%70%6C" n2="%E3%82%A6%E3%83%AB%E3%83%88%E3%83%A9%E7%AB%8B%E7%9B%B4" n3="%68%69%72%6F%34%31%34" dan="11,10,12,10" rate="1647,1835,1766,1786" sx="M,M,M,M"/><TAIKYOKU oya="0"/><INIT seed="0,0,0,4,0,96" ten="250,250,250,250" oya="0" hai0="114,97,104,19,89,106,133,119,107,71,53,10,27" hai1="132,32,78,81,113,21,47,98,69,33,44,68,41" hai2="95,22,58,16,20,2,127,8,11,7,72,61,0" hai3="131,73,130,125,42,93,24,124,102,51,43,60,52" shuffle="mt19937ar,54A231ED,ABA76FF5,35FCA6D5,D11BA648,4A578C48,AC9BE89B,825D0CF9,AEB360DB"/><T134/><D119/><U77/><E132/><N who="0" m="50793" /><D114/><U13/><E113/><V75/><F127/><N who="3" m="48715" /><G73/><T129/><D71/><U66/><E66/><V12/><F75/><W63/><G24/><T3/><D129/><N who="3" m="49161" /><G93/><N who="0" m="56495" /><D53/><U30/><E13/><V105/><F105/><N who="0" m="26882" /><T128/><DORA hai="35" /><D128/><U92/><E69/><V88/><F72/><W111/><G102/><T135/><N who="0" m="50801" /><T26/><DORA hai="118" /><D19/><U39/><E68/><V76/><F76/><W100/><G100/><T48/><D48/><U116/><E116/><V29/><F29/><W57/><G111/><T80/><D80/><U115/><E78/><V64/><REACH who="2" step="1"/><F2/><REACH who="2" step="2"/><W83/><G83/><T90/><D90/><U123/><E115/><V40/><F40/><AGARI ba="0,1" hai="40,42,43,51,52,57,60,63" m="49161,48715" machi="40" ten="30,8000,1" yaku="18,1,19,1,34,2,54,1" doraHai="96,35,118" who="3" fromWho="2" sc="250,0,250,0,240,-80,250,90" /><INIT seed="1,0,0,2,2,54" ten="250,250,160,340" oya="1" hai0="135,32,58,94,5,87,86,55,59,8,3,122,82" hai1="53,18,100,62,126,28,90,124,33,60,102,84,107" hai2="31,97,39,46,0,44,128,99,131,26,79,71,70" hai3="50,89,68,78,120,23,81,10,61,125,133,105,21" shuffle="mt19937ar,1F6BEEF8,3E71986A,CB7D619A,8A30DE23,C009C722,815760B0,3631D952,7F6E3120"/><U85/><E18/><V123/><F26/><W80/><G105/><T96/><D135/><U95/><E28/><V17/><F31/><W64/><G120/><T7/><D32/><U29/><E29/><V57/><F17/><W52/><G133/><T132/><D132/><U48/><E33/><V113/><F79/><W65/><G64/><T12/><D122/><U1/><E1/><V121/><F0/><W16/><G125/><N who="1" m="48234" /><E107/><V73/><F73/><W25/><G89/><N who="0" m="55375" /><D3/><U72/><E72/><V76/><F76/><W19/><G10/><N who="0" m="4175" /><D55/><U75/><E75/><V101/><F101/><N who="1" m="39017" /><E85/><V36/><REACH who="2" step="1"/><F113/><REACH who="2" step="2"/><W98/><G78/><N who="0" m="46423" /><D87/><U6/><E6/><V15/><F15/><W45/><REACH who="3" step="1"/><G98/><REACH who="3" step="2"/><T118/><D118/><U129/><E84/><V88/><F88/><W111/><G111/><T43/><D43/><U47/><E90/><V63/><F63/><W130/><G130/><T9/><D7/><U108/><E129/><V2/><F2/><W92/><G92/><T20/><D20/><U83/><E108/><V42/><F42/><W41/><G41/><T22/><D22/><U134/><E134/><V114/><F114/><W74/><G74/><T93/><D93/><U14/><E95/><V34/><F34/><W30/><G30/><T37/><D37/><U11/><E83/><V69/><F69/><W104/><G104/><T115/><D115/><U77/><E77/><V106/><F106/><W24/><AGARI ba="0,2" hai="16,19,21,23,24,25,45,50,52,61,65,68,80,81" machi="24" ten="20,12000,2" yaku="1,1,0,1,7,1,9,1,54,2,53,0" doraHai="54" doraHaiUra="4" who="3" fromWho="3" sc="250,-30,250,-60,150,-30,330,140" /><INIT seed="2,0,0,1,4,77" ten="220,190,120,470" oya="2" hai0="2,63,50,79,78,37,92,33,98,93,84,105,80" hai1="38,67,8,48,99,132,16,110,26,76,64,62,120" hai2="115,22,82,4,12,133,29,117,58,106,114,71,116" hai3="49,125,21,91,39,88,59,95,89,31,103,111,100" shuffle="mt19937ar,1B8A20C6,054966CD,E81EADFB,CA71F146,5473B803,320AA172,09A757CE,694DDD77"/><V70/><F58/><W135/><G39/><T74/><D63/><U96/><E110/><V121/><F12/><W54/><G111/><T41/><D50/><U0/><E38/><V32/><F22/><W131/><G125/><T43/><D41/><U27/><E120/><V68/><F29/><W20/><G131/><T46/><D33/><U42/><E132/><V122/><F4/><W25/><G135/><T57/><D57/><U109/><E109/><V61/><F32/><W1/><G1/><T3/><D3/><U53/><E42/><V75/><F75/><W35/><G35/><T83/><D105/><U11/><E76/><V44/><F106/><W86/><G21/><T17/><D17/><U126/><E126/><V52/><F82/><W112/><G112/><N who="2" m="43049" /><F133/><W45/><G45/><T123/><D123/><N who="2" m="47114" /><F61/><W66/><G66/><T18/><D18/><U5/><E62/><V107/><F107/><W108/><G108/><T102/><D93/><U7/><E0/><V55/><F44/><W13/><G13/><T28/><D2/><U81/><E81/><V101/><F101/><AGARI ba="0,0" hai="20,25,31,49,54,59,86,88,89,91,95,100,101,103" machi="101" ten="40,2600,0" yaku="8,1,54,1" doraHai="77" who="3" fromWho="2" sc="220,0,190,0,120,-26,470,26" /><INIT seed="3,0,0,4,2,86" ten="220,190,94,496" oya="3" hai0="5,12,19,80,37,126,20,1,47,69,38,7,83" hai1="73,45,53,85,100,57,66,111,130,61,120,118,127" hai2="27,97,16,113,124,89,132,33,79,133,28,128,29" hai3="52,3,90,123,41,25,84,13,63,125,77,76,48" shuffle="mt19937ar,B1713E7D,C0AC506C,11155B0B,27FCF2E1,CD52CD68,338EF2C3,BD5A4401,B4D4E028"/><W32/><G3/><T119/><D119/><U101/><E120/><V71/><F71/><W36/><G123/><T31/><D69/><U21/><E73/><V88/><F79/><W39/><G39/><T112/><D47/><U40/><E118/><V121/><F113/><W105/><G105/><T102/><D102/><U15/><E111/><V0/><F121/><W95/><G63/><T8/><D38/><U59/><E127/><V110/><F110/><W93/><G36/><T122/><D37/><U107/><E130/><V42/><F128/><W91/><G41/><T17/><D83/><U117/><E117/><V74/><F124/><W114/><G114/><T55/><D55/><U60/><E107/><V4/><F74/><W82/><G32/><T58/><D58/><U70/><E70/><V96/><F42/><W46/><G25/><N who="0" m="14479" /><D80/><U18/><REACH who="1" step="1"/><E85/><REACH who="1" step="2"/><V11/><F29/><W14/><G125/><T106/><D126/><U108/><E108/><V56/><F56/><W116/><G116/><T99/><D106/><U87/><E87/><V50/><F50/><AGARI ba="0,1" hai="15,18,21,40,45,50,53,57,59,60,61,66,100,101" machi="50" ten="30,3900,0" yaku="1,1,7,1,8,1,53,0" doraHai="86" doraHaiUra="109" who="1" fromWho="2" sc="220,0,180,49,94,-39,496,0" owari="220,-13,229,-2,55,-34,496,49" /></mjloggm>