<mjloggm ver="2.3"><GO type="41"/><UN n0="%E3%82%A6%E3%83%AB%E3%83%88%E3%83%A9%E7%AB%8B%E7%9B%B4" n1="%E3%82%B7%E3%83%A7%E3%82%BF" n2="%E5%A6%82%E6%9C%88" n3="%E5%86%86%E7%AD%92" dan="15,14,14,17" rate="1978,2002,2125,2062" sx="M,M,M,M"/><TAIKYOKU oya="0"/><INIT seed="0,0,0,4,3,94" ten="250,250,250,250" oya="0" hai0="52,124,59,133,50,76,107,73,114,39,12,128,58" hai1="38,90,17,24,102,44,131,62,121,81,75,41,87" hai2="5,110,99,11,18,23,112,78,57,109,93,22,105" hai3="28,88,31,126,104,123,97,4,71,85,21,15,45"/><T40/><D114/><U3/><E121/><V103/><F112/><W53/><G123/><T26/><D73/><U80/><E131/><V115/><F115/><W113/><G71/><T29/><D76/><U132/><E3/><V34/><F34/><W70/><G126/><T47/><D128/><U98/><E132/><V119/><F78/><W111/><G70/><T42/><D133/><U8/><E75/><V89/><F119/><W95/><G113/><T37/><D124/><U0/><E0/><V9/><F57/><W77/><G111/><N who="2" m="42505" /><F23/><W16/><G4/><T20/><D107/><U84/><E62/><V68/><F5/><W101/><G45/><T122/><D122/><U82/><E84/><N who="2" m="52391" /><F68/><W127/><G127/><T106/><D39/><U32/><E8/><V108/><F108/><W92/><G53/><T43/><D106/><U72/><E72/><V56/><F56/><W63/><G63/><T35/><REACH who="0" step="1"/><D59/><REACH who="0" step="2"/><U65/><E38/><V83/><F105/><W7/><G77/><T66/><D66/><U14/><E65/><V46/><F46/><W125/><G125/><T6/><D6/><U120/><E44/><V13/><F9/><W27/><REACH who="3" step="1"/><G104/><REACH who="3" step="2"/><T60/><D60/><U49/><E120/><V130/><F130/><W118/><G118/><T100/><D100/><U51/><E102/><V61/><F61/><W86/><G86/><T25/><D25/><U67/><E24/><V79/><F103/><W134/><G134/><T129/><D129/><U96/><E87/><N who="2" m="48639" /><F11/><AGARI ba="0,2" hai="7,11,15,16,21,27,28,31,85,88,92,95,97,101" machi="11" ten="40,12000,2" yaku="1,1,8,1,52,1,54,2,53,1" doraHai="94" doraHaiUra="2" who="3" fromWho="2" sc="240,0,250,0,250,-120,240,140" /><INIT seed="1,0,0,2,0,116" ten="240,250,130,380" oya="1" hai0="24,40,76,80,54,105,82,92,112,59,53,74,23" hai1="14,20,79,104,132,72,0,86,100,122,75,28,2" hai2="111,126,3,55,25,7,37,118,134,48,97,71,67" hai3="131,90,41,110,73,65,78,115,93,106,36,1,70"/><U85/><E132/><V42/><F118/><W133/><RYUUKYOKU type="yao9" ba="0,0" sc="240,0,250,0,130,0,380,0" hai3="1,36,41,65,70,73,78,90,93,106,110,115,131,133" /><INIT seed="1,1,0,4,0,88" ten="240,250,130,380" oya="1" hai0="103,117,11,37,47,64,129,7,115,46,10,31,50" hai1="58,108,61,130,22,29,135,116,19,12,128,28,27" hai2="16,121,89,51,111,40,85,92,126,34,112,120,123" hai3="75,4,107,73,119,53,74,49,71,96,91,124,104"/><U102/><E116/><V32/><F112/><W3/><G119/><T30/><D117/><U44/><E44/><V13/><F126/><W33/><G124/><T70/><D115/><U2/><E135/><V98/><F111/><W56/><G33/><T131/><D64/><U9/><E108/><V18/><F18/><W113/><G113/><T62/><D62/><U63/><E2/><V76/><F40/><W54/><G71/><T38/><D70/><U132/><E132/><V110/><F110/><W8/><REACH who="3" step="1"/><G54/><REACH who="3" step="2"/><T66/><D66/><N who="1" m="39223" /><E63/><V109/><F109/><W48/><G48/><T57/><D50/><U14/><E12/><V122/><F51/><W125/><G125/><T82/><D38/><U79/><E14/><V81/><N who="2" m="31232" /><DORA hai="25" /><V105/><REACH who="2" step="1"/><F105/><REACH who="2" step="2"/><W65/><G65/><T43/><D37/><U39/><E39/><V6/><F6/><W77/><G77/><T55/><D7/><U0/><E79/><V35/><F35/><W15/><G15/><T52/><D43/><U23/><E0/><V133/><F133/><W41/><G41/><T127/><D127/><U24/><E130/><V72/><F72/><W1/><G1/><T59/><D131/><U99/><E128/><V42/><F42/><W5/><G5/><T60/><D129/><U87/><E9/><AGARI ba="1,2" hai="9,13,16,32,34,76,81,85,89,92,98" m="31232" machi="9" ten="70,8000,1" yaku="1,1,52,1,54,1,53,0" doraHai="88,25" doraHaiUra="17,68" who="2" fromWho="1" sc="240,0,250,-83,120,103,370,0" /><INIT seed="2,0,0,4,5,14" ten="240,167,223,370" oya="2" hai0="125,111,118,3,74,109,53,56,36,119,16,105,12" hai1="96,69,86,37,57,49,41,93,75,35,48,26,94" hai2="59,4,91,103,112,88,19,135,81,32,6,11,65" hai3="85,116,89,28,110,107,38,27,10,84,108,2,131"/><V70/><F70/><W63/><G107/><T15/><D36/><U51/><E75/><V104/><F32/><W117/><G38/><T128/><D3/><U9/><E69/><V67/><F112/><W22/><G131/><T21/><D105/><U122/><E122/><V97/><F135/><W45/><G84/><T100/><D100/><U76/><E37/><V101/><F101/><W33/><G45/><T77/><D128/><U40/><E35/><V47/><F47/><W71/><G71/><T134/><D134/><U90/><E76/><V52/><F67/><W79/><G63/><N who="0" m="36239" /><D125/><U121/><E121/><V46/><F46/><W44/><G44/><T61/><D61/><U31/><E57/><V0/><F65/><W42/><G79/><T120/><D120/><U130/><E130/><V80/><F6/><W66/><G42/><T13/><D77/><U50/><E9/><V29/><F29/><W5/><G66/><T54/><D54/><U127/><E127/><V98/><F98/><W126/><G126/><T114/><D74/><U55/><E55/><V30/><F30/><W68/><G68/><T129/><D114/><U99/><E86/><V87/><F52/><W132/><G33/><T115/><D115/><U18/><E31/><V24/><F59/><W133/><G133/><T83/><D83/><N who="2" m="31818" /><F87/><W95/><REACH who="3" step="1"/><G132/><REACH who="3" step="2"/><T43/><D43/><U39/><E39/><V8/><F104/><W123/><G123/><T25/><D129/><U1/><E48/><V62/><F62/><W7/><G7/><T92/><D92/><U106/><E106/><V17/><F4/><RYUUKYOKU ba="0,1" sc="240,15,167,-15,223,-15,360,15" hai0="12,13,15,16,21,25,109,111,118,119" hai3="2,5,10,22,27,28,85,89,95,108,110,116,117" /><INIT seed="3,1,1,2,4,52" ten="255,152,208,375" oya="3" hai0="45,29,119,134,30,4,2,47,40,103,74,96,132" hai1="85,38,61,114,69,49,27,67,129,122,1,58,121" hai2="83,9,128,133,70,105,78,94,51,37,63,120,17" hai3="113,79,72,11,97,77,7,8,46,82,66,118,112"/><W60/><G118/><T117/><D74/><U84/><E1/><V109/><F105/><W135/><G135/><N who="0" m="51755" /><D4/><U87/><E114/><V99/><F133/><W21/><G79/><T106/><D2/><U42/><E129/><V23/><F37/><W110/><G110/><T55/><D55/><N who="1" m="32111" /><E27/><V124/><F128/><W12/><G46/><AGARI ba="1,1" hai="38,42,46,61,67,69,84,85,87,121,122" m="32111" machi="46" ten="30,2000,0" yaku="24,1,52,1" doraHai="52" who="1" fromWho="3" sc="255,0,152,33,208,0,375,-23" /><INIT seed="4,0,0,2,4,6" ten="255,185,208,352" oya="0" hai0="17,124,40,70,88,71,13,19,105,47,87,27,36" hai1="133,113,53,60,5,102,4,114,118,129,24,111,89" hai2="93,23,64,81,46,1,98,12,0,37,121,67,96" hai3="72,125,119,107,30,79,112,31,42,123,132,76,11"/><T130/><D105/><U78/><E118/><V127/><F121/><W77/><G107/><T66/><D124/><U58/><E111/><V90/><F127/><W52/><G125/><T68/><D130/><U48/><E129/><V38/><F81/><W122/><G119/><T104/><D104/><U50/><E133/><V55/><F23/><W128/><G128/><T74/><D74/><U29/><E102/><V73/><F73/><W25/><G42/><T39/><D39/><U35/><E78/><V26/><F26/><W18/><G132/><T117/><D117/><U134/><E134/><V101/><F0/><W97/><G112/><N who="1" m="43114" /><E89/><V120/><F1/><W41/><G41/><T15/><D66/><U20/><E35/><V59/><F37/><W2/><G72/><T80/><D27/><U86/><E86/><V110/><F110/><W126/><G97/><T33/><D33/><U92/><E92/><V109/><F109/><W83/><G83/><T135/><REACH who="0" step="1"/><D135/><REACH who="0" step="2"/><U95/><E24/><V56/><F38/><W108/><G126/><T44/><D44/><U3/><E29/><V99/><F46/><W51/><G108/><T75/><D75/><U14/><E3/><V84/><F64/><W28/><G2/><T106/><D106/><U57/><E48/><V103/><F67/><W85/><G123/><T62/><D62/><U32/><E32/><V34/><F34/><W45/><G122/><T16/><AGARI ba="0,1" hai="13,15,16,17,19,36,40,47,68,70,71,80,87,88" machi="16" ten="40,12000,1" yaku="1,1,0,1,54,2,53,0" doraHai="6" doraHaiUra="91" who="0" fromWho="0" sc="245,130,185,-40,208,-40,352,-40" /><INIT seed="4,1,0,3,1,31" ten="375,145,168,312" oya="0" hai0="119,5,51,114,43,57,105,99,61,17,60,25,79" hai1="130,40,28,132,10,106,58,134,131,21,124,30,70" hai2="62,71,109,38,39,133,90,44,102,76,65,13,74" hai3="68,80,18,12,92,27,87,101,14,26,121,34,64"/><T1/><D119/><U84/><E106/><V41/><F102/><W83/><G121/><T67/><D5/><U77/><E70/><V96/><F76/><W125/><G125/><T111/><D1/><U19/><E40/><V29/><F74/><W46/><G64/><T22/><D114/><U75/><E77/><V15/><F133/><N who="1" m="51305" /><E84/><V6/><F109/><W66/><G46/><T56/><D111/><U97/><E97/><V3/><F38/><W93/><G66/><T59/><D79/><U2/><E75/><V4/><F3/><W107/><G18/><T11/><D105/><U126/><E58/><V86/><F96/><W104/><G87/><T0/><D99/><U127/><E10/><V53/><F29/><N who="1" m="11369" /><E2/><V118/><F118/><W89/><G68/><T36/><D36/><U73/><E73/><V45/><F15/><AGARI ba="1,0" hai="15,19,21,124,126,127,130,131" m="11369,51305" machi="15" ten="40,12000,2" yaku="30,2,18,1,20,1,34,2" doraHai="31" who="1" fromWho="2" sc="375,0,145,123,168,-123,312,0" /><INIT seed="5,0,0,4,1,55" ten="375,268,45,312" oya="1" hai0="21,28,1,35,122,77,134,123,25,76,8,99,65" hai1="39,9,49,85,92,112,118,133,30,86,31,53,26" hai2="60,79,90,15,102,40,46,33,103,14,84,98,105" hai3="113,106,22,59,87,115,125,5,36,10,16,32,95"/><U12/><E39/><V38/><F33/><W52/><G106/><T130/><D65/><U29/><E118/><V62/><F102/><W132/><G32/><T97/><D35/><U131/><E112/><N who="3" m="43082" /><G132/><T91/><D134/><U70/><E133/><V126/><F126/><W72/><G125/><T4/><D130/><U88/><E131/><V20/><F79/><N who="0" m="30282" /><D97/><U109/><E70/><V111/><F111/><W66/><G72/><T0/><D99/><N who="1" m="57735" /><E109/><V82/><F20/><W120/><G66/><T89/><D1/><U74/><E26/><V68/><F68/><W94/><G87/><T110/><D110/><U116/><E74/><V3/><F3/><N who="3" m="319" /><G120/><AGARI ba="0,0" hai="0,4,8,21,25,28,89,91,120,122,123" m="30282" machi="120" ten="30,1000,0" yaku="13,1" doraHai="55" who="0" fromWho="3" sc="375,10,268,0,45,0,312,-10" /><INIT seed="6,0,0,2,0,65" ten="385,268,45,302" oya="2" hai0="98,134,81,58,120,53,110,44,8,43,41,3,34" hai1="25,31,108,37,73,103,88,82,29,95,23,32,112" hai2="12,5,14,75,63,125,46,22,84,15,54,90,70" hai3="60,105,72,35,56,85,30,18,121,91,127,62,130"/><V119/><F75/><W50/><G105/><T7/><D34/><U80/><E108/><V94/><F119/><W89/><G121/><T99/><D120/><U20/><E37/><V47/><F125/><W83/><G127/><T28/><D28/><U59/><E32/><V123/><F123/><W122/><G122/><T68/><D68/><U86/><E73/><V116/><F116/><W57/><G130/><T135/><D81/><U1/><E1/><V69/><F5/><W102/><G102/><T67/><D67/><U92/><E112/><V52/><F22/><W106/><G106/><T131/><D131/><U104/><E104/><V107/><F107/><W13/><G30/><T17/><D17/><U9/><E9/><V6/><F6/><W132/><G132/><N who="0" m="50731" /><D110/><U40/><E40/><N who="0" m="15433" /><D44/><U96/><E59/><V39/><F39/><W38/><G38/><T2/><D2/><U42/><E42/><V117/><F117/><W21/><G35/><T11/><D11/><U109/><E109/><V74/><F74/><W128/><G128/><T114/><D114/><U49/><E49/><AGARI ba="0,0" hai="3,7,8,49,53,58,98,99" m="15433,50731" machi="49" ten="30,1000,0" yaku="20,1" doraHai="65" who="0" fromWho="1" sc="385,10,268,-10,45,0,302,0" /><INIT seed="7,0,0,5,4,16" ten="395,258,45,302" oya="3" hai0="10,18,93,47,118,75,8,132,6,27,33,84,79" hai1="103,92,78,5,107,134,86,17,122,52,12,48,76" hai2="14,110,63,3,74,102,104,69,121,95,81,82,24" hai3="124,0,101,88,66,13,133,50,112,20,40,56,26"/><W94/><G0/><T64/><D118/><U62/><E122/><V126/><F63/><N who="3" m="38247" /><G101/><T21/><D33/><U97/><E134/><V1/><F24/><W29/><G133/><T42/><D75/><U49/><E5/><V35/><F14/><W60/><G124/><T51/><D132/><U89/><E62/><V100/><F95/><W41/><G60/><T22/><D64/><U54/><E54/><V30/><F30/><W7/><G112/><T99/><D21/><U114/><E114/><V96/><F96/><N who="3" m="57415" /><G50/><T9/><D6/><U38/><E38/><V61/><F61/><W106/><G106/><T58/><D58/><U109/><E109/><V55/><F55/><W119/><G119/><T131/><D131/><U123/><E48/><V43/><F43/><W11/><AGARI ba="0,0" hai="7,11,13,20,26,29,40,41" m="57415,38247" machi="11" ten="30,6000,0" yaku="8,1,52,1,54,1" doraHai="16" who="3" fromWho="3" sc="395,-20,258,-20,45,-20,302,60" /><INIT seed="7,1,0,5,2,9" ten="375,238,25,362" oya="3" hai0="84,97,34,4,86,44,60,42,22,25,125,118,18" hai1="72,51,124,73,111,49,70,23,99,5,132,106,104" hai2="54,109,2,36,75,117,14,114,21,63,40,24,27" hai3="87,38,85,32,94,43,10,108,28,66,46,78,59"/><W120/><G120/><T77/><D118/><U91/><E111/><V13/><F63/><W45/><G108/><T8/><D34/><U33/><E5/><V30/><F54/><W122/><G122/><T98/><D60/><U55/><E55/><V79/><F79/><W31/><G32/><T127/><D97/><U134/><E23/><N who="2" m="15647" /><F40/><W52/><G66/><T57/><D98/><U15/><E91/><V89/><F89/><N who="3" m="53551" /><G43/><T12/><D57/><U82/><E33/><V61/><F61/><N who="3" m="36071" /><G38/><N who="0" m="21591" /><D77/><U133/><E70/><V96/><F36/><W71/><G71/><T80/><D80/><U41/><E41/><V123/><F75/><N who="1" m="28745" /><E99/><V48/><F96/><W7/><G87/><T135/><D135/><N who="1" m="34563" /><U90/><DORA hai="74" /><E124/><AGARI ba="1,0" hai="4,8,12,18,22,25,84,86,124,125,127" m="21591" machi="124" ten="30,2000,0" yaku="18,1,52,1" doraHai="9,74" who="0" fromWho="1" sc="375,23,238,-23,25,0,362,0" owari="398,49,215,-18,25,-47,362,16" /></mjloggm>