<mjloggm ver="2.3"><GO type="41"/><UN n0="%E3%81%97%E3%82%85%E3%81%86%E3%81%A1%E3%82%83%E3%82%93%E2%99%AA" n1="%E7%84%A1%E5%8F%8C%E3%81%AE%EF%BC%96%E6%89%93%E3%81%A1%E3%81%A6%E3%81%88" n2="%E3%82%A6%E3%83%AB%E3%83%88%E3%83%A9%E7%AB%8B%E7%9B%B4" n3="%E3%81%AE%E3%81%A9%E3%81%A3%E3%81%A1%2E" dan="14,14,14,17" rate="1949,1889,1964,2038" sx="M,M,M,F"/><TAIKYOKU oya="0"/><INIT seed="0,0,0,5,3,126" ten="250,250,250,250" oya="0" hai0="72,95,29,80,38,20,26,118,42,67,31,117,56" hai1="113,115,75,122,4,106,125,64,16,22,52,17,108" hai2="27,51,105,32,39,33,24,124,130,73,59,83,98" hai3="129,0,88,133,6,19,96,128,68,74,50,97,131"/><T134/><D38/><U41/><E122/><V135/><F51/><W57/><G68/><T87/><D42/><U81/><E106/><V114/><F59/><W13/><G133/><T54/><D67/><U62/><E41/><V102/><F27/><W132/><G132/><T43/><D43/><U77/><E4/><V123/><F24/><W116/><G116/><T90/><D134/><U60/><E125/><V49/><F49/><W70/><G70/><T94/><D31/><U127/><E127/><V44/><F44/><W103/><G74/><T120/><D120/><U5/><E5/><V84/><F84/><W69/><G69/><T101/><D95/><U66/><E52/><V76/><F124/><W35/><G35/><N who="2" m="13385" /><F135/><W28/><G28/><T78/><REACH who="0" step="1"/><D101/><REACH who="0" step="2"/><U99/><E66/><V1/><F39/><W119/><G103/><T9/><D9/><U110/><E64/><V100/><F100/><W8/><G119/><T12/><D12/><U18/><E22/><V91/><F123/><W89/><G0/><T37/><D37/><U53/><E53/><V121/><F121/><W48/><G57/><T63/><AGARI ba="0,1" hai="20,26,29,54,56,63,72,78,80,87,90,94,117,118" machi="63" ten="20,7800,0" yaku="1,1,0,1,7,1,53,1" doraHai="126" doraHaiUra="104" who="0" fromWho="0" sc="240,88,250,-26,250,-26,250,-26" /><INIT seed="0,1,0,2,0,19" ten="328,224,224,224" oya="0" hai0="7,43,24,115,94,74,107,90,119,116,105,0,14" hai1="134,97,64,120,29,126,66,45,51,67,12,46,70" hai2="62,27,25,18,26,80,77,68,86,96,30,75,82" hai3="73,34,103,109,22,31,122,52,38,23,108,39,93"/><T99/><D0/><U71/><E120/><V44/><F96/><N who="3" m="59791" /><G73/><T121/><D121/><U78/><E78/><V128/><F128/><W95/><G122/><T56/><D115/><U36/><E97/><V40/><F18/><W28/><G34/><T55/><D43/><N who="1" m="22759" /><E29/><N who="3" m="11338" /><G95/><T83/><D24/><U57/><E12/><V9/><F9/><W33/><G33/><T101/><D105/><U59/><E126/><V10/><F10/><W3/><G3/><T118/><D14/><U85/><E85/><V123/><F123/><W5/><G5/><T53/><D7/><U35/><E134/><V20/><F80/><W48/><G39/><T54/><D74/><U117/><E35/><V50/><F75/><W130/><G38/><T104/><REACH who="0" step="1"/><D56/><REACH who="0" step="2"/><N who="1" m="21579" /><E117/><V17/><REACH who="2" step="1"/><F30/><REACH who="2" step="2"/><W72/><G72/><T111/><D111/><U69/><E69/><V1/><F1/><W129/><G109/><T6/><D6/><U79/><E79/><V32/><F32/><W37/><G108/><T91/><D91/><U98/><E98/><V131/><F131/><W47/><G130/><T84/><AGARI ba="1,2" hai="53,54,55,83,84,90,94,99,101,104,107,116,118,119" machi="84" ten="40,3900,0" yaku="1,1,0,1,53,0" doraHai="19" doraHaiUra="13" who="0" fromWho="0" sc="318,62,224,-14,214,-14,224,-14" /><INIT seed="0,2,0,1,4,20" ten="380,210,200,210" oya="0" hai0="19,70,11,53,135,33,59,85,95,4,126,130,102" hai1="117,93,7,67,109,71,79,91,62,86,27,124,66" hai2="26,30,96,108,29,112,125,114,73,50,123,55,58" hai3="13,133,14,119,16,121,25,98,88,12,107,21,39"/><T5/><D70/><U40/><E117/><V81/><F123/><W15/><G39/><T6/><D33/><U89/><E79/><V110/><F30/><W57/><G119/><T115/><D115/><U128/><E67/><V23/><F125/><W132/><G121/><T65/><D126/><U2/><E124/><V64/><F64/><W60/><G107/><T104/><D104/><U34/><E40/><V122/><F122/><W52/><N who="3" m="3584" /><DORA hai="3" /><W45/><G45/><T24/><D11/><U47/><E47/><V48/><F48/><W103/><G103/><T0/><D0/><U38/><E38/><V35/><F35/><W118/><G118/><T54/><D135/><U72/><E72/><V69/><F69/><W37/><G37/><T83/><D65/><U9/><E128/><V61/><F50/><W116/><G116/><T77/><D130/><U36/><E36/><V113/><F96/><W111/><G111/><N who="2" m="42537" /><F81/><W80/><G80/><T51/><D54/><U82/><E109/><V131/><F131/><W74/><G74/><AGARI ba="2,0" hai="23,26,29,55,58,61,73,74,112,113,114" m="42537" machi="74" ten="40,2600,0" yaku="14,1,52,1" doraHai="20,3" who="2" fromWho="3" sc="380,0,210,0,200,32,210,-32" /><INIT seed="1,0,0,4,1,128" ten="380,210,232,178" oya="1" hai0="69,85,93,97,99,33,54,87,117,32,38,49,40" hai1="9,1,24,110,0,13,123,31,47,30,107,44,7" hai2="76,95,23,73,18,46,21,19,43,131,118,89,62" hai3="106,126,103,78,135,27,5,74,105,36,124,109,25"/><U101/><E123/><V35/><F118/><W58/><G36/><T104/><D117/><U83/><E31/><V2/><F2/><W116/><G116/><T41/><D69/><U75/><E110/><V82/><F35/><W39/><G39/><T72/><D72/><U112/><E112/><V50/><F131/><W88/><G5/><T111/><D38/><U81/><E101/><V127/><F127/><N who="3" m="48683" /><G58/><T10/><D111/><U133/><E107/><N who="3" m="40970" /><G109/><T16/><D32/><U59/><E59/><V77/><F62/><W26/><G103/><T61/><D104/><U79/><E0/><V66/><F66/><W120/><G120/><T56/><D33/><U121/><E121/><V94/><F46/><W42/><G42/><N who="0" m="16491" /><D61/><U51/><E1/><V98/><F43/><W113/><G113/><T114/><D114/><U37/><E37/><V55/><F50/><W102/><G102/><N who="0" m="60719" /><D99/><U70/><E70/><V29/><F55/><W53/><G53/><T65/><D65/><U84/><E51/><V122/><F122/><W86/><G78/><T34/><D34/><U92/><E79/><V57/><F57/><W119/><G74/><T45/><D56/><U22/><E75/><V100/><F77/><W129/><G129/><T80/><D80/><U115/><E115/><V17/><F29/><W68/><G68/><T90/><D90/><N who="1" m="53319" /><E81/><V12/><F23/><W132/><G119/><T4/><D4/><U14/><E83/><AGARI ba="0,0" hai="25,26,27,83,86,88,132,135" m="40970,48683" machi="83" ten="40,8000,1" yaku="18,1,52,2,54,1" doraHai="128" who="3" fromWho="1" sc="380,0,210,-80,232,0,178,80" /><INIT seed="2,0,0,5,1,16" ten="380,130,232,258" oya="2" hai0="87,130,57,52,51,95,78,30,134,56,106,103,84" hai1="25,28,123,1,115,29,34,48,12,15,102,96,75" hai2="14,92,36,83,62,32,73,27,33,47,128,131,0" hai3="59,49,13,98,107,105,46,72,26,85,125,20,65"/><V100/><F0/><W63/><G72/><T66/><D106/><U10/><E75/><V124/><F124/><W118/><G125/><T70/><D70/><U88/><E123/><V86/><F73/><W110/><G110/><T22/><D134/><U39/><E39/><V17/><F62/><W89/><G118/><T122/><D122/><U21/><E115/><V101/><F47/><W4/><G98/><N who="0" m="59871" /><D130/><N who="2" m="49706" /><F36/><W55/><G13/><T116/><D116/><U74/><E74/><V76/><F92/><W67/><G4/><T112/><D112/><U60/><E60/><V44/><F44/><W9/><G9/><T6/><D6/><U126/><E126/><V80/><F80/><W45/><G107/><T129/><D129/><U2/><E48/><V8/><F32/><W119/><G105/><T71/><D71/><U132/><E132/><V23/><F33/><W64/><G46/><T18/><D30/><AGARI ba="0,0" hai="8,14,17,23,27,30,76,83,86,100,101" m="49706" machi="30" ten="30,2900,0" yaku="19,1,52,1" doraHai="16" who="2" fromWho="0" sc="380,-29,130,0,232,29,258,0" /><INIT seed="2,1,0,1,3,78" ten="351,130,261,258" oya="2" hai0="55,5,120,76,63,104,57,135,3,75,30,19,37" hai1="70,58,11,84,54,56,77,87,44,20,69,52,60" hai2="65,125,39,127,81,22,31,82,34,27,24,1,111" hai3="117,90,98,46,4,100,17,79,73,121,97,40,2"/><V18/><F39/><W91/><G121/><T38/><D104/><U71/><E11/><V64/><F1/><W83/><G117/><T35/><D120/><U48/><E20/><V23/><F34/><W15/><G97/><T51/><D5/><U80/><REACH who="1" step="1"/><E84/><REACH who="1" step="2"/><V92/><F111/><W96/><G2/><T47/><D3/><U85/><E85/><V132/><F132/><W131/><G4/><T74/><D35/><U29/><E29/><V89/><F125/><W50/><G131/><T126/><D30/><U14/><E14/><V41/><F127/><W6/><G6/><T12/><D12/><U21/><E21/><V25/><F25/><W68/><G15/><T42/><D126/><U86/><E86/><N who="2" m="52279" /><F41/><W94/><G17/><T28/><D42/><U26/><E26/><V106/><F106/><W119/><G119/><T61/><D28/><U112/><E112/><V45/><F45/><AGARI ba="1,1" hai="44,45,48,52,54,56,58,60,69,70,71,77,80,87" machi="45" ten="40,8000,1" yaku="1,1,52,1,54,1,53,2" doraHai="78" doraHaiUra="43" who="1" fromWho="2" sc="351,0,120,93,261,-83,258,0" /><INIT seed="3,0,0,1,0,38" ten="351,213,178,258" oya="3" hai0="72,66,37,53,11,111,61,58,107,82,85,46,17" hai1="116,94,125,112,22,92,41,81,106,86,51,98,120" hai2="109,57,32,131,134,71,3,76,13,6,21,35,104" hai3="2,52,23,68,34,25,49,80,1,30,39,59,108"/><W127/><G68/><T128/><D107/><U96/><E120/><V36/><F57/><W47/><G127/><T64/><D72/><U8/><E125/><V105/><F76/><W114/><G114/><T73/><D73/><U43/><E112/><V115/><F13/><W90/><G108/><T121/><D121/><U77/><E116/><V110/><F21/><W133/><G133/><T102/><D102/><U55/><E8/><V18/><F18/><W33/><G80/><T16/><D111/><U20/><E106/><V24/><F24/><W113/><G113/><T29/><D29/><U9/><E9/><V119/><F6/><W0/><REACH who="3" step="1"/><G90/><REACH who="3" step="2"/><T4/><D82/><U75/><E75/><V78/><F110/><W40/><AGARI ba="0,1" hai="0,1,2,23,25,30,33,34,39,40,47,49,52,59" machi="40" ten="40,18000,2" yaku="1,1,2,1,0,1,52,1,54,1,53,1" doraHai="38" doraHaiUra="45" who="3" fromWho="3" sc="351,-60,213,-60,178,-60,248,190" /><INIT seed="3,1,0,5,3,65" ten="291,153,118,438" oya="3" hai0="86,98,27,96,100,13,93,21,0,122,94,46,102" hai1="3,78,84,124,44,90,36,130,123,116,42,16,11" hai2="77,111,127,2,97,8,32,31,62,74,51,112,1" hai3="71,52,85,47,4,121,80,56,69,14,83,24,105"/><W20/><G105/><T91/><D122/><U38/><E123/><V135/><F51/><W129/><G121/><T106/><D0/><U131/><E116/><V23/><F23/><W108/><G129/><T25/><D46/><U133/><E78/><V43/><F97/><W75/><G47/><T9/><D21/><U66/><E66/><V134/><F43/><W113/><G113/><T107/><REACH who="0" step="1"/><D93/><REACH who="0" step="2"/><U35/><E35/><V101/><F1/><W29/><G108/><T104/><D104/><U33/><E33/><V87/><F111/><W110/><G110/><T103/><D103/><U119/><E130/><V41/><F101/><W55/><G75/><T63/><D63/><U57/><E131/><V10/><F74/><W28/><G28/><T126/><D126/><U50/><E124/><V48/><F2/><W49/><G29/><T54/><D54/><U79/><E3/><V34/><F127/><W7/><G55/><T5/><AGARI ba="1,1" hai="5,9,13,25,27,86,91,94,96,98,100,102,106,107" machi="5" ten="20,12000,2" yaku="1,1,0,1,7,1,9,1,53,2" doraHai="65" doraHaiUra="99" who="0" fromWho="0" sc="281,133,153,-31,118,-31,438,-61" /><INIT seed="4,0,0,3,2,70" ten="414,122,87,377" oya="0" hai0="18,60,116,46,8,135,102,44,7,13,47,22,51" hai1="76,121,53,122,26,23,4,39,19,131,118,113,130" hai2="89,68,134,110,20,61,59,83,107,87,105,66,58" hai3="15,86,129,101,6,28,125,82,1,115,65,2,106"/><T103/><D116/><U29/><E76/><V54/><F110/><W94/><G106/><T72/><D72/><U80/><E80/><V17/><F134/><W74/><G74/><T69/><D135/><U100/><E100/><V109/><F109/><W71/><G129/><N who="1" m="49162" /><E53/><V120/><F120/><N who="1" m="46185" /><E118/><V95/><F83/><W88/><G28/><T124/><D124/><U0/><E39/><V67/><F68/><W64/><G125/><T27/><D51/><U57/><E57/><V56/><F56/><W119/><G119/><T114/><D114/><U34/><E113/><V99/><F99/><W41/><G41/><T93/><D93/><U62/><E62/><V35/><F35/><W12/><G71/><T81/><D81/><U52/><E52/><V108/><F108/><W128/><G65/><T48/><D48/><U36/><E36/><V43/><F43/><W10/><G64/><T126/><D126/><U21/><E19/><V14/><REACH who="2" step="1"/><F67/><REACH who="2" step="2"/><W33/><G128/><T5/><D69/><U55/><E55/><V111/><F111/><W133/><G133/><T37/><D37/><U104/><E104/><V38/><F38/><W77/><G115/><T50/><D50/><AGARI ba="0,1" hai="14,17,20,50,54,58,59,61,66,87,89,95,105,107" machi="50" ten="30,7700,0" yaku="1,1,7,1,25,2,53,0" doraHai="70" doraHaiUra="97" who="2" fromWho="0" sc="414,-77,122,0,77,87,377,0" /><INIT seed="5,0,0,4,4,125" ten="337,122,164,377" oya="1" hai0="120,93,80,135,78,57,70,73,11,53,41,23,122" hai1="114,6,96,46,42,33,48,12,20,64,56,1,108" hai2="112,117,105,123,44,45,61,94,134,49,92,0,121" hai3="18,99,76,87,69,118,71,103,67,119,13,35,19"/><U85/><E33/><V52/><F105/><W110/><G110/><T17/><D70/><U31/><E108/><V38/><F0/><W88/><G76/><T107/><D107/><U3/><E114/><V55/><F94/><W59/><G35/><T116/><D116/><N who="3" m="44585" /><G59/><T50/><D41/><U63/><E85/><V84/><F117/><W131/><G131/><T106/><D106/><U2/><E96/><V72/><F72/><W133/><G133/><T101/><D135/><U10/><REACH who="1" step="1"/><E31/><REACH who="1" step="2"/><V26/><F134/><W128/><G99/><T100/><D122/><U132/><E132/><V60/><F112/><W74/><G74/><T32/><D32/><U82/><E82/><V62/><F84/><W104/><G87/><T127/><D120/><U102/><E102/><V25/><F92/><W77/><G103/><T27/><D101/><U4/><E4/><V16/><F123/><W40/><G104/><T8/><D127/><U90/><E90/><V22/><F121/><W24/><G88/><T65/><D93/><U54/><E54/><V81/><F81/><W39/><G77/><T7/><D100/><U29/><E29/><V30/><F30/><W5/><G5/><T28/><D80/><U34/><E34/><V129/><F55/><W126/><G126/><T86/><D73/><U98/><E98/><V47/><F52/><W109/><G109/><T91/><D78/><U111/><E111/><V113/><F113/><W115/><G115/><T51/><D7/><U36/><E36/><V37/><F38/><W130/><G39/><T79/><D79/><U21/><AGARI ba="0,1" hai="1,2,3,6,10,12,20,21,42,46,48,56,63,64" machi="21" ten="40,7800,0" yaku="1,1,5,1,0,1,53,0" doraHai="125" doraHaiUra="66" who="1" fromWho="1" sc="337,-26,112,88,164,-26,377,-26" /><INIT seed="5,1,0,2,4,0" ten="311,200,138,351" oya="1" hai0="13,104,42,105,74,79,7,60,97,59,19,41,68" hai1="85,127,31,25,8,6,1,118,16,135,109,61,96" hai2="45,131,110,117,98,122,102,3,75,120,55,10,46" hai3="28,100,24,88,121,9,71,84,26,15,76,47,128"/><U82/><E118/><V56/><F75/><W34/><G121/><T107/><D74/><U106/><E109/><V73/><F73/><W5/><G128/><T83/><D68/><U78/><E135/><V108/><F98/><W66/><G100/><T114/><D97/><U111/><E111/><V38/><F102/><W129/><G129/><T112/><D83/><U94/><E106/><V4/><F117/><W132/><G132/><T93/><D93/><U124/><E61/><V116/><F116/><W126/><G126/><T72/><D72/><U90/><REACH who="1" step="1"/><E16/><REACH who="1" step="2"/><V30/><F131/><W63/><G26/><T23/><D107/><U89/><E89/><V20/><F110/><W80/><REACH who="3" step="1"/><G47/><REACH who="3" step="2"/><T69/><D112/><U95/><E95/><V103/><F108/><W52/><G52/><T40/><D114/><U49/><E49/><V54/><F120/><W87/><G87/><T14/><D105/><U125/><E125/><V86/><F122/><W33/><G33/><AGARI ba="1,2" hai="1,6,8,25,31,33,78,82,85,90,94,96,124,127" machi="33" ten="40,7700,0" yaku="1,1,52,1,53,1" doraHai="0" doraHaiUra="2" who="1" fromWho="3" sc="311,0,190,100,138,0,341,-80" /><INIT seed="5,2,0,3,3,93" ten="311,290,138,261" oya="1" hai0="78,55,36,127,44,48,82,26,132,101,22,74,128" hai1="110,19,42,81,13,1,53,20,0,34,69,14,47" hai2="133,108,29,28,135,112,117,99,70,84,105,92,96" hai3="94,102,89,60,90,58,59,67,134,56,95,37,8"/><U27/><E69/><V54/><F70/><W38/><G134/><N who="2" m="51209" /><F117/><W5/><G102/><T119/><D132/><U85/><E53/><V4/><F108/><W17/><G17/><T35/><D119/><U15/><E110/><V77/><F105/><W87/><G38/><T50/><D36/><U97/><E97/><N who="2" m="37451" /><F112/><W107/><G37/><T3/><D3/><U49/><REACH who="1" step="1"/><E34/><REACH who="1" step="2"/><V106/><F106/><W86/><REACH who="3" step="1"/><G107/><REACH who="3" step="2"/><T68/><D35/><U23/><E23/><V12/><F54/><W16/><G16/><T9/><D22/><U123/><E123/><V121/><F121/><W57/><G57/><T103/><D68/><U39/><E39/><V124/><F124/><W130/><G130/><T88/><D128/><U115/><E115/><V25/><F29/><W120/><G120/><T52/><D55/><U73/><E73/><V7/><F28/><W111/><G111/><T18/><D127/><U100/><E100/><V80/><F7/><W72/><G72/><T62/><D74/><U98/><E98/><V113/><F4/><W71/><G71/><T114/><D101/><U122/><E122/><V104/><F104/><W30/><G30/><T65/><D103/><U46/><E46/><V83/><F113/><W91/><G91/><AGARI ba="2,2" hai="0,1,13,14,15,19,20,27,42,47,49,81,85,91" machi="91" ten="40,3900,0" yaku="1,1,53,1" doraHai="93" doraHaiUra="45" who="1" fromWho="3" sc="311,0,280,65,138,0,251,-45" /><INIT seed="5,3,0,5,4,74" ten="311,345,138,206" oya="1" hai0="47,57,125,117,105,112,31,15,70,120,100,25,12" hai1="111,48,133,0,66,6,67,38,9,95,56,123,53" hai2="72,116,127,102,69,124,11,83,71,68,126,5,50" hai3="37,45,64,14,132,92,44,76,87,17,22,18,119"/><U3/><E38/><V98/><F116/><W30/><G119/><T73/><D117/><U131/><E123/><V33/><F50/><W113/><G113/><T16/><D73/><U79/><E111/><V84/><F33/><W34/><G132/><T19/><D70/><U10/><E133/><V65/><F72/><W121/><G121/><T97/><D120/><U85/><E131/><V2/><F65/><W91/><G64/><T107/><D105/><U43/><E43/><V55/><F55/><W80/><G37/><T1/><D1/><U29/><E29/><V81/><REACH who="2" step="1"/><F84/><REACH who="2" step="2"/><W104/><G104/><AGARI ba="3,1" hai="2,5,11,68,69,71,81,83,98,102,104,124,126,127" machi="104" ten="50,6400,0" yaku="1,1,2,1,18,1,53,0" doraHai="74" doraHaiUra="36" who="2" fromWho="3" sc="311,0,345,0,128,83,206,-73" /><INIT seed="6,0,0,2,4,114" ten="311,345,211,133" oya="2" hai0="71,91,67,65,76,46,13,104,23,134,85,21,86" hai1="122,131,45,42,66,94,73,103,117,26,128,51,50" hai2="88,18,75,109,43,99,59,101,38,107,70,15,69" hai3="12,8,63,30,96,29,90,97,68,33,100,1,0"/><V98/><F75/><W7/><G0/><T28/><D104/><U53/><E73/><V4/><F4/><W35/><G29/><T93/><D71/><U40/><E66/><V6/><F6/><W113/><G113/><T48/><D134/><U105/><E105/><V11/><F109/><W64/><G12/><T78/><D28/><U27/><E122/><V20/><F43/><W17/><G17/><N who="0" m="10415" /><D23/><U58/><E117/><V124/><F38/><W112/><G112/><T31/><D31/><U126/><E126/><V115/><F115/><W87/><G96/><T132/><D132/><U116/><E116/><V92/><F124/><W120/><G120/><T135/><D135/><U123/><E40/><V133/><F133/><W83/><REACH who="3" step="1"/><G30/><REACH who="3" step="2"/><T44/><D86/><U2/><E2/><V80/><F11/><W118/><G118/><T14/><D14/><U5/><E123/><V32/><F32/><W129/><G129/><T61/><D85/><U49/><E131/><V25/><F15/><W89/><G89/><T60/><D91/><U119/><E119/><V52/><F80/><W55/><G55/><T34/><D65/><U72/><E128/><V81/><F81/><W84/><G84/><T41/><D61/><AGARI ba="0,1" hai="18,20,25,52,59,61,69,70,88,92,98,99,101,107" machi="61" ten="30,12000,1" yaku="7,1,25,2,54,2" doraHai="114" who="2" fromWho="0" sc="311,-120,345,0,211,130,123,0" /><INIT seed="6,1,0,1,1,104" ten="191,345,341,123" oya="2" hai0="128,9,26,126,127,110,48,131,5,90,74,119,63" hai1="55,124,109,62,66,80,36,133,58,45,60,84,27" hai2="94,39,20,135,25,67,108,97,31,8,17,76,49" hai3="70,51,12,89,114,79,100,116,103,117,52,19,92"/><V122/><F39/><W59/><G70/><T18/><D110/><U68/><E109/><V123/><F108/><W88/><G114/><T65/><D48/><U78/><E133/><V120/><F135/><W111/><G111/><T69/><D74/><U112/><E112/><V106/><F106/><W115/><G115/><T98/><D119/><U118/><E118/><V4/><F76/><W102/><G79/><T130/><D90/><U81/><E124/><N who="0" m="47657" /><D98/><U24/><E36/><V34/><F67/><W83/><G83/><T96/><D96/><U0/><E0/><V30/><F49/><W13/><G89/><T54/><D54/><U2/><E2/><V38/><F38/><W107/><G107/><T57/><D18/><U77/><E45/><V53/><F53/><W29/><G29/><T32/><D26/><U85/><AGARI ba="1,0" hai="24,27,55,58,60,62,66,68,77,78,80,81,84,85" machi="85" ten="20,2700,0" yaku="0,1,7,1,9,1" doraHai="104" who="1" fromWho="1" sc="191,-8,345,30,341,-14,123,-8" /><INIT seed="7,0,0,3,5,105" ten="183,375,327,115" oya="3" hai0="67,91,1,29,88,61,64,0,102,55,53,10,46" hai1="115,33,5,126,79,35,74,72,121,123,113,110,3" hai2="99,54,47,130,15,28,42,41,77,52,36,70,8" hai3="83,109,127,63,135,30,116,73,27,26,89,20,112"/><W75/><G116/><T80/><D1/><U124/><E110/><V38/><F28/><W96/><G109/><T114/><D0/><U129/><E129/><V122/><F77/><W134/><G112/><N who="1" m="43082" /><E5/><V90/><F130/><W16/><G127/><N who="1" m="48682" /><E3/><V106/><F70/><W31/><G63/><T103/><D114/><U94/><E94/><V95/><F106/><W50/><G50/><T66/><D29/><U92/><E92/><V133/><F133/><N who="3" m="50699" /><G96/><T117/><D117/><U44/><E44/><V22/><F122/><N who="1" m="46601" /><E79/><V118/><F118/><W2/><G2/><T132/><D132/><U93/><E93/><V120/><F120/><W125/><G125/><T21/><D46/><U48/><E48/><V107/><F107/><W76/><G89/><T14/><D91/><U56/><E56/><V78/><F78/><W82/><G82/><T69/><D80/><U4/><E4/><V97/><F97/><W23/><G30/><T43/><D88/><U71/><E71/><V62/><F62/><W40/><G40/><T86/><D43/><U34/><AGARI ba="0,0" hai="33,34,35,72,74" m="46601,48682,43082" machi="34" ten="50,16000,3" yaku="28,2,15,1,18,1,31,2,52,2" doraHai="105" who="1" fromWho="1" sc="183,-40,375,160,327,-40,115,-80" owari="143,-26,535,63,287,9,35,-46" /></mjloggm>