<mjloggm ver="2.3"><GO type="41"/><UN n0="%E3%83%86%E3%82%B9%E3%83%88%41" n1="%E9%9B%91%E7%A9%80%E5%A0%82" n2="%E7%B7%8B%E8%92%BC%E9%96%83" n3="%E3%82%A6%E3%83%AB%E3%83%88%E3%83%A9%E7%AB%8B%E7%9B%B4" dan="14,15,15,13" rate="1931,2004,1906,1884" sx="F,M,F,M"/><TAIKYOKU oya="0"/><INIT seed="0,0,0,2,4,103" ten="250,250,250,250" oya="0" hai0="73,69,43,33,84,122,76,125,1,132,127,22,5" hai1="4,65,52,83,19,66,44,17,21,108,98,67,116" hai2="24,50,36,134,110,68,88,46,40,60,62,101,8" hai3="9,126,91,3,82,56,16,42,99,117,120,107,121"/><T112/><D69/><U45/><E116/><V37/><F101/><N who="3" m="62911" /><G42/><T0/><D122/><N who="3" m="47209" /><G117/><T111/><D112/><U30/><E108/><V58/><F110/><W133/><G126/><N who="0" m="48139" /><D111/><U23/><E4/><V74/><F74/><W80/><G133/><T135/><D73/><U20/><E30/><V93/><F134/><N who="0" m="51242" /><D33/><U63/><E83/><V29/><F8/><W38/><G38/><T57/><D43/><U102/><E45/><V54/><F68/><W106/><G106/><T79/><D5/><U13/><E44/><V87/><F36/><W55/><G91/><T47/><D47/><U97/><E102/><V100/><F100/><W12/><G3/><N who="0" m="1099" /><D84/><U10/><E19/><V48/><F37/><W130/><G130/><T15/><D57/><AGARI ba="0,0" hai="10,13,17,20,21,23,52,57,63,65,66,67,97,98" machi="57" ten="40,2600,0" yaku="8,1,54,1" doraHai="103" who="1" fromWho="0" sc="250,-26,250,26,250,0,250,0" /><INIT seed="1,0,0,0,3,124" ten="224,276,250,250" oya="1" hai0="123,126,111,135,28,29,134,62,121,112,61,12,42" hai1="101,86,20,15,24,80,103,34,82,3,67,75,6" hai2="105,79,125,118,95,55,122,43,129,47,110,81,133" hai3="85,49,18,93,87,57,25,21,74,97,8,32,76"/><U27/><E75/><V0/><F55/><W52/><G74/><T51/><D12/><U41/><E67/><V33/><F95/><W107/><G107/><T45/><D28/><U115/><E115/><V128/><F81/><W109/><G109/><T58/><D29/><U4/><E3/><V91/><F91/><W48/><G32/><T104/><D104/><U11/><E41/><V116/><F79/><W99/><G76/><T65/><D112/><U114/><E114/><V64/><F64/><W23/><G8/><T130/><D111/><U63/><E63/><V113/><F47/><W96/><G93/><T108/><D108/><U120/><E120/><N who="0" m="46153" /><D126/><U88/><E80/><V39/><F43/><W40/><G23/><T54/><D62/><U46/><E46/><AGARI ba="0,0" hai="18,21,25,40,46,48,49,52,57,85,87,96,97,99" machi="46" ten="40,2600,0" yaku="8,1,54,1" doraHai="124" who="3" fromWho="1" sc="224,0,276,-26,250,0,250,26" /><INIT seed="2,0,0,1,3,115" ten="224,250,250,276" oya="2" hai0="125,121,83,93,79,36,71,25,14,87,38,29,112" hai1="94,21,7,50,56,113,59,2,61,81,105,131,62" hai2="16,99,58,40,46,48,43,51,100,64,17,106,102" hai3="13,23,45,60,57,116,118,130,101,0,32,65,20"/><V95/><F106/><W91/><G0/><T119/><D112/><U4/><E105/><V96/><F64/><W104/><G32/><T34/><D121/><U109/><E113/><V103/><F95/><W77/><G77/><T41/><D71/><U72/><E131/><V1/><F1/><W107/><G130/><T84/><D125/><U37/><E37/><V135/><F135/><W27/><G104/><T30/><D30/><U55/><E109/><V108/><F108/><W127/><G127/><T6/><D41/><N who="2" m="15946" /><F58/><W42/><G101/><T53/><D53/><N who="1" m="33935" /><E2/><V88/><F88/><W35/><G107/><T22/><D34/><U66/><E72/><V92/><F92/><W39/><G35/><T74/><D74/><U123/><E94/><V122/><F122/><W54/><G13/><T110/><D110/><U69/><E69/><V33/><F33/><W126/><G126/><T15/><D15/><U28/><E81/><V70/><F70/><W11/><G11/><T3/><D3/><U52/><E123/><V132/><F132/><W5/><G5/><N who="1" m="2122" /><E50/><N who="2" m="18987" /><F46/><W19/><G23/><T76/><D93/><U75/><E75/><V49/><N who="2" m="18995" /><V124/><DORA hai="67" /><F124/><W82/><REACH who="3" step="1"/><G65/><REACH who="3" step="2"/><T97/><D6/><U114/><E114/><V128/><F128/><W86/><AGARI ba="0,1" hai="19,20,27,39,42,45,54,57,60,82,86,91,116,118" machi="86" ten="30,8000,1" yaku="1,1,2,1,0,1,52,2,53,0" doraHai="115,67" doraHaiUra="9,63" who="3" fromWho="3" sc="224,-20,250,-20,250,-40,266,90" /><INIT seed="3,0,0,2,2,66" ten="204,230,210,356" oya="3" hai0="41,106,33,73,117,3,90,123,47,101,67,54,98" hai1="28,86,1,31,115,12,113,71,70,30,16,56,103" hai2="77,75,65,89,43,27,92,39,36,18,72,9,84" hai3="87,127,61,2,57,85,15,7,119,20,118,105,132"/><W129/><G105/><T107/><D123/><U34/><E34/><V58/><F72/><W55/><G127/><T99/><D117/><U83/><E1/><V134/><F134/><W102/><G132/><T124/><D3/><U120/><E103/><V51/><F75/><W74/><G74/><T64/><D33/><U80/><E56/><V109/><F109/><W24/><G129/><T82/><D124/><U52/><E52/><V21/><F77/><W11/><G102/><T69/><D54/><U42/><E42/><V32/><F32/><W128/><G128/><T76/><D90/><U4/><E4/><V93/><F93/><W121/><G121/><T50/><D69/><U46/><E46/><V49/><F9/><W125/><G125/><T44/><REACH who="0" step="1"/><D44/><REACH who="0" step="2"/><U17/><E120/><V48/><F43/><W10/><G119/><T68/><D68/><U37/><E71/><V104/><REACH who="2" step="1"/><F104/><REACH who="2" step="2"/><W130/><G130/><T122/><D122/><U45/><E115/><V96/><F96/><W126/><G126/><T114/><D114/><U59/><E113/><V108/><F108/><W135/><G118/><T22/><D22/><U35/><E35/><V110/><F110/><W78/><G135/><T63/><D63/><AGARI ba="0,2" hai="18,21,27,36,39,48,49,51,58,63,65,84,89,92" machi="63" ten="40,1300,0" yaku="1,1,53,0" doraHai="66" doraHaiUra="95" who="2" fromWho="0" sc="194,-13,230,0,200,33,356,0" /><INIT seed="4,0,0,0,5,132" ten="181,230,233,356" oya="0" hai0="6,42,109,120,91,100,31,47,27,101,99,48,15" hai1="2,38,105,92,62,112,65,54,22,51,90,77,135" hai2="32,46,72,39,75,110,102,3,5,103,133,71,40" hai3="106,98,78,29,115,86,58,50,121,66,81,131,97"/><T19/><D120/><U79/><E105/><V10/><F133/><W116/><G116/><T80/><D109/><U117/><E2/><V93/><F110/><W45/><G106/><T57/><D6/><U53/><E38/><V118/><F118/><W23/><G131/><T73/><D57/><N who="1" m="37071" /><E135/><V124/><F124/><W83/><G115/><T82/><D91/><U36/><E36/><V21/><F21/><W74/><G74/><T37/><D73/><U34/><E34/><V122/><F122/><W67/><G83/><T111/><D101/><U108/><E117/><V4/><F4/><W1/><G1/><T8/><D37/><U20/><E108/><V17/><F17/><W127/><G127/><T94/><REACH who="0" step="1"/><D111/><REACH who="0" step="2"/><U107/><E112/><V68/><F75/><W41/><G121/><T26/><D26/><U13/><E79/><V76/><F103/><W130/><G130/><T64/><D64/><N who="3" m="24617" /><G58/><T113/><D113/><U35/><E77/><V63/><F102/><W88/><G78/><T11/><D11/><U96/><E107/><V59/><F76/><W9/><G9/><T126/><D126/><U25/><E25/><AGARI ba="0,1" hai="23,25,29,41,45,50,81,86,88,97,98" m="24617" machi="25" ten="30,2000,0" yaku="8,1,54,1" doraHai="132" who="3" fromWho="1" sc="171,0,230,-20,233,0,356,30" /><INIT seed="5,0,0,2,0,21" ten="171,210,233,386" oya="1" hai0="119,17,95,128,121,83,68,2,12,30,14,62,31" hai1="113,25,110,43,126,71,88,45,123,134,78,97,115" hai2="90,0,100,86,129,130,53,72,16,35,125,39,87" hai3="98,65,24,44,106,4,3,103,111,127,80,28,18"/><U6/><E123/><V120/><F35/><W92/><G111/><T47/><D119/><U51/><E110/><V112/><F0/><W84/><G127/><T133/><D121/><U64/><E126/><V107/><F120/><W22/><G65/><T67/><D128/><U101/><E78/><V63/><F125/><W124/><G124/><T40/><D133/><U69/><E6/><V82/><F39/><W56/><G56/><T118/><D118/><U57/><E134/><V99/><F112/><N who="1" m="43081" /><E25/><V61/><F53/><W54/><G4/><T8/><D2/><U55/><E64/><V85/><F85/><W19/><G3/><T89/><D83/><U34/><E34/><V29/><F29/><W74/><G74/><T10/><D40/><U38/><E88/><V27/><F87/><W105/><G105/><AGARI ba="0,0" hai="38,43,45,51,55,57,69,71,97,101,105" m="43081" machi="105" ten="30,1500,0" yaku="15,1" doraHai="21" who="1" fromWho="3" sc="171,0,210,15,233,0,386,-15" /><INIT seed="5,1,0,4,2,19" ten="171,225,233,371" oya="1" hai0="102,70,0,71,132,22,115,21,135,12,81,14,41" hai1="84,90,85,26,68,39,116,43,35,86,10,99,56" hai2="60,88,54,48,6,58,40,7,33,37,52,69,75" hai3="118,47,8,96,123,93,46,105,30,133,108,122,78"/><U125/><E68/><N who="0" m="26153" /><D41/><U114/><E116/><V20/><F75/><W15/><G105/><T45/><D0/><U92/><E114/><V77/><F33/><W28/><G133/><N who="0" m="51275" /><D45/><N who="3" m="16905" /><G108/><T34/><D115/><U13/><E39/><V107/><F107/><W59/><G59/><T23/><D81/><U101/><E43/><V128/><F128/><W18/><G118/><T72/><D72/><U130/><E130/><V29/><F69/><W57/><G78/><T1/><D1/><U80/><E56/><N who="2" m="32775" /><F77/><W103/><G122/><T94/><D34/><U32/><E32/><V109/><F37/><W89/><G123/><T38/><D38/><U74/><E74/><V83/><F40/><W5/><G57/><T110/><D110/><U91/><E80/><V124/><F109/><W126/><G126/><T36/><D36/><U112/><E125/><V64/><F124/><W24/><G103/><T73/><D73/><U121/><E121/><V134/><F134/><W95/><G95/><T11/><D11/><U67/><E112/><V3/><F3/><W119/><G119/><T62/><D62/><U44/><E44/><V87/><F64/><W4/><G24/><AGARI ba="1,0" hai="6,7,20,24,29,54,58,60,83,87,88" m="32775" machi="24" ten="30,7700,0" yaku="8,1,52,1,54,2" doraHai="19" who="2" fromWho="3" sc="171,0,225,0,233,80,371,-80" /><INIT seed="6,0,0,4,1,30" ten="171,225,313,291" oya="2" hai0="16,90,43,120,79,82,73,97,67,87,57,0,21" hai1="19,65,118,106,133,109,131,23,91,50,76,72,53" hai2="27,129,69,39,9,45,11,75,40,78,86,41,116" hai3="63,55,84,74,107,46,54,51,37,29,70,122,14"/><V42/><F116/><W85/><G74/><T102/><D120/><U123/><E118/><V115/><F69/><W24/><G107/><T77/><D0/><U2/><E106/><V121/><F121/><W110/><G122/><T49/><D79/><U25/><E109/><V125/><F75/><W111/><G37/><T99/><D99/><U38/><E38/><V36/><F125/><W44/><G14/><T1/><D1/><U58/><E2/><V26/><F129/><W112/><G85/><T93/><D67/><U64/><E131/><V105/><F105/><W71/><G84/><T13/><D57/><U18/><E123/><V132/><F132/><W8/><G8/><T33/><D33/><U3/><E3/><V98/><F98/><W52/><G24/><T5/><D5/><U62/><E133/><V31/><F115/><W128/><G29/><T48/><REACH who="0" step="1"/><D43/><REACH who="0" step="2"/><U32/><E32/><V17/><F39/><W61/><G112/><T135/><D135/><U127/><E127/><V101/><F36/><W83/><G128/><T22/><D22/><N who="1" m="13527" /><E76/><V104/><F78/><W95/><G110/><T81/><AGARI ba="0,1" hai="13,16,21,48,49,73,77,81,82,87,90,93,97,102" machi="81" ten="20,8000,1" yaku="1,1,0,1,7,1,54,1,53,1" doraHai="30" doraHaiUra="12" who="0" fromWho="0" sc="161,90,225,-20,313,-40,291,-20" /><INIT seed="7,0,0,5,0,129" ten="251,205,273,271" oya="3" hai0="86,52,66,18,6,71,87,16,60,100,53,116,126" hai1="124,11,92,80,30,97,39,123,31,76,61,63,131" hai2="51,19,32,103,58,99,4,42,57,5,22,110,74" hai3="101,84,88,120,20,40,9,89,27,85,56,49,43"/><W38/><G38/><T28/><D116/><U46/><E123/><V7/><F110/><W47/><G120/><T15/><D126/><U128/><E124/><V1/><F74/><W23/><G101/><T37/><D37/><U50/><E39/><V25/><F32/><W78/><G43/><T79/><D28/><N who="1" m="10795" /><E128/><V127/><F127/><W34/><G34/><T2/><D2/><U117/><E117/><V8/><F58/><W10/><G56/><N who="0" m="37127" /><D100/><N who="1" m="60455" /><E131/><V104/><F57/><W3/><G3/><T77/><D71/><U54/><E11/><N who="3" m="4106" /><G78/><N who="0" m="29707" /><D6/><U13/><E13/><V96/><F96/><W108/><G108/><T0/><D0/><U111/><E111/><V115/><F1/><W93/><G27/><T135/><D135/><U24/><E24/><V26/><F26/><W33/><G33/><T102/><D102/><U82/><E76/><V114/><F8/><W133/><G133/><T90/><D15/><U109/><E109/><V121/><F121/><W113/><G113/><T95/><D87/><U112/><E112/><V55/><F42/><W44/><G44/><T73/><D73/><U59/><E63/><V14/><F25/><W94/><AGARI ba="0,0" hai="20,23,40,47,49,84,85,88,89,93,94" m="4106" machi="94" ten="30,3000,0" yaku="8,1,54,1" doraHai="129" who="3" fromWho="3" sc="251,-10,205,-10,273,-10,271,30" owari="241,-16,195,-30,263,6,301,40" /></mjloggm>