<mjloggm ver="2.3"><GO type="41"/><UN n0="%75%65%6E%73" n1="%E2%98%86%E3%81%99%E3%81%84%E3%81%99%E3%81%84%E2%98%86" n2="%E3%82%A6%E3%83%AB%E3%83%88%E3%83%A9%E7%AB%8B%E7%9B%B4" n3="%74%6F%6D%65%6F" dan="14,14,15,13" rate="1837,2017,1956,1870" sx="M,M,M,M"/><TAIKYOKU oya="0"/><INIT seed="0,0,0,4,3,16" ten="250,250,250,250" oya="0" hai0="48,66,98,131,47,36,55,133,97,57,2,51,59" hai1="114,105,52,113,127,78,8,107,9,84,77,13,17" hai2="126,132,88,128,50,111,101,116,73,43,3,117,64" hai3="14,70,87,85,109,95,0,41,58,40,65,26,103"/><T21/><D2/><U22/><E127/><V81/><F3/><W49/><G0/><T18/><D131/><U62/><E9/><V90/><F64/><W61/><G109/><T74/><D74/><U1/><E1/><V53/><F43/><N who="3" m="16459" /><G70/><T99/><D36/><U120/><E120/><V134/><F101/><W42/><G14/><T45/><D133/><N who="2" m="51306" /><F111/><W25/><G49/><T112/><D66/><U96/><E96/><V100/><F100/><W86/><G103/><T124/><D112/><U121/><E121/><V54/><F126/><W6/><G6/><T76/><D76/><U75/><E75/><V82/><F128/><W106/><G106/><T69/><D69/><U4/><E4/><V39/><F39/><W56/><G42/><T32/><D32/><U72/><E72/><V60/><F60/><N who="3" m="38023" /><G95/><T119/><D124/><U93/><E107/><V67/><F67/><AGARI ba="0,0" hai="25,26,58,61,67,85,86,87" m="38023,16459" machi="67" ten="30,1000,0" yaku="8,1" doraHai="16" who="3" fromWho="2" sc="250,0,250,0,250,-10,250,10" /><INIT seed="1,0,0,0,3,124" ten="250,250,240,260" oya="1" hai0="63,67,12,14,75,66,120,32,22,112,123,39,104" hai1="7,33,48,52,79,116,57,118,122,92,60,113,91" hai2="74,9,10,31,47,94,1,41,36,44,121,93,16" hai3="96,106,53,105,95,30,117,64,100,38,20,46,130"/><U3/><E33/><V55/><F74/><W15/><G117/><T115/><D75/><U17/><E122/><N who="0" m="46633" /><D39/><U49/><E113/><N who="0" m="43593" /><D104/><U76/><E7/><V58/><F47/><W85/><G38/><T35/><D63/><U4/><E4/><V21/><F31/><W51/><G130/><T103/><D103/><U25/><E3/><V125/><F125/><W68/><G85/><T134/><D67/><U6/><E6/><V80/><F1/><W86/><G86/><T78/><D78/><U5/><E5/><V28/><F28/><W37/><G37/><T109/><D66/><U77/><E118/><V111/><F80/><W88/><G68/><T26/><D134/><U133/><E116/><V131/><F93/><W8/><G64/><T101/><D101/><U126/><E126/><V102/><F94/><N who="3" m="58391" /><G30/><N who="0" m="17751" /><D109/><U110/><E110/><V108/><F102/><W24/><G106/><T34/><AGARI ba="0,0" hai="12,14,32,34,35" m="17751,43593,46633" machi="34" ten="40,5200,0" yaku="13,1,34,2" doraHai="124" who="0" fromWho="0" sc="250,52,250,-26,240,-13,260,-13" /><INIT seed="2,0,0,0,4,107" ten="302,224,227,247" oya="2" hai0="45,131,125,74,116,115,96,127,69,65,64,57,105" hai1="67,117,22,4,63,59,112,50,126,73,29,52,33" hai2="6,13,99,36,118,72,114,121,0,86,66,70,15" hai3="17,18,101,103,7,55,10,1,46,25,90,44,47"/><V83/><F15/><W120/><G120/><T14/><D115/><U94/><E117/><V60/><F13/><W95/><G55/><T40/><D69/><U19/><E126/><N who="0" m="48137" /><D116/><U37/><E37/><V108/><F86/><W48/><G48/><T97/><D105/><U62/><E4/><V111/><F118/><W2/><G2/><T28/><D28/><U106/><E106/><V61/><F61/><W88/><G25/><T89/><D131/><U119/><E112/><V77/><F99/><N who="0" m="37962" /><D89/><U8/><E119/><V24/><F114/><W38/><G38/><T132/><D132/><U12/><E33/><V134/><F134/><W80/><G80/><T3/><D3/><U23/><E94/><V109/><F121/><W81/><G81/><T98/><N who="0" m="37970" /><T35/><DORA hai="113" /><D35/><U93/><E93/><V122/><F122/><W79/><G79/><T49/><D74/><U42/><E29/><V92/><F92/><W84/><REACH who="3" step="1"/><G90/><REACH who="3" step="2"/><T32/><D32/><U26/><E26/><V123/><F123/><W78/><G78/><T51/><D14/><U27/><E27/><V85/><F24/><W58/><G58/><T71/><D71/><U100/><E59/><V124/><F36/><W129/><G129/><T75/><D75/><U21/><E73/><V130/><F130/><W76/><G76/><T34/><D34/><U87/><E52/><AGARI ba="0,1" hai="40,45,49,51,52,57,64,65" m="37970,48137" machi="52" ten="40,2600,0" yaku="18,1,54,1" doraHai="107,113" who="0" fromWho="1" sc="302,36,224,-26,227,0,237,0" /><INIT seed="3,0,0,1,4,62" ten="338,198,227,237" oya="3" hai0="116,74,1,17,90,47,76,114,135,81,88,70,110" hai1="103,119,120,48,83,89,129,13,133,27,20,100,66" hai2="61,107,10,18,56,35,92,93,6,102,65,79,36" hai3="69,123,132,3,82,109,106,72,126,44,46,29,127"/><W87/><G123/><T33/><D110/><U43/><E119/><V99/><F36/><W94/><G69/><T0/><D116/><U85/><E133/><V24/><F79/><W50/><G3/><T51/><D135/><U28/><E129/><V52/><F18/><W63/><G106/><T14/><D33/><U21/><E120/><V117/><F117/><W40/><G72/><T97/><D70/><U23/><E21/><V125/><F125/><N who="3" m="47627" /><G132/><T124/><D124/><U112/><E112/><V115/><F115/><W59/><G29/><T68/><D68/><U42/><E42/><V105/><F105/><W55/><G94/><T75/><D75/><U98/><E48/><V38/><F38/><N who="3" m="21527" /><G109/><T84/><D114/><U121/><E121/><V64/><F93/><W86/><G82/><T39/><D39/><U57/><E43/><AGARI ba="0,0" hai="43,46,50,55,59,63,86,87" m="21527,47627" machi="43" ten="30,1500,0" yaku="18,1" doraHai="62" who="3" fromWho="1" sc="338,0,198,-15,227,0,237,15" /><INIT seed="3,1,0,2,0,62" ten="338,183,227,252" oya="3" hai0="18,35,38,73,65,116,68,72,87,33,10,4,21" hai1="88,123,8,36,130,60,98,24,134,84,91,92,128" hai2="79,86,29,48,120,14,74,115,111,59,67,126,110" hai3="42,119,41,96,76,113,108,63,49,2,75,31,99"/><W0/><G119/><T23/><D116/><U83/><E36/><V95/><F115/><W37/><G113/><T70/><D38/><U50/><E123/><V101/><F120/><W39/><G31/><T100/><D100/><U127/><E134/><V118/><F118/><W114/><G114/><T16/><D87/><U54/><E127/><V104/><F29/><W61/><G49/><T102/><D102/><U19/><E8/><V69/><F69/><W53/><G53/><T32/><D10/><U45/><E19/><N who="0" m="7209" /><D65/><U40/><E24/><V13/><F126/><W34/><G34/><N who="0" m="8707" /><T11/><DORA hai="57" /><D11/><U43/><REACH who="1" step="1"/><E60/><REACH who="1" step="2"/><N who="2" m="38303" /><F13/><W85/><G63/><T129/><D4/><U106/><E106/><V105/><F14/><W46/><G61/><T20/><D129/><AGARI ba="1,1" hai="40,43,45,50,54,83,84,88,91,92,98,128,129,130" machi="129" ten="40,8000,1" yaku="1,1,19,1,54,1,53,1" doraHai="62,57" doraHaiUra="5,51" who="1" fromWho="0" sc="338,-83,173,93,227,0,252,0" /><INIT seed="4,0,0,4,3,45" ten="255,266,227,252" oya="0" hai0="71,77,85,52,4,115,64,106,17,78,47,43,133" hai1="8,120,81,24,86,88,118,34,13,23,9,18,25" hai2="132,30,44,123,36,129,61,109,60,87,68,1,41" hai3="55,10,63,21,5,32,37,95,27,97,121,90,100"/><T73/><D106/><U93/><E120/><V50/><F1/><W46/><G37/><T53/><D133/><U94/><E118/><V11/><F123/><W66/><G32/><T79/><D73/><U72/><E34/><V96/><F109/><W29/><G121/><T42/><D71/><U59/><E72/><V16/><F129/><W56/><G100/><T113/><D64/><U65/><E25/><V3/><F132/><W101/><G90/><T26/><D4/><U130/><E130/><V76/><F68/><W35/><G35/><T57/><D85/><U28/><E9/><V48/><F36/><W110/><G110/><T98/><D98/><U54/><REACH who="1" step="1"/><E65/><REACH who="1" step="2"/><V107/><F11/><W40/><G10/><T108/><D108/><U122/><E122/><V117/><F117/><W116/><G116/><T89/><D26/><U125/><E125/><V14/><F3/><W39/><G5/><T67/><D67/><U19/><E19/><V82/><F30/><W134/><G55/><T49/><D17/><U38/><E38/><V6/><F6/><W114/><G134/><T91/><D115/><AGARI ba="0,1" hai="21,27,29,39,40,46,56,63,66,95,97,101,114,115" machi="115" ten="40,2600,0" yaku="25,2" doraHai="45" who="3" fromWho="0" sc="255,-26,256,0,227,0,252,36" /><INIT seed="5,0,0,0,3,28" ten="229,256,227,288" oya="1" hai0="50,125,42,80,61,6,123,38,68,70,16,53,62" hai1="37,87,40,104,57,36,67,82,106,119,108,133,47" hai2="100,46,83,7,135,132,86,115,114,97,3,34,15" hai3="64,118,91,134,122,11,1,0,109,49,41,103,129"/><U31/><E119/><V52/><F3/><W98/><G109/><T96/><D6/><U131/><E37/><V74/><F74/><W71/><G122/><T26/><D123/><U73/><E73/><V112/><F15/><W58/><G129/><T90/><D38/><U130/><E133/><N who="2" m="51275" /><F7/><W77/><G134/><T107/><D107/><U81/><E81/><V43/><F43/><W66/><G77/><T99/><D125/><U89/><E31/><V27/><F46/><W4/><G71/><T19/><D42/><U110/><E67/><V45/><F27/><W102/><G0/><T48/><D26/><U76/><E76/><N who="2" m="46439" /><F34/><W78/><G78/><T25/><D25/><U111/><E57/><V29/><F29/><W35/><G35/><T105/><D105/><AGARI ba="0,0" hai="36,40,47,82,87,89,104,105,106,108,110,111,130,131" machi="105" ten="50,2400,0" yaku="10,1" doraHai="28" who="1" fromWho="0" sc="229,-24,256,24,227,0,288,0" /><INIT seed="5,1,0,1,0,107" ten="205,280,227,288" oya="1" hai0="111,22,2,75,10,16,25,79,8,112,23,126,125" hai1="86,92,50,64,45,73,123,127,83,4,116,18,119" hai2="124,63,103,3,65,70,87,55,59,17,94,62,99" hai3="35,24,21,14,19,43,114,105,5,84,42,81,71"/><U96/><E123/><V106/><F3/><W90/><G105/><T97/><D111/><U46/><E127/><N who="0" m="48649" /><D97/><U6/><E64/><V117/><F124/><W30/><G71/><T13/><D79/><U51/><E73/><V115/><F117/><W74/><G114/><T1/><D112/><U37/><E37/><V9/><F115/><W89/><G74/><T49/><D75/><U26/><E26/><V120/><F120/><W15/><G15/><T60/><D60/><U110/><E18/><V91/><F9/><N who="0" m="3690" /><D49/><U58/><E110/><V108/><F108/><W34/><G34/><T98/><D98/><U32/><E32/><V122/><F122/><W0/><G90/><T101/><D101/><U88/><E58/><V52/><F17/><AGARI ba="1,0" hai="1,2,13,16,17,22,23,25" m="3690,48649" machi="17" ten="30,7700,0" yaku="18,1,34,2,54,1" doraHai="107" who="0" fromWho="2" sc="205,80,280,0,227,-80,288,0" /><INIT seed="6,0,0,4,4,47" ten="285,280,147,288" oya="2" hai0="83,90,133,39,24,54,27,86,51,55,89,107,38" hai1="71,121,88,32,6,36,33,124,111,115,127,30,119" hai2="5,61,45,50,10,52,1,118,28,100,92,53,134" hai3="81,84,60,114,96,29,116,70,126,56,128,113,41"/><V26/><F118/><W25/><G116/><T108/><D107/><U75/><RYUUKYOKU type="yao9" ba="0,0" sc="285,0,280,0,147,0,288,0" hai1="6,30,32,33,36,71,75,88,111,115,119,121,124,127" /><INIT seed="6,1,0,5,2,102" ten="285,280,147,288" oya="2" hai0="85,62,32,120,112,67,69,91,93,131,12,86,80" hai1="22,5,33,99,81,108,127,84,95,113,24,23,110" hai2="26,107,61,57,58,18,98,106,124,20,65,34,42" hai3="76,1,103,87,60,31,129,19,79,50,59,125,49"/><V89/><F34/><W88/><G1/><T74/><D120/><U105/><E33/><V118/><F118/><W53/><G129/><T135/><D131/><U51/><E105/><V48/><F124/><W8/><G31/><T82/><D112/><U41/><E23/><V104/><F89/><W90/><G103/><T75/><D32/><U96/><E96/><V2/><F2/><W100/><G100/><T132/><D12/><U130/><E5/><V40/><F98/><W28/><G28/><T134/><D93/><U39/><E39/><V21/><F21/><W29/><G29/><T97/><D97/><U16/><E113/><V45/><REACH who="2" step="1"/><F42/><REACH who="2" step="2"/><W36/><G90/><AGARI ba="1,1" hai="62,67,69,74,75,80,82,85,86,90,91,132,134,135" machi="90" ten="40,2600,0" yaku="9,1,20,1" doraHai="102" who="0" fromWho="3" sc="285,39,280,0,137,0,288,-29" /><INIT seed="7,0,0,1,4,73" ten="324,280,137,259" oya="3" hai0="43,120,76,44,29,98,127,99,90,63,6,38,130" hai1="102,96,18,32,118,68,83,22,97,117,42,85,103" hai2="34,82,13,49,16,26,128,12,46,66,25,8,56" hai3="31,125,111,64,60,79,36,100,88,58,113,53,134"/><W50/><G113/><T110/><D110/><U51/><E68/><V27/><F34/><W20/><G79/><T115/><D120/><U67/><E67/><V47/><F128/><W74/><G74/><T10/><D130/><U5/><E5/><V57/><F66/><W101/><G125/><T2/><D127/><U104/><E32/><V71/><F71/><W116/><G116/><T59/><D29/><U28/><E28/><V95/><F95/><W61/><G134/><T75/><D90/><U70/><E70/><V4/><F82/><W37/><G37/><T132/><D115/><U119/><E51/><V123/><F123/><W41/><G61/><T11/><D10/><U107/><E42/><V30/><F30/><W106/><G106/><T33/><D33/><U52/><E52/><V0/><F0/><W23/><G41/><T114/><D132/><U3/><E3/><V135/><F135/><W35/><G36/><T21/><D21/><N who="3" m="8265" /><G31/><T81/><D114/><U121/><E121/><V77/><F77/><W54/><G35/><T48/><D48/><U89/><E22/><V122/><F122/><W80/><G64/><AGARI ba="0,0" hai="2,6,11,38,43,44,59,63,64,75,76,81,98,99" machi="64" ten="30,7700,0" yaku="7,1,25,2,52,1" doraHai="73" who="0" fromWho="3" sc="324,77,280,0,137,0,259,-77" owari="401,50,280,8,137,-36,182,-22" /></mjloggm>