<mjloggm ver="2.3"><GO type="97"/><UN n0="%E9%BE%8D%E7%A5%9E%E6%97%8F" n1="%E6%84%9B%E7%87%A6%E7%87%A6" n2="%E3%82%A6%E3%83%AB%E3%83%88%E3%83%A9%E7%AB%8B%E7%9B%B4" n3="%E5%BE%AE%E9%A2%A8%4C%47%4F" dan="14,14,13,13" rate="1959,1912,1844,1907" sx="M,M,M,M"/><TAIKYOKU oya="0"/><INIT seed="0,0,0,2,2,15" ten="250,250,250,250" oya="0" hai0="104,70,131,101,120,93,4,133,92,128,72,49,91" hai1="8,52,22,118,58,111,78,29,51,134,77,67,55" hai2="26,43,123,33,94,73,68,46,108,116,32,135,95" hai3="45,103,129,64,88,48,96,20,17,24,66,114,105" shuffle="mt19937ar,BF55B943,C1813EA4,9B0958D0,6831E378,51471646,A338C02B,9B72CEB6,C5B166E4"/><T12/><D120/><U122/><E111/><V41/><F26/><W107/><G114/><T63/><D72/><U40/><E118/><V9/><F9/><W5/><G107/><T99/><D133/><U125/><E125/><V59/><F59/><W30/><G5/><T37/><D37/><U6/><E134/><V50/><F50/><W11/><G129/><N who="0" m="49739" /><D49/><U119/><E119/><V27/><F27/><W98/><G11/><N who="0" m="4199" /><D91/><U121/><E67/><AGARI ba="0,0" hai="63,67,70,92,93,99,101,104" m="4199,49739" machi="67" ten="30,1500,0" yaku="19,1" doraHai="15" who="0" fromWho="1" sc="250,15,250,-15,250,0,250,0" /><INIT seed="0,1,0,3,3,76" ten="265,235,250,250" oya="0" hai0="120,21,87,117,131,129,89,74,103,19,56,135,112" hai1="17,37,109,46,30,7,67,91,93,12,42,105,63" hai2="100,66,0,57,99,1,69,125,84,49,50,102,126" hai3="82,118,43,92,108,60,68,73,31,3,9,79,16" shuffle="mt19937ar,111FA766,39A922D9,9F8BD648,F73C1515,A148357E,19F8C5CD,47D23494,828DAC99"/><T61/><D120/><U47/><E109/><V58/><F84/><W134/><G118/><T59/><D117/><U26/><E105/><V64/><REACH who="2" step="1"/><F99/><REACH who="2" step="2"/><W86/><G108/><T70/><D74/><U133/><E133/><V62/><F62/><W8/><G60/><T81/><D135/><U106/><E106/><V27/><F27/><W34/><G86/><T104/><D104/><U10/><E63/><V14/><F14/><W83/><G73/><T113/><D103/><U65/><E47/><V18/><F18/><W23/><G16/><T2/><D2/><U127/><E17/><V40/><F40/><W52/><G43/><T6/><D6/><U97/><E127/><V122/><F122/><W38/><G3/><T90/><D113/><U5/><E7/><V24/><F24/><W98/><G98/><T101/><D101/><U55/><E26/><V39/><F39/><W13/><G13/><T53/><D112/><U11/><E37/><V96/><F96/><W71/><G38/><T130/><D19/><U124/><E42/><V128/><F128/><W88/><G134/><T25/><D131/><U41/><E124/><V4/><F4/><W72/><G72/><T29/><D130/><U15/><E41/><V119/><F119/><W116/><G116/><T94/><D129/><U35/><E5/><V54/><F54/><W85/><G52/><T132/><D132/><U111/><E55/><V115/><F115/><W95/><G31/><T121/><D53/><U78/><E30/><V110/><F110/><W107/><G107/><T123/><D123/><U48/><E111/><RYUUKYOKU ba="1,1" sc="265,-10,235,-10,240,30,250,-10" hai2="0,1,49,50,57,58,64,66,69,100,102,125,126" /><INIT seed="1,2,1,3,0,44" ten="255,225,270,240" oya="1" hai0="118,0,98,96,34,36,4,73,128,95,9,112,75" hai1="129,46,84,17,15,58,109,13,6,14,97,3,108" hai2="57,12,103,37,68,90,65,100,105,79,64,53,106" hai3="99,133,86,28,52,63,113,88,127,89,104,33,74" shuffle="mt19937ar,331F17EF,69CB3EBC,42D5B055,F12FF24B,4E2B2147,925FF9C6,ED8ACC47,81C2AA6C"/><U107/><E129/><V81/><F37/><W1/><G74/><T23/><D118/><U87/><E58/><V61/><F65/><W51/><G1/><T124/><D34/><U85/><E3/><V80/><F105/><W48/><G113/><T22/><D112/><U67/><E67/><V56/><F68/><W121/><G121/><T21/><D36/><U49/><E6/><V30/><F106/><W78/><G33/><T45/><D124/><U50/><E46/><V24/><F12/><W60/><G28/><T62/><D128/><U7/><E7/><V131/><F90/><W101/><G127/><T130/><D130/><U115/><E115/><V11/><F11/><W2/><G2/><T70/><D45/><U135/><E135/><V43/><F43/><W10/><G10/><T47/><D47/><U114/><E17/><V42/><F42/><W41/><G133/><T32/><D32/><U16/><E16/><V25/><F131/><W20/><G20/><T29/><D29/><U27/><E27/><N who="2" m="10315" /><F30/><W66/><G41/><T54/><D70/><U132/><E132/><V59/><F79/><W116/><G78/><T110/><D62/><U93/><E107/><V111/><F59/><N who="3" m="34919" /><G116/><T55/><D0/><U91/><E114/><V120/><F120/><W18/><G18/><T77/><D77/><U94/><E94/><V40/><F40/><W119/><G119/><T92/><D95/><U69/><E69/><V19/><F19/><W76/><G76/><T5/><D92/><U8/><E8/><V38/><F38/><W122/><G122/><T83/><D9/><RYUUKYOKU ba="2,1" sc="255,-10,225,30,270,-10,240,-10" hai1="13,14,15,49,50,84,85,87,91,93,97,108,109" /><INIT seed="1,3,1,1,3,79" ten="245,255,260,230" oya="1" hai0="91,63,45,67,81,78,6,83,17,123,62,135,7" hai1="24,71,60,36,103,96,61,37,88,110,105,42,35" hai2="25,131,41,29,102,46,72,122,100,76,43,107,95" hai3="73,9,68,26,90,97,54,84,58,5,27,132,124" shuffle="mt19937ar,DD0C91F6,180B7287,E08D993E,D1CA17DF,63932557,B72B3621,9FAF89D9,1A548545"/><U22/><E61/><V82/><F122/><W125/><G73/><T1/><D123/><U16/><E42/><V133/><F131/><W89/><G68/><T20/><D45/><U106/><E106/><V117/><F117/><W104/><G27/><T85/><D135/><U38/><E110/><V8/><F133/><W80/><G26/><T34/><D34/><U57/><E71/><V69/><F69/><W128/><G132/><T14/><D1/><U2/><E2/><V112/><F112/><W116/><G128/><T87/><D62/><U21/><E21/><V50/><F107/><W75/><G75/><T39/><REACH who="0" step="1"/><D39/><REACH who="0" step="2"/><U74/><E35/><V48/><F48/><W51/><G116/><T70/><AGARI ba="3,2" hai="6,7,14,17,20,63,67,70,78,81,83,85,87,91" machi="70" ten="20,12000,2" yaku="1,1,2,1,0,1,7,1,52,2,53,1" doraHai="79" doraHaiUra="15" who="0" fromWho="0" sc="235,149,255,-63,260,-33,230,-33" /><INIT seed="2,0,0,5,3,80" ten="384,192,227,197" oya="2" hai0="127,72,38,52,26,117,37,75,100,43,118,92,114" hai1="47,51,108,49,120,83,131,6,77,64,79,2,61" hai2="133,111,135,82,123,107,3,11,104,126,30,16,105" hai3="25,113,24,70,15,93,109,99,125,119,20,32,21" shuffle="mt19937ar,64360857,31500E2B,AB87F1A1,8C06B44B,C372D0CA,89AD222A,4FF917E1,189C76C6"/><V58/><F58/><W53/><G32/><T59/><D114/><U98/><E108/><V31/><F123/><W112/><G119/><N who="0" m="45579" /><D127/><U128/><E79/><V45/><F45/><W28/><G125/><T22/><D100/><U62/><E98/><V19/><F126/><W95/><G70/><T9/><D9/><U34/><E34/><V68/><F68/><W106/><G109/><T36/><D92/><U44/><E120/><V71/><F71/><W41/><G106/><T18/><D43/><U89/><E89/><V33/><F111/><W0/><G41/><T129/><D129/><U94/><E94/><V13/><F3/><W12/><G0/><T8/><D8/><U7/><E2/><V78/><F19/><W17/><G53/><T110/><D110/><U86/><E64/><V101/><F101/><W115/><G95/><T130/><D130/><N who="1" m="49707" /><E6/><V134/><REACH who="2" step="1"/><F33/><REACH who="2" step="2"/><W1/><G1/><T63/><AGARI ba="0,1" hai="18,22,26,36,37,38,52,59,63,72,75" m="45579" machi="63" ten="40,2700,0" yaku="12,1,54,1" doraHai="80" who="0" fromWho="0" sc="384,37,192,-7,217,-13,197,-7" /><INIT seed="3,0,0,5,1,64" ten="421,185,204,190" oya="3" hai0="55,19,81,71,98,107,123,99,121,95,10,104,87" hai1="86,116,91,50,83,47,125,32,112,88,31,109,43" hai2="51,118,72,38,42,23,41,27,57,8,62,82,34" hai3="16,103,93,30,66,29,22,135,24,3,76,124,126" shuffle="mt19937ar,A78DF447,10BB1538,5F79EBEF,2AA3840F,DDA8BE06,CDA6FFE2,33ADA57F,F56F5776"/><W45/><G3/><T133/><D71/><U20/><E112/><V115/><F34/><W70/><G76/><T46/><D133/><U111/><E125/><N who="3" m="48234" /><G135/><T68/><D68/><U14/><E32/><V79/><F115/><W63/><G45/><T33/><D33/><U102/><E102/><V90/><F38/><W17/><G29/><T119/><D119/><U39/><E116/><V0/><F118/><W12/><G12/><T56/><D46/><U131/><E131/><V48/><F42/><W53/><G53/><T89/><D99/><AGARI ba="0,0" hai="16,17,22,24,30,63,66,70,93,99,103" m="48234" machi="99" ten="30,5800,0" yaku="18,1,52,1,54,1" doraHai="64" who="3" fromWho="0" sc="421,-58,185,0,204,0,190,58" /><INIT seed="3,1,0,4,1,31" ten="363,185,204,248" oya="3" hai0="71,100,79,86,18,59,134,83,46,47,11,63,97" hai1="69,73,80,112,0,130,111,56,90,133,110,35,78" hai2="44,8,72,3,22,85,128,48,53,15,81,7,60" hai3="105,54,135,99,34,88,13,41,132,126,70,65,51" shuffle="mt19937ar,EA8FD84F,405E0BF9,3CC3CC8C,75823E86,17D6D6D5,6A5026F5,C99F7A8D,453E2468"/><W127/><G41/><T101/><D71/><U33/><E112/><V121/><F121/><W118/><G105/><T76/><D76/><U67/><E0/><V93/><F128/><W82/><G118/><T92/><D101/><U57/><E130/><V16/><F60/><N who="3" m="40231" /><G13/><N who="0" m="7487" /><D134/><N who="3" m="51241" /><G34/><N who="1" m="12810" /><E133/><V4/><F93/><N who="3" m="56743" /><G82/><T28/><D28/><U68/><E68/><V102/><F102/><W104/><G104/><T89/><D100/><U6/><E69/><V2/><F72/><W62/><G62/><T125/><D125/><U94/><E67/><AGARI ba="1,0" hai="46,47,59,63,67,79,83,86,89,92,97" m="7487" machi="67" ten="30,1000,0" yaku="8,1" doraHai="31" who="0" fromWho="1" sc="363,13,185,-13,204,0,248,0" owari="376,38,172,-23,204,-15,248,0" /></mjloggm>