<mjloggm ver="2.3"><GO type="193"/><UN n0="%E3%83%AD%E3%83%B3%E7%89%8C%E6%8C%81%E3%81%A1" n1="%E3%82%A6%E3%83%AB%E3%83%88%E3%83%A9%E7%AB%8B%E7%9B%B4" n2="%E3%83%8F%E3%82%A4%E3%82%BB%E3%82%A4%E3%82%B3%E3%83%BC" n3="%41%7A%41" dan="11,12,12,11" rate="1557,1783,1730,1629" sx="F,M,M,M"/><TAIKYOKU oya="0"/><INIT seed="0,0,0,5,4,7" ten="250,250,250,250" oya="0" hai0="33,80,58,65,68,113,78,107,79,91,121,38,17" hai1="3,37,66,86,53,81,61,125,39,102,74,127,63" hai2="109,9,10,27,117,21,99,100,94,14,67,29,84" hai3="4,128,50,22,97,5,15,110,104,134,54,43,52" shuffle="mt19937ar,DE55EC94,4C49B5AE,1FCE4E45,D3284D84,00A8BCC8,96F272AD,611A0325,CC42C5BC"/><T75/><D121/><U2/><E102/><V112/><F117/><W46/><G104/><T90/><D33/><U131/><E86/><V6/><F112/><W72/><G72/><T16/><D113/><U24/><E24/><V77/><F109/><W41/><G110/><T23/><D107/><U55/><E81/><V49/><F67/><W120/><G120/><T108/><D38/><U30/><E30/><V88/><F77/><W133/><G97/><T132/><D108/><U95/><E95/><V119/><F119/><W18/><G128/><T34/><D34/><U71/><E66/><V20/><F49/><W69/><G69/><T19/><D79/><U106/><E106/><V122/><F122/><W26/><G4/><T83/><D83/><U130/><REACH who="1" step="1"/><E71/><REACH who="1" step="2"/><V12/><F29/><W47/><G26/><T114/><D68/><U101/><E101/><V93/><F27/><W126/><G5/><AGARI ba="0,1" hai="5,6,9,10,12,14,20,21,84,88,93,94,99,100" machi="5" ten="30,12000,2" yaku="7,1,9,1,8,1,52,2,54,1" doraHai="7" who="2" fromWho="3" sc="250,0,240,0,250,130,250,-120" /><INIT seed="1,0,0,1,4,12" ten="250,240,380,130" oya="1" hai0="47,38,125,55,2,10,118,25,103,131,87,101,78" hai1="36,53,18,93,56,54,104,123,84,89,81,85,102" hai2="73,120,16,77,50,128,41,52,62,19,46,119,20" hai3="75,92,108,113,70,65,0,1,107,48,11,40,51" shuffle="mt19937ar,94B9753B,C6108AFD,7CE38505,C5D622EA,4878C12A,F7F55EFE,1E10A06D,0D536C0F"/><U130/><E36/><V82/><F119/><W3/><G75/><T26/><D118/><U45/><E123/><V66/><F120/><W124/><G113/><T34/><D131/><U129/><E104/><V69/><F128/><W72/><G72/><T68/><D68/><U58/><E45/><V115/><F115/><W21/><G107/><T121/><D121/><U110/><E110/><V111/><F111/><W49/><G108/><T71/><D71/><U133/><E130/><V100/><F100/><N who="0" m="38474" /><D125/><U24/><E129/><V9/><F9/><W132/><G124/><T15/><D2/><U96/><E84/><V5/><F5/><W39/><G39/><T13/><D34/><U63/><E133/><V97/><F97/><W135/><G70/><T134/><D134/><N who="3" m="51241" /><G65/><T106/><D106/><U99/><E99/><V33/><F33/><W109/><G109/><T67/><D67/><U116/><E116/><V43/><F20/><W28/><G28/><T14/><D10/><U59/><E63/><V117/><F117/><W127/><G127/><T23/><D23/><AGARI ba="0,0" hai="18,23,24,53,54,56,58,59,81,85,89,93,96,102" machi="23" ten="40,3900,0" yaku="8,1,52,1" doraHai="12" who="1" fromWho="0" sc="250,-39,240,39,380,0,130,0" /><INIT seed="1,1,0,1,4,42" ten="211,279,380,130" oya="1" hai0="43,55,26,101,60,125,34,49,15,41,45,79,40" hai1="47,100,30,19,81,77,56,97,88,69,128,105,87" hai2="118,0,7,29,135,132,74,4,24,82,91,16,72" hai3="127,119,6,2,99,113,1,58,50,89,112,8,116" shuffle="mt19937ar,F0990089,ABA7916B,7F377300,E7526D94,8089D10C,1602AFC3,E73DAE42,EFA3253E"/><U5/><E69/><V75/><F118/><W133/><G99/><T102/><D125/><U48/><E128/><V37/><F37/><W65/><G65/><T83/><D60/><U10/><E30/><V23/><F29/><W63/><G50/><T3/><D3/><U111/><E111/><V109/><F109/><W106/><G106/><T120/><D120/><U78/><E19/><V131/><F131/><W12/><G89/><T94/><D26/><U126/><E56/><V108/><F108/><W130/><G58/><T20/><D34/><U115/><E115/><N who="3" m="44106" /><G63/><T96/><D101/><U123/><E126/><V121/><F121/><W36/><G36/><T68/><D68/><U17/><E123/><V25/><F25/><W93/><G93/><T103/><D103/><U46/><E17/><V92/><F82/><W85/><G85/><N who="0" m="48383" /><D43/><U80/><E48/><V51/><F51/><W117/><G130/><T14/><D14/><U54/><E54/><V44/><F44/><W70/><G70/><T18/><AGARI ba="1,0" hai="15,18,20,40,41,45,49,55,94,96,102" m="48383" machi="18" ten="30,2000,0" yaku="8,1,52,1" doraHai="42" who="0" fromWho="0" sc="211,23,279,-11,380,-6,130,-6" /><INIT seed="2,0,0,4,5,20" ten="234,268,374,124" oya="2" hai0="56,1,118,113,40,28,103,107,86,128,15,79,36" hai1="131,54,82,130,126,42,45,13,93,58,51,43,73" hai2="85,108,60,33,98,27,91,71,101,30,53,26,19" hai3="135,110,11,62,52,37,124,17,55,121,106,10,57" shuffle="mt19937ar,1ABF072F,7573FDE0,E1D476CA,37ABA356,7E2DA00B,6071C450,F35BF5DC,E3D236F7"/><V95/><F71/><W122/><G106/><T70/><D1/><U9/><E82/><V29/><F19/><W50/><G37/><T117/><D70/><U14/><E73/><V18/><F18/><W7/><G135/><T87/><D128/><N who="1" m="49195" /><E93/><V22/><F108/><W0/><G110/><T61/><D113/><U69/><E13/><V12/><F12/><W39/><G39/><T72/><D107/><U78/><E78/><V81/><F60/><W49/><G124/><T65/><D103/><U59/><E14/><V34/><F53/><W66/><G121/><T25/><D15/><U68/><E9/><V23/><AGARI ba="0,0" hai="22,23,26,27,29,30,33,34,81,85,91,95,98,101" machi="23" ten="20,12000,1" yaku="0,1,7,1,9,1,52,2" doraHai="20" who="2" fromWho="2" sc="234,-40,268,-40,374,120,124,-40" /><INIT seed="2,1,0,0,4,57" ten="194,228,494,84" oya="2" hai0="6,92,45,88,107,113,125,53,82,49,8,15,3" hai1="78,134,50,87,67,116,30,2,83,18,46,129,130" hai2="112,105,12,111,29,24,60,115,16,77,94,4,10" hai3="22,19,93,33,76,38,114,85,31,47,127,131,34" shuffle="mt19937ar,3DD5C322,F3B0444A,00EE117B,C3C2F353,6BABF8A3,2092420B,A7F1DA37,8C7DD1E5"/><V106/><F77/><W61/><G114/><T121/><D125/><U32/><E2/><V108/><F94/><W28/><G127/><T35/><D35/><U39/><E39/><V63/><F4/><W48/><G131/><T66/><D113/><U100/><E100/><V64/><F115/><W122/><G122/><T52/><D121/><U14/><E116/><V84/><F84/><W27/><G38/><T104/><D82/><U96/><E96/><V97/><F112/><W56/><G76/><T79/><D79/><U126/><E30/><V124/><F124/><W118/><G118/><T132/><D66/><U13/><E32/><V109/><F64/><W123/><G123/><T71/><D71/><U42/><E126/><V36/><F36/><W1/><G1/><T103/><D132/><U54/><E134/><V65/><F65/><W110/><G93/><T102/><D107/><N who="2" m="40970" /><F97/><W80/><G110/><T26/><D104/><U58/><E67/><V44/><F44/><W40/><G34/><AGARI ba="1,0" hai="10,12,16,24,29,34,60,63,108,109,111" m="40970" machi="34" ten="40,12000,1" yaku="14,1,10,1,52,2,54,1" doraHai="57" who="2" fromWho="3" sc="194,0,228,0,494,123,84,-123" owari="194,-16,228,-2,617,62,-39,-44" /></mjloggm>