<mjloggm ver="2.3"><GO type="41"/><UN n0="%E6%9D%91%E5%B2%A1%E9%9A%86" n1="%E3%82%A6%E3%83%AB%E3%83%88%E3%83%A9%E7%AB%8B%E7%9B%B4" n2="%E3%83%88%E3%83%A2%54%4F%4D%4F" n3="%E8%AC%8E%E3%81%AE%E7%B4%B3%E5%A3%AB" dan="13,13,14,13" rate="1905,1878,1835,1820" sx="M,M,M,M"/><TAIKYOKU oya="0"/><INIT seed="0,0,0,3,0,44" ten="250,250,250,250" oya="0" hai0="29,57,31,52,65,106,36,9,8,112,71,97,25" hai1="120,34,40,15,12,90,28,89,133,134,85,17,94" hai2="13,122,11,111,101,126,125,75,95,121,14,127,76" hai3="91,27,105,18,26,7,115,77,66,131,63,16,38"/><T78/><D112/><U83/><E40/><V87/><F14/><W98/><G131/><T107/><D36/><U22/><E120/><V93/><F13/><W5/><G115/><T48/><D78/><U81/><E28/><V62/><F11/><W68/><G38/><T70/><D31/><U64/><E34/><V104/><F62/><W124/><G124/><T23/><D107/><U67/><E94/><N who="2" m="35851" /><F111/><W39/><G39/><T135/><D135/><U51/><E17/><V43/><F43/><W50/><G77/><T53/><D65/><U61/><E22/><V58/><F58/><W3/><G91/><T54/><D71/><U41/><E41/><V88/><F75/><W130/><G130/><T114/><D70/><U4/><E4/><V47/><F76/><W109/><G109/><T10/><REACH who="0" step="1"/><D114/><REACH who="0" step="2"/><U69/><E69/><V84/><F47/><W74/><G105/><T33/><D33/><U128/><E64/><V55/><F55/><W110/><G66/><T19/><D19/><U30/><E30/><V92/><F84/><W35/><G16/><T37/><D37/><U116/><E85/><V99/><AGARI ba="0,1" hai="87,88,92,99,101,104,121,122,125,126,127" m="35851" machi="99" ten="40,8000,1" yaku="18,1,34,2,54,1" doraHai="44" who="2" fromWho="2" sc="240,-40,250,-20,250,90,250,-20" /><INIT seed="1,0,0,3,0,59" ten="200,230,340,230" oya="1" hai0="24,121,70,119,5,35,86,127,69,131,53,25,135" hai1="80,99,126,8,98,107,91,117,84,122,92,118,74" hai2="101,112,39,55,109,23,120,49,43,132,14,13,96" hai3="66,34,0,44,36,90,105,17,61,9,29,64,52"/><U108/><E8/><V85/><F120/><W21/><G34/><T38/><D119/><U50/><E50/><V123/><F123/><W28/><G29/><T10/><D38/><U106/><E122/><V26/><F109/><W130/><G28/><T27/><D121/><U20/><E20/><V47/><F132/><W73/><G105/><N who="1" m="39946" /><E108/><V37/><F112/><W18/><G73/><T71/><D135/><U78/><E126/><V19/><F39/><W76/><G130/><T57/><D127/><U81/><E118/><V11/><F85/><W68/><G76/><T93/><D131/><U82/><E117/><V7/><F96/><AGARI ba="0,0" hai="74,78,80,81,82,84,91,92,96,98,99" m="39946" machi="96" ten="30,12000,1" yaku="35,5" doraHai="59" who="1" fromWho="2" sc="200,0,230,120,340,-120,230,0" /><INIT seed="1,1,0,3,3,63" ten="200,350,220,230" oya="1" hai0="62,75,38,86,0,10,135,113,26,60,119,110,120" hai1="129,41,81,1,2,21,114,94,112,126,50,133,33" hai2="80,107,9,76,92,11,105,115,127,118,90,78,18" hai3="99,124,101,66,15,55,103,46,131,73,57,44,8"/><U16/><E33/><V32/><F118/><W20/><G73/><T70/><RYUUKYOKU type="yao9" ba="1,0" sc="200,0,350,0,220,0,230,0" hai0="0,10,26,38,60,62,70,75,86,110,113,119,120,135" /><INIT seed="1,2,0,2,2,129" ten="200,350,220,230" oya="1" hai0="86,83,16,96,36,39,125,33,37,110,92,124,63" hai1="126,1,114,26,112,38,57,106,3,58,62,70,35" hai2="133,30,73,31,10,48,19,32,123,107,66,28,130" hai3="64,104,82,50,20,115,49,52,75,99,51,77,21"/><U134/><E106/><V80/><F107/><W46/><G115/><T103/><D33/><U61/><E26/><V17/><F130/><W94/><G104/><T72/><D72/><U23/><E23/><V91/><F123/><W24/><G64/><T34/><D34/><U101/><E35/><V132/><F66/><W65/><G65/><T85/><D110/><U60/><E101/><V100/><F100/><W2/><G2/><T22/><D63/><U119/><E1/><V79/><F32/><W40/><G20/><T117/><D117/><U59/><E3/><V122/><F122/><W43/><G50/><T95/><D95/><U13/><E13/><V120/><F120/><W18/><REACH who="3" step="1"/><G51/><REACH who="3" step="2"/><T128/><D128/><U29/><E119/><V42/><F10/><W118/><G118/><T76/><REACH who="0" step="1"/><D86/><REACH who="0" step="2"/><U116/><E116/><V81/><F48/><W9/><G9/><T47/><D47/><U7/><E70/><V98/><F42/><W131/><G131/><T11/><D11/><U113/><E38/><V44/><F44/><W84/><G84/><T87/><D87/><U108/><E108/><V5/><F5/><W109/><G109/><T6/><D6/><U0/><E7/><V88/><F98/><W12/><G12/><AGARI ba="2,2" hai="12,16,22,36,37,39,76,83,85,92,96,103,124,125" machi="12" ten="40,2600,0" yaku="1,1,54,1,53,0" doraHai="129" doraHaiUra="102" who="0" fromWho="3" sc="190,52,350,0,220,0,220,-32" /><INIT seed="2,0,0,4,0,79" ten="242,350,220,188" oya="2" hai0="64,14,111,50,23,26,20,52,107,93,38,100,124" hai1="27,134,129,117,88,89,92,41,48,53,17,57,31" hai2="80,101,99,83,1,45,94,58,118,34,37,28,112" hai3="135,75,22,54,103,76,39,12,16,132,77,114,95"/><V133/><F112/><W6/><G39/><T98/><D38/><U72/><E72/><V33/><F118/><W60/><G114/><T131/><D111/><U49/><E129/><V47/><F1/><W108/><G108/><T43/><D131/><U32/><E134/><N who="3" m="51242" /><G6/><T10/><D124/><U42/><E117/><V4/><F133/><W81/><G76/><T66/><D43/><U24/><E89/><V69/><F69/><W9/><G103/><T2/><D2/><U120/><E120/><V96/><F4/><W62/><G95/><T127/><D127/><U29/><E17/><V40/><F47/><W109/><G109/><T68/><D68/><U63/><E42/><V46/><F58/><N who="3" m="34903" /><G62/><T82/><D107/><U119/><E41/><V67/><F67/><W74/><G74/><T15/><D66/><U73/><E73/><V30/><F40/><W115/><G115/><T19/><D64/><U130/><E119/><V113/><F113/><W56/><G56/><T13/><D10/><AGARI ba="0,0" hai="9,10,12,16,22,75,77,81" m="34903,51242" machi="10" ten="30,3900,0" yaku="20,1,52,1,54,1" doraHai="79" who="3" fromWho="0" sc="242,-39,350,0,220,0,188,39" /><INIT seed="3,0,0,4,5,123" ten="203,350,220,227" oya="3" hai0="33,64,77,106,39,55,34,114,129,84,1,58,91" hai1="51,86,38,63,29,45,127,111,9,75,99,48,16" hai2="98,85,116,117,90,78,31,37,2,102,26,4,27" hai3="11,103,44,19,110,0,122,8,17,12,131,13,92"/><W120/><G103/><T43/><D106/><U101/><E75/><V95/><F37/><W108/><G92/><T113/><D1/><U32/><E38/><V24/><F2/><W18/><G44/><T47/><D77/><U87/><E29/><V94/><F4/><W79/><G79/><T54/><D64/><U76/><E32/><V14/><F14/><N who="3" m="5739" /><G0/><T3/><D3/><U66/><E99/><V40/><F40/><W72/><G72/><T82/><D129/><U53/><E101/><V30/><REACH who="2" step="1"/><F78/><REACH who="2" step="2"/><W134/><G131/><T73/><D73/><U70/><E76/><V22/><F22/><W83/><G134/><T126/><D114/><U69/><E9/><N who="3" m="3658" /><G83/><T52/><D113/><U10/><E10/><V89/><F89/><W25/><G25/><T59/><REACH who="0" step="1"/><D126/><REACH who="0" step="2"/><U65/><E127/><V88/><F88/><W124/><G124/><T135/><D135/><U112/><E112/><V61/><F61/><W128/><G128/><T36/><D36/><U104/><E63/><V119/><AGARI ba="0,2" hai="24,26,27,30,31,85,90,94,95,98,102,116,117,119" machi="119" ten="40,2700,0" yaku="1,1,0,1,53,0" doraHai="123" doraHaiUra="46" who="2" fromWho="2" sc="193,-7,350,-7,210,47,227,-13" /><INIT seed="4,0,0,3,4,28" ten="186,343,257,214" oya="0" hai0="102,68,84,25,2,95,72,24,13,94,88,75,67" hai1="114,66,0,110,22,49,31,90,52,20,131,62,64" hai2="108,111,89,100,134,104,91,16,34,70,122,85,132" hai3="96,27,135,30,42,43,21,44,115,54,55,71,76"/><T48/><D2/><U98/><E0/><V103/><F70/><W77/><G71/><T82/><D68/><U87/><E110/><V133/><F122/><W106/><G135/><T47/><D67/><U59/><E131/><V53/><F53/><W8/><G115/><T101/><D75/><U109/><E109/><N who="2" m="42059" /><F34/><W9/><G42/><T129/><D129/><U45/><E114/><V107/><F16/><W35/><G106/><N who="2" m="40489" /><F85/><W92/><G9/><T125/><D72/><U113/><E113/><V118/><F118/><W32/><G76/><T36/><D36/><U38/><E38/><V57/><F57/><W130/><G130/><T121/><D121/><U39/><E39/><V99/><F99/><W41/><G41/><T127/><D13/><U126/><E98/><V19/><F19/><W50/><G77/><T1/><D1/><U78/><E78/><V51/><F51/><W80/><G80/><T17/><D17/><U74/><E74/><V123/><F123/><W112/><G112/><T33/><D25/><U93/><E64/><V18/><F18/><W81/><G81/><T61/><D61/><U10/><E10/><V6/><F6/><W65/><G65/><T63/><D63/><U11/><E11/><V23/><F23/><W124/><G8/><T69/><D69/><U14/><E22/><V119/><F119/><W46/><G55/><N who="0" m="30111" /><D24/><N who="1" m="16775" /><E14/><V58/><F58/><W4/><G4/><T12/><D12/><U79/><E79/><V117/><F117/><W5/><G5/><T15/><D15/><U83/><E83/><V3/><F3/><W105/><G43/><RYUUKYOKU ba="0,0" sc="186,-15,343,15,257,15,214,-15" hai1="45,49,52,59,62,66,87,90,93,126" hai2="89,91,100,103,132,133,134" /><INIT seed="5,1,0,5,3,134" ten="171,358,272,199" oya="1" hai0="49,8,53,0,66,100,99,41,58,86,76,20,102" hai1="108,117,132,11,26,113,104,106,15,46,45,89,64" hai2="87,73,54,81,42,70,90,131,96,109,85,103,126" hai3="74,1,56,121,116,129,44,63,55,3,39,12,5"/><U37/><E26/><V91/><F70/><W118/><G74/><T27/><D41/><U61/><E89/><V52/><F42/><W120/><G5/><T31/><D66/><U77/><E77/><V68/><F68/><W4/><G4/><T50/><D0/><U130/><E15/><V111/><F131/><W67/><G12/><T135/><D135/><U23/><E23/><V22/><F22/><W98/><G98/><T115/><D115/><U122/><E11/><V36/><F36/><W16/><G16/><T92/><D8/><U48/><E48/><V94/><F73/><W13/><G13/><T71/><D71/><U35/><E46/><V38/><F38/><W110/><G3/><T9/><D9/><U80/><E45/><V51/><F54/><W88/><G88/><N who="0" m="55687" /><D50/><U107/><E61/><V128/><F128/><W43/><G1/><T21/><D21/><U82/><E64/><V28/><F28/><W18/><G18/><T95/><D76/><U40/><E40/><V29/><F29/><W101/><G101/><T59/><D59/><U112/><E37/><V78/><F78/><W24/><G24/><T2/><D2/><U123/><E35/><V105/><F126/><W57/><G129/><T30/><D30/><U83/><E130/><V19/><F19/><W127/><G110/><T6/><D6/><U10/><E10/><V72/><F72/><W32/><G127/><T25/><D27/><U75/><E132/><V125/><F125/><W34/><G32/><T124/><D124/><U33/><E33/><V93/><F105/><N who="1" m="26881" /><U79/><DORA hai="114" /><E108/><RYUUKYOKU ba="1,0" sc="171,15,358,-15,272,15,199,-15" hai0="20,25,31,49,53,58,86,95,100,102" hai2="51,52,81,85,87,90,91,93,94,96,103,109,111" /><INIT seed="6,2,0,0,4,15" ten="186,343,287,184" oya="2" hai0="49,12,134,63,71,9,126,21,131,74,122,135,0" hai1="23,66,111,38,11,47,132,128,58,39,117,108,14" hai2="1,94,125,130,124,120,97,50,36,101,93,107,68" hai3="51,88,29,106,90,2,110,61,79,59,55,87,96"/><V98/><F36/><W86/><G2/><T53/><D122/><U112/><E23/><V67/><F1/><W85/><G110/><T35/><D35/><U30/><E30/><V56/><F120/><W26/><G79/><T118/><D74/><U119/><E14/><V52/><F130/><W92/><G106/><T78/><D78/><U81/><E11/><V24/><F107/><W80/><REACH who="3" step="1"/><G51/><REACH who="3" step="2"/><T113/><D0/><U46/><E111/><V41/><F41/><W65/><G65/><T17/><D118/><U103/><E108/><V114/><F114/><W127/><G127/><T33/><D126/><U18/><E112/><V60/><REACH who="2" step="1"/><F24/><REACH who="2" step="2"/><W102/><G102/><AGARI ba="2,2" hai="50,52,56,60,67,68,93,94,97,98,101,102,124,125" machi="102" ten="40,12000,1" yaku="1,1,2,1,9,1,54,1,53,0" doraHai="15" doraHaiUra="43" who="2" fromWho="3" sc="186,0,343,0,277,146,174,-126" /><INIT seed="6,3,0,4,3,8" ten="186,343,423,48" oya="2" hai0="103,128,9,70,68,0,110,107,13,127,98,117,93" hai1="118,80,114,129,72,49,86,104,63,95,90,15,94" hai2="97,135,77,56,131,69,65,73,2,101,52,11,19" hai3="16,24,26,53,96,30,83,32,60,38,37,18,82"/><V71/><F135/><W34/><G96/><T47/><D110/><U115/><E63/><V55/><F131/><W67/><G53/><T88/><D0/><U48/><E48/><V112/><F112/><N who="1" m="43049" /><E49/><V106/><F77/><W78/><G78/><T100/><D128/><U133/><E129/><V7/><F73/><W92/><G92/><T33/><D33/><N who="3" m="12905" /><G60/><T108/><D108/><U81/><E15/><V66/><F55/><W132/><G67/><T84/><D117/><U29/><E29/><V102/><F102/><W22/><G22/><T14/><D103/><U119/><E104/><V87/><F87/><W10/><G10/><T51/><D127/><U130/><E130/><V75/><F75/><W4/><G4/><T113/><D113/><U57/><E57/><V5/><F5/><W21/><G21/><T125/><D125/><U40/><E40/><V124/><F124/><W35/><G30/><T79/><D79/><N who="1" m="44135" /><E133/><V20/><F71/><W59/><G59/><T134/><D134/><U25/><E25/><N who="3" m="9834" /><G132/><T126/><D126/><U123/><E123/><V45/><F45/><W99/><N who="3" m="12913" /><W62/><DORA hai="61" /><G62/><T12/><REACH who="0" step="1"/><D9/><REACH who="0" step="2"/><U39/><E39/><N who="3" m="14858" /><G99/><T122/><D122/><U23/><E23/><V121/><F69/><W44/><G44/><T43/><AGARI ba="3,1" hai="12,13,14,43,47,51,68,70,84,88,93,98,100,107" machi="43" ten="30,12000,2" yaku="1,1,0,1,52,3,54,1,53,0" doraHai="8,61" doraHaiUra="54,28" who="0" fromWho="0" sc="176,139,343,-33,423,-63,48,-33" /><INIT seed="7,0,0,4,3,30" ten="315,310,360,15" oya="3" hai0="43,95,66,32,70,53,6,46,73,0,85,98,116" hai1="78,14,81,15,11,8,118,68,75,59,35,77,9" hai2="69,93,67,121,94,104,84,134,13,113,51,132,79" hai3="26,107,17,2,50,16,22,99,37,112,28,19,42"/><W45/><G2/><T97/><D116/><U3/><E68/><V62/><F104/><W52/><G112/><T54/><D73/><U135/><E3/><V49/><F113/><W39/><REACH who="3" step="1"/><G42/><REACH who="3" step="2"/><T23/><D0/><U10/><E118/><V60/><F121/><W40/><G40/><T7/><D43/><U27/><E135/><V100/><F134/><W64/><G64/><T102/><D66/><U61/><E8/><V83/><F132/><W127/><G127/><T63/><D54/><U21/><E9/><V106/><F67/><W128/><G128/><T131/><D131/><U76/><E10/><V103/><F69/><W86/><G86/><T4/><D70/><U111/><E11/><V105/><F106/><W1/><G1/><T24/><D85/><U130/><E130/><V47/><F105/><W126/><G126/><T20/><D98/><U124/><E124/><V31/><F84/><W92/><G92/><T65/><D65/><U133/><E133/><V122/><F122/><W88/><G88/><T125/><D125/><U56/><E75/><V25/><F94/><W18/><N who="3" m="4608" /><DORA hai="123" /><W89/><G89/><T72/><D72/><U129/><E129/><V120/><F93/><W82/><G82/><T36/><D36/><U48/><E81/><V87/><F120/><W110/><G110/><T57/><D95/><U91/><E111/><V58/><F87/><W108/><G108/><T71/><D71/><U101/><E91/><V12/><F83/><W109/><G109/><T38/><D38/><U80/><E80/><V117/><F103/><AGARI ba="0,1" hai="22,26,28,37,39,45,50,52,99,103,107" m="4608" machi="103" ten="50,9600,0" yaku="1,1,54,2,53,0" doraHai="30,123" doraHaiUra="5,34" who="3" fromWho="2" sc="315,0,310,0,360,-96,5,106" /><INIT seed="7,1,0,1,0,79" ten="315,310,264,111" oya="3" hai0="58,92,69,129,132,38,54,35,70,68,100,49,89" hai1="74,133,4,114,88,31,113,5,131,98,110,128,85" hai2="118,104,8,17,75,33,20,94,107,105,90,46,3" hai3="64,32,73,84,25,52,117,99,43,122,72,127,9"/><W109/><G122/><T115/><D38/><U126/><E74/><V53/><F33/><W121/><G121/><T23/><D35/><U51/><E98/><V2/><F118/><W130/><G117/><T15/><D129/><N who="1" m="49739" /><E110/><V42/><F75/><W106/><G109/><T40/><D132/><U1/><E133/><V36/><F53/><W21/><G130/><T45/><D115/><U26/><E51/><V76/><F76/><W19/><G127/><T116/><D116/><U16/><E16/><V18/><F8/><W101/><G43/><T95/><D100/><U91/><E91/><V50/><F36/><W108/><G108/><T67/><D67/><U30/><E30/><V34/><F34/><W24/><G64/><T44/><D40/><U41/><E41/><V11/><F18/><W97/><G97/><T119/><D119/><U6/><E1/><V47/><F47/><W112/><G112/><T29/><D29/><U28/><E28/><V57/><F57/><W62/><G9/><T39/><D39/><U0/><E0/><V102/><F11/><W48/><G62/><T65/><D65/><U7/><N who="1" m="1536" /><DORA hai="12" /><U71/><E71/><V123/><F123/><W56/><REACH who="3" step="1"/><G84/><REACH who="3" step="2"/><T125/><D125/><U55/><E126/><V124/><F124/><W66/><G66/><T80/><D70/><U78/><E55/><V60/><F60/><W93/><G93/><N who="0" m="35915" /><D69/><U82/><E78/><V27/><REACH who="2" step="1"/><F102/><REACH who="2" step="2"/><W111/><G111/><T63/><D68/><U22/><AGARI ba="1,2" hai="22,26,31,82,85,88,113,114" m="1536,49739" machi="22" ten="50,6400,0" yaku="19,1,52,1,54,1" doraHai="79,12" who="1" fromWho="1" sc="315,-17,310,87,254,-17,101,-33" owari="298,10,397,49,237,-16,68,-43" /></mjloggm>