<mjloggm ver="2.3"><GO type="193"/><UN n0="%6D%69%6C%61%6E%32%31" n1="%E9%A4%8A%E8%80%81" n2="%E3%82%A6%E3%83%AB%E3%83%88%E3%83%A9%E7%AB%8B%E7%9B%B4" n3="%78%78%E3%81%9F%E3%81%B4%E3%81%8A%E3%81%8B%78%78" dan="11,12,11,11" rate="1623,1671,1776,1677" sx="M,M,M,M"/><TAIKYOKU oya="0"/><INIT seed="0,0,0,1,0,102" ten="250,250,250,250" oya="0" hai0="122,68,59,5,43,131,60,15,18,79,121,39,58" hai1="64,108,88,3,98,22,71,28,114,67,46,21,109" hai2="23,65,74,7,1,82,103,93,69,105,27,63,36" hai3="62,119,124,32,0,51,31,10,19,97,135,33,92" shuffle="mt19937ar,63E2249D,DC80A6ED,E11A12BE,4ADE7DFA,5EF03B8E,0280331C,DB08D9C7,26040212"/><T101/><D101/><U40/><E3/><V112/><F112/><W42/><G119/><T113/><D79/><U91/><E114/><V89/><F36/><W25/><G124/><T132/><D5/><U12/><E71/><V9/><F74/><W2/><G135/><T110/><D18/><U24/><E67/><V14/><F82/><W45/><G62/><T17/><D17/><U116/><E64/><V133/><F133/><W75/><G75/><T100/><D100/><U44/><E116/><V128/><F128/><W66/><G66/><N who="0" m="41031" /><D15/><U55/><E55/><V111/><F111/><N who="1" m="42569" /><E98/><V80/><F80/><W8/><G33/><T34/><D34/><U117/><E117/><V70/><F70/><W120/><G120/><N who="0" m="46187" /><D110/><U83/><E83/><V96/><F89/><N who="1" m="34377" /><E40/><V61/><F61/><W90/><REACH who="3" step="1"/><G19/><AGARI ba="0,0" hai="12,19,21,22,24,28,44,46" m="34377,42569" machi="19" ten="30,2000,0" yaku="14,1,54,1" doraHai="102" who="1" fromWho="3" sc="250,0,250,20,250,0,250,-20" /><INIT seed="1,0,0,1,3,36" ten="250,270,250,230" oya="1" hai0="12,11,135,64,82,7,17,44,8,74,5,69,124" hai1="42,28,79,72,117,33,133,25,24,0,78,106,89" hai2="116,84,134,95,119,99,107,120,52,19,86,29,121" hai3="105,59,131,60,66,10,130,92,132,109,45,83,85" shuffle="mt19937ar,AA55970C,E73F544E,266AABCD,AEBCE4DF,F19F662E,C37A5197,C567069A,C57071C8"/><U93/><E106/><V2/><F2/><W30/><G105/><T100/><D100/><U115/><E115/><V31/><F19/><W123/><G123/><T104/><D104/><U67/><E0/><V32/><F107/><W50/><G30/><T110/><D110/><U125/><E117/><V16/><F16/><W39/><G39/><T128/><D128/><N who="3" m="49193" /><G109/><T37/><D124/><U1/><E1/><V54/><F95/><W14/><G92/><T58/><D135/><U118/><E118/><V3/><F3/><W102/><G102/><T57/><D64/><U13/><E125/><V6/><F99/><W41/><G132/><T108/><D69/><U126/><E126/><V55/><F55/><W122/><G122/><T88/><D108/><U49/><E133/><V90/><F134/><W96/><G96/><T127/><D127/><U114/><E114/><V129/><F90/><N who="3" m="51519" /><G14/><T21/><D44/><U40/><E13/><V62/><F129/><W68/><G10/><N who="0" m="3627" /><D37/><U63/><E72/><V87/><F87/><W27/><G27/><T20/><D74/><U111/><E25/><V76/><F32/><W80/><G80/><T43/><D43/><U97/><E111/><V77/><REACH who="2" step="1"/><F62/><REACH who="2" step="2"/><W53/><G53/><T56/><D21/><U70/><REACH who="1" step="1"/><E49/><REACH who="1" step="2"/><V23/><F23/><W91/><G60/><T94/><D82/><U101/><E101/><V15/><F15/><W48/><G48/><T98/><AGARI ba="0,2" hai="5,7,12,17,20,56,57,58,88,94,98" m="3627" machi="98" ten="30,2000,0" yaku="8,1,54,1" doraHai="36" who="0" fromWho="0" sc="250,40,260,-10,240,-5,230,-5" /><INIT seed="2,0,0,1,5,101" ten="290,250,235,225" oya="2" hai0="76,24,15,96,106,133,9,28,31,18,20,42,103" hai1="91,5,79,54,70,66,134,93,95,25,81,34,117" hai2="26,35,0,130,104,19,13,107,87,100,52,33,29" hai3="43,72,49,39,30,120,69,97,60,36,50,123,119" shuffle="mt19937ar,CC8DCA04,C8BEB4EA,AFDECE35,3B51C0B5,00A1DF80,70CABD62,6EDC8479,AF3F8FE6"/><V57/><F0/><W115/><G72/><T78/><D133/><U38/><E38/><V112/><F112/><W102/><G30/><T2/><D42/><U114/><E117/><V129/><F87/><W126/><G119/><T12/><D12/><U109/><E114/><V1/><F1/><W17/><G115/><T99/><D99/><U131/><E134/><V94/><F35/><W84/><G84/><T85/><D85/><U4/><E131/><N who="2" m="50187" /><F94/><W124/><G17/><T68/><D68/><U63/><E109/><V51/><F100/><W21/><G21/><AGARI ba="0,0" hai="13,19,21,26,29,33,51,52,57,104,107" m="50187" machi="21" ten="30,11600,0" yaku="19,1,52,2,54,1" doraHai="101" who="2" fromWho="3" sc="290,0,250,0,235,116,225,-116" /><INIT seed="2,1,0,3,0,80" ten="290,250,351,109" oya="2" hai0="13,93,133,128,56,29,67,89,125,77,75,50,62" hai1="27,103,72,54,11,26,71,63,40,66,57,114,55" hai2="123,90,17,37,64,52,99,59,3,16,23,43,34" hai3="41,76,119,32,134,109,88,124,118,131,112,49,91" shuffle="mt19937ar,889EC585,81310BB6,E69FA71C,E391717A,320ECF18,71443023,45AB7BDB,7ADCD525"/><V116/><F34/><W15/><G76/><T126/><D77/><U110/><E72/><V1/><F64/><W82/><G15/><T83/><D83/><U6/><E114/><V81/><F123/><W78/><G41/><T130/><D75/><U25/><E110/><V100/><F17/><W111/><G49/><T24/><D13/><U9/><E40/><V8/><F43/><W61/><G61/><T51/><D29/><U68/><E103/><V19/><F37/><W69/><G112/><T108/><D24/><U120/><E120/><V58/><F59/><W70/><G69/><T36/><D108/><N who="3" m="41545" /><G70/><T0/><D0/><U47/><E47/><V65/><F65/><W53/><G32/><T45/><D89/><N who="3" m="34377" /><G53/><T92/><D93/><U101/><E101/><V106/><F3/><W129/><G124/><T98/><D98/><U85/><E71/><V30/><F1/><W102/><G102/><T7/><D92/><U46/><E68/><V95/><F95/><W12/><G12/><T48/><D7/><U73/><E73/><V31/><F100/><W35/><G35/><T18/><D18/><U60/><E55/><V33/><F52/><W4/><G4/><T94/><D94/><U74/><E74/><V44/><F44/><W20/><G20/><T42/><D133/><U28/><E46/><V39/><F33/><W135/><G119/><T104/><D104/><U14/><E9/><V121/><F106/><W96/><G96/><T21/><REACH who="0" step="1"/><D21/><REACH who="0" step="2"/><U10/><E10/><V22/><F23/><W2/><G2/><T107/><D107/><U84/><E28/><RYUUKYOKU ba="1,1" sc="280,15,250,15,351,-15,109,-15" hai0="36,42,45,48,50,51,56,62,67,125,126,128,130" hai1="6,11,14,25,26,27,54,57,60,63,66,84,85" /><INIT seed="3,2,1,5,4,73" ten="295,265,336,94" oya="3" hai0="47,88,55,70,28,106,74,109,98,46,10,129,94" hai1="63,118,23,78,77,110,32,56,80,97,16,115,123" hai2="102,111,127,130,96,34,71,25,4,17,64,100,20" hai3="50,91,82,27,113,76,36,72,85,75,12,108,79" shuffle="mt19937ar,C8D33B13,9E4AC1AE,1C3D2CEE,CF68F69D,19F2632A,F30AB50C,63DCFB35,D39E0AD1"/><W29/><G113/><T53/><D70/><U61/><E32/><V89/><F127/><W67/><G36/><T128/><D28/><U24/><E115/><V117/><F130/><N who="0" m="50282" /><D10/><U87/><E123/><V69/><F117/><W134/><G67/><T116/><D116/><U3/><E118/><V66/><F111/><W48/><G75/><T105/><D74/><U90/><E3/><V30/><F4/><W124/><G72/><T40/><D109/><U135/><E135/><V33/><F33/><W54/><G108/><T107/><D46/><U83/><E110/><V43/><F43/><W125/><G134/><T121/><D121/><U21/><E97/><V57/><F69/><W1/><G12/><T2/><D2/><U45/><E45/><V13/><F71/><W59/><G1/><T31/><D31/><N who="1" m="17807" /><E83/><V120/><F120/><W65/><G65/><T49/><AGARI ba="2,1" hai="40,47,49,53,55,88,94,98,105,106,107" m="50282" machi="49" ten="40,2700,0" yaku="19,1,54,1" doraHai="73" who="0" fromWho="0" sc="295,43,265,-9,336,-9,94,-15" owari="338,33,256,-9,327,8,79,-32" /></mjloggm>