<mjloggm ver="2.3"><GO type="97"/><UN n0="%E9%A3%9B%E6%9C%AB%E6%AD%A6%E5%BF%97" n1="%E6%B0%97%E3%83%AC%E3%83%B3%E3%82%B8%E3%83%A3%E3%83%BC" n2="%E3%81%A4%E3%81%A1%E3%81%AE%E3%81%93%E3%81%AD%E3%81%93" n3="%E3%82%A6%E3%83%AB%E3%83%88%E3%83%A9%E7%AB%8B%E7%9B%B4" dan="15,14,15,13" rate="1993,1865,2038,1832" sx="M,M,M,M"/><TAIKYOKU oya="0"/><INIT seed="0,0,0,2,4,27" ten="250,250,250,250" oya="0" hai0="111,89,17,117,70,133,119,0,110,91,85,125,1" hai1="21,55,18,69,72,121,38,102,26,59,16,44,56" hai2="116,87,84,54,40,114,78,124,134,49,6,4,32" hai3="23,58,68,75,123,67,3,108,50,29,33,51,131"/><T8/><D70/><U132/><E121/><V35/><F114/><W126/><G33/><T129/><D129/><U42/><E42/><V104/><F104/><W74/><G3/><T135/><D125/><U113/><E69/><V66/><F66/><W34/><G34/><T15/><D85/><U101/><E72/><V28/><F40/><W98/><G75/><T94/><D94/><U46/><E113/><V37/><F37/><W53/><G74/><T105/><D105/><U96/><E38/><V19/><F134/><N who="0" m="51210" /><D91/><U45/><E132/><V12/><F78/><W92/><G126/><T41/><D89/><U106/><E102/><V31/><F124/><W79/><G131/><T77/><D77/><U30/><REACH who="1" step="1"/><E59/><REACH who="1" step="2"/><V7/><F116/><N who="0" m="44618" /><D41/><U47/><N who="1" m="11776" /><DORA hai="76" /><U9/><E9/><V5/><F35/><W88/><G68/><T81/><D81/><U95/><E95/><V10/><F32/><W73/><G73/><T115/><D115/><U93/><E93/><V63/><F10/><W71/><G71/><T118/><D118/><U97/><E97/><V99/><F99/><W109/><G98/><T25/><D25/><U83/><E83/><V128/><F128/><W14/><G92/><T13/><D13/><U22/><E22/><V127/><F12/><W52/><G14/><T43/><D43/><U103/><E103/><V48/><F127/><W61/><G23/><T20/><D20/><U82/><E82/><V57/><F87/><W39/><G39/><T86/><D86/><U11/><E11/><V107/><F84/><W64/><G79/><T122/><D122/><RYUUKYOKU ba="0,1" sc="250,15,240,15,250,-15,250,-15" hai0="0,1,8,15,17,110,111" hai1="16,18,21,26,30,55,56,96,101,106" /><INIT seed="0,1,1,5,2,104" ten="265,255,235,235" oya="0" hai0="116,8,23,115,133,45,128,86,84,125,110,44,72" hai1="74,87,24,73,60,134,29,54,0,117,16,9,118" hai2="113,120,127,77,15,66,5,95,81,19,3,49,65" hai3="12,47,112,25,96,57,94,46,48,99,131,90,103"/><T98/><D8/><U70/><E134/><V69/><F127/><W78/><G131/><T111/><D23/><U132/><E132/><V124/><F113/><W1/><G1/><T27/><D27/><U51/><E87/><N who="0" m="33321" /><D116/><U2/><E118/><V100/><F124/><W119/><G119/><T42/><D133/><U129/><E117/><V85/><F69/><W39/><G112/><T89/><D125/><U93/><E93/><V31/><F31/><W97/><G39/><T67/><D67/><U41/><E129/><V10/><F120/><W22/><G78/><T61/><D61/><U11/><E41/><V55/><F3/><W108/><G12/><T101/><D128/><U63/><E29/><V58/><REACH who="2" step="1"/><F5/><REACH who="2" step="2"/><W43/><G108/><N who="0" m="41515" /><D115/><U21/><E70/><V4/><F4/><W82/><G82/><T71/><D71/><U80/><E0/><V50/><F50/><W35/><G35/><T102/><D42/><U121/><E80/><V76/><F76/><W91/><G43/><T13/><D13/><U30/><E121/><V122/><F122/><W14/><G48/><T126/><D126/><U36/><E2/><V130/><F130/><W83/><G14/><T26/><D26/><U75/><E36/><V37/><F37/><W114/><G25/><T105/><D44/><U59/><REACH who="1" step="1"/><E30/><REACH who="1" step="2"/><V6/><F6/><W40/><G114/><T135/><D135/><U53/><E53/><V107/><F107/><W68/><G40/><T18/><D105/><U17/><E17/><V52/><F52/><W7/><G68/><T109/><D18/><U38/><E38/><RYUUKYOKU ba="1,3" sc="265,-15,245,15,225,15,235,-15" hai1="9,11,16,21,24,51,54,59,60,63,73,74,75" hai2="10,15,19,49,55,58,65,66,77,81,85,95,100" /><INIT seed="1,2,3,4,4,102" ten="250,260,240,220" oya="1" hai0="88,74,18,78,118,41,69,73,16,82,56,94,1" hai1="119,43,113,10,114,99,7,36,93,126,39,130,35" hai2="111,3,107,27,81,25,49,105,54,4,76,0,26" hai3="83,30,103,22,31,24,19,40,12,72,2,98,65"/><U46/><E119/><V109/><F4/><W67/><G2/><T45/><D118/><U124/><E39/><V37/><F37/><W32/><G31/><T29/><D29/><U75/><E75/><V59/><F0/><W38/><G38/><T79/><D69/><U28/><E130/><V50/><F49/><W86/><G40/><T80/><D56/><U90/><E35/><V61/><F3/><W13/><G13/><T115/><D115/><U85/><E28/><V110/><F61/><W34/><G72/><AGARI ba="2,3" hai="25,26,27,50,54,59,72,76,81,105,107,109,110,111" machi="72" ten="50,6400,0" yaku="14,1,52,2" doraHai="102" who="2" fromWho="3" sc="250,0,260,0,240,100,220,-70" /><INIT seed="2,0,0,2,2,77" ten="250,260,340,150" oya="2" hai0="12,8,64,40,106,48,53,114,104,55,74,126,116" hai1="46,76,67,105,95,112,118,69,63,45,101,38,131" hai2="71,20,85,62,28,109,88,73,72,47,51,90,5" hai3="26,123,34,87,81,54,27,61,92,103,119,68,80"/><V65/><F5/><W29/><G123/><T43/><D114/><U100/><E112/><V125/><F125/><W17/><G119/><T7/><D116/><U108/><E118/><V13/><F109/><W19/><G68/><T36/><D126/><U11/><E108/><V16/><F28/><W3/><G3/><T117/><D117/><U135/><E105/><V128/><F128/><W6/><G6/><T56/><D64/><U84/><E131/><V120/><F120/><W91/><G103/><T96/><D74/><U113/><E113/><V93/><REACH who="2" step="1"/><F90/><REACH who="2" step="2"/><W66/><G66/><T59/><D36/><U15/><E38/><V79/><F79/><W110/><G110/><T44/><D96/><U50/><E76/><V94/><F94/><W78/><G92/><T41/><REACH who="0" step="1"/><D44/><REACH who="0" step="2"/><U111/><E46/><V127/><F127/><W49/><G61/><AGARI ba="0,2" hai="7,8,12,40,41,43,48,53,55,56,59,61,104,106" machi="61" ten="40,8000,1" yaku="1,1,2,1,53,2" doraHai="77" doraHaiUra="52" who="0" fromWho="3" sc="240,100,260,0,330,0,150,-80" /><INIT seed="3,0,0,3,0,132" ten="340,260,330,70" oya="3" hai0="71,86,1,133,22,103,52,88,96,68,45,84,100" hai1="53,128,30,15,107,98,62,33,10,113,67,31,129" hai2="76,102,91,17,134,12,131,37,101,97,75,117,34" hai3="116,57,27,85,81,119,50,40,94,0,104,74,130"/><W35/><G0/><T106/><D133/><U25/><E113/><V8/><F134/><W115/><G104/><T114/><D103/><U32/><E53/><V105/><F117/><W39/><G115/><T58/><D45/><U19/><E107/><V11/><F34/><W18/><G130/><T110/><D110/><U118/><E118/><V73/><F37/><W55/><G74/><T42/><D86/><U46/><E98/><V111/><F131/><W41/><G94/><T82/><D42/><N who="3" m="16489" /><G39/><T44/><D44/><U56/><E46/><V64/><F111/><W63/><G35/><T77/><D22/><U38/><E38/><V66/><F75/><W123/><G123/><T51/><D1/><U83/><E83/><N who="2" m="45455" /><F8/><W26/><G119/><T23/><D114/><U43/><E43/><V6/><F102/><W9/><G116/><T93/><D23/><U87/><E87/><V61/><F6/><W47/><G9/><T89/><D106/><U121/><E121/><V21/><F11/><W127/><G18/><T29/><REACH who="0" step="1"/><D29/><REACH who="0" step="2"/><U70/><REACH who="1" step="1"/><E70/><AGARI ba="0,1" hai="51,52,58,68,70,71,77,82,84,88,89,93,96,100" machi="70" ten="40,8000,1" yaku="1,1,2,1,54,2,53,0" doraHai="132" doraHaiUra="59" who="0" fromWho="1" sc="330,90,260,-80,330,0,70,0" owari="420,42,180,-17,330,8,70,-33" /></mjloggm>