<mjloggm ver="2.3"><GO type="41"/><UN n0="%73%63%68%77%61%6E%74%7A" n1="%E3%82%A6%E3%83%AB%E3%83%88%E3%83%A9%E7%AB%8B%E7%9B%B4" n2="%74%69%6E%74" n3="%E6%9D%A5%E6%A0%96%E9%B3%A5" dan="15,13,15,15" rate="1971,1817,2044,1963" sx="M,M,M,M"/><TAIKYOKU oya="0"/><INIT seed="0,0,0,5,3,135" ten="250,250,250,250" oya="0" hai0="32,38,46,39,51,12,117,111,92,93,61,2,0" hai1="126,97,119,109,134,99,5,80,72,4,8,1,73" hai2="36,98,118,100,53,15,84,49,67,57,63,122,3" hai3="96,65,82,25,48,112,107,29,127,30,86,104,90"/><T131/><D117/><U34/><E119/><V58/><F3/><W91/><G112/><T42/><D32/><U77/><E134/><V59/><F118/><W116/><G116/><T44/><D131/><U20/><E5/><V106/><F122/><W23/><G127/><T85/><D111/><U33/><E20/><V79/><F36/><W13/><G65/><T124/><D124/><U94/><E126/><V105/><F105/><W120/><G120/><T43/><D51/><U14/><E14/><V66/><F15/><W83/><G107/><T71/><D12/><U18/><E18/><V115/><F115/><W31/><G104/><T78/><D78/><U75/><E99/><V28/><F28/><W54/><G13/><T89/><D92/><U121/><E121/><V19/><F19/><W123/><G123/><T26/><REACH who="0" step="1"/><D26/><REACH who="0" step="2"/><U114/><E109/><V87/><F79/><W69/><G83/><T11/><D11/><U130/><E130/><V9/><F9/><W27/><G27/><T6/><D6/><U74/><E114/><V41/><F49/><W108/><G108/><T133/><D133/><U64/><E34/><V10/><F10/><W103/><G25/><T17/><D17/><U125/><E33/><V113/><F113/><W62/><G23/><T128/><D128/><U35/><E35/><V16/><F106/><W110/><G110/><T56/><D56/><U132/><E132/><V40/><F58/><N who="3" m="35159" /><G48/><T81/><D81/><U52/><E125/><V95/><F59/><W60/><G82/><T7/><D7/><U50/><E4/><V55/><F95/><RYUUKYOKU ba="0,1" sc="240,30,250,-10,250,-10,250,-10" hai0="0,2,38,39,42,43,44,46,61,71,85,89,93" /><INIT seed="0,1,1,0,2,82" ten="270,240,240,240" oya="0" hai0="133,65,95,92,4,122,33,2,54,129,86,90,115" hai1="75,126,70,32,41,98,89,99,22,43,42,8,60" hai2="27,128,123,78,66,88,12,131,119,36,103,10,24" hai3="63,18,26,87,37,11,74,73,106,116,62,50,124"/><T76/><D115/><U29/><E75/><V34/><F123/><W97/><G116/><T64/><D122/><U94/><E126/><V47/><F119/><W59/><G37/><T81/><D33/><U113/><E32/><V85/><F78/><W117/><G124/><T57/><D133/><U125/><E125/><V20/><F66/><W110/><G110/><T3/><D129/><N who="2" m="49738" /><F103/><W114/><G114/><T55/><D4/><U39/><E39/><V5/><F34/><W31/><G117/><T121/><D121/><U130/><E130/><V46/><F36/><W107/><G107/><T44/><D3/><U77/><E77/><V0/><F0/><W84/><G74/><T96/><D2/><U108/><E108/><V23/><F23/><N who="3" m="15839" /><G73/><T19/><D19/><U15/><E113/><V21/><F21/><W101/><G106/><T45/><D95/><U80/><E80/><N who="2" m="49191" /><F27/><W109/><G109/><T38/><D38/><U56/><E22/><V30/><AGARI ba="1,1" hai="5,10,12,20,24,30,46,47" m="49191,49738" machi="30" ten="30,4000,0" yaku="19,1,52,1,54,1" doraHai="82" who="2" fromWho="2" sc="270,-21,240,-11,240,53,240,-11" /><INIT seed="1,0,0,5,2,109" ten="249,229,293,229" oya="1" hai0="105,33,121,4,94,108,97,54,129,106,95,68,53" hai1="62,71,79,42,123,28,20,89,119,56,0,36,112" hai2="57,70,125,99,98,63,41,8,29,120,27,61,58" hai3="101,55,10,75,86,78,59,64,26,44,35,72,38"/><U3/><E71/><V110/><F120/><W82/><G101/><T88/><D33/><U124/><E123/><V40/><F110/><W130/><G130/><T132/><D108/><U9/><E119/><V19/><F70/><W111/><G111/><T134/><D121/><U122/><E122/><V77/><F125/><W113/><G113/><T7/><D68/><U73/><E89/><V115/><F115/><W80/><G64/><T96/><REACH who="0" step="1"/><D88/><REACH who="0" step="2"/><U126/><E126/><V1/><F77/><W32/><G32/><T66/><D66/><U22/><E124/><V45/><F45/><W2/><G35/><T103/><D103/><U24/><E112/><V11/><F58/><W31/><G44/><T25/><D25/><U47/><E79/><V39/><F57/><W104/><G26/><T127/><D127/><U69/><E69/><V91/><F27/><W92/><G59/><T48/><D48/><U81/><E81/><V34/><F91/><W30/><G82/><T18/><D18/><U90/><E90/><V49/><F19/><W83/><G83/><T93/><D93/><U51/><E51/><V100/><F49/><W43/><G80/><T16/><D16/><U65/><E73/><V87/><F100/><W5/><G78/><T12/><D12/><U14/><E22/><V116/><F34/><W52/><G92/><T128/><AGARI ba="0,1" hai="4,7,53,54,94,95,96,97,105,106,128,129,132,134" machi="128" ten="25,12000,2" yaku="1,1,0,1,22,2,53,2" doraHai="109" doraHaiUra="50" who="0" fromWho="0" sc="239,130,229,-60,293,-30,229,-30" /><INIT seed="2,0,0,4,1,98" ten="369,169,263,199" oya="2" hai0="62,91,120,29,94,83,134,96,101,99,4,58,55" hai1="48,130,20,128,118,92,14,28,84,117,51,129,95" hai2="69,63,21,104,0,74,80,15,18,81,114,40,12" hai3="124,25,2,71,46,24,102,22,13,122,60,89,56"/><V93/><F114/><W17/><G122/><T79/><D120/><U67/><E67/><V111/><F104/><W100/><G124/><T32/><D134/><U115/><E28/><V57/><F0/><W108/><G2/><T75/><D4/><U68/><E68/><V53/><F69/><W31/><G71/><T125/><D125/><U26/><E26/><N who="3" m="10346" /><G108/><T38/><D38/><U88/><E115/><V37/><F111/><W86/><G46/><T8/><D8/><U76/><E76/><V66/><F74/><W90/><G31/><T132/><D132/><U35/><E35/><V72/><F72/><W77/><G77/><T9/><D9/><U47/><E20/><V82/><F93/><N who="3" m="54455" /><G90/><T43/><D43/><U33/><E33/><V5/><F66/><AGARI ba="0,0" hai="13,17,22,56,60,66,100,102" m="54455,10346" machi="66" ten="30,3900,0" yaku="8,1,52,2" doraHai="98" who="3" fromWho="2" sc="369,0,169,0,263,-39,199,39" /><INIT seed="3,0,0,3,1,34" ten="369,169,224,238" oya="3" hai0="79,87,13,30,42,122,72,86,38,132,39,83,35" hai1="23,26,108,25,91,5,106,89,7,14,100,45,112" hai2="43,58,124,12,80,21,57,109,47,97,81,51,119" hai3="29,40,18,11,121,128,50,84,71,113,41,64,19"/><W88/><G113/><T126/><D122/><U70/><E70/><V46/><F119/><W27/><G121/><T98/><D132/><U48/><E100/><V55/><F109/><W28/><G128/><T90/><D126/><U120/><E106/><V101/><F124/><W123/><G123/><T129/><D129/><U130/><E120/><V117/><F117/><W37/><G37/><T10/><D30/><N who="3" m="11881" /><G71/><T63/><D35/><U0/><E130/><V103/><F103/><W96/><G64/><T61/><D72/><U110/><E112/><V69/><F69/><W3/><G3/><T52/><D98/><U95/><E14/><V20/><F58/><W77/><G77/><T118/><D118/><U36/><E36/><V105/><F46/><W2/><G2/><T104/><D104/><U56/><E56/><V116/><F116/><W94/><G50/><T74/><D74/><U131/><E131/><V127/><F127/><W134/><G134/><T135/><D135/><U59/><E59/><V24/><F12/><N who="3" m="7455" /><G96/><T133/><D133/><U15/><E15/><V75/><F51/><W62/><G62/><T73/><D73/><U53/><E23/><AGARI ba="0,0" hai="19,23,27,40,41,84,88,94" m="7455,11881" machi="23" ten="30,2900,0" yaku="8,1,54,1" doraHai="34" who="3" fromWho="1" sc="369,0,169,-29,224,0,238,29" /><INIT seed="3,1,0,4,4,18" ten="369,140,224,267" oya="3" hai0="121,79,46,10,80,7,103,53,58,65,52,92,9" hai1="68,104,82,107,95,134,41,112,4,84,100,130,3" hai2="119,15,17,110,113,77,70,115,55,88,94,37,20" hai3="61,49,33,0,89,51,50,87,76,31,54,67,47"/><W2/><G76/><T43/><D121/><U72/><E41/><V105/><F119/><W91/><G91/><T124/><D124/><U122/><E4/><V35/><F105/><N who="1" m="40521" /><E68/><V63/><F110/><W83/><G33/><T85/><D65/><U39/><E39/><V116/><F116/><W117/><G117/><T24/><D24/><U132/><E3/><V11/><F35/><W56/><G31/><T129/><D129/><U125/><E122/><V23/><F37/><W12/><G12/><T99/><D58/><U34/><E34/><V60/><F77/><W71/><REACH who="3" step="1"/><G50/><REACH who="3" step="2"/><N who="0" m="26975" /><D10/><U14/><E14/><AGARI ba="1,1" hai="7,9,14,52,53,79,80,85,92,99,103" m="26975" machi="14" ten="30,3900,0" yaku="25,1,8,1,54,1" doraHai="18" who="0" fromWho="1" sc="369,52,140,-42,224,0,257,0" /><INIT seed="4,0,0,4,5,129" ten="421,98,224,257" oya="0" hai0="25,126,135,7,8,76,132,27,36,97,122,89,10" hai1="88,94,77,107,23,59,82,28,2,127,21,0,131" hai2="91,102,72,50,124,51,54,31,35,15,74,87,67" hai3="75,90,119,49,41,19,64,111,18,92,53,110,66"/><T30/><D122/><U62/><E107/><V56/><F124/><W4/><G119/><T42/><D126/><U112/><E127/><V86/><F102/><W101/><G75/><T103/><D76/><U85/><E131/><V22/><F67/><W38/><G101/><T79/><D79/><U113/><E2/><V5/><F86/><W47/><G66/><T33/><D42/><U114/><E0/><V32/><F32/><W52/><G4/><T96/><D36/><U26/><E59/><V93/><F50/><W98/><G64/><T55/><D55/><U63/><REACH who="1" step="1"/><E21/><REACH who="1" step="2"/><V6/><F35/><W48/><G111/><T99/><D33/><U125/><E125/><V39/><F22/><W17/><G110/><T45/><D45/><U24/><E24/><V37/><F56/><N who="3" m="32775" /><G38/><T34/><D27/><U83/><E83/><V40/><F37/><W121/><G121/><T95/><D10/><U13/><E13/><V61/><F15/><W43/><AGARI ba="0,1" hai="17,18,19,41,43,47,49,53,90,92,98" m="32775" machi="43" ten="30,2000,0" yaku="8,1,54,1" doraHai="129" who="3" fromWho="3" sc="421,-10,88,-5,224,-5,257,30" /><INIT seed="5,0,0,2,1,93" ten="411,83,219,287" oya="1" hai0="120,40,50,7,117,4,85,25,62,135,36,43,9" hai1="103,97,39,70,133,59,17,78,27,134,65,11,79" hai2="35,46,75,55,108,110,42,116,72,57,81,86,77" hai3="92,61,24,76,1,114,109,3,45,58,13,98,12"/><U122/><E70/><V23/><F116/><W67/><G109/><T128/><D117/><U37/><E122/><V66/><F35/><W111/><G114/><T113/><D36/><U48/><E39/><V32/><F32/><W131/><G131/><T15/><D113/><U31/><E37/><V91/><F66/><W74/><G111/><T34/><D128/><U126/><E126/><V130/><F23/><W119/><G119/><T123/><D135/><N who="1" m="51723" /><E17/><V84/><F130/><W52/><G3/><T56/><D4/><U0/><E11/><V94/><F108/><W28/><G1/><T14/><D14/><U73/><E73/><V107/><F107/><W18/><G76/><T38/><D38/><U5/><E5/><V88/><F110/><W99/><G92/><T125/><D125/><U22/><E0/><V30/><F30/><W6/><G74/><T63/><D63/><N who="1" m="38143" /><E48/><V118/><F118/><W102/><G6/><T2/><D2/><U89/><E89/><V90/><F90/><W68/><G102/><T19/><D50/><U83/><E83/><V127/><F127/><W16/><G68/><T49/><D49/><U106/><AGARI ba="0,0" hai="22,27,31,78,79,97,103,106" m="38143,51723" machi="106" ten="30,3000,0" yaku="20,1,52,1" doraHai="93" who="1" fromWho="1" sc="411,-10,83,30,219,-10,287,-10" /><INIT seed="5,1,0,4,4,14" ten="401,113,209,277" oya="1" hai0="79,88,101,7,98,127,53,94,28,3,9,96,55" hai1="67,10,18,0,121,44,49,116,95,73,38,112,57" hai2="41,22,27,106,108,25,92,76,131,45,109,132,74" hai3="20,124,72,81,125,128,47,93,15,135,16,120,42"/><U4/><E121/><V58/><F106/><W133/><G120/><T129/><D129/><U1/><E116/><V37/><F131/><W130/><G93/><T100/><D127/><N who="3" m="48713" /><G81/><T5/><D5/><U48/><E112/><V119/><F119/><W90/><G90/><T62/><D79/><U60/><E1/><V56/><F132/><N who="3" m="50763" /><G72/><T102/><D28/><U123/><E123/><V117/><F117/><W59/><G59/><T69/><D98/><U32/><E32/><V12/><F92/><W6/><G6/><T111/><D111/><U103/><E73/><V99/><F56/><W50/><AGARI ba="1,0" hai="15,16,20,42,47,50,128,130" m="50763,48713" machi="50" ten="40,12000,2" yaku="30,2,18,1,20,1,52,1,54,1" doraHai="14" who="3" fromWho="3" sc="401,-31,113,-61,209,-31,277,123" /><INIT seed="6,0,0,0,1,2" ten="370,52,178,400" oya="2" hai0="6,56,101,116,43,134,21,84,133,129,95,132,25" hai1="62,23,87,127,75,36,72,96,131,113,119,68,122" hai2="94,30,86,9,67,102,81,4,97,104,15,39,40" hai3="80,73,42,83,120,121,10,13,64,71,123,48,98"/><V55/><F67/><W22/><G73/><T93/><D129/><U108/><E87/><V44/><F30/><W130/><G130/><T12/><D116/><U29/><E62/><V105/><REACH who="2" step="1"/><F55/><REACH who="2" step="2"/><W50/><G123/><T106/><D43/><U65/><E29/><V27/><F27/><W74/><G64/><T110/><D25/><U16/><E65/><V47/><F47/><W19/><G121/><T45/><D45/><U5/><E5/><V8/><F8/><W107/><G120/><T115/><D6/><U3/><E16/><V99/><F99/><W66/><G66/><T26/><D26/><U70/><E23/><V61/><F61/><W91/><G98/><T79/><D21/><U63/><E63/><V34/><F34/><W88/><G10/><T28/><D28/><U128/><E96/><V51/><F51/><W32/><G32/><T114/><D56/><U89/><E131/><V41/><F41/><W7/><G42/><T109/><D12/><U60/><E60/><V31/><F31/><W33/><G50/><T38/><D38/><U37/><E37/><V85/><F85/><W124/><G48/><T35/><D35/><U24/><E24/><V69/><F69/><W53/><G71/><T135/><D135/><U59/><E70/><V76/><AGARI ba="0,1" hai="4,9,15,39,40,44,76,81,86,94,97,102,104,105" machi="76" ten="20,12000,1" yaku="1,1,0,1,7,1,52,1,53,1" doraHai="2" doraHaiUra="78" who="2" fromWho="2" sc="370,-40,52,-40,168,130,400,-40" /><INIT seed="6,1,0,5,2,62" ten="330,12,298,360" oya="2" hai0="129,18,47,1,67,76,63,28,44,11,128,13,111" hai1="58,26,14,119,16,12,135,34,24,40,64,98,73" hai2="77,103,105,75,134,45,94,114,123,71,55,90,41" hai3="118,25,86,29,66,83,32,48,122,93,60,30,117"/><V130/><F123/><W20/><G122/><T112/><D111/><U89/><E73/><V8/><F71/><W101/><G48/><T116/><D1/><U9/><E40/><V124/><F114/><W38/><G38/><T5/><D112/><U6/><E89/><V42/><F124/><W53/><G53/><T113/><D113/><U81/><E98/><V88/><F130/><N who="0" m="50282" /><D116/><U131/><E81/><V72/><F134/><W127/><G127/><T70/><D76/><U121/><E58/><V4/><F105/><W22/><G32/><T39/><D39/><U120/><E64/><V82/><F75/><W31/><G22/><T126/><D126/><U99/><E99/><N who="2" m="59895" /><F55/><W52/><G52/><T78/><D78/><U3/><E131/><V54/><F54/><W100/><G117/><T56/><D56/><U79/><E79/><V68/><F68/><W17/><G93/><T91/><D91/><U106/><E106/><V115/><F115/><W10/><G118/><T109/><D109/><U15/><E119/><V51/><F42/><W69/><REACH who="3" step="1"/><G10/><REACH who="3" step="2"/><T97/><D28/><N who="1" m="19719" /><E135/><V85/><F72/><W74/><G74/><T21/><D21/><N who="1" m="13607" /><E120/><V37/><F37/><W132/><G132/><T104/><D104/><U43/><E121/><V61/><F61/><W107/><G107/><T19/><D47/><U110/><E110/><V95/><F95/><W65/><G65/><T50/><D97/><U59/><E43/><AGARI ba="1,1" hai="5,11,13,18,19,43,44,50,63,67,70" m="50282" machi="43" ten="30,2000,0" yaku="19,1,52,1" doraHai="62" who="0" fromWho="1" sc="330,33,12,-23,298,0,350,0" owari="363,46,-11,-51,298,-10,350,15" /></mjloggm>