<mjloggm ver="2.3"><GO type="41"/><UN n0="%E3%82%A2%E3%83%95%E3%83%AD%E3%82%B5%E3%83%A0%E3%83%A9%E3%82%A4" n1="%E7%9C%9F%E5%86%AC%E5%B0%86%E8%BB%8D" n2="%E3%81%BF%E3%81%B2%E3%82%83%E3%81%88%E3%82%8B" n3="%E3%82%A6%E3%83%AB%E3%83%88%E3%83%A9%E7%AB%8B%E7%9B%B4" dan="13,14,13,14" rate="1938,1920,1848,1914" sx="M,M,M,M"/><TAIKYOKU oya="0"/><INIT seed="0,0,0,5,5,122" ten="250,250,250,250" oya="0" hai0="107,63,92,52,116,64,47,67,57,127,7,2,90" hai1="121,130,20,128,30,13,59,87,5,34,38,62,112" hai2="84,86,80,120,95,1,79,15,81,73,123,48,32" hai3="16,49,105,71,29,115,9,3,12,37,117,60,78"/><T42/><D116/><U106/><E38/><V58/><F1/><W129/><G37/><T45/><D107/><U133/><E106/><V124/><F32/><W100/><G117/><T23/><D127/><U83/><E121/><V98/><F15/><W91/><G115/><T68/><D7/><U114/><E133/><V75/><F48/><W0/><G129/><N who="1" m="49770" /><E34/><V88/><F124/><W96/><G78/><T74/><D74/><N who="2" m="28170" /><F58/><W99/><G29/><T35/><D35/><U113/><E30/><V134/><F134/><W125/><G125/><T70/><D2/><U104/><E104/><V66/><F66/><W50/><G50/><T54/><D23/><U85/><E83/><V61/><F61/><W131/><G131/><T72/><D72/><U51/><E51/><V36/><F36/><W40/><G96/><T53/><D90/><AGARI ba="0,0" hai="79,80,81,84,86,88,90,95,98,120,123" m="28170" machi="90" ten="30,3900,0" yaku="34,2,54,1" doraHai="122" who="2" fromWho="0" sc="250,-39,250,0,250,39,250,0" /><INIT seed="1,0,0,5,2,72" ten="211,250,289,250" oya="1" hai0="31,83,125,120,129,130,61,77,97,96,9,62,54" hai1="49,112,20,70,81,48,95,5,103,69,15,13,85" hai2="105,32,75,108,110,102,40,113,35,135,87,27,107" hai3="67,14,34,64,63,37,92,114,44,8,21,66,104"/><U52/><E112/><V122/><F40/><W12/><G34/><T124/><D31/><U84/><E103/><V71/><F102/><W100/><G104/><T42/><D42/><U50/><E95/><V78/><F87/><N who="1" m="33353" /><E81/><V119/><F27/><W6/><G114/><T53/><D9/><U79/><E79/><V98/><F98/><W3/><G37/><T58/><D120/><U22/><E5/><V18/><F18/><W73/><G73/><T51/><D51/><U29/><E29/><V90/><F90/><W93/><G44/><T131/><D83/><U88/><E88/><V121/><F113/><W106/><G63/><N who="0" m="24075" /><D58/><U94/><E94/><V76/><F75/><W43/><G43/><T23/><D23/><N who="1" m="8747" /><E52/><N who="0" m="20073" /><D77/><U41/><E41/><V89/><F89/><W7/><G3/><T133/><D133/><U126/><E126/><AGARI ba="0,0" hai="96,97,124,125,126,129,130,131" m="20073,24075" machi="126" ten="40,8000,1" yaku="28,2,18,1,19,1,54,1" doraHai="72" who="0" fromWho="1" sc="211,80,250,-80,289,0,250,0" /><INIT seed="2,0,0,2,1,118" ten="291,170,289,250" oya="2" hai0="43,26,35,15,27,111,105,81,24,56,29,84,28" hai1="18,106,6,96,22,94,65,128,87,21,100,69,121" hai2="2,13,116,14,80,126,110,112,122,31,88,50,3" hai3="47,11,107,86,78,40,124,23,83,63,68,1,7"/><V57/><F116/><W61/><G107/><T33/><D105/><U125/><E125/><V59/><F112/><W79/><G124/><T85/><D43/><U92/><E128/><V103/><F103/><W66/><G63/><T55/><D85/><U70/><E6/><V64/><F64/><W58/><G23/><T51/><D15/><U132/><E132/><V34/><F34/><W17/><G17/><T76/><D27/><U30/><E106/><V10/><F126/><W101/><G101/><T19/><D19/><U4/><E4/><V12/><F31/><W95/><G95/><T114/><D111/><U36/><E36/><V134/><F134/><W41/><G41/><T5/><D5/><U8/><E65/><V37/><F37/><W32/><G32/><T115/><AGARI ba="0,0" hai="24,26,28,29,33,35,51,55,56,76,81,84,114,115" machi="115" ten="30,2000,0" yaku="0,1,9,1" doraHai="118" who="0" fromWho="0" sc="291,20,170,-5,289,-10,250,-5" /><INIT seed="3,0,0,0,4,20" ten="311,165,279,245" oya="3" hai0="130,87,65,50,85,80,82,42,102,78,47,67,69" hai1="88,121,123,39,96,6,48,84,105,118,103,90,23" hai2="110,52,4,133,53,106,75,111,128,115,9,94,92" hai3="5,117,126,51,32,11,13,74,22,72,26,86,93"/><W62/><G117/><T95/><D130/><U33/><E33/><V25/><F106/><W35/><G74/><T109/><D109/><U36/><E6/><V59/><F75/><W27/><G72/><T37/><D37/><U43/><E48/><V29/><F115/><W56/><G126/><T100/><D69/><U15/><E15/><V46/><F133/><W114/><G114/><T19/><D95/><U98/><E23/><V38/><F128/><W55/><G35/><T127/><D127/><U122/><E43/><V71/><F71/><W77/><G32/><T112/><D112/><U89/><E36/><V70/><F70/><W31/><G31/><T73/><D73/><U104/><E39/><V107/><F107/><N who="1" m="41033" /><E118/><V49/><F38/><W44/><G22/><T60/><D60/><U132/><E132/><V108/><F53/><W18/><G18/><T83/><D83/><U30/><E30/><V28/><F46/><W1/><G1/><T81/><D81/><N who="1" m="49167" /><E103/><N who="0" m="39465" /><D19/><U124/><E124/><V3/><F29/><W125/><G125/><T66/><D66/><U58/><E58/><V134/><REACH who="2" step="1"/><F134/><REACH who="2" step="2"/><W0/><G0/><T129/><D129/><U116/><E116/><V57/><F57/><W131/><G131/><T7/><D67/><U76/><E76/><V99/><F99/><AGARI ba="0,1" hai="89,90,96,98,99,121,122,123" m="49167,41033" machi="99" ten="40,5200,0" yaku="34,2,54,1" doraHai="20" who="1" fromWho="2" sc="311,0,165,62,269,-52,245,0" /><INIT seed="4,0,0,5,2,29" ten="311,227,217,245" oya="0" hai0="27,118,67,65,79,60,125,53,82,111,5,89,119" hai1="72,128,44,49,63,105,36,37,73,39,86,121,113" hai2="102,95,124,80,3,57,23,88,103,126,12,130,10" hai3="50,9,90,14,16,43,45,52,68,58,41,48,104"/><T62/><D125/><N who="2" m="48234" /><F3/><W54/><G104/><T91/><D5/><U115/><E105/><V24/><F57/><W96/><G68/><T66/><D53/><U0/><E121/><V83/><F23/><W42/><G96/><T33/><D111/><U129/><E86/><N who="2" m="52631" /><F24/><W97/><G97/><T17/><D17/><U74/><E63/><V19/><F130/><N who="1" m="50281" /><E0/><V38/><F38/><W99/><G99/><T127/><D127/><U133/><E49/><V69/><F69/><W98/><G98/><T6/><D6/><U81/><E81/><AGARI ba="0,0" hai="10,12,19,80,81,83,102,103" m="52631,48234" machi="81" ten="30,2000,0" yaku="18,1,54,1" doraHai="29" who="2" fromWho="1" sc="311,0,227,-20,217,20,245,0" /><INIT seed="5,0,0,4,5,54" ten="311,207,237,245" oya="1" hai0="23,63,130,17,110,135,102,27,86,133,31,71,109" hai1="122,98,90,68,74,97,107,114,7,9,47,36,70" hai2="15,60,116,2,85,75,26,129,105,132,111,73,49" hai3="95,82,127,45,21,79,128,5,92,106,118,24,43"/><U80/><E122/><V12/><F49/><W34/><G34/><T91/><D102/><U78/><E114/><V30/><F60/><W32/><G32/><T108/><D71/><U57/><E97/><V52/><F52/><W89/><G106/><T53/><D130/><U37/><E90/><V83/><F105/><W96/><G118/><T103/><D103/><N who="1" m="62967" /><E57/><V56/><F56/><W88/><G127/><T112/><D63/><U25/><E25/><V76/><F2/><W64/><G128/><T35/><D53/><U120/><E120/><V131/><F116/><W16/><G64/><T134/><D91/><U14/><E14/><V58/><F58/><W6/><G82/><T50/><D86/><U123/><E123/><V48/><F131/><W72/><G79/><T94/><D94/><U115/><E115/><V10/><F48/><N who="3" m="26687" /><G72/><T51/><D112/><U125/><E125/><V99/><F85/><AGARI ba="0,0" hai="5,6,16,21,24,85,88,89,92,95,96" m="26687" machi="85" ten="30,3900,0" yaku="8,1,54,2" doraHai="54" who="3" fromWho="2" sc="311,0,207,0,237,-39,245,39" /><INIT seed="6,0,0,1,1,75" ten="311,207,198,284" oya="2" hai0="71,126,6,26,2,92,27,77,25,128,49,84,117" hai1="47,41,112,23,125,114,54,115,32,73,96,14,130" hai2="110,99,119,63,111,17,9,50,69,30,1,87,94" hai3="18,8,59,133,85,42,40,61,53,37,67,12,102"/><V35/><F119/><W135/><G102/><T19/><D71/><U123/><E73/><V66/><F50/><W57/><G85/><T116/><D128/><U106/><E32/><V108/><F87/><W20/><G37/><T95/><D126/><U55/><E125/><V72/><F72/><W131/><G131/><T78/><D84/><U16/><E130/><V56/><F17/><W22/><G135/><T48/><D19/><U43/><E123/><V104/><F94/><N who="0" m="35882" /><D2/><U11/><E11/><V74/><F74/><W103/><G103/><T107/><D107/><U124/><E124/><V39/><F56/><W81/><G81/><T33/><D6/><U34/><E34/><V68/><F39/><W7/><G133/><T80/><D80/><U91/><E91/><V70/><F99/><W10/><G10/><T60/><D60/><U36/><REACH who="1" step="1"/><E43/><REACH who="1" step="2"/><V5/><REACH who="2" step="1"/><F104/><REACH who="2" step="2"/><W24/><G20/><T76/><D33/><U101/><AGARI ba="0,2" hai="14,16,23,36,41,47,54,55,96,101,106,112,114,115" machi="101" ten="40,12000,2" yaku="1,1,2,1,0,1,15,1,54,1,53,1" doraHai="75" doraHaiUra="93" who="1" fromWho="1" sc="311,-30,197,140,188,-60,284,-30" /><INIT seed="7,0,0,3,5,135" ten="281,337,128,254" oya="3" hai0="64,10,81,96,99,82,11,29,68,31,94,131,57" hai1="123,53,21,127,14,61,72,1,25,39,38,109,44" hai2="67,56,114,88,129,85,15,112,55,26,106,58,69" hai3="118,107,108,84,0,77,27,52,119,71,66,12,6"/><W130/><G12/><T116/><D116/><U101/><E1/><V51/><F106/><W33/><G84/><T37/><D37/><U97/><E109/><V13/><F26/><W30/><G77/><T110/><D68/><U8/><E123/><V20/><F129/><W70/><G52/><T5/><D110/><U86/><E72/><V48/><F69/><N who="3" m="26123" /><G66/><T113/><D113/><U79/><E127/><V63/><F13/><W2/><G108/><T3/><D131/><U125/><E125/><V62/><F112/><W24/><G130/><T132/><D132/><U100/><E38/><V78/><F114/><W73/><G73/><T128/><D128/><U103/><E39/><V120/><F78/><W18/><G18/><T126/><D126/><U92/><E79/><V74/><F74/><W47/><G47/><T41/><D41/><U89/><E44/><V115/><F120/><W42/><G42/><T40/><D40/><U104/><E53/><V35/><F35/><N who="3" m="20935" /><G107/><T45/><D45/><U91/><E61/><V133/><F133/><W23/><G23/><T54/><D64/><U122/><E122/><V28/><F115/><W46/><G46/><T32/><D54/><U134/><E134/><V87/><F87/><W34/><G34/><T83/><D57/><U93/><E104/><V124/><F124/><W22/><G33/><T50/><D32/><U98/><E86/><V65/><F28/><N who="3" m="17527" /><G2/><T90/><D11/><U9/><E14/><V95/><F55/><W76/><G76/><T19/><D3/><U49/><E49/><V59/><F58/><W102/><G102/><RYUUKYOKU ba="0,0" sc="281,-30,337,10,128,10,254,10" hai1="8,9,21,25,89,91,92,93,97,98,100,101,103" hai2="15,20,48,51,56,59,62,63,65,67,85,88,95" hai3="0,6,118,119" /><INIT seed="7,1,0,1,4,41" ten="251,347,138,264" oya="3" hai0="99,129,14,135,71,8,68,0,16,116,118,3,47" hai1="108,90,4,114,103,58,49,55,131,38,83,128,15" hai2="112,63,43,113,59,96,30,132,17,60,123,34,125" hai3="82,107,56,10,74,87,20,86,24,1,121,110,73"/><W95/><G107/><T134/><D129/><N who="1" m="49739" /><E38/><V25/><F123/><W101/><G121/><T11/><D99/><U105/><E108/><V89/><F60/><W19/><G110/><T100/><D100/><U37/><E37/><V77/><F77/><W36/><G36/><T79/><D79/><U50/><E114/><V127/><F89/><W46/><G46/><T117/><D47/><U92/><E105/><V70/><F59/><W53/><G1/><N who="0" m="587" /><D71/><U48/><E103/><V57/><F57/><W124/><G124/><T72/><D72/><U115/><E83/><V28/><F43/><W97/><G10/><N who="0" m="6231" /><D68/><U91/><E115/><V81/><F17/><W98/><G98/><T104/><D104/><U9/><E91/><V5/><F5/><W27/><G86/><AGARI ba="1,0" hai="4,9,15,48,49,50,55,58,86,90,92" m="49739" machi="86" ten="30,1000,0" yaku="19,1" doraHai="41" who="1" fromWho="3" sc="251,0,347,13,138,0,264,-13" owari="251,5,360,46,138,-36,251,-15" /></mjloggm>