<mjloggm ver="2.3"><GO type="41"/><UN n0="%4D%4A%50" n1="%6F%75%72%6F%39%33%30" n2="%E3%82%A6%E3%83%AB%E3%83%88%E3%83%A9%E7%AB%8B%E7%9B%B4" n3="%E3%83%99%E3%83%AB%E3%82%AF" dan="14,14,15,14" rate="1932,1832,1981,2108" sx="M,M,M,M"/><TAIKYOKU oya="0"/><INIT seed="0,0,0,3,4,127" ten="250,250,250,250" oya="0" hai0="79,75,109,132,12,81,34,133,77,69,93,36,116" hai1="128,125,124,123,38,104,20,83,74,5,111,53,11" hai2="6,130,16,3,87,40,0,27,71,10,135,112,102" hai3="113,51,64,62,96,9,41,105,82,24,19,70,54"/><T68/><D34/><U118/><E123/><V57/><F71/><W110/><G113/><T98/><D116/><U92/><E118/><V4/><F102/><W66/><G110/><T97/><D36/><U117/><E117/><V35/><F40/><W80/><G64/><T32/><D12/><U23/><E111/><V88/><F57/><W90/><G41/><T122/><D32/><U95/><E104/><V13/><F87/><W63/><G63/><T29/><D29/><U33/><E33/><V48/><F48/><W22/><G9/><T126/><D122/><U44/><E128/><V50/><F88/><W46/><REACH who="3" step="1"/><G90/><REACH who="3" step="2"/><N who="0" m="55479" /><D109/><U106/><E38/><V65/><F65/><W15/><G15/><T119/><D119/><U114/><E114/><V26/><F50/><W31/><G31/><T1/><D1/><N who="2" m="586" /><F112/><W30/><G30/><T56/><D69/><U17/><E23/><V129/><F135/><N who="0" m="51786" /><D56/><U101/><E17/><V115/><F115/><W94/><G94/><T37/><D68/><U108/><E20/><V47/><F47/><W72/><G72/><N who="0" m="43175" /><D37/><U14/><E108/><V52/><F52/><W49/><G49/><T121/><D121/><U73/><E53/><V134/><F134/><W55/><G55/><T120/><D120/><U107/><E44/><V8/><F35/><W43/><G43/><T89/><D126/><U91/><E125/><V7/><F10/><W86/><G86/><T60/><D60/><U61/><E124/><V78/><F78/><W84/><G84/><T21/><D21/><U85/><E61/><V25/><AGARI ba="0,1" hai="4,6,7,8,13,16,25,26,27,129,130" m="586" machi="25" ten="40,8000,1" yaku="34,2,52,2,54,1" doraHai="127" who="2" fromWho="2" sc="250,-40,250,-20,250,90,240,-20" /><INIT seed="1,0,0,0,4,76" ten="210,230,340,220" oya="1" hai0="99,48,4,91,95,94,17,30,109,132,79,61,135" hai1="45,0,2,29,119,127,81,86,77,51,27,78,128" hai2="66,67,62,38,130,18,16,113,53,39,106,122,1" hai3="103,56,60,102,93,37,20,42,63,97,26,83,74"/><U65/><E119/><V43/><F1/><W115/><G115/><T72/><D30/><U123/><E123/><V82/><F106/><W71/><G71/><T55/><D4/><U9/><E127/><V13/><F122/><W116/><G116/><T15/><D61/><U28/><E128/><V68/><F130/><W34/><G34/><T75/><D109/><U131/><E131/><V80/><F67/><W134/><G134/><N who="0" m="51243" /><D95/><U58/><E29/><V69/><F69/><W8/><G8/><N who="0" m="6375" /><D79/><U35/><E78/><V41/><F113/><W111/><G111/><T89/><D89/><U46/><E46/><AGARI ba="0,0" hai="46,48,55,72,75,91,94,99" m="6375,51243" machi="46" ten="30,1000,0" yaku="20,1" doraHai="76" who="0" fromWho="1" sc="210,10,230,-10,340,0,220,0" /><INIT seed="2,0,0,3,3,34" ten="220,220,340,220" oya="2" hai0="90,104,128,60,72,86,57,54,123,11,103,133,39" hai1="88,40,46,4,126,62,125,67,131,100,111,7,101" hai2="0,53,102,82,116,37,132,76,55,129,112,95,50" hai3="79,81,8,87,71,33,96,36,69,83,23,106,5"/><V32/><F37/><W14/><G33/><T84/><D39/><U56/><E131/><V47/><F116/><W119/><G119/><T16/><D72/><U13/><E111/><V17/><F32/><W118/><G118/><T121/><D128/><U35/><E35/><V99/><F112/><W93/><G36/><T15/><D86/><U9/><E7/><V59/><F129/><W6/><G106/><T1/><D1/><U45/><E45/><V66/><F132/><W49/><G6/><T78/><D78/><U107/><E107/><V110/><F110/><W134/><G134/><T122/><D133/><U117/><E117/><V115/><F115/><W105/><G105/><T25/><D104/><U77/><E77/><V12/><F0/><W94/><G94/><T91/><D103/><U74/><E74/><V24/><F24/><W61/><G81/><T29/><REACH who="0" step="1"/><D84/><REACH who="0" step="2"/><U135/><E135/><V113/><F113/><W26/><G79/><T18/><D18/><U64/><E88/><V51/><F76/><W73/><G87/><T31/><D31/><U10/><E101/><V41/><F102/><W30/><G73/><T80/><D80/><U20/><E100/><V44/><F82/><W85/><G83/><T65/><D65/><U28/><E67/><V22/><F66/><W92/><G85/><T130/><D130/><U108/><E108/><V27/><F95/><W89/><G92/><T127/><D127/><U58/><E126/><V98/><F41/><W42/><G42/><T21/><AGARI ba="0,1" hai="11,15,16,21,25,29,54,57,60,90,91,121,122,123" machi="21" ten="30,4000,0" yaku="1,1,0,1,54,1,53,0" doraHai="34" doraHaiUra="75" who="0" fromWho="0" sc="210,50,220,-10,340,-20,220,-10" /><INIT seed="3,0,0,0,3,87" ten="260,210,320,210" oya="3" hai0="41,26,94,53,1,89,7,126,0,54,131,102,121" hai1="119,106,57,132,129,82,80,62,68,130,120,20,112" hai2="51,35,36,65,39,11,125,118,4,55,84,3,52" hai3="93,30,116,64,42,105,14,86,40,115,61,45,66"/><W59/><G105/><T98/><D121/><U22/><E112/><V18/><F118/><W28/><G115/><T50/><D126/><U43/><E43/><V5/><F65/><W46/><G116/><T44/><D131/><N who="1" m="50187" /><E119/><V85/><F35/><W72/><G72/><T12/><D26/><U63/><E120/><V122/><F122/><W114/><G114/><T97/><D1/><U2/><E106/><V8/><F18/><W100/><G14/><T92/><D0/><U76/><E2/><V124/><F3/><W95/><G100/><T103/><D103/><U69/><E132/><V19/><F19/><W27/><G27/><T13/><D7/><U17/><E76/><V107/><F51/><W123/><G123/><T49/><D41/><U109/><E109/><V71/><F107/><W135/><G135/><T16/><D16/><U110/><E110/><V58/><F58/><AGARI ba="0,0" hai="12,13,44,49,50,53,54,58,89,92,94,97,98,102" machi="58" ten="30,3900,0" yaku="7,1,8,1,52,1" doraHai="87" who="0" fromWho="2" sc="260,39,210,0,320,-39,210,0" /><INIT seed="4,0,0,4,3,37" ten="299,210,281,210" oya="0" hai0="62,76,53,123,105,83,64,6,74,57,32,118,3" hai1="14,119,12,39,10,84,113,7,25,73,48,70,43" hai2="1,129,103,59,58,79,9,63,93,24,92,55,46" hai3="75,90,40,5,109,124,2,69,114,44,49,47,21"/><T30/><D105/><U54/><E119/><V128/><F79/><W20/><G109/><T99/><D118/><U78/><E70/><V120/><F120/><W107/><G69/><T51/><D123/><U13/><E25/><V130/><F103/><W122/><G75/><T80/><D80/><U102/><E102/><V18/><F59/><W68/><G122/><T101/><D6/><U104/><E104/><V11/><F11/><W8/><G68/><T36/><D36/><U131/><E131/><V100/><F100/><W41/><G107/><T65/><D3/><U50/><E39/><V87/><F87/><W125/><G90/><T96/><D65/><U31/><E31/><V86/><F86/><W45/><G114/><T33/><D30/><U117/><E73/><V26/><F26/><W29/><G29/><T116/><D116/><U94/><E113/><V89/><F89/><W42/><G49/><T15/><D15/><U28/><E28/><V95/><F46/><W56/><G56/><T81/><D81/><N who="1" m="47159" /><E94/><V98/><F98/><W38/><G38/><T60/><D60/><U97/><E97/><V127/><F127/><AGARI ba="0,0" hai="2,5,8,20,21,40,41,42,44,45,47,124,125,127" machi="127" ten="50,8000,1" yaku="18,1,52,3" doraHai="37" who="3" fromWho="2" sc="299,0,210,0,281,-80,210,80" /><INIT seed="5,0,0,1,2,66" ten="299,210,201,290" oya="1" hai0="113,13,78,96,79,20,49,53,16,122,135,121,127" hai1="44,98,12,130,22,52,101,65,82,57,39,33,48" hai2="11,18,5,93,9,55,15,54,83,70,31,17,6" hai3="30,62,43,115,58,21,32,112,114,134,128,123,87"/><U10/><E33/><V29/><F93/><W68/><G123/><N who="0" m="47115" /><D127/><U118/><E130/><V94/><F94/><W91/><G128/><T8/><D135/><U35/><E118/><V75/><F75/><W42/><G134/><T51/><D113/><U73/><E35/><V40/><F40/><W19/><G32/><T7/><D96/><U117/><E117/><V109/><F109/><W120/><G30/><T56/><D51/><U67/><E22/><V105/><F105/><W37/><G120/><T27/><AGARI ba="0,0" hai="7,8,13,16,20,27,49,53,56,78,79" m="47115" machi="27" ten="30,2000,0" yaku="13,1,54,1" doraHai="66" who="0" fromWho="0" sc="299,20,210,-10,201,-5,290,-5" /><INIT seed="6,0,0,2,1,53" ten="319,200,196,285" oya="2" hai0="97,5,100,35,104,47,71,84,78,55,119,15,96" hai1="120,127,38,62,103,82,126,125,44,29,72,98,124" hai2="18,10,50,88,7,39,19,16,74,77,42,67,43" hai3="57,73,105,93,9,69,31,45,70,128,76,17,121"/><V114/><F39/><W61/><G105/><T3/><D71/><U23/><N who="1" m="32256" /><DORA hai="135" /><U86/><E62/><V108/><F74/><W59/><G121/><T109/><D35/><U95/><E120/><V21/><F77/><W91/><G31/><T106/><D3/><U85/><E38/><V34/><F34/><W30/><G30/><T132/><D119/><U6/><E6/><V48/><F67/><W24/><G45/><T81/><D109/><U122/><E122/><V60/><F60/><W11/><G11/><T112/><D112/><U66/><E66/><V80/><F114/><W52/><G128/><T28/><D28/><U37/><E37/><V12/><F108/><W116/><G116/><T40/><D132/><U1/><E1/><V22/><F48/><W115/><G115/><T101/><D55/><U51/><E72/><V26/><F50/><W133/><G73/><T131/><D131/><U123/><E123/><V92/><F80/><W130/><G130/><T54/><D54/><N who="1" m="30055" /><E82/><V110/><F110/><W4/><G4/><T14/><D5/><U129/><E129/><V49/><F49/><AGARI ba="0,0" hai="14,15,40,47,49,78,81,84,96,97,100,101,104,106" machi="49" ten="30,2000,0" yaku="7,1,9,1" doraHai="53,135" who="0" fromWho="2" sc="319,20,200,0,196,-20,285,0" /><INIT seed="7,0,0,3,2,126" ten="339,200,176,285" oya="3" hai0="81,97,132,117,10,43,85,49,21,94,6,27,113" hai1="2,19,53,41,32,68,5,134,93,105,87,46,91" hai2="115,37,50,96,24,64,71,51,84,56,39,1,110" hai3="23,44,103,125,122,118,119,128,63,102,65,40,76"/><W36/><G122/><T16/><D117/><U18/><E134/><V101/><F1/><W123/><G123/><T100/><D132/><U14/><E105/><V22/><F84/><W79/><G125/><T98/><D113/><U33/><E68/><V88/><F110/><W114/><G114/><T42/><D98/><U129/><E129/><V52/><F115/><W70/><G128/><T109/><D49/><U82/><E53/><V25/><F51/><W28/><G102/><T74/><D74/><U121/><E121/><V31/><F25/><W78/><REACH who="3" step="1"/><G103/><REACH who="3" step="2"/><T4/><D109/><U61/><E2/><V69/><F88/><W99/><G99/><T20/><D20/><U135/><E33/><V34/><F34/><W26/><AGARI ba="0,1" hai="23,26,28,36,40,44,63,65,70,76,78,79,118,119" machi="26" ten="30,6000,0" yaku="1,1,0,1,53,1" doraHai="126" doraHaiUra="17" who="3" fromWho="3" sc="339,-20,200,-20,176,-20,275,70" owari="319,12,180,-22,156,-34,345,44" /></mjloggm>