<mjloggm ver="2.3"><GO type="41"/><UN n0="%E3%82%B2%E3%83%BC%E3%83%86" n1="%E3%81%AE%E3%81%A9%E3%81%A3%E3%81%A1%2E" n2="%E3%82%A6%E3%83%AB%E3%83%88%E3%83%A9%E7%AB%8B%E7%9B%B4" n3="%E3%83%90%E3%83%BC%E3%83%81%E3%83%A3%E7%A7%8B%E5%B1%B1" dan="16,16,15,13" rate="2015,2000,1977,1859" sx="M,F,M,M"/><TAIKYOKU oya="0"/><INIT seed="0,0,0,3,4,36" ten="250,250,250,250" oya="0" hai0="118,134,75,131,127,122,123,114,28,107,119,26,2" hai1="51,63,57,85,124,23,24,65,49,35,84,80,101" hai2="13,0,6,125,50,20,56,110,5,53,15,25,76" hai3="3,108,113,31,77,61,18,37,11,41,99,106,47"/><T64/><D64/><U16/><E124/><V46/><F125/><W17/><G113/><T120/><D107/><U58/><E35/><V52/><F110/><W21/><G108/><T1/><D75/><U74/><E74/><V121/><F121/><W94/><G77/><T96/><D96/><U133/><E133/><V22/><F76/><W69/><G106/><T89/><D89/><U32/><E32/><V90/><F90/><W97/><G31/><T10/><D127/><U103/><E84/><V67/><F0/><W129/><G129/><T104/><D104/><U55/><REACH who="1" step="1"/><E51/><REACH who="1" step="2"/><V12/><F50/><W33/><G33/><N who="0" m="20631" /><D134/><U88/><AGARI ba="0,1" hai="16,23,24,49,55,57,58,63,65,80,85,88,101,103" machi="88" ten="20,12000,2" yaku="1,1,0,1,7,1,8,1,54,2,53,1" doraHai="36" doraHaiUra="44" who="1" fromWho="1" sc="250,-60,240,130,250,-30,250,-30" /><INIT seed="1,0,0,3,5,72" ten="190,370,220,220" oya="1" hai0="104,10,112,4,28,31,6,117,99,43,41,122,22" hai1="14,40,89,56,60,134,84,13,70,54,94,123,8" hai2="85,3,71,61,57,88,110,114,80,126,124,130,55" hai3="109,35,37,128,81,9,24,97,20,95,25,21,26"/><U66/><E123/><V33/><F33/><W135/><G37/><T62/><D117/><U67/><E134/><V47/><F3/><W119/><G119/><T82/><D112/><U76/><E40/><V106/><F106/><W64/><G64/><T74/><D122/><U107/><E107/><V39/><F114/><W96/><G128/><T127/><D127/><N who="2" m="48682" /><F130/><W16/><G109/><T44/><D43/><U87/><E70/><V93/><F71/><W118/><G135/><T79/><D62/><U42/><E42/><N who="2" m="23007" /><F110/><W75/><G118/><T23/><D104/><U1/><E1/><V83/><AGARI ba="0,0" hai="55,57,61,80,83,85,88,93" m="23007,48682" machi="83" ten="30,2000,0" yaku="18,1,54,1" doraHai="72" who="2" fromWho="2" sc="190,-5,370,-10,220,20,220,-5" /><INIT seed="2,0,0,0,0,64" ten="185,360,240,215" oya="2" hai0="122,126,13,101,121,130,63,39,86,81,93,110,57" hai1="69,127,68,62,114,29,66,34,18,103,74,111,38" hai2="84,26,47,59,6,45,50,82,46,117,112,97,120" hai3="22,132,3,67,14,54,78,2,104,65,113,134,128"/><V52/><F120/><W83/><G113/><T25/><D39/><U28/><E114/><V48/><F117/><W123/><G123/><T9/><D110/><U75/><E38/><V21/><F112/><W16/><G104/><T42/><D130/><U89/><E111/><V61/><F6/><W91/><G91/><T20/><D126/><U19/><E127/><V1/><F97/><W30/><G30/><T37/><D37/><U90/><E66/><N who="3" m="25098" /><G54/><T27/><D42/><U35/><E62/><V70/><F1/><W32/><G32/><T98/><D27/><U73/><E73/><V41/><F70/><W109/><G109/><T77/><D13/><U87/><E87/><V8/><F8/><W115/><G115/><T51/><D51/><U107/><E107/><V116/><F116/><W125/><G125/><T60/><D9/><U118/><REACH who="1" step="1"/><E103/><REACH who="1" step="2"/><V36/><F36/><W108/><G108/><T15/><D63/><U53/><E53/><V58/><F61/><W49/><G128/><T10/><D60/><U43/><E43/><V5/><F41/><W102/><G102/><T131/><D131/><U106/><E106/><V99/><F52/><W4/><G49/><T76/><D101/><U33/><E33/><V94/><F50/><W31/><G4/><T7/><D7/><U105/><E105/><V44/><F48/><W56/><G56/><N who="2" m="21545" /><F5/><W79/><G31/><T11/><D57/><U55/><E55/><V135/><F47/><W72/><G78/><T129/><D77/><U92/><E92/><V40/><F46/><W100/><G100/><T71/><D76/><RYUUKYOKU ba="0,1" sc="185,-15,350,15,240,-15,215,15" hai1="18,19,28,29,34,35,68,69,74,75,89,90,118" hai3="2,3,14,16,22,72,79,83,132,134" /><INIT seed="3,1,1,1,4,94" ten="170,365,225,230" oya="3" hai0="6,96,44,65,27,56,40,22,59,51,105,120,67" hai1="84,71,5,118,13,106,53,25,114,47,78,104,46" hai2="89,128,58,1,33,12,87,32,10,66,4,61,49" hai3="117,123,81,126,39,125,88,91,86,122,8,75,90"/><W60/><G39/><T3/><D120/><N who="3" m="46121" /><G60/><T42/><D42/><U30/><E71/><V77/><F128/><W45/><G45/><T111/><D111/><U62/><E114/><V38/><F38/><W50/><G50/><T29/><D6/><U102/><E118/><V119/><F119/><W55/><G55/><T20/><D3/><U80/><E5/><V93/><F1/><W92/><G117/><T0/><D0/><U103/><E13/><V99/><F49/><W28/><G28/><T54/><D22/><U109/><E109/><V135/><F135/><W129/><G8/><T34/><D34/><U70/><E103/><V64/><F64/><W11/><G11/><T37/><REACH who="0" step="1"/><D59/><REACH who="0" step="2"/><U14/><E70/><V16/><F33/><W116/><G116/><T76/><D76/><U43/><E78/><V18/><F32/><W131/><G75/><T110/><D110/><U127/><E43/><V113/><F113/><W95/><G81/><AGARI ba="1,2" hai="4,10,12,16,18,58,61,66,77,81,87,89,93,99" machi="81" ten="40,5200,0" yaku="8,1,52,1,54,1" doraHai="94" who="2" fromWho="3" sc="160,0,365,0,225,75,230,-55" /><INIT seed="4,0,0,3,5,21" ten="160,365,300,175" oya="0" hai0="85,115,18,45,47,130,109,14,68,75,135,112,133" hai1="30,118,29,10,65,94,90,9,36,124,38,23,78" hai2="128,11,49,5,48,111,103,76,13,51,42,32,35" hai3="71,80,69,123,2,98,121,33,88,77,7,39,20"/><T54/><D75/><U87/><E118/><V84/><F128/><W73/><G39/><T96/><D130/><U81/><E124/><V19/><F111/><W82/><G33/><T55/><D68/><U104/><E104/><V91/><F35/><W56/><G56/><T62/><D109/><U6/><E65/><V127/><F127/><W107/><G107/><T59/><D96/><U22/><E38/><V28/><F103/><W52/><G7/><T3/><D3/><U105/><E105/><V64/><F64/><W120/><G2/><T92/><D92/><U100/><E100/><V114/><F114/><N who="0" m="43562" /><D85/><U134/><E36/><V61/><F76/><W60/><G20/><N who="1" m="7722" /><E134/><N who="0" m="51209" /><D14/><N who="1" m="5431" /><E10/><V1/><F11/><W131/><G131/><T50/><D18/><U113/><E113/><V31/><F19/><W70/><G98/><AGARI ba="0,0" hai="29,30,78,81,87,90,94,98" m="5431,7722" machi="98" ten="30,1000,0" yaku="8,1" doraHai="21" who="1" fromWho="3" sc="160,0,365,10,300,0,175,-10" /><INIT seed="5,0,0,2,4,31" ten="160,375,300,165" oya="1" hai0="21,26,45,126,124,125,114,44,2,134,36,37,122" hai1="79,110,60,55,59,40,14,106,50,47,107,30,32" hai2="75,67,33,117,121,112,108,115,86,113,43,22,111" hai3="51,128,29,19,104,24,5,20,66,98,1,25,102"/><U101/><E110/><N who="2" m="42027" /><F75/><W65/><G128/><T82/><D2/><U3/><E3/><V135/><F33/><W78/><G78/><T12/><D114/><U68/><E79/><V16/><F43/><W73/><G73/><T89/><D12/><U120/><E120/><V95/><F67/><W123/><G123/><T35/><D134/><U81/><E81/><V15/><F121/><W49/><G49/><T10/><D10/><U4/><E101/><V9/><F117/><W23/><G51/><T46/><D122/><U0/><E0/><V97/><F86/><W103/><G103/><T57/><D57/><U83/><E83/><V56/><F56/><W41/><G41/><T70/><D70/><U58/><E58/><V87/><F87/><W42/><G42/><T61/><D61/><U84/><E84/><V94/><F135/><W54/><G54/><T131/><D131/><U127/><E14/><N who="2" m="9495" /><F97/><W90/><G90/><T93/><D82/><U28/><E4/><AGARI ba="0,0" hai="4,9,15,94,95,112,113,115" m="9495,42027" machi="4" ten="40,5200,0" yaku="15,1,11,1,54,1" doraHai="31" who="2" fromWho="1" sc="160,0,375,-52,300,52,165,0" /><INIT seed="6,0,0,5,1,53" ten="160,323,352,165" oya="2" hai0="68,88,41,63,112,23,14,27,79,102,86,6,3" hai1="17,71,130,8,116,50,60,100,30,66,120,2,44" hai2="4,121,85,26,39,103,135,43,95,69,97,128,131" hai3="127,74,31,48,49,92,125,107,10,18,72,82,101"/><V34/><F69/><W89/><G31/><T45/><D112/><U5/><E116/><V38/><F121/><W61/><G61/><T77/><D3/><U115/><E115/><V42/><F4/><W47/><G101/><T25/><D102/><U36/><E120/><V65/><F65/><W132/><G107/><T80/><D68/><U75/><E75/><V58/><F135/><W20/><G10/><N who="0" m="4439" /><D63/><U52/><E130/><N who="2" m="49707" /><F34/><W54/><G82/><T91/><D91/><U99/><E30/><V16/><F58/><N who="3" m="33095" /><G49/><N who="0" m="26799" /><D27/><U59/><E17/><AGARI ba="0,0" hai="17,23,25,77,79,80,86,88" m="26799,4439" machi="17" ten="30,2000,0" yaku="8,1,54,1" doraHai="53" who="0" fromWho="1" sc="160,20,323,-20,352,0,165,0" /><INIT seed="7,0,0,4,4,115" ten="180,303,352,165" oya="3" hai0="58,49,3,29,98,18,40,67,129,97,2,45,113" hai1="92,128,100,54,68,44,15,66,0,13,116,24,132" hai2="81,78,65,110,42,96,56,52,86,93,61,135,69" hai3="32,31,109,122,12,35,88,10,90,25,55,74,94"/><W1/><G122/><T104/><D29/><U33/><E0/><V11/><F135/><W20/><G74/><T130/><D113/><U84/><E132/><V77/><F110/><W38/><G109/><T75/><D75/><U7/><E128/><N who="0" m="49257" /><D18/><U131/><E131/><V83/><F42/><W124/><G124/><T133/><D133/><U4/><E66/><V17/><F83/><W50/><G38/><T37/><D37/><U127/><E68/><V19/><F77/><W76/><G76/><T9/><D9/><U47/><E54/><V53/><F11/><W103/><G1/><N who="0" m="11" /><D104/><U63/><E63/><AGARI ba="0,0" hai="40,45,49,58,63,67,97,98" m="11,49257" machi="63" ten="30,1000,0" yaku="19,1" doraHai="115" who="0" fromWho="1" sc="180,10,303,-10,352,0,165,0" owari="190,-21,293,9,352,45,165,-33" /></mjloggm>