<mjloggm ver="2.3"><GO type="41"/><UN n0="%67%75%6E%74%6F%72%61" n1="%E3%81%8C%EF%BD%9E%E3%81%99%E3%81%85%EF%BD%9E" n2="%64%61%72%6A%65%6C%69%6E" n3="%E3%82%A6%E3%83%AB%E3%83%88%E3%83%A9%E7%AB%8B%E7%9B%B4" dan="13,15,15,15" rate="1880,1988,1931,1969" sx="M,M,M,M"/><TAIKYOKU oya="0"/><INIT seed="0,0,0,3,0,29" ten="250,250,250,250" oya="0" hai0="135,2,34,107,35,8,18,36,75,51,126,6,62" hai1="129,21,84,39,12,40,115,10,112,118,83,57,117" hai2="65,1,99,43,76,38,72,16,33,86,121,20,26" hai3="77,127,47,69,109,14,41,105,3,64,87,81,79"/><T103/><D51/><U63/><E21/><V56/><F121/><W49/><G3/><T74/><D18/><U22/><E22/><V44/><F72/><N who="0" m="27690" /><D126/><U9/><E40/><V125/><F125/><W15/><G127/><T92/><D92/><U66/><E39/><V120/><F120/><W37/><G105/><T131/><D135/><U100/><E100/><V102/><F1/><W50/><G79/><T4/><D4/><U91/><E129/><V108/><F76/><W25/><G50/><T52/><D52/><U80/><E80/><V58/><F86/><W98/><G98/><N who="0" m="61943" /><D131/><U124/><E124/><V114/><F65/><W19/><G49/><T67/><D36/><U130/><E130/><V93/><F58/><W48/><G48/><T27/><D27/><U113/><REACH who="1" step="1"/><E12/><REACH who="1" step="2"/><V11/><F38/><W5/><G15/><T7/><D6/><U134/><E134/><V59/><F43/><W94/><G5/><T46/><D46/><U70/><E70/><AGARI ba="0,1" hai="2,7,8,34,35,62,67,70" m="61943,27690" machi="70" ten="30,11600,0" yaku="33,2,52,2" doraHai="29" who="0" fromWho="1" sc="250,126,240,-116,250,0,250,0" /><INIT seed="0,1,0,3,5,62" ten="376,124,250,250" oya="0" hai0="102,93,29,83,51,95,106,1,43,11,60,110,81" hai1="133,76,74,49,25,112,116,37,19,24,42,72,73" hai2="28,91,8,113,7,96,36,21,67,66,119,77,6" hai3="55,26,85,111,117,94,59,135,38,75,53,134,47"/><T34/><D106/><U23/><E116/><V128/><F113/><W107/><G107/><T50/><D110/><U5/><E112/><V2/><F36/><W30/><G75/><T10/><D34/><U4/><E133/><N who="3" m="50698" /><G117/><T45/><D29/><U118/><E118/><V99/><F119/><W12/><G12/><T32/><D32/><U54/><E76/><V88/><F77/><W121/><G121/><T78/><D60/><U84/><E42/><V129/><F28/><W57/><G111/><T79/><D1/><U52/><E37/><V124/><F21/><W70/><G70/><T35/><D35/><U103/><E103/><V15/><F15/><W68/><G68/><T40/><D45/><U22/><E84/><V105/><F105/><W97/><G85/><T17/><D17/><U86/><E86/><V9/><F2/><W89/><G53/><T108/><D108/><U131/><E131/><V101/><F101/><AGARI ba="1,0" hai="10,11,40,43,50,51,78,79,81,83,93,95,101,102" machi="101" ten="25,4800,0" yaku="22,2,8,1" doraHai="62" who="0" fromWho="2" sc="376,51,124,0,250,-51,250,0" /><INIT seed="0,2,0,1,2,33" ten="427,124,199,250" oya="0" hai0="23,18,125,73,57,120,82,85,86,43,42,48,103" hai1="115,4,107,6,122,78,131,21,2,96,19,20,83" hai2="89,105,128,44,3,111,113,32,54,62,7,27,24" hai3="15,9,52,53,91,132,126,87,13,58,95,26,1"/><T46/><D120/><U40/><E122/><V102/><F113/><W74/><G74/><T47/><D103/><U99/><E131/><V5/><F128/><W133/><G126/><T135/><D135/><N who="3" m="51785" /><G26/><T45/><D125/><U67/><E115/><V118/><F118/><W94/><G94/><T72/><D57/><U34/><E34/><V116/><F116/><W41/><G41/><T93/><D93/><U98/><E107/><V10/><F111/><W49/><G53/><T65/><D65/><U108/><E108/><V31/><F27/><W114/><G114/><T90/><D86/><U37/><E67/><V56/><F7/><AGARI ba="2,0" hai="1,7,9,13,15,49,52,58,87,91,95" m="51785" machi="7" ten="30,3900,0" yaku="20,1,52,1,54,1" doraHai="33" who="3" fromWho="2" sc="427,0,124,0,199,-45,250,45" /><INIT seed="1,0,0,5,2,47" ten="427,124,154,295" oya="1" hai0="10,135,89,30,94,119,83,82,22,66,81,42,104" hai1="26,27,61,128,101,58,45,78,126,125,71,98,43" hai2="51,3,112,90,33,4,56,131,129,70,124,25,11" hai3="59,133,52,134,97,41,35,1,46,18,102,48,76"/><U57/><E71/><V24/><F70/><W8/><G35/><T23/><D119/><U117/><E117/><V9/><F9/><W20/><G76/><T88/><D104/><U63/><E78/><V17/><F17/><W116/><G116/><T55/><D135/><N who="3" m="51721" /><G8/><T53/><D66/><U115/><E115/><V7/><F7/><W50/><G1/><T93/><D10/><U39/><E128/><N who="2" m="49227" /><F112/><W120/><G120/><T107/><D42/><U19/><E57/><V69/><F69/><W110/><G110/><T95/><D107/><U5/><E5/><V67/><F124/><N who="1" m="47721" /><E19/><V91/><F33/><W103/><G97/><T60/><D60/><N who="1" m="23115" /><E58/><V114/><F114/><W65/><G65/><T34/><D34/><U40/><E40/><V68/><F68/><W132/><G132/><T108/><D108/><U130/><E130/><V105/><F67/><W75/><G75/><T49/><D30/><U122/><E122/><V80/><F3/><W28/><G28/><T77/><D77/><U74/><E74/><V37/><F4/><W29/><G29/><T85/><D85/><U31/><E31/><V96/><F56/><W121/><G121/><T64/><D64/><U118/><E118/><V106/><F37/><W79/><G79/><T87/><D87/><U13/><E13/><AGARI ba="0,0" hai="13,18,20,41,46,48,50,52,59,102,103" m="51721" machi="13" ten="30,7700,0" yaku="20,1,52,2,54,1" doraHai="47" who="3" fromWho="1" sc="427,0,124,-77,154,0,295,77" /><INIT seed="2,0,0,3,5,91" ten="427,47,154,372" oya="2" hai0="12,85,83,32,117,3,18,9,21,38,30,102,31" hai1="132,123,7,55,34,66,61,6,46,58,96,29,27" hai2="109,60,103,0,43,28,75,98,115,107,49,15,10" hai3="100,114,41,81,124,88,134,99,63,5,101,45,39"/><V13/><F115/><W11/><G124/><T128/><D38/><U22/><E132/><V71/><F75/><W82/><G134/><T36/><D36/><U64/><E123/><V56/><F0/><W54/><G114/><T1/><D102/><U78/><E34/><V19/><F28/><W97/><G101/><T94/><D128/><U121/><E121/><V47/><F71/><W16/><G16/><N who="0" m="8207" /><D94/><U25/><E25/><V50/><F109/><W133/><G133/><T130/><D85/><U80/><E96/><V67/><REACH who="2" step="1"/><F15/><REACH who="2" step="2"/><W68/><G68/><T116/><D32/><U33/><E33/><V53/><F53/><W86/><G54/><T14/><D130/><U104/><E104/><V120/><F120/><W129/><G129/><T127/><D127/><U4/><REACH who="1" step="1"/><E46/><REACH who="1" step="2"/><V90/><F90/><W119/><G45/><T42/><D42/><U70/><E70/><V105/><F105/><W135/><G41/><T131/><D131/><U118/><E118/><N who="0" m="45673" /><D83/><U72/><AGARI ba="0,2" hai="4,6,7,22,27,29,55,58,61,64,66,72,78,80" machi="72" ten="30,4000,0" yaku="1,1,0,1,53,1" doraHai="91" doraHaiUra="79" who="1" fromWho="1" sc="427,-10,37,60,144,-20,372,-10" /><INIT seed="3,0,0,4,5,92" ten="417,97,124,362" oya="3" hai0="46,97,47,81,134,55,19,93,111,109,130,32,40" hai1="31,8,101,30,9,90,52,89,20,84,29,66,49" hai2="122,127,95,43,80,128,112,120,17,99,59,0,54" hai3="70,71,135,94,108,26,13,27,131,64,68,15,132"/><W121/><G121/><N who="2" m="46697" /><F0/><W86/><G64/><T60/><D32/><U12/><E66/><V2/><F2/><W106/><G106/><T37/><D134/><N who="3" m="51241" /><G131/><T88/><D130/><U102/><E20/><V115/><F128/><W105/><G105/><T107/><D19/><N who="1" m="8583" /><E9/><V4/><F4/><W21/><G108/><N who="0" m="41547" /><D107/><U76/><E76/><V38/><F127/><W79/><G27/><T36/><D81/><N who="1" m="49295" /><E90/><N who="2" m="55799" /><F80/><N who="3" m="47391" /><G94/><T96/><D36/><U75/><E75/><V65/><F65/><W45/><G71/><T100/><D100/><U7/><E7/><V16/><F43/><W77/><G77/><T25/><D25/><U73/><E73/><V35/><F38/><W23/><G70/><T118/><D118/><U67/><E67/><V50/><F35/><W87/><G68/><T113/><D113/><AGARI ba="0,0" hai="16,17,50,54,59,112,113,115" m="55799,46697" machi="113" ten="30,3900,0" yaku="13,1,52,1,54,1" doraHai="92" who="2" fromWho="0" sc="417,-39,97,0,124,39,362,0" /><INIT seed="4,0,0,1,3,116" ten="378,97,163,362" oya="0" hai0="54,5,68,105,66,100,28,33,77,30,122,135,131" hai1="15,22,117,41,120,113,55,108,104,21,99,35,32" hai2="125,107,12,58,128,123,52,119,18,59,115,40,26" hai3="3,127,2,45,75,118,10,112,106,8,39,126,80"/><T37/><D30/><U34/><E117/><V47/><F119/><W44/><G118/><T25/><D54/><U89/><E108/><V51/><F107/><W93/><G106/><T91/><D91/><U103/><E41/><V7/><F125/><W27/><G93/><T87/><D135/><U133/><E133/><V13/><F128/><W61/><G61/><N who="0" m="40015" /><D131/><U98/><E113/><V81/><F115/><W65/><G65/><T84/><D37/><U78/><E78/><V36/><F123/><W101/><G112/><T88/><D5/><U0/><E0/><V95/><F26/><W31/><G39/><T46/><D46/><U111/><E111/><V73/><F95/><W82/><G31/><T83/><D87/><U62/><E99/><V4/><F59/><W121/><G27/><T132/><D77/><U97/><E97/><V38/><F38/><W49/><G49/><T74/><D132/><U67/><E62/><V85/><F73/><W50/><G75/><T42/><D42/><U76/><E76/><V43/><F13/><W70/><G50/><T29/><D28/><U110/><E67/><V56/><F56/><W60/><G60/><T1/><D74/><U19/><E55/><V69/><F69/><W94/><G70/><T64/><D64/><U6/><E6/><V71/><F71/><W109/><G94/><T48/><D48/><U114/><E114/><V102/><F43/><W17/><G109/><T14/><D14/><U86/><E110/><V11/><F102/><W90/><G126/><T16/><D1/><U57/><E57/><V124/><F124/><RYUUKYOKU ba="0,0" sc="378,-10,97,-10,163,30,362,-10" hai2="4,7,11,12,18,36,40,47,51,52,58,81,85" /><INIT seed="5,1,0,3,2,91" ten="368,87,193,352" oya="1" hai0="29,45,54,85,77,90,5,26,97,24,57,38,9" hai1="80,51,22,122,14,83,17,28,18,20,25,104,4" hai2="125,67,56,109,87,11,42,58,43,103,92,23,106" hai3="107,131,40,30,78,123,8,132,52,13,19,135,35"/><U69/><E69/><V31/><F109/><W48/><G123/><T32/><D26/><U74/><E104/><V134/><F125/><W108/><G108/><T34/><D77/><U64/><E122/><V115/><F106/><W79/><G40/><T105/><D105/><U53/><E64/><V98/><F134/><N who="3" m="51243" /><G107/><T36/><D97/><U82/><E4/><V113/><F87/><W2/><G2/><T3/><D45/><U117/><E117/><V60/><F11/><W101/><G101/><T129/><D34/><U100/><E100/><V73/><F58/><N who="3" m="33031" /><G131/><T111/><D129/><U116/><E116/><V66/><F66/><W12/><G13/><T37/><D111/><U0/><E0/><V33/><F33/><W70/><G70/><T99/><D99/><U15/><E74/><V133/><F73/><W127/><G127/><T1/><D3/><U10/><REACH who="1" step="1"/><E83/><REACH who="1" step="2"/><V114/><F133/><W84/><G35/><T46/><D1/><U102/><E102/><V62/><F60/><W120/><G120/><T39/><D5/><U119/><E119/><V44/><F44/><AGARI ba="1,1" hai="10,14,15,17,18,20,22,25,28,44,51,53,80,82" machi="44" ten="30,5800,0" yaku="1,1,7,1,8,1,53,0" doraHai="91" doraHaiUra="96" who="1" fromWho="2" sc="368,0,77,71,193,-61,352,0" /><INIT seed="5,2,0,0,5,123" ten="368,148,132,352" oya="1" hai0="27,12,125,42,110,66,20,121,24,69,79,77,128" hai1="114,107,120,19,80,131,92,39,13,111,89,44,72" hai2="30,31,85,126,9,97,95,53,62,1,105,118,76" hai3="60,108,25,21,6,87,54,70,11,91,65,10,33"/><U109/><E120/><V40/><F118/><W119/><G33/><T130/><D42/><U28/><E107/><V2/><F105/><W129/><G119/><T34/><D121/><U23/><E114/><V117/><F117/><W124/><G124/><T35/><D66/><U83/><E131/><N who="0" m="50217" /><D69/><U17/><E28/><V100/><F126/><W101/><G129/><T5/><D125/><U102/><E102/><V26/><F40/><W47/><G101/><T51/><D51/><U82/><E39/><V18/><F76/><N who="0" m="29258" /><D110/><N who="1" m="41995" /><E44/><V45/><F85/><W0/><G47/><T78/><N who="0" m="29266" /><T103/><DORA hai="22" /><D103/><U7/><E72/><V113/><F113/><W133/><G108/><T50/><D50/><U93/><E89/><V56/><F45/><W8/><G91/><T132/><D132/><U3/><E17/><V29/><REACH who="2" step="1"/><F9/><AGARI ba="2,0" hai="3,7,9,13,19,23,80,82,83,92,93" m="41995" machi="9" ten="30,11600,0" yaku="10,1,52,3" doraHai="123,22" who="1" fromWho="2" sc="368,0,148,122,132,-122,352,0" /><INIT seed="5,3,0,4,4,49" ten="368,270,10,352" oya="1" hai0="38,88,60,73,81,16,87,0,121,71,36,57,44" hai1="63,4,122,133,17,84,9,43,7,1,32,64,23" hai2="85,103,89,90,74,100,123,96,41,91,45,58,2" hai3="119,109,124,47,67,35,34,53,76,115,68,30,94"/><U97/><E122/><V126/><F2/><W5/><G109/><T127/><D121/><U54/><E32/><V50/><F123/><W55/><G76/><T13/><D71/><U27/><E133/><V117/><F117/><W66/><G5/><T26/><D0/><U98/><E7/><V125/><F74/><W10/><G10/><T128/><D128/><U18/><E43/><V37/><F125/><W105/><G105/><T112/><D127/><U92/><E17/><V101/><F126/><W116/><G124/><T95/><D26/><U82/><E92/><V79/><F79/><W75/><G94/><T29/><D29/><U39/><E39/><V56/><F96/><W3/><G3/><T11/><D112/><U86/><E86/><V69/><F69/><W62/><G75/><T93/><D44/><U14/><E1/><V132/><F132/><W99/><G99/><T120/><D120/><U21/><E21/><V70/><F70/><W135/><G135/><T130/><D130/><U28/><E28/><V24/><F24/><N who="3" m="18759" /><G35/><T131/><D95/><U102/><E102/><V25/><F25/><W78/><G78/><T52/><D131/><U40/><E40/><V22/><F22/><W118/><G115/><T51/><D73/><U59/><REACH who="1" step="1"/><E64/><REACH who="1" step="2"/><V108/><F108/><W20/><G67/><T31/><D31/><U12/><E12/><V107/><F107/><W8/><G20/><T77/><D38/><U80/><E80/><N who="2" m="49319" /><F37/><W46/><G8/><T72/><REACH who="0" step="1"/><D36/><REACH who="0" step="2"/><U104/><E104/><V15/><F15/><W134/><G134/><T129/><D129/><RYUUKYOKU ba="3,2" sc="358,0,260,0,10,0,352,0" hai0="11,13,16,51,52,57,60,72,77,81,87,88,93" hai1="4,9,14,18,23,27,54,59,63,82,84,97,98" hai2="41,45,50,56,58,90,91,100,101,103" hai3="46,47,53,55,62,66,68,116,118,119" /><INIT seed="5,4,2,4,2,44" ten="358,260,10,352" oya="1" hai0="8,61,112,115,16,73,64,26,101,47,78,5,29" hai1="76,31,86,120,111,94,63,81,75,0,48,109,72" hai2="105,15,95,108,17,21,84,41,6,34,122,60,53" hai3="70,51,104,97,113,12,52,50,128,9,134,58,18"/><U57/><E0/><V99/><F122/><W117/><G70/><T7/><D101/><U42/><E120/><V1/><F108/><N who="1" m="41545" /><E31/><V59/><F34/><W130/><G117/><T49/><D78/><U88/><E42/><V135/><F135/><W11/><G134/><T69/><D73/><N who="1" m="43151" /><E63/><V118/><F118/><W133/><G133/><T20/><D29/><U71/><E71/><V65/><F41/><W66/><G66/><T89/><D89/><U32/><E32/><V67/><F84/><W25/><G113/><N who="0" m="43595" /><D8/><U79/><E79/><V87/><F87/><W77/><G77/><T56/><D69/><U126/><E126/><V103/><REACH who="2" step="1"/><F105/><REACH who="2" step="2"/><W38/><G104/><T23/><D23/><U45/><E45/><V35/><F35/><W90/><G11/><AGARI ba="4,3" hai="1,6,11,15,17,21,53,59,60,65,67,95,99,103" machi="11" ten="40,5200,0" yaku="1,1,53,2" doraHai="44" doraHaiUra="62" who="2" fromWho="3" sc="358,0,260,0,0,94,352,-64" /><INIT seed="6,0,0,5,0,5" ten="358,260,94,288" oya="2" hai0="94,31,131,133,101,129,86,113,34,81,55,3,119" hai1="57,78,19,53,33,69,37,25,134,127,1,95,72" hai2="92,132,67,14,11,114,79,117,126,66,23,49,70" hai3="99,4,39,98,43,45,89,44,2,65,8,91,118"/><V7/><F117/><W54/><G118/><T123/><D119/><U46/><E69/><V50/><F114/><W88/><G65/><N who="2" m="24585" /><F126/><W0/><G0/><T77/><D3/><U109/><E127/><V26/><F70/><W58/><REACH who="3" step="1"/><G44/><REACH who="3" step="2"/><T20/><D123/><U122/><E1/><V56/><F132/><W107/><G107/><T120/><D120/><U38/><E122/><V135/><F135/><W108/><G108/><T64/><D133/><U74/><E109/><V128/><F128/><W116/><G116/><T96/><D131/><U85/><E134/><V12/><F79/><W13/><G13/><T73/><D129/><U106/><E106/><V90/><F14/><W71/><G71/><T62/><D113/><U102/><E78/><V17/><F56/><W84/><G84/><AGARI ba="0,1" hai="7,11,12,17,23,26,49,50,84,90,92" m="24585" machi="84" ten="30,2900,0" yaku="8,1,52,1" doraHai="5" who="2" fromWho="3" sc="358,0,260,0,94,39,278,-29" /><INIT seed="6,1,0,4,5,76" ten="358,260,133,249" oya="2" hai0="117,71,80,128,112,133,77,8,2,63,35,74,101" hai1="109,114,46,81,38,83,111,115,132,99,67,61,118" hai2="86,56,31,123,70,23,59,51,43,53,52,78,15" hai3="28,135,40,68,113,122,50,116,64,84,42,88,108"/><V98/><F123/><W58/><G116/><T10/><D117/><U90/><E118/><V36/><F70/><W126/><G122/><T19/><D112/><N who="1" m="43051" /><E132/><V124/><F124/><W3/><G108/><N who="1" m="41546" /><E99/><V22/><F43/><W12/><G3/><T89/><D133/><U110/><E90/><V125/><F125/><W130/><G126/><T62/><D128/><U45/><N who="1" m="41554" /><U20/><DORA hai="107" /><E20/><N who="2" m="7723" /><F36/><W37/><G37/><T73/><D35/><U97/><E97/><V1/><F1/><W7/><G130/><T21/><D101/><U119/><E119/><V34/><F34/><W120/><G120/><T13/><D71/><N who="1" m="42479" /><E46/><V48/><F31/><W49/><G28/><T69/><D69/><U6/><E6/><V134/><F98/><W4/><G68/><T129/><D10/><U82/><E45/><V106/><F106/><W33/><G33/><T16/><D2/><U0/><E0/><V102/><F102/><W26/><G4/><T96/><D129/><U131/><E131/><V54/><F134/><W95/><G135/><T27/><REACH who="0" step="1"/><D73/><REACH who="0" step="2"/><U17/><E38/><V11/><F54/><W91/><G113/><T75/><D75/><U104/><E104/><V47/><F47/><W127/><G127/><T94/><AGARI ba="1,1" hai="8,13,16,19,21,27,62,63,74,77,80,89,94,96" machi="94" ten="30,12000,2" yaku="1,1,0,1,52,2,54,1,53,1" doraHai="76,107" doraHaiUra="65,5" who="0" fromWho="0" sc="348,133,260,-31,133,-61,249,-31" /><INIT seed="7,0,0,1,1,101" ten="481,229,72,218" oya="3" hai0="68,117,42,21,31,90,116,123,16,52,63,55,114" hai1="61,20,107,75,2,121,60,36,78,104,28,76,124" hai2="0,53,54,34,103,67,13,132,43,80,106,108,100" hai3="24,79,30,84,37,70,3,64,49,135,17,10,95"/><W56/><G37/><T98/><D123/><U27/><E121/><V82/><F13/><W89/><G135/><T44/><D31/><U73/><E36/><V9/><F132/><W41/><G70/><T122/><D122/><U58/><E2/><V11/><F0/><W12/><G3/><T8/><D8/><U39/><E39/><V129/><F67/><W40/><G79/><T29/><D29/><U87/><E87/><V7/><F7/><W69/><G69/><T127/><D127/><U25/><E124/><V110/><F43/><W71/><G71/><T47/><D114/><U66/><E25/><V81/><F81/><W57/><G64/><T23/><D68/><U18/><E28/><V15/><F15/><W6/><G6/><T5/><D5/><U46/><E46/><N who="0" m="17449" /><D117/><U113/><E113/><V1/><F1/><W120/><G120/><T22/><D116/><U74/><E61/><V19/><F19/><W32/><REACH who="3" step="1"/><G57/><REACH who="3" step="2"/><N who="0" m="35239" /><D42/><U119/><E119/><V94/><F94/><W128/><G128/><T99/><D55/><AGARI ba="0,1" hai="10,12,17,24,30,32,40,41,49,55,56,84,89,95" machi="55" ten="40,2000,0" yaku="1,1,53,0" doraHai="101" doraHaiUra="93" who="3" fromWho="0" sc="481,-20,229,0,72,0,208,30" /><INIT seed="7,1,0,2,1,29" ten="461,229,72,238" oya="3" hai0="96,76,19,92,53,118,104,112,117,89,124,88,38" hai1="47,17,18,129,23,28,62,114,64,83,49,44,120" hai2="48,130,125,67,127,61,113,15,81,24,40,45,95" hai3="70,41,73,108,133,69,98,8,52,80,84,21,37"/><W131/><G73/><T74/><D38/><U36/><E120/><V30/><F113/><W6/><G41/><T103/><D19/><U1/><E1/><V77/><F95/><W97/><G37/><T115/><D53/><U72/><E114/><N who="0" m="43561" /><D124/><U22/><E36/><V46/><F46/><W25/><G70/><T105/><D89/><U43/><E47/><V86/><F125/><W35/><G69/><T107/><D103/><U101/><E129/><V122/><F130/><W50/><G131/><T9/><D9/><U32/><E72/><V93/><F93/><W10/><G108/><T106/><N who="0" m="27136" /><DORA hai="102" /><T14/><D14/><U13/><E101/><V111/><F111/><W135/><G135/><T82/><AGARI ba="1,0" hai="74,76,82,88,92,96,117,118" m="27136,43561" machi="82" ten="60,16000,3" yaku="15,1,11,1,34,2,52,4,54,1" doraHai="29,102" who="0" fromWho="0" sc="461,163,229,-41,72,-41,238,-81" owari="624,72,188,-1,31,-47,157,-24" /></mjloggm>