<mjloggm ver="2.3"><GO type="97"/><UN n0="%E3%81%A0%E3%81%84%E3%81%95%E3%82%93%E3%81%92%E3%83%BC%E3%82%93" n1="%53%50%4F%4F%4E" n2="%E3%82%A6%E3%83%AB%E3%83%88%E3%83%A9%E7%AB%8B%E7%9B%B4" n3="%E3%82%89%E3%81%98%E3%81%BE%E3%82%8B" dan="15,15,13,14" rate="1957,2033,1866,1977" sx="M,M,M,M"/><TAIKYOKU oya="0"/><INIT seed="0,0,0,0,2,81" ten="250,250,250,250" oya="0" hai0="68,48,98,83,21,16,96,4,45,8,59,54,108" hai1="53,55,31,3,115,50,36,106,28,127,75,69,11" hai2="77,76,94,10,1,19,63,24,43,93,58,20,12" hai3="102,82,25,84,109,131,116,80,17,14,67,41,89" shuffle="mt19937ar,DD9F2219,2C45AA7D,FFE07589,B7820397,787C02F4,20CD8E1C,761FC07F,8DEE33A1"/><T33/><D68/><U85/><E36/><V0/><F0/><W86/><G109/><T79/><D108/><U61/><E75/><V51/><F1/><W114/><G131/><T29/><D29/><U62/><E106/><V130/><F130/><W60/><G116/><T30/><D30/><U120/><E120/><V124/><F124/><W119/><G119/><T113/><D33/><U18/><E127/><V6/><F93/><W90/><G114/><T35/><D35/><U56/><E115/><V91/><F51/><W135/><G135/><T101/><D101/><U73/><E73/><V118/><F43/><W38/><G102/><T100/><D113/><U128/><E128/><V121/><F121/><W132/><G132/><T26/><D100/><U22/><E69/><V71/><F71/><W110/><G110/><T52/><D8/><U105/><E105/><V5/><F5/><W40/><G25/><T134/><D4/><U49/><E11/><V125/><F125/><W129/><G38/><T66/><D66/><U9/><E9/><V99/><REACH who="2" step="1"/><F118/><REACH who="2" step="2"/><W112/><G129/><T97/><D134/><U34/><E3/><V92/><F92/><W44/><G112/><T122/><D122/><U2/><E2/><V87/><F87/><W72/><G72/><T7/><D7/><U123/><E85/><V126/><F126/><W65/><G44/><T107/><D107/><U103/><E123/><V42/><F42/><N who="3" m="16491" /><G60/><N who="0" m="35943" /><D98/><U15/><E34/><V88/><F88/><W78/><G90/><T104/><D104/><U95/><E103/><V133/><F133/><W70/><G70/><RYUUKYOKU ba="0,1" sc="250,10,250,-30,240,10,250,10" hai0="16,21,26,45,48,54,79,83,96,97" hai2="6,10,12,19,20,24,58,63,76,77,91,94,99" hai3="14,17,65,67,78,80,82,84,86,89" /><INIT seed="0,1,1,3,2,79" ten="260,220,250,260" oya="0" hai0="76,46,37,110,129,95,39,82,65,121,1,20,12" hai1="134,131,23,81,22,102,40,70,49,99,101,48,47" hai2="59,35,53,72,31,58,19,117,94,33,109,43,103" hai3="16,114,7,42,69,56,116,11,17,2,62,80,127" shuffle="mt19937ar,9496BAA8,EEAB30BC,50893471,4957A102,9467AF0D,6930AC4B,9561DC2F,419A7BE8"/><T98/><D121/><U21/><E70/><V29/><F72/><W135/><G69/><T125/><D1/><U73/><E134/><V104/><F104/><W83/><G116/><T71/><D129/><U18/><E131/><V132/><F132/><W34/><G135/><T78/><D78/><U54/><E101/><V112/><F112/><W108/><G114/><T10/><D20/><U61/><E61/><V50/><F35/><W128/><G34/><T55/><D125/><U74/><E18/><V111/><F33/><W96/><G128/><T66/><D71/><U36/><E36/><V86/><F117/><W113/><G113/><T106/><D106/><U9/><E9/><V93/><F43/><W105/><G127/><T4/><D37/><U115/><E115/><V28/><F109/><W67/><G42/><T107/><D107/><U133/><E133/><V30/><F111/><W120/><G120/><T44/><D110/><U77/><E74/><V85/><N who="2" m="7680" /><DORA hai="14" /><V25/><F59/><W75/><G108/><T64/><D39/><U52/><REACH who="1" step="1"/><E49/><REACH who="1" step="2"/><V51/><F51/><W92/><G75/><T26/><D10/><U45/><E45/><V0/><F0/><W24/><G105/><AGARI ba="1,2" hai="21,22,23,40,47,48,52,54,73,77,81,99,102,105" machi="105" ten="40,8000,1" yaku="1,1,52,1,54,1,53,1" doraHai="79,14" doraHaiUra="41,8" who="1" fromWho="3" sc="260,0,210,103,250,0,260,-83" /><INIT seed="1,0,0,1,2,94" ten="260,313,250,177" oya="1" hai0="127,102,76,117,133,0,112,56,98,67,40,37,35" hai1="12,24,131,7,95,25,92,75,64,2,42,29,28" hai2="90,87,47,126,68,54,132,33,113,45,26,93,10" hai3="52,41,1,119,129,65,124,39,103,106,99,104,43" shuffle="mt19937ar,7E82C460,F55160BE,2FC7EC95,397B8E0B,DE7CC851,6E45729A,DD4D05DC,A946A09A"/><U36/><E75/><V16/><F68/><W118/><G1/><T9/><D117/><U96/><E2/><V109/><F126/><W135/><G124/><T18/><D127/><U71/><E131/><V21/><F132/><W111/><G39/><T86/><D35/><U3/><E3/><V60/><F109/><W108/><G65/><T51/><D37/><U14/><E36/><V114/><F33/><W84/><G104/><T32/><D32/><U20/><E42/><V123/><F123/><W72/><G72/><T125/><D125/><U134/><E134/><V91/><F10/><W80/><G135/><T78/><D133/><U83/><E83/><V121/><F121/><W100/><G100/><T122/><D122/><U128/><E128/><V31/><F31/><W19/><G19/><T50/><D0/><U70/><E7/><V130/><F130/><W116/><G129/><T13/><D112/><U74/><E74/><V101/><F101/><W48/><G111/><T115/><D115/><N who="2" m="44042" /><F91/><N who="3" m="51591" /><G108/><T57/><D40/><U53/><E20/><V23/><F23/><W63/><G63/><N who="0" m="38375" /><D57/><AGARI ba="0,0" hai="16,21,26,45,47,54,57,60,87,90,93" m="44042" machi="57" ten="30,2000,0" yaku="11,1,54,1" doraHai="94" who="2" fromWho="0" sc="260,-20,313,0,250,20,177,0" /><AGARI ba="0,0" hai="41,43,48,52,57,99,103,106,116,118,119" m="51591" machi="57" ten="30,3900,0" yaku="12,1,52,1,54,1" doraHai="94" who="3" fromWho="0" sc="240,-39,313,0,270,0,177,39" /><INIT seed="2,0,0,5,5,109" ten="201,313,270,216" oya="2" hai0="30,16,104,108,86,79,18,80,81,96,50,19,116" hai1="125,133,84,75,113,110,121,101,59,127,126,122,0" hai2="92,25,119,98,49,45,7,21,1,123,66,63,43" hai3="130,90,17,95,31,9,10,29,62,34,37,12,22" shuffle="mt19937ar,B13EAE06,0EA460F1,01CB1402,F3447800,634ED852,ADE23EAD,ADD3D278,FC709540"/><V3/><F123/><N who="1" m="47113" /><E0/><V13/><F119/><W4/><G37/><T102/><D108/><U93/><E110/><V134/><F134/><W74/><G74/><T88/><D116/><U135/><E75/><V6/><F13/><W106/><G106/><T111/><D111/><U61/><E113/><V64/><F3/><W36/><G36/><T57/><D30/><U47/><E47/><V105/><F105/><W112/><G62/><T44/><D57/><U38/><E38/><V54/><F1/><W129/><G90/><T53/><REACH who="0" step="1"/><D19/><REACH who="0" step="2"/><U5/><E59/><N who="2" m="35319" /><F64/><W128/><G34/><T11/><D11/><U82/><E127/><V32/><F66/><W14/><G112/><T107/><D107/><U40/><E126/><V39/><F32/><W76/><G9/><T23/><D23/><U120/><E125/><V73/><F39/><W72/><G31/><T24/><D24/><U20/><E120/><V83/><F83/><W114/><G29/><T60/><D60/><U89/><E82/><V69/><F69/><W48/><G114/><T27/><D27/><U103/><E20/><V118/><F118/><W71/><G71/><T97/><D97/><U51/><E61/><V132/><F132/><W99/><G48/><T65/><D65/><U77/><E135/><V8/><F8/><W117/><G117/><T58/><D58/><U67/><E67/><V94/><F73/><AGARI ba="0,1" hai="16,18,44,50,53,73,79,80,81,86,88,96,102,104" machi="73" ten="30,7700,0" yaku="1,1,7,1,54,2,53,0" doraHai="109" doraHaiUra="26" who="0" fromWho="2" sc="191,87,313,0,270,-77,216,0" /><INIT seed="3,0,0,2,2,124" ten="278,313,193,216" oya="3" hai0="15,42,117,25,79,115,112,31,17,3,91,123,38" hai1="68,49,77,80,96,53,19,20,130,71,33,10,97" hai2="46,99,8,87,111,84,119,30,24,94,11,101,55" hai3="85,133,108,67,35,50,62,109,89,82,120,107,0" shuffle="mt19937ar,49AC1114,6CB43FC0,2CBFB1B8,CBA8051E,5CA76AC8,E58B4573,A4090CE4,E56324ED"/><W27/><G0/><T58/><D117/><U121/><E130/><V16/><F119/><W126/><G107/><T132/><D3/><U26/><E121/><V1/><F111/><N who="3" m="42571" /><G120/><T47/><D123/><U18/><E33/><V43/><F55/><W73/><G126/><T83/><D132/><U32/><E32/><V78/><F1/><W65/><G73/><T106/><D106/><U2/><E71/><V36/><F78/><W60/><G50/><T125/><D125/><U102/><E68/><V103/><F103/><W63/><G133/><T93/><D58/><U86/><E102/><V5/><F5/><W69/><G69/><T66/><D66/><N who="3" m="25097" /><G35/><T104/><D104/><U29/><E2/><V61/><F61/><N who="3" m="15619" /><W135/><DORA hai="114" /><G27/><T14/><D25/><U22/><E26/><V56/><F56/><W74/><G74/><T4/><D115/><U9/><E49/><V37/><F37/><W81/><G135/><T128/><D38/><U113/><E113/><V75/><F75/><W95/><AGARI ba="0,0" hai="81,82,85,89,95" m="15619,25097,42571" machi="95" ten="40,3900,0" yaku="14,1,10,1" doraHai="124,114" who="3" fromWho="3" sc="278,-13,313,-13,193,-13,216,39" /><INIT seed="3,1,0,2,5,108" ten="265,300,180,255" oya="3" hai0="37,110,128,105,104,72,127,131,60,63,73,6,62" hai1="95,99,86,101,121,40,3,75,65,119,74,129,48" hai2="17,25,89,130,135,47,5,132,122,44,66,71,57" hai3="80,69,16,35,124,84,23,94,27,33,54,12,52" shuffle="mt19937ar,39EE4E43,C6491252,4742CC0C,503C4C1E,E10012F1,169D7305,23C950F9,FA629934"/><W82/><G69/><T41/><D110/><U98/><E3/><V103/><F103/><W39/><G39/><T10/><D127/><U56/><E121/><V19/><F71/><W58/><G124/><T20/><D20/><U102/><E129/><N who="0" m="49737" /><D37/><U133/><E133/><N who="2" m="51275" /><F130/><W8/><G35/><T18/><D18/><U36/><E119/><V1/><F122/><W11/><G33/><T117/><D41/><U22/><E86/><V45/><F89/><N who="3" m="53543" /><G11/><T97/><D117/><U90/><E90/><V61/><F25/><W9/><G9/><AGARI ba="1,0" hai="1,5,9,17,19,44,45,47,57,61,66" m="51275" machi="9" ten="30,1000,0" yaku="20,1" doraHai="108" who="2" fromWho="3" sc="265,0,300,0,180,13,255,-13" owari="265,2,300,30,193,-21,242,-11" /></mjloggm>