<mjloggm ver="2.3"><GO type="97"/><UN n0="%62%69%62%69%6C%75" n1="%E5%88%A5%E5%BD%93" n2="%E3%82%A6%E3%83%AB%E3%83%88%E3%83%A9%E7%AB%8B%E7%9B%B4" n3="%E3%83%9C%E3%82%A4%E3%82%B9%E5%85%9A" dan="13,14,13,14" rate="1811,1980,1835,1883" sx="M,M,M,M"/><TAIKYOKU oya="0"/><INIT seed="0,0,0,4,2,77" ten="250,250,250,250" oya="0" hai0="135,22,89,11,127,36,118,39,86,128,50,28,21" hai1="133,17,13,44,78,26,115,122,69,57,95,8,51" hai2="70,85,110,16,129,113,47,30,43,102,59,56,72" hai3="80,75,41,96,46,0,23,49,92,37,60,100,3"/><T101/><D118/><U98/><E122/><V124/><F72/><W117/><G117/><T48/><D135/><U64/><E69/><V134/><F30/><W123/><G123/><T45/><D128/><U9/><E133/><V94/><F70/><W55/><G23/><T40/><D127/><U93/><E115/><V103/><F113/><W19/><G19/><T12/><D101/><U120/><E120/><V81/><F134/><W34/><G34/><T62/><D39/><U90/><E78/><N who="2" m="46263" /><F110/><W31/><G31/><T109/><D62/><N who="1" m="37967" /><E26/><V82/><F129/><W132/><G60/><T84/><D109/><U29/><E29/><V106/><F106/><W73/><G132/><T53/><D28/><U97/><E13/><V1/><F1/><W18/><G18/><N who="0" m="8479" /><D36/><U54/><E17/><V111/><F111/><W74/><REACH who="3" step="1"/><G80/><REACH who="3" step="2"/><N who="0" m="49287" /><D86/><U91/><AGARI ba="0,1" hai="8,9,44,51,54,90,91,93,95,97,98" m="37967" machi="91" ten="30,1100,0" yaku="8,1" doraHai="77" who="1" fromWho="1" sc="250,-5,250,21,250,-3,240,-3" /><INIT seed="1,0,0,3,4,1" ten="245,271,247,237" oya="1" hai0="6,105,12,99,26,84,126,76,129,44,123,14,121" hai1="90,57,118,104,47,133,88,5,86,122,72,3,23" hai2="74,78,11,114,106,41,110,0,24,38,92,8,127" hai3="20,128,132,27,134,22,52,135,9,50,113,62,97"/><U103/><E72/><V65/><F92/><W120/><G120/><N who="0" m="46155" /><D129/><U85/><E118/><V131/><F11/><W2/><G128/><T25/><D126/><U45/><E122/><V98/><F65/><W16/><G62/><T71/><D71/><U36/><E57/><V28/><F110/><W17/><G97/><T70/><D70/><U101/><E23/><V42/><F42/><W111/><G113/><T124/><D124/><U100/><E133/><V39/><F114/><W18/><G111/><T125/><D125/><U64/><E64/><V34/><F131/><W115/><G115/><T81/><D44/><N who="1" m="16971" /><E36/><V51/><F51/><W119/><G119/><T53/><D53/><U80/><E104/><V66/><F66/><W10/><G2/><T96/><D105/><U33/><E33/><V31/><F31/><W54/><G50/><T21/><D26/><U68/><E68/><V48/><F48/><W46/><G46/><T91/><D76/><U107/><E107/><V112/><F41/><W29/><G22/><T61/><D61/><U82/><E3/><V73/><F112/><W49/><G49/><T108/><D108/><U7/><AGARI ba="0,0" hai="5,7,80,82,85,86,88,90,100,101,103" m="16971" machi="7" ten="30,11700,0" yaku="8,1,52,2,54,1" doraHai="1" who="1" fromWho="1" sc="245,-39,271,117,247,-39,237,-39" /><INIT seed="1,1,0,4,0,53" ten="206,388,208,198" oya="1" hai0="4,108,27,5,36,86,119,126,59,83,92,1,82" hai1="96,65,77,106,105,100,41,113,62,102,90,2,23" hai2="81,60,130,84,3,24,74,73,49,51,28,94,80" hai3="129,125,66,72,12,88,0,57,98,38,14,29,33"/><U107/><E113/><V18/><F3/><W15/><G38/><T11/><D119/><U95/><E2/><V16/><F60/><W31/><G0/><T25/><D108/><U71/><E41/><V103/><F94/><W37/><G72/><T131/><D126/><U54/><E77/><V133/><F103/><W79/><G37/><T132/><D131/><U117/><E117/><V63/><F63/><N who="3" m="38255" /><G33/><T17/><D132/><U115/><E115/><V58/><F130/><W22/><G129/><T55/><D36/><U50/><REACH who="1" step="1"/><E23/><REACH who="1" step="2"/><V34/><F34/><W89/><G79/><T46/><D5/><U8/><E8/><V76/><F76/><W67/><G125/><T61/><D46/><AGARI ba="1,1" hai="46,50,54,62,65,71,90,95,96,100,102,105,106,107" machi="46" ten="40,3900,0" yaku="1,1,53,1" doraHai="53" doraHaiUra="87" who="1" fromWho="0" sc="206,-42,378,52,208,0,198,0" /><INIT seed="1,2,0,1,3,128" ten="164,430,208,198" oya="1" hai0="24,58,15,28,104,21,74,83,77,67,18,89,10" hai1="120,81,132,98,111,112,92,134,100,68,12,56,110" hai2="113,115,31,59,61,135,99,102,106,17,84,69,72" hai3="129,52,34,60,78,57,122,48,37,131,124,94,105"/><U5/><E68/><V73/><F69/><W66/><G78/><T71/><D71/><U9/><E112/><N who="2" m="43083" /><F31/><W13/><G34/><T64/><D104/><U33/><E120/><V76/><F17/><W87/><G13/><T46/><D46/><U65/><E33/><V1/><F1/><W42/><G87/><T51/><D89/><U114/><E81/><N who="2" m="47143" /><F61/><W36/><G94/><T4/><REACH who="0" step="1"/><D28/><REACH who="0" step="2"/><U118/><E114/><V23/><F59/><N who="3" m="37151" /><G105/><T96/><D96/><U121/><E56/><V75/><F23/><W32/><G32/><T16/><D16/><U130/><E98/><V30/><F30/><W14/><G122/><T3/><D3/><U93/><E121/><V54/><F99/><W85/><G14/><T123/><D123/><U35/><E12/><V0/><F0/><W26/><G26/><T126/><D126/><U11/><E130/><N who="3" m="49674" /><G124/><T50/><D50/><U63/><E63/><V95/><F106/><W82/><G36/><T117/><D117/><U29/><E118/><V43/><F102/><W97/><G37/><T22/><D22/><U6/><E100/><V40/><F95/><W45/><G97/><T27/><D27/><U109/><E35/><V19/><F19/><W70/><G70/><T8/><D8/><U2/><E29/><V7/><F7/><W103/><G103/><T49/><D49/><U20/><E2/><V25/><F25/><W108/><G108/><T107/><D107/><U41/><E111/><V125/><F125/><W55/><G57/><T133/><D133/><U119/><E110/><V53/><F135/><W80/><G80/><RYUUKYOKU ba="2,1" sc="154,10,430,-30,208,10,198,10" hai0="4,10,15,18,21,24,51,58,64,67,74,77,83" hai2="40,43,53,54,72,73,75" hai3="42,45,48,52,55,82,85" /><INIT seed="2,3,1,1,1,52" ten="164,400,218,208" oya="2" hai0="37,31,62,92,99,18,112,12,91,53,131,120,5" hai1="17,83,44,8,109,122,116,29,26,15,126,14,124" hai2="11,36,6,34,49,96,55,40,107,64,82,28,103" hai3="123,87,63,27,1,22,39,73,57,117,110,19,106"/><V71/><F40/><W54/><G39/><T93/><D112/><U3/><E3/><V61/><F36/><W35/><G1/><T20/><D120/><U58/><E122/><V70/><F70/><W111/><G106/><T90/><D131/><U65/><E83/><V98/><F98/><W135/><G73/><T100/><D37/><U68/><E68/><V13/><F82/><W46/><G35/><T47/><D5/><U114/><E114/><V2/><F13/><W89/><G123/><T115/><D115/><U32/><E44/><V127/><F127/><N who="1" m="48681" /><E15/><V9/><F9/><W81/><G117/><T78/><D78/><U21/><E109/><V128/><F128/><W104/><G104/><T42/><D42/><U56/><E116/><V51/><REACH who="2" step="1"/><F55/><REACH who="2" step="2"/><W94/><G135/><T59/><D47/><U69/><E69/><V119/><F119/><W133/><G133/><T67/><D53/><U77/><E8/><V16/><F16/><W25/><G111/><T45/><D45/><U24/><E14/><V102/><F102/><W125/><G110/><T0/><D0/><U84/><E65/><V121/><F121/><W33/><G125/><T132/><D132/><U72/><E17/><V80/><F80/><W10/><G46/><T7/><D7/><U50/><E29/><V74/><F74/><W76/><G10/><N who="0" m="6423" /><D93/><U4/><E72/><V88/><F88/><W60/><G54/><T75/><D75/><U118/><E4/><V85/><F85/><N who="3" m="48295" /><G57/><T66/><D66/><U41/><E58/><V30/><F30/><N who="3" m="19679" /><G19/><T108/><D108/><U38/><E56/><RYUUKYOKU ba="3,2" sc="164,10,400,-30,208,10,208,10" hai0="20,31,59,62,67,90,91,92,99,100" hai2="2,6,11,28,34,49,51,61,64,71,96,103,107" hai3="22,25,60,63,87,89,94" /><INIT seed="2,4,2,1,1,86" ten="174,370,218,218" oya="2" hai0="129,42,16,83,25,111,119,127,35,126,110,2,131" hai1="85,44,69,24,124,12,27,17,10,43,77,31,112" hai2="41,45,100,97,49,89,67,71,8,59,78,118,64" hai3="18,60,47,23,33,72,80,70,88,11,98,94,101"/><V66/><F118/><W1/><G33/><T76/><D42/><U130/><E112/><V104/><F78/><W133/><G133/><T36/><D36/><U123/><E69/><V102/><F102/><W0/><G11/><T29/><D83/><U117/><E117/><V103/><F103/><W19/><G47/><T134/><D76/><U105/><E105/><V14/><F71/><W21/><G60/><T107/><D107/><U57/><E124/><N who="0" m="47657" /><D119/><U62/><E130/><N who="0" m="49673" /><D2/><U93/><E31/><V75/><F75/><W51/><G70/><T15/><D134/><U4/><E123/><V22/><F59/><W30/><G51/><T96/><D96/><U5/><E43/><V81/><F22/><AGARI ba="4,2" hai="15,16,22,25,29,35,110,111" m="49673,47657" machi="22" ten="30,8000,1" yaku="18,1,19,1,34,2,54,1" doraHai="86" who="0" fromWho="2" sc="174,112,370,0,218,-92,218,0" /><INIT seed="3,0,0,2,4,90" ten="286,370,126,218" oya="3" hai0="25,69,93,12,86,26,92,116,97,47,9,109,55" hai1="74,83,66,103,125,82,63,6,58,61,94,132,7" hai2="81,41,45,8,54,10,70,57,52,33,2,48,79" hai3="53,36,105,44,115,102,114,28,21,27,65,108,46"/><W20/><G65/><T43/><D116/><U134/><E74/><V19/><F33/><W72/><G72/><T59/><D109/><U14/><E125/><V15/><F70/><W87/><G108/><T99/><D69/><U40/><E40/><V121/><F121/><W133/><G36/><T5/><D86/><U17/><E134/><V60/><F2/><W131/><G133/><T37/><D59/><N who="1" m="37247" /><E132/><V106/><F106/><W56/><G131/><T18/><D5/><N who="1" m="1547" /><E94/><V24/><F24/><W34/><G105/><T11/><D11/><N who="1" m="6367" /><E103/><V62/><F10/><W101/><G115/><T31/><D31/><U95/><E95/><N who="0" m="36425" /><D37/><U124/><E124/><V85/><REACH who="2" step="1"/><F62/><REACH who="2" step="2"/><W64/><G114/><T84/><D43/><AGARI ba="0,1" hai="8,15,19,41,43,45,48,52,54,57,60,79,81,85" machi="43" ten="40,8000,1" yaku="1,1,2,1,8,1,54,1,53,1" doraHai="90" doraHaiUra="4" who="2" fromWho="0" sc="286,-80,370,0,116,90,218,0" owari="206,-14,370,36,206,-19,218,-3" /></mjloggm>