<mjloggm ver="2.3"><GO type="41"/><UN n0="%E3%82%A6%E3%83%AB%E3%83%88%E3%83%A9%E7%AB%8B%E7%9B%B4" n1="%E3%81%A8%E3%82%8D%E3%82%8D%E3%81%A3%E3%81%BD%E3%81%84%E3%81%AE" n2="%E3%81%97%E3%82%83%E3%83%BC%E3%81%8B" n3="%E6%A8%BA%E7%B4%97" dan="13,13,13,13" rate="1878,1914,1963,1828" sx="M,M,M,F"/><TAIKYOKU oya="0"/><INIT seed="0,0,0,4,3,8" ten="250,250,250,250" oya="0" hai0="45,49,7,88,12,128,111,28,16,83,107,68,132" hai1="108,40,47,72,120,0,35,59,55,129,65,126,82" hai2="34,70,52,46,131,127,25,118,10,77,78,81,93" hai3="51,67,91,6,53,64,112,31,48,94,89,101,133"/><T44/><D107/><U37/><E120/><V119/><F70/><W75/><G133/><T57/><D68/><U38/><E35/><V32/><F127/><W66/><G112/><T24/><D7/><U125/><E0/><V71/><F71/><W110/><G110/><T18/><D132/><U124/><E72/><V4/><F131/><W114/><G114/><T29/><D111/><U15/><E15/><V90/><F25/><W61/><G75/><T80/><D128/><U96/><E96/><V39/><F39/><W19/><G31/><T62/><D18/><U135/><E82/><V43/><F43/><W105/><G105/><T79/><D79/><U97/><E97/><V27/><F27/><W5/><G101/><T86/><D80/><U26/><E26/><V17/><F17/><W58/><G19/><T87/><D87/><U3/><E3/><V134/><F134/><W115/><G115/><T54/><D24/><U21/><E21/><V74/><F78/><W99/><G89/><T92/><D92/><U104/><E104/><V2/><F46/><N who="0" m="18026" /><D62/><N who="1" m="38111" /><E135/><V36/><F36/><N who="1" m="13929" /><E129/><V33/><F52/><W13/><G5/><T41/><D41/><U116/><E116/><V30/><F30/><W106/><G106/><T100/><D100/><U102/><E102/><V60/><F60/><W23/><G23/><AGARI ba="0,0" hai="12,16,23,28,29,49,54,57,83,86,88" m="18026" machi="23" ten="30,11600,0" yaku="8,1,52,1,54,2" doraHai="8" who="0" fromWho="3" sc="250,116,250,0,250,0,250,-116" /><INIT seed="0,1,0,5,3,72" ten="366,250,250,134" oya="0" hai0="86,130,82,84,43,24,14,120,81,76,83,117,13" hai1="68,132,94,37,133,104,55,32,20,109,110,95,57" hai2="60,91,121,16,75,21,56,92,9,78,124,49,0" hai3="45,67,74,28,93,118,114,23,112,6,122,129,64"/><T88/><D120/><U63/><E104/><V90/><F121/><W30/><G67/><T7/><D117/><U97/><E32/><V48/><F124/><W42/><G45/><T106/><D106/><U71/><E37/><V131/><F131/><W8/><G42/><T11/><D130/><U126/><E126/><V87/><F75/><W26/><G64/><T47/><D24/><U33/><E33/><V128/><F128/><W29/><G74/><T77/><D14/><U73/><E73/><V98/><F0/><N who="3" m="71" /><G93/><N who="0" m="54407" /><D86/><U3/><E3/><V53/><F9/><W34/><G129/><T69/><D69/><N who="1" m="26699" /><E20/><V25/><REACH who="2" step="1"/><F78/><REACH who="2" step="2"/><W125/><G125/><T10/><D10/><U35/><E35/><V5/><F5/><W113/><G34/><T116/><D116/><U80/><E80/><AGARI ba="1,1" hai="16,21,25,48,49,53,56,60,80,87,90,91,92,98" machi="80" ten="30,12000,2" yaku="1,1,7,1,25,2,8,1,54,1,53,0" doraHai="72" doraHaiUra="4" who="2" fromWho="1" sc="366,0,250,-123,240,133,134,0" /><INIT seed="1,0,0,2,5,43" ten="366,127,373,134" oya="1" hai0="7,79,6,92,96,21,49,94,1,44,84,132,95" hai1="8,54,15,34,91,67,99,124,50,18,69,64,118" hai2="119,87,22,114,128,113,81,93,134,116,35,16,65" hai3="11,77,2,41,25,31,42,73,47,122,72,30,59"/><U109/><E118/><V108/><F35/><W126/><G122/><T107/><D107/><U14/><E34/><V89/><F65/><W129/><G126/><T20/><D1/><U71/><E124/><V27/><F108/><W38/><G129/><T37/><D37/><U127/><E127/><V52/><F128/><W4/><G59/><T75/><D75/><U62/><E109/><V60/><F134/><W3/><G3/><T57/><D57/><U53/><E15/><V85/><F85/><W51/><G72/><T56/><D56/><U78/><E78/><V36/><F36/><W88/><G88/><N who="0" m="53255" /><D79/><U32/><E32/><V17/><F17/><W29/><G51/><T120/><D120/><U133/><E133/><V103/><F103/><W33/><REACH who="3" step="1"/><G41/><REACH who="3" step="2"/><T48/><D48/><U110/><E110/><V111/><F111/><W68/><G68/><T55/><D132/><U58/><E54/><V45/><F60/><W40/><G40/><T39/><D39/><U26/><E64/><V97/><F119/><W9/><G9/><T105/><D105/><U76/><E71/><V82/><F116/><W28/><G28/><T74/><D74/><U117/><E117/><V61/><F61/><W19/><G19/><T130/><D130/><U104/><E76/><V106/><F106/><W23/><G23/><N who="0" m="8779" /><D95/><U80/><E104/><V102/><F82/><AGARI ba="0,1" hai="2,4,11,25,29,30,31,33,38,42,47,73,77,82" machi="82" ten="40,8000,1" yaku="1,1,25,2,52,1,53,0" doraHai="43" doraHaiUra="131" who="3" fromWho="2" sc="366,0,127,0,373,-80,124,90" /><INIT seed="2,0,0,3,5,129" ten="366,127,293,214" oya="2" hai0="118,93,32,59,30,99,79,49,74,64,109,131,83" hai1="111,97,50,90,54,17,89,46,100,127,51,71,72" hai2="57,78,105,27,52,11,44,33,106,2,98,117,20" hai3="37,35,26,12,15,104,119,94,14,65,47,56,80"/><V103/><F117/><W18/><G119/><T38/><D38/><U75/><E111/><V41/><F33/><W122/><G104/><T132/><D118/><U21/><E71/><V86/><F2/><W4/><G122/><T123/><D123/><U110/><E110/><V81/><F11/><W96/><G4/><T114/><D109/><U116/><E116/><V95/><F41/><W31/><G80/><T102/><D114/><U77/><E127/><V66/><F66/><W29/><G31/><T73/><D131/><U61/><E61/><V6/><F44/><W24/><G24/><T36/><D36/><U63/><E63/><V135/><F6/><W67/><G47/><T40/><D73/><U134/><E134/><V45/><F45/><W92/><G37/><T13/><D132/><U133/><E133/><V120/><F120/><W28/><G28/><T0/><D0/><U25/><E51/><V125/><F125/><W113/><G113/><T39/><D39/><U22/><E22/><V62/><REACH who="2" step="1"/><F135/><REACH who="2" step="2"/><W7/><G7/><T85/><D32/><U60/><E75/><V101/><F101/><W124/><G67/><T69/><D74/><U115/><E115/><V9/><F9/><W91/><G124/><T126/><D126/><U107/><E72/><V8/><F8/><W42/><G42/><T108/><D108/><U112/><E112/><V5/><F5/><W19/><G65/><T130/><D130/><U48/><E100/><V10/><F10/><W84/><G56/><T1/><D1/><U23/><E46/><V53/><F53/><W88/><AGARI ba="0,1" hai="12,14,15,18,19,26,29,35,84,88,91,92,94,96" machi="88" ten="30,4000,0" yaku="5,1,0,1,54,1" doraHai="129" who="3" fromWho="3" sc="366,-10,127,-10,283,-20,214,50" /><INIT seed="3,0,0,4,5,79" ten="356,117,263,264" oya="3" hai0="71,27,22,108,104,90,78,80,42,35,6,41,91" hai1="76,25,121,36,13,86,70,72,73,96,98,19,40" hai2="60,53,66,57,52,89,135,23,28,17,54,14,85" hai3="2,105,64,125,107,103,49,7,65,4,95,31,55"/><W106/><G125/><T110/><D104/><U68/><E121/><V111/><F135/><W51/><G31/><T59/><D71/><U101/><E25/><V130/><F130/><W37/><G37/><T3/><D35/><U39/><E86/><V100/><F100/><W114/><G114/><T38/><D59/><U93/><E96/><V115/><F115/><W15/><G2/><T50/><D50/><U74/><E76/><V109/><REACH who="2" step="1"/><F28/><REACH who="2" step="2"/><W69/><G103/><T82/><D110/><U46/><REACH who="1" step="1"/><E39/><REACH who="1" step="2"/><V123/><F123/><W11/><G107/><T62/><D38/><U134/><E134/><V34/><F34/><W47/><G106/><T9/><D108/><U10/><AGARI ba="0,2" hai="10,13,19,36,40,46,68,70,72,73,74,93,98,101" machi="10" ten="30,2000,0" yaku="1,1,0,1,53,0" doraHai="79" doraHaiUra="1" who="1" fromWho="1" sc="356,-5,107,40,253,-5,264,-10" /><INIT seed="4,0,0,3,0,47" ten="351,147,248,254" oya="0" hai0="23,61,112,13,34,2,105,117,125,114,110,24,56" hai1="104,128,99,111,11,45,57,75,16,10,89,91,93" hai2="36,22,59,101,85,49,107,0,63,21,76,102,124" hai3="65,78,127,86,87,100,83,15,73,115,74,12,121"/><T60/><D2/><U71/><E111/><V69/><F124/><W96/><G121/><T17/><D105/><U109/><E109/><V44/><F36/><W66/><G127/><T123/><D125/><U3/><E71/><V50/><F69/><W30/><G115/><T51/><D110/><U58/><E75/><V32/><F32/><W5/><G30/><T31/><D117/><U72/><E72/><V84/><F0/><W6/><G100/><N who="2" m="38505" /><F107/><W130/><G96/><T95/><D95/><U80/><E104/><V7/><F44/><W98/><G98/><T9/><D123/><U70/><E70/><V48/><F7/><W38/><G38/><T26/><D60/><U116/><E116/><V81/><F84/><W8/><G83/><T33/><D61/><U129/><E3/><V119/><F119/><W52/><G8/><T25/><D56/><N who="1" m="21611" /><E45/><V35/><F35/><N who="0" m="13322" /><D51/><N who="2" m="13058" /><V133/><DORA hai="88" /><F133/><W113/><G113/><AGARI ba="0,0" hai="9,13,17,23,24,25,26,31,112,113,114" m="13322" machi="113" ten="30,5800,0" yaku="15,1,34,2" doraHai="47,88" who="0" fromWho="3" sc="351,58,147,0,248,0,254,-58" /><INIT seed="4,1,0,0,2,99" ten="409,147,248,196" oya="0" hai0="117,3,23,111,112,73,10,47,118,45,39,26,71" hai1="113,27,131,80,86,122,62,64,79,57,4,14,28" hai2="75,107,70,41,123,56,103,121,35,52,24,124,77" hai3="61,83,16,58,134,93,106,22,78,30,48,89,66"/><T101/><D101/><U97/><E122/><V105/><F124/><W88/><G134/><T8/><D47/><U38/><E38/><V9/><F70/><W46/><G106/><T59/><D59/><U42/><E42/><V55/><F41/><W127/><G127/><T91/><D45/><U92/><E131/><V90/><F105/><W82/><G30/><T54/><D91/><U43/><E43/><V76/><F9/><W126/><G126/><T50/><D54/><U11/><E113/><V31/><F123/><W13/><G89/><T98/><D50/><U63/><E63/><V12/><F121/><W95/><G95/><T34/><D98/><U110/><E110/><V17/><F75/><W25/><G78/><T1/><D71/><U7/><E7/><V74/><F74/><W60/><G61/><T87/><D39/><U2/><E2/><V5/><F5/><W104/><G104/><T135/><D87/><U102/><E27/><V114/><F114/><W51/><G13/><T96/><D96/><U44/><E44/><V84/><F107/><W18/><G18/><T72/><D112/><U119/><E119/><V108/><F108/><W65/><G65/><T37/><D111/><U0/><E0/><V21/><F103/><W6/><G6/><T15/><D117/><U81/><E81/><N who="3" m="30730" /><G46/><T53/><D118/><U129/><E129/><V69/><F69/><W128/><G128/><T68/><D68/><U115/><E115/><V132/><F132/><W20/><G20/><T40/><D135/><U133/><E133/><V33/><F33/><W29/><G29/><AGARI ba="1,0" hai="4,11,14,28,29,57,62,64,79,80,86,92,97,102" machi="29" ten="40,5200,0" yaku="6,1,8,1,52,1" doraHai="99" who="1" fromWho="3" sc="409,0,147,55,248,0,196,-55" /><INIT seed="5,0,0,2,4,58" ten="409,202,248,141" oya="1" hai0="10,110,80,113,8,81,95,118,29,43,18,87,98" hai1="105,34,28,21,111,66,33,65,100,79,47,127,27" hai2="57,60,26,5,59,35,117,103,36,73,25,128,71" hai3="4,102,42,23,119,1,74,68,24,53,50,41,91"/><U49/><E111/><V75/><F117/><W83/><G119/><T62/><D113/><U17/><E127/><V125/><F125/><W12/><G68/><T44/><D110/><U15/><E79/><V123/><F123/><W77/><G1/><T106/><D106/><U115/><E115/><V70/><F36/><W89/><G102/><T20/><D29/><U39/><E39/><V129/><F103/><W37/><G37/><T61/><D98/><U101/><E34/><V76/><F76/><W108/><G108/><T13/><D95/><U45/><E101/><V40/><F5/><W52/><G41/><T96/><D96/><U133/><E133/><V16/><F40/><W94/><G89/><N who="0" m="51431" /><D81/><U120/><E120/><V67/><F67/><W9/><G42/><T92/><D92/><U88/><E88/><V32/><F16/><W121/><G121/><T84/><D84/><U90/><E90/><V54/><F54/><W22/><G22/><T85/><D85/><U126/><E126/><V48/><F48/><W122/><G122/><T55/><D43/><U46/><REACH who="1" step="1"/><E49/><REACH who="1" step="2"/><V116/><REACH who="2" step="1"/><F116/><REACH who="2" step="2"/><W56/><G53/><T6/><D118/><U124/><E124/><V109/><F109/><W112/><G112/><T31/><D31/><U97/><AGARI ba="0,2" hai="15,17,21,27,28,33,45,46,47,65,66,97,100,105" machi="97" ten="30,6000,0" yaku="1,1,0,1,53,1" doraHai="58" doraHaiUra="14" who="1" fromWho="1" sc="409,-20,192,80,238,-20,141,-20" /><INIT seed="5,1,0,5,2,2" ten="389,272,218,121" oya="1" hai0="118,127,9,41,18,52,91,123,49,30,21,78,131" hai1="62,72,79,44,135,27,5,69,46,14,61,76,3" hai2="16,93,11,48,85,116,113,86,66,24,36,83,60" hai3="106,58,70,40,63,125,13,32,107,100,128,121,110"/><U75/><E3/><V65/><F116/><W94/><G63/><T73/><D73/><U59/><E135/><V87/><F36/><W50/><G58/><T25/><D118/><U12/><E69/><V17/><F113/><W64/><G50/><T51/><D123/><U19/><E27/><V109/><F109/><W43/><G64/><T39/><D39/><U22/><E59/><V6/><F48/><W82/><G43/><T26/><D78/><U1/><E1/><V108/><F108/><W115/><G40/><T129/><D127/><U0/><E0/><V23/><F17/><W132/><G13/><T47/><D91/><U56/><E56/><V10/><F10/><W4/><G94/><T105/><D105/><U7/><E19/><V95/><F83/><W35/><G100/><T112/><D112/><U84/><E84/><V42/><F42/><W80/><G82/><T126/><D126/><U54/><E22/><V37/><F37/><W67/><G80/><T53/><D9/><U133/><E133/><V71/><REACH who="2" step="1"/><F66/><REACH who="2" step="2"/><W114/><G67/><T102/><D51/><U38/><E38/><V20/><F20/><W15/><G110/><T134/><D49/><U68/><E68/><V33/><F33/><W8/><G114/><T103/><D41/><U88/><E54/><N who="0" m="21097" /><D47/><U130/><E130/><N who="0" m="49673" /><D134/><U117/><E117/><V77/><F77/><W31/><G115/><T57/><D57/><U89/><AGARI ba="1,1" hai="5,7,12,14,44,46,61,62,72,75,76,79,88,89" machi="89" ten="25,18000,2" yaku="0,1,22,2,52,2,54,1" doraHai="2" who="1" fromWho="1" sc="389,-61,272,193,208,-61,121,-61" /><INIT seed="5,2,0,5,5,135" ten="328,465,147,60" oya="1" hai0="85,112,45,68,114,51,2,0,80,9,94,126,37" hai1="64,92,32,91,75,34,107,88,13,4,122,101,128" hai2="54,53,109,120,130,19,15,73,83,43,76,74,49" hai3="23,78,110,44,22,111,134,25,117,38,36,27,86"/><U21/><E122/><V46/><F120/><W84/><G78/><T47/><D94/><U29/><E75/><V18/><F109/><W96/><G134/><T79/><D68/><U119/><E119/><V87/><F130/><W99/><REACH who="3" step="1"/><G44/><REACH who="3" step="2"/><T93/><D45/><U125/><E128/><V28/><F74/><W52/><G52/><T90/><D37/><U106/><E64/><V11/><F73/><W121/><G121/><T57/><D57/><U59/><E59/><V65/><F65/><W131/><G131/><T72/><D114/><U71/><E71/><V20/><REACH who="2" step="1"/><F28/><REACH who="2" step="2"/><W70/><G70/><T58/><D112/><U67/><E67/><V50/><F50/><W116/><AGARI ba="2,2" hai="22,23,25,27,36,38,84,86,96,99,110,111,116,117" machi="116" ten="25,6400,0" yaku="1,1,0,1,22,2,53,0" doraHai="135" doraHaiUra="132" who="3" fromWho="3" sc="328,-18,465,-34,137,-18,50,90" /><INIT seed="6,0,0,2,3,66" ten="310,431,119,140" oya="2" hai0="48,99,80,12,93,57,2,134,118,67,79,109,3" hai1="88,82,25,52,105,31,123,24,32,6,85,73,21" hai2="70,95,39,37,51,92,18,30,125,59,13,23,106" hai3="111,43,55,78,77,76,102,42,110,89,69,100,129"/><V132/><F106/><W98/><G69/><T104/><D104/><U135/><E105/><V11/><F132/><W130/><G55/><T112/><D109/><U54/><E135/><V33/><F125/><W122/><G122/><T9/><D134/><U126/><E126/><V64/><F33/><W28/><G28/><T22/><D112/><U74/><E123/><V36/><F59/><W114/><G114/><T83/><D118/><U40/><E40/><N who="3" m="15402" /><G89/><T65/><D3/><U4/><E74/><V119/><F119/><W71/><G71/><T133/><D2/><U94/><E6/><V116/><F116/><W10/><G10/><T90/><D133/><U84/><E73/><V127/><F127/><W49/><G98/><T45/><D22/><U121/><E4/><V26/><REACH who="2" step="1"/><F51/><REACH who="2" step="2"/><W15/><G49/><T53/><D57/><U29/><E121/><V62/><AGARI ba="0,1" hai="11,13,18,23,26,30,36,37,39,62,64,70,92,95" machi="62" ten="40,12000,1" yaku="1,1,2,1,0,1,52,1,53,1" doraHai="66" doraHaiUra="58" who="2" fromWho="2" sc="310,-40,431,-40,109,130,140,-40" /><INIT seed="6,1,0,3,1,75" ten="270,391,239,100" oya="2" hai0="107,104,85,97,134,3,118,10,5,19,61,31,0" hai1="115,106,58,22,51,101,59,29,133,28,44,60,108" hai2="53,98,135,120,87,24,123,126,127,81,62,117,41" hai3="2,38,121,99,50,1,96,109,92,14,57,73,26"/><V82/><F117/><W83/><G121/><N who="2" m="46665" /><F24/><W33/><G109/><T66/><D118/><U35/><E108/><V131/><F41/><W74/><G38/><T128/><D19/><U111/><E111/><V90/><F62/><W7/><G14/><T46/><D128/><U105/><E35/><V47/><F47/><W72/><G7/><T6/><D134/><U93/><E133/><V102/><F53/><W67/><G26/><T18/><D18/><U40/><E22/><V125/><F135/><W30/><G33/><T43/><D31/><U130/><E130/><V15/><F15/><W27/><G30/><T25/><D25/><U116/><E116/><V9/><F9/><W17/><G27/><T112/><D112/><U8/><E8/><V122/><N who="2" m="46673" /><V34/><DORA hai="64" /><F34/><W103/><G17/><T76/><D6/><U80/><E58/><V48/><F48/><W124/><G50/><T119/><D3/><U95/><E59/><V13/><F13/><W39/><G57/><T49/><D119/><U16/><E60/><V12/><F12/><W91/><G67/><T100/><D107/><U23/><E115/><V70/><F131/><W129/><G39/><T113/><D113/><U37/><E37/><V77/><F70/><W55/><G55/><T63/><D66/><U54/><E54/><V4/><F4/><W21/><G21/><T71/><REACH who="0" step="1"/><D71/><REACH who="0" step="2"/><U65/><E16/><V56/><F56/><W79/><G129/><T89/><D89/><U11/><E65/><V20/><F20/><W84/><G1/><T52/><D52/><U114/><E29/><RYUUKYOKU ba="1,1" sc="260,30,391,-10,239,-10,100,-10" hai0="0,5,10,43,46,49,61,63,76,85,97,100,104" /><INIT seed="7,2,1,3,4,100" ten="290,381,229,90" oya="3" hai0="42,64,121,31,41,68,25,30,40,59,22,97,88" hai1="66,9,34,96,77,44,36,33,46,82,91,124,61" hai2="86,130,73,55,108,28,74,81,56,98,54,125,70" hai3="129,112,71,19,63,110,101,18,122,32,90,134,115"/><W53/><G122/><T27/><D68/><U37/><E124/><V116/><F108/><W26/><G101/><T84/><D121/><U4/><E37/><V120/><F116/><W109/><G90/><T80/><D97/><U21/><E21/><V118/><F118/><W5/><G53/><T85/><D85/><U72/><E36/><V60/><F120/><W89/><G63/><T119/><D119/><U16/><E16/><N who="3" m="6186" /><G89/><T76/><D64/><U39/><E39/><V49/><F125/><W65/><G71/><T75/><D59/><U126/><E126/><V43/><F130/><W58/><G65/><T102/><D102/><U99/><E99/><V133/><F133/><W50/><G58/><T57/><D57/><U29/><E29/><V3/><F3/><W79/><G50/><T13/><D13/><U52/><E46/><V38/><F28/><N who="3" m="19479" /><G79/><T20/><REACH who="0" step="1"/><D42/><REACH who="0" step="2"/><U69/><E44/><V62/><F98/><W78/><G78/><T94/><AGARI ba="2,2" hai="20,22,25,27,30,31,40,41,75,76,80,84,88,94" machi="94" ten="20,12000,2" yaku="1,1,2,1,0,1,7,1,9,1,54,1,53,1" doraHai="100" doraHaiUra="87" who="0" fromWho="0" sc="280,146,381,-32,229,-32,90,-62" owari="426,52,349,15,197,-20,28,-47" /></mjloggm>