<mjloggm ver="2.3"><GO type="41"/><UN n0="%E3%82%A6%E3%83%AB%E3%83%88%E3%83%A9%E7%AB%8B%E7%9B%B4" n1="%E7%A6%8F%E8%B7%AF%E3%81%BF%E3%81%BB%E3%81%93" n2="%6D%6F%6B%75%30%31%32%33" n3="%E2%96%A0%E2%96%A0%E2%96%A0" dan="14,14,13,14" rate="1922,1967,1868,1929" sx="M,F,M,M"/><TAIKYOKU oya="0"/><INIT seed="0,0,0,0,5,26" ten="250,250,250,250" oya="0" hai0="124,17,98,61,11,122,106,127,70,52,45,39,30" hai1="108,27,38,99,115,22,91,69,46,47,72,0,105" hai2="102,109,28,23,117,132,44,87,96,7,41,42,90" hai3="114,88,86,120,43,10,5,112,103,59,35,131,121"/><T85/><D122/><U12/><E69/><V37/><F42/><W33/><G43/><T65/><D39/><U111/><E72/><V77/><F77/><W110/><G103/><T104/><D85/><U13/><E0/><V19/><F117/><W80/><G131/><T67/><D17/><U18/><E115/><V62/><F62/><W32/><G110/><T9/><D98/><U95/><E105/><V66/><F66/><W113/><REACH who="3" step="1"/><G59/><REACH who="3" step="2"/><T3/><D70/><U75/><E46/><V100/><F44/><W83/><G83/><T54/><D45/><U58/><E58/><V107/><F41/><W89/><G89/><T50/><D50/><U25/><E47/><V68/><F90/><W76/><G76/><T53/><D61/><U101/><E38/><V128/><F37/><W57/><G57/><T84/><D106/><U60/><E101/><V49/><F102/><W74/><G74/><T8/><D104/><U135/><E60/><V64/><F100/><W71/><G71/><T24/><D3/><AGARI ba="0,1" hai="3,5,10,32,33,35,80,86,88,112,113,114,120,121" machi="3" ten="50,6400,0" yaku="1,1,54,1,53,1" doraHai="26" doraHaiUra="1" who="3" fromWho="0" sc="250,-64,250,0,250,0,240,74" /><INIT seed="1,0,0,0,0,117" ten="186,250,250,314" oya="1" hai0="33,1,6,129,48,108,127,30,73,52,126,49,14" hai1="10,26,106,9,45,87,90,11,44,36,51,67,98" hai2="3,82,74,64,92,12,29,46,58,125,59,42,22" hai3="103,79,4,55,95,119,100,104,18,15,81,105,85"/><U63/><E106/><V112/><F3/><W120/><G4/><T66/><D73/><U114/><E114/><V75/><F112/><W93/><G55/><T84/><D66/><U34/><E34/><V53/><F125/><N who="0" m="47626" /><D1/><U101/><E101/><N who="3" m="38986" /><G15/><T57/><D108/><U13/><E98/><V115/><F115/><W123/><G18/><T2/><D2/><U56/><E26/><V7/><F64/><W25/><G119/><T78/><D129/><U107/><E107/><N who="3" m="41034" /><G25/><N who="0" m="18639" /><D49/><U31/><E31/><V39/><F29/><W17/><G17/><T96/><D14/><U62/><E36/><V43/><F39/><W89/><G95/><T128/><D6/><U111/><E111/><V94/><F12/><W40/><G40/><T68/><D68/><U130/><E130/><V61/><F7/><W110/><G110/><T8/><D8/><U24/><E24/><V83/><F22/><W97/><AGARI ba="0,0" hai="79,81,85,89,93,97,120,123" m="41034,38986" machi="97" ten="30,7900,0" yaku="34,2,52,2" doraHai="117" who="3" fromWho="3" sc="186,-20,250,-39,250,-20,314,79" /><INIT seed="2,0,0,2,1,57" ten="166,211,230,393" oya="2" hai0="55,61,52,69,27,127,68,71,62,114,3,87,105" hai1="58,73,16,117,20,54,22,45,48,41,63,79,109" hai2="106,91,26,18,4,116,112,46,131,115,98,100,124" hai3="13,83,34,15,10,121,44,1,92,96,36,89,132"/><V126/><F4/><W74/><G132/><T108/><D105/><U135/><E117/><V14/><F26/><W23/><G34/><T113/><D3/><U30/><E135/><V21/><F116/><W50/><G121/><T53/><D27/><U86/><E109/><V78/><F131/><W120/><G120/><T31/><D31/><U11/><E73/><V51/><F78/><W8/><G23/><T72/><D87/><U103/><E103/><V129/><F129/><W0/><G0/><T107/><D107/><U90/><E79/><V33/><F33/><W47/><G47/><T82/><D82/><U9/><E30/><V76/><F76/><N who="3" m="44439" /><G50/><T39/><D72/><U104/><E104/><V77/><F77/><W118/><G10/><T66/><D108/><U49/><E49/><V2/><F2/><W110/><G110/><T81/><D81/><N who="1" m="49487" /><E20/><V80/><F91/><W59/><G59/><N who="0" m="37183" /><D127/><N who="2" m="48682" /><F80/><W125/><G118/><T97/><D97/><U64/><E41/><AGARI ba="0,0" hai="14,18,21,41,46,51,98,100,106,112,115" m="48682" machi="41" ten="30,1500,0" yaku="18,1" doraHai="57" who="2" fromWho="1" sc="166,0,211,-15,230,15,393,0" /><INIT seed="2,1,0,3,5,6" ten="166,196,245,393" oya="2" hai0="102,1,118,94,131,96,126,109,105,14,59,123,125" hai1="76,115,108,99,72,12,47,8,133,100,23,107,69" hai2="19,120,33,114,132,65,135,81,3,9,2,40,42" hai3="39,15,110,74,31,103,90,16,86,26,70,83,18"/><V85/><F33/><W113/><G110/><T35/><D35/><U27/><E115/><V46/><F114/><W124/><G70/><T13/><D1/><U11/><E69/><V101/><F101/><W75/><G39/><T119/><D59/><U17/><E133/><N who="2" m="51275" /><F65/><W60/><G18/><T43/><D43/><N who="2" m="16426" /><F46/><W98/><G124/><N who="0" m="47723" /><D14/><U130/><E108/><V22/><F120/><W78/><G60/><T57/><D57/><U10/><E130/><V97/><F97/><W92/><G78/><T58/><D58/><U112/><E47/><V127/><F127/><W36/><G36/><T80/><D109/><U5/><REACH who="1" step="1"/><E112/><REACH who="1" step="2"/><V116/><F116/><N who="0" m="44586" /><D123/><U0/><E0/><V54/><F3/><W68/><G68/><T84/><D131/><U82/><AGARI ba="1,1" hai="5,8,10,11,12,17,23,27,72,76,82,99,100,107" machi="82" ten="30,8000,1" yaku="1,1,0,1,52,3,53,0" doraHai="6" doraHaiUra="91" who="1" fromWho="1" sc="166,-21,186,93,245,-41,393,-21" /><INIT seed="3,0,0,5,4,6" ten="145,279,204,372" oya="3" hai0="86,17,92,99,94,18,65,52,67,97,55,80,62" hai1="28,108,85,3,131,91,7,46,35,23,113,45,24" hai2="53,101,63,15,134,77,50,34,129,70,95,39,126" hai3="2,111,124,61,21,1,110,84,31,81,109,73,106"/><W13/><G73/><T117/><D117/><U25/><E113/><V59/><F34/><W64/><G106/><T43/><D43/><U103/><E103/><V68/><F77/><W112/><G112/><T135/><D86/><U98/><E98/><V51/><F101/><W89/><G124/><T120/><D80/><U8/><E131/><V56/><F95/><W93/><G81/><T22/><D135/><U40/><E108/><V48/><F126/><W32/><G32/><T9/><D22/><U42/><E40/><V130/><F15/><W83/><G83/><T58/><D120/><U69/><E69/><N who="2" m="26731" /><F39/><W76/><G76/><T122/><D122/><U10/><E10/><V75/><F75/><W119/><G119/><T44/><D44/><U47/><E42/><V4/><F4/><W27/><REACH who="3" step="1"/><G13/><REACH who="3" step="2"/><T11/><D62/><U118/><E118/><V54/><F134/><W33/><G33/><T16/><D94/><U37/><E37/><V0/><F0/><W5/><G5/><T71/><D92/><U116/><E116/><V127/><F127/><W72/><G72/><T78/><D78/><U26/><REACH who="1" step="1"/><E35/><REACH who="1" step="2"/><V41/><F41/><W49/><G49/><AGARI ba="0,2" hai="48,49,50,51,53,54,56,59,63,129,130" m="26731" machi="49" ten="30,2000,0" yaku="34,2" doraHai="6" who="2" fromWho="3" sc="145,0,269,0,204,40,362,-20" /><INIT seed="4,0,0,5,0,81" ten="145,269,244,342" oya="0" hai0="22,3,39,53,112,41,40,115,56,76,66,49,20" hai1="129,64,12,113,109,5,95,60,77,84,99,8,111" hai2="55,14,97,11,30,116,57,61,28,48,69,105,59" hai3="50,91,121,34,119,102,27,2,65,96,18,130,44"/><T89/><D3/><U92/><E113/><N who="0" m="43593" /><D76/><U103/><E129/><V108/><F69/><W71/><G2/><T83/><D22/><U46/><E46/><V51/><F108/><W74/><G91/><T42/><D20/><U13/><E13/><V98/><F116/><W122/><G130/><T63/><D89/><U93/><E111/><V117/><F117/><W94/><G119/><T17/><D17/><U127/><E127/><V72/><F72/><W24/><G74/><T135/><D83/><U120/><E120/><N who="3" m="46186" /><G34/><T7/><D7/><U47/><E47/><V52/><F61/><N who="3" m="40367" /><G18/><T25/><D25/><U106/><E109/><V35/><F35/><W19/><G19/><T68/><D135/><U21/><E21/><V80/><F80/><W38/><G38/><AGARI ba="0,0" hai="38,39,40,41,42,49,53,56,63,66,68" m="43593" machi="38" ten="30,5800,0" yaku="15,1,34,2" doraHai="81" who="0" fromWho="3" sc="145,58,269,0,244,0,342,-58" /><INIT seed="4,1,0,3,1,110" ten="203,269,244,284" oya="0" hai0="28,27,3,135,127,112,126,101,5,89,40,120,23" hai1="34,45,106,69,0,59,88,74,6,64,94,103,21" hai2="104,93,19,102,13,70,41,80,14,85,20,15,26" hai3="108,24,132,1,31,111,84,113,62,124,51,57,50"/><T12/><D101/><U73/><E34/><V65/><F104/><W91/><G1/><T48/><D120/><U79/><E45/><V87/><F41/><W39/><G39/><T117/><D117/><U97/><E21/><V63/><REACH who="2" step="1"/><F80/><REACH who="2" step="2"/><W72/><G108/><T96/><D40/><U7/><E106/><V105/><F105/><W52/><G111/><T125/><D125/><U47/><E0/><V134/><F134/><W131/><G124/><T92/><D135/><U123/><E123/><V22/><F22/><W116/><G132/><T49/><D3/><U4/><E4/><V107/><F107/><W90/><G116/><T53/><D127/><U109/><E7/><V58/><F58/><W17/><G131/><T98/><D126/><U129/><E6/><V35/><F35/><W42/><G42/><T75/><D5/><U66/><E129/><V38/><F38/><W60/><G113/><T122/><D122/><U29/><E109/><V8/><F8/><W114/><G114/><T32/><D112/><U11/><E11/><V36/><F36/><W118/><G118/><T100/><D32/><U33/><E33/><V86/><F86/><W54/><G72/><T82/><D75/><U56/><E74/><V25/><F25/><W130/><G130/><T55/><D82/><U133/><E73/><V77/><F77/><W115/><G115/><T78/><D78/><U44/><E133/><V9/><F9/><W43/><G84/><T16/><D98/><AGARI ba="1,1" hai="13,14,15,19,20,26,63,65,70,85,87,93,98,102" machi="98" ten="40,1300,0" yaku="1,1,53,0" doraHai="110" doraHaiUra="128" who="2" fromWho="0" sc="203,-16,269,0,234,26,284,0" /><INIT seed="5,0,0,1,5,115" ten="187,269,260,284" oya="1" hai0="2,104,106,84,50,68,79,63,55,36,44,58,39" hai1="12,6,93,25,35,83,112,101,82,94,98,110,28" hai2="103,54,135,92,126,89,130,8,64,23,109,70,66" hai3="59,73,45,37,49,65,3,0,81,22,46,96,133"/><U21/><E112/><V75/><F75/><W125/><G133/><T4/><D4/><U38/><E38/><V134/><F103/><W85/><G125/><T80/><D2/><U71/><E71/><V43/><F109/><W129/><G73/><T15/><D39/><U118/><E118/><V124/><F43/><W60/><G129/><T40/><REACH who="0" step="1"/><D15/><REACH who="0" step="2"/><U56/><E110/><V31/><F135/><W61/><G37/><T17/><D17/><U19/><E6/><V87/><F134/><W32/><G3/><T16/><D16/><U131/><E131/><V13/><F130/><W30/><G0/><T113/><D113/><U120/><E120/><V95/><F126/><W11/><G65/><AGARI ba="0,1" hai="36,40,44,50,55,58,63,65,68,79,80,84,104,106" machi="65" ten="40,8000,1" yaku="1,1,24,2,53,1" doraHai="115" doraHaiUra="78" who="0" fromWho="3" sc="177,90,269,0,260,0,284,-80" /><INIT seed="6,0,0,5,2,126" ten="267,269,260,204" oya="2" hai0="46,10,55,98,114,49,23,53,20,15,77,8,132" hai1="105,133,61,50,96,35,116,25,21,100,22,40,69" hai2="111,113,129,37,32,75,90,83,63,97,54,11,3" hai3="24,43,68,134,71,29,119,88,122,67,72,31,38"/><V39/><F32/><W42/><G122/><T78/><D132/><U127/><E127/><V17/><F111/><W108/><G134/><T62/><D114/><U12/><E116/><V44/><F113/><W19/><G108/><T103/><D78/><U9/><E133/><V80/><F39/><W110/><G110/><T65/><D77/><U52/><E40/><V107/><F75/><W125/><G72/><T57/><D55/><U13/><E69/><V124/><F124/><W18/><G125/><T30/><D30/><U123/><E123/><V16/><F83/><W1/><G24/><T28/><D28/><U104/><E61/><V91/><F91/><W135/><G135/><T112/><D112/><U79/><E79/><V58/><F107/><W101/><G101/><T86/><D86/><U60/><E60/><V4/><F37/><W64/><G38/><T118/><D10/><U51/><E35/><V120/><F44/><W106/><G106/><T56/><D46/><U26/><E52/><V76/><F76/><W70/><G70/><T45/><D45/><U109/><E109/><V121/><F121/><W92/><G92/><N who="0" m="58823" /><D118/><U82/><E82/><V117/><F117/><W87/><G87/><T5/><AGARI ba="0,0" hai="5,8,15,20,23,49,53,56,57,62,65" m="58823" machi="5" ten="30,1100,0" yaku="8,1" doraHai="126" who="0" fromWho="0" sc="267,11,269,-3,260,-5,204,-3" /><INIT seed="7,0,0,2,3,48" ten="278,266,255,201" oya="3" hai0="53,57,23,126,45,18,105,65,103,34,99,16,88" hai1="96,30,29,22,97,19,123,31,92,115,85,36,39" hai2="122,72,73,46,26,101,4,106,75,66,2,9,10" hai3="84,33,121,110,32,24,3,119,44,104,98,95,37"/><W25/><G121/><T86/><D34/><U35/><E123/><V7/><F122/><W93/><G119/><T116/><D116/><U21/><E115/><V55/><F66/><W79/><G3/><T15/><D126/><U113/><E113/><V42/><F26/><W49/><G37/><T0/><D45/><U118/><E118/><V8/><F8/><W82/><G110/><T102/><D102/><U134/><E134/><V5/><F5/><W114/><G114/><T38/><D38/><U20/><E35/><V71/><F71/><W131/><G131/><T117/><D65/><U27/><E85/><V124/><F124/><W128/><G128/><T87/><D0/><U125/><E125/><V12/><F101/><W50/><G50/><T135/><D135/><U91/><REACH who="1" step="1"/><E97/><REACH who="1" step="2"/><V120/><F120/><W43/><G33/><T52/><D117/><U63/><E63/><V47/><F106/><W130/><G130/><T54/><D87/><U112/><E112/><V68/><F68/><W78/><G32/><T62/><D18/><U76/><E76/><V61/><F61/><W17/><G79/><T64/><D64/><U81/><E81/><AGARI ba="0,1" hai="15,16,23,52,53,54,57,62,81,86,88,99,103,105" machi="81" ten="30,12000,2" yaku="7,1,52,3,54,3" doraHai="48" who="0" fromWho="1" sc="278,130,256,-120,255,0,201,0" owari="408,50,136,-36,255,6,201,-20" /></mjloggm>