<mjloggm ver="2.3"><GO type="41"/><UN n0="%55%4C%54%49%4D%4F" n1="%E3%83%A9%E3%82%B9%E3%83%A9%E3%82%B9%33%E3%83%81%E3%83%A3" n2="%E3%82%A6%E3%83%AB%E3%83%88%E3%83%A9%E7%AB%8B%E7%9B%B4" n3="%44%69%65%34%34%34%34" dan="15,13,13,13" rate="2112,1853,1849,1812" sx="M,M,M,M"/><TAIKYOKU oya="0"/><INIT seed="0,0,0,3,1,67" ten="250,250,250,250" oya="0" hai0="48,81,30,69,111,107,97,61,35,2,121,27,16" hai1="80,22,33,32,71,49,132,64,98,46,38,55,75" hai2="7,77,96,58,115,54,17,53,11,110,102,24,122" hai3="74,116,113,91,12,133,26,130,79,119,120,45,124" shuffle="mt19937ar,3B96BF4F,F7F52914,AC9FDAA8,316E079A,874A1CCF,DD4EB4C2,030C7683,2B505F4B"/><T78/><D48/><U60/><E132/><V31/><F115/><W123/><G45/><T118/><D118/><N who="3" m="45097" /><G12/><T68/><D121/><N who="3" m="46665" /><G26/><T41/><D111/><U127/><E127/><V13/><F110/><W100/><G113/><T43/><D2/><U23/><E38/><V129/><F54/><W20/><G20/><T4/><D4/><U47/><E98/><V126/><F126/><W104/><G133/><T0/><D0/><U29/><E46/><V3/><F122/><W18/><G18/><T73/><D16/><U128/><E128/><V84/><F129/><W125/><G91/><T63/><D63/><U134/><E134/><V76/><F3/><W108/><G108/><T36/><D61/><U14/><E29/><V99/><F31/><W89/><G89/><T65/><D65/><U25/><E25/><V114/><F114/><W66/><G66/><T87/><D87/><U94/><E33/><V1/><F1/><W50/><G50/><T42/><REACH who="0" step="1"/><D36/><REACH who="0" step="2"/><U95/><E64/><V70/><F17/><W106/><G130/><T40/><N who="0" m="10752" /><DORA hai="82" /><T51/><D51/><U19/><E60/><V8/><F84/><W52/><G52/><T37/><D37/><U101/><E55/><V10/><F53/><W56/><G56/><T9/><D9/><U6/><E49/><V135/><F11/><W21/><G21/><T28/><D28/><U109/><E23/><V15/><F58/><W103/><G125/><T131/><D131/><U117/><E22/><V5/><F135/><W34/><G124/><T62/><D62/><U88/><E6/><V72/><F5/><RYUUKYOKU ba="0,1" sc="240,30,250,-10,250,-10,250,-10" hai0="27,30,35,68,69,73,78,81,97,107" /><INIT seed="0,1,1,4,1,12" ten="270,240,240,240" oya="0" hai0="70,50,55,87,110,97,1,20,130,7,98,46,134" hai1="6,100,78,83,57,3,94,23,8,48,31,103,9" hai2="128,47,107,106,99,25,114,84,36,112,82,34,67" hai3="42,76,4,127,125,37,51,113,116,18,30,90,92" shuffle="mt19937ar,7EE5CE4A,79D6C64D,845F1C3C,515A8CD7,0E6A1661,9CD2D3F8,CC4DC6DF,B652A8A9"/><T77/><D70/><U68/><E68/><V126/><F67/><W72/><G116/><T33/><D33/><U21/><E9/><V118/><F47/><W74/><G30/><T0/><D7/><U11/><E11/><V53/><F25/><W5/><G37/><T27/><D130/><U132/><E132/><V80/><F53/><W26/><G42/><T15/><D134/><U28/><E28/><V85/><F36/><W69/><G69/><T91/><D15/><U105/><E105/><V40/><F40/><W75/><G51/><T131/><D131/><U41/><E31/><V62/><F62/><W14/><G76/><T96/><D77/><U129/><E129/><V13/><F13/><W43/><G43/><T93/><REACH who="0" step="1"/><D110/><REACH who="0" step="2"/><U54/><E3/><V101/><F34/><W17/><G113/><N who="2" m="43625" /><F128/><W120/><G120/><T49/><D49/><U56/><E6/><V71/><F71/><W59/><G5/><T133/><D133/><U65/><E48/><V123/><F123/><W16/><G26/><T45/><D45/><U44/><E78/><V61/><F61/><W2/><G2/><T10/><D10/><U115/><E8/><V108/><F118/><W35/><G35/><T52/><D52/><U89/><E54/><V39/><F39/><W109/><G109/><T117/><D117/><U111/><E44/><V24/><F108/><W124/><G59/><T58/><D58/><U135/><E57/><V73/><F24/><W95/><G4/><T19/><AGARI ba="1,2" hai="0,1,19,20,27,46,50,55,87,91,93,96,97,98" machi="19" ten="30,6000,0" yaku="1,1,0,1,52,1,53,0" doraHai="12" doraHaiUra="119" who="0" fromWho="0" sc="260,83,240,-21,240,-21,240,-21" /><INIT seed="0,2,0,5,3,65" ten="343,219,219,219" oya="0" hai0="39,27,109,36,89,53,18,45,43,49,98,12,64" hai1="44,54,130,5,88,23,31,77,113,1,51,105,17" hai2="58,25,24,33,82,84,104,9,15,29,16,126,127" hai3="2,78,106,71,131,124,118,79,112,74,73,108,32" shuffle="mt19937ar,012C5058,0D9E64A9,E39807C6,056363E8,E9B71C4C,34FF4FEE,123D4931,C653D495"/><T110/><D27/><U41/><E105/><V129/><F104/><W87/><G87/><T85/><D98/><U111/><E31/><V92/><F92/><W116/><G79/><T10/><D64/><U117/><E117/><V57/><F129/><W34/><G78/><T99/><D99/><U103/><E130/><V55/><F25/><W48/><G48/><T135/><D135/><U115/><E103/><V22/><F84/><W90/><G90/><T67/><D67/><U4/><E111/><N who="0" m="42505" /><D43/><U125/><E125/><V40/><F82/><AGARI ba="2,0" hai="10,12,18,36,39,45,49,53,82,85,89" m="42505" machi="82" ten="30,5800,0" yaku="25,1,14,1,10,1" doraHai="65" who="0" fromWho="2" sc="343,64,219,0,219,-64,219,0" /><INIT seed="0,3,0,2,2,114" ten="407,219,155,219" oya="0" hai0="101,6,32,9,45,117,24,106,42,64,22,111,79" hai1="82,124,65,126,59,34,19,76,18,130,107,120,95" hai2="68,78,87,92,128,43,125,70,35,89,50,110,94" hai3="67,134,28,103,83,17,108,1,51,72,52,12,69" shuffle="mt19937ar,DAA19334,6185557C,E3E191CA,F97B1C71,5920DBD5,4400C375,555CFC8D,955490B8"/><T56/><D106/><U57/><E120/><V123/><F35/><W7/><G103/><T102/><D32/><U29/><E107/><V46/><F123/><W47/><G28/><T11/><D79/><U131/><E95/><V44/><F78/><W133/><G108/><T105/><D111/><U31/><E34/><V74/><F74/><W4/><G83/><T71/><D71/><U60/><E57/><V2/><F110/><W49/><G72/><T96/><D102/><U53/><E65/><V132/><F2/><W36/><G36/><T55/><D64/><U129/><E19/><V80/><F125/><N who="1" m="48233" /><E18/><V27/><F128/><W0/><G67/><T85/><D85/><AGARI ba="3,0" hai="29,31,53,59,60,76,82,85,129,130,131" m="48233" machi="85" ten="40,2600,0" yaku="19,1,18,1" doraHai="114" who="1" fromWho="0" sc="407,-35,219,35,155,0,219,0" /><INIT seed="1,0,0,3,0,60" ten="372,254,155,219" oya="1" hai0="77,78,97,69,16,95,100,32,71,35,19,31,104" hai1="88,64,33,17,14,74,72,122,2,28,123,10,8" hai2="15,20,13,96,41,135,128,56,12,125,85,49,76" hai3="1,114,26,130,38,63,36,22,108,54,45,23,86" shuffle="mt19937ar,966AE5FD,EB9F8180,A061EE73,942B603A,FA0B6293,CDE19F3F,17D411F6,0FDFD9C4"/><U34/><E74/><V5/><F125/><W40/><G114/><T134/><D78/><U93/><E72/><V89/><F128/><W116/><G1/><T24/><D77/><U65/><E123/><V75/><F135/><W25/><G130/><T59/><D134/><U55/><E122/><V9/><F75/><W11/><G116/><T37/><D37/><U105/><E105/><V46/><F20/><W107/><G107/><T117/><D117/><U133/><E133/><V129/><F129/><W52/><G11/><T118/><D118/><U0/><E0/><V4/><F4/><W92/><G86/><T29/><D59/><U131/><E131/><V119/><F119/><W42/><G63/><T21/><D95/><U67/><E28/><V91/><F91/><W124/><G92/><T80/><D80/><U43/><E43/><V94/><F56/><W81/><G81/><AGARI ba="0,0" hai="5,9,12,13,15,41,46,49,76,81,85,89,94,96" machi="81" ten="40,5200,0" yaku="25,2,8,1" doraHai="60" who="2" fromWho="3" sc="372,0,254,0,155,52,219,-52" /><INIT seed="2,0,0,2,1,63" ten="372,254,207,167" oya="2" hai0="80,7,59,100,46,30,67,112,12,102,109,89,127" hai1="116,104,19,47,99,88,50,69,96,11,4,20,54" hai2="107,37,25,77,129,45,60,21,26,119,93,123,2" hai3="41,29,92,8,130,27,53,31,57,42,61,97,56" shuffle="mt19937ar,DAEE9EB6,D8153CCD,4C2698F2,FF8F3502,6909792B,36BA4FCF,60864CBA,871DC2EE"/><V90/><F107/><W44/><G130/><T66/><D30/><U118/><E69/><V58/><F123/><W95/><G8/><T62/><D112/><U48/><E104/><V86/><F2/><W6/><G6/><T117/><D127/><U28/><E28/><V114/><F114/><W40/><G44/><T13/><D109/><U75/><E75/><V36/><F129/><W120/><G120/><T111/><D111/><U133/><E133/><V125/><F125/><W108/><G108/><T128/><D128/><U23/><E23/><V79/><F119/><W0/><G0/><T18/><D117/><U64/><E64/><N who="0" m="24617" /><D46/><U32/><E32/><V51/><F37/><W74/><G74/><T110/><D110/><U24/><E50/><V78/><F36/><W43/><G57/><T65/><D7/><U73/><E73/><V71/><F71/><W113/><G113/><T70/><D70/><U15/><E118/><V3/><F3/><W52/><G92/><T49/><D49/><U38/><E38/><V91/><F60/><W101/><N who="3" m="10752" /><DORA hai="87" /><W98/><G53/><T106/><D106/><U134/><E116/><V55/><F45/><W81/><G98/><T16/><D13/><U135/><REACH who="1" step="1"/><E99/><REACH who="1" step="2"/><N who="2" m="57783" /><F21/><W121/><G121/><T122/><D122/><U9/><E9/><V124/><F124/><W34/><G31/><T5/><D5/><U132/><E132/><V84/><F84/><W94/><G81/><AGARI ba="0,1" hai="25,26,51,55,58,77,78,79,81,86,91" m="57783" machi="81" ten="30,5800,0" yaku="8,1,52,2" doraHai="63,87" who="2" fromWho="3" sc="372,0,244,0,207,68,167,-58" /><INIT seed="2,1,0,3,1,93" ten="372,244,275,109" oya="2" hai0="35,0,31,115,62,87,116,77,121,60,24,59,108" hai1="132,133,23,52,1,11,49,78,88,41,44,69,80" hai2="19,120,34,135,125,56,67,16,54,45,101,122,18" hai3="40,48,131,72,130,103,111,7,71,117,70,99,113" shuffle="mt19937ar,09439E3E,128E1CB8,BA3E41CE,3F3B1E3B,6ED8EF0E,1CEC7CC2,9AD8E2C2,A7BA4008"/><V76/><F34/><W92/><G7/><T3/><D121/><U90/><E69/><V63/><F125/><W114/><G117/><T29/><D115/><N who="3" m="44041" /><G72/><T104/><D116/><U86/><E23/><V68/><F135/><N who="1" m="51785" /><E41/><V66/><F76/><W94/><G40/><T105/><D77/><U15/><E1/><V26/><F45/><W12/><G48/><T22/><D87/><U126/><E126/><V6/><F6/><AGARI ba="1,0" hai="6,11,15,44,49,52,78,80,86,88,90" m="51785" machi="6" ten="30,3900,0" yaku="20,1,54,2" doraHai="93" who="1" fromWho="2" sc="372,0,244,42,275,-42,109,0" /><INIT seed="3,0,0,3,3,47" ten="372,286,233,109" oya="3" hai0="128,79,53,101,51,85,95,122,132,23,121,120,57" hai1="35,42,124,123,105,115,24,92,119,52,50,12,82" hai2="90,58,48,87,96,73,91,98,111,97,3,10,131" hai3="69,125,75,7,64,36,71,38,113,13,46,66,20" shuffle="mt19937ar,57B42613,4FAD310F,92BF1841,5F9ABBFB,F3027B8A,B18E97AE,C572811B,61FBA5CF"/><W11/><G75/><T107/><D107/><U21/><E123/><V6/><F73/><W43/><G113/><T116/><D116/><U62/><E115/><V27/><F131/><W45/><G125/><T5/><D128/><U104/><E35/><V103/><F111/><W0/><G66/><T1/><D1/><U33/><E33/><V130/><F130/><W29/><G64/><T108/><D5/><U61/><E124/><V74/><F74/><W114/><G114/><T30/><D108/><U110/><E110/><V77/><F27/><W106/><G106/><T59/><D132/><U55/><E42/><V68/><F68/><W72/><G13/><T80/><D101/><U84/><E12/><V93/><F77/><W39/><G39/><T32/><D95/><U83/><E92/><V100/><F91/><W9/><G9/><T70/><D32/><U81/><E84/><V118/><F118/><W86/><G86/><T63/><D70/><U28/><E119/><V37/><F37/><W17/><G17/><T56/><REACH who="0" step="1"/><D63/><REACH who="0" step="2"/><U88/><E105/><V15/><F3/><W26/><G72/><T22/><D22/><U54/><E104/><V112/><F112/><W18/><G18/><T99/><D99/><U8/><E62/><V78/><F78/><W14/><G14/><T109/><D109/><U34/><E61/><V76/><F76/><W31/><G31/><T49/><D49/><U117/><E50/><V19/><F6/><W89/><REACH who="3" step="1"/><G89/><REACH who="3" step="2"/><T102/><D102/><U129/><E88/><V135/><F135/><W133/><G133/><T127/><D127/><RYUUKYOKU ba="0,2" sc="362,10,286,-30,233,10,99,10" hai0="23,30,51,53,56,57,59,79,80,85,120,121,122" hai2="10,15,19,48,58,87,90,93,96,97,98,100,103" hai3="0,7,11,20,26,29,36,38,43,45,46,69,71" /><INIT seed="3,1,2,4,1,59" ten="372,256,243,109" oya="3" hai0="107,134,103,71,104,130,65,47,57,49,75,79,118" hai1="30,127,21,2,123,116,72,85,10,81,33,94,105" hai2="6,129,36,78,17,34,61,128,39,60,117,64,28" hai3="31,106,133,54,9,3,93,87,122,13,119,121,7" shuffle="mt19937ar,3D1FE11F,5199E9FC,1CA28BA0,389D66D1,EEC43B64,B5F37F35,5388A1A8,2C3B7ACA"/><W46/><G106/><T73/><D57/><U0/><E123/><V89/><F64/><W91/><G119/><T29/><D118/><U22/><E105/><V99/><F78/><W35/><G133/><T111/><D111/><U68/><E72/><V120/><F117/><W77/><G77/><T38/><D49/><U86/><E116/><V44/><F6/><W66/><G66/><T112/><D134/><U55/><E68/><V90/><F28/><W95/><G95/><T62/><D130/><N who="2" m="50282" /><F34/><W67/><G67/><T82/><D75/><U125/><E33/><V80/><F120/><W92/><G92/><T18/><D18/><U14/><E94/><N who="2" m="56783" /><F17/><W70/><G70/><T74/><D74/><U48/><E30/><V25/><F25/><W96/><G96/><T109/><D109/><U27/><E85/><N who="2" m="50471" /><F44/><W1/><G1/><N who="1" m="618" /><E27/><V23/><F23/><W20/><G54/><T32/><D112/><U24/><E24/><V52/><F52/><W45/><G35/><T100/><D107/><U115/><E115/><V69/><F69/><W42/><G31/><T12/><D104/><U63/><E10/><V8/><F8/><W16/><G46/><T102/><D29/><U124/><E14/><V98/><F98/><W108/><G108/><T58/><D32/><U19/><E19/><V110/><F110/><W131/><G131/><T132/><D132/><U113/><E113/><V88/><F88/><W41/><G41/><N who="0" m="22967" /><D12/><U84/><E21/><V126/><F126/><W26/><G3/><T11/><D71/><U50/><E22/><V97/><F97/><W15/><G15/><RYUUKYOKU ba="1,2" sc="372,10,256,-30,243,10,109,10" hai0="11,58,62,65,73,79,82,100,102,103" hai2="36,39,60,61" hai3="7,9,13,16,20,26,42,45,87,91,93,121,122" /><INIT seed="3,2,2,4,0,110" ten="382,226,253,119" oya="3" hai0="4,31,82,128,75,115,33,41,88,50,95,121,36" hai1="118,100,10,127,30,38,12,22,83,94,111,11,23" hai2="104,74,37,79,58,19,108,18,125,109,86,98,99" hai3="34,35,59,122,113,61,62,71,107,8,116,26,89" shuffle="mt19937ar,9BBE5A37,032D2242,AFC97D0A,84F607D3,651CE6BC,257B3CAC,746C83CC,0F11352E"/><W64/><G116/><T52/><D33/><U13/><E118/><V6/><F37/><W47/><G122/><T16/><D31/><U28/><E38/><V25/><F74/><W102/><G8/><N who="1" m="3114" /><E83/><N who="2" m="47487" /><F6/><W15/><G15/><N who="1" m="5706" /><E94/><V53/><F125/><W119/><G119/><T123/><D4/><U29/><E100/><V84/><F84/><W3/><G3/><T96/><D41/><U97/><E97/><N who="2" m="36875" /><F104/><W39/><G89/><T129/><D36/><U63/><E63/><N who="2" m="36303" /><F25/><W134/><G134/><T90/><D123/><U43/><E43/><V14/><F14/><W92/><G92/><T70/><D70/><U81/><E81/><V49/><F49/><W1/><G1/><T103/><D121/><U32/><E111/><AGARI ba="2,2" hai="18,19,108,109,111" m="36303,36875,47487" machi="111" ten="30,1000,0" yaku="14,1" doraHai="110" who="2" fromWho="1" sc="382,0,226,-16,253,36,119,0" /><INIT seed="4,0,0,5,2,56" ten="382,210,289,119" oya="0" hai0="127,59,26,90,38,66,31,28,85,69,32,100,93" hai1="11,73,4,130,74,22,8,120,65,54,99,64,81" hai2="67,92,128,134,68,33,62,20,91,71,53,15,7" hai3="105,57,16,119,82,135,129,106,95,41,44,108,10" shuffle="mt19937ar,6AA9E50C,FF2708D1,E0113315,1B166608,19EBCCCF,C722506A,DC0B9BE2,DCAC5CD7"/><T50/><D38/><U80/><E120/><V132/><F33/><W104/><G119/><T1/><D1/><U0/><E130/><V42/><F42/><W87/><G108/><T123/><D123/><U114/><E114/><V75/><F75/><W27/><G129/><T84/><D69/><U88/><E22/><V94/><F128/><W70/><G70/><T39/><D39/><U29/><E29/><V109/><F71/><W30/><G95/><T37/><D37/><U52/><E99/><V124/><F109/><W101/><G57/><T107/><D31/><U102/><E102/><V36/><F36/><W131/><G131/><T72/><D72/><U121/><E121/><V60/><F92/><W2/><G2/><T115/><D100/><U6/><E0/><V83/><F83/><W58/><G58/><T21/><D107/><U86/><E86/><V49/><F68/><W55/><G55/><N who="0" m="32247" /><D66/><U5/><E5/><V17/><F67/><W126/><G101/><T34/><D115/><U118/><REACH who="1" step="1"/><E88/><REACH who="1" step="2"/><V79/><F7/><W78/><G30/><T14/><D34/><U97/><E97/><V133/><F79/><W47/><G105/><T116/><D85/><U98/><E98/><N who="2" m="57695" /><F124/><W61/><G126/><T9/><D127/><U19/><E19/><V76/><F76/><W51/><G106/><T48/><D32/><U111/><E111/><V43/><F43/><W12/><G104/><T63/><D116/><AGARI ba="0,1" hai="4,6,8,11,52,54,64,65,73,74,80,81,116,118" machi="116" ten="25,6400,0" yaku="1,1,22,2,54,1,53,0" doraHai="56" doraHaiUra="40" who="1" fromWho="0" sc="382,-64,200,74,289,0,119,0" /><INIT seed="5,0,0,2,2,110" ten="318,274,289,119" oya="1" hai0="7,86,5,81,42,61,53,34,30,50,107,77,92" hai1="38,117,22,100,64,46,44,95,104,37,89,40,114" hai2="132,62,55,82,134,26,18,90,27,109,94,21,125" hai3="9,11,12,122,14,93,97,83,63,71,59,108,1" shuffle="mt19937ar,0F7D086F,4C8327A0,851C6417,1D6E0BD1,5E8A9F03,B971A649,AB33DFC3,8D9940F8"/><U105/><E117/><V57/><F109/><W121/><G71/><T17/><D107/><U75/><E75/><V113/><F82/><W74/><G108/><T54/><D30/><U131/><E131/><V33/><F125/><W35/><G35/><T23/><D34/><U25/><E100/><V123/><F123/><W13/><G1/><T47/><D92/><U103/><E103/><V133/><F33/><W49/><G49/><T120/><D120/><U72/><E72/><V78/><F78/><W80/><G121/><T101/><D101/><U128/><E128/><V43/><F43/><W112/><G122/><T84/><D84/><U124/><E124/><V102/><F102/><W45/><G45/><T111/><D111/><U48/><E37/><V87/><F27/><W85/><G74/><T98/><D98/><U115/><E64/><V29/><F113/><N who="1" m="43017" /><E46/><V135/><N who="2" m="34304" /><DORA hai="4" /><V106/><REACH who="2" step="1"/><F106/><REACH who="2" step="2"/><W20/><G112/><T127/><D127/><U52/><E95/><V31/><AGARI ba="0,1" hai="18,21,26,29,31,55,57,62,87,90,94" m="34304" machi="31" ten="60,8000,1" yaku="1,1,2,1,0,1,20,1,53,0" doraHai="110,4" doraHaiUra="6,3" who="2" fromWho="2" sc="318,-20,274,-40,279,90,119,-20" /><INIT seed="6,0,0,2,0,82" ten="298,234,369,99" oya="2" hai0="16,26,119,85,125,73,106,63,40,104,21,13,6" hai1="75,18,81,93,87,42,102,15,83,37,114,76,100" hai2="95,80,44,45,71,24,56,46,43,49,79,30,124" hai3="58,61,0,116,121,19,38,31,112,103,130,77,113" shuffle="mt19937ar,7165B219,6FF26A5B,B94B9C37,CFA30159,2470EA08,1CE982A8,3D8943DF,E9080F95"/><V62/><F71/><W47/><G0/><T86/><D73/><U88/><E114/><N who="3" m="44138" /><G77/><T120/><D120/><U9/><REACH who="1" step="1"/><E81/><REACH who="1" step="2"/><V25/><F95/><W108/><G103/><T98/><D106/><U8/><E8/><V3/><F124/><W53/><G31/><T131/><D125/><U4/><E4/><V32/><F3/><W123/><G19/><T92/><D104/><U96/><E96/><V107/><F107/><W72/><G72/><T70/><D119/><U36/><E36/><V127/><F127/><W5/><G5/><T22/><D131/><U118/><E118/><V78/><F78/><W52/><G116/><T17/><D6/><U39/><E39/><V94/><F94/><W101/><G101/><T7/><D7/><U126/><E126/><V135/><F135/><W28/><G28/><T133/><D133/><U20/><E20/><V35/><F80/><W11/><G11/><T67/><REACH who="0" step="1"/><D40/><REACH who="0" step="2"/><U110/><E110/><V41/><F41/><N who="3" m="22967" /><G130/><T12/><D12/><U105/><E105/><V90/><F43/><W74/><G74/><T134/><D134/><U29/><E29/><V91/><F30/><W68/><G108/><T69/><D69/><U34/><E34/><V23/><F35/><W128/><G128/><T1/><D1/><U97/><E97/><V115/><F32/><W48/><G68/><T117/><D117/><U51/><E51/><V33/><F33/><W54/><G48/><T109/><D109/><U2/><E2/><V59/><F115/><W89/><G89/><AGARI ba="0,2" hai="13,16,17,21,22,26,63,67,70,85,86,89,92,98" machi="89" ten="30,8000,1" yaku="1,1,7,1,52,2,54,1,53,0" doraHai="82" doraHaiUra="111" who="0" fromWho="3" sc="288,100,224,0,369,0,99,-80" /><INIT seed="7,0,0,5,4,10" ten="388,224,369,19" oya="3" hai0="104,11,50,103,99,28,53,110,134,97,42,105,96" hai1="119,98,32,72,43,69,120,93,106,95,79,62,40" hai2="31,113,67,71,87,21,90,108,49,12,36,78,59" hai3="73,18,60,14,88,2,44,35,20,115,37,30,3" shuffle="mt19937ar,2E5E702A,6500F338,99FAC163,D13B39A3,8A68BCC3,527C5C8E,630EF736,EC87546B"/><W41/><G73/><T26/><D110/><U23/><E120/><V132/><F71/><W61/><G115/><T22/><D134/><U130/><E32/><V46/><F36/><W128/><G128/><T123/><D123/><U111/><E111/><V5/><F132/><W55/><G55/><T133/><D133/><U70/><E106/><V127/><F113/><W83/><G35/><T19/><D42/><U17/><E130/><V125/><F108/><W52/><G30/><T116/><D116/><U25/><E119/><V33/><F33/><W118/><G61/><T135/><D135/><U124/><E124/><V77/><F127/><W63/><G63/><T76/><D76/><U56/><E70/><V29/><F125/><W13/><G13/><T38/><D38/><U86/><E69/><V8/><F59/><W75/><G118/><T80/><D80/><N who="1" m="47391" /><E72/><V58/><F58/><W9/><G9/><T114/><D114/><U122/><E122/><V121/><F67/><W68/><G75/><T51/><D105/><U39/><E39/><V1/><F121/><W65/><REACH who="3" step="1"/><G52/><REACH who="3" step="2"/><T4/><D28/><N who="2" m="10826" /><F1/><W92/><G92/><N who="1" m="35402" /><E98/><V66/><F66/><AGARI ba="0,1" hai="17,23,25,40,43,56,62,66" m="35402,47391" machi="66" ten="30,1000,0" yaku="8,1" doraHai="10" who="1" fromWho="2" sc="388,0,224,20,369,-10,9,0" owari="388,49,244,-16,359,16,9,-49" /></mjloggm>