<mjloggm ver="2.3"><GO type="41"/><UN n0="%6D%69%69%6B%6F" n1="%E3%82%A6%E3%82%A3%E3%83%89%E3%82%A5%EF%BC%A0%E9%98%AA%E7%A5%9E" n2="%E3%83%80%E3%82%B9%E3%83%A1%E3%82%B9%E3%82%AB" n3="%E3%82%A6%E3%83%AB%E3%83%88%E3%83%A9%E7%AB%8B%E7%9B%B4" dan="15,15,15,13" rate="1959,1986,2001,1894" sx="M,M,M,M"/><TAIKYOKU oya="0"/><INIT seed="0,0,0,1,0,135" ten="250,250,250,250" oya="0" hai0="75,15,26,59,118,90,52,47,54,67,23,55,113" hai1="14,12,9,43,57,21,84,102,115,11,79,1,65" hai2="64,103,38,61,66,106,126,125,104,5,19,93,41" hai3="78,68,97,51,32,96,74,83,114,20,108,60,31"/><T72/><D118/><U29/><E115/><V116/><F116/><W130/><G114/><T48/><D113/><U88/><E1/><V111/><F5/><W95/><G32/><T22/><D15/><U4/><E102/><V18/><F111/><W119/><G108/><T0/><D0/><U8/><E79/><V69/><F38/><W99/><G119/><T70/><D70/><U117/><E43/><V7/><F7/><W86/><G130/><T127/><D67/><U63/><E117/><V131/><F41/><W46/><G60/><T98/><D23/><U133/><E133/><V36/><F36/><W45/><G68/><T132/><D132/><U62/><E62/><V3/><F3/><W49/><G20/><T24/><D24/><N who="1" m="16527" /><E4/><V120/><F120/><W13/><G13/><T85/><D98/><U34/><E34/><V80/><F80/><AGARI ba="0,0" hai="8,9,11,12,14,57,63,65,80,84,88" m="16527" machi="80" ten="30,2000,0" yaku="8,1,54,1" doraHai="135" who="1" fromWho="2" sc="250,0,250,20,250,-20,250,0" /><INIT seed="1,0,0,5,0,0" ten="250,270,230,250" oya="1" hai0="127,122,8,34,120,41,111,60,5,65,106,109,55" hai1="73,17,36,38,15,83,42,22,49,78,113,64,90" hai2="103,28,47,124,52,116,133,66,44,76,88,132,43" hai3="27,118,81,3,32,50,77,10,121,80,39,48,112"/><U104/><E113/><V6/><F116/><W51/><G112/><T123/><D106/><U96/><E64/><V53/><F103/><W110/><G121/><T13/><D41/><U107/><E107/><V86/><F76/><W11/><G118/><T23/><D34/><U94/><REACH who="1" step="1"/><E104/><REACH who="1" step="2"/><V69/><F124/><W105/><G105/><T129/><D127/><U35/><E35/><V63/><F28/><W21/><G32/><T62/><D129/><U61/><E61/><V7/><F47/><AGARI ba="0,1" hai="15,17,22,36,38,42,47,49,73,78,83,90,94,96" machi="47" ten="40,7700,0" yaku="1,1,53,2" doraHai="0" doraHaiUra="68" who="1" fromWho="2" sc="250,0,260,87,230,-77,250,0" /><INIT seed="1,1,0,3,5,124" ten="250,347,153,250" oya="1" hai0="41,99,45,133,122,6,79,123,100,110,69,28,117" hai1="27,90,13,92,121,112,57,34,21,35,17,135,9" hai2="83,22,46,107,132,2,97,30,73,126,120,3,93" hai3="84,134,63,104,85,67,102,108,38,111,29,105,25"/><U116/><E121/><V128/><F120/><W1/><G1/><T130/><D69/><U119/><E112/><V88/><F126/><W32/><G38/><T56/><D117/><U80/><E80/><V15/><F132/><W75/><G75/><T23/><D79/><U10/><E135/><V78/><F46/><W109/><G134/><T89/><D133/><U96/><E9/><V74/><F74/><W66/><G66/><T7/><D110/><U129/><E34/><V50/><F50/><W114/><G114/><T77/><D77/><U61/><E35/><V54/><F54/><W26/><G26/><T60/><D89/><U4/><REACH who="1" step="1"/><E129/><REACH who="1" step="2"/><V70/><F128/><W95/><G95/><T33/><D130/><U86/><E86/><V71/><F107/><W98/><REACH who="3" step="1"/><G105/><REACH who="3" step="2"/><T94/><D123/><U68/><E68/><AGARI ba="1,2" hai="25,29,32,63,67,68,84,85,98,102,104,108,109,111" machi="68" ten="40,8000,1" yaku="1,1,2,1,25,2,14,1,53,0" doraHai="124" doraHaiUra="113" who="3" fromWho="1" sc="250,0,337,-83,153,0,240,103" /><INIT seed="2,0,0,1,4,125" ten="250,254,153,343" oya="2" hai0="105,59,31,129,27,74,75,4,32,119,57,112,123" hai1="113,121,66,135,82,19,6,30,3,104,118,124,126" hai2="56,134,115,40,0,36,8,7,53,116,101,26,77" hai3="23,63,85,92,54,20,28,76,97,44,51,21,102"/><V69/><F116/><W79/><G28/><T65/><D123/><U107/><E66/><V120/><F115/><W78/><G63/><T15/><D112/><U88/><E113/><V48/><F120/><W42/><G85/><T5/><D119/><U111/><E118/><V130/><F69/><W98/><G98/><T64/><D105/><U133/><E121/><V11/><F134/><N who="1" m="51209" /><E30/><V38/><F77/><W90/><REACH who="3" step="1"/><G42/><REACH who="3" step="2"/><T84/><D31/><U80/><E124/><V114/><F114/><W1/><G1/><T50/><D84/><U46/><E126/><V17/><F101/><AGARI ba="0,1" hai="20,21,23,44,51,54,76,78,79,90,92,97,101,102" machi="101" ten="40,2600,0" yaku="1,1,8,1,53,0" doraHai="125" doraHaiUra="55" who="3" fromWho="2" sc="250,0,254,0,153,-26,333,36" /><INIT seed="3,0,0,3,4,14" ten="250,254,127,369" oya="3" hai0="134,59,34,44,54,15,128,1,64,117,115,88,45" hai1="13,126,7,37,0,4,78,57,56,66,6,28,127" hai2="74,95,72,2,23,96,89,22,16,12,135,129,100" hai3="40,63,52,67,73,47,70,9,102,125,69,93,55"/><W97/><G73/><T91/><D1/><U62/><E37/><V94/><F2/><W108/><G125/><N who="1" m="47626" /><E0/><V30/><F135/><W77/><G108/><T43/><D34/><U50/><E28/><V105/><F129/><W51/><G77/><T86/><D117/><U107/><E107/><V130/><F130/><W123/><G123/><T36/><D128/><U133/><E133/><V104/><F105/><W71/><G9/><T112/><D134/><U39/><E39/><V31/><F95/><W116/><G116/><T79/><D64/><U27/><E27/><V82/><F82/><W124/><G124/><T17/><D44/><U75/><E78/><V110/><F110/><W131/><G131/><T29/><D29/><U121/><E75/><V103/><F103/><W111/><G111/><T119/><D119/><U60/><E50/><V81/><F23/><W19/><G19/><T41/><D41/><U25/><E25/><V58/><F58/><W48/><G40/><T101/><D101/><U46/><E46/><AGARI ba="0,0" hai="46,47,48,51,52,55,63,67,69,70,71,93,97,102" machi="46" ten="30,5800,0" yaku="7,1,9,1,54,1" doraHai="14" who="3" fromWho="1" sc="250,0,254,-58,127,0,369,58" /><INIT seed="3,1,0,2,1,65" ten="250,196,127,427" oya="3" hai0="37,55,72,18,82,119,21,61,115,74,120,131,68" hai1="15,80,73,130,13,1,52,104,48,121,34,92,50" hai2="90,53,78,85,45,19,64,77,9,67,87,103,106" hai3="25,89,124,36,56,88,109,11,29,51,111,123,114"/><W14/><G36/><T43/><D119/><U30/><E1/><V95/><F106/><W69/><G123/><T108/><D108/><N who="3" m="41545" /><G124/><T81/><D115/><U99/><E121/><V98/><F103/><W133/><G133/><T39/><D131/><U47/><E104/><V116/><F116/><W101/><G101/><T75/><D120/><U41/><E130/><V63/><F67/><W20/><G69/><T132/><D132/><U86/><E73/><V12/><F85/><W7/><G114/><T28/><D28/><U44/><E30/><V16/><F19/><W107/><G107/><T118/><D118/><U62/><E62/><V42/><F53/><AGARI ba="1,0" hai="7,11,14,20,25,29,51,53,56,88,89" m="41545" machi="53" ten="30,5800,0" yaku="14,1,10,1,54,1" doraHai="65" who="3" fromWho="2" sc="250,0,196,0,127,-61,427,61" /><INIT seed="3,2,0,1,2,71" ten="250,196,66,488" oya="3" hai0="10,116,53,105,18,67,109,17,30,107,57,59,81" hai1="35,106,26,50,51,9,29,95,123,101,97,31,8" hai2="32,87,124,64,0,135,22,88,62,126,47,58,119" hai3="93,102,114,85,5,108,90,132,37,75,72,69,121"/><W94/><G69/><T98/><D109/><U54/><E123/><V11/><F119/><W2/><G5/><T80/><D30/><U41/><E31/><V14/><F32/><W113/><G2/><T86/><D86/><U117/><E117/><V91/><F0/><W84/><G37/><T61/><D98/><U25/><E106/><V129/><F22/><W34/><G34/><T130/><D116/><U127/><E127/><N who="2" m="48683" /><F135/><W56/><G56/><T125/><D125/><U40/><E26/><V45/><F129/><W82/><G121/><T134/><D130/><U1/><E1/><V60/><F60/><W70/><G70/><T46/><D46/><N who="2" m="17418" /><F87/><W68/><G68/><T63/><D134/><U13/><E8/><V38/><F38/><W21/><G21/><T7/><D10/><U33/><E33/><V55/><F64/><W100/><G132/><T76/><D67/><U111/><E111/><V4/><AGARI ba="2,0" hai="4,11,14,55,58,62,88,91" m="17418,48683" machi="4" ten="30,2000,0" yaku="18,1,54,1" doraHai="71" who="2" fromWho="2" sc="250,-7,196,-7,66,26,488,-12" /><INIT seed="4,0,0,1,1,101" ten="243,189,92,476" oya="0" hai0="36,63,71,65,27,41,133,70,10,73,54,79,18" hai1="95,38,40,44,100,117,33,87,1,119,109,131,94" hai2="45,2,111,12,132,93,58,85,66,35,5,52,48" hai3="118,7,14,13,50,112,123,84,96,26,6,11,108"/><T72/><D133/><U114/><E33/><V16/><F16/><W92/><G108/><T88/><D70/><U116/><E1/><V121/><F111/><W34/><G112/><T24/><D36/><U31/><E109/><V78/><F132/><W104/><G118/><T15/><D41/><U105/><E31/><V86/><F121/><W74/><G74/><T82/><D73/><U53/><E131/><V102/><F2/><W126/><G126/><T25/><D54/><U29/><E29/><V120/><F35/><W46/><G84/><T64/><D64/><U4/><E4/><V3/><F120/><W115/><G115/><T57/><D71/><U68/><E68/><V59/><F3/><W39/><G39/><T22/><REACH who="0" step="1"/><D88/><REACH who="0" step="2"/><U124/><E114/><V23/><F52/><W106/><G123/><T47/><D47/><U107/><E53/><V67/><F45/><W56/><G56/><T128/><D128/><U90/><REACH who="1" step="1"/><E124/><REACH who="1" step="2"/><V129/><F67/><W75/><G75/><T113/><D113/><U81/><E81/><V17/><F66/><W55/><G92/><T8/><AGARI ba="0,2" hai="8,10,15,18,22,24,25,27,57,63,65,72,79,82" machi="8" ten="30,3000,0" yaku="1,1,0,1,53,0" doraHai="101" doraHaiUra="98" who="0" fromWho="0" sc="233,50,179,-10,92,-10,476,-10" /><INIT seed="4,1,0,3,5,8" ten="283,169,82,466" oya="0" hai0="109,27,111,2,63,31,29,115,84,38,99,81,25" hai1="124,52,98,9,61,73,53,105,110,92,28,34,41" hai2="20,30,0,36,132,104,10,54,59,5,72,68,134" hai3="133,129,107,77,47,130,7,12,49,51,102,131,65"/><T121/><D38/><U69/><E110/><V26/><F104/><W43/><G133/><N who="2" m="51305" /><F72/><W50/><G77/><T1/><D99/><U76/><E41/><V13/><F68/><W86/><G86/><T108/><D63/><U100/><E124/><V11/><F36/><W15/><G7/><T67/><D67/><U39/><E39/><V64/><F59/><W119/><G119/><T122/><D81/><U6/><E76/><V118/><F54/><W89/><G65/><T91/><D84/><U3/><E73/><V120/><F64/><W117/><G117/><T40/><D91/><U37/><E92/><V106/><F118/><W14/><G89/><T85/><D85/><U57/><E37/><V87/><F106/><W55/><G55/><T42/><D109/><U126/><E53/><V80/><F80/><W83/><G83/><T70/><REACH who="0" step="1"/><D115/><REACH who="0" step="2"/><U19/><E61/><V128/><F87/><W45/><G43/><T4/><D4/><U93/><E6/><N who="2" m="3287" /><F128/><W103/><G107/><T94/><D94/><U82/><E93/><V16/><F120/><W35/><G35/><T95/><D95/><U127/><E105/><V74/><F74/><W90/><G90/><T79/><D79/><U46/><E126/><V114/><F114/><W17/><G17/><AGARI ba="1,1" hai="0,5,11,16,17,20,26,30" m="3287,51305" machi="17" ten="30,8000,1" yaku="20,1,34,2,52,1,54,1" doraHai="8" who="2" fromWho="3" sc="273,0,169,0,82,93,466,-83" /><INIT seed="5,0,0,4,1,74" ten="273,169,175,383" oya="1" hai0="109,35,86,30,111,57,58,108,48,62,42,28,64" hai1="40,4,83,36,2,16,66,32,38,3,101,31,37" hai2="100,5,44,120,67,70,59,61,107,130,24,106,69" hai3="53,50,21,118,54,51,124,87,18,92,89,60,71"/><U115/><E115/><V105/><F120/><W47/><G124/><T94/><D35/><U1/><E40/><V117/><F117/><W131/><G131/><T82/><D94/><U55/><E66/><V97/><F130/><W33/><G33/><T72/><D72/><U119/><E119/><V127/><F127/><W25/><G118/><T104/><D104/><U103/><E4/><V27/><F5/><W80/><G71/><T39/><D39/><U26/><E55/><V88/><F44/><W113/><G113/><T77/><REACH who="0" step="1"/><D58/><REACH who="0" step="2"/><U65/><E83/><V126/><F126/><W17/><G60/><T52/><D52/><U15/><REACH who="1" step="1"/><E65/><REACH who="1" step="2"/><V135/><F135/><W90/><G53/><T78/><D78/><U102/><E102/><V56/><F70/><W20/><G54/><T68/><D68/><U99/><E99/><V8/><F100/><W11/><G47/><AGARI ba="0,2" hai="28,30,42,47,48,57,62,64,77,82,86,108,109,111" machi="47" ten="40,2600,0" yaku="1,1,52,1,53,0" doraHai="74" doraHaiUra="91" who="0" fromWho="3" sc="263,46,159,0,175,0,383,-26" /><INIT seed="6,0,0,3,0,42" ten="309,159,175,357" oya="2" hai0="14,50,104,120,29,82,1,117,9,133,35,128,102" hai1="59,7,74,58,56,135,64,40,53,112,121,18,94" hai2="15,51,76,57,36,123,12,16,111,87,13,2,34" hai3="55,6,24,5,134,71,75,65,118,69,79,124,72"/><V41/><F123/><W92/><G118/><T48/><D120/><U22/><E121/><V77/><F2/><W26/><G92/><T81/><D1/><U45/><E74/><V106/><F34/><W108/><G55/><T85/><D128/><U54/><E112/><V99/><F106/><W66/><G79/><T95/><D133/><U86/><E135/><V84/><F36/><W93/><G93/><T100/><D104/><U131/><E131/><V101/><F111/><W67/><G134/><T25/><D117/><U115/><E115/><V119/><F119/><W27/><G124/><T28/><D28/><U17/><E64/><V62/><F101/><W83/><G83/><T70/><D70/><U44/><E7/><N who="3" m="2570" /><G108/><T89/><D82/><U43/><E94/><V109/><F99/><W21/><G21/><T49/><REACH who="0" step="1"/><D81/><REACH who="0" step="2"/><U110/><E110/><V63/><F109/><W33/><G33/><T114/><D114/><U125/><E125/><V73/><F73/><AGARI ba="0,1" hai="24,26,27,65,66,67,69,71,72,73,75" m="2570" machi="73" ten="40,2600,0" yaku="28,2" doraHai="42" who="3" fromWho="2" sc="299,0,159,0,175,-26,357,36" /><INIT seed="7,0,0,4,1,43" ten="299,159,149,393" oya="3" hai0="53,124,20,10,21,45,22,51,122,73,79,26,30" hai1="105,60,61,117,5,112,14,75,49,95,11,134,87" hai2="74,115,114,44,58,90,41,132,67,17,34,37,71" hai3="123,72,4,86,7,135,131,12,92,106,59,29,64"/><W32/><G86/><T2/><D122/><U109/><E109/><V101/><F74/><W15/><G59/><T63/><D124/><U118/><E105/><V0/><F34/><W133/><G64/><T33/><D73/><U28/><E75/><V76/><F0/><W94/><G72/><T19/><D79/><U82/><E112/><N who="2" m="43051" /><F76/><W57/><G57/><T48/><D63/><U84/><E134/><V56/><F101/><W97/><G131/><T91/><D91/><N who="1" m="53759" /><E49/><V50/><F90/><W116/><G116/><N who="1" m="44650" /><E28/><V62/><F17/><W8/><G123/><T89/><D89/><AGARI ba="0,0" hai="5,11,14,60,61,82,84,89" m="44650,53759" machi="89" ten="30,1000,0" yaku="12,1" doraHai="43" who="1" fromWho="0" sc="299,-10,159,10,149,0,393,0" owari="289,9,169,-23,149,-35,393,49" /></mjloggm>