<mjloggm ver="2.3"><GO type="97"/><UN n0="%E3%82%A6%E3%83%AB%E3%83%88%E3%83%A9%E7%AB%8B%E7%9B%B4" n1="%E9%B7%B9%EF%BC%93" n2="%72%65%6F%73%74%6F%63%6B" n3="%64%65%63%5F%73%6F%72%64" dan="13,13,14,14" rate="1813,2069,1867,1971" sx="M,M,M,M"/><TAIKYOKU oya="0"/><INIT seed="0,0,0,2,1,10" ten="250,250,250,250" oya="0" hai0="47,85,15,118,27,41,32,17,35,29,120,38,11" hai1="28,55,90,132,0,33,117,107,31,86,6,110,36" hai2="129,116,13,50,45,53,7,108,77,2,34,128,40" hai3="97,119,81,92,12,127,25,63,93,30,101,135,68" shuffle="mt19937ar,0950FCBB,0E5E8A7C,7CA63384,95CD6C95,82BDD1BD,A0639950,0BDB61A5,902E1C40"/><T121/><D118/><U67/><E117/><V54/><F34/><W94/><G119/><T46/><D35/><U66/><E36/><V87/><F116/><W130/><G127/><T134/><D134/><U114/><E114/><V113/><F2/><W72/><G135/><T23/><D85/><U22/><E132/><V88/><F113/><W5/><G130/><N who="2" m="50281" /><F77/><W133/><G133/><T19/><REACH who="0" step="1"/><D47/><REACH who="0" step="2"/><U14/><E86/><V69/><F108/><W4/><G72/><T16/><D16/><U73/><E33/><V96/><F96/><W58/><G68/><T62/><D62/><U100/><E73/><V56/><F69/><W80/><G97/><T78/><D78/><U111/><E111/><V26/><F56/><W123/><G101/><T84/><D84/><U20/><E110/><V18/><F7/><N who="3" m="2635" /><G123/><T95/><D95/><U106/><E107/><V75/><F75/><W126/><G126/><T71/><D71/><U89/><E106/><V57/><F57/><W49/><G49/><T115/><D115/><U82/><E82/><N who="2" m="49271" /><F26/><AGARI ba="0,1" hai="11,15,17,19,23,26,27,29,32,38,41,46,120,121" machi="26" ten="30,11600,0" yaku="1,1,7,1,52,1,53,1" doraHai="10" doraHaiUra="42" who="0" fromWho="2" sc="240,126,250,0,250,-116,250,0" /><INIT seed="0,1,0,2,5,25" ten="366,250,134,250" oya="0" hai0="79,95,36,17,57,112,129,34,127,3,51,98,107" hai1="119,90,99,12,61,56,96,85,124,84,81,14,49" hai2="89,82,115,19,24,67,118,63,132,64,83,70,1" hai3="39,111,76,58,131,32,8,44,20,30,47,72,45" shuffle="mt19937ar,E18A7C7C,43189D76,8CD34820,92C3684E,64F0550E,15A0690B,209E9643,F9B06721"/><T103/><D36/><U13/><E124/><V92/><F1/><W37/><G111/><T87/><D3/><U5/><E119/><V128/><F115/><W105/><G105/><T43/><D34/><U46/><E5/><V7/><F118/><W71/><G131/><T109/><D112/><U101/><E85/><V93/><F7/><W74/><G32/><T27/><D127/><U41/><REACH who="1" step="1"/><E101/><REACH who="1" step="2"/><V18/><F128/><W80/><G72/><T42/><D129/><U126/><E126/><V91/><F132/><W9/><G39/><T62/><D109/><U106/><E106/><V33/><F33/><W108/><G37/><T55/><D107/><U73/><E73/><V68/><F24/><N who="3" m="16647" /><G108/><T21/><D87/><U122/><E122/><V97/><REACH who="2" step="1"/><F63/><REACH who="2" step="2"/><W11/><G74/><T6/><D6/><U26/><E26/><V104/><F104/><W75/><G75/><T100/><D62/><U65/><AGARI ba="1,2" hai="12,13,14,41,46,49,56,61,65,81,84,90,96,99" machi="65" ten="30,4000,0" yaku="1,1,0,1,8,1,53,0" doraHai="25" doraHaiUra="69" who="1" fromWho="1" sc="366,-21,240,63,124,-11,250,-11" /><INIT seed="1,0,0,1,3,72" ten="345,303,113,239" oya="1" hai0="23,84,92,38,109,102,65,95,117,9,71,82,44" hai1="56,132,41,1,76,66,35,36,125,21,37,14,74" hai2="50,126,5,19,103,46,123,32,93,121,80,16,61" hai3="88,47,108,120,113,31,20,77,33,30,24,57,127" shuffle="mt19937ar,192497E9,97838882,3BDE266C,C268EE20,BC8C68F4,BB64FE88,1082A094,DE931CA6"/><U11/><E125/><V4/><F32/><W45/><G120/><T134/><D117/><U2/><E132/><V59/><F126/><W118/><G127/><T79/><D71/><U128/><E35/><V68/><F68/><W69/><G69/><T96/><D65/><U25/><E128/><V110/><F110/><W27/><G113/><T22/><D109/><U104/><E104/><V60/><F123/><W67/><G118/><T0/><D134/><U53/><E66/><N who="2" m="39199" /><F121/><W91/><G108/><T131/><D131/><U40/><E37/><V111/><F61/><W58/><G77/><T73/><D92/><U90/><E36/><V85/><F103/><W115/><G115/><T43/><D84/><U89/><E2/><V122/><F111/><W8/><G8/><T39/><D39/><U98/><E1/><V130/><F93/><W97/><G33/><T6/><AGARI ba="0,0" hai="0,6,9,22,23,38,43,44,73,79,82,95,96,102" machi="6" ten="30,7900,0" yaku="0,1,25,2,52,1" doraHai="72" who="0" fromWho="0" sc="345,79,303,-39,113,-20,239,-20" /><INIT seed="2,0,0,3,1,8" ten="424,264,93,219" oya="2" hai0="60,114,118,116,55,69,113,40,14,27,133,47,75" hai1="38,132,70,90,91,62,48,59,80,105,29,98,28" hai2="5,43,115,50,35,54,123,101,121,78,120,9,81" hai3="128,26,16,10,83,30,25,127,87,74,96,108,97" shuffle="mt19937ar,551CA160,C7C3B964,4FE0FEE7,E0D958E6,D4899A02,AF0DC149,FC588F68,1C440736"/><V32/><F115/><N who="0" m="44042" /><D75/><U15/><E132/><V79/><F101/><W22/><G74/><T3/><D3/><U92/><E38/><V49/><F43/><W86/><G108/><T106/><D106/><U109/><E109/><V94/><F94/><W61/><G127/><T117/><D27/><U0/><E0/><V129/><F129/><W110/><G128/><T57/><D14/><U103/><E70/><V36/><F36/><W11/><G110/><T102/><D102/><U63/><E48/><V19/><F19/><W64/><G87/><T126/><D126/><U6/><E105/><V12/><F50/><W23/><G97/><T135/><D69/><U13/><E6/><V134/><F79/><W21/><G21/><T41/><D41/><U56/><E103/><V53/><F53/><W67/><G96/><T66/><D55/><U131/><E131/><V44/><REACH who="2" step="1"/><F134/><REACH who="2" step="2"/><W72/><G61/><T45/><D45/><U111/><E111/><V76/><F76/><N who="3" m="46439" /><G72/><AGARI ba="0,1" hai="5,9,12,32,35,44,49,54,72,78,81,120,121,123" machi="72" ten="40,3900,0" yaku="1,1,52,1,53,0" doraHai="8" doraHaiUra="130" who="2" fromWho="3" sc="424,0,264,0,83,49,219,-39" /><INIT seed="2,1,0,0,1,81" ten="424,264,132,180" oya="2" hai0="50,76,58,97,7,64,55,86,47,25,102,127,87" hai1="70,101,123,61,117,20,91,89,23,38,42,118,111" hai2="128,110,46,99,57,63,35,30,67,16,40,4,103" hai3="104,72,131,129,132,96,43,19,83,134,53,1,108" shuffle="mt19937ar,B4605F52,9B566EAF,BD7B664C,B7D70D3F,6E7CFFE2,D08F3664,F170A78C,77423AF2"/><V33/><F128/><N who="3" m="49227" /><G1/><T21/><D127/><U41/><E111/><V106/><F4/><W3/><G3/><T11/><D76/><U77/><E101/><V28/><F110/><W18/><G43/><T133/><D133/><N who="3" m="51305" /><G108/><T5/><D5/><U93/><E42/><V22/><F35/><W44/><G44/><T85/><D7/><U107/><E41/><V109/><F33/><W36/><G36/><T0/><D11/><U79/><E38/><V115/><F115/><W24/><G53/><T98/><D0/><U92/><E107/><V120/><F120/><W65/><G65/><T29/><D102/><U95/><E70/><V121/><F121/><W116/><G116/><T125/><D125/><U62/><E95/><V54/><F67/><W26/><G83/><T2/><D2/><U90/><E123/><V52/><F54/><W14/><G72/><T39/><D39/><U71/><E71/><V88/><F88/><W8/><G19/><T6/><D6/><U74/><E91/><V27/><REACH who="2" step="1"/><F109/><REACH who="2" step="2"/><W45/><G45/><T130/><D130/><U56/><E90/><V12/><F12/><W59/><G59/><T113/><D113/><U73/><E89/><V34/><F34/><W32/><G32/><T126/><D126/><U66/><E66/><V15/><F15/><W9/><G9/><T49/><D64/><U100/><E100/><AGARI ba="1,1" hai="8,14,18,24,26,96,100,104" m="51305,49227" machi="100" ten="30,2000,0" yaku="19,1,20,1" doraHai="81" who="3" fromWho="1" sc="424,0,264,-23,122,0,180,33" /><INIT seed="3,0,0,0,1,129" ten="424,241,122,213" oya="3" hai0="33,18,23,50,61,22,25,36,131,119,84,31,91" hai1="79,2,128,9,103,70,40,76,124,114,99,118,41" hai2="94,27,32,66,74,3,85,1,20,127,88,60,120" hai3="77,106,123,45,7,86,5,92,53,71,30,59,93" shuffle="mt19937ar,DBE9A5D2,55619A44,E940F661,F4A8E03C,332E6508,A9CFA3E2,F442C45B,7BB8EC3F"/><W19/><G123/><T64/><D36/><U26/><E70/><V13/><F74/><W35/><G106/><T72/><D72/><U98/><E124/><V82/><F120/><W4/><G71/><T116/><D131/><U65/><E128/><V126/><F32/><W63/><G35/><T102/><D102/><U49/><E118/><V115/><F115/><W122/><G122/><T96/><D96/><U108/><E114/><V8/><F126/><W62/><G30/><T10/><D50/><U101/><E108/><V109/><F82/><N who="3" m="47439" /><G45/><T28/><D10/><U110/><E110/><V47/><F47/><W97/><G97/><T51/><D51/><U24/><E65/><V16/><F109/><W105/><G105/><T44/><D44/><U57/><E57/><V81/><F81/><W46/><G46/><T89/><D33/><U55/><E2/><V121/><F127/><W12/><G63/><T69/><D31/><U0/><E0/><V87/><F87/><W68/><G68/><T134/><D119/><U107/><E9/><AGARI ba="0,0" hai="4,5,7,9,12,19,53,59,62,92,93" m="47439" machi="9" ten="30,1500,0" yaku="8,1" doraHai="129" who="3" fromWho="1" sc="424,0,241,-15,122,0,213,15" /><INIT seed="3,1,0,0,0,40" ten="424,226,122,228" oya="3" hai0="3,29,1,85,98,73,18,75,5,21,31,8,121" hai1="0,83,80,64,127,97,15,120,57,133,2,103,66" hai2="91,101,117,118,72,88,42,84,49,92,34,79,107" hai3="135,105,95,13,112,108,130,48,82,10,129,96,90" shuffle="mt19937ar,B98A89DA,430FDD6A,5AF4DE68,49328510,D6B40214,1399380A,28CFFEEA,70B4DE29"/><W24/><G112/><T62/><D75/><U81/><E120/><V122/><F34/><W87/><G105/><T106/><D73/><U12/><E127/><V53/><F42/><W74/><G74/><T67/><D1/><U109/><E109/><V4/><F122/><W60/><G135/><T114/><D121/><U14/><E133/><V58/><F4/><W27/><G108/><T25/><D114/><U126/><E126/><V50/><F91/><W125/><G125/><T44/><D44/><U56/><E103/><V69/><F69/><W28/><G60/><T54/><D54/><U11/><E97/><V41/><F41/><W102/><G28/><T22/><D85/><U99/><E99/><V47/><F50/><W17/><REACH who="3" step="1"/><G48/><REACH who="3" step="2"/><T39/><D106/><U63/><E11/><V9/><F117/><W43/><G43/><T119/><D119/><U110/><E110/><V116/><F118/><W78/><G78/><T45/><D31/><U89/><E89/><V38/><F116/><W104/><G104/><T68/><D29/><U52/><E52/><V86/><F79/><W7/><G7/><T71/><D62/><AGARI ba="1,1" hai="0,2,12,14,15,56,57,62,63,64,66,80,81,83" machi="62" ten="40,1300,0" yaku="9,1" doraHai="40" who="1" fromWho="0" sc="424,-16,226,26,122,0,218,0" owari="408,41,252,0,122,-28,218,-13" /></mjloggm>