<mjloggm ver="2.3"><GO type="41"/><UN n0="%73%75%6D%32%32%35%35" n1="%E5%A4%AA%E9%99%BD%E3%81%AE%E7%94%B3%E3%81%97%E5%AD%90" n2="%67%69%6A%79%75%74%75" n3="%E3%82%A6%E3%83%AB%E3%83%88%E3%83%A9%E7%AB%8B%E7%9B%B4" dan="15,13,15,13" rate="1991,1871,1976,1890" sx="M,M,M,M"/><TAIKYOKU oya="0"/><INIT seed="0,0,0,3,4,132" ten="250,250,250,250" oya="0" hai0="43,57,130,33,59,90,0,35,110,31,23,83,25" hai1="51,20,111,29,125,120,5,86,55,17,52,72,4" hai2="47,41,117,108,14,85,77,15,3,79,92,89,91" hai3="69,128,37,123,100,22,97,98,39,10,53,115,40"/><T78/><D0/><U76/><E72/><V18/><F3/><W45/><G22/><T2/><D2/><U7/><E120/><V127/><F108/><W107/><G10/><T13/><D43/><U80/><E111/><V124/><F117/><W61/><G98/><T28/><D130/><U16/><E125/><N who="2" m="48203" /><F91/><W38/><G97/><T54/><D90/><U103/><E103/><V1/><F1/><W121/><G100/><T119/><D119/><U73/><E73/><V75/><F75/><W42/><G107/><T66/><D110/><U64/><E64/><V129/><F129/><W122/><G128/><T65/><D59/><N who="1" m="33183" /><E55/><V21/><F14/><W109/><G109/><T105/><D13/><U88/><E76/><V12/><F15/><W82/><G82/><T113/><D105/><U68/><E68/><V27/><F27/><AGARI ba="0,0" hai="4,5,7,16,17,20,27,29,80,86,88" m="33183" machi="27" ten="30,7700,0" yaku="8,1,54,3" doraHai="132" who="1" fromWho="2" sc="250,0,250,77,250,-77,250,0" /><INIT seed="1,0,0,1,3,98" ten="250,327,173,250" oya="1" hai0="61,63,95,3,132,110,16,12,86,8,65,64,91" hai1="118,26,135,1,134,15,77,84,96,13,41,99,75" hai2="4,53,51,92,122,113,17,57,103,11,97,76,38" hai3="9,71,0,58,69,94,10,49,127,55,30,108,50"/><U129/><E75/><V48/><F122/><W73/><G73/><T25/><D110/><U62/><E1/><V125/><F38/><W124/><G30/><T7/><D132/><N who="1" m="50731" /><E118/><V82/><F125/><W37/><G94/><T45/><D45/><U100/><E96/><V105/><F113/><W74/><G74/><T115/><D115/><U101/><E99/><V123/><F123/><W59/><G0/><T32/><D65/><U33/><E41/><V28/><F28/><W85/><G85/><T36/><D36/><U112/><E112/><V5/><F17/><W18/><G37/><T46/><D46/><U42/><E42/><V54/><F11/><W44/><G44/><T79/><D79/><U52/><E26/><V83/><F105/><W130/><G18/><T87/><D64/><U35/><E15/><V24/><F24/><W126/><G10/><T21/><D86/><U121/><E13/><V67/><F67/><W40/><G9/><T6/><D6/><N who="2" m="2666" /><F76/><W90/><G40/><T2/><REACH who="0" step="1"/><D3/><REACH who="0" step="2"/><U102/><E121/><V68/><F68/><W80/><G71/><T43/><D43/><U93/><E129/><V133/><F133/><W131/><G69/><T128/><D128/><U19/><E77/><V14/><F14/><W29/><G131/><T106/><D106/><U34/><E19/><V60/><F60/><W111/><G130/><T89/><D89/><N who="1" m="53415" /><E62/><V81/><F53/><AGARI ba="0,1" hai="33,34,35,52,53,100,101,102" m="53415,50731" machi="53" ten="40,12000,1" yaku="20,1,52,3,54,1" doraHai="98" who="1" fromWho="2" sc="240,0,327,130,173,-120,250,0" /><INIT seed="1,1,0,2,0,119" ten="240,457,53,250" oya="1" hai0="81,83,39,135,133,46,104,97,13,53,36,112,59" hai1="92,35,130,3,88,63,29,78,4,118,32,56,66" hai2="52,98,40,16,9,34,64,67,48,124,123,71,73" hai3="30,17,12,85,55,10,14,41,18,5,22,21,38"/><U114/><E118/><V106/><F73/><W76/><G41/><T45/><D112/><U44/><E114/><V113/><F113/><W50/><G38/><T108/><D13/><U99/><E130/><V27/><F124/><W82/><G30/><T120/><D108/><U93/><E78/><V37/><F71/><W131/><G131/><T60/><D46/><U101/><E44/><V111/><F40/><W91/><G5/><T2/><D2/><U102/><E102/><V116/><F37/><N who="0" m="14410" /><D45/><U103/><E103/><V15/><F111/><W110/><G110/><T47/><D47/><U127/><E127/><V117/><F117/><W100/><G100/><N who="0" m="62479" /><D83/><U89/><E101/><V74/><F116/><W42/><G42/><T96/><D81/><U126/><E126/><V84/><F48/><W25/><G50/><T79/><D96/><U51/><E51/><V90/><F98/><W134/><G55/><T23/><D23/><U8/><E29/><V0/><F52/><W80/><G80/><T62/><D79/><U28/><E28/><V19/><F15/><W65/><G76/><T61/><D53/><U122/><E89/><V105/><F0/><W132/><G65/><T58/><D58/><U49/><E93/><V11/><F64/><W77/><G77/><T7/><D59/><U68/><E49/><V72/><F67/><W31/><AGARI ba="1,0" hai="10,12,14,17,18,21,22,25,31,82,85,91,132,134" machi="31" ten="30,1100,0" yaku="0,1" doraHai="119" who="3" fromWho="3" sc="240,-4,457,-6,53,-4,250,14" /><INIT seed="2,0,0,3,1,129" ten="236,451,49,264" oya="2" hai0="108,38,126,31,66,111,44,17,7,75,63,62,45" hai1="109,23,79,13,48,50,89,32,116,46,69,37,52" hai2="15,78,95,77,42,64,117,91,56,85,14,86,41" hai3="119,12,112,58,104,33,26,1,43,103,61,24,8"/><V102/><F117/><W70/><G58/><T128/><D75/><U36/><E32/><V100/><F56/><W125/><G43/><T106/><D106/><U101/><E79/><V76/><F76/><W113/><G61/><T133/><D31/><U110/><E101/><V6/><F6/><W55/><G55/><T115/><D7/><U68/><E89/><V122/><F122/><W11/><G70/><N who="1" m="27242" /><E23/><V25/><F25/><W127/><G103/><T84/><D84/><U19/><E19/><V59/><F59/><W47/><G47/><N who="0" m="17995" /><D17/><U124/><E13/><V53/><F53/><W65/><G104/><T2/><D2/><U134/><E46/><V118/><F118/><W107/><G107/><T131/><D115/><U28/><E28/><V74/><F74/><W94/><G94/><T80/><D80/><U30/><E30/><V57/><F57/><W98/><G98/><T92/><D92/><U97/><E97/><V90/><REACH who="2" step="1"/><F95/><REACH who="2" step="2"/><W82/><G119/><T130/><D38/><U21/><E116/><V10/><F10/><W39/><G39/><T60/><D66/><AGARI ba="0,1" hai="14,15,41,42,64,66,77,78,85,86,90,91,100,102" machi="66" ten="25,9600,0" yaku="1,1,22,2,8,1,53,0" doraHai="129" doraHaiUra="54" who="2" fromWho="0" sc="236,-96,451,0,39,106,264,0" /><INIT seed="2,1,0,5,5,110" ten="140,451,145,264" oya="2" hai0="72,18,27,37,61,45,80,88,48,50,96,134,97" hai1="121,117,93,3,112,19,62,49,133,53,23,9,46" hai2="67,111,68,81,118,83,114,47,116,44,66,22,123" hai3="35,25,52,95,34,104,65,101,132,6,103,20,70"/><V126/><F111/><W29/><G132/><T78/><D37/><U2/><E117/><V119/><F119/><W54/><G6/><T41/><D134/><U14/><E133/><V125/><F22/><W26/><G95/><T86/><D61/><U51/><E121/><V77/><F77/><W87/><G87/><T100/><D50/><U7/><E62/><V102/><F102/><W130/><G20/><T55/><D41/><U24/><E112/><V33/><F33/><W115/><G130/><T1/><D1/><U127/><E127/><V107/><F107/><W105/><G29/><T113/><D113/><U59/><E93/><V42/><F42/><AGARI ba="1,0" hai="2,3,7,9,14,19,23,24,42,46,49,51,53,59" machi="42" ten="30,1000,0" yaku="7,1" doraHai="110" who="1" fromWho="2" sc="140,0,451,13,145,-13,264,0" /><INIT seed="3,0,0,5,2,53" ten="140,464,132,264" oya="3" hai0="105,130,135,71,88,75,100,70,21,8,26,30,118" hai1="31,108,78,67,9,106,99,132,4,97,119,123,66" hai2="16,127,33,11,25,55,61,1,69,39,91,74,45" hai3="29,22,121,12,15,38,90,117,111,43,76,79,89"/><W116/><G43/><T72/><D118/><U114/><E114/><V80/><F127/><W36/><G22/><T23/><D135/><U3/><E119/><V129/><F129/><W85/><G85/><T40/><D40/><U92/><E123/><V2/><F39/><W103/><G29/><T126/><D8/><U87/><E132/><V24/><F33/><W109/><REACH who="3" step="1"/><G103/><REACH who="3" step="2"/><T42/><D42/><U34/><E31/><V68/><F11/><W18/><G18/><T49/><D21/><U73/><E87/><V86/><F16/><W35/><G35/><T50/><D130/><U57/><E34/><V96/><F86/><W0/><G0/><T59/><D126/><U47/><E9/><V48/><F1/><W20/><G20/><T110/><D75/><U128/><E73/><V37/><F2/><W120/><AGARI ba="0,1" hai="12,15,36,38,76,79,89,90,109,111,116,117,120,121" machi="120" ten="25,9600,0" yaku="1,1,0,1,22,2,53,0" doraHai="53" doraHaiUra="65" who="3" fromWho="3" sc="140,-32,464,-32,132,-32,254,106" /><INIT seed="3,1,0,2,0,8" ten="108,432,100,360" oya="3" hai0="120,33,123,132,48,64,70,105,75,68,37,40,88" hai1="9,51,96,90,32,107,5,34,10,13,101,93,79" hai2="50,1,77,14,80,69,98,54,45,6,17,36,61" hai3="27,122,23,12,124,0,15,25,24,103,116,71,22"/><W115/><G71/><T20/><D33/><U119/><E119/><V130/><F130/><W102/><G116/><T4/><D105/><U118/><E118/><V114/><F114/><W112/><G0/><T99/><D75/><U72/><E51/><V104/><F36/><W127/><REACH who="3" step="1"/><G27/><REACH who="3" step="2"/><T73/><D70/><U106/><E106/><V21/><F1/><W92/><G92/><T131/><D131/><U84/><E10/><V44/><F69/><W78/><G78/><T95/><D123/><AGARI ba="1,1" hai="12,15,22,23,24,25,102,103,112,115,122,123,124,127" machi="123" ten="25,12000,1" yaku="1,1,22,2,52,2,53,0" doraHai="8" doraHaiUra="42" who="3" fromWho="0" sc="108,-123,432,0,100,0,350,133" owari="-15,-52,432,23,100,-30,483,59" /></mjloggm>