<mjloggm ver="2.3"><GO type="41"/><UN n0="%E9%85%A2%E9%85%B8%E3%82%AB%E3%83%BC%E3%83%9F%E3%83%B3%E9%A7%85" n1="%E5%93%B2%E6%96%AC" n2="%E3%82%A6%E3%83%AB%E3%83%88%E3%83%A9%E7%AB%8B%E7%9B%B4" n3="%E3%81%8B%E3%82%8C%E3%81%84%E3%81%AA%E3%81%BB%E3%81%97" dan="13,13,13,15" rate="1850,1860,1841,1944" sx="M,M,M,M"/><TAIKYOKU oya="0"/><INIT seed="0,0,0,5,5,94" ten="250,250,250,250" oya="0" hai0="24,15,104,109,123,76,70,21,30,120,11,37,44" hai1="110,61,39,116,103,59,54,2,32,47,58,53,48" hai2="118,46,7,38,92,18,25,40,113,97,82,133,63" hai3="16,105,22,55,56,93,3,119,64,35,42,62,57"/><T36/><D70/><U13/><E116/><V130/><F113/><W83/><G35/><T112/><D112/><U72/><E2/><V69/><F118/><W10/><G105/><T129/><D129/><U51/><E72/><V89/><F130/><W19/><G119/><T17/><D109/><U77/><E77/><V71/><F133/><W73/><G3/><T75/><D104/><U52/><E32/><V29/><F7/><W66/><G73/><T50/><D76/><U135/><E110/><V95/><F82/><W87/><G42/><T43/><REACH who="0" step="1"/><D75/><REACH who="0" step="2"/><U86/><E135/><V111/><F111/><W4/><G4/><T99/><D99/><U128/><E128/><V23/><F69/><W101/><G10/><T85/><D85/><U65/><E86/><V78/><F78/><W88/><G83/><T122/><AGARI ba="0,1" hai="11,15,17,21,24,30,36,37,43,44,50,120,122,123" machi="122" ten="30,3000,0" yaku="1,1,0,1,53,0" doraHai="94" doraHaiUra="80" who="0" fromWho="0" sc="240,40,250,-10,250,-10,250,-10" /><INIT seed="0,1,0,3,1,20" ten="280,240,240,240" oya="0" hai0="19,110,40,85,96,134,26,65,82,123,68,121,43" hai1="15,90,98,41,29,109,60,81,101,33,94,6,128" hai2="125,51,131,91,35,87,34,67,77,73,59,27,53" hai3="86,129,92,31,36,37,71,97,80,50,11,74,0"/><T5/><D5/><U30/><E41/><V88/><F125/><W66/><G74/><T120/><D134/><U100/><E109/><V104/><F104/><W12/><G0/><T84/><D96/><U115/><E128/><V130/><F67/><W99/><G129/><N who="2" m="49161" /><F35/><W47/><G66/><T105/><D105/><U4/><E33/><V132/><F132/><W14/><G71/><T119/><D119/><U22/><E115/><V83/><F73/><W108/><G108/><T44/><D110/><U58/><E81/><V133/><F133/><W75/><G75/><T38/><D43/><U9/><E4/><V122/><F122/><W89/><G99/><T7/><D7/><U1/><E29/><AGARI ba="1,0" hai="27,29,34,51,53,59,77,83,87,88,91" m="49161" machi="29" ten="30,3900,0" yaku="19,1,52,1,54,1" doraHai="20" who="2" fromWho="1" sc="280,0,240,-42,240,42,240,0" /><INIT seed="1,0,0,1,5,133" ten="280,198,282,240" oya="1" hai0="14,63,34,30,109,72,76,115,112,53,93,104,124" hai1="48,67,100,17,44,21,7,131,24,39,20,57,122" hai2="47,110,59,81,16,61,108,6,52,92,114,56,134" hai3="126,123,55,96,49,79,78,43,22,118,80,23,91"/><U88/><E122/><V15/><F6/><W84/><G118/><T70/><D104/><U31/><E7/><V69/><F134/><W68/><G68/><T10/><D109/><N who="2" m="42090" /><F81/><W51/><G123/><T85/><D72/><U38/><E131/><V5/><F5/><W129/><G129/><T9/><D9/><U8/><E100/><V46/><F69/><W75/><G78/><T32/><D32/><U106/><E106/><V65/><F92/><W45/><G96/><T87/><D87/><U90/><E38/><V25/><F25/><W102/><G102/><T116/><D93/><U71/><E8/><N who="2" m="6247" /><F114/><W101/><G101/><T41/><D76/><U89/><E71/><V99/><F99/><W13/><G13/><T11/><D14/><N who="1" m="9271" /><E39/><V97/><F97/><W121/><G121/><T127/><D70/><U1/><E1/><V83/><F83/><W132/><G79/><T33/><D33/><U64/><E57/><V37/><F37/><W27/><G75/><T98/><D34/><U128/><E128/><V119/><F119/><W135/><G132/><T113/><D98/><U120/><E120/><V103/><F103/><W35/><G135/><T19/><D116/><U28/><E28/><V62/><AGARI ba="0,0" hai="46,47,52,56,59,61,62,65" m="6247,42090" machi="62" ten="30,4000,0" yaku="14,1,54,2" doraHai="133" who="2" fromWho="2" sc="280,-10,198,-20,282,40,240,-10" /><INIT seed="2,0,0,1,1,14" ten="270,178,322,230" oya="2" hai0="126,0,35,30,81,8,112,3,38,122,78,50,114" hai1="43,130,9,40,39,117,31,66,118,6,58,1,87" hai2="52,47,72,60,103,134,129,127,16,28,131,4,7" hai3="128,79,44,57,133,76,25,90,55,73,13,62,113"/><V48/><F72/><W109/><G113/><T15/><D38/><U19/><E31/><V96/><F28/><W23/><G133/><T54/><D122/><U115/><E115/><V5/><F60/><W91/><G128/><N who="2" m="49225" /><F127/><W123/><G123/><T65/><D65/><U64/><E130/><V17/><F134/><W89/><G73/><T26/><D126/><U69/><E69/><V70/><F70/><W82/><G82/><T120/><D120/><U27/><E43/><V24/><F24/><W88/><G13/><T110/><D110/><U132/><E132/><V56/><F56/><W61/><G61/><T36/><D36/><U51/><E39/><V125/><F125/><W74/><G74/><T22/><D114/><U86/><E118/><V108/><F108/><W95/><G109/><T67/><D67/><U83/><E117/><V59/><F59/><W101/><G44/><T105/><D35/><U18/><E86/><V12/><F12/><W119/><G119/><T20/><D20/><U111/><E111/><V77/><F77/><W107/><G107/><AGARI ba="0,0" hai="4,5,7,16,17,47,48,52,96,103,107" m="49225" machi="107" ten="30,12000,1" yaku="19,1,52,2,54,2" doraHai="14" who="2" fromWho="3" sc="270,0,178,0,322,120,230,-120" /><INIT seed="2,1,0,4,3,111" ten="270,178,442,110" oya="2" hai0="135,128,1,14,113,85,93,22,13,133,78,90,8" hai1="99,37,10,42,32,11,91,23,120,80,107,98,63" hai2="95,21,82,117,15,55,102,2,61,9,59,103,18" hai3="0,119,41,12,77,50,31,3,27,16,79,81,112"/><V54/><F117/><W96/><G119/><T87/><D1/><U58/><E32/><V86/><F2/><W69/><G69/><T123/><D123/><U20/><E120/><V106/><F106/><W68/><G68/><T104/><D104/><U127/><E107/><V66/><F103/><W108/><G108/><T97/><D128/><U40/><E37/><V121/><F121/><W126/><G126/><T84/><D78/><U17/><E127/><V88/><F9/><W92/><G77/><T6/><D22/><U53/><E80/><V124/><F124/><W71/><G71/><T76/><D76/><U45/><E45/><V52/><F102/><W114/><G0/><T89/><D14/><U131/><E131/><V57/><F82/><W100/><G3/><T132/><REACH who="0" step="1"/><D113/><REACH who="0" step="2"/><N who="3" m="43625" /><G79/><T118/><D118/><U24/><E23/><V49/><AGARI ba="1,1" hai="15,18,21,49,52,54,55,57,59,61,66,86,88,95" machi="49" ten="20,18000,2" yaku="0,1,7,1,25,2,8,1,54,2" doraHai="111" who="2" fromWho="2" sc="260,-61,178,-61,442,193,110,-61" /><INIT seed="2,2,0,2,1,7" ten="199,117,635,49" oya="2" hai0="120,11,16,60,78,98,57,4,104,12,2,0,32" hai1="27,100,123,101,85,102,94,40,118,59,67,28,35" hai2="109,17,130,76,31,55,134,65,44,13,58,113,46" hai3="129,30,127,117,50,80,103,47,23,125,8,72,42"/><V1/><F1/><W14/><G117/><T56/><D120/><U71/><E118/><V75/><F31/><W18/><G129/><T112/><D112/><U122/><E71/><V82/><F113/><W52/><G103/><T83/><D32/><U24/><E40/><V132/><F65/><W106/><G106/><T63/><D2/><U107/><E107/><V124/><F124/><N who="3" m="47691" /><G72/><T66/><D104/><U68/><E68/><V95/><F95/><W84/><G30/><T5/><D98/><U64/><E59/><V49/><F130/><W79/><G42/><T89/><D89/><U51/><E51/><V22/><F109/><W119/><G119/><T43/><D43/><U37/><E37/><V96/><F96/><W62/><G62/><T92/><D92/><U111/><E111/><V53/><F53/><W21/><AGARI ba="2,0" hai="8,14,18,21,23,47,50,52,79,80,84" m="47691" machi="21" ten="30,4000,0" yaku="18,1,52,1,54,1" doraHai="7" who="3" fromWho="3" sc="199,-12,117,-12,635,-22,49,46" /><INIT seed="3,0,0,1,2,102" ten="187,105,613,95" oya="3" hai0="63,74,98,64,97,9,50,106,57,42,67,72,62" hai1="32,4,110,47,39,66,89,130,85,82,23,28,127" hai2="27,55,16,84,80,92,59,46,30,91,87,120,111" hai3="132,68,103,0,125,117,94,40,113,109,2,128,101"/><W38/><RYUUKYOKU type="yao9" ba="0,0" sc="187,0,105,0,613,0,95,0" hai3="0,2,38,40,68,94,101,103,109,113,117,125,128,132" /><INIT seed="3,1,0,5,1,32" ten="187,105,613,95" oya="3" hai0="113,58,131,17,85,63,119,101,89,82,120,125,45" hai1="122,65,42,73,28,43,69,57,5,81,14,27,134" hai2="13,2,12,106,53,115,64,127,92,118,90,3,70" hai3="34,107,78,4,72,100,94,21,67,39,116,51,47"/><W16/><G116/><T108/><D119/><U48/><E122/><V112/><F53/><W22/><G34/><T117/><D117/><U97/><E69/><V110/><F118/><W1/><G107/><T15/><D120/><U128/><E97/><V132/><F90/><W11/><G39/><T95/><D108/><U66/><E134/><V74/><F92/><W62/><G22/><T8/><D125/><U37/><E128/><V87/><F87/><W104/><G104/><T6/><D45/><U9/><E37/><V7/><F7/><W86/><G72/><T83/><D131/><U76/><E43/><V114/><F106/><W35/><G35/><T54/><D101/><U18/><E18/><V109/><F74/><W121/><G121/><T124/><D124/><U98/><E98/><V55/><F55/><W126/><G126/><T20/><REACH who="0" step="1"/><D113/><REACH who="0" step="2"/><U61/><E66/><V33/><F127/><W52/><G100/><T0/><AGARI ba="1,1" hai="0,6,8,15,17,20,54,58,63,82,83,85,89,95" machi="0" ten="20,8000,1" yaku="1,1,2,1,0,1,7,1,52,1,53,0" doraHai="32" doraHaiUra="41" who="0" fromWho="0" sc="177,93,105,-21,613,-21,95,-41" /><INIT seed="4,0,0,0,2,71" ten="270,84,592,54" oya="0" hai0="34,79,41,53,50,111,33,63,54,118,60,119,94" hai1="10,134,7,116,100,22,12,30,77,70,95,8,56" hai2="24,72,19,115,108,110,62,49,105,68,113,97,128" hai3="16,55,14,32,29,92,99,6,4,51,124,21,58"/><T80/><D111/><U91/><E116/><V83/><F62/><W112/><G112/><N who="2" m="43081" /><F68/><W114/><G114/><T17/><D34/><U90/><E70/><V107/><F49/><W43/><G124/><T44/><D33/><U59/><E77/><N who="2" m="44455" /><F19/><W2/><G2/><T85/><D119/><U81/><E134/><V35/><F24/><W135/><G135/><T40/><D118/><U130/><E130/><V127/><F35/><W73/><G73/><T84/><D17/><U5/><E100/><V82/><F128/><W18/><G32/><T133/><D133/><U3/><E30/><V42/><F42/><N who="0" m="16490" /><D54/><U132/><E132/><V37/><F37/><W57/><G29/><T78/><D94/><U27/><E27/><V46/><F46/><W109/><G109/><T52/><D53/><U67/><E22/><V98/><F82/><AGARI ba="0,0" hai="44,50,52,60,63,78,79,80,82,84,85" m="16490" machi="82" ten="30,2900,0" yaku="8,1,54,1" doraHai="71" who="0" fromWho="2" sc="270,29,84,0,592,-29,54,0" /><INIT seed="4,1,0,3,0,89" ten="299,84,563,54" oya="0" hai0="24,70,132,78,126,50,130,52,2,112,121,12,61" hai1="99,28,37,46,39,42,40,106,87,127,25,97,94" hai2="59,133,23,10,91,76,131,111,134,38,0,56,13" hai3="53,32,83,119,85,1,26,84,101,21,135,109,34"/><T27/><D121/><U20/><E127/><V108/><F38/><W54/><G119/><T63/><D2/><U90/><REACH who="1" step="1"/><E106/><REACH who="1" step="2"/><V107/><F107/><W88/><G109/><T120/><D126/><U3/><E3/><V44/><F0/><W22/><G1/><T79/><D120/><U45/><AGARI ba="1,1" hai="20,25,28,37,39,40,42,45,46,87,90,94,97,99" machi="45" ten="30,8000,1" yaku="1,1,0,1,9,1,52,1,53,1" doraHai="89" doraHaiUra="81" who="1" fromWho="1" sc="299,-41,74,93,563,-21,54,-21" /><INIT seed="5,0,0,3,3,38" ten="258,167,542,33" oya="1" hai0="76,71,60,82,45,36,107,85,49,63,110,20,99" hai1="115,44,66,23,93,84,26,75,134,9,58,16,108" hai2="126,14,114,61,73,120,25,52,41,43,86,128,62" hai3="32,89,50,105,91,53,40,116,65,104,48,29,80"/><U100/><E75/><V127/><F73/><W2/><G116/><T28/><D110/><U1/><E108/><V103/><F103/><W39/><G2/><T96/><D36/><U129/><E115/><V101/><F101/><W72/><G72/><T87/><D87/><U8/><E1/><V31/><F120/><W122/><G122/><T22/><D107/><U55/><E134/><V95/><F14/><W46/><G65/><T88/><D22/><U7/><E7/><V24/><F128/><W37/><G32/><T98/><D76/><U13/><E129/><V5/><F5/><W132/><G29/><T11/><D11/><U35/><E35/><V92/><F114/><W12/><G132/><T0/><D0/><U111/><E111/><V30/><F86/><W42/><G12/><T106/><D71/><U64/><E44/><V97/><F52/><W135/><G135/><T17/><D28/><U67/><E13/><V18/><F18/><W69/><G53/><N who="0" m="29871" /><D106/><U118/><E118/><V54/><F54/><W15/><G15/><AGARI ba="0,0" hai="15,17,20,60,63,82,85,88,96,98,99" m="29871" machi="15" ten="30,2000,0" yaku="8,1,54,1" doraHai="38" who="0" fromWho="3" sc="258,20,167,0,542,0,33,-20" /><INIT seed="6,0,0,0,3,42" ten="278,167,542,13" oya="2" hai0="22,75,70,69,55,135,18,31,23,41,97,20,131" hai1="77,128,57,24,111,1,81,5,90,16,106,35,58" hai2="86,26,79,88,37,103,105,19,68,124,71,115,29" hai3="66,45,113,27,25,11,130,2,36,53,112,100,119"/><V83/><F37/><W121/><G119/><T85/><D75/><U9/><E111/><V117/><F117/><W122/><G100/><T52/><D41/><U96/><E128/><V63/><F124/><W33/><G130/><T73/><D73/><U114/><E114/><N who="3" m="44138" /><G66/><T127/><D131/><U82/><E35/><V61/><F61/><W30/><BYE who="2" /><G25/><T126/><D18/><U13/><E106/><V40/><F40/><N who="3" m="22663" /><G53/><N who="0" m="20555" /><D85/><U62/><E24/><UN n2="%E3%82%A6%E3%83%AB%E3%83%88%E3%83%A9%E7%AB%8B%E7%9B%B4" /><V51/><F115/><W17/><G17/><T3/><D135/><U92/><E62/><V15/><F51/><W87/><G87/><T89/><D89/><U12/><E1/><V120/><F120/><W74/><G74/><T98/><D3/><U125/><E125/><N who="0" m="47625" /><D31/><U110/><E110/><V99/><F19/><W95/><G95/><T102/><D102/><U48/><E48/><V78/><F15/><W8/><G8/><T123/><D123/><U46/><E81/><V64/><F71/><AGARI ba="0,0" hai="20,22,23,69,70,71,97,98" m="47625,20555" machi="71" ten="40,8000,1" yaku="28,2,18,1,54,1" doraHai="42" who="0" fromWho="2" sc="278,80,167,0,542,-80,13,0" /><INIT seed="7,0,0,1,5,59" ten="358,167,462,13" oya="3" hai0="73,120,4,39,37,43,25,51,108,85,9,8,6" hai1="80,61,124,84,31,18,135,58,68,129,78,70,1" hai2="63,79,26,32,102,118,94,125,23,5,97,71,42" hai3="115,21,109,10,103,33,7,17,11,83,2,56,49"/><W81/><G109/><T101/><D108/><U133/><E1/><V99/><F32/><W66/><G33/><T30/><D73/><U41/><E31/><V86/><F125/><W67/><G115/><T34/><D120/><U50/><E18/><V96/><F42/><W126/><G126/><T82/><D101/><U15/><E15/><V69/><F69/><W98/><G11/><T114/><D114/><U91/><E124/><V119/><F5/><W52/><G67/><T116/><D116/><U28/><E28/><V128/><F128/><W40/><G40/><T100/><D100/><U107/><E107/><V105/><F105/><W122/><G122/><T35/><D35/><U20/><E20/><V53/><F71/><W117/><G117/><T44/><D9/><U13/><E13/><V19/><F118/><W92/><REACH who="3" step="1"/><G66/><REACH who="3" step="2"/><T113/><D113/><U14/><E129/><V47/><F119/><W87/><G87/><T77/><REACH who="0" step="1"/><D6/><REACH who="0" step="2"/><U112/><E112/><V130/><F130/><W104/><G104/><T89/><D89/><U48/><E91/><V29/><F102/><W57/><G57/><T12/><AGARI ba="0,2" hai="4,8,12,25,30,34,37,39,43,44,51,77,82,85" machi="12" ten="20,8000,1" yaku="1,1,0,1,7,1,25,2,53,0" doraHai="59" doraHaiUra="88" who="0" fromWho="0" sc="348,100,167,-20,462,-20,3,-40" owari="448,55,147,-25,442,24,-37,-54" /></mjloggm>