<mjloggm ver="2.3"><GO type="41"/><UN n0="%E3%82%B1%E3%83%B3%E3%83%82%E2%98%86" n1="%E3%82%A6%E3%83%AB%E3%83%88%E3%83%A9%E7%AB%8B%E7%9B%B4" n2="%E3%81%97%E3%82%85%E3%81%86%E3%81%A1%E3%82%83%E3%82%93%E2%99%AA" n3="%52%59%54%48%45%4D" dan="16,14,14,15" rate="2140,1920,1910,1933" sx="M,M,M,F"/><TAIKYOKU oya="0"/><INIT seed="0,0,0,0,0,79" ten="250,250,250,250" oya="0" hai0="78,126,38,95,24,127,40,19,81,67,105,36,131" hai1="73,56,75,128,82,0,91,129,110,27,54,18,108" hai2="84,62,58,10,6,26,69,60,35,46,33,102,74" hai3="100,55,90,20,21,43,30,50,66,25,113,15,49"/><T125/><D105/><U80/><E18/><V13/><F74/><N who="1" m="28169" /><E0/><V101/><F46/><W86/><G113/><T17/><D131/><N who="1" m="50251" /><E27/><V71/><F84/><W134/><G66/><T5/><D5/><U92/><E54/><V120/><F120/><W57/><G134/><T52/><D67/><U1/><E56/><V114/><F114/><W22/><G100/><T121/><D121/><U61/><E61/><V89/><F89/><W9/><G43/><T107/><D107/><U63/><E63/><V7/><F58/><W16/><G50/><T72/><D40/><U130/><E1/><V85/><F85/><W99/><G99/><T98/><D52/><U124/><N who="1" m="50259" /><U29/><DORA hai="122" /><E29/><V104/><F13/><W109/><REACH who="3" step="1"/><G109/><REACH who="3" step="2"/><N who="1" m="42090" /><E124/><V94/><F62/><W97/><G97/><AGARI ba="0,1" hai="80,82,91,92,97" m="42090,50259,28169" machi="97" ten="50,16000,3" yaku="19,1,14,1,34,2,52,5" doraHai="79,122" who="1" fromWho="3" sc="250,0,250,170,250,0,240,-160" /><INIT seed="1,0,0,5,3,74" ten="250,420,250,80" oya="1" hai0="5,66,83,91,112,87,106,104,10,63,117,100,89" hai1="31,77,51,59,119,25,102,53,95,116,12,39,120" hai2="43,40,55,86,94,133,99,75,48,44,14,57,21" hai3="8,78,128,62,76,64,7,47,26,90,13,20,73"/><U72/><E39/><V84/><F75/><W122/><G73/><T96/><D112/><U17/><E120/><V61/><F133/><W67/><G122/><T11/><D117/><U108/><E108/><V98/><F43/><W9/><G128/><T52/><D106/><U71/><E71/><V131/><F131/><W101/><G101/><T92/><D5/><U110/><E110/><V32/><F32/><W27/><G47/><T115/><D115/><U2/><E2/><V69/><F69/><W111/><G111/><T33/><D33/><U125/><E125/><V68/><F68/><W18/><G90/><T15/><D15/><U28/><E25/><V58/><F58/><W88/><G88/><T49/><D63/><U0/><E0/><V135/><F135/><W126/><G126/><T132/><D66/><N who="3" m="25129" /><G62/><T127/><D132/><U121/><E121/><V1/><F1/><W80/><G80/><T37/><D37/><U81/><E116/><V29/><F99/><W105/><G105/><T103/><D127/><U54/><E119/><V50/><F61/><W45/><G45/><T93/><D104/><U16/><E54/><V4/><F4/><W22/><G7/><T123/><D123/><U114/><E114/><V113/><F113/><W107/><G107/><T3/><D3/><U70/><E70/><V24/><F14/><W85/><G85/><N who="0" m="50367" /><D100/><AGARI ba="0,0" hai="21,24,29,40,44,48,50,55,57,84,86,94,98,100" machi="100" ten="30,2000,0" yaku="7,1,8,1" doraHai="74" who="2" fromWho="0" sc="250,-20,420,0,250,20,80,0" /><INIT seed="2,0,0,1,4,6" ten="230,420,270,80" oya="2" hai0="91,21,5,9,92,124,80,15,31,0,83,7,133" hai1="89,94,46,87,8,38,125,32,19,58,17,13,85" hai2="86,25,22,71,105,54,96,123,65,117,77,64,2" hai3="52,47,28,106,62,12,132,69,99,135,116,36,119"/><V10/><F117/><N who="3" m="45131" /><G28/><T24/><D133/><N who="3" m="51273" /><G106/><T66/><D124/><U45/><E32/><V103/><F123/><W1/><G1/><T115/><D115/><U50/><E38/><V23/><F54/><W4/><G99/><T51/><D66/><U120/><E120/><V60/><F64/><N who="3" m="41111" /><G12/><T97/><D5/><U100/><E125/><V76/><F23/><W49/><G4/><T107/><D107/><U48/><E100/><V57/><F86/><W74/><G74/><T93/><D0/><U20/><E87/><V102/><F102/><W16/><G16/><T42/><D42/><U81/><E81/><V104/><F104/><W73/><G73/><T43/><D43/><U18/><E18/><V41/><F2/><W14/><G14/><T3/><D3/><U108/><E19/><V131/><F77/><W30/><G30/><T95/><D51/><U127/><E127/><V82/><F76/><W114/><G36/><T35/><D35/><U78/><E20/><V75/><F75/><W113/><AGARI ba="0,0" hai="47,49,52,113,114" m="41111,51273,45131" machi="113" ten="40,8000,1" yaku="20,1,34,2,54,1" doraHai="6" who="3" fromWho="3" sc="230,-20,420,-20,270,-40,80,80" /><INIT seed="3,0,0,0,3,76" ten="210,400,230,160" oya="3" hai0="36,22,126,45,74,109,71,133,88,117,108,79,32" hai1="92,87,114,12,124,55,50,46,67,29,4,30,0" hai2="100,54,68,39,77,75,5,53,23,103,89,131,78" hai3="121,73,106,57,37,127,82,122,28,43,62,24,118"/><W11/><G118/><T135/><D32/><U19/><E114/><V119/><F119/><W26/><G106/><T64/><D117/><U110/><E124/><V56/><F68/><W58/><G127/><T107/><D107/><U8/><E110/><N who="0" m="42601" /><D126/><U40/><E67/><V13/><F39/><W18/><G37/><T1/><D1/><U38/><E92/><V132/><F132/><N who="0" m="50762" /><D22/><U96/><E96/><V25/><F131/><W14/><G43/><N who="0" m="22759" /><D64/><U112/><E112/><V81/><F103/><W101/><G101/><T70/><D88/><U120/><E120/><V105/><F100/><W52/><G26/><T59/><D59/><U41/><E41/><V48/><F105/><W113/><G113/><T51/><D51/><U2/><E2/><V129/><F75/><W44/><G58/><T34/><D34/><U128/><E40/><V83/><F89/><W6/><G6/><T93/><D93/><U7/><E38/><V97/><F97/><W21/><G44/><T123/><D123/><U65/><E65/><V63/><F13/><W85/><G73/><T15/><D15/><U69/><E0/><V134/><F5/><N who="1" m="2121" /><E69/><V72/><F134/><W98/><G98/><T99/><D99/><U66/><E66/><V10/><F72/><W130/><G130/><T49/><D49/><U95/><E128/><V20/><F129/><W115/><G115/><T60/><D60/><U104/><E104/><V9/><F48/><W90/><AGARI ba="0,0" hai="11,14,18,21,24,28,52,57,62,82,85,90,121,122" machi="90" ten="20,7800,0" yaku="0,1,7,1,52,1,54,1" doraHai="76" who="3" fromWho="3" sc="210,-26,400,-26,230,-26,160,78" /><INIT seed="3,1,0,1,1,80" ten="184,374,204,238" oya="3" hai0="73,51,77,24,19,90,120,56,115,34,111,39,22" hai1="104,30,95,98,127,60,59,32,124,108,96,20,132" hai2="43,62,68,64,42,133,26,81,121,106,91,69,125" hai3="116,102,130,27,105,33,55,99,131,76,57,5,117"/><W18/><G5/><T75/><D120/><U84/><E32/><V1/><F106/><W65/><G65/><T47/><D115/><U49/><E132/><V35/><F121/><W83/><G33/><T101/><D111/><U52/><E108/><V78/><F133/><W50/><G27/><T53/><D101/><U61/><E104/><V122/><F122/><W66/><G66/><T118/><D118/><U29/><E124/><V44/><F125/><W14/><G130/><T54/><D34/><U48/><E127/><V3/><F69/><W9/><REACH who="3" step="1"/><G131/><REACH who="3" step="2"/><T128/><D128/><U36/><E30/><V67/><F64/><W41/><G41/><T87/><D77/><U119/><E119/><V93/><F26/><W8/><G8/><T86/><D39/><U110/><E36/><V45/><F35/><W71/><G71/><T37/><D37/><U88/><E110/><V17/><F43/><W10/><G10/><T25/><D24/><U72/><E29/><V100/><F42/><W112/><G112/><T2/><D2/><U58/><E20/><V103/><F3/><W7/><G7/><T114/><D114/><U16/><E72/><AGARI ba="1,1" hai="9,14,18,50,55,57,72,76,83,99,102,105,116,117" machi="72" ten="30,5800,0" yaku="1,1,7,1,53,1" doraHai="80" doraHaiUra="6" who="3" fromWho="1" sc="184,0,374,-61,204,0,228,71" /><INIT seed="3,2,0,5,0,85" ten="184,313,204,299" oya="3" hai0="24,57,7,63,54,86,61,65,43,73,75,46,38" hai1="105,126,113,3,18,21,72,44,22,20,79,133,60" hai2="30,82,98,32,1,34,84,62,55,66,77,26,99" hai3="116,107,93,94,59,120,45,103,13,15,74,88,47"/><W92/><G74/><T19/><D7/><U9/><E105/><V31/><F1/><W16/><G120/><T67/><D67/><U129/><E79/><V80/><F55/><W5/><G116/><T51/><D63/><U119/><E44/><N who="3" m="16970" /><G107/><T90/><D24/><N who="1" m="14359" /><E60/><V115/><F115/><W50/><G103/><T70/><D19/><U40/><E40/><V102/><F31/><W23/><G5/><T64/><REACH who="0" step="1"/><D65/><REACH who="0" step="2"/><U2/><E2/><V27/><F26/><W33/><G33/><T118/><D118/><U89/><E3/><V12/><F32/><W125/><G15/><T130/><D130/><U17/><E129/><V135/><F12/><W134/><G134/><T14/><D14/><U78/><E133/><V109/><F135/><W52/><G125/><T58/><D58/><U124/><E119/><V101/><F109/><W56/><G56/><T29/><D29/><U68/><E126/><V123/><F123/><W39/><G39/><T95/><AGARI ba="2,1" hai="38,43,46,51,54,57,61,64,70,73,75,86,90,95" machi="95" ten="20,12000,2" yaku="1,1,0,1,7,1,24,2,52,1,53,1" doraHai="85" doraHaiUra="42" who="0" fromWho="0" sc="174,136,313,-32,204,-32,299,-62" /><INIT seed="4,0,0,2,2,69" ten="310,281,172,237" oya="0" hai0="32,95,26,11,17,73,80,48,67,58,54,120,4" hai1="45,112,16,12,36,8,60,117,123,59,33,77,21" hai2="88,5,115,66,64,81,116,94,70,41,89,131,85" hai3="53,125,35,24,76,133,63,109,91,22,83,132,71"/><T118/><D120/><U97/><E33/><V13/><F116/><W98/><G109/><T44/><D118/><U3/><E117/><V37/><F115/><W9/><G35/><T129/><D129/><U43/><E123/><V18/><F5/><W86/><G125/><T2/><D95/><U56/><E112/><V28/><F28/><W42/><G42/><T108/><D108/><U75/><E97/><V20/><F131/><W68/><G9/><T72/><D80/><N who="1" m="45119" /><E60/><V87/><REACH who="2" step="1"/><F70/><REACH who="2" step="2"/><W49/><G71/><T130/><D130/><U113/><E113/><V96/><F96/><W101/><G68/><T34/><D34/><U126/><E126/><V0/><F0/><W51/><G133/><T93/><D32/><U40/><E40/><V74/><F74/><W29/><G132/><T46/><D73/><U27/><E27/><V30/><F30/><W25/><G25/><T19/><D72/><U15/><E15/><V79/><F79/><W65/><G76/><T31/><D31/><U111/><E111/><V92/><F92/><W119/><G119/><T23/><D19/><U99/><E99/><V14/><F14/><W1/><G1/><T82/><D82/><U7/><AGARI ba="0,1" hai="3,7,8,12,16,21,36,43,45,56,59" m="45119" machi="7" ten="30,4000,0" yaku="25,1,52,1,54,1" doraHai="69" who="1" fromWho="1" sc="310,-20,281,50,162,-10,237,-10" /><INIT seed="5,0,0,3,4,12" ten="290,331,152,227" oya="1" hai0="50,116,38,6,114,73,82,0,124,28,101,65,122" hai1="46,52,14,81,91,5,16,66,58,64,117,103,93" hai2="107,85,79,68,56,27,35,98,41,33,7,9,48" hai3="36,123,34,118,21,63,87,112,43,1,88,61,134"/><U55/><E117/><V22/><F68/><W127/><G34/><T109/><D28/><U113/><E5/><V25/><F107/><W53/><G123/><T69/><D50/><N who="1" m="28759" /><E81/><V97/><F35/><W37/><G1/><T44/><D82/><U30/><E103/><V90/><F33/><W96/><G118/><T8/><D44/><U45/><E45/><V3/><F79/><W75/><G75/><T10/><D6/><U51/><E30/><V128/><F128/><W23/><G96/><T67/><D101/><U42/><E42/><V24/><F22/><W102/><G102/><T57/><D57/><U86/><E113/><V20/><F20/><AGARI ba="0,0" hai="14,16,20,51,55,58,64,66,86,91,93" m="28759" machi="20" ten="30,12000,1" yaku="25,1,8,1,52,1,54,2" doraHai="12" who="1" fromWho="2" sc="290,0,331,120,152,-120,227,0" /><INIT seed="5,1,0,5,1,95" ten="290,451,32,227" oya="1" hai0="13,77,127,76,72,10,38,51,73,70,35,129,4" hai1="91,94,109,3,132,68,122,44,39,80,86,12,125" hai2="5,11,93,130,88,7,60,106,50,84,131,120,47" hai3="99,97,134,43,28,0,41,46,100,119,69,21,135"/><U6/><E68/><V55/><F120/><W65/><G0/><T115/><D38/><U83/><E122/><V26/><F106/><W108/><G108/><T34/><D70/><U123/><E123/><V79/><F26/><N who="3" m="16463" /><G100/><T63/><D129/><U110/><E3/><V61/><F79/><W103/><G103/><T24/><D115/><U57/><E44/><V15/><REACH who="2" step="1"/><F5/><REACH who="2" step="2"/><W114/><G114/><T117/><D77/><U42/><E6/><V87/><F87/><W75/><G75/><T98/><D76/><U1/><E110/><V30/><F30/><W112/><G112/><T16/><D72/><U64/><E109/><V118/><F118/><W36/><G119/><T27/><D73/><U71/><E86/><V81/><F81/><W111/><G111/><T62/><D117/><U37/><E80/><V101/><F101/><W20/><G20/><T14/><D35/><U23/><E83/><V32/><F32/><W96/><G69/><T107/><D34/><U18/><E23/><V19/><F19/><W66/><G43/><T33/><D33/><U116/><E71/><V48/><F48/><W9/><G9/><T58/><D51/><U25/><E18/><V40/><F40/><W126/><G126/><T31/><D31/><U2/><E125/><V22/><F22/><W89/><G89/><T45/><D127/><U102/><E91/><V124/><F124/><W67/><G36/><T121/><D121/><U8/><E39/><V78/><F78/><W105/><G105/><T74/><D74/><U59/><E37/><V49/><F49/><W85/><G85/><RYUUKYOKU ba="1,1" sc="290,-15,451,-15,22,15,227,15" hai2="7,11,15,47,50,55,60,61,84,88,93,130,131" hai3="41,46,65,66,67,96,97,99,134,135" /><INIT seed="6,2,1,4,4,128" ten="275,436,37,242" oya="2" hai0="131,32,0,60,73,57,118,97,80,39,112,116,103" hai1="61,87,130,119,36,94,17,114,58,101,134,85,115" hai2="19,62,126,127,122,83,63,7,1,65,104,14,84" hai3="47,37,35,106,125,67,121,86,102,52,82,124,51"/><V71/><F104/><W66/><G121/><T30/><D0/><U20/><E36/><V18/><F122/><W25/><G37/><T15/><D39/><U28/><E28/><V31/><F63/><W40/><G106/><T33/><D131/><U105/><E105/><V6/><F31/><W55/><G102/><T88/><D112/><N who="1" m="43051" /><E119/><N who="0" m="45609" /><D15/><U99/><E134/><V90/><F19/><W23/><G35/><T43/><D43/><U92/><E92/><V75/><F75/><W68/><G68/><T120/><D120/><U24/><E130/><V72/><F72/><W123/><G123/><T132/><D132/><U91/><E101/><V9/><REACH who="2" step="1"/><F1/><REACH who="2" step="2"/><W13/><G125/><AGARI ba="2,2" hai="6,7,9,14,18,62,65,71,83,84,90,125,126,127" machi="125" ten="40,7700,0" yaku="1,1,2,1,18,1,53,0" doraHai="128" doraHaiUra="48" who="2" fromWho="3" sc="275,0,436,0,27,103,242,-83" /><INIT seed="6,3,0,4,2,43" ten="275,436,130,159" oya="2" hai0="101,26,32,7,108,41,12,11,19,135,59,73,75" hai1="16,85,113,72,93,61,48,53,117,9,106,84,82" hai2="57,103,96,66,60,56,31,102,76,99,27,24,13" hai3="52,78,104,30,0,36,65,68,83,35,121,54,128"/><V129/><F129/><W100/><G121/><T125/><D108/><U46/><E106/><V25/><F76/><W86/><G128/><T18/><D135/><U42/><E72/><V134/><F134/><W15/><G0/><T38/><D125/><U105/><E105/><V44/><F13/><W118/><G15/><T111/><D111/><U127/><E127/><V107/><F31/><W123/><G36/><T81/><D101/><U97/><E113/><V95/><REACH who="2" step="1"/><F57/><REACH who="2" step="2"/><W130/><G130/><T50/><D12/><N who="1" m="7183" /><E82/><V8/><F8/><W23/><G123/><T67/><D81/><U120/><E120/><V109/><F109/><W3/><G3/><T77/><D11/><U70/><E117/><V40/><F40/><W2/><G118/><T5/><D41/><U132/><E132/><V131/><F131/><W1/><G2/><T47/><D59/><N who="1" m="35055" /><E70/><V98/><F98/><W29/><G1/><T119/><D119/><U51/><E51/><V88/><F88/><AGARI ba="3,1" hai="42,46,48,84,85,88,93,97" m="35055,7183" machi="88" ten="30,7700,0" yaku="8,1,52,1,54,2" doraHai="43" who="1" fromWho="2" sc="275,0,436,96,120,-86,159,0" /><INIT seed="7,0,0,5,2,122" ten="275,532,34,159" oya="3" hai0="81,47,68,66,90,20,43,96,82,127,102,48,12" hai1="110,134,78,73,5,15,35,51,93,111,108,18,135" hai2="120,109,115,117,41,118,55,80,64,112,39,105,6" hai3="76,99,42,19,21,94,104,91,33,124,71,38,88"/><W131/><G33/><T69/><D127/><U13/><E35/><V59/><F105/><W29/><G124/><T22/><D69/><U84/><E73/><V95/><F6/><W72/><G71/><T77/><D90/><N who="1" m="53447" /><E78/><V60/><F80/><N who="3" m="45063" /><G38/><T54/><D68/><U74/><E74/><V50/><F95/><N who="3" m="56807" /><G42/><T49/><D66/><U40/><E5/><V36/><F120/><W31/><G19/><T46/><D12/><U75/><E75/><V128/><F128/><W1/><G1/><T62/><D62/><U30/><E30/><V106/><F106/><W65/><G21/><T103/><D77/><U92/><E18/><V53/><F109/><W24/><G24/><T25/><D25/><U101/><E51/><V23/><F23/><W98/><G65/><T133/><D96/><N who="1" m="59527" /><E40/><V123/><F123/><W121/><G121/><T8/><D43/><U86/><E15/><V9/><F9/><W14/><G14/><T132/><D54/><N who="2" m="20490" /><F50/><W67/><G67/><T0/><REACH who="0" step="1"/><D8/><REACH who="0" step="2"/><U58/><E13/><V16/><F16/><W79/><G79/><T113/><D113/><N who="2" m="43594" /><F41/><W27/><G27/><T70/><D70/><U7/><E7/><V114/><N who="2" m="43602" /><V63/><DORA hai="125" /><F60/><W56/><G56/><T11/><D11/><U83/><E58/><V61/><F63/><W44/><G44/><T3/><AGARI ba="0,1" hai="0,3,20,22,46,47,48,49,81,82,102,103,132,133" machi="3" ten="25,12000,2" yaku="1,1,0,1,22,2,53,2" doraHai="122,125" doraHaiUra="130,87" who="0" fromWho="0" sc="265,130,532,-30,34,-30,159,-60" owari="395,20,502,60,4,-50,99,-30" /></mjloggm>