<mjloggm ver="2.3"><GO type="97"/><UN n0="%64%65%63%5F%73%6F%72%64" n1="%E3%82%A6%E3%83%AB%E3%83%88%E3%83%A9%E7%AB%8B%E7%9B%B4" n2="%E3%82%A2%E3%82%A4%E3%83%94%E3%83%B3%E6%9D%B1" n3="%E7%90%86%E4%B8%8D%E5%B0%BD%E5%A4%A7%E7%8E%8B%32" dan="14,13,14,15" rate="1948,1810,1905,2163" sx="M,M,M,M"/><TAIKYOKU oya="0"/><INIT seed="0,0,0,3,3,30" ten="250,250,250,250" oya="0" hai0="15,106,69,31,98,42,82,54,18,7,38,64,109" hai1="67,113,76,6,116,126,94,104,57,121,40,33,135" hai2="123,92,99,41,107,55,110,72,114,111,115,90,103" hai3="97,52,0,129,134,112,96,53,4,108,34,133,16" shuffle="mt19937ar,CDF1E876,C7A32DEA,BD0B5A60,3820E905,E46740F0,C510737C,AEA259C0,462DDB38"/><T128/><D128/><U35/><E94/><V60/><F41/><W95/><G112/><N who="2" m="43049" /><F55/><N who="3" m="21067" /><G4/><T56/><D7/><U131/><E57/><V83/><F60/><W44/><G0/><T124/><D124/><U66/><E40/><V12/><F12/><W49/><G34/><T48/><D109/><N who="2" m="41482" /><F123/><W86/><G108/><T36/><D82/><U29/><E113/><V81/><F72/><W100/><G49/><T3/><D3/><U122/><E6/><V79/><F79/><W17/><G44/><N who="0" m="23639" /><D31/><U73/><E76/><V132/><F132/><N who="3" m="50795" /><G129/><T32/><D36/><U1/><E135/><V125/><F125/><W78/><G97/><AGARI ba="0,0" hai="81,83,90,92,97,99,103,107" m="41482,43049" machi="97" ten="30,3900,0" yaku="14,1,34,2" doraHai="30" who="2" fromWho="3" sc="250,0,250,0,250,39,250,-39" /><INIT seed="1,0,0,0,3,105" ten="250,250,289,211" oya="1" hai0="31,124,126,112,12,48,119,35,22,28,65,6,60" hai1="76,40,116,32,53,103,18,37,0,84,94,63,132" hai2="92,14,38,135,95,70,108,61,134,67,5,78,96" hai3="41,106,117,125,4,71,127,10,44,88,15,74,33" shuffle="mt19937ar,3652D177,9B5EDCD5,BB2ACB76,7E4B1C95,E2A1BAAA,A69EC33B,567D969F,26FC24EF"/><U93/><E116/><V85/><F38/><W128/><G106/><T122/><D119/><U30/><E0/><V104/><F108/><W80/><G71/><T97/><D112/><U21/><E32/><V7/><F104/><W72/><G33/><T1/><D122/><U79/><E30/><V110/><F110/><W111/><G117/><T9/><D48/><U24/><E132/><N who="2" m="50731" /><F14/><W107/><G107/><T56/><D97/><N who="1" m="59823" /><E37/><V129/><F129/><W82/><G111/><T52/><D65/><U100/><E40/><V81/><F92/><W16/><G4/><T130/><D130/><U69/><E69/><V29/><F29/><W113/><G113/><T50/><D50/><U66/><E66/><V91/><AGARI ba="0,0" hai="5,7,61,67,70,78,81,85,91,95,96" m="50731" machi="91" ten="30,1100,0" yaku="20,1" doraHai="105" who="2" fromWho="2" sc="250,-3,250,-5,289,11,211,-3" /><INIT seed="2,0,0,5,1,65" ten="247,245,300,208" oya="2" hai0="18,100,111,49,113,99,115,68,13,7,96,106,33" hai1="27,127,31,125,76,91,15,58,80,26,59,87,67" hai2="10,19,4,69,39,63,44,70,16,121,9,5,120" hai3="117,47,90,17,101,61,110,48,75,108,130,60,46" shuffle="mt19937ar,11243761,5988E232,A1A56E04,EE2C3F77,C0B179AD,71503C9D,60F07DA8,A2B7AB6A"/><V77/><F77/><W56/><G75/><T107/><D33/><U43/><E43/><V124/><F63/><N who="3" m="24139" /><G101/><T6/><D111/><N who="3" m="42537" /><G17/><N who="2" m="6729" /><F44/><N who="3" m="16939" /><G90/><T112/><D49/><U104/><E104/><V85/><F85/><W29/><G29/><T119/><D119/><U133/><E91/><V116/><F116/><W102/><G102/><T74/><D74/><U64/><E15/><V129/><F39/><W21/><G21/><T114/><D99/><U55/><E31/><V122/><F129/><W66/><G117/><T24/><D107/><U98/><E98/><V2/><F2/><W8/><G8/><N who="2" m="3177" /><F124/><W11/><G11/><T134/><D114/><U93/><E87/><V14/><F14/><W71/><G130/><T89/><D13/><U35/><E127/><V62/><F62/><N who="3" m="40407" /><G48/><T37/><D113/><U28/><E76/><V38/><F38/><W109/><N who="3" m="42545" /><W53/><DORA hai="50" /><G53/><T73/><D112/><U126/><E55/><V86/><F86/><W12/><G12/><T1/><D115/><U40/><E80/><V79/><F79/><W131/><G131/><T42/><D1/><U57/><E125/><V103/><F103/><W36/><G36/><T94/><D37/><U135/><E126/><V88/><F88/><W83/><G83/><T118/><D89/><U97/><E97/><V22/><F22/><W51/><G51/><T34/><D100/><U23/><E23/><V92/><F92/><W45/><N who="3" m="16947" /><W32/><DORA hai="105" /><G56/><N who="1" m="14338" /><U0/><DORA hai="3" /><E0/><V128/><F128/><W54/><G54/><T84/><D94/><U25/><E93/><V123/><F123/><RYUUKYOKU ba="0,0" sc="247,-15,245,-15,300,15,208,15" hai2="4,5,69,70,120,121,122" hai3="32" /><INIT seed="2,1,0,5,5,122" ten="232,230,315,223" oya="2" hai0="43,88,23,118,11,94,35,70,135,46,104,36,115" hai1="71,100,56,90,59,74,41,45,114,120,51,89,102" hai2="58,82,91,112,79,30,53,5,98,106,76,80,133" hai3="126,33,131,2,72,37,111,12,86,0,14,39,127" shuffle="mt19937ar,161E3D77,465A1515,2BC37E40,C3EF294F,54EBF294,DBBBA6C2,1753ADA6,3C1AF76B"/><V81/><F112/><W16/><G131/><T34/><D115/><U68/><E74/><V32/><F133/><W67/><G67/><T99/><D135/><U73/><E114/><V55/><F5/><W22/><G72/><T27/><D70/><U113/><E113/><V117/><F117/><W7/><G86/><T47/><D118/><U40/><E73/><V109/><F109/><W87/><G87/><T26/><D104/><U83/><E83/><V6/><F6/><W95/><G95/><T49/><D11/><U66/><E120/><V50/><F32/><W108/><G33/><T24/><REACH who="0" step="1"/><D23/><REACH who="0" step="2"/><U10/><E10/><V18/><F106/><W116/><G116/><T29/><D29/><U92/><E68/><V124/><F30/><W31/><G31/><T4/><D4/><U57/><E71/><V13/><F124/><N who="3" m="47659" /><G7/><T21/><D21/><U54/><E66/><V105/><F105/><W125/><G125/><T25/><N who="0" m="6144" /><DORA hai="128" /><T65/><D65/><U3/><E3/><N who="3" m="1066" /><G12/><T64/><D64/><U78/><E78/><V69/><F69/><W15/><G14/><T130/><D130/><U48/><E54/><AGARI ba="1,1" hai="34,35,36,43,46,47,49,54,88,94,99" m="6144" machi="54" ten="50,3200,0" yaku="1,1,54,1,53,0" doraHai="122,128" doraHaiUra="63,9" who="0" fromWho="1" sc="222,45,230,-35,315,0,223,0" /><INIT seed="3,0,0,1,5,60" ten="267,195,315,223" oya="3" hai0="107,95,75,51,50,62,88,114,91,35,42,46,105" hai1="33,66,103,77,39,28,41,2,29,120,37,54,115" hai2="44,109,134,63,133,1,61,7,15,31,118,74,90" hai3="81,40,85,67,104,22,9,16,102,86,19,123,11" shuffle="mt19937ar,1FB109AE,C9E84E29,63547D0B,2DF6FB72,31044841,8B650DA2,57E5BACC,AC9D2F08"/><W27/><G123/><T10/><D35/><U79/><E54/><V83/><F1/><W96/><G40/><T80/><D114/><U127/><E41/><V124/><F118/><W17/><G67/><T128/><D128/><U119/><E103/><V30/><F44/><W71/><G71/><T126/><D126/><U34/><E2/><V99/><F124/><W56/><G56/><T82/><D51/><U57/><E57/><V106/><F106/><W13/><G81/><T113/><D113/><U100/><E100/><V84/><F74/><W6/><REACH who="3" step="1"/><G17/><REACH who="3" step="2"/><T117/><D82/><U97/><E127/><V70/><F70/><W87/><G87/><T65/><D80/><U52/><E115/><V111/><F99/><W94/><G94/><T43/><D75/><U92/><E92/><V72/><F72/><W73/><G73/><T129/><D107/><U110/><E120/><V130/><F130/><W20/><G20/><T69/><D105/><U5/><E66/><V8/><F61/><W21/><G21/><T76/><D129/><U47/><E52/><V93/><F63/><W18/><G18/><T38/><D43/><U108/><E47/><V132/><F83/><W125/><G125/><T59/><D10/><U98/><REACH who="1" step="1"/><E119/><REACH who="1" step="2"/><V3/><F134/><W131/><G131/><T45/><D117/><U24/><E24/><V26/><F133/><W0/><AGARI ba="0,2" hai="0,6,9,11,13,16,19,22,27,85,86,96,102,104" machi="0" ten="20,7800,0" yaku="1,1,0,1,7,1,54,1,53,0" doraHai="60" doraHaiUra="121" who="3" fromWho="3" sc="267,-26,185,-26,315,-26,213,98" owari="241,-11,159,-24,289,4,311,31" /></mjloggm>