<mjloggm ver="2.3"><GO type="193"/><UN n0="%E3%81%9F%E3%82%8A%E3%82%89%E3%82%8A%E3%82%89%EF%BD%9E%E3%82%93" n1="%64%61%6B%6B%75" n2="%79%75%6E%70%79" n3="%E3%82%A6%E3%83%AB%E3%83%88%E3%83%A9%E7%AB%8B%E7%9B%B4" dan="10,12,11,12" rate="1509,1712,1597,1823" sx="M,F,M,M"/><TAIKYOKU oya="0"/><INIT seed="0,0,0,4,2,18" ten="250,250,250,250" oya="0" hai0="2,88,87,121,39,73,85,107,115,52,30,113,97" hai1="90,45,70,102,8,38,78,94,86,98,51,43,71" hai2="17,114,129,118,19,63,16,23,79,74,134,65,14" hai3="56,4,126,25,110,128,58,7,1,72,89,27,120" shuffle="mt19937ar,92FA2D10,97E1939F,43B90D00,2321C52F,4A1CDBCA,C2C1F674,04ADB3A6,496079F5"/><T69/><D121/><U62/><E62/><V21/><F114/><W33/><G72/><T82/><D69/><U84/><E51/><V105/><F105/><W123/><G89/><T125/><D39/><U42/><E42/><V55/><F14/><W99/><G99/><T12/><D125/><U91/><E78/><V96/><F96/><W127/><G58/><T50/><D2/><U35/><E35/><V109/><F109/><W3/><G56/><T101/><D30/><U131/><E131/><V67/><F129/><W31/><G128/><T29/><D29/><U76/><E8/><V111/><F111/><W106/><G106/><T6/><D85/><U104/><REACH who="1" step="1"/><E76/><REACH who="1" step="2"/><V92/><F79/><W83/><G110/><T119/><D119/><U132/><E132/><V135/><F118/><W64/><G64/><N who="2" m="24649" /><F74/><W108/><G108/><T130/><D130/><U103/><E103/><V60/><F63/><W57/><G57/><T37/><D37/><U75/><E75/><V66/><F55/><W95/><G33/><T26/><D73/><U112/><E112/><V10/><F60/><W40/><G40/><T9/><REACH who="0" step="1"/><D26/><REACH who="0" step="2"/><U117/><E117/><V68/><F68/><W5/><G27/><T124/><D124/><U36/><E36/><V13/><F66/><W28/><G25/><T11/><D11/><U81/><AGARI ba="0,2" hai="38,43,45,70,71,81,84,86,90,91,94,98,102,104" machi="81" ten="20,2700,0" yaku="1,1,0,1,7,1,53,0" doraHai="18" doraHaiUra="133" who="1" fromWho="1" sc="240,-13,240,47,250,-7,250,-7" /><INIT seed="1,0,0,1,0,7" ten="227,287,243,243" oya="1" hai0="78,35,3,108,4,117,64,21,51,134,109,14,59" hai1="54,9,20,73,6,28,69,97,50,80,40,129,79" hai2="52,103,74,92,125,96,104,105,135,30,132,25,27" hai3="33,45,120,68,2,99,128,24,62,111,86,75,133" shuffle="mt19937ar,8865FDB6,DDD30C8B,2463F477,25C4ADCE,575C2D28,AC887D63,8AC9B662,76376D9B"/><U32/><E69/><V66/><F27/><W56/><G86/><T58/><D35/><U18/><E129/><V89/><F66/><W49/><G99/><T41/><D117/><U19/><E97/><V106/><F25/><W8/><G56/><T13/><D134/><N who="2" m="51242" /><F30/><W10/><G49/><T98/><D98/><U126/><E126/><V94/><F52/><W116/><G10/><T88/><D78/><U90/><E90/><V67/><F67/><W91/><G8/><T87/><D3/><U63/><E32/><V72/><F125/><W1/><G24/><T57/><D64/><U70/><E28/><V38/><F38/><W95/><G91/><T42/><D51/><U43/><E19/><V84/><AGARI ba="0,0" hai="72,74,84,89,92,94,96,103,104,105,106" m="51242" machi="84" ten="40,5200,0" yaku="20,1,34,2" doraHai="7" who="2" fromWho="2" sc="227,-13,287,-26,243,52,243,-13" /><INIT seed="2,0,0,4,3,42" ten="214,261,295,230" oya="2" hai0="65,67,73,106,120,54,57,84,134,123,126,32,107" hai1="90,0,132,44,1,97,69,38,47,98,88,76,71" hai2="81,112,30,85,9,14,96,121,5,77,114,18,49" hai3="122,40,72,13,105,94,93,95,79,110,109,51,50" shuffle="mt19937ar,885B39C5,34DBBDEB,51A7ACE2,58B04612,81811A40,E64306AF,64EBABCA,BA6A4FAD"/><V35/><F121/><W15/><G105/><T91/><D126/><U19/><E19/><V16/><F114/><W108/><G122/><T102/><D73/><U39/><REACH who="1" step="1"/><E76/><REACH who="1" step="2"/><V45/><F112/><W129/><G129/><T119/><D32/><U103/><E103/><V127/><F127/><W8/><G79/><T41/><D119/><U20/><E20/><V83/><F30/><W131/><G131/><T28/><D134/><AGARI ba="0,1" hai="0,1,38,39,44,47,69,71,88,90,97,98,132,134" machi="134" ten="25,12000,2" yaku="1,1,22,2,52,2,54,1,53,0" doraHai="42" doraHaiUra="52" who="1" fromWho="0" sc="214,-120,251,130,295,0,230,0" /><INIT seed="3,0,0,3,4,108" ten="94,381,295,230" oya="3" hai0="13,107,12,7,114,129,99,118,98,112,115,49,109" hai1="116,24,34,15,4,120,35,128,104,93,57,111,6" hai2="20,41,69,96,71,117,50,123,62,81,82,5,28" hai3="68,3,75,125,33,79,126,38,21,8,16,95,88" shuffle="mt19937ar,7F437130,C987E1B1,77606C22,97182170,EDBE5A02,888B97AA,C13507B1,58F782F9"/><W19/><G68/><T63/><D107/><U51/><E104/><V61/><F117/><W74/><G38/><T110/><D49/><U1/><E116/><V101/><F5/><W91/><G33/><N who="1" m="12298" /><E57/><V17/><F28/><W119/><G119/><T92/><D63/><U22/><E93/><V25/><F123/><W84/><G91/><T60/><D60/><U0/><E51/><V48/><F41/><W27/><G3/><N who="1" m="1098" /><E120/><V42/><F42/><W76/><G19/><T31/><D118/><U23/><E111/><N who="0" m="42505" /><D31/><N who="1" m="17815" /><E128/><V113/><F69/><W14/><G14/><N who="0" m="5739" /><D7/><U44/><E44/><V102/><F71/><W121/><G8/><T90/><D129/><U132/><E132/><V45/><F45/><W87/><G121/><T100/><D100/><U54/><E54/><V11/><F61/><W134/><G134/><T59/><D59/><U124/><E124/><N who="3" m="47722" /><G84/><AGARI ba="0,0" hai="84,90,92,98,99,112,114,115" m="5739,42505" machi="84" ten="40,8000,1" yaku="11,1,14,1,52,3" doraHai="108" who="0" fromWho="3" sc="94,80,381,0,295,0,230,-80" owari="174,-18,381,38,295,5,150,-25" /></mjloggm>