<mjloggm ver="2.3"><GO type="193"/><UN n0="%E3%83%9C%E3%83%BC%E3%83%80%E3%83%BC%EF%BC%92" n1="%E6%9D%B1%E6%A8%AA%E6%A1%83%E5%AD%90%E2%99%AA" n2="%74%31%32%34%30%31%39%30" n3="%E3%82%A6%E3%83%AB%E3%83%88%E3%83%A9%E7%AB%8B%E7%9B%B4" dan="12,11,12,11" rate="1673,1768,1666,1782" sx="M,F,M,M"/><TAIKYOKU oya="0"/><INIT seed="0,0,0,2,5,17" ten="250,250,250,250" oya="0" hai0="60,48,44,30,66,26,10,79,87,108,75,32,40" hai1="38,6,128,110,134,16,113,12,95,54,122,21,130" hai2="64,58,78,115,111,96,29,20,63,72,31,90,124" hai3="126,106,51,116,82,114,8,3,127,99,132,57,37" shuffle="mt19937ar,987BEF62,E2A6C62F,D25C0EF1,6BD37DEF,1A956A4F,E5B4965B,72253216,4D8BEFA4"/><T45/><D75/><U39/><E122/><V0/><F115/><W19/><G37/><T49/><D108/><U98/><E110/><V73/><F111/><W56/><G116/><T34/><D79/><U23/><E113/><V121/><F121/><W69/><G69/><T118/><D118/><U76/><E76/><V36/><F36/><W68/><G68/><T33/><D10/><U94/><E134/><V80/><F124/><W7/><G132/><T112/><D112/><U18/><E6/><V120/><F120/><W24/><G114/><T129/><D129/><N who="1" m="49771" /><E54/><V74/><F0/><W50/><G126/><T101/><D87/><U88/><E95/><V104/><F20/><W97/><G127/><T28/><D28/><U103/><E103/><V65/><F64/><W25/><G82/><T5/><D5/><U123/><E123/><V100/><REACH who="2" step="1"/><F90/><REACH who="2" step="2"/><W67/><G67/><T117/><D117/><U43/><E43/><V61/><F61/><W71/><G3/><T131/><D131/><U91/><E91/><V14/><F14/><AGARI ba="0,1" hai="12,14,16,18,21,23,38,39,88,94,98" m="49771" machi="14" ten="30,8000,1" yaku="19,1,52,2,54,2" doraHai="17" who="1" fromWho="2" sc="250,0,250,90,240,-80,250,0" /><INIT seed="1,0,0,1,2,8" ten="250,340,160,250" oya="1" hai0="1,114,64,116,103,38,2,123,46,79,22,4,134" hai1="49,25,43,48,81,96,5,80,54,92,128,78,91" hai2="27,132,47,133,93,74,102,6,50,60,87,56,101" hai3="119,17,61,57,135,107,12,88,95,53,34,104,18" shuffle="mt19937ar,A7049AC1,BBE84C3F,E43845EF,3A836018,C0DD32E3,63F19894,026F3F55,F8B00C05"/><U83/><E128/><V111/><F74/><W37/><G37/><T3/><D123/><U112/><E112/><V84/><F111/><W120/><G34/><T65/><D116/><U110/><E110/><V40/><F6/><W85/><G120/><T73/><D114/><U121/><E121/><V66/><F27/><W42/><G42/><T20/><D103/><N who="2" m="39434" /><F93/><W68/><G119/><T58/><D58/><U51/><E43/><V39/><F87/><W23/><G135/><N who="2" m="51785" /><F84/><W94/><G68/><T122/><D122/><U130/><E130/><V9/><F9/><W41/><G41/><T105/><D105/><U10/><E25/><V124/><F39/><W67/><G67/><T24/><D38/><U98/><E98/><V30/><F30/><W44/><G44/><T32/><D46/><U100/><E100/><V33/><F33/><W129/><G129/><T77/><D73/><U90/><E90/><V26/><F26/><W126/><G95/><T11/><D134/><U55/><REACH who="1" step="1"/><E78/><REACH who="1" step="2"/><V89/><F89/><W62/><G104/><T86/><D77/><U69/><E69/><V117/><F117/><W82/><G107/><T106/><D106/><U97/><E97/><V76/><F76/><W108/><G108/><T31/><D79/><U70/><E70/><V29/><F29/><W109/><G109/><T125/><D86/><U99/><E99/><V131/><F131/><W71/><G71/><T21/><D64/><U28/><E28/><V59/><F59/><W113/><G57/><T118/><D65/><U7/><E7/><V36/><F36/><W35/><G113/><RYUUKYOKU ba="0,1" sc="250,-15,330,15,160,15,250,-15" hai1="5,10,48,49,51,54,55,80,81,83,91,92,96" hai2="40,47,50,56,60,66,124" /><INIT seed="1,1,1,2,4,134" ten="235,345,175,235" oya="1" hai0="20,79,29,125,22,13,93,25,8,34,28,68,117" hai1="74,6,11,110,128,104,59,72,108,107,44,77,126" hai2="123,90,111,12,127,9,80,62,73,55,83,101,40" hai3="132,115,36,109,100,96,17,106,39,52,105,133,87" shuffle="mt19937ar,674EC706,A47833AA,6C38E305,767D6E52,17445127,86CF6385,DD8756C3,AF13FB40"/><U85/><E128/><V124/><F123/><W118/><G115/><T76/><D68/><U67/><E44/><V19/><F73/><W130/><G130/><T99/><D117/><U94/><E74/><V45/><F101/><W88/><G106/><T84/><D34/><U98/><E72/><V35/><F35/><W56/><G17/><T24/><D84/><U113/><E113/><V71/><F40/><W16/><G118/><T31/><D31/><U112/><E112/><V38/><F38/><W78/><G78/><T48/><D48/><U91/><E77/><V15/><F15/><W120/><G120/><T32/><D32/><U10/><E85/><N who="2" m="50471" /><F83/><W51/><G109/><N who="1" m="42090" /><E126/><N who="2" m="48171" /><F111/><W30/><G39/><T119/><D119/><U41/><E41/><V4/><F71/><W114/><G36/><T82/><D82/><U131/><E131/><V21/><F62/><W53/><G114/><T37/><D37/><U122/><E122/><V103/><F103/><W75/><G75/><T42/><D42/><U70/><E70/><V58/><F58/><W64/><G132/><T135/><D125/><U81/><E81/><V43/><F43/><W86/><G133/><T18/><D135/><U92/><E92/><V46/><F55/><W116/><G53/><T49/><REACH who="0" step="1"/><D49/><REACH who="0" step="2"/><U47/><E47/><V57/><F57/><W95/><G116/><T65/><D65/><U23/><E67/><V5/><F46/><W27/><G64/><T89/><AGARI ba="1,2" hai="8,13,18,20,22,24,25,28,29,76,79,89,93,99" machi="89" ten="20,8000,1" yaku="1,1,0,1,7,1,9,1,8,1,53,0" doraHai="134" doraHaiUra="33" who="0" fromWho="0" sc="225,103,345,-41,175,-21,235,-21" /><INIT seed="2,0,0,2,1,82" ten="328,304,154,214" oya="2" hai0="47,85,44,74,30,107,70,26,100,88,93,59,118" hai1="31,87,7,33,41,71,5,134,73,2,25,60,38" hai2="115,114,42,104,77,34,65,40,10,69,105,81,76" hai3="120,96,94,97,16,106,36,133,112,67,63,132,28" shuffle="mt19937ar,667A0A60,5D4154DE,22814771,6A5032DF,76BD69FE,1734BFC9,F61A2E0C,6DDC431A"/><V20/><F34/><W68/><G36/><T86/><D118/><U22/><E73/><V127/><F20/><W110/><G120/><T43/><D70/><U57/><E71/><V19/><F127/><W13/><G112/><T98/><D59/><U29/><E134/><V56/><F69/><W64/><G64/><T9/><D9/><U92/><E38/><V24/><F114/><W103/><G28/><T11/><D11/><U135/><E135/><V75/><F115/><W113/><G113/><T91/><D74/><U58/><E41/><N who="2" m="15979" /><F104/><W128/><G128/><T111/><D43/><U17/><E31/><V131/><F105/><W12/><G12/><T83/><D111/><U48/><E48/><V3/><F131/><W124/><G110/><T90/><D90/><U18/><E18/><V6/><F75/><W108/><G108/><T123/><D123/><U125/><E125/><V102/><F102/><W15/><G15/><T53/><D53/><U4/><E2/><V51/><F3/><W35/><G35/><AGARI ba="0,0" hai="26,30,35,44,47,83,85,86,88,91,93,98,100,107" machi="35" ten="30,7700,0" yaku="7,1,52,2,54,1" doraHai="82" who="0" fromWho="3" sc="328,77,304,0,154,0,214,-77" /><INIT seed="3,0,0,3,4,29" ten="405,304,154,137" oya="3" hai0="68,86,63,21,70,25,55,89,107,26,109,59,47" hai1="58,69,123,22,98,106,6,71,100,40,75,49,135" hai2="115,32,24,2,88,110,67,77,96,51,132,103,12" hai3="13,121,111,104,14,116,97,28,45,3,54,16,18" shuffle="mt19937ar,8213FFF7,ECFB7C36,EC393A8A,1866BDB6,09748F9E,F61D4DA3,D5DAEC07,9634B7FA"/><W122/><G97/><T38/><D107/><U37/><E123/><V76/><F115/><W33/><G104/><T17/><D109/><U83/><E37/><V125/><F110/><W11/><G54/><T84/><D84/><U44/><E135/><V36/><F36/><W105/><G45/><T128/><D128/><U82/><E82/><V62/><F132/><W10/><G105/><T118/><D118/><U81/><E81/><V126/><F2/><W43/><G43/><T78/><D78/><U90/><E58/><V113/><F12/><W73/><G73/><T42/><D26/><U20/><E6/><V133/><F113/><W65/><G65/><T60/><D63/><U117/><E117/><V61/><F133/><W27/><G116/><T74/><D74/><U93/><E93/><AGARI ba="0,0" hai="17,21,25,38,42,47,55,59,60,68,70,86,89,93" machi="93" ten="30,1000,0" yaku="7,1" doraHai="29" who="0" fromWho="1" sc="405,10,304,-10,154,0,137,0" owari="415,42,294,4,154,-20,137,-26" /></mjloggm>