<mjloggm ver="2.3"><GO type="41"/><UN n0="%E3%83%8A%E3%83%90" n1="%E8%A5%BF%E6%9D%91%E9%85%B7%E4%BD%BF%E7%84%A1%E5%8F%8C%EF%BC%A0%E5%B7%A8" n2="%E3%82%A6%E3%83%AB%E3%83%88%E3%83%A9%E7%AB%8B%E7%9B%B4" n3="%E5%A4%A9%E5%8A%9B" dan="14,15,13,13" rate="1833,1925,1879,1913" sx="M,M,M,M"/><TAIKYOKU oya="0"/><INIT seed="0,0,0,3,5,39" ten="250,250,250,250" oya="0" hai0="5,60,13,113,52,42,71,76,32,70,8,117,77" hai1="37,61,121,135,118,6,23,41,106,26,7,73,59" hai2="51,96,90,124,67,109,87,19,101,116,80,128,45" hai3="98,12,93,79,127,89,24,75,120,63,31,21,132"/><T53/><D117/><U29/><E118/><V16/><F128/><W111/><G120/><T28/><D113/><U17/><E121/><V55/><F124/><W83/><G127/><T131/><D131/><U20/><E106/><V2/><F2/><W81/><G111/><T112/><D112/><U85/><E73/><V30/><F109/><W94/><G132/><T125/><D125/><U102/><E102/><V27/><F67/><W54/><G83/><T69/><D28/><U129/><E135/><V133/><F133/><W65/><G54/><T95/><D32/><U22/><E22/><V46/><F46/><W88/><G12/><T122/><D122/><U58/><E85/><V14/><F14/><W57/><G94/><T99/><D42/><U92/><E92/><V48/><F48/><W104/><G104/><T49/><D60/><U110/><E110/><V18/><F116/><W66/><G65/><T15/><D15/><U64/><E59/><V36/><F36/><W33/><REACH who="3" step="1"/><G33/><REACH who="3" step="2"/><T44/><REACH who="0" step="1"/><D53/><REACH who="0" step="2"/><U84/><E129/><V4/><F4/><W43/><G43/><T123/><D123/><U72/><E41/><V38/><F38/><W78/><G78/><T40/><D40/><U9/><E37/><V74/><F74/><W97/><G97/><T68/><N who="0" m="17920" /><DORA hai="50" /><T10/><D10/><U134/><E9/><V1/><F96/><W62/><G62/><T130/><D130/><U25/><E61/><V11/><F11/><W0/><G0/><T35/><D35/><U105/><E134/><V126/><F1/><W82/><G82/><T47/><D47/><RYUUKYOKU ba="0,2" sc="240,15,250,-15,250,-15,240,15" hai0="5,8,13,44,49,52,76,77,95,99" hai3="21,24,31,57,63,66,75,79,81,88,89,93,98" /><INIT seed="0,1,2,5,5,110" ten="255,235,235,255" oya="0" hai0="85,22,27,122,65,18,45,115,33,10,90,26,32" hai1="86,133,3,130,68,50,42,108,31,16,118,39,25" hai2="51,89,21,119,24,56,17,28,69,9,84,44,129" hai3="134,82,87,15,92,128,96,93,63,1,29,72,30"/><T124/><D122/><U132/><E118/><V73/><F69/><W113/><G1/><T81/><D124/><U19/><E108/><V125/><F73/><W97/><G113/><T74/><D74/><U52/><E3/><V91/><F125/><W34/><G34/><T12/><D65/><U60/><E86/><V59/><F129/><W64/><G72/><T70/><D70/><U116/><E116/><V40/><F91/><W101/><G134/><N who="1" m="51818" /><E130/><V43/><F43/><W76/><G15/><T48/><D115/><U35/><E42/><V102/><F102/><W7/><G7/><T127/><D127/><U121/><E39/><V88/><F89/><W79/><G79/><T71/><D71/><U103/><E103/><V38/><F38/><W58/><REACH who="3" step="1"/><G128/><REACH who="3" step="2"/><T57/><D27/><U104/><E121/><V36/><F119/><W106/><G106/><T49/><D49/><U61/><E104/><V109/><F109/><W67/><G67/><T75/><D75/><U46/><E68/><V94/><F36/><W114/><G114/><T105/><D105/><U53/><E53/><V80/><F80/><W2/><G2/><T126/><D126/><U13/><E13/><AGARI ba="1,3" hai="9,13,17,21,24,28,40,44,51,56,59,84,88,94" machi="13" ten="40,2600,0" yaku="8,1,54,1" doraHai="110" who="2" fromWho="1" sc="255,0,235,-29,235,59,245,0" /><INIT seed="1,0,0,0,1,99" ten="255,206,294,245" oya="1" hai0="44,101,63,67,91,57,39,108,8,100,107,20,33" hai1="32,29,128,75,78,12,0,56,98,110,90,9,82" hai2="87,130,131,49,88,1,109,2,97,122,106,114,36" hai3="38,16,25,24,69,73,22,47,60,11,92,61,17"/><U93/><E128/><N who="2" m="49195" /><F36/><W103/><G73/><T132/><D132/><U102/><E0/><V77/><F122/><W5/><G69/><T4/><D108/><U40/><E110/><V126/><F109/><W23/><G38/><T62/><D33/><U81/><E40/><V72/><F49/><W30/><G30/><T35/><D35/><U85/><E56/><V65/><F65/><W41/><G47/><T113/><D113/><U84/><E32/><V96/><F126/><W31/><G31/><T105/><D20/><U119/><E29/><V89/><F2/><W127/><G41/><T37/><D91/><N who="2" m="34890" /><F1/><W112/><G112/><T80/><D80/><U116/><REACH who="1" step="1"/><E75/><REACH who="1" step="2"/><V59/><F59/><W135/><G127/><T43/><D39/><U55/><E55/><V70/><F70/><W118/><G135/><T94/><D63/><U79/><E79/><V27/><F114/><W14/><G118/><T18/><D18/><AGARI ba="0,1" hai="9,12,18,78,81,82,84,85,90,93,98,102,116,119" machi="18" ten="30,12000,1" yaku="1,1,7,1,52,1,53,2" doraHai="99" doraHaiUra="115" who="1" fromWho="0" sc="255,-120,196,130,294,0,245,0" /><INIT seed="1,1,0,5,0,62" ten="135,326,294,245" oya="1" hai0="74,70,109,118,127,30,112,36,117,47,26,119,100" hai1="114,50,16,29,25,90,40,71,54,77,42,66,14" hai2="45,19,84,82,113,60,41,32,52,78,104,75,134" hai3="102,125,34,124,99,110,98,20,88,7,58,4,73"/><U49/><E114/><V10/><F32/><W121/><G34/><T9/><D112/><U135/><E135/><V107/><F134/><W69/><G121/><T81/><D127/><U46/><E77/><V43/><F113/><W6/><G69/><T24/><D109/><U28/><E90/><V53/><F75/><W129/><G73/><T94/><D70/><U96/><E96/><V59/><F104/><W13/><G110/><T92/><D9/><U38/><E38/><V89/><F107/><W101/><G129/><T106/><D47/><U22/><E50/><N who="2" m="28751" /><F78/><W63/><G20/><T133/><D36/><U27/><E27/><V5/><F5/><W79/><G13/><AGARI ba="1,0" hai="10,13,19,41,43,53,59,60,82,84,89" m="28751" machi="13" ten="30,3900,0" yaku="25,1,8,1,54,1" doraHai="62" who="2" fromWho="3" sc="135,0,326,0,294,42,245,-42" /><INIT seed="2,0,0,2,0,74" ten="135,326,336,203" oya="2" hai0="105,0,87,65,127,51,77,6,20,84,10,26,2" hai1="89,18,133,14,80,9,34,88,76,27,24,49,71" hai2="68,32,90,94,47,135,11,79,118,45,19,81,63" hai3="55,44,1,111,98,100,107,22,126,60,62,78,56"/><V66/><F32/><W132/><G1/><T54/><D105/><U48/><E71/><V91/><F118/><W75/><G111/><T23/><D127/><U129/><E133/><V108/><F135/><W64/><G132/><T37/><D37/><U92/><E129/><V116/><F116/><W16/><G126/><T57/><D65/><U97/><E89/><V113/><F113/><W119/><G44/><T38/><D38/><U12/><E34/><V33/><F33/><W83/><G119/><T125/><D125/><U61/><E61/><V134/><F91/><W36/><G36/><T117/><D117/><U95/><E95/><V59/><F68/><W122/><G122/><T58/><D0/><U128/><E128/><V103/><F103/><W120/><G120/><T3/><D3/><U130/><E130/><V124/><F124/><W52/><REACH who="3" step="1"/><G62/><REACH who="3" step="2"/><T28/><D58/><U73/><REACH who="1" step="1"/><E14/><AGARI ba="0,1" hai="14,16,22,52,55,56,60,64,75,78,83,98,100,107" machi="14" ten="30,12000,2" yaku="1,1,2,1,7,1,52,1,54,2,53,1" doraHai="74" doraHaiUra="15" who="3" fromWho="1" sc="135,0,326,-120,336,0,193,130" /><INIT seed="3,0,0,5,4,99" ten="135,206,336,323" oya="3" hai0="107,27,31,23,57,34,113,52,10,14,0,69,59" hai1="87,56,89,11,126,76,94,3,112,64,49,120,81" hai2="5,55,71,68,1,25,95,63,66,42,61,92,38" hai3="9,60,28,125,32,133,20,67,103,114,115,44,93"/><W105/><G133/><T12/><D69/><U46/><E112/><V43/><F25/><W13/><G125/><T73/><D73/><U41/><E126/><V100/><F5/><W2/><G44/><T29/><D113/><U18/><E120/><V37/><F1/><W80/><G80/><T135/><D135/><U108/><E108/><V124/><F124/><W96/><G2/><T110/><D110/><U21/><E3/><V72/><F72/><W123/><G123/><T7/><D107/><U118/><E11/><V102/><F55/><W53/><G53/><T62/><D59/><U30/><E30/><V90/><F90/><W128/><G128/><T8/><D8/><U131/><E131/><V117/><REACH who="2" step="1"/><F66/><REACH who="2" step="2"/><W33/><G115/><T104/><D104/><U82/><E118/><AGARI ba="0,1" hai="37,38,42,43,61,63,68,71,92,95,100,102,117,118" machi="118" ten="25,16000,3" yaku="1,1,2,1,22,2,52,2,53,2" doraHai="99" doraHaiUra="36" who="2" fromWho="1" sc="135,0,206,-160,326,170,323,0" /><INIT seed="4,0,0,3,0,106" ten="135,46,496,323" oya="0" hai0="13,15,76,57,17,64,28,116,72,119,18,8,131" hai1="0,20,110,71,85,16,14,4,102,121,60,25,127" hai2="32,46,24,113,105,54,129,39,78,83,92,31,36" hai3="87,75,130,53,90,134,97,40,95,23,62,111,79"/><T1/><D1/><U126/><E110/><V22/><F105/><W59/><G111/><T34/><D131/><U2/><E121/><V73/><F129/><W91/><G130/><T128/><D128/><U63/><E102/><V84/><F113/><W100/><G134/><T12/><D64/><U93/><E93/><V109/><F109/><W50/><G90/><T41/><D41/><U61/><E71/><V125/><F125/><N who="1" m="47625" /><E85/><V68/><F68/><W27/><G40/><T107/><D107/><U96/><E96/><V98/><F84/><W115/><G115/><T108/><D108/><U114/><E114/><V80/><F80/><W89/><G75/><T9/><D57/><U67/><E67/><V88/><F32/><W29/><G62/><N who="1" m="15874" /><U21/><DORA hai="104" /><E4/><V82/><F82/><AGARI ba="0,0" hai="23,27,29,50,53,59,79,82,87,89,91,95,97,100" machi="82" ten="40,1300,0" yaku="8,1" doraHai="106,104" who="3" fromWho="2" sc="135,0,46,0,496,-13,323,13" /><INIT seed="5,0,0,3,0,108" ten="135,46,483,336" oya="1" hai0="97,27,62,111,125,39,50,79,130,85,68,96,33" hai1="37,124,132,2,84,78,34,126,71,109,87,41,114" hai2="36,47,133,88,42,99,74,83,106,48,110,24,10" hai3="128,19,35,45,69,113,101,7,3,8,122,21,6"/><U82/><E109/><V135/><F110/><W102/><G122/><T129/><D39/><U91/><E71/><V67/><F67/><W60/><G128/><T75/><D75/><U31/><E2/><V120/><F120/><W57/><G7/><T22/><D33/><U5/><E5/><V65/><F65/><W52/><G35/><T9/><D9/><U89/><E41/><V55/><F24/><W76/><G76/><T131/><D111/><U112/><E37/><V38/><F10/><W86/><G69/><T51/><D125/><N who="1" m="48235" /><E132/><N who="2" m="50763" /><F42/><W81/><G113/><N who="1" m="43626" /><E87/><N who="2" m="50303" /><F74/><W105/><G86/><T115/><D115/><U23/><E34/><V92/><F106/><W64/><G105/><T66/><D51/><U107/><E107/><V70/><F70/><W58/><G45/><T16/><D50/><U32/><E32/><V44/><F44/><W77/><G77/><T100/><D100/><AGARI ba="0,0" hai="36,38,47,48,55,92,99,100" m="50303,50763" machi="100" ten="30,2000,0" yaku="20,1,54,1" doraHai="108" who="2" fromWho="0" sc="135,-20,46,0,483,20,336,0" /><INIT seed="6,0,0,2,3,58" ten="115,46,503,336" oya="2" hai0="116,122,0,117,4,69,87,10,111,12,29,75,48" hai1="62,42,59,135,54,26,71,66,49,74,13,123,80" hai2="124,44,120,76,101,17,46,55,11,64,112,104,83" hai3="43,132,34,93,95,98,65,21,67,63,90,1,5"/><V78/><F101/><W70/><G34/><T115/><D111/><U105/><E105/><V109/><F104/><W35/><G35/><T96/><D122/><U100/><E135/><V133/><F124/><W113/><G113/><T40/><D69/><U126/><E126/><V92/><F133/><W72/><G72/><T130/><D130/><U24/><E123/><V84/><F120/><W8/><G132/><T31/><D75/><U118/><E118/><V37/><F78/><W15/><G43/><T106/><D115/><U134/><E134/><V14/><F109/><W23/><G1/><T81/><D0/><U20/><E100/><V73/><F112/><W32/><G32/><T110/><D110/><U129/><E129/><V86/><F64/><W97/><REACH who="3" step="1"/><G67/><REACH who="3" step="2"/><T45/><D117/><U16/><REACH who="1" step="1"/><E42/><REACH who="1" step="2"/><N who="2" m="22607" /><F73/><W89/><AGARI ba="0,2" hai="5,8,15,21,23,63,65,70,89,90,93,95,97,98" machi="89" ten="20,12000,2" yaku="1,1,0,1,7,1,9,1,52,1,53,1" doraHai="58" doraHaiUra="60" who="3" fromWho="3" sc="115,-30,36,-30,503,-60,326,140" /><INIT seed="7,0,0,5,0,67" ten="85,6,443,466" oya="3" hai0="62,52,101,4,98,90,88,55,0,15,26,86,121" hai1="126,9,34,37,79,65,49,40,91,24,27,25,105" hai2="106,66,10,20,99,53,29,47,74,63,68,107,19" hai3="96,108,84,114,8,43,102,70,56,58,22,33,61"/><W60/><G33/><T48/><D121/><U89/><E37/><V77/><F74/><W57/><G114/><T131/><D131/><U87/><E34/><V23/><F77/><W119/><G119/><T7/><D0/><U135/><E105/><V73/><F73/><W14/><G108/><T30/><D62/><U31/><E31/><V100/><F107/><W75/><G75/><T85/><D15/><U125/><E135/><V128/><F128/><W54/><G70/><T35/><D55/><U124/><E9/><V71/><F71/><W95/><G43/><T13/><D13/><U110/><E110/><V112/><F112/><W21/><G84/><T44/><D90/><U41/><E65/><V127/><F127/><W6/><G58/><T94/><REACH who="0" step="1"/><D86/><REACH who="0" step="2"/><U82/><E49/><V115/><F115/><W118/><G118/><T130/><D130/><U39/><E39/><V133/><F133/><W3/><G3/><T18/><D18/><U80/><E79/><V116/><F116/><W109/><G109/><T120/><D120/><U59/><E59/><V42/><F53/><AGARI ba="0,1" hai="6,8,14,21,22,53,54,56,57,60,61,95,96,102" machi="53" ten="30,5800,0" yaku="7,1,9,1,8,1" doraHai="67" who="3" fromWho="2" sc="75,0,6,0,443,-58,466,68" owari="75,-32,6,-49,385,19,534,62" /></mjloggm>