<mjloggm ver="2.3"><GO type="41"/><UN n0="%E7%99%BD%E9%AB%AA%E7%8C%AB" n1="%E3%82%A6%E3%83%AB%E3%83%88%E3%83%A9%E7%AB%8B%E7%9B%B4" n2="%55%73%68%69" n3="%6B%75%72%6F%75%73%61" dan="14,14,13,14" rate="1955,1982,1878,1935" sx="F,M,M,M"/><TAIKYOKU oya="0"/><INIT seed="0,0,0,2,0,116" ten="250,250,250,250" oya="0" hai0="48,96,126,51,57,97,40,23,99,21,18,108,87" hai1="5,6,47,46,71,13,35,105,75,109,84,53,104" hai2="132,2,83,28,119,38,11,79,123,129,12,117,111" hai3="61,7,86,95,1,73,30,26,102,37,10,120,94"/><T78/><D126/><U69/><E13/><V125/><F83/><W41/><G73/><T63/><D108/><U62/><E84/><V3/><F79/><W101/><G37/><T4/><D4/><U135/><E62/><V124/><F38/><W56/><G41/><T14/><D40/><U113/><E109/><V110/><F110/><W72/><G72/><T45/><D45/><U9/><E75/><V66/><F66/><W92/><G86/><T32/><D32/><U0/><E35/><V54/><F54/><W81/><G81/><N who="0" m="47543" /><D23/><U74/><E74/><V98/><F98/><N who="0" m="25090" /><T20/><DORA hai="88" /><D20/><U121/><E9/><V134/><F111/><W130/><G130/><T118/><D118/><N who="2" m="45066" /><F28/><W31/><G31/><T100/><D100/><U39/><E39/><V34/><F34/><W114/><G102/><T80/><D80/><U44/><E44/><V82/><F82/><W42/><G101/><T128/><D128/><U76/><E76/><V8/><F129/><W90/><G42/><T59/><D59/><U33/><E33/><V27/><F27/><W50/><G26/><T58/><D58/><U112/><E53/><AGARI ba="0,0" hai="14,18,21,48,51,53,57,63" m="25090,47543" machi="53" ten="30,1500,0" yaku="8,1" doraHai="116,88" who="0" fromWho="1" sc="250,15,250,-15,250,0,250,0" /><INIT seed="0,1,0,3,2,20" ten="265,235,250,250" oya="0" hai0="72,52,92,22,124,31,26,34,48,67,61,53,27" hai1="3,116,64,49,23,21,56,90,82,132,126,78,99" hai2="94,71,89,108,2,7,73,16,123,37,75,51,115" hai3="74,118,17,80,36,33,69,130,19,88,112,96,81"/><T65/><D72/><U106/><E3/><V131/><F123/><W11/><G112/><T114/><D114/><U58/><E116/><V8/><F115/><W47/><G118/><T119/><D119/><U9/><E9/><V41/><F37/><W50/><G36/><T44/><D124/><U35/><E35/><V134/><F71/><W79/><G69/><T111/><D111/><U10/><E10/><V127/><F108/><W38/><G38/><T60/><D92/><U100/><E132/><V39/><F39/><W6/><G130/><T97/><D97/><U91/><E126/><V1/><F134/><W63/><G63/><T102/><D102/><U84/><E56/><V117/><F131/><W55/><G33/><T77/><D77/><U85/><E64/><V103/><F103/><W54/><G54/><T135/><D135/><U121/><E121/><V95/><F1/><W109/><G109/><T12/><D12/><U129/><E129/><V46/><F117/><W113/><G113/><T122/><D122/><U68/><E68/><V128/><F128/><W45/><G45/><T4/><D4/><U76/><E58/><V110/><F110/><W30/><G30/><T83/><D83/><U5/><E49/><V25/><F127/><W104/><G104/><T29/><REACH who="0" step="1"/><D53/><REACH who="0" step="2"/><U93/><E5/><V57/><F94/><N who="3" m="56391" /><G81/><T62/><AGARI ba="1,1" hai="22,26,27,29,31,34,44,48,52,60,61,62,65,67" machi="62" ten="30,12000,1" yaku="1,1,0,1,52,2,54,1,53,0" doraHai="20" doraHaiUra="98" who="0" fromWho="0" sc="255,133,235,-41,250,-41,250,-41" /><INIT seed="0,2,0,0,5,4" ten="388,194,209,209" oya="0" hai0="121,80,10,99,100,22,57,118,125,119,132,96,90" hai1="104,12,60,16,15,66,28,48,24,25,97,82,116" hai2="31,17,47,75,88,98,87,83,130,50,126,122,13" hai3="8,27,107,43,117,134,11,105,113,93,1,124,86"/><T120/><D57/><U39/><E39/><V58/><F122/><W78/><G117/><T101/><D22/><U49/><E116/><N who="0" m="44585" /><D10/><N who="1" m="6167" /><E104/><V72/><F31/><W30/><G113/><T26/><D26/><N who="1" m="10347" /><E97/><N who="0" m="37449" /><D132/><U129/><E129/><V135/><F98/><W111/><G43/><T73/><D125/><U89/><E28/><V84/><F130/><W53/><G1/><T32/><D32/><U35/><E35/><V65/><F135/><W109/><G134/><T59/><D59/><N who="1" m="37151" /><E15/><V20/><F126/><W110/><G124/><T37/><D37/><U23/><E23/><V133/><F133/><W45/><G107/><T94/><D73/><U81/><E89/><V54/><F65/><W52/><G105/><T103/><D94/><U19/><E19/><V18/><F17/><W41/><G93/><T79/><D79/><U85/><E85/><AGARI ba="2,0" hai="80,85,90,100,101,103,120,121" m="37449,44585" machi="85" ten="40,3900,0" yaku="34,2" doraHai="4" who="0" fromWho="1" sc="388,45,194,-45,209,0,209,0" /><INIT seed="0,3,0,5,4,94" ten="433,149,209,209" oya="0" hai0="130,8,44,114,50,61,21,38,47,89,28,13,108" hai1="79,125,100,76,123,29,2,96,115,84,3,105,39" hai2="49,57,58,31,34,102,88,6,97,35,106,81,40" hai3="107,7,26,4,127,77,99,25,41,33,132,128,20"/><T51/><D38/><U36/><E36/><V75/><F6/><W10/><G41/><T86/><D114/><U98/><E39/><V135/><F135/><W22/><G77/><T70/><D130/><U91/><E3/><V43/><F31/><W117/><G117/><T23/><D108/><U71/><E71/><V83/><F83/><W116/><G116/><T16/><D70/><U46/><E2/><V15/><F15/><W30/><G128/><T12/><D61/><U48/><E123/><V124/><F34/><W111/><G111/><T73/><D73/><U109/><E109/><V92/><F35/><W59/><G132/><T93/><D28/><U85/><E29/><V37/><F37/><W103/><G127/><T78/><D78/><N who="1" m="29739" /><E48/><N who="0" m="18473" /><D23/><U56/><E56/><V82/><F75/><W95/><G107/><T63/><D63/><U104/><E46/><V120/><F120/><W126/><G126/><T60/><D60/><U121/><E121/><V45/><F40/><W0/><G7/><AGARI ba="3,0" hai="7,8,12,13,16,21,44,47,86,89,93" m="18473" machi="7" ten="30,2900,0" yaku="8,1,54,1" doraHai="94" who="0" fromWho="3" sc="433,38,149,0,209,0,209,-38" /><INIT seed="0,4,0,2,5,51" ten="471,149,209,171" oya="0" hai0="13,10,109,105,23,102,100,86,70,81,115,19,57" hai1="135,117,98,88,108,106,87,44,45,59,133,28,29" hai2="6,52,48,2,46,73,63,5,113,43,76,38,84" hai3="3,132,12,78,114,26,8,80,15,112,90,22,39"/><T55/><D70/><U93/><E117/><V65/><F113/><W71/><G71/><T95/><D115/><U68/><E68/><V121/><F73/><W25/><G39/><T16/><D109/><U32/><E108/><V79/><F121/><W42/><G42/><T50/><D105/><U66/><E66/><V116/><F116/><W4/><G90/><N who="0" m="53719" /><D81/><U69/><E59/><V18/><F18/><N who="3" m="10567" /><G80/><T126/><D126/><U119/><E69/><V99/><F99/><W37/><G37/><T74/><D74/><U107/><E119/><V101/><F101/><N who="0" m="39018" /><D19/><U128/><E128/><V118/><F118/><W54/><G78/><T56/><D56/><U30/><E32/><V89/><F76/><W104/><G104/><T61/><D61/><U35/><E35/><V83/><F79/><W110/><G3/><T21/><AGARI ba="4,0" hai="10,13,16,21,23,50,55,57" m="39018,53719" machi="21" ten="30,6000,0" yaku="8,1,52,1,54,1" doraHai="51" who="0" fromWho="0" sc="471,72,149,-24,209,-24,171,-24" /><INIT seed="0,5,0,5,3,28" ten="543,125,185,147" oya="0" hai0="117,14,27,9,129,124,126,44,63,74,61,115,33" hai1="10,4,34,132,77,67,19,101,69,80,135,122,92" hai2="86,78,36,60,38,131,32,50,98,84,68,133,105" hai3="119,95,7,3,71,51,72,0,127,46,26,113,110"/><T53/><D74/><U100/><E67/><V108/><F133/><N who="1" m="51273" /><E69/><V89/><F131/><W93/><G72/><T76/><D76/><U116/><E116/><V22/><F108/><W90/><G71/><T35/><D117/><U12/><E122/><V47/><F78/><W103/><G110/><T109/><D109/><U37/><E37/><V54/><F22/><W94/><G113/><T59/><D115/><U79/><E92/><V13/><F13/><W5/><G119/><T1/><D1/><N who="1" m="271" /><E34/><N who="0" m="12809" /><D27/><U75/><E79/><V31/><F105/><W112/><G112/><T111/><D111/><U56/><E56/><V49/><F98/><W18/><G3/><T39/><D39/><U58/><E58/><V134/><F36/><W62/><G0/><T81/><D44/><U88/><E88/><V11/><F38/><W42/><G103/><T2/><D2/><U52/><E52/><V96/><F54/><W114/><G114/><T30/><D81/><U85/><E75/><V8/><F134/><W65/><G90/><T64/><D129/><U48/><E48/><V66/><F50/><W24/><G95/><T15/><D30/><U102/><E102/><V23/><F31/><W99/><G93/><T25/><D25/><U17/><E17/><V120/><F120/><W20/><G26/><T73/><D73/><U57/><E57/><V125/><F68/><W40/><G94/><T41/><D64/><U97/><E97/><V87/><F96/><W104/><G99/><T83/><D59/><U91/><E77/><V16/><F66/><W43/><G65/><T107/><D107/><RYUUKYOKU ba="5,0" sc="543,-10,125,30,185,-10,147,-10" hai1="12,19,80,85,91,100,101" /><INIT seed="1,6,0,5,1,119" ten="533,155,175,137" oya="1" hai0="106,64,22,24,125,32,109,58,97,17,31,88,100" hai1="27,66,46,131,52,104,41,15,3,37,48,21,8" hai2="56,124,85,130,99,19,42,103,49,44,115,20,29" hai3="57,83,129,54,72,14,101,71,121,51,63,2,111"/><U40/><E3/><V134/><F115/><W68/><G2/><T61/><D125/><U65/><E104/><V13/><F124/><W96/><G111/><T70/><D109/><U11/><E131/><V62/><F130/><W16/><G129/><T110/><D110/><U12/><E37/><V135/><F29/><W35/><G35/><T117/><D117/><U132/><E132/><V102/><F85/><W6/><G6/><T47/><D47/><U113/><E113/><V23/><F23/><W55/><G72/><T53/><D88/><U59/><E15/><V80/><F80/><W10/><G83/><T73/><D73/><U77/><E77/><V45/><F45/><W105/><G121/><T76/><D76/><U93/><E93/><V123/><F123/><W90/><G90/><T84/><D84/><U120/><E120/><V43/><F43/><N who="1" m="16457" /><E46/><AGARI ba="6,0" hai="10,14,16,46,51,54,55,57,63,68,71,96,101,105" machi="46" ten="30,2000,0" yaku="7,1,54,1" doraHai="119" who="3" fromWho="1" sc="533,0,155,-38,175,0,137,38" /><INIT seed="2,0,0,0,5,135" ten="533,117,175,175" oya="2" hai0="2,32,70,38,8,29,105,94,69,9,25,14,45" hai1="93,129,18,121,47,60,113,82,120,115,111,87,114" hai2="109,67,3,31,95,62,11,130,112,55,17,96,41" hai3="81,76,44,1,35,23,24,86,92,5,64,74,15"/><V43/><F112/><W75/><G1/><T91/><D105/><U100/><E60/><V10/><F130/><W90/><G64/><T46/><D38/><U7/><E7/><V127/><F31/><W61/><G61/><T124/><D2/><U107/><E18/><V36/><F109/><W71/><G71/><T131/><D131/><U20/><E20/><V12/><F55/><W57/><G57/><T49/><D124/><U104/><E47/><V33/><F33/><W53/><G35/><T63/><D63/><U30/><E30/><V21/><F127/><W59/><G44/><T98/><D46/><U22/><E22/><V65/><F36/><W73/><G59/><T125/><D125/><U97/><E111/><V83/><F83/><W79/><G53/><T51/><D51/><U6/><E6/><V117/><F117/><W80/><G15/><T68/><REACH who="0" step="1"/><D14/><REACH who="0" step="2"/><U52/><E129/><V128/><F128/><W85/><G5/><T28/><D28/><AGARI ba="0,1" hai="23,24,28,73,74,75,76,79,80,81,85,86,90,92" machi="28" ten="30,1000,0" yaku="7,1" doraHai="135" who="3" fromWho="0" sc="523,-10,117,0,175,0,175,20" /><INIT seed="3,0,0,0,4,78" ten="513,117,175,195" oya="3" hai0="74,20,59,15,2,49,108,68,9,95,79,41,69" hai1="7,90,82,129,86,133,120,75,8,29,96,126,36" hai2="73,117,131,112,72,107,66,102,113,0,6,30,54" hai3="26,101,124,134,44,31,12,17,64,106,67,58,53"/><W111/><G124/><T135/><D2/><U60/><E120/><V47/><F54/><W62/><G134/><T76/><D135/><U37/><E133/><V32/><F47/><W92/><G106/><T105/><D105/><U132/><E132/><V1/><F30/><W51/><G111/><T118/><D118/><U70/><E126/><V11/><F32/><W52/><G101/><T116/><D116/><U119/><E129/><V81/><F66/><W23/><REACH who="3" step="1"/><G92/><REACH who="3" step="2"/><T46/><D95/><U104/><E119/><V80/><F117/><W93/><G93/><T103/><D108/><U97/><E104/><V88/><F107/><W22/><AGARI ba="0,1" hai="12,17,22,23,26,31,44,51,52,53,58,62,64,67" machi="22" ten="20,18000,2" yaku="1,1,0,1,7,1,8,1,54,1,53,1" doraHai="78" doraHaiUra="56" who="3" fromWho="3" sc="513,-60,117,-60,175,-60,185,190" /><INIT seed="3,1,0,2,1,123" ten="453,57,115,375" oya="3" hai0="110,125,18,23,72,39,33,75,34,12,102,115,1" hai1="7,28,25,44,128,56,126,85,79,129,30,53,10" hai2="41,38,117,9,57,15,6,122,97,37,112,21,32" hai3="87,14,132,96,106,134,101,35,92,69,104,103,61"/><W113/><G35/><T8/><D39/><U127/><E44/><V74/><F117/><W78/><G69/><T90/><D102/><U20/><E85/><V26/><F112/><W42/><G42/><T118/><D90/><U47/><E56/><V71/><F32/><N who="0" m="12394" /><D118/><U68/><E53/><V99/><F71/><W27/><G61/><T95/><D95/><U13/><E47/><V67/><F122/><W131/><G113/><T94/><D94/><U93/><E93/><V82/><F38/><W48/><G48/><T50/><D50/><U40/><E79/><V55/><F67/><W100/><G27/><N who="0" m="14839" /><D115/><U133/><E40/><V98/><F41/><W88/><G131/><N who="1" m="50250" /><E68/><V17/><F37/><W83/><G14/><T116/><D12/><U121/><E121/><V11/><F74/><W81/><G81/><T135/><D116/><U86/><E86/><V36/><F82/><W64/><G64/><T89/><D75/><U91/><E91/><V46/><F36/><W66/><G66/><T60/><D89/><U2/><E13/><V16/><F46/><W70/><G70/><T84/><D72/><U3/><E3/><V54/><F57/><W80/><G80/><T65/><D60/><U4/><E4/><V62/><F62/><W31/><G31/><T73/><D65/><U130/><N who="1" m="50258" /><U45/><DORA hai="59" /><E45/><V63/><REACH who="2" step="1"/><F63/><REACH who="2" step="2"/><W124/><REACH who="3" step="1"/><G124/><REACH who="3" step="2"/><N who="1" m="47658" /><E30/><V107/><F107/><AGARI ba="1,2" hai="78,83,87,88,92,96,100,101,103,104,106,107,132,134" machi="107" ten="40,12000,1" yaku="1,1,34,3,54,1,53,0" doraHai="123,59" doraHaiUra="105,120" who="3" fromWho="2" sc="453,0,57,0,105,-123,365,143" owari="453,25,57,-34,-18,-52,508,61" /></mjloggm>