<mjloggm ver="2.3"><GO type="97"/><UN n0="%6B%6D%6F%32" n1="%54%65%61%54%79%70%65" n2="%E3%82%A6%E3%83%AB%E3%83%88%E3%83%A9%E7%AB%8B%E7%9B%B4" n3="%74%6F%75%68%75%6B%61" dan="14,14,13,13" rate="1938,1907,1854,1855" sx="M,F,M,M"/><TAIKYOKU oya="0"/><INIT seed="0,0,0,0,3,101" ten="250,250,250,250" oya="0" hai0="56,135,28,115,55,67,113,5,39,97,50,119,78" hai1="63,65,81,38,70,69,35,109,92,93,62,84,118" hai2="44,12,18,82,98,26,110,103,10,132,4,60,114" hai3="120,25,0,43,74,89,102,45,1,66,6,47,14" shuffle="mt19937ar,AD0AE183,55BC492A,6249C83A,D1824A6D,7A82238E,39A2EC3B,B1EE0B8D,7DAAE88B"/><T105/><D119/><U134/><E118/><V76/><F114/><W32/><G120/><T128/><D39/><U123/><E35/><V41/><F110/><W64/><G14/><T31/><D135/><U29/><E29/><V117/><F117/><W85/><G89/><T49/><D128/><U53/><E38/><V11/><F132/><W13/><G85/><T133/><D133/><U24/><E109/><V96/><F60/><W100/><G13/><T68/><D5/><U57/><E123/><V86/><F103/><W71/><G100/><T52/><D28/><U111/><E111/><V36/><F26/><W127/><G66/><T51/><D78/><U73/><E73/><V3/><AGARI ba="0,0" hai="3,4,10,11,12,18,36,41,44,76,82,86,96,98" machi="3" ten="20,1500,0" yaku="0,1,7,1" doraHai="101" who="2" fromWho="2" sc="250,-7,250,-4,250,15,250,-4" /><INIT seed="1,0,0,5,2,30" ten="243,246,265,246" oya="1" hai0="54,4,78,76,92,19,122,39,6,128,46,68,27" hai1="82,22,69,132,85,15,89,50,74,51,23,120,99" hai2="95,77,108,43,111,65,35,26,25,58,115,28,67" hai3="56,17,84,66,125,107,124,102,88,34,106,24,114" shuffle="mt19937ar,D3278FFD,BECFAAE7,AC778BF3,B7092352,32EBAAD4,8A41EB30,08040575,E41ADACD"/><U11/><E120/><V0/><F0/><W100/><G114/><T21/><D122/><U40/><E69/><V7/><F7/><W62/><G107/><T37/><D68/><U97/><E74/><V104/><F104/><W10/><G10/><T73/><D128/><U126/><E126/><N who="3" m="48746" /><G106/><T52/><D92/><N who="1" m="56463" /><E99/><V3/><F3/><W60/><G17/><T112/><D112/><U129/><E129/><V13/><F115/><W64/><G24/><T8/><D4/><U103/><E103/><V91/><F26/><W29/><G29/><T135/><D135/><U127/><E127/><V110/><F13/><W133/><G34/><T83/><D76/><N who="1" m="46279" /><E132/><V41/><F77/><W55/><G133/><T93/><D93/><U1/><E1/><V80/><F80/><N who="3" m="49159" /><G55/><T48/><REACH who="0" step="1"/><D54/><REACH who="0" step="2"/><U61/><E40/><N who="2" m="15435" /><F58/><AGARI ba="0,1" hai="56,58,60,62,64,66,100,102" m="49159,48746" machi="58" ten="30,2000,0" yaku="18,1,54,1" doraHai="30" who="3" fromWho="2" sc="233,0,246,0,265,-20,246,30" /><INIT seed="2,0,0,4,0,34" ten="233,246,245,276" oya="2" hai0="88,109,113,82,36,107,56,23,0,105,115,64,25" hai1="19,78,13,68,62,98,51,132,114,131,124,96,22" hai2="118,29,135,3,97,15,50,103,75,71,44,100,6" hai3="10,24,39,30,66,77,21,17,122,112,79,76,74" shuffle="mt19937ar,C33A626F,B1A98276,525B1B9F,8340529B,0715AA75,E39B8809,DCE19796,620E29EA"/><V58/><F71/><W53/><G122/><T89/><D36/><U104/><E114/><V125/><F75/><W69/><G112/><T4/><D109/><U73/><E124/><V5/><F125/><W33/><G39/><T46/><D115/><U55/><E131/><V123/><F118/><W72/><G10/><T31/><D113/><U18/><E132/><V86/><F3/><W43/><G43/><T40/><D64/><U110/><E110/><V111/><F111/><W11/><G11/><T93/><D56/><U128/><E128/><V133/><F123/><W92/><G92/><T49/><D4/><U91/><E78/><V2/><F2/><W81/><G72/><T41/><D0/><U116/><E73/><V85/><F29/><W130/><G130/><T80/><D40/><U7/><E7/><V63/><F15/><W119/><G119/><T54/><D54/><U120/><E120/><V28/><F28/><W48/><G66/><T26/><D26/><U126/><E126/><V67/><F6/><W42/><G42/><T95/><D107/><U52/><E104/><V108/><F5/><W16/><G17/><T57/><D57/><N who="1" m="35111" /><E68/><V65/><F65/><W101/><G101/><N who="2" m="38985" /><F97/><W117/><G69/><T70/><D70/><U106/><E106/><V20/><F20/><W87/><G117/><T102/><D102/><U47/><E116/><V1/><F1/><W38/><G74/><T35/><D35/><U90/><E19/><V27/><F108/><W134/><G38/><T9/><D105/><U94/><E98/><V45/><F27/><N who="3" m="14759" /><G134/><N who="2" m="51209" /><F45/><W121/><G121/><RYUUKYOKU ba="0,0" sc="233,-30,246,10,245,10,276,10" hai1="13,18,22,47,51,55,90,91,94,96" hai2="44,50,58,63,67,85,86" hai3="24,30,33,48,53,76,77,79,81,87" /><INIT seed="2,1,0,4,4,49" ten="203,256,255,286" oya="2" hai0="34,87,1,99,32,43,100,126,88,3,5,124,59" hai1="35,116,54,61,123,133,14,48,9,28,125,131,57" hai2="18,134,121,92,114,53,40,23,15,60,26,21,113" hai3="11,45,91,73,71,76,135,106,46,115,74,75,66" shuffle="mt19937ar,B45941EC,41F22DB9,A5BF1476,53D28C2F,1DAFC394,0BA16108,A65F6182,D80F6489"/><V89/><F121/><W93/><G106/><T12/><D43/><U30/><E123/><V69/><F40/><W82/><G115/><T6/><D59/><U85/><E116/><V107/><F107/><W2/><G135/><T19/><D99/><U36/><E36/><V95/><F134/><W105/><G105/><T22/><D100/><U130/><E133/><V80/><F80/><W117/><G117/><T112/><D88/><U86/><E125/><N who="0" m="48233" /><D87/><U84/><E48/><V79/><F79/><W50/><G46/><T72/><D72/><U78/><E78/><V129/><F129/><N who="1" m="49161" /><E35/><N who="0" m="13353" /><D112/><U13/><E13/><V118/><F118/><W127/><G127/><T103/><D103/><U63/><E63/><V37/><F37/><W58/><G71/><T104/><D104/><U17/><AGARI ba="1,0" hai="9,14,17,28,30,54,57,61,84,85,86" m="49161" machi="17" ten="30,2000,0" yaku="19,1,52,1" doraHai="49" who="1" fromWho="1" sc="203,-6,256,23,255,-11,286,-6" /><INIT seed="3,0,0,3,1,94" ten="197,279,244,280" oya="3" hai0="92,38,58,129,95,12,70,132,42,63,56,2,77" hai1="36,66,98,64,54,47,88,127,53,51,86,115,119" hai2="134,99,39,71,117,11,104,46,76,102,112,103,7" hai3="48,19,126,133,31,55,3,87,0,8,62,131,118" shuffle="mt19937ar,C58CF559,8A345F6C,D1E696CD,DA3E314E,5D16350B,C7BCA50E,AEFDA75B,276C2B86"/><W123/><G123/><T20/><D2/><U24/><E115/><V50/><F103/><W21/><G118/><T121/><D121/><U10/><E119/><V80/><F117/><W101/><G126/><T128/><D132/><U26/><E127/><V33/><F112/><W4/><G133/><T93/><D77/><U122/><E122/><V65/><F134/><W5/><G131/><N who="0" m="50251" /><D42/><U68/><E36/><V91/><F91/><W27/><G62/><T29/><D38/><U75/><E75/><V52/><F39/><W84/><G101/><T125/><D125/><U105/><E68/><V14/><F33/><W83/><G83/><T89/><D89/><U6/><E105/><V43/><F65/><N who="1" m="25193" /><E54/><V109/><F71/><W45/><G31/><T61/><D70/><U16/><E6/><V120/><F120/><W17/><G17/><N who="0" m="10279" /><D29/><U15/><E98/><V57/><F109/><W67/><G67/><T113/><D113/><U60/><E60/><AGARI ba="0,0" hai="56,58,60,61,63,92,93,95" m="10279,50251" machi="60" ten="30,1000,0" yaku="19,1" doraHai="94" who="0" fromWho="1" sc="197,10,279,-10,244,0,280,0" /><INIT seed="4,0,0,5,0,5" ten="207,269,244,280" oya="0" hai0="67,78,88,108,54,16,110,122,7,85,62,79,82" hai1="114,33,59,133,38,8,0,100,72,60,102,119,125" hai2="47,112,36,48,63,34,50,32,86,129,23,83,41" hai3="49,96,101,57,80,43,92,123,128,10,103,11,45" shuffle="mt19937ar,BE6698F7,6756AD6E,45A946D7,B0AE10E3,C1D374C1,E674B2B4,8F90A624,91DA2101"/><T116/><D116/><U106/><RYUUKYOKU type="yao9" ba="0,0" sc="207,0,269,0,244,0,280,0" hai1="0,8,33,38,59,60,72,100,102,106,114,119,125,133" /><INIT seed="4,1,0,4,1,55" ten="207,269,244,280" oya="0" hai0="56,1,62,80,76,107,18,52,78,27,71,134,35" hai1="104,82,54,44,83,10,101,100,33,17,46,68,94" hai2="25,2,51,126,115,105,122,53,63,103,29,99,4" hai3="118,79,39,37,74,128,67,32,48,40,23,36,61" shuffle="mt19937ar,7CB6EA85,62FABD27,5FCEC252,18A460BD,C8AE11F3,96FA6833,541F3279,96718913"/><T22/><D107/><U49/><E104/><V135/><F122/><W30/><G32/><T119/><D119/><U127/><E33/><V43/><F126/><W42/><G79/><T11/><D35/><U47/><E68/><V31/><F135/><W90/><G74/><T108/><D134/><U66/><E66/><V91/><F115/><W114/><G114/><T26/><D108/><U113/><E113/><V95/><F43/><W117/><G90/><T129/><D129/><U111/><E111/><V64/><F4/><W130/><G30/><T0/><D71/><U24/><E127/><V85/><F2/><W92/><G92/><T20/><D11/><U70/><E70/><V131/><F131/><N who="3" m="50219" /><G23/><T93/><D93/><U109/><E109/><V81/><F63/><W57/><G48/><T87/><D76/><U5/><E5/><V125/><F64/><W50/><G50/><T112/><D112/><U120/><E120/><V13/><F125/><W3/><G3/><T65/><D65/><U8/><E24/><V9/><F105/><W84/><G84/><T73/><D73/><U38/><E38/><V45/><F25/><W89/><G89/><T41/><D41/><AGARI ba="1,0" hai="36,37,39,40,41,42,57,61,67,117,118" m="50219" machi="41" ten="40,8000,1" yaku="19,1,34,2,52,1" doraHai="55" who="3" fromWho="0" sc="207,-83,269,0,244,0,280,83" owari="124,-28,269,2,244,-11,363,37" /></mjloggm>