<mjloggm ver="2.3"><GO type="41"/><UN n0="%E5%9B%9B%E6%97%A5%E5%B8%82" n1="%E3%83%8D%E3%82%B3%E3%81%8C%E5%AF%9D%E3%81%A6%E3%81%8B%E3%82%89" n2="%E3%82%A6%E3%83%AB%E3%83%88%E3%83%A9%E7%AB%8B%E7%9B%B4" n3="%E3%82%B5%E3%83%90%E3%82%A8%E3%83%96" dan="14,14,15,13" rate="1956,1933,1968,1833" sx="M,M,M,M"/><TAIKYOKU oya="0"/><INIT seed="0,0,0,2,1,103" ten="250,250,250,250" oya="0" hai0="33,118,2,3,127,67,70,25,77,78,122,93,128" hai1="90,111,14,97,110,6,102,105,115,68,107,50,75" hai2="42,124,132,19,0,125,113,87,133,39,92,27,108" hai3="22,26,31,58,72,112,62,56,29,54,21,18,82"/><T12/><D122/><U101/><E68/><V74/><F42/><W99/><G112/><T10/><D118/><U1/><E1/><V48/><F48/><W41/><G41/><T88/><D128/><U5/><E115/><V130/><F27/><W63/><G72/><T94/><D127/><U45/><E75/><V91/><F19/><W61/><G82/><T64/><D70/><U53/><E90/><V49/><F49/><W51/><G99/><T9/><D33/><U32/><E32/><V13/><F13/><N who="3" m="9423" /><G31/><T55/><D25/><U96/><E14/><V129/><F0/><W47/><AGARI ba="0,0" hai="22,26,29,47,51,54,56,58,61,62,63" m="9423" machi="47" ten="30,1100,0" yaku="8,1" doraHai="103" who="3" fromWho="3" sc="250,-5,250,-3,250,-3,250,11" /><INIT seed="1,0,0,3,0,122" ten="245,247,247,261" oya="1" hai0="85,9,32,50,52,118,31,14,34,11,132,116,43" hai1="54,107,77,6,40,45,19,49,36,133,69,53,21" hai2="115,16,90,101,105,3,25,58,29,87,65,93,47" hai3="22,59,114,30,8,83,100,70,18,42,104,117,13"/><U0/><E107/><V128/><F3/><W27/><G70/><T62/><D132/><U35/><E69/><V78/><F128/><W64/><G114/><T80/><D43/><U110/><E133/><V5/><F5/><W131/><G131/><T46/><D62/><U12/><E35/><V95/><F115/><W127/><G127/><T97/><D97/><U124/><E124/><V33/><F78/><W15/><G117/><T112/><D112/><U82/><E110/><V86/><F105/><W23/><G42/><T125/><D125/><U79/><E79/><V71/><F71/><W126/><G126/><T51/><D51/><U121/><E49/><V44/><F58/><W134/><G134/><T67/><D67/><U76/><E76/><V61/><F65/><W41/><G41/><T94/><D94/><U56/><E56/><V103/><F61/><W119/><G119/><T102/><D102/><U98/><E98/><V57/><F57/><W39/><G39/><T89/><D9/><N who="1" m="2247" /><E121/><V2/><F2/><W7/><G104/><T28/><D118/><U109/><E109/><V92/><F92/><W24/><G100/><T120/><D116/><U63/><E63/><V74/><F33/><N who="0" m="12906" /><D120/><U96/><E96/><V99/><F99/><W123/><G123/><T68/><D68/><U135/><E135/><V55/><F103/><W111/><G111/><T1/><D1/><U26/><E26/><V84/><F101/><W106/><G106/><T130/><D130/><U91/><E91/><V60/><F25/><N who="3" m="16695" /><G83/><T73/><D73/><AGARI ba="0,0" hai="12,19,21,36,40,45,53,54,73,77,82" m="2247" machi="73" ten="30,1500,0" yaku="25,1" doraHai="122" who="1" fromWho="0" sc="245,-15,247,15,247,0,261,0" /><INIT seed="1,1,0,4,2,86" ten="230,262,247,261" oya="1" hai0="19,3,74,28,46,63,55,0,125,83,89,15,31" hai1="88,8,57,92,113,38,14,49,105,99,39,73,30" hai2="76,115,35,93,97,24,65,9,62,94,120,23,21" hai3="13,25,79,122,27,80,11,95,126,66,112,96,40"/><U2/><E113/><V26/><F120/><W121/><G112/><T87/><D74/><U109/><E73/><V36/><F36/><W58/><G126/><T131/><D125/><U127/><E127/><V91/><F76/><W124/><G124/><T4/><D131/><U7/><E105/><V85/><F9/><W6/><G40/><T68/><D4/><U75/><E75/><V102/><F115/><W41/><G41/><T67/><D3/><U64/><E109/><V117/><F117/><W123/><G66/><T50/><D0/><U114/><E114/><V44/><F44/><W106/><G106/><T12/><D12/><U129/><E129/><V32/><F23/><W20/><G58/><T22/><AGARI ba="1,0" hai="15,19,22,28,31,46,50,55,63,67,68,83,87,89" machi="22" ten="20,2700,0" yaku="0,1,7,1,52,1" doraHai="86" who="0" fromWho="0" sc="230,30,262,-14,247,-8,261,-8" /><INIT seed="2,0,0,0,3,105" ten="260,248,239,253" oya="2" hai0="73,36,20,101,135,88,114,19,5,33,85,123,28" hai1="50,134,51,76,24,96,42,12,69,122,82,80,87" hai2="65,39,95,90,2,34,6,64,106,31,124,118,57" hai3="15,115,67,97,60,86,56,58,107,26,8,9,120"/><V104/><F118/><W91/><G120/><T29/><D114/><U17/><E69/><V129/><F39/><W102/><G115/><T81/><D123/><U10/><E122/><V18/><F31/><W79/><G79/><T22/><D36/><U74/><E134/><V75/><F34/><W14/><G26/><T38/><D38/><U47/><E96/><V121/><F6/><W132/><G132/><T126/><D135/><U45/><E24/><V113/><F2/><W55/><G8/><T66/><D126/><U37/><E47/><V11/><F121/><W94/><G9/><T52/><D73/><U49/><REACH who="1" step="1"/><E37/><REACH who="1" step="2"/><V116/><F113/><W27/><G27/><T128/><D128/><U59/><E59/><V98/><F116/><W112/><G112/><T43/><D33/><U53/><E53/><V13/><F129/><W78/><G78/><AGARI ba="0,1" hai="10,12,17,42,45,49,50,51,74,76,78,80,82,87" machi="78" ten="30,3900,0" yaku="1,1,7,1,52,1,53,0" doraHai="105" doraHaiUra="3" who="1" fromWho="3" sc="260,0,238,49,239,0,253,-39" /><INIT seed="3,0,0,4,2,114" ten="260,287,239,214" oya="3" hai0="6,112,9,55,13,40,42,126,22,100,101,88,78" hai1="3,28,12,1,37,87,127,122,72,31,20,134,53" hai2="51,74,66,120,113,107,48,75,106,116,67,30,59" hai3="125,110,58,38,82,77,61,95,23,32,128,109,68"/><W29/><G32/><T45/><D126/><U105/><E122/><V64/><F30/><W80/><G68/><T119/><D119/><U91/><E105/><V65/><F65/><W103/><G125/><T26/><D112/><U36/><E72/><V108/><F113/><W39/><G128/><T56/><D78/><U57/><E127/><V130/><F59/><W17/><G29/><T115/><D115/><U135/><E31/><V11/><F11/><W47/><G47/><T62/><D88/><U123/><E123/><V4/><F4/><W63/><G63/><T50/><REACH who="0" step="1"/><D42/><REACH who="0" step="2"/><U117/><E91/><V5/><F120/><W7/><G103/><T84/><D84/><U41/><E87/><V124/><F124/><W99/><G77/><T15/><D15/><U27/><E117/><V14/><F130/><W90/><G80/><T43/><D43/><U79/><E12/><V0/><F14/><N who="3" m="9655" /><G82/><T86/><D86/><U94/><E79/><V121/><F121/><W16/><G7/><T69/><D69/><U49/><E41/><V8/><F116/><W10/><G110/><T76/><D76/><U133/><REACH who="1" step="1"/><E94/><REACH who="1" step="2"/><V2/><F108/><W18/><G109/><T85/><D85/><U97/><E97/><V98/><F98/><W60/><G99/><T21/><D21/><U102/><E102/><V34/><F106/><W96/><G96/><T132/><D132/><U71/><E71/><V35/><F107/><W33/><G95/><T93/><D93/><U54/><E54/><V73/><F0/><AGARI ba="0,2" hai="0,1,3,20,27,28,36,37,49,53,57,133,134,135" machi="0" ten="50,3200,0" yaku="1,1,20,1,53,0" doraHai="114" doraHaiUra="83" who="1" fromWho="2" sc="250,0,277,52,239,-32,214,0" /><INIT seed="4,0,0,0,4,113" ten="250,329,207,214" oya="0" hai0="0,61,87,56,114,95,42,10,117,29,131,94,119" hai1="99,97,59,69,8,53,104,36,4,103,12,106,65" hai2="25,132,111,31,9,130,30,100,133,67,20,27,120" hai3="79,48,68,45,78,38,52,19,107,115,35,26,58"/><T135/><D114/><U5/><E36/><V108/><F67/><W129/><G107/><T91/><D135/><N who="2" m="51786" /><F100/><W60/><G115/><T116/><D42/><U14/><E69/><V54/><F54/><W3/><G3/><T81/><D29/><U7/><E65/><V85/><F85/><W34/><G129/><T47/><D47/><U32/><E32/><N who="2" m="20559" /><F120/><W101/><G101/><T2/><D131/><U71/><E71/><V127/><F130/><W83/><G78/><T43/><D43/><U57/><E103/><V23/><F127/><W16/><G68/><T122/><D122/><U46/><E46/><V22/><F9/><W90/><G90/><T124/><D124/><U93/><E93/><V64/><F64/><W50/><G38/><T102/><D10/><U49/><E59/><V80/><F80/><W70/><G70/><T39/><D39/><U17/><REACH who="1" step="1"/><E14/><REACH who="1" step="2"/><V40/><F40/><W89/><G45/><T88/><D102/><U86/><E86/><V109/><AGARI ba="0,1" hai="20,22,23,27,31,108,109,111" m="20559,51786" machi="109" ten="40,5200,0" yaku="20,1,34,2" doraHai="113" who="2" fromWho="2" sc="250,-26,319,-13,207,62,214,-13" /><INIT seed="5,0,0,5,2,97" ten="224,306,269,201" oya="1" hai0="8,104,94,132,92,54,58,96,46,39,99,57,14" hai1="44,17,60,82,62,117,124,10,52,5,111,56,19" hai2="55,106,9,59,16,130,51,131,41,72,134,78,77" hai3="12,74,101,11,66,32,118,7,26,122,81,2,108"/><U23/><E117/><V125/><F72/><W35/><G108/><T13/><D132/><U90/><E124/><V93/><F106/><W37/><G122/><T25/><D104/><U71/><E111/><V4/><F134/><W22/><G118/><T112/><D112/><U110/><E110/><V86/><F41/><W53/><G37/><T20/><D39/><U6/><E71/><V76/><F125/><W107/><G66/><T87/><D87/><N who="1" m="50551" /><E44/><V45/><F45/><W103/><G53/><T89/><D46/><U127/><E127/><V102/><F16/><N who="1" m="6217" /><E23/><V50/><F130/><W69/><G69/><T116/><D8/><U49/><E10/><V38/><F38/><W79/><G2/><T34/><D34/><U109/><E109/><V85/><F131/><W83/><G83/><T114/><D114/><U64/><E64/><V1/><F86/><W129/><G129/><T133/><D133/><U113/><E113/><V0/><F0/><W105/><G105/><T70/><D70/><U61/><AGARI ba="0,0" hai="5,6,49,52,56,60,61,62" m="6217,50551" machi="61" ten="30,6000,0" yaku="8,1,54,2" doraHai="97" who="1" fromWho="1" sc="224,-20,306,60,269,-20,201,-20" /><INIT seed="5,1,0,2,5,111" ten="204,366,249,181" oya="1" hai0="5,82,0,46,24,18,74,83,17,87,70,44,12" hai1="108,134,41,76,22,59,93,67,66,39,127,49,115" hai2="25,57,21,79,117,103,114,38,133,31,85,128,54" hai3="61,104,88,86,75,8,89,125,50,48,36,6,29"/><U14/><E39/><V121/><F38/><W13/><G36/><T30/><D70/><U11/><E108/><V26/><F121/><W33/><G75/><T100/><D74/><U94/><E134/><V73/><F73/><W99/><G125/><T45/><D100/><U4/><E127/><V123/><F123/><W28/><G61/><T112/><D112/><U69/><E115/><V60/><F133/><W91/><G104/><T130/><D130/><U53/><E69/><V96/><F128/><W135/><G135/><T80/><D0/><U35/><E35/><V116/><F114/><W126/><G126/><T3/><D3/><U72/><E41/><V113/><F113/><W2/><G99/><T58/><D58/><U7/><E4/><V55/><F116/><W105/><G105/><T16/><D5/><U102/><E22/><V68/><F68/><W71/><G71/><T56/><D12/><U65/><REACH who="1" step="1"/><E102/><REACH who="1" step="2"/><V27/><F117/><W101/><G101/><T20/><D56/><U1/><E1/><V42/><F42/><W52/><G33/><T77/><AGARI ba="1,1" hai="16,17,18,20,24,30,44,45,46,77,80,82,83,87" machi="77" ten="30,4000,0" yaku="0,1,8,1,54,1" doraHai="111" who="0" fromWho="0" sc="204,53,356,-21,249,-11,181,-11" /><INIT seed="6,0,0,2,3,38" ten="257,335,238,170" oya="2" hai0="77,47,20,27,120,55,19,69,2,92,64,110,72" hai1="34,17,0,22,3,74,51,84,135,82,52,85,103" hai2="67,45,128,99,98,53,73,4,62,40,36,71,106" hai3="95,56,33,44,29,124,89,129,83,46,49,60,126"/><V50/><F73/><W111/><G111/><T5/><D110/><U7/><E34/><V68/><F128/><W78/><G129/><T80/><D120/><U79/><E135/><V119/><F119/><W97/><G33/><T61/><D92/><U48/><E103/><V90/><F71/><W24/><G29/><T132/><D132/><U42/><E0/><V70/><F70/><W108/><G24/><T122/><D122/><U37/><E48/><V14/><F106/><W57/><G108/><T100/><D100/><U35/><E35/><V75/><F75/><W118/><G118/><T114/><D114/><U101/><E101/><V30/><F30/><W93/><G93/><T96/><D96/><U134/><E134/><V8/><REACH who="2" step="1"/><F90/><REACH who="2" step="2"/><W6/><G126/><T28/><D28/><U39/><E74/><V25/><F25/><W133/><G124/><T116/><D116/><U113/><E113/><V23/><F23/><W127/><G133/><T1/><D69/><U58/><E22/><V13/><F13/><W130/><G127/><T43/><D1/><U41/><E3/><V123/><F123/><W112/><G130/><T59/><D2/><U21/><E7/><V107/><F107/><W105/><G105/><T11/><D5/><U54/><E85/><V76/><F76/><W31/><G112/><T117/><D117/><U63/><E21/><V26/><F26/><W15/><G31/><T104/><D104/><U10/><E10/><V9/><F9/><W109/><G109/><T12/><D11/><U87/><E87/><V66/><F66/><W86/><G6/><RYUUKYOKU ba="0,1" sc="257,-10,335,-10,228,30,170,-10" hai2="4,8,14,36,40,45,50,53,62,67,68,98,99" /><INIT seed="6,1,1,3,1,20" ten="247,325,258,160" oya="2" hai0="86,74,46,22,39,105,101,54,114,71,99,134,111" hai1="5,124,93,130,64,6,94,66,106,108,92,63,98" hai2="57,126,13,76,55,70,25,125,31,51,118,104,32" hai3="9,50,102,19,59,107,68,18,42,135,4,67,131"/><V84/><F104/><W24/><G135/><T7/><D111/><U27/><E108/><V26/><F70/><W97/><G131/><T128/><D114/><U82/><E130/><V120/><F120/><W49/><G68/><T85/><D71/><U43/><E124/><N who="2" m="47723" /><F118/><W60/><G42/><T33/><D33/><U121/><E121/><V65/><F65/><W47/><G47/><T87/><D134/><U36/><E66/><V123/><F123/><W0/><G18/><T14/><D128/><U110/><E110/><V79/><F84/><W23/><AGARI ba="1,1" hai="0,4,9,19,23,24,49,50,59,60,67,97,102,107" machi="23" ten="30,2000,0" yaku="0,1,52,1" doraHai="20" who="3" fromWho="3" sc="247,-6,325,-6,258,-11,160,33" /><INIT seed="7,0,0,5,3,89" ten="241,319,247,193" oya="3" hai0="106,50,16,102,26,98,115,71,73,97,84,112,10" hai1="20,70,69,125,51,9,107,30,33,38,65,93,34" hai2="81,53,111,52,37,54,25,23,108,80,4,82,118" hai3="42,67,24,83,15,114,19,87,12,130,122,131,41"/><W1/><G122/><T126/><D126/><U46/><E125/><V0/><F37/><W74/><G74/><T60/><D73/><U8/><E38/><V66/><F118/><W39/><G1/><T96/><D50/><U57/><E107/><V18/><F0/><W13/><G67/><T129/><D129/><N who="3" m="49161" /><G39/><T104/><D84/><U85/><E70/><V105/><F4/><W56/><G114/><N who="0" m="43563" /><D102/><U68/><E68/><V110/><F66/><W86/><G56/><T78/><D78/><U79/><E69/><V36/><F36/><W17/><G87/><T58/><D71/><U48/><E34/><V88/><REACH who="2" step="1"/><F105/><REACH who="2" step="2"/><W103/><G103/><T3/><D3/><U99/><E65/><V29/><F29/><W32/><G32/><T77/><D106/><U76/><E33/><V75/><F75/><W40/><G24/><T127/><D104/><U21/><E30/><V7/><F7/><W109/><G109/><T134/><D127/><U6/><E6/><V133/><F133/><W119/><G119/><T135/><D134/><U43/><E43/><V113/><F113/><W117/><G117/><T132/><D135/><U2/><E2/><V123/><F123/><W95/><G95/><T49/><D132/><U92/><E99/><V11/><F11/><W59/><G59/><T28/><D10/><U124/><E124/><V27/><F27/><W5/><G5/><T94/><D98/><U35/><E35/><V128/><F128/><W120/><G120/><T121/><D97/><U31/><E31/><V116/><F116/><W100/><G100/><N who="0" m="60439" /><D121/><U90/><E8/><RYUUKYOKU ba="0,1" sc="241,-15,319,-15,237,15,193,15" hai2="18,23,25,52,53,54,80,81,82,88,108,110,111" hai3="12,13,15,17,19,40,41,42,83,86" /><INIT seed="7,1,1,2,5,81" ten="226,304,252,208" oya="3" hai0="76,101,105,127,65,55,73,26,20,83,36,114,122" hai1="25,69,9,130,46,15,33,5,111,14,116,11,121" hai2="4,27,1,41,77,71,100,85,38,30,39,94,135" hai3="84,93,59,82,129,49,6,78,57,87,19,23,8"/><W72/><G129/><T132/><D122/><U32/><E69/><V123/><F71/><W91/><G72/><T128/><D128/><U80/><E130/><V103/><F39/><W119/><G119/><T10/><D36/><U12/><E80/><N who="2" m="47247" /><F38/><W102/><G102/><T67/><D132/><U60/><E60/><V98/><F1/><W95/><G95/><T7/><D127/><U124/><E124/><V44/><F135/><W115/><G115/><T34/><D34/><N who="1" m="13419" /><E46/><V24/><F4/><W113/><G113/><T50/><D101/><U45/><E45/><V125/><F125/><W110/><G110/><T56/><D105/><U0/><E111/><V134/><F134/><W109/><G109/><T16/><REACH who="0" step="1"/><D114/><REACH who="0" step="2"/><U42/><E121/><V63/><F103/><W53/><G6/><T117/><D117/><U2/><E116/><V89/><F100/><W126/><G126/><T97/><D97/><U58/><E58/><V92/><F123/><W68/><G68/><T61/><D61/><U108/><E108/><V99/><F63/><W96/><G96/><T13/><AGARI ba="1,2" hai="7,10,13,16,20,26,50,55,56,65,67,73,76,83" machi="13" ten="20,8000,1" yaku="1,1,0,1,7,1,54,1,53,1" doraHai="81" doraHaiUra="52" who="0" fromWho="0" sc="216,103,304,-21,252,-21,208,-41" owari="319,42,283,8,231,-17,167,-33" /></mjloggm>