<mjloggm ver="2.3"><GO type="97"/><UN n0="%E9%9F%BF%E4%B8%89%E5%A7%89%E5%A6%B9" n1="%E3%82%A6%E3%83%AB%E3%83%88%E3%83%A9%E7%AB%8B%E7%9B%B4" n2="%79%61%73%79%6F%6B%75" n3="%6F%6E%69%72%6F%6B%75" dan="15,13,14,14" rate="2018,1837,1949,1918" sx="F,M,M,M"/><TAIKYOKU oya="0"/><INIT seed="0,0,0,5,4,64" ten="250,250,250,250" oya="0" hai0="35,127,135,99,7,29,117,45,100,98,115,41,5" hai1="71,108,73,93,67,130,47,114,37,38,107,118,128" hai2="10,50,129,4,121,49,53,112,78,56,109,26,17" hai3="68,34,82,14,46,39,25,72,1,65,124,13,113" shuffle="mt19937ar,20FF8695,EE2FCA03,53DE581E,95C47CAE,C46A5169,27DC564D,2F1E6A43,B8F88CFC,17828167,2BC17853,E81EF930,CB5677D6,06E52EDA,C49CDD66,4F1D9410,9878F087,BFC8D5B6,E4A47244,16A605C5,63FC68D9,3A9CD660,5D75E6B6,B2CE2DEA,09B82CF6,77C5AA40,FE2FDC07,677E4BC9,94E0794A,CB91D00C,71C1C231,3E1D819F,4A46FF21"/><T102/><D117/><U27/><E93/><V33/><F112/><W131/><G1/><T89/><D115/><U120/><E27/><V9/><F121/><W122/><G113/><T18/><D135/><U104/><E47/><V40/><F129/><W119/><G131/><T90/><D18/><U8/><E8/><V76/><F109/><W57/><G124/><T52/><D127/><U44/><E67/><V83/><F83/><W134/><G122/><T66/><D66/><U21/><E21/><V77/><F40/><W111/><G134/><T91/><D35/><U36/><E44/><V84/><F84/><W86/><G119/><T19/><D29/><U58/><E58/><V88/><F33/><W116/><G72/><T69/><D69/><U43/><E43/><V48/><F88/><N who="3" m="51287" /><G68/><T79/><D79/><U54/><E54/><V126/><F126/><W74/><G111/><T24/><D41/><U97/><E97/><N who="0" m="36873" /><D19/><U87/><E87/><V110/><F110/><W12/><G74/><T2/><D24/><U22/><E37/><V59/><F59/><W125/><G34/><T103/><D2/><U96/><E38/><V75/><F75/><W85/><G125/><T63/><D45/><U81/><E36/><V42/><F42/><W132/><G39/><T123/><D123/><U20/><E120/><V95/><F56/><AGARI ba="0,0" hai="5,7,52,56,63,89,90,91,100,102,103" m="36873" machi="56" ten="40,3900,0" yaku="8,1,54,1" doraHai="64" who="0" fromWho="2" sc="250,39,250,0,250,-39,250,0" /><INIT seed="0,1,0,5,5,84" ten="289,250,211,250" oya="0" hai0="87,89,47,105,21,116,81,62,24,129,23,25,74" hai1="48,26,34,131,39,71,18,100,13,103,120,119,15" hai2="83,29,123,6,111,49,52,58,65,4,99,107,95" hai3="70,86,44,20,134,85,8,42,126,7,50,11,12" shuffle="mt19937ar,59033A8A,2A0BAF44,5E6470C9,F72A9AC8,7E5F118D,F67133F2,ECBEB678,076DCE5B,42611A5E,DCA8C9CD,18C12CB9,9409E070,6C8B8E59,6F3F288C,070A3B56,C2C7E2A7,F90A7689,62EB117F,E4C0056E,FFE8BFBB,10C4D82B,CEB5B453,E3AD588E,61926596,CAA2A9FE,313FA175,C7792C54,3A1D8CE2,F7068BD4,EA0A14AD,7D5353BE,63ECA961"/><T46/><D116/><U106/><E39/><V36/><F123/><W77/><G70/><T43/><D74/><U109/><E120/><V56/><F36/><W40/><G126/><T41/><D105/><U125/><E119/><V60/><F107/><W115/><G134/><T16/><D62/><U31/><E125/><V80/><F29/><W79/><G115/><T27/><D129/><U63/><E131/><V104/><F104/><W35/><G35/><T108/><D108/><U122/><E122/><V3/><F3/><W73/><G73/><T101/><D101/><U66/><E103/><V133/><F133/><W110/><G110/><T102/><D102/><U53/><E18/><V88/><F111/><W69/><G69/><T96/><D96/><U127/><E127/><V113/><F113/><W64/><G20/><T128/><D128/><U94/><E94/><V93/><F95/><W82/><G64/><T132/><D132/><U59/><REACH who="1" step="1"/><E109/><REACH who="1" step="2"/><V45/><F58/><W38/><G38/><T5/><D5/><AGARI ba="1,1" hai="4,5,6,45,49,52,56,60,65,80,83,88,93,99" machi="5" ten="40,8000,1" yaku="8,1,52,1,54,2" doraHai="84" who="2" fromWho="0" sc="289,-83,240,0,211,93,250,0" /><INIT seed="1,0,0,3,2,67" ten="206,240,304,250" oya="1" hai0="61,13,53,129,27,107,93,26,80,11,35,22,124" hai1="114,92,120,9,115,118,28,62,105,21,66,125,96" hai2="121,128,24,88,56,94,126,2,123,82,133,31,46" hai3="49,0,73,95,75,17,25,91,101,81,30,86,34" shuffle="mt19937ar,0BA4D8A7,87547A09,0BD6F3E8,FE9062AC,444B8339,A1965012,0984F5C4,1CDB7040,2FD312EE,E9219A7D,1882194A,1F89427E,954C8A1D,EDF323F3,D6119E60,9B8489EF,CC4A9286,ECAE91D8,53EADCA2,EC87580C,2574B11F,11A31B25,0A19080C,A85E2E6D,A82F62B2,EE197DEB,472F8C5B,1A2417CC,2DDA990D,6FCBD95B,06ECBD5D,493920B5"/><U122/><E105/><V79/><F2/><W36/><G0/><T78/><D107/><U43/><E92/><V76/><F133/><W119/><G36/><T134/><D134/><U40/><E96/><V106/><F106/><W100/><G119/><T51/><D129/><U44/><E21/><V87/><F128/><W112/><G75/><T99/><D35/><U39/><E28/><V97/><F126/><W130/><G130/><T52/><D124/><U77/><E9/><V64/><F46/><W18/><G112/><T72/><D61/><U3/><E77/><V14/><F14/><W10/><G73/><T50/><D27/><U68/><E3/><V5/><F5/><W60/><G49/><T63/><D63/><U37/><E125/><V127/><F79/><W70/><G100/><T117/><D117/><U48/><E118/><V32/><REACH who="2" step="1"/><F127/><REACH who="2" step="2"/><W89/><G101/><T6/><D51/><U108/><E108/><V38/><F38/><W19/><G10/><T109/><D50/><U90/><E48/><V131/><F131/><W98/><G60/><AGARI ba="0,1" hai="24,31,32,56,60,64,76,82,87,88,94,97,121,123" machi="60" ten="40,5200,0" yaku="1,1,54,1,53,1" doraHai="67" doraHaiUra="20" who="2" fromWho="3" sc="206,0,240,0,294,62,250,-52" /><INIT seed="2,0,0,0,4,123" ten="206,240,356,198" oya="2" hai0="21,62,105,85,48,10,107,73,72,83,91,76,129" hai1="36,29,35,40,8,33,80,118,60,101,3,106,124" hai2="67,13,2,31,57,74,109,121,1,125,82,114,79" hai3="55,117,46,98,69,11,51,0,130,116,66,22,25" shuffle="mt19937ar,9DDCFB22,98EA89EC,CE8310BE,32B4BE68,E25A90B1,DEA0CAC1,9F778A03,B0F7DDE7,23582E2F,2F1C4AE6,10D89210,31066696,33A99BB4,1F15AB39,5F84859A,499A4B72,F21ED6F0,D279F992,7D193F35,E0DEE3CA,424CA562,22A4BF31,4928B106,4A42EA92,0CEC8C75,7027EFD8,500C6762,3981D4FA,2C2227B6,717C44A7,5899B548,D3067791"/><V132/><F114/><W89/><G130/><T61/><D129/><U120/><E80/><V77/><F121/><W56/><G69/><T28/><D73/><U26/><E118/><V122/><F122/><W47/><G117/><T52/><D107/><U110/><E120/><V108/><F132/><W100/><G116/><T30/><D105/><U37/><E60/><N who="2" m="38287" /><F79/><W43/><G89/><T99/><D10/><U94/><E94/><V17/><F31/><W78/><G0/><T38/><D38/><N who="1" m="14955" /><E40/><V14/><F125/><W27/><G11/><T19/><D72/><U15/><E15/><N who="2" m="5643" /><F17/><W34/><G78/><T71/><D71/><U103/><E124/><V133/><F133/><W58/><G34/><T95/><D28/><U115/><E35/><V104/><F104/><W113/><G66/><T42/><D30/><U88/><E106/><V84/><F84/><W63/><G113/><T20/><D42/><U50/><E29/><V131/><F131/><W9/><G9/><T18/><D18/><U32/><E8/><V44/><F44/><W127/><G127/><T126/><D126/><U68/><E33/><V128/><F128/><W5/><G5/><T39/><D39/><U4/><E32/><V90/><F2/><W54/><G43/><T12/><D21/><U134/><E3/><V111/><F1/><W96/><G27/><T92/><D95/><U102/><E134/><V65/><F65/><W97/><REACH who="3" step="1"/><G100/><REACH who="3" step="2"/><N who="1" m="25602" /><U6/><DORA hai="87" /><E115/><V75/><F75/><W112/><G112/><T59/><AGARI ba="0,1" hai="12,19,20,48,52,59,61,62,76,83,85,91,92,99" machi="59" ten="20,8000,1" yaku="0,1,7,1,8,1,52,1,54,1" doraHai="123,87" who="0" fromWho="0" sc="206,90,240,-20,356,-40,188,-20" /><INIT seed="3,0,0,0,2,35" ten="296,220,316,168" oya="3" hai0="92,2,40,108,115,124,5,7,128,86,47,105,81" hai1="73,111,94,113,129,25,68,4,84,52,31,3,87" hai2="44,38,131,29,123,112,76,12,33,80,53,133,102" hai3="90,19,34,0,120,6,85,22,64,75,98,17,21" shuffle="mt19937ar,E39C2B6D,5FFA8425,FD5F12CB,33457CA3,A1EEBB24,E34D4D4F,0380744F,44CDCD2C,8E0BC3B7,1A4CC2E2,D151DC11,0BA28E0B,4C237466,3B9DA843,C394F4D3,B5E386D0,F1A0375B,EDE783BE,DC099D53,30258597,5EF4C5A1,B04DD7AF,476DDEAB,CDED2411,9BC3FA8F,8BA79E39,B9A863AE,7C2DF7B3,8F3C65E2,DD528521,E69100C1,21B1C18A"/><W121/><G75/><T117/><D105/><U134/><E87/><V118/><F112/><W132/><G34/><T95/><D117/><U126/><E94/><V88/><F118/><W37/><G37/><T114/><D128/><U125/><E84/><V101/><F131/><W122/><G98/><T97/><D124/><U77/><E52/><V130/><F130/><W91/><G132/><T43/><D108/><U65/><E129/><V10/><F133/><W71/><G71/><T107/><D107/><U45/><E45/><V119/><F119/><W20/><G64/><T70/><D70/><U49/><E49/><V13/><F123/><W79/><G79/><T26/><D26/><U9/><E134/><V18/><F29/><W57/><G57/><T96/><D86/><U27/><E27/><V127/><F33/><W83/><REACH who="3" step="1"/><G91/><REACH who="3" step="2"/><T109/><D115/><U58/><E58/><V93/><F76/><W24/><G24/><T41/><D114/><U116/><E113/><V36/><F44/><W15/><G15/><T28/><D47/><U1/><E116/><V63/><F102/><W46/><G46/><T82/><D97/><U78/><E78/><V106/><F13/><W54/><G54/><T11/><D96/><U72/><E65/><V50/><F101/><W60/><G60/><T104/><D41/><U59/><E68/><V8/><F63/><W14/><G14/><T56/><D43/><U100/><E59/><V42/><F38/><W67/><G67/><T74/><D40/><U89/><E100/><V135/><F36/><W55/><G55/><T30/><D56/><RYUUKYOKU ba="0,1" sc="296,-10,220,-10,316,-10,158,30" hai3="0,6,17,19,20,21,22,83,85,90,120,121,122" /><INIT seed="3,1,1,3,0,88" ten="286,210,306,188" oya="3" hai0="131,73,21,85,107,91,104,108,58,62,128,75,32" hai1="0,71,15,61,119,93,65,24,1,36,96,23,87" hai2="51,46,97,112,90,44,41,63,49,64,13,109,69" hai3="94,43,53,42,72,122,39,121,132,78,50,19,29" shuffle="mt19937ar,2B3756AC,A9C652C6,6B654154,CC056A7E,A376B51A,F92E7105,35358C04,E70ABD4D,BC9C58AB,42F3F82C,3B51735D,C9372BF7,012080AF,A206D7B0,5EA6D48E,E5DF2F3F,0774FF25,F3F86909,34FFE247,4CBC5E17,13268264,26F192B3,B082A24D,9323EE8D,40312C71,9ADCAD8E,6DC4C0FC,F4A0EDFD,26EFE21D,158CA09F,E33918C1,88330033"/><W111/><G39/><T35/><D21/><U114/><E36/><V99/><F112/><W66/><G72/><N who="0" m="27723" /><D108/><U134/><E119/><V77/><F109/><W130/><G78/><T127/><D91/><U18/><E134/><V80/><F90/><W4/><G111/><T31/><D85/><U89/><E114/><V40/><F13/><W33/><G33/><N who="0" m="12875" /><D31/><U11/><REACH who="1" step="1"/><E87/><AGARI ba="1,1" hai="40,41,44,46,49,51,63,64,69,77,80,87,97,99" machi="87" ten="30,2000,0" yaku="7,1,9,1" doraHai="88" who="2" fromWho="1" sc="286,0,210,-23,306,33,188,0" owari="286,4,187,-21,339,33,188,-16" /></mjloggm>