<mjloggm ver="2.3"><GO type="193"/><UN n0="%48%69%73%73%61%74%75" n1="%42%6C%61%63%6B%69%65" n2="%E3%82%A6%E3%83%AB%E3%83%88%E3%83%A9%E7%AB%8B%E7%9B%B4" n3="%7A%61%6B%75%2D%32" dan="11,12,12,11" rate="1576,1689,1810,1611" sx="M,M,M,M"/><TAIKYOKU oya="0"/><INIT seed="0,0,0,2,5,51" ten="250,250,250,250" oya="0" hai0="5,63,45,31,13,65,58,49,70,36,93,27,33" hai1="102,86,107,26,134,85,21,32,7,41,92,120,71" hai2="48,77,106,91,128,0,2,67,76,25,100,37,46" hai3="121,82,95,119,124,4,38,39,6,40,64,73,117" shuffle="mt19937ar,28B6B6CF,940EC6E9,AD47354A,4BE31127,63738B17,517FEE6B,EC5867B2,92D3B464"/><T131/><D131/><U42/><E120/><V47/><F100/><W11/><G64/><T24/><D5/><U22/><E71/><V52/><F106/><W16/><G121/><T111/><D111/><U127/><E7/><V114/><F114/><W89/><G124/><T113/><D113/><U83/><E127/><V81/><F67/><W110/><G110/><T125/><D13/><U90/><E134/><V130/><F25/><W28/><G28/><T19/><D125/><U68/><E68/><V87/><F91/><W12/><G40/><T118/><D93/><U78/><E32/><V15/><F15/><W9/><G73/><T122/><D19/><U54/><E22/><V88/><F77/><W57/><G57/><T61/><D24/><U101/><E107/><V99/><F99/><W30/><G30/><T98/><D98/><U129/><E129/><N who="2" m="49771" /><F76/><W72/><G72/><T69/><D122/><U8/><E8/><V1/><F46/><W116/><G82/><T29/><D27/><U108/><E102/><V109/><F109/><W50/><G50/><T135/><D33/><U62/><E101/><V34/><F34/><W59/><G59/><N who="0" m="37055" /><D135/><U56/><REACH who="1" step="1"/><E108/><REACH who="1" step="2"/><V3/><F3/><W104/><G104/><T60/><D118/><U23/><E23/><V74/><F74/><W126/><G126/><T97/><D31/><AGARI ba="0,1" hai="21,26,31,41,42,54,56,62,78,83,85,86,90,92" machi="31" ten="30,7700,0" yaku="1,1,7,1,8,1,52,1,53,0" doraHai="51" doraHaiUra="112" who="1" fromWho="0" sc="250,-77,240,87,250,0,250,0" /><INIT seed="1,0,0,5,2,91" ten="173,327,250,250" oya="1" hai0="12,82,52,3,107,18,73,20,127,122,19,10,47" hai1="6,45,9,21,123,46,125,92,34,77,117,120,101" hai2="40,90,75,63,59,38,134,30,31,68,93,51,23" hai3="114,103,110,66,61,2,0,79,96,116,44,129,37" shuffle="mt19937ar,C862B7D0,E1853792,CB421E05,EF6015C1,76188970,09D7F1AF,BF6377C5,0EC1B310"/><U8/><E34/><V17/><F68/><W80/><G116/><T112/><D107/><U81/><E117/><V22/><F75/><N who="3" m="43135" /><G114/><T104/><D112/><U115/><E115/><V121/><F38/><W24/><G24/><T95/><D104/><U124/><E21/><V27/><F121/><W131/><G110/><T28/><D127/><N who="1" m="48715" /><E123/><V108/><F108/><W132/><G132/><T56/><D122/><U67/><E67/><V11/><F134/><W126/><G126/><T97/><D82/><U1/><E120/><V113/><F113/><W71/><G96/><T14/><D73/><N who="1" m="43183" /><E8/><V29/><F11/><W84/><G84/><T99/><D47/><U7/><E7/><V100/><F100/><W16/><G16/><T36/><D36/><U62/><E62/><V135/><F135/><W94/><G94/><T15/><D3/><U65/><E65/><V25/><F51/><W33/><G103/><T74/><D99/><AGARI ba="0,0" hai="1,6,9,45,46,92,99,101" m="43183,48715" machi="99" ten="30,2900,0" yaku="18,1,52,1" doraHai="91" who="1" fromWho="0" sc="173,-29,327,29,250,0,250,0" /><INIT seed="1,1,0,1,4,75" ten="144,356,250,250" oya="1" hai0="13,107,118,37,46,50,68,43,53,86,132,78,72" hai1="62,135,80,89,51,71,110,39,8,113,32,57,134" hai2="26,88,84,55,45,33,56,122,23,16,85,38,12" hai3="0,1,129,125,48,54,3,22,117,76,124,30,5" shuffle="mt19937ar,287F078F,C6B1E009,7FB4706B,07CE2163,737C5FE2,C454CB44,5B9F6F58,B911280E"/><U41/><E113/><V104/><F104/><W91/><G91/><T4/><D107/><U101/><E32/><V67/><F122/><W64/><G64/><T87/><D118/><U69/><E101/><V34/><F85/><W70/><G70/><T123/><D132/><N who="1" m="50731" /><E110/><V52/><F67/><W66/><G66/><T65/><D123/><U60/><E39/><V108/><F108/><W119/><G5/><T9/><D72/><U47/><E8/><V15/><F34/><W61/><G61/><N who="1" m="23658" /><E57/><V74/><F74/><W44/><G129/><T11/><D9/><U73/><E73/><V81/><F33/><W2/><N who="3" m="0" /><DORA hai="109" /><W25/><REACH who="3" step="1"/><G76/><REACH who="3" step="2"/><T112/><D78/><U133/><E71/><V126/><F126/><AGARI ba="1,1" hai="22,25,30,44,48,54,117,119,124,125,126" m="0" machi="126" ten="70,8000,1" yaku="1,1,2,1,18,1,53,1" doraHai="75,109" doraHaiUra="49,92" who="3" fromWho="2" sc="144,0,356,0,250,-83,240,93" /><INIT seed="2,0,0,1,1,19" ten="144,356,167,333" oya="2" hai0="14,40,15,31,123,69,129,126,5,22,17,73,134" hai1="36,57,10,24,93,6,32,125,83,130,75,110,97" hai2="124,59,80,39,90,81,34,33,133,0,84,122,56" hai3="1,60,26,54,13,98,58,25,52,100,67,35,46" shuffle="mt19937ar,99A3CB9A,5DB4DC67,B5FD6A8F,C907A816,8A0F4919,8A2658CF,BD1BF89A,00AF6B8F"/><V121/><F84/><W12/><G1/><T64/><D123/><U53/><E36/><V77/><F90/><W127/><G127/><T49/><D126/><U102/><E125/><V92/><F124/><W117/><G117/><T11/><D134/><U21/><E32/><V9/><F92/><W71/><G46/><T114/><D73/><U42/><E42/><V63/><F63/><W120/><G120/><T135/><D64/><U132/><E132/><V8/><F77/><W27/><G35/><T101/><D69/><U88/><E110/><V68/><F39/><W47/><G47/><T38/><D101/><U44/><E44/><V28/><F28/><W2/><G2/><T55/><D129/><U82/><E130/><V104/><F0/><W45/><G45/><T109/><D135/><U50/><E75/><V86/><F133/><W66/><G66/><T18/><D114/><U62/><E50/><V119/><F86/><W65/><G71/><T112/><D109/><U95/><E95/><V43/><F68/><W131/><G131/><T4/><D40/><U16/><E102/><V48/><F48/><W91/><G91/><T116/><D38/><U72/><E72/><V105/><REACH who="2" step="1"/><F43/><REACH who="2" step="2"/><W29/><G29/><T87/><D112/><U51/><E51/><V128/><F128/><W103/><G103/><T79/><D116/><AGARI ba="0,1" hai="8,9,33,34,56,59,80,81,104,105,116,119,121,122" machi="116" ten="25,4800,0" yaku="1,1,22,2,53,0" doraHai="19" doraHaiUra="20" who="2" fromWho="0" sc="144,-48,356,0,157,58,333,0" /><INIT seed="2,1,0,1,3,41" ten="96,356,215,333" oya="2" hai0="130,67,71,94,0,121,110,92,120,5,91,84,102" hai1="128,87,63,35,99,76,108,59,39,29,88,90,133" hai2="126,93,101,109,78,46,127,69,64,66,49,31,58" hai3="98,132,72,79,33,85,30,42,115,135,73,116,129" shuffle="mt19937ar,58691815,640E31EA,196D74CB,F961C2E2,43E28A6E,9F724DF6,E93DB07D,1B7ECBA0"/><V36/><F78/><W83/><G33/><T34/><D130/><U123/><E128/><V14/><F14/><W107/><G129/><T104/><D110/><U124/><E108/><V80/><F80/><W8/><G30/><T23/><D23/><U60/><E39/><V15/><F15/><W65/><G65/><T95/><D34/><U52/><E124/><N who="2" m="47659" /><F93/><N who="0" m="23810" /><T51/><DORA hai="62" /><D67/><N who="2" m="25642" /><F101/><W22/><G22/><T105/><D51/><U6/><E133/><V16/><F16/><W44/><G44/><T17/><D71/><U37/><E37/><V2/><F2/><W57/><G57/><T70/><D17/><U89/><E123/><V43/><F31/><W9/><G42/><T113/><D70/><U81/><E35/><V114/><F69/><W134/><G9/><T40/><D5/><U38/><E38/><V82/><F82/><W117/><G8/><T10/><D10/><U13/><E29/><V27/><F27/><W53/><G53/><T111/><D40/><U45/><E45/><V86/><F86/><W32/><G32/><T4/><D4/><U11/><E99/><V21/><F21/><W1/><G1/><T26/><D0/><U25/><E25/><V56/><F109/><W100/><REACH who="3" step="1"/><G115/><REACH who="3" step="2"/><T50/><D113/><U47/><E47/><N who="2" m="24039" /><F114/><W97/><G97/><N who="0" m="61519" /><D111/><U54/><E54/><AGARI ba="1,1" hai="46,49,54,56,58" m="24039,25642,47659" machi="54" ten="30,24000,3" yaku="18,1,34,2,52,5" doraHai="41,62" who="2" fromWho="1" sc="96,0,356,-243,215,253,323,0" /><INIT seed="2,2,0,2,3,48" ten="96,113,468,323" oya="2" hai0="127,103,124,32,80,98,1,44,76,61,69,24,17" hai1="115,27,83,128,81,93,90,2,62,99,6,16,9" hai2="120,43,8,78,33,113,55,125,133,73,47,39,119" hai3="105,36,49,19,112,3,132,116,30,63,86,59,122" shuffle="mt19937ar,509CCD14,565F5BA3,D60EA22C,F9CFEBAD,39176239,D46BC5E6,37E1CDA7,D680235B"/><V94/><F33/><W53/><G19/><T111/><D111/><U10/><E115/><V85/><F120/><W52/><G30/><T21/><D44/><U25/><E128/><V79/><F113/><W23/><G23/><T67/><D1/><U40/><E40/><V131/><F119/><W95/><G95/><T91/><D91/><U29/><E62/><V82/><F125/><W117/><G86/><T106/><D17/><U45/><E45/><V126/><F131/><W34/><G105/><T31/><REACH who="0" step="1"/><D21/><REACH who="0" step="2"/><U68/><E68/><V13/><F126/><W135/><G112/><T71/><D71/><U104/><E104/><V18/><F133/><N who="3" m="51275" /><G34/><T65/><D65/><U46/><E46/><V114/><F114/><W101/><G101/><T58/><D58/><U130/><E130/><V97/><F79/><W92/><G92/><T26/><D26/><U107/><E107/><V123/><F123/><W109/><G109/><T66/><D66/><U28/><E10/><V108/><F108/><W37/><G3/><T35/><D35/><U22/><REACH who="1" step="1"/><E28/><REACH who="1" step="2"/><V87/><F8/><W12/><G122/><T77/><D77/><U57/><E57/><V75/><F78/><W70/><G12/><T118/><D118/><N who="3" m="45673" /><G70/><T14/><D14/><U64/><E64/><V38/><F13/><W60/><G60/><T50/><D50/><U51/><E51/><V0/><F0/><W74/><G74/><AGARI ba="2,2" hai="24,31,32,61,67,69,74,76,80,98,103,106,124,127" machi="74" ten="40,8000,1" yaku="1,1,25,2,23,2,53,0" doraHai="48" doraHaiUra="5" who="0" fromWho="3" sc="86,106,103,0,468,0,323,-86" /><INIT seed="3,0,0,0,4,24" ten="192,103,468,237" oya="3" hai0="8,40,112,43,132,13,46,87,133,94,17,57,124" hai1="102,108,73,52,130,90,4,36,33,62,56,105,63" hai2="6,98,37,89,16,38,86,117,82,110,64,125,67" hai3="134,51,80,31,61,59,97,47,58,78,54,60,49" shuffle="mt19937ar,516E22DF,3A488B8B,DE4A2D9E,8012DDC6,0AE73CD1,6655A0DA,0CB9A6AF,36533526"/><W120/><G120/><T12/><D112/><U5/><E36/><V70/><F70/><W107/><G134/><T0/><D124/><U2/><E2/><V28/><F38/><W116/><G116/><T1/><D57/><U103/><E73/><V74/><F74/><W10/><G10/><T85/><D43/><U71/><E33/><V106/><F37/><W35/><G107/><T66/><D66/><U118/><E118/><V9/><F106/><W48/><G97/><T128/><D94/><U101/><E71/><V121/><F125/><W27/><G80/><T129/><D87/><U81/><E105/><V14/><F98/><W22/><G78/><T21/><D85/><U95/><E108/><V32/><F110/><W123/><G123/><T109/><D46/><U131/><E81/><V93/><F117/><W53/><G35/><T25/><D40/><AGARI ba="0,0" hai="22,27,31,40,47,48,49,51,53,54,58,59,60,61" machi="40" ten="30,11600,0" yaku="7,1,9,1,8,1,52,1" doraHai="24" who="3" fromWho="0" sc="192,-116,103,0,468,0,237,116" /><INIT seed="3,1,0,1,4,38" ten="76,103,468,353" oya="3" hai0="26,47,124,48,80,73,28,65,93,22,42,16,110" hai1="19,15,113,40,81,17,55,30,83,58,89,123,88" hai2="1,87,12,49,67,105,68,100,99,4,44,51,119" hai3="120,29,95,106,127,31,76,115,71,121,78,117,109" shuffle="mt19937ar,A14E640F,1C014B14,C6E995FE,0ED8CA0C,F6012D1F,D02DFADE,E0D4799F,E718C82A"/><W27/><G71/><T134/><D110/><U52/><E123/><V122/><F1/><W46/><G106/><T79/><D124/><U57/><E113/><V82/><F119/><W128/><G109/><T107/><D107/><U77/><E30/><V125/><F125/><W129/><G115/><T7/><D134/><U53/><E77/><N who="3" m="29802" /><G117/><T37/><D93/><U131/><E131/><N who="3" m="50250" /><G127/><T84/><D65/><U91/><E40/><V126/><F126/><W43/><G95/><T64/><D64/><U104/><E104/><V21/><F122/><N who="3" m="47211" /><G27/><T112/><D112/><U132/><E132/><V101/><F105/><W39/><AGARI ba="1,0" hai="29,31,39,43,46" m="47211,50250,29802" machi="39" ten="40,3900,0" yaku="19,1,52,1" doraHai="38" who="3" fromWho="3" sc="76,-14,103,-14,468,-14,353,42" /><INIT seed="3,2,0,5,0,112" ten="62,89,454,395" oya="3" hai0="41,94,50,133,105,63,54,102,107,111,109,55,134" hai1="81,122,7,108,35,43,126,53,56,120,9,40,97" hai2="32,36,48,31,72,29,64,71,60,11,77,61,1" hai3="86,118,38,59,69,45,87,13,127,103,115,129,46" shuffle="mt19937ar,4B7FBAA3,42D9A50D,87911C4F,4A79C073,7F164833,54312A5C,96670AE3,1AEFC91A"/><W85/><G69/><T73/><D73/><U80/><E35/><V18/><F48/><W12/><G115/><T89/><D102/><U132/><E108/><V96/><F18/><W14/><G103/><T100/><D100/><U30/><E30/><V6/><F96/><W27/><G38/><T62/><D89/><U65/><E65/><V47/><F61/><N who="0" m="23050" /><D94/><U93/><E126/><V82/><F32/><W2/><G2/><T135/><D105/><U39/><E132/><N who="0" m="33793" /><T16/><DORA hai="57" /><D16/><U116/><E120/><V74/><F74/><W42/><G27/><T21/><D107/><U125/><E122/><V101/><F101/><W19/><G19/><T99/><D99/><U75/><E125/><V104/><F104/><W88/><G127/><T130/><D21/><U91/><E75/><V25/><F25/><W83/><G129/><T121/><D130/><U124/><E124/><V51/><F36/><W131/><G131/><T84/><D84/><N who="3" m="32361" /><G118/><T0/><D0/><U22/><E116/><V26/><F26/><W10/><G42/><AGARI ba="2,0" hai="1,6,11,29,31,42,47,51,60,64,71,72,77,82" machi="42" ten="30,2000,0" yaku="7,1,52,1" doraHai="112,57" who="2" fromWho="3" sc="62,0,89,0,454,26,395,-26" owari="62,-34,89,-26,480,48,369,12" /></mjloggm>