<mjloggm ver="2.3"><GO type="193"/><UN n0="%6D%61%63%30%32%32%31" n1="%E3%81%97%E3%82%87%E3%81%BC%E3%81%BC%E3%81%BC%E3%82%93%E3%81%AC" n2="%E5%A5%B3%E8%A3%85%E7%BE%8E%E5%B0%91%E5%B9%B4" n3="%E3%82%A6%E3%83%AB%E3%83%88%E3%83%A9%E7%AB%8B%E7%9B%B4" dan="11,12,13,12" rate="1515,1645,1735,1774" sx="M,M,F,M"/><TAIKYOKU oya="0"/><INIT seed="0,0,0,1,0,124" ten="250,250,250,250" oya="0" hai0="1,32,123,134,24,60,131,41,27,108,19,103,0" hai1="128,74,26,84,45,75,6,127,66,8,110,100,58" hai2="9,70,48,49,129,2,109,107,80,132,135,73,78" hai3="12,39,54,65,85,63,79,14,95,98,94,114,90" shuffle="mt19937ar,7D4DA92A,C2AC062A,2B295A4A,9A20E881,99B0A0FE,73FB5D02,E6862139,0B9CDB0E"/><T92/><D123/><U61/><E127/><V119/><F107/><W82/><G39/><T97/><D41/><U3/><E110/><V40/><F70/><W29/><G114/><T7/><D32/><U31/><E100/><V46/><F109/><W104/><G29/><T15/><D108/><U88/><E128/><V62/><F62/><W122/><G122/><T77/><D1/><U130/><E130/><V126/><F126/><W120/><G120/><T102/><D131/><U34/><REACH who="1" step="1"/><E45/><REACH who="1" step="2"/><V87/><F129/><W113/><G113/><T57/><D134/><N who="2" m="51242" /><F119/><W37/><G37/><T18/><D0/><U20/><E20/><V89/><F9/><W51/><G104/><T47/><D47/><U10/><E10/><V116/><F116/><W91/><G63/><T72/><D72/><U4/><E4/><V22/><F22/><W105/><G105/><T83/><D7/><U93/><AGARI ba="0,1" hai="3,6,8,26,31,34,58,61,66,74,75,84,88,93" machi="93" ten="20,8000,1" yaku="1,1,0,1,7,1,54,1,53,1" doraHai="124" doraHaiUra="59" who="1" fromWho="1" sc="250,-40,240,90,250,-20,250,-20" /><INIT seed="1,0,0,5,5,100" ten="210,330,230,230" oya="1" hai0="13,76,44,105,84,57,0,32,68,98,97,62,65" hai1="104,6,88,11,92,123,40,1,111,134,95,36,133" hai2="135,15,56,125,29,78,102,101,90,33,72,37,49" hai3="75,113,38,85,66,34,30,103,2,17,73,45,131" shuffle="mt19937ar,D26AFCF1,A7C325B1,C306D8F9,F632ADD7,8AFCDCEE,683B72E3,036F2774,C1C5E56A"/><U18/><E123/><V41/><F37/><W74/><G17/><T86/><D0/><U132/><E111/><V9/><F135/><W130/><G66/><T23/><D97/><U115/><E115/><V69/><F69/><W46/><G30/><T83/><D32/><U43/><E92/><V31/><F125/><W47/><G34/><T64/><D68/><U91/><E36/><V87/><F72/><W63/><G38/><T3/><D3/><U124/><E124/><V79/><F33/><W94/><G2/><T50/><D86/><N who="1" m="52631" /><E91/><V119/><F119/><W25/><G25/><T48/><D48/><U96/><E18/><V24/><F56/><W60/><G113/><T107/><D98/><U14/><E1/><V109/><F109/><W16/><G16/><T7/><D23/><U51/><E51/><V112/><F112/><W4/><G4/><T19/><D19/><U35/><E35/><V81/><F49/><W67/><G67/><T99/><D99/><U12/><E14/><V108/><F108/><W22/><G22/><T55/><D65/><U52/><E52/><V21/><F41/><N who="1" m="15945" /><E96/><V27/><F79/><W110/><G110/><T58/><REACH who="0" step="1"/><D44/><REACH who="0" step="2"/><U106/><AGARI ba="0,1" hai="6,11,12,104,106,132,133,134" m="15945,52631" machi="106" ten="40,12000,1" yaku="20,1,52,2,54,1" doraHai="100" who="1" fromWho="1" sc="200,-40,330,130,230,-40,230,-40" /><INIT seed="1,1,0,0,3,115" ten="160,460,190,190" oya="1" hai0="121,65,10,62,37,66,33,93,20,105,101,46,54" hai1="76,103,28,12,118,124,69,120,47,82,112,77,119" hai2="122,17,131,7,113,114,27,80,128,48,96,58,129" hai3="40,89,83,94,55,24,44,72,64,110,86,123,87" shuffle="mt19937ar,ED94252F,89E4DA0E,3AF8CD12,69B99B59,E517AD77,4096FD14,DAB15947,2830064A"/><U49/><E69/><V61/><F7/><W14/><G72/><T0/><D105/><U104/><E120/><V35/><F122/><W79/><G123/><T127/><D121/><U31/><E112/><N who="2" m="43115" /><F80/><W38/><G110/><T126/><D33/><U108/><E77/><V6/><F6/><W134/><G134/><T43/><D65/><U102/><E124/><V5/><F5/><W60/><G24/><T19/><D0/><U50/><E108/><V25/><F96/><W8/><G55/><T51/><D10/><U21/><E50/><V23/><F48/><W88/><G94/><T45/><D93/><U125/><E125/><N who="0" m="47625" /><D101/><U81/><E81/><V9/><F9/><W34/><G34/><T30/><D30/><U100/><E104/><V59/><F35/><W42/><G42/><T2/><D2/><U1/><E1/><V109/><F109/><W63/><G63/><T71/><D20/><U111/><E111/><V29/><F61/><W56/><REACH who="3" step="1"/><G87/><REACH who="3" step="2"/><T74/><D74/><U75/><E31/><V133/><F133/><W3/><G3/><T116/><D19/><AGARI ba="1,1" hai="8,14,19,38,40,44,56,60,64,79,83,86,88,89" machi="19" ten="30,3900,0" yaku="1,1,7,1,54,1,53,0" doraHai="115" doraHaiUra="90" who="3" fromWho="0" sc="160,-42,460,0,190,0,180,52" /><INIT seed="2,0,0,0,0,72" ten="118,460,190,232" oya="2" hai0="123,50,77,127,135,71,1,55,133,15,96,69,14" hai1="53,3,119,78,21,37,30,41,65,83,31,19,85" hai2="12,11,45,49,134,63,93,106,100,107,108,113,109" hai3="22,122,128,70,60,23,86,67,9,2,111,36,43" shuffle="mt19937ar,97C02250,214C4544,9564E2CB,8D59C2D8,A3119541,FDC07852,B8C6EE38,F2E92A7B"/><V57/><F113/><W98/><G122/><T103/><D1/><U52/><E119/><V38/><F38/><W99/><G128/><T95/><D123/><U56/><E3/><V62/><F134/><W82/><G111/><N who="2" m="42569" /><F93/><W115/><G115/><T75/><D71/><U35/><E65/><V18/><F100/><W24/><G43/><T131/><D69/><U29/><E35/><V81/><F81/><W130/><G36/><T105/><D131/><U112/><E112/><V54/><F63/><W25/><G130/><T110/><D110/><U6/><E6/><V121/><F121/><W13/><G2/><T117/><D127/><U28/><N who="1" m="7680" /><DORA hai="17" /><U16/><E53/><AGARI ba="0,0" hai="11,12,18,45,49,53,54,57,62,106,107" m="42569" machi="53" ten="30,2900,0" yaku="14,1,10,1" doraHai="72,17" who="2" fromWho="1" sc="118,0,460,-29,190,29,232,0" /><INIT seed="2,1,0,4,1,12" ten="118,431,219,232" oya="2" hai0="38,124,104,75,46,74,57,4,8,45,133,110,126" hai1="107,92,77,112,113,10,2,51,65,62,27,11,50" hai2="121,114,119,84,1,105,71,128,55,37,87,98,19" hai3="26,73,72,123,94,90,34,25,36,111,131,33,83" shuffle="mt19937ar,F10E6A24,ACB75033,9A5AFB30,F9C9197D,1B2E23D7,BB388E2B,3D4E09D3,06F814A5"/><V29/><F1/><W97/><G36/><T15/><D104/><U9/><E107/><V30/><F37/><W14/><G14/><T5/><D38/><U48/><E2/><V41/><F114/><W6/><G6/><T100/><D100/><U127/><E77/><V134/><F119/><W60/><G60/><T23/><D23/><U101/><E127/><V49/><F121/><W96/><G90/><T130/><D130/><U78/><E78/><V67/><F128/><W39/><G94/><T28/><D28/><U47/><E27/><V44/><F134/><W56/><G39/><T22/><D22/><U93/><E101/><V80/><F105/><W116/><G131/><T120/><D120/><U86/><E47/><V20/><F98/><W132/><G123/><T91/><D133/><U43/><E43/><V108/><F108/><W58/><G132/><T21/><D110/><U17/><E17/><V109/><F109/><W99/><G111/><T135/><D21/><U117/><E117/><V53/><F71/><W122/><G122/><T32/><D135/><U102/><E102/><V52/><F67/><W13/><G13/><T7/><D32/><U40/><E40/><V95/><F95/><W24/><G83/><T76/><D76/><U0/><E0/><V118/><F118/><W35/><G116/><T81/><D126/><U54/><E86/><N who="2" m="32811" /><F80/><W16/><G16/><T63/><D124/><U69/><REACH who="1" step="1"/><E54/><REACH who="1" step="2"/><V115/><F115/><AGARI ba="1,1" hai="9,10,11,48,50,51,62,65,69,92,93,112,113,115" machi="115" ten="50,3200,0" yaku="1,1,2,1,53,0" doraHai="12" doraHaiUra="31" who="1" fromWho="2" sc="118,0,421,45,219,-35,232,0" /><INIT seed="3,0,0,2,1,112" ten="118,466,184,232" oya="3" hai0="8,126,64,133,118,103,34,81,26,54,39,82,24" hai1="5,69,102,50,67,66,80,2,71,1,98,11,17" hai2="93,53,119,128,124,61,108,59,35,90,42,30,15" hai3="48,65,20,86,60,10,36,56,130,40,99,101,63" shuffle="mt19937ar,72E8A7B2,67FB3B11,B7723F47,78EDA7D4,DEA88B56,9859A29F,BB99DEDC,E93F0D72"/><W19/><G36/><T78/><D39/><U37/><E37/><V46/><F108/><W85/><G130/><T16/><D133/><U49/><E2/><V62/><F128/><W113/><G113/><T120/><D120/><U77/><E69/><V9/><F124/><W83/><G10/><T109/><D126/><U45/><E71/><V104/><F104/><W100/><G60/><T129/><D109/><U79/><E77/><V125/><F125/><W116/><G99/><T12/><D129/><U21/><E50/><V107/><F107/><W94/><G116/><T115/><D118/><U47/><E47/><V89/><F119/><W76/><G94/><T135/><D135/><U25/><E98/><V114/><F114/><W96/><G96/><T88/><D115/><U70/><E70/><V91/><F35/><W28/><G86/><T22/><D34/><U23/><E102/><V55/><F30/><W7/><G7/><T97/><D64/><U13/><E23/><V111/><F111/><W58/><G28/><T4/><D82/><U127/><E127/><V84/><F42/><W0/><G0/><T122/><D122/><U52/><E1/><V41/><F41/><W51/><G51/><T32/><D32/><U73/><AGARI ba="0,0" hai="5,11,13,17,21,25,45,49,52,66,67,73,79,80" machi="73" ten="20,2700,0" yaku="0,1,7,1,54,1" doraHai="112" who="1" fromWho="1" sc="118,-7,466,27,184,-7,232,-13" owari="111,-29,493,49,177,-17,219,-3" /></mjloggm>