<mjloggm ver="2.3"><GO type="97"/><UN n0="%E3%82%82%E3%81%A3%E3%81%8D%E3%82%87%E3%82%82%E3%81%8D%E3%82%87" n1="%E2%98%85%E3%81%84%E3%81%8A%E3%82%8A%E3%82%93%E2%98%85" n2="%E3%82%A6%E3%83%AB%E3%83%88%E3%83%A9%E7%AB%8B%E7%9B%B4" n3="%E3%81%9F%E3%81%91%E3%81%A8%E3%82%8A" dan="13,14,13,14" rate="1874,2007,1819,1926" sx="M,M,M,M"/><TAIKYOKU oya="0"/><INIT seed="0,0,0,4,4,50" ten="250,250,250,250" oya="0" hai0="88,51,102,33,22,76,69,40,34,35,31,92,90" hai1="1,29,100,21,16,62,17,75,95,125,126,135,36" hai2="47,65,49,97,6,18,85,7,5,81,10,119,43" hai3="131,55,53,4,105,113,89,73,44,83,56,30,79" shuffle="mt19937ar,A873E1F1,D77F8BEC,BAF1B2B0,800BE283,1F4F8BA1,AEF7769D,5291585D,C5A66F84"/><T67/><D76/><U114/><E36/><V80/><F119/><W129/><G113/><T15/><D102/><U13/><E75/><V14/><F65/><W118/><G118/><T20/><D15/><U57/><E1/><V108/><F108/><W19/><G105/><T60/><D31/><U27/><E114/><V32/><F32/><W28/><G4/><T115/><D115/><U106/><E106/><V45/><F97/><W24/><G44/><T127/><D127/><U123/><E135/><V93/><F93/><W128/><G89/><T104/><D104/><U61/><E61/><V124/><F124/><N who="1" m="47721" /><E13/><V116/><F116/><W0/><G0/><T63/><D63/><U38/><E38/><V68/><F68/><W117/><G117/><T23/><REACH who="0" step="1"/><D92/><REACH who="0" step="2"/><U78/><E78/><V86/><F81/><W12/><G30/><T70/><D70/><U110/><E123/><V120/><F120/><W134/><G28/><T2/><D2/><U52/><E110/><V101/><F101/><W130/><G130/><T26/><D26/><U133/><E133/><V3/><F3/><W111/><G111/><T25/><D25/><U82/><E82/><V99/><F80/><W112/><G112/><T59/><D59/><U74/><E74/><V72/><F72/><W91/><G134/><T96/><D96/><AGARI ba="0,1" hai="16,17,21,27,29,52,57,62,95,96,100" m="47721" machi="96" ten="30,7700,0" yaku="18,1,52,1,54,2" doraHai="50" who="1" fromWho="0" sc="240,-77,250,87,250,0,250,0" /><INIT seed="1,0,0,2,4,134" ten="163,337,250,250" oya="1" hai0="118,87,32,99,52,23,129,17,57,8,13,82,83" hai1="65,53,36,21,101,90,110,132,89,96,125,127,55" hai2="28,91,85,92,128,124,135,59,97,123,22,131,29" hai3="5,48,27,93,102,86,25,38,0,1,45,4,111" shuffle="mt19937ar,C5BBFC93,335E05B5,0A7C5512,C36E5BD3,CB82AC58,CE59DD56,C0A4D964,7E68EFEC"/><U98/><E36/><V40/><F123/><W122/><G122/><T112/><D32/><U133/><E65/><V34/><F34/><W66/><G38/><T24/><D118/><U119/><E119/><V69/><F69/><W49/><G111/><T73/><D73/><U14/><E110/><V74/><F74/><W106/><G106/><T115/><D129/><N who="2" m="49738" /><F135/><N who="1" m="51785" /><E14/><V43/><F59/><W114/><G114/><T47/><D47/><U107/><E21/><V15/><F15/><W67/><G45/><T7/><D99/><U30/><E30/><N who="2" m="11883" /><F22/><W26/><G86/><T108/><D108/><U84/><E96/><V117/><F117/><W109/><G109/><T16/><D17/><U46/><E46/><V103/><F124/><N who="1" m="47689" /><E90/><V56/><F56/><W10/><G1/><T116/><D116/><U77/><E77/><V9/><F9/><W64/><G4/><T105/><D105/><AGARI ba="0,0" hai="40,43,85,91,92,97,103,105" m="11883,49738" machi="105" ten="30,1000,0" yaku="19,1" doraHai="134" who="2" fromWho="0" sc="163,-10,337,0,250,10,250,0" /><INIT seed="2,0,0,4,5,1" ten="153,337,260,250" oya="2" hai0="99,123,105,132,56,23,110,93,61,70,57,34,90" hai1="67,65,26,12,36,18,81,63,84,107,127,60,125" hai2="111,45,113,64,20,39,131,41,108,97,8,130,35" hai3="22,13,128,101,21,10,89,48,87,0,55,95,14" shuffle="mt19937ar,FF85D1ED,7B1AB341,34A94EC3,AD807F40,786CD7ED,D787C8E5,81F0B7AB,39EA3D2D"/><V52/><F35/><W122/><G122/><T79/><D123/><U68/><E107/><V9/><F64/><W66/><G128/><N who="2" m="49193" /><F113/><W114/><G114/><T5/><D34/><U50/><E36/><V98/><F20/><W126/><G126/><T2/><D70/><U30/><E50/><V3/><F52/><W32/><G32/><T100/><D110/><N who="2" m="42026" /><F9/><W72/><G10/><T17/><D132/><U135/><E135/><V11/><F11/><W46/><G66/><T25/><D79/><U15/><E68/><V16/><F3/><W76/><G0/><T71/><D71/><U49/><E67/><V133/><F133/><W96/><G22/><T7/><D2/><U29/><E65/><V77/><F77/><W31/><G21/><T73/><D73/><U58/><E125/><V74/><F74/><W54/><G54/><N who="0" m="33943" /><D57/><U119/><E58/><V85/><F85/><W129/><G76/><T82/><D82/><U44/><E81/><V51/><F39/><W92/><G72/><T104/><D100/><U33/><E84/><V112/><F112/><W38/><G38/><T117/><D117/><U83/><E83/><V106/><F106/><AGARI ba="0,0" hai="5,7,17,23,25,90,93,99,104,105,106" m="33943" machi="106" ten="30,3900,0" yaku="25,1,52,2" doraHai="1" who="0" fromWho="2" sc="153,39,337,0,260,-39,250,0" /><INIT seed="3,0,0,4,1,49" ten="192,337,221,250" oya="3" hai0="4,88,73,90,93,112,127,35,102,120,74,12,38" hai1="108,58,64,23,16,20,44,134,17,69,76,113,40" hai2="6,67,5,125,85,53,37,123,78,7,30,80,3" hai3="32,121,43,116,24,10,61,86,110,106,105,18,111" shuffle="mt19937ar,42F2195A,69347806,AA272A90,011F0003,5B8BFA91,C04F917D,B5808F4E,188FDC04"/><W104/><G121/><T96/><D38/><U15/><E108/><N who="3" m="41514" /><G116/><T36/><D36/><U68/><E134/><V21/><F37/><W133/><G133/><T41/><D35/><U130/><E130/><V119/><F119/><W84/><G43/><T60/><D60/><U91/><E76/><V129/><F129/><W122/><G122/><T52/><D12/><U2/><E2/><V107/><F107/><W50/><G61/><T65/><D41/><U55/><E64/><V70/><F125/><W109/><G109/><T115/><D65/><U92/><E44/><V124/><F124/><W117/><G117/><T27/><D27/><U135/><E40/><V51/><F123/><W77/><G50/><T128/><D127/><U63/><E113/><N who="0" m="43593" /><D128/><U72/><E72/><N who="0" m="27753" /><D120/><U25/><REACH who="1" step="1"/><E135/><REACH who="1" step="2"/><V131/><F131/><W99/><G77/><T14/><D4/><U82/><E82/><V59/><F3/><W11/><G11/><T48/><D14/><U29/><E29/><V94/><F67/><W0/><G10/><T101/><D101/><U100/><E100/><V39/><F39/><W13/><G0/><T33/><D33/><U95/><E95/><V71/><F94/><W26/><G106/><T87/><D87/><AGARI ba="0,1" hai="15,16,17,20,23,25,55,58,63,68,69,87,91,92" machi="87" ten="30,8000,1" yaku="1,1,7,1,52,1,54,1,53,1" doraHai="49" doraHaiUra="89" who="1" fromWho="0" sc="192,-80,327,90,221,0,250,0" owari="112,-29,417,42,221,-13,250,0" /></mjloggm>