<mjloggm ver="2.3"><GO type="193"/><UN n0="%74%73%30%34%32%34" n1="%E3%83%95%E3%82%A3%E3%83%AA%E3%82%B9" n2="%42%75%63%68" n3="%E3%82%A6%E3%83%AB%E3%83%88%E3%83%A9%E7%AB%8B%E7%9B%B4" dan="10,12,12,12" rate="1602,1701,1713,1859" sx="M,M,M,M"/><TAIKYOKU oya="0"/><INIT seed="0,0,0,5,4,74" ten="250,250,250,250" oya="0" hai0="84,37,66,98,73,52,85,13,124,111,5,64,115" hai1="51,132,82,80,33,134,46,119,16,48,55,60,99" hai2="47,77,94,112,118,102,128,57,92,18,131,116,108" hai3="68,26,12,120,93,76,56,30,43,127,38,109,110" shuffle="mt19937ar,40649F81,33629833,373ECA9E,5A9A4C8A,8DD39A3B,13CA677F,CB518E6D,F4273381"/><T35/><D115/><U133/><E33/><V71/><F71/><W106/><G106/><T107/><D37/><U28/><E28/><V125/><F47/><W130/><G68/><T81/><D35/><U100/><E119/><V101/><F57/><W40/><G12/><T87/><D73/><U23/><E60/><V32/><F32/><W20/><G127/><T96/><D124/><U8/><E8/><V122/><F18/><W0/><G0/><T97/><D107/><U6/><E6/><V49/><F49/><W78/><G120/><T2/><D2/><U4/><E4/><V104/><F125/><W135/><G135/><T114/><D114/><U36/><E36/><V39/><F39/><W129/><G93/><N who="2" m="35945" /><F104/><W22/><G56/><T9/><D111/><N who="3" m="42505" /><G22/><T105/><D105/><N who="1" m="63647" /><E51/><V3/><F3/><W44/><G40/><T95/><D95/><U17/><E17/><V117/><F112/><W45/><G45/><T121/><D121/><U61/><E61/><V24/><F24/><AGARI ba="0,0" hai="16,23,24,46,48,55,80,82,132,133,134" m="63647" machi="24" ten="30,2000,0" yaku="20,1,54,1" doraHai="74" who="1" fromWho="2" sc="250,0,250,20,250,-20,250,0" /><INIT seed="1,0,0,3,3,80" ten="250,270,230,250" oya="1" hai0="18,95,111,56,133,6,134,77,59,127,9,96,103" hai1="82,128,119,130,54,60,100,58,131,44,114,52,5" hai2="16,113,26,53,51,27,15,92,84,110,8,45,32" hai3="46,55,65,12,105,49,115,43,67,21,38,90,116" shuffle="mt19937ar,5B08CEAD,AA307C35,0FBA3570,65FF8BD4,9DD50973,7BFD40AB,39F3872B,EE705634"/><U132/><E114/><V107/><F107/><W94/><G105/><T81/><D111/><U40/><E5/><V76/><F110/><W39/><G116/><T63/><D127/><U2/><E2/><V31/><F113/><W99/><G115/><T85/><D18/><U42/><E100/><V104/><F104/><W118/><G118/><T87/><D59/><U4/><E4/><V37/><F37/><W75/><G75/><T91/><D91/><U121/><E121/><V19/><F27/><W89/><G39/><T3/><D87/><U50/><E82/><V57/><F57/><W125/><G125/><T13/><D56/><U66/><E119/><V120/><F120/><W83/><G43/><N who="1" m="16426" /><E132/><N who="0" m="50793" /><D63/><U69/><E69/><V35/><F19/><N who="3" m="10471" /><G38/><T109/><D109/><U7/><E7/><V41/><F41/><AGARI ba="0,0" hai="41,44,50,52,54,58,60,66,128,130,131" m="16426" machi="41" ten="30,11600,0" yaku="19,1,34,2,54,1" doraHai="80" who="1" fromWho="2" sc="250,0,270,116,230,-116,250,0" /><INIT seed="1,1,0,5,1,38" ten="250,386,114,250" oya="1" hai0="67,43,55,82,75,65,116,72,121,5,24,9,42" hai1="14,88,51,93,80,111,2,96,91,7,4,92,127" hai2="118,63,95,125,102,1,50,12,83,124,123,78,112" hai3="133,117,52,135,101,26,66,70,126,57,16,59,76" shuffle="mt19937ar,83F6DC4C,27FDB1C9,0266C1C2,A5F52CA0,5FD49B52,A2DEFB69,3CBD53D3,43CE92F0"/><U107/><E2/><V81/><F118/><W104/><G117/><T40/><D116/><U71/><E71/><V53/><F123/><W60/><G76/><T48/><D121/><U73/><E51/><V18/><F1/><W29/><G104/><T22/><D82/><U77/><E14/><V15/><F63/><W34/><G101/><T33/><D33/><U37/><E37/><V41/><F15/><W23/><G126/><N who="2" m="48745" /><F112/><W131/><G131/><T36/><D36/><U109/><E4/><V32/><F32/><W119/><G119/><T61/><D61/><U30/><E30/><V6/><F6/><W134/><REACH who="3" step="1"/><G52/><REACH who="3" step="2"/><T25/><D55/><U64/><E127/><V87/><F53/><W44/><G44/><T100/><D100/><N who="1" m="62855" /><E64/><V28/><F50/><W49/><G49/><T128/><D128/><U115/><E115/><V97/><F41/><W19/><G19/><T56/><D48/><U98/><E7/><V94/><F28/><W54/><G54/><T106/><D106/><U105/><E105/><N who="2" m="63695" /><F83/><W79/><G79/><T99/><D5/><U110/><E110/><V58/><F58/><W89/><G89/><T85/><D56/><U46/><E46/><V129/><F129/><W108/><G108/><T84/><D42/><U47/><E47/><V13/><F18/><W90/><G90/><T8/><D22/><U39/><E39/><V120/><F120/><W130/><G130/><T3/><D99/><AGARI ba="1,1" hai="73,77,80,88,91,92,93,98,99,109,111" m="62855" machi="99" ten="30,5800,0" yaku="34,2,54,1" doraHai="38" who="1" fromWho="0" sc="250,-61,386,71,114,0,240,0" /><INIT seed="1,2,0,1,0,24" ten="189,457,114,240" oya="1" hai0="29,134,42,60,52,64,47,79,92,66,7,35,87" hai1="86,61,70,123,3,97,129,34,128,124,55,32,12" hai2="80,91,45,77,89,23,5,74,103,112,27,31,127" hai3="109,135,88,94,114,19,105,11,30,46,13,25,48" shuffle="mt19937ar,42E014AB,15F1A67C,0671024A,E74DA31B,6EC41FE0,22F507C0,057A1F17,61220C2A"/><U18/><E123/><V37/><F127/><W40/><G105/><T106/><D106/><U99/><E124/><V44/><F103/><W122/><G122/><T21/><D134/><U81/><E3/><V6/><F112/><W100/><G135/><T15/><D35/><U43/><E43/><V54/><F44/><W73/><G73/><T57/><D79/><U14/><E70/><V2/><F6/><W119/><G119/><T132/><D132/><U17/><E61/><V63/><F63/><W56/><G114/><T107/><D107/><U115/><E55/><V50/><REACH who="2" step="1"/><F37/><REACH who="2" step="2"/><W8/><G100/><T39/><D7/><U96/><E115/><V85/><F85/><W59/><G109/><T90/><REACH who="0" step="1"/><D15/><REACH who="0" step="2"/><U58/><E12/><V20/><F20/><N who="3" m="15655" /><G11/><AGARI ba="2,2" hai="2,5,11,23,27,31,45,50,54,74,77,80,89,91" machi="11" ten="40,2600,0" yaku="1,1,52,1,53,0" doraHai="24" doraHaiUra="121" who="2" fromWho="3" sc="179,0,457,0,104,52,240,-32" /><INIT seed="2,0,0,5,1,41" ten="179,457,156,208" oya="2" hai0="130,36,109,97,93,96,23,129,56,79,134,0,2" hai1="34,43,65,66,99,125,6,14,122,127,1,108,92" hai2="33,40,15,84,88,118,104,72,63,101,132,86,103" hai3="117,106,112,37,8,128,135,48,25,116,50,77,31" shuffle="mt19937ar,E984B16D,F87C8AE5,401D92F8,6E523180,E9DF20EA,A9F37601,6F279E92,A169F696"/><V76/><F118/><W45/><G50/><T69/><D69/><U89/><E34/><V115/><F33/><W80/><G48/><T30/><D134/><U114/><E1/><V47/><F132/><W38/><G135/><T131/><D79/><U9/><E114/><V27/><F115/><W49/><G49/><T54/><D36/><U73/><E73/><V12/><F72/><W29/><G38/><T90/><D97/><U35/><E35/><V111/><F111/><W26/><G112/><T83/><D109/><U21/><E108/><V91/><F63/><W124/><G124/><N who="1" m="47690" /><E122/><V10/><F27/><W133/><G133/><T71/><D71/><U64/><E21/><V107/><F76/><W4/><G26/><N who="0" m="16735" /><D83/><U28/><E43/><V62/><F62/><AGARI ba="0,0" hai="0,2,54,56,62,90,93,96,129,130,131" m="16735" machi="62" ten="30,1000,0" yaku="19,1" doraHai="41" who="0" fromWho="2" sc="179,10,457,0,156,-10,208,0" /><INIT seed="3,0,0,1,5,54" ten="189,457,146,208" oya="3" hai0="39,87,107,40,72,33,55,10,91,127,93,133,26" hai1="57,73,9,11,34,45,27,123,121,85,0,38,69" hai2="41,81,110,47,49,79,64,7,77,125,3,1,44" hai3="122,20,76,74,100,8,84,22,71,88,66,118,132" shuffle="mt19937ar,680DEA67,C18BBEC5,B5147009,BB3F9067,0C38399F,9CDF353A,50A5DD47,B5E71B96"/><W48/><G122/><T135/><D72/><U80/><E69/><V51/><F125/><W99/><G132/><T18/><D127/><U16/><E73/><V67/><F110/><W102/><G118/><T24/><D107/><U134/><E134/><N who="0" m="51209" /><D33/><U78/><E38/><V13/><F3/><W19/><G66/><T82/><D39/><U32/><E45/><V14/><F1/><W128/><G71/><T116/><D40/><U35/><E57/><V103/><F103/><W37/><G37/><T21/><D10/><U119/><E119/><V131/><F131/><W101/><G128/><T115/><D116/><U53/><E53/><V50/><F7/><W90/><G48/><N who="2" m="12289" /><V56/><DORA hai="68" /><F41/><W63/><G63/><T75/><D55/><U105/><E105/><V124/><F124/><W86/><G74/><T31/><D31/><U29/><E0/><V94/><F94/><W120/><G120/><T6/><D6/><U15/><REACH who="1" step="1"/><E9/><REACH who="1" step="2"/><V17/><F17/><W12/><G99/><T52/><D75/><U98/><E98/><V36/><F36/><W30/><G76/><N who="2" m="29257" /><F56/><W106/><G106/><T114/><D82/><U89/><E89/><V108/><F81/><W70/><G70/><T46/><D46/><N who="2" m="17450" /><F108/><W60/><G60/><T129/><D91/><N who="3" m="34857" /><G8/><T62/><D129/><U59/><E59/><V2/><F2/><W4/><G4/><T58/><D58/><U28/><E28/><V42/><F42/><W61/><G61/><T97/><D115/><U126/><E126/><V43/><F43/><W95/><G95/><T130/><D114/><U113/><E113/><RYUUKYOKU ba="0,1" sc="189,-30,447,10,146,10,208,10" hai1="11,15,16,27,29,32,34,35,78,80,85,121,123" hai2="13,14,64,67" hai3="12,19,20,22,30,84,86,100,101,102" /><INIT seed="3,1,1,3,5,67" ten="159,457,156,218" oya="3" hai0="110,104,27,73,40,21,96,76,28,5,2,26,66" hai1="7,60,46,23,50,20,59,24,134,98,114,35,101" hai2="57,133,65,30,108,13,71,19,131,25,45,18,87" hai3="94,34,54,41,122,14,119,42,55,38,82,120,3" shuffle="mt19937ar,D6B11AD9,678E1FEB,679E2312,EFACD917,727E9C32,FF6918DF,DB99BF0B,E81D9C43"/><W130/><G34/><T70/><D40/><U99/><E114/><V74/><F74/><W15/><G94/><T102/><D27/><U51/><E134/><V124/><F133/><W125/><G82/><T118/><D118/><U10/><E35/><V29/><F108/><W75/><G75/><T127/><D110/><U16/><E23/><V107/><F107/><W78/><G78/><T36/><D36/><U63/><E63/><N who="2" m="38127" /><F71/><W43/><G43/><T84/><D84/><U126/><E126/><V12/><F124/><W68/><G125/><T64/><D127/><U115/><E115/><V93/><F131/><W81/><G81/><N who="0" m="45199" /><D66/><U39/><E39/><V105/><F105/><W97/><G38/><T44/><D44/><U32/><E32/><V88/><F45/><W90/><G119/><T56/><D56/><U100/><E100/><V72/><F72/><W53/><G53/><T22/><D22/><U1/><E101/><V49/><F49/><W80/><G80/><T6/><D6/><U62/><E62/><V89/><F89/><W83/><G83/><T31/><D31/><N who="2" m="11786" /><F25/><W48/><G90/><T86/><D86/><U11/><E11/><V121/><F121/><W103/><G48/><T85/><D85/><U52/><E51/><V0/><F0/><W132/><G103/><T77/><D77/><U109/><E109/><V9/><F13/><W129/><G132/><T69/><D64/><AGARI ba="1,1" hai="1,7,10,16,20,24,46,50,52,59,60,64,98,99" machi="64" ten="30,3900,0" yaku="7,1,54,2" doraHai="67" who="1" fromWho="0" sc="159,-42,457,52,156,0,218,0" owari="117,-28,509,50,156,-19,218,-3" /></mjloggm>