<mjloggm ver="2.3"><GO type="97"/><UN n0="%E7%94%B7%E5%86%A5%E5%88%A9" n1="%E3%81%A4%E3%81%A1%E3%81%AE%E3%81%93%E3%81%AD%E3%81%93" n2="%E3%82%A6%E3%83%AB%E3%83%88%E3%83%A9%E7%AB%8B%E7%9B%B4" n3="%41%6C%6C%75%63%61" dan="14,15,13,15" rate="1975,1975,1838,2013" sx="M,M,M,M"/><TAIKYOKU oya="0"/><INIT seed="0,0,0,0,1,25" ten="250,250,250,250" oya="0" hai0="63,5,44,66,78,71,128,9,112,79,129,64,57" hai1="96,83,32,1,29,22,20,26,4,6,86,92,28" hai2="85,95,122,120,54,39,99,89,104,130,123,98,49" hai3="37,18,135,45,48,38,17,69,88,61,14,41,35" shuffle="mt19937ar,BA7247E3,98495668,61CAD9FC,BE1FFFA7,CA602442,1A382AC4,3015D4DE,9756872F"/><T33/><D112/><U34/><E1/><V27/><F39/><W0/><G0/><T42/><D33/><U84/><E34/><V110/><F54/><W62/><G135/><T109/><D109/><U133/><E133/><V72/><F49/><W97/><G35/><T47/><D66/><U24/><E32/><V114/><F27/><W2/><G2/><T82/><D71/><U102/><E84/><V53/><F53/><W101/><G101/><T60/><D60/><U74/><E74/><V43/><F43/><W126/><G126/><T13/><D79/><AGARI ba="0,0" hai="4,6,20,22,24,26,28,29,79,83,86,92,96,102" machi="79" ten="30,8000,1" yaku="7,1,9,1,8,1,52,2" doraHai="25" who="1" fromWho="0" sc="250,-80,250,80,250,0,250,0" /><INIT seed="1,0,0,0,5,0" ten="170,330,250,250" oya="1" hai0="37,69,120,54,87,133,24,99,30,104,35,21,62" hai1="25,32,100,70,64,53,88,60,68,36,9,12,4" hai2="103,59,34,123,79,61,93,48,13,23,107,22,122" hai3="33,72,105,67,1,127,8,129,112,47,40,118,19" shuffle="mt19937ar,0FA69709,114C6850,17E177D3,69CF72FB,9C1FE1CC,4F70E9C9,97DAFDF3,CCF42B41"/><U126/><E36/><V97/><F34/><W119/><G72/><T95/><D37/><U56/><E126/><V73/><F48/><W124/><G105/><T74/><D74/><U121/><E121/><V81/><F122/><W113/><G67/><T26/><D120/><U10/><E100/><V130/><F123/><W108/><G47/><T55/><D133/><U20/><E32/><V31/><F130/><W78/><G78/><T128/><D87/><U75/><E75/><V2/><F2/><W111/><G40/><T43/><D43/><U52/><E68/><V83/><F83/><W96/><G96/><T91/><D104/><U18/><E70/><V114/><F114/><N who="3" m="44139" /><G33/><T5/><D5/><U27/><E88/><V109/><F109/><N who="3" m="42059" /><G19/><T63/><D128/><U39/><E39/><V110/><F110/><W71/><G71/><T77/><D77/><U51/><E10/><V46/><F46/><W98/><G98/><T115/><D115/><U86/><E86/><V102/><F102/><W58/><G58/><T82/><D82/><U6/><E27/><V132/><F132/><W116/><G129/><T11/><D11/><U92/><E92/><V28/><F107/><W41/><G41/><T14/><D14/><U49/><E64/><V65/><F13/><W42/><G42/><T117/><D117/><U84/><E84/><V131/><F131/><W57/><G57/><T80/><D80/><U89/><E56/><V16/><F16/><W7/><AGARI ba="0,0" hai="1,7,8,116,118,119,124,127" m="42059,44139" machi="7" ten="50,12000,2" yaku="12,1,14,1,23,1,34,2,52,1" doraHai="0" who="3" fromWho="3" sc="170,-30,330,-60,250,-30,250,120" /><INIT seed="2,0,0,1,2,52" ten="140,270,220,370" oya="2" hai0="62,78,56,19,102,94,85,50,55,11,113,126,124" hai1="111,91,28,95,96,108,123,125,10,2,82,116,64" hai2="130,99,119,117,109,13,15,121,58,53,46,38,6" hai3="37,45,83,88,47,134,65,72,81,31,118,27,86" shuffle="mt19937ar,43F07FB5,38E6FA75,D70BBC5F,7C862ABB,51691CE9,BEBD33E9,3020E061,BF0D3531"/><V16/><F121/><W73/><G118/><T131/><D113/><U39/><E39/><V4/><F130/><W29/><G134/><T74/><D74/><U114/><E116/><V44/><F117/><W101/><G101/><T127/><D131/><U77/><E114/><V63/><F119/><W57/><G37/><T103/><D11/><U135/><E135/><V79/><F109/><W9/><G9/><T12/><D78/><U107/><E123/><V76/><F38/><W129/><G129/><T49/><D19/><U14/><E2/><V133/><F133/><W115/><G115/><T24/><D12/><U122/><E122/><V87/><F99/><W23/><G31/><T5/><D24/><U66/><E107/><V70/><F70/><W75/><G83/><T51/><REACH who="0" step="1"/><D5/><REACH who="0" step="2"/><N who="2" m="2154" /><F15/><W3/><G3/><T42/><D42/><U106/><E14/><V69/><F69/><W21/><G21/><T60/><D60/><U41/><E10/><N who="2" m="6199" /><F79/><W18/><G29/><T32/><D32/><U120/><E28/><V20/><F20/><W35/><G35/><T34/><D34/><U100/><E120/><V110/><F110/><W0/><G0/><T89/><AGARI ba="0,1" hai="49,50,51,55,56,62,85,89,94,102,103,124,126,127" machi="89" ten="40,8000,1" yaku="1,1,0,1,18,1,52,1,53,0" doraHai="52" doraHaiUra="112" who="0" fromWho="0" sc="130,90,270,-20,220,-40,370,-20" /><INIT seed="3,0,0,3,5,38" ten="220,250,180,350" oya="3" hai0="41,16,51,37,42,124,133,39,5,106,101,89,108" hai1="78,7,81,86,90,30,94,131,57,20,125,76,84" hai2="93,87,99,77,1,44,128,11,104,132,68,113,8" hai3="60,26,91,102,109,27,28,135,23,4,122,66,115" shuffle="mt19937ar,B3C7D32A,1F8644D1,90A0A74A,9A5810DB,ECD68F94,FCC8AFAA,D3D68354,316081FB"/><W17/><G122/><T126/><D5/><U56/><E7/><V55/><F68/><W121/><G115/><T10/><D133/><U95/><E131/><V119/><F104/><W116/><G135/><T47/><D108/><U36/><E36/><V24/><F132/><W15/><G116/><T80/><D101/><U21/><E125/><N who="0" m="48233" /><D106/><U123/><E123/><V75/><F1/><W29/><G121/><T9/><D16/><U35/><E35/><V22/><F75/><W111/><G102/><T33/><D33/><U53/><E30/><V62/><F128/><W127/><G127/><T31/><D31/><U32/><E32/><V107/><F113/><W118/><G118/><T43/><D39/><U96/><E57/><V71/><F107/><W52/><G66/><T61/><D61/><N who="1" m="35983" /><E76/><V14/><F71/><W58/><G91/><AGARI ba="0,0" hai="20,21,78,81,84,86,90,91,94,95,96" m="35983" machi="91" ten="30,1000,0" yaku="8,1" doraHai="38" who="1" fromWho="3" sc="220,0,250,10,180,0,350,-10" owari="220,-13,260,1,180,-22,340,34" /></mjloggm>