<mjloggm ver="2.3"><GO type="193"/><UN n0="%49%43%48%49%4E%45%4E" n1="%E7%84%BC%E3%81%8D%E9%B3%A5%E3%81%9F%E3%81%8B%E3%81%97" n2="%E8%B5%A4%E5%9F%9F" n3="%E3%82%A6%E3%83%AB%E3%83%88%E3%83%A9%E7%AB%8B%E7%9B%B4" dan="10,11,11,12" rate="1595,1607,1554,1786" sx="M,M,M,M"/><TAIKYOKU oya="0"/><INIT seed="0,0,0,0,1,27" ten="250,250,250,250" oya="0" hai0="17,33,16,64,94,132,135,36,114,59,98,32,85" hai1="35,55,39,5,47,87,96,83,103,97,40,110,115" hai2="63,50,111,25,30,56,88,104,4,66,2,75,113" hai3="37,109,19,90,54,26,116,45,12,22,42,84,1" shuffle="mt19937ar,1AD8FAE2,5238ED5B,CDDEF3BC,FD5BA0D4,DA6D54A4,E7DDF613,896A6EBC,CF9C688F"/><T51/><D36/><U20/><E35/><N who="0" m="13385" /><D114/><U78/><E115/><V77/><F113/><W101/><G1/><T34/><D85/><U129/><E129/><V102/><F111/><W24/><G116/><T108/><D108/><U49/><E110/><V124/><F124/><W28/><G109/><T0/><D0/><U46/><E5/><V125/><F125/><W112/><G112/><T61/><D51/><U67/><E67/><V107/><F50/><W11/><G101/><N who="0" m="60631" /><D34/><U21/><REACH who="1" step="1"/><E97/><REACH who="1" step="2"/><V31/><F4/><W76/><G76/><T80/><D80/><U48/><E48/><V58/><F2/><W79/><G79/><T60/><D60/><U14/><E14/><V6/><F6/><W91/><G54/><T43/><D43/><U3/><E3/><V130/><F130/><W9/><G26/><T65/><D65/><U118/><E118/><V15/><F15/><W73/><G73/><T106/><D106/><AGARI ba="0,1" hai="20,21,39,40,46,47,49,55,78,83,87,96,103,106" machi="106" ten="30,7700,0" yaku="1,1,7,1,53,2" doraHai="27" doraHaiUra="41" who="1" fromWho="0" sc="250,-77,240,87,250,0,250,0" /><INIT seed="1,0,0,5,0,36" ten="173,327,250,250" oya="1" hai0="51,21,111,11,46,72,22,7,50,94,131,6,55" hai1="121,98,135,115,0,61,26,118,27,124,35,84,134" hai2="17,63,31,122,128,86,80,92,110,56,32,65,12" hai3="23,57,117,8,3,37,60,25,81,66,119,91,9" shuffle="mt19937ar,8ED63581,BF1283C4,819571ED,388F8361,9B662487,3293FDEB,5FE73067,ED89E69D"/><U93/><E0/><V120/><F110/><W30/><G37/><T43/><D131/><U105/><E121/><V62/><F128/><W106/><G106/><T44/><D111/><U13/><E118/><V75/><F75/><W89/><G3/><T104/><D104/><U59/><E115/><V109/><F109/><W53/><G117/><T16/><D72/><U108/><E105/><V20/><F122/><W5/><G119/><T79/><D79/><U18/><E124/><V90/><F120/><W33/><G33/><T73/><D73/><U100/><E35/><V96/><F32/><W99/><G5/><T1/><D94/><U69/><E69/><V83/><F31/><W71/><G91/><T15/><D7/><U123/><E123/><V132/><F132/><N who="1" m="50729" /><E108/><V4/><F4/><W103/><G103/><T125/><D125/><U76/><E76/><V54/><REACH who="2" step="1"/><F86/><REACH who="2" step="2"/><W88/><G99/><T126/><REACH who="0" step="1"/><D126/><REACH who="0" step="2"/><U114/><E114/><V34/><F34/><W24/><G81/><T38/><D38/><U47/><E84/><V116/><F116/><W101/><G101/><T14/><D14/><U40/><E13/><V102/><F102/><W70/><G25/><T42/><D42/><U112/><E112/><V67/><F67/><W87/><G66/><T49/><D49/><N who="1" m="26855" /><E18/><V107/><F107/><W58/><G24/><T78/><D78/><U19/><E19/><V129/><F129/><W113/><G113/><T133/><D133/><U52/><AGARI ba="0,2" hai="26,27,52,59,61,93,98,100" m="26855,50729" machi="52" ten="30,6000,0" yaku="20,1,52,1,54,1" doraHai="36" who="1" fromWho="1" sc="163,-20,327,80,240,-20,250,-20" /><INIT seed="1,1,0,3,5,31" ten="143,407,220,230" oya="1" hai0="76,62,58,38,40,52,100,114,32,81,103,1,12" hai1="110,112,105,65,101,128,19,26,75,82,34,51,102" hai2="22,10,98,130,79,91,16,50,27,85,36,71,123" hai3="99,41,14,23,25,127,13,90,4,124,113,47,48" shuffle="mt19937ar,ADC0CB28,03B69565,E8BE5FC3,75FD4569,8325D1AC,C666A46E,583905AF,BDAD0A97"/><U2/><E112/><V109/><F123/><W35/><G113/><T92/><D114/><U63/><E2/><V74/><F109/><W129/><G129/><T42/><D1/><U53/><E128/><V73/><F130/><W93/><G4/><T134/><D134/><U97/><E110/><V33/><F71/><W107/><G107/><T30/><D38/><U108/><E108/><V115/><F115/><W120/><G120/><T78/><D78/><U6/><E102/><V49/><F36/><W37/><G37/><T66/><D32/><U39/><E39/><V9/><F74/><W86/><G86/><T7/><D30/><U135/><E135/><V24/><F73/><W56/><G56/><T67/><D67/><U28/><E6/><V46/><F50/><W59/><G59/><N who="0" m="37215" /><D76/><U96/><E96/><V118/><F118/><W68/><G68/><T132/><D132/><U43/><E43/><N who="0" m="16425" /><D81/><U111/><E111/><V104/><F104/><W72/><G72/><T117/><D92/><U84/><E75/><V88/><F98/><W8/><G35/><T69/><D69/><U106/><E106/><V0/><F0/><W80/><G80/><T64/><D64/><U61/><E65/><V5/><F5/><W57/><G57/><T94/><D94/><U77/><E19/><V121/><F121/><W131/><G131/><T55/><D55/><U125/><E125/><N who="3" m="48202" /><G8/><N who="2" m="3177" /><F79/><W83/><G83/><T44/><D44/><AGARI ba="1,0" hai="26,28,34,44,51,53,61,63,77,82,84,97,101,105" machi="44" ten="30,2900,0" yaku="7,1,52,1" doraHai="31" who="1" fromWho="0" sc="143,-32,407,32,220,0,230,0" /><INIT seed="1,2,0,3,1,48" ten="111,439,220,230" oya="1" hai0="74,27,131,78,42,126,105,52,65,16,117,73,62" hai1="82,79,91,76,8,44,70,33,100,66,123,21,98" hai2="9,109,31,63,71,59,116,19,122,28,132,12,54" hai3="113,85,45,90,34,106,38,111,32,39,118,37,18" shuffle="mt19937ar,DE4DB27B,AEBDF64A,4A8ED8C1,88149AB6,AE7D6DFE,2005439C,A9CCA602,22759587"/><U26/><E33/><V97/><F122/><W86/><G106/><T94/><D117/><U134/><E123/><V40/><F116/><W107/><G107/><T0/><D131/><U84/><E134/><V47/><F109/><W61/><G118/><T130/><D130/><U30/><E70/><V41/><F132/><W104/><G104/><T24/><D126/><U128/><E128/><V6/><F71/><W2/><G2/><T56/><D105/><U135/><E135/><V11/><F41/><W101/><G39/><T50/><D0/><U87/><E66/><V114/><F114/><W88/><G38/><T110/><D110/><U99/><E8/><V35/><F35/><W95/><G37/><T124/><D124/><U83/><E100/><V5/><F97/><W108/><G34/><T4/><D42/><U72/><E44/><V55/><F40/><W75/><G32/><T36/><D36/><U125/><E125/><V51/><F19/><W112/><G75/><T133/><D133/><U25/><E25/><N who="0" m="9801" /><D74/><U67/><E67/><V3/><AGARI ba="2,0" hai="3,5,6,9,11,12,28,31,47,51,54,55,59,63" machi="3" ten="20,5200,0" yaku="0,1,7,1,52,2" doraHai="48" who="2" fromWho="2" sc="111,-15,439,-28,220,58,230,-15" /><INIT seed="2,0,0,5,0,102" ten="96,411,278,215" oya="2" hai0="82,42,94,52,70,51,43,131,112,24,56,75,2" hai1="126,48,46,103,67,106,107,20,59,92,93,100,130" hai2="8,95,113,4,110,118,1,116,3,41,72,36,10" hai3="129,7,90,34,32,121,78,119,108,39,28,128,125" shuffle="mt19937ar,7AF790DB,67BA14EC,519D2771,670E641E,277009C4,3F265261,A6DF44B1,9325F854"/><V79/><F95/><N who="1" m="36425" /><E67/><V71/><F113/><W69/><G78/><T105/><D131/><U88/><E59/><V81/><F110/><W117/><G90/><T91/><D112/><U73/><E20/><V123/><F123/><W68/><G28/><T0/><D70/><U47/><E48/><V21/><F21/><W22/><G22/><T13/><D82/><U11/><E11/><V134/><F134/><W25/><G25/><T54/><D75/><U53/><E53/><V101/><F101/><N who="1" m="38985" /><E130/><V38/><F38/><W84/><G7/><T98/><D2/><U109/><E73/><V30/><F30/><W23/><G23/><T87/><D0/><U16/><E109/><V66/><F66/><W132/><G108/><T64/><D64/><U35/><E35/><V63/><F63/><W124/><G84/><T14/><D24/><U40/><E40/><V12/><F12/><W74/><G74/><T135/><D135/><U31/><E31/><V76/><F76/><W50/><G50/><T104/><D43/><U122/><E122/><V127/><F127/><W37/><REACH who="3" step="1"/><G132/><REACH who="3" step="2"/><T45/><D42/><U62/><E126/><V115/><F115/><W33/><G33/><T111/><D111/><U6/><E88/><V86/><F86/><W96/><G96/><T19/><D14/><U27/><E6/><N who="2" m="1103" /><F71/><W26/><G26/><T120/><D120/><AGARI ba="0,1" hai="32,34,37,39,68,69,117,119,120,121,124,125,128,129" machi="120" ten="25,8000,1" yaku="1,1,22,2,31,2,53,0" doraHai="102" doraHaiUra="60" who="3" fromWho="0" sc="96,-80,411,0,278,0,205,90" /><INIT seed="3,0,0,2,4,28" ten="16,411,278,295" oya="3" hai0="16,39,6,112,3,57,11,86,85,94,60,88,69" hai1="32,100,118,106,7,14,89,40,97,30,49,91,101" hai2="25,26,78,96,134,128,84,75,22,70,117,18,10" hai3="77,107,50,55,105,24,0,114,68,21,1,83,110" shuffle="mt19937ar,2E5761A5,34390300,D9013A59,5E738204,52559C29,0F510AD5,1AB63BB0,361D3E0D"/><W13/><G114/><T47/><D69/><U87/><E118/><V129/><F117/><W66/><G68/><T12/><D112/><U103/><E7/><V113/><F70/><W115/><G66/><T109/><D109/><U64/><E64/><V42/><F113/><W116/><G115/><T9/><D39/><U98/><E14/><V119/><F119/><W44/><G116/><T54/><D47/><U48/><E40/><V80/><F42/><W120/><G120/><T74/><D74/><U79/><E79/><V41/><F41/><W122/><G122/><T130/><D130/><U126/><E126/><V124/><F124/><W51/><G51/><T73/><D73/><U123/><E123/><V15/><F134/><W35/><G110/><T33/><D33/><U102/><E30/><V131/><F96/><N who="1" m="36969" /><E32/><V45/><F45/><W29/><G13/><T23/><D11/><U99/><E48/><V43/><F43/><W65/><G65/><T5/><D5/><U27/><E49/><V52/><F52/><W38/><G21/><T72/><D72/><U135/><E27/><V53/><F53/><W4/><G38/><T121/><D121/><U67/><E67/><V20/><F75/><W37/><G37/><T125/><D125/><U93/><E135/><V92/><F92/><W127/><G127/><T19/><D19/><U58/><E58/><V111/><REACH who="2" step="1"/><F111/><REACH who="2" step="2"/><W95/><G95/><T56/><REACH who="0" step="1"/><D56/><REACH who="0" step="2"/><U46/><E46/><V90/><F90/><AGARI ba="0,2" hai="87,89,90,91,93,99,100,101,102,103,106" m="36969" machi="90" ten="30,8000,1" yaku="35,5" doraHai="28" who="1" fromWho="2" sc="6,0,411,100,268,-80,295,0" owari="6,-39,511,50,188,-16,295,5" /></mjloggm>