<mjloggm ver="2.3"><GO type="97"/><UN n0="%E3%83%88%E3%83%A0%E3%83%BC" n1="%E3%82%A6%E3%83%AB%E3%83%88%E3%83%A9%E7%AB%8B%E7%9B%B4" n2="%73%6F%75%6C%65%72" n3="%76%6F%69%63%65%6E%6F" dan="13,13,14,14" rate="1802,1858,1990,1995" sx="M,M,M,M"/><TAIKYOKU oya="0"/><INIT seed="0,0,0,1,5,120" ten="250,250,250,250" oya="0" hai0="88,7,51,106,104,39,43,133,22,37,54,34,90" hai1="5,4,85,68,72,13,46,49,93,91,67,47,81" hai2="26,64,111,96,56,23,123,70,42,83,24,52,77" hai3="14,15,119,28,124,32,110,66,107,73,127,135,29" shuffle="mt19937ar,E33EA838,C74DA48C,AB117B69,3977F134,813DF4BF,22CF97C4,105610CE,CCB6DCBA"/><T38/><D34/><U129/><E129/><V128/><F123/><W95/><G107/><T17/><D133/><U35/><E35/><V31/><F128/><W101/><G73/><T116/><D116/><U9/><E68/><V94/><F70/><W89/><G101/><T74/><D74/><U126/><E67/><V11/><F42/><W82/><G66/><T114/><D114/><U27/><E126/><V45/><F45/><W8/><G82/><T57/><D7/><U10/><E27/><V97/><F11/><W121/><G95/><T92/><D43/><U79/><REACH who="1" step="1"/><E49/><REACH who="1" step="2"/><V62/><F26/><W78/><G121/><T18/><D90/><U100/><E100/><V61/><F64/><W108/><G89/><T20/><D18/><U59/><E59/><V0/><F62/><W118/><G78/><T48/><D51/><U134/><E134/><V60/><F61/><W33/><REACH who="3" step="1"/><G8/><REACH who="3" step="2"/><T125/><D125/><U99/><E99/><V50/><F97/><W105/><G105/><T71/><D71/><U55/><E55/><V21/><F52/><W80/><G80/><T6/><D6/><U16/><E16/><V25/><F83/><W103/><G103/><T113/><D113/><U63/><E63/><V41/><F60/><W1/><G1/><AGARI ba="0,2" hai="1,4,5,9,10,13,46,47,72,79,81,85,91,93" machi="1" ten="30,7700,0" yaku="1,1,7,1,53,2" doraHai="120" doraHaiUra="40" who="1" fromWho="3" sc="250,0,240,97,250,0,240,-77" /><INIT seed="1,0,0,4,4,135" ten="250,337,250,163" oya="1" hai0="48,70,19,27,32,116,21,1,39,96,23,118,61" hai1="88,57,132,65,76,7,98,79,72,59,124,90,67" hai2="49,112,64,63,50,128,46,24,114,38,42,55,2" hai3="127,102,130,53,104,33,45,16,110,35,66,94,113" shuffle="mt19937ar,73623948,57F61012,9319130E,3E2F2876,F15C5141,D1FE558E,FF9B7F11,E6C38045"/><U4/><E72/><V73/><F2/><W99/><G104/><T44/><D39/><U92/><E132/><V41/><F73/><W3/><G113/><N who="2" m="43625" /><F24/><W40/><G3/><T74/><D74/><U87/><E124/><V89/><F89/><W69/><G130/><T121/><D1/><U123/><E123/><V54/><F42/><W62/><G110/><T8/><D8/><U108/><E108/><V11/><F11/><W9/><G53/><N who="2" m="19977" /><F128/><W101/><G101/><T103/><D121/><U20/><E20/><V28/><F28/><W26/><G127/><T14/><D32/><U60/><E79/><V25/><F25/><W5/><G5/><T119/><D70/><AGARI ba="0,0" hai="38,41,46,49,50,63,64,70" m="19977,43625" machi="70" ten="30,3900,0" yaku="11,1,34,2" doraHai="135" who="2" fromWho="0" sc="250,-39,337,0,250,39,163,0" /><INIT seed="2,0,0,1,4,54" ten="211,337,289,163" oya="2" hai0="11,91,108,130,112,25,117,75,0,18,95,5,73" hai1="21,114,3,64,6,80,17,31,127,46,69,4,33" hai2="40,106,76,99,59,101,60,67,57,126,128,84,2" hai3="111,26,42,100,44,93,35,107,118,51,131,125,13" shuffle="mt19937ar,E3F05DB7,5E867B6C,41AAF180,0DC812B7,954B06DE,623DA868,A7671416,9077520F"/><V39/><F2/><W102/><G118/><T32/><D112/><U7/><E114/><V122/><F122/><W24/><G131/><T28/><D130/><U97/><E64/><V65/><F128/><W72/><G72/><T48/><D108/><U66/><E127/><V41/><F126/><W49/><G107/><T38/><D38/><U78/><E78/><V19/><F39/><W45/><G111/><T81/><D117/><U52/><E80/><V105/><F105/><W77/><G125/><T53/><D81/><U85/><E85/><V115/><F115/><W79/><G13/><T55/><D55/><U20/><E97/><V30/><F30/><W94/><REACH who="3" step="1"/><G35/><REACH who="3" step="2"/><T1/><D1/><U92/><E33/><V23/><F76/><W98/><G98/><T103/><D103/><U68/><E3/><V37/><F84/><W129/><G129/><T8/><D8/><U87/><E21/><V132/><F132/><W113/><G113/><T22/><D91/><U10/><E20/><V36/><F37/><W120/><G120/><T16/><D95/><U90/><E10/><V15/><F36/><W110/><G110/><T104/><D104/><U61/><E90/><V27/><F15/><W14/><G14/><N who="0" m="9495" /><D18/><U43/><E17/><V116/><F116/><W96/><G96/><T56/><AGARI ba="0,1" hai="0,5,11,25,28,32,48,53,56,73,75" m="9495" machi="56" ten="30,4000,0" yaku="24,1,52,1,54,1" doraHai="54" who="0" fromWho="0" sc="211,50,337,-10,289,-20,153,-10" /><INIT seed="3,0,0,3,5,43" ten="261,327,269,143" oya="3" hai0="70,16,66,86,7,12,38,81,63,67,68,97,2" hai1="129,102,105,126,121,130,99,9,101,75,109,24,119" hai2="25,57,82,1,79,131,54,22,20,48,27,42,26" hai3="107,19,37,122,84,30,78,29,98,112,32,14,103" shuffle="mt19937ar,12094385,33915E87,52C4C93E,40DA94CB,64C3BED6,0636FC4E,76F5782F,C1AA0B22"/><W74/><G122/><T124/><D38/><U93/><E121/><V64/><F1/><W61/><G112/><T92/><D124/><U47/><E126/><V115/><F115/><W59/><G37/><T0/><D67/><U17/><E75/><V108/><F108/><W113/><G113/><T52/><D7/><U91/><E109/><V45/><F131/><N who="1" m="50185" /><E119/><V15/><F64/><W90/><G32/><T6/><D68/><U135/><E135/><V39/><REACH who="2" step="1"/><F15/><REACH who="2" step="2"/><W89/><G74/><AGARI ba="0,1" hai="20,22,25,26,27,39,42,45,48,54,57,74,79,82" machi="74" ten="40,5200,0" yaku="1,1,2,1,52,1,53,0" doraHai="43" doraHaiUra="13" who="2" fromWho="3" sc="261,0,327,0,259,62,143,-52" owari="261,-9,327,33,321,7,91,-31" /></mjloggm>