<mjloggm ver="2.3"><GO type="41"/><UN n0="%73%79%75%6D" n1="%E3%82%A6%E3%83%AB%E3%83%88%E3%83%A9%E7%AB%8B%E7%9B%B4" n2="%6C%65%6D%6F%6E%36%36" n3="%E5%BD%BC%E6%96%B9%E6%B5%81%E3%81%97" dan="13,13,13,13" rate="1841,1858,2039,1826" sx="M,M,M,M"/><TAIKYOKU oya="0"/><INIT seed="0,0,0,4,2,79" ten="250,250,250,250" oya="0" hai0="54,23,108,13,38,125,102,5,36,101,110,83,55" hai1="111,115,56,127,14,97,88,27,113,133,59,96,135" hai2="91,124,73,44,52,7,1,22,58,18,134,128,62" hai3="3,31,0,89,81,10,84,16,60,72,28,119,122" shuffle="mt19937ar,B1BE5BA9,353198A0,5F626C7F,B7B7B23C,ADCDE6F7,FF7DDC83,9BFAA2D4,459E5F06"/><T116/><D116/><U34/><E34/><V20/><F124/><W92/><G119/><T82/><D125/><U33/><E14/><V67/><F128/><W86/><G122/><T63/><D63/><U40/><E127/><V117/><F117/><W51/><G72/><T78/><D23/><U47/><E27/><V109/><F109/><N who="0" m="42090" /><D13/><U66/><E33/><V2/><F134/><N who="1" m="51209" /><E111/><V4/><F73/><W85/><G3/><T132/><D78/><U57/><E66/><V126/><F1/><W48/><G60/><T131/><D5/><U74/><E74/><V24/><F2/><W17/><G0/><T9/><D9/><U80/><E97/><V90/><F20/><W53/><G17/><T64/><D64/><U15/><E15/><V100/><F100/><N who="0" m="38506" /><D131/><U87/><E96/><V49/><F126/><W42/><G31/><T77/><D77/><U25/><E25/><V95/><REACH who="2" step="1"/><F91/><REACH who="2" step="2"/><W94/><G89/><T32/><D132/><U104/><E104/><V75/><F75/><W11/><G11/><T112/><D32/><U45/><E45/><V107/><F107/><W76/><G10/><T41/><D112/><U50/><AGARI ba="0,1" hai="40,47,50,56,57,59,80,87,88,113,115" m="51209" machi="50" ten="40,5200,0" yaku="20,1,52,1,54,1" doraHai="79" who="1" fromWho="1" sc="250,-26,250,62,240,-13,250,-13" /><INIT seed="1,0,0,5,1,7" ten="224,312,227,237" oya="1" hai0="130,53,74,117,106,25,121,26,55,47,14,67,23" hai1="69,52,5,35,105,99,88,22,75,112,28,12,19" hai2="68,126,71,107,11,129,37,17,46,110,95,13,30" hai3="20,62,8,16,98,100,49,114,66,91,94,122,87" shuffle="mt19937ar,65092700,E1C01EC0,71C8F1E6,2EC5C4FE,B9E19D12,443D5965,4D7D57A4,D028F8CF"/><U31/><E75/><V64/><F107/><W96/><G114/><T90/><D74/><U1/><E69/><V131/><F110/><W0/><G122/><T119/><D106/><U2/><E112/><V15/><F126/><W34/><G34/><T82/><D121/><U80/><E105/><V97/><F64/><W81/><G49/><T111/><D111/><U109/><E109/><V61/><F61/><W86/><G96/><T21/><D67/><U33/><E52/><N who="0" m="20041" /><D130/><N who="2" m="49674" /><F30/><N who="1" m="11305" /><E80/><V36/><F15/><W43/><G43/><T70/><D70/><N who="2" m="26666" /><F46/><W41/><G41/><T51/><D117/><U78/><E78/><V101/><AGARI ba="0,0" hai="11,13,17,36,37,95,97,101" m="26666,49674" machi="101" ten="30,2000,0" yaku="19,1,52,1" doraHai="7" who="2" fromWho="2" sc="224,-5,312,-10,227,20,237,-5" /><INIT seed="2,0,0,3,4,37" ten="219,302,247,232" oya="2" hai0="126,105,25,78,94,66,93,77,59,102,50,65,13" hai1="76,1,111,91,133,82,104,75,124,115,97,85,128" hai2="100,18,83,73,10,68,108,120,46,112,53,67,7" hai3="9,20,39,31,44,114,129,22,110,36,101,61,28" shuffle="mt19937ar,DAE8BD0A,1D4B4B03,F01700B3,9CD1FB73,88DBE343,41CFBF28,ECD38592,4FCE3E7B"/><V89/><F120/><W24/><G129/><T48/><D105/><U52/><E1/><V11/><F112/><W55/><G114/><T127/><D25/><U123/><E115/><V96/><F108/><W21/><G110/><T2/><D2/><U4/><E4/><V116/><F116/><W60/><G101/><T109/><D59/><U58/><E111/><V122/><F122/><W80/><G9/><T63/><D13/><U132/><E123/><V47/><F68/><W134/><G134/><T15/><D63/><U49/><E128/><V5/><F67/><N who="0" m="25610" /><D102/><N who="1" m="62543" /><E124/><N who="0" m="47657" /><D15/><U62/><E62/><V70/><F70/><W42/><G36/><T6/><D6/><N who="2" m="2058" /><F73/><W121/><G121/><T8/><D8/><N who="2" m="3114" /><F18/><W56/><G80/><T64/><D109/><U81/><E81/><V14/><F14/><W32/><REACH who="3" step="1"/><G28/><REACH who="3" step="2"/><T125/><D125/><U38/><E38/><V103/><F83/><W130/><G130/><T45/><D64/><U54/><E132/><V69/><F103/><W19/><G19/><T16/><D16/><U35/><E133/><V95/><F100/><W98/><G98/><T17/><D17/><U26/><E76/><N who="0" m="29289" /><D45/><U79/><E79/><V72/><F69/><W113/><G113/><T43/><D43/><U135/><E135/><V71/><F71/><W92/><G92/><AGARI ba="0,1" hai="48,50,92,93,94" m="29289,47657,25610" machi="92" ten="30,3900,0" yaku="28,2,18,1" doraHai="37" who="0" fromWho="3" sc="219,49,302,0,247,0,222,-39" /><INIT seed="3,0,0,3,0,28" ten="268,302,247,183" oya="3" hai0="90,109,8,100,31,23,123,42,46,13,72,18,44" hai1="60,6,125,24,76,73,120,58,104,27,80,64,82" hai2="88,41,22,16,134,35,29,71,50,84,21,3,12" hai3="61,106,15,4,119,75,124,7,127,121,115,34,79" shuffle="mt19937ar,88BC2DCD,3704AEB2,628BE0CE,14DE2753,8CEA2D40,3B8D02BB,F4B13A5F,34B62AB8"/><W53/><G121/><T96/><D72/><U5/><E104/><V68/><F3/><W98/><G119/><T78/><D109/><U97/><E120/><V101/><F101/><W118/><G118/><T17/><D78/><U45/><E125/><N who="3" m="48202" /><G115/><T67/><D67/><U26/><E97/><V32/><F134/><W89/><G75/><T51/><D31/><U133/><E133/><V2/><F2/><W20/><G79/><T135/><D135/><U39/><E82/><V111/><F111/><W33/><G61/><T103/><D46/><U55/><E39/><V114/><F114/><W132/><G132/><T105/><D103/><U69/><REACH who="1" step="1"/><E45/><REACH who="1" step="2"/><V30/><F71/><W117/><G117/><T14/><D123/><U110/><E110/><V102/><F68/><W40/><G40/><T66/><D105/><U36/><E36/><V1/><F41/><W108/><G108/><T38/><D38/><U74/><E74/><V52/><F102/><N who="3" m="62807" /><G89/><T0/><D90/><U107/><E107/><V99/><F99/><W43/><G43/><T56/><D96/><U85/><E85/><V54/><F88/><W47/><G47/><T116/><D100/><U77/><E77/><V128/><F84/><W87/><G87/><T95/><D116/><U70/><E70/><V86/><F86/><W63/><G63/><AGARI ba="0,1" hai="5,6,24,26,27,55,58,60,63,64,69,73,76,80" machi="63" ten="40,1300,0" yaku="1,1,53,0" doraHai="28" doraHaiUra="112" who="1" fromWho="3" sc="268,0,292,23,247,0,183,-13" /><INIT seed="4,0,0,5,1,78" ten="268,315,247,170" oya="0" hai0="87,97,33,103,20,59,52,89,102,120,13,2,109" hai1="92,40,99,121,74,67,60,110,79,91,90,123,134" hai2="19,17,101,12,73,18,15,131,68,69,39,88,38" hai3="50,36,100,32,53,9,26,104,75,77,57,5,42" shuffle="mt19937ar,5B8E1F1F,64323AE1,52343718,D5B82C3D,D1C6DD95,D2994274,8A1B7781,503A404B"/><T124/><D33/><U107/><E40/><V63/><F73/><W43/><G43/><T96/><D2/><U116/><E60/><V106/><F131/><W130/><G130/><T4/><D120/><U6/><E67/><V37/><F63/><W62/><G100/><T34/><D34/><U118/><E6/><V46/><F46/><W128/><G128/><T25/><D124/><U44/><E44/><V66/><F66/><W85/><G104/><T105/><D13/><U133/><E107/><V8/><F106/><W70/><G85/><T24/><D4/><U95/><E110/><V10/><F101/><N who="0" m="38410" /><D105/><U22/><E22/><V56/><F56/><W30/><G70/><T51/><D109/><U115/><E115/><V55/><F55/><W113/><G113/><T1/><D1/><U41/><E41/><V93/><REACH who="2" step="1"/><F18/><REACH who="2" step="2"/><W122/><G122/><T83/><D25/><U49/><E123/><V135/><F135/><W127/><G127/><T125/><D125/><U94/><E121/><V108/><F108/><W65/><G65/><T117/><D117/><U71/><E118/><V132/><F132/><W129/><G129/><T61/><D61/><U98/><E116/><V58/><F58/><W80/><G62/><T54/><D54/><U82/><E71/><V29/><F29/><AGARI ba="0,1" hai="20,24,29,51,52,59,83,87,89,96,97" m="38410" machi="29" ten="30,5800,0" yaku="8,1,52,1,54,1" doraHai="78" who="0" fromWho="2" sc="268,68,315,0,237,-58,170,0" /><INIT seed="4,1,0,5,5,48" ten="336,315,179,170" oya="0" hai0="33,111,135,41,19,64,72,28,8,129,42,101,63" hai1="110,88,70,9,45,2,94,73,124,86,120,5,23" hai2="76,1,117,102,44,27,7,131,10,61,97,53,87" hai3="123,71,119,90,130,107,20,126,12,58,69,77,26" shuffle="mt19937ar,FE953F73,404BD1F7,86EE7FE2,E20B4C98,399D30D7,57893F38,C6E1E097,7A25574D"/><T82/><D129/><U32/><E32/><V99/><F117/><W0/><G119/><T18/><D135/><U52/><E120/><V46/><F131/><W13/><G126/><T100/><D33/><U98/><E73/><V68/><F68/><W79/><G130/><T15/><D28/><U47/><E70/><V83/><F27/><W11/><G123/><T122/><D111/><U95/><E110/><V14/><F1/><W49/><G107/><T43/><D72/><U59/><E23/><V114/><F114/><W37/><G37/><T34/><D34/><U125/><E125/><V60/><F99/><W93/><G0/><T24/><D82/><U17/><E17/><V39/><F39/><W31/><G69/><T128/><D128/><U3/><E3/><V103/><F103/><W116/><G116/><T85/><D85/><U134/><E134/><V62/><REACH who="2" step="1"/><F53/><REACH who="2" step="2"/><N who="3" m="32047" /><G71/><T118/><D118/><U25/><E25/><V113/><F113/><W56/><G56/><T74/><D122/><U35/><E35/><V84/><F84/><N who="3" m="52423" /><G13/><T108/><D24/><U16/><E124/><V4/><F4/><AGARI ba="1,1" hai="4,11,12,20,26,31,77,79" m="52423,32047" machi="4" ten="30,2000,0" yaku="8,1,52,1" doraHai="48" who="3" fromWho="2" sc="336,0,315,0,169,-23,170,33" /><INIT seed="5,0,0,4,0,21" ten="336,315,146,203" oya="1" hai0="96,84,70,75,72,65,106,117,16,56,80,99,83" hai1="119,81,49,128,64,133,38,22,90,40,35,60,116" hai2="130,102,109,124,53,44,120,85,48,58,28,87,61" hai3="122,135,6,93,55,12,134,3,25,19,111,7,50" shuffle="mt19937ar,5F8F33C1,CDFFA15C,8958683C,A2E6AAD0,F6BE3FD7,EAACBF02,68E1EA02,7BDB7B09"/><U97/><E35/><V8/><F120/><W126/><G122/><T1/><D1/><U94/><E38/><V34/><F109/><W95/><G111/><T39/><D39/><U2/><E2/><V52/><F124/><W42/><G126/><T30/><D117/><U98/><E128/><V66/><F130/><W11/><G42/><T118/><D70/><U68/><E133/><V91/><F102/><W131/><G131/><T27/><D75/><U77/><E97/><V20/><F34/><W104/><G104/><T115/><D72/><U33/><E33/><V105/><F105/><W4/><G135/><T108/><D106/><U79/><E79/><V89/><F8/><W51/><G134/><T23/><D115/><U26/><E49/><V69/><F69/><W100/><G3/><T41/><D41/><U9/><E9/><V125/><F125/><W57/><G51/><T59/><D118/><U129/><E40/><V24/><F66/><W121/><G121/><T47/><D47/><U78/><E129/><V114/><F114/><W76/><G76/><N who="0" m="46087" /><D83/><U15/><E15/><V29/><F29/><W86/><G86/><AGARI ba="0,0" hai="20,24,28,44,48,52,53,58,61,85,86,87,89,91" machi="86" ten="40,5200,0" yaku="8,1,52,1,54,1" doraHai="21" who="2" fromWho="3" sc="336,0,315,0,146,52,203,-52" /><INIT seed="6,0,0,1,3,106" ten="336,315,198,151" oya="2" hai0="63,25,44,110,40,96,33,81,126,59,88,127,77" hai1="69,58,30,133,4,70,16,9,101,27,117,45,64" hai2="92,107,43,108,21,134,35,97,50,13,15,91,105" hai3="86,67,19,60,22,5,89,104,3,121,68,65,74" shuffle="mt19937ar,97D0660D,5D5AFE39,CE0F6F84,EC93BC9F,F7697DEC,BCEAE625,8ED993DE,1ECD084E"/><V131/><F35/><W80/><G121/><T76/><D110/><U6/><E117/><V14/><F108/><W61/><G104/><T24/><D33/><U36/><E133/><V62/><F134/><W116/><G116/><T95/><D77/><U125/><E125/><N who="0" m="47625" /><D59/><U130/><E130/><V49/><F131/><W93/><G3/><T48/><D63/><U128/><E128/><V113/><F113/><W17/><G5/><T52/><D40/><U120/><E120/><V100/><F43/><W72/><G93/><T90/><D90/><U124/><E124/><V66/><F21/><W42/><G42/><T82/><D82/><U83/><E45/><V34/><F34/><W18/><REACH who="3" step="1"/><G22/><REACH who="3" step="2"/><T47/><D95/><U51/><E4/><V56/><REACH who="2" step="1"/><F105/><REACH who="2" step="2"/><W98/><G98/><AGARI ba="0,2" hai="13,14,15,49,50,56,62,66,91,92,97,98,100,107" machi="98" ten="40,3900,0" yaku="1,1,2,1,53,0" doraHai="106" doraHaiUra="23" who="2" fromWho="3" sc="336,0,315,0,188,59,141,-39" /><INIT seed="6,1,0,5,2,36" ten="336,315,247,102" oya="2" hai0="90,84,88,25,80,57,45,9,27,7,8,107,12" hai1="87,85,106,48,67,37,108,94,52,135,93,75,19" hai2="58,101,72,77,124,0,29,24,91,128,2,3,61" hai3="104,83,114,43,41,11,134,126,49,53,26,118,113" shuffle="mt19937ar,76DC7690,62E6A049,BC14767B,FDFF5890,3579531C,8467DBF2,D2C14E18,B167F3BA"/><V32/><F124/><W35/><G104/><T96/><D107/><U86/><E75/><V39/><F39/><W54/><G118/><T20/><D27/><U116/><E106/><V13/><F128/><W100/><G100/><T16/><D9/><U22/><E37/><V31/><F101/><W50/><G126/><T44/><D57/><U51/><E67/><V127/><F127/><W33/><G11/><T112/><D112/><N who="3" m="43113" /><G134/><T117/><D117/><U82/><E135/><V95/><F72/><W92/><G92/><AGARI ba="1,0" hai="7,8,12,16,20,25,44,45,80,84,88,90,92,96" machi="92" ten="40,5200,0" yaku="8,1,54,2" doraHai="36" who="0" fromWho="3" sc="336,55,315,0,247,0,102,-55" /><INIT seed="7,0,0,0,4,104" ten="391,315,247,47" oya="3" hai0="87,84,123,53,5,42,82,23,9,4,88,119,65" hai1="31,108,132,32,83,130,38,125,70,8,121,49,51" hai2="40,22,103,34,131,92,35,46,3,109,93,55,134" hai3="36,60,15,10,117,19,129,72,64,47,45,13,2" shuffle="mt19937ar,07CF2A4B,5F85EBAE,64EC5E89,0F892C28,C43CD930,9A079C80,1EA3F93D,35B50F82"/><W27/><G117/><T124/><D119/><U111/><E83/><V33/><F3/><W99/><G129/><T62/><D124/><U86/><E86/><V56/><F109/><W94/><G2/><T71/><D42/><U57/><E31/><V77/><F134/><W79/><G27/><T128/><D128/><U0/><E8/><V18/><F131/><W133/><G133/><T75/><D75/><U112/><E57/><V102/><F77/><W101/><G36/><T1/><D5/><U21/><E21/><V61/><F93/><W17/><G79/><T80/><D23/><U74/><E49/><V107/><F92/><W41/><G41/><T69/><D53/><U127/><E51/><V28/><F28/><W50/><G50/><T81/><D123/><U54/><E54/><V58/><F58/><W24/><G24/><T91/><D80/><U52/><E52/><V12/><F107/><W105/><G105/><T85/><D85/><U113/><E111/><V44/><F44/><W110/><G110/><T7/><D7/><U59/><E59/><AGARI ba="0,0" hai="1,4,9,59,62,65,69,71,81,82,84,87,88,91" machi="59" ten="30,3900,0" yaku="7,1,9,1,54,1" doraHai="104" who="0" fromWho="1" sc="391,39,315,-39,247,0,47,0" owari="430,52,276,8,247,-15,47,-45" /></mjloggm>