<mjloggm ver="2.3"><GO type="193"/><UN n0="%E3%82%A6%E3%83%AB%E3%83%88%E3%83%A9%E7%AB%8B%E7%9B%B4" n1="%E9%9B%B7%E9%9B%BB%58" n2="%45%72%79%6E%67%69%75%6D" n3="%E3%83%8F%E3%83%AB%EF%BC%94%EF%BC%94" dan="12,11,10,11" rate="1819,1576,1421,1575" sx="M,M,M,M"/><TAIKYOKU oya="0"/><INIT seed="0,0,0,3,4,21" ten="250,250,250,250" oya="0" hai0="70,15,133,59,126,51,46,6,101,39,75,104,96" hai1="105,20,63,127,50,76,27,22,90,87,134,12,29" hai2="77,67,61,7,44,132,66,40,69,94,35,100,1" hai3="5,108,113,58,37,81,56,91,14,123,45,82,117" shuffle="mt19937ar,2C263C64,930A7311,8AD23C42,EFB204C5,B80B5066,687828CA,2E3A72D5,78402A06"/><T60/><D75/><U47/><E134/><V128/><F35/><W98/><G117/><T32/><D32/><U25/><E127/><V74/><F94/><W31/><G123/><T78/><D78/><U83/><E12/><V54/><F100/><W124/><G113/><T72/><D72/><U65/><E105/><V86/><F132/><W0/><G0/><T79/><D133/><U97/><E97/><V16/><F86/><W71/><G71/><T10/><D79/><U9/><E9/><N who="2" m="2287" /><F16/><W2/><G124/><T42/><D126/><U129/><E129/><V28/><F28/><W43/><G108/><T38/><REACH who="0" step="1"/><D70/><REACH who="0" step="2"/><U116/><E76/><V122/><F128/><W4/><G2/><T118/><D118/><U49/><E116/><V114/><F114/><W85/><G31/><T68/><D68/><U57/><E47/><V107/><F122/><W55/><G98/><T17/><D17/><AGARI ba="0,1" hai="17,20,22,25,27,29,49,50,57,63,65,83,87,90" machi="17" ten="30,7700,0" yaku="7,1,8,1,52,2" doraHai="21" who="1" fromWho="0" sc="240,-77,250,87,250,0,250,0" /><INIT seed="1,0,0,4,1,71" ten="163,337,250,250" oya="1" hai0="48,92,87,58,115,21,60,41,37,59,10,23,28" hai1="52,27,79,14,121,73,106,46,5,130,45,123,132" hai2="7,47,69,84,51,131,118,6,0,91,114,11,86" hai3="9,40,77,125,62,12,101,96,61,55,67,103,80" shuffle="mt19937ar,2E9AE488,7EF66A4A,98BC793C,1D2930E0,68EF47BB,86A7A093,AD075C28,4F8FE700"/><U99/><E123/><V128/><F118/><W81/><G125/><T90/><D115/><U4/><E121/><V42/><F7/><W98/><G40/><T56/><D37/><U76/><E27/><V22/><F69/><W33/><G33/><T117/><D117/><U88/><E132/><V74/><F114/><W32/><G32/><T93/><D10/><U112/><E112/><V26/><F74/><W120/><G120/><T110/><D110/><U63/><E130/><N who="2" m="49707" /><F91/><W95/><G55/><T119/><D119/><U36/><E36/><N who="2" m="21959" /><F26/><W20/><G20/><N who="0" m="7755" /><D28/><U89/><E73/><V72/><F72/><W53/><G53/><T2/><D2/><U82/><E63/><V15/><F51/><W100/><G100/><T35/><D35/><U126/><E126/><V105/><F105/><W29/><G29/><T30/><D30/><U68/><E106/><V54/><F54/><W116/><G116/><T49/><D60/><U134/><E68/><V135/><F135/><W43/><G43/><T83/><D41/><U124/><E134/><V25/><F25/><W50/><G50/><T18/><D18/><AGARI ba="0,0" hai="0,6,11,15,18,22,84,86" m="21959,49707" machi="18" ten="30,2000,0" yaku="19,1,52,1" doraHai="71" who="2" fromWho="0" sc="163,-20,337,0,250,20,250,0" /><INIT seed="2,0,0,1,2,94" ten="143,337,270,250" oya="2" hai0="95,8,14,66,105,37,117,103,1,124,125,123,17" hai1="38,102,74,98,12,92,32,75,135,84,62,49,6" hai2="55,67,91,86,58,88,133,50,118,115,64,93,46" hai3="72,132,130,47,101,21,33,25,80,63,100,30,82" shuffle="mt19937ar,A829760E,7CBFD908,C5DEFB31,5DBA9836,302AFAAE,98457639,40DDCCCD,B447DFA0"/><V77/><F118/><W39/><G39/><T121/><D37/><U70/><E38/><V7/><F115/><W48/><G132/><T19/><D105/><U128/><E135/><V83/><F133/><W54/><G130/><T29/><D66/><U5/><E32/><V51/><F7/><W120/><G120/><T3/><D95/><U52/><E70/><V114/><F114/><W111/><G111/><T87/><D87/><U110/><E110/><V13/><F13/><W119/><G119/><T16/><D103/><U10/><E62/><V53/><REACH who="2" step="1"/><F91/><REACH who="2" step="2"/><W71/><G71/><T27/><D117/><U28/><E6/><V40/><F40/><W76/><G33/><N who="0" m="20671" /><D121/><U113/><E113/><V36/><F36/><W24/><G24/><T9/><D123/><U90/><E128/><V2/><F2/><N who="0" m="522" /><D9/><U109/><E109/><V69/><F69/><W22/><G22/><T96/><D96/><AGARI ba="0,1" hai="46,50,51,53,55,58,64,67,77,83,86,88,93,96" machi="96" ten="30,18000,2" yaku="1,1,7,1,8,1,52,1,54,1,53,2" doraHai="94" doraHaiUra="61" who="2" fromWho="0" sc="143,-180,337,0,260,190,250,0" owari="-37,-44,337,9,450,45,250,-10" /></mjloggm>