<mjloggm ver="2.3"><GO type="193"/><UN n0="%6D%69%68%6F%2D%63%68" n1="%E3%82%A6%E3%83%AB%E3%83%88%E3%83%A9%E7%AB%8B%E7%9B%B4" n2="%E5%A4%A9%E4%B8%BC%E5%B1%8B" n3="%64%65%6E%6B%69%69%6E%75" dan="13,12,12,12" rate="1722,1802,1715,1771" sx="F,M,M,M"/><TAIKYOKU oya="0"/><INIT seed="0,0,0,2,5,7" ten="250,250,250,250" oya="0" hai0="89,40,96,21,20,46,126,43,16,130,99,14,71" hai1="97,76,67,82,109,118,47,92,54,123,94,110,72" hai2="114,85,11,106,13,61,55,127,65,63,38,100,23" hai3="32,93,0,6,1,101,56,131,90,79,15,59,53" shuffle="mt19937ar,DA244AB5,2149E771,D44B2DF4,D9325818,BC0C9C9D,7AE1BEBC,AC5635D6,4275F548"/><T105/><D105/><U5/><E67/><V104/><F114/><W60/><G32/><T51/><D71/><U39/><E5/><V18/><F38/><W70/><G70/><T30/><D130/><U29/><E29/><V78/><F127/><W34/><G34/><T8/><D126/><U44/><E54/><V124/><F124/><W52/><G131/><T45/><D89/><U2/><E2/><V81/><F100/><W120/><G79/><T108/><D108/><N who="1" m="41579" /><E47/><N who="0" m="17929" /><D51/><U133/><E44/><V91/><F63/><W77/><G77/><T62/><D62/><U48/><E48/><V58/><F65/><W66/><G101/><T57/><D57/><U33/><E33/><V86/><REACH who="2" step="1"/><F23/><REACH who="2" step="2"/><N who="0" m="8778" /><D30/><U113/><E39/><V28/><F28/><W87/><G120/><T4/><D4/><U73/><E123/><V125/><F125/><W3/><G6/><T112/><D112/><U37/><E37/><V64/><F64/><W129/><G66/><T26/><D26/><U17/><E113/><V116/><F116/><W83/><G129/><T19/><D19/><U12/><E118/><V102/><F102/><W41/><G60/><T50/><D50/><U80/><E17/><V35/><F35/><W115/><G115/><T25/><D25/><U98/><E12/><V74/><F74/><W10/><G15/><T49/><D49/><U27/><E27/><V132/><F132/><W128/><G128/><T42/><AGARI ba="0,1" hai="8,14,16,40,42,43,96,99" m="8778,17929" machi="42" ten="30,6000,0" yaku="8,1,52,1,54,1" doraHai="7" who="0" fromWho="0" sc="250,70,250,-20,240,-20,250,-20" /><INIT seed="0,1,0,0,2,110" ten="320,230,220,230" oya="0" hai0="57,52,115,34,1,56,67,10,130,98,42,31,16" hai1="61,29,55,113,32,123,65,93,114,103,125,12,82" hai2="124,118,68,128,8,44,37,87,28,91,66,80,86" hai3="24,15,77,21,0,45,89,131,109,81,53,64,7" shuffle="mt19937ar,9BF6C37A,C9AE1A36,B7136700,F01BC81D,7F08F449,552E26EA,E1F29221,43D9D65C"/><T132/><D42/><U108/><E123/><V79/><F128/><W129/><G109/><T50/><D115/><N who="1" m="44043" /><E108/><V54/><F124/><W43/><G64/><T90/><D1/><U9/><E125/><V96/><F118/><W60/><G0/><T62/><D130/><N who="3" m="49673" /><G89/><T33/><D132/><U3/><E3/><V11/><F37/><N who="3" m="21743" /><G15/><N who="0" m="7287" /><D33/><U73/><E55/><V134/><F134/><W19/><G7/><T83/><D34/><U116/><E116/><V97/><F28/><W20/><G20/><T38/><D38/><U35/><E29/><V70/><F70/><W30/><G60/><T85/><D98/><N who="1" m="59855" /><E82/><N who="2" m="49623" /><F66/><W49/><G30/><AGARI ba="1,0" hai="30,31,50,52,56,57,62,67,83,85,90" m="7287" machi="30" ten="30,5800,0" yaku="8,1,54,2" doraHai="110" who="0" fromWho="3" sc="320,61,230,0,220,0,230,-61" /><INIT seed="0,2,0,2,5,46" ten="381,230,220,169" oya="0" hai0="87,9,57,60,131,19,15,27,95,98,3,37,7" hai1="64,76,130,115,121,108,135,119,105,61,133,59,68" hai2="111,86,58,93,22,79,101,18,36,74,117,12,49" hai3="48,78,116,40,16,80,55,47,26,106,71,128,6" shuffle="mt19937ar,FDD0514F,AE5F53C8,6FFEB77D,A97D2862,5EDEA289,7E0EC978,59AD1614,095D5097"/><T132/><D37/><U127/><E76/><V29/><F36/><W104/><G71/><T50/><D131/><U123/><E59/><V120/><F120/><W53/><G116/><T35/><D132/><U43/><E61/><V1/><F1/><W69/><G69/><T110/><D110/><U33/><E64/><V109/><F74/><W20/><G128/><T112/><D112/><U82/><E82/><V11/><F117/><W67/><G6/><T122/><D122/><U92/><E92/><V118/><F118/><W31/><G67/><T75/><D75/><U129/><E43/><V0/><F0/><W42/><G55/><T17/><D87/><U96/><E96/><V44/><F58/><W83/><G31/><T88/><D3/><U85/><E85/><V107/><F107/><W73/><G83/><T89/><D35/><U10/><E10/><V45/><F45/><W56/><REACH who="3" step="1"/><G40/><REACH who="3" step="2"/><T114/><D114/><U23/><E130/><V134/><F134/><W2/><G2/><T91/><D7/><U41/><E135/><V94/><F111/><W34/><G34/><T21/><D60/><AGARI ba="2,1" hai="16,20,26,42,47,48,53,56,60,73,78,80,104,106" machi="60" ten="30,7700,0" yaku="1,1,7,1,52,1,54,1,53,0" doraHai="46" doraHaiUra="124" who="3" fromWho="0" sc="381,-83,230,0,220,0,159,93" /><INIT seed="1,0,0,4,4,90" ten="298,230,220,252" oya="1" hai0="69,60,96,106,57,81,54,129,63,45,42,126,31" hai1="55,70,100,62,36,121,43,17,95,2,76,135,75" hai2="6,113,74,56,50,40,7,37,125,34,18,13,94" hai3="59,64,134,99,124,58,77,48,133,102,71,10,66" shuffle="mt19937ar,B24636C6,F53C8378,F1028A34,B5C975B3,F9B480C6,278D5CD7,04DB27ED,994562A0"/><U0/><E121/><V109/><F74/><W115/><G115/><T53/><D81/><U98/><E135/><N who="3" m="51722" /><G77/><T27/><D126/><U5/><E43/><V32/><F125/><W92/><G10/><T119/><D119/><U127/><E36/><V51/><F109/><W15/><G15/><T132/><D132/><U111/><E127/><V38/><F113/><W85/><G71/><T118/><D118/><U26/><E111/><V44/><F94/><W33/><G33/><T1/><D1/><U116/><E116/><V97/><F97/><W52/><G124/><T16/><D129/><U47/><E5/><V12/><F56/><N who="3" m="32775" /><G85/><T14/><D69/><U9/><E76/><V80/><F80/><W67/><AGARI ba="0,0" hai="58,59,64,66,67,92,99,102" m="32775,51722" machi="67" ten="30,4000,0" yaku="20,1,52,1,54,1" doraHai="90" who="3" fromWho="3" sc="298,-10,230,-20,220,-10,252,40" /><INIT seed="2,0,0,5,5,44" ten="288,210,210,292" oya="2" hai0="5,22,79,114,58,42,2,43,118,126,25,111,122" hai1="36,108,57,89,50,95,120,125,26,83,17,74,104" hai2="27,20,48,90,81,73,31,84,71,130,9,85,135" hai3="28,34,82,24,49,96,97,70,63,128,19,86,10" shuffle="mt19937ar,5A71A679,230F2268,E0FC1A8C,F7033574,63878641,E1EA5D84,549D4FB4,D9CF6B02"/><V72/><F71/><W98/><G128/><T40/><D122/><U56/><E104/><V16/><F130/><W14/><G49/><T124/><D114/><U68/><E68/><V32/><F135/><W92/><G63/><T55/><D79/><U62/><E36/><V15/><F85/><W29/><G29/><T0/><D5/><U119/><E119/><V46/><REACH who="2" step="1"/><F32/><REACH who="2" step="2"/><W76/><REACH who="3" step="1"/><G70/><REACH who="3" step="2"/><T39/><D39/><U131/><E131/><V64/><F64/><W8/><G8/><T103/><D118/><U38/><E120/><V127/><F127/><W47/><G47/><T41/><D126/><U3/><E125/><V100/><F100/><AGARI ba="0,2" hai="10,14,19,24,28,34,76,82,86,92,96,97,98,100" machi="100" ten="30,2000,0" yaku="1,1,7,1,53,0" doraHai="44" doraHaiUra="51" who="3" fromWho="2" sc="288,0,210,0,200,-20,282,40" /><INIT seed="3,0,0,4,0,54" ten="288,210,180,322" oya="3" hai0="49,116,115,41,16,69,73,105,135,61,104,88,133" hai1="11,35,96,23,14,126,108,46,107,109,120,117,129" hai2="55,43,100,127,12,13,44,36,71,30,94,76,89" hai3="19,52,10,64,134,91,45,102,98,2,77,29,22" shuffle="mt19937ar,D5CCCFB9,8286BBB5,7A2CE8ED,374FF9D2,1D0665E0,73AAEB81,AD036B75,C8E7938F"/><W123/><G123/><T93/><D73/><U82/><E35/><V119/><F71/><W57/><G134/><N who="0" m="51211" /><D116/><U17/><E120/><V80/><F119/><W33/><G77/><T90/><D115/><U7/><E117/><V8/><F127/><W99/><G2/><T121/><D121/><U95/><E107/><N who="0" m="41033" /><D69/><U65/><E126/><V67/><F30/><W47/><G10/><T70/><D70/><U4/><E129/><V83/><F100/><W118/><G118/><T63/><D41/><U58/><E46/><V60/><F55/><W6/><G6/><T1/><D1/><U85/><E7/><V24/><F24/><W48/><G64/><T20/><D49/><U51/><E95/><V111/><F111/><N who="1" m="42569" /><E96/><V101/><F101/><W59/><G29/><T50/><D50/><U84/><E82/><V34/><F34/><W21/><G33/><T66/><D66/><U42/><E42/><V40/><F40/><W72/><G72/><T39/><D39/><U81/><E81/><V9/><F9/><W37/><G37/><T25/><D90/><U124/><E124/><V0/><F0/><W113/><G113/><T26/><D26/><N who="1" m="14703" /><E51/><V132/><F132/><W78/><G48/><T53/><D53/><U5/><E5/><V18/><F12/><W106/><G106/><T125/><D125/><U86/><E65/><V103/><F103/><W92/><G102/><T3/><D3/><U130/><E130/><V56/><REACH who="2" step="1"/><F76/><REACH who="2" step="2"/><W62/><G78/><T75/><D75/><U32/><E32/><V122/><F122/><W15/><G15/><T79/><D79/><RYUUKYOKU ba="0,1" sc="288,10,210,10,170,10,322,-30" hai0="16,20,25,61,63,88,93" hai1="4,11,14,58,84,85,86" hai2="8,13,18,36,43,44,56,60,67,80,83,89,94" /><INIT seed="4,1,1,1,1,68" ten="298,220,180,292" oya="0" hai0="43,57,86,64,128,84,69,135,107,70,62,111,99" hai1="118,100,132,117,26,35,134,78,29,65,115,59,95" hai2="49,101,73,87,38,19,124,27,85,2,67,90,108" hai3="123,79,13,125,45,21,119,6,129,10,14,96,37" shuffle="mt19937ar,3DB0C91D,BA8A04EF,0C2EB219,7D8DE79A,A783AD0E,EDA98CF7,703D5207,D3BE15E6"/><T53/><D128/><U106/><E106/><V98/><F2/><W28/><G119/><T1/><D1/><U63/><E78/><V82/><F108/><W122/><G79/><T102/><D135/><N who="1" m="51755" /><E115/><V30/><F38/><W83/><G129/><T55/><D111/><U0/><E0/><V103/><F124/><W5/><G83/><T20/><D70/><U93/><E100/><V97/><F49/><W24/><G125/><T71/><D71/><U75/><E75/><V31/><F67/><W74/><G74/><T80/><D20/><U112/><E112/><V130/><F130/><W11/><G96/><T116/><D116/><AGARI ba="1,1" hai="26,29,35,59,63,65,93,95,116,117,118" m="51755" machi="116" ten="30,1000,0" yaku="20,1" doraHai="68" who="1" fromWho="0" sc="298,-13,220,23,180,0,292,0" /><INIT seed="5,0,0,1,5,34" ten="285,243,180,292" oya="1" hai0="123,58,1,31,9,92,28,0,37,35,113,29,12" hai1="13,10,24,77,56,52,32,22,18,115,83,111,124" hai2="106,125,23,44,107,30,131,38,21,122,119,50,51" hai3="41,42,118,4,97,72,40,71,39,2,66,82,105" shuffle="mt19937ar,6B67DF24,C7617713,4D6B0E8B,7854A4F3,C8DC7E4E,B1C773F5,D1515402,40587B6A"/><U3/><E111/><V57/><F122/><W64/><G118/><T134/><D37/><U46/><E46/><V129/><F119/><W5/><G71/><T78/><D78/><U90/><E90/><V80/><F38/><W49/><G49/><N who="2" m="18441" /><F80/><W26/><G26/><T101/><D123/><U76/><E124/><V108/><F44/><N who="3" m="23583" /><G5/><T17/><D113/><U7/><E115/><V96/><F96/><W68/><G64/><T84/><D134/><U25/><E76/><V65/><F65/><W91/><G91/><T135/><D135/><U104/><E104/><N who="2" m="39979" /><F57/><W8/><G66/><T62/><D35/><U6/><E6/><V59/><F59/><W98/><G68/><T94/><D94/><U69/><E69/><V95/><F95/><W20/><G20/><N who="2" m="7753" /><F30/><W85/><G98/><T86/><D86/><U33/><E33/><V47/><F47/><W120/><G85/><T109/><D109/><U75/><REACH who="1" step="1"/><E32/><REACH who="1" step="2"/><V99/><F108/><W73/><G120/><T74/><D101/><U132/><E132/><V112/><F112/><W16/><G4/><T11/><D74/><U79/><E79/><V93/><F125/><W67/><G73/><T55/><D55/><U45/><E45/><V116/><F116/><W36/><G72/><T126/><D126/><U114/><E114/><V127/><F127/><W53/><G53/><N who="0" m="34127" /><D84/><U48/><AGARI ba="0,1" hai="3,7,10,13,18,22,24,25,48,52,56,75,77,83" machi="48" ten="20,18000,2" yaku="1,1,0,1,7,1,52,1,54,1,53,1" doraHai="34" doraHaiUra="14" who="1" fromWho="1" sc="285,-60,233,190,180,-60,292,-60" owari="225,-12,423,42,120,-28,232,-2" /></mjloggm>