<mjloggm ver="2.3"><GO type="41"/><UN n0="%E3%81%BB%E3%81%A3%E3%81%8B%E3%82%80%E3%82%8A" n1="%E3%80%87%E5%A4%A2%E7%9C%A0%E3%80%87" n2="%E8%89%AF" n3="%E3%82%A6%E3%83%AB%E3%83%88%E3%83%A9%E7%AB%8B%E7%9B%B4" dan="13,13,13,14" rate="1988,1839,1818,1942" sx="F,F,M,M"/><TAIKYOKU oya="0"/><INIT seed="0,0,0,1,2,26" ten="250,250,250,250" oya="0" hai0="63,38,73,126,13,67,91,97,86,122,77,118,131" hai1="80,11,28,64,135,37,14,82,130,23,48,75,35" hai2="79,110,125,69,89,12,129,107,2,113,33,46,54" hai3="21,96,53,70,57,19,128,27,132,81,101,133,60"/><T111/><D122/><U65/><E37/><V116/><RYUUKYOKU type="yao9" ba="0,0" sc="250,0,250,0,250,0,250,0" hai2="2,12,33,46,54,69,79,89,107,110,113,116,125,129" /><INIT seed="0,1,0,1,3,35" ten="250,250,250,250" oya="0" hai0="66,98,126,32,135,128,114,14,123,4,109,0,37" hai1="102,65,97,28,26,106,1,30,2,108,56,99,115" hai2="75,112,129,25,34,50,11,74,85,122,119,46,33" hai3="49,101,17,52,64,38,61,40,42,45,24,10,51"/><T55/><RYUUKYOKU type="yao9" ba="1,0" sc="250,0,250,0,250,0,250,0" hai0="0,4,14,32,37,55,66,98,109,114,123,126,128,135" /><INIT seed="0,2,0,0,5,32" ten="250,250,250,250" oya="0" hai0="16,131,51,23,17,47,104,44,50,92,26,110,46" hai1="90,18,4,105,13,48,59,78,11,49,99,7,108" hai2="0,22,109,36,95,71,43,97,28,127,37,94,128" hai3="30,100,70,102,19,84,10,38,123,74,6,12,9"/><T132/><D104/><U111/><E78/><V68/><F109/><N who="1" m="42057" /><E59/><V135/><F128/><W41/><G70/><T2/><D110/><U66/><E66/><V103/><F135/><W93/><G123/><T124/><D131/><U34/><E34/><V85/><F127/><W64/><G74/><T125/><D132/><U29/><E29/><V39/><F43/><W63/><G30/><T67/><D67/><U117/><E117/><V33/><F33/><W42/><G38/><T113/><D113/><U75/><E75/><V133/><F133/><W122/><G122/><T98/><D17/><U112/><E112/><V121/><F121/><W8/><G63/><T126/><REACH who="0" step="1"/><D2/><REACH who="0" step="2"/><N who="1" m="407" /><E7/><V96/><F28/><W53/><G64/><T69/><D69/><U87/><E105/><V115/><F115/><W116/><G6/><T120/><D120/><U82/><E99/><V45/><F103/><AGARI ba="2,1" hai="16,23,26,44,46,47,50,51,92,98,103,124,125,126" machi="103" ten="50,9600,0" yaku="1,1,18,1,54,1,53,0" doraHai="32" doraHaiUra="81" who="0" fromWho="2" sc="240,112,250,0,250,-102,250,0" /><INIT seed="0,3,0,5,2,91" ten="352,250,148,250" oya="0" hai0="83,88,93,89,132,65,98,25,29,44,121,12,47" hai1="74,70,49,125,58,4,9,41,128,2,37,40,53" hai2="38,123,97,80,17,34,106,57,3,14,7,27,112" hai3="66,69,100,15,103,75,35,68,61,105,126,131,118"/><T135/><D121/><U73/><E125/><V18/><F38/><W122/><G103/><T71/><D12/><U99/><E128/><V114/><F80/><W110/><G15/><T117/><D117/><U64/><E99/><V31/><F57/><W59/><G100/><T130/><D130/><U111/><E111/><V30/><F97/><W129/><G59/><T104/><D104/><U79/><E79/><V26/><F106/><W6/><G61/><N who="0" m="40367" /><D83/><U50/><E50/><V96/><F96/><W19/><G19/><T32/><D89/><U21/><E21/><V24/><F123/><W43/><G6/><T72/><D72/><U90/><E90/><V45/><F45/><W8/><G8/><T113/><D113/><U85/><E85/><V13/><F112/><W102/><G102/><T22/><D22/><U67/><E40/><V86/><F86/><W56/><G129/><T1/><D1/><U10/><E10/><N who="2" m="2431" /><F114/><W115/><G66/><T120/><D120/><U48/><E48/><V77/><F77/><W5/><G5/><T42/><D42/><U62/><REACH who="1" step="1"/><E67/><REACH who="1" step="2"/><V0/><F0/><W82/><G43/><T133/><AGARI ba="3,1" hai="25,29,32,44,47,88,93,98,132,133,135" m="40367" machi="133" ten="30,6000,0" yaku="20,1,52,1,54,1" doraHai="91" who="0" fromWho="0" sc="352,79,240,-23,148,-23,250,-23" /><INIT seed="0,4,0,1,1,61" ten="431,217,125,227" oya="0" hai0="127,75,89,130,85,92,19,109,42,5,106,4,74" hai1="63,35,27,133,77,43,34,51,36,78,2,33,66" hai2="86,111,98,57,38,59,11,83,15,125,18,95,108" hai3="70,50,112,132,20,113,17,124,115,6,114,64,131"/><T91/><D106/><U14/><E133/><V28/><F38/><W81/><G112/><T101/><D101/><U62/><E2/><V90/><F28/><W13/><G124/><T103/><D103/><U71/><E36/><V25/><F25/><W55/><G131/><T24/><D127/><U58/><E27/><V123/><F123/><W122/><G132/><T16/><D130/><U32/><N who="1" m="8704" /><DORA hai="21" /><U10/><E51/><V23/><F23/><W80/><G122/><T100/><D100/><U110/><E43/><V54/><F125/><W96/><G96/><T134/><D134/><U126/><E126/><V87/><F87/><W94/><G94/><T41/><D109/><U121/><E121/><V99/><F99/><W119/><G119/><T67/><D67/><U72/><E72/><V79/><REACH who="2" step="1"/><F54/><REACH who="2" step="2"/><W60/><REACH who="3" step="1"/><G6/><REACH who="3" step="2"/><T12/><D74/><U135/><E135/><V39/><F39/><W37/><G37/><T0/><D75/><U97/><E110/><AGARI ba="4,2" hai="11,15,18,57,59,79,83,86,90,95,98,108,110,111" machi="110" ten="40,8000,1" yaku="1,1,14,1,53,3" doraHai="61,21" doraHaiUra="52,73" who="2" fromWho="1" sc="431,0,217,-92,115,112,217,0" /><INIT seed="1,0,0,4,5,108" ten="431,125,227,217" oya="1" hai0="116,97,111,34,133,71,55,43,33,89,52,105,115" hai1="2,76,98,20,44,47,10,15,40,81,103,118,62" hai2="72,69,134,127,64,66,80,109,96,53,1,23,86" hai3="42,74,56,104,83,22,9,77,100,51,8,78,130"/><U132/><E118/><V38/><F38/><W5/><G130/><T73/><D43/><U18/><E132/><V126/><F134/><W90/><G78/><T30/><D89/><U25/><E2/><V27/><F1/><W26/><G100/><T7/><D7/><U125/><E125/><N who="2" m="47627" /><F109/><W37/><G104/><T91/><D133/><U13/><E62/><V31/><F69/><W129/><G129/><T68/><D111/><U82/><E15/><V107/><F72/><W88/><G9/><T32/><D73/><U19/><E76/><N who="2" m="46343" /><F53/><N who="0" m="20554" /><D116/><U119/><E119/><V28/><F31/><W113/><G51/><T6/><D30/><U16/><E19/><V36/><F36/><W0/><G56/><T45/><D6/><U117/><E117/><V48/><F48/><W49/><G49/><T112/><D45/><N who="1" m="17483" /><E40/><V124/><N who="2" m="47635" /><V85/><DORA hai="57" /><F85/><W121/><G121/><T123/><D123/><U122/><E122/><V11/><F11/><W75/><G75/><T102/><D91/><N who="3" m="34857" /><G22/><T24/><D105/><U114/><E114/><N who="0" m="43561" /><D102/><AGARI ba="0,0" hai="23,27,28,64,66,96,102,107" m="46343,47635" machi="102" ten="40,1300,0" yaku="18,1" doraHai="108,57" who="2" fromWho="0" sc="431,-13,125,0,227,13,217,0" /><INIT seed="2,0,0,0,5,131" ten="418,125,240,217" oya="2" hai0="63,36,85,15,4,109,125,0,64,94,83,54,26" hai1="89,97,47,117,84,39,110,49,128,7,62,90,129" hai2="121,133,35,16,41,75,24,37,31,27,28,61,126" hai3="119,122,67,132,2,71,59,25,69,10,11,96,38"/><V8/><F121/><W52/><G38/><T113/><D109/><U93/><E117/><V58/><F75/><W44/><G122/><T29/><D113/><U77/><E110/><V86/><F126/><W79/><G119/><T19/><D125/><U34/><E34/><V40/><F133/><W22/><G69/><T5/><D36/><U115/><E39/><V17/><F37/><W74/><G71/><T95/><D54/><U106/><E115/><V18/><F8/><W88/><G74/><T101/><D0/><U112/><E112/><V70/><F86/><W99/><G79/><T135/><D135/><U48/><E106/><V23/><F70/><W108/><G108/><T43/><D43/><U55/><E77/><V6/><REACH who="2" step="1"/><F6/><REACH who="2" step="2"/><W46/><G132/><T51/><D4/><U80/><E7/><V50/><F50/><W56/><G11/><T103/><D51/><U98/><E62/><V105/><F105/><W12/><G10/><T114/><D5/><U123/><E123/><V78/><F78/><W42/><G2/><T124/><D124/><U118/><E118/><V76/><F76/><W13/><G96/><T92/><D114/><U68/><E68/><V82/><F82/><W130/><G130/><N who="1" m="50282" /><E49/><V111/><F111/><W21/><G99/><AGARI ba="0,1" hai="47,48,55,80,84,89,90,93,97,98,99" m="50282" machi="99" ten="30,1000,0" yaku="19,1" doraHai="131" who="1" fromWho="3" sc="418,0,125,20,230,0,217,-10" /><INIT seed="3,0,0,4,4,66" ten="418,145,230,207" oya="3" hai0="39,23,118,59,19,31,72,37,86,133,60,84,24" hai1="105,95,93,111,36,30,119,104,112,120,122,97,16" hai2="20,110,7,0,80,90,128,115,4,47,114,70,129" hai3="3,79,130,55,50,76,106,22,25,46,56,64,57"/><W27/><G106/><N who="1" m="41066" /><E36/><V75/><F110/><W92/><G3/><T45/><D118/><U17/><E30/><V28/><F90/><W82/><G130/><N who="2" m="50281" /><F20/><W99/><G27/><T108/><D108/><U96/><E111/><V32/><F47/><W34/><G34/><T88/><D133/><U48/><E48/><V135/><F135/><W123/><G123/><N who="1" m="47146" /><E119/><V117/><F117/><W44/><G44/><T87/><D72/><U41/><E41/><V83/><F83/><W13/><G13/><T109/><D109/><U73/><E73/><V124/><F124/><W125/><G125/><T67/><D31/><U132/><E132/><V10/><F7/><W54/><G64/><T40/><REACH who="0" step="1"/><D39/><REACH who="0" step="2"/><U134/><E134/><V2/><F115/><W78/><G46/><T12/><D12/><U14/><E14/><V8/><F75/><W85/><G25/><T18/><D18/><N who="1" m="7275" /><E112/><V89/><F114/><W65/><G22/><T107/><D107/><U42/><E42/><V77/><F28/><W127/><G127/><T113/><D113/><U58/><E58/><V62/><F2/><W33/><G33/><T74/><D74/><U9/><E9/><V94/><F32/><W126/><G126/><T26/><D26/><U63/><E63/><V15/><F15/><W101/><REACH who="3" step="1"/><G65/><REACH who="3" step="2"/><T49/><D49/><AGARI ba="0,2" hai="49,50,54,55,56,57,76,78,79,82,85,92,99,101" machi="49" ten="30,12000,1" yaku="1,1,2,1,7,1,9,1,8,1,53,0" doraHai="66" doraHaiUra="6" who="3" fromWho="0" sc="408,-120,145,0,230,0,197,140" /><INIT seed="3,1,0,3,2,46" ten="288,145,230,337" oya="3" hai0="15,102,124,43,23,41,31,44,51,59,111,121,108" hai1="18,93,92,115,65,131,14,8,54,33,113,21,38" hai2="60,25,27,73,78,28,128,94,83,53,126,127,55" hai3="117,105,29,82,96,12,107,64,20,101,77,11,30"/><W99/><G117/><T19/><D121/><U26/><E38/><V50/><F128/><W98/><G64/><T10/><D124/><N who="2" m="47658" /><F94/><W100/><G20/><T47/><D102/><U104/><E131/><V103/><F103/><W61/><G61/><T39/><D59/><U130/><E104/><V89/><F89/><W75/><REACH who="3" step="1"/><G99/><REACH who="3" step="2"/><T87/><REACH who="0" step="1"/><D87/><REACH who="0" step="2"/><U22/><E115/><V110/><F110/><W1/><G1/><T58/><D58/><U7/><E113/><V120/><F120/><W122/><G122/><T81/><D81/><U13/><E130/><V86/><F83/><W125/><G125/><T63/><D63/><U56/><E65/><V88/><F60/><W132/><G132/><T57/><D57/><U36/><E36/><V66/><F66/><W133/><G133/><T80/><D80/><U74/><E74/><V34/><F73/><W91/><G91/><T109/><D109/><U90/><E33/><V85/><F78/><W24/><G24/><AGARI ba="1,2" hai="10,15,19,23,24,31,39,41,43,44,47,51,108,111" machi="24" ten="40,2600,0" yaku="1,1,52,1,53,0" doraHai="46" doraHaiUra="112" who="0" fromWho="3" sc="278,49,145,0,230,0,327,-29" /><INIT seed="4,0,0,5,2,13" ten="327,145,230,298" oya="0" hai0="133,126,107,60,74,101,18,37,50,75,7,24,121" hai1="64,40,54,10,53,19,83,93,117,67,0,72,12" hai2="49,76,36,92,120,58,84,41,90,85,108,89,59" hai3="52,5,79,17,6,22,34,9,87,28,32,119,113"/><T45/><D121/><U128/><E117/><V105/><F105/><W124/><G87/><T77/><D37/><U38/><E128/><V106/><F106/><W31/><G79/><T125/><D133/><U55/><E0/><V111/><F120/><W99/><G99/><N who="0" m="61887" /><D7/><N who="3" m="2569" /><G52/><N who="0" m="29775" /><D60/><U103/><E38/><V26/><F36/><W30/><G124/><N who="0" m="47723" /><D77/><U96/><E40/><V48/><F76/><W88/><G113/><T94/><D94/><U109/><E72/><V56/><F26/><N who="3" m="14671" /><G88/><N who="2" m="33897" /><F92/><W114/><G114/><T39/><D39/><U57/><E109/><N who="2" m="42059" /><F41/><W91/><G91/><T62/><D62/><U15/><E83/><V63/><F63/><W82/><G82/><T97/><D97/><U61/><E67/><V25/><F25/><W80/><G80/><T118/><D118/><U20/><REACH who="1" step="1"/><E64/><REACH who="1" step="2"/><V16/><F85/><W110/><G110/><T71/><D71/><U115/><E115/><V27/><F84/><W8/><G119/><T29/><D29/><N who="3" m="7425" /><W70/><DORA hai="23" /><G70/><T35/><D75/><U123/><E123/><V95/><F95/><W2/><G2/><T73/><D73/><U135/><E135/><V132/><F132/><W112/><G112/><T1/><D74/><U130/><E130/><V98/><F98/><W104/><G104/><T3/><D3/><U122/><E122/><V51/><F27/><W44/><G34/><T134/><D134/><U131/><E131/><V46/><F46/><W129/><G44/><T33/><D1/><U68/><E68/><V81/><F81/><W116/><G129/><T65/><D65/><U86/><E86/><V4/><F51/><RYUUKYOKU ba="0,1" sc="327,15,135,15,230,-15,298,-15" hai0="18,24,33,35" hai1="10,12,15,19,20,53,54,55,57,61,93,96,103" /><INIT seed="4,1,1,1,2,30" ten="342,150,215,283" oya="0" hai0="67,13,61,95,64,127,23,63,112,53,16,89,88" hai1="123,125,111,83,87,21,57,25,118,85,128,7,18" hai2="106,10,59,97,56,24,12,90,20,44,51,36,73" hai3="31,42,47,115,32,3,103,126,58,66,101,76,134"/><T38/><D38/><U130/><E123/><V68/><F68/><W94/><G3/><T72/><D72/><U98/><E118/><V9/><F73/><W49/><G126/><T86/><D112/><U1/><E125/><V0/><F0/><W14/><G115/><T55/><D127/><U81/><E111/><V110/><F110/><W11/><G134/><T80/><D63/><U48/><E1/><V27/><F36/><W100/><G76/><T132/><D132/><U78/><E7/><V113/><F113/><W109/><G109/><T131/><D131/><U33/><E33/><V96/><F106/><W45/><G45/><T121/><D121/><U119/><E119/><V35/><F35/><W93/><G31/><T2/><D2/><U129/><E98/><V120/><F120/><W108/><G32/><T28/><D28/><U22/><E57/><V71/><F71/><W52/><G66/><N who="0" m="25131" /><D61/><U5/><E5/><V74/><F74/><W50/><REACH who="3" step="1"/><G108/><REACH who="3" step="2"/><T117/><D117/><U4/><E4/><AGARI ba="1,2" hai="4,11,14,42,47,49,50,52,58,93,94,100,101,103" machi="4" ten="40,8000,1" yaku="1,1,2,1,8,1,54,1,53,0" doraHai="30" doraHaiUra="19" who="3" fromWho="1" sc="342,0,150,-83,215,0,273,103" /><INIT seed="5,0,0,0,1,126" ten="342,67,215,376" oya="1" hai0="35,129,59,111,31,52,77,106,50,20,12,89,81" hai1="26,84,40,14,86,130,62,67,112,30,65,98,10" hai2="115,8,132,104,70,79,32,99,55,124,57,69,1" hai3="6,41,120,7,127,72,82,123,125,92,88,58,18"/><U109/><E112/><V97/><F124/><N who="3" m="47691" /><G58/><T87/><D106/><U36/><E109/><V93/><F115/><W0/><G18/><T131/><D111/><U113/><E113/><V51/><F132/><W53/><G53/><T121/><D121/><U9/><E36/><V116/><F116/><W108/><G41/><T110/><D110/><U16/><E40/><V27/><F32/><W114/><G114/><T56/><D35/><U74/><E74/><V4/><F27/><W107/><G107/><T22/><D31/><U133/><E133/><V119/><F119/><W5/><G0/><T39/><D39/><U100/><E10/><V122/><F122/><W95/><G108/><T43/><D43/><U45/><E45/><V103/><REACH who="2" step="1"/><F79/><REACH who="2" step="2"/><N who="3" m="44391" /><G120/><T76/><D76/><U13/><E13/><V63/><F63/><W34/><G34/><T66/><D77/><U102/><E102/><AGARI ba="0,1" hai="1,4,8,51,55,57,69,70,93,97,99,102,103,104" machi="102" ten="30,2000,0" yaku="1,1,7,1,53,0" doraHai="126" doraHaiUra="61" who="2" fromWho="1" sc="342,0,67,-20,205,30,376,0" /><INIT seed="6,0,0,1,5,49" ten="342,47,235,376" oya="2" hai0="90,69,63,103,16,100,30,116,54,132,106,37,7" hai1="87,104,130,107,3,66,34,21,133,41,9,62,35" hai2="56,51,98,124,13,85,2,123,126,92,25,72,29" hai3="112,81,121,78,114,36,102,111,86,75,122,70,18"/><V10/><F2/><W84/><G18/><T120/><D120/><N who="3" m="46185" /><G70/><T96/><D100/><U15/><E133/><V1/><F1/><W73/><G36/><T88/><D37/><U45/><E130/><V64/><F123/><W53/><G53/><T48/><D132/><U5/><E87/><N who="3" m="33322" /><G111/><T26/><D116/><U58/><E34/><V43/><F72/><N who="3" m="43207" /><G102/><T76/><D7/><U32/><E35/><V11/><F85/><W67/><G67/><T117/><D117/><U6/><E32/><V128/><F128/><W134/><G134/><T108/><D108/><U59/><E6/><V40/><F11/><W115/><AGARI ba="0,0" hai="73,75,112,114,115" m="43207,33322,46185" machi="115" ten="40,8000,1" yaku="15,1,11,1,34,2" doraHai="49" who="3" fromWho="3" sc="342,-20,47,-20,235,-40,376,80" /><INIT seed="7,0,0,4,3,115" ten="322,27,195,456" oya="3" hai0="84,88,15,116,30,16,113,55,23,126,52,81,106" hai1="28,6,14,7,44,120,101,91,60,71,124,112,2" hai2="78,61,77,85,38,128,100,3,19,131,76,95,22" hai3="20,12,32,11,29,50,107,45,36,25,31,87,109"/><W57/><G107/><T43/><D106/><U102/><E44/><V70/><F3/><W133/><G133/><T134/><D134/><U74/><E60/><V122/><F122/><W79/><G36/><T10/><D126/><U24/><E91/><V125/><F38/><W92/><G57/><T13/><D113/><U67/><E102/><V65/><F125/><W96/><G32/><T114/><D114/><U56/><E56/><V47/><F47/><W110/><G31/><T21/><D116/><U86/><E86/><V0/><F0/><W99/><G92/><T64/><D64/><U111/><E67/><V42/><F42/><N who="3" m="24887" /><G87/><T97/><D43/><U53/><E101/><V18/><F22/><W104/><G79/><T117/><D117/><U4/><E53/><V46/><F46/><W69/><G69/><T73/><D73/><U48/><E48/><V90/><REACH who="2" step="1"/><F100/><REACH who="2" step="2"/><N who="3" m="62471" /><G20/><T62/><D23/><U17/><E71/><V8/><F8/><W9/><G9/><T66/><D30/><U37/><E74/><V35/><F35/><W33/><G11/><T40/><D40/><U54/><E37/><V5/><F5/><N who="1" m="1281" /><U89/><DORA hai="1" /><E112/><V118/><F118/><W49/><G33/><T68/><REACH who="0" step="1"/><D97/><REACH who="0" step="2"/><U94/><E120/><V103/><F103/><W129/><G99/><T130/><D130/><AGARI ba="0,2" hai="18,19,61,65,70,76,77,78,85,90,95,128,130,131" machi="130" ten="40,5200,0" yaku="1,1,19,1,53,1" doraHai="115,1" doraHaiUra="123,59" who="2" fromWho="0" sc="312,-52,27,0,185,72,456,0" owari="260,6,27,-47,257,-14,456,55" /></mjloggm>