<mjloggm ver="2.3"><GO type="41"/><UN n0="%E3%80%93%E6%9D%BE%E4%BA%95%EF%BC%A3%EF%BC%B3%E3%80%93" n1="%E5%A4%A7%E8%B0%B7%E9%9B%85%E6%81%B5" n2="%E3%83%A2%E3%82%AE%E3%82%B9" n3="%E3%82%A6%E3%83%AB%E3%83%88%E3%83%A9%E7%AB%8B%E7%9B%B4" dan="17,14,14,15" rate="2057,1936,1817,1997" sx="M,F,M,M"/><TAIKYOKU oya="0"/><INIT seed="0,0,0,3,5,31" ten="250,250,250,250" oya="0" hai0="3,18,84,10,75,97,23,15,11,125,43,27,85" hai1="133,48,117,107,122,72,9,80,99,103,35,65,119" hai2="16,44,86,88,70,112,4,56,128,17,110,55,6" hai3="39,20,76,1,66,100,91,54,30,104,130,129,135"/><T26/><D75/><U32/><E122/><V114/><F70/><W21/><G39/><T69/><D69/><U50/><E133/><V111/><F44/><W5/><G66/><T33/><D43/><U64/><E9/><V96/><F128/><N who="3" m="49259" /><G76/><T53/><D125/><U22/><E22/><V19/><F96/><W7/><G100/><T74/><D74/><U120/><E120/><V134/><F134/><W42/><G104/><T8/><D97/><U98/><E80/><V95/><F4/><N who="3" m="1611" /><G54/><T131/><D131/><U115/><E72/><V58/><F6/><W68/><G91/><T81/><D3/><U106/><E103/><V77/><F77/><W59/><G59/><T37/><D37/><U94/><E94/><V78/><F78/><W36/><G42/><T121/><D121/><U108/><E108/><V82/><F82/><W116/><G36/><T118/><D118/><U71/><E71/><V124/><F124/><W73/><G73/><T25/><D53/><U101/><E101/><V51/><REACH who="2" step="1"/><F58/><REACH who="2" step="2"/><W41/><G68/><T79/><REACH who="0" step="1"/><D85/><REACH who="0" step="2"/><U123/><E123/><V29/><F29/><AGARI ba="0,2" hai="8,10,11,15,18,23,25,26,27,29,33,79,81,84" machi="29" ten="40,12000,1" yaku="1,1,2,1,52,1,53,1" doraHai="31" doraHaiUra="28" who="0" fromWho="2" sc="240,140,250,0,240,-120,250,0" /><INIT seed="0,1,0,1,5,48" ten="380,250,120,250" oya="0" hai0="69,71,47,62,101,25,40,20,28,81,97,61,31" hai1="102,87,82,35,80,11,73,90,99,67,63,85,79" hai2="39,8,38,100,121,55,72,108,53,120,2,60,133" hai3="117,23,132,115,104,29,32,127,36,74,26,1,124"/><T113/><D113/><U116/><E116/><V17/><F72/><W59/><G23/><T76/><D31/><U64/><E35/><V103/><F2/><W111/><G59/><T7/><D7/><U6/><E85/><V41/><F41/><W58/><G58/><T128/><D128/><U126/><E126/><V130/><F130/><W114/><G26/><T46/><D71/><U122/><E122/><V10/><F60/><W52/><G52/><T88/><D88/><U92/><E63/><V54/><F133/><W86/><G86/><T123/><D123/><N who="2" m="47178" /><F17/><W43/><G29/><T3/><D3/><AGARI ba="1,0" hai="3,6,11,64,67,73,79,80,82,87,90,92,99,102" machi="3" ten="30,1000,0" yaku="7,1" doraHai="48" who="1" fromWho="0" sc="380,-13,250,13,120,0,250,0" /><INIT seed="1,0,0,2,1,89" ten="367,263,120,250" oya="1" hai0="130,120,88,73,90,54,75,69,81,79,12,125,20" hai1="102,133,82,116,97,111,14,109,124,47,45,114,5" hai2="107,66,101,39,41,85,22,121,100,64,128,53,132" hai3="105,113,63,71,65,61,56,115,35,49,60,129,51"/><U78/><E114/><V84/><F121/><W24/><G105/><T110/><D69/><U70/><E70/><V127/><F107/><W25/><G35/><T94/><D120/><U57/><E116/><V104/><F104/><W4/><G4/><T119/><D119/><U83/><E133/><V37/><F132/><W42/><G25/><T58/><D90/><U13/><E124/><V108/><F127/><W92/><G24/><T112/><D125/><U106/><E57/><V38/><F41/><W21/><G21/><T2/><D2/><U7/><E7/><V6/><F6/><W3/><G3/><T23/><D110/><N who="1" m="41995" /><E83/><V19/><F108/><W1/><G1/><T17/><D130/><U43/><E43/><V67/><F53/><W27/><G27/><T31/><D31/><U32/><E32/><V96/><F128/><W87/><G129/><T26/><D112/><U28/><E28/><V8/><F8/><W44/><G51/><T50/><D73/><N who="1" m="43343" /><E5/><V11/><F11/><W76/><G76/><T10/><REACH who="0" step="1"/><D26/><REACH who="0" step="2"/><U135/><E135/><V99/><F19/><W34/><G34/><T77/><D77/><U9/><E9/><V16/><F16/><W68/><G115/><T55/><D55/><U131/><E131/><V80/><F22/><W126/><G113/><T48/><D48/><U72/><E72/><V117/><F117/><W59/><G126/><T98/><AGARI ba="0,1" hai="10,12,17,20,23,50,54,58,75,79,81,88,94,98" machi="98" ten="20,8000,1" yaku="1,1,0,1,7,1,52,1,54,1,53,0" doraHai="89" doraHaiUra="0" who="0" fromWho="0" sc="357,90,263,-40,120,-20,250,-20" /><INIT seed="2,0,0,4,0,90" ten="447,223,100,230" oya="2" hai0="104,55,30,86,49,51,33,26,109,41,65,27,73" hai1="68,77,114,102,16,87,127,80,17,32,70,111,119" hai2="24,129,130,61,28,71,105,43,110,2,25,35,95" hai3="21,112,69,7,94,126,23,103,131,115,57,9,52"/><V37/><F2/><W85/><G69/><T0/><D73/><U6/><E119/><V46/><F110/><W15/><G126/><T98/><D0/><U72/><E127/><V22/><F105/><W135/><G135/><T29/><D109/><U108/><E32/><V34/><F95/><W44/><G44/><T67/><D41/><U93/><E114/><N who="3" m="43562" /><G131/><T125/><D125/><U118/><E118/><V116/><F116/><W64/><G64/><T83/><D49/><U38/><E38/><V123/><F123/><W53/><G53/><T113/><D113/><U48/><E48/><V99/><F99/><N who="3" m="59895" /><G85/><T78/><D98/><U97/><E111/><V18/><REACH who="2" step="1"/><F34/><REACH who="2" step="2"/><W84/><G84/><T133/><D104/><U66/><E108/><V47/><F47/><W89/><G89/><T36/><D133/><U50/><E68/><V107/><F107/><W5/><G57/><T13/><D86/><U62/><E87/><V122/><F122/><W75/><G75/><T12/><D33/><U81/><E70/><V39/><F39/><W128/><G128/><T11/><D36/><U4/><E72/><V19/><F19/><W134/><G134/><T63/><D83/><U124/><E81/><V117/><F117/><W56/><G7/><T101/><D78/><U100/><E77/><V79/><F79/><W40/><G5/><T132/><D132/><U96/><E4/><V91/><F91/><W58/><G58/><T3/><D3/><U88/><E6/><V120/><F120/><W45/><G56/><N who="0" m="32895" /><D101/><U76/><E102/><V14/><F14/><W59/><G15/><RYUUKYOKU ba="0,1" sc="447,-10,223,-10,90,30,230,-10" hai2="18,22,24,25,28,35,37,43,46,61,71,129,130" /><INIT seed="2,1,1,2,2,22" ten="437,213,120,220" oya="2" hai0="135,100,101,113,24,15,41,99,123,115,72,133,77" hai1="38,78,95,66,71,134,11,34,36,61,17,64,83" hai2="103,93,55,89,105,9,7,130,102,54,27,19,111" hai3="1,119,110,96,118,92,97,48,86,126,128,70,109"/><V52/><F130/><W46/><G70/><T42/><D123/><U84/><E134/><N who="0" m="51209" /><D15/><U122/><E122/><V121/><F121/><W8/><G8/><T129/><D129/><U47/><E34/><V112/><F112/><W5/><G5/><T107/><D101/><U88/><E64/><V79/><F79/><W4/><G4/><T90/><D90/><U57/><E71/><V30/><F105/><W67/><G1/><T106/><D106/><U3/><E3/><V75/><F75/><W53/><G128/><T23/><D77/><U69/><E69/><V68/><F68/><W104/><G104/><T76/><D76/><U0/><E0/><V125/><F125/><W44/><G67/><T108/><D108/><U62/><E62/><V63/><F63/><W26/><G126/><T116/><D72/><U12/><REACH who="1" step="1"/><E47/><REACH who="1" step="2"/><V87/><F111/><W20/><G110/><T59/><D59/><U117/><E117/><V132/><F132/><W14/><G109/><T94/><D116/><U60/><E60/><V82/><F19/><W29/><G119/><T33/><D33/><U91/><E91/><V37/><F37/><W131/><G118/><T25/><D115/><U28/><E28/><V16/><F82/><W21/><G131/><T73/><D113/><U6/><E6/><V39/><F39/><W49/><G46/><T43/><D73/><AGARI ba="1,2" hai="11,12,17,36,38,57,61,66,73,78,83,84,88,95" machi="73" ten="30,3900,0" yaku="1,1,7,1,54,1,53,0" doraHai="22" doraHaiUra="32" who="1" fromWho="0" sc="437,-42,203,62,120,0,220,0" /><INIT seed="3,0,0,5,3,117" ten="395,265,120,220" oya="3" hai0="105,9,123,116,13,96,15,122,80,50,98,101,73" hai1="76,82,29,34,41,7,52,54,102,56,65,48,134" hai2="57,107,99,81,115,30,95,23,127,66,12,28,20" hai3="25,75,42,3,113,72,132,121,114,125,71,19,35"/><W1/><G42/><T5/><D116/><U26/><E134/><V133/><F115/><W31/><G71/><T83/><D50/><U38/><E102/><V135/><F107/><W62/><G62/><T77/><D98/><U78/><E7/><V91/><F127/><W93/><G93/><T67/><D67/><U43/><E54/><V110/><F110/><W92/><G92/><T85/><REACH who="0" step="1"/><D15/><REACH who="0" step="2"/><U97/><E97/><V51/><F135/><W120/><G132/><T108/><D108/><U0/><E65/><V27/><F133/><W11/><G125/><T24/><D24/><U58/><E38/><V22/><F51/><W32/><G75/><T14/><D14/><U131/><E48/><V8/><F66/><W61/><G72/><T64/><D64/><U104/><E104/><V100/><F57/><W86/><G86/><T90/><AGARI ba="0,1" hai="5,9,13,73,77,80,83,85,90,96,101,105,122,123" machi="90" ten="20,8000,1" yaku="1,1,0,1,7,1,52,2,53,0" doraHai="117" doraHaiUra="68" who="0" fromWho="0" sc="385,90,265,-20,120,-20,220,-40" /><INIT seed="4,0,0,0,1,43" ten="475,245,100,180" oya="0" hai0="93,104,125,40,114,46,15,69,13,112,80,48,86" hai1="122,33,18,130,56,94,63,39,14,23,88,12,99" hai2="51,31,73,102,84,10,118,16,70,1,55,45,113" hai3="9,103,22,6,135,101,36,24,29,82,3,105,62"/><T5/><D104/><U28/><E130/><V133/><F73/><W132/><G36/><T30/><D69/><U47/><E122/><V49/><F70/><W19/><G105/><T123/><D123/><U2/><E2/><V126/><F118/><W109/><G82/><T128/><D128/><U78/><E78/><V100/><F133/><N who="3" m="51275" /><G62/><T106/><D106/><U0/><E0/><V115/><F126/><W74/><G74/><T110/><D125/><U117/><E117/><V96/><F31/><W21/><G101/><T61/><D30/><U91/><E33/><V20/><F84/><W37/><G103/><T25/><D25/><U90/><E28/><V89/><F1/><W119/><G37/><T134/><D134/><U121/><E121/><V38/><F38/><W87/><G87/><T127/><D127/><U81/><E81/><V59/><F10/><W32/><G119/><T54/><D93/><U68/><E68/><V108/><F108/><W71/><G71/><T50/><D61/><U131/><E131/><V27/><F113/><N who="0" m="43626" /><D5/><U64/><REACH who="1" step="1"/><E12/><REACH who="1" step="2"/><V92/><REACH who="2" step="1"/><F115/><REACH who="2" step="2"/><W41/><G109/><T60/><D110/><U44/><E44/><V75/><F75/><W124/><G124/><T4/><D13/><U111/><E111/><V42/><AGARI ba="0,2" hai="16,20,27,42,45,49,51,55,59,89,92,96,100,102" machi="42" ten="20,12000,2" yaku="1,1,0,1,7,1,8,1,52,1,54,1,53,0" doraHai="43" doraHaiUra="7" who="2" fromWho="2" sc="475,-60,235,-30,90,140,180,-30" /><INIT seed="5,0,0,4,2,72" ten="415,205,230,150" oya="1" hai0="123,16,30,93,84,71,19,120,59,44,106,31,79" hai1="98,115,45,91,3,48,116,135,43,90,60,47,14" hai2="62,78,111,86,88,114,131,37,29,1,15,52,20" hai3="99,67,34,81,92,51,100,124,9,121,94,102,63"/><U75/><E116/><V108/><F37/><W28/><G121/><N who="0" m="46667" /><D106/><U56/><E115/><V13/><F1/><W68/><G124/><T46/><D71/><U53/><E135/><V132/><F132/><W7/><G51/><T96/><D59/><N who="1" m="33191" /><E3/><V128/><F114/><W89/><G81/><N who="0" m="47167" /><D31/><U64/><E75/><V129/><F129/><W39/><G39/><T127/><D30/><U12/><E43/><V107/><F107/><W10/><G100/><N who="0" m="60431" /><D127/><U80/><E80/><V26/><F128/><W130/><G130/><T87/><D87/><U134/><E134/><V66/><F131/><W27/><G89/><N who="1" m="33802" /><E98/><V113/><F113/><W18/><G18/><AGARI ba="0,0" hai="16,18,19,44,46" m="60431,47167,46667" machi="18" ten="30,3900,0" yaku="13,1,52,1,54,1" doraHai="72" who="0" fromWho="3" sc="415,39,205,0,230,0,150,-39" /><INIT seed="6,0,0,2,0,38" ten="454,205,230,111" oya="2" hai0="135,124,132,85,7,66,3,128,13,86,134,4,112" hai1="79,31,32,131,118,122,67,35,43,33,80,61,56" hai2="116,99,87,12,0,16,84,115,123,28,11,63,125" hai3="94,19,10,103,83,97,40,110,78,5,47,59,1"/><V15/><F123/><W14/><G110/><T101/><D112/><U120/><E118/><V65/><F0/><W104/><G59/><T113/><D113/><U92/><E92/><V90/><F115/><W82/><G104/><T57/><D3/><U51/><E131/><V55/><F116/><W69/><G69/><T96/><D128/><U62/><E31/><V48/><F125/><W102/><G102/><T26/><D124/><U127/><E127/><V45/><F28/><W50/><G1/><T75/><D26/><U23/><E23/><V68/><F99/><W70/><G70/><T72/><D66/><U81/><E61/><V73/><F73/><N who="0" m="28234" /><D57/><U105/><E105/><V41/><F90/><W133/><G133/><T25/><D25/><U29/><E29/><V93/><F93/><W100/><G100/><T37/><D37/><U22/><E22/><V89/><F89/><W64/><G64/><T24/><D24/><U21/><E21/><V74/><F74/><W18/><G82/><T117/><D117/><U76/><E76/><V9/><F55/><W39/><G39/><T126/><D126/><U106/><E106/><V42/><F42/><W111/><G111/><T114/><D114/><U121/><REACH who="1" step="1"/><E79/><REACH who="1" step="2"/><V27/><F27/><W8/><REACH who="3" step="1"/><G8/><REACH who="3" step="2"/><N who="0" m="4231" /><D135/><U49/><E49/><V119/><F119/><W36/><G36/><T58/><D134/><U44/><AGARI ba="0,2" hai="32,33,35,43,44,51,56,62,67,80,81,120,121,122" machi="44" ten="40,8000,1" yaku="1,1,0,1,13,1,52,1,53,0" doraHai="38" doraHaiUra="6" who="1" fromWho="1" sc="454,-20,195,100,230,-40,101,-20" /><INIT seed="7,0,0,0,5,20" ten="434,295,190,81" oya="3" hai0="102,127,6,5,47,89,0,70,91,49,62,11,75" hai1="135,60,80,109,105,76,34,74,67,121,134,97,32" hai2="124,101,38,103,131,4,64,36,68,9,122,30,8" hai3="53,87,51,55,54,19,82,45,120,125,112,29,123"/><W104/><G104/><T66/><D75/><U28/><E121/><V96/><F122/><W7/><G120/><T94/><D127/><U84/><E84/><V95/><F124/><W24/><G123/><T10/><D102/><U35/><E109/><V119/><F119/><W133/><G125/><T57/><D70/><N who="1" m="42343" /><E28/><V52/><F68/><W85/><G112/><T18/><D18/><U99/><E99/><V13/><F64/><W3/><G133/><N who="1" m="50698" /><E32/><V118/><F118/><W86/><G19/><T65/><D65/><U37/><E37/><V115/><F115/><W2/><G82/><T23/><D23/><U116/><E116/><V83/><F131/><W39/><G39/><T69/><D69/><U92/><E92/><V40/><F40/><W59/><G7/><T113/><D113/><U129/><E129/><V50/><F83/><W126/><G126/><T22/><D22/><U71/><E71/><V58/><F101/><AGARI ba="0,0" hai="34,35,74,76,80,97,101,105" m="50698,42343" machi="101" ten="30,2000,0" yaku="20,1,23,1" doraHai="20" who="1" fromWho="2" sc="434,0,295,20,190,-20,81,0" owari="434,53,315,12,170,-23,81,-42" /></mjloggm>