<mjloggm ver="2.3"><GO type="97"/><UN n0="%66%6C%79%64" n1="%E3%82%A6%E3%83%AB%E3%83%88%E3%83%A9%E7%AB%8B%E7%9B%B4" n2="%6E%69%73%69%6B%69%6E%6F" n3="%E4%BA%8C%E9%9A%8E%E5%A0%82%E8%98%AD%E5%AD%90" dan="15,13,14,15" rate="1970,1900,1821,1989" sx="M,M,M,F"/><TAIKYOKU oya="0"/><INIT seed="0,0,0,5,5,46" ten="250,250,250,250" oya="0" hai0="30,64,134,0,11,16,26,132,29,17,24,95,5" hai1="39,75,72,124,7,36,54,79,84,23,28,37,68" hai2="41,2,80,10,114,71,57,74,107,86,12,1,116" hai3="78,51,98,22,96,123,40,25,56,19,100,128,69" shuffle="mt19937ar,F8C0E0AD,4A79EAE2,D7C2A324,BC94C292,BA706D1D,BFF9A7B6,58312226,A4AA7232"/><T70/><D95/><U118/><E118/><V8/><F71/><W82/><G69/><T6/><D64/><U130/><E68/><V99/><F74/><W94/><G128/><T44/><D44/><U129/><E7/><V53/><F114/><W60/><G123/><T85/><D85/><U35/><E35/><V90/><F116/><W14/><G40/><T49/><D70/><U133/><E23/><V115/><F115/><W103/><G25/><N who="0" m="9835" /><D49/><U106/><E28/><N who="0" m="10857" /><D6/><U113/><E106/><V91/><F41/><W117/><G117/><T63/><D63/><U48/><E113/><V73/><F73/><W112/><G112/><T38/><D38/><U4/><E4/><V55/><F55/><N who="3" m="31871" /><G60/><T45/><D45/><U121/><E84/><V125/><F107/><W65/><G65/><T66/><D66/><U120/><E79/><V127/><F99/><N who="3" m="37931" /><G94/><T15/><D15/><U105/><E105/><V32/><F12/><W104/><G104/><T81/><D81/><U18/><E75/><V89/><F80/><W108/><G103/><T87/><D87/><U76/><E72/><V3/><F86/><N who="3" m="48471" /><G100/><T77/><D77/><U101/><E76/><V93/><F93/><W27/><G14/><T67/><D67/><U43/><E37/><V102/><F102/><W58/><G58/><T111/><D111/><U21/><E39/><V109/><F109/><W42/><G108/><T88/><D88/><U62/><E36/><V59/><F59/><W47/><G42/><T20/><D20/><U31/><E21/><V61/><F32/><W126/><G47/><T9/><D9/><AGARI ba="0,0" hai="1,2,3,8,9,10,53,57,61,89,90,91,125,127" machi="9" ten="50,1600,0" yaku="6,1" doraHai="46" who="2" fromWho="0" sc="250,-16,250,0,250,16,250,0" /><INIT seed="1,0,0,0,3,73" ten="234,250,266,250" oya="1" hai0="23,101,29,83,28,87,5,21,88,82,44,112,25" hai1="121,91,110,52,51,105,17,22,129,67,99,124,133" hai2="109,96,30,40,100,47,77,128,16,50,132,27,118" hai3="108,39,12,95,7,26,46,65,0,71,74,64,134" shuffle="mt19937ar,1D8D4A09,012C331D,31011A98,BDBEC584,AC1A3999,51424662,6C60D9AA,32139F17"/><U41/><E121/><V45/><F118/><W123/><G0/><T13/><D112/><U72/><E72/><V81/><F109/><W114/><G114/><T116/><D101/><U98/><E124/><V24/><F128/><W43/><G123/><T58/><D116/><U2/><E2/><V20/><F132/><W49/><G134/><T35/><D44/><U36/><E133/><V10/><F10/><W75/><G108/><T92/><D35/><U94/><E110/><V135/><F135/><W111/><G111/><T19/><D5/><U86/><E129/><V33/><F50/><W79/><G95/><T69/><D69/><U37/><E67/><V54/><F54/><W14/><G26/><T70/><D70/><U61/><E61/><V84/><REACH who="2" step="1"/><F40/><REACH who="2" step="2"/><W66/><G71/><T97/><D29/><U113/><E113/><V62/><F62/><W60/><G60/><T120/><D120/><U131/><E131/><V53/><F53/><W4/><G49/><T48/><D97/><U59/><E41/><V55/><F55/><AGARI ba="0,1" hai="13,19,21,23,25,28,48,55,58,82,83,87,88,92" machi="55" ten="40,8000,1" yaku="25,2,8,1,54,1" doraHai="73" who="0" fromWho="2" sc="234,90,250,0,256,-80,250,0" /><INIT seed="2,0,0,1,1,83" ten="324,250,176,250" oya="2" hai0="56,27,38,85,5,131,103,8,97,11,54,60,22" hai1="99,41,53,16,40,69,50,55,107,101,42,24,64" hai2="96,100,43,92,88,116,45,91,31,44,49,109,78" hai3="32,123,125,33,28,57,23,111,37,19,76,118,106" shuffle="mt19937ar,8E72E74F,214A9F2B,968E994E,466410EC,253B007C,23496AAF,A3B6EFA2,C5383865"/><V105/><F116/><W67/><G28/><N who="0" m="17527" /><D38/><U98/><E69/><V89/><F31/><W121/><G37/><T108/><D108/><U114/><E64/><V9/><F109/><W117/><G106/><T13/><D131/><U124/><E124/><V80/><F9/><W77/><G111/><T6/><D11/><U135/><E135/><V79/><F79/><W14/><G125/><T129/><D129/><U104/><E114/><V82/><F82/><W18/><G67/><T90/><D103/><U120/><E120/><V48/><F105/><W66/><G66/><T15/><D97/><U12/><E24/><V84/><F100/><W10/><G57/><T26/><D26/><U21/><REACH who="1" step="1"/><E50/><REACH who="1" step="2"/><V59/><REACH who="2" step="1"/><F59/><REACH who="2" step="2"/><W30/><G123/><T2/><D2/><U86/><E86/><V73/><F73/><W39/><G121/><T102/><D6/><U68/><E68/><V61/><F61/><W52/><G117/><T122/><D122/><U35/><E35/><V113/><F113/><W81/><G33/><T115/><D115/><U119/><E119/><V75/><F75/><W133/><G32/><T110/><D110/><U20/><E20/><V74/><F74/><W127/><G23/><T134/><D5/><U29/><E29/><V65/><F65/><W47/><G30/><T51/><D51/><U25/><E25/><V0/><F0/><W72/><G72/><T95/><D8/><U46/><E46/><V126/><F126/><W132/><G47/><T71/><D71/><U36/><E36/><V4/><F4/><W17/><G127/><T3/><D3/><RYUUKYOKU ba="0,2" sc="324,-15,240,15,166,15,250,-15" hai1="12,16,21,40,41,42,53,55,98,99,101,104,107" hai2="43,44,45,48,49,78,80,84,88,89,91,92,96" /><INIT seed="2,1,2,5,2,127" ten="309,255,181,235" oya="2" hai0="12,27,24,22,52,15,91,99,69,39,58,84,3" hai1="72,1,5,129,66,67,119,106,86,110,14,116,103" hai2="92,13,85,90,53,49,70,20,0,61,82,6,47" hai3="100,114,78,132,51,45,105,44,48,2,120,41,97" shuffle="mt19937ar,951AD85B,1E83B4D6,5A2C51D9,8FA8E2C3,1E76A52F,F8C2EFCF,3024421A,164D0BF4"/><V16/><F0/><W40/><G120/><T10/><D39/><U25/><E14/><V57/><F6/><W115/><G132/><T19/><D69/><U123/><E86/><V26/><F70/><W125/><G125/><T126/><D99/><U102/><E25/><V133/><F133/><W117/><G117/><T76/><D76/><U104/><E5/><V38/><F38/><W87/><G2/><T75/><D75/><U80/><E1/><V88/><F90/><W60/><G60/><N who="0" m="35911" /><D3/><U77/><E67/><N who="2" m="39343" /><F26/><N who="0" m="9770" /><D126/><U134/><E66/><V43/><F43/><W65/><G65/><T21/><D15/><U62/><E62/><V42/><F42/><W23/><G23/><T128/><D128/><U33/><E33/><V71/><F71/><W93/><REACH who="3" step="1"/><G93/><AGARI ba="1,2" hai="10,12,19,21,22,84,91,93" m="9770,35911" machi="93" ten="30,2000,0" yaku="8,1,54,1" doraHai="127" who="0" fromWho="3" sc="309,43,255,0,181,0,235,-23" /><AGARI ba="1,0" hai="13,16,20,47,49,53,82,85,88,92,93" m="39343" machi="93" ten="30,5800,0" yaku="8,1,54,2" doraHai="127" who="2" fromWho="3" sc="352,0,255,0,181,58,212,-58" /><INIT seed="2,2,0,4,2,71" ten="352,255,239,154" oya="2" hai0="22,127,40,51,121,23,86,114,131,116,21,95,8" hai1="133,124,64,31,46,65,29,52,33,9,115,41,27" hai2="37,13,60,19,54,84,120,20,93,45,44,48,69" hai3="68,129,113,99,123,55,111,7,107,10,90,15,104" shuffle="mt19937ar,5E95A3BD,0710E282,8FE57B07,5875C196,6EC2ACB1,DD988110,19BE88FB,965FFF89"/><V56/><F120/><W28/><G123/><T98/><D121/><U18/><E115/><V16/><F69/><W119/><G119/><T61/><D114/><U70/><E124/><V75/><F75/><W49/><G113/><T66/><D127/><U100/><E133/><V110/><F110/><W14/><G68/><T82/><D131/><U76/><E31/><V117/><F117/><W38/><G129/><T94/><D116/><U25/><E76/><V109/><F109/><W17/><G111/><T118/><D118/><U3/><E100/><V4/><F4/><W73/><G73/><T42/><D8/><U1/><E70/><V35/><F35/><W106/><G28/><T67/><D51/><U32/><E65/><N who="0" m="24585" /><D61/><U80/><E64/><V135/><F135/><W91/><G99/><T57/><D57/><U92/><E92/><N who="0" m="35369" /><D98/><U58/><E80/><V63/><F93/><W39/><G91/><AGARI ba="2,0" hai="21,22,23,40,42,82,86,91" m="35369,24585" machi="91" ten="30,1000,0" yaku="8,1" doraHai="71" who="0" fromWho="3" sc="352,16,255,0,239,0,154,-16" /><INIT seed="3,0,0,2,3,1" ten="368,255,239,138" oya="3" hai0="96,23,35,19,68,63,97,69,72,114,47,79,2" hai1="91,42,60,105,84,67,11,31,81,14,90,56,94" hai2="106,10,113,126,134,117,38,51,13,7,54,59,12" hai3="89,64,61,30,132,29,109,104,8,77,25,112,70" shuffle="mt19937ar,664129BF,D8B229F4,28740D82,5FDD6B28,2D5B5CAB,1268213F,1D59CAD5,3F4BC845"/><W133/><G112/><T21/><D35/><U53/><E105/><V83/><F113/><W127/><G104/><T123/><D2/><U46/><E31/><V15/><F117/><W6/><G77/><T129/><D114/><U103/><E42/><V40/><F106/><W93/><G127/><T98/><D123/><U17/><E103/><V111/><F111/><W41/><G41/><T115/><D115/><U85/><E67/><V82/><F126/><W16/><G109/><T4/><D4/><U130/><E130/><V101/><F101/><W135/><G25/><T78/><D47/><AGARI ba="0,0" hai="11,14,17,46,47,53,56,60,81,84,85,90,91,94" machi="47" ten="40,1300,0" yaku="8,1" doraHai="1" who="1" fromWho="0" sc="368,-13,255,13,239,0,138,0" owari="355,35,268,2,239,-11,138,-26" /></mjloggm>