<mjloggm ver="2.3"><GO type="41"/><UN n0="%E8%8D%89%E8%96%99%E7%B4%A0%E5%AD%90" n1="%E3%82%A6%E3%83%AB%E3%83%88%E3%83%A9%E7%AB%8B%E7%9B%B4" n2="%E7%9C%89%E6%A4%BF%E7%B7%92%E4%BF%A1" n3="%6B%75%73%6F%6A%69%6A%69" dan="14,15,13,15" rate="1877,1983,1886,1957" sx="F,M,M,M"/><TAIKYOKU oya="0"/><INIT seed="0,0,0,5,2,133" ten="250,250,250,250" oya="0" hai0="51,36,84,128,123,6,113,130,48,124,29,64,90" hai1="76,83,108,65,67,129,53,9,81,125,135,61,126" hai2="127,79,16,91,44,88,3,85,35,5,26,134,111" hai3="87,58,101,52,71,22,73,1,106,112,89,103,69"/><T13/><D123/><U72/><E135/><V10/><F134/><W17/><G1/><T12/><D36/><U100/><E100/><V132/><F132/><W47/><G73/><T122/><D122/><U97/><E97/><V15/><F111/><W105/><G112/><T82/><D113/><U75/><E108/><V18/><F44/><W99/><G47/><T55/><D64/><U94/><E94/><V118/><F118/><W121/><G121/><T34/><D51/><U45/><E9/><N who="2" m="2239" /><F79/><W21/><G21/><T19/><D6/><U70/><E67/><V80/><F91/><W60/><G101/><T117/><D117/><U14/><E14/><N who="2" m="7255" /><F88/><W66/><G66/><T41/><D41/><U77/><E129/><N who="0" m="49769" /><D124/><N who="1" m="47723" /><E45/><V49/><F49/><W11/><G106/><T104/><D104/><U25/><E25/><V115/><F115/><W74/><G105/><T102/><D102/><U57/><E53/><V116/><F26/><W107/><G52/><T96/><D96/><U42/><E42/><V40/><F40/><W131/><G103/><T31/><D13/><U78/><E78/><V39/><F15/><W8/><G99/><T30/><D34/><U24/><E24/><V46/><F35/><W59/><G107/><T38/><D38/><U2/><E2/><V43/><F127/><W120/><G131/><T7/><D7/><U33/><E33/><V62/><F116/><W98/><G98/><T119/><D119/><U28/><E28/><V110/><F110/><W86/><G89/><T68/><D68/><AGARI ba="0,0" hai="57,61,65,68,70,72,75,76,77,81,83" m="47723" machi="68" ten="30,7700,0" yaku="18,1,52,3" doraHai="133" who="1" fromWho="0" sc="250,-77,250,77,250,0,250,0" /><BYE who="0" /><INIT seed="1,0,0,1,0,9" ten="173,327,250,250" oya="1" hai0="72,106,48,62,47,78,82,6,80,28,66,102,120" hai1="83,132,92,54,8,116,52,63,45,73,17,3,65" hai2="109,94,87,93,101,81,112,14,69,100,50,104,36" hai3="99,67,121,110,44,71,56,34,19,123,74,122,0"/><U33/><E116/><V29/><F36/><W15/><G34/><T13/><D13/><N who="1" m="7335" /><E3/><V11/><F69/><W24/><G0/><T41/><D41/><U20/><E33/><V21/><F109/><W42/><G74/><T131/><D131/><U40/><E73/><V53/><F112/><W129/><G71/><T59/><D59/><N who="1" m="37119" /><E132/><V2/><F2/><W12/><G110/><T5/><D5/><U113/><E113/><V23/><F104/><W37/><G129/><T58/><D58/><U105/><E105/><V98/><F94/><W79/><G79/><T90/><D90/><U1/><E1/><V4/><F101/><W39/><G39/><T75/><D75/><U118/><E118/><V96/><F96/><W35/><G35/><T38/><D38/><U16/><E83/><V127/><F29/><W60/><G99/><T22/><D22/><U61/><E61/><V135/><F127/><W114/><REACH who="3" step="1"/><G114/><REACH who="3" step="2"/><T76/><D76/><U84/><E84/><V57/><REACH who="2" step="1"/><F135/><REACH who="2" step="2"/><W77/><G77/><AGARI ba="0,2" hai="4,11,14,21,23,50,53,57,77,81,87,93,98,100" machi="77" ten="30,8000,1" yaku="1,1,2,1,7,1,8,1,52,1,53,0" doraHai="9" doraHaiUra="119" who="2" fromWho="3" sc="173,0,327,0,240,100,240,-80" /><INIT seed="2,0,0,2,2,129" ten="173,327,340,160" oya="2" hai0="130,72,74,1,51,83,32,50,5,99,41,95,109" hai1="128,119,127,18,44,67,97,25,134,106,14,65,27" hai2="38,102,47,54,53,11,76,31,40,46,96,115,30" hai3="110,98,132,117,70,34,24,19,61,103,60,23,20"/><V13/><F115/><W16/><G117/><T4/><D4/><U22/><E67/><V101/><F76/><W63/><G110/><T105/><D105/><U81/><E65/><V80/><F80/><W3/><G3/><T9/><D9/><U85/><E97/><V42/><F31/><W87/><G87/><T7/><D7/><U56/><E106/><V126/><F126/><W17/><G132/><T91/><D91/><U133/><E56/><V6/><F30/><W39/><G39/><T10/><D10/><U26/><E119/><V79/><F79/><W89/><G89/><T92/><D92/><U116/><E116/><V113/><F113/><W59/><G70/><T21/><D21/><N who="3" m="8265" /><G34/><T43/><D43/><U55/><E127/><V2/><F2/><W84/><G84/><T111/><D111/><U121/><E121/><V12/><F12/><W104/><G104/><T131/><D131/><U78/><REACH who="1" step="1"/><E128/><REACH who="1" step="2"/><V120/><F120/><W82/><G98/><T35/><D35/><U52/><E52/><V69/><F69/><W45/><G59/><T48/><D48/><AGARI ba="0,1" hai="14,18,22,25,26,27,44,48,55,78,81,85,133,134" machi="48" ten="40,5200,0" yaku="1,1,52,2,53,0" doraHai="129" doraHaiUra="100" who="1" fromWho="0" sc="173,-52,317,62,340,0,160,0" /><INIT seed="3,0,0,2,2,88" ten="121,379,340,160" oya="3" hai0="78,122,92,58,13,95,28,45,130,33,10,126,52" hai1="44,15,21,123,54,77,31,114,116,75,113,127,133" hai2="91,4,111,27,2,107,57,86,97,49,11,106,131" hai3="37,84,112,1,47,70,50,135,128,62,119,103,18"/><W20/><G119/><T43/><D43/><U64/><E77/><V40/><F111/><W132/><G1/><T30/><D30/><U74/><E75/><V55/><F131/><W26/><G37/><T110/><D110/><U115/><E74/><V19/><F40/><W69/><G112/><T79/><D79/><U96/><E96/><V38/><F38/><W35/><G128/><T80/><D80/><U60/><E15/><V12/><F27/><W14/><G62/><T5/><D5/><U93/><E93/><V71/><F97/><W121/><G121/><T120/><D120/><U32/><E21/><V100/><F100/><W83/><G103/><T73/><D73/><U63/><E31/><V41/><F41/><N who="3" m="24943" /><G35/><T16/><D16/><U36/><E32/><V51/><F51/><W25/><G26/><T117/><D117/><U3/><E3/><V124/><F71/><W87/><G25/><T34/><D34/><U105/><E105/><V46/><F124/><W85/><G83/><T76/><D76/><U9/><E123/><V7/><F7/><W109/><G109/><T82/><D82/><U104/><E116/><V66/><F66/><W134/><AGARI ba="0,0" hai="14,18,20,69,70,84,85,87,132,134,135" m="24943" machi="134" ten="40,2100,0" yaku="20,1" doraHai="88" who="3" fromWho="3" sc="121,-7,379,-7,340,-7,160,21" /><INIT seed="3,1,0,5,3,76" ten="114,372,333,181" oya="3" hai0="129,10,63,115,80,65,58,30,116,14,112,77,96" hai1="6,62,120,119,19,79,50,12,13,51,38,52,45" hai2="42,90,72,113,43,41,117,3,34,123,47,22,71" hai3="114,54,9,73,11,95,134,126,70,33,48,53,106"/><W83/><G73/><T78/><D78/><U64/><E120/><V87/><F34/><W31/><G70/><T27/><D27/><U125/><E119/><V23/><F117/><W0/><G106/><T86/><D86/><U40/><E125/><V92/><F123/><W56/><G126/><T55/><D55/><U81/><E6/><V8/><F113/><W32/><G114/><T66/><D66/><U130/><E130/><V94/><F72/><W36/><G134/><T5/><D5/><U18/><E13/><V91/><F71/><W60/><G36/><T135/><D135/><U67/><E38/><V26/><F3/><W4/><G33/><T88/><D88/><U97/><E97/><V1/><F1/><W29/><G32/><T110/><D110/><U101/><E101/><V44/><F8/><W109/><G109/><T28/><D28/><U7/><E7/><V39/><F39/><W68/><G95/><T57/><D57/><N who="1" m="32919" /><E62/><V21/><REACH who="2" step="1"/><F26/><REACH who="2" step="2"/><W59/><G68/><T16/><D16/><N who="1" m="6187" /><E12/><V98/><AGARI ba="1,1" hai="21,22,23,41,42,43,44,47,87,90,91,92,94,98" machi="98" ten="30,4000,0" yaku="1,1,0,1,8,1,53,0" doraHai="76" doraHaiUra="75" who="2" fromWho="2" sc="114,-11,372,-11,323,53,181,-21" /><INIT seed="4,0,0,3,4,90" ten="103,361,376,160" oya="0" hai0="125,75,18,130,8,73,0,6,55,132,112,121,104" hai1="96,4,83,64,124,7,22,102,109,46,66,72,126" hai2="82,118,56,30,25,59,117,116,5,33,120,81,15" hai3="62,135,34,27,94,77,103,105,38,29,58,12,131"/><T43/><D43/><U26/><E109/><V85/><F120/><W31/><G38/><T35/><D35/><U115/><E46/><V127/><F127/><N who="1" m="48681" /><E83/><V9/><REACH who="2" step="1"/><F82/><REACH who="2" step="2"/><W84/><G131/><T39/><D39/><U28/><E72/><V123/><F123/><W87/><G135/><T63/><D63/><U91/><E115/><V42/><F42/><W2/><G62/><T3/><D3/><U13/><E91/><AGARI ba="0,1" hai="5,9,15,25,30,33,56,59,81,85,91,116,117,118" machi="91" ten="40,5200,0" yaku="1,1,12,1,53,1" doraHai="90" doraHaiUra="23" who="2" fromWho="1" sc="103,0,361,-52,366,62,160,0" /><INIT seed="5,0,0,3,0,15" ten="103,309,428,160" oya="1" hai0="26,100,10,89,91,101,32,114,104,63,2,13,127" hai1="11,135,1,125,12,40,78,0,128,33,34,132,68" hai2="124,95,55,53,57,76,38,17,49,46,110,109,29" hai3="131,133,134,117,120,80,22,48,88,39,81,126,111"/><U119/><E40/><V25/><F124/><W8/><G48/><T98/><D98/><U56/><E56/><V92/><F110/><W77/><G39/><T58/><D58/><U31/><E78/><V16/><F109/><W37/><G37/><T21/><D21/><U42/><E42/><V27/><F76/><W102/><G22/><T129/><D129/><U43/><E43/><V75/><F75/><W30/><G8/><T121/><D121/><U3/><E68/><V90/><F38/><W74/><G30/><T9/><D9/><U18/><E119/><V87/><F95/><W79/><G120/><T96/><D96/><U62/><E62/><V54/><F55/><W122/><G122/><T7/><D7/><U24/><E125/><V35/><REACH who="2" step="1"/><F27/><REACH who="2" step="2"/><W130/><G111/><T72/><D72/><U83/><E83/><V20/><F20/><W123/><G126/><T36/><D36/><U64/><E64/><V5/><F5/><W67/><G123/><T50/><D50/><AGARI ba="0,1" hai="16,17,25,29,35,46,49,50,53,54,57,87,90,92" machi="50" ten="30,12000,2" yaku="1,1,7,1,52,2,54,1,53,2" doraHai="15" doraHaiUra="44" who="2" fromWho="0" sc="103,-120,309,0,418,130,160,0" owari="-17,-52,309,11,548,65,160,-24" /></mjloggm>