<mjloggm ver="2.3"><GO type="97"/><UN n0="%E3%82%A6%E3%83%AB%E3%83%88%E3%83%A9%E7%AB%8B%E7%9B%B4" n1="%E3%83%A2%E3%83%A2%E3%81%A3%E3%81%A1" n2="%E7%AF%84%E9%A6%AC" n3="%73%79%6F%62%6F%21%21" dan="13,13,14,13" rate="1900,1829,1906,1814" sx="M,M,M,M"/><TAIKYOKU oya="0"/><INIT seed="0,0,0,4,4,12" ten="250,250,250,250" oya="0" hai0="115,85,19,34,11,9,118,71,116,20,109,66,0" hai1="27,75,107,17,122,10,106,72,80,88,126,46,48" hai2="58,113,98,16,6,61,31,4,86,25,70,125,44" hai3="24,124,68,104,108,87,41,39,120,51,65,111,30" shuffle="mt19937ar,0F6B325E,8D4C0F9F,16C615D3,3396E848,7DB9A2F8,0A1ABCAE,D19B46F5,9166A227"/><T105/><D105/><U63/><E122/><V84/><F70/><W79/><G104/><T78/><D71/><U26/><E126/><V130/><F130/><W21/><G39/><T114/><D66/><U92/><E107/><V121/><F121/><W28/><G120/><T37/><D85/><U40/><E106/><V123/><F123/><W14/><G124/><T35/><D78/><U94/><E72/><V134/><F125/><W82/><G68/><T7/><D37/><U100/><E63/><V96/><F134/><W15/><G65/><T18/><D109/><N who="3" m="42057" /><G30/><T110/><D110/><U56/><E100/><V69/><F69/><W42/><G42/><T54/><D54/><U60/><E92/><V1/><F1/><W53/><G41/><T13/><D35/><U135/><E135/><V33/><F44/><AGARI ba="0,0" hai="14,15,21,24,28,44,51,53,79,82,87" m="42057" machi="44" ten="30,1000,0" yaku="14,1" doraHai="12" who="3" fromWho="2" sc="250,0,250,0,250,-10,250,10" /><INIT seed="1,0,0,2,0,11" ten="250,250,240,260" oya="1" hai0="113,58,53,86,30,0,45,60,93,50,34,65,70" hai1="121,108,116,89,39,101,127,115,111,75,21,6,5" hai2="82,38,133,41,61,3,129,42,20,109,64,134,49" hai3="124,56,98,103,55,122,2,78,36,66,128,48,107" shuffle="mt19937ar,A4A6438D,AD3C0CBA,AD4315AC,04964DDF,B99AA5BB,AB67C5EB,753BF423,5AB17859"/><U79/><E121/><V96/><F3/><W77/><G122/><T132/><D0/><U118/><E115/><V81/><F96/><W10/><G128/><T9/><D132/><N who="2" m="50794" /><F82/><W43/><G124/><T37/><D113/><U87/><E39/><V92/><F92/><W23/><G2/><T105/><D105/><U17/><E127/><V91/><F81/><W102/><G10/><T19/><D30/><U120/><E120/><V16/><F91/><W88/><G23/><T123/><D34/><U12/><E101/><V76/><F76/><W95/><G103/><T40/><D123/><U126/><E126/><V18/><F18/><W46/><G66/><T44/><D44/><U25/><E75/><V24/><F38/><W54/><G54/><T51/><D51/><U7/><E79/><V26/><F129/><W97/><AGARI ba="0,0" hai="36,43,46,48,55,56,77,78,88,95,97,98,102,107" machi="97" ten="20,2700,0" yaku="0,1,7,1,54,1" doraHai="11" who="3" fromWho="3" sc="250,-7,250,-13,240,-7,260,27" /><INIT seed="2,0,0,3,3,59" ten="243,237,233,287" oya="2" hai0="18,21,77,23,30,75,124,76,70,37,100,48,79" hai1="71,135,24,12,15,97,115,106,35,1,20,83,118" hai2="69,120,61,134,53,95,109,6,33,85,62,89,8" hai3="94,128,131,93,68,17,92,86,39,55,122,29,41" shuffle="mt19937ar,218DF84B,B119033E,D82805C9,40FC01A7,23AC5BAB,C2E807AB,619DAE7F,ED5AE295"/><V56/><F33/><W107/><G122/><T74/><D37/><U34/><E118/><V98/><F120/><W125/><G68/><T80/><D70/><U87/><E115/><V5/><F134/><W14/><G107/><T96/><D124/><U90/><E135/><V58/><F69/><W133/><G29/><T57/><D30/><U121/><E121/><V13/><F109/><W47/><G133/><T73/><D80/><U64/><E1/><V129/><F129/><N who="3" m="49739" /><G125/><T43/><D18/><U0/><E0/><V127/><F127/><W66/><G66/><T9/><D9/><U7/><E34/><V108/><F108/><W103/><G55/><T114/><D114/><U112/><E35/><V11/><F98/><N who="3" m="59847" /><G86/><T99/><D43/><U60/><E112/><V22/><F22/><AGARI ba="0,0" hai="14,17,22,39,41,47,93,94" m="59847,49739" machi="22" ten="30,1000,0" yaku="19,1" doraHai="59" who="3" fromWho="2" sc="243,0,237,0,233,-10,287,10" /><INIT seed="3,0,0,1,3,7" ten="243,237,223,297" oya="3" hai0="78,68,15,10,88,21,110,86,50,129,30,39,31" hai1="52,114,128,18,102,28,96,0,133,135,77,14,51" hai2="72,80,99,60,117,16,109,121,93,87,6,54,92" hai3="123,111,45,2,73,66,12,100,89,24,20,71,65" shuffle="mt19937ar,FD4582F3,E572807A,48A7D2A7,2A089CDC,49E042D6,D305AAFF,E90A4802,32E65949"/><W64/><G123/><T91/><D39/><U97/><E114/><V4/><F117/><W116/><G73/><T103/><D68/><U57/><E128/><V94/><F72/><W98/><G116/><T8/><D129/><U26/><E0/><V126/><F126/><W25/><G2/><T32/><D32/><U81/><E26/><V11/><F109/><W120/><G120/><T127/><D103/><U53/><E28/><N who="0" m="10793" /><D127/><U106/><E96/><V48/><F60/><W36/><G36/><T55/><D110/><U56/><E81/><V132/><F99/><W22/><G71/><T27/><D15/><U47/><E77/><N who="2" m="46479" /><F132/><N who="1" m="50761" /><E53/><V58/><F121/><W83/><G111/><T44/><D78/><U112/><E112/><V17/><F11/><AGARI ba="0,0" hai="11,14,18,47,51,52,56,57,97,102,106" m="50761" machi="11" ten="30,3900,0" yaku="20,1,52,1,54,1" doraHai="7" who="1" fromWho="2" sc="243,0,237,39,223,-39,297,0" /><INIT seed="4,0,0,2,4,58" ten="243,276,184,297" oya="0" hai0="102,14,60,110,67,42,128,90,123,118,5,46,75" hai1="4,92,33,26,95,76,127,15,32,116,44,50,10" hai2="91,28,62,36,109,18,70,40,52,115,12,80,31" hai3="22,66,2,99,7,27,35,8,1,111,56,93,113" shuffle="mt19937ar,FF32F751,10C27E09,4FEA3BDF,DDF88D9C,27767452,0E496995,BF3F8A0A,BAFE8741"/><T122/><D75/><U117/><E127/><V108/><F115/><W39/><G39/><T55/><D118/><U79/><E116/><V48/><F40/><W94/><G111/><T96/><D110/><U85/><E117/><V54/><F36/><W63/><G113/><T130/><D90/><U6/><E6/><V47/><F109/><W125/><G125/><T121/><D14/><U57/><E57/><N who="2" m="35127" /><F70/><W87/><G87/><T23/><D23/><U61/><E61/><V78/><F78/><W21/><G35/><T133/><D5/><U59/><E59/><V129/><F129/><W69/><G69/><T51/><D133/><U19/><E33/><V81/><F108/><W120/><G120/><T43/><D96/><U103/><E103/><V132/><F132/><W83/><G83/><N who="2" m="31817" /><F91/><W29/><G21/><AGARI ba="0,0" hai="12,18,21,28,31,47,48,52" m="31817,35127" machi="21" ten="30,3900,0" yaku="8,1,52,1,54,1" doraHai="58" who="2" fromWho="3" sc="243,0,276,0,184,39,297,-39" /><INIT seed="5,0,0,5,0,86" ten="243,276,223,258" oya="1" hai0="99,28,42,63,11,5,79,65,77,27,101,133,131" hai1="132,124,30,29,23,125,127,13,49,97,84,19,88" hai2="70,129,58,104,54,3,91,4,44,117,20,123,59" hai3="17,67,12,85,134,40,50,61,52,107,2,69,57" shuffle="mt19937ar,01D216CA,87FE123A,FE55DF61,0F205EF8,45891DF4,C706F804,71ED585D,E172C77A"/><U96/><E132/><V121/><F104/><W130/><G2/><T8/><D42/><U94/><E49/><V24/><F70/><W111/><G111/><T60/><D131/><U105/><E105/><V45/><F117/><W102/><G130/><T106/><D133/><U80/><E97/><V51/><F129/><W21/><G134/><T114/><D114/><U0/><E0/><V120/><F59/><W75/><G75/><T112/><D112/><U39/><E39/><V115/><F115/><W71/><G85/><T109/><D109/><U76/><AGARI ba="0,0" hai="13,19,23,29,30,76,80,84,88,94,96,124,125,127" machi="76" ten="30,11700,0" yaku="0,1,18,1,52,1,54,1" doraHai="86" who="1" fromWho="1" sc="243,-39,276,117,223,-39,258,-39" owari="204,-15,393,40,184,-22,219,-3" /></mjloggm>