<mjloggm ver="2.3"><GO type="41"/><UN n0="%E6%AD%A9%E3%81%8F" n1="%E3%83%8E%E3%83%B3%E3%83%A9%E3%82%B9%E6%89%93%E6%B3%95" n2="%E3%83%80%E3%83%8B%E5%B7%9D%E3%83%BB%E3%83%A8%E3%82%B4%E3%83%AC" n3="%E3%82%A6%E3%83%AB%E3%83%88%E3%83%A9%E7%AB%8B%E7%9B%B4" dan="14,14,13,14" rate="1952,1915,1809,1924" sx="M,M,M,M"/><TAIKYOKU oya="0"/><INIT seed="0,0,0,0,4,3" ten="250,250,250,250" oya="0" hai0="107,11,81,132,98,2,0,87,25,100,6,72,8" hai1="114,4,7,57,118,97,42,80,104,129,83,22,38" hai2="32,34,46,62,74,134,15,31,20,112,85,23,79" hai3="55,14,43,109,135,120,69,116,26,70,48,29,64"/><T53/><D132/><U82/><E118/><V5/><F74/><W39/><G26/><T19/><D72/><U50/><E38/><V33/><F134/><W115/><G29/><T68/><D68/><U37/><E37/><V30/><F112/><W121/><G14/><T88/><D53/><U40/><E40/><V101/><F101/><W125/><G135/><T36/><D36/><U127/><E114/><V75/><F75/><W117/><G115/><T49/><D49/><U16/><E129/><V76/><F46/><N who="3" m="23935" /><G125/><T59/><D59/><U113/><E113/><V106/><F106/><W89/><G89/><T56/><D56/><U90/><E127/><V78/><F62/><N who="3" m="40087" /><G70/><T86/><D86/><U91/><E104/><V12/><F85/><W66/><G66/><T58/><D58/><U73/><E73/><V93/><F93/><W94/><G94/><T52/><D52/><N who="1" m="31895" /><E42/><V54/><F54/><W24/><G24/><T77/><D77/><U44/><E44/><V27/><F5/><N who="1" m="2121" /><E97/><V123/><F123/><W51/><G117/><T124/><D124/><U61/><E61/><V95/><F95/><W111/><G116/><T13/><REACH who="0" step="1"/><D25/><AGARI ba="0,0" hai="16,22,25,80,82,83,90,91" m="2121,31895" machi="25" ten="30,12000,2" yaku="8,1,52,3,54,2" doraHai="3" who="1" fromWho="0" sc="250,-120,250,120,250,0,250,0" /><AGARI ba="0,0" hai="12,15,20,23,25,27,30,31,32,33,34,76,78,79" machi="25" ten="50,1600,0" yaku="9,1" doraHai="3" who="2" fromWho="0" sc="130,-16,370,0,250,16,250,0" /><INIT seed="1,0,0,4,1,64" ten="114,370,266,250" oya="1" hai0="75,94,103,86,16,125,69,130,110,38,72,48,80" hai1="122,9,29,113,89,98,112,20,57,56,79,107,115" hai2="82,60,35,77,95,18,127,84,33,100,42,91,7" hai3="30,83,46,88,65,58,28,37,45,117,40,119,21"/><U132/><E122/><V0/><F127/><W76/><G21/><T120/><D38/><U52/><E79/><V43/><F100/><W134/><G76/><T36/><D36/><U96/><E132/><V87/><F18/><W17/><G17/><T102/><D125/><U25/><E107/><V70/><F7/><W55/><G30/><T22/><D120/><U61/><E9/><V93/><F0/><W123/><G28/><T10/><D110/><U105/><E105/><V14/><F14/><W133/><G123/><T81/><D130/><U11/><E89/><V128/><F128/><W24/><G24/><T106/><D10/><U67/><REACH who="1" step="1"/><E11/><REACH who="1" step="2"/><V19/><F91/><W108/><G88/><T59/><D106/><U68/><E68/><V4/><F70/><W73/><G108/><T116/><D69/><U121/><E121/><V32/><F77/><W101/><G73/><T63/><D75/><U131/><E131/><V129/><F129/><W74/><G74/><T39/><D72/><U41/><E41/><V31/><F43/><W85/><G133/><T27/><D102/><U99/><E99/><V26/><F42/><W114/><G134/><T12/><D103/><U90/><E90/><V66/><F4/><W78/><G101/><T44/><D116/><U135/><E135/><V51/><F84/><W34/><G117/><T8/><D86/><U109/><E109/><V1/><F87/><W126/><G119/><T2/><D8/><U49/><AGARI ba="0,1" hai="20,25,29,49,52,56,57,61,67,96,98,112,113,115" machi="49" ten="30,6000,0" yaku="1,1,0,1,54,1,53,0" doraHai="64" doraHaiUra="13" who="1" fromWho="1" sc="114,-20,360,70,266,-20,250,-20" /><INIT seed="1,1,0,5,5,69" ten="94,430,246,230" oya="1" hai0="28,6,63,7,32,111,83,98,15,43,117,91,47" hai1="61,105,93,68,129,74,89,60,84,20,90,116,58" hai2="95,51,110,122,27,25,94,33,128,10,42,104,135" hai3="23,30,44,37,131,59,86,38,16,130,67,87,55"/><U109/><E105/><V64/><F104/><W41/><G30/><T88/><D117/><U132/><E116/><V26/><F64/><W124/><G67/><T54/><D111/><U85/><E109/><V82/><F82/><W24/><G124/><T119/><D119/><U35/><E74/><V97/><F110/><W65/><G65/><T17/><D32/><U112/><E35/><V78/><F33/><W72/><G72/><T2/><D28/><U118/><E112/><V1/><F78/><W4/><G4/><T108/><D108/><U113/><E118/><V5/><F122/><W100/><G100/><T3/><D3/><U76/><E113/><V31/><F31/><W121/><G121/><T62/><D2/><U106/><E106/><V19/><F135/><W107/><G107/><T36/><D6/><U21/><E132/><V96/><F128/><N who="3" m="49195" /><G38/><T57/><D7/><U45/><E129/><V125/><F125/><W99/><G99/><T92/><D83/><U52/><E45/><V46/><REACH who="2" step="1"/><F19/><REACH who="2" step="2"/><W53/><G55/><T11/><REACH who="0" step="1"/><D91/><REACH who="0" step="2"/><U0/><E76/><V77/><F77/><W50/><AGARI ba="1,2" hai="16,23,24,37,41,44,50,53,59,86,87" m="49195" machi="50" ten="30,4000,0" yaku="19,1,52,1,54,1" doraHai="69" who="3" fromWho="3" sc="84,-11,430,-21,236,-11,230,63" /><INIT seed="2,0,0,5,1,7" ten="73,409,225,293" oya="2" hai0="93,73,120,39,117,23,34,68,24,69,89,4,32" hai1="116,2,105,109,43,55,107,40,48,49,9,37,113" hai2="80,46,47,99,45,0,90,124,103,78,16,96,110" hai3="11,29,97,63,121,6,66,87,79,30,50,62,98"/><V102/><F0/><W114/><G121/><T71/><D120/><U92/><E116/><V112/><F112/><W60/><G66/><T126/><D117/><U38/><E113/><V101/><F124/><W123/><G123/><T85/><D126/><U82/><E82/><V94/><F110/><W77/><G50/><T56/><D73/><U119/><E2/><V5/><F5/><W27/><G114/><T111/><D111/><U36/><E109/><V15/><F80/><W127/><G127/><T22/><D39/><U132/><E119/><V70/><F78/><W12/><G87/><T53/><D4/><U8/><E38/><V19/><F70/><W128/><G128/><T95/><D95/><U75/><E92/><V31/><F31/><N who="3" m="11787" /><G27/><T52/><D53/><U26/><E26/><V81/><F81/><W14/><G14/><T76/><D76/><AGARI ba="0,0" hai="6,11,12,60,62,63,76,77,79,97,98" m="11787" machi="76" ten="30,2000,0" yaku="8,1,52,1" doraHai="7" who="3" fromWho="0" sc="73,-20,409,0,225,0,293,20" /><INIT seed="3,0,0,1,5,29" ten="53,409,225,313" oya="3" hai0="116,82,84,21,107,48,69,96,68,51,6,9,88" hai1="32,134,5,95,98,4,70,125,102,15,10,42,118" hai2="108,104,61,119,72,63,66,113,22,40,117,81,124" hai3="126,106,80,67,111,85,79,35,103,101,121,74,128"/><W86/><G67/><T7/><D116/><U28/><E118/><V77/><F104/><W135/><G121/><T59/><D21/><U109/><E70/><V89/><F113/><W127/><G35/><T53/><D51/><U12/><E42/><V30/><F124/><N who="3" m="47659" /><G128/><T45/><D59/><U1/><E125/><V78/><F108/><W91/><G111/><T38/><D38/><U132/><E109/><V105/><F105/><W60/><G60/><T23/><D23/><U46/><E46/><V44/><F77/><W123/><G123/><T52/><D53/><U31/><E5/><V100/><F100/><N who="3" m="38475" /><G106/><T131/><D131/><U54/><E54/><V122/><F122/><W2/><G2/><T130/><D130/><U57/><E57/><V83/><F63/><W65/><G65/><T50/><D50/><U8/><E1/><V110/><F110/><W87/><G135/><N who="1" m="51754" /><E32/><V41/><F41/><W129/><G129/><T18/><D107/><U47/><E47/><V20/><F119/><W133/><G133/><T115/><D115/><U94/><E31/><V49/><F30/><W27/><G27/><T25/><D96/><U39/><E28/><V19/><F117/><W55/><G55/><T43/><D43/><U120/><E120/><V64/><F64/><W93/><AGARI ba="0,0" hai="74,79,80,85,86,87,91,93" m="38475,47659" machi="93" ten="30,6000,0" yaku="18,1,34,2" doraHai="29" who="3" fromWho="3" sc="53,-20,409,-20,225,-20,313,60" /><INIT seed="3,1,0,0,4,62" ten="33,389,205,373" oya="3" hai0="89,36,50,16,82,45,121,120,107,65,130,2,73" hai1="126,33,48,11,80,13,129,71,59,133,88,105,17" hai2="18,35,53,6,134,97,93,114,85,91,30,125,106" hai3="3,113,111,19,46,92,128,112,77,1,99,55,116"/><W109/><G77/><T23/><D107/><U0/><E105/><V44/><F114/><W39/><G116/><T83/><D130/><U41/><E129/><V72/><F72/><W47/><G128/><T38/><D2/><U26/><E71/><V87/><F6/><W78/><G78/><T63/><D36/><U86/><E0/><N who="3" m="74" /><G19/><T57/><D38/><U5/><E33/><V90/><F18/><W28/><G28/><T79/><D89/><U14/><E26/><V10/><F10/><W21/><G21/><T29/><D83/><U22/><E133/><V96/><F134/><W49/><G46/><T101/><D101/><U81/><E126/><V61/><F30/><W40/><G55/><T8/><D8/><U118/><E118/><V9/><F35/><W117/><G49/><T95/><D95/><N who="1" m="54679" /><E41/><V132/><F125/><W94/><G117/><T37/><D37/><U100/><E100/><V119/><F132/><W122/><G122/><T110/><D29/><U4/><E4/><V42/><F119/><W123/><G123/><T7/><D7/><U58/><E48/><V60/><F106/><W25/><G25/><T69/><D69/><U127/><E127/><V27/><F27/><W51/><G51/><T24/><REACH who="0" step="1"/><D110/><REACH who="0" step="2"/><N who="3" m="41993" /><G94/><T31/><D31/><U52/><E5/><V67/><F93/><W98/><G92/><T135/><D135/><U66/><E11/><V124/><F9/><W56/><G56/><T64/><D64/><U103/><E66/><V115/><F67/><W12/><G113/><T15/><D15/><U68/><E13/><V34/><F115/><RYUUKYOKU ba="1,1" sc="23,30,389,-10,205,-10,373,-10" hai0="16,23,24,45,50,57,63,65,73,79,82,120,121" /><INIT seed="4,2,1,1,3,25" ten="53,379,195,363" oya="0" hai0="109,99,92,57,36,11,2,24,93,27,112,110,111" hai1="105,4,89,7,113,33,40,62,122,43,20,51,70" hai2="106,97,9,44,28,87,49,125,68,135,94,61,64" hai3="1,29,18,96,55,41,127,59,128,72,21,53,131"/><T58/><D36/><U82/><E122/><V84/><F106/><W22/><G1/><T103/><D112/><U3/><E113/><V65/><F135/><W129/><G72/><T73/><D73/><U5/><E3/><V80/><F125/><W10/><G41/><T123/><D123/><U8/><E8/><V86/><F65/><W91/><G127/><T107/><D2/><U104/><E33/><V79/><F9/><W46/><G46/><T50/><D11/><U47/><E43/><V12/><F12/><W54/><G10/><T19/><D27/><U132/><E132/><V81/><F81/><W78/><G78/><T69/><D69/><U88/><E20/><V126/><F126/><W116/><G116/><T60/><D50/><U67/><E89/><V76/><F76/><W90/><G59/><T71/><D71/><U85/><AGARI ba="2,1" hai="4,5,7,40,47,51,62,67,70,82,85,88,104,105" machi="85" ten="30,2000,0" yaku="0,1,54,1" doraHai="25" who="1" fromWho="1" sc="53,-12,379,36,195,-7,363,-7" /><INIT seed="5,0,0,2,1,85" ten="41,415,188,356" oya="1" hai0="115,111,4,13,75,112,107,96,53,104,48,88,98" hai1="35,73,74,44,55,125,8,25,66,68,41,83,26" hai2="63,32,118,31,67,27,51,37,92,94,61,121,103" hai3="40,122,36,3,22,9,50,7,65,54,29,113,126"/><U42/><E125/><V93/><F37/><W43/><G122/><T39/><D39/><U12/><E68/><V134/><F121/><W131/><G131/><T110/><D13/><U45/><E66/><V78/><F118/><W52/><G126/><T108/><D4/><U49/><E55/><V124/><F124/><W127/><G127/><T84/><D75/><U14/><E35/><V47/><F134/><W1/><G113/><N who="0" m="43595" /><D48/><U82/><E49/><V95/><F78/><W56/><G65/><T102/><D53/><U34/><E34/><V117/><F117/><W21/><G3/><T132/><D132/><U99/><E99/><N who="0" m="37929" /><D102/><U46/><E46/><V97/><REACH who="2" step="1"/><F67/><REACH who="2" step="2"/><W57/><G36/><T133/><D133/><U69/><E8/><V80/><F80/><AGARI ba="0,1" hai="80,84,88,104,107,108,110,111" m="37929,43595" machi="80" ten="40,8000,1" yaku="15,1,34,2,52,1,54,1" doraHai="85" who="0" fromWho="2" sc="41,90,415,0,178,-80,356,0" /><INIT seed="6,0,0,0,4,35" ten="131,415,98,356" oya="2" hai0="31,112,108,111,28,62,34,105,27,50,63,73,66" hai1="127,23,97,72,121,6,44,76,84,100,109,122,85" hai2="24,79,102,11,4,91,38,43,52,133,75,134,93" hai3="64,58,48,29,57,0,81,86,107,115,40,16,17"/><V74/><F102/><W94/><G107/><T39/><D112/><U8/><E109/><V118/><F118/><W13/><G29/><T3/><D50/><U88/><E127/><V114/><F114/><W125/><G125/><T132/><D63/><U120/><E72/><V101/><F101/><W65/><G0/><T25/><D132/><N who="2" m="50794" /><F52/><N who="3" m="31879" /><G40/><T53/><D53/><U7/><E44/><N who="2" m="23671" /><F24/><W1/><G1/><T78/><D39/><U49/><E23/><V135/><N who="2" m="50802" /><V5/><DORA hai="15" /><F79/><N who="3" m="46399" /><G115/><T104/><D3/><U59/><E76/><V131/><F131/><W18/><G94/><T46/><D46/><U20/><E100/><V113/><F113/><W92/><G92/><T67/><D67/><N who="3" m="25673" /><G58/><T41/><D41/><U33/><E59/><V82/><F82/><W30/><G30/><T60/><D60/><U89/><E122/><V90/><F90/><W68/><G68/><N who="0" m="42071" /><D108/><U123/><E88/><V55/><F55/><W36/><G36/><T22/><D111/><U26/><E89/><V110/><F110/><W129/><G129/><T116/><D105/><U2/><E120/><V12/><F5/><W37/><G37/><T70/><D104/><U117/><E6/><V56/><F56/><W98/><G98/><AGARI ba="0,0" hai="4,11,12,74,75,91,93,98" m="23671,50802" machi="98" ten="40,2000,0" yaku="20,1" doraHai="35,15" who="2" fromWho="3" sc="131,0,415,0,98,20,356,-20" /><INIT seed="6,1,0,3,4,52" ten="131,415,118,336" oya="2" hai0="77,1,133,100,80,22,86,94,93,58,83,98,66" hai1="126,70,28,102,65,121,57,92,35,0,3,34,74" hai2="39,91,4,23,41,117,13,113,48,25,32,109,130" hai3="89,105,2,14,61,101,24,119,85,38,56,84,11"/><V16/><F117/><W54/><G38/><T115/><D1/><U30/><E74/><V97/><F109/><W15/><G2/><T118/><D118/><U132/><E70/><V103/><F39/><W51/><G119/><T64/><D115/><U108/><E108/><V82/><F113/><W33/><G101/><T50/><D133/><U59/><E132/><V135/><F135/><W26/><G105/><T27/><D93/><U63/><E63/><V40/><F130/><W116/><G116/><T125/><D125/><U44/><E65/><V12/><F48/><W21/><G33/><T29/><REACH who="0" step="1"/><D83/><REACH who="0" step="2"/><U96/><E92/><V37/><F37/><W79/><G61/><T95/><D95/><U73/><E126/><V49/><F49/><W67/><G67/><T18/><D18/><U75/><E30/><V81/><F81/><W69/><G69/><T78/><D78/><U72/><E28/><V87/><F32/><W7/><G79/><T5/><D5/><U31/><E35/><V128/><F128/><W36/><G36/><T88/><D88/><U47/><E31/><V42/><REACH who="2" step="1"/><F4/><REACH who="2" step="2"/><W8/><G51/><T114/><D114/><U45/><E34/><V10/><F10/><W71/><G7/><T55/><AGARI ba="1,2" hai="22,27,29,50,55,58,64,66,77,80,86,94,98,100" machi="55" ten="30,7900,0" yaku="1,1,0,1,8,1,52,1,53,0" doraHai="52" doraHaiUra="123" who="0" fromWho="0" sc="121,102,415,-21,108,-40,336,-21" /><INIT seed="7,0,0,3,3,57" ten="223,394,68,315" oya="3" hai0="62,47,130,59,114,41,64,122,21,27,45,20,90" hai1="1,77,39,121,131,60,115,44,73,76,85,101,18" hai2="50,9,70,78,66,23,32,14,94,13,48,42,87" hai3="25,100,128,112,129,2,93,99,67,132,30,120,106"/><W119/><G2/><T35/><D122/><U3/><E121/><V10/><F32/><W135/><G120/><T96/><D130/><N who="3" m="50281" /><G25/><T117/><D117/><U7/><E115/><V88/><F78/><W79/><G30/><T102/><D114/><U40/><E73/><V68/><F23/><W83/><G112/><T126/><D126/><U54/><E131/><V37/><F37/><W29/><G29/><T86/><D35/><U12/><E101/><V46/><F48/><W133/><G67/><T49/><D47/><U0/><E7/><V127/><F127/><W92/><G119/><T53/><D27/><U22/><E85/><AGARI ba="0,0" hai="79,83,85,92,93,99,100,106,132,133,135" m="50281" machi="85" ten="40,12000,1" yaku="20,1,19,1,34,2" doraHai="57" who="3" fromWho="1" sc="223,0,394,-120,68,0,315,120" owari="223,-18,274,7,68,-43,435,54" /></mjloggm>