<mjloggm ver="2.3"><GO type="97"/><UN n0="%53%48%49%53%55%4B%45" n1="%E3%82%A6%E3%83%AB%E3%83%88%E3%83%A9%E7%AB%8B%E7%9B%B4" n2="%E3%83%9E%E3%83%BC%E3%82%AF%EF%BC%92" n3="%4D%6F%6E%6F%63%68%72%6F" dan="13,13,14,14" rate="1886,1828,1890,1974" sx="M,M,M,M"/><TAIKYOKU oya="0"/><INIT seed="0,0,0,4,5,27" ten="250,250,250,250" oya="0" hai0="3,32,101,52,80,78,132,83,105,26,130,24,79" hai1="4,86,133,51,56,103,40,135,1,45,18,94,108" hai2="87,35,104,37,59,110,76,57,71,127,8,38,49" hai3="15,131,122,6,48,16,85,95,97,100,44,81,0"/><T113/><D113/><U39/><E4/><V21/><F71/><W33/><G122/><T128/><D3/><U82/><E1/><V102/><F35/><W67/><G33/><T117/><D117/><U121/><E121/><V92/><F110/><W112/><G112/><T75/><D132/><N who="1" m="50763" /><E108/><V13/><F104/><W25/><G131/><N who="0" m="50219" /><D101/><U66/><E18/><V63/><F127/><W42/><G67/><T129/><D105/><U36/><E94/><V41/><F38/><W111/><G111/><T11/><N who="0" m="50227" /><T65/><DORA hai="123" /><D65/><U14/><E14/><V9/><F37/><W53/><G0/><T69/><D69/><U107/><E103/><V62/><F102/><W134/><G134/><T19/><D32/><U124/><E107/><V118/><F118/><W61/><G25/><N who="0" m="9835" /><D11/><U23/><E23/><V84/><F21/><W29/><G29/><T74/><D19/><U5/><E5/><V46/><F8/><W90/><G6/><T119/><D52/><U77/><E124/><V116/><F116/><W96/><G96/><T31/><D119/><U120/><E120/><V89/><F63/><AGARI ba="0,0" hai="36,39,40,45,51,56,63,66,77,82,86" m="50763" machi="63" ten="30,1000,0" yaku="20,1" doraHai="27,123" who="1" fromWho="2" sc="250,0,250,10,250,-10,250,0" /><INIT seed="1,0,0,4,5,45" ten="250,260,240,250" oya="1" hai0="58,79,97,83,5,76,69,71,57,61,41,84,14" hai1="73,131,85,112,29,127,68,119,17,15,6,101,10" hai2="52,80,0,27,33,95,37,99,32,38,81,1,40" hai3="63,35,93,28,124,75,87,111,56,44,42,104,125"/><U66/><E73/><V65/><F65/><W21/><G75/><T54/><D41/><U72/><E72/><V135/><F135/><W120/><G120/><T106/><D79/><U116/><E112/><V94/><F40/><W92/><G104/><T55/><D106/><U78/><E127/><V64/><F64/><W9/><G35/><T3/><D3/><U70/><E131/><V25/><REACH who="2" step="1"/><F99/><REACH who="2" step="2"/><W62/><G111/><T30/><D97/><U53/><E66/><V36/><F36/><W102/><G125/><T8/><REACH who="0" step="1"/><D30/><REACH who="0" step="2"/><U22/><E29/><V90/><F90/><W130/><G124/><T20/><D20/><U110/><E22/><V103/><F103/><W129/><G102/><T100/><D100/><U118/><E101/><V49/><F49/><AGARI ba="0,2" hai="5,8,14,49,54,55,57,58,61,69,71,76,83,84" machi="49" ten="30,3900,0" yaku="1,1,7,1,52,1,53,0" doraHai="45" doraHaiUra="121" who="0" fromWho="2" sc="240,59,260,0,230,-39,250,0" /><INIT seed="2,0,0,0,0,99" ten="299,260,191,250" oya="2" hai0="79,4,48,47,28,11,32,57,56,122,126,66,7" hai1="90,114,75,134,78,33,82,40,36,115,8,97,84" hai2="61,104,26,80,101,44,76,10,110,22,35,109,103" hai3="49,46,124,105,91,102,121,72,65,45,34,135,74"/><V130/><F35/><W63/><G34/><T20/><D122/><U31/><E8/><V83/><F104/><W77/><G121/><T71/><D71/><U21/><E21/><V128/><F10/><W58/><G135/><T87/><D32/><U25/><E134/><V50/><F61/><W88/><G124/><T43/><D126/><U100/><E40/><N who="2" m="24839" /><F22/><W118/><G118/><T16/><D28/><U41/><E41/><V53/><F53/><W39/><G39/><T98/><D98/><U17/><E36/><V51/><F51/><W67/><G67/><T64/><D66/><U19/><E114/><V129/><F26/><W86/><G45/><T13/><D7/><U62/><E62/><V123/><F123/><W116/><G116/><T125/><D125/><U106/><REACH who="1" step="1"/><E115/><REACH who="1" step="2"/><V92/><F92/><AGARI ba="0,1" hai="17,19,25,31,33,75,78,82,84,90,92,97,100,106" machi="92" ten="30,16000,3" yaku="1,1,2,1,7,1,24,2,52,1,53,2" doraHai="99" doraHaiUra="14" who="1" fromWho="2" sc="299,0,250,170,191,-160,250,0" /><INIT seed="3,0,0,3,4,101" ten="299,420,31,250" oya="3" hai0="27,71,130,9,30,56,78,34,51,96,29,43,88" hai1="122,77,129,86,0,68,74,65,114,66,20,57,10" hai2="109,85,132,91,127,64,111,75,18,8,16,4,26" hai3="134,119,73,24,45,39,36,93,98,19,110,118,102"/><W41/><BYE who="2" /><G73/><T12/><D71/><U81/><E57/><V124/><F124/><W95/><G134/><T48/><D130/><U128/><E65/><V115/><F115/><W5/><G39/><T28/><D78/><U44/><E20/><V106/><F106/><W15/><G93/><N who="0" m="56359" /><D34/><U42/><E86/><V55/><F55/><W63/><G63/><T112/><D112/><U125/><E122/><V72/><F72/><W70/><G70/><T90/><D27/><U108/><E125/><V76/><F76/><W69/><G69/><T82/><D43/><U87/><E87/><V49/><F49/><N who="0" m="19018" /><D56/><U89/><E114/><V135/><F135/><W1/><G24/><T37/><D37/><N who="1" m="21583" /><E89/><V62/><F62/><W38/><G38/><T32/><D32/><U104/><E104/><V80/><F80/><W54/><G54/><T99/><D82/><U117/><E117/><V6/><F6/><W23/><REACH who="3" step="1"/><G110/><REACH who="3" step="2"/><T92/><D30/><U7/><E108/><V59/><F59/><W60/><G60/><AGARI ba="0,1" hai="0,7,10,60,66,68,74,77,81,128,129" m="21583" machi="60" ten="30,2000,0" yaku="25,1,23,1" doraHai="101" who="1" fromWho="3" sc="299,0,420,30,31,0,240,-20" owari="299,5,450,45,31,-37,220,-13" /></mjloggm>