<mjloggm ver="2.3"><GO type="41"/><UN n0="%E3%83%9F%E3%82%AB%E3%82%A8%E3%83%AB%E2%98%86%E5%BD%A1" n1="%E3%82%AF%E3%83%AA%E3%82%B9%E3%83%9E%E3%82%B9%E3%82%B1%E3%83%BC%E3%82%AD" n2="%E3%82%A6%E3%83%AB%E3%83%88%E3%83%A9%E7%AB%8B%E7%9B%B4" n3="%E8%8F%8A%E5%9C%B0%E7%9C%9F" dan="13,17,15,13" rate="1899,2063,1987,1946" sx="M,M,M,F"/><TAIKYOKU oya="0"/><INIT seed="0,0,0,0,5,127" ten="250,250,250,250" oya="0" hai0="14,64,111,99,6,69,13,29,110,59,37,48,63" hai1="74,124,82,21,47,18,92,11,79,93,108,31,97" hai2="33,101,35,102,134,12,5,2,89,17,123,24,70" hai3="39,87,49,95,80,53,77,60,36,81,8,119,54"/><T115/><D115/><U30/><E124/><V55/><F123/><W105/><G105/><T113/><D113/><U83/><E108/><N who="0" m="41513" /><D6/><U76/><E47/><V43/><F43/><W4/><G95/><T130/><D130/><U104/><E104/><V114/><F114/><W91/><G60/><T125/><D125/><U103/><E11/><V58/><F70/><W129/><G129/><T126/><D126/><U16/><E93/><V46/><F46/><W61/><G61/><T32/><D99/><U52/><E52/><V109/><F109/><W19/><G54/><N who="0" m="32199" /><D29/><U1/><E1/><V42/><F5/><W40/><G40/><T98/><D32/><U22/><E22/><V0/><F42/><W56/><G119/><T38/><D98/><U106/><E106/><V107/><F35/><W120/><G120/><T44/><D44/><U67/><E67/><V65/><F65/><W9/><G19/><T71/><D71/><U34/><E34/><V10/><F107/><W27/><G39/><AGARI ba="0,0" hai="13,14,37,38,39,63,64,69" m="32199,41513" machi="39" ten="30,2900,0" yaku="14,1,10,1" doraHai="127" who="0" fromWho="3" sc="250,29,250,0,250,0,250,-29" /><INIT seed="0,1,0,0,4,84" ten="279,250,250,221" oya="0" hai0="108,112,125,54,89,81,73,119,103,47,129,80,134" hai1="22,32,38,61,46,92,64,68,20,24,71,45,60" hai2="118,133,75,3,67,83,6,43,117,72,14,90,53" hai3="31,111,102,40,59,97,57,37,9,107,7,99,15"/><T122/><D54/><U11/><E11/><V105/><F3/><W34/><G111/><T58/><D47/><U93/><E24/><V26/><F105/><W128/><G31/><T114/><D58/><U30/><E30/><V88/><F67/><W82/><G34/><T124/><D103/><U16/><E64/><V104/><F104/><W109/><G109/><T0/><D108/><U116/><E32/><V135/><F26/><W1/><G99/><T48/><D48/><U55/><E55/><V27/><F27/><W123/><G128/><T44/><D44/><U51/><E51/><V42/><F53/><W106/><G106/><T29/><D122/><U77/><E77/><V23/><F23/><W13/><G40/><N who="2" m="15401" /><F14/><W4/><G37/><T62/><D62/><U52/><E52/><V78/><F6/><W41/><G41/><T132/><D119/><N who="2" m="45578" /><F75/><W113/><G4/><T25/><D0/><U126/><E116/><V36/><F36/><W100/><G13/><T12/><D12/><U91/><E38/><V127/><F127/><N who="0" m="48714" /><D129/><U94/><E126/><V120/><F120/><W101/><G1/><T65/><D65/><U110/><E110/><V96/><F96/><W21/><G97/><T56/><D56/><U35/><E35/><V19/><F19/><W85/><G123/><T69/><D69/><U10/><E71/><V86/><F86/><W63/><G57/><T49/><D49/><U70/><E68/><V98/><F98/><W131/><G59/><T130/><D130/><U50/><E70/><V115/><F115/><N who="0" m="44074" /><D25/><U95/><E50/><V8/><F8/><RYUUKYOKU ba="1,0" sc="279,-10,250,-10,250,30,221,-10" hai2="72,78,83,88,90,133,135" /><INIT seed="1,2,0,4,2,75" ten="269,240,280,211" oya="1" hai0="50,34,22,15,70,60,76,48,133,38,92,77,109" hai1="27,134,25,3,116,43,8,59,128,83,42,11,9" hai2="63,21,28,32,93,115,55,88,36,110,87,68,35" hai3="47,107,23,29,84,122,103,12,121,89,117,127,51"/><U95/><E116/><V113/><F36/><W30/><G117/><T123/><D34/><U14/><E3/><V53/><F110/><W112/><G112/><N who="2" m="43081" /><F55/><W44/><G127/><T45/><D109/><U40/><E134/><V65/><F53/><W2/><G2/><T13/><D133/><U85/><E128/><V62/><F62/><W132/><G132/><T64/><D123/><U39/><E39/><V101/><F101/><W73/><G73/><T129/><D129/><U98/><E14/><V7/><F7/><W0/><G47/><T106/><D106/><U71/><E59/><V41/><F41/><W100/><G0/><T125/><D125/><U99/><E71/><V26/><AGARI ba="2,0" hai="21,26,28,32,35,63,65,68,87,88,93" m="43081" machi="26" ten="30,2000,0" yaku="11,1,54,1" doraHai="75" who="2" fromWho="2" sc="269,-7,240,-12,280,26,211,-7" /><INIT seed="2,0,0,0,0,24" ten="262,228,306,204" oya="2" hai0="74,75,73,43,71,42,118,50,19,106,107,134,68" hai1="7,105,110,40,32,65,30,45,28,36,59,87,129" hai2="5,37,90,82,69,35,16,64,133,91,122,81,99" hai3="26,89,23,101,6,48,49,3,29,115,70,21,88"/><V25/><F37/><W80/><G70/><N who="0" m="26667" /><D19/><U38/><E105/><N who="0" m="39945" /><D50/><U92/><E36/><V126/><F122/><W63/><G101/><T34/><D134/><U131/><E32/><V85/><F133/><W125/><G125/><T84/><D84/><U33/><E33/><V78/><F126/><W47/><G49/><T95/><D95/><U114/><E7/><V20/><F5/><W83/><G3/><T117/><D34/><U22/><E22/><V130/><F130/><N who="1" m="49673" /><E110/><V111/><F111/><W124/><G124/><T66/><D66/><U102/><E114/><V12/><F91/><N who="3" m="34891" /><G6/><T1/><D1/><U113/><E113/><V93/><F82/><N who="3" m="31275" /><G115/><T135/><D135/><U4/><E4/><V98/><F64/><W116/><G21/><T96/><D96/><N who="1" m="59655" /><E87/><V0/><F0/><W44/><G48/><T60/><D60/><AGARI ba="0,0" hai="28,30,38,40,45,59,60,65" m="59655,49673" machi="60" ten="30,3900,0" yaku="19,1,52,2" doraHai="24" who="1" fromWho="0" sc="262,-39,228,39,306,0,204,0" /><INIT seed="3,0,0,1,4,32" ten="223,267,306,204" oya="3" hai0="123,91,5,22,2,122,95,127,90,60,107,77,37" hai1="129,125,116,56,26,78,111,82,15,54,11,104,14" hai2="89,34,124,115,55,42,8,66,117,71,0,73,64" hai3="69,108,43,85,46,133,18,92,114,132,19,62,58"/><W135/><G69/><T121/><D127/><U110/><E104/><V98/><F34/><W6/><G114/><T33/><D22/><U1/><E125/><V48/><F117/><W10/><G108/><N who="1" m="41514" /><E26/><V96/><F115/><W118/><G118/><T41/><D95/><U59/><E129/><V80/><F42/><W21/><G92/><T81/><D107/><U16/><E116/><V50/><F50/><W88/><G21/><T24/><D60/><N who="1" m="35863" /><E59/><V126/><F126/><W87/><G58/><T84/><D24/><U131/><E131/><V93/><F124/><W70/><G62/><T86/><D33/><U119/><E119/><V36/><F36/><N who="3" m="21863" /><G70/><T4/><D4/><N who="1" m="1423" /><E16/><N who="3" m="6186" /><G88/><T63/><D63/><U12/><E12/><AGARI ba="0,0" hai="6,10,12,85,87,132,133,135" m="6186,21863" machi="12" ten="30,2900,0" yaku="20,1,54,1" doraHai="32" who="3" fromWho="1" sc="223,0,267,-29,306,0,204,29" /><INIT seed="3,1,0,1,5,20" ten="223,238,306,233" oya="3" hai0="87,18,74,3,106,107,77,29,50,37,36,2,42" hai1="38,90,124,55,41,95,40,115,110,71,94,31,7" hai2="67,58,21,10,120,62,0,72,59,56,114,76,93" hai3="119,134,24,1,80,96,92,30,131,104,27,99,83"/><W32/><G119/><T35/><D18/><U61/><E115/><V129/><F114/><W84/><G1/><N who="0" m="11" /><D50/><U13/><E110/><V116/><F116/><W39/><G39/><N who="0" m="14923" /><D42/><U70/><E124/><V60/><F120/><W65/><G65/><T108/><D108/><U101/><E101/><V22/><F129/><W23/><G104/><N who="0" m="39979" /><D87/><U19/><E7/><V113/><F113/><W125/><G131/><T53/><D53/><U132/><E31/><V111/><F111/><W48/><G125/><T105/><N who="0" m="39987" /><T57/><DORA hai="86" /><D57/><U4/><E38/><V103/><F103/><W98/><G134/><T12/><D12/><U97/><E4/><V126/><F126/><W51/><G92/><T117/><D117/><U128/><E95/><V64/><F93/><W52/><G84/><T33/><D29/><U15/><E15/><V122/><F122/><W79/><G79/><T28/><D28/><U45/><E40/><V85/><F85/><W63/><G63/><T68/><D68/><U133/><E71/><V26/><F59/><W112/><G112/><T49/><D49/><U16/><E70/><V8/><F0/><W69/><G69/><T73/><D77/><U25/><E61/><V130/><F130/><W11/><G11/><T9/><D9/><U109/><E128/><V127/><F127/><W47/><REACH who="3" step="1"/><G48/><REACH who="3" step="2"/><T135/><D135/><U44/><E109/><V121/><F121/><W43/><G43/><T88/><D88/><U78/><E133/><V118/><F118/><W14/><G14/><T123/><D123/><U34/><E132/><V5/><F62/><RYUUKYOKU ba="1,1" sc="223,15,238,-15,306,-15,223,15" hai0="33,35,73,74" hai3="23,24,27,30,32,47,51,52,80,83,96,98,99" /><INIT seed="3,2,1,4,2,105" ten="238,223,291,238" oya="3" hai0="78,41,24,36,88,120,61,59,97,35,7,125,56" hai1="46,77,33,99,71,53,122,52,31,123,113,43,126" hai2="102,22,103,67,28,94,117,74,57,2,133,115,128" hai3="3,127,131,109,40,106,16,85,118,50,76,15,75"/><W96/><G118/><T37/><D120/><U11/><E71/><V65/><F2/><W68/><G68/><T45/><D125/><U84/><E113/><V119/><F115/><W38/><G38/><T79/><D37/><U116/><E126/><V81/><F103/><W51/><G3/><T86/><D7/><U54/><E116/><V101/><F67/><W44/><G127/><T111/><D111/><U42/><E11/><V8/><F102/><W64/><G64/><T108/><D108/><U124/><E124/><V121/><F8/><W27/><G27/><T63/><D97/><U6/><E6/><V93/><F93/><W55/><G109/><T107/><D107/><U5/><E5/><V100/><F100/><W110/><G110/><T20/><D35/><U1/><E1/><V129/><F119/><W104/><G85/><T49/><D36/><U135/><E99/><N who="2" m="59639" /><F117/><W14/><G14/><T48/><D48/><U130/><E33/><V17/><F121/><W26/><G26/><T12/><D12/><U83/><E123/><V69/><F69/><W13/><G13/><T114/><D114/><U91/><E122/><V89/><F17/><W73/><G96/><T92/><D59/><U98/><E98/><V19/><F19/><W23/><G131/><T72/><D72/><N who="3" m="27721" /><G76/><N who="0" m="29227" /><D56/><U18/><E130/><V25/><F128/><W39/><G39/><T132/><D132/><U29/><E135/><V58/><F129/><W95/><G95/><T10/><D10/><U30/><E77/><N who="2" m="44215" /><F133/><W47/><G106/><T70/><D70/><U134/><E134/><V80/><F65/><RYUUKYOKU ba="2,1" sc="238,10,223,-30,291,10,238,10" hai0="20,24,41,45,49,61,63,86,88,92" hai2="22,25,28,57,58,80,89" hai3="15,16,23,40,44,47,50,51,55,104" /><INIT seed="3,3,1,1,1,101" ten="248,193,301,248" oya="3" hai0="68,98,100,3,45,61,33,89,97,54,133,21,39" hai1="13,90,10,1,109,102,71,49,114,59,127,119,37" hai2="19,42,117,2,31,65,84,134,94,47,88,123,78" hai3="66,126,5,12,24,7,16,72,112,96,75,77,122"/><W63/><G122/><T57/><D33/><U106/><E114/><V64/><F2/><W79/><G112/><T40/><D3/><U22/><E37/><V83/><F117/><W74/><G24/><T93/><D133/><U111/><E71/><V124/><F134/><W15/><G15/><T91/><D97/><N who="1" m="61775" /><E119/><V132/><F132/><W118/><G118/><T36/><D36/><U81/><E1/><V92/><F124/><W34/><G34/><T130/><D130/><U8/><E127/><V120/><F31/><W0/><G126/><T67/><REACH who="0" step="1"/><D21/><REACH who="0" step="2"/><U30/><E22/><V26/><F123/><W52/><G0/><T51/><AGARI ba="3,2" hai="39,40,45,51,54,57,61,67,68,89,91,93,98,100" machi="51" ten="20,12000,2" yaku="1,1,2,1,0,1,7,1,24,2,53,0" doraHai="101" doraHaiUra="105" who="0" fromWho="0" sc="238,149,193,-33,301,-33,248,-63" /><INIT seed="4,0,0,4,4,30" ten="387,160,268,185" oya="0" hai0="28,84,79,5,103,31,3,61,56,106,128,64,111" hai1="49,88,114,119,105,27,117,132,94,59,22,135,80" hai2="44,85,78,92,33,89,43,14,6,112,13,53,130" hai3="104,38,81,58,110,63,118,98,67,60,34,18,73"/><T109/><D128/><U86/><E105/><V2/><F2/><W122/><G18/><T133/><D133/><N who="1" m="51275" /><E59/><V8/><F130/><W46/><G58/><T19/><D19/><U4/><E4/><V77/><F112/><W65/><G60/><T20/><D5/><U57/><E57/><V40/><F33/><W93/><G65/><T9/><D9/><U17/><E49/><N who="2" m="28839" /><F14/><W76/><G93/><T47/><D3/><U16/><E114/><V26/><F26/><W100/><G118/><N who="1" m="45066" /><E17/><V95/><F95/><AGARI ba="0,0" hai="16,22,27,80,86,88,94,95" m="45066,51275" machi="95" ten="30,3900,0" yaku="20,1,54,2" doraHai="30" who="1" fromWho="2" sc="387,0,160,39,268,-39,185,0" /><INIT seed="5,0,0,3,4,76" ten="387,199,229,185" oya="1" hai0="57,119,42,7,15,111,115,120,117,89,30,31,55" hai1="131,3,67,81,52,127,88,77,75,114,103,28,47" hai2="53,98,56,94,2,68,78,26,34,112,14,86,87" hai3="65,113,105,109,116,20,54,19,69,60,107,72,66"/><U18/><E3/><V133/><F68/><W23/><G109/><T21/><D111/><U93/><E114/><V108/><F2/><W126/><G113/><T125/><D115/><U99/><E131/><V35/><F108/><W90/><G72/><T132/><D125/><U61/><E127/><V71/><F71/><W121/><G126/><T96/><D132/><U84/><E28/><V50/><F133/><W130/><G130/><T118/><D120/><U110/><E110/><V106/><F106/><W58/><G66/><T100/><D42/><U74/><E18/><V97/><F35/><W44/><G20/><T22/><D89/><U40/><E77/><V10/><F112/><W37/><G90/><T11/><D30/><U6/><E6/><V73/><F73/><W134/><G134/><T32/><D32/><U36/><REACH who="1" step="1"/><E52/><REACH who="1" step="2"/><V102/><F78/><W25/><G121/><T59/><D31/><U62/><E62/><V5/><F34/><W123/><G123/><T92/><D59/><AGARI ba="0,1" hai="36,40,47,59,61,67,74,75,81,84,88,93,99,103" machi="59" ten="30,11600,0" yaku="1,1,7,1,52,1,54,1,53,0" doraHai="76" doraHaiUra="49" who="1" fromWho="0" sc="387,-116,189,126,229,0,185,0" /><INIT seed="5,1,0,5,0,18" ten="271,315,229,185" oya="1" hai0="106,107,90,28,52,132,56,104,30,4,126,119,73" hai1="101,46,84,24,47,130,85,55,92,11,62,83,117" hai2="15,26,64,33,80,8,133,82,103,120,121,6,0" hai3="81,79,135,88,40,100,38,60,112,131,77,67,37"/><U98/><E117/><V109/><F103/><W105/><G131/><T17/><D132/><U66/><E130/><V124/><F82/><W16/><G135/><T58/><D126/><U54/><E84/><V42/><F80/><W93/><G100/><T29/><D119/><U113/><E113/><V76/><F64/><W127/><G105/><T36/><D36/><U45/><E11/><V27/><F42/><W69/><G127/><T19/><D73/><U89/><REACH who="1" step="1"/><E24/><REACH who="1" step="2"/><V61/><F124/><W123/><G112/><T95/><D4/><U122/><E122/><V118/><F133/><W110/><G123/><T5/><D5/><U125/><E125/><V134/><F134/><W35/><G77/><T70/><D70/><AGARI ba="1,1" hai="45,46,47,54,55,62,66,70,83,85,89,92,98,101" machi="70" ten="40,2000,0" yaku="1,1,53,0" doraHai="18" doraHaiUra="10" who="1" fromWho="0" sc="271,-23,305,33,229,0,185,0" /><INIT seed="5,2,0,0,1,91" ten="248,338,229,185" oya="1" hai0="46,59,62,66,1,123,70,118,124,90,97,73,41" hai1="102,99,11,72,74,116,36,125,32,65,45,100,21" hai2="93,5,98,80,22,132,110,82,35,130,12,67,101" hai3="51,2,69,10,3,0,76,60,75,105,54,83,120"/><U133/><E32/><V27/><F110/><W13/><G105/><T48/><D124/><U77/><E116/><V94/><F130/><W53/><G120/><T31/><D123/><U95/><E125/><V96/><F132/><W84/><G69/><T9/><D118/><U131/><E131/><V135/><F135/><W112/><G112/><T15/><D73/><U17/><E77/><V128/><F128/><W117/><G117/><T103/><D1/><U134/><E134/><V108/><F108/><W104/><G104/><T111/><D111/><U26/><E102/><N who="2" m="60687" /><F35/><W28/><G28/><T55/><D31/><U16/><E65/><V18/><F67/><W47/><G75/><T81/><D81/><U25/><E133/><V23/><F5/><W61/><REACH who="3" step="1"/><G54/><REACH who="3" step="2"/><T58/><D90/><U40/><E74/><V68/><F68/><W43/><G43/><T49/><D103/><U52/><E72/><V37/><F37/><W44/><G44/><T6/><REACH who="0" step="1"/><D97/><REACH who="0" step="2"/><U109/><E99/><V129/><F129/><W39/><G39/><T56/><AGARI ba="2,2" hai="6,9,15,41,46,48,49,55,56,58,59,62,66,70" machi="56" ten="20,5200,0" yaku="1,1,2,1,0,1,7,1,53,0" doraHai="91" doraHaiUra="127" who="0" fromWho="0" sc="238,78,338,-28,229,-15,175,-15" /><INIT seed="6,0,0,5,2,112" ten="316,310,214,160" oya="2" hai0="68,41,96,8,87,32,114,72,5,18,113,94,90" hai1="70,30,58,42,103,106,129,47,33,133,99,64,135" hai2="131,95,74,53,76,124,85,116,13,128,60,62,63" hai3="14,39,126,75,4,98,109,9,46,16,83,102,38"/><V104/><F104/><W117/><G109/><T3/><D68/><U56/><E129/><N who="2" m="49739" /><F74/><W89/><G126/><T17/><D72/><U45/><E58/><V26/><F124/><W52/><G117/><T107/><D32/><U24/><E56/><V44/><F26/><W67/><G67/><T1/><D1/><U65/><E65/><V105/><F105/><W119/><G119/><T77/><D41/><U59/><E59/><V82/><F95/><W12/><G75/><T20/><D77/><U36/><E47/><V35/><F35/><W21/><G89/><T132/><D132/><U108/><E108/><V93/><F93/><W80/><G39/><T110/><D110/><U54/><E54/><V97/><F97/><W50/><REACH who="3" step="1"/><G38/><REACH who="3" step="2"/><T78/><D78/><U69/><E69/><V79/><F116/><W0/><G0/><T73/><D73/><U101/><E101/><V81/><F44/><W22/><G22/><T71/><D20/><U23/><E23/><V66/><F66/><W61/><G61/><AGARI ba="0,1" hai="24,30,33,36,42,45,61,64,70,99,103,106,133,135" machi="61" ten="40,8000,1" yaku="25,2,23,2" doraHai="112" who="1" fromWho="3" sc="316,0,310,90,214,0,150,-80" /><INIT seed="7,0,0,0,0,116" ten="316,400,214,70" oya="3" hai0="63,25,93,126,40,35,54,97,36,72,49,96,91" hai1="77,98,56,89,92,13,133,119,2,4,8,22,3" hai2="125,59,12,83,108,118,51,73,43,104,90,21,99" hai3="112,26,107,41,28,16,115,61,46,1,47,10,130"/><W60/><G107/><T9/><D126/><U32/><E32/><V48/><F118/><W117/><G117/><T53/><D72/><U85/><E119/><V18/><F108/><W127/><G127/><T23/><D35/><U65/><E133/><V52/><F125/><W135/><G135/><T67/><D36/><U128/><E128/><V37/><F37/><W27/><G130/><T39/><D39/><U88/><E77/><V94/><F104/><W81/><G81/><T7/><D97/><U87/><E22/><V57/><F73/><W11/><G1/><T78/><D78/><U15/><E2/><V44/><F83/><W114/><G41/><T132/><D132/><U19/><E3/><V33/><F33/><W106/><G106/><T120/><D40/><U124/><E89/><V121/><F121/><W76/><G76/><T111/><D111/><U62/><E124/><V110/><F110/><W20/><G47/><AGARI ba="0,0" hai="12,18,21,43,44,47,48,51,52,57,59,90,94,99" machi="47" ten="30,3900,0" yaku="7,1,8,1,54,1" doraHai="116" who="2" fromWho="3" sc="316,0,400,0,214,39,70,-39" owari="316,12,400,50,253,-15,31,-47" /></mjloggm>