<mjloggm ver="2.3"><GO type="41"/><UN n0="%E3%83%AC%E3%83%95%E3%83%88%E3%81%A1%E3%82%83%E3%82%93" n1="%E5%81%BD%E5%85%AB" n2="%E6%A1%94%E6%A2%97%E5%B1%8B" n3="%E3%82%A6%E3%83%AB%E3%83%88%E3%83%A9%E7%AB%8B%E7%9B%B4" dan="13,13,14,14" rate="2006,1837,1897,1915" sx="F,M,M,M"/><TAIKYOKU oya="0"/><INIT seed="0,0,0,2,5,131" ten="250,250,250,250" oya="0" hai0="54,1,121,114,95,83,55,127,84,72,116,132,82" hai1="88,79,78,19,96,89,8,37,63,108,45,57,18" hai2="110,38,29,66,100,77,126,9,40,67,93,13,124" hai3="22,49,35,115,48,117,102,56,52,39,61,3,81"/><T106/><D106/><U87/><E108/><V15/><F110/><W26/><G35/><T43/><D1/><U135/><E37/><V80/><F29/><W104/><G3/><T2/><D2/><U70/><E70/><V134/><F38/><W76/><G39/><T99/><D116/><U64/><E45/><V7/><F40/><W5/><G5/><T30/><D114/><U42/><E42/><V60/><F15/><W128/><G128/><T11/><D121/><U25/><E135/><V109/><F109/><W125/><G125/><N who="2" m="48233" /><F100/><W107/><G115/><T24/><D43/><U53/><E64/><N who="2" m="24619" /><F93/><W68/><G117/><T90/><D72/><U130/><E130/><V73/><F60/><W65/><G49/><T91/><D132/><AGARI ba="0,0" hai="7,9,13,73,77,80,132,134" m="24619,48233" machi="132" ten="30,3900,0" yaku="18,1,52,2" doraHai="131" who="2" fromWho="0" sc="250,-39,250,0,250,39,250,0" /><INIT seed="1,0,0,2,0,123" ten="211,250,289,250" oya="1" hai0="133,68,67,77,92,113,122,9,135,2,37,69,112" hai1="127,100,52,131,132,51,91,32,114,0,96,65,49" hai2="31,17,47,104,27,101,76,102,82,111,21,50,72" hai3="130,116,86,74,43,61,35,87,30,28,121,44,89"/><U110/><E114/><V106/><F111/><W62/><G74/><T126/><D77/><U5/><E32/><V34/><F102/><W79/><G121/><T99/><D122/><U13/><E0/><V105/><F101/><W109/><G116/><T39/><D126/><U10/><E127/><V24/><REACH who="2" step="1"/><F105/><REACH who="2" step="2"/><W95/><G109/><T14/><D112/><U124/><E110/><V118/><F118/><W73/><G130/><T129/><D113/><U98/><E124/><V80/><F80/><N who="3" m="47391" /><G73/><T55/><D129/><U25/><E131/><V56/><F56/><W1/><G1/><T40/><D69/><U119/><E119/><V46/><F46/><W12/><G35/><T63/><D2/><U66/><E132/><V58/><F58/><W20/><G44/><T54/><D135/><U29/><E100/><V36/><F36/><W33/><G33/><T23/><D133/><U60/><E60/><V83/><F83/><W42/><G61/><T97/><D39/><U59/><E51/><V3/><F3/><W128/><G62/><T4/><D92/><N who="1" m="56351" /><E98/><V115/><F115/><W85/><G128/><T120/><D120/><U18/><E29/><N who="3" m="11370" /><G87/><T57/><D99/><U53/><E59/><V70/><F70/><W7/><G85/><T71/><D97/><U125/><E125/><V103/><F103/><W107/><G107/><T88/><D71/><U134/><E134/><V78/><F78/><W45/><G95/><T6/><D68/><U93/><E49/><V8/><F8/><N who="3" m="4127" /><G89/><T15/><D88/><U22/><E93/><V19/><F19/><W94/><G45/><RYUUKYOKU ba="0,1" sc="211,-15,250,15,279,15,250,-15" hai1="5,10,13,18,22,25,52,53,65,66" hai2="17,21,24,27,31,34,47,50,72,76,82,104,106" /><INIT seed="1,1,1,5,4,128" ten="196,265,294,235" oya="1" hai0="120,132,17,58,74,10,38,67,119,12,57,114,41" hai1="118,86,30,129,134,43,66,97,87,78,37,42,127" hai2="20,11,75,126,99,44,116,104,123,19,109,81,9" hai3="34,89,70,51,92,79,131,115,69,83,14,72,54"/><U76/><E118/><V48/><F116/><W45/><G34/><T91/><D119/><U24/><E129/><V101/><F123/><W94/><G115/><T4/><D120/><U36/><E97/><V33/><F109/><W3/><G3/><T31/><D74/><U0/><E0/><V84/><F33/><W60/><G131/><T90/><D114/><U7/><E7/><V53/><F126/><W39/><G92/><T22/><D31/><U121/><E121/><V71/><F71/><W110/><G110/><T35/><D35/><U103/><E127/><V124/><F75/><W46/><G60/><T50/><D38/><U85/><E30/><V68/><F68/><W55/><G14/><T13/><D132/><U21/><E21/><V63/><F63/><W130/><G130/><T52/><D41/><N who="1" m="15371" /><E134/><V26/><F124/><W40/><REACH who="3" step="1"/><G55/><REACH who="3" step="2"/><T95/><D95/><U77/><E66/><V133/><F133/><W88/><G88/><AGARI ba="1,2" hai="9,11,19,20,26,44,48,53,81,84,88,99,101,104" machi="88" ten="30,2000,0" yaku="7,1,54,1" doraHai="128" who="2" fromWho="3" sc="196,0,265,0,294,43,225,-23" /><INIT seed="2,0,0,1,4,98" ten="196,265,337,202" oya="2" hai0="109,107,9,20,124,82,16,127,38,19,112,48,132" hai1="93,122,52,106,11,121,60,37,10,31,45,46,25" hai2="0,119,66,104,125,54,114,91,134,29,24,103,12" hai3="68,34,95,110,18,113,135,97,71,55,35,8,5"/><V133/><F0/><W100/><G113/><T83/><D107/><U76/><E106/><V118/><F114/><W36/><G36/><T1/><D38/><U44/><E37/><V41/><F41/><W50/><G135/><N who="2" m="51721" /><F125/><N who="0" m="48202" /><D112/><U33/><E76/><V90/><F66/><W22/><G110/><T116/><D132/><U101/><E101/><V78/><F78/><W128/><G128/><T81/><D109/><U3/><E93/><V64/><F12/><W67/><G67/><T79/><D116/><N who="2" m="44586" /><F54/><W27/><G68/><T28/><D48/><U32/><E32/><N who="2" m="20519" /><F64/><W129/><G129/><T15/><D28/><U115/><E115/><V92/><F104/><W6/><G71/><T72/><D1/><U47/><E3/><V89/><F103/><W73/><G73/><T77/><D72/><U53/><E53/><V96/><AGARI ba="0,0" hai="89,90,91,92,96" m="20519,44586,51721" machi="96" ten="30,1500,0" yaku="20,1" doraHai="98" who="2" fromWho="2" sc="196,-5,265,-5,337,15,202,-5" /><INIT seed="2,1,0,1,2,63" ten="191,260,352,197" oya="2" hai0="21,92,61,120,35,41,109,128,2,110,10,64,14" hai1="19,42,60,59,132,66,70,98,121,76,56,12,25" hai2="99,62,72,126,107,24,85,54,97,8,131,127,90" hai3="52,46,32,133,7,43,91,50,51,26,27,79,20"/><V83/><F8/><W4/><G133/><T28/><D120/><U39/><E132/><V29/><F72/><W0/><G0/><T135/><D41/><U67/><E121/><V6/><F6/><W84/><G79/><T65/><D135/><U88/><E76/><V82/><F82/><W89/><G32/><T47/><D47/><U105/><E70/><V16/><F131/><W101/><G101/><T18/><D61/><N who="1" m="38183" /><E39/><V123/><F123/><W96/><G96/><T30/><D92/><N who="1" m="56583" /><E105/><V23/><F107/><W129/><G129/><T81/><D81/><U103/><E103/><V87/><F87/><W71/><G71/><T106/><D106/><U117/><E117/><V75/><F75/><W74/><G74/><T22/><D128/><U13/><E42/><V5/><F126/><W3/><G89/><T114/><D114/><U49/><E49/><V112/><F127/><W100/><G100/><T9/><D2/><U134/><E134/><V33/><F112/><W122/><G122/><T45/><D45/><U55/><E55/><V1/><F1/><W78/><G78/><T73/><D73/><U113/><E113/><V80/><F80/><N who="3" m="49543" /><G3/><T86/><D35/><U36/><E36/><V104/><F104/><W111/><G50/><T95/><D86/><U40/><E40/><V57/><REACH who="2" step="1"/><F5/><REACH who="2" step="2"/><W53/><G4/><T11/><D95/><U48/><E48/><V68/><F68/><W119/><G7/><T94/><D94/><U130/><E130/><V125/><F125/><W31/><G119/><T15/><D9/><U69/><E69/><V44/><F44/><RYUUKYOKU ba="1,1" sc="191,10,260,10,342,10,197,-30" hai0="10,11,14,15,18,21,22,28,30,64,65,109,110" hai1="12,13,19,25,59,60,67" hai2="16,23,24,29,33,54,57,62,83,85,90,97,99" /><INIT seed="2,2,1,0,0,15" ten="201,270,352,167" oya="2" hai0="68,112,69,37,38,93,31,25,22,99,44,87,36" hai1="77,100,115,104,103,57,61,116,32,130,94,108,11" hai2="89,125,133,40,79,126,47,84,120,48,67,105,134" hai3="123,18,62,43,7,90,121,55,109,92,97,13,51"/><V119/><F105/><W72/><G72/><T78/><D112/><U14/><E115/><V35/><F35/><W82/><G109/><T60/><D44/><U9/><E116/><V28/><F28/><W73/><G7/><T26/><D26/><U66/><E32/><V111/><F79/><W107/><G107/><T54/><D78/><U83/><E108/><V27/><F27/><W24/><G24/><T117/><D87/><U64/><E130/><V96/><F111/><W2/><G2/><T19/><D31/><U45/><E11/><V52/><F96/><W39/><G62/><T86/><D86/><U71/><E104/><V16/><F67/><W8/><G73/><T106/><D106/><U128/><E45/><V85/><F119/><W135/><G82/><T30/><D30/><U21/><E21/><V76/><F76/><W118/><G118/><T4/><D4/><U41/><E41/><V124/><F40/><W10/><G135/><N who="2" m="51721" /><F120/><W98/><G98/><T53/><D117/><U81/><E81/><V122/><F122/><W3/><G43/><T17/><D17/><N who="1" m="8399" /><E71/><V0/><F0/><W46/><G39/><T34/><D34/><U95/><E128/><V101/><F101/><N who="1" m="38985" /><E66/><V65/><F65/><W70/><G70/><T74/><D74/><U58/><E58/><V80/><F85/><AGARI ba="2,1" hai="57,61,64,77,83,85,94,95" m="38985,8399" machi="85" ten="30,2000,0" yaku="8,1,52,1" doraHai="15" who="1" fromWho="2" sc="201,0,270,36,352,-26,167,0" /><INIT seed="3,0,0,5,1,59" ten="201,306,326,167" oya="3" hai0="9,127,45,8,67,51,22,31,100,119,123,39,16" hai1="134,0,124,118,99,53,75,125,30,85,10,96,109" hai2="73,102,90,61,20,103,111,27,63,82,62,135,81" hai3="52,57,89,66,97,36,83,54,28,87,107,58,11"/><W55/><G36/><T26/><D123/><U98/><E75/><V78/><F111/><W72/><G72/><T129/><D119/><U93/><E109/><V41/><F135/><W4/><G28/><T6/><D39/><U33/><E134/><V32/><F32/><W112/><G112/><T44/><D129/><U130/><E130/><V35/><F35/><W46/><G46/><T68/><D127/><U23/><E118/><V128/><F128/><W60/><G107/><T70/><D100/><U18/><E30/><V74/><F41/><W131/><G97/><T47/><D51/><U120/><E33/><V71/><F71/><W113/><G113/><T116/><D116/><U24/><E120/><V94/><F73/><W25/><G25/><T40/><D40/><U126/><E10/><V117/><F117/><W21/><G21/><T34/><D67/><U48/><E0/><V76/><F76/><W101/><G101/><N who="2" m="38409" /><F74/><W17/><G17/><T115/><D115/><U14/><E85/><N who="2" m="52559" /><F78/><W7/><G131/><T12/><REACH who="0" step="1"/><D8/><REACH who="0" step="2"/><U121/><E121/><V69/><F69/><W50/><REACH who="3" step="1"/><G7/><REACH who="3" step="2"/><T110/><D110/><U95/><E125/><V86/><F86/><W132/><G132/><T91/><D91/><U42/><E126/><V92/><F92/><W1/><AGARI ba="0,2" hai="1,4,11,50,52,54,55,57,58,60,66,83,87,89" machi="1" ten="20,18000,2" yaku="1,1,0,1,7,1,52,1,54,1,53,1" doraHai="59" doraHaiUra="56" who="3" fromWho="3" sc="191,-60,306,-60,326,-60,157,200" /><INIT seed="3,1,0,1,5,26" ten="131,246,266,357" oya="3" hai0="62,103,7,34,107,126,83,110,69,96,52,95,78" hai1="124,23,104,29,128,49,109,117,40,80,86,121,30" hai2="85,17,32,31,123,68,79,19,127,94,46,131,39" hai3="47,119,108,44,129,75,70,105,84,98,112,51,41"/><W91/><G75/><T43/><D34/><U133/><E121/><V135/><F68/><W87/><G70/><T2/><D126/><U28/><E104/><V99/><F123/><W20/><G119/><T16/><D43/><U64/><E124/><V18/><F127/><W115/><G129/><T53/><D110/><U100/><E117/><V130/><F135/><W13/><G108/><T57/><D69/><U5/><E133/><V27/><F39/><W113/><G47/><T61/><D2/><U134/><E109/><V82/><REACH who="2" step="1"/><F46/><REACH who="2" step="2"/><W67/><G112/><T71/><D71/><U90/><E134/><V11/><F11/><W102/><G113/><T97/><D7/><U42/><E128/><V76/><F76/><W37/><G115/><T38/><D38/><U56/><E5/><V106/><F106/><W21/><G37/><T33/><D107/><U132/><E132/><V58/><F58/><W116/><G116/><T15/><D33/><U63/><E23/><V101/><AGARI ba="1,1" hai="17,18,19,27,31,32,79,82,85,94,99,101,130,131" machi="101" ten="30,4000,0" yaku="1,1,0,1,52,1,53,0" doraHai="26" doraHaiUra="54" who="2" fromWho="2" sc="131,-11,246,-11,256,53,357,-21" /><INIT seed="4,0,0,4,4,94" ten="120,235,309,336" oya="0" hai0="43,112,56,47,25,75,123,53,14,17,82,32,15" hai1="106,48,2,54,66,93,125,84,51,131,102,46,76" hai2="77,33,67,0,130,37,87,13,58,120,111,78,52" hai3="133,63,97,113,91,11,101,71,96,39,95,79,108"/><T44/><D123/><U19/><E106/><V119/><F111/><W90/><G39/><T23/><D112/><U74/><E74/><V83/><F120/><W99/><G71/><T16/><D32/><U135/><E135/><V116/><F0/><W118/><G108/><T30/><D43/><U20/><E2/><V38/><F67/><W12/><G113/><T65/><D65/><U109/><E109/><V127/><F77/><W28/><G118/><N who="2" m="45097" /><F127/><W6/><G133/><T134/><D134/><U40/><E125/><V117/><F130/><W36/><G36/><T9/><D82/><N who="1" m="47175" /><E131/><V1/><F1/><W24/><G79/><T100/><D100/><U31/><E31/><V7/><F33/><W29/><G63/><T55/><D75/><U57/><E66/><V60/><F117/><W3/><G3/><T121/><D121/><U128/><E128/><V122/><F122/><W124/><G124/><T114/><D114/><U70/><E70/><V72/><F87/><W69/><G69/><T110/><D110/><U80/><E80/><V59/><F59/><W5/><G5/><T103/><D103/><U34/><E34/><V81/><F81/><W50/><G50/><N who="0" m="30775" /><D55/><U126/><E126/><V27/><F27/><W104/><G24/><T26/><D25/><N who="1" m="14495" /><E102/><V68/><F68/><W107/><G107/><T21/><AGARI ba="0,0" hai="9,14,15,16,17,21,23,26,30,44,47" m="30775" machi="21" ten="30,3000,0" yaku="8,1,54,1" doraHai="94" who="0" fromWho="0" sc="120,30,235,-10,309,-10,336,-10" /><INIT seed="4,1,0,2,4,118" ten="150,225,299,326" oya="0" hai0="134,1,86,72,4,58,76,22,23,35,40,75,66" hai1="93,56,98,102,60,24,113,15,71,49,8,21,121" hai2="5,46,127,132,20,70,39,50,42,110,51,135,111" hai3="78,79,37,33,55,77,112,128,64,124,41,129,99"/><T107/><D35/><U96/><E71/><V67/><F5/><W130/><G33/><T83/><D107/><U97/><E113/><V19/><F19/><W69/><G112/><T11/><D134/><N who="2" m="51242" /><F20/><W38/><G124/><T131/><D131/><U65/><E49/><N who="2" m="18443" /><F127/><W87/><G41/><T48/><D75/><U32/><E32/><V120/><F120/><W57/><G87/><T117/><D117/><U9/><E121/><V126/><F126/><W6/><G64/><T10/><D10/><U36/><E36/><V14/><F14/><W89/><G69/><T85/><D85/><U30/><REACH who="1" step="1"/><E8/><REACH who="1" step="2"/><V7/><F70/><W26/><G38/><T62/><D72/><U84/><E84/><V0/><F39/><W90/><G37/><T108/><D108/><U18/><AGARI ba="1,1" hai="9,15,18,21,24,30,56,60,65,93,96,97,98,102" machi="18" ten="20,12000,2" yaku="1,1,0,1,7,1,25,2,8,1,53,0" doraHai="118" doraHaiUra="31" who="1" fromWho="1" sc="150,-61,215,133,299,-31,326,-31" /><INIT seed="5,0,0,5,4,52" ten="89,348,268,295" oya="1" hai0="0,53,80,74,100,47,18,90,62,11,55,68,17" hai1="82,107,105,77,87,66,24,122,59,23,51,84,83" hai2="46,89,31,114,67,9,86,119,60,129,127,5,78" hai3="15,63,39,29,125,134,58,109,94,33,101,69,93"/><U19/><E122/><V123/><F123/><W85/><G39/><T7/><D100/><U128/><E128/><V132/><F119/><W44/><G109/><T99/><D68/><U120/><E120/><V110/><F129/><W57/><G125/><T25/><D25/><U91/><REACH who="1" step="1"/><E51/><REACH who="1" step="2"/><V61/><F127/><W28/><G134/><T121/><D121/><U54/><E54/><V36/><F132/><W111/><G111/><T81/><D55/><U56/><E56/><N who="3" m="21610" /><G69/><T92/><D62/><AGARI ba="0,1" hai="19,23,24,59,62,66,77,82,83,84,87,91,105,107" machi="62" ten="40,7700,0" yaku="1,1,52,1,53,1" doraHai="52" doraHaiUra="14" who="1" fromWho="0" sc="89,-77,338,87,268,0,295,0" /><INIT seed="5,1,0,0,2,119" ten="12,425,268,295" oya="1" hai0="20,26,78,93,63,11,16,130,123,47,61,19,13" hai1="88,105,5,117,37,54,85,0,132,23,124,131,94" hai2="129,22,92,134,106,121,120,59,102,97,18,8,125" hai3="118,90,91,71,86,21,56,4,38,52,49,30,58"/><U7/><E117/><V36/><F36/><W81/><G38/><T33/><D78/><U17/><E105/><V110/><F110/><W82/><G71/><T24/><D130/><U44/><E131/><V84/><F129/><W1/><G118/><T45/><D93/><U109/><E109/><V42/><F42/><W67/><G1/><T27/><D33/><U53/><E132/><V135/><F125/><W35/><G35/><T101/><D101/><U39/><E124/><V29/><F59/><W25/><G4/><T31/><D123/><U9/><E5/><V99/><F29/><W6/><G6/><N who="0" m="3319" /><D45/><U74/><E74/><V83/><F8/><W14/><G14/><N who="0" m="9239" /><D63/><U112/><E112/><V89/><F18/><W46/><G67/><T107/><D47/><U116/><E116/><V111/><F22/><W103/><G103/><T65/><D107/><U104/><E104/><V108/><F111/><W77/><G77/><T115/><D65/><U3/><E3/><V96/><F96/><W2/><G2/><T40/><D40/><U28/><E39/><V113/><F113/><W12/><G12/><T15/><D61/><U10/><E44/><V80/><F108/><W70/><G70/><T64/><D64/><U34/><E37/><V122/><F80/><W60/><G60/><T114/><D114/><U41/><E41/><V57/><F57/><W79/><REACH who="3" step="1"/><G91/><AGARI ba="1,0" hai="83,84,89,91,92,97,99,102,106,120,121,122,134,135" machi="91" ten="40,12000,2" yaku="34,3,52,3" doraHai="119" who="2" fromWho="3" sc="12,0,425,0,268,123,295,-123" /><INIT seed="6,0,0,1,4,53" ten="12,425,391,172" oya="2" hai0="85,21,47,125,0,48,100,23,38,20,40,109,15" hai1="41,64,69,59,124,135,61,127,7,35,82,81,116" hai2="25,14,98,104,4,5,117,26,76,34,13,22,132" hai3="92,75,9,113,50,89,71,60,78,131,18,126,31"/><V43/><F117/><W79/><G126/><N who="1" m="48170" /><E116/><V29/><F43/><W99/><G131/><T95/><D0/><U115/><E35/><V107/><F76/><W134/><G134/><T97/><D109/><U54/><E135/><V67/><F132/><W70/><G113/><T30/><D125/><U86/><E115/><V93/><F67/><W39/><G39/><T83/><D38/><U57/><E41/><V105/><F5/><W10/><G75/><T102/><D102/><U33/><E33/><V118/><F118/><W42/><G70/><T106/><D106/><U49/><E7/><V77/><F77/><W91/><G31/><T73/><D73/><U111/><E111/><V11/><F14/><W133/><G133/><T119/><D119/><U122/><E122/><V96/><REACH who="2" step="1"/><F93/><REACH who="2" step="2"/><N who="3" m="56751" /><G71/><T112/><D112/><U72/><E72/><V130/><F130/><W8/><G60/><T1/><D1/><U55/><E86/><V88/><F88/><W32/><G42/><T36/><D36/><U62/><AGARI ba="0,1" hai="49,54,55,57,59,61,62,64,69,81,82" m="48170" machi="62" ten="30,4000,0" yaku="18,1,52,2" doraHai="53" who="1" fromWho="1" sc="12,-10,425,50,381,-20,172,-10" /><INIT seed="7,0,0,1,2,128" ten="2,475,361,162" oya="3" hai0="117,34,38,121,101,77,94,41,72,126,8,17,22" hai1="32,71,49,124,13,90,115,112,27,99,69,60,96" hai2="93,85,79,9,5,68,64,113,50,48,95,132,103" hai3="73,52,45,86,83,31,75,0,14,40,57,110,127"/><W78/><G0/><T70/><D34/><U82/><E124/><V131/><F68/><W125/><G31/><T44/><D70/><U26/><E69/><V46/><F64/><W12/><G110/><T39/><D121/><U36/><E36/><V3/><F131/><W29/><G29/><T7/><D126/><N who="3" m="48137" /><G75/><T37/><D117/><U58/><E71/><V11/><F3/><W54/><G73/><T88/><D101/><U6/><E96/><V81/><F113/><N who="1" m="43593" /><E49/><V28/><F28/><W15/><G57/><T66/><D66/><N who="1" m="39191" /><E32/><V2/><F9/><W62/><G62/><T1/><D17/><U107/><E107/><V120/><F120/><W33/><G33/><T47/><D47/><U118/><E118/><V123/><F123/><W51/><G54/><T92/><D92/><N who="1" m="56727" /><E82/><V18/><F2/><W19/><G40/><T114/><D22/><U87/><E87/><V56/><F11/><AGARI ba="0,0" hai="6,11,13,26,27" m="56727,39191,43593" machi="11" ten="30,1000,0" yaku="15,1" doraHai="128" who="1" fromWho="2" sc="2,0,475,10,361,-10,162,0" owari="2,-50,485,59,351,15,162,-24" /></mjloggm>