<mjloggm ver="2.3"><GO type="193"/><UN n0="%E3%81%84%E3%83%BC%E3%81%95%E3%82%93" n1="%E3%82%A6%E3%83%AB%E3%83%88%E3%83%A9%E7%AB%8B%E7%9B%B4" n2="%53%2E%53%2E%49" n3="%E5%BC%BE%E4%B8%B8%E3%83%A9%E3%83%B3%E3%83%8A%E3%83%BC" dan="11,12,12,12" rate="1679,1756,1656,1936" sx="M,M,M,M"/><TAIKYOKU oya="0"/><INIT seed="0,0,0,4,3,77" ten="250,250,250,250" oya="0" hai0="98,67,44,21,26,4,110,118,131,84,70,65,89" hai1="134,6,59,8,86,16,108,101,17,72,69,5,55" hai2="14,132,129,83,23,80,41,111,96,121,56,25,133" hai3="93,127,124,107,62,75,113,128,122,125,99,71,87" shuffle="mt19937ar,EA494172,EBE145C3,00B0E450,BC1D36B2,19E6157A,3D62ED60,A999EB4C,E03B490B"/><T53/><D118/><U106/><E72/><V135/><F121/><W39/><G122/><T74/><D74/><U38/><E69/><V52/><F111/><W2/><G2/><T11/><D110/><U29/><E38/><V10/><F41/><W79/><G39/><T73/><D73/><U42/><E42/><V50/><F96/><W64/><G113/><T85/><D131/><U90/><E101/><V13/><F13/><W104/><G128/><T37/><D37/><U28/><E106/><V119/><F119/><W95/><G75/><T43/><D70/><U100/><E100/><V46/><F46/><W57/><G71/><T19/><D53/><U112/><E134/><V109/><F109/><W126/><G126/><T7/><D98/><U94/><E112/><V35/><F35/><W45/><G45/><T12/><D7/><N who="1" m="2571" /><E108/><V49/><F49/><W102/><REACH who="3" step="1"/><G95/><REACH who="3" step="2"/><T120/><D120/><U91/><E94/><V18/><REACH who="2" step="1"/><F129/><REACH who="2" step="2"/><W1/><G1/><T103/><D103/><U27/><E59/><V92/><F92/><W78/><G78/><T47/><D47/><U68/><E68/><V88/><F88/><W105/><G105/><T115/><D115/><U20/><E90/><V114/><F114/><W48/><G48/><T51/><D85/><U30/><E91/><V81/><F81/><AGARI ba="0,2" hai="57,62,64,79,81,87,93,99,102,104,107,124,125,127" machi="81" ten="40,5200,0" yaku="1,1,18,1,52,1,53,0" doraHai="77" doraHaiUra="130" who="3" fromWho="2" sc="250,0,250,0,240,-52,240,72" /><AGARI ba="0,0" hai="4,11,12,19,21,26,43,44,51,65,67,81,84,89" machi="81" ten="30,5800,0" yaku="7,1,8,1,52,1" doraHai="77" who="0" fromWho="2" sc="250,58,250,0,188,-58,312,0" /><INIT seed="0,1,0,1,4,50" ten="308,250,130,312" oya="0" hai0="1,73,92,60,118,135,121,87,123,55,33,22,26" hai1="23,58,11,75,16,101,30,45,70,91,115,126,29" hai2="99,83,77,57,43,28,68,61,36,130,6,44,71" hai3="110,116,97,93,4,105,12,14,3,35,104,42,113" shuffle="mt19937ar,4E997503,15D86AFD,ACE4950F,16D2A0EC,D0D04002,8FF75C6F,31171236,38AAEE32"/><T32/><D118/><U79/><E70/><V19/><F130/><W5/><G116/><T21/><D73/><U84/><E115/><V10/><F28/><W74/><G113/><T13/><D1/><U127/><E101/><V119/><F99/><W9/><G35/><T112/><D112/><U51/><E79/><V98/><F98/><W111/><G74/><T25/><D92/><U37/><E75/><V67/><F19/><W106/><G5/><T17/><D87/><U133/><E37/><V120/><F120/><W128/><G128/><T102/><D102/><U82/><E58/><V85/><F119/><W47/><G47/><T96/><D96/><U65/><E65/><V78/><F77/><W34/><G34/><T72/><D72/><U8/><E133/><V48/><REACH who="2" step="1"/><F36/><REACH who="2" step="2"/><W40/><G97/><T62/><D123/><U20/><E30/><V76/><F76/><W54/><G4/><T122/><D121/><U56/><E29/><V24/><F24/><W86/><G86/><T27/><D122/><U0/><E11/><V125/><F125/><W7/><G9/><T18/><D135/><U95/><E126/><V132/><F132/><W108/><G7/><T53/><D13/><AGARI ba="1,1" hai="6,10,13,43,44,48,57,61,67,68,71,78,83,85" machi="13" ten="30,7700,0" yaku="1,1,7,1,25,2,53,0" doraHai="50" doraHaiUra="94" who="2" fromWho="0" sc="308,-80,250,0,120,90,312,0" /><INIT seed="1,0,0,0,5,79" ten="228,250,210,312" oya="1" hai0="93,102,43,67,9,64,99,26,73,115,106,48,81" hai1="120,56,34,92,131,0,71,18,62,94,16,82,112" hai2="38,55,58,54,117,91,132,90,45,122,42,125,133" hai3="126,76,72,121,25,68,124,44,114,8,32,130,103" shuffle="mt19937ar,F01FAF32,4C9DCB25,1C704C78,5772A0E2,2951E571,5716C5CD,7F9E1E3F,CF84C583"/><U7/><E71/><V134/><F122/><W41/><G121/><T108/><D115/><U88/><E112/><V3/><F3/><W14/><G114/><T21/><D108/><U83/><E34/><V101/><F101/><W77/><G103/><T10/><D73/><U95/><E0/><V27/><F117/><W69/><G130/><T110/><D81/><N who="1" m="30731" /><E7/><V51/><F125/><N who="3" m="48235" /><G72/><T123/><D110/><U74/><E74/><V78/><F78/><N who="3" m="30315" /><G25/><T61/><D43/><U87/><E131/><V113/><F113/><W100/><G32/><T15/><D48/><U70/><E70/><V59/><REACH who="2" step="1"/><F27/><REACH who="2" step="2"/><W135/><G100/><T35/><D106/><U89/><E120/><V109/><F109/><W50/><G135/><T28/><D123/><U116/><E116/><V86/><F86/><W47/><G47/><T129/><D35/><U2/><E2/><V107/><F107/><W111/><G111/><T105/><D129/><U75/><E75/><V104/><F104/><W127/><G127/><T30/><D105/><U53/><E92/><V46/><F46/><W24/><G24/><T98/><D98/><AGARI ba="0,1" hai="16,18,53,56,62,87,88,89,94,95,98" m="30731" machi="98" ten="30,18000,2" yaku="8,1,52,3,54,2" doraHai="79" who="1" fromWho="0" sc="228,-180,250,190,200,0,312,0" /><INIT seed="1,1,0,5,0,17" ten="48,440,200,312" oya="1" hai0="34,24,88,134,98,61,35,85,82,130,62,127,2" hai1="70,101,109,29,81,95,89,45,128,58,96,18,8" hai2="6,102,114,105,32,28,75,25,122,78,54,40,60" hai3="74,22,13,5,39,4,104,9,41,119,77,16,23" shuffle="mt19937ar,F11CE5FF,853251A3,12B6487A,404DBE35,3AB107FC,DD8D8840,A41ADF5D,D9465763"/><U31/><E70/><V66/><F114/><W26/><G119/><T65/><D2/><U80/><E128/><V108/><F108/><W68/><G68/><T21/><D130/><U121/><E121/><V94/><F122/><W123/><G104/><T106/><D134/><U19/><E109/><V87/><F40/><W115/><G115/><T83/><D127/><U52/><E45/><V126/><F126/><W0/><G123/><T97/><D106/><U55/><E55/><V117/><F6/><W30/><G41/><T69/><D62/><U73/><E73/><V103/><F103/><W99/><G99/><T91/><D35/><U57/><E57/><V59/><F117/><W110/><G110/><T100/><D34/><U33/><E33/><V12/><F12/><W11/><G39/><T48/><D48/><U84/><E81/><V56/><F75/><W93/><G74/><T92/><D98/><U120/><E120/><V51/><F78/><W125/><G77/><T131/><D131/><U132/><E132/><V37/><F87/><W49/><G49/><T129/><D129/><U63/><E19/><V107/><REACH who="2" step="1"/><F37/><REACH who="2" step="2"/><W71/><G125/><T135/><D135/><U111/><E111/><V113/><F113/><W42/><G42/><T20/><D24/><U1/><E1/><V14/><F14/><AGARI ba="1,1" hai="8,14,18,29,31,52,58,63,80,84,89,95,96,101" machi="14" ten="40,3900,0" yaku="8,1,54,1" doraHai="17" who="1" fromWho="2" sc="48,0,440,52,190,-42,312,0" /><INIT seed="1,2,0,4,5,73" ten="48,492,148,312" oya="1" hai0="76,46,57,83,26,4,100,114,95,15,82,23,111" hai1="70,60,44,129,35,135,33,37,53,25,107,71,16" hai2="40,96,7,28,81,30,133,115,79,87,3,67,127" hai3="88,48,32,92,47,103,94,45,42,86,72,27,50" shuffle="mt19937ar,1F68D677,043DD3CB,0166F62C,3EA8640C,824C8191,763D6302,4C3F6920,1B6D63F5"/><U128/><E107/><V29/><F133/><W126/><G72/><T66/><D114/><U1/><E1/><V97/><F127/><W121/><G126/><T18/><D111/><U65/><E35/><V43/><F115/><W39/><G121/><T93/><D46/><U58/><E33/><V49/><F67/><W108/><G108/><T77/><D66/><U24/><E24/><V84/><F3/><W19/><G32/><T98/><D57/><U104/><E104/><V21/><F7/><W119/><G119/><T106/><D106/><U31/><E31/><V34/><F34/><W122/><G122/><T74/><D74/><U118/><E118/><V12/><F49/><W116/><G116/><T22/><D4/><U0/><E0/><V14/><F21/><N who="3" m="13759" /><G39/><T90/><D90/><U110/><E110/><V13/><REACH who="2" step="1"/><F87/><REACH who="2" step="2"/><W112/><G112/><T11/><D93/><U120/><E120/><V20/><F20/><W61/><G94/><T52/><D52/><U55/><E135/><V101/><F101/><W130/><G103/><T38/><D38/><U102/><E102/><V131/><F131/><W5/><G130/><N who="1" m="50282" /><E53/><V99/><AGARI ba="2,1" hai="12,13,14,28,29,30,40,43,79,81,84,96,97,99" machi="99" ten="40,12000,2" yaku="1,1,0,1,29,2,8,1,52,1,53,0" doraHai="73" doraHaiUra="17" who="2" fromWho="2" sc="48,-32,492,-62,138,136,312,-32" /><INIT seed="2,0,0,5,1,63" ten="16,430,274,280" oya="2" hai0="87,35,86,122,128,45,121,16,52,72,117,85,46" hai1="134,13,70,64,112,126,69,43,113,97,62,80,65" hai2="53,38,34,28,18,15,104,25,88,96,74,39,71" hai3="79,105,119,118,1,68,124,111,54,17,27,133,66" shuffle="mt19937ar,1D509CD7,ADE02C9D,3C46EEEF,2FEC6C1E,D17A5889,4015BD62,76E0550B,E5027B32"/><V129/><F129/><W19/><G1/><T9/><D72/><U67/><E80/><V11/><F71/><N who="1" m="27145" /><E97/><V57/><F74/><W51/><G105/><T20/><D35/><U14/><E62/><V31/><F28/><W132/><G79/><T55/><D128/><U101/><E101/><V95/><REACH who="2" step="1"/><F104/><REACH who="2" step="2"/><W12/><G118/><T61/><D117/><U81/><E113/><V10/><F10/><W21/><G119/><T5/><D61/><AGARI ba="0,1" hai="11,15,18,25,31,34,38,39,53,57,61,88,95,96" machi="61" ten="30,5800,0" yaku="1,1,7,1,54,1,53,0" doraHai="63" doraHaiUra="115" who="2" fromWho="0" sc="16,-58,430,0,264,68,280,0" owari="-42,-44,430,43,332,8,280,-7" /></mjloggm>