<mjloggm ver="2.3"><GO type="193"/><UN n0="%E9%A7%BF%E4%B8%80" n1="%E3%82%A4%E3%83%A9%E3%83%83%E2%98%86" n2="%E3%81%A1%E3%81%A3%E3%81%8F" n3="%E3%82%A6%E3%83%AB%E3%83%88%E3%83%A9%E7%AB%8B%E7%9B%B4" dan="12,11,11,12" rate="1579,1649,1627,1810" sx="M,F,M,M"/><TAIKYOKU oya="0"/><INIT seed="0,0,0,3,3,110" ten="250,250,250,250" oya="0" hai0="73,11,98,34,80,96,75,30,125,107,15,77,116" hai1="14,123,6,115,31,87,129,106,41,88,32,108,130" hai2="54,7,44,64,102,57,52,128,0,111,8,74,62" hai3="58,65,66,76,40,19,46,10,37,18,33,71,5" shuffle="mt19937ar,F9865AFE,D88F70A3,03F975B1,69C733F1,6EC964EF,F1F88E97,756FDAC9,97C88E9F"/><T103/><D34/><U119/><E106/><V35/><F74/><W90/><G33/><T104/><D116/><U97/><E123/><V20/><F111/><W72/><G71/><T4/><D30/><U29/><E119/><V22/><F35/><W68/><G68/><T42/><D125/><U53/><E108/><V126/><F126/><W113/><G90/><T60/><D42/><U12/><E97/><V21/><F128/><W93/><G93/><T124/><D124/><U26/><E31/><V24/><F102/><W63/><G66/><T94/><D60/><U3/><E41/><V127/><F127/><W118/><G118/><T112/><D112/><U86/><E87/><V55/><REACH who="2" step="1"/><F44/><REACH who="2" step="2"/><W38/><G38/><T132/><D75/><U81/><E130/><V9/><F9/><W120/><G120/><T134/><REACH who="0" step="1"/><D107/><REACH who="0" step="2"/><U84/><E129/><V23/><F23/><W56/><G113/><T51/><D51/><U59/><E32/><V85/><F85/><W83/><REACH who="3" step="1"/><G56/><REACH who="3" step="2"/><T92/><D92/><U28/><E115/><V101/><F101/><AGARI ba="0,3" hai="4,11,15,73,77,80,94,96,98,101,103,104,132,134" machi="101" ten="40,2000,0" yaku="1,1,53,0" doraHai="110" doraHaiUra="27" who="0" fromWho="2" sc="240,50,250,0,240,-20,240,0" /><INIT seed="0,1,0,5,3,104" ten="290,250,220,240" oya="0" hai0="30,111,41,35,57,46,29,11,26,50,102,81,59" hai1="6,74,3,40,135,56,62,20,12,52,7,55,60" hai2="33,87,112,118,134,132,18,5,66,110,44,39,90" hai3="70,2,15,93,31,25,42,125,63,116,71,83,64" shuffle="mt19937ar,B9C83537,E67A3ADD,CD2F621E,645CF2D1,EF9B3388,8F3834A4,F904ADCC,F64159D4"/><T109/><D102/><U16/><E135/><N who="2" m="51755" /><F112/><W24/><G2/><T79/><D30/><U61/><E40/><V107/><F107/><W101/><G116/><T114/><D11/><U91/><E6/><V76/><F33/><W47/><G125/><T8/><D8/><BYE who="0" /><U121/><E121/><V128/><F110/><W10/><G93/><T43/><D43/><U130/><E130/><V65/><F5/><W54/><G101/><T96/><D96/><U17/><E7/><V21/><F128/><W9/><G54/><T97/><D97/><U120/><E3/><V106/><F106/><W86/><G71/><T68/><D68/><U100/><E100/><V58/><F118/><W131/><G131/><T22/><D22/><U4/><E4/><V77/><F39/><UN n0="%E9%A7%BF%E4%B8%80" /><W92/><G92/><T113/><D114/><U82/><E120/><V105/><F105/><W72/><G15/><T27/><D113/><U88/><E17/><V51/><F58/><W126/><G126/><T34/><D27/><U95/><E95/><N who="2" m="54751" /><F65/><W85/><G9/><T89/><D89/><N who="1" m="34379" /><E74/><V23/><F66/><W94/><G10/><T103/><D103/><U67/><E82/><V119/><F119/><W49/><G94/><T78/><D78/><N who="2" m="30314" /><F18/><W108/><G108/><N who="0" m="41547" /><D35/><U48/><E67/><V123/><F123/><W124/><G124/><T73/><AGARI ba="1,0" hai="26,29,34,41,46,50,57,59,73,79,81" m="41547" machi="73" ten="30,6000,0" yaku="14,1,10,1,52,1" doraHai="104" who="0" fromWho="0" sc="290,63,250,-21,220,-21,240,-21" /><INIT seed="0,2,0,5,2,102" ten="353,229,199,219" oya="0" hai0="8,59,56,96,125,63,45,14,47,70,50,5,35" hai1="11,78,18,95,118,112,27,80,33,122,52,135,84" hai2="24,43,41,38,124,9,101,106,46,7,120,20,73" hai3="133,98,55,51,132,75,49,91,62,16,19,36,121" shuffle="mt19937ar,1AD1FB55,D1673697,26899C45,A171B726,117FAD68,BA1FF40D,9B3ED59A,8A64513D"/><T129/><D35/><U31/><E122/><V57/><F120/><W54/><G75/><T100/><D129/><U107/><E118/><V23/><F73/><W10/><G121/><T74/><D125/><U68/><E135/><N who="3" m="51786" /><G36/><T32/><D74/><U85/><E68/><V12/><F124/><W39/><G39/><T76/><D32/><U71/><E71/><V61/><F41/><W22/><G10/><T134/><D76/><U83/><E112/><V99/><REACH who="2" step="1"/><F24/><REACH who="2" step="2"/><W105/><G55/><AGARI ba="2,1" hai="7,9,12,20,23,38,43,46,55,57,61,99,101,106" machi="55" ten="30,8000,1" yaku="1,1,2,1,7,1,52,1,53,1" doraHai="102" doraHaiUra="103" who="2" fromWho="3" sc="353,0,229,0,189,96,219,-86" /><INIT seed="1,0,0,3,4,14" ten="353,229,285,133" oya="1" hai0="50,36,43,35,32,117,70,110,1,71,9,91,128" hai1="75,104,103,119,72,106,120,118,125,30,115,33,99" hai2="135,64,85,59,78,46,92,95,94,10,41,101,126" hai3="121,97,4,6,31,122,131,83,93,69,79,105,18" shuffle="mt19937ar,A99D0029,9209C5BD,511E5419,2A159047,71ACA1C8,8F778DB6,BFA98682,56AA2645"/><U84/><E120/><V56/><F126/><W67/><G105/><T17/><D117/><U63/><E115/><V96/><F135/><W65/><G131/><T100/><D110/><U57/><E125/><V29/><F29/><W89/><G31/><T113/><D113/><U68/><E106/><V58/><F64/><W13/><G6/><T25/><D128/><U39/><E84/><V73/><F73/><W27/><G67/><T129/><D36/><U3/><E3/><V0/><F0/><W19/><G65/><T66/><D129/><U80/><E39/><V8/><F78/><W11/><G69/><T28/><D100/><U5/><E5/><V38/><REACH who="2" step="1"/><F85/><REACH who="2" step="2"/><W23/><REACH who="3" step="1"/><G4/><REACH who="3" step="2"/><T112/><D66/><U49/><E119/><V52/><F52/><W81/><G81/><T22/><D112/><U45/><E80/><V124/><F124/><W40/><G40/><T61/><D43/><U114/><E118/><V107/><AGARI ba="0,2" hai="8,10,38,41,46,56,58,59,92,94,95,96,101,107" machi="107" ten="30,2000,0" yaku="1,1,0,1,53,0" doraHai="14" doraHaiUra="82" who="2" fromWho="2" sc="353,-5,229,-10,275,40,123,-5" /><INIT seed="2,0,0,1,3,130" ten="348,219,315,118" oya="2" hai0="85,129,110,52,25,67,64,2,113,1,11,133,4" hai1="60,99,54,5,132,101,26,3,120,109,27,49,34" hai2="19,93,72,104,51,56,32,14,68,57,12,16,59" hai3="92,47,35,71,83,62,81,38,97,29,74,115,53" shuffle="mt19937ar,8ABBE50E,12798067,BA950A7C,F6B677CA,7079AF3F,F49FABCD,1EFA17F2,82493E4F"/><V100/><F72/><W118/><G115/><T73/><D113/><U9/><E120/><V135/><F68/><W10/><G118/><T24/><D73/><U76/><E109/><V131/><F32/><W63/><G29/><T121/><D121/><U78/><E27/><V43/><F104/><W0/><G35/><T91/><D110/><U134/><E60/><V36/><F36/><W116/><G116/><T69/><D129/><U41/><E26/><V126/><F131/><W28/><G28/><T15/><D133/><N who="1" m="51307" /><E41/><V80/><F126/><W7/><G53/><T82/><D2/><U46/><E34/><V119/><F119/><W103/><G81/><T40/><D1/><U89/><E89/><V50/><F80/><W44/><G71/><T8/><D40/><U6/><E6/><V127/><F127/><W114/><G114/><T112/><D112/><U107/><AGARI ba="0,0" hai="3,5,9,46,49,54,76,78,99,101,107" m="51307" machi="107" ten="30,7900,0" yaku="20,1,52,3" doraHai="130" who="1" fromWho="1" sc="348,-20,219,79,315,-39,118,-20" /><INIT seed="3,0,0,5,2,94" ten="328,298,276,98" oya="3" hai0="16,101,134,133,97,32,21,105,73,62,86,41,93" hai1="47,18,81,61,44,84,131,132,109,14,127,100,34" hai2="50,95,13,31,90,80,96,77,49,65,121,42,5" hai3="46,29,63,43,123,28,24,20,112,33,54,15,66" shuffle="mt19937ar,A0C817F3,4694FDE7,88F5392A,A402D885,8A033EE5,9F9BF5A2,FA3C60E2,846ADEC7"/><W111/><G123/><T35/><D73/><U55/><E34/><V40/><F65/><W117/><G117/><T64/><D41/><U22/><E127/><V130/><F31/><W85/><G112/><T48/><D86/><U17/><E132/><N who="0" m="50793" /><D48/><U78/><E131/><V104/><F130/><W2/><G2/><T119/><D105/><U39/><E109/><V56/><F121/><W74/><G74/><T91/><D91/><U37/><E39/><V125/><F125/><W76/><G111/><T129/><D129/><U51/><E37/><V120/><F120/><W45/><G54/><T30/><D30/><U124/><E61/><V38/><F38/><W108/><G108/><T10/><D10/><N who="1" m="6359" /><E100/><V57/><F104/><W115/><G115/><T88/><D101/><U7/><E7/><V89/><F77/><W82/><G43/><N who="2" m="16425" /><F80/><W116/><G116/><T110/><D110/><U4/><E4/><V69/><F69/><W98/><G98/><T25/><D119/><U3/><E3/><V87/><F5/><W107/><G107/><T58/><AGARI ba="0,0" hai="16,21,25,32,35,58,62,64,88,93,97" m="50793" machi="58" ten="30,7900,0" yaku="20,1,52,1,54,2" doraHai="94" who="0" fromWho="0" sc="328,79,298,-20,276,-20,98,-39" owari="407,40,278,3,256,-9,59,-34" /></mjloggm>