<mjloggm ver="2.3"><GO type="41"/><UN n0="%E3%82%A6%E3%83%AB%E3%83%88%E3%83%A9%E7%AB%8B%E7%9B%B4" n1="%E3%83%A2%E3%83%B3%E3%83%A2%E3%83%B3%E2%99%AA" n2="%73%74%65%40%6C%74%68" n3="%E4%B8%B8%E4%B8%B8" dan="13,15,14,14" rate="1839,1962,1960,1864" sx="M,M,M,M"/><TAIKYOKU oya="0"/><INIT seed="0,0,0,5,5,98" ten="250,250,250,250" oya="0" hai0="2,62,17,70,102,22,110,18,106,50,66,63,8" hai1="80,37,26,20,126,94,77,125,60,71,119,43,117" hai2="30,34,58,114,31,42,120,38,15,99,121,89,111" hai3="51,44,128,76,103,33,3,93,52,90,54,84,86"/><T11/><D110/><U29/><E94/><V81/><F42/><W10/><G128/><T59/><D50/><U78/><E37/><V95/><F38/><W9/><G33/><T127/><D127/><N who="1" m="48651" /><E43/><V27/><F30/><W46/><G3/><T72/><D72/><N who="1" m="43047" /><E78/><V64/><F81/><W25/><G25/><T131/><D131/><U130/><E130/><V12/><F114/><W118/><G118/><T39/><D39/><U61/><E61/><V16/><F12/><W35/><G35/><T112/><D112/><U24/><E24/><V36/><F36/><W73/><G73/><T134/><D134/><U55/><E55/><V104/><F104/><W56/><G44/><T67/><D2/><U123/><E123/><V5/><F111/><W85/><G76/><T87/><D87/><U1/><E1/><V88/><F5/><W4/><G4/><T6/><D6/><U0/><E0/><V23/><REACH who="2" step="1"/><F89/><REACH who="2" step="2"/><W28/><G90/><T49/><D18/><U92/><E117/><V122/><F122/><W21/><G28/><T47/><D17/><U115/><E119/><V14/><F14/><W96/><REACH who="3" step="1"/><G21/><REACH who="3" step="2"/><T74/><D22/><U13/><E115/><V7/><F7/><W41/><G41/><N who="0" m="24815" /><D74/><U133/><E13/><V19/><F19/><W105/><G105/><T132/><D132/><U40/><E40/><V65/><F65/><W107/><G107/><T116/><D116/><U68/><E133/><V135/><F135/><W113/><G113/><T100/><D106/><U109/><E109/><V32/><F32/><W124/><G124/><T83/><D83/><RYUUKYOKU ba="0,2" sc="250,10,250,-30,240,10,240,10" hai0="8,11,59,62,63,66,67,70,100,102" hai2="15,16,23,27,31,34,58,64,88,95,99,120,121" hai3="9,10,46,51,52,54,56,84,85,86,93,96,103" /><INIT seed="0,1,2,2,2,34" ten="260,220,250,250" oya="0" hai0="87,26,71,101,88,66,6,30,111,129,44,96,9" hai1="31,92,10,64,16,25,18,28,39,27,134,80,103" hai2="98,106,73,50,94,93,90,130,17,86,99,89,125" hai3="68,82,22,67,72,79,36,1,62,20,2,120,133"/><T13/><D111/><U122/><E39/><V105/><F50/><W83/><G83/><T91/><D129/><U112/><E122/><V85/><F17/><W100/><G120/><T59/><D59/><U131/><E64/><V11/><F11/><W70/><G22/><T127/><D127/><U76/><E131/><V41/><F41/><W55/><G55/><T128/><D128/><U29/><E103/><V109/><F130/><W124/><G70/><T33/><D87/><N who="2" m="33290" /><F109/><W32/><G20/><T61/><REACH who="0" step="1"/><D44/><REACH who="0" step="2"/><U54/><E112/><V14/><F125/><W40/><G124/><T117/><D117/><U12/><E134/><V97/><F14/><W60/><G133/><T102/><D102/><U113/><E113/><V46/><F46/><N who="3" m="23815" /><G100/><T3/><D3/><N who="3" m="1033" /><G62/><T126/><D126/><U47/><E27/><V78/><F99/><W110/><G110/><T45/><D45/><U104/><E25/><V57/><F57/><W56/><G56/><T69/><D69/><U4/><E47/><V81/><AGARI ba="1,3" hai="73,78,81,89,90,93,94,97,98,105,106" m="33290" machi="81" ten="30,8000,1" yaku="35,5" doraHai="34" who="2" fromWho="2" sc="250,-41,220,-21,250,113,250,-21" /><INIT seed="1,0,0,1,4,130" ten="209,199,363,229" oya="1" hai0="29,42,6,14,83,118,41,20,92,76,66,121,128" hai1="120,110,2,44,81,124,18,62,132,67,32,39,27" hai2="103,95,89,55,106,43,127,119,23,100,113,34,22" hai3="105,40,3,11,60,85,64,133,48,19,73,33,50"/><U112/><E2/><V10/><F34/><W107/><G73/><T101/><D121/><U21/><E120/><V1/><F119/><W116/><G33/><T117/><D66/><U12/><E112/><V97/><F103/><W13/><G116/><T74/><D128/><U59/><E81/><V104/><F113/><W30/><G133/><T102/><D29/><U24/><E132/><V129/><F106/><W90/><G30/><T84/><D20/><U5/><E124/><V45/><F55/><W57/><G3/><T134/><D134/><U94/><E110/><V53/><F53/><W15/><G40/><T72/><D14/><U69/><E5/><V8/><F127/><W16/><G107/><T115/><D6/><U80/><E32/><V111/><F111/><W135/><G135/><T38/><D38/><U51/><E39/><V109/><F109/><W131/><G105/><T52/><D52/><N who="1" m="29799" /><E69/><V75/><F1/><W58/><G58/><T56/><D56/><U96/><E80/><V114/><F75/><N who="0" m="28714" /><D42/><U49/><E49/><V61/><F43/><W82/><REACH who="3" step="1"/><G131/><REACH who="3" step="2"/><T68/><D41/><U123/><E123/><V17/><F129/><W28/><G28/><T126/><D68/><U63/><E63/><V47/><F61/><W46/><G46/><T99/><D126/><U25/><E25/><V7/><F47/><W125/><G125/><T31/><D115/><U78/><E78/><V35/><F45/><W70/><G70/><T0/><D0/><U54/><E54/><V122/><F114/><W86/><G86/><T36/><D118/><U26/><E26/><RYUUKYOKU ba="0,1" sc="209,-15,199,15,363,-15,219,15" hai1="12,18,21,24,27,59,62,67,94,96" hai3="11,13,15,16,19,48,50,57,60,64,82,85,90" /><INIT seed="1,1,1,5,0,56" ten="194,214,348,234" oya="1" hai0="71,109,6,124,13,72,19,4,52,96,74,27,33" hai1="118,68,45,61,70,105,62,115,42,116,54,39,46" hai2="134,10,67,29,119,130,7,55,133,135,94,60,47" hai3="90,37,83,79,104,2,99,77,26,65,122,76,102"/><U78/><E105/><V1/><F119/><W128/><G37/><T3/><D74/><U24/><E78/><V97/><F130/><W21/><G2/><T103/><D72/><U16/><E24/><V36/><F29/><W20/><G128/><T23/><D71/><N who="1" m="27179" /><E16/><V40/><F36/><W86/><G122/><T38/><D38/><U14/><E14/><V18/><F18/><W58/><G26/><T49/><D3/><U43/><E54/><V32/><F55/><W28/><G28/><T95/><D124/><U129/><E129/><V107/><F32/><W120/><G120/><T117/><D117/><N who="1" m="45163" /><E115/><V98/><F107/><W89/><G58/><T75/><D75/><U88/><E88/><N who="2" m="55495" /><F98/><N who="3" m="61527" /><G65/><T106/><D106/><U34/><E34/><V121/><F121/><W31/><G21/><T113/><D113/><U126/><E126/><V8/><F7/><W112/><G20/><T44/><D33/><U66/><E66/><V15/><F1/><W85/><G31/><T82/><D6/><U12/><E12/><V114/><F15/><W125/><G125/><T25/><D4/><U50/><AGARI ba="1,1" hai="39,42,43,45,46,50,61,62" m="45163,27179" machi="50" ten="30,11700,0" yaku="34,2,52,2" doraHai="56" who="1" fromWho="1" sc="194,-40,214,130,348,-40,234,-40" /><INIT seed="1,2,0,3,5,80" ten="154,344,308,194" oya="1" hai0="114,4,41,24,61,129,86,33,45,78,40,130,100" hai1="135,1,113,132,53,122,108,50,15,8,63,31,68" hai2="64,116,56,117,127,36,23,30,124,55,9,115,101" hai3="105,62,7,95,32,97,118,106,75,76,131,16,17"/><U72/><E1/><V0/><F36/><W48/><G32/><T71/><D114/><U110/><E72/><V91/><F115/><W133/><G131/><N who="0" m="50187" /><D4/><U87/><E31/><V6/><F101/><W39/><G133/><N who="1" m="51274" /><E113/><V5/><F64/><W84/><G39/><T60/><D100/><U52/><E122/><V51/><F6/><W29/><G118/><T74/><D74/><U47/><E87/><V42/><F91/><W111/><G111/><N who="1" m="42538" /><E63/><V22/><F30/><W92/><G7/><T46/><D61/><U103/><E103/><V12/><F0/><W65/><G29/><N who="0" m="19623" /><D86/><U96/><E96/><V57/><F116/><W109/><G109/><T35/><D78/><U98/><E98/><V20/><F117/><W49/><G105/><T28/><D28/><U94/><E94/><N who="3" m="35882" /><G75/><T125/><D35/><U77/><E77/><V66/><F124/><W104/><G104/><T89/><D125/><U123/><E123/><V134/><F134/><W107/><G107/><T37/><D89/><U70/><E53/><V90/><F90/><W73/><G97/><T102/><D102/><U88/><E88/><V126/><F126/><W58/><G106/><T14/><D60/><U82/><E82/><V34/><F127/><W128/><G73/><T99/><D99/><U119/><E119/><V54/><F54/><W44/><G128/><T112/><D112/><U83/><E83/><V85/><F55/><N who="3" m="30087" /><G49/><N who="0" m="26791" /><D71/><U27/><E27/><V59/><F51/><W10/><G76/><T21/><D14/><U79/><E79/><V67/><F12/><W3/><G62/><T93/><D93/><RYUUKYOKU ba="2,0" sc="154,15,344,15,308,-15,194,-15" hai0="21,37,41,46" hai1="8,15,47,50,52,68,70" /><INIT seed="1,3,0,4,3,101" ten="169,359,293,179" oya="1" hai0="14,35,63,17,6,119,23,47,131,22,102,40,30" hai1="89,96,65,113,115,5,81,46,76,83,12,105,135" hai2="18,55,44,98,0,93,10,120,33,126,86,41,124" hai3="133,71,118,92,110,123,9,26,8,121,130,45,4"/><U21/><E65/><V7/><F120/><W68/><G110/><T3/><D63/><U38/><E38/><V56/><F33/><W97/><G133/><T122/><D47/><U116/><E116/><V80/><F124/><W75/><G118/><T70/><D40/><U28/><E135/><V84/><F18/><W32/><G75/><T100/><D102/><U39/><E81/><V91/><F80/><W54/><G130/><T69/><D100/><U29/><E29/><V129/><F129/><W73/><G73/><T48/><D48/><U1/><E1/><V117/><F117/><W95/><G32/><T128/><D70/><U109/><E39/><V127/><F126/><W64/><G64/><T104/><D69/><U108/><E46/><V49/><REACH who="2" step="1"/><F127/><REACH who="2" step="2"/><W25/><G121/><T15/><D122/><U82/><E82/><V114/><F114/><W51/><G123/><T132/><D119/><U87/><E115/><V90/><F90/><W99/><G4/><T125/><D125/><U43/><E113/><V53/><F53/><W88/><G68/><T13/><D132/><U67/><E67/><V19/><F19/><W72/><G71/><T77/><D131/><U85/><E89/><V37/><AGARI ba="3,1" hai="0,7,10,37,41,44,49,55,56,84,86,91,93,98" machi="37" ten="20,2700,0" yaku="1,1,0,1,7,1,53,0" doraHai="101" doraHaiUra="134" who="2" fromWho="2" sc="169,-10,359,-16,283,46,179,-10" /><INIT seed="2,0,0,5,4,135" ten="159,343,329,169" oya="2" hai0="13,75,134,40,130,81,47,54,88,78,56,16,125" hai1="20,65,61,73,76,70,39,29,85,72,129,1,21" hai2="22,90,79,105,124,93,123,121,42,9,62,110,101" hai3="84,28,2,63,112,52,82,18,27,80,120,31,94"/><V11/><F124/><W118/><G118/><T15/><D134/><U69/><E39/><V89/><F79/><W100/><G120/><T24/><D130/><U49/><E1/><V3/><F42/><W30/><G2/><T0/><D0/><U43/><E129/><V23/><F105/><W41/><G112/><T37/><D125/><U111/><E70/><V67/><F101/><W83/><G41/><T66/><D66/><U64/><E64/><V58/><F110/><W77/><G100/><T53/><D24/><U74/><E111/><V109/><F109/><W107/><G107/><T33/><D33/><U96/><E96/><V10/><F3/><W44/><G94/><T126/><D126/><U12/><E29/><V95/><F95/><W132/><G132/><T14/><D54/><U92/><E12/><V99/><REACH who="2" step="1"/><F90/><REACH who="2" step="2"/><W131/><G131/><T108/><D108/><U32/><E92/><V51/><F51/><W35/><G77/><T34/><D88/><U36/><E49/><V114/><F114/><W17/><G84/><T104/><D104/><U102/><E102/><V46/><F46/><W116/><G116/><T86/><D86/><U60/><E85/><V6/><F6/><W97/><G44/><T68/><D47/><N who="1" m="24039" /><E76/><V7/><F7/><W98/><G98/><T128/><D128/><U91/><E91/><V8/><N who="2" m="2560" /><DORA hai="119" /><V71/><F71/><W122/><G122/><AGARI ba="0,1" hai="22,23,58,62,67,89,93,99,121,122,123" m="2560" machi="122" ten="50,12000,1" yaku="1,1,52,3,53,0" doraHai="135,119" doraHaiUra="106,26" who="2" fromWho="3" sc="159,0,343,0,319,130,169,-120" /><INIT seed="2,1,0,1,0,80" ten="159,343,449,49" oya="2" hai0="45,103,47,13,67,101,78,22,15,133,97,79,89" hai1="56,4,113,46,107,129,0,102,23,70,117,38,25" hai2="29,31,39,1,120,24,35,93,110,43,10,76,60" hai3="41,115,71,105,5,112,114,49,126,100,123,69,59"/><V18/><F120/><W116/><G5/><T131/><D131/><U75/><E70/><V51/><F31/><W48/><G123/><T3/><D3/><U85/><E75/><V125/><F39/><W111/><G100/><T17/><D133/><U134/><E134/><V19/><F125/><W40/><G105/><T16/><D89/><U109/><E129/><V104/><F104/><W98/><G126/><T44/><D67/><U99/><E113/><V82/><F60/><W91/><G91/><T50/><D50/><N who="3" m="19561" /><G98/><T84/><D97/><U42/><E117/><V34/><F34/><W74/><G74/><T106/><D106/><U2/><E4/><V81/><F93/><W57/><G111/><T7/><D7/><U32/><E109/><V92/><F92/><W121/><G121/><T65/><D65/><U9/><E32/><V72/><F82/><W87/><G87/><T55/><D55/><U119/><E119/><V62/><F62/><W33/><G33/><T27/><D27/><U53/><E9/><V36/><F51/><W20/><G20/><T6/><D6/><U30/><E85/><V122/><F122/><W77/><G77/><T94/><D79/><U28/><E28/><V130/><F130/><W54/><G116/><T52/><D52/><U108/><E108/><V64/><F64/><W11/><G11/><T61/><D94/><U14/><E14/><V63/><F110/><W86/><G86/><T68/><D84/><U127/><E127/><V73/><F72/><W83/><G54/><T128/><D78/><U132/><E132/><V124/><F73/><RYUUKYOKU ba="1,0" sc="159,-10,343,30,449,-10,49,-10" hai1="0,2,23,25,30,38,42,46,53,56,99,102,107" /><INIT seed="3,2,0,4,2,49" ten="149,373,439,39" oya="3" hai0="91,7,101,25,30,71,38,76,6,23,72,110,11" hai1="128,53,90,67,129,100,62,73,115,116,56,88,104" hai2="61,130,133,45,31,8,74,34,94,75,114,41,69" hai3="28,134,109,22,50,123,108,51,10,16,93,9,64"/><W59/><G123/><T124/><D71/><U13/><E73/><V17/><F114/><W122/><G122/><T103/><D38/><U14/><E115/><V46/><F46/><W107/><G107/><T58/><D72/><U87/><E116/><V65/><F133/><W102/><G134/><T48/><D76/><U33/><E33/><V52/><F130/><N who="1" m="50281" /><E67/><V1/><F41/><W44/><G28/><T47/><D58/><U21/><E21/><V121/><F121/><W32/><G32/><T27/><D110/><N who="3" m="42601" /><G64/><T79/><D124/><U24/><E24/><V135/><F135/><W54/><G93/><T18/><D79/><U106/><E100/><V81/><F94/><W39/><G39/><T131/><D131/><U83/><E90/><V96/><F31/><W37/><G37/><T99/><D91/><U26/><E26/><V68/><F34/><W3/><G3/><T118/><D118/><U43/><E43/><V80/><F1/><W105/><G102/><T29/><D103/><U77/><E77/><V111/><F111/><W120/><G105/><AGARI ba="2,0" hai="13,14,53,56,62,83,87,88,104,105,106" m="50281" machi="105" ten="30,3900,0" yaku="19,1,52,1,54,1" doraHai="49" who="1" fromWho="3" sc="149,0,373,45,439,0,39,-45" owari="149,-25,418,22,439,54,-6,-51" /></mjloggm>