<mjloggm ver="2.3"><GO type="97"/><UN n0="%66%6C%79%64" n1="%E3%82%A6%E3%83%AB%E3%83%88%E3%83%A9%E7%AB%8B%E7%9B%B4" n2="%E3%83%81%E3%82%AD%E3%83%B3%E3%83%A9%E3%83%B3%E6%95%97%E5%8C%97%E8%80%85" n3="%E9%BA%BB%E9%9B%80%E6%9D%BF%E6%9C%80%E4%B8%8B%E5%B1%A4" dan="15,13,14,14" rate="1936,1854,1912,2007" sx="M,M,M,M"/><TAIKYOKU oya="0"/><INIT seed="0,0,0,3,2,79" ten="250,250,250,250" oya="0" hai0="34,100,66,102,39,12,125,31,60,47,46,8,104" hai1="4,124,5,115,48,74,85,19,44,30,118,20,24" hai2="35,28,132,65,83,3,101,29,21,63,25,11,69" hai3="70,82,7,91,58,75,15,18,10,40,38,59,33" shuffle="mt19937ar,99BC63D8,C1AB58B9,E003CD37,A3B5F545,8BEF9982,CA1100D0,8926555E,C8D9B09F"/><T36/><D125/><U117/><E74/><V52/><F132/><W2/><G70/><T27/><D46/><U116/><E48/><V135/><F135/><W49/><G33/><T9/><D9/><U64/><E44/><V16/><F101/><W51/><G38/><T109/><D109/><U111/><E64/><V98/><F98/><W32/><G32/><T110/><D110/><U77/><E111/><V114/><F114/><W103/><G103/><T122/><D122/><U86/><E86/><V62/><F83/><W94/><G51/><T107/><D100/><U87/><E87/><V96/><F96/><W23/><G40/><T92/><D92/><U53/><E53/><V50/><F63/><W112/><G112/><T120/><D120/><U128/><E115/><V41/><F41/><W80/><G75/><T56/><D47/><U1/><E85/><V57/><REACH who="2" step="1"/><F35/><REACH who="2" step="2"/><W97/><REACH who="3" step="1"/><G49/><REACH who="3" step="2"/><T129/><D107/><U13/><E118/><V93/><F93/><W71/><G71/><T133/><D133/><U84/><E117/><V37/><F37/><W105/><G105/><T22/><D34/><U90/><E116/><V119/><F119/><W61/><G61/><T134/><D134/><U88/><E124/><V76/><F76/><W45/><G45/><T14/><D129/><U121/><E128/><V42/><F42/><W106/><G106/><T68/><D68/><U55/><E77/><V6/><AGARI ba="0,2" hai="3,6,11,16,21,25,28,29,50,52,57,62,65,69" machi="6" ten="30,7900,0" yaku="1,1,0,1,54,2,53,0" doraHai="79" doraHaiUra="127" who="2" fromWho="2" sc="250,-39,250,-20,240,99,240,-20" /><INIT seed="1,0,0,3,1,14" ten="211,230,339,220" oya="1" hai0="69,95,63,50,3,116,112,32,1,72,74,24,67" hai1="59,76,78,5,119,27,97,53,99,42,12,94,70" hai2="29,75,20,77,88,49,127,108,71,11,126,134,115" hai3="18,15,28,51,16,65,130,111,46,90,105,129,128" shuffle="mt19937ar,F31055DF,BD4CEA93,A15E13F8,E58E25DC,E6C6F045,C0CD793A,49D72E21,0BACA299"/><U125/><E70/><V22/><F71/><W107/><G111/><T21/><D112/><U41/><E119/><V73/><F115/><W43/><G28/><T60/><D116/><U7/><E27/><V81/><F108/><W84/><G65/><T48/><D63/><U96/><E94/><V101/><F101/><W86/><G86/><T98/><D32/><U103/><E103/><V19/><F75/><W109/><G109/><T61/><D72/><U6/><E125/><N who="2" m="47627" /><F29/><W131/><N who="3" m="33280" /><DORA hai="110" /><W124/><G124/><T36/><D36/><U89/><E89/><V123/><F123/><W83/><REACH who="3" step="1"/><G18/><REACH who="3" step="2"/><T114/><D74/><U106/><E106/><V31/><F19/><W120/><G120/><T4/><D114/><U58/><E12/><V26/><F31/><W79/><G79/><N who="1" m="30250" /><E53/><V118/><F77/><W10/><AGARI ba="0,1" hai="10,15,16,43,46,51,83,84,90,105,107" m="33280" machi="10" ten="60,8000,1" yaku="1,1,0,1,19,1,52,1,54,1,53,0" doraHai="14,110" doraHaiUra="25,93" who="3" fromWho="3" sc="211,-20,230,-40,339,-20,210,90" /><INIT seed="2,0,0,2,3,2" ten="191,190,319,300" oya="2" hai0="11,16,23,1,98,15,68,71,62,134,91,78,31" hai1="0,28,99,36,82,53,73,5,66,97,87,123,7" hai2="56,19,64,107,54,115,120,131,26,45,75,67,6" hai3="119,80,96,51,60,101,125,117,92,113,35,130,110" shuffle="mt19937ar,CF3FF2FE,E6460685,C1516DE8,0F0EC1B9,230982F0,B3FE4A27,09B02314,3701A903"/><V84/><F107/><W9/><G35/><T105/><D78/><U65/><E73/><V25/><F75/><W126/><G60/><T20/><D134/><U111/><E36/><V103/><F120/><W12/><G113/><T52/><D71/><U94/><E0/><V69/><F103/><W90/><G51/><T116/><D68/><U102/><E97/><V55/><F69/><W43/><G43/><T17/><D31/><U27/><E123/><V70/><F70/><W40/><G40/><T39/><D39/><U74/><E74/><V129/><F115/><W10/><G10/><T127/><D127/><N who="3" m="48649" /><G130/><T38/><D38/><U47/><E111/><V133/><F133/><W37/><G37/><T114/><D114/><U81/><E27/><V14/><F67/><N who="1" m="25609" /><E28/><V8/><F64/><W46/><G46/><T61/><D105/><U79/><E82/><V128/><F45/><W93/><G110/><T63/><D1/><U49/><AGARI ba="0,0" hai="5,7,47,49,53,79,81,87,94,99,102" m="25609" machi="49" ten="30,4000,0" yaku="8,1,52,2" doraHai="2" who="1" fromWho="1" sc="191,-10,190,40,319,-20,300,-10" /><INIT seed="3,0,0,2,0,32" ten="181,230,299,290" oya="3" hai0="116,109,66,12,7,78,51,113,14,126,89,45,6" hai1="75,20,49,23,86,9,118,69,82,80,35,31,100" hai2="128,123,34,18,76,13,134,53,74,124,99,38,102" hai3="47,28,95,8,27,44,2,3,63,119,16,24,68" shuffle="mt19937ar,EE746580,047AF333,9DCBF2B1,3B60F6DA,1A0055E2,E9A01221,10ED48EA,C43C725D"/><W50/><G119/><T64/><D116/><U5/><E69/><V41/><F34/><W26/><G28/><T62/><D109/><U11/><E118/><V59/><F128/><W94/><G44/><T65/><D126/><U1/><E35/><V40/><F124/><W33/><G33/><T30/><D113/><U22/><E100/><V57/><F123/><W112/><G112/><T48/><D78/><U98/><E98/><V46/><F41/><W25/><G2/><T101/><D30/><U127/><E127/><V39/><F39/><W72/><G72/><T129/><D101/><U61/><E61/><V85/><F74/><W115/><G115/><T130/><D62/><U73/><E31/><V110/><F110/><W114/><G114/><T131/><D89/><U107/><E107/><V19/><F134/><W96/><G3/><T77/><D77/><U29/><E29/><V92/><F18/><W58/><G68/><T10/><D45/><U111/><E11/><AGARI ba="0,0" hai="6,7,10,11,12,14,48,51,64,65,66,129,130,131" machi="11" ten="50,3200,0" yaku="9,1,19,1" doraHai="32" who="0" fromWho="1" sc="181,32,230,-32,299,0,290,0" /><INIT seed="4,0,0,3,4,72" ten="213,198,299,290" oya="0" hai0="6,20,44,76,100,54,11,71,90,73,57,31,105" hai1="83,124,78,118,132,9,2,128,18,93,61,116,101" hai2="24,81,45,80,120,60,107,29,58,79,35,130,112" hai3="110,134,40,74,19,14,111,48,7,16,34,88,84" shuffle="mt19937ar,215441A4,EA5E671E,D9E57B6F,244264E3,CBB04800,0B21B027,7CFF31AF,B5A8D8C5"/><T94/><D71/><U133/><E133/><V69/><BYE who="1" /><F69/><W26/><G74/><T131/><D105/><U125/><E125/><V63/><F107/><W64/><G134/><T10/><D131/><U21/><E21/><N who="2" m="15503" /><F130/><W123/><G123/><T129/><D129/><UN n1="%E3%82%A6%E3%83%AB%E3%83%88%E3%83%A9%E7%AB%8B%E7%9B%B4" /><U15/><E2/><V17/><F35/><W47/><G64/><T23/><D100/><U50/><E128/><V82/><F112/><W52/><G34/><T103/><D103/><U1/><E124/><V121/><F121/><W97/><G111/><T126/><D126/><U22/><E1/><V8/><F45/><W36/><G110/><T85/><D44/><U98/><E132/><V66/><F120/><W13/><G97/><T28/><D73/><U96/><E96/><V39/><F39/><W55/><G26/><N who="0" m="16455" /><D6/><U27/><E61/><N who="2" m="38199" /><F79/><W122/><G7/><T42/><D76/><U92/><E50/><V59/><F59/><W3/><G3/><T91/><D42/><U127/><E127/><V113/><F113/><W56/><G122/><T135/><D135/><U99/><E99/><V33/><F33/><W37/><G14/><AGARI ba="0,0" hai="8,14,17,60,63,80,81,82" m="38199,15503" machi="14" ten="30,1000,0" yaku="8,1" doraHai="72" who="2" fromWho="3" sc="213,0,198,0,299,10,290,-10" owari="213,-14,198,-20,309,31,280,3" /></mjloggm>