<mjloggm ver="2.3"><GO type="41"/><UN n0="%E3%82%B9%E3%83%BC%E3%83%8B" n1="%E3%82%A6%E3%83%AB%E3%83%88%E3%83%A9%E7%AB%8B%E7%9B%B4" n2="%E5%86%99%E8%BC%AA%E7%9C%BC" n3="%4B%44" dan="15,15,13,14" rate="2052,1966,1868,1801" sx="M,M,M,M"/><TAIKYOKU oya="0"/><INIT seed="0,0,0,3,5,29" ten="250,250,250,250" oya="0" hai0="113,15,38,10,99,19,5,26,25,127,57,101,80" hai1="44,21,17,22,34,95,45,123,100,20,68,27,7" hai2="43,124,48,112,33,13,60,37,46,109,76,70,89" hai3="51,50,16,114,82,72,0,118,129,24,47,132,54"/><T41/><D113/><U120/><E68/><V64/><F112/><W62/><G118/><T117/><D117/><U87/><E87/><V93/><F76/><W126/><G114/><T102/><D127/><U103/><E95/><V108/><F124/><W105/><G126/><T122/><D122/><U104/><E104/><V134/><F134/><W55/><G132/><T130/><D130/><U115/><E115/><V119/><F119/><W59/><G129/><T92/><D38/><U49/><E49/><V36/><F13/><W63/><G0/><T11/><D102/><U28/><E103/><V52/><F33/><W121/><G105/><T97/><D97/><U111/><E100/><V32/><F32/><W96/><G121/><N who="1" m="46666" /><E44/><V128/><F128/><W14/><G24/><T1/><D41/><U107/><E45/><V74/><F74/><W83/><G96/><T35/><D35/><U6/><E107/><V2/><F2/><W135/><G135/><T85/><REACH who="0" step="1"/><D57/><REACH who="0" step="2"/><U125/><E125/><V66/><F37/><W88/><G59/><T18/><D18/><U94/><E17/><V8/><F36/><W67/><G16/><T71/><D71/><U78/><E34/><V90/><F43/><W58/><G58/><T116/><D116/><U79/><E28/><V12/><F70/><W4/><G4/><T69/><D69/><U91/><E7/><V40/><F109/><W86/><G72/><T81/><D81/><U39/><E6/><N who="2" m="3095" /><F108/><W77/><G82/><T84/><D84/><N who="1" m="52583" /><E111/><V61/><F40/><W3/><G83/><T42/><D42/><U131/><E131/><RYUUKYOKU ba="0,1" sc="240,30,250,-10,250,-10,250,-10" hai0="1,5,10,11,15,19,25,26,80,85,92,99,101" /><INIT seed="0,1,1,5,1,8" ten="270,240,240,240" oya="0" hai0="86,36,78,14,109,15,73,61,80,39,59,100,81" hai1="111,46,124,37,94,127,18,91,56,50,96,79,102" hai2="52,24,38,1,82,107,77,133,35,119,98,66,13" hai3="40,19,112,54,45,6,17,95,68,106,7,25,113"/><T34/><D34/><U118/><E118/><V76/><F119/><W71/><G106/><T44/><D100/><U63/><E37/><V57/><F133/><W92/><G54/><T121/><D121/><U130/><E79/><V58/><F38/><W2/><G45/><T41/><D39/><U27/><E102/><V104/><F1/><W75/><G2/><T3/><D3/><U132/><E132/><V120/><F120/><W33/><G75/><T114/><D114/><U88/><E91/><V126/><F126/><W128/><G25/><T49/><D36/><U62/><E130/><V70/><F107/><W4/><G33/><T43/><D43/><N who="1" m="24927" /><E111/><V69/><F70/><W87/><G87/><N who="0" m="48535" /><D109/><U12/><E27/><V48/><F69/><W0/><G0/><T110/><D73/><U101/><E101/><V134/><F98/><W99/><G7/><T42/><D42/><U11/><E56/><V67/><F104/><W32/><G40/><T5/><D5/><U103/><E103/><V117/><F134/><W74/><G74/><T23/><D23/><U84/><E96/><V115/><F117/><W22/><G32/><T9/><D9/><U129/><E129/><V93/><F35/><W30/><G99/><T20/><D20/><U28/><E28/><V60/><F58/><W21/><G128/><T108/><D108/><U31/><E31/><AGARI ba="1,1" hai="4,6,17,19,21,22,30,31,68,71,92,95,112,113" machi="31" ten="25,1600,0" yaku="22,2" doraHai="8" who="3" fromWho="1" sc="270,0,240,-19,240,0,240,29" /><INIT seed="1,0,0,3,0,93" ten="270,221,240,269" oya="1" hai0="0,36,79,92,135,38,28,129,33,44,118,39,2" hai1="46,63,108,67,80,95,25,50,31,16,75,26,104" hai2="103,14,43,123,61,125,73,10,18,45,120,124,23" hai3="83,111,82,37,35,55,94,81,7,102,116,115,127"/><U34/><E104/><V64/><F73/><W9/><G111/><T86/><D118/><U91/><E108/><V112/><F103/><W109/><G109/><T89/><D135/><U15/><E75/><V117/><F117/><W88/><G115/><T60/><D129/><U3/><E3/><V99/><F112/><W121/><G116/><T49/><D28/><U4/><E4/><V48/><F10/><W42/><G121/><T65/><D33/><U68/><E80/><V134/><F134/><W98/><G127/><T90/><D79/><U1/><E1/><V85/><F85/><W51/><G35/><T53/><REACH who="0" step="1"/><D90/><REACH who="0" step="2"/><U122/><E122/><V40/><F123/><W96/><G88/><T126/><D126/><U106/><E34/><V30/><F30/><W24/><G102/><T72/><D72/><U70/><E31/><V71/><F120/><W8/><G7/><T133/><D133/><U76/><E76/><V77/><F77/><W74/><G74/><T13/><D13/><U132/><E132/><V27/><F14/><W58/><G24/><T6/><D6/><U113/><E113/><V41/><REACH who="2" step="1"/><F99/><REACH who="2" step="2"/><W66/><G98/><T69/><AGARI ba="0,2" hai="0,2,36,38,39,44,49,53,60,65,69,86,89,92" machi="69" ten="30,2000,0" yaku="1,1,0,1,53,0" doraHai="93" doraHaiUra="131" who="0" fromWho="0" sc="260,40,221,-10,230,-5,269,-5" /><INIT seed="2,0,0,1,4,105" ten="300,211,225,264" oya="2" hai0="44,58,133,15,127,31,22,109,1,118,106,77,16" hai1="61,85,94,112,19,123,122,119,81,47,82,42,48" hai2="78,66,115,20,71,36,102,126,3,132,110,56,125" hai3="0,70,89,114,21,101,52,49,95,30,18,97,63"/><V99/><F115/><W41/><G0/><T93/><D106/><U46/><E112/><V129/><F3/><W100/><G114/><T35/><D1/><U23/><E119/><V79/><F36/><W75/><G30/><T91/><D109/><U43/><E61/><V68/><F129/><W121/><G121/><T60/><D118/><U120/><E94/><V17/><F132/><W4/><G4/><T73/><D133/><U11/><E11/><V131/><F131/><W57/><G75/><T84/><D127/><N who="2" m="48650" /><F56/><W14/><G70/><N who="2" m="26665" /><F66/><W124/><G124/><T39/><D35/><U117/><E117/><V28/><F28/><W29/><G29/><T8/><D39/><U64/><E64/><V33/><F33/><W13/><G14/><T62/><D44/><AGARI ba="0,0" hai="13,18,21,41,44,49,52,57,63,89,95,97,100,101" machi="44" ten="40,2600,0" yaku="8,1,54,1" doraHai="105" who="3" fromWho="0" sc="300,-26,211,0,225,0,264,26" /><INIT seed="3,0,0,2,0,84" ten="274,211,225,290" oya="3" hai0="67,3,65,120,36,44,33,74,105,21,55,118,92" hai1="75,18,88,134,61,6,27,107,106,127,23,4,119" hai2="89,130,95,56,76,121,82,10,53,60,94,2,100" hai3="81,125,32,117,35,29,39,34,129,122,114,87,43"/><W70/><G114/><T7/><D105/><U54/><E75/><V47/><F121/><W69/><G122/><T50/><D33/><U42/><E107/><V123/><F123/><W83/><G117/><T78/><D120/><U22/><E106/><V135/><F130/><W58/><G129/><T109/><D109/><U11/><E119/><V77/><F135/><W37/><G125/><T103/><D118/><U57/><E134/><V96/><F2/><W97/><G29/><T46/><D21/><U108/><E108/><V104/><F10/><W59/><G81/><T124/><D124/><U52/><E127/><V25/><F104/><W49/><G59/><T40/><D92/><U99/><E42/><V5/><F5/><W101/><G37/><T45/><D45/><U112/><E112/><V20/><F82/><W90/><G39/><T133/><D103/><U102/><E102/><V68/><F47/><W111/><G111/><T80/><REACH who="0" step="1"/><D133/><REACH who="0" step="2"/><U131/><E131/><V72/><F68/><W26/><G101/><T79/><D79/><U98/><E23/><V14/><F72/><W91/><G70/><T41/><D41/><U63/><E11/><AGARI ba="0,1" hai="3,7,11,36,40,44,46,50,55,65,67,74,78,80" machi="11" ten="40,5200,0" yaku="1,1,25,2,53,0" doraHai="84" doraHaiUra="17" who="0" fromWho="1" sc="264,62,211,-52,225,0,290,0" /><INIT seed="4,0,0,0,4,18" ten="326,159,225,290" oya="0" hai0="58,70,20,34,43,1,94,39,98,59,33,13,96" hai1="90,41,5,103,99,126,113,42,111,55,65,22,14" hai2="127,117,118,88,9,45,23,112,12,83,101,75,53" hai3="47,35,125,56,102,63,8,131,29,36,81,7,110"/><T26/><D70/><U21/><E111/><V95/><F127/><W71/><G110/><T69/><D69/><U129/><E126/><V123/><F123/><W52/><G125/><T66/><D1/><U135/><E65/><V133/><F101/><W134/><G71/><T86/><D98/><U40/><E129/><V77/><F133/><W130/><G134/><T37/><D86/><U80/><E135/><V132/><F112/><W116/><G116/><T121/><D121/><U28/><E113/><V87/><F132/><W122/><G122/><T114/><D114/><U124/><E124/><V25/><F117/><W79/><G102/><T89/><D58/><U44/><E28/><V31/><F118/><W128/><G29/><T30/><D39/><U3/><E3/><V106/><F106/><W107/><G107/><T16/><D43/><U10/><E90/><V6/><F45/><W115/><G115/><T108/><D37/><U48/><REACH who="1" step="1"/><E80/><REACH who="1" step="2"/><V32/><REACH who="2" step="1"/><F53/><REACH who="2" step="2"/><W60/><G52/><T85/><D108/><U119/><E119/><V0/><F0/><W105/><G131/><T97/><REACH who="0" step="1"/><D34/><AGARI ba="0,2" hai="6,9,12,23,25,31,32,34,75,77,83,87,88,95" machi="34" ten="40,8000,1" yaku="1,1,52,1,54,1,53,1" doraHai="18" doraHaiUra="104" who="2" fromWho="0" sc="326,-80,149,0,215,100,290,0" /><INIT seed="5,0,0,4,3,127" ten="246,149,315,290" oya="1" hai0="108,41,133,89,93,109,101,114,126,63,3,33,51" hai1="1,85,22,62,123,120,61,28,16,106,71,111,88" hai2="17,118,91,54,48,25,119,21,115,58,76,49,40" hai3="13,77,18,128,37,121,10,105,132,107,130,15,99"/><U29/><E106/><V5/><F115/><W12/><G121/><T64/><D33/><U81/><E1/><V96/><F76/><W36/><G132/><T2/><D114/><U20/><E111/><V27/><F5/><N who="3" m="3151" /><G77/><T125/><D101/><U135/><E135/><V102/><F91/><W86/><G15/><T103/><D103/><U68/><E123/><V14/><F40/><W31/><G31/><N who="1" m="11850" /><E120/><V116/><REACH who="2" step="1"/><F49/><REACH who="2" step="2"/><W83/><G36/><T46/><D133/><U70/><E70/><V84/><F84/><W34/><G37/><T43/><D43/><U78/><E68/><V50/><F50/><W79/><G99/><N who="0" m="57775" /><D108/><U124/><E71/><V9/><F9/><N who="3" m="6447" /><G34/><T104/><D109/><U52/><E124/><N who="0" m="47721" /><D104/><AGARI ba="0,1" hai="14,17,21,25,27,48,54,58,96,102,104,116,118,119" machi="104" ten="40,1300,0" yaku="1,1,53,0" doraHai="127" doraHaiUra="129" who="2" fromWho="0" sc="246,-13,149,0,305,23,290,0" /><INIT seed="6,0,0,1,1,29" ten="233,149,328,290" oya="2" hai0="80,104,85,88,12,51,8,59,77,82,1,46,124" hai1="99,53,93,112,31,61,10,106,70,98,20,38,63" hai2="113,115,45,6,131,9,123,73,56,81,28,86,39" hai3="71,2,129,101,57,105,108,66,24,91,68,37,117"/><V14/><F123/><W35/><G108/><T49/><D104/><U75/><E75/><V13/><F28/><W43/><G117/><T30/><D124/><U96/><E38/><V114/><F56/><W89/><G129/><T125/><D125/><U121/><E121/><V54/><F131/><W109/><G109/><T118/><D118/><U33/><E112/><V26/><F26/><W62/><G2/><T122/><D122/><U15/><E20/><V60/><F60/><W19/><G71/><T58/><D30/><U7/><E63/><V103/><F103/><W17/><G35/><T27/><D27/><U16/><E7/><V44/><F73/><W40/><G19/><T5/><D51/><U111/><E111/><V126/><F126/><W90/><G37/><T65/><D1/><U4/><E4/><V34/><F34/><W133/><G133/><T92/><D80/><U130/><E130/><V47/><F39/><W94/><G105/><T3/><D3/><U128/><E128/><V67/><F67/><W64/><G68/><T72/><REACH who="0" step="1"/><D65/><REACH who="0" step="2"/><N who="1" m="41263" /><E53/><AGARI ba="0,1" hai="5,8,12,46,49,53,58,59,72,77,82,85,88,92" machi="53" ten="30,3900,0" yaku="1,1,7,1,54,1,53,0" doraHai="29" doraHaiUra="127" who="0" fromWho="1" sc="223,49,149,-39,328,0,290,0" /><INIT seed="7,0,0,5,0,130" ten="272,110,328,290" oya="3" hai0="133,104,71,14,41,66,107,116,56,29,34,17,99" hai1="26,65,37,22,119,101,95,78,62,33,21,39,61" hai2="23,96,81,43,0,86,129,87,7,113,124,117,48" hai3="74,28,42,58,46,36,91,52,75,83,128,63,13"/><W108/><G128/><T16/><D116/><U92/><E119/><V127/><F129/><W122/><G122/><T24/><D41/><U20/><E33/><V103/><F117/><W67/><G108/><T5/><D56/><U4/><E26/><V134/><F7/><W38/><G38/><T55/><D55/><U90/><E4/><V8/><F0/><W19/><G28/><T131/><D131/><U88/><E101/><V27/><F8/><W115/><G115/><T93/><D133/><U125/><E78/><V97/><F134/><W114/><G114/><T53/><D53/><U50/><E50/><V6/><F6/><W15/><G15/><T100/><D104/><U40/><E40/><V9/><F9/><W2/><G2/><T25/><D5/><U32/><E65/><V64/><F64/><W45/><G83/><T135/><D135/><U112/><E112/><V80/><F48/><W10/><REACH who="3" step="1"/><G91/><REACH who="3" step="2"/><N who="1" m="34858" /><E32/><V82/><F113/><W59/><G59/><T85/><D24/><U54/><E125/><V111/><F111/><W73/><G73/><T118/><D118/><U132/><E132/><V47/><F127/><W12/><G12/><T44/><D14/><U51/><E39/><V70/><F124/><W49/><AGARI ba="0,1" hai="10,13,19,36,42,45,46,49,52,58,63,67,74,75" machi="49" ten="30,6000,0" yaku="1,1,0,1,54,1,53,0" doraHai="130" doraHaiUra="109" who="3" fromWho="3" sc="272,-20,110,-20,328,-20,280,70" owari="252,-15,90,-41,308,11,350,45" /></mjloggm>