<mjloggm ver="2.3"><GO type="41"/><UN n0="%E6%AF%94%E5%98%89%E7%A7%80%E4%BB%81" n1="%E3%82%A6%E3%83%AB%E3%83%88%E3%83%A9%E7%AB%8B%E7%9B%B4" n2="%E7%A7%A6%E6%B0%8F" n3="%E3%81%AE%E3%81%A9%E3%81%A3%E3%81%A1%2E" dan="15,14,14,17" rate="2017,1922,1952,2104" sx="M,M,F,F"/><TAIKYOKU oya="0"/><INIT seed="0,0,0,2,3,51" ten="250,250,250,250" oya="0" hai0="83,96,30,78,11,92,94,40,17,127,118,114,122" hai1="74,72,79,36,95,120,99,119,93,71,132,37,2" hai2="88,126,104,22,20,75,128,69,77,57,61,16,27" hai3="26,7,29,98,58,34,50,19,23,64,134,14,42"/><T63/><D127/><U85/><E71/><V80/><F126/><W91/><G134/><T70/><D114/><U56/><E56/><V8/><F8/><W6/><G42/><T10/><D118/><U112/><E112/><V103/><F69/><W5/><G98/><T13/><D30/><U28/><E28/><V38/><F38/><W113/><G113/><T59/><D70/><U24/><E24/><V107/><F103/><W47/><G91/><T35/><D35/><U44/><E44/><V65/><F128/><W105/><G105/><T133/><D133/><U73/><E132/><V53/><F65/><W9/><G47/><T62/><D40/><U68/><E68/><V121/><F121/><W117/><G117/><T45/><D45/><U66/><E66/><V52/><F88/><W86/><G86/><N who="0" m="48503" /><D122/><U131/><E120/><V41/><F41/><W1/><G50/><T0/><D0/><U109/><E119/><V46/><F46/><W82/><G82/><T129/><D129/><U31/><E31/><V124/><F124/><W60/><AGARI ba="0,0" hai="1,5,6,7,9,14,19,23,26,29,34,58,60,64" machi="60" ten="30,4000,0" yaku="0,1,24,2" doraHai="51" who="3" fromWho="3" sc="250,-20,250,-10,250,-10,250,40" /><INIT seed="1,0,0,0,0,29" ten="230,240,240,290" oya="1" hai0="119,60,16,114,111,116,8,90,133,37,51,118,79" hai1="21,43,85,31,2,56,45,72,129,102,66,91,6" hai2="106,17,28,115,26,86,53,125,84,103,33,18,89" hai3="124,64,101,61,24,40,73,55,12,126,120,76,5"/><U48/><E72/><V19/><F125/><W83/><G120/><T132/><D114/><U44/><E129/><V7/><F115/><W38/><G101/><T95/><D37/><U92/><E2/><V78/><F7/><W105/><G105/><T4/><D79/><U39/><E6/><V46/><F106/><W100/><G100/><T0/><D111/><U75/><E75/><V63/><F103/><W82/><G82/><T13/><D60/><U94/><E44/><V11/><F78/><W23/><G55/><T113/><D51/><U112/><E112/><V127/><F127/><W47/><G12/><T131/><D131/><U35/><E35/><V99/><F11/><W58/><REACH who="3" step="1"/><G5/><REACH who="3" step="2"/><T30/><D113/><U22/><E102/><V69/><F53/><W3/><G3/><T108/><D0/><U34/><E94/><V32/><F26/><W128/><G128/><T71/><D4/><U52/><REACH who="1" step="1"/><E66/><REACH who="1" step="2"/><V74/><F74/><W67/><G67/><T81/><D119/><U65/><E65/><V49/><F46/><W9/><G9/><T88/><D118/><U117/><E117/><V62/><F69/><W98/><G98/><T122/><D116/><U42/><E42/><V93/><F99/><W121/><G121/><T110/><D71/><U50/><E50/><V70/><F49/><W10/><G10/><T59/><D110/><U68/><E68/><V109/><F70/><W96/><G96/><T54/><D108/><U130/><E130/><V107/><F109/><W80/><G80/><T14/><D122/><U77/><E77/><V123/><F123/><RYUUKYOKU ba="0,2" sc="230,-15,230,15,240,-15,280,15" hai1="21,22,31,34,39,43,45,48,52,56,85,91,92" hai3="23,24,38,40,47,58,61,64,73,76,83,124,126" /><INIT seed="1,1,2,0,2,10" ten="215,245,225,295" oya="1" hai0="88,43,4,47,64,23,17,98,13,1,5,123,109" hai1="96,87,102,60,113,126,81,121,69,120,50,19,42" hai2="100,38,25,55,65,118,91,63,99,101,135,49,35" hai3="76,132,74,20,122,59,107,44,105,78,22,71,57"/><U93/><E113/><V92/><F38/><W75/><G71/><T94/><D109/><U27/><E126/><V3/><F3/><W119/><G119/><T104/><D1/><U48/><E69/><V11/><F135/><W12/><G132/><T67/><D104/><U134/><E134/><V37/><F37/><W90/><G90/><T46/><D123/><U97/><E60/><V108/><F108/><W84/><G84/><T54/><D54/><U52/><E96/><V41/><F41/><W56/><G44/><N who="0" m="16939" /><D43/><U45/><E48/><V53/><F11/><W89/><G89/><T16/><D17/><U112/><E112/><V58/><F53/><W36/><G57/><T103/><D103/><U83/><E42/><V30/><REACH who="2" step="1"/><F118/><REACH who="2" step="2"/><W39/><G39/><T131/><D131/><U116/><E116/><V14/><F14/><W133/><G36/><T21/><D21/><U86/><E121/><V111/><F111/><W117/><G117/><T26/><D26/><U128/><E128/><V129/><F129/><W125/><G133/><T18/><D18/><U80/><E120/><V68/><AGARI ba="1,3" hai="25,30,35,49,55,58,63,65,68,91,92,99,100,101" machi="68" ten="20,2700,0" yaku="1,1,0,1,7,1,53,0" doraHai="10" doraHaiUra="6" who="2" fromWho="2" sc="215,-8,245,-14,215,60,295,-8" /><INIT seed="2,0,0,0,4,122" ten="207,231,275,287" oya="2" hai0="87,111,112,42,18,24,38,25,103,41,117,119,109" hai1="1,55,19,106,135,81,3,65,9,73,99,72,46" hai2="121,61,91,60,8,133,84,12,37,59,104,28,126" hai3="113,132,131,35,29,88,14,78,130,48,67,123,62"/><V97/><F121/><W21/><G123/><T89/><D103/><U120/><E55/><V36/><F133/><W101/><G78/><T93/><D112/><U44/><E19/><V56/><F28/><W17/><G132/><T47/><D42/><U68/><E135/><V30/><F30/><W124/><G124/><T116/><REACH who="0" step="1"/><D18/><REACH who="0" step="2"/><U129/><E120/><V2/><F126/><W98/><G113/><T74/><D74/><U76/><E73/><V66/><F104/><W5/><G101/><T85/><D85/><U127/><E127/><V16/><F97/><W34/><G98/><T110/><AGARI ba="0,1" hai="24,25,38,41,47,87,89,93,109,110,111,116,117,119" machi="110" ten="40,16000,3" yaku="1,1,0,1,14,1,12,1,52,3,53,1" doraHai="122" doraHaiUra="69" who="0" fromWho="0" sc="197,170,231,-40,275,-80,287,-40" /><INIT seed="3,0,0,3,3,49" ten="367,191,195,247" oya="3" hai0="25,85,15,75,132,37,56,41,107,33,46,126,30" hai1="119,118,21,43,2,14,111,78,134,68,44,53,71" hai2="65,93,106,115,103,60,19,123,99,80,16,67,79" hai3="117,96,58,62,0,73,131,101,72,124,6,122,112"/><W130/><G122/><T102/><D132/><U55/><E2/><V91/><F115/><W57/><G117/><N who="1" m="44554" /><E78/><V74/><F123/><W84/><G112/><T22/><D126/><U20/><E134/><V89/><F91/><W87/><G124/><T45/><D75/><U61/><E111/><V95/><F95/><W82/><G58/><T135/><D46/><U12/><E12/><V26/><F26/><W113/><G113/><T54/><D102/><U10/><E21/><V108/><F108/><W86/><G6/><T34/><D107/><U97/><E20/><V36/><F36/><W40/><G40/><T88/><D15/><U63/><E97/><V120/><F120/><W17/><G17/><T125/><D125/><U4/><E63/><V1/><F1/><W50/><G50/><T11/><D11/><U83/><E83/><V28/><F28/><W64/><G0/><T35/><D135/><U100/><E100/><V51/><F51/><W92/><REACH who="3" step="1"/><G82/><REACH who="3" step="2"/><T23/><D41/><U90/><E68/><V69/><REACH who="2" step="1"/><F65/><REACH who="2" step="2"/><W47/><G47/><T128/><D45/><U98/><E44/><V8/><F8/><W27/><G27/><T121/><D25/><U32/><E43/><V127/><F127/><W24/><G24/><T52/><D37/><U29/><E29/><V31/><F31/><W77/><G77/><T105/><D30/><U129/><E32/><V70/><F70/><W110/><G110/><T114/><D35/><U66/><E129/><AGARI ba="0,2" hai="57,62,64,72,73,84,86,87,92,96,101,129,130,131" machi="129" ten="40,3900,0" yaku="1,1,19,1,53,0" doraHai="49" doraHaiUra="116" who="3" fromWho="1" sc="367,0,191,-39,185,0,237,59" /><INIT seed="3,1,0,5,4,66" ten="367,152,185,296" oya="3" hai0="89,130,19,126,49,17,70,38,33,23,88,7,124" hai1="3,94,106,100,44,48,2,57,76,68,53,110,35" hai2="97,114,86,125,1,83,14,21,116,107,108,128,5" hai3="81,45,112,133,113,98,25,80,59,129,71,96,102"/><W43/><G129/><T11/><D38/><U118/><E35/><V32/><F32/><W16/><G133/><T122/><D33/><U10/><E106/><V60/><F1/><W75/><G71/><T22/><D122/><U119/><E110/><V101/><F108/><W15/><G25/><T50/><D130/><U62/><E76/><V82/><F128/><W20/><G96/><T73/><D73/><U84/><E10/><V123/><F125/><W67/><G75/><T93/><D70/><U29/><E29/><V127/><F127/><N who="0" m="48682" /><D7/><U78/><E68/><V28/><F5/><W105/><G67/><T24/><D11/><U42/><E78/><V91/><F116/><W39/><REACH who="3" step="1"/><G59/><REACH who="3" step="2"/><T30/><D24/><U58/><E58/><V90/><F97/><W99/><G99/><T63/><D30/><U26/><E26/><V54/><F28/><W85/><G85/><T77/><D77/><U134/><E134/><V55/><F86/><W111/><G111/><T115/><D115/><AGARI ba="1,1" hai="15,16,20,39,43,45,80,81,98,102,105,112,113,115" machi="115" ten="40,7700,0" yaku="1,1,54,1,53,1" doraHai="66" doraHaiUra="40" who="3" fromWho="0" sc="367,-80,152,0,185,0,286,90" /><INIT seed="3,2,0,5,5,87" ten="287,152,185,376" oya="3" hai0="123,115,77,13,105,107,73,28,63,82,94,8,119" hai1="126,129,42,21,33,84,106,91,5,118,61,2,122" hai2="0,30,52,45,117,17,111,38,7,93,98,92,6" hai3="112,90,128,20,109,64,35,47,81,12,55,57,14"/><W125/><G35/><T68/><D119/><U60/><E33/><V44/><F111/><W104/><G104/><T83/><D123/><U27/><E122/><V74/><F74/><W31/><G112/><T75/><D28/><U127/><E118/><V39/><F30/><W134/><G109/><T24/><D24/><U80/><E106/><V70/><F17/><W78/><G134/><T79/><D94/><U59/><E42/><V120/><F120/><W22/><G128/><T103/><D103/><U36/><E36/><V65/><F117/><W100/><G100/><T4/><REACH who="0" step="1"/><D115/><REACH who="0" step="2"/><U26/><E26/><V46/><F92/><W99/><G31/><T41/><D41/><U71/><E129/><V11/><F93/><W58/><G125/><T108/><D108/><U19/><E71/><V114/><F70/><W76/><G81/><T89/><D89/><U135/><E135/><V124/><F124/><W37/><G90/><T23/><D23/><U69/><E126/><V18/><F114/><W102/><G20/><T34/><D34/><U85/><E127/><V15/><F98/><W97/><G22/><T113/><D113/><U86/><E69/><V62/><F38/><W40/><G102/><T88/><D88/><U110/><E110/><V50/><F39/><W131/><G131/><T72/><D72/><U53/><E85/><V56/><F0/><W67/><G99/><T32/><D32/><U130/><E84/><V121/><F121/><W9/><G97/><T16/><D16/><U29/><E19/><V51/><F46/><W48/><G37/><T66/><AGARI ba="2,1" hai="4,8,13,63,66,68,73,75,77,79,82,83,105,107" machi="66" ten="30,12000,2" yaku="1,1,5,1,0,1,9,1,53,2" doraHai="87" doraHaiUra="101" who="0" fromWho="0" sc="277,136,152,-32,185,-32,376,-62" /><INIT seed="4,0,0,5,0,89" ten="413,120,153,314" oya="0" hai0="8,126,81,107,69,121,80,82,51,34,96,95,83" hai1="2,66,16,57,128,33,87,18,74,54,76,115,106" hai2="20,40,94,63,88,7,37,77,68,79,65,31,133" hai3="50,92,124,52,114,132,72,15,5,41,84,75,125"/><T62/><D126/><N who="3" m="48745" /><G41/><T56/><D34/><U27/><E74/><V100/><F100/><W108/><G108/><T22/><D107/><U1/><E66/><V105/><F105/><W29/><G29/><T25/><D69/><U30/><E128/><V97/><F133/><W73/><G132/><T70/><D70/><U12/><E18/><V111/><F111/><W90/><G114/><T116/><D116/><U119/><E119/><V28/><F7/><W117/><G117/><T98/><D8/><U91/><E76/><V58/><F68/><W36/><G36/><T134/><D121/><U103/><E115/><V122/><F122/><W131/><G131/><T19/><D51/><U13/><E13/><V118/><F118/><W0/><G0/><T11/><D11/><U127/><E127/><V47/><REACH who="2" step="1"/><F31/><REACH who="2" step="2"/><W48/><G5/><T78/><D134/><U102/><E102/><V32/><F32/><W10/><G10/><T93/><D78/><U129/><E129/><V71/><F71/><W38/><G73/><T64/><N who="0" m="20480" /><DORA hai="99" /><T120/><D120/><U104/><E104/><V101/><F101/><W46/><G75/><T9/><D9/><U110/><E103/><V60/><F60/><W24/><G72/><T35/><D35/><U123/><E106/><V3/><F3/><W4/><G4/><T42/><D42/><U109/><E109/><V44/><F44/><W59/><G46/><T67/><D67/><U130/><E110/><V86/><F86/><W49/><G84/><T14/><D98/><U17/><E130/><V23/><F23/><W6/><G6/><RYUUKYOKU ba="0,1" sc="413,-10,120,-10,143,30,314,-10" hai2="20,28,37,40,47,58,63,65,77,79,88,94,97" /><INIT seed="5,1,1,2,2,40" ten="403,110,173,304" oya="1" hai0="70,77,120,3,114,41,47,36,45,4,112,111,22" hai1="96,61,14,13,23,16,119,97,54,52,109,46,127" hai2="82,37,75,98,123,71,102,72,20,88,7,66,113" hai3="125,34,129,2,79,80,134,126,68,90,131,24,128"/><U50/><E119/><V18/><F123/><W29/><G68/><T42/><D111/><U99/><E109/><V78/><F37/><W121/><G90/><T81/><D70/><U43/><E127/><N who="3" m="48650" /><G80/><T55/><D55/><N who="1" m="21035" /><E14/><V100/><F75/><W53/><G53/><T0/><D22/><U48/><E48/><V117/><F7/><W44/><G79/><T26/><D26/><U10/><E61/><V84/><F98/><N who="1" m="25089" /><U64/><DORA hai="110" /><E64/><V12/><F117/><W130/><G130/><T89/><D89/><U57/><E57/><V59/><F71/><W21/><G121/><T92/><D92/><U108/><E108/><V133/><F133/><W93/><G93/><T17/><D120/><U91/><E91/><V27/><F12/><W30/><G2/><T103/><D103/><U6/><E6/><V124/><F124/><W1/><G1/><T62/><D62/><U67/><E67/><V19/><F66/><W65/><G65/><T135/><D135/><U115/><E115/><N who="0" m="44073" /><D4/><U74/><E74/><V94/><F113/><W8/><G134/><T38/><D17/><U105/><E105/><V85/><F59/><W95/><G95/><T32/><D32/><U83/><E83/><V106/><F106/><W63/><G63/><T76/><D76/><U56/><E56/><V51/><F100/><W101/><G101/><T86/><AGARI ba="1,1" hai="0,3,36,38,41,42,45,47,77,81,86" m="44073" machi="86" ten="30,12000,2" yaku="15,1,52,5" doraHai="40,110" who="0" fromWho="0" sc="403,133,110,-61,173,-31,304,-31" /><INIT seed="6,0,0,0,5,46" ten="536,49,142,273" oya="2" hai0="85,77,79,44,40,113,119,135,114,70,2,130,122" hai1="71,91,112,26,95,16,1,108,11,94,129,58,24" hai2="115,126,51,131,133,121,82,100,50,124,8,67,97" hai3="3,37,0,48,61,73,27,53,116,14,17,55,25"/><V84/><F121/><W60/><G37/><T29/><D135/><U69/><E108/><V54/><F133/><W42/><G73/><T88/><D130/><U6/><E129/><V66/><F131/><W105/><G105/><T63/><D119/><U62/><E112/><N who="0" m="43113" /><D2/><U107/><E95/><N who="2" m="58431" /><F8/><W99/><G99/><T38/><D29/><U110/><E26/><V18/><F18/><W125/><G116/><T83/><D122/><U43/><E107/><V123/><F54/><W134/><G134/><T89/><D79/><U34/><E43/><V101/><F101/><W30/><G42/><T109/><D109/><U92/><E110/><V120/><F115/><W20/><G55/><T52/><D70/><U49/><E92/><V68/><F68/><W57/><G25/><T98/><D98/><U96/><E34/><V128/><F128/><W93/><G93/><T76/><D76/><U41/><E41/><V19/><F19/><W45/><G0/><T75/><D75/><U87/><E87/><V33/><F33/><W86/><G86/><T117/><D117/><U39/><E39/><V80/><F120/><W22/><G3/><T127/><D77/><U10/><E49/><N who="2" m="18443" /><F123/><W9/><G9/><T56/><D89/><U72/><E72/><V78/><F82/><W32/><G32/><T12/><D52/><N who="1" m="34119" /><E11/><V103/><F103/><W64/><G60/><T118/><D83/><U74/><E74/><V31/><F31/><W7/><G7/><T35/><D118/><U47/><E47/><V4/><F4/><W81/><G81/><T104/><D35/><U28/><E28/><RYUUKYOKU ba="0,0" sc="536,-30,49,10,142,10,273,10" hai1="1,6,10,16,24,69,71,91,94,96" hai2="66,67,78,80,84,124,126" hai3="14,17,20,22,27,30,45,48,53,57,61,64,125" /><INIT seed="6,1,0,5,0,106" ten="506,59,152,283" oya="2" hai0="40,127,81,63,32,42,93,50,87,135,102,2,47" hai1="105,15,122,73,78,72,59,91,24,71,67,86,43" hai2="21,119,16,68,38,18,6,75,17,83,66,115,100" hai3="54,99,80,57,133,74,84,14,37,98,19,126,92"/><V60/><F119/><W7/><G37/><T82/><D32/><U13/><E71/><V96/><F38/><W134/><G7/><T49/><D2/><U29/><E105/><V4/><F21/><W55/><G126/><T3/><D3/><U125/><E125/><V107/><REACH who="2" step="1"/><F115/><REACH who="2" step="2"/><W77/><G133/><T35/><D135/><U79/><E122/><V20/><F20/><W46/><G134/><T110/><D127/><U118/><E118/><V52/><F52/><W53/><G53/><T62/><D35/><U69/><E43/><V130/><F130/><W10/><G54/><T28/><D40/><U44/><E44/><V85/><F85/><W101/><G46/><T111/><D42/><U36/><E36/><V112/><F112/><W109/><G109/><T116/><D47/><U56/><E86/><V129/><F129/><W39/><G39/><T27/><D87/><U120/><E120/><V113/><F113/><W121/><G121/><T9/><D116/><U76/><E67/><V51/><F51/><W11/><G84/><T33/><D49/><U61/><E61/><V25/><F25/><W1/><G55/><T26/><D50/><U64/><E64/><V0/><F0/><W12/><G1/><T45/><D62/><U114/><E114/><V104/><F104/><W22/><G22/><T132/><D45/><U88/><E24/><V95/><F95/><W97/><G12/><N who="1" m="4682" /><E29/><V108/><F108/><W5/><G14/><T23/><D63/><U131/><E69/><V123/><F123/><W94/><G92/><T89/><D111/><U41/><E131/><RYUUKYOKU ba="1,1" sc="506,-10,59,-10,142,30,283,-10" hai2="4,6,16,17,18,60,66,68,75,83,96,100,107" /><INIT seed="6,2,1,0,1,2" ten="496,49,172,273" oya="2" hai0="16,36,48,58,67,99,10,120,60,133,54,79,29" hai1="34,122,41,0,28,83,30,115,39,103,107,46,12" hai2="130,113,15,95,53,75,85,27,129,72,14,98,80" hai3="55,127,116,19,35,74,21,123,70,1,82,18,71"/><V42/><F42/><W125/><G123/><T63/><D36/><U76/><E12/><N who="2" m="4651" /><F27/><W20/><G35/><T68/><D133/><U43/><E43/><V97/><F53/><W114/><G1/><T134/><D134/><U13/><E13/><V101/><F97/><W50/><G116/><T86/><D29/><U73/><E122/><V121/><F113/><W3/><G3/><T89/><D99/><U93/><E93/><V94/><F94/><W69/><G114/><T6/><D79/><U45/><E45/><V118/><F118/><W47/><G82/><T119/><D119/><U110/><E115/><V17/><F17/><N who="3" m="6155" /><G74/><T135/><D120/><U106/><E30/><V108/><F108/><W37/><G37/><T105/><D105/><U87/><E87/><V24/><F24/><W8/><G8/><T49/><D16/><U91/><E91/><N who="2" m="51623" /><F121/><W5/><G70/><T81/><D135/><U111/><E103/><V25/><F25/><W31/><G71/><T7/><D10/><U132/><E132/><V4/><F4/><W57/><G5/><N who="0" m="1547" /><D68/><U96/><E96/><V64/><F64/><W92/><G69/><T32/><D32/><U90/><E0/><V77/><F77/><W112/><G112/><T56/><AGARI ba="2,1" hai="48,49,54,56,58,60,63,67,81,86,89" m="1547" machi="56" ten="30,7900,0" yaku="8,1,52,3" doraHai="2" who="0" fromWho="0" sc="496,95,49,-22,172,-41,273,-22" /><INIT seed="7,0,0,5,0,101" ten="591,27,131,251" oya="3" hai0="62,14,27,54,21,0,115,2,35,49,114,57,100" hai1="40,72,67,64,51,15,50,58,94,71,52,95,93" hai2="121,4,42,3,25,46,76,34,134,74,108,106,116" hai3="129,16,1,29,36,80,122,87,109,128,98,66,135"/><W17/><G122/><T28/><D100/><U65/><E72/><V24/><F116/><W78/><G1/><T86/><D86/><U123/><E123/><V20/><F108/><W9/><G36/><T131/><D131/><N who="3" m="50249" /><G109/><T88/><D88/><U30/><E71/><V102/><F24/><W127/><G29/><T31/><D62/><U113/><E113/><N who="0" m="43017" /><D31/><U68/><E68/><V19/><F134/><W6/><G135/><T90/><D90/><U48/><E30/><V130/><F130/><W63/><G127/><T53/><D53/><U133/><E133/><V107/><F102/><W55/><G55/><T99/><D99/><U37/><E37/><N who="2" m="21839" /><F19/><AGARI ba="0,0" hai="0,2,14,19,21,27,28,35,49,54,57" m="43017" machi="19" ten="30,2000,0" yaku="15,1,11,1" doraHai="101" who="0" fromWho="2" sc="591,20,27,0,131,-20,251,0" owari="611,71,27,-47,111,-29,251,5" /></mjloggm>