<mjloggm ver="2.3"><GO type="41"/><UN n0="%6D%61%67%6D%69%67%6D%61" n1="%52%65%70%75%6E%69%74" n2="%E8%B6%85%E9%88%B4%E6%9C%A8" n3="%E3%82%A6%E3%83%AB%E3%83%88%E3%83%A9%E7%AB%8B%E7%9B%B4" dan="15,13,13,15" rate="1980,1851,2039,1983" sx="M,M,M,M"/><TAIKYOKU oya="0"/><INIT seed="0,0,0,0,0,71" ten="250,250,250,250" oya="0" hai0="111,69,124,67,77,112,134,86,33,28,34,113,94" hai1="119,3,29,110,20,43,48,98,115,49,0,7,118" hai2="40,66,121,117,45,108,87,123,91,64,92,82,39" hai3="68,31,70,78,9,62,6,30,89,59,131,1,96"/><T133/><D124/><U57/><E3/><V32/><F108/><W125/><G125/><T76/><D67/><U90/><E110/><V79/><F32/><W132/><G70/><T19/><D69/><U47/><E115/><V93/><F117/><W56/><G131/><T63/><D63/><U13/><E0/><V84/><REACH who="2" step="1"/><F93/><REACH who="2" step="2"/><W106/><G106/><T46/><D111/><U95/><E119/><V99/><F99/><W126/><G126/><T42/><D113/><U83/><E95/><V18/><F18/><W128/><G30/><T50/><D19/><U27/><E98/><V53/><F53/><W22/><G31/><T4/><D112/><U11/><E29/><V35/><F35/><N who="0" m="13322" /><D28/><U12/><E118/><V23/><F23/><W2/><G22/><T74/><D4/><U16/><E20/><V17/><F17/><W44/><G6/><T52/><D52/><U72/><E16/><V97/><F97/><W51/><G96/><T26/><D26/><U104/><E27/><V24/><F24/><W114/><G114/><T122/><D122/><AGARI ba="0,1" hai="39,40,45,64,66,79,82,84,87,91,92,121,122,123" machi="122" ten="40,2600,0" yaku="1,1,52,1,53,0" doraHai="71" doraHaiUra="100" who="2" fromWho="0" sc="250,-26,250,0,240,36,250,0" /><INIT seed="1,0,0,2,0,30" ten="224,250,276,250" oya="1" hai0="48,15,40,32,112,123,49,65,105,86,35,82,41" hai1="59,100,44,71,12,132,26,122,95,19,92,127,6" hai2="79,97,117,124,25,113,34,93,76,107,67,60,18" hai3="45,37,52,126,85,21,129,102,114,1,54,103,74"/><U131/><E71/><V50/><F117/><W88/><G114/><T2/><D112/><U38/><E122/><V119/><F119/><W43/><G74/><T104/><D2/><U39/><E132/><V22/><F113/><W134/><G134/><T63/><D15/><U120/><E120/><V69/><F107/><W5/><G126/><T98/><D123/><U20/><E127/><V135/><F124/><W62/><G129/><T57/><D105/><U83/><E131/><V3/><F3/><W72/><G72/><T78/><D98/><U68/><E68/><V17/><F135/><W28/><G102/><T108/><D104/><U24/><E24/><V115/><F115/><W7/><G103/><T89/><D89/><U118/><E118/><V73/><F73/><W13/><G1/><T111/><D49/><U51/><E59/><V116/><F116/><W91/><G91/><T80/><D80/><U56/><E56/><V66/><F66/><W47/><G62/><T10/><D10/><U77/><E100/><V11/><F34/><N who="0" m="12842" /><D48/><U58/><E58/><V109/><F50/><W29/><G13/><T64/><D64/><U130/><E130/><V27/><F11/><W81/><G54/><T96/><D96/><U55/><E39/><V42/><F42/><W70/><G70/><T75/><D75/><U14/><E38/><V31/><F31/><W94/><G81/><T46/><D46/><U121/><E121/><V23/><REACH who="2" step="1"/><F109/><AGARI ba="0,0" hai="40,41,57,63,65,78,82,86,108,109,111" m="12842" machi="109" ten="30,7700,0" yaku="14,1,52,3" doraHai="30" who="0" fromWho="2" sc="224,77,250,0,276,-77,250,0" /><INIT seed="2,0,0,1,0,64" ten="301,250,199,250" oya="2" hai0="83,81,8,11,128,44,90,74,87,49,99,69,114" hai1="102,2,42,38,78,116,95,60,52,75,46,103,110" hai2="10,79,125,131,94,72,112,20,93,7,104,37,24" hai3="66,34,55,65,56,91,67,50,89,61,28,23,122"/><V80/><F112/><W35/><G122/><T85/><D114/><U9/><E95/><V62/><F37/><W100/><G100/><T86/><D128/><U82/><E116/><V41/><F131/><W123/><G123/><T119/><D74/><U115/><E115/><V71/><F104/><W121/><G121/><T30/><D30/><U77/><E77/><V13/><F125/><W118/><G118/><T84/><D69/><U12/><E110/><V21/><F41/><W40/><G23/><T68/><D68/><U73/><E73/><V33/><F33/><W101/><G101/><T106/><D119/><U48/><E60/><V54/><F21/><W129/><G129/><T120/><D120/><U17/><REACH who="1" step="1"/><E2/><REACH who="1" step="2"/><V25/><F25/><W6/><G61/><T132/><D106/><U105/><E105/><V15/><F15/><W4/><G65/><T47/><D132/><U133/><E133/><V32/><F32/><W53/><G67/><T126/><D126/><U111/><E111/><V135/><F135/><W27/><G35/><T63/><D63/><U19/><E19/><V92/><F92/><W51/><G66/><T88/><D83/><U108/><E108/><V3/><F3/><W36/><G89/><T117/><D117/><U58/><AGARI ba="0,1" hai="9,12,17,38,42,46,48,52,58,75,78,82,102,103" machi="58" ten="20,5200,0" yaku="1,1,0,1,7,1,54,1,53,0" doraHai="64" doraHaiUra="16" who="1" fromWho="1" sc="301,-13,240,62,199,-26,250,-13" /><INIT seed="3,0,0,5,5,97" ten="288,302,173,237" oya="3" hai0="123,24,74,69,95,55,129,6,122,86,73,101,53" hai1="124,23,15,12,46,7,62,125,104,48,40,42,31" hai2="80,19,78,17,1,114,115,103,21,105,96,113,51" hai3="71,64,82,52,117,20,0,89,87,98,39,35,121"/><W77/><G35/><T70/><D6/><U118/><E104/><V45/><F1/><W65/><G121/><T75/><D24/><U33/><E33/><V32/><F32/><W56/><G117/><T59/><D129/><U120/><E120/><V4/><F4/><W110/><G39/><T14/><D14/><U76/><E76/><V43/><REACH who="2" step="1"/><F21/><REACH who="2" step="2"/><W41/><G0/><T28/><D123/><U90/><E23/><V99/><F99/><W128/><G128/><T68/><D122/><U107/><E7/><V9/><F9/><W72/><G110/><T106/><D28/><U16/><E31/><V79/><F79/><W29/><G29/><T108/><D108/><U88/><E118/><V38/><F38/><W8/><G8/><T100/><D106/><U94/><E107/><V93/><F93/><W134/><G20/><T132/><D132/><U92/><E94/><V126/><F126/><W30/><G30/><T109/><D109/><U66/><E92/><V58/><F58/><W112/><G98/><T47/><D47/><U135/><E46/><V50/><F50/><N who="3" m="30743" /><G134/><T85/><D95/><U13/><E48/><V5/><F5/><W61/><G89/><N who="1" m="34410" /><E135/><V131/><F131/><W10/><G10/><T84/><D59/><N who="1" m="37215" /><E125/><V60/><F60/><W63/><G63/><T18/><D18/><U49/><E124/><V34/><F34/><W26/><G65/><T111/><D111/><U67/><E67/><V25/><F25/><W36/><G26/><T22/><D22/><N who="1" m="11527" /><E49/><V3/><F3/><W130/><G64/><T57/><D57/><U27/><E27/><RYUUKYOKU ba="0,1" sc="288,10,302,10,163,10,237,-30" hai0="53,55,68,69,70,73,74,75,84,85,86,100,101" hai1="13,15,40,42" hai2="17,19,43,45,51,78,80,96,103,105,113,114,115" /><INIT seed="4,1,1,5,1,5" ten="298,312,173,207" oya="0" hai0="41,134,20,133,34,30,78,69,103,100,0,8,105" hai1="10,131,97,57,1,87,4,126,33,127,56,22,122" hai2="64,61,40,119,25,99,15,54,42,9,89,32,92" hai3="110,18,129,96,73,101,44,68,16,74,121,77,45"/><T114/><D114/><U58/><E33/><V46/><F119/><W2/><G110/><T53/><D69/><U51/><E122/><V24/><F32/><W43/><G68/><T55/><D34/><U47/><E131/><V37/><F54/><N who="0" m="20490" /><D41/><N who="1" m="25071" /><E97/><V84/><F42/><W124/><G129/><T82/><D105/><U23/><E87/><V115/><F84/><W104/><G121/><T67/><D67/><U39/><E39/><V80/><F80/><W120/><G120/><T11/><D0/><U27/><E27/><V12/><F12/><W14/><G2/><T50/><D50/><U26/><E26/><V52/><F115/><W85/><G124/><AGARI ba="1,1" hai="1,4,10,22,23,56,57,58,124,126,127" m="25071" machi="124" ten="30,2000,0" yaku="18,1,52,1" doraHai="5" who="1" fromWho="3" sc="298,0,312,33,173,0,207,-23" /><INIT seed="5,0,0,5,4,54" ten="298,345,173,184" oya="1" hai0="116,23,68,36,80,103,2,93,43,10,94,119,29" hai1="63,47,99,25,31,18,97,122,9,81,32,42,127" hai2="133,58,28,3,1,62,26,118,39,111,120,57,4" hai3="66,90,135,30,70,126,71,6,45,69,106,8,83"/><U105/><E105/><V52/><F120/><W84/><G126/><T12/><D68/><U14/><E122/><V89/><F111/><W77/><G135/><T74/><D2/><U124/><E63/><V60/><F118/><W64/><G30/><T125/><D125/><N who="1" m="48203" /><E81/><V7/><F39/><AGARI ba="0,0" hai="9,14,18,25,31,32,39,42,47,97,99" m="48203" machi="39" ten="30,1500,0" yaku="18,1" doraHai="54" who="1" fromWho="2" sc="298,0,345,15,173,-15,184,0" /><INIT seed="5,1,0,4,0,81" ten="298,360,158,184" oya="1" hai0="129,101,24,131,43,5,18,17,31,56,13,34,92" hai1="79,109,26,127,42,128,135,75,106,8,63,104,114" hai2="4,96,6,62,9,14,52,108,46,113,70,67,118" hai3="122,111,39,115,41,120,19,134,3,97,29,80,44"/><U102/><E42/><V50/><F108/><W53/><G3/><T60/><D43/><U88/><E63/><V71/><F118/><W7/><G7/><T36/><D36/><U64/><E26/><V77/><F70/><W15/><G111/><T25/><D92/><U51/><E51/><V110/><F110/><W48/><G134/><T23/><D101/><U130/><E8/><V133/><F133/><W58/><G115/><T103/><D103/><U125/><E64/><V10/><F113/><W2/><G2/><T107/><D107/><U11/><E11/><V28/><F28/><W95/><G29/><N who="0" m="19751" /><D56/><U100/><E109/><V54/><F77/><W68/><G68/><T123/><D60/><U55/><E55/><V66/><F66/><W105/><G105/><T124/><D123/><U94/><E114/><V35/><F54/><W45/><G58/><T72/><D72/><U83/><E135/><V132/><F132/><W12/><G80/><T74/><D74/><U20/><E20/><V0/><F96/><W40/><G53/><T16/><D124/><N who="1" m="47691" /><E106/><V87/><REACH who="2" step="1"/><F35/><REACH who="2" step="2"/><W86/><G97/><T32/><D32/><U90/><E104/><V98/><F98/><W82/><G122/><T69/><D69/><U73/><E79/><V30/><F30/><W85/><G120/><T1/><D1/><U119/><E119/><V112/><F112/><W117/><G117/><T65/><D65/><U27/><E130/><V76/><F76/><W84/><G41/><T49/><D131/><U91/><E128/><V93/><F93/><W59/><G95/><T38/><D129/><RYUUKYOKU ba="1,1" sc="298,-10,360,-10,148,30,184,-10" hai2="0,4,6,9,10,14,46,50,52,62,67,71,87" /><INIT seed="6,2,1,0,5,99" ten="288,350,178,174" oya="2" hai0="110,114,52,95,49,126,101,117,43,23,38,132,50" hai1="118,18,19,105,17,28,122,39,3,64,60,77,14" hai2="102,47,71,61,128,83,6,56,106,30,26,66,22" hai3="81,63,91,92,74,46,72,75,131,25,120,100,87"/><V4/><F128/><W48/><G120/><T129/><D110/><U44/><E3/><V76/><F47/><W13/><G131/><T1/><D129/><U58/><E105/><V85/><REACH who="2" step="1"/><F71/><REACH who="2" step="2"/><W20/><G63/><T121/><D121/><U104/><E60/><V42/><F42/><W16/><G46/><T8/><D43/><U33/><E44/><V82/><F82/><W78/><G48/><T112/><D50/><U2/><E39/><V35/><F35/><W34/><G34/><T96/><D38/><U40/><E33/><V37/><F37/><W109/><G109/><T115/><D117/><U55/><E118/><V41/><F41/><W21/><REACH who="3" step="1"/><G100/><REACH who="3" step="2"/><T98/><D101/><U127/><E40/><V57/><F57/><W116/><G116/><T5/><D49/><U53/><E58/><V24/><F24/><W113/><G113/><T107/><D115/><U123/><E123/><V70/><F70/><W69/><G69/><T45/><D114/><U62/><E122/><V89/><F89/><W67/><G67/><T111/><D45/><U93/><E64/><V36/><F36/><W27/><G27/><T0/><D111/><U54/><E62/><V94/><F94/><W32/><G32/><T86/><D95/><U88/><E93/><V124/><F124/><W59/><G59/><T80/><D126/><U134/><E127/><V135/><F135/><W15/><G15/><T29/><D132/><U73/><E14/><V90/><F90/><W84/><G84/><T10/><D86/><U125/><E88/><V133/><F133/><W108/><G108/><RYUUKYOKU ba="2,3" sc="288,-15,350,-15,168,15,164,15" hai2="4,6,22,26,30,56,61,66,76,83,85,102,106" hai3="13,16,20,21,25,72,74,75,78,81,87,91,92" /><INIT seed="6,3,3,4,2,121" ten="273,335,183,179" oya="2" hai0="104,113,68,79,63,119,76,92,34,94,32,18,127" hai1="54,101,89,26,57,3,126,35,6,29,112,73,103" hai2="24,99,108,8,88,130,70,74,77,83,10,129,86" hai3="122,59,47,27,123,48,93,43,67,66,1,116,114"/><V12/><F70/><W71/><G1/><T5/><D104/><U124/><E73/><V75/><F24/><W51/><G93/><T115/><D5/><U13/><E112/><V22/><F99/><W134/><G27/><T82/><D18/><U23/><E3/><V4/><F75/><W128/><G116/><T90/><D63/><U78/><E78/><N who="0" m="29737" /><D68/><U17/><E6/><V81/><F22/><W40/><G114/><N who="0" m="43531" /><D119/><U120/><E120/><N who="3" m="46122" /><G128/><N who="2" m="49257" /><F10/><W91/><G91/><T46/><D46/><U132/><E132/><V87/><F74/><W2/><G2/><T30/><D30/><U41/><E41/><V102/><F102/><W25/><G25/><T65/><D65/><N who="3" m="24585" /><G134/><T109/><D34/><U31/><E31/><V16/><F4/><W110/><G71/><T72/><D32/><U7/><E7/><V28/><F28/><W19/><G19/><T37/><D72/><U61/><REACH who="1" step="1"/><E89/><REACH who="1" step="2"/><V118/><F118/><W39/><G43/><T117/><D117/><U60/><E60/><V64/><F64/><W131/><G131/><T36/><D90/><U100/><AGARI ba="3,4" hai="13,17,23,26,29,35,54,57,61,100,101,103,124,126" machi="100" ten="30,4000,0" yaku="1,1,0,1,53,1" doraHai="121" doraHaiUra="15" who="1" fromWho="1" sc="273,-13,325,89,183,-23,179,-13" /><INIT seed="7,0,0,3,4,82" ten="260,414,160,166" oya="3" hai0="23,0,17,52,40,119,83,92,122,67,41,84,65" hai1="59,6,28,38,47,58,25,91,115,70,39,29,111" hai2="9,130,57,135,66,49,72,110,117,101,2,73,44" hai3="78,53,16,86,55,134,112,124,118,133,106,87,60"/><W64/><G106/><T128/><D119/><U15/><E70/><V51/><F117/><W109/><G118/><T11/><D128/><U120/><E120/><V113/><F110/><W85/><G109/><T19/><D122/><U20/><E29/><V79/><F130/><W36/><G36/><T26/><D92/><U104/><E104/><V68/><F68/><W102/><G102/><T75/><D75/><U12/><E59/><V123/><F123/><W8/><G124/><T10/><D0/><U105/><E105/><V31/><F31/><W62/><G112/><T13/><D11/><U56/><E56/><V35/><F35/><W93/><G93/><T69/><D69/><U96/><E47/><V24/><F24/><W90/><G90/><T46/><D41/><U21/><E58/><V103/><F113/><W81/><G62/><T107/><D40/><U37/><E37/><V22/><F22/><W132/><G64/><T27/><D27/><U100/><E91/><V74/><F79/><W63/><G63/><T108/><D107/><U3/><E3/><V7/><F135/><W4/><G16/><T80/><D80/><U126/><E126/><V127/><F127/><W121/><G121/><T1/><D1/><U45/><E39/><V42/><REACH who="2" step="1"/><F51/><REACH who="2" step="2"/><W129/><G129/><T33/><D33/><N who="1" m="20623" /><E15/><V94/><F94/><W54/><G60/><AGARI ba="0,1" hai="2,7,9,42,44,49,57,60,66,72,73,74,101,103" machi="60" ten="40,1300,0" yaku="1,1,53,0" doraHai="82" doraHaiUra="114" who="2" fromWho="3" sc="260,0,414,0,150,23,166,-13" owari="260,6,414,52,173,-23,153,-35" /></mjloggm>