<mjloggm ver="2.3"><GO type="97"/><UN n0="%E3%83%A8%E3%83%BC%E3%83%87%E3%83%AB%E9%A3%9F%E3%81%B9%E6%94%BE%E9%A1%8C" n1="%70%61%6A%69" n2="%47%31%33%E3%83%88%E3%83%A9%E3%82%AF%E3%82%BF%E3%83%BC" n3="%E3%82%A6%E3%83%AB%E3%83%88%E3%83%A9%E7%AB%8B%E7%9B%B4" dan="14,13,14,13" rate="1921,1846,1947,1834" sx="F,M,M,M"/><TAIKYOKU oya="0"/><INIT seed="0,0,0,4,0,95" ten="250,250,250,250" oya="0" hai0="15,33,59,1,88,132,83,87,80,130,70,50,37" hai1="30,115,65,123,58,93,45,98,40,71,13,104,79" hai2="2,46,101,38,74,109,121,77,92,27,111,124,105" hai3="106,31,28,91,103,16,43,118,34,20,99,35,21"/><T86/><D37/><U90/><E115/><V49/><F121/><W22/><G43/><T61/><D1/><U39/><E123/><V76/><F124/><W108/><G118/><T128/><D70/><U84/><E71/><V75/><F2/><W122/><G122/><T24/><D132/><U25/><E13/><V10/><F38/><W134/><G134/><T68/><D68/><U18/><E18/><V89/><F27/><W125/><G125/><T47/><D15/><U120/><E120/><V129/><F46/><W0/><G0/><T55/><D24/><U78/><E104/><V113/><F10/><W85/><G108/><N who="2" m="41545" /><F49/><W126/><G126/><T11/><D11/><U44/><E40/><V112/><F129/><W131/><G131/><T97/><D97/><U14/><E14/><V41/><F41/><W3/><G3/><T73/><D73/><N who="2" m="27658" /><F101/><W94/><REACH who="3" step="1"/><G16/><REACH who="3" step="2"/><T6/><D6/><U56/><E39/><V7/><F7/><W17/><G17/><T64/><REACH who="0" step="1"/><D33/><AGARI ba="0,1" hai="20,21,22,28,31,33,34,35,85,91,94,99,103,106" machi="33" ten="40,2600,0" yaku="1,1,52,1,53,0" doraHai="95" doraHaiUra="4" who="3" fromWho="0" sc="250,-26,250,0,250,0,240,36" /><INIT seed="1,0,0,1,0,42" ten="224,250,250,276" oya="1" hai0="31,111,46,110,109,91,114,74,70,47,19,0,50" hai1="63,87,108,2,103,43,68,1,134,3,86,102,28" hai2="76,69,39,120,116,126,49,78,105,94,104,35,117" hai3="123,57,96,132,25,44,118,77,81,99,22,8,89"/><U14/><E134/><V100/><F69/><W71/><G71/><T67/><D0/><U12/><E43/><V23/><F39/><W127/><G123/><T73/><D114/><U106/><E28/><V107/><F35/><W115/><G115/><T79/><D31/><U48/><E48/><V17/><F49/><W98/><G132/><T121/><D121/><U15/><E106/><V124/><F120/><W33/><G33/><T55/><D91/><U119/><E68/><V9/><F23/><W72/><G127/><N who="2" m="48681" /><F9/><W125/><G125/><T36/><D19/><U29/><E29/><V32/><F17/><W7/><G118/><N who="2" m="45673" /><F32/><W4/><G57/><N who="0" m="33015" /><D36/><U41/><E41/><V122/><F122/><W11/><G22/><T92/><D92/><U38/><E119/><V13/><F13/><W93/><G25/><T27/><D27/><U95/><E38/><V97/><AGARI ba="0,0" hai="76,78,94,97,100,104,105,107" m="45673,48681" machi="97" ten="40,5200,0" yaku="18,1,34,2" doraHai="42" who="2" fromWho="2" sc="224,-13,250,-26,250,52,276,-13" /><INIT seed="2,0,0,4,4,39" ten="211,224,302,263" oya="2" hai0="80,40,43,77,115,107,135,106,62,134,89,4,5" hai1="83,47,86,15,73,54,109,102,14,12,28,25,42" hai2="9,16,67,6,37,123,101,20,69,97,0,50,66" hai3="68,93,112,18,129,132,95,19,121,44,22,117,85"/><V33/><F123/><W105/><G68/><T94/><D115/><U61/><E73/><V122/><F37/><W21/><G105/><T52/><D106/><U82/><E109/><V119/><F119/><W29/><G117/><T91/><D107/><U27/><E102/><V55/><F33/><W111/><G112/><T1/><D1/><U53/><E61/><V104/><F69/><W118/><G111/><T45/><D4/><U30/><E86/><V11/><F11/><W84/><G121/><T59/><D5/><U2/><E2/><V90/><F90/><N who="0" m="34314" /><D45/><U100/><E100/><V8/><F8/><W103/><G129/><T79/><D94/><U78/><E47/><V13/><F122/><W23/><G132/><N who="0" m="50731" /><D79/><U128/><E42/><V38/><REACH who="2" step="1"/><F38/><REACH who="2" step="2"/><W63/><G118/><T65/><D65/><U17/><E128/><V24/><F24/><N who="1" m="9289" /><E78/><V7/><F7/><W60/><G22/><T70/><D70/><U3/><E3/><V133/><F133/><W74/><G23/><T92/><D92/><U26/><E17/><V126/><F126/><W35/><G21/><T64/><D64/><U130/><N who="1" m="9297" /><U110/><DORA hai="81" /><E130/><V108/><F108/><W116/><G18/><T46/><D46/><AGARI ba="0,1" hai="0,6,9,13,16,20,46,50,55,66,67,97,101,104" machi="46" ten="30,11600,0" yaku="1,1,7,1,54,1,53,1" doraHai="39,81" doraHaiUra="127,10" who="2" fromWho="0" sc="211,-116,224,0,292,126,263,0" /><INIT seed="2,1,0,1,0,124" ten="95,224,418,263" oya="2" hai0="2,27,59,36,82,32,4,11,80,115,52,90,57" hai1="61,44,1,23,6,127,110,62,92,98,122,31,119" hai2="63,109,54,121,100,49,50,28,70,45,24,117,113" hai3="107,46,51,12,120,132,99,33,8,10,69,26,0"/><V67/><F121/><W72/><G72/><T14/><D36/><U112/><E127/><V25/><F113/><W34/><G69/><T65/><D115/><U19/><E112/><V5/><F117/><W114/><G114/><T71/><D71/><U3/><E119/><V128/><F128/><W43/><G120/><T95/><D65/><U102/><E110/><V106/><F5/><W104/><G132/><T22/><D59/><U60/><E122/><V35/><F25/><W42/><G34/><T15/><D32/><U118/><E118/><V56/><F109/><W94/><G104/><T38/><D38/><U39/><E31/><V131/><F131/><W40/><G107/><T76/><D2/><U93/><E6/><V123/><F123/><W105/><G105/><T129/><D129/><U16/><E92/><V87/><F87/><W135/><G0/><T79/><D15/><U30/><E30/><V85/><F85/><W7/><G135/><T126/><D126/><U78/><E78/><V108/><F108/><W116/><G116/><T101/><D101/><U75/><E75/><V17/><F17/><W58/><G10/><T53/><D76/><U125/><E19/><V81/><F81/><N who="0" m="31338" /><D79/><U103/><E103/><V66/><F66/><W88/><REACH who="3" step="1"/><G58/><REACH who="3" step="2"/><T64/><D57/><U84/><E125/><V13/><F106/><W96/><G96/><N who="0" m="57463" /><D64/><U74/><E74/><V20/><F56/><W111/><G111/><T77/><D77/><U73/><E73/><V83/><F70/><W29/><AGARI ba="1,1" hai="7,8,12,26,29,33,40,42,43,46,51,88,94,99" machi="29" ten="30,4000,0" yaku="1,1,0,1,54,1,53,0" doraHai="124" doraHaiUra="55" who="3" fromWho="3" sc="95,-11,224,-11,418,-21,253,53" /><INIT seed="3,0,0,3,1,54" ten="84,213,397,306" oya="3" hai0="104,51,27,10,112,121,3,73,34,98,78,65,55" hai1="5,100,67,122,20,125,84,128,70,22,24,99,129" hai2="11,120,81,45,8,103,2,82,30,48,4,114,57" hai3="49,17,106,72,25,75,43,71,131,130,89,132,76"/><W90/><G71/><T115/><D27/><U123/><E70/><V21/><F114/><W16/><G106/><T77/><D10/><U42/><E42/><V108/><F108/><W127/><G127/><T14/><D14/><U28/><E84/><V116/><F116/><W62/><G62/><T113/><D34/><U66/><E5/><V95/><F120/><W36/><G36/><T110/><D3/><U53/><E125/><V118/><F118/><W0/><G0/><T80/><D65/><N who="1" m="24587" /><E20/><V46/><F11/><W39/><G39/><T64/><D64/><U44/><E53/><V32/><F32/><W111/><G111/><T26/><D26/><U124/><E44/><V50/><F50/><W87/><G25/><T88/><D110/><U94/><E124/><V56/><F46/><N who="3" m="25823" /><G76/><T97/><D121/><U135/><E135/><V35/><F35/><W33/><G33/><T1/><D1/><U74/><E74/><N who="3" m="28202" /><G132/><T23/><D23/><U117/><E117/><V68/><F21/><W38/><G38/><T105/><D77/><U59/><E123/><V61/><F30/><W47/><G47/><T91/><D104/><U58/><E122/><V63/><F68/><W83/><G89/><N who="0" m="34379" /><D105/><U40/><E40/><N who="2" m="24615" /><F63/><W96/><G96/><N who="0" m="36971" /><D51/><U31/><E28/><V19/><F61/><W41/><G41/><T109/><D55/><U13/><E13/><N who="2" m="7591" /><F2/><W92/><G83/><N who="2" m="31753" /><F4/><W102/><G102/><T134/><D109/><U93/><E94/><V133/><F133/><W126/><G126/><T29/><D29/><U15/><E15/><V79/><F79/><W85/><G85/><RYUUKYOKU ba="0,0" sc="84,0,213,0,397,0,306,0" hai0="73,78,80,112,113,115,134" hai1="22,24,31,58,59,93,99,100,128,129" hai2="56,57,95,103" hai3="16,17,87,90,92,130,131" /><INIT seed="3,1,0,4,0,36" ten="84,213,397,306" oya="3" hai0="40,97,71,48,63,102,49,83,88,99,87,12,45" hai1="13,51,19,21,64,79,100,24,90,22,130,9,128" hai2="58,129,8,55,126,25,117,105,107,59,91,38,68" hai3="82,66,132,31,26,28,70,120,11,27,101,52,39"/><W61/><G39/><T118/><D118/><U41/><E79/><V46/><F117/><W1/><G120/><T86/><D71/><U60/><E100/><V72/><F72/><W124/><G124/><T30/><D30/><U116/><E116/><V10/><F126/><W53/><G132/><T56/><D12/><U96/><E128/><V74/><F68/><W115/><G115/><T67/><D102/><U114/><E130/><V73/><F129/><W127/><G127/><T104/><D104/><U47/><E114/><V103/><F25/><W92/><G82/><T89/><REACH who="0" step="1"/><D49/><REACH who="0" step="2"/><U108/><E108/><V119/><F119/><W121/><G121/><T33/><D33/><U93/><REACH who="1" step="1"/><E24/><REACH who="1" step="2"/><V7/><F103/><W35/><G27/><T135/><D135/><U44/><E44/><V42/><F107/><W65/><G101/><T111/><D111/><U6/><E6/><V2/><F91/><W109/><G109/><T4/><D4/><U123/><E123/><V0/><F105/><W37/><G26/><T113/><D113/><U62/><E62/><V29/><F0/><W78/><G1/><T76/><D76/><U125/><E125/><V69/><F69/><AGARI ba="1,2" hai="9,13,19,21,22,41,47,51,60,64,69,90,93,96" machi="69" ten="30,3900,0" yaku="1,1,7,1,52,1,53,0" doraHai="36" doraHaiUra="54" who="1" fromWho="2" sc="74,0,203,62,397,-42,306,0" owari="74,-33,265,-8,355,35,306,6" /></mjloggm>