<mjloggm ver="2.3"><GO type="41"/><UN n0="%E3%81%A8%E3%81%86%E3%81%94" n1="%61%6E%6E%75%64%6F%6E" n2="%E4%B8%8B%E6%89%8B%E3%81%AE%E6%A8%AA%E5%A5%BD%E3%81%8D%E2%99%AA" n3="%E3%82%A6%E3%83%AB%E3%83%88%E3%83%A9%E7%AB%8B%E7%9B%B4" dan="14,13,16,15" rate="1911,1819,2024,1982" sx="M,M,M,M"/><TAIKYOKU oya="0"/><INIT seed="0,0,0,2,5,24" ten="250,250,250,250" oya="0" hai0="130,75,2,123,53,38,117,9,70,34,29,122,6" hai1="50,57,67,28,89,120,134,39,13,87,72,128,17" hai2="95,92,71,12,133,116,109,94,7,41,27,23,111" hai3="118,11,63,108,127,66,35,132,119,21,49,43,10"/><T47/><D117/><U91/><E39/><V59/><F116/><W84/><G35/><T112/><D112/><U45/><E120/><V80/><F71/><W110/><G118/><T93/><D130/><U8/><E128/><V73/><F133/><W77/><G119/><T65/><D93/><U104/><E72/><V31/><F41/><W33/><G33/><T96/><D96/><U68/><E68/><V131/><F131/><W5/><G21/><T1/><D1/><U90/><E104/><V114/><F114/><W52/><G43/><N who="0" m="23031" /><D75/><U58/><E67/><V55/><F7/><W129/><G129/><T37/><D53/><U54/><E134/><V83/><F12/><W99/><G99/><T64/><D64/><U79/><E28/><V40/><F40/><W15/><G132/><T98/><D98/><U19/><E17/><V86/><F73/><W88/><G10/><T97/><D97/><U102/><E102/><V81/><REACH who="2" step="1"/><F86/><REACH who="2" step="2"/><W82/><G15/><T51/><D37/><U4/><E4/><V126/><F126/><W36/><G36/><T18/><D18/><U56/><E87/><V22/><F22/><W30/><G5/><T16/><D16/><U44/><E45/><V121/><F121/><W3/><G3/><T25/><D51/><AGARI ba="0,1" hai="23,27,31,51,55,59,80,81,83,92,94,95,109,111" machi="51" ten="40,2600,0" yaku="1,1,52,1,53,0" doraHai="24" doraHaiUra="61" who="2" fromWho="0" sc="250,-26,250,0,240,36,250,0" /><INIT seed="1,0,0,3,0,119" ten="224,250,276,250" oya="1" hai0="11,38,99,31,67,28,123,10,79,60,100,113,72" hai1="47,3,13,87,65,39,93,9,115,94,82,74,36" hai2="23,89,57,26,66,116,101,40,22,121,103,25,20" hai3="32,128,19,104,135,108,134,97,46,0,49,27,29"/><U107/><E107/><V4/><F116/><W64/><G64/><T61/><D38/><U105/><E105/><V106/><F4/><W109/><G97/><T48/><D113/><U55/><E65/><V102/><F106/><W42/><G104/><T91/><D72/><U125/><E115/><V77/><F77/><W16/><G0/><T1/><D1/><U92/><E74/><V80/><F40/><W85/><G85/><T6/><D6/><U44/><E3/><V111/><F111/><N who="3" m="42571" /><G128/><T50/><D79/><U7/><E125/><V59/><F121/><W83/><G83/><T127/><D127/><U51/><REACH who="1" step="1"/><E44/><REACH who="1" step="2"/><V96/><F66/><W69/><G69/><T21/><D123/><U52/><E52/><V98/><F59/><W12/><G135/><T130/><D67/><U17/><E17/><V132/><F57/><W78/><G134/><T90/><D21/><U118/><E118/><V124/><F132/><W75/><G75/><T34/><D130/><U43/><E43/><V56/><F56/><W37/><G19/><T126/><D126/><U35/><E35/><V71/><F71/><W120/><G120/><T131/><D131/><U14/><E14/><V133/><F133/><W110/><G110/><T84/><D34/><U95/><N who="1" m="24064" /><DORA hai="54" /><U62/><E62/><V15/><F15/><W73/><G16/><T58/><D99/><N who="2" m="37930" /><F124/><W117/><G12/><T41/><D41/><U18/><E18/><V122/><F122/><W33/><G117/><T70/><D70/><U86/><E86/><AGARI ba="0,1" hai="20,22,23,25,26,80,86,89,101,102,103" m="37930" machi="86" ten="40,1300,0" yaku="8,1" doraHai="119,54" who="2" fromWho="1" sc="224,0,240,-13,276,23,250,0" /><INIT seed="2,0,0,3,1,24" ten="224,227,299,250" oya="2" hai0="48,9,98,41,99,50,105,21,40,95,70,18,35" hai1="5,39,54,47,115,32,62,10,116,37,8,128,30" hai2="20,76,65,111,45,100,134,67,114,55,11,77,120" hai3="129,36,112,109,53,46,80,126,83,79,44,89,82"/><V58/><F114/><W118/><G118/><T88/><D35/><U90/><E116/><V104/><F120/><W132/><G112/><T135/><D70/><U63/><E115/><V122/><F122/><W94/><G126/><T73/><D73/><U117/><E117/><V42/><F134/><W107/><G107/><T7/><D105/><U52/><E128/><V127/><F127/><W19/><G132/><T102/><D135/><U31/><E32/><V123/><F123/><W56/><G129/><T6/><D102/><U1/><E1/><V110/><F11/><W57/><G109/><N who="2" m="41481" /><F20/><W125/><G125/><T15/><D99/><U131/><E131/><V4/><F4/><N who="0" m="1578" /><D9/><U130/><E130/><V38/><F100/><W14/><G79/><N who="2" m="30281" /><F104/><W64/><G64/><T22/><D22/><U113/><E5/><V97/><F97/><N who="3" m="57551" /><G36/><T78/><D78/><U106/><E113/><V27/><F27/><W26/><G26/><T0/><D0/><U121/><E106/><V85/><F85/><W91/><G91/><T96/><D96/><U23/><E121/><V119/><F119/><W108/><G108/><T92/><D92/><U28/><E23/><V2/><F2/><W87/><G87/><T34/><D34/><U68/><E90/><V74/><F74/><W59/><G53/><N who="1" m="20586" /><E47/><V16/><F16/><W133/><G133/><T12/><D12/><U17/><E17/><V61/><AGARI ba="0,0" hai="38,42,45,55,58,61,65,67" m="30281,41481" machi="61" ten="30,3000,0" yaku="14,1,10,1" doraHai="24" who="2" fromWho="2" sc="224,-10,227,-10,299,30,250,-10" /><INIT seed="2,1,0,3,2,84" ten="214,217,329,240" oya="2" hai0="117,14,39,92,54,64,4,42,37,119,5,10,32" hai1="76,29,72,96,79,108,30,68,95,130,26,21,33" hai2="40,110,69,49,12,121,47,2,126,7,114,86,70" hai3="87,127,106,118,94,128,60,100,62,71,56,88,63"/><V115/><F121/><W35/><G118/><T55/><D32/><U16/><E68/><V24/><F2/><W102/><G127/><T124/><D64/><U113/><E113/><V82/><F126/><W99/><G128/><T11/><D124/><U97/><E130/><V112/><F110/><W107/><G35/><T44/><D39/><U50/><E108/><V77/><REACH who="2" step="1"/><F24/><REACH who="2" step="2"/><W80/><G71/><T27/><D27/><U25/><E72/><V129/><F129/><W90/><REACH who="3" step="1"/><G56/><REACH who="3" step="2"/><T17/><D119/><U65/><E30/><V41/><F41/><W131/><G131/><T38/><D117/><U3/><E33/><V120/><F120/><W125/><G125/><T75/><D75/><U48/><E29/><V57/><F57/><W8/><G8/><AGARI ba="1,2" hai="7,8,12,40,47,49,69,70,77,82,86,112,114,115" machi="8" ten="40,12000,1" yaku="1,1,25,2,53,1" doraHai="84" doraHaiUra="81" who="2" fromWho="3" sc="214,0,217,0,319,143,230,-123" /><INIT seed="2,2,0,3,1,11" ten="214,217,462,107" oya="2" hai0="25,16,93,109,127,30,88,81,18,20,35,73,37" hai1="38,51,92,58,34,133,67,36,52,76,123,126,26" hai2="107,71,95,62,120,64,43,66,55,116,46,96,114" hai3="2,53,54,9,45,101,49,108,128,6,23,91,80"/><V94/><F114/><W48/><G128/><T82/><D37/><U63/><E123/><V57/><F116/><W98/><G108/><T27/><D109/><U41/><E126/><V86/><F120/><W110/><G110/><T70/><D70/><U8/><E76/><V125/><F125/><W112/><G112/><T97/><D127/><U14/><E133/><V118/><F118/><W32/><G32/><T119/><D119/><U68/><E34/><V1/><F1/><W111/><G111/><T87/><D73/><U13/><E26/><V113/><F113/><W131/><G131/><T31/><REACH who="0" step="1"/><D82/><REACH who="0" step="2"/><U102/><E92/><V40/><F71/><W130/><G130/><T134/><D134/><U60/><E36/><V29/><F95/><W28/><G80/><T61/><D61/><U83/><E83/><V59/><F62/><W77/><G77/><AGARI ba="2,1" hai="16,18,20,25,27,30,31,35,77,81,87,88,93,97" machi="77" ten="30,12000,2" yaku="1,1,7,1,54,2,53,2" doraHai="11" doraHaiUra="22" who="0" fromWho="3" sc="204,136,217,0,462,0,107,-126" owari="340,14,217,-18,462,56,-19,-52" /></mjloggm>