<mjloggm ver="2.3"><GO type="193"/><UN n0="%E3%81%BE%E3%81%AB%E3%82%93" n1="%62%69%6E%6F%61%6E%69" n2="%E3%82%A6%E3%83%AB%E3%83%88%E3%83%A9%E7%AB%8B%E7%9B%B4" n3="%73%69%70%70%75" dan="12,13,11,11" rate="1922,1694,1754,1572" sx="M,M,M,M"/><TAIKYOKU oya="0"/><INIT seed="0,0,0,5,5,33" ten="250,250,250,250" oya="0" hai0="71,84,50,28,77,101,31,37,109,62,113,112,65" hai1="68,57,86,39,10,58,76,38,100,130,98,4,32" hai2="29,54,108,19,20,97,2,25,134,34,43,96,91" hai3="119,125,92,55,78,105,124,3,22,18,8,131,99" shuffle="mt19937ar,D37D58AB,D87AB69B,ADA8371B,D5A1A90C,5650E581,F83AEEA9,6F357F26,F41EAC5D"/><T13/><D37/><U46/><E68/><V24/><F43/><W106/><G119/><T128/><D128/><U111/><E32/><V122/><F97/><W61/><G131/><T59/><D109/><U117/><E130/><V47/><F122/><W70/><G78/><T118/><D118/><U82/><E111/><V67/><F67/><W15/><G70/><T95/><D13/><U11/><E11/><V12/><F108/><W48/><G61/><T53/><D77/><U30/><E30/><V135/><F91/><W6/><G48/><T0/><D0/><U1/><E39/><V73/><F96/><W14/><G55/><T88/><REACH who="0" step="1"/><D101/><REACH who="0" step="2"/><U41/><REACH who="1" step="1"/><E117/><REACH who="1" step="2"/><V49/><F73/><W23/><G15/><T36/><D36/><U40/><E40/><V9/><REACH who="2" step="1"/><F2/><REACH who="2" step="2"/><W72/><G72/><T103/><D103/><U123/><E123/><V74/><F74/><W5/><G5/><AGARI ba="0,3" hai="5,9,12,19,20,24,25,29,34,47,49,54,134,135" machi="5" ten="40,1300,0" yaku="1,1,53,0" doraHai="33" doraHaiUra="102" who="2" fromWho="3" sc="240,0,240,0,240,43,250,-13" /><INIT seed="1,0,0,4,4,59" ten="240,240,283,237" oya="1" hai0="49,85,93,134,36,20,72,21,117,29,30,100,40" hai1="32,98,88,129,110,8,67,2,126,122,73,83,127" hai2="65,94,24,86,106,82,132,84,103,62,124,75,74" hai3="120,125,19,135,60,50,76,28,91,78,22,7,53" shuffle="mt19937ar,76F37433,48C338D3,B2128F35,0A0BDEFA,558B873E,06B411C5,7E529BAC,0F3E20BE"/><U15/><E32/><V34/><F124/><N who="1" m="47657" /><E2/><V23/><F132/><W128/><G120/><T70/><D134/><U79/><E67/><V109/><F109/><W80/><G125/><T25/><D117/><U26/><E26/><V116/><F116/><W105/><G105/><T92/><D72/><U42/><E42/><V56/><F34/><W10/><G135/><T5/><D70/><U17/><E122/><V115/><F106/><W107/><G107/><T58/><D36/><U119/><E119/><V1/><F1/><W47/><G128/><T81/><D5/><U11/><E129/><V63/><F115/><W6/><G28/><T48/><D100/><U31/><E31/><V87/><F82/><W111/><G111/><T113/><D113/><U66/><E66/><V123/><F123/><W35/><G35/><T55/><D29/><U41/><E41/><V18/><F74/><W69/><G69/><T0/><D0/><U44/><E44/><V130/><F75/><W43/><G43/><T95/><D21/><N who="1" m="11455" /><E110/><V54/><F130/><W77/><G60/><N who="0" m="35935" /><D40/><U61/><E61/><N who="2" m="35991" /><F65/><W39/><G39/><T9/><D9/><U38/><E38/><V118/><F118/><W13/><REACH who="3" step="1"/><G10/><REACH who="3" step="2"/><T51/><D48/><U12/><E8/><V104/><F104/><W96/><G96/><AGARI ba="0,1" hai="18,23,24,62,63,84,86,87,94,96,103" m="35991" machi="96" ten="30,7700,0" yaku="8,1,52,3" doraHai="59" who="2" fromWho="3" sc="240,0,240,0,283,87,227,-77" /><INIT seed="2,0,0,2,3,99" ten="240,240,370,150" oya="2" hai0="62,46,107,94,95,84,2,66,85,50,69,123,4" hai1="118,35,36,72,125,49,40,39,34,76,6,0,115" hai2="78,64,63,126,131,73,60,8,68,112,121,114,30" hai3="75,104,102,55,132,16,14,79,90,48,28,24,110" shuffle="mt19937ar,E7C9F34C,9528F128,83FE551C,865374A0,4B021235,7D185E70,CEF8F864,B96740E3"/><V19/><F19/><W53/><G132/><T135/><D135/><U120/><E118/><V70/><F8/><W23/><G110/><T117/><D123/><U111/><E120/><V25/><F126/><W47/><G75/><T100/><D117/><U133/><E125/><V81/><F131/><W130/><G104/><T51/><D51/><U103/><E133/><V59/><F121/><W45/><G130/><T74/><D74/><U127/><E111/><V38/><F38/><W89/><G79/><T134/><D134/><U32/><E127/><V86/><F86/><W61/><G102/><T82/><D85/><U124/><E124/><V54/><F54/><W80/><G80/><T57/><D69/><U20/><E20/><V77/><F77/><W108/><G61/><T129/><D129/><U44/><E103/><V11/><F11/><W13/><G108/><T119/><D119/><U29/><E29/><V96/><F96/><W92/><G92/><T18/><D18/><U12/><E12/><V17/><F59/><W105/><G105/><T52/><D2/><U122/><E122/><V97/><F97/><W67/><G67/><T21/><D21/><U43/><E115/><V31/><F17/><W87/><G87/><T109/><D109/><U58/><E58/><V33/><F31/><W83/><G83/><T128/><D128/><U9/><E49/><V15/><F15/><N who="3" m="5643" /><G28/><T116/><D4/><U93/><E93/><N who="0" m="35337" /><D116/><U113/><E113/><V65/><AGARI ba="0,0" hai="25,30,33,60,63,64,65,68,70,73,78,81,112,114" machi="65" ten="30,11700,0" yaku="0,1,9,1,23,2" doraHai="99" who="2" fromWho="2" sc="240,-39,240,-39,370,117,150,-39" /><INIT seed="2,1,0,3,5,33" ten="201,201,487,111" oya="2" hai0="132,110,52,81,130,32,7,108,55,93,87,125,12" hai1="95,74,126,114,107,20,119,3,30,92,15,103,117" hai2="4,14,67,21,127,66,36,77,60,31,104,90,84" hai3="29,120,22,65,73,101,122,48,113,42,63,112,38" shuffle="mt19937ar,B11249A7,0D1FB4FD,BC79B782,2576A760,0DEB54D0,1D9CC4C6,15F522A6,B2C9CE8A"/><V56/><F36/><W40/><G73/><T123/><D123/><N who="3" m="47145" /><G101/><T115/><D115/><N who="3" m="44105" /><G22/><T13/><D32/><U69/><E74/><V35/><F104/><W89/><G89/><T19/><D132/><U46/><E69/><V53/><F35/><W1/><G29/><T72/><D130/><U58/><E126/><V78/><F127/><W5/><G5/><T86/><D125/><U64/><E46/><V11/><F78/><W102/><G102/><T79/><D13/><U17/><E114/><V10/><F77/><W9/><G9/><T54/><D7/><U23/><E107/><V49/><F11/><W121/><G1/><T88/><REACH who="0" step="1"/><D72/><REACH who="0" step="2"/><U59/><E117/><V124/><F124/><W47/><N who="3" m="47153" /><W44/><DORA hai="116" /><G63/><T82/><D82/><U118/><E3/><V98/><F60/><W134/><G134/><T99/><D99/><U68/><E119/><V18/><F98/><W39/><G65/><T6/><D6/><U85/><E64/><V83/><F4/><W128/><G128/><T61/><D61/><U34/><E68/><V37/><F10/><AGARI ba="1,1" hai="10,12,19,52,54,55,79,81,86,87,88,93,108,110" machi="10" ten="40,8000,1" yaku="1,1,54,2,53,1" doraHai="33,116" doraHaiUra="91,129" who="0" fromWho="2" sc="191,93,201,0,487,-83,111,0" /><INIT seed="3,0,0,5,4,21" ten="284,201,404,111" oya="3" hai0="25,79,46,32,5,47,2,71,109,60,12,77,111" hai1="91,66,28,3,51,70,59,114,4,120,45,73,41" hai2="65,129,85,118,23,135,10,134,88,9,40,113,117" hai3="98,102,44,34,1,128,130,93,107,90,75,132,55" shuffle="mt19937ar,D5F9BF5F,37DC8EEB,606356A9,1C11FA34,0F79602B,50C9F6E3,56242889,4B0694DF"/><W86/><G1/><T119/><D119/><U103/><E73/><V22/><F65/><W11/><G11/><N who="2" m="4105" /><F40/><W74/><G34/><T33/><D71/><U84/><E70/><V89/><F129/><N who="3" m="49771" /><G55/><T62/><D12/><U121/><E103/><V64/><F113/><W49/><G49/><T100/><D100/><U99/><E114/><V6/><F64/><W67/><G67/><T56/><D56/><U83/><E99/><V16/><F6/><W58/><G58/><T76/><D5/><U133/><E4/><V8/><F8/><W122/><G44/><N who="0" m="16939" /><D2/><U116/><E3/><V82/><F23/><W35/><G35/><N who="0" m="13387" /><D25/><U94/><E133/><N who="2" m="50699" /><F89/><N who="3" m="53431" /><G132/><T112/><D111/><U97/><E116/><V38/><F38/><W124/><G124/><T14/><D14/><AGARI ba="0,0" hai="14,16,22,82,85,88,117,118" m="50699,4105" machi="14" ten="30,3900,0" yaku="20,1,54,2" doraHai="21" who="2" fromWho="0" sc="284,-39,201,0,404,39,111,0" owari="245,0,201,-15,443,44,111,-29" /></mjloggm>