<mjloggm ver="2.3"><GO type="41"/><UN n0="%E3%81%8A%E3%81%A3%E3%81%95%E3%82%93%45%58" n1="%E7%87%A6%73%75%6E" n2="%E3%82%A6%E3%83%AB%E3%83%88%E3%83%A9%E7%AB%8B%E7%9B%B4" n3="%E6%A1%83%E5%AD%90" dan="14,13,15,14" rate="1874,1835,1971,1875" sx="M,M,M,F"/><TAIKYOKU oya="0"/><INIT seed="0,0,0,4,5,35" ten="250,250,250,250" oya="0" hai0="92,45,30,80,110,46,94,105,122,39,76,87,42" hai1="71,55,17,96,113,118,123,14,11,60,1,101,54" hai2="114,89,26,77,41,107,106,63,115,58,88,5,6" hai3="84,91,82,133,64,72,93,119,135,27,95,49,9"/><T100/><D122/><U68/><E118/><V109/><F58/><W134/><G119/><T65/><D65/><U121/><E123/><V0/><F63/><W28/><G9/><T36/><D30/><U127/><E121/><V24/><F41/><W112/><G112/><T86/><D110/><U16/><E127/><V40/><F40/><W56/><G72/><T4/><D4/><U67/><E113/><V78/><REACH who="2" step="1"/><F109/><REACH who="2" step="2"/><W97/><G64/><T129/><D129/><U74/><E71/><V116/><F116/><W13/><G56/><T29/><D39/><U8/><E74/><V12/><F12/><W81/><G49/><T44/><D45/><U66/><E1/><AGARI ba="0,1" hai="0,1,5,6,24,26,77,78,88,89,106,107,114,115" machi="1" ten="25,12000,2" yaku="1,1,22,2,52,2,54,1,53,0" doraHai="35" doraHaiUra="125" who="2" fromWho="1" sc="250,0,250,-120,240,130,250,0" /><INIT seed="1,0,0,0,5,104" ten="250,130,370,250" oya="1" hai0="114,39,89,29,18,3,34,69,51,22,43,23,60" hai1="135,11,80,76,86,21,13,107,46,67,91,105,27" hai2="108,55,33,63,77,88,36,6,24,26,102,59,110" hai3="83,37,106,99,78,20,133,14,98,28,50,109,38"/><U9/><E135/><V17/><F36/><W1/><G133/><T35/><D114/><U48/><E67/><V61/><F102/><W100/><G1/><T128/><D3/><U87/><E11/><V85/><F6/><W125/><G125/><T66/><D128/><U74/><E107/><V116/><F116/><W96/><G109/><N who="2" m="42089" /><F33/><W19/><G28/><T40/><D39/><U70/><E105/><V113/><F113/><W47/><G38/><T119/><D119/><U4/><E70/><V5/><F5/><W52/><REACH who="3" step="1"/><G37/><REACH who="3" step="2"/><T15/><D29/><U134/><E134/><V90/><F63/><W132/><G132/><T115/><D115/><U7/><E7/><V45/><F17/><W72/><AGARI ba="0,1" hai="14,19,20,47,50,52,72,78,83,96,98,99,100,106" machi="72" ten="20,8000,1" yaku="1,1,0,1,7,1,52,1,54,1,53,0" doraHai="104" doraHaiUra="62" who="3" fromWho="3" sc="250,-20,130,-40,370,-20,240,90" /><INIT seed="2,0,0,2,1,24" ten="230,90,350,330" oya="2" hai0="90,33,40,26,94,133,56,95,30,16,41,130,39" hai1="36,78,88,54,131,37,13,103,126,62,127,65,63" hai2="121,18,77,109,22,29,124,53,92,14,122,20,72" hai3="93,25,9,86,105,68,81,60,117,89,82,97,1"/><V51/><F77/><W100/><G117/><T120/><D130/><U43/><E103/><V71/><F72/><W80/><G1/><T76/><D133/><U75/><E78/><V106/><F106/><W69/><G9/><T135/><D135/><U45/><E75/><V10/><F71/><W21/><REACH who="3" step="1"/><G60/><REACH who="3" step="2"/><T47/><D120/><U115/><E115/><V15/><F122/><W99/><G99/><T44/><D76/><U38/><E131/><V35/><F121/><W50/><G50/><T67/><D67/><U23/><E23/><V132/><F132/><W42/><G42/><T61/><D61/><U104/><E104/><V128/><F128/><W73/><G73/><T32/><D32/><U114/><E114/><V70/><F35/><W129/><G129/><T123/><D123/><U64/><E13/><V12/><F22/><W87/><G87/><T7/><D41/><U98/><E98/><V108/><F51/><W34/><G34/><T111/><D33/><U0/><E0/><V116/><F116/><W112/><G112/><T8/><D40/><U119/><E119/><V101/><F53/><W96/><G96/><T4/><D39/><U84/><E54/><V125/><F15/><W17/><AGARI ba="0,1" hai="17,21,25,68,69,80,81,82,86,89,93,97,100,105" machi="17" ten="30,4000,0" yaku="1,1,0,1,53,1" doraHai="24" doraHaiUra="83" who="3" fromWho="3" sc="230,-10,90,-10,350,-20,320,50" /><INIT seed="3,0,0,2,4,131" ten="220,80,330,370" oya="3" hai0="24,42,82,98,68,8,103,12,26,40,14,52,44" hai1="46,83,87,106,50,116,80,119,28,130,100,11,111" hai2="63,94,99,73,5,90,36,97,91,133,117,51,135" hai3="84,9,105,85,15,49,104,39,102,75,47,67,128"/><W29/><G75/><T62/><D68/><U124/><E130/><V61/><F36/><W126/><G126/><T34/><D34/><U17/><E111/><V65/><F73/><W3/><G128/><T7/><D14/><U127/><E28/><V121/><F117/><N who="1" m="45129" /><E17/><V37/><F37/><W86/><G3/><T76/><D62/><U59/><E59/><V19/><F121/><W31/><G39/><T96/><D52/><U18/><E18/><V45/><F5/><W88/><G67/><T132/><D132/><N who="2" m="50762" /><F19/><N who="3" m="8687" /><G105/><T22/><D98/><N who="2" m="37386" /><F94/><N who="3" m="54535" /><G104/><T25/><D44/><U58/><E58/><N who="2" m="37047" /><F63/><W78/><G102/><T125/><D42/><AGARI ba="0,0" hai="42,45,51,90,91" m="37047,37386,50762" machi="42" ten="30,7700,0" yaku="20,1,52,3" doraHai="131" who="2" fromWho="0" sc="220,-77,80,0,330,77,370,0" /><INIT seed="4,0,0,1,1,10" ten="143,80,407,370" oya="0" hai0="9,56,7,62,8,25,60,69,121,133,17,105,78" hai1="127,49,30,132,102,97,6,116,125,28,26,124,4" hai2="21,110,111,71,58,41,108,32,22,42,40,64,119" hai3="87,129,48,5,114,45,91,82,85,113,47,36,92"/><T59/><D133/><U70/><E116/><V90/><F71/><W126/><G126/><T122/><D105/><U39/><E70/><V89/><F32/><W15/><G129/><T83/><D69/><U18/><E39/><V14/><F64/><W12/><G36/><T44/><D44/><U46/><E132/><V115/><F58/><W72/><G72/><T79/><D17/><U128/><E128/><V77/><F77/><N who="3" m="46287" /><G5/><N who="1" m="2154" /><E49/><V112/><F119/><W109/><G109/><T50/><D7/><U84/><E84/><V107/><F107/><W73/><G73/><T66/><D50/><U1/><E46/><V130/><F130/><W35/><G35/><T13/><D25/><U123/><E123/><V95/><F95/><W99/><G99/><T120/><D13/><N who="3" m="5193" /><G48/><T20/><D20/><N who="2" m="7786" /><F14/><W98/><G98/><T63/><D66/><U54/><E1/><V104/><F104/><W88/><G91/><AGARI ba="0,0" hai="40,41,42,89,90,91,108,110,111,112,115" m="7786" machi="91" ten="40,2600,0" yaku="28,2" doraHai="10" who="2" fromWho="3" sc="143,0,80,0,407,26,370,-26" /><INIT seed="5,0,0,1,1,70" ten="143,80,433,344" oya="1" hai0="11,107,8,130,1,51,24,104,41,14,47,48,17" hai1="132,58,7,59,34,81,0,12,54,4,30,2,106" hai2="77,21,28,92,102,108,128,116,93,69,100,44,129" hai3="110,120,114,5,72,82,115,131,66,127,57,89,35"/><U122/><E106/><V36/><F69/><W62/><G120/><T61/><D130/><N who="2" m="50282" /><F108/><W91/><G110/><T45/><D24/><U133/><E122/><V90/><F77/><W53/><G131/><T88/><D61/><U109/><E81/><V39/><F92/><W85/><G35/><T76/><D1/><N who="1" m="619" /><E12/><V10/><F10/><W125/><G5/><N who="1" m="2122" /><E109/><V98/><F44/><W52/><G72/><T87/><D8/><U80/><E80/><V123/><F123/><W112/><REACH who="3" step="1"/><G91/><REACH who="3" step="2"/><T86/><D76/><U26/><E54/><AGARI ba="0,1" hai="52,53,54,57,62,66,82,85,89,112,114,115,125,127" machi="54" ten="50,8000,1" yaku="1,1,2,1,15,1,54,1,53,0" doraHai="70" doraHaiUra="15" who="3" fromWho="1" sc="143,0,80,-80,433,0,334,90" /><INIT seed="6,0,0,2,2,19" ten="143,0,433,424" oya="2" hai0="65,44,72,74,40,17,0,108,61,42,116,66,8" hai1="85,16,26,79,103,76,109,5,114,52,81,88,13" hai2="78,28,20,4,121,22,106,39,33,101,37,47,107" hai3="102,9,63,95,15,51,7,112,87,75,110,123,34"/><V41/><F121/><W118/><G123/><T27/><D108/><U96/><E109/><V12/><F39/><W131/><G110/><T43/><D116/><U64/><E114/><V58/><F78/><W23/><G118/><T69/><D0/><U132/><E64/><V135/><F33/><W124/><G124/><T105/><D8/><U70/><E70/><V117/><F117/><W119/><G131/><T45/><D17/><U99/><E132/><V104/><F135/><W73/><G119/><T89/><D27/><U18/><E5/><V1/><F1/><W71/><G112/><T67/><D89/><U55/><E26/><V94/><F28/><W127/><G127/><T3/><D3/><U31/><E31/><V84/><F58/><W56/><G34/><T60/><D105/><U46/><E46/><V14/><F101/><W21/><G71/><T24/><D24/><U134/><E134/><V25/><F25/><W90/><G75/><T53/><D53/><N who="1" m="20555" /><E103/><V86/><F94/><W100/><G73/><N who="0" m="28267" /><D69/><U129/><E129/><V115/><F115/><W32/><G51/><T62/><AGARI ba="0,0" hai="40,42,43,44,45,60,61,62,65,66,67" m="28267" machi="62" ten="40,8000,1" yaku="29,2,28,2" doraHai="19" who="0" fromWho="0" sc="143,80,0,-20,433,-40,424,-20" owari="223,-18,-20,-52,393,19,404,51" /></mjloggm>