<mjloggm ver="2.3"><GO type="41"/><UN n0="%E3%82%A6%E3%83%AB%E3%83%88%E3%83%A9%E7%AB%8B%E7%9B%B4" n1="%E4%B8%8D%E5%88%A9%E5%A4%A9%E5%A4%AA%E9%83%8E" n2="%E4%BA%95%E6%B5%A6" n3="%63%68%6F%62%2D" dan="14,13,13,13" rate="1956,1809,1897,1839" sx="M,M,F,M"/><TAIKYOKU oya="0"/><INIT seed="0,0,0,4,1,53" ten="250,250,250,250" oya="0" hai0="94,1,63,67,62,17,129,80,135,26,44,77,74" hai1="20,8,131,120,76,112,111,14,71,123,91,121,45" hai2="32,19,47,72,28,11,18,51,106,100,85,119,4" hai3="58,96,59,21,57,98,41,134,35,43,97,25,102"/><T133/><D1/><U113/><E111/><V90/><F72/><W78/><G35/><T42/><D129/><U36/><E71/><V83/><F119/><W70/><G70/><T114/><D114/><N who="1" m="44139" /><E131/><V132/><F132/><N who="0" m="50762" /><D94/><U12/><E76/><V37/><F37/><W75/><G134/><T64/><D26/><U22/><E91/><V130/><F130/><W52/><G75/><T48/><D17/><N who="1" m="10551" /><E36/><V95/><F32/><W92/><G78/><T108/><D108/><U103/><E45/><V116/><F28/><N who="3" m="17455" /><G52/><T109/><D109/><U69/><E103/><V99/><F116/><W23/><G23/><T118/><D118/><U86/><E86/><V33/><F33/><W54/><G54/><T104/><D104/><U110/><E20/><V128/><F128/><W126/><G126/><T50/><D50/><U16/><E69/><V9/><F106/><W107/><G107/><T13/><D13/><U15/><E110/><V39/><F39/><W40/><AGARI ba="0,0" hai="40,41,43,57,58,59,92,96,97,98,102" m="17455" machi="40" ten="30,7900,0" yaku="8,1,52,3" doraHai="53" who="3" fromWho="3" sc="250,-39,250,-20,250,-20,250,79" /><INIT seed="1,0,0,5,0,132" ten="211,230,230,329" oya="1" hai0="21,19,133,69,118,4,100,59,126,30,86,93,85" hai1="52,1,22,105,61,89,88,114,57,102,121,99,35" hai2="104,8,73,83,127,55,40,36,48,28,38,72,10" hai3="111,81,130,109,95,54,20,98,125,49,80,50,33"/><U44/><E121/><V124/><F104/><W101/><G33/><T7/><D69/><U135/><E135/><V27/><F72/><W24/><G130/><T34/><D118/><U106/><E114/><V70/><F70/><W91/><G125/><N who="2" m="48201" /><F40/><W131/><G131/><T56/><D133/><U103/><E1/><V58/><F73/><W65/><G65/><T71/><D30/><U75/><E75/><V74/><F74/><W96/><G50/><T123/><D34/><U108/><E44/><V16/><F83/><W79/><G79/><T0/><D0/><U12/><E35/><N who="2" m="20895" /><F16/><W107/><G111/><T110/><D110/><U32/><E32/><V29/><F29/><W84/><G109/><T26/><D71/><U46/><E108/><V14/><F14/><W117/><G117/><T18/><D18/><N who="1" m="10567" /><E106/><V39/><AGARI ba="0,0" hai="8,10,36,38,39,48,55,58" m="20895,48201" machi="39" ten="40,8000,1" yaku="18,1,52,3" doraHai="132" who="2" fromWho="2" sc="211,-20,230,-40,230,80,329,-20" /><INIT seed="2,0,0,5,3,101" ten="191,190,310,309" oya="2" hai0="69,77,78,121,100,47,41,113,17,34,75,88,31" hai1="40,35,62,132,27,67,135,48,12,94,72,20,24" hai2="54,45,7,95,3,91,10,112,1,98,44,38,21" hai3="82,53,70,71,51,107,125,50,131,79,127,30,39"/><V104/><F112/><W89/><G39/><T84/><D113/><U5/><E72/><V126/><F126/><N who="3" m="48139" /><G131/><T90/><D121/><U134/><E35/><V109/><F109/><W124/><G124/><T60/><D75/><U37/><E37/><V130/><F130/><W102/><G30/><T129/><D129/><U63/><E94/><V93/><F104/><W110/><G110/><T85/><D100/><U26/><E67/><V128/><F128/><W29/><G29/><T19/><D31/><U133/><E5/><V96/><F21/><W120/><G120/><T68/><D60/><U105/><E105/><V108/><F108/><W106/><G89/><T56/><D56/><U74/><E74/><V115/><F115/><W22/><G22/><T14/><D41/><U9/><E9/><V122/><F122/><W32/><G32/><T76/><D34/><U16/><N who="1" m="33792" /><DORA hai="81" /><U123/><REACH who="1" step="1"/><E123/><REACH who="1" step="2"/><V0/><F38/><W11/><G11/><T55/><D69/><U6/><E6/><V103/><REACH who="2" step="1"/><F54/><REACH who="2" step="2"/><W43/><G53/><T15/><D55/><U36/><E36/><V2/><AGARI ba="0,2" hai="0,1,2,3,7,10,44,45,91,93,95,96,98,103" machi="2" ten="30,11700,0" yaku="1,1,2,1,0,1,53,1" doraHai="101,81" doraHaiUra="8,87" who="2" fromWho="2" sc="191,-39,180,-39,300,137,309,-39" /><INIT seed="2,1,0,0,4,132" ten="152,141,437,270" oya="2" hai0="70,42,92,90,16,26,71,35,93,104,120,15,13" hai1="128,63,19,99,11,88,28,111,117,75,69,82,127" hai2="29,98,12,24,77,121,61,113,49,101,60,36,41" hai3="116,86,66,110,32,74,115,103,123,122,47,55,17"/><V87/><F121/><W23/><G66/><T27/><D104/><U91/><E117/><V95/><F113/><W34/><G103/><T54/><D42/><U37/><E111/><V83/><F36/><W33/><G116/><T31/><D120/><U72/><E128/><V133/><F133/><W67/><G67/><T94/><D90/><U9/><E37/><V7/><F7/><W3/><G3/><T119/><D119/><U38/><E38/><V10/><F41/><W57/><G74/><T105/><D105/><U65/><E28/><V50/><F10/><W59/><G115/><T39/><D39/><U112/><E112/><V8/><F49/><W4/><G4/><T46/><D46/><U30/><E30/><V114/><F114/><W51/><G110/><T124/><D54/><U25/><E75/><V73/><F50/><W52/><G86/><T108/><D108/><U18/><E18/><V131/><F131/><W89/><G89/><T78/><D78/><U58/><E69/><N who="0" m="26121" /><D31/><U53/><E72/><V43/><F43/><W14/><G47/><T126/><D35/><U80/><E91/><V64/><F73/><W134/><G134/><T45/><D45/><U22/><E53/><V1/><F1/><W6/><G6/><T135/><D135/><U62/><E62/><V130/><F130/><W2/><G2/><T109/><D109/><U102/><E88/><V107/><F107/><W21/><G21/><N who="0" m="13607" /><D27/><U40/><E40/><V125/><F8/><W118/><G118/><T44/><D44/><U129/><E9/><V81/><F12/><W84/><G123/><RYUUKYOKU ba="1,0" sc="152,30,141,-10,437,-10,270,-10" hai0="13,15,92,93,94,124,126" /><INIT seed="3,2,0,5,4,103" ten="182,131,427,260" oya="3" hai0="83,111,3,106,66,14,92,123,55,32,49,118,129" hai1="52,0,105,40,10,54,128,63,47,82,48,108,38" hai2="4,18,36,112,81,43,68,94,89,25,15,42,56" hai3="73,84,24,39,85,8,76,19,12,72,21,22,132"/><W127/><G39/><T1/><D123/><U135/><E128/><V50/><F112/><W53/><G127/><T62/><D118/><U35/><E35/><V80/><F68/><W97/><G22/><T7/><D32/><U28/><E28/><V125/><F125/><W88/><G132/><T98/><D111/><U104/><E82/><V16/><F36/><W134/><G134/><T78/><D129/><U107/><E108/><V31/><F4/><W17/><G53/><T74/><D14/><U34/><E34/><V109/><F109/><W58/><G58/><T37/><D37/><U100/><E135/><V46/><F43/><W79/><G73/><T116/><D116/><U115/><E115/><V5/><F56/><W133/><G133/><T44/><D7/><U30/><E30/><V27/><F5/><W64/><G64/><T124/><D124/><U70/><E10/><N who="2" m="6263" /><F18/><W126/><G126/><T119/><D119/><U110/><E0/><V23/><F27/><W101/><G72/><T20/><D20/><U86/><E110/><V11/><F11/><W99/><G101/><T41/><D41/><U57/><E54/><V120/><F120/><W130/><G130/><T2/><D106/><U67/><E86/><AGARI ba="2,0" hai="23,25,31,42,46,50,80,81,86,89,94" m="6263" machi="86" ten="30,2000,0" yaku="8,1,54,1" doraHai="103" who="2" fromWho="1" sc="182,0,131,-26,427,26,260,0" /><INIT seed="4,0,0,2,1,1" ten="182,105,453,260" oya="0" hai0="43,102,122,45,37,82,3,61,51,81,24,21,84" hai1="91,90,132,113,32,101,57,67,17,49,123,109,74" hai2="133,63,59,10,85,30,118,128,106,86,39,25,20" hai3="53,44,55,69,134,65,87,116,71,98,35,96,92"/><T34/><D122/><U79/><E123/><V13/><F118/><W68/><G116/><T117/><D34/><U7/><E113/><V89/><F106/><W6/><G35/><T40/><D117/><U46/><E79/><V70/><F128/><W50/><G134/><T29/><D102/><U56/><E74/><V4/><F133/><W135/><G135/><T33/><D33/><U95/><E132/><V16/><F70/><W111/><G111/><T15/><D3/><U121/><E32/><V125/><F125/><W72/><G72/><T41/><D61/><U23/><E121/><V130/><F130/><W114/><G114/><T48/><D37/><U77/><E109/><V58/><F39/><W11/><G65/><T97/><D97/><U18/><E77/><V76/><F76/><W124/><G124/><T115/><D115/><U107/><E107/><V126/><F126/><W129/><G129/><T5/><D48/><U36/><E36/><V80/><F86/><W38/><G38/><T83/><D84/><U12/><E101/><V100/><F100/><W47/><G87/><T94/><D94/><U54/><E67/><N who="2" m="39415" /><F59/><N who="1" m="22601" /><E18/><AGARI ba="0,0" hai="4,10,13,16,18,20,25,30,80,85,89" m="39415" machi="18" ten="30,3900,0" yaku="8,1,52,1,54,1" doraHai="1" who="2" fromWho="1" sc="182,0,105,-39,453,39,260,0" /><INIT seed="5,0,0,3,3,0" ten="182,66,492,260" oya="1" hai0="48,94,89,133,112,16,131,42,115,80,11,107,126" hai1="51,20,18,26,62,103,108,10,1,52,57,118,49" hai2="61,110,2,19,50,125,101,134,120,100,39,21,86" hai3="8,97,117,14,41,119,56,45,12,123,105,46,135"/><U95/><E118/><V111/><F120/><W32/><G32/><T75/><D107/><U36/><E108/><V34/><F39/><W28/><G28/><T22/><D80/><U23/><E36/><V122/><F34/><W69/><G69/><T38/><D38/><U106/><E106/><V5/><F122/><W98/><G123/><T132/><D75/><U71/><E71/><V7/><F125/><W93/><G105/><T92/><D48/><U85/><E23/><V59/><F2/><W55/><G135/><N who="0" m="51787" /><D42/><U127/><E127/><V9/><F134/><W73/><G73/><T87/><D126/><U65/><E65/><V90/><F110/><W53/><G8/><T6/><D94/><U70/><E70/><V76/><F111/><W25/><G25/><N who="0" m="14535" /><D131/><U84/><E84/><V3/><F76/><W102/><G93/><T54/><D54/><U129/><E129/><V27/><F5/><W60/><G41/><T116/><D116/><U78/><E78/><V83/><REACH who="2" step="1"/><F50/><REACH who="2" step="2"/><W109/><G117/><T63/><D63/><U88/><REACH who="1" step="1"/><E103/><REACH who="1" step="2"/><V35/><F35/><W96/><G119/><T13/><AGARI ba="0,2" hai="6,11,13,87,89,92,112,115" m="14535,51787" machi="13" ten="30,4000,0" yaku="20,1,52,1,54,1" doraHai="0" who="0" fromWho="0" sc="182,60,56,-20,482,-10,260,-10" /><INIT seed="6,0,0,4,4,33" ten="242,36,472,250" oya="2" hai0="19,110,83,94,44,29,66,127,41,78,26,2,130" hai1="128,64,13,91,45,46,75,8,135,123,70,4,60" hai2="61,95,38,40,37,23,106,0,124,81,118,100,113" hai3="10,89,39,134,17,129,102,120,87,126,42,43,6"/><V67/><BYE who="1" /><F118/><W109/><G120/><T80/><D110/><U71/><E71/><V14/><F0/><W108/><G126/><T11/><D127/><U57/><E57/><V22/><F124/><W119/><G119/><T55/><D66/><U97/><E97/><V9/><F106/><W63/><G102/><T122/><D122/><U68/><E68/><V90/><F113/><W131/><G17/><T88/><D55/><U77/><E77/><V20/><F100/><W54/><G39/><T56/><D56/><U114/><E114/><V79/><F40/><W5/><G5/><T12/><D130/><N who="3" m="49673" /><G134/><T121/><D121/><U36/><E36/><V85/><F37/><W132/><G132/><T18/><D18/><U49/><E49/><V72/><F23/><W58/><G89/><T86/><D2/><U99/><E99/><V125/><F38/><W104/><G87/><T76/><D44/><U92/><E92/><V69/><REACH who="2" step="1"/><F125/><REACH who="2" step="2"/><W1/><G104/><T31/><D41/><AGARI ba="0,1" hai="1,6,10,41,42,43,54,58,63,108,109" m="49673" machi="41" ten="30,2000,0" yaku="19,1,52,1" doraHai="33" who="3" fromWho="0" sc="242,-20,36,0,462,0,250,30" /><INIT seed="7,0,0,1,3,117" ten="222,36,462,280" oya="3" hai0="76,5,77,79,25,78,50,70,30,10,121,66,120" hai1="29,92,59,100,96,31,95,0,134,19,11,1,115" hai2="35,56,23,106,110,114,85,131,9,27,82,43,53" hai3="18,80,109,123,130,75,122,127,107,98,88,14,8"/><W36/><G36/><T60/><N who="0" m="19968" /><DORA hai="34" /><T99/><D50/><U133/><E133/><V4/><F110/><W135/><G75/><T20/><REACH who="0" step="1"/><D99/><REACH who="0" step="2"/><U118/><E118/><V51/><F131/><W2/><G130/><T74/><D74/><U112/><E112/><V125/><F114/><W69/><G109/><T46/><D46/><U13/><E13/><AGARI ba="0,1" hai="5,10,13,20,25,30,60,66,70,120,121" m="19968" machi="13" ten="50,8000,1" yaku="1,1,52,2,53,1" doraHai="117,34" doraHaiUra="94,6" who="0" fromWho="1" sc="212,90,36,-80,462,0,280,0" owari="302,10,-44,-54,462,56,280,-12" /></mjloggm>