<mjloggm ver="2.3"><GO type="97"/><UN n0="%E9%80%A2%E9%AD%94%E3%81%8C%E6%99%82" n1="%E3%82%82%E3%81%86%E4%B8%80%E4%BA%BA%E3%81%AE%E3%82%AC%E3%82%B9" n2="%E3%83%99%E3%82%A2%E3%83%95%E3%83%BC%E3%83%89" n3="%E3%82%A6%E3%83%AB%E3%83%88%E3%83%A9%E7%AB%8B%E7%9B%B4" dan="15,14,15,13" rate="1969,1894,1991,1833" sx="M,M,M,M"/><TAIKYOKU oya="0"/><INIT seed="0,0,0,1,1,86" ten="250,250,250,250" oya="0" hai0="115,67,6,133,35,105,20,104,2,51,17,129,74" hai1="79,103,57,119,82,83,121,49,61,50,37,112,22" hai2="132,15,28,33,99,101,76,117,98,126,65,40,3" hai3="26,97,69,32,59,72,46,91,31,27,19,9,111"/><T54/><D74/><U75/><E119/><V88/><F3/><W34/><G72/><T94/><D35/><U39/><E121/><V107/><F117/><W108/><G69/><T48/><D115/><U18/><E103/><V106/><F76/><W5/><G46/><T89/><D133/><U42/><E83/><V135/><F40/><W120/><G59/><T36/><D67/><U4/><E4/><V62/><F15/><W124/><G97/><T66/><D66/><U38/><E42/><V52/><F126/><W122/><G91/><T100/><D100/><U110/><E110/><N who="3" m="42026" /><G124/><T127/><D129/><U63/><E112/><V85/><F107/><W123/><G19/><T68/><D68/><U109/><E109/><V87/><F99/><W128/><G128/><T95/><D36/><U10/><E10/><V1/><F87/><W55/><G55/><T73/><D73/><U56/><E56/><V24/><F1/><N who="3" m="175" /><G26/><T30/><D127/><U70/><E70/><N who="2" m="42295" /><F52/><W58/><G58/><T116/><D54/><U53/><REACH who="1" step="1"/><E63/><REACH who="1" step="2"/><V43/><F43/><W14/><G14/><AGARI ba="0,1" hai="14,18,22,37,38,39,49,50,53,57,61,75,79,82" machi="14" ten="40,2600,0" yaku="1,1,2,1,53,0" doraHai="86" doraHaiUra="134" who="1" fromWho="3" sc="250,0,240,36,250,0,250,-26" /><INIT seed="1,0,0,2,4,110" ten="250,276,250,224" oya="1" hai0="17,105,115,32,47,100,59,7,96,23,61,29,4" hai1="38,109,10,72,108,119,91,43,94,77,56,104,31" hai2="67,34,73,132,12,6,19,75,60,68,103,37,80" hai3="133,98,99,14,2,128,15,55,28,123,5,24,87"/><U45/><E104/><V39/><F132/><W107/><G2/><T112/><D47/><U42/><E42/><V64/><F34/><W90/><G123/><T117/><D117/><U44/><E44/><V81/><F64/><W93/><G128/><T53/><D29/><U41/><E41/><V35/><F35/><W49/><G133/><T18/><D18/><U118/><E31/><V116/><F116/><W20/><G107/><T26/><REACH who="0" step="1"/><D32/><REACH who="0" step="2"/><U134/><E119/><V125/><F19/><W46/><G5/><AGARI ba="0,1" hai="4,5,7,17,23,26,53,59,61,96,100,105,112,115" machi="5" ten="40,8000,1" yaku="1,1,2,1,52,2,53,1" doraHai="110" doraHaiUra="97" who="0" fromWho="3" sc="240,90,276,0,250,0,224,-80" /><INIT seed="2,0,0,0,4,74" ten="330,276,250,144" oya="2" hai0="123,48,39,64,23,131,114,134,11,15,58,78,56" hai1="8,128,32,106,0,105,80,43,14,108,76,54,59" hai2="2,92,3,28,53,52,117,61,81,17,127,12,98" hai3="70,7,33,37,89,77,10,26,90,107,34,16,60"/><V88/><F117/><W27/><G37/><T111/><D39/><U125/><E0/><V20/><F127/><W57/><G107/><T38/><D38/><U87/><E32/><V119/><F119/><W68/><G57/><T120/><D131/><U110/><E43/><V19/><F28/><W133/><G60/><T97/><D114/><U72/><E72/><V112/><F112/><W36/><G36/><T67/><D134/><U94/><E94/><V13/><F61/><W121/><G10/><T102/><D111/><N who="1" m="42539" /><E125/><V35/><F35/><W103/><G16/><T63/><D23/><U66/><E66/><V115/><F115/><W21/><G21/><T30/><D30/><U129/><E128/><V79/><F3/><W91/><G7/><T42/><D42/><U99/><E99/><V46/><F46/><W69/><G121/><T104/><D48/><N who="1" m="31175" /><E129/><V25/><F2/><W100/><G133/><T31/><D31/><U86/><E86/><N who="2" m="48447" /><F25/><N who="3" m="9227" /><G34/><T109/><D109/><U130/><E130/><V71/><F71/><N who="3" m="18179" /><W116/><DORA hai="47" /><G33/><T113/><D113/><U93/><E93/><V95/><F92/><W122/><G122/><T49/><D123/><U96/><E96/><V135/><F135/><W24/><N who="3" m="9235" /><W83/><DORA hai="85" /><G116/><T22/><D120/><U84/><E84/><V50/><F50/><W40/><G40/><T45/><D49/><U4/><AGARI ba="0,0" hai="4,8,14,76,80,87,105,106" m="31175,42539" machi="4" ten="30,4000,0" yaku="14,1,52,2" doraHai="74,47,85" who="1" fromWho="1" sc="330,-10,276,40,250,-20,144,-10" /><INIT seed="3,0,0,0,1,73" ten="320,316,230,134" oya="3" hai0="104,63,33,56,40,118,61,4,16,119,98,134,17" hai1="68,38,5,103,60,31,94,131,32,62,64,86,116" hai2="8,123,34,132,121,14,58,125,130,75,96,37,59" hai3="85,10,42,88,70,113,72,29,36,129,23,66,90"/><W100/><G72/><T87/><D33/><U117/><E38/><V79/><F34/><W12/><G113/><T49/><D4/><U109/><E5/><V44/><F125/><W101/><G129/><T2/><D2/><U39/><E39/><V107/><F130/><W97/><G70/><T67/><D63/><N who="1" m="39967" /><E131/><V19/><F132/><W82/><G66/><T91/><D134/><U69/><E69/><V108/><F108/><W43/><G36/><T124/><D124/><U53/><E53/><V41/><F107/><W1/><G1/><T105/><D105/><U128/><E109/><V7/><F96/><W76/><G43/><T120/><D120/><U46/><E46/><V15/><F123/><W50/><G90/><T21/><D104/><U80/><E94/><V84/><F75/><W45/><G23/><T57/><D98/><U102/><E31/><V51/><F37/><W26/><G26/><T13/><D17/><U55/><E55/><V24/><F24/><W27/><G27/><T74/><D74/><U135/><E32/><V110/><F110/><W30/><G30/><T52/><D40/><U111/><E135/><V0/><F0/><W54/><G29/><T133/><D133/><U9/><E9/><N who="2" m="6607" /><F121/><W3/><G3/><T28/><D28/><U99/><E111/><V89/><F89/><W92/><G54/><T47/><D47/><U65/><E128/><V71/><F71/><W83/><G83/><AGARI ba="0,0" hai="13,16,21,49,52,56,57,61,67,83,87,91,118,119" machi="83" ten="30,3900,0" yaku="7,1,54,2" doraHai="73" who="0" fromWho="3" sc="320,39,316,0,230,0,134,-39" /><AGARI ba="0,0" hai="7,8,15,41,44,51,58,59,79,83,84" m="6607" machi="83" ten="30,3900,0" yaku="25,1,8,1,52,1" doraHai="73" who="2" fromWho="3" sc="359,0,316,0,230,39,95,-39" owari="359,35,316,7,269,-8,56,-34" /></mjloggm>