<mjloggm ver="2.3"><GO type="97"/><UN n0="%54%E3%81%96%E3%82%8F" n1="%47%69%6F%76%61%6E%69" n2="%E3%82%A6%E3%83%AB%E3%83%88%E3%83%A9%E7%AB%8B%E7%9B%B4" n3="%E2%98%86%E5%8D%93%E4%B8%8A%E3%81%AE%E7%8B%AC%E8%A3%81%E8%80%85%E2%98%86" dan="14,14,13,15" rate="1984,1887,1821,2015" sx="M,F,M,M"/><TAIKYOKU oya="0"/><INIT seed="0,0,0,1,0,19" ten="250,250,250,250" oya="0" hai0="52,106,20,24,66,92,82,42,67,62,50,81,93" hai1="16,115,8,0,22,116,124,65,74,47,111,5,23" hai2="1,90,37,57,11,30,39,10,54,121,18,107,13" hai3="87,105,45,83,9,3,25,72,96,6,135,126,64" shuffle="mt19937ar,CCE19B60,FB814EDB,963E5CDE,BA89EC3C,2F766947,38BEB36E,8C58C917,03F4407D"/><T46/><D106/><U94/><E116/><V21/><F107/><W89/><G126/><T41/><D41/><U127/><E74/><V91/><F121/><W32/><G72/><T84/><D82/><U130/><E65/><N who="0" m="24585" /><D62/><U61/><E61/><V53/><F30/><W77/><G135/><T55/><D93/><U99/><E47/><V31/><F57/><W120/><G120/><T95/><D95/><U75/><E75/><V2/><F31/><W125/><G125/><N who="1" m="48202" /><E115/><V59/><F59/><W112/><G112/><T28/><D92/><U71/><E71/><V79/><F18/><W97/><G64/><T102/><D102/><N who="1" m="60791" /><E111/><V44/><F44/><W26/><G105/><T69/><D69/><U110/><E110/><V43/><F13/><W38/><G77/><AGARI ba="0,0" hai="20,24,28,42,46,50,52,55,77,81,84" m="24585" machi="77" ten="30,5800,0" yaku="8,1,52,1,54,1" doraHai="19" who="0" fromWho="3" sc="250,58,250,0,250,0,250,-58" /><INIT seed="0,1,0,4,2,41" ten="308,250,250,192" oya="0" hai0="75,127,131,44,64,19,14,111,90,99,45,121,118" hai1="39,66,74,97,40,9,83,124,60,133,42,34,69" hai2="54,101,23,3,0,106,70,47,48,112,52,85,94" hai3="73,123,88,25,126,26,43,98,57,109,114,103,22" shuffle="mt19937ar,B6C85157,4991608A,900CD506,81250566,27BF62BB,66F63BDD,ED9C87A5,DED786C8"/><T95/><D121/><U117/><E34/><V35/><F35/><W128/><G114/><T61/><D118/><U53/><E117/><V132/><F112/><W86/><G73/><T77/><D131/><U58/><E133/><V37/><F37/><W115/><G115/><T125/><D111/><U30/><E124/><N who="0" m="47689" /><D77/><U65/><E30/><V29/><F70/><W92/><G109/><T100/><D90/><U84/><E74/><V78/><F106/><W18/><G128/><T108/><D75/><U27/><E27/><N who="2" m="16639" /><F3/><W119/><G119/><T12/><D108/><U89/><E39/><V87/><F0/><W17/><G123/><T122/><D122/><U46/><E69/><V71/><F71/><W38/><G126/><T102/><D102/><U110/><E110/><V11/><F132/><W55/><G43/><T31/><D31/><U49/><E97/><N who="2" m="59575" /><F78/><W13/><G38/><T7/><D7/><U6/><REACH who="1" step="1"/><E40/><REACH who="1" step="2"/><N who="2" m="24679" /><F11/><W79/><G25/><T2/><D2/><AGARI ba="1,1" hai="2,6,9,42,46,49,53,58,60,65,66,83,84,89" machi="2" ten="30,3900,0" yaku="1,1,7,1,52,1,53,0" doraHai="41" doraHaiUra="116" who="1" fromWho="0" sc="308,-42,240,52,250,0,192,0" /><INIT seed="1,0,0,4,1,98" ten="266,292,250,192" oya="1" hai0="103,28,23,50,108,60,126,11,31,104,127,91,8" hai1="80,73,17,58,79,68,84,51,64,22,15,5,19" hai2="54,105,88,96,122,7,115,102,34,10,44,32,36" hai3="13,56,81,87,67,74,94,114,76,25,62,106,48" shuffle="mt19937ar,F113641B,E49AFC60,4F4EE8D9,C5EF4FB7,170AB2CD,7FA2A966,B79C9058,44EBEA49"/><U89/><E68/><V14/><F122/><W129/><G114/><T125/><D108/><U0/><E0/><V30/><F115/><W35/><G129/><T132/><D132/><U61/><E5/><V77/><F77/><W134/><G134/><T55/><D60/><U97/><E97/><V4/><F4/><W75/><G106/><T133/><D133/><U82/><E19/><V53/><F53/><W86/><G48/><T116/><D116/><U63/><E63/><V111/><F111/><W66/><G66/><T85/><D23/><U120/><REACH who="1" step="1"/><E51/><REACH who="1" step="2"/><V41/><F30/><W3/><G62/><T45/><D31/><U20/><E20/><V119/><F119/><W123/><G3/><T110/><D28/><U121/><AGARI ba="0,1" hai="15,17,22,58,61,64,73,79,80,82,84,89,120,121" machi="121" ten="30,3000,0" yaku="1,1,0,1,53,0" doraHai="98" doraHaiUra="21" who="1" fromWho="1" sc="266,-10,282,40,250,-10,192,-10" /><INIT seed="1,1,0,1,4,92" ten="256,322,240,182" oya="1" hai0="17,49,61,31,46,23,77,135,63,119,52,60,106" hai1="80,110,55,134,22,37,68,126,104,128,42,15,28" hai2="30,131,3,45,54,48,112,7,76,78,1,14,123" hai3="43,67,108,124,41,12,102,89,56,16,13,19,117" shuffle="mt19937ar,B680B63D,E0D759E8,AFEE4A0F,6AA2EC1B,D2065C0C,13E5F7CB,7BD295AF,97BFDB8F"/><U51/><E68/><V58/><F123/><W87/><G108/><T93/><D119/><U71/><E71/><V2/><F112/><W32/><G32/><T18/><D106/><U8/><E110/><V9/><F30/><W21/><G124/><T72/><D135/><U20/><E134/><V115/><F115/><W27/><G117/><T35/><D35/><U62/><E126/><V53/><F131/><W74/><G74/><T39/><D39/><U85/><E37/><V66/><F66/><W109/><G109/><T99/><D77/><U44/><E28/><V116/><F116/><W84/><G102/><N who="0" m="60783" /><D72/><U105/><E128/><V127/><F127/><W36/><G36/><T130/><D130/><U91/><E105/><V107/><F107/><W97/><G27/><AGARI ba="1,0" hai="17,18,23,27,31,46,49,52,60,61,63" m="60783" machi="27" ten="30,3900,0" yaku="8,1,52,1,54,1" doraHai="92" who="0" fromWho="3" sc="256,42,322,0,240,0,182,-42" /><INIT seed="2,0,0,5,2,75" ten="298,322,240,140" oya="2" hai0="128,79,80,124,7,31,114,94,132,130,74,51,95" hai1="78,38,73,129,5,125,68,99,118,47,33,56,120" hai2="44,122,131,34,69,98,0,19,53,134,13,71,24" hai3="26,14,111,93,117,116,76,48,135,81,25,100,84" shuffle="mt19937ar,8E863ADB,142522C8,9EE70817,B742F525,591685FC,E1FAA8AB,5F650344,3DB02780"/><V59/><F0/><W61/><G111/><T42/><D114/><U65/><E68/><V55/><F122/><W123/><G123/><T91/><D31/><U36/><E33/><V77/><F69/><W4/><G135/><T104/><D7/><U10/><E120/><V67/><F71/><W2/><G2/><T23/><D104/><U11/><E118/><V102/><F34/><W54/><G117/><T82/><D23/><U105/><E47/><V22/><F134/><W107/><G116/><T39/><D39/><U9/><E5/><V101/><F131/><N who="0" m="50218" /><D132/><U46/><E46/><V57/><F67/><W127/><G107/><T1/><D1/><U112/><E112/><V28/><F44/><W41/><G127/><T49/><D42/><U52/><E65/><V63/><F98/><W60/><G41/><T121/><D121/><U103/><E125/><V119/><F119/><W3/><G3/><T64/><D64/><U66/><E66/><V30/><F77/><W43/><G43/><T96/><D124/><U20/><E20/><V115/><F115/><W32/><G32/><T27/><D27/><U133/><E133/><V72/><F72/><W97/><G26/><T62/><D79/><U45/><E45/><V58/><F24/><W8/><REACH who="3" step="1"/><G25/><REACH who="3" step="2"/><T70/><D74/><U110/><E129/><V18/><F28/><W12/><G12/><T35/><D70/><U50/><E110/><V6/><F30/><W85/><G85/><T87/><D87/><U21/><E105/><V17/><F13/><W37/><G37/><T83/><D35/><U40/><E38/><RYUUKYOKU ba="0,1" sc="298,-10,322,-10,240,-10,130,30" hai3="4,8,14,48,54,60,61,76,81,84,93,97,100" /><INIT seed="3,1,1,2,2,123" ten="288,312,230,160" oya="3" hai0="104,73,108,133,98,27,71,2,81,10,135,89,92" hai1="128,118,125,79,97,61,114,32,50,36,93,84,116" hai2="38,99,129,67,51,102,22,119,12,23,25,75,122" hai3="7,91,95,55,78,4,15,100,103,86,82,35,65" shuffle="mt19937ar,01FA543C,F4C685A8,5D681D53,06CB2F34,FDDA20D2,7DE041EE,CDE54012,615E6796"/><W46/><G35/><T1/><D71/><U68/><E114/><V42/><F75/><W44/><G65/><T69/><D69/><U76/><E36/><V5/><F38/><W40/><G55/><T87/><D108/><U115/><E115/><V101/><F119/><N who="1" m="45609" /><E128/><V8/><F129/><W30/><G30/><T126/><D126/><U88/><E125/><V21/><F122/><W59/><G59/><T64/><D64/><N who="1" m="40975" /><E32/><V134/><F134/><N who="0" m="51210" /><D27/><U6/><E6/><N who="3" m="2090" /><G15/><T120/><D120/><U16/><E50/><V11/><F67/><W72/><G72/><T77/><D10/><U29/><E29/><V9/><F25/><W132/><G132/><T49/><D49/><U127/><E127/><V34/><F34/><W96/><G40/><T131/><D131/><U13/><E84/><V94/><REACH who="2" step="1"/><F102/><AGARI ba="1,1" hai="44,46,78,82,86,91,95,96,100,102,103" m="2090" machi="102" ten="30,1500,0" yaku="8,1" doraHai="123" who="3" fromWho="2" sc="288,0,312,0,230,-18,160,28" /><AGARI ba="1,0" hai="1,2,73,77,81,87,89,92,98,102,104" m="51210" machi="102" ten="30,2000,0" yaku="24,1,20,1" doraHai="123" who="0" fromWho="2" sc="288,20,312,0,212,-20,188,0" /><INIT seed="3,2,0,2,1,72" ten="308,312,192,188" oya="3" hai0="122,60,124,64,12,94,80,19,109,47,20,0,85" hai1="90,50,52,39,54,81,65,32,22,99,112,88,33" hai2="2,37,75,123,29,98,127,101,92,4,93,17,120" hai3="66,34,40,45,76,25,36,77,28,100,73,11,130" shuffle="mt19937ar,6D9249B5,85C242C6,F01650CB,F49B85CD,C264F23F,1E38EBF2,DBF39ECB,7A7D625A"/><W23/><G73/><T102/><D122/><N who="2" m="46634" /><F75/><W78/><G130/><T3/><D109/><U84/><E39/><V114/><F37/><W48/><G36/><T56/><D124/><U5/><E33/><V121/><N who="2" m="46642" /><V115/><DORA hai="14" /><F127/><W96/><G66/><T24/><D47/><N who="1" m="27743" /><E32/><V69/><F69/><W7/><G34/><T58/><D58/><U63/><E65/><V62/><F29/><W95/><REACH who="3" step="1"/><G78/><REACH who="3" step="2"/><N who="0" m="46231" /><D0/><AGARI ba="2,1" hai="0,7,11,23,25,28,40,45,48,76,77,95,96,100" machi="0" ten="30,12000,1" yaku="1,1,7,1,52,2,53,1" doraHai="72,14" doraHaiUra="116,41" who="3" fromWho="0" sc="308,-126,312,0,192,0,178,136" owari="182,-22,312,6,192,-16,314,32" /></mjloggm>