<mjloggm ver="2.3"><GO type="41"/><UN n0="%67%69%6A%79%75%74%75" n1="%73%75%6D%32%32%35%35" n2="%E7%82%8E%E3%81%AE%E9%80%83%E9%81%BF%E8%A1%8C" n3="%E3%82%A6%E3%83%AB%E3%83%88%E3%83%A9%E7%AB%8B%E7%9B%B4" dan="15,14,13,15" rate="1955,1922,1844,1978" sx="M,M,M,M"/><TAIKYOKU oya="0"/><INIT seed="0,0,0,0,4,11" ten="250,250,250,250" oya="0" hai0="70,3,17,133,38,74,52,105,1,132,118,26,119" hai1="54,47,95,114,46,80,120,126,20,61,57,81,69" hai2="29,108,18,22,21,62,87,110,51,79,59,124,49" hai3="9,40,34,112,68,93,99,15,27,39,111,100,8"/><T12/><D70/><U94/><E120/><V37/><F37/><W84/><G112/><T73/><D105/><U116/><E116/><N who="0" m="44585" /><D38/><U89/><E126/><V102/><F124/><W130/><G68/><T128/><D73/><U33/><E33/><V91/><F102/><W71/><G71/><T129/><D74/><U2/><E2/><N who="0" m="521" /><D52/><U55/><E69/><V125/><F125/><W28/><G40/><T67/><D67/><U106/><E106/><V60/><F79/><W14/><G39/><T66/><D66/><U50/><E114/><V72/><F72/><W131/><G84/><T135/><D26/><U122/><E122/><V41/><F41/><W109/><G93/><T113/><D113/><U76/><E76/><V101/><F101/><W96/><G100/><T82/><D82/><U121/><E121/><V0/><F60/><W115/><G115/><T36/><D36/><U104/><E104/><V45/><F45/><W77/><G77/><T134/><N who="0" m="33792" /><DORA hai="13" /><T58/><D58/><U65/><E95/><V24/><F62/><W43/><G43/><T86/><D86/><U5/><E94/><V31/><F59/><W78/><G78/><T7/><D7/><U75/><E5/><V92/><F0/><W83/><G83/><T30/><D30/><U107/><E107/><V44/><F31/><W10/><G96/><T53/><D53/><U127/><E127/><V19/><F44/><W63/><G99/><T48/><D48/><N who="1" m="28951" /><E75/><V117/><F117/><W23/><G63/><T123/><D123/><U32/><E89/><V98/><F98/><W6/><G6/><RYUUKYOKU ba="0,0" sc="250,30,250,-10,250,-10,250,-10" hai0="12,17,128,129" /><INIT seed="0,1,0,5,4,94" ten="280,240,240,240" oya="0" hai0="115,63,60,68,2,41,91,75,125,121,133,74,78" hai1="25,1,112,9,55,44,114,102,67,92,17,73,33" hai2="47,30,58,20,113,122,43,26,77,49,64,119,52" hai3="80,129,70,123,4,124,0,65,54,90,82,10,21"/><T50/><D121/><U83/><E67/><V120/><F119/><W93/><G123/><T71/><D115/><N who="1" m="44075" /><E33/><V53/><F113/><W31/><G124/><T81/><D125/><U69/><E69/><V132/><F132/><W127/><G127/><T86/><D2/><U14/><E1/><V38/><F77/><W42/><G129/><T89/><D133/><U96/><E25/><V84/><F53/><W134/><G134/><T48/><D78/><N who="1" m="44495" /><E44/><V29/><F29/><W111/><G42/><T23/><D41/><U62/><E62/><V126/><F126/><W59/><G65/><T108/><D81/><U7/><E55/><V107/><F107/><W45/><G70/><T79/><D79/><U118/><E118/><V110/><F110/><W101/><G111/><T66/><D66/><U95/><E95/><V37/><F37/><W106/><G45/><T24/><D108/><U11/><E11/><V109/><F109/><W99/><G21/><T35/><D23/><U8/><E8/><V128/><F128/><W46/><G31/><T116/><D116/><U15/><E15/><V16/><F64/><W19/><G19/><AGARI ba="1,0" hai="7,9,14,17,19,92,96,102" m="44495,44075" machi="19" ten="30,2000,0" yaku="11,1,52,1" doraHai="94" who="1" fromWho="3" sc="280,0,240,23,240,0,240,-23" /><INIT seed="1,0,0,0,0,46" ten="280,263,240,217" oya="1" hai0="132,108,0,99,9,131,17,27,15,133,70,51,97" hai1="71,25,21,88,129,14,58,39,135,23,130,127,68" hai2="125,10,76,53,85,22,110,62,91,28,102,33,124" hai3="19,56,59,84,98,75,29,96,4,65,105,66,103"/><U3/><E39/><V43/><F110/><W6/><G29/><T113/><D70/><U120/><E120/><V118/><F118/><W41/><G41/><T20/><D0/><U30/><E3/><V31/><F102/><W64/><G75/><T78/><D113/><U87/><E135/><N who="0" m="51785" /><D108/><U67/><E127/><N who="2" m="48715" /><F33/><W114/><G114/><T35/><D35/><U49/><E67/><V18/><F76/><W40/><G40/><T44/><D78/><U134/><E14/><V112/><F10/><W109/><G109/><T94/><D94/><N who="1" m="54559" /><E21/><V83/><F43/><W100/><G84/><T54/><D131/><N who="1" m="50187" /><E134/><V81/><F81/><W5/><G19/><AGARI ba="0,0" hai="9,15,17,19,20,27,44,51,54,97,99" m="51785" machi="19" ten="30,2000,0" yaku="20,1,52,1" doraHai="46" who="0" fromWho="3" sc="280,20,263,0,240,0,217,-20" /><INIT seed="2,0,0,0,3,28" ten="300,263,240,197" oya="2" hai0="40,65,87,7,57,119,44,32,120,131,35,50,8" hai1="13,15,27,75,72,122,117,100,63,0,118,103,105" hai2="22,11,71,12,37,80,99,113,66,59,23,46,77" hai3="86,3,17,94,45,39,21,111,70,18,33,52,92"/><V102/><F113/><W56/><G70/><T19/><D120/><U26/><E63/><V101/><F71/><W85/><G3/><T30/><D30/><U42/><E42/><V31/><F102/><W5/><G111/><T109/><D109/><U61/><E61/><V76/><F37/><W88/><G5/><T49/><D131/><U24/><E0/><V73/><F77/><W2/><G2/><T78/><D119/><U114/><E114/><V127/><F127/><W6/><G6/><T89/><D78/><U115/><E115/><V125/><F125/><W135/><G33/><T126/><D19/><U128/><E105/><V67/><F46/><W9/><G9/><T36/><D126/><U58/><E58/><V48/><F66/><W1/><G1/><T4/><D65/><U124/><E124/><V68/><F31/><W130/><G130/><T95/><D4/><U60/><E60/><V69/><F69/><W62/><G135/><T83/><D83/><U97/><E97/><V96/><F68/><W133/><G133/><T25/><D25/><U51/><E51/><V43/><F99/><W64/><G21/><T116/><D116/><N who="1" m="44651" /><E128/><V74/><F67/><W54/><G39/><T41/><D41/><U123/><E103/><V81/><F43/><W20/><G45/><T53/><D36/><U79/><E100/><V55/><F101/><W108/><G108/><T93/><D93/><U14/><E79/><V134/><F76/><W10/><G94/><T47/><D47/><U29/><E29/><V84/><F134/><W104/><G92/><T38/><D38/><RYUUKYOKU ba="0,0" sc="300,15,263,15,240,-15,197,-15" hai0="7,8,32,35,40,44,49,50,53,57,87,89,95" hai1="13,14,15,24,26,27,72,75,122,123" /><INIT seed="3,1,0,0,5,35" ten="315,278,225,182" oya="3" hai0="17,82,27,84,131,80,133,91,33,15,78,19,119" hai1="106,25,88,79,126,121,56,20,104,134,44,5,47" hai2="87,28,96,85,45,53,41,39,54,125,34,111,51" hai3="75,73,128,114,60,92,66,13,8,98,9,70,4"/><W52/><G114/><T129/><D119/><U55/><E79/><V38/><F111/><W26/><G128/><N who="0" m="49227" /><D133/><U2/><E121/><V40/><F125/><W122/><G122/><T46/><D46/><U130/><E130/><V117/><F117/><W65/><G65/><T100/><D100/><U94/><E126/><V135/><F135/><W23/><G9/><T86/><D15/><U115/><E115/><V29/><F34/><W118/><G118/><T69/><D69/><U63/><E134/><V132/><F132/><W11/><G11/><T31/><AGARI ba="1,0" hai="17,19,27,31,33,78,80,82,84,86,91" m="49227" machi="31" ten="30,1100,0" yaku="19,1" doraHai="35" who="0" fromWho="0" sc="315,14,278,-4,225,-4,182,-6" /><INIT seed="4,0,0,4,2,91" ten="329,274,221,176" oya="0" hai0="76,57,134,128,85,33,65,56,119,68,98,52,60" hai1="113,11,135,81,0,64,99,79,118,53,130,78,58" hai2="92,133,28,80,115,69,39,82,16,112,101,22,66" hai3="72,32,117,38,100,123,8,93,5,84,126,88,103"/><T97/><D33/><U55/><E118/><V20/><F133/><W44/><G117/><T10/><D119/><U50/><E135/><V34/><F34/><W59/><G123/><T109/><D134/><U35/><E35/><V74/><F39/><W18/><G126/><T111/><D128/><U12/><E0/><V14/><F74/><W46/><G72/><T89/><D76/><U37/><E37/><V29/><F69/><W17/><G32/><T87/><D10/><U102/><E64/><V127/><F66/><W9/><G59/><T23/><D23/><U104/><E130/><V7/><F7/><W3/><G38/><T121/><D121/><U105/><E113/><N who="2" m="43595" /><F127/><W131/><G131/><T40/><D40/><U30/><E30/><N who="2" m="11883" /><F22/><W15/><REACH who="3" step="1"/><G18/><REACH who="3" step="2"/><T45/><D68/><U41/><E105/><V110/><F110/><W108/><G108/><T124/><D109/><U96/><E58/><V132/><F132/><W31/><G31/><T61/><D111/><U67/><E67/><V120/><F120/><W94/><G94/><N who="0" m="54591" /><D124/><U107/><E107/><V1/><F1/><W129/><G129/><T106/><D106/><U25/><E104/><V26/><F26/><W36/><G36/><T4/><D45/><AGARI ba="0,1" hai="3,5,8,9,15,17,44,45,46,84,88,93,100,103" machi="45" ten="40,5200,0" yaku="1,1,52,1,54,1,53,0" doraHai="91" doraHaiUra="48" who="3" fromWho="0" sc="329,-52,274,0,221,0,166,62" /><INIT seed="5,0,0,2,2,86" ten="277,274,221,228" oya="1" hai0="104,9,16,90,97,27,105,12,109,41,6,1,99" hai1="122,74,14,8,64,29,102,46,0,10,113,21,34" hai2="107,70,72,132,2,89,25,98,120,77,82,88,53" hai3="130,119,55,124,106,62,71,50,24,23,87,116,36"/><U73/><E122/><V123/><F2/><W13/><G106/><T101/><D109/><U31/><E64/><V78/><F70/><W37/><G13/><T57/><D41/><U32/><E102/><N who="2" m="62935" /><F53/><W84/><G23/><T60/><D27/><N who="1" m="18495" /><E46/><V110/><F25/><W30/><G24/><T75/><D75/><U83/><E83/><N who="2" m="45479" /><F110/><W80/><G30/><T5/><D1/><U38/><E38/><V28/><F28/><W85/><G62/><T65/><REACH who="0" step="1"/><D105/><REACH who="0" step="2"/><U20/><E74/><N who="2" m="43351" /><F132/><W128/><G37/><T49/><D49/><U135/><E73/><V42/><F42/><W48/><G36/><T47/><D47/><U121/><E135/><V40/><F40/><W63/><G50/><T4/><D4/><N who="1" m="1031" /><E121/><AGARI ba="0,1" hai="88,89,120,121,123" m="43351,45479,62935" machi="121" ten="30,8000,1" yaku="34,2,52,2,54,1" doraHai="86" who="2" fromWho="1" sc="267,0,274,-80,221,90,228,0" /><INIT seed="6,0,0,3,4,26" ten="267,194,311,228" oya="2" hai0="75,52,67,86,28,120,68,12,10,2,117,107,122" hai1="65,19,13,97,89,115,118,90,42,133,106,40,100" hai2="64,123,21,80,49,127,3,113,134,14,20,88,116" hai3="4,24,81,93,111,11,22,54,84,45,17,47,32"/><V121/><F116/><W87/><G111/><T135/><D75/><U50/><E118/><V38/><F38/><W5/><G32/><T101/><D117/><U79/><E79/><V76/><F3/><W57/><G93/><T104/><D2/><U33/><E33/><V1/><F1/><W92/><G92/><T60/><D135/><U58/><E115/><V51/><F113/><W130/><G130/><T18/><D86/><U43/><E133/><V46/><F134/><W55/><G84/><T73/><D73/><U16/><E19/><V110/><F110/><W56/><G47/><T0/><D0/><U7/><E7/><V78/><F127/><W61/><G45/><T99/><D107/><U91/><E65/><V128/><F128/><W63/><REACH who="3" step="1"/><G11/><REACH who="3" step="2"/><T30/><REACH who="0" step="1"/><D52/><REACH who="0" step="2"/><U109/><E109/><V39/><F123/><AGARI ba="0,2" hai="10,12,18,28,30,60,67,68,99,101,104,120,122,123" machi="123" ten="40,8000,1" yaku="1,1,2,1,52,2,53,0" doraHai="26" doraHaiUra="70" who="0" fromWho="2" sc="257,100,194,0,311,-80,218,0" /><INIT seed="7,0,0,2,2,60" ten="357,194,231,218" oya="3" hai0="111,78,63,90,49,42,103,86,134,121,4,18,82" hai1="28,25,116,81,34,26,74,8,77,72,15,14,89" hai2="48,87,3,128,99,62,37,44,112,55,33,52,101" hai3="21,92,107,65,102,126,98,31,43,97,59,9,1"/><W125/><G43/><T133/><D111/><U7/><E116/><V76/><F128/><W96/><G9/><T73/><D121/><U113/><E113/><V84/><F3/><W23/><G1/><T91/><D4/><U35/><E89/><N who="0" m="33801" /><D103/><U57/><E57/><V122/><F112/><W20/><G31/><T41/><D18/><U115/><E115/><V45/><F33/><W19/><G19/><T105/><D105/><U127/><E127/><N who="3" m="48650" /><G107/><T109/><D109/><U85/><REACH who="1" step="1"/><E15/><REACH who="1" step="2"/><V119/><F119/><W93/><G102/><T13/><D13/><U51/><E51/><V80/><F122/><W5/><G5/><T30/><D49/><U29/><AGARI ba="0,1" hai="7,8,14,25,26,28,29,34,35,72,74,77,81,85" machi="29" ten="30,4000,0" yaku="1,1,0,1,9,1,53,0" doraHai="60" doraHaiUra="95" who="1" fromWho="1" sc="357,-10,184,50,231,-10,218,-20" owari="347,45,234,3,221,-18,198,-30" /></mjloggm>