<mjloggm ver="2.3"><GO type="97"/><UN n0="%E3%82%A6%E3%83%AB%E3%83%88%E3%83%A9%E7%AB%8B%E7%9B%B4" n1="%79%69%6E%6E%65%72%30%36" n2="%61%6F%70%6F%69" n3="%E3%83%A9%E3%83%B3%E3%83%90%E3%83%BB%E3%83%A9%E3%83%AB" dan="13,13,15,14" rate="1810,1932,1944,1896" sx="M,M,M,M"/><TAIKYOKU oya="0"/><INIT seed="0,0,0,3,4,46" ten="250,250,250,250" oya="0" hai0="119,84,81,78,40,116,52,16,9,129,47,102,83" hai1="1,99,28,82,55,132,21,76,10,43,25,35,68" hai2="63,33,126,103,92,110,58,30,2,127,80,36,108" hai3="49,44,56,8,6,66,39,109,79,18,115,124,114"/><T7/><D129/><U26/><E68/><V57/><F36/><W86/><G109/><N who="2" m="42089" /><F2/><W122/><G39/><T51/><D102/><U13/><E1/><V94/><F80/><N who="3" m="47391" /><G18/><T54/><D116/><U111/><E43/><V42/><F42/><N who="3" m="24727" /><G122/><T112/><D112/><U3/><E3/><V24/><F103/><W70/><G124/><N who="2" m="47657" /><F57/><W128/><G128/><T98/><D119/><U71/><E71/><V12/><F12/><N who="3" m="5143" /><G56/><T45/><D7/><U11/><E111/><V121/><F121/><W97/><G97/><T17/><D9/><U72/><E99/><V69/><F69/><W59/><G70/><T61/><D45/><U15/><E55/><AGARI ba="0,0" hai="24,30,33,55,58,63,92,94" m="47657,42089" machi="55" ten="30,2000,0" yaku="14,1,18,1" doraHai="46" who="2" fromWho="1" sc="250,0,250,-20,250,20,250,0" /><INIT seed="1,0,0,4,0,57" ten="250,230,270,250" oya="1" hai0="29,62,30,77,107,56,54,124,2,123,64,86,79" hai1="126,113,120,94,51,14,36,119,118,78,38,109,92" hai2="85,83,88,32,13,112,67,122,132,41,40,66,101" hai3="110,65,73,105,6,15,21,33,46,18,25,129,23"/><U47/><E120/><V60/><F122/><W74/><G110/><T39/><D39/><U45/><E113/><V133/><F112/><W90/><G129/><T53/><D2/><U97/><E78/><V91/><F32/><W117/><G117/><T43/><D107/><U0/><E0/><V104/><F13/><W31/><G105/><T76/><D124/><U22/><E126/><V81/><F101/><W102/><G102/><T52/><D123/><U100/><E94/><V19/><F19/><W82/><G65/><T63/><D43/><U55/><E45/><V115/><F104/><W89/><G33/><T125/><D125/><U80/><E80/><V103/><F103/><W116/><G6/><T127/><D127/><U95/><E95/><V48/><F48/><W71/><G71/><T24/><D86/><U44/><E44/><V87/><F115/><W84/><G116/><T128/><D128/><U4/><E119/><V130/><REACH who="2" step="1"/><F130/><REACH who="2" step="2"/><W37/><REACH who="3" step="1"/><G89/><REACH who="3" step="2"/><T5/><D5/><U8/><E118/><V75/><F75/><W20/><G20/><N who="0" m="15495" /><D30/><U1/><E109/><V17/><F17/><W134/><G134/><T68/><D68/><U9/><REACH who="1" step="1"/><E22/><REACH who="1" step="2"/><V99/><F99/><W108/><G108/><T121/><D121/><U11/><E11/><V135/><F135/><W58/><G58/><N who="0" m="36951" /><D76/><U49/><E49/><V12/><F12/><W93/><G93/><T114/><D114/><U3/><E3/><V106/><F106/><W72/><G72/><T34/><D34/><U96/><E96/><V70/><F70/><W131/><G131/><T10/><D10/><RYUUKYOKU ba="0,3" sc="250,0,220,0,260,0,240,0" hai0="52,53,54,56,63,77,79" hai1="1,4,8,9,14,36,38,47,51,55,92,97,100" hai2="40,41,60,66,67,81,83,85,87,88,91,132,133" hai3="15,18,21,23,25,31,37,46,73,74,82,84,90" /><INIT seed="1,1,3,1,4,26" ten="250,220,260,240" oya="1" hai0="62,9,92,64,50,1,54,116,68,20,105,74,5" hai1="47,108,6,18,112,51,40,75,81,132,80,118,70" hai2="121,110,73,98,115,125,35,28,56,130,60,19,76" hai3="102,78,17,24,122,36,63,77,131,55,82,4,57"/><U16/><E118/><V23/><F121/><W32/><G122/><T12/><D105/><U83/><E112/><V89/><F115/><W129/><G36/><T106/><D106/><U58/><E70/><V25/><F125/><W72/><G4/><T3/><D74/><U109/><E6/><V101/><F110/><N who="1" m="42601" /><E132/><V85/><F130/><N who="3" m="49675" /><G78/><T127/><D127/><U52/><E75/><V91/><F73/><W93/><G93/><T135/><D135/><U94/><E94/><N who="2" m="58583" /><F35/><W119/><G102/><T49/><D116/><U41/><E41/><V48/><F19/><W126/><G126/><T29/><D92/><U103/><E103/><V100/><F100/><W120/><G120/><T107/><D107/><U96/><E96/><V87/><F48/><AGARI ba="1,3" hai="16,18,40,47,48,51,52,58,80,81,83" m="42601" machi="48" ten="30,11600,0" yaku="14,1,10,1,54,2" doraHai="26" who="1" fromWho="2" sc="250,0,220,149,260,-119,240,0" /><INIT seed="1,2,0,0,5,18" ten="250,369,141,240" oya="1" hai0="125,52,108,5,10,124,113,130,103,33,24,110,112" hai1="82,8,6,61,15,84,12,38,21,16,25,96,135" hai2="47,119,80,102,122,46,68,90,34,107,27,92,49" hai3="7,120,129,101,123,99,44,37,66,62,104,3,13"/><U111/><E38/><V100/><F68/><N who="3" m="42071" /><G13/><T32/><D103/><U134/><E111/><N who="0" m="42537" /><D52/><U1/><E61/><V14/><F122/><N who="3" m="46635" /><G129/><T76/><D76/><U55/><E55/><V0/><F119/><W69/><G69/><T121/><D121/><U40/><E40/><V126/><F0/><W65/><G65/><T54/><D54/><U117/><E96/><V39/><F126/><N who="0" m="48746" /><D130/><U23/><E117/><V2/><F39/><W109/><G109/><T89/><D89/><U29/><REACH who="1" step="1"/><E1/><REACH who="1" step="2"/><V128/><F2/><W83/><G3/><N who="0" m="319" /><D24/><U116/><E116/><V72/><F27/><W30/><G99/><T59/><D59/><U63/><E63/><V86/><F128/><W56/><G56/><T50/><D50/><U114/><E114/><AGARI ba="2,1" hai="32,33,112,113,114" m="319,48746,42537" machi="114" ten="40,8000,1" yaku="14,1,18,1,23,1,34,2" doraHai="18" who="0" fromWho="1" sc="250,96,359,-86,141,0,240,0" /><INIT seed="2,0,0,5,1,82" ten="346,273,141,240" oya="2" hai0="72,29,41,115,71,76,120,73,108,43,111,122,98" hai1="132,118,44,85,135,67,75,35,16,66,7,124,133" hai2="28,13,121,55,83,60,119,123,11,15,116,107,50" hai3="0,61,9,90,20,128,51,99,26,94,95,102,110"/><V126/><F107/><W57/><G110/><N who="0" m="42027" /><D29/><U88/><E75/><N who="0" m="28745" /><D76/><U54/><E35/><V78/><F126/><W24/><G128/><T32/><D32/><U127/><E118/><V103/><F60/><W106/><G106/><T131/><D71/><U114/><E114/><V129/><F103/><W34/><G34/><T86/><D86/><U56/><E44/><V21/><F129/><W58/><G26/><T37/><D98/><U27/><E7/><V25/><F119/><W125/><G125/><N who="1" m="48202" /><E16/><V52/><F52/><N who="3" m="31903" /><G0/><T69/><D69/><U6/><E27/><V14/><F116/><W40/><G40/><N who="0" m="15435" /><D131/><U113/><E6/><V62/><F11/><W79/><G79/><T2/><D2/><U49/><E113/><V48/><F121/><W89/><G95/><AGARI ba="0,0" hai="49,54,56,66,67,85,88,95,132,133,135" m="48202" machi="95" ten="40,8000,1" yaku="20,1,18,1,52,1,54,1" doraHai="82" who="1" fromWho="3" sc="346,0,273,80,141,0,240,-80" /><INIT seed="3,0,0,1,0,107" ten="346,353,141,160" oya="3" hai0="56,129,111,121,23,52,90,28,84,112,55,34,118" hai1="83,2,13,106,132,41,54,100,7,87,38,29,33" hai2="26,79,19,63,135,105,43,47,75,104,46,4,57" hai3="62,125,49,8,61,66,10,86,120,51,11,113,9"/><W31/><G120/><T53/><D34/><U60/><E2/><V1/><F135/><W81/><G113/><T40/><D121/><U20/><E33/><V48/><F46/><W88/><G125/><T25/><D112/><U39/><E106/><V64/><F4/><W97/><G31/><T58/><D129/><U30/><E100/><V95/><F95/><N who="3" m="56551" /><G66/><T68/><D68/><U102/><E102/><V59/><F57/><N who="0" m="22122" /><D111/><U12/><E54/><V73/><F1/><W80/><N who="3" m="2048" /><DORA hai="92" /><W99/><G99/><T36/><D36/><U124/><E60/><N who="3" m="23146" /><G81/><N who="0" m="49423" /><D118/><U115/><E83/><V93/><F93/><W50/><G50/><T103/><D103/><U44/><E124/><V67/><F64/><W101/><G101/><T21/><D21/><U22/><E38/><V6/><F6/><W77/><AGARI ba="0,0" hai="49,51,77,80,86" m="23146,2048,56551" machi="77" ten="40,7800,0" yaku="8,1,52,1,54,1" doraHai="107,92" who="3" fromWho="3" sc="346,-26,353,-26,141,-26,160,78" /><INIT seed="3,1,0,4,4,5" ten="320,327,115,238" oya="3" hai0="0,31,103,14,89,122,114,65,29,1,25,33,28" hai1="43,21,20,125,8,99,112,74,118,69,98,87,72" hai2="82,70,13,48,40,132,110,115,61,41,63,97,62" hai3="84,93,26,49,106,126,67,51,83,109,64,27,47"/><W127/><G106/><T24/><D103/><U117/><E69/><V22/><F97/><N who="1" m="36873" /><E43/><N who="2" m="16459" /><F22/><N who="1" m="8809" /><E125/><N who="3" m="47626" /><G93/><T128/><D89/><U111/><E111/><V100/><F13/><W52/><G51/><T134/><D65/><N who="3" m="25161" /><G109/><T30/><D128/><U45/><E87/><V15/><F100/><W11/><G11/><T55/><D55/><U73/><E8/><V18/><F82/><W66/><N who="3" m="25169" /><W133/><DORA hai="4" /><G133/><T12/><D134/><U54/><E54/><V39/><F15/><N who="0" m="5674" /><D122/><U113/><E45/><V129/><F18/><W79/><AGARI ba="1,0" hai="26,27,47,49,52,79,83,84" m="25169,47626" machi="79" ten="40,3900,0" yaku="18,1,54,1" doraHai="5,4" who="3" fromWho="3" sc="320,-14,327,-14,115,-14,238,42" /><INIT seed="3,2,0,4,2,0" ten="306,313,101,280" oya="3" hai0="99,108,31,19,40,87,32,14,63,84,4,68,75" hai1="36,100,1,116,128,33,42,12,20,53,127,90,91" hai2="106,117,85,17,77,58,97,107,39,104,67,74,41" hai3="110,49,103,80,86,70,76,24,30,21,122,52,73"/><W92/><G122/><T132/><D75/><U115/><E33/><V43/><F117/><W124/><G70/><T37/><D132/><U34/><E34/><V65/><F74/><W81/><G124/><T130/><D130/><U3/><E128/><V18/><F97/><N who="3" m="59815" /><G110/><T89/><D108/><U29/><E116/><V123/><F123/><W26/><G73/><T57/><D68/><U35/><E35/><V10/><F10/><W129/><G129/><T44/><D4/><U48/><E115/><V27/><F27/><N who="3" m="16751" /><G80/><T23/><D99/><U7/><E36/><V28/><F28/><W131/><G131/><T2/><D2/><U113/><E113/><V114/><F114/><W125/><G125/><T64/><REACH who="0" step="1"/><D89/><REACH who="0" step="2"/><U8/><E127/><V118/><F118/><W72/><G72/><T102/><D102/><U120/><E120/><V134/><F134/><W105/><G105/><T60/><D60/><U101/><E1/><V95/><F39/><W50/><G50/><T78/><D78/><U9/><E101/><V96/><F77/><W112/><G112/><T6/><D6/><U94/><E100/><V121/><F85/><W47/><AGARI ba="2,1" hai="24,26,47,49,52,76,81,86" m="16751,59815" machi="47" ten="30,3000,0" yaku="8,1,54,1" doraHai="0" who="3" fromWho="3" sc="296,-12,313,-12,101,-12,280,46" owari="284,-7,301,5,89,-31,326,33" /></mjloggm>