<mjloggm ver="2.3"><GO type="9"/><UN n0="%53%2D%4D%61%6B%6F" n1="%73%61%72%61%2F%73" n2="%EF%BC%AE%61%74%73%75%6D%69" n3="%E3%82%A6%E3%83%AB%E3%83%88%E3%83%A9%E7%AB%8B%E7%9B%B4" dan="7,6,1,9" rate="1573,1686,1562,1760" sx="F,M,F,M"/><TAIKYOKU oya="0"/><INIT seed="0,0,0,0,0,86" ten="250,250,250,250" oya="0" hai0="129,47,134,18,23,43,67,119,104,29,21,17,97" hai1="9,71,6,99,123,35,22,117,66,26,132,105,38" hai2="59,95,15,96,128,51,118,10,77,41,74,120,79" hai3="69,28,56,94,92,90,5,25,53,36,131,91,49" shuffle="mt19937ar,4CE5DA45,789353DA,F2C3E9EB,5704F6C5,8A286C03,A133842D,CE010199,5D04C48F"/><T84/><D119/><U24/><E24/><V68/><F118/><W42/><G69/><T80/><D67/><U52/><E117/><V106/><F120/><W111/><G5/><T50/><D129/><U60/><E132/><V63/><F128/><W72/><G72/><T62/><D134/><U40/><E123/><V83/><F106/><W64/><G64/><T73/><D62/><U76/><E76/><V8/><F68/><W109/><G131/><T30/><D73/><U70/><E35/><V108/><F108/><W113/><G113/><T3/><D3/><U58/><E70/><V93/><F77/><W114/><G114/><T19/><D104/><U87/><E87/><V7/><F96/><W125/><G125/><T107/><D107/><U13/><E105/><V78/><F79/><W11/><G11/><T2/><D2/><U122/><E122/><V121/><F121/><W81/><G81/><T98/><D84/><U46/><E99/><V12/><F51/><W65/><G65/><T103/><D80/><U135/><E135/><V102/><F41/><W32/><G42/><T75/><D75/><U4/><E22/><V14/><F102/><W34/><G36/><T55/><D43/><U57/><E58/><V0/><REACH who="2" step="1"/><F10/><REACH who="2" step="2"/><W48/><G48/><T115/><D115/><U16/><E26/><V126/><F126/><W1/><G109/><T33/><D33/><N who="3" m="12905" /><G49/><AGARI ba="0,1" hai="4,6,9,13,16,38,40,46,49,52,57,60,66,71" machi="49" ten="30,8000,1" yaku="7,1,24,2,54,2" doraHai="86" who="1" fromWho="3" sc="250,0,250,90,240,0,250,-80" /><INIT seed="1,0,0,5,5,133" ten="250,340,240,170" oya="1" hai0="135,31,112,124,59,51,110,52,14,27,37,88,98" hai1="132,74,73,34,25,130,1,28,134,5,119,131,76" hai2="11,26,61,10,24,48,4,89,97,16,115,42,101" hai3="75,15,80,22,93,99,116,29,126,104,68,58,49" shuffle="mt19937ar,C354F579,8F44C9EA,343E170E,9C16BD02,49AE32A4,6DBD198F,CD5A1909,EB9C1899"/><U108/><E76/><V41/><F115/><W6/><G68/><T113/><D37/><U109/><E119/><V64/><F4/><W96/><G104/><T0/><D0/><U39/><E5/><V72/><F72/><W36/><G36/><T21/><D124/><U94/><E39/><V55/><F89/><W13/><G116/><T2/><D135/><N who="1" m="51755" /><E94/><V56/><F11/><W3/><G3/><T20/><D110/><N who="1" m="42603" /><E1/><V18/><F18/><W78/><G126/><T71/><D2/><U111/><N who="1" m="42611" /><U67/><DORA hai="44" /><E67/><V106/><F24/><W12/><G6/><T77/><D77/><U84/><E84/><V79/><F79/><W32/><G32/><T54/><D71/><U17/><E17/><V57/><REACH who="2" step="1"/><F26/><REACH who="2" step="2"/><W45/><G58/><T105/><D105/><U125/><E125/><V100/><F100/><W9/><G9/><T103/><D113/><U86/><E86/><V60/><F60/><W118/><G118/><T66/><D112/><U85/><E85/><V82/><F82/><W83/><G83/><T53/><D103/><U92/><E92/><V8/><F8/><W81/><G81/><T95/><REACH who="0" step="1"/><D66/><REACH who="0" step="2"/><U102/><E102/><V87/><F87/><W122/><G122/><T50/><D50/><U30/><E34/><V123/><F123/><W127/><G127/><T35/><D35/><U107/><E107/><V120/><F120/><W46/><G49/><T43/><D43/><U129/><E25/><V69/><F69/><W23/><G78/><T70/><D70/><U38/><E38/><V117/><F117/><W91/><G75/><AGARI ba="0,2" hai="28,30,73,74,75,129,130,131" m="42611,51755" machi="75" ten="60,18000,2" yaku="6,1,28,2,19,1,20,1,14,1,10,1" doraHai="133,44" who="1" fromWho="3" sc="240,0,340,200,230,0,170,-180" owari="240,4,540,64,230,-17,-10,-51" /></mjloggm>