<mjloggm ver="2.3"><GO type="97"/><UN n0="%E3%82%A6%E3%83%AB%E3%83%88%E3%83%A9%E7%AB%8B%E7%9B%B4" n1="%E7%B5%90%E5%9F%8E%E5%B0%8F%E5%B1%B1" n2="%79%61%6D%61%36%30" n3="%52%65%70%75%6E%69%74" dan="13,14,13,13" rate="1843,1881,1871,1910" sx="M,M,M,M"/><TAIKYOKU oya="0"/><INIT seed="0,0,0,0,5,60" ten="250,250,250,250" oya="0" hai0="71,119,115,62,51,56,98,128,88,40,97,58,135" hai1="49,29,121,27,37,11,110,101,76,102,66,77,4" hai2="83,103,14,10,21,7,122,70,61,33,68,86,17" hai3="85,90,44,47,95,111,59,100,129,105,99,30,0"/><T74/><D74/><U91/><E37/><V2/><F103/><W107/><G0/><T57/><D119/><U80/><E121/><V19/><F122/><W64/><G30/><T32/><D32/><U82/><E110/><V89/><F19/><W23/><G111/><T108/><D115/><U5/><E49/><V54/><F54/><W123/><G123/><T84/><D108/><U118/><E91/><V106/><F106/><W120/><G120/><T15/><D71/><U18/><E118/><V81/><F81/><W65/><G129/><T24/><D24/><U6/><E29/><V8/><F8/><W72/><G72/><T75/><D75/><U69/><E69/><V117/><F117/><W67/><G107/><T133/><D128/><U130/><E130/><V28/><REACH who="2" step="1"/><F61/><REACH who="2" step="2"/><W87/><G105/><T31/><D62/><U125/><E125/><V114/><F114/><W9/><G100/><T1/><D31/><U50/><E102/><V78/><F78/><W109/><G9/><T127/><D127/><U132/><E101/><V73/><F73/><W52/><G109/><T94/><D1/><U79/><E11/><V36/><F36/><W53/><G53/><T43/><D15/><U92/><E92/><V34/><F34/><W41/><G41/><N who="0" m="15947" /><D51/><U16/><E50/><V126/><F126/><W46/><G23/><T13/><D13/><U42/><E42/><V63/><F63/><AGARI ba="0,1" hai="44,46,47,52,59,63,64,65,67,85,87,90,95,99" machi="63" ten="40,8000,1" yaku="8,1,52,3,54,1" doraHai="60" who="3" fromWho="2" sc="250,0,250,0,240,-80,250,90" /><INIT seed="1,0,0,1,4,10" ten="250,250,160,340" oya="1" hai0="122,99,48,54,118,61,126,88,93,110,35,5,106" hai1="102,50,74,47,28,83,16,103,37,108,6,116,45" hai2="13,70,17,1,95,121,120,53,82,25,104,109,132" hai3="29,12,38,49,123,125,96,41,64,124,87,85,14"/><U42/><E116/><V111/><F104/><W19/><G38/><T11/><D35/><U133/><E28/><V2/><F70/><W32/><G123/><T0/><D118/><U92/><E133/><V100/><F82/><W26/><G64/><T101/><D61/><U39/><E6/><V59/><F100/><W112/><G112/><T131/><D122/><N who="2" m="47210" /><F95/><W21/><G96/><T40/><D40/><U79/><E108/><N who="2" m="41547" /><F132/><W89/><G41/><T58/><D110/><U75/><E75/><V114/><F114/><W105/><G105/><T91/><D126/><N who="3" m="48745" /><G49/><T44/><D131/><U18/><E47/><V98/><F98/><W34/><G34/><T72/><D72/><U24/><E103/><V68/><F68/><W130/><G130/><T69/><D69/><U27/><E102/><V86/><F86/><N who="3" m="32779" /><G89/><T107/><D91/><U134/><E134/><V76/><F76/><W56/><G56/><T115/><D115/><U46/><E92/><V67/><F67/><W81/><G81/><T30/><D58/><U22/><E46/><V57/><F25/><AGARI ba="0,0" hai="12,14,19,21,25,26,29,32" m="32779,48745" machi="25" ten="30,3900,0" yaku="18,1,52,2" doraHai="10" who="3" fromWho="2" sc="250,0,250,0,160,-39,340,39" /><INIT seed="2,0,0,3,0,65" ten="250,250,121,379" oya="2" hai0="7,76,57,34,19,95,85,72,63,17,53,15,97" hai1="51,100,91,27,81,79,133,119,60,110,48,128,89" hai2="107,117,32,46,87,75,94,99,6,120,108,83,126" hai3="39,14,105,56,11,73,36,23,102,77,3,50,124"/><V47/><F32/><W113/><G73/><T134/><D72/><U112/><E112/><V101/><F117/><W35/><G77/><T49/><D34/><U80/><E119/><V28/><F28/><W71/><G71/><T37/><D37/><U42/><E100/><V96/><F120/><W88/><G35/><T135/><D7/><U54/><E110/><V121/><F121/><W18/><G113/><T111/><D111/><U74/><E128/><V8/><F108/><W106/><G106/><T84/><D134/><U1/><E1/><V29/><F29/><W25/><G3/><T0/><D0/><U131/><E133/><V118/><F118/><W10/><G10/><T125/><D125/><U82/><E131/><V24/><F24/><W93/><G124/><T22/><D76/><U9/><E27/><V92/><F126/><W62/><G50/><T109/><D109/><U45/><E9/><V61/><F61/><W103/><G105/><T40/><D135/><U41/><E74/><V12/><F75/><W20/><G39/><T127/><D19/><U67/><E79/><N who="2" m="46591" /><F107/><W5/><G36/><T4/><D4/><U2/><E2/><V58/><F58/><W115/><G115/><T70/><D127/><U43/><E51/><V130/><F130/><W68/><G68/><T116/><D116/><U64/><E60/><V114/><F114/><W16/><G5/><T132/><D132/><U78/><E78/><V31/><F31/><W33/><G33/><T21/><D40/><U98/><E98/><V30/><F30/><W44/><G11/><T122/><D122/><RYUUKYOKU ba="0,0" sc="250,-15,250,15,121,15,379,-15" hai1="41,42,43,45,48,54,64,67,80,81,82,89,91" hai2="6,8,12,46,47,92,94,96,99,101" /><INIT seed="2,1,0,2,5,3" ten="235,265,136,364" oya="2" hai0="94,62,34,86,50,114,127,130,87,66,73,27,83" hai1="5,109,51,24,84,72,52,41,124,30,122,0,23" hai2="68,125,79,82,134,36,117,42,64,7,118,53,78" hai3="97,37,77,57,112,15,99,65,96,9,108,6,90"/><V48/><F125/><W123/><G37/><T71/><D73/><U2/><E124/><V38/><F79/><W67/><G123/><T81/><D127/><U63/><E122/><V11/><F134/><W46/><G77/><T111/><D114/><U105/><E105/><V80/><F80/><W55/><G112/><T69/><D69/><U126/><E72/><V49/><F68/><W40/><G108/><T89/><D111/><U119/><E109/><V133/><F64/><W29/><G29/><T60/><D60/><U10/><E119/><V19/><F19/><W120/><G120/><T58/><D130/><U131/><E126/><V14/><F133/><W88/><G40/><T115/><D115/><U103/><E131/><V116/><F48/><N who="3" m="30951" /><G46/><T104/><D104/><U93/><E41/><V74/><REACH who="2" step="1"/><F42/><REACH who="2" step="2"/><W39/><G39/><T113/><D113/><U129/><E129/><V43/><F43/><W33/><G67/><T20/><D81/><U76/><E76/><V95/><F95/><W32/><G65/><T70/><D50/><U121/><E121/><V1/><F1/><W45/><G99/><T25/><D71/><U91/><E0/><V100/><F100/><W135/><G97/><T8/><D70/><U110/><E110/><V4/><F4/><W54/><G6/><T12/><D83/><U75/><E51/><V17/><F17/><N who="3" m="8431" /><G96/><T13/><D86/><U16/><E75/><V35/><F35/><N who="3" m="13387" /><G135/><T28/><D34/><U102/><E102/><V101/><F101/><W128/><G128/><T92/><D92/><U22/><E103/><V21/><F21/><RYUUKYOKU ba="1,1" sc="235,-15,265,-15,126,15,364,15" hai2="7,11,14,36,38,49,53,74,78,82,116,117,118" hai3="45,54,88,90" /><INIT seed="2,2,1,3,0,83" ten="220,250,141,379" oya="2" hai0="92,65,8,6,84,119,68,30,20,12,58,2,111" hai1="4,42,26,54,96,131,104,9,107,85,7,101,59" hai2="32,95,22,113,120,126,44,56,71,125,102,87,129" hai3="39,52,70,25,90,75,14,43,17,108,45,110,124"/><V117/><F120/><W40/><G75/><T57/><D68/><U105/><E131/><V21/><F117/><W132/><G70/><T18/><D119/><U122/><E42/><V24/><F24/><W133/><G43/><T66/><D111/><N who="3" m="42537" /><G25/><T63/><D30/><U115/><E122/><V11/><F113/><W109/><G109/><T0/><D0/><U134/><E115/><V118/><F32/><W98/><G124/><N who="2" m="47721" /><F118/><W69/><G69/><T46/><D46/><U82/><E26/><V33/><F33/><W79/><G79/><T94/><D84/><U114/><E114/><V27/><F71/><W106/><G106/><T55/><D66/><U78/><E134/><N who="3" m="51818" /><G98/><T93/><D93/><U41/><E41/><V135/><F129/><W121/><G121/><T15/><REACH who="0" step="1"/><D2/><REACH who="0" step="2"/><U127/><E127/><V72/><F135/><W76/><G45/><T38/><D38/><U23/><E107/><V128/><F72/><W50/><G39/><T88/><D88/><U28/><E105/><V74/><F128/><W48/><G90/><T80/><D80/><U91/><E78/><V73/><F73/><W29/><G76/><T31/><D31/><U10/><E28/><V5/><F74/><W62/><G29/><T89/><D89/><U3/><E91/><V36/><F102/><W1/><G1/><T47/><D47/><U19/><E82/><V49/><F49/><AGARI ba="2,2" hai="6,8,12,15,18,20,49,55,57,58,63,65,92,94" machi="49" ten="30,3900,0" yaku="1,1,7,1,8,1,53,0" doraHai="83" doraHaiUra="116" who="0" fromWho="2" sc="210,65,250,0,141,-45,379,0" /><INIT seed="3,0,0,2,4,9" ten="275,250,96,379" oya="3" hai0="15,61,72,117,110,55,37,96,123,131,126,46,47" hai1="35,107,106,56,3,5,26,81,119,8,133,112,95" hai2="90,34,129,1,23,20,33,115,63,60,127,76,42" hai3="77,105,64,108,102,58,29,68,124,111,132,86,36"/><W38/><G68/><T2/><D2/><U21/><E112/><V83/><F129/><W17/><G29/><T85/><D72/><U49/><E119/><V54/><F1/><W70/><G70/><T73/><D73/><U84/><E133/><V40/><F54/><W101/><G132/><T104/><D123/><U92/><E106/><V100/><F115/><W30/><G30/><T27/><D117/><U67/><E107/><V103/><F127/><W32/><G32/><T122/><D122/><U98/><E35/><V75/><F90/><W69/><G69/><T79/><D126/><U0/><E0/><V45/><F75/><W128/><G124/><T43/><D131/><U94/><E49/><V82/><REACH who="2" step="1"/><F45/><REACH who="2" step="2"/><W125/><G128/><T12/><D47/><U134/><E134/><V39/><F39/><W7/><G38/><T120/><D120/><U87/><E67/><V59/><F59/><W62/><G58/><T80/><D110/><U116/><E56/><V53/><F53/><W11/><G36/><T24/><D55/><U97/><E116/><V51/><F51/><W118/><G64/><T89/><D61/><U31/><E87/><V13/><F13/><W66/><G86/><T109/><D109/><U18/><E84/><V4/><F4/><W50/><G7/><T6/><D89/><U14/><E81/><V19/><F19/><W71/><G17/><T93/><D6/><U52/><E52/><V28/><F28/><W48/><G111/><T65/><D65/><U130/><E130/><V74/><F74/><W78/><G108/><T41/><D37/><RYUUKYOKU ba="0,1" sc="275,-15,250,15,86,15,379,-15" hai1="3,5,8,14,18,21,26,31,92,94,95,97,98" hai2="20,23,33,34,40,42,60,63,76,82,83,100,103" owari="260,-9,265,2,101,-30,374,37" /></mjloggm>