<mjloggm ver="2.3"><GO type="193"/><UN n0="%E3%83%AC%E3%83%A2%E3%83%B3%E3%83%86%E3%82%A3%E3%83%BC" n1="%69%64%67%6F%72%75%66%75" n2="%E3%81%B5%E3%81%9F%E3%81%B0" n3="%E3%82%A6%E3%83%AB%E3%83%88%E3%83%A9%E7%AB%8B%E7%9B%B4" dan="10,13,12,12" rate="1502,1793,1681,1862" sx="M,M,F,M"/><TAIKYOKU oya="0"/><INIT seed="0,0,0,4,4,0" ten="250,250,250,250" oya="0" hai0="48,81,68,63,55,3,120,72,66,2,29,83,69" hai1="13,91,107,61,128,45,115,14,134,70,20,100,106" hai2="40,104,23,76,5,126,44,73,102,33,84,26,89" hai3="118,94,4,93,87,52,9,16,59,10,7,18,116" shuffle="mt19937ar,41D0DFA4,06B53369,41980FD3,55ED734B,900B9308,36DEB3C1,98465EBC,AFFC9025"/><T99/><D120/><U95/><E128/><V129/><F126/><W88/><G116/><T108/><D108/><U57/><E134/><V49/><F129/><W75/><G75/><T96/><D29/><U36/><E115/><V21/><F33/><W34/><G34/><T124/><D124/><U122/><E70/><V43/><F104/><W17/><G94/><T35/><D72/><U97/><E122/><V24/><F102/><W6/><G118/><T78/><D35/><U109/><E109/><V39/><F73/><W1/><REACH who="3" step="1"/><G1/><REACH who="3" step="2"/><T47/><D69/><U31/><E107/><V119/><F119/><W103/><G103/><T77/><D99/><U90/><E106/><V37/><F39/><W15/><G15/><N who="1" m="5642" /><E36/><V123/><F37/><W92/><G92/><T130/><D130/><U132/><E132/><V110/><F123/><W30/><G30/><T42/><D96/><U80/><E80/><V86/><F110/><W19/><N who="3" m="4608" /><DORA hai="133" /><W127/><G127/><T53/><D42/><U79/><E79/><V117/><F43/><W46/><G46/><T121/><D121/><U125/><E45/><V38/><F76/><W105/><G105/><T111/><D111/><U41/><E41/><V64/><F38/><W135/><G135/><T28/><D77/><U11/><E125/><V60/><F117/><W101/><G101/><T98/><D28/><U113/><E11/><V67/><F44/><W32/><G32/><T51/><D78/><U85/><E85/><V74/><F74/><W62/><AGARI ba="0,1" hai="4,6,7,9,10,52,59,62,87,88,93" m="4608" machi="62" ten="50,16000,3" yaku="1,1,0,1,8,1,52,3,54,3,53,1" doraHai="0,133" doraHaiUra="58,71" who="3" fromWho="3" sc="250,-80,250,-40,250,-40,240,170" /><INIT seed="1,0,0,5,5,130" ten="170,210,210,410" oya="1" hai0="24,43,36,123,82,95,7,32,45,66,31,41,13" hai1="21,104,100,89,38,27,20,131,119,52,121,12,78" hai2="64,48,84,110,65,3,55,77,54,25,19,106,30" hai3="111,103,76,4,56,86,132,91,68,53,49,29,134" shuffle="mt19937ar,3B2F6B6B,9874768D,04EE6083,B9768833,F9A58C30,CDF93493,0749983B,F5BA2453"/><U37/><E121/><V73/><F110/><W14/><G68/><T128/><D128/><U81/><E131/><V116/><F73/><W112/><G112/><T113/><D123/><U70/><E119/><V135/><F116/><W87/><G111/><T69/><D113/><U90/><E70/><V129/><F106/><W93/><G103/><T62/><D95/><U15/><E100/><V85/><F129/><W67/><G67/><T75/><D13/><U18/><E104/><V115/><F3/><W114/><G114/><T80/><D41/><U83/><E78/><V105/><F115/><W17/><G29/><T71/><D82/><N who="1" m="31243" /><E38/><V79/><F105/><W59/><G4/><T8/><D71/><U16/><E37/><V102/><F102/><W117/><G117/><T34/><D34/><U28/><E52/><N who="2" m="20011" /><F30/><W33/><G33/><T109/><D109/><U57/><E57/><V60/><F48/><W9/><G59/><T42/><D42/><U126/><E126/><V88/><F60/><W120/><G120/><T51/><D51/><U2/><E2/><V101/><F101/><W10/><G10/><AGARI ba="0,0" hai="10,12,15,16,18,20,21,27,28,89,90" m="31243" machi="10" ten="30,2900,0" yaku="8,1,54,1" doraHai="130" who="1" fromWho="3" sc="170,0,210,29,210,0,410,-29" /><INIT seed="1,1,0,3,2,94" ten="170,239,210,381" oya="1" hai0="9,118,27,116,51,93,74,115,30,0,98,47,96" hai1="11,39,53,117,5,14,91,25,113,100,133,65,54" hai2="85,80,89,135,63,120,52,64,21,114,44,15,46" hai3="20,24,23,17,95,2,35,67,109,68,121,104,73" shuffle="mt19937ar,3843D18A,BBB3DB76,907D4BA3,392981B9,A2D46AD7,6CCD0A7D,E9749EA7,A7E0E576"/><U34/><E117/><V102/><F120/><W126/><G35/><T123/><D74/><U112/><E133/><V130/><F130/><W18/><G2/><T75/><D75/><U76/><E39/><V103/><F135/><W88/><G104/><T108/><D0/><U16/><E100/><V59/><F114/><W13/><G73/><T106/><D106/><U84/><E76/><V31/><F64/><W78/><G78/><T79/><D79/><U45/><E65/><V125/><F125/><W69/><G126/><T58/><D58/><U50/><E54/><V8/><F31/><W90/><G121/><T101/><D9/><U97/><E97/><N who="0" m="37481" /><D115/><U87/><E87/><V26/><F46/><W42/><G69/><T71/><D71/><U70/><E70/><V36/><F36/><W29/><G68/><T49/><D123/><U119/><E119/><N who="0" m="45609" /><D27/><U107/><E107/><V57/><F44/><W40/><G67/><T122/><D122/><U127/><E127/><V111/><F57/><W66/><G66/><T99/><D30/><N who="1" m="19791" /><E5/><V3/><F3/><W37/><G37/><T1/><D1/><U72/><E72/><V62/><F62/><W132/><G29/><T56/><D108/><U92/><E92/><V32/><F32/><W124/><G109/><T110/><D110/><U41/><E41/><N who="3" m="15978" /><G124/><T134/><D134/><U81/><AGARI ba="1,0" hai="11,14,16,45,50,53,81,84,91,112,113" m="19791" machi="81" ten="30,3000,0" yaku="25,1,54,1" doraHai="94" who="1" fromWho="1" sc="170,-11,239,33,210,-11,381,-11" /><INIT seed="1,2,0,0,0,53" ten="159,272,199,370" oya="1" hai0="23,54,120,77,2,127,58,32,0,132,94,121,82" hai1="25,47,7,115,59,6,126,3,8,89,17,112,76" hai2="87,100,124,35,22,123,86,34,26,96,99,122,90" hai3="62,75,109,133,118,128,10,21,31,18,49,74,114" shuffle="mt19937ar,55C20348,32F56A42,4FB946AF,D8F0BCEE,A0C64E8F,39903325,33A31CE3,2BD3CD03"/><U130/><E126/><V19/><F35/><W116/><G128/><T20/><D32/><U103/><E130/><V13/><F124/><W106/><G106/><T131/><D127/><U50/><E103/><V85/><F34/><W92/><G133/><T80/><D131/><U105/><E105/><V104/><F26/><W73/><G114/><T27/><D132/><U24/><E59/><V117/><F117/><N who="3" m="45163" /><G109/><T41/><D41/><U15/><E76/><V39/><F39/><W36/><G36/><T16/><D20/><U11/><E89/><V38/><F38/><W83/><G49/><T125/><D125/><U12/><E50/><V1/><F1/><W28/><G10/><T37/><D37/><U33/><E47/><V51/><F51/><W45/><G45/><T111/><D94/><U67/><E67/><V69/><F69/><W113/><G113/><N who="1" m="43594" /><E33/><V44/><F44/><W98/><G62/><N who="0" m="36183" /><D0/><U110/><E110/><V72/><F72/><W88/><G83/><N who="0" m="31787" /><D2/><U70/><E70/><V84/><F22/><AGARI ba="2,0" hai="3,6,7,8,11,12,15,17,22,24,25" m="43594" machi="22" ten="30,2900,0" yaku="34,2" doraHai="53" who="1" fromWho="2" sc="159,0,272,35,199,-35,370,0" /><INIT seed="1,3,0,5,5,1" ten="159,307,164,370" oya="1" hai0="41,67,34,10,122,113,54,18,123,104,96,87,43" hai1="21,97,91,59,63,50,88,102,107,80,24,25,112" hai2="114,22,117,46,37,70,131,36,135,85,48,125,3" hai3="4,79,7,83,133,84,53,5,129,44,6,89,115" shuffle="mt19937ar,D7B62CFE,C626835A,4B8F93F4,5FE434B3,7B51B946,8F7EF7C5,4686F226,068DE98B"/><U101/><E112/><V95/><F117/><W100/><G115/><T108/><D113/><U15/><E102/><V130/><F114/><W31/><G129/><T86/><D34/><U12/><E25/><V93/><F3/><W26/><G133/><T40/><D67/><U105/><E105/><V16/><F70/><W20/><G100/><T57/><D104/><U94/><E50/><V49/><F135/><W64/><G64/><T61/><D108/><U38/><E38/><V66/><F125/><W124/><G124/><T0/><D96/><U82/><E82/><V11/><F66/><W120/><G120/><T56/><D56/><U103/><E80/><V74/><F85/><W90/><N who="3" m="1536" /><DORA hai="92" /><W13/><G13/><N who="1" m="5194" /><E107/><V14/><F74/><W55/><G44/><T132/><D132/><U116/><E116/><V71/><F71/><W42/><G42/><T45/><D18/><N who="1" m="12343" /><E103/><V110/><F110/><W126/><G126/><T19/><D19/><U106/><E106/><V17/><F46/><W111/><G111/><T58/><D58/><U9/><E9/><V8/><F22/><W60/><G60/><T99/><D99/><U28/><E28/><V118/><F118/><W47/><G47/><T119/><D119/><U73/><E73/><V121/><F14/><W65/><G65/><AGARI ba="3,0" hai="59,63,65,88,91,94,97,101" m="12343,5194" machi="65" ten="30,5800,0" yaku="8,1,52,1,54,1" doraHai="1,92" who="1" fromWho="3" sc="159,0,307,67,164,0,370,-67" /><INIT seed="1,4,0,5,5,97" ten="159,374,164,303" oya="1" hai0="20,22,68,85,60,123,114,124,134,36,122,48,86" hai1="14,21,41,46,17,80,1,91,2,128,95,59,19" hai2="99,34,73,63,108,56,115,50,116,105,37,112,93" hai3="104,118,129,29,103,23,64,54,78,3,32,66,100" shuffle="mt19937ar,7BD90EC4,6DE455B8,1CFC5365,EA219C8E,7EBDDFFA,7D7A70FA,D1A61889,03974DFD"/><U110/><E128/><V16/><F116/><W33/><G32/><T89/><D36/><U127/><E127/><V61/><F73/><W40/><G33/><T5/><D5/><U74/><E110/><V102/><F105/><W18/><G3/><T98/><D134/><U82/><E74/><V0/><F37/><W131/><G104/><T76/><D124/><U72/><E72/><V11/><F34/><W7/><G7/><T106/><D106/><U15/><E59/><V28/><F28/><W132/><G29/><T52/><D114/><N who="2" m="43562" /><F108/><W77/><G40/><T49/><D68/><U31/><E1/><V75/><F75/><W57/><G132/><T53/><D60/><U111/><E2/><V10/><F0/><W69/><G69/><T121/><D76/><N who="3" m="29289" /><G118/><T126/><D126/><U67/><E67/><N who="3" m="25642" /><G131/><T125/><D125/><U42/><E31/><V30/><F30/><W13/><G129/><T107/><D107/><U35/><E35/><V4/><F4/><W9/><G9/><T133/><D133/><U120/><E120/><N who="0" m="30721" /><T58/><DORA hai="135" /><D98/><N who="1" m="57727" /><E111/><V101/><F10/><W65/><N who="3" m="25650" /><W45/><DORA hai="70" /><G45/><N who="0" m="27663" /><D85/><U113/><E113/><V27/><F63/><AGARI ba="4,0" hai="13,18,23,54,57,63,100,103" m="25650,29289" machi="63" ten="30,3900,0" yaku="8,1,52,2" doraHai="97,135,70" who="3" fromWho="2" sc="159,0,374,0,164,-51,303,51" /><INIT seed="2,0,0,0,5,132" ten="159,374,113,354" oya="2" hai0="91,36,124,12,30,65,99,13,63,52,7,70,48" hai1="96,101,55,110,106,90,127,27,119,32,58,24,121" hai2="4,104,79,113,5,123,17,25,2,19,29,47,131" hai3="15,74,18,85,1,126,33,28,57,120,40,97,87" shuffle="mt19937ar,4037EED6,63DC9527,64267517,4967534C,14D6DFAB,FD7BC40E,6181D481,386C3CAC"/><V9/><F104/><W72/><G1/><T95/><D36/><U26/><E119/><V31/><F79/><W21/><G120/><T51/><D30/><U86/><E127/><V69/><F69/><W82/><G126/><T115/><D115/><U56/><E121/><V16/><F47/><W50/><G97/><T49/><D124/><U108/><E32/><V0/><F123/><W111/><G111/><N who="1" m="42538" /><E55/><V80/><F80/><AGARI ba="0,0" hai="24,26,27,56,58,80,86,90,96,101,106" m="42538" machi="80" ten="30,1000,0" yaku="14,1" doraHai="132" who="1" fromWho="2" sc="159,0,374,10,113,-10,354,0" /><INIT seed="3,0,0,4,2,78" ten="159,384,103,354" oya="3" hai0="85,91,71,40,89,93,116,56,134,128,0,31,81" hai1="16,87,82,127,113,25,84,133,125,100,122,53,8" hai2="26,21,79,112,73,59,54,104,97,69,75,94,44" hai3="22,4,107,50,124,115,61,19,24,11,52,27,34" shuffle="mt19937ar,4AB088A4,A31F8641,0C1F0E17,BCE499F9,DE93CB5E,E72D1575,E45B62F0,FE764BF9"/><W15/><G107/><T29/><D116/><U119/><E119/><V66/><F69/><W130/><G115/><T3/><D128/><U57/><E113/><V62/><F112/><W14/><G130/><T7/><D134/><U17/><E122/><V83/><F104/><W43/><G124/><N who="1" m="47690" /><E133/><V1/><F1/><W41/><G34/><T9/><D71/><U70/><E70/><V120/><F120/><W12/><G12/><T37/><D56/><U123/><E123/><V38/><F38/><W80/><G80/><T102/><D102/><U72/><E100/><V20/><F75/><W109/><G109/><T106/><D106/><U65/><E65/><V111/><F111/><W88/><G88/><T105/><D105/><U121/><E121/><V30/><F44/><W60/><G61/><T42/><D0/><U6/><E72/><V39/><F39/><W114/><G60/><T77/><D42/><N who="3" m="15881" /><G114/><T55/><D55/><U95/><E95/><V63/><F63/><W58/><AGARI ba="0,0" hai="4,11,14,15,19,22,24,27,50,52,58" m="15881" machi="58" ten="30,3000,0" yaku="8,1,54,1" doraHai="78" who="3" fromWho="3" sc="159,-10,384,-10,103,-10,354,30" owari="149,-20,374,12,93,-31,384,39" /></mjloggm>