<mjloggm ver="2.3"><GO type="97"/><UN n0="%E3%82%82%E3%82%82%E3%81%A8%E3%81%8F%E3%82%8D" n1="%E3%82%89%E3%81%98%E3%81%BE%E3%82%8B" n2="%E3%82%A6%E3%83%AB%E3%83%88%E3%83%A9%E7%AB%8B%E7%9B%B4" n3="%EF%BC%88%EF%BC%A4%C2%B4%E3%83%BB%CF%89%E3%83%BB%EF%BC%89%E3%83%8E" dan="14,14,13,14" rate="1912,1984,1869,1893" sx="M,M,M,M"/><TAIKYOKU oya="0"/><INIT seed="0,0,0,2,4,125" ten="250,250,250,250" oya="0" hai0="90,93,96,58,44,49,68,45,127,86,34,48,36" hai1="107,62,103,7,130,132,43,120,134,79,2,131,3" hai2="113,28,41,39,78,110,99,75,77,23,13,69,32" hai3="105,40,35,123,87,65,95,20,64,71,83,109,112" shuffle="mt19937ar,3E747E2E,506B6D8B,E6935D7C,DF2240A6,F3D2194B,48839D7A,A5C7AD96,CCF2C111"/><T38/><D34/><U54/><E120/><V70/><F13/><W31/><G109/><T11/><D127/><U63/><E43/><V94/><F23/><W111/><G111/><T51/><D68/><U115/><E115/><V50/><F50/><W16/><G112/><T57/><D11/><U15/><E79/><V92/><F110/><W117/><G117/><T124/><D124/><U88/><E103/><V89/><F113/><W66/><G105/><T80/><D38/><U106/><E15/><V46/><F28/><W47/><G123/><T126/><D126/><U98/><E54/><V135/><F32/><W81/><G71/><T24/><D24/><U25/><E25/><V59/><F59/><N who="0" m="22538" /><D36/><U74/><E74/><V9/><F9/><W26/><G95/><T8/><D8/><U118/><E98/><V29/><F29/><W119/><G119/><T100/><AGARI ba="0,0" hai="44,45,48,49,51,80,86,90,93,96,100" m="22538" machi="100" ten="30,1500,0" yaku="8,1" doraHai="125" who="0" fromWho="0" sc="250,15,250,-5,250,-5,250,-5" /><INIT seed="0,1,0,4,2,70" ten="265,245,245,245" oya="0" hai0="127,16,117,19,18,43,104,94,32,91,35,33,89" hai1="62,120,101,8,83,97,125,49,103,6,109,15,75" hai2="71,36,108,114,13,53,10,23,119,25,95,64,96" hai3="51,9,20,2,86,66,92,122,38,57,77,45,133" shuffle="mt19937ar,5EE9FFF5,00DB716E,FCB4A5E1,7AB373AE,FF1A8FC7,3588BF9C,6307A821,A528BB12"/><T39/><D104/><U12/><E109/><V48/><F114/><W60/><G133/><T30/><D117/><U90/><E125/><V50/><F108/><W22/><G122/><T130/><D127/><U7/><E120/><V123/><F123/><W28/><G38/><T129/><D30/><U85/><E75/><V55/><F71/><W63/><G28/><T34/><N who="0" m="8704" /><DORA hai="27" /><T3/><D3/><U58/><E97/><V40/><F64/><W24/><G24/><T116/><D116/><U110/><E110/><V44/><F119/><W93/><G63/><T105/><D105/><U135/><E135/><V69/><F69/><W5/><G77/><T118/><D118/><U128/><E49/><V73/><F73/><W17/><G86/><T126/><D126/><U72/><E72/><V56/><F13/><W131/><G131/><N who="0" m="50187" /><D94/><U26/><E26/><V79/><F10/><W74/><G74/><T0/><D0/><U46/><E128/><V99/><F79/><W52/><G17/><T87/><D87/><U102/><E46/><AGARI ba="1,0" hai="16,18,19,39,43,46,89,91" m="50187,8704" machi="46" ten="70,12000,1" yaku="19,1,52,1,54,1" doraHai="70,27" who="0" fromWho="1" sc="265,123,245,-123,245,0,245,0" /><INIT seed="0,2,0,0,3,71" ten="388,122,245,245" oya="0" hai0="76,126,27,46,48,37,56,9,65,119,45,15,63" hai1="21,77,104,73,6,58,41,80,0,23,75,32,107" hai2="116,99,44,19,51,7,88,117,86,14,106,67,113" hai3="43,26,103,4,47,49,97,96,28,84,120,1,124" shuffle="mt19937ar,B52467A1,00B65066,501168DE,25FA46EA,3CAE45ED,A00F0BDD,CA7A141B,860305ED"/><T135/><D126/><U10/><E32/><V18/><F67/><W81/><G124/><T59/><D135/><U109/><E73/><V134/><F134/><W13/><G120/><T53/><D119/><N who="2" m="45642" /><F113/><W52/><G1/><T114/><D114/><U57/><E109/><V87/><F7/><W93/><G4/><T30/><D76/><U133/><E133/><V62/><F62/><W11/><G11/><T78/><D78/><U3/><E3/><V112/><F112/><W39/><G13/><T36/><D46/><U34/><E34/><V98/><F106/><W101/><G28/><T127/><D127/><U25/><E107/><V91/><F87/><W35/><G35/><T131/><D131/><U68/><E104/><V5/><F5/><W8/><G8/><T60/><D27/><U12/><E68/><V128/><F128/><W33/><G33/><T95/><D95/><U31/><REACH who="1" step="1"/><E41/><REACH who="1" step="2"/><N who="2" m="24975" /><F91/><W16/><G43/><T22/><D22/><U130/><E130/><V2/><F2/><W50/><G101/><T38/><D30/><U61/><E61/><V129/><F129/><W20/><G20/><T102/><D102/><U85/><E85/><V29/><F29/><W74/><G84/><T110/><D110/><U123/><E123/><V55/><F55/><W42/><G52/><N who="0" m="33799" /><D9/><U70/><E70/><V82/><F14/><W100/><G100/><T54/><D15/><U92/><E92/><V83/><F83/><W90/><G74/><T132/><D132/><U105/><E105/><V118/><F118/><W17/><G103/><T115/><D115/><U108/><E108/><RYUUKYOKU ba="2,1" sc="388,10,112,10,245,10,245,-30" hai0="36,37,38,45,48,53,54,59,63,65" hai1="0,6,10,12,21,23,25,31,57,58,75,77,80" hai2="18,19,82,86,88,98,99" /><INIT seed="0,3,1,3,4,129" ten="398,122,255,215" oya="0" hai0="111,59,34,99,13,57,56,16,42,51,102,18,78" hai1="40,121,118,79,107,83,11,95,20,8,25,39,114" hai2="41,132,22,73,58,110,29,72,127,30,122,48,128" hai3="67,106,100,86,84,87,124,15,23,98,131,28,7" shuffle="mt19937ar,1F066A06,75989125,CB47E13B,863CA9B0,6901007A,99FD5CFA,9DD193AC,F469D87B"/><T115/><D115/><U96/><E107/><V65/><F41/><W2/><G131/><T46/><D34/><U85/><E114/><V31/><F48/><W60/><G124/><T9/><D111/><U104/><E121/><V61/><F122/><W69/><G28/><T80/><D18/><U81/><E118/><V77/><F128/><W5/><REACH who="3" step="1"/><G2/><REACH who="3" step="2"/><T54/><D42/><U108/><E108/><V14/><F110/><W63/><G63/><T97/><REACH who="0" step="1"/><D102/><REACH who="0" step="2"/><U123/><E123/><V105/><F127/><W19/><AGARI ba="3,3" hai="5,7,15,19,23,60,67,69,84,86,87,98,100,106" machi="19" ten="30,2000,0" yaku="1,1,0,1,53,0" doraHai="129" doraHaiUra="126" who="3" fromWho="3" sc="388,-13,122,-8,255,-8,205,59" /><INIT seed="1,0,0,2,4,37" ten="375,114,247,264" oya="1" hai0="75,69,109,7,50,81,102,8,122,100,130,86,43" hai1="93,78,12,26,101,58,117,1,127,112,114,120,42" hai2="57,44,23,71,131,14,11,66,99,126,9,45,32" hai3="95,16,27,64,47,29,24,19,22,132,28,135,34" shuffle="mt19937ar,1FBD867B,E4330BDE,A59790BC,0C06B488,7E864F77,1980A9FA,F4B9AA75,5198E1AD"/><U91/><E1/><V13/><F32/><W17/><G64/><T129/><D69/><U134/><E120/><V76/><F71/><W63/><G63/><T48/><D75/><U55/><E117/><V35/><F35/><W84/><G47/><N who="2" m="17993" /><F126/><W105/><G105/><T133/><D133/><N who="3" m="51273" /><G84/><T5/><D109/><U52/><E127/><V53/><F131/><W67/><G67/><T4/><D8/><N who="2" m="3146" /><F76/><W74/><G95/><T110/><D110/><U51/><E134/><V85/><F85/><W61/><G61/><T106/><D106/><U94/><E78/><V79/><F79/><W119/><G74/><T125/><D125/><U39/><E39/><V124/><F124/><W90/><G90/><T89/><D122/><U98/><E114/><V72/><F72/><W33/><G119/><T25/><D129/><U3/><E112/><V62/><F99/><W121/><G22/><T20/><D130/><U103/><E3/><V87/><F87/><W21/><G21/><T82/><D82/><U18/><E26/><V6/><F23/><W80/><G80/><T97/><D97/><N who="1" m="59567" /><E91/><V15/><F66/><W123/><AGARI ba="0,0" hai="16,17,19,24,27,28,29,33,34,121,123" m="51273" machi="123" ten="40,8000,1" yaku="20,1,34,2,54,1" doraHai="37" who="3" fromWho="3" sc="375,-20,114,-40,247,-20,264,80" /><INIT seed="2,0,0,2,4,85" ten="355,74,227,344" oya="2" hai0="135,51,87,10,8,63,91,103,27,114,6,98,34" hai1="2,16,124,97,65,40,133,58,129,41,104,38,111" hai2="121,19,62,90,28,45,76,100,18,105,46,125,12" hai3="113,67,70,43,35,1,115,112,13,75,94,88,36" shuffle="mt19937ar,26D6F75F,1CF5DDFF,49564806,57665B5D,04A4E1E1,C97A703C,BA056B01,331F0B14"/><V53/><F125/><W7/><G35/><T116/><D114/><U131/><E16/><V47/><F121/><W127/><G127/><T56/><D135/><U0/><E97/><V134/><F134/><W78/><G70/><T24/><D116/><U14/><E14/><V3/><F3/><W5/><G67/><T119/><D119/><U123/><E58/><V55/><F28/><W66/><G66/><T48/><D34/><U107/><E65/><V92/><F76/><W30/><G30/><T126/><D126/><U81/><E81/><V59/><F105/><W23/><G1/><T89/><D87/><U21/><E21/><V20/><F100/><W72/><G36/><T132/><D132/><U106/><E133/><V82/><F82/><N who="3" m="45383" /><G43/><T130/><D98/><U110/><E124/><V77/><F77/><W29/><G75/><T57/><D103/><U108/><E38/><V39/><F39/><W42/><G42/><N who="1" m="16490" /><E123/><V9/><F53/><W33/><G33/><T64/><D64/><U71/><E71/><V101/><F101/><W32/><G32/><T54/><D6/><U50/><E50/><V95/><REACH who="2" step="1"/><F90/><REACH who="2" step="2"/><W4/><G29/><T31/><D31/><U93/><E93/><V22/><F22/><W11/><G23/><T15/><D54/><U109/><N who="1" m="28160" /><DORA hai="117" /><U25/><E25/><V17/><F17/><W37/><G37/><T86/><D27/><U118/><E118/><V73/><F73/><W61/><G61/><T52/><D63/><U79/><E79/><V68/><F68/><W102/><G102/><T44/><D24/><U128/><AGARI ba="0,1" hai="0,2,104,106,107,128,129,131" m="28160,16490" machi="128" ten="80,12000,2" yaku="5,1,29,2,28,2,19,1,14,1" doraHai="85,117" who="1" fromWho="1" sc="355,-30,74,130,217,-60,344,-30" /><INIT seed="3,0,0,5,0,40" ten="325,204,157,314" oya="3" hai0="58,25,22,59,93,23,122,63,129,90,79,2,82" hai1="103,112,34,51,9,86,114,67,132,94,75,56,133" hai2="0,134,71,39,76,96,69,74,125,44,100,60,14" hai3="31,1,131,15,28,6,49,10,97,47,130,21,5" shuffle="mt19937ar,C81A4213,877FAB2E,A388AB32,F9FA654F,E5ECF1FD,FDF1F70B,BEC54206,38C2D92E"/><W45/><G97/><T127/><D122/><U68/><E34/><V109/><F14/><W99/><G99/><T84/><D2/><U118/><E75/><V16/><F16/><N who="3" m="10399" /><G6/><T72/><D129/><N who="3" m="49161" /><G47/><T78/><D127/><U89/><E118/><V101/><F101/><W13/><G13/><T87/><D59/><U35/><E68/><N who="2" m="26187" /><F60/><W107/><G107/><T7/><D7/><U121/><E35/><V26/><F26/><W12/><G12/><T110/><D110/><U43/><E67/><V95/><F125/><W117/><G117/><T119/><D119/><U111/><E111/><V70/><F109/><W126/><G126/><T128/><D128/><U92/><E9/><V113/><F134/><W8/><G8/><T18/><D22/><U102/><E43/><AGARI ba="0,0" hai="1,5,10,28,31,43,45,49" m="49161,10399" machi="43" ten="30,5800,0" yaku="19,1,52,1,54,1" doraHai="40" who="3" fromWho="1" sc="325,0,204,-58,157,0,314,58" owari="325,8,146,-25,157,-19,372,36" /></mjloggm>