<mjloggm ver="2.3"><GO type="9"/><UN n0="%74%72%6F%6D%62%65%33" n1="%61%6E%67%65%6C%73" n2="%43%61%70%69%76%61%72%61" n3="%E3%82%A6%E3%83%AB%E3%83%88%E3%83%A9%E7%AB%8B%E7%9B%B4" dan="0,9,11,7" rate="1500,1820,1566,1647" sx="M,M,M,M"/><TAIKYOKU oya="0"/><INIT seed="0,0,0,4,3,101" ten="250,250,250,250" oya="0" hai0="6,95,22,61,117,77,0,65,82,33,83,93,94" hai1="41,100,46,112,5,103,80,7,17,79,64,20,19" hai2="48,39,72,3,45,52,74,105,54,1,107,109,126" hai3="9,24,26,110,81,34,40,125,114,96,14,124,18" shuffle="mt19937ar,7ADECBD2,6B68E01A,7B808238,2E982696,B4CCF50E,0A37CF97,07107D78,32D39B3A"/><T120/><D117/><U127/><E112/><V47/><F126/><N who="3" m="48747" /><G40/><T27/><D120/><U28/><E64/><V16/><F109/><W123/><G81/><T15/><D33/><U98/><E28/><V58/><F58/><W44/><G44/><T30/><D0/><U21/><E103/><V76/><F16/><N who="3" m="8271" /><G96/><T66/><D82/><U71/><E71/><V97/><F97/><W53/><G53/><T12/><D6/><U73/><E17/><V60/><F60/><W122/><G114/><T111/><D111/><U29/><E29/><V38/><F48/><W90/><G90/><T78/><D83/><U133/><E127/><V2/><REACH who="2" step="1"/><F3/><REACH who="2" step="2"/><W92/><G110/><T121/><D121/><U56/><E56/><V113/><F113/><W57/><G57/><N who="0" m="37039" /><D66/><U116/><E20/><V131/><F131/><W106/><G122/><T85/><D85/><U132/><E116/><V115/><F115/><W36/><G123/><T102/><D102/><U4/><E100/><V128/><F128/><W67/><G36/><T43/><D43/><U89/><E98/><V23/><F23/><W10/><G67/><T51/><D51/><U84/><E41/><V8/><F8/><W42/><G42/><T87/><D87/><U49/><E49/><V134/><F134/><W88/><G10/><T99/><D99/><U86/><E84/><V135/><F135/><W130/><G130/><T13/><AGARI ba="0,1" hai="12,13,15,22,27,30,77,78,93,94,95" m="37039" machi="13" ten="30,1500,0" yaku="8,1" doraHai="101" who="0" fromWho="0" sc="250,25,250,-5,240,-5,250,-5" /><INIT seed="0,1,0,1,4,29" ten="275,245,235,245" oya="0" hai0="109,44,26,55,66,102,38,58,135,73,121,1,75" hai1="56,37,126,133,88,18,100,28,57,30,90,10,108" hai2="51,101,53,52,59,45,123,91,35,64,62,115,23" hai3="11,25,77,4,27,20,92,84,69,60,134,124,0" shuffle="mt19937ar,A27078EA,4F3E324E,EC212178,56395125,A42EE5B3,8A7DDAF4,FDA1541C,0C843088"/><T95/><D121/><U7/><E37/><V34/><F115/><W103/><G124/><T21/><D1/><U83/><E126/><V131/><F131/><W81/><G134/><T2/><D2/><U49/><E100/><V14/><F101/><W36/><G36/><T8/><D8/><U41/><E133/><V63/><F123/><W120/><G120/><T5/><D5/><U94/><E18/><V43/><F91/><W42/><G42/><T118/><D118/><U96/><E41/><V65/><F14/><W17/><G69/><T93/><D135/><U19/><E19/><V78/><F78/><W116/><G116/><T61/><D109/><U122/><E108/><V3/><F3/><W82/><G82/><T39/><D75/><U15/><E122/><V71/><REACH who="2" step="1"/><F23/><REACH who="2" step="2"/><W114/><G114/><T74/><D102/><U98/><E83/><V110/><F110/><W87/><G103/><T24/><D74/><U50/><E15/><V12/><F12/><W70/><G20/><T32/><D73/><U86/><E94/><V107/><F107/><W97/><G92/><T9/><D95/><U117/><E117/><V54/><AGARI ba="1,1" hai="34,35,43,45,51,52,53,54,59,62,63,64,65,71" machi="54" ten="30,8000,1" yaku="1,1,0,1,52,2,54,1,53,0" doraHai="29" doraHaiUra="89" who="2" fromWho="2" sc="275,-41,245,-21,225,93,245,-21" /><INIT seed="1,0,0,2,0,77" ten="234,224,318,224" oya="1" hai0="14,123,124,92,116,56,109,120,72,60,131,48,43" hai1="26,118,5,17,11,31,70,52,86,110,125,53,3" hai2="112,97,30,69,94,66,100,20,34,102,47,83,122" hai3="59,41,54,95,32,87,78,9,89,121,4,21,42" shuffle="mt19937ar,4563E39D,8CA905F5,B9A2B883,5897CC40,00005EF7,FAEAF717,DEA79AC6,D222666E"/><U115/><E70/><V84/><F34/><W104/><G32/><T96/><D72/><U39/><E115/><V85/><F112/><W74/><G104/><T90/><D116/><U55/><E39/><V67/><F69/><W91/><G121/><T50/><D43/><U1/><E118/><V135/><F135/><W82/><G89/><T133/><D133/><U23/><E125/><V73/><F73/><W12/><REACH who="3" step="1"/><G21/><REACH who="3" step="2"/><T65/><D109/><U22/><E110/><V108/><F122/><N who="0" m="46634" /><D131/><U58/><E3/><V88/><F108/><W45/><G45/><T98/><D124/><U29/><E23/><V128/><F47/><W6/><G6/><T49/><D14/><U0/><E0/><V46/><F46/><W63/><AGARI ba="0,1" hai="4,9,12,41,42,54,59,63,74,78,82,87,91,95" machi="63" ten="20,5200,0" yaku="1,1,0,1,7,1,52,1,53,0" doraHai="77" doraHaiUra="15" who="3" fromWho="3" sc="234,-13,224,-26,318,-13,214,62" /><INIT seed="2,0,0,2,2,38" ten="221,198,305,276" oya="2" hai0="110,71,114,108,64,37,80,23,132,18,111,57,94" hai1="134,47,13,54,122,36,124,93,69,117,30,66,32" hai2="46,60,98,97,126,125,119,27,91,82,9,10,112" hai3="44,105,45,65,99,104,100,20,86,2,76,24,14" shuffle="mt19937ar,2AB2CF07,812AC2DE,70440A6F,933A8EEC,70AB6A6A,76F032D8,EE19FB08,9434D5F9"/><V35/><F112/><W135/><G2/><T33/><D114/><U79/><E117/><V19/><F60/><W62/><G105/><T61/><D33/><U130/><E122/><V87/><F46/><W48/><G14/><T131/><D37/><U102/><E79/><V43/><F43/><W81/><G135/><T25/><D132/><U17/><E134/><V5/><F35/><W73/><G73/><T52/><D131/><U22/><E124/><V56/><F56/><W21/><G44/><T127/><D127/><N who="2" m="48650" /><F10/><W75/><G75/><T84/><D94/><U3/><E3/><N who="2" m="191" /><F119/><W78/><G78/><N who="0" m="46103" /><D71/><U85/><E130/><V31/><F31/><W95/><G104/><T103/><D103/><U67/><E30/><V29/><F29/><W109/><G62/><T4/><D4/><U118/><E32/><V63/><F63/><W113/><G65/><AGARI ba="0,0" hai="18,23,25,52,57,61,64,65,108,110,111" m="46103" machi="65" ten="30,2000,0" yaku="14,1,54,1" doraHai="38" who="0" fromWho="3" sc="221,20,198,0,305,0,276,-20" /><INIT seed="3,0,0,2,0,95" ten="241,198,305,256" oya="3" hai0="128,48,130,91,58,110,14,104,132,112,135,44,18" hai1="76,56,118,113,59,0,50,105,27,41,69,83,23" hai2="34,15,46,24,117,29,4,107,116,89,37,21,109" hai3="60,125,114,13,74,51,26,65,93,45,52,102,10" shuffle="mt19937ar,3EC9F1F9,F3EE02B7,1670DDF6,3223BBDA,04341860,A2FAD219,9F5EE14D,DB4E8B73"/><W20/><G74/><T63/><D112/><U98/><E69/><V126/><F107/><W85/><G114/><T127/><D104/><U100/><E0/><V78/><F109/><W87/><G125/><T36/><D110/><U25/><E113/><V17/><F78/><W39/><G39/><T81/><D36/><U106/><E105/><V67/><F67/><W103/><G13/><T86/><D127/><U96/><E118/><V54/><F89/><W53/><G10/><T92/><D92/><U108/><E108/><V61/><F61/><W97/><G103/><T30/><D30/><U80/><E27/><V129/><F129/><N who="0" m="49770" /><D58/><U88/><E41/><V2/><F126/><W43/><G43/><T38/><D38/><U47/><E47/><V1/><F2/><W68/><REACH who="3" step="1"/><G53/><REACH who="3" step="2"/><N who="0" m="29831" /><D63/><U124/><E50/><N who="2" m="29015" /><F37/><W57/><G57/><T122/><D122/><U9/><E124/><V82/><F82/><W16/><AGARI ba="0,1" hai="16,20,26,45,51,52,60,65,68,85,87,93,97,102" machi="16" ten="20,18000,2" yaku="1,1,0,1,7,1,52,1,54,2,53,0" doraHai="95" doraHaiUra="31" who="3" fromWho="3" sc="241,-60,198,-60,305,-60,246,190" /><INIT seed="3,1,0,3,0,60" ten="181,138,245,436" oya="3" hai0="95,39,86,102,63,111,85,71,96,130,77,0,42" hai1="82,15,24,43,26,52,133,12,37,113,122,110,28" hai2="55,94,61,38,46,118,47,6,127,56,35,32,31" hai3="58,78,1,9,62,21,106,119,59,44,4,22,98" shuffle="mt19937ar,A1299D80,4F6A5D31,FBCC6063,BE9264DB,CC6A8631,5AD347C1,DA99FE38,FC1F0DE6"/><W99/><G119/><T83/><D0/><U68/><E122/><V7/><F127/><W125/><G125/><T64/><D42/><U11/><E110/><V84/><F118/><W123/><G123/><T121/><D121/><U117/><E117/><V23/><F38/><W45/><G78/><T75/><D39/><U14/><E133/><V114/><F35/><W97/><G106/><T128/><REACH who="0" step="1"/><D111/><REACH who="0" step="2"/><U2/><E43/><V126/><F126/><W72/><G1/><T67/><D67/><U30/><E37/><V80/><F114/><W48/><G72/><T88/><D88/><U112/><E68/><V5/><F5/><W20/><G4/><T116/><D116/><U41/><E41/><V101/><F6/><W135/><G135/><T124/><D124/><U69/><E69/><V103/><F7/><W34/><G34/><T105/><D105/><U104/><E104/><V90/><F32/><W27/><G27/><N who="1" m="10282" /><E52/><V3/><F3/><W73/><G73/><T33/><D33/><U19/><E2/><V131/><F131/><AGARI ba="1,1" hai="63,64,71,75,77,83,85,86,95,96,102,128,130,131" machi="131" ten="40,8000,1" yaku="1,1,19,1,52,1,53,1" doraHai="60" doraHaiUra="76" who="0" fromWho="2" sc="171,93,138,0,245,-83,436,0" /><INIT seed="4,0,0,3,5,14" ten="264,138,162,436" oya="0" hai0="47,131,110,4,118,69,122,38,7,16,42,39,17" hai1="87,105,36,58,64,23,125,61,9,26,54,91,29" hai2="21,121,88,112,130,68,92,31,103,133,85,12,77" hai3="27,127,128,81,1,72,5,134,82,52,73,104,59" shuffle="mt19937ar,F2571C22,090E16EB,3F0658A5,1A830381,7A77CB0C,277221A1,4D6C4EAC,17276B3A"/><T76/><D122/><U6/><E105/><V120/><F68/><W95/><G104/><T45/><D118/><U115/><E36/><V107/><F130/><W80/><G5/><T70/><D131/><U117/><E115/><V83/><F133/><W116/><G1/><T129/><D129/><U63/><E117/><V135/><F135/><W41/><G41/><T30/><D30/><U19/><E125/><V60/><F60/><W75/><G128/><T93/><D76/><U90/><E29/><V51/><F51/><W11/><G11/><T119/><D119/><U56/><REACH who="1" step="1"/><E87/><REACH who="1" step="2"/><V108/><F108/><W40/><G127/><T44/><D110/><U106/><E106/><V15/><F112/><W132/><G116/><T50/><D93/><U62/><E62/><V79/><F31/><W84/><G132/><T13/><D42/><U123/><E123/><V43/><F120/><W8/><G40/><T46/><D46/><U48/><E48/><V114/><F43/><W74/><G74/><T126/><D47/><U96/><E96/><V71/><F107/><W49/><G134/><T22/><D50/><U20/><E20/><V94/><F21/><W10/><G84/><T35/><D22/><U65/><E65/><V32/><F32/><W98/><G95/><T89/><D126/><U24/><E24/><V100/><F121/><W33/><G98/><T55/><D35/><U78/><E78/><V3/><F114/><W18/><G33/><T37/><D38/><U102/><E102/><V97/><F103/><W28/><G28/><T109/><D109/><U53/><E53/><RYUUKYOKU ba="0,1" sc="264,-15,128,15,162,-15,436,15" hai1="6,9,19,23,26,54,56,58,61,63,64,90,91" hai3="8,10,18,27,49,52,59,72,73,75,80,81,82" /><INIT seed="5,1,1,1,3,97" ten="249,143,147,451" oya="1" hai0="55,109,117,62,131,126,76,116,50,80,92,75,60" hai1="70,23,103,59,130,71,114,82,3,134,0,12,135" hai2="5,15,63,124,31,119,9,115,17,43,86,44,132" hai3="127,100,77,27,13,61,1,8,28,34,14,48,32" shuffle="mt19937ar,A891B7C8,BA08376E,1C32276C,518C1340,6CB16B1B,F8CF2C77,523F17D3,ECBD103B"/><U112/><E82/><V89/><F124/><W98/><G127/><T84/><D126/><U107/><E59/><V37/><F132/><W81/><G48/><T35/><D35/><U2/><E23/><V113/><F119/><W93/><BYE who="0" /><G61/><T88/><D88/><U106/><E12/><V78/><F78/><W90/><G1/><T58/><D58/><U83/><E83/><N who="2" m="49375" /><F31/><W11/><G34/><T56/><D56/><U108/><E108/><V125/><F63/><W52/><G52/><T64/><D64/><U101/><E2/><V29/><F29/><W10/><REACH who="3" step="1"/><G90/><REACH who="3" step="2"/><T25/><D25/><U41/><REACH who="1" step="1"/><E41/><REACH who="1" step="2"/><V122/><F125/><W47/><G47/><T19/><D19/><U65/><E65/><V111/><F111/><W4/><G4/><T67/><D67/><U33/><E33/><V21/><F5/><W6/><G6/><T94/><D94/><U85/><E85/><AGARI ba="1,3" hai="8,10,11,13,14,27,28,32,77,81,85,93,98,100" machi="85" ten="40,5200,0" yaku="1,1,52,1,53,1" doraHai="97" doraHaiUra="22" who="3" fromWho="1" sc="249,0,133,-55,147,0,441,85" /><INIT seed="6,0,0,2,5,115" ten="249,78,147,526" oya="2" hai0="80,125,77,62,34,108,9,97,64,119,118,55,18" hai1="38,131,66,133,132,120,87,109,29,61,28,130,10" hai2="94,3,128,30,73,8,5,93,54,99,85,121,67" hai3="90,92,52,81,124,72,71,88,65,59,49,14,44" shuffle="mt19937ar,8C182C4D,945419C7,A2CC7D77,4431EADC,F9E6253F,69CB373C,173FCBC1,EBFEC895"/><V11/><F67/><W56/><G71/><T42/><D42/><U20/><E38/><V98/><F73/><W0/><G0/><T83/><D83/><U89/><E10/><V53/><F128/><N who="1" m="49193" /><E61/><V57/><F30/><W101/><G124/><T43/><D43/><U76/><E66/><V60/><F121/><W50/><G72/><T84/><D84/><U135/><E76/><V7/><F85/><N who="3" m="50223" /><G101/><T58/><D58/><U23/><E87/><V39/><F39/><W69/><G69/><T110/><D110/><U41/><E89/><V107/><F107/><W13/><G56/><T47/><D47/><U123/><E41/><V32/><F32/><W16/><G16/><T46/><D46/><U12/><E12/><V91/><F57/><W113/><G113/><T129/><D129/><U79/><E79/><V103/><REACH who="2" step="1"/><F60/><REACH who="2" step="2"/><N who="3" m="38047" /><G49/><T35/><D35/><U112/><E112/><V86/><F86/><AGARI ba="0,1" hai="13,14,44,50,52,86,90,92" m="38047,50223" machi="86" ten="30,3900,0" yaku="8,1,54,2" doraHai="115" who="3" fromWho="2" sc="249,0,78,0,137,-39,526,49" /><INIT seed="7,0,0,3,4,13" ten="249,78,98,575" oya="3" hai0="102,109,71,120,26,52,131,89,55,44,22,76,66" hai1="116,24,50,78,33,21,86,95,80,49,8,135,128" hai2="29,91,101,98,107,51,64,39,59,5,132,0,23" hai3="43,73,1,53,46,45,127,94,61,32,48,2,100" shuffle="mt19937ar,E6015FC0,F65B06EC,CB768573,A11AB891,F649F7BA,24F9CE11,F3F989D7,0D4D09D4"/><W62/><G32/><T108/><D108/><U63/><E33/><V34/><F34/><W99/><G73/><T92/><D92/><U15/><E116/><V115/><F91/><W47/><G127/><T130/><D130/><U16/><E128/><V88/><F59/><W19/><G1/><T105/><D105/><U40/><E135/><V67/><F51/><W72/><G72/><T74/><D74/><U77/><E40/><V10/><F39/><W90/><G2/><T57/><D57/><U97/><E63/><V122/><F122/><W54/><G100/><T56/><D56/><U84/><E78/><V110/><F110/><W42/><G54/><T4/><D4/><U82/><E80/><V123/><F123/><W27/><G43/><T133/><D133/><U3/><E3/><V113/><F132/><W118/><G118/><T114/><D114/><N who="2" m="43530" /><F23/><W12/><G27/><T81/><D81/><U134/><E134/><V38/><F38/><W79/><G79/><T117/><D117/><U31/><E86/><V36/><F36/><W103/><G103/><AGARI ba="0,0" hai="8,15,16,21,24,31,49,50,77,82,84,95,97,103" machi="103" ten="30,7700,0" yaku="7,1,8,1,52,1,54,1" doraHai="13" who="1" fromWho="3" sc="249,0,78,77,98,0,575,-77" owari="249,5,155,-24,98,-40,498,59" /></mjloggm>