<mjloggm ver="2.3"><GO type="97"/><UN n0="%61%69%6B%6F%66%75%6E" n1="%E5%AE%89%E3%82%81%E3%81%90%E3%81%BF" n2="%E3%82%A6%E3%83%AB%E3%83%88%E3%83%A9%E7%AB%8B%E7%9B%B4" n3="%E8%B5%A4%E3%81%84%E7%9A%87%E5%B8%9D" dan="14,13,13,14" rate="1837,1809,1850,1962" sx="M,F,M,M"/><TAIKYOKU oya="0"/><INIT seed="0,0,0,2,0,71" ten="250,250,250,250" oya="0" hai0="103,14,67,77,5,42,130,33,34,92,8,15,72" hai1="38,52,19,120,20,73,32,87,22,21,2,13,124" hai2="113,40,96,43,55,53,9,76,65,45,108,4,115" hai3="51,49,59,99,47,18,63,50,127,27,30,29,6" shuffle="mt19937ar,97C27007,D8591276,B9DE51BF,A089D2BC,E2F643A7,468FDEC3,ED5A72CE,A7A7BD43"/><T111/><D130/><U75/><E120/><V36/><F96/><W12/><G127/><T109/><D67/><U126/><E38/><N who="2" m="21655" /><F76/><W70/><G70/><T64/><D64/><U88/><E32/><V44/><F9/><W98/><G6/><T57/><D57/><U118/><E2/><V121/><F4/><W129/><G129/><T119/><D42/><U91/><E118/><V89/><F89/><W123/><G123/><T104/><D119/><U112/><E112/><N who="2" m="43083" /><F121/><W74/><G74/><T132/><D104/><U23/><E73/><V84/><F84/><W61/><G27/><T17/><D132/><U79/><E75/><V105/><F105/><W114/><G114/><T125/><D125/><N who="1" m="48235" /><E79/><V106/><F106/><W102/><G102/><T60/><D60/><U10/><E10/><V68/><F108/><N who="0" m="41546" /><D77/><U135/><E135/><V81/><F81/><W1/><G1/><N who="0" m="47" /><D72/><U86/><E52/><V69/><F69/><W134/><G134/><T94/><D103/><U78/><E78/><V122/><F122/><W107/><G107/><T28/><D28/><U100/><E100/><V24/><F24/><W56/><G30/><T41/><D41/><U101/><E101/><V131/><F131/><W11/><G29/><T48/><D48/><U31/><E31/><V95/><F95/><N who="0" m="36394" /><D14/><U54/><E54/><V80/><F80/><W26/><G50/><T93/><N who="0" m="36402" /><T85/><DORA hai="110" /><D85/><AGARI ba="0,0" hai="13,19,20,21,22,23,85,86,87,88,91" m="48235" machi="85" ten="30,2000,0" yaku="18,1,54,1" doraHai="71,110" who="1" fromWho="0" sc="250,-20,250,20,250,0,250,0" /><INIT seed="1,0,0,0,4,117" ten="230,270,250,250" oya="1" hai0="50,114,109,33,102,16,116,84,89,28,119,66,108" hai1="73,127,24,81,87,18,133,22,128,34,130,98,134" hai2="71,91,55,86,64,4,1,42,2,46,77,43,40" hai3="104,21,7,37,29,69,0,131,74,78,97,30,14" shuffle="mt19937ar,28745AB3,D803AED4,BB789E94,A9394FA7,B8CFC3F2,F0D14497,34FF0BF6,41D75B8A"/><U39/><E39/><V35/><F35/><W106/><G69/><T44/><D66/><U99/><E73/><V13/><F91/><W56/><G37/><T83/><D102/><U19/><E34/><V85/><F13/><W76/><G0/><T70/><D70/><U82/><E19/><V113/><F113/><W107/><G131/><N who="1" m="50218" /><E82/><V58/><F77/><W120/><G97/><N who="1" m="36874" /><E81/><V122/><F86/><W121/><G56/><T62/><D62/><U67/><E67/><V8/><F85/><W3/><G3/><T31/><D114/><U54/><E54/><V132/><F2/><W93/><G93/><T45/><D33/><U12/><E87/><V110/><F1/><W95/><G95/><T92/><D83/><U41/><E41/><V68/><F8/><W25/><G30/><N who="0" m="11307" /><D45/><U105/><E105/><V17/><F17/><W111/><G111/><N who="0" m="42571" /><D16/><N who="1" m="12359" /><E127/><V101/><F110/><W126/><G126/><T135/><D135/><N who="1" m="51723" /><E18/><V80/><F42/><AGARI ba="0,0" hai="42,44,50,84,89,92,116,119" m="42571,11307" machi="42" ten="30,1000,0" yaku="14,1" doraHai="117" who="0" fromWho="2" sc="230,10,270,0,250,-10,250,0" /><INIT seed="2,0,0,1,4,29" ten="240,270,240,250" oya="2" hai0="14,101,22,66,45,114,135,91,37,4,100,84,31" hai1="92,24,3,123,33,70,56,73,102,0,54,105,117" hai2="78,79,64,95,115,83,8,52,125,44,25,53,93" hai3="118,40,103,55,65,108,23,6,46,120,106,36,131" shuffle="mt19937ar,E3FE2667,6EDA3E59,F16C2049,9524A4AE,73707738,E79A58A6,A00F84D4,099ADBF0"/><V104/><F104/><W96/><G131/><T26/><D114/><U59/><E73/><V60/><F115/><W30/><G108/><T1/><D66/><U98/><E70/><V10/><F125/><W132/><G132/><T41/><D135/><U19/><E123/><V94/><F25/><W18/><G120/><T42/><D42/><U35/><E117/><V126/><F126/><W88/><G118/><T63/><D63/><U34/><E105/><V51/><F53/><W122/><G122/><T77/><D1/><U28/><E19/><V2/><F2/><W80/><G6/><T74/><D74/><U128/><E128/><V7/><F7/><W43/><G65/><T48/><D37/><U50/><REACH who="1" step="1"/><E59/><REACH who="1" step="2"/><V68/><REACH who="2" step="1"/><F79/><REACH who="2" step="2"/><W21/><G106/><T110/><D77/><U39/><E39/><V17/><F17/><W20/><G18/><T82/><D110/><U38/><E38/><V71/><F71/><W89/><G36/><T134/><D134/><U107/><E107/><V72/><AGARI ba="0,2" hai="8,10,44,51,52,60,64,68,72,78,83,93,94,95" machi="72" ten="30,6000,0" yaku="1,1,0,1,54,1,53,0" doraHai="29" doraHaiUra="116" who="2" fromWho="2" sc="240,-20,260,-20,230,80,250,-20" /><INIT seed="2,1,0,4,3,4" ten="220,240,310,230" oya="2" hai0="103,69,70,132,83,90,31,10,102,1,24,106,37" hai1="118,113,130,40,79,2,44,47,87,119,14,52,15" hai2="116,117,68,43,63,94,128,77,26,114,105,71,88" hai3="109,75,134,93,86,73,29,72,16,58,95,27,80" shuffle="mt19937ar,D8289D17,9F4B60EA,489F19FC,9A78BD5C,F2643998,E3A2F003,E1F2ABFF,B35C083C"/><V84/><F105/><W12/><G109/><T127/><D103/><U3/><E113/><V45/><F114/><W115/><G134/><T108/><D90/><U19/><E130/><V124/><F128/><W131/><G131/><T28/><D28/><U101/><E101/><V18/><F124/><W7/><G7/><N who="0" m="1391" /><D127/><U46/><E46/><V65/><F71/><N who="0" m="27146" /><D132/><U41/><E19/><V50/><F77/><W133/><G133/><T76/><D108/><U23/><E23/><V62/><F62/><W74/><G115/><T66/><D66/><U22/><E22/><V111/><F111/><W110/><G110/><T78/><D78/><U34/><E87/><V32/><REACH who="2" step="1"/><F18/><REACH who="2" step="2"/><W13/><G16/><T56/><D106/><U129/><E129/><V21/><F21/><W120/><G120/><T59/><D102/><U0/><E34/><V5/><F5/><W97/><G29/><AGARI ba="1,1" hai="26,29,32,43,45,50,63,65,68,84,88,94,116,117" machi="29" ten="40,3900,0" yaku="1,1,54,1,53,0" doraHai="4" doraHaiUra="126" who="2" fromWho="3" sc="220,0,240,0,300,52,230,-42" /><INIT seed="2,2,0,3,4,62" ten="220,240,352,188" oya="2" hai0="117,97,111,5,8,80,95,67,29,127,113,128,90" hai1="40,109,27,83,34,60,22,37,9,108,17,32,6" hai2="38,2,120,16,85,35,100,94,104,72,125,66,132" hai3="36,55,61,30,47,124,82,134,131,96,71,98,25" shuffle="mt19937ar,70249CCB,A08A1559,E913A312,D9939542,CD6DDFA5,D42DDF6D,2F642C4E,28412323"/><V3/><F35/><N who="1" m="13353" /><E60/><V64/><F72/><W112/><G124/><T45/><D127/><U133/><E83/><V87/><F125/><W76/><G131/><T114/><D128/><U107/><E107/><V103/><F94/><W0/><G134/><T39/><D117/><U57/><E57/><V31/><F31/><W13/><G0/><T50/><D39/><U56/><E56/><V121/><F16/><W74/><G112/><T122/><D29/><U53/><E53/><V86/><F86/><W18/><G25/><T14/><D122/><U123/><E123/><V135/><REACH who="2" step="1"/><F38/><REACH who="2" step="2"/><W84/><G30/><T4/><D114/><U130/><E130/><V129/><F129/><W106/><G74/><T115/><D113/><U91/><E37/><V92/><F92/><W89/><G36/><T88/><D115/><U77/><E133/><V69/><F69/><W101/><G71/><T19/><D111/><U58/><E108/><V20/><F20/><W26/><G106/><AGARI ba="2,1" hai="2,3,64,66,85,87,100,103,104,106,120,121,132,135" machi="106" ten="25,12000,1" yaku="1,1,22,2,52,2,53,0" doraHai="62" doraHaiUra="44" who="2" fromWho="3" sc="220,0,240,0,342,136,188,-126" /><INIT seed="2,3,0,5,5,49" ten="220,240,478,62" oya="2" hai0="69,74,25,50,94,33,102,88,19,16,93,77,92" hai1="44,65,23,58,100,47,68,121,99,12,63,75,84" hai2="24,9,34,7,1,14,0,60,116,83,106,117,96" hai3="132,89,87,48,124,21,103,36,128,61,59,28,125" shuffle="mt19937ar,5F813880,A10982AD,55277DF1,4DE0A062,713C1C29,864B912F,143E59B2,63D0980C"/><V46/><F60/><W113/><G103/><T43/><D69/><U2/><E2/><V119/><F46/><W30/><G36/><T18/><D102/><U52/><E75/><V110/><F83/><W51/><G89/><T86/><D74/><U57/><E121/><V71/><F71/><W111/><G87/><T123/><D77/><U73/><E73/><V101/><F110/><W8/><G8/><T54/><D43/><U3/><E3/><V120/><F14/><W91/><G91/><T27/><D33/><U22/><E68/><V41/><F1/><W55/><G111/><T126/><D123/><U37/><E37/><V90/><F90/><W107/><G107/><T32/><D32/><U39/><E39/><V66/><F66/><W10/><G10/><T53/><D126/><U135/><E135/><V104/><F41/><W81/><G81/><N who="0" m="49231" /><D54/><U62/><E84/><V6/><F6/><W20/><G113/><T108/><D108/><U95/><E12/><V42/><F42/><W56/><G132/><T82/><D82/><U105/><E105/><N who="2" m="63655" /><F120/><W15/><G15/><T17/><N who="0" m="4608" /><DORA hai="5" /><T112/><D112/><U127/><E127/><V98/><F98/><W70/><G70/><T130/><D130/><U76/><E76/><V64/><F64/><W72/><G72/><T129/><D129/><U67/><E67/><V13/><F13/><W115/><G115/><T122/><D122/><U131/><E131/><V97/><F97/><W11/><G128/><T38/><D38/><U85/><E85/><V79/><F79/><W80/><G80/><T40/><D40/><RYUUKYOKU ba="3,0" sc="220,10,240,10,478,10,62,-30" hai0="25,27,50,53,92,93,94" hai1="22,23,44,47,52,57,58,62,63,65,95,99,100" hai2="0,7,9,24,34,104,106,116,117,119" /><INIT seed="2,4,0,5,0,55" ten="230,250,488,32" oya="2" hai0="33,2,62,48,25,102,9,15,12,130,89,113,65" hai1="97,111,36,60,86,13,68,88,105,46,22,72,131" hai2="44,49,126,69,42,23,81,6,61,95,87,74,50" hai3="118,20,91,123,16,19,128,106,67,51,85,39,56" shuffle="mt19937ar,92E836D4,D1227C14,295B21BD,E9792ACF,158C8A5B,DD808115,C7CA2734,B162987D"/><V63/><F74/><W73/><G73/><T35/><D2/><U119/><E72/><V28/><F126/><W30/><G39/><T79/><D79/><U37/><E119/><V129/><F129/><W53/><G128/><T135/><D130/><U47/><E131/><V94/><F69/><W3/><G3/><T124/><D113/><U75/><E75/><V122/><F122/><W103/><G123/><T58/><D124/><U78/><E78/><V41/><F6/><W134/><G134/><T92/><D102/><U21/><E111/><V99/><F23/><W29/><G118/><T117/><D135/><U10/><E37/><V1/><F1/><W8/><G67/><T32/><D117/><U70/><E36/><V108/><F28/><W17/><G103/><T104/><D104/><U115/><E115/><V82/><F108/><W26/><G106/><T57/><D25/><U76/><E76/><V40/><F87/><W7/><G7/><T116/><D116/><U45/><E68/><V71/><F71/><W101/><G101/><T121/><D121/><U80/><E105/><V24/><F24/><W93/><REACH who="3" step="1"/><G29/><REACH who="3" step="2"/><T43/><D43/><U59/><E70/><V0/><F0/><W77/><G77/><T109/><D109/><U84/><E97/><V127/><F127/><W18/><G18/><T132/><D132/><U4/><REACH who="1" step="1"/><E86/><REACH who="1" step="2"/><V38/><F38/><W54/><G54/><AGARI ba="4,2" hai="4,10,13,21,22,45,46,47,54,59,60,80,84,88" machi="54" ten="40,8000,1" yaku="1,1,2,1,8,1,52,1,54,1,53,0" doraHai="55" doraHaiUra="100" who="1" fromWho="3" sc="230,0,240,112,488,0,22,-92" owari="230,-12,352,10,488,49,-70,-47" /></mjloggm>