<mjloggm ver="2.3"><GO type="41"/><UN n0="%E3%82%A6%E3%83%AB%E3%83%88%E3%83%A9%E7%AB%8B%E7%9B%B4" n1="%4D%4F%32" n2="%E5%BA%97%E9%95%B7%EF%BC%B2" n3="%E3%82%AF%E3%83%AD%E3%82%B7%E3%83%AD" dan="15,13,13,14" rate="1977,1801,1869,1869" sx="M,M,M,M"/><TAIKYOKU oya="0"/><INIT seed="0,0,0,4,0,53" ten="250,250,250,250" oya="0" hai0="71,11,45,91,62,8,99,114,118,50,126,18,95" hai1="40,29,2,69,60,35,132,110,75,42,43,106,46" hai2="23,56,83,94,127,38,33,54,39,84,24,17,41" hai3="107,113,117,124,73,9,25,64,115,6,121,116,7"/><T55/><D118/><N who="3" m="45673" /><G107/><T57/><D114/><N who="3" m="43529" /><G73/><T125/><D71/><U77/><E2/><V89/><F127/><W92/><G124/><N who="0" m="47723" /><D18/><U97/><E132/><V13/><F41/><AGARI ba="0,0" hai="8,11,41,45,50,55,57,62,91,95,99" m="47723" machi="41" ten="30,2900,0" yaku="18,1,52,1" doraHai="53" who="0" fromWho="2" sc="250,29,250,0,250,-29,250,0" /><INIT seed="0,1,0,3,0,135" ten="279,250,221,250" oya="0" hai0="109,22,79,71,5,20,67,64,10,56,60,68,126" hai1="39,72,81,119,31,103,62,54,38,82,91,52,132" hai2="75,80,19,96,16,27,89,104,120,28,121,74,50" hai3="105,113,92,18,30,128,42,112,108,12,33,84,21"/><T73/><D79/><U107/><E132/><V100/><F75/><W36/><G105/><T53/><D73/><U34/><E119/><V24/><F50/><W8/><G108/><T11/><D109/><U124/><E124/><V14/><F19/><W83/><G128/><T118/><D118/><U29/><E34/><V102/><F102/><W131/><G131/><T116/><D116/><U2/><E2/><V77/><F89/><W6/><G92/><T1/><D126/><U106/><E91/><V9/><REACH who="2" step="1"/><F27/><REACH who="2" step="2"/><N who="3" m="18655" /><G36/><T49/><D11/><U63/><REACH who="1" step="1"/><E72/><REACH who="1" step="2"/><V70/><F70/><W66/><G113/><T15/><D1/><U127/><E127/><V7/><F7/><W114/><G112/><T78/><D78/><U37/><E37/><V115/><F115/><W51/><G114/><T87/><D68/><U65/><E65/><V123/><F123/><W46/><G66/><T58/><D71/><U57/><E57/><V48/><F48/><W76/><G6/><T125/><D125/><U122/><E122/><V35/><AGARI ba="1,2" hai="9,14,16,24,28,35,74,77,80,96,100,104,120,121" machi="35" ten="20,5200,0" yaku="1,1,0,1,7,1,54,1,53,0" doraHai="135" doraHaiUra="110" who="2" fromWho="2" sc="279,-27,240,-14,211,75,250,-14" /><INIT seed="1,0,0,5,0,128" ten="252,226,286,236" oya="1" hai0="54,121,89,107,74,119,51,131,65,62,24,66,132" hai1="80,97,55,7,133,23,135,1,5,84,47,0,19" hai2="87,15,57,12,117,77,72,71,14,100,42,8,25" hai3="122,76,50,113,79,48,67,53,98,26,61,68,86"/><U105/><E105/><V6/><F71/><W35/><G122/><T63/><D107/><U9/><E97/><V81/><F117/><W126/><G113/><T32/><D74/><U28/><E28/><V106/><F42/><W34/><G126/><T127/><D89/><U41/><E55/><V115/><F115/><W20/><G98/><T78/><D78/><U2/><E9/><V69/><F69/><W93/><G79/><T103/><D103/><U96/><E96/><V17/><F72/><W99/><G86/><T40/><D24/><U49/><E80/><V29/><F106/><W129/><G76/><T64/><D32/><U88/><E84/><V31/><F100/><W70/><G70/><T59/><D119/><U13/><E88/><N who="2" m="51311" /><F57/><W134/><G50/><T101/><D101/><U38/><REACH who="1" step="1"/><E38/><REACH who="1" step="2"/><V10/><F10/><W56/><G129/><T37/><D131/><U111/><E111/><V33/><F33/><W116/><G116/><T43/><D37/><U90/><E90/><V123/><F123/><W102/><REACH who="3" step="1"/><G134/><AGARI ba="0,1" hai="0,1,2,5,7,13,19,23,41,47,49,133,134,135" machi="134" ten="50,12000,1" yaku="1,1,20,1,52,3,53,0" doraHai="128" doraHaiUra="85" who="1" fromWho="3" sc="252,0,216,130,286,0,236,-120" /><INIT seed="1,1,0,4,0,47" ten="252,346,286,116" oya="1" hai0="94,100,41,0,80,106,99,108,33,21,131,68,119" hai1="113,67,11,54,129,126,95,128,98,55,109,12,130" hai2="88,36,111,124,71,82,65,29,20,7,52,48,34" hai3="3,40,37,30,110,134,13,93,35,5,81,66,91"/><U38/><E113/><V104/><F104/><W132/><G3/><T74/><D21/><U26/><E38/><V121/><F121/><W27/><G66/><T92/><D41/><U2/><E2/><V32/><F36/><W73/><G110/><T135/><D92/><U120/><E109/><V69/><F111/><W61/><G61/><T133/><D94/><U70/><E120/><V18/><F7/><W15/><G40/><T49/><D80/><U8/><E126/><V59/><F124/><W4/><G37/><T42/><D99/><U53/><E26/><V77/><F65/><W25/><G25/><T10/><D100/><N who="1" m="60511" /><E12/><N who="3" m="4682" /><G81/><T122/><D10/><N who="1" m="3627" /><E67/><V1/><F1/><W85/><G73/><T50/><D42/><U24/><E24/><V28/><F69/><AGARI ba="1,0" hai="53,54,55,69,70,128,129,130" m="3627,60511" machi="69" ten="40,2000,0" yaku="19,1" doraHai="47" who="1" fromWho="2" sc="252,0,346,23,286,-23,116,0" /><INIT seed="1,2,0,1,0,5" ten="252,369,263,116" oya="1" hai0="25,115,104,20,60,33,112,47,42,86,54,10,114" hai1="17,50,16,9,38,131,4,35,127,21,53,133,44" hai2="123,71,93,37,101,73,7,41,95,124,55,89,116" hai3="108,76,29,15,11,85,43,81,94,24,119,67,111"/><U69/><E69/><V6/><F71/><W83/><G119/><T36/><D33/><U88/><E35/><V92/><F123/><W122/><G122/><T3/><D104/><U28/><E127/><V77/><F116/><W97/><G67/><T27/><D27/><U117/><E117/><V100/><F124/><W39/><G43/><T48/><D60/><U46/><E133/><V68/><F68/><W84/><G39/><T30/><D86/><U64/><E131/><V82/><F37/><W121/><G121/><T74/><D74/><U49/><E38/><V103/><F41/><W32/><G111/><T12/><D3/><U2/><E64/><V14/><F55/><W118/><G118/><T91/><D91/><U107/><E107/><V90/><F14/><W40/><G40/><T26/><D26/><U59/><E59/><V102/><N who="2" m="25600" /><DORA hai="65" /><V113/><REACH who="2" step="1"/><F113/><REACH who="2" step="2"/><W134/><G134/><T62/><D62/><U70/><E70/><V52/><F52/><W51/><G108/><T78/><D36/><U99/><E53/><V129/><F129/><W57/><G57/><T120/><D120/><U1/><E2/><V18/><F18/><W80/><G51/><T13/><D54/><U110/><E110/><V66/><F66/><W58/><G58/><T22/><D12/><N who="1" m="5159" /><E28/><V79/><F79/><W23/><G32/><T56/><D78/><U135/><E17/><V130/><F130/><W63/><G63/><T8/><REACH who="0" step="1"/><D56/><REACH who="0" step="2"/><U31/><E1/><V126/><F126/><W34/><G34/><T106/><D106/><U45/><E135/><V105/><F105/><RYUUKYOKU ba="2,2" sc="242,15,369,-15,253,15,116,-15" hai0="8,10,13,20,22,25,30,42,47,48,112,114,115" hai2="6,7,73,77,82,89,90,92,93,95" /><INIT seed="2,3,2,0,2,37" ten="257,354,268,101" oya="2" hai0="78,88,8,97,62,133,39,112,47,126,74,50,0" hai1="109,94,70,122,111,53,41,13,105,12,44,115,4" hai2="25,24,3,98,121,18,38,9,104,135,42,68,108" hai3="125,67,31,35,101,10,73,33,21,54,66,117,77"/><V99/><F121/><W71/><G117/><T114/><D112/><U20/><E122/><V87/><F68/><W23/><G125/><T81/><D114/><U49/><E115/><V15/><F3/><W96/><G77/><T64/><D126/><U75/><E75/><V116/><F116/><W82/><G82/><T103/><D133/><U91/><E70/><V106/><F135/><W119/><G73/><T22/><D39/><U102/><E105/><V127/><F127/><W34/><G119/><T11/><D22/><U85/><E102/><V60/><F60/><W14/><G54/><T2/><D2/><U63/><E4/><V83/><F106/><W55/><G55/><T69/><D0/><U118/><E20/><V120/><F120/><W51/><G51/><T90/><D11/><U46/><E118/><V19/><F108/><N who="1" m="41545" /><E63/><V29/><F42/><W89/><G89/><T57/><D8/><U128/><E128/><V123/><F38/><AGARI ba="3,2" hai="12,13,38,41,44,46,49,53,85,91,94" m="41545" machi="38" ten="30,2000,0" yaku="14,1,52,1" doraHai="37" who="1" fromWho="2" sc="257,0,354,49,268,-29,101,0" /><INIT seed="3,0,0,5,1,129" ten="257,403,239,101" oya="3" hai0="31,103,20,34,79,107,44,2,83,15,102,110,120" hai1="7,22,82,121,10,25,47,26,93,117,112,59,61" hai2="118,96,19,119,23,70,124,75,54,50,128,11,90" hai3="130,104,71,8,116,126,95,41,56,13,125,45,87"/><W73/><G104/><T4/><D120/><U58/><E121/><V64/><F75/><W85/><G73/><T40/><D110/><U39/><E112/><V27/><F124/><N who="3" m="47723" /><G71/><T3/><D34/><U67/><E117/><V62/><F128/><W127/><N who="3" m="47731" /><W6/><DORA hai="24" /><G116/><T131/><D131/><U132/><E132/><V0/><F0/><W42/><G130/><T123/><D123/><U9/><E39/><V101/><F11/><W68/><G68/><T134/><D134/><U109/><E109/><V21/><F90/><N who="3" m="53711" /><G87/><T32/><D107/><U66/><E82/><V113/><F113/><W55/><G45/><T111/><D111/><U49/><E93/><V92/><REACH who="2" step="1"/><F23/><REACH who="2" step="2"/><W105/><G105/><T30/><D2/><U5/><E9/><V48/><F48/><AGARI ba="0,1" hai="6,8,13,41,42,48,55,56" m="53711,47731" machi="48" ten="40,2000,0" yaku="18,1" doraHai="129,24" who="3" fromWho="2" sc="257,0,403,0,229,-20,101,30" /><INIT seed="3,1,0,3,0,127" ten="257,403,209,131" oya="3" hai0="41,103,81,48,52,1,74,61,80,88,26,65,20" hai1="111,110,122,63,23,14,104,16,89,24,118,8,68" hai2="69,125,34,54,6,58,5,62,94,59,37,113,28" hai3="86,33,44,121,47,133,75,102,112,2,129,77,108"/><W87/><G86/><T83/><D1/><U66/><E122/><V46/><F113/><W120/><G87/><T39/><D103/><U124/><E124/><V97/><F125/><W7/><G77/><T3/><D3/><U84/><E118/><V57/><F34/><W17/><G102/><T105/><D105/><U78/><E78/><V117/><F28/><W100/><G100/><T91/><D74/><U56/><E104/><V71/><F117/><W38/><G47/><T27/><D41/><U82/><REACH who="1" step="1"/><E68/><REACH who="1" step="2"/><V19/><F71/><W40/><G112/><T98/><D39/><U96/><E96/><V22/><F69/><W90/><G120/><T128/><D98/><U30/><AGARI ba="1,1" hai="8,14,16,23,24,30,56,63,66,82,84,89,110,111" machi="30" ten="30,7900,0" yaku="1,1,0,1,54,1,53,1" doraHai="127" doraHaiUra="4" who="1" fromWho="1" sc="257,-21,393,92,209,-21,131,-40" /><INIT seed="4,0,0,1,0,90" ten="236,485,188,91" oya="0" hai0="6,58,80,33,30,131,26,37,85,62,57,79,65" hai1="38,134,8,35,113,28,94,74,95,3,97,130,46" hai2="1,40,63,22,99,41,61,53,107,14,54,4,59" hai3="50,93,122,78,124,13,110,5,121,24,67,96,43"/><T49/><D37/><U123/><E123/><N who="3" m="47114" /><G110/><T120/><D120/><U98/><E74/><V42/><F1/><W51/><G67/><T25/><D131/><U91/><E38/><V69/><F69/><W112/><G112/><T0/><D0/><U129/><E113/><V31/><F107/><W133/><G78/><T9/><D6/><N who="1" m="1119" /><E134/><V106/><F106/><W118/><G118/><T111/><D111/><U83/><E83/><V52/><F4/><W108/><G108/><T23/><D9/><U12/><E12/><V20/><F31/><W66/><G66/><T102/><D102/><N who="1" m="60727" /><E46/><V68/><F68/><W77/><G77/><T82/><D82/><U7/><E7/><V16/><F99/><W89/><G43/><T27/><D33/><U2/><E2/><V100/><F100/><W125/><G133/><T19/><D30/><U116/><E116/><V18/><REACH who="2" step="1"/><F59/><REACH who="2" step="2"/><W76/><G24/><AGARI ba="0,1" hai="14,16,18,20,22,24,40,41,42,52,53,54,61,63" machi="24" ten="40,8000,1" yaku="1,1,2,1,8,1,54,2,53,0" doraHai="90" doraHaiUra="32" who="2" fromWho="3" sc="236,0,485,0,178,90,91,-80" /><INIT seed="5,0,0,5,1,106" ten="236,485,268,11" oya="1" hai0="134,8,90,132,42,94,105,88,68,36,22,43,29" hai1="123,107,62,104,71,47,58,53,69,28,113,128,12" hai2="14,3,26,110,74,133,51,125,40,96,23,117,70" hai3="109,1,79,18,56,9,63,111,65,24,37,4,34"/><U60/><E123/><V102/><F3/><W124/><G37/><T93/><D68/><U91/><E28/><V108/><F70/><W95/><G124/><T33/><D105/><U98/><E104/><V35/><F117/><W120/><G120/><T118/><D33/><U38/><E113/><V45/><F125/><W75/><G95/><T114/><D118/><U30/><E30/><V0/><F0/><W101/><G101/><T126/><D126/><U41/><E128/><V66/><F66/><W16/><G79/><T81/><D114/><U46/><E12/><V15/><F133/><W72/><G111/><T10/><D29/><U130/><E130/><V84/><F35/><W86/><G86/><T59/><D81/><U55/><E91/><V44/><F74/><W17/><REACH who="3" step="1"/><G109/><REACH who="3" step="2"/><T135/><D135/><U61/><E98/><V100/><F84/><W20/><G20/><T103/><D22/><U6/><E107/><V119/><F96/><W131/><G131/><T99/><D99/><U78/><E78/><V57/><F102/><W64/><G64/><T92/><D92/><U54/><E6/><V32/><F100/><W25/><G25/><T97/><D97/><U5/><E5/><V2/><F23/><W7/><G7/><T48/><D103/><U19/><E19/><V11/><F26/><W129/><G129/><T76/><D36/><U82/><E82/><V112/><F110/><W83/><G83/><T127/><D127/><U50/><E58/><V116/><F57/><W31/><AGARI ba="0,1" hai="1,4,9,16,17,18,24,31,34,56,63,65,72,75" machi="31" ten="30,8000,1" yaku="1,1,0,1,52,2,54,1,53,0" doraHai="106" doraHaiUra="67" who="3" fromWho="3" sc="236,-20,485,-40,268,-20,1,90" /><INIT seed="6,0,0,1,2,119" ten="216,445,248,91" oya="2" hai0="88,129,36,67,53,50,47,85,104,64,72,20,60" hai1="133,132,74,90,43,94,93,99,46,29,54,52,40" hai2="107,3,65,55,45,66,19,111,105,110,125,9,7" hai3="6,86,17,98,121,123,87,38,69,35,14,13,57"/><V77/><F125/><W91/><G69/><T113/><D72/><U48/><E74/><V89/><F77/><W102/><G38/><T70/><D104/><U49/><E29/><V135/><F135/><N who="1" m="51785" /><E93/><V124/><F124/><W26/><G6/><T127/><D127/><U5/><E5/><V82/><F19/><W81/><G87/><T12/><D129/><U27/><E27/><V2/><F2/><W75/><G75/><T15/><D113/><U80/><E80/><V109/><F105/><W131/><G131/><T32/><D32/><U128/><E128/><V68/><F107/><W51/><G51/><T33/><D33/><U21/><E21/><V58/><F45/><AGARI ba="0,0" hai="40,43,45,46,48,49,52,54,90,94,99" m="51785" machi="45" ten="30,2000,0" yaku="20,1,54,1" doraHai="119" who="1" fromWho="2" sc="216,0,445,20,248,-20,91,0" /><INIT seed="7,0,0,1,1,40" ten="216,465,228,91" oya="3" hai0="58,91,119,30,103,120,133,29,43,111,67,35,78" hai1="117,123,45,51,57,60,16,56,129,15,1,110,134" hai2="47,25,41,124,63,0,87,93,121,81,116,32,14" hai3="49,99,113,7,4,24,135,33,72,76,50,64,17"/><W6/><G113/><T11/><D120/><U89/><E123/><V118/><F0/><W88/><G135/><T46/><D111/><U98/><E110/><V80/><F121/><W55/><G76/><T86/><D119/><U105/><E134/><V10/><F124/><W109/><G72/><T114/><D78/><U59/><E1/><V39/><F63/><W112/><G112/><T44/><D114/><U66/><E117/><V61/><F93/><N who="3" m="56743" /><G109/><T96/><D133/><U71/><E129/><V79/><F61/><W77/><G77/><T5/><D67/><U104/><E105/><V21/><F32/><W126/><G126/><T130/><D58/><U27/><E27/><V94/><F94/><W106/><G106/><T84/><D130/><U69/><E71/><V108/><F108/><W101/><G101/><T95/><D43/><N who="1" m="25023" /><E69/><V37/><F37/><W23/><G64/><T52/><D52/><U2/><E104/><V73/><F80/><W82/><G33/><T115/><D115/><U12/><E2/><V97/><F97/><W127/><G127/><T8/><D35/><U102/><E102/><V83/><F87/><N who="0" m="33322" /><D103/><U131/><E131/><V75/><F83/><W31/><G82/><T100/><D100/><U132/><E132/><V28/><F73/><W74/><G74/><T125/><D125/><U3/><E3/><V36/><F36/><W92/><G92/><T38/><D38/><U53/><E66/><V68/><F68/><W34/><G55/><T107/><D107/><U85/><E98/><V62/><F62/><W90/><G90/><T22/><D91/><RYUUKYOKU ba="0,0" sc="216,-15,465,-15,228,15,91,15" hai2="10,14,21,25,28,39,41,47,75,79,81,116,118" hai3="4,6,7,17,23,24,31,34,49,50" /><INIT seed="7,1,0,3,3,28" ten="201,450,243,106" oya="3" hai0="45,36,134,121,115,84,34,85,133,0,96,2,33" hai1="23,57,94,92,54,40,74,76,82,56,47,78,37" hai2="71,81,18,128,69,126,89,38,27,105,67,101,48" hai3="120,32,25,50,49,124,17,51,55,100,44,29,106"/><W9/><G120/><T127/><D96/><U41/><E40/><V22/><F38/><W83/><G124/><T86/><D121/><U111/><E111/><V8/><F126/><W132/><G132/><N who="0" m="50795" /><D127/><U43/><E41/><V70/><F128/><W65/><G65/><T16/><D16/><U52/><E78/><V87/><F101/><W5/><G100/><T129/><D129/><U24/><E56/><V63/><F105/><W118/><G106/><T109/><D109/><U112/><E112/><V64/><F64/><W11/><G118/><T102/><D102/><U103/><E103/><V77/><F8/><W66/><G66/><T62/><D62/><U99/><E99/><V131/><F131/><W108/><G108/><T123/><D123/><U35/><E35/><N who="0" m="13321" /><D115/><U1/><E1/><N who="0" m="617" /><D45/><U93/><E57/><V107/><F107/><W20/><G83/><T14/><D14/><U10/><E10/><V104/><F104/><W42/><G51/><T7/><D7/><U135/><E135/><V125/><F125/><W122/><G122/><T91/><D36/><U59/><E59/><V4/><F4/><W116/><G116/><T12/><D12/><U117/><E117/><V61/><F61/><W60/><G60/><T73/><D73/><U58/><E58/><V46/><F77/><W113/><G113/><T119/><D119/><U79/><E76/><V39/><F39/><W53/><G53/><AGARI ba="1,0" hai="18,22,27,46,48,53,63,67,69,70,71,81,87,89" machi="53" ten="30,1000,0" yaku="7,1" doraHai="28" who="2" fromWho="3" sc="201,0,450,0,243,13,106,-13" owari="201,-20,450,55,256,6,93,-41" /></mjloggm>