<mjloggm ver="2.3"><GO type="193"/><UN n0="%E3%82%A6%E3%83%AB%E3%83%88%E3%83%A9%E7%AB%8B%E7%9B%B4" n1="%63%6F%73%73%65%74" n2="%41%72%63%68" n3="%E5%AE%88%E8%AD%B7%E9%AC%BC%E7%A5%9E" dan="12,11,11,12" rate="1840,1490,1538,2003" sx="M,M,M,M"/><TAIKYOKU oya="0"/><INIT seed="0,0,0,4,4,82" ten="250,250,250,250" oya="0" hai0="94,133,7,1,58,95,44,42,126,132,87,22,75" hai1="100,8,53,83,125,123,24,59,28,63,71,5,13" hai2="92,86,55,30,14,52,9,118,37,2,57,32,120" hai3="65,81,31,45,61,85,51,113,124,76,66,135,18" shuffle="mt19937ar,9DE7D1FD,54695111,EC09A5D4,ABBCF6A3,55438861,7D14593B,1BB7B4DC,74AC9DA0"/><T111/><D75/><U130/><E123/><V89/><F37/><W19/><G113/><T41/><D41/><U48/><E71/><V104/><F120/><W35/><G124/><T99/><D126/><U90/><E130/><V60/><F104/><W127/><G135/><N who="0" m="51787" /><D7/><U114/><E125/><V21/><F118/><W110/><G127/><T91/><D1/><U97/><E114/><V56/><F32/><W107/><G107/><T47/><D58/><U78/><E90/><V119/><F2/><W108/><G31/><T93/><D111/><N who="3" m="42537" /><G35/><T33/><D33/><U3/><E3/><V4/><F30/><W38/><G38/><N who="0" m="21591" /><D47/><U122/><E122/><V62/><F119/><W15/><G15/><T128/><D128/><U26/><E28/><V46/><F46/><W129/><G129/><T105/><D22/><AGARI ba="0,0" hai="4,9,14,21,22,52,55,56,57,60,62,86,89,92" machi="22" ten="40,8000,1" yaku="9,1,8,1,52,1,54,1" doraHai="82" who="2" fromWho="0" sc="250,-80,250,0,250,80,250,0" /><INIT seed="1,0,0,4,2,12" ten="170,250,330,250" oya="1" hai0="89,93,3,78,118,62,87,125,95,6,1,16,0" hai1="63,104,55,114,68,79,4,15,5,42,48,21,110" hai2="14,56,99,117,103,127,52,129,100,26,72,73,7" hai3="91,126,54,115,135,108,106,57,77,111,24,53,17" shuffle="mt19937ar,48FA9B58,4D48E7DB,50BDC173,83583046,66C56DB6,5FC04F7D,8B30B102,8DAAD09C"/><U76/><E114/><V128/><F117/><W38/><G38/><T98/><D118/><U60/><E68/><V20/><F127/><W49/><G106/><T13/><D125/><U30/><E104/><V34/><F34/><W97/><G77/><N who="1" m="29770" /><E42/><V39/><F39/><W131/><G115/><T85/><D62/><N who="1" m="23595" /><E110/><N who="3" m="42026" /><G126/><T84/><D6/><U123/><E123/><V96/><F7/><W82/><G131/><N who="2" m="50249" /><F14/><W120/><G120/><T66/><D66/><U121/><E121/><V102/><F73/><W119/><G119/><T50/><D50/><U45/><E30/><V134/><F72/><W81/><G54/><T58/><D58/><U86/><E86/><V109/><F109/><W33/><G33/><T43/><D43/><U92/><E92/><V9/><F9/><W122/><G135/><T130/><D130/><U36/><E36/><V41/><F134/><W19/><G122/><T10/><REACH who="0" step="1"/><D78/><REACH who="0" step="2"/><U70/><E70/><V28/><F41/><W40/><G40/><T132/><D132/><U71/><E71/><V112/><F112/><W94/><G24/><T47/><D47/><U101/><E101/><AGARI ba="0,1" hai="0,1,3,10,13,16,84,85,87,89,93,95,98,101" machi="101" ten="40,5200,0" yaku="1,1,52,1,54,1,53,0" doraHai="12" doraHaiUra="23" who="0" fromWho="1" sc="160,62,250,-52,330,0,250,0" /><INIT seed="2,0,0,1,3,74" ten="222,198,330,250" oya="2" hai0="129,75,115,27,54,96,21,125,41,135,52,98,128" hai1="19,134,31,43,39,51,97,113,87,57,8,122,105" hai2="73,13,17,53,90,99,65,103,59,50,6,68,18" hai3="104,58,92,130,63,76,36,83,9,94,106,81,47" shuffle="mt19937ar,342A0473,8528DF62,4F9C52BF,7A15F922,B53D3CA4,6CC35260,00A7B54A,22023B1C"/><V62/><F73/><W56/><G130/><N who="0" m="50283" /><D115/><U80/><E113/><V22/><F90/><W118/><G118/><T49/><D75/><U29/><E134/><V26/><F6/><W131/><G131/><T33/><D33/><U61/><E39/><V15/><F18/><W64/><G36/><T127/><D41/><U42/><E122/><V79/><F79/><W109/><G47/><N who="0" m="27711" /><D54/><U91/><E105/><V119/><F119/><W38/><G38/><T116/><D116/><U32/><E32/><V46/><REACH who="2" step="1"/><F68/><REACH who="2" step="2"/><W111/><G76/><T82/><D82/><U35/><E35/><V34/><F34/><W124/><G81/><T2/><D2/><U37/><E37/><V24/><F24/><W60/><G83/><T0/><D0/><U28/><E51/><V16/><F16/><W88/><G88/><T71/><D71/><U10/><E97/><N who="0" m="37481" /><D135/><U7/><E7/><V3/><F3/><W5/><G5/><T69/><D69/><U11/><REACH who="1" step="1"/><E19/><AGARI ba="0,1" hai="19,21,27,125,127" m="37481,27711,50283" machi="19" ten="30,2000,0" yaku="19,1,54,1" doraHai="74" who="0" fromWho="1" sc="222,30,198,-20,320,0,250,0" /><INIT seed="3,0,0,2,1,95" ten="252,178,320,250" oya="3" hai0="78,38,12,102,131,19,25,128,91,100,23,4,21" hai1="51,53,134,120,46,126,115,62,86,14,117,50,34" hai2="121,66,103,26,58,123,135,30,64,24,125,76,130" hai3="45,118,99,2,113,67,101,18,32,89,74,98,94" shuffle="mt19937ar,66D83A99,F3B01CEE,BC1E17C3,3FC694E2,230EDCBB,A269D284,969286B0,FE178127"/><W72/><G2/><T69/><D38/><U27/><E120/><N who="2" m="46155" /><F125/><W85/><G32/><T37/><D37/><U70/><E115/><V112/><F112/><W31/><G31/><T79/><D69/><U15/><E126/><V54/><F130/><N who="0" m="49706" /><D91/><U35/><E134/><V10/><F135/><W59/><G45/><T16/><D100/><U60/><E70/><V129/><F129/><W17/><G113/><T68/><D102/><U20/><E117/><V90/><F103/><W48/><G118/><T61/><D79/><U96/><E46/><V82/><F10/><W122/><G122/><T22/><D78/><U47/><E86/><N who="2" m="50519" /><F76/><W87/><G74/><T8/><D61/><U105/><E105/><V133/><F133/><W93/><G72/><T73/><D68/><U49/><E47/><V41/><F41/><W29/><G29/><N who="0" m="17583" /><D73/><U75/><E75/><V65/><F26/><W110/><G110/><T5/><D8/><U104/><E104/><V127/><F127/><W132/><G132/><T97/><D97/><U39/><E39/><V119/><F119/><W124/><G124/><T44/><D44/><U108/><E108/><V0/><F0/><W77/><G77/><T83/><D83/><U11/><E53/><V63/><F24/><AGARI ba="0,0" hai="4,5,12,16,19,22,23,24" m="17583,49706" machi="24" ten="30,7700,0" yaku="19,1,34,2,54,1" doraHai="95" who="0" fromWho="2" sc="252,77,178,0,320,-77,250,0" owari="329,33,178,-22,243,-11,250,0" /></mjloggm>