<mjloggm ver="2.3"><GO type="193"/><UN n0="%E5%AF%8C%E5%B2%A1" n1="%73%68%69%67%65%79%61%6E" n2="%74%65%64%64%79" n3="%E3%82%A6%E3%83%AB%E3%83%88%E3%83%A9%E7%AB%8B%E7%9B%B4" dan="12,11,11,11" rate="1826,1596,1513,1813" sx="M,M,M,M"/><TAIKYOKU oya="0"/><INIT seed="0,0,0,3,1,118" ten="250,250,250,250" oya="0" hai0="24,72,83,108,114,14,89,16,113,124,117,110,27" hai1="60,133,111,42,63,121,2,40,53,62,127,135,77" hai2="95,31,52,22,96,58,86,106,97,54,93,100,4" hai3="32,105,85,51,30,29,44,3,43,107,116,0,73" shuffle="mt19937ar,ACFA1D16,DA97F0DC,62219602,806658B4,C6A93495,843BA613,58B156DD,B6123CA6"/><T36/><D36/><U94/><E2/><V125/><F125/><W78/><G85/><T47/><D47/><U28/><E77/><V132/><F132/><N who="1" m="50761" /><E28/><V49/><F4/><W128/><G116/><T66/><D66/><U103/><E94/><V41/><F41/><N who="1" m="15977" /><E103/><V102/><F106/><W134/><G30/><T6/><D89/><U45/><E111/><N who="0" m="42537" /><D83/><U81/><E81/><V109/><F109/><W87/><G134/><T61/><D61/><N who="1" m="23659" /><E127/><V88/><F54/><W10/><G105/><T26/><D124/><U9/><E9/><V91/><F86/><W129/><G87/><T37/><D37/><U92/><E92/><V13/><F13/><W131/><G107/><T21/><D72/><U35/><E35/><V112/><F112/><N who="0" m="43114" /><D117/><U69/><E69/><V79/><F79/><W99/><G78/><T119/><D119/><U67/><E67/><V1/><F1/><W115/><G73/><T130/><D6/><U38/><E38/><V71/><F71/><W82/><G82/><T46/><D46/><U64/><E64/><V39/><F39/><W8/><G115/><T120/><D130/><U12/><E12/><V7/><F7/><W11/><G99/><T126/><D126/><U18/><E18/><V56/><F58/><W48/><G48/><T80/><D80/><U84/><E84/><V50/><F49/><W59/><G59/><T74/><D74/><U20/><E20/><V70/><F70/><W34/><G34/><T57/><D57/><N who="1" m="35247" /><E45/><V17/><F31/><W90/><G90/><T68/><D68/><U5/><E5/><V75/><F75/><RYUUKYOKU ba="0,0" sc="250,0,250,0,250,0,250,0" hai0="14,16,21,24,26,27,120" hai1="121" hai2="17,22,50,52,56,88,91,93,95,96,97,100,102" hai3="0,3,8,10,11,29,32,43,44,51,128,129,131" /><INIT seed="0,1,0,5,0,88" ten="250,250,250,250" oya="0" hai0="104,83,44,18,12,43,16,21,42,124,54,55,95" hai1="26,71,5,109,75,132,130,94,30,46,29,82,113" hai2="14,87,41,48,11,97,68,80,34,45,33,50,120" hai3="84,62,70,57,51,9,106,129,127,60,135,58,126" shuffle="mt19937ar,A852FAF0,87A670EB,16B3A4E2,3347C18C,1F7DFCC2,3D4CF938,5E525D36,438FE535"/><T52/><D124/><N who="3" m="47657" /><G106/><T7/><D104/><U78/><E71/><V8/><F120/><W117/><G9/><T20/><D7/><U123/><E123/><V105/><F68/><W119/><G84/><T31/><D31/><U19/><E109/><V67/><F67/><W4/><G4/><T13/><D83/><U134/><E130/><V38/><F105/><W107/><G107/><T6/><D6/><U131/><E5/><V122/><F122/><W110/><G129/><T56/><D56/><U103/><E131/><V72/><F72/><W37/><G37/><T108/><D108/><U1/><E1/><V0/><F0/><W133/><G110/><T36/><D43/><U79/><E78/><V102/><F102/><W96/><G96/><T115/><D115/><U91/><E103/><V69/><F69/><W22/><G22/><T118/><D118/><N who="3" m="45065" /><G51/><T49/><D36/><U27/><E46/><V128/><F128/><W86/><G86/><T40/><D40/><U61/><E19/><V81/><F97/><W65/><G60/><T2/><D2/><U66/><E113/><V17/><F11/><W53/><G53/><T90/><D54/><U24/><E61/><V63/><F63/><W101/><G101/><T125/><D125/><U47/><E47/><V89/><F80/><W100/><G100/><T15/><D15/><U98/><E66/><V59/><REACH who="2" step="1"/><F50/><REACH who="2" step="2"/><W116/><G116/><T32/><D32/><U39/><E39/><V99/><F99/><AGARI ba="1,1" hai="12,13,16,18,20,21,42,44,49,52,55,90,95,99" machi="99" ten="30,18000,2" yaku="7,1,9,1,8,1,52,1,54,2" doraHai="88" who="0" fromWho="2" sc="250,193,250,0,240,-183,250,0" /><INIT seed="0,2,0,2,5,23" ten="443,250,57,250" oya="0" hai0="38,103,24,10,105,94,79,111,61,135,0,123,2" hai1="102,96,14,83,128,43,66,31,49,101,72,98,75" hai2="129,77,69,88,33,74,4,122,70,46,5,13,134" hai3="15,84,109,3,8,120,108,116,29,22,76,73,112" shuffle="mt19937ar,489595FF,F42E6F3B,EB84A4EA,D1FAD2A9,DAC97245,122ADBCD,33FDB2EE,FC01C148"/><T30/><D123/><U121/><E66/><V133/><F33/><W100/><G84/><T86/><D38/><U95/><E31/><V131/><F122/><W91/><G91/><T25/><D135/><N who="2" m="51722" /><F46/><W40/><G40/><T51/><D105/><U68/><E68/><N who="2" m="26219" /><F13/><W50/><G50/><T114/><D111/><U117/><E49/><V48/><F48/><W64/><G64/><T36/><D36/><U27/><E27/><V28/><F88/><W26/><G100/><T37/><D37/><U99/><E14/><V60/><F60/><W71/><G71/><T19/><D61/><U47/><E43/><V130/><F28/><W113/><G76/><T35/><D114/><N who="3" m="44137" /><G73/><N who="1" m="28234" /><E47/><V59/><F59/><W42/><G42/><T85/><D51/><U125/><E121/><V107/><F4/><N who="3" m="1055" /><G120/><T17/><D79/><U132/><E117/><V53/><F53/><W41/><G41/><T126/><D103/><N who="1" m="39435" /><E132/><V82/><F5/><W127/><G116/><T6/><D6/><U32/><E32/><V58/><F58/><W12/><G127/><T97/><D35/><U110/><E125/><V55/><F55/><W57/><G57/><T56/><D126/><U93/><E128/><N who="2" m="32771" /><V62/><DORA hai="118" /><F62/><W7/><G7/><T54/><D56/><U45/><E110/><AGARI ba="2,0" hai="12,15,22,26,29,108,109,110" m="1055,44137" machi="110" ten="30,7700,0" yaku="14,1,34,2,52,1" doraHai="23,118" who="3" fromWho="1" sc="443,0,250,-83,57,0,250,83" /><INIT seed="1,0,0,4,2,46" ten="443,167,57,333" oya="1" hai0="88,11,90,19,83,20,73,105,41,99,53,91,93" hai1="12,122,64,55,117,1,61,85,106,84,59,54,17" hai2="22,95,131,3,50,111,42,68,67,21,63,81,109" hai3="15,127,71,8,32,98,82,119,132,48,65,87,130" shuffle="mt19937ar,B8991469,40CA30FA,F0182FCB,49A9C021,CEEEAA97,0CDC3E5D,6B49E298,B8F8EA28"/><U10/><E10/><V116/><BYE who="1" /><F3/><W89/><G32/><T45/><D11/><U92/><E92/><V128/><F95/><W112/><G119/><T108/><D108/><N who="2" m="41546" /><F81/><W39/><G112/><T123/><D53/><U31/><E31/><V27/><F27/><W28/><G127/><T66/><D66/><U107/><E107/><V43/><F21/><W13/><G130/><N who="2" m="49705" /><F22/><W33/><G132/><T44/><D44/><U72/><E72/><V94/><F94/><W79/><G39/><T47/><D47/><U37/><E37/><V133/><F133/><W69/><G33/><T0/><D0/><U76/><E76/><V74/><F74/><W77/><G28/><T97/><D123/><U51/><E51/><V114/><F114/><W40/><G98/><T75/><D105/><U23/><E23/><V101/><F101/><W16/><G15/><T9/><D9/><U5/><E5/><V121/><F116/><W104/><G104/><T115/><D115/><U124/><E124/><V113/><F113/><W57/><G40/><N who="2" m="15401" /><F121/><W30/><G30/><T96/><D75/><U56/><E56/><V62/><F62/><W34/><G34/><T18/><D73/><U102/><E102/><V52/><F52/><N who="3" m="31879" /><G69/><T125/><D125/><U78/><E78/><N who="3" m="29706" /><G71/><T120/><D120/><U6/><E6/><V38/><F38/><W103/><G103/><T80/><D99/><U70/><E70/><V134/><F134/><W24/><G24/><T2/><D97/><U4/><E4/><V86/><F86/><W100/><G100/><T110/><D2/><U58/><E58/><RYUUKYOKU ba="0,0" sc="443,-15,167,-15,57,15,333,15" hai2="50,63,67,68" hai3="8,13,16,65,82,87,89" /><INIT seed="2,1,0,3,4,68" ten="428,152,72,348" oya="2" hai0="1,88,58,34,92,37,66,83,106,131,48,27,118" hai1="31,126,21,81,60,122,63,26,117,100,16,98,0" hai2="4,47,18,114,40,10,35,19,77,127,119,8,109" hai3="45,56,72,62,42,15,11,111,80,115,128,129,30" shuffle="mt19937ar,4F978FD2,76D08FCB,B4D53BE1,9A9BB7A4,AC326CE7,E98CDAE8,7AF6031A,A8D4C996"/><V110/><F77/><W32/><G115/><T52/><D106/><U50/><E50/><V24/><F40/><W104/><G104/><T38/><D1/><U89/><E89/><V22/><F47/><W93/><G30/><T46/><D131/><U5/><E5/><V33/><F114/><W87/><G32/><N who="2" m="12361" /><F119/><W36/><G72/><T6/><D6/><U135/><E135/><V9/><F127/><W41/><G93/><T125/><D125/><U76/><E76/><V51/><F51/><W82/><G42/><T13/><D118/><U86/><E86/><V44/><F44/><W79/><G82/><T55/><D83/><U70/><E70/><V132/><F132/><W91/><G111/><N who="2" m="42505" /><F19/><W121/><G121/><T78/><D78/><U65/><E65/><V43/><F43/><W133/><G133/><T69/><D13/><AGARI ba="1,0" hai="4,8,9,10,13,18,22,24" m="42505,12361" machi="13" ten="30,11600,0" yaku="14,1,10,1,34,2" doraHai="68" who="2" fromWho="0" sc="428,-119,152,0,72,119,348,0" /><INIT seed="2,2,0,3,4,53" ten="309,152,191,348" oya="2" hai0="13,58,60,76,59,22,123,9,85,20,56,98,135" hai1="65,25,38,109,126,62,43,4,19,102,16,31,125" hai2="97,79,61,132,27,88,47,96,46,68,10,81,128" hai3="77,41,107,130,52,44,117,5,28,91,24,111,94" shuffle="mt19937ar,03633995,5A13FD8B,20C0C6FD,BE8C664A,33161C9E,37E561BA,6954F7F1,EC330E92"/><V3/><F132/><W39/><G107/><T71/><D135/><U34/><E34/><V33/><F128/><W122/><G122/><T54/><D123/><U83/><E83/><V114/><F114/><W127/><G130/><T23/><D71/><U106/><E106/><V99/><F3/><W70/><G70/><T7/><D98/><U118/><E118/><V15/><F33/><W14/><G117/><T101/><D101/><U2/><E2/><V84/><F27/><W133/><G77/><T57/><D76/><U69/><E69/><V6/><F68/><W124/><G133/><T105/><D105/><U42/><E42/><V37/><F37/><W75/><G75/><T108/><D108/><U63/><E63/><V30/><F30/><W129/><G129/><T66/><D85/><U18/><E18/><V115/><F115/><W67/><G67/><AGARI ba="2,0" hai="7,9,13,20,22,23,54,56,57,58,59,60,66,67" machi="67" ten="40,8000,1" yaku="8,1,52,4" doraHai="53" who="0" fromWho="3" sc="309,86,152,0,191,0,348,-86" /><INIT seed="3,0,0,3,1,7" ten="395,152,191,262" oya="3" hai0="6,103,46,44,105,16,133,132,94,90,99,74,83" hai1="116,59,5,17,67,119,61,123,18,10,21,31,126" hai2="107,98,95,71,19,78,38,49,41,118,60,104,63" hai3="29,82,48,25,62,111,88,36,68,4,84,23,45" shuffle="mt19937ar,416BEB88,3A219B70,56E48EAE,93BBB369,C29E110E,0817300F,D3DF5C94,B5D7FA09"/><W117/><G117/><T80/><D16/><U65/><E65/><V33/><F118/><W101/><G36/><T114/><D6/><U35/><E35/><V14/><F33/><W77/><G111/><T30/><D30/><U12/><E12/><V39/><F78/><W73/><G101/><T66/><D66/><U100/><E100/><V91/><F71/><W53/><G4/><T54/><D114/><U85/><E85/><V2/><F2/><W69/><REACH who="3" step="1"/><G62/><REACH who="3" step="2"/><T96/><D132/><U81/><E81/><AGARI ba="0,1" hai="23,25,29,45,48,53,68,69,73,77,81,82,84,88" machi="81" ten="30,11600,0" yaku="1,1,2,1,7,1,54,1,53,0" doraHai="7" doraHaiUra="108" who="3" fromWho="1" sc="395,0,152,-116,191,0,252,126" /><INIT seed="3,1,0,3,1,98" ten="395,36,191,378" oya="3" hai0="78,40,51,12,36,50,84,43,20,63,77,124,56" hai1="103,35,109,8,75,91,2,81,70,18,127,71,13" hai2="32,92,114,68,121,5,67,69,19,54,132,58,94" hai3="131,39,85,117,3,27,88,21,66,122,4,82,25" shuffle="mt19937ar,65F9E69F,5B88B505,6DCE8994,9782BB15,0599DBAD,294DFC0E,3D8D9830,935429CA"/><W26/><G117/><T14/><D36/><U115/><E115/><V10/><F121/><W53/><G122/><T135/><D135/><U37/><E37/><V101/><F132/><W73/><G39/><T112/><D124/><U62/><E62/><V120/><F114/><W80/><G66/><T64/><D112/><U100/><E100/><V133/><F120/><W125/><G125/><T76/><D84/><U128/><E128/><V61/><F61/><W17/><G131/><T126/><D126/><U7/><E7/><V24/><F24/><W46/><G4/><T47/><D20/><U6/><E6/><V48/><F32/><W83/><G3/><T96/><D96/><U41/><E41/><N who="0" m="15945" /><D51/><U130/><E130/><V113/><F133/><W59/><G46/><T111/><D111/><U49/><E49/><V1/><F113/><W74/><G74/><T102/><D102/><U129/><E129/><V87/><F67/><W44/><G44/><T123/><D123/><U72/><E72/><V119/><F119/><W31/><G73/><T116/><D116/><U16/><E16/><V30/><F30/><W23/><G27/><T90/><D90/><U118/><E118/><V86/><F101/><W34/><G34/><T33/><D33/><U0/><E0/><V104/><F104/><W38/><G38/><T22/><D22/><U97/><E97/><V52/><F19/><W11/><G11/><T89/><D89/><U93/><E93/><V15/><F1/><W110/><G110/><T107/><D107/><U134/><E134/><V45/><F69/><W28/><G17/><RYUUKYOKU ba="1,0" sc="395,15,36,-15,191,-15,378,15" hai0="12,14,47,50,56,63,64,76,77,78" hai3="21,23,25,26,28,31,53,59,80,82,83,85,88" /><INIT seed="3,2,0,3,5,2" ten="410,21,176,393" oya="3" hai0="96,36,69,47,19,66,97,62,57,12,53,111,68" hai1="133,87,99,0,63,100,45,78,29,20,84,64,134" hai2="131,60,23,28,120,72,118,59,21,98,88,15,39" hai3="110,58,33,76,124,11,82,103,75,129,38,112,109" shuffle="mt19937ar,958902D0,F636836A,23893CC7,FCB4E653,CFC77963,FF2C9820,1C460569,208DB431"/><W77/><G38/><T61/><D111/><N who="3" m="42505" /><G33/><T122/><D122/><U102/><E102/><V106/><F39/><W8/><G112/><T40/><D68/><U130/><E130/><V51/><F118/><W10/><G124/><T44/><D44/><U92/><E92/><V55/><F120/><W17/><G129/><T18/><D18/><U74/><E74/><V32/><F131/><W9/><G103/><T16/><D19/><U27/><E27/><V81/><F32/><W14/><G77/><T80/><D80/><U65/><E65/><V67/><F106/><W128/><G128/><T24/><D24/><U31/><E31/><V85/><F72/><W22/><G58/><T94/><D94/><U90/><E90/><V70/><F98/><W56/><G56/><T13/><D13/><U79/><E79/><V46/><F28/><W71/><G11/><AGARI ba="2,0" hai="11,12,16,36,40,47,53,57,61,62,66,69,96,97" machi="11" ten="30,2000,0" yaku="7,1,54,1" doraHai="2" who="0" fromWho="3" sc="410,26,21,0,176,0,393,-26" owari="436,43,21,-38,176,-17,367,12" /></mjloggm>