<mjloggm ver="2.3"><GO type="193"/><UN n0="%E3%83%86%E3%83%84%E3%83%A4%E6%95%99%E6%8E%88" n1="%E7%89%87%E5%80%89%E5%AD%A6" n2="%6E%68%69%72%6F%32%32%34" n3="%E3%82%A6%E3%83%AB%E3%83%88%E3%83%A9%E7%AB%8B%E7%9B%B4" dan="11,13,11,11" rate="1592,1769,1589,1749" sx="M,M,M,M"/><TAIKYOKU oya="0"/><INIT seed="0,0,0,1,2,130" ten="250,250,250,250" oya="0" hai0="123,2,56,42,20,30,15,31,24,108,79,14,95" hai1="132,62,120,85,55,126,19,78,125,17,58,105,40" hai2="135,94,33,54,103,3,122,118,113,11,63,64,23" hai3="65,10,0,16,60,110,38,49,119,81,9,111,74" shuffle="mt19937ar,93A71CCA,9CDD778A,2FE7F01F,C6FE7639,1642696D,918D6D2F,F6BFB71D,63D93733"/><T127/><D123/><U75/><E105/><V7/><F122/><W52/><G38/><T101/><D127/><N who="1" m="48651" /><E120/><V47/><F113/><W61/><G81/><T27/><D2/><U46/><E75/><V124/><F33/><W45/><G74/><T100/><D108/><N who="3" m="41513" /><G0/><T18/><D79/><U13/><E78/><V28/><F124/><W67/><G119/><T83/><D83/><U4/><E85/><V77/><F77/><W57/><G16/><N who="1" m="6218" /><E4/><V43/><F118/><W133/><G9/><T114/><D114/><U112/><E13/><V1/><F1/><W102/><G10/><T29/><D42/><U12/><E12/><V106/><F106/><W96/><G96/><T84/><D15/><U37/><E112/><V53/><F103/><W26/><G102/><T34/><D56/><U92/><E92/><V22/><F94/><W131/><G26/><T73/><D73/><U36/><E132/><V134/><F28/><W66/><G131/><T88/><REACH who="0" step="1"/><D31/><REACH who="0" step="2"/><U121/><E121/><V35/><F43/><N who="3" m="24767" /><G133/><N who="2" m="50697" /><F47/><W44/><G44/><T50/><D50/><AGARI ba="0,1" hai="36,37,40,46,50,55,58,62" m="6218,48651" machi="50" ten="30,2000,0" yaku="18,1,54,1" doraHai="130" who="1" fromWho="0" sc="240,-20,250,30,250,0,250,0" /><AGARI ba="0,0" hai="50,52,57,60,61,65,66,67" m="24767,41513" machi="50" ten="30,7700,0" yaku="14,1,34,2,54,1" doraHai="130" who="3" fromWho="0" sc="220,-77,280,0,250,0,250,77" /><INIT seed="1,0,0,2,4,36" ten="143,280,250,327" oya="1" hai0="12,33,46,9,128,81,4,131,47,124,21,80,40" hai1="52,8,126,51,57,26,16,118,112,54,87,32,63" hai2="108,66,88,5,71,31,30,95,2,35,134,121,97" hai3="132,43,45,22,13,39,90,44,69,76,11,6,84" shuffle="mt19937ar,797D3789,03059B03,14EB8596,2B9A4CF0,9FF48923,4BB015E0,D82713AF,221F8833"/><U83/><E118/><V119/><F121/><W92/><G69/><T56/><D33/><U70/><E112/><V49/><F119/><W29/><G132/><T59/><D21/><N who="1" m="13607" /><E70/><V111/><F134/><W94/><G76/><T60/><D124/><U120/><E126/><V17/><F35/><W96/><G45/><T125/><D125/><U115/><E32/><V107/><F107/><W67/><G67/><T89/><D89/><N who="1" m="51455" /><E115/><V109/><F49/><W74/><G74/><T106/><D106/><U3/><E3/><V133/><F133/><W73/><G73/><T123/><D123/><U38/><E38/><V18/><F5/><W79/><G79/><T50/><D47/><N who="1" m="27775" /><E120/><V82/><F2/><W25/><G96/><T37/><D37/><U34/><E34/><V127/><F127/><W61/><G61/><T116/><D116/><U55/><E8/><V1/><F1/><W105/><G105/><T48/><D48/><U72/><E72/><V68/><F68/><W0/><G0/><T23/><D23/><U75/><E75/><V102/><F66/><AGARI ba="0,0" hai="54,55,57,63,66" m="27775,51455,13607" machi="66" ten="30,5800,0" yaku="8,1,54,2" doraHai="36" who="1" fromWho="2" sc="143,0,280,58,250,-58,327,0" /><INIT seed="1,1,0,5,4,107" ten="143,338,192,327" oya="1" hai0="104,97,53,83,74,65,75,68,88,63,27,45,84" hai1="12,126,51,117,3,98,77,106,22,71,61,25,95" hai2="110,87,7,91,124,128,41,130,67,14,131,90,92" hai3="113,6,116,17,114,20,57,135,112,39,23,5,127" shuffle="mt19937ar,3B4CCE86,EB003E54,300F84A5,FDE8216C,BE25EF9A,FC0A8D44,489224EB,4013C2AF"/><U89/><E3/><V13/><F41/><W76/><G39/><T125/><D125/><U2/><E126/><V122/><F110/><W79/><G127/><T85/><D27/><U73/><E2/><V48/><F122/><W66/><G57/><T55/><D45/><U82/><E117/><V33/><F33/><W24/><G66/><T94/><D104/><U132/><E132/><V115/><F124/><W103/><G103/><T109/><D109/><U102/><E12/><V58/><F115/><W70/><G70/><T86/><REACH who="0" step="1"/><D83/><REACH who="0" step="2"/><U121/><E121/><V101/><F101/><W64/><G116/><T9/><D9/><U19/><E51/><V44/><F7/><W8/><G8/><T40/><D40/><U111/><E111/><V4/><F4/><W80/><G80/><T16/><D16/><U56/><E71/><V78/><F78/><W28/><G79/><T123/><D123/><U30/><E30/><V31/><F31/><W105/><G76/><T35/><D35/><U10/><E10/><V18/><F18/><W60/><G105/><T21/><D21/><U42/><E42/><V133/><F133/><W32/><G135/><T100/><D100/><U129/><E129/><V11/><F11/><W119/><G119/><T52/><AGARI ba="1,1" hai="52,53,55,63,65,68,74,75,84,85,86,88,94,97" machi="52" ten="30,12000,2" yaku="1,1,0,1,52,2,54,2,53,0" doraHai="107" doraHaiUra="108" who="0" fromWho="0" sc="133,133,338,-61,192,-31,327,-31" /><INIT seed="2,0,0,2,2,7" ten="266,277,161,296" oya="2" hai0="97,68,16,116,48,98,10,14,122,100,70,81,46" hai1="89,92,25,108,35,13,56,3,106,38,101,57,95" hai2="6,133,37,82,20,21,103,127,26,42,129,125,123" hai3="115,59,102,18,27,24,23,53,60,11,58,69,99" shuffle="mt19937ar,8CF7C9D3,7708EC15,76A808F4,54D5201E,849DE7A4,92E71177,C583AB42,AE1C0108"/><V113/><F113/><W117/><G69/><T72/><D122/><U36/><E106/><V51/><F123/><W2/><G117/><T28/><D116/><U107/><E107/><V91/><F37/><W112/><G58/><N who="1" m="22634" /><E3/><V74/><F129/><W22/><G2/><T93/><D28/><U31/><E38/><V131/><F131/><W49/><G60/><T15/><D72/><U80/><E36/><V78/><F133/><W50/><G50/><T30/><D30/><U40/><E40/><V86/><F103/><W128/><G128/><T96/><D81/><U71/><E71/><V94/><F6/><W85/><G85/><T135/><D135/><U65/><E65/><V77/><F77/><W124/><G124/><N who="2" m="47689" /><F26/><W33/><G33/><T64/><D68/><U17/><E108/><V87/><F74/><W39/><G39/><T44/><D70/><U12/><E101/><V1/><F1/><W29/><G115/><T126/><D126/><U119/><E119/><V4/><F4/><W62/><G112/><T110/><D64/><U121/><E121/><V19/><F19/><W76/><G76/><T118/><D118/><U114/><E114/><V132/><F132/><W5/><G62/><T67/><D110/><U32/><E32/><V84/><F84/><W79/><G79/><T111/><D67/><U66/><E66/><V105/><F105/><W41/><G41/><N who="0" m="24591" /><D46/><AGARI ba="0,0" hai="20,21,42,46,51,78,82,86,87,91,94" m="47689" machi="46" ten="30,1500,0" yaku="18,1" doraHai="7" who="2" fromWho="0" sc="266,-15,277,0,161,15,296,0" /><INIT seed="2,1,0,2,5,68" ten="251,277,176,296" oya="2" hai0="110,51,63,17,15,22,108,56,113,125,87,40,55" hai1="32,105,117,85,121,58,127,80,8,91,135,65,5" hai2="52,14,134,19,18,28,43,16,124,77,73,2,128" hai3="84,120,57,13,104,89,81,78,123,106,70,33,24" shuffle="mt19937ar,F2F7D5C8,4DA38E15,55699902,7BAB77DE,24505D2E,B44A0518,8F3DF354,536A5E88"/><V96/><F124/><W90/><G70/><T112/><D125/><U6/><E127/><V36/><F128/><W131/><G57/><T109/><REACH who="0" step="1"/><D87/><REACH who="0" step="2"/><U95/><E121/><N who="3" m="46666" /><G13/><T42/><D42/><U54/><E117/><V82/><F134/><W102/><G24/><T20/><D20/><U31/><E135/><V119/><F119/><W69/><G33/><T26/><D26/><U111/><E32/><V115/><F115/><W41/><G41/><T116/><D116/><U74/><E111/><V29/><F2/><W0/><G0/><T30/><D30/><U66/><E74/><V60/><F14/><W93/><G69/><T9/><D9/><U133/><E31/><V126/><F126/><W46/><G46/><AGARI ba="1,1" hai="15,17,22,40,46,51,55,56,63,108,109,110,112,113" machi="46" ten="40,5200,0" yaku="1,1,14,1,53,1" doraHai="68" doraHaiUra="38" who="0" fromWho="3" sc="241,65,277,0,176,0,296,-55" /><INIT seed="3,0,0,0,1,18" ten="306,277,176,241" oya="3" hai0="72,101,48,59,81,77,90,97,14,37,27,45,15" hai1="107,36,47,3,19,129,50,124,119,23,86,39,0" hai2="54,66,1,13,127,70,67,25,115,108,21,88,33" hai3="29,64,133,75,44,42,17,12,30,134,79,11,61" shuffle="mt19937ar,9882CBF6,A660D033,B6F82713,9B36BC98,CD06CAF1,36295C46,0F5E47A8,B9E14B24"/><W118/><G118/><T31/><D37/><U46/><E107/><V121/><F115/><W5/><G79/><T106/><D59/><U8/><E119/><V22/><F108/><W117/><G75/><T116/><D116/><U110/><E110/><V103/><F127/><W65/><G117/><T38/><D38/><U41/><E124/><V114/><F114/><W2/><G30/><T68/><D68/><U78/><E129/><V63/><F1/><W130/><G29/><T123/><D123/><U82/><E8/><V122/><F33/><W125/><G125/><T96/><D96/><U4/><E4/><V26/><F103/><W95/><G95/><T87/><D48/><U32/><E32/><V28/><F13/><W89/><G89/><T128/><D128/><U100/><E100/><V40/><F40/><W92/><G92/><N who="0" m="54367" /><D45/><U43/><E50/><V6/><F6/><W111/><G111/><T120/><D120/><N who="2" m="46186" /><F67/><W53/><G130/><T71/><D71/><U62/><E62/><V91/><F54/><W126/><G126/><T51/><D51/><U10/><E10/><V69/><F69/><W9/><G53/><T85/><D85/><U7/><E7/><V83/><F83/><W99/><G99/><T104/><D104/><U58/><E58/><V112/><F112/><W131/><G131/><T113/><D113/><U34/><E34/><AGARI ba="0,0" hai="14,15,27,31,34,72,77,81,97,101,106" m="54367" machi="34" ten="30,1000,0" yaku="24,1" doraHai="18" who="0" fromWho="1" sc="306,10,277,-10,176,0,241,0" owari="316,31,267,2,176,-22,241,-11" /></mjloggm>