<mjloggm ver="2.3"><GO type="41"/><UN n0="%E3%82%A6%E3%83%AB%E3%83%88%E3%83%A9%E7%AB%8B%E7%9B%B4" n1="%E3%83%9A%E3%83%BC%E3%83%81%E3%83%A3%E3%83%B3" n2="%E3%81%A8%E3%82%93%E3%81%8B%E3%81%A4%E3%82%89%E3%83%BC%E3%82%81%E3%82%93" n3="%E7%90%86%E4%B8%8D%E5%B0%BD%E5%A5%B3%E7%8E%8B" dan="13,14,13,14" rate="1882,1899,1950,1945" sx="M,M,M,F"/><TAIKYOKU oya="0"/><INIT seed="0,0,0,1,4,135" ten="250,250,250,250" oya="0" hai0="127,115,13,35,20,74,70,32,99,93,48,29,52" hai1="88,26,132,30,73,39,120,58,56,129,105,116,82" hai2="2,123,87,28,64,14,37,79,102,75,91,95,67" hai3="54,84,124,3,49,80,15,98,44,66,24,76,119"/><T122/><D70/><U77/><E116/><V61/><F37/><W41/><G3/><T90/><D74/><U60/><E132/><V107/><F123/><W17/><G119/><T5/><D122/><U101/><E39/><V85/><F2/><W113/><G113/><T63/><D115/><U23/><E120/><V78/><F28/><W94/><G66/><T8/><D63/><U55/><E129/><V59/><F67/><W125/><G24/><T106/><D106/><U65/><E101/><V10/><F75/><W118/><G41/><T71/><D71/><U96/><E96/><V130/><F130/><W131/><G131/><T21/><D21/><U68/><E105/><V100/><F107/><W62/><G62/><T22/><D22/><U134/><E134/><V117/><F117/><W109/><G118/><T33/><D20/><U46/><E46/><V34/><F34/><W72/><G72/><T89/><D127/><U51/><E68/><V47/><F47/><W114/><G114/><T103/><REACH who="0" step="1"/><D29/><REACH who="0" step="2"/><U121/><E121/><V0/><F0/><W104/><G104/><T92/><D92/><U31/><E31/><V18/><F95/><W36/><G36/><T27/><D27/><U16/><E30/><V38/><F38/><W110/><G94/><T4/><D4/><U12/><BYE who="0" /><E26/><V19/><F19/><W50/><G50/><T111/><D111/><N who="3" m="42505" /><G98/><T9/><D9/><AGARI ba="0,1" hai="9,15,17,44,49,54,76,80,84,124,125" m="42505" machi="9" ten="30,3900,0" yaku="14,1,52,2" doraHai="135" who="3" fromWho="0" sc="240,-39,250,0,250,0,250,49" /><INIT seed="1,0,0,1,5,70" ten="201,250,250,299" oya="1" hai0="130,66,58,92,128,84,69,36,35,115,113,24,26" hai1="81,126,114,30,64,82,33,83,45,48,101,105,15" hai2="49,75,88,20,72,134,12,79,96,2,122,1,54" hai3="11,99,121,27,16,117,14,132,37,119,39,63,135"/><U61/><E114/><V55/><F122/><W106/><G121/><UN n0="%E3%82%A6%E3%83%AB%E3%83%88%E3%83%A9%E7%AB%8B%E7%9B%B4" /><T133/><D58/><U46/><E15/><V100/><F134/><N who="3" m="51243" /><G63/><N who="0" m="40159" /><D84/><U38/><E126/><V18/><F72/><W93/><G27/><T50/><D92/><U57/><E30/><V44/><F75/><W22/><G22/><T59/><D26/><U4/><E33/><V91/><F79/><W47/><G47/><T73/><D73/><U5/><E101/><V9/><F1/><W3/><G3/><T111/><D133/><U94/><E94/><V98/><F55/><W118/><G106/><T23/><D23/><U107/><E105/><V97/><F2/><W112/><G112/><N who="0" m="43083" /><D50/><U62/><E62/><V108/><F108/><W80/><G80/><T78/><D59/><U77/><E107/><V125/><F125/><W65/><G65/><T21/><D21/><U51/><E77/><V31/><F100/><AGARI ba="0,0" hai="11,14,16,37,39,93,99,100,117,118,119" m="51243" machi="100" ten="40,8000,1" yaku="12,1,20,1,52,2,54,1" doraHai="70" who="3" fromWho="2" sc="201,0,250,0,250,-80,299,80" /><INIT seed="2,0,0,1,4,53" ten="201,250,170,379" oya="2" hai0="44,45,17,95,111,54,39,110,29,49,82,19,103" hai1="106,68,115,113,46,59,38,96,3,133,73,108,116" hai2="11,99,7,48,77,102,81,41,16,69,117,15,121" hai3="90,93,76,118,55,71,34,119,97,57,4,5,124"/><V13/><F121/><W12/><G71/><T35/><D29/><U125/><E59/><V47/><F117/><W32/><G76/><T122/><D35/><U2/><E46/><V91/><F69/><W36/><G36/><T89/><D103/><U75/><E96/><V128/><F128/><W64/><G64/><T74/><D122/><U33/><E75/><V135/><F135/><W129/><G129/><T132/><D132/><U40/><E40/><V26/><F26/><W6/><G12/><T114/><D114/><U79/><E79/><V50/><F91/><W8/><G8/><T109/><D82/><U27/><E27/><V60/><F60/><W20/><G20/><T1/><D1/><U84/><E84/><V22/><F50/><W24/><G124/><T14/><D74/><U61/><E61/><V87/><F99/><W123/><G123/><T120/><D120/><U88/><E88/><V80/><F80/><W72/><G72/><T21/><D19/><U130/><E115/><V0/><F0/><W131/><G131/><T112/><D112/><U134/><E3/><V23/><F102/><W101/><G101/><T52/><D39/><U18/><E18/><V70/><F70/><W107/><G107/><T85/><D54/><U92/><E92/><V86/><F86/><W51/><REACH who="3" step="1"/><G24/><REACH who="3" step="2"/><T65/><D65/><U105/><E105/><V42/><F42/><W43/><G43/><T9/><D9/><AGARI ba="0,1" hai="7,9,11,13,15,16,22,23,41,47,48,77,81,87" machi="9" ten="30,12000,1" yaku="7,1,25,2,8,1,54,1" doraHai="53" who="2" fromWho="0" sc="201,-120,250,0,170,130,369,0" /><INIT seed="2,1,0,1,4,98" ten="81,250,300,369" oya="2" hai0="44,52,92,49,47,129,127,117,58,30,33,53,112" hai1="61,125,14,65,29,5,24,38,122,94,7,66,109" hai2="78,18,15,99,40,20,85,128,23,68,121,95,107" hai3="124,97,131,39,79,25,34,91,64,21,89,62,81"/><V80/><F121/><W6/><G39/><T22/><D33/><U4/><E38/><V32/><F68/><W93/><G34/><T83/><D112/><U10/><E109/><V36/><F32/><W88/><G6/><T111/><D111/><U104/><E104/><V87/><F107/><W100/><G131/><T101/><D129/><U130/><E130/><V50/><F128/><W115/><G124/><T73/><D127/><U69/><E125/><V110/><F36/><W84/><G115/><T82/><D117/><U123/><E66/><V37/><F37/><W11/><G11/><T8/><D8/><U132/><E94/><V71/><F71/><W42/><G42/><T75/><D75/><U54/><E54/><V60/><F110/><W55/><G55/><T41/><D73/><U126/><E132/><V135/><F135/><W48/><G48/><T102/><D92/><U134/><E134/><V45/><F60/><W16/><REACH who="3" step="1"/><G79/><REACH who="3" step="2"/><T12/><D41/><U76/><E76/><V43/><F43/><W59/><AGARI ba="1,1" hai="16,21,25,59,62,64,81,84,88,89,91,93,97,100" machi="59" ten="20,16000,3" yaku="1,1,2,1,0,1,7,1,8,1,52,1,54,2,53,1" doraHai="98" doraHaiUra="77" who="3" fromWho="3" sc="81,-41,250,-41,300,-81,359,173" /><INIT seed="3,0,0,0,0,67" ten="40,209,219,532" oya="3" hai0="20,82,95,25,117,116,29,127,30,55,0,38,93" hai1="100,99,129,120,76,58,2,114,48,69,40,104,109" hai2="21,36,124,43,59,134,51,14,110,102,26,19,9" hai3="73,22,42,8,98,133,113,65,128,7,119,49,112"/><W94/><G73/><T74/><D127/><U45/><E2/><V16/><F124/><W27/><G119/><T78/><D29/><U97/><E120/><V71/><F102/><W80/><G80/><T90/><D0/><U91/><E114/><V13/><F36/><W46/><G65/><T44/><D93/><U50/><E76/><V68/><F134/><W28/><G133/><T88/><D90/><U86/><E99/><V118/><F118/><W23/><G23/><T24/><D24/><U12/><E129/><V111/><F59/><W103/><G128/><T11/><D11/><U105/><E12/><AGARI ba="0,0" hai="7,8,12,22,27,28,42,46,49,94,98,103,112,113" machi="12" ten="30,1500,0" yaku="7,1" doraHai="67" who="3" fromWho="1" sc="40,0,209,-15,219,0,532,15" /><INIT seed="3,1,0,0,0,95" ten="40,194,219,547" oya="3" hai0="110,33,57,50,45,128,129,108,115,125,46,84,76" hai1="120,28,19,47,122,133,69,116,38,117,37,77,58" hai2="109,98,102,126,127,34,10,87,15,22,44,25,16" hai3="1,65,59,6,17,5,72,61,48,60,113,73,49"/><W18/><G113/><T12/><D12/><U14/><E28/><V92/><F34/><W93/><G93/><T51/><D84/><U88/><E77/><V121/><F109/><N who="0" m="42090" /><D76/><U134/><E69/><V75/><F75/><W4/><G1/><T0/><D33/><U104/><E104/><V112/><F112/><W79/><G79/><T114/><D0/><U70/><E70/><V132/><F132/><N who="1" m="50793" /><E58/><V68/><F68/><W100/><G100/><T105/><D105/><U63/><E63/><V78/><F44/><N who="0" m="17002" /><D125/><N who="2" m="47626" /><F121/><N who="1" m="46697" /><E88/><N who="2" m="55559" /><F78/><W67/><G4/><T24/><D24/><U123/><N who="1" m="46705" /><U135/><N who="1" m="50801" /><DORA hai="83" /><U106/><DORA hai="66" /><E106/><V36/><F36/><N who="1" m="13929" /><E47/><V91/><F102/><W35/><G59/><T89/><D89/><U26/><E26/><V86/><F91/><W30/><G35/><T131/><D57/><U11/><AGARI ba="1,0" hai="11,14,19,116,117" m="13929,46705,50801" machi="11" ten="60,2000,0" yaku="20,1" doraHai="95,83,66" who="1" fromWho="1" sc="40,-6,194,23,219,-6,547,-11" /><INIT seed="4,0,0,2,4,50" ten="34,217,213,536" oya="0" hai0="106,100,114,120,68,101,14,121,57,26,51,77,85" hai1="0,72,117,82,1,22,5,54,90,23,122,33,36" hai2="60,98,37,87,46,111,24,3,127,48,8,115,18" hai3="9,99,25,39,42,126,107,15,108,129,74,63,104"/><T113/><D14/><U32/><E36/><V103/><F111/><W49/><G39/><T70/><D26/><U2/><E72/><V134/><F37/><W71/><G74/><T112/><D57/><U95/><E82/><V128/><F3/><N who="1" m="1097" /><E54/><V109/><F109/><W78/><G78/><T131/><D51/><U38/><E90/><V84/><F60/><W55/><G25/><T34/><D34/><N who="1" m="13419" /><E95/><V44/><F44/><W132/><G108/><T61/><D61/><U29/><E38/><V66/><F66/><W6/><G42/><T20/><D70/><U41/><E41/><V93/><F24/><W92/><G63/><T27/><D68/><U135/><E122/><V124/><F46/><W86/><G71/><T65/><D65/><U88/><E88/><V119/><F119/><W40/><G40/><T89/><D77/><U19/><E135/><V13/><F134/><W11/><G132/><T16/><D131/><U96/><E96/><V69/><F128/><W94/><G129/><T62/><D62/><U130/><E130/><V118/><F118/><W64/><G49/><T125/><D125/><N who="2" m="48202" /><F69/><W35/><G64/><T91/><D91/><U43/><E43/><V53/><F84/><W7/><G86/><T123/><REACH who="0" step="1"/><D106/><REACH who="0" step="2"/><U56/><E56/><N who="2" m="32807" /><F87/><W97/><G107/><T10/><D10/><N who="1" m="2359" /><E117/><V45/><F45/><W67/><G104/><T102/><D102/><U81/><E29/><V59/><F59/><W28/><G67/><T76/><D76/><U116/><E116/><V75/><F75/><W110/><G126/><T52/><D52/><U47/><E47/><RYUUKYOKU ba="0,1" sc="24,15,217,-15,213,15,536,-15" hai0="16,20,27,85,89,100,101,112,113,114,120,121,123" hai2="8,13,18,93,98,103,115" /><INIT seed="4,1,1,1,4,132" ten="39,202,228,521" oya="0" hai0="71,19,52,34,77,35,27,51,26,76,29,6,90" hai1="54,15,109,48,9,110,39,53,58,21,128,82,135" hai2="85,102,64,62,14,126,11,111,105,106,63,36,7" hai3="94,25,99,119,95,59,22,24,12,116,118,0,3"/><T83/><D71/><U61/><E39/><V93/><F111/><W56/><G12/><T103/><D103/><U89/><E135/><V45/><F62/><W120/><G120/><T100/><D100/><U84/><E128/><V40/><F106/><W133/><G133/><T20/><D6/><U123/><E21/><V44/><F44/><W41/><G41/><T80/><D35/><U112/><E112/><V74/><F74/><W86/><G86/><T43/><D43/><U66/><E123/><V17/><F105/><W67/><G22/><T2/><D2/><U79/><E54/><V13/><F102/><W65/><G116/><T1/><D1/><U16/><E79/><V114/><F114/><W124/><G99/><T32/><D32/><U107/><REACH who="1" step="1"/><E107/><REACH who="1" step="2"/><V87/><F64/><W30/><G30/><T70/><D70/><AGARI ba="1,2" hai="9,15,16,48,53,58,61,66,70,82,84,89,109,110" machi="70" ten="30,8000,1" yaku="1,1,2,1,7,1,54,1,53,1" doraHai="132" doraHaiUra="10" who="1" fromWho="0" sc="39,-83,192,103,228,0,521,0" owari="-44,-54,295,10,228,-17,521,61" /></mjloggm>