<mjloggm ver="2.3"><GO type="97"/><UN n0="%E9%AF%89%E6%81%8B" n1="%E3%82%A6%E3%83%AB%E3%83%88%E3%83%A9%E7%AB%8B%E7%9B%B4" n2="%E5%A4%A7%E6%AD%A3%E9%BA%BB%E9%9B%80%E5%A8%98%E3%80%82" n3="%E3%83%9A%E3%83%86%E3%82%A3%E3%83%83%E3%83%88%E3%82%A8%E3%83%83%E3%82%AB" dan="13,15,14,15" rate="1915,1956,1995,2108" sx="M,M,F,F"/><TAIKYOKU oya="0"/><INIT seed="0,0,0,3,1,25" ten="250,250,250,250" oya="0" hai0="0,71,85,86,4,120,58,95,84,132,33,103,97" hai1="57,128,115,125,22,29,76,13,64,126,38,112,11" hai2="87,1,81,117,5,106,59,89,134,66,98,67,101" hai3="135,49,19,36,9,26,16,39,82,2,20,119,43"/><T34/><D71/><U37/><E76/><V130/><F1/><W6/><G119/><T110/><D120/><U88/><E57/><V12/><F117/><W50/><G135/><T72/><D132/><U48/><E64/><V70/><F70/><W83/><G19/><T91/><D0/><U129/><E48/><V62/><F134/><W122/><G122/><T118/><D4/><N who="1" m="3303" /><E38/><V18/><F5/><W63/><G63/><T96/><D118/><U54/><E54/><V53/><F130/><N who="1" m="50281" /><E88/><V131/><F131/><W75/><G50/><T23/><D58/><U102/><E102/><V40/><F40/><W78/><REACH who="3" step="1"/><G83/><REACH who="3" step="2"/><T21/><D110/><U105/><E37/><V133/><REACH who="2" step="1"/><F133/><REACH who="2" step="2"/><W111/><G111/><T7/><D7/><U74/><E115/><V30/><F30/><W116/><G116/><T8/><D34/><U99/><E112/><V104/><F104/><W107/><G107/><T124/><D33/><U46/><E105/><V17/><F17/><W123/><G123/><T65/><D124/><U69/><E29/><V68/><F68/><W41/><G41/><T32/><D32/><U77/><E69/><V100/><F100/><W90/><G90/><T44/><D103/><U73/><E125/><V10/><AGARI ba="0,2" hai="10,12,18,53,59,62,66,67,81,87,89,98,101,106" machi="10" ten="20,5200,0" yaku="1,1,0,1,7,1,53,1" doraHai="25" doraHaiUra="92" who="2" fromWho="2" sc="250,-26,250,-13,240,72,240,-13" /><INIT seed="1,0,0,2,0,69" ten="224,237,312,227" oya="1" hai0="27,107,103,126,20,36,59,65,115,34,47,84,16" hai1="50,31,18,57,15,114,124,116,83,134,24,98,29" hai2="10,55,45,72,37,5,25,135,110,19,133,23,28" hai3="1,123,17,46,63,54,85,109,53,49,42,92,71"/><U96/><E116/><V0/><F72/><W2/><G123/><T32/><D115/><U108/><E114/><V70/><F70/><W77/><G109/><T111/><D111/><U81/><E108/><V7/><F110/><W26/><G54/><T106/><D106/><U60/><E50/><V112/><F112/><W100/><G100/><T80/><D126/><U73/><E124/><V105/><F105/><W120/><G120/><T93/><D107/><U38/><E38/><V11/><F55/><W79/><G2/><T64/><D64/><N who="1" m="38927" /><E73/><V14/><F45/><W129/><G1/><T82/><D80/><N who="1" m="30795" /><E134/><V48/><F48/><W95/><G129/><T52/><D65/><U51/><E51/><V40/><F40/><W33/><G71/><T113/><D113/><U74/><E74/><V117/><F37/><W9/><G33/><T118/><D36/><U102/><E102/><V99/><F117/><W13/><G42/><T97/><D118/><U122/><E122/><V91/><F99/><N who="1" m="37929" /><E24/><V127/><F91/><N who="3" m="53359" /><G26/><T131/><D131/><U94/><E94/><V78/><F127/><W62/><G95/><T35/><D47/><U86/><E86/><V88/><F88/><W22/><G63/><T58/><REACH who="0" step="1"/><D52/><REACH who="0" step="2"/><U66/><E66/><V12/><REACH who="2" step="1"/><F78/><AGARI ba="0,1" hai="16,20,27,32,34,35,58,59,78,82,84,93,97,103" machi="78" ten="40,5200,0" yaku="1,1,2,1,54,1,53,0" doraHai="69" doraHaiUra="121" who="0" fromWho="2" sc="214,62,237,0,312,-52,227,0" /><INIT seed="2,0,0,5,3,71" ten="276,237,260,227" oya="2" hai0="56,27,126,76,62,26,108,67,65,127,48,111,47" hai1="98,107,24,129,66,122,124,30,21,17,6,121,88" hai2="69,53,34,128,31,58,51,45,82,102,41,81,89" hai3="16,94,60,13,37,1,57,79,49,3,29,75,19"/><V117/><F117/><W54/><G29/><T32/><D76/><U70/><E6/><V36/><F102/><W77/><G19/><T110/><D32/><U97/><E124/><N who="0" m="47657" /><D26/><U18/><E129/><V14/><F128/><W133/><G133/><T72/><D72/><U46/><E66/><V118/><F118/><W0/><G75/><T28/><D28/><U106/><E70/><V64/><F31/><W91/><G37/><T50/><D27/><U114/><E114/><V83/><F14/><W113/><G60/><N who="0" m="38023" /><D47/><U33/><E46/><V55/><F34/><W11/><REACH who="3" step="1"/><G113/><REACH who="3" step="2"/><T135/><D135/><U15/><E18/><V7/><F7/><W40/><G40/><T9/><D9/><U38/><E38/><V95/><F69/><AGARI ba="0,1" hai="48,50,62,67,69,108,110,111" m="38023,47657" machi="69" ten="40,8000,1" yaku="14,1,18,1,34,2" doraHai="71" who="0" fromWho="2" sc="276,90,237,0,260,-80,217,0" /><INIT seed="3,0,0,1,0,31" ten="366,237,180,217" oya="3" hai0="87,9,95,77,105,135,103,86,16,11,109,5,64" hai1="96,49,4,94,76,70,90,131,40,15,28,91,116" hai2="110,36,19,108,35,84,73,67,53,30,21,101,6" hai3="43,126,13,7,121,23,89,81,79,122,61,26,20"/><W55/><G126/><T3/><D3/><U50/><E70/><V42/><F73/><W125/><G125/><T118/><D118/><U111/><E111/><V128/><F101/><W74/><G43/><T48/><D109/><N who="2" m="42090" /><F6/><W124/><G124/><T54/><D105/><U2/><E131/><V38/><F67/><W82/><G82/><T1/><D64/><U134/><E134/><V59/><F42/><W78/><G78/><T12/><D135/><U47/><E2/><V22/><F128/><W18/><G89/><T107/><D107/><U92/><E76/><V8/><F8/><W132/><G132/><T52/><D77/><U63/><E63/><N who="2" m="36335" /><F84/><W80/><G7/><T99/><D54/><U104/><E104/><V88/><F19/><W83/><G121/><T129/><D129/><U45/><E116/><V98/><F38/><W58/><REACH who="3" step="1"/><G122/><REACH who="3" step="2"/><T130/><D130/><U85/><E40/><V0/><F36/><W68/><G68/><T41/><D41/><U133/><E133/><V72/><F72/><W119/><G119/><T17/><D17/><AGARI ba="0,1" hai="13,17,18,20,23,26,55,58,61,74,79,80,81,83" machi="17" ten="30,2900,0" yaku="1,1,7,1,53,0" doraHai="31" doraHaiUra="100" who="3" fromWho="0" sc="366,-29,237,0,180,0,207,39" /><INIT seed="3,1,0,1,2,23" ten="337,237,180,246" oya="3" hai0="39,46,42,95,50,115,71,91,132,41,122,75,125" hai1="16,74,73,43,24,58,72,114,92,51,15,60,52" hai2="107,59,9,127,29,130,37,86,113,128,121,88,87" hai3="135,11,93,20,66,61,104,67,123,97,126,1,112"/><W19/><G123/><T47/><D122/><U21/><E114/><V40/><F121/><W68/><G112/><T109/><D115/><U48/><E43/><V96/><F113/><W17/><G104/><T36/><D132/><U108/><E108/><V4/><F127/><W120/><G120/><T8/><D125/><U44/><E44/><V7/><F7/><W76/><G126/><T101/><D109/><U30/><REACH who="1" step="1"/><E92/><REACH who="1" step="2"/><V64/><F40/><W54/><G135/><T106/><D42/><U5/><E5/><V129/><F37/><W28/><G68/><T78/><D39/><U18/><E18/><V100/><F29/><W55/><G28/><T133/><D36/><U45/><E45/><V117/><F117/><W33/><G19/><T79/><D41/><U83/><E83/><V22/><F22/><W103/><G33/><T89/><D47/><U31/><E31/><V99/><F99/><W32/><G32/><T82/><D46/><U12/><E12/><V57/><F64/><N who="3" m="24619" /><G1/><T26/><D95/><U34/><AGARI ba="1,1" hai="15,16,21,24,30,34,48,51,52,58,60,72,73,74" machi="34" ten="30,8000,1" yaku="1,1,0,1,52,1,54,2,53,0" doraHai="23" doraHaiUra="134" who="1" fromWho="1" sc="337,-21,227,93,180,-21,246,-41" owari="316,12,320,41,159,-34,205,-19" /></mjloggm>