<mjloggm ver="2.3"><GO type="137"/><UN n0="%63%79%6F%6E%70%69" n1="%6B%69%6E%6E%65%6E%6E" n2="%E3%83%AB%E3%83%B3%E3%83%A1%E3%83%8B%E3%82%B2" n3="%E3%82%A6%E3%83%AB%E3%83%88%E3%83%A9%E7%AB%8B%E7%9B%B4" dan="12,12,12,10" rate="1862,1646,1797,1760" sx="M,M,M,M"/><TAIKYOKU oya="0"/><INIT seed="0,0,0,4,4,81" ten="250,250,250,250" oya="0" hai0="79,106,65,124,2,53,7,97,11,58,44,115,135" hai1="24,30,74,43,122,99,118,17,8,3,88,35,25" hai2="12,41,57,0,123,111,19,59,26,67,73,113,82" hai3="28,69,95,34,84,4,14,85,126,42,89,92,50" shuffle="mt19937ar,CD2B4E91,99750952,D707CD3D,5EBD78AF,3076680C,A218B15E,CDA47A89,C9A0305C"/><T55/><D115/><U104/><E74/><V48/><F0/><W27/><G69/><T102/><D135/><U6/><E43/><V110/><F113/><W37/><G37/><T72/><D124/><U54/><E122/><V40/><F123/><W5/><G126/><T70/><D70/><U75/><E75/><V23/><F67/><W129/><G129/><T61/><D79/><U66/><E118/><V45/><F41/><W33/><G33/><T107/><D72/><U117/><E117/><V16/><F73/><W103/><G103/><T10/><D107/><U31/><E66/><V51/><F51/><W39/><G39/><T91/><D44/><U47/><E104/><V114/><F114/><W60/><G60/><T112/><D112/><U38/><E38/><V116/><F116/><W29/><G29/><T20/><D11/><U62/><E47/><V77/><F82/><W15/><G50/><T134/><D134/><U32/><E54/><V78/><F78/><W83/><G42/><T119/><D119/><U96/><E62/><V87/><F77/><W128/><G128/><T133/><D133/><U120/><E120/><V68/><F68/><W36/><G36/><T18/><D91/><U52/><E52/><V132/><F132/><W130/><G130/><T127/><D127/><U90/><E17/><V49/><F49/><W121/><G121/><T76/><D76/><U100/><E100/><V105/><F105/><W125/><G125/><T109/><D109/><N who="2" m="41482" /><F87/><W64/><G64/><T108/><D108/><U56/><E56/><V80/><F80/><W94/><G85/><RYUUKYOKU ba="0,0" sc="250,0,250,0,250,0,250,0" hai0="2,7,10,18,20,53,55,58,61,65,97,102,106" hai1="3,6,8,24,25,30,31,32,35,88,90,96,99" hai2="12,16,19,23,26,40,45,48,57,59" hai3="4,5,14,15,27,28,34,83,84,89,92,94,95" /><INIT seed="0,1,0,2,4,133" ten="250,250,250,250" oya="0" hai0="131,14,115,81,105,29,84,34,15,125,32,51,18" hai1="101,70,52,97,135,75,127,24,19,43,92,132,27" hai2="26,87,114,104,119,55,11,17,47,44,0,129,71" hai3="16,121,112,58,88,128,23,56,3,90,107,39,91" shuffle="mt19937ar,5E12025C,1F9BA138,ED58C3F5,DC77C5C7,6D698D8B,390DF408,F3595AC9,99E17D9E"/><T96/><D115/><U54/><E75/><V35/><F71/><W106/><G3/><T65/><D65/><U22/><E70/><V98/><F114/><W83/><G39/><T2/><D15/><U130/><E130/><V4/><F119/><W85/><G112/><T73/><D73/><U99/><E43/><V117/><F117/><W1/><G1/><T68/><D68/><U134/><E27/><V94/><F104/><W21/><G121/><T67/><D67/><U9/><E9/><V10/><F129/><W30/><G128/><T63/><D63/><U31/><E31/><V33/><F87/><W79/><G106/><T109/><D2/><U100/><E127/><V122/><F122/><W76/><G107/><T111/><D29/><U12/><E12/><V46/><F55/><W62/><G76/><T48/><D96/><U36/><REACH who="1" step="1"/><E36/><REACH who="1" step="2"/><V113/><F113/><W95/><G30/><T123/><D131/><U118/><E118/><V5/><F11/><W28/><G28/><T93/><D123/><U86/><E86/><V61/><F5/><W45/><G23/><T8/><D32/><U89/><E89/><N who="2" m="55631" /><F35/><W7/><G85/><T42/><D34/><U50/><E50/><V102/><F61/><W120/><G62/><T41/><D51/><U40/><E40/><V25/><F33/><W126/><G120/><T124/><D48/><U37/><E37/><V59/><F17/><W78/><G16/><T116/><D116/><U20/><E20/><V108/><F26/><W38/><G21/><T77/><D42/><U53/><E53/><V66/><F25/><RYUUKYOKU ba="1,1" sc="250,-10,240,30,250,-10,250,-10" hai1="19,22,24,52,54,92,97,99,100,101,132,134,135" /><INIT seed="1,2,1,4,5,39" ten="240,270,240,240" oya="1" hai0="82,92,58,102,113,131,33,96,90,73,57,87,104" hai1="83,53,100,55,38,46,50,62,41,45,17,69,115" hai2="93,101,34,133,0,13,32,106,119,77,49,105,11" hai3="98,30,28,37,66,40,47,103,79,128,76,81,124" shuffle="mt19937ar,C15CCEA5,4D635B23,E8846FCD,8BBC8A5D,A2D3D40F,6F632FBD,5668F77E,7AC2F0FC"/><U21/><E115/><V42/><F0/><W75/><G124/><T71/><D33/><U112/><E112/><V36/><F36/><W121/><G121/><T35/><D35/><U126/><E100/><V122/><F122/><W78/><G128/><T51/><D71/><U64/><E83/><V7/><F119/><W111/><G111/><T123/><D113/><U120/><E120/><V5/><F34/><W91/><G66/><T127/><D123/><U63/><E126/><V74/><F32/><W2/><G79/><N who="0" m="44399" /><D127/><U70/><E21/><V22/><F5/><W94/><G78/><T43/><D131/><U110/><E17/><V9/><F9/><W29/><G2/><T31/><D31/><U61/><E110/><V1/><F1/><W8/><G8/><T24/><D24/><U6/><E6/><V52/><F22/><W117/><G117/><T4/><D4/><U25/><E25/><V99/><F105/><W19/><G19/><T14/><D14/><U67/><E55/><V89/><F106/><W44/><G44/><AGARI ba="2,1" hai="43,44,51,57,58,87,90,92,96,102,104" m="44399" machi="44" ten="30,2000,0" yaku="24,1,52,1" doraHai="39" who="0" fromWho="3" sc="240,36,270,0,240,0,240,-26" /><INIT seed="2,0,0,4,5,61" ten="276,270,240,214" oya="2" hai0="106,111,13,7,86,35,129,116,15,37,34,11,14" hai1="125,119,19,127,52,47,41,99,122,112,103,117,21" hai2="60,118,40,132,45,64,120,42,28,36,131,66,43" hai3="54,24,46,57,101,48,75,50,126,74,93,107,51" shuffle="mt19937ar,DB916692,AB7F9AEC,B7714E50,838BFB52,9612BAAF,948717A9,983FC0C1,F0DB3DD8"/><V33/><F33/><N who="0" m="12298" /><D37/><U9/><E112/><V53/><F28/><W12/><G107/><T92/><D106/><U85/><E85/><V62/><F120/><W18/><G75/><T97/><D86/><U114/><E114/><V55/><F118/><W94/><G74/><T95/><D97/><U38/><E9/><V79/><F79/><W76/><G76/><T10/><D116/><U5/><E5/><V110/><F132/><W67/><G24/><T23/><D92/><N who="3" m="35433" /><G101/><T71/><D95/><U20/><E103/><V63/><F131/><W16/><G18/><N who="0" m="10703" /><D71/><U77/><E99/><V123/><F123/><W3/><G3/><T0/><D111/><U100/><E100/><V130/><F130/><W49/><G126/><N who="1" m="48138" /><E21/><V1/><F1/><W87/><G87/><T83/><D83/><U105/><E105/><V26/><F26/><W39/><G39/><T27/><D129/><U65/><E77/><V135/><F135/><W84/><G84/><T134/><D134/><U91/><E122/><V78/><F78/><W70/><G70/><T56/><D56/><U30/><E91/><V59/><F110/><W115/><G115/><T73/><D73/><U124/><N who="1" m="48146" /><U68/><DORA hai="29" /><E30/><V81/><F81/><W44/><G67/><N who="2" m="25641" /><F36/><W121/><G121/><T88/><D88/><U109/><E109/><V4/><F4/><W96/><G96/><T133/><D133/><U89/><E89/><V80/><F80/><W17/><G17/><N who="0" m="8407" /><D27/><N who="1" m="14751" /><E52/><N who="2" m="20043" /><F45/><W128/><G128/><T25/><D25/><U113/><E113/><V104/><F104/><W6/><G6/><T102/><D102/><RYUUKYOKU ba="0,0" sc="276,0,270,0,240,0,214,0" hai0="0,7,11,15" hai1="38,41,47,65,68,117,119" hai2="40,42,43,59,60,62,63" hai3="12,16,44,46,48,49,50,51,54,57" /><INIT seed="2,1,0,5,3,52" ten="276,270,240,214" oya="2" hai0="113,69,131,79,28,65,99,123,80,77,26,102,57" hai1="87,124,35,106,125,44,18,5,93,64,61,81,67" hai2="10,39,135,47,88,95,78,76,71,12,14,30,122" hai3="73,40,133,0,54,49,16,134,50,112,33,114,17" shuffle="mt19937ar,242C7BD4,B5CA119D,43EC8FE1,E7F24DAC,387F3208,3690C840,201FC168,7A4F45CA"/><V43/><F71/><W120/><G33/><T90/><D123/><U19/><E106/><V107/><F107/><W94/><G0/><T25/><D113/><N who="3" m="43625" /><G73/><T42/><D131/><U60/><E35/><V8/><F122/><W82/><G82/><T105/><D42/><U4/><E44/><V85/><F30/><W91/><G120/><T108/><D25/><U37/><E37/><V70/><F70/><W72/><G72/><T51/><D108/><U62/><E93/><V83/><F135/><N who="3" m="51723" /><G40/><T48/><D90/><U1/><E1/><V45/><F45/><W100/><G100/><T59/><D77/><U66/><E87/><V129/><F129/><W84/><G50/><T128/><D51/><U55/><E55/><V3/><F3/><W118/><G118/><T116/><D48/><U89/><E89/><V68/><F68/><W2/><G2/><T6/><D6/><N who="1" m="2667" /><E81/><V9/><REACH who="2" step="1"/><F78/><REACH who="2" step="2"/><W101/><G101/><T63/><D128/><U92/><E92/><V32/><F32/><W96/><G96/><AGARI ba="1,1" hai="8,9,10,12,14,39,43,47,76,83,85,88,95,96" machi="96" ten="40,3900,0" yaku="1,1,54,1,53,0" doraHai="52" doraHaiUra="21" who="2" fromWho="3" sc="276,0,270,0,230,52,214,-42" /><INIT seed="2,2,0,5,0,131" ten="276,270,282,172" oya="2" hai0="92,42,88,4,90,109,87,19,27,91,98,128,58" hai1="112,107,126,75,2,26,16,65,61,66,24,118,62" hai2="60,48,59,34,121,64,94,86,28,3,102,17,47" hai3="83,23,110,100,130,106,14,29,15,1,108,56,89" shuffle="mt19937ar,243260E2,BCC4424F,08101E02,BF6D376D,0925D773,8B035F09,0EF31BD3,C3201679"/><V54/><F3/><W35/><G100/><T71/><D71/><U63/><E118/><V79/><F121/><W116/><G106/><T67/><D128/><U5/><E112/><V7/><F7/><W129/><G56/><T21/><D109/><N who="3" m="42089" /><G89/><T93/><D42/><U11/><E107/><V37/><F34/><W85/><G83/><T120/><D120/><U95/><E75/><V46/><F28/><W55/><G85/><T123/><D123/><U33/><E33/><V44/><F44/><W72/><G55/><T45/><D45/><U68/><E95/><V12/><F46/><W80/><G80/><T97/><D4/><U43/><E43/><V10/><F37/><W81/><G81/><T69/><D69/><U18/><E126/><V135/><F79/><W74/><G74/><T132/><D67/><U57/><E63/><V20/><F10/><W114/><G72/><T70/><D70/><U104/><REACH who="1" step="1"/><E104/><REACH who="1" step="2"/><V50/><F50/><W25/><G116/><T36/><D36/><U6/><E6/><V125/><F125/><W82/><G82/><T32/><D32/><U38/><E38/><V127/><F127/><W124/><G124/><T8/><D87/><U115/><E115/><V53/><F86/><W77/><G114/><T103/><D58/><U78/><E78/><V96/><REACH who="2" step="1"/><F64/><REACH who="2" step="2"/><W9/><G77/><T99/><D8/><U84/><E84/><V73/><F73/><W101/><G129/><T76/><D76/><U133/><E133/><AGARI ba="2,2" hai="12,17,20,47,48,53,54,59,60,94,96,102,133,135" machi="133" ten="40,7700,0" yaku="1,1,52,2,53,0" doraHai="131" doraHaiUra="39" who="2" fromWho="1" sc="276,0,260,-83,272,103,172,0" /><INIT seed="2,3,0,4,4,95" ten="276,177,375,172" oya="2" hai0="80,38,1,81,129,91,54,131,68,66,31,96,99" hai1="88,18,37,29,134,52,34,72,14,106,26,132,47" hai2="127,62,61,32,45,102,6,10,87,79,42,49,48" hai3="86,112,122,70,65,113,74,50,15,105,97,116,118" shuffle="mt19937ar,E88C760B,F79C0A4A,847F0CCE,662F2F89,0A897489,A3F5775A,AE4F3277,5243B044"/><V4/><F32/><W98/><G65/><T133/><D38/><U83/><E72/><V114/><F114/><N who="3" m="44139" /><G70/><T69/><D133/><N who="1" m="51307" /><E106/><V53/><F127/><W46/><G74/><T43/><D43/><U104/><E104/><V71/><F4/><W24/><G105/><T64/><D1/><U111/><E111/><V28/><F28/><W27/><G86/><T63/><D31/><U130/><E130/><N who="0" m="49673" /><D54/><U35/><E37/><V2/><F71/><N who="0" m="27210" /><D63/><U40/><E40/><V119/><F119/><N who="3" m="45611" /><G15/><T67/><D91/><U121/><E121/><V89/><F79/><W78/><G78/><T90/><D90/><U125/><E125/><V9/><F102/><W7/><G7/><T44/><D44/><U58/><E47/><V22/><F22/><W82/><G82/><AGARI ba="3,0" hai="64,66,67,80,81,82,96,99" m="27210,49673" machi="82" ten="40,8000,1" yaku="28,2,19,1,52,2" doraHai="95" who="0" fromWho="3" sc="276,89,177,0,375,0,172,-89" /><INIT seed="3,0,0,1,4,46" ten="365,177,375,83" oya="3" hai0="113,49,19,64,123,114,34,99,41,29,31,125,103" hai1="45,18,127,133,23,15,54,16,50,116,132,126,68" hai2="57,76,109,37,14,52,110,87,75,58,12,118,56" hai3="100,63,107,106,101,85,130,51,59,93,2,13,43" shuffle="mt19937ar,06C384B0,28729212,E045A0DD,87663C72,E63CDEC0,0AA770F1,5864825B,C6D1C4DA"/><W0/><G130/><T81/><D123/><U98/><E68/><V39/><F75/><W10/><G106/><T25/><D125/><N who="1" m="47627" /><E98/><V48/><F118/><W40/><G107/><T3/><D3/><U11/><E116/><V4/><F4/><W62/><G0/><T61/><D31/><U92/><E92/><V102/><F102/><W74/><G74/><T89/><D19/><N who="1" m="8703" /><E23/><V30/><F30/><W20/><G2/><T111/><D81/><U119/><E119/><V73/><F73/><W33/><G33/><T35/><D89/><U115/><E115/><N who="0" m="44041" /><D35/><U82/><E82/><N who="2" m="47559" /><F39/><W129/><G129/><T83/><D83/><U27/><E27/><V1/><F37/><W7/><G20/><T134/><D111/><N who="2" m="42506" /><F1/><W71/><G71/><N who="0" m="42383" /><D134/><AGARI ba="0,0" hai="16,18,45,50,54,132,133,134" m="8703,47627" machi="134" ten="30,7700,0" yaku="20,1,18,1,52,1,54,1" doraHai="46" who="1" fromWho="0" sc="365,-77,177,77,375,0,83,0" /><INIT seed="4,0,0,2,5,113" ten="288,254,375,83" oya="0" hai0="119,4,130,26,24,71,80,125,19,2,57,9,21" hai1="50,35,55,45,111,10,115,110,95,23,36,72,91" hai2="37,28,49,70,29,90,133,11,121,75,42,25,104" hai3="129,96,7,94,124,73,18,117,47,98,44,108,78" shuffle="mt19937ar,93AD3406,B9175A37,DD7DBC89,EF5B1729,F7DBBF37,26212AE2,F23C7B9D,999C4112"/><T135/><D71/><U13/><E72/><V17/><F37/><W58/><G108/><T30/><D57/><U107/><E115/><V109/><F70/><W85/><G7/><T22/><D80/><U101/><E36/><V14/><F104/><W0/><G0/><T118/><D135/><U68/><E68/><V106/><F106/><W32/><G32/><T5/><D125/><U79/><E79/><V6/><F75/><W123/><G47/><T53/><D53/><U31/><E35/><V92/><F133/><W64/><G44/><T97/><D97/><N who="3" m="37481" /><G18/><T82/><D82/><U40/><E107/><V51/><F109/><W69/><G58/><T128/><D5/><U76/><E76/><V43/><F43/><W86/><G64/><T134/><D134/><U12/><E101/><V126/><F126/><W56/><G56/><T8/><D8/><U116/><E116/><AGARI ba="0,0" hai="2,4,9,19,21,22,24,26,30,116,118,119,128,130" machi="116" ten="40,18000,2" yaku="34,3,52,3" doraHai="113" who="0" fromWho="1" sc="288,180,254,-180,375,0,83,0" /><INIT seed="4,1,0,3,3,112" ten="468,74,375,83" oya="0" hai0="72,44,122,25,36,100,51,39,115,12,31,108,18" hai1="129,127,45,132,65,23,48,121,98,21,60,69,78" hai2="123,54,58,110,63,75,74,106,0,73,80,41,27" hai3="37,133,70,2,113,124,38,88,8,6,3,82,114" shuffle="mt19937ar,A8D770DE,AEAAE1C0,AD1DC0BB,C5C31839,1A2785CE,8268AAE4,D1255FFB,EDD946AA"/><T53/><D72/><U94/><E121/><V16/><F0/><W118/><G70/><T89/><D122/><U130/><E78/><V26/><F123/><W71/><G71/><T11/><D100/><U59/><E98/><V125/><F106/><W77/><G2/><T34/><D115/><N who="3" m="44041" /><G124/><T104/><D104/><U131/><E94/><V9/><F125/><W35/><G35/><T43/><D108/><U1/><E1/><V76/><F110/><W57/><G57/><T28/><D28/><U90/><E90/><V83/><F41/><W56/><G56/><T4/><D4/><U52/><E127/><V62/><F62/><W117/><G88/><T103/><D103/><U46/><E23/><V40/><F40/><W13/><G13/><T102/><D102/><U49/><E21/><V119/><F9/><W50/><G50/><T109/><D109/><U19/><E19/><V10/><F76/><W128/><G128/><T81/><D43/><N who="1" m="24639" /><E132/><V91/><F91/><W116/><G133/><T33/><D33/><U47/><AGARI ba="1,0" hai="46,47,49,52,59,60,65,69,129,130,131" m="24639" machi="47" ten="40,8000,1" yaku="19,1,34,2,54,1" doraHai="112" who="1" fromWho="1" sc="468,-41,74,83,375,-21,83,-21" /><INIT seed="5,0,0,3,4,48" ten="427,157,354,62" oya="1" hai0="21,4,95,80,49,131,1,97,36,18,102,122,126" hai1="104,113,69,63,16,32,25,47,61,96,84,87,103" hai2="55,91,111,129,83,29,92,14,76,33,100,67,2" hai3="31,70,127,9,10,82,52,86,20,74,23,12,116" shuffle="mt19937ar,C7085E87,C4220CFE,BEB5F8AA,82572278,B7B80470,C0F047F0,FA0E6EA8,310383E7"/><U11/><E113/><V3/><F111/><W75/><G70/><T119/><D36/><U125/><E125/><V26/><F129/><W135/><G127/><T90/><D119/><U72/><E72/><V101/><F67/><W62/><G135/><T53/><D122/><U38/><E38/><V98/><F3/><W54/><G116/><T30/><D1/><U132/><E132/><V19/><F2/><W71/><G75/><T65/><D4/><U15/><E47/><V117/><F117/><W56/><G74/><T51/><D65/><N who="1" m="41135" /><E63/><V114/><F114/><W81/><G71/><T123/><D131/><U46/><E46/><V78/><F78/><N who="3" m="46391" /><G82/><T43/><D30/><AGARI ba="0,0" hai="11,15,16,25,30,32,84,87,96,103,104" m="41135" machi="30" ten="30,2900,0" yaku="25,1,54,1" doraHai="48" who="1" fromWho="0" sc="427,-29,157,29,354,0,62,0" /><INIT seed="5,1,0,1,4,85" ten="398,186,354,62" oya="1" hai0="72,26,118,25,75,8,124,13,131,88,24,34,9" hai1="22,63,109,77,126,89,123,82,17,37,66,98,7" hai2="130,114,116,135,21,32,112,134,41,92,58,48,73" hai3="128,62,115,97,100,46,127,84,99,83,68,12,102" shuffle="mt19937ar,9F955C7B,1A6AD4D4,17DCEBE8,F3867FFD,441A75FC,D342324D,1BAA23A7,7D3AD154"/><U42/><E123/><V95/><F32/><W16/><G62/><T113/><D118/><U78/><E126/><V87/><F73/><W53/><G68/><T61/><D34/><U56/><E109/><V57/><F116/><W103/><G127/><T10/><D124/><U104/><E7/><V18/><F41/><W30/><G30/><T40/><D40/><U39/><E104/><V94/><F130/><W43/><G128/><T121/><D131/><U91/><E39/><V59/><F48/><W64/><G64/><T50/><D121/><U69/><E69/><V90/><F18/><W129/><G129/><T11/><D61/><U4/><E4/><V107/><F107/><W76/><G53/><T122/><D122/><U47/><E98/><V3/><F21/><W105/><G115/><N who="2" m="44073" /><F3/><W28/><G28/><T93/><D50/><U31/><E31/><V5/><F5/><W19/><G12/><T35/><D35/><U86/><REACH who="1" step="1"/><E78/><REACH who="1" step="2"/><V29/><F29/><W71/><G71/><T125/><D125/><U132/><E132/><AGARI ba="1,1" hai="57,58,59,87,90,92,94,95,132,134,135" m="44073" machi="132" ten="40,8000,1" yaku="20,1,15,1,11,1,52,1" doraHai="85" who="2" fromWho="1" sc="398,0,176,-83,354,93,62,0" /><INIT seed="6,0,0,4,0,117" ten="398,93,447,62" oya="2" hai0="11,76,22,18,32,123,110,85,65,121,99,89,13" hai1="1,75,51,97,125,24,128,73,46,40,62,42,57" hai2="90,92,124,82,34,101,104,116,83,111,69,81,88" hai3="74,10,120,25,68,5,41,135,28,77,103,130,72" shuffle="mt19937ar,932A0C0D,A7505B8A,AA6451A9,7DF932D5,4A6D8198,E28CC5D2,1BBA7868,38B92691"/><V119/><F34/><N who="3" m="20751" /><G41/><T132/><D76/><U29/><E1/><V19/><F69/><W56/><G56/><T102/><D32/><U39/><E128/><V9/><F9/><W67/><G103/><T98/><D110/><U129/><E129/><V38/><F38/><W15/><G15/><T96/><D65/><U114/><E114/><V30/><F30/><W105/><G105/><T86/><D132/><U33/><E125/><V64/><F64/><W84/><G84/><T60/><D60/><U37/><E97/><N who="2" m="61487" /><F19/><W16/><G16/><T134/><D134/><U107/><E107/><V6/><F6/><W108/><G108/><T112/><D112/><U2/><E2/><V0/><F0/><N who="3" m="295" /><G135/><T27/><D85/><U58/><E58/><V127/><F111/><W50/><G50/><T52/><D102/><U48/><E39/><V45/><F45/><W4/><G4/><T26/><D52/><U20/><E33/><V61/><F61/><N who="3" m="40047" /><G130/><T66/><D66/><U47/><REACH who="1" step="1"/><E37/><REACH who="1" step="2"/><V94/><F124/><W31/><G31/><T113/><D113/><U91/><E91/><N who="2" m="34859" /><F127/><W109/><G109/><T44/><D44/><U71/><E71/><V63/><F119/><W59/><G59/><T12/><D27/><U80/><E80/><V87/><F116/><W79/><G79/><T17/><REACH who="0" step="1"/><D12/><REACH who="0" step="2"/><U131/><E131/><V21/><F63/><W126/><G126/><T55/><D55/><AGARI ba="0,2" hai="20,24,29,40,42,46,47,48,51,55,57,62,73,75" machi="55" ten="30,7700,0" yaku="1,1,7,1,9,1,53,1" doraHai="117" doraHaiUra="49" who="1" fromWho="0" sc="388,-77,83,97,447,0,62,0" /><INIT seed="7,0,0,4,3,98" ten="311,180,447,62" oya="3" hai0="52,46,115,89,72,19,5,1,90,109,54,134,55" hai1="91,9,101,50,95,82,67,29,42,88,118,99,84" hai2="73,65,71,87,104,64,83,85,60,24,57,51,34" hai3="33,100,107,61,127,16,122,70,40,38,93,48,97" shuffle="mt19937ar,DF6261F6,C67E8F30,F092FA3A,F60BFFF4,AB5C27D6,B315C20D,07AD2DBA,3110E7BE"/><W58/><G122/><T28/><D72/><U96/><E118/><V39/><F39/><W35/><G127/><T2/><D109/><U126/><E67/><V68/><F73/><W75/><G75/><T125/><D5/><U15/><E29/><V69/><F85/><W59/><G70/><T114/><D19/><U130/><E126/><V7/><F7/><W102/><G38/><T45/><D125/><U10/><E50/><V62/><F34/><W112/><G112/><N who="0" m="43051" /><D28/><U66/><E66/><V76/><F24/><W47/><G59/><T103/><D103/><N who="1" m="60831" /><E42/><V37/><F104/><W116/><G116/><T121/><D121/><U108/><E108/><V110/><F110/><W14/><G107/><T36/><D36/><U26/><E26/><V0/><F37/><W94/><G94/><T13/><D13/><U6/><E130/><V106/><F106/><W128/><G128/><T120/><D120/><U117/><E117/><V8/><F51/><W78/><G78/><T49/><D49/><U17/><E6/><V11/><F0/><N who="0" m="106" /><D134/><U23/><E91/><AGARI ba="0,0" hai="45,46,52,54,55,89,90,91" m="106,43051" machi="91" ten="40,8000,1" yaku="28,2,15,1,11,1,54,1" doraHai="98" who="0" fromWho="1" sc="311,80,180,-80,447,0,62,0" owari="391,19,100,-30,447,55,62,-44" /></mjloggm>