<mjloggm ver="2.3"><GO type="193"/><UN n0="%E2%80%BB%E3%82%A4%E3%82%B1%E3%83%A1%E3%83%B3%E9%99%90%E5%AE%9A" n1="%E3%82%A6%E3%83%AB%E3%83%88%E3%83%A9%E7%AB%8B%E7%9B%B4" n2="%76%6F%78%78%78" n3="%E3%82%AF%E3%83%AD%E3%81%8F%E3%81%BE" dan="12,12,11,10" rate="1797,1768,1488,1353" sx="M,M,M,M"/><TAIKYOKU oya="0"/><INIT seed="0,0,0,1,5,82" ten="250,250,250,250" oya="0" hai0="64,46,117,5,114,49,18,22,59,65,76,80,68" hai1="106,69,23,85,7,58,132,39,51,110,84,63,77" hai2="100,2,1,124,54,35,121,135,20,42,74,122,79" hai3="40,99,32,118,16,102,33,11,8,90,38,112,4" shuffle="mt19937ar,7BA7F530,14CACAE3,B484C538,0BFAB4C1,DDA6DE98,DFDA0DF0,99F0D3AB,447321E4"/><T75/><D117/><U93/><E39/><V70/><F124/><W107/><G118/><T129/><D114/><U10/><E106/><V87/><F135/><W109/><G112/><T3/><D129/><U66/><E132/><V13/><F35/><W89/><G109/><T108/><D108/><U133/><E110/><V78/><F100/><W55/><G11/><T105/><D105/><U86/><E133/><V52/><F70/><W61/><G40/><T47/><D68/><U14/><E77/><N who="2" m="29195" /><F74/><W28/><G38/><T98/><D98/><U92/><E69/><V119/><F87/><W120/><G28/><T26/><D59/><N who="1" m="37247" /><E23/><V24/><F119/><W44/><G4/><T81/><D80/><U27/><E27/><V131/><F131/><W15/><G44/><T116/><D116/><U67/><E51/><V21/><F24/><W60/><G61/><AGARI ba="0,0" hai="7,10,14,58,61,67,84,85,86,92,93" m="37247" machi="61" ten="30,7700,0" yaku="8,1,52,3" doraHai="82" who="1" fromWho="3" sc="250,0,250,77,250,0,250,-77" /><INIT seed="1,0,0,0,0,40" ten="250,327,250,173" oya="1" hai0="43,5,41,23,110,16,64,14,37,87,56,82,127" hai1="27,69,130,20,103,12,106,78,112,125,17,135,97" hai2="92,121,48,88,50,2,129,115,111,72,8,19,90" hai3="102,11,83,47,134,124,6,86,120,96,60,91,126" shuffle="mt19937ar,02262F1C,74CB33D0,F5D3675E,89D0B5E7,83A4914F,B3C780E3,E9CB2E45,80853D1F"/><U39/><E39/><V84/><F121/><W51/><G120/><T58/><D127/><U0/><E0/><V10/><F2/><W76/><G134/><T114/><D114/><U108/><E112/><V77/><F115/><W107/><G60/><T61/><D110/><U36/><E36/><V133/><F111/><W105/><G107/><T122/><D122/><U33/><E108/><V7/><F133/><W101/><G101/><T21/><D5/><U13/><E135/><V30/><F7/><W38/><G38/><T46/><D43/><U42/><E125/><V1/><F129/><W128/><G128/><T45/><D58/><U59/><E130/><V74/><F1/><W68/><G68/><T73/><D73/><N who="2" m="28266" /><F77/><W22/><G22/><N who="0" m="8203" /><D41/><U131/><E42/><V24/><F92/><W15/><G91/><N who="2" m="34857" /><F24/><W117/><REACH who="3" step="1"/><G117/><REACH who="3" step="2"/><T75/><D37/><U99/><E131/><V62/><F62/><W4/><G4/><T32/><D75/><U79/><E69/><V25/><F25/><W18/><G18/><T65/><D32/><U89/><E33/><V71/><F19/><W67/><G67/><T119/><D65/><U57/><E17/><V109/><F71/><W132/><G132/><T104/><D104/><U94/><E27/><V3/><F109/><W55/><AGARI ba="0,1" hai="6,11,15,47,51,55,76,83,86,96,102,105,124,126" machi="55" ten="30,7900,0" yaku="1,1,0,1,52,1,53,1" doraHai="40" doraHaiUra="9" who="3" fromWho="3" sc="250,-20,327,-39,250,-20,163,89" /><INIT seed="2,0,0,4,4,7" ten="230,288,230,252" oya="2" hai0="76,126,130,6,43,20,111,8,72,109,114,97,115" hai1="91,55,71,105,94,83,75,3,68,11,41,50,49" hai2="101,70,118,15,69,34,89,120,63,29,134,33,0" hai3="66,10,74,119,22,129,37,53,135,35,80,4,42" shuffle="mt19937ar,4C13D40D,C665DFA3,668F2DB1,52977A04,D441F131,11B7B436,59DA12F1,AC1A6E05"/><V25/><F118/><W61/><G119/><T28/><D43/><U9/><E105/><V85/><F120/><W19/><G129/><T31/><D97/><U86/><E3/><V117/><F117/><W30/><G135/><T121/><D76/><U44/><E71/><V5/><F134/><W67/><G61/><T127/><D72/><U58/><E68/><V104/><F0/><W38/><G37/><T12/><D121/><U1/><E1/><V128/><F128/><W40/><G40/><T87/><D87/><N who="1" m="52607" /><E75/><V132/><F34/><W48/><G38/><T2/><D130/><U13/><E13/><V92/><F132/><W56/><G42/><T112/><D20/><U116/><E116/><V64/><F70/><W60/><G74/><T73/><D73/><U98/><E98/><V103/><F5/><W88/><G66/><T96/><D96/><U79/><AGARI ba="0,0" hai="9,11,41,44,49,50,55,58,79,83,86" m="52607" machi="79" ten="30,4000,0" yaku="8,1,52,2" doraHai="7" who="1" fromWho="1" sc="230,-10,288,40,230,-20,252,-10" /><INIT seed="3,0,0,5,3,63" ten="220,328,210,242" oya="3" hai0="51,6,2,111,88,83,21,128,65,75,68,30,18" hai1="121,9,24,124,50,108,59,27,135,97,55,58,96" hai2="120,26,52,92,132,105,60,42,7,117,70,3,103" hai3="5,131,1,14,61,40,112,133,13,12,123,134,95" shuffle="mt19937ar,4B759BFC,D0F819E8,B1ECC2DA,144C229E,7CF4B33F,FF34EE63,1A1B1984,A4292863"/><W114/><G114/><T98/><D30/><U80/><E121/><V110/><F120/><W84/><G123/><T36/><D36/><U8/><E124/><V125/><F117/><W99/><G112/><T71/><D71/><U53/><E135/><V31/><F132/><W33/><G33/><T82/><D75/><U29/><E80/><V130/><F125/><W48/><G134/><T11/><D128/><U62/><E108/><V54/><F105/><W100/><G131/><T44/><D111/><U32/><E32/><V78/><F78/><W35/><G35/><T76/><D76/><U34/><E34/><V113/><F113/><W37/><G37/><T119/><D119/><U41/><E41/><V129/><F110/><W39/><G39/><T77/><D77/><U17/><E29/><V43/><F130/><W23/><G133/><T85/><D98/><N who="1" m="37995" /><E17/><V115/><F129/><W93/><G1/><T56/><D68/><U116/><E116/><V86/><F115/><W28/><G5/><T67/><D56/><U38/><E38/><V4/><F70/><W49/><G23/><T107/><D83/><U79/><E79/><V69/><F69/><W72/><G72/><T106/><D106/><U118/><E118/><V104/><F104/><W64/><G64/><T45/><D107/><U66/><E55/><N who="2" m="21035" /><F60/><W109/><G61/><T22/><D22/><U10/><AGARI ba="0,0" hai="8,9,10,24,27,50,53,58,59,62,66" m="37995" machi="10" ten="30,2000,0" yaku="8,1,52,1" doraHai="63" who="1" fromWho="1" sc="220,-5,328,20,210,-5,242,-10" owari="215,-13,348,34,205,-19,232,-2" /></mjloggm>