<mjloggm ver="2.3"><GO type="97"/><UN n0="%61%6D%6E%65%73%69%61" n1="%E5%B8%82%E5%B7%9D%E5%AF%9B%E5%AD%90" n2="%E3%82%A6%E3%83%AB%E3%83%88%E3%83%A9%E7%AB%8B%E7%9B%B4" n3="%73%69%6E%74%65%74%73%75" dan="14,15,13,14" rate="1916,2023,1871,1929" sx="M,F,M,M"/><TAIKYOKU oya="0"/><INIT seed="0,0,0,0,3,38" ten="250,250,250,250" oya="0" hai0="88,3,78,66,36,73,57,125,60,33,90,29,134" hai1="9,119,42,72,108,116,76,97,12,50,74,45,47" hai2="11,35,129,7,127,5,93,28,85,51,25,120,130" hai3="75,20,61,98,107,15,69,68,24,2,81,53,79" shuffle="mt19937ar,160B0F1F,12A42999,7C1D1D08,D022AB28,49823B36,32BE7036,786C3BAD,4550E173"/><T46/><D125/><U56/><E108/><V86/><F51/><W89/><G15/><T71/><D134/><U22/><E22/><V92/><F120/><W63/><G2/><T16/><D3/><U105/><E56/><V112/><F112/><W32/><G32/><T23/><D29/><U100/><E47/><V54/><F54/><W67/><G53/><T133/><D33/><U37/><E37/><V122/><F122/><W26/><G20/><T8/><D8/><U21/><E21/><V59/><F59/><W95/><REACH who="3" step="1"/><G107/><REACH who="3" step="2"/><T34/><D34/><U62/><E119/><V121/><F121/><W6/><G6/><T14/><D133/><U55/><E116/><V101/><F7/><W117/><G117/><T123/><D123/><U70/><E55/><V126/><F5/><W111/><G111/><T94/><D73/><U65/><E76/><V27/><F11/><W58/><G58/><T80/><D78/><U109/><REACH who="1" step="1"/><E109/><REACH who="1" step="2"/><V115/><F35/><W114/><G114/><T99/><D57/><U132/><E132/><V13/><F115/><W106/><G106/><T10/><D23/><U52/><E52/><V49/><F28/><W18/><G18/><AGARI ba="0,2" hai="9,12,18,42,45,50,62,65,70,72,74,97,100,105" machi="18" ten="30,3900,0" yaku="1,1,7,1,52,1,53,0" doraHai="38" doraHaiUra="82" who="1" fromWho="3" sc="250,0,240,59,250,0,240,-39" /><INIT seed="1,0,0,2,4,55" ten="250,299,250,201" oya="1" hai0="95,54,72,41,133,35,50,66,93,1,13,126,106" hai1="58,132,49,119,82,34,18,37,116,84,30,0,102" hai2="29,85,27,5,77,79,107,40,61,2,47,110,67" hai3="24,20,98,97,103,92,90,91,42,43,64,117,48" shuffle="mt19937ar,962B5D85,D80795F7,1C84DC15,46098C82,FB600E61,34DCF4CC,E62DE618,36074B03"/><U121/><E37/><V63/><F107/><W113/><G113/><T94/><D1/><U21/><E0/><V51/><F110/><W53/><G117/><T114/><D106/><U96/><E121/><V105/><F105/><W80/><G64/><T8/><D35/><U16/><E132/><V81/><F5/><W100/><G80/><T134/><D72/><U38/><E34/><V118/><F2/><W52/><G48/><T122/><D114/><U10/><E10/><V65/><F118/><W9/><G9/><T89/><D66/><U135/><E38/><V57/><F85/><W19/><G19/><T26/><D26/><N who="1" m="16719" /><E135/><V22/><REACH who="2" step="1"/><F81/><REACH who="2" step="2"/><W71/><G71/><AGARI ba="0,1" hai="22,27,29,40,47,51,57,61,63,65,67,71,77,79" machi="71" ten="30,12000,2" yaku="1,1,2,1,7,1,52,1,53,2" doraHai="55" doraHaiUra="60" who="2" fromWho="3" sc="250,0,299,0,240,130,201,-120" /><INIT seed="2,0,0,0,0,26" ten="250,299,370,81" oya="2" hai0="90,68,116,80,104,130,120,25,135,51,115,83,121" hai1="23,19,16,92,65,67,33,131,82,71,41,123,70" hai2="21,17,50,14,97,81,128,1,10,112,63,69,118" hai3="61,85,62,74,6,2,108,100,3,56,66,101,57" shuffle="mt19937ar,3710DE27,D561B6FF,55E12C90,2770157F,B48E8E77,841FB0D1,8DB37EC8,EAA14147"/><V30/><F118/><W88/><G108/><T98/><D51/><U15/><E33/><V29/><F112/><W22/><G74/><T43/><D43/><U46/><E131/><V39/><F39/><W76/><G76/><T93/><D25/><U75/><E123/><V27/><F1/><W54/><G22/><T102/><D68/><U36/><E92/><V48/><F128/><W55/><G66/><T107/><D115/><U58/><E19/><V40/><F69/><W91/><G85/><N who="0" m="52431" /><D130/><U47/><E47/><N who="2" m="25703" /><F63/><W12/><G12/><T0/><D0/><U114/><E114/><V64/><F64/><W86/><G86/><T132/><D116/><U45/><E67/><V18/><F97/><W53/><G53/><T7/><D7/><U44/><E70/><V5/><F50/><W124/><REACH who="3" step="1"/><G6/><REACH who="3" step="2"/><T42/><D42/><U9/><E71/><V110/><F110/><W32/><G32/><T127/><D107/><U24/><E65/><V20/><F81/><N who="0" m="31306" /><D127/><AGARI ba="0,1" hai="2,3,54,55,56,57,61,62,88,91,100,101,124,127" machi="127" ten="25,6400,0" yaku="1,1,22,2,54,1,53,0" doraHai="26" doraHaiUra="111" who="3" fromWho="0" sc="250,-64,299,0,370,0,71,74" /><INIT seed="3,0,0,1,3,42" ten="186,299,370,145" oya="3" hai0="127,72,35,130,116,91,80,6,104,52,5,102,4" hai1="66,26,18,77,16,38,86,109,100,121,15,36,79" hai2="70,119,49,93,124,98,131,82,64,45,28,54,57" hai3="92,9,135,7,111,125,56,12,63,47,123,122,110" shuffle="mt19937ar,4FE8650C,48A10228,170BD8D3,60A49D06,7F2BACFB,58D28ED9,F311647A,9CD41593"/><W94/><G135/><T96/><D116/><U62/><E109/><N who="3" m="41482" /><G125/><T118/><D35/><U39/><E121/><N who="3" m="46090" /><G47/><T30/><D118/><U50/><E100/><V83/><F119/><W20/><G20/><T48/><D127/><U51/><E26/><V120/><F131/><W97/><G97/><T126/><D130/><U31/><E31/><V27/><F124/><W53/><AGARI ba="0,0" hai="7,9,12,53,56,63,92,94" m="46090,41482" machi="53" ten="30,3000,0" yaku="14,1,10,1" doraHai="42" who="3" fromWho="3" sc="186,-10,299,-10,370,-10,145,30" /><INIT seed="3,1,0,5,4,128" ten="176,289,360,175" oya="3" hai0="53,21,77,31,60,39,0,108,23,84,47,73,26" hai1="127,76,9,126,74,91,42,122,117,17,102,4,27" hai2="85,2,75,32,130,6,79,90,112,64,118,63,120" hai3="15,30,44,99,69,34,54,48,111,100,11,88,10" shuffle="mt19937ar,2CD4F41E,414340A9,5F96A310,022B9992,D3109223,2B1F6376,5A3A2D97,652AE942"/><W3/><G69/><T98/><D0/><U35/><E102/><V29/><F112/><W87/><G111/><T110/><D73/><U59/><E42/><V38/><F38/><W134/><G134/><T96/><D98/><U55/><E91/><V109/><F109/><N who="0" m="42090" /><D96/><U123/><E117/><V19/><F19/><W78/><G78/><T86/><D77/><U95/><E95/><V107/><F120/><W129/><G129/><T132/><D132/><U25/><E76/><V33/><F107/><W97/><G3/><T12/><D12/><U113/><E74/><V104/><F104/><W61/><G61/><T115/><D115/><U83/><E83/><V8/><F130/><W92/><G99/><T114/><D114/><U22/><E113/><V101/><F101/><W62/><G62/><T1/><D1/><N who="1" m="143" /><E55/><V41/><F41/><W14/><G14/><T68/><D39/><U7/><E59/><V58/><F118/><W36/><G36/><T40/><D53/><U131/><E7/><V56/><F56/><W106/><REACH who="3" step="1"/><G15/><REACH who="3" step="2"/><T43/><D60/><U65/><E131/><V37/><F37/><W133/><G133/><T125/><D68/><U103/><E123/><V20/><F79/><W80/><G80/><T5/><D43/><U67/><E122/><V94/><F75/><W24/><AGARI ba="1,1" hai="10,11,24,30,34,44,48,54,87,88,92,97,100,106" machi="24" ten="30,11700,0" yaku="1,1,0,1,54,1,53,1" doraHai="128" doraHaiUra="51" who="3" fromWho="3" sc="176,-40,289,-40,360,-40,165,130" /><INIT seed="3,2,0,4,5,81" ten="136,249,320,295" oya="3" hai0="59,91,82,66,115,8,107,99,20,65,88,121,18" hai1="50,22,3,63,134,40,7,86,33,105,51,106,12" hai2="70,126,116,28,2,68,119,93,120,75,117,39,89" hai3="58,76,9,42,23,96,62,128,47,24,38,80,61" shuffle="mt19937ar,6632AC37,B447D164,68B1C139,CE20E0AF,C2281F63,512E9117,DF5C4BF8,97D8CE5B"/><W41/><G128/><T85/><D121/><U90/><E33/><V104/><F104/><W48/><G9/><T49/><D115/><U129/><E134/><V14/><F2/><W109/><G109/><T32/><D32/><U43/><E3/><V122/><F75/><W67/><G96/><T52/><D8/><N who="1" m="4127" /><E106/><V27/><F39/><W103/><G103/><T95/><REACH who="0" step="1"/><D107/><REACH who="0" step="2"/><U30/><E105/><V6/><F122/><W36/><G41/><N who="1" m="15946" /><E129/><V124/><F120/><W131/><G131/><T97/><D97/><U25/><E63/><V35/><F119/><W15/><G62/><T78/><D78/><U29/><E29/><V98/><F117/><W44/><G38/><T127/><D127/><U113/><E113/><V45/><F116/><W79/><G79/><T111/><D111/><U84/><E90/><V135/><F126/><W133/><G133/><T94/><D94/><U31/><E30/><V114/><F124/><W13/><G36/><T83/><D83/><U21/><E21/><V19/><F135/><W5/><G5/><T100/><D100/><U0/><E0/><V60/><F114/><W71/><G71/><T73/><D73/><U55/><E51/><V37/><F37/><W1/><G1/><T87/><D87/><U17/><E31/><V130/><F68/><W101/><G101/><T69/><D69/><U112/><E112/><V125/><F70/><W56/><G48/><T108/><D108/><U53/><E50/><V92/><F125/><W77/><G42/><T57/><D57/><U26/><E26/><AGARI ba="2,1" hai="18,20,26,49,52,59,65,66,82,85,88,91,95,99" machi="26" ten="30,12000,2" yaku="1,1,7,1,8,1,52,1,54,2,53,0" doraHai="81" doraHaiUra="11" who="0" fromWho="1" sc="126,136,249,-126,320,0,295,0" owari="262,-9,123,-28,320,32,295,5" /></mjloggm>