<mjloggm ver="2.3"><GO type="41"/><UN n0="%E3%82%A6%E3%83%AB%E3%83%88%E3%83%A9%E7%AB%8B%E7%9B%B4" n1="%34%2F%35" n2="%E7%8C%AB%E7%8B%A9%E3%82%8A%E5%B0%82%E7%94%A8" n3="%E8%BB%92%E4%B8%8B%E4%B8%89%E5%AF%B8%E5%B8%AB" dan="14,15,14,13" rate="1906,1973,1856,1837" sx="M,M,M,M"/><TAIKYOKU oya="0"/><INIT seed="0,0,0,4,0,94" ten="250,250,250,250" oya="0" hai0="107,128,18,81,125,44,83,30,7,19,31,86,134" hai1="45,119,121,95,59,123,67,109,82,2,84,98,60" hai2="126,20,4,79,10,122,23,50,6,96,110,106,34" hai3="115,124,116,71,135,3,32,64,113,130,26,101,43"/><T70/><D70/><U46/><E119/><V75/><F122/><W52/><G3/><T13/><D107/><U38/><E2/><V0/><F34/><W33/><G116/><T56/><D125/><U76/><E109/><V88/><F110/><W12/><G124/><T15/><D128/><U28/><E28/><V108/><F108/><W57/><G43/><T22/><D7/><U97/><E95/><V21/><F126/><W99/><G130/><T118/><D118/><U1/><E1/><V89/><F6/><W80/><G80/><T54/><D44/><U91/><E76/><V78/><F50/><W131/><G12/><T85/><D134/><U36/><E36/><V49/><F49/><W73/><G73/><T9/><D56/><U47/><REACH who="1" step="1"/><E38/><REACH who="1" step="2"/><V92/><F106/><N who="3" m="63807" /><G131/><T25/><D81/><U16/><E16/><V27/><F79/><W48/><G135/><T62/><D83/><U29/><E29/><V90/><F78/><W42/><G33/><T11/><D31/><U17/><E17/><V114/><F75/><W120/><G120/><AGARI ba="0,1" hai="45,46,47,59,60,67,82,84,91,97,98,120,121,123" machi="120" ten="40,5200,0" yaku="1,1,52,2,53,0" doraHai="94" doraHaiUra="133" who="1" fromWho="3" sc="250,0,240,62,250,0,250,-52" /><INIT seed="1,0,0,2,4,36" ten="250,302,250,198" oya="1" hai0="109,31,106,122,16,27,24,41,87,81,21,35,46" hai1="102,76,64,82,124,78,79,3,94,120,59,52,55" hai2="97,121,5,83,8,117,129,72,104,114,26,100,99" hai3="111,1,133,128,19,13,119,42,33,95,48,14,28"/><U103/><E120/><V4/><F121/><W115/><G115/><T92/><D106/><U25/><E3/><V40/><F117/><W112/><G112/><T11/><D122/><U6/><E6/><V12/><F4/><W123/><G123/><T135/><D135/><U29/><E82/><V57/><F99/><W50/><G119/><T45/><D11/><U37/><E37/><V17/><F129/><W132/><G1/><T130/><D130/><U70/><E70/><V58/><F114/><W116/><G116/><T51/><D109/><U69/><E69/><V84/><F72/><W131/><G95/><T125/><D125/><U9/><E9/><V134/><F134/><N who="3" m="51819" /><G111/><T23/><D92/><U89/><E64/><V0/><F26/><N who="3" m="18583" /><G50/><T65/><D65/><U86/><E124/><V7/><F5/><W15/><G19/><T2/><D2/><U30/><E55/><V61/><F61/><W88/><G88/><N who="0" m="51311" /><D35/><U108/><E108/><V32/><F32/><W54/><G54/><T90/><D90/><U93/><E93/><V39/><F7/><W101/><G101/><N who="1" m="38410" /><E25/><V77/><REACH who="2" step="1"/><F0/><REACH who="2" step="2"/><W118/><G118/><T56/><D45/><AGARI ba="0,1" hai="8,12,17,39,40,45,57,58,77,83,84,97,100,104" machi="45" ten="40,5200,0" yaku="1,1,2,1,52,1,53,0" doraHai="36" doraHaiUra="113" who="2" fromWho="0" sc="250,-52,302,0,240,62,198,0" /><AGARI ba="0,0" hai="13,14,15,42,45,48,128,131" m="18583,51819" machi="45" ten="40,2600,0" yaku="20,1,52,1" doraHai="36" who="3" fromWho="0" sc="198,-26,302,0,302,0,198,26" /><INIT seed="2,0,0,0,3,92" ten="172,302,302,224" oya="2" hai0="63,3,103,65,131,38,56,104,24,94,111,72,8" hai1="5,88,89,66,76,110,99,4,51,25,69,90,113" hai2="26,81,98,100,77,102,57,78,93,59,15,53,130" hai3="129,134,87,79,109,35,27,122,107,40,7,33,60"/><V62/><F130/><W96/><G122/><T23/><D104/><U54/><E113/><V42/><F42/><W117/><G117/><T1/><D72/><U68/><E76/><V36/><F36/><W48/><G129/><T46/><D131/><U2/><E110/><V95/><F26/><W61/><G109/><T67/><D111/><U28/><E99/><N who="2" m="59503" /><F15/><W127/><G134/><T64/><D38/><U9/><E66/><N who="2" m="39247" /><F81/><W97/><G107/><T39/><D3/><U82/><E82/><V50/><AGARI ba="0,0" hai="50,53,59,77,78,95,98,102" m="39247,59503" machi="50" ten="30,6000,0" yaku="8,1,52,2" doraHai="92" who="2" fromWho="2" sc="172,-20,302,-20,302,60,224,-20" /><INIT seed="2,1,0,0,1,48" ten="152,282,362,204" oya="2" hai0="125,58,80,89,25,11,24,17,104,52,84,5,91" hai1="128,12,55,30,81,49,68,45,103,27,130,41,82" hai2="19,62,101,72,40,65,129,78,61,53,56,94,133" hai3="118,47,50,3,4,18,74,134,66,21,102,44,32"/><V122/><F122/><W90/><G118/><T96/><D104/><U92/><E68/><V57/><F133/><W79/><G32/><T13/><D125/><U31/><E12/><V42/><F129/><N who="1" m="49769" /><E41/><N who="2" m="15979" /><F72/><W115/><G115/><T87/><D96/><N who="1" m="59783" /><E31/><V132/><F78/><W6/><G134/><T100/><D100/><U120/><E120/><V71/><F71/><W112/><G112/><T127/><D127/><U59/><E59/><V14/><F132/><W51/><G3/><T111/><D111/><U1/><E1/><V43/><F101/><W33/><G33/><AGARI ba="1,0" hai="27,30,33,45,49,55,81,82" m="59783,49769" machi="33" ten="30,2000,0" yaku="19,1,52,1" doraHai="48" who="1" fromWho="3" sc="152,0,282,23,362,0,204,-23" /><INIT seed="3,0,0,4,1,64" ten="152,305,362,181" oya="3" hai0="113,18,128,88,50,60,87,14,20,112,116,57,85" hai1="79,40,49,5,94,8,55,135,63,124,72,126,111" hai2="39,78,45,58,130,42,62,43,66,11,127,51,28" hai3="91,75,109,19,15,53,68,99,70,41,56,101,131"/><W31/><G75/><T103/><D116/><U33/><E33/><V4/><F28/><W24/><G131/><T52/><D103/><U59/><E111/><V82/><F130/><W115/><G115/><T76/><D128/><U47/><E135/><V81/><F127/><N who="1" m="48681" /><E94/><V106/><F106/><W9/><G41/><T34/><D34/><U71/><E79/><V84/><F81/><W27/><G109/><T36/><D36/><N who="1" m="21895" /><E72/><V32/><F32/><W96/><G27/><T93/><REACH who="0" step="1"/><D60/><REACH who="0" step="2"/><U89/><E63/><V90/><F39/><W83/><G101/><T104/><D104/><U30/><E89/><V97/><F90/><W67/><G67/><T95/><D95/><U123/><E123/><V86/><F97/><W23/><G99/><T69/><D69/><U100/><E100/><V108/><F108/><W65/><G65/><T38/><D38/><U80/><E71/><V22/><F82/><AGARI ba="0,1" hai="14,18,20,50,52,57,76,82,85,87,88,93,112,113" machi="82" ten="40,8000,1" yaku="1,1,25,2,54,2,53,0" doraHai="64" doraHaiUra="3" who="0" fromWho="2" sc="142,90,305,0,362,-80,181,0" /><INIT seed="4,0,0,5,2,21" ten="232,305,282,181" oya="0" hai0="64,13,61,19,40,47,35,51,14,69,26,66,32" hai1="87,10,30,29,0,37,55,73,116,104,112,75,132" hai2="6,121,1,54,97,27,38,80,65,11,34,133,53" hai3="42,39,15,52,43,109,78,83,8,115,59,122,7"/><T82/><D66/><U9/><E87/><V124/><F38/><W113/><G122/><T84/><D32/><U46/><E55/><V36/><F36/><W117/><G117/><T2/><D2/><U33/><E46/><V91/><F121/><W58/><G58/><T125/><D125/><U118/><E37/><V70/><F124/><W108/><G39/><T134/><D134/><U111/><E104/><V85/><F133/><W56/><G56/><T50/><D50/><U131/><E33/><V45/><F45/><W49/><G83/><T12/><D35/><U4/><E4/><V72/><F72/><W100/><G100/><T114/><D114/><N who="3" m="43529" /><G78/><T99/><D99/><U129/><E112/><V41/><F41/><AGARI ba="0,0" hai="7,8,15,41,42,43,49,52,59,108,109" m="43529" machi="41" ten="30,2000,0" yaku="15,1,54,1" doraHai="21" who="3" fromWho="2" sc="232,0,305,0,282,-20,181,20" /><INIT seed="5,0,0,3,3,121" ten="232,305,262,201" oya="1" hai0="9,84,96,112,59,50,120,5,60,127,24,29,20" hai1="55,119,133,1,15,85,0,10,128,16,72,13,31" hai2="2,19,79,28,22,68,82,6,75,117,90,95,89" hai3="35,109,98,62,106,66,70,43,30,47,33,93,14"/><U46/><E119/><V69/><F117/><W12/><G33/><T99/><D120/><U115/><E72/><V25/><F2/><W122/><G122/><T40/><D127/><U18/><E115/><V3/><F3/><W17/><G17/><T78/><D112/><U94/><E133/><V58/><F6/><W108/><G93/><T103/><D84/><U51/><E128/><V131/><F131/><W100/><G12/><T81/><D81/><U4/><E31/><V48/><F28/><W71/><G71/><T34/><D78/><U67/><E67/><V26/><F26/><N who="3" m="18903" /><G14/><T27/><D9/><U129/><E129/><V52/><REACH who="2" step="1"/><F90/><REACH who="2" step="2"/><W49/><AGARI ba="0,1" hai="43,47,49,62,66,70,98,100,106,108,109" m="18903" machi="49" ten="30,4000,0" yaku="25,1,52,2" doraHai="121" who="3" fromWho="3" sc="232,-10,305,-20,252,-10,201,50" /><INIT seed="6,0,0,5,3,88" ten="222,285,242,251" oya="2" hai0="134,71,127,15,121,74,133,61,24,64,110,48,94" hai1="60,22,3,93,116,126,11,103,25,123,52,54,114" hai2="27,102,17,39,92,119,84,47,31,56,38,99,100" hai3="81,43,96,77,33,98,113,29,4,63,13,115,36"/><V105/><F119/><W5/><G33/><T42/><D74/><U6/><E116/><V87/><F17/><W91/><G29/><T58/><D24/><U109/><E109/><V55/><F47/><W97/><G63/><T7/><D7/><U106/><E106/><V37/><F102/><W112/><G43/><T1/><D15/><U20/><E114/><V83/><F105/><W35/><G36/><T70/><D1/><U128/><E128/><V72/><F72/><W89/><G35/><T10/><D10/><U86/><E126/><V2/><F2/><W23/><G23/><T73/><D73/><U122/><E60/><V129/><F129/><W30/><G30/><T45/><D110/><U117/><E117/><V78/><F87/><W51/><G51/><T26/><D26/><U66/><E66/><V41/><F41/><W95/><G13/><T75/><D75/><U40/><E40/><V53/><REACH who="2" step="1"/><F56/><REACH who="2" step="2"/><W28/><G28/><T135/><D121/><U131/><E86/><V0/><F0/><W90/><G95/><T79/><D79/><U80/><E93/><V104/><F104/><W120/><G120/><T21/><D21/><AGARI ba="0,1" hai="21,27,31,37,38,39,53,55,78,83,84,92,99,100" machi="21" ten="40,3900,0" yaku="1,1,52,1,53,0" doraHai="88" doraHaiUra="8" who="2" fromWho="0" sc="222,-39,285,0,232,49,251,0" /><INIT seed="6,1,0,4,3,130" ten="183,285,281,251" oya="2" hai0="117,86,33,65,122,70,114,46,132,97,30,129,8" hai1="87,108,56,38,131,116,42,73,103,21,99,127,12" hai2="51,74,13,67,47,107,48,115,34,98,18,113,28" hai3="76,9,64,63,49,80,14,128,126,29,52,37,50"/><V123/><F74/><W20/><G37/><T68/><D86/><U4/><E116/><V101/><F123/><W102/><G128/><T17/><D46/><U71/><E131/><V81/><F67/><W124/><G102/><T25/><D17/><U60/><E108/><V55/><F81/><W23/><G29/><T59/><D59/><U88/><E71/><V19/><F34/><W45/><G50/><T32/><D8/><U121/><E73/><V111/><F28/><W61/><G124/><T54/><D54/><U75/><E75/><V95/><F107/><W106/><G106/><T24/><D97/><U83/><E127/><V96/><F96/><W77/><G126/><T100/><D100/><U26/><E121/><V93/><F93/><W41/><G64/><T3/><D65/><U89/><E89/><V94/><F94/><W6/><G77/><T40/><D40/><U118/><E118/><V133/><F111/><W39/><G39/><T10/><D122/><U57/><E38/><V90/><F51/><W16/><G41/><T78/><D117/><U110/><E110/><V58/><F101/><W27/><G23/><T7/><D129/><U44/><E44/><V79/><F79/><W135/><G135/><T120/><D78/><U66/><E42/><N who="2" m="24695" /><F133/><W0/><G0/><T36/><D36/><U5/><E56/><V119/><F119/><W43/><G43/><T11/><D120/><U125/><E12/><V92/><F13/><W134/><G134/><T72/><D132/><U31/><E125/><V69/><F69/><N who="0" m="26730" /><D72/><AGARI ba="1,0" hai="6,9,14,16,20,27,45,49,52,61,63,72,76,80" machi="72" ten="30,3900,0" yaku="7,1,54,2" doraHai="130" who="3" fromWho="0" sc="183,-42,285,0,281,0,251,42" /><INIT seed="7,0,0,3,3,92" ten="141,285,281,293" oya="3" hai0="67,107,37,91,124,31,71,49,4,96,104,11,13" hai1="28,116,14,121,129,97,98,57,41,118,80,40,58" hai2="21,111,85,53,101,74,87,24,35,15,115,99,7" hai3="55,83,50,34,134,131,25,82,56,65,29,54,70"/><W22/><G134/><T62/><D37/><U1/><E121/><V88/><F74/><W75/><G34/><T103/><D124/><U113/><E1/><V52/><F111/><W110/><G110/><T114/><D114/><U66/><E28/><V112/><F35/><W135/><G135/><T128/><D128/><U16/><E113/><N who="2" m="43595" /><F7/><W8/><G131/><T3/><D13/><U108/><E108/><V89/><F15/><W102/><G75/><T120/><D120/><U45/><E80/><N who="2" m="49191" /><F87/><W36/><G36/><T123/><D123/><U109/><E109/><V117/><F117/><N who="1" m="45161" /><E129/><V130/><F89/><W86/><G102/><T46/><D91/><U94/><E94/><N who="2" m="58615" /><F130/><W69/><G8/><T0/><D31/><AGARI ba="0,0" hai="21,24,31,52,53" m="58615,49191,43595" machi="31" ten="30,7700,0" yaku="15,1,52,1,54,2" doraHai="92" who="2" fromWho="0" sc="141,-77,285,0,281,77,293,0" owari="64,-44,285,-11,358,46,293,9" /></mjloggm>