<mjloggm ver="2.3"><GO type="97"/><UN n0="%E3%83%8C%E3%82%AD%E3%83%8C%E3%82%AD%E3%83%8C%E3%83%83%E3%82%AD%E3%83%BC" n1="%E3%83%90%E3%83%B3%E3%83%86%E3%83%AA%E3%83%B3" n2="%E3%82%A6%E3%83%AB%E3%83%88%E3%83%A9%E7%AB%8B%E7%9B%B4" n3="%64%65%63%5F%73%6F%72%64" dan="14,14,13,15" rate="1971,1982,1806,1996" sx="M,M,M,M"/><TAIKYOKU oya="0"/><INIT seed="0,0,0,5,1,43" ten="250,250,250,250" oya="0" hai0="100,2,6,86,76,39,57,83,77,24,4,91,106" hai1="38,46,103,21,111,108,134,96,93,85,133,40,8" hai2="92,62,36,26,128,30,122,89,60,31,37,53,90" hai3="79,19,33,120,72,73,126,95,88,82,110,99,51" shuffle="mt19937ar,2169F896,3CC815D9,15BD1A33,B617FCC1,393E5F21,9AD6EBC9,290C5E42,806ECEB9"/><T0/><D39/><U45/><E8/><V67/><F53/><W74/><G120/><T55/><D106/><U29/><E85/><V35/><F92/><W98/><G33/><T58/><D100/><U68/><E68/><V49/><F49/><W78/><G51/><T9/><D57/><U81/><E81/><V117/><F26/><W104/><G19/><T12/><D24/><N who="1" m="16527" /><E40/><V130/><F67/><W5/><G5/><T61/><REACH who="0" step="1"/><D4/><REACH who="0" step="2"/><U20/><E38/><V66/><F66/><W135/><G126/><T101/><D101/><U16/><E133/><V23/><F122/><W102/><G135/><T71/><D71/><U3/><E134/><V124/><F124/><W63/><G63/><T41/><D41/><U94/><E94/><V75/><F117/><W87/><G110/><N who="1" m="42026" /><E3/><AGARI ba="0,1" hai="0,2,3,6,9,12,55,58,61,76,77,83,86,91" machi="3" ten="40,2000,0" yaku="1,1,53,0" doraHai="43" doraHaiUra="112" who="0" fromWho="1" sc="240,30,250,-20,250,0,250,0" /><INIT seed="0,1,0,4,0,43" ten="270,230,250,250" oya="0" hai0="46,51,22,132,5,67,4,127,15,68,108,6,113" hai1="118,120,21,12,100,123,24,25,45,72,59,106,93" hai2="17,60,86,97,75,28,122,125,82,13,69,101,56" hai3="26,14,1,98,64,54,89,73,94,55,105,65,39" shuffle="mt19937ar,66BC6057,C2E31021,B20866B2,B5D4520C,41BEDF73,0F59DFDD,3409E7C8,FFF4011A"/><T77/><D113/><U29/><E72/><V62/><F75/><W10/><G1/><T32/><D32/><U92/><E118/><V90/><F122/><W99/><G39/><T116/><D116/><U8/><E106/><V83/><F125/><W71/><G73/><T134/><D127/><U131/><E131/><V130/><F130/><W112/><G112/><T103/><D103/><U9/><E9/><V38/><F38/><W107/><G71/><T34/><D34/><U7/><E59/><V18/><F28/><W58/><G55/><T87/><D68/><U30/><E45/><V121/><F121/><W102/><G26/><T70/><D67/><U44/><E92/><V33/><F33/><W95/><G107/><T50/><D50/><U16/><E44/><V19/><F69/><W76/><G76/><T133/><D70/><U119/><E119/><V84/><F13/><W63/><REACH who="3" step="1"/><G105/><REACH who="3" step="2"/><T96/><D133/><U85/><E120/><V88/><F56/><W11/><G11/><T0/><D134/><U115/><E123/><V57/><F57/><W78/><G78/><T81/><D132/><U110/><E115/><V129/><F129/><W79/><G79/><T20/><D0/><U3/><E3/><V74/><F74/><W128/><G128/><T111/><D15/><U53/><E25/><V114/><F114/><W35/><G35/><T52/><REACH who="0" step="1"/><D96/><REACH who="0" step="2"/><U66/><E12/><V49/><F49/><W42/><G42/><T31/><D31/><U41/><E41/><V80/><F97/><W36/><G36/><T109/><AGARI ba="1,2" hai="4,5,6,20,22,46,51,52,77,81,87,108,109,111" machi="109" ten="40,24000,3" yaku="1,1,0,1,14,1,10,1,52,1,54,1,53,3" doraHai="43" doraHaiUra="2" who="0" fromWho="0" sc="260,263,230,-81,250,-81,240,-81" /><INIT seed="0,2,0,2,1,48" ten="523,149,169,159" oya="0" hai0="116,0,93,1,105,88,32,72,84,91,76,21,49" hai1="85,78,106,8,11,96,29,66,125,79,75,43,47" hai2="89,4,2,124,114,74,33,127,18,7,77,108,41" hai3="5,59,25,20,15,112,52,10,23,129,53,111,63" shuffle="mt19937ar,0156078C,66C17A35,577A878C,B2E52639,49F35DE5,7119BD7F,C6B73086,8E146B14"/><T13/><D32/><U80/><E29/><V19/><F89/><W117/><G112/><T121/><D121/><U69/><E125/><V60/><F60/><W110/><G117/><T135/><D116/><U55/><E78/><V99/><F99/><W70/><G70/><T40/><D105/><U50/><E106/><V26/><F77/><W9/><G129/><T3/><D135/><U73/><E96/><V24/><F41/><W131/><G131/><T98/><D72/><U118/><E118/><V54/><F74/><W37/><G37/><T14/><D76/><U36/><E85/><V64/><F64/><N who="3" m="39039" /><G10/><T30/><D30/><U104/><E104/><V92/><F92/><W44/><G44/><T6/><D6/><U128/><E73/><V16/><F54/><N who="3" m="21099" /><G25/><N who="2" m="9833" /><F114/><W67/><G67/><T51/><D21/><U107/><E107/><V102/><F33/><W133/><G133/><T28/><D28/><U123/><E128/><V120/><F2/><W27/><G27/><T45/><REACH who="0" step="1"/><D51/><REACH who="0" step="2"/><U83/><E50/><V90/><F124/><W130/><G130/><T58/><D58/><U39/><E75/><V100/><F127/><W97/><G97/><T86/><D86/><U65/><E36/><V134/><F134/><W94/><G94/><AGARI ba="2,1" hai="0,1,3,13,14,40,45,49,84,88,91,93,94,98" machi="94" ten="40,7700,0" yaku="1,1,54,1,53,1" doraHai="48" doraHaiUra="95" who="0" fromWho="3" sc="513,93,149,0,169,0,159,-83" /><INIT seed="0,3,0,2,2,103" ten="606,149,169,76" oya="0" hai0="84,92,90,25,132,48,80,67,85,93,28,6,116" hai1="51,66,45,124,119,68,24,69,22,70,20,91,16" hai2="88,95,62,43,11,64,29,52,14,121,112,10,81" hai3="12,128,58,113,104,122,135,59,71,2,82,74,49" shuffle="mt19937ar,2561D26B,D91B72CD,E81806FC,7DC0057C,90A164CC,6E6F5314,02C24E32,5A429CBA"/><T38/><D38/><U87/><E119/><V3/><F121/><W36/><RYUUKYOKU type="yao9" ba="3,0" sc="606,0,149,0,169,0,76,0" hai3="2,12,36,49,58,59,71,74,82,104,113,122,128,135" /><INIT seed="0,4,0,2,2,69" ten="606,149,169,76" oya="0" hai0="94,58,23,125,76,131,123,91,28,120,106,19,111" hai1="6,20,81,119,113,1,63,62,68,18,109,35,7" hai2="98,39,135,79,134,132,10,31,36,102,124,74,8" hai3="64,104,3,89,78,13,2,116,118,55,130,121,22" shuffle="mt19937ar,4AEC1AB1,C2BA45E2,50AE5C8A,6C1B87CF,B555C147,322213C4,739095D6,75E6211B"/><T65/><D106/><U26/><E119/><V75/><F31/><W70/><G104/><T56/><D76/><U95/><E109/><V47/><F47/><W108/><G70/><T71/><D111/><U41/><E113/><V52/><F52/><W11/><G64/><T122/><D28/><U73/><E35/><V27/><F27/><W61/><G108/><T45/><D125/><U84/><E73/><N who="2" m="27659" /><F79/><W83/><G121/><T133/><D131/><U29/><E29/><V115/><F115/><W82/><G130/><T37/><D71/><U54/><E68/><V99/><F124/><W0/><G22/><T50/><D65/><U30/><E30/><V57/><F57/><W34/><G34/><T4/><D4/><U40/><E95/><N who="2" m="58719" /><F99/><W42/><G42/><T103/><D103/><U77/><E1/><V59/><F59/><W43/><G43/><T93/><D56/><N who="1" m="35095" /><E63/><V87/><F87/><W48/><G61/><T85/><D58/><U110/><E110/><V128/><F128/><W32/><G32/><T53/><D23/><U105/><E105/><V16/><F8/><W107/><G107/><T67/><D67/><U88/><E40/><V101/><F101/><W17/><G78/><T9/><D9/><U5/><E41/><V90/><F90/><AGARI ba="4,0" hai="5,6,7,18,20,26,77,81,84,88,90" m="35095" machi="90" ten="30,2000,0" yaku="8,1,54,1" doraHai="69" who="1" fromWho="2" sc="606,0,149,32,169,-32,76,0" /><INIT seed="1,0,0,0,3,116" ten="606,181,137,76" oya="1" hai0="7,21,87,83,47,57,64,33,72,9,117,121,113" hai1="109,82,101,81,84,48,41,4,86,58,34,110,37" hai2="52,29,106,67,40,70,78,42,127,95,124,92,44" hai3="63,13,59,49,55,18,15,125,30,5,6,10,28" shuffle="mt19937ar,F253E448,E90FEA24,9870C62E,8C4A1F8E,337E886A,E7D5C326,B649239E,696727B5"/><U3/><E34/><V16/><F106/><W112/><G125/><N who="2" m="48201" /><F29/><W133/><G133/><T135/><D33/><U38/><E101/><V120/><F78/><W102/><G112/><T103/><D113/><U32/><E32/><V115/><F115/><W134/><G102/><T129/><D117/><U97/><E97/><V111/><F92/><W53/><G134/><T99/><D135/><U11/><E84/><V108/><F95/><W22/><REACH who="3" step="1"/><G5/><REACH who="3" step="2"/><T26/><D103/><U76/><E81/><V27/><F111/><N who="1" m="42505" /><E58/><AGARI ba="0,1" hai="6,10,13,15,18,22,28,30,49,53,55,58,59,63" machi="58" ten="30,3900,0" yaku="1,1,7,1,8,1,53,0" doraHai="116" doraHaiUra="96" who="3" fromWho="1" sc="606,0,181,-39,137,0,66,49" /><INIT seed="2,0,0,1,1,19" ten="606,142,137,115" oya="2" hai0="10,8,50,82,117,2,114,108,65,129,85,40,73" hai1="115,132,111,43,12,51,5,32,24,122,91,94,39" hai2="14,4,125,100,3,28,104,93,88,29,123,78,53" hai3="106,7,110,41,99,68,76,107,1,60,70,130,30" shuffle="mt19937ar,79D8F912,6E1AD4C3,5A3C7260,AE8404F7,2369BD14,AC368D92,84312558,A78827C6"/><V15/><F123/><W128/><G41/><T45/><D114/><U119/><E115/><V90/><F104/><N who="3" m="39979" /><G99/><T135/><D73/><U109/><E39/><V124/><F78/><W121/><G121/><T116/><D2/><U55/><E122/><V105/><F105/><W95/><G95/><T13/><D65/><U23/><E119/><V61/><F3/><W35/><G76/><T56/><D56/><U63/><E43/><V20/><F100/><W101/><G101/><T52/><D10/><N who="1" m="4175" /><E63/><V77/><F77/><W49/><G49/><T6/><D135/><U81/><E81/><V33/><F33/><W22/><G110/><N who="1" m="41994" /><E32/><V97/><F61/><W25/><G60/><T26/><D108/><U87/><E132/><V11/><F53/><W0/><G0/><T74/><D74/><U127/><E127/><N who="2" m="48715" /><F90/><W103/><G103/><T72/><D72/><U48/><E55/><V134/><F134/><W44/><G44/><T34/><D52/><U98/><E98/><V75/><F75/><W126/><G126/><T96/><D96/><U21/><E24/><V89/><F89/><W80/><G80/><T79/><D26/><U9/><E9/><V120/><F120/><W83/><G83/><T57/><D34/><U102/><E102/><V131/><F131/><N who="3" m="50219" /><G35/><T47/><D129/><U38/><E38/><V16/><AGARI ba="0,0" hai="4,11,14,15,16,20,28,29,88,93,97" m="48715" machi="16" ten="30,11700,0" yaku="18,1,52,1,54,2" doraHai="19" who="2" fromWho="2" sc="606,-39,142,-39,137,117,115,-39" /><INIT seed="2,1,0,4,5,30" ten="567,103,254,76" oya="2" hai0="70,129,78,96,132,60,65,26,44,110,79,16,38" hai1="1,108,35,89,47,82,122,13,80,116,85,15,39" hai2="94,52,9,67,57,74,6,86,50,92,31,14,111" hai3="68,105,124,63,109,123,71,119,106,73,41,125,42" shuffle="mt19937ar,EC03FFB3,2B744C8C,FED377EA,2D985C5E,E388EDDD,68483440,FBEC1F03,83F12200"/><V90/><F74/><W117/><G73/><T121/><D121/><U98/><E116/><N who="3" m="44618" /><G63/><T114/><D114/><U91/><E1/><V37/><F37/><W12/><G12/><T93/><D132/><U134/><E134/><V45/><F111/><W72/><G72/><T135/><D135/><U97/><E108/><V29/><F67/><W2/><G109/><T113/><D110/><U36/><E47/><V22/><F45/><W104/><G2/><T59/><D113/><U43/><E43/><N who="3" m="16394" /><G123/><T55/><D129/><U77/><E122/><V128/><F128/><W133/><G133/><T107/><D107/><N who="3" m="27393" /><W8/><DORA hai="102" /><G8/><T11/><D38/><U131/><E131/><V81/><F22/><W64/><G64/><T34/><D44/><U20/><E13/><V62/><F62/><W56/><G56/><T75/><D75/><U28/><E15/><V100/><F100/><W48/><G48/><T18/><D65/><U120/><E20/><V46/><F46/><W66/><G66/><T25/><D11/><U127/><E39/><V58/><F58/><W69/><AGARI ba="1,0" hai="68,69,71,124,125" m="27393,16394,44618" machi="69" ten="60,12000,2" yaku="28,2,52,4" doraHai="30,102" who="3" fromWho="3" sc="567,-31,103,-31,254,-61,76,123" /><INIT seed="3,0,0,0,4,99" ten="536,72,193,199" oya="3" hai0="114,47,110,23,27,38,108,16,15,58,56,80,52" hai1="0,85,40,119,103,37,53,123,45,107,86,83,49" hai2="36,126,12,14,90,122,104,106,129,60,4,67,19" hai3="59,115,71,66,132,48,6,82,46,96,39,18,35" shuffle="mt19937ar,CE244BA5,E9ECEE90,337CF5B8,D9F61B4F,24F225A7,3F54284F,B4742575,99B539A4"/><W79/><G115/><T77/><D114/><U124/><E0/><V101/><F36/><W84/><G132/><T120/><D120/><U102/><E123/><V55/><F122/><W92/><G35/><T13/><D58/><U10/><E124/><V57/><F126/><W112/><G112/><T62/><D47/><U91/><E119/><V61/><F129/><W5/><G39/><T3/><D3/><U44/><E107/><V76/><F76/><W134/><G71/><T68/><D68/><U98/><E98/><V94/><F104/><W30/><G30/><T100/><D100/><U54/><E54/><V87/><F106/><W24/><G134/><T9/><D38/><U31/><E31/><V78/><F78/><W81/><G81/><T72/><REACH who="0" step="1"/><D15/><REACH who="0" step="2"/><U22/><E22/><V41/><F101/><N who="3" m="60551" /><G59/><T42/><D42/><U63/><E63/><V43/><F61/><W113/><G66/><T116/><D116/><U109/><E109/><V105/><F105/><W117/><G113/><T131/><D131/><U2/><REACH who="1" step="1"/><E86/><REACH who="1" step="2"/><V125/><F125/><W111/><G117/><T75/><D75/><U11/><E11/><N who="2" m="4199" /><F67/><W50/><G111/><T21/><D21/><AGARI ba="0,2" hai="14,19,21,41,43,55,57,60,87,90,94" m="4199" machi="21" ten="30,1000,0" yaku="8,1" doraHai="99" who="2" fromWho="0" sc="526,-10,62,0,193,30,199,0" owari="516,52,62,-34,223,-3,199,-15" /></mjloggm>