<mjloggm ver="2.3"><GO type="97"/><UN n0="%65%6E%65%63%72%65" n1="%E3%82%A6%E3%83%AB%E3%83%88%E3%83%A9%E7%AB%8B%E7%9B%B4" n2="%E3%82%89%E3%81%98%E3%81%BE%E3%82%8B" n3="%EF%BC%8A%E3%81%A9%E3%82%89%E3%81%BF%EF%BC%8A" dan="15,13,14,14" rate="1901,1857,1990,1986" sx="M,M,M,M"/><TAIKYOKU oya="0"/><INIT seed="0,0,0,3,0,114" ten="250,250,250,250" oya="0" hai0="126,91,116,46,29,52,132,71,108,57,58,4,101" hai1="68,77,131,97,39,33,64,53,22,72,23,106,122" hai2="130,12,124,28,3,128,107,111,0,113,102,62,48" hai3="79,121,60,134,9,94,78,49,21,55,47,129,14" shuffle="mt19937ar,813BB310,4CEA0754,6502B286,B93F7592,C25EA919,C53A6F04,64678447,55D9D2B9"/><T84/><D71/><U37/><E53/><V24/><F113/><W119/><G134/><T25/><D132/><U56/><E56/><V8/><F48/><W96/><G129/><T42/><D126/><U26/><E23/><V80/><F80/><W16/><G121/><T123/><D123/><U76/><E22/><V110/><F62/><W112/><G112/><T45/><D101/><U117/><E77/><V32/><F102/><W5/><G60/><T104/><D104/><U125/><E76/><V31/><F28/><W35/><G35/><T127/><D127/><U2/><E97/><V86/><F86/><W73/><G73/><T69/><D69/><U98/><E98/><V65/><F65/><W1/><REACH who="3" step="1"/><G119/><REACH who="3" step="2"/><T70/><D116/><U93/><E64/><V66/><F66/><W82/><G82/><T19/><D108/><N who="2" m="41514" /><F124/><W63/><G63/><T54/><D70/><U90/><E93/><V67/><F67/><W75/><G75/><T100/><D100/><AGARI ba="0,1" hai="1,5,9,14,16,21,47,49,55,78,79,94,96,100" machi="100" ten="30,3900,0" yaku="1,1,7,1,54,1,53,0" doraHai="114" doraHaiUra="27" who="3" fromWho="0" sc="250,-39,250,0,250,0,240,49" /><INIT seed="1,0,0,0,4,100" ten="211,250,250,289" oya="1" hai0="6,10,36,116,21,119,69,57,42,31,101,48,25" hai1="47,87,3,134,45,65,37,75,35,112,105,122,83" hai2="104,0,133,93,131,135,86,49,88,26,99,91,13" hai3="103,107,73,113,66,29,64,34,110,38,14,125,79" shuffle="mt19937ar,115F3046,70B2814E,B9381391,E5346E70,10C73F7E,93F5D83A,10CEF840,FDBE2C80"/><U30/><E75/><V124/><F0/><W15/><G113/><T24/><D69/><U43/><E122/><V114/><F13/><W120/><G120/><T54/><D101/><U89/><E112/><V5/><F5/><W132/><G38/><T11/><D25/><U94/><E3/><V80/><F114/><W2/><G2/><T4/><D4/><U123/><E123/><V44/><F26/><N who="3" m="18743" /><G79/><T61/><D36/><U46/><E134/><N who="2" m="51211" /><F44/><W72/><G132/><T32/><D32/><U127/><E127/><V22/><F22/><W68/><G66/><T52/><D42/><U62/><E30/><V59/><F49/><W84/><G84/><T71/><D71/><U55/><E35/><V56/><F59/><W67/><G67/><T70/><D70/><U28/><E28/><V115/><F56/><W97/><G110/><T39/><D39/><U78/><E105/><V60/><F60/><N who="3" m="39943" /><G125/><T27/><D27/><U63/><E65/><V16/><F16/><W111/><G111/><T17/><D17/><U129/><E129/><V126/><F131/><W76/><G73/><T85/><D85/><U130/><E130/><V82/><F115/><W7/><G7/><T58/><REACH who="0" step="1"/><D6/><REACH who="0" step="2"/><U90/><E43/><V18/><F18/><W108/><G108/><T117/><AGARI ba="0,1" hai="10,11,21,24,31,48,52,54,57,58,61,116,117,119" machi="117" ten="30,12000,2" yaku="1,1,2,1,0,1,54,1,53,2" doraHai="100" doraHaiUra="53" who="0" fromWho="0" sc="201,130,250,-60,250,-30,289,-30" /><INIT seed="2,0,0,4,1,20" ten="331,190,220,259" oya="2" hai0="112,11,67,111,57,59,104,48,56,47,121,89,119" hai1="115,86,52,45,12,18,4,107,97,0,90,28,60" hai2="53,101,91,76,33,49,114,61,122,125,55,95,118" hai3="75,54,117,135,3,21,73,132,8,80,96,36,14" shuffle="mt19937ar,63C3FB0B,B0F651C0,10AD5006,74789C2B,D2BD8E89,24D4C236,D1749A03,9EEF95E8"/><V71/><F122/><W116/><G36/><T65/><D104/><U123/><E115/><V38/><F38/><W40/><G40/><T24/><D121/><U9/><E123/><V133/><F114/><W70/><G70/><T84/><D112/><U130/><E130/><V25/><F118/><N who="3" m="45675" /><G54/><T100/><D119/><U26/><E107/><V94/><F76/><W6/><G96/><T83/><D100/><U35/><E97/><V1/><F101/><W124/><G80/><T29/><D11/><U74/><E74/><V30/><F1/><W120/><G120/><T44/><D111/><U37/><E37/><V19/><F19/><N who="3" m="10487" /><G124/><T50/><D50/><U128/><E128/><V72/><F72/><W66/><G66/><T27/><D47/><U110/><E110/><V23/><F33/><W39/><G39/><T7/><D57/><U127/><E127/><V31/><F31/><W58/><G58/><T77/><D29/><U109/><E109/><V85/><F125/><W15/><G3/><T78/><D56/><U88/><E86/><V63/><F95/><W2/><G2/><T131/><D65/><U17/><E60/><N who="2" m="23115" /><F71/><W62/><G62/><T81/><D67/><U87/><E0/><V10/><F10/><W41/><G41/><T105/><D77/><U82/><REACH who="1" step="1"/><E90/><REACH who="1" step="2"/><V32/><F32/><W22/><G73/><T69/><D89/><U106/><E106/><V113/><F113/><W99/><G75/><T126/><D105/><U68/><E68/><V92/><F133/><N who="3" m="51275" /><G99/><T42/><D126/><U64/><E64/><V16/><F91/><W129/><G129/><RYUUKYOKU ba="0,1" sc="331,-15,180,15,220,-15,259,15" hai1="4,9,12,17,18,26,28,35,45,52,82,87,88" hai3="6,8,15,22" /><INIT seed="3,1,1,0,0,78" ten="316,195,205,274" oya="3" hai0="65,72,97,132,14,29,23,15,11,41,121,95,64" hai1="51,67,131,111,79,1,70,18,120,52,25,118,98" hai2="17,99,108,75,7,13,53,91,80,129,85,4,45" hai3="12,10,57,27,20,115,63,8,31,2,48,36,71" shuffle="mt19937ar,1B392C25,50C50F7D,CEAB875D,5628FDC8,A29DEE4E,8F4B299F,F4540569,7EB85F0F"/><W73/><G115/><T101/><D72/><U83/><E1/><V62/><F108/><W37/><G73/><T117/><D117/><U40/><E120/><V77/><F129/><W22/><G71/><T133/><D121/><U125/><E131/><V58/><F45/><W34/><G48/><T88/><D41/><U135/><E111/><V106/><F106/><W134/><G134/><N who="0" m="51819" /><D101/><U122/><E122/><V94/><REACH who="2" step="1"/><F75/><REACH who="2" step="2"/><W38/><G2/><T100/><D100/><U56/><E135/><V68/><F68/><W26/><G36/><T89/><D89/><U92/><E118/><V66/><F66/><W42/><G38/><T119/><D119/><U43/><E125/><V102/><F102/><W93/><G37/><T30/><D64/><U82/><E67/><V96/><F96/><W55/><G42/><N who="1" m="15914" /><E70/><V39/><F39/><W44/><G44/><T33/><D65/><U19/><E79/><V59/><F59/><W105/><G105/><T61/><D97/><U116/><E116/><V16/><F16/><N who="1" m="6185" /><E25/><V54/><F54/><W47/><G55/><T90/><D30/><U103/><AGARI ba="1,2" hai="51,52,56,82,83,92,98,103" m="6185,15914" machi="103" ten="30,8000,1" yaku="8,1,52,2,54,2" doraHai="78" who="1" fromWho="1" sc="316,-21,195,103,195,-21,274,-41" /><INIT seed="4,0,0,4,2,120" ten="295,298,174,233" oya="0" hai0="99,69,122,3,98,78,6,118,129,75,7,100,39" hai1="45,125,85,128,77,14,16,67,71,5,131,36,18" hai2="12,63,47,82,34,43,90,106,25,38,95,8,28" hai3="110,32,35,22,76,11,70,50,116,58,91,96,124" shuffle="mt19937ar,08A6E7B8,F6CF7F98,C548B472,FDB27F74,E7A9FD77,C0E3BC4D,328B17F1,87DE1C28"/><T61/><D118/><U62/><E125/><V93/><F106/><W102/><G116/><T94/><D122/><U13/><E36/><V132/><F132/><W104/><G70/><T123/><D123/><U80/><E45/><V26/><F26/><W23/><G124/><T31/><D39/><U119/><E119/><V65/><F82/><W73/><G11/><T103/><D31/><U21/><E5/><V86/><F95/><W135/><G135/><T134/><D134/><U10/><AGARI ba="0,0" hai="10,13,14,16,18,21,62,67,71,77,80,85,128,131" machi="10" ten="30,2000,0" yaku="0,1,54,1" doraHai="120" who="1" fromWho="1" sc="295,-10,298,20,174,-5,233,-5" owari="285,4,318,31,169,-23,228,-12" /></mjloggm>