<mjloggm ver="2.3"><GO type="193"/><UN n0="%4B%4F%48%41%52%55%4E%47" n1="%E3%82%82%E3%82%8A%E3%82%82%E3%82%8A%E3%82%82%E3%82%93" n2="%E5%B8%AB%E5%8F%94" n3="%E3%82%A6%E3%83%AB%E3%83%88%E3%83%A9%E7%AB%8B%E7%9B%B4" dan="11,12,10,12" rate="1601,1591,1618,1772" sx="M,M,M,M"/><TAIKYOKU oya="0"/><INIT seed="0,0,0,0,4,73" ten="250,250,250,250" oya="0" hai0="98,30,14,26,69,120,37,78,44,35,99,40,112" hai1="18,102,66,39,79,131,67,111,135,28,41,127,70" hai2="86,123,62,104,2,130,50,122,87,32,134,29,25" hai3="45,108,80,17,89,128,16,52,81,92,119,124,97" shuffle="mt19937ar,9363028B,06B6D87B,23563E23,EF21332A,0A4498F4,3287BE92,632CDEF2,4F343C13"/><T24/><D112/><U23/><E111/><V132/><F104/><W46/><G119/><T53/><D120/><U4/><E70/><V33/><F2/><W10/><G124/><T88/><D69/><U133/><E127/><V105/><F105/><W95/><G108/><T90/><D24/><U6/><E28/><V31/><F62/><W61/><G92/><T3/><D3/><U42/><E39/><V106/><F106/><W110/><G110/><T85/><D14/><U101/><E131/><V76/><F130/><W63/><G128/><T57/><D90/><U0/><E0/><V91/><F76/><W27/><G17/><T60/><REACH who="0" step="1"/><D78/><REACH who="0" step="2"/><U21/><E79/><V100/><F91/><W54/><G27/><T129/><D129/><U103/><E18/><V20/><F100/><W125/><G125/><T55/><D55/><U82/><REACH who="1" step="1"/><E102/><REACH who="1" step="2"/><V43/><F123/><W59/><G61/><T68/><D68/><U118/><E118/><V64/><F122/><W9/><G9/><T7/><D7/><U114/><E114/><V13/><F132/><W72/><G10/><T117/><D117/><U12/><E12/><V96/><F134/><W51/><G63/><T84/><D84/><U65/><E65/><V11/><F87/><W48/><G72/><T94/><AGARI ba="0,2" hai="26,30,35,37,40,44,53,57,60,85,88,94,98,99" machi="94" ten="20,7800,0" yaku="1,1,0,1,7,1,54,1,53,0" doraHai="73" doraHaiUra="77" who="0" fromWho="0" sc="240,98,240,-26,250,-26,250,-26" /><INIT seed="0,1,0,4,1,52" ten="338,214,224,224" oya="0" hai0="25,88,125,103,123,47,22,122,112,95,44,93,78" hai1="23,70,58,5,83,39,61,101,75,94,96,89,105" hai2="46,110,6,11,53,97,71,20,117,34,43,1,129" hai3="50,134,82,90,102,21,68,100,45,27,72,66,62" shuffle="mt19937ar,82BEB26E,B70ACB0D,7B8B7210,93B3C491,C9112C23,A644BA80,4185053E,96A580AE"/><T77/><D112/><U69/><E39/><V0/><F71/><W56/><G134/><T126/><D103/><U17/><E5/><V40/><F129/><W118/><G118/><T35/><D35/><U87/><E17/><V4/><F110/><W32/><G32/><T37/><D37/><U14/><E14/><V38/><F34/><W116/><G116/><T57/><D57/><U106/><E23/><V41/><F97/><W55/><G72/><T111/><D111/><U33/><E33/><V10/><F117/><W131/><G131/><T30/><D122/><U133/><E133/><V86/><F86/><W115/><G115/><T12/><D123/><U128/><E128/><V51/><REACH who="2" step="1"/><F20/><REACH who="2" step="2"/><W26/><G68/><T135/><D135/><U127/><E127/><N who="0" m="48649" /><D95/><U104/><REACH who="1" step="1"/><E75/><REACH who="1" step="2"/><V85/><F85/><N who="3" m="50487" /><G26/><T19/><D25/><U73/><E73/><V15/><F15/><W114/><G114/><T119/><D119/><U60/><E60/><V48/><F48/><W91/><G27/><N who="0" m="16759" /><D12/><U92/><E92/><V28/><F28/><W64/><G21/><T109/><D109/><U49/><E49/><V16/><F16/><W9/><G9/><T99/><D19/><U81/><E81/><V84/><F84/><W107/><G107/><T18/><D18/><U65/><AGARI ba="1,2" hai="58,61,65,69,70,83,87,89,94,96,101,104,105,106" machi="65" ten="30,4000,0" yaku="1,1,0,1,52,1,53,0" doraHai="52" doraHaiUra="121" who="1" fromWho="1" sc="338,-21,204,63,214,-11,224,-11" /><INIT seed="1,0,0,5,4,79" ten="317,267,203,213" oya="1" hai0="99,16,61,57,49,69,62,71,100,63,128,5,8" hai1="109,64,92,36,121,31,41,115,12,116,48,3,32" hai2="35,76,44,87,45,20,133,13,72,42,70,94,67" hai3="60,112,106,125,21,26,114,2,73,40,22,18,24" shuffle="mt19937ar,AAE03EC9,EEE6DDD9,0A1BF4F6,A091B802,48F9CE9B,C07634B6,84977487,AB799F7C"/><U30/><E116/><V96/><F35/><W105/><G40/><T33/><D33/><U17/><E121/><V110/><F72/><W88/><G60/><T11/><D128/><U107/><E115/><V0/><F0/><W98/><G73/><T80/><D80/><U28/><E36/><V104/><F104/><W132/><G2/><T124/><D124/><U59/><E3/><V15/><F133/><W46/><G46/><T9/><D49/><U77/><E32/><V81/><F110/><W108/><G108/><T131/><D131/><U103/><E107/><V102/><F20/><W1/><G1/><T84/><D84/><U89/><E77/><V55/><F55/><W53/><G53/><T126/><D126/><U54/><E41/><V43/><F70/><W111/><G111/><T86/><D86/><N who="1" m="52279" /><E109/><V95/><F67/><W113/><G125/><T85/><D85/><U19/><E103/><V38/><REACH who="2" step="1"/><F95/><REACH who="2" step="2"/><W52/><G52/><T135/><D135/><U51/><E64/><V93/><F93/><N who="3" m="56615" /><G132/><T34/><D34/><U130/><E130/><V134/><F134/><W29/><G106/><T117/><D71/><U27/><E12/><V58/><F58/><W56/><G56/><T129/><D129/><U37/><E27/><V65/><F65/><W68/><G105/><T14/><D69/><U66/><E66/><V91/><F91/><W7/><G68/><T6/><D57/><N who="1" m="32967" /><E37/><AGARI ba="0,1" hai="13,15,37,38,42,43,44,45,76,81,87,94,96,102" machi="37" ten="30,7700,0" yaku="1,1,7,1,9,1,52,1,53,0" doraHai="79" doraHaiUra="120" who="2" fromWho="1" sc="317,0,267,-77,193,87,213,0" /><INIT seed="2,0,0,0,2,99" ten="317,190,280,213" oya="2" hai0="68,42,36,63,18,93,135,22,119,71,103,129,47" hai1="7,51,8,76,106,133,128,120,45,90,30,117,3" hai2="87,20,101,118,39,26,23,61,43,66,49,44,19" hai3="108,134,124,16,46,2,112,67,84,127,37,91,24" shuffle="mt19937ar,A64EB490,47843173,F20070BB,BE997401,D4A1AD7C,48E25530,72C1AEAE,518F97C8"/><V85/><F118/><W12/><G2/><T27/><D129/><U6/><E117/><V41/><F41/><W82/><G67/><T72/><D72/><U116/><E116/><V62/><F101/><W14/><G37/><T109/><D109/><U4/><E128/><V110/><F110/><W107/><G108/><T32/><D135/><U40/><E133/><V79/><F39/><W132/><G134/><T89/><D119/><U33/><E120/><V96/><F96/><W0/><G132/><T65/><D32/><U52/><E106/><V97/><F97/><W21/><G0/><T1/><D1/><U56/><E76/><V35/><F79/><W81/><G81/><T57/><D103/><U74/><E74/><V100/><F100/><W126/><G107/><T15/><REACH who="0" step="1"/><D27/><REACH who="0" step="2"/><U123/><E123/><V64/><F35/><W78/><G112/><T77/><D77/><U83/><E90/><V69/><F23/><W5/><G78/><T111/><D111/><U130/><E130/><V59/><AGARI ba="0,1" hai="19,20,26,43,44,49,59,61,62,64,66,69,85,87" machi="59" ten="20,2100,0" yaku="0,1,7,1" doraHai="99" who="2" fromWho="2" sc="307,-7,190,-7,280,31,213,-7" /><INIT seed="2,1,0,5,5,114" ten="300,183,311,206" oya="2" hai0="30,38,72,85,14,126,57,1,48,28,101,80,99" hai1="115,129,39,108,124,82,13,36,4,75,59,112,34" hai2="74,121,110,120,8,91,127,29,68,93,16,60,103" hai3="41,76,113,20,50,11,94,37,111,40,86,24,90" shuffle="mt19937ar,A142B91C,71B83DDD,6E22C3B6,A822CEC5,FB0D8484,E1BC03A5,8A05DE98,D26F0673"/><V44/><F127/><W3/><G37/><N who="1" m="14410" /><E34/><V70/><F74/><W130/><G113/><N who="1" m="43594" /><E4/><V131/><F103/><W63/><G3/><T65/><D1/><U125/><E13/><V25/><F44/><W116/><G11/><T98/><D38/><U61/><E82/><V35/><F131/><W9/><G9/><T77/><D126/><N who="1" m="48747" /><E75/><V0/><F110/><W23/><G111/><T78/><D14/><U53/><E108/><V17/><F0/><W119/><G130/><AGARI ba="1,0" hai="53,59,61,129,130" m="48747,43594,14410" machi="130" ten="40,5200,0" yaku="18,1,34,2" doraHai="114" who="1" fromWho="3" sc="300,0,183,55,311,0,206,-55" /><INIT seed="3,0,0,3,3,41" ten="300,238,311,151" oya="3" hai0="4,79,69,0,3,77,36,119,24,105,94,118,34" hai1="42,125,112,89,101,40,85,109,61,90,10,20,16" hai2="52,63,106,39,108,18,78,68,64,2,14,129,98" hai3="65,72,44,76,93,122,121,81,19,35,62,96,131" shuffle="mt19937ar,7A66DCA4,5AE2DA63,BB796D92,F09C58A1,AE9F34C6,F3BEE398,7C503099,893462F2"/><W22/><G35/><T7/><D69/><U88/><E112/><V110/><F129/><W80/><G131/><T114/><D36/><U33/><E33/><V70/><F2/><N who="0" m="554" /><D105/><U29/><E109/><N who="2" m="42091" /><F78/><N who="0" m="29706" /><D94/><U17/><E125/><V54/><F39/><W103/><G81/><T71/><D71/><U46/><E101/><N who="2" m="62775" /><F70/><W9/><G9/><AGARI ba="0,0" hai="9,14,18,52,54,63,64,68" m="62775,42091" machi="9" ten="30,2000,0" yaku="14,1,54,1" doraHai="41" who="2" fromWho="3" sc="300,0,238,0,311,20,151,-20" owari="300,5,238,-11,331,33,131,-27" /></mjloggm>