<mjloggm ver="2.3"><GO type="97"/><UN n0="%4E%4B%46" n1="%E3%82%A6%E3%83%AB%E3%83%88%E3%83%A9%E7%AB%8B%E7%9B%B4" n2="%6C%75%6C%6C%69" n3="%E3%81%9F%E3%81%93%E3%81%99%E3%82%86%E3%83%BC%E3%81%8D" dan="13,13,13,15" rate="1938,1833,1853,1940" sx="M,M,M,F"/><TAIKYOKU oya="0"/><INIT seed="0,0,0,3,5,103" ten="250,250,250,250" oya="0" hai0="36,63,129,43,134,41,22,76,30,73,53,110,55" hai1="16,15,0,24,105,52,4,79,65,14,71,7,8" hai2="66,80,131,94,50,87,25,119,34,37,132,127,64" hai3="102,54,133,69,81,20,106,92,96,117,17,3,23"/><T42/><D73/><U67/><E65/><V59/><F37/><W68/><G117/><T95/><D76/><U48/><E67/><V116/><F127/><W114/><G114/><T57/><D134/><U122/><E71/><V109/><F132/><W84/><G133/><T120/><D120/><U101/><E122/><V83/><F131/><W21/><G3/><T77/><D77/><U111/><E79/><V38/><F38/><W118/><G118/><N who="2" m="45097" /><F109/><W58/><G17/><T6/><D129/><U56/><E111/><V82/><F34/><W108/><G108/><T39/><D110/><U135/><E135/><V121/><F121/><W113/><G92/><T49/><D6/><U123/><E123/><V70/><F70/><W125/><G125/><T27/><REACH who="0" step="1"/><D95/><REACH who="0" step="2"/><U60/><E7/><V91/><F25/><W28/><G113/><T107/><D107/><U10/><E24/><V32/><F32/><W33/><G33/><T9/><D9/><U90/><E0/><V85/><F94/><W98/><G28/><T89/><D89/><U18/><E90/><V12/><F91/><W13/><G13/><T130/><D130/><U1/><E1/><V74/><F74/><W40/><G96/><T104/><D104/><U112/><E4/><V100/><F12/><W62/><REACH who="3" step="1"/><G40/><REACH who="3" step="2"/><T47/><AGARI ba="0,2" hai="22,27,30,36,39,41,42,43,47,49,53,55,57,63" machi="47" ten="30,3000,0" yaku="1,1,0,1,53,0" doraHai="103" doraHaiUra="128" who="0" fromWho="0" sc="240,50,250,-10,250,-10,240,-10" /><INIT seed="0,1,0,2,3,88" ten="290,240,240,230" oya="0" hai0="111,121,131,2,8,92,98,103,5,106,71,135,62" hai1="109,80,119,84,58,94,25,18,16,124,123,105,78" hai2="40,122,21,24,3,107,57,47,104,69,74,26,129" hai3="70,56,91,19,49,60,54,99,43,36,22,17,77"/><T113/><D121/><U112/><E105/><V83/><F122/><W132/><G77/><T39/><D113/><U6/><E123/><V4/><F69/><W31/><G132/><T72/><D135/><U87/><E119/><V133/><F24/><W127/><G127/><T15/><D39/><U33/><E124/><V102/><F133/><W9/><G9/><T75/><D131/><U23/><E33/><V12/><F57/><W73/><G73/><T65/><D111/><U97/><E109/><V114/><F114/><W7/><G7/><T34/><D15/><U44/><E6/><V61/><F61/><W101/><G91/><T50/><D50/><U64/><E44/><V46/><F46/><W120/><G120/><T1/><D1/><U128/><E128/><V125/><F129/><W14/><G31/><T55/><D55/><U81/><E112/><V10/><F102/><W52/><G36/><T93/><REACH who="0" step="1"/><D34/><REACH who="0" step="2"/><U110/><E110/><V115/><F115/><W32/><G32/><T45/><D45/><U38/><E38/><V82/><F3/><W96/><G43/><T28/><D28/><U108/><E108/><V29/><F125/><W41/><G41/><T48/><D48/><U90/><E18/><V100/><F47/><W35/><G35/><T95/><AGARI ba="1,1" hai="2,5,8,62,65,71,72,75,92,93,95,98,103,106" machi="95" ten="30,12000,1" yaku="1,1,0,1,52,3,53,0" doraHai="88" doraHaiUra="79" who="0" fromWho="0" sc="280,133,240,-41,240,-41,230,-41" /><INIT seed="0,2,0,3,0,131" ten="413,199,199,189" oya="0" hai0="105,97,49,5,125,134,128,14,98,129,84,56,88" hai1="76,29,99,4,57,54,52,111,17,104,63,60,8" hai2="41,120,40,10,127,55,86,61,130,58,1,83,113" hai3="114,65,75,79,135,11,33,43,78,72,122,118,23"/><T9/><D125/><U119/><E119/><V87/><F120/><W15/><G43/><T19/><D105/><U62/><E111/><V85/><F113/><W51/><G65/><T69/><D69/><U2/><E29/><V95/><F127/><W64/><G64/><T96/><D134/><U35/><E35/><V123/><F123/><W93/><G33/><T77/><D77/><U20/><E76/><V37/><F130/><N who="0" m="50282" /><D56/><U27/><E104/><V101/><F37/><W115/><G51/><T71/><D49/><U13/><E99/><V7/><F83/><W28/><G122/><T53/><D53/><U25/><E63/><V26/><F26/><W38/><G38/><T82/><D71/><U21/><E21/><V89/><REACH who="2" step="1"/><F101/><REACH who="2" step="2"/><W46/><G115/><T68/><D68/><U124/><E124/><V94/><F94/><W47/><G93/><T133/><D82/><U106/><E106/><V108/><F108/><W24/><G114/><T70/><D70/><U112/><E112/><V0/><F0/><W44/><G118/><T126/><D126/><U50/><REACH who="1" step="1"/><E62/><REACH who="1" step="2"/><V32/><F32/><W34/><G34/><T91/><D91/><U107/><E107/><V116/><F116/><W117/><G117/><T110/><D88/><U16/><E16/><V12/><F12/><W45/><G15/><T3/><D110/><U31/><E31/><V36/><F36/><W81/><G28/><T109/><D14/><U80/><E80/><V102/><F102/><W121/><G81/><T66/><D109/><U92/><E92/><V59/><F59/><AGARI ba="2,2" hai="2,4,8,13,17,20,25,27,50,52,54,57,59,60" machi="59" ten="30,3900,0" yaku="1,1,7,1,54,1,53,0" doraHai="131" doraHaiUra="42" who="1" fromWho="2" sc="413,0,189,65,189,-45,189,0" /><INIT seed="1,0,0,0,5,108" ten="413,254,144,189" oya="1" hai0="60,80,22,74,16,64,135,38,132,124,0,85,107" hai1="23,125,79,77,111,1,100,8,114,91,119,37,65" hai2="40,75,118,70,66,6,27,2,58,73,28,19,62" hai3="18,117,98,4,93,121,109,39,5,44,17,83,48"/><U42/><E114/><V15/><F118/><W116/><G121/><T90/><D107/><U129/><E119/><N who="3" m="45642" /><G109/><T3/><D38/><U14/><E111/><V41/><F73/><W101/><G39/><T84/><D74/><U102/><E1/><V76/><F76/><N who="1" m="29257" /><E42/><V106/><F106/><W59/><G83/><T122/><D85/><U103/><E37/><V95/><F75/><W25/><G59/><N who="0" m="36895" /><D122/><U52/><E129/><V12/><F12/><W128/><G128/><T45/><D45/><U68/><E68/><V11/><F70/><W54/><G25/><N who="0" m="14535" /><D124/><U49/><E125/><V51/><F51/><W34/><G34/><T133/><AGARI ba="0,0" hai="0,3,80,84,90,132,133,135" m="14535,36895" machi="133" ten="30,2000,0" yaku="20,1,54,1" doraHai="108" who="0" fromWho="0" sc="413,20,254,-10,144,-5,189,-5" /><INIT seed="2,0,0,4,3,23" ten="433,244,139,184" oya="2" hai0="135,105,77,88,71,16,62,53,87,123,109,37,15" hai1="19,1,24,85,132,69,110,56,124,72,90,14,51" hai2="115,12,38,64,104,112,58,6,119,30,0,54,96" hai3="43,66,122,9,133,5,4,80,81,55,22,36,91"/><V31/><F38/><W102/><G122/><T134/><D105/><U60/><E1/><V107/><F64/><W113/><G66/><N who="0" m="41431" /><D37/><U101/><E72/><V39/><F39/><W100/><G36/><T93/><D123/><U68/><E124/><V26/><F0/><W13/><G22/><T128/><D128/><U70/><E132/><N who="0" m="50729" /><D109/><U98/><E51/><V21/><F31/><W17/><G133/><T97/><D77/><U111/><E90/><V41/><F41/><W131/><G43/><T33/><D53/><U127/><E85/><V10/><F107/><W74/><G131/><T121/><D121/><U114/><E114/><V35/><F119/><W52/><G74/><T63/><D63/><U28/><E127/><V61/><F35/><W65/><G65/><T11/><D33/><U120/><E120/><V118/><F118/><W106/><G106/><T129/><D129/><U7/><E60/><V40/><REACH who="2" step="1"/><F40/><REACH who="2" step="2"/><W73/><G113/><T67/><D67/><U2/><E2/><V99/><F99/><AGARI ba="0,1" hai="11,15,16,87,88,93,97,99" m="50729,41431" machi="99" ten="30,3900,0" yaku="20,1,54,2" doraHai="23" who="0" fromWho="2" sc="433,49,244,0,129,-39,184,0" /><INIT seed="3,0,0,4,5,29" ten="482,244,90,184" oya="3" hai0="80,127,22,55,32,38,88,50,13,3,65,90,63" hai1="33,64,135,100,75,87,107,37,108,99,52,19,27" hai2="114,47,36,24,6,45,49,9,69,132,28,66,83" hai3="105,67,0,40,111,89,86,10,103,54,110,57,109"/><W112/><G112/><T58/><D38/><U92/><E37/><V117/><F114/><W68/><G40/><T21/><D3/><U56/><E75/><V94/><F117/><W23/><G68/><T44/><D127/><U124/><E108/><V82/><F132/><W11/><G67/><T97/><D32/><U34/><E64/><V98/><F36/><W91/><G0/><T70/><D70/><U48/><E124/><V113/><F113/><W31/><G105/><T120/><D120/><U131/><E131/><V118/><F118/><W17/><G103/><T102/><D80/><U101/><E135/><V85/><F69/><W74/><G74/><T73/><D73/><U61/><E101/><V18/><F66/><W16/><G31/><T122/><D122/><U96/><E48/><V104/><F104/><W43/><G43/><T5/><D102/><U60/><E60/><V15/><F45/><W116/><G116/><T42/><D65/><U119/><E87/><V12/><F28/><W76/><G76/><T106/><D106/><U35/><E119/><V51/><F24/><N who="3" m="14439" /><G17/><T125/><D125/><U78/><E78/><V121/><F51/><N who="3" m="30943" /><G89/><N who="0" m="34411" /><D97/><U62/><E99/><V39/><F39/><W8/><G8/><AGARI ba="0,0" hai="5,8,13,21,22,42,44,50,55,58,63" m="34411" machi="8" ten="30,2000,0" yaku="8,1,54,1" doraHai="29" who="0" fromWho="3" sc="482,20,244,0,90,0,184,-20" owari="502,51,244,-1,90,-31,164,-19" /></mjloggm>