<mjloggm ver="2.3"><GO type="193"/><UN n0="%E3%82%AC%E3%83%BC%E3%83%8A" n1="%E3%82%A6%E3%83%AB%E3%83%88%E3%83%A9%E7%AB%8B%E7%9B%B4" n2="%E5%A4%89%E6%85%8B%EF%BC%88%E7%B4%B3%E5%A3%AB%EF%BC%89" n3="%E3%82%A8%E3%82%A2%E3%83%AA%E3%82%A2%E3%83%AB" dan="10,12,10,12" rate="1465,1767,1714,1787" sx="M,M,M,M"/><TAIKYOKU oya="0"/><INIT seed="0,0,0,0,3,57" ten="250,250,250,250" oya="0" hai0="8,6,111,89,64,93,10,40,127,106,135,53,118" hai1="26,92,91,44,43,16,30,56,82,133,77,112,60" hai2="55,38,11,83,42,96,36,29,14,1,47,134,124" hai3="76,109,128,100,63,50,54,95,17,52,87,19,69" shuffle="mt19937ar,707A3F35,C800DC0F,7DA85BF4,E639BC8D,1D1E251F,72D68522,70A353B2,5AEC54E7"/><T75/><D118/><U115/><E133/><V80/><F134/><W27/><G128/><T116/><D135/><U84/><E44/><V70/><F124/><W117/><G117/><T51/><D116/><U41/><E43/><V66/><F1/><W114/><G114/><T123/><D106/><U122/><E122/><V98/><F29/><W72/><G72/><T125/><D123/><U73/><E41/><V104/><F36/><W61/><G109/><T78/><D75/><U68/><E68/><V132/><F132/><W120/><G69/><T15/><D78/><U129/><E129/><V0/><F0/><W12/><G120/><T46/><D64/><U37/><E37/><V131/><F131/><W18/><G54/><T35/><D35/><U103/><E103/><V71/><F71/><W113/><G27/><T94/><D111/><U97/><E73/><V23/><F23/><W99/><G12/><T110/><D110/><U67/><REACH who="1" step="1"/><E16/><REACH who="1" step="2"/><N who="2" m="8287" /><F42/><W119/><G119/><T105/><D40/><U7/><E7/><V49/><F38/><W79/><G113/><T65/><D105/><U85/><E85/><V33/><F70/><W130/><G130/><T31/><D65/><U13/><E13/><V81/><F66/><W101/><G101/><T90/><D31/><U86/><E86/><V34/><F104/><W48/><G87/><T74/><D74/><U21/><AGARI ba="0,1" hai="21,26,30,56,60,67,77,82,84,91,92,97,112,115" machi="21" ten="30,7900,0" yaku="1,1,0,1,52,1,53,1" doraHai="57" doraHaiUra="59" who="1" fromWho="1" sc="250,-39,240,89,250,-20,250,-20" /><INIT seed="1,0,0,1,0,107" ten="211,329,230,230" oya="1" hai0="14,57,94,47,117,90,133,67,76,15,121,74,36" hai1="93,8,60,29,23,46,3,39,13,53,109,17,51" hai2="115,113,100,126,112,26,22,97,116,132,86,95,2" hai3="38,85,134,128,96,68,99,130,54,84,82,49,75" shuffle="mt19937ar,8215F82C,72A63481,E2513896,5BD4B656,1DF56584,85A7C32E,F675401E,E19C602E"/><U28/><E109/><V122/><F2/><W4/><G68/><T66/><D117/><U56/><E39/><V52/><F116/><W89/><G38/><T59/><D133/><U72/><E3/><V124/><F122/><W27/><G4/><T125/><D36/><U108/><E108/><V62/><F86/><W9/><G9/><T42/><D125/><U50/><E50/><V63/><F132/><W58/><G134/><T20/><D121/><U64/><E72/><V129/><F129/><N who="3" m="49771" /><G27/><T123/><D123/><U7/><REACH who="1" step="1"/><E93/><REACH who="1" step="2"/><V48/><F126/><W0/><G0/><T1/><D74/><U24/><AGARI ba="0,1" hai="7,8,13,17,23,24,28,29,46,51,53,56,60,64" machi="24" ten="20,12000,1" yaku="1,1,2,1,0,1,7,1,8,1,53,0" doraHai="107" doraHaiUra="31" who="1" fromWho="1" sc="211,-40,319,130,230,-40,230,-40" /><INIT seed="1,1,0,5,4,37" ten="171,449,190,190" oya="1" hai0="81,65,69,23,102,44,103,30,43,28,20,66,92" hai1="87,31,118,112,79,40,116,57,82,41,100,120,70" hai2="115,42,93,99,67,117,45,51,73,124,59,10,96" hai3="109,7,108,98,111,12,2,134,36,83,35,8,63" shuffle="mt19937ar,6B77F07F,B3F703F5,2648E14E,138E9132,17CC6281,DBB3A891,EADE671E,DE70B349"/><U48/><E70/><V130/><F130/><W3/><G36/><T89/><D69/><U21/><E120/><V113/><F124/><W110/><G98/><T60/><D81/><U85/><E112/><V6/><F73/><W119/><N who="3" m="28160" /><DORA hai="50" /><W54/><G119/><T78/><D78/><U126/><E126/><V72/><F72/><W129/><G83/><T13/><D13/><U133/><E133/><V86/><F117/><W27/><G129/><T58/><D66/><U74/><E74/><V46/><F86/><W52/><G63/><T9/><D9/><U128/><E128/><V101/><F96/><W76/><G76/><T131/><D131/><U80/><E100/><V26/><F26/><W16/><G134/><T55/><D65/><U71/><E71/><V84/><F84/><W114/><G114/><N who="2" m="43529" /><F45/><W15/><G15/><T107/><D107/><U91/><E118/><V127/><F59/><W90/><G90/><T61/><D61/><U135/><E135/><V56/><F56/><W95/><G95/><T123/><D123/><U62/><E116/><V18/><F127/><W38/><G38/><T77/><D77/><U19/><E31/><V47/><F47/><W88/><G88/><T39/><D102/><U49/><E41/><V24/><F67/><W34/><G3/><T33/><D103/><U68/><E68/><V64/><F64/><W75/><G75/><T5/><D92/><U132/><E132/><V53/><F93/><W32/><G27/><T17/><D89/><U125/><E125/><V11/><F99/><W122/><G122/><T1/><D1/><RYUUKYOKU ba="1,0" sc="171,-10,449,-10,190,-10,190,30" hai3="2,7,8,12,16,32,34,35,52,54" /><INIT seed="2,2,0,5,3,58" ten="161,439,180,220" oya="2" hai0="81,133,127,55,96,8,69,21,82,101,102,38,22" hai1="11,117,0,97,116,47,5,42,113,44,129,121,4" hai2="15,64,2,59,37,119,87,70,128,26,54,134,20" hai3="17,27,43,13,84,1,115,51,75,6,14,130,110" shuffle="mt19937ar,3D537D90,365FD0EB,891479E5,83809005,0C667C6F,E2C7994C,4C6EE382,63333474"/><V10/><F128/><W62/><G75/><T53/><D69/><U32/><E32/><V91/><F134/><W78/><G115/><T16/><D38/><U89/><E113/><V28/><F119/><W135/><G130/><T39/><D133/><U71/><E71/><V126/><F37/><W50/><G135/><T106/><D39/><U94/><E129/><V23/><F70/><W7/><G1/><T25/><D127/><U41/><E121/><V100/><F126/><W30/><G78/><T40/><D40/><U60/><E60/><V3/><F64/><W93/><G62/><T90/><D8/><U131/><E131/><V74/><F100/><W76/><G93/><N who="0" m="58511" /><D102/><U99/><E5/><V103/><F103/><W35/><G6/><T12/><D106/><U66/><E66/><V52/><F54/><N who="0" m="20490" /><D90/><U80/><E80/><V122/><F74/><W86/><G43/><T88/><D88/><U111/><E111/><V118/><F118/><W56/><G110/><T125/><D125/><U73/><E73/><V65/><F65/><W31/><G7/><T24/><D24/><U104/><E104/><V46/><F46/><W67/><G27/><T57/><D57/><U79/><E99/><V92/><F122/><W107/><G107/><T132/><D132/><U124/><E79/><V105/><F105/><W18/><G76/><T83/><D83/><U72/><E72/><V123/><F123/><W34/><G56/><T98/><D98/><U63/><E124/><V68/><F68/><W120/><G120/><T85/><D85/><U114/><E114/><V112/><F112/><RYUUKYOKU ba="2,0" sc="161,15,439,-15,180,-15,220,15" hai0="12,16,21,22,25,81,82" hai3="13,14,17,18,30,31,34,35,50,51,67,84,86" /><INIT seed="3,3,0,0,4,94" ten="176,424,165,235" oya="3" hai0="16,12,24,5,29,1,101,118,129,93,63,55,131" hai1="22,57,84,98,23,99,87,130,0,45,73,119,2" hai2="86,54,109,124,83,10,65,49,95,81,105,116,6" hai3="70,26,48,68,4,135,20,14,38,126,100,72,66" shuffle="mt19937ar,0F9560D1,B8058C0D,3F6B5D45,175B0F08,BF3D186C,3D4F47C3,13287A21,E7B7FF15"/><W67/><G72/><T41/><D118/><U69/><E57/><V25/><F109/><W47/><G38/><T18/><D41/><U114/><E45/><V90/><F116/><W56/><G70/><T19/><D63/><U117/><E73/><V58/><F105/><W132/><G68/><T62/><D62/><U51/><E69/><V80/><F124/><W28/><G126/><T32/><D55/><U59/><E59/><V106/><F106/><W128/><G56/><T104/><D1/><U50/><E130/><N who="0" m="49673" /><D104/><U8/><E8/><V33/><F65/><W107/><G128/><T96/><D5/><U21/><E21/><AGARI ba="3,0" hai="12,16,18,19,21,24,29,32,93,96,101" m="49673" machi="21" ten="30,3900,0" yaku="19,1,52,1,54,1" doraHai="94" who="0" fromWho="1" sc="176,48,424,-48,165,0,235,0" owari="224,-13,376,37,165,-23,235,-1" /></mjloggm>