<mjloggm ver="2.3"><GO type="9"/><UN n0="%73%70%65%65%64%62%6F%78" n1="%62%61%72%6E%61%62%79" n2="%E3%81%88%E3%82%93%E3%81%AC%E3%81%84" n3="%E3%82%A6%E3%83%AB%E3%83%88%E3%83%A9%E7%AB%8B%E7%9B%B4" dan="1,3,0,7" rate="1519,1559,1500,1670" sx="M,M,M,M"/><TAIKYOKU oya="0"/><INIT seed="0,0,0,5,5,63" ten="250,250,250,250" oya="0" hai0="27,50,52,130,9,104,45,73,13,2,85,64,29" hai1="113,89,31,97,98,69,109,115,123,131,25,4,28" hai2="82,37,59,112,83,1,116,91,66,33,125,15,49" hai3="11,72,105,68,122,127,36,3,58,38,5,134,119" shuffle="mt19937ar,8DE71667,5E8B0186,9B1729BC,A155CB73,5D0D16CD,E3BA03C8,019B8C58,8406B0DE"/><T106/><D73/><U107/><E123/><V17/><F125/><W34/><G58/><T126/><D2/><U19/><E4/><V16/><F33/><W40/><G11/><T76/><D126/><U132/><E131/><V39/><F116/><W7/><G40/><T60/><D130/><U86/><E132/><V22/><F112/><W71/><G7/><T55/><D76/><U32/><E31/><V114/><F114/><N who="1" m="43529" /><E107/><V78/><F91/><W47/><G5/><T35/><D85/><U133/><E133/><V128/><F1/><W88/><G47/><T6/><REACH who="0" step="1"/><D55/><REACH who="0" step="2"/><U61/><E97/><V70/><F70/><AGARI ba="0,1" hai="6,9,13,27,29,35,45,50,52,60,64,70,104,106" machi="70" ten="30,12000,1" yaku="1,1,2,1,7,1,52,1,54,1,53,0" doraHai="63" doraHaiUra="90" who="0" fromWho="2" sc="240,130,250,0,250,-120,250,0" /><INIT seed="0,1,0,3,0,118" ten="370,250,130,250" oya="0" hai0="123,110,89,70,69,3,38,9,79,85,27,30,56" hai1="105,31,112,65,37,80,76,130,131,77,2,55,91" hai2="104,50,83,135,23,72,102,100,108,5,40,35,42" hai3="95,68,96,7,1,15,46,19,36,92,59,78,48" shuffle="mt19937ar,6309BF4B,940EE78F,AEFE7E70,2EA533A3,4E415029,5FB38C85,381545E0,003CFEA5"/><T103/><D85/><U47/><E2/><V88/><F35/><W57/><G68/><T90/><D38/><U61/><E105/><V106/><F135/><W117/><G36/><T6/><D79/><U109/><E31/><V134/><F134/><W116/><G116/><T111/><D103/><U82/><E112/><V73/><F108/><N who="0" m="41514" /><D56/><U25/><E109/><V81/><F50/><W4/><G78/><T49/><D49/><U101/><E101/><V43/><F23/><N who="3" m="11775" /><G117/><T97/><D89/><U107/><E107/><V41/><N who="2" m="10752" /><DORA hai="74" /><V24/><F24/><W16/><G46/><T8/><D90/><U64/><E37/><V129/><F129/><N who="1" m="49161" /><E25/><V26/><F26/><W28/><G48/><T127/><D97/><U45/><E91/><V11/><F11/><W71/><G59/><T58/><D58/><N who="1" m="35039" /><E65/><V120/><F120/><W125/><G71/><N who="0" m="27147" /><D9/><U66/><E66/><V98/><F88/><W34/><G57/><T124/><D123/><U94/><E64/><V115/><F115/><W86/><G96/><T44/><D44/><N who="1" m="16971" /><E94/><V67/><F67/><W13/><G95/><T18/><D18/><U113/><E113/><V10/><F10/><W122/><G92/><T29/><D29/><U133/><E133/><V53/><F5/><W99/><G99/><T39/><D39/><U93/><E93/><V62/><F72/><W119/><G86/><T63/><D63/><U21/><E80/><V126/><F73/><W84/><G84/><T121/><D121/><U87/><E77/><V75/><F81/><W128/><G122/><T51/><D51/><U22/><AGARI ba="1,0" hai="21,22,76,82,87" m="16971,35039,49161" machi="22" ten="30,4000,0" yaku="5,1,19,1,52,1" doraHai="118,74" who="1" fromWho="1" sc="370,-21,250,43,130,-11,250,-11" /><INIT seed="1,0,0,4,0,122" ten="349,293,119,239" oya="1" hai0="1,12,116,2,44,51,81,69,82,46,17,15,43" hai1="28,135,24,56,33,49,7,34,118,89,42,119,92" hai2="5,14,67,6,130,47,96,72,76,32,70,79,20" hai3="75,114,134,133,45,97,108,90,126,87,68,36,104" shuffle="mt19937ar,C26DE046,0841E25E,6004D55C,9A3E3825,17E77194,C9D9D160,D3D83C4E,AA204F45"/><U39/><E7/><V58/><F130/><W35/><G87/><T52/><D116/><U109/><E34/><V0/><F0/><W86/><G86/><T80/><D69/><U38/><E135/><V98/><F72/><W106/><G90/><T131/><D131/><U103/><E103/><V21/><F32/><W127/><G97/><T55/><D43/><U9/><E9/><V59/><F47/><W132/><G45/><T63/><D63/><U41/><E56/><V88/><F70/><W101/><G101/><T31/><D31/><U129/><E129/><V37/><F37/><W16/><G16/><T62/><D62/><U74/><E74/><V40/><F40/><W53/><G53/><T94/><D94/><U13/><E13/><V102/><F102/><W78/><G78/><T123/><D123/><U113/><E92/><V93/><F93/><W26/><G26/><T54/><D51/><U107/><E89/><V128/><F128/><W83/><G83/><T29/><D29/><U60/><E107/><N who="3" m="41002" /><G75/><T125/><D125/><N who="3" m="47625" /><G114/><T10/><D15/><U65/><E113/><V4/><F4/><W25/><G68/><T64/><D64/><U124/><E124/><V111/><F111/><W121/><G36/><T23/><D10/><U61/><E24/><V22/><F22/><W19/><G121/><T84/><D84/><U8/><E8/><V115/><F115/><W18/><G108/><T100/><D100/><U73/><E109/><V71/><F71/><W105/><G105/><T120/><D120/><U27/><E73/><V110/><F110/><W85/><G85/><RYUUKYOKU ba="0,0" sc="349,15,293,-15,119,-15,239,15" hai0="1,2,12,17,23,44,46,52,54,55,80,81,82" hai3="18,19,25,35,132,133,134" /><INIT seed="2,1,0,3,0,116" ten="364,278,104,254" oya="2" hai0="7,129,62,12,39,38,78,27,22,97,23,3,17" hai1="77,70,79,51,28,44,15,88,45,65,122,119,133" hai2="64,34,81,41,5,84,93,75,54,21,87,40,31" hai3="121,30,32,120,13,14,56,85,52,112,102,60,43" shuffle="mt19937ar,4C9E854A,A0E9A070,4E1FDD8A,CEA7E59B,BC70AA6D,F4CE5692,4D30EA7A,A0B46641"/><V95/><F75/><W18/><G112/><T80/><D97/><U107/><E107/><V71/><F71/><W83/><G43/><T127/><D127/><U92/><E119/><V47/><F64/><W74/><G74/><T29/><D129/><U4/><E28/><V49/><F5/><W20/><G102/><T2/><D62/><U11/><E133/><V91/><F21/><W66/><G14/><T114/><D114/><U131/><E131/><V73/><F73/><W103/><G103/><T98/><D98/><U105/><E105/><V125/><F125/><W37/><G37/><T0/><REACH who="0" step="1"/><D7/><REACH who="0" step="2"/><U16/><E4/><V68/><F68/><W76/><REACH who="3" step="1"/><G66/><REACH who="3" step="2"/><T132/><D132/><U100/><E100/><V33/><F31/><W99/><G99/><T110/><D110/><U89/><E65/><V96/><F95/><W19/><G19/><T63/><D63/><U58/><E70/><V67/><F67/><W82/><G82/><T104/><D104/><U111/><E111/><V123/><F123/><W24/><AGARI ba="1,2" hai="13,18,20,24,30,32,52,56,60,76,83,85,120,121" machi="24" ten="30,8000,1" yaku="1,1,0,1,52,2,54,1,53,0" doraHai="116" doraHaiUra="115" who="3" fromWho="3" sc="354,-21,278,-21,104,-41,244,103" /><INIT seed="3,0,0,2,0,95" ten="333,257,63,347" oya="3" hai0="115,108,42,64,104,122,101,107,52,27,72,77,79" hai1="37,96,62,10,76,92,28,25,34,130,63,0,135" hai2="112,125,30,32,85,40,1,110,105,39,86,47,61" hai3="116,74,84,69,123,97,58,46,7,29,21,33,106" shuffle="mt19937ar,1C32B5C7,EBA2E74B,267BB999,A12481FA,0C5120F9,5C0D48DE,37F92861,83971586"/><W54/><G74/><T134/><D27/><U48/><E37/><V3/><F30/><W35/><G69/><T8/><D8/><U68/><E130/><V19/><F19/><W129/><G123/><T127/><D64/><U102/><E135/><V71/><F86/><W103/><G129/><T82/><D52/><U83/><E48/><V118/><F85/><W119/><G46/><T120/><D42/><U5/><REACH who="1" step="1"/><E68/><REACH who="1" step="2"/><V56/><F56/><W24/><G116/><T98/><D134/><U65/><E65/><V4/><F4/><W16/><G119/><T91/><D127/><U57/><E57/><V109/><F61/><W121/><G121/><T99/><D115/><U111/><E111/><V59/><F59/><W6/><G84/><AGARI ba="0,1" hai="0,5,10,25,28,34,62,63,76,83,84,92,96,102" machi="84" ten="30,3900,0" yaku="1,1,7,1,52,1,53,0" doraHai="95" doraHaiUra="55" who="1" fromWho="3" sc="333,0,247,49,63,0,347,-39" /><INIT seed="4,0,0,4,3,3" ten="333,296,63,308" oya="0" hai0="20,47,103,37,31,68,135,49,75,92,61,24,77" hai1="126,99,94,10,23,42,113,130,41,124,56,51,17" hai2="107,43,45,127,4,7,131,29,26,63,69,35,11" hai3="21,104,83,101,100,109,13,133,53,55,114,14,50" shuffle="mt19937ar,552C6D74,844FB60F,12A6FF1E,B33EF601,9FB97279,883E9009,69A9DFD3,BF61F19C"/><T125/><D37/><U115/><E130/><V66/><F131/><W73/><G109/><T52/><D125/><N who="1" m="48235" /><E10/><V60/><F127/><W123/><G114/><N who="1" m="43530" /><E56/><V9/><F60/><W38/><G38/><T62/><D135/><U40/><E51/><V54/><F54/><W34/><G133/><T30/><D103/><U88/><E23/><V39/><F107/><W19/><G34/><T105/><D105/><U58/><E58/><V95/><REACH who="2" step="1"/><F95/><REACH who="2" step="2"/><W82/><G104/><T76/><D92/><U119/><E119/><V122/><F122/><W91/><G55/><T32/><D32/><U44/><E17/><V22/><F22/><W111/><G123/><T27/><D68/><U16/><E16/><V1/><F1/><W12/><G19/><T90/><D75/><U116/><E116/><V132/><F132/><W2/><G21/><T67/><D90/><U121/><E121/><V6/><AGARI ba="0,1" hai="4,6,7,9,11,26,29,35,39,43,45,63,66,69" machi="6" ten="30,8000,1" yaku="1,1,0,1,52,3,53,0" doraHai="3" doraHaiUra="110" who="2" fromWho="2" sc="333,-40,296,-20,53,90,308,-20" /><INIT seed="5,0,0,0,1,133" ten="293,276,143,288" oya="1" hai0="121,30,99,36,72,48,77,12,29,59,13,66,102" hai1="71,40,52,90,107,78,31,114,73,19,15,37,124" hai2="6,70,22,54,134,24,100,104,9,26,122,49,119" hai3="45,5,20,117,50,3,105,89,98,111,32,14,75" shuffle="mt19937ar,BA3EA0BD,3255FD08,5FBB268C,5DFEB938,B3AEF96C,CA285D0B,342B16C9,C896999C"/><U123/><E71/><V64/><F64/><W87/><G32/><T80/><D121/><U125/><E123/><V112/><F100/><W108/><G75/><T83/><D36/><U109/><E107/><V18/><F70/><W61/><G3/><T35/><D80/><U116/><E116/><V110/><F104/><W43/><G61/><T130/><D130/><U86/><E31/><V132/><F122/><W129/><G129/><T33/><D66/><U8/><E109/><V65/><F65/><W39/><G39/><T0/><D0/><U69/><E69/><V10/><F26/><W27/><G117/><T115/><D102/><U60/><E78/><V47/><F110/><W76/><G105/><T1/><D115/><U106/><E73/><V7/><F119/><W92/><G108/><T44/><D99/><U120/><E106/><V118/><F118/><W101/><G111/><T113/><D113/><U95/><E120/><V25/><F25/><W11/><G101/><T28/><D1/><U128/><E128/><V126/><F126/><N who="1" m="48745" /><E114/><V46/><F46/><W68/><G68/><T2/><D2/><U41/><E37/><V97/><F97/><W82/><G20/><T84/><D72/><U42/><E60/><V4/><REACH who="2" step="1"/><F112/><REACH who="2" step="2"/><W135/><G135/><AGARI ba="0,1" hai="4,6,7,9,10,18,22,24,47,49,54,132,134,135" machi="135" ten="40,8000,1" yaku="1,1,2,1,20,1,53,1" doraHai="133" doraHaiUra="16" who="2" fromWho="3" sc="293,0,276,0,133,90,288,-80" /><INIT seed="6,0,0,0,0,5" ten="293,276,223,208" oya="2" hai0="78,49,6,2,87,72,76,16,108,69,81,53,17" hai1="121,8,23,57,123,109,15,130,115,0,27,122,14" hai2="24,22,54,47,133,71,90,92,135,106,48,18,29" hai3="110,102,52,127,30,4,113,80,129,126,97,55,21" shuffle="mt19937ar,4A636D62,5D7291B9,D46B699E,07D98239,ACAC6BBF,5936036C,ADCAC2E4,7570E350"/><V7/><F106/><W117/><G117/><T82/><D69/><U83/><E109/><V132/><F71/><W36/><G36/><T61/><D108/><U88/><E130/><V19/><REACH who="2" step="1"/><F7/><REACH who="2" step="2"/><W60/><G110/><T86/><D2/><U65/><E115/><V63/><F63/><W64/><G113/><T79/><D6/><N who="1" m="1095" /><E65/><V73/><F73/><W42/><G129/><T11/><D61/><U89/><E57/><V62/><F62/><W20/><G42/><T38/><D38/><U77/><E14/><V59/><F59/><W104/><G4/><T114/><D72/><N who="1" m="43431" /><E15/><V10/><F10/><W41/><G41/><T35/><D35/><U75/><E75/><V101/><F101/><W68/><G80/><N who="0" m="30827" /><D114/><U118/><E118/><V32/><F32/><W93/><G104/><T9/><D53/><N who="3" m="20553" /><G30/><AGARI ba="0,1" hai="23,27,30,88,89,121,122,123" m="43431,1095" machi="30" ten="30,3900,0" yaku="13,1,52,1,54,1" doraHai="5" who="1" fromWho="3" sc="293,0,276,49,213,0,208,-39" /><INIT seed="7,0,0,1,2,102" ten="293,325,213,169" oya="3" hai0="82,32,2,7,27,16,115,111,120,86,71,85,26" hai1="105,94,29,118,114,60,135,128,14,35,56,30,12" hai2="25,97,106,122,34,49,104,89,55,107,70,44,4" hai3="130,109,108,93,99,52,84,67,58,63,24,50,95" shuffle="mt19937ar,D4EC9BB6,A90FEBCB,E74F3F97,2FB10DA7,153A5A89,A26D192D,E8F86FF9,8D1BECCA"/><W5/><G5/><T132/><D71/><U131/><E35/><V124/><F124/><W123/><G123/><T48/><D120/><U110/><E110/><V83/><F122/><W101/><G130/><N who="1" m="49706" /><E118/><V51/><F51/><W72/><G72/><T43/><D115/><U61/><E114/><V17/><F34/><W91/><REACH who="3" step="1"/><G24/><REACH who="3" step="2"/><T113/><D132/><U96/><E135/><V37/><F37/><W28/><G28/><T117/><D117/><U133/><E30/><V20/><F4/><W21/><G21/><T39/><D113/><U47/><E29/><V103/><REACH who="2" step="1"/><F70/><AGARI ba="0,1" hai="50,52,58,63,67,70,84,91,93,95,99,101,108,109" machi="70" ten="40,7700,0" yaku="1,1,54,1,53,1" doraHai="102" doraHaiUra="57" who="3" fromWho="2" sc="293,0,325,0,213,-77,159,87" /><INIT seed="7,1,0,3,1,24" ten="293,325,136,246" oya="3" hai0="65,90,129,44,81,55,17,116,40,39,80,36,113" hai1="41,67,21,61,66,46,91,122,95,32,56,14,71" hai2="75,92,102,119,52,72,84,42,60,43,69,127,135" hai3="125,123,9,88,19,3,85,2,54,114,59,131,108" shuffle="mt19937ar,7EB65546,35B42A9C,810AF470,9ACFF693,F9728CAB,B6DF9BE1,6632CCFF,C4EE0E34"/><W63/><G123/><T132/><D116/><U128/><E122/><V96/><F84/><W11/><G125/><T79/><D113/><U10/><E32/><V48/><F119/><W6/><G114/><T29/><D129/><U76/><E128/><V97/><F127/><W107/><G107/><T51/><D132/><U18/><E71/><V12/><F135/><W20/><G131/><T64/><D29/><U53/><E76/><V23/><F97/><W104/><G104/><T13/><D39/><U87/><E10/><V89/><F102/><W31/><G108/><T27/><D27/><U109/><E109/><V4/><F4/><W77/><G77/><T105/><D105/><U121/><E121/><V38/><F38/><AGARI ba="1,0" hai="14,18,21,38,41,46,53,56,61,66,67,87,91,95" machi="38" ten="30,1000,0" yaku="7,1" doraHai="24" who="1" fromWho="2" sc="293,0,325,13,136,-13,246,0" owari="293,9,338,44,123,-38,246,-15" /></mjloggm>