<mjloggm ver="2.3"><GO type="193"/><UN n0="%E3%82%8D%E3%82%93%E3%81%A4%E3%82%82" n1="%6B%61%7A%75%77%6F" n2="%E3%82%A6%E3%83%AB%E3%83%88%E3%83%A9%E7%AB%8B%E7%9B%B4" n3="%E3%81%82%E3%82%93%E3%81%93%E3%82%8D%E9%A4%85" dan="12,12,12,10" rate="1717,1683,1778,1282" sx="M,M,M,M"/><TAIKYOKU oya="0"/><INIT seed="0,0,0,3,4,45" ten="250,250,250,250" oya="0" hai0="67,44,97,58,64,117,96,50,9,27,33,13,91" hai1="131,59,108,39,111,53,73,57,66,65,79,5,15" hai2="70,26,128,98,71,6,83,134,89,48,84,46,86" hai3="51,87,61,23,112,55,69,85,38,81,82,20,32" shuffle="mt19937ar,D7344EA1,2C04FBB0,64A028B7,8EF6EF34,FDAED630,483AE680,76205776,61778EC2"/><T106/><D117/><U29/><E29/><V90/><F134/><W24/><G112/><T124/><D124/><U37/><E73/><V68/><F128/><W17/><G38/><T7/><D106/><U109/><E79/><V63/><F98/><N who="0" m="37994" /><D91/><U123/><E5/><V116/><F116/><W30/><G69/><T93/><D33/><U114/><E15/><V88/><F6/><W74/><G74/><T121/><D121/><U92/><E92/><V127/><F127/><W78/><G61/><T103/><D27/><U125/><E125/><V1/><F1/><W11/><G11/><T8/><D8/><U76/><E76/><V22/><F63/><W126/><G126/><T49/><D103/><U94/><E94/><V135/><F135/><W34/><G17/><T43/><D93/><U16/><E16/><V119/><F119/><W28/><G28/><T95/><D95/><U110/><N who="1" m="28160" /><DORA hai="18" /><U47/><E123/><V133/><F133/><W52/><G32/><T35/><D35/><U25/><E25/><V122/><F122/><W21/><G55/><AGARI ba="0,0" hai="7,9,13,43,44,49,50,55,58,64,67" m="37994" machi="55" ten="30,5800,0" yaku="8,1,52,2" doraHai="45,18" who="0" fromWho="3" sc="250,58,250,0,250,0,250,-58" /><INIT seed="0,1,0,4,0,84" ten="308,250,250,192" oya="0" hai0="55,118,122,22,59,81,99,85,0,111,75,6,29" hai1="78,28,112,94,48,113,86,133,40,74,132,97,103" hai2="134,130,57,31,7,38,87,56,2,114,129,27,44" hai3="36,123,91,1,104,14,34,60,115,125,8,77,5" shuffle="mt19937ar,3A01F8EA,393D887E,D9910EDA,9A740073,FF1D5574,841E818D,4E564997,7A462740"/><T52/><D122/><U43/><E28/><V21/><F57/><W15/><G115/><N who="1" m="44106" /><E48/><V54/><F114/><W23/><G36/><T33/><D118/><U46/><E46/><V35/><F44/><W131/><G104/><T108/><D33/><U42/><E74/><V61/><F38/><W63/><G77/><T51/><D75/><U120/><E120/><V12/><F134/><N who="1" m="51817" /><E78/><V121/><F121/><W58/><G125/><T69/><D69/><U80/><E80/><V39/><F39/><W19/><G60/><T16/><D29/><U90/><E103/><V18/><REACH who="2" step="1"/><F87/><AGARI ba="1,0" hai="40,42,43,86,87,90,94,97" m="51817,44106" machi="87" ten="40,5200,0" yaku="11,1,20,1,52,1" doraHai="84" who="1" fromWho="2" sc="308,0,250,55,250,-55,192,0" /><INIT seed="1,0,0,1,5,135" ten="308,305,195,192" oya="1" hai0="24,88,112,133,132,91,129,134,80,23,64,126,89" hai1="45,114,128,97,13,86,105,34,96,30,77,63,43" hai2="0,8,11,68,36,52,87,61,78,37,59,131,103" hai3="53,15,20,82,31,101,41,9,51,115,113,111,65" shuffle="mt19937ar,193D21E4,2CAAE18B,F9F7188E,EC83B69D,7A0442C9,D9BC3A12,A308A6B2,B785BDA1"/><U100/><E114/><V118/><F118/><W10/><G10/><T90/><D64/><U130/><E96/><V122/><F122/><W124/><G124/><T117/><D24/><U67/><E13/><V49/><F131/><W83/><G83/><T27/><D27/><N who="1" m="18783" /><E77/><V4/><F103/><W33/><G111/><T29/><D29/><U48/><E86/><V109/><F109/><W107/><G33/><T123/><D23/><U76/><E76/><V116/><F116/><W127/><G127/><T92/><D117/><U57/><E57/><V110/><F110/><W19/><G31/><T14/><D14/><U79/><E79/><V70/><F11/><W6/><G82/><T5/><D5/><U28/><E28/><V50/><F78/><W75/><G75/><T32/><D32/><U3/><E3/><V7/><F87/><W16/><G65/><T62/><D62/><U102/><E102/><V58/><F7/><W22/><G41/><T108/><D108/><U125/><E125/><V121/><F121/><W55/><G107/><T56/><D56/><U46/><E46/><V71/><REACH who="2" step="1"/><F61/><REACH who="2" step="2"/><W95/><G101/><T35/><D123/><U60/><E67/><V44/><F44/><W73/><G73/><T104/><D126/><U26/><E26/><V38/><F38/><W25/><G95/><T21/><D129/><AGARI ba="0,1" hai="43,45,48,60,63,97,100,105,128,129,130" m="18783" machi="129" ten="30,1500,0" yaku="19,1" doraHai="135" who="1" fromWho="0" sc="308,-15,305,25,185,0,192,0" /><INIT seed="1,1,0,2,4,1" ten="293,330,185,192" oya="1" hai0="70,0,53,94,82,56,66,96,2,92,35,67,6" hai1="133,102,104,39,99,114,135,26,63,93,64,103,38" hai2="55,84,20,91,113,37,34,21,107,7,122,54,31" hai3="60,105,11,131,108,88,101,68,15,27,16,19,12" shuffle="mt19937ar,0DFD182D,DFF51BD8,A90C8686,6A33BF98,4F06BB75,47C5E022,6E75CB32,A2D457AA"/><U44/><E114/><V24/><F37/><W23/><G108/><T43/><D35/><U89/><E26/><V110/><F107/><W124/><G124/><T48/><D70/><U100/><E44/><V79/><F122/><W62/><G68/><T49/><D0/><U52/><E104/><V126/><F110/><W10/><G105/><T32/><D32/><U41/><E41/><V69/><F69/><W97/><G131/><T116/><D116/><U121/><E121/><V109/><F109/><W118/><G118/><T90/><D82/><U22/><E22/><V85/><F126/><W78/><G101/><T47/><D94/><U77/><E77/><V71/><F71/><W130/><G130/><T58/><D58/><U13/><E13/><V59/><F113/><W42/><G42/><T75/><D75/><U14/><E14/><V5/><F34/><W98/><G98/><T129/><REACH who="0" step="1"/><D129/><REACH who="0" step="2"/><U123/><E123/><V4/><F21/><W17/><G78/><T134/><D134/><N who="1" m="51211" /><E64/><V65/><F79/><W127/><G127/><T61/><D61/><U87/><E87/><N who="2" m="33355" /><F91/><W119/><G119/><T30/><D30/><U83/><E83/><V29/><F29/><W72/><G72/><T128/><D128/><U28/><E28/><V73/><F73/><W3/><G3/><T74/><D74/><U80/><E80/><V117/><F117/><W40/><G40/><T81/><D81/><U33/><E33/><V111/><F111/><W45/><G45/><T132/><D132/><U50/><E63/><AGARI ba="1,1" hai="4,5,7,20,24,31,54,55,59,63,65" m="33355" machi="63" ten="30,7700,0" yaku="8,1,52,3" doraHai="1" who="2" fromWho="1" sc="283,0,330,-80,185,90,192,0" /><INIT seed="2,0,0,4,1,102" ten="283,250,275,192" oya="2" hai0="125,30,52,75,126,117,37,107,18,59,80,2,135" hai1="132,111,70,42,40,101,78,54,33,46,50,67,131" hai2="29,116,16,109,98,88,7,72,32,27,5,64,13" hai3="49,56,69,73,62,3,110,123,115,44,105,82,47" shuffle="mt19937ar,7EF58C96,EAFB83E3,D12646F8,38F08C37,28D09083,F3D2E391,5007D902,90DA31C2"/><V24/><F72/><W9/><G123/><T68/><D37/><U48/><E33/><V91/><F116/><W6/><G115/><T4/><D68/><U83/><E131/><V26/><F64/><W99/><G47/><T45/><D45/><U93/><E132/><V8/><F91/><W84/><G84/><T134/><D30/><U12/><E111/><V122/><F122/><W85/><G85/><T96/><D18/><U104/><E93/><V51/><F51/><W77/><G56/><T103/><D2/><U118/><E118/><V20/><F88/><W36/><G49/><N who="0" m="31119" /><D4/><N who="2" m="1610" /><F98/><W53/><G53/><T113/><D117/><U63/><E12/><N who="2" m="9223" /><F109/><W119/><G119/><T66/><D66/><U127/><E104/><V76/><F76/><W130/><G130/><T81/><D113/><U43/><E101/><V65/><F65/><W128/><G128/><T39/><D39/><U19/><E19/><AGARI ba="0,0" hai="8,13,19,24,26,27,29,32" m="9223,1610" machi="19" ten="30,18000,2" yaku="35,5,54,1" doraHai="102" who="2" fromWho="1" sc="283,0,250,-180,275,180,192,0" /><INIT seed="2,1,0,2,1,104" ten="283,70,455,192" oya="2" hai0="85,10,123,50,77,86,68,25,35,29,83,122,5" hai1="89,58,119,52,111,117,129,101,128,8,120,55,34" hai2="78,102,13,92,90,38,125,42,39,2,18,51,0" hai3="73,4,131,48,3,79,19,124,7,105,54,37,24" shuffle="mt19937ar,C5A276E2,2AA2DFC5,FDE1FB80,43EF9DCA,AF893394,CF3B60FC,ED7FD0BF,AD603062"/><V1/><F125/><W36/><G124/><T46/><D68/><U98/><E34/><V31/><F31/><W109/><G7/><T130/><D130/><U66/><E8/><V6/><F102/><W33/><G131/><N who="1" m="50250" /><E89/><V43/><F78/><W59/><G19/><T74/><D123/><U67/><E101/><V47/><F6/><W106/><G48/><T134/><D134/><U132/><E98/><V26/><F26/><W133/><G59/><T100/><D100/><U97/><E97/><V118/><F118/><N who="1" m="45065" /><E132/><V91/><F92/><W15/><G133/><T45/><D122/><U44/><E120/><V87/><F87/><W103/><G54/><N who="1" m="20522" /><E44/><V96/><F96/><W114/><G15/><T110/><D110/><U76/><E76/><V9/><F91/><W75/><G109/><T69/><D69/><U81/><E81/><V71/><F90/><W107/><G103/><T95/><D95/><U62/><E111/><V21/><F71/><W126/><G126/><T49/><D45/><U116/><E116/><V84/><F84/><W41/><G41/><T70/><D70/><U11/><E11/><V82/><F82/><W32/><G24/><T135/><D135/><U93/><E93/><V88/><F88/><W112/><G79/><T80/><D80/><U56/><E62/><V12/><F43/><W127/><G127/><T22/><D35/><N who="3" m="13385" /><G4/><T115/><D115/><U40/><E40/><V121/><F121/><W99/><G114/><T23/><D23/><U28/><E28/><V113/><F113/><W53/><G112/><T65/><D65/><AGARI ba="1,0" hai="56,58,65,66,67" m="20522,45065,50250" machi="65" ten="40,12000,2" yaku="28,2,19,1,34,2,54,1" doraHai="104" who="1" fromWho="0" sc="283,-123,70,123,455,0,192,0" /><INIT seed="3,0,0,5,2,112" ten="160,193,455,192" oya="3" hai0="10,84,20,47,135,56,31,25,116,53,28,43,90" hai1="111,7,93,12,11,40,132,1,126,33,77,54,92" hai2="2,61,99,122,91,80,102,129,85,57,76,94,62" hai3="14,120,41,37,16,38,48,51,75,95,71,107,83" shuffle="mt19937ar,DD1F6EF6,2CD5E72B,FBDC6A95,1FB74552,F0764F34,836FE74A,C4D8519B,3DF077C8"/><W78/><G120/><T125/><D116/><U55/><E33/><V103/><F2/><W72/><G107/><T15/><D135/><U115/><E132/><V24/><F129/><W4/><G4/><T130/><D125/><U3/><E126/><V21/><F122/><W30/><G30/><T105/><D130/><U42/><E115/><V113/><F113/><W29/><G29/><T65/><D105/><U68/><E68/><V134/><F134/><W66/><G95/><T81/><D65/><U63/><E77/><V110/><F110/><W32/><G32/><T13/><D31/><U88/><E111/><V39/><F39/><W82/><G48/><T118/><D118/><U127/><E127/><V27/><F62/><W9/><G51/><T131/><D131/><U23/><E23/><V133/><F133/><W19/><G19/><T35/><D35/><U128/><E128/><V106/><F21/><W45/><G38/><T101/><D101/><N who="2" m="38410" /><F106/><W6/><G6/><T58/><D56/><U100/><E63/><V70/><F70/><W96/><G96/><T46/><D43/><U34/><E34/><V74/><F74/><W59/><G59/><T36/><D36/><U50/><E1/><V114/><F114/><W79/><G66/><AGARI ba="0,0" hai="24,27,57,61,66,76,80,85,91,94,99" m="38410" machi="66" ten="30,1000,0" yaku="8,1" doraHai="112" who="2" fromWho="3" sc="160,0,193,0,455,10,192,-10" owari="160,-24,193,-6,465,47,182,-17" /></mjloggm>