<mjloggm ver="2.3"><GO type="97"/><UN n0="%E5%8D%81%E4%B8%89%E9%9D%A2%E9%B3%A5" n1="%E3%82%A6%E3%83%AB%E3%83%88%E3%83%A9%E7%AB%8B%E7%9B%B4" n2="%E2%98%85%E8%A3%B8%E7%8E%8B%E2%98%86" n3="%E7%AA%93%E9%9A%9B%E3%81%AE%E3%83%9D%E3%83%81" dan="13,13,14,14" rate="1965,1815,1882,1866" sx="M,M,M,M"/><TAIKYOKU oya="0"/><INIT seed="0,0,0,2,0,118" ten="250,250,250,250" oya="0" hai0="82,123,61,22,87,53,131,133,35,135,100,32,14" hai1="16,120,69,72,116,99,23,94,115,129,84,31,98" hai2="95,36,29,55,96,37,57,27,59,124,64,70,52" hai3="30,93,10,121,33,18,43,134,111,49,21,132,108" shuffle="mt19937ar,DC3054D9,3E7430A6,6C78CB8B,AA213DBA,44A51694,E4339E4F,AA822B50,5306BEB1"/><T104/><D104/><U63/><E72/><V88/><F124/><W122/><G33/><T101/><D131/><U110/><E116/><V90/><F70/><W127/><G127/><T125/><D125/><U103/><E129/><V50/><F64/><W112/><G112/><T67/><D123/><N who="3" m="47113" /><G30/><T54/><D32/><U2/><E31/><V1/><F1/><W46/><G10/><T24/><D14/><U9/><E2/><V130/><F130/><W107/><G93/><T128/><D35/><U0/><E0/><V97/><F96/><W119/><G107/><T26/><D26/><U19/><E94/><V80/><F80/><W68/><G68/><T114/><D114/><U117/><E69/><V79/><F79/><W39/><G39/><T75/><D75/><U7/><E9/><V85/><F85/><W73/><G73/><T4/><D4/><U51/><E84/><V6/><F90/><W65/><G65/><T83/><D83/><U40/><E7/><V105/><F6/><W20/><G20/><T77/><D128/><U41/><E23/><V3/><F3/><W106/><G106/><T60/><D101/><U113/><E103/><V15/><F105/><W47/><G47/><T44/><D100/><U25/><E120/><V71/><F71/><W126/><G126/><T13/><D44/><U42/><E115/><V28/><F28/><W78/><G78/><T74/><D67/><U56/><E113/><V12/><F36/><W92/><G119/><T8/><D74/><U102/><E117/><V38/><F37/><W5/><G5/><T45/><D22/><RYUUKYOKU ba="0,0" sc="250,0,250,0,250,0,250,0" /><INIT seed="1,1,0,5,5,108" ten="250,250,250,250" oya="1" hai0="46,27,74,66,6,36,73,17,124,115,63,15,8" hai1="92,43,61,84,18,34,116,32,4,56,127,97,122" hai2="120,23,57,67,54,101,106,30,20,103,55,81,25" hai3="11,134,16,123,111,60,79,53,28,9,131,99,2" shuffle="mt19937ar,99AFADB0,399A404F,A07C00E9,B7ADAA98,AC0B30C7,EEC4AE49,0A156CBF,1E7BC411"/><U83/><E122/><V24/><F120/><W95/><G111/><T7/><D124/><U3/><E116/><V26/><F81/><W125/><G123/><T89/><D115/><U49/><E4/><V42/><F42/><W64/><G134/><T37/><D6/><U12/><E3/><V39/><F39/><W51/><G131/><T38/><D46/><N who="1" m="25823" /><E34/><V93/><F106/><W128/><G125/><T112/><D112/><U117/><E32/><V70/><F70/><W94/><G79/><T107/><D107/><U87/><E127/><V29/><F25/><W50/><G28/><T96/><D27/><U88/><E83/><V5/><F5/><W14/><G2/><T35/><D35/><U132/><E132/><V62/><REACH who="2" step="1"/><F103/><REACH who="2" step="2"/><W78/><G128/><T59/><D7/><U86/><E117/><V80/><F80/><W129/><G129/><T105/><D105/><U76/><E76/><V98/><AGARI ba="1,1" hai="20,23,24,26,29,30,54,55,57,62,67,93,98,101" machi="98" ten="30,12000,2" yaku="1,1,0,1,9,1,25,2,8,1,53,0" doraHai="108" doraHaiUra="41" who="2" fromWho="2" sc="250,-31,250,-61,240,133,250,-31" /><INIT seed="2,0,0,2,5,21" ten="219,189,373,219" oya="2" hai0="6,81,128,91,45,124,97,118,123,129,120,131,48" hai1="12,102,90,73,132,3,8,53,2,64,83,34,57" hai2="103,78,126,28,111,52,94,58,87,110,113,56,40" hai3="22,119,0,116,112,14,24,11,31,7,13,105,65" shuffle="mt19937ar,9117080A,627346AA,910F9040,660DB0E6,BA5052B5,34B3BA2D,D986B5E2,DA485604"/><V42/><F113/><W59/><G105/><T54/><D6/><U43/><E34/><V60/><F126/><W130/><G65/><T10/><D124/><U68/><E68/><V19/><F28/><W85/><G59/><T79/><D10/><U69/><E132/><V25/><F78/><W5/><G85/><T92/><REACH who="0" step="1"/><D118/><REACH who="0" step="2"/><U88/><E8/><V4/><F4/><N who="3" m="1415" /><G112/><T44/><D44/><U30/><E3/><V67/><F110/><W20/><G130/><T127/><D127/><U17/><E2/><V101/><F111/><W96/><G96/><T29/><D29/><U23/><E30/><V70/><F70/><W125/><G125/><T104/><D104/><U15/><E69/><V49/><F103/><W36/><G36/><T27/><D27/><U32/><E102/><V106/><F106/><W38/><G38/><T71/><D71/><U80/><E15/><N who="3" m="5642" /><G20/><T117/><D117/><AGARI ba="0,1" hai="5,7,22,24,31,116,117,119" m="5642,1415" machi="117" ten="30,3900,0" yaku="34,2,52,1" doraHai="21" who="3" fromWho="0" sc="209,-39,189,0,373,0,219,49" /><INIT seed="3,0,0,3,1,33" ten="170,189,373,268" oya="3" hai0="54,22,68,44,127,121,95,7,19,6,56,49,132" hai1="17,122,20,134,32,101,23,123,89,110,21,125,102" hai2="50,61,79,29,116,12,15,1,99,114,109,88,91" hai3="25,14,64,84,69,41,65,4,107,47,130,97,9" shuffle="mt19937ar,A4DD3564,55190872,A5565ACD,DD6D6BBC,192D025B,D68FB99C,BF33860D,57C48221"/><W77/><G130/><T108/><D121/><U98/><E89/><N who="2" m="34379" /><F1/><W31/><G69/><T87/><D68/><U100/><E98/><V119/><F29/><W106/><G106/><T5/><D108/><U45/><E45/><V70/><F79/><W94/><G107/><T115/><D115/><U81/><E81/><V73/><F73/><W92/><G92/><T72/><D132/><U3/><E17/><V28/><F70/><W30/><G30/><T48/><D72/><U24/><E24/><V82/><F28/><W62/><G62/><T76/><D127/><U128/><E125/><V57/><F61/><W103/><G84/><T111/><D111/><U36/><E110/><V135/><F109/><W39/><REACH who="3" step="1"/><G77/><REACH who="3" step="2"/><T60/><D44/><U96/><E128/><V59/><F116/><W131/><G131/><T126/><D126/><U37/><E96/><V86/><F99/><W120/><G120/><N who="1" m="46122" /><E134/><V8/><F135/><W78/><G78/><T113/><D113/><U74/><E74/><V93/><F114/><W35/><AGARI ba="0,1" hai="4,9,14,25,31,35,39,41,47,64,65,94,97,103" machi="35" ten="20,7800,0" yaku="1,1,0,1,7,1,53,1" doraHai="33" doraHaiUra="42" who="3" fromWho="3" sc="170,-26,189,-26,373,-26,258,88" /><INIT seed="3,1,0,5,1,14" ten="144,163,347,346" oya="3" hai0="90,75,135,101,63,49,102,37,121,97,88,131,24" hai1="36,130,110,92,46,54,76,64,120,25,57,23,65" hai2="20,15,13,119,100,29,3,27,58,126,79,72,112" hai3="32,94,99,48,104,103,68,91,34,128,7,71,10" shuffle="mt19937ar,758EB2B6,C001A93A,C3E8A306,30848D21,1B5E6702,DD973D83,5222678E,24B16FE2"/><W50/><G128/><T8/><D37/><U30/><E120/><V59/><F112/><W26/><G34/><T53/><D75/><U81/><E130/><V17/><F3/><W12/><G50/><T51/><D121/><U133/><E133/><V28/><F79/><W44/><G26/><T19/><D135/><U78/><E92/><V21/><F72/><W77/><G77/><N who="1" m="29802" /><E81/><V93/><F126/><W105/><G32/><T60/><D131/><U39/><E39/><V114/><F119/><W47/><G47/><N who="0" m="27839" /><D51/><N who="1" m="29047" /><E36/><V86/><F29/><W132/><G132/><T109/><D109/><U117/><E117/><V67/><F114/><W134/><G134/><T115/><D115/><U6/><E110/><V70/><F70/><W31/><G31/><T1/><D1/><U74/><E74/><V116/><F28/><W43/><G105/><T61/><D97/><AGARI ba="1,0" hai="7,10,12,43,44,48,68,71,91,94,97,99,103,104" machi="97" ten="30,1500,0" yaku="7,1" doraHai="14" who="3" fromWho="0" sc="144,-18,163,0,347,0,346,18" owari="126,-27,163,-19,347,10,364,36" /></mjloggm>