<mjloggm ver="2.3"><GO type="97"/><UN n0="%6E%61%6F%6E%6F%72%69" n1="%E3%82%A6%E3%83%AB%E3%83%88%E3%83%A9%E7%AB%8B%E7%9B%B4" n2="%E7%87%95%E5%85%90" n3="%69%64%67%6F%72%75%66%75" dan="15,13,15,14" rate="1943,1800,2032,1884" sx="M,M,F,M"/><TAIKYOKU oya="0"/><INIT seed="0,0,0,1,0,21" ten="250,250,250,250" oya="0" hai0="96,16,4,98,85,89,134,28,60,7,41,100,23" hai1="75,9,18,86,31,93,105,35,94,58,97,104,73" hai2="24,5,72,19,61,81,2,122,54,128,65,52,30" hai3="25,116,120,13,106,108,10,80,6,125,62,27,103"/><T43/><D134/><U133/><E18/><V11/><F122/><W20/><G116/><T109/><D28/><U82/><E9/><V135/><F135/><W39/><G120/><T78/><D78/><U91/><E58/><V36/><F36/><W110/><G39/><T77/><D77/><N who="1" m="46415" /><E31/><V33/><F128/><W51/><G80/><N who="0" m="49319" /><D109/><N who="3" m="42089" /><G125/><T127/><D127/><U68/><E35/><V126/><F126/><W70/><G20/><T102/><D60/><U55/><E55/><V17/><F81/><W29/><G29/><T26/><D43/><U101/><E68/><V38/><F38/><W119/><G51/><T40/><D40/><U83/><E133/><V87/><F87/><W32/><G32/><T53/><D53/><U124/><E124/><V90/><F90/><W42/><G42/><T84/><D41/><U49/><E49/><V66/><F72/><N who="1" m="27721" /><E83/><V117/><F117/><W95/><G119/><T34/><D34/><U118/><E118/><V114/><F54/><W45/><G45/><T115/><D4/><U131/><E131/><V22/><F52/><W14/><G13/><T1/><D1/><U121/><E121/><V129/><F129/><W74/><G74/><T59/><D59/><U37/><E37/><V88/><F66/><N who="3" m="41303" /><G106/><T107/><D7/><U46/><E46/><V113/><F19/><W44/><G44/><T57/><D57/><U79/><E79/><V123/><F123/><W69/><G69/><T132/><D132/><U50/><E50/><V67/><F65/><W63/><G63/><T0/><D0/><U92/><E105/><V12/><F88/><AGARI ba="0,0" hai="88,91,92,93,94,97,101,104" m="27721,46415" machi="88" ten="30,12000,2" yaku="6,1,35,5,54,1" doraHai="21" who="1" fromWho="2" sc="250,0,250,120,250,-120,250,0" /><INIT seed="1,0,0,1,3,70" ten="250,370,130,250" oya="1" hai0="108,6,74,57,59,129,51,45,110,8,103,125,82" hai1="105,50,19,65,32,80,36,52,126,113,35,20,106" hai2="17,7,84,48,12,54,39,122,68,111,93,115,2" hai3="95,63,83,72,91,43,87,4,67,131,71,101,92"/><U89/><E113/><V33/><F122/><W100/><G131/><T60/><D125/><U34/><E65/><V66/><F115/><W98/><G4/><T37/><D129/><U88/><E36/><V119/><F119/><W117/><G117/><T69/><D103/><U49/><E126/><V16/><F33/><W18/><G43/><N who="0" m="22767" /><D69/><U94/><E80/><V76/><F111/><N who="0" m="42538" /><D51/><U130/><E130/><V10/><F66/><W133/><G133/><T134/><D134/><U27/><E50/><V28/><F68/><W90/><G18/><T97/><D97/><U26/><E26/><V86/><F28/><W99/><REACH who="3" step="1"/><G72/><REACH who="3" step="2"/><T62/><D62/><U81/><E19/><V73/><F17/><W55/><G55/><T24/><D60/><U15/><E52/><V85/><F73/><W53/><G53/><T5/><D24/><U11/><E27/><V0/><F76/><AGARI ba="0,1" hai="63,67,71,76,83,87,90,91,92,95,98,99,100,101" machi="76" ten="30,3900,0" yaku="1,1,7,1,9,1,53,0" doraHai="70" doraHaiUra="112" who="3" fromWho="2" sc="250,0,370,0,130,-39,240,49" /><INIT seed="2,0,0,3,3,19" ten="250,370,91,289" oya="2" hai0="86,98,93,116,57,73,108,129,5,20,131,110,64" hai1="122,53,49,66,77,102,6,130,33,56,32,83,95" hai2="105,100,126,27,43,106,50,40,87,74,92,36,121" hai3="81,42,127,21,114,26,37,119,45,2,84,22,118"/><V107/><F121/><W47/><G114/><T24/><D73/><U58/><E122/><V51/><F74/><W82/><G127/><T91/><D5/><U99/><E6/><V55/><F36/><W97/><G2/><T85/><D116/><U1/><E1/><V44/><F126/><W101/><G47/><T9/><D9/><U88/><E102/><V70/><F70/><W14/><G14/><T60/><D85/><U79/><E79/><V39/><F27/><W68/><G68/><T11/><D11/><U113/><E130/><N who="0" m="49673" /><D86/><U3/><E3/><V35/><F35/><W71/><G71/><T25/><D25/><U34/><E113/><V128/><F128/><W52/><G81/><T132/><D132/><U124/><E124/><V4/><F4/><W103/><G103/><T120/><D120/><U90/><E90/><V80/><F92/><W62/><G118/><T12/><D12/><U134/><E134/><V112/><F112/><W111/><G119/><T54/><D64/><U89/><E89/><V7/><F7/><W59/><G111/><T135/><D135/><U94/><E94/><V78/><F100/><W10/><G10/><T96/><D96/><U123/><E123/><V16/><F16/><AGARI ba="0,0" hai="16,20,24,54,57,60,91,93,98,108,110" m="49673" machi="16" ten="30,7700,0" yaku="25,1,19,1,52,1,54,1" doraHai="19" who="0" fromWho="2" sc="250,77,370,0,91,-77,289,0" /><INIT seed="3,0,0,2,4,72" ten="327,370,14,289" oya="3" hai0="63,120,70,4,103,96,75,69,98,20,71,8,135" hai1="121,126,73,60,0,117,2,89,18,91,74,80,16" hai2="17,102,64,11,65,79,5,41,47,40,28,34,122" hai3="101,62,125,106,68,81,85,113,9,58,50,59,118"/><W55/><G118/><T105/><D120/><U127/><E60/><V6/><F122/><W66/><G125/><T48/><D135/><U23/><E23/><V78/><F102/><W56/><G113/><T119/><D119/><U86/><E121/><V30/><F34/><W134/><G134/><T7/><D75/><N who="1" m="28683" /><E117/><V61/><F47/><W88/><G106/><T31/><D4/><U27/><E91/><V99/><F61/><W29/><G101/><T26/><D98/><U24/><E18/><V37/><F37/><W108/><G108/><T46/><D63/><U116/><E116/><V84/><F84/><W43/><G29/><T13/><REACH who="0" step="1"/><D71/><REACH who="0" step="2"/><U100/><E126/><V112/><F112/><W15/><REACH who="3" step="1"/><G43/><AGARI ba="0,1" hai="7,8,13,20,26,31,43,46,48,69,70,96,103,105" machi="43" ten="30,3900,0" yaku="1,1,2,1,7,1,53,0" doraHai="72" doraHaiUra="52" who="0" fromWho="3" sc="317,49,370,0,14,0,289,-39" owari="366,12,370,37,14,-39,250,-10" /></mjloggm>