<mjloggm ver="2.3"><GO type="193"/><UN n0="%E3%82%A6%E3%83%AB%E3%83%88%E3%83%A9%E7%AB%8B%E7%9B%B4" n1="%6B%65%2D%74%40" n2="%E7%A5%9E%E8%9B%87" n3="%E3%81%82%E3%81%91%E3%81%BE%E3%81%95" dan="12,11,13,12" rate="1803,1605,1727,1688" sx="M,M,M,M"/><TAIKYOKU oya="0"/><INIT seed="0,0,0,0,0,31" ten="250,250,250,250" oya="0" hai0="104,67,53,44,8,87,15,81,7,68,16,88,129" hai1="1,110,55,117,76,85,130,56,4,99,83,38,109" hai2="57,9,78,22,124,51,82,103,86,114,73,19,106" hai3="62,122,24,18,126,108,64,107,135,34,91,3,58" shuffle="mt19937ar,62E3284E,5923E87F,D11AF269,C8588820,80DDA305,32CBECF1,1BF067BA,ECA5D100"/><T33/><D104/><U105/><E117/><V125/><F114/><W29/><G135/><T63/><D129/><U47/><E130/><V100/><F9/><W111/><G126/><N who="2" m="48745" /><F106/><W11/><G122/><T80/><D80/><U79/><E38/><V113/><F113/><W42/><G107/><T45/><D33/><U17/><E47/><V32/><F73/><W77/><G77/><T115/><D115/><U49/><E105/><V30/><F30/><W93/><G42/><T28/><D28/><U127/><E127/><V120/><F120/><W46/><G46/><T92/><D53/><U35/><E99/><V12/><F32/><W26/><G26/><T90/><REACH who="0" step="1"/><D7/><REACH who="0" step="2"/><U102/><E35/><V25/><F25/><W71/><G71/><T65/><D65/><U50/><E83/><V69/><F69/><W84/><REACH who="3" step="1"/><G18/><REACH who="3" step="2"/><T112/><D112/><U40/><E17/><V74/><F82/><W89/><G89/><T10/><D10/><U72/><E40/><V37/><F19/><W134/><G134/><T121/><D121/><U13/><E79/><V0/><F78/><W123/><G123/><T70/><D70/><U96/><E76/><V101/><F103/><W128/><G128/><T6/><D6/><AGARI ba="0,2" hai="3,6,11,24,29,34,58,62,64,84,91,93,108,111" machi="6" ten="40,5200,0" yaku="1,1,52,1,53,1" doraHai="31" doraHaiUra="2" who="3" fromWho="0" sc="240,-52,250,0,250,0,240,72" /><INIT seed="1,0,0,4,2,22" ten="188,250,250,312" oya="1" hai0="135,51,89,55,38,44,28,19,64,39,13,40,105" hai1="21,93,35,62,102,108,97,37,23,85,101,52,70" hai2="24,81,41,71,47,2,129,9,76,34,3,78,104" hai3="83,46,98,7,111,124,94,11,88,61,0,100,84" shuffle="mt19937ar,73EB6C36,7B244D20,4232F6EA,AD462A30,57C973F5,3B1DF3E2,EE2E045E,49F494FF"/><U45/><E35/><V116/><F116/><W114/><G124/><T112/><D105/><U53/><E108/><V132/><F71/><W99/><G114/><T95/><D112/><U54/><E37/><V59/><F129/><W20/><G111/><T58/><D135/><U118/><E118/><V57/><F132/><W72/><G99/><T14/><D28/><U109/><E109/><V90/><F104/><W125/><G125/><T49/><D64/><U5/><E5/><V1/><F9/><W33/><G33/><T6/><D6/><U18/><E70/><V119/><F119/><W56/><G46/><T67/><D67/><U103/><E85/><V77/><F90/><W106/><G20/><T117/><D117/><U130/><E130/><V17/><F81/><W32/><G32/><T134/><D134/><U66/><E45/><V73/><F73/><W80/><REACH who="3" step="1"/><G72/><REACH who="3" step="2"/><T31/><D31/><U91/><E23/><V10/><F34/><W16/><G16/><T65/><D65/><AGARI ba="0,1" hai="0,7,11,56,61,65,80,83,84,88,94,98,100,106" machi="65" ten="30,3900,0" yaku="1,1,7,1,54,1,53,0" doraHai="22" doraHaiUra="121" who="3" fromWho="0" sc="188,-39,250,0,250,0,302,49" /><BYE who="0" /><INIT seed="2,0,0,5,0,119" ten="149,250,250,351" oya="2" hai0="40,57,71,5,65,43,61,44,82,114,93,32,127" hai1="6,98,9,46,95,15,55,37,76,39,122,125,121" hai2="50,26,70,67,62,54,59,88,86,131,123,83,1" hai3="87,89,25,117,100,22,108,63,34,38,113,36,115" shuffle="mt19937ar,7B74F343,AF78E8B5,2ED72A32,32EC1FA5,9FA9C295,162D923F,CD6F54FD,FCCB9D2D"/><V29/><F123/><N who="1" m="47113" /><E76/><V135/><F1/><W75/><G117/><T104/><D104/><U18/><E125/><V120/><F120/><W90/><G75/><T107/><D107/><U78/><E78/><V99/><F131/><W27/><G34/><T0/><D0/><U92/><E6/><V4/><F135/><W64/><G100/><T48/><D48/><N who="1" m="29079" /><E92/><V109/><F109/><W73/><G73/><T85/><D85/><U3/><E3/><V68/><F4/><W105/><G105/><T56/><D56/><U133/><E133/><V13/><F13/><W14/><G108/><T53/><D53/><U97/><E95/><V112/><F99/><AGARI ba="0,0" hai="9,15,18,37,39,97,98,99" m="29079,47113" machi="99" ten="30,7700,0" yaku="13,1,52,3" doraHai="119" who="1" fromWho="2" sc="149,0,250,77,250,-77,351,0" /><INIT seed="3,0,0,1,3,79" ten="149,327,173,351" oya="3" hai0="133,8,63,21,37,43,40,91,2,111,15,108,67" hai1="44,106,110,39,4,57,23,33,56,17,80,65,123" hai2="78,74,62,69,95,72,24,85,105,83,54,82,49" hai3="10,93,87,103,66,124,86,60,128,96,125,64,70" shuffle="mt19937ar,34D3D872,13FF21AA,98031919,104080AE,1F636CC4,8070EC7E,31E1C382,83AFA77C"/><W122/><G122/><T92/><D92/><U55/><E33/><V104/><F69/><W90/><G128/><T9/><D9/><U113/><E123/><V115/><F62/><W20/><G20/><T58/><D58/><U35/><E106/><N who="2" m="41067" /><F24/><W131/><G131/><T76/><D76/><U16/><E35/><V126/><F49/><W45/><G45/><T97/><D97/><U112/><E4/><V3/><F54/><W13/><G66/><T51/><D51/><U116/><E116/><V11/><F11/><W127/><REACH who="3" step="1"/><G103/><REACH who="3" step="2"/><T7/><D7/><AGARI ba="0,1" hai="7,10,13,60,64,70,86,87,90,93,96,124,125,127" machi="7" ten="40,7700,0" yaku="1,1,2,1,18,1,53,0" doraHai="79" doraHaiUra="19" who="3" fromWho="0" sc="149,-77,327,0,173,0,341,87" owari="72,-33,327,8,173,-18,428,43" /></mjloggm>