<mjloggm ver="2.3"><GO type="41"/><UN n0="%E5%BD%93%E5%A4%A7%E4%BB%8B" n1="%6D%6F%6F%6E%6F" n2="%E3%82%A6%E3%83%AB%E3%83%88%E3%83%A9%E7%AB%8B%E7%9B%B4" n3="%4E%49%4E" dan="15,16,13,15" rate="1997,2010,1883,1971" sx="M,M,M,M"/><TAIKYOKU oya="0"/><INIT seed="0,0,0,2,0,115" ten="250,250,250,250" oya="0" hai0="7,80,22,81,131,26,130,33,84,95,74,11,29" hai1="69,2,44,31,43,77,41,134,96,89,5,18,72" hai2="13,90,15,104,101,111,76,16,114,97,0,17,51" hai3="14,38,56,24,92,54,48,57,123,66,129,37,109"/><T55/><D95/><N who="1" m="56431" /><E18/><V124/><F0/><W78/><G109/><T113/><D113/><U62/><E43/><V34/><F34/><W12/><G129/><N who="0" m="49163" /><D74/><U70/><E62/><V35/><F35/><W28/><G123/><T103/><D103/><U118/><E31/><V88/><F111/><W100/><G78/><T68/><D68/><U87/><E87/><V135/><F114/><W122/><G122/><T10/><D10/><N who="1" m="2359" /><E70/><V52/><F76/><W83/><G83/><T1/><D84/><U23/><E23/><V75/><F75/><W127/><G127/><T117/><D33/><U91/><E91/><V64/><F124/><W93/><G38/><T86/><D80/><N who="1" m="45095" /><E69/><V94/><F135/><W21/><G37/><T3/><D3/><U40/><E40/><V63/><F104/><W60/><G92/><T120/><D55/><U119/><E134/><V65/><F63/><W99/><AGARI ba="0,0" hai="12,14,21,24,28,48,54,56,57,60,66,93,99,100" machi="99" ten="30,7900,0" yaku="0,1,25,2,8,1" doraHai="115" who="3" fromWho="3" sc="250,-39,250,-20,250,-20,250,79" /><INIT seed="1,0,0,1,1,18" ten="211,230,230,329" oya="1" hai0="79,33,125,88,20,41,55,60,78,42,8,81,10" hai1="77,127,75,52,133,17,70,63,66,105,97,64,128" hai2="120,106,87,38,135,53,80,12,50,103,21,99,58" hai3="74,3,13,84,15,118,114,96,131,107,100,57,51"/><U40/><E66/><V24/><F38/><W9/><G114/><T27/><D33/><U113/><E113/><V124/><F12/><W28/><G74/><T19/><D125/><U116/><E116/><V85/><F124/><W102/><G102/><T67/><D55/><U48/><E127/><V45/><F135/><W59/><G131/><T108/><D108/><U43/><E133/><V98/><F120/><W126/><G126/><T109/><D109/><U32/><E32/><V30/><F98/><W39/><G39/><T69/><D79/><U14/><E77/><V117/><F117/><W121/><G121/><T104/><D104/><U4/><E4/><V90/><F85/><W25/><G3/><T22/><D88/><U72/><E72/><V129/><F129/><W26/><G26/><T93/><D93/><U65/><E65/><V35/><F35/><W11/><G118/><T2/><D2/><U37/><E75/><V61/><F61/><W82/><G13/><T76/><D76/><U130/><E37/><V132/><F132/><W111/><G111/><T94/><D94/><U83/><E83/><V31/><REACH who="2" step="1"/><F45/><REACH who="2" step="2"/><W122/><G15/><T101/><D60/><N who="1" m="40199" /><E130/><V36/><F36/><W34/><G122/><T119/><D119/><U95/><E63/><V86/><F86/><W6/><G84/><T7/><D69/><U89/><E128/><V49/><F49/><W16/><G51/><T62/><D62/><U123/><E123/><V112/><F112/><W73/><G73/><T29/><D67/><U92/><E48/><V56/><F56/><W115/><G59/><RYUUKYOKU ba="0,1" sc="211,-10,230,-10,220,30,329,-10" hai2="21,24,30,31,50,53,58,80,87,90,99,103,106" /><INIT seed="2,1,1,5,2,65" ten="201,220,250,319" oya="2" hai0="119,62,116,28,78,118,19,25,98,91,110,48,79" hai1="73,2,26,128,92,61,96,52,75,114,49,32,70" hai2="8,21,44,90,11,104,135,87,24,71,115,67,54" hai3="74,103,111,126,101,9,120,131,27,130,17,63,14"/><V42/><F104/><W29/><G120/><T102/><D110/><U94/><E2/><V80/><F115/><W53/><G111/><T83/><D19/><U23/><E32/><V22/><F135/><W121/><G121/><T85/><D48/><U99/><E114/><V7/><F54/><W31/><G74/><T82/><D62/><U0/><E0/><V58/><F58/><N who="3" m="35279" /><G126/><T30/><D30/><N who="3" m="11273" /><G27/><T93/><REACH who="0" step="1"/><D83/><REACH who="0" step="2"/><U123/><E61/><V39/><F24/><W55/><G55/><T37/><D37/><U97/><E26/><V122/><F122/><W127/><G127/><T107/><D107/><U76/><E123/><V6/><F6/><W68/><G68/><T134/><D134/><U113/><E52/><V51/><F51/><W105/><G105/><T1/><D1/><U15/><E70/><V124/><F124/><W33/><G33/><AGARI ba="1,2" hai="25,28,33,78,79,82,85,91,93,98,102,116,118,119" machi="33" ten="40,2600,0" yaku="1,1,12,1,53,0" doraHai="65" doraHaiUra="16" who="0" fromWho="3" sc="191,49,220,0,250,0,319,-29" /><INIT seed="3,0,0,3,3,87" ten="240,220,250,290" oya="3" hai0="28,56,133,9,48,68,57,117,1,14,75,105,59" hai1="0,8,89,83,119,5,23,4,32,126,95,42,112" hai2="58,76,70,122,3,18,44,93,120,33,35,60,20" hai3="74,99,94,127,135,71,79,27,111,12,16,103,64"/><W114/><G114/><T10/><D68/><U96/><E32/><V125/><F70/><W65/><G127/><T77/><D117/><U55/><E112/><V61/><F76/><W30/><G135/><T53/><D105/><U7/><E126/><V72/><F72/><W26/><G74/><T63/><D133/><U52/><E119/><V36/><F3/><W134/><G134/><T31/><D63/><U92/><E42/><V132/><F61/><W84/><G111/><T34/><D34/><U25/><E83/><V62/><F62/><W21/><G71/><T86/><D75/><U22/><E8/><V128/><F132/><W97/><G99/><T45/><D1/><U110/><E110/><V115/><F115/><W85/><G27/><T129/><D129/><U2/><E2/><V90/><F128/><W113/><G113/><T101/><D101/><U50/><E25/><V47/><F125/><W98/><G97/><T81/><REACH who="0" step="1"/><D10/><REACH who="0" step="2"/><U104/><E104/><V100/><F100/><W124/><G124/><T51/><D51/><U41/><E0/><V123/><F35/><W82/><G85/><T17/><AGARI ba="0,1" hai="9,14,17,28,31,45,48,53,56,57,59,77,81,86" machi="17" ten="30,4000,0" yaku="1,1,0,1,8,1,53,0" doraHai="87" doraHaiUra="106" who="0" fromWho="0" sc="230,50,220,-10,250,-10,290,-20" /><INIT seed="4,0,0,4,4,91" ten="280,210,240,270" oya="0" hai0="25,66,82,101,43,131,92,7,45,74,40,1,70" hai1="52,16,55,2,51,84,6,134,54,133,69,8,102" hai2="123,73,87,86,113,11,12,97,32,28,59,20,80" hai3="41,118,65,36,119,61,42,83,81,98,3,26,122"/><T49/><D70/><U76/><E69/><V30/><F32/><W110/><G110/><T39/><D66/><U105/><E105/><V35/><F35/><W99/><G3/><T124/><D124/><U95/><E76/><V89/><F73/><W22/><G122/><T106/><D106/><U111/><E111/><V46/><F123/><W47/><G42/><T10/><D25/><U60/><E60/><V48/><F97/><W19/><G99/><N who="0" m="59623" /><D43/><U62/><E62/><V56/><F113/><W14/><G26/><T94/><D49/><U9/><E51/><V129/><F129/><W100/><G119/><T0/><D0/><U77/><E102/><V37/><F37/><W13/><G14/><T21/><D21/><U104/><E104/><V53/><F86/><W109/><G109/><T112/><D94/><U23/><E9/><V88/><F89/><W116/><G118/><T125/><D125/><U107/><E107/><V33/><F33/><W71/><REACH who="3" step="1"/><G116/><REACH who="3" step="2"/><T121/><D121/><U31/><E31/><V58/><F20/><W24/><G24/><T72/><D131/><U68/><E2/><V132/><REACH who="2" step="1"/><F132/><REACH who="2" step="2"/><W57/><G57/><T115/><D72/><U90/><E68/><V135/><F135/><W126/><G126/><T63/><D74/><U15/><E134/><V44/><F44/><W75/><G75/><T108/><D108/><U50/><E133/><V78/><F78/><W130/><G130/><T128/><D128/><U127/><E77/><V79/><F79/><W38/><G38/><T85/><D39/><U67/><E127/><V29/><F29/><RYUUKYOKU ba="0,2" sc="280,-15,210,-15,230,15,260,15" hai2="11,12,28,30,46,48,53,56,58,59,80,87,88" hai3="13,19,22,36,41,47,61,65,71,81,83,98,100" /><INIT seed="5,1,2,2,2,73" ten="265,195,245,275" oya="1" hai0="132,5,128,100,135,129,127,82,50,71,120,6,87" hai1="1,25,52,93,80,37,20,112,104,98,103,114,117" hai2="40,64,113,126,57,43,123,105,119,74,31,9,62" hai3="65,79,16,61,53,102,131,122,81,94,59,109,92"/><U4/><E37/><V134/><F105/><W84/><G109/><T106/><D71/><U55/><E117/><V70/><F123/><W13/><G131/><N who="0" m="50251" /><D50/><U46/><E104/><V95/><F119/><W19/><G122/><T36/><D36/><U107/><E107/><V76/><F126/><W28/><G28/><T32/><D32/><U88/><E1/><V49/><F134/><N who="0" m="51242" /><D120/><U85/><E4/><V3/><F113/><N who="1" m="43625" /><E46/><V24/><F95/><N who="3" m="36395" /><G102/><T10/><D10/><U15/><E15/><V58/><F70/><W2/><G2/><T14/><D14/><U68/><E68/><V27/><F9/><N who="3" m="6191" /><G19/><AGARI ba="1,2" hai="19,20,25,52,55,80,85,88,93,98,103" m="43625" machi="19" ten="30,5800,0" yaku="15,1,54,2" doraHai="73" who="1" fromWho="3" sc="265,0,195,81,245,0,275,-61" /><INIT seed="5,2,0,3,1,134" ten="265,276,245,214" oya="1" hai0="50,120,22,14,19,64,104,29,30,55,34,91,15" hai1="131,112,49,87,7,80,60,21,52,106,26,44,113" hai2="116,32,33,24,81,59,71,58,102,45,36,67,110" hai3="101,98,129,13,124,133,125,38,74,114,12,89,121"/><U39/><E106/><V31/><F116/><W66/><G38/><T123/><D104/><U117/><E117/><V79/><F110/><W4/><G121/><N who="0" m="46667" /><D34/><U48/><E7/><V111/><F111/><W47/><G133/><T132/><D132/><U84/><E39/><V118/><F118/><W3/><G129/><T122/><D64/><U62/><E131/><V1/><F102/><W10/><G74/><T127/><D122/><U43/><E87/><V57/><F1/><W20/><G114/><T78/><D78/><N who="1" m="46103" /><E113/><V53/><F67/><W86/><G66/><T42/><D42/><U25/><E112/><V103/><F71/><W41/><G41/><T65/><D65/><U82/><E82/><V126/><F103/><W97/><G47/><T108/><D108/><U61/><E21/><V16/><F33/><W17/><G3/><T18/><D91/><U93/><E93/><V85/><F36/><W51/><G51/><T27/><D127/><N who="3" m="48713" /><G101/><T96/><D50/><U56/><AGARI ba="2,0" hai="25,26,43,44,48,49,52,56,60,61,62" m="46103" machi="56" ten="30,3000,0" yaku="8,1,54,1" doraHai="134" who="1" fromWho="1" sc="265,-12,276,36,245,-12,214,-12" /><INIT seed="5,3,0,4,4,52" ten="253,312,233,202" oya="1" hai0="12,108,97,22,46,66,35,79,41,74,70,19,118" hai1="37,51,29,30,92,114,101,126,1,11,50,26,106" hai2="56,76,131,14,105,124,18,58,115,120,73,86,6" hai3="75,122,64,113,98,7,16,82,45,100,103,54,43"/><U109/><E37/><V13/><F105/><W85/><G122/><T77/><D108/><U17/><E106/><V107/><F73/><W69/><G113/><T80/><D118/><U31/><E109/><V34/><F34/><W111/><G111/><T123/><D35/><U21/><E114/><V116/><F107/><W68/><G75/><T28/><D28/><U81/><E126/><V94/><F115/><W112/><G112/><T23/><D77/><U104/><E104/><V89/><F120/><W40/><G7/><T95/><D123/><U47/><E81/><N who="2" m="47399" /><F116/><W93/><G103/><T99/><D70/><U36/><E36/><V15/><F124/><W25/><G69/><T55/><D66/><U8/><E1/><V60/><F131/><W33/><G64/><T4/><D55/><U5/><E5/><V67/><F6/><W88/><G68/><T128/><D128/><U87/><E51/><V96/><F18/><W38/><G33/><T32/><D32/><U130/><E130/><V48/><F15/><W134/><G134/><T129/><D129/><U84/><E101/><V27/><F27/><W9/><G38/><T132/><D132/><U119/><E119/><V24/><F24/><W133/><G133/><T44/><D4/><U78/><E78/><V20/><F20/><N who="3" m="13447" /><G9/><N who="1" m="3658" /><E92/><V71/><F71/><W83/><G82/><T57/><D95/><U135/><E135/><V61/><F48/><AGARI ba="3,0" hai="40,43,45,48,54,83,85,88,93,98,100" m="13447" machi="48" ten="30,3900,0" yaku="8,1,54,2" doraHai="52" who="3" fromWho="2" sc="253,0,312,0,233,-48,202,48" /><INIT seed="6,0,0,4,0,59" ten="253,312,185,250" oya="2" hai0="135,1,125,79,130,49,109,46,89,118,31,38,113" hai1="33,21,20,40,26,69,68,42,65,27,108,29,57" hai2="15,97,52,36,111,67,76,53,107,0,133,77,75" hai3="9,127,63,25,106,131,87,54,93,120,34,37,100"/><V128/><F0/><W81/><G120/><T103/><D1/><U5/><E108/><V30/><F36/><W88/><G37/><T43/><D109/><U129/><E69/><V32/><F111/><W3/><G131/><T96/><D79/><U95/><E68/><V10/><F128/><W23/><G34/><T56/><D130/><U84/><E33/><V126/><F133/><W18/><G106/><T24/><D135/><U41/><E5/><V58/><F126/><W98/><G127/><T62/><D125/><U105/><E105/><V86/><F75/><W90/><G3/><T22/><D89/><U50/><E129/><V35/><F35/><W99/><G9/><T47/><D113/><U94/><E84/><V70/><F70/><W19/><G99/><T119/><D46/><U91/><E91/><V61/><F32/><W124/><G124/><T85/><D85/><U74/><E74/><V134/><F30/><N who="3" m="17727" /><G90/><T116/><D38/><U132/><E132/><V6/><F134/><W78/><G78/><T117/><D117/><U104/><E104/><V11/><F11/><W92/><G93/><T28/><D28/><N who="1" m="17479" /><E50/><V73/><F73/><W123/><G123/><T82/><D82/><U101/><E101/><V14/><F14/><W44/><G44/><T60/><D56/><AGARI ba="0,0" hai="18,19,54,56,63,81,87,88,92,98,100" m="17727" machi="56" ten="30,3900,0" yaku="8,1,52,1,54,1" doraHai="59" who="3" fromWho="0" sc="253,-39,312,0,185,0,250,39" /><INIT seed="7,0,0,2,2,90" ten="214,312,185,289" oya="3" hai0="12,112,67,19,75,1,81,132,8,47,34,80,129" hai1="105,42,18,44,32,58,41,65,26,121,111,83,23" hai2="16,7,4,6,116,122,117,99,17,100,120,36,27" hai3="106,33,86,127,131,30,63,88,61,114,134,97,28"/><W70/><G114/><T55/><D34/><U37/><E105/><V62/><F62/><W128/><G134/><T82/><D1/><U89/><E111/><V49/><F49/><W9/><G127/><T5/><D132/><U130/><E121/><N who="2" m="46699" /><F36/><W35/><G9/><T91/><D75/><U118/><E130/><N who="3" m="49706" /><G97/><T77/><D129/><U66/><E118/><N who="2" m="45675" /><F99/><W48/><G106/><T56/><D77/><U133/><E133/><V108/><F100/><W13/><G13/><N who="0" m="5263" /><D112/><U96/><E32/><N who="3" m="12362" /><G48/><N who="0" m="30823" /><D67/><U71/><E66/><V54/><F54/><W72/><G72/><T10/><D47/><U64/><E65/><V51/><F51/><W46/><G46/><T84/><AGARI ba="0,0" hai="10,12,19,80,81,82,84,91" m="30823,5263" machi="84" ten="30,1100,0" yaku="8,1" doraHai="90" who="0" fromWho="0" sc="214,11,312,-3,185,-3,289,-5" owari="225,-17,309,41,182,-32,284,8" /></mjloggm>