<mjloggm ver="2.3"><GO type="97"/><UN n0="%E5%8C%97%E6%96%97%E7%A5%9E%E6%8B%B3%E4%BC%9D%E6%89%BF%E8%80%85" n1="%E3%82%A6%E3%83%AB%E3%83%88%E3%83%A9%E7%AB%8B%E7%9B%B4" n2="%E3%83%90%E3%83%83%E3%82%BF%E7%B7%91%E4%B8%80%E8%89%B2" n3="%E3%81%86%E3%81%BE%E3%81%8A%E3%83%91%E3%83%91" dan="13,13,14,15" rate="1837,1823,1821,1918" sx="M,M,M,M"/><TAIKYOKU oya="0"/><INIT seed="0,0,0,4,5,31" ten="250,250,250,250" oya="0" hai0="125,28,104,131,115,10,70,9,100,21,79,88,76" hai1="98,32,3,80,44,95,68,49,93,53,82,37,34" hai2="66,52,124,35,126,109,92,87,56,43,64,122,17" hai3="77,13,113,67,91,118,120,41,6,130,107,55,1"/><T101/><D70/><U33/><E3/><V117/><F122/><W60/><G107/><T12/><D115/><U71/><E37/><V108/><F43/><W24/><G1/><T85/><D131/><U62/><E95/><V89/><F117/><W25/><G41/><T102/><D125/><N who="2" m="48234" /><F17/><W26/><G77/><N who="0" m="29771" /><D104/><U42/><E71/><V96/><F96/><W8/><G120/><T19/><D28/><U65/><REACH who="1" step="1"/><E42/><REACH who="1" step="2"/><V135/><F135/><W20/><G118/><T127/><D127/><U0/><E0/><V123/><F123/><W94/><G130/><T4/><D4/><U121/><E121/><V116/><F116/><W69/><G113/><T99/><D99/><U23/><E23/><V86/><F87/><W75/><G75/><T105/><D105/><U16/><E16/><V97/><F86/><W46/><G20/><T30/><D30/><U74/><E74/><V14/><F35/><W61/><G6/><T47/><D47/><U18/><E18/><V29/><F29/><W84/><G46/><T128/><D128/><U45/><E45/><V112/><F112/><W72/><G72/><T58/><D58/><U133/><E133/><V40/><F40/><W2/><G2/><T63/><D63/><U90/><AGARI ba="0,1" hai="32,33,34,44,49,53,62,65,68,80,82,90,93,98" machi="90" ten="30,8000,1" yaku="1,1,0,1,52,3,53,0" doraHai="31" doraHaiUra="81" who="1" fromWho="1" sc="250,-40,240,90,250,-20,250,-20" /><INIT seed="1,0,0,1,2,61" ten="210,330,230,230" oya="1" hai0="53,71,33,117,112,55,120,19,100,108,20,79,1" hai1="57,78,114,107,84,94,3,133,118,93,37,113,131" hai2="28,70,54,44,18,38,106,7,75,45,63,9,52" hai3="76,91,42,72,77,135,32,82,51,29,125,60,5"/><U121/><E37/><V87/><F106/><W65/><G125/><T50/><D71/><U134/><E57/><V10/><F75/><W103/><G135/><N who="1" m="51722" /><E3/><V12/><F28/><W101/><G5/><T110/><D33/><U89/><E121/><V96/><F70/><W90/><G32/><T68/><D1/><U95/><E118/><V31/><F31/><W15/><G29/><T66/><D117/><U30/><E30/><V104/><F104/><W67/><G15/><T102/><D68/><U128/><E78/><V22/><F96/><W86/><G42/><T17/><D79/><U88/><E107/><V124/><F87/><W8/><G8/><N who="2" m="3177" /><F124/><W109/><G51/><T0/><D0/><U24/><E24/><V64/><F7/><W11/><G11/><T85/><D120/><U69/><E69/><V39/><F38/><W130/><G60/><T73/><D50/><U58/><E58/><N who="2" m="36983" /><F39/><W116/><G116/><T16/><D20/><U62/><E62/><V129/><F129/><N who="1" m="49737" /><E84/><V40/><F40/><W127/><G130/><T115/><D85/><U46/><E46/><AGARI ba="0,0" hai="12,18,22,44,45,46,52,54" m="36983,3177" machi="46" ten="30,3900,0" yaku="8,1,52,1,54,1" doraHai="61" who="2" fromWho="1" sc="210,0,330,-39,230,39,230,0" /><INIT seed="2,0,0,4,5,6" ten="210,291,269,230" oya="2" hai0="133,117,46,50,111,44,4,90,96,62,33,78,86" hai1="30,102,85,83,131,2,57,56,32,15,16,101,75" hai2="22,43,72,98,25,94,110,5,95,70,106,9,39" hai3="122,41,104,60,76,79,35,100,34,27,103,121,31"/><V67/><F72/><W7/><G41/><T118/><D33/><U126/><E2/><V120/><F120/><W69/><G7/><T29/><D29/><U129/><E75/><V112/><F112/><W99/><G35/><T61/><D96/><U132/><E30/><V55/><F106/><W1/><G103/><N who="1" m="39434" /><E32/><V125/><F125/><W8/><G8/><T19/><D111/><U97/><E97/><V0/><F110/><W105/><G105/><T49/><D133/><U13/><E13/><V24/><F25/><W45/><G1/><T52/><D4/><U20/><E132/><V73/><F73/><W17/><G17/><T92/><D78/><N who="3" m="29737" /><G45/><T58/><D19/><U114/><E114/><V91/><F55/><W93/><G93/><T40/><REACH who="0" step="1"/><D62/><REACH who="0" step="2"/><U36/><E126/><V14/><F0/><W109/><G109/><T113/><D113/><U81/><E16/><V128/><F5/><W59/><G122/><T116/><D116/><U77/><E77/><V124/><F124/><W130/><G121/><T53/><AGARI ba="0,1" hai="40,44,46,49,50,52,53,58,61,86,90,92,117,118" machi="53" ten="30,7900,0" yaku="1,1,0,1,54,1,53,1" doraHai="6" doraHaiUra="89" who="0" fromWho="0" sc="200,89,291,-20,269,-39,230,-20" /><INIT seed="3,0,0,2,0,60" ten="289,271,230,210" oya="3" hai0="130,80,124,108,12,4,64,89,14,50,54,30,72" hai1="7,20,104,116,78,52,48,17,65,33,25,8,81" hai2="23,128,70,15,29,26,51,55,37,24,99,98,42" hai3="59,44,56,86,109,97,21,115,84,57,2,118,61"/><W47/><G115/><T126/><D30/><U102/><E116/><V39/><F70/><W87/><G118/><T120/><D120/><U83/><E33/><V119/><F119/><W122/><G122/><T95/><D130/><U43/><E43/><V1/><F1/><W123/><G123/><T3/><D3/><U92/><E104/><V38/><F128/><W111/><G2/><T32/><D32/><U16/><E7/><V63/><F15/><W74/><G74/><T18/><D4/><U5/><E5/><V101/><F98/><W10/><G10/><T117/><D117/><U46/><E65/><V113/><F113/><W45/><G97/><T76/><D108/><N who="3" m="41545" /><G21/><T125/><D64/><AGARI ba="0,0" hai="44,45,47,56,57,59,61,64,84,86,87" m="41545" machi="64" ten="40,7700,0" yaku="14,1,10,1,52,1" doraHai="60" who="3" fromWho="0" sc="289,-77,271,0,230,0,210,77" /><INIT seed="3,1,0,0,5,49" ten="212,271,230,287" oya="3" hai0="2,37,28,94,95,109,11,58,50,103,70,125,105" hai1="75,107,116,128,86,90,117,67,10,96,4,17,22" hai2="5,26,106,13,73,46,121,36,55,31,41,114,93" hai3="122,134,120,34,110,123,51,69,20,133,112,30,77"/><W27/><G69/><T18/><D70/><U124/><E75/><V61/><F73/><W32/><G77/><T16/><D37/><U66/><E124/><V79/><F114/><W91/><G112/><T52/><D125/><U131/><E66/><V82/><F106/><W80/><G110/><T24/><D109/><U14/><E67/><V130/><F121/><W87/><REACH who="3" step="1"/><G51/><REACH who="3" step="2"/><T99/><D2/><U21/><E117/><V19/><F79/><W68/><G68/><T56/><D56/><U118/><E116/><V102/><F36/><W83/><G83/><T81/><D81/><U12/><E118/><V72/><F82/><W23/><G23/><T38/><D38/><U15/><E22/><V29/><F61/><W45/><G45/><T119/><D119/><U65/><E15/><V48/><F13/><W127/><G127/><T1/><D1/><U39/><E39/><V6/><F46/><W71/><G71/><T59/><D59/><U89/><E65/><V108/><F108/><W57/><G57/><T85/><D11/><U44/><E44/><V9/><F9/><W104/><G104/><T126/><D126/><U63/><E63/><V60/><F60/><W0/><G0/><T78/><D78/><U62/><E62/><V97/><F72/><W101/><G101/><T7/><D105/><U88/><REACH who="1" step="1"/><E86/><REACH who="1" step="2"/><V3/><F3/><W43/><G43/><T53/><D58/><U35/><E35/><AGARI ba="1,2" hai="20,27,30,32,34,35,80,87,91,120,122,123,133,134" machi="35" ten="50,2400,0" yaku="1,1,53,0" doraHai="49" doraHaiUra="74" who="3" fromWho="1" sc="212,0,261,-27,230,0,277,47" owari="212,-19,234,-2,230,-12,324,33" /></mjloggm>