<mjloggm ver="2.3"><GO type="41"/><UN n0="%4E%6F%69%74%72%61" n1="%E8%B6%A3%E5%91%B3%E4%BA%BA%73%65%69%79%61" n2="%E3%81%B1%E3%81%98" n3="%E3%82%A6%E3%83%AB%E3%83%88%E3%83%A9%E7%AB%8B%E7%9B%B4" dan="13,14,13,15" rate="1807,1896,1998,1957" sx="M,M,M,M"/><TAIKYOKU oya="0"/><INIT seed="0,0,0,5,1,80" ten="250,250,250,250" oya="0" hai0="47,42,118,66,83,87,92,63,20,116,29,79,19" hai1="1,85,52,108,60,106,73,4,13,131,112,67,48" hai2="120,90,32,88,16,81,98,127,24,26,65,22,134" hai3="99,126,133,124,119,45,38,77,28,135,37,97,107"/><T104/><D104/><U129/><E106/><V121/><F120/><W15/><G107/><T46/><D29/><U49/><E73/><V33/><F121/><W43/><G28/><T114/><D114/><U103/><E103/><V111/><F111/><W64/><G77/><T0/><D92/><U14/><E1/><V44/><F127/><W36/><G15/><T71/><D0/><U130/><E108/><V35/><F134/><N who="3" m="51211" /><G99/><T75/><D75/><U58/><E112/><V57/><F44/><W94/><G94/><T55/><D46/><U8/><E14/><V62/><F98/><W59/><G97/><T68/><D55/><U2/><E2/><V5/><F5/><W50/><G119/><T113/><D71/><U128/><N who="1" m="33280" /><DORA hai="110" /><U61/><REACH who="1" step="1"/><E85/><REACH who="1" step="2"/><V41/><F81/><W101/><G101/><T7/><D113/><U74/><E74/><V117/><F117/><W123/><G123/><T53/><D118/><U21/><E21/><V78/><F78/><W70/><G124/><T11/><D116/><U9/><E9/><V69/><F69/><AGARI ba="0,1" hai="4,8,13,48,49,52,58,60,61,67,69" m="33280" machi="69" ten="70,8000,1" yaku="1,1,19,1,54,1,53,0" doraHai="80,110" doraHaiUra="102,18" who="1" fromWho="2" sc="250,0,240,90,250,-80,250,0" /><INIT seed="1,0,0,4,0,109" ten="250,330,170,250" oya="1" hai0="132,86,28,129,31,127,89,74,6,38,82,37,114" hai1="117,80,81,20,46,119,101,134,110,123,83,15,71" hai2="72,26,104,24,58,51,5,4,29,14,41,19,48" hai3="35,90,42,85,7,116,53,133,102,30,21,27,125"/><U113/><E71/><V120/><F72/><W34/><G116/><T40/><D74/><U16/><E123/><V131/><F120/><W77/><G125/><T107/><D127/><U62/><E62/><V9/><F104/><W108/><G108/><T67/><D107/><U0/><E0/><V10/><F131/><W66/><G133/><T11/><D129/><U92/><E134/><V60/><F41/><W124/><G124/><T32/><D132/><U45/><E110/><V73/><F73/><W47/><G77/><T96/><D96/><U36/><E36/><V100/><F100/><W61/><G102/><T52/><D114/><U105/><E105/><V54/><F29/><W39/><G53/><T79/><D79/><U69/><E69/><V63/><F19/><W49/><G7/><T68/><D67/><U44/><REACH who="1" step="1"/><E113/><REACH who="1" step="2"/><V111/><F111/><W33/><G39/><T98/><D68/><U99/><AGARI ba="0,1" hai="15,16,20,44,45,46,80,81,83,92,99,101,117,119" machi="99" ten="40,12000,1" yaku="1,1,2,1,0,1,54,1,53,0" doraHai="109" doraHaiUra="128" who="1" fromWho="1" sc="250,-40,320,130,170,-40,250,-40" /><INIT seed="1,1,0,4,2,13" ten="210,450,130,210" oya="1" hai0="98,104,35,55,96,130,29,71,2,11,102,48,110" hai1="81,60,75,27,9,79,58,38,86,18,100,133,64" hai2="12,49,95,16,135,103,61,124,114,82,129,87,125" hai3="76,53,88,66,93,19,73,34,33,67,62,91,105"/><U63/><E38/><V108/><F129/><W84/><G105/><T127/><D130/><U37/><E37/><V20/><F108/><W36/><G36/><T78/><D110/><U120/><E120/><V21/><F114/><W45/><G76/><T5/><D71/><U101/><E133/><V50/><F135/><W4/><G73/><T46/><D127/><N who="2" m="48714" /><F61/><W111/><G111/><T56/><D78/><U77/><E77/><N who="2" m="46543" /><F103/><W128/><G128/><T26/><REACH who="0" step="1"/><D98/><REACH who="0" step="2"/><U57/><E75/><V8/><F95/><W65/><G93/><T10/><D10/><U32/><E9/><V0/><F0/><W40/><G84/><T31/><D31/><U119/><E119/><V23/><AGARI ba="1,1" hai="8,12,16,20,21,23,49,50" m="46543,48714" machi="23" ten="30,4000,0" yaku="18,1,52,1,54,1" doraHai="13" who="2" fromWho="2" sc="200,-11,450,-21,130,53,210,-11" /><INIT seed="2,0,0,4,5,125" ten="189,429,183,199" oya="2" hai0="85,59,65,133,11,39,30,18,75,15,23,62,106" hai1="46,36,52,94,109,37,57,114,91,122,24,25,108" hai2="27,98,104,132,67,2,35,101,111,72,9,14,82" hai3="93,74,51,92,64,8,20,117,103,17,128,58,32"/><V60/><F132/><W131/><G32/><T56/><D75/><U16/><E46/><V66/><F111/><N who="1" m="42569" /><E114/><V31/><F66/><W123/><G74/><T45/><D133/><U12/><E122/><V70/><F2/><W120/><G8/><T113/><D113/><U97/><E36/><V77/><REACH who="2" step="1"/><F14/><REACH who="2" step="2"/><N who="3" m="9271" /><G117/><T6/><D15/><U73/><E73/><V105/><F105/><W0/><G0/><T3/><D65/><U50/><E37/><V26/><F26/><W54/><G64/><T129/><D39/><U115/><E115/><V61/><F61/><W48/><G48/><T127/><D106/><U33/><E33/><V71/><F71/><W78/><G123/><T19/><D62/><U107/><E107/><V126/><F126/><W4/><G120/><T68/><D3/><U100/><E100/><V121/><F121/><W86/><G103/><T29/><D127/><U28/><E28/><V40/><F40/><W83/><G4/><T81/><D6/><U135/><E135/><V112/><F112/><W1/><G1/><T38/><D30/><U76/><E76/><V88/><F88/><W34/><G34/><T96/><D29/><U22/><AGARI ba="0,1" hai="12,16,22,24,25,50,52,57,91,94,97" m="42569" machi="22" ten="30,4000,0" yaku="14,1,54,2" doraHai="125" who="1" fromWho="1" sc="189,-10,429,50,173,-20,199,-10" /><INIT seed="3,0,0,4,2,102" ten="179,479,153,189" oya="3" hai0="60,19,129,27,116,95,128,52,108,25,67,84,7" hai1="134,110,114,63,127,13,30,56,9,111,120,5,23" hai2="37,44,28,54,43,107,117,17,1,49,36,92,45" hai3="87,3,97,88,89,124,38,6,24,20,50,103,14"/><W33/><G38/><T100/><D116/><U47/><E120/><V96/><F117/><W10/><G124/><T70/><D108/><N who="1" m="41515" /><E114/><V106/><F1/><W53/><G33/><T18/><D7/><U0/><E127/><V51/><F28/><W91/><G3/><T73/><D73/><U39/><E134/><V118/><F118/><W26/><G87/><T2/><D2/><U64/><E0/><V62/><F62/><W34/><G34/><T32/><D52/><N who="1" m="34183" /><E47/><V11/><F37/><W81/><G81/><T35/><D100/><U72/><E39/><V79/><F79/><W12/><G12/><T133/><D133/><U76/><E64/><V119/><F119/><W121/><G121/><T132/><D132/><U93/><E93/><V22/><F11/><W16/><G26/><N who="0" m="9739" /><D95/><U57/><E57/><V105/><F51/><W58/><G91/><T8/><D84/><U71/><E71/><V101/><F107/><AGARI ba="0,0" hai="6,10,14,16,20,24,50,53,58,88,89,97,103,107" machi="107" ten="30,11600,0" yaku="7,1,52,1,54,2" doraHai="102" who="3" fromWho="2" sc="179,0,479,0,153,-116,189,116" /><INIT seed="3,1,0,0,0,126" ten="179,479,37,305" oya="3" hai0="57,6,96,119,95,85,91,118,29,60,44,75,94" hai1="67,113,114,101,47,45,122,69,16,125,22,1,43" hai2="7,36,4,111,108,19,70,39,132,90,71,27,52" hai3="32,62,128,9,83,10,48,26,31,11,34,64,35"/><W46/><G83/><T116/><D6/><N who="2" m="2090" /><F132/><W72/><G72/><T86/><D29/><U89/><E1/><V3/><F3/><W18/><G48/><T102/><D44/><U41/><E122/><V121/><F121/><W78/><G46/><T93/><D60/><U129/><E125/><V82/><F90/><W55/><G55/><T100/><D57/><U53/><E101/><V14/><F82/><W38/><G38/><N who="2" m="14377" /><F27/><N who="3" m="18559" /><G62/><T20/><D20/><U92/><E69/><N who="2" m="26123" /><F19/><W2/><G64/><T23/><D23/><U115/><E67/><V42/><F42/><W106/><G78/><T63/><D63/><U109/><E53/><V127/><F127/><W120/><G120/><T131/><D131/><U112/><E129/><V81/><F81/><W68/><G106/><T77/><D75/><U12/><E115/><V73/><F73/><W15/><G68/><T33/><D33/><N who="3" m="12297" /><G128/><T98/><REACH who="0" step="1"/><D77/><REACH who="0" step="2"/><U84/><E47/><V133/><F133/><W110/><G2/><T50/><D50/><U37/><REACH who="1" step="1"/><E43/><REACH who="1" step="2"/><V79/><F79/><W74/><G74/><T17/><D17/><U24/><E24/><V134/><F134/><W97/><G26/><T30/><D30/><U107/><E107/><V104/><F104/><W80/><G18/><T66/><D66/><U61/><E61/><V59/><F14/><W49/><G15/><T58/><D58/><U54/><E54/><V130/><F130/><W40/><G40/><T28/><D28/><U5/><E5/><V87/><F87/><AGARI ba="1,2" hai="85,86,87,91,93,94,95,96,98,100,102,116,118,119" machi="87" ten="40,8000,1" yaku="1,1,9,1,34,3,53,0" doraHai="126" doraHaiUra="0" who="0" fromWho="2" sc="169,103,469,0,37,-83,305,0" owari="272,-13,469,57,-46,-55,305,11" /></mjloggm>