<mjloggm ver="2.3"><GO type="41"/><UN n0="%E6%88%A6%E5%9B%BD%E3%83%A9%E3%83%83%E3%82%B7%E3%83%A5" n1="%53%48%49%53%55%4B%45" n2="%E3%82%A6%E3%83%AB%E3%83%88%E3%83%A9%E7%AB%8B%E7%9B%B4" n3="%64%61%72%6C%69%6E%36%30" dan="14,13,14,15" rate="1914,1886,1934,1909" sx="M,M,M,M"/><TAIKYOKU oya="0"/><INIT seed="0,0,0,5,5,26" ten="250,250,250,250" oya="0" hai0="17,20,54,56,48,125,94,19,90,95,108,66,52" hai1="5,22,8,122,92,107,28,9,132,91,110,77,75" hai2="7,23,98,62,6,60,27,87,61,47,31,70,81" hai3="64,38,65,134,129,40,133,111,101,4,88,46,100"/><T103/><D125/><U59/><E122/><V118/><F70/><W33/><G4/><T51/><D66/><U55/><E107/><V25/><F118/><W127/><G111/><T123/><D123/><U36/><E36/><V11/><F11/><W86/><G129/><T131/><D131/><U10/><E110/><V39/><F39/><W45/><G127/><T97/><D108/><U93/><E132/><V84/><F47/><W2/><G2/><T68/><D68/><U99/><E75/><V50/><F50/><W124/><G124/><T121/><D121/><U35/><E35/><V105/><F84/><W119/><G119/><T14/><D19/><U49/><E77/><V78/><F105/><W34/><G38/><T18/><D18/><U112/><E112/><V44/><F44/><W63/><G40/><T79/><D79/><U76/><E76/><V89/><F27/><W29/><G86/><T116/><D116/><U85/><E5/><V0/><F0/><W43/><G43/><T41/><D41/><U53/><E53/><N who="0" m="20585" /><D56/><U12/><E12/><V130/><REACH who="2" step="1"/><F130/><REACH who="2" step="2"/><W58/><G58/><T30/><D30/><U13/><E13/><V106/><F106/><W16/><G63/><T72/><D72/><U115/><E115/><V15/><F15/><W117/><G117/><T113/><D113/><U128/><E128/><V32/><F32/><W102/><G34/><T37/><D37/><U114/><E114/><V74/><F74/><W69/><G69/><T24/><D24/><N who="1" m="16407" /><E10/><V80/><F80/><W21/><G33/><T71/><D71/><U96/><E85/><AGARI ba="0,1" hai="14,17,20,48,51,85,90,94,95,97,103" m="20585" machi="85" ten="30,5800,0" yaku="6,1,8,1,54,1" doraHai="26" who="0" fromWho="1" sc="250,68,250,-58,240,0,250,0" /><INIT seed="0,1,0,3,4,128" ten="318,192,240,250" oya="0" hai0="82,28,41,81,78,118,71,53,45,101,40,116,6" hai1="38,124,74,52,102,131,91,127,133,120,90,108,103" hai2="10,4,0,51,54,8,93,134,123,106,29,69,58" hai3="111,47,56,3,125,39,35,12,18,83,130,110,55"/><T32/><D71/><U77/><E38/><V50/><F106/><W68/><G3/><T117/><D6/><U105/><E120/><V129/><F69/><W30/><G68/><T70/><D70/><U107/><E52/><V11/><F123/><W119/><G119/><T20/><D32/><U99/><E131/><V122/><F122/><W66/><G130/><T60/><D101/><N who="1" m="38411" /><E108/><V2/><F129/><W86/><G66/><T113/><D113/><U135/><E74/><V25/><F93/><W65/><G65/><T9/><D9/><U89/><E77/><V59/><F134/><N who="1" m="51209" /><E99/><V62/><F4/><W42/><G30/><T49/><D78/><U19/><E19/><V31/><F2/><W21/><G35/><T80/><D118/><U79/><E79/><V104/><F104/><AGARI ba="1,0" hai="89,90,91,104,105,107,124,127" m="51209,38411" machi="104" ten="40,16000,3" yaku="28,2,20,1,34,2,52,3" doraHai="128" who="1" fromWho="2" sc="318,0,192,163,240,-163,250,0" /><INIT seed="1,0,0,5,3,48" ten="318,355,77,250" oya="1" hai0="103,29,65,131,26,47,50,3,75,0,36,40,5" hai1="33,80,23,81,87,30,51,76,56,39,9,73,100" hai2="44,124,99,2,15,115,126,97,121,6,17,18,117" hai3="94,107,118,14,42,16,38,93,57,8,110,32,68"/><U89/><E39/><V63/><F44/><W105/><G32/><T101/><D131/><U95/><E33/><V108/><F63/><W123/><G68/><T112/><D112/><U88/><E100/><V13/><F99/><W49/><G38/><T92/><D65/><U79/><E9/><V28/><F97/><W10/><G123/><T43/><D43/><U7/><E7/><V64/><F64/><W70/><G70/><T109/><D109/><U116/><E116/><V106/><F106/><W74/><G74/><T134/><D134/><U34/><E34/><V25/><F115/><W69/><G69/><T19/><D19/><N who="2" m="7178" /><F117/><W54/><G118/><T86/><D75/><U41/><E73/><V71/><F71/><W98/><G110/><T62/><D62/><U21/><E81/><V135/><F121/><W133/><G133/><T24/><D0/><U84/><E30/><V111/><F135/><W35/><G35/><T119/><D36/><U82/><E95/><V127/><F2/><W83/><G107/><T58/><D3/><U72/><E72/><V128/><F128/><W59/><G105/><T12/><D119/><U129/><E129/><V20/><F15/><W77/><G42/><T31/><D40/><U114/><E114/><V104/><F104/><W85/><G59/><T90/><D58/><U61/><E41/><V96/><F96/><W37/><G37/><T60/><D60/><U113/><E113/><V11/><AGARI ba="0,0" hai="6,11,13,20,25,28,108,111,124,126,127" m="7178" machi="11" ten="40,5200,0" yaku="18,1,34,2" doraHai="48" who="2" fromWho="2" sc="318,-13,355,-26,77,52,250,-13" /><INIT seed="2,0,0,0,0,8" ten="305,329,129,237" oya="2" hai0="128,5,66,14,11,43,50,69,127,91,75,40,90" hai1="103,61,96,26,33,67,132,88,92,106,78,104,77" hai2="25,111,41,18,133,64,125,22,84,113,24,85,6" hai3="102,55,101,27,2,65,31,76,37,39,10,71,80"/><V59/><F113/><W73/><G101/><T58/><D75/><U121/><E106/><V124/><F41/><N who="0" m="15946" /><D69/><U123/><E132/><V100/><F133/><W68/><G55/><N who="0" m="32119" /><D128/><U57/><E26/><V98/><F6/><N who="3" m="1367" /><G102/><T49/><D66/><U72/><E33/><V7/><F7/><W47/><G47/><T120/><D127/><N who="2" m="48714" /><F111/><W9/><G9/><T52/><D120/><N who="1" m="46155" /><E72/><V70/><F70/><N who="3" m="26667" /><G65/><T17/><D5/><U1/><E1/><V51/><F25/><W34/><AGARI ba="0,0" hai="27,31,34,37,39,73,76,80" m="26667,1367" machi="34" ten="30,2000,0" yaku="33,2" doraHai="8" who="3" fromWho="3" sc="305,-5,329,-5,129,-10,237,20" /><INIT seed="3,0,0,5,5,98" ten="300,324,119,257" oya="3" hai0="77,0,89,93,123,134,15,61,6,128,4,12,80" hai1="30,110,122,46,100,17,114,132,69,124,88,48,57" hai2="84,94,83,53,13,85,14,55,7,118,22,40,112" hai3="10,135,109,97,102,32,31,43,11,131,44,111,25"/><W121/><G121/><T90/><D123/><U76/><E122/><V18/><F118/><W41/><G135/><T42/><D134/><U56/><E132/><V37/><F112/><W39/><G43/><T59/><D128/><U21/><E114/><V34/><F37/><W49/><G131/><T120/><D120/><U95/><E69/><V60/><F34/><W133/><G133/><T35/><D35/><U36/><E36/><V3/><F3/><W99/><G99/><T106/><D106/><U72/><E30/><V16/><F40/><W105/><G49/><T64/><D42/><U115/><E115/><V33/><F33/><W87/><G87/><N who="0" m="48527" /><D0/><U26/><E110/><AGARI ba="0,0" hai="10,11,25,31,32,39,41,44,97,102,105,109,110,111" machi="110" ten="40,7700,0" yaku="14,1,10,1,52,1" doraHai="98" who="3" fromWho="1" sc="300,0,324,-77,119,0,257,77" /><INIT seed="3,1,0,2,2,56" ten="300,247,119,334" oya="3" hai0="96,71,21,128,59,40,120,115,65,92,113,82,110" hai1="78,104,23,131,24,50,98,45,101,41,123,6,130" hai2="62,2,87,60,54,57,97,30,135,116,7,68,10" hai3="117,44,27,15,74,53,17,86,14,32,88,105,39"/><W3/><G105/><T35/><D35/><U47/><E123/><V132/><F116/><W111/><G3/><T114/><D120/><U34/><E34/><V72/><F72/><W29/><G74/><T61/><D40/><U84/><E6/><V25/><F97/><W134/><G117/><T99/><D110/><U33/><E33/><V28/><F25/><W51/><G15/><T43/><D43/><U106/><E106/><V122/><F122/><W103/><G103/><T73/><D128/><N who="1" m="49195" /><E47/><V55/><F87/><W125/><G39/><T63/><D21/><U66/><E66/><V80/><F80/><W12/><G12/><T19/><D19/><N who="1" m="12415" /><E84/><V75/><F75/><W83/><G111/><T112/><N who="0" m="29184" /><DORA hai="20" /><T8/><D8/><U129/><N who="1" m="49203" /><U100/><DORA hai="121" /><E100/><V70/><F70/><W4/><G4/><T11/><D11/><U118/><E78/><V16/><F16/><W52/><G134/><N who="2" m="51241" /><F68/><W22/><G125/><T48/><D73/><U102/><E102/><V58/><AGARI ba="1,0" hai="2,7,10,28,30,54,55,57,58,60,62" m="51241" machi="58" ten="30,4000,0" yaku="20,1,52,2" doraHai="56,20,121" who="2" fromWho="2" sc="300,-11,247,-11,119,43,334,-21" /><INIT seed="4,0,0,3,0,4" ten="289,236,162,313" oya="0" hai0="99,24,38,109,64,53,1,107,91,65,6,88,127" hai1="8,85,76,95,113,55,90,112,17,46,63,15,74" hai2="89,77,5,26,102,2,134,51,120,47,9,82,49" hai3="117,7,115,10,57,69,35,27,75,98,42,81,135"/><T119/><D119/><U3/><E3/><V25/><F120/><W70/><G57/><T41/><D109/><U43/><E74/><V108/><F108/><W60/><G117/><T0/><D107/><U67/><E76/><V54/><F134/><W37/><G135/><T73/><D73/><U36/><REACH who="1" step="1"/><E55/><REACH who="1" step="2"/><V20/><F77/><W68/><G75/><T29/><D53/><U61/><E61/><V16/><F102/><W52/><G52/><T97/><D0/><U72/><E72/><V94/><F82/><W79/><G60/><T125/><D1/><U13/><E13/><V93/><F93/><W103/><G81/><T96/><D6/><U62/><E62/><V33/><F54/><W132/><G79/><T111/><D111/><U40/><E40/><V92/><F47/><W59/><G42/><T122/><D41/><U32/><E32/><V83/><F83/><W78/><G35/><N who="0" m="20903" /><D122/><U84/><E84/><V44/><F44/><W14/><G78/><T106/><D106/><U21/><E21/><V114/><F92/><W123/><G123/><T100/><D100/><U130/><E130/><V45/><F45/><W121/><G121/><T23/><D23/><U58/><AGARI ba="0,1" hai="8,15,17,36,43,46,58,63,67,85,90,95,112,113" machi="58" ten="30,7900,0" yaku="1,1,0,1,52,1,53,1" doraHai="4" doraHaiUra="87" who="1" fromWho="1" sc="289,-39,226,89,162,-20,313,-20" /><INIT seed="5,0,0,5,3,46" ten="250,315,142,293" oya="1" hai0="88,34,103,76,17,119,84,126,83,5,102,90,12" hai1="132,104,35,110,89,61,18,14,54,70,109,65,120" hai2="75,56,129,22,38,58,87,79,73,40,69,67,128" hai3="44,59,42,3,45,95,93,41,32,9,37,27,77"/><U91/><E120/><V36/><F87/><W115/><G59/><N who="2" m="22569" /><F79/><W66/><G66/><T51/><D126/><U116/><E104/><V26/><F22/><W124/><G124/><T96/><D119/><U86/><E35/><V78/><F26/><W6/><G115/><T7/><D34/><U130/><E116/><V99/><F99/><W0/><G0/><T71/><D71/><U20/><E132/><V125/><F78/><W135/><G135/><T30/><D30/><U97/><E130/><N who="2" m="50283" /><F125/><W48/><G32/><T13/><D51/><U29/><E29/><V53/><F40/><W11/><G27/><T19/><D96/><U123/><E97/><V117/><F117/><W10/><G10/><T118/><D118/><U62/><E86/><V133/><F133/><W64/><G64/><T24/><D76/><U25/><E25/><V1/><F1/><W23/><G23/><T105/><D24/><U39/><E20/><V15/><F15/><W49/><G11/><T57/><D84/><U8/><E8/><V63/><F73/><W108/><G37/><N who="2" m="14441" /><F75/><W114/><G77/><T101/><D105/><U85/><E85/><V68/><F53/><W33/><G33/><T21/><D21/><U106/><E54/><V134/><F134/><W2/><G9/><T82/><D102/><U112/><E106/><V31/><F31/><W131/><G131/><T43/><D57/><AGARI ba="0,0" hai="57,63,67,68,69" m="14441,50283,22569" machi="57" ten="30,3900,0" yaku="19,1,34,2" doraHai="46" who="2" fromWho="0" sc="250,-39,315,0,142,39,293,0" /><INIT seed="6,0,0,0,0,125" ten="211,315,181,293" oya="2" hai0="55,11,29,53,106,7,25,120,12,24,115,80,102" hai1="135,122,69,124,92,71,6,38,40,54,50,105,48" hai2="23,89,103,14,45,70,90,107,96,36,61,114,59" hai3="126,9,82,46,15,79,132,35,84,17,133,83,95"/><V33/><F114/><W19/><G35/><T58/><D115/><U64/><E105/><V27/><F70/><N who="1" m="26633" /><E92/><V66/><F33/><W42/><G126/><T75/><D120/><U134/><E6/><V26/><F14/><W34/><G34/><T51/><D106/><U94/><E94/><V97/><F97/><W49/><G95/><T57/><D102/><U123/><E124/><V13/><F13/><W76/><G132/><N who="1" m="50730" /><E64/><V81/><F81/><W101/><G101/><T127/><D127/><U110/><E110/><V43/><REACH who="2" step="1"/><F26/><REACH who="2" step="2"/><W56/><G133/><T39/><D80/><U1/><E1/><V121/><F121/><W22/><G83/><T108/><D108/><U60/><E123/><V30/><AGARI ba="0,1" hai="23,27,30,36,43,45,59,61,66,89,90,96,103,107" machi="30" ten="20,3900,0" yaku="1,1,0,1,7,1,53,0" doraHai="125" doraHaiUra="3" who="2" fromWho="2" sc="211,-13,315,-13,171,49,293,-13" /><INIT seed="6,1,0,3,4,101" ten="198,302,220,280" oya="2" hai0="90,103,129,21,106,52,100,56,64,0,125,20,13" hai1="88,92,118,109,95,114,14,133,23,82,89,72,122" hai2="91,19,62,65,7,2,40,131,94,93,41,115,123" hai3="69,102,132,16,58,1,78,76,37,17,43,11,35"/><V117/><F123/><W51/><G69/><T30/><D0/><U25/><E118/><V4/><F117/><W110/><G110/><T5/><BYE who="3" /><D129/><U124/><E109/><V18/><F131/><W47/><G47/><T81/><D125/><UN n3="%64%61%72%6C%69%6E%36%30" /><U61/><E122/><V126/><F126/><W99/><G35/><T97/><D100/><U80/><E124/><V3/><F115/><W26/><G37/><T54/><D64/><U15/><E133/><V63/><F91/><W121/><G121/><T57/><D30/><U73/><E114/><V49/><F49/><W48/><G132/><T60/><D5/><U105/><E61/><V85/><F85/><W6/><G43/><T86/><REACH who="0" step="1"/><D13/><REACH who="0" step="2"/><U31/><E31/><V67/><AGARI ba="1,1" hai="2,3,4,7,18,19,40,41,62,63,65,67,93,94" machi="67" ten="25,4800,0" yaku="0,1,22,2" doraHai="101" who="2" fromWho="2" sc="188,-17,302,-17,220,61,280,-17" /><INIT seed="6,2,0,3,4,64" ten="171,285,281,263" oya="2" hai0="16,13,15,96,23,24,110,30,76,19,92,45,22" hai1="94,32,102,2,7,120,50,81,104,88,124,33,77" hai2="25,1,115,39,112,90,126,63,79,40,125,31,131" hai3="86,3,41,95,75,44,118,73,85,100,21,35,46"/><V135/><F1/><W101/><G35/><T42/><D110/><U68/><E120/><V29/><F79/><W116/><G3/><T119/><D119/><U89/><E124/><N who="2" m="47723" /><F131/><W57/><G57/><T107/><D107/><U93/><E2/><V10/><F10/><W18/><G95/><T111/><D111/><U109/><E7/><V28/><F135/><W55/><G55/><T117/><D117/><U12/><E12/><V59/><F40/><W84/><G21/><T128/><D128/><U80/><E109/><V69/><F39/><W6/><G6/><T103/><D76/><U5/><E5/><V82/><F82/><W49/><G18/><T9/><D45/><U47/><E77/><V0/><F90/><W78/><G78/><T20/><REACH who="0" step="1"/><D42/><REACH who="0" step="2"/><U38/><E47/><V26/><F0/><W60/><G41/><T114/><D114/><N who="2" m="43562" /><F69/><W113/><G113/><T71/><D71/><U74/><E68/><V65/><AGARI ba="2,1" hai="25,26,28,29,31,59,63,65" m="43562,47723" machi="65" ten="40,3900,0" yaku="18,1,15,1" doraHai="64" who="2" fromWho="2" sc="161,-15,285,-15,281,55,263,-15" /><INIT seed="6,3,0,0,0,20" ten="146,270,336,248" oya="2" hai0="133,64,32,33,78,134,126,47,66,117,127,88,106" hai1="56,107,87,26,21,25,28,103,31,4,0,115,48" hai2="6,77,84,53,112,49,69,43,130,61,5,86,65" hai3="79,34,59,18,83,93,131,97,80,57,111,122,19"/><V7/><F130/><W14/><G34/><N who="0" m="13419" /><D78/><U91/><E115/><V99/><F112/><W89/><G122/><T96/><D47/><U75/><E75/><V55/><F99/><W35/><G35/><T3/><D106/><U73/><E73/><V71/><F43/><W129/><G111/><T39/><D39/><U27/><E107/><V54/><F49/><W29/><G29/><N who="1" m="11338" /><E0/><V132/><F132/><N who="0" m="50794" /><D3/><U72/><E72/><V67/><F77/><W63/><G79/><T121/><D121/><U15/><E103/><V45/><F45/><W1/><G1/><T85/><D96/><U135/><E135/><V70/><REACH who="2" step="1"/><F61/><REACH who="2" step="2"/><W118/><G129/><T105/><D117/><U100/><E48/><V74/><F74/><W23/><G118/><T46/><D105/><U11/><E100/><V51/><F51/><W42/><G42/><T36/><D46/><U44/><E44/><V108/><F108/><W113/><G113/><T62/><D62/><U9/><E56/><N who="3" m="21578" /><G63/><T52/><D36/><U116/><E116/><V104/><F104/><W90/><G131/><T98/><D98/><U50/><E50/><V60/><F60/><W94/><G90/><T2/><D52/><U17/><E4/><V30/><F30/><W109/><G109/><T12/><D66/><AGARI ba="3,1" hai="5,6,7,53,54,55,65,66,67,69,70,71,84,86" machi="66" ten="50,12000,1" yaku="1,1,29,2,28,2,53,0" doraHai="20" doraHaiUra="41" who="2" fromWho="0" sc="146,-129,270,0,326,139,248,0" /><INIT seed="6,4,0,0,2,85" ten="17,270,465,248" oya="2" hai0="27,72,97,102,45,28,127,107,10,36,118,112,91" hai1="13,123,81,76,95,15,2,132,54,56,78,1,67" hai2="75,66,6,89,40,0,3,63,92,19,53,60,98" hai3="108,128,20,111,4,109,71,134,48,125,17,73,110"/><V88/><F75/><W86/><G73/><T62/><D118/><U46/><E132/><V32/><F32/><W79/><G71/><T30/><D112/><U24/><E123/><V120/><F120/><W14/><G134/><T18/><D127/><U90/><E1/><V31/><F31/><W11/><G125/><T34/><D28/><U47/><E2/><V94/><F40/><W104/><G104/><T51/><D36/><U41/><E67/><V135/><F135/><W61/><G61/><T12/><D72/><U29/><E29/><V26/><F6/><W21/><G128/><T84/><D62/><U96/><E24/><V116/><F116/><W55/><G21/><T117/><D117/><U103/><E103/><V39/><F39/><W70/><G70/><T126/><D126/><U74/><E78/><V83/><F83/><W25/><G79/><T131/><D131/><U130/><E130/><V7/><F7/><W80/><G80/><T122/><D122/><U22/><E22/><N who="2" m="13663" /><F60/><W43/><G86/><T16/><D16/><U119/><E119/><V101/><F101/><W121/><G121/><T99/><D99/><U37/><E47/><V42/><F42/><W49/><N who="3" m="28160" /><DORA hai="105" /><W44/><REACH who="3" step="1"/><G55/><REACH who="3" step="2"/><T77/><D84/><U52/><REACH who="1" step="1"/><E54/><REACH who="1" step="2"/><V115/><F53/><W68/><G68/><T87/><D77/><U106/><E106/><V57/><F115/><W8/><G8/><T23/><D107/><U9/><E9/><V124/><F124/><W64/><G64/><T35/><D10/><U38/><E38/><AGARI ba="4,2" hai="4,11,14,17,20,25,38,43,44,48,49" m="28160" machi="38" ten="70,4500,0" yaku="1,1,53,1" doraHai="85,105" doraHaiUra="100,69" who="3" fromWho="1" sc="17,0,260,-57,465,0,238,77" /><INIT seed="7,0,0,3,0,130" ten="17,203,465,315" oya="3" hai0="77,49,120,82,1,104,63,127,103,9,115,125,56" hai1="51,4,109,18,61,6,31,40,135,100,17,131,66" hai2="48,133,52,90,84,67,74,101,107,26,36,70,126" hai3="15,54,93,124,80,59,39,129,20,76,30,47,78"/><W128/><G78/><T13/><D1/><U24/><E131/><N who="3" m="50250" /><G124/><N who="0" m="47691" /><D120/><U22/><E109/><V79/><F133/><W134/><G93/><T117/><D117/><U123/><E123/><V91/><F91/><W68/><G68/><T119/><D119/><U38/><E38/><V94/><F67/><W122/><G122/><T73/><D49/><U92/><E135/><V41/><F70/><W96/><G96/><N who="0" m="61543" /><D115/><U33/><E40/><V8/><F126/><W60/><G39/><T46/><D46/><U116/><E51/><V121/><F121/><W105/><G105/><T2/><D2/><U5/><E116/><V7/><F41/><W3/><G3/><T12/><D9/><U110/><E110/><V64/><F36/><W106/><G106/><T108/><D108/><U86/><E33/><V97/><F64/><AGARI ba="0,0" hai="12,13,56,63,64,73,77,82" m="61543,47691" machi="64" ten="30,1000,0" yaku="18,1" doraHai="130" who="0" fromWho="2" sc="17,10,203,0,465,-10,315,0" owari="27,-47,203,-20,455,55,315,12" /></mjloggm>