<mjloggm ver="2.3"><GO type="41"/><UN n0="%E3%82%A6%E3%83%AB%E3%83%88%E3%83%A9%E7%AB%8B%E7%9B%B4" n1="%70%75%74%69%70%75%74%69" n2="%E3%83%80%E3%83%8B%E5%B7%9D%E3%83%BB%E3%83%A8%E3%82%B4%E3%83%AC" n3="%50%72%6F%77%6C%65%72" dan="15,14,14,15" rate="1967,1815,1923,2049" sx="M,M,M,M"/><TAIKYOKU oya="0"/><INIT seed="0,0,0,3,0,9" ten="250,250,250,250" oya="0" hai0="10,68,133,79,53,46,130,67,117,106,33,51,30" hai1="112,2,57,6,109,92,45,122,39,18,43,85,34" hai2="49,13,65,84,23,77,60,26,15,52,74,56,69" hai3="54,75,48,116,94,21,76,124,82,111,120,126,99"/><T105/><D117/><U4/><E34/><V1/><F1/><W104/><G116/><T29/><D130/><U108/><E122/><V24/><F74/><W44/><G111/><T66/><D133/><U134/><E112/><V119/><F119/><W41/><G120/><T90/><D79/><U89/><E134/><V95/><F26/><W86/><G21/><T100/><D90/><U16/><E2/><V78/><F78/><W102/><G41/><T28/><D33/><U72/><E57/><V83/><F95/><W115/><G115/><T36/><D36/><U135/><E72/><V32/><F32/><W91/><AGARI ba="0,0" hai="44,48,54,75,76,82,86,91,94,99,102,104,124,126" machi="91" ten="30,4000,0" yaku="0,1,24,2" doraHai="9" who="3" fromWho="3" sc="250,-20,250,-10,250,-10,250,40" /><INIT seed="1,0,0,3,1,112" ten="230,240,240,290" oya="1" hai0="105,110,54,86,96,55,99,88,116,135,77,97,64" hai1="57,31,38,92,24,82,100,74,67,8,130,34,37" hai2="1,80,65,19,47,40,61,51,22,101,33,85,50" hai3="39,23,62,72,53,134,131,20,58,25,114,79,13"/><U10/><E37/><V133/><F33/><W104/><G39/><T106/><D55/><U126/><E38/><V81/><F1/><W122/><G104/><N who="0" m="40043" /><D54/><U98/><E126/><V68/><F133/><W125/><G134/><T52/><D52/><U7/><E130/><V73/><F101/><W3/><G125/><T15/><D64/><U16/><E67/><V27/><F51/><W83/><G131/><T60/><D60/><U69/><E69/><V9/><F73/><W41/><G114/><T29/><D15/><U46/><E57/><V44/><F44/><W45/><G122/><T18/><D18/><U17/><E10/><V121/><F121/><W56/><G3/><T118/><D29/><U0/><E46/><V30/><F9/><W127/><G127/><T120/><D135/><U59/><E59/><V109/><F109/><W14/><G58/><T21/><D21/><U123/><E123/><V5/><F5/><W36/><G23/><T26/><D26/><U124/><E124/><V89/><REACH who="2" step="1"/><F30/><AGARI ba="0,0" hai="13,14,20,25,30,36,41,45,53,56,62,72,79,83" machi="30" ten="30,1000,0" yaku="7,1" doraHai="112" who="3" fromWho="2" sc="230,0,240,0,240,-10,290,10" /><INIT seed="2,0,0,0,1,0" ten="230,240,230,300" oya="2" hai0="115,131,126,103,78,90,7,46,42,82,8,62,36" hai1="47,95,77,48,69,92,5,14,118,80,123,58,29" hai2="9,113,52,11,26,24,28,79,97,125,60,61,13" hai3="43,130,109,122,51,33,110,104,25,101,85,67,45"/><V119/><F113/><W128/><G122/><T107/><D115/><U76/><E123/><V10/><F119/><W121/><G121/><T6/><D126/><U23/><E69/><V116/><F116/><W64/><G85/><T127/><D127/><U89/><E118/><V114/><F114/><W20/><G33/><T3/><D131/><N who="3" m="50217" /><G101/><T17/><D90/><U40/><E58/><V70/><F125/><W72/><G72/><T50/><D62/><U37/><E37/><V99/><F79/><W41/><G104/><T86/><D103/><U38/><E38/><V56/><F13/><W93/><G93/><T19/><D107/><U108/><E77/><V129/><F129/><W102/><G102/><T44/><D7/><U63/><E63/><V112/><F112/><W135/><G20/><T2/><REACH who="0" step="1"/><D3/><REACH who="0" step="2"/><U18/><E89/><V12/><F12/><W71/><G135/><T31/><D31/><U65/><E29/><V22/><REACH who="2" step="1"/><F24/><REACH who="2" step="2"/><W49/><G25/><T120/><D120/><U75/><E76/><V83/><F83/><W74/><G74/><T117/><D117/><U54/><E80/><V57/><F57/><W68/><G71/><T124/><D124/><U39/><E75/><V100/><F100/><W59/><G68/><T94/><D94/><U34/><E92/><V32/><F32/><W1/><G1/><T88/><D88/><U96/><E95/><V73/><F73/><W55/><G41/><AGARI ba="0,2" hai="2,6,8,17,19,36,41,42,44,46,50,78,82,86" machi="41" ten="30,3900,0" yaku="1,1,7,1,52,1,53,0" doraHai="0" doraHaiUra="105" who="0" fromWho="3" sc="220,59,240,0,220,0,300,-39" /><INIT seed="3,0,0,5,2,123" ten="279,240,220,261" oya="3" hai0="9,102,132,56,110,34,109,90,61,54,35,43,15" hai1="76,70,111,59,0,82,126,12,108,25,33,2,7" hai2="49,112,44,67,116,47,94,26,32,48,105,10,72" hai3="101,73,86,71,68,129,62,31,87,88,118,120,63"/><W39/><G73/><T128/><D102/><U41/><E70/><V8/><F105/><W28/><G120/><T131/><D43/><U58/><E41/><V11/><F72/><W127/><G39/><T113/><D90/><U135/><E135/><V36/><F36/><W53/><G118/><T22/><D22/><U98/><E98/><V38/><F38/><W65/><G129/><N who="0" m="49739" /><D132/><U115/><E115/><V74/><F74/><W134/><G101/><T23/><D23/><U92/><E92/><V122/><F116/><W84/><G127/><T60/><D60/><U17/><E7/><V79/><F79/><W83/><G134/><T45/><D45/><U6/><E6/><V14/><F122/><W100/><G100/><T133/><D133/><U18/><E126/><V52/><F112/><W124/><G124/><T125/><D125/><U64/><E64/><V106/><F106/><W21/><G21/><T16/><D113/><U121/><E121/><V1/><F1/><W97/><G97/><T30/><D30/><U13/><E25/><V103/><F67/><W46/><G71/><T20/><D20/><U114/><E114/><V81/><F81/><W57/><G46/><T40/><D40/><U55/><E55/><V24/><F14/><W117/><G117/><T85/><D85/><U80/><E76/><V119/><F119/><W93/><G86/><T27/><D27/><U29/><E29/><V77/><F77/><AGARI ba="0,0" hai="28,31,53,57,62,63,65,68,77,83,84,87,88,93" machi="77" ten="30,2900,0" yaku="7,1,54,1" doraHai="123" who="3" fromWho="2" sc="279,0,240,0,220,-29,261,29" /><INIT seed="3,1,0,3,0,134" ten="279,240,191,290" oya="3" hai0="63,40,59,67,24,57,31,9,48,104,51,81,80" hai1="20,32,29,103,77,1,2,37,5,8,47,111,53" hai2="66,7,38,18,3,71,129,26,97,76,28,45,112" hai3="74,52,85,13,34,88,110,115,54,116,21,83,118"/><W42/><G34/><T0/><D104/><U75/><E103/><V27/><F76/><W122/><G115/><T114/><D114/><U132/><E1/><V106/><F18/><W23/><G122/><T41/><D9/><U15/><E132/><V17/><F17/><W113/><G113/><T102/><D0/><U73/><E111/><V69/><F3/><W50/><G110/><T10/><D10/><U49/><E77/><V95/><F106/><W86/><G74/><T117/><D102/><U56/><E56/><V107/><F107/><W43/><G54/><T90/><D117/><U121/><E37/><V96/><F38/><W91/><G118/><T124/><D124/><U39/><E39/><V123/><F7/><W99/><G99/><T130/><D130/><U105/><E105/><V98/><F129/><W84/><G84/><T87/><D80/><U4/><E4/><V128/><F128/><W119/><G119/><T46/><D51/><U22/><E22/><N who="3" m="8202" /><G13/><T133/><D133/><U68/><E68/><V78/><F71/><W11/><G11/><T72/><D72/><U61/><E61/><V120/><F69/><W58/><G116/><T127/><D57/><U64/><E64/><V82/><F66/><W131/><G131/><T60/><D60/><U65/><E65/><V35/><F123/><W62/><G62/><T14/><D14/><U135/><E121/><V44/><F112/><W36/><G36/><T12/><D12/><U30/><E135/><V100/><F120/><W25/><G25/><T126/><D41/><U55/><E2/><V108/><F108/><RYUUKYOKU ba="1,0" sc="279,15,240,-15,191,-15,290,15" hai0="24,31,40,46,48,59,63,67,81,87,90,126,127" hai3="42,43,50,52,58,83,85,86,88,91" /><INIT seed="3,2,0,5,1,1" ten="294,225,176,305" oya="3" hai0="100,116,99,101,67,78,27,121,5,2,104,87,13" hai1="127,47,24,118,33,106,82,105,97,19,92,16,28" hai2="98,3,49,43,55,41,38,17,18,90,58,10,113" hai3="102,22,120,76,34,74,112,11,80,124,119,109,20"/><W70/><G112/><T9/><D121/><U44/><E106/><V73/><F73/><W94/><G120/><T125/><D116/><U134/><E105/><V57/><F113/><W110/><G34/><T36/><D101/><U132/><E118/><V51/><F38/><W66/><G124/><T53/><D125/><U103/><E127/><V77/><F77/><W64/><G11/><T122/><D122/><U86/><E47/><V130/><F130/><W63/><G66/><T32/><D36/><U91/><REACH who="1" step="1"/><E44/><REACH who="1" step="2"/><V12/><F3/><W59/><G119/><T42/><D2/><U45/><E45/><V26/><F57/><W7/><G59/><T68/><D42/><U107/><E107/><V35/><F49/><W79/><G79/><T128/><D78/><U54/><E54/><V15/><F35/><W85/><G110/><T61/><D53/><U111/><E111/><V30/><F43/><W135/><G109/><T14/><D128/><U0/><E0/><V50/><F41/><W46/><G46/><T129/><D129/><U39/><E39/><V31/><F50/><W29/><G76/><T84/><D14/><U108/><E108/><V123/><F26/><W62/><G74/><T56/><D56/><U6/><E6/><V115/><F123/><W93/><G7/><T65/><D65/><U37/><E37/><V52/><F55/><W88/><G64/><T72/><D72/><U133/><AGARI ba="2,1" hai="16,19,24,28,33,82,86,91,92,97,103,132,133,134" machi="133" ten="30,7900,0" yaku="1,1,0,1,20,1,54,1,53,0" doraHai="1" doraHaiUra="69" who="1" fromWho="1" sc="294,-22,215,95,176,-22,305,-41" /><INIT seed="4,0,0,5,4,36" ten="272,310,154,264" oya="0" hai0="109,81,134,9,99,95,23,1,93,69,72,65,43" hai1="26,22,75,102,123,122,131,40,114,117,59,58,61" hai2="128,74,104,132,38,7,47,11,100,8,129,96,90" hai3="68,29,35,118,20,51,127,54,45,3,94,85,60"/><T41/><D95/><U103/><E75/><V64/><F74/><W92/><G3/><T125/><D69/><U37/><E117/><V5/><F132/><W71/><G127/><T16/><D65/><U91/><E131/><N who="2" m="50251" /><F64/><W50/><G35/><T34/><D34/><U70/><E70/><V107/><F107/><W112/><G118/><T120/><D120/><U12/><E122/><V78/><F78/><W108/><G108/><T86/><D72/><U84/><E59/><V89/><F38/><W113/><G29/><T106/><D106/><U105/><E105/><V56/><F56/><W53/><G20/><T52/><D125/><U63/><E63/><V133/><F47/><N who="3" m="27871" /><G85/><T67/><D67/><U6/><E123/><V77/><F133/><W33/><G94/><T98/><D134/><U82/><E114/><N who="3" m="44138" /><G92/><T79/><D109/><U73/><E73/><V115/><F115/><W39/><G33/><T101/><D99/><U119/><E119/><V4/><F77/><W111/><G111/><T62/><D1/><U17/><E12/><V87/><F90/><W0/><G0/><T88/><D9/><U14/><E14/><V46/><F46/><N who="3" m="28023" /><G60/><T121/><D121/><U28/><E6/><V66/><F66/><W42/><AGARI ba="0,0" hai="39,42,45,68,71" m="28023,44138,27871" machi="42" ten="30,7900,0" yaku="15,1,34,2,52,1" doraHai="36" who="3" fromWho="3" sc="272,-39,310,-20,154,-20,264,79" /><INIT seed="5,0,0,0,5,96" ten="233,290,134,343" oya="1" hai0="33,42,122,44,123,57,68,117,87,124,7,97,40" hai1="28,38,131,69,65,37,125,6,105,48,19,83,74" hai2="53,91,18,127,84,39,126,70,58,25,13,135,90" hai3="94,59,52,17,43,4,49,22,102,73,129,16,34"/><U100/><E6/><V103/><F70/><W76/><G34/><T133/><D33/><U95/><E28/><V66/><F66/><W71/><G71/><T51/><D7/><U81/><E105/><V88/><F39/><W118/><G129/><T86/><D68/><U109/><E131/><V93/><F135/><W55/><G4/><T75/><D75/><U62/><E109/><V108/><F108/><W50/><G73/><T35/><D35/><U10/><E125/><N who="2" m="47627" /><F25/><W79/><G43/><T2/><D2/><U72/><E38/><V128/><F128/><W30/><G30/><T54/><D124/><U104/><E104/><V12/><F103/><W36/><G36/><T130/><D130/><U9/><E37/><V15/><F18/><N who="3" m="7275" /><G22/><T78/><D133/><U110/><E110/><V46/><F46/><N who="3" m="27703" /><G118/><T63/><D42/><U119/><E119/><V21/><F21/><W47/><G47/><T27/><D27/><U113/><E113/><V8/><F8/><N who="1" m="3177" /><E19/><V121/><F121/><N who="0" m="46090" /><D117/><U20/><E20/><V101/><F101/><W26/><G26/><T31/><D31/><U134/><E134/><V11/><F11/><W3/><G3/><T107/><D78/><U82/><E48/><AGARI ba="0,0" hai="12,13,15,48,53,58,84,88,90,91,93" m="47627" machi="48" ten="30,2000,0" yaku="18,1,54,1" doraHai="96" who="2" fromWho="1" sc="233,0,290,-20,134,20,343,0" /><INIT seed="6,0,0,0,5,91" ten="233,270,154,343" oya="2" hai0="19,84,49,34,57,59,67,29,47,135,18,87,89" hai1="4,26,32,9,95,20,61,42,46,99,44,80,115" hai2="97,3,31,13,100,16,41,70,25,51,39,55,15" hai3="36,38,43,7,94,129,28,74,92,14,22,69,131"/><V104/><F3/><W37/><G69/><T106/><D106/><U66/><E32/><V116/><F70/><W134/><G74/><T23/><D34/><U0/><E115/><V76/><F116/><W88/><G134/><T50/><D135/><U117/><E80/><V107/><F107/><W126/><G43/><T45/><D29/><U118/><E118/><V103/><F103/><W17/><G126/><T108/><D108/><U30/><E42/><V35/><F76/><W53/><G53/><T48/><D67/><U109/><E109/><V5/><F5/><W1/><G28/><T110/><D110/><U40/><E40/><V54/><F39/><W12/><G1/><T111/><D111/><U124/><E124/><V101/><F101/><W85/><G94/><T122/><D122/><U77/><E77/><V73/><F73/><W6/><G12/><T68/><D68/><U64/><E64/><V71/><F71/><W128/><AGARI ba="0,0" hai="6,7,14,17,22,36,37,38,85,88,92,128,129,131" machi="128" ten="40,8000,1" yaku="0,1,19,1,52,1,54,1" doraHai="91" who="3" fromWho="3" sc="233,-20,270,-20,154,-40,343,80" /><INIT seed="7,0,0,0,4,85" ten="213,250,114,423" oya="3" hai0="69,13,102,76,10,60,6,24,38,74,103,5,97" hai1="133,90,96,78,32,95,104,14,43,3,81,65,121" hai2="129,66,12,37,128,8,15,17,108,131,40,21,22" hai3="130,77,9,135,26,55,63,123,27,53,83,116,33"/><W92/><G116/><T101/><D38/><U119/><E3/><V20/><F66/><W113/><G123/><T46/><D76/><U42/><E32/><V91/><F40/><W7/><G135/><T41/><D74/><U118/><E65/><V0/><F37/><W51/><G130/><T111/><D111/><U75/><E14/><V86/><F0/><W80/><G33/><T48/><D69/><U120/><E43/><V88/><F108/><W29/><G29/><T39/><D39/><U100/><E42/><V61/><F61/><W125/><G63/><T11/><D60/><U47/><E47/><V16/><REACH who="2" step="1"/><F86/><REACH who="2" step="2"/><W114/><G113/><T28/><D41/><U59/><E133/><V126/><F126/><W70/><G114/><T73/><D46/><U127/><E127/><V57/><F57/><W64/><G125/><T68/><D68/><U4/><E59/><V35/><F35/><W52/><G64/><T109/><D109/><U62/><E62/><V25/><F25/><W67/><G26/><T105/><D48/><U19/><E120/><V134/><F134/><W106/><G27/><T45/><D45/><U44/><E44/><V71/><F71/><W58/><G67/><T112/><D112/><U23/><E121/><V84/><F84/><W82/><G58/><T54/><D54/><U72/><E72/><V79/><F79/><W87/><G77/><T2/><D73/><U115/><E115/><V99/><F99/><W30/><G55/><T132/><D132/><U124/><E124/><V94/><F94/><W117/><G70/><T122/><D122/><RYUUKYOKU ba="0,1" sc="213,15,250,-15,104,15,423,-15" hai0="2,5,6,10,11,13,24,28,97,101,102,103,105" hai2="8,12,15,16,17,20,21,22,88,91,128,129,131" owari="228,-17,235,4,119,-38,418,51" /></mjloggm>