<mjloggm ver="2.3"><GO type="193"/><UN n0="%59%48%56%48" n1="%E3%82%A6%E3%83%AB%E3%83%88%E3%83%A9%E7%AB%8B%E7%9B%B4" n2="%38%33%38%33" n3="%E3%82%AA%E3%82%BF%E9%A2%A8%E3%81%98%E3%82%83%E3%82%93%E6%B0%8F" dan="12,12,12,14" rate="1815,1780,1684,1875" sx="F,M,M,M"/><TAIKYOKU oya="0"/><INIT seed="0,0,0,2,4,105" ten="250,250,250,250" oya="0" hai0="95,60,86,131,59,110,15,2,96,28,134,55,90" hai1="5,133,100,13,102,74,126,62,121,42,107,97,85" hai2="30,72,89,118,46,21,130,27,80,66,17,81,71" hai3="48,18,9,56,104,38,47,75,116,41,6,16,51" shuffle="mt19937ar,29295DC2,531DC1C9,70410BCC,2191CC72,5DC034C5,2C2DDC79,E3D26309,7E24EE80"/><T117/><D117/><U68/><E42/><V91/><F118/><W63/><G116/><T26/><D2/><U14/><E62/><V78/><F81/><W40/><G104/><T52/><D110/><U135/><E68/><V101/><F101/><W29/><G29/><T92/><D131/><U125/><E14/><V98/><F98/><W57/><G75/><T1/><D1/><U124/><E13/><V10/><F130/><W120/><G120/><T88/><D134/><N who="1" m="51211" /><E5/><V83/><F83/><W76/><G76/><T49/><D15/><U61/><E61/><V54/><F66/><W77/><G77/><T39/><D39/><U53/><E53/><V94/><F71/><W33/><G33/><T82/><D26/><U119/><E119/><V32/><F10/><W12/><G41/><T112/><D112/><U0/><E0/><V99/><F91/><W58/><G63/><T11/><D11/><U132/><N who="1" m="51219" /><U36/><DORA hai="108" /><E36/><V70/><F70/><W122/><REACH who="3" step="1"/><G122/><REACH who="3" step="2"/><T20/><D28/><U79/><E121/><V35/><F32/><W25/><G25/><T23/><REACH who="0" step="1"/><D95/><REACH who="0" step="2"/><U123/><E123/><V113/><F30/><W67/><G67/><T7/><D7/><U50/><E50/><AGARI ba="0,2" hai="6,9,12,16,18,38,40,47,48,50,51,56,57,58" machi="50" ten="40,5200,0" yaku="1,1,54,1,53,1" doraHai="105,108" doraHaiUra="4,31" who="3" fromWho="1" sc="240,0,250,-52,250,0,240,72" /><INIT seed="1,0,0,4,1,13" ten="240,198,250,312" oya="1" hai0="69,130,66,41,112,6,23,87,92,101,94,58,27" hai1="93,81,26,78,50,9,116,115,76,120,106,117,80" hai2="118,49,103,72,18,127,97,104,43,133,53,37,98" hai3="113,35,84,62,33,25,36,60,0,90,85,51,95" shuffle="mt19937ar,EB6CB451,709BA575,2BD80F07,61E30939,CB348A2F,B9BD2F23,7EAD5782,31F6E5FF"/><U4/><E106/><V132/><F118/><W14/><G113/><T24/><D112/><U89/><E115/><V123/><F72/><W46/><G36/><T79/><D69/><U134/><E120/><V3/><F123/><W40/><G0/><T128/><D41/><U48/><E134/><N who="2" m="51819" /><F3/><W47/><G47/><T61/><D6/><U102/><E26/><V109/><F109/><W45/><G45/><T111/><D111/><U12/><E116/><V39/><F43/><W70/><G70/><T44/><D44/><U105/><E117/><V100/><F127/><W124/><G124/><T42/><D42/><U131/><E131/><V65/><F65/><W38/><G38/><N who="2" m="14345" /><F49/><W10/><G84/><T122/><D122/><U125/><E125/><V126/><F53/><W121/><G121/><T19/><D27/><U17/><E105/><N who="2" m="63631" /><F126/><W114/><G114/><T16/><D19/><AGARI ba="0,0" hai="18,19,98,103,104" m="63631,14345,51819" machi="19" ten="30,3900,0" yaku="20,1,52,2" doraHai="13" who="2" fromWho="0" sc="240,-39,198,0,250,39,312,0" /><INIT seed="2,0,0,3,2,119" ten="201,198,289,312" oya="2" hai0="98,10,71,19,38,31,99,23,50,14,113,100,112" hai1="107,85,1,121,133,52,103,76,75,134,3,110,80" hai2="33,126,118,114,45,12,81,5,129,57,60,26,67" hai3="120,27,106,8,41,82,105,15,40,61,51,102,11" shuffle="mt19937ar,95446E79,4C7A22E3,B195597D,A2DA7102,D259A6F8,9B2A94E0,FDBEC325,7ABA48D4"/><V0/><F118/><W101/><G51/><T94/><D38/><U7/><E7/><V20/><F114/><W83/><G15/><T32/><D71/><U116/><E3/><V135/><F33/><W117/><G61/><T104/><D32/><U30/><E30/><N who="2" m="17735" /><F129/><W28/><G117/><T89/><D31/><U6/><E6/><V84/><F126/><W24/><G28/><T13/><REACH who="0" step="1"/><D50/><REACH who="0" step="2"/><U111/><E116/><V79/><F135/><N who="1" m="51721" /><E1/><V70/><F0/><W16/><REACH who="3" step="1"/><G16/><AGARI ba="0,1" hai="10,13,14,16,19,23,89,94,98,99,100,104,112,113" machi="16" ten="30,3900,0" yaku="1,1,7,1,54,1,53,0" doraHai="119" doraHaiUra="62" who="0" fromWho="3" sc="191,49,198,0,289,0,312,-39" /><INIT seed="3,0,0,3,3,40" ten="240,198,289,273" oya="3" hai0="45,23,10,55,21,61,12,105,62,104,88,65,107" hai1="134,90,51,29,22,68,19,123,82,131,79,116,5" hai2="28,111,135,13,99,109,20,100,93,133,124,114,128" hai3="97,66,98,73,122,95,67,58,74,126,69,78,115" shuffle="mt19937ar,4221B7E9,E191B995,3C1C8A72,7839D1B6,F2CACBF9,CCF5DF2F,66394C3C,BD29F7A4"/><W3/><G122/><T125/><D125/><U85/><E68/><V50/><F114/><W101/><G115/><T119/><D119/><U4/><E123/><V91/><F128/><W48/><G3/><T113/><D113/><U26/><E131/><V49/><F124/><W106/><G126/><T120/><D120/><U64/><E134/><N who="2" m="51211" /><F28/><W63/><G78/><T15/><D15/><U1/><E1/><V0/><F13/><W132/><G132/><T6/><D88/><U76/><E116/><V27/><F0/><W18/><G18/><T7/><D7/><U108/><E108/><N who="2" m="41547" /><F27/><W103/><REACH who="3" step="1"/><G48/><REACH who="3" step="2"/><N who="2" m="18537" /><F20/><W41/><G41/><T81/><D6/><N who="1" m="2667" /><E51/><V86/><F100/><W44/><G44/><T53/><D45/><U35/><E35/><V77/><F77/><N who="1" m="29769" /><E64/><V9/><F9/><W127/><G127/><T71/><D10/><U14/><E14/><V37/><F37/><W121/><G121/><T112/><D112/><U130/><E130/><V94/><F99/><W80/><G80/><AGARI ba="0,1" hai="80,86,91,93,94" m="18537,41547,51211" machi="80" ten="30,2000,0" yaku="20,1,14,1" doraHai="40" who="2" fromWho="3" sc="240,0,198,0,289,30,263,-20" owari="240,-11,198,-20,319,32,243,-1" /></mjloggm>