<mjloggm ver="2.3"><GO type="137"/><UN n0="%6E%61%74%73%75%6F" n1="%E3%82%A6%E3%83%AB%E3%83%88%E3%83%A9%E7%AB%8B%E7%9B%B4" n2="%EF%BC%A6%EF%BC%8E%E3%82%BC%E3%82%A6%E3%82%B9" n3="%E4%BB%8A%E5%88%A5%E5%BA%9C" dan="11,10,11,11" rate="1666,1765,1606,1474" sx="M,M,F,M"/><TAIKYOKU oya="0"/><INIT seed="0,0,0,2,4,6" ten="250,250,250,250" oya="0" hai0="105,108,101,128,60,1,35,67,107,49,135,133,75" hai1="71,59,17,28,88,121,46,73,93,98,80,127,44" hai2="74,14,96,103,119,4,109,40,110,19,45,27,0" hai3="97,7,51,102,77,62,37,112,123,9,126,89,61" shuffle="mt19937ar,11EDD2CF,7D9186C9,3820D609,8CA73DC2,3104C6AB,CEE2E0FB,415EDB7F,918F81B8"/><T30/><D75/><U42/><E71/><V111/><F74/><W116/><G112/><T87/><D49/><U92/><E28/><V58/><F0/><W43/><G116/><T25/><D87/><U34/><E34/><V100/><F4/><W129/><G37/><T52/><D128/><U120/><E73/><V113/><F113/><W12/><G129/><T66/><D1/><U20/><E80/><V18/><F58/><W122/><G126/><T56/><D108/><N who="2" m="27650" /><V124/><DORA hai="94" /><F124/><W38/><G38/><T32/><D35/><U36/><E127/><V114/><F103/><W65/><G77/><T57/><D107/><U26/><E46/><V118/><F27/><W21/><G89/><T131/><D131/><U23/><E23/><V48/><F114/><W63/><G21/><T13/><D13/><U47/><E47/><V84/><F84/><W2/><G2/><T16/><D16/><N who="2" m="6186" /><F14/><W82/><G82/><T106/><D106/><AGARI ba="0,0" hai="40,45,48,96,100,106,118,119" m="6186,27650" machi="106" ten="40,5200,0" yaku="14,1,52,1,54,1" doraHai="6,94" who="2" fromWho="0" sc="250,-52,250,0,250,52,250,0" /><INIT seed="1,0,0,1,3,43" ten="198,250,302,250" oya="1" hai0="122,70,116,39,75,29,41,48,30,134,67,129,84" hai1="80,68,123,117,0,40,86,108,72,125,23,66,18" hai2="92,131,59,7,58,5,118,82,110,106,79,45,104" hai3="17,61,120,133,112,55,49,3,74,89,27,33,25" shuffle="mt19937ar,209A9102,825DF596,B347CA3D,134CD221,8A836FBF,7775476D,59383532,D21DBAF1"/><U115/><E0/><V90/><F118/><W81/><G120/><T78/><D116/><U21/><E72/><V6/><F110/><W19/><G112/><T54/><D75/><U69/><E123/><V124/><F131/><W50/><G3/><T83/><D129/><U94/><E117/><V88/><F124/><W71/><G133/><T73/><D122/><U26/><E125/><V96/><F90/><W46/><G50/><T14/><D134/><U57/><E115/><V2/><F2/><W93/><G71/><T87/><D70/><U9/><E9/><V20/><F104/><W38/><G38/><T34/><D67/><U132/><E132/><V37/><F106/><W64/><G33/><T36/><D30/><U11/><E11/><V103/><F103/><W42/><G74/><T99/><D41/><U95/><E40/><V35/><F45/><W111/><G111/><T15/><D99/><U4/><E4/><V102/><F37/><W65/><G65/><T1/><D39/><U76/><E69/><V32/><F102/><W101/><G101/><T62/><D36/><U91/><E68/><V52/><F20/><W114/><G114/><T8/><D62/><N who="1" m="38223" /><E108/><V60/><REACH who="2" step="1"/><F59/><REACH who="2" step="2"/><N who="3" m="36927" /><G42/><T47/><D1/><U126/><E126/><V128/><F128/><W28/><G27/><T22/><D34/><U105/><E105/><V51/><F51/><W121/><G121/><T77/><D78/><U130/><E130/><V97/><F97/><N who="3" m="57519" /><G81/><T100/><D83/><N who="1" m="49631" /><E23/><V98/><F98/><W56/><G56/><T24/><D22/><U31/><E31/><V119/><F119/><RYUUKYOKU ba="0,1" sc="198,-30,250,10,292,10,250,10" hai1="18,21,26,76,80,94,95" hai2="5,6,7,32,35,52,58,60,79,82,88,92,96" hai3="17,19,25,28,46,49,55" /><INIT seed="1,1,1,1,3,115" ten="168,260,302,260" oya="1" hai0="66,87,75,50,91,79,70,56,117,59,29,36,14" hai1="114,15,51,55,113,7,124,20,17,131,19,12,88" hai2="1,34,116,49,134,100,65,57,123,108,71,33,52" hai3="25,99,132,104,8,41,11,22,97,21,82,72,6" shuffle="mt19937ar,1B20DC30,6C92B3C0,D0184E2C,A6EC6651,466F03E8,3E459EB7,79ED0CAB,BD918D8F"/><U31/><E114/><V128/><F123/><W129/><G132/><T74/><D36/><U73/><E73/><V35/><F1/><W76/><G129/><T60/><D29/><U80/><E113/><V102/><F134/><W54/><G8/><T109/><D109/><U32/><E131/><V3/><F3/><W13/><G104/><T78/><D74/><U86/><E32/><V40/><F128/><W94/><G41/><T92/><D75/><U63/><E124/><V4/><F4/><W26/><G26/><T77/><D70/><U23/><E63/><V101/><F108/><W28/><G22/><T16/><D50/><U103/><E103/><V133/><F133/><W27/><G27/><T37/><D37/><U39/><E39/><V61/><REACH who="2" step="1"/><F40/><REACH who="2" step="2"/><W43/><G43/><T18/><D18/><U111/><E111/><V98/><F98/><W127/><G127/><T9/><REACH who="0" step="1"/><D59/><REACH who="0" step="2"/><U118/><E7/><V90/><F90/><W95/><REACH who="3" step="1"/><G54/><REACH who="3" step="2"/><T5/><D5/><U120/><E31/><V30/><F30/><W121/><G121/><T125/><D125/><U38/><E120/><V10/><F10/><W96/><AGARI ba="1,4" hai="6,11,13,21,25,28,72,76,82,94,95,96,97,99" machi="96" ten="30,8000,1" yaku="1,1,0,1,53,3" doraHai="115" doraHaiUra="93" who="3" fromWho="3" sc="158,-21,260,-41,292,-21,250,123" /><INIT seed="2,0,0,0,0,59" ten="137,219,271,373" oya="2" hai0="57,58,78,66,21,0,11,111,96,71,113,110,115" hai1="90,114,61,1,134,85,50,63,28,36,16,126,9" hai2="30,39,103,20,32,112,127,31,116,6,76,128,40" hai3="75,3,25,82,123,52,41,89,45,132,104,94,14" shuffle="mt19937ar,17338C60,B2D20F40,46B65447,991BDA76,F555CFED,CF84EF74,80268353,06C65C30"/><V12/><F112/><N who="0" m="43082" /><D78/><U130/><E36/><V53/><F116/><W125/><G123/><T121/><D96/><U10/><E1/><V72/><F103/><W55/><G104/><T27/><D0/><U106/><E106/><V74/><F53/><W60/><G3/><T47/><D11/><N who="1" m="4107" /><E28/><V46/><F6/><W97/><G132/><T124/><D21/><U105/><E105/><V80/><F72/><W109/><G109/><N who="0" m="41483" /><D27/><U42/><E134/><V24/><F127/><W5/><G125/><T64/><D124/><U131/><E126/><V68/><F128/><N who="1" m="49193" /><E114/><V129/><F129/><W73/><G82/><T4/><D4/><U79/><E79/><V117/><F117/><W93/><G55/><T19/><D19/><U22/><E42/><V88/><F68/><W102/><G25/><T70/><D47/><U38/><E38/><V29/><F88/><W67/><G52/><T62/><D121/><U107/><E50/><V87/><F74/><W44/><G44/><T108/><N who="0" m="41491" /><T7/><DORA hai="26" /><D7/><U15/><E107/><V17/><AGARI ba="0,0" hai="12,17,20,24,29,30,31,32,39,40,46,76,80,87" machi="17" ten="30,11700,0" yaku="0,1,52,3" doraHai="59,26" who="2" fromWho="2" sc="137,-39,219,-39,271,117,373,-39" /><INIT seed="2,1,0,2,1,50" ten="98,180,388,334" oya="2" hai0="70,76,37,106,28,117,4,99,13,121,38,52,0" hai1="23,74,30,58,86,40,17,43,91,90,1,105,7" hai2="33,29,47,129,19,12,64,118,73,14,62,135,107" hai3="63,41,96,34,84,82,35,123,2,127,67,101,59" shuffle="mt19937ar,9374341A,DD75E7DF,50AA5302,9EE37C88,D7BC72A8,027345A2,454C98CA,B024648B"/><V77/><F118/><W78/><G123/><T100/><D70/><U15/><E105/><V81/><F107/><W98/><G2/><T9/><D121/><U49/><E74/><V32/><F29/><W25/><G127/><T114/><D114/><U53/><E30/><V109/><F135/><W56/><G98/><T79/><D117/><U94/><E1/><V72/><F73/><W125/><G125/><T102/><D0/><U83/><REACH who="1" step="1"/><E7/><REACH who="1" step="2"/><V20/><F33/><W128/><G128/><T48/><D28/><U130/><E130/><V104/><F129/><W66/><G66/><T97/><D38/><U116/><E116/><V80/><F104/><W36/><G59/><T71/><D37/><U16/><E16/><V21/><F32/><W8/><G25/><T11/><D71/><U60/><E60/><V133/><F19/><W3/><G36/><T112/><D106/><U65/><E65/><V18/><F18/><W120/><G120/><T92/><D4/><U24/><E24/><V119/><F64/><W61/><G61/><T88/><D13/><U108/><E108/><V110/><F62/><W10/><G41/><T113/><D48/><U27/><E27/><V57/><F119/><W111/><G111/><T75/><D75/><U134/><E134/><V39/><F133/><W42/><G42/><T55/><REACH who="0" step="1"/><D92/><REACH who="0" step="2"/><U6/><E6/><V85/><F72/><W69/><G69/><T115/><D115/><U26/><E26/><V131/><F12/><W44/><G3/><T95/><D95/><U124/><E124/><V87/><F131/><W46/><G35/><RYUUKYOKU ba="1,2" sc="88,15,170,15,388,-15,334,-15" hai0="9,11,52,55,76,79,88,97,99,100,102,112,113" hai1="15,17,23,40,43,49,53,58,83,86,90,91,94" /><INIT seed="3,2,2,5,2,85" ten="103,185,373,319" oya="3" hai0="113,123,89,74,52,35,24,125,23,127,76,19,31" hai1="62,101,73,13,4,95,9,102,69,15,135,55,81" hai2="103,63,88,116,54,104,67,129,40,91,44,78,118" hai3="119,34,56,45,82,72,51,8,30,20,41,107,90" shuffle="mt19937ar,13AE130D,AD749D80,5721D491,7AA69B64,CBD568DA,FCF793C4,CDB1D8CE,392968FE"/><W111/><G119/><T128/><D123/><U0/><E135/><V97/><F129/><W25/><G107/><T47/><D76/><U80/><E73/><V126/><F78/><W48/><G111/><T64/><D74/><U133/><E69/><V130/><F130/><W99/><G34/><T42/><D64/><U18/><E0/><V10/><F126/><W131/><G131/><T71/><D71/><U59/><E133/><V5/><F116/><W98/><G72/><T29/><D128/><U27/><E27/><V120/><F54/><N who="3" m="31815" /><G8/><T11/><D11/><U43/><E43/><V14/><F120/><W53/><G53/><T112/><D42/><U121/><E121/><V36/><F118/><W83/><G83/><N who="1" m="31818" /><E95/><V117/><F117/><W58/><G58/><AGARI ba="2,2" hai="5,10,14,36,40,44,58,63,67,88,91,97,103,104" machi="58" ten="30,7700,0" yaku="7,1,52,2,54,1" doraHai="85" who="2" fromWho="3" sc="103,0,185,0,373,103,319,-83" /><INIT seed="4,0,0,5,2,83" ten="103,185,476,236" oya="0" hai0="7,67,123,107,88,56,118,134,112,66,125,26,100" hai1="135,80,61,131,124,96,85,28,48,52,72,44,55" hai2="109,50,15,77,45,58,87,27,60,76,12,78,73" hai3="79,122,47,34,59,42,29,127,101,32,89,81,33" shuffle="mt19937ar,7442545E,69B4BE96,67CE7179,6FAAB79B,86A95895,FEDFE3A8,95DC1E91,E88FF877"/><T117/><D107/><U40/><E72/><V22/><F73/><W62/><G127/><T10/><D100/><U114/><E124/><V6/><F6/><W53/><G122/><T86/><D125/><U37/><E131/><V128/><F109/><W133/><G133/><T69/><D69/><U126/><E126/><V5/><F5/><W9/><G101/><T16/><D123/><U13/><E135/><V64/><F128/><W106/><G106/><T97/><D134/><U119/><E119/><V0/><F87/><W39/><G89/><T18/><D112/><U24/><E114/><V84/><F84/><W70/><G70/><T36/><D36/><U129/><E129/><V120/><F0/><W108/><G108/><T94/><D117/><U1/><E1/><V90/><F90/><W98/><G98/><T92/><D118/><U63/><E96/><V68/><F68/><W21/><G9/><T116/><D116/><U23/><E13/><V65/><F64/><N who="0" m="24618" /><D56/><U35/><E35/><V54/><F120/><W95/><G95/><N who="0" m="54679" /><D97/><U110/><E110/><V31/><AGARI ba="0,0" hai="12,15,22,27,31,45,50,54,58,60,65,76,77,78" machi="31" ten="30,2000,0" yaku="0,1,8,1" doraHai="83" who="2" fromWho="2" sc="103,-10,185,-5,476,20,236,-5" /><INIT seed="5,0,0,2,2,53" ten="93,180,496,231" oya="1" hai0="8,125,108,131,86,118,26,84,90,126,122,57,35" hai1="74,63,102,37,79,116,81,27,4,82,29,41,7" hai2="69,56,71,87,128,98,22,127,68,132,121,45,49" hai3="16,96,40,14,103,133,134,100,62,76,2,75,58" shuffle="mt19937ar,8C9FBEDE,655C11EE,28AEE7F5,42483097,2D4823BC,6E416D2C,72F964F0,BF527834"/><U70/><E116/><V17/><F121/><W120/><G120/><T12/><D122/><U65/><E41/><V61/><F127/><N who="0" m="48650" /><D118/><U110/><E37/><V97/><F128/><W39/><G2/><T33/><D108/><U101/><E110/><V9/><F132/><N who="3" m="50795" /><G96/><T13/><D26/><U43/><E43/><V21/><F9/><N who="3" m="6223" /><G39/><T104/><D104/><U129/><E129/><V18/><F87/><N who="0" m="33322" /><D131/><U66/><E66/><V10/><F10/><W89/><G40/><T80/><D80/><U123/><E82/><V60/><F49/><W0/><G0/><T77/><D77/><U112/><E123/><V54/><F45/><W119/><G119/><T20/><D20/><U15/><E112/><V117/><F117/><W34/><G34/><N who="0" m="12811" /><D8/><U105/><E15/><N who="0" m="5705" /><D90/><U83/><E83/><V67/><F18/><W6/><G6/><T3/><D3/><U135/><E135/><V55/><F17/><W85/><G76/><T88/><D88/><U46/><E46/><V48/><F71/><W36/><G36/><T59/><AGARI ba="0,0" hai="57,59" m="5705,12811,33322,48650" machi="59" ten="40,8000,1" yaku="28,2,18,1,52,2" doraHai="53" who="0" fromWho="0" sc="93,80,180,-40,496,-20,231,-20" /><INIT seed="6,0,0,4,2,50" ten="173,140,476,211" oya="2" hai0="108,132,10,8,24,9,126,63,117,14,5,125,75" hai1="78,7,54,0,94,82,16,124,55,53,69,98,99" hai2="97,49,27,61,64,29,83,135,81,66,88,20,42" hai3="77,93,111,35,41,6,110,72,40,21,1,23,131" shuffle="mt19937ar,7D279C7E,857571D7,691BD583,A77ED25C,527D436E,222A3F19,C813674F,7928EB76"/><V76/><F135/><W60/><G35/><T48/><D75/><U115/><E69/><V92/><F61/><W70/><G131/><T15/><D63/><U34/><E34/><V118/><F118/><W79/><G79/><T96/><D96/><U129/><E7/><V74/><F42/><W31/><G23/><T85/><D85/><N who="1" m="48343" /><E0/><V123/><F123/><W100/><G41/><T17/><D48/><U25/><E129/><V26/><F49/><W134/><G134/><T51/><D51/><U104/><E104/><V102/><F83/><N who="3" m="45479" /><G40/><T89/><D89/><U62/><E124/><V133/><F133/><W32/><G21/><T86/><D86/><U101/><E98/><V113/><F113/><W130/><G130/><T114/><D132/><U90/><E115/><V95/><F27/><N who="3" m="18559" /><G93/><T18/><D114/><U11/><E62/><V30/><F29/><W112/><G100/><T68/><D68/><U109/><E109/><V37/><F37/><W87/><G87/><AGARI ba="0,0" hai="20,26,30,64,66,74,76,81,87,88,92,95,97,102" machi="87" ten="30,2900,0" yaku="7,1,54,1" doraHai="50" who="2" fromWho="3" sc="173,0,140,0,476,29,211,-29" /><INIT seed="6,1,0,3,2,31" ten="173,140,505,182" oya="2" hai0="61,129,112,3,16,119,55,82,45,48,63,39,14" hai1="85,68,95,38,75,103,107,102,115,35,54,126,96" hai2="25,60,9,72,65,49,4,28,116,101,22,74,71" hai3="20,46,62,2,59,53,111,0,58,44,10,66,124" shuffle="mt19937ar,C7196D29,827A5B4F,876D2AB0,F7B15440,9286DA48,0CF57451,5996B1B2,96BCF487"/><V81/><F116/><W79/><G111/><T114/><D3/><U110/><E68/><V86/><F49/><W131/><G124/><T92/><D119/><U87/><E38/><V11/><F101/><W57/><G131/><T21/><D39/><U26/><E75/><V18/><F18/><W42/><G2/><T108/><D108/><U90/><E110/><V69/><F71/><W77/><G44/><T89/><D82/><U17/><E126/><V100/><F100/><W34/><G34/><T93/><D129/><U23/><E115/><V50/><F50/><W91/><G58/><T56/><D92/><U99/><E35/><V41/><F11/><W106/><G106/><T130/><D130/><U97/><REACH who="1" step="1"/><E54/><REACH who="1" step="2"/><V27/><F74/><W5/><G20/><T36/><D36/><U120/><E120/><V32/><F72/><W30/><G30/><T6/><D114/><U7/><E7/><V8/><F4/><W73/><G73/><T127/><D112/><U47/><E47/><V117/><F117/><W80/><G80/><T134/><D127/><U125/><E125/><V135/><F32/><W29/><G29/><T122/><D6/><U128/><E128/><V43/><F28/><W88/><G46/><T52/><D122/><U51/><E51/><V113/><F69/><W1/><G1/><T37/><D37/><U118/><E118/><V64/><F113/><W76/><REACH who="3" step="1"/><G42/><REACH who="3" step="2"/><T121/><D121/><U13/><E13/><V70/><F43/><W109/><G109/><T15/><D45/><U33/><E33/><V19/><F41/><W67/><G67/><RYUUKYOKU ba="1,2" sc="173,-15,130,15,505,-15,172,15" hai1="17,23,26,85,87,90,95,96,97,99,102,103,107" hai3="0,5,10,53,57,59,62,66,76,77,79,88,91" /><INIT seed="7,2,2,4,3,123" ten="158,145,490,187" oya="3" hai0="9,82,99,7,51,117,10,89,20,37,103,38,35" hai1="110,84,102,73,6,13,85,49,63,15,22,27,132" hai2="83,3,54,74,44,11,94,135,33,75,79,97,52" hai3="16,2,47,45,113,26,57,128,55,61,0,122,29" shuffle="mt19937ar,81B02961,D7B05D6B,0D8B8962,D7AFAB86,A01E3B37,CA0F2B9B,3F8AD938,1D64E021"/><W42/><G122/><T1/><D117/><U88/><E73/><V70/><F70/><W59/><G113/><T92/><D35/><U108/><E110/><V86/><F33/><W100/><G128/><T48/><D10/><U56/><E108/><V21/><F135/><W68/><G68/><T23/><D38/><U43/><E132/><V91/><F3/><W101/><G45/><T115/><D37/><U106/><E102/><V12/><F21/><W87/><G59/><T120/><D120/><U105/><E106/><V78/><F79/><W90/><G16/><T98/><D115/><U77/><E105/><V65/><F65/><W64/><G0/><T81/><D98/><U126/><E126/><V18/><REACH who="2" step="1"/><F44/><REACH who="2" step="2"/><W76/><G2/><T46/><D23/><U129/><E77/><V125/><F125/><W116/><G76/><T112/><D20/><U31/><E129/><V25/><F25/><W14/><G116/><T32/><D112/><U131/><E131/><V53/><AGARI ba="2,3" hai="11,12,18,52,53,54,74,75,78,83,86,91,94,97" machi="53" ten="30,4000,0" yaku="1,1,0,1,54,1,53,0" doraHai="123" doraHaiUra="133" who="2" fromWho="2" sc="158,-12,145,-12,480,76,187,-22" owari="146,-25,133,-37,556,65,165,-3" /></mjloggm>