<mjloggm ver="2.3"><GO type="97"/><UN n0="%E3%83%8C%E3%83%AB%E9%9B%80%E5%A3%AB" n1="%E3%83%94%E3%83%B3%E3%82%AF%E3%82%B4%E3%83%BC%E3%83%AB%E3%83%89" n2="%E3%82%A6%E3%83%AB%E3%83%88%E3%83%A9%E7%AB%8B%E7%9B%B4" n3="%73%68%6F%30%6F%68%73" dan="13,13,13,14" rate="1979,1878,1824,1862" sx="M,M,M,M"/><TAIKYOKU oya="0"/><INIT seed="0,0,0,5,0,126" ten="250,250,250,250" oya="0" hai0="69,86,44,20,52,90,106,40,4,10,16,125,101" hai1="2,92,71,60,116,110,66,57,22,24,13,131,29" hai2="67,14,124,130,129,117,37,41,97,73,53,120,7" hai3="56,38,74,91,94,93,102,133,79,63,132,78,87"/><T103/><D125/><U42/><E2/><V11/><F124/><W134/><G38/><T76/><D69/><U5/><E116/><V70/><F73/><W82/><G63/><T119/><D119/><U65/><E110/><V18/><F117/><W46/><G46/><T21/><D76/><N who="3" m="29225" /><G56/><T0/><D106/><U58/><E42/><V27/><F41/><W107/><G74/><T55/><D20/><U105/><E105/><V49/><F37/><W45/><G45/><T118/><D118/><U26/><E71/><V64/><F97/><AGARI ba="0,0" hai="82,87,91,93,94,97,102,107,132,133,134" m="29225" machi="97" ten="40,5200,0" yaku="20,1,34,2" doraHai="126" who="3" fromWho="2" sc="250,0,250,0,250,-52,250,52" /><INIT seed="1,0,0,0,3,54" ten="250,250,198,302" oya="1" hai0="88,27,131,38,62,80,93,39,20,67,121,63,100" hai1="17,130,125,99,77,95,26,33,124,44,29,123,60" hai2="120,85,111,122,116,23,35,117,128,118,103,112,52" hai3="3,129,43,102,72,50,32,96,135,14,89,64,12"/><U22/><E123/><N who="2" m="47147" /><F23/><W86/><G72/><T1/><D131/><U76/><E130/><V74/><F35/><W91/><G3/><T49/><D1/><U24/><E44/><V109/><F128/><W7/><G129/><T58/><D121/><U83/><E60/><V51/><F74/><W28/><G64/><T84/><D49/><U46/><E46/><N who="2" m="27767" /><F85/><W107/><G135/><T55/><D100/><U40/><E40/><V75/><F75/><W97/><G32/><T113/><D113/><U104/><E104/><V10/><F10/><W16/><G28/><T42/><D42/><U6/><E6/><V8/><F8/><W92/><G86/><T79/><D79/><U87/><E77/><V61/><F103/><W90/><G102/><T119/><D119/><U106/><E106/><V115/><F61/><W41/><G107/><T4/><D4/><U94/><REACH who="1" step="1"/><E99/><REACH who="1" step="2"/><V110/><AGARI ba="0,1" hai="109,110,111,112,115,116,117,118" m="27767,47147" machi="110" ten="50,32000,5" yakuman="50" doraHai="54" who="2" fromWho="2" sc="250,-80,240,-160,198,330,302,-80" /><INIT seed="2,0,0,5,0,121" ten="170,80,528,222" oya="2" hai0="77,32,16,101,2,88,17,73,63,21,115,37,118" hai1="120,93,5,79,15,33,35,80,66,89,110,119,109" hai2="103,92,42,45,129,97,61,82,12,36,102,74,39" hai3="132,4,55,98,104,87,135,124,31,46,76,9,1"/><V19/><F129/><W106/><G31/><T40/><D32/><N who="1" m="12363" /><E66/><V41/><F61/><W99/><G124/><T108/><D118/><U86/><E119/><V54/><F54/><W14/><G1/><T111/><D2/><U7/><E120/><V22/><F74/><W6/><G6/><T133/><D115/><U60/><E60/><V43/><F82/><N who="3" m="47559" /><G99/><T70/><D101/><U71/><E71/><V65/><F65/><W90/><G90/><T20/><D70/><U48/><E48/><V26/><F103/><W95/><G46/><N who="0" m="23823" /><D63/><U56/><E56/><V51/><F39/><W131/><G131/><T64/><D64/><U50/><E50/><V130/><F130/><W47/><G95/><T28/><D77/><U78/><E15/><V11/><REACH who="2" step="1"/><F36/><REACH who="2" step="2"/><W52/><G55/><T58/><D73/><N who="1" m="43087" /><E79/><V100/><F100/><W125/><G52/><T62/><D62/><U75/><E75/><V3/><F3/><W116/><G116/><T127/><D58/><U128/><E128/><V67/><F67/><W29/><G135/><T34/><D133/><U18/><E18/><AGARI ba="0,1" hai="11,12,18,19,22,26,41,42,43,45,51,92,97,102" machi="18" ten="30,5800,0" yaku="1,1,7,1,8,1,53,0" doraHai="121" doraHaiUra="112" who="2" fromWho="1" sc="170,0,80,-58,518,68,222,0" /><INIT seed="2,1,0,5,0,94" ten="170,22,586,222" oya="2" hai0="30,79,81,109,43,71,92,131,17,98,11,21,107" hai1="13,53,115,23,58,10,59,133,37,51,9,84,85" hai2="102,93,122,105,14,69,28,87,132,18,24,56,82" hai3="119,32,78,52,1,41,0,46,60,100,113,125,90"/><V104/><F69/><W123/><G119/><T106/><D71/><U77/><E37/><V121/><F24/><W99/><G123/><T65/><D65/><U44/><E115/><V34/><F28/><W33/><G78/><T50/><D30/><U118/><E118/><V127/><F34/><W86/><G125/><T29/><D29/><U19/><E133/><V4/><F18/><W66/><G113/><T36/><D36/><U6/><E10/><V48/><F14/><W54/><G32/><T73/><D131/><U25/><E84/><V95/><F48/><W91/><G33/><T20/><D109/><U76/><E76/><V31/><F56/><W88/><G86/><T97/><D11/><U55/><E55/><V40/><F31/><W3/><G41/><T111/><D21/><U114/><E114/><V89/><F4/><W39/><G39/><T128/><D111/><U83/><E58/><V110/><F40/><W74/><G74/><T72/><D128/><U103/><E59/><V75/><F110/><W135/><G135/><T27/><D73/><U64/><E64/><V15/><F15/><W96/><G46/><T63/><D63/><U12/><E103/><V124/><F132/><W57/><REACH who="3" step="1"/><G99/><REACH who="3" step="2"/><T129/><D98/><U117/><E117/><V101/><F75/><W70/><G70/><T22/><D72/><U26/><AGARI ba="1,1" hai="6,9,12,13,19,23,25,26,44,51,53,77,83,85" machi="26" ten="30,2000,0" yaku="0,1,8,1" doraHai="94" who="1" fromWho="1" sc="170,-6,22,33,586,-11,212,-6" /><INIT seed="3,0,0,4,2,119" ten="164,55,575,206" oya="3" hai0="12,120,17,84,8,85,68,70,32,2,121,73,3" hai1="124,10,61,103,88,72,54,86,90,96,89,36,4" hai2="82,31,51,65,28,99,49,66,98,55,77,56,38" hai3="48,57,115,133,126,53,131,39,94,106,127,79,132"/><W37/><G106/><T83/><D32/><U59/><E36/><N who="3" m="13898" /><G79/><T64/><D73/><U43/><E72/><V26/><F38/><W46/><G94/><T50/><D85/><U109/><E109/><V9/><F9/><W80/><G80/><T110/><D110/><U25/><E124/><N who="3" m="47658" /><G115/><T60/><D68/><U95/><E43/><V11/><F11/><W102/><G102/><T128/><D128/><U123/><E25/><V100/><F100/><W16/><G16/><T40/><D40/><U114/><E114/><V6/><F6/><W113/><G113/><T69/><D50/><U76/><E76/><V29/><F26/><W63/><G131/><T101/><D101/><U30/><E30/><V67/><F51/><W62/><G46/><T22/><D70/><U122/><REACH who="1" step="1"/><E86/><AGARI ba="0,0" hai="28,29,31,49,55,56,65,66,67,77,82,86,98,99" machi="86" ten="40,1300,0" yaku="8,1" doraHai="119" who="2" fromWho="1" sc="164,0,55,-13,575,13,206,0" owari="164,-19,42,-36,588,59,206,-4" /></mjloggm>