<mjloggm ver="2.3"><GO type="41"/><UN n0="%E3%83%84%E3%82%AD%E3%83%84%E3%82%AD%E3%83%9E%E3%82%B7%E3%83%B3" n1="%E9%BB%84%E6%B3%89%E4%B8%AD%E6%9C%89%E3%81%AE%E6%97%85%E3%81%AE%E9%9B%A8" n2="%E3%82%A6%E3%83%AB%E3%83%88%E3%83%A9%E7%AB%8B%E7%9B%B4" n3="%E3%83%95%E3%83%AC%E3%83%B3%E3%83%81%E3%83%96%E3%83%AB" dan="13,13,13,15" rate="1896,1831,1859,2005" sx="M,M,M,M"/><TAIKYOKU oya="0"/><INIT seed="0,0,0,2,1,89" ten="250,250,250,250" oya="0" hai0="76,134,90,58,53,87,0,77,9,44,97,5,102" hai1="41,115,46,1,20,34,26,111,78,15,123,100,19" hai2="12,116,109,113,42,132,92,68,55,98,29,60,118" hai3="8,31,10,13,135,81,14,37,45,71,30,130,101" shuffle="mt19937ar,3806BDD2,8714763F,B89270CD,6EC17CC5,E38E32ED,DA64E56C,EDFC8105,F246A3D9"/><T27/><D134/><U24/><E123/><V122/><F122/><W67/><G135/><T38/><D27/><U61/><E111/><V18/><F113/><W83/><G71/><T62/><D44/><U91/><E115/><V129/><F29/><W70/><G70/><T114/><D38/><U105/><E1/><V21/><F42/><W95/><G67/><T119/><D119/><N who="2" m="45610" /><F109/><W84/><G130/><T117/><D117/><U3/><E3/><V127/><F129/><W73/><G73/><T112/><D114/><U88/><E78/><V63/><F127/><W82/><G45/><T133/><D133/><U93/><E105/><V16/><F132/><W50/><G50/><T108/><D112/><U110/><E61/><V75/><F75/><W125/><G37/><T103/><D108/><U99/><E110/><V86/><F86/><W36/><G36/><T69/><D69/><U52/><E41/><V104/><F104/><W49/><G49/><T43/><D43/><U65/><E65/><V106/><F106/><W66/><G66/><T56/><D56/><U94/><E34/><V126/><F126/><W35/><G35/><T54/><D54/><U33/><E33/><V2/><F2/><W17/><G84/><T74/><D74/><U79/><E79/><N who="0" m="30281" /><D97/><N who="1" m="57511" /><E100/><N who="2" m="60487" /><F68/><W72/><G72/><T28/><D28/><U22/><E20/><N who="2" m="11271" /><F55/><W96/><G125/><T25/><D25/><AGARI ba="0,0" hai="18,21,25,60,63" m="11271,60487,45610" machi="25" ten="30,3900,0" yaku="12,1,52,1,54,1" doraHai="89" who="2" fromWho="0" sc="250,-39,250,0,250,39,250,0" /><INIT seed="1,0,0,3,0,22" ten="211,250,289,250" oya="1" hai0="129,99,26,30,25,72,62,116,50,3,105,93,32" hai1="10,108,52,51,24,117,20,36,131,104,109,45,12" hai2="113,114,55,115,19,48,119,78,8,77,58,71,35" hai3="128,82,6,134,84,65,47,125,16,88,130,49,118" shuffle="mt19937ar,F8596E02,CA0095B9,1563989E,D3283AD1,27B6750C,E0F2FF99,BCB1712C,17D1A4D3"/><U66/><E117/><V0/><F119/><W135/><G6/><T21/><D72/><U46/><E104/><V23/><F71/><W57/><G118/><T7/><D105/><U103/><E103/><V75/><F35/><W68/><G68/><T87/><D129/><N who="3" m="49769" /><G65/><T74/><D74/><U126/><E126/><V44/><F75/><W53/><G125/><T127/><D127/><U29/><E66/><V39/><F0/><W122/><G122/><T112/><D112/><U80/><E80/><V102/><F8/><W13/><G57/><T90/><D62/><U34/><E34/><V38/><F102/><W56/><G56/><T73/><D73/><U120/><E120/><V92/><F92/><W111/><G111/><N who="1" m="42570" /><E131/><V61/><F39/><W60/><G60/><T54/><D116/><U27/><E24/><N who="2" m="14463" /><F38/><W85/><G85/><T37/><D37/><U1/><E1/><V33/><F33/><W5/><G5/><T2/><D7/><N who="1" m="3167" /><E36/><V86/><F86/><W69/><G69/><T31/><D87/><U63/><E63/><V79/><F79/><W41/><G41/><AGARI ba="0,0" hai="41,44,48,55,58,61,77,78,113,114,115" m="14463" machi="41" ten="30,2000,0" yaku="11,1,52,1" doraHai="22" who="2" fromWho="3" sc="211,0,250,0,289,20,250,-20" /><INIT seed="2,0,0,5,4,51" ten="211,250,309,230" oya="2" hai0="47,113,101,20,111,128,59,66,30,135,131,57,100" hai1="6,83,123,69,56,77,15,130,72,81,42,35,70" hai2="11,120,4,25,116,22,127,109,26,45,48,41,14" hai3="64,55,118,87,60,1,103,2,93,98,73,63,108" shuffle="mt19937ar,711ECD70,606FA603,6A0DA21C,09AB0B67,533B922A,3B7B96C6,864E7E4F,FE3415A8"/><V117/><F120/><W80/><G118/><T37/><D113/><U0/><E35/><V86/><F127/><W119/><G119/><T43/><D30/><U95/><E123/><V107/><F107/><W97/><G73/><T34/><D34/><U27/><E27/><V58/><F109/><W134/><G134/><T122/><D122/><U84/><E95/><V75/><F75/><W76/><G108/><T12/><D111/><U40/><E130/><V44/><F44/><W32/><G98/><T49/><D135/><U24/><E24/><V74/><F74/><W13/><G32/><T54/><D59/><U68/><E0/><V5/><F5/><W91/><G103/><T112/><D112/><U33/><E33/><V79/><F58/><W10/><G64/><T115/><D115/><U50/><E15/><V133/><F133/><W104/><G104/><T65/><D65/><U16/><E6/><V94/><F26/><W125/><G125/><T21/><D66/><U126/><E16/><V19/><REACH who="2" step="1"/><F94/><REACH who="2" step="2"/><W121/><G121/><T38/><D38/><U85/><E126/><V96/><F96/><W114/><G114/><T78/><D78/><U52/><REACH who="1" step="1"/><E72/><REACH who="1" step="2"/><V129/><F129/><N who="0" m="49738" /><D12/><U88/><AGARI ba="0,2" hai="40,42,50,52,56,68,69,70,77,81,83,84,85,88" machi="88" ten="30,12000,2" yaku="1,1,0,1,52,1,54,2,53,2" doraHai="51" doraHaiUra="82" who="1" fromWho="1" sc="211,-30,240,140,299,-60,230,-30" /><INIT seed="3,0,0,1,2,16" ten="181,380,239,200" oya="3" hai0="112,28,114,121,19,58,106,132,62,25,111,57,17" hai1="7,120,95,75,122,30,79,6,34,93,54,101,48" hai2="43,45,119,20,32,0,39,71,135,89,99,131,118" hai3="65,63,60,117,128,123,15,46,13,108,80,130,116" shuffle="mt19937ar,8A2EE722,AAC0AC05,75A223D0,8E7401A4,7AFFDC44,FF9F3741,3D392ED6,97D84963"/><W133/><G123/><T100/><D121/><U107/><E120/><V103/><F32/><W41/><G80/><T12/><D100/><U82/><E122/><V125/><F0/><W127/><G15/><T115/><D106/><U67/><E6/><V76/><F76/><W86/><G86/><T21/><D132/><U98/><E7/><V42/><F42/><W52/><G133/><T44/><D44/><U38/><E38/><V92/><F71/><W105/><G105/><T68/><D111/><U40/><E40/><V50/><F135/><W1/><G1/><T64/><REACH who="0" step="1"/><D17/><REACH who="0" step="2"/><U94/><E107/><V23/><F103/><W104/><G108/><T24/><D24/><U8/><E98/><V47/><F125/><W49/><G104/><T55/><D55/><U66/><E101/><V81/><F119/><W2/><G127/><T134/><D134/><U69/><E69/><V36/><F118/><W14/><G46/><T29/><D29/><U113/><E34/><AGARI ba="0,1" hai="12,19,21,25,28,34,57,58,62,64,68,112,114,115" machi="34" ten="40,5200,0" yaku="1,1,11,1,52,1,53,0" doraHai="16" doraHaiUra="102" who="0" fromWho="1" sc="171,62,380,-52,239,0,200,0" /><INIT seed="4,0,0,4,0,81" ten="233,328,239,200" oya="0" hai0="108,35,115,7,42,92,70,30,83,132,56,91,80" hai1="120,6,111,59,65,86,27,88,123,94,40,61,51" hai2="3,84,103,31,100,89,127,134,0,104,126,12,102" hai3="68,85,71,118,135,66,58,55,33,16,39,101,119" shuffle="mt19937ar,CE19D9F2,606D38F9,3D618780,F769DC45,13D6363F,6A004862,718C80FF,7DDCD769"/><T107/><D115/><U37/><E111/><V28/><F12/><W67/><G39/><T32/><D70/><U8/><E37/><V125/><F104/><W60/><G33/><T90/><D107/><U99/><E27/><V109/><F109/><W34/><G101/><T96/><D108/><U41/><E123/><V77/><F77/><W112/><G34/><T79/><D132/><U62/><E120/><V64/><F64/><W130/><G112/><T4/><D42/><U25/><E25/><V97/><F97/><W131/><G135/><T72/><D35/><U129/><E129/><N who="3" m="49162" /><G85/><T93/><D83/><U14/><E62/><V110/><F110/><W133/><G16/><T114/><D114/><U38/><E38/><V29/><F134/><W105/><G105/><T2/><D2/><U1/><E1/><V47/><REACH who="2" step="1"/><F47/><REACH who="2" step="2"/><W128/><G133/><T15/><D15/><U36/><E36/><V117/><F117/><N who="3" m="44555" /><G128/><T95/><D56/><U48/><E99/><V87/><F87/><W13/><G13/><T78/><D78/><U76/><E76/><V20/><F20/><W44/><G44/><T63/><D96/><U82/><E82/><AGARI ba="0,1" hai="0,3,28,29,31,82,84,89,100,102,103,125,126,127" machi="82" ten="50,8000,1" yaku="1,1,29,2,18,1,52,1,53,0" doraHai="81" doraHaiUra="116" who="2" fromWho="1" sc="233,0,328,-80,229,90,200,0" /><INIT seed="5,0,0,2,0,10" ten="233,248,319,200" oya="1" hai0="128,37,1,34,51,57,129,56,22,114,110,86,48" hai1="54,119,28,83,76,94,42,2,60,71,125,41,46" hai2="52,25,127,111,118,89,4,72,64,108,50,88,109" hai3="29,8,131,93,100,9,5,27,133,124,67,61,14" shuffle="mt19937ar,E8EA612E,5FBC67BE,7A72F674,59EFA1FD,DC163099,1E421FA0,A9890349,5F50B4CE"/><U73/><E2/><V74/><F118/><W77/><G131/><T115/><D1/><U79/><E125/><V101/><F101/><W120/><G124/><T123/><D34/><U122/><E119/><V134/><F127/><W44/><G133/><T30/><D86/><U126/><E126/><V19/><F4/><W132/><G132/><T20/><D30/><U13/><E122/><V6/><F6/><W63/><G77/><N who="1" m="29770" /><E71/><V116/><F64/><W78/><G78/><T95/><D95/><U112/><E73/><V11/><F116/><W113/><G113/><N who="0" m="43019" /><D123/><U32/><E32/><V82/><F134/><W49/><G9/><T33/><D33/><U90/><E83/><V70/><F70/><W39/><G39/><T75/><D75/><U121/><E112/><V62/><F62/><W135/><G67/><T105/><D105/><U21/><E121/><V38/><F38/><W98/><G120/><T15/><D37/><U45/><E28/><V24/><F74/><W107/><G107/><T31/><D31/><U43/><E60/><V3/><F3/><W16/><G5/><T18/><D22/><U106/><E54/><V84/><F72/><W96/><G96/><T104/><D104/><U103/><E103/><V36/><F36/><W26/><G135/><T7/><D7/><U23/><E106/><V58/><F89/><W80/><G80/><T35/><D35/><U85/><E23/><V91/><F91/><W12/><G29/><T81/><D81/><U102/><E102/><V47/><F58/><N who="0" m="22634" /><D110/><U55/><E55/><V130/><F130/><AGARI ba="0,0" hai="15,18,20,48,51,128,129,130" m="22634,43019" machi="130" ten="30,3900,0" yaku="19,1,15,1,52,1" doraHai="10" who="0" fromWho="2" sc="233,39,248,0,319,-39,200,0" /><INIT seed="6,0,0,2,4,35" ten="272,248,280,200" oya="2" hai0="18,81,57,90,45,71,40,105,52,78,15,129,91" hai1="23,106,10,100,8,114,87,36,109,83,110,104,130" hai2="117,126,61,51,43,118,113,6,21,26,131,82,98" hai3="115,102,112,20,67,22,77,134,116,96,37,73,69" shuffle="mt19937ar,A8662F4C,0A6AAA51,273FE068,CAA7C382,EF1B1913,E54A3028,F81C2528,6ACBFAD4"/><V86/><F118/><W55/><G116/><T4/><D71/><U79/><E36/><V50/><F117/><W29/><G37/><T38/><D105/><U68/><E68/><V44/><F126/><W124/><G124/><T58/><D129/><U33/><E23/><V103/><F131/><W24/><G69/><T32/><D58/><U7/><E130/><V70/><F113/><W25/><G67/><T13/><D32/><U19/><E114/><N who="3" m="43562" /><G73/><T64/><D64/><U5/><E19/><V17/><F70/><W12/><G77/><T99/><D99/><U65/><E65/><V75/><F75/><W97/><G134/><T108/><D108/><U89/><E33/><V135/><F135/><W66/><G66/><T132/><D132/><U39/><E39/><V28/><F61/><W63/><G12/><T128/><D128/><U56/><E56/><V59/><F6/><W133/><G133/><T41/><D41/><U2/><E89/><V3/><F3/><W84/><G84/><T34/><D13/><U121/><E121/><V46/><F59/><N who="3" m="35327" /><G102/><T60/><D34/><U30/><E30/><AGARI ba="0,0" hai="20,22,24,25,29,30,96,97" m="35327,43562" machi="30" ten="30,2000,0" yaku="15,1,11,1" doraHai="35" who="3" fromWho="1" sc="272,0,248,-20,280,0,200,20" /><INIT seed="7,0,0,5,1,104" ten="272,228,280,220" oya="3" hai0="100,1,119,111,35,61,54,117,90,39,38,69,81" hai1="2,44,6,126,107,23,73,133,75,105,27,112,55" hai2="30,4,85,16,24,3,72,122,13,86,59,125,0" hai3="68,135,51,67,10,70,8,65,74,37,71,50,34" shuffle="mt19937ar,838F7361,53C77C39,3C74E081,E3FA9618,94058FAC,DC443D04,AC9DEE95,2BBDCCC1"/><W19/><G74/><N who="1" m="28170" /><E55/><V123/><F72/><W12/><G135/><T56/><D35/><U20/><E44/><V80/><F59/><W26/><G37/><T60/><D1/><N who="2" m="586" /><F4/><W124/><G124/><T130/><D111/><U63/><E63/><V121/><F80/><W15/><G34/><T62/><D130/><U32/><E20/><N who="2" m="15623" /><F125/><W29/><G29/><T43/><D100/><U40/><E23/><AGARI ba="0,0" hai="13,16,23,85,86,121,122,123" m="15623,586" machi="23" ten="40,2600,0" yaku="13,1,54,1" doraHai="104" who="2" fromWho="1" sc="272,0,228,-26,280,26,220,0" owari="272,7,202,-30,306,41,220,-18" /></mjloggm>