<mjloggm ver="2.3"><GO type="97"/><UN n0="%E3%82%A6%E3%83%AB%E3%83%88%E3%83%A9%E7%AB%8B%E7%9B%B4" n1="%E3%82%A2%E3%83%AA%E3%82%AF%E3%82%A4%E3%81%9F%E3%82%93" n2="%EF%BD%93%EF%BD%88%EF%BD%81%EF%BD%89%EF%BD%8E" n3="%47%69%6F%76%61%6E%69" dan="13,14,13,14" rate="1860,1937,1817,1926" sx="M,M,M,F"/><TAIKYOKU oya="0"/><INIT seed="0,0,0,0,1,51" ten="250,250,250,250" oya="0" hai0="30,70,88,46,127,24,101,123,41,109,37,96,97" hai1="93,87,85,50,94,98,80,81,26,22,53,122,107" hai2="91,104,69,78,55,75,12,105,34,113,119,102,42" hai3="116,62,118,23,117,11,111,54,95,67,56,57,21" shuffle="mt19937ar,495F7458,6D82BB09,764528B6,43EC69C1,0D6929A3,A31AF394,6072F188,FEB3423E"/><T90/><D70/><U44/><E107/><V61/><F113/><W60/><G111/><T1/><D123/><U133/><E122/><V16/><F34/><W59/><G11/><T124/><D1/><U73/><E133/><V33/><F33/><W89/><REACH who="3" step="1"/><G59/><REACH who="3" step="2"/><T25/><D109/><U40/><E73/><V106/><F119/><W45/><G45/><T19/><D30/><N who="1" m="17751" /><E40/><V110/><F42/><W130/><G130/><T35/><D35/><U120/><E120/><V49/><F69/><W126/><G126/><N who="0" m="48171" /><D19/><U52/><E98/><AGARI ba="0,1" hai="21,23,54,56,57,60,62,67,89,95,98,116,117,118" machi="98" ten="40,2600,0" yaku="1,1,52,1,53,0" doraHai="51" doraHaiUra="65" who="3" fromWho="1" sc="250,0,250,-26,250,0,240,36" /><INIT seed="1,0,0,5,1,64" ten="250,224,250,276" oya="1" hai0="94,0,113,13,118,93,107,61,57,63,53,95,18" hai1="71,88,22,90,114,70,67,77,110,79,5,117,129" hai2="42,65,31,25,33,127,111,24,41,102,7,51,78" hai3="69,23,134,104,72,101,11,121,56,98,135,16,60" shuffle="mt19937ar,E6A774CC,A3BB46B5,1D4887CA,8F7091B5,469E3335,C32E186B,81BBBA6C,C51DB496"/><U38/><E114/><V45/><F111/><W80/><G121/><T28/><D0/><U66/><E38/><V76/><F127/><W34/><G34/><T29/><D107/><U39/><E39/><V86/><F102/><W133/><G11/><T106/><D106/><U37/><E37/><V27/><F7/><W100/><G100/><T8/><D113/><U17/><E117/><V40/><F65/><N who="3" m="41127" /><G56/><T81/><D118/><U19/><E5/><V58/><F58/><W85/><G72/><T52/><D81/><U55/><E55/><V123/><F123/><W12/><G85/><T73/><D73/><U6/><E6/><V74/><F74/><W126/><G80/><T125/><D125/><AGARI ba="0,0" hai="12,16,23,98,101,104,125,126,133,134,135" m="41127" machi="125" ten="40,5200,0" yaku="20,1,52,1,54,1" doraHai="64" who="3" fromWho="0" sc="250,-52,224,0,250,0,276,52" /><INIT seed="2,0,0,1,4,131" ten="198,224,250,328" oya="2" hai0="28,39,118,60,18,25,29,130,134,101,61,3,7" hai1="89,44,122,6,31,117,71,54,76,2,77,97,69" hai2="128,4,10,35,53,104,56,133,114,103,94,34,55" hai3="132,90,57,19,9,24,119,88,111,102,63,30,64" shuffle="mt19937ar,D35B43CC,72DA4752,E8466BD0,7C977FEC,750D4C71,AB297458,C21C31C2,63711CCE"/><V59/><F114/><W124/><G119/><T125/><D101/><U33/><E117/><V93/><F128/><W74/><G74/><T123/><D39/><U135/><E135/><V68/><F68/><W113/><G132/><T110/><D130/><U80/><E31/><N who="0" m="11849" /><D61/><U85/><E33/><V82/><F133/><W98/><G111/><T15/><D60/><U22/><E122/><V51/><F82/><W92/><G124/><T99/><D99/><U20/><E6/><V108/><F108/><W70/><G70/><T14/><D134/><U95/><E2/><V62/><F104/><W79/><G79/><T84/><D84/><U87/><E69/><V48/><F62/><W105/><G105/><T37/><D37/><U120/><E71/><V106/><F106/><W58/><G58/><T1/><D110/><U67/><E67/><V26/><F26/><W38/><G38/><T50/><D50/><N who="1" m="28999" /><E120/><V66/><F66/><W129/><G129/><T65/><D65/><U52/><E52/><V115/><F115/><W16/><G113/><T86/><D86/><U12/><E12/><N who="0" m="4649" /><D123/><U96/><E96/><V107/><F107/><W75/><G75/><T21/><D118/><U0/><E0/><N who="0" m="73" /><D125/><U43/><E43/><V27/><F27/><W23/><G102/><T112/><D112/><U78/><E87/><V116/><F116/><W121/><G121/><T72/><D72/><U47/><E47/><V45/><F45/><W127/><G127/><T91/><D91/><AGARI ba="0,0" hai="20,22,76,77,78,80,85,89,91,95,97" m="28999" machi="91" ten="30,1000,0" yaku="8,1" doraHai="131" who="1" fromWho="0" sc="198,-10,224,10,250,0,328,0" /><INIT seed="3,0,0,1,3,21" ten="188,234,250,328" oya="3" hai0="81,65,38,118,79,93,113,124,133,82,132,78,36" hai1="66,11,52,120,94,28,102,31,110,45,22,58,72" hai2="71,14,67,49,92,18,37,25,53,35,100,27,2" hai3="129,83,119,61,30,20,117,32,131,123,101,16,134" shuffle="mt19937ar,725C04C9,1BA31315,5CEE4A2E,51175A02,32B0E75F,E9C81D6B,661BEF82,75A9E90A"/><W42/><G123/><T127/><D65/><U8/><E72/><V114/><F37/><W121/><G121/><T68/><D68/><U10/><E120/><V41/><F114/><W15/><G134/><N who="0" m="51819" /><D38/><U39/><E110/><V40/><F2/><W44/><G101/><T46/><D46/><U55/><E39/><V59/><F35/><W47/><G61/><T109/><D36/><U91/><E102/><V4/><F4/><W48/><G83/><N who="0" m="31755" /><D118/><U85/><E22/><N who="2" m="11607" /><F71/><W84/><G84/><T0/><D0/><U17/><E17/><V108/><F67/><W89/><G47/><T90/><D109/><U115/><E115/><V95/><F108/><W73/><G117/><T76/><D113/><U19/><E19/><V77/><F77/><N who="0" m="19714" /><T12/><DORA hai="135" /><D12/><U69/><E69/><V107/><F107/><W34/><G119/><T51/><D51/><N who="1" m="28783" /><E66/><V98/><F95/><W13/><G48/><AGARI ba="0,0" hai="8,10,11,28,31,48,55,58,85,91,94" m="28783" machi="48" ten="30,2000,0" yaku="8,1,54,1" doraHai="21,135" who="1" fromWho="3" sc="188,0,234,20,250,0,328,-20" owari="188,-21,254,0,250,-10,308,31" /></mjloggm>