<mjloggm ver="2.3"><GO type="41"/><UN n0="%73%75%67%69%6E%6F%6B%6F" n1="%E7%89%B9%E8%A8%93%E4%B8%AD" n2="%E3%82%A6%E3%83%AB%E3%83%88%E3%83%A9%E7%AB%8B%E7%9B%B4" n3="%E3%81%A0%E3%82%81%E3%81%BD%E3%82%93%E2%99%AA" dan="13,13,14,13" rate="1849,1936,1936,1947" sx="M,M,M,F"/><TAIKYOKU oya="0"/><INIT seed="0,0,0,3,2,94" ten="250,250,250,250" oya="0" hai0="76,49,14,62,44,133,7,34,130,13,29,12,122" hai1="41,117,65,3,81,114,15,116,59,74,36,108,1" hai2="17,113,95,19,18,84,79,63,67,124,106,6,4" hai3="131,37,126,111,26,90,52,119,40,53,92,42,88"/><T21/><D122/><U2/><E59/><V58/><F113/><W28/><G119/><T35/><D76/><U30/><E65/><V77/><F124/><W102/><G126/><T93/><D133/><U125/><E15/><V33/><F33/><W0/><G0/><T64/><D130/><U48/><E48/><V118/><F106/><W60/><G131/><T10/><D35/><U107/><E30/><V16/><N who="2" m="4608" /><DORA hai="127" /><V46/><F118/><W51/><G111/><T100/><D34/><U32/><E32/><V82/><F77/><W87/><G102/><T80/><D80/><U25/><E25/><V89/><REACH who="2" step="1"/><F46/><REACH who="2" step="2"/><W123/><G123/><T134/><D134/><U91/><E107/><V23/><F23/><W85/><G26/><N who="0" m="16591" /><D44/><U5/><E114/><V72/><AGARI ba="0,1" hai="4,6,58,63,67,72,79,82,84,89,95" m="4608" machi="72" ten="40,8000,1" yaku="1,1,0,1,54,1,53,1" doraHai="94,127" doraHaiUra="98,86" who="2" fromWho="2" sc="250,-40,250,-20,240,90,250,-20" /><INIT seed="1,0,0,5,1,34" ten="210,230,330,230" oya="1" hai0="35,115,41,40,46,43,102,125,91,44,19,78,127" hai1="109,5,70,56,120,82,72,84,103,113,8,75,86" hai2="108,26,13,16,54,53,57,69,110,68,118,9,134" hai3="100,94,10,48,60,15,33,119,129,64,93,18,90"/><U67/><E113/><V31/><F118/><W59/><G33/><T107/><D115/><U52/><E120/><V105/><F105/><W14/><G119/><T121/><D78/><U88/><E103/><V17/><F134/><W131/><G48/><T95/><D35/><U24/><E109/><N who="2" m="42091" /><F31/><W28/><G28/><T83/><D83/><U89/><E24/><V36/><F36/><W29/><G29/><T87/><D19/><U77/><E67/><V81/><F81/><W79/><G79/><T61/><D61/><U21/><E21/><N who="2" m="13607" /><F53/><W55/><G55/><T49/><D121/><U112/><E70/><V2/><F2/><W47/><G129/><T76/><D76/><U50/><E112/><V23/><F23/><W124/><G131/><T96/><REACH who="0" step="1"/><D46/><REACH who="0" step="2"/><U51/><E77/><V99/><F17/><N who="3" m="8407" /><G47/><T80/><D80/><U106/><E75/><V66/><F68/><W62/><G18/><T71/><D71/><U11/><E72/><V30/><F69/><W4/><G62/><T92/><D92/><U32/><E32/><V117/><F117/><W6/><G94/><T135/><D135/><U130/><E130/><V20/><F30/><W25/><G93/><T42/><AGARI ba="0,1" hai="40,41,42,43,44,49,87,91,95,96,102,107,125,127" machi="42" ten="30,4000,0" yaku="1,1,0,1,53,1" doraHai="34" doraHaiUra="98" who="0" fromWho="0" sc="200,50,230,-20,330,-10,230,-10" /><INIT seed="2,0,0,5,3,48" ten="250,210,320,220" oya="2" hai0="118,100,133,95,89,19,32,33,130,99,71,28,75" hai1="11,101,20,5,125,76,79,59,68,12,98,45,30" hai2="60,36,96,63,81,67,109,7,121,80,122,124,3" hai3="112,57,50,135,102,51,53,84,31,10,113,52,38"/><V104/><F60/><W14/><G38/><T66/><D130/><U8/><E125/><V126/><F36/><W23/><G135/><T82/><D133/><U114/><E68/><V127/><F7/><W64/><G64/><T55/><D118/><U37/><E114/><N who="3" m="44138" /><G102/><T41/><D41/><U26/><E37/><V0/><F63/><N who="3" m="36263" /><G84/><T47/><D66/><U16/><E45/><V116/><F67/><W13/><G10/><T56/><D71/><U40/><E59/><V65/><F65/><W132/><G132/><T92/><D47/><U22/><E40/><V58/><F58/><N who="3" m="33079" /><G51/><T62/><D19/><U103/><E103/><N who="2" m="62567" /><F116/><W110/><G110/><T1/><D1/><N who="2" m="586" /><F109/><W4/><G4/><T119/><D119/><U111/><E111/><V70/><F70/><W77/><G77/><T107/><D33/><U27/><REACH who="1" step="1"/><E11/><REACH who="1" step="2"/><V120/><AGARI ba="0,1" hai="80,81,120,121,122,124,126,127" m="586,62567" machi="120" ten="50,2400,0" yaku="18,1" doraHai="48" who="2" fromWho="2" sc="250,-8,200,-8,320,34,220,-8" /><INIT seed="2,1,0,0,1,76" ten="242,192,354,212" oya="2" hai0="74,37,10,11,17,103,65,106,19,64,113,42,7" hai1="100,128,62,117,133,111,82,55,119,60,23,112,87" hai2="95,26,48,108,130,83,59,101,15,86,115,70,92" hai3="109,1,20,107,46,58,3,118,132,97,51,13,63"/><V31/><F70/><W14/><G118/><T43/><D113/><U38/><E112/><V93/><F115/><W67/><G109/><T9/><D74/><U66/><E38/><V28/><F130/><W61/><G132/><T0/><D106/><U40/><E40/><V98/><F108/><W75/><G75/><T81/><D37/><U54/><E100/><V84/><F84/><W49/><G63/><T41/><D0/><U91/><E111/><V68/><F68/><W125/><G125/><T32/><D32/><U88/><E133/><V27/><F15/><W134/><G134/><T114/><D114/><U4/><E4/><V99/><F101/><W57/><G57/><T122/><D122/><U72/><E72/><V129/><F129/><W116/><G116/><T104/><D7/><U89/><E128/><V96/><F48/><W35/><G35/><T25/><D25/><N who="2" m="9226" /><F59/><W18/><G51/><T126/><D126/><U29/><E119/><V105/><F105/><W5/><G107/><T120/><D120/><U121/><E121/><V127/><F127/><W24/><G97/><N who="2" m="24833" /><V77/><AGARI ba="1,0" hai="28,31,77,83,86,92,93,95" m="24833,9226" machi="77" ten="40,7800,0" yaku="4,1,8,1,52,1" doraHai="76" who="2" fromWho="2" sc="242,-27,192,-27,354,81,212,-27" /><INIT seed="2,2,0,0,5,42" ten="215,165,435,185" oya="2" hai0="84,117,121,48,115,17,94,87,90,123,113,16,54" hai1="71,98,135,68,20,27,112,124,88,70,40,130,75" hai2="81,132,12,93,7,25,2,69,22,108,89,0,65" hai3="4,122,6,126,96,64,57,106,120,52,26,95,91"/><V13/><F65/><W61/><G126/><T3/><D3/><N who="2" m="1066" /><F81/><W50/><G106/><T38/><D38/><U8/><E75/><V105/><F89/><W128/><G128/><T80/><D117/><U15/><E130/><V99/><F93/><W73/><G73/><T107/><D107/><U110/><E124/><V36/><F99/><W85/><G26/><T102/><D123/><U97/><E40/><V28/><F69/><W134/><G134/><T47/><D121/><U44/><E135/><V30/><F36/><W43/><G43/><T9/><D102/><U116/><E116/><V14/><F105/><W103/><G120/><T55/><D55/><U11/><E71/><V83/><F83/><N who="3" m="49599" /><G122/><T31/><D31/><N who="2" m="11818" /><F108/><W10/><G10/><T74/><D74/><U60/><E8/><N who="2" m="4127" /><F132/><W66/><G66/><T101/><D17/><AGARI ba="2,0" hai="13,14,17,22,25" m="4127,11818,1066" machi="17" ten="30,12000,1" yaku="35,5" doraHai="42" who="2" fromWho="0" sc="215,-126,165,0,435,126,185,0" /><INIT seed="2,3,0,1,1,107" ten="89,165,561,185" oya="2" hai0="70,21,54,5,61,4,109,44,134,31,51,57,9" hai1="67,15,86,112,45,116,93,69,87,50,108,41,80" hai2="131,1,123,24,49,47,119,110,78,99,36,98,88" hai3="100,132,103,19,17,126,20,55,104,35,94,133,127"/><V33/><F123/><W8/><G35/><T83/><D134/><N who="3" m="51817" /><G104/><T76/><D109/><U65/><E108/><V85/><F119/><W22/><G8/><T53/><D70/><U16/><E112/><V60/><F110/><W18/><G55/><T135/><D135/><U14/><E69/><V58/><F36/><W11/><G11/><T48/><D9/><U34/><E34/><V82/><F1/><W102/><G94/><T120/><D120/><U84/><E93/><V89/><F131/><W52/><G52/><T2/><D2/><U32/><E32/><V118/><F118/><W68/><G68/><T43/><D31/><U28/><E28/><V91/><F24/><W23/><AGARI ba="3,0" hai="17,18,19,20,22,23,100,102,103,126,127" m="51817" machi="23" ten="40,8000,1" yaku="29,2,28,2,20,1" doraHai="107" who="3" fromWho="3" sc="89,-23,165,-23,561,-43,185,89" /><INIT seed="3,0,0,4,4,69" ten="66,142,518,274" oya="3" hai0="54,19,74,78,32,82,15,31,59,131,124,18,49" hai1="40,24,53,42,80,107,88,118,81,4,127,121,106" hai2="132,89,128,96,105,109,28,0,63,61,98,41,77" hai3="91,1,2,7,33,108,66,99,52,35,34,8,90"/><W11/><G66/><T111/><D131/><U97/><E121/><V47/><F0/><W5/><G108/><T79/><D124/><U117/><E4/><V64/><F77/><W92/><REACH who="3" step="1"/><G52/><REACH who="3" step="2"/><T45/><D111/><U126/><E53/><V38/><F109/><W113/><G113/><T116/><D116/><U125/><E117/><V46/><F64/><W37/><G37/><T103/><D103/><AGARI ba="0,1" hai="1,2,5,7,8,11,33,34,35,90,91,92,99,103" machi="103" ten="40,3900,0" yaku="1,1,9,1,53,0" doraHai="69" doraHaiUra="119" who="3" fromWho="0" sc="66,-39,142,0,518,0,264,49" /><INIT seed="3,1,0,2,5,3" ten="27,142,518,313" oya="3" hai0="23,21,1,54,17,48,133,109,55,34,132,24,87" hai1="94,135,31,18,71,93,16,99,84,63,26,36,81" hai2="74,25,114,67,50,15,45,65,82,100,98,59,33" hai3="124,104,85,20,127,27,70,46,88,92,64,129,58"/><W19/><G104/><T8/><D109/><U110/><E110/><V47/><F114/><W53/><G129/><T5/><D87/><U103/><E36/><V2/><F2/><W79/><G46/><T32/><D54/><U66/><E94/><V89/><F33/><W131/><G131/><T112/><D112/><U107/><E93/><N who="2" m="58447" /><F74/><W68/><G79/><T57/><REACH who="0" step="1"/><D23/><REACH who="0" step="2"/><U39/><E135/><AGARI ba="1,1" hai="1,5,8,17,21,24,32,34,48,55,57,132,133,135" machi="135" ten="40,8000,1" yaku="1,1,2,1,20,1,52,1,53,0" doraHai="3" doraHaiUra="116" who="0" fromWho="1" sc="17,93,142,-83,518,0,313,0" /><INIT seed="4,0,0,2,5,77" ten="110,59,518,313" oya="0" hai0="67,56,40,58,94,89,62,46,98,31,9,107,19" hai1="99,76,33,12,103,116,73,7,88,24,42,134,75" hai2="114,130,61,37,48,79,112,131,96,45,72,133,65" hai3="126,41,85,11,18,30,78,109,102,2,63,10,51"/><T54/><D107/><U4/><E116/><V91/><F91/><W53/><G109/><T59/><D31/><U117/><E117/><V6/><F96/><W1/><G126/><T26/><D67/><U43/><E33/><V34/><F6/><W104/><G30/><T0/><D0/><U108/><E24/><V66/><F34/><W90/><G78/><T101/><D101/><U122/><E108/><V93/><F93/><W14/><G11/><T123/><D123/><U128/><E128/><N who="2" m="49195" /><F79/><W124/><G124/><T27/><D27/><U60/><E76/><V35/><F72/><W15/><G15/><T97/><D98/><U119/><E119/><V92/><F92/><W120/><G120/><T95/><D95/><U13/><E99/><V8/><F8/><W23/><G102/><T80/><D80/><U118/><E118/><V127/><F35/><W16/><G104/><T3/><D3/><U57/><E103/><V68/><F127/><W38/><G1/><T29/><D29/><U105/><E105/><V84/><F84/><W52/><G2/><T110/><D110/><U22/><E75/><V44/><F66/><W36/><G85/><T135/><D135/><U50/><E134/><V87/><F87/><W32/><G32/><T132/><D132/><U69/><E73/><V20/><F133/><W74/><G74/><T86/><D86/><U115/><E122/><V21/><F21/><W113/><G23/><N who="0" m="13695" /><D9/><U111/><E111/><V49/><F20/><W39/><G10/><T82/><D82/><U106/><E106/><V64/><F68/><W100/><G100/><RYUUKYOKU ba="0,0" sc="110,30,59,-10,518,-10,313,-10" hai0="40,46,54,56,58,59,62,89,94,97" /><INIT seed="4,1,0,4,5,114" ten="140,49,508,303" oya="0" hai0="116,14,117,9,120,29,41,96,34,111,49,21,15" hai1="25,109,39,88,90,3,76,30,73,42,101,122,103" hai2="121,100,134,83,135,118,4,70,95,127,77,28,1" hai3="82,75,86,87,102,89,94,60,38,22,62,58,37"/><T126/><D120/><U128/><E3/><V91/><F28/><W23/><G75/><T115/><D126/><U78/><E109/><V79/><F4/><W69/><G69/><T81/><D115/><U56/><E128/><V47/><F1/><W61/><G58/><T54/><D41/><U33/><E122/><V105/><F47/><W57/><G57/><T51/><D34/><U119/><E119/><V45/><F45/><W124/><G124/><T27/><D111/><U52/><E42/><V92/><F70/><W129/><G129/><T123/><D123/><U104/><E39/><V10/><F10/><W7/><G7/><T35/><D35/><U93/><E90/><V26/><F26/><W80/><G102/><T97/><D81/><N who="3" m="31337" /><G94/><N who="2" m="35881" /><F127/><W18/><G89/><T44/><D51/><U85/><E73/><V17/><F17/><W2/><G2/><T72/><D72/><U59/><E59/><V64/><F64/><W98/><G98/><T110/><D110/><U16/><E16/><V132/><F121/><W55/><G55/><T131/><D131/><U36/><E36/><N who="3" m="13930" /><G18/><T50/><D50/><U8/><E8/><V31/><F91/><W108/><G108/><T106/><D106/><U20/><E33/><V24/><F31/><W6/><G6/><T5/><REACH who="0" step="1"/><D15/><REACH who="0" step="2"/><U67/><E104/><V74/><F74/><W66/><G66/><T19/><D19/><U71/><E67/><V68/><F105/><W13/><G13/><T48/><D48/><N who="1" m="30727" /><E71/><V112/><F68/><W40/><G40/><T133/><D133/><N who="2" m="34050" /><V53/><DORA hai="43" /><F112/><W99/><G22/><RYUUKYOKU ba="1,1" sc="130,15,49,15,508,-15,303,-15" hai0="5,9,14,21,27,29,44,49,54,96,97,116,117" hai1="20,25,30,76,78,85,88,93,101,103" /><INIT seed="4,2,1,1,4,120" ten="145,64,493,288" oya="0" hai0="88,60,40,50,72,36,29,97,98,24,58,107,62" hai1="99,103,129,44,46,33,32,17,26,14,4,5,89" hai2="70,54,128,92,8,2,123,102,81,12,110,23,106" hai3="45,20,105,112,135,94,43,124,109,18,6,30,0"/><T56/><D72/><U27/><E129/><V55/><F70/><W11/><G105/><T78/><D78/><U13/><E89/><V114/><F106/><W39/><G112/><T63/><D36/><U101/><E99/><V133/><F123/><W119/><G119/><T15/><D107/><U127/><E17/><V86/><F2/><W21/><G135/><T64/><D15/><U116/><REACH who="1" step="1"/><E127/><REACH who="1" step="2"/><V65/><F133/><W69/><G124/><T111/><D88/><U104/><E104/><V41/><F128/><W47/><G18/><T61/><D98/><U79/><E79/><V1/><F102/><W37/><G30/><T96/><D97/><U90/><E90/><V131/><F131/><W68/><G6/><T3/><D96/><U73/><E73/><V42/><F86/><W126/><G126/><T100/><D100/><U93/><E93/><V75/><F92/><W85/><G94/><T95/><D95/><U71/><E71/><V80/><F75/><W57/><G85/><T51/><D3/><U77/><E77/><V117/><F1/><W31/><G0/><T66/><D29/><U16/><E16/><V25/><F80/><W122/><G31/><T67/><D24/><U53/><E53/><V121/><F81/><W115/><G69/><T125/><D125/><U113/><E113/><V38/><F55/><W91/><G68/><T74/><D74/><U82/><E82/><V35/><F54/><W108/><G115/><T118/><D118/><AGARI ba="2,2" hai="4,5,13,14,26,27,32,33,44,46,101,103,116,118" machi="118" ten="25,3200,0" yaku="1,1,22,2,53,0" doraHai="120" doraHaiUra="59" who="1" fromWho="0" sc="145,-38,54,58,493,0,288,0" /><INIT seed="5,0,0,0,2,15" ten="107,112,493,288" oya="1" hai0="99,100,102,95,115,116,61,17,55,104,45,103,112" hai1="124,118,68,105,83,74,72,78,31,58,40,57,87" hai2="48,38,7,13,120,41,86,11,94,90,47,21,16" hai3="2,27,91,66,121,76,65,119,77,19,44,20,18"/><U113/><E118/><V36/><REACH who="2" step="1"/><F120/><REACH who="2" step="2"/><W59/><G121/><T101/><D116/><U131/><E124/><V50/><F50/><W75/><G119/><T53/><D104/><U0/><E105/><V117/><F117/><W110/><G110/><T64/><D115/><U93/><E113/><V25/><AGARI ba="0,1" hai="7,11,13,16,21,25,36,38,41,47,48,86,90,94" machi="25" ten="20,12000,2" yaku="21,2,0,1,7,1,52,1,54,1,53,0" doraHai="15" doraHaiUra="127" who="2" fromWho="2" sc="107,-30,112,-60,483,130,288,-30" /><INIT seed="6,0,0,0,5,76" ten="77,52,613,258" oya="2" hai0="32,0,1,107,42,98,87,25,31,116,108,114,120" hai1="123,88,55,39,57,51,17,103,46,67,91,105,21" hai2="13,68,112,44,58,126,3,9,38,131,18,12,94" hai3="92,20,53,35,23,75,95,15,79,29,83,14,70"/><V34/><F68/><W61/><G35/><T117/><D114/><U115/><E115/><V85/><F34/><W45/><G70/><T22/><D108/><U84/><E123/><V74/><F74/><W66/><G66/><T93/><D120/><U8/><E8/><V5/><F112/><W71/><G71/><T11/><D42/><U64/><E105/><V28/><F28/><W26/><G23/><T60/><D60/><U90/><E103/><V36/><F126/><W19/><G29/><T27/><D107/><U125/><E125/><V16/><F131/><W82/><G79/><T6/><D87/><U24/><E39/><V133/><F133/><W4/><G75/><T52/><D52/><U65/><REACH who="1" step="1"/><E46/><REACH who="1" step="2"/><V89/><F44/><W49/><G45/><T122/><D122/><U63/><E63/><V97/><F38/><W100/><G61/><T30/><REACH who="0" step="1"/><D1/><REACH who="0" step="2"/><U2/><E2/><V47/><F47/><W56/><G53/><T41/><D41/><U50/><E50/><V99/><F36/><W110/><G49/><T128/><D128/><U118/><E118/><V132/><F58/><W121/><G56/><T7/><D7/><U77/><E77/><V81/><F3/><W96/><G121/><T43/><D43/><U124/><E124/><V113/><F113/><W59/><G59/><T102/><AGARI ba="0,2" hai="0,6,11,22,25,27,30,31,32,93,98,102,116,117" machi="102" ten="30,2000,0" yaku="1,1,0,1,53,0" doraHai="76" doraHaiUra="40" who="0" fromWho="0" sc="67,40,42,-5,613,-10,258,-5" /><INIT seed="7,0,0,2,2,21" ten="107,37,603,253" oya="3" hai0="26,78,84,86,47,16,42,67,119,76,118,27,108" hai1="106,125,29,122,38,121,135,53,9,132,15,74,33" hai2="101,77,1,5,30,14,50,55,36,89,8,0,129" hai3="69,65,57,43,116,133,20,59,22,71,130,94,62"/><W46/><G116/><T45/><D108/><U111/><E106/><V97/><F36/><W96/><G130/><T87/><D67/><U13/><E53/><V88/><F77/><W51/><G133/><N who="1" m="51274" /><E74/><V109/><F109/><W104/><G104/><T44/><D42/><U28/><E38/><V110/><F110/><W32/><G32/><T70/><D70/><U103/><E103/><V41/><F41/><W68/><REACH who="3" step="1"/><G59/><REACH who="3" step="2"/><T12/><D119/><U91/><E111/><V37/><F129/><W31/><G31/><T134/><D118/><U102/><E102/><AGARI ba="0,1" hai="20,22,43,46,51,57,62,65,68,69,71,94,96,102" machi="102" ten="40,2000,0" yaku="1,1,53,0" doraHai="21" doraHaiUra="80" who="3" fromWho="1" sc="107,0,37,-20,603,0,243,30" /><INIT seed="7,1,0,3,3,84" ten="107,17,603,273" oya="3" hai0="97,62,61,7,108,39,106,72,82,25,124,54,123" hai1="9,110,55,69,118,23,105,67,80,1,130,133,65" hai2="85,127,134,96,31,47,38,40,2,66,8,34,116" hai3="36,99,86,10,91,95,48,111,64,88,90,52,104"/><W75/><G36/><T57/><D108/><U19/><E80/><V16/><F116/><W44/><G111/><T51/><D39/><U92/><E130/><V83/><F127/><W77/><G64/><T15/><D124/><U45/><E133/><V56/><F134/><W74/><G10/><T33/><D123/><U93/><E105/><V79/><F31/><W117/><G117/><T107/><D62/><U63/><E110/><V71/><F34/><W125/><G125/><T102/><D107/><U119/><E67/><V70/><F96/><W26/><G26/><T5/><D15/><U68/><E118/><V43/><F43/><W103/><G75/><T58/><D82/><U59/><E92/><V18/><F56/><W13/><G13/><T32/><D72/><U114/><E114/><V135/><F135/><W89/><G90/><T41/><D41/><U27/><E119/><V21/><F66/><W60/><G60/><T29/><D33/><U12/><E1/><V24/><F18/><W53/><G53/><AGARI ba="1,0" hai="5,7,25,29,32,51,53,54,57,58,61,97,102,106" machi="53" ten="30,1000,0" yaku="7,1" doraHai="84" who="0" fromWho="3" sc="107,13,17,0,603,0,273,-13" owari="120,-28,17,-48,603,70,260,6" /></mjloggm>