<mjloggm ver="2.3"><GO type="137"/><UN n0="%47%75%65%76%61%72%61" n1="%4D%44%51%53%54" n2="%E3%82%A6%E3%83%AB%E3%83%88%E3%83%A9%E7%AB%8B%E7%9B%B4" n3="%E6%9C%A8%E4%B9%8B%E4%B8%8B%E8%96%AB" dan="12,12,10,10" rate="1670,1716,1758,1518" sx="M,M,M,M"/><TAIKYOKU oya="0"/><INIT seed="0,0,0,0,1,10" ten="250,250,250,250" oya="0" hai0="118,32,86,110,14,25,37,127,94,88,106,27,89" hai1="130,90,66,81,92,12,116,63,24,85,34,46,133" hai2="11,61,68,128,74,44,107,65,69,79,30,104,28" hai3="124,131,78,102,50,105,76,59,119,108,21,80,39" shuffle="mt19937ar,0CCA98CE,D926A1EB,58F8F375,46AE01EE,50EF59FA,74989296,209714F6,18639F0C"/><T87/><D37/><U101/><E116/><V112/><F79/><W125/><G119/><T23/><D106/><U58/><E133/><V83/><F83/><W6/><G108/><T33/><D118/><U121/><E121/><V1/><F74/><W4/><G131/><T20/><D127/><N who="3" m="48713" /><G39/><T62/><D110/><U93/><E130/><V132/><F44/><W19/><G78/><T38/><D38/><U56/><E46/><V122/><F61/><W103/><G105/><T134/><D134/><U17/><E56/><V35/><F65/><W64/><G103/><T49/><D62/><U29/><REACH who="1" step="1"/><E101/><REACH who="1" step="2"/><V97/><F128/><W3/><G102/><T57/><D57/><U84/><E84/><V51/><F132/><W82/><G76/><T13/><D49/><U9/><AGARI ba="0,1" hai="9,12,17,24,29,34,58,63,66,81,85,90,92,93" machi="9" ten="20,5200,0" yaku="1,1,0,1,7,1,52,1,53,0" doraHai="10" doraHaiUra="98" who="1" fromWho="1" sc="250,-26,240,62,250,-13,250,-13" /><INIT seed="1,0,0,3,4,22" ten="224,302,237,237" oya="1" hai0="120,104,70,19,92,108,116,71,58,99,75,98,9" hai1="130,73,43,85,5,47,32,15,124,86,129,93,4" hai2="45,107,115,95,72,23,57,127,94,39,46,24,91" hai3="34,74,61,48,18,123,89,121,110,100,31,50,96" shuffle="mt19937ar,81EE1752,3367F80E,3A1E9F38,3F60C8E5,713A648C,D4B7015C,7AE29DC0,9FE8BE2C"/><U112/><E73/><V67/><F107/><W131/><G110/><T11/><D116/><U68/><E32/><V25/><F72/><W102/><G131/><T60/><D108/><U90/><E68/><V7/><F39/><W119/><G119/><T28/><D120/><U26/><E112/><V42/><F42/><W17/><G123/><T63/><D75/><U2/><E2/><V83/><F7/><W76/><G121/><T135/><D135/><U82/><E124/><V97/><F23/><W55/><G102/><T14/><D28/><U126/><E126/><V117/><F83/><W56/><G50/><T133/><D133/><U62/><E62/><N who="2" m="38351" /><F127/><W27/><G74/><T122/><D122/><U79/><E15/><V118/><F118/><W105/><G76/><T38/><D38/><U0/><E0/><V111/><F111/><W64/><REACH who="3" step="1"/><G89/><REACH who="3" step="2"/><T81/><D104/><U87/><E129/><V49/><F117/><W78/><G78/><T20/><D92/><U35/><E130/><V36/><F36/><W84/><G84/><T12/><D98/><U16/><E87/><N who="2" m="52607" /><F115/><W33/><G33/><T40/><D99/><U114/><E114/><V1/><F49/><W134/><G134/><T66/><D81/><U30/><E43/><V51/><F51/><W109/><G109/><T52/><D40/><U101/><E101/><N who="2" m="60607" /><F1/><W88/><G88/><T13/><REACH who="0" step="1"/><D71/><AGARI ba="0,1" hai="17,18,27,31,34,48,55,56,61,64,71,96,100,105" machi="71" ten="30,8000,1" yaku="1,1,7,1,25,2,52,1,53,0" doraHai="22" doraHaiUra="132" who="3" fromWho="0" sc="224,-80,302,0,237,0,227,90" /><INIT seed="2,0,0,1,0,52" ten="144,302,237,317" oya="2" hai0="77,70,106,116,98,47,133,38,81,90,15,35,18" hai1="26,96,120,131,76,73,31,79,118,41,67,21,44" hai2="39,5,61,102,27,109,91,49,3,45,112,100,125" hai3="78,130,46,0,121,128,57,126,63,23,64,40,80" shuffle="mt19937ar,32E23DBA,108C89AD,8C6AA83E,1CAD7823,F22AFF85,01E43237,8095F312,B6BAAFE4"/><V97/><F39/><W7/><G121/><T2/><D2/><U11/><E118/><V115/><F125/><W37/><G126/><T85/><D35/><U134/><E120/><V107/><F100/><W99/><G99/><T17/><D70/><U84/><E134/><V48/><F5/><W66/><G66/><T55/><D133/><U13/><E73/><V86/><F3/><W71/><G57/><T123/><D123/><U4/><E131/><N who="3" m="50218" /><G23/><T114/><D116/><U92/><E67/><V132/><F132/><W87/><G7/><T56/><D114/><U42/><E84/><V19/><F109/><W34/><G34/><T110/><D110/><U122/><E122/><V8/><F61/><W20/><G20/><T59/><D106/><U6/><E4/><V103/><F103/><W62/><G62/><T54/><D98/><U14/><E14/><V1/><F49/><W135/><G135/><T74/><D38/><U25/><E25/><V72/><F72/><W119/><G0/><T50/><D47/><U43/><REACH who="1" step="1"/><E44/><REACH who="1" step="2"/><V124/><F124/><W33/><G119/><T30/><D15/><U51/><E51/><V58/><F45/><W95/><G33/><T94/><REACH who="0" step="1"/><D30/><REACH who="0" step="2"/><U60/><E60/><AGARI ba="0,2" hai="17,18,50,54,55,56,59,60,74,77,81,85,90,94" machi="60" ten="30,8000,1" yaku="1,1,2,1,7,1,52,2,53,0" doraHai="52" doraHaiUra="29" who="0" fromWho="1" sc="134,100,292,-80,237,0,317,0" /><INIT seed="3,0,0,3,2,1" ten="234,212,237,317" oya="3" hai0="28,130,22,113,105,43,109,21,65,27,118,11,62" hai1="63,39,9,134,24,46,69,120,64,58,10,74,20" hai2="81,6,103,5,7,33,89,83,127,114,17,67,68" hai3="32,96,101,117,110,57,25,93,14,116,72,44,60" shuffle="mt19937ar,C80C2E9C,94515D6B,01CC9D07,C7D7351E,6834D306,928AB684,11EDA69E,F779AE44"/><W88/><G72/><T90/><D105/><U94/><E120/><V111/><F33/><W38/><G110/><T53/><D118/><U30/><E74/><V124/><F103/><W61/><G117/><T97/><D109/><U36/><E134/><V3/><F111/><W71/><G116/><T15/><D113/><U47/><E69/><V129/><F114/><W0/><G0/><T66/><D130/><U85/><E39/><V40/><F3/><W12/><G71/><T77/><D43/><U79/><E36/><V80/><F129/><W115/><G115/><T8/><D77/><U132/><E132/><V23/><F40/><W75/><G75/><T26/><D90/><U126/><E126/><N who="2" m="48171" /><F67/><W121/><G121/><T48/><D97/><U35/><E35/><V70/><F89/><W104/><G57/><T99/><D99/><U84/><E85/><V108/><F108/><W50/><G38/><T87/><D87/><U128/><E128/><V107/><F107/><W112/><G112/><T82/><D82/><U76/><E76/><V54/><F54/><W106/><G104/><T19/><D19/><U95/><E95/><V2/><F2/><W49/><G50/><T123/><D123/><U51/><E47/><V125/><F125/><W4/><G14/><AGARI ba="0,0" hai="5,6,7,14,17,23,68,70,80,81,83" m="48171" machi="14" ten="40,8000,1" yaku="18,1,52,3" doraHai="1" who="2" fromWho="3" sc="234,0,212,0,237,80,317,-80" /><INIT seed="4,0,0,4,5,14" ten="234,212,317,237" oya="0" hai0="115,110,26,131,18,84,25,65,90,23,43,30,40" hai1="122,66,82,77,104,54,126,50,112,64,109,58,52" hai2="97,71,62,51,39,128,9,125,87,80,57,47,111" hai3="2,118,36,53,28,102,132,135,21,34,113,55,116" shuffle="mt19937ar,964DA7E3,B1388C86,2C132697,7DA8CF79,A9A1946F,EE074F04,90260030,FF677B69"/><T124/><D124/><U73/><E112/><V103/><F71/><W1/><G36/><T105/><D105/><U42/><E109/><V119/><F39/><W31/><G34/><T35/><D110/><U27/><E104/><V75/><F75/><W16/><G113/><T20/><D115/><U134/><E134/><N who="3" m="51242" /><G102/><T44/><D131/><U100/><E100/><V6/><F128/><W81/><G81/><T127/><D127/><U8/><E126/><V24/><F24/><N who="3" m="14375" /><G55/><T88/><D65/><U41/><E122/><V93/><F125/><W10/><G53/><T68/><D68/><U5/><E27/><V13/><F119/><N who="3" m="45611" /><G10/><T94/><D35/><U86/><E73/><V130/><F130/><W17/><G17/><T106/><D106/><U99/><E99/><V11/><F111/><W108/><G108/><T48/><D90/><U32/><E32/><V49/><F11/><W129/><G129/><T22/><REACH who="0" step="1"/><D22/><REACH who="0" step="2"/><U3/><REACH who="1" step="1"/><E54/><AGARI ba="0,1" hai="18,20,23,25,26,30,40,43,44,48,54,84,88,94" machi="54" ten="30,18000,2" yaku="1,1,2,1,7,1,8,1,52,1,54,1,53,0" doraHai="14" doraHaiUra="61" who="0" fromWho="1" sc="224,190,212,-180,317,0,237,0" /><INIT seed="4,1,0,1,1,13" ten="414,32,317,237" oya="0" hai0="93,109,111,48,50,23,58,43,76,35,101,118,81" hai1="60,121,97,24,78,73,62,40,4,64,46,44,90" hai2="19,45,88,106,95,51,134,123,33,54,114,126,104" hai3="107,53,22,57,39,7,105,18,119,30,86,63,103" shuffle="mt19937ar,C0A5D803,5A539584,A2C197E5,2462DCF8,10CE7E42,C1EC83C1,25E7FF62,6EA2D073"/><T17/><D35/><U100/><E121/><V34/><F123/><W0/><G119/><T16/><D118/><U92/><E4/><V122/><F122/><W83/><G39/><T20/><D101/><U131/><E131/><V120/><F120/><W135/><G135/><T15/><D93/><U125/><E125/><V5/><F5/><W87/><G30/><T133/><D133/><U130/><E130/><V21/><F134/><W11/><G103/><T68/><D68/><U27/><E73/><V69/><F69/><W108/><G87/><T112/><D112/><U85/><E78/><V52/><F126/><W91/><REACH who="3" step="1"/><G108/><REACH who="3" step="2"/><N who="0" m="41547" /><D43/><U31/><E31/><V67/><F114/><W59/><G59/><T84/><D58/><U110/><E46/><V99/><F34/><W36/><G36/><T10/><D10/><U128/><E110/><V82/><F33/><W113/><G113/><T38/><D38/><U47/><E47/><V77/><F67/><W1/><G1/><T32/><D32/><U79/><E44/><V115/><F115/><W28/><G28/><T72/><D72/><U117/><E100/><V80/><F54/><W8/><G8/><T102/><D102/><U96/><E117/><V12/><REACH who="2" step="1"/><F82/><REACH who="2" step="2"/><W49/><G49/><T127/><D127/><U124/><E124/><V37/><F37/><W66/><G66/><T41/><D41/><U129/><E40/><V94/><F94/><W2/><G2/><T26/><AGARI ba="1,2" hai="15,16,17,20,23,26,48,50,76,81,84" m="41547" machi="26" ten="30,11700,0" yaku="10,1,52,2,54,1" doraHai="13" who="0" fromWho="0" sc="414,140,32,-40,307,-40,227,-40" owari="554,65,-8,-51,267,7,187,-21" /></mjloggm>