<mjloggm ver="2.3"><GO type="41"/><UN n0="%28%2A%EF%BD%80%CF%89%C2%B4%2A%29" n1="%61%6C%64%72%61%69%65" n2="%E3%83%A9%E3%83%97%E3%83%A9%E3%82%B7%E3%82%A2%E3%83%B3" n3="%E3%82%A6%E3%83%AB%E3%83%88%E3%83%A9%E7%AB%8B%E7%9B%B4" dan="14,13,14,15" rate="2077,1812,1956,1995" sx="M,M,M,M"/><TAIKYOKU oya="0"/><INIT seed="0,0,0,5,0,51" ten="250,250,250,250" oya="0" hai0="46,54,80,62,116,123,106,7,78,105,37,2,8" hai1="85,25,130,33,21,11,35,129,103,100,4,36,95" hai2="127,24,42,89,12,124,30,22,19,6,135,107,66" hai3="61,126,71,57,59,91,39,102,15,50,77,109,79"/><T27/><D116/><U53/><E36/><V45/><F107/><W49/><G102/><T14/><D123/><U84/><E95/><V41/><F135/><W32/><G32/><T34/><D14/><U40/><E40/><V119/><F119/><W108/><G91/><T122/><D122/><U16/><E33/><V1/><F66/><W120/><G15/><T69/><D54/><U10/><E35/><V90/><F6/><W86/><G86/><T87/><D62/><U55/><E4/><V29/><F1/><W31/><G31/><T118/><D69/><U74/><E74/><V73/><F73/><W18/><G18/><T112/><D112/><U111/><E111/><V67/><F67/><W72/><G72/><N who="0" m="43079" /><D118/><U60/><E60/><V92/><F45/><W68/><G61/><T114/><D87/><N who="1" m="33355" /><E100/><V117/><F117/><W121/><REACH who="3" step="1"/><G39/><REACH who="3" step="2"/><T28/><D114/><U17/><E103/><V26/><F90/><W47/><G47/><T76/><D76/><U52/><E17/><V101/><F101/><W9/><G9/><T64/><D64/><U70/><E70/><V93/><F89/><W82/><G82/><T65/><D65/><U20/><E20/><V99/><F22/><W5/><G5/><T38/><D37/><U110/><E110/><V125/><F19/><W63/><G63/><T44/><D46/><U81/><E81/><V0/><F12/><W133/><G133/><T104/><D106/><U97/><E97/><V128/><F99/><W58/><G58/><T113/><D113/><U94/><E94/><V96/><F96/><W75/><G75/><RYUUKYOKU ba="0,1" sc="250,10,250,10,250,-30,240,10" hai0="2,7,8,27,28,34,38,44,104,105" hai1="10,11,16,21,25,52,53,55,129,130" hai3="49,50,57,59,68,71,77,79,108,109,120,121,126" /><INIT seed="0,1,1,1,2,74" ten="260,260,220,250" oya="0" hai0="106,119,89,135,2,47,111,37,115,65,100,59,14" hai1="97,45,68,127,78,7,87,117,18,95,109,101,67" hai2="53,131,62,20,120,112,80,46,81,116,30,122,85" hai3="34,43,22,51,94,24,133,66,130,49,31,52,90"/><T114/><D119/><U19/><E117/><V15/><F116/><W91/><G130/><T0/><D135/><U92/><E127/><V3/><F131/><W98/><G133/><T63/><D111/><U77/><E109/><V88/><F3/><W79/><G66/><T17/><D106/><U10/><E68/><V55/><F112/><W93/><G34/><T75/><D100/><U13/><E67/><V4/><F122/><W110/><G110/><T99/><D75/><U42/><E87/><V121/><F120/><W113/><G113/><T9/><D0/><U36/><E95/><V32/><F32/><W29/><G29/><T71/><D71/><U35/><E35/><V12/><F121/><W21/><G21/><T72/><D72/><U69/><E69/><V73/><F55/><W60/><G43/><T61/><D61/><U25/><E25/><V118/><F118/><W102/><G102/><T11/><D89/><U126/><E126/><V108/><F108/><W76/><G60/><T33/><D99/><U82/><E82/><V50/><F73/><W58/><G51/><T6/><REACH who="0" step="1"/><D33/><REACH who="0" step="2"/><U123/><E123/><V107/><F62/><W105/><G105/><T96/><D96/><AGARI ba="1,2" hai="22,24,31,49,52,58,76,79,90,91,93,94,96,98" machi="96" ten="30,12000,2" yaku="7,1,9,1,8,1,52,2,54,1" doraHai="74" who="3" fromWho="0" sc="250,-123,260,0,220,0,250,143" /><INIT seed="1,0,0,4,1,33" ten="127,260,220,393" oya="1" hai0="20,11,85,7,46,122,37,104,49,69,107,18,42" hai1="9,127,4,62,114,34,58,48,90,126,112,99,26" hai2="6,124,63,5,10,47,101,28,57,35,12,109,72" hai3="94,16,3,116,134,78,75,125,110,24,76,84,54"/><U115/><E99/><V108/><F72/><W68/><G68/><T80/><D69/><U93/><E93/><V82/><F124/><N who="1" m="47657" /><E90/><V13/><F101/><W56/><G75/><T70/><D70/><U66/><E48/><V128/><F128/><W1/><G125/><T91/><D37/><U97/><E97/><V118/><F118/><W41/><G41/><T132/><D132/><U130/><E26/><V73/><F28/><W88/><G134/><T59/><D59/><U89/><E89/><V64/><F35/><W131/><G131/><T65/><D65/><U23/><E23/><V96/><F96/><W98/><G116/><T61/><D61/><U121/><E34/><V83/><F47/><W43/><G43/><T52/><D122/><U8/><E130/><V55/><F64/><W103/><G103/><T30/><D30/><U119/><E119/><V38/><F38/><W44/><G44/><T81/><D42/><U29/><E29/><V31/><F31/><W100/><G100/><T77/><D81/><U0/><E9/><N who="2" m="4143" /><F73/><W21/><G78/><T51/><D51/><U74/><E74/><V14/><F14/><W19/><G76/><T129/><D129/><U25/><E25/><V17/><F6/><W133/><G133/><T92/><D92/><U50/><E50/><V135/><F135/><W120/><G98/><T113/><D77/><U39/><E39/><V87/><F87/><W27/><G84/><T40/><D85/><U111/><E111/><AGARI ba="0,0" hai="10,13,17,55,57,63,82,83,108,109,111" m="4143" machi="111" ten="30,1000,0" yaku="14,1" doraHai="33" who="2" fromWho="1" sc="127,0,260,-10,220,10,393,0" /><INIT seed="2,0,0,5,4,120" ten="127,250,230,393" oya="2" hai0="94,65,2,68,83,64,19,113,45,38,78,131,102" hai1="98,133,10,44,69,103,28,22,54,20,31,130,81" hai2="41,95,42,43,129,30,11,90,117,34,122,121,16" hai3="88,105,74,71,104,73,97,1,86,29,5,100,40"/><V7/><F117/><W84/><G40/><T87/><D113/><U75/><E69/><V109/><F129/><W72/><G29/><T92/><D2/><U47/><E133/><V12/><F34/><W91/><G5/><T23/><D131/><U116/><E116/><V63/><F30/><W56/><G56/><T76/><D76/><U70/><E70/><V127/><F127/><W26/><G26/><T132/><D132/><U58/><E130/><V53/><F109/><W57/><G57/><T125/><D125/><U96/><E75/><V108/><F108/><W124/><G1/><T17/><D17/><U106/><E81/><V21/><F53/><W0/><G0/><T112/><D112/><U14/><E98/><V25/><REACH who="2" step="1"/><F63/><REACH who="2" step="2"/><W4/><G124/><T35/><D35/><U128/><E128/><V62/><F62/><W107/><G71/><T51/><D68/><U77/><E28/><V3/><F3/><W123/><G123/><T89/><D65/><U39/><E31/><V80/><F80/><N who="3" m="49159" /><G4/><T66/><D64/><U27/><E39/><V18/><F18/><W60/><G60/><T85/><D38/><U82/><E54/><V111/><F111/><W46/><G46/><T49/><D66/><U126/><E47/><V135/><F135/><W33/><G33/><T67/><D67/><U36/><E44/><V119/><F119/><W59/><G59/><T50/><D45/><U118/><E36/><V13/><F13/><W114/><G114/><T115/><D115/><U93/><E14/><V61/><F61/><W15/><G15/><N who="0" m="9727" /><D49/><U101/><E118/><RYUUKYOKU ba="0,1" sc="127,10,250,-30,220,10,393,10" hai0="50,51,78,83,85,87,89,92,94,102" hai2="7,11,12,16,21,25,41,42,43,90,95,121,122" hai3="72,73,74,86,91,97,100,104,105,107" /><INIT seed="2,1,1,3,3,106" ten="137,220,230,403" oya="2" hai0="5,11,126,108,41,0,68,31,34,3,133,91,66" hai1="127,6,21,124,77,81,98,71,89,123,2,19,62" hai2="69,17,112,8,92,33,30,42,104,18,88,13,103" hai3="102,39,117,122,29,10,74,95,120,16,82,50,40"/><V99/><F112/><W58/><G117/><T125/><D41/><U67/><E123/><V22/><F69/><W44/><G29/><T27/><D91/><U83/><E2/><V75/><F42/><W47/><G47/><T7/><D66/><U85/><E6/><V65/><F65/><W118/><G118/><T45/><D45/><U84/><E98/><V48/><F48/><W128/><G128/><T53/><D53/><U26/><AGARI ba="1,1" hai="19,21,26,62,67,71,77,81,83,84,85,89,124,127" machi="26" ten="30,1100,0" yaku="0,1" doraHai="106" who="1" fromWho="1" sc="137,-4,220,24,230,-6,403,-4" /><INIT seed="3,0,0,3,5,46" ten="133,244,224,399" oya="3" hai0="51,14,4,107,29,80,87,72,66,54,99,117,19" hai1="125,40,123,63,91,50,2,22,57,96,115,20,32" hai2="26,59,100,95,103,133,49,17,58,15,97,84,52" hai3="47,44,101,28,6,106,122,108,94,38,67,77,88"/><W75/><G101/><T113/><D117/><U43/><E2/><V65/><F133/><W56/><G106/><T111/><D72/><U27/><E32/><V31/><F84/><W45/><G122/><T128/><D128/><U16/><E123/><V68/><F68/><W92/><G77/><T130/><D130/><U127/><E115/><V131/><F131/><W36/><G75/><T5/><D111/><U21/><E125/><V37/><F37/><W124/><G124/><T61/><D113/><U110/><E110/><V25/><F103/><W120/><G120/><T10/><D29/><U69/><E69/><V109/><F109/><W18/><G108/><T82/><D82/><U11/><E11/><V89/><F89/><W116/><G116/><T1/><D1/><U86/><E127/><V70/><F70/><W60/><G28/><T104/><D99/><U126/><E126/><V105/><F105/><W93/><G6/><T48/><D107/><U35/><E35/><V135/><F135/><W71/><G71/><T118/><D104/><U39/><E39/><V8/><F31/><W98/><G38/><T85/><D118/><U9/><E9/><V55/><F65/><W13/><G36/><T42/><D66/><U41/><E96/><V73/><F73/><W90/><G98/><T74/><D74/><U78/><E78/><V76/><F76/><W0/><G0/><T53/><D42/><U83/><E63/><AGARI ba="0,0" hai="8,15,17,25,26,49,52,55,58,59,63,95,97,100" machi="63" ten="30,7700,0" yaku="7,1,8,1,52,1,54,1" doraHai="46" who="2" fromWho="1" sc="133,0,244,-77,224,77,399,0" /><INIT seed="4,0,0,3,3,76" ten="133,167,301,399" oya="0" hai0="82,6,124,110,100,123,2,43,116,48,9,55,104" hai1="127,120,16,126,97,102,101,75,27,8,38,66,106" hai2="112,24,12,135,79,35,130,90,25,11,18,26,105" hai3="52,47,103,81,128,14,7,115,5,28,113,68,46"/><T96/><D123/><U23/><E38/><V89/><F105/><W49/><G68/><T36/><D116/><U44/><E120/><V121/><F121/><W109/><G109/><T57/><D110/><U99/><E66/><V50/><F79/><W122/><G122/><T117/><D117/><U107/><E75/><V59/><F112/><N who="3" m="43083" /><G103/><T21/><D124/><U94/><E94/><V1/><F1/><W129/><G28/><T19/><D82/><U87/><E44/><V131/><F135/><W134/><G134/><T22/><REACH who="0" step="1"/><D19/><REACH who="0" step="2"/><U84/><REACH who="1" step="1"/><E8/><REACH who="1" step="2"/><V0/><F131/><W31/><G128/><T40/><D40/><U71/><E71/><V17/><F130/><W69/><G69/><T86/><D86/><AGARI ba="0,2" hai="16,23,27,84,86,87,97,99,101,102,106,107,126,127" machi="86" ten="40,5200,0" yaku="1,1,9,1,54,1,53,0" doraHai="76" doraHaiUra="118" who="1" fromWho="0" sc="123,-52,157,72,301,0,399,0" /><INIT seed="5,0,0,4,3,71" ten="71,229,301,399" oya="1" hai0="11,96,24,15,111,67,8,105,10,26,134,75,39" hai1="43,29,116,87,52,109,46,58,51,128,45,5,33" hai2="120,30,36,49,106,73,112,28,135,61,104,92,21" hai3="44,63,69,70,12,80,34,65,2,133,132,84,91"/><U121/><E121/><V115/><F120/><W56/><G2/><T53/><D75/><U78/><E116/><V47/><F73/><W72/><G34/><T22/><D111/><U86/><E109/><V60/><F135/><N who="3" m="51787" /><G72/><T20/><D67/><U107/><E107/><V97/><F21/><N who="0" m="8298" /><D53/><U54/><E5/><V35/><F35/><W89/><G12/><T14/><D96/><U59/><E29/><V101/><F36/><W1/><G1/><T42/><D42/><N who="1" m="25015" /><E33/><V114/><F104/><W90/><G44/><T3/><D105/><U123/><E78/><AGARI ba="0,0" hai="56,63,65,69,70,78,80,84,89,90,91" m="51787" machi="78" ten="30,1000,0" yaku="20,1" doraHai="71" who="3" fromWho="1" sc="71,0,229,-10,301,0,399,10" /><INIT seed="6,0,0,3,2,58" ten="71,219,301,409" oya="2" hai0="105,117,121,113,104,93,67,126,109,97,42,41,102" hai1="86,85,7,91,82,40,118,30,52,31,4,122,84" hai2="103,108,69,57,46,34,51,79,92,107,130,61,16" hai3="120,94,95,54,25,53,72,59,119,73,3,132,124"/><V21/><F34/><W76/><G3/><T20/><D121/><U129/><E122/><V116/><F107/><W90/><G120/><T125/><D117/><U63/><E118/><V71/><F116/><W98/><G119/><T26/><D109/><U2/><E40/><V134/><F108/><W111/><G111/><T18/><D113/><U13/><E2/><V44/><F134/><W106/><G106/><T110/><D110/><U70/><E70/><V19/><F130/><W99/><G124/><T10/><D105/><U100/><E100/><V8/><F79/><W33/><G132/><T133/><D133/><U64/><E64/><V127/><F127/><W9/><G9/><T75/><D126/><U17/><E129/><V65/><F71/><W28/><G76/><T32/><D75/><U89/><E82/><V128/><F128/><W24/><G24/><T1/><D104/><U62/><E52/><N who="2" m="29815" /><F69/><W115/><G54/><T5/><D125/><U56/><E56/><V12/><F44/><W78/><G78/><T112/><D112/><U66/><E66/><V81/><F81/><W23/><G33/><T88/><D67/><U36/><E36/><V38/><F38/><W22/><G115/><T0/><D102/><U43/><E43/><V49/><F49/><W48/><G23/><T131/><D131/><U11/><E30/><V29/><F29/><W60/><G48/><T114/><D114/><U15/><E31/><V96/><F21/><W68/><G68/><T83/><D32/><U55/><E55/><V101/><F101/><AGARI ba="0,0" hai="22,25,28,53,59,60,72,73,90,94,95,98,99,101" machi="101" ten="30,2000,0" yaku="7,1,52,1" doraHai="58" who="3" fromWho="2" sc="71,0,219,0,301,-20,409,20" /><INIT seed="7,0,0,4,5,97" ten="71,219,281,429" oya="3" hai0="87,9,54,53,132,39,17,89,86,63,34,25,81" hai1="130,2,121,101,124,36,57,13,71,83,49,105,91" hai2="21,123,80,32,99,62,4,15,96,108,120,55,65" hai3="74,64,46,35,135,22,41,129,31,134,11,20,6"/><W0/><G64/><T30/><D39/><U79/><E2/><V58/><F32/><W104/><G104/><T128/><D132/><U61/><E36/><V131/><F108/><W100/><G46/><T69/><D128/><U7/><E121/><N who="2" m="46667" /><F131/><W122/><G41/><T93/><D69/><U95/><E130/><V125/><F125/><W85/><G85/><T98/><D87/><U107/><E124/><V59/><F80/><W10/><G74/><T116/><D116/><U115/><E115/><V56/><F56/><W44/><G44/><T43/><D43/><U94/><E94/><V60/><F4/><W3/><G129/><T127/><D127/><U18/><E7/><V19/><AGARI ba="0,0" hai="15,19,21,55,58,59,60,62,65,96,99" m="46667" machi="19" ten="30,1100,0" yaku="13,1" doraHai="97" who="2" fromWho="2" sc="71,-3,219,-3,281,11,429,-5" owari="68,-43,216,-18,292,9,424,52" /></mjloggm>