<mjloggm ver="2.3"><GO type="9"/><UN n0="%E3%82%A6%E3%83%AB%E3%83%88%E3%83%A9%E7%AB%8B%E7%9B%B4" n1="%E9%87%8E%E7%94%9F%E7%9A%84%E6%9C%88" n2="%E4%B8%80%E7%B6%B2%E6%89%93%E5%B0%BD" n3="%E3%81%BF%E3%82%84%E3%81%8A%E3%81%89%E3%81%89" dan="6,3,8,1" rate="1638,1416,1611,1490" sx="M,M,M,M"/><TAIKYOKU oya="0"/><INIT seed="0,0,0,4,4,113" ten="250,250,250,250" oya="0" hai0="103,131,94,68,84,63,50,33,57,86,21,47,34" hai1="123,44,126,0,15,128,129,98,125,133,7,10,77" hai2="92,19,52,85,3,53,118,82,38,42,89,45,32" hai3="107,31,95,87,28,111,49,30,105,67,71,22,27" shuffle="mt19937ar,5D01DF07,094A8A07,A6A03EE4,985ED074,4F2BE12D,3F1E7130,3AB8DC90,40BF2B31"/><T132/><D68/><U43/><E77/><V97/><F118/><W120/><G120/><T83/><D34/><U35/><E35/><V72/><F3/><W20/><G111/><T91/><D33/><U37/><E123/><V55/><F32/><W4/><G4/><T115/><D115/><U58/><E58/><V39/><F19/><W101/><G105/><T117/><D117/><U80/><E80/><V46/><F72/><W6/><G6/><T134/><D21/><U100/><E0/><V75/><F75/><W96/><G71/><T56/><D131/><N who="1" m="50251" /><E133/><N who="0" m="51305" /><D63/><U78/><E78/><V65/><F65/><W76/><G67/><T130/><D130/><U64/><E64/><V36/><REACH who="2" step="1"/><F46/><REACH who="2" step="2"/><W108/><G108/><T14/><D14/><U106/><AGARI ba="0,1" hai="7,10,15,37,43,44,98,100,106,125,126" m="50251" machi="106" ten="30,1100,0" yaku="19,1" doraHai="113" who="1" fromWho="1" sc="250,-5,250,21,240,-3,250,-3" /><INIT seed="1,0,0,5,2,15" ten="245,271,237,247" oya="1" hai0="103,85,99,88,40,71,110,132,130,119,30,14,23" hai1="87,10,104,91,11,36,131,41,83,1,49,0,48" hai2="43,107,96,79,116,125,62,114,52,46,25,124,64" hai3="80,106,6,126,84,34,72,129,66,24,122,32,53" shuffle="mt19937ar,1CC3326B,62DF51BB,D04E719D,47E89CF8,EDCA9131,C4B17D60,577AF651,F6EA426D"/><U121/><E104/><V27/><F116/><W101/><G122/><T120/><D40/><U97/><E121/><V82/><F114/><W128/><G72/><T78/><D71/><U127/><E97/><V115/><F115/><W31/><G106/><T8/><D120/><U123/><E123/><V16/><F107/><W90/><G101/><T118/><D78/><U105/><E105/><V63/><F96/><W35/><G6/><T94/><D130/><N who="3" m="50281" /><G126/><N who="2" m="48745" /><F64/><W39/><G39/><T108/><D132/><U37/><E41/><V38/><F25/><W74/><G74/><T117/><D23/><U93/><E127/><V55/><F79/><W12/><G66/><T89/><D30/><U20/><E37/><V60/><F82/><W69/><G69/><T4/><REACH who="0" step="1"/><D89/><REACH who="0" step="2"/><U77/><E36/><V95/><F95/><AGARI ba="0,1" hai="4,8,14,85,88,94,95,99,103,108,110,117,118,119" machi="95" ten="40,5200,0" yaku="1,1,2,1,54,1,53,0" doraHai="15" doraHaiUra="56" who="0" fromWho="2" sc="235,62,271,0,237,-52,247,0" /><INIT seed="2,0,0,3,5,57" ten="297,271,185,247" oya="2" hai0="9,99,56,34,4,64,42,46,8,108,95,85,22" hai1="94,103,21,127,2,107,25,96,13,78,110,38,92" hai2="31,133,88,117,35,76,86,114,58,111,119,65,130" hai3="49,17,74,6,52,45,98,59,82,7,71,37,91" shuffle="mt19937ar,BD134E6B,A62F8E42,D13FB4AB,63AE1C55,30252358,F073241F,D1E7E02D,0C316878"/><V134/><F114/><W29/><G71/><T84/><D34/><U48/><E110/><V123/><F123/><W3/><G3/><T135/><D108/><U20/><E38/><V0/><F0/><W53/><G37/><T118/><D118/><N who="2" m="45066" /><F111/><W79/><G29/><T54/><D64/><U87/><E78/><V68/><F68/><W70/><G70/><T27/><D46/><U66/><E66/><V41/><F41/><W122/><G122/><T30/><D42/><U125/><E48/><V15/><F15/><W19/><G19/><T36/><D36/><U33/><E2/><V28/><F76/><W105/><G17/><T24/><D24/><U23/><E13/><V75/><F75/><W102/><REACH who="3" step="1"/><G91/><REACH who="3" step="2"/><N who="0" m="55807" /><D4/><U132/><E87/><N who="0" m="33353" /><D135/><N who="2" m="51722" /><F130/><W63/><AGARI ba="0,1" hai="6,7,45,49,52,53,59,63,74,79,82,98,102,105" machi="63" ten="20,8000,1" yaku="1,1,0,1,7,1,52,1,54,1,53,0" doraHai="57" doraHaiUra="120" who="3" fromWho="3" sc="297,-20,271,-20,185,-40,237,90" /><INIT seed="3,0,0,0,3,79" ten="277,251,145,327" oya="3" hai0="92,119,56,112,45,53,6,63,57,113,51,29,91" hai1="106,66,123,24,120,77,34,15,47,96,67,65,93" hai2="33,131,87,80,85,114,103,0,117,76,135,109,18" hai3="27,129,64,99,35,81,108,73,55,86,125,74,50" shuffle="mt19937ar,49FEF0DF,B4D7464C,5C3296D4,B13B8E9D,969B0936,DD14D7E5,0217F5DB,4C2BF182"/><W21/><G35/><T94/><D119/><U111/><E77/><V132/><F117/><W134/><G64/><T98/><D6/><U58/><E47/><V104/><F0/><W17/><G108/><T2/><D2/><U5/><E106/><V61/><F61/><W100/><G125/><T83/><D29/><U32/><E24/><V37/><F33/><W23/><G134/><N who="2" m="51241" /><F114/><W11/><G129/><T8/><D8/><U69/><E69/><V84/><F37/><W75/><G11/><T10/><D10/><U88/><E15/><V102/><F18/><W121/><G121/><T62/><D112/><U60/><E5/><V89/><F109/><W20/><G100/><N who="2" m="38441" /><F104/><W78/><REACH who="3" step="1"/><G99/><REACH who="3" step="2"/><T40/><D113/><U46/><E111/><V128/><F87/><W25/><G25/><T124/><D124/><U28/><E34/><V59/><F59/><AGARI ba="0,1" hai="17,20,21,23,27,50,55,59,73,74,75,78,81,86" machi="59" ten="40,3900,0" yaku="1,1,52,1,53,0" doraHai="79" doraHaiUra="118" who="3" fromWho="2" sc="277,0,251,0,145,-39,317,49" /><INIT seed="3,1,0,2,3,22" ten="277,251,106,366" oya="3" hai0="50,86,109,100,98,20,89,134,62,115,32,73,11" hai1="78,132,52,88,10,31,29,25,36,18,33,7,23" hai2="65,124,92,81,30,72,91,38,5,12,125,48,6" hai3="127,45,130,14,126,129,121,119,46,96,79,40,9" shuffle="mt19937ar,082C9C0A,F0CFB7BF,8A997414,88F8440F,B10E7AA4,A0FDC8A4,F05C7298,737A9F65"/><W122/><G96/><T34/><D73/><U84/><E78/><V106/><F38/><W82/><G82/><T110/><D11/><U133/><E36/><V83/><F30/><W104/><G104/><T4/><D4/><U35/><E31/><V107/><F65/><W116/><G79/><T2/><D2/><U3/><E29/><V16/><F48/><W80/><G80/><T55/><D62/><U60/><E60/><V76/><F83/><W85/><G85/><T68/><D68/><U27/><E27/><V56/><F56/><W99/><G99/><T21/><D21/><U49/><E35/><V123/><F123/><N who="3" m="47115" /><G9/><T95/><D20/><U13/><E33/><V113/><F113/><W105/><G105/><T74/><D74/><U17/><E7/><V131/><F131/><N who="3" m="50187" /><G14/><T90/><D115/><U41/><E3/><V118/><F118/><N who="3" m="45099" /><G40/><T42/><D42/><U112/><E41/><V103/><F106/><W71/><G71/><T57/><D90/><U93/><E112/><V102/><F5/><W101/><G101/><T128/><D128/><U64/><E64/><V28/><F103/><W70/><G70/><T19/><D98/><U53/><E53/><V120/><F6/><W108/><G108/><N who="0" m="41579" /><D100/><U1/><E1/><V61/><F120/><W47/><AGARI ba="1,0" hai="45,46,47,126,127" m="45099,50187,47115" machi="47" ten="40,12000,1" yaku="28,2,19,1,34,2" doraHai="22" who="3" fromWho="3" sc="277,-41,251,-41,106,-41,366,123" /><INIT seed="3,2,0,5,1,111" ten="236,210,65,489" oya="3" hai0="79,11,83,131,96,91,132,5,100,30,90,42,123" hai1="3,8,28,34,94,68,46,0,27,38,20,108,15" hai2="2,85,21,86,122,110,43,121,124,37,116,126,7" hai3="18,50,32,35,60,25,59,103,45,17,105,135,128" shuffle="mt19937ar,82E58155,A902947C,FAA8359B,0E11792B,4073D31B,E717FCE2,F217376A,89D479FF"/><W129/><G105/><T120/><D42/><U117/><E68/><V134/><F21/><W22/><G103/><T23/><D30/><U82/><E108/><V127/><F110/><W66/><G17/><T4/><D23/><U133/><E117/><V99/><F99/><W130/><REACH who="3" step="1"/><G135/><REACH who="3" step="2"/><T51/><D132/><U47/><E133/><V98/><F134/><W63/><G63/><T52/><D123/><N who="2" m="47114" /><F116/><W58/><G58/><T65/><D120/><U44/><E38/><V113/><F98/><W72/><G72/><T69/><D96/><U40/><E40/><AGARI ba="2,1" hai="18,22,25,32,35,40,45,50,59,60,66,128,129,130" machi="40" ten="40,7700,0" yaku="1,1,19,1,53,1" doraHai="111" doraHaiUra="57" who="3" fromWho="1" sc="236,0,210,-83,65,0,479,93" /><INIT seed="3,3,0,4,5,100" ten="236,127,65,572" oya="3" hai0="33,108,61,102,12,2,110,17,67,20,56,131,101" hai1="83,19,52,3,43,32,80,50,112,95,27,120,25" hai2="126,46,6,99,70,78,122,84,81,57,11,18,13" hai3="21,87,96,106,45,104,68,1,127,55,39,111,49" shuffle="mt19937ar,B206EC24,837B123E,7C9D6708,E0214BB7,6CB479B7,F031A29E,5E1FC997,FED49FE5"/><W105/><G68/><T133/><D33/><U71/><E43/><V94/><F122/><W54/><G1/><T41/><D2/><U107/><E71/><V72/><F126/><W90/><G39/><T89/><D41/><U14/><E107/><V76/><F70/><W5/><G111/><N who="0" m="42539" /><D131/><U86/><E3/><V124/><F124/><W0/><G127/><T119/><D119/><U66/><E120/><V92/><F46/><W91/><G96/><T125/><D125/><U23/><E66/><V69/><F69/><W35/><G35/><T30/><D30/><U116/><E112/><V79/><F6/><W48/><G0/><T93/><D133/><U44/><E32/><V123/><F123/><W132/><G132/><T117/><D117/><U26/><E116/><V28/><F28/><W98/><G98/><AGARI ba="3,0" hai="12,17,20,56,61,67,89,93,98,101,102" m="42539" machi="98" ten="30,1000,0" yaku="14,1" doraHai="100" who="0" fromWho="3" sc="236,19,127,0,65,0,572,-19" /><INIT seed="4,0,0,0,1,34" ten="255,127,65,553" oya="0" hai0="21,118,111,73,10,48,36,64,24,28,114,123,126" hai1="25,57,79,108,32,29,124,125,132,81,12,49,22" hai2="88,80,92,52,44,27,62,67,5,105,83,76,117" hai3="91,59,78,30,90,128,61,35,46,23,4,102,100" shuffle="mt19937ar,775AE3D9,83BB7E72,6B784520,A21AB08B,709DA87D,97370CDC,01F41EFC,C2D264A1"/><T86/><D36/><U6/><E108/><V127/><F127/><N who="1" m="48713" /><E32/><V135/><F135/><W11/><G35/><T84/><D73/><N who="1" m="43247" /><E132/><V41/><F117/><W85/><G85/><T39/><D39/><U70/><E70/><V107/><F27/><W53/><G53/><T113/><D126/><U38/><E38/><V122/><F122/><W43/><G43/><T15/><D123/><U9/><E57/><V65/><F5/><W103/><G128/><T13/><D118/><U97/><E97/><V82/><F76/><W133/><G133/><T8/><D111/><U18/><E49/><V47/><F107/><W77/><G46/><T2/><D48/><U74/><E74/><V7/><F105/><W75/><G75/><T16/><D64/><U40/><E40/><V17/><F7/><AGARI ba="0,0" hai="6,7,9,12,18,22,25,29" m="43247,48713" machi="7" ten="30,1000,0" yaku="18,1" doraHai="34" who="1" fromWho="2" sc="255,0,127,10,65,-10,553,0" /><INIT seed="5,0,0,2,1,106" ten="255,137,55,553" oya="1" hai0="123,1,100,121,51,52,5,4,108,89,131,41,38" hai1="113,109,76,74,17,85,18,29,62,110,86,90,125" hai2="64,46,44,68,118,70,114,60,132,94,130,27,129" hai3="47,32,92,2,40,71,49,115,28,99,93,98,95" shuffle="mt19937ar,F6867B05,EFE0CB08,4BD45BF9,1C88B240,F12C9DE5,4196DA46,3A99506D,003756D0"/><U80/><E113/><V33/><F118/><W63/><G115/><T127/><D100/><U78/><E29/><V119/><F114/><W30/><G2/><T61/><D1/><U134/><E62/><V122/><F119/><W21/><G32/><T13/><D13/><U128/><E74/><V42/><F122/><N who="0" m="46602" /><D108/><N who="1" m="41579" /><E125/><V124/><F132/><W35/><G35/><T20/><D127/><U37/><E37/><V82/><F124/><W72/><G72/><T0/><D131/><N who="2" m="50186" /><F94/><W39/><G39/><T15/><D61/><U96/><E134/><V117/><F117/><W19/><G71/><T84/><D0/><U120/><E128/><V116/><F116/><W54/><G63/><T48/><D38/><U103/><E120/><V133/><F133/><W83/><G83/><T26/><D41/><U102/><E78/><V107/><F107/><W57/><G30/><N who="0" m="17735" /><D51/><U66/><E66/><V10/><F10/><W69/><G69/><T16/><D89/><U105/><E103/><V11/><F70/><W43/><G43/><T24/><D84/><U45/><E45/><V22/><F11/><W34/><G34/><T59/><D24/><U112/><E112/><V14/><F33/><W79/><G79/><T31/><D31/><U9/><E9/><AGARI ba="0,0" hai="4,5,9,15,16,48,52,59" m="17735,46602" machi="9" ten="30,3900,0" yaku="13,1,54,2" doraHai="106" who="0" fromWho="1" sc="255,39,137,-39,55,0,553,0" /><INIT seed="6,0,0,0,0,76" ten="294,98,55,553" oya="2" hai0="4,61,111,71,5,50,58,89,120,66,35,56,73" hai1="1,127,126,51,97,133,110,116,80,93,94,52,33" hai2="132,114,40,62,13,63,68,34,70,108,22,31,82" hai3="135,42,91,30,84,24,105,129,115,55,14,7,25" shuffle="mt19937ar,2ECC1A81,9169E658,183E6EA2,D4F4BED4,B32AFE79,0C470E04,1D84BCA1,E8AD6F26"/><V19/><F40/><W103/><G115/><T72/><D35/><U21/><E110/><V9/><F114/><W102/><G135/><T17/><D111/><U38/><E116/><V75/><F132/><W47/><G105/><T18/><D120/><U87/><E38/><V59/><F108/><W88/><G129/><T29/><D29/><U118/><E1/><V57/><F34/><W43/><G55/><T90/><D50/><U128/><E133/><V48/><F31/><W49/><G42/><T86/><D86/><U41/><E118/><V69/><F22/><W130/><G130/><T54/><D61/><U83/><E21/><V36/><F36/><W134/><G134/><T16/><D18/><U27/><E33/><V119/><F119/><W107/><G107/><T26/><D26/><U96/><E27/><V77/><REACH who="2" step="1"/><F48/><REACH who="2" step="2"/><W125/><G125/><N who="1" m="47626" /><E41/><V39/><F39/><W28/><G28/><T15/><D54/><U92/><E128/><V100/><F100/><W32/><G32/><T122/><D122/><U104/><E104/><V124/><F124/><W117/><G117/><T67/><D71/><U0/><E0/><V23/><F23/><W2/><G30/><T37/><D37/><U20/><E20/><V85/><F85/><W74/><G74/><T121/><D121/><U81/><E87/><V12/><F12/><AGARI ba="0,1" hai="4,5,12,15,16,17,56,58,66,67,72,73,89,90" machi="12" ten="25,3200,0" yaku="22,2,54,1" doraHai="76" who="0" fromWho="2" sc="294,42,98,0,45,-32,553,0" /><INIT seed="7,0,0,2,3,55" ten="336,98,13,553" oya="3" hai0="15,1,35,81,68,77,8,118,80,114,135,64,53" hai1="76,66,122,102,3,63,10,47,58,97,111,50,82" hai2="95,5,128,129,85,121,83,17,6,14,4,36,99" hai3="105,65,37,72,94,75,78,26,60,30,23,100,54" shuffle="mt19937ar,D1B1DCDC,B9D9CC29,AEF2A546,1BEAE4F5,07F2B2CC,A078A09C,87E8B176,D224B3F3"/><W69/><G37/><T67/><D35/><U56/><E111/><V124/><F36/><W39/><G39/><T19/><D1/><U27/><E122/><V91/><F121/><W98/><G105/><T92/><D118/><U44/><E50/><V89/><F124/><W127/><G127/><T74/><D68/><U61/><E27/><V25/><F25/><W87/><G78/><T79/><D135/><U7/><E82/><V125/><REACH who="2" step="1"/><F125/><REACH who="2" step="2"/><W28/><G28/><T52/><D114/><U11/><E76/><V93/><F93/><W120/><G120/><T59/><D92/><U49/><E11/><AGARI ba="0,1" hai="4,5,6,11,14,17,83,85,89,91,95,99,128,129" machi="11" ten="40,1300,0" yaku="1,1,53,0" doraHai="55" doraHaiUra="112" who="2" fromWho="1" sc="336,0,98,-13,3,23,553,0" owari="336,14,85,-31,26,-47,553,64" /></mjloggm>