<mjloggm ver="2.3"><GO type="41"/><UN n0="%E3%82%A6%E3%83%AB%E3%83%88%E3%83%A9%E7%AB%8B%E7%9B%B4" n1="%50%72%6F%66%2E%47%33" n2="%68%65%61%72%74%73%40" n3="%E3%83%91%E3%83%B3%E3%83%80" dan="14,13,15,13" rate="1926,1871,1927,1888" sx="M,M,M,M"/><TAIKYOKU oya="0"/><INIT seed="0,0,0,4,2,83" ten="250,250,250,250" oya="0" hai0="47,108,19,116,88,29,68,49,74,96,75,41,33" hai1="61,13,17,126,131,133,111,113,85,101,122,107,117" hai2="26,59,135,106,55,50,38,98,12,105,21,30,77" hai3="27,24,2,79,93,84,69,6,36,76,121,112,92"/><T52/><D116/><U46/><E101/><V9/><F135/><W3/><G69/><T134/><D68/><U37/><E85/><V60/><F38/><W48/><G48/><T82/><D29/><U66/><E61/><V89/><F77/><W35/><G36/><T20/><D33/><U70/><E66/><V67/><F89/><W109/><G109/><T71/><D71/><U45/><E46/><V115/><F115/><W16/><G112/><T81/><D134/><U15/><E45/><V43/><F43/><W91/><G3/><T100/><D108/><U25/><E17/><V14/><F98/><W1/><G1/><T86/><D81/><U87/><E87/><V99/><F99/><W58/><G6/><T28/><D28/><U102/><E13/><V32/><F32/><W80/><G2/><T44/><D44/><U57/><E15/><V4/><REACH who="2" step="1"/><F14/><REACH who="2" step="2"/><W10/><G35/><T39/><D41/><U129/><E102/><V90/><F90/><W18/><G79/><T53/><D39/><U5/><E25/><N who="3" m="9802" /><G76/><T127/><D75/><U130/><E129/><V124/><F124/><W120/><G121/><T94/><D74/><U56/><E56/><AGARI ba="0,1" hai="4,9,12,21,26,30,50,55,56,59,60,67,105,106" machi="56" ten="30,2000,0" yaku="1,1,7,1,53,0" doraHai="83" doraHaiUra="78" who="2" fromWho="1" sc="250,0,250,-20,240,30,250,0" /><INIT seed="1,0,0,1,0,59" ten="250,230,270,250" oya="1" hai0="8,40,119,120,1,121,42,41,46,78,39,92,44" hai1="71,127,109,37,4,128,7,83,32,94,111,100,69" hai2="86,95,10,26,3,74,22,9,50,48,116,112,6" hai3="31,93,107,14,81,67,118,79,68,27,106,117,103"/><U125/><E32/><V64/><F116/><W90/><G103/><T20/><D78/><U61/><E37/><V76/><F74/><W97/><G14/><T15/><D1/><U58/><E128/><V73/><F73/><W0/><G0/><T51/><D20/><U77/><E94/><V72/><F72/><W29/><G81/><T91/><D119/><N who="3" m="45577" /><G79/><T62/><D91/><U131/><E100/><V124/><F124/><N who="1" m="47689" /><E131/><V49/><F112/><W89/><G89/><T24/><D92/><U17/><E17/><V87/><F9/><W99/><G99/><T113/><D24/><U11/><E71/><V5/><F5/><N who="1" m="2121" /><E69/><V85/><F76/><W33/><G31/><T96/><D96/><U135/><E11/><V132/><F95/><W80/><G80/><T88/><D88/><U60/><E135/><V63/><F132/><W36/><G36/><T84/><D84/><N who="1" m="48239" /><E61/><AGARI ba="0,0" hai="27,29,33,61,67,68,90,93,97,106,107" m="45577" machi="61" ten="30,2000,0" yaku="12,1,52,1" doraHai="59" who="3" fromWho="1" sc="250,0,230,-20,270,0,250,20" /><INIT seed="2,0,0,3,5,63" ten="250,210,270,270" oya="2" hai0="109,48,19,59,25,56,72,24,125,75,132,38,117" hai1="92,124,62,61,13,112,108,86,37,111,110,69,123" hai2="106,100,79,130,90,27,36,6,4,99,80,65,9" hai3="74,18,57,50,70,32,116,30,16,71,60,10,64"/><V11/><F36/><W28/><G74/><T33/><D48/><U89/><E37/><V66/><F130/><W85/><G116/><T93/><D93/><U44/><E112/><V58/><F27/><W46/><G85/><T12/><D38/><U88/><E124/><V115/><F115/><W20/><G10/><T78/><D78/><U134/><E134/><V14/><F58/><W40/><G32/><T41/><D41/><U2/><E2/><V113/><F90/><W95/><G95/><T114/><D114/><U29/><E123/><V15/><F113/><W68/><REACH who="3" step="1"/><G18/><REACH who="3" step="2"/><T8/><D75/><AGARI ba="0,1" hai="4,6,9,11,14,15,65,66,75,79,80,99,100,106" machi="75" ten="30,11600,0" yaku="7,1,9,1,52,2" doraHai="63" who="2" fromWho="0" sc="250,-116,210,0,270,126,260,0" /><INIT seed="2,1,0,5,2,61" ten="134,210,396,260" oya="2" hai0="28,87,111,54,13,92,105,39,100,119,72,128,107" hai1="67,66,116,81,23,52,135,123,70,114,98,93,83" hai2="96,55,130,60,20,86,21,47,36,89,103,110,16" hai3="91,53,37,68,33,26,131,4,77,99,11,95,104"/><V127/><F127/><W106/><G37/><T45/><D54/><U6/><E114/><V10/><F130/><W22/><G131/><T124/><D45/><U58/><E116/><V122/><F122/><W30/><G77/><T118/><D13/><U121/><E135/><V69/><F110/><W48/><G68/><T75/><D28/><U41/><E70/><V32/><F32/><W18/><G53/><T79/><D39/><U78/><E41/><V82/><F36/><W49/><G48/><T1/><D1/><U63/><E6/><V38/><F38/><W73/><G49/><T17/><D17/><U46/><E23/><V44/><F10/><W85/><G85/><T126/><D128/><U15/><E46/><V2/><F2/><W5/><G73/><T120/><D120/><N who="1" m="46155" /><E15/><V115/><F21/><W50/><G50/><T25/><D25/><U88/><E83/><V8/><F8/><W64/><G64/><T14/><D14/><U34/><E34/><V113/><F113/><W7/><REACH who="3" step="1"/><G11/><REACH who="3" step="2"/><T112/><D112/><U65/><E66/><V125/><F115/><W74/><G74/><AGARI ba="1,1" hai="52,58,63,65,67,74,78,81,88,93,98" m="46155" machi="74" ten="30,8000,1" yaku="13,1,52,2,54,2" doraHai="61" who="1" fromWho="3" sc="134,0,210,93,396,0,250,-83" /><INIT seed="3,0,0,1,3,89" ten="134,303,396,167" oya="3" hai0="45,36,12,7,15,5,8,100,63,65,26,70,96" hai1="51,107,79,126,108,55,78,101,128,18,104,53,24" hai2="43,85,87,34,3,90,38,33,118,13,129,56,106" hai3="86,4,81,127,94,29,82,120,11,23,83,31,116"/><W67/><G116/><T6/><D36/><U35/><E108/><V113/><F3/><W99/><G120/><T93/><D45/><U25/><E126/><V44/><F118/><W50/><G127/><T47/><D47/><U57/><E128/><V32/><F106/><W130/><G130/><T66/><D66/><U124/><E124/><V62/><F113/><W68/><G68/><T0/><D0/><U123/><E123/><V37/><F37/><W69/><G69/><T73/><D73/><U72/><E72/><V60/><F129/><W117/><G117/><T64/><D15/><U103/><E18/><V10/><F87/><W74/><G74/><T49/><D49/><U134/><E134/><V133/><F133/><W97/><G67/><T46/><D46/><U88/><E57/><V135/><F135/><W91/><G50/><T17/><REACH who="0" step="1"/><D65/><REACH who="0" step="2"/><U52/><E51/><V9/><F13/><N who="3" m="5351" /><G29/><T92/><D92/><U27/><E35/><V22/><F44/><W21/><G31/><T59/><D59/><U14/><E14/><V77/><F56/><W76/><G76/><T112/><D112/><U109/><E109/><V131/><F77/><N who="1" m="29193" /><E107/><V84/><F34/><W80/><N who="3" m="20992" /><DORA hai="115" /><W58/><G58/><T114/><D114/><U28/><E104/><V48/><F48/><W20/><AGARI ba="0,1" hai="20,21,23,86,91,94,97,99" m="20992,5351" machi="20" ten="50,4800,0" yaku="8,1,52,1" doraHai="89,115" who="3" fromWho="3" sc="124,-16,303,-16,396,-16,167,58" /><INIT seed="3,1,0,5,1,81" ten="108,287,380,225" oya="3" hai0="113,8,131,15,0,101,28,85,107,84,112,2,27" hai1="59,109,50,82,41,71,31,24,73,18,122,14,126" hai2="20,49,129,75,10,22,42,56,13,86,36,110,26" hai3="60,93,6,58,65,48,88,104,68,17,12,11,118"/><W95/><G118/><T29/><D101/><U115/><E109/><V91/><F75/><W90/><G104/><T124/><D107/><U64/><E115/><N who="0" m="44105" /><D124/><U44/><E126/><V96/><F129/><W46/><G68/><T77/><D77/><U69/><E122/><V123/><F110/><W7/><G90/><T135/><D131/><U54/><E64/><V40/><F36/><W5/><REACH who="3" step="1"/><G88/><REACH who="3" step="2"/><T74/><D74/><U78/><E69/><V61/><F123/><W47/><G47/><T35/><D135/><U1/><E71/><V30/><F96/><W99/><G99/><T114/><N who="0" m="44113" /><T3/><DORA hai="105" /><D29/><U100/><E31/><V116/><F116/><W72/><G72/><T53/><D53/><AGARI ba="1,1" hai="5,6,7,11,12,17,46,48,53,58,60,65,93,95" machi="53" ten="40,3900,0" yaku="1,1,8,1,53,0" doraHai="81,105" doraHaiUra="106,117" who="3" fromWho="0" sc="108,-42,287,0,380,0,215,52" /><INIT seed="3,2,0,5,3,130" ten="66,287,380,267" oya="3" hai0="91,81,115,58,101,23,15,67,71,119,31,125,55" hai1="56,80,66,20,46,118,90,53,92,42,99,129,107" hai2="13,1,111,4,25,63,19,131,127,33,113,86,8" hai3="95,59,68,112,21,83,109,79,54,60,50,48,5"/><W134/><G112/><T37/><D119/><U128/><E118/><V17/><F113/><W11/><G134/><T88/><D115/><U121/><E121/><V72/><F72/><W122/><G122/><T132/><D37/><U44/><E107/><V70/><F131/><N who="1" m="50249" /><E80/><V110/><F86/><W133/><G68/><T47/><D71/><U3/><E3/><V52/><F70/><W2/><G133/><T7/><D132/><U102/><E66/><V76/><F76/><W108/><G21/><T74/><D101/><U49/><E20/><N who="2" m="13455" /><F33/><W18/><G18/><T126/><D74/><U32/><E32/><V9/><F63/><W6/><G6/><T43/><D43/><U96/><E96/><V10/><F52/><W78/><G95/><T24/><D47/><N who="1" m="25847" /><E102/><V93/><F93/><W40/><G40/><T34/><D67/><U123/><E123/><V103/><F103/><W116/><G116/><T27/><D81/><U14/><E14/><V41/><F41/><W51/><REACH who="3" step="1"/><G83/><REACH who="3" step="2"/><T38/><D38/><U97/><E92/><V26/><F19/><W120/><G120/><T0/><D0/><U89/><E99/><V61/><F4/><W65/><G65/><T64/><D64/><U39/><E97/><V104/><F1/><W69/><G69/><T22/><D7/><U29/><E39/><V117/><F104/><W135/><G135/><T12/><D34/><U87/><E29/><V100/><F117/><W105/><G105/><T57/><D55/><U16/><E16/><V82/><F82/><W73/><G73/><T94/><D94/><N who="1" m="54591" /><E53/><V36/><F36/><RYUUKYOKU ba="2,1" sc="66,15,287,-15,380,-15,257,15" hai0="12,15,22,23,24,27,31,57,58,88,91,125,126" hai3="2,5,11,48,50,51,54,59,60,78,79,108,109" /><INIT seed="3,3,1,1,3,27" ten="81,272,365,272" oya="3" hai0="74,17,33,113,11,49,130,9,119,59,29,61,133" hai1="50,18,37,118,121,129,60,26,135,57,12,115,105" hai2="66,46,120,102,4,64,134,56,114,15,41,86,104" hai3="19,93,31,101,10,3,58,24,38,62,98,16,99"/><W65/><G38/><T52/><D74/><U88/><E121/><V53/><F114/><W122/><G122/><T124/><D119/><U107/><E135/><V85/><F120/><W25/><G99/><T91/><D133/><U109/><E115/><V54/><F134/><W94/><G94/><T95/><D113/><U106/><E37/><V21/><F104/><W48/><G25/><T47/><D124/><U75/><E109/><V97/><F97/><W67/><G67/><T70/><D70/><U116/><E129/><V96/><F96/><W44/><G10/><T51/><D130/><U20/><E75/><V7/><F102/><W126/><G3/><T45/><D33/><U69/><E69/><V63/><F41/><N who="3" m="24591" /><G126/><T83/><D83/><U131/><E131/><V28/><F7/><W112/><G112/><T13/><D29/><U30/><E50/><N who="0" m="18953" /><D9/><U125/><E125/><V35/><F35/><W72/><G72/><T108/><D108/><U73/><E73/><V68/><F64/><W43/><G43/><T23/><D11/><U92/><E57/><V87/><F68/><W22/><AGARI ba="3,1" hai="16,19,22,24,31,58,62,65,93,98,101" m="24591" machi="22" ten="30,11700,0" yaku="25,1,8,1,52,1,54,1" doraHai="27" who="3" fromWho="3" sc="81,-42,272,-42,365,-42,272,136" /><INIT seed="3,4,0,4,2,43" ten="39,230,323,408" oya="3" hai0="3,111,67,49,72,64,99,125,76,5,122,51,24" hai1="4,33,113,87,18,38,84,6,61,119,112,129,96" hai2="19,44,109,90,13,69,121,25,8,16,59,52,7" hai3="105,66,15,62,41,21,70,36,106,85,116,22,124"/><W80/><G116/><T26/><D72/><U39/><E119/><V17/><F109/><W12/><G124/><T123/><D3/><U29/><E129/><V34/><F121/><W127/><G127/><T120/><D125/><U71/><E18/><V42/><F69/><W110/><G110/><T128/><D111/><U56/><E56/><V23/><F90/><W37/><G105/><T74/><D74/><U132/><E132/><V77/><F77/><W126/><G126/><T35/><D128/><U83/><E83/><V101/><F101/><W46/><G37/><T97/><D35/><U63/><E96/><V40/><F34/><W45/><G45/><T48/><D5/><U68/><E33/><V107/><F107/><W28/><G106/><T11/><D11/><U0/><E29/><V75/><F75/><W14/><REACH who="3" step="1"/><G28/><REACH who="3" step="2"/><T2/><D2/><AGARI ba="4,1" hai="0,2,4,6,38,39,61,63,68,71,84,87,112,113" machi="2" ten="25,1600,0" yaku="22,2" doraHai="43" who="1" fromWho="0" sc="39,-28,230,38,323,0,398,0" /><INIT seed="4,0,0,4,2,46" ten="11,268,323,398" oya="0" hai0="11,59,82,19,91,122,47,89,33,28,35,42,67" hai1="64,95,69,73,93,61,43,99,131,9,58,52,70" hai2="15,63,49,118,125,31,54,78,132,10,6,103,71" hai3="92,130,101,110,81,77,102,75,57,88,40,29,98"/><T24/><D122/><U111/><E73/><V2/><F118/><W39/><G29/><T119/><D119/><U7/><E111/><V26/><F132/><W124/><G39/><T83/><D35/><U12/><E131/><V1/><F125/><W36/><G36/><T20/><D11/><U27/><E43/><V120/><F120/><W25/><G25/><T115/><D115/><U107/><E27/><V48/><F78/><W0/><G0/><T37/><D28/><U108/><E108/><V128/><F128/><W30/><G30/><T50/><D33/><U45/><E45/><V104/><F54/><W76/><G130/><T134/><D134/><U86/><E86/><V109/><F109/><W17/><G110/><T22/><D22/><U23/><E23/><V127/><F127/><W74/><G40/><T16/><D19/><U44/><E44/><V18/><F2/><W123/><G57/><T51/><D37/><U72/><E72/><N who="3" m="27690" /><G17/><T129/><D129/><U4/><E4/><V121/><F121/><W80/><G123/><T65/><D83/><N who="3" m="31817" /><G124/><T41/><D82/><U126/><E126/><V79/><F6/><W34/><G34/><T62/><D67/><U68/><REACH who="1" step="1"/><E64/><REACH who="1" step="2"/><V38/><F26/><W94/><G102/><AGARI ba="0,1" hai="7,9,12,52,58,61,68,69,70,93,95,99,102,107" machi="102" ten="40,5200,0" yaku="1,1,2,1,54,1,53,0" doraHai="46" doraHaiUra="116" who="1" fromWho="3" sc="11,0,258,62,323,0,398,-52" /><INIT seed="5,0,0,5,2,64" ten="11,320,323,346" oya="1" hai0="113,35,100,56,117,65,14,26,70,116,58,126,74" hai1="118,76,31,49,27,10,133,69,32,60,110,72,1" hai2="6,83,52,94,106,12,13,16,97,135,73,102,62" hai3="86,51,46,123,104,20,41,77,66,112,59,9,0"/><U115/><E118/><V131/><F131/><W128/><G123/><T47/><D14/><U71/><E49/><V85/><F135/><W75/><G75/><T79/><D26/><U101/><E133/><V11/><F73/><W92/><G104/><T7/><D74/><U108/><E115/><V99/><F62/><N who="3" m="38239" /><G0/><T129/><D79/><U30/><E101/><V57/><F106/><W93/><G9/><T23/><D7/><N who="1" m="1391" /><E31/><V67/><F67/><W125/><G128/><T38/><D23/><U121/><E121/><V127/><F127/><W36/><G36/><T39/><D100/><U54/><E54/><V78/><F99/><W33/><G33/><T90/><D90/><U124/><E124/><V130/><F130/><W28/><G125/><T111/><D111/><N who="1" m="42539" /><E60/><N who="2" m="35879" /><F12/><W42/><G42/><T19/><D126/><U107/><E107/><V61/><F61/><W105/><G105/><T80/><D129/><U40/><E40/><V68/><F68/><W18/><G28/><T132/><D70/><U2/><E2/><V114/><F114/><W8/><G112/><T55/><D113/><U44/><E44/><V122/><F122/><W63/><G63/><T29/><D132/><U5/><E5/><AGARI ba="0,0" hai="5,6,11,13,16,78,83,85,94,97,102" m="35879" machi="5" ten="30,3900,0" yaku="8,1,54,2" doraHai="64" who="2" fromWho="1" sc="11,0,320,-39,323,39,346,0" /><INIT seed="6,0,0,0,0,62" ten="11,281,362,346" oya="2" hai0="7,18,130,35,8,110,76,5,56,4,118,133,13" hai1="71,85,59,123,131,80,114,93,97,96,50,109,98" hai2="84,82,19,30,53,67,47,99,23,77,102,42,6" hai3="46,113,120,21,108,60,61,88,57,41,58,119,34"/><V1/><F1/><W121/><G34/><T20/><D56/><N who="3" m="21609" /><G21/><T51/><D76/><N who="1" m="46215" /><E71/><V9/><F53/><W27/><G27/><T28/><D51/><U83/><E50/><V128/><F128/><W33/><G33/><T75/><D75/><U14/><E59/><V66/><F30/><W111/><G88/><T25/><D110/><N who="3" m="42025" /><G119/><T0/><D130/><U125/><E14/><N who="2" m="5431" /><F47/><W135/><G135/><T86/><D86/><U17/><E17/><V52/><F52/><W91/><G91/><T55/><D55/><U45/><E45/><V36/><F36/><N who="3" m="21799" /><G113/><T68/><D68/><U105/><E109/><V12/><F42/><W31/><G31/><T40/><D40/><U122/><E114/><V95/><AGARI ba="0,0" hai="12,19,23,66,67,77,82,84,95,99,102" m="5431" machi="95" ten="30,6000,0" yaku="8,1,52,2" doraHai="62" who="2" fromWho="2" sc="11,-20,281,-20,362,60,346,-20" owari="-9,-51,261,-14,422,52,326,13" /></mjloggm>