<mjloggm ver="2.3"><GO type="97"/><UN n0="%E3%82%B8%E3%83%B3%E2%98%86%E3%83%9E%E3%82%A4%E3%82%B9%E3%82%BF%E3%83%BC" n1="%6C%79%72%69%63" n2="%E8%8A%9D%E6%9D%91%E7%9F%9C%E4%BE%8D" n3="%E3%82%A6%E3%83%AB%E3%83%88%E3%83%A9%E7%AB%8B%E7%9B%B4" dan="13,13,14,13" rate="1891,1806,1892,1897" sx="M,M,M,M"/><TAIKYOKU oya="0"/><INIT seed="0,0,0,5,4,65" ten="250,250,250,250" oya="0" hai0="101,110,29,55,80,16,95,8,120,134,53,111,39" hai1="44,102,129,115,27,81,23,73,64,121,133,78,91" hai2="90,7,1,82,12,25,122,116,15,93,125,104,11" hai3="71,14,127,2,130,99,117,97,18,112,41,45,5" shuffle="mt19937ar,970CFDDC,1E1455DC,CBCCDFEA,58C9CEE0,A42B2C20,F6E87A4E,CE0A4F6E,A52B2B3E"/><T69/><D120/><U40/><E121/><V32/><F122/><W54/><G5/><T19/><D134/><U126/><E133/><V47/><F116/><W49/><G2/><T84/><D39/><U61/><E129/><V3/><F125/><W88/><G127/><T89/><D29/><U66/><E126/><V48/><F104/><W70/><G130/><T20/><D8/><U86/><E102/><V62/><F82/><W77/><G77/><T17/><D20/><U58/><E115/><V0/><F15/><W57/><G112/><T118/><D118/><U13/><E13/><V4/><F62/><W67/><G117/><T109/><D69/><U100/><E100/><V124/><F124/><W42/><G42/><T52/><D101/><U79/><E73/><V96/><F7/><W51/><G67/><T72/><D72/><U68/><E58/><V43/><F25/><W56/><G56/><T24/><D24/><U131/><E64/><V6/><F32/><W34/><G34/><T76/><D95/><U103/><E103/><V113/><F4/><W31/><G31/><T37/><D37/><U59/><E59/><V92/><F92/><W46/><G46/><T119/><D119/><U106/><E106/><V26/><F26/><W33/><G33/><T135/><D135/><U50/><E131/><V10/><REACH who="2" step="1"/><F10/><REACH who="2" step="2"/><W123/><G123/><T128/><D128/><U85/><E85/><V83/><F83/><W30/><G30/><AGARI ba="0,1" hai="23,27,30,40,44,50,61,66,68,78,79,81,86,91" machi="30" ten="30,2000,0" yaku="7,1,52,1" doraHai="65" who="1" fromWho="3" sc="250,0,250,30,240,0,250,-20" /><INIT seed="1,0,0,0,1,101" ten="250,280,240,230" oya="1" hai0="83,114,0,2,14,4,77,73,97,56,115,135,125" hai1="88,132,78,42,126,49,85,129,116,133,72,28,109" hai2="91,70,80,52,107,9,23,39,41,61,95,50,89" hai3="16,5,54,1,105,112,40,134,8,121,84,131,98" shuffle="mt19937ar,FF9DF4A3,6F052B91,6C4C3B93,5EB7E71E,E079B403,B6C2408F,0669ABC3,148E5059"/><U79/><E116/><V113/><F113/><W57/><G121/><T27/><D135/><U6/><E126/><V108/><F108/><W38/><G134/><N who="1" m="51818" /><E129/><V87/><F107/><W100/><G131/><T104/><D125/><U18/><E109/><V46/><F9/><W19/><G112/><T127/><D127/><U86/><E49/><V74/><F74/><W60/><REACH who="3" step="1"/><G84/><REACH who="3" step="2"/><T119/><D114/><U120/><E85/><V17/><F70/><W32/><G32/><T71/><D115/><U93/><E120/><V130/><F130/><W20/><G20/><T36/><D71/><U11/><E72/><V3/><F3/><W21/><G21/><T44/><D119/><U67/><E28/><V92/><F61/><W33/><G33/><T65/><D27/><U29/><E29/><V10/><F10/><W22/><G22/><T117/><D117/><U123/><E123/><V81/><F23/><W103/><G103/><T53/><D14/><U66/><E18/><V59/><F17/><W96/><G96/><AGARI ba="0,1" hai="39,41,46,50,52,59,80,81,87,89,91,92,95,96" machi="96" ten="30,2000,0" yaku="7,1,54,1" doraHai="101" who="2" fromWho="3" sc="250,0,280,0,240,30,220,-20" /><INIT seed="2,0,0,5,3,124" ten="250,280,270,200" oya="2" hai0="127,115,87,8,34,42,135,113,45,81,122,94,121" hai1="118,3,25,9,44,27,133,7,77,26,61,72,60" hai2="18,6,48,31,80,78,79,40,71,91,101,100,93" hai3="114,39,52,67,11,112,117,128,90,23,56,57,50" shuffle="mt19937ar,E74CEA50,8EB77B5D,5D0CCA36,22DE9CD2,4DE9973D,F8C43E3C,EFED5848,E3C282BC"/><V96/><F71/><W126/><G11/><T51/><D135/><U13/><E118/><V64/><F64/><W14/><G14/><T58/><D127/><U97/><E133/><V2/><F31/><W74/><G23/><T130/><D130/><U38/><E97/><V19/><F6/><W36/><G90/><T65/><D34/><U92/><E92/><V28/><F2/><W20/><G20/><T37/><D94/><U33/><E13/><V82/><F28/><W107/><G107/><T95/><D95/><U68/><E68/><V46/><F79/><W10/><G10/><T76/><D8/><U84/><E84/><N who="2" m="48151" /><F82/><W102/><G102/><AGARI ba="0,0" hai="18,19,40,46,48,91,93,96,100,101,102" m="48151" machi="102" ten="30,1500,0" yaku="8,1" doraHai="124" who="2" fromWho="3" sc="250,0,280,0,270,15,200,-15" /><INIT seed="2,1,0,0,5,60" ten="250,280,285,185" oya="2" hai0="8,14,122,134,18,124,91,49,46,86,121,7,34" hai1="126,128,135,87,131,2,12,32,36,72,95,70,113" hai2="89,41,45,88,71,59,84,125,107,10,94,57,16" hai3="39,85,52,0,75,100,116,108,127,97,37,19,106" shuffle="mt19937ar,A1689716,65870507,5F6379A8,421DBAFA,2C06FC4F,8281E551,7324814C,BAD52466"/><V111/><F107/><W21/><G116/><T83/><D134/><U3/><RYUUKYOKU type="yao9" ba="1,0" sc="250,0,280,0,285,0,185,0" hai1="2,3,12,32,36,70,72,87,95,113,126,128,131,135" /><INIT seed="2,2,0,4,4,4" ten="250,280,285,185" oya="2" hai0="107,88,1,105,94,59,71,10,124,26,53,24,133" hai1="76,101,6,17,98,13,21,84,60,43,50,7,97" hai2="121,8,20,63,117,87,102,89,46,123,106,33,93" hai3="82,65,86,125,120,92,32,131,113,85,74,54,109" shuffle="mt19937ar,E252E8A2,AA20C3DC,8C5ADE19,46A18881,7CD40678,F7A87D8C,E2650D2F,E7DDFD0D"/><V91/><F117/><W115/><G32/><T99/><D133/><U9/><E60/><V42/><F33/><W111/><G65/><T78/><D124/><U47/><E101/><V103/><F121/><W25/><G25/><T23/><D71/><U16/><E6/><V73/><F73/><W77/><G54/><T128/><D128/><U44/><E44/><V2/><F123/><W116/><G120/><T104/><D78/><U64/><E64/><V100/><F106/><W18/><G18/><N who="1" m="7274" /><E21/><V127/><F127/><W122/><G122/><T48/><REACH who="0" step="1"/><D23/><REACH who="0" step="2"/><U28/><E28/><V61/><F20/><W66/><G131/><T58/><D58/><U119/><E119/><V29/><F29/><W90/><G116/><T37/><D37/><U67/><E67/><V57/><F57/><W3/><G66/><T112/><D112/><N who="3" m="43081" /><G3/><T114/><D114/><U134/><E134/><V80/><F2/><W49/><G49/><T96/><D96/><U35/><E35/><V31/><F31/><W38/><G38/><T40/><D40/><U39/><E39/><V12/><F42/><W11/><G125/><T126/><D126/><U81/><AGARI ba="2,1" hai="7,9,13,43,47,50,76,81,84,97,98" m="7274" machi="81" ten="30,7900,0" yaku="25,1,8,1,52,1,54,1" doraHai="4" who="1" fromWho="1" sc="240,-22,280,95,285,-41,185,-22" /><INIT seed="3,0,0,0,5,19" ten="218,375,244,163" oya="3" hai0="13,79,53,5,1,42,84,88,82,17,93,89,81" hai1="46,57,126,16,74,65,91,12,92,33,135,131,97" hai2="101,103,83,51,14,36,123,85,18,38,67,54,94" hai3="4,25,77,129,28,120,10,72,55,9,69,34,56" shuffle="mt19937ar,6D922A19,BB18A457,C02FDD87,71AD36E6,0CFAF5BB,6DB7A9C4,BB2D83F0,884B05A6"/><W109/><G69/><T23/><D42/><U114/><E114/><V64/><F123/><W76/><G120/><T41/><D41/><U106/><E46/><V119/><F119/><W90/><G129/><T133/><D133/><U111/><E33/><V43/><F43/><W27/><G109/><T45/><D1/><U118/><E57/><V59/><F38/><W124/><G124/><T113/><D5/><U108/><E65/><N who="2" m="25163" /><F94/><W48/><G27/><T40/><D113/><U35/><E35/><V31/><F31/><W20/><G34/><T80/><D53/><U52/><E74/><V60/><F60/><W98/><G72/><T78/><REACH who="0" step="1"/><D89/><REACH who="0" step="2"/><U61/><E118/><V132/><F132/><W104/><G9/><T63/><D63/><U110/><E61/><V21/><F36/><AGARI ba="0,1" hai="13,17,23,36,40,45,78,79,80,81,82,84,88,93" machi="36" ten="40,5200,0" yaku="1,1,52,1,54,1,53,0" doraHai="19" doraHaiUra="50" who="0" fromWho="2" sc="208,62,375,0,244,-52,163,0" owari="270,2,375,38,192,-16,163,-24" /></mjloggm>