<mjloggm ver="2.3"><GO type="41"/><UN n0="%E7%A9%BA%E2%98%86%E5%BD%A1%E8%89%B2" n1="%E3%82%A6%E3%83%AB%E3%83%88%E3%83%A9%E7%AB%8B%E7%9B%B4" n2="%EF%BD%8A%EF%BD%81%EF%BD%83%EF%BD%91%EF%BD%99" n3="%E3%82%AD%E3%83%A3%E3%83%B3%E3%82%B8" dan="15,15,14,14" rate="1968,1974,1906,1898" sx="M,M,F,M"/><TAIKYOKU oya="0"/><INIT seed="0,0,0,0,3,105" ten="250,250,250,250" oya="0" hai0="108,70,17,85,78,113,72,26,127,111,100,67,0" hai1="126,109,87,86,9,112,40,81,76,49,64,63,46" hai2="56,102,27,3,25,129,10,94,11,131,91,130,115" hai3="38,58,42,45,24,59,20,33,2,39,14,32,69"/><T54/><D0/><U51/><E112/><V123/><F115/><W8/><G2/><T19/><D113/><U95/><E126/><V92/><F123/><W73/><G39/><T41/><D127/><U21/><E109/><N who="0" m="42057" /><D41/><U37/><E21/><V101/><F56/><W50/><G69/><T4/><D4/><U13/><E95/><N who="2" m="36395" /><F91/><W1/><G1/><T28/><D85/><U68/><E87/><V106/><F106/><W34/><G38/><T80/><D100/><N who="2" m="38506" /><F3/><W61/><G59/><T18/><D54/><U110/><E110/><V132/><F132/><W43/><G42/><T93/><D93/><U22/><E22/><V103/><N who="2" m="38514" /><V122/><DORA hai="7" /><F122/><W117/><G32/><N who="0" m="20503" /><D67/><U82/><REACH who="1" step="1"/><E82/><REACH who="1" step="2"/><V16/><F27/><W119/><G34/><T31/><D31/><U120/><E120/><V55/><F25/><W107/><G33/><T89/><D89/><U66/><E66/><V71/><F71/><AGARI ba="0,1" hai="17,18,19,70,71,72,78,80" m="20503,42057" machi="71" ten="30,5800,0" yaku="14,1,10,1,52,1" doraHai="105,7" who="0" fromWho="2" sc="250,68,240,0,250,-58,250,0" /><INIT seed="0,1,0,5,2,7" ten="318,240,192,250" oya="0" hai0="0,111,32,33,135,92,50,95,43,68,31,113,15" hai1="120,71,98,5,99,131,12,124,85,110,90,38,107" hai2="112,40,127,8,36,122,9,94,77,34,101,57,18" hai3="97,2,129,23,48,22,128,28,84,74,44,55,75"/><T47/><D0/><U11/><E120/><V69/><F122/><W105/><G2/><T125/><D113/><U126/><E71/><V6/><F69/><W35/><G84/><T25/><D125/><N who="1" m="48235" /><E38/><V100/><F34/><W21/><G105/><T46/><D135/><U20/><E131/><N who="3" m="50250" /><G97/><T130/><D130/><U1/><E110/><V117/><F117/><W13/><G13/><T17/><D111/><U16/><E107/><V93/><F77/><W115/><G115/><T63/><D33/><U83/><AGARI ba="1,0" hai="1,5,11,12,16,20,83,85,90,98,99" m="48235" machi="83" ten="30,4000,0" yaku="18,1,52,1,54,1" doraHai="7" who="1" fromWho="1" sc="318,-21,240,43,192,-11,250,-11" /><INIT seed="1,0,0,1,4,83" ten="297,283,181,239" oya="1" hai0="0,36,62,18,117,22,132,75,123,60,52,74,124" hai1="14,17,90,101,115,12,88,3,67,92,71,127,45" hai2="85,8,54,59,106,91,24,70,1,87,40,57,13" hai3="26,32,119,31,66,65,116,61,55,109,10,30,98"/><U6/><E3/><V96/><F70/><W113/><G113/><T51/><D0/><U56/><E71/><V86/><F1/><W72/><G31/><T78/><D117/><N who="3" m="45129" /><G72/><T20/><D36/><U23/><E127/><V41/><F24/><W81/><G109/><T34/><D34/><U122/><E122/><V76/><F76/><W35/><G10/><T49/><D124/><U134/><E134/><V28/><F28/><W104/><G81/><T103/><D103/><U2/><E2/><V107/><F107/><W114/><G114/><T47/><D132/><U63/><E115/><V118/><F106/><W46/><G65/><T93/><D93/><U100/><E45/><V37/><F118/><W133/><G133/><T4/><D4/><U111/><E111/><V9/><F37/><W33/><G55/><T43/><D123/><U82/><E82/><V89/><F96/><W16/><G46/><T25/><D78/><U135/><E135/><V129/><F129/><W99/><G16/><N who="0" m="12423" /><D75/><U27/><E90/><N who="2" m="34315" /><F8/><W44/><G44/><N who="0" m="27687" /><D74/><U69/><E69/><V19/><F54/><W79/><G79/><T97/><D97/><N who="3" m="36873" /><G104/><T105/><D105/><U15/><E6/><V102/><F102/><W126/><G126/><T39/><D39/><U48/><E48/><V94/><F94/><W120/><G120/><T125/><D125/><U110/><E110/><V7/><F7/><W5/><G5/><T131/><D131/><U53/><E67/><V73/><F73/><W29/><G29/><T64/><D64/><U121/><E121/><V21/><F9/><W128/><G128/><RYUUKYOKU ba="0,0" sc="297,0,283,0,181,0,239,0" hai0="18,22,43,47,51,60,62" hai1="12,14,15,17,23,27,53,56,63,88,92,100,101" hai2="13,19,21,40,41,57,59,85,86,87" hai3="26,30,32,33,35,61,66" /><INIT seed="1,1,0,4,4,37" ten="297,283,181,239" oya="1" hai0="68,8,27,121,23,88,123,116,30,65,73,25,124" hai1="107,105,46,122,6,81,10,5,7,97,112,34,69" hai2="70,78,98,44,13,82,106,53,55,90,131,104,132" hai3="11,20,117,43,26,109,4,79,52,118,19,16,80"/><U119/><E122/><N who="0" m="46601" /><D73/><U99/><E119/><N who="3" m="45578" /><G19/><N who="0" m="12543" /><D116/><U39/><E34/><V51/><F70/><W89/><G109/><T64/><D68/><U18/><E69/><V130/><F55/><W133/><G133/><T108/><D108/><U94/><E112/><V59/><F132/><W22/><G89/><T120/><D8/><U115/><E115/><V31/><F31/><W0/><G22/><N who="0" m="15735" /><D124/><U9/><E81/><V62/><F13/><W2/><G2/><T3/><D3/><U83/><E83/><V135/><F135/><W14/><G0/><T66/><N who="0" m="46609" /><T126/><DORA hai="100" /><D126/><U103/><E18/><V56/><F56/><W129/><G80/><T92/><D66/><U29/><E29/><V54/><F90/><W58/><G79/><T35/><D35/><U63/><E63/><V71/><F71/><W40/><G129/><N who="2" m="49161" /><F98/><AGARI ba="1,0" hai="64,65,88,92,98" m="15735,12543,46609" machi="98" ten="40,2600,0" yaku="13,1,54,1" doraHai="37,100" who="0" fromWho="2" sc="297,29,283,0,181,-29,239,0" /><INIT seed="2,0,0,1,0,8" ten="326,283,152,239" oya="2" hai0="117,30,36,46,44,41,29,129,38,83,60,40,43" hai1="85,122,19,118,12,107,127,130,98,71,72,23,57" hai2="108,95,91,78,25,135,99,94,123,11,56,50,65" hai3="93,59,132,3,87,20,86,48,54,14,33,66,103"/><V70/><F123/><W110/><G3/><T89/><D129/><U1/><E71/><V34/><F78/><W63/><G33/><T13/><D117/><U77/><E72/><V75/><F75/><W115/><G110/><T92/><D83/><U102/><E118/><V116/><F116/><W26/><G115/><T81/><D81/><U37/><E37/><V62/><F135/><W2/><G2/><T27/><D60/><U124/><E1/><V73/><F73/><W4/><G132/><T52/><D27/><U0/><E0/><V125/><F125/><N who="1" m="48201" /><E130/><V96/><F11/><N who="3" m="4455" /><G93/><T18/><D52/><U17/><E57/><V105/><F105/><W47/><G103/><T90/><D41/><U121/><E19/><AGARI ba="0,0" hai="19,20,26,47,48,54,59,63,66,86,87" m="4455" machi="19" ten="30,2000,0" yaku="8,1,52,1" doraHai="8" who="3" fromWho="1" sc="326,0,283,-20,152,0,239,20" /><INIT seed="3,0,0,3,3,49" ten="326,263,152,259" oya="3" hai0="21,129,64,133,24,115,91,94,101,11,23,72,2" hai1="135,42,15,29,20,88,8,31,67,81,118,28,57" hai2="122,79,90,85,86,107,60,98,70,97,84,0,134" hai3="102,82,51,7,120,126,112,77,47,44,62,30,104"/><W33/><G120/><T93/><D72/><U3/><E3/><V103/><F0/><W41/><G112/><T52/><D64/><U17/><E118/><V1/><F1/><W92/><G126/><T38/><D38/><U61/><E135/><V6/><F6/><W95/><G62/><T75/><D75/><U4/><E42/><V114/><F60/><W111/><G7/><T16/><D129/><U26/><E81/><N who="2" m="47167" /><F70/><W13/><G13/><N who="0" m="7231" /><D133/><U46/><E46/><V53/><F53/><W108/><G104/><T89/><D101/><U56/><E88/><N who="0" m="33865" /><D115/><U105/><E105/><V117/><F134/><W34/><G102/><T121/><D121/><U73/><E73/><V10/><F122/><W83/><G82/><T58/><D2/><U18/><E18/><V106/><F114/><W80/><G83/><T40/><D40/><U100/><E100/><N who="2" m="62743" /><F10/><W9/><G34/><T130/><D130/><U119/><E119/><V35/><F35/><W37/><G9/><T110/><D110/><N who="3" m="42025" /><G33/><T68/><D68/><U43/><E43/><V12/><F12/><W54/><G30/><N who="0" m="17679" /><D23/><U27/><REACH who="1" step="1"/><E57/><REACH who="1" step="2"/><V22/><F117/><W59/><G59/><T32/><D32/><U55/><E55/><V65/><F65/><W25/><G25/><T131/><D131/><U74/><E74/><AGARI ba="0,1" hai="37,41,44,47,51,54,74,77,80,92,95" m="42025" machi="74" ten="30,5800,0" yaku="14,1,10,1,52,1" doraHai="49" who="3" fromWho="1" sc="326,0,253,-58,152,0,259,68" /><INIT seed="3,1,0,2,0,97" ten="326,195,152,327" oya="3" hai0="93,114,99,72,25,8,109,102,26,123,119,75,127" hai1="20,22,126,70,125,73,17,68,86,89,41,40,36" hai2="111,80,101,18,79,134,24,117,107,45,85,59,91" hai3="6,51,76,110,128,94,130,42,27,88,83,71,87"/><W129/><G71/><N who="1" m="27178" /><E73/><V53/><F117/><W82/><G110/><T57/><D119/><U132/><E36/><V116/><F116/><W115/><G115/><T100/><D123/><U131/><E131/><V29/><F134/><W135/><G135/><T81/><D109/><U98/><E98/><V10/><F45/><N who="3" m="26039" /><G27/><N who="0" m="10251" /><D127/><N who="1" m="48651" /><E17/><V14/><F111/><W1/><G76/><T55/><D114/><U60/><E60/><V69/><F69/><W2/><G6/><T108/><D8/><U74/><E74/><V66/><F79/><W50/><G50/><N who="0" m="30967" /><D72/><U106/><E106/><V118/><F118/><W11/><G11/><T4/><D75/><U105/><E105/><V61/><F107/><W121/><G121/><T92/><D108/><U30/><E30/><V120/><F120/><W49/><G49/><T133/><D133/><U38/><E132/><V9/><F10/><W104/><G104/><T113/><D4/><U3/><E3/><AGARI ba="1,0" hai="1,2,3,82,83,87,88,94,128,129,130" m="26039" machi="3" ten="40,3900,0" yaku="19,1,54,1" doraHai="97" who="3" fromWho="1" sc="326,0,195,-42,152,0,327,42" /><INIT seed="3,2,0,3,3,19" ten="326,153,152,369" oya="3" hai0="83,111,78,30,35,79,47,109,77,115,114,29,74" hai1="44,97,94,133,25,11,72,98,132,28,7,89,32" hai2="18,135,102,67,81,24,21,45,15,56,119,101,82" hai3="84,96,42,76,126,125,122,129,37,75,51,85,16"/><W107/><G122/><T5/><D5/><U41/><E72/><V66/><F119/><W127/><G37/><T130/><D47/><U31/><E31/><N who="0" m="11785" /><D35/><U59/><E59/><V63/><F45/><N who="3" m="26039" /><G129/><T13/><D130/><U71/><E71/><V113/><F135/><W70/><G70/><T39/><D39/><U90/><E97/><V46/><F67/><W57/><G57/><T64/><D13/><U23/><E32/><V106/><F46/><W124/><N who="3" m="32256" /><DORA hai="62" /><W86/><G75/><T1/><D1/><U116/><E116/><V58/><F58/><W53/><G53/><T38/><D38/><U80/><E80/><N who="2" m="30827" /><F106/><W52/><G76/><N who="0" m="29291" /><D64/><U4/><E89/><V26/><F113/><AGARI ba="2,0" hai="74,79,83,109,111,113,114,115" m="29291,11785" machi="113" ten="30,1000,0" yaku="11,1" doraHai="19,62" who="0" fromWho="2" sc="326,16,153,0,152,-16,369,0" /><INIT seed="4,0,0,2,0,42" ten="342,153,136,369" oya="0" hai0="57,119,84,72,14,129,90,130,77,132,26,16,30" hai1="103,121,63,85,66,48,86,61,49,31,73,7,105" hai2="46,65,32,34,82,96,107,39,98,18,6,133,33" hai3="51,127,104,58,27,117,88,53,131,114,75,87,43"/><T8/><D119/><U126/><E73/><V35/><F133/><W54/><G117/><T10/><D132/><U11/><E121/><V52/><F65/><W4/><G75/><T47/><D77/><U102/><E126/><V68/><F68/><W3/><G127/><T55/><D72/><U106/><E31/><V113/><F6/><W45/><G104/><T50/><D10/><U83/><E11/><V12/><F82/><W40/><G114/><T92/><REACH who="0" step="1"/><D57/><REACH who="0" step="2"/><U74/><E74/><V122/><F122/><W9/><G131/><T0/><D0/><U124/><E124/><V108/><F113/><W60/><REACH who="3" step="1"/><G27/><REACH who="3" step="2"/><T5/><D5/><U69/><E7/><V23/><F108/><W1/><G1/><T44/><D44/><U59/><E105/><V125/><F107/><W93/><AGARI ba="0,2" hai="3,4,9,40,43,45,51,53,54,58,60,87,88,93" machi="93" ten="20,8000,1" yaku="1,1,0,1,7,1,52,1,54,1,53,0" doraHai="42" doraHaiUra="111" who="3" fromWho="3" sc="332,-40,153,-20,136,-20,359,100" /><INIT seed="5,0,0,2,3,80" ten="292,133,116,459" oya="1" hai0="21,79,121,118,105,10,111,117,36,122,61,87,41" hai1="88,27,30,57,59,23,123,32,17,76,37,102,91" hai2="65,119,7,43,132,85,54,33,120,112,81,16,92" hai3="4,74,108,60,15,58,31,53,99,39,52,40,14"/><U86/><E37/><V93/><F119/><N who="0" m="45578" /><D21/><U134/><E134/><V6/><F120/><N who="0" m="46186" /><D10/><U19/><E123/><V83/><F112/><W89/><G74/><T103/><D61/><U18/><E102/><V98/><F33/><W116/><G116/><T51/><D51/><U64/><E32/><V70/><F132/><W78/><G39/><T75/><D41/><U128/><E128/><V29/><F43/><W28/><G40/><T50/><D50/><U8/><E8/><V113/><F113/><W45/><G4/><T68/><D68/><U131/><E131/><V34/><F54/><W42/><G53/><T125/><D36/><U11/><E11/><V26/><F16/><N who="1" m="4097" /><U25/><DORA hai="95" /><E25/><V56/><F70/><W90/><G31/><T101/><D111/><U135/><E135/><V44/><F44/><W94/><G108/><T72/><D125/><U133/><E133/><V114/><F114/><W110/><G28/><T63/><D63/><N who="1" m="37999" /><E59/><V5/><F56/><W97/><G110/><T77/><D105/><U24/><E24/><V2/><F65/><W84/><G45/><T55/><D55/><U129/><E129/><V71/><F71/><W35/><G35/><T48/><D48/><U12/><E12/><V130/><F130/><W96/><G42/><T115/><D115/><U124/><E124/><V3/><F3/><W38/><G38/><T104/><D104/><U82/><AGARI ba="0,0" hai="23,27,30,76,82,86,88,91" m="37999,4097" machi="82" ten="40,12000,1" yaku="8,1,52,1,54,2" doraHai="80,95" who="1" fromWho="1" sc="292,-40,133,120,116,-40,459,-40" /><INIT seed="5,1,0,0,1,21" ten="252,253,76,419" oya="1" hai0="93,41,3,2,89,29,83,0,112,8,107,74,13" hai1="115,125,102,108,30,24,87,9,22,1,35,37,92" hai2="48,111,42,68,56,34,50,116,94,14,105,118,110" hai3="90,101,126,59,4,86,51,57,132,54,120,117,31"/><U20/><E37/><V18/><F94/><W44/><G120/><T5/><D107/><U28/><E102/><V10/><F105/><W122/><G122/><T63/><D112/><U53/><E92/><V7/><F68/><W32/><G132/><T72/><D63/><U84/><E115/><V80/><F80/><W33/><G126/><T64/><D64/><U55/><E125/><V77/><F77/><W124/><G124/><T6/><D41/><U66/><E66/><V11/><F42/><W104/><G117/><T58/><D58/><U78/><E35/><V17/><F56/><W47/><G4/><T131/><D131/><U65/><E65/><V49/><F34/><W129/><G33/><T82/><D6/><U16/><E108/><V119/><F7/><W95/><G104/><T36/><D36/><U25/><E1/><V106/><F106/><W52/><G129/><T121/><D121/><U61/><E61/><V99/><F99/><W67/><G101/><T123/><D123/><U96/><E96/><V70/><F70/><W109/><G67/><T130/><D130/><U114/><E114/><V127/><F127/><W43/><G43/><T133/><D133/><U23/><E9/><V91/><F91/><W76/><G76/><T81/><D29/><U12/><E84/><V98/><F98/><W134/><G109/><N who="2" m="41481" /><F14/><W39/><G134/><T100/><D100/><U27/><E12/><V60/><F60/><W26/><G39/><T113/><D113/><U71/><E71/><V40/><F40/><W128/><G128/><T75/><D75/><U69/><E69/><RYUUKYOKU ba="1,0" sc="252,0,253,0,76,0,419,0" hai0="0,2,3,5,8,13,72,74,81,82,83,89,93" hai1="16,20,22,23,24,25,27,28,30,53,55,78,87" hai2="10,11,17,18,48,49,50,116,118,119" hai3="26,31,32,44,47,51,52,54,57,59,86,90,95" /><INIT seed="5,2,0,1,2,91" ten="252,253,76,419" oya="1" hai0="102,5,95,63,92,8,0,88,107,18,12,69,45" hai1="64,9,131,93,66,27,75,111,53,49,23,110,50" hai2="99,35,20,24,133,103,10,85,11,120,76,29,36" hai3="43,84,108,106,21,4,89,25,83,42,105,119,22"/><U98/><E75/><V97/><F120/><W61/><G108/><N who="1" m="41514" /><E9/><V130/><F130/><W6/><G119/><T118/><D118/><U13/><E13/><V55/><F36/><W65/><G106/><T80/><D69/><U79/><E79/><V57/><F133/><W104/><G105/><T40/><D63/><U38/><E38/><V56/><F35/><W15/><G104/><T113/><D107/><U39/><E39/><V33/><F33/><W2/><G2/><T32/><D113/><U122/><E122/><V128/><F128/><W124/><G22/><T96/><D32/><U117/><E117/><V28/><F28/><N who="3" m="17455" /><G124/><T46/><D80/><U135/><E135/><V74/><F74/><W70/><G70/><T81/><D81/><U3/><E3/><V90/><F76/><W68/><G68/><T100/><D100/><N who="1" m="60495" /><E131/><V37/><F37/><W112/><G112/><T54/><D54/><U19/><E50/><V44/><F103/><W129/><G129/><T116/><D116/><U47/><AGARI ba="2,0" hai="19,23,27,47,49,53,64,66" m="60495,41514" machi="47" ten="30,3000,0" yaku="10,1,52,1" doraHai="91" who="1" fromWho="1" sc="252,-12,253,36,76,-12,419,-12" /><INIT seed="5,3,0,1,2,106" ten="240,289,64,407" oya="1" hai0="47,69,32,2,40,95,29,37,38,123,52,61,28" hai1="51,131,11,110,34,126,119,124,116,102,15,96,75" hai2="54,46,120,55,44,134,63,71,35,17,108,111,56" hai3="78,23,80,31,6,41,20,22,121,45,62,36,42"/><U72/><E34/><V43/><F120/><W64/><G121/><T19/><D2/><U84/><E51/><V104/><F104/><W87/><G42/><N who="0" m="22991" /><D19/><U105/><E15/><V67/><F17/><W103/><G103/><T66/><D95/><U107/><E11/><V48/><F35/><W3/><G3/><T21/><D21/><U59/><E59/><V81/><F81/><W25/><REACH who="3" step="1"/><G6/><REACH who="3" step="2"/><T7/><D7/><U74/><E110/><V53/><F134/><W24/><G24/><T16/><D123/><U8/><E131/><V122/><F122/><W101/><G101/><T12/><D32/><U68/><E107/><V114/><F114/><W77/><G77/><T133/><D133/><U135/><E135/><V83/><F83/><W4/><G4/><T98/><D40/><U33/><E33/><V130/><F130/><W39/><G39/><T97/><D38/><U118/><E68/><AGARI ba="3,1" hai="20,22,23,25,31,36,41,45,62,64,68,78,80,87" machi="68" ten="30,2000,0" yaku="1,1,7,1,53,0" doraHai="106" doraHaiUra="132" who="3" fromWho="1" sc="240,0,289,-29,64,0,397,39" /><INIT seed="6,0,0,0,2,62" ten="240,260,64,436" oya="2" hai0="74,51,78,41,94,49,82,111,7,123,5,120,15" hai1="106,132,26,50,133,6,77,73,97,28,39,95,13" hai2="19,14,112,44,56,83,37,40,119,35,89,34,30" hai3="25,134,115,99,27,0,92,66,104,124,24,128,48"/><V36/><F119/><W45/><G104/><T4/><D111/><U127/><E106/><V38/><F112/><W107/><G107/><T118/><D118/><U129/><E39/><V103/><F103/><N who="3" m="60903" /><G0/><T108/><D108/><U80/><E50/><V60/><F34/><W58/><G115/><T88/><D15/><U20/><E127/><V10/><F30/><W81/><G124/><T63/><D63/><U85/><E129/><V46/><F35/><W31/><G128/><T110/><D110/><U47/><E47/><V52/><REACH who="2" step="1"/><F46/><REACH who="2" step="2"/><W86/><G31/><T3/><D123/><U71/><E28/><V76/><F76/><N who="3" m="46375" /><G134/><T61/><D120/><U33/><E77/><V130/><F130/><W126/><G126/><T21/><D78/><U79/><E79/><V18/><F18/><W121/><G121/><T96/><D74/><U105/><E73/><V8/><F8/><W131/><G131/><T122/><D122/><U55/><E33/><V87/><AGARI ba="0,1" hai="10,14,19,36,37,38,40,44,52,56,60,83,87,89" machi="87" ten="30,6000,0" yaku="1,1,0,1,54,1,53,0" doraHai="62" doraHaiUra="1" who="2" fromWho="2" sc="240,-20,260,-20,54,70,436,-20" /><INIT seed="6,1,0,3,0,119" ten="220,240,124,416" oya="2" hai0="30,86,57,98,33,29,47,79,108,17,125,6,41" hai1="54,94,64,73,96,58,55,63,18,0,105,44,46" hai2="13,99,101,92,4,126,78,91,123,66,67,135,131" hai3="76,45,104,110,82,132,48,26,81,102,109,11,122"/><V127/><F135/><W88/><G122/><T20/><D108/><U32/><E0/><V134/><F134/><W84/><G132/><T22/><D125/><N who="2" m="47626" /><F131/><W3/><G26/><T133/><D133/><U42/><E32/><V116/><F116/><W5/><G104/><T27/><D6/><U35/><E35/><V118/><F118/><W61/><G61/><T14/><D98/><U36/><E73/><V87/><F78/><W65/><G65/><N who="2" m="24585" /><F4/><W2/><G2/><T52/><D86/><U40/><E105/><N who="2" m="63679" /><F13/><W9/><G9/><T130/><D79/><U97/><E97/><V56/><F56/><W93/><G102/><T10/><D130/><U103/><REACH who="1" step="1"/><E18/><REACH who="1" step="2"/><V34/><F34/><W8/><G110/><T85/><D85/><U68/><E68/><V31/><F31/><W106/><G109/><T15/><D30/><U53/><E53/><V28/><F28/><W23/><G106/><T89/><D33/><U50/><AGARI ba="1,1" hai="36,40,42,44,46,50,54,55,58,63,64,94,96,103" machi="50" ten="20,5200,0" yaku="1,1,0,1,7,1,53,1" doraHai="119" doraHaiUra="59" who="1" fromWho="1" sc="220,-14,230,65,124,-27,416,-14" /><INIT seed="7,0,0,4,1,19" ten="206,295,97,402" oya="3" hai0="14,123,90,109,89,15,118,81,126,9,79,76,41" hai1="68,111,57,105,8,2,119,70,54,80,5,100,86" hai2="56,17,64,21,32,37,16,18,30,112,39,120,55" hai3="69,33,84,7,3,25,115,125,124,135,134,106,83"/><W73/><G69/><T110/><D41/><U132/><E111/><N who="0" m="42505" /><D9/><U71/><E132/><N who="3" m="50730" /><G115/><T99/><D118/><U38/><E38/><V13/><F112/><W104/><G73/><T44/><D44/><U131/><E131/><V61/><F120/><W48/><G48/><T29/><D126/><N who="3" m="48745" /><G3/><T92/><D29/><U67/><E119/><V1/><F1/><W40/><G40/><T12/><D15/><U129/><E129/><V87/><F37/><W27/><G7/><T26/><D12/><U47/><E100/><V53/><F39/><W31/><G27/><T0/><D14/><U23/><E105/><V59/><F32/><W49/><G49/><T94/><D26/><U116/><E116/><V95/><F30/><W20/><G20/><T6/><D0/><U75/><E75/><V107/><F64/><W122/><G122/><T62/><D6/><U101/><E101/><V36/><F36/><W103/><G103/><T10/><D62/><U93/><E93/><N who="0" m="35945" /><D10/><U22/><E47/><V114/><F107/><W96/><G96/><T102/><D123/><U43/><E43/><V50/><REACH who="2" step="1"/><F114/><REACH who="2" step="2"/><W78/><AGARI ba="0,1" hai="25,31,33,78,83,84,104,106" m="48745,50730" machi="78" ten="30,3000,0" yaku="20,1,18,1" doraHai="19" who="3" fromWho="3" sc="206,-10,295,-10,87,-10,402,40" owari="196,-20,285,9,77,-42,442,53" /></mjloggm>