<mjloggm ver="2.3"><GO type="41"/><UN n0="%E7%8B%AC%E6%A5%BD" n1="%E3%83%8D%E3%82%B3%E5%A8%98" n2="%E3%82%A6%E3%83%AB%E3%83%88%E3%83%A9%E7%AB%8B%E7%9B%B4" n3="%E6%B5%B7%E4%B8%80%E6%9C%9B%EF%BC%93%EF%BC%94%EF%BC%91" dan="14,13,15,13" rate="1896,2002,1972,1832" sx="M,F,M,M"/><TAIKYOKU oya="0"/><INIT seed="0,0,0,4,1,3" ten="250,250,250,250" oya="0" hai0="15,110,88,31,112,78,93,68,83,45,26,14,123" hai1="77,92,61,25,33,4,104,130,67,59,106,133,96" hai2="85,48,116,127,126,76,7,47,34,105,82,12,55" hai3="24,1,56,125,21,38,39,8,63,42,52,73,37"/><T71/><D112/><U60/><E133/><V131/><F34/><W64/><G125/><N who="2" m="47625" /><F105/><W32/><G73/><T121/><D45/><U10/><E77/><V43/><F131/><W35/><G42/><T74/><D15/><U135/><E135/><V101/><F101/><W111/><G111/><T134/><D134/><U18/><E33/><V50/><F116/><W97/><G97/><T53/><D14/><U90/><E25/><V0/><F0/><W119/><G119/><T41/><D41/><U100/><E18/><V113/><F113/><W40/><G40/><T20/><D53/><U28/><E28/><V94/><F94/><W107/><G107/><T49/><D49/><U89/><E106/><V99/><F99/><W79/><G79/><T117/><D117/><U129/><E61/><V120/><F120/><W17/><REACH who="3" step="1"/><G64/><REACH who="3" step="2"/><T115/><D115/><U19/><E104/><V66/><F66/><W6/><AGARI ba="0,1" hai="1,6,8,17,21,24,32,35,37,38,39,52,56,63" machi="6" ten="40,12000,2" yaku="1,1,2,1,0,1,52,1,54,1,53,2" doraHai="3" doraHaiUra="29" who="3" fromWho="3" sc="250,-60,250,-30,250,-30,240,130" /><INIT seed="1,0,0,0,4,107" ten="190,220,220,370" oya="1" hai0="95,10,69,8,59,21,19,77,53,124,73,91,133" hai1="2,43,30,86,51,1,33,40,20,74,3,94,105" hai2="27,14,93,117,85,52,26,37,81,67,58,13,92" hai3="114,119,131,87,32,28,75,48,72,65,129,0,4"/><U42/><E74/><N who="3" m="28202" /><G65/><T15/><D69/><U76/><E105/><V46/><F37/><W88/><G48/><T38/><D38/><U90/><E76/><N who="2" m="46247" /><F46/><W80/><G114/><T35/><D35/><U106/><E106/><V61/><F67/><W84/><G4/><T128/><D8/><U126/><E33/><V127/><F127/><W83/><G0/><T7/><D124/><U23/><E126/><V55/><F55/><W102/><G28/><T100/><D100/><U121/><E121/><V110/><F110/><W115/><G32/><T70/><D70/><U9/><E30/><V54/><F54/><W123/><G115/><T112/><D112/><U41/><N who="1" m="10752" /><DORA hai="39" /><U17/><REACH who="1" step="1"/><E51/><REACH who="1" step="2"/><V24/><F117/><W34/><G34/><T89/><D19/><U71/><E71/><V22/><F22/><W45/><G123/><T134/><D21/><U99/><E99/><V98/><F98/><W66/><G119/><T6/><D7/><U78/><E78/><V18/><F18/><W97/><G66/><T36/><D6/><U130/><E130/><V108/><F108/><W11/><G11/><T29/><D128/><N who="3" m="49225" /><G45/><T113/><D29/><U101/><E101/><V57/><F57/><W96/><G102/><T5/><D36/><U12/><AGARI ba="0,1" hai="1,2,3,9,12,17,20,23,86,90,94" m="10752" machi="12" ten="50,24000,3" yaku="1,1,0,1,52,4,53,2" doraHai="107,39" doraHaiUra="47,16" who="1" fromWho="1" sc="190,-80,210,250,220,-80,370,-80" /><INIT seed="1,1,0,4,1,16" ten="110,460,140,290" oya="1" hai0="58,78,57,99,40,37,96,81,29,133,54,13,69" hai1="102,30,49,25,126,51,73,104,125,109,117,9,10" hai2="5,112,14,88,131,121,72,71,55,64,52,75,65" hai3="43,21,15,115,33,123,11,101,41,76,17,119,66"/><U107/><E73/><V3/><F3/><W130/><G33/><T98/><D81/><U6/><E117/><V132/><F121/><W105/><G123/><T4/><D13/><U48/><E102/><V23/><F5/><W90/><G115/><T18/><D18/><U35/><E109/><V93/><F112/><W61/><G119/><T31/><D54/><N who="2" m="20522" /><F71/><W113/><G113/><T7/><D40/><U32/><E32/><V53/><F75/><W80/><G130/><T59/><D69/><U60/><E60/><V8/><F72/><W12/><G105/><T56/><N who="0" m="14848" /><DORA hai="91" /><T111/><D37/><U46/><E46/><V47/><F131/><W34/><G34/><T100/><D100/><U22/><E9/><V74/><F74/><W127/><G127/><N who="1" m="48650" /><E35/><V128/><F128/><W122/><G122/><T103/><D103/><U134/><E134/><V26/><F132/><W0/><G0/><AGARI ba="1,0" hai="0,6,10,22,25,30,48,49,51,104,107" m="48650" machi="0" ten="30,2900,0" yaku="18,1,52,1" doraHai="16,91" who="1" fromWho="3" sc="110,0,460,32,140,0,290,-32" /><INIT seed="1,2,0,1,2,112" ten="110,492,140,258" oya="1" hai0="88,110,33,1,104,40,69,52,20,81,65,125,121" hai1="107,99,45,56,49,129,130,24,43,74,42,35,120" hai2="86,62,77,50,127,91,89,5,44,26,66,27,73" hai3="63,98,21,9,124,16,119,18,117,72,13,47,78"/><U102/><E74/><V61/><F127/><W38/><G98/><T71/><D81/><U19/><E120/><V101/><F73/><W122/><G63/><N who="2" m="24073" /><F66/><W25/><G47/><T0/><D20/><N who="1" m="13343" /><E35/><V90/><F101/><W58/><G58/><T118/><D33/><U79/><E79/><V128/><F128/><N who="1" m="49257" /><E56/><V105/><F105/><W46/><G78/><T41/><D65/><U95/><E107/><V28/><F5/><W60/><G60/><T87/><D125/><U116/><E43/><N who="2" m="24863" /><F28/><W15/><G72/><T131/><D104/><U2/><E2/><V67/><F67/><W115/><G124/><T75/><D131/><U32/><E32/><V97/><F97/><W36/><G46/><T34/><D75/><U22/><E22/><V108/><F108/><W76/><G76/><T80/><D34/><U84/><E84/><V3/><F3/><W8/><G122/><T51/><D121/><U10/><E10/><V31/><F31/><W70/><G70/><T94/><D110/><U100/><E100/><V57/><F57/><W132/><G115/><T17/><D1/><U134/><E134/><V93/><F93/><W6/><REACH who="3" step="1"/><G132/><REACH who="3" step="2"/><T64/><D71/><U12/><E45/><V133/><F133/><W14/><G14/><T135/><D69/><U113/><E12/><V83/><AGARI ba="2,1" hai="26,27,77,83,86,89,90,91" m="24863,24073" machi="83" ten="30,1100,0" yaku="8,1" doraHai="112" who="2" fromWho="2" sc="110,-5,492,-7,140,27,248,-5" /><INIT seed="2,0,0,1,3,108" ten="105,485,167,243" oya="2" hai0="3,124,86,73,78,64,44,39,19,61,53,96,10" hai1="36,75,74,0,58,131,82,15,69,122,40,112,129" hai2="120,71,104,22,1,48,76,66,31,117,18,109,35" hai3="60,26,101,2,68,80,113,32,47,16,20,42,134"/><V23/><F66/><W84/><G134/><T28/><D86/><U107/><E0/><V29/><F71/><W56/><G68/><T34/><D19/><U7/><E107/><V9/><F76/><W99/><G32/><T41/><D53/><U17/><E69/><V119/><F48/><W81/><G2/><T118/><D61/><U43/><E7/><V123/><F104/><W24/><G24/><T126/><D64/><U90/><E36/><V14/><F1/><W130/><G130/><N who="1" m="49674" /><E112/><V30/><F35/><W83/><G113/><T65/><D96/><U21/><E122/><V127/><F127/><W51/><G99/><T27/><D65/><U95/><E58/><V25/><F109/><W94/><G101/><T103/><D103/><U33/><E33/><V70/><F70/><W85/><G94/><T72/><D118/><U52/><E52/><AGARI ba="0,0" hai="16,20,26,42,47,51,52,56,60,80,81,83,84,85" machi="52" ten="40,5200,0" yaku="8,1,54,2" doraHai="108" who="3" fromWho="1" sc="105,0,485,-52,167,0,243,52" /><INIT seed="3,0,0,4,2,22" ten="105,433,167,295" oya="3" hai0="108,87,55,80,47,122,35,107,21,130,30,57,115" hai1="73,112,126,98,123,64,106,60,90,129,56,18,66" hai2="71,2,133,88,109,29,119,85,5,131,68,45,69" hai3="124,38,117,51,33,46,6,127,37,89,102,63,40"/><W1/><G33/><T26/><D107/><U79/><E123/><V77/><F119/><W34/><G117/><T48/><D122/><U128/><E112/><V76/><F131/><N who="1" m="50249" /><E79/><V19/><F133/><W0/><G34/><T39/><D130/><U36/><E73/><V43/><F109/><W104/><G89/><T65/><D115/><U113/><E36/><V44/><F29/><W28/><G28/><T86/><D108/><U24/><E106/><V134/><F134/><W135/><G135/><T81/><D35/><U70/><E70/><V132/><F132/><W14/><G63/><T31/><D31/><U52/><E113/><V100/><F100/><W99/><G14/><T41/><D65/><U84/><E98/><V118/><F118/><W116/><G116/><T75/><D75/><U91/><E91/><V20/><F5/><W4/><G51/><T83/><REACH who="0" step="1"/><D39/><REACH who="0" step="2"/><U62/><E64/><V3/><F68/><W54/><G37/><T72/><D72/><U42/><E66/><V78/><F69/><W105/><G105/><T120/><D120/><U103/><E126/><N who="3" m="48170" /><G54/><T93/><D93/><U16/><E42/><V23/><F71/><W92/><G92/><T15/><D15/><U49/><E62/><V11/><F43/><W96/><G96/><T101/><D101/><U74/><E103/><V12/><F3/><AGARI ba="0,1" hai="0,1,3,4,6,38,40,46,99,102,104" m="48170" machi="3" ten="30,1500,0" yaku="18,1" doraHai="22" who="3" fromWho="2" sc="95,0,433,0,167,-15,295,25" /><INIT seed="3,1,0,0,3,118" ten="95,433,152,320" oya="3" hai0="63,17,131,66,44,20,68,123,81,134,79,18,107" hai1="88,27,113,84,24,109,59,7,116,29,3,15,71" hai2="40,101,12,83,9,89,38,46,112,124,33,100,102" hai3="6,10,135,11,65,51,108,77,128,37,14,42,21"/><W5/><G37/><T74/><D18/><U114/><E3/><V23/><F33/><W16/><G65/><T85/><D123/><U26/><E71/><V25/><F112/><W99/><G99/><T73/><D131/><U1/><E1/><V56/><F124/><W105/><G105/><T110/><D134/><U0/><E0/><V52/><F83/><W115/><G115/><T93/><D110/><U98/><E109/><V122/><F89/><W80/><G108/><T36/><D93/><U91/><E116/><V13/><F122/><W47/><G135/><T53/><D107/><U32/><E98/><V130/><F130/><W78/><G128/><T19/><D17/><U96/><E96/><V75/><F75/><W39/><G39/><T45/><D45/><U126/><E91/><V133/><F133/><W48/><G48/><T86/><D86/><U54/><E126/><V97/><F97/><W94/><G94/><T127/><D127/><U34/><E34/><V132/><F132/><W62/><G62/><T72/><D72/><U104/><E104/><V49/><REACH who="2" step="1"/><F9/><REACH who="2" step="2"/><N who="3" m="3083" /><G80/><T120/><D120/><U57/><E113/><V22/><F22/><W92/><G92/><T117/><D117/><U41/><E114/><V61/><F61/><W82/><G82/><T103/><D103/><U76/><E76/><AGARI ba="1,1" hai="5,6,14,16,21,42,47,51,76,77,78" m="3083" machi="76" ten="30,2900,0" yaku="8,1,54,1" doraHai="118" who="3" fromWho="1" sc="95,0,433,-32,142,0,320,42" /><INIT seed="3,2,0,2,2,46" ten="95,401,142,362" oya="3" hai0="17,70,130,27,117,25,65,10,98,48,20,42,9" hai1="29,22,1,75,8,128,131,99,6,11,60,119,120" hai2="21,109,0,38,40,76,134,64,111,114,88,112,57" hai3="105,83,95,121,113,30,63,96,89,116,53,37,106"/><W12/><G37/><T82/><D130/><N who="1" m="49707" /><E75/><V28/><F0/><W24/><G121/><T125/><D117/><U44/><E120/><V2/><F2/><W107/><G116/><T135/><D125/><U123/><E123/><V80/><F40/><W74/><G113/><T122/><D135/><U124/><E119/><V77/><F38/><W18/><G74/><T103/><D122/><U39/><E8/><V104/><F104/><W55/><G83/><T72/><D65/><U7/><E7/><V110/><F134/><W93/><G93/><T133/><D70/><U118/><E118/><V5/><F5/><W97/><G97/><T33/><D133/><U132/><E132/><V78/><F21/><W86/><G86/><T126/><D126/><U15/><E99/><V84/><F28/><W90/><G90/><T62/><D62/><AGARI ba="2,0" hai="57,62,64,76,77,78,80,84,88,109,110,111,112,114" machi="62" ten="50,3200,0" yaku="14,1,54,1" doraHai="46" who="2" fromWho="0" sc="95,-38,401,0,142,38,362,0" /><INIT seed="4,0,0,2,0,126" ten="57,401,180,362" oya="0" hai0="7,67,44,68,66,19,26,105,112,103,115,130,86" hai1="84,15,124,73,1,14,125,11,107,13,0,116,57" hai2="18,121,85,122,58,10,54,29,100,76,129,93,71" hai3="22,45,117,135,52,24,17,109,101,9,114,3,51"/><T12/><D26/><U92/><E73/><V72/><F71/><W99/><G117/><T81/><D68/><U38/><E107/><V77/><F29/><W47/><G109/><T65/><D7/><U6/><E38/><V5/><F18/><W91/><G135/><T49/><D105/><U41/><E41/><V28/><F28/><W111/><G111/><T36/><D103/><U39/><E39/><V21/><F21/><W97/><G114/><T123/><D36/><U62/><E0/><V32/><F32/><W25/><G3/><T74/><D74/><U48/><E48/><V69/><F69/><W30/><G9/><T27/><D27/><U82/><E92/><V55/><F58/><W23/><G101/><T127/><D123/><U133/><E133/><V75/><F10/><W64/><G64/><T94/><D94/><U60/><E116/><V20/><F93/><N who="3" m="56511" /><G99/><T33/><D33/><U40/><E40/><V90/><F100/><W95/><G95/><T46/><D49/><U70/><E70/><V59/><F59/><AGARI ba="0,0" hai="17,22,23,24,25,30,45,47,51,52,59" m="56511" machi="59" ten="30,2000,0" yaku="8,1,54,1" doraHai="126" who="3" fromWho="2" sc="57,0,401,0,180,-20,362,20" /><INIT seed="5,0,0,4,0,65" ten="57,401,160,382" oya="1" hai0="37,102,16,42,2,5,106,118,23,51,33,131,14" hai1="12,30,41,79,72,105,26,121,122,17,92,89,130" hai2="39,28,58,4,9,88,100,85,83,55,31,68,50" hai3="104,62,126,124,109,128,67,66,87,43,44,117,10"/><U81/><E105/><V113/><F39/><W114/><G104/><T15/><D37/><U120/><E41/><V97/><F113/><W98/><G98/><T135/><D118/><U99/><E130/><V57/><F57/><W108/><G10/><T103/><D106/><U20/><REACH who="1" step="1"/><E121/><REACH who="1" step="2"/><V123/><F123/><W45/><G128/><T125/><D131/><U29/><E29/><V80/><F31/><W64/><G117/><T71/><D42/><U75/><E75/><V22/><F28/><W132/><G114/><T127/><D125/><N who="3" m="48233" /><G132/><T18/><D127/><U8/><AGARI ba="0,1" hai="8,12,17,20,26,30,72,79,81,89,92,99,120,122" machi="8" ten="20,7800,0" yaku="1,1,0,1,7,1,53,1" doraHai="65" doraHaiUra="94" who="1" fromWho="1" sc="57,-26,391,88,160,-26,382,-26" /><INIT seed="5,1,0,4,0,26" ten="31,479,134,356" oya="1" hai0="63,50,100,83,33,78,99,97,60,102,9,5,130" hai1="67,6,43,48,28,92,118,82,39,120,90,126,73" hai2="42,93,10,115,18,56,119,4,17,0,127,47,31" hai3="29,15,68,30,46,34,132,124,41,12,95,88,108"/><U134/><E39/><V24/><F119/><W128/><G68/><T54/><D33/><U61/><E120/><V96/><F127/><W89/><G34/><T112/><D83/><U38/><E38/><V66/><F115/><W104/><G104/><T131/><D9/><U14/><E118/><V116/><F116/><W7/><G108/><T45/><D78/><U55/><E43/><V57/><F57/><W75/><G75/><T27/><D27/><U121/><E121/><V113/><F113/><W77/><G124/><T85/><D5/><U36/><E36/><V2/><F2/><W23/><G77/><T107/><D85/><U69/><E82/><V32/><F56/><W40/><G132/><T1/><D1/><U58/><E73/><V86/><F86/><W37/><G128/><T105/><REACH who="0" step="1"/><D112/><REACH who="0" step="2"/><U59/><E126/><V44/><F18/><N who="3" m="10695" /><G37/><T3/><D3/><U22/><E6/><V101/><F66/><W64/><G64/><T76/><D76/><U19/><E134/><V11/><F11/><N who="3" m="4607" /><G89/><T117/><D117/><U51/><E90/><V80/><F80/><W65/><G65/><T16/><D16/><U98/><E98/><V91/><F17/><W35/><G35/><T110/><D110/><U74/><E74/><V94/><F91/><W111/><G111/><T135/><D135/><U20/><E67/><V123/><F123/><W25/><G25/><T53/><D53/><U52/><E55/><V49/><F94/><W125/><G125/><T71/><D71/><U62/><E69/><V103/><F103/><W72/><G72/><T81/><D81/><RYUUKYOKU ba="1,1" sc="21,15,479,-15,134,15,356,-15" hai0="45,50,54,60,63,97,99,100,102,105,107,130,131" hai2="0,4,10,24,31,32,42,44,47,49,93,96,101" /><INIT seed="6,2,1,1,3,110" ten="36,464,149,341" oya="2" hai0="24,87,109,128,63,62,124,100,69,58,83,27,46" hai1="56,93,4,74,25,13,59,23,49,135,16,112,123" hai2="40,1,36,61,113,53,60,28,35,47,65,78,126" hai3="54,91,106,12,10,6,15,125,0,133,22,132,122"/><V45/><F28/><W33/><G106/><T79/><D69/><U21/><E74/><V34/><F1/><W119/><G91/><T66/><D109/><U105/><E105/><V37/><F78/><W76/><G76/><T2/><D2/><U18/><E4/><V96/><F96/><W118/><G54/><T9/><D9/><U52/><E123/><V44/><F35/><W41/><G41/><T43/><D128/><U7/><E7/><V134/><F34/><W70/><G70/><T89/><D124/><U5/><E5/><V120/><F120/><W57/><G57/><T108/><D108/><U130/><E130/><V94/><F94/><W39/><G39/><N who="2" m="14921" /><F126/><W11/><G33/><T84/><D63/><U19/><E93/><V95/><F95/><W117/><G125/><T68/><D100/><U101/><E101/><V116/><F116/><W86/><G86/><T67/><D67/><U30/><E135/><N who="3" m="51786" /><G122/><T8/><D68/><U131/><E131/><V17/><F17/><N who="3" m="10535" /><G10/><T114/><D8/><U85/><E85/><V127/><F127/><W75/><G75/><T20/><D87/><U51/><E19/><V99/><F99/><W31/><G31/><T42/><D79/><U90/><E90/><V88/><F88/><W14/><AGARI ba="2,1" hai="0,6,11,14,15,117,118,119" m="10535,51786" machi="14" ten="40,5200,0" yaku="20,1,34,2" doraHai="110" who="3" fromWho="3" sc="36,-15,464,-15,149,-28,341,68" /><INIT seed="7,0,0,5,4,30" ten="21,449,121,409" oya="3" hai0="115,62,107,46,102,53,3,34,79,38,37,86,87" hai1="116,23,41,61,25,54,29,45,63,80,2,77,70" hai2="122,118,9,39,17,113,94,108,59,15,125,4,91" hai3="89,105,43,121,111,134,51,100,132,129,93,103,55"/><W104/><G43/><T95/><D62/><U69/><E2/><V31/><F39/><W14/><G14/><T133/><D46/><U26/><E69/><V49/><F118/><W101/><G55/><T124/><D95/><U66/><E116/><V22/><F108/><W109/><G121/><T119/><D53/><U16/><E54/><N who="2" m="32207" /><F125/><W8/><G51/><T60/><D60/><U42/><E61/><V33/><F113/><W96/><G8/><T71/><D102/><U7/><E7/><V114/><F114/><W67/><G67/><T20/><D20/><U65/><E66/><V52/><F52/><W18/><G18/><T24/><D24/><U28/><E28/><V128/><F128/><W126/><G129/><T44/><D44/><U88/><E88/><V81/><F81/><W72/><G72/><T5/><D87/><U48/><E42/><V21/><F122/><W10/><G10/><T135/><D86/><U99/><E99/><N who="2" m="57823" /><F33/><W58/><G58/><T84/><D84/><U76/><E80/><V56/><F56/><W11/><G11/><T35/><D34/><AGARI ba="0,0" hai="16,23,25,26,29,34,41,45,48,63,65,70,76,77" machi="34" ten="30,3900,0" yaku="7,1,52,1,54,1" doraHai="30" who="1" fromWho="0" sc="21,-39,449,39,121,0,409,0" owari="-18,-52,488,59,121,-28,409,21" /></mjloggm>