<mjloggm ver="2.3"><GO type="41"/><UN n0="%E3%82%A6%E3%83%AB%E3%83%88%E3%83%A9%E7%AB%8B%E7%9B%B4" n1="%73%75%6D%32%32%35%35" n2="%73%68%6F%77%6A%69%6E%67" n3="%E3%81%93%E3%82%8B%E3%81%A8%5F" dan="14,15,14,13" rate="1916,1978,1984,1901" sx="M,M,M,M"/><TAIKYOKU oya="0"/><INIT seed="0,0,0,5,1,100" ten="250,250,250,250" oya="0" hai0="108,30,58,83,124,74,42,122,114,126,15,45,82" hai1="10,41,107,89,2,68,121,19,90,101,92,53,1" hai2="32,34,11,75,27,105,6,66,94,65,78,0,95" hai3="131,110,67,28,12,24,18,40,117,26,112,135,81"/><T102/><D122/><U46/><E68/><V130/><F130/><W62/><G112/><T22/><D114/><U38/><E121/><V111/><F111/><W85/><G117/><T43/><D108/><U21/><E89/><V120/><F120/><W84/><G110/><T49/><D43/><U76/><E76/><V129/><F129/><W104/><G131/><T5/><D74/><U113/><E10/><V36/><F34/><W103/><G135/><T106/><D58/><U123/><E123/><V77/><F78/><W69/><G40/><T17/><D30/><U60/><E113/><V70/><F36/><W4/><G4/><T116/><D5/><U125/><E125/><N who="0" m="48233" /><D116/><U99/><E60/><N who="2" m="40231" /><F94/><W55/><G55/><T79/><D79/><U52/><E1/><V23/><F23/><W48/><G48/><T115/><D115/><U37/><E2/><V20/><F20/><W73/><G73/><T72/><D72/><U3/><E3/><V50/><F66/><W56/><G28/><T80/><D102/><U9/><E9/><V13/><F0/><W51/><G84/><T87/><D87/><U35/><E35/><V57/><F75/><W109/><G109/><T63/><D63/><U25/><E37/><V132/><F77/><W88/><G51/><T91/><D91/><U133/><REACH who="1" step="1"/><E133/><REACH who="1" step="2"/><V127/><F132/><W39/><G69/><T31/><D31/><U97/><AGARI ba="0,1" hai="19,21,25,38,41,46,52,53,90,92,97,99,101,107" machi="97" ten="20,12000,2" yaku="1,1,2,1,0,1,7,1,52,1,54,1,53,0" doraHai="100" doraHaiUra="118" who="1" fromWho="1" sc="250,-60,240,130,250,-30,250,-30" /><INIT seed="1,0,0,3,5,58" ten="190,370,220,220" oya="1" hai0="46,78,73,44,50,32,96,105,9,63,116,81,69" hai1="37,19,123,25,40,39,34,133,135,79,76,1,12" hai2="107,110,33,108,11,129,102,52,59,27,90,7,80" hai3="87,20,55,112,115,30,117,21,97,106,49,111,120"/><U6/><E40/><V36/><F36/><W77/><G120/><T57/><D116/><U51/><E51/><V64/><F64/><W114/><G111/><N who="2" m="42537" /><F129/><W65/><G117/><T14/><D32/><U127/><E123/><V130/><F130/><W17/><G30/><T94/><D105/><U4/><E127/><V84/><F107/><W53/><G65/><T118/><D118/><U26/><E1/><V43/><F43/><W60/><G106/><T91/><D69/><U125/><E125/><V92/><F102/><W128/><G128/><T89/><D89/><U22/><E34/><V104/><F104/><W126/><G126/><T82/><D50/><U2/><E2/><N who="2" m="503" /><F27/><N who="1" m="10249" /><E79/><V3/><F3/><W74/><G74/><T54/><REACH who="0" step="1"/><D81/><REACH who="0" step="2"/><U99/><E76/><V101/><F33/><W131/><G131/><T71/><D71/><U5/><E99/><V62/><F101/><W41/><G97/><T13/><D13/><U70/><E70/><V109/><F109/><W18/><G77/><T31/><D31/><U56/><E39/><V75/><F75/><W93/><G112/><T68/><D68/><U16/><E37/><V121/><F121/><W95/><G114/><T61/><D61/><U124/><E124/><V85/><F80/><W38/><G38/><T35/><D35/><U72/><E72/><V122/><F122/><W47/><G115/><T100/><D100/><U29/><E29/><V0/><F0/><W10/><G60/><T48/><D48/><U103/><E103/><V83/><F83/><W67/><G49/><T88/><D88/><U24/><E56/><RYUUKYOKU ba="0,1" sc="180,10,370,10,220,10,220,-30" hai0="9,14,44,46,54,57,63,73,78,82,91,94,96" hai1="4,5,6,12,16,19,22,24,133,135" hai2="52,59,62,84,85,90,92" /><INIT seed="1,1,1,4,5,97" ten="190,380,230,190" oya="1" hai0="88,84,44,129,37,5,103,1,20,32,112,130,65" hai1="94,127,109,67,105,21,102,73,8,128,50,29,134" hai2="99,26,14,93,98,86,39,58,116,133,19,123,43" hai3="7,15,78,70,135,23,9,77,82,38,125,36,35"/><U56/><E73/><V40/><F123/><W66/><G35/><T34/><D65/><U31/><E105/><V124/><F116/><W18/><G135/><T83/><D112/><U48/><E134/><V25/><F133/><W121/><G121/><T2/><D32/><U132/><E132/><V106/><F124/><W126/><G66/><T47/><D34/><U45/><E127/><N who="3" m="48650" /><G70/><T27/><D103/><U55/><E128/><N who="0" m="49257" /><D5/><U75/><E75/><V60/><F106/><W52/><G82/><T110/><D110/><U101/><E8/><V74/><F74/><W69/><G69/><T54/><D54/><N who="1" m="29967" /><E109/><V64/><F39/><W10/><G38/><T89/><D89/><U68/><E68/><V131/><F131/><W57/><G36/><T114/><D114/><U100/><E67/><V4/><F4/><W28/><G9/><T80/><D80/><U62/><E62/><V22/><F86/><W59/><G59/><T12/><D12/><U79/><E79/><V71/><F99/><W111/><G111/><T42/><D44/><U16/><E94/><V95/><F93/><W17/><G28/><AGARI ba="1,1" hai="1,2,20,27,28,37,42,47,83,84,88" m="49257" machi="28" ten="30,2000,0" yaku="19,1,54,1" doraHai="97" who="0" fromWho="3" sc="190,33,380,0,230,0,190,-23" /><INIT seed="2,0,0,5,2,118" ten="223,380,230,167" oya="2" hai0="110,51,40,127,35,46,134,115,120,64,21,36,92" hai1="14,26,117,126,16,132,50,3,107,94,6,85,17" hai2="90,106,67,82,45,73,19,114,10,33,41,56,119" hai3="2,43,83,4,87,49,116,74,131,99,81,125,91"/><V65/><F119/><W42/><G116/><T84/><D35/><U54/><E107/><V66/><F114/><W8/><G74/><T47/><D84/><U89/><E117/><V20/><F106/><W133/><G131/><T7/><D92/><U0/><E126/><V86/><F33/><W112/><G125/><T102/><D21/><U88/><E132/><V72/><F10/><W71/><G71/><T24/><D24/><U103/><E103/><V23/><F23/><W76/><G133/><T38/><D7/><U25/><E0/><V52/><F45/><W78/><G112/><T11/><D11/><N who="1" m="4471" /><E3/><V13/><REACH who="2" step="1"/><F41/><REACH who="2" step="2"/><W30/><G42/><N who="0" m="22855" /><D102/><U27/><E89/><V15/><F15/><W122/><G43/><T124/><D115/><U18/><E18/><V97/><F97/><W39/><G99/><T128/><D134/><U62/><E17/><V37/><F37/><W63/><G39/><T57/><D127/><U98/><E98/><V75/><F75/><W60/><G91/><T77/><D124/><U1/><E1/><V108/><F108/><W96/><G96/><T53/><D77/><U48/><E16/><V55/><F55/><W70/><G30/><T111/><D128/><U32/><E32/><V101/><F101/><W93/><G76/><T61/><D120/><U95/><E54/><V22/><F22/><W135/><G122/><T44/><AGARI ba="0,1" hai="38,40,44,47,51,53,57,61,64,110,111" m="22855" machi="44" ten="30,2000,0" yaku="34,2" doraHai="118" who="0" fromWho="0" sc="223,30,380,-5,220,-10,167,-5" /><INIT seed="3,0,0,5,1,45" ten="253,375,210,162" oya="3" hai0="4,2,5,127,50,93,58,52,106,113,11,9,43" hai1="99,66,25,47,79,87,114,133,67,44,30,56,118" hai2="1,12,16,32,83,126,29,27,41,36,94,15,21" hai3="111,122,62,105,132,70,55,112,24,115,37,71,8"/><W78/><G122/><T110/><D106/><U109/><E99/><V119/><F119/><W35/><G105/><T90/><D113/><U39/><E114/><V54/><F126/><W57/><G37/><T102/><D127/><U20/><E109/><V100/><F1/><W84/><G132/><T91/><D110/><U108/><E108/><V95/><F83/><W34/><G111/><T46/><D102/><U117/><E39/><V73/><F73/><W0/><G0/><T38/><D93/><U121/><E121/><V13/><F36/><W116/><G116/><N who="1" m="44650" /><E133/><V101/><F41/><W89/><G78/><T96/><REACH who="0" step="1"/><D96/><REACH who="0" step="2"/><U53/><E79/><V49/><F100/><W129/><G115/><T60/><D60/><U85/><E87/><V86/><F101/><W104/><G112/><T26/><D26/><U40/><E85/><V31/><F95/><W80/><G104/><T17/><D17/><U18/><E18/><V82/><F31/><W81/><G81/><T51/><D51/><N who="1" m="27015" /><E30/><V61/><F61/><W125/><G125/><T69/><D69/><U75/><E25/><V76/><REACH who="2" step="1"/><F94/><REACH who="2" step="2"/><W33/><G71/><T123/><D123/><U92/><E92/><V3/><F3/><AGARI ba="0,2" hai="2,3,4,5,9,11,38,43,46,50,52,58,90,91" machi="3" ten="30,8000,1" yaku="1,1,7,1,9,1,52,1,54,1,53,0" doraHai="45" doraHaiUra="14" who="0" fromWho="2" sc="243,100,375,0,200,-80,162,0" /><INIT seed="4,0,0,2,3,22" ten="343,375,120,162" oya="0" hai0="18,5,120,89,117,1,39,36,93,29,31,79,87" hai1="108,105,3,0,103,90,63,6,61,19,102,112,60" hai2="43,58,129,59,11,34,128,91,64,24,135,92,49" hai3="86,110,52,100,127,13,77,121,7,114,109,35,99"/><T116/><D120/><U38/><E38/><V74/><F74/><W8/><G35/><T94/><D79/><U53/><E108/><V88/><F135/><W67/><G114/><T47/><D5/><U82/><E112/><V101/><F11/><W30/><G67/><T81/><D1/><U12/><E6/><V122/><F122/><W4/><G121/><T23/><D39/><U72/><E53/><V131/><F101/><W56/><G30/><T119/><D31/><U66/><E66/><V124/><F124/><W83/><G127/><T75/><D29/><U16/><E105/><V28/><F91/><W46/><G46/><T65/><D75/><U57/><E57/><V54/><F43/><W133/><G133/><T9/><D9/><U51/><E51/><V85/><F64/><W20/><G20/><T32/><D32/><U106/><E106/><V2/><F2/><N who="1" m="553" /><E72/><V96/><F96/><W14/><G14/><T123/><D123/><U111/><E111/><V68/><F59/><W84/><G84/><T95/><D65/><U55/><E55/><V97/><F97/><W42/><G42/><T70/><D70/><AGARI ba="0,0" hai="24,28,34,49,54,58,68,70,85,88,92,128,129,131" machi="70" ten="40,5200,0" yaku="19,1,52,1,54,1" doraHai="22" who="2" fromWho="0" sc="343,-52,375,0,120,52,162,0" /><INIT seed="5,0,0,3,3,30" ten="291,375,172,162" oya="1" hai0="44,109,48,95,43,130,90,55,29,104,102,132,23" hai1="12,14,37,2,100,72,83,98,108,127,1,52,28" hai2="6,33,5,77,114,62,21,107,124,80,84,78,4" hai3="54,17,53,56,119,94,125,97,134,131,46,9,71"/><U67/><E37/><V81/><F107/><W26/><G71/><T47/><D109/><U126/><E67/><V18/><F124/><N who="1" m="47657" /><E28/><V49/><F114/><W8/><G125/><T111/><D111/><U74/><E108/><V27/><F62/><W35/><G134/><T110/><D110/><U61/><E83/><V3/><F3/><N who="1" m="1033" /><E12/><V115/><F115/><W123/><G123/><T88/><D132/><U41/><E41/><V120/><F120/><W19/><G131/><T99/><D130/><U106/><E14/><V39/><F39/><W69/><G69/><T36/><REACH who="0" step="1"/><D104/><REACH who="0" step="2"/><U73/><E73/><V68/><F68/><W89/><G119/><T64/><D64/><U59/><AGARI ba="0,1" hai="52,59,61,72,74,98,100,106" m="1033,47657" machi="59" ten="40,3900,0" yaku="18,1,54,1" doraHai="30" who="1" fromWho="1" sc="281,-13,375,49,172,-13,162,-13" /><INIT seed="5,1,0,2,3,22" ten="268,424,159,149" oya="1" hai0="84,100,81,23,111,5,33,14,121,18,26,6,101" hai1="73,15,97,54,131,107,109,38,41,113,48,98,4" hai2="126,76,31,8,105,20,127,45,36,89,9,25,50" hai3="79,27,91,116,104,57,99,40,60,35,3,96,43"/><U64/><E73/><V16/><F36/><W42/><G3/><T10/><D111/><U120/><E120/><V95/><F105/><W110/><G110/><T108/><D108/><U21/><E109/><V1/><F76/><W56/><G79/><T130/><D130/><U0/><E0/><V58/><F1/><W30/><G116/><T118/><D118/><U55/><E131/><V62/><F31/><W70/><G70/><T49/><D121/><U2/><E2/><V115/><F115/><W46/><G46/><T123/><D123/><U71/><E113/><V29/><F29/><W129/><G129/><T69/><D69/><U68/><E107/><V122/><F122/><W11/><G11/><T133/><D133/><U78/><E71/><V13/><F45/><W72/><G72/><T135/><D135/><U134/><E134/><V24/><F24/><W94/><G60/><T53/><D33/><U75/><E38/><V82/><F82/><W83/><G83/><T61/><D61/><U19/><E4/><V74/><F74/><W85/><G104/><T106/><D5/><U132/><E132/><V80/><F80/><W92/><G85/><T67/><D67/><U125/><E75/><V32/><F50/><W28/><G28/><T65/><D65/><U87/><E41/><V114/><F114/><W77/><G77/><T112/><D112/><U52/><E48/><V103/><F32/><W47/><G47/><N who="0" m="27839" /><D106/><U39/><E39/><V102/><F62/><W34/><G34/><T86/><D81/><N who="1" m="47543" /><E125/><V17/><F126/><W117/><G117/><T59/><D59/><RYUUKYOKU ba="1,0" sc="268,10,424,10,159,-30,149,10" hai0="6,10,14,18,23,26,84,86,100,101" hai1="15,19,21,52,54,55,64,68,97,98" hai3="27,30,35,40,42,43,56,57,91,92,94,96,99" /><INIT seed="5,2,0,2,2,1" ten="278,434,129,159" oya="1" hai0="54,42,125,68,0,76,83,56,100,64,9,49,112" hai1="48,7,122,6,10,92,132,117,13,77,4,131,113" hai2="17,22,19,78,34,35,60,118,75,51,98,50,109" hai3="105,8,47,32,65,128,43,33,3,72,66,44,111"/><U59/><E77/><V63/><F118/><W15/><G105/><T85/><D125/><U103/><E117/><V108/><F98/><W110/><G3/><T114/><D100/><U14/><E122/><V25/><F78/><W57/><G72/><T120/><D120/><U21/><E113/><V130/><F25/><W26/><G128/><T24/><D24/><U37/><E37/><V86/><F86/><W36/><G44/><T91/><D42/><U31/><E132/><V11/><F22/><W79/><G79/><T123/><D123/><U27/><E131/><V96/><F96/><W61/><G66/><T20/><D20/><U94/><E103/><V124/><F130/><W2/><G2/><T90/><D64/><U29/><E29/><V121/><F11/><W88/><G33/><T87/><D68/><U45/><E59/><V134/><F121/><W41/><G26/><T115/><REACH who="0" step="1"/><D87/><REACH who="0" step="2"/><U55/><E14/><V82/><F75/><W40/><G32/><T95/><D95/><AGARI ba="2,1" hai="4,6,7,10,13,21,27,31,45,48,55,92,94,95" machi="95" ten="40,12000,1" yaku="8,1,52,3" doraHai="1" who="1" fromWho="0" sc="268,-126,434,136,129,0,159,0" /><INIT seed="5,3,0,4,0,10" ten="142,570,129,159" oya="1" hai0="53,123,125,115,77,17,83,114,21,103,41,28,36" hai1="58,25,124,96,19,90,11,33,5,3,66,131,94" hai2="44,88,81,113,8,13,31,107,104,82,74,129,15" hai3="50,26,18,4,100,35,135,73,106,110,72,128,14"/><U24/><E33/><V65/><F31/><W86/><G110/><T60/><D123/><U30/><E131/><V62/><F129/><W61/><G128/><T34/><D103/><U92/><E124/><V87/><F113/><N who="0" m="43018" /><D125/><U98/><E19/><V67/><F44/><W97/><G135/><T68/><D41/><U95/><E92/><V12/><F8/><W99/><G4/><T84/><D36/><U112/><E112/><V27/><F27/><W91/><G99/><T42/><D42/><U7/><E30/><V101/><F101/><W121/><G121/><T23/><D34/><U2/><E2/><V38/><F38/><W79/><G79/><T40/><D40/><U93/><E93/><V109/><F109/><W9/><G35/><T133/><D133/><U108/><E108/><V75/><F75/><W47/><G61/><T55/><D28/><U111/><E111/><V59/><REACH who="2" step="1"/><F65/><REACH who="2" step="2"/><W80/><G26/><N who="0" m="14639" /><D23/><U39/><E39/><V52/><F52/><AGARI ba="3,1" hai="9,14,18,47,50,52,72,73,80,86,91,97,100,106" machi="52" ten="30,8000,1" yaku="7,1,25,2,52,1,54,1" doraHai="10" who="3" fromWho="2" sc="142,0,570,0,119,-89,159,99" /><INIT seed="6,0,0,4,5,84" ten="142,570,30,258" oya="2" hai0="28,68,97,107,9,113,127,13,50,30,70,17,63" hai1="119,62,125,110,25,104,78,118,58,27,111,121,116" hai2="37,108,98,85,21,0,52,79,103,109,74,6,57" hai3="123,44,41,5,59,81,35,66,24,47,16,54,4"/><V65/><F37/><W18/><G123/><T91/><D127/><U38/><E104/><V33/><F33/><W34/><G66/><T112/><D70/><U12/><E78/><V64/><F74/><W92/><G24/><T87/><D97/><U122/><E12/><V55/><F55/><W94/><G41/><T53/><D107/><U86/><E38/><V130/><F130/><W131/><G131/><T22/><D63/><U83/><E125/><V72/><F72/><W40/><G40/><T120/><D68/><U45/><E45/><V26/><F6/><W51/><G81/><T106/><D106/><U20/><E25/><V134/><F0/><W117/><G59/><T76/><D76/><U82/><E82/><N who="2" m="47327" /><F134/><W128/><G128/><T90/><D120/><N who="1" m="46187" /><E20/><V96/><F103/><W105/><G105/><T19/><D87/><U102/><E27/><V135/><F135/><W67/><G67/><N who="2" m="25673" /><F109/><W61/><G61/><T39/><D39/><U42/><E102/><V115/><F115/><N who="0" m="44106" /><D53/><N who="1" m="34127" /><E42/><V95/><F95/><W77/><G54/><T8/><D50/><U3/><E3/><V133/><F133/><W48/><G77/><T101/><D101/><U99/><E111/><V89/><F108/><W132/><G132/><T126/><D126/><U71/><E110/><V1/><F1/><W124/><G124/><T29/><D19/><U100/><E71/><V14/><F14/><W36/><G36/><T43/><D43/><U88/><E119/><AGARI ba="0,0" hai="4,5,16,18,34,35,44,47,48,51,92,94,117,119" machi="119" ten="25,3200,0" yaku="22,2,54,1" doraHai="84" who="3" fromWho="1" sc="142,0,570,-32,30,0,258,32" /><INIT seed="7,0,0,4,1,69" ten="142,538,30,290" oya="3" hai0="93,134,88,124,103,95,52,45,87,18,126,99,68" hai1="105,5,133,113,4,78,40,122,6,102,60,21,75" hai2="77,114,101,66,49,22,109,70,85,34,13,26,98" hai3="96,7,32,61,128,24,86,20,104,30,116,67,56"/><W44/><G116/><T65/><D65/><U50/><E60/><V110/><F114/><W12/><G128/><T36/><D68/><U130/><E122/><V135/><F135/><W16/><G44/><T83/><D18/><U46/><E133/><V80/><F13/><W47/><G47/><T23/><D23/><U63/><E113/><V97/><F98/><W37/><G86/><T74/><D134/><U41/><E130/><V35/><F35/><W89/><G7/><T123/><D123/><U132/><E132/><V107/><F49/><W55/><G37/><T72/><D52/><U14/><E102/><V28/><REACH who="2" step="1"/><F22/><REACH who="2" step="2"/><W38/><G38/><T42/><D126/><U131/><E131/><V59/><F59/><W82/><G104/><T31/><D124/><U112/><E105/><V91/><F91/><W90/><G96/><T111/><D111/><U62/><E112/><V51/><F51/><W27/><G27/><T106/><D72/><U33/><E33/><V118/><F118/><W43/><G43/><T119/><D119/><U53/><E75/><V8/><F8/><W10/><G32/><T64/><D64/><U92/><E78/><V129/><F129/><W84/><G90/><T108/><D108/><U73/><E73/><V11/><F11/><W117/><G117/><T17/><D74/><U120/><E120/><V127/><F127/><W57/><G57/><T54/><D88/><U3/><E3/><V94/><F94/><W76/><G89/><T2/><D93/><U19/><E92/><V121/><F121/><W71/><G71/><T39/><D95/><RYUUKYOKU ba="0,1" sc="142,-30,538,10,20,10,290,10" hai1="4,5,6,14,19,21,40,41,46,50,53,62,63" hai2="26,28,34,66,70,77,80,85,97,101,107,109,110" hai3="10,12,16,20,24,30,55,56,61,67,76,82,84" /><INIT seed="7,1,1,5,4,58" ten="112,548,30,300" oya="3" hai0="61,75,57,106,73,124,5,105,132,46,15,49,53" hai1="9,1,78,3,133,99,68,102,79,89,41,36,111" hai2="76,40,20,85,67,17,129,24,118,18,121,35,47" hai3="22,97,48,86,39,107,116,56,38,94,127,34,33"/><W70/><G116/><T108/><D108/><U98/><E89/><V29/><F118/><W25/><G70/><T0/><D0/><U82/><E79/><V66/><F121/><W126/><G107/><T11/><D124/><N who="3" m="47657" /><G86/><T28/><D132/><U130/><E99/><V119/><F119/><W83/><G83/><T112/><D112/><U113/><E111/><V74/><F74/><W80/><G80/><T10/><D75/><N who="1" m="43359" /><E113/><V96/><F129/><W2/><G2/><T122/><D122/><U13/><E13/><V65/><F96/><W90/><G48/><T91/><D73/><U123/><E123/><V44/><F76/><W69/><G69/><T6/><D28/><U55/><E55/><V93/><F35/><N who="3" m="13323" /><G56/><T62/><D105/><N who="1" m="63703" /><E68/><V42/><F85/><W51/><G51/><T109/><D106/><U4/><E1/><V12/><F93/><W71/><G71/><T27/><D109/><U103/><E103/><V101/><F101/><W110/><G110/><T100/><D100/><U45/><E130/><V64/><N who="2" m="16384" /><DORA hai="31" /><V32/><REACH who="2" step="1"/><F18/><AGARI ba="1,1" hai="18,22,25,38,39,90,94,97" m="13323,47657" machi="18" ten="30,11600,0" yaku="18,1,52,3" doraHai="58,31" who="3" fromWho="2" sc="112,0,548,0,30,-119,300,129" owari="112,-29,548,65,-89,-59,429,23" /></mjloggm>