<mjloggm ver="2.3"><GO type="97"/><UN n0="%E6%9C%A8%E7%B6%BF%E8%B1%86%E8%85%90" n1="%E3%82%A6%E3%83%AB%E3%83%88%E3%83%A9%E7%AB%8B%E7%9B%B4" n2="%E3%82%BB%E3%82%A4%E3%82%BB%E3%82%AD" n3="%E3%82%8B%E3%81%84" dan="14,13,13,15" rate="1828,1820,1942,1965" sx="F,M,F,M"/><TAIKYOKU oya="0"/><INIT seed="0,0,0,4,2,60" ten="250,250,250,250" oya="0" hai0="120,43,100,13,65,123,26,102,93,89,81,84,62" hai1="74,78,103,82,67,42,133,1,70,31,88,117,15" hai2="44,58,101,112,36,130,134,49,34,9,76,116,86" hai3="56,33,83,25,108,51,23,50,41,122,4,111,90" shuffle="mt19937ar,44CF2C07,C9322FBA,F81A6357,3D57C0A2,4DDE3A8B,2897FD5C,81D44211,D517FE6E,D7078286,E0061057,EFDCB686,AEE08F66,6D1994BA,91C23E4F,26A9C57D,38279F61,DB645DCC,46060031,E4CCAE9F,5BDA8322,AEAAFC14,E7B048B3,2573E1BE,981B806C,6C85625B,C2CA3051,6308C862,AF787AD2,1ECB1B2D,E9E3B6BA,40C292F1,2A98FFAA"/><T8/><D43/><U71/><E1/><V57/><F112/><W77/><G33/><T99/><D102/><U0/><E0/><V35/><F134/><W29/><G122/><T21/><D26/><U92/><E133/><V119/><F36/><W85/><G4/><T64/><D62/><U124/><E124/><V3/><F130/><W40/><G77/><T10/><D10/><U45/><E117/><N who="2" m="45131" /><F101/><W37/><G37/><T80/><D80/><U105/><E31/><V110/><F110/><N who="3" m="42027" /><G56/><T6/><REACH who="0" step="1"/><D21/><REACH who="0" step="2"/><U96/><E15/><V129/><F129/><W2/><G2/><T16/><D16/><U20/><E20/><V132/><F9/><W114/><G114/><T14/><D14/><U48/><REACH who="1" step="1"/><E67/><AGARI ba="0,1" hai="6,8,13,64,65,67,81,84,89,93,99,100,120,123" machi="67" ten="40,12000,1" yaku="1,1,52,3,53,0" doraHai="60" doraHaiUra="131" who="0" fromWho="1" sc="240,130,250,-120,250,0,250,0" /><INIT seed="0,1,0,3,0,18" ten="370,130,250,250" oya="0" hai0="16,121,127,62,52,83,64,99,102,14,40,119,79" hai1="17,86,106,11,116,66,69,101,94,98,95,48,126" hai2="122,33,22,65,128,54,125,74,5,104,107,49,19" hai3="105,76,45,0,10,114,1,111,53,96,47,92,132" shuffle="mt19937ar,4A3D3B4E,B3441B16,AF2B5E3B,3D94DBD2,DD43F781,7921CAAC,8FBD8E5E,AE125EA4,C742E780,3C61F9AA,335C2539,BCFE7C0E,B39C8E3D,DC1111D3,C04D1895,C6D72C4E,163176F3,0D33D264,829E5D85,FABECE9F,344157B1,E859C3C0,C95B5C71,A8522C0D,179F56CD,C9616C2D,F983A904,C0B7F000,AC0346BF,28143936,DB98628A,E2DEB98C"/><T51/><D119/><U73/><E66/><V75/><F122/><W34/><G114/><T25/><D121/><U43/><E69/><V2/><F33/><W120/><G120/><T56/><D40/><U70/><E70/><V36/><F36/><W93/><G34/><T113/><D113/><U46/><E73/><V129/><F125/><W84/><G105/><T7/><D127/><U28/><E126/><V30/><F30/><W81/><G132/><T85/><D7/><U134/><E134/><V87/><F65/><W123/><G123/><T63/><D25/><U68/><E68/><V23/><F74/><W91/><G10/><T115/><D115/><U58/><E116/><V131/><F19/><W112/><G112/><T27/><D27/><U109/><E106/><N who="2" m="40491" /><F75/><W4/><G4/><T9/><D64/><U108/><E28/><V97/><F97/><W3/><G53/><T32/><D32/><U100/><E58/><N who="2" m="33103" /><F87/><W61/><G61/><T124/><D124/><U90/><E101/><V20/><F5/><W26/><G26/><T12/><D99/><U21/><REACH who="1" step="1"/><E11/><REACH who="1" step="2"/><V117/><F117/><W67/><G67/><T55/><D102/><U59/><E59/><V60/><F60/><W35/><G35/><T57/><D51/><U77/><E77/><V41/><F41/><W118/><G118/><T133/><D133/><U6/><E6/><V135/><F135/><W42/><G42/><T71/><D71/><U80/><E80/><V130/><F130/><W13/><G76/><T72/><D72/><U8/><E8/><V82/><F82/><W38/><G81/><RYUUKYOKU ba="1,1" sc="370,10,120,10,250,10,250,-30" hai0="9,12,14,16,52,55,56,57,62,63,79,83,85" hai1="17,21,43,46,48,86,90,94,95,98,100,108,109" hai2="2,20,22,23,128,129,131" /><INIT seed="0,2,1,4,1,17" ten="380,130,260,220" oya="0" hai0="123,90,126,120,21,32,111,91,49,51,23,25,59" hai1="57,30,48,12,133,31,117,130,73,121,122,11,128" hai2="88,13,89,56,127,26,5,58,3,2,85,44,18" hai3="94,46,92,7,42,101,102,38,131,14,65,109,64" shuffle="mt19937ar,65E45062,298C8620,4F946DD9,AAA8770E,C2FC7DF1,72FF8130,D76F27F2,D13D3098,6B35EC98,35A20B90,6A80BD9C,6CDE3F82,78938F0F,B6568C5C,91273E3A,B19DD7C3,B052327E,8C404F8A,153FDF8B,B6B5DD69,78B1B86C,DC9FAFB7,898B06F5,36FF7CDF,F3B3EDFF,6910CC74,B9CB86F9,A64B70A3,3AE029D2,FE063FBD,D94FC72B,13FF883B"/><T104/><D104/><U24/><E57/><V71/><F71/><W68/><G68/><T93/><D126/><U100/><E48/><V103/><F103/><W78/><G131/><N who="1" m="50218" /><E100/><V60/><F127/><W118/><G118/><T81/><D111/><U39/><E39/><V61/><F26/><W63/><G109/><T16/><D32/><U0/><E73/><V22/><F44/><W108/><G108/><T135/><D135/><U113/><E117/><V19/><F5/><W6/><G78/><T72/><D72/><U29/><E0/><V116/><F116/><W124/><G124/><T84/><D59/><U69/><E69/><V36/><F36/><W55/><G55/><T34/><D34/><U80/><E80/><V105/><F105/><W10/><G7/><T125/><D125/><U70/><E70/><V97/><F97/><W96/><REACH who="3" step="1"/><G63/><REACH who="3" step="2"/><T87/><D81/><U86/><E113/><V77/><F61/><W115/><G115/><T33/><D93/><U20/><E86/><V75/><F60/><W79/><G79/><T37/><D87/><U15/><E133/><V129/><F85/><W82/><G82/><T52/><D52/><U99/><E99/><AGARI ba="2,2" hai="6,10,14,38,42,46,64,65,92,94,96,99,101,102" machi="99" ten="40,5200,0" yaku="1,1,9,1,53,1" doraHai="17" doraHaiUra="8" who="3" fromWho="1" sc="380,0,130,-58,260,0,210,78" /><INIT seed="1,0,0,4,2,118" ten="380,72,260,288" oya="1" hai0="24,44,37,8,25,36,126,12,33,112,97,111,2" hai1="11,43,78,23,117,30,34,20,35,9,48,68,26" hai2="122,125,6,116,61,38,22,94,50,120,74,124,85" hai3="52,82,132,60,67,102,21,113,55,0,65,31,92" shuffle="mt19937ar,63467EF2,DDDAC713,C4E379FF,F598D80F,686E8904,B23018EE,FCD3085B,7C7A55BC,61F60059,D5761AFE,D500A343,025D2B74,46184FC7,B1348183,08F99A41,4A5723BF,E166B29D,3A3A8474,7A3D372E,14D6E90F,C6598F95,28E900A8,26ABFD31,B1F8FA0D,3A0E6CF7,1B21FE74,772AA8FE,541F6A46,737370BC,ACB66052,E4F01AF0,7116A43B"/><U86/><E68/><V70/><F116/><W28/><G113/><T47/><D112/><U17/><E117/><V79/><F38/><W10/><G0/><T62/><D2/><U96/><E96/><V121/><F74/><W27/><G132/><T105/><D105/><U69/><E69/><V107/><F107/><W108/><G108/><T51/><D97/><U88/><E78/><V57/><F6/><W40/><G40/><T90/><D90/><U76/><E76/><V19/><F50/><W100/><G10/><N who="1" m="3594" /><E48/><V3/><F3/><W39/><G39/><T45/><D111/><U134/><E43/><V56/><F79/><W135/><G135/><T93/><D93/><U87/><E87/><V54/><F70/><W7/><G7/><T91/><D91/><U5/><E88/><V53/><F85/><W123/><G123/><T13/><D62/><U18/><E86/><V72/><F94/><W130/><G130/><T75/><D75/><U81/><E81/><V49/><REACH who="2" step="1"/><F72/><REACH who="2" step="2"/><W89/><G82/><T127/><D51/><U99/><E99/><V131/><F131/><W42/><G42/><T106/><D106/><U16/><E134/><V73/><F73/><W83/><G83/><T1/><D37/><U109/><E109/><V63/><F63/><W98/><G60/><T41/><D41/><U14/><E5/><V15/><AGARI ba="0,1" hai="15,19,22,49,53,54,56,57,61,120,121,122,124,125" machi="15" ten="40,8000,1" yaku="1,1,0,1,52,3,53,0" doraHai="118" doraHaiUra="128" who="2" fromWho="2" sc="380,-20,72,-40,250,90,288,-20" /><INIT seed="2,0,0,3,2,121" ten="360,32,340,268" oya="2" hai0="103,10,117,78,100,50,112,35,129,99,56,9,47" hai1="128,30,49,71,67,126,6,79,95,76,46,52,89" hai2="12,106,43,66,74,116,85,2,119,58,18,25,132" hai3="80,60,109,55,69,22,14,21,82,102,107,19,123" shuffle="mt19937ar,F027136C,4CB280BF,9B625563,801E4752,8EEF0F23,A5659F83,68AE056D,D8BA0B3D,441C0052,AFCC4516,C1279738,2BBF1C3B,8ECDB42D,39A8BC17,531A8B2A,E30F7FC6,67FA0A23,B6CDABE9,D989FEBD,CCF6AFFD,6E79C708,60EEA774,C4862CA6,8D64CC91,E9CB5D0B,C63EE824,154D833B,03DCEA09,BFAE136E,076F2430,D1CA23F3,6092BDAD"/><V83/><F2/><W84/><G123/><T36/><D112/><U113/><E126/><V16/><F106/><W105/><G69/><T5/><D35/><U86/><E128/><V115/><F115/><W108/><G60/><T40/><D78/><U26/><E113/><V114/><F114/><W72/><G55/><T124/><D129/><U15/><E71/><V75/><F43/><W133/><G133/><T97/><D124/><U62/><E62/><V130/><F130/><W33/><G33/><T37/><D117/><U28/><E67/><V70/><F70/><W122/><G122/><T87/><D87/><U135/><E135/><V81/><F132/><W59/><G59/><T48/><D56/><U90/><E90/><V24/><F58/><W98/><G107/><T131/><D131/><U92/><E92/><V0/><F0/><W125/><G125/><T127/><D127/><U42/><E42/><V134/><F134/><W118/><G118/><T63/><D63/><U7/><E30/><V27/><F85/><W110/><G72/><N who="2" m="27689" /><F12/><W64/><G64/><T53/><D40/><U61/><E61/><V44/><F44/><W41/><G41/><T120/><D120/><U3/><E3/><V31/><F31/><W17/><G84/><T68/><D68/><U111/><E111/><V73/><F66/><W54/><G54/><T65/><D65/><U13/><E13/><AGARI ba="0,0" hai="13,14,17,19,21,22,80,82,98,102,105,108,109,110" machi="13" ten="40,8000,1" yaku="9,1,14,1,52,3" doraHai="121" who="3" fromWho="1" sc="360,0,32,-80,340,0,268,80" owari="360,36,-48,-45,340,-1,348,10" /></mjloggm>