<mjloggm ver="2.3"><GO type="41"/><UN n0="%E3%81%BE%E3%81%9C%E3%82%8D%E3%82%88%E5%8D%B1%E9%99%BA" n1="%68%65%61%72%74%73%40" n2="%E3%83%91%E3%83%B3%E3%83%80" n3="%E3%82%A6%E3%83%AB%E3%83%88%E3%83%A9%E7%AB%8B%E7%9B%B4" dan="13,15,13,14" rate="1890,1930,1872,1924" sx="F,M,M,M"/><TAIKYOKU oya="0"/><INIT seed="0,0,0,3,2,6" ten="250,250,250,250" oya="0" hai0="97,41,111,89,131,93,11,120,123,105,79,16,101" hai1="69,129,17,88,60,66,49,37,67,112,118,121,5" hai2="68,35,52,133,74,102,34,115,48,61,53,77,54" hai3="108,78,1,114,20,71,13,45,59,38,134,25,73"/><T63/><D131/><U103/><E121/><V100/><F115/><W28/><G78/><T32/><D32/><U87/><E118/><V117/><F117/><W127/><G45/><T86/><D41/><U4/><E37/><V91/><F91/><W31/><G59/><T107/><D107/><U30/><E129/><V110/><F110/><W122/><G13/><T7/><D63/><U125/><E112/><V85/><F85/><W15/><G15/><T18/><D111/><U116/><E116/><V82/><F133/><W47/><G20/><T95/><D95/><U135/><E135/><V21/><F21/><W29/><G25/><T26/><D26/><U65/><E30/><V109/><F109/><W43/><G47/><T44/><D44/><U9/><E125/><V46/><F61/><W84/><G43/><T106/><D106/><U57/><E103/><V76/><F68/><W124/><G84/><T70/><D70/><U56/><E69/><V130/><F77/><W51/><G51/><T50/><D50/><U119/><E119/><V12/><F130/><W19/><G19/><T98/><D120/><U58/><E49/><V128/><F128/><W55/><G122/><T42/><D123/><U75/><E75/><V72/><F72/><W80/><G38/><T113/><D79/><U104/><E104/><V39/><F39/><W92/><G71/><T27/><D105/><U2/><E5/><V3/><F48/><W0/><G73/><T96/><D7/><U10/><E60/><V62/><F62/><W81/><G114/><T64/><D86/><U36/><E36/><RYUUKYOKU ba="0,0" sc="250,0,250,0,250,0,250,0" /><INIT seed="1,1,0,5,0,47" ten="250,250,250,250" oya="1" hai0="2,80,132,121,34,116,31,49,10,119,45,75,8" hai1="90,40,7,117,65,71,25,114,33,56,91,72,108" hai2="101,95,79,38,37,74,52,39,115,88,129,82,68" hai3="81,46,54,23,128,77,83,118,130,123,98,92,127"/><U12/><E117/><V48/><F68/><W102/><G123/><T134/><D34/><U35/><E114/><V78/><F115/><W57/><G46/><T27/><D31/><U59/><E72/><V24/><F129/><W100/><G23/><T70/><D70/><U58/><E40/><V20/><F79/><W109/><G54/><T16/><D121/><U62/><E108/><V51/><F101/><W28/><G57/><T64/><D64/><U84/><E25/><V13/><F13/><W87/><G28/><T131/><D131/><N who="3" m="50217" /><G109/><T30/><D30/><U32/><E7/><V94/><F94/><W120/><G120/><T66/><D66/><U5/><E5/><V85/><REACH who="2" step="1"/><F52/><REACH who="2" step="2"/><W53/><G53/><T44/><D116/><U0/><E12/><V4/><F4/><W111/><G111/><T124/><D119/><U76/><E0/><V106/><F106/><W86/><G118/><T63/><D2/><U103/><E103/><V61/><F61/><W15/><G15/><T69/><D63/><U50/><E76/><V55/><F55/><W1/><G1/><T18/><D69/><U89/><REACH who="1" step="1"/><E50/><REACH who="1" step="2"/><V113/><F113/><W9/><G100/><T43/><D49/><U104/><E104/><V21/><F21/><W11/><G11/><T107/><D107/><U19/><E19/><AGARI ba="1,2" hai="19,20,24,37,38,39,48,51,74,78,82,85,88,95" machi="19" ten="40,8000,1" yaku="1,1,52,2,54,1,53,0" doraHai="47" doraHaiUra="42" who="2" fromWho="1" sc="250,0,240,-83,240,103,250,0" /><INIT seed="2,0,0,0,5,46" ten="250,157,343,250" oya="2" hai0="57,17,9,55,96,16,78,129,85,7,94,37,86" hai1="76,109,47,42,80,1,22,63,132,133,61,4,123" hai2="120,104,24,31,25,18,54,34,127,126,13,36,122" hai3="84,49,27,92,103,69,115,32,40,70,68,106,12"/><V50/><F104/><W102/><G106/><T77/><D37/><U74/><E123/><V91/><F36/><W53/><G40/><T8/><D129/><U114/><E114/><V52/><F91/><W111/><G115/><T41/><D41/><U51/><E109/><V64/><F64/><W19/><G111/><T130/><D130/><U93/><E93/><V72/><F54/><W118/><G118/><T2/><D9/><U26/><E4/><V6/><F6/><W67/><G67/><T66/><D66/><U35/><E35/><V112/><F112/><W65/><G65/><T108/><D108/><U135/><REACH who="1" step="1"/><E1/><REACH who="1" step="2"/><V119/><F119/><W81/><G92/><T59/><D94/><U43/><E43/><V89/><F122/><W125/><G32/><T100/><D2/><U107/><E107/><V121/><F120/><W113/><G113/><T30/><D7/><U79/><E79/><V131/><F131/><W124/><G102/><T90/><D77/><U87/><E87/><V45/><F121/><W56/><G103/><T60/><D78/><U15/><E15/><V10/><F72/><W75/><G75/><T95/><D85/><U44/><E44/><V21/><F89/><W29/><G84/><T117/><D86/><U20/><E20/><V82/><F82/><W33/><REACH who="3" step="1"/><G81/><REACH who="3" step="2"/><T14/><D117/><U11/><E11/><AGARI ba="0,2" hai="11,12,19,27,29,33,49,53,56,68,69,70,124,125" machi="11" ten="40,5200,0" yaku="1,1,2,1,52,1,53,0" doraHai="46" doraHaiUra="97" who="3" fromWho="1" sc="250,0,147,-52,343,0,240,72" /><INIT seed="3,0,0,2,1,77" ten="250,95,343,312" oya="3" hai0="59,134,14,47,33,123,36,132,46,61,88,93,31" hai1="25,85,91,75,35,20,101,32,5,133,130,2,129" hai2="13,120,71,44,9,100,78,70,110,118,87,52,8" hai3="54,18,10,22,50,45,76,11,55,65,27,79,131"/><W0/><G131/><T95/><D123/><U84/><E75/><V113/><F118/><W108/><G65/><T23/><D33/><U62/><E133/><N who="0" m="51305" /><D93/><U34/><E62/><V66/><F113/><W28/><G108/><T83/><D83/><N who="1" m="49567" /><E101/><V119/><F119/><W63/><G0/><T40/><D46/><U107/><E107/><V102/><F110/><W15/><G11/><T81/><D81/><U24/><E85/><V90/><F9/><W60/><G60/><T38/><D36/><U126/><E126/><V135/><F78/><W104/><G104/><T41/><D40/><U3/><E5/><V67/><F71/><W30/><G30/><T116/><D116/><U114/><E114/><V124/><F124/><W125/><G125/><T43/><D43/><U7/><E7/><N who="2" m="3231" /><F70/><W121/><G121/><T69/><D69/><U16/><E25/><V12/><F120/><W103/><G103/><N who="2" m="39465" /><F135/><W74/><G74/><T111/><D111/><U26/><E26/><V73/><F12/><W98/><G98/><N who="0" m="57703" /><D14/><U122/><E122/><V57/><F73/><W29/><G29/><T21/><D31/><U94/><E94/><N who="2" m="54623" /><F44/><W39/><G39/><T19/><D47/><U51/><E51/><AGARI ba="0,0" hai="51,52,57,66,67" m="54623,39465,3231" machi="51" ten="30,2000,0" yaku="8,1,54,1" doraHai="77" who="2" fromWho="1" sc="250,0,95,-20,343,20,312,0" /><INIT seed="4,0,0,5,5,132" ten="250,75,363,312" oya="0" hai0="113,115,66,118,7,114,87,108,111,26,130,52,120" hai1="101,18,57,16,95,62,13,122,117,71,55,84,20" hai2="15,36,94,35,86,37,104,109,127,19,27,129,59" hai3="53,107,98,90,70,67,56,68,125,24,43,83,88"/><T44/><D66/><U3/><E122/><V5/><F109/><N who="0" m="42058" /><D7/><U32/><E117/><V75/><F75/><W14/><G14/><T97/><D97/><U73/><E3/><V105/><F129/><W106/><G43/><T133/><D130/><U76/><E73/><V23/><F59/><W91/><G67/><T12/><D133/><U131/><E131/><V41/><F94/><W38/><G38/><T51/><D26/><U89/><E32/><V25/><F86/><W72/><G24/><T40/><D12/><U102/><E71/><V116/><F35/><W128/><G68/><T93/><D120/><U54/><E76/><V82/><F5/><W99/><G70/><T50/><D118/><U103/><REACH who="1" step="1"/><E18/><REACH who="1" step="2"/><V48/><F116/><W100/><G128/><T63/><D113/><U64/><AGARI ba="0,1" hai="13,16,20,54,55,57,62,64,84,89,95,101,102,103" machi="64" ten="30,8000,1" yaku="1,1,2,1,0,1,8,1,54,1,53,0" doraHai="132" doraHaiUra="65" who="1" fromWho="1" sc="250,-40,65,90,363,-20,312,-20" /><INIT seed="5,0,0,5,1,104" ten="210,155,343,292" oya="1" hai0="52,35,39,50,72,108,40,56,100,29,22,54,49" hai1="23,61,67,106,53,120,0,27,134,1,42,117,43" hai2="123,96,32,51,60,15,4,101,45,3,128,85,119" hai3="57,38,112,71,11,37,126,122,55,91,25,36,70"/><U68/><E120/><V21/><F123/><W9/><G25/><T99/><D108/><U109/><E117/><V59/><F119/><W129/><G122/><T114/><D114/><U44/><E109/><V94/><F32/><W89/><G112/><T105/><D40/><U118/><E118/><V92/><F3/><W20/><G20/><T107/><D39/><U12/><E106/><V110/><F110/><W82/><G126/><T131/><D131/><U124/><E124/><V6/><F21/><W125/><G125/><T34/><D107/><U83/><E134/><V78/><F15/><W16/><G129/><T66/><D66/><U31/><E53/><N who="2" m="29935" /><F128/><W2/><G2/><T13/><D72/><U69/><E69/><V93/><F93/><W73/><G73/><T19/><D29/><U10/><E83/><N who="2" m="47351" /><F92/><W48/><G11/><T64/><D64/><AGARI ba="0,0" hai="4,6,59,60,64,94,96,101" m="47351,29935" machi="64" ten="30,1000,0" yaku="8,1" doraHai="104" who="2" fromWho="0" sc="210,-10,155,0,343,10,292,0" /><INIT seed="6,0,0,1,0,118" ten="200,155,353,292" oya="2" hai0="46,115,134,37,39,119,47,69,94,70,72,86,41" hai1="45,12,21,127,15,83,65,30,110,14,3,132,88" hai2="106,61,38,6,71,67,77,74,1,80,124,125,40" hai3="34,7,27,103,76,17,96,64,135,62,59,52,133"/><V20/><F20/><W66/><G7/><T105/><D72/><U108/><E3/><V98/><F98/><W111/><G111/><T57/><D105/><U56/><E132/><V75/><F75/><W33/><G76/><T68/><D94/><U89/><E127/><N who="2" m="48715" /><F106/><W26/><G96/><T97/><D86/><U55/><E110/><V49/><F49/><W120/><G103/><T87/><D97/><U22/><E108/><V117/><F117/><W51/><G17/><T104/><D87/><U85/><E65/><V123/><F40/><W99/><G99/><T10/><D104/><U91/><E45/><N who="0" m="16905" /><D10/><U0/><E0/><V2/><F38/><N who="0" m="14346" /><D119/><U60/><REACH who="1" step="1"/><E30/><REACH who="1" step="2"/><V29/><F29/><W44/><G135/><T19/><D134/><U92/><E92/><V43/><F43/><W81/><G133/><T9/><D41/><U36/><E36/><V114/><F2/><W18/><G81/><T25/><D68/><U53/><E53/><V93/><F93/><W32/><G44/><T48/><D69/><U84/><E84/><V24/><F1/><W5/><G52/><T116/><D70/><U113/><E113/><V101/><F114/><W128/><G64/><T100/><D115/><U126/><E126/><V90/><F67/><W73/><G66/><T54/><D54/><U28/><E28/><V35/><F71/><W13/><G73/><T31/><D31/><U131/><E131/><V95/><F74/><W79/><G128/><T129/><D129/><U109/><E109/><V78/><F95/><W82/><G82/><T107/><D116/><U50/><E50/><RYUUKYOKU ba="0,1" sc="200,-10,145,30,353,-10,292,-10" hai1="12,14,15,21,22,55,56,60,83,85,88,89,91" /><INIT seed="7,1,1,2,5,85" ten="190,175,343,282" oya="3" hai0="35,1,129,30,77,113,59,132,54,92,93,64,134" hai1="29,52,89,127,6,65,46,86,34,99,72,18,3" hai2="0,17,84,78,80,50,94,16,58,67,130,95,12" hai3="74,119,73,88,26,40,133,79,81,107,27,56,124"/><W19/><G107/><T104/><D104/><U20/><E72/><V41/><F0/><W33/><G119/><T32/><D129/><U63/><E127/><V11/><F130/><W10/><G124/><T55/><D77/><U61/><E99/><V39/><F39/><W62/><G40/><T103/><D1/><U122/><E122/><V36/><F36/><W23/><G133/><N who="0" m="51307" /><D113/><U98/><E98/><V2/><F2/><W91/><G73/><T117/><D117/><U131/><E131/><V76/><F76/><W45/><G45/><T120/><D120/><U102/><E102/><V110/><F110/><W114/><G114/><T25/><D35/><U14/><E34/><V53/><F67/><W116/><G116/><T87/><D103/><U31/><E3/><V43/><F17/><W111/><G111/><T125/><D125/><U51/><E6/><V97/><F95/><N who="0" m="36426" /><D87/><U48/><E48/><V60/><F50/><W90/><G10/><T21/><D32/><U5/><E5/><V105/><F105/><W38/><G38/><T69/><D69/><U15/><E15/><V112/><F112/><W70/><G70/><T44/><D25/><U123/><E123/><V28/><F28/><N who="1" m="10825" /><E65/><V83/><F83/><AGARI ba="1,1" hai="14,18,20,46,51,52,61,63,83,86,89" m="10825" machi="83" ten="30,3900,0" yaku="8,1,52,1,54,1" doraHai="85" who="1" fromWho="2" sc="190,0,175,52,343,-42,282,0" owari="190,-31,227,-17,301,40,282,8" /></mjloggm>