<mjloggm ver="2.3"><GO type="41"/><UN n0="%E3%82%AA%E3%83%A9%E3%82%B4%E3%83%B3%E3%82%AF%E3%82%A8%E3%82%B9%EF%BD%94" n1="%E3%82%A4%E3%83%B3%E3%83%86%E3%82%B0%E3%83%A9%E5%B0%91%E4%BD%90" n2="%E3%83%88%E3%83%A9%EF%BC%92" n3="%E3%82%A6%E3%83%AB%E3%83%88%E3%83%A9%E7%AB%8B%E7%9B%B4" dan="13,13,14,15" rate="1976,1836,1896,1977" sx="F,M,M,M"/><TAIKYOKU oya="0"/><INIT seed="0,0,0,3,3,25" ten="250,250,250,250" oya="0" hai0="116,7,42,26,65,66,41,115,110,125,93,124,21" hai1="75,3,103,92,119,122,45,31,43,53,67,52,123" hai2="132,91,76,71,50,108,126,35,68,120,18,134,70" hai3="34,37,19,11,10,14,44,28,86,40,129,16,104"/><T49/><D116/><U47/><E75/><V27/><F120/><W51/><G104/><T6/><D93/><U23/><E3/><V98/><F108/><W29/><G129/><T109/><D115/><U89/><E119/><V20/><F126/><N who="0" m="48746" /><D65/><U58/><E122/><V130/><F76/><W22/><G34/><T17/><D66/><U33/><E33/><V133/><F130/><W48/><G37/><T74/><D74/><U107/><E107/><V131/><F35/><W97/><G97/><T54/><D42/><U105/><E105/><V121/><F131/><W101/><G101/><T81/><D81/><U83/><E123/><V46/><F121/><W117/><G117/><T4/><D41/><U59/><E59/><AGARI ba="0,0" hai="4,6,7,17,21,26,49,54,59,109,110" m="48746" machi="59" ten="40,2000,0" yaku="18,1" doraHai="25" who="0" fromWho="1" sc="250,20,250,-20,250,0,250,0" /><INIT seed="0,1,0,1,0,86" ten="270,230,250,250" oya="0" hai0="123,128,30,55,57,21,1,84,20,38,95,126,50" hai1="11,131,8,24,62,93,15,31,35,0,78,16,73" hai2="18,67,26,132,45,99,70,118,13,120,90,43,82" hai3="134,117,109,41,108,58,5,79,81,48,14,9,87"/><T127/><D123/><U129/><E78/><V25/><F120/><W105/><G117/><T104/><D104/><U76/><E76/><V101/><F118/><W113/><G113/><T56/><D38/><U68/><E68/><V34/><F132/><W44/><G134/><T3/><D56/><U100/><E100/><V97/><F34/><W47/><G105/><T75/><D75/><U27/><E62/><V103/><F67/><W116/><G116/><T49/><D49/><U61/><E61/><V124/><F70/><W60/><REACH who="3" step="1"/><G47/><REACH who="3" step="2"/><T69/><D127/><U121/><E121/><V42/><F124/><W46/><G46/><T102/><D126/><U53/><E93/><V89/><F45/><W130/><G130/><N who="1" m="49674" /><E73/><V114/><F114/><W28/><G28/><T51/><D30/><U6/><E53/><AGARI ba="1,1" hai="5,9,14,41,44,48,53,58,60,79,81,87,108,109" machi="53" ten="40,8000,1" yaku="1,1,25,2,53,1" doraHai="86" doraHaiUra="54" who="3" fromWho="1" sc="270,0,230,-83,250,0,240,93" /><INIT seed="1,0,0,2,3,93" ten="270,147,250,333" oya="1" hai0="97,58,64,47,66,51,23,54,59,131,119,124,121" hai1="55,13,120,39,3,129,79,70,22,89,132,114,25" hai2="99,31,81,105,34,126,40,82,102,27,4,103,67" hai3="91,118,101,53,108,45,98,30,52,128,60,95,112"/><U38/><E120/><V57/><F126/><W49/><G112/><T2/><D2/><U84/><E114/><V135/><F135/><W8/><G118/><T110/><D119/><U87/><E132/><V85/><F103/><W92/><G128/><T0/><D0/><U16/><E129/><V78/><F81/><W65/><G108/><T35/><D35/><U21/><E70/><V76/><F40/><W75/><G75/><T29/><D131/><U80/><E3/><V48/><F4/><W71/><G8/><T73/><D73/><U90/><E79/><V14/><F14/><W109/><G109/><T83/><D110/><U43/><E55/><V5/><F5/><W20/><G20/><T94/><D83/><U17/><REACH who="1" step="1"/><E43/><REACH who="1" step="2"/><V96/><F67/><W63/><G53/><T104/><D121/><U42/><E42/><V44/><F44/><W32/><G65/><T6/><D66/><U10/><E10/><V24/><F57/><W28/><G71/><T62/><D59/><U125/><E125/><V88/><F48/><W50/><G50/><T123/><D124/><U74/><E74/><V9/><F9/><W69/><G69/><T116/><D123/><U106/><E106/><V33/><F105/><W100/><G63/><T77/><D104/><U11/><E11/><V133/><F133/><W113/><G60/><T111/><D62/><U19/><E19/><V72/><F72/><W127/><G127/><T36/><D64/><U86/><E86/><V134/><F134/><W122/><G122/><T12/><D51/><U61/><E61/><V15/><F76/><RYUUKYOKU ba="0,1" sc="270,-10,137,30,250,-10,333,-10" hai1="13,16,17,21,22,25,38,39,80,84,87,89,90" /><INIT seed="1,1,1,4,1,74" ten="260,167,240,323" oya="1" hai0="24,59,87,53,12,40,75,86,108,28,33,88,117" hai1="23,29,25,132,19,134,0,58,55,9,113,6,35" hai2="49,123,66,106,122,89,68,118,111,44,1,81,82" hai3="69,97,36,10,45,51,15,109,133,90,116,20,47"/><U100/><E100/><V112/><F1/><W38/><G69/><T52/><D75/><U30/><E58/><V70/><F106/><W130/><G116/><T92/><D117/><U17/><E55/><V93/><F118/><W105/><G20/><T63/><D40/><U101/><E101/><V2/><F111/><W129/><G109/><T115/><D108/><U16/><E113/><V56/><F2/><W14/><G105/><T120/><D120/><U42/><E42/><V43/><F112/><W76/><G133/><N who="1" m="51306" /><E30/><V3/><F3/><W54/><G97/><T107/><D107/><U32/><AGARI ba="1,1" hai="0,6,9,16,17,19,23,25,29,32,35" m="51306" machi="32" ten="40,12000,1" yaku="20,1,34,2,54,1" doraHai="74" who="1" fromWho="1" sc="260,-41,167,133,240,-41,323,-41" /><INIT seed="1,2,0,0,4,123" ten="219,300,199,282" oya="1" hai0="19,69,57,28,63,106,21,96,8,112,134,126,30" hai1="17,31,35,109,56,135,53,62,45,132,47,131,25" hai2="104,16,120,51,79,11,111,99,61,33,64,103,95" hai3="72,67,76,7,91,46,32,80,119,34,94,54,78"/><U13/><E131/><V15/><F120/><W26/><G119/><T108/><D112/><U42/><E42/><V73/><F111/><W124/><G124/><T49/><D126/><U36/><E36/><V4/><F33/><W115/><G115/><T82/><D69/><U38/><E38/><V14/><F51/><W3/><G78/><T86/><D134/><U102/><E102/><V122/><F122/><W1/><G67/><T5/><D49/><U12/><E12/><V110/><F110/><W44/><G44/><T43/><D43/><U121/><E121/><V24/><F24/><W87/><G26/><T93/><D106/><U68/><E68/><V75/><F79/><W98/><G54/><T29/><D108/><U100/><E135/><V116/><F104/><W37/><G3/><T129/><D129/><U18/><E132/><V89/><F103/><W52/><G98/><T41/><D41/><U101/><E109/><V66/><F66/><W23/><G23/><T65/><D8/><U22/><REACH who="1" step="1"/><E18/><REACH who="1" step="2"/><V133/><F116/><W97/><G37/><T77/><D5/><U48/><E48/><V130/><F133/><W6/><G6/><T60/><D19/><U70/><E70/><V58/><REACH who="2" step="1"/><F130/><REACH who="2" step="2"/><W125/><G125/><T92/><D63/><U0/><E0/><V105/><F105/><W84/><G1/><T59/><D60/><U55/><E55/><V114/><F114/><W83/><G52/><T27/><D65/><U85/><E85/><V40/><F40/><W20/><G84/><T39/><D39/><U118/><E118/><V90/><F90/><RYUUKYOKU ba="2,2" sc="219,-15,290,15,189,15,282,-15" hai1="13,17,22,25,31,35,45,47,53,56,62,100,101" hai2="4,11,14,15,16,58,61,64,73,75,89,95,99" /><INIT seed="1,3,2,1,4,30" ten="204,305,204,267" oya="1" hai0="105,27,92,89,36,134,14,83,37,106,69,128,61" hai1="68,126,73,76,72,104,7,125,114,8,29,12,16" hai2="50,98,34,80,60,33,23,45,26,62,67,77,82" hai3="86,41,130,56,53,93,40,79,39,96,15,133,100"/><U55/><E104/><V48/><F98/><W43/><G130/><T70/><D128/><U32/><E68/><N who="0" m="26217" /><D14/><U115/><E55/><V35/><F67/><W78/><G133/><T20/><D92/><U66/><E66/><V122/><F122/><W120/><G120/><T85/><D20/><U6/><E76/><V127/><F127/><N who="1" m="48649" /><E72/><V97/><F97/><W103/><G39/><N who="0" m="14923" /><D89/><U24/><E73/><V13/><F13/><W81/><G79/><T95/><D85/><U17/><E17/><V119/><F48/><N who="3" m="30759" /><G15/><T132/><D95/><U121/><E121/><V51/><F51/><W112/><G112/><AGARI ba="3,2" hai="6,7,8,12,16,24,29,32,112,114,115" m="48649" machi="112" ten="30,12000,1" yaku="18,1,34,2,52,1,54,1" doraHai="30" who="1" fromWho="3" sc="204,0,305,149,204,0,267,-129" /><INIT seed="1,4,0,2,5,61" ten="204,454,204,138" oya="1" hai0="91,8,65,110,108,132,51,106,81,7,109,38,16" hai1="44,10,53,37,70,40,76,9,36,3,32,26,22" hai2="62,105,126,128,52,17,27,34,25,46,85,120,99" hai3="2,83,50,130,87,92,123,24,75,45,113,77,117"/><U60/><E32/><V89/><F120/><W66/><G123/><T127/><D38/><U43/><E76/><V96/><F126/><W100/><G113/><T33/><D106/><U135/><E135/><V93/><F128/><W129/><G2/><T86/><D33/><U47/><E3/><V69/><F105/><W4/><G4/><T119/><D119/><U13/><E13/><V1/><F1/><W21/><G117/><T78/><D132/><U29/><E53/><V73/><F73/><W104/><G104/><T28/><D127/><U15/><E70/><V54/><F34/><W80/><G80/><T12/><D28/><U121/><E60/><V59/><F69/><W82/><G82/><T23/><D51/><U49/><E121/><V14/><F46/><W134/><G134/><T72/><D65/><U124/><E124/><V133/><F54/><W5/><G5/><T41/><D41/><U116/><E116/><V111/><F111/><W125/><G83/><T97/><D97/><N who="2" m="37450" /><F133/><W107/><G107/><T19/><REACH who="0" step="1"/><D23/><AGARI ba="4,0" hai="14,17,23,25,27,52,59,62,85,89,93" m="37450" machi="23" ten="30,2000,0" yaku="8,1,54,1" doraHai="61" who="2" fromWho="0" sc="204,-32,454,0,204,32,138,0" /><INIT seed="2,0,0,0,1,70" ten="172,454,236,138" oya="2" hai0="10,24,8,46,110,13,6,33,7,68,78,25,80" hai1="3,22,97,103,59,14,133,104,101,23,82,117,79" hai2="64,53,131,34,119,84,127,36,65,32,21,9,129" hai3="130,128,72,81,1,58,16,12,27,0,123,11,48"/><V69/><F36/><W45/><G123/><T93/><D68/><U75/><E133/><V135/><F119/><W37/><G58/><T112/><D112/><U62/><E117/><V92/><F135/><W54/><G27/><T18/><D93/><U71/><E71/><V91/><F127/><W85/><G72/><T66/><D66/><U77/><E14/><V63/><F64/><W106/><G106/><T87/><D110/><U5/><E79/><V19/><F9/><W88/><REACH who="3" step="1"/><G37/><REACH who="3" step="2"/><T74/><D25/><U113/><E113/><V56/><F129/><AGARI ba="0,1" hai="0,1,11,12,16,45,48,54,81,85,88,128,129,130" machi="129" ten="40,12000,2" yaku="1,1,2,1,25,2,19,1,54,2,53,0" doraHai="70" doraHaiUra="121" who="3" fromWho="2" sc="172,0,454,0,236,-120,128,130" /><INIT seed="3,0,0,3,2,55" ten="172,454,116,258" oya="3" hai0="106,66,19,109,73,133,32,34,57,52,96,3,84" hai1="35,103,68,127,21,36,61,29,88,124,62,80,85" hai2="63,99,129,132,102,134,5,98,131,86,113,15,46" hai3="91,8,100,107,87,27,14,44,38,78,64,92,53"/><W122/><G122/><T9/><D73/><U117/><E36/><V47/><F46/><W83/><G64/><T81/><D133/><N who="2" m="51306" /><F47/><W13/><G27/><T56/><D109/><U1/><E35/><V111/><F63/><W70/><G70/><T49/><D106/><U23/><E1/><V10/><F86/><W30/><G30/><T37/><D37/><U24/><E117/><V12/><F111/><W123/><G123/><T118/><D118/><U101/><E23/><V90/><F113/><W130/><G130/><N who="2" m="49673" /><F102/><N who="1" m="38921" /><E68/><V89/><F15/><W76/><G14/><N who="0" m="7631" /><D3/><U79/><E79/><V82/><F82/><W95/><G78/><N who="0" m="46135" /><D32/><U93/><E93/><V119/><F119/><W51/><G38/><T17/><D34/><U0/><E0/><V50/><F50/><W40/><G100/><T28/><D96/><AGARI ba="0,0" hai="5,10,12,89,90,96,98,99" m="49673,51306" machi="96" ten="30,2000,0" yaku="20,1,19,1" doraHai="55" who="2" fromWho="0" sc="172,-20,454,0,116,20,258,0" /><INIT seed="4,0,0,3,2,66" ten="152,454,136,258" oya="0" hai0="96,133,52,119,92,106,74,129,35,13,108,86,18" hai1="29,17,57,131,24,104,19,49,31,84,45,89,80" hai2="68,3,48,37,97,58,46,118,126,44,60,123,91" hai3="14,11,23,43,62,25,42,9,34,122,72,76,110"/><T75/><D119/><U40/><E104/><V7/><F3/><W109/><G76/><T99/><D35/><U51/><E131/><V78/><F123/><W128/><G72/><N who="0" m="27691" /><D52/><U63/><E31/><V112/><F7/><W124/><G43/><T64/><D18/><U94/><E51/><V67/><F118/><W73/><G42/><T107/><D13/><U59/><E59/><V103/><F78/><W114/><G62/><T115/><D64/><U85/><E24/><V100/><F91/><W88/><G23/><T12/><D12/><U81/><E94/><V69/><F103/><W32/><G14/><T4/><D4/><U33/><E29/><V132/><F37/><W50/><G25/><T65/><D65/><N who="1" m="39151" /><E33/><V1/><F1/><W61/><G32/><T79/><D129/><U10/><E10/><V134/><F44/><W82/><G11/><T39/><D39/><U20/><E20/><V93/><F112/><W36/><G9/><T127/><D115/><U28/><E28/><V101/><F101/><W30/><G50/><T90/><D108/><U53/><E53/><V125/><F48/><W47/><G30/><T70/><D70/><N who="2" m="27242" /><F46/><W56/><G47/><T135/><D79/><AGARI ba="0,0" hai="17,19,40,45,49,79,80,81,84,85,89" m="39151" machi="79" ten="30,1000,0" yaku="8,1" doraHai="66" who="1" fromWho="0" sc="152,-10,454,10,136,0,258,0" /><INIT seed="5,0,0,2,3,118" ten="142,464,136,258" oya="1" hai0="26,7,72,97,6,63,91,27,62,120,122,98,119" hai1="108,42,92,81,79,10,121,89,75,129,116,112,55" hai2="93,76,18,8,40,36,110,5,95,33,115,44,86" hai3="46,83,126,54,78,69,37,102,11,0,15,65,117"/><U107/><E121/><N who="0" m="46697" /><D119/><U12/><E116/><V114/><F110/><W103/><G0/><T131/><D131/><U105/><E112/><N who="2" m="43051" /><F18/><W60/><G126/><T82/><D72/><U132/><E129/><V19/><F33/><W123/><G123/><T30/><D82/><U2/><E2/><N who="2" m="55" /><F19/><W88/><G78/><T130/><D130/><U51/><E132/><V100/><F100/><W31/><G103/><T87/><D27/><U21/><E42/><V68/><F68/><W127/><G102/><T32/><D7/><U96/><E21/><V99/><F99/><N who="0" m="37898" /><D6/><U38/><E38/><V128/><F128/><W71/><G83/><AGARI ba="0,0" hai="36,40,44,76,83,86,93,95" m="55,43051" machi="83" ten="30,2000,0" yaku="15,1,11,1" doraHai="118" who="2" fromWho="3" sc="142,0,464,0,136,20,258,-20" /><INIT seed="6,0,0,4,1,36" ten="142,464,156,238" oya="2" hai0="120,66,62,18,40,23,25,2,53,34,101,14,118" hai1="9,31,123,131,64,132,65,12,98,60,100,67,71" hai2="89,82,133,126,124,92,111,106,44,47,8,122,1" hai3="28,48,96,121,93,54,90,109,15,74,46,119,11"/><V16/><F122/><W117/><G109/><T108/><D120/><U49/><E123/><V80/><F106/><W21/><G121/><T84/><D108/><U29/><E132/><V0/><F111/><W58/><G74/><T73/><D73/><U110/><E131/><V30/><F30/><W91/><G119/><T79/><D2/><N who="2" m="1130" /><F133/><W51/><G117/><T42/><D118/><U32/><E110/><V103/><F103/><W85/><G28/><T13/><D101/><U83/><E83/><N who="2" m="31787" /><F92/><W45/><G21/><T88/><D79/><U104/><E49/><V130/><F89/><W113/><G113/><T17/><D66/><U33/><E31/><V134/><F130/><W4/><G48/><T3/><D3/><U55/><E55/><V116/><F116/><W128/><G128/><T50/><D62/><U99/><E99/><V6/><F6/><W22/><G22/><N who="0" m="11607" /><D25/><N who="1" m="18479" /><E33/><V107/><F107/><W114/><G114/><T81/><D34/><U72/><E72/><V127/><F134/><W61/><G61/><T78/><D78/><U75/><E75/><V135/><F135/><W19/><G4/><AGARI ba="0,0" hai="4,9,12,60,64,65,67,71,98,100,104" m="18479" machi="4" ten="30,1000,0" yaku="25,1" doraHai="36" who="1" fromWho="3" sc="142,0,464,10,156,0,238,-10" /><INIT seed="7,0,0,1,5,113" ten="142,474,156,228" oya="3" hai0="106,62,41,98,76,82,38,117,123,50,102,75,12" hai1="10,21,69,77,121,73,17,56,44,2,5,31,46" hai2="36,3,128,45,83,11,61,99,108,22,79,39,135" hai3="51,132,124,105,125,60,112,25,20,63,7,90,91"/><W100/><G112/><T85/><D123/><U18/><E121/><V24/><F108/><W133/><G7/><T64/><D50/><U8/><E69/><V9/><F128/><W95/><G20/><T26/><D12/><U33/><E10/><V40/><F135/><W14/><G14/><T53/><D53/><U65/><E18/><V19/><F36/><W1/><G25/><T111/><D111/><U104/><E104/><V120/><F3/><W27/><G27/><T34/><D85/><U122/><E122/><V37/><F37/><W54/><G1/><T55/><D55/><U28/><E28/><V97/><F61/><N who="3" m="23627" /><G105/><T115/><D115/><U130/><E130/><V15/><F9/><W42/><G42/><T67/><D67/><U43/><E43/><V134/><F134/><N who="3" m="51819" /><G100/><T87/><D87/><U94/><E94/><V96/><F120/><W80/><G80/><T81/><D81/><U127/><E127/><N who="3" m="48714" /><G95/><T84/><D84/><U109/><E109/><V92/><F83/><W110/><G110/><T47/><D26/><U118/><E77/><V93/><REACH who="2" step="1"/><F79/><REACH who="2" step="2"/><W86/><G51/><T103/><D103/><U35/><E73/><V71/><F71/><W16/><G90/><T72/><D72/><U119/><E17/><AGARI ba="0,1" hai="11,15,17,19,22,24,39,40,45,92,93,96,97,99" machi="17" ten="40,1300,0" yaku="1,1,53,0" doraHai="113" doraHaiUra="66" who="2" fromWho="1" sc="142,0,474,-13,146,23,228,0" owari="142,-36,461,56,169,-23,228,3" /></mjloggm>