<mjloggm ver="2.3"><GO type="97"/><UN n0="%E6%BA%80%E6%9C%88%E3%81%95%E3%82%93" n1="%66%69%6E%67%65%72" n2="%E5%9C%B0%E7%8D%84%E3%83%A2%E3%83%BC%E3%83%89%E4%B8%AD" n3="%E3%82%A6%E3%83%AB%E3%83%88%E3%83%A9%E7%AB%8B%E7%9B%B4" dan="14,13,15,13" rate="1991,1881,1980,1830" sx="M,M,F,M"/><TAIKYOKU oya="0"/><INIT seed="0,0,0,5,3,112" ten="250,250,250,250" oya="0" hai0="66,37,45,87,132,57,71,129,78,52,41,119,99" hai1="18,93,63,24,94,15,8,85,105,61,11,9,42" hai2="65,124,0,127,3,89,16,6,134,36,82,27,90" hai3="97,47,53,88,126,56,7,50,79,69,116,46,14"/><T17/><D119/><U49/><E105/><V133/><F36/><W121/><G69/><T35/><D129/><U115/><E115/><V22/><F65/><W109/><G79/><T23/><D35/><U111/><E111/><V106/><F106/><W95/><G109/><T110/><D132/><N who="2" m="50794" /><F82/><W118/><G126/><N who="2" m="48169" /><F90/><W40/><G121/><T48/><D99/><U29/><E42/><V114/><F89/><W104/><G104/><T113/><D110/><U39/><E39/><V55/><F55/><W1/><G1/><N who="2" m="585" /><F6/><W101/><G101/><T28/><D113/><AGARI ba="0,0" hai="16,22,27,113,114" m="585,48169,50794" machi="113" ten="40,8000,1" yaku="20,1,18,1,34,2,54,1" doraHai="112" who="2" fromWho="0" sc="250,-80,250,0,250,80,250,0" /><INIT seed="1,0,0,1,3,128" ten="170,250,330,250" oya="1" hai0="96,82,43,88,47,116,45,17,15,9,126,7,0" hai1="69,6,22,67,100,75,54,127,78,64,53,38,101" hai2="4,125,32,129,8,86,49,36,51,46,115,98,35" hai3="60,61,25,10,91,31,29,71,77,39,119,131,57"/><U99/><E38/><V105/><F129/><W134/><G39/><T41/><D116/><U122/><E122/><V102/><F125/><W11/><G131/><T59/><D126/><U18/><E127/><V5/><F115/><W107/><G107/><T109/><D109/><U70/><E6/><V56/><F4/><W118/><G77/><T19/><D59/><U113/><E113/><V80/><F36/><W66/><G91/><T23/><D19/><U72/><E78/><V26/><F26/><W114/><G114/><T120/><D120/><U13/><E99/><V133/><F56/><W95/><G95/><T97/><D96/><U58/><E58/><V30/><F30/><W28/><G25/><T14/><D0/><U65/><E13/><V123/><F123/><W34/><G34/><T16/><D7/><U33/><E18/><V121/><F51/><W89/><G89/><T117/><D117/><N who="3" m="44553" /><G134/><T40/><D82/><U103/><E22/><V55/><F133/><W1/><G1/><T74/><D74/><U79/><E79/><V108/><F108/><W20/><G20/><T92/><AGARI ba="0,0" hai="9,14,15,16,17,23,40,41,43,45,47,88,92,97" machi="92" ten="30,7900,0" yaku="0,1,8,1,54,2" doraHai="128" who="0" fromWho="0" sc="170,79,250,-39,330,-20,250,-20" /><INIT seed="2,0,0,2,3,87" ten="249,211,310,230" oya="2" hai0="62,118,105,129,41,49,85,130,77,73,43,11,5" hai1="18,107,39,21,93,104,95,29,78,82,16,19,55" hai2="131,53,56,70,63,8,24,0,64,72,106,67,69" hai3="22,46,33,25,68,65,102,122,50,116,100,117,44"/><V52/><F72/><W57/><G33/><T9/><D118/><U135/><E39/><V126/><F106/><W2/><G2/><T120/><D73/><U31/><E135/><V108/><F24/><W109/><G68/><N who="2" m="26217" /><F8/><W59/><G122/><T111/><D105/><U60/><E107/><V83/><F83/><W114/><G114/><T30/><D120/><U110/><E104/><V37/><F0/><W92/><G116/><T71/><D111/><U51/><E110/><V54/><F108/><W13/><G117/><T96/><D30/><U20/><E60/><N who="2" m="37895" /><F131/><N who="0" m="50186" /><D96/><U94/><E82/><V76/><F76/><W6/><G109/><T124/><D124/><U91/><E78/><V80/><F80/><W103/><G92/><N who="1" m="35434" /><E29/><V36/><F126/><W38/><G102/><T47/><D41/><U99/><E31/><V121/><F121/><W1/><G103/><T119/><D119/><U97/><E97/><V42/><F42/><W4/><G100/><T26/><D26/><U3/><E3/><V74/><F74/><W14/><G25/><T28/><D28/><U88/><E91/><V17/><F17/><W81/><G1/><T98/><D5/><U7/><E7/><V115/><F115/><W132/><G6/><T48/><D98/><U113/><E113/><V101/><F101/><W90/><G4/><T127/><D127/><U45/><AGARI ba="0,0" hai="16,18,19,20,21,45,51,55,88,95,99" m="35434" machi="45" ten="30,7900,0" yaku="8,1,52,1,54,2" doraHai="87" who="1" fromWho="1" sc="249,-20,211,79,310,-39,230,-20" /><INIT seed="3,0,0,0,4,58" ten="229,290,271,210" oya="3" hai0="3,96,110,12,75,80,82,92,43,116,18,118,126" hai1="89,95,50,46,108,15,52,112,16,59,8,31,10" hai2="60,0,64,35,5,122,119,62,104,105,63,91,9" hai3="37,99,67,109,61,106,17,115,20,83,56,54,131"/><W84/><G37/><T132/><D3/><U27/><E112/><V97/><F119/><W36/><G36/><T124/><D43/><U71/><E71/><V100/><F35/><W113/><G109/><T69/><D69/><U78/><E108/><V30/><F30/><W134/><G134/><T127/><D18/><U121/><E121/><V26/><F26/><W79/><G131/><T90/><D12/><U24/><E78/><V49/><F122/><W107/><G67/><T130/><D110/><U94/><E8/><V23/><F23/><W6/><G6/><T40/><D40/><N who="1" m="24903" /><E31/><V102/><F49/><W81/><G81/><N who="0" m="31339" /><D132/><U7/><E7/><V57/><F91/><W88/><G107/><T44/><D44/><U32/><E32/><V76/><F76/><W34/><G34/><T55/><D55/><U51/><E95/><V117/><F117/><N who="0" m="45162" /><D130/><U65/><E65/><V66/><F66/><W33/><G33/><T38/><D38/><U74/><E74/><AGARI ba="0,0" hai="74,75,90,92,96,124,126,127" m="45162,31339" machi="74" ten="40,5200,0" yaku="18,1,34,2" doraHai="58" who="0" fromWho="1" sc="229,52,290,-52,271,0,210,0" /><INIT seed="4,0,0,1,1,68" ten="281,238,271,210" oya="0" hai0="39,90,98,78,4,117,118,3,62,63,67,27,95" hai1="73,111,85,125,51,131,7,0,54,28,127,43,8" hai2="123,130,76,109,35,44,12,115,79,59,16,121,19" hai3="108,57,97,48,119,31,133,89,100,77,1,22,11"/><T6/><D39/><U18/><E73/><V60/><F109/><W124/><G119/><T132/><D132/><U47/><E111/><V126/><F35/><W71/><G71/><T129/><D129/><U96/><E131/><V114/><F130/><W83/><G133/><T9/><D78/><N who="2" m="29738" /><F44/><W112/><G112/><N who="2" m="43049" /><F126/><N who="1" m="48137" /><E85/><V15/><F15/><W66/><G124/><T103/><D62/><U13/><E28/><V33/><F33/><W70/><G108/><T40/><D40/><U36/><E96/><V84/><F84/><W14/><G1/><T49/><D49/><U56/><E0/><V53/><F19/><AGARI ba="0,0" hai="7,8,13,18,19,36,43,47,51,54,56" m="48137" machi="19" ten="30,2000,0" yaku="18,1,52,1" doraHai="68" who="1" fromWho="2" sc="281,0,238,20,271,-20,210,0" /><INIT seed="5,0,0,4,2,125" ten="281,258,251,210" oya="1" hai0="72,17,71,9,88,62,115,98,41,44,50,134,12" hai1="118,55,92,4,94,67,32,87,123,89,122,101,25" hai2="2,79,100,135,117,77,69,86,39,65,53,56,104" hai3="11,91,48,124,105,28,126,5,80,46,18,132,13"/><U1/><E118/><V10/><F117/><W16/><G105/><T106/><D72/><U36/><E67/><V121/><F39/><W30/><G80/><T51/><D134/><U129/><E4/><V107/><F121/><W21/><G91/><T24/><D115/><U74/><E1/><V95/><F95/><W31/><G48/><T82/><D106/><U63/><E36/><V108/><F108/><W6/><G46/><T66/><D24/><U43/><E43/><V19/><F107/><W68/><G68/><T59/><D71/><U23/><E74/><V34/><F135/><W90/><G90/><T35/><D35/><U15/><E32/><V127/><F86/><W64/><G64/><T97/><D51/><U116/><E15/><V20/><F100/><W42/><G42/><T131/><D131/><U22/><E116/><V29/><F104/><W75/><G75/><T102/><D102/><U58/><E129/><V85/><F85/><AGARI ba="0,0" hai="9,12,17,41,44,50,59,62,66,82,85,88,97,98" machi="85" ten="40,2600,0" yaku="8,1,54,1" doraHai="125" who="0" fromWho="2" sc="281,26,258,0,251,-26,210,0" owari="307,30,258,1,225,-12,210,-19" /></mjloggm>