<mjloggm ver="2.3"><GO type="41"/><UN n0="%E3%83%9D%E3%83%AB%E3%83%9D%E3%83%AB%38%30" n1="%E3%82%A6%E3%83%AB%E3%83%88%E3%83%A9%E7%AB%8B%E7%9B%B4" n2="%50%72%6F%6D%65%6E%61%64" n3="%E8%AC%8E%E3%81%AE%E7%94%B7" dan="15,14,14,14" rate="1999,1921,1983,1925" sx="M,M,M,M"/><TAIKYOKU oya="0"/><INIT seed="0,0,0,3,1,131" ten="250,250,250,250" oya="0" hai0="89,21,93,43,124,7,40,112,25,108,63,11,47" hai1="59,121,87,105,80,53,64,31,68,100,58,88,6" hai2="5,1,50,123,134,65,12,129,9,38,66,110,44" hai3="24,18,45,71,33,69,23,27,15,116,16,81,14"/><T32/><D32/><U54/><E121/><V22/><F38/><W91/><G116/><T101/><D112/><U122/><E122/><V104/><F123/><W19/><G45/><T34/><D34/><U37/><E37/><V10/><F104/><W96/><G15/><T48/><D124/><U60/><E6/><V107/><F107/><W61/><G19/><T77/><D77/><U120/><E120/><V106/><F106/><W39/><G39/><T99/><D63/><U103/><E31/><V29/><F129/><W114/><G114/><T0/><D108/><U36/><E36/><V86/><F110/><W28/><G61/><T13/><D0/><U52/><REACH who="1" step="1"/><E105/><REACH who="1" step="2"/><V109/><F29/><W56/><G28/><T62/><D40/><U55/><N who="1" m="13824" /><DORA hai="42" /><U127/><E127/><V4/><F4/><W41/><G33/><T83/><D62/><U132/><E132/><V46/><F134/><W30/><G30/><T113/><D113/><U95/><E95/><V111/><F5/><W118/><G41/><T126/><D126/><U133/><E133/><V75/><F111/><W102/><G118/><T125/><D125/><U57/><AGARI ba="0,1" hai="57,58,59,60,64,68,80,87,88,100,103" m="13824" machi="57" ten="50,8000,1" yaku="1,1,0,1,54,2,53,0" doraHai="131,42" doraHaiUra="35,92" who="1" fromWho="1" sc="250,-40,240,90,250,-20,250,-20" /><INIT seed="1,0,0,2,1,121" ten="210,330,230,230" oya="1" hai0="102,11,99,13,37,77,122,104,78,26,9,50,93" hai1="36,17,112,116,31,23,87,47,130,16,39,126,124" hai2="86,103,83,14,101,92,49,51,40,24,79,82,15" hai3="62,75,64,98,131,35,91,115,128,94,110,43,30"/><U133/><E116/><V76/><F24/><W68/><G115/><T55/><D37/><U89/><E112/><V125/><F125/><N who="1" m="48233" /><E130/><N who="3" m="49706" /><G75/><T109/><D122/><U105/><E105/><V38/><F38/><W44/><G35/><T7/><D104/><U70/><E70/><V52/><F40/><W111/><G30/><T80/><D80/><U135/><E31/><V97/><F103/><W88/><G91/><T27/><D11/><U106/><E106/><V127/><F127/><W48/><AGARI ba="0,0" hai="43,44,48,62,64,68,88,94,98,110,111" m="49706" machi="48" ten="30,7900,0" yaku="19,1,52,2,54,1" doraHai="121" who="3" fromWho="3" sc="210,-20,330,-39,230,-20,230,79" /><INIT seed="2,0,0,5,4,67" ten="190,291,210,309" oya="2" hai0="22,6,107,54,11,44,57,97,128,21,18,121,75" hai1="89,35,72,14,50,12,81,69,31,132,119,8,74" hai2="85,46,131,109,24,61,49,101,20,79,111,118,68" hai3="62,92,70,55,84,82,10,32,5,83,93,63,90"/><V124/><F118/><W103/><G32/><T130/><D121/><U0/><E119/><V41/><F131/><W45/><G63/><T4/><D75/><U34/><E0/><V40/><F124/><W76/><G103/><T122/><D122/><U3/><E3/><V113/><F113/><W120/><G120/><T30/><D44/><U13/><E8/><V123/><F123/><W91/><G91/><T117/><D97/><U43/><E132/><V87/><F41/><W105/><G105/><T71/><D107/><U129/><E129/><V126/><F126/><W110/><G110/><N who="2" m="41993" /><F101/><W23/><G23/><T1/><D117/><U42/><E50/><V47/><F47/><W86/><G45/><T114/><D114/><U15/><N who="1" m="3584" /><DORA hai="88" /><U19/><E19/><N who="2" m="12319" /><F79/><W58/><G10/><T106/><D106/><U59/><E31/><V80/><F80/><W125/><G125/><T94/><D30/><U134/><E81/><V127/><F127/><W135/><G5/><T26/><D128/><U133/><E89/><V108/><N who="2" m="42001" /><V51/><DORA hai="25" /><F51/><W116/><G116/><T77/><D6/><U29/><E29/><V7/><F7/><W37/><G37/><T33/><D4/><U39/><E39/><V16/><F16/><W99/><G135/><N who="1" m="51722" /><E42/><V66/><AGARI ba="0,0" hai="40,46,49,61,66,68,85,87" m="12319,42001" machi="66" ten="40,7800,0" yaku="14,1,10,1,52,1" doraHai="67,88,25" who="2" fromWho="2" sc="190,-26,291,-26,210,78,309,-26" /><INIT seed="2,1,0,5,4,80" ten="164,265,288,283" oya="2" hai0="8,111,87,68,60,2,130,28,120,127,99,59,76" hai1="67,46,63,126,102,118,39,30,48,108,129,117,57" hai2="43,11,13,116,131,93,107,100,132,70,42,64,75" hai3="1,45,20,18,66,38,14,16,26,10,0,51,96"/><V109/><F75/><W92/><G38/><T69/><D120/><U56/><E102/><V82/><F107/><W84/><G66/><T22/><D127/><U90/><E30/><V81/><F116/><W58/><G58/><T5/><D130/><U122/><E90/><V98/><F109/><W101/><REACH who="3" step="1"/><G84/><REACH who="3" step="2"/><T6/><D111/><U29/><E108/><V121/><F64/><W77/><G77/><T12/><D69/><U119/><E39/><V91/><F70/><W19/><G19/><T25/><D68/><U134/><E29/><V37/><F37/><W86/><G86/><T34/><D99/><U55/><E122/><V47/><F121/><W54/><AGARI ba="1,1" hai="0,1,10,14,16,18,20,26,45,51,54,92,96,101" machi="54" ten="20,8000,1" yaku="1,1,0,1,7,1,54,1,53,1" doraHai="80" doraHaiUra="17" who="3" fromWho="3" sc="164,-21,265,-21,288,-41,273,93" /><INIT seed="3,0,0,0,2,49" ten="143,244,247,366" oya="3" hai0="117,48,125,59,103,134,52,19,60,95,114,63,82" hai1="89,26,122,22,87,64,129,107,6,92,72,8,13" hai2="24,9,86,97,135,25,99,102,33,20,133,94,7" hai3="119,93,88,90,41,46,53,34,45,101,14,65,71"/><W61/><G119/><T120/><D117/><U31/><E122/><V17/><F86/><W12/><G34/><T111/><D120/><U132/><E129/><V10/><F33/><W23/><G101/><T47/><D114/><U91/><E107/><V75/><F75/><W50/><G23/><T126/><D134/><N who="2" m="51210" /><F24/><W105/><G105/><T78/><D111/><U104/><E72/><V0/><F10/><W76/><G76/><T11/><D95/><U36/><E104/><V28/><F99/><W100/><G100/><T68/><D103/><U21/><E132/><V3/><F28/><W55/><G90/><T96/><D96/><U66/><E36/><V62/><F62/><W69/><G69/><T1/><D68/><U79/><E79/><V40/><F40/><W84/><G55/><T115/><D115/><U81/><REACH who="1" step="1"/><E22/><REACH who="1" step="2"/><V42/><F42/><W35/><G35/><T38/><D38/><AGARI ba="0,1" hai="12,14,38,41,45,46,50,53,61,65,71,84,88,93" machi="38" ten="30,5800,0" yaku="7,1,52,1,54,1" doraHai="49" who="3" fromWho="0" sc="143,-58,234,0,247,0,366,68" /><INIT seed="3,1,0,4,0,24" ten="85,234,247,434" oya="3" hai0="15,82,49,97,43,52,20,101,28,34,44,105,108" hai1="93,4,133,51,37,64,135,8,122,88,62,127,92" hai2="98,29,38,58,120,132,106,126,18,79,124,128,56" hai3="75,60,123,115,83,21,48,31,30,1,22,94,125"/><W23/><G115/><T74/><D108/><U91/><E37/><V85/><F38/><W111/><G123/><T17/><D34/><U35/><E51/><V40/><F40/><W103/><G125/><N who="2" m="48233" /><F132/><N who="1" m="50761" /><E122/><V80/><F128/><W119/><G119/><T6/><D74/><U109/><E109/><V72/><F120/><W41/><G1/><T134/><D134/><U131/><E131/><V0/><F0/><W53/><G111/><T100/><D43/><U61/><E35/><V81/><F18/><W69/><G41/><T71/><D71/><U89/><E127/><V9/><F9/><W45/><G69/><T7/><D28/><U102/><E102/><N who="2" m="62807" /><F29/><N who="3" m="10763" /><G75/><T59/><D44/><U113/><E113/><V87/><F72/><W129/><G129/><T47/><D47/><U27/><E27/><V5/><F5/><W116/><G116/><T99/><REACH who="0" step="1"/><D82/><REACH who="0" step="2"/><U114/><E114/><V26/><F80/><W121/><G121/><T14/><D14/><N who="1" m="5383" /><E61/><V107/><F81/><W10/><G83/><T46/><D46/><U39/><E39/><V95/><F79/><W67/><G60/><T50/><D50/><U13/><E13/><V54/><F26/><W55/><G67/><T112/><D112/><U11/><E62/><V16/><F54/><W33/><G33/><T104/><AGARI ba="1,1" hai="6,7,15,17,20,49,52,59,97,99,100,101,104,105" machi="104" ten="20,8000,1" yaku="1,1,0,1,7,1,9,1,54,1,53,0" doraHai="24" doraHaiUra="65" who="0" fromWho="0" sc="75,93,234,-21,247,-21,434,-41" /><INIT seed="4,0,0,2,0,96" ten="168,213,226,393" oya="0" hai0="91,100,119,67,32,85,61,81,74,34,132,48,4" hai1="47,25,23,130,107,104,24,133,92,93,109,41,123" hai2="7,31,14,134,120,79,20,2,38,22,95,13,65" hai3="111,82,40,90,10,35,88,58,127,26,63,36,62"/><T70/><D119/><U53/><E123/><V68/><F120/><W75/><G111/><T19/><D132/><U103/><E109/><V87/><F38/><W37/><G127/><T54/><D4/><U98/><E133/><V114/><F134/><W129/><G129/><T56/><D74/><U6/><E130/><V33/><F68/><W77/><G63/><T97/><REACH who="0" step="1"/><D19/><REACH who="0" step="2"/><U131/><E6/><V57/><F7/><W72/><G75/><T46/><D46/><U29/><E131/><V110/><F110/><W49/><G72/><T106/><AGARI ba="0,1" hai="32,34,48,54,56,61,67,70,81,85,91,97,100,106" machi="106" ten="20,7800,0" yaku="1,1,0,1,7,1,52,1,53,0" doraHai="96" doraHaiUra="5" who="0" fromWho="0" sc="158,88,213,-26,226,-26,393,-26" /><INIT seed="4,1,0,2,4,115" ten="246,187,200,367" oya="0" hai0="56,43,98,97,95,114,2,88,107,112,60,86,4" hai1="116,69,75,42,121,135,52,33,127,51,71,55,57" hai2="22,37,87,8,46,78,96,120,32,19,18,40,66" hai3="16,104,122,50,30,90,29,0,119,72,91,62,27"/><T44/><D2/><U84/><E75/><V17/><F120/><W131/><G122/><T70/><D70/><N who="1" m="26635" /><E84/><V5/><F32/><W1/><G104/><T124/><D4/><U7/><E7/><V123/><F66/><W48/><G72/><T92/><D124/><U133/><E33/><V134/><F123/><W58/><G62/><T100/><D107/><U99/><E99/><V82/><F134/><N who="1" m="51209" /><E121/><V6/><F6/><W25/><G58/><T45/><D86/><U38/><E127/><V126/><F126/><W65/><G65/><T102/><D102/><U105/><E105/><V67/><F67/><W49/><G49/><T94/><D94/><U34/><E34/><V24/><REACH who="2" step="1"/><F96/><REACH who="2" step="2"/><W118/><G131/><T74/><D114/><U113/><E113/><V77/><F77/><W36/><G36/><T68/><D112/><U93/><E93/><V73/><F73/><W76/><G76/><T132/><D74/><U13/><E13/><AGARI ba="1,1" hai="5,8,13,17,18,19,22,24,37,40,46,78,82,87" machi="13" ten="30,3900,0" yaku="1,1,7,1,53,1" doraHai="115" doraHaiUra="81" who="2" fromWho="1" sc="246,0,187,-42,190,52,367,0" /><INIT seed="5,0,0,0,3,124" ten="246,145,242,367" oya="1" hai0="94,113,81,122,97,36,85,62,25,42,5,32,40" hai1="34,125,13,4,48,58,38,17,78,127,90,68,55" hai2="118,9,116,21,89,130,77,134,8,100,22,92,3" hai3="65,27,82,69,93,104,106,91,119,84,117,67,1"/><U123/><E123/><V83/><F100/><W87/><G1/><T24/><D122/><U10/><E38/><V71/><F71/><W59/><G69/><T107/><D107/><U98/><E68/><V23/><F134/><W95/><G27/><T114/><D5/><U73/><E34/><V103/><F103/><W126/><G126/><T110/><D110/><U88/><E78/><V70/><F70/><W61/><G67/><T75/><D62/><U66/><E73/><V131/><F8/><W51/><G51/><T19/><D75/><U64/><E125/><V132/><F132/><W54/><G65/><N who="1" m="25194" /><E127/><V14/><F3/><W47/><G47/><T16/><D32/><U76/><E76/><V49/><F49/><W109/><G109/><T2/><D2/><U37/><E37/><V35/><F83/><W133/><G133/><T18/><D36/><U60/><E48/><V111/><F77/><N who="3" m="46159" /><G95/><T6/><D114/><U43/><E43/><V45/><F45/><W112/><G112/><T108/><D108/><U74/><E74/><V128/><F35/><W135/><G135/><T33/><D33/><U44/><E44/><V41/><F41/><W120/><G120/><T15/><D113/><U30/><E30/><V115/><F115/><W86/><G86/><T12/><D40/><U20/><E98/><N who="2" m="57615" /><F111/><W26/><G26/><AGARI ba="0,0" hai="4,10,13,17,20,26,55,58,60,88,90" m="25194" machi="26" ten="30,2900,0" yaku="8,1,54,1" doraHai="124" who="1" fromWho="3" sc="246,0,145,29,242,0,367,-29" /><INIT seed="5,1,0,5,5,62" ten="246,174,242,338" oya="1" hai0="105,71,121,21,128,108,99,69,32,82,36,125,53" hai1="50,58,35,17,27,20,52,123,51,28,37,49,106" hai2="1,14,56,89,95,109,118,122,16,40,65,15,124" hai3="4,41,113,103,85,133,38,33,60,0,63,55,77"/><U57/><E37/><V66/><F109/><W59/><G113/><T84/><D21/><U117/><E123/><V30/><F122/><W120/><G120/><T129/><D53/><U100/><E117/><V13/><F1/><W72/><G72/><T10/><D71/><U67/><E106/><V5/><F118/><W135/><G33/><T74/><D10/><U24/><REACH who="1" step="1"/><E100/><REACH who="1" step="2"/><V76/><F124/><W2/><G103/><T34/><D128/><U31/><E31/><V46/><F30/><W79/><G38/><T48/><D129/><U23/><E23/><V3/><F3/><W75/><G2/><T86/><D105/><U90/><E90/><V39/><F89/><W94/><G0/><T45/><D34/><U64/><E64/><V119/><F65/><W93/><G77/><T116/><D32/><U97/><E97/><V134/><F66/><W104/><G104/><T87/><D99/><U61/><AGARI ba="1,1" hai="17,20,24,27,28,35,49,50,51,52,57,58,61,67" machi="61" ten="30,11700,0" yaku="1,1,0,1,52,1,54,1,53,0" doraHai="62" doraHaiUra="98" who="1" fromWho="1" sc="246,-40,164,130,242,-40,338,-40" /><INIT seed="5,2,0,3,3,30" ten="206,294,202,298" oya="1" hai0="74,89,125,63,135,59,112,97,101,4,102,8,27" hai1="1,88,119,2,60,51,83,37,68,43,98,3,107" hai2="39,94,85,44,9,33,79,55,40,76,61,103,49" hai3="87,69,100,23,10,6,115,122,65,93,78,35,73"/><U99/><E37/><V62/><F33/><W58/><G35/><T105/><D74/><U36/><E36/><V81/><F79/><W50/><G122/><T28/><D112/><U91/><E119/><V77/><F77/><W56/><G69/><T66/><D135/><U0/><N who="1" m="512" /><DORA hai="21" /><U14/><E14/><V64/><F9/><W134/><G134/><T7/><D125/><U71/><E60/><V109/><F109/><W70/><G70/><N who="1" m="26666" /><E51/><V129/><F129/><W96/><G115/><T38/><D38/><U126/><E83/><V20/><F20/><W121/><G121/><T41/><D41/><U106/><E43/><V24/><F24/><W114/><G114/><T12/><D7/><U26/><E26/><V47/><REACH who="2" step="1"/><F64/><REACH who="2" step="2"/><W86/><G65/><T48/><D66/><U32/><E32/><V19/><F19/><W11/><G23/><T22/><D105/><N who="1" m="39947" /><E126/><V111/><F111/><W90/><G11/><T13/><D8/><U82/><E82/><V124/><F124/><W15/><G10/><T123/><D123/><U80/><E80/><V133/><F133/><W46/><G78/><T16/><D16/><U108/><E108/><V116/><F116/><W92/><G6/><T52/><D4/><U127/><E127/><V95/><F95/><W84/><G93/><T25/><D22/><U120/><E120/><V128/><F128/><W130/><G92/><T110/><D110/><U132/><E132/><V113/><F113/><W17/><G130/><T34/><D34/><U118/><E118/><V31/><F31/><W42/><G17/><T45/><D28/><RYUUKYOKU ba="2,1" sc="206,-15,294,15,192,15,298,-15" hai1="88,91,98,99" hai2="39,40,44,47,49,55,61,62,76,81,85,94,103" /><INIT seed="5,3,1,3,5,118" ten="191,309,207,283" oya="1" hai0="21,113,16,104,63,19,95,58,22,131,127,76,66" hai1="32,88,17,40,46,133,4,51,112,108,39,87,91" hai2="37,57,35,100,61,60,49,72,59,27,7,114,98" hai3="135,84,121,73,77,55,85,14,65,67,38,120,43"/><U92/><E32/><V111/><F37/><W115/><G73/><T33/><D104/><U90/><E108/><V2/><F111/><W56/><G38/><T53/><D33/><U25/><E112/><V125/><F72/><W79/><G43/><T18/><D113/><U117/><E133/><V102/><F114/><W96/><G115/><T28/><D127/><U5/><E39/><V81/><F125/><W106/><G135/><T3/><D3/><U54/><E40/><V109/><F109/><W122/><G14/><T8/><D76/><U69/><E69/><V99/><F49/><W123/><G123/><T130/><D8/><U11/><E117/><V86/><F35/><W34/><G34/><T42/><D42/><U48/><E48/><V24/><F2/><W70/><G70/><T78/><D78/><U10/><E10/><V9/><F9/><W15/><G79/><T6/><D6/><N who="1" m="2667" /><E25/><N who="2" m="9803" /><F7/><W83/><G15/><AGARI ba="3,1" hai="11,15,17,46,51,54,87,88,90,91,92" m="2667" machi="15" ten="30,2900,0" yaku="8,1,54,1" doraHai="118" who="1" fromWho="3" sc="191,0,309,48,207,0,283,-38" /><INIT seed="5,4,0,5,5,113" ten="191,357,207,245" oya="1" hai0="99,22,39,62,117,79,17,123,115,11,102,73,35" hai1="49,66,34,135,51,125,28,43,80,16,86,58,126" hai2="42,26,47,107,106,27,112,61,91,89,7,74,132" hai3="21,116,45,100,127,29,124,24,60,122,5,46,94"/><U133/><E28/><V56/><F74/><W12/><G122/><T9/><D35/><U76/><E34/><V0/><F132/><N who="1" m="50761" /><E43/><V48/><F106/><W64/><G116/><T59/><D39/><U104/><E104/><V2/><F107/><W114/><G114/><T57/><D115/><U31/><E31/><V111/><F112/><W95/><G5/><T97/><D123/><U55/><E66/><V53/><F111/><W25/><G12/><T50/><D73/><U93/><E93/><N who="3" m="35338" /><G25/><T8/><D79/><U103/><E103/><V70/><F0/><W23/><G23/><T121/><D121/><U110/><E51/><V119/><F119/><W36/><G100/><T33/><D33/><U92/><E92/><V134/><F134/><W88/><G88/><N who="2" m="33865" /><F70/><N who="3" m="42247" /><G36/><T37/><D37/><U71/><E71/><V84/><F2/><W67/><G67/><T101/><D117/><U98/><E98/><N who="0" m="37385" /><D50/><U77/><E77/><V87/><F7/><W54/><G54/><N who="0" m="34103" /><D59/><U78/><E78/><V10/><F10/><N who="0" m="2562" /><T96/><N who="0" m="37393" /><DORA hai="109" /><T40/><DORA hai="90" /><D40/><U85/><E110/><V65/><F42/><W52/><G52/><T44/><D44/><U20/><E85/><AGARI ba="4,0" hai="26,27,47,48,53,56,61,65,84,85,87" m="33865" machi="85" ten="30,2000,0" yaku="8,1,54,1" doraHai="113,109,90" who="2" fromWho="1" sc="191,0,357,-32,207,32,245,0" /><INIT seed="6,0,0,5,4,5" ten="191,325,239,245" oya="2" hai0="38,89,55,23,25,47,50,76,11,41,124,69,62" hai1="81,135,104,18,8,33,126,9,13,79,127,60,133" hai2="74,131,59,10,111,80,49,125,44,103,75,100,97" hai3="66,39,6,122,85,99,15,61,72,132,90,120,116"/><V82/><F125/><N who="1" m="47625" /><E33/><V114/><F114/><W56/><G116/><T1/><D124/><U34/><E34/><V71/><F71/><W128/><G132/><T30/><D76/><U0/><E104/><V28/><F28/><W16/><G72/><T14/><D1/><U130/><E60/><V83/><F131/><W53/><G6/><T31/><D31/><U45/><E45/><V12/><F59/><W36/><G128/><T54/><D89/><U65/><E65/><V19/><F111/><W84/><G99/><T78/><D78/><U121/><E130/><V67/><F67/><W123/><G66/><T22/><D69/><U93/><E93/><V94/><REACH who="2" step="1"/><F103/><REACH who="2" step="2"/><W113/><G113/><T46/><D62/><U52/><E121/><V26/><F26/><W88/><G120/><T117/><D117/><U107/><E133/><V63/><F63/><W109/><G123/><T134/><D134/><U7/><E135/><V91/><F91/><W37/><G122/><T40/><REACH who="0" step="1"/><D23/><REACH who="0" step="2"/><U35/><E35/><V87/><F87/><W32/><G32/><T73/><D73/><U129/><E129/><V29/><F29/><W2/><G85/><T64/><D64/><U115/><E115/><V20/><F20/><N who="3" m="11295" /><G90/><T96/><D96/><U101/><E101/><V105/><F105/><W77/><G77/><T4/><AGARI ba="0,2" hai="4,11,14,22,25,30,38,40,41,46,47,50,54,55" machi="4" ten="20,8000,1" yaku="1,1,0,1,7,1,52,1,53,1" doraHai="5" doraHaiUra="70" who="0" fromWho="0" sc="181,100,325,-20,229,-40,245,-20" /><INIT seed="7,0,0,4,4,65" ten="281,305,189,225" oya="3" hai0="100,26,62,128,129,60,96,40,97,53,68,79,41" hai1="125,76,84,98,27,6,88,74,111,22,42,123,31" hai2="105,34,23,29,20,83,7,48,55,28,81,8,82" hai3="5,73,58,57,94,67,1,12,0,109,126,70,107"/><W38/><G107/><T13/><D79/><U43/><E123/><V77/><F105/><W72/><G38/><T131/><D13/><U2/><E111/><V133/><F133/><W30/><G30/><T4/><D4/><U113/><E74/><V90/><F77/><W24/><G24/><T89/><D26/><U130/><E2/><V85/><F34/><W18/><G109/><T101/><D89/><U16/><E6/><V50/><F23/><W39/><G39/><T135/><D135/><U93/><E125/><V54/><F20/><W120/><G120/><T116/><D53/><U103/><E76/><V75/><F75/><W17/><G126/><T52/><D52/><N who="2" m="20010" /><F8/><W47/><G47/><T64/><D116/><U127/><E127/><V121/><F7/><W25/><G25/><T71/><D129/><U59/><E130/><V37/><F37/><W19/><G5/><T66/><AGARI ba="0,0" hai="40,41,60,62,64,66,68,71,96,97,100,101,128,131" machi="66" ten="25,8000,1" yaku="0,1,22,2,52,2" doraHai="65" who="0" fromWho="0" sc="281,80,305,-20,189,-20,225,-40" owari="361,45,285,9,169,-33,185,-21" /></mjloggm>