<mjloggm ver="2.3"><GO type="97"/><UN n0="%67%6F%6C%64%2E" n1="%E7%B5%90%E5%9F%8E%E5%B0%8F%E5%B1%B1" n2="%E5%BE%8C%E8%97%A4%E3%81%95%E3%82%93" n3="%E3%82%A6%E3%83%AB%E3%83%88%E3%83%A9%E7%AB%8B%E7%9B%B4" dan="13,14,14,13" rate="1930,1916,1905,1866" sx="M,M,M,M"/><TAIKYOKU oya="0"/><INIT seed="0,0,0,3,3,96" ten="250,250,250,250" oya="0" hai0="27,125,65,60,67,2,135,116,105,50,34,66,20" hai1="45,39,109,54,28,37,40,133,21,119,100,23,86" hai2="78,84,117,44,118,104,80,87,129,122,22,49,95" hai3="99,56,25,59,38,107,8,111,98,123,14,42,43" shuffle="mt19937ar,21D4BAC0,2F637B7A,49519988,73BE402B,823B13E3,9CA7F365,6D83B178,BA8D6812"/><T92/><D116/><U1/><E119/><V126/><F104/><W127/><G123/><T33/><D2/><U41/><E1/><V10/><F122/><W29/><G127/><T71/><D125/><U108/><E86/><V83/><F126/><W93/><G107/><T102/><D135/><U9/><E9/><V12/><F22/><W6/><G111/><T82/><D82/><U106/><E54/><V17/><F129/><W77/><G77/><T7/><D7/><U69/><E69/><V79/><F95/><W24/><G38/><T0/><D0/><U75/><E75/><V134/><F134/><W31/><G93/><T3/><D3/><U130/><E130/><V15/><F15/><W91/><G91/><T112/><D112/><U103/><E106/><V131/><F131/><W57/><G98/><N who="0" m="61655" /><D33/><U85/><E85/><V90/><REACH who="2" step="1"/><F79/><REACH who="2" step="2"/><W4/><G99/><T30/><D20/><U70/><E133/><V18/><F18/><W64/><G64/><N who="0" m="24683" /><D92/><U13/><E70/><V58/><F58/><W120/><G120/><T74/><D74/><U121/><E121/><V73/><F73/><W32/><REACH who="3" step="1"/><G6/><REACH who="3" step="2"/><T114/><D114/><U81/><E81/><V36/><F36/><W11/><G11/><T52/><D50/><U53/><E39/><V101/><F101/><W94/><G94/><T128/><D128/><U51/><E37/><V115/><F115/><W16/><G16/><T62/><N who="0" m="24691" /><T47/><DORA hai="46" /><D71/><U110/><E28/><V89/><F89/><W35/><AGARI ba="0,2" hai="4,8,14,24,25,29,31,32,35,42,43,56,57,59" machi="35" ten="30,4000,0" yaku="1,1,0,1,9,1,53,0" doraHai="96,46" doraHaiUra="97,48" who="3" fromWho="3" sc="250,-20,250,-10,240,-10,240,60" /><INIT seed="1,0,0,0,1,37" ten="230,240,230,300" oya="1" hai0="62,41,78,30,58,126,61,14,128,20,123,1,12" hai1="75,133,95,11,45,119,34,120,38,99,69,48,96" hai2="70,59,60,118,113,17,3,117,5,47,50,122,10" hai3="65,107,98,90,31,7,92,44,131,15,51,55,23" shuffle="mt19937ar,A771BCD7,1758DF90,3AA4FAFD,8E5DBCE4,FAC5D135,B38AE4D6,CC0F1DAD,ACA1AD69"/><U106/><E119/><V21/><F122/><W0/><G0/><T76/><D1/><U135/><E120/><V25/><F70/><W105/><G131/><T39/><D39/><U134/><E69/><V9/><F9/><W86/><G107/><T26/><D128/><U127/><E38/><V79/><F79/><N who="0" m="30250" /><D126/><U56/><E34/><V52/><REACH who="2" step="1"/><F113/><REACH who="2" step="2"/><W73/><G73/><T91/><D123/><U110/><E75/><V66/><AGARI ba="0,1" hai="3,5,10,17,21,25,47,50,52,59,60,66,117,118" machi="66" ten="20,8000,1" yaku="1,1,2,1,0,1,7,1,54,1,53,0" doraHai="37" doraHaiUra="103" who="2" fromWho="2" sc="230,-20,240,-40,220,90,300,-20" /><INIT seed="2,0,0,0,3,73" ten="210,200,310,280" oya="2" hai0="116,113,98,49,103,11,77,44,68,87,134,45,9" hai1="119,31,85,42,121,92,125,30,69,104,83,6,135" hai2="78,17,16,66,23,94,3,20,58,95,27,111,79" hai3="82,131,81,109,47,1,46,2,114,50,128,7,43" shuffle="mt19937ar,3FDC10C4,02DCE76F,CF016FC8,08E368C5,F579C362,A894E69D,378F9F91,AA71FA1C"/><V15/><F3/><W26/><G26/><T127/><D68/><U84/><E119/><V99/><F111/><W75/><G109/><T96/><D113/><U10/><E69/><V18/><F18/><W53/><G114/><T36/><D36/><U8/><E104/><V51/><F95/><W56/><G47/><T93/><D127/><U88/><E121/><V115/><F115/><W57/><G81/><N who="0" m="47535" /><D134/><U106/><E106/><V38/><F38/><W65/><G65/><T61/><D116/><U60/><E125/><V63/><F51/><W29/><G29/><N who="1" m="10762" /><E42/><V101/><AGARI ba="0,0" hai="15,16,17,20,23,27,58,63,66,78,79,94,99,101" machi="101" ten="20,18000,2" yaku="0,1,7,1,8,1,52,2,54,1" doraHai="73" who="2" fromWho="2" sc="210,-60,200,-60,310,180,280,-60" /><INIT seed="2,1,0,2,0,108" ten="150,140,490,220" oya="2" hai0="40,10,86,45,102,81,74,93,33,87,31,41,130" hai1="43,122,113,98,123,110,2,21,84,116,125,4,3" hai2="13,47,19,8,9,131,107,44,100,104,20,111,55" hai3="32,46,106,0,59,124,51,12,63,79,22,73,17" shuffle="mt19937ar,314F6F8A,E780B76B,7BFD5C9E,C153D000,6E93AA44,E848B578,91CC4CB6,9B415B9D"/><V80/><F111/><W82/><G106/><T16/><D130/><U120/><E43/><V28/><F131/><W68/><G68/><T65/><D74/><U95/><E110/><V57/><F28/><W42/><G124/><T54/><D33/><U133/><E116/><V58/><F80/><W24/><G0/><N who="1" m="42" /><E4/><V105/><F100/><W34/><REACH who="3" step="1"/><G24/><REACH who="3" step="2"/><T85/><D102/><N who="1" m="60767" /><E125/><V64/><F107/><W36/><G36/><T119/><D119/><U25/><E133/><V134/><F105/><W35/><G35/><T50/><D65/><AGARI ba="1,1" hai="12,17,22,32,34,42,46,51,59,63,65,73,79,82" machi="65" ten="30,7700,0" yaku="1,1,7,1,53,2" doraHai="108" doraHaiUra="30" who="3" fromWho="0" sc="150,-80,140,0,490,0,210,90" /><INIT seed="3,0,0,2,5,69" ten="70,140,490,300" oya="3" hai0="104,127,82,131,109,123,115,12,13,33,76,16,132" hai1="32,79,71,100,111,54,96,64,110,24,99,90,117" hai2="101,40,8,118,58,29,38,112,14,43,72,1,55" hai3="30,3,75,80,52,97,6,59,126,77,46,50,37" shuffle="mt19937ar,744A7A9A,D819EA59,D4ECF498,3BF52514,0BBBC8A3,273373C3,A9B39734,76F57CB8"/><W27/><G126/><T15/><D123/><U120/><E79/><V93/><F72/><W92/><G6/><T31/><D127/><U20/><E120/><V60/><F1/><W98/><G3/><T9/><D109/><N who="1" m="41483" /><E32/><V89/><F118/><W114/><G114/><T26/><D104/><U56/><E117/><V23/><F101/><W85/><G75/><T107/><D107/><U113/><E113/><V129/><F129/><W61/><G92/><T121/><D121/><U63/><E90/><V106/><F106/><W105/><G105/><T128/><D115/><U78/><E78/><V67/><F38/><W81/><G81/><T5/><D82/><U103/><E100/><V65/><F112/><W73/><G73/><T102/><D102/><U44/><E44/><V108/><F108/><W49/><G49/><T48/><D48/><N who="1" m="30791" /><E103/><V122/><F122/><W0/><G0/><N who="0" m="167" /><D76/><U125/><E125/><V36/><F36/><W34/><REACH who="3" step="1"/><G37/><REACH who="3" step="2"/><T70/><D70/><U66/><E71/><V53/><F93/><W10/><G10/><N who="0" m="6167" /><D132/><U94/><E94/><V130/><F8/><W22/><G22/><T88/><D88/><U62/><E99/><V18/><F23/><W68/><G68/><T124/><D124/><U119/><E96/><V41/><F89/><W2/><G2/><T7/><D7/><U91/><E91/><V25/><F130/><AGARI ba="0,1" hai="13,15,26,31,33,128,130,131" m="6167,167" machi="130" ten="30,7700,0" yaku="19,1,34,2,54,1" doraHai="69" who="0" fromWho="2" sc="70,87,140,0,490,-77,290,0" owari="157,-19,140,-26,413,41,290,4" /></mjloggm>