<mjloggm ver="2.3"><GO type="9"/><UN n0="%59%75%73%75%6B%65" n1="%E3%81%A8%E3%82%8A%E3%81%82%E3%81%9F%E3%81%BE" n2="%E3%82%A6%E3%83%AB%E3%83%88%E3%83%A9%E7%AB%8B%E7%9B%B4" n3="%6F%79%61%6D%61%6E" dan="10,7,8,7" rate="1431,1486,1708,1383" sx="M,M,M,M"/><TAIKYOKU oya="0"/><INIT seed="0,0,0,3,3,133" ten="250,250,250,250" oya="0" hai0="47,24,85,80,121,34,12,64,17,78,115,33,100" hai1="103,3,130,42,1,46,86,31,9,111,104,41,40" hai2="4,123,66,122,91,38,81,116,102,131,13,124,32" hai3="101,76,94,95,82,20,10,87,55,98,83,125,108" shuffle="mt19937ar,967EA0EA,65FD2F90,CF87DF68,97A20A99,3622829F,4D43C179,960061EC,018070AC"/><T56/><D121/><U84/><E104/><V26/><F38/><W44/><G108/><T75/><D115/><U36/><E31/><V39/><F39/><W72/><G20/><T106/><D34/><U119/><E119/><V15/><F66/><W7/><G125/><T27/><D33/><U5/><E3/><V77/><F102/><W30/><G30/><T29/><D75/><U70/><E70/><V89/><F81/><W53/><G44/><T71/><D71/><U93/><E111/><V54/><F77/><W61/><G61/><T63/><D106/><U134/><E134/><V114/><F54/><W19/><G19/><T59/><D100/><U69/><E69/><V112/><F32/><W74/><G10/><T132/><D132/><U35/><E35/><V65/><F65/><W37/><G7/><T110/><D110/><U11/><E130/><V109/><F26/><W18/><G18/><T135/><D135/><U62/><E11/><V113/><F109/><W28/><G28/><T16/><D47/><U58/><E86/><V68/><F113/><W117/><G37/><T49/><D29/><U126/><E126/><V60/><F68/><W67/><G117/><T50/><D17/><U128/><E128/><V6/><F131/><W88/><G67/><T73/><D73/><U45/><E45/><V118/><REACH who="2" step="1"/><F60/><REACH who="2" step="2"/><W92/><G92/><T22/><D27/><U21/><E103/><V105/><F105/><W0/><G0/><T79/><D79/><AGARI ba="0,1" hai="53,55,72,74,76,79,82,83,87,88,94,95,98,101" machi="79" ten="40,2600,0" yaku="9,1,54,1" doraHai="133" who="3" fromWho="0" sc="250,-26,250,0,240,0,250,36" /><INIT seed="1,0,0,1,4,46" ten="224,250,240,286" oya="1" hai0="53,135,48,82,57,22,24,55,119,94,42,41,106" hai1="108,63,64,45,78,17,101,130,113,87,105,21,84" hai2="83,68,131,95,121,69,36,66,50,117,109,62,10" hai3="86,20,125,122,47,6,73,100,33,124,112,134,133" shuffle="mt19937ar,BABC8598,69EE3154,3538BF25,8603C1D5,57881DD1,8AC3C5A6,FD505A70,6B6E1CA0"/><U4/><E105/><V0/><F121/><W19/><G122/><T103/><D106/><U49/><E113/><V51/><F36/><W81/><G47/><T52/><D119/><U32/><E32/><V80/><F117/><W31/><G100/><T116/><D116/><U102/><E4/><V93/><F10/><W7/><G73/><T25/><D135/><N who="3" m="51721" /><G112/><T110/><D110/><U3/><E3/><V115/><F0/><W107/><G107/><T74/><D74/><U129/><E108/><V96/><F109/><W43/><G43/><T44/><D82/><U104/><E104/><V60/><F115/><W54/><G54/><T5/><D103/><N who="1" m="39435" /><E78/><V72/><F72/><W70/><G70/><T114/><D114/><U16/><E17/><V65/><F131/><N who="1" m="50185" /><E64/><V34/><F96/><W11/><G33/><AGARI ba="0,0" hai="33,34,50,51,60,62,65,66,68,69,80,83,93,95" machi="33" ten="25,6400,0" yaku="22,2,52,2" doraHai="46" who="2" fromWho="3" sc="224,0,250,0,240,64,286,-64" /><INIT seed="2,0,0,0,4,5" ten="224,250,304,222" oya="2" hai0="26,51,62,41,96,16,28,18,38,72,19,1,120" hai1="44,35,48,70,32,82,15,93,65,117,91,33,59" hai2="66,132,12,109,13,73,104,9,58,6,67,11,111" hai3="92,55,29,86,81,114,3,84,7,36,87,17,125" shuffle="mt19937ar,1E5C371B,0439C692,C505A423,7D1C3928,A748E314,8AB4BAD6,6FDC470B,0A0A08D3"/><V97/><F73/><W53/><G125/><T45/><D120/><U106/><E117/><V90/><F132/><W25/><G36/><T133/><D1/><U99/><E106/><V22/><F22/><W64/><G114/><T75/><D133/><U52/><E70/><V118/><F118/><W89/><G64/><T130/><D72/><U37/><E37/><V0/><F0/><W83/><G17/><T57/><D130/><U127/><E127/><V80/><F58/><W34/><G87/><T105/><D75/><U74/><E74/><V102/><F90/><W85/><G85/><T56/><D105/><U31/><E82/><V42/><F42/><W60/><G60/><T128/><D128/><U123/><E123/><V43/><F43/><W94/><G3/><T116/><D116/><U124/><E124/><V49/><F49/><W131/><G131/><T134/><D134/><U47/><E65/><V2/><F2/><W115/><G115/><T78/><D38/><U76/><E76/><V119/><F80/><W107/><G107/><T135/><D135/><U8/><E31/><V30/><F30/><W4/><G94/><T54/><D78/><U23/><REACH who="1" step="1"/><E23/><REACH who="1" step="2"/><V122/><F122/><W63/><G63/><T14/><D57/><U101/><E101/><V40/><F119/><W129/><G129/><T68/><D68/><U79/><E79/><V20/><F20/><W71/><G71/><T50/><D96/><U88/><E88/><V46/><F67/><W39/><G39/><T98/><D98/><U113/><E113/><V24/><F66/><W103/><G103/><RYUUKYOKU ba="0,1" sc="224,-10,240,30,304,-10,222,-10" hai1="8,15,32,33,35,44,47,48,52,59,91,93,99" /><INIT seed="3,1,1,0,1,57" ten="214,270,294,212" oya="3" hai0="135,15,66,130,76,98,48,70,111,74,81,58,85" hai1="128,95,119,5,71,20,16,73,7,127,11,120,106" hai2="65,134,108,31,56,131,105,118,60,126,36,102,0" hai3="72,132,64,23,47,124,25,50,12,10,116,17,103" shuffle="mt19937ar,D9AF8794,DC49D50F,731C8851,EEF79943,0817B619,6DFBF1BE,F988308C,C68E95C3"/><W32/><G116/><T92/><D70/><U88/><E120/><V39/><F118/><W54/><G132/><T89/><D135/><U112/><E119/><V33/><F0/><W123/><G124/><T77/><D130/><U125/><E112/><V59/><F134/><W62/><G123/><T86/><D66/><U43/><E106/><V14/><F131/><W91/><G72/><T63/><D111/><U129/><E71/><V99/><F126/><N who="1" m="48137" /><E73/><V79/><F79/><W37/><G103/><T24/><D48/><U1/><E7/><V49/><F108/><W68/><G91/><T94/><D24/><N who="1" m="14343" /><E43/><V44/><F56/><W52/><G37/><T42/><D42/><U35/><E35/><V82/><F82/><W96/><G96/><AGARI ba="1,1" hai="1,5,11,88,95,96,128,129" m="14343,48137" machi="96" ten="30,3900,0" yaku="18,1,54,2" doraHai="57" who="1" fromWho="3" sc="214,0,270,52,294,0,212,-42" /><INIT seed="4,0,0,0,1,35" ten="214,322,294,170" oya="0" hai0="37,93,52,115,63,100,43,15,9,27,85,24,53" hai1="31,10,11,135,118,127,51,33,18,87,125,130,64" hai2="88,29,16,58,104,66,131,77,47,113,82,91,67" hai3="7,111,20,105,78,62,90,97,84,124,59,129,76" shuffle="mt19937ar,84370C8D,67C75698,765F5F21,2318D624,FCA56A2E,331EF582,70266C20,88B9AD86"/><T75/><D75/><U13/><E118/><V123/><F104/><W94/><G124/><T54/><D37/><U17/><E64/><V60/><F67/><W34/><G129/><T4/><D115/><U99/><E99/><V69/><F131/><W41/><G111/><T36/><D36/><U114/><E130/><V56/><F113/><W39/><G34/><T106/><D106/><U102/><E114/><V70/><F29/><W19/><G7/><T38/><D38/><U109/><E109/><V49/><F123/><W61/><G61/><T50/><D43/><U121/><E121/><V44/><F69/><W128/><G128/><T3/><D100/><U101/><E87/><N who="2" m="48591" /><F70/><W119/><G119/><T122/><D122/><U72/><E72/><V86/><F91/><W1/><G1/><T8/><D85/><U81/><E81/><N who="2" m="49231" /><F16/><W79/><G39/><T5/><D93/><U32/><E51/><V73/><F73/><W28/><G28/><T68/><D68/><U6/><E102/><V26/><F26/><W2/><G2/><T92/><D92/><U117/><E117/><V134/><F134/><W55/><G41/><T126/><D126/><N who="1" m="48139" /><E101/><V0/><F0/><W103/><REACH who="3" step="1"/><G79/><REACH who="3" step="2"/><T74/><D63/><U57/><E31/><V96/><F60/><W98/><G98/><T65/><D74/><U23/><E6/><V107/><F96/><W110/><G110/><T133/><D133/><U95/><E135/><V12/><F66/><W45/><G45/><T71/><D50/><U83/><E18/><V116/><F49/><W48/><G48/><T14/><D3/><RYUUKYOKU ba="0,1" sc="214,15,322,-15,294,-15,160,15" hai0="4,5,8,9,14,15,24,27,52,53,54,65,71" hai3="19,20,55,59,62,76,78,84,90,94,97,103,105" /><INIT seed="4,1,1,0,4,134" ten="229,307,279,175" oya="0" hai0="105,57,25,54,38,53,100,23,66,116,108,28,92" hai1="6,135,78,22,130,41,70,125,89,2,63,91,104" hai2="44,83,72,34,113,51,106,80,32,42,65,94,122" hai3="50,96,126,27,132,52,29,61,71,98,75,18,59" shuffle="mt19937ar,2056A558,7A619E56,911FAB87,5F32A244,9BC89AE2,B0CB2BC9,9DCA8171,9EE553F5"/><T30/><D116/><U114/><E104/><V47/><F106/><W93/><G132/><T81/><D38/><U13/><E41/><V49/><F122/><W111/><G111/><T109/><D105/><U119/><E119/><V10/><F113/><W123/><G123/><T115/><D100/><U46/><E2/><V101/><F65/><W117/><G117/><T95/><D81/><U62/><E70/><V127/><F127/><W11/><G75/><T8/><D66/><U40/><E78/><V19/><F72/><W0/><G126/><T76/><D76/><U120/><E120/><V55/><F32/><W33/><G96/><T14/><D57/><U56/><E125/><V64/><F34/><W5/><G18/><T17/><D115/><U73/><E114/><V31/><F31/><W112/><G112/><T36/><D36/><U124/><E124/><V128/><F64/><W99/><REACH who="3" step="1"/><G93/><REACH who="3" step="2"/><T86/><D95/><U107/><E73/><V102/><F94/><W20/><G20/><T45/><D92/><U12/><E107/><V133/><F133/><W21/><G21/><T77/><D77/><U15/><E135/><V43/><F19/><W82/><G82/><T79/><D79/><U7/><E22/><V9/><REACH who="2" step="1"/><F55/><REACH who="2" step="2"/><W4/><G4/><T97/><D54/><U1/><E6/><V24/><F24/><W48/><G48/><T129/><D53/><U87/><E7/><V16/><F16/><W118/><G118/><T60/><D109/><U103/><E1/><V35/><F35/><W121/><G121/><T74/><D108/><U39/><E130/><AGARI ba="1,3" hai="9,10,42,43,44,47,49,51,80,83,101,102,128,130" machi="130" ten="25,6400,0" yaku="1,1,6,1,22,2,53,0" doraHai="134" doraHaiUra="67" who="2" fromWho="1" sc="229,0,307,-67,269,97,165,0" /><INIT seed="5,0,0,3,1,130" ten="229,240,366,165" oya="1" hai0="90,4,125,30,51,18,54,74,9,110,82,5,48" hai1="77,69,28,75,71,7,101,33,58,23,15,86,55" hai2="116,114,93,3,2,88,126,26,128,134,76,52,45" hai3="99,92,104,119,129,31,1,50,105,11,107,59,133" shuffle="mt19937ar,5A63941E,2583C45D,FEB2008F,495F5D0C,EBBDD5D7,5B442C51,251BAE6D,5BDF1C0B"/><U108/><E75/><V35/><F116/><W37/><G129/><T85/><D110/><U132/><E77/><V57/><F128/><W109/><G119/><T135/><D74/><U127/><E101/><V44/><F76/><W12/><G109/><T16/><D30/><U42/><E42/><V80/><F80/><W83/><G37/><T43/><D43/><U34/><E28/><V117/><F117/><W21/><G83/><T40/><D40/><U102/><E102/><V24/><F126/><W68/><G68/><T64/><D64/><U123/><E123/><V115/><F35/><W70/><G1/><T61/><D61/><U38/><E38/><V120/><F120/><W47/><G70/><T84/><D125/><U106/><E127/><V95/><F57/><W8/><G133/><T103/><D103/><U63/><E108/><V66/><F66/><W111/><G111/><T32/><D32/><U73/><E106/><V10/><F10/><W0/><G0/><T96/><D135/><U67/><E73/><V46/><F46/><W94/><G59/><T113/><D113/><U62/><E132/><V53/><F134/><W98/><G31/><T60/><D60/><U87/><E71/><V29/><F29/><W25/><G25/><T131/><D131/><U97/><E97/><N who="3" m="36874" /><G50/><T27/><D96/><U65/><E65/><V6/><F6/><W19/><G47/><T39/><D39/><U41/><E41/><V17/><F17/><W13/><G13/><T14/><D84/><U72/><E72/><V124/><F124/><W78/><G78/><T20/><D51/><RYUUKYOKU ba="0,0" sc="229,10,240,-30,366,10,165,10" hai0="4,5,9,14,16,18,20,27,48,54,82,85,90" hai2="2,3,24,26,44,45,52,53,88,93,95,114,115" hai3="8,11,12,19,21,92,94,104,105,107" /><INIT seed="6,1,0,0,0,7" ten="239,210,376,175" oya="2" hai0="48,25,12,77,19,1,32,27,13,104,37,40,132" hai1="28,35,76,112,14,5,64,80,20,130,100,41,135" hai2="114,86,95,50,45,105,81,133,111,31,115,69,36" hai3="57,4,120,79,123,107,43,49,39,55,96,63,60" shuffle="mt19937ar,26AB0C9F,18605BC7,51C79995,A7B6E32E,66CCB1F7,52B0E65D,185B2D97,F49FC184"/><V65/><F36/><W131/><G131/><T0/><D104/><U23/><E130/><V97/><F105/><W47/><G123/><T61/><D37/><U11/><E135/><V116/><F65/><W24/><G120/><T99/><D99/><U121/><E112/><N who="2" m="43051" /><F69/><W109/><G109/><T74/><D74/><U126/><E121/><V6/><F31/><W119/><G119/><T30/><D40/><U134/><E126/><V110/><F50/><W16/><G79/><T85/><D61/><U71/><E134/><V46/><F45/><W92/><G107/><T59/><D77/><U128/><E128/><V125/><F46/><W62/><G4/><T56/><D48/><U83/><E71/><V102/><F133/><W129/><G129/><T93/><D132/><U91/><E35/><V87/><F6/><W124/><G124/><T117/><D117/><U9/><E100/><V15/><F15/><W38/><G38/><T17/><D85/><U18/><E64/><V98/><F116/><W44/><G39/><T21/><D93/><U58/><E41/><V68/><F68/><W89/><REACH who="3" step="1"/><G47/><REACH who="3" step="2"/><T33/><D59/><U108/><E108/><N who="2" m="41515" /><F125/><W2/><G2/><T88/><D56/><U26/><E5/><V42/><F42/><W106/><G106/><T8/><REACH who="0" step="1"/><D88/><REACH who="0" step="2"/><U52/><E58/><V94/><F81/><W82/><G82/><T10/><D10/><U72/><REACH who="1" step="1"/><E52/><REACH who="1" step="2"/><V34/><F34/><W127/><G127/><T29/><AGARI ba="1,3" hai="0,1,8,12,13,17,19,21,25,27,29,30,32,33" machi="29" ten="30,16000,3" yaku="1,1,0,1,9,1,35,6,52,1,53,0" doraHai="7" doraHaiUra="54" who="0" fromWho="0" sc="229,193,200,-41,376,-81,165,-41" /><INIT seed="7,0,0,2,0,127" ten="422,159,295,124" oya="3" hai0="8,104,117,28,84,47,71,20,95,106,13,98,55" hai1="112,83,1,21,86,63,131,60,118,81,75,25,107" hai2="10,50,65,6,19,67,59,37,94,66,108,9,113" hai3="24,114,110,5,54,4,26,57,18,90,29,15,111" shuffle="mt19937ar,1BED2846,73B37291,738CD574,05F71A8D,F69B780A,9F116C91,A9995C35,CB7A9B8E"/><W34/><G114/><T31/><D117/><U32/><E118/><V119/><F37/><W42/><G90/><T97/><D71/><U124/><E107/><V99/><F113/><W135/><G42/><T39/><D106/><U45/><E124/><V22/><F108/><W85/><G85/><T123/><D123/><U120/><E112/><V109/><F109/><N who="3" m="41483" /><G135/><T73/><D73/><U40/><E120/><V36/><F36/><W77/><G77/><T72/><D72/><U62/><E75/><V27/><F119/><W115/><G115/><T126/><D126/><U64/><E1/><V122/><F122/><W33/><G57/><T48/><D39/><U92/><E32/><V17/><F6/><N who="3" m="2667" /><G54/><T78/><D104/><U23/><E23/><V96/><F96/><W56/><G56/><T121/><D121/><U12/><E83/><V105/><F105/><W129/><G129/><T43/><D43/><U133/><E133/><V79/><F79/><W87/><G87/><T16/><D98/><U128/><E92/><V103/><F50/><W74/><G74/><T88/><D78/><U2/><E2/><V41/><F41/><W69/><G69/><T14/><REACH who="0" step="1"/><D97/><REACH who="0" step="2"/><U30/><E40/><V101/><F101/><W49/><G49/><T70/><D70/><U91/><E63/><V100/><F100/><W52/><G52/><T58/><D58/><U0/><E62/><V7/><F7/><AGARI ba="0,1" hai="7,8,13,14,16,20,28,31,47,48,55,84,88,95" machi="7" ten="30,12000,2" yaku="1,1,7,1,8,1,54,2,53,2" doraHai="127" doraHaiUra="11" who="0" fromWho="2" sc="412,130,159,0,295,-120,124,0" owari="542,64,159,-24,175,-2,124,-38" /></mjloggm>