<mjloggm ver="2.3"><GO type="43"/><UN n0="%62%75%73%68" n1="%E3%82%A6%E3%83%AB%E3%83%88%E3%83%A9%E7%AB%8B%E7%9B%B4" n2="%E6%B5%B7%E4%B8%80%E6%9C%9B%EF%BC%93%EF%BC%94%EF%BC%91" n3="%E9%BB%99%E3%82%8C%E3%82%AA%E3%83%AC%E3%83%B3%E3%82%B8%EF%BC%81" dan="13,13,13,16" rate="2010,1851,1830,2069" sx="M,M,M,M"/><TAIKYOKU oya="0"/><INIT seed="0,0,0,0,5,111" ten="250,250,250,250" oya="0" hai0="13,6,11,102,65,55,64,68,5,72,82,4,109" hai1="99,114,34,90,120,132,129,78,28,2,49,128,42" hai2="123,77,63,29,10,45,33,56,117,87,95,17,31" hai3="85,104,50,57,20,35,108,81,18,134,39,51,23" shuffle="mt19937ar,F6A354CA,4A4925B3,6F4DC8FA,BA802914,C2F2A093,E6FF4C30,5575E6A2,3428CAF5"/><T71/><D71/><U100/><E2/><V66/><F123/><W36/><G108/><T16/><D16/><U0/><E0/><V75/><F117/><W30/><G35/><T88/><D88/><U91/><E120/><V124/><F124/><W3/><G3/><T79/><D79/><U130/><E78/><V119/><F75/><W14/><G104/><T24/><D24/><U70/><E70/><V73/><BYE who="0" /><F73/><W47/><G134/><T122/><D122/><U21/><E34/><V7/><F33/><W97/><G97/><T125/><D125/><U103/><E132/><V98/><F119/><W92/><G50/><UN n0="%62%75%73%68" /><T54/><D109/><U48/><E114/><V62/><F62/><W41/><G57/><T112/><D112/><U101/><E99/><V1/><F17/><W22/><G92/><T96/><D68/><U106/><E106/><V12/><F1/><W58/><G30/><T127/><D127/><U94/><E94/><V59/><F45/><W116/><G116/><T83/><D72/><U9/><E9/><V27/><F56/><W110/><G110/><T69/><D69/><U67/><E67/><N who="0" m="25673" /><D13/><U44/><E49/><V52/><F66/><W61/><G39/><T118/><D11/><U80/><E80/><N who="0" m="30761" /><D118/><U89/><E21/><N who="2" m="15599" /><F31/><AGARI ba="0,0" hai="28,31,42,44,48,89,90,91,100,101,103,128,129,130" machi="31" ten="50,6400,0" yaku="29,2,19,1" doraHai="111" who="1" fromWho="2" sc="250,0,250,64,250,-64,250,0" /><INIT seed="1,0,0,3,5,97" ten="250,314,186,250" oya="1" hai0="125,14,81,88,99,72,126,64,135,115,53,27,82" hai1="65,52,3,58,80,24,94,6,23,133,76,31,128" hai2="105,26,18,132,11,63,116,104,71,106,114,103,39" hai3="120,44,28,131,30,56,36,113,130,127,78,109,83" shuffle="mt19937ar,453068E2,4EE0FECA,C28F514E,B98CF201,A35F6672,EE813091,29B92B71,B5B95EAD"/><U13/><E128/><N who="3" m="49194" /><G120/><T96/><D64/><U129/><E129/><V121/><F116/><W67/><G113/><T117/><D117/><U134/><E65/><V101/><F121/><W49/><G36/><T93/><D27/><U119/><E3/><V60/><F39/><W32/><G32/><T40/><D40/><U73/><E119/><V51/><F114/><W92/><G92/><T22/><D14/><U12/><E94/><V7/><F132/><N who="1" m="50793" /><E6/><V74/><F74/><N who="3" m="43479" /><G109/><T59/><D22/><U70/><E70/><V118/><F118/><W2/><G127/><T34/><D53/><U123/><E123/><V9/><F51/><AGARI ba="0,0" hai="12,13,23,24,31,51,52,58,73,76,80" m="50793" machi="51" ten="30,1500,0" yaku="20,1" doraHai="97" who="1" fromWho="2" sc="250,0,314,15,186,-15,250,0" /><INIT seed="1,1,0,1,0,7" ten="250,329,171,250" oya="1" hai0="34,120,15,24,102,81,89,64,47,38,62,63,72" hai1="114,44,9,2,128,18,110,1,130,4,79,122,119" hai2="134,93,20,112,74,65,21,117,97,123,115,111,32" hai3="25,41,35,26,30,22,113,61,73,12,116,107,17" shuffle="mt19937ar,B363787B,0306DDF5,A4522B1C,7A89C512,8BB41948,A3CFACF6,5877D909,4F11F68F"/><U43/><E122/><V42/><F74/><W88/><G73/><T95/><D120/><U76/><E119/><V66/><F123/><W68/><G116/><T28/><D62/><U46/><E114/><N who="2" m="43563" /><F117/><W121/><G121/><T99/><D47/><U13/><E110/><V124/><F111/><W53/><G113/><T96/><D38/><U100/><E100/><V14/><F32/><W55/><G41/><T98/><D15/><U3/><E4/><V8/><F42/><W6/><G88/><T125/><D125/><U40/><E40/><V101/><F124/><W129/><G129/><N who="1" m="49770" /><E44/><V50/><F50/><AGARI ba="1,0" hai="1,2,3,9,13,18,43,46,50,76,79" m="49770" machi="50" ten="40,3900,0" yaku="19,1,52,1" doraHai="7" who="1" fromWho="2" sc="250,0,329,42,171,-42,250,0" /><INIT seed="1,2,0,1,4,38" ten="250,371,129,250" oya="1" hai0="57,21,87,37,124,60,84,76,94,114,9,77,53" hai1="48,31,108,86,45,32,61,67,116,43,72,29,46" hai2="133,79,71,85,70,14,106,82,23,125,113,42,18" hai3="11,90,39,16,1,92,73,104,24,134,78,22,83" shuffle="mt19937ar,84F6456C,6D2E0D36,556B5242,03F7A20C,E763E082,685F88F1,CB3CC7A0,624302B7"/><U36/><E72/><V54/><F133/><W30/><G134/><T119/><D119/><U44/><E116/><V41/><F125/><W80/><G104/><T128/><D124/><U112/><E112/><V118/><F106/><W52/><G39/><T107/><D107/><U102/><E108/><V33/><F118/><W26/><G83/><T6/><D37/><U4/><E4/><V122/><F33/><W65/><G65/><T135/><D135/><U111/><E111/><V64/><F122/><W130/><G52/><T89/><D128/><U50/><E102/><V126/><F126/><W59/><G130/><T127/><D127/><U15/><E15/><V115/><F54/><W131/><G131/><T17/><D84/><U96/><E96/><V93/><F93/><W100/><G100/><T13/><REACH who="0" step="1"/><D114/><REACH who="0" step="2"/><N who="2" m="43530" /><F64/><W25/><G73/><T121/><D121/><U49/><E86/><V109/><F109/><W51/><G78/><T8/><D8/><U10/><E10/><V103/><F103/><W74/><G11/><T34/><D34/><U123/><E123/><V132/><F132/><W75/><G75/><T55/><D55/><U47/><REACH who="1" step="1"/><E32/><REACH who="1" step="2"/><V99/><F99/><W56/><G74/><T97/><D97/><U68/><AGARI ba="2,2" hai="29,31,36,43,44,45,46,47,48,49,50,61,67,68" machi="68" ten="30,12000,1" yaku="1,1,2,1,0,1,52,1,53,1" doraHai="38" doraHaiUra="63" who="1" fromWho="1" sc="240,-42,361,146,129,-42,250,-42" /><INIT seed="1,3,0,1,3,130" ten="198,507,87,208" oya="1" hai0="2,84,93,101,133,38,11,26,25,82,111,71,60" hai1="59,14,64,117,63,49,70,67,43,23,62,107,108" hai2="87,98,94,126,92,24,128,54,12,69,32,119,120" hai3="0,7,105,37,65,83,48,99,88,74,72,1,34" shuffle="mt19937ar,A73D687D,FA82C70C,9DF5D4B7,010428BC,699F5992,B387FA04,9107A6DF,4FEDE719"/><U27/><E107/><V122/><F69/><W95/><G37/><T79/><D111/><U76/><E117/><V115/><F119/><W110/><G65/><T42/><D133/><U134/><E134/><V41/><F41/><W102/><G34/><T113/><D113/><U5/><E108/><V66/><F115/><W30/><G110/><T52/><D93/><U47/><E76/><V21/><F66/><W40/><G30/><T39/><D101/><U55/><E70/><V3/><F3/><W44/><G7/><T18/><D38/><U45/><E63/><V6/><F32/><W91/><G74/><T114/><D114/><U8/><REACH who="1" step="1"/><E47/><REACH who="1" step="2"/><V135/><F128/><W4/><G105/><T81/><D71/><U116/><E116/><V9/><F135/><W112/><G112/><T131/><D131/><U36/><E36/><V16/><F126/><W86/><G72/><T15/><D60/><U51/><E51/><V33/><F33/><W124/><G124/><T100/><D79/><U56/><E56/><V31/><F122/><W118/><G118/><T85/><D39/><U89/><E89/><N who="2" m="53311" /><F120/><W61/><G61/><T103/><D100/><U29/><AGARI ba="3,1" hai="5,8,14,23,27,29,43,45,49,55,59,62,64,67" machi="29" ten="20,12000,1" yaku="1,1,0,1,7,1,8,1,53,1" doraHai="130" doraHaiUra="10" who="1" fromWho="1" sc="198,-43,497,139,87,-43,208,-43" /><INIT seed="1,4,0,4,3,132" ten="155,636,44,165" oya="1" hai0="62,37,115,135,88,125,110,25,66,14,91,73,86" hai1="23,131,15,65,9,57,27,103,98,112,6,127,46" hai2="13,120,67,128,117,36,102,108,47,12,61,72,28" hai3="5,56,93,100,70,41,63,48,8,29,106,81,51" shuffle="mt19937ar,210EA86C,6D510A54,E76027B7,A06E60CB,5CCDCEA2,25350671,FA949100,DE7945B1"/><U105/><E112/><V26/><F72/><W21/><G106/><T107/><D135/><U109/><E131/><V74/><F128/><W45/><G70/><T64/><D115/><U20/><E46/><V11/><F120/><W94/><G81/><T104/><D37/><U95/><E105/><V79/><F117/><W129/><G129/><T42/><D42/><U85/><E85/><V78/><F108/><W1/><G100/><T134/><D134/><U133/><E133/><V99/><F102/><W122/><G122/><T3/><D3/><U49/><E109/><V33/><F99/><W124/><G51/><T18/><D110/><U0/><E0/><V75/><F13/><W119/><G119/><T84/><D25/><U89/><E89/><V114/><F114/><W50/><G50/><T19/><D62/><N who="1" m="38095" /><E49/><V38/><F38/><W101/><G101/><T17/><D14/><U68/><E68/><V24/><F24/><W76/><G76/><T10/><D17/><U116/><E116/><V123/><F123/><W92/><G29/><T111/><D111/><U121/><E121/><V58/><F75/><W69/><G69/><T130/><D73/><U126/><E23/><V4/><REACH who="2" step="1"/><F74/><REACH who="2" step="2"/><W40/><G1/><T30/><D130/><U80/><E80/><V7/><F7/><W82/><G5/><T43/><D10/><U16/><E6/><V31/><F31/><W77/><G8/><T44/><D30/><U53/><E27/><V22/><F22/><W59/><G21/><T71/><D84/><U32/><E20/><V39/><F39/><W90/><G82/><RYUUKYOKU ba="4,1" sc="155,-10,636,-10,34,30,165,-10" hai2="4,11,12,26,28,33,36,47,58,61,67,78,79" /><INIT seed="2,5,1,2,3,25" ten="145,626,64,155" oya="2" hai0="39,59,110,7,134,78,15,115,83,96,48,29,9" hai1="65,4,26,99,45,51,77,6,64,37,42,98,34" hai2="74,12,90,72,11,106,103,63,10,88,44,38,5" hai3="80,87,14,84,111,126,23,66,95,130,61,119,117" shuffle="mt19937ar,5B6DBC37,1AC36326,8037A9D5,0CD1F982,2F8A8C5B,658BE81E,685E0B06,EFD6CD3E"/><V57/><F38/><W86/><G130/><T41/><D110/><U112/><E112/><V33/><F33/><W122/><G122/><T20/><D134/><U13/><E77/><V101/><F44/><W76/><G111/><T97/><D115/><U102/><E37/><V104/><F57/><W21/><G126/><T133/><D133/><U118/><E118/><V82/><F12/><W28/><G119/><T108/><D108/><U81/><E81/><V27/><F27/><N who="3" m="16495" /><G117/><T31/><D39/><U56/><E34/><V135/><F82/><W53/><G66/><T94/><D20/><U36/><E26/><V30/><F135/><W100/><G100/><T116/><D116/><U62/><E36/><V54/><F54/><W55/><G95/><T50/><D50/><U120/><E120/><V132/><F132/><W69/><G69/><T46/><D59/><U123/><E123/><V93/><F93/><W68/><G68/><T40/><D40/><U128/><E128/><V24/><F24/><W109/><G109/><T92/><D94/><N who="1" m="58711" /><E99/><N who="0" m="37961" /><D92/><U131/><E131/><V49/><F49/><W114/><G114/><T91/><D91/><U19/><E64/><V75/><F75/><W105/><G105/><T47/><D47/><U18/><E18/><V127/><F5/><W71/><G71/><T121/><D121/><U16/><E16/><V113/><F113/><W8/><G23/><AGARI ba="5,1" hai="4,6,13,19,23,42,45,51,56,62,65" m="58711" machi="23" ten="30,1000,0" yaku="8,1" doraHai="25" who="1" fromWho="3" sc="145,0,626,35,64,0,155,-25" /><INIT seed="3,0,0,0,3,45" ten="145,661,64,130" oya="3" hai0="1,112,132,91,23,67,109,118,71,116,60,93,83" hai1="50,86,66,82,100,13,120,68,122,57,21,88,131" hai2="30,124,49,24,52,9,61,96,14,113,6,117,31" hai3="90,133,58,101,53,2,3,127,125,111,42,104,37" shuffle="mt19937ar,98C25AED,56D0116B,239A0F68,C759180A,2791AE2A,093811CF,9A1EE804,EA84EF5E"/><W41/><G133/><T19/><D109/><U102/><E131/><V55/><F117/><W28/><G111/><T85/><D132/><U22/><E68/><V39/><F113/><W99/><G90/><T16/><D1/><U69/><E69/><V89/><F39/><W135/><G135/><T56/><D112/><U46/><E120/><V59/><F124/><N who="3" m="47691" /><G28/><T36/><D36/><U92/><E122/><V29/><F89/><W54/><G54/><T11/><D11/><U7/><E7/><V75/><F75/><W129/><G129/><T78/><D16/><N who="1" m="10383" /><E22/><V26/><REACH who="2" step="1"/><F96/><REACH who="2" step="2"/><W77/><G77/><T17/><D116/><U130/><E130/><V10/><F10/><W97/><G97/><T119/><D118/><U114/><E114/><V108/><F108/><W0/><G37/><T8/><D119/><U81/><E100/><V110/><F110/><W76/><G76/><T98/><D8/><U38/><E102/><V128/><F128/><W34/><G34/><T33/><D33/><U65/><E38/><V62/><F62/><AGARI ba="0,1" hai="0,2,3,41,42,53,58,62,99,101,104" m="47691" machi="62" ten="40,2000,0" yaku="18,1" doraHai="45" who="3" fromWho="2" sc="145,0,661,0,54,-20,130,30" /><INIT seed="3,1,0,3,5,90" ten="145,661,34,160" oya="3" hai0="95,102,5,128,46,122,27,134,16,85,121,41,0" hai1="35,94,100,60,3,80,92,23,43,127,44,45,108" hai2="88,24,93,76,131,75,71,49,52,104,70,91,30" hai3="110,18,106,73,107,66,7,4,78,115,83,26,84" shuffle="mt19937ar,1FCD7A3E,36B83FB8,E75C8181,C9EC01F1,8857ED13,46006FC2,67F9DA93,944FF584"/><W19/><G115/><T79/><D134/><U55/><E35/><V129/><F131/><W130/><G130/><T117/><D128/><U38/><E3/><V20/><F104/><W13/><G66/><T15/><D117/><U133/><E100/><V118/><F129/><W77/><G4/><T39/><D121/><U81/><E23/><V6/><F118/><W105/><G26/><T87/><D122/><U51/><E60/><V54/><F76/><W1/><G13/><T68/><D68/><U21/><E133/><V72/><F6/><W14/><G19/><T112/><D112/><U67/><E67/><V31/><F49/><W56/><G56/><T22/><D102/><U113/><E113/><V74/><F20/><W48/><G48/><T109/><D109/><U8/><E8/><V119/><F24/><W47/><G47/><T123/><D123/><U32/><E32/><V62/><F62/><W53/><G53/><T120/><D120/><U65/><E65/><V126/><F119/><W37/><G37/><T99/><D79/><U111/><E21/><V12/><F12/><W28/><G28/><T2/><D2/><U69/><E69/><V17/><F75/><W82/><G110/><N who="1" m="42026" /><E127/><V97/><F126/><W61/><G61/><T132/><D132/><U89/><E89/><V50/><F50/><W40/><G40/><T25/><D25/><U10/><E10/><V33/><F33/><W29/><G29/><T57/><D57/><U101/><E101/><V98/><F17/><W11/><G1/><T42/><D0/><U59/><E59/><V63/><F63/><RYUUKYOKU ba="1,0" sc="145,-30,661,10,34,10,160,10" hai1="38,43,44,45,51,55,80,81,92,94" hai2="30,31,52,54,70,71,72,74,88,91,93,97,98" hai3="7,11,14,18,73,77,78,82,83,84,105,106,107" /><INIT seed="3,2,0,5,3,44" ten="115,671,44,170" oya="3" hai0="56,115,17,90,128,36,99,80,123,26,116,131,9" hai1="67,63,69,28,1,54,10,125,39,23,65,84,21" hai2="37,0,74,41,60,85,96,75,20,47,59,61,111" hai3="6,66,103,119,106,49,31,8,71,43,51,113,68" shuffle="mt19937ar,D052DA26,824DB19C,F0174170,F98B36B7,F21B5C72,F0AEE3C5,34A7AEE2,CB6D524F"/><W12/><G119/><T14/><D116/><U3/><E39/><V70/><F111/><W18/><G113/><T91/><D123/><U25/><E125/><V88/><F0/><W120/><G120/><T15/><D115/><U5/><E67/><V86/><F96/><W82/><G31/><T52/><D36/><U50/><E84/><V101/><F101/><W48/><G66/><T97/><D128/><U46/><REACH who="1" step="1"/><E3/><REACH who="1" step="2"/><V135/><F135/><W132/><G132/><T64/><D64/><U55/><E55/><V35/><F86/><W11/><G43/><T40/><D131/><U34/><AGARI ba="2,1" hai="1,5,10,21,23,25,28,34,46,50,54,63,65,69" machi="34" ten="20,5200,0" yaku="1,1,0,1,7,1,52,1,53,0" doraHai="44" doraHaiUra="13" who="1" fromWho="1" sc="115,-15,661,68,44,-15,170,-28" /><INIT seed="4,0,0,0,3,96" ten="100,729,29,142" oya="0" hai0="30,93,57,128,18,102,16,25,13,23,106,122,14" hai1="36,62,126,120,11,19,67,53,47,132,44,103,97" hai2="49,7,73,12,0,133,10,127,91,119,87,58,39" hai3="63,84,83,95,74,130,70,50,9,116,123,59,34" shuffle="mt19937ar,B140542D,0511908D,2713CCCB,47CA988B,A7DE1230,089F2263,2F4B2336,7F419E2F"/><T65/><D122/><U105/><E120/><V29/><F73/><W75/><G123/><T27/><D106/><U38/><E126/><V108/><F39/><W118/><G70/><T121/><D128/><U26/><E132/><V31/><F108/><W4/><G34/><T112/><D112/><U43/><E36/><V51/><F133/><W110/><G110/><T64/><D121/><U134/><E134/><V69/><F69/><W24/><G75/><T68/><D68/><U2/><E47/><V20/><F127/><W131/><G74/><T55/><D27/><U54/><E2/><V46/><F119/><W15/><G24/><T124/><D124/><U86/><E86/><V92/><F0/><W32/><G32/><T85/><D18/><U6/><E6/><V117/><F117/><W104/><G104/><T135/><D13/><U48/><E38/><V88/><F88/><N who="3" m="53639" /><G83/><T101/><D135/><U33/><E11/><V76/><F76/><W42/><G42/><T111/><D111/><U1/><E1/><V113/><F113/><W72/><G72/><T41/><D41/><U66/><E66/><N who="0" m="25705" /><D25/><U114/><E114/><V5/><F5/><W80/><G118/><T82/><D30/><N who="1" m="19671" /><E19/><V98/><F98/><W99/><G116/><T8/><D8/><U78/><E78/><V3/><F3/><W109/><G109/><T89/><D82/><U56/><E43/><N who="2" m="24799" /><F20/><W17/><G4/><T100/><D100/><U35/><E35/><V79/><F79/><W28/><G28/><T125/><D125/><U40/><E40/><V115/><F115/><W107/><G131/><RYUUKYOKU ba="0,0" sc="100,10,729,10,29,10,142,-30" hai0="14,16,23,55,57,85,89,93,101,102" hai1="44,48,53,54,56,62,67,97,103,105" hai2="7,10,12,29,31,51,58,87,91,92" /><INIT seed="4,1,0,4,2,127" ten="110,739,39,112" oya="0" hai0="135,48,54,74,83,78,68,52,39,51,124,0,95" hai1="34,13,45,121,37,123,110,126,117,25,5,120,103" hai2="22,76,101,59,67,125,79,107,32,53,115,99,129" hai3="119,35,65,12,21,97,90,47,16,84,77,118,96" shuffle="mt19937ar,0DC1A1A8,1C240F78,725AFE66,FB4AE17D,DA1C4B72,92C827ED,C3ED9553,632E8396"/><T19/><D124/><U11/><E45/><V30/><F125/><W94/><G35/><T92/><D135/><U116/><E37/><V23/><F115/><W64/><G119/><T2/><D68/><U86/><E86/><V7/><F7/><W42/><G118/><N who="1" m="45674" /><E103/><V56/><F32/><W73/><G73/><T27/><D39/><U113/><E126/><V132/><F132/><W43/><G43/><T58/><D0/><U112/><E34/><V66/><F30/><W111/><G111/><T24/><D2/><U31/><E31/><V122/><F122/><W9/><G77/><T87/><D74/><U109/><E25/><N who="0" m="9801" /><D19/><U100/><E100/><V60/><F129/><W105/><G105/><T71/><D71/><U29/><E29/><V38/><F38/><W72/><G72/><T82/><D82/><U88/><E88/><V28/><F28/><W1/><G1/><T15/><D15/><U50/><E50/><V17/><F67/><N who="3" m="25675" /><G21/><T8/><D8/><U46/><E46/><AGARI ba="1,0" hai="46,48,51,52,54,58,78,83,87,92,95" m="9801" machi="46" ten="30,1500,0" yaku="8,1" doraHai="127" who="0" fromWho="1" sc="110,18,739,-18,39,0,112,0" /><INIT seed="4,2,0,3,3,48" ten="128,721,39,112" oya="0" hai0="92,6,34,116,23,78,84,42,99,13,124,45,19" hai1="39,81,15,80,22,35,32,59,111,41,91,49,104" hai2="60,130,8,132,77,129,89,58,51,105,18,131,87" hai3="134,47,126,64,65,55,79,69,97,61,62,52,50" shuffle="mt19937ar,F5B172B8,CF20FBEB,D43FB4FA,01930D6E,1F7866BE,868624E0,6E425185,B5DF260E"/><T25/><D116/><U14/><E104/><V115/><F105/><W56/><G97/><T2/><D124/><U135/><E39/><V96/><F96/><W21/><G126/><T53/><D53/><N who="3" m="20553" /><G79/><T54/><D54/><U108/><E59/><V46/><F77/><W114/><G21/><T33/><D99/><U123/><E49/><V118/><F118/><W16/><G16/><T5/><D92/><U125/><E41/><N who="2" m="25039" /><F18/><W102/><G102/><T29/><D84/><U9/><E22/><V38/><F8/><W103/><G103/><T26/><D78/><U10/><E91/><V57/><F89/><W11/><G11/><N who="0" m="2487" /><D45/><U88/><E88/><V101/><F101/><W17/><G17/><T109/><D42/><U106/><E106/><V28/><F28/><W76/><G134/><T37/><D37/><U27/><E125/><V72/><F72/><W128/><G128/><N who="2" m="32769" /><V90/><DORA hai="70" /><F90/><W122/><G76/><T113/><D113/><U67/><E135/><V112/><F87/><W71/><G114/><N who="2" m="43561" /><F132/><W36/><G122/><T3/><D109/><U0/><E108/><V75/><F75/><W93/><G93/><T120/><D120/><U24/><E111/><V86/><F86/><W43/><G36/><T127/><D127/><U63/><E123/><V31/><F31/><W95/><G95/><T117/><D117/><U121/><E121/><V85/><F85/><W1/><G1/><T133/><D133/><U66/><E0/><V4/><F38/><W7/><G7/><T94/><D94/><U20/><E63/><V44/><F4/><W73/><G73/><RYUUKYOKU ba="2,0" sc="128,-15,721,15,39,-15,112,15" hai1="9,10,14,15,20,24,27,32,35,66,67,80,81" hai3="43,47,50,56,61,62,64,65,69,71" /><INIT seed="5,3,0,2,3,65" ten="113,736,24,127" oya="1" hai0="42,7,115,68,5,69,102,19,116,90,95,97,26" hai1="62,130,24,99,74,47,51,78,60,22,72,64,25" hai2="106,43,105,121,45,80,67,104,122,131,40,79,23" hai3="33,39,61,87,70,103,48,111,98,112,114,92,30" shuffle="mt19937ar,0823B2A5,92406A80,73AC9AD7,E640B24C,C871DDA4,F106E6B0,01D4C2A8,3502B725"/><U37/><E37/><V58/><F131/><W107/><G39/><T57/><D115/><N who="3" m="44073" /><G48/><T10/><D116/><U4/><E130/><V55/><F23/><W29/><G33/><T3/><D42/><U85/><E62/><V44/><F67/><N who="3" m="41327" /><G111/><T1/><D102/><U73/><E4/><V46/><F58/><W17/><G17/><T118/><D118/><U54/><E99/><V100/><F55/><W16/><G16/><T59/><D26/><U124/><E124/><V21/><F21/><W101/><G101/><T89/><D19/><U109/><E109/><V6/><F100/><W83/><G107/><T96/><REACH who="0" step="1"/><D95/><REACH who="0" step="2"/><U86/><E22/><V120/><F6/><W88/><AGARI ba="3,1" hai="29,30,83,87,88,92,98,103" m="41327,44073" machi="88" ten="30,2000,0" yaku="15,1,52,1" doraHai="65" who="3" fromWho="3" sc="103,-8,736,-13,24,-8,127,39" /><INIT seed="6,0,0,5,3,48" ten="95,723,16,166" oya="2" hai0="47,17,94,95,115,74,18,130,43,97,77,28,116" hai1="76,135,128,118,96,121,31,52,88,103,79,25,127" hai2="65,34,2,132,84,6,91,21,109,49,19,120,89" hai3="64,92,54,125,1,14,66,58,68,63,108,102,20" shuffle="mt19937ar,56A950D7,384C0A1A,EFE02FD3,1B401AE9,20C7D878,D18D5E27,10A0E355,069C09A3"/><V80/><F120/><W23/><G108/><T113/><D113/><U78/><BYE who="0" /><E118/><V29/><F109/><W126/><G1/><T3/><D3/><U55/><E127/><N who="3" m="48650" /><G14/><T12/><D12/><U134/><E128/><V85/><F65/><N who="3" m="25195" /><G68/><T15/><D15/><U11/><E11/><V101/><F132/><N who="1" m="50729" /><E88/><V99/><F34/><W26/><G26/><T86/><D86/><U60/><E60/><V37/><F37/><W56/><G56/><T83/><D83/><U133/><N who="1" m="50737" /><U62/><DORA hai="16" /><E62/><V131/><F131/><W61/><G61/><T44/><D44/><U57/><E57/><V71/><F71/><W87/><G87/><T46/><D46/><U124/><E124/><V105/><F29/><W90/><G90/><T50/><D50/><U129/><E129/><V36/><F49/><W4/><G4/><T45/><D45/><U35/><E121/><V24/><F36/><W98/><AGARI ba="0,0" hai="20,23,54,58,63,92,98,102" m="25195,48650" machi="98" ten="30,7900,0" yaku="18,1,52,3" doraHai="48,16" who="3" fromWho="3" sc="95,-20,723,-20,16,-39,166,79" owari="75,-32,703,79,-23,-52,245,5" /></mjloggm>