<mjloggm ver="2.3"><GO type="97"/><UN n0="%E3%81%B8%E3%81%A3%E3%81%BD%E3%81%93%E9%9B%80%E5%BF%97" n1="%E3%83%89%E3%82%B5%E6%8B%93" n2="%E3%82%A6%E3%83%AB%E3%83%88%E3%83%A9%E7%AB%8B%E7%9B%B4" n3="%E3%82%AD%E3%83%BC%E3%83%AA" dan="14,13,13,13" rate="1911,1889,1803,1819" sx="M,M,M,M"/><TAIKYOKU oya="0"/><INIT seed="0,0,0,2,2,131" ten="250,250,250,250" oya="0" hai0="115,110,39,117,53,47,36,29,58,30,106,27,17" hai1="114,89,44,74,16,23,38,10,1,42,86,32,19" hai2="132,15,87,9,76,80,112,122,26,102,108,134,75" hai3="48,62,4,85,43,99,6,101,90,46,3,69,31"/><T63/><D115/><U71/><E114/><V12/><F122/><W127/><G127/><T70/><D117/><U20/><E32/><V37/><F37/><W0/><G0/><T8/><D106/><U73/><E71/><V22/><F112/><W21/><G3/><T135/><D135/><N who="2" m="51754" /><F102/><W49/><G49/><T41/><D110/><U78/><E78/><V64/><F64/><W116/><G116/><T83/><D70/><U88/><E1/><V65/><F65/><W82/><G69/><T84/><D36/><U94/><E89/><V35/><F35/><W121/><G121/><T98/><D98/><U55/><E10/><V107/><F107/><W59/><G31/><T103/><D103/><U13/><REACH who="1" step="1"/><E55/><REACH who="1" step="2"/><V124/><F124/><W56/><G21/><T100/><D100/><U93/><E93/><V95/><F108/><W18/><G101/><T119/><D119/><U123/><E123/><V96/><F9/><W45/><G90/><T125/><D125/><U33/><E33/><V68/><F68/><W28/><G82/><T105/><D105/><U104/><E104/><V61/><F75/><W25/><G43/><T67/><D67/><U128/><E128/><V81/><F81/><W129/><G129/><T57/><D8/><U51/><E51/><V2/><F2/><W91/><G48/><T60/><D39/><U72/><E72/><V120/><F120/><W113/><G113/><T40/><D53/><U34/><E34/><V118/><F118/><W14/><G91/><T54/><D41/><U111/><E111/><V133/><N who="2" m="51762" /><V97/><DORA hai="109" /><F95/><RYUUKYOKU ba="0,1" sc="250,-10,240,30,250,-10,250,-10" hai1="13,16,19,20,23,38,42,44,73,74,86,88,94" /><INIT seed="1,1,1,5,5,48" ten="240,270,240,240" oya="1" hai0="69,21,71,120,132,121,7,102,65,2,10,84,55" hai1="14,4,25,60,54,16,56,112,22,26,5,49,130" hai2="74,106,18,96,39,23,57,1,33,111,58,118,119" hai3="81,135,13,113,128,82,29,67,108,97,117,64,100"/><U46/><E112/><V32/><F39/><W134/><G113/><T105/><D132/><N who="3" m="50729" /><G108/><T127/><D127/><U52/><E130/><V12/><F1/><W70/><G128/><T76/><D105/><U129/><E129/><V42/><F74/><W27/><G70/><T98/><D98/><U66/><E26/><V125/><F42/><W41/><G41/><T126/><D126/><U93/><E93/><V19/><F125/><W85/><G13/><T109/><D109/><U73/><E73/><V133/><F111/><W6/><G6/><N who="1" m="2666" /><E25/><V59/><F133/><W92/><G117/><T72/><D102/><U8/><E8/><V99/><F106/><W103/><G103/><T50/><D72/><U79/><E79/><V62/><F62/><W131/><G131/><T44/><D65/><AGARI ba="1,1" hai="14,16,22,46,49,52,54,56,60,65,66" m="2666" machi="65" ten="30,12000,1" yaku="8,1,52,2,54,2" doraHai="48" who="1" fromWho="0" sc="240,-123,270,133,240,0,240,0" /><INIT seed="1,2,0,0,4,125" ten="117,403,240,240" oya="1" hai0="86,36,20,135,95,44,89,64,102,115,47,134,85" hai1="123,3,104,127,55,10,92,19,40,34,84,107,82" hai2="15,0,32,76,48,73,70,50,124,52,49,77,46" hai3="63,109,28,101,99,96,21,132,68,91,69,9,37"/><U1/><E127/><V117/><F0/><W22/><G37/><T122/><D115/><U23/><E123/><V97/><F32/><W13/><G109/><T33/><D33/><U54/><E34/><V39/><F70/><W45/><G132/><T106/><D122/><U112/><E112/><V119/><F124/><W24/><G22/><T51/><D64/><U59/><E1/><V121/><F121/><W98/><G45/><T58/><D106/><U53/><E59/><V18/><F39/><W133/><G133/><N who="0" m="50699" /><D20/><U4/><E40/><V8/><F73/><W105/><G91/><N who="0" m="53743" /><D102/><U61/><E92/><V72/><F72/><W56/><G69/><T128/><D36/><U12/><REACH who="1" step="1"/><E61/><REACH who="1" step="2"/><V120/><F120/><W78/><G68/><T116/><D116/><U42/><E42/><V75/><F117/><W79/><G105/><T103/><D103/><U14/><E14/><V129/><F119/><W6/><G101/><T94/><D128/><U81/><E81/><V38/><F129/><W11/><REACH who="3" step="1"/><G9/><REACH who="3" step="2"/><T27/><D27/><U2/><E2/><V88/><F38/><W66/><AGARI ba="2,2" hai="6,11,13,21,24,28,56,63,66,78,79,96,98,99" machi="66" ten="30,7900,0" yaku="1,1,2,1,0,1,8,1,53,0" doraHai="125" doraHaiUra="130" who="3" fromWho="3" sc="117,-22,393,-41,240,-22,230,105" /><INIT seed="2,0,0,4,0,132" ten="95,352,218,335" oya="2" hai0="106,71,80,83,115,133,95,7,62,0,38,99,122" hai1="55,12,50,21,79,69,9,66,35,126,34,23,92" hai2="131,20,94,96,16,8,42,43,84,60,3,110,78" hai3="65,119,113,70,68,45,112,53,114,51,18,98,5"/><V105/><F105/><W39/><G5/><T40/><D122/><U6/><E126/><V63/><F3/><W31/><G31/><T14/><D133/><U121/><E121/><V32/><F8/><W116/><G98/><T85/><D106/><U49/><E35/><V111/><F32/><W37/><G18/><T127/><D115/><U76/><E34/><V120/><F120/><W33/><G33/><T91/><D0/><U46/><E69/><N who="3" m="26730" /><G65/><T56/><D71/><U102/><E66/><V97/><F97/><W1/><G1/><T11/><D38/><AGARI ba="0,0" hai="37,38,39,45,51,53,112,113,114,116,119" m="26730" machi="38" ten="40,5200,0" yaku="11,1,34,2" doraHai="132" who="3" fromWho="0" sc="95,-52,352,0,218,0,335,52" /><INIT seed="3,0,0,5,1,111" ten="43,352,218,387" oya="3" hai0="53,14,10,102,29,106,59,71,73,60,131,94,75" hai1="85,12,6,116,98,81,89,5,51,123,1,129,122" hai2="67,15,80,52,35,99,79,13,42,114,92,20,93" hai3="43,0,105,83,25,88,30,22,63,113,66,32,109"/><W77/><G113/><T97/><D106/><U27/><E116/><V3/><F35/><W47/><G0/><T132/><D132/><U9/><E1/><V33/><F33/><W124/><G105/><T133/><D133/><U7/><E123/><V19/><F3/><W130/><G130/><T28/><D131/><U82/><E129/><V91/><F67/><W78/><G109/><T118/><D118/><U86/><E122/><V120/><F42/><W103/><G124/><T87/><D71/><U119/><E119/><V90/><F120/><W126/><G126/><T64/><D64/><U74/><E74/><V23/><F114/><W39/><G32/><T48/><D48/><U17/><E27/><V46/><F79/><W76/><G103/><T58/><D58/><U112/><E112/><V127/><F80/><W40/><G88/><T21/><D87/><U96/><REACH who="1" step="1"/><E51/><REACH who="1" step="2"/><V45/><F127/><W4/><G39/><T104/><D104/><U37/><E37/><V8/><F15/><W134/><G134/><T125/><D125/><U65/><E65/><V16/><F19/><W50/><G66/><T84/><D84/><U41/><E41/><V57/><F46/><W24/><G43/><T26/><REACH who="0" step="1"/><D29/><REACH who="0" step="2"/><U34/><E34/><V70/><F70/><W101/><G30/><T61/><D61/><U18/><E18/><AGARI ba="0,2" hai="10,14,18,21,26,28,53,59,60,73,75,94,97,102" machi="18" ten="30,3900,0" yaku="1,1,7,1,53,1" doraHai="111" doraHaiUra="56" who="0" fromWho="1" sc="33,59,342,-39,218,0,387,0" owari="92,-31,303,5,218,-13,387,39" /></mjloggm>