<mjloggm ver="2.3"><GO type="97"/><UN n0="%E5%88%9D%E7%AD%89%E9%81%8A%E6%B0%91" n1="%E3%82%A6%E3%83%AB%E3%83%88%E3%83%A9%E7%AB%8B%E7%9B%B4" n2="%6D%69%79%61%36" n3="%73%61%74%6F%74%74%69" dan="14,13,15,14" rate="1941,1826,2039,1896" sx="M,M,M,M"/><TAIKYOKU oya="0"/><INIT seed="0,0,0,4,1,96" ten="250,250,250,250" oya="0" hai0="98,114,10,6,118,34,61,24,20,60,106,31,122" hai1="107,104,11,54,121,15,16,110,22,9,43,105,13" hai2="58,79,102,59,3,95,103,65,64,29,83,90,38" hai3="76,0,115,12,55,119,112,50,53,44,1,127,86"/><T28/><D122/><U94/><E121/><V87/><F38/><W39/><G76/><T17/><D118/><U77/><E110/><V84/><F3/><W73/><G39/><T67/><D114/><U7/><E43/><V8/><F8/><W56/><G73/><T88/><D31/><U123/><E123/><V36/><F36/><W108/><G119/><T18/><D61/><U42/><E42/><V89/><F29/><W72/><G72/><T97/><D97/><U124/><E124/><V117/><F117/><W30/><G108/><T93/><D106/><U27/><E77/><V37/><F37/><W46/><G30/><T51/><D51/><U40/><E40/><V23/><F23/><W113/><G127/><T129/><D129/><U57/><E94/><V66/><F79/><W63/><G12/><T111/><D111/><U126/><E126/><V32/><F32/><W81/><G81/><T99/><D99/><U35/><E35/><V74/><F74/><W135/><G86/><T71/><REACH who="0" step="1"/><D34/><REACH who="0" step="2"/><U45/><E45/><V125/><F125/><W133/><REACH who="3" step="1"/><G46/><REACH who="3" step="2"/><T100/><D100/><AGARI ba="0,2" hai="58,59,64,65,66,83,84,87,89,90,95,100,102,103" machi="100" ten="40,8000,1" yaku="8,1,52,3" doraHai="96" who="2" fromWho="0" sc="240,-80,250,0,250,100,240,0" /><INIT seed="1,0,0,2,0,97" ten="160,250,350,240" oya="1" hai0="55,9,86,123,42,8,7,47,129,90,92,76,28" hai1="33,1,57,37,128,64,93,10,109,56,3,127,45" hai2="34,12,59,20,114,71,17,53,108,134,29,16,46" hai3="89,35,80,116,95,6,78,60,52,13,103,23,125"/><U77/><E77/><V110/><F71/><W18/><G35/><T79/><D129/><U102/><E33/><V70/><F70/><W27/><G116/><T25/><D123/><U126/><E45/><V72/><F72/><W44/><G125/><N who="1" m="47626" /><E37/><V63/><F114/><W67/><G6/><T107/><D107/><U38/><E38/><V21/><F134/><W48/><G27/><T106/><D106/><U131/><E109/><V49/><F29/><W100/><G78/><T111/><D111/><U120/><E120/><V66/><REACH who="2" step="1"/><F34/><REACH who="2" step="2"/><W87/><G80/><T61/><D28/><U41/><E131/><V133/><F133/><W74/><G74/><T124/><D124/><U62/><E128/><V54/><F54/><W91/><G91/><T32/><D55/><U73/><E73/><V105/><F105/><W43/><G43/><T132/><D42/><U11/><E41/><V130/><F130/><W104/><G104/><T135/><D90/><U30/><E30/><V19/><F19/><W118/><G118/><T24/><D32/><U82/><E57/><AGARI ba="0,1" hai="13,18,23,44,48,52,57,60,67,87,89,95,100,103" machi="57" ten="30,8000,1" yaku="7,1,8,1,52,2,54,1" doraHai="97" who="3" fromWho="1" sc="160,0,250,-80,340,0,240,90" /><INIT seed="2,0,0,5,1,51" ten="160,170,340,330" oya="2" hai0="53,113,43,101,42,120,79,39,125,93,91,114,32" hai1="131,130,87,104,134,21,109,17,54,75,35,55,9" hai2="72,23,99,29,106,119,14,19,97,18,81,100,59" hai3="57,96,74,64,129,1,56,47,88,63,24,46,48"/><V80/><F119/><W133/><G74/><T115/><D120/><U70/><E35/><V26/><F72/><W111/><G1/><T132/><D32/><U69/><E104/><V67/><F18/><W44/><G111/><T135/><D79/><U117/><E75/><V38/><F38/><W126/><G126/><T77/><D77/><U33/><E33/><V60/><REACH who="2" step="1"/><F97/><REACH who="2" step="2"/><W108/><G108/><T30/><D39/><U78/><E117/><V36/><F36/><W20/><G129/><T118/><D118/><U12/><E109/><V49/><F49/><W103/><G133/><T121/><D135/><U123/><E134/><V66/><F66/><W86/><G48/><T11/><D132/><U28/><E123/><V68/><F68/><W52/><G64/><T2/><D121/><U10/><E70/><V116/><F116/><W122/><G122/><T110/><D110/><U71/><E69/><V62/><F62/><W61/><G96/><T102/><D115/><U41/><E71/><V3/><F3/><W65/><G103/><T85/><D102/><U83/><E41/><V95/><F95/><W25/><G20/><AGARI ba="0,1" hai="14,19,20,23,26,29,59,60,67,80,81,99,100,106" machi="20" ten="30,2900,0" yaku="1,1,7,1,53,0" doraHai="51" doraHaiUra="82" who="2" fromWho="3" sc="160,0,170,0,330,39,330,-29" /><INIT seed="2,1,0,2,2,119" ten="160,170,369,301" oya="2" hai0="30,103,43,38,37,6,49,130,90,88,9,115,117" hai1="46,55,16,78,34,96,68,60,20,86,26,24,48" hai2="120,27,114,4,98,13,21,83,108,31,107,51,59" hai3="70,74,134,118,44,3,113,53,106,73,132,89,35"/><V135/><F114/><W22/><G53/><T11/><D115/><U54/><E96/><V28/><F135/><W1/><G44/><T42/><D117/><U14/><E34/><V76/><F108/><W47/><G47/><T92/><D103/><U75/><E75/><V50/><F31/><W58/><G58/><T72/><D72/><N who="3" m="27753" /><G22/><T82/><D82/><U7/><E7/><V66/><F66/><W105/><G113/><T93/><D30/><U15/><E15/><V64/><F59/><W79/><G118/><T95/><D49/><U62/><E55/><V61/><F64/><W56/><G56/><T2/><D6/><U19/><E68/><V127/><F61/><N who="1" m="23657" /><E19/><V57/><F50/><W18/><G18/><T45/><D45/><U67/><E67/><V52/><F51/><W101/><G89/><T125/><D95/><U8/><E20/><V85/><F52/><W87/><G101/><T77/><D77/><U121/><E121/><V36/><F57/><W41/><G41/><T128/><REACH who="0" step="1"/><D2/><REACH who="0" step="2"/><N who="3" m="521" /><G79/><T104/><D104/><N who="3" m="40041" /><G87/><T111/><D111/><U116/><E116/><V124/><F76/><W129/><G70/><T91/><D91/><U133/><E78/><V100/><F107/><W40/><G40/><T17/><D17/><U69/><E69/><V102/><F100/><W110/><G110/><T123/><D123/><U131/><E86/><V25/><F120/><W94/><G94/><T109/><D109/><U99/><E46/><V97/><F102/><W126/><G35/><T12/><D12/><U71/><E14/><V29/><F13/><W10/><G134/><RYUUKYOKU ba="1,1" sc="150,30,170,-10,369,-10,301,-10" hai0="9,11,37,38,42,43,88,90,92,93,125,128,130" /><INIT seed="3,2,1,3,1,79" ten="180,160,359,291" oya="3" hai0="104,101,111,123,98,113,34,92,35,8,77,133,68" hai1="131,63,103,42,132,21,135,74,32,88,24,89,43" hai2="112,130,19,105,29,12,106,25,26,5,28,118,30" hai3="51,37,70,99,41,60,109,33,83,15,107,66,39"/><W13/><G33/><T53/><D123/><U87/><E74/><V124/><F5/><W78/><G109/><T80/><D68/><U62/><E32/><V18/><F112/><W49/><G15/><T85/><D111/><U86/><E103/><V128/><F118/><W120/><G120/><T125/><D125/><U121/><E121/><V115/><F115/><W65/><G13/><T117/><D117/><U48/><E131/><N who="2" m="50219" /><F124/><W90/><G66/><T40/><D40/><U64/><E48/><V126/><F126/><W122/><G122/><T96/><D133/><N who="1" m="51275" /><E87/><V127/><F127/><W22/><G22/><T50/><D113/><U82/><E89/><V56/><F56/><W73/><G49/><T45/><D8/><U1/><E1/><V46/><F46/><W71/><G71/><T0/><D0/><U93/><E93/><V54/><F54/><W75/><G75/><T55/><D53/><U20/><E20/><N who="2" m="13463" /><F26/><W102/><G51/><T61/><D61/><N who="1" m="23051" /><E64/><V114/><F114/><W31/><G31/><AGARI ba="2,1" hai="21,24,31,42,43,82,86,88" m="23051,51275" machi="31" ten="30,3900,0" yaku="20,1,52,1,54,1" doraHai="79" who="1" fromWho="3" sc="180,0,160,55,359,0,291,-45" owari="180,-22,215,-13,359,35,246,0" /></mjloggm>