<mjloggm ver="2.3"><GO type="193"/><UN n0="%E3%82%A6%E3%83%AB%E3%83%88%E3%83%A9%E7%AB%8B%E7%9B%B4" n1="%E3%81%8A%E3%81%A8%E3%83%BC%E3%81%95%E3%82%93" n2="%E3%82%AC%E3%83%A9%E3%83%91%E3%82%B4%E3%82%B9" n3="%E3%81%93%E3%81%93%E3%82%8D%EF%BC%BE%EF%BC%BE" dan="11,11,11,12" rate="1774,1615,1475,1638" sx="M,M,M,F"/><TAIKYOKU oya="0"/><INIT seed="0,0,0,0,2,80" ten="250,250,250,250" oya="0" hai0="50,33,63,67,65,128,108,118,89,11,69,88,121" hai1="1,114,44,90,51,94,46,61,10,106,134,9,72" hai2="55,16,49,87,15,19,47,116,126,102,105,36,3" hai3="97,93,17,91,22,83,95,12,75,37,129,18,107" shuffle="mt19937ar,58B4602E,86F22EF6,5DEA00B6,4E0A2BC9,781536AA,2BA5158A,FF35EB9D,50563FDF"/><T122/><D33/><U34/><E114/><V109/><F3/><W98/><G129/><T57/><D118/><U62/><E34/><V104/><F109/><W86/><G37/><T92/><D128/><U4/><E72/><V64/><F126/><W32/><G32/><T2/><D108/><U124/><E106/><V82/><F64/><W115/><G115/><T42/><D89/><U76/><E134/><V133/><F116/><W14/><G107/><T27/><D27/><U101/><E124/><V21/><F102/><W96/><G75/><T39/><D39/><U24/><E101/><V85/><F133/><W130/><REACH who="3" step="1"/><G130/><REACH who="3" step="2"/><T7/><D121/><U100/><E76/><V99/><F105/><W35/><G35/><T123/><D122/><U58/><E100/><V54/><F104/><W103/><G103/><T81/><D123/><U38/><E38/><V23/><F36/><W25/><G25/><T119/><D119/><U113/><E24/><V135/><F135/><W60/><G60/><T0/><D63/><U132/><E113/><V28/><F49/><W59/><G59/><T45/><D57/><U70/><E132/><V78/><F47/><W125/><G125/><T29/><D69/><U48/><E70/><V6/><F28/><W66/><G66/><T112/><D29/><U52/><E58/><V20/><F20/><AGARI ba="0,1" hai="12,14,17,18,20,22,83,86,91,93,95,96,97,98" machi="20" ten="40,8000,1" yaku="1,1,9,1,8,1,52,1,53,1" doraHai="80" doraHaiUra="79" who="3" fromWho="2" sc="250,0,250,0,250,-80,240,90" /><INIT seed="1,0,0,0,4,10" ten="250,250,170,330" oya="1" hai0="4,13,95,114,20,135,23,44,56,52,37,30,109" hai1="6,84,123,35,0,86,87,19,62,7,41,112,80" hai2="58,29,125,2,31,133,38,117,122,40,101,49,108" hai3="45,111,116,11,64,54,75,96,107,24,53,120,5" shuffle="mt19937ar,E98F16A5,2CB2E6EE,85754D8D,A64CC1F0,D88717E3,BB9FF99C,814B57B7,53B7FB6F"/><U91/><E123/><V104/><F117/><W118/><G120/><T36/><D114/><U63/><E112/><V131/><F122/><W25/><G111/><T69/><D69/><U46/><E35/><V76/><F108/><W128/><G75/><T28/><D109/><U17/><E0/><V47/><F125/><W59/><G128/><T48/><D135/><U126/><E126/><V71/><F71/><W89/><G64/><T110/><D110/><U121/><E121/><V99/><F133/><W129/><G129/><T85/><D37/><U132/><E132/><V98/><F131/><W115/><G115/><T83/><D95/><U88/><E41/><V102/><F76/><W27/><G27/><T34/><D36/><U14/><E46/><V81/><F81/><W12/><G45/><T21/><D44/><U61/><E80/><V130/><F130/><W60/><G53/><T65/><D65/><U103/><E103/><V43/><F2/><W55/><G55/><T66/><D66/><U127/><E127/><V70/><F70/><W90/><G90/><N who="1" m="34346" /><E14/><V8/><F8/><W100/><REACH who="3" step="1"/><G89/><REACH who="3" step="2"/><N who="0" m="51391" /><D34/><U78/><E78/><V3/><F43/><W26/><AGARI ba="0,1" hai="5,11,12,24,25,26,54,59,60,96,100,107,116,118" machi="26" ten="30,4000,0" yaku="1,1,0,1,52,1,53,0" doraHai="10" doraHaiUra="79" who="3" fromWho="3" sc="250,-10,250,-20,170,-10,320,50" /><INIT seed="2,0,0,1,2,6" ten="240,230,160,370" oya="2" hai0="54,14,15,124,100,126,130,83,19,101,7,28,38" hai1="42,66,92,113,127,106,47,23,1,95,68,11,17" hai2="94,96,120,79,56,53,58,4,111,135,76,29,13" hai3="69,114,39,10,134,31,37,91,30,133,65,90,93" shuffle="mt19937ar,B2BD788A,AF0C35C6,D557251F,E5F11E43,FE09CF3C,A4D57B0C,E312C20A,D4FCC1B0"/><V85/><F120/><W40/><G114/><T132/><D38/><N who="3" m="14345" /><G40/><T64/><D64/><U81/><E113/><V131/><F131/><W50/><G50/><T125/><D28/><N who="3" m="10793" /><G65/><T72/><D130/><U59/><E106/><V62/><F29/><W78/><G69/><T0/><D132/><N who="3" m="50793" /><G78/><T105/><D105/><U22/><E68/><V52/><F135/><W86/><G91/><T89/><D0/><U51/><E127/><V18/><F4/><W121/><G121/><T2/><D2/><U61/><E81/><V119/><F119/><W44/><G44/><T27/><D7/><U63/><E63/><V73/><F73/><W74/><G74/><T5/><D5/><U102/><E102/><V9/><F111/><W108/><G108/><T35/><D89/><U82/><E1/><V99/><F79/><W57/><G57/><T16/><D83/><U32/><E82/><N who="2" m="47303" /><F94/><N who="1" m="35881" /><E32/><V67/><F67/><W116/><G116/><T87/><D72/><U129/><E129/><V110/><F110/><W34/><G34/><T109/><D35/><U118/><E118/><V45/><F45/><W75/><G75/><T36/><D109/><U26/><E23/><V115/><F115/><W112/><G112/><T80/><D124/><U103/><E103/><V25/><F25/><W43/><G43/><T104/><D125/><U20/><E20/><V88/><F88/><W55/><G55/><T41/><D54/><U12/><E26/><V48/><AGARI ba="0,0" hai="9,13,18,48,52,53,56,58,62,96,99" m="47303" machi="48" ten="30,6000,0" yaku="8,1,52,1,54,1" doraHai="6" who="2" fromWho="2" sc="240,-20,230,-20,160,60,370,-20" /><INIT seed="2,1,0,1,1,17" ten="220,210,220,350" oya="2" hai0="72,51,99,120,87,39,111,68,119,41,5,117,38" hai1="8,81,132,25,23,80,125,85,0,56,3,134,130" hai2="13,105,115,11,65,104,74,37,6,24,116,75,61" hai3="94,86,48,128,93,106,33,83,32,82,50,54,107" shuffle="mt19937ar,5912E1A0,90CE9639,34C72334,D60C991C,EA80FBA8,E5CC4EBF,9767D5FA,BFC950E5"/><V19/><F115/><W20/><G128/><T63/><D72/><U42/><E130/><V129/><F116/><N who="0" m="44618" /><D99/><U67/><E125/><V135/><F129/><W31/><G107/><T96/><D96/><U113/><E42/><V53/><F37/><N who="0" m="13834" /><D5/><U124/><E113/><V28/><F135/><N who="1" m="51753" /><E124/><V45/><F104/><W44/><G106/><T121/><D87/><U59/><E8/><V110/><F105/><W122/><G33/><T46/><D111/><U97/><E67/><AGARI ba="1,0" hai="41,46,51,63,67,68,120,121" m="13834,44618" machi="67" ten="30,3900,0" yaku="12,1,34,2" doraHai="17" who="0" fromWho="1" sc="220,42,210,-42,220,0,350,0" /><INIT seed="3,0,0,1,0,133" ten="262,168,220,350" oya="3" hai0="110,65,46,76,52,87,121,103,135,93,126,89,63" hai1="55,104,53,33,31,120,70,10,34,106,13,71,117" hai2="118,15,74,1,112,43,96,94,25,16,134,108,5" hai3="114,41,92,54,9,42,129,95,85,90,62,101,116" shuffle="mt19937ar,B7504C63,C1C2E7E7,81B4AA3A,F9F060AD,4E267C67,BACFEA3E,33102D5A,A98C661D"/><W99/><G114/><T124/><D121/><U131/><E31/><V23/><F118/><W18/><G116/><T24/><D135/><U45/><E13/><V22/><F112/><W49/><G129/><T21/><D110/><U127/><E10/><V60/><F108/><W113/><G113/><T82/><D103/><U19/><E45/><V4/><F74/><W47/><G62/><T29/><D46/><U91/><E19/><V11/><F43/><W72/><G72/><T102/><D102/><U39/><E91/><V44/><F134/><W14/><AGARI ba="0,0" hai="9,14,18,41,42,47,49,54,85,90,92,95,99,101" machi="14" ten="30,3000,0" yaku="0,1,8,1" doraHai="133" who="3" fromWho="3" sc="262,-10,168,-10,220,-10,350,30" owari="252,0,158,-24,210,-14,380,38" /></mjloggm>