<mjloggm ver="2.3"><GO type="193"/><UN n0="%6D%69%6E%61%73%65" n1="%E3%82%82%E3%81%A3%E3%81%93%E3%81%99%E5%A4%A7%E8%87%A3" n2="%E6%9C%88%E5%85%89%E3%81%AE%E3%83%BB%E3%83%BB%E3%83%BB" n3="%E3%82%A6%E3%83%AB%E3%83%88%E3%83%A9%E7%AB%8B%E7%9B%B4" dan="11,11,10,12" rate="1585,1634,1743,1780" sx="F,M,M,M"/><TAIKYOKU oya="0"/><INIT seed="0,0,0,2,4,45" ten="250,250,250,250" oya="0" hai0="92,123,33,116,29,133,14,81,43,69,131,62,37" hai1="103,132,13,108,1,125,36,77,85,83,34,4,102" hai2="105,66,71,89,41,93,21,61,49,118,67,26,106" hai3="109,6,25,79,65,122,113,27,24,40,11,53,114" shuffle="mt19937ar,90DEA3C8,7BE58907,C579D655,FE45F05D,423E2B42,CE11BA7D,FE6938DA,97C79A8B"/><T3/><D123/><U46/><E34/><V94/><F118/><W56/><G65/><T48/><D116/><U87/><E108/><V101/><F67/><W44/><G79/><T134/><D3/><U42/><E125/><V88/><F101/><W15/><G109/><T96/><D37/><U35/><E35/><V135/><F135/><N who="0" m="51722" /><D33/><U16/><E132/><V63/><F63/><W117/><G117/><T68/><D29/><U18/><E87/><V7/><F7/><W2/><G122/><T22/><D62/><U130/><E130/><V19/><F89/><W39/><REACH who="3" step="1"/><G2/><REACH who="3" step="2"/><T97/><D131/><U80/><E83/><V86/><REACH who="2" step="1"/><F94/><REACH who="2" step="2"/><W72/><G72/><T73/><D92/><U12/><E103/><V47/><AGARI ba="0,2" hai="19,21,26,41,47,49,61,66,71,86,88,93,105,106" machi="47" ten="30,8000,1" yaku="1,1,2,1,0,1,52,1,54,1,53,0" doraHai="45" doraHaiUra="120" who="2" fromWho="2" sc="250,-40,250,-20,240,100,240,-20" /><INIT seed="1,0,0,5,3,98" ten="210,230,340,220" oya="1" hai0="42,80,19,31,43,82,57,44,79,66,69,119,111" hai1="40,68,14,121,88,55,52,97,92,37,51,25,126" hai2="128,89,85,65,86,17,71,27,130,8,41,115,64" hai3="56,34,63,101,23,1,47,38,50,118,2,77,134" shuffle="mt19937ar,768C584B,94BF32BF,400B1568,1C202D1F,ABFE96CB,89B33A74,A2F4ADBD,29364957"/><U72/><E68/><V46/><F71/><W123/><G34/><T102/><D119/><U53/><E72/><V114/><F85/><W107/><G38/><T7/><D69/><U74/><E74/><V59/><F59/><W18/><G123/><T84/><D111/><U117/><E121/><V13/><F27/><W67/><G118/><T125/><D125/><U83/><E117/><V4/><F4/><W73/><G134/><T131/><D131/><N who="2" m="50218" /><F46/><W78/><G1/><T22/><D7/><U48/><E126/><V15/><F41/><N who="0" m="15370" /><D31/><U16/><E83/><N who="2" m="49375" /><F13/><W60/><G2/><T20/><D44/><U93/><E25/><V3/><F3/><W108/><G63/><N who="0" m="38255" /><D82/><U94/><E40/><V87/><F87/><W100/><G107/><T103/><D22/><N who="1" m="11543" /><E37/><V21/><F8/><W116/><G73/><T76/><D76/><N who="3" m="29289" /><G116/><T70/><D70/><U90/><E94/><V110/><F110/><W33/><G33/><T0/><D0/><U11/><E11/><V99/><F99/><AGARI ba="0,0" hai="48,51,52,53,55,88,90,92,93,97,99" m="11543" machi="99" ten="30,11600,0" yaku="8,1,54,3" doraHai="98" who="1" fromWho="2" sc="210,0,230,116,340,-116,220,0" /><INIT seed="1,1,0,4,1,24" ten="210,346,224,220" oya="1" hai0="120,125,111,123,131,71,26,35,53,101,37,63,51" hai1="25,86,105,88,79,60,30,5,135,42,28,129,23" hai2="22,133,96,20,41,98,107,18,13,87,69,89,85" hai3="48,100,6,54,7,61,78,15,109,4,116,104,122" shuffle="mt19937ar,846A0EC6,CA020675,2EE8DA47,57892CD4,D1C07006,8061299A,92C454FF,3108E15F"/><U47/><E105/><V132/><F69/><W117/><G100/><T127/><D101/><U114/><E114/><V70/><F107/><W64/><G78/><T0/><D0/><U90/><E135/><N who="2" m="51787" /><F70/><W21/><G104/><T34/><D26/><U112/><E79/><V73/><F41/><W124/><G61/><T83/><D83/><U29/><E112/><V67/><F73/><W134/><G64/><N who="0" m="41375" /><D37/><U81/><E129/><V113/><F67/><W80/><G80/><T91/><D91/><U40/><E5/><V94/><F113/><W77/><G77/><T110/><D34/><U62/><E90/><N who="2" m="53583" /><F20/><W55/><G134/><T46/><D35/><U3/><E3/><V10/><F10/><W50/><G21/><T76/><D76/><U118/><E118/><V45/><F45/><W14/><G7/><T68/><D68/><U36/><REACH who="1" step="1"/><E42/><REACH who="1" step="2"/><V102/><F102/><W1/><G1/><T108/><D131/><U130/><E130/><V115/><F115/><W59/><G117/><T75/><D75/><U11/><E11/><V39/><F39/><W121/><G116/><T74/><D74/><U65/><E65/><V31/><F31/><AGARI ba="1,1" hai="23,25,28,29,30,31,36,40,47,60,62,81,86,88" machi="31" ten="40,18000,2" yaku="1,1,52,4,54,1,53,1" doraHai="24" doraHaiUra="38" who="1" fromWho="2" sc="210,0,336,193,224,-183,220,0" /><INIT seed="1,2,0,5,5,57" ten="210,529,41,220" oya="1" hai0="91,118,27,1,99,100,111,82,13,125,18,122,19" hai1="33,79,129,123,116,127,90,22,3,64,102,112,53" hai2="15,14,77,12,31,120,92,89,34,62,51,134,66" hai3="58,110,54,17,119,132,11,36,41,21,106,75,135" shuffle="mt19937ar,18CA56C3,E007CD37,8818EAD2,14A41663,3C8738DC,926425EC,68987298,66FA921C"/><U56/><E3/><V115/><F120/><W83/><G106/><T107/><D1/><U114/><E33/><V8/><F115/><N who="1" m="44073" /><E79/><V47/><F134/><W87/><G75/><T84/><D122/><U16/><E102/><V67/><F77/><W52/><G41/><T113/><D113/><U45/><E45/><V68/><F67/><W20/><G36/><T124/><D118/><U69/><E69/><V60/><F31/><W128/><G119/><T126/><D111/><U30/><E30/><V7/><F68/><W78/><G110/><T37/><D37/><U117/><E90/><V63/><F66/><W80/><G80/><T5/><D27/><U103/><E103/><V50/><F34/><W95/><G95/><T73/><D73/><U108/><E22/><V101/><F101/><W104/><G104/><T39/><D39/><U6/><E6/><V25/><F25/><W61/><G54/><T133/><D133/><N who="3" m="51273" /><G128/><T49/><D49/><N who="2" m="18442" /><F47/><W96/><G96/><AGARI ba="2,0" hai="7,8,12,14,15,60,62,63,89,92,96" m="18442" machi="96" ten="30,7700,0" yaku="8,1,52,3" doraHai="57" who="2" fromWho="3" sc="210,0,529,0,41,83,220,-83" /><INIT seed="2,0,0,3,3,90" ten="210,529,124,137" oya="2" hai0="18,24,22,21,48,121,6,124,103,67,85,33,104" hai1="15,114,135,39,64,112,45,3,65,108,130,0,4" hai2="87,44,10,97,75,120,107,88,80,52,36,96,113" hai3="74,53,79,89,11,54,132,47,129,125,60,73,102" shuffle="mt19937ar,626B7F0F,1D81F957,21F41043,C6D6EA46,67D57C51,DCE713CC,9CA5FC18,A0304F41"/><V27/><F120/><W5/><G102/><T95/><D121/><U32/><E32/><V92/><F113/><W41/><G125/><T56/><D124/><U14/><E108/><V42/><F75/><W84/><G129/><T106/><D33/><U7/><E130/><V118/><F118/><W66/><G132/><T28/><D106/><U126/><E126/><V69/><F69/><W46/><G79/><T134/><D104/><U35/><E45/><V105/><F10/><W81/><G74/><T55/><D134/><U117/><E35/><V8/><F96/><W123/><G73/><T40/><D6/><U25/><E25/><V98/><F98/><W2/><G123/><T68/><D68/><U109/><E109/><V111/><F111/><W86/><G86/><T110/><D110/><U23/><E23/><V94/><F94/><W119/><G119/><T78/><D103/><U13/><E117/><V51/><F8/><W83/><G47/><T128/><D128/><U76/><E76/><V30/><F36/><W99/><G99/><T93/><D40/><U38/><REACH who="1" step="1"/><E15/><REACH who="1" step="2"/><V131/><F131/><W57/><REACH who="3" step="1"/><G83/><REACH who="3" step="2"/><N who="0" m="47351" /><D67/><U70/><E70/><V37/><F37/><AGARI ba="0,2" hai="2,5,11,37,41,46,53,54,57,60,66,81,84,89" machi="37" ten="30,2000,0" yaku="1,1,7,1,53,0" doraHai="90" doraHaiUra="116" who="3" fromWho="2" sc="210,0,519,0,124,-20,127,40" /><INIT seed="3,0,0,3,4,125" ten="210,519,104,167" oya="3" hai0="117,122,135,79,131,6,77,134,11,71,2,85,127" hai1="53,19,63,52,97,111,88,50,24,93,18,66,78" hai2="123,32,103,101,5,26,107,104,83,57,56,36,9" hai3="90,42,44,102,74,31,109,29,27,43,92,105,73" shuffle="mt19937ar,932B6A49,6B5F0D01,ABC38BB4,707878EA,9EB07AC8,9E8B35D8,72907884,C48F8358"/><W95/><G102/><T60/><D127/><U33/><E111/><V55/><F36/><W121/><G105/><T64/><D122/><U87/><E33/><V25/><F123/><W28/><G121/><T7/><D117/><U110/><E110/><V86/><F32/><W10/><G10/><N who="0" m="2391" /><D85/><U15/><E24/><V17/><F107/><W39/><G27/><T100/><D100/><U94/><E50/><V46/><F104/><W12/><G12/><N who="0" m="5247" /><D131/><U128/><E128/><V21/><F26/><W35/><G35/><T37/><D37/><U68/><E78/><V34/><F34/><W49/><G109/><T16/><D16/><U130/><E130/><V61/><F57/><W41/><G39/><T108/><D108/><U99/><E19/><V38/><F38/><W4/><G90/><T89/><D89/><U115/><E115/><V51/><F9/><W65/><G65/><T13/><D13/><U106/><E106/><V126/><F5/><W119/><G4/><T133/><AGARI ba="0,0" hai="60,64,71,77,79,133,134,135" m="5247,2391" machi="133" ten="30,1100,0" yaku="20,1" doraHai="125" who="0" fromWho="0" sc="210,11,519,-3,104,-3,167,-5" owari="221,-3,516,52,101,-30,162,-19" /></mjloggm>