<mjloggm ver="2.3"><GO type="41"/><UN n0="%E3%82%A6%E3%83%AB%E3%83%88%E3%83%A9%E7%AB%8B%E7%9B%B4" n1="%73%77%61%6E%62%6F%61%74" n2="%68%6E%61%36%32%30%30%36" n3="%E4%B8%8B%E6%89%8B%E3%81%AE%E6%A8%AA%E5%A5%BD%E3%81%8D%E2%99%AA" dan="15,13,13,16" rate="1974,1833,1896,2024" sx="M,M,M,M"/><TAIKYOKU oya="0"/><INIT seed="0,0,0,0,0,97" ten="250,250,250,250" oya="0" hai0="42,103,63,81,50,113,88,7,25,16,107,129,48" hai1="27,131,28,71,90,47,108,78,30,10,86,13,94" hai2="45,116,106,117,0,33,99,102,77,2,56,135,17" hai3="49,121,55,21,70,5,104,34,79,124,35,75,36"/><T110/><D113/><U52/><E71/><V67/><F33/><W38/><G70/><T58/><D7/><U112/><E112/><V132/><F45/><W123/><G104/><T76/><D129/><U22/><E131/><V91/><F91/><W37/><G124/><T92/><D110/><U54/><E108/><V20/><F77/><W114/><G114/><T39/><D39/><U69/><E69/><V26/><F56/><W98/><G98/><N who="0" m="59847" /><D107/><U66/><E66/><V53/><F67/><W40/><G40/><T84/><D76/><U130/><E130/><V118/><REACH who="2" step="1"/><F53/><REACH who="2" step="2"/><W68/><G35/><T128/><D42/><U85/><E47/><V6/><F6/><W24/><G5/><T15/><D128/><U83/><E30/><V120/><F120/><W44/><G34/><T64/><D25/><U87/><REACH who="1" step="1"/><E85/><REACH who="1" step="2"/><V9/><F9/><AGARI ba="0,2" hai="9,15,16,48,50,58,63,64,81,84,88" m="59847" machi="9" ten="30,11600,0" yaku="8,1,52,1,54,2" doraHai="97" who="0" fromWho="2" sc="250,136,240,0,240,-116,250,0" /><INIT seed="0,1,0,2,1,4" ten="386,240,124,250" oya="0" hai0="121,21,133,113,93,27,33,46,116,100,60,62,42" hai1="135,55,77,48,69,68,17,131,66,41,70,95,105" hai2="132,56,0,11,37,59,52,24,28,25,58,19,91" hai3="129,2,64,76,124,8,30,106,99,12,39,71,80"/><T47/><D33/><U86/><E105/><V57/><F37/><W14/><G39/><T23/><D121/><U125/><E125/><V38/><F38/><W31/><G124/><T74/><D74/><U130/><E41/><V84/><F132/><W78/><G2/><T13/><D116/><U9/><E135/><V89/><F0/><W34/><G14/><T35/><D35/><U29/><E29/><V101/><F101/><W3/><G3/><T128/><D113/><U119/><E119/><V16/><F28/><W126/><G129/><N who="1" m="49162" /><E66/><V67/><F67/><W115/><G78/><T49/><D133/><U118/><E118/><V5/><F5/><W122/><G115/><T75/><D75/><U85/><E77/><V81/><F91/><W40/><G40/><T108/><D47/><N who="1" m="28063" /><E95/><V61/><F19/><W120/><G126/><T73/><D73/><U10/><E17/><V117/><F117/><W1/><G31/><N who="0" m="17903" /><D128/><U104/><E104/><V51/><F61/><W88/><G106/><T127/><D127/><U103/><E103/><V94/><F94/><W36/><G30/><T6/><D93/><U26/><E26/><V15/><AGARI ba="1,0" hai="11,15,16,24,25,51,52,56,57,58,59,81,84,89" machi="15" ten="30,8000,1" yaku="0,1,8,1,52,1,54,2" doraHai="4" who="2" fromWho="2" sc="386,-41,240,-21,124,83,250,-21" /><INIT seed="1,0,0,1,1,56" ten="345,219,207,229" oya="1" hai0="25,44,98,128,88,114,14,105,129,3,12,124,13" hai1="18,45,48,26,78,103,55,94,84,111,38,41,83" hai2="120,107,62,50,1,75,68,73,36,65,7,64,108" hai3="29,6,35,15,115,91,123,99,11,30,57,43,110"/><U121/><E121/><V42/><F107/><W60/><G123/><T74/><D74/><U33/><E111/><V63/><F120/><W4/><G115/><T2/><D114/><U134/><E134/><V131/><F108/><W100/><G110/><T22/><D44/><U77/><E33/><V51/><F7/><W125/><G125/><T93/><D105/><U92/><E78/><V40/><F1/><W126/><G126/><T71/><D71/><U127/><E127/><V59/><F73/><W113/><G6/><T122/><D124/><U119/><E119/><V130/><F75/><W31/><G43/><N who="2" m="16425" /><F36/><W80/><G113/><T24/><D122/><U10/><E103/><V81/><F81/><W132/><G132/><T90/><D90/><U87/><E87/><V0/><F0/><W106/><G80/><T19/><D3/><U89/><E77/><V23/><F23/><W21/><G91/><T70/><D2/><U20/><REACH who="1" step="1"/><E10/><REACH who="1" step="2"/><V58/><F68/><W37/><G35/><T117/><D70/><U104/><E104/><V97/><F97/><W72/><G72/><T82/><D117/><U112/><E112/><V16/><F16/><W109/><G109/><T133/><D133/><U118/><E118/><V85/><F85/><W135/><G135/><T39/><D98/><U69/><E69/><V79/><F79/><W116/><G116/><T17/><D22/><U67/><E67/><V76/><F76/><W9/><G9/><T66/><D19/><U86/><E86/><V53/><F65/><N who="3" m="39055" /><G21/><T101/><D17/><U46/><AGARI ba="0,1" hai="18,20,26,38,41,45,46,48,55,83,84,89,92,94" machi="46" ten="20,7800,0" yaku="1,1,0,1,7,1,53,1" doraHai="56" doraHaiUra="47" who="1" fromWho="1" sc="345,-26,209,88,207,-26,229,-26" /><INIT seed="1,1,0,2,4,0" ten="319,297,181,203" oya="1" hai0="55,15,21,5,120,104,45,100,12,64,58,69,41" hai1="95,24,2,103,29,101,54,110,72,92,81,122,68" hai2="80,133,65,102,88,27,106,99,60,23,4,20,111" hai3="14,118,89,33,121,13,84,124,86,128,108,77,83"/><U49/><E122/><V87/><F111/><W31/><G108/><T19/><D100/><U131/><E68/><V16/><F133/><W36/><G36/><T113/><D104/><U129/><E2/><V125/><F125/><W47/><G124/><T71/><D113/><U135/><E110/><V26/><F4/><W76/><G128/><N who="1" m="49226" /><E135/><V34/><F34/><W6/><G14/><T39/><D120/><U46/><E81/><V78/><F78/><W10/><G118/><T38/><D38/><U73/><E101/><V93/><F106/><W63/><G121/><T116/><D116/><U90/><E103/><V8/><F8/><W62/><G47/><T40/><D40/><U70/><E70/><V59/><F23/><W91/><G31/><T3/><D3/><U53/><E53/><V105/><REACH who="2" step="1"/><F105/><REACH who="2" step="2"/><W25/><G33/><T127/><D127/><U30/><E92/><V107/><F107/><W130/><G130/><T7/><D15/><AGARI ba="1,1" hai="15,16,20,26,27,59,60,65,80,87,88,93,99,102" machi="15" ten="30,8000,1" yaku="1,1,7,1,8,1,54,2,53,0" doraHai="0" doraHaiUra="112" who="2" fromWho="0" sc="319,-83,297,0,171,93,203,0" /><INIT seed="2,0,0,1,1,105" ten="236,297,264,203" oya="2" hai0="90,32,55,125,1,65,95,54,45,106,92,12,60" hai1="93,77,134,102,27,61,42,21,8,48,20,38,122" hai2="91,57,24,37,104,56,44,17,41,40,123,46,87" hai3="128,34,6,109,39,83,47,26,2,0,18,132,94"/><V53/><F104/><W135/><G109/><T22/><D106/><U114/><E38/><V131/><F131/><W69/><G69/><T64/><D32/><U127/><E122/><V97/><F123/><W117/><G117/><T23/><D1/><U33/><E114/><V9/><F97/><W4/><G94/><T72/><D125/><U99/><E127/><V19/><F24/><W85/><G128/><T28/><D72/><U126/><E126/><V111/><F111/><W124/><G47/><T49/><D55/><U51/><E134/><N who="3" m="51242" /><G39/><T108/><D108/><U10/><E77/><V75/><F75/><W82/><G82/><T76/><D76/><U3/><E61/><V62/><F9/><W59/><G59/><T84/><D95/><U121/><E121/><V115/><F115/><W14/><G26/><T68/><D28/><U52/><E33/><V74/><F74/><W7/><G34/><T96/><D96/><U43/><E3/><V107/><F107/><W71/><G71/><T89/><D89/><U88/><E102/><V112/><F112/><W16/><G18/><T78/><D78/><U98/><E98/><V101/><F101/><W29/><G29/><T133/><D133/><U110/><E110/><V86/><F86/><W130/><G130/><T100/><D100/><U67/><E67/><V5/><F5/><W13/><G124/><T25/><D65/><U116/><E116/><V66/><F46/><W119/><G119/><T79/><D79/><U113/><E113/><V80/><F41/><W11/><G13/><T129/><D12/><U81/><E42/><RYUUKYOKU ba="0,0" sc="236,-15,297,-15,264,15,203,15" hai2="17,19,37,40,44,53,56,57,62,66,80,87,91" hai3="0,2,4,6,7,11,14,16,83,85" /><INIT seed="2,1,0,2,3,43" ten="221,282,279,218" oya="2" hai0="77,119,27,62,125,21,46,120,16,122,108,76,26" hai1="24,31,56,72,100,15,2,102,34,131,75,86,115" hai2="133,94,50,41,121,33,85,104,3,129,96,109,54" hai3="135,48,73,12,130,84,51,18,110,60,1,57,66"/><V67/><F3/><W25/><G73/><T63/><D122/><U22/><E115/><V105/><F33/><W37/><G37/><T5/><D120/><U39/><E39/><V13/><F121/><W83/><G1/><T4/><D119/><U68/><E68/><V91/><F133/><W88/><G110/><T92/><D92/><U106/><E131/><V20/><F109/><W82/><G130/><T47/><D108/><U99/><E2/><V45/><F129/><W59/><G25/><T134/><D134/><U6/><E102/><V112/><F112/><W42/><G42/><T111/><D111/><U127/><E127/><V103/><F67/><W79/><G59/><T70/><D21/><U113/><E113/><V32/><F32/><W71/><G71/><T38/><D38/><U28/><E86/><V36/><F20/><W58/><G58/><T19/><REACH who="0" step="1"/><D70/><REACH who="0" step="2"/><U23/><E34/><V123/><F123/><W11/><REACH who="3" step="1"/><G135/><REACH who="3" step="2"/><T7/><D7/><U78/><E6/><V17/><F36/><W55/><G55/><T53/><D53/><U81/><E56/><V8/><REACH who="2" step="1"/><F41/><REACH who="2" step="2"/><W87/><AGARI ba="1,3" hai="11,12,18,48,51,57,60,66,79,82,83,84,87,88" machi="87" ten="20,8000,1" yaku="1,1,0,1,7,1,8,1,54,1,53,0" doraHai="43" doraHaiUra="29" who="3" fromWho="3" sc="211,-21,282,-21,269,-41,208,113" /><INIT seed="3,0,0,4,1,46" ten="190,261,228,321" oya="3" hai0="108,71,132,54,91,10,94,58,104,0,48,76,69" hai1="133,49,63,75,28,26,51,40,60,6,24,5,14" hai2="1,88,15,86,112,66,31,121,116,93,79,125,89" hai3="33,82,98,124,27,47,68,107,85,102,56,20,105"/><W83/><G68/><T37/><D37/><U119/><E75/><V2/><F116/><W11/><G107/><T134/><D104/><U52/><E119/><V12/><F112/><W17/><G124/><T53/><D76/><U21/><E133/><N who="0" m="51305" /><D10/><U115/><E115/><V16/><F125/><W111/><G111/><T123/><D0/><U36/><E36/><V97/><F121/><W80/><G33/><T81/><D81/><U72/><E72/><V38/><F38/><W32/><G32/><T70/><D91/><U25/><E40/><V59/><F79/><W103/><G103/><T95/><D123/><U101/><E101/><V13/><F31/><W3/><G3/><T67/><D95/><U43/><E28/><V78/><F78/><W42/><G56/><N who="0" m="32807" /><D94/><U135/><E135/><V29/><F29/><W50/><REACH who="3" step="1"/><G11/><REACH who="3" step="2"/><T35/><D35/><U92/><E92/><N who="2" m="54295" /><F2/><W131/><G131/><T100/><D100/><U61/><E21/><N who="2" m="11399" /><F1/><W9/><G9/><T87/><D108/><U114/><E114/><V23/><F23/><W8/><G8/><T55/><D87/><AGARI ba="0,1" hai="17,20,27,42,47,50,80,82,83,85,87,98,102,105" machi="87" ten="40,7700,0" yaku="1,1,52,1,53,1" doraHai="46" doraHaiUra="44" who="3" fromWho="0" sc="190,-77,261,0,228,0,311,87" /><INIT seed="3,1,0,3,1,27" ten="113,261,228,398" oya="3" hai0="77,115,9,94,98,70,10,47,74,20,35,126,37" hai1="64,61,88,107,45,99,73,83,120,39,18,57,80" hai2="7,63,87,24,119,31,117,40,102,59,54,106,28" hai3="4,71,81,85,36,124,118,72,128,101,14,132,129"/><W55/><G71/><T17/><D35/><U86/><E120/><V127/><F7/><W65/><G65/><T100/><D70/><U69/><E73/><V130/><F40/><W110/><G36/><T76/><D115/><U116/><E116/><V60/><F87/><W96/><G118/><T50/><D126/><U12/><E69/><V32/><F31/><W43/><G43/><T34/><D37/><U125/><E125/><V29/><F127/><W68/><G68/><T131/><D34/><U0/><E0/><V48/><F29/><W84/><G55/><N who="0" m="30175" /><D74/><U103/><E39/><V121/><F121/><W108/><G14/><N who="0" m="9271" /><D131/><N who="3" m="50249" /><G4/><T91/><D91/><U133/><E45/><V3/><F3/><W67/><G67/><T6/><D6/><U113/><E113/><V89/><F130/><W104/><G132/><T26/><D26/><U11/><E133/><V52/><F89/><W2/><G2/><T75/><D75/><U93/><AGARI ba="1,0" hai="11,12,18,57,61,64,80,83,86,88,93,99,103,107" machi="93" ten="20,2700,0" yaku="0,1,7,1,54,1" doraHai="27" who="1" fromWho="1" sc="113,-8,261,30,228,-8,398,-14" /><INIT seed="4,0,0,2,4,116" ten="105,291,220,384" oya="0" hai0="133,86,96,81,41,30,1,125,58,65,79,19,87" hai1="130,80,105,66,18,28,67,49,11,26,52,14,103" hai2="98,135,32,60,45,57,82,12,101,20,110,64,21" hai3="39,120,5,50,51,9,43,7,42,95,46,75,4"/><T112/><D1/><U54/><E130/><V78/><F32/><W115/><G75/><T97/><D125/><U68/><E54/><V25/><F110/><W122/><G115/><T109/><D112/><U121/><E68/><V124/><F124/><W55/><G39/><T2/><D2/><U47/><E121/><N who="3" m="46698" /><G95/><T106/><D109/><U129/><E129/><V74/><F135/><W73/><G73/><T85/><D133/><U22/><E105/><V118/><F118/><W36/><G36/><T59/><D106/><U99/><E103/><V33/><F45/><N who="3" m="25911" /><G43/><T53/><D41/><U70/><E70/><V35/><F12/><AGARI ba="0,0" hai="4,5,7,9,12,46,51,55" m="25911,46698" machi="12" ten="30,7700,0" yaku="13,1,52,3" doraHai="116" who="3" fromWho="2" sc="105,0,291,0,220,-77,384,77" /><INIT seed="5,0,0,3,2,99" ten="105,291,143,461" oya="1" hai0="68,93,111,28,49,27,133,122,1,50,70,6,114" hai1="92,39,73,34,107,88,127,16,67,64,15,125,13" hai2="57,108,12,85,45,119,5,104,21,74,51,129,22" hai3="23,20,97,37,46,10,55,11,95,79,18,4,135"/><U19/><E34/><V25/><F74/><W0/><G79/><T112/><D111/><U106/><E39/><V43/><F119/><W53/><G135/><T123/><D6/><U40/><E40/><V109/><F104/><W47/><G11/><T115/><D1/><U48/><E48/><N who="0" m="18537" /><D93/><U17/><E73/><V31/><F129/><W98/><G98/><T7/><D7/><U66/><E88/><V52/><F85/><W38/><G23/><T90/><D90/><U29/><E92/><V120/><F120/><N who="0" m="46122" /><D133/><U134/><E29/><V81/><F81/><W42/><G47/><T8/><D8/><U91/><E91/><V75/><F75/><W101/><G38/><T2/><D2/><U3/><E3/><V78/><F78/><W94/><G94/><T32/><AGARI ba="0,0" hai="27,28,32,68,70,112,114,115" m="46122,18537" machi="32" ten="40,2700,0" yaku="15,1,13,1" doraHai="99" who="0" fromWho="0" sc="105,27,291,-13,143,-7,461,-7" /><INIT seed="6,0,0,2,1,68" ten="132,278,136,454" oya="2" hai0="101,86,130,89,24,90,23,3,70,93,65,132,54" hai1="109,129,1,71,64,34,127,96,85,116,19,7,108" hai2="13,79,57,74,0,37,102,118,31,48,14,81,123" hai3="46,29,112,38,55,75,78,22,77,30,113,61,40"/><V35/><F123/><W60/><G55/><T88/><D3/><U63/><E116/><V53/><F118/><W73/><G22/><T124/><D124/><U15/><E85/><V126/><F126/><W103/><G103/><T121/><D121/><U25/><E127/><V39/><F0/><W111/><G46/><T122/><D122/><U27/><E129/><V105/><F31/><W80/><G40/><T106/><D130/><U42/><E27/><V17/><F35/><W9/><G80/><T69/><D132/><U135/><E135/><V117/><F117/><W83/><G83/><T21/><D106/><U104/><E42/><V99/><REACH who="2" step="1"/><F13/><REACH who="2" step="2"/><W91/><G30/><T47/><D24/><U20/><E1/><V26/><F26/><W12/><G29/><T62/><D70/><U115/><E109/><V18/><F18/><W114/><G12/><T97/><D69/><U59/><E108/><V107/><F107/><W100/><G111/><T120/><D120/><U51/><E34/><V58/><F58/><W92/><G112/><T44/><D44/><U6/><E115/><V36/><F36/><W33/><G38/><T56/><D47/><U82/><E25/><V134/><F134/><W84/><G33/><T32/><D32/><U11/><E71/><V28/><F28/><W131/><G113/><T125/><D125/><U4/><E104/><V5/><F5/><W50/><G114/><T43/><D56/><U52/><E4/><V110/><F110/><W94/><G131/><T95/><D95/><U72/><E6/><V8/><AGARI ba="0,1" hai="8,14,17,37,39,48,53,57,74,79,81,99,102,105" machi="8" ten="20,12000,1" yaku="1,1,0,1,7,1,52,2,53,0" doraHai="68" doraHaiUra="66" who="2" fromWho="2" sc="132,-40,278,-40,126,130,454,-40" /><INIT seed="6,1,0,4,0,42" ten="92,238,256,414" oya="2" hai0="115,51,54,0,8,122,19,76,107,74,123,13,94" hai1="22,133,75,86,92,37,88,63,64,17,40,114,29" hai2="4,26,79,52,128,67,120,65,93,101,62,7,1" hai3="99,89,82,124,56,35,3,72,90,80,24,57,25"/><V48/><F120/><W105/><G3/><T73/><D107/><U81/><E133/><V39/><F39/><W116/><G72/><T131/><D0/><U18/><E114/><V34/><F128/><W33/><G99/><T58/><D115/><U12/><E37/><V84/><F1/><W127/><G105/><T117/><D131/><U85/><E75/><V125/><F125/><W21/><G21/><T69/><D69/><U2/><E2/><V130/><F130/><W97/><G97/><T49/><D117/><AGARI ba="1,0" hai="24,25,33,35,56,57,80,82,89,90,116,117,124,127" machi="117" ten="25,1600,0" yaku="22,2" doraHai="42" who="3" fromWho="0" sc="92,-19,238,0,256,0,414,19" /><INIT seed="7,0,0,2,4,134" ten="73,238,256,433" oya="3" hai0="57,55,60,31,4,13,85,46,80,71,1,116,84" hai1="133,79,97,8,66,42,62,36,86,2,59,123,35" hai2="39,90,125,78,108,109,73,77,129,70,115,124,98" hai3="135,104,117,23,14,75,96,113,95,119,102,101,121"/><W43/><G75/><T19/><D1/><U9/><E123/><V112/><F70/><W63/><G43/><T92/><D71/><U81/><E133/><V21/><F39/><W51/><G51/><T5/><D116/><U83/><E35/><V82/><F21/><W118/><G63/><T68/><D31/><U48/><E36/><V44/><F44/><W87/><G14/><T94/><D68/><U127/><E97/><V105/><F129/><W128/><G23/><T91/><D46/><U93/><E93/><N who="2" m="56631" /><F78/><W24/><G128/><T122/><D122/><U11/><E2/><V52/><F52/><W126/><G121/><T69/><D69/><U47/><E83/><V89/><F89/><W88/><G88/><T27/><D94/><U74/><E74/><V16/><F16/><W26/><G95/><T130/><D130/><U56/><E56/><V30/><F30/><W72/><G72/><T3/><D3/><U99/><E99/><V58/><F58/><W29/><G96/><T120/><D120/><U45/><E45/><V65/><F65/><W111/><G29/><T41/><D41/><U25/><E25/><V33/><F33/><W7/><G24/><T40/><D40/><U49/><E49/><V131/><F105/><W20/><G104/><T12/><D27/><U38/><E38/><V100/><F100/><W53/><G118/><T18/><D18/><U67/><E67/><V114/><F131/><W22/><G117/><T64/><D64/><U76/><E76/><V110/><AGARI ba="0,0" hai="73,77,82,108,109,110,112,114,115,124,125" m="56631" machi="110" ten="40,8000,1" yaku="15,1,34,2,52,2" doraHai="134" who="2" fromWho="2" sc="73,-20,238,-20,256,80,433,-40" owari="53,-45,218,-18,336,14,393,49" /></mjloggm>