<mjloggm ver="2.3"><GO type="97"/><UN n0="%E3%83%89%E3%82%B5%E6%8B%93" n1="%E3%82%AD%E3%83%BC%E3%83%AA" n2="%E3%82%A6%E3%83%AB%E3%83%88%E3%83%A9%E7%AB%8B%E7%9B%B4" n3="%E9%89%84%E9%A2%A8%E5%B0%91%E5%A5%B3" dan="13,13,13,16" rate="1887,1813,1805,2001" sx="M,M,M,F"/><TAIKYOKU oya="0"/><INIT seed="0,0,0,3,4,32" ten="250,250,250,250" oya="0" hai0="66,69,126,23,25,18,40,105,77,12,127,106,100" hai1="131,43,111,50,6,48,73,99,118,36,58,115,41" hai2="16,103,102,59,20,129,117,119,47,33,61,109,37" hai3="56,54,67,101,70,113,22,121,123,90,74,39,14"/><T128/><D128/><U52/><E118/><N who="2" m="45067" /><F33/><W44/><G74/><T91/><D77/><U86/><E73/><V108/><F129/><W65/><G101/><T132/><D132/><U19/><E131/><V93/><F47/><W104/><G104/><T95/><D40/><U21/><E111/><N who="2" m="42571" /><F93/><W97/><G113/><T110/><D110/><U125/><E125/><N who="0" m="47625" /><D100/><U72/><E72/><V26/><F37/><W42/><G97/><N who="0" m="57599" /><D66/><AGARI ba="0,0" hai="16,20,26,59,61,66,102,103" m="42571,45067" machi="66" ten="30,3900,0" yaku="12,1,14,1,54,1" doraHai="32" who="2" fromWho="0" sc="250,-39,250,0,250,39,250,0" /><INIT seed="1,0,0,3,0,3" ten="211,250,289,250" oya="1" hai0="134,54,98,100,77,45,66,14,40,13,39,63,84" hai1="93,131,25,58,1,114,126,41,56,0,133,9,24" hai2="60,118,102,18,35,120,32,38,109,88,123,73,61" hai3="64,129,31,29,86,2,82,79,72,135,108,16,53"/><U115/><E41/><V127/><F18/><W49/><G108/><T48/><D134/><U8/><E93/><V15/><F15/><W83/><G135/><T62/><D77/><U124/><REACH who="1" step="1"/><E133/><REACH who="1" step="2"/><V80/><F120/><W71/><G129/><AGARI ba="0,1" hai="0,1,8,9,24,25,56,58,114,115,124,126,129,131" machi="129" ten="25,9600,0" yaku="1,1,2,1,22,2,53,0" doraHai="3" doraHaiUra="59" who="1" fromWho="3" sc="211,0,240,106,289,0,250,-96" /><INIT seed="1,1,0,0,5,69" ten="211,346,289,154" oya="1" hai0="88,86,10,92,110,85,77,75,43,133,45,57,132" hai1="14,107,36,26,79,46,35,1,21,108,12,28,119" hai2="49,126,76,41,15,128,5,60,91,32,102,122,66" hai3="96,61,135,67,113,111,18,72,73,3,29,80,7"/><U117/><E107/><V68/><F32/><W20/><G113/><T95/><D110/><U31/><E108/><V109/><F122/><W65/><G111/><T55/><D75/><U52/><E1/><V134/><F109/><W58/><G135/><T81/><D10/><U90/><E79/><V51/><F126/><W106/><G67/><T38/><REACH who="0" step="1"/><D92/><REACH who="0" step="2"/><U11/><E119/><V19/><F134/><W24/><G80/><T104/><D104/><U74/><E117/><V39/><F128/><W116/><G116/><T22/><D22/><U125/><E74/><V62/><F5/><W42/><G42/><T94/><D94/><U103/><E125/><V87/><F102/><W120/><G120/><T98/><D98/><U44/><E103/><V105/><F105/><W34/><G96/><T121/><D121/><U47/><E35/><V63/><F68/><W93/><G93/><T0/><D0/><U89/><E11/><V25/><F66/><W27/><REACH who="3" step="1"/><G106/><REACH who="3" step="2"/><T114/><D114/><U23/><E21/><V9/><F41/><W40/><G40/><T64/><D64/><U2/><E23/><V16/><F9/><AGARI ba="1,2" hai="3,7,9,18,20,24,27,29,34,58,61,65,72,73" machi="9" ten="40,2600,0" yaku="1,1,53,1" doraHai="69" doraHaiUra="17" who="3" fromWho="2" sc="201,0,346,0,289,-29,144,49" /><INIT seed="2,0,0,5,0,126" ten="201,346,260,193" oya="2" hai0="30,24,0,19,101,58,9,63,79,13,55,103,51" hai1="46,135,110,14,27,128,106,53,48,112,72,124,2" hai2="74,28,57,69,88,123,60,87,16,49,37,99,122" hai3="38,86,107,62,25,73,96,50,33,116,4,71,80"/><V109/><F37/><W127/><G116/><T82/><D0/><U64/><E112/><V111/><F74/><W52/><G38/><T54/><D82/><U78/><E106/><V119/><F119/><W56/><G73/><T81/><D54/><U75/><E2/><V3/><F99/><W129/><G127/><T8/><D8/><U92/><E124/><V20/><F28/><N who="3" m="19599" /><G86/><T45/><D45/><U26/><E72/><V5/><F49/><W70/><G70/><T97/><D63/><U66/><E75/><V85/><F69/><W41/><G41/><T22/><REACH who="0" step="1"/><D97/><REACH who="0" step="2"/><U132/><E53/><N who="2" m="33839" /><F3/><W31/><G80/><T42/><D42/><U17/><E135/><V98/><F5/><W11/><G4/><T102/><D102/><U100/><E132/><V134/><F134/><W10/><G10/><T90/><D90/><U32/><E100/><V12/><F98/><W21/><G11/><T93/><D93/><U59/><E92/><N who="2" m="54287" /><F87/><AGARI ba="0,1" hai="9,13,19,22,24,30,51,55,58,79,81,87,101,103" machi="87" ten="30,3900,0" yaku="1,1,7,1,8,1,53,0" doraHai="126" doraHaiUra="115" who="0" fromWho="2" sc="191,49,346,0,260,-39,193,0" /><INIT seed="3,0,0,5,5,62" ten="240,346,221,193" oya="3" hai0="86,53,28,96,97,44,83,107,43,91,38,102,100" hai1="79,126,130,24,90,4,10,74,45,134,106,128,35" hai2="94,66,64,78,77,58,8,125,26,105,110,88,41" hai3="7,30,117,0,22,23,13,39,121,101,40,132,71"/><W68/><G121/><T46/><D28/><N who="1" m="19847" /><E106/><V37/><F105/><W65/><G117/><T19/><D19/><U103/><E134/><V59/><F37/><W70/><G132/><T50/><REACH who="0" step="1"/><D107/><REACH who="0" step="2"/><U14/><E128/><V55/><F125/><W89/><G101/><AGARI ba="0,1" hai="38,43,44,46,50,53,83,86,91,96,97,100,101,102" machi="101" ten="40,2600,0" yaku="1,1,2,1,53,0" doraHai="62" doraHaiUra="108" who="0" fromWho="3" sc="230,36,346,0,221,0,193,-26" owari="266,2,346,34,221,-13,167,-23" /></mjloggm>