<mjloggm ver="2.3"><GO type="41"/><UN n0="%74%69%61%6E%64%61%6F" n1="%E3%82%AF%E3%83%AD%E3%83%89%E3%83%A9" n2="%E5%BC%B1%E3%81%84%E5%83%95%E3%81%A0%E3%81%8B%E3%82%89" n3="%E3%82%A6%E3%83%AB%E3%83%88%E3%83%A9%E7%AB%8B%E7%9B%B4" dan="15,13,13,13" rate="1996,1906,1972,1840" sx="M,M,M,M"/><TAIKYOKU oya="0"/><INIT seed="0,0,0,4,1,117" ten="250,250,250,250" oya="0" hai0="80,75,134,99,49,35,112,77,70,79,21,15,118" hai1="45,53,36,67,33,68,81,121,103,66,34,132,20" hai2="74,110,83,44,106,38,42,3,113,101,96,24,12" hai3="17,55,57,37,6,56,108,11,52,41,126,84,13"/><T115/><D118/><U48/><E103/><V119/><F110/><W95/><G41/><T97/><D35/><U93/><E132/><V128/><F119/><W51/><G37/><T105/><D70/><U125/><E125/><V78/><F113/><W82/><G95/><T69/><D69/><U61/><E67/><V127/><F12/><W43/><G126/><T50/><D134/><U129/><E129/><V54/><F127/><W19/><G43/><T18/><D79/><U92/><E81/><V71/><F54/><W104/><G104/><T90/><D99/><U40/><E121/><V64/><F24/><W98/><G98/><T120/><D120/><U107/><E107/><V2/><F128/><W0/><G0/><T133/><D133/><U63/><E63/><AGARI ba="0,0" hai="2,3,38,42,44,63,64,71,74,78,83,96,101,106" machi="63" ten="40,5200,0" yaku="33,3" doraHai="117" who="2" fromWho="1" sc="250,0,250,-52,250,52,250,0" /><INIT seed="1,0,0,0,3,99" ten="250,198,302,250" oya="1" hai0="110,44,72,118,92,18,128,135,77,57,64,24,29" hai1="4,52,109,61,131,32,6,25,10,70,119,36,66" hai2="21,1,87,5,55,8,114,125,41,89,120,17,67" hai3="88,3,42,80,96,62,56,133,103,127,53,26,39"/><U108/><E119/><V107/><F120/><W46/><G3/><T111/><D118/><U112/><E112/><V102/><F125/><W90/><G127/><T79/><D135/><U0/><E131/><V81/><F114/><W124/><G124/><T101/><D18/><U65/><E6/><V74/><F74/><W85/><G26/><T76/><D128/><U69/><E36/><V23/><F41/><W121/><G121/><T68/><D44/><U30/><E52/><V14/><F67/><W132/><REACH who="3" step="1"/><G90/><REACH who="3" step="2"/><T97/><D72/><U91/><E91/><V105/><F105/><AGARI ba="0,1" hai="39,42,46,53,56,62,80,85,88,96,103,105,132,133" machi="105" ten="40,8000,1" yaku="1,1,2,1,52,1,54,1,53,0" doraHai="99" doraHaiUra="16" who="3" fromWho="2" sc="250,0,198,0,302,-80,240,90" /><INIT seed="2,0,0,0,2,101" ten="250,198,222,330" oya="2" hai0="107,116,80,83,135,118,13,73,63,26,61,70,121" hai1="75,24,84,51,66,40,15,58,47,76,44,46,113" hai2="54,43,104,29,20,132,112,60,28,74,6,92,62" hai3="50,45,17,133,25,52,59,115,78,30,55,36,53"/><V86/><F74/><W123/><G123/><T111/><D121/><U89/><E113/><V129/><F112/><W117/><G117/><T103/><D13/><U95/><E75/><V124/><F124/><W96/><G36/><T109/><D135/><U41/><E76/><V100/><F132/><W72/><G133/><T125/><D125/><U90/><E24/><V34/><F34/><W49/><G53/><T81/><D26/><U5/><E90/><V126/><F126/><W3/><G3/><T32/><D32/><U48/><E5/><V39/><F104/><W56/><G45/><T98/><D73/><U120/><E120/><V8/><F129/><W85/><G72/><T33/><D33/><U27/><E27/><V77/><F43/><W130/><G130/><T87/><D87/><U38/><E38/><V35/><F20/><W22/><G96/><T122/><D122/><U16/><E51/><V128/><F35/><W106/><G106/><T64/><REACH who="0" step="1"/><D63/><REACH who="0" step="2"/><N who="1" m="38263" /><E40/><V108/><F128/><W69/><G115/><T57/><D57/><U105/><E105/><V18/><F62/><W67/><G69/><T31/><D31/><U134/><E134/><V23/><F29/><W21/><G67/><T19/><D19/><U9/><AGARI ba="0,1" hai="9,15,16,41,44,46,47,48,84,89,95" m="38263" machi="9" ten="30,2000,0" yaku="8,1,54,1" doraHai="101" who="1" fromWho="1" sc="240,-5,198,30,222,-10,330,-5" /><INIT seed="3,0,0,5,1,13" ten="235,228,212,325" oya="3" hai0="8,89,118,93,124,34,14,37,69,110,72,39,2" hai1="85,4,56,99,40,44,57,49,103,133,70,87,90" hai2="17,109,36,80,116,32,21,123,25,5,84,115,53" hai3="51,78,33,97,63,64,77,43,120,94,52,45,95"/><W23/><G33/><T66/><D118/><U135/><E70/><V68/><F109/><W74/><G120/><T35/><D110/><U55/><E4/><V96/><F116/><W101/><G74/><T82/><D2/><U129/><E129/><V104/><F115/><W131/><G131/><T12/><D12/><U100/><E57/><V9/><F68/><W31/><G94/><T130/><D124/><U19/><E135/><V22/><F22/><W46/><G46/><T30/><D35/><U26/><E133/><V7/><F36/><W10/><G10/><T73/><D73/><U3/><E3/><V88/><F123/><W41/><G41/><T27/><D130/><U102/><E87/><V59/><F32/><W48/><G48/><T111/><D111/><U92/><E85/><V42/><F42/><W24/><G43/><T122/><D122/><U108/><E108/><V125/><F9/><W47/><G47/><T107/><D107/><U15/><E26/><V121/><F125/><W71/><AGARI ba="0,0" hai="23,24,31,45,51,52,63,64,71,77,78,95,97,101" machi="71" ten="20,3900,0" yaku="0,1,7,1,54,1" doraHai="13" who="3" fromWho="3" sc="235,-13,228,-13,212,-13,325,39" /><INIT seed="3,1,0,3,3,129" ten="222,215,199,364" oya="3" hai0="121,88,90,32,63,47,9,3,58,94,78,110,34" hai1="40,122,69,67,108,92,126,134,51,76,97,114,135" hai2="33,50,113,43,83,31,84,79,106,103,66,12,7" hai3="77,61,13,37,30,29,119,42,68,28,120,53,89"/><W54/><G120/><T55/><D121/><U81/><E114/><V1/><F113/><W116/><G77/><T10/><D110/><U118/><E122/><V19/><F66/><W86/><G42/><T123/><D123/><U131/><E131/><V14/><F1/><W59/><G37/><T73/><D90/><U91/><E108/><V70/><F70/><W101/><G101/><T25/><D25/><U11/><E126/><V105/><F33/><W35/><G35/><T57/><D47/><U48/><E118/><V95/><F31/><W80/><G68/><T93/><D93/><U17/><E40/><V64/><F64/><W102/><G102/><T45/><D45/><U18/><E11/><N who="2" m="4223" /><F95/><W111/><G111/><T49/><D78/><U127/><E127/><V52/><F52/><N who="3" m="34023" /><G116/><T107/><D73/><U6/><E6/><V20/><F103/><W124/><G124/><T21/><D107/><U75/><E67/><V100/><F100/><W56/><G119/><T87/><D3/><U104/><E104/><V65/><F65/><W15/><G54/><T115/><D34/><U26/><E69/><V112/><F112/><W82/><G82/><T2/><D32/><U117/><E117/><V60/><F106/><W16/><G16/><N who="1" m="6250" /><E26/><V71/><F71/><W96/><G96/><N who="0" m="57415" /><D55/><U0/><E0/><V4/><F105/><W125/><G125/><T23/><D2/><U74/><E74/><V72/><F72/><W27/><G27/><T130/><D115/><U109/><E109/><V24/><F24/><W46/><G46/><T5/><D58/><U133/><AGARI ba="1,0" hai="48,51,75,76,81,91,92,97,133,134,135" m="6250" machi="133" ten="40,12000,2" yaku="5,1,20,1,52,3,54,1" doraHai="129" who="1" fromWho="1" sc="222,-31,215,123,199,-31,364,-61" /><INIT seed="4,0,0,1,3,7" ten="191,338,168,303" oya="0" hai0="114,39,53,105,13,99,91,109,32,80,15,57,61" hai1="2,37,21,0,31,128,55,1,59,8,20,42,89" hai2="58,129,73,103,33,79,115,117,86,43,23,107,38" hai3="104,28,47,112,30,65,130,51,88,26,70,93,116"/><T74/><D109/><U27/><E128/><V22/><F129/><W67/><G104/><T14/><D114/><U71/><E71/><V126/><F33/><W40/><G130/><T134/><D134/><U110/><E110/><V132/><F132/><W95/><G116/><T19/><D32/><U48/><E20/><V118/><F115/><W34/><G112/><T111/><D111/><U90/><E42/><V12/><F73/><W81/><G70/><T96/><D39/><U52/><E37/><V35/><F35/><W119/><G119/><T54/><D105/><U68/><E68/><V46/><F126/><W63/><G63/><T78/><D91/><U124/><E124/><V62/><F117/><W41/><G30/><T97/><REACH who="0" step="1"/><D54/><REACH who="0" step="2"/><U94/><E55/><V49/><F38/><W131/><G131/><T6/><D6/><U92/><E90/><V121/><F107/><W18/><G67/><T82/><D82/><U76/><E76/><V45/><F118/><W83/><G65/><T64/><D64/><U9/><REACH who="1" step="1"/><E92/><REACH who="1" step="2"/><V98/><F79/><W122/><G95/><T113/><D113/><U123/><E123/><V108/><F121/><W16/><G122/><T87/><D87/><AGARI ba="0,2" hai="0,1,2,8,9,21,27,31,48,52,59,87,89,94" machi="87" ten="40,8000,1" yaku="1,1,52,2,54,1,53,0" doraHai="7" doraHaiUra="133" who="1" fromWho="0" sc="181,-80,328,100,168,0,303,0" /><INIT seed="5,0,0,4,4,10" ten="101,428,168,303" oya="1" hai0="17,82,3,6,65,93,114,58,117,106,128,79,7" hai1="29,131,107,83,57,96,134,111,124,115,67,108,55" hai2="70,104,46,89,14,4,98,91,52,71,21,40,51" hai3="53,0,77,62,37,49,112,73,30,20,81,39,8"/><U25/><E115/><V97/><F71/><W63/><G112/><T105/><D117/><U84/><E134/><V31/><F70/><W135/><G135/><T88/><D114/><U35/><E131/><V87/><F104/><W28/><G39/><T41/><D128/><U85/><E124/><V34/><F34/><W78/><G78/><T72/><D41/><U118/><E118/><V27/><F91/><W125/><G37/><T103/><D3/><U132/><E132/><V22/><F40/><W68/><G68/><T126/><D126/><U66/><E85/><V129/><F129/><W36/><G36/><T11/><D65/><U133/><E133/><V64/><F64/><W33/><G33/><T80/><D58/><U123/><E123/><V16/><F4/><W32/><G32/><T24/><D82/><AGARI ba="0,0" hai="14,16,21,22,27,31,46,51,52,82,87,89,97,98" machi="82" ten="30,8000,1" yaku="7,1,8,1,52,1,54,2" doraHai="10" who="2" fromWho="0" sc="101,-80,428,0,168,80,303,0" /><INIT seed="6,0,0,1,2,13" ten="21,428,248,303" oya="2" hai0="33,113,30,58,7,93,98,10,37,78,125,99,84" hai1="49,126,116,59,94,31,61,81,48,122,109,17,103" hai2="45,106,16,23,110,39,47,29,28,26,89,38,11" hai3="42,79,133,114,57,97,71,9,43,124,120,5,69"/><V90/><F106/><W76/><G9/><T135/><D113/><U65/><E109/><V112/><F110/><W108/><G5/><T80/><D125/><U100/><E116/><V118/><F118/><W34/><G97/><T8/><D135/><U129/><E126/><V6/><F112/><W63/><G34/><T55/><D37/><U132/><E132/><V115/><F115/><W131/><G79/><T32/><D30/><N who="2" m="11882" /><F39/><W0/><G76/><T128/><D128/><U67/><E122/><V77/><F77/><W54/><G0/><T123/><D123/><U88/><E129/><V68/><F68/><N who="3" m="26187" /><G120/><T4/><D32/><U91/><E31/><V74/><F38/><W96/><G108/><T73/><D73/><U3/><E3/><V66/><F66/><W51/><G114/><T107/><D107/><U117/><E117/><V2/><F2/><W22/><G124/><T41/><D41/><N who="3" m="15369" /><G96/><T127/><D33/><U46/><E67/><V104/><F104/><W56/><G22/><T52/><D127/><U102/><E46/><N who="2" m="17419" /><F74/><W83/><G133/><T44/><D44/><U87/><E17/><N who="2" m="12655" /><F6/><W64/><G131/><T72/><D72/><U105/><E105/><V70/><F70/><N who="3" m="42271" /><G83/><T20/><D4/><U21/><E21/><V130/><F130/><W50/><G57/><T19/><D7/><U95/><E81/><V1/><F1/><W111/><G111/><T18/><D58/><U12/><E12/><AGARI ba="0,0" hai="11,12,16,89,90" m="12655,17419,11882" machi="12" ten="30,11600,0" yaku="8,1,52,2,54,1" doraHai="13" who="2" fromWho="1" sc="21,0,428,-116,248,116,303,0" /><INIT seed="6,1,0,2,2,81" ten="21,312,364,303" oya="2" hai0="91,84,6,131,118,132,22,74,95,0,5,12,59" hai1="15,135,2,42,111,41,86,106,31,9,29,109,134" hai2="98,25,73,82,44,43,99,46,61,76,52,69,11" hai3="71,126,107,72,40,37,101,130,119,100,58,56,116"/><V127/><F127/><W90/><G71/><T67/><D118/><U85/><E106/><V79/><F79/><W87/><G40/><N who="1" m="15466" /><E15/><V112/><F112/><W62/><G37/><T7/><D74/><U93/><E9/><V20/><F11/><W102/><G58/><T45/><D131/><U133/><E2/><V19/><F69/><W21/><G21/><T27/><D132/><U75/><E93/><V47/><F43/><W54/><G107/><T104/><D104/><U63/><E63/><V128/><F128/><W94/><G130/><T51/><D0/><U18/><E18/><V13/><F13/><W38/><G38/><T26/><D45/><U122/><E122/><V68/><F68/><W4/><G126/><T123/><D123/><U34/><E75/><V16/><F19/><W96/><G72/><T105/><D105/><U92/><E92/><V124/><F124/><W28/><G28/><N who="1" m="10826" /><E34/><V53/><F61/><W83/><REACH who="3" step="1"/><G4/><REACH who="3" step="2"/><T8/><D67/><U125/><E125/><V121/><F73/><W117/><AGARI ba="1,1" hai="54,56,62,83,87,90,94,96,100,101,102,116,117,119" machi="117" ten="30,8000,1" yaku="1,1,2,1,0,1,52,1,53,1" doraHai="81" doraHaiUra="89" who="3" fromWho="3" sc="21,-21,312,-21,364,-41,293,93" /><INIT seed="7,0,0,3,1,125" ten="0,291,323,386" oya="3" hai0="25,83,72,62,41,10,39,43,117,16,118,96,105" hai1="110,123,27,116,130,14,86,38,11,55,80,23,47" hai2="131,133,106,109,126,120,71,78,60,104,66,113,81" hai3="33,8,91,92,119,9,112,46,87,122,74,95,101"/><W114/><G33/><T90/><D39/><U94/><E123/><V37/><RYUUKYOKU type="yao9" ba="0,0" sc="0,0,291,0,323,0,386,0" hai2="37,60,66,71,78,81,104,106,109,113,120,126,131,133" /><INIT seed="7,1,0,3,3,129" ten="0,291,323,386" oya="3" hai0="61,70,93,23,71,72,55,52,40,29,41,69,75" hai1="87,26,21,91,108,33,106,56,8,112,133,81,122" hai2="83,97,57,120,17,39,77,76,9,82,115,95,16" hai3="2,18,36,74,67,46,86,54,92,79,47,131,68"/><W99/><G74/><T119/><D119/><U1/><E122/><V135/><F39/><W84/><G2/><T102/><D29/><U125/><E112/><V100/><F135/><W63/><G131/><T121/><D23/><U30/><E108/><V85/><F120/><W32/><G32/><T7/><D121/><U124/><E106/><V20/><F115/><W80/><G86/><T117/><D117/><U73/><E56/><V4/><F57/><W42/><G18/><T89/><D102/><U5/><E73/><N who="0" m="28233" /><D7/><U107/><E107/><V59/><F59/><W101/><G54/><N who="0" m="20523" /><D93/><U10/><E10/><V43/><F43/><N who="0" m="16458" /><D89/><U19/><REACH who="1" step="1"/><E133/><REACH who="1" step="2"/><V37/><F37/><W90/><REACH who="3" step="1"/><G47/><REACH who="3" step="2"/><T14/><D14/><AGARI ba="1,2" hai="1,5,8,14,19,21,26,30,33,81,87,91,124,125" machi="14" ten="40,8000,1" yaku="1,1,2,1,24,2,53,1" doraHai="129" doraHaiUra="31" who="1" fromWho="0" sc="0,-83,281,103,323,0,376,0" owari="-83,-58,384,48,323,-8,376,18" /></mjloggm>