<mjloggm ver="2.3"><GO type="193"/><UN n0="%E3%82%A6%E3%83%AB%E3%83%88%E3%83%A9%E7%AB%8B%E7%9B%B4" n1="%48%4F%55%53%45%49" n2="%48%69%72%6F%7A" n3="%E3%81%B6%E3%81%9F%E3%81%95%E3%82%93" dan="12,11,12,13" rate="1798,1621,1695,1772" sx="M,M,M,M"/><TAIKYOKU oya="0"/><INIT seed="0,0,0,4,3,125" ten="250,250,250,250" oya="0" hai0="122,6,43,79,135,64,102,15,48,60,12,51,32" hai1="22,116,103,85,90,73,81,95,107,1,8,118,134" hai2="75,126,38,120,123,71,30,27,77,129,132,7,49" hai3="124,25,65,29,36,21,66,96,105,44,115,53,133" shuffle="mt19937ar,D794EE5A,A575A07E,C96C506E,D24882C1,CA3CB3AA,0540C464,989C0262,C6423B2A"/><T68/><D122/><U99/><E1/><V131/><F126/><W14/><G124/><T80/><D32/><U113/><E113/><V47/><F77/><W100/><G115/><T128/><D102/><U50/><E134/><V45/><F75/><W35/><G133/><T0/><D135/><U101/><E8/><V9/><F132/><W58/><G36/><T130/><D0/><U57/><E22/><V17/><F71/><W24/><G14/><T76/><D76/><U119/><E57/><V106/><F106/><W39/><G39/><T4/><D4/><U42/><E50/><V13/><F38/><W109/><G44/><N who="0" m="25631" /><D51/><U31/><E31/><V69/><F69/><W84/><G84/><N who="0" m="48159" /><D15/><U89/><E42/><V110/><F110/><W11/><G11/><AGARI ba="0,0" hai="6,11,12,60,64,68,128,130" m="48159,25631" machi="11" ten="30,5800,0" yaku="25,1,52,2" doraHai="125" who="0" fromWho="3" sc="250,58,250,0,250,0,250,-58" /><INIT seed="0,1,0,5,4,36" ten="308,250,250,192" oya="0" hai0="4,122,90,68,13,16,24,22,62,99,47,12,117" hai1="17,84,6,7,134,35,28,111,49,108,107,105,85" hai2="8,89,94,81,61,5,76,19,113,88,130,18,100" hai3="124,77,57,114,120,116,67,59,41,128,135,133,86" shuffle="mt19937ar,25ACE6E6,A2A2CC84,97B73C17,77F03905,5FA60A41,7558FD69,BD0A3CF6,7A707837"/><T121/><D117/><U106/><E35/><V43/><F113/><W79/><G116/><T132/><D132/><U91/><E134/><N who="3" m="51210" /><G114/><T92/><D13/><U129/><E28/><V29/><F130/><W33/><G33/><T46/><D62/><U126/><E126/><V37/><F29/><W50/><G86/><T95/><D68/><U42/><E129/><V0/><F100/><W58/><G128/><T115/><D115/><U93/><E17/><V11/><F61/><N who="3" m="38319" /><G124/><T119/><D119/><U53/><E85/><V75/><F11/><W123/><G79/><T97/><D121/><N who="3" m="46665" /><G77/><T25/><D122/><U14/><E107/><V52/><F89/><W104/><G104/><T51/><D4/><U65/><E6/><V30/><F30/><W45/><AGARI ba="1,0" hai="41,45,50,58,59" m="46665,38319,51210" machi="45" ten="40,8000,1" yaku="20,1,13,1,34,2,52,1" doraHai="36" who="3" fromWho="3" sc="308,-41,250,-21,250,-21,192,83" /><INIT seed="1,0,0,2,0,89" ten="267,229,229,275" oya="1" hai0="92,43,103,107,66,39,72,129,94,4,59,121,2" hai1="134,48,7,19,123,75,3,35,102,112,95,64,1" hai2="87,120,110,46,54,55,98,71,99,18,33,135,114" hai3="128,76,133,78,108,60,83,69,31,49,34,25,70" shuffle="mt19937ar,F31AA21A,542AC190,07478CA0,D27F571A,6F320384,1B371B44,CDAE0688,DF047CF6"/><U12/><E75/><V80/><F120/><W51/><G108/><T63/><D72/><U79/><E123/><V111/><F71/><W97/><G133/><T21/><D121/><U23/><E112/><V74/><F135/><W20/><G128/><T0/><D129/><U24/><E134/><V22/><F33/><W91/><G51/><T126/><D107/><U115/><E115/><V14/><F74/><W26/><G49/><T106/><D106/><U68/><E68/><V61/><F114/><W77/><G60/><T28/><D2/><U122/><E122/><V10/><F46/><W81/><G97/><T124/><D43/><U53/><E64/><V84/><F61/><W37/><G37/><T88/><D39/><U65/><E65/><V101/><F98/><W62/><G91/><T8/><D103/><U16/><E79/><V9/><F87/><W105/><G105/><T5/><D5/><U13/><E7/><V56/><F56/><W47/><G47/><T73/><D73/><U118/><E118/><V40/><F40/><W36/><G36/><T127/><D88/><U11/><E35/><V27/><F10/><W52/><G70/><T30/><D21/><U125/><E24/><V130/><F130/><W17/><REACH who="3" step="1"/><G69/><REACH who="3" step="2"/><T131/><D131/><U132/><E132/><V86/><F99/><W15/><G15/><T29/><AGARI ba="0,1" hai="0,4,8,28,29,30,59,63,66,92,94,124,126,127" machi="29" ten="40,8000,1" yaku="0,1,18,1,52,2" doraHai="89" who="0" fromWho="0" sc="267,90,229,-40,229,-20,265,-20" /><INIT seed="2,0,0,0,0,115" ten="357,189,209,245" oya="2" hai0="19,6,73,84,89,100,121,111,2,12,40,79,128" hai1="60,114,93,112,48,43,53,120,22,29,106,20,87" hai2="32,56,134,15,70,50,118,49,42,46,28,30,8" hai3="117,36,62,47,37,119,3,74,109,78,58,9,23" shuffle="mt19937ar,78ECBA43,E13B357B,6E0F99F5,9615DC28,7C26CA6F,E756994B,3600F728,081B9CB5"/><V98/><F118/><W25/><G109/><T131/><D111/><U45/><E106/><V92/><F70/><W91/><G37/><T33/><D33/><U24/><E120/><V90/><F32/><W34/><G34/><T61/><D100/><U63/><E114/><V105/><F134/><W39/><G39/><T113/><D40/><U66/><E112/><V133/><F133/><W107/><G107/><T71/><D79/><U38/><E63/><V124/><F124/><W67/><G91/><T104/><D73/><U21/><E93/><V18/><F105/><W123/><G123/><T135/><D6/><U44/><E87/><V31/><F31/><W86/><G86/><T77/><D77/><U83/><E83/><V11/><F11/><W125/><G125/><T88/><D2/><U14/><E14/><V116/><F116/><W26/><G26/><T0/><D0/><U55/><E55/><AGARI ba="0,0" hai="8,15,18,28,30,42,46,49,50,55,56,90,92,98" machi="55" ten="40,2000,0" yaku="8,1" doraHai="115" who="2" fromWho="1" sc="357,0,189,-20,209,20,245,0" /><INIT seed="2,1,0,0,2,73" ten="357,169,229,245" oya="2" hai0="72,99,126,120,20,134,63,106,11,55,53,78,119" hai1="104,81,111,42,36,48,93,6,107,64,83,87,28" hai2="13,79,75,19,127,128,5,50,130,26,96,91,95" hai3="133,39,54,131,59,109,30,62,66,77,10,103,60" shuffle="mt19937ar,55574022,32FDC1BA,21A30A2A,CA6E2BE9,ECA188D9,261ACEC1,771A70D5,6B626902"/><V67/><F127/><W114/><G109/><T57/><D126/><U88/><E36/><V24/><F67/><W108/><G108/><T15/><D134/><U23/><E64/><V47/><F5/><W18/><G39/><T113/><D113/><U52/><E42/><V61/><F61/><W117/><G117/><T51/><D120/><U71/><E71/><V2/><F2/><W45/><G133/><T102/><D20/><U115/><E115/><V121/><F121/><W12/><G114/><T122/><D122/><U22/><E111/><V3/><F3/><W118/><G118/><T46/><D119/><U34/><E107/><V17/><F17/><W112/><G131/><N who="2" m="50217" /><F50/><W89/><G103/><T4/><D72/><U58/><E6/><V32/><F47/><W35/><G77/><T86/><D78/><U92/><E34/><V65/><F32/><W125/><G125/><T90/><D90/><N who="1" m="53343" /><E28/><V43/><F65/><W40/><G30/><T49/><D86/><N who="1" m="52375" /><E104/><V70/><F43/><W82/><G40/><T31/><D31/><U41/><E41/><V84/><F70/><W100/><G35/><T101/><D51/><U38/><E38/><V110/><F110/><W129/><G129/><T116/><D116/><U56/><E58/><V14/><F75/><W7/><G45/><T132/><D132/><U0/><E0/><V76/><F96/><W29/><G29/><T69/><D69/><U123/><E123/><V124/><F124/><W21/><G112/><T85/><D85/><U135/><E135/><V8/><F14/><W1/><G66/><T27/><D27/><AGARI ba="1,0" hai="8,13,19,24,26,27,76,79,84,91,95" m="50217" machi="27" ten="30,11600,0" yaku="6,1,19,1,52,2" doraHai="73" who="2" fromWho="0" sc="357,-119,169,0,229,119,245,0" /><INIT seed="2,2,0,5,5,134" ten="238,169,348,245" oya="2" hai0="9,64,97,81,10,12,22,71,83,13,8,52,25" hai1="124,60,47,23,31,120,69,18,92,131,74,1,54" hai2="84,75,68,100,107,35,37,11,21,114,88,67,61" hai3="87,127,96,102,119,26,116,95,126,89,19,50,5" shuffle="mt19937ar,9D92CF7C,FA552727,1CF948DC,147B975F,B8C97386,438955B0,0374B0D0,06ED6F92"/><V17/><F114/><W110/><G5/><T125/><D64/><U62/><E120/><V94/><F75/><W15/><G26/><T122/><D71/><U63/><E74/><V66/><F37/><W51/><G110/><T57/><D122/><U65/><E1/><V40/><F66/><W48/><G15/><T106/><D106/><U130/><E124/><N who="3" m="47658" /><G19/><T99/><D125/><U117/><E117/><V30/><F40/><W33/><G33/><T20/><D13/><U79/><E31/><V0/><F0/><W41/><G41/><T34/><D12/><U6/><E6/><V86/><F11/><W72/><G72/><T108/><D108/><U2/><E2/><V24/><F84/><W49/><N who="3" m="12800" /><DORA hai="115" /><W129/><G129/><T82/><D34/><U80/><E92/><AGARI ba="2,0" hai="87,89,92,95,96,102,116,119" m="12800,47658" machi="92" ten="40,12000,2" yaku="18,1,52,5" doraHai="134,115" who="3" fromWho="1" sc="238,0,169,-126,348,0,245,126" /><INIT seed="3,0,0,2,2,52" ten="238,43,348,371" oya="3" hai0="56,61,100,132,117,87,82,32,73,57,47,105,27" hai1="42,44,127,85,90,28,18,59,91,26,25,46,97" hai2="68,67,103,104,94,48,129,108,88,17,45,40,38" hai3="113,128,101,43,119,53,122,29,20,102,71,65,15" shuffle="mt19937ar,3E964159,73920B7C,7DB30E6F,DE8ECB27,1E43CEF3,CAD0B609,EC726606,F86E779C"/><W109/><G122/><T36/><D117/><U111/><E127/><V92/><F108/><W89/><G119/><T112/><D132/><U19/><E111/><V123/><F104/><W75/><G109/><T31/><D112/><U126/><E126/><V24/><F123/><W95/><G113/><T9/><D73/><U99/><E42/><V96/><F129/><W55/><G75/><T62/><D100/><U16/><E28/><V54/><F24/><N who="1" m="9321" /><E85/><V84/><F17/><W33/><G33/><T0/><D105/><U79/><E79/><V1/><F1/><W34/><G34/><T124/><D124/><U5/><E5/><V8/><F8/><W2/><G2/><T98/><D98/><N who="1" m="37387" /><E59/><V77/><F77/><W66/><G71/><T3/><D47/><AGARI ba="0,0" hai="16,18,19,44,46,47,90,91" m="37387,9321" machi="47" ten="30,7700,0" yaku="28,2,8,1,54,1" doraHai="52" who="1" fromWho="0" sc="238,-77,43,77,348,0,371,0" owari="161,-19,120,-28,348,10,371,37" /></mjloggm>