<mjloggm ver="2.3"><GO type="41"/><UN n0="%6D%69%78%69%E5%B0%82%E7%94%A8%49%44" n1="%41%4C%47%4F" n2="%E6%84%9A%E6%B0%91%E7%8E%8B" n3="%E3%82%A6%E3%83%AB%E3%83%88%E3%83%A9%E7%AB%8B%E7%9B%B4" dan="14,14,14,15" rate="1872,2008,1899,1967" sx="M,M,F,M"/><TAIKYOKU oya="0"/><INIT seed="0,0,0,0,3,78" ten="250,250,250,250" oya="0" hai0="22,33,106,65,121,97,7,77,0,47,98,72,123" hai1="80,71,57,135,127,107,87,54,116,94,25,20,27" hai2="17,15,132,29,81,104,108,126,74,16,129,130,101" hai3="41,49,56,63,112,3,18,51,30,10,84,69,120"/><T31/><D33/><U79/><E71/><V23/><F29/><W86/><G69/><T28/><D77/><U103/><E116/><V114/><F114/><W48/><G112/><T124/><D47/><U42/><E135/><V128/><F132/><W82/><G30/><T110/><D124/><U26/><E107/><V32/><F32/><W19/><G120/><T55/><D106/><U96/><E127/><V111/><F126/><W75/><G75/><T122/><D123/><U52/><E42/><V45/><F101/><W13/><G3/><T1/><D22/><U14/><E57/><V21/><F104/><W89/><G86/><T119/><D110/><N who="2" m="42026" /><F45/><W24/><G41/><T53/><D119/><U43/><E43/><V88/><F74/><W38/><G38/><T91/><D72/><U76/><E79/><V73/><F73/><W58/><G63/><T59/><D59/><U5/><E5/><V68/><F68/><W6/><G6/><T60/><D60/><U39/><E39/><V11/><F17/><AGARI ba="0,0" hai="14,17,20,25,26,27,52,54,76,80,87,94,96,103" machi="17" ten="40,5200,0" yaku="8,1,52,1,54,1" doraHai="78" who="1" fromWho="2" sc="250,0,250,52,250,-52,250,0" /><INIT seed="1,0,0,4,4,48" ten="250,302,198,250" oya="1" hai0="93,20,110,132,111,135,33,134,80,29,22,128,40" hai1="92,12,117,37,23,31,87,83,39,77,44,47,2" hai2="76,9,3,43,98,61,102,55,74,120,56,129,52" hai3="126,72,114,82,26,14,90,121,79,106,0,34,85"/><U28/><E2/><V100/><F120/><W116/><G0/><T49/><D80/><U51/><E117/><V5/><F129/><W6/><G121/><T57/><D128/><U119/><E119/><V96/><F43/><W1/><G1/><T67/><D40/><U84/><E37/><V131/><F131/><W112/><G116/><T11/><D93/><U88/><E39/><V86/><F76/><W58/><G106/><T70/><D70/><U13/><E47/><V46/><F74/><W42/><G114/><T54/><D11/><U21/><E28/><V66/><F86/><W113/><G112/><T107/><D107/><U75/><E75/><V99/><REACH who="2" step="1"/><F46/><REACH who="2" step="2"/><W7/><G42/><T59/><D110/><U65/><E65/><V124/><F124/><W32/><G126/><T81/><D111/><U130/><E130/><V62/><F62/><W108/><G108/><T133/><D133/><U71/><E71/><V63/><F63/><W105/><G79/><T89/><D67/><U38/><E38/><V118/><F118/><W104/><G72/><T16/><D135/><U41/><E31/><V45/><F45/><W24/><G113/><T50/><D29/><U60/><E60/><V18/><F18/><W10/><G58/><T73/><D59/><U35/><E35/><V30/><F30/><W101/><G34/><T125/><D33/><U91/><E77/><V8/><F8/><W27/><G32/><T122/><D134/><U78/><E78/><V127/><F127/><W19/><G10/><T68/><D132/><U15/><AGARI ba="0,1" hai="12,13,15,21,23,41,44,51,83,84,87,88,91,92" machi="15" ten="30,6000,0" yaku="0,1,8,1,54,1" doraHai="48" who="1" fromWho="1" sc="250,-20,302,70,188,-20,250,-20" /><INIT seed="1,1,0,2,4,37" ten="230,372,168,230" oya="1" hai0="34,63,129,9,2,42,110,116,71,36,13,49,31" hai1="80,38,125,8,27,52,43,102,126,70,68,100,113" hai2="104,57,6,79,22,35,93,82,91,98,92,130,90" hai3="117,33,23,69,106,65,121,19,85,48,122,132,131"/><U128/><E113/><V123/><F35/><W101/><G85/><T18/><D110/><U60/><E80/><V84/><F123/><W51/><G19/><T103/><D129/><U64/><E27/><V134/><F6/><W58/><G23/><T7/><D116/><U96/><E102/><N who="2" m="62551" /><F22/><W88/><G88/><N who="2" m="33833" /><F57/><W50/><G101/><T75/><D103/><U40/><E8/><V87/><F134/><W67/><G106/><T127/><D42/><N who="1" m="15915" /><E128/><V95/><F130/><W83/><G33/><T119/><D63/><U1/><E1/><V94/><N who="2" m="23552" /><DORA hai="118" /><V47/><F47/><W114/><G131/><T39/><D49/><U77/><E77/><V10/><F10/><W20/><G114/><T115/><D71/><N who="1" m="42375" /><E100/><V15/><F15/><W109/><G117/><T44/><D34/><U89/><E38/><V78/><F78/><W55/><G121/><T28/><D36/><U66/><E96/><V97/><F97/><W112/><G112/><T54/><D39/><U3/><E89/><V72/><AGARI ba="1,0" hai="72,79,82,84,87" m="23552,33833,62551" machi="72" ten="40,12000,2" yaku="35,5,54,1" doraHai="37,118" who="2" fromWho="2" sc="230,-31,372,-61,168,123,230,-31" /><INIT seed="2,0,0,3,0,63" ten="199,311,291,199" oya="2" hai0="2,80,33,91,43,40,25,89,7,76,66,70,30" hai1="127,57,1,122,74,55,35,135,79,46,105,119,72" hai2="41,47,61,90,18,17,100,133,111,31,112,19,9" hai3="128,131,23,32,24,123,129,98,34,124,49,115,14"/><V92/><F112/><W101/><G123/><T29/><D29/><U36/><RYUUKYOKU type="yao9" ba="0,0" sc="199,0,311,0,291,0,199,0" hai1="1,35,36,46,55,57,72,74,79,105,119,122,127,135" /><INIT seed="2,1,0,0,0,107" ten="199,311,291,199" oya="2" hai0="38,81,128,11,124,37,6,28,7,129,130,74,100" hai1="62,71,4,15,105,127,17,29,91,69,12,106,26" hai2="122,43,90,0,25,89,41,120,118,104,44,123,111" hai3="58,77,114,117,86,109,135,108,94,97,112,57,98"/><V53/><F104/><W84/><G58/><T126/><D100/><U73/><E127/><N who="0" m="48681" /><D28/><U116/><E116/><V70/><F70/><W30/><G57/><T40/><D7/><U45/><E4/><V121/><F118/><W95/><G30/><T61/><D61/><U51/><E17/><V83/><F0/><W13/><G13/><N who="0" m="5367" /><D40/><U88/><E62/><V27/><F111/><W102/><G117/><T125/><N who="0" m="48689" /><T55/><DORA hai="1" /><D55/><U68/><E29/><V16/><F27/><W19/><G19/><T48/><D48/><U115/><E115/><V18/><F123/><W52/><G52/><T93/><D93/><U75/><E51/><V131/><F131/><W103/><REACH who="3" step="1"/><G77/><AGARI ba="1,0" hai="37,38,74,77,81,128,129,130" m="5367,48689" machi="77" ten="50,8000,1" yaku="19,1,18,1,52,2" doraHai="107,1" who="0" fromWho="3" sc="199,83,311,0,291,0,199,-83" /><INIT seed="3,0,0,0,1,35" ten="282,311,291,116" oya="3" hai0="31,87,43,96,80,93,70,121,40,109,62,78,53" hai1="76,59,0,75,101,110,63,83,60,69,115,23,32" hai2="86,73,106,33,94,45,125,10,24,111,92,72,126" hai3="37,134,95,123,124,27,77,49,64,102,25,30,42"/><W38/><G123/><T89/><D109/><U50/><E115/><V26/><F106/><W79/><G124/><N who="2" m="47721" /><F33/><W67/><G134/><T88/><D121/><U12/><E110/><V74/><F111/><W81/><G38/><T7/><D31/><U29/><E12/><V22/><F10/><W5/><G37/><T46/><D7/><U113/><E113/><V130/><F45/><N who="3" m="25783" /><G5/><T82/><D70/><U48/><E101/><V119/><F130/><W116/><G116/><T9/><D9/><U131/><E131/><V71/><F119/><W41/><G41/><T6/><D6/><U90/><E23/><V18/><F71/><W15/><G15/><T16/><D16/><U61/><E90/><N who="2" m="53335" /><F94/><W57/><G81/><T100/><D89/><U55/><E48/><V91/><F91/><W21/><G27/><AGARI ba="0,0" hai="18,22,24,26,27,72,73,74" m="53335,47721" machi="27" ten="40,1300,0" yaku="18,1" doraHai="35" who="2" fromWho="3" sc="282,0,311,0,291,13,116,-13" /><INIT seed="4,0,0,4,5,36" ten="282,311,304,103" oya="0" hai0="7,11,80,75,101,119,19,33,10,76,27,71,17" hai1="5,122,124,45,29,130,132,104,94,44,91,56,67" hai2="35,68,109,51,59,63,79,127,13,48,1,102,0" hai3="85,55,114,90,99,39,107,134,77,100,31,69,2"/><T120/><D120/><U96/><E122/><V121/><F121/><W14/><G2/><T123/><D119/><U126/><E104/><V128/><F109/><W87/><G69/><T98/><D71/><U89/><E29/><V64/><F68/><W41/><G114/><T86/><D123/><U106/><E106/><V34/><F128/><W135/><G31/><T83/><D11/><U3/><E3/><V18/><F127/><W81/><G55/><T95/><D33/><U66/><E5/><V24/><F35/><W58/><G58/><T97/><D98/><U105/><E105/><V70/><F79/><W22/><G22/><T108/><D108/><U53/><E132/><N who="3" m="50730" /><G14/><T78/><REACH who="0" step="1"/><D27/><REACH who="0" step="2"/><U118/><E118/><V54/><F34/><W46/><G87/><T23/><D23/><U115/><E115/><V57/><F24/><W12/><G12/><AGARI ba="0,1" hai="7,10,12,17,19,75,76,78,80,83,86,95,97,101" machi="12" ten="30,2900,0" yaku="1,1,7,1,53,0" doraHai="36" doraHaiUra="21" who="0" fromWho="3" sc="272,39,311,0,304,0,103,-29" /><INIT seed="4,1,0,3,1,98" ten="311,311,304,74" oya="0" hai0="13,86,78,58,48,34,71,114,93,63,94,90,61" hai1="36,44,12,20,31,89,128,3,75,23,127,42,91" hai2="122,40,52,117,11,72,22,37,39,2,135,123,107" hai3="16,113,84,118,38,59,28,0,88,82,55,125,81"/><T27/><D114/><U10/><E128/><V66/><F122/><W73/><G38/><T50/><D71/><U4/><E127/><V26/><F123/><W54/><G0/><T77/><D34/><U32/><E12/><V57/><F72/><W45/><G125/><T100/><D27/><U131/><E131/><V83/><F107/><W97/><G113/><T120/><D120/><U103/><E20/><V43/><F135/><W130/><G130/><T1/><D1/><U49/><E49/><N who="0" m="19049" /><D13/><U133/><E23/><V74/><F117/><W64/><G118/><T56/><D100/><U6/><E6/><V101/><F66/><W76/><G28/><T124/><D94/><U14/><E14/><V41/><F2/><W104/><G104/><T80/><D124/><U87/><E133/><V65/><F65/><W33/><G33/><T7/><D7/><U79/><E87/><V110/><F110/><W70/><G70/><T8/><D8/><U132/><E132/><V129/><F11/><W19/><G97/><N who="0" m="57527" /><D77/><U62/><E62/><AGARI ba="1,0" hai="56,58,61,62,63,78,80,86" m="57527,19049" machi="62" ten="30,1500,0" yaku="8,1" doraHai="98" who="0" fromWho="1" sc="311,18,311,-18,304,0,74,0" /><INIT seed="4,2,0,0,4,125" ten="329,293,304,74" oya="0" hai0="0,17,80,87,118,83,51,41,62,120,14,8,25" hai1="56,128,33,67,79,58,59,88,122,86,2,117,1" hai2="5,12,76,74,38,110,42,9,53,69,119,90,134" hai3="55,95,54,50,45,116,100,84,19,129,4,72,85"/><T31/><D120/><U131/><E122/><V11/><F110/><W73/><G72/><T91/><D118/><U133/><E117/><V102/><F69/><W52/><G73/><T113/><D113/><U97/><E33/><V20/><F134/><W6/><G116/><T103/><D103/><U66/><E79/><V40/><F119/><W57/><G129/><N who="1" m="49738" /><E97/><V37/><F102/><W130/><G130/><T43/><D0/><N who="1" m="107" /><E133/><V32/><F32/><W121/><G121/><T77/><D77/><U36/><E36/><V71/><F71/><W112/><G112/><T44/><D83/><AGARI ba="2,0" hai="56,58,59,66,67,83,86,88" m="107,49738" machi="83" ten="40,8000,1" yaku="19,1,52,3,54,1" doraHai="125" who="1" fromWho="0" sc="329,-86,293,86,304,0,74,0" /><INIT seed="5,0,0,3,0,59" ten="243,379,304,74" oya="1" hai0="114,28,45,32,42,3,22,78,90,34,87,76,80" hai1="54,6,62,57,35,81,122,96,112,89,47,75,53" hai2="63,134,56,100,39,5,133,16,14,135,41,120,92" hai3="8,13,123,25,60,2,72,40,109,55,20,48,33"/><U85/><E122/><V125/><F120/><W70/><G123/><T105/><D105/><U66/><E75/><V88/><F5/><W38/><G72/><T11/><D114/><U73/><E73/><V94/><F94/><W82/><G109/><T52/><D34/><U68/><E112/><V97/><F125/><W50/><G33/><T44/><D32/><U119/><E119/><V95/><F41/><W99/><G2/><T108/><D108/><U46/><E35/><V101/><F95/><W126/><G126/><T74/><D3/><U121/><E121/><V27/><F27/><W86/><G99/><T64/><D11/><U83/><E6/><V30/><F39/><W15/><G38/><T127/><D127/><U124/><E124/><V1/><F30/><W102/><G102/><T17/><D28/><U29/><E29/><V12/><F12/><W0/><G0/><T36/><D64/><U117/><E117/><V116/><F1/><W111/><G111/><T9/><D74/><U10/><E68/><V107/><F107/><W103/><G103/><T129/><D129/><U61/><E96/><V65/><F116/><W23/><G70/><T51/><REACH who="0" step="1"/><D9/><AGARI ba="0,0" hai="9,14,16,56,63,65,88,92,97,100,101,133,134,135" machi="9" ten="40,8000,1" yaku="20,1,52,1,54,2" doraHai="59" who="2" fromWho="0" sc="243,-80,379,0,304,80,74,0" /><INIT seed="6,0,0,5,3,90" ten="163,379,384,74" oya="2" hai0="53,50,68,84,134,8,71,100,46,126,55,129,73" hai1="82,94,23,123,79,69,107,118,64,75,91,45,96" hai2="66,113,135,92,3,39,28,119,114,22,132,13,115" hai3="87,88,81,86,131,1,74,80,7,17,49,48,127"/><V59/><F119/><W77/><G127/><T31/><D73/><U25/><E118/><V89/><F3/><W41/><G131/><T33/><D126/><U70/><E123/><V38/><F66/><W78/><G7/><T18/><D129/><U109/><E109/><V36/><F59/><W11/><G1/><T124/><D124/><U27/><E45/><V52/><F52/><W76/><G76/><T32/><D134/><N who="2" m="51242" /><F28/><W102/><G102/><T20/><D31/><U60/><E69/><V51/><F51/><W6/><G6/><T40/><D68/><U83/><E83/><V117/><F117/><W19/><G41/><T101/><D71/><U9/><E9/><V116/><F116/><W34/><G34/><T120/><D8/><U108/><E108/><V106/><F106/><W35/><G35/><T47/><D120/><U2/><E2/><V44/><F44/><W128/><G128/><T4/><D4/><U72/><E72/><V103/><F103/><N who="0" m="39498" /><D32/><U37/><E37/><V93/><F89/><W125/><G125/><T133/><D133/><U110/><E110/><V58/><F58/><W99/><G74/><T15/><D47/><U42/><E42/><V12/><F22/><W62/><G62/><T98/><D33/><U10/><E10/><V14/><AGARI ba="0,0" hai="12,13,14,36,38,39,92,93,113,114,115" m="51242" machi="14" ten="50,24000,3" yaku="29,2,28,2,15,1,20,1,52,2" doraHai="90" who="2" fromWho="2" sc="163,-80,379,-80,384,240,74,-80" owari="83,-32,299,10,624,73,-6,-51" /></mjloggm>