<mjloggm ver="2.3"><GO type="1"/><UN n0="%E3%82%A6%E3%83%AB%E3%83%88%E3%83%A9%E7%AB%8B%E7%9B%B4" n1="%E3%83%94%E3%83%B3%E3%83%95%E3%81%8A%E7%88%B6%E3%81%95%E3%82%93" n2="%6C%65%6D%6F%64%61" n3="%62%61%6B%61%61%68%6F" dan="8,9,5,1" rate="1739,1317,1452,1463" sx="M,M,M,M"/><TAIKYOKU oya="0"/><INIT seed="0,0,0,2,3,65" ten="250,250,250,250" oya="0" hai0="15,68,80,102,62,116,22,25,129,126,52,56,17" hai1="119,103,125,42,101,118,57,108,110,109,8,7,115" hai2="97,1,74,85,124,32,133,95,87,2,31,21,35" hai3="122,134,44,27,71,19,37,29,90,81,120,0,76" shuffle="mt19937ar,2E6253A4,7EBE6582,9B33F1C9,6E763D23,78904A4C,DCB1E428,E8947575,FFFB4235"/><T13/><D116/><N who="1" m="44587" /><E42/><V9/><F74/><W59/><G0/><T70/><D102/><U33/><E57/><V55/><F124/><W23/><G134/><T89/><D126/><U63/><E63/><V105/><F105/><W24/><G90/><T18/><D129/><U128/><E33/><V98/><F133/><W86/><G59/><T75/><D25/><U12/><E125/><V11/><F55/><W10/><G10/><T130/><D130/><U79/><E128/><V45/><F45/><W111/><G111/><N who="1" m="28418" /><U4/><DORA hai="26" /><E79/><V131/><F131/><W84/><G84/><T3/><D3/><N who="1" m="31" /><E115/><V53/><F53/><W121/><G71/><T113/><D113/><U78/><E78/><V107/><F95/><W50/><G37/><T14/><D14/><U127/><E127/><V36/><F107/><W41/><REACH who="3" step="1"/><G29/><REACH who="3" step="2"/><T46/><D46/><U64/><E103/><V54/><F31/><W135/><G135/><T6/><D6/><U51/><E101/><V92/><F92/><W106/><G106/><T94/><D75/><U93/><E51/><V132/><F132/><W72/><G72/><T40/><D80/><U88/><E64/><V16/><F36/><W112/><G112/><T123/><D123/><U100/><E100/><V28/><F28/><W20/><G20/><T117/><D117/><U34/><E93/><V73/><F21/><W82/><G82/><T43/><D68/><U66/><E66/><V61/><F73/><W96/><G96/><T5/><D70/><U39/><E39/><V38/><F38/><W48/><G48/><T49/><D49/><RYUUKYOKU ba="0,1" sc="250,-10,250,-10,250,-10,240,30" hai3="19,23,24,27,41,44,50,76,81,86,120,121,122" /><INIT seed="1,1,1,3,5,9" ten="240,240,240,270" oya="1" hai0="58,60,89,94,90,117,7,14,15,23,41,118,113" hai1="69,3,79,126,19,31,37,131,57,30,135,97,91" hai2="46,11,73,17,120,115,129,40,102,48,18,128,59" hai3="20,78,76,121,66,28,65,87,86,112,25,51,38" shuffle="mt19937ar,E9CBAD90,37347621,10C93E9B,DCB0E773,A7705717,FCFB474F,AE2F9C2D,755677D3"/><U67/><E37/><V34/><F34/><W45/><G38/><T61/><D113/><U125/><E3/><V80/><F102/><W134/><G134/><T99/><D117/><U26/><E79/><N who="2" m="44143" /><F115/><W88/><G112/><T42/><D118/><U85/><E97/><V83/><F83/><W132/><G132/><T29/><D7/><U44/><E44/><V92/><F120/><W114/><G121/><T8/><D8/><U107/><E107/><V100/><F100/><W72/><G114/><T39/><D39/><U13/><E69/><V109/><F109/><W98/><G72/><T81/><D60/><U123/><E123/><V108/><F108/><W54/><G98/><T63/><D63/><U111/><E111/><V106/><F106/><W96/><G96/><T5/><D5/><U127/><E26/><V77/><F77/><W22/><G22/><T95/><D81/><U116/><E116/><V104/><F92/><W10/><G10/><T74/><D74/><U49/><E49/><V122/><F122/><W50/><G87/><N who="0" m="52543" /><D23/><U6/><E6/><V2/><F104/><W110/><G110/><T93/><D29/><N who="1" m="10763" /><E135/><V64/><F64/><W21/><G21/><T12/><D95/><N who="1" m="54767" /><E131/><N who="2" m="50251" /><F59/><W4/><G4/><AGARI ba="1,1" hai="2,4,11,17,18,40,46,48" m="50251,44143" machi="4" ten="30,1000,0" yaku="19,1" doraHai="9" who="2" fromWho="3" sc="240,0,240,0,240,23,270,-13" /><INIT seed="2,0,0,3,5,60" ten="240,240,263,257" oya="2" hai0="44,55,96,129,33,86,15,5,24,4,8,114,124" hai1="51,66,29,119,42,122,34,12,116,56,54,65,87" hai2="131,126,134,82,128,102,28,63,109,11,104,25,23" hai3="135,92,70,57,9,106,95,13,3,107,48,71,108" shuffle="mt19937ar,1CDD852C,1BA35121,9061EF93,0A6B2E09,CD80775A,C5972770,054BCA6E,5674630F"/><V112/><F63/><W81/><G3/><T41/><D114/><U80/><E12/><V52/><F11/><W132/><G108/><T99/><D124/><U74/><E74/><V0/><F0/><W133/><G81/><T93/><D129/><N who="2" m="49738" /><F82/><W130/><G48/><T21/><D33/><U94/><E94/><N who="3" m="35882" /><G130/><T6/><D55/><U110/><E110/><V64/><F109/><W73/><G73/><T111/><D111/><U40/><E87/><V61/><F52/><W127/><G57/><T78/><D78/><U85/><E85/><V90/><F126/><W46/><G127/><T35/><D35/><U117/><E80/><V10/><F90/><W22/><G22/><T38/><D86/><U18/><E18/><V123/><F112/><W83/><G46/><T50/><D38/><U103/><E103/><V84/><F84/><W79/><G83/><T88/><REACH who="0" step="1"/><D96/><REACH who="0" step="2"/><U89/><E89/><V120/><F134/><N who="3" m="34307" /><W115/><DORA hai="113" /><G115/><T47/><D47/><U105/><E105/><N who="3" m="39946" /><G79/><T19/><AGARI ba="0,1" hai="4,5,6,8,15,19,21,24,41,44,50,88,93,99" machi="19" ten="20,12000,2" yaku="1,1,0,1,7,1,8,1,54,1,53,1" doraHai="60,113" doraHaiUra="7,49" who="0" fromWho="0" sc="230,130,240,-30,263,-60,257,-30" /><INIT seed="3,0,0,4,1,94" ten="360,210,203,227" oya="3" hai0="130,19,14,43,2,20,109,71,46,45,61,54,12" hai1="44,3,59,99,11,131,133,13,80,97,21,65,110" hai2="7,6,106,72,107,126,69,108,134,62,93,4,114" hai3="38,55,40,5,115,52,129,81,58,41,26,103,101" shuffle="mt19937ar,2FAF7506,34B0D113,5181EEE9,F9812FB1,664F38C1,316A9011,55F3A9E3,32B6D688"/><W125/><G115/><T113/><D2/><U91/><E3/><V82/><F72/><W60/><G125/><T16/><D130/><U56/><E110/><V128/><F126/><W30/><G129/><T47/><D109/><U28/><E131/><V78/><F128/><W57/><G5/><T18/><D18/><U104/><E133/><V39/><F39/><W122/><G81/><T119/><D119/><U73/><E73/><V112/><F108/><W29/><G122/><T84/><D84/><U123/><E123/><V64/><F93/><W32/><G30/><T132/><D132/><U49/><E104/><V127/><F127/><W100/><REACH who="3" step="1"/><G38/><REACH who="3" step="2"/><T27/><D113/><U75/><E75/><V53/><F134/><W25/><G25/><T8/><D27/><U10/><E65/><V31/><F31/><W42/><G42/><T76/><D76/><U116/><E116/><V121/><F121/><W105/><G105/><T17/><D17/><U102/><E102/><V77/><F107/><W68/><G68/><T86/><D71/><U96/><E28/><V74/><F106/><W120/><G120/><T85/><D43/><U23/><E13/><V95/><F78/><W87/><G87/><T117/><D117/><U35/><E35/><V51/><REACH who="2" step="1"/><F95/><REACH who="2" step="2"/><W9/><G9/><N who="1" m="3082" /><E91/><V22/><F22/><N who="1" m="8201" /><E80/><V90/><F90/><W83/><G83/><T34/><D34/><U118/><E118/><V135/><F135/><W15/><G15/><T48/><D85/><U89/><E89/><V0/><F0/><W79/><G79/><T66/><D86/><U24/><E24/><RYUUKYOKU ba="0,2" sc="360,0,210,0,193,0,217,0" hai0="8,12,14,16,19,20,45,46,47,48,54,61,66" hai1="44,49,56,59,96,97,99" hai2="4,6,7,51,53,62,64,69,74,77,82,112,114" hai3="26,29,32,40,41,52,55,57,58,60,100,101,103" /><INIT seed="3,1,2,5,1,50" ten="360,210,193,217" oya="3" hai0="128,16,6,15,100,72,102,41,55,116,87,125,109" hai1="74,13,22,45,106,10,42,126,54,61,80,98,62" hai2="78,60,25,46,113,31,0,67,99,130,12,75,1" hai3="71,85,21,66,68,97,103,39,104,28,95,91,30" shuffle="mt19937ar,5CB980A7,946D2744,BFEF84BC,BA0E8939,F5D489A6,25DB70DC,4A5088E0,34C9CE3D"/><W36/><G28/><T124/><D72/><U7/><E126/><N who="0" m="48745" /><D41/><U117/><E117/><V76/><F113/><W29/><G29/><T47/><D6/><U44/><E106/><V92/><F46/><W34/><G34/><T27/><D27/><U3/><E98/><V33/><F12/><W119/><G119/><T20/><D128/><U49/><E13/><V93/><F93/><W57/><G21/><T70/><D70/><U51/><REACH who="1" step="1"/><E22/><REACH who="1" step="2"/><V53/><F130/><W37/><REACH who="3" step="1"/><G30/><REACH who="3" step="2"/><T63/><D116/><U127/><E127/><V90/><F75/><W86/><G86/><T105/><D87/><U118/><E118/><V134/><F134/><W77/><G77/><AGARI ba="1,4" hai="3,7,10,42,44,45,49,51,54,61,62,74,77,80" machi="77" ten="40,2600,0" yaku="1,1,52,1,53,0" doraHai="50" doraHaiUra="9" who="1" fromWho="3" sc="360,0,200,69,193,0,207,-29" owari="360,36,269,2,193,-16,178,-22" /></mjloggm>