<mjloggm ver="2.3"><GO type="97"/><UN n0="%E7%B7%9A%E5%BD%A2%E8%A8%88%E7%94%BB%E6%B3%95" n1="%E4%BC%9A%E7%A4%BE%E3%81%A8%E3%81%AF%E4%BD%95%E3%81%8B" n2="%E3%82%A6%E3%83%AB%E3%83%88%E3%83%A9%E7%AB%8B%E7%9B%B4" n3="%E3%82%AA%E3%82%AB%E3%83%AB%E3%83%88" dan="15,15,13,14" rate="1942,2000,1811,1912" sx="M,M,M,M"/><TAIKYOKU oya="0"/><INIT seed="0,0,0,3,3,29" ten="250,250,250,250" oya="0" hai0="60,118,69,54,81,66,2,20,13,92,107,87,90" hai1="77,68,88,39,53,128,37,95,72,10,76,112,100" hai2="114,63,83,35,56,109,96,101,18,102,24,59,61" hai3="91,123,43,115,62,38,45,50,31,12,84,99,57" shuffle="mt19937ar,F123BBA5,B83EEC26,49691099,29B4FDA9,8E189E5E,2813C796,FEC02E4C,B5E401BE"/><T127/><D118/><U93/><E68/><V106/><F114/><W111/><G115/><T133/><D2/><U78/><E112/><V98/><F109/><W32/><G111/><T97/><D133/><U34/><E34/><V1/><F1/><W103/><G123/><T129/><D127/><U46/><E72/><V26/><F83/><W132/><G132/><T8/><D129/><U17/><E128/><V16/><F106/><W28/><G38/><T124/><D124/><U86/><E100/><V51/><F51/><W82/><G12/><T73/><D20/><U19/><E39/><V105/><F105/><W58/><G32/><AGARI ba="0,0" hai="16,18,24,26,32,35,56,59,61,63,96,98,101,102" machi="32" ten="25,8000,1" yaku="22,2,52,2,54,1" doraHai="29" who="2" fromWho="3" sc="250,0,250,0,250,80,250,-80" /><INIT seed="1,0,0,5,2,82" ten="250,250,330,170" oya="1" hai0="27,62,16,10,120,23,122,56,12,87,9,91,20" hai1="46,14,68,33,67,24,92,17,60,34,32,69,116" hai2="76,0,113,1,11,104,99,118,39,119,15,35,38" hai3="50,28,133,124,31,72,89,88,103,78,129,75,123" shuffle="mt19937ar,0329AA84,791D4F30,04C769E0,9E762B97,113B0E9B,D66E7F73,2B5C2031,89D0227D"/><U94/><E116/><V121/><F15/><W5/><G123/><N who="0" m="47147" /><D56/><U132/><E132/><V25/><F121/><W127/><G133/><T45/><D45/><U70/><E46/><V7/><F76/><W29/><G129/><T95/><D62/><U48/><E48/><V6/><F99/><W58/><G103/><T71/><D71/><U100/><E24/><V134/><F104/><W96/><G5/><T109/><D109/><U55/><E55/><V63/><F63/><W43/><G78/><T74/><D74/><U77/><E77/><V21/><F134/><W26/><G26/><T98/><D98/><U85/><E94/><V102/><F102/><W125/><G96/><T101/><D101/><U4/><E100/><V115/><F35/><W97/><G43/><T52/><D52/><U135/><E135/><V19/><F39/><W126/><N who="3" m="32256" /><DORA hai="47" /><W79/><G79/><T49/><D49/><U111/><E4/><V110/><F38/><W128/><G128/><T84/><D84/><U3/><E3/><V61/><F61/><W117/><G117/><N who="2" m="44553" /><F110/><W130/><G130/><T108/><D108/><U106/><E106/><V44/><F44/><W114/><G114/><N who="2" m="43529" /><F11/><W40/><G40/><T18/><AGARI ba="0,0" hai="9,10,12,16,18,20,23,27,87,91,95" m="47147" machi="18" ten="30,4000,0" yaku="13,1,52,1,54,1" doraHai="82,47" who="0" fromWho="0" sc="250,40,250,-20,330,-10,170,-10" /><INIT seed="2,0,0,0,1,113" ten="290,230,320,160" oya="2" hai0="23,0,33,110,42,87,13,1,7,53,28,44,20" hai1="77,100,46,103,65,66,84,31,58,45,35,59,22" hai2="125,74,135,78,131,72,109,85,55,105,115,15,60" hai3="98,111,132,112,4,17,97,117,83,121,118,9,80" shuffle="mt19937ar,EEDE7E01,6C67AB1F,D7808F90,50594879,6FC9B35D,0336EB05,DE7290C7,1CEDB3D3"/><V120/><F55/><W76/><G121/><T104/><D110/><U57/><E35/><V24/><F60/><W34/><G34/><T89/><D104/><U75/><E75/><V122/><F15/><W54/><G111/><T50/><D33/><U21/><E84/><V32/><F24/><W11/><G132/><T19/><D28/><U10/><E10/><V38/><F85/><W29/><G29/><T8/><D0/><U124/><E124/><V47/><F78/><W49/><G112/><T86/><D23/><N who="1" m="8715" /><E77/><V36/><F47/><N who="1" m="17929" /><E31/><V82/><F82/><W71/><G71/><T134/><D134/><U37/><E37/><V123/><F123/><W18/><G54/><T114/><D114/><U127/><E127/><V25/><F25/><W126/><G126/><T43/><REACH who="0" step="1"/><D86/><REACH who="0" step="2"/><U119/><E119/><V6/><F122/><W116/><G76/><T93/><AGARI ba="0,1" hai="1,7,8,13,19,20,42,43,44,50,53,87,89,93" machi="93" ten="20,5200,0" yaku="1,1,2,1,0,1,7,1,53,0" doraHai="113" doraHaiUra="130" who="0" fromWho="0" sc="280,62,230,-13,320,-26,160,-13" /><INIT seed="3,0,0,1,0,84" ten="342,217,294,147" oya="3" hai0="111,101,64,127,90,9,82,118,110,71,88,63,17" hai1="62,102,70,59,15,51,131,29,33,40,21,117,113" hai2="31,54,69,126,32,12,116,53,85,11,65,99,128" hai3="34,114,2,1,120,83,93,6,45,121,95,133,46" shuffle="mt19937ar,294C20A7,DFF55E6A,0BF96333,88443C3D,D7BDA474,EC065C72,D3359DF6,CA6F7D0D"/><W48/><G34/><T60/><D118/><U50/><E113/><V72/><F72/><W55/><G114/><T129/><D129/><U5/><E70/><V24/><F116/><W92/><G133/><T10/><D127/><U43/><E33/><V109/><F128/><W13/><G83/><T119/><D119/><U38/><E38/><V52/><F126/><W58/><G13/><N who="0" m="7343" /><D101/><U107/><E102/><V122/><F122/><W22/><G22/><T8/><D82/><U7/><E107/><V26/><F109/><N who="0" m="41482" /><D63/><U14/><E131/><V98/><F26/><W37/><G37/><T61/><D61/><U73/><E73/><V100/><F65/><W135/><G135/><T4/><D8/><U123/><E123/><V125/><F69/><W36/><G6/><N who="1" m="2058" /><E117/><V96/><F125/><W49/><G36/><T104/><D104/><U74/><E74/><V94/><REACH who="2" step="1"/><F85/><REACH who="2" step="2"/><W20/><G20/><T35/><D35/><U25/><E25/><V44/><F44/><W39/><G39/><T57/><D71/><U16/><E21/><V124/><F124/><W97/><G97/><T130/><D130/><U80/><E80/><V105/><F105/><W108/><G108/><T23/><D23/><U112/><E112/><V18/><AGARI ba="0,1" hai="11,12,18,24,31,32,52,53,54,94,96,98,99,100" machi="18" ten="30,4000,0" yaku="1,1,0,1,54,1,53,0" doraHai="84" doraHaiUra="47" who="2" fromWho="2" sc="342,-10,217,-10,284,50,147,-20" owari="332,8,207,-14,334,33,127,-27" /></mjloggm>