<mjloggm ver="2.3"><GO type="41"/><UN n0="%E8%98%AD%E3%80%85" n1="%E3%82%A6%E3%83%AB%E3%83%88%E3%83%A9%E7%AB%8B%E7%9B%B4" n2="%69%6B%61%74%61%73" n3="%E3%81%93%E3%81%9F%E3%81%A1%E3%82%87%E3%82%93" dan="13,13,14,13" rate="1847,1853,1876,2014" sx="F,M,M,M"/><TAIKYOKU oya="0"/><INIT seed="0,0,0,0,0,8" ten="250,250,250,250" oya="0" hai0="129,105,112,75,14,10,120,29,66,26,46,124,77" hai1="40,63,99,69,38,1,110,5,4,73,79,6,62" hai2="47,67,23,65,93,109,134,92,49,3,126,74,56" hai3="72,84,95,83,19,117,17,53,12,114,125,128,28"/><T100/><D120/><U21/><E21/><V51/><F74/><W44/><G117/><T101/><D112/><U122/><E99/><V15/><F3/><W130/><G114/><T104/><D124/><U87/><E87/><V57/><F126/><W131/><G125/><T91/><D129/><N who="3" m="33025" /><W52/><DORA hai="82" /><G28/><T37/><D105/><U58/><E58/><V68/><F68/><W55/><G72/><T61/><D104/><U30/><E30/><V133/><F109/><W106/><G106/><T9/><D75/><U107/><E63/><V81/><F23/><N who="3" m="11687" /><G19/><T94/><D77/><U103/><E107/><V80/><REACH who="2" step="1"/><F47/><REACH who="2" step="2"/><W86/><G44/><T7/><D46/><N who="1" m="23831" /><E110/><V123/><F123/><W31/><G31/><T43/><D37/><U34/><E122/><V64/><F64/><W18/><G18/><T97/><D43/><U32/><E6/><V85/><F85/><N who="3" m="32875" /><G83/><T98/><D98/><U119/><E119/><V36/><F36/><W59/><G95/><T20/><REACH who="0" step="1"/><D10/><REACH who="0" step="2"/><U135/><E73/><V50/><F50/><AGARI ba="0,2" hai="50,52,53,55,59" m="32875,11687,33025" machi="50" ten="40,12000,2" yaku="19,1,52,4,54,1" doraHai="8,82" who="3" fromWho="2" sc="240,0,250,0,240,-120,250,140" /><INIT seed="1,0,0,3,4,125" ten="240,250,120,390" oya="1" hai0="102,51,33,47,1,84,65,30,118,60,98,73,80" hai1="66,81,55,93,0,63,78,112,113,104,76,85,83" hai2="23,103,3,67,38,58,70,42,45,88,92,18,122" hai3="48,35,111,19,121,82,14,40,71,64,12,31,13"/><U126/><E0/><V4/><F122/><W128/><G121/><T9/><D84/><U91/><E55/><V32/><F103/><W26/><G111/><T127/><D51/><U79/><E63/><V59/><F32/><W116/><G116/><T36/><D118/><U25/><E25/><V17/><F3/><W8/><G82/><T29/><D127/><U57/><E57/><V119/><F119/><W62/><REACH who="3" step="1"/><G128/><REACH who="3" step="2"/><T15/><D80/><N who="1" m="30795" /><E126/><V7/><F70/><W115/><G115/><T53/><D1/><U94/><E112/><V27/><F67/><W68/><G68/><T96/><D65/><U101/><E66/><V117/><F117/><W72/><G72/><T90/><D73/><U133/><E113/><V5/><REACH who="2" step="1"/><F18/><REACH who="2" step="2"/><W87/><G87/><AGARI ba="0,2" hai="4,5,7,17,23,27,38,42,45,58,59,87,88,92" machi="87" ten="40,5200,0" yaku="1,1,2,1,54,1,53,0" doraHai="125" doraHaiUra="129" who="2" fromWho="3" sc="240,0,250,0,110,72,380,-52" /><INIT seed="2,0,0,5,3,43" ten="240,250,182,328" oya="2" hai0="60,27,35,41,131,86,12,102,1,48,122,77,18" hai1="26,108,31,3,9,5,34,128,45,87,69,63,99" hai2="98,25,75,54,66,120,44,115,109,38,50,30,84" hai3="117,68,100,85,7,39,64,93,80,106,20,2,65"/><V15/><F75/><W116/><G39/><T76/><D122/><U88/><E99/><V133/><F120/><W56/><G68/><T40/><D1/><U97/><E97/><V28/><F115/><W17/><G106/><T55/><D131/><U125/><E125/><V82/><F66/><W10/><G116/><T92/><D60/><U126/><E126/><V21/><F133/><W67/><G117/><T72/><D72/><U74/><E74/><V119/><F119/><W70/><G70/><T47/><D35/><U42/><E128/><V81/><F38/><W0/><G0/><T121/><D121/><U89/><E108/><V33/><F30/><W79/><G93/><T14/><D27/><U113/><E113/><V134/><F134/><W103/><REACH who="3" step="1"/><G56/><REACH who="3" step="2"/><T118/><D118/><U83/><E69/><V23/><F109/><W135/><G135/><T71/><D71/><U104/><E104/><V124/><F124/><W32/><G32/><T114/><D114/><U95/><E95/><V16/><F82/><W101/><G101/><T37/><D37/><U46/><E89/><V78/><REACH who="2" step="1"/><F98/><REACH who="2" step="2"/><W105/><G105/><T129/><D129/><U29/><E83/><V132/><F132/><W13/><AGARI ba="0,2" hai="2,7,10,13,17,20,64,65,67,79,80,85,100,103" machi="13" ten="30,2000,0" yaku="1,1,0,1,53,0" doraHai="43" doraHaiUra="22" who="3" fromWho="3" sc="240,-5,250,-5,172,-10,318,40" /><INIT seed="3,0,0,0,5,83" ten="235,245,162,358" oya="3" hai0="81,115,3,101,18,36,77,99,54,67,12,49,114" hai1="97,98,31,79,135,9,118,41,38,90,122,100,134" hai2="121,102,55,130,89,96,40,8,123,76,33,116,109" hai3="127,43,23,60,45,110,104,14,91,30,1,92,73"/><W35/><G104/><N who="0" m="63551" /><D36/><U132/><E79/><V26/><F76/><W32/><G1/><T128/><D67/><U82/><E122/><V65/><F116/><W52/><G127/><T22/><D3/><U16/><E31/><V42/><F65/><W21/><G73/><T105/><D105/><U64/><E64/><V94/><F8/><W120/><G120/><T108/><D54/><U0/><E118/><V69/><F69/><W112/><G112/><N who="0" m="43051" /><D49/><U5/><E41/><V25/><F123/><W28/><G110/><T70/><D70/><U124/><E38/><V24/><F33/><W56/><G32/><T58/><D58/><U131/><E124/><V75/><F121/><W66/><G35/><T7/><D7/><U51/><E51/><V46/><F75/><W71/><G71/><T17/><D17/><U11/><E5/><V111/><F111/><W78/><G43/><T72/><D128/><U125/><E0/><V15/><F130/><W19/><G23/><T133/><D133/><U62/><E62/><V57/><F109/><AGARI ba="0,0" hai="12,18,22,72,77,81,108,109" m="43051,63551" machi="109" ten="30,1000,0" yaku="11,1" doraHai="83" who="0" fromWho="2" sc="235,10,245,0,162,-10,358,0" /><INIT seed="4,0,0,3,1,115" ten="245,245,152,358" oya="0" hai0="32,4,77,57,96,23,29,112,25,54,113,35,42" hai1="7,36,0,12,128,122,119,120,45,97,110,14,3" hai2="108,92,52,8,121,68,71,103,83,107,15,123,16" hai3="70,13,76,31,20,40,61,10,60,21,62,91,86"/><T17/><D77/><U101/><E97/><V82/><F107/><W118/><G118/><T18/><D96/><U102/><E45/><V89/><F103/><W39/><G76/><T37/><D37/><U100/><E36/><V58/><F108/><W9/><G70/><T124/><D124/><U27/><E7/><V22/><F71/><W109/><G109/><T2/><D42/><U28/><E110/><V129/><F68/><W87/><G87/><T130/><D57/><U67/><E67/><V73/><F129/><W38/><G38/><T78/><D78/><U72/><E72/><V53/><F121/><W59/><G59/><T116/><D54/><U90/><E90/><V33/><F123/><W1/><G1/><T64/><D64/><U24/><E101/><V50/><F33/><N who="0" m="12874" /><D130/><U34/><E34/><V43/><F43/><W75/><G75/><T51/><D51/><U106/><E128/><V66/><F66/><W105/><G105/><T85/><D85/><U95/><E106/><V81/><F73/><W88/><G91/><T11/><D116/><U65/><E65/><V41/><F41/><W69/><G69/><T47/><D47/><U111/><E111/><V117/><F53/><W80/><G40/><T79/><D79/><U19/><E95/><V132/><F117/><W84/><G84/><T30/><D30/><U127/><E119/><V55/><F55/><W49/><G49/><T63/><D63/><U44/><E28/><V5/><F83/><W48/><G48/><T74/><D74/><U125/><E44/><V131/><F131/><W6/><G39/><RYUUKYOKU ba="0,0" sc="245,15,245,15,152,-15,358,-15" hai0="2,4,11,17,18,23,25,29,112,113" hai1="0,3,12,14,19,24,27,100,102,120,122,125,127" /><INIT seed="4,1,0,5,1,77" ten="260,260,137,343" oya="0" hai0="119,58,49,123,95,69,34,24,35,94,76,108,117" hai1="131,83,71,18,134,133,88,28,15,111,112,103,106" hai2="135,129,124,42,54,37,120,114,66,81,89,14,52" hai3="97,32,105,57,43,19,60,5,102,0,47,92,31"/><T41/><D123/><U8/><E71/><V48/><F14/><W82/><G105/><T104/><D104/><U20/><E111/><V61/><F89/><W96/><G96/><T39/><D39/><U126/><E103/><V67/><F120/><W13/><G0/><T38/><D38/><U86/><E106/><V72/><F72/><W98/><G98/><T132/><D132/><N who="1" m="50795" /><E126/><V25/><F135/><W101/><G5/><T109/><D69/><U80/><E131/><V70/><F25/><W127/><G102/><T4/><D4/><U84/><E112/><V74/><F74/><W78/><G31/><N who="0" m="19815" /><D35/><U85/><E88/><V128/><F81/><N who="1" m="31305" /><E28/><V27/><F27/><W99/><G127/><T17/><D17/><U40/><E40/><V91/><F91/><W55/><G32/><T33/><D33/><U118/><E118/><N who="0" m="45065" /><D76/><U16/><E18/><V100/><F100/><W73/><G101/><T10/><D10/><AGARI ba="1,0" hai="8,10,15,16,20,84,85,86" m="31305,50795" machi="10" ten="40,8000,1" yaku="20,1,52,3,54,1" doraHai="77" who="1" fromWho="0" sc="260,-83,260,83,137,0,343,0" /><INIT seed="5,0,0,2,3,109" ten="177,343,137,343" oya="1" hai0="89,55,123,26,20,100,78,41,46,108,74,18,72" hai1="88,118,36,22,67,25,24,76,3,133,61,101,45" hai2="66,85,90,99,91,94,75,37,59,62,51,6,48" hai3="127,12,43,19,9,82,47,63,2,42,134,110,8"/><U92/><E3/><V128/><F37/><W132/><G110/><T14/><D108/><U124/><E118/><V40/><F75/><W80/><G127/><T102/><D123/><U113/><E25/><V93/><F128/><W73/><G73/><T116/><D116/><U0/><E0/><V121/><F121/><W16/><G63/><T77/><D72/><U69/><E76/><V15/><F40/><N who="3" m="15403" /><G47/><T135/><D135/><N who="3" m="51753" /><G2/><T122/><D122/><U130/><E45/><V126/><F126/><W65/><G65/><T96/><D74/><U50/><E50/><V56/><REACH who="2" step="1"/><F56/><REACH who="2" step="2"/><W33/><G33/><T70/><D70/><U107/><E124/><V87/><F87/><W129/><G129/><T29/><D102/><U10/><E130/><V54/><F54/><W103/><G103/><T114/><D55/><U30/><E36/><V35/><F35/><W131/><G131/><T111/><D111/><U81/><E101/><V13/><F13/><AGARI ba="0,1" hai="8,9,12,13,16,19,80,82" m="51753,15403" machi="13" ten="30,2000,0" yaku="20,1,54,1" doraHai="109" who="3" fromWho="2" sc="177,0,343,0,127,-20,343,30" /><INIT seed="6,0,0,5,1,25" ten="177,343,107,373" oya="2" hai0="120,60,43,122,80,105,36,44,31,22,37,33,56" hai1="40,102,121,135,132,84,34,79,114,68,0,19,115" hai2="104,16,70,93,21,97,29,38,130,123,96,112,100" hai3="57,90,110,23,59,128,127,48,69,55,133,134,118"/><V88/><F70/><W125/><G118/><T28/><D37/><U131/><E68/><V18/><F123/><W12/><G110/><T67/><D105/><U65/><E65/><V24/><F112/><N who="1" m="43049" /><E40/><V108/><F130/><W91/><G69/><T49/><D33/><U119/><E0/><V77/><F108/><W73/><G73/><T116/><D116/><U6/><E6/><V30/><F38/><W107/><G107/><T89/><D122/><U9/><E102/><V32/><F32/><W82/><G82/><T87/><D120/><U53/><E53/><V8/><F77/><W11/><G23/><T62/><D36/><U2/><E2/><V50/><REACH who="2" step="1"/><F50/><REACH who="2" step="2"/><N who="3" m="30967" /><G128/><T5/><D62/><U4/><E131/><V81/><F81/><W71/><G48/><T51/><D51/><U109/><E121/><V35/><F35/><W58/><G71/><T47/><D47/><U20/><E109/><V111/><F111/><W10/><G127/><T26/><REACH who="0" step="1"/><D5/><REACH who="0" step="2"/><U78/><E34/><V3/><F3/><W52/><G125/><T113/><D113/><U103/><E4/><V66/><F66/><W39/><G39/><T86/><D86/><U117/><E84/><V17/><F17/><AGARI ba="0,2" hai="17,22,26,28,31,43,44,49,56,60,67,80,87,89" machi="17" ten="30,12000,2" yaku="1,1,7,1,8,1,52,2,53,1" doraHai="25" doraHaiUra="85" who="0" fromWho="2" sc="167,140,343,0,97,-120,373,0" owari="307,-9,343,14,-23,-52,373,47" /></mjloggm>