<mjloggm ver="2.3"><GO type="41"/><UN n0="%6D%65%61%6C%72" n1="%74%61%6B%75%79%61%32%32" n2="%43%41%42%49%4E%38%35" n3="%E3%82%A6%E3%83%AB%E3%83%88%E3%83%A9%E7%AB%8B%E7%9B%B4" dan="15,14,14,15" rate="1929,1936,1910,1966" sx="M,M,M,M"/><TAIKYOKU oya="0"/><INIT seed="0,0,0,3,1,34" ten="250,250,250,250" oya="0" hai0="113,35,74,26,76,16,25,88,68,14,3,63,118" hai1="8,85,27,44,65,121,71,6,86,100,2,12,62" hai2="125,51,92,19,119,89,94,55,90,10,80,77,110" hai3="53,87,0,22,15,29,64,114,42,81,9,104,116"/><T75/><D118/><U1/><E121/><V30/><F119/><W45/><G104/><T57/><D68/><U124/><E124/><V99/><F125/><W13/><G114/><T123/><D123/><U96/><E44/><V132/><F110/><W40/><G64/><T130/><D113/><U93/><E86/><V117/><F132/><W97/><G97/><T36/><D36/><U49/><E49/><V122/><F122/><W108/><G108/><T72/><D3/><U135/><E135/><V79/><F30/><W103/><G103/><T67/><D76/><U131/><E131/><V73/><F117/><W48/><G0/><T50/><D50/><U20/><E85/><V112/><F112/><W23/><G116/><T59/><D59/><U21/><E21/><V28/><F28/><AGARI ba="0,0" hai="1,2,6,8,12,20,27,28,62,65,71,93,96,100" machi="28" ten="30,3900,0" yaku="7,1,52,2" doraHai="34" who="1" fromWho="2" sc="250,0,250,39,250,-39,250,0" /><INIT seed="1,0,0,4,0,89" ten="250,289,211,250" oya="1" hai0="47,133,78,33,134,11,94,51,23,129,120,96,44" hai1="15,14,41,30,84,27,105,4,122,32,43,108,118" hai2="99,58,38,86,75,62,98,26,66,95,29,24,114" hai3="126,25,54,73,92,125,9,107,57,130,135,77,46"/><U1/><E122/><V31/><F38/><W91/><G107/><T19/><D33/><U100/><E118/><V39/><F39/><W55/><G46/><T101/><D120/><U97/><E108/><V8/><F75/><W104/><G104/><T34/><D34/><U72/><E72/><V123/><F114/><W70/><G70/><T102/><D129/><U103/><E100/><V7/><F86/><W106/><G106/><T59/><D78/><U68/><E84/><V117/><F117/><W85/><G130/><T110/><D11/><U60/><E1/><V131/><F131/><W48/><G135/><N who="0" m="51723" /><D102/><U81/><E81/><V22/><F123/><W21/><G9/><T80/><D80/><U83/><E83/><V109/><F109/><W67/><G77/><T88/><D101/><U18/><E4/><V36/><F36/><W64/><G55/><N who="0" m="32255" /><D110/><U20/><REACH who="1" step="1"/><E15/><AGARI ba="0,0" hai="15,19,23,44,47,88,94,96" m="32255,51723" machi="15" ten="30,3900,0" yaku="20,1,52,1,54,1" doraHai="89" who="0" fromWho="1" sc="250,39,289,-39,211,0,250,0" /><INIT seed="2,0,0,0,0,13" ten="289,250,211,250" oya="2" hai0="29,6,9,76,120,17,37,54,16,94,125,49,20" hai1="110,123,60,8,15,25,101,33,51,84,46,92,109" hai2="19,81,117,39,24,57,104,56,22,71,134,14,135" hai3="100,35,36,34,128,11,7,78,72,126,26,21,96"/><V28/><F39/><W116/><G116/><T65/><D37/><U59/><E123/><V97/><F117/><W99/><G99/><T113/><D113/><U67/><E33/><N who="3" m="12298" /><G96/><T79/><D120/><U3/><E3/><V86/><F71/><W38/><G100/><T115/><D115/><U111/><E25/><V66/><F97/><W87/><G87/><T103/><D125/><U10/><E101/><V53/><F104/><W98/><G98/><N who="0" m="59863" /><D65/><U118/><E118/><V50/><F66/><W85/><G85/><T45/><D29/><U77/><E15/><V74/><F74/><W4/><G78/><N who="0" m="29739" /><D20/><U0/><E0/><V82/><F86/><W122/><G72/><T112/><D112/><U70/><E70/><V12/><F12/><AGARI ba="0,0" hai="6,9,12,16,17,45,49,54" m="29739,59863" machi="12" ten="30,7700,0" yaku="8,1,52,2,54,1" doraHai="13" who="0" fromWho="2" sc="289,77,250,0,211,-77,250,0" /><INIT seed="3,0,0,2,1,11" ten="366,250,134,250" oya="3" hai0="52,65,36,125,85,90,71,97,5,73,61,14,108" hai1="109,91,127,75,25,31,124,21,101,74,40,66,88" hai2="35,39,133,8,44,28,41,79,29,34,16,64,86" hai3="27,114,122,112,131,98,45,128,95,58,67,78,4"/><W120/><G4/><T132/><D73/><U87/><E101/><V56/><F133/><W46/><G27/><T38/><D132/><U104/><E104/><V96/><F35/><W10/><G10/><T107/><D125/><N who="1" m="48203" /><E66/><V134/><F34/><W118/><G78/><T82/><D108/><U76/><E109/><V92/><F134/><W103/><G67/><T110/><D110/><U48/><E76/><V121/><F121/><W51/><G58/><T6/><D97/><U30/><E31/><V47/><F47/><W84/><G51/><T116/><D107/><U69/><E69/><V119/><F119/><W113/><G46/><T2/><D2/><U23/><E23/><V115/><F56/><W68/><G45/><T60/><D116/><U37/><E37/><V15/><F115/><W32/><G68/><T7/><D38/><U99/><E48/><V70/><F64/><W129/><G32/><T81/><D36/><U89/><E40/><V77/><F70/><W49/><G49/><T22/><D82/><U1/><E1/><V9/><F9/><W24/><G24/><T93/><D81/><U126/><E126/><V80/><F77/><W33/><G33/><T53/><D61/><U20/><E20/><V50/><F39/><W83/><G118/><T72/><D72/><N who="1" m="27691" /><E99/><V105/><F105/><W42/><G42/><T63/><D60/><U0/><E0/><V130/><F130/><W57/><G122/><T106/><D106/><U59/><E59/><V12/><F12/><W17/><G57/><T94/><D71/><U43/><E43/><V13/><F13/><RYUUKYOKU ba="0,0" sc="366,-15,250,15,134,15,250,-15" hai1="21,25,30,87,88,89,91" hai2="8,15,16,28,29,41,44,50,79,80,86,92,96" /><INIT seed="4,1,0,4,5,121" ten="351,265,149,235" oya="0" hai0="24,53,100,23,30,35,96,66,113,12,79,31,72" hai1="83,127,123,41,52,60,43,58,59,89,39,76,5" hai2="119,74,46,57,3,67,28,50,47,26,128,104,4" hai3="131,19,17,80,132,112,92,95,37,22,55,7,63"/><T116/><D116/><U102/><E123/><V118/><F74/><W25/><G37/><T134/><D66/><U61/><E127/><V107/><F4/><W48/><G131/><T105/><D134/><U130/><E102/><V81/><F81/><W6/><G132/><T106/><D113/><U114/><E130/><V16/><F3/><W1/><G112/><T44/><D79/><U125/><E125/><V110/><F110/><W115/><G115/><T9/><D72/><U94/><E39/><V129/><F129/><W99/><G80/><T133/><D133/><U21/><E5/><N who="3" m="1546" /><G63/><T101/><D30/><U54/><E114/><V98/><F28/><N who="3" m="17463" /><G1/><T71/><D71/><U64/><E64/><V135/><F135/><W117/><G117/><N who="2" m="44553" /><F128/><W97/><G95/><T122/><D122/><U124/><E124/><V34/><F34/><W86/><G86/><T126/><D35/><U111/><E111/><V13/><F26/><W42/><G42/><T45/><D126/><U20/><E43/><N who="2" m="24927" /><F47/><N who="3" m="28063" /><G99/><T87/><D45/><U56/><E41/><V85/><F85/><W18/><G18/><N who="0" m="8463" /><D105/><U2/><E2/><V32/><F98/><W0/><G0/><T75/><D75/><U49/><E83/><V82/><F82/><W51/><G51/><N who="0" m="28903" /><D87/><N who="1" m="52543" /><E76/><V93/><F93/><W90/><AGARI ba="1,0" hai="17,19,90,92,97" m="28063,17463,1546" machi="90" ten="30,1100,0" yaku="8,1" doraHai="121" who="3" fromWho="3" sc="351,-6,265,-4,149,-4,235,14" /><INIT seed="5,0,0,1,1,12" ten="345,261,145,249" oya="1" hai0="27,36,91,74,15,83,120,76,94,98,87,118,55" hai1="39,93,114,43,22,123,54,2,30,48,62,1,128" hai2="99,58,29,78,133,40,66,25,80,110,71,135,45" hai3="113,132,21,4,0,109,70,24,42,72,19,79,84"/><U49/><E123/><V81/><F110/><W65/><G109/><T75/><D36/><U6/><E114/><V86/><F71/><W77/><G113/><T106/><D27/><U82/><E128/><V33/><F99/><W38/><G132/><T95/><D55/><U89/><E39/><V41/><F81/><W85/><G65/><T126/><D15/><U51/><E82/><V117/><F117/><W96/><G70/><T26/><D26/><U8/><E2/><V88/><F78/><W73/><G96/><N who="0" m="57439" /><D118/><U13/><E62/><N who="2" m="38231" /><F45/><W17/><G42/><T90/><D126/><U28/><E43/><V61/><F61/><W101/><G38/><T112/><D112/><U18/><REACH who="1" step="1"/><E54/><REACH who="1" step="2"/><V119/><F119/><W115/><G115/><T20/><D120/><U104/><E104/><V23/><F33/><W57/><G0/><T37/><D37/><U60/><E60/><V129/><F129/><W56/><G73/><T67/><D67/><U44/><E44/><V100/><F100/><W11/><G72/><T10/><D106/><U125/><E125/><V116/><F116/><W107/><G107/><T50/><D74/><U121/><E121/><V5/><F5/><W105/><G4/><T9/><D75/><U108/><E108/><V134/><AGARI ba="0,1" hai="23,25,29,40,41,80,86,88,133,134,135" m="38231" machi="134" ten="30,2000,0" yaku="20,1,54,1" doraHai="12" who="2" fromWho="2" sc="345,-5,251,-10,145,30,249,-5" /><INIT seed="6,0,0,4,2,56" ten="340,241,175,244" oya="2" hai0="58,85,31,12,30,107,57,3,120,59,119,23,77" hai1="79,39,0,49,111,48,34,100,113,91,4,122,50" hai2="24,83,67,37,118,26,61,36,22,103,52,19,5" hai3="82,134,71,45,42,70,38,25,93,21,1,46,18"/><V129/><F118/><W66/><G134/><T101/><D3/><U68/><E111/><V109/><F5/><W15/><G1/><T64/><D120/><U99/><E39/><V44/><F129/><W8/><G82/><N who="0" m="47311" /><D107/><U128/><E68/><V63/><F109/><W96/><G46/><T17/><D119/><U10/><E128/><V135/><F135/><W86/><G86/><T54/><D64/><U35/><E122/><V131/><F131/><W80/><G80/><T60/><D101/><U72/><E91/><V27/><F103/><W92/><G70/><T81/><D81/><U13/><E0/><V84/><F37/><W28/><G71/><T7/><D7/><U115/><E79/><N who="2" m="46207" /><F36/><W90/><G66/><N who="0" m="39183" /><D59/><U98/><E72/><V33/><F33/><W75/><G75/><T88/><D88/><U104/><REACH who="1" step="1"/><E99/><REACH who="1" step="2"/><V16/><F67/><W133/><G133/><T74/><D74/><U55/><E55/><V124/><F124/><W29/><G96/><T62/><AGARI ba="0,1" hai="12,17,23,30,31,54,58,62" m="39183,47311" machi="62" ten="30,4000,0" yaku="8,1,52,2" doraHai="56" who="0" fromWho="0" sc="340,50,231,-10,175,-20,244,-10" /><INIT seed="7,0,0,5,1,119" ten="390,221,155,234" oya="3" hai0="123,31,124,125,109,37,39,127,106,111,74,94,8" hai1="50,117,93,60,122,107,56,15,32,64,101,68,12" hai2="33,112,62,17,91,14,92,102,67,132,82,70,41" hai3="18,1,96,4,46,114,53,61,34,29,78,20,13"/><W52/><G114/><T77/><D123/><U89/><E117/><V81/><F33/><W26/><G78/><T58/><D106/><U3/><E3/><V0/><F0/><W59/><G96/><T83/><D31/><U104/><E122/><V49/><F132/><W115/><G115/><T35/><D35/><U38/><E38/><N who="0" m="14345" /><D8/><U95/><E32/><V98/><F112/><W86/><G86/><T116/><D116/><U7/><E101/><V80/><F49/><W66/><G46/><T133/><D133/><U16/><E7/><V87/><REACH who="2" step="1"/><F41/><REACH who="2" step="2"/><W6/><G6/><T48/><D94/><U79/><E95/><V65/><F65/><W55/><G4/><T11/><D11/><AGARI ba="0,1" hai="11,14,17,62,67,70,80,81,82,87,91,92,98,102" machi="11" ten="30,2000,0" yaku="1,1,7,1,53,0" doraHai="119" doraHaiUra="108" who="2" fromWho="0" sc="390,-20,221,0,145,30,234,0" owari="370,47,221,-18,175,-32,234,3" /></mjloggm>