<mjloggm ver="2.3"><GO type="41"/><UN n0="%E7%89%87%E5%B2%A1%E5%84%AA%E5%AD%A3" n1="%E3%82%A6%E3%83%AB%E3%83%88%E3%83%A9%E7%AB%8B%E7%9B%B4" n2="%E5%8D%83%E7%9F%B3%E6%92%AB%E5%AD%90%E3%81%A1%E3%82%83%E3%82%93" n3="%E6%B3%A2%E3%81%8C%E5%A5%BD%E3%81%8D" dan="15,14,13,13" rate="2100,1943,1940,1822" sx="F,M,M,M"/><TAIKYOKU oya="0"/><INIT seed="0,0,0,0,3,126" ten="250,250,250,250" oya="0" hai0="133,21,117,104,110,4,26,106,66,94,1,89,41" hai1="7,129,53,48,132,59,11,92,13,125,61,46,35" hai2="43,80,65,29,74,131,105,87,134,27,69,64,99" hai3="108,18,84,55,32,15,28,33,57,9,12,114,78"/><T56/><D117/><U90/><E35/><V24/><F74/><W128/><G114/><T67/><D133/><U34/><E34/><V83/><F43/><W37/><G37/><T123/><D123/><U54/><E132/><V36/><F36/><W23/><G108/><T49/><D110/><U39/><E39/><V58/><F134/><W96/><G96/><T73/><D73/><U98/><E125/><V3/><F3/><W124/><G124/><T76/><D76/><U103/><E129/><V109/><F109/><W16/><G28/><T101/><D101/><AGARI ba="0,0" hai="7,11,13,46,48,53,54,59,61,90,92,98,101,103" machi="101" ten="40,1300,0" yaku="8,1" doraHai="126" who="1" fromWho="0" sc="250,-13,250,13,250,0,250,0" /><INIT seed="1,0,0,0,2,30" ten="237,263,250,250" oya="1" hai0="37,109,20,54,32,71,36,3,31,131,95,11,85" hai1="14,59,49,80,132,102,7,35,83,89,100,33,5" hai2="26,125,42,128,112,66,44,77,121,0,68,16,67" hai3="8,133,24,86,78,41,18,126,29,104,53,52,4"/><U64/><E64/><V130/><F121/><W50/><G104/><T124/><D71/><U15/><E59/><V117/><F0/><W120/><G120/><T51/><D131/><U55/><E49/><V19/><F117/><W90/><G133/><T76/><D20/><U79/><E89/><V10/><F77/><W75/><G126/><T34/><D124/><U2/><E55/><V82/><F125/><W127/><G127/><T81/><D109/><U91/><E91/><V6/><F82/><W73/><G18/><T135/><D135/><U48/><E48/><V110/><F110/><W13/><G78/><T134/><D134/><U123/><E132/><V58/><F112/><W70/><G70/><T60/><D60/><U101/><E123/><V56/><F68/><W122/><G122/><T115/><D115/><U46/><E46/><V21/><F58/><W96/><G96/><T105/><D105/><U106/><E106/><V99/><F19/><W129/><G129/><N who="2" m="49769" /><F99/><W61/><G75/><T103/><D31/><U88/><E88/><V87/><F87/><W12/><G73/><T40/><D36/><U119/><E119/><V23/><F56/><N who="3" m="34951" /><G13/><N who="1" m="4618" /><E79/><V45/><F42/><W114/><G114/><T65/><D40/><U1/><E80/><V93/><F93/><N who="3" m="54487" /><G41/><T39/><D37/><U28/><E83/><V38/><F38/><W111/><G111/><T47/><D39/><U62/><E62/><V63/><F63/><W57/><G29/><T25/><D65/><U116/><E28/><N who="2" m="17487" /><F67/><W107/><G107/><T27/><D103/><U94/><E116/><V43/><F66/><RYUUKYOKU ba="0,0" sc="237,-10,263,-10,250,-10,250,30" hai3="4,8,12,24,50,53,57" /><INIT seed="2,1,0,4,0,65" ten="227,253,240,280" oya="2" hai0="17,61,131,86,73,126,55,135,97,60,71,85,133" hai1="94,27,53,76,117,58,1,22,105,128,102,21,112" hai2="15,99,82,44,31,64,3,107,5,10,23,50,32" hai3="113,130,29,63,34,101,11,38,51,0,35,100,2"/><V43/><F82/><W70/><G51/><T12/><D73/><U68/><E105/><V33/><F64/><W88/><G38/><T92/><D131/><U62/><E1/><V57/><F57/><W104/><G130/><T89/><D126/><U93/><E128/><V52/><F99/><W41/><G41/><T59/><D133/><U40/><E112/><V96/><F96/><W134/><G134/><T25/><D135/><U123/><E117/><V69/><F107/><W125/><G125/><T110/><D110/><U114/><E114/><V108/><F108/><W18/><G113/><T20/><D12/><U16/><E123/><V13/><F33/><W30/><G18/><T4/><D4/><U90/><E76/><V95/><F95/><W78/><G104/><T66/><AGARI ba="1,0" hai="17,20,25,55,59,60,61,66,71,85,86,89,92,97" machi="66" ten="30,7900,0" yaku="0,1,25,2,52,1" doraHai="65" who="0" fromWho="0" sc="227,82,253,-21,240,-40,280,-21" /><INIT seed="3,0,0,0,0,80" ten="309,232,200,259" oya="3" hai0="84,52,46,116,70,66,7,55,6,94,91,15,89" hai1="53,29,49,71,125,112,77,88,109,115,78,42,16" hai2="43,51,130,1,98,95,111,101,0,14,31,45,41" hai3="25,83,56,28,30,62,18,90,96,22,4,75,8"/><W24/><G75/><T10/><D116/><U67/><E29/><V117/><F111/><W39/><G39/><T12/><D66/><U61/><E109/><V135/><F117/><W81/><G25/><T113/><D70/><U36/><E78/><V79/><F135/><W34/><G96/><T120/><D120/><U87/><E77/><V123/><F123/><W11/><G30/><T50/><D113/><U69/><E69/><V33/><F130/><W26/><G11/><N who="0" m="4223" /><D91/><U121/><E121/><V106/><F79/><W17/><G90/><T47/><D55/><U93/><E125/><V131/><F131/><W76/><G76/><T72/><D72/><U63/><E63/><V107/><F0/><W105/><G105/><T59/><AGARI ba="0,0" hai="6,10,15,46,47,50,52,59,84,89,94" m="4223" machi="59" ten="30,4000,0" yaku="8,1,52,1,54,1" doraHai="80" who="0" fromWho="0" sc="309,40,232,-10,200,-10,259,-20" /><INIT seed="4,0,0,0,0,48" ten="349,222,190,239" oya="0" hai0="91,87,59,58,122,25,10,15,67,74,82,35,6" hai1="135,124,20,49,78,4,90,88,53,41,105,89,106" hai2="36,100,126,93,80,9,115,134,33,94,77,92,27" hai3="54,65,120,28,42,18,86,14,110,116,30,131,133"/><T1/><D122/><U8/><E124/><V60/><F115/><W11/><G110/><T95/><D1/><U83/><E135/><V5/><F126/><W111/><G111/><T108/><D108/><U98/><E20/><V69/><F134/><W44/><G116/><T125/><D125/><U81/><E41/><V119/><F119/><W84/><G133/><T130/><D130/><U118/><E118/><V24/><F36/><W21/><G131/><T76/><D67/><U63/><E63/><V129/><F129/><W66/><G120/><T0/><D0/><U34/><E34/><V17/><F100/><W97/><G97/><T46/><D35/><U99/><E105/><V39/><F39/><W2/><G2/><T29/><D29/><N who="3" m="11369" /><G11/><T79/><D25/><U62/><E62/><V51/><F33/><W102/><G102/><T117/><D117/><U12/><E106/><V32/><F32/><W45/><G42/><T71/><D71/><U96/><E78/><V19/><F69/><W123/><G123/><T55/><REACH who="0" step="1"/><D76/><REACH who="0" step="2"/><U101/><REACH who="1" step="1"/><E101/><REACH who="1" step="2"/><V75/><F77/><W61/><G66/><T132/><D132/><U73/><E73/><V31/><F75/><W113/><G65/><T56/><D56/><AGARI ba="0,2" hai="4,8,12,49,53,56,81,83,88,89,90,96,98,99" machi="56" ten="40,8000,1" yaku="1,1,8,1,52,1,54,1,53,0" doraHai="48" doraHaiUra="26" who="1" fromWho="0" sc="339,-80,212,100,190,0,239,0" /><INIT seed="5,0,0,2,4,48" ten="259,312,190,239" oya="1" hai0="122,9,72,59,78,89,134,123,87,108,111,85,28" hai1="37,13,41,125,15,49,47,69,132,133,24,2,121" hai2="34,96,44,19,135,32,50,80,105,73,20,8,115" hai3="86,27,54,79,116,117,128,107,67,5,82,65,112"/><U4/><E13/><V113/><F135/><N who="1" m="51785" /><E15/><N who="2" m="9343" /><F8/><W57/><G107/><T12/><D28/><U83/><E24/><V130/><F130/><W46/><G46/><T33/><D33/><U60/><E83/><V11/><F11/><W124/><G128/><T101/><D134/><U45/><E4/><V120/><F120/><N who="0" m="46122" /><D101/><U1/><E2/><V81/><F96/><W98/><G98/><T30/><D30/><U110/><E1/><V106/><F73/><W36/><G36/><T103/><D103/><U84/><E84/><N who="0" m="32329" /><D89/><U52/><E121/><V92/><F105/><W104/><G104/><T88/><D88/><U29/><E29/><V114/><F106/><W63/><G5/><N who="0" m="3119" /><D59/><U0/><E0/><V95/><F81/><AGARI ba="0,0" hai="72,78,81,108,111" m="3119,32329,46122" machi="81" ten="30,1000,0" yaku="13,1" doraHai="48" who="0" fromWho="2" sc="259,10,312,0,190,-10,239,0" /><INIT seed="6,0,0,1,2,7" ten="269,312,180,239" oya="2" hai0="51,115,37,100,65,97,85,12,47,30,52,15,113" hai1="46,73,95,29,123,72,61,96,82,22,135,129,44" hai2="32,131,18,116,55,60,25,26,87,41,63,133,130" hai3="40,54,94,76,67,89,102,90,88,105,31,53,21"/><V91/><F116/><W49/><G105/><T80/><D30/><U50/><E129/><N who="2" m="49163" /><F41/><W2/><G2/><T132/><D132/><U78/><E135/><V35/><F133/><W38/><G38/><T39/><D65/><U74/><E123/><V14/><F55/><W83/><G67/><T58/><D37/><U3/><E3/><V86/><F91/><W48/><G40/><T122/><D122/><U127/><E127/><V124/><F124/><W9/><G102/><T4/><D39/><U36/><E61/><N who="2" m="23627" /><F18/><W107/><G107/><T0/><D58/><U128/><E128/><V45/><F45/><W134/><G134/><T57/><D57/><U62/><E62/><V19/><F14/><W98/><G98/><T20/><D15/><U68/><E68/><V84/><F19/><W17/><G94/><T8/><D12/><U110/><E36/><V5/><F5/><W114/><G54/><T33/><D33/><AGARI ba="0,0" hai="25,26,32,33,35,84,86,87" m="23627,49163" machi="33" ten="40,7700,0" yaku="28,2,19,1" doraHai="7" who="2" fromWho="0" sc="269,-77,312,0,180,77,239,0" /><INIT seed="6,1,0,0,0,47" ten="192,312,257,239" oya="2" hai0="1,28,121,73,19,115,132,96,50,44,21,123,113" hai1="85,26,79,68,4,51,77,2,99,20,87,89,59" hai2="108,14,31,107,103,57,81,55,105,42,86,92,80" hai3="32,102,34,30,12,129,100,88,124,9,8,7,60"/><V17/><F42/><W75/><G75/><T13/><D73/><U128/><E68/><V127/><F127/><W38/><G124/><T35/><D96/><U74/><E74/><V61/><F31/><W72/><G72/><T54/><D132/><U29/><E2/><V39/><F39/><W10/><G38/><T97/><D1/><U58/><E4/><V104/><F108/><W95/><G129/><T62/><D97/><U48/><E128/><V27/><F27/><W130/><G130/><T94/><D94/><N who="1" m="56783" /><E85/><V119/><F119/><W109/><G109/><T116/><D116/><U112/><E112/><V91/><REACH who="2" step="1"/><F103/><REACH who="2" step="2"/><W70/><G102/><T36/><D36/><U53/><E87/><V90/><F90/><W101/><G100/><T49/><D28/><U66/><E66/><V22/><AGARI ba="1,1" hai="14,17,22,55,57,61,80,81,86,91,92,104,105,107" machi="22" ten="30,3000,0" yaku="1,1,0,1,53,0" doraHai="47" doraHaiUra="133" who="2" fromWho="2" sc="192,-11,312,-11,247,43,239,-11" /><INIT seed="6,2,0,3,5,25" ten="181,301,290,228" oya="2" hai0="56,131,1,0,82,103,64,113,32,101,116,58,33" hai1="29,8,118,18,11,129,75,76,31,96,89,53,133" hai2="78,115,69,54,51,45,22,24,42,55,99,121,14" hai3="128,10,63,70,124,36,59,84,72,12,3,66,67"/><V120/><F78/><W80/><G72/><T27/><D82/><U83/><E118/><V26/><F69/><W46/><G3/><T61/><D116/><U135/><E53/><V23/><F99/><W119/><G119/><T90/><D131/><U104/><E129/><V111/><F14/><W108/><G128/><T77/><D77/><U37/><E37/><V134/><F134/><N who="1" m="51209" /><E18/><V122/><F115/><W4/><G108/><T52/><D113/><U85/><E11/><V73/><F73/><W102/><G124/><T7/><D7/><U92/><E8/><V106/><F106/><W5/><G102/><AGARI ba="2,0" hai="29,31,75,76,83,85,89,92,96,102,104" m="51209" machi="102" ten="30,7700,0" yaku="24,1,20,1,52,2" doraHai="25" who="1" fromWho="3" sc="181,0,301,83,290,0,228,-83" /><INIT seed="7,0,0,4,2,89" ten="181,384,290,145" oya="3" hai0="57,32,84,90,109,25,58,81,101,80,78,2,4" hai1="55,120,9,38,60,40,112,61,98,125,14,51,17" hai2="35,133,103,27,92,1,39,64,88,53,117,124,33" hai3="95,47,135,11,82,114,62,79,56,99,3,97,128"/><W26/><G114/><T66/><D109/><U72/><E72/><V8/><F117/><W13/><G3/><T18/><D101/><U65/><E120/><V132/><F39/><W91/><G128/><T30/><D66/><U85/><E112/><V130/><F64/><W29/><G47/><T75/><D4/><U107/><E125/><V131/><F124/><W44/><G44/><T111/><D2/><U10/><E40/><V69/><F53/><W36/><G36/><T0/><D0/><U45/><E38/><V70/><F103/><W129/><G129/><N who="2" m="49161" /><F8/><W50/><G50/><T31/><D111/><U77/><E107/><V102/><F102/><W122/><G122/><T24/><REACH who="0" step="1"/><D18/><REACH who="0" step="2"/><U104/><E104/><V22/><F1/><W83/><G135/><N who="2" m="51785" /><F69/><W6/><G99/><T86/><D86/><U42/><E10/><V20/><F70/><W121/><G121/><T23/><AGARI ba="0,1" hai="23,24,25,30,31,32,57,58,75,78,80,81,84,90" machi="23" ten="20,2700,0" yaku="1,1,0,1,7,1,53,0" doraHai="89" doraHaiUra="5" who="0" fromWho="0" sc="171,37,384,-7,290,-7,145,-13" owari="208,-19,377,48,283,8,132,-37" /></mjloggm>