<mjloggm ver="2.3"><GO type="97"/><UN n0="%6B%61%6D%69%64%61%69%75" n1="%E3%81%A8%E3%82%8D%E3%81%91%E3%81%AC%E3%83%81%E3%83%BC%E3%82%BA" n2="%62%65%69%6B%69%6E%67" n3="%E3%82%A6%E3%83%AB%E3%83%88%E3%83%A9%E7%AB%8B%E7%9B%B4" dan="13,13,13,13" rate="1850,2127,1808,1821" sx="M,M,F,M"/><TAIKYOKU oya="0"/><INIT seed="0,0,0,3,4,102" ten="250,250,250,250" oya="0" hai0="88,49,32,3,85,116,9,37,64,35,118,67,119" hai1="86,57,5,93,23,4,99,90,14,127,21,95,73" hai2="135,15,105,133,20,6,55,123,101,44,89,24,106" hai3="65,115,30,130,13,62,28,134,70,45,54,122,96" shuffle="mt19937ar,E829A933,940DDC77,BFF4A685,03E9F509,78DD82BF,E553E0A9,5E782E3D,9F33EBC9"/><T51/><D37/><U120/><E73/><V68/><F68/><W109/><G96/><T56/><D3/><U0/><E120/><V50/><F123/><W29/><G13/><T80/><D9/><U58/><E0/><V76/><F76/><W82/><G82/><T27/><D27/><U8/><E4/><V1/><F1/><W72/><G72/><T110/><BYE who="3" /><D110/><UN n3="%E3%82%A6%E3%83%AB%E3%83%88%E3%83%A9%E7%AB%8B%E7%9B%B4" /><U108/><E108/><V33/><F89/><W71/><G109/><T59/><D35/><U18/><E127/><V132/><F101/><W38/><G122/><T25/><D25/><N who="1" m="14519" /><E23/><V98/><F98/><W129/><G115/><T104/><D104/><N who="2" m="40042" /><F6/><W114/><G71/><T47/><D32/><U66/><E66/><V84/><F84/><W124/><G114/><T77/><D77/><U79/><E79/><V7/><F33/><W126/><G54/><T36/><D36/><U81/><E81/><V12/><F7/><W60/><G60/><T128/><D128/><N who="3" m="49257" /><G45/><T11/><D11/><U39/><E39/><V74/><F74/><W91/><G38/><T83/><D85/><U46/><E46/><V92/><F92/><W19/><G91/><AGARI ba="0,0" hai="5,8,14,57,58,86,90,91,93,95,99" m="14519" machi="91" ten="30,1000,0" yaku="8,1" doraHai="102" who="1" fromWho="3" sc="250,0,250,10,250,0,250,-10" /><INIT seed="1,0,0,4,4,32" ten="250,260,250,240" oya="1" hai0="22,23,133,129,16,103,92,127,99,81,71,46,21" hai1="112,101,125,45,4,40,86,83,60,90,35,124,7" hai2="2,51,106,66,67,65,42,100,79,128,26,105,5" hai3="3,115,59,55,54,96,120,89,61,72,77,113,119" shuffle="mt19937ar,5BDE0234,1918C24F,2A1516BA,0D4142F7,1F175488,0D8AB360,F20712BB,C2B86E14"/><U135/><E112/><V6/><F128/><W0/><G77/><T17/><D71/><U131/><E35/><V109/><F109/><W85/><G72/><T49/><D129/><U58/><E101/><V39/><F39/><W118/><G96/><T48/><D127/><N who="1" m="48715" /><E135/><V9/><F6/><W15/><G15/><T38/><D133/><U69/><E69/><V126/><F126/><W111/><G120/><T80/><D38/><N who="1" m="21655" /><E131/><V1/><F79/><W98/><G98/><T29/><D29/><U87/><E87/><V114/><F26/><W70/><G70/><T117/><D117/><N who="3" m="44553" /><G111/><T8/><D8/><U47/><E47/><V74/><F74/><W76/><G76/><T134/><D134/><U64/><AGARI ba="0,0" hai="4,7,58,60,64,83,86,90" m="21655,48715" machi="64" ten="30,1500,0" yaku="18,1" doraHai="32" who="1" fromWho="1" sc="250,-5,260,15,250,-5,240,-5" /><INIT seed="1,1,0,5,5,67" ten="245,275,245,235" oya="1" hai0="4,49,102,63,61,81,68,55,48,107,77,76,110" hai1="128,88,82,106,103,89,94,121,132,66,130,53,23" hai2="80,72,52,56,105,84,10,43,69,3,134,112,90" hai3="114,62,18,37,38,95,31,50,6,33,93,0,41" shuffle="mt19937ar,0562688E,507296F0,6DA68C98,69522D26,AF6CE47B,E38AFE83,14847302,2CA40246"/><U85/><E121/><V58/><F105/><W11/><G114/><T20/><D4/><U8/><E8/><V27/><F72/><W104/><G104/><T5/><D5/><U118/><E118/><V115/><F43/><W131/><G131/><N who="1" m="50218" /><E53/><V17/><F134/><W26/><G95/><T40/><D40/><U71/><E23/><V51/><F58/><W122/><G122/><T97/><D20/><U123/><E123/><V126/><F126/><W83/><G83/><T25/><D25/><U108/><E132/><V96/><F69/><W35/><G35/><T129/><D129/><U13/><E13/><V64/><F64/><W30/><G30/><T135/><D135/><U113/><E113/><N who="2" m="43595" /><F96/><W42/><G42/><T34/><D34/><U21/><E21/><N who="2" m="13743" /><F10/><W127/><G127/><T125/><D125/><U15/><E15/><V16/><F16/><W100/><G18/><T36/><D36/><U116/><E116/><V47/><F47/><W99/><REACH who="3" step="1"/><G62/><REACH who="3" step="2"/><T44/><D63/><N who="1" m="40415" /><E106/><V70/><F70/><W109/><G109/><T54/><D110/><U2/><E108/><V92/><F92/><W119/><G119/><T98/><D107/><U75/><E94/><V117/><F117/><W24/><G24/><T9/><D68/><U101/><E82/><V78/><F78/><W120/><G120/><T28/><D77/><U32/><E32/><V124/><F124/><W111/><G111/><T14/><D76/><U29/><E75/><V60/><F60/><W12/><G12/><T39/><D61/><U45/><E85/><V59/><F3/><W133/><G133/><RYUUKYOKU ba="1,1" sc="245,-15,275,-15,245,15,225,15" hai2="51,52,56,59,80,84,90" hai3="0,6,11,26,31,33,37,38,41,50,93,99,100" /><INIT seed="2,2,1,0,5,73" ten="230,260,260,240" oya="2" hai0="30,119,80,0,83,52,102,1,58,42,41,23,20" hai1="129,32,36,117,53,47,38,113,81,75,39,24,122" hai2="65,51,111,54,64,35,130,71,21,70,82,106,93" hai3="2,95,6,29,79,109,120,135,25,118,98,19,43" shuffle="mt19937ar,54AED971,AB820CC2,54AFD9F3,2CA9D613,476156A1,20B2C6FE,1F4A8A44,C05CC6E5"/><V77/><F35/><W13/><G120/><T46/><D102/><U94/><E117/><V133/><F106/><W131/><G118/><T103/><D103/><U134/><E113/><V63/><F133/><W78/><G135/><T74/><D119/><U62/><E134/><V55/><F130/><W116/><G116/><T3/><D74/><U8/><E129/><V91/><F111/><W110/><G131/><T126/><D126/><U96/><E122/><V90/><F21/><N who="3" m="11503" /><G43/><T132/><D132/><U101/><E8/><V49/><F70/><W87/><G87/><T31/><D46/><U128/><E128/><V27/><F27/><W33/><G95/><T92/><D92/><U14/><E14/><V28/><F28/><W115/><G98/><T125/><D125/><U15/><E15/><V22/><F22/><W34/><G34/><T59/><D3/><U16/><E32/><V89/><F93/><W104/><G104/><T127/><D127/><U60/><E53/><AGARI ba="2,1" hai="0,1,20,23,30,31,41,42,52,53,58,59,80,83" machi="53" ten="25,3200,0" yaku="22,2,54,1" doraHai="73" who="0" fromWho="1" sc="230,48,260,-38,260,0,240,0" /><INIT seed="3,0,0,1,5,132" ten="278,222,260,240" oya="3" hai0="4,68,10,8,74,111,131,49,3,89,134,27,93" hai1="58,13,133,62,102,52,78,83,135,31,28,11,45" hai2="21,36,94,97,108,26,15,2,17,34,119,44,43" hai3="61,9,41,110,66,51,65,123,128,86,50,40,104" shuffle="mt19937ar,6701F9CC,C2D517CA,DA7ADEDB,FC7F79D5,86605F9F,725E4B05,53781A59,58D1D9A6"/><W100/><G104/><T120/><D68/><U99/><E45/><V42/><F119/><W69/><G100/><T38/><D74/><U109/><E109/><V64/><F108/><W103/><G103/><T20/><D38/><U84/><E135/><V14/><F64/><N who="3" m="41103" /><G86/><T105/><D105/><U129/><E129/><V106/><F106/><W0/><G0/><T63/><D134/><U19/><REACH who="1" step="1"/><E133/><REACH who="1" step="2"/><V77/><F43/><N who="3" m="16459" /><G9/><T114/><D111/><U122/><E122/><V127/><F127/><W5/><G110/><T76/><D120/><U30/><E30/><V25/><F34/><W92/><G123/><T121/><D121/><U91/><E91/><V98/><F77/><W96/><G128/><T35/><D76/><U79/><E79/><V53/><F2/><W107/><G107/><AGARI ba="0,1" hai="11,13,19,28,31,52,58,62,78,83,84,99,102,107" machi="107" ten="30,3900,0" yaku="1,1,7,1,54,1,53,0" doraHai="132" doraHaiUra="71" who="1" fromWho="3" sc="278,0,212,49,260,0,240,-39" /><INIT seed="4,0,0,1,1,27" ten="278,261,260,201" oya="0" hai0="4,73,60,42,50,15,10,9,52,64,24,104,2" hai1="129,36,40,109,66,31,55,99,29,77,101,72,86" hai2="41,8,23,21,112,33,71,35,135,124,78,111,5" hai3="20,114,34,127,69,79,67,90,106,115,89,113,128" shuffle="mt19937ar,74D6EF77,927CD927,2B3EC198,CB0D10F4,5412BE7C,890CAF43,1DEAD71C,09432F5B"/><T131/><D104/><U103/><E109/><V110/><F71/><W76/><G67/><T44/><D73/><U16/><E72/><V82/><F41/><W96/><G69/><T58/><D131/><U83/><E129/><V54/><F54/><W123/><G20/><N who="2" m="7753" /><F82/><W116/><G34/><N who="2" m="12809" /><F78/><N who="3" m="29739" /><G128/><T97/><D24/><U81/><E81/><V19/><F124/><W74/><G74/><T85/><D85/><U122/><E122/><V12/><F135/><W125/><G123/><T17/><REACH who="0" step="1"/><D97/><REACH who="0" step="2"/><U63/><E99/><V53/><F112/><W117/><G106/><T98/><D98/><U88/><E86/><V87/><F87/><W39/><G39/><T75/><D75/><U13/><E36/><V57/><F110/><W28/><G28/><T18/><D18/><U70/><E31/><V6/><F111/><W61/><G61/><T56/><D56/><U45/><E29/><V121/><F121/><W62/><G62/><T91/><D91/><N who="3" m="34825" /><G96/><T68/><D68/><U7/><E70/><V14/><F57/><W134/><G134/><T84/><D84/><U132/><E132/><V65/><F65/><AGARI ba="0,1" hai="2,4,9,10,15,17,42,44,50,52,58,60,64,65" machi="65" ten="40,3900,0" yaku="1,1,54,1,53,0" doraHai="27" doraHaiUra="119" who="0" fromWho="2" sc="268,49,261,0,260,-39,201,0" owari="317,32,261,1,221,-13,201,-20" /></mjloggm>