<mjloggm ver="2.3"><GO type="97"/><UN n0="%4B%4F%4F%4C%E2%98%86" n1="%38%32%36%34" n2="%E3%82%A6%E3%83%AB%E3%83%88%E3%83%A9%E7%AB%8B%E7%9B%B4" n3="%6D%61%73%73%6F%33%32%33" dan="13,14,13,13" rate="1840,1907,1828,1886" sx="M,M,M,M"/><TAIKYOKU oya="0"/><INIT seed="0,0,0,4,1,51" ten="250,250,250,250" oya="0" hai0="4,52,81,129,130,49,28,32,17,84,12,65,83" hai1="71,46,41,60,100,87,70,90,39,3,7,99,6" hai2="21,66,79,111,2,82,124,117,27,42,24,25,14" hai3="55,102,61,19,128,33,127,1,22,26,78,8,15"/><T94/><D65/><U85/><E85/><V103/><F2/><W45/><G128/><N who="0" m="49259" /><D32/><U48/><E60/><V108/><F103/><W43/><G127/><T54/><D28/><U101/><E101/><V69/><F117/><W40/><G102/><T53/><D4/><U68/><E3/><V58/><F124/><W134/><G134/><T105/><D105/><U104/><REACH who="1" step="1"/><E39/><REACH who="1" step="2"/><V80/><F69/><W5/><G61/><T97/><D84/><U62/><E62/><V30/><F80/><AGARI ba="0,1" hai="6,7,41,46,48,68,70,71,80,87,90,99,100,104" machi="80" ten="40,1300,0" yaku="1,1,53,0" doraHai="51" doraHaiUra="119" who="1" fromWho="2" sc="250,0,240,23,250,-13,250,0" /><INIT seed="1,0,0,1,1,62" ten="250,263,237,250" oya="1" hai0="14,101,71,33,117,39,16,81,103,52,94,40,77" hai1="48,13,72,114,7,88,64,127,93,122,55,89,111" hai2="46,4,58,100,10,80,12,26,128,82,125,54,74" hai3="130,59,99,84,32,57,20,63,35,113,120,43,134"/><U61/><E114/><V65/><F125/><W31/><G120/><T116/><D71/><U37/><E122/><V67/><F74/><W51/><G113/><T73/><D33/><U131/><E37/><V106/><F128/><W104/><G130/><T115/><D115/><U118/><E131/><V135/><F135/><W129/><G129/><T91/><D39/><U47/><E72/><V98/><F46/><W132/><G20/><T30/><D40/><U18/><E127/><V121/><F121/><W126/><G63/><T92/><D30/><U95/><E118/><V49/><F80/><W112/><G84/><T34/><D34/><U133/><E133/><V42/><F42/><W9/><G112/><T110/><D110/><U2/><E2/><V17/><F82/><W38/><G43/><T5/><D5/><U86/><E7/><V28/><REACH who="2" step="1"/><F4/><REACH who="2" step="2"/><W124/><G126/><T96/><D117/><U19/><E111/><V83/><F83/><W0/><G124/><T119/><D116/><U22/><E18/><V21/><AGARI ba="0,1" hai="10,12,17,21,26,28,49,54,58,65,67,98,100,106" machi="21" ten="20,8000,1" yaku="1,1,0,1,7,1,52,2,53,0" doraHai="62" doraHaiUra="1" who="2" fromWho="2" sc="250,-20,263,-40,227,90,250,-20" /><INIT seed="2,0,0,3,3,124" ten="230,223,317,230" oya="2" hai0="73,135,2,61,92,14,49,16,116,93,90,43,107" hai1="31,98,69,132,5,4,63,101,52,32,120,41,133" hai2="25,53,81,114,88,3,67,28,103,1,87,68,118" hai3="99,112,122,86,75,47,57,0,36,82,37,117,59"/><V125/><F118/><W42/><G117/><T7/><D107/><U6/><E120/><V83/><F114/><W29/><G122/><T27/><D73/><U123/><E41/><V9/><F67/><W79/><G112/><T62/><D116/><U128/><E123/><V18/><F68/><W102/><G36/><T94/><D135/><N who="1" m="51787" /><E31/><V54/><F125/><W17/><G29/><T89/><D2/><U126/><E32/><V23/><F103/><W131/><G131/><T50/><D7/><N who="1" m="1795" /><U45/><DORA hai="46" /><E126/><V70/><F70/><W105/><G0/><T35/><D35/><U80/><E80/><V44/><F81/><W134/><G134/><T110/><D110/><U96/><E128/><V58/><F44/><W39/><G39/><T95/><N who="0" m="23552" /><DORA hai="19" /><T64/><D27/><U21/><E101/><V91/><F91/><N who="0" m="34826" /><D64/><N who="1" m="41119" /><E21/><V12/><REACH who="2" step="1"/><F54/><REACH who="2" step="2"/><W97/><G47/><T34/><D43/><U24/><E24/><V55/><F55/><W60/><G42/><T51/><D34/><U13/><E13/><V100/><F100/><W10/><G102/><T108/><D108/><U104/><E104/><V84/><F84/><W15/><G86/><T127/><D127/><U109/><E109/><V77/><F77/><W56/><G79/><T72/><D72/><U76/><E76/><V111/><F111/><W71/><G75/><T8/><AGARI ba="0,1" hai="8,14,16,49,50,51,61,62" m="34826,23552" machi="8" ten="50,8000,1" yaku="8,1,52,3,54,1" doraHai="124,46,19" who="0" fromWho="0" sc="230,90,223,-20,307,-40,230,-20" /><INIT seed="3,0,0,3,0,49" ten="320,203,267,210" oya="3" hai0="72,84,44,133,31,34,37,118,74,22,96,126,94" hai1="92,131,50,55,73,122,46,108,135,91,33,85,93" hai2="116,4,104,103,5,56,35,77,19,98,11,8,14" hai3="40,83,101,58,111,38,60,78,17,54,80,99,70"/><W3/><G3/><T43/><D118/><U63/><E122/><V82/><F35/><W29/><G29/><T102/><D34/><U117/><E73/><V13/><F116/><W16/><G111/><T130/><D130/><U41/><E117/><V15/><F56/><W112/><G112/><T128/><D128/><U95/><E131/><V97/><F97/><W127/><G127/><T68/><D68/><U114/><E114/><V75/><REACH who="2" step="1"/><F19/><REACH who="2" step="2"/><W106/><G70/><T26/><D126/><U69/><E33/><V20/><F20/><W47/><REACH who="3" step="1"/><G83/><REACH who="3" step="2"/><T25/><D133/><U64/><E135/><V123/><F123/><W132/><G132/><T42/><D31/><U57/><REACH who="1" step="1"/><E108/><REACH who="1" step="2"/><V134/><F134/><W124/><G124/><T24/><D22/><U61/><AGARI ba="0,3" hai="41,46,50,55,57,61,63,64,69,85,91,92,93,95" machi="61" ten="20,8000,1" yaku="1,1,2,1,0,1,7,1,52,1,53,0" doraHai="49" doraHaiUra="129" who="1" fromWho="1" sc="320,-20,193,110,257,-20,200,-40" owari="300,5,303,30,237,-11,160,-24" /></mjloggm>