<mjloggm ver="2.3"><GO type="193"/><UN n0="%28%5E%EF%BC%AA%5E%29" n1="%E6%95%99%E6%8E%88" n2="%E3%82%A6%E3%83%AB%E3%83%88%E3%83%A9%E7%AB%8B%E7%9B%B4" n3="%70%61%73%65%72%69" dan="12,12,11,11" rate="1828,1849,1801,1595" sx="M,M,M,M"/><TAIKYOKU oya="0"/><INIT seed="0,0,0,4,5,116" ten="250,250,250,250" oya="0" hai0="26,46,65,19,114,11,101,98,100,91,82,95,117" hai1="14,119,129,78,25,16,20,10,17,66,3,112,4" hai2="40,108,34,104,109,47,103,127,31,93,35,97,79" hai3="54,8,61,118,50,113,53,71,68,67,52,131,105" shuffle="mt19937ar,1135F1D0,56559FBC,E674C1CC,C69E0834,428AA6A5,4D33F9CA,7A725748,F594C811"/><T72/><D117/><U30/><E78/><V94/><F79/><W123/><G113/><T87/><D114/><U77/><E77/><V21/><F21/><W15/><G105/><T76/><D65/><U2/><E66/><V96/><F127/><W18/><G118/><T106/><D101/><U60/><E60/><V73/><F73/><W122/><G131/><T115/><D115/><U12/><E119/><V128/><F128/><W43/><G71/><T85/><D46/><U81/><E81/><V80/><F80/><W1/><G1/><N who="1" m="10" /><E112/><V7/><F7/><W55/><G43/><T84/><D26/><N who="1" m="16711" /><E129/><V110/><F31/><W49/><N who="3" m="13824" /><DORA hai="62" /><W37/><G37/><T39/><REACH who="0" step="1"/><D39/><REACH who="0" step="2"/><U90/><E90/><N who="2" m="55351" /><F104/><W83/><REACH who="3" step="1"/><G83/><REACH who="3" step="2"/><T48/><D48/><AGARI ba="0,2" hai="34,35,40,47,48,94,97,103,108,109,110" m="55351" machi="48" ten="30,1000,0" yaku="14,1" doraHai="116,62" who="2" fromWho="0" sc="240,-10,250,0,250,30,240,0" /><AGARI ba="0,0" hai="8,15,18,48,49,50,61,67,68,122,123" m="13824" machi="48" ten="50,16000,3" yaku="1,1,2,1,52,3,54,1,53,3" doraHai="116,62" doraHaiUra="92,44" who="3" fromWho="0" sc="230,-160,250,0,280,0,240,160" /><INIT seed="1,0,0,4,4,22" ten="70,250,280,400" oya="1" hai0="57,110,51,125,132,109,36,124,61,85,65,64,49" hai1="94,6,77,79,102,56,7,37,127,2,23,40,134" hai2="71,55,93,69,130,101,108,114,86,43,29,105,27" hai3="133,42,18,73,38,82,17,76,53,84,113,115,118" shuffle="mt19937ar,6805DD3B,246E9470,1411B0B4,22A8A38C,C644A8EB,6A9F181C,3DD89983,ABD0E499"/><U5/><E134/><V58/><F105/><W19/><G118/><T97/><D85/><U128/><E128/><V25/><F69/><W111/><G133/><T99/><D99/><U44/><E127/><N who="0" m="48713" /><D97/><U66/><E2/><V20/><F71/><W24/><G53/><N who="0" m="33967" /><D36/><U47/><E44/><V88/><F43/><W96/><G96/><T48/><D132/><U0/><E102/><V135/><F130/><W41/><G111/><AGARI ba="0,0" hai="48,49,51,64,65,109,110,111" m="33967,48713" machi="111" ten="40,8000,1" yaku="14,1,18,1,34,2" doraHai="22" who="0" fromWho="3" sc="70,80,250,0,280,0,400,-80" /><INIT seed="2,0,0,3,1,128" ten="150,250,280,320" oya="2" hai0="129,62,55,53,47,126,96,27,10,52,131,2,63" hai1="119,14,28,102,135,113,12,18,61,122,23,22,120" hai2="103,24,30,20,121,117,33,98,3,46,108,19,40" hai3="9,133,13,72,81,91,5,66,35,25,34,118,105" shuffle="mt19937ar,E9EBED86,A6AEA8C7,DE840487,12FC1DAA,A4E37F9E,AF99D5B8,02A9B845,20D0B5E0"/><V116/><F3/><W95/><G118/><T70/><D126/><U77/><E77/><V127/><F127/><W4/><G105/><T100/><D27/><N who="1" m="16503" /><E102/><V85/><F85/><W7/><G66/><T110/><D110/><U36/><E61/><V67/><F108/><W92/><G133/><T80/><D80/><U17/><E36/><V71/><F121/><N who="1" m="46697" /><E119/><V16/><F67/><W75/><G92/><T83/><D83/><U88/><E88/><V56/><F56/><W73/><G81/><T11/><D47/><U111/><E111/><V44/><F71/><W57/><G57/><T115/><D115/><U84/><E84/><V31/><F44/><W64/><G64/><N who="0" m="41239" /><D2/><U109/><E109/><V130/><F46/><W42/><G42/><T106/><D63/><U50/><E50/><V8/><F40/><W86/><REACH who="3" step="1"/><G25/><REACH who="3" step="2"/><T68/><D68/><U78/><E113/><V6/><F116/><W107/><G107/><T76/><D131/><U39/><E39/><V90/><F117/><W59/><G59/><T51/><D129/><U54/><E54/><V69/><F69/><W104/><G104/><T1/><D106/><U94/><E94/><V89/><F130/><W87/><G87/><T65/><D65/><U60/><E60/><V97/><F98/><W38/><G38/><T123/><D123/><U45/><E45/><V74/><F97/><W21/><G21/><T124/><D124/><U43/><E43/><V132/><F20/><W125/><G125/><T82/><D82/><U32/><E135/><V99/><F132/><W0/><G0/><T134/><D1/><RYUUKYOKU ba="0,1" sc="150,-10,250,-10,280,-10,310,30" hai3="4,5,7,9,13,34,35,72,73,75,86,91,95" /><INIT seed="3,1,1,2,5,90" ten="140,240,270,340" oya="3" hai0="95,43,62,27,102,28,56,107,123,29,40,65,72" hai1="0,12,75,113,110,19,15,80,18,57,33,47,21" hai2="13,109,48,54,96,131,120,35,41,89,129,60,61" hai3="121,128,25,55,1,64,87,70,22,38,30,44,63" shuffle="mt19937ar,D8DEDBD2,E6670C65,404C3F14,01E091D7,68672BE6,0214BAF0,58BE881C,4655626F"/><W24/><G121/><T91/><D29/><U4/><E113/><V6/><F35/><W116/><G116/><T73/><D123/><U101/><E110/><V79/><F79/><W7/><G128/><N who="2" m="49225" /><F120/><W126/><G126/><T104/><D72/><U106/><E106/><V17/><F6/><W111/><G111/><T117/><D73/><U26/><E101/><V115/><F41/><W5/><G1/><T51/><D117/><U133/><E75/><V82/><F109/><W50/><G87/><T74/><D74/><U36/><E80/><V66/><F66/><W86/><G86/><T11/><D11/><N who="1" m="2439" /><E57/><V46/><F115/><W78/><G78/><T99/><D104/><U93/><E93/><N who="2" m="56367" /><F82/><W112/><G112/><T8/><D8/><AGARI ba="1,1" hai="8,13,17,46,48,54,60,61" m="56367,49225" machi="8" ten="30,2000,0" yaku="19,1,52,1" doraHai="90" who="2" fromWho="0" sc="140,-23,240,0,270,33,340,0" owari="117,-28,240,-11,303,5,340,34" /></mjloggm>