<mjloggm ver="2.3"><GO type="9"/><UN n0="%E3%81%B5%E3%81%81%EF%BD%9E%E2%99%AA" n1="%E3%82%A6%E3%83%AB%E3%83%88%E3%83%A9%E7%AB%8B%E7%9B%B4" n2="%E5%90%8D%E7%84%A1%E3%81%97%CF%89" n3="%6F%79%61%6D%61%6E" dan="11,7,8,1" rate="1554,1691,1561,1430" sx="M,M,M,M"/><TAIKYOKU oya="0"/><INIT seed="0,0,0,3,5,94" ten="250,250,250,250" oya="0" hai0="26,22,77,28,37,105,61,116,58,8,45,108,16" hai1="25,15,124,109,59,57,68,130,127,40,34,30,10" hai2="76,6,56,43,71,78,5,74,27,107,90,65,20" hai3="106,125,113,1,49,13,69,66,47,135,72,95,102" shuffle="mt19937ar,FFF75E40,109A0637,4226A962,8B441781,5A2B5960,7B5F6C14,8FACDE7F,86FAB7F6"/><T9/><D116/><U119/><E68/><V87/><F107/><W42/><G113/><T86/><D108/><U23/><E40/><V120/><F120/><W100/><G13/><T39/><D105/><U11/><E59/><V114/><F114/><W67/><G135/><T110/><D110/><U53/><E109/><V73/><F71/><W99/><G125/><N who="1" m="48202" /><E53/><V54/><F43/><W93/><G1/><T91/><D77/><U84/><E57/><V126/><F126/><W60/><G72/><T134/><D134/><U24/><E84/><V35/><F35/><W55/><G106/><T50/><D39/><U129/><E119/><V17/><F65/><W88/><G69/><T123/><D123/><U2/><E2/><V63/><F74/><W18/><G95/><T111/><D111/><U101/><E101/><V29/><F29/><W117/><G117/><T83/><D37/><U31/><E15/><V133/><F133/><W128/><G128/><AGARI ba="0,0" hai="10,11,23,24,25,30,31,34,128,129,130" m="48202" machi="128" ten="30,7700,0" yaku="19,1,18,1,34,2" doraHai="94" who="1" fromWho="3" sc="250,0,250,77,250,0,250,-77" /><INIT seed="1,0,0,0,1,9" ten="250,327,250,173" oya="1" hai0="57,131,73,64,35,95,24,51,58,90,91,14,103" hai1="105,59,132,29,116,22,23,26,79,74,72,45,127" hai2="65,126,20,42,82,128,123,1,12,101,21,16,88" hai3="44,125,106,122,129,47,40,81,60,50,7,48,115" shuffle="mt19937ar,5C54FABB,BBADB043,245A669D,784F4755,5363C8AA,7405BBB6,7E94F4A1,9898D70E"/><U124/><E105/><V71/><F123/><W93/><G115/><T120/><D120/><U83/><E116/><V17/><F1/><W37/><G122/><T56/><D131/><U98/><E132/><V18/><F128/><W66/><G129/><T49/><D73/><U87/><E98/><V10/><F126/><N who="1" m="48169" /><E45/><V114/><F114/><W86/><G125/><T119/><D119/><U5/><E5/><V113/><F113/><W34/><G106/><T117/><D117/><U77/><E77/><V80/><F42/><W4/><G34/><T69/><D69/><U38/><E38/><V63/><F101/><W96/><G37/><T62/><D35/><U100/><E100/><V53/><F53/><W108/><G108/><T31/><D31/><U97/><E97/><V94/><F80/><W118/><G118/><T76/><D24/><N who="1" m="16535" /><E59/><N who="0" m="22601" /><D76/><U55/><E55/><V89/><F82/><W61/><G66/><T2/><D2/><U36/><E36/><V41/><F41/><W28/><G28/><AGARI ba="0,0" hai="23,26,28,72,74,79,83,87" m="16535,48169" machi="28" ten="30,1500,0" yaku="18,1" doraHai="9" who="1" fromWho="3" sc="250,0,327,15,250,0,173,-15" /><INIT seed="1,1,0,3,3,16" ten="250,342,250,158" oya="1" hai0="42,114,66,53,120,39,28,124,61,29,17,133,80" hai1="100,108,109,102,31,126,59,99,12,2,7,45,56" hai2="77,74,70,58,38,4,91,34,5,117,67,86,41" hai3="37,43,63,135,116,82,36,112,118,110,128,76,8" shuffle="mt19937ar,CD2C4D1E,0513CB93,5EB10A7E,8E076269,AA060D06,D2BB96E4,C77A37F2,61570B75"/><U54/><E2/><V85/><F117/><N who="3" m="45163" /><G63/><T123/><D114/><U83/><E83/><V15/><F34/><W132/><G43/><T121/><D124/><U134/><E31/><V104/><F104/><W64/><G112/><T115/><D115/><U96/><E45/><V78/><F70/><W48/><G48/><T107/><D133/><N who="3" m="51273" /><G64/><T23/><D107/><U26/><E26/><V24/><F24/><W62/><G62/><T93/><D39/><N who="3" m="14921" /><G8/><T90/><D42/><U46/><E134/><V72/><F67/><W101/><G101/><T106/><D106/><U19/><E100/><V32/><F32/><W52/><G52/><T81/><D53/><U20/><E102/><V57/><F38/><W21/><G21/><T113/><D113/><U79/><E54/><V6/><F41/><W95/><G110/><T73/><D73/><U94/><E108/><V13/><REACH who="2" step="1"/><F5/><REACH who="2" step="2"/><W51/><G51/><T3/><D66/><U65/><E7/><V103/><F103/><W98/><G128/><T92/><D61/><U71/><E109/><V49/><F49/><W47/><G47/><T119/><D119/><U125/><E46/><V84/><F84/><N who="3" m="48199" /><G95/><N who="0" m="36427" /><D3/><U25/><E65/><V30/><F30/><N who="0" m="11882" /><D90/><AGARI ba="1,1" hai="4,6,13,15,57,58,72,74,77,78,85,86,90,91" machi="90" ten="25,8000,1" yaku="1,1,22,2,53,2" doraHai="16" doraHaiUra="11" who="2" fromWho="0" sc="250,-83,342,0,240,93,158,0" /><INIT seed="2,0,0,1,3,53" ten="167,342,333,158" oya="2" hai0="127,97,36,17,92,7,61,85,31,123,87,118,73" hai1="71,78,64,134,30,5,112,58,57,15,27,55,88" hai2="0,113,94,121,131,114,125,40,21,43,8,1,47" hai3="26,124,63,54,49,107,4,98,33,28,83,72,20" shuffle="mt19937ar,8A658CE2,C9B6F3BE,AC2771BA,C4757C00,0E20289B,494B3D2C,77BA50D3,AA6BD14A"/><V18/><F121/><W32/><G124/><T38/><D123/><U66/><E71/><V89/><F125/><W91/><G63/><T120/><D127/><U77/><E112/><V24/><F131/><W52/><G4/><T109/><D120/><U95/><E134/><V80/><F80/><W68/><G72/><T116/><D109/><U41/><E41/><V99/><F0/><W90/><G68/><T51/><D73/><U44/><E27/><V96/><F1/><W128/><G128/><T56/><D31/><U14/><E30/><V110/><F110/><W135/><G107/><T101/><D7/><U106/><E106/><V126/><F126/><W74/><G135/><T6/><D6/><U12/><E5/><V45/><F18/><W132/><G132/><T13/><D38/><U42/><E42/><N who="2" m="15915" /><F8/><W29/><G74/><T79/><D36/><U117/><E117/><V39/><F39/><W129/><G129/><T62/><D79/><N who="1" m="30219" /><E44/><N who="2" m="16971" /><F89/><N who="3" m="33803" /><G83/><T105/><D51/><U84/><E55/><V3/><F3/><W119/><G119/><N who="0" m="45611" /><D105/><U10/><E10/><V93/><F24/><W82/><G82/><T23/><D62/><U130/><E130/><V69/><F69/><W70/><G70/><T16/><D17/><U34/><E34/><N who="3" m="13418" /><G49/><T25/><D13/><U115/><E115/><N who="2" m="44043" /><F21/><W100/><G20/><T104/><D104/><U37/><E37/><V122/><F122/><W111/><G111/><T76/><D76/><U35/><E35/><V50/><F50/><W11/><G11/><T60/><D60/><U133/><E133/><V48/><F48/><W2/><G2/><RYUUKYOKU ba="0,0" sc="167,10,342,10,333,10,158,-30" hai0="16,23,25,56,61,85,87,92,97,101" hai1="12,14,15,57,58,64,66,84,88,95" hai2="93,94,96,99" /><INIT seed="2,1,0,1,2,39" ten="177,352,343,128" oya="2" hai0="26,126,110,81,68,89,58,44,30,2,48,92,38" hai1="131,80,10,103,34,29,71,46,133,98,93,40,23" hai2="43,62,49,132,100,33,102,114,41,94,83,61,57" hai3="127,18,113,116,101,119,24,15,55,109,5,69,59" shuffle="mt19937ar,D3266468,B32CBA43,3B21E53B,90E2FE31,EF573627,3C020348,EF48CEE5,3FB2A6F5"/><V3/><F132/><W99/><G69/><T32/><D126/><U84/><E71/><V60/><F114/><W16/><G127/><T118/><D110/><U12/><E34/><V17/><F33/><W52/><G109/><T7/><D118/><N who="3" m="45097" /><G113/><T77/><D68/><U88/><E131/><V74/><F74/><W90/><G59/><T135/><D135/><U107/><E133/><V122/><F122/><W96/><G101/><N who="2" m="39017" /><F3/><W85/><G5/><T106/><D106/><U78/><E23/><V4/><F4/><W120/><G85/><T125/><D125/><U66/><E29/><V117/><F117/><W14/><G24/><T1/><D38/><U76/><E66/><N who="2" m="39183" /><F83/><W121/><G90/><T124/><D124/><U115/><E115/><V87/><F17/><N who="3" m="6763" /><G120/><T123/><D123/><U128/><E128/><V45/><F94/><W22/><G121/><T0/><D58/><U6/><REACH who="1" step="1"/><E107/><REACH who="1" step="2"/><V70/><F70/><W67/><G22/><T19/><D7/><U134/><E134/><V91/><F91/><W36/><G67/><T130/><D130/><U97/><E97/><N who="3" m="37450" /><G36/><AGARI ba="1,1" hai="6,10,12,36,40,46,76,78,80,84,88,93,98,103" machi="36" ten="30,8000,1" yaku="1,1,7,1,52,1,54,1,53,1" doraHai="39" doraHaiUra="11" who="1" fromWho="3" sc="177,0,342,93,343,0,128,-83" /><INIT seed="3,0,0,1,2,37" ten="177,435,343,45" oya="3" hai0="100,25,81,88,126,12,90,87,51,49,11,89,59" hai1="21,82,131,95,78,85,28,111,97,64,92,63,117" hai2="121,13,68,62,2,42,9,120,103,61,56,98,16" hai3="106,93,39,99,4,46,54,76,118,15,129,127,132" shuffle="mt19937ar,496AB54B,37D2DB63,85D86E58,C2B7E6E1,7BA6575F,0C722BE9,AF6B4196,935A4A96"/><W34/><G118/><T40/><D126/><U70/><E111/><V45/><F2/><W22/><G34/><T43/><D100/><U75/><E131/><V23/><F68/><W29/><G76/><N who="0" m="46503" /><D25/><U84/><E117/><V96/><F103/><W47/><G127/><T114/><D114/><U38/><E38/><V102/><F102/><W107/><G129/><T83/><D83/><U65/><E65/><V10/><F62/><W130/><G130/><T113/><D113/><U104/><E104/><V71/><F71/><W91/><G132/><T1/><D1/><U55/><E55/><V69/><F69/><W18/><G29/><T122/><D122/><N who="2" m="47210" /><F98/><W110/><G110/><T14/><D59/><U133/><E133/><V80/><F80/><W125/><G125/><T86/><D86/><U19/><E95/><V128/><F128/><W135/><G135/><T20/><D20/><U105/><E105/><V77/><F77/><W35/><G35/><T123/><D123/><U74/><E74/><V32/><F32/><W124/><G124/><T73/><D73/><U7/><E75/><V101/><F101/><W112/><G112/><T94/><D94/><U6/><E97/><V109/><F109/><W17/><G4/><N who="0" m="3175" /><D14/><U5/><E92/><V52/><F96/><W134/><G134/><T72/><D72/><U31/><E84/><V115/><F115/><W24/><G39/><AGARI ba="0,0" hai="9,10,13,16,23,39,42,45,52,56,61" m="47210" machi="39" ten="30,7700,0" yaku="13,1,52,1,54,2" doraHai="37" who="2" fromWho="3" sc="177,0,435,0,343,77,45,-77" owari="177,-22,435,53,420,22,-32,-53" /></mjloggm>