<mjloggm ver="2.3"><GO type="41"/><UN n0="%E3%82%A6%E3%83%AB%E3%83%88%E3%83%A9%E7%AB%8B%E7%9B%B4" n1="%68%6F%72%6B%72%65%61%6B" n2="%E3%81%97%E3%81%8A%E3%81%8B%E3%82%93%E3%81%B9%E3%82%93" n3="%E3%83%95%E3%83%AA%E3%83%86%E3%83%B3" dan="15,13,16,14" rate="1973,1810,2043,1901" sx="M,M,F,M"/><TAIKYOKU oya="0"/><INIT seed="0,0,0,1,4,53" ten="250,250,250,250" oya="0" hai0="27,13,2,91,100,62,126,24,10,58,22,109,90" hai1="95,29,75,19,121,45,67,44,87,38,114,17,42" hai2="4,123,68,70,21,132,39,56,82,111,78,74,71" hai3="118,20,11,72,81,46,8,32,85,9,94,92,49"/><T106/><D2/><U83/><E121/><V43/><F111/><W98/><G32/><T134/><D109/><U77/><E29/><V28/><F123/><W125/><G72/><T26/><D126/><U88/><E114/><V16/><F28/><W54/><G118/><T129/><D129/><U65/><E44/><V64/><F132/><W99/><G125/><T124/><D124/><U131/><E131/><V5/><F43/><W128/><G128/><T14/><D134/><U34/><E34/><V35/><F35/><W73/><G73/><T130/><D130/><U120/><E120/><V31/><F31/><W110/><G110/><T93/><D106/><U127/><E127/><V15/><REACH who="2" step="1"/><F39/><REACH who="2" step="2"/><W25/><G94/><T101/><D93/><U33/><E33/><V133/><F133/><W30/><REACH who="3" step="1"/><G92/><REACH who="3" step="2"/><T79/><D101/><U12/><E95/><V105/><F105/><W80/><G80/><T23/><D100/><U37/><E83/><V55/><F55/><W97/><G97/><T50/><D10/><U96/><E96/><V36/><F36/><W6/><G6/><T113/><D23/><U108/><E38/><V86/><F86/><W59/><G59/><T112/><D22/><U84/><E108/><V60/><AGARI ba="0,2" hai="4,5,15,16,21,56,60,64,68,70,71,74,78,82" machi="60" ten="40,8000,1" yaku="1,1,0,1,52,1,54,1,53,1" doraHai="53" doraHaiUra="76" who="2" fromWho="2" sc="250,-40,250,-20,240,100,240,-20" /><INIT seed="1,0,0,3,2,20" ten="210,230,340,220" oya="1" hai0="116,18,106,39,76,42,50,135,120,105,71,92,87" hai1="128,5,56,36,118,53,108,43,97,84,30,34,40" hai2="93,129,29,64,67,17,102,8,111,134,22,99,123" hai3="131,89,114,85,74,60,119,95,115,73,113,57,104"/><U91/><E118/><V3/><F123/><W81/><G119/><T86/><D39/><U59/><E5/><V121/><F121/><W0/><G0/><T4/><D71/><U16/><E36/><V49/><F134/><W10/><G10/><T65/><D65/><U51/><E34/><V112/><F112/><W94/><G57/><T66/><D66/><U11/><E30/><V2/><F129/><W107/><G60/><T83/><D4/><U14/><E128/><V12/><F111/><W68/><G68/><T38/><D50/><U45/><E108/><V130/><F130/><W101/><G131/><T75/><D42/><N who="1" m="15915" /><E97/><V19/><F49/><W44/><G44/><T98/><D18/><U24/><E24/><V61/><F29/><W15/><G15/><T54/><D38/><U23/><E23/><V25/><REACH who="2" step="1"/><F67/><REACH who="2" step="2"/><W78/><REACH who="3" step="1"/><G73/><REACH who="3" step="2"/><T100/><D116/><U63/><E63/><V9/><F9/><W96/><AGARI ba="0,2" hai="74,78,81,85,89,94,95,96,101,104,107,113,114,115" machi="96" ten="40,12000,2" yaku="1,1,2,1,0,1,34,3,53,0" doraHai="20" doraHaiUra="126" who="3" fromWho="3" sc="210,-30,230,-60,330,-30,210,140" /><INIT seed="2,0,0,1,3,98" ten="180,170,300,350" oya="2" hai0="62,67,91,48,10,19,23,53,108,126,55,93,122" hai1="83,104,54,134,113,68,50,15,25,105,115,95,123" hai2="60,63,0,41,84,26,17,12,22,119,79,72,57" hai3="51,36,101,107,30,116,66,2,82,44,34,59,39"/><V130/><F119/><W77/><G2/><T1/><D122/><U94/><E123/><V125/><F0/><W129/><G116/><T64/><D108/><U71/><E134/><V96/><F72/><W133/><G133/><T8/><D126/><U76/><E25/><V74/><F74/><W31/><G129/><T112/><D112/><U75/><E15/><V9/><F41/><W5/><G5/><T97/><D1/><U7/><E7/><V33/><F33/><W3/><G3/><T118/><D118/><U42/><E42/><V29/><F130/><W49/><G39/><T70/><D64/><U120/><E120/><V20/><F125/><W92/><G107/><T78/><D78/><U117/><E117/><V85/><F96/><W6/><G6/><T18/><D18/><U81/><E75/><V45/><F45/><W87/><G36/><T37/><D37/><U28/><E28/><N who="3" m="10794" /><G44/><T24/><D55/><U16/><E76/><V21/><F63/><N who="3" m="38271" /><G34/><T40/><D40/><U128/><E128/><V88/><F79/><W86/><G86/><T89/><D89/><U80/><E80/><N who="2" m="49159" /><F85/><W58/><G58/><AGARI ba="0,0" hai="8,10,19,23,24,48,53,58,62,67,70,91,93,97" machi="58" ten="30,1000,0" yaku="7,1" doraHai="98" who="0" fromWho="3" sc="180,10,170,0,300,0,350,-10" /><INIT seed="3,0,0,3,3,129" ten="190,170,300,340" oya="3" hai0="135,57,92,28,128,130,109,131,118,77,89,13,127" hai1="22,106,55,91,41,98,80,94,2,10,60,66,52" hai2="30,84,59,29,38,16,107,4,23,14,50,114,1" hai3="65,21,96,86,70,104,43,71,12,81,112,73,44"/><W83/><G112/><T93/><D28/><U15/><E41/><V110/><F38/><W116/><G116/><T101/><D57/><U62/><E62/><V49/><F107/><W37/><G73/><T20/><D20/><U76/><E106/><V126/><F110/><W74/><G74/><T125/><D13/><U72/><E2/><V7/><F114/><W11/><G21/><T67/><D67/><U87/><E22/><V121/><F121/><W82/><G86/><T54/><D54/><U48/><E48/><N who="2" m="18539" /><F1/><W31/><G31/><N who="2" m="11785" /><F126/><N who="0" m="48138" /><D109/><U133/><E133/><V8/><F84/><W108/><G108/><T95/><D118/><U46/><E46/><V122/><F122/><W79/><G79/><T18/><D18/><U69/><E72/><V103/><F103/><W25/><G25/><T3/><D3/><U120/><REACH who="1" step="1"/><E120/><REACH who="1" step="2"/><V78/><F59/><W123/><G70/><T40/><D40/><U100/><E100/><V132/><F132/><W117/><G123/><T36/><D135/><U42/><E42/><V61/><F61/><W99/><G117/><T97/><D36/><U5/><AGARI ba="0,1" hai="5,10,15,52,55,60,66,69,76,80,87,91,94,98" machi="5" ten="20,5200,0" yaku="1,1,0,1,7,1,54,1,53,0" doraHai="129" doraHaiUra="53" who="1" fromWho="1" sc="190,-13,160,62,300,-13,340,-26" /><INIT seed="4,0,0,1,1,104" ten="177,222,287,314" oya="0" hai0="22,37,54,60,14,111,120,82,131,133,74,63,41" hai1="31,86,7,6,109,45,113,83,101,126,76,114,49" hai2="30,17,3,72,87,46,135,81,93,116,75,106,125" hai3="42,95,38,79,56,118,100,70,12,15,115,26,27"/><T105/><D120/><U132/><E132/><V123/><F3/><W44/><G70/><T110/><D133/><U107/><E109/><N who="0" m="41481" /><D105/><U21/><E126/><V102/><F135/><W96/><G118/><T55/><D131/><U33/><E33/><V18/><F125/><W84/><G115/><N who="1" m="44042" /><E101/><V103/><F30/><W0/><G0/><T65/><D41/><U32/><E32/><V108/><F116/><W5/><G56/><T51/><D37/><U121/><E107/><V99/><F123/><W91/><G79/><N who="0" m="44407" /><D51/><U39/><E39/><V71/><F71/><W2/><G2/><T129/><D129/><U97/><E97/><V89/><F108/><W20/><G5/><T73/><D73/><U34/><E34/><V117/><F117/><W40/><G42/><T59/><D63/><U112/><E121/><V58/><F46/><W124/><G124/><T1/><D1/><U68/><E68/><V66/><F103/><W130/><G130/><T69/><D69/><U47/><E47/><V88/><F58/><W90/><G100/><T28/><D28/><U4/><E112/><V24/><F66/><W52/><G44/><T43/><D43/><N who="1" m="24767" /><E31/><V78/><F75/><W16/><G38/><T62/><D62/><U64/><E64/><V77/><F72/><W127/><G127/><T53/><D65/><U48/><E48/><V122/><F122/><W57/><G40/><T92/><D92/><U19/><E21/><N who="2" m="13359" /><F106/><W67/><G67/><T94/><D94/><U10/><E10/><V11/><F102/><W8/><G95/><T36/><D36/><U13/><E13/><AGARI ba="0,0" hai="11,13,18,77,78,81,87,88,89,93,99" m="13359" machi="13" ten="30,3900,0" yaku="6,1,8,1,54,1" doraHai="104" who="2" fromWho="1" sc="177,0,222,-39,287,39,314,0" /><INIT seed="5,0,0,2,3,121" ten="177,183,326,314" oya="1" hai0="33,103,85,75,68,2,52,105,7,44,100,0,108" hai1="128,20,93,94,81,26,66,97,16,25,84,133,38" hai2="17,125,116,43,30,47,115,102,129,4,126,122,28" hai3="92,91,31,24,22,11,58,119,74,110,64,65,109"/><U42/><E66/><V82/><F122/><W131/><G74/><T112/><D85/><U113/><E113/><V15/><F116/><W124/><G119/><T80/><D52/><U127/><E133/><V71/><F71/><W51/><G131/><T56/><D56/><U18/><E127/><N who="2" m="48651" /><F129/><W29/><G124/><T41/><D103/><U49/><E38/><V120/><F120/><W50/><G31/><T27/><D112/><U13/><E128/><V60/><F102/><W70/><G70/><T90/><D90/><U134/><E134/><V55/><F4/><W1/><G65/><T48/><D48/><U54/><E42/><V78/><F115/><W67/><G51/><T118/><D118/><U39/><E39/><N who="2" m="22015" /><F55/><W86/><G67/><T72/><D44/><U9/><E26/><V59/><F59/><W104/><G104/><T107/><D41/><U6/><E97/><V5/><F5/><W37/><G37/><T87/><D68/><U101/><E101/><V32/><F32/><W114/><G114/><T69/><D69/><U10/><E10/><N who="2" m="6391" /><F60/><W95/><G50/><T76/><D7/><U23/><E6/><V45/><F45/><W36/><G58/><T14/><D100/><U106/><E106/><V130/><F130/><W132/><G132/><T40/><D107/><U117/><E117/><V8/><F8/><W57/><G11/><T12/><D105/><U83/><E9/><V34/><F34/><W135/><G135/><T61/><D33/><U98/><E98/><V19/><F19/><W79/><G64/><T88/><D2/><U46/><E83/><RYUUKYOKU ba="0,0" sc="177,-15,183,15,326,15,314,-15" hai1="13,16,18,20,23,25,46,49,54,81,84,93,94" hai2="28,30,78,82" /><INIT seed="5,1,0,1,4,2" ten="162,198,341,299" oya="1" hai0="32,91,12,92,35,50,38,88,82,86,114,63,6" hai1="117,36,70,26,24,93,59,96,131,44,42,28,119" hai2="1,134,68,128,5,27,49,7,87,4,21,95,40" hai3="112,33,122,129,58,79,29,83,123,46,22,85,90"/><U89/><E131/><V17/><F68/><W9/><G33/><T74/><D38/><U94/><E70/><V69/><F69/><W56/><G129/><T25/><D114/><U110/><E110/><V48/><F128/><W31/><G112/><T41/><D63/><U60/><E26/><V98/><F1/><W100/><G100/><T133/><D133/><U53/><REACH who="1" step="1"/><E93/><REACH who="1" step="2"/><V8/><F134/><W104/><G122/><T121/><D121/><U76/><E76/><V30/><F40/><W97/><G79/><T77/><D25/><U101/><E101/><N who="2" m="60639" /><F87/><W54/><G85/><T106/><D106/><U111/><E111/><V130/><F130/><W103/><G104/><T118/><D118/><U18/><E18/><V55/><F8/><W19/><G9/><N who="0" m="4151" /><D74/><U71/><E71/><V116/><F116/><W102/><G123/><T20/><D20/><AGARI ba="1,1" hai="20,24,28,36,42,44,53,59,60,89,94,96,117,119" machi="20" ten="30,2900,0" yaku="1,1,7,1,53,0" doraHai="2" doraHaiUra="10" who="1" fromWho="0" sc="162,-32,188,42,341,0,299,0" /><INIT seed="5,2,0,0,4,63" ten="130,230,341,299" oya="1" hai0="104,69,48,102,19,73,24,23,12,122,38,89,60" hai1="50,79,36,116,3,111,54,28,15,56,132,9,0" hai2="13,128,62,119,92,52,18,100,133,53,41,39,88" hai3="80,84,44,70,78,20,31,68,96,125,101,29,32"/><U1/><E116/><V97/><F119/><W87/><G125/><T114/><D122/><U72/><E36/><V113/><F113/><W7/><G32/><T57/><D38/><U37/><E37/><V83/><F133/><W61/><G44/><T25/><D114/><U112/><E132/><V59/><F128/><W51/><G51/><T65/><D73/><U86/><E72/><V82/><F41/><W8/><G84/><T21/><D102/><U11/><E112/><V22/><F39/><W49/><G49/><T67/><D104/><U17/><E28/><V2/><F2/><W42/><G42/><T71/><D89/><U43/><E43/><V47/><F100/><W127/><G127/><T103/><D103/><U58/><E111/><V106/><F106/><W98/><G98/><T5/><D5/><U120/><E120/><V126/><F126/><W14/><G20/><T64/><D12/><U121/><E121/><V130/><F130/><W10/><G10/><T34/><D34/><U27/><E27/><V105/><F105/><W81/><G81/><N who="2" m="30729" /><F47/><W124/><G124/><T85/><D85/><U76/><E86/><V90/><F90/><W26/><G26/><T108/><D108/><U75/><E9/><V117/><F117/><W93/><REACH who="3" step="1"/><G70/><REACH who="3" step="2"/><T40/><D40/><U131/><E75/><V30/><F30/><W66/><AGARI ba="2,1" hai="7,8,14,29,31,61,66,68,78,80,87,93,96,101" machi="66" ten="30,7900,0" yaku="1,1,2,1,0,1,52,1,53,0" doraHai="63" doraHaiUra="109" who="3" fromWho="3" sc="130,-22,230,-41,341,-22,289,95" /><INIT seed="6,0,0,0,4,23" ten="108,189,319,384" oya="2" hai0="0,91,19,133,73,74,3,69,15,59,127,131,35" hai1="134,95,124,96,12,66,47,84,75,31,57,56,13" hai2="80,68,109,71,62,2,122,39,49,79,21,97,33" hai3="72,132,10,54,67,125,94,116,114,82,53,11,120"/><V90/><F122/><W36/><G120/><T87/><D59/><U61/><E124/><V8/><F33/><W55/><G116/><T123/><D91/><U111/><E134/><V86/><F39/><W99/><G36/><T6/><D87/><U135/><E135/><V41/><F109/><W17/><G132/><T7/><D15/><U18/><E75/><V112/><F112/><W38/><G38/><T16/><D123/><U45/><E31/><V52/><F41/><W30/><G30/><T14/><D133/><U42/><E42/><V126/><F126/><W108/><G67/><T50/><D14/><U25/><E84/><V48/><F48/><W65/><G65/><T117/><D50/><U100/><E111/><V81/><F62/><W77/><G108/><T9/><D127/><U115/><E115/><V5/><F97/><W104/><G114/><T107/><D9/><U98/><E25/><V24/><F80/><W85/><G125/><T102/><D102/><U20/><E12/><V129/><F79/><W37/><G37/><T64/><D64/><U92/><REACH who="1" step="1"/><E57/><REACH who="1" step="2"/><V118/><F118/><W113/><G113/><T29/><D29/><U106/><E106/><V101/><F68/><W44/><G104/><T110/><D107/><U26/><E26/><V78/><F71/><W34/><G72/><T43/><D69/><U103/><AGARI ba="0,1" hai="13,18,20,45,47,56,61,66,92,95,96,98,100,103" machi="103" ten="20,8000,1" yaku="1,1,0,1,7,1,9,1,8,1,53,0" doraHai="23" doraHaiUra="128" who="1" fromWho="1" sc="108,-20,179,90,319,-40,384,-20" /><INIT seed="7,0,0,2,5,88" ten="88,269,279,364" oya="3" hai0="121,9,16,11,114,67,113,93,103,36,41,14,58" hai1="116,78,48,29,3,13,102,55,95,59,106,90,92" hai2="5,70,66,101,42,33,110,97,86,87,27,24,104" hai3="57,128,84,0,12,120,85,125,7,83,76,40,37"/><W4/><G120/><T75/><D75/><U69/><E69/><V118/><F118/><W20/><G125/><T35/><D41/><U45/><E3/><V73/><F73/><W19/><G128/><T46/><D46/><U133/><E106/><V123/><F123/><W50/><G37/><T119/><D36/><U122/><E122/><V98/><F110/><W91/><G0/><T132/><D121/><U126/><E78/><V127/><F127/><W107/><G107/><T2/><D119/><U53/><E126/><V32/><F5/><W130/><G130/><T89/><D103/><U117/><E29/><V47/><F98/><W26/><G26/><T56/><D35/><U68/><E68/><V61/><F24/><W34/><G34/><T25/><D25/><U82/><E82/><V105/><F32/><W62/><G40/><T100/><D100/><U135/><E13/><V81/><F81/><N who="3" m="47143" /><G50/><T1/><D132/><N who="1" m="50763" /><E90/><V18/><F104/><W28/><G28/><T8/><D2/><U43/><E53/><AGARI ba="0,0" hai="4,7,12,19,20,53,57,62,83,85,91" m="47143" machi="53" ten="30,1500,0" yaku="8,1" doraHai="88" who="3" fromWho="1" sc="88,0,269,-15,279,0,364,15" owari="88,-41,254,-15,279,8,379,48" /></mjloggm>