<mjloggm ver="2.3"><GO type="41"/><UN n0="%E3%82%A6%E3%83%AB%E3%83%88%E3%83%A9%E7%AB%8B%E7%9B%B4" n1="%52%6F%64%6E%65%79%2E%4D" n2="%66%40%6E%65%74%35%39" n3="%54%48%41%4E%41%54%4F%53" dan="14,14,14,14" rate="1931,1919,1832,1817" sx="M,M,M,M"/><TAIKYOKU oya="0"/><INIT seed="0,0,0,1,0,107" ten="250,250,250,250" oya="0" hai0="56,20,42,105,33,72,92,135,57,96,4,11,62" hai1="17,18,109,125,48,103,68,49,118,88,21,97,132" hai2="2,37,114,75,6,128,106,111,22,61,90,27,50" hai3="64,70,63,122,126,95,14,65,36,46,30,67,74"/><T43/><D105/><U104/><E118/><V115/><F37/><W41/><G122/><T127/><D33/><U5/><E5/><V7/><F106/><W85/><G126/><T66/><D127/><U39/><E125/><V71/><F111/><W35/><G35/><T84/><D72/><U28/><E39/><V98/><F75/><W23/><G30/><T16/><D84/><U119/><E119/><V44/><F128/><W8/><G23/><T130/><D130/><U113/><E68/><V69/><F69/><W129/><G129/><T124/><D124/><U53/><E113/><V100/><F90/><W10/><G10/><T133/><D56/><U89/><E109/><V51/><F2/><W76/><G74/><T83/><D83/><U120/><E120/><V31/><F50/><W54/><G76/><T40/><D11/><U78/><E78/><V77/><F77/><W102/><G102/><T24/><REACH who="0" step="1"/><D4/><REACH who="0" step="2"/><U131/><E131/><V81/><F6/><W79/><G79/><T1/><D1/><U45/><E132/><V93/><F7/><W101/><G85/><T25/><D25/><U38/><E38/><V32/><F81/><W134/><G8/><T91/><AGARI ba="0,1" hai="16,20,24,40,42,43,57,62,66,91,92,96,133,135" machi="91" ten="30,6000,0" yaku="1,1,0,1,54,1,53,0" doraHai="107" doraHaiUra="9" who="0" fromWho="0" sc="240,70,250,-20,250,-20,250,-20" /><INIT seed="0,1,0,4,2,52" ten="310,230,230,230" oya="0" hai0="45,135,18,62,41,72,109,84,0,105,12,113,5" hai1="19,47,77,93,53,103,99,128,58,57,98,24,39" hai2="69,111,1,59,70,26,110,127,54,55,123,89,76" hai3="49,51,107,17,66,34,74,83,121,90,20,16,36"/><T14/><D105/><U28/><E128/><V22/><F1/><W73/><G34/><T2/><D113/><U3/><E3/><V86/><F123/><W56/><G36/><T91/><D72/><U102/><E77/><V100/><F127/><W30/><G30/><T101/><D101/><U43/><E19/><V60/><F100/><W79/><G107/><T61/><D135/><U117/><E53/><V29/><F76/><W125/><G125/><T129/><D129/><U23/><REACH who="1" step="1"/><E117/><REACH who="1" step="2"/><V71/><F55/><W82/><G121/><T8/><D2/><U108/><E108/><N who="2" m="41515" /><F71/><W134/><G134/><T131/><D131/><U80/><E80/><AGARI ba="1,1" hai="22,26,29,54,59,60,69,70,80,86,89" m="41515" machi="80" ten="30,2000,0" yaku="14,1,52,1" doraHai="52" who="2" fromWho="1" sc="310,0,220,-23,230,33,230,0" /><INIT seed="1,0,0,3,4,29" ten="310,197,263,230" oya="1" hai0="129,74,117,97,93,63,115,78,94,87,40,116,4" hai1="98,31,65,100,28,19,82,107,122,103,118,135,75" hai2="44,99,121,14,2,33,48,70,6,50,20,77,110" hai3="104,109,52,130,90,126,60,114,127,71,69,53,10"/><U123/><E118/><V112/><F110/><W62/><G104/><T102/><D63/><U45/><E65/><V79/><F70/><W58/><G10/><T55/><D4/><U85/><E135/><V108/><F108/><W83/><G109/><T119/><D55/><U27/><E75/><V0/><F33/><W39/><G83/><T26/><D40/><U54/><E103/><V11/><F121/><W32/><G32/><T23/><D23/><U124/><E124/><V21/><F112/><W128/><G90/><T59/><D26/><U133/><E133/><V101/><F0/><W18/><G18/><T43/><D59/><U120/><E19/><V38/><F38/><W80/><G80/><N who="0" m="45143" /><D43/><U106/><E106/><V61/><F61/><W16/><G16/><T66/><D66/><U68/><E68/><V73/><F73/><W41/><G58/><T34/><D34/><U37/><E27/><V47/><F2/><W12/><G12/><T24/><D24/><U25/><E25/><V96/><F101/><W13/><G13/><T57/><D57/><U131/><E131/><V15/><F6/><W105/><G41/><T35/><D35/><U81/><E37/><V113/><F113/><W64/><G105/><N who="0" m="63695" /><D115/><U76/><REACH who="1" step="1"/><E81/><REACH who="1" step="2"/><V42/><F42/><W95/><G114/><T92/><D129/><U3/><E3/><V30/><F30/><W7/><G130/><T67/><D67/><U86/><E86/><AGARI ba="0,1" hai="86,87,92,93,94,116,117,119" m="63695,45143" machi="86" ten="40,2600,0" yaku="34,2" doraHai="29" who="0" fromWho="1" sc="310,36,187,-26,263,0,230,0" /><INIT seed="2,0,0,4,1,6" ten="346,161,263,230" oya="2" hai0="95,80,52,39,7,14,58,34,59,3,128,118,8" hai1="126,4,81,19,99,26,43,48,66,54,33,57,107" hai2="132,27,125,29,68,67,106,104,17,111,2,88,87" hai3="46,69,61,71,53,103,94,82,114,75,13,42,116"/><V108/><F2/><W85/><G116/><T70/><D39/><U101/><E126/><V73/><F73/><W78/><G114/><T16/><D70/><U74/><E4/><V31/><F125/><W127/><G127/><T32/><D128/><U22/><E33/><V121/><F121/><W21/><G61/><T64/><D118/><U11/><E66/><V109/><F132/><W49/><G53/><T5/><D5/><U35/><E35/><N who="2" m="20927" /><F17/><W115/><G115/><T72/><D64/><U117/><E43/><V83/><F31/><W91/><G21/><T50/><D58/><U28/><E117/><V84/><F84/><W40/><G40/><T113/><D113/><U92/><E107/><V102/><F102/><W45/><G45/><T47/><D59/><U119/><E119/><V124/><F124/><W55/><G42/><T129/><D129/><U123/><E123/><V90/><F90/><W105/><G13/><T63/><D63/><AGARI ba="0,0" hai="63,67,68,83,87,88,104,106,108,109,111" m="20927" machi="63" ten="30,5800,0" yaku="14,1,10,1,54,1" doraHai="6" who="2" fromWho="0" sc="346,-58,161,0,263,58,230,0" /><INIT seed="2,1,0,0,3,107" ten="288,161,321,230" oya="2" hai0="32,94,85,72,104,83,57,37,75,36,130,73,1" hai1="41,93,119,13,40,87,0,133,21,80,113,97,108" hai2="101,123,63,22,18,38,82,70,48,35,5,132,115" hai3="23,109,27,121,69,9,17,51,12,24,84,95,34"/><V55/><F115/><W76/><G69/><T28/><D1/><U10/><E113/><V105/><F35/><W62/><G121/><T52/><D104/><U100/><E119/><V91/><F38/><W39/><G39/><T128/><D36/><U127/><E127/><V126/><F123/><W33/><G62/><T6/><D37/><U3/><E133/><V78/><F132/><W77/><G77/><T15/><D28/><U60/><E108/><V2/><F126/><W4/><G76/><T118/><D32/><U102/><E102/><V90/><F105/><W53/><G27/><T66/><D66/><U7/><E21/><V106/><F106/><W59/><G109/><T49/><D94/><U54/><E0/><V122/><F101/><W129/><G129/><N who="0" m="49771" /><D118/><U79/><E3/><V42/><F42/><W131/><G131/><T89/><D15/><U45/><E60/><V47/><F122/><W8/><G8/><T11/><D11/><U125/><E125/><V46/><F2/><W111/><G111/><T67/><D67/><U31/><E31/><V65/><F5/><AGARI ba="1,0" hai="5,6,49,52,57,72,73,75,83,85,89" m="49771" machi="5" ten="40,8000,1" yaku="19,1,52,3,54,1" doraHai="107" who="0" fromWho="2" sc="288,83,161,0,321,-83,230,0" /><INIT seed="3,0,0,4,0,68" ten="371,161,238,230" oya="3" hai0="34,35,48,13,109,39,24,36,43,127,21,86,124" hai1="93,95,65,129,94,99,120,121,42,117,55,6,54" hai2="57,16,100,88,40,130,67,53,22,96,105,37,128" hai3="87,33,89,12,110,41,29,81,11,113,15,131,14"/><W32/><G113/><T62/><D13/><U49/><E6/><V3/><F3/><W31/><G131/><N who="2" m="50217" /><F67/><W58/><G11/><T64/><D109/><U59/><E129/><V61/><F40/><W122/><G122/><T133/><D86/><U116/><E65/><V28/><F28/><W50/><G110/><T82/><D82/><U8/><E8/><V30/><F30/><W98/><G33/><N who="0" m="12299" /><D48/><U118/><E42/><V91/><F37/><N who="0" m="14410" /><D43/><U63/><REACH who="1" step="1"/><E99/><REACH who="1" step="2"/><V45/><F45/><AGARI ba="0,1" hai="45,49,54,55,59,63,93,94,95,116,117,118,120,121" machi="45" ten="50,6400,0" yaku="1,1,2,1,12,1,53,0" doraHai="68" doraHaiUra="23" who="1" fromWho="2" sc="371,0,151,74,238,-64,230,0" /><INIT seed="4,0,0,5,3,127" ten="371,225,174,230" oya="0" hai0="3,112,1,35,74,103,32,67,36,128,81,58,24" hai1="86,43,101,22,97,42,28,66,94,111,52,9,20" hai2="5,27,49,88,104,14,107,125,133,84,117,78,115" hai3="130,31,29,93,92,126,10,6,2,76,60,64,98"/><T129/><D103/><U134/><E111/><V70/><F70/><W132/><G126/><T50/><D50/><U118/><E118/><V8/><F133/><W23/><G132/><T89/><D58/><U16/><E66/><V110/><F125/><W12/><G76/><N who="0" m="44183" /><D89/><U96/><E134/><V13/><F117/><W54/><G54/><T77/><D67/><U41/><E9/><V95/><F115/><W90/><G93/><T72/><D112/><U105/><E28/><V39/><F39/><W123/><G123/><T34/><D3/><U7/><E7/><V44/><F78/><W30/><G2/><T99/><D99/><U15/><E22/><V108/><F27/><W135/><G135/><T69/><D1/><U122/><E122/><V56/><F110/><W120/><G120/><T45/><D24/><U55/><E86/><V85/><F108/><W75/><G75/><T109/><D69/><U71/><REACH who="1" step="1"/><E71/><REACH who="1" step="2"/><V82/><F14/><W62/><G23/><T121/><D121/><U51/><E51/><V61/><F84/><W91/><G64/><T19/><D109/><U68/><E68/><V79/><F49/><W83/><G62/><T18/><D18/><U38/><E38/><V48/><F61/><W25/><G60/><T59/><D19/><U102/><AGARI ba="0,1" hai="15,16,20,41,42,43,52,55,94,96,97,101,102,105" machi="102" ten="30,7900,0" yaku="1,1,0,1,54,2,53,0" doraHai="127" doraHaiUra="26" who="1" fromWho="1" sc="371,-39,215,89,174,-20,230,-20" /><INIT seed="5,0,0,4,3,134" ten="332,304,154,210" oya="1" hai0="9,12,45,86,11,107,24,91,132,111,55,15,66" hai1="93,100,75,50,57,121,77,94,126,97,71,38,135" hai2="106,124,59,30,81,56,62,5,72,36,82,63,53" hai3="6,96,49,108,31,3,33,110,32,122,51,127,34"/><U60/><E121/><V84/><F106/><W83/><G122/><T14/><D107/><U89/><E135/><V79/><F36/><W29/><G96/><T95/><D132/><U101/><E38/><V0/><F30/><W58/><G58/><T118/><D118/><U87/><E71/><V65/><F5/><W2/><G33/><T48/><D111/><U109/><E50/><V120/><F0/><W22/><G83/><T115/><D115/><U44/><E44/><V8/><F8/><W16/><G22/><T70/><D70/><U46/><E46/><V69/><F69/><W76/><G76/><T112/><D112/><U90/><E109/><V54/><F65/><W67/><G67/><T61/><D61/><U113/><E113/><V42/><F42/><W125/><G6/><T73/><D73/><U23/><E23/><V88/><REACH who="2" step="1"/><F120/><REACH who="2" step="2"/><W102/><G16/><T7/><D66/><U37/><E37/><V52/><F52/><W40/><G40/><T28/><D11/><U18/><E18/><V85/><F85/><W35/><G35/><AGARI ba="0,1" hai="7,9,12,14,15,24,28,35,45,48,55,86,91,95" machi="35" ten="30,1000,0" yaku="7,1" doraHai="134" who="0" fromWho="3" sc="332,20,304,0,144,0,210,-10" /><INIT seed="6,0,0,3,0,135" ten="352,304,144,200" oya="2" hai0="17,79,2,39,48,90,86,61,25,1,120,18,23" hai1="6,98,119,62,102,27,35,87,118,24,80,57,70" hai2="69,13,66,105,134,42,46,19,109,93,128,43,5" hai3="116,72,11,85,4,22,75,56,132,92,15,38,21"/><V99/><F134/><W9/><G132/><T114/><D39/><U45/><E70/><V40/><F128/><W51/><G38/><T14/><D79/><U103/><E6/><V20/><F109/><W78/><G116/><T127/><D61/><U10/><E10/><V31/><F105/><W108/><G108/><T110/><D48/><U68/><E68/><V122/><F122/><W97/><G75/><T121/><D86/><U115/><E115/><V26/><F69/><W71/><G71/><T16/><D90/><U113/><E113/><V124/><F66/><W81/><G11/><N who="0" m="6239" /><D114/><U32/><E45/><V41/><F5/><W84/><G72/><T111/><D111/><U133/><E133/><V67/><F67/><W82/><G56/><T55/><D55/><U29/><E98/><V47/><N who="2" m="10752" /><DORA hai="53" /><V131/><F131/><W28/><G28/><T95/><D95/><U83/><E29/><V106/><F106/><W101/><REACH who="3" step="1"/><G51/><REACH who="3" step="2"/><T117/><D110/><U60/><REACH who="1" step="1"/><E87/><REACH who="1" step="2"/><V52/><F47/><W107/><G107/><T77/><D117/><U73/><E73/><V94/><F46/><W65/><G65/><T104/><D121/><U37/><E37/><V91/><F94/><W88/><AGARI ba="0,2" hai="4,9,15,21,22,78,81,82,84,85,88,92,97,101" machi="88" ten="20,12000,2" yaku="1,1,0,1,7,1,8,1,54,1,53,1" doraHai="135,53" doraHaiUra="125,7" who="3" fromWho="3" sc="352,-30,294,-30,144,-60,190,140" /><INIT seed="7,0,0,0,0,93" ten="322,264,84,330" oya="3" hai0="55,34,17,42,51,20,0,111,56,62,66,21,118" hai1="128,2,81,29,38,96,102,95,33,39,88,135,46" hai2="47,110,49,77,115,133,74,69,112,78,3,7,123" hai3="129,125,99,132,27,85,64,12,94,75,108,24,26"/><W122/><G122/><T117/><D34/><U84/><E2/><V37/><F7/><W43/><G75/><T101/><D0/><U103/><E135/><V54/><F47/><W5/><G132/><T71/><D111/><U97/><E128/><V52/><F49/><W13/><G129/><T68/><D68/><U134/><E134/><V45/><F52/><W15/><G43/><T36/><D101/><U40/><E33/><V67/><F45/><W19/><G108/><T73/><D73/><U53/><E53/><V60/><F54/><W105/><G105/><T89/><D89/><U113/><E29/><V28/><F60/><W1/><G1/><T8/><D8/><U10/><E10/><V11/><F67/><W124/><G5/><T9/><D9/><U72/><E72/><V116/><F11/><W114/><G85/><T65/><D65/><U130/><E113/><V14/><F28/><W109/><G109/><T83/><D83/><U23/><E23/><N who="0" m="8777" /><D17/><U57/><E57/><V92/><F14/><W63/><G19/><T61/><D61/><U121/><E121/><V35/><F77/><W90/><REACH who="3" step="1"/><G114/><REACH who="3" step="2"/><T79/><D79/><U100/><E130/><V25/><F78/><W127/><G127/><T76/><D76/><N who="1" m="46119" /><E38/><V98/><F92/><W44/><G44/><AGARI ba="0,1" hai="36,42,44,51,55,56,62,66,71,117,118" m="8777" machi="44" ten="30,1000,0" yaku="24,1" doraHai="93" who="0" fromWho="3" sc="322,20,264,0,84,0,320,-10" owari="342,45,264,-14,84,-42,310,11" /></mjloggm>