<mjloggm ver="2.3"><GO type="41"/><UN n0="%E3%83%A0%E3%82%B9%E3%82%AB%E5%A4%A7%E4%BD%90" n1="%E3%82%A6%E3%83%AB%E3%83%88%E3%83%A9%E7%AB%8B%E7%9B%B4" n2="%72%65%78%61%31%31%39%34" n3="%47%61%72%61%6E%61" dan="15,14,14,14" rate="1892,1918,1982,1956" sx="M,M,M,M"/><TAIKYOKU oya="0"/><INIT seed="0,0,0,0,2,95" ten="250,250,250,250" oya="0" hai0="124,11,5,30,110,113,121,69,60,42,34,87,104" hai1="7,80,37,127,78,48,9,79,73,97,50,123,13" hai2="10,75,38,46,22,82,76,1,21,27,18,119,23" hai3="14,49,91,8,106,99,57,36,112,70,16,71,81"/><T125/><D104/><U115/><E123/><V19/><F119/><W55/><G112/><T107/><D107/><U32/><E32/><V53/><F19/><W44/><G106/><T129/><D121/><U51/><E115/><V63/><F63/><W120/><G120/><T66/><D113/><U126/><E37/><V117/><F53/><W135/><G135/><T12/><D42/><U47/><E78/><V61/><F61/><W130/><G130/><T31/><D129/><U3/><E13/><V40/><REACH who="2" step="1"/><F117/><REACH who="2" step="2"/><W103/><G36/><T74/><D30/><U62/><E62/><V20/><F20/><W90/><G44/><T15/><D74/><U67/><E67/><V41/><F41/><W77/><G71/><T6/><D31/><U122/><E122/><V89/><F89/><W43/><G70/><T94/><D34/><U72/><E47/><V88/><F88/><N who="3" m="33835" /><G43/><T102/><D102/><U45/><E45/><V92/><F92/><N who="3" m="58855" /><G77/><T133/><D94/><U98/><E73/><V26/><F26/><W100/><G100/><T83/><D69/><U64/><E64/><V2/><F2/><W93/><G93/><T0/><D66/><U68/><E68/><V108/><F108/><W4/><G81/><T105/><D105/><U86/><E72/><V118/><F118/><W24/><G24/><T109/><D109/><U25/><E25/><V28/><F28/><W134/><G134/><T131/><D133/><U56/><E56/><V84/><F84/><W114/><G114/><T111/><D87/><U35/><E35/><V116/><F116/><W29/><G29/><RYUUKYOKU ba="0,1" sc="250,-30,250,10,240,10,250,10" hai1="3,7,9,48,50,51,79,80,86,97,98,126,127" hai2="1,10,18,21,22,23,27,38,40,46,75,76,82" hai3="4,8,14,16,49,55,57" /><INIT seed="1,1,1,0,5,93" ten="220,260,250,260" oya="1" hai0="63,119,130,102,48,76,69,26,60,27,9,98,22" hai1="103,32,80,30,57,112,7,125,113,89,53,25,108" hai2="56,122,90,1,114,96,110,50,46,91,54,10,111" hai3="88,66,43,127,75,42,24,52,59,29,85,61,3"/><U40/><E125/><V62/><F122/><W104/><G127/><T129/><D119/><U67/><E108/><N who="2" m="41515" /><F114/><W120/><G120/><T83/><D27/><U36/><E67/><V17/><F17/><W4/><G104/><T71/><D9/><U55/><E7/><N who="2" m="1391" /><F96/><W12/><G75/><T2/><D2/><U0/><E0/><V72/><F72/><W15/><G3/><T39/><D39/><U78/><E103/><V126/><F126/><W35/><G4/><T121/><D121/><U14/><E14/><V86/><F86/><W8/><G12/><T65/><D69/><U123/><E123/><V84/><F84/><W5/><REACH who="3" step="1"/><G66/><AGARI ba="1,1" hai="46,50,54,56,62,66,90,91" m="1391,41515" machi="66" ten="30,1000,0" yaku="14,1" doraHai="93" who="2" fromWho="3" sc="220,0,260,0,250,23,260,-13" /><INIT seed="2,0,0,2,2,59" ten="220,260,273,247" oya="2" hai0="95,9,58,3,70,87,111,79,38,83,41,105,45" hai1="43,78,28,14,32,34,121,103,36,40,112,134,5" hai2="74,72,62,61,51,96,55,90,30,31,122,66,64" hai3="53,88,99,33,49,114,12,11,42,4,57,69,109"/><V108/><F122/><W22/><G114/><T19/><D111/><U7/><E103/><V63/><F74/><W77/><G109/><T15/><D105/><U13/><E78/><V35/><F72/><W16/><G69/><T82/><D70/><U92/><E92/><N who="2" m="56343" /><F35/><W107/><G33/><T135/><D135/><U20/><E36/><V54/><F108/><W29/><G77/><T123/><D123/><U100/><E100/><V46/><F55/><W21/><G42/><T76/><D3/><U94/><E121/><V48/><F48/><W126/><G126/><T68/><D68/><U23/><E94/><V8/><F8/><W85/><G29/><AGARI ba="0,0" hai="29,30,31,46,51,54,61,62,63,64,66" m="56343" machi="29" ten="30,11600,0" yaku="8,1,52,3" doraHai="59" who="2" fromWho="3" sc="220,0,260,0,273,116,247,-116" /><INIT seed="2,1,0,1,3,103" ten="220,260,389,131" oya="2" hai0="73,48,85,42,26,124,77,58,30,10,61,134,32" hai1="133,65,18,43,25,114,101,82,1,83,31,45,116" hai2="63,22,131,135,100,104,105,72,37,64,84,94,6" hai3="50,33,126,14,69,21,96,79,56,98,24,117,76"/><V29/><F37/><W132/><G69/><T2/><D73/><U57/><E1/><V67/><F72/><W47/><G117/><T71/><D71/><U88/><E114/><V55/><F6/><W41/><G132/><T125/><D134/><U80/><E133/><V4/><F4/><W12/><G126/><T102/><D2/><U59/><E116/><V68/><F67/><W75/><G75/><T34/><D10/><U110/><E110/><V108/><F108/><W66/><G33/><T9/><D9/><U90/><E18/><V91/><F131/><W17/><G12/><T92/><D34/><U16/><E31/><V128/><F128/><W49/><G24/><T44/><D77/><N who="3" m="29769" /><G66/><T8/><D8/><U127/><E101/><V123/><F123/><W0/><G0/><T109/><D109/><U107/><E107/><V13/><F100/><W54/><AGARI ba="1,0" hai="14,17,21,41,47,49,50,54,56,96,98" m="29769" machi="54" ten="30,1100,0" yaku="8,1" doraHai="103" who="3" fromWho="3" sc="220,-4,260,-4,389,-6,131,14" /><INIT seed="3,0,0,2,0,24" ten="216,256,383,145" oya="3" hai0="40,81,43,117,80,68,56,108,92,39,126,72,109" hai1="58,99,42,93,95,77,124,0,53,103,135,107,35" hai2="14,74,69,86,123,50,120,88,37,61,121,118,73" hai3="89,132,10,20,5,130,82,3,36,25,64,62,44"/><W128/><G132/><T84/><D68/><U21/><E35/><V129/><F118/><W11/><G36/><T104/><D104/><U16/><E0/><V85/><F37/><W27/><G44/><T18/><D117/><U111/><E42/><V13/><F86/><W125/><G82/><T12/><D72/><U41/><E41/><V33/><F33/><W116/><G89/><T59/><D126/><U47/><E135/><V7/><F129/><N who="3" m="49771" /><G64/><T115/><D115/><U45/><E124/><V17/><F50/><W87/><G87/><T110/><D40/><U112/><E77/><V49/><F49/><W66/><G116/><T106/><D106/><U30/><E112/><V119/><F61/><W97/><G97/><T38/><D38/><U4/><E107/><V9/><F69/><N who="3" m="42199" /><G125/><T31/><D92/><U83/><E83/><N who="2" m="49215" /><F119/><W22/><G11/><AGARI ba="0,0" hai="7,9,11,13,14,17,73,74,120,121,123" m="49215" machi="11" ten="30,2000,0" yaku="13,1,54,1" doraHai="24" who="2" fromWho="3" sc="216,0,256,0,383,20,145,-20" /><INIT seed="4,0,0,5,1,41" ten="216,256,403,125" oya="0" hai0="8,102,9,114,28,33,53,3,100,77,110,129,68" hai1="93,50,79,11,62,104,83,72,106,56,85,66,44" hai2="120,7,76,49,64,25,101,103,23,127,48,58,27" hai3="69,88,65,47,131,89,61,108,125,29,17,119,95"/><T78/><D68/><U111/><E111/><V26/><F120/><W98/><G119/><T51/><D110/><U37/><E37/><V117/><F117/><W82/><G108/><T74/><D114/><U22/><E22/><V45/><F76/><W80/><G125/><T126/><D126/><U96/><E72/><V81/><F81/><W123/><G123/><T105/><D129/><U10/><E104/><V46/><F7/><W94/><G131/><T107/><D74/><U92/><E106/><V133/><F23/><W128/><G128/><T40/><D40/><U115/><E115/><V1/><F1/><W86/><G29/><T124/><D124/><U132/><E132/><V97/><F133/><W112/><G112/><T57/><D3/><U12/><E96/><V54/><F97/><W4/><G4/><T134/><D134/><U20/><E20/><V34/><F34/><W31/><G31/><T60/><D28/><U87/><E87/><V35/><F35/><W91/><G91/><T16/><D33/><U122/><E122/><V113/><F113/><W2/><G2/><T67/><D107/><U14/><E14/><V116/><F116/><W52/><G17/><T99/><D102/><U42/><E11/><V109/><F109/><W32/><REACH who="3" step="1"/><G32/><REACH who="3" step="2"/><T19/><D19/><AGARI ba="0,1" hai="10,12,19,42,44,50,56,62,66,79,83,85,92,93" machi="19" ten="30,3900,0" yaku="7,1,8,1,52,1" doraHai="41" who="1" fromWho="0" sc="216,-39,256,49,403,0,115,0" /><INIT seed="5,0,0,0,1,9" ten="177,305,403,115" oya="1" hai0="52,49,37,67,119,39,32,31,106,111,58,18,120" hai1="71,79,123,112,8,26,23,108,12,109,118,19,73" hai2="53,11,121,103,0,101,72,54,5,110,114,82,15" hai3="50,85,24,42,27,21,135,83,36,17,69,48,115"/><U61/><E73/><V34/><F34/><W86/><G115/><T44/><D106/><U29/><E79/><V65/><F121/><W133/><G69/><T2/><D120/><U56/><E71/><V1/><F110/><N who="1" m="42601" /><E123/><V55/><F65/><W43/><G36/><T60/><D119/><U57/><E118/><V92/><F114/><W78/><G85/><T87/><D111/><U33/><E112/><V70/><F70/><W97/><G97/><T130/><D130/><U102/><E102/><V76/><REACH who="2" step="1"/><F92/><REACH who="2" step="2"/><W98/><G98/><T124/><D32/><U77/><E77/><V35/><F35/><W113/><G113/><T122/><D122/><U128/><E128/><V3/><AGARI ba="0,1" hai="0,1,3,5,11,15,53,54,55,72,76,82,101,103" machi="3" ten="40,8000,1" yaku="1,1,0,1,52,1,53,1" doraHai="9" doraHaiUra="75" who="2" fromWho="2" sc="177,-20,305,-40,393,90,115,-20" /><INIT seed="6,0,0,2,5,125" ten="157,265,483,95" oya="2" hai0="110,129,64,133,62,113,82,99,68,31,69,54,60" hai1="32,33,37,124,26,81,24,91,67,40,77,92,22" hai2="71,10,105,18,56,123,122,53,131,70,118,126,35" hai3="84,85,107,52,17,78,132,111,51,55,73,90,43"/><V86/><F56/><W5/><G111/><T93/><D110/><U36/><E67/><V45/><F53/><W83/><G107/><T29/><D133/><U59/><E59/><V23/><F45/><W114/><G114/><T102/><D113/><U25/><E124/><V100/><F86/><W4/><G132/><T16/><D68/><U27/><N who="1" m="6656" /><DORA hai="128" /><U12/><E40/><V19/><F18/><W101/><G73/><T44/><D129/><U87/><E22/><V58/><F23/><W41/><G101/><T2/><D2/><U109/><E12/><V7/><F100/><W127/><G127/><T50/><D82/><U65/><E65/><V96/><F10/><W57/><G17/><T98/><D60/><U20/><E20/><V61/><F19/><W75/><G75/><T3/><D3/><U76/><E109/><V95/><F122/><W0/><G0/><T112/><D112/><U38/><REACH who="1" step="1"/><E81/><REACH who="1" step="2"/><V63/><F126/><W11/><G11/><T66/><D66/><U1/><E1/><V9/><F9/><W97/><G55/><T134/><D31/><U130/><E130/><V34/><F131/><W14/><G14/><T104/><D29/><U108/><E108/><V119/><F71/><W103/><G43/><T21/><D69/><U15/><E15/><V8/><F70/><W116/><G41/><T28/><D28/><U106/><E106/><V121/><F105/><N who="3" m="63727" /><G116/><T74/><D64/><U47/><E47/><V49/><F119/><W135/><G135/><T94/><D134/><U42/><E42/><V48/><F118/><W115/><G115/><RYUUKYOKU ba="0,1" sc="157,-15,255,15,483,-15,95,15" hai1="32,33,36,37,38,76,77,87,91,92" hai3="4,5,51,52,57,78,83,84,85,90" /><INIT seed="7,1,1,4,3,68" ten="142,270,468,110" oya="3" hai0="44,34,16,59,110,73,3,58,28,75,119,8,46" hai1="66,15,123,101,91,120,86,130,131,1,32,31,74" hai2="125,133,100,24,39,40,6,69,94,27,106,93,89" hai3="102,121,37,21,70,42,126,12,61,88,7,11,98"/><W82/><G121/><T96/><D119/><U76/><E1/><V92/><F69/><W51/><G126/><T60/><D110/><U129/><E66/><V50/><F125/><W104/><G37/><T23/><D34/><U5/><E31/><V114/><F39/><W132/><G132/><T109/><D109/><U118/><E32/><V2/><F106/><W13/><G70/><T18/><D28/><U77/><E15/><V19/><F100/><W57/><G42/><T47/><D59/><U9/><E9/><V41/><F6/><W0/><G51/><T78/><D78/><U36/><E5/><V64/><F2/><W54/><REACH who="3" step="1"/><G21/><REACH who="3" step="2"/><T115/><D23/><U72/><E36/><V4/><F50/><W112/><G112/><T25/><D115/><U113/><E113/><V52/><F41/><W22/><G22/><T35/><D35/><U67/><E118/><V128/><F40/><W49/><G49/><T83/><D60/><U29/><E120/><V71/><F114/><W48/><G48/><T80/><D3/><U117/><E123/><V116/><F71/><W111/><G111/><T45/><D75/><U56/><E117/><V30/><F133/><W124/><G124/><T53/><D73/><U10/><E72/><V55/><F116/><W122/><G122/><T127/><D127/><U14/><E74/><V87/><F30/><W43/><G43/><T20/><D20/><U97/><E29/><V17/><F27/><W99/><G99/><T62/><D96/><U63/><E97/><V135/><F24/><W79/><G79/><T95/><D25/><RYUUKYOKU ba="1,2" sc="142,-10,270,-10,468,-10,100,30" hai3="0,7,11,12,13,54,57,61,82,88,98,102,104" /><INIT seed="7,2,2,2,5,114" ten="132,260,458,130" oya="3" hai0="19,90,59,108,49,15,47,131,6,106,103,61,77" hai1="37,133,35,123,85,105,5,95,89,30,120,1,83" hai2="58,96,44,117,100,119,80,104,73,64,33,67,99" hai3="21,40,43,82,28,127,71,66,50,0,39,98,26"/><W11/><G127/><T34/><D34/><U118/><E37/><V122/><F33/><W102/><G39/><T14/><D108/><U18/><E30/><V109/><F109/><W132/><G132/><T129/><D77/><U86/><E5/><V12/><F67/><W27/><G71/><T22/><D106/><U72/><E1/><V32/><F32/><W63/><G82/><T41/><D103/><U52/><E35/><V87/><F73/><W76/><G76/><T48/><D90/><U128/><E18/><V121/><F44/><W75/><G75/><T2/><D2/><U97/><E52/><V23/><F23/><W56/><G50/><T20/><D49/><U68/><E68/><V36/><F12/><W130/><G130/><N who="0" m="49675" /><D6/><U51/><E51/><V107/><F58/><W101/><G101/><T29/><D29/><U4/><E4/><V92/><F64/><W45/><G45/><T134/><D134/><U46/><E46/><V53/><F107/><W88/><G88/><T60/><D59/><U54/><E54/><V42/><F53/><W94/><G27/><T113/><D113/><U93/><E128/><V24/><F24/><W111/><G111/><T116/><D116/><U25/><E25/><V13/><F13/><W10/><G0/><T81/><D81/><U57/><E57/><V125/><F42/><AGARI ba="2,2" hai="10,11,21,26,28,40,42,43,56,63,66,94,98,102" machi="42" ten="40,7700,0" yaku="25,2,8,1" doraHai="114" who="3" fromWho="2" sc="132,0,260,0,458,-83,130,103" /><INIT seed="7,3,0,2,0,121" ten="132,260,375,233" oya="3" hai0="0,122,21,135,116,110,81,9,77,111,88,134,43" hai1="73,69,20,23,83,82,68,41,78,100,2,37,58" hai2="64,54,75,87,128,118,14,94,71,104,133,126,35" hai3="26,45,4,3,13,132,49,76,5,129,125,61,38"/><W120/><G120/><T16/><D43/><U34/><E20/><V91/><F104/><W6/><G125/><T40/><D122/><U103/><E23/><V99/><F75/><W62/><G38/><T105/><D105/><U66/><E58/><V79/><F35/><W19/><G129/><T106/><D106/><U24/><E100/><V84/><F64/><W86/><G132/><N who="0" m="50731" /><D116/><U33/><E103/><V27/><F71/><W108/><G3/><T74/><D40/><U96/><E96/><V18/><F27/><W50/><G108/><N who="0" m="41515" /><D0/><U119/><E119/><V30/><F30/><W80/><G26/><N who="0" m="14631" /><D9/><U112/><E2/><V22/><F118/><W51/><G45/><T101/><D101/><U36/><E41/><V28/><F133/><W53/><G53/><T124/><D124/><U57/><E36/><V95/><F54/><W32/><G32/><T1/><D1/><U102/><E34/><V72/><F126/><W90/><G76/><T123/><D123/><U67/><E33/><V114/><F79/><W97/><G97/><T59/><D59/><U130/><E57/><V44/><F99/><W115/><G4/><T31/><D31/><U65/><E37/><V48/><F28/><W113/><G5/><T109/><N who="0" m="41523" /><T29/><DORA hai="60" /><D29/><U89/><E102/><V10/><F10/><W52/><G6/><T56/><D56/><U42/><E42/><V47/><F47/><W8/><G52/><T107/><D107/><U131/><E131/><V46/><F44/><W55/><G55/><T98/><D98/><U25/><E130/><V17/><F46/><RYUUKYOKU ba="3,0" sc="132,15,260,-15,375,-15,233,15" hai0="74,77,81,88" hai3="8,13,19,49,50,51,61,62,80,86,90,113,115" /><INIT seed="7,4,0,1,0,60" ten="147,245,360,248" oya="3" hai0="128,92,111,58,46,89,105,29,73,118,17,78,113" hai1="102,57,109,37,30,68,119,87,94,18,41,80,0" hai2="27,42,110,22,40,69,62,83,10,77,56,99,122" hai3="120,132,23,93,90,25,32,20,3,45,49,106,133"/><W86/><G106/><T130/><D105/><U123/><E123/><V101/><F69/><W5/><G120/><T24/><D111/><U54/><E68/><V61/><F61/><W19/><G32/><T13/><D118/><U129/><E109/><V11/><F40/><W44/><G3/><T115/><D73/><U59/><E0/><V12/><F42/><W79/><G5/><T97/><D78/><U52/><E129/><V75/><F12/><W65/><G65/><T84/><D46/><U50/><E30/><V95/><F122/><W70/><G70/><T71/><D71/><U116/><E41/><V9/><F9/><W112/><G112/><T82/><D29/><U91/><E37/><V35/><F35/><W125/><G125/><T66/><D24/><U14/><E102/><V114/><F114/><N who="0" m="43530" /><D13/><U39/><E39/><V26/><F26/><N who="3" m="14623" /><G49/><T7/><D7/><U100/><E100/><V127/><F127/><W134/><G79/><N who="0" m="46175" /><D17/><AGARI ba="4,0" hai="17,23,25,44,45,86,90,93,132,133,134" m="14623" machi="17" ten="30,1500,0" yaku="20,1" doraHai="60" who="3" fromWho="0" sc="147,-27,245,0,360,0,248,27" /><INIT seed="7,5,0,1,1,117" ten="120,245,360,275" oya="3" hai0="28,22,106,76,115,112,29,127,83,96,42,99,33" hai1="51,89,20,70,116,102,77,17,65,45,79,105,95" hai2="50,72,128,92,111,11,35,38,52,104,133,56,120" hai3="25,109,5,113,31,100,110,2,85,19,40,82,13"/><W48/><G100/><N who="0" m="62727" /><D33/><U36/><E36/><V122/><F104/><W34/><G40/><T55/><D42/><U124/><E124/><V69/><F69/><W41/><G41/><T47/><D47/><U107/><E116/><V7/><F38/><W135/><G48/><T16/><D55/><U125/><E125/><V87/><F35/><W1/><G85/><N who="0" m="48359" /><D127/><U93/><E65/><V8/><F72/><W61/><G82/><T4/><D4/><U60/><E60/><V73/><F73/><W74/><G74/><T91/><D29/><U67/><E67/><V121/><F111/><N who="3" m="42507" /><G61/><T46/><D28/><U32/><E70/><V62/><F133/><W131/><G135/><T53/><D53/><U12/><E32/><V129/><F62/><W30/><G131/><N who="2" m="50249" /><F7/><W123/><G113/><N who="0" m="43595" /><D46/><U134/><E45/><V24/><F24/><N who="3" m="18759" /><G5/><T23/><D23/><U114/><E114/><V6/><F6/><W49/><G49/><T103/><D22/><U80/><E51/><V86/><F50/><W18/><G13/><T66/><D66/><U78/><E12/><V98/><F52/><W9/><G9/><N who="2" m="3657" /><F56/><W54/><G54/><T84/><D16/><U3/><E17/><V126/><F126/><W26/><G19/><T63/><D63/><U57/><E57/><V97/><F97/><W101/><G18/><T21/><D21/><U108/><E20/><V44/><F44/><W15/><G2/><T90/><D84/><N who="1" m="50311" /><E3/><V39/><F39/><W59/><G1/><T58/><D58/><U43/><E43/><V64/><F64/><W75/><G15/><T37/><D37/><RYUUKYOKU ba="5,0" sc="120,15,245,-15,360,15,275,-15" hai0="90,91,99,103" hai2="86,87,92,98,120,121,122" owari="135,-36,230,-17,375,47,260,6" /></mjloggm>