<mjloggm ver="2.3"><GO type="97"/><UN n0="%E5%8C%97%E9%83%BD%E5%8D%97" n1="%E4%B8%80%E6%96%87%E5%AD%97%E9%9A%BC%E4%BA%BA" n2="%E3%83%9D%E3%83%B3%E3%82%B3%E3%83%84%E7%8E%8B%E5%AD%90" n3="%E3%82%A6%E3%83%AB%E3%83%88%E3%83%A9%E7%AB%8B%E7%9B%B4" dan="13,15,15,13" rate="1872,1966,1981,1822" sx="F,M,M,M"/><TAIKYOKU oya="0"/><INIT seed="0,0,0,4,4,129" ten="250,250,250,250" oya="0" hai0="6,18,95,21,26,16,10,68,60,9,14,36,58" hai1="132,91,32,11,73,22,96,34,104,75,67,59,88" hai2="79,53,13,103,111,43,46,115,72,105,50,7,107" hai3="122,33,108,116,28,126,40,15,90,81,41,38,133"/><T55/><D36/><U35/><E132/><V71/><F115/><W106/><G15/><T74/><D74/><U61/><E11/><V5/><F71/><W29/><G90/><T112/><D112/><U31/><E104/><V27/><F111/><W63/><G81/><T39/><D39/><U85/><E96/><V102/><F107/><W84/><G84/><T98/><D68/><U51/><E51/><V117/><F117/><W12/><G63/><T83/><D83/><U56/><E56/><V113/><F113/><W17/><G12/><T130/><D130/><U110/><E110/><V123/><F123/><W44/><G17/><T80/><D80/><U37/><E37/><V131/><F72/><W65/><G41/><T120/><D120/><U124/><E124/><V99/><F79/><W100/><G29/><T52/><D55/><U8/><E8/><V78/><F78/><W54/><G54/><T2/><D2/><U134/><E134/><V62/><F131/><W76/><G76/><T24/><D10/><U23/><E91/><V101/><F27/><N who="3" m="18591" /><G122/><T77/><D77/><U94/><REACH who="1" step="1"/><E23/><REACH who="1" step="2"/><V93/><F105/><W20/><G20/><N who="0" m="13319" /><D98/><U19/><E19/><V4/><F13/><W66/><G108/><T135/><D135/><U57/><E57/><AGARI ba="0,1" hai="4,5,7,43,46,50,53,57,62,93,99,101,102,103" machi="57" ten="40,1300,0" yaku="8,1" doraHai="129" who="2" fromWho="1" sc="250,0,240,-13,250,23,250,0" /><INIT seed="1,0,0,5,0,108" ten="250,227,273,250" oya="1" hai0="36,64,48,22,26,61,69,33,39,125,66,82,116" hai1="14,35,15,10,24,119,126,130,103,71,127,63,52" hai2="109,115,100,96,62,97,122,86,76,121,131,18,120" hai3="65,2,3,25,93,50,20,99,31,117,9,56,132"/><U5/><E119/><V51/><F62/><W134/><G117/><T67/><D116/><U85/><E103/><V128/><F51/><W11/><G3/><T53/><D33/><U124/><E130/><N who="2" m="49707" /><F18/><W112/><G50/><T110/><D110/><U135/><E135/><N who="3" m="51754" /><G2/><T68/><D82/><U114/><E114/><V29/><F29/><W55/><G55/><T43/><D125/><U73/><E73/><V4/><F4/><W54/><G54/><T84/><D84/><U49/><E85/><V7/><F7/><W45/><G45/><N who="0" m="25663" /><D22/><U30/><E63/><V87/><F109/><W78/><G78/><T94/><D94/><U38/><E38/><N who="0" m="14377" /><D26/><U104/><E104/><N who="2" m="63495" /><F115/><W21/><G21/><T72/><D72/><U13/><REACH who="1" step="1"/><E71/><REACH who="1" step="2"/><N who="0" m="27209" /><D53/><U105/><E105/><V6/><F76/><W107/><G107/><T41/><D41/><U34/><E34/><V90/><F6/><W74/><G74/><T101/><D101/><U118/><E118/><V28/><F86/><W83/><G112/><T32/><D32/><U16/><E16/><V92/><F87/><W113/><G113/><T12/><D12/><U27/><E27/><V129/><F129/><W46/><G25/><T37/><D37/><U111/><E111/><V8/><F28/><W106/><G31/><T75/><D75/><U40/><E40/><V70/><F70/><AGARI ba="0,1" hai="61,64,66,67,70" m="27209,14377,25663" machi="70" ten="30,8000,1" yaku="35,5" doraHai="108" who="0" fromWho="2" sc="250,90,217,0,273,-80,250,0" /><INIT seed="2,0,0,2,5,15" ten="340,217,193,250" oya="2" hai0="119,91,43,77,60,98,64,129,83,16,61,32,56" hai1="105,111,0,101,82,86,130,54,7,10,38,108,126" hai2="85,93,71,87,20,65,48,106,25,100,122,37,5" hai3="132,23,94,121,104,40,8,35,92,57,24,9,134"/><V31/><F37/><W102/><G35/><T22/><D32/><U28/><E38/><V68/><F122/><W6/><G104/><T74/><D129/><U69/><E69/><V124/><F124/><W123/><G40/><T99/><D119/><U70/><E70/><V30/><F5/><W34/><G57/><T107/><D43/><U120/><E120/><N who="3" m="46154" /><G102/><T113/><D113/><U131/><E28/><V53/><F68/><W112/><G34/><T116/><D116/><U118/><E118/><V49/><F106/><W4/><G94/><T44/><D44/><U80/><E54/><V88/><F49/><W29/><G92/><T12/><D107/><U2/><E126/><V72/><F72/><W125/><G125/><T103/><D103/><U50/><E50/><V58/><F100/><W97/><G97/><T13/><D91/><U39/><E39/><V115/><F115/><W95/><G95/><T42/><D42/><U96/><E2/><V3/><F3/><N who="3" m="31" /><G112/><T26/><D61/><U17/><E17/><N who="2" m="12431" /><F71/><W114/><G114/><T18/><D26/><U36/><E36/><V1/><F1/><AGARI ba="0,0" hai="1,6,9,23,24,29,132,134" m="31,46154" machi="1" ten="30,2000,0" yaku="34,2" doraHai="15" who="3" fromWho="2" sc="340,0,217,0,193,-20,250,20" /><INIT seed="3,0,0,4,1,23" ten="340,217,173,270" oya="3" hai0="129,8,71,118,25,10,68,36,37,110,65,28,22" hai1="112,86,103,49,62,66,99,107,1,59,115,95,82" hai2="19,14,26,40,50,80,2,97,121,30,92,57,124" hai3="94,89,42,114,18,47,108,111,63,39,77,113,31"/><W120/><G77/><T69/><D118/><U54/><E1/><V125/><F2/><W44/><G18/><T64/><D129/><U119/><E107/><V106/><F106/><W101/><G101/><T100/><D110/><N who="3" m="42025" /><G89/><T128/><D128/><U73/><E73/><V122/><F80/><W17/><G94/><T5/><D100/><U56/><REACH who="1" step="1"/><E119/><REACH who="1" step="2"/><V131/><F131/><W116/><G116/><T52/><D68/><U93/><E93/><V96/><F40/><N who="3" m="22559" /><G17/><T16/><D16/><U84/><E84/><V51/><F92/><W35/><G120/><N who="2" m="46185" /><F96/><W79/><G79/><AGARI ba="0,1" hai="49,54,56,59,62,66,79,82,86,95,99,103,112,115" machi="79" ten="30,3900,0" yaku="1,1,7,1,53,1" doraHai="23" doraHaiUra="88" who="1" fromWho="3" sc="340,0,207,49,173,0,270,-39" owari="340,34,256,1,173,-23,231,-12" /></mjloggm>