<mjloggm ver="2.3"><GO type="97"/><UN n0="%E8%8C%82%E5%8E%9F%E6%9C%80%E5%BC%B7" n1="%E3%82%A6%E3%83%AB%E3%83%88%E3%83%A9%E7%AB%8B%E7%9B%B4" n2="%E5%A4%A9%E3%82%93" n3="%E5%85%88%E2%99%80%E7%94%9F" dan="14,13,13,15" rate="1928,1822,1903,2022" sx="M,M,M,F"/><TAIKYOKU oya="0"/><INIT seed="0,0,0,4,2,37" ten="250,250,250,250" oya="0" hai0="111,94,55,51,20,78,30,21,71,98,76,58,109" hai1="114,38,17,126,91,118,2,112,41,44,23,102,120" hai2="66,61,54,96,124,115,6,133,29,46,57,113,8" hai3="79,100,85,25,69,49,1,34,13,3,106,81,64"/><T82/><D71/><U5/><E120/><V9/><F124/><W56/><G13/><T92/><D92/><U99/><E91/><V7/><F133/><W4/><G4/><T59/><D59/><U42/><E126/><V62/><F29/><N who="3" m="19759" /><G49/><T67/><D67/><U19/><E19/><V97/><F46/><W107/><G56/><T50/><D50/><U89/><E89/><V40/><F40/><N who="1" m="15465" /><E44/><V132/><F132/><W86/><G85/><T103/><D76/><U123/><E5/><V117/><F117/><W135/><G135/><T35/><D35/><U105/><E2/><V75/><F75/><N who="3" m="43263" /><G107/><T83/><D83/><U11/><E11/><V87/><F87/><W130/><G86/><T70/><D70/><U27/><E123/><V10/><F115/><N who="1" m="44073" /><E118/><V0/><F113/><W63/><G130/><T77/><D77/><U122/><E122/><V33/><F33/><W14/><G14/><T52/><D55/><U93/><E38/><V39/><F39/><W48/><G48/><T28/><D28/><U119/><E119/><V47/><F47/><W68/><G68/><T45/><D45/><U110/><E110/><N who="0" m="41993" /><D30/><U128/><E128/><V32/><F32/><W101/><G101/><T36/><D36/><U60/><E60/><V127/><F127/><W22/><G22/><T18/><D18/><U53/><E53/><V131/><F131/><W80/><G80/><T15/><D15/><U125/><E125/><V12/><REACH who="2" step="1"/><F9/><REACH who="2" step="2"/><W95/><G106/><AGARI ba="0,1" hai="17,23,27,93,99,102,105,106" m="44073,15465" machi="106" ten="30,7700,0" yaku="11,1,52,3" doraHai="37" who="1" fromWho="3" sc="250,0,250,87,240,0,250,-77" /><INIT seed="1,0,0,2,4,94" ten="250,337,240,173" oya="1" hai0="82,12,119,106,84,110,35,49,75,115,95,56,16" hai1="28,111,92,25,27,69,58,15,72,127,80,83,67" hai2="8,117,0,52,105,97,107,61,131,30,13,57,17" hai3="54,130,50,22,121,123,5,10,1,78,133,101,134"/><U45/><E69/><V33/><F117/><W99/><G78/><T102/><D119/><U44/><E72/><V120/><F120/><W70/><G70/><T41/><D115/><U2/><E2/><V125/><F125/><W87/><G87/><T38/><D38/><U62/><E127/><V79/><F131/><W43/><G43/><T90/><D35/><U93/><E15/><V19/><F79/><W18/><G130/><T65/><D65/><U23/><E27/><V126/><F126/><W116/><G116/><T51/><D110/><U71/><E71/><V11/><F33/><W74/><G74/><T118/><D118/><U76/><E76/><V32/><F32/><W85/><G85/><T31/><D31/><U64/><E64/><V114/><F114/><W26/><G50/><T40/><D75/><U48/><E45/><V55/><F30/><W63/><G54/><T89/><D102/><U81/><REACH who="1" step="1"/><E111/><REACH who="1" step="2"/><V46/><F0/><W122/><REACH who="3" step="1"/><G63/><REACH who="3" step="2"/><T77/><D77/><U60/><E60/><V104/><F61/><W6/><G6/><T66/><D66/><U4/><E4/><V73/><F73/><W135/><G135/><T86/><D51/><U59/><E59/><V42/><F57/><W124/><G124/><T34/><D49/><U53/><AGARI ba="0,2" hai="23,25,28,44,48,53,58,62,67,80,81,83,92,93" machi="53" ten="30,11700,0" yaku="1,1,0,1,8,1,53,1" doraHai="94" doraHaiUra="24" who="1" fromWho="1" sc="250,-39,327,137,240,-39,163,-39" /><INIT seed="1,1,0,0,2,100" ten="211,464,201,124" oya="1" hai0="68,40,50,21,37,60,92,17,117,12,62,58,45" hai1="126,82,89,115,59,35,104,9,108,72,48,27,98" hai2="114,2,132,71,70,116,0,86,69,29,33,110,10" hai3="7,125,38,39,94,25,135,43,3,131,113,105,101"/><U121/><E121/><V129/><F116/><W85/><G113/><T1/><D1/><U19/><E115/><V122/><F122/><W46/><G125/><T42/><D117/><U106/><E126/><V102/><F114/><W61/><G131/><T84/><D42/><U11/><E35/><V118/><F118/><W107/><G135/><T95/><D68/><U14/><E27/><V24/><F132/><W97/><G39/><T130/><D130/><U53/><E108/><V22/><F129/><W31/><G61/><T47/><D84/><U36/><E36/><V5/><F110/><W20/><REACH who="3" step="1"/><G85/><REACH who="3" step="2"/><T30/><D60/><U103/><E72/><V52/><F86/><W80/><G80/><T23/><D62/><U93/><E82/><V66/><F71/><W67/><G67/><T74/><D74/><U112/><E112/><V56/><F66/><W44/><G44/><T87/><D47/><U96/><E9/><AGARI ba="1,1" hai="3,7,9,20,25,31,38,43,46,94,97,101,105,107" machi="9" ten="40,5200,0" yaku="1,1,52,2,53,0" doraHai="100" doraHaiUra="55" who="3" fromWho="1" sc="211,0,464,-55,201,0,114,65" /><INIT seed="2,0,0,2,2,103" ten="211,409,201,179" oya="2" hai0="5,76,124,26,22,38,58,95,130,131,14,9,111" hai1="87,61,122,101,135,28,112,80,96,77,129,78,46" hai2="23,17,67,47,43,98,11,6,79,128,8,115,54" hai3="56,18,68,118,29,40,134,16,116,107,69,81,102"/><V37/><F115/><W53/><G134/><T88/><D38/><U120/><E129/><N who="0" m="49161" /><D76/><N who="1" m="46471" /><E135/><V19/><F128/><W91/><G118/><T71/><D71/><U52/><E28/><V31/><F67/><W12/><G116/><T82/><D82/><U70/><E70/><V59/><F79/><W104/><G102/><T106/><D124/><U99/><E99/><V65/><F65/><W49/><G69/><T75/><D75/><U30/><E30/><V41/><F41/><W126/><G68/><T60/><D111/><U42/><E42/><V93/><F31/><W86/><G126/><T35/><D35/><U48/><E61/><V27/><F17/><W64/><G64/><T39/><D39/><U44/><E44/><V34/><F34/><W55/><G40/><T36/><D36/><U121/><E112/><V83/><F83/><W50/><G29/><T108/><D108/><U90/><E90/><V10/><F6/><W105/><REACH who="3" step="1"/><G12/><REACH who="3" step="2"/><T45/><D14/><U0/><E0/><V33/><F33/><W4/><G4/><T3/><D5/><U133/><E133/><V7/><F7/><W32/><G32/><T1/><D3/><U92/><AGARI ba="0,1" hai="46,48,52,77,78,92,96,101,120,121,122" m="46471" machi="92" ten="30,2000,0" yaku="13,1,54,1" doraHai="103" who="1" fromWho="1" sc="211,-5,409,30,201,-10,169,-5" /><INIT seed="3,0,0,4,3,80" ten="206,439,191,164" oya="3" hai0="74,54,51,25,22,15,79,65,62,37,83,70,81" hai1="111,125,115,93,110,99,101,50,35,18,10,75,38" hai2="26,119,39,116,0,86,33,89,52,121,134,78,131" hai3="64,29,8,67,4,112,124,48,43,60,98,9,88"/><W103/><G112/><T118/><D118/><U14/><E38/><V120/><F39/><W126/><G29/><T92/><D37/><U58/><E75/><V113/><F113/><W123/><G123/><N who="2" m="47177" /><F0/><W77/><G77/><T106/><D106/><U19/><E125/><N who="3" m="48234" /><G9/><T95/><D15/><U68/><E68/><V100/><F131/><W5/><G5/><T132/><D83/><U94/><E115/><V36/><F36/><W28/><G28/><T102/><D102/><U117/><E117/><N who="2" m="45131" /><F134/><W42/><G64/><T122/><D132/><U31/><E31/><N who="2" m="19703" /><F78/><W1/><G48/><T61/><D61/><U45/><E35/><V66/><F66/><W21/><G21/><T41/><D41/><U47/><E19/><V108/><F108/><N who="1" m="41513" /><E94/><N who="2" m="54583" /><F100/><W20/><G20/><T17/><D122/><U87/><E87/><V3/><F3/><W76/><G76/><T27/><D27/><U105/><E105/><V127/><F127/><W85/><G103/><T97/><D97/><U129/><E129/><V16/><F16/><W46/><G98/><T53/><D53/><AGARI ba="0,0" hai="10,14,18,45,47,50,53,58,93,99,101" m="41513" machi="53" ten="30,1000,0" yaku="14,1" doraHai="80" who="1" fromWho="0" sc="206,-10,439,10,191,0,164,0" /><AGARI ba="0,0" hai="52,53" m="54583,19703,45131,47177" machi="53" ten="30,3900,0" yaku="13,1,52,1,54,1" doraHai="80" who="2" fromWho="0" sc="196,-39,449,0,191,39,164,0" owari="157,-24,449,45,230,-2,164,-19" /></mjloggm>