<mjloggm ver="2.3"><GO type="41"/><UN n0="%E5%A4%A7%E8%B0%B7%E9%9B%85%E6%81%B5" n1="%E6%A1%83%E3%81%A1%E3%82%83%E3%82%93" n2="%72%65%6E%6F%6D%61" n3="%E3%82%A6%E3%83%AB%E3%83%88%E3%83%A9%E7%AB%8B%E7%9B%B4" dan="14,13,13,15" rate="1938,1838,1851,1991" sx="F,M,M,M"/><TAIKYOKU oya="0"/><INIT seed="0,0,0,0,2,18" ten="250,250,250,250" oya="0" hai0="121,95,79,9,70,44,61,103,22,129,93,54,77" hai1="130,45,35,37,67,135,86,5,66,34,94,105,33" hai2="110,2,127,82,23,114,63,112,47,104,133,92,15" hai3="20,8,117,116,38,123,17,55,109,122,19,49,107"/><T106/><D121/><N who="3" m="46089" /><G107/><T42/><D129/><U64/><E105/><V56/><F104/><W51/><G38/><T111/><D111/><U10/><E130/><V74/><F110/><W12/><G109/><T69/><D9/><U71/><E135/><V36/><F133/><W108/><G108/><T119/><D119/><N who="3" m="45641" /><G55/><T21/><D106/><U131/><E131/><V97/><F47/><W28/><G28/><T128/><D128/><U24/><E24/><AGARI ba="0,0" hai="8,12,17,19,20,24,49,51" m="45641,46089" machi="24" ten="30,2000,0" yaku="13,1,52,1" doraHai="18" who="3" fromWho="1" sc="250,0,250,-20,250,0,250,20" /><INIT seed="1,0,0,1,2,41" ten="250,230,250,270" oya="1" hai0="72,12,21,126,22,107,66,52,119,92,60,118,57" hai1="43,116,129,113,38,85,114,5,90,108,89,55,42" hai2="94,50,59,19,3,75,44,46,78,53,11,95,80" hai3="17,67,101,0,122,63,76,58,125,104,7,81,23"/><U69/><E116/><V29/><F29/><W130/><G122/><T83/><D107/><U86/><E69/><V18/><F18/><W20/><G125/><T56/><D126/><U79/><E79/><V115/><F115/><W74/><G130/><T33/><D33/><U65/><E65/><V45/><REACH who="2" step="1"/><F19/><REACH who="2" step="2"/><W49/><G7/><AGARI ba="0,1" hai="3,7,11,44,45,46,50,53,59,75,78,80,94,95" machi="7" ten="40,8000,1" yaku="1,1,2,1,52,3,53,0" doraHai="41" doraHaiUra="99" who="2" fromWho="3" sc="250,0,230,0,240,90,270,-80" /><INIT seed="2,0,0,4,1,57" ten="250,230,330,190" oya="2" hai0="88,131,26,20,58,36,8,72,30,76,32,112,45" hai1="61,2,122,110,25,127,104,51,43,95,69,89,66" hai2="38,24,107,10,34,78,50,3,124,116,126,46,123" hai3="97,40,103,60,4,63,73,121,52,98,77,91,42"/><V56/><F107/><W22/><G121/><T128/><D112/><U86/><E104/><V74/><F123/><W1/><G1/><T6/><D72/><U125/><E122/><V129/><F116/><W96/><G73/><T23/><D76/><U92/><E2/><V68/><F68/><W5/><G77/><T29/><D58/><U15/><E110/><V67/><F78/><W37/><G37/><T19/><D45/><N who="1" m="26047" /><E15/><V102/><F102/><W39/><G39/><T118/><D36/><U113/><E113/><V11/><F74/><W80/><G103/><T133/><D88/><U75/><E75/><V79/><F79/><W21/><G91/><T111/><D111/><U87/><E25/><V35/><F3/><W27/><G80/><T82/><D82/><N who="1" m="49367" /><E87/><V9/><F38/><W90/><G90/><T64/><D64/><U93/><E69/><V108/><F24/><W16/><G22/><N who="0" m="13663" /><D118/><U55/><E66/><V48/><F108/><W84/><G84/><T44/><D44/><U70/><E70/><V18/><F46/><W28/><G28/><N who="0" m="10859" /><D32/><U14/><E14/><V53/><F35/><W83/><G83/><T100/><D100/><U31/><E31/><V114/><F34/><W99/><N who="3" m="25088" /><DORA hai="117" /><W119/><G119/><T41/><D41/><N who="3" m="15977" /><G52/><T12/><D133/><U101/><E55/><V54/><F53/><W17/><G17/><T130/><AGARI ba="0,0" hai="6,8,12,20,23,128,130,131" m="10859,13663" machi="130" ten="40,5200,0" yaku="19,1,34,2" doraHai="57,117" who="0" fromWho="0" sc="250,52,230,-13,330,-26,190,-13" /><INIT seed="3,0,0,0,3,125" ten="302,217,304,177" oya="3" hai0="89,45,110,83,7,14,112,102,53,91,40,65,61" hai1="132,72,100,68,123,2,135,1,15,131,70,113,50" hai2="3,54,66,97,52,126,98,5,86,82,24,56,134" hai3="18,58,63,47,51,8,4,128,25,87,111,46,74"/><W0/><G74/><T93/><D112/><U85/><E72/><V36/><F36/><W42/><G111/><T32/><D32/><U49/><E123/><V21/><F126/><W76/><G47/><T94/><D110/><U133/><E113/><V57/><F66/><W75/><G75/><T101/><D83/><U33/><E33/><V73/><F73/><W11/><G128/><T107/><D107/><U104/><E131/><V10/><F56/><W122/><G122/><T118/><D118/><U130/><E130/><V95/><F54/><W64/><G0/><N who="1" m="106" /><E15/><V121/><F95/><W62/><G4/><T28/><D28/><U67/><E85/><V6/><F6/><W19/><G62/><T38/><D53/><U81/><E81/><V59/><F59/><W48/><G48/><N who="1" m="18538" /><E67/><V79/><F121/><W43/><G43/><T99/><D14/><U23/><E23/><V80/><F80/><N who="3" m="47495" /><G25/><T88/><D7/><U90/><E90/><V78/><F78/><W30/><G30/><T114/><D114/><U39/><E39/><V69/><F52/><W44/><G44/><T129/><D129/><U29/><E29/><V12/><F12/><W34/><G34/><T116/><D116/><U77/><E77/><V124/><F3/><W96/><G96/><AGARI ba="0,0" hai="68,70,96,100,104,132,133,135" m="18538,106" machi="96" ten="40,1300,0" yaku="20,1" doraHai="125" who="1" fromWho="3" sc="302,0,217,13,304,0,177,-13" /><INIT seed="4,0,0,2,2,44" ten="302,230,304,164" oya="0" hai0="15,89,4,19,2,49,103,40,91,100,39,64,128" hai1="8,83,133,3,20,67,124,58,18,12,31,78,45" hai2="106,109,43,46,134,131,48,56,115,72,51,17,111" hai3="50,85,16,34,35,25,79,82,22,135,11,102,90"/><T77/><D128/><U76/><E133/><V52/><F106/><W23/><G135/><T13/><D39/><U122/><E122/><V75/><F134/><W99/><G11/><N who="0" m="4327" /><D2/><U0/><E124/><V93/><F131/><W118/><G118/><T96/><D77/><U70/><E70/><V42/><F115/><W27/><G79/><T21/><D64/><U32/><E32/><V105/><F105/><W37/><G37/><T29/><D29/><U86/><E78/><V127/><F43/><W47/><G99/><T121/><D121/><U14/><E45/><V95/><F17/><W107/><G102/><N who="0" m="38955" /><D96/><U110/><E110/><V92/><REACH who="2" step="1"/><F127/><REACH who="2" step="2"/><W73/><G107/><T94/><D94/><U26/><E31/><V132/><F132/><W98/><G73/><AGARI ba="0,1" hai="42,46,48,51,52,56,72,73,75,92,93,95,109,111" machi="73" ten="40,8000,1" yaku="1,1,52,2,54,1,53,0" doraHai="44" doraHaiUra="84" who="2" fromWho="3" sc="302,0,230,0,294,90,164,-80" /><INIT seed="5,0,0,5,1,129" ten="302,230,384,84" oya="1" hai0="54,45,74,83,29,126,71,105,113,8,128,22,132" hai1="43,118,88,97,104,72,24,114,55,115,57,94,90" hai2="36,78,51,42,28,56,59,107,99,76,38,16,0" hai3="40,47,84,91,63,96,67,65,122,9,52,32,95"/><U53/><E118/><V35/><F0/><W58/><G122/><T66/><D105/><U11/><E72/><V33/><F28/><W101/><G32/><T131/><D113/><N who="1" m="43019" /><E43/><V110/><F42/><W39/><REACH who="3" step="1"/><G9/><REACH who="3" step="2"/><T20/><D131/><U116/><E116/><V5/><F35/><W125/><G125/><T31/><D128/><U13/><E24/><V81/><F33/><W89/><G89/><N who="1" m="34410" /><E104/><AGARI ba="0,1" hai="39,40,47,52,58,63,65,67,84,91,95,96,101,104" machi="104" ten="30,3900,0" yaku="1,1,7,1,54,1,53,0" doraHai="129" doraHaiUra="77" who="3" fromWho="1" sc="302,0,230,-39,384,0,74,49" /><INIT seed="6,0,0,5,0,84" ten="302,191,384,123" oya="2" hai0="101,113,72,99,132,9,70,83,134,64,118,80,96" hai1="44,52,122,14,61,123,3,115,40,62,105,38,77" hai2="41,125,26,12,82,55,7,8,87,119,114,117,116" hai3="17,10,91,66,135,21,36,75,69,130,93,106,53"/><V68/><F68/><W95/><G106/><T28/><D28/><U50/><E3/><V11/><F26/><W109/><G75/><T18/><D18/><U65/><E105/><V76/><F125/><W100/><G109/><T103/><D64/><U39/><E77/><V89/><F41/><W45/><G130/><T57/><D57/><N who="1" m="34983" /><E14/><V63/><F8/><W31/><G135/><N who="0" m="51755" /><D70/><N who="1" m="42295" /><E115/><V20/><F20/><W30/><G66/><T86/><D9/><U2/><E2/><V112/><F63/><W67/><G69/><T0/><D0/><U47/><E47/><V104/><F55/><W1/><G67/><T97/><D113/><N who="2" m="43626" /><F104/><W33/><G33/><T43/><D43/><U4/><E4/><V110/><F110/><W131/><G131/><T78/><D118/><U23/><E23/><V56/><F56/><W111/><G111/><T74/><D72/><U24/><E24/><V60/><F60/><W37/><G10/><T13/><D13/><U34/><E34/><V5/><F5/><W25/><G1/><T15/><D15/><U98/><E98/><N who="0" m="25089" /><T35/><DORA hai="102" /><D35/><U120/><AGARI ba="0,0" hai="38,39,40,44,50,120,122,123" m="42295,34983" machi="120" ten="30,7900,0" yaku="13,1,34,2,54,1" doraHai="84,102" who="1" fromWho="1" sc="302,-20,191,79,384,-39,123,-20" /><INIT seed="7,0,0,0,0,125" ten="282,270,345,103" oya="3" hai0="133,7,58,45,102,53,65,57,119,52,31,69,132" hai1="81,64,9,6,40,24,66,104,25,117,109,97,13" hai2="54,20,38,36,30,122,99,1,121,44,91,103,108" hai3="98,106,19,95,37,105,0,120,73,76,10,82,21"/><W96/><G120/><N who="2" m="46185" /><F1/><W18/><G37/><N who="2" m="14441" /><F108/><W22/><G0/><T128/><D102/><U68/><E109/><V86/><F54/><N who="0" m="21098" /><D31/><U32/><E117/><V39/><F44/><W26/><G10/><T63/><D7/><U131/><E131/><V112/><F39/><W15/><REACH who="3" step="1"/><G98/><REACH who="3" step="2"/><T126/><D119/><U100/><E40/><V110/><F110/><W130/><G130/><T113/><D113/><U101/><E97/><V28/><F112/><W74/><G74/><T4/><D128/><U70/><E9/><V43/><F20/><W88/><AGARI ba="0,1" hai="15,18,19,21,22,26,73,76,82,88,95,96,105,106" machi="88" ten="20,7800,0" yaku="1,1,0,1,7,1,54,1,53,0" doraHai="125" doraHaiUra="60" who="3" fromWho="3" sc="282,-26,270,-26,345,-26,93,88" /><INIT seed="7,1,0,0,5,135" ten="256,244,319,181" oya="3" hai0="72,17,99,77,62,34,43,18,15,3,122,51,76" hai1="83,9,116,133,125,90,19,44,79,101,38,121,14" hai2="8,75,117,42,127,31,81,129,60,2,39,91,37" hai3="87,61,33,120,67,0,68,131,55,88,35,56,36"/><W16/><G120/><T124/><D122/><U84/><E121/><V54/><F117/><W107/><G107/><T74/><D124/><U25/><E116/><V65/><F127/><W70/><G0/><T119/><D119/><U49/><E125/><V93/><F31/><W130/><G36/><T40/><D34/><U89/><E133/><V30/><F30/><W45/><G45/><T6/><D3/><U94/><E38/><V78/><F54/><W26/><G35/><T118/><D118/><U103/><E25/><V66/><F129/><N who="3" m="49163" /><G33/><T24/><D74/><U4/><E4/><N who="2" m="1047" /><F60/><W95/><G67/><T112/><D72/><U98/><REACH who="1" step="1"/><E103/><REACH who="1" step="2"/><V111/><F37/><W114/><G114/><T132/><D112/><U104/><E104/><V80/><F111/><W20/><AGARI ba="1,1" hai="16,20,26,55,56,61,68,70,87,88,95" m="49163" machi="20" ten="30,6000,0" yaku="19,1,54,2" doraHai="135" who="3" fromWho="3" sc="256,-21,234,-21,319,-21,181,73" /><INIT seed="7,2,0,0,4,50" ten="235,213,298,254" oya="3" hai0="23,108,30,25,111,129,38,116,56,115,84,35,17" hai1="4,79,113,68,102,104,3,107,60,70,49,86,110" hai2="57,24,117,22,34,0,82,8,15,121,26,42,47" hai3="101,126,134,36,52,135,87,78,46,131,98,75,10"/><W99/><G75/><T59/><D38/><U73/><E110/><V76/><F117/><W66/><G66/><T77/><D116/><U125/><E113/><V40/><F0/><W20/><G10/><T61/><D129/><U72/><E125/><V95/><F34/><W43/><G126/><T11/><D115/><U58/><E102/><V16/><F121/><W55/><G20/><T53/><D11/><U32/><E32/><V105/><F105/><N who="3" m="63671" /><G99/><T14/><REACH who="0" step="1"/><D59/><REACH who="0" step="2"/><U69/><E58/><V81/><F57/><W100/><G131/><T92/><D92/><U94/><E94/><V18/><F95/><W132/><G100/><T48/><D48/><U1/><E49/><N who="2" m="26855" /><F42/><W27/><G27/><N who="2" m="10281" /><F76/><W54/><G36/><T128/><D128/><U114/><E79/><V80/><F80/><AGARI ba="2,1" hai="14,17,23,25,30,35,53,56,61,77,80,84,108,111" machi="80" ten="40,5200,0" yaku="1,1,52,1,53,1" doraHai="50" doraHaiUra="74" who="0" fromWho="2" sc="225,68,213,0,298,-58,254,0" /><INIT seed="8,0,0,3,1,86" ten="293,213,240,254" oya="0" hai0="82,27,31,10,73,133,87,113,116,93,108,18,52" hai1="135,123,13,103,81,1,34,122,71,70,4,42,63" hai2="22,110,94,6,59,55,90,2,106,131,79,72,33" hai3="98,48,44,57,39,75,30,35,132,130,26,78,62"/><T121/><D116/><U58/><E34/><V92/><F106/><W127/><G39/><T99/><D113/><U41/><E1/><V19/><F33/><W23/><G127/><T112/><D112/><U21/><E135/><V25/><F110/><W120/><G132/><T45/><D121/><U91/><E103/><V15/><F131/><W29/><G130/><T66/><D133/><U119/><E119/><V46/><F46/><W126/><G126/><T96/><D108/><U76/><E91/><V100/><F94/><W68/><G68/><T80/><D73/><U60/><E60/><V20/><F100/><W114/><G114/><T129/><D129/><U104/><E104/><V88/><F2/><W16/><G120/><N who="1" m="46122" /><E42/><V36/><F92/><W95/><G78/><N who="0" m="46487" /><D66/><N who="1" m="39287" /><E41/><V3/><F36/><W77/><G77/><T17/><D82/><U101/><E101/><V28/><F6/><W85/><G85/><T89/><D96/><U51/><E51/><V67/><F67/><N who="3" m="39375" /><G75/><T43/><D10/><N who="1" m="4295" /><E21/><V115/><F3/><W69/><G69/><T83/><D83/><U11/><E11/><V134/><F115/><W9/><G9/><T37/><D37/><U12/><E12/><V49/><F134/><W8/><G8/><T111/><D111/><U38/><E38/><V50/><F72/><W124/><G124/><T117/><D117/><U84/><E76/><V118/><F79/><W109/><G109/><T105/><D105/><U128/><E128/><V53/><F118/><W61/><G35/><T32/><D43/><U107/><E107/><V125/><F125/><W102/><G61/><RYUUKYOKU ba="0,0" sc="293,0,213,0,240,0,254,0" hai0="17,18,27,31,32,45,52,89,93,99" hai1="70,71,81,84" hai2="15,19,20,22,25,28,49,50,53,55,59,88,90" hai3="16,23,26,29,30,44,48,95,98,102" /><INIT seed="8,1,0,2,1,42" ten="293,213,240,254" oya="0" hai0="69,24,99,22,74,89,7,60,55,97,119,17,15" hai1="85,16,117,75,73,116,91,12,123,8,13,2,132" hai2="19,135,115,124,131,101,130,32,76,67,103,11,94" hai3="26,44,39,79,66,126,20,110,102,63,41,54,129"/><T113/><D113/><U6/><E123/><V86/><F32/><W23/><G110/><T105/><D119/><N who="1" m="45643" /><E132/><V65/><F135/><W46/><G126/><T111/><D111/><U51/><E2/><V80/><F124/><W82/><G102/><N who="2" m="38921" /><F94/><W59/><G129/><N who="2" m="49161" /><F115/><W106/><G106/><T43/><D74/><U56/><E56/><V53/><F53/><W122/><G122/><T18/><D105/><U0/><E51/><V45/><F45/><W107/><G107/><T21/><D7/><U71/><E71/><V61/><F61/><W108/><G108/><T95/><D69/><U125/><E125/><V128/><F128/><W4/><G4/><T120/><D120/><U38/><E38/><V33/><F33/><W29/><G46/><T70/><D70/><U50/><E50/><V35/><F35/><W88/><G88/><T57/><D43/><U133/><E133/><V93/><F93/><W96/><G96/><AGARI ba="1,0" hai="15,17,18,21,22,24,55,57,60,89,95,96,97,99" machi="96" ten="30,11600,0" yaku="7,1,25,2,8,1" doraHai="42" who="0" fromWho="3" sc="293,119,213,0,240,0,254,-119" owari="412,51,213,-19,240,4,135,-36" /></mjloggm>