<mjloggm ver="2.3"><GO type="41"/><UN n0="%E3%81%99%E3%81%A6%E3%81%BE%E3%82%8B" n1="%E3%82%A6%E3%83%AB%E3%83%88%E3%83%A9%E7%AB%8B%E7%9B%B4" n2="%E3%81%BF%E3%81%BF%E3%81%9A" n3="%6B%65%6E%34%31%30" dan="14,15,15,13" rate="1927,1987,1949,1914" sx="M,M,M,F"/><TAIKYOKU oya="0"/><INIT seed="0,0,0,0,2,91" ten="250,250,250,250" oya="0" hai0="115,22,101,131,122,120,106,26,112,74,113,85,3" hai1="114,35,108,48,13,11,92,73,86,109,119,70,105" hai2="56,25,134,27,55,130,135,41,51,127,118,132,84" hai3="123,89,7,94,97,0,83,39,121,63,95,17,57"/><T60/><D3/><U33/><E73/><V24/><F118/><W79/><G39/><T32/><D32/><U80/><E105/><V100/><F100/><W124/><G124/><T88/><D60/><U87/><E70/><V59/><F41/><W66/><G7/><T82/><D22/><U125/><E48/><V98/><F98/><W36/><G36/><T62/><D62/><U69/><E69/><V34/><F127/><W44/><G0/><T75/><D26/><U29/><E125/><V38/><F38/><W43/><G17/><T6/><D6/><U117/><E29/><V40/><F130/><W111/><G111/><T52/><D52/><U30/><E30/><V15/><F40/><W18/><G18/><T28/><D28/><U67/><E67/><V14/><F34/><N who="1" m="12809" /><E114/><V107/><F107/><W126/><G126/><T64/><D64/><U65/><E65/><V10/><F10/><W23/><G23/><T133/><D131/><U61/><E61/><V128/><F128/><W71/><G71/><T20/><D20/><U31/><E31/><V19/><F19/><W47/><G43/><T129/><D129/><U12/><E11/><V81/><F56/><W16/><G16/><T45/><D45/><U53/><E53/><V49/><F51/><W5/><G5/><T116/><D116/><N who="1" m="44619" /><E80/><V99/><REACH who="2" step="1"/><F99/><REACH who="2" step="2"/><W37/><G37/><T102/><D106/><U77/><E109/><V76/><AGARI ba="0,1" hai="14,15,24,25,27,49,55,59,76,81,84,132,134,135" machi="76" ten="40,8000,1" yaku="1,1,2,1,0,1,20,1,53,0" doraHai="91" doraHaiUra="110" who="2" fromWho="2" sc="250,-40,250,-20,240,90,250,-20" /><INIT seed="1,0,0,3,1,80" ten="210,230,330,230" oya="1" hai0="69,39,17,134,78,82,62,13,5,35,65,89,84" hai1="67,100,97,125,95,42,59,40,36,129,32,135,29" hai2="7,61,58,55,6,98,14,126,74,121,120,49,106" hai3="86,117,48,28,63,24,16,33,12,124,102,130,22"/><U54/><E125/><V119/><F119/><W56/><G124/><T37/><D35/><U91/><E129/><V122/><F126/><W34/><G130/><T108/><D108/><U90/><E135/><V79/><F14/><W47/><G117/><T104/><D104/><U21/><E32/><V101/><F74/><W19/><G102/><T68/><D68/><U43/><E36/><V9/><F79/><W128/><G128/><T25/><D134/><U10/><E10/><V75/><F75/><W72/><G72/><T11/><D25/><U96/><E54/><V107/><F107/><W113/><G113/><T112/><D112/><U99/><E99/><V26/><F9/><W23/><G19/><T110/><D110/><U46/><E46/><V3/><F3/><W77/><G56/><T57/><D78/><U73/><E73/><V83/><F83/><W133/><G133/><T114/><D114/><U4/><E4/><V1/><F1/><W2/><G63/><T31/><D31/><U111/><E97/><V85/><F26/><W94/><G2/><T20/><REACH who="0" step="1"/><D69/><REACH who="0" step="2"/><U45/><E111/><V105/><F106/><W51/><G77/><T92/><D92/><U0/><E29/><V64/><F120/><W18/><G34/><T103/><D103/><U87/><E100/><V44/><F121/><W109/><G33/><T93/><D93/><U66/><E95/><V41/><F122/><W118/><G109/><T27/><AGARI ba="0,1" hai="5,11,13,17,20,27,37,39,57,62,65,82,84,89" machi="27" ten="20,5200,0" yaku="1,1,0,1,7,1,52,1,53,0" doraHai="80" doraHaiUra="38" who="0" fromWho="0" sc="200,62,230,-26,330,-13,230,-13" /><INIT seed="2,0,0,1,4,15" ten="262,204,317,217" oya="2" hai0="71,65,68,18,54,42,86,83,84,80,110,24,6" hai1="3,31,4,126,63,12,55,87,53,76,94,22,129" hai2="108,104,60,69,57,116,59,70,96,27,23,119,88" hai3="37,114,62,130,30,25,19,51,121,61,58,85,124"/><V100/><F59/><W95/><G121/><T1/><D110/><U41/><E126/><V2/><F2/><W123/><G123/><T75/><D75/><U26/><E129/><V46/><F108/><W74/><G37/><T111/><D111/><U52/><E41/><V47/><F116/><W118/><G118/><T81/><D42/><U16/><E63/><V35/><F119/><W10/><G74/><T77/><D65/><U128/><E128/><V125/><F125/><W113/><G124/><T66/><D66/><U109/><E109/><V105/><F105/><W112/><G130/><T5/><D54/><U29/><E94/><V90/><F35/><W17/><G10/><T103/><D103/><U38/><E38/><V127/><F127/><W131/><G51/><T78/><D18/><N who="3" m="6665" /><G58/><T82/><N who="0" m="20992" /><DORA hai="89" /><T73/><D24/><U134/><E134/><V101/><F104/><W97/><G85/><N who="0" m="32875" /><D1/><U115/><E87/><V120/><F120/><W56/><G56/><T102/><D102/><N who="2" m="39530" /><F69/><N who="0" m="26698" /><D73/><U45/><E76/><AGARI ba="0,0" hai="5,6,76,77,78" m="26698,32875,20992" machi="76" ten="50,3200,0" yaku="28,2" doraHai="15,89" who="0" fromWho="1" sc="262,32,204,-32,317,0,217,0" /><INIT seed="3,0,0,1,3,65" ten="294,172,317,217" oya="3" hai0="83,87,89,98,72,31,111,30,47,3,53,86,21" hai1="110,124,131,70,29,39,55,90,99,34,117,11,75" hai2="134,69,56,46,27,20,80,74,28,5,130,109,58" hai3="91,107,135,114,108,0,115,13,63,121,133,12,85"/><W128/><G0/><T123/><D123/><U2/><E90/><V105/><F105/><W73/><G121/><T52/><D3/><U78/><E55/><N who="0" m="21065" /><D72/><U51/><E51/><V59/><F46/><W67/><G73/><T112/><D112/><N who="3" m="43049" /><G107/><T97/><D111/><U116/><E99/><N who="0" m="37897" /><D47/><U125/><E29/><N who="0" m="10761" /><D21/><U24/><E24/><V126/><F109/><W43/><G43/><T35/><D35/><U8/><E78/><V77/><F20/><W45/><G45/><T16/><D16/><U101/><E101/><V22/><F28/><W106/><G106/><T118/><D118/><U93/><E93/><V40/><F22/><W100/><G100/><T57/><D57/><U23/><E23/><V102/><F40/><W94/><G108/><T1/><D1/><U95/><E95/><V129/><F58/><W9/><G9/><T60/><D60/><U50/><E50/><V62/><F56/><W88/><G91/><T81/><D89/><U49/><E49/><V82/><F59/><W68/><G128/><T44/><D44/><U84/><E11/><V33/><F130/><W4/><G4/><T66/><D66/><U92/><E8/><V10/><F5/><W104/><G104/><T17/><D17/><U32/><E92/><V42/><F10/><W64/><G64/><T6/><D6/><U79/><E34/><V36/><F33/><W19/><G19/><T41/><D41/><U25/><E32/><V48/><F42/><W18/><G18/><T127/><D127/><U15/><E124/><V37/><F126/><W61/><G61/><T122/><D122/><RYUUKYOKU ba="0,0" sc="294,15,172,-15,317,-15,217,15" hai0="81,83,86,87" hai3="12,13,63,67,68,85,88,94,133,135" /><INIT seed="3,1,0,4,4,9" ten="309,157,302,232" oya="3" hai0="88,10,50,128,31,133,135,53,43,49,130,108,86" hai1="33,63,65,105,132,58,104,69,44,71,36,55,23" hai2="89,116,21,109,129,120,91,124,67,100,51,70,68" hai3="131,73,85,94,57,61,115,98,101,11,60,20,107"/><W19/><G115/><T126/><D31/><U95/><E33/><V106/><F116/><W34/><G34/><T90/><D10/><U39/><E132/><N who="0" m="50761" /><D43/><U96/><E104/><V113/><F113/><W37/><G73/><T13/><D13/><U59/><E105/><V45/><F109/><W122/><G122/><T32/><D32/><U18/><E95/><V56/><F129/><N who="0" m="49770" /><D88/><U35/><E35/><V62/><F91/><W22/><G131/><T114/><D114/><U82/><E18/><V134/><F89/><W112/><G112/><T87/><D87/><U110/><E23/><V81/><F21/><W28/><G37/><T1/><D1/><U54/><E96/><V16/><F134/><W103/><G28/><T66/><D66/><U4/><E4/><V121/><F67/><W123/><G123/><T77/><D77/><U27/><E27/><V40/><F120/><W92/><G11/><T72/><D72/><U6/><E6/><V7/><F121/><W78/><G22/><T99/><D99/><U46/><E82/><V117/><F81/><W25/><G78/><T14/><D14/><U3/><E3/><V15/><F7/><W12/><G85/><T52/><D108/><U118/><E110/><V38/><F40/><W47/><G25/><T102/><D102/><U5/><E5/><V24/><F24/><W26/><G26/><T75/><D75/><U64/><E118/><V93/><F117/><W97/><G107/><T17/><D17/><U111/><E111/><V127/><F106/><W8/><G8/><T76/><D76/><U48/><E39/><RYUUKYOKU ba="1,0" sc="309,0,157,0,302,0,232,0" /><INIT seed="4,2,0,4,5,21" ten="309,157,302,232" oya="0" hai0="5,10,38,106,92,111,4,121,72,8,16,20,101" hai1="115,88,18,76,70,69,114,26,133,86,0,14,125" hai2="75,62,110,3,36,107,84,116,33,120,42,102,66" hai3="60,64,87,61,134,135,85,91,109,56,117,15,113"/><T79/><D121/><U9/><E76/><V31/><F84/><W47/><G109/><T59/><D106/><U131/><E0/><V90/><F90/><W78/><G117/><T95/><D38/><U80/><E125/><V103/><F103/><W71/><G113/><N who="1" m="43018" /><E131/><V94/><F94/><N who="0" m="35882" /><D72/><U43/><E43/><V98/><F120/><W99/><G99/><T7/><D111/><U105/><E105/><V50/><F50/><W112/><G112/><T13/><D101/><U130/><E130/><V124/><F110/><W35/><G35/><T52/><D79/><U100/><E100/><V54/><F124/><W28/><G28/><T17/><D17/><U55/><E133/><N who="3" m="50698" /><G78/><T132/><D132/><U77/><E77/><V73/><F116/><W93/><G47/><T108/><D108/><U44/><E26/><N who="2" m="18679" /><F3/><W22/><G22/><T81/><D81/><U96/><E96/><V19/><F19/><W32/><G15/><T45/><D45/><U127/><E127/><V12/><F12/><W58/><G32/><T129/><D129/><U65/><E65/><V118/><F118/><W89/><G61/><AGARI ba="2,0" hai="4,5,7,8,10,13,16,20,52,59,61" m="35882" machi="61" ten="30,5800,0" yaku="8,1,54,2" doraHai="21" who="0" fromWho="3" sc="309,64,157,0,302,0,232,-64" /><INIT seed="4,3,0,0,3,135" ten="373,157,302,168" oya="0" hai0="15,22,21,52,123,94,25,111,84,26,54,4,16" hai1="79,77,82,70,68,56,75,49,41,9,92,5,97" hai2="126,73,87,42,37,108,45,63,76,32,102,36,96" hai3="115,114,133,112,12,134,100,121,43,46,85,47,90"/><T105/><D105/><U11/><E79/><V23/><F108/><W66/><G100/><T88/><D123/><U132/><E132/><N who="3" m="50794" /><G12/><T125/><D125/><U24/><E9/><V50/><F32/><W95/><G121/><T44/><D111/><U34/><E34/><V117/><F126/><W33/><G33/><T58/><D44/><U67/><E24/><V31/><F31/><W65/><G47/><T53/><D4/><U74/><E74/><V40/><F23/><W131/><G131/><T60/><REACH who="0" step="1"/><D15/><REACH who="0" step="2"/><U20/><E5/><V99/><F45/><W103/><G103/><T72/><D72/><U118/><E75/><V89/><F73/><W130/><G130/><T27/><D27/><U83/><E118/><V109/><F117/><W93/><G93/><T124/><D124/><U107/><E92/><V81/><F109/><W13/><G13/><T104/><D104/><U59/><E107/><V17/><F102/><W61/><G61/><T80/><D80/><U0/><E83/><V62/><F81/><W91/><G90/><T64/><D64/><U10/><E82/><V2/><F89/><W6/><G6/><T106/><D106/><U71/><E67/><V14/><F14/><W51/><AGARI ba="3,1" hai="43,46,51,65,66,85,91,95,112,114,115" m="50794" machi="51" ten="40,2700,0" yaku="15,1,20,1" doraHai="135" who="3" fromWho="3" sc="363,-16,157,-10,302,-10,168,46" /><INIT seed="5,0,0,2,3,45" ten="347,147,292,214" oya="1" hai0="89,75,42,128,97,119,48,100,82,106,116,7,41" hai1="17,21,35,71,43,38,124,77,105,83,95,93,59" hai2="92,102,107,25,69,85,1,109,50,86,62,33,37" hai3="29,134,111,15,72,99,46,39,63,16,76,19,118"/><U55/><E71/><V20/><F109/><W40/><G111/><T6/><D128/><U57/><E35/><V101/><F37/><W53/><G134/><T23/><D23/><U31/><E105/><V65/><F1/><W68/><G118/><T11/><D119/><U79/><E31/><V81/><F33/><W22/><G29/><T24/><D24/><U73/><E124/><V66/><F107/><W74/><G76/><T70/><D70/><U96/><E79/><V54/><F66/><W27/><G99/><T8/><D116/><U3/><E3/><V14/><F14/><W91/><G91/><T52/><D75/><U115/><E115/><V104/><F92/><W5/><G5/><T87/><D8/><U117/><E117/><V61/><F61/><W112/><G112/><T30/><D6/><U90/><E93/><V12/><F12/><W67/><REACH who="3" step="1"/><G53/><REACH who="3" step="2"/><T133/><D30/><U4/><E4/><V114/><F114/><W0/><G0/><T9/><D133/><U36/><E43/><V13/><F54/><W84/><G84/><T135/><D135/><U130/><E130/><V131/><F131/><W103/><G103/><T126/><D126/><U26/><REACH who="1" step="1"/><E59/><REACH who="1" step="2"/><V56/><F56/><W125/><G125/><T10/><D42/><U132/><E132/><V64/><F69/><W127/><G127/><T51/><D41/><U32/><E32/><V2/><F104/><W94/><G94/><T98/><D7/><U122/><E122/><V121/><F121/><W123/><G123/><T49/><D98/><U28/><E28/><V58/><F2/><RYUUKYOKU ba="0,2" sc="347,10,137,10,292,-30,204,10" hai0="9,10,11,48,49,51,52,82,87,89,97,100,106" hai1="17,21,26,36,38,55,57,73,77,83,90,95,96" hai3="15,16,19,22,27,39,40,46,63,67,68,72,74" /><INIT seed="5,1,2,4,4,78" ten="357,147,262,214" oya="1" hai0="104,87,133,32,60,121,23,13,99,38,53,10,68" hai1="119,54,44,55,33,25,16,77,125,9,73,83,47" hai2="110,36,135,7,24,1,89,94,41,62,19,67,129" hai3="51,112,5,20,105,63,4,113,61,71,84,56,98"/><U88/><E119/><V35/><F110/><W40/><G71/><T80/><D38/><U79/><E125/><V74/><F74/><W131/><G131/><T118/><D118/><U128/><E128/><V100/><F129/><W27/><G105/><T97/><D32/><U81/><E88/><V50/><F36/><W120/><G120/><T30/><D121/><U127/><E127/><V132/><F100/><W109/><G109/><T130/><D130/><U37/><E37/><V2/><F41/><W106/><G106/><T92/><D104/><U31/><E54/><V114/><F50/><W18/><G98/><T102/><D68/><U21/><E9/><V43/><F43/><W70/><G70/><T65/><D65/><U108/><E55/><V17/><F114/><N who="3" m="44139" /><G40/><T48/><D133/><N who="2" m="51274" /><F35/><W76/><G51/><T12/><D97/><U82/><E108/><V15/><F24/><W124/><G124/><T14/><D60/><N who="3" m="23113" /><G56/><N who="0" m="32807" /><D23/><U39/><E39/><V52/><F67/><W3/><G3/><N who="2" m="1033" /><F62/><W28/><G28/><T11/><D30/><U101/><E101/><V58/><F58/><W91/><G76/><AGARI ba="1,2" hai="10,11,12,13,14,76,80,87,92,99,102" m="32807" machi="76" ten="30,2000,0" yaku="8,1,52,1" doraHai="78" who="0" fromWho="3" sc="357,43,147,0,262,0,214,-23" /><INIT seed="6,0,0,1,1,81" ten="400,147,262,191" oya="2" hai0="74,76,116,84,56,3,67,83,134,29,41,61,44" hai1="47,71,25,131,12,133,58,27,22,117,127,20,124" hai2="111,82,70,63,54,21,59,91,49,36,120,102,10" hai3="7,128,88,109,97,112,0,122,48,34,1,86,57"/><V103/><F120/><W62/><G109/><T118/><D134/><U40/><E58/><V52/><F111/><W18/><G122/><T50/><D3/><U96/><E71/><V108/><F108/><W38/><G38/><T110/><D110/><U32/><E96/><V4/><F36/><W42/><G34/><T39/><D29/><U6/><E47/><V78/><F91/><W66/><G128/><T46/><REACH who="0" step="1"/><D74/><REACH who="0" step="2"/><U9/><E40/><AGARI ba="0,1" hai="39,40,41,44,46,50,56,61,67,76,83,84,116,118" machi="40" ten="40,5200,0" yaku="1,1,2,1,52,1,53,0" doraHai="81" doraHaiUra="87" who="0" fromWho="1" sc="390,62,147,-52,262,0,191,0" /><INIT seed="7,0,0,4,0,112" ten="452,95,262,191" oya="3" hai0="98,52,93,97,39,50,91,56,3,17,19,102,21" hai1="62,129,0,63,44,66,54,55,90,131,83,125,18" hai2="53,24,123,25,61,87,6,20,126,9,38,118,130" hai3="26,72,88,35,27,49,33,43,117,116,108,109,75"/><W40/><REACH who="3" step="1"/><G49/><REACH who="3" step="2"/><T7/><D39/><U114/><E18/><V103/><F38/><W67/><G67/><T11/><D21/><U32/><E90/><AGARI ba="0,1" hai="26,27,33,35,40,43,72,75,88,90,108,109,116,117" machi="90" ten="25,18000,2" yaku="21,2,22,2,52,2,54,1,53,0" doraHai="112" doraHaiUra="80" who="3" fromWho="1" sc="452,0,95,-180,262,0,181,190" owari="452,56,-85,-59,262,-14,371,17" /></mjloggm>