<mjloggm ver="2.3"><GO type="41"/><UN n0="%E3%82%A2%E3%83%A1%E3%81%A9%E3%82%82" n1="%6C%6F%76%65%64%6F%67" n2="%E3%82%A6%E3%83%AB%E3%83%88%E3%83%A9%E7%AB%8B%E7%9B%B4" n3="%52%6F%64%6E%65%79%2E%4D" dan="15,13,15,14" rate="1982,1854,1984,1905" sx="M,M,M,M"/><TAIKYOKU oya="0"/><INIT seed="0,0,0,2,0,23" ten="250,250,250,250" oya="0" hai0="63,29,104,67,2,14,107,37,83,116,19,120,100" hai1="97,123,85,93,132,77,25,129,35,20,103,130,115" hai2="88,30,122,95,99,8,65,7,57,9,0,41,49" hai3="82,68,76,102,121,101,80,134,72,94,12,33,32"/><T87/><D2/><U6/><E35/><V39/><F122/><W114/><G121/><T17/><D37/><U98/><E123/><V56/><F39/><W73/><G114/><T24/><D100/><U108/><E6/><V52/><F41/><W28/><G68/><T43/><D43/><U50/><E115/><V44/><F65/><W110/><G28/><T96/><D96/><U89/><E108/><V135/><F135/><W61/><G110/><T48/><D48/><U70/><E70/><V54/><F54/><W118/><G61/><T5/><D5/><U60/><E132/><V42/><F42/><W21/><G134/><T4/><D4/><U22/><E22/><V16/><REACH who="2" step="1"/><F30/><REACH who="2" step="2"/><W112/><G112/><T128/><D120/><U3/><E3/><V117/><F117/><W79/><G118/><T131/><D116/><U71/><E71/><V31/><F31/><W38/><G38/><T124/><D131/><U53/><E130/><V133/><F133/><W90/><G12/><AGARI ba="0,1" hai="0,7,8,9,12,16,44,49,52,56,57,88,95,99" machi="12" ten="40,8000,1" yaku="1,1,54,3,53,0" doraHai="23" doraHaiUra="66" who="2" fromWho="3" sc="250,0,250,0,240,90,250,-80" /><INIT seed="1,0,0,0,4,72" ten="250,250,330,170" oya="1" hai0="97,110,30,53,66,101,121,120,26,57,48,83,20" hai1="42,107,135,114,81,37,111,22,123,119,71,14,7" hai2="75,34,59,85,125,35,54,47,8,118,16,80,103" hai3="31,93,29,15,67,4,98,52,63,74,122,27,5"/><U36/><E81/><V70/><F70/><W106/><G74/><T134/><D134/><U69/><E7/><V126/><F75/><W51/><G106/><T127/><D127/><N who="2" m="48650" /><F103/><W18/><G122/><T19/><D110/><U28/><E14/><N who="2" m="7239" /><F47/><W117/><G117/><T23/><D83/><U100/><E22/><V131/><F131/><W104/><G104/><T21/><D66/><U133/><E28/><V25/><F25/><W84/><G84/><T32/><D121/><U11/><E11/><V102/><F102/><W33/><G29/><T109/><D109/><U41/><E123/><V55/><F118/><W17/><G17/><T43/><D43/><N who="1" m="16395" /><E111/><V38/><F38/><N who="1" m="14953" /><E119/><V76/><F55/><W46/><G63/><AGARI ba="0,0" hai="34,35,54,59,63,76,80,85" m="7239,48650" machi="63" ten="30,3900,0" yaku="18,1,52,1,54,1" doraHai="72" who="2" fromWho="3" sc="250,0,250,0,330,39,170,-39" /><INIT seed="2,0,0,5,4,80" ten="250,250,369,131" oya="2" hai0="122,67,78,82,84,74,61,70,98,120,60,134,109" hai1="135,18,97,56,69,24,119,88,29,14,133,79,114" hai2="10,131,132,50,73,42,49,125,62,63,3,115,36" hai3="45,43,103,5,64,2,40,108,11,124,47,65,129"/><V58/><F73/><W87/><G108/><T9/><D109/><U111/><E69/><V121/><F3/><W48/><G124/><T57/><D134/><N who="1" m="51211" /><E111/><V12/><F132/><W33/><G33/><T8/><D98/><U123/><E119/><V93/><F36/><W32/><G129/><T107/><D107/><U112/><E79/><V113/><F121/><W105/><G32/><T110/><D110/><U6/><E6/><V31/><F125/><W68/><G68/><T95/><D95/><N who="1" m="56551" /><E56/><V22/><F131/><W55/><G55/><T0/><D74/><U15/><E123/><V89/><F113/><N who="1" m="43625" /><E18/><V91/><F115/><W66/><G105/><T94/><D122/><U75/><E75/><V77/><F77/><W71/><G71/><T59/><D120/><U30/><E30/><V104/><F104/><W117/><G103/><T35/><D35/><AGARI ba="0,0" hai="14,15,24,29,35" m="43625,56551,51211" machi="35" ten="30,2000,0" yaku="20,1,54,1" doraHai="80" who="1" fromWho="0" sc="250,-20,250,20,369,0,131,0" /><INIT seed="3,0,0,0,4,100" ten="230,270,369,131" oya="3" hai0="128,77,121,19,27,117,120,81,21,80,96,97,10" hai1="78,95,47,12,50,118,84,126,127,74,33,67,112" hai2="122,111,108,75,30,46,98,61,114,68,124,105,0" hai3="90,86,2,8,99,29,24,82,113,16,9,132,109"/><W6/><G113/><T92/><D117/><U66/><E112/><V76/><F46/><W55/><G109/><T73/><D128/><U13/><E33/><V35/><F76/><W14/><G132/><T119/><D119/><U125/><E74/><V44/><F44/><W26/><G55/><T38/><D38/><U64/><E118/><V20/><F20/><W41/><G41/><T17/><D81/><U40/><REACH who="1" step="1"/><E95/><REACH who="1" step="2"/><V134/><F108/><W57/><G57/><T52/><D92/><U106/><E106/><V130/><F98/><W135/><G135/><T123/><D97/><U25/><E25/><V49/><F105/><W133/><G133/><T91/><D96/><U3/><E3/><V36/><F30/><W85/><G99/><T28/><D123/><U129/><E129/><V116/><F61/><W18/><G86/><T102/><D121/><U70/><E70/><V87/><F87/><W94/><G94/><T62/><D120/><U88/><E88/><V45/><F49/><W34/><G24/><T15/><D91/><U39/><E39/><V11/><F45/><W48/><G48/><T60/><D28/><U37/><E37/><V65/><F0/><W107/><REACH who="3" step="1"/><G107/><REACH who="3" step="2"/><T42/><D73/><U32/><E32/><V69/><F122/><W22/><G22/><T59/><D21/><U93/><E93/><V110/><F134/><W58/><G58/><T131/><D59/><U83/><AGARI ba="0,2" hai="12,13,40,47,50,64,66,67,78,83,84,125,126,127" machi="83" ten="40,8000,1" yaku="1,1,0,1,18,1,53,1" doraHai="100" doraHaiUra="43" who="1" fromWho="1" sc="230,-20,260,100,369,-20,121,-40" /><INIT seed="4,0,0,2,5,85" ten="210,360,349,81" oya="0" hai0="35,22,42,18,25,20,83,13,127,54,74,16,12" hai1="17,4,115,72,9,134,90,108,38,116,24,94,86" hai2="44,88,5,19,98,73,46,120,39,100,118,125,91" hai3="93,99,45,101,2,31,135,124,14,7,77,52,81"/><T55/><D127/><U32/><E38/><V37/><F73/><W69/><G124/><T36/><D36/><U34/><E72/><V106/><F125/><W65/><G2/><T30/><D42/><U129/><E116/><V117/><F120/><W131/><G135/><T48/><D48/><U107/><E108/><V130/><F5/><W28/><G131/><T60/><D60/><U79/><E115/><V64/><F130/><W76/><G69/><T84/><REACH who="0" step="1"/><D74/><REACH who="0" step="2"/><U47/><E129/><V82/><F39/><W87/><G65/><T6/><D6/><U96/><E4/><V23/><F64/><W89/><G28/><T114/><D114/><U62/><E62/><V126/><F126/><W75/><G31/><T78/><AGARI ba="0,1" hai="12,13,16,18,20,22,25,30,35,54,55,78,83,84" machi="78" ten="20,12000,1" yaku="1,1,0,1,7,1,9,1,54,1,53,0" doraHai="85" doraHaiUra="132" who="0" fromWho="0" sc="200,130,360,-40,349,-40,81,-40" /><INIT seed="4,1,0,3,0,77" ten="330,320,309,41" oya="0" hai0="101,125,48,83,36,27,62,46,100,86,57,49,44" hai1="13,120,108,63,73,53,70,104,95,112,129,38,110" hai2="8,76,1,16,51,20,72,103,32,117,116,5,43" hai3="9,2,68,98,127,91,40,28,10,3,113,114,128"/><T102/><D125/><U132/><RYUUKYOKU type="yao9" ba="1,0" sc="330,0,320,0,309,0,41,0" hai1="13,38,53,63,70,73,95,104,108,110,112,120,129,132" /><INIT seed="4,2,0,1,2,114" ten="330,320,309,41" oya="0" hai0="55,17,116,14,19,101,85,97,25,131,3,102,28" hai1="4,36,133,9,62,16,29,79,66,75,111,64,43" hai2="95,31,80,83,93,109,45,134,65,6,54,127,2" hai3="106,100,41,27,23,122,11,21,115,107,96,105,72"/><T35/><D3/><U63/><E111/><V37/><F109/><W121/><G72/><T22/><D131/><U77/><E133/><V128/><F134/><W49/><G115/><T118/><D85/><U56/><E29/><V92/><F128/><W7/><G41/><T61/><D101/><U39/><E75/><V34/><F127/><W126/><G126/><T60/><D61/><U125/><E125/><V113/><F113/><W5/><G49/><T84/><D84/><U52/><E36/><V86/><F65/><N who="1" m="25193" /><E39/><V42/><F31/><W94/><G11/><T104/><D19/><U26/><E4/><V88/><F34/><W58/><G58/><T71/><D71/><U132/><E43/><V135/><F135/><W82/><G82/><T32/><D35/><U91/><E91/><V47/><F80/><W24/><G5/><T124/><D124/><U44/><E132/><V10/><F54/><W108/><G7/><T33/><D33/><U123/><E123/><N who="3" m="47114" /><G108/><T130/><REACH who="0" step="1"/><D130/><REACH who="0" step="2"/><U87/><E87/><V57/><F83/><W12/><G12/><T50/><D50/><N who="1" m="28743" /><E63/><V0/><F0/><W40/><G40/><T119/><D119/><U69/><E69/><V76/><F86/><W20/><AGARI ba="2,1" hai="20,21,23,24,27,94,96,100,105,106,107" m="47114" machi="20" ten="40,1500,0" yaku="13,1" doraHai="114" who="3" fromWho="3" sc="320,-9,320,-6,309,-6,41,31" /><INIT seed="5,0,0,4,0,48" ten="311,314,303,72" oya="1" hai0="32,73,33,91,88,100,28,25,107,122,115,1,69" hai1="45,128,72,35,57,130,84,94,17,66,110,82,2" hai2="118,7,127,106,55,96,67,135,71,42,83,54,14" hai3="34,109,120,81,78,20,31,108,30,23,68,24,112"/><U50/><E35/><V93/><F106/><W98/><G68/><T3/><D69/><U113/><E113/><V95/><F118/><W85/><G112/><T132/><D73/><U63/><E2/><V47/><F127/><W39/><G39/><T0/><D115/><U62/><E110/><V40/><F135/><W70/><G70/><T22/><D132/><U105/><E105/><V77/><F71/><W51/><G120/><T114/><D122/><U46/><E72/><V37/><F67/><W75/><G75/><T92/><D107/><U60/><E94/><V111/><F111/><W36/><G36/><T10/><D10/><U41/><E17/><V9/><F42/><W44/><G109/><T126/><D126/><U86/><E82/><V129/><F129/><N who="1" m="49769" /><E86/><V11/><F11/><W102/><G108/><T99/><REACH who="0" step="1"/><D114/><REACH who="0" step="2"/><U101/><E101/><V124/><F124/><W16/><G34/><AGARI ba="0,1" hai="0,1,3,22,25,28,32,33,34,88,91,92,99,100" machi="34" ten="50,6400,0" yaku="1,1,2,1,54,1,53,0" doraHai="48" doraHaiUra="117" who="0" fromWho="3" sc="301,74,314,0,303,0,72,-64" /><INIT seed="6,0,0,4,0,49" ten="375,314,303,8" oya="2" hai0="116,103,57,35,71,33,44,102,11,4,104,96,121" hai1="132,7,77,131,32,2,112,40,13,64,55,31,126" hai2="127,107,88,91,50,26,19,63,97,125,29,28,122" hai3="10,111,18,38,82,70,134,79,61,74,65,93,113"/><V89/><F122/><W56/><G111/><T114/><D71/><U34/><E112/><V99/><F63/><W94/><G113/><T69/><D69/><U109/><E109/><V110/><F110/><W47/><G134/><T81/><D116/><U9/><E40/><V92/><F107/><W58/><G18/><T30/><D30/><U83/><E64/><V27/><F50/><W42/><G10/><T85/><D102/><U80/><E126/><N who="2" m="48139" /><F19/><W37/><G37/><T43/><D57/><U133/><E131/><V0/><F0/><W108/><G108/><T100/><D100/><U16/><E55/><V66/><F66/><W39/><G39/><T117/><D117/><U135/><E83/><V6/><F6/><W1/><G1/><T25/><D25/><N who="2" m="9226" /><F92/><W84/><G74/><T101/><D101/><U78/><E78/><V72/><F72/><W90/><G93/><T124/><D121/><U73/><REACH who="1" step="1"/><E31/><AGARI ba="0,0" hai="28,29,31,88,89,91,97,99" m="9226,48139" machi="31" ten="40,12000,1" yaku="28,2,18,1,54,1" doraHai="49" who="2" fromWho="1" sc="375,0,314,-120,303,120,8,0" /><INIT seed="6,1,0,1,2,47" ten="375,194,423,8" oya="2" hai0="6,34,71,7,56,17,102,3,124,52,16,15,88" hai1="0,68,80,135,96,58,128,93,100,40,11,57,91" hai2="27,67,97,72,77,45,48,76,113,33,61,112,53" hai3="24,25,134,75,114,43,99,55,31,78,1,12,51"/><V81/><F77/><W105/><G1/><T60/><D71/><U10/><E128/><V29/><REACH who="2" step="1"/><F97/><REACH who="2" step="2"/><W66/><G66/><T19/><D124/><U54/><E135/><V44/><F44/><W101/><G43/><T36/><D36/><U95/><E40/><V120/><F120/><W35/><G134/><T46/><D46/><U4/><E68/><AGARI ba="1,1" hai="27,29,33,45,48,53,61,67,68,72,76,81,112,113" machi="68" ten="40,7700,0" yaku="1,1,52,1,53,1" doraHai="47" doraHaiUra="79" who="2" fromWho="1" sc="375,0,194,-80,413,90,8,0" /><INIT seed="6,2,0,2,4,94" ten="375,114,503,8" oya="2" hai0="37,121,25,120,114,78,79,50,115,11,87,46,47" hai1="41,97,71,33,13,109,129,24,5,131,40,81,49" hai2="100,118,15,77,64,30,36,102,39,28,7,16,17" hai3="92,80,52,125,110,14,75,57,12,34,119,2,99"/><V103/><F118/><W44/><G110/><T62/><D11/><U76/><E109/><V106/><F106/><W67/><G119/><T73/><D25/><U10/><E71/><V123/><F123/><W91/><G2/><T82/><D62/><U60/><E60/><V56/><F77/><W45/><G14/><T104/><D37/><U132/><E132/><V68/><F68/><W135/><G34/><T43/><D104/><U122/><E122/><V107/><F107/><W83/><G135/><T20/><D20/><U63/><E63/><V0/><F0/><W124/><G67/><T35/><D35/><U8/><E33/><V116/><F116/><W19/><G75/><T54/><D79/><U26/><E76/><V29/><F56/><W58/><G58/><T70/><D70/><U127/><E127/><N who="3" m="48714" /><G44/><T4/><D4/><U72/><E72/><V6/><F64/><W69/><G45/><T51/><REACH who="0" step="1"/><D73/><REACH who="0" step="2"/><U32/><E32/><V89/><F39/><W130/><G130/><T134/><D134/><U98/><E131/><V108/><F36/><W27/><G27/><T128/><D128/><U21/><E129/><V61/><F61/><N who="3" m="36007" /><G69/><T96/><D96/><N who="1" m="36971" /><E10/><AGARI ba="2,1" hai="10,12,19,80,83,91,92,99" m="36007,48714" machi="10" ten="30,3900,0" yaku="18,1,52,1,54,1" doraHai="94" who="3" fromWho="1" sc="365,0,114,-45,503,0,8,55" /><INIT seed="7,0,0,5,2,125" ten="365,69,503,63" oya="3" hai0="129,112,113,63,95,96,104,135,4,84,114,77,82" hai1="48,0,7,53,99,30,83,115,38,1,41,13,32" hai2="74,45,70,123,31,18,37,39,93,72,42,14,101" hai3="130,16,110,124,26,116,40,22,8,15,102,73,49"/><W47/><G116/><T108/><D4/><U68/><E115/><V85/><F70/><W91/><G124/><T25/><D63/><U6/><E99/><V94/><F37/><W44/><G73/><T9/><D9/><U61/><E68/><V36/><F36/><W27/><G110/><T90/><D25/><N who="1" m="18511" /><E38/><V127/><F127/><W97/><G130/><T60/><D60/><U21/><E41/><V132/><F132/><W120/><G120/><T133/><D108/><U88/><E61/><V23/><F123/><W119/><G119/><T134/><REACH who="0" step="1"/><D104/><REACH who="0" step="2"/><U66/><E66/><V19/><F31/><W105/><G91/><T57/><D57/><U62/><E88/><V128/><F19/><W109/><G109/><T43/><D43/><U111/><E62/><V28/><F28/><W92/><G105/><T131/><AGARI ba="0,1" hai="77,82,84,90,95,96,112,113,114,129,131,133,134,135" machi="131" ten="50,24000,4" yaku="1,1,0,1,15,1,11,1,20,1,34,3,52,2,53,1" doraHai="125" doraHaiUra="76" who="0" fromWho="0" sc="355,250,69,-60,503,-60,63,-120" owari="605,71,9,-39,443,24,-57,-56" /></mjloggm>