<mjloggm ver="2.3"><GO type="9"/><UN n0="%E3%81%97%E3%81%A3%E3%81%8B%E3%82%8A%E6%89%93%E3%81%A6%E3%82%88%EF%BC%81" n1="%53%50%4B%53%50%4B" n2="%E6%96%AD%E5%9B%BA%E3%81%A3%E3%80%81%4C%49%46%45" n3="%E3%82%A6%E3%83%AB%E3%83%88%E3%83%A9%E7%AB%8B%E7%9B%B4" dan="0,9,11,5" rate="1500,1614,1390,1685" sx="M,M,M,M"/><TAIKYOKU oya="0"/><INIT seed="0,0,0,1,1,94" ten="250,250,250,250" oya="0" hai0="61,31,11,120,89,20,95,79,90,114,32,103,51" hai1="60,42,91,74,38,19,77,124,63,87,6,118,2" hai2="130,122,62,68,96,108,110,21,12,55,109,7,46" hai3="127,29,128,30,13,81,104,101,76,34,45,66,54" shuffle="mt19937ar,9ABA598B,49BE1203,0C64D246,CAC9C426,189849BF,47621081,905DD315,C3EA4DE3"/><T100/><D120/><U3/><E118/><V5/><F122/><W115/><G115/><T83/><D114/><U37/><E124/><V40/><F68/><W9/><G127/><T44/><D32/><U84/><E74/><V107/><F130/><W65/><G128/><T10/><D61/><U80/><E37/><V88/><F107/><W52/><G34/><T105/><D103/><U134/><E134/><V36/><F21/><W102/><G104/><T126/><D126/><U50/><E38/><V16/><F62/><W132/><G132/><T22/><D22/><U64/><E63/><V53/><F5/><W58/><G81/><T59/><D59/><U121/><E121/><V25/><F7/><W99/><G76/><T135/><D135/><U93/><E19/><V47/><F25/><W49/><G101/><T56/><D56/><U112/><E6/><V27/><F27/><W72/><G72/><T92/><D105/><U1/><E112/><V0/><F0/><W125/><G125/><T78/><D100/><U14/><E14/><V119/><F47/><W129/><G129/><T39/><D39/><U23/><E23/><N who="2" m="11655" /><F119/><W131/><G131/><T48/><D20/><U33/><E33/><V57/><F57/><W71/><G71/><T117/><D117/><U26/><E26/><V133/><F133/><W82/><G58/><T106/><D106/><U35/><E35/><V8/><F8/><W41/><G9/><T17/><D17/><U18/><E18/><V97/><F97/><W85/><G99/><T73/><D44/><N who="1" m="25879" /><E1/><V113/><F113/><W15/><G13/><RYUUKYOKU ba="0,0" sc="250,-15,250,15,250,15,250,-15" hai1="2,3,60,64,77,80,84,87,91,93" hai2="36,40,46,53,55,88,96,108,109,110" /><INIT seed="1,1,0,5,5,60" ten="235,265,265,235" oya="1" hai0="118,37,47,32,27,66,53,110,106,73,28,69,132" hai1="21,64,131,33,13,18,50,15,4,107,128,103,124" hai2="22,30,101,92,91,39,133,49,52,44,129,96,55" hai3="84,82,54,80,67,1,2,100,61,26,7,85,63" shuffle="mt19937ar,47A0D9C8,C7949D95,A22C4A40,1C745C1C,02C7E72F,54FC4BB8,CF9D669B,4A484522"/><U34/><E64/><V11/><F39/><W51/><G100/><T76/><D118/><U8/><E107/><V70/><F70/><W57/><G26/><T117/><D117/><U16/><E103/><V75/><F75/><W14/><G2/><T135/><D110/><U81/><E81/><V125/><F125/><W74/><G1/><T46/><D46/><U112/><E50/><V79/><F79/><W23/><G74/><T87/><D87/><U93/><E93/><V104/><F11/><W20/><G63/><N who="0" m="40159" /><D53/><U109/><E112/><V130/><F133/><N who="0" m="51274" /><D47/><U42/><E124/><V10/><F10/><N who="3" m="4447" /><G84/><T102/><D37/><U86/><E86/><V43/><F30/><W5/><G5/><T62/><D62/><U105/><E42/><V111/><F111/><W17/><G82/><N who="0" m="45327" /><D102/><U68/><E68/><V6/><F6/><W31/><G31/><T71/><D71/><U3/><E105/><AGARI ba="1,0" hai="27,28,32,105,106" m="45327,51274,40159" machi="105" ten="30,3900,0" yaku="20,1,23,1,52,1" doraHai="60" who="0" fromWho="1" sc="235,42,265,-42,265,0,235,0" /><INIT seed="2,0,0,0,5,43" ten="277,223,265,235" oya="2" hai0="132,99,109,0,94,11,80,69,31,83,68,2,96" hai1="67,63,8,76,119,49,40,108,98,53,95,100,93" hai2="55,65,41,35,72,85,32,121,104,57,130,124,86" hai3="3,113,91,135,131,42,71,33,89,19,103,61,29" shuffle="mt19937ar,77C42D52,2699F2F9,75DD2E03,42B7E2A7,6DCEE78F,E477B133,D1A7F02C,BAF2B829"/><V115/><F115/><W54/><G3/><T90/><D132/><U134/><E134/><V75/><F121/><W87/><G135/><T9/><D31/><U16/><E119/><V117/><F117/><W62/><G113/><T106/><D94/><U64/><E108/><V78/><F104/><W105/><G62/><T27/><D27/><U101/><E76/><V92/><F65/><W13/><G42/><T126/><D126/><U81/><E81/><V116/><F116/><W38/><G38/><T97/><D109/><U114/><E114/><V20/><F41/><W79/><G79/><T44/><D97/><U123/><E123/><V73/><F124/><W84/><G131/><T118/><D118/><U77/><E77/><V5/><F5/><W15/><G29/><T56/><D56/><U17/><E63/><V59/><F130/><W60/><G33/><T88/><REACH who="0" step="1"/><D106/><REACH who="0" step="2"/><U10/><E40/><V52/><F92/><N who="3" m="54311" /><G105/><T22/><D22/><U110/><E110/><V1/><F20/><W26/><G71/><T45/><AGARI ba="0,1" hai="0,2,9,11,44,45,68,69,80,83,88,90,96,99" machi="45" ten="25,12000,2" yaku="1,1,0,1,22,2,52,2,54,1,53,0" doraHai="43" doraHaiUra="21" who="0" fromWho="0" sc="267,130,223,-30,265,-60,235,-30" /><INIT seed="3,0,0,1,0,8" ten="397,193,205,205" oya="3" hai0="126,71,45,19,106,96,90,125,122,60,102,130,98" hai1="12,89,33,100,105,120,61,46,113,16,7,109,64" hai2="110,82,58,74,18,69,53,87,88,21,127,40,50" hai3="32,116,76,103,119,97,11,121,73,91,83,35,34" shuffle="mt19937ar,272D5C93,54230CA0,AEC7909D,DF4CC0A0,4A4CD0D0,C8C2FA60,1204BDBD,41EE0425"/><W0/><G91/><T112/><D45/><U123/><E113/><V26/><F69/><W22/><G22/><T43/><D43/><U54/><E33/><V108/><F74/><W3/><G121/><T20/><D122/><U66/><E109/><V92/><F40/><W129/><G129/><T13/><D112/><U94/><E7/><V75/><F75/><W131/><G131/><T28/><D130/><U72/><E72/><V133/><F133/><W86/><G86/><T52/><D28/><U63/><E100/><V41/><F41/><W4/><REACH who="3" step="1"/><G0/><REACH who="3" step="2"/><T1/><D1/><U70/><E105/><AGARI ba="0,1" hai="3,4,11,32,34,35,73,76,83,97,103,105,116,119" machi="105" ten="40,12000,1" yaku="1,1,2,1,23,2,53,0" doraHai="8" doraHaiUra="111" who="3" fromWho="1" sc="397,0,193,-120,205,0,195,130" /><INIT seed="3,1,0,5,2,57" ten="397,73,205,325" oya="3" hai0="73,92,85,102,117,20,75,89,10,1,35,90,25" hai1="48,63,74,78,16,104,59,41,135,21,125,45,131" hai2="26,84,100,18,67,0,9,127,6,86,134,123,4" hai3="105,106,47,7,46,109,83,52,64,81,62,54,80" shuffle="mt19937ar,0F03770F,D38FE70D,9911975A,0EEF837F,76FD5455,F6FA2C45,3A04C008,D321F42B"/><W119/><G119/><T103/><D117/><U129/><E104/><V15/><F100/><W76/><G7/><T115/><D115/><U66/><E74/><V56/><F56/><W42/><G76/><T128/><D128/><N who="1" m="49227" /><E78/><V5/><F67/><W24/><G24/><T49/><D35/><U79/><E79/><V50/><F50/><W108/><G105/><T133/><D133/><U28/><E28/><V34/><F86/><W3/><G106/><T32/><D32/><U13/><E135/><V122/><F84/><W98/><G98/><T121/><D121/><N who="2" m="46090" /><F134/><W2/><G3/><T97/><D1/><U31/><E31/><N who="2" m="19831" /><F127/><W77/><G77/><T99/><D10/><AGARI ba="1,0" hai="0,4,5,6,9,10,15,18" m="19831,46090" machi="10" ten="30,3900,0" yaku="13,1,34,2" doraHai="57" who="2" fromWho="0" sc="397,-42,73,0,205,42,325,0" /><INIT seed="4,0,0,4,5,121" ten="355,73,247,325" oya="0" hai0="90,95,13,76,28,110,129,69,66,130,84,99,107" hai1="79,19,118,97,40,11,15,131,34,21,135,9,67" hai2="52,12,31,4,83,133,27,1,123,39,23,98,72" hai3="65,86,68,82,45,60,32,44,18,128,58,17,105" shuffle="mt19937ar,ED470484,9BCA38BA,E888319E,62986FEC,D01C7021,52AB5DF4,9851BF74,238E221B"/><T62/><D13/><U124/><E118/><V78/><F123/><W38/><G105/><T49/><D49/><U93/><E79/><V6/><F98/><W61/><G32/><T22/><D22/><U101/><E67/><V50/><F39/><W81/><G81/><N who="0" m="47143" /><D28/><U103/><E40/><V119/><F119/><W73/><G18/><T126/><D107/><U116/><E116/><V87/><F133/><W71/><G17/><T46/><D46/><U70/><E70/><V132/><F72/><W29/><G29/><T7/><D7/><U96/><E34/><V3/><F132/><W43/><G45/><T26/><D26/><U115/><E115/><V85/><F85/><W42/><G42/><T89/><D90/><U0/><E0/><V56/><REACH who="2" step="1"/><F12/><REACH who="2" step="2"/><W14/><G14/><T10/><D10/><U92/><E135/><V5/><AGARI ba="0,1" hai="1,3,4,5,6,23,27,31,50,52,56,78,83,87" machi="5" ten="30,8000,1" yaku="1,1,2,1,0,1,54,1,53,1" doraHai="121" doraHaiUra="51" who="2" fromWho="2" sc="355,-40,73,-20,237,90,325,-20" /><INIT seed="5,0,0,2,4,25" ten="315,53,327,305" oya="1" hai0="98,49,124,106,46,26,72,34,54,27,53,125,123" hai1="43,41,9,128,87,103,4,122,118,63,10,93,0" hai2="127,21,28,135,86,113,76,7,110,80,12,89,112" hai3="82,16,38,111,13,79,77,62,100,30,120,108,6" shuffle="mt19937ar,4A00D0E7,3AE72105,CA7A04C3,9FABD46C,C098DFBC,19E01148,C1FA9B3A,C9B72178"/><U85/><E118/><V50/><F110/><W45/><G120/><T99/><D72/><U56/><E122/><V8/><F127/><W130/><G6/><T11/><D123/><U131/><E85/><V134/><F50/><W64/><G100/><T71/><D11/><U40/><E10/><V47/><F47/><W17/><G45/><T94/><D71/><U121/><E121/><V66/><F66/><W70/><G38/><T129/><D129/><N who="1" m="49739" /><E87/><V24/><REACH who="2" step="1"/><F76/><REACH who="2" step="2"/><W91/><G130/><T51/><D106/><U58/><E63/><V42/><F42/><W115/><G111/><T75/><D46/><U74/><E74/><V78/><F78/><W92/><G108/><T61/><D75/><U31/><E31/><V39/><F39/><W68/><G79/><T73/><D73/><U105/><E105/><V95/><F95/><W84/><G64/><T83/><D61/><U36/><E36/><V117/><F117/><W116/><G62/><T55/><D53/><U1/><E1/><V22/><F22/><W102/><G116/><T5/><D94/><U32/><E32/><V33/><F33/><W133/><G92/><T59/><D34/><U96/><AGARI ba="0,1" hai="0,4,9,40,41,43,56,58,93,96,103" m="49739" machi="96" ten="40,2100,0" yaku="19,1" doraHai="25" who="1" fromWho="1" sc="315,-7,53,31,317,-7,305,-7" /><INIT seed="5,1,0,3,3,11" ten="308,84,310,298" oya="1" hai0="5,19,56,110,95,94,88,87,74,54,78,20,130" hai1="123,32,12,53,4,89,101,34,47,126,77,132,85" hai2="73,71,113,117,63,13,114,80,106,118,69,70,133" hai3="23,86,7,28,43,22,103,90,50,64,79,68,42" shuffle="mt19937ar,4DBAAB8B,08AA78DA,98A14894,4AAC1F6D,C2A2F463,F99BDF1C,0CAC3C18,61005A70"/><U31/><E123/><V134/><F63/><W81/><G68/><N who="2" m="17409" /><V37/><DORA hai="33" /><F13/><W48/><G64/><T131/><D110/><U45/><E101/><V14/><F14/><W127/><G103/><T93/><D5/><U60/><E126/><V51/><F51/><N who="3" m="19499" /><G127/><T82/><D56/><N who="1" m="34831" /><E132/><N who="2" m="50795" /><F106/><W83/><G7/><T55/><D54/><U26/><E34/><V21/><F21/><N who="3" m="7691" /><G28/><T67/><D55/><U119/><E119/><N who="2" m="45579" /><F37/><W75/><G75/><T96/><D67/><U2/><E31/><V59/><F59/><W104/><G104/><T57/><D57/><U36/><E32/><V97/><F97/><W135/><G135/><T10/><D10/><N who="1" m="4167" /><E2/><V116/><N who="2" m="45587" /><V29/><DORA hai="8" /><F29/><W129/><G43/><T125/><D125/><U9/><E36/><V3/><F3/><W49/><G49/><T52/><D52/><U121/><E9/><V72/><F80/><W111/><G42/><T100/><D20/><U38/><E38/><V18/><F18/><W25/><G83/><N who="0" m="45527" /><D19/><U66/><E121/><V39/><F39/><W128/><G79/><T112/><D112/><AGARI ba="1,0" hai="72,73,112,113,114" m="45587,50795,17409" machi="112" ten="60,12000,2" yaku="28,2,15,1,11,1,20,1,31,2" doraHai="11,33,8" who="2" fromWho="0" sc="308,-123,84,0,310,123,298,0" /><INIT seed="6,0,0,5,3,73" ten="185,84,433,298" oya="2" hai0="79,80,5,98,125,66,39,77,132,36,108,68,48" hai1="72,93,69,124,37,62,9,114,27,32,25,7,55" hai2="99,56,24,112,34,35,102,95,90,94,105,83,130" hai3="128,60,122,58,82,116,3,42,87,64,52,118,30" shuffle="mt19937ar,73BBC230,BF61A822,A94DA527,6537B8CC,D0132D9C,637766F6,3E6D9603,A737FD50"/><V129/><F24/><W120/><G3/><T103/><D108/><U84/><E37/><V113/><F56/><W40/><G30/><T126/><D132/><U51/><E114/><N who="2" m="44139" /><F35/><W43/><G128/><N who="2" m="49257" /><F34/><W44/><G87/><AGARI ba="0,0" hai="83,87,90,94,95,99,102,105" m="49257,44139" machi="87" ten="30,11600,0" yaku="15,1,19,1,34,2" doraHai="73" who="2" fromWho="3" sc="185,0,84,0,433,116,298,-116" /><INIT seed="6,1,0,0,4,97" ten="185,84,549,182" oya="2" hai0="129,118,53,88,110,113,13,0,62,87,52,107,43" hai1="63,34,131,32,68,31,11,17,51,10,101,79,82" hai2="122,54,130,38,117,103,119,108,80,58,114,39,105" hai3="84,4,24,125,100,128,120,83,42,124,85,123,78" shuffle="mt19937ar,C00CB453,572E6351,46D72107,9E82BA97,3C2408C7,9AAC72A6,307F3D6C,78339826"/><V94/><F122/><W41/><G24/><T59/><D118/><U56/><E131/><V134/><F80/><W26/><G26/><T76/><D129/><U66/><E32/><V28/><F28/><W12/><G12/><T6/><D0/><U91/><E34/><V40/><F94/><W92/><G4/><T2/><D2/><U95/><E31/><V1/><F1/><W75/><G41/><T70/><D113/><U106/><E106/><V30/><F30/><W55/><G55/><T36/><D107/><U67/><E68/><V61/><F103/><W37/><G42/><T121/><D76/><U19/><E51/><V22/><F22/><W46/><G46/><T57/><D121/><N who="3" m="46665" /><G37/><N who="2" m="13833" /><F105/><W18/><G18/><T74/><D74/><U112/><E112/><V16/><F16/><N who="1" m="6217" /><E67/><V47/><F130/><W3/><G3/><T81/><D110/><U102/><E79/><V69/><F114/><W14/><G14/><T33/><D33/><U98/><E82/><V127/><F108/><W50/><G50/><T5/><D70/><U71/><E71/><V72/><F72/><W49/><G49/><T7/><D43/><U135/><E135/><V132/><F69/><W25/><G25/><T60/><REACH who="0" step="1"/><D36/><REACH who="0" step="2"/><U48/><E48/><N who="2" m="26727" /><F117/><W8/><G128/><T133/><D133/><N who="2" m="51306" /><F119/><W23/><G75/><T21/><D21/><U115/><E115/><V116/><F116/><W93/><G23/><T90/><D90/><U9/><AGARI ba="1,1" hai="9,10,11,56,63,66,91,95,98,101,102" m="6217" machi="9" ten="30,7900,0" yaku="8,1,52,2,54,1" doraHai="97" who="1" fromWho="1" sc="175,-21,84,92,549,-40,182,-21" /><INIT seed="7,0,0,2,0,72" ten="154,176,509,161" oya="3" hai0="70,130,124,9,132,135,33,125,97,122,103,1,123" hai1="44,23,94,115,34,110,73,63,79,109,117,118,60" hai2="46,38,129,47,51,113,35,37,88,114,69,26,43" hai3="6,104,45,25,131,52,107,133,49,85,8,41,18" shuffle="mt19937ar,BE943D5F,0824B370,EEA11EE4,ABD5E37A,2BAF1422,D0DA442F,DBADD1AB,2744BFC8"/><W10/><G131/><T96/><D70/><U64/><E34/><V105/><F105/><W62/><G133/><N who="0" m="51275" /><D33/><U57/><E115/><V28/><F69/><W14/><G85/><T75/><D9/><U71/><E44/><V101/><F101/><W58/><REACH who="3" step="1"/><G25/><REACH who="3" step="2"/><T116/><D1/><AGARI ba="0,1" hai="1,6,8,10,14,18,41,45,49,52,58,62,104,107" machi="1" ten="30,11600,0" yaku="1,1,2,1,7,1,54,1,53,0" doraHai="72" doraHaiUra="66" who="3" fromWho="0" sc="154,-116,176,0,509,0,151,126" /><INIT seed="7,1,0,1,5,74" ten="38,176,509,277" oya="3" hai0="90,116,133,134,15,3,112,50,29,36,2,41,104" hai1="30,39,4,21,37,80,68,131,17,53,38,82,7" hai2="109,58,44,62,34,92,64,26,78,55,130,65,120" hai3="132,60,45,59,66,46,70,108,27,81,88,48,61" shuffle="mt19937ar,881264C3,2F5CCBD7,DAC6CBFD,F3C06BA9,2D11818A,CE1C345E,C6825643,436D00FD"/><W31/><G31/><T24/><D24/><BYE who="0" /><U40/><E68/><V121/><F109/><W117/><G27/><T128/><D128/><U28/><E131/><V98/><F130/><W14/><G14/><T96/><D96/><U9/><E53/><V6/><F6/><W118/><G88/><T56/><D56/><U95/><E40/><V85/><F44/><W49/><G81/><T11/><D11/><U105/><E105/><V18/><F34/><W1/><G1/><T103/><D103/><U75/><E75/><V93/><F93/><W35/><G35/><T135/><D135/><U87/><E95/><V123/><F18/><W32/><G32/><T125/><D125/><U89/><E80/><N who="2" m="47255" /><F26/><W19/><G19/><T100/><D100/><AGARI ba="1,0" hai="55,58,62,64,65,92,98,100,120,121,123" m="47255" machi="100" ten="30,2000,0" yaku="13,1,52,1" doraHai="74" who="2" fromWho="0" sc="38,-23,176,0,509,23,277,0" owari="15,-48,176,-22,532,62,277,8" /></mjloggm>