<mjloggm ver="2.3"><GO type="193"/><UN n0="%E9%AD%94%E4%BA%BA%E3%81%B6%E3%81%86" n1="%E3%82%A6%E3%83%AB%E3%83%88%E3%83%A9%E7%AB%8B%E7%9B%B4" n2="%73%69%6F%72%69%6E%6B%6F" n3="%50%79%6F%6B%65%74%61" dan="12,11,13,11" rate="1670,1749,1764,1824" sx="M,M,M,M"/><TAIKYOKU oya="0"/><INIT seed="0,0,0,5,3,73" ten="250,250,250,250" oya="0" hai0="69,5,28,97,101,9,93,85,64,42,88,131,133" hai1="70,77,27,102,96,36,124,26,11,83,25,79,15" hai2="90,89,54,118,76,120,61,37,112,58,48,122,16" hai3="50,100,74,13,75,23,135,14,108,32,95,84,3" shuffle="mt19937ar,8FE3E7B9,6285232F,574960A3,F9C31EEB,1A684343,461581AB,C09D78EB,457E2A57"/><T67/><D131/><U99/><E36/><V34/><F112/><W53/><G32/><T104/><D133/><U43/><E70/><V125/><F34/><W44/><G3/><T51/><D28/><U24/><E43/><V8/><F37/><W2/><G2/><T33/><D33/><U134/><E134/><V130/><F130/><W10/><G135/><T30/><D30/><U62/><E124/><V57/><F125/><W117/><G117/><T0/><D69/><U21/><E62/><V20/><F122/><W132/><G132/><T63/><D63/><U86/><E21/><V114/><F114/><W121/><G121/><T110/><D110/><U59/><E59/><V19/><F118/><W45/><G108/><T127/><D127/><U56/><E56/><V6/><F120/><W40/><G75/><T22/><REACH who="0" step="1"/><D22/><REACH who="0" step="2"/><U1/><E1/><V123/><F123/><W66/><G66/><T81/><D81/><U71/><E71/><V129/><F129/><W72/><G23/><T7/><D7/><U115/><E115/><V82/><F6/><W38/><G14/><T106/><D106/><U91/><E27/><N who="2" m="14727" /><F19/><W55/><G13/><T41/><D41/><U52/><E52/><N who="2" m="31879" /><F8/><W29/><G10/><T119/><D119/><U18/><REACH who="1" step="1"/><E99/><REACH who="1" step="2"/><V103/><F103/><W78/><G55/><T68/><D68/><U60/><E60/><V116/><F116/><W87/><G29/><T128/><D128/><U49/><E49/><V109/><F109/><W12/><G53/><T94/><D94/><AGARI ba="0,2" hai="11,15,18,24,25,26,77,79,83,86,91,94,96,102" machi="94" ten="40,8000,1" yaku="1,1,8,1,52,2,53,0" doraHai="73" doraHaiUra="39" who="1" fromWho="0" sc="240,-80,240,100,250,0,250,0" /><INIT seed="1,0,0,1,4,25" ten="160,340,250,250" oya="1" hai0="76,32,74,91,89,114,69,28,97,64,120,88,99" hai1="22,133,81,48,84,100,1,102,31,111,9,59,47" hai2="12,21,126,134,15,113,53,51,110,18,57,2,128" hai3="127,38,27,108,105,7,50,77,34,67,39,132,29" shuffle="mt19937ar,EBA7C43A,CEA5BAE3,516F3BAC,E0BAB7B7,7C335AE6,A3A9E57F,ACE0307B,7AEC8376"/><U82/><E133/><V96/><F2/><W65/><G105/><T20/><D120/><U101/><E59/><V73/><F73/><W40/><G132/><T35/><D114/><U16/><E111/><V83/><F110/><W68/><G108/><T62/><D74/><U5/><E31/><V42/><F128/><W93/><G127/><T17/><D76/><U23/><E23/><V19/><F126/><W3/><G77/><T118/><D118/><U8/><E8/><V13/><F113/><W121/><G121/><T78/><D78/><U33/><E33/><V130/><F130/><W112/><G112/><T6/><D6/><U41/><REACH who="1" step="1"/><E84/><REACH who="1" step="2"/><V85/><F134/><W75/><G75/><T72/><D72/><U109/><E109/><V45/><F19/><W71/><G71/><T66/><D66/><U4/><E4/><V86/><F85/><W90/><G65/><T135/><D135/><U63/><E63/><N who="2" m="36271" /><F96/><W56/><G68/><T106/><D106/><U116/><E116/><V49/><F51/><W117/><G117/><T52/><D28/><U92/><E92/><V54/><F42/><W94/><G67/><T98/><REACH who="0" step="1"/><D52/><REACH who="0" step="2"/><U123/><E123/><V0/><F0/><W119/><G119/><T124/><D124/><U55/><E55/><V122/><F122/><W30/><G7/><T44/><D44/><U60/><E60/><V80/><F83/><W58/><G3/><T131/><D131/><U129/><E129/><V10/><F21/><W107/><G107/><T11/><D11/><U70/><E70/><V87/><F80/><W125/><G125/><RYUUKYOKU ba="0,2" sc="150,10,330,10,250,10,250,-30" hai0="17,20,32,35,62,64,69,88,89,91,97,98,99" hai1="1,5,9,16,22,41,47,48,81,82,100,101,102" hai2="10,12,13,15,18,45,49,54,86,87" /><INIT seed="1,1,2,2,2,107" ten="160,340,260,220" oya="1" hai0="69,134,95,78,85,131,31,94,42,29,35,114,84" hai1="99,122,70,41,67,3,2,7,62,121,124,87,48" hai2="68,9,17,92,64,8,24,91,46,25,117,112,0" hai3="90,61,43,14,135,89,44,23,51,126,118,22,50" shuffle="mt19937ar,236FDE15,E158ECC3,4F49D1A7,FB2AED8B,B2956293,F8710093,14DE9EEF,C58B9432"/><U71/><E71/><V16/><F117/><W93/><G61/><T108/><D114/><U40/><E124/><V104/><F68/><W30/><G126/><T96/><D108/><U18/><E99/><V129/><F104/><W73/><G118/><T103/><D131/><U76/><E18/><N who="2" m="7275" /><F129/><W60/><G135/><T11/><D134/><U130/><E130/><V110/><F110/><W33/><G60/><T47/><D69/><U5/><E3/><V36/><F36/><W132/><G132/><T1/><D11/><N who="2" m="4170" /><F112/><W63/><G63/><T98/><D1/><U111/><E111/><V32/><F0/><W123/><G123/><T125/><D125/><U80/><E2/><V39/><F39/><W101/><G14/><T28/><D35/><U56/><E70/><V19/><N who="2" m="7283" /><V65/><DORA hai="54" /><F32/><W127/><G127/><T26/><D26/><N who="2" m="10346" /><F46/><W128/><G128/><T119/><D119/><U83/><E121/><V75/><F75/><W97/><G33/><T57/><D57/><U34/><E34/><V120/><F120/><W4/><G4/><N who="1" m="1610" /><E122/><V45/><F45/><W88/><G51/><T10/><D10/><U86/><E48/><V58/><F58/><W77/><REACH who="3" step="1"/><G30/><REACH who="3" step="2"/><T72/><D72/><U113/><E113/><V21/><F21/><W37/><G37/><T100/><REACH who="0" step="1"/><D78/><AGARI ba="1,3" hai="40,41,56,62,67,76,78,80,83,86,87" m="1610" machi="78" ten="30,2900,0" yaku="8,1,52,1" doraHai="107,54" who="1" fromWho="0" sc="160,-32,340,62,260,0,210,0" /><INIT seed="1,2,0,2,2,70" ten="128,402,260,210" oya="1" hai0="26,128,57,12,113,117,82,17,114,51,123,34,131" hai1="37,9,19,61,25,44,59,22,58,3,67,129,89" hai2="64,88,35,76,108,45,133,66,31,102,33,21,83" hai3="79,103,119,27,97,96,56,15,73,39,50,7,2" shuffle="mt19937ar,27559C3F,16C7CB87,9FB8B237,891187F5,541EB6A3,7C6970E1,9C4AA641,2EFEE206"/><U40/><E129/><N who="0" m="49737" /><D82/><U84/><E3/><V32/><F102/><W46/><G2/><T63/><D57/><U10/><REACH who="1" step="1"/><E59/><REACH who="1" step="2"/><V109/><F76/><W115/><G115/><N who="0" m="44043" /><D63/><U132/><E132/><V77/><F133/><W16/><G7/><T130/><D51/><U14/><E14/><V81/><F77/><W98/><G103/><T118/><D130/><U121/><E121/><V13/><F13/><W85/><G119/><N who="0" m="45579" /><D26/><U74/><E74/><V99/><F45/><W125/><G56/><T72/><D72/><U5/><E5/><V91/><F64/><W41/><G73/><T126/><D34/><U100/><E100/><V28/><F66/><W110/><G27/><T65/><D65/><U42/><E42/><V116/><F116/><W6/><G6/><T60/><D60/><U107/><E107/><V122/><F122/><W95/><G50/><T62/><D62/><U105/><E105/><V43/><F43/><W20/><G79/><T78/><D78/><U55/><E55/><V30/><F21/><W36/><G41/><T38/><D38/><U23/><E23/><V134/><F134/><W93/><G46/><T1/><D1/><U112/><E112/><V111/><F99/><W75/><G75/><T135/><D135/><U90/><E90/><AGARI ba="2,1" hai="28,30,31,32,33,35,81,83,88,90,91,108,109,111" machi="90" ten="60,12000,2" yaku="29,2,28,2,14,1,54,1" doraHai="70" who="2" fromWho="1" sc="128,0,392,-126,260,136,210,0" /><INIT seed="2,0,0,2,0,84" ten="128,266,396,210" oya="2" hai0="5,19,89,90,128,134,76,31,40,28,117,34,42" hai1="101,135,57,70,24,20,55,10,130,47,68,110,77" hai2="14,87,78,104,123,114,119,54,86,96,46,121,52" hai3="4,108,23,109,124,133,38,22,120,8,74,43,33" shuffle="mt19937ar,38A9A7A7,FF377F34,4B435B42,48A56047,A6372542,4C9844AE,F8E32AF5,433C9564"/><V53/><F119/><W71/><G43/><T129/><D117/><U27/><E77/><V106/><F114/><W72/><G71/><T30/><D5/><U29/><E47/><V63/><F78/><W17/><G38/><T132/><D76/><U102/><E130/><N who="0" m="50281" /><D19/><U80/><E110/><N who="3" m="42602" /><G74/><T45/><D34/><U36/><E135/><N who="0" m="51753" /><D45/><U50/><E36/><V122/><F46/><W85/><G72/><T18/><D18/><U58/><E70/><V93/><F14/><W21/><G133/><T61/><D61/><U115/><E68/><V97/><F63/><W62/><G62/><T125/><D40/><U56/><E115/><V0/><F0/><W112/><G112/><T60/><D42/><U98/><E80/><V11/><F11/><W7/><G120/><T118/><D60/><U32/><E10/><V103/><F93/><W69/><G69/><T39/><D39/><U12/><E27/><V111/><F111/><W26/><G33/><T95/><D118/><U49/><E32/><V13/><F13/><N who="3" m="5255" /><G7/><T65/><D65/><U75/><E12/><V91/><F91/><N who="0" m="34826" /><D95/><U73/><E50/><V51/><F51/><W67/><G67/><T37/><D37/><U25/><E49/><V48/><F48/><W105/><G22/><T15/><D15/><U44/><E20/><V82/><F82/><W41/><G23/><T83/><D83/><U99/><E44/><V100/><AGARI ba="0,0" hai="52,53,54,86,87,96,97,100,103,104,106,121,122,123" machi="100" ten="40,7800,0" yaku="0,1,9,1,54,1" doraHai="84" who="2" fromWho="2" sc="128,-26,266,-26,396,78,210,-26" /><INIT seed="2,1,0,1,3,71" ten="102,240,474,184" oya="2" hai0="46,84,103,133,54,134,47,25,97,12,6,22,128" hai1="40,33,69,121,85,51,27,9,5,8,41,28,119" hai2="129,30,24,68,82,116,64,50,56,70,21,131,45" hai3="44,83,117,36,15,53,93,11,125,94,52,14,108" shuffle="mt19937ar,05B75494,C57894EF,441F61F5,50310F5B,2CF24DFF,9DDD0D4B,3B064030,EF9BAEFF"/><V26/><F116/><W111/><G83/><T31/><D128/><N who="2" m="49226" /><F82/><W60/><G117/><T102/><D133/><U118/><E69/><V107/><F107/><W75/><G75/><T20/><D134/><U10/><E121/><V99/><F99/><W95/><G125/><T101/><D84/><U104/><E104/><V23/><F56/><W59/><G53/><T3/><D3/><U123/><E123/><V109/><F64/><W90/><G90/><T16/><D6/><U100/><E119/><V1/><F1/><W61/><G61/><T86/><D86/><U55/><E118/><V32/><F109/><N who="3" m="42059" /><G11/><T105/><REACH who="0" step="1"/><D54/><REACH who="0" step="2"/><U39/><E5/><V4/><F4/><W43/><AGARI ba="1,1" hai="14,15,36,43,44,52,59,60,93,94,95" m="42059" machi="43" ten="40,5200,0" yaku="14,1,52,1,54,1" doraHai="71" who="3" fromWho="3" sc="92,-14,240,-14,474,-27,184,65" /><INIT seed="3,0,0,3,5,42" ten="78,226,447,249" oya="3" hai0="32,14,115,56,15,26,62,10,40,19,111,112,27" hai1="92,41,3,94,30,78,7,73,89,124,128,39,67" hai2="11,81,72,47,21,69,53,132,9,33,20,2,127" hai3="8,106,50,51,99,18,34,135,70,4,59,16,116" shuffle="mt19937ar,6B1CDB44,1684D0CD,AFA3745E,2CB4CFB2,234FBB06,EA35C93D,D7D0D297,F94CBCC9"/><W90/><G70/><T87/><D40/><U60/><E124/><V93/><F127/><W119/><G34/><T65/><D87/><U130/><E30/><V129/><F132/><W63/><G135/><T52/><D111/><U86/><E78/><V77/><F129/><W91/><G106/><T1/><D1/><U23/><E73/><V98/><F69/><W68/><G68/><T58/><D115/><U110/><E110/><V71/><F71/><W46/><G119/><T107/><D112/><U109/><E109/><V96/><F33/><W17/><G116/><T36/><D107/><U126/><E126/><V43/><F53/><W123/><G123/><T37/><D36/><U108/><E108/><V82/><F81/><W121/><G121/><T113/><D37/><U97/><E23/><V25/><F93/><W120/><G120/><T125/><D113/><U134/><E134/><V6/><F11/><W114/><G114/><T12/><D125/><U103/><E60/><V49/><F21/><W61/><G99/><T122/><D122/><U13/><E67/><V48/><F49/><W31/><G31/><AGARI ba="0,0" hai="2,6,9,20,25,31,43,47,48,72,77,82,96,98" machi="31" ten="30,2000,0" yaku="7,1,52,1" doraHai="42" who="2" fromWho="3" sc="78,0,226,0,447,20,249,-20" owari="78,-32,226,-12,467,46,229,-2" /></mjloggm>