<mjloggm ver="2.3"><GO type="97"/><UN n0="%E3%82%A6%E3%83%AB%E3%83%88%E3%83%A9%E7%AB%8B%E7%9B%B4" n1="%6C%61%67%61%76%75" n2="%73%61%72%75%31%30%30%30" n3="%43%4F%52%52%49%4E" dan="13,15,15,13" rate="1872,2005,1893,1855" sx="M,M,M,M"/><TAIKYOKU oya="0"/><INIT seed="0,0,0,5,4,29" ten="250,250,250,250" oya="0" hai0="34,83,60,33,10,134,37,35,73,126,55,94,44" hai1="121,14,38,0,112,59,131,3,36,106,13,117,18" hai2="96,30,108,66,63,119,51,77,25,27,87,111,40" hai3="21,79,113,47,103,43,110,129,123,102,75,20,135" shuffle="mt19937ar,DEDE0D42,F822AB5A,F41C8BF7,4007DD33,49ED56D6,AC8492C1,0B2160EF,0681DD42"/><T39/><D126/><U90/><E121/><V54/><F119/><W7/><G113/><T68/><D134/><U46/><E117/><V98/><F40/><W22/><G110/><N who="2" m="42025" /><F27/><W1/><G129/><T107/><D107/><U74/><E131/><V120/><F87/><W45/><G135/><T133/><D133/><U85/><E74/><V4/><F4/><W89/><G123/><T78/><D10/><U53/><E112/><V8/><F8/><W116/><G116/><T6/><D6/><U92/><E106/><V42/><F42/><W49/><G47/><T99/><D44/><U104/><E104/><V23/><F77/><W115/><G115/><T109/><D109/><U28/><E14/><V12/><F12/><W32/><G32/><T65/><REACH who="0" step="1"/><D55/><REACH who="0" step="2"/><U118/><E46/><N who="2" m="28023" /><F120/><W19/><G45/><T62/><D62/><U61/><E118/><V125/><F125/><W101/><G7/><T57/><D57/><AGARI ba="0,1" hai="23,25,30,57,63,66,96,98" m="28023,42025" machi="57" ten="30,1000,0" yaku="14,1" doraHai="29" who="2" fromWho="0" sc="240,-10,250,0,250,20,250,0" /><INIT seed="1,0,0,2,0,5" ten="230,250,270,250" oya="1" hai0="57,64,56,38,107,122,45,126,74,62,109,63,94" hai1="3,69,61,50,86,80,70,37,20,84,36,85,8" hai2="65,1,83,9,100,42,53,71,18,116,125,11,27" hai3="31,52,92,21,99,58,60,54,93,67,68,19,117" shuffle="mt19937ar,012F8F88,9C372324,2DBC17E7,063F719D,4931B5AD,660206B8,D29D79B4,0AB97552"/><U17/><E80/><V13/><F116/><W76/><G76/><T118/><D107/><U30/><E50/><V2/><F42/><W7/><G31/><T26/><D74/><U123/><E123/><V97/><F83/><W132/><G54/><T87/><D118/><U44/><E30/><V130/><F53/><W25/><G132/><T75/><D75/><U134/><E134/><V79/><F79/><W12/><G117/><T102/><D122/><U98/><E98/><V14/><F65/><W127/><G127/><T51/><D126/><U82/><E82/><V47/><F71/><W110/><G110/><T120/><D38/><U101/><E101/><V111/><F47/><W0/><G0/><N who="2" m="105" /><F97/><W77/><G77/><T121/><D109/><U124/><E124/><V90/><F90/><W59/><G68/><T10/><D120/><U115/><E70/><V108/><F100/><W43/><G43/><T135/><D121/><U131/><E44/><V23/><F125/><W46/><G46/><T34/><D135/><U35/><E37/><V81/><F81/><W114/><G114/><T128/><D128/><U78/><E131/><V133/><F133/><W6/><G93/><T113/><D113/><U95/><E61/><V41/><F41/><W49/><G25/><T24/><D34/><U104/><E104/><V29/><F130/><W96/><G96/><T105/><D105/><U28/><E36/><V106/><F106/><W91/><AGARI ba="0,0" hai="6,7,12,19,21,49,52,58,59,60,67,91,92,99" machi="91" ten="20,5200,0" yaku="0,1,7,1,8,1,54,1" doraHai="5" who="3" fromWho="3" sc="230,-13,250,-26,270,-13,250,52" /><INIT seed="2,0,0,5,1,76" ten="217,224,257,302" oya="2" hai0="34,38,78,17,77,19,52,125,61,12,130,110,46" hai1="68,39,116,93,70,135,56,109,0,95,88,6,99" hai2="30,33,7,32,20,15,24,114,96,104,10,64,107" hai3="40,134,47,26,66,106,118,128,62,83,71,31,115" shuffle="mt19937ar,BACA064F,1086C3EB,EC9F57FA,570324D3,87CE3663,67487FAC,0940B01F,3CEAC282"/><V9/><F64/><W79/><G118/><T86/><D34/><N who="2" m="13418" /><F96/><W81/><G106/><T120/><D120/><U2/><E116/><V75/><F75/><W105/><G134/><T22/><D125/><U58/><E135/><V85/><F85/><W111/><G128/><T121/><D130/><U48/><E39/><V5/><F104/><W92/><G111/><T43/><D110/><U57/><E109/><V82/><F82/><W124/><G115/><T44/><D121/><U50/><E70/><V113/><F107/><W3/><G105/><T100/><D100/><U11/><E68/><V89/><F89/><W72/><G3/><AGARI ba="0,0" hai="3,5,7,9,10,15,20,24,30,113,114" m="13418" machi="3" ten="30,2900,0" yaku="34,2" doraHai="76" who="2" fromWho="3" sc="217,0,224,0,257,29,302,-29" /><INIT seed="2,1,0,2,5,122" ten="217,224,286,273" oya="2" hai0="20,128,135,75,76,68,63,119,16,6,78,62,8" hai1="134,123,26,48,105,32,88,24,117,124,93,0,17" hai2="64,29,37,33,130,94,55,10,109,14,103,125,132" hai3="127,18,15,23,49,53,59,13,101,112,27,91,92" shuffle="mt19937ar,70394D88,BF98D280,4214F76A,F4AF32FA,FA55BB9C,ACBBDE6D,B37783B9,E952A062"/><V89/><F37/><W81/><G127/><T51/><D128/><U98/><E117/><V58/><F64/><W84/><G112/><T44/><D135/><U25/><E134/><V54/><F125/><W19/><G101/><T97/><D119/><U40/><E124/><V61/><F132/><W3/><G3/><T121/><D121/><U114/><E114/><V43/><F103/><W70/><G70/><T87/><D75/><U79/><E0/><V113/><F43/><W12/><G18/><T108/><D97/><U5/><E5/><V2/><F2/><W34/><G34/><T90/><D68/><U111/><E32/><V99/><F113/><W1/><G1/><T7/><D8/><U104/><E79/><N who="0" m="30249" /><D108/><U80/><E111/><V21/><F33/><W30/><G30/><T56/><D56/><U83/><E123/><V116/><F116/><W100/><G27/><N who="0" m="14727" /><D6/><U36/><E36/><V28/><F109/><W46/><G46/><T65/><D7/><U110/><E110/><V102/><F130/><W22/><G22/><T4/><D4/><U9/><E105/><V41/><F41/><W38/><G38/><T86/><D65/><U95/><E104/><V129/><F129/><W42/><G42/><N who="0" m="24983" /><D87/><U11/><E11/><V73/><F73/><W115/><G115/><T126/><D126/><U71/><E71/><V57/><F21/><W45/><G45/><T120/><D120/><U107/><E107/><V52/><F102/><W66/><G66/><T31/><D31/><N who="2" m="11850" /><F58/><W131/><G131/><T96/><D96/><AGARI ba="1,0" hai="12,13,15,19,23,49,53,59,81,84,91,92,96,100" machi="96" ten="40,1300,0" yaku="8,1" doraHai="122" who="3" fromWho="0" sc="217,-16,224,0,286,0,273,16" /><INIT seed="3,0,0,5,4,34" ten="201,224,286,289" oya="3" hai0="31,118,3,59,41,70,114,116,131,39,58,6,0" hai1="33,109,107,24,124,122,40,69,1,80,10,28,110" hai2="16,135,25,62,91,132,56,60,45,71,84,127,134" hai3="103,9,98,36,128,119,63,129,4,95,26,48,8" shuffle="mt19937ar,F802E786,35F9DB08,5AB2D2C6,5201E2D9,C69C4CB7,790DF479,0BD0A511,C57BCF1F"/><W44/><G36/><T52/><D70/><U50/><E107/><V117/><F117/><W65/><G119/><T2/><D6/><N who="1" m="1359" /><E69/><V94/><F127/><W37/><G26/><T102/><D116/><U120/><E80/><V51/><F56/><W133/><G133/><T112/><D118/><U125/><E50/><V20/><F71/><N who="3" m="42431" /><G37/><T49/><D41/><AGARI ba="0,0" hai="16,20,25,41,45,51,60,62,84,91,94,132,134,135" machi="41" ten="40,2600,0" yaku="20,1,54,1" doraHai="34" who="2" fromWho="0" sc="201,-26,224,0,286,26,289,0" owari="175,-22,224,-13,312,31,289,4" /></mjloggm>