<mjloggm ver="2.3"><GO type="41"/><UN n0="%E3%82%B9%E3%82%AB%E3%83%B3%E3%82%AF%E3%82%B9" n1="%E3%83%99%E3%83%AB%E3%82%AF" n2="%E4%B8%83%E9%A6%99" n3="%E3%82%A6%E3%83%AB%E3%83%88%E3%83%A9%E7%AB%8B%E7%9B%B4" dan="14,14,15,15" rate="1964,2064,1977,1982" sx="F,M,F,M"/><TAIKYOKU oya="0"/><INIT seed="0,0,0,0,0,28" ten="250,250,250,250" oya="0" hai0="2,25,26,31,133,7,8,64,59,54,43,72,51" hai1="73,56,41,132,89,15,50,74,18,69,36,45,12" hai2="127,14,81,13,71,82,95,88,102,122,58,91,103" hai3="78,105,117,118,48,131,55,30,67,104,135,125,108"/><T129/><D26/><U62/><E132/><V33/><F71/><W44/><G78/><T11/><D133/><U34/><E15/><V63/><F127/><W9/><G135/><T97/><D129/><U0/><E0/><V83/><F122/><W90/><G105/><T42/><D72/><U66/><E89/><V98/><F33/><W37/><G104/><T79/><D79/><U65/><E34/><V3/><F3/><W57/><G30/><T52/><D64/><U20/><REACH who="1" step="1"/><E66/><REACH who="1" step="2"/><V35/><F35/><W23/><G90/><T40/><D11/><U49/><E49/><V68/><F91/><W1/><G1/><T124/><D124/><U53/><AGARI ba="0,1" hai="12,18,20,36,41,45,50,53,56,62,65,69,73,74" machi="53" ten="30,8000,1" yaku="1,1,0,1,24,2,53,1" doraHai="28" doraHaiUra="10" who="1" fromWho="1" sc="250,-40,240,90,250,-20,250,-20" /><INIT seed="1,0,0,0,0,47" ten="210,330,230,230" oya="1" hai0="10,95,4,41,74,84,67,91,107,110,73,11,20" hai1="122,17,102,85,27,76,8,69,63,45,75,71,123" hai2="58,37,44,116,38,12,78,54,70,22,86,19,52" hai3="60,53,24,50,29,83,3,59,51,25,77,105,28"/><U94/><E45/><V57/><F70/><W40/><G105/><T18/><D107/><U97/><E71/><V101/><F116/><W114/><G3/><T6/><D110/><U66/><E75/><V120/><F120/><W0/><G0/><T36/><D67/><U126/><E126/><V109/><F109/><W72/><G114/><T108/><D108/><U34/><E8/><V93/><F44/><W104/><G104/><T39/><D11/><U112/><E112/><V80/><F101/><W46/><G25/><T16/><D18/><U92/><E92/><V132/><F132/><W7/><G7/><T65/><D41/><U61/><E61/><V9/><F93/><W49/><G28/><T133/><D65/><U124/><E124/><V129/><F129/><W55/><REACH who="3" step="1"/><G40/><REACH who="3" step="2"/><T135/><D135/><U79/><E123/><V134/><F134/><W87/><G87/><T98/><D133/><U131/><E122/><V113/><F113/><W89/><G89/><T43/><D43/><U2/><E2/><V33/><F86/><W14/><G14/><T35/><D6/><U23/><E131/><V48/><F12/><W96/><G96/><T82/><D74/><U127/><E127/><V21/><F19/><W81/><G81/><T99/><D73/><U32/><REACH who="1" step="1"/><E85/><REACH who="1" step="2"/><V100/><F80/><W56/><G56/><T90/><D99/><U15/><E15/><V30/><F57/><W106/><G106/><T118/><D98/><U128/><E128/><V64/><F58/><W62/><G62/><T5/><D84/><U1/><E1/><V88/><F78/><AGARI ba="0,2" hai="17,23,27,32,34,63,66,69,76,78,79,94,97,102" machi="78" ten="40,3900,0" yaku="1,1,6,1,53,0" doraHai="47" doraHaiUra="115" who="1" fromWho="2" sc="210,0,320,59,230,-39,220,0" /><INIT seed="1,1,0,4,4,101" ten="210,379,191,220" oya="1" hai0="52,47,34,62,49,24,120,43,32,17,77,112,102" hai1="61,82,11,30,84,58,86,124,121,131,14,33,108" hai2="50,125,79,72,126,78,44,12,133,55,20,114,23" hai3="106,111,73,65,107,35,109,117,46,99,48,40,129"/><U75/><E121/><V91/><F133/><W70/><G99/><T37/><D112/><U123/><E123/><V7/><F114/><W2/><G2/><T88/><D120/><U3/><E3/><V100/><F100/><W25/><G73/><T134/><D134/><U71/><E71/><V68/><F68/><W28/><G117/><T90/><D34/><U119/><E119/><V16/><F7/><W6/><G6/><T97/><D77/><U21/><E33/><V54/><F54/><W104/><G48/><T9/><D62/><U94/><E75/><V67/><F67/><W122/><G122/><T115/><D115/><U31/><E131/><V64/><F64/><W56/><G56/><T92/><D9/><U113/><E113/><V69/><F69/><W18/><G18/><T98/><D98/><U87/><E124/><N who="2" m="47723" /><F72/><W135/><G135/><T27/><D27/><N who="1" m="16751" /><E31/><V95/><F23/><W10/><G10/><T63/><D63/><U8/><E108/><N who="3" m="41546" /><G129/><T15/><D15/><U103/><E82/><V85/><AGARI ba="1,0" hai="12,16,20,44,50,55,78,79,85,91,95" m="47723" machi="85" ten="30,2000,0" yaku="18,1,54,1" doraHai="101" who="2" fromWho="2" sc="210,-6,379,-11,191,23,220,-6" /><INIT seed="2,0,0,5,1,28" ten="204,368,214,214" oya="2" hai0="109,62,79,55,67,13,110,125,38,127,41,122,86" hai1="72,89,12,3,81,21,42,44,98,83,15,87,76" hai2="43,27,30,1,33,32,51,95,0,102,116,93,20" hai3="24,134,49,18,61,129,48,16,46,105,2,90,108"/><V45/><F116/><W10/><G105/><T69/><D122/><U131/><E131/><V56/><F0/><W40/><G129/><T119/><D79/><U92/><E3/><V65/><F1/><W96/><G134/><T63/><D86/><U101/><REACH who="1" step="1"/><E21/><REACH who="1" step="2"/><V103/><F20/><W54/><G108/><N who="0" m="41579" /><D119/><U23/><E23/><V126/><F126/><N who="0" m="48138" /><D13/><U37/><AGARI ba="0,1" hai="12,15,37,42,44,72,76,81,83,87,89,92,98,101" machi="37" ten="20,2700,0" yaku="1,1,0,1,7,1,53,0" doraHai="28" doraHaiUra="124" who="1" fromWho="1" sc="204,-7,358,37,214,-13,214,-7" /><INIT seed="3,0,0,4,5,62" ten="197,395,201,207" oya="3" hai0="55,7,65,104,118,33,76,124,82,30,98,125,2" hai1="100,94,43,31,113,48,47,38,32,81,20,131,1" hai2="37,3,15,66,61,107,117,16,115,72,11,127,23" hai3="36,93,8,91,70,95,92,71,116,123,74,126,79"/><W4/><G123/><T85/><D118/><U49/><E113/><V87/><F117/><W6/><G116/><T67/><D55/><U130/><E1/><V80/><F127/><N who="0" m="48714" /><D30/><U54/><E32/><V119/><F119/><W59/><G126/><T114/><D114/><U109/><E109/><V34/><F115/><W24/><G36/><T14/><D2/><U56/><E81/><V96/><F37/><W111/><G111/><T39/><D39/><U60/><E100/><V83/><F34/><W44/><G44/><T41/><D41/><U21/><E94/><V68/><F72/><W89/><G24/><T86/><D33/><U105/><E105/><V135/><F135/><W112/><G112/><T133/><D133/><U58/><E31/><V106/><F96/><W129/><G74/><T51/><D51/><U121/><E121/><V19/><F80/><W90/><G79/><T35/><D35/><U110/><E110/><V12/><REACH who="2" step="1"/><F3/><REACH who="2" step="2"/><W102/><G102/><N who="0" m="62551" /><D86/><U10/><E38/><V26/><F26/><W88/><N who="3" m="23040" /><DORA hai="22" /><W132/><G132/><T103/><D103/><U27/><E27/><V40/><F40/><W78/><G78/><AGARI ba="0,1" hai="11,12,15,16,19,23,61,66,68,78,83,87,106,107" machi="78" ten="30,7700,0" yaku="1,1,7,1,52,1,54,1,53,0" doraHai="62,22" doraHaiUra="53,97" who="2" fromWho="3" sc="197,0,395,0,191,87,207,-77" /><INIT seed="4,0,0,3,1,96" ten="197,395,278,130" oya="0" hai0="125,106,13,118,36,22,9,32,74,37,80,34,91" hai1="1,84,115,92,30,29,39,86,102,66,112,6,109" hai2="105,117,116,98,40,101,113,48,11,54,119,2,45" hai3="82,23,26,120,71,83,123,53,90,131,135,99,52"/><T49/><D118/><U69/><E39/><V76/><F113/><N who="1" m="43593" /><E109/><V58/><F76/><W75/><G71/><T38/><D106/><U124/><E124/><V19/><F19/><W31/><G131/><T77/><D125/><U68/><E6/><V8/><REACH who="2" step="1"/><F2/><REACH who="2" step="2"/><W67/><G135/><T127/><D127/><U79/><E1/><V56/><F56/><W134/><G134/><T62/><D91/><N who="1" m="53351" /><E79/><V78/><F78/><W65/><G75/><T20/><D34/><U15/><E69/><V85/><F85/><N who="3" m="50487" /><G99/><T122/><D32/><U51/><E86/><V97/><F97/><W60/><G83/><T5/><D122/><N who="3" m="46633" /><G67/><T88/><D74/><U61/><E66/><V41/><F41/><W28/><G28/><T27/><D77/><U95/><E30/><V10/><F10/><W42/><G42/><T107/><D9/><U111/><E29/><V129/><F129/><W73/><G73/><T21/><D5/><U108/><E68/><V16/><F16/><W93/><G93/><T57/><D57/><U72/><E95/><V18/><F18/><W100/><G65/><T44/><D44/><U12/><E72/><V59/><F59/><N who="3" m="34919" /><G53/><T81/><D81/><U46/><E108/><V130/><F130/><W24/><G24/><T89/><D27/><U4/><E111/><V133/><F133/><W3/><G3/><T103/><D80/><U110/><E110/><V63/><AGARI ba="0,1" hai="8,11,40,45,48,54,58,63,98,101,105,116,117,119" machi="63" ten="30,12000,2" yaku="1,1,0,1,12,1,52,1,53,3" doraHai="96" doraHaiUra="114" who="2" fromWho="2" sc="197,-60,395,-30,268,130,130,-30" /><INIT seed="5,0,0,3,0,41" ten="137,365,398,100" oya="1" hai0="95,7,80,83,9,129,55,13,29,24,92,108,77" hai1="88,131,116,63,122,98,68,14,23,67,115,64,45" hai2="79,89,72,17,43,109,117,58,66,127,118,34,126" hai3="26,32,49,81,93,96,39,84,107,121,86,73,2"/><U97/><E122/><V51/><F34/><W90/><G39/><T25/><D108/><U69/><E116/><V106/><F106/><W65/><G2/><T0/><D129/><U78/><E78/><V46/><F109/><W33/><G121/><T120/><D120/><U70/><E131/><V94/><F72/><W44/><G65/><T19/><D25/><U3/><E3/><V71/><F79/><W36/><G36/><T11/><D55/><U111/><E111/><V61/><F17/><W21/><G73/><T60/><D60/><U27/><E115/><V6/><F6/><W30/><G107/><T135/><D135/><U40/><E14/><V8/><F8/><W110/><G110/><T103/><D103/><U134/><E134/><V28/><F28/><W57/><G57/><T85/><REACH who="0" step="1"/><D83/><REACH who="0" step="2"/><U38/><E67/><V16/><F117/><W119/><G119/><T12/><D12/><U130/><E130/><V114/><F118/><W20/><G33/><AGARI ba="0,1" hai="0,7,9,11,13,19,24,29,33,77,80,85,92,95" machi="33" ten="30,2000,0" yaku="1,1,7,1,53,0" doraHai="41" doraHaiUra="59" who="0" fromWho="3" sc="127,30,365,0,398,0,100,-20" /><INIT seed="6,0,0,3,3,103" ten="157,365,398,80" oya="2" hai0="42,0,14,29,20,100,67,76,10,75,65,126,95" hai1="94,21,35,70,93,56,30,71,135,17,72,91,49" hai2="59,108,48,33,34,5,127,125,89,22,40,16,46" hai3="85,107,82,12,116,122,63,109,43,41,4,128,86"/><V110/><F5/><W31/><G122/><T134/><D134/><U44/><E72/><V38/><F89/><W104/><G116/><T87/><D75/><U120/><E35/><V24/><F59/><W119/><G119/><T99/><D126/><N who="2" m="48138" /><F38/><W101/><G109/><AGARI ba="0,0" hai="16,22,24,33,34,40,46,48,108,109,110" m="48138" machi="109" ten="30,5800,0" yaku="10,1,18,1,54,1" doraHai="103" who="2" fromWho="3" sc="157,0,365,0,398,58,80,-58" /><INIT seed="6,1,0,5,1,21" ten="157,365,456,22" oya="2" hai0="125,42,50,11,66,56,41,57,81,135,51,102,105" hai1="13,134,84,87,0,65,124,100,61,73,4,68,131" hai2="10,16,47,1,120,121,30,18,91,119,46,9,117" hai3="35,25,39,113,98,59,5,85,101,23,109,90,53"/><V129/><F91/><W43/><G35/><T26/><D125/><U28/><E73/><V104/><F104/><W83/><G5/><T75/><D135/><U96/><E0/><V31/><REACH who="2" step="1"/><F1/><REACH who="2" step="2"/><W3/><G109/><T24/><D105/><N who="1" m="63623" /><E134/><V32/><F32/><W22/><G3/><T97/><D102/><U2/><E2/><V17/><F17/><W106/><G113/><T118/><D118/><U92/><E124/><V95/><F95/><W8/><G8/><T78/><D11/><U34/><E92/><V88/><F88/><W20/><G43/><T38/><D38/><U63/><E34/><V115/><F115/><W71/><G39/><T93/><D93/><U12/><E131/><AGARI ba="1,1" hai="9,10,16,18,30,31,46,47,117,119,120,121,129,131" machi="131" ten="25,9600,0" yaku="1,1,22,2,54,1,53,0" doraHai="21" doraHaiUra="36" who="2" fromWho="1" sc="157,0,365,-99,446,109,22,0" /><INIT seed="6,2,0,5,0,11" ten="157,266,555,22" oya="2" hai0="68,104,15,55,125,91,106,112,118,88,119,59,134" hai1="100,130,123,46,131,34,25,124,109,108,30,58,2" hai2="36,65,81,61,18,66,0,80,89,45,51,8,10" hai3="33,76,5,95,107,7,52,14,132,135,117,43,38"/><V49/><F0/><W74/><G107/><T105/><D68/><U17/><E123/><V3/><F3/><W32/><G43/><T41/><D41/><U94/><E2/><V19/><F36/><W47/><G38/><T116/><D112/><U90/><E124/><V120/><F120/><W71/><G71/><T1/><D1/><U127/><E127/><V39/><F39/><W54/><G76/><T16/><D125/><U22/><E100/><V84/><F61/><W56/><G95/><T62/><D134/><N who="3" m="51241" /><G74/><T121/><D121/><U96/><E46/><V133/><F133/><W50/><G117/><T57/><D57/><U42/><E42/><V86/><F45/><W126/><G126/><T122/><D122/><U87/><E58/><V4/><F89/><W26/><G26/><T20/><AGARI ba="2,0" hai="15,16,20,55,59,62,88,91,104,105,106,116,118,119" machi="20" ten="40,8000,1" yaku="0,1,12,1,52,1,54,2" doraHai="11" who="0" fromWho="0" sc="157,86,266,-22,555,-42,22,-22" /><INIT seed="7,0,0,0,4,113" ten="243,244,513,0" oya="3" hai0="84,58,68,117,105,59,131,126,32,67,90,54,49" hai1="114,112,69,62,124,38,108,123,52,2,83,120,82" hai2="27,28,134,23,60,93,29,36,61,33,88,42,14" hai3="71,39,22,80,72,31,122,64,55,77,102,128,76"/><W121/><G64/><T127/><D105/><U46/><E108/><V9/><F134/><W97/><G71/><T12/><D32/><U116/><E2/><V101/><F101/><W5/><G39/><T37/><D37/><U30/><E30/><V18/><F36/><W87/><G22/><T45/><D117/><U4/><E4/><N who="2" m="3367" /><F42/><W89/><G31/><N who="2" m="11849" /><F33/><W85/><G55/><T3/><D3/><U63/><E116/><V6/><F6/><W26/><G26/><T48/><D131/><U7/><E7/><V15/><F15/><W73/><G5/><T1/><D1/><U25/><E38/><V129/><F129/><W96/><G128/><T111/><D111/><U100/><E100/><V35/><F35/><W70/><G70/><T8/><D68/><U103/><E103/><V16/><F16/><W115/><G102/><T43/><D67/><U95/><E69/><V118/><F118/><W21/><G21/><T56/><D127/><U17/><E124/><V92/><F92/><W20/><G20/><T10/><D126/><U130/><E95/><V51/><F51/><W94/><G115/><T132/><D132/><U41/><E130/><V24/><F24/><W47/><G47/><N who="0" m="27935" /><D12/><U74/><E114/><V13/><F13/><W53/><G53/><T40/><D40/><U110/><E112/><V79/><F79/><N who="3" m="30283" /><G87/><AGARI ba="0,0" hai="18,23,27,60,61,87,88,93" m="11849,3367" machi="87" ten="30,2000,0" yaku="8,1,54,1" doraHai="113" who="2" fromWho="3" sc="243,0,244,0,513,20,0,-20" owari="243,-16,244,4,533,64,-20,-52" /></mjloggm>