<mjloggm ver="2.3"><GO type="97"/><UN n0="%66%6C%79%64" n1="%E3%82%AB%E3%83%AA%E3%82%B9%E3%83%9E%E2%91%A8" n2="%E3%81%AB%E3%82%8F%E3%81%A8%E3%82%8A%E3%81%AE%E5%BF%83" n3="%E3%82%A6%E3%83%AB%E3%83%88%E3%83%A9%E7%AB%8B%E7%9B%B4" dan="15,15,13,13" rate="1965,2048,1961,1808" sx="M,F,M,M"/><TAIKYOKU oya="0"/><INIT seed="0,0,0,1,3,1" ten="250,250,250,250" oya="0" hai0="52,60,104,85,66,4,36,23,3,92,91,61,5" hai1="32,63,106,31,11,26,127,9,49,33,16,133,132" hai2="69,10,25,116,42,123,82,88,120,37,135,126,86" hai3="109,67,46,22,134,96,81,80,75,30,110,17,101" shuffle="mt19937ar,8B34CA12,00F43326,DADF05D3,1BAB7401,BC76D936,1C4A3553,52B81BD7,DF928918"/><T34/><D34/><N who="1" m="20855" /><E49/><V100/><F69/><W121/><G30/><T47/><D104/><U70/><E106/><V2/><F126/><W93/><G67/><T83/><D3/><U68/><E63/><N who="0" m="24137" /><D36/><U87/><E87/><V105/><F135/><N who="1" m="51785" /><E68/><V89/><F116/><W102/><G134/><T74/><D74/><U39/><E39/><V131/><F131/><W21/><G121/><T28/><D66/><U64/><E64/><V79/><F42/><W15/><G101/><T41/><D41/><U125/><E70/><V107/><F37/><W38/><G75/><T8/><D8/><N who="1" m="3147" /><E16/><V29/><F2/><W118/><G46/><T35/><D35/><AGARI ba="0,0" hai="32,33,35,125,127" m="3147,51785,20855" machi="35" ten="40,5200,0" yaku="20,1,34,2" doraHai="1" who="1" fromWho="0" sc="250,-52,250,52,250,0,250,0" /><INIT seed="1,0,0,2,2,76" ten="198,302,250,250" oya="1" hai0="130,106,3,9,31,115,52,26,41,49,14,117,97" hai1="2,124,67,0,27,46,23,123,104,66,24,36,74" hai2="71,126,81,87,54,101,83,62,118,20,58,17,70" hai3="132,7,108,5,39,127,79,80,113,6,22,56,33" shuffle="mt19937ar,85DD9797,78874304,FE13DABA,5BBFB344,6F32C6BE,DFE66AC6,B05EB2A8,EE4A386C"/><U112/><E104/><V44/><F118/><W90/><G33/><T12/><D117/><U16/><E112/><V42/><F126/><W18/><G39/><T32/><D115/><U107/><E107/><V65/><F101/><W43/><G113/><T19/><D130/><U105/><E105/><V131/><F131/><W121/><G121/><T91/><D41/><U119/><E119/><V82/><F54/><W34/><G34/><T48/><D48/><U25/><E123/><V40/><F87/><W86/><G43/><T51/><D51/><U15/><E124/><V10/><F10/><W75/><G127/><T77/><D77/><U63/><E74/><V61/><F44/><W38/><G38/><T68/><D68/><U120/><E120/><V99/><F99/><W125/><G125/><T28/><D28/><U96/><E96/><V89/><F89/><W135/><G56/><T134/><D134/><U116/><E116/><V21/><F58/><W64/><G64/><T103/><D14/><U60/><E46/><V110/><F110/><W129/><G108/><T57/><REACH who="0" step="1"/><D91/><REACH who="0" step="2"/><U4/><E15/><V50/><F50/><W11/><G129/><T114/><D114/><U88/><E88/><V94/><F70/><W13/><REACH who="3" step="1"/><G11/><REACH who="3" step="2"/><T95/><D95/><AGARI ba="0,2" hai="5,6,7,13,18,22,75,79,80,86,90,95,132,135" machi="95" ten="40,5200,0" yaku="1,1,2,1,52,1,53,0" doraHai="76" doraHaiUra="93" who="3" fromWho="0" sc="188,-52,302,0,250,0,240,72" /><INIT seed="2,0,0,2,0,125" ten="136,302,250,312" oya="2" hai0="0,53,18,21,12,29,5,41,134,131,42,14,15" hai1="16,31,97,58,34,2,59,94,128,117,22,27,113" hai2="63,108,37,20,123,87,69,119,118,55,70,26,45" hai3="110,77,65,30,99,98,10,24,115,57,124,38,86" shuffle="mt19937ar,405E3F3A,4BFE5718,506C0273,257AD3B2,BB8F5089,C2B17360,A3B88775,68641D92"/><V36/><F87/><W95/><G38/><N who="2" m="14953" /><F20/><N who="3" m="15623" /><G110/><T13/><D53/><U121/><E128/><V32/><F26/><W82/><G124/><T126/><D42/><U92/><E113/><V46/><F32/><W11/><G115/><T39/><D41/><U1/><E117/><N who="2" m="44555" /><F108/><W25/><G25/><N who="0" m="16559" /><D39/><U54/><E121/><V132/><F123/><W104/><G104/><T111/><D111/><U122/><E122/><V88/><F88/><N who="3" m="55655" /><G99/><T33/><D126/><U68/><E68/><N who="2" m="26219" /><F132/><W107/><G107/><T80/><D80/><U9/><E94/><V103/><F103/><W78/><G78/><T74/><D74/><U60/><E9/><V66/><F55/><W19/><G19/><T8/><D134/><U91/><E34/><V56/><AGARI ba="0,0" hai="45,46,56,63,66" m="26219,44555,14953" machi="56" ten="40,3900,0" yaku="34,2" doraHai="125" who="2" fromWho="2" sc="136,-13,302,-13,250,39,312,-13" /><INIT seed="2,1,0,0,0,67" ten="123,289,289,299" oya="2" hai0="95,36,61,105,24,37,121,126,60,111,73,45,56" hai1="42,33,81,11,5,23,70,46,102,115,66,124,86" hai2="30,34,71,89,31,19,74,106,104,90,48,39,94" hai3="41,135,72,25,113,100,21,65,129,22,128,68,8" shuffle="mt19937ar,36EC66AE,7CB9F8FC,4A64C5CA,A7E4D9B9,0F016276,BB955D7E,E4D20C5E,9EBD30F0"/><V117/><F39/><W3/><G72/><T96/><D105/><U13/><E33/><V84/><F74/><W58/><G100/><T75/><D73/><U122/><E115/><V98/><F117/><W130/><G113/><T123/><D75/><U0/><E124/><V26/><F31/><W35/><G41/><T120/><D24/><U28/><E102/><V57/><F71/><W132/><G58/><T54/><D95/><U44/><E44/><V16/><F104/><W1/><G65/><T12/><D12/><U101/><E101/><V63/><F48/><W50/><G50/><T97/><D97/><U4/><E66/><V76/><F76/><W134/><G68/><T18/><D18/><U79/><E70/><V17/><F106/><W107/><G107/><T99/><D96/><U59/><E59/><V88/><REACH who="2" step="1"/><F98/><REACH who="2" step="2"/><W29/><G3/><T64/><D37/><U125/><E28/><V116/><F116/><W6/><AGARI ba="1,1" hai="1,6,8,21,22,25,29,35,128,129,130,132,134,135" machi="6" ten="40,12000,2" yaku="0,1,19,1,20,1,34,3" doraHai="67" who="3" fromWho="3" sc="123,-31,289,-31,279,-61,299,133" /><INIT seed="3,0,0,4,1,72" ten="92,258,218,432" oya="3" hai0="129,55,31,80,48,77,125,2,38,95,62,96,21" hai1="135,64,75,19,86,91,59,98,49,17,100,42,105" hai2="109,134,81,101,115,61,5,32,84,58,126,34,43" hai3="107,90,102,8,51,33,76,87,6,124,60,133,117" shuffle="mt19937ar,181BBAC0,C6C16DE7,981D4B94,D8852ABD,E486EFAB,8E903727,2860494A,0A846220"/><W128/><G33/><T82/><D2/><U41/><E75/><V66/><F115/><W92/><G60/><T36/><D38/><U46/><E135/><V0/><F109/><W79/><G133/><T30/><D36/><U93/><E64/><V56/><F134/><W29/><G29/><T68/><D68/><U1/><E1/><V131/><F126/><W28/><G28/><T12/><D82/><U52/><E41/><V54/><F131/><W15/><G128/><T110/><D110/><U88/><REACH who="1" step="1"/><E91/><REACH who="1" step="2"/><V119/><F43/><W40/><G124/><T123/><D125/><U116/><E116/><V130/><F119/><W73/><G117/><T57/><D129/><U26/><E26/><V37/><F130/><W118/><G76/><T67/><D123/><U9/><E9/><V3/><F101/><W103/><G118/><T14/><D12/><U25/><E25/><V23/><F3/><W106/><G79/><T10/><D14/><U18/><E18/><V85/><F0/><W71/><G73/><T24/><D10/><U113/><E113/><V27/><F5/><W4/><G4/><T13/><D13/><U53/><E53/><V97/><F54/><W63/><G103/><T65/><D31/><U111/><E111/><V112/><F66/><W69/><G102/><T78/><D67/><U35/><E35/><V94/><F34/><W50/><G40/><T11/><D11/><U70/><E70/><V104/><F32/><W20/><G69/><T99/><D78/><U44/><E44/><V120/><F112/><W122/><G71/><T45/><D77/><RYUUKYOKU ba="0,1" sc="92,-10,248,30,218,-10,432,-10" hai1="17,19,42,46,49,52,59,86,88,93,98,100,105" owari="82,-32,278,3,208,-14,432,43" /></mjloggm>