<mjloggm ver="2.3"><GO type="41"/><UN n0="%E3%83%A9%E3%82%A6%E3%83%AB%E3%82%AF" n1="%53%45%43%4B" n2="%E3%82%A6%E3%83%AB%E3%83%88%E3%83%A9%E7%AB%8B%E7%9B%B4" n3="%62%EF%BC%8D%34%61%63%3D%30" dan="13,15,13,15" rate="1801,2002,1919,1944" sx="M,M,M,M"/><TAIKYOKU oya="0"/><INIT seed="0,0,0,3,4,64" ten="250,250,250,250" oya="0" hai0="31,112,54,17,20,113,91,45,87,63,6,60,126" hai1="51,49,70,73,105,46,102,96,93,59,79,123,27" hai2="58,30,75,95,4,68,125,33,5,34,114,130,129" hai3="84,15,111,0,40,21,127,26,69,23,61,24,77"/><T41/><D126/><U71/><E123/><V131/><F75/><W116/><G116/><T134/><D134/><U128/><E128/><V43/><F114/><W1/><G127/><T44/><D31/><U90/><E73/><V52/><F43/><W103/><G40/><T83/><D113/><U48/><E79/><V18/><F18/><W117/><G15/><T82/><D6/><N who="2" m="2666" /><F125/><W78/><G111/><T35/><D35/><U92/><E46/><V94/><F68/><W14/><G14/><T16/><D17/><U118/><E118/><V124/><F124/><W29/><G103/><T74/><D112/><U7/><E7/><V133/><F133/><W107/><G117/><T65/><D65/><U99/><E59/><V11/><F11/><W101/><G101/><T67/><D67/><U22/><REACH who="1" step="1"/><E105/><REACH who="1" step="2"/><V106/><F106/><W9/><G107/><T81/><D45/><U47/><E47/><V8/><F8/><W2/><G77/><T110/><D74/><U10/><E10/><V115/><F115/><W97/><G9/><T86/><D110/><U85/><E85/><V72/><F72/><W122/><G84/><T55/><D87/><U132/><E132/><V19/><F19/><AGARI ba="0,1" hai="19,22,27,48,49,51,70,71,90,92,93,96,99,102" machi="19" ten="40,5200,0" yaku="1,1,52,2,53,0" doraHai="64" doraHaiUra="37" who="1" fromWho="2" sc="250,0,240,62,250,-52,250,0" /><INIT seed="1,0,0,5,0,30" ten="250,302,198,250" oya="1" hai0="26,119,3,18,61,98,22,68,133,116,77,99,82" hai1="12,64,29,28,74,91,44,42,52,67,83,69,54" hai2="40,51,100,125,47,79,62,132,103,111,108,90,84" hai3="38,73,76,2,94,7,87,43,65,63,35,135,123"/><U112/><E69/><V118/><F118/><W92/><G123/><T21/><D133/><U121/><E121/><V50/><F79/><W124/><G124/><T17/><D3/><U0/><E0/><V110/><F125/><W107/><G135/><T113/><D113/><U72/><E112/><V15/><F132/><W86/><G107/><T80/><D80/><U32/><E12/><V122/><F122/><W95/><G35/><T109/><D109/><U128/><E128/><V126/><F126/><W11/><G65/><N who="1" m="25162" /><E91/><V53/><F62/><W23/><G63/><T25/><D68/><U134/><E134/><V56/><REACH who="2" step="1"/><F15/><REACH who="2" step="2"/><W106/><G76/><T36/><D61/><U78/><E78/><V101/><F101/><W75/><G75/><T16/><D36/><U115/><E74/><V4/><F4/><W24/><G73/><T130/><D130/><U81/><E72/><V27/><F27/><W93/><G24/><N who="0" m="9323" /><D77/><U33/><E115/><V102/><F102/><W41/><G7/><T96/><D82/><AGARI ba="0,1" hai="40,47,50,51,53,56,82,84,90,100,103,108,110,111" machi="82" ten="40,2600,0" yaku="1,1,14,1,53,0" doraHai="30" doraHaiUra="104" who="2" fromWho="0" sc="250,-26,302,0,188,36,250,0" /><INIT seed="2,0,0,2,5,107" ten="224,302,224,250" oya="2" hai0="128,114,126,129,71,28,67,37,122,20,3,55,25" hai1="24,29,9,68,111,17,1,110,23,47,134,34,18" hai2="41,30,4,100,14,130,45,12,2,70,74,58,87" hai3="103,76,84,112,105,53,38,102,131,81,63,8,27"/><V54/><F70/><W15/><G131/><N who="0" m="50251" /><D114/><U10/><E68/><V113/><F130/><W73/><G38/><T119/><D122/><U33/><E47/><V26/><F113/><W22/><G105/><T121/><D121/><U62/><E62/><V69/><F69/><W90/><G112/><T117/><D37/><U13/><E134/><V43/><F100/><W127/><G127/><T118/><D3/><U104/><E104/><V89/><F74/><W32/><G32/><N who="1" m="12394" /><E111/><V46/><F2/><W88/><G90/><T6/><D6/><N who="1" m="1231" /><E110/><V97/><F97/><W115/><G115/><T51/><D67/><U133/><E133/><V101/><F101/><W56/><G15/><N who="2" m="5673" /><F4/><AGARI ba="0,0" hai="4,10,13,17,18,23,24,29" m="1231,12394" machi="4" ten="30,8000,1" yaku="35,5" doraHai="107" who="1" fromWho="2" sc="224,0,302,80,224,-80,250,0" /><INIT seed="3,0,0,5,2,132" ten="224,382,144,250" oya="3" hai0="0,127,73,5,17,49,96,36,115,69,90,47,65" hai1="74,85,120,16,130,19,86,135,68,134,94,7,87" hai2="46,109,98,121,116,92,102,52,37,4,77,66,8" hai3="39,22,45,40,91,71,78,108,97,123,75,67,48"/><W84/><G123/><T2/><D115/><U93/><E68/><V10/><F116/><W6/><G108/><T59/><D69/><U104/><E120/><V99/><F109/><W26/><G75/><T61/><D73/><U95/><E74/><V30/><F121/><W105/><G6/><T79/><D36/><U41/><E7/><V25/><F77/><W124/><G78/><T56/><D79/><U28/><E28/><V58/><F66/><W18/><G39/><T76/><D76/><U62/><E62/><V122/><F122/><W43/><G43/><T3/><D59/><U51/><E104/><V24/><F98/><W113/><G113/><T119/><D119/><U63/><E63/><V117/><F117/><W55/><G40/><T33/><D33/><U60/><E60/><V42/><F25/><W72/><G72/><T126/><D17/><N who="1" m="6731" /><E130/><V9/><F58/><W35/><G35/><T103/><D90/><U1/><E1/><V111/><F111/><W100/><G67/><T80/><D80/><U23/><E41/><V129/><F129/><W107/><G71/><T15/><D15/><U112/><E112/><V81/><F81/><W32/><G32/><T88/><D88/><U125/><E51/><V14/><REACH who="2" step="1"/><F52/><REACH who="2" step="2"/><W44/><G55/><T57/><D57/><U12/><E134/><V13/><F13/><W118/><G118/><T133/><D133/><U29/><E12/><V53/><F53/><W131/><G131/><T114/><D114/><U101/><E135/><V38/><F38/><W89/><G97/><T64/><D65/><U82/><E82/><RYUUKYOKU ba="0,1" sc="224,-10,382,-10,134,30,250,-10" hai2="4,8,9,10,14,24,30,37,42,46,92,99,102" /><INIT seed="4,1,1,0,1,22" ten="214,372,164,240" oya="0" hai0="50,56,23,32,89,11,42,71,21,83,82,63,43" hai1="61,100,97,74,70,103,85,15,54,58,14,55,5" hai2="102,48,128,13,121,75,96,117,19,31,17,7,52" hai3="77,38,60,51,10,20,34,4,135,45,27,44,49"/><T113/><D32/><U73/><E70/><V118/><F75/><W2/><G135/><T41/><D113/><U94/><E103/><V35/><F121/><W40/><G34/><T33/><D33/><U36/><E36/><V132/><F132/><W114/><G114/><T39/><D39/><U125/><E125/><V8/><F128/><W30/><G44/><T24/><D71/><U47/><E85/><V93/><F31/><W111/><G111/><T18/><D50/><U28/><E28/><V122/><F35/><W112/><G112/><T78/><D89/><U1/><E1/><V109/><F109/><W87/><G60/><T127/><D127/><U105/><E105/><V86/><F86/><W123/><G123/><T95/><D95/><U126/><E126/><V129/><F129/><W76/><G76/><T26/><D78/><U12/><E5/><V6/><F6/><W124/><G124/><T84/><D84/><U65/><E55/><V9/><F122/><W80/><AGARI ba="1,1" hai="2,4,10,20,27,30,38,40,45,49,51,77,80,87" machi="80" ten="30,2000,0" yaku="0,1,52,1" doraHai="22" who="3" fromWho="3" sc="214,-11,372,-6,164,-6,240,33" /><INIT seed="5,0,0,4,0,118" ten="203,366,158,273" oya="1" hai0="76,87,127,18,68,115,20,60,128,24,28,2,43" hai1="110,124,95,70,78,135,66,61,82,131,107,6,47" hai2="35,23,122,31,50,94,74,77,25,41,3,32,106" hai3="30,105,56,108,14,120,79,8,84,40,123,11,58"/><U100/><E110/><V92/><F106/><W114/><G108/><T48/><D2/><U130/><E6/><V59/><F3/><W67/><G105/><T69/><D128/><N who="1" m="49195" /><E47/><V44/><F122/><N who="3" m="46635" /><G40/><T13/><D115/><U4/><E4/><V10/><F10/><W45/><G30/><T22/><D127/><U102/><E124/><V19/><F35/><W96/><G96/><T42/><D42/><U80/><E107/><V38/><F77/><W125/><G45/><T116/><D116/><U12/><E95/><V64/><F74/><W71/><G71/><T99/><D60/><U21/><E82/><V54/><REACH who="2" step="1"/><F64/><REACH who="2" step="2"/><W119/><G8/><T57/><D76/><U112/><E112/><V37/><F37/><W85/><G67/><T16/><D99/><U75/><E75/><V49/><F49/><W15/><G79/><T101/><D87/><U104/><E78/><V46/><F46/><W97/><G11/><T81/><D28/><U103/><E104/><V126/><F126/><W133/><G125/><T55/><D43/><U27/><E66/><V83/><F83/><W63/><G97/><T17/><D81/><U9/><E80/><V109/><F109/><W113/><G119/><T36/><D36/><U39/><E9/><V26/><AGARI ba="0,1" hai="19,23,25,26,31,32,38,41,44,50,54,59,92,94" machi="26" ten="20,2700,0" yaku="1,1,0,1,7,1,53,0" doraHai="118" doraHaiUra="86" who="2" fromWho="2" sc="203,-7,366,-13,148,37,273,-7" /><INIT seed="6,0,0,3,1,14" ten="196,353,185,266" oya="2" hai0="123,83,5,39,135,71,117,65,54,51,60,0,32" hai1="133,87,7,19,16,8,126,44,2,74,48,119,67" hai2="20,121,62,72,11,76,25,41,95,45,21,12,81" hai3="59,52,35,28,3,9,23,46,104,116,33,36,88"/><V40/><F121/><W97/><G116/><T89/><D123/><U38/><E74/><V61/><F95/><W73/><G73/><T131/><D135/><U96/><E119/><V17/><F21/><W98/><G36/><T53/><D131/><U55/><E133/><V134/><F134/><W91/><G46/><T103/><D117/><U6/><E38/><V80/><F80/><W92/><G3/><T102/><D32/><U57/><E96/><V113/><F113/><W69/><G69/><T34/><D34/><U77/><E126/><V30/><REACH who="2" step="1"/><F41/><REACH who="2" step="2"/><W79/><G33/><T15/><D0/><U112/><E112/><V128/><F128/><W99/><G35/><T37/><D37/><AGARI ba="0,1" hai="11,12,17,20,25,30,37,40,45,61,62,72,76,81" machi="37" ten="30,11600,0" yaku="1,1,7,1,52,1,53,1" doraHai="14" doraHaiUra="78" who="2" fromWho="0" sc="196,-116,353,0,175,126,266,0" /><INIT seed="6,1,0,5,0,85" ten="80,353,301,266" oya="2" hai0="132,63,77,2,100,37,52,15,124,42,104,43,114" hai1="120,135,28,59,18,94,60,20,73,70,130,54,127" hai2="33,14,107,10,68,26,88,12,35,76,122,5,129" hai3="74,92,44,117,6,22,57,61,21,62,133,56,119"/><V65/><F76/><W93/><G74/><T86/><D2/><U29/><E73/><V3/><F107/><W64/><G6/><T67/><D132/><U90/><E135/><V99/><F122/><W7/><G7/><T106/><D114/><U30/><E120/><V72/><F72/><W46/><G133/><T13/><D124/><U89/><E127/><V102/><F102/><W25/><G25/><T134/><D134/><U96/><E130/><V9/><F129/><W47/><G47/><T50/><D37/><U91/><REACH who="1" step="1"/><E70/><REACH who="1" step="2"/><V131/><F131/><W55/><G64/><T0/><D13/><AGARI ba="1,1" hai="13,18,20,28,29,30,54,59,60,89,90,91,94,96" machi="13" ten="40,12000,2" yaku="1,1,2,1,8,1,52,3,53,0" doraHai="85" doraHaiUra="125" who="1" fromWho="0" sc="80,-123,343,133,301,0,266,0" owari="-43,-54,476,57,301,10,266,-13" /></mjloggm>