<mjloggm ver="2.3"><GO type="41"/><UN n0="%E3%82%A6%E3%83%AB%E3%83%88%E3%83%A9%E7%AB%8B%E7%9B%B4" n1="%E3%82%80%E3%81%93%E3%81%B6%E3%81%A1" n2="%E5%90%8D%E4%BA%BA%E6%9C%AC%E5%9B%A0%E5%9D%8A" n3="%E3%81%AF%E3%81%98%E3%82%81%E3%81%A1%E3%82%83%E3%82%93" dan="13,13,14,13" rate="1843,1838,1893,1861" sx="M,M,M,M"/><TAIKYOKU oya="0"/><INIT seed="0,0,0,0,0,84" ten="250,250,250,250" oya="0" hai0="95,50,57,121,65,7,54,19,109,6,120,92,85" hai1="132,119,30,105,27,97,75,61,131,124,88,76,52" hai2="129,112,114,49,126,3,21,107,67,24,134,77,60" hai3="59,12,130,45,39,32,106,102,37,20,66,103,82"/><T101/><D121/><U47/><E119/><V28/><F126/><W93/><G32/><T135/><D120/><U51/><E124/><V4/><F134/><W72/><G130/><T43/><D135/><U56/><E131/><V71/><F129/><W128/><G128/><T33/><D33/><U41/><E132/><V117/><F49/><W35/><G35/><T98/><D109/><U13/><E75/><V125/><F125/><W8/><G106/><T74/><D74/><U15/><E105/><V81/><F107/><W68/><G68/><T2/><D2/><U64/><E76/><V108/><F108/><W42/><G39/><T5/><D65/><U63/><E30/><V69/><F69/><W104/><G104/><T16/><D43/><U53/><E27/><V23/><F23/><W0/><G0/><T18/><D95/><N who="1" m="56551" /><E63/><V34/><F21/><W100/><G20/><T26/><D85/><U40/><E40/><V94/><F94/><W123/><G123/><T127/><D127/><U10/><E15/><V29/><F29/><W80/><G72/><T79/><D79/><U9/><E9/><N who="2" m="2207" /><F117/><W36/><G36/><T25/><AGARI ba="0,0" hai="5,6,7,16,18,19,25,26,50,54,57,92,98,101" machi="25" ten="40,7800,0" yaku="0,1,8,1,54,1" doraHai="84" who="0" fromWho="0" sc="250,78,250,-26,250,-26,250,-26" /><INIT seed="0,1,0,1,0,102" ten="328,224,224,224" oya="0" hai0="130,124,55,66,117,48,111,46,34,7,49,115,132" hai1="88,68,123,11,47,129,27,57,108,127,105,14,1" hai2="62,17,59,52,60,133,21,103,135,0,86,128,20" hai3="95,40,63,33,74,3,90,31,92,19,67,69,121"/><T25/><D7/><U118/><E123/><V126/><F0/><W41/><G74/><T10/><D10/><U13/><E118/><V35/><F35/><W120/><G3/><T6/><D6/><U93/><E68/><V76/><F103/><W8/><G8/><T64/><D25/><U107/><E1/><V89/><F76/><W72/><G72/><T101/><D101/><U53/><E47/><V114/><F114/><W45/><G41/><N who="0" m="24655" /><D34/><U77/><E77/><V29/><F128/><W83/><G19/><T28/><D28/><U4/><E129/><V65/><F126/><W78/><G31/><T71/><D130/><U110/><E127/><V61/><F29/><W97/><G92/><T113/><D124/><U54/><E27/><N who="2" m="14735" /><F21/><W5/><G5/><T119/><D132/><N who="2" m="50762" /><F65/><N who="0" m="25194" /><D71/><U106/><E14/><V96/><F96/><W73/><REACH who="3" step="1"/><G33/><REACH who="3" step="2"/><T58/><D111/><N who="1" m="42539" /><E57/><V36/><F36/><AGARI ba="1,1" hai="36,40,45,63,67,69,73,78,83,90,95,97,120,121" machi="36" ten="40,1300,0" yaku="1,1,53,0" doraHai="102" doraHaiUra="81" who="3" fromWho="2" sc="328,0,224,0,224,-16,214,26" /><INIT seed="1,0,0,2,3,38" ten="328,224,208,240" oya="1" hai0="30,135,119,75,94,36,71,83,34,91,11,133,101" hai1="126,118,0,27,85,41,130,76,106,111,51,109,90" hai2="128,16,55,5,31,100,40,77,73,107,44,74,17" hai3="112,10,97,8,9,123,43,26,113,117,14,72,96"/><U121/><E0/><V47/><F128/><W37/><G72/><T132/><D71/><U52/><E121/><V125/><F31/><W82/><G123/><T65/><D65/><U42/><E118/><V104/><F74/><W67/><G117/><T103/><D30/><U19/><E130/><V116/><F116/><W88/><G82/><T105/><D34/><U124/><E106/><V127/><F5/><W23/><G67/><T6/><D119/><U18/><E76/><V120/><F120/><W79/><G79/><N who="0" m="44543" /><D36/><U57/><E27/><V122/><F122/><W32/><G32/><T92/><D11/><U129/><E129/><V7/><F7/><W98/><G14/><T39/><D39/><U22/><E22/><V102/><F55/><W56/><G56/><T29/><D29/><U53/><E53/><V68/><F73/><W134/><G134/><T63/><D63/><U99/><E99/><V69/><F77/><W2/><G2/><T35/><D6/><U84/><E84/><V1/><F1/><W15/><G15/><T25/><D25/><U58/><E58/><V114/><F114/><W3/><G3/><T131/><D35/><U13/><E13/><V24/><F24/><W49/><G37/><T61/><D61/><U12/><E12/><V50/><F50/><W108/><G108/><N who="1" m="41546" /><E18/><V60/><F60/><W54/><G54/><T20/><D20/><U115/><E19/><V4/><F4/><W89/><G112/><T95/><D131/><U70/><E70/><V28/><F28/><N who="3" m="17503" /><G113/><T64/><D105/><U78/><E115/><V46/><F46/><AGARI ba="0,0" hai="8,9,10,43,46,49,88,89,96,97,98" m="17503" machi="46" ten="30,7700,0" yaku="6,1,8,1,52,1,54,1" doraHai="38" who="3" fromWho="2" sc="328,0,224,0,208,-77,240,77" /><INIT seed="2,0,0,1,5,21" ten="328,224,131,317" oya="2" hai0="110,13,103,122,35,84,17,36,74,131,135,19,53" hai1="82,34,91,99,65,38,97,77,69,98,72,51,10" hai2="46,7,27,45,80,60,5,25,78,93,26,0,55" hai3="95,70,79,112,63,115,22,118,73,128,121,64,111"/><V23/><F93/><W108/><G128/><T15/><D36/><U29/><E38/><V4/><F0/><W28/><G95/><T8/><D74/><U56/><E69/><V71/><F23/><W87/><G87/><T18/><D122/><U90/><E10/><V49/><F71/><W107/><G107/><T102/><D131/><U20/><E34/><V134/><F134/><W66/><G121/><T116/><D116/><U42/><E42/><V32/><F32/><W6/><G6/><T114/><D114/><N who="3" m="43561" /><G22/><N who="0" m="11567" /><D35/><U92/><E92/><V61/><F45/><W132/><G132/><T104/><D104/><U124/><E124/><V48/><REACH who="2" step="1"/><F48/><REACH who="2" step="2"/><W119/><G28/><T37/><D135/><U127/><E127/><V44/><F44/><W16/><G16/><T109/><D37/><U123/><E123/><V41/><F41/><W117/><G79/><T67/><D19/><U12/><E51/><V113/><F113/><W43/><G73/><AGARI ba="0,1" hai="4,5,7,25,26,27,46,49,55,60,61,73,78,80" machi="73" ten="40,12000,1" yaku="1,1,52,3,53,0" doraHai="21" doraHaiUra="85" who="2" fromWho="3" sc="328,0,224,0,121,130,317,-120" /><INIT seed="2,1,0,2,3,62" ten="328,224,251,197" oya="2" hai0="132,77,61,118,29,113,102,53,85,21,0,75,10" hai1="129,119,25,80,108,126,5,99,44,120,131,74,2" hai2="124,16,66,79,51,18,123,105,82,70,96,68,14" hai3="73,13,121,88,39,19,36,28,95,40,24,83,115"/><V35/><F123/><W37/><G121/><T42/><D85/><U7/><E119/><V49/><F124/><W134/><G134/><T23/><D102/><U30/><E120/><V15/><F35/><W34/><G83/><T9/><D53/><U48/><E126/><V128/><F128/><N who="1" m="49225" /><E2/><V112/><F112/><W125/><G73/><T20/><D61/><U46/><E108/><V27/><F27/><W71/><G71/><T100/><D100/><U114/><E114/><V81/><F79/><W1/><G1/><T86/><D86/><U64/><E64/><V43/><F43/><W17/><G17/><T117/><D42/><N who="1" m="24599" /><E99/><V97/><REACH who="2" step="1"/><F105/><REACH who="2" step="2"/><W106/><G106/><T122/><D122/><U38/><E74/><V104/><F104/><W135/><G125/><T60/><D77/><U87/><E38/><V133/><F133/><W22/><G135/><T127/><D75/><U26/><E25/><V56/><F56/><W110/><G110/><T12/><D127/><U54/><E46/><V67/><AGARI ba="1,1" hai="14,15,16,18,49,51,66,67,68,70,81,82,96,97" machi="67" ten="25,18000,2" yaku="1,1,0,1,22,2,52,2,54,1,53,0" doraHai="62" doraHaiUra="31" who="2" fromWho="2" sc="328,-61,224,-61,241,193,197,-61" /><INIT seed="2,2,0,1,1,18" ten="267,163,434,136" oya="2" hai0="78,96,31,44,100,110,125,56,73,41,23,76,1" hai1="111,68,82,83,64,51,54,50,72,67,10,71,38" hai2="53,81,13,11,27,62,14,89,65,85,92,22,132" hai3="91,57,131,134,128,80,24,49,69,4,106,20,30"/><V112/><F112/><W99/><G69/><N who="1" m="26698" /><E72/><V42/><F132/><W12/><G134/><T63/><D1/><U15/><E10/><V37/><F53/><W46/><G57/><T32/><D32/><U34/><E15/><V126/><F126/><W90/><G106/><T97/><D73/><U48/><E34/><V121/><F121/><W107/><G107/><T7/><D7/><U47/><E83/><V113/><F113/><W102/><G80/><T28/><D125/><U123/><E82/><V55/><F55/><W122/><G122/><T74/><D74/><U79/><E79/><V116/><F116/><W133/><G133/><T118/><D118/><U21/><E21/><V98/><F37/><W87/><G87/><T115/><D115/><U109/><E123/><V94/><F42/><W103/><G103/><T17/><D28/><U25/><E25/><V66/><F92/><W36/><G36/><T124/><D124/><U95/><E95/><V45/><F45/><W60/><G60/><T120/><D120/><U33/><E33/><V16/><F62/><W61/><G61/><T6/><D6/><U26/><E26/><V58/><F58/><W39/><G39/><T88/><D31/><U0/><E0/><V86/><F86/><W127/><G127/><T35/><D35/><U108/><E54/><V104/><F104/><W101/><G101/><T117/><D100/><U3/><E3/><V119/><F119/><W40/><G99/><T135/><D97/><U75/><E75/><V59/><F59/><W5/><G102/><T9/><D117/><U84/><E84/><RYUUKYOKU ba="2,0" sc="267,-10,163,30,434,-10,136,-10" hai1="38,47,48,50,51,64,67,108,109,111" /><INIT seed="3,3,0,5,5,82" ten="257,193,424,126" oya="3" hai0="75,80,16,66,76,120,98,129,133,21,126,13,92" hai1="88,135,87,17,34,25,79,36,131,52,54,112,47" hai2="73,60,20,51,1,97,95,15,67,109,64,19,123" hai3="11,101,56,46,106,53,8,44,4,58,39,81,121"/><W2/><G121/><T115/><D120/><U134/><E112/><V113/><F113/><W31/><G31/><T55/><D115/><U27/><E79/><V103/><F123/><W124/><G124/><T49/><D126/><U93/><E131/><V45/><F109/><W5/><G56/><T18/><D129/><U83/><E83/><V70/><F73/><W104/><G39/><T114/><D114/><U74/><E74/><V40/><F67/><W62/><G104/><T42/><D133/><N who="1" m="50699" /><E34/><V14/><F1/><W122/><G122/><T23/><D66/><U24/><E17/><V99/><F99/><W10/><G10/><T57/><D42/><AGARI ba="3,0" hai="24,25,27,36,42,47,52,54,87,88,93" m="50699" machi="42" ten="30,7700,0" yaku="20,1,52,1,54,2" doraHai="82" who="1" fromWho="0" sc="257,-86,193,86,424,0,126,0" /><INIT seed="4,0,0,2,2,72" ten="171,279,424,126" oya="0" hai0="130,47,46,48,60,59,87,58,3,16,93,57,31" hai1="24,20,40,25,10,55,27,75,6,61,85,125,43" hai2="65,111,44,66,99,37,30,49,19,52,15,82,112" hai3="113,115,42,67,53,68,69,97,84,103,45,22,11"/><T90/><D3/><U89/><E75/><V33/><F112/><W110/><G110/><T63/><D130/><U13/><E125/><V64/><F111/><W28/><G11/><T74/><D74/><U124/><E124/><V108/><F108/><W118/><G118/><T77/><D31/><U116/><E116/><V39/><F99/><W127/><G127/><T117/><D117/><U109/><E109/><V96/><F96/><W2/><G2/><T80/><D16/><U38/><E38/><V12/><F12/><W9/><G9/><T41/><REACH who="0" step="1"/><D47/><REACH who="0" step="2"/><U83/><REACH who="1" step="1"/><E20/><REACH who="1" step="2"/><V129/><F129/><W88/><G113/><T56/><N who="0" m="14848" /><DORA hai="95" /><T4/><D4/><U78/><E78/><V62/><F37/><W81/><G115/><T23/><D23/><U50/><E50/><V70/><F39/><W120/><G120/><T1/><D1/><U107/><E107/><V94/><F33/><W106/><G67/><T133/><D133/><U51/><E51/><V92/><F66/><W128/><G128/><T126/><D126/><U102/><E102/><V29/><F65/><W5/><G22/><T32/><D32/><U71/><E71/><V119/><F119/><W114/><G114/><T131/><D131/><U91/><E91/><V8/><F70/><W79/><G69/><T122/><D122/><U123/><E123/><V7/><F64/><W121/><G68/><T134/><D134/><U34/><E34/><V36/><F36/><W54/><G121/><T98/><AGARI ba="0,2" hai="41,46,48,60,63,77,80,87,90,93,98" m="14848" machi="98" ten="40,18000,2" yaku="1,1,0,1,8,1,52,2,53,1" doraHai="72,95" doraHaiUra="132,86" who="0" fromWho="0" sc="161,200,269,-60,424,-60,126,-60" /><INIT seed="4,1,0,2,3,121" ten="361,209,364,66" oya="0" hai0="119,48,88,76,96,43,29,16,100,125,116,74,90" hai1="98,110,81,75,69,78,12,26,10,93,104,21,11" hai2="85,64,97,115,86,128,0,2,50,67,46,120,77" hai3="54,28,52,95,42,66,44,57,36,37,17,130,83"/><T63/><D29/><U9/><E104/><V99/><F120/><W124/><G130/><T60/><D60/><U112/><E112/><V41/><F128/><W122/><G122/><T106/><D63/><U27/><E69/><V38/><F38/><W131/><G131/><T20/><D125/><U39/><E39/><V56/><F0/><W123/><G123/><T34/><D34/><U92/><E110/><V58/><F2/><W91/><G124/><T73/><D73/><U126/><E126/><V55/><F115/><W35/><G37/><T5/><D5/><U87/><E75/><V70/><F70/><W30/><G35/><T13/><D48/><U32/><E32/><V101/><F99/><W4/><G4/><T134/><D43/><U25/><REACH who="1" step="1"/><E98/><REACH who="1" step="2"/><V51/><F58/><W135/><G135/><T132/><D119/><U133/><E133/><N who="0" m="51305" /><D116/><U118/><E118/><V82/><F86/><W1/><G1/><T113/><D113/><U40/><E40/><V14/><F14/><W94/><G94/><AGARI ba="1,1" hai="41,46,50,51,55,56,64,67,77,82,85,94,97,101" machi="94" ten="30,2000,0" yaku="7,1,8,1" doraHai="121" who="2" fromWho="3" sc="361,0,199,0,364,33,66,-23" /><INIT seed="5,0,0,3,5,123" ten="361,199,397,43" oya="1" hai0="129,28,111,63,18,69,98,9,25,55,62,94,116" hai1="102,114,16,108,11,91,77,96,101,128,39,66,47" hai2="56,13,81,49,36,4,120,44,53,124,23,17,3" hai3="72,93,54,89,45,113,80,73,38,22,135,42,82"/><U134/><E77/><V26/><F120/><W5/><G113/><T122/><D116/><U60/><E114/><V86/><F124/><W61/><G5/><T70/><D122/><U132/><E128/><V110/><F110/><W59/><G135/><N who="1" m="51754" /><E108/><V40/><F3/><W65/><G72/><T104/><D104/><N who="1" m="63527" /><E102/><V57/><F57/><W105/><G105/><T103/><D129/><U41/><E91/><V107/><F107/><W130/><G130/><T117/><D117/><U33/><E33/><V14/><F4/><W95/><G95/><T51/><D111/><U118/><E118/><V32/><F32/><W19/><G73/><T68/><D28/><U48/><E39/><V0/><F0/><W43/><G65/><T46/><D25/><U34/><E34/><V106/><F106/><W12/><G43/><T119/><D119/><U20/><E11/><V15/><F26/><W83/><G83/><T27/><D27/><N who="1" m="14727" /><E60/><V99/><F99/><AGARI ba="0,0" hai="12,19,22,38,42,45,54,59,61,80,82,89,93,99" machi="99" ten="30,1000,0" yaku="7,1" doraHai="123" who="3" fromWho="2" sc="361,0,199,0,397,-10,43,10" /><INIT seed="6,0,0,4,0,128" ten="361,199,387,53" oya="2" hai0="57,62,23,58,60,90,86,24,33,95,83,6,99" hai1="55,106,14,78,69,126,73,88,109,49,15,54,39" hai2="94,26,132,116,114,12,11,43,130,18,45,3,105" hai3="97,67,32,125,122,93,10,30,100,50,92,112,76"/><V31/><F105/><W102/><G112/><T89/><D33/><U80/><E39/><V61/><F114/><W120/><G125/><T77/><D6/><U110/><E126/><V64/><F130/><W107/><G76/><T118/><D118/><U85/><E106/><V56/><F116/><W65/><G10/><T53/><D58/><U9/><E69/><V27/><F3/><W115/><G115/><T20/><D62/><U81/><E55/><V25/><F94/><W1/><G1/><T108/><D108/><U28/><E28/><V38/><REACH who="2" step="1"/><F132/><REACH who="2" step="2"/><W131/><G131/><T22/><REACH who="0" step="1"/><D24/><REACH who="0" step="2"/><U17/><REACH who="1" step="1"/><E15/><REACH who="1" step="2"/><V19/><F19/><W2/><G120/><T113/><D113/><U7/><E7/><V34/><AGARI ba="0,3" hai="11,12,18,25,26,27,31,34,38,43,45,56,61,64" machi="34" ten="20,3900,0" yaku="1,1,0,1,7,1,53,0" doraHai="128" doraHaiUra="98" who="2" fromWho="2" sc="351,-13,189,-13,377,69,53,-13" /><INIT seed="6,1,0,4,2,77" ten="338,176,446,40" oya="2" hai0="8,75,0,50,45,118,20,19,59,31,81,4,87" hai1="9,14,86,53,126,70,76,27,13,18,6,40,23" hai2="44,95,104,98,16,90,22,47,11,108,54,101,41" hai3="85,121,105,38,46,30,26,107,52,133,82,115,74"/><V56/><F11/><W92/><G74/><T55/><D75/><U129/><E70/><V37/><F47/><W83/><G121/><T99/><D99/><U72/><E72/><V69/><F69/><W15/><G133/><T84/><D118/><U42/><E129/><V57/><F108/><W135/><G135/><T73/><D31/><U79/><E126/><V124/><F124/><W114/><G15/><T125/><D125/><U109/><E109/><V12/><F54/><W127/><G127/><T60/><D73/><U66/><E66/><V93/><F104/><W102/><G107/><T89/><D84/><AGARI ba="1,0" hai="12,16,22,37,41,44,56,57,84,90,93,95,98,101" machi="84" ten="30,2900,0" yaku="7,1,54,1" doraHai="77" who="2" fromWho="0" sc="338,-32,176,0,446,32,40,0" /><INIT seed="6,2,0,3,4,18" ten="306,176,478,40" oya="2" hai0="125,118,116,24,123,90,71,127,14,21,102,62,131" hai1="2,77,95,26,113,133,103,1,52,3,7,46,110" hai2="47,88,13,129,93,112,101,33,119,25,75,76,37" hai3="0,115,40,73,12,63,94,4,81,31,23,69,89"/><V16/><F119/><N who="0" m="45610" /><D90/><U45/><E110/><V92/><F129/><W109/><G0/><T11/><D102/><U79/><E113/><V106/><F112/><W108/><G115/><T91/><D91/><U120/><E120/><V22/><F106/><W50/><G73/><T15/><D62/><U5/><E133/><V117/><F117/><W43/><G81/><T98/><D98/><U100/><E26/><V34/><F101/><N who="1" m="38985" /><E95/><V82/><F93/><W121/><G121/><T83/><D71/><U32/><E32/><V105/><F105/><W6/><G109/><T58/><D58/><U57/><E57/><V114/><F114/><W85/><G108/><T107/><D107/><U132/><E132/><V30/><F47/><N who="1" m="17929" /><E52/><V78/><F78/><AGARI ba="2,0" hai="1,2,3,5,7,77,78,79" m="17929,38985" machi="78" ten="40,2600,0" yaku="28,2" doraHai="18" who="1" fromWho="2" sc="306,0,176,32,478,-32,40,0" /><INIT seed="7,0,0,0,3,42" ten="306,208,446,40" oya="3" hai0="10,49,23,58,62,56,14,134,25,41,85,0,73" hai1="15,82,32,44,131,19,110,50,39,38,18,22,9" hai2="69,107,57,47,40,127,95,33,37,129,5,91,94" hai3="99,93,128,27,68,72,126,97,75,122,88,103,119"/><W64/><G122/><T112/><D0/><U45/><E110/><V59/><F107/><W132/><G119/><T108/><D73/><U76/><E131/><V100/><F129/><W61/><G126/><T86/><D108/><U13/><E32/><V77/><F127/><W71/><G71/><T20/><D112/><U121/><E121/><V84/><F69/><W118/><G118/><T113/><D113/><U52/><E38/><V8/><F33/><W24/><G132/><T79/><D134/><U123/><E39/><V98/><F77/><W16/><G128/><T1/><D1/><AGARI ba="0,0" hai="1,5,8,37,40,47,57,59,84,91,94,95,98,100" machi="1" ten="30,2000,0" yaku="7,1,52,1" doraHai="42" who="2" fromWho="0" sc="306,-20,208,0,446,20,40,0" owari="286,9,208,-19,466,56,40,-46" /></mjloggm>