<mjloggm ver="2.3"><GO type="41"/><UN n0="%E6%B1%A0%E7%94%B0%E9%B4%A8%E8%91%B1%E8%8F%AF%E8%8F%9C" n1="%E5%BE%8C%E8%97%A4%E3%81%95%E3%82%93" n2="%E3%83%A9%E3%83%9F%E3%82%BF%E3%82%B9" n3="%E3%82%A6%E3%83%AB%E3%83%88%E3%83%A9%E7%AB%8B%E7%9B%B4" dan="13,15,14,14" rate="1907,2020,1882,1912" sx="F,M,M,M"/><TAIKYOKU oya="0"/><INIT seed="0,0,0,3,3,30" ten="250,250,250,250" oya="0" hai0="59,112,13,47,56,127,40,64,7,97,0,92,84" hai1="26,48,12,73,53,65,61,36,55,25,80,135,114" hai2="118,107,123,70,10,18,33,117,121,28,82,1,45" hai3="43,66,14,34,85,129,78,120,5,6,37,90,20"/><T79/><D112/><U38/><E114/><V113/><F45/><N who="3" m="23791" /><G78/><T41/><D127/><U81/><E135/><V60/><F82/><W91/><G66/><T124/><D124/><U106/><E106/><V22/><F60/><W67/><G67/><T75/><D75/><U110/><E110/><V54/><F54/><W44/><G44/><T58/><D0/><U89/><E73/><V76/><F76/><W77/><G20/><T11/><D64/><U52/><E48/><V86/><F86/><W50/><G50/><T98/><D47/><U100/><E100/><V32/><F70/><W111/><G14/><T103/><REACH who="0" step="1"/><D98/><REACH who="0" step="2"/><U93/><E65/><V9/><F113/><W96/><G96/><T99/><D99/><U35/><E61/><V19/><F107/><W71/><G71/><T15/><D15/><U125/><E12/><V23/><F1/><W2/><G2/><T69/><D69/><U21/><E125/><V104/><F104/><W63/><G5/><T128/><D128/><U46/><E46/><V68/><F68/><W42/><G6/><T72/><D72/><U88/><E26/><V31/><AGARI ba="0,1" hai="9,10,18,19,22,23,28,31,32,33,117,118,121,123" machi="31" ten="25,16000,3" yaku="0,1,22,2,34,3,52,2" doraHai="30" who="2" fromWho="2" sc="240,-80,250,-40,250,170,250,-40" /><INIT seed="1,0,0,0,0,14" ten="160,210,420,210" oya="1" hai0="106,9,116,76,68,8,125,127,59,23,85,95,33" hai1="20,30,67,12,134,122,38,69,16,84,41,93,91" hai2="5,78,118,100,58,45,75,54,115,86,48,99,18" hai3="130,4,71,98,74,11,108,82,88,83,62,61,94"/><U128/><E122/><V89/><F118/><W17/><G130/><T36/><D116/><U52/><E128/><V77/><F5/><W123/><G123/><T73/><D68/><U35/><E134/><V24/><F115/><W31/><G108/><T2/><D33/><U111/><E111/><V63/><F75/><W49/><G31/><T6/><D73/><U129/><E129/><V64/><F100/><W15/><G71/><T19/><D106/><U70/><E67/><V121/><F121/><W51/><G74/><T39/><D76/><U114/><E114/><V119/><F119/><W107/><G107/><T53/><D127/><U92/><E92/><N who="2" m="56719" /><F86/><W79/><G79/><T13/><D125/><U10/><E41/><V40/><F64/><W37/><G37/><T131/><D131/><U28/><E38/><V112/><F112/><W117/><G117/><T0/><D8/><U90/><E90/><V120/><F120/><W72/><G72/><T50/><REACH who="0" step="1"/><D0/><REACH who="0" step="2"/><U47/><E35/><V34/><F34/><W133/><G133/><T46/><D46/><U104/><E104/><V25/><F45/><W56/><G56/><T43/><D43/><U27/><E70/><V42/><F42/><W22/><G82/><T132/><D132/><U21/><E69/><V7/><F40/><W29/><G83/><T101/><D101/><U124/><E124/><V97/><F77/><W102/><G102/><T96/><D96/><U81/><E20/><V105/><F97/><W80/><G80/><T87/><D87/><U126/><E126/><V110/><F105/><W65/><G98/><RYUUKYOKU ba="0,1" sc="150,30,210,-10,420,-10,210,-10" hai0="2,6,9,13,19,23,36,39,50,53,59,85,95" /><INIT seed="2,1,1,0,1,29" ten="180,200,410,200" oya="2" hai0="71,63,66,43,23,0,9,57,67,89,126,37,119" hai1="134,113,49,24,118,22,50,114,6,21,59,101,124" hai2="116,62,74,104,79,108,72,86,26,20,10,127,5" hai3="82,18,8,16,70,130,64,33,111,44,110,17,95"/><V52/><F116/><W40/><G64/><T106/><D119/><U31/><E118/><V55/><F104/><W112/><G70/><T42/><D106/><U115/><E134/><V99/><F127/><W47/><G112/><T27/><D126/><U13/><E124/><V122/><F122/><W15/><G130/><T84/><D71/><U53/><E101/><V76/><F72/><W58/><G58/><T123/><D123/><U14/><E6/><V34/><F34/><W81/><G95/><T120/><D120/><U92/><E92/><V11/><F74/><W83/><G33/><T78/><D78/><U88/><E88/><V54/><F62/><W94/><G94/><T30/><D66/><U133/><E133/><V60/><F60/><W96/><G96/><T87/><D37/><U85/><E85/><V28/><F99/><W69/><G69/><T117/><D117/><U56/><E21/><V121/><F121/><W7/><REACH who="3" step="1"/><G40/><REACH who="3" step="2"/><T80/><REACH who="0" step="1"/><D87/><REACH who="0" step="2"/><U2/><E2/><V65/><F86/><W36/><G36/><T25/><D25/><U91/><E115/><V39/><F39/><W105/><G105/><T41/><D41/><U32/><E114/><V102/><F65/><W132/><G132/><T1/><D1/><U3/><E113/><V19/><F26/><W73/><G73/><T68/><D68/><U77/><E3/><V12/><F12/><W97/><G97/><T103/><D103/><U98/><E98/><V48/><F102/><W38/><G38/><T100/><D100/><U35/><E13/><V4/><F55/><W46/><AGARI ba="1,3" hai="7,8,15,16,17,18,44,46,47,81,82,83,110,111" machi="46" ten="40,12000,2" yaku="1,1,5,1,0,1,29,2,54,1,53,0" doraHai="29" doraHaiUra="75" who="3" fromWho="3" sc="170,-31,200,-31,410,-61,190,153" /><INIT seed="3,0,0,1,3,41" ten="139,169,349,343" oya="3" hai0="93,45,103,99,34,73,97,16,35,49,5,50,48" hai1="14,44,0,71,108,81,76,20,42,11,123,36,21" hai2="131,126,23,53,8,115,4,6,22,104,127,46,28" hai3="3,27,83,133,39,43,55,51,122,70,7,91,62"/><W111/><G7/><T119/><D73/><U52/><E123/><V109/><F104/><W78/><G3/><T86/><D119/><U79/><E108/><V106/><F106/><W59/><G122/><T64/><D5/><U18/><E71/><V100/><F100/><W125/><G91/><T117/><D117/><U17/><E76/><V57/><F115/><W101/><G101/><T94/><D64/><U12/><E0/><V38/><F38/><W1/><G1/><T90/><D35/><U25/><E25/><V92/><F92/><W58/><G125/><T37/><D34/><U124/><E124/><N who="2" m="47659" /><F109/><W102/><G102/><T88/><D16/><U47/><E11/><V2/><F4/><W24/><G111/><T9/><D9/><U74/><E52/><V29/><F131/><W129/><G129/><T72/><D72/><U63/><E63/><N who="2" m="36271" /><F46/><AGARI ba="0,0" hai="12,14,17,18,20,21,36,42,44,46,47,74,79,81" machi="46" ten="40,8000,1" yaku="9,1,52,3" doraHai="41" who="1" fromWho="2" sc="139,0,169,80,349,-80,343,0" /><INIT seed="4,0,0,2,0,22" ten="139,249,269,343" oya="0" hai0="61,39,49,36,60,89,133,78,25,16,86,12,33" hai1="1,34,97,68,118,84,64,115,27,50,65,66,129" hai2="95,57,98,45,47,18,111,14,69,80,53,77,125" hai3="9,121,74,113,35,4,112,127,79,3,99,100,52"/><T0/><D0/><U2/><E118/><V123/><F69/><W10/><G127/><T11/><D133/><U26/><E68/><V54/><F123/><W94/><G121/><T126/><D126/><U72/><E72/><V119/><F119/><W103/><G79/><T92/><D49/><U13/><E129/><V73/><F125/><W55/><G74/><T134/><D134/><U128/><E128/><V105/><F105/><W44/><G35/><T130/><D130/><U106/><E34/><V8/><F111/><W88/><G10/><T104/><D104/><U67/><E13/><V82/><F80/><W124/><G124/><T116/><D116/><U21/><E84/><V31/><F31/><W102/><G44/><T132/><D132/><U24/><E50/><V28/><F28/><W58/><G58/><T42/><D78/><U46/><E46/><V71/><F71/><W63/><G63/><T40/><D39/><U23/><E115/><AGARI ba="0,0" hai="3,4,9,52,55,88,94,99,100,102,103,112,113,115" machi="115" ten="40,5200,0" yaku="15,1,54,2" doraHai="22" who="3" fromWho="1" sc="139,0,249,-52,269,0,343,52" /><INIT seed="5,0,0,5,5,56" ten="139,197,269,395" oya="1" hai0="31,134,98,116,69,21,62,110,119,4,133,76,19" hai1="24,2,45,50,106,132,72,70,77,80,96,32,61" hai2="124,131,109,120,51,1,53,78,84,39,33,118,14" hai3="130,36,68,54,94,87,29,7,93,3,122,81,129"/><U60/><E2/><V107/><F14/><W135/><G36/><T30/><D76/><U123/><E123/><V44/><F84/><W125/><G122/><T99/><D69/><U9/><E70/><V111/><F78/><W10/><G29/><T35/><D110/><U27/><E132/><V100/><F53/><W108/><G108/><T11/><D62/><U13/><E32/><V126/><F51/><W40/><G40/><T67/><D67/><U66/><E66/><V102/><F44/><W18/><G135/><N who="0" m="51723" /><D98/><U121/><E121/><V83/><F83/><W82/><G125/><T115/><D99/><U47/><E47/><V6/><F33/><W48/><G18/><T22/><D115/><U63/><E96/><V26/><F26/><W8/><G8/><T101/><D101/><U12/><E106/><V41/><F120/><W20/><G20/><N who="0" m="7787" /><D19/><U71/><E71/><V103/><F103/><W114/><G114/><T59/><D59/><U105/><E105/><V112/><F112/><W42/><G42/><T17/><D17/><U73/><E73/><V5/><F107/><W38/><G38/><T57/><D57/><U104/><E104/><V55/><F41/><W15/><G68/><T34/><D34/><U43/><REACH who="1" step="1"/><E13/><REACH who="1" step="2"/><V79/><F1/><W23/><G15/><N who="0" m="5607" /><D35/><U16/><AGARI ba="0,1" hai="9,12,16,24,27,43,45,50,60,61,63,72,77,80" machi="16" ten="30,18000,2" yaku="1,1,0,1,52,3,54,1,53,0" doraHai="56" doraHaiUra="86" who="1" fromWho="1" sc="139,-60,187,190,269,-60,395,-60" /><INIT seed="5,1,0,4,3,110" ten="79,377,209,335" oya="1" hai0="73,24,89,108,37,57,109,86,47,111,104,74,101" hai1="131,69,84,8,40,85,35,38,46,80,135,66,65" hai2="125,23,9,22,64,130,44,20,55,107,102,96,31" hai3="114,118,67,83,29,17,19,113,127,6,82,103,120"/><U62/><E35/><V119/><F119/><W132/><G120/><T15/><D37/><U10/><E135/><V41/><F64/><W39/><G39/><T0/><D47/><U75/><E131/><V5/><F130/><W70/><G29/><T50/><D0/><U4/><E66/><V36/><F31/><W105/><G6/><T30/><D15/><U2/><REACH who="1" step="1"/><E10/><REACH who="1" step="2"/><V51/><F125/><W121/><G121/><T78/><D111/><U18/><E18/><N who="3" m="6666" /><G127/><T90/><D109/><U81/><E81/><N who="3" m="30730" /><G132/><T58/><D108/><U124/><E124/><V72/><F72/><W106/><G118/><T25/><D74/><U133/><E133/><V45/><REACH who="2" step="1"/><F22/><REACH who="2" step="2"/><W12/><G67/><T54/><D73/><U122/><E122/><V59/><F59/><W112/><G70/><T14/><D58/><U11/><E11/><V42/><F42/><W98/><G12/><AGARI ba="1,2" hai="5,9,12,20,23,36,41,44,45,51,55,96,102,107" machi="12" ten="30,3900,0" yaku="1,1,7,1,53,1" doraHai="110" doraHaiUra="94" who="2" fromWho="3" sc="79,0,367,0,199,62,335,-42" /><INIT seed="6,0,0,5,5,121" ten="79,367,261,293" oya="2" hai0="21,62,69,4,40,93,66,6,95,33,34,2,54" hai1="102,80,63,88,59,133,122,13,78,26,17,37,12" hai2="126,99,113,23,75,134,98,49,127,107,28,51,35" hai3="100,65,7,131,97,3,125,55,5,44,112,41,39"/><V129/><F35/><W68/><G125/><T128/><D128/><U52/><E122/><V118/><F75/><W30/><G131/><T106/><D40/><U9/><E37/><V104/><F129/><W11/><G7/><T91/><D54/><U132/><E102/><V46/><F23/><W70/><G30/><T31/><D106/><U108/><E108/><V92/><F28/><W119/><G119/><T67/><D21/><U42/><E42/><V123/><F46/><W27/><G27/><T16/><D31/><U48/><E26/><V130/><F130/><W56/><G112/><T81/><D81/><U0/><E0/><V109/><F123/><W86/><G86/><T1/><D62/><U57/><E13/><V135/><F92/><W94/><REACH who="3" step="1"/><G65/><REACH who="3" step="2"/><T74/><D69/><U111/><E133/><V73/><F73/><W61/><AGARI ba="0,1" hai="3,5,11,39,41,44,55,56,61,68,70,94,97,100" machi="61" ten="20,8000,1" yaku="1,1,2,1,0,1,7,1,53,1" doraHai="121" doraHaiUra="50" who="3" fromWho="3" sc="79,-20,367,-20,261,-40,283,90" /><INIT seed="7,0,0,2,3,111" ten="59,347,221,373" oya="3" hai0="14,91,127,82,120,104,129,35,40,64,34,13,7" hai1="123,68,79,5,78,38,67,72,12,2,0,42,98" hai2="105,39,6,100,17,22,47,93,52,32,96,9,84" hai3="115,23,99,21,29,71,135,48,18,16,132,107,80"/><W103/><G71/><T101/><D82/><U126/><E123/><V94/><F32/><W97/><G80/><T53/><D40/><U113/><E126/><V122/><F122/><W87/><G87/><T130/><D64/><U128/><E128/><V61/><F39/><W76/><G76/><T41/><D41/><U121/><E121/><V95/><F84/><W116/><G116/><T86/><D53/><U44/><E98/><V60/><F47/><W11/><G115/><T125/><D91/><U65/><E12/><V106/><F106/><W66/><G66/><T75/><D75/><U83/><E78/><V49/><F9/><W92/><G29/><T70/><D86/><U118/><E118/><V1/><F6/><W25/><G48/><T28/><D101/><U59/><E59/><V8/><F8/><W57/><G57/><T117/><D70/><U45/><E45/><V108/><F108/><W62/><G62/><N who="2" m="24169" /><F1/><W36/><G11/><T77/><D104/><U54/><E54/><V30/><F30/><W112/><G36/><T69/><D120/><U56/><E56/><N who="2" m="32783" /><F105/><W119/><G119/><T15/><D117/><U102/><E102/><V43/><F43/><W109/><G109/><T133/><D69/><U74/><E74/><V31/><F31/><W55/><G99/><T20/><D77/><U33/><E33/><N who="0" m="12297" /><D7/><U51/><E51/><V37/><F37/><W124/><G107/><T81/><D81/><U90/><E68/><V58/><F58/><W110/><G110/><T19/><D28/><U88/><E0/><V26/><AGARI ba="0,0" hai="17,22,26,93,94,95,96,100" m="32783,24169" machi="26" ten="30,2000,0" yaku="8,1,54,1" doraHai="111" who="2" fromWho="2" sc="59,-5,347,-5,221,20,373,-10" owari="54,-45,342,14,241,-16,363,47" /></mjloggm>