<mjloggm ver="2.3"><GO type="193"/><UN n0="%59%53%4B%4E" n1="%6D%61%72%75%31%36%32%33" n2="%E3%82%A6%E3%83%AB%E3%83%88%E3%83%A9%E7%AB%8B%E7%9B%B4" n3="%4F%75%61%79%4B%79%61%75" dan="12,12,12,12" rate="1652,1775,1868,1606" sx="M,M,M,F"/><TAIKYOKU oya="0"/><INIT seed="0,0,0,3,0,0" ten="250,250,250,250" oya="0" hai0="58,1,13,111,75,28,45,4,14,23,68,53,54" hai1="118,94,31,114,36,22,20,10,123,96,89,101,47" hai2="116,106,77,131,81,38,85,55,57,56,18,91,9" hai3="64,7,40,134,113,66,43,104,92,86,80,127,17" shuffle="mt19937ar,8E213D74,847ED397,48897586,073FB73A,7B3B253D,2E08F97D,A251E1F1,6A14A47D"/><T71/><D75/><U41/><E118/><V112/><F116/><W33/><G113/><T48/><D68/><U62/><E114/><V110/><F112/><W79/><G104/><T19/><D71/><U93/><E123/><V51/><F38/><W133/><G33/><T6/><D111/><U67/><E10/><V121/><F110/><W117/><G117/><T35/><D1/><U95/><E89/><V132/><F106/><W130/><G127/><T2/><D2/><U109/><E109/><V129/><F121/><W26/><G130/><T105/><D105/><U12/><E22/><V46/><F132/><N who="3" m="50795" /><G92/><T70/><D70/><U119/><E119/><V34/><F34/><W97/><G97/><T88/><D13/><U72/><E72/><V90/><F129/><W63/><G63/><T21/><D35/><U52/><E12/><N who="2" m="7439" /><F131/><W30/><G30/><T100/><D100/><U98/><E98/><V69/><F69/><W103/><G103/><T82/><D23/><U124/><E52/><V60/><F57/><W15/><G26/><T59/><D28/><U49/><E36/><V37/><F37/><W29/><G29/><T87/><REACH who="0" step="1"/><D45/><REACH who="0" step="2"/><U120/><E124/><V76/><F91/><W126/><G126/><T73/><D73/><U5/><E120/><V16/><F16/><W27/><G27/><T11/><D11/><U32/><E5/><V128/><F128/><W24/><G24/><T39/><D39/><U99/><E32/><V83/><F83/><W61/><G7/><T102/><D102/><U78/><E101/><V42/><AGARI ba="0,1" hai="42,46,51,55,56,60,76,77,81,85,90" m="7439" machi="42" ten="30,1100,0" yaku="8,1" doraHai="0" who="2" fromWho="2" sc="240,-5,250,-3,250,21,250,-3" /><INIT seed="1,0,0,0,4,113" ten="235,247,271,247" oya="1" hai0="26,104,107,74,16,31,65,41,22,82,38,110,57" hai1="108,123,0,21,116,81,85,52,51,45,59,134,102" hai2="119,106,50,99,105,3,135,87,13,90,93,70,37" hai3="77,76,96,11,80,17,125,84,25,72,117,100,1" shuffle="mt19937ar,03E7DB53,A2D6EB31,48CF6C5E,D92FD1C1,824394AA,C65DDF5F,F7CD6C32,1D134B36"/><U75/><E0/><V126/><F37/><W14/><G1/><T20/><D110/><U97/><E134/><V112/><F70/><W6/><G25/><T7/><D7/><U103/><E123/><V89/><F3/><W23/><G125/><T36/><D82/><U95/><E75/><V58/><F58/><W129/><G129/><T4/><D74/><U15/><E108/><V131/><F50/><W49/><G49/><T71/><D4/><U35/><E35/><V111/><F13/><W44/><G44/><T101/><D71/><U46/><E116/><V94/><F126/><W120/><G120/><T8/><D8/><U88/><E103/><V122/><F122/><W124/><G124/><T62/><D41/><U47/><E47/><V29/><F29/><W118/><G72/><T18/><D31/><U79/><E79/><V127/><F111/><W9/><G77/><T91/><D91/><U78/><E78/><V53/><F53/><W12/><REACH who="3" step="1"/><G23/><REACH who="3" step="2"/><T54/><D38/><U115/><E115/><V83/><F127/><W67/><G67/><T34/><D36/><U133/><E133/><V2/><F2/><W63/><G63/><T10/><D34/><U60/><E60/><V109/><F109/><W92/><AGARI ba="0,1" hai="6,9,11,12,14,17,76,80,84,92,96,100,117,118" machi="92" ten="30,7900,0" yaku="1,1,0,1,52,2,53,0" doraHai="113" doraHaiUra="121" who="3" fromWho="3" sc="235,-20,247,-39,271,-20,237,89" /><INIT seed="2,0,0,2,4,94" ten="215,208,251,326" oya="2" hai0="27,60,5,104,79,26,107,123,90,29,0,59,115" hai1="35,120,110,68,55,62,33,15,76,13,132,57,86" hai2="101,113,2,46,45,108,92,48,131,95,106,78,112" hai3="23,37,64,7,65,80,81,10,87,11,109,1,127" shuffle="mt19937ar,1F656595,4623D59C,8CDDEA23,1C7A53E4,FA3BE8F5,5C871C3E,3C6CB2F3,D1451CB1"/><V19/><F2/><W41/><G37/><T28/><D123/><U3/><E3/><V24/><F78/><W38/><G38/><T31/><D115/><U14/><E110/><V18/><F131/><W77/><G41/><T30/><D79/><U36/><E132/><V12/><F108/><W58/><G127/><T40/><N who="0" m="7680" /><DORA hai="111" /><T39/><D90/><U73/><E36/><V49/><F106/><W42/><G109/><T129/><D129/><U75/><E120/><V67/><F67/><W50/><G11/><T130/><D130/><U125/><E125/><V16/><F24/><W88/><G23/><T96/><D40/><U56/><E68/><V20/><F20/><W66/><G42/><T124/><D39/><U89/><E76/><V128/><F12/><W72/><REACH who="3" step="1"/><G50/><REACH who="3" step="2"/><N who="2" m="19561" /><F101/><W47/><G47/><N who="2" m="17929" /><F128/><W51/><G51/><T99/><D124/><U98/><E56/><AGARI ba="0,1" hai="1,7,10,56,58,64,65,66,72,77,80,81,87,88" machi="56" ten="40,5200,0" yaku="1,1,54,1,53,1" doraHai="94,111" doraHaiUra="100,85" who="3" fromWho="1" sc="215,0,208,-52,251,0,316,62" /><INIT seed="3,0,0,4,4,23" ten="215,156,251,378" oya="3" hai0="86,114,68,6,129,84,57,127,58,18,62,31,111" hai1="41,95,67,4,20,105,97,48,73,135,59,61,63" hai2="37,118,122,87,69,92,5,49,134,10,112,96,88" hai3="64,74,60,106,46,115,17,98,113,120,52,12,16" shuffle="mt19937ar,115DE86D,ABCFDB27,A07C4F48,F8C1193D,7881CBD3,2CE9CD98,5BB0187B,F0CA3042"/><W15/><G120/><T22/><D114/><U26/><E135/><V39/><F69/><W85/><G74/><T77/><D111/><U101/><E105/><V36/><F118/><W126/><G126/><T21/><D127/><U47/><E73/><V94/><F134/><W81/><G106/><T50/><D129/><U107/><E107/><V45/><F112/><W80/><G115/><T14/><D6/><U38/><E63/><V56/><F122/><W89/><G113/><T100/><D100/><U119/><E119/><V125/><F125/><W42/><G98/><T8/><D68/><U7/><REACH who="1" step="1"/><E38/><REACH who="1" step="2"/><V133/><F133/><W128/><G128/><T123/><D123/><U2/><E2/><V130/><F130/><W93/><G64/><T83/><D86/><U13/><E13/><V75/><F75/><W71/><G71/><T78/><D78/><U79/><E79/><V72/><F72/><W65/><G65/><T29/><D22/><U102/><E102/><V66/><F39/><W70/><G70/><T43/><D21/><U44/><E44/><V1/><F36/><W121/><G121/><T27/><D62/><U91/><E91/><V110/><F37/><W54/><G60/><T116/><D116/><U55/><E55/><N who="3" m="21034" /><G46/><T40/><D27/><U25/><E25/><V132/><F132/><W32/><G42/><T19/><D43/><U34/><E34/><V0/><F0/><W131/><G32/><T82/><D40/><U30/><AGARI ba="0,1" hai="4,7,20,26,30,41,47,48,59,61,67,95,97,101" machi="30" ten="20,12000,2" yaku="1,1,0,1,7,1,25,2,8,1,52,1,53,0" doraHai="23" doraHaiUra="51" who="1" fromWho="1" sc="215,-30,146,130,251,-30,378,-60" owari="185,-21,276,3,221,-13,318,31" /></mjloggm>