<mjloggm ver="2.3"><GO type="97"/><UN n0="%E5%B8%B8%E5%8B%9D%E7%87%95%E8%BB%8D%E5%9B%A3" n1="%E3%81%BE%E3%82%8B%EF%BC%99%EF%BC%99%EF%BC%99" n2="%E3%82%A6%E3%83%AB%E3%83%88%E3%83%A9%E7%AB%8B%E7%9B%B4" n3="%E6%A9%8B%E6%9C%AC%E9%89%84%E5%B9%B3" dan="13,14,13,14" rate="1931,1914,1815,1879" sx="M,M,M,F"/><TAIKYOKU oya="0"/><INIT seed="0,0,0,0,4,99" ten="250,250,250,250" oya="0" hai0="57,66,79,82,23,120,124,126,103,67,18,129,46" hai1="73,113,7,132,6,74,121,128,98,29,48,104,28" hai2="2,22,11,70,117,63,88,53,15,105,59,119,45" hai3="34,62,118,130,115,80,100,122,44,21,19,68,84"/><T32/><D32/><U9/><E121/><V93/><F105/><W39/><G118/><N who="2" m="45065" /><F70/><W51/><G115/><T60/><D120/><U31/><E113/><V5/><F45/><W86/><G34/><T131/><D46/><U91/><E132/><V4/><F22/><W112/><G112/><T76/><D67/><U43/><E128/><N who="0" m="49225" /><D103/><U14/><E7/><N who="2" m="3583" /><F2/><W72/><G39/><T0/><D0/><U71/><E71/><V107/><F107/><W111/><G68/><T20/><D20/><U56/><E91/><V96/><AGARI ba="0,0" hai="4,5,53,59,63,88,93,96" m="3583,45065" machi="96" ten="30,2000,0" yaku="12,1,54,1" doraHai="99" who="2" fromWho="2" sc="250,-10,250,-5,250,20,250,-5" /><INIT seed="1,0,0,3,4,105" ten="240,245,270,245" oya="1" hai0="13,22,71,41,102,48,133,36,128,23,70,73,40" hai1="5,120,81,109,69,49,32,96,34,117,129,39,103" hai2="127,104,89,111,110,123,46,44,4,58,101,19,42" hai3="16,97,82,59,53,108,132,135,45,28,20,50,67"/><U2/><E120/><V25/><F4/><W51/><G108/><N who="2" m="41513" /><F101/><W119/><G119/><T60/><D36/><U113/><E109/><V94/><F104/><W9/><G97/><T124/><D102/><U66/><E117/><V90/><F127/><W55/><G67/><T3/><D13/><U10/><E113/><V93/><F58/><W43/><G28/><T54/><D124/><U79/><E49/><V107/><F107/><W63/><G9/><T134/><D48/><U76/><E76/><V47/><F42/><W100/><G100/><T65/><D65/><U38/><E129/><V1/><F1/><W83/><G132/><T68/><D68/><U0/><E0/><V122/><F19/><W85/><G135/><T98/><D3/><U52/><E52/><N who="3" m="20042" /><G51/><T125/><D54/><U27/><E96/><N who="2" m="57391" /><F25/><N who="3" m="14471" /><G85/><AGARI ba="0,0" hai="44,46,47,85,90,94,122,123" m="57391,41513" machi="85" ten="30,1000,0" yaku="14,1" doraHai="105" who="2" fromWho="3" sc="240,0,245,0,270,10,245,-10" /><INIT seed="2,0,0,2,2,102" ten="240,245,280,235" oya="2" hai0="11,51,114,45,25,17,99,60,53,34,55,82,50" hai1="98,127,59,106,131,35,23,19,81,40,119,0,92" hai2="80,75,67,65,15,77,44,109,14,105,56,20,39" hai3="38,68,5,22,72,129,95,76,66,116,112,97,7"/><V16/><F105/><W31/><G116/><T91/><D114/><U110/><E119/><V1/><F1/><W130/><G38/><T120/><D120/><U115/><E115/><V3/><F3/><W122/><G122/><T41/><D34/><U61/><E35/><V121/><F121/><W73/><G112/><T125/><D125/><U94/><E127/><V84/><F75/><W88/><G68/><T93/><D82/><U132/><E0/><V57/><F39/><W32/><G66/><N who="2" m="25097" /><F44/><W10/><G32/><T96/><D60/><U74/><E132/><V87/><F87/><W69/><G69/><T83/><D83/><U8/><E131/><N who="3" m="50186" /><G76/><T124/><D124/><U64/><E8/><V26/><F109/><W85/><G85/><T71/><D71/><U100/><E110/><V2/><F2/><N who="3" m="311" /><G7/><T33/><D33/><U126/><E126/><V62/><F62/><W108/><G108/><T21/><D11/><U79/><REACH who="1" step="1"/><E40/><REACH who="1" step="2"/><V101/><F101/><W27/><AGARI ba="0,1" hai="22,27,31,72,73,88,95,97" m="311,50186" machi="27" ten="30,2000,0" yaku="19,1,54,1" doraHai="102" who="3" fromWho="3" sc="240,-5,235,-5,280,-10,235,30" /><INIT seed="3,0,0,4,0,115" ten="235,230,270,265" oya="3" hai0="1,41,62,95,17,106,55,27,7,0,92,79,59" hai1="134,118,125,120,43,22,28,123,74,2,58,13,50" hai2="101,57,35,114,54,32,25,129,119,107,127,56,117" hai3="104,72,130,24,31,37,71,19,77,10,20,128,86"/><W96/><G37/><T89/><D106/><U133/><E74/><V98/><F114/><W12/><G71/><T80/><D41/><U38/><E2/><V81/><F35/><W85/><G72/><T68/><D68/><U113/><E113/><V122/><F57/><W73/><G73/><T16/><D92/><U67/><E28/><N who="2" m="19471" /><F81/><W15/><G77/><T49/><D7/><U94/><E94/><V64/><F127/><W109/><G104/><T11/><D0/><U82/><E82/><V9/><F9/><N who="3" m="6543" /><G96/><T18/><D1/><U70/><E13/><V108/><F64/><W14/><G86/><N who="0" m="48415" /><D49/><U103/><E103/><V88/><F88/><W124/><G85/><N who="0" m="52655" /><D11/><U30/><E30/><V21/><F122/><N who="1" m="46633" /><E22/><AGARI ba="0,0" hai="16,17,18,22,27,55,59,62" m="52655,48415" machi="22" ten="30,2000,0" yaku="8,1,54,1" doraHai="115" who="0" fromWho="1" sc="235,20,230,-20,270,0,265,0" /><INIT seed="4,0,0,5,5,14" ten="255,210,270,265" oya="0" hai0="94,91,83,0,124,134,50,32,23,53,110,24,45" hai1="12,11,18,85,73,33,108,16,44,9,97,60,38" hai2="36,28,131,10,13,87,81,22,101,66,15,42,107" hai3="37,8,127,116,95,102,129,40,70,35,63,52,48"/><T75/><D32/><U111/><E73/><V100/><F107/><W49/><G35/><T105/><D0/><U57/><E33/><V26/><F131/><W21/><G116/><T133/><D105/><U113/><E113/><V67/><F36/><W78/><G129/><T46/><D124/><U3/><E85/><V79/><F42/><W92/><G37/><T125/><D125/><U82/><E82/><V123/><F123/><W27/><G78/><T61/><D110/><U47/><E3/><V117/><F15/><W126/><G126/><T112/><D61/><U54/><E97/><V89/><F89/><W106/><G8/><T132/><D75/><U93/><E93/><V98/><F98/><W77/><G77/><T120/><D83/><U104/><E104/><V19/><REACH who="2" step="1"/><F117/><REACH who="2" step="2"/><W51/><G127/><T74/><D112/><U1/><E38/><V34/><F34/><W86/><G40/><T62/><D120/><U80/><E108/><V121/><F121/><W43/><G43/><T109/><D109/><U30/><E111/><V25/><F25/><W71/><G106/><T130/><D130/><U119/><E119/><V69/><F69/><W56/><G71/><T58/><D74/><U31/><E1/><V135/><F135/><W96/><G70/><T20/><D24/><U90/><E90/><V59/><F59/><W103/><G103/><AGARI ba="0,1" hai="10,13,19,22,26,28,66,67,79,81,87,100,101,103" machi="103" ten="40,8000,1" yaku="1,1,8,1,52,1,53,1" doraHai="14" doraHaiUra="7" who="2" fromWho="3" sc="255,0,210,0,260,90,265,-80" owari="255,1,210,-14,350,34,185,-21" /></mjloggm>