<mjloggm ver="2.3"><GO type="193"/><UN n0="%E3%82%A6%E3%83%AB%E3%83%88%E3%83%A9%E7%AB%8B%E7%9B%B4" n1="%4B%45%48" n2="%E3%82%8A%E3%82%93%E3%81%94%E3%82%8A%E3%82%89" n3="%E3%82%B9%E3%82%AF%E3%82%AC%E3%83%A9%E3%82%B9" dan="12,12,12,12" rate="1781,1750,1586,1704" sx="M,M,M,M"/><TAIKYOKU oya="0"/><INIT seed="0,0,0,3,3,76" ten="250,250,250,250" oya="0" hai0="104,45,28,55,95,35,68,129,16,59,0,113,110" hai1="8,93,114,32,41,82,22,39,119,72,105,30,3" hai2="9,53,6,126,122,98,90,117,49,103,115,5,100" hai3="61,34,44,86,116,56,19,13,17,120,106,87,12" shuffle="mt19937ar,1334DC04,64F58987,D4E9B7EE,D55AE9C7,7AC2E8B8,CF9329B0,07E56731,FFFF9A48"/><T18/><D68/><U124/><E119/><V102/><F122/><W11/><G116/><T60/><D104/><U29/><E105/><V43/><F115/><W47/><G120/><T38/><D0/><U62/><E32/><V27/><F126/><W7/><G106/><T2/><D2/><U69/><E93/><V108/><F117/><W134/><G34/><T107/><D107/><U128/><E124/><V31/><F108/><W40/><G134/><T57/><D113/><U42/><E114/><V46/><F90/><W84/><G7/><T36/><D110/><U20/><E29/><V99/><F43/><W130/><G40/><T21/><D35/><U121/><E42/><V71/><F71/><W15/><G130/><T88/><D38/><U85/><E128/><V111/><F111/><W109/><G109/><T132/><D132/><U74/><E121/><V52/><F53/><W66/><REACH who="3" step="1"/><G13/><REACH who="3" step="2"/><T123/><D123/><U91/><E41/><V1/><F6/><W23/><AGARI ba="0,1" hai="11,12,15,17,19,23,44,47,56,61,66,84,86,87" machi="23" ten="30,7900,0" yaku="1,1,2,1,0,1,8,1,53,0" doraHai="76" doraHaiUra="133" who="3" fromWho="3" sc="250,-39,250,-20,250,-20,240,89" /><INIT seed="1,0,0,1,1,40" ten="211,230,230,329" oya="1" hai0="116,44,51,23,105,5,45,20,48,118,94,96,110" hai1="42,31,132,82,124,53,14,78,6,88,13,57,58" hai2="55,72,11,34,92,85,119,126,8,79,66,36,77" hai3="62,127,28,101,109,25,80,91,120,106,60,4,9" shuffle="mt19937ar,654A51F9,BDD2AE50,730E7A5C,46926E18,3D7497C8,172685E8,D274E11F,A94EF81D"/><U7/><E31/><V130/><F119/><W95/><G120/><T12/><D105/><U2/><E2/><V33/><F34/><W24/><G80/><T81/><D110/><U86/><E132/><V108/><F33/><W93/><G106/><T65/><D65/><U70/><E70/><V128/><F36/><W107/><G107/><T83/><D116/><U41/><E124/><V16/><F108/><W114/><G114/><T3/><D3/><U37/><E37/><V52/><F66/><W29/><G101/><T35/><D35/><U87/><E57/><V117/><F117/><W75/><G75/><T115/><D115/><U21/><E41/><V98/><F126/><W59/><G109/><T113/><D113/><U125/><E125/><V135/><F135/><W64/><G127/><T90/><D118/><U112/><E112/><V50/><F72/><W103/><G103/><T43/><D20/><U26/><E42/><V1/><F1/><W97/><G95/><T54/><D5/><U63/><E7/><V32/><F32/><W69/><G28/><T0/><D0/><U100/><E100/><N who="2" m="60487" /><F85/><W47/><G29/><T39/><D39/><U38/><E6/><V56/><F55/><W19/><G19/><AGARI ba="0,0" hai="12,19,23,43,44,45,48,51,54,81,83,90,94,96" machi="19" ten="40,5200,0" yaku="8,1,52,2" doraHai="40" who="0" fromWho="3" sc="211,52,230,0,230,0,329,-52" /><INIT seed="2,0,0,5,1,16" ten="263,230,230,277" oya="2" hai0="65,135,9,126,72,114,37,94,70,11,6,38,86" hai1="85,54,64,69,39,125,15,104,100,28,34,106,111" hai2="50,14,97,19,105,44,41,53,118,40,3,10,74" hai3="26,113,109,21,35,2,90,51,110,107,128,42,91" shuffle="mt19937ar,51A3638B,9C29DE41,E6293ED1,101EAC1D,19EBD5CB,BB2D0498,831CEAE2,317E2B00"/><V117/><F74/><W13/><G113/><T0/><D86/><U102/><E39/><N who="0" m="14857" /><D94/><U20/><E125/><V93/><F3/><W48/><G2/><T58/><D58/><U24/><E111/><N who="3" m="42506" /><G128/><T82/><D11/><U98/><E85/><V23/><F105/><W46/><G107/><T96/><D96/><U120/><E120/><V133/><F133/><W103/><G103/><T80/><D80/><U1/><E1/><V27/><F118/><W63/><G63/><N who="0" m="40255" /><D126/><U77/><E77/><V22/><F117/><W60/><G60/><T88/><D88/><N who="3" m="33833" /><G13/><T79/><D135/><U32/><E54/><V25/><F41/><W56/><G35/><T78/><D78/><U81/><E81/><V68/><F68/><W116/><G116/><T55/><D55/><U62/><E15/><V127/><F127/><W52/><G26/><N who="2" m="9737" /><F40/><W119/><G119/><T36/><N who="0" m="14865" /><T132/><DORA hai="131" /><D132/><U31/><REACH who="1" step="1"/><E31/><REACH who="1" step="2"/><V29/><F29/><W12/><G12/><T18/><D18/><U89/><E89/><AGARI ba="0,1" hai="10,14,19,22,23,44,50,53,89,93,97" m="9737" machi="89" ten="30,5800,0" yaku="8,1,52,2" doraHai="16,131" who="2" fromWho="1" sc="263,0,220,-58,230,68,277,0" /><INIT seed="2,1,0,3,1,51" ten="263,162,298,277" oya="2" hai0="106,100,126,32,56,9,134,72,73,85,97,114,50" hai1="42,5,133,102,4,52,96,115,129,30,0,82,23" hai2="86,125,87,26,108,27,66,36,78,77,57,10,130" hai3="113,110,62,92,67,37,14,132,45,79,43,2,53" shuffle="mt19937ar,14958F81,7DA9CD84,0E5ED3EA,5534609A,CEA14030,0B80A40D,B7A7114A,67AD3C9B"/><V88/><F36/><W69/><G2/><T65/><D32/><U24/><E115/><V38/><F38/><W94/><G113/><T47/><D114/><U107/><E42/><V19/><F130/><W71/><G132/><T128/><D134/><U81/><E0/><V122/><F122/><W84/><G110/><T11/><D128/><U6/><E133/><V40/><F125/><W16/><G71/><T60/><D126/><U15/><E129/><V111/><F40/><W75/><G75/><T83/><D73/><U12/><E12/><N who="2" m="7575" /><F66/><W70/><G70/><T95/><D106/><U55/><REACH who="1" step="1"/><E15/><REACH who="1" step="2"/><V135/><F135/><W131/><G131/><T33/><D72/><U124/><E124/><V7/><F7/><W127/><G127/><T17/><D33/><U80/><AGARI ba="1,1" hai="4,5,6,23,24,30,52,55,80,81,82,96,102,107" machi="80" ten="30,8000,1" yaku="1,1,0,1,52,2,54,1,53,0" doraHai="51" doraHaiUra="44" who="1" fromWho="1" sc="263,-21,152,93,298,-41,277,-21" /><INIT seed="3,0,0,3,1,111" ten="242,245,257,256" oya="3" hai0="95,70,36,128,45,102,35,37,25,46,127,53,109" hai1="114,94,87,7,80,65,88,98,3,6,50,104,28" hai2="34,105,38,54,67,86,18,107,81,59,72,24,47" hai3="22,21,90,103,40,132,66,64,10,49,108,2,12" shuffle="mt19937ar,D3156280,D566AA73,978D20D9,C3D1420F,80F07DCE,25271663,BD3CB7E2,F678717D"/><W27/><G2/><T55/><D95/><U32/><E65/><V62/><F72/><W121/><G121/><T63/><D102/><U31/><E3/><V93/><F93/><W33/><G132/><T61/><D25/><U23/><E32/><V91/><F38/><N who="0" m="14954" /><D35/><U16/><E104/><V123/><F123/><W115/><G115/><T11/><D11/><U83/><E114/><V89/><F34/><W82/><G108/><T120/><D120/><U1/><E1/><V19/><F91/><W112/><G103/><T73/><D73/><U29/><E50/><V131/><F131/><W75/><G112/><T134/><D109/><U4/><REACH who="1" step="1"/><E98/><REACH who="1" step="2"/><V17/><F24/><AGARI ba="0,1" hai="4,6,7,16,23,24,28,29,31,80,83,87,88,94" machi="24" ten="40,12000,2" yaku="1,1,2,1,8,1,54,2,53,1" doraHai="111" doraHaiUra="13" who="1" fromWho="2" sc="242,0,235,130,257,-120,256,0" owari="242,-11,365,36,137,-26,256,1" /></mjloggm>