<mjloggm ver="2.3"><GO type="9"/><UN n0="%74%69%67%65%72" n1="%E3%82%A6%E3%83%AB%E3%83%88%E3%83%A9%E7%AB%8B%E7%9B%B4" n2="%57%61%73%6F%6E" n3="%E3%82%BF%E3%83%AA%E3%82%A3" dan="0,5,7,10" rate="1500,1698,1820,1616" sx="M,M,M,F"/><TAIKYOKU oya="0"/><INIT seed="0,0,0,4,5,32" ten="250,250,250,250" oya="0" hai0="77,9,25,110,116,108,127,82,62,39,51,18,27" hai1="114,73,98,101,109,92,67,52,70,94,38,60,107" hai2="130,2,55,8,59,61,10,45,30,89,131,124,41" hai3="100,74,71,105,28,128,102,22,15,111,46,29,79" shuffle="mt19937ar,A64E694B,E50F4EEC,AF929405,26740786,0FCF3FF1,B0961B5B,7657426D,A2E56EE7"/><T72/><D77/><U129/><E73/><V44/><F30/><W16/><G71/><T26/><D110/><U64/><E109/><V91/><F124/><W53/><G111/><T75/><D75/><U11/><E38/><V48/><F45/><W134/><G134/><T69/><D69/><U13/><E129/><N who="2" m="49163" /><F10/><W126/><G128/><T4/><D4/><AGARI ba="0,0" hai="2,4,8,41,44,48,55,59,61,89,91" m="49163" machi="4" ten="30,2000,0" yaku="19,1,52,1" doraHai="32" who="2" fromWho="0" sc="250,-20,250,0,250,20,250,0" /><INIT seed="1,0,0,2,1,120" ten="230,250,270,250" oya="1" hai0="2,50,84,45,48,27,18,134,107,122,5,58,68" hai1="20,130,82,67,46,13,28,90,96,54,9,29,53" hai2="126,44,81,77,39,72,40,11,21,38,113,33,100" hai3="36,26,78,35,101,133,0,63,74,92,10,125,37" shuffle="mt19937ar,E4EADA96,6D23BC4C,2D57F9D3,D508D4C8,1AF4C146,A1E59B75,8EF74F9C,375CBAF3"/><U1/><E1/><V127/><F100/><W71/><G92/><T104/><D50/><U30/><E67/><V76/><F33/><W16/><G101/><T12/><D27/><U89/><E130/><V75/><F21/><W97/><G97/><T31/><D58/><U94/><E20/><V115/><F11/><W116/><G116/><T66/><D66/><U110/><E110/><V135/><F135/><W19/><G133/><T51/><D51/><U62/><E62/><V129/><F129/><W14/><G125/><N who="2" m="47625" /><F39/><W98/><G98/><T99/><D134/><U124/><E124/><V69/><F69/><W6/><G74/><T95/><D95/><U61/><E61/><V24/><F24/><W83/><G71/><T32/><D99/><U70/><E70/><V87/><F87/><W103/><G63/><T52/><D52/><U7/><E46/><V118/><F118/><W47/><G103/><T85/><D122/><U15/><E15/><V91/><F91/><W121/><G121/><T93/><D68/><U49/><E49/><V80/><AGARI ba="0,0" hai="38,40,44,72,75,76,77,80,81,113,115" m="47625" machi="80" ten="30,2000,0" yaku="18,1,23,1" doraHai="120" who="2" fromWho="2" sc="230,-5,250,-10,270,20,250,-5" /><INIT seed="2,0,0,5,1,82" ten="225,240,290,245" oya="2" hai0="94,113,126,78,51,116,61,17,1,129,118,64,105" hai1="15,123,6,72,71,117,46,55,25,7,76,87,40" hai2="34,95,16,65,102,0,96,53,39,67,30,36,44" hai3="104,114,122,24,52,106,62,41,124,49,13,68,42" shuffle="mt19937ar,08B68603,E43363D1,0F12F157,A373C16F,31419867,703EB738,FD89EE57,DD7A65A2"/><V63/><F0/><W19/><G124/><T120/><D120/><U18/><BYE who="0" /><E71/><V110/><F110/><W69/><G122/><T23/><D23/><U132/><E117/><V85/><F30/><W135/><G114/><T133/><D133/><U32/><E123/><V81/><F34/><W74/><G135/><T92/><D92/><U99/><E72/><V10/><F53/><W84/><G74/><T5/><D5/><U127/><E127/><V45/><F39/><W119/><G119/><T131/><D131/><U112/><E112/><V50/><F36/><W130/><G130/><T48/><D48/><U57/><E132/><V47/><F50/><W60/><G24/><T79/><D79/><U21/><E32/><V11/><F63/><W90/><G90/><T121/><D121/><U28/><E99/><V8/><F16/><W12/><G19/><T98/><D98/><U9/><E7/><V66/><F81/><W100/><G100/><T26/><D26/><U35/><E35/><V93/><F85/><W111/><G111/><T20/><D20/><U75/><E75/><V29/><F29/><W89/><G89/><T83/><D83/><U59/><E55/><V108/><F108/><W43/><G43/><T115/><D115/><U14/><E28/><V77/><F77/><W31/><G31/><T27/><D27/><U4/><E25/><V91/><F91/><W88/><G88/><T38/><D38/><U128/><E128/><V125/><F125/><W107/><G107/><AGARI ba="0,0" hai="8,10,11,44,45,47,65,66,67,93,95,96,102,107" machi="107" ten="50,4800,0" yaku="29,2" doraHai="82" who="2" fromWho="3" sc="225,0,240,0,290,48,245,-48" /><INIT seed="2,1,0,1,3,3" ten="225,240,338,197" oya="2" hai0="94,126,35,15,18,52,87,79,110,120,98,86,77" hai1="125,41,13,24,122,62,33,42,26,85,73,88,81" hai2="111,129,38,9,10,103,58,8,54,97,55,92,44" hai3="11,30,108,2,71,53,27,46,84,115,1,104,19" shuffle="mt19937ar,DAE1EBEA,589FDC07,D78891D8,1A0A67DC,2E27928D,C3C39000,0726959B,BB38E7A4"/><V72/><F72/><W21/><G104/><T134/><D134/><U68/><E122/><V133/><F133/><W60/><G108/><T17/><D17/><U36/><E125/><V76/><F76/><W16/><G115/><T43/><D43/><U63/><E73/><V64/><F129/><W119/><G119/><T29/><D29/><U23/><E33/><V130/><F111/><W28/><G84/><T101/><D101/><U132/><E68/><V25/><F130/><W89/><G89/><T50/><D50/><U51/><E36/><V48/><F25/><N who="1" m="9833" /><E132/><V32/><F32/><N who="3" m="20511" /><G71/><T82/><D82/><U109/><E109/><V75/><F75/><W106/><G106/><T96/><D96/><U47/><E41/><V117/><F117/><W56/><G46/><T67/><D67/><U114/><E114/><V0/><F38/><W91/><G91/><T22/><D22/><U105/><E105/><V127/><F127/><W74/><G74/><T95/><D95/><U12/><E23/><V70/><F70/><W69/><G69/><T116/><D116/><U100/><E100/><V65/><F0/><N who="3" m="107" /><G60/><AGARI ba="1,0" hai="12,13,42,47,51,60,62,63,81,85,88" m="9833" machi="60" ten="30,2000,0" yaku="8,1,54,1" doraHai="3" who="1" fromWho="3" sc="225,0,240,23,338,0,197,-23" /><AGARI ba="1,0" hai="8,9,10,44,48,54,55,58,60,64,65,92,97,103" machi="60" ten="40,2000,0" yaku="8,1" doraHai="3" who="2" fromWho="3" sc="225,0,263,0,338,20,174,-20" /><INIT seed="2,2,0,3,4,14" ten="225,263,358,154" oya="2" hai0="66,112,28,121,19,98,99,104,65,54,81,35,39" hai1="24,67,16,76,63,110,109,64,4,68,29,15,79" hai2="126,130,41,40,31,71,44,6,72,96,94,100,85" hai3="102,12,33,51,62,26,50,127,133,30,57,123,78" shuffle="mt19937ar,01395143,892B5D2F,BD7D2C81,4FD1F7C5,B248846B,0120F308,6080FA62,CE4CCD1C"/><V113/><F72/><W49/><G133/><T131/><D131/><U80/><E67/><V92/><F71/><W95/><G127/><T77/><D77/><U25/><E4/><V124/><F31/><W87/><G123/><T61/><D61/><U3/><E3/><V74/><F74/><W129/><G129/><T46/><D46/><U5/><E5/><V53/><F130/><W120/><G120/><T111/><D111/><N who="1" m="42507" /><E29/><V105/><F6/><W21/><G78/><N who="1" m="29738" /><E80/><V101/><F113/><W114/><G114/><T83/><D83/><U69/><E69/><V58/><F100/><W125/><G125/><N who="2" m="48233" /><F85/><W132/><G132/><T43/><D43/><N who="2" m="16458" /><F44/><W93/><G102/><T56/><D56/><U0/><E0/><V11/><F11/><AGARI ba="2,0" hai="11,15,16,24,25,63,64,68" m="29738,42507" machi="11" ten="30,3900,0" yaku="14,1,52,1,54,1" doraHai="14" who="1" fromWho="2" sc="225,0,263,45,358,-45,154,0" /><INIT seed="3,0,0,4,1,10" ten="225,308,313,154" oya="3" hai0="125,56,74,81,86,112,6,59,75,134,11,100,63" hai1="82,89,61,114,31,55,1,54,47,39,79,57,117" hai2="25,41,95,52,118,19,130,94,44,58,51,62,12" hai3="21,35,9,36,18,88,108,104,120,68,121,27,5" shuffle="mt19937ar,64DF660C,AED6C859,98B0B0BF,9212DCCD,F039C0FD,F10EEBB0,DB4C923F,7D2B17BE"/><W92/><G104/><T124/><D124/><U50/><E1/><V116/><F25/><W133/><G68/><T77/><D77/><U84/><E117/><V17/><F17/><W107/><G36/><T14/><D14/><U15/><E114/><V101/><F130/><W102/><G108/><T37/><D37/><U70/><E70/><V131/><F131/><W93/><G133/><T49/><D49/><U32/><E39/><V126/><F126/><W91/><G35/><T22/><D22/><U45/><E31/><V85/><F95/><W97/><G120/><T113/><D113/><U78/><E32/><V66/><F41/><W48/><G121/><T72/><D72/><U7/><E47/><V115/><F115/><W128/><G128/><T83/><D83/><U42/><E54/><V46/><F101/><W30/><G48/><T80/><D80/><U3/><E3/><V103/><F46/><W122/><G122/><T0/><D0/><U99/><E99/><V4/><F4/><W71/><G71/><T29/><D29/><U53/><E53/><V106/><F106/><W67/><G67/><T105/><D105/><U90/><E79/><V26/><F26/><W65/><G65/><T2/><D2/><U132/><E132/><V123/><F123/><W23/><G30/><T16/><D16/><U13/><E13/><V60/><F60/><W135/><G135/><T110/><D110/><U20/><E20/><N who="2" m="11367" /><F85/><W119/><G119/><T127/><D127/><U64/><E64/><V40/><F40/><W33/><G33/><T96/><D96/><U28/><E28/><RYUUKYOKU ba="0,0" sc="225,-15,308,15,313,15,154,-15" hai1="7,15,42,45,50,55,57,61,78,82,84,89,90" hai2="44,51,52,58,62,66,94,103,116,118" /><INIT seed="4,1,0,3,2,51" ten="210,323,328,139" oya="0" hai0="105,71,17,91,43,35,63,64,22,76,93,129,73" hai1="26,122,30,34,107,72,60,29,97,126,108,44,5" hai2="90,81,133,111,92,89,16,49,3,134,106,19,80" hai3="123,135,99,33,9,67,57,7,53,85,131,28,2" shuffle="mt19937ar,66585502,D3C4ED46,90507458,C2892020,0FB1F94A,5EE67119,00661314,75DC4823"/><T45/><D45/><U109/><E30/><V121/><F106/><W14/><G135/><N who="2" m="51721" /><F3/><W4/><G131/><T128/><D128/><U130/><E130/><V88/><F121/><W0/><G123/><T86/><D86/><U23/><E23/><V50/><F92/><W47/><G67/><T27/><D27/><U39/><E122/><V15/><F111/><W113/><G113/><T79/><D79/><U61/><E5/><V58/><F58/><W96/><G47/><T117/><D117/><U13/><E13/><V118/><F118/><W127/><G127/><T65/><D65/><U125/><E61/><V119/><F119/><W84/><G33/><T68/><D68/><U42/><E60/><V98/><F98/><W77/><G28/><T116/><D116/><U104/><E72/><V66/><F66/><W10/><G14/><T25/><D25/><U70/><E70/><V95/><F95/><W124/><G124/><N who="1" m="47722" /><E104/><V11/><F19/><W102/><G96/><T120/><D120/><U20/><E20/><V69/><F69/><W110/><G110/><T21/><D21/><U40/><E40/><V56/><F50/><W54/><G77/><T103/><D103/><AGARI ba="1,0" hai="26,29,34,39,42,44,97,103,107,108,109" m="47722" machi="103" ten="30,2000,0" yaku="18,1,23,1" doraHai="51" who="1" fromWho="0" sc="210,-23,323,23,328,0,139,0" /><INIT seed="5,0,0,2,2,106" ten="187,346,328,139" oya="1" hai0="95,20,13,83,69,99,39,116,112,5,121,51,108" hai1="131,40,97,132,4,55,79,31,88,118,47,128,101" hai2="107,57,41,59,54,127,90,21,44,91,92,50,124" hai3="9,15,37,81,65,33,10,52,73,74,6,19,63" shuffle="mt19937ar,DCA52E96,37073B2B,C9CE1382,E5D04F6F,DB8E3186,44096D04,61E70AC0,33A07C32"/><U72/><E55/><V28/><F107/><W24/><G37/><T109/><D109/><U82/><E118/><V75/><F75/><W130/><G130/><N who="1" m="49706" /><E31/><V26/><F59/><W113/><G113/><T110/><D110/><U7/><E132/><V45/><F45/><W46/><G46/><T111/><D111/><U70/><E70/><V30/><F30/><W23/><G81/><T43/><D43/><U12/><E12/><V64/><F64/><W100/><G100/><T32/><D32/><U0/><E0/><V35/><F35/><W67/><G33/><T1/><D1/><U103/><E103/><V14/><F14/><W129/><G129/><T60/><D60/><U133/><E133/><V29/><F29/><W77/><G77/><T105/><D105/><N who="1" m="63663" /><E88/><V117/><F117/><W126/><G126/><N who="2" m="48169" /><F92/><W125/><G125/><T68/><D68/><U78/><E78/><V25/><F25/><W80/><G80/><T76/><D76/><U61/><E61/><AGARI ba="0,0" hai="21,26,28,41,44,50,54,57,61,90,91" m="48169" machi="61" ten="30,1000,0" yaku="18,1" doraHai="106" who="2" fromWho="1" sc="187,0,346,-10,328,10,139,0" /><INIT seed="6,0,0,5,4,48" ten="187,336,338,139" oya="2" hai0="12,42,106,7,107,114,94,56,3,83,72,91,69" hai1="57,96,80,38,24,132,129,66,13,10,20,62,123" hai2="97,119,133,99,87,93,18,9,74,105,47,35,98" hai3="34,121,112,30,78,102,33,36,84,21,109,135,122" shuffle="mt19937ar,F4DBF274,F85664CB,C7C246D4,143C820F,2C6E0324,BB01CF21,AB8B1D56,6CBFC4C1"/><V127/><F74/><W37/><G102/><T32/><D32/><U2/><E38/><V73/><F73/><W76/><G21/><T125/><D125/><U22/><E2/><V101/><F35/><W19/><G19/><T16/><D16/><N who="1" m="8247" /><E123/><V100/><F127/><W25/><G84/><T53/><D53/><U46/><E129/><V134/><F47/><W4/><G4/><T17/><D17/><U55/><E132/><N who="2" m="50795" /><F9/><W6/><G6/><T126/><D126/><U124/><E124/><V26/><F18/><W108/><G135/><T51/><D51/><N who="1" m="29175" /><E96/><N who="2" m="61575" /><F26/><W120/><G25/><T71/><D71/><U116/><E116/><V59/><F59/><W49/><G49/><T44/><D44/><U0/><E0/><V90/><F119/><W65/><G65/><T130/><D130/><U92/><E92/><AGARI ba="0,0" hai="87,90,92,93,97,98,99,101" m="61575,50795" machi="92" ten="30,5800,0" yaku="20,1,34,2" doraHai="48" who="2" fromWho="1" sc="187,0,336,-58,338,58,139,0" /><INIT seed="6,1,0,0,3,25" ten="187,278,396,139" oya="2" hai0="64,132,37,2,34,9,61,70,129,14,52,133,75" hai1="17,118,5,98,80,68,24,116,59,28,11,18,26" hai2="78,51,65,13,79,3,36,16,44,84,57,81,119" hai3="87,134,35,76,88,89,114,32,135,58,131,72,71" shuffle="mt19937ar,7874C16F,CD4852C6,7AF473B1,32790684,BA82A0D9,233D0053,AFE20A9F,64EC892C"/><V124/><F3/><W82/><G71/><T99/><D99/><U6/><E59/><V66/><F119/><W102/><G131/><T115/><D115/><U7/><E80/><V29/><F29/><W85/><G114/><T10/><D10/><U40/><E40/><V33/><F33/><W43/><G43/><T55/><D55/><U111/><E98/><V19/><F36/><W108/><G108/><T54/><D54/><U107/><E68/><V63/><F124/><W127/><G58/><T104/><D104/><U122/><E107/><V48/><F65/><W94/><G32/><T27/><D27/><U121/><E7/><V128/><F128/><W77/><G35/><T56/><D56/><U47/><E47/><V38/><F38/><W8/><G8/><T73/><D73/><U83/><E83/><V101/><F101/><W23/><G23/><T31/><D31/><U60/><E60/><V130/><F130/><W95/><G127/><T93/><D93/><U100/><E100/><V90/><F19/><W91/><G72/><T105/><D105/><U45/><E45/><V21/><F44/><W1/><G1/><T20/><D20/><U39/><E39/><V109/><F109/><W123/><G123/><T4/><D4/><U42/><E42/><V53/><F66/><W0/><G0/><T97/><D97/><U110/><E11/><V46/><F46/><W69/><G69/><T62/><D62/><U74/><E74/><V41/><F41/><W117/><G117/><T12/><D12/><U96/><E96/><V112/><F112/><W92/><G102/><RYUUKYOKU ba="1,0" sc="187,-30,278,10,396,10,139,10" hai1="5,6,17,18,24,26,28,110,111,116,118,121,122" hai2="13,16,21,48,51,53,57,63,78,79,81,84,90" hai3="76,77,82,85,87,88,89,91,92,94,95,134,135" /><INIT seed="6,2,0,2,3,23" ten="157,288,406,149" oya="2" hai0="124,116,54,88,90,132,81,50,76,75,102,125,112" hai1="60,94,27,71,107,98,26,78,40,18,134,68,44" hai2="130,111,72,22,41,77,97,122,55,3,32,118,100" hai3="36,46,28,64,79,83,33,105,80,15,56,34,10" shuffle="mt19937ar,C46D5BBD,C4CCFB66,78D5D229,BFE58CBE,81DA5726,1EA2A50F,02B0EB5D,72026C11"/><V48/><F32/><W37/><G105/><T114/><D114/><U115/><E107/><V117/><F3/><W87/><G83/><T131/><D131/><U53/><E115/><V19/><F122/><W2/><G2/><T93/><D93/><U35/><E35/><V135/><F41/><W42/><G37/><T127/><D127/><U99/><E134/><V73/><F130/><W95/><G95/><T121/><D121/><U45/><E78/><V129/><F129/><W47/><G47/><T110/><D110/><U119/><E119/><V65/><F65/><W89/><G79/><T52/><D52/><U6/><E6/><V20/><F111/><W5/><G28/><T113/><D113/><U4/><E4/><V31/><F135/><W14/><G14/><T86/><D86/><U70/><E18/><V29/><F73/><W123/><G123/><T82/><D82/><U63/><E53/><V17/><F77/><W58/><G64/><T62/><D62/><N who="1" m="23595" /><E94/><N who="2" m="58423" /><F72/><W67/><REACH who="3" step="1"/><G67/><REACH who="3" step="2"/><T39/><D39/><U59/><E59/><AGARI ba="2,1" hai="5,10,15,33,34,36,42,46,56,58,59,80,87,89" machi="59" ten="40,5200,0" yaku="1,1,2,1,53,1" doraHai="23" doraHaiUra="85" who="3" fromWho="1" sc="157,0,288,-58,406,0,139,68" /><INIT seed="7,0,0,2,3,134" ten="157,230,406,207" oya="3" hai0="109,115,47,63,23,60,71,58,64,131,43,102,6" hai1="127,97,10,13,7,108,19,98,4,18,34,82,89" hai2="119,50,32,22,129,30,51,75,62,48,40,54,95" hai3="26,53,68,3,2,126,100,70,37,96,116,85,66" shuffle="mt19937ar,9841088B,6F85BFCB,CA231F5E,01B36437,4C49BB8E,4C5038D4,3E753590,DDB50815"/><W130/><G130/><T11/><D11/><U0/><E127/><V91/><F32/><W92/><G116/><T24/><D24/><U56/><E108/><V42/><F75/><W59/><G37/><T31/><D31/><U90/><E34/><V61/><F119/><W74/><G74/><T44/><D44/><U84/><E0/><V80/><F80/><W29/><G126/><T69/><D69/><U113/><E113/><V67/><F129/><W110/><G110/><T12/><D12/><N who="1" m="7447" /><E56/><N who="2" m="37287" /><F30/><W87/><G70/><T120/><D120/><U49/><E49/><N who="2" m="19051" /><F22/><W9/><G9/><T106/><D106/><U83/><E83/><V122/><F62/><W125/><G125/><T112/><D112/><U135/><E135/><V114/><F114/><W65/><G68/><T107/><D107/><U78/><E90/><V45/><F122/><W17/><G17/><T76/><D76/><U16/><E19/><V41/><F41/><W73/><G73/><T1/><D1/><U5/><E89/><V39/><F39/><W101/><G2/><T93/><D93/><U121/><E121/><V25/><F25/><W28/><G3/><T128/><D128/><U52/><E52/><V133/><F133/><W14/><G14/><T99/><D99/><AGARI ba="0,0" hai="40,42,45,51,54,91,95,99" m="19051,37287" machi="99" ten="30,1000,0" yaku="8,1" doraHai="134" who="2" fromWho="0" sc="157,-10,230,0,406,10,207,0" owari="147,-35,230,3,416,51,207,-19" /></mjloggm>