<mjloggm ver="2.3"><GO type="193"/><UN n0="%E3%82%AC%E3%82%BD%E3%83%91%E3%83%BC" n1="%E3%82%A6%E3%83%AB%E3%83%88%E3%83%A9%E7%AB%8B%E7%9B%B4" n2="%E3%81%99%E3%81%88%E3%82%81%E3%81%90" n3="%E3%82%8A%E3%81%91%E3%82%8B%E3%82%81" dan="10,12,10,14" rate="1357,1827,1315,1830" sx="M,M,M,M"/><TAIKYOKU oya="0"/><INIT seed="0,0,0,4,0,57" ten="250,250,250,250" oya="0" hai0="93,77,36,34,116,98,55,52,4,108,44,15,134" hai1="114,66,16,3,70,123,67,49,62,18,96,30,97" hai2="118,135,56,88,29,126,13,113,71,22,81,120,5" hai3="104,20,75,31,47,92,59,74,127,9,2,68,0" shuffle="mt19937ar,BB4B1EC3,EE6ACDAC,F5DDD4F2,A79BFC6D,1CE104C1,9622A69D,0FDAFD0E,A2B38570"/><T11/><D116/><U26/><E3/><V100/><F113/><W85/><G104/><T60/><D34/><U63/><E114/><V35/><F118/><W19/><G68/><T111/><D134/><U37/><E37/><V61/><F120/><W94/><G127/><T54/><D77/><U119/><E119/><V51/><F126/><W50/><G31/><T23/><D23/><U14/><E49/><V28/><F135/><W40/><G75/><T124/><D124/><U87/><E87/><V58/><F100/><W12/><G74/><T121/><D121/><U10/><E18/><V86/><F35/><W102/><G94/><T64/><D36/><U107/><E107/><V72/><F71/><W48/><G9/><T24/><D24/><U103/><E103/><V84/><F72/><W83/><G102/><N who="0" m="60751" /><D44/><U6/><E6/><V42/><F86/><W65/><G65/><T115/><D115/><U101/><E101/><V21/><F42/><W129/><G129/><T117/><D117/><U45/><E45/><V8/><F51/><W106/><G106/><T53/><N who="0" m="13824" /><DORA hai="38" /><T76/><D76/><U80/><E80/><V17/><F56/><W39/><G59/><T27/><D27/><U109/><E109/><N who="0" m="42057" /><D64/><U122/><E122/><V125/><F125/><W69/><G0/><T99/><D99/><U133/><E133/><V41/><F41/><W95/><G2/><T89/><D89/><U132/><E132/><V1/><F22/><W25/><G39/><T128/><D128/><U105/><E105/><V46/><F46/><W43/><G47/><T78/><D78/><RYUUKYOKU ba="0,0" sc="250,15,250,-15,250,15,250,-15" hai0="4,11,15,60" hai2="1,5,8,13,17,21,28,29,58,61,81,84,88" /><INIT seed="0,1,0,4,3,94" ten="265,235,265,235" oya="0" hai0="108,30,64,123,74,15,90,81,82,55,44,78,117" hai1="20,52,75,91,135,68,104,56,125,5,107,6,48" hai2="4,73,25,131,35,69,7,99,34,29,19,13,120" hai3="8,0,105,113,96,1,127,32,109,50,83,126,18" shuffle="mt19937ar,D44E1636,C664FF9F,698D2EB3,50FAB6F6,CC5BE453,53D24377,B0786731,D50775E1"/><T53/><D123/><U106/><E68/><V119/><F69/><W33/><G113/><T98/><D117/><U27/><E125/><N who="3" m="47626" /><G109/><T41/><D30/><U121/><E121/><V57/><F73/><W112/><G112/><T28/><D28/><U124/><E124/><V128/><F34/><N who="3" m="13419" /><G83/><T111/><D64/><U23/><E135/><V3/><F120/><W61/><G61/><T51/><D15/><U9/><E75/><V46/><F119/><W2/><G50/><T129/><D129/><U130/><E130/><N who="2" m="49707" /><F57/><W36/><G36/><T122/><D122/><U40/><E40/><V102/><F46/><W43/><G43/><T14/><D14/><U54/><E54/><V38/><F38/><W76/><G76/><T17/><D17/><U87/><E27/><V59/><F59/><W12/><G105/><T65/><D65/><U133/><E133/><V49/><F49/><W58/><G58/><T80/><D81/><U66/><E66/><V103/><F103/><W63/><G63/><T132/><D132/><U97/><E97/><AGARI ba="1,0" hai="0,1,2,8,12,18,96,97" m="13419,47626" machi="97" ten="40,5200,0" yaku="18,1,52,2" doraHai="94" who="3" fromWho="1" sc="265,0,235,-55,265,0,235,55" /><INIT seed="1,0,0,3,1,58" ten="265,180,265,290" oya="1" hai0="27,108,26,28,59,7,101,121,37,104,97,5,24" hai1="44,23,107,8,34,120,36,80,48,35,19,122,118" hai2="125,30,67,66,102,78,119,57,16,63,10,83,126" hai3="43,32,69,15,40,64,18,79,25,76,50,116,86" shuffle="mt19937ar,E6B3BF18,930264EC,6819C4BB,9D763166,9256F489,AD648F39,278F59D2,459054D4"/><U84/><E107/><V22/><F119/><W33/><G116/><T47/><D37/><U131/><E36/><V133/><F133/><W90/><G43/><T1/><D108/><U41/><E118/><V6/><F125/><W96/><G33/><T115/><D115/><U91/><E131/><V21/><F126/><W109/><G109/><T53/><D47/><U123/><REACH who="1" step="1"/><E8/><REACH who="1" step="2"/><V75/><F102/><W106/><G106/><T105/><D105/><U56/><E56/><V95/><F95/><W134/><G134/><T93/><D104/><U124/><E124/><V31/><F67/><W114/><G64/><T117/><D117/><U29/><E29/><V99/><F30/><W103/><G114/><T0/><D121/><U88/><E88/><V45/><F31/><W9/><G103/><T132/><D132/><U72/><E72/><V85/><F99/><W130/><G96/><T73/><D73/><U81/><E81/><V82/><F75/><W42/><G130/><T77/><D77/><U135/><E135/><V127/><F82/><W2/><G76/><T111/><D111/><U94/><E94/><V12/><F127/><W65/><G79/><T128/><D28/><U14/><AGARI ba="0,1" hai="14,19,23,34,35,41,44,48,80,84,91,120,122,123" machi="14" ten="30,3000,0" yaku="1,1,0,1,53,0" doraHai="58" doraHaiUra="4" who="1" fromWho="1" sc="265,-10,170,40,265,-10,290,-10" /><INIT seed="1,1,0,4,3,47" ten="255,210,255,280" oya="1" hai0="21,99,31,76,6,92,121,104,65,17,70,23,10" hai1="11,12,56,35,115,83,127,124,67,59,26,28,111" hai2="110,30,29,66,63,45,37,49,58,55,85,9,42" hai3="73,51,52,105,33,119,86,40,100,88,24,89,106" shuffle="mt19937ar,25044EDF,C90BEF4E,4FDF04E5,E19118A3,8A2009E9,5347ACB9,68A88772,54BB3D22"/><U4/><E115/><V118/><F110/><W5/><G73/><T74/><D104/><U130/><E111/><V132/><F9/><W78/><G119/><T50/><D121/><U96/><E130/><V15/><F15/><W8/><G40/><T13/><D74/><U72/><E96/><V98/><F98/><W80/><G106/><T64/><D76/><U22/><E72/><V34/><F85/><W75/><G89/><T125/><D70/><U62/><E83/><V25/><F30/><W27/><G33/><T0/><D125/><U48/><E59/><V122/><F122/><W108/><G108/><T43/><D43/><U90/><E90/><V19/><F19/><W116/><G116/><T16/><D50/><U113/><E113/><V69/><REACH who="2" step="1"/><F118/><REACH who="2" step="2"/><W20/><G75/><T131/><D31/><U135/><E135/><AGARI ba="1,1" hai="25,29,34,37,42,45,49,55,58,63,66,69,132,135" machi="135" ten="40,12000,2" yaku="1,1,2,1,24,2,52,1,53,1" doraHai="47" doraHaiUra="60" who="2" fromWho="1" sc="255,0,210,-123,245,133,280,0" /><INIT seed="2,0,0,0,3,42" ten="255,87,378,280" oya="2" hai0="127,105,75,98,131,107,124,78,24,86,83,84,118" hai1="67,3,60,28,10,18,11,100,29,6,111,91,102" hai2="119,16,14,128,123,1,64,48,132,96,20,13,2" hai3="36,71,31,79,51,69,33,116,17,47,108,61,87" shuffle="mt19937ar,9AA768ED,9F7ED41F,43CD3F10,92AA14E4,A36068F8,F22D553B,DF5C344E,1711D227"/><V85/><F123/><W40/><G116/><T38/><D38/><U76/><E76/><V114/><F119/><W12/><G108/><T44/><D24/><U37/><E37/><V63/><F114/><W68/><G36/><T5/><D118/><U15/><E111/><V41/><F128/><W49/><G49/><T0/><D0/><U23/><E91/><V22/><F132/><W34/><G61/><T97/><D5/><N who="1" m="1343" /><E60/><V50/><F96/><W43/><G43/><T73/><D131/><U52/><E52/><V95/><F41/><W135/><G135/><T94/><D44/><U8/><E67/><V45/><F50/><W82/><REACH who="3" step="1"/><G31/><REACH who="3" step="2"/><N who="1" m="11850" /><E102/><V65/><F63/><W101/><G101/><T113/><D113/><U121/><E100/><V21/><F95/><W99/><G99/><T19/><D98/><U58/><E58/><V130/><F130/><W46/><G46/><T89/><D75/><U59/><E59/><V66/><F85/><W54/><G54/><T133/><D133/><U109/><E109/><V90/><F90/><W39/><G39/><T27/><D27/><U110/><E110/><V26/><F1/><W88/><G88/><T9/><D9/><AGARI ba="0,1" hai="9,12,17,33,34,40,47,51,68,69,71,79,82,87" machi="9" ten="40,2600,0" yaku="1,1,52,1,53,0" doraHai="42" doraHaiUra="103" who="3" fromWho="0" sc="255,-26,87,0,378,0,270,36" /><INIT seed="3,0,0,0,5,15" ten="229,87,378,306" oya="3" hai0="116,12,11,96,132,82,115,2,114,6,41,90,111" hai1="126,19,48,98,57,104,63,118,128,47,37,38,10" hai2="85,61,72,17,123,43,42,129,13,14,120,107,95" hai3="121,101,26,100,71,18,88,31,76,3,25,58,127" shuffle="mt19937ar,D2D404AC,CBC70E55,337E1F79,836F942B,2072D8B0,E30687F9,D0012C0B,240DC923"/><W99/><G121/><N who="2" m="46665" /><F72/><W27/><G71/><T51/><D116/><U7/><E98/><V66/><F107/><W80/><G127/><T53/><D111/><U9/><E104/><V78/><F78/><W29/><G3/><T30/><D41/><N who="2" m="15370" /><F129/><W0/><G0/><T77/><D132/><U28/><E118/><V91/><F66/><W46/><G46/><T81/><D30/><N who="3" m="11273" /><G58/><T92/><D2/><U84/><E84/><V135/><F135/><W113/><G113/><BYE who="1" /><T36/><D36/><U45/><E45/><V16/><F61/><W122/><G122/><T32/><D32/><U87/><E87/><V70/><F70/><W34/><G34/><T75/><D77/><U94/><E94/><V130/><F130/><W23/><G76/><T60/><D60/><U40/><E40/><V69/><F69/><W21/><G21/><T64/><D64/><U68/><E68/><V83/><F83/><W62/><G62/><T20/><D75/><U22/><E22/><V1/><F1/><W49/><G49/><T133/><D20/><U110/><E110/><V119/><F119/><W125/><G125/><T52/><D133/><U105/><E105/><V117/><F117/><W8/><G8/><T97/><D53/><U74/><E74/><V33/><F33/><W109/><G109/><T55/><D55/><U54/><E54/><V5/><F5/><W4/><G4/><T56/><REACH who="0" step="1"/><D96/><REACH who="0" step="2"/><U124/><E124/><V39/><F39/><W103/><G99/><T108/><D108/><U65/><E65/><V35/><F35/><W73/><G73/><T93/><D93/><RYUUKYOKU ba="0,1" sc="219,10,87,-30,378,10,306,10" hai0="6,11,12,51,52,56,81,82,90,92,97,114,115" hai2="13,14,16,17,85,91,95" hai3="18,23,25,26,27,80,88,100,101,103" /><INIT seed="3,1,1,4,4,42" ten="229,57,388,316" oya="3" hai0="13,37,71,86,99,18,52,115,132,117,74,133,48" hai1="55,72,84,56,108,116,53,103,28,20,1,14,7" hai2="34,85,63,96,35,113,8,4,112,41,30,107,61" hai3="76,123,80,3,98,54,26,135,92,25,46,134,128" shuffle="mt19937ar,DE8C0D89,412E5E7B,AC8C4063,A8D48435,F579741C,48AD99DB,5098AA66,73ACDF52"/><W22/><G123/><T51/><D117/><U2/><E2/><V43/><F113/><W83/><G3/><T67/><D115/><U131/><E131/><V49/><F112/><W90/><G128/><T38/><D37/><U6/><E6/><V119/><F119/><W29/><G26/><T88/><D74/><U106/><E106/><V118/><F118/><W89/><G89/><T31/><D99/><U5/><E5/><V75/><F75/><W65/><G65/><T94/><D38/><U73/><E73/><V91/><F107/><W110/><G110/><T45/><D31/><U87/><E87/><V109/><F109/><W16/><G29/><T126/><D126/><U12/><E12/><V70/><F96/><W77/><G83/><T0/><D0/><U64/><E64/><V120/><F120/><W105/><G105/><T24/><D24/><U58/><E58/><V10/><F70/><W57/><G57/><T69/><D69/><U100/><E100/><V27/><F34/><W15/><G25/><T79/><D79/><U93/><E93/><V40/><F49/><W104/><G104/><T124/><D124/><U39/><E39/><V60/><REACH who="2" step="1"/><F4/><REACH who="2" step="2"/><W50/><G80/><AGARI ba="1,2" hai="8,10,27,30,35,40,41,43,60,61,63,80,85,91" machi="80" ten="40,5200,0" yaku="1,1,2,1,53,1" doraHai="42" doraHaiUra="78" who="2" fromWho="3" sc="229,0,57,0,378,75,316,-55" owari="229,-12,57,-34,453,45,261,1" /></mjloggm>