<mjloggm ver="2.3"><GO type="193"/><UN n0="%E6%9E%9D%74%6F%6E%6B%6F%E7%BE%8E" n1="%E3%82%AD%E3%82%A4" n2="%E9%81%93%E6%98%8E%E5%AF%BA%E3%83%89%E3%82%A2%E3%83%A9" n3="%E3%82%A6%E3%83%AB%E3%83%88%E3%83%A9%E7%AB%8B%E7%9B%B4" dan="11,10,12,12" rate="1624,1820,1622,1801" sx="F,F,M,M"/><TAIKYOKU oya="0"/><INIT seed="0,0,0,3,5,29" ten="250,250,250,250" oya="0" hai0="70,27,33,77,91,130,40,47,13,65,78,106,105" hai1="11,48,41,62,4,135,116,107,32,49,12,93,89" hai2="88,75,37,85,57,60,94,128,1,133,109,118,18" hai3="125,7,80,113,69,63,15,74,104,20,22,23,87" shuffle="mt19937ar,8CF3EFB8,AC17A615,07924580,252D9ADE,24EA11BD,2E913FD9,65DFB73C,A1990C13"/><T31/><D130/><U71/><E107/><V0/><F37/><W50/><G104/><T3/><D3/><U82/><E135/><V72/><F118/><W131/><G74/><T117/><D117/><U119/><E119/><V30/><F128/><W110/><G113/><T115/><D115/><U55/><E41/><V68/><F133/><W114/><G114/><T123/><D123/><U132/><E132/><V9/><F109/><W35/><G131/><T134/><D134/><U2/><E116/><V103/><F68/><W102/><G102/><T26/><D106/><U61/><E71/><V124/><F124/><W112/><G112/><T10/><D105/><U5/><E82/><V122/><F122/><W86/><G125/><T83/><D26/><U8/><E49/><V19/><F75/><W17/><G110/><T21/><D33/><U16/><E4/><V66/><F72/><W96/><G96/><T90/><D65/><U36/><E36/><V43/><F0/><W64/><G7/><N who="0" m="3295" /><D70/><U59/><REACH who="1" step="1"/><E32/><REACH who="1" step="2"/><V46/><F1/><W25/><G50/><N who="0" m="26983" /><D83/><U58/><E58/><V111/><F111/><W101/><G35/><T79/><AGARI ba="0,1" hai="21,27,31,77,78,79,90,91" m="26983,3295" machi="79" ten="30,1500,0" yaku="8,1" doraHai="29" who="0" fromWho="0" sc="250,25,240,-5,250,-5,250,-5" /><INIT seed="0,1,0,5,1,32" ten="275,235,245,245" oya="0" hai0="122,64,115,134,28,99,95,91,110,82,84,63,52" hai1="42,44,77,46,129,13,116,5,105,94,104,69,79" hai2="93,121,14,72,96,24,39,29,10,106,101,53,59" hai3="34,97,0,47,31,18,54,17,35,4,76,3,86" shuffle="mt19937ar,8B421D24,656424E3,12E2A29B,8EC96F67,F0B3C4F2,A1606121,E4D8CF1D,72DADE8B"/><T83/><D122/><U8/><E116/><V74/><F39/><W80/><G4/><T78/><D115/><U102/><E69/><V68/><F121/><W73/><G73/><T85/><D134/><U38/><E129/><V81/><F68/><W27/><G35/><T67/><D110/><U25/><E104/><V50/><F106/><W9/><G97/><T58/><REACH who="0" step="1"/><D28/><REACH who="0" step="2"/><U75/><E105/><V111/><F111/><W23/><G9/><T114/><D114/><U60/><E8/><V89/><F74/><W62/><G18/><T124/><D124/><U113/><E75/><V87/><F72/><W15/><G47/><T118/><D118/><U19/><E113/><V71/><F29/><W90/><G54/><T65/><D65/><U16/><E16/><V109/><F109/><W56/><G56/><T30/><D30/><U100/><E19/><V88/><F71/><W107/><G62/><T61/><D61/><U130/><E60/><V37/><F37/><W126/><G126/><T22/><D22/><U131/><E46/><V123/><F123/><W119/><G119/><T12/><D12/><U40/><E44/><V70/><F70/><W133/><G133/><T98/><D98/><U57/><E13/><V48/><F24/><W2/><REACH who="3" step="1"/><G107/><REACH who="3" step="2"/><T26/><D26/><U103/><E57/><V120/><F120/><W33/><G33/><T135/><D135/><U108/><E108/><V117/><F117/><W55/><G55/><T43/><D43/><U6/><E40/><V127/><F127/><W49/><G49/><T125/><D125/><U51/><E42/><RYUUKYOKU ba="1,2" sc="265,15,235,-15,245,-15,235,15" hai0="52,58,63,64,67,78,82,83,84,85,91,95,99" hai3="0,2,3,15,17,23,27,31,34,76,80,86,90" /><INIT seed="0,2,2,5,3,25" ten="280,220,230,250" oya="0" hai0="61,18,88,127,13,120,14,51,43,1,15,122,7" hai1="116,74,121,111,11,126,38,67,8,57,46,97,80" hai2="117,20,135,113,105,30,71,95,78,10,26,84,48" hai3="94,33,75,86,35,12,76,50,99,59,103,28,2" shuffle="mt19937ar,751D4FCC,9C30FC34,BCF34C97,E0C40066,1186BB8E,C95E541F,34E094B7,483610DB"/><T123/><D127/><U58/><E116/><V132/><F71/><W16/><G2/><T5/><D1/><U37/><E111/><V0/><F105/><W91/><G75/><T68/><D18/><U6/><E121/><V56/><F113/><W3/><G3/><T110/><D110/><U24/><E126/><V23/><F117/><W83/><G35/><T82/><D68/><U66/><E74/><V119/><F119/><W133/><G133/><N who="2" m="51273" /><F78/><W90/><G33/><T72/><D61/><U77/><E97/><V27/><F0/><W129/><G129/><T52/><D43/><U32/><E6/><V42/><F10/><W49/><G28/><T130/><D130/><U34/><E24/><V65/><F42/><W31/><G31/><T64/><D64/><U115/><E115/><V89/><F65/><W85/><G59/><T107/><D107/><U41/><E41/><V125/><F125/><W19/><G19/><T55/><D72/><U62/><E46/><V102/><F102/><W124/><G124/><T44/><D44/><U45/><E45/><V73/><F73/><W69/><G69/><T114/><D114/><U40/><E40/><V60/><F48/><W104/><REACH who="3" step="1"/><G76/><REACH who="3" step="2"/><T128/><D128/><U131/><E77/><V9/><F9/><AGARI ba="2,3" hai="9,12,16,49,50,83,85,86,90,91,94,99,103,104" machi="9" ten="30,7700,0" yaku="1,1,2,1,7,1,54,1,53,0" doraHai="25" doraHaiUra="54" who="3" fromWho="2" sc="280,0,220,0,230,-83,240,113" /><INIT seed="1,0,0,4,3,3" ten="280,220,147,353" oya="1" hai0="30,14,132,79,121,87,2,21,8,124,82,49,116" hai1="110,129,86,93,69,70,53,77,46,4,34,27,57" hai2="111,90,83,89,133,88,13,18,63,71,9,55,12" hai3="39,103,112,119,74,6,113,106,84,118,43,117,98" shuffle="mt19937ar,86216FAE,D02A9546,D4333638,B815C46B,C3BAE7C5,6DCEE025,5B881886,76373361"/><U16/><E129/><V123/><F71/><W25/><G43/><T7/><D116/><U10/><E70/><V38/><F123/><W58/><G39/><T26/><D124/><U35/><E69/><V107/><F107/><W92/><G58/><T17/><D132/><U104/><E104/><V33/><F38/><W15/><G25/><T28/><D121/><U5/><E35/><V114/><F33/><W0/><G0/><T101/><D101/><U61/><E34/><V109/><F133/><W72/><G15/><T80/><D49/><N who="1" m="28855" /><E110/><N who="2" m="41995" /><F83/><W50/><G6/><T134/><D134/><U45/><E45/><V23/><F63/><W1/><G1/><T105/><D105/><U78/><E27/><V131/><F131/><W76/><G50/><T36/><D36/><U122/><E122/><V51/><F114/><W31/><G31/><T48/><D48/><U29/><E29/><V94/><F94/><W91/><G72/><T73/><D2/><U11/><E93/><V127/><F127/><W62/><G62/><T128/><REACH who="0" step="1"/><D128/><REACH who="0" step="2"/><U102/><E102/><V120/><F120/><W85/><G85/><T130/><D130/><U54/><E4/><N who="2" m="3111" /><F90/><AGARI ba="0,1" hai="7,8,14,17,21,26,28,30,73,79,80,82,87,90" machi="90" ten="30,3900,0" yaku="1,1,7,1,52,1,53,0" doraHai="3" doraHaiUra="126" who="0" fromWho="2" sc="270,49,220,0,147,-39,353,0" /><INIT seed="2,0,0,1,3,132" ten="319,220,108,353" oya="2" hai0="93,18,1,125,37,44,116,85,12,59,6,48,53" hai1="112,104,106,22,73,40,58,11,101,123,119,41,67" hai2="118,35,82,26,75,74,9,71,107,36,122,33,43" hai3="72,14,126,78,120,133,50,55,21,29,56,54,92" shuffle="mt19937ar,99ED9201,85BB693F,9DBBDFB1,003FA82C,8D7042BF,E32CA2D2,5BFDAD94,419A1770"/><V5/><F107/><W76/><G72/><T52/><D125/><U84/><E112/><V69/><F122/><W7/><G120/><T79/><D116/><U61/><E119/><V57/><F57/><W86/><G133/><T80/><D37/><U70/><E73/><V45/><F118/><W114/><G126/><T60/><D1/><U127/><E127/><V51/><F51/><W96/><G114/><T39/><D39/><U100/><E123/><V10/><F9/><N who="3" m="4415" /><G86/><T4/><REACH who="0" step="1"/><D93/><REACH who="0" step="2"/><U65/><E104/><V16/><F74/><W63/><G29/><T17/><D17/><U49/><E106/><V111/><F111/><W28/><G92/><T3/><D3/><U34/><E101/><V19/><F26/><N who="3" m="16463" /><G96/><T121/><D121/><U134/><E100/><V31/><F31/><W131/><G131/><T62/><D62/><U42/><E61/><V47/><F47/><AGARI ba="0,1" hai="47,50,54,55,56,63,76,78" m="16463,4415" machi="47" ten="30,1000,0" yaku="8,1" doraHai="132" who="3" fromWho="2" sc="309,0,220,0,108,-10,353,20" /><INIT seed="3,0,0,0,4,111" ten="309,220,98,373" oya="3" hai0="87,121,80,95,98,115,38,131,120,89,47,119,105" hai1="112,39,1,58,71,134,110,61,32,51,68,34,104" hai2="69,124,40,3,49,88,25,96,129,44,116,99,10" hai3="123,35,76,94,4,24,18,36,101,74,66,6,63" shuffle="mt19937ar,B5D9DD98,E6D91621,4A9586F4,734B9D08,F3065401,EC5DFA74,5967ACE1,3175B845"/><W5/><G36/><T21/><D119/><U84/><E1/><V82/><F69/><W132/><G76/><N who="0" m="46471" /><D21/><U83/><E110/><V125/><F116/><W81/><G35/><T92/><D47/><U77/><E104/><V113/><F3/><W12/><G18/><T130/><D38/><U78/><E134/><V85/><F129/><N who="0" m="49162" /><D105/><U9/><E39/><V28/><F10/><W67/><G6/><T65/><D65/><U33/><E78/><V59/><F59/><W45/><G5/><T52/><D52/><U23/><E68/><V97/><F113/><W126/><G4/><T8/><D8/><U15/><E23/><V75/><REACH who="2" step="1"/><F75/><REACH who="2" step="2"/><W114/><G74/><T20/><D20/><AGARI ba="0,1" hai="20,25,28,40,44,49,82,85,88,96,97,99,124,125" machi="20" ten="40,8000,1" yaku="1,1,2,1,54,1,53,1" doraHai="111" doraHaiUra="41" who="2" fromWho="0" sc="309,-80,220,0,88,90,373,0" owari="229,-2,220,-13,178,-22,373,37" /></mjloggm>