<mjloggm ver="2.3"><GO type="41"/><UN n0="%E3%82%80%E3%81%86%E3%81%BF%E3%82%93%E6%A7%98" n1="%E3%82%A6%E3%83%AB%E3%83%88%E3%83%A9%E7%AB%8B%E7%9B%B4" n2="%E3%83%9F%E3%83%83%E3%83%81%E3%83%A3%E3%83%B3" n3="%50%49%43%41%52%4F" dan="15,14,13,13" rate="1994,1928,1824,1868" sx="M,M,M,M"/><TAIKYOKU oya="0"/><INIT seed="0,0,0,4,0,3" ten="250,250,250,250" oya="0" hai0="11,117,130,124,77,30,1,93,15,35,109,80,110" hai1="2,21,86,52,41,111,55,122,4,87,25,70,88" hai2="72,113,62,5,118,69,63,50,99,31,133,57,112" hai3="131,34,96,95,71,104,44,105,54,9,75,90,22"/><T123/><D123/><U91/><E70/><V125/><F72/><W120/><G34/><T121/><D121/><U97/><E41/><V45/><F69/><W59/><G71/><T134/><D117/><U116/><E116/><V82/><F118/><W85/><G75/><T94/><D1/><U37/><E37/><V47/><F133/><W126/><G120/><T73/><D134/><U61/><E122/><V19/><F125/><W51/><G131/><T43/><D124/><U60/><E111/><N who="0" m="42505" /><D130/><U18/><E2/><V119/><F119/><W29/><G126/><T33/><D43/><U49/><E4/><V128/><F128/><W135/><G135/><T39/><D39/><U68/><E68/><V0/><F31/><W83/><G9/><T53/><D53/><U23/><E97/><V17/><F99/><W24/><REACH who="3" step="1"/><G44/><REACH who="3" step="2"/><T46/><D46/><U32/><E32/><N who="0" m="12361" /><D30/><U28/><E28/><V74/><F74/><W10/><G10/><T106/><D106/><U12/><E23/><V16/><F47/><W103/><AGARI ba="0,1" hai="22,24,29,51,54,59,83,85,90,95,96,103,104,105" machi="103" ten="20,2700,0" yaku="1,1,0,1,7,1,53,0" doraHai="3" doraHaiUra="114" who="3" fromWho="3" sc="250,-13,250,-7,250,-7,240,37" /><INIT seed="1,0,0,1,2,103" ten="237,243,243,277" oya="1" hai0="60,105,117,133,0,120,46,98,5,127,95,34,44" hai1="11,86,49,83,63,18,38,37,12,69,65,126,73" hai2="70,6,21,43,97,42,114,53,30,109,106,16,45" hai3="67,14,121,82,100,10,2,135,36,31,58,61,75"/><U128/><E126/><V25/><F70/><W78/><G36/><T48/><D34/><U29/><E128/><V68/><F68/><W74/><G2/><T87/><D0/><U123/><E123/><V108/><F6/><W131/><G121/><T92/><D5/><U96/><E73/><V112/><F30/><W39/><G39/><T15/><D15/><U33/><E49/><V22/><F22/><W7/><G131/><T32/><D48/><U90/><REACH who="1" step="1"/><E96/><REACH who="1" step="2"/><V125/><F125/><W124/><G124/><T118/><D98/><U110/><E110/><N who="2" m="42603" /><F97/><W26/><G135/><T28/><D120/><U84/><E84/><V19/><F45/><W3/><G75/><T122/><D87/><U129/><E129/><V24/><F53/><W91/><G74/><T94/><D122/><U1/><E1/><V113/><F25/><AGARI ba="0,1" hai="11,12,18,25,29,33,37,38,63,65,69,83,86,90" machi="25" ten="40,2000,0" yaku="1,1,53,0" doraHai="103" doraHaiUra="132" who="1" fromWho="2" sc="237,0,233,30,243,-20,277,0" /><INIT seed="1,1,0,4,2,64" ten="237,263,223,277" oya="1" hai0="124,59,9,131,49,68,20,37,60,51,74,81,30" hai1="5,119,36,114,52,0,21,33,31,78,94,14,16" hai2="104,54,63,73,75,13,108,113,107,132,135,18,117" hai3="126,50,82,69,120,111,80,56,44,2,34,87,35"/><U76/><E36/><V15/><F54/><W28/><G2/><T123/><D37/><U100/><E119/><V7/><F117/><W23/><G120/><T95/><D124/><U134/><E114/><V19/><F113/><W22/><G126/><T29/><D9/><N who="1" m="2215" /><E134/><N who="2" m="51243" /><F7/><W109/><G56/><T8/><D74/><N who="2" m="28170" /><F63/><W86/><G28/><T32/><D81/><U1/><E1/><V101/><F101/><W61/><G61/><T12/><D95/><U41/><E41/><V85/><F85/><W84/><G50/><T129/><D123/><U11/><E11/><V26/><F108/><W62/><G62/><T42/><D42/><U17/><E17/><N who="2" m="6155" /><F26/><W125/><G87/><T110/><D60/><U88/><E100/><V116/><F116/><W55/><G55/><T48/><D110/><U91/><E52/><V93/><F93/><W39/><G39/><T122/><D49/><U96/><E91/><V105/><AGARI ba="1,0" hai="13,15,104,105,107" m="6155,28170,51243" machi="105" ten="40,5200,0" yaku="28,2,20,1" doraHai="64" who="2" fromWho="2" sc="237,-14,263,-27,223,55,277,-14" /><INIT seed="2,0,0,1,1,91" ten="223,236,278,263" oya="2" hai0="116,40,59,129,1,60,70,113,24,46,4,23,44" hai1="12,26,39,93,94,124,14,77,0,38,62,104,6" hai2="115,112,127,61,43,49,8,69,31,106,52,102,20" hai3="58,90,54,92,57,42,78,67,108,109,66,55,19"/><V121/><F121/><W97/><G78/><T16/><D70/><U41/><E104/><V123/><F123/><W89/><G42/><T25/><D113/><U135/><E26/><V7/><F43/><W72/><G72/><T83/><D129/><U10/><E62/><V17/><F31/><W125/><G125/><T64/><D116/><U13/><E124/><V2/><F127/><W107/><G107/><T117/><D117/><U88/><E135/><V37/><F37/><W122/><G122/><T74/><D44/><U63/><E63/><V65/><F102/><W18/><G97/><T22/><D1/><U80/><E88/><V27/><REACH who="2" step="1"/><F106/><REACH who="2" step="2"/><W133/><G133/><T34/><D34/><U35/><E35/><V53/><F53/><W99/><G99/><T119/><D119/><U32/><E32/><V128/><F128/><W131/><G131/><T75/><D40/><U103/><E103/><V87/><F87/><W73/><G73/><T21/><D75/><N who="1" m="43071" /><E39/><V98/><F98/><W111/><G111/><T100/><D74/><U48/><E38/><V33/><F33/><W101/><G101/><T68/><D100/><U95/><E41/><V56/><AGARI ba="0,1" hai="2,7,8,17,20,27,49,52,56,61,65,69,112,115" machi="56" ten="20,7800,0" yaku="1,1,0,1,7,1,54,1,53,0" doraHai="91" doraHaiUra="132" who="2" fromWho="2" sc="223,-26,236,-26,268,88,263,-26" /><INIT seed="2,1,0,3,3,95" ten="197,210,356,237" oya="2" hai0="103,35,51,0,133,47,9,7,134,21,73,3,112" hai1="76,42,81,74,67,123,17,129,125,90,16,135,64" hai2="101,5,69,24,65,89,127,75,25,98,91,85,100" hai3="108,115,106,87,114,46,109,71,34,22,39,13,113"/><V36/><F36/><W122/><G71/><T57/><D73/><U53/><E123/><V105/><F5/><W86/><G34/><T131/><D57/><U1/><E1/><V56/><F69/><W60/><G60/><T26/><D103/><N who="2" m="39498" /><F75/><W126/><G46/><T38/><D51/><U118/><E118/><V15/><F105/><W54/><G54/><T40/><D112/><U79/><E74/><V99/><F127/><W12/><G39/><T8/><D131/><U104/><E104/><V130/><F130/><W43/><G43/><T29/><D21/><U32/><E32/><V82/><F15/><W68/><G106/><T6/><AGARI ba="1,0" hai="0,3,6,7,8,9,26,29,35,38,40,47,133,134" machi="6" ten="30,7900,0" yaku="0,1,9,1,23,2" doraHai="95" who="0" fromWho="0" sc="197,82,210,-21,356,-40,237,-21" /><INIT seed="3,0,0,4,2,90" ten="279,189,316,216" oya="3" hai0="17,12,63,81,118,94,103,134,57,125,59,95,27" hai1="86,28,100,122,99,45,121,47,108,39,65,72,18" hai2="91,56,115,10,104,70,119,7,79,110,129,135,132" hai3="87,76,13,36,22,102,105,20,8,93,60,51,71"/><W116/><G36/><T5/><D118/><U106/><E47/><V16/><F104/><W14/><G105/><T97/><D134/><N who="2" m="51242" /><F115/><W40/><G116/><T34/><D34/><U69/><E86/><V30/><F119/><W49/><G60/><T120/><D120/><U85/><E85/><V23/><F70/><W33/><G71/><T98/><D125/><U83/><E18/><V1/><F79/><W131/><G33/><T38/><D38/><U11/><E11/><V31/><F129/><W21/><G131/><T35/><D35/><U112/><E28/><N who="2" m="10795" /><F91/><W92/><G102/><N who="0" m="60727" /><D81/><U52/><E112/><V78/><F56/><W109/><G109/><T130/><D130/><U126/><E126/><V82/><F82/><N who="3" m="47559" /><G14/><T107/><D107/><U26/><E108/><V77/><F77/><W75/><G75/><T64/><D27/><U46/><E26/><N who="2" m="14695" /><F78/><W42/><G42/><T114/><D114/><U25/><E72/><V4/><F4/><N who="3" m="3207" /><G40/><T128/><D128/><U29/><E106/><V113/><F113/><W123/><G123/><T3/><D5/><U53/><E122/><V37/><F37/><W24/><G24/><T61/><D57/><U101/><E121/><V41/><F41/><W96/><G96/><T9/><D63/><U133/><E99/><V15/><F110/><W84/><G84/><T0/><D59/><U43/><E133/><V67/><F67/><W50/><AGARI ba="0,0" hai="20,21,22,49,50,51,92,93" m="3207,47559" machi="50" ten="30,6000,0" yaku="8,1,52,2" doraHai="90" who="3" fromWho="3" sc="279,-20,189,-20,316,-20,216,60" /><INIT seed="3,1,0,0,2,4" ten="259,169,296,276" oya="3" hai0="98,44,117,76,41,70,63,67,90,69,20,72,105" hai1="28,23,96,50,92,34,84,109,32,123,119,2,99" hai2="17,86,125,115,134,122,114,131,45,55,8,59,118" hai3="52,7,81,13,40,106,33,74,103,71,11,21,27"/><W78/><G71/><T89/><D117/><U101/><E2/><V80/><F118/><W60/><G40/><T48/><D70/><U111/><E119/><V64/><F122/><W49/><G33/><T10/><D72/><U30/><E123/><V87/><F134/><W91/><G60/><T79/><D20/><U18/><E50/><N who="2" m="29135" /><F131/><W53/><G91/><T35/><D35/><U128/><E128/><V24/><F125/><W61/><G61/><T31/><D31/><U85/><E23/><V94/><F115/><W38/><G38/><T66/><D66/><U121/><E121/><V58/><F114/><W82/><G82/><T110/><D89/><U132/><E92/><V36/><F36/><W51/><G103/><T29/><D29/><U5/><E5/><V100/><F64/><W102/><G102/><T22/><D22/><U65/><E65/><V25/><F100/><W37/><G106/><T56/><D105/><U12/><E101/><V97/><F97/><W116/><G37/><T57/><D98/><U42/><E132/><V0/><F0/><W124/><G116/><T26/><D69/><U15/><REACH who="1" step="1"/><E18/><REACH who="1" step="2"/><V135/><F94/><W93/><G93/><T62/><D67/><U130/><E130/><V77/><F135/><W129/><G129/><T107/><D107/><U46/><E46/><V104/><F104/><W133/><G133/><T83/><D44/><U95/><E95/><V75/><F75/><W68/><G74/><T16/><D16/><U1/><E1/><V6/><F6/><W54/><G68/><T112/><D112/><U9/><E9/><RYUUKYOKU ba="1,1" sc="259,-10,159,30,296,-10,276,-10" hai1="12,15,28,30,32,34,42,84,85,96,99,109,111" /><INIT seed="4,2,1,5,3,98" ten="249,189,286,266" oya="0" hai0="5,28,44,107,50,85,134,33,111,30,78,14,88" hai1="65,32,87,19,106,118,97,40,75,29,45,48,104" hai2="24,84,80,49,131,101,67,12,117,18,56,122,86" hai3="27,91,43,123,103,115,60,129,8,79,135,125,54"/><T7/><D107/><U130/><E75/><V10/><F122/><W17/><G79/><T119/><D119/><U93/><E118/><V71/><F131/><W46/><G115/><T53/><D33/><U62/><E130/><V100/><F117/><W74/><G74/><T1/><D1/><U35/><E87/><N who="2" m="33323" /><F71/><W57/><G129/><T3/><D3/><U72/><E72/><V81/><F24/><W82/><G123/><T20/><D134/><U42/><E35/><V90/><F90/><W96/><G135/><T114/><D78/><U77/><E77/><V64/><F49/><N who="3" m="26847" /><G82/><N who="2" m="31849" /><F56/><W58/><G58/><T9/><D114/><U94/><E94/><V102/><AGARI ba="2,1" hai="10,12,18,64,67,100,101,102" m="31849,33323" machi="102" ten="30,7900,0" yaku="8,1,52,3" doraHai="98" who="2" fromWho="2" sc="249,-41,189,-22,286,95,266,-22" /><INIT seed="5,0,0,0,2,111" ten="208,167,381,244" oya="1" hai0="135,4,9,28,30,87,40,22,44,54,133,21,100" hai1="65,118,49,7,69,81,20,107,93,97,53,71,125" hai2="82,70,52,37,2,119,94,36,90,60,18,66,117" hai3="38,77,109,103,84,68,80,19,27,92,132,3,12"/><U47/><E107/><V55/><F2/><W24/><G38/><T96/><D22/><U1/><E118/><V127/><F82/><W39/><G39/><T76/><D76/><U64/><E125/><V72/><F72/><W110/><G68/><T43/><D21/><U16/><E71/><V23/><F127/><W5/><G132/><T130/><D130/><U120/><E120/><V85/><F37/><W95/><G110/><T59/><D87/><U13/><E69/><V29/><F36/><W113/><G109/><T6/><D44/><U131/><E131/><V124/><F124/><W126/><G126/><T14/><D4/><U121/><E121/><V115/><F29/><W128/><G128/><T62/><D40/><U102/><E1/><V104/><F104/><W26/><G3/><T46/><D46/><U35/><E35/><V122/><F115/><W41/><G5/><T123/><D43/><U63/><E63/><V73/><F73/><W91/><G41/><T105/><REACH who="0" step="1"/><D123/><REACH who="0" step="2"/><U56/><E47/><V75/><F122/><W34/><G34/><T114/><D114/><U129/><E129/><V58/><F75/><W89/><G113/><T33/><D33/><U25/><E81/><V86/><F86/><W57/><G77/><T0/><D0/><U106/><E106/><V48/><F55/><W67/><G80/><T108/><D108/><U11/><AGARI ba="0,1" hai="7,11,13,16,20,25,49,53,56,64,65,93,97,102" machi="11" ten="30,6000,0" yaku="0,1,8,1,54,1" doraHai="111" who="1" fromWho="1" sc="198,-20,167,70,381,-20,244,-20" /><INIT seed="5,1,0,4,0,9" ten="178,237,361,224" oya="1" hai0="100,16,112,49,128,93,39,91,14,71,43,113,7" hai1="106,79,21,47,68,81,42,115,111,129,15,13,132" hai2="101,121,0,73,88,82,74,90,127,120,35,10,22" hai3="109,33,4,18,52,80,48,133,83,61,123,28,98"/><U67/><E106/><V36/><F36/><W94/><G4/><T130/><D71/><U78/><E78/><V23/><F35/><W27/><G123/><N who="2" m="47177" /><F10/><W86/><G109/><T37/><D7/><U54/><E67/><V32/><F32/><W125/><G133/><T44/><D100/><U34/><E68/><V104/><F104/><W76/><G125/><T19/><D19/><U69/><E69/><V40/><F40/><W24/><G61/><T26/><D26/><U65/><E65/><V119/><F127/><W8/><G83/><T31/><D31/><U12/><E34/><V55/><F82/><W75/><G75/><N who="2" m="28681" /><F55/><W114/><G114/><N who="0" m="44139" /><D93/><U116/><E115/><V1/><F101/><W63/><G63/><T87/><D91/><N who="2" m="34858" /><F119/><W103/><G28/><T25/><D25/><U64/><E64/><V20/><AGARI ba="1,0" hai="0,1,20,22,23" m="34858,28681,47177" machi="20" ten="40,5200,0" yaku="28,2,54,1" doraHai="9" who="2" fromWho="2" sc="178,-14,237,-27,361,55,224,-14" /><INIT seed="6,0,0,2,1,43" ten="164,210,416,210" oya="2" hai0="135,126,124,26,25,40,6,115,32,21,77,127,36" hai1="62,54,15,113,50,58,56,75,121,103,97,3,90" hai2="102,10,8,49,98,14,82,100,17,22,27,86,105" hai3="118,59,128,71,44,74,66,95,16,72,19,106,92"/><V89/><F49/><W84/><G71/><T35/><D77/><U117/><E3/><V34/><F34/><N who="0" m="12842" /><D36/><U114/><E75/><V28/><REACH who="2" step="1"/><F102/><REACH who="2" step="2"/><W134/><G118/><T109/><D109/><U133/><E117/><V119/><F119/><W69/><G134/><T9/><D40/><U131/><E133/><V46/><F46/><W83/><G128/><T104/><D135/><U93/><E131/><V55/><F55/><W1/><G66/><T99/><D104/><U39/><E39/><V48/><F48/><W0/><G106/><T30/><D99/><U11/><E103/><V37/><F37/><W73/><G44/><T53/><D53/><U130/><E130/><V80/><F80/><W70/><G83/><T123/><D123/><U7/><E121/><V111/><F111/><W33/><G33/><N who="0" m="20687" /><D115/><N who="1" m="44043" /><E62/><V91/><F91/><W108/><G108/><T24/><D21/><U23/><E23/><V101/><F101/><W96/><G96/><T31/><D31/><U57/><AGARI ba="0,1" hai="7,11,15,50,54,56,57,58,90,93,97" m="44043" machi="57" ten="30,1100,0" yaku="15,1" doraHai="43" who="1" fromWho="1" sc="164,-3,210,21,406,-5,210,-3" /><INIT seed="7,0,0,3,5,56" ten="161,231,401,207" oya="3" hai0="83,63,66,118,10,82,105,99,45,62,36,48,88" hai1="43,89,59,67,133,70,19,16,122,106,97,91,46" hai2="130,114,61,40,39,18,85,86,28,57,9,96,132" hai3="100,23,50,13,129,42,24,121,112,116,29,128,17"/><W110/><G100/><T92/><D105/><U31/><E122/><V123/><F123/><W8/><G50/><T33/><D33/><U3/><E3/><V27/><F132/><W25/><G42/><N who="0" m="24631" /><D36/><U51/><E70/><V74/><F74/><W109/><G121/><T1/><D1/><U52/><E133/><V111/><F111/><N who="3" m="42507" /><G116/><T127/><D118/><U54/><E31/><V53/><F130/><N who="3" m="50283" /><G25/><T126/><D66/><U7/><E106/><V131/><F131/><W102/><G102/><T20/><D10/><U35/><E35/><V0/><F9/><W75/><G75/><T64/><D64/><U38/><E38/><V12/><F39/><W101/><G101/><T125/><D20/><U5/><E67/><V69/><F69/><W4/><G112/><T76/><D82/><U77/><E43/><V65/><F40/><W87/><G87/><AGARI ba="0,0" hai="62,63,76,83,87,88,92,99,125,126,127" m="24631" machi="87" ten="30,7700,0" yaku="18,1,52,2,54,1" doraHai="56" who="0" fromWho="3" sc="161,77,231,0,401,0,207,-77" owari="238,4,231,-17,401,50,130,-37" /></mjloggm>