<mjloggm ver="2.3"><GO type="193"/><UN n0="%E3%82%A6%E3%83%AB%E3%83%88%E3%83%A9%E7%AB%8B%E7%9B%B4" n1="%E7%AB%8B%E3%81%A1%E5%90%91%E3%81%8B%E3%81%86%E8%80%85" n2="%41%6D%61%72%65%74%74%6F" n3="%E2%88%AB%E3%81%84%E3%81%A1%E2%88%AB" dan="12,11,10,11" rate="1757,1546,1560,1855" sx="M,M,M,M"/><TAIKYOKU oya="0"/><INIT seed="0,0,0,1,2,7" ten="250,250,250,250" oya="0" hai0="104,48,69,45,116,51,28,130,70,78,11,110,124" hai1="19,76,54,101,20,134,72,55,113,111,83,12,89" hai2="120,25,100,6,3,133,131,96,13,77,41,97,82" hai3="38,39,5,36,109,49,123,135,15,63,23,84,92" shuffle="mt19937ar,FC57C6AF,C1E23AAD,92B274B6,401ADBF5,BA3E27F2,3751D2D4,582082D2,7A066E33"/><T58/><D104/><U87/><E111/><V118/><F120/><W35/><G135/><T44/><D28/><U112/><E134/><V93/><F133/><W128/><G35/><T73/><D78/><U119/><E119/><V31/><F3/><W81/><G128/><T67/><D73/><U80/><REACH who="1" step="1"/><E101/><REACH who="1" step="2"/><V9/><F118/><W108/><G123/><T98/><D116/><U121/><E121/><V64/><F131/><W60/><G109/><T115/><D115/><AGARI ba="0,1" hai="12,19,20,54,55,72,76,80,83,87,89,112,113,115" machi="115" ten="40,2600,0" yaku="1,1,11,1,53,0" doraHai="7" doraHaiUra="102" who="1" fromWho="0" sc="250,-26,240,36,250,0,250,0" /><INIT seed="1,0,0,1,5,24" ten="224,276,250,250" oya="1" hai0="7,129,135,32,4,21,40,25,95,53,55,91,105" hai1="2,127,73,111,12,88,119,77,5,6,93,126,9" hai2="36,49,112,41,30,11,128,110,16,18,10,80,116" hai3="8,121,104,100,82,26,86,60,1,68,94,79,27" shuffle="mt19937ar,C2323CAB,82C016AB,FF9941B5,79D1101E,6D8CE224,799F4395,1F084CB8,972D6B18"/><U50/><E119/><V15/><F116/><W96/><G68/><T42/><D105/><U85/><E111/><V22/><F36/><W106/><G60/><T29/><D129/><U120/><E120/><V90/><F128/><W123/><G1/><T57/><D135/><U58/><E73/><V37/><F37/><W109/><G8/><T124/><D32/><U34/><E34/><V84/><F110/><W134/><G109/><T78/><D78/><U44/><E77/><V46/><F112/><W103/><G26/><T72/><D72/><U115/><E115/><V117/><F117/><W47/><G47/><T28/><D124/><N who="1" m="47659" /><E2/><V132/><F132/><W63/><G63/><T98/><D29/><U122/><E122/><N who="3" m="46602" /><G27/><T13/><D55/><N who="1" m="32119" /><E44/><V65/><F65/><W76/><G134/><T81/><D81/><U99/><E99/><V17/><REACH who="2" step="1"/><F15/><REACH who="2" step="2"/><W83/><G96/><T64/><D64/><U0/><E0/><V92/><F92/><W75/><G94/><T131/><D131/><U101/><E93/><V14/><F14/><W102/><AGARI ba="0,1" hai="75,76,79,82,83,86,100,102,103,104,106" m="46602" machi="102" ten="30,2000,0" yaku="34,2" doraHai="24" who="3" fromWho="3" sc="224,-5,276,-10,240,-5,250,30" /><INIT seed="2,0,0,0,5,4" ten="219,266,235,280" oya="2" hai0="78,114,52,111,33,7,2,99,95,107,59,124,55" hai1="105,24,62,135,8,22,80,16,29,109,71,1,6" hai2="82,91,18,118,64,100,92,122,108,74,60,101,132" hai3="102,30,129,70,15,32,19,63,115,125,21,5,26" shuffle="mt19937ar,A324ADE3,D0BB9243,2359CD3D,118994D0,DC20EBED,7529EEBB,BC45F10E,3D3AECD4"/><V34/><F122/><W103/><G125/><T46/><D33/><U75/><E135/><V96/><F118/><W112/><G129/><T98/><D114/><U14/><E109/><V13/><F132/><W47/><G47/><T87/><D111/><U67/><E105/><V56/><F108/><W45/><G45/><T90/><D124/><U20/><E80/><V66/><F34/><W44/><G44/><T126/><D126/><U130/><E75/><V31/><F31/><W116/><G116/><T39/><D107/><U84/><E130/><V49/><F66/><W51/><G51/><T127/><D127/><U3/><E3/><V36/><F36/><W50/><G50/><T35/><D35/><U88/><E88/><V12/><F12/><W72/><G72/><T53/><D59/><U25/><E84/><V83/><F74/><W17/><G70/><T121/><D121/><U58/><E71/><V43/><F43/><W40/><G40/><T93/><D78/><U48/><E48/><V128/><F128/><W23/><G63/><T27/><D27/><U41/><E1/><V106/><F49/><W86/><G86/><T54/><N who="0" m="13824" /><DORA hai="123" /><T11/><REACH who="0" step="1"/><D95/><REACH who="0" step="2"/><U65/><E41/><AGARI ba="0,1" hai="2,7,11,39,41,46,87,90,93,98,99" m="13824" machi="41" ten="50,8000,1" yaku="1,1,2,1,52,1,54,1,53,1" doraHai="4,123" doraHaiUra="89,131" who="0" fromWho="1" sc="209,90,266,-80,235,0,280,0" /><INIT seed="3,0,0,0,5,19" ten="299,186,235,280" oya="3" hai0="131,20,69,28,121,4,120,56,26,14,109,85,127" hai1="52,115,58,95,107,3,77,43,113,67,48,7,75" hai2="13,134,124,30,53,63,46,23,133,110,86,10,29" hai3="59,105,0,44,9,70,71,21,103,118,72,12,94" shuffle="mt19937ar,D20A5EAD,6DFBC47A,6124F767,20FB641F,4DCDC438,A2265A4D,134663BA,5F5E39C9"/><W98/><G72/><T38/><D69/><U96/><E107/><V82/><F110/><W132/><G118/><T45/><D109/><U66/><E3/><V51/><F63/><W119/><G119/><T80/><D127/><U126/><E7/><V62/><F62/><W102/><G132/><N who="2" m="50793" /><F124/><W129/><G129/><T114/><D131/><U33/><E33/><V73/><F73/><W79/><G79/><T84/><D56/><U90/><E126/><V60/><F60/><W117/><G117/><T42/><D114/><U135/><E135/><V61/><F61/><W74/><G74/><T55/><D55/><U37/><E37/><V31/><F31/><W18/><G44/><T22/><D84/><U32/><E32/><V54/><F54/><W40/><G59/><T81/><D81/><U93/><E115/><V128/><F128/><W2/><G40/><T130/><D130/><U47/><E113/><V104/><F104/><W65/><G65/><T87/><D87/><U100/><E75/><V123/><F123/><W99/><REACH who="3" step="1"/><G9/><REACH who="3" step="2"/><N who="0" m="4391" /><D121/><U15/><E77/><N who="2" m="46415" /><F10/><W41/><G41/><T112/><D120/><U17/><E43/><V97/><F97/><W11/><G11/><T49/><D112/><U27/><E47/><V36/><F36/><W57/><G57/><T16/><D38/><U92/><E27/><V111/><F111/><W64/><G64/><T34/><D16/><AGARI ba="0,1" hai="13,16,23,29,30,46,51,53" m="46415,50793" machi="16" ten="30,3900,0" yaku="20,1,52,1,54,1" doraHai="19" who="2" fromWho="0" sc="299,-39,186,0,235,49,270,0" /><INIT seed="4,0,0,3,5,67" ten="260,186,284,270" oya="0" hai0="44,64,131,96,134,52,132,47,97,123,122,1,63" hai1="8,50,41,25,98,58,6,112,11,17,12,86,81" hai2="55,29,71,15,75,117,68,35,78,129,110,59,73" hai3="22,89,125,7,13,116,24,114,16,133,10,85,90" shuffle="mt19937ar,FCB714CD,0A29CD66,8865AD1C,B958F367,34D032B4,3BCF551D,A8718DA1,535F49FB"/><T84/><D1/><U2/><E112/><V39/><F39/><W106/><G116/><T104/><D84/><U69/><E69/><V111/><F117/><W82/><G106/><T18/><D18/><U135/><E135/><N who="0" m="51753" /><D104/><U26/><E98/><V20/><F35/><W130/><G114/><T42/><D97/><U56/><E41/><V57/><F129/><W3/><G125/><T102/><D96/><U37/><E37/><V100/><F100/><W23/><G130/><T51/><D102/><U60/><E50/><V94/><F94/><W40/><G40/><T92/><D92/><U48/><E48/><N who="2" m="30951" /><F59/><W95/><G133/><T105/><D105/><U87/><E87/><V66/><F66/><W61/><G61/><T34/><D34/><U127/><E127/><V124/><F124/><W4/><G3/><T14/><D14/><U72/><E72/><N who="2" m="27723" /><F78/><W31/><G23/><T27/><D27/><U5/><E5/><V43/><F43/><W79/><REACH who="3" step="1"/><G90/><REACH who="3" step="2"/><T30/><D131/><U101/><E2/><V126/><F126/><W65/><G65/><T103/><D103/><U62/><E62/><V80/><F80/><W19/><G19/><T109/><D109/><N who="2" m="41482" /><F29/><W91/><G91/><T128/><D30/><U32/><E60/><V21/><F21/><W118/><G118/><T46/><D128/><U49/><E32/><V119/><F119/><W28/><G28/><T33/><D33/><U77/><E77/><V38/><F38/><W99/><AGARI ba="0,1" hai="4,7,10,13,16,22,24,31,79,82,85,89,95,99" machi="99" ten="20,12000,2" yaku="1,1,0,1,7,1,8,1,54,1,53,1" doraHai="67" doraHaiUra="88" who="3" fromWho="3" sc="260,-60,186,-30,284,-30,260,130" owari="200,-15,156,-24,254,0,390,39" /></mjloggm>