<mjloggm ver="2.3"><GO type="41"/><UN n0="%E3%81%A1%E3%81%A3%E3%81%93%E3%82%8D" n1="%E3%81%8B%E3%81%92%E3%81%8D%E3%82%85%E3%81%86" n2="%E3%82%A6%E3%83%AB%E3%83%88%E3%83%A9%E7%AB%8B%E7%9B%B4" n3="%E3%83%87%E3%82%AA%E3%83%B3" dan="13,15,13,14" rate="1967,1973,1863,1901" sx="M,M,M,M"/><TAIKYOKU oya="0"/><INIT seed="0,0,0,2,4,13" ten="250,250,250,250" oya="0" hai0="135,50,56,90,86,54,3,101,119,52,118,111,4" hai1="60,43,122,77,78,28,8,84,103,123,34,16,20" hai2="51,29,46,17,10,81,45,49,1,71,94,99,48" hai3="93,14,55,70,39,11,115,68,127,128,12,87,88" shuffle="mt19937ar,720CFE62,4BA90168,ECE029C8,E56F02B6,62AC58EC,5D688D8E,6CDD673D,D7749EDB"/><T38/><D38/><U121/><E103/><V116/><F71/><W74/><G115/><T24/><D24/><U80/><E43/><V108/><F1/><W40/><G74/><T79/><D101/><U44/><E44/><V92/><F29/><W30/><G30/><T130/><D79/><U63/><E77/><V2/><F2/><W98/><G128/><T112/><D112/><U106/><E106/><V7/><F7/><W9/><G127/><T95/><D130/><U15/><E34/><V76/><F116/><W19/><G55/><T91/><D91/><U126/><E126/><V61/><F61/><W23/><G23/><T36/><D36/><U72/><E72/><V41/><F41/><W5/><G40/><T113/><D113/><U117/><E117/><V67/><F67/><W96/><REACH who="3" step="1"/><G39/><REACH who="3" step="2"/><T6/><D6/><U62/><REACH who="1" step="1"/><E28/><REACH who="1" step="2"/><V129/><F129/><W114/><G114/><T85/><D119/><U102/><E102/><V83/><F46/><W69/><AGARI ba="0,2" hai="5,9,11,12,14,19,68,69,70,87,88,93,96,98" machi="69" ten="30,7900,0" yaku="1,1,0,1,52,1,54,1,53,0" doraHai="13" doraHaiUra="131" who="3" fromWho="3" sc="250,-39,240,-20,250,-20,240,99" /><INIT seed="1,0,0,3,4,16" ten="211,220,230,339" oya="1" hai0="130,52,24,51,14,54,124,61,99,84,126,65,34" hai1="20,0,12,97,39,43,74,118,3,116,70,131,72" hai2="59,135,36,88,76,106,78,107,86,83,11,58,85" hai3="44,63,105,17,50,134,33,56,102,23,81,122,87" shuffle="mt19937ar,EA8D933C,72028C87,A6B3B270,D56535A7,CCB6E693,F6170516,44944F12,166F0B37"/><U77/><E70/><V100/><F36/><W129/><G33/><T18/><D34/><U82/><E72/><V60/><F58/><W64/><G129/><T42/><D130/><U5/><E131/><V128/><F128/><W132/><G102/><T41/><D99/><U89/><E3/><V121/><F11/><W55/><G105/><N who="2" m="39945" /><F59/><W79/><REACH who="3" step="1"/><G122/><REACH who="3" step="2"/><T120/><D120/><U37/><E118/><V104/><F121/><W93/><G93/><T80/><D24/><AGARI ba="0,1" hai="17,23,24,44,50,55,56,63,64,79,81,87,132,134" machi="24" ten="40,5200,0" yaku="1,1,52,1,53,1" doraHai="16" doraHaiUra="57" who="3" fromWho="0" sc="211,-52,220,0,230,0,329,62" /><INIT seed="2,0,0,0,0,129" ten="159,220,230,391" oya="2" hai0="77,18,85,93,105,42,64,87,97,75,92,102,36" hai1="53,17,20,19,115,38,28,59,63,71,46,74,109" hai2="84,133,106,78,0,68,39,13,41,118,6,50,125" hai3="119,55,88,56,2,58,110,29,112,100,99,43,95" shuffle="mt19937ar,4172B3D9,3DEB2A79,2AAA6B08,BC6B9E04,941C8D0E,37B238CD,CABE492F,1CF093B9"/><V101/><F39/><W81/><G2/><T123/><D64/><U69/><E74/><V86/><F0/><W131/><G43/><T27/><D123/><U34/><E115/><V113/><F68/><W1/><G110/><T51/><D51/><U15/><E109/><V127/><F113/><W90/><G119/><T21/><D36/><U8/><E28/><V52/><F118/><W122/><G131/><T10/><D10/><U5/><E34/><V114/><F114/><W12/><G122/><T89/><D42/><U132/><E19/><V61/><F61/><W117/><G29/><T54/><D54/><U67/><E132/><V79/><F101/><W35/><G35/><T134/><D87/><N who="2" m="33322" /><F106/><W98/><G1/><T65/><D65/><U128/><E128/><V31/><F31/><W83/><G117/><T40/><D40/><U33/><E33/><V111/><F41/><W82/><G112/><T30/><D93/><U103/><E103/><V121/><F121/><W7/><G100/><T23/><D23/><U45/><E69/><V4/><F111/><W107/><G107/><T124/><D134/><U135/><E135/><V73/><F133/><W130/><G130/><T104/><D104/><U80/><E38/><V44/><F73/><W76/><G76/><N who="2" m="29225" /><F13/><W96/><G12/><T91/><D91/><U116/><E116/><V48/><F48/><W120/><G90/><T32/><D124/><AGARI ba="0,0" hai="4,6,44,50,52,124,125,127" m="29225,33322" machi="124" ten="30,2900,0" yaku="18,1,54,1" doraHai="129" who="2" fromWho="0" sc="159,-29,220,0,230,29,391,0" /><INIT seed="2,1,0,2,3,124" ten="130,220,259,391" oya="2" hai0="23,118,89,67,32,126,101,134,128,70,52,97,130" hai1="49,46,105,44,5,34,60,61,47,68,63,8,78" hai2="31,64,81,24,54,57,20,9,39,127,65,55,16" hai3="50,25,99,21,103,53,22,100,18,36,43,84,13" shuffle="mt19937ar,6794906A,E3D7FA06,107EB85F,93ADA6AB,6D4C6A4F,46BACB0B,1EC2FB8D,69A04DAC"/><V79/><F39/><W114/><G114/><T2/><D2/><U133/><E34/><V10/><F127/><W116/><G36/><T132/><D32/><U0/><E105/><V72/><F54/><W74/><G43/><T66/><D89/><U90/><E78/><V95/><F95/><W42/><G74/><T15/><D118/><U110/><E68/><V38/><F38/><W11/><G42/><T58/><D70/><U108/><E133/><N who="0" m="51305" /><D126/><U73/><E73/><V93/><F93/><W92/><G103/><T111/><D111/><U59/><E90/><V88/><F88/><W77/><G25/><T30/><D30/><U109/><E49/><V41/><F41/><W62/><G62/><N who="0" m="36167" /><D23/><U75/><E75/><V121/><F121/><W83/><G116/><T98/><D15/><U37/><E37/><V91/><F91/><W104/><G104/><N who="0" m="63535" /><D98/><U17/><E59/><AGARI ba="1,0" hai="11,13,18,21,22,50,53,59,77,83,84,92,99,100" machi="59" ten="30,2000,0" yaku="7,1,8,1" doraHai="124" who="3" fromWho="1" sc="130,0,220,-23,259,0,391,23" /><INIT seed="3,0,0,0,1,110" ten="130,197,259,414" oya="3" hai0="63,85,65,16,36,128,134,70,76,73,132,47,11" hai1="27,125,8,49,7,51,21,56,32,69,60,12,114" hai2="131,75,42,108,15,91,118,44,122,37,87,105,64" hai3="48,120,94,112,29,126,6,28,116,74,66,80,57" shuffle="mt19937ar,BAF58CB5,5CDF95EA,442E55D7,E62E7C91,F62A1EEB,A54B3B38,09F26B3A,046A57BF"/><W33/><G120/><T115/><D73/><U41/><E69/><V10/><F122/><W14/><G33/><T9/><D36/><U67/><E125/><V0/><F75/><W52/><G126/><T133/><D47/><U106/><E106/><V100/><F118/><W38/><G38/><T79/><D128/><U84/><E32/><V43/><F0/><W22/><G116/><T17/><D85/><U117/><E117/><V20/><F43/><W62/><G112/><T113/><D11/><U97/><E97/><V24/><F64/><W88/><G80/><T77/><REACH who="0" step="1"/><D9/><REACH who="0" step="2"/><U92/><E84/><V58/><F131/><W72/><G74/><T5/><D5/><U95/><E8/><V35/><F10/><W86/><G72/><T40/><D40/><U121/><E41/><V83/><F44/><W53/><G6/><T30/><D30/><U2/><E7/><V129/><F42/><W31/><G48/><T46/><D46/><U111/><E51/><V90/><F129/><W71/><G71/><T135/><N who="0" m="33792" /><DORA hai="82" /><T25/><D25/><U45/><E27/><V104/><F37/><W54/><G14/><T13/><D13/><U50/><E49/><V3/><F15/><W102/><G102/><T23/><D23/><AGARI ba="0,1" hai="22,23,28,29,31,52,53,54,57,62,66,86,88,94" machi="23" ten="40,12000,1" yaku="8,1,52,1,54,2" doraHai="110,82" who="3" fromWho="0" sc="120,-120,197,0,259,0,414,130" /><INIT seed="3,1,0,3,1,61" ten="0,197,259,544" oya="3" hai0="76,123,128,64,59,65,68,0,131,70,97,114,55" hai1="112,54,6,90,17,85,118,69,107,133,11,87,109" hai2="40,120,2,28,110,91,32,5,38,9,41,42,89" hai3="3,81,93,52,12,58,35,102,124,44,99,62,117" shuffle="mt19937ar,84229B80,89F64E02,A3F681F7,FD439609,F70B0340,8BAB4821,8DE964E2,CF50E2DD"/><W19/><G117/><T108/><D123/><U25/><E112/><V18/><F120/><W48/><G35/><T14/><D0/><U126/><E107/><V84/><F38/><W74/><G3/><T94/><D76/><U95/><E118/><V132/><F132/><W26/><G124/><T79/><D79/><U130/><E133/><V34/><F110/><W104/><G74/><T82/><D82/><U29/><E109/><V100/><F100/><W88/><G26/><T60/><D108/><U105/><E105/><V63/><F63/><W7/><G7/><T80/><D80/><U37/><E37/><V46/><F46/><W33/><G33/><T77/><D77/><U36/><E36/><V8/><F84/><W4/><G4/><T71/><D14/><U49/><E69/><V106/><F106/><W1/><G1/><T13/><D13/><N who="1" m="5367" /><E126/><V51/><F51/><W20/><G104/><T119/><D119/><U66/><E87/><V15/><REACH who="2" step="1"/><F34/><REACH who="2" step="2"/><W121/><G121/><T115/><D97/><U23/><E130/><N who="0" m="49705" /><D94/><U98/><E98/><V57/><F57/><W73/><G73/><T30/><D30/><U53/><E29/><V122/><F122/><W125/><G125/><T43/><D43/><U113/><E113/><AGARI ba="1,1" hai="55,59,60,64,65,68,70,71,113,114,115" m="49705" machi="113" ten="40,12000,2" yaku="11,1,19,1,34,2,52,2" doraHai="61" who="0" fromWho="1" sc="0,133,197,-123,249,0,544,0" /><INIT seed="4,0,0,2,3,0" ten="133,74,249,544" oya="0" hai0="27,124,14,86,116,87,39,130,42,132,10,118,135" hai1="26,40,15,13,63,20,59,6,8,129,31,133,54" hai2="88,89,65,95,9,11,45,78,16,4,19,55,113" hai3="50,74,5,24,85,68,77,70,110,82,108,58,122" shuffle="mt19937ar,53BF9ECD,EC00AF58,3DDDAEEF,D1AD6244,B2508812,DBCB96F5,1DA9FC0A,E207280E"/><T43/><D27/><U72/><E72/><V62/><F113/><W34/><G122/><T22/><D22/><U44/><E133/><N who="0" m="51273" /><D39/><U21/><E129/><V23/><F78/><W33/><G24/><T46/><D46/><U83/><E83/><V81/><F81/><W53/><G70/><T73/><D73/><U3/><REACH who="1" step="1"/><E20/><REACH who="1" step="2"/><V104/><F23/><W125/><G74/><T49/><D130/><U112/><E112/><V100/><F104/><W52/><G110/><T103/><D124/><U12/><E12/><V66/><F11/><W93/><G125/><T123/><D123/><U105/><E105/><V84/><F9/><W80/><G82/><T128/><D128/><U61/><E61/><V131/><F62/><W121/><G108/><T38/><D14/><U126/><E126/><V69/><F131/><W37/><G121/><T96/><D10/><U120/><E120/><V94/><F95/><W71/><G93/><N who="0" m="58767" /><D118/><U76/><E76/><V101/><F94/><W127/><G127/><T106/><D106/><U91/><E91/><V35/><F88/><W67/><G77/><T98/><D116/><U32/><E32/><V2/><F35/><W29/><G34/><T18/><D38/><AGARI ba="0,1" hai="3,6,8,13,15,21,26,31,38,40,44,54,59,63" machi="38" ten="30,3900,0" yaku="1,1,7,1,52,1,53,0" doraHai="0" doraHaiUra="115" who="1" fromWho="0" sc="133,-39,64,49,249,0,544,0" /><INIT seed="5,0,0,4,4,30" ten="94,113,249,544" oya="1" hai0="90,127,86,134,64,99,63,76,126,18,4,94,11" hai1="6,3,121,69,36,124,12,84,5,52,101,37,78" hai2="22,16,44,19,80,50,91,129,72,2,46,113,95" hai3="96,130,24,92,131,59,31,27,33,82,111,39,29" shuffle="mt19937ar,18B8E150,C646328C,69377A15,3CB0609F,FB332D34,F450839A,384753C5,23BC9CB3"/><U71/><E121/><V112/><F2/><W28/><G39/><T51/><D18/><U26/><E3/><V107/><F107/><W48/><G82/><T41/><D134/><U89/><E78/><V116/><F116/><W115/><G111/><T65/><D41/><U77/><E77/><V106/><F106/><W125/><G125/><N who="0" m="47627" /><D51/><U62/><E124/><V25/><F80/><W40/><G115/><N who="2" m="44105" /><F72/><W79/><G79/><T85/><D65/><U133/><E133/><V45/><F129/><N who="3" m="49163" /><G40/><T54/><D54/><U1/><E1/><V117/><F117/><W110/><G48/><T13/><D76/><U108/><E108/><V97/><F19/><W88/><G59/><AGARI ba="0,0" hai="4,11,13,59,63,64,85,86,90,94,99" m="47627" machi="59" ten="30,1000,0" yaku="18,1" doraHai="30" who="0" fromWho="3" sc="94,10,113,0,249,0,544,-10" /><INIT seed="6,0,0,0,5,8" ten="104,113,249,534" oya="2" hai0="68,91,110,42,23,60,120,135,115,62,126,132,17" hai1="70,81,7,64,55,96,75,30,105,24,28,40,20" hai2="104,92,121,113,47,119,131,133,54,31,94,90,67" hai3="130,117,4,56,61,108,2,125,32,49,112,10,65" shuffle="mt19937ar,379255BA,8C5A0A1B,3F92E9A2,1816F5A0,4EC8577C,3C79AA38,FB3985AD,2EF9A6E3"/><V52/><F104/><W84/><G117/><T127/><D91/><U103/><E40/><V106/><F106/><W6/><G130/><T11/><D11/><U98/><E28/><V35/><F121/><W100/><G125/><N who="0" m="47627" /><D42/><U59/><E64/><V63/><F119/><W122/><G100/><T134/><D120/><U45/><E45/><V48/><F131/><W99/><G32/><T9/><D9/><U12/><E98/><V43/><F133/><N who="0" m="34050" /><T87/><DORA hai="129" /><D87/><U21/><E70/><V26/><F113/><W50/><G10/><T128/><D128/><U13/><E20/><V5/><F5/><W80/><G84/><T3/><D3/><U25/><E25/><V37/><F90/><W41/><G2/><T86/><D86/><U18/><E30/><V102/><F102/><W72/><G122/><T38/><D38/><U1/><E1/><V73/><F73/><W66/><G72/><T124/><N who="0" m="47635" /><T36/><DORA hai="46" /><D36/><U16/><E18/><V39/><F39/><W15/><G4/><T77/><D77/><U71/><E71/><V85/><F85/><W74/><G74/><T83/><D83/><U27/><E27/><V123/><F123/><W89/><G80/><T95/><D95/><U101/><E101/><V78/><F78/><W33/><G89/><T0/><D0/><U69/><E69/><N who="2" m="42239" /><F37/><W114/><G6/><T19/><D115/><U22/><E7/><V79/><F79/><W29/><G112/><T82/><D82/><U34/><E75/><V93/><F43/><W109/><G114/><T14/><D110/><U76/><E76/><RYUUKYOKU ba="0,0" sc="104,-10,113,-10,249,30,534,-10" hai2="26,31,35,47,48,52,54,92,93,94" /><INIT seed="6,1,0,0,1,108" ten="94,103,279,524" oya="2" hai0="111,58,38,92,77,60,93,84,131,112,54,34,22" hai1="75,0,30,83,95,114,70,124,48,44,39,21,7" hai2="24,69,23,88,94,98,33,119,3,65,5,25,90" hai3="106,18,2,107,117,9,89,8,4,71,16,45,43" shuffle="mt19937ar,049417BF,B6357F36,1601F17A,D0440744,9C2D84CA,407112CD,BE6B13D1,F2DF5AC3"/><V66/><F119/><W28/><G71/><T57/><D111/><U96/><E70/><V29/><F69/><W67/><G67/><T15/><D34/><U64/><E64/><V97/><F5/><W27/><G117/><T134/><D38/><U11/><E124/><V120/><F3/><W87/><G107/><T109/><D109/><U51/><E30/><V132/><F132/><W99/><G106/><T128/><D134/><U126/><E21/><V53/><F53/><W80/><G99/><T82/><D58/><U17/><E17/><V110/><F110/><W121/><G8/><T102/><D102/><U32/><E32/><V91/><F120/><W41/><G41/><T78/><D77/><U12/><E12/><V113/><F113/><W133/><G133/><T59/><D112/><U26/><E26/><V6/><F6/><W56/><G56/><T1/><D59/><U125/><E114/><V103/><REACH who="2" step="1"/><F97/><REACH who="2" step="2"/><W63/><G121/><T47/><D1/><U55/><E55/><V130/><F130/><N who="0" m="49706" /><D47/><U104/><E126/><V40/><F40/><W85/><G45/><T79/><D78/><U129/><E125/><V101/><F101/><W62/><G43/><T61/><D60/><U81/><E129/><V135/><F135/><W76/><G63/><T46/><D46/><U52/><E44/><V13/><F13/><W100/><G62/><T105/><D105/><U118/><E104/><V14/><F14/><W115/><G100/><T49/><D61/><U31/><E118/><V10/><F10/><W42/><G115/><T116/><D116/><U68/><E0/><RYUUKYOKU ba="1,1" sc="94,15,103,-15,269,15,524,-15" hai0="15,22,49,54,57,79,82,84,92,93" hai2="23,24,25,29,33,65,66,88,90,91,94,98,103" /><INIT seed="6,2,1,4,5,78" ten="109,88,284,509" oya="2" hai0="69,82,107,96,100,97,114,92,80,16,53,50,87" hai1="2,62,3,27,134,68,111,85,67,38,74,18,12" hai2="120,14,93,117,36,128,43,72,21,130,63,32,102" hai3="58,101,109,31,49,95,52,29,61,73,99,81,9" shuffle="mt19937ar,04550A2B,DFFA5786,A8218115,214FC278,8D74DBA3,F840C054,D0733260,ECB09F7A"/><V77/><F32/><W45/><G109/><T55/><D69/><U113/><E74/><V133/><F120/><W90/><G9/><T76/><D114/><U17/><E38/><V8/><F117/><W0/><G0/><T35/><D35/><U11/><E111/><V70/><F133/><W106/><G73/><T127/><D127/><U37/><E134/><V126/><F126/><W98/><G81/><N who="0" m="47527" /><D107/><U57/><E37/><V42/><F21/><W84/><G99/><T83/><D97/><U122/><E122/><V123/><F123/><W4/><G4/><T26/><D50/><U121/><E121/><V25/><F25/><W135/><G135/><T94/><D92/><U119/><E119/><V20/><F20/><AGARI ba="2,1" hai="16,20,26,53,55,80,82,83,94,96,100" m="47527" machi="20" ten="30,12000,2" yaku="8,1,52,4,54,1" doraHai="78" who="0" fromWho="2" sc="109,136,88,0,284,-126,509,0" /><INIT seed="7,0,0,5,4,70" ten="245,88,158,509" oya="3" hai0="108,10,92,131,74,115,122,15,101,123,11,124,118" hai1="103,7,79,57,27,114,6,121,56,72,43,44,119" hai2="17,85,30,13,26,116,96,42,62,61,3,58,93" hai3="33,40,106,128,22,2,0,24,81,129,130,107,36" shuffle="mt19937ar,A90E1C46,19293974,24AE28F4,FB17353D,C031C0A9,A6D0806E,036EEC25,323A64B2"/><W86/><G33/><T132/><D74/><U68/><E68/><V104/><F3/><N who="3" m="1067" /><G36/><T80/><D80/><U53/><E121/><N who="0" m="46089" /><D101/><U91/><E103/><V39/><F116/><W9/><G40/><T112/><D92/><U98/><E119/><V100/><F17/><N who="3" m="12367" /><G9/><N who="0" m="3083" /><D15/><U51/><E114/><N who="0" m="43561" /><D118/><U65/><E27/><V45/><F13/><W111/><G111/><T77/><D77/><AGARI ba="0,0" hai="77,81,86,106,107,128,129,130" m="12367,1067" machi="77" ten="40,2000,0" yaku="19,1" doraHai="70" who="3" fromWho="0" sc="245,-20,88,0,158,0,509,20" owari="225,3,88,-41,158,-24,529,62" /></mjloggm>