<mjloggm ver="2.3"><GO type="41"/><UN n0="%E3%83%A1%E3%82%BF%E3%82%AA" n1="%E3%82%AF%E3%83%A9" n2="%E3%82%A6%E3%83%AB%E3%83%88%E3%83%A9%E7%AB%8B%E7%9B%B4" n3="%77%69%64%65%62%65%61%72" dan="14,15,15,13" rate="1863,1936,1970,1867" sx="M,F,M,M"/><TAIKYOKU oya="0"/><INIT seed="0,0,0,2,3,129" ten="250,250,250,250" oya="0" hai0="12,116,121,18,103,59,76,72,25,128,106,81,37" hai1="3,117,34,16,77,36,5,78,38,97,108,95,19" hai2="63,26,94,135,130,64,74,55,100,104,114,125,115" hai3="110,66,126,15,42,60,29,82,53,56,86,32,7"/><T39/><D121/><U80/><E117/><V70/><F94/><W111/><G32/><T102/><D116/><U33/><E108/><N who="3" m="41514" /><G29/><T43/><D128/><U75/><E3/><V69/><F130/><W23/><G42/><T67/><D25/><U11/><E5/><V24/><F55/><W13/><G126/><T120/><D120/><U62/><E62/><V90/><F63/><N who="3" m="36239" /><G23/><T89/><D67/><U124/><E124/><V17/><F64/><W122/><G7/><T6/><D59/><U0/><E0/><V58/><F58/><N who="3" m="37143" /><G122/><T96/><D6/><U1/><E1/><V45/><F17/><W85/><G85/><T2/><D2/><U123/><E123/><V47/><F125/><W98/><G98/><T14/><D43/><U91/><E34/><V46/><F24/><W35/><G35/><T133/><D12/><U109/><E33/><V44/><F26/><W101/><G101/><T49/><D103/><U10/><E97/><V27/><F27/><W22/><G22/><T65/><D96/><U118/><E118/><V4/><F100/><W132/><G132/><T71/><D133/><U112/><E75/><V68/><F135/><W113/><G113/><T8/><D102/><U107/><E112/><V119/><F4/><W61/><G61/><T40/><D40/><U88/><E109/><V83/><F119/><W52/><G52/><T31/><D31/><U30/><E30/><V127/><F127/><W48/><G48/><T73/><D49/><U134/><E134/><V28/><F28/><W131/><G131/><T57/><D73/><U41/><E41/><RYUUKYOKU ba="0,0" sc="250,-10,250,-10,250,-10,250,30" hai3="13,15,82,86" /><INIT seed="1,1,0,4,1,68" ten="240,240,240,280" oya="1" hai0="35,97,79,30,8,6,135,103,29,12,101,107,57" hai1="38,65,84,37,88,54,99,110,32,33,133,50,121" hai2="122,22,23,90,7,111,119,19,77,87,108,25,4" hai3="134,100,51,16,21,20,83,102,96,14,126,78,74"/><U27/><E121/><V112/><F77/><W9/><G126/><T36/><D79/><U106/><E65/><V44/><F87/><W40/><G134/><T124/><D135/><U116/><E116/><V125/><F90/><W0/><G0/><T76/><D76/><U98/><E133/><V94/><F94/><W72/><G72/><T31/><D124/><U92/><E110/><V56/><F56/><W80/><G80/><T118/><D118/><U109/><E109/><V48/><F48/><W64/><G64/><T82/><D82/><U18/><E33/><V26/><F44/><W93/><G102/><T17/><D103/><U67/><E67/><V2/><F125/><W127/><G127/><T39/><D35/><U131/><E131/><V123/><F119/><W11/><G40/><T120/><D120/><U130/><E130/><V58/><F58/><W43/><G43/><T3/><REACH who="0" step="1"/><D57/><REACH who="0" step="2"/><U46/><E32/><V15/><F112/><W45/><G74/><T70/><D70/><U69/><E69/><V71/><F71/><W95/><G78/><T13/><D13/><U66/><E106/><V53/><F15/><W34/><G83/><T114/><D114/><U61/><E27/><V5/><F123/><W10/><G34/><T63/><D63/><U55/><E61/><V115/><F122/><W104/><G104/><T28/><N who="0" m="7680" /><DORA hai="73" /><T47/><D47/><U129/><E129/><V91/><F115/><W75/><G75/><T81/><D81/><U59/><E59/><V89/><F111/><W42/><G95/><T86/><D86/><U113/><E113/><RYUUKYOKU ba="1,1" sc="230,15,240,-15,240,-15,280,15" hai0="3,6,8,12,17,36,39,97,101,107" hai3="9,10,11,14,16,20,21,42,45,51,93,96,100" /><INIT seed="2,2,1,4,2,52" ten="245,225,225,295" oya="2" hai0="135,121,22,107,90,28,72,96,88,128,18,133,24" hai1="14,119,12,76,114,7,97,75,68,80,47,85,73" hai2="82,48,56,66,70,13,78,53,4,122,19,99,67" hai3="109,38,124,98,113,79,84,41,8,116,65,74,33"/><V58/><F70/><W1/><G116/><T102/><D121/><U54/><E119/><V0/><F122/><W81/><G109/><T117/><D117/><U57/><E68/><V129/><F0/><W11/><G124/><T46/><D128/><U108/><E108/><V17/><F129/><W39/><G113/><T134/><D72/><U105/><E114/><V115/><F115/><W120/><G33/><N who="0" m="20615" /><D46/><U100/><E47/><N who="2" m="27807" /><F4/><W64/><G120/><T94/><D107/><U21/><E14/><AGARI ba="2,1" hai="14,18,22,88,90,94,96,102,133,134,135" m="20615" machi="14" ten="30,2000,0" yaku="20,1,54,1" doraHai="52" who="0" fromWho="1" sc="245,36,225,-26,225,0,295,0" /><INIT seed="3,0,0,3,1,2" ten="281,199,225,295" oya="3" hai0="60,133,92,108,21,27,97,15,35,4,95,83,101" hai1="66,0,82,11,44,41,103,20,106,6,63,78,30" hai2="17,111,14,80,113,84,45,65,54,5,48,64,49" hai3="53,85,38,7,33,76,81,12,37,36,98,102,100"/><W115/><G33/><T67/><D108/><U117/><E117/><V18/><F111/><W58/><G115/><T55/><D133/><U112/><E112/><V128/><F113/><W132/><G132/><T24/><D35/><U79/><E20/><V13/><F128/><W93/><G100/><T124/><D124/><U87/><E30/><V119/><F119/><W50/><REACH who="3" step="1"/><G12/><REACH who="3" step="2"/><T130/><D130/><U32/><E32/><V131/><F131/><W40/><G40/><T23/><D27/><U75/><E103/><V90/><F14/><W46/><G46/><T74/><D24/><U77/><E41/><V10/><F18/><W73/><G73/><T39/><D15/><U123/><E44/><N who="2" m="27911" /><F17/><W43/><G43/><AGARI ba="0,1" hai="5,10,13,43,45,49,64,65,80,84,90" m="27911" machi="43" ten="30,2000,0" yaku="8,1,52,1" doraHai="2" who="2" fromWho="3" sc="281,0,199,0,225,30,285,-20" /><INIT seed="4,0,0,3,4,43" ten="281,199,255,265" oya="0" hai0="93,13,7,38,103,74,17,60,127,47,49,55,81" hai1="109,44,68,32,118,30,64,121,29,67,88,42,128" hai2="110,76,96,15,100,89,59,130,0,126,112,56,87" hai3="4,12,28,124,91,66,1,24,132,61,122,2,3"/><T82/><D127/><U125/><E109/><V114/><F0/><W106/><G132/><T14/><D74/><U108/><E108/><V90/><F59/><W52/><G124/><T27/><D38/><U63/><E125/><V79/><F56/><W26/><G106/><T48/><D60/><U54/><E121/><V25/><F25/><W11/><G122/><T94/><D27/><U98/><E118/><V31/><F31/><N who="1" m="11785" /><E68/><V71/><F15/><W50/><G91/><T70/><D70/><U53/><E128/><V105/><F71/><W65/><G61/><T40/><D103/><U77/><E77/><N who="2" m="29771" /><F126/><W5/><G5/><T75/><D75/><U57/><E67/><V34/><F34/><W117/><G117/><T78/><D7/><U84/><E98/><V133/><F110/><W86/><G86/><N who="0" m="48439" /><D82/><N who="1" m="49175" /><E32/><V99/><F130/><W73/><G73/><T111/><D111/><U33/><E33/><V8/><F99/><W36/><G36/><T39/><D39/><U92/><E92/><N who="0" m="35433" /><D17/><U20/><E20/><V16/><F105/><W10/><G10/><T83/><D83/><U104/><E104/><V69/><F8/><W21/><REACH who="3" step="1"/><G26/><REACH who="3" step="2"/><T95/><D95/><U80/><E80/><N who="2" m="49383" /><F100/><W101/><G101/><T134/><D134/><U41/><E64/><V119/><F133/><W45/><AGARI ba="0,1" hai="1,2,3,4,11,12,21,24,28,45,50,52,65,66" machi="45" ten="30,7900,0" yaku="1,1,0,1,52,1,54,1,53,0" doraHai="43" doraHaiUra="107" who="3" fromWho="3" sc="281,-39,199,-20,255,-20,255,89" /><INIT seed="5,0,0,4,4,90" ten="242,179,235,344" oya="1" hai0="99,69,103,59,7,8,22,6,16,27,111,28,114" hai1="34,78,127,135,42,45,128,120,79,21,54,72,53" hai2="51,24,10,32,125,126,41,17,37,35,58,64,31" hai3="105,119,95,55,57,124,117,88,75,68,33,97,13"/><U26/><E120/><V134/><F37/><W109/><G33/><N who="0" m="20639" /><D69/><U63/><E34/><V19/><F41/><W23/><G68/><T2/><D59/><U40/><E135/><V83/><F51/><W36/><G36/><T110/><D99/><U118/><E118/><N who="3" m="45066" /><G75/><T122/><D103/><U0/><E0/><V129/><F58/><W123/><G123/><T85/><D85/><U116/><E116/><V52/><F64/><W131/><G131/><T60/><D60/><U87/><E128/><V4/><F52/><N who="1" m="20073" /><E72/><V46/><F46/><W96/><G109/><N who="0" m="41483" /><D122/><U39/><E39/><V30/><F83/><W5/><G105/><T73/><D73/><U92/><E127/><N who="2" m="48651" /><F129/><W12/><G124/><T9/><D114/><U50/><E63/><V48/><F48/><N who="3" m="30951" /><G5/><N who="0" m="1079" /><D9/><U62/><E62/><V133/><F133/><W14/><G97/><T76/><D76/><U77/><E42/><V104/><F104/><W106/><G106/><T25/><AGARI ba="0,0" hai="6,7,16,22,25" m="1079,41483,20639" machi="25" ten="30,4000,0" yaku="34,2,54,1" doraHai="90" who="0" fromWho="0" sc="242,40,179,-20,235,-10,344,-10" /><INIT seed="6,0,0,5,2,116" ten="282,159,225,334" oya="2" hai0="21,17,60,53,72,45,34,76,18,89,127,14,46" hai1="104,13,101,111,73,35,28,118,70,58,63,26,99" hai2="2,49,129,100,125,54,55,85,110,84,41,29,44" hai3="117,48,12,30,131,24,122,16,71,61,79,51,105"/><V88/><F2/><W119/><G105/><T130/><D127/><U81/><E111/><V133/><F125/><W74/><G74/><T37/><D130/><U78/><E118/><V112/><F129/><W98/><G79/><T32/><D37/><U9/><E13/><V10/><F133/><W19/><G98/><T22/><D89/><U120/><E9/><V38/><F110/><W134/><G134/><T39/><D39/><U94/><E94/><V5/><F112/><W82/><G131/><T56/><D76/><U23/><E23/><V95/><F100/><W62/><G82/><T59/><D72/><U50/><E50/><V8/><F29/><W69/><G12/><T47/><REACH who="0" step="1"/><D59/><REACH who="0" step="2"/><U92/><E58/><V109/><F109/><W132/><G132/><T7/><D7/><U80/><E80/><N who="2" m="49159" /><F38/><W87/><G117/><T106/><D106/><U97/><E92/><V1/><F1/><W68/><G119/><T65/><D65/><N who="1" m="41279" /><E97/><V6/><F6/><W64/><G71/><T102/><D102/><U20/><E20/><V43/><F5/><W33/><G69/><T57/><D57/><U4/><E4/><V83/><F95/><W67/><G68/><T31/><D31/><U11/><E11/><V107/><F107/><W3/><G30/><T75/><D75/><U135/><E135/><V86/><F10/><W27/><G33/><T91/><D91/><U15/><E15/><AGARI ba="0,1" hai="14,15,17,18,21,22,32,34,45,46,47,53,56,60" machi="15" ten="40,2600,0" yaku="1,1,9,1,53,0" doraHai="116" doraHaiUra="128" who="0" fromWho="1" sc="272,36,159,-26,225,0,334,0" /><INIT seed="7,0,0,0,3,105" ten="308,133,225,334" oya="3" hai0="46,123,42,23,110,77,76,48,39,35,62,4,25" hai1="112,131,74,96,28,10,89,44,101,18,33,15,134" hai2="20,72,129,41,118,88,37,91,16,108,115,132,3" hai3="79,107,87,85,45,13,17,7,1,71,24,100,127"/><W111/><G71/><T59/><D110/><U8/><E134/><V106/><F41/><W64/><G111/><T68/><D123/><U26/><E131/><V84/><F91/><W104/><G64/><T83/><D4/><U50/><E112/><V81/><F118/><W67/><G1/><T5/><D5/><U40/><E89/><V116/><F116/><W120/><G67/><T36/><D35/><U52/><E40/><V113/><F37/><W32/><G120/><T126/><D126/><U109/><E109/><V103/><F3/><W57/><G32/><T95/><D68/><U80/><E80/><V43/><F43/><W78/><G107/><T9/><D9/><U27/><E27/><N who="2" m="14727" /><F108/><W86/><G104/><T121/><D121/><U34/><E10/><V51/><F51/><W6/><G100/><T12/><D12/><U31/><E31/><V117/><F117/><W124/><G24/><T22/><D77/><N who="3" m="29193" /><G57/><T98/><D23/><U47/><E34/><V125/><F125/><N who="3" m="48203" /><G45/><T53/><D22/><AGARI ba="0,0" hai="6,7,13,17,22,85,86,87" m="48203,29193" machi="22" ten="30,1500,0" yaku="18,1" doraHai="105" who="3" fromWho="0" sc="308,-15,133,0,225,0,334,15" owari="293,9,133,-37,225,-17,349,45" /></mjloggm>