<mjloggm ver="2.3"><GO type="41"/><UN n0="%E3%82%A6%E3%83%AB%E3%83%88%E3%83%A9%E7%AB%8B%E7%9B%B4" n1="%E3%83%87%E3%82%B8%E3%82%BF%E3%83%AA%E3%82%BA%E3%83%A0" n2="%E3%82%B9%E3%83%A2%E3%83%BC%E3%82%AF%E3%83%81%E3%83%BC%E3%82%BA" n3="%E4%BB%8A%E6%97%A5%E4%B8%80" dan="14,15,14,15" rate="1908,1944,1915,1916" sx="M,F,M,M"/><TAIKYOKU oya="0"/><INIT seed="0,0,0,3,1,122" ten="250,250,250,250" oya="0" hai0="15,96,66,113,30,8,105,16,21,107,95,12,41" hai1="109,2,42,119,128,58,61,81,18,135,112,44,79" hai2="49,134,24,10,25,104,14,60,7,118,54,64,120" hai3="74,69,17,121,84,103,125,13,53,63,85,117,59"/><T102/><D113/><U93/><E119/><V111/><F118/><W80/><G117/><T123/><D123/><U48/><E2/><V114/><F120/><W126/><G121/><T71/><D41/><U127/><E112/><V45/><F114/><W62/><G103/><T99/><D71/><U87/><E135/><V106/><F134/><W38/><G38/><T43/><D66/><U31/><E31/><V47/><F106/><W19/><G19/><T37/><D99/><U36/><E128/><V52/><F104/><W20/><G69/><T86/><D86/><U57/><E127/><N who="3" m="48650" /><G63/><T34/><D34/><U23/><E36/><V39/><F39/><W132/><G132/><T11/><D30/><U78/><E79/><AGARI ba="0,0" hai="13,17,20,53,59,62,74,79,80,84,85" m="48650" machi="79" ten="30,1000,0" yaku="18,1" doraHai="122" who="3" fromWho="1" sc="250,0,250,-10,250,0,250,10" /><INIT seed="1,0,0,4,2,57" ten="250,240,250,260" oya="1" hai0="105,79,24,104,113,29,73,129,1,20,50,46,16" hai1="60,72,93,114,120,15,102,4,134,106,19,123,77" hai2="39,33,12,8,89,75,52,125,122,58,14,135,64" hai3="92,112,107,37,45,111,0,34,30,128,62,88,98"/><U101/><E114/><V87/><F75/><W27/><G112/><T78/><D113/><U5/><E106/><V28/><F122/><W76/><G0/><T21/><D1/><U70/><E72/><V69/><F39/><W31/><G76/><T10/><D10/><U26/><E77/><V32/><F69/><W119/><G128/><T124/><D129/><U13/><E26/><V86/><F64/><W65/><G31/><T118/><D118/><U108/><E93/><V54/><F135/><W85/><G119/><T97/><D124/><U115/><E115/><V66/><F66/><W55/><G111/><T131/><D131/><U2/><E2/><V43/><F43/><W36/><G45/><T47/><D47/><U71/><E19/><V130/><F130/><W23/><G55/><T132/><D132/><U84/><E134/><V91/><F58/><W18/><G18/><T127/><D127/><U95/><E95/><V48/><F28/><W9/><G23/><T81/><D79/><U11/><E84/><V25/><F25/><W40/><G40/><T83/><D83/><U117/><E117/><V99/><F125/><W61/><G9/><T7/><D97/><U53/><E11/><V126/><F126/><W41/><G41/><T59/><D59/><U56/><E56/><V44/><F8/><W80/><G107/><T17/><D7/><U133/><E133/><V49/><F44/><W90/><G62/><T22/><D105/><U67/><E67/><V3/><F3/><W51/><G51/><T68/><D104/><U94/><E120/><V100/><F99/><RYUUKYOKU ba="0,0" sc="250,-15,240,-15,250,15,260,15" hai2="12,14,32,33,48,49,52,54,86,87,89,91,100" hai3="27,30,34,36,37,61,65,80,85,88,90,92,98" /><INIT seed="2,1,0,0,4,14" ten="235,225,265,275" oya="2" hai0="25,18,2,89,82,125,27,105,39,70,98,114,38" hai1="132,6,13,28,35,96,75,15,53,41,19,88,116" hai2="10,11,7,108,68,55,78,106,20,80,128,101,130" hai3="63,103,92,134,61,5,91,122,23,47,74,45,83"/><V1/><F68/><W115/><G122/><T67/><D2/><U76/><E116/><V119/><F119/><W121/><G121/><T50/><D125/><U21/><E41/><V100/><F108/><W12/><G103/><T3/><D3/><U90/><E132/><V81/><F11/><W9/><G134/><T104/><D114/><U117/><E117/><V31/><F106/><W66/><G61/><T111/><D111/><U118/><E118/><V120/><F120/><W84/><G23/><T8/><D50/><U97/><E28/><V42/><F42/><W64/><G115/><T60/><D27/><U52/><E35/><V113/><F113/><W40/><G74/><T33/><D82/><U48/><E76/><V49/><F80/><W34/><G34/><T127/><D127/><U126/><E75/><V58/><F31/><W51/><G47/><T87/><D87/><U29/><E29/><V123/><F20/><W107/><G107/><T4/><D33/><U44/><E53/><V71/><F71/><W69/><G66/><T62/><D104/><U131/><E126/><V135/><F135/><W59/><G69/><T94/><D105/><U73/><E131/><N who="2" m="50219" /><F123/><W65/><G64/><N who="0" m="41223" /><D4/><U112/><E73/><AGARI ba="1,0" hai="1,7,10,49,55,58,73,78,81,100,101" m="50219" machi="73" ten="30,1500,0" yaku="19,1" doraHai="14" who="2" fromWho="1" sc="235,0,225,-18,265,18,275,0" /><INIT seed="2,2,0,0,0,14" ten="235,207,283,275" oya="2" hai0="117,41,44,127,30,12,114,48,29,68,2,60,19" hai1="76,86,26,32,98,64,121,109,11,17,38,35,1" hai2="22,13,56,18,103,116,94,82,115,126,96,112,133" hai3="42,57,46,72,25,58,36,37,132,125,91,7,28"/><V6/><F116/><W111/><G111/><T122/><D2/><U62/><E38/><V104/><F133/><W106/><G37/><T65/><D114/><U23/><E121/><V49/><F126/><W53/><G132/><T90/><D122/><U102/><E109/><V9/><F82/><W67/><G7/><T59/><D127/><U99/><E98/><V20/><F104/><W73/><G125/><T69/><D117/><U85/><E35/><V50/><F22/><W134/><G134/><T123/><D123/><U63/><E62/><V5/><F5/><W97/><G67/><T77/><D77/><U75/><E75/><V107/><F107/><W54/><G57/><T88/><D68/><U79/><E76/><V61/><F115/><W39/><G39/><T105/><D105/><U101/><E101/><V3/><REACH who="2" step="1"/><F112/><REACH who="2" step="2"/><W33/><G106/><T83/><D69/><U16/><E32/><V43/><F43/><W74/><G33/><T131/><D131/><U92/><E79/><V100/><F100/><W81/><G42/><T52/><D41/><U45/><E1/><V71/><F71/><W119/><G81/><T15/><D90/><U4/><E4/><V113/><F113/><W21/><G91/><T87/><REACH who="0" step="1"/><D15/><REACH who="0" step="2"/><N who="1" m="7423" /><E45/><V129/><F129/><W40/><G46/><T128/><D128/><U135/><E135/><V70/><F70/><W95/><G40/><T118/><D118/><U47/><E47/><V78/><F78/><W31/><G119/><T24/><D24/><U110/><E110/><V66/><AGARI ba="2,2" hai="3,6,9,13,18,20,49,50,56,61,66,94,96,103" machi="66" ten="20,7800,0" yaku="1,1,0,1,7,1,52,1,53,0" doraHai="14" doraHaiUra="84" who="2" fromWho="2" sc="225,-28,207,-28,273,104,275,-28" /><INIT seed="2,3,0,3,0,69" ten="197,179,377,247" oya="2" hai0="58,105,74,43,81,31,123,29,39,97,18,36,5" hai1="98,49,25,107,8,99,11,6,42,111,72,21,41" hai2="47,60,104,19,53,89,120,22,34,90,0,54,59" hai3="3,106,33,26,82,30,79,57,131,121,75,73,102"/><V103/><F0/><W24/><G24/><T91/><D123/><U87/><E72/><V28/><F120/><W92/><G3/><T35/><D43/><U110/><E87/><V7/><F7/><W108/><G121/><T1/><D31/><U55/><E42/><V71/><F71/><W116/><G75/><T126/><D58/><U94/><E107/><V86/><F34/><W93/><G131/><T62/><D18/><U122/><E41/><V101/><F28/><W17/><G17/><T113/><D62/><U112/><E112/><V38/><F104/><W117/><G57/><T13/><D13/><U119/><E119/><N who="3" m="45642" /><G93/><T135/><D91/><U118/><E118/><V83/><F89/><W67/><G92/><T127/><D113/><U96/><E94/><V85/><F86/><W15/><G15/><T77/><D135/><U129/><E122/><V44/><F44/><W64/><G64/><T16/><D16/><N who="1" m="12455" /><E6/><V124/><F124/><N who="0" m="47658" /><D29/><U109/><E129/><V88/><F90/><W37/><G67/><T65/><D65/><U66/><E66/><V68/><F68/><W133/><G133/><T2/><D35/><U70/><E70/><V4/><F4/><W51/><G33/><T100/><D2/><U9/><E49/><V27/><F38/><W114/><G37/><T132/><D132/><U115/><E115/><V61/><F61/><W84/><G51/><AGARI ba="3,0" hai="19,22,27,47,51,53,54,59,60,83,85,88,101,103" machi="51" ten="40,3900,0" yaku="8,1,54,1" doraHai="69" who="2" fromWho="3" sc="197,0,179,0,377,48,247,-48" /><INIT seed="2,4,0,3,5,40" ten="197,179,425,199" oya="2" hai0="84,47,38,42,118,59,135,39,101,132,64,86,80" hai1="21,61,127,11,92,130,78,44,10,36,71,119,98" hai2="124,48,50,60,37,30,97,6,15,23,17,106,76" hai3="34,120,57,90,111,113,112,110,26,68,133,114,69"/><V102/><F37/><W54/><G90/><T5/><D118/><U108/><E119/><V91/><F124/><W63/><G34/><T1/><D101/><U33/><E33/><V8/><F76/><W43/><G26/><T67/><D5/><U75/><E75/><V105/><F105/><W100/><G100/><T65/><D1/><U4/><E78/><V13/><F30/><W93/><G93/><T24/><D24/><U29/><E11/><V87/><REACH who="2" step="1"/><F60/><REACH who="2" step="2"/><W72/><G72/><T117/><D117/><U49/><E36/><V95/><AGARI ba="4,1" hai="6,8,13,15,17,23,48,50,87,91,95,97,102,106" machi="95" ten="20,12000,1" yaku="1,1,2,1,0,1,7,1,53,1" doraHai="40" doraHaiUra="19" who="2" fromWho="2" sc="197,-44,179,-44,415,142,199,-44" /><INIT seed="2,5,0,2,3,108" ten="153,135,557,155" oya="2" hai0="73,95,41,103,29,2,92,17,66,79,31,27,132" hai1="77,65,46,121,76,128,78,68,99,47,69,131,88" hai2="3,135,105,97,4,129,91,104,125,16,50,38,54" hai3="51,44,109,53,81,117,124,49,107,102,62,60,26"/><V122/><F122/><W36/><G81/><T19/><D2/><U64/><E121/><V85/><F38/><W119/><G26/><T55/><D73/><U5/><E5/><V82/><F125/><W32/><G32/><T67/><D132/><U114/><E99/><V12/><F135/><W48/><G102/><T89/><D103/><U6/><E6/><V58/><F129/><N who="1" m="49737" /><E88/><V40/><F40/><N who="3" m="22535" /><G107/><T0/><D0/><U90/><E90/><V127/><F127/><W23/><G23/><T14/><D41/><U63/><E63/><N who="3" m="24106" /><G124/><T74/><D74/><U98/><E98/><V86/><F86/><W96/><G96/><T34/><D79/><U118/><E118/><N who="3" m="45066" /><G109/><T75/><D75/><U56/><E56/><AGARI ba="5,0" hai="48,49,51,53,56" m="45066,24106,22535" machi="56" ten="30,2000,0" yaku="34,2" doraHai="108" who="3" fromWho="1" sc="153,0,135,-35,557,0,155,35" /><INIT seed="3,0,0,1,1,44" ten="153,100,557,190" oya="3" hai0="52,101,42,107,85,125,43,6,58,116,19,12,135" hai1="64,130,128,124,62,104,113,41,9,95,69,36,50" hai2="92,66,83,16,110,59,13,0,37,89,4,40,120" hai3="65,74,133,129,61,93,2,54,86,77,115,91,100"/><W26/><G115/><T103/><D116/><U29/><E104/><V105/><F105/><W11/><G100/><N who="0" m="38475" /><D107/><U76/><E113/><V127/><F120/><W30/><G129/><N who="1" m="49770" /><E76/><V5/><F127/><W21/><G133/><T63/><D125/><U80/><E124/><V73/><F110/><W15/><G2/><T34/><D34/><U102/><E80/><V25/><F25/><W47/><G74/><T119/><D119/><U67/><E29/><V84/><F37/><W7/><G77/><T68/><D68/><U53/><E64/><V1/><F40/><W60/><REACH who="3" step="1"/><G65/><REACH who="3" step="2"/><T122/><D135/><U132/><E132/><V8/><F1/><W27/><G27/><T118/><D118/><U78/><E78/><V109/><F109/><W46/><G46/><T121/><D121/><U18/><E102/><V81/><F0/><W56/><G56/><T3/><D3/><U22/><E67/><V32/><F73/><W82/><G82/><T51/><D122/><U94/><E69/><V23/><F83/><W35/><G35/><T90/><D6/><U14/><E94/><V87/><F32/><W96/><G96/><T31/><D31/><U117/><E95/><V38/><F66/><W28/><G28/><T48/><D85/><U112/><E112/><V97/><F59/><W17/><G17/><T98/><D98/><U106/><E18/><V10/><F97/><W70/><G70/><T71/><D90/><U131/><E131/><V55/><F5/><W72/><G72/><T39/><D71/><U108/><E108/><V126/><F4/><W123/><G123/><RYUUKYOKU ba="0,1" sc="153,-10,100,-10,557,-10,180,30" hai3="7,11,15,21,26,30,47,54,60,61,86,91,93" /><INIT seed="3,1,1,5,5,67" ten="143,90,547,210" oya="3" hai0="101,57,28,18,105,26,125,21,29,0,83,79,77" hai1="122,50,75,71,134,23,38,69,70,92,25,17,135" hai2="81,87,45,133,58,130,53,51,124,54,123,55,6" hai3="31,97,95,98,41,43,56,44,115,93,78,102,126"/><W113/><G78/><T103/><D0/><U132/><E38/><V63/><F123/><W129/><G31/><T35/><D125/><U106/><E106/><V42/><F124/><W8/><G126/><T9/><D79/><U111/><E122/><V119/><F119/><W112/><G8/><T7/><D105/><U131/><E111/><V46/><F133/><W117/><G117/><T37/><D37/><U66/><E131/><V72/><F72/><W88/><G44/><T84/><D29/><U114/><E114/><V90/><F130/><W11/><G11/><T104/><D104/><U116/><E116/><V22/><F6/><W68/><G129/><T60/><D7/><U5/><E75/><V65/><F22/><W34/><G34/><T100/><D9/><U12/><E5/><V39/><AGARI ba="1,1" hai="39,42,45,46,51,53,54,55,58,63,65,81,87,90" machi="39" ten="20,1500,0" yaku="0,1,7,1" doraHai="67" who="2" fromWho="2" sc="143,-5,90,-5,547,28,210,-8" /><INIT seed="4,0,0,5,5,21" ten="138,85,575,202" oya="0" hai0="10,39,115,5,37,20,86,127,131,28,82,63,68" hai1="70,117,7,51,30,95,108,26,67,129,2,119,19" hai2="97,47,125,43,92,6,79,14,69,58,112,134,36" hai3="132,1,83,8,11,89,101,133,124,61,90,105,45"/><T46/><D127/><U16/><E70/><V15/><F125/><W121/><G124/><T128/><D115/><U54/><E67/><V34/><F34/><W98/><G61/><T50/><D20/><U87/><E87/><V0/><F112/><W3/><G45/><T56/><D28/><U65/><E65/><V25/><F69/><W78/><G121/><T52/><D68/><U126/><E126/><V104/><F104/><W35/><G35/><T116/><D116/><N who="1" m="44619" /><E95/><V9/><F134/><N who="3" m="51819" /><G11/><T60/><D39/><U85/><E85/><V100/><F79/><W44/><G44/><T73/><D73/><U113/><E54/><V72/><F72/><N who="3" m="43463" /><G8/><T17/><D17/><N who="1" m="6731" /><E51/><V55/><F25/><W77/><G77/><N who="0" m="46415" /><D37/><U53/><E53/><V123/><F123/><W40/><G40/><N who="0" m="24903" /><D60/><AGARI ba="0,0" hai="0,6,9,14,15,36,43,47,55,58,60,92,97,100" machi="60" ten="30,1000,0" yaku="7,1" doraHai="21" who="2" fromWho="0" sc="138,-10,85,0,575,10,202,0" /><INIT seed="5,0,0,2,0,74" ten="128,85,585,202" oya="1" hai0="38,111,72,65,58,93,104,36,92,25,121,134,48" hai1="125,67,115,113,32,6,69,116,108,0,102,60,70" hai2="61,56,96,33,90,130,43,63,87,29,107,119,101" hai3="103,31,50,19,3,35,64,117,83,5,49,37,133"/><U57/><E116/><V76/><F119/><W95/><G37/><T84/><D72/><U82/><E32/><V16/><F43/><W135/><G117/><T75/><D75/><U91/><E108/><V53/><F33/><W124/><G64/><T81/><D104/><U34/><E34/><V51/><F29/><W98/><G19/><T28/><D111/><U118/><E118/><V99/><F99/><W120/><G120/><T12/><D121/><U9/><E102/><V100/><F100/><W20/><G35/><T127/><D127/><U8/><E125/><V45/><F76/><W21/><G124/><T39/><D134/><N who="3" m="51209" /><G83/><T2/><D2/><U77/><E91/><V66/><F63/><W27/><G21/><T22/><D12/><U89/><E89/><V106/><F16/><W112/><G112/><N who="1" m="43082" /><E9/><AGARI ba="0,0" hai="3,5,9,20,27,31,49,50,95,98,103" m="51209" machi="9" ten="30,1000,0" yaku="20,1" doraHai="74" who="3" fromWho="1" sc="128,0,85,-10,585,0,202,10" /><INIT seed="6,0,0,1,5,8" ten="128,75,585,212" oya="2" hai0="128,100,133,67,83,123,41,6,43,59,102,21,86" hai1="90,40,73,77,31,0,37,109,101,116,99,113,62" hai2="84,33,24,110,121,76,60,19,54,20,4,14,108" hai3="69,12,81,3,23,36,57,52,45,129,106,80,104"/><V22/><F121/><W74/><G3/><T15/><D123/><U93/><E116/><V125/><F125/><W17/><G69/><T2/><D2/><U82/><E109/><N who="2" m="42091" /><F33/><W10/><G129/><T5/><D128/><U115/><E0/><V56/><F84/><W51/><G106/><T92/><D133/><U124/><E124/><V89/><F89/><W103/><G103/><N who="0" m="39467" /><D92/><U49/><E37/><V91/><F91/><W64/><G104/><T135/><D135/><U28/><E62/><V34/><F34/><W55/><G74/><T95/><D95/><U131/><E131/><V53/><F4/><N who="3" m="3143" /><G36/><T48/><D5/><U58/><E101/><V29/><F76/><W11/><G64/><AGARI ba="0,0" hai="14,19,20,22,24,29,53,54,56,60,64" m="42091" machi="64" ten="30,2900,0" yaku="10,1,52,1" doraHai="8" who="2" fromWho="3" sc="128,0,75,0,585,29,212,-29" /><INIT seed="6,1,0,4,2,56" ten="128,75,614,183" oya="2" hai0="0,38,76,52,23,6,33,110,9,87,31,29,96" hai1="22,40,1,25,115,133,11,123,120,116,15,105,73" hai2="55,118,64,90,12,43,51,18,111,50,26,119,121" hai3="10,45,2,4,79,37,125,84,21,8,67,78,13"/><V97/><F121/><N who="1" m="46665" /><E105/><V80/><F111/><W59/><G21/><T70/><D38/><U60/><E73/><V128/><F128/><W54/><G67/><T81/><D33/><U68/><E40/><V93/><F26/><W101/><G101/><T104/><D110/><U30/><E116/><V49/><F43/><W28/><G28/><T20/><D29/><U72/><E72/><V48/><F64/><W130/><G130/><T17/><D31/><U83/><E83/><V57/><REACH who="2" step="1"/><F80/><REACH who="2" step="2"/><W129/><G129/><T35/><D81/><U91/><E133/><V71/><F71/><W36/><G36/><T16/><D70/><U108/><E108/><V66/><F66/><W86/><G37/><T27/><D27/><U124/><E68/><V3/><F3/><W131/><G2/><T32/><D0/><U14/><E124/><V82/><F82/><W62/><G125/><T19/><D35/><U61/><E115/><V41/><F41/><W69/><G131/><T95/><D32/><U39/><E39/><V24/><F24/><W77/><G69/><T135/><D135/><U102/><E102/><V92/><F92/><W113/><G113/><T88/><D104/><U74/><E74/><V126/><F126/><W46/><G78/><T117/><D117/><U100/><E100/><V134/><F134/><W127/><G77/><T42/><D42/><U114/><E114/><V34/><F34/><W5/><G79/><T107/><D107/><U106/><E106/><V75/><F75/><W85/><G127/><T58/><D76/><U44/><E1/><V132/><F132/><RYUUKYOKU ba="1,1" sc="128,-15,75,-15,604,15,183,15" hai2="12,18,48,49,50,51,55,57,90,93,97,118,119" hai3="4,5,8,10,13,45,46,54,59,62,84,85,86" /><INIT seed="6,2,1,1,3,47" ten="113,60,619,198" oya="2" hai0="125,130,13,98,120,7,110,27,61,34,103,84,8" hai1="21,26,107,45,19,118,97,72,6,86,36,83,108" hai2="90,14,38,3,15,99,66,2,37,124,20,43,76" hai3="4,134,85,35,64,102,24,28,65,10,12,104,32"/><V53/><F3/><W49/><G35/><T30/><D110/><U33/><E108/><V74/><F2/><W121/><G121/><T114/><D120/><U58/><E118/><V31/><F66/><W51/><G134/><T116/><D116/><U105/><E72/><V52/><F124/><W77/><G65/><T68/><D125/><U0/><E33/><V41/><F74/><W46/><G46/><T39/><D39/><U11/><E97/><V112/><F76/><W92/><G64/><N who="0" m="40975" /><D84/><U81/><E83/><V62/><F62/><W63/><G63/><T131/><D114/><U75/><E58/><V25/><F112/><W78/><G78/><T56/><D56/><U127/><E127/><V40/><F38/><W16/><G4/><T91/><D91/><U93/><E93/><N who="2" m="56759" /><F37/><W133/><G104/><T70/><D70/><U48/><E75/><V82/><F82/><W96/><G133/><T44/><D44/><U111/><E36/><V5/><F5/><W29/><G28/><T18/><D18/><U69/><E69/><V23/><F23/><W117/><G117/><T80/><D80/><U95/><E95/><V1/><F1/><W135/><G135/><T119/><D119/><U59/><E59/><V9/><F9/><W115/><G115/><T89/><D89/><U94/><E94/><V126/><F126/><W87/><G77/><T17/><D7/><U100/><E100/><V71/><F71/><W122/><G122/><T106/><AGARI ba="2,1" hai="8,13,17,27,30,34,98,103,106,130,131" m="40975" machi="106" ten="30,1100,0" yaku="25,1" doraHai="47" who="0" fromWho="0" sc="113,27,60,-5,619,-7,198,-5" /><INIT seed="7,0,0,2,5,64" ten="140,55,612,193" oya="3" hai0="105,27,45,38,20,113,48,55,115,133,3,93,111" hai1="66,83,46,5,31,80,102,30,60,2,13,130,59" hai2="18,22,71,19,124,92,51,126,34,98,104,68,75" hai3="43,56,21,70,53,47,135,89,72,108,81,127,122"/><W117/><G122/><T116/><D105/><U0/><E130/><V134/><F75/><W86/><G117/><T44/><D3/><U91/><E2/><V100/><F34/><W79/><G135/><T97/><D116/><U62/><E0/><V7/><F7/><W78/><G70/><T12/><D12/><U82/><E102/><V54/><F104/><W1/><G1/><T125/><D111/><U42/><E62/><V94/><F94/><W49/><G108/><T40/><D133/><U67/><E66/><V63/><F63/><W11/><G11/><T110/><D110/><U128/><E128/><V101/><F101/><W57/><G127/><N who="2" m="48681" /><F19/><W28/><G72/><T6/><D6/><U96/><E5/><V107/><F107/><W69/><G69/><T77/><D77/><U88/><E13/><N who="2" m="9551" /><F134/><W114/><G114/><T35/><D35/><U8/><E8/><V123/><F123/><W32/><G32/><T26/><D125/><U50/><REACH who="1" step="1"/><E96/><REACH who="1" step="2"/><V90/><F100/><W132/><G132/><T41/><D97/><U95/><E95/><V39/><F39/><W106/><G81/><T85/><D93/><U131/><E131/><V24/><F71/><W121/><G121/><T129/><D129/><U65/><E65/><V15/><F68/><W99/><G99/><T9/><D9/><U103/><E103/><V87/><F98/><W16/><G106/><T76/><D113/><U73/><E73/><V37/><F15/><W29/><G89/><AGARI ba="0,1" hai="30,31,42,46,50,59,60,67,80,82,83,88,89,91" machi="89" ten="40,5200,0" yaku="1,1,8,1,54,1,53,0" doraHai="64" doraHaiUra="119" who="1" fromWho="3" sc="140,0,45,62,612,0,193,-52" owari="140,-26,107,-39,612,71,141,-6" /></mjloggm>