<mjloggm ver="2.3"><GO type="41"/><UN n0="%44%61%79%27%73" n1="%E3%82%A6%E3%83%AB%E3%83%88%E3%83%A9%E7%AB%8B%E7%9B%B4" n2="%41%75%72%69" n3="%E5%90%8D%E4%BA%BA%E6%9C%AC%E5%9B%A0%E5%9D%8A" dan="15,13,13,14" rate="1980,1849,1878,1887" sx="M,M,M,M"/><TAIKYOKU oya="0"/><INIT seed="0,0,0,1,0,97" ten="250,250,250,250" oya="0" hai0="101,87,91,92,122,95,21,76,47,127,64,67,20" hai1="54,134,103,8,30,22,75,78,109,77,124,36,74" hai2="133,12,17,1,130,99,40,56,118,33,81,61,62" hai3="100,5,48,37,15,31,18,117,58,80,19,89,128"/><T94/><D127/><U65/><E36/><V70/><F1/><W102/><G37/><T71/><D122/><U45/><E65/><N who="0" m="25161" /><D71/><U34/><E34/><V125/><F125/><W27/><G117/><T126/><D126/><U119/><E54/><V113/><F113/><W44/><G58/><T2/><D2/><U107/><E45/><V60/><F33/><W106/><G106/><T0/><D0/><U96/><E22/><N who="0" m="8809" /><D76/><U43/><E8/><V49/><F70/><W59/><G59/><T132/><D132/><U72/><E43/><V120/><F133/><W73/><G73/><T79/><D79/><N who="1" m="30219" /><E30/><V32/><F32/><W110/><G31/><T85/><D47/><U82/><E124/><V53/><F40/><N who="3" m="24583" /><G27/><T105/><D105/><U4/><E4/><V25/><F25/><W42/><G42/><T83/><D87/><U9/><E9/><V112/><F120/><W14/><G5/><T50/><D50/><U135/><E119/><V108/><F112/><W55/><G55/><T111/><D111/><U93/><E109/><V69/><F49/><W35/><G110/><T52/><D52/><U129/><E107/><V29/><F69/><W86/><G35/><T11/><D11/><U98/><E135/><V104/><F108/><W121/><G121/><T63/><D63/><U24/><E134/><V57/><F118/><W46/><G46/><T6/><D6/><U66/><E74/><V23/><F29/><W115/><G115/><T38/><D38/><U114/><E72/><V16/><F53/><W26/><G26/><T116/><D116/><U41/><E75/><RYUUKYOKU ba="0,0" sc="250,30,250,-10,250,-10,250,-10" hai0="83,85,91,92,94,95,101" /><INIT seed="0,1,0,0,0,40" ten="280,240,240,240" oya="0" hai0="121,29,6,123,28,72,93,51,42,106,116,5,2" hai1="9,61,25,11,22,17,126,77,23,18,87,134,27" hai2="63,36,12,33,55,80,132,78,50,108,125,107,52" hai3="135,91,67,102,7,81,129,34,32,69,37,65,66"/><T64/><D106/><U54/><E126/><V109/><F107/><W75/><G135/><T14/><D72/><U39/><E39/><V85/><F125/><W15/><G37/><T95/><D64/><U131/><E131/><V99/><F132/><W76/><G129/><T133/><D51/><U88/><E77/><V35/><F36/><W49/><G69/><T60/><D42/><U100/><E100/><V114/><F99/><W117/><G117/><T79/><D60/><U98/><E134/><V3/><F3/><W10/><G102/><T46/><D133/><U111/><E111/><N who="2" m="42571" /><F12/><W94/><REACH who="3" step="1"/><G49/><REACH who="3" step="2"/><T1/><D116/><U19/><E98/><AGARI ba="1,1" hai="7,10,15,32,34,65,66,67,75,76,81,91,94,98" machi="98" ten="40,5200,0" yaku="1,1,2,1,53,1" doraHai="40" doraHaiUra="73" who="3" fromWho="1" sc="280,0,240,-55,240,0,230,65" /><INIT seed="1,0,0,4,4,90" ten="280,185,240,295" oya="1" hai0="5,107,38,42,116,114,86,37,91,34,132,103,98" hai1="13,3,128,31,55,72,6,131,105,16,76,17,40" hai2="4,109,57,39,61,44,122,26,118,111,84,2,58" hai3="104,112,82,81,78,68,119,29,120,30,74,63,135"/><U83/><E55/><V92/><F122/><W28/><G112/><T101/><D114/><U106/><E40/><V54/><F118/><W49/><G119/><T25/><D116/><U115/><E31/><V134/><F134/><W47/><G135/><T0/><D132/><U127/><E115/><V97/><F84/><W125/><G120/><T85/><D42/><U56/><E56/><V23/><F4/><W43/><G104/><T21/><D34/><U27/><E27/><V64/><F2/><W94/><G125/><T33/><D33/><U73/><E127/><V53/><F57/><W70/><G82/><T93/><D101/><U66/><E66/><V1/><F1/><W100/><REACH who="3" step="1"/><G63/><REACH who="3" step="2"/><T19/><REACH who="0" step="1"/><D85/><REACH who="0" step="2"/><U20/><E72/><V24/><F61/><W121/><G121/><T18/><D18/><U35/><E17/><V65/><F39/><W117/><G117/><T60/><D60/><U133/><E133/><V15/><F109/><W95/><G95/><T87/><D87/><U52/><E35/><V108/><F92/><W14/><G14/><T46/><D46/><U10/><E105/><V41/><F15/><W79/><G79/><T48/><D48/><U32/><E106/><V123/><F111/><W99/><AGARI ba="0,2" hai="28,29,30,43,47,49,68,70,74,78,81,94,99,100" machi="99" ten="30,4000,0" yaku="1,1,0,1,52,1,53,0" doraHai="90" doraHaiUra="80" who="3" fromWho="3" sc="270,-10,185,-20,240,-10,285,60" /><INIT seed="2,0,0,1,0,126" ten="260,165,230,345" oya="2" hai0="32,79,35,24,65,85,21,80,28,74,43,33,125" hai1="59,37,91,42,51,41,93,106,18,116,64,103,114" hai2="101,15,25,100,11,61,31,53,134,78,115,127,113" hai3="81,54,63,84,5,70,16,57,50,68,105,1,14"/><V10/><F127/><W117/><G105/><T97/><D125/><U130/><E103/><V83/><F134/><W52/><G117/><T55/><D43/><U120/><E106/><V47/><F115/><W131/><G131/><T133/><D65/><U22/><E114/><V95/><F113/><W34/><G34/><T58/><D133/><U121/><E116/><V118/><F118/><W94/><G94/><T60/><REACH who="0" step="1"/><D97/><REACH who="0" step="2"/><U3/><E64/><V107/><F107/><W98/><G98/><T109/><D109/><U110/><E110/><V102/><F101/><W27/><G1/><T123/><D123/><N who="1" m="47179" /><E3/><V19/><F102/><W108/><G108/><T132/><D132/><U72/><E42/><V8/><F100/><W46/><G5/><T88/><D88/><U38/><E41/><V7/><F7/><W71/><G71/><T99/><D99/><U87/><E38/><V104/><F104/><W9/><G27/><T77/><D77/><AGARI ba="0,1" hai="9,14,16,46,50,52,54,57,63,68,70,77,81,84" machi="77" ten="30,3900,0" yaku="7,1,54,2" doraHai="126" who="3" fromWho="0" sc="250,-39,165,0,230,0,345,49" /><INIT seed="3,0,0,3,0,80" ten="211,165,230,394" oya="3" hai0="110,96,17,60,29,4,89,52,90,53,8,86,9" hai1="23,135,123,13,22,3,79,76,101,111,6,12,58" hai2="28,56,113,45,93,116,15,117,77,83,81,92,114" hai3="69,105,30,71,70,99,32,40,39,95,103,37,48"/><W26/><REACH who="3" step="1"/><G95/><REACH who="3" step="2"/><T74/><D110/><U124/><E111/><V128/><F93/><W42/><G42/><T55/><D74/><U38/><E123/><V106/><F92/><W11/><G11/><T20/><D96/><U21/><E101/><V68/><F114/><W109/><G109/><T107/><D107/><U7/><E3/><V51/><F106/><W50/><G50/><T0/><D60/><U126/><E38/><V98/><F51/><W134/><G134/><T27/><D8/><U132/><E76/><V119/><F98/><W31/><G31/><T112/><D112/><U91/><E79/><V127/><F28/><W129/><G129/><T36/><D36/><U2/><E2/><V14/><F128/><W18/><G18/><T24/><D29/><U94/><E94/><V122/><F77/><W125/><G125/><N who="1" m="48234" /><E91/><V10/><F127/><W34/><G34/><T54/><D90/><U46/><E46/><AGARI ba="0,1" hai="26,30,32,37,39,40,46,48,69,70,71,99,103,105" machi="46" ten="40,3900,0" yaku="21,2,53,0" doraHai="80" doraHaiUra="59" who="3" fromWho="1" sc="211,0,165,-39,230,0,384,49" /><INIT seed="3,1,0,4,1,98" ten="211,126,230,433" oya="3" hai0="76,52,14,103,17,4,125,50,110,96,129,60,80" hai1="56,11,79,28,25,53,86,22,74,97,120,67,23" hai2="26,71,15,112,123,131,106,43,61,92,8,63,33" hai3="77,88,95,59,73,113,114,38,122,42,37,24,39"/><W134/><G122/><T82/><D110/><U94/><E74/><V30/><F112/><W118/><G118/><T16/><D60/><U78/><E120/><V70/><F123/><W99/><G134/><T126/><D129/><U21/><E67/><V9/><F43/><W48/><G24/><T18/><D4/><U34/><E11/><V32/><F131/><W66/><G66/><T132/><D14/><U46/><E46/><V55/><F106/><W104/><G104/><N who="0" m="63591" /><D132/><U19/><E86/><V47/><F92/><W101/><G73/><T10/><D10/><U109/><E109/><V20/><F47/><W68/><G68/><T107/><D76/><U83/><E83/><V108/><F108/><W117/><G117/><T2/><D2/><U135/><E135/><V54/><F15/><W69/><G69/><T89/><D89/><U57/><E57/><V64/><F20/><W27/><G77/><T90/><D90/><U75/><E75/><V0/><F0/><W12/><G12/><T7/><D7/><U5/><E5/><V124/><F64/><W65/><G27/><T105/><D105/><U121/><E121/><V116/><F26/><W29/><G29/><T84/><D84/><U127/><E19/><N who="0" m="4865" /><T40/><DORA hai="115" /><D40/><U72/><E72/><V93/><F116/><W130/><G130/><T81/><D107/><U119/><E119/><V133/><F133/><W1/><G1/><T13/><D13/><U36/><E79/><V35/><F33/><W41/><G65/><T62/><D62/><N who="1" m="36111" /><E78/><V6/><F6/><W91/><G114/><T102/><D50/><RYUUKYOKU ba="1,0" sc="211,0,126,0,230,0,433,0" /><INIT seed="4,2,0,1,0,76" ten="211,126,230,433" oya="0" hai0="33,79,43,74,123,26,48,118,127,24,62,107,59" hai1="128,125,41,12,34,9,68,36,133,52,95,113,37" hai2="4,91,13,30,22,65,80,116,29,56,110,1,10" hai3="46,70,114,27,19,106,58,132,44,108,120,85,83"/><T111/><D118/><U28/><E68/><V115/><F110/><W101/><G70/><T67/><D123/><U57/><E113/><V126/><F126/><W60/><G108/><T47/><D111/><U53/><E125/><V100/><F100/><W11/><G114/><T61/><D127/><U87/><E128/><V5/><F115/><W99/><G120/><T72/><D107/><U0/><E0/><V38/><F38/><W102/><G102/><T8/><D33/><U112/><E112/><V31/><F116/><W25/><G25/><T51/><D61/><U90/><E133/><V66/><F56/><W6/><G132/><T73/><D79/><U117/><E117/><V131/><F131/><W94/><G106/><T21/><D8/><U15/><E15/><V86/><F5/><W3/><G19/><T54/><REACH who="0" step="1"/><D21/><REACH who="0" step="2"/><U135/><E135/><V35/><F35/><W105/><G105/><T63/><D63/><U42/><E34/><V134/><F134/><W129/><G129/><T119/><D119/><U40/><E28/><N who="2" m="10859" /><F1/><W78/><G27/><AGARI ba="2,1" hai="4,10,13,22,27,31,65,66,80,86,91" m="10859" machi="27" ten="30,2000,0" yaku="8,1,52,1" doraHai="76" who="2" fromWho="3" sc="201,0,126,0,230,36,433,-26" /><INIT seed="5,0,0,1,2,134" ten="201,126,266,407" oya="1" hai0="121,64,56,108,6,27,117,114,35,133,24,14,12" hai1="53,42,58,87,5,89,98,0,68,66,122,1,3" hai2="39,112,126,123,78,119,135,43,81,46,104,79,118" hai3="84,116,69,18,33,110,36,9,32,37,129,20,105"/><U61/><E122/><V21/><F123/><W19/><G105/><T130/><D56/><U95/><E42/><V107/><F135/><W47/><G69/><T101/><D64/><U77/><E5/><V34/><F21/><W45/><G110/><T13/><D101/><U131/><E131/><V113/><F79/><W76/><G129/><T38/><D38/><U30/><E30/><V28/><F126/><W115/><G9/><N who="0" m="4151" /><D130/><U50/><E77/><V40/><F40/><W26/><G116/><N who="2" m="44585" /><F81/><W63/><G63/><T22/><D117/><U109/><E109/><V8/><F8/><W11/><G84/><T59/><D59/><U51/><REACH who="1" step="1"/><E50/><REACH who="1" step="2"/><V82/><F28/><W7/><G76/><T65/><D133/><U93/><E93/><V49/><F49/><W67/><G36/><T132/><D132/><U91/><E91/><V80/><F34/><W52/><G37/><T88/><D108/><U44/><E44/><V10/><F82/><W75/><G47/><T125/><D35/><U103/><E103/><V31/><F31/><W120/><G45/><T94/><D94/><U102/><E102/><V70/><F80/><W17/><G7/><T60/><D88/><U85/><AGARI ba="0,1" hai="0,1,3,51,53,58,61,66,68,85,87,89,95,98" machi="85" ten="40,3900,0" yaku="1,1,0,1,53,0" doraHai="134" doraHaiUra="15" who="1" fromWho="1" sc="201,-13,116,49,266,-13,407,-13" /><INIT seed="5,1,0,3,3,30" ten="188,165,253,394" oya="1" hai0="32,105,85,125,90,15,95,116,24,84,26,54,99" hai1="104,9,49,43,94,102,83,113,63,17,2,48,114" hai2="110,6,38,120,28,19,5,131,126,20,73,18,133" hai3="108,111,122,91,67,100,4,59,81,71,92,64,76"/><U55/><E104/><V31/><F73/><W45/><G122/><T70/><D116/><U51/><E43/><V93/><F38/><W118/><G118/><T14/><D70/><U128/><E128/><V68/><F93/><W80/><G71/><T86/><D105/><U130/><E130/><V56/><F56/><W39/><G4/><N who="2" m="1641" /><F68/><W107/><G107/><T65/><D65/><U132/><E2/><V52/><F52/><W7/><G7/><T57/><D125/><U87/><E132/><V34/><F131/><W50/><G39/><T82/><D82/><U37/><E37/><V112/><F110/><W10/><G111/><T41/><D41/><U96/><E63/><V69/><F69/><W22/><G67/><T0/><D0/><U58/><E58/><V23/><F133/><W12/><G64/><T88/><D90/><U29/><E55/><V101/><F101/><W61/><G59/><T8/><D32/><U121/><E121/><V109/><F109/><W11/><G108/><T134/><D134/><U44/><E44/><V119/><F120/><W117/><G61/><N who="0" m="36023" /><D8/><U62/><E62/><V66/><F66/><W97/><G117/><T33/><D33/><U25/><E29/><N who="2" m="11339" /><F119/><W72/><G100/><T1/><D99/><U21/><REACH who="1" step="1"/><E9/><REACH who="1" step="2"/><V124/><F34/><W79/><G10/><T42/><D42/><U127/><E127/><N who="2" m="48683" /><F112/><W47/><G11/><T135/><D135/><U98/><E98/><V78/><F78/><AGARI ba="1,1" hai="17,21,25,48,49,51,78,83,87,94,96,102,113,114" machi="78" ten="40,2000,0" yaku="1,1,53,0" doraHai="30" doraHaiUra="106" who="1" fromWho="2" sc="188,0,155,33,253,-23,394,0" /><INIT seed="5,2,0,0,0,8" ten="188,188,230,394" oya="1" hai0="132,69,54,89,36,47,48,90,35,58,13,68,108" hai1="115,66,49,40,55,104,87,43,134,109,117,60,41" hai2="91,70,79,61,32,52,16,100,125,110,7,113,116" hai3="57,9,78,27,44,6,23,18,92,53,80,127,119"/><U120/><E104/><V38/><F116/><W102/><G119/><T56/><D35/><U11/><E117/><V15/><F110/><W1/><G44/><T29/><D29/><U73/><E73/><V45/><F32/><W82/><G78/><T121/><D108/><U5/><E109/><V81/><F100/><W64/><G64/><T96/><D121/><U28/><E28/><V3/><F91/><W34/><G34/><T24/><D24/><U51/><E120/><V86/><F125/><W17/><G127/><T99/><D132/><U22/><E22/><V2/><F113/><W85/><G17/><T20/><D36/><U65/><E134/><V63/><F7/><W42/><G42/><T118/><D118/><U107/><E107/><V50/><F38/><W129/><G129/><T19/><D69/><U72/><E72/><V77/><F77/><W4/><G4/><T135/><D68/><U62/><E87/><V103/><F103/><W71/><G71/><T31/><D31/><U124/><E124/><V67/><F63/><N who="1" m="24105" /><E115/><V131/><F131/><W130/><G130/><T111/><D111/><U97/><E97/><N who="0" m="37449" /><D135/><U33/><E33/><V83/><F83/><W101/><G80/><T37/><D37/><U46/><E11/><AGARI ba="2,0" hai="2,3,11,15,16,45,50,52,61,67,70,79,81,86" machi="11" ten="30,7700,0" yaku="7,1,52,1,54,2" doraHai="8" who="2" fromWho="1" sc="188,0,188,-83,230,83,394,0" /><INIT seed="6,0,0,5,1,82" ten="188,105,313,394" oya="2" hai0="46,113,89,33,18,49,95,20,129,48,134,120,23" hai1="21,31,16,109,60,103,24,43,130,84,67,32,69" hai2="35,47,71,110,108,91,93,29,25,11,14,85,112" hai3="41,107,96,57,106,8,123,119,19,131,55,66,36"/><V54/><F71/><W77/><G123/><T30/><D120/><U34/><E109/><N who="2" m="42091" /><F112/><W27/><G66/><T63/><D113/><U115/><E115/><V105/><F105/><W51/><G119/><T68/><D33/><U117/><E117/><V50/><F14/><W17/><G131/><T15/><D129/><U38/><E130/><V6/><F11/><W102/><G107/><T28/><D134/><U86/><E34/><V59/><F6/><W40/><G36/><T100/><D100/><U99/><E43/><V39/><F39/><W116/><G116/><T133/><D133/><U114/><E38/><V127/><F127/><W128/><G128/><T80/><D80/><U44/><E44/><AGARI ba="0,0" hai="25,29,35,44,47,50,54,59,85,91,93" m="42091" machi="44" ten="30,2900,0" yaku="10,1,52,1" doraHai="82" who="2" fromWho="1" sc="188,0,105,-29,313,29,394,0" /><INIT seed="6,1,0,3,5,19" ten="188,76,342,394" oya="2" hai0="50,53,122,114,76,46,51,70,80,38,21,93,13" hai1="32,10,117,33,129,44,42,101,99,88,48,107,106" hai2="75,127,9,94,15,104,61,130,132,35,96,85,1" hai3="59,16,90,23,74,62,49,24,65,79,55,31,27"/><V83/><F35/><W67/><G90/><T77/><D122/><U98/><E117/><V12/><F130/><W116/><G116/><T112/><D38/><U36/><E129/><V134/><F127/><W30/><G74/><T56/><D70/><U97/><E97/><V5/><F61/><W18/><G79/><T8/><D93/><U37/><E37/><V11/><F104/><W52/><G55/><T113/><D80/><U63/><E63/><V4/><F75/><W109/><G109/><T17/><REACH who="0" step="1"/><D8/><REACH who="0" step="2"/><U108/><E108/><V105/><F105/><W7/><G7/><T6/><D6/><U57/><E10/><V125/><F125/><W73/><G73/><T84/><D84/><U26/><E106/><V131/><F131/><W58/><G67/><T14/><D14/><U40/><E26/><V71/><F71/><W39/><G39/><T89/><D89/><U28/><E88/><N who="2" m="55367" /><F85/><W111/><G111/><T110/><D110/><U119/><E98/><V103/><F83/><W102/><G102/><T133/><D133/><N who="2" m="51306" /><F103/><W25/><G25/><T91/><D91/><U66/><E119/><V78/><F78/><W121/><G121/><T72/><D72/><U60/><E36/><V68/><F68/><W22/><AGARI ba="1,1" hai="16,18,22,23,24,27,30,31,49,52,58,59,62,65" machi="22" ten="20,16000,3" yaku="0,1,7,1,9,1,8,1,52,2,54,2" doraHai="19" who="3" fromWho="3" sc="178,-41,76,-41,342,-81,394,173" /><INIT seed="7,0,0,2,4,122" ten="137,35,261,567" oya="3" hai0="3,96,30,107,78,117,65,51,0,123,113,70,73" hai1="36,50,98,40,134,42,35,44,60,76,34,104,58" hai2="59,92,125,57,95,83,43,71,80,18,19,119,27" hai3="22,45,108,102,91,66,121,133,4,38,14,56,69"/><W20/><G121/><T124/><D51/><N who="1" m="27015" /><E76/><V12/><F119/><W114/><G69/><T87/><D87/><U74/><E98/><V67/><F71/><W105/><G91/><T48/><D30/><U8/><E104/><V7/><F43/><W64/><G56/><N who="2" m="21577" /><F125/><W103/><G66/><T72/><D124/><U5/><E8/><N who="2" m="4127" /><F67/><W37/><G64/><T90/><D123/><U28/><E5/><V16/><F27/><W132/><G4/><T62/><D78/><U47/><E28/><V23/><F23/><W84/><G38/><T118/><D90/><U101/><E34/><V93/><AGARI ba="0,0" hai="16,18,19,80,83,92,93,95" m="4127,21577" machi="93" ten="40,2700,0" yaku="8,1,54,1" doraHai="122" who="2" fromWho="2" sc="137,-7,35,-7,261,27,567,-13" owari="130,-27,28,-47,288,9,554,65" /></mjloggm>