<mjloggm ver="2.3"><GO type="193"/><UN n0="%E3%81%A6%E3%82%93%E3%81%A8%E3%81%86%E3%82%80%E3%81%97" n1="%E3%82%A6%E3%83%AB%E3%83%88%E3%83%A9%E7%AB%8B%E7%9B%B4" n2="%6D%61%68%6F%6B%69%74%69" n3="%74%6B%74" dan="13,12,10,11" rate="1823,1865,1470,1597" sx="M,M,M,M"/><TAIKYOKU oya="0"/><INIT seed="0,0,0,5,1,43" ten="250,250,250,250" oya="0" hai0="117,26,25,89,98,17,18,63,130,79,54,109,73" hai1="3,78,37,135,119,15,48,81,19,55,59,103,57" hai2="128,113,107,32,36,84,77,20,60,70,2,68,115" hai3="35,8,65,129,34,133,29,10,31,132,74,91,56" shuffle="mt19937ar,90F0BE4A,C8EB3079,7C784DC1,6D31C3BB,19AFD3A7,CD251733,25D1EEC2,1E4F2E4B"/><T27/><D117/><U127/><E37/><V61/><F107/><W7/><G74/><T69/><D130/><U105/><E3/><V51/><F32/><W50/><G65/><T30/><D73/><U67/><E119/><V23/><F2/><W108/><G91/><T52/><D79/><U114/><E114/><V53/><F36/><W40/><G56/><T24/><D109/><U41/><E41/><V64/><F128/><W93/><G129/><T99/><D69/><U71/><E71/><V44/><F113/><W47/><G108/><T123/><D123/><U104/><E127/><V131/><F131/><W100/><G10/><T9/><D9/><U102/><E135/><N who="3" m="51786" /><G31/><T120/><D120/><U134/><E134/><V92/><F115/><W83/><G83/><T13/><D13/><U87/><E104/><V96/><F84/><W111/><G29/><T72/><D72/><U42/><E42/><V124/><F77/><W80/><G80/><T121/><D121/><U118/><E118/><V1/><F1/><W125/><G125/><T90/><N who="0" m="6656" /><DORA hai="46" /><T106/><D106/><U101/><E105/><V82/><F124/><W0/><G111/><T116/><D116/><U38/><E38/><V12/><F82/><W85/><G85/><T5/><D5/><U33/><E33/><V45/><F12/><W49/><G49/><T88/><D30/><U66/><REACH who="1" step="1"/><E59/><REACH who="1" step="2"/><V11/><F68/><W110/><G110/><T126/><D126/><U95/><E95/><V22/><F70/><W76/><G76/><T97/><D63/><U6/><E6/><V122/><F61/><RYUUKYOKU ba="0,1" sc="250,10,240,10,250,-30,250,10" hai0="17,18,52,54,88,89,90,97,98,99" hai1="15,19,48,55,57,66,67,78,81,87,101,102,103" hai3="0,7,8,34,35,40,47,50,93,100" /><INIT seed="0,1,1,0,5,91" ten="260,250,220,260" oya="0" hai0="100,101,94,126,109,39,79,66,118,77,37,89,33" hai1="121,44,119,80,85,48,24,131,88,29,5,12,124" hai2="112,110,16,108,76,96,51,0,75,114,92,55,13" hai3="65,82,15,133,56,123,129,99,67,42,20,115,32" shuffle="mt19937ar,EA3177A3,4C4AF722,224116C1,BA397D16,24FBAF91,45BECD65,2D9EB20B,56E8DE2F"/><T34/><D118/><U38/><E38/><V46/><F0/><W68/><G32/><T122/><D122/><U40/><E121/><V54/><F75/><W27/><G115/><T62/><D126/><U78/><E124/><V104/><F104/><W43/><G123/><T7/><D7/><U63/><E119/><V116/><F116/><W73/><G68/><T134/><D134/><U97/><E131/><V41/><F76/><W72/><G15/><T3/><D3/><U60/><E78/><V6/><F6/><W36/><G36/><T90/><D66/><U87/><E97/><V74/><F74/><W81/><G133/><T47/><D47/><U4/><E85/><V106/><F106/><W71/><G71/><T102/><D62/><U45/><E45/><V120/><F120/><W57/><G99/><T105/><D101/><U135/><E135/><V127/><F127/><W10/><G20/><T9/><D105/><U30/><E5/><V64/><F114/><W93/><G10/><T98/><D98/><U52/><E24/><V117/><F112/><W11/><G11/><T50/><D9/><N who="1" m="4135" /><E60/><V86/><F117/><W26/><G129/><T14/><D14/><U95/><E95/><AGARI ba="1,1" hai="26,27,42,43,56,57,65,67,72,73,81,82,93,95" machi="95" ten="25,6400,0" yaku="22,2,52,2" doraHai="91" who="3" fromWho="1" sc="260,0,250,-67,220,0,260,77" /><INIT seed="1,0,0,5,5,106" ten="260,183,220,337" oya="1" hai0="131,21,4,101,92,37,40,128,48,6,45,97,27" hai1="15,41,93,20,62,50,13,111,22,1,25,30,115" hai2="5,63,117,113,65,98,17,133,51,54,135,71,72" hai3="38,124,90,28,67,43,26,81,104,119,87,9,123" shuffle="mt19937ar,0BC874D7,A677DEB0,6A4EA19A,E38E3C23,DF8FD8B6,4746FE5C,E4060638,B221B2C8"/><U33/><BYE who="2" /><E1/><V95/><F95/><W132/><G104/><T56/><D37/><U31/><E115/><V53/><F53/><W83/><G123/><T82/><D82/><U99/><E111/><V120/><F120/><W105/><G105/><T61/><D128/><U68/><E68/><V70/><F70/><W116/><G67/><T23/><D131/><U86/><E62/><V126/><F126/><W59/><G59/><T118/><D118/><N who="3" m="45097" /><G9/><T44/><D44/><U18/><E86/><V80/><F80/><W46/><G124/><T88/><D101/><U75/><E75/><V89/><F89/><W107/><G107/><T85/><D85/><U47/><E33/><V114/><F114/><W77/><G132/><T2/><D2/><U57/><E57/><V66/><F66/><W109/><G109/><T102/><D102/><U32/><E32/><V96/><F96/><W39/><G39/><T64/><REACH who="0" step="1"/><D23/><REACH who="0" step="2"/><U100/><REACH who="1" step="1"/><E15/><REACH who="1" step="2"/><V121/><F121/><W36/><G36/><T91/><D91/><U110/><E110/><V49/><F49/><W7/><G90/><T0/><D0/><U127/><E127/><V74/><F74/><W24/><G87/><T78/><D78/><U84/><E84/><V76/><F76/><W12/><G77/><T69/><D69/><U11/><E11/><V42/><F42/><W19/><G43/><T73/><D73/><U58/><E58/><V134/><F134/><W55/><G12/><T130/><D130/><U103/><E103/><V125/><F125/><W108/><G108/><T52/><D52/><U8/><E8/><RYUUKYOKU ba="0,2" sc="250,15,173,15,220,-15,337,-15" hai0="4,6,21,27,40,45,48,56,61,64,88,92,97" hai1="13,18,20,22,25,30,31,41,47,50,93,99,100" /><INIT seed="1,1,2,4,5,29" ten="265,188,205,322" oya="1" hai0="24,98,106,3,89,35,83,84,1,116,63,58,55" hai1="57,18,64,75,135,126,0,42,52,120,31,20,32" hai2="21,4,74,132,124,59,108,97,79,65,82,76,128" hai3="93,9,7,88,68,34,49,102,94,111,12,103,14" shuffle="mt19937ar,C3497E2F,A99C86C3,3D519FAE,9939E0A2,479E497D,DC597D22,1FA2D9D5,837C3AC4"/><U133/><E0/><V99/><F99/><W44/><G68/><T86/><D116/><U16/><E75/><V70/><F70/><W125/><G125/><T134/><D134/><N who="1" m="51211" /><E120/><V122/><F122/><W28/><G111/><T77/><D106/><U39/><E64/><V54/><F54/><W119/><G119/><T121/><D121/><U130/><E126/><V69/><F69/><W30/><G14/><T13/><D13/><U104/><E104/><V127/><F127/><W48/><G48/><T45/><D45/><N who="1" m="23775" /><E130/><V27/><F27/><W50/><G34/><T26/><D98/><U41/><E41/><V91/><F91/><W23/><G50/><T131/><D131/><U112/><E112/><V110/><F110/><W37/><G37/><T123/><D123/><U90/><E90/><V15/><F15/><W100/><G94/><T107/><D107/><U40/><E40/><V62/><F62/><W66/><G23/><T38/><D38/><U117/><E117/><V19/><F19/><W51/><G51/><T25/><REACH who="0" step="1"/><D35/><REACH who="0" step="2"/><U71/><E71/><V53/><F53/><N who="3" m="29863" /><G66/><T17/><D17/><U47/><E47/><V5/><F5/><W72/><G72/><T101/><D101/><U2/><E2/><V81/><F81/><AGARI ba="1,3" hai="1,3,24,25,26,55,58,63,77,81,83,84,86,89" machi="81" ten="40,1300,0" yaku="1,1,53,0" doraHai="29" doraHaiUra="92" who="0" fromWho="2" sc="255,46,188,0,205,-16,322,0" /><INIT seed="2,0,0,2,5,85" ten="301,188,189,322" oya="2" hai0="58,14,82,92,5,23,135,39,114,107,36,116,40" hai1="7,111,53,34,31,2,74,56,28,124,121,98,86" hai2="81,106,112,95,93,25,44,96,21,16,67,61,57" hai3="55,50,132,52,129,47,3,134,89,42,0,70,102" shuffle="mt19937ar,59BA0310,C321347E,B76A5D3E,D5E343A9,627FDE41,49BC21AE,0828B993,75457A48"/><V84/><F84/><W38/><G102/><T12/><D114/><U77/><E74/><V105/><F105/><W48/><G70/><T73/><D107/><U43/><E43/><V37/><F37/><W83/><G38/><T100/><D116/><U131/><E121/><V62/><F62/><W6/><G129/><T69/><D69/><U78/><E131/><V91/><F91/><W24/><G24/><T97/><D135/><N who="3" m="51753" /><G42/><T71/><D71/><U65/><E65/><V66/><F66/><W11/><G3/><T17/><D58/><U41/><E41/><V87/><F87/><N who="3" m="50431" /><G48/><T99/><D99/><U18/><E2/><V119/><F119/><W126/><G55/><T75/><D40/><U117/><E53/><V103/><F103/><W108/><G108/><T101/><D101/><U60/><E111/><V122/><F122/><W127/><AGARI ba="0,0" hai="0,6,11,47,50,52,126,127" m="50431,51753" machi="127" ten="30,4000,0" yaku="20,1,52,1,54,1" doraHai="85" who="3" fromWho="3" sc="301,-10,188,-10,189,-20,322,40" /><INIT seed="3,0,0,5,3,53" ten="291,178,169,362" oya="3" hai0="128,12,75,57,35,79,122,18,14,95,0,30,28" hai1="89,72,125,17,8,19,103,134,55,67,130,101,106" hai2="62,61,33,36,25,113,135,92,3,127,23,91,119" hai3="38,27,102,45,133,32,49,46,63,90,88,131,70" shuffle="mt19937ar,696B5573,D0950972,18B5E877,F9078BBB,5C8CEDD4,4A8EFA38,D142BB61,6556CEBC"/><W13/><G102/><T16/><D122/><U29/><E72/><V22/><F22/><W97/><G38/><T40/><D75/><U66/><E106/><V99/><F99/><W86/><G13/><T109/><D79/><U4/><E125/><V82/><F82/><W56/><G70/><T69/><D69/><U118/><E130/><V77/><F77/><W68/><G68/><T93/><D128/><U10/><E134/><V78/><F78/><W114/><G46/><T2/><D35/><U110/><E118/><V44/><F44/><W96/><G90/><T126/><D40/><U71/><E71/><V47/><F47/><W83/><G131/><T50/><D50/><U6/><E110/><V98/><F98/><W100/><G133/><T52/><D109/><U11/><E11/><V26/><F26/><W34/><G27/><T80/><D80/><U132/><E132/><V115/><F115/><W21/><G21/><T65/><D65/><U24/><E55/><V94/><F94/><N who="0" m="35850" /><D0/><U41/><E41/><V15/><F15/><N who="0" m="5674" /><D2/><U48/><E48/><V5/><F5/><W116/><G114/><T31/><D126/><U20/><E24/><V9/><F9/><W120/><G116/><T108/><D108/><U111/><E111/><V123/><F123/><W81/><G81/><T64/><D64/><U59/><E20/><V124/><F124/><W74/><G74/><T42/><D42/><U51/><E51/><V85/><F85/><W84/><G84/><T107/><D107/><U60/><E66/><V54/><F54/><W87/><G87/><T1/><D1/><RYUUKYOKU ba="0,0" sc="291,30,178,-10,169,-10,362,-10" hai0="16,18,28,30,31,52,57" owari="321,7,168,-18,159,-24,352,35" /></mjloggm>