<mjloggm ver="2.3"><GO type="193"/><UN n0="%70%72%6F%74%6F" n1="%E5%96%9C%E7%B7%91%E6%B1%9F%E7%BE%8E%E9%87%8C" n2="%E3%82%A6%E3%83%AB%E3%83%88%E3%83%A9%E7%AB%8B%E7%9B%B4" n3="%E3%81%BF%E3%81%A4%E3%82%92%E5%88%9D%E5%A4%8F" dan="11,11,11,11" rate="1596,1614,1798,1735" sx="M,M,M,M"/><TAIKYOKU oya="0"/><INIT seed="0,0,0,2,3,19" ten="250,250,250,250" oya="0" hai0="120,21,86,101,91,68,3,40,127,55,37,102,130" hai1="82,54,0,16,63,15,112,66,14,104,100,85,83" hai2="114,133,71,97,30,125,126,44,76,131,34,107,24" hai3="56,109,10,50,17,31,116,87,1,53,113,134,2" shuffle="mt19937ar,CFBCAE82,3561BA40,E4744F77,010ADCED,A50E2AEB,2F4442A2,F3EA8FAC,FE7DBD6F"/><T26/><D120/><U41/><E0/><V94/><F114/><W59/><G113/><T77/><D68/><U70/><E112/><V111/><F76/><W4/><G116/><T88/><D3/><U128/><E41/><V73/><F73/><W129/><G2/><T18/><D37/><U25/><E25/><V12/><F107/><W51/><G109/><T135/><D40/><U115/><E115/><V123/><F71/><W72/><G129/><T23/><D77/><U80/><E128/><V110/><F131/><W38/><G72/><T108/><D130/><U84/><E54/><V48/><F12/><W27/><G38/><T122/><D122/><U106/><E100/><V132/><F123/><W7/><G134/><N who="2" m="51817" /><F48/><W67/><G7/><T62/><D135/><U52/><E52/><V58/><F58/><W89/><G17/><N who="0" m="12591" /><D108/><N who="2" m="41514" /><F44/><W69/><G69/><T74/><D91/><AGARI ba="0,0" hai="24,30,34,91,94,97,125,126" m="41514,51817" machi="91" ten="30,2000,0" yaku="20,1,14,1" doraHai="19" who="2" fromWho="0" sc="250,-20,250,0,250,20,250,0" /><INIT seed="1,0,0,3,2,105" ten="230,250,270,250" oya="1" hai0="46,49,0,93,18,67,54,11,59,115,69,9,58" hai1="65,24,100,91,22,2,27,66,102,122,109,77,35" hai2="78,134,28,119,73,79,107,40,33,44,98,38,20" hai3="116,94,68,113,32,15,4,120,110,47,50,127,3" shuffle="mt19937ar,8725C8A9,A4FD635E,1E152D8E,7E311D79,613617A5,60E33447,F998FB40,B19B20B7"/><U34/><E122/><V51/><F79/><W55/><G113/><T75/><D115/><U121/><E121/><V101/><F20/><W17/><G120/><T26/><D69/><U124/><E2/><V39/><F51/><W19/><G32/><T123/><D123/><U56/><E124/><V81/><F119/><W90/><G127/><T112/><D112/><U57/><E109/><V62/><F134/><W92/><G110/><T36/><D36/><U83/><E35/><V80/><F80/><W5/><G68/><T29/><D75/><U84/><E34/><V41/><F62/><W42/><G116/><T37/><D37/><U129/><E129/><V13/><F13/><W61/><G3/><T117/><D117/><U114/><E114/><V125/><F40/><W48/><G61/><T23/><D0/><U30/><E24/><N who="2" m="18567" /><F38/><W72/><G72/><T6/><D6/><N who="3" m="2665" /><G15/><T53/><D67/><N who="1" m="25611" /><E77/><V103/><F103/><AGARI ba="0,0" hai="22,27,30,56,57,83,84,91,100,102,103" m="25611" machi="103" ten="30,1500,0" yaku="8,1" doraHai="105" who="1" fromWho="2" sc="230,0,250,15,270,-15,250,0" /><INIT seed="1,1,0,0,2,19" ten="230,265,255,250" oya="1" hai0="69,8,42,135,24,28,106,90,87,14,118,113,122" hai1="47,36,57,133,38,67,116,65,0,85,112,126,99" hai2="88,6,7,119,10,32,104,17,109,95,115,129,13" hai3="125,20,79,4,41,123,66,94,5,22,62,48,58" shuffle="mt19937ar,F3496293,4DD7CDF4,A43CCCE0,7EFF45C6,6327D25F,897BE6C9,EA8745C0,526F5180"/><U46/><E116/><V132/><F115/><W92/><G123/><T81/><D113/><U83/><E112/><V61/><F104/><W101/><G125/><T78/><D122/><U110/><E0/><V27/><F119/><W130/><G130/><T64/><D118/><U117/><E117/><V15/><F129/><W60/><G62/><T59/><D106/><U84/><E133/><V30/><F132/><W34/><G34/><T9/><D135/><U52/><E38/><V96/><F109/><W44/><G79/><T55/><D42/><U108/><E36/><V37/><F37/><W43/><G43/><T127/><D127/><U53/><E99/><V93/><F61/><W23/><G101/><T18/><D69/><U74/><E74/><V56/><F56/><W16/><G5/><T121/><D121/><U107/><E107/><V70/><F70/><W40/><G40/><T105/><D105/><U39/><E39/><V75/><F75/><W49/><G49/><T76/><D64/><N who="1" m="24651" /><E53/><V97/><REACH who="2" step="1"/><F15/><REACH who="2" step="2"/><N who="3" m="9247" /><G4/><T29/><D8/><U21/><E126/><V120/><F120/><W63/><G60/><T54/><D54/><U102/><E52/><V91/><AGARI ba="1,1" hai="6,7,10,13,17,27,30,32,88,91,93,95,96,97" machi="91" ten="20,8000,1" yaku="1,1,0,1,7,1,9,1,54,1,53,0" doraHai="19" doraHaiUra="103" who="2" fromWho="2" sc="230,-21,265,-41,245,93,250,-21" /><INIT seed="2,0,0,4,5,69" ten="209,224,338,229" oya="2" hai0="81,111,96,14,3,1,95,93,43,19,30,79,49" hai1="106,100,5,123,24,2,108,97,64,36,15,77,60" hai2="127,41,16,80,115,54,101,22,62,76,117,70,132" hai3="104,119,44,32,57,23,124,71,56,29,72,126,131" shuffle="mt19937ar,2343E10C,C976CF91,A7AE0447,1BA49574,A3B63C40,8D1BD857,FD211499,2FBA0DA5"/><V39/><F101/><W120/><G119/><T18/><D30/><U46/><E2/><V11/><F11/><W83/><G120/><T98/><D111/><U67/><E123/><V55/><F117/><W73/><G104/><T82/><D1/><U13/><E108/><V90/><F90/><W85/><G71/><T107/><D107/><U27/><E77/><V40/><F80/><W89/><G32/><T6/><D3/><U134/><E134/><V113/><F76/><W38/><G38/><T8/><D81/><U86/><E86/><V34/><F34/><W74/><G44/><T112/><D112/><U109/><E109/><V118/><F118/><W4/><G4/><T37/><D37/><U61/><E61/><V17/><F22/><W84/><G131/><T105/><D105/><U110/><E110/><V63/><F70/><W78/><G23/><T45/><D95/><U129/><E129/><V26/><F26/><N who="1" m="9769" /><E5/><V128/><F128/><W7/><G7/><T121/><D96/><U88/><E88/><V130/><F130/><W58/><REACH who="3" step="1"/><G29/><REACH who="3" step="2"/><T50/><D121/><U114/><E114/><V66/><F115/><W48/><G48/><T33/><D50/><U65/><E36/><V75/><F113/><W133/><G133/><T21/><D33/><U31/><E31/><V122/><F39/><W47/><G47/><T51/><D21/><U87/><E46/><V125/><F132/><W0/><G0/><T52/><D51/><U116/><E116/><V94/><F122/><W99/><G99/><T59/><D59/><N who="1" m="36895" /><E87/><V28/><F28/><W12/><G12/><AGARI ba="0,1" hai="12,13,15,65,67,97,100,106" m="36895,9769" machi="12" ten="30,1000,0" yaku="6,1" doraHai="69" who="1" fromWho="3" sc="209,0,224,20,338,0,219,-10" /><INIT seed="3,0,0,2,2,27" ten="209,244,338,209" oya="3" hai0="63,22,87,61,129,83,6,52,116,57,84,74,75" hai1="117,69,72,99,118,26,111,55,45,101,15,39,46" hai2="79,28,18,93,38,3,21,73,19,77,134,50,49" hai3="66,98,113,103,94,4,24,81,48,59,20,71,29" shuffle="mt19937ar,24E78A23,BA2735F9,C9AB049B,E5454B6C,1393B89E,E077FCA7,59D1AC9B,630B3AC2"/><W120/><G120/><T62/><D116/><U122/><E69/><V25/><F3/><W64/><G113/><T102/><D75/><U47/><E72/><V41/><F38/><W17/><G71/><T96/><D74/><U70/><E70/><V13/><F134/><W114/><G114/><T121/><D121/><U119/><E122/><V123/><F19/><W92/><G4/><T8/><D129/><U110/><E26/><V35/><F41/><W40/><G81/><T56/><D22/><U82/><E15/><V132/><F132/><W2/><G2/><T90/><D87/><U97/><E82/><V37/><F37/><W106/><G106/><T85/><D85/><U30/><E30/><V128/><F93/><N who="3" m="58831" /><G64/><T10/><D10/><U0/><E0/><V1/><F1/><W130/><G130/><T33/><D33/><U9/><E9/><V95/><F128/><W124/><G124/><T127/><D127/><U131/><E131/><V44/><F95/><N who="3" m="36395" /><G66/><T36/><D36/><U135/><E135/><V88/><F123/><W104/><G104/><T34/><D34/><U12/><E12/><V89/><F35/><W60/><G60/><T32/><D32/><U14/><E14/><V65/><F65/><W5/><G5/><T100/><D63/><U126/><E126/><V125/><F125/><W86/><G86/><T42/><D96/><N who="1" m="36939" /><E101/><V80/><F73/><W112/><G112/><T16/><D42/><N who="1" m="22751" /><E55/><V115/><F80/><W108/><G108/><AGARI ba="0,0" hai="46,47,108,110,111,117,118,119" m="22751,36939" machi="108" ten="40,2600,0" yaku="14,1,12,1" doraHai="27" who="1" fromWho="3" sc="209,0,244,26,338,0,209,-26" owari="209,-14,270,2,338,34,183,-22" /></mjloggm>