<mjloggm ver="2.3"><GO type="97"/><UN n0="%E3%81%99%E3%81%AA%E3%81%8F%E3%81%98%E3%82%89" n1="%E5%B1%B1%E7%94%B0%E8%BC%AA%E5%AD%90" n2="%E3%82%A6%E3%83%AB%E3%83%88%E3%83%A9%E7%AB%8B%E7%9B%B4" n3="%E3%83%80%E3%83%8B%E5%B7%9D%E3%83%BB%E3%83%A8%E3%82%B4%E3%83%AC" dan="15,16,13,13" rate="2067,1961,1826,1828" sx="M,F,M,M"/><TAIKYOKU oya="0"/><INIT seed="0,0,0,0,2,19" ten="250,250,250,250" oya="0" hai0="133,67,91,115,42,102,97,122,73,21,85,83,6" hai1="57,79,33,68,95,111,35,9,65,70,81,101,54" hai2="15,16,121,71,96,12,11,109,98,13,1,108,4" hai3="127,77,86,125,34,40,104,88,134,53,66,93,50" shuffle="mt19937ar,7AA51FD9,ADEF93DB,C0B49CB2,C14FCED2,9EB9DE3E,5F713273,A2E3CE39,ED629B03,5FFCE12C,68D6ED17,A43B150B,B4F27B2F,0674E181,A4EACA38,AD03421E,0119756B,D8EC3B79,D18C7A4D,C29A6B90,E10DEF86,90648DE2,F203CD75,DB861F5B,16806A22,73B7CEF2,C8BAF04A,45EBA6E5,D1D19563,5A757B71,F80B5ED8,04193DA8,7A487010"/><T78/><D122/><U23/><E111/><N who="2" m="42571" /><F71/><W82/><G104/><T107/><D115/><U2/><E35/><V5/><F98/><W126/><G34/><T76/><D133/><U0/><E33/><V80/><F96/><W45/><G134/><T120/><D120/><U24/><E101/><V105/><F80/><W90/><G66/><T113/><D113/><U43/><E95/><V100/><F100/><W48/><REACH who="3" step="1"/><G93/><REACH who="3" step="2"/><T46/><D67/><U27/><E65/><V99/><F121/><W112/><G112/><T124/><D107/><U17/><E68/><V37/><F105/><W135/><G135/><T39/><D83/><U25/><E70/><V52/><F37/><W56/><AGARI ba="0,1" hai="40,45,48,50,53,56,77,82,86,88,90,125,126,127" machi="56" ten="30,7900,0" yaku="1,1,0,1,18,1,54,1,53,0" doraHai="19" doraHaiUra="7" who="3" fromWho="3" sc="250,-39,250,-20,250,-20,240,89" /><INIT seed="1,0,0,0,1,67" ten="211,230,230,329" oya="1" hai0="49,37,135,107,10,77,78,64,40,59,87,118,34" hai1="72,88,80,126,92,48,117,84,132,134,39,51,58" hai2="13,54,103,62,113,21,68,53,98,9,101,108,71" hai3="38,56,60,106,45,2,97,19,115,61,42,6,18" shuffle="mt19937ar,7AE65282,3E519D5B,A0B084E6,890BB403,85B650A1,33AFCE25,E9C3A480,388799CB,D28BE2D0,14C1F194,A65DEE98,06C35DA6,E39654DA,9945E298,DE0B8C13,CBC01176,B5025870,342B9FB2,2BE69EE5,25E54EAE,33755315,AB80ACF9,179BDE54,F455A351,D1BC68B1,88453B7F,8B083A8A,C3E7F783,C88F8028,D54CE9A8,E157E341,478DC737"/><U122/><E117/><V29/><F113/><W55/><G115/><T125/><D34/><U16/><E122/><V41/><F41/><W129/><G129/><T15/><D107/><U109/><E39/><V17/><F108/><W57/><G6/><T26/><D118/><U81/><E109/><V27/><F101/><W82/><G2/><T75/><D75/><U121/><E121/><V44/><F54/><W105/><G82/><N who="1" m="31850" /><E72/><V50/><REACH who="2" step="1"/><F62/><REACH who="2" step="2"/><W23/><G97/><T1/><D40/><U4/><E126/><V31/><F31/><W111/><G111/><T8/><D125/><U112/><E112/><V36/><F36/><W114/><G114/><T35/><D37/><U133/><E133/><V65/><F65/><W0/><G0/><T110/><D64/><U47/><E134/><V90/><F90/><W85/><G85/><T102/><D135/><U116/><E132/><V95/><AGARI ba="0,1" hai="9,13,17,21,27,29,44,50,53,68,71,95,98,103" machi="95" ten="20,12000,2" yaku="1,1,0,1,7,1,52,2,53,1" doraHai="67" doraHaiUra="12" who="2" fromWho="2" sc="211,-30,230,-60,220,130,329,-30" /><INIT seed="2,0,0,1,4,88" ten="181,170,350,299" oya="2" hai0="128,8,39,51,97,74,35,66,43,65,121,134,59" hai1="102,100,108,104,49,126,53,84,29,26,132,17,60" hai2="110,111,106,37,64,44,2,127,50,131,14,114,76" hai3="55,6,93,3,107,11,73,10,57,112,22,47,72" shuffle="mt19937ar,1BD02B87,5EBC8BF6,FE05E3D2,20F51202,33DD3AFF,7354ED49,DE24370F,478961F7,A38AEA5F,9C0B09E5,0B522A07,B40A6C77,14125BDA,65B1F32F,B7D1405D,385CA89F,A9B109D7,BC09AC0A,D2FF662A,C6DA2C4B,E10F9308,E67F3C1F,AD4813FD,77E3D481,FE21E916,E3586C68,80792112,340D4CEE,245CAAD5,862F37A0,624680A5,7D4A11FE"/><V41/><F2/><W71/><G107/><T20/><D74/><U78/><E108/><N who="2" m="41515" /><F106/><W135/><G71/><T54/><D35/><U69/><E126/><V85/><F14/><W15/><G112/><T28/><D121/><U124/><E124/><V0/><F0/><W96/><G22/><T130/><D134/><U30/><E132/><V101/><F101/><W91/><G47/><N who="0" m="24063" /><D8/><U113/><E113/><V90/><F76/><W36/><G36/><T13/><D97/><U33/><E30/><V34/><F34/><W94/><G94/><T70/><D70/><U98/><E100/><V9/><F9/><W87/><G96/><T129/><D13/><U99/><E99/><V45/><F127/><W21/><G21/><T27/><AGARI ba="0,0" hai="20,27,28,51,54,59,65,66,128,129,130" m="24063" machi="27" ten="40,1500,0" yaku="19,1" doraHai="88" who="0" fromWho="0" sc="181,15,170,-4,350,-7,299,-4" /><INIT seed="3,0,0,5,0,67" ten="196,166,343,295" oya="3" hai0="126,98,123,66,30,77,112,20,89,46,63,106,95" hai1="128,113,16,132,33,122,76,59,4,119,91,60,111" hai2="70,5,88,105,57,19,118,93,84,10,90,56,110" hai3="130,34,109,61,83,29,6,0,108,114,101,64,13" shuffle="mt19937ar,BB130135,05005089,BB120142,579ED8E6,7EC17FE6,0A6770E6,48C3A21E,2D1E1DDA,5CC0C0FC,98E2412B,EC56514D,9F35F7B9,15D969A4,2AF4D152,AD1D4C54,B1E9AC77,9A8E51A5,7858CFD0,349B7098,2B7E9E75,B82737D0,1F0305FD,36414C39,F152067E,CDDD2783,DF52AA52,6174F66B,3B6440E6,79E31EA6,9D9BAF8C,12F669D0,9DAE786B"/><W86/><G114/><T94/><D123/><U115/><E122/><V102/><F70/><W18/><G130/><T120/><D106/><U80/><E128/><V97/><F118/><W38/><G38/><T49/><D120/><U79/><E119/><V104/><F104/><W65/><G101/><N who="0" m="60631" /><D112/><U15/><E33/><V40/><F40/><W75/><G75/><T135/><D77/><N who="1" m="29771" /><E113/><V7/><F110/><N who="3" m="42603" /><G0/><T78/><D78/><U14/><E111/><V73/><F73/><W124/><G6/><N who="2" m="2057" /><F105/><W44/><G124/><T25/><D135/><U133/><E115/><V87/><F102/><W22/><G44/><T81/><D81/><U17/><E4/><V100/><F100/><W99/><G99/><N who="0" m="57839" /><D126/><U12/><E132/><V125/><F125/><W32/><G29/><T69/><D69/><U36/><E36/><V24/><F97/><W96/><G96/><T28/><D66/><N who="3" m="25705" /><G61/><T37/><D37/><U53/><E133/><V42/><F56/><W48/><G48/><T9/><D63/><U11/><E11/><V58/><F10/><W23/><G23/><T72/><D9/><U103/><E103/><V116/><F116/><W35/><G83/><T55/><D72/><U71/><E71/><V21/><F42/><W41/><G41/><T3/><D3/><U92/><E80/><AGARI ba="0,0" hai="19,21,24,57,58,80,84,87,88,90,93" m="2057" machi="80" ten="30,2000,0" yaku="8,1,54,1" doraHai="67" who="2" fromWho="1" sc="196,0,166,-20,343,20,295,0" owari="196,-15,146,-25,363,35,295,5" /></mjloggm>