<mjloggm ver="2.3"><GO type="41"/><UN n0="%E3%81%9F%E3%81%8B%E3%81%97%EF%BC%A0%E5%8D%93%E7%90%83" n1="%70%65%61%73%6B%65" n2="%E3%82%A6%E3%83%AB%E3%83%88%E3%83%A9%E7%AB%8B%E7%9B%B4" n3="%41%EF%BD%B4%2D%37%31%31" dan="14,14,15,15" rate="1976,1869,1996,2000" sx="M,F,M,M"/><TAIKYOKU oya="0"/><INIT seed="0,0,0,5,2,99" ten="250,250,250,250" oya="0" hai0="95,54,17,121,38,31,20,37,75,18,116,106,131" hai1="118,109,47,68,66,5,87,34,81,53,97,49,89" hai2="14,19,100,22,123,25,27,79,9,126,55,98,56" hai3="7,102,61,21,92,114,71,107,76,119,72,96,132"/><T74/><D116/><U73/><E118/><V90/><F123/><W6/><G119/><T82/><D121/><U125/><E125/><V93/><F126/><W120/><G120/><T62/><D106/><U63/><E109/><V11/><F79/><W28/><G114/><T84/><D131/><U30/><E73/><V15/><F90/><W43/><G43/><T108/><D108/><U33/><E30/><V65/><F65/><W39/><G39/><T134/><D74/><U26/><E26/><V24/><REACH who="2" step="1"/><F15/><REACH who="2" step="2"/><W40/><G76/><T2/><D2/><U44/><E5/><V23/><F23/><W80/><G72/><T117/><D117/><U35/><E97/><V112/><F112/><W69/><G21/><T60/><D75/><U57/><AGARI ba="0,1" hai="33,34,35,44,47,49,53,57,63,66,68,81,87,89" machi="57" ten="30,1100,0" yaku="0,1" doraHai="99" who="1" fromWho="1" sc="250,-5,250,21,240,-3,250,-3" /><INIT seed="1,0,0,5,5,65" ten="245,271,237,247" oya="1" hai0="23,99,75,66,28,74,100,26,102,92,94,88,98" hai1="110,119,103,18,7,106,80,36,84,31,44,50,73" hai2="40,6,111,8,16,105,14,114,60,24,19,21,101" hai3="93,108,123,64,10,133,125,39,45,86,53,42,11"/><U3/><E119/><V0/><F101/><W52/><G123/><T41/><D41/><U30/><E73/><V43/><F105/><W131/><G131/><T116/><D116/><U61/><E36/><V22/><F114/><W56/><G108/><T35/><D35/><U85/><E110/><V95/><F111/><W91/><G133/><T27/><D27/><U48/><E3/><V34/><F34/><W46/><G125/><T132/><D132/><U17/><E106/><V5/><F5/><W121/><G121/><T9/><D9/><U127/><E7/><V72/><F72/><W87/><G64/><T15/><D15/><U57/><E103/><V130/><F130/><W29/><G29/><T120/><D120/><U59/><E44/><V104/><F104/><W77/><G46/><T51/><D51/><U12/><E12/><V83/><F95/><W68/><G68/><T58/><D102/><U90/><E90/><V109/><F109/><W113/><G113/><T135/><D135/><U2/><E2/><V69/><REACH who="2" step="1"/><F83/><REACH who="2" step="2"/><W49/><G77/><T78/><D78/><U33/><E33/><V89/><F89/><W70/><G93/><T62/><AGARI ba="0,1" hai="23,26,28,58,62,66,74,75,88,92,94,98,99,100" machi="62" ten="30,7900,0" yaku="0,1,25,2,54,1" doraHai="65" who="0" fromWho="0" sc="245,89,271,-39,227,-20,247,-20" /><INIT seed="2,0,0,4,2,27" ten="334,232,207,227" oya="2" hai0="12,71,96,83,72,68,104,90,84,110,29,106,95" hai1="20,49,92,33,39,67,105,30,132,40,18,15,87" hai2="120,51,36,128,126,28,75,62,47,16,113,9,5" hai3="63,42,115,99,41,86,122,54,129,80,108,79,32"/><V134/><F75/><W44/><G122/><T14/><D110/><U111/><E105/><N who="0" m="40553" /><D71/><U50/><E39/><V55/><F120/><W100/><G108/><T69/><D68/><U76/><E132/><V7/><F113/><W57/><G115/><T64/><D64/><U101/><E111/><V81/><F134/><W130/><G32/><T89/><D69/><U107/><E107/><V119/><F36/><W8/><G8/><T66/><D29/><U82/><E67/><V17/><F126/><W74/><G42/><T121/><D66/><U118/><E118/><V11/><F119/><W102/><G99/><T0/><D14/><U73/><E40/><V131/><F62/><W109/><G109/><T45/><D12/><U56/><E56/><V25/><F81/><W21/><G21/><T135/><D45/><U1/><E1/><N who="2" m="175" /><F7/><W46/><G74/><T26/><D0/><U13/><E13/><V124/><F124/><W85/><G85/><N who="0" m="50367" /><D26/><U93/><E93/><V116/><F116/><W117/><G117/><T77/><D135/><U112/><E112/><V31/><F11/><W4/><G4/><T97/><D121/><U37/><E37/><V91/><F91/><W123/><G123/><T35/><D35/><U6/><E6/><V88/><F88/><W38/><G46/><T10/><D10/><U59/><E59/><V60/><F60/><W133/><G133/><T70/><D70/><U65/><E65/><V2/><F2/><W52/><G54/><T78/><D72/><U43/><E43/><V125/><F125/><W24/><G24/><T61/><D61/><RYUUKYOKU ba="0,0" sc="334,15,232,-15,207,-15,227,15" hai0="77,78,84,90,95,96,97" hai3="38,41,44,52,57,63,79,80,86,100,102,129,130" /><INIT seed="3,1,0,2,0,114" ten="349,217,192,242" oya="3" hai0="64,81,111,65,33,83,125,106,135,119,66,21,49" hai1="52,14,115,8,34,59,12,134,126,132,118,9,72" hai2="7,130,96,128,18,80,56,25,40,95,89,107,79" hai3="61,45,110,76,105,35,123,97,101,50,6,120,26"/><W98/><G76/><T91/><D33/><U78/><E115/><V54/><F40/><W85/><G85/><T108/><D125/><U27/><E78/><V11/><F107/><W22/><G110/><T124/><D124/><U67/><E72/><V94/><F94/><W121/><G6/><T3/><D3/><U17/><E126/><V10/><F7/><W73/><G73/><T46/><D106/><U63/><E67/><V116/><F116/><W117/><G117/><T100/><D100/><U23/><E34/><V13/><F10/><W30/><G97/><T77/><D119/><U44/><E118/><V41/><F41/><W103/><G103/><T90/><D21/><U39/><E44/><V122/><F122/><W0/><G0/><T93/><D77/><U24/><E39/><V57/><F25/><W84/><G84/><T31/><D31/><U29/><REACH who="1" step="1"/><E24/><REACH who="1" step="2"/><V133/><F133/><W47/><G35/><T68/><D135/><U32/><E32/><V55/><F57/><W37/><G37/><T112/><D112/><U36/><E36/><V88/><F79/><W20/><G47/><T70/><D108/><U43/><E43/><V87/><REACH who="2" step="1"/><F55/><REACH who="2" step="2"/><N who="3" m="30159" /><G123/><T15/><D111/><U104/><E104/><V113/><F113/><W129/><G121/><T69/><D46/><U58/><E58/><V51/><AGARI ba="1,2" hai="11,13,18,51,54,56,80,87,88,89,95,96,128,130" machi="51" ten="30,4000,0" yaku="1,1,0,1,54,1,53,0" doraHai="114" doraHaiUra="102" who="2" fromWho="2" sc="349,-11,207,-11,182,63,242,-21" /><INIT seed="4,0,0,1,3,123" ten="338,196,245,221" oya="0" hai0="45,134,68,9,3,44,5,60,78,127,51,84,126" hai1="106,10,74,0,113,62,124,100,11,63,75,77,120" hai2="107,59,38,6,33,35,72,115,65,135,91,23,98" hai3="93,13,66,28,112,96,69,79,103,24,29,58,30"/><T104/><D104/><U129/><E100/><V116/><F38/><W105/><G112/><T25/><D134/><U70/><E77/><V39/><F39/><W89/><G79/><T4/><D4/><U41/><E41/><V108/><F23/><W32/><G13/><T125/><D25/><U83/><E83/><V90/><F6/><W82/><G58/><T128/><D128/><U7/><BYE who="0" /><E106/><V121/><F65/><W20/><G82/><T16/><D16/><U76/><E76/><UN n0="%E3%81%9F%E3%81%8B%E3%81%97%EF%BC%A0%E5%8D%93%E7%90%83" /><V34/><F59/><W133/><G20/><T95/><D51/><U92/><E92/><V17/><F17/><W12/><G12/><T31/><D31/><U110/><E70/><V122/><F98/><W55/><G55/><T80/><D95/><U19/><E19/><V130/><F91/><W47/><G47/><T48/><D48/><U102/><E102/><V97/><F90/><W132/><G132/><T117/><D117/><U22/><E22/><V27/><F97/><N who="3" m="57519" /><G133/><T56/><REACH who="0" step="1"/><D68/><REACH who="0" step="2"/><U73/><E129/><V40/><F27/><W85/><G30/><T119/><D119/><U67/><E7/><V15/><F122/><W114/><G114/><T81/><D81/><U26/><E113/><V8/><F121/><W87/><G29/><T46/><D46/><U43/><E26/><V21/><F135/><W57/><G57/><T111/><D111/><U109/><E110/><V1/><F108/><W50/><G50/><T118/><D118/><U42/><E109/><V86/><F116/><W88/><G69/><T99/><D99/><U14/><E42/><V64/><F40/><RYUUKYOKU ba="0,1" sc="328,30,196,-10,245,-10,221,-10" hai0="3,5,9,44,45,56,60,78,80,84,125,126,127" /><INIT seed="4,1,1,3,0,55" ten="358,186,235,211" oya="0" hai0="121,35,118,135,74,17,104,48,3,20,95,115,98" hai1="123,13,7,57,15,4,44,62,28,113,32,10,77" hai2="129,111,110,94,64,0,106,70,76,87,23,1,108" hai3="25,69,101,86,122,5,50,51,84,36,99,73,54"/><T116/><D121/><U63/><E123/><V114/><F106/><W120/><G73/><T66/><D115/><U46/><E113/><V24/><F114/><W107/><G36/><T21/><D104/><U52/><E32/><V47/><F129/><W39/><G39/><T16/><D74/><U83/><E28/><V130/><F130/><W33/><G69/><T82/><D35/><U49/><E4/><V19/><F70/><W18/><G5/><T128/><D128/><U119/><E119/><V14/><F64/><W132/><G132/><T12/><D3/><U56/><E15/><V124/><F47/><W92/><G51/><T91/><D135/><U89/><E89/><V22/><F94/><W42/><G42/><T30/><D30/><U6/><E49/><V9/><F87/><W134/><G134/><T126/><D126/><U100/><E100/><V71/><F76/><W60/><G60/><T131/><D131/><U37/><E6/><N who="2" m="3383" /><F71/><W102/><G102/><T34/><D34/><U80/><E37/><V68/><F68/><W90/><G86/><T133/><D133/><U93/><E93/><V78/><F78/><W38/><G38/><T125/><D125/><U45/><E77/><V11/><F124/><W96/><G84/><T81/><D66/><AGARI ba="1,1" hai="7,10,13,44,45,46,52,56,57,62,63,66,80,83" machi="66" ten="40,8000,1" yaku="8,1,52,2,54,1" doraHai="55" who="1" fromWho="0" sc="358,-83,186,93,235,0,211,0" /><INIT seed="5,0,0,3,5,98" ten="275,279,235,211" oya="1" hai0="80,37,3,20,127,60,31,131,28,110,84,19,24" hai1="93,63,30,26,58,119,64,83,54,117,22,12,1" hai2="113,29,16,130,81,17,14,106,9,114,126,21,62" hai3="47,55,34,100,0,27,87,45,38,65,46,13,76"/><U49/><E1/><V109/><F106/><W96/><G38/><T104/><D110/><U8/><E83/><V39/><F109/><W112/><G0/><T41/><D3/><U78/><E78/><V101/><F39/><W69/><G69/><T123/><D123/><U4/><REACH who="1" step="1"/><E93/><REACH who="1" step="2"/><V61/><F126/><W129/><G76/><T48/><D127/><U50/><E50/><V74/><F62/><W103/><G129/><T71/><D37/><U75/><E75/><V85/><F61/><W92/><G112/><T94/><D104/><U53/><E53/><V99/><F74/><W7/><G55/><T72/><D72/><U59/><AGARI ba="0,1" hai="4,8,12,22,26,30,49,54,58,59,63,64,117,119" machi="59" ten="20,7800,0" yaku="1,1,0,1,7,1,53,1" doraHai="98" doraHaiUra="18" who="1" fromWho="1" sc="275,-26,269,88,235,-26,211,-26" /><INIT seed="5,1,0,1,2,18" ten="249,357,209,185" oya="1" hai0="32,88,35,98,126,84,56,112,131,99,87,85,104" hai1="4,120,73,65,93,77,27,15,38,68,106,62,127" hai2="7,82,92,111,42,28,5,133,61,94,129,66,33" hai3="100,132,67,31,1,118,9,13,45,107,130,113,54"/><U69/><E120/><V3/><F111/><W10/><G113/><T37/><D37/><U40/><E106/><V89/><F129/><W109/><G109/><T108/><D108/><U121/><E121/><V57/><F133/><W41/><G132/><T96/><D112/><U52/><E127/><V103/><F33/><W128/><G1/><T49/><D104/><U117/><E117/><V19/><F28/><W76/><G76/><T116/><D116/><U70/><E93/><V101/><F42/><W78/><G78/><T125/><D131/><N who="3" m="50217" /><G118/><T134/><D134/><U21/><E40/><V74/><F3/><W46/><G67/><T48/><D56/><U115/><E38/><V83/><F74/><W6/><G31/><T43/><D43/><U47/><E115/><V86/><F19/><N who="3" m="8623" /><G41/><T30/><D30/><U20/><E77/><V26/><F26/><W110/><G110/><T29/><D29/><U50/><E73/><V119/><F119/><W71/><G71/><T72/><D72/><U124/><E124/><N who="0" m="47721" /><D88/><U44/><E44/><V11/><F103/><W64/><G64/><T122/><D122/><U59/><REACH who="1" step="1"/><E27/><REACH who="1" step="2"/><V0/><F94/><W2/><G107/><T63/><D63/><U12/><E12/><V90/><F92/><W16/><G46/><T102/><D102/><U60/><E60/><V8/><F101/><W81/><G100/><T22/><D49/><U79/><E79/><N who="2" m="46431" /><F83/><W25/><G81/><T39/><D48/><U34/><E34/><N who="0" m="12841" /><D39/><U53/><E53/><V55/><F55/><W105/><G105/><T51/><D51/><U36/><E36/><RYUUKYOKU ba="1,1" sc="249,10,347,10,209,10,185,-30" hai0="22,84,85,87,96,98,99" hai1="4,15,20,21,47,50,52,59,62,65,68,69,70" hai2="0,5,7,8,11,57,61,66,89,90" /><INIT seed="5,2,1,3,2,51" ten="259,357,219,155" oya="1" hai0="130,11,36,15,66,37,93,82,124,110,55,114,52" hai1="12,60,76,88,64,83,72,115,111,26,46,27,68" hai2="6,106,97,28,63,17,92,23,2,19,59,18,49" hai3="109,30,78,5,57,74,75,10,90,132,81,56,13"/><U53/><E111/><V50/><F106/><W48/><G109/><T107/><D110/><U21/><E115/><V133/><F133/><W125/><G132/><T98/><D107/><U119/><E119/><V101/><F6/><W129/><G125/><T16/><D114/><U44/><E26/><N who="2" m="16479" /><F2/><W35/><G129/><T118/><D118/><U0/><E0/><V80/><F80/><W8/><G75/><T91/><D124/><U1/><E1/><V105/><F105/><W65/><G65/><AGARI ba="2,1" hai="17,18,19,49,50,59,63,65,92,97,101" m="16479" machi="65" ten="30,2000,0" yaku="25,1,8,1" doraHai="51" who="2" fromWho="3" sc="259,0,357,0,219,36,155,-26" /><INIT seed="6,0,0,2,1,60" ten="259,357,255,129" oya="2" hai0="4,84,52,132,122,40,54,16,36,118,69,117,11" hai1="92,87,110,68,120,43,66,96,89,6,90,103,102" hai2="30,111,0,70,79,53,115,112,59,51,38,104,37" hai3="114,10,116,65,5,125,8,56,24,85,108,41,94"/><V29/><F0/><W32/><G108/><T124/><D122/><U97/><E110/><V75/><F104/><W18/><G116/><N who="0" m="44651" /><D132/><U61/><E120/><V95/><F111/><W91/><G125/><T93/><D124/><U47/><E6/><V80/><F70/><W86/><G114/><N who="2" m="43561" /><F95/><W134/><G134/><T12/><D69/><U9/><E9/><V83/><F83/><W121/><G121/><T1/><D36/><AGARI ba="0,0" hai="29,30,36,37,38,51,53,59,75,79,80" m="43561" machi="36" ten="30,1500,0" yaku="15,1" doraHai="60" who="2" fromWho="0" sc="259,-15,357,0,255,15,129,0" /><INIT seed="6,1,0,2,0,3" ten="244,357,270,129" oya="2" hai0="90,117,69,15,62,65,129,110,60,82,92,93,133" hai1="83,8,101,38,43,46,96,47,128,42,36,112,116" hai2="81,106,111,107,0,39,125,98,44,2,54,124,74" hai3="105,113,52,48,24,68,109,17,14,76,32,59,26"/><V72/><F54/><W53/><G109/><T40/><D110/><U10/><E112/><V114/><F111/><W121/><G68/><T45/><D129/><U102/><E116/><V4/><F114/><W49/><G113/><T20/><D133/><U11/><E128/><V37/><F98/><W130/><G130/><T50/><D117/><U34/><E34/><V132/><F132/><W57/><G105/><T91/><D60/><U135/><E135/><V7/><F81/><W120/><G76/><T73/><D73/><U80/><E8/><V78/><F44/><W5/><G32/><T67/><D67/><U35/><E35/><V61/><F61/><W99/><G99/><AGARI ba="1,0" hai="10,11,36,38,42,43,46,47,80,83,96,99,101,102" machi="99" ten="25,1600,0" yaku="22,2" doraHai="3" who="1" fromWho="3" sc="244,0,357,19,270,0,129,-19" /><INIT seed="7,0,0,1,1,126" ten="244,376,270,110" oya="3" hai0="39,87,108,3,94,83,77,92,109,93,81,2,120" hai1="27,123,26,11,70,19,4,115,99,6,95,84,100" hai2="117,112,5,29,1,21,133,17,85,68,61,105,71" hai3="15,86,98,75,8,12,134,124,0,45,18,58,28"/><W41/><G75/><N who="0" m="43199" /><D39/><U127/><E70/><V79/><F105/><W49/><G124/><T114/><D3/><U31/><E123/><V23/><F117/><W111/><G111/><N who="0" m="42571" /><D2/><U129/><E129/><V54/><F5/><N who="1" m="2153" /><E127/><V59/><F1/><W135/><G0/><T56/><D56/><U14/><E115/><V88/><F112/><W116/><G116/><T60/><D60/><U57/><E31/><V10/><F79/><W20/><G98/><T96/><D114/><U63/><E84/><V106/><F106/><W30/><G86/><T76/><D120/><U82/><E82/><V62/><F133/><N who="3" m="50699" /><G58/><T13/><D13/><U35/><E35/><V43/><F68/><W53/><G41/><T22/><D22/><U38/><E38/><V36/><F36/><W37/><G37/><T102/><AGARI ba="0,0" hai="76,83,87,92,93,94,96,102" m="42571,43199" machi="102" ten="30,2000,0" yaku="34,2" doraHai="126" who="0" fromWho="0" sc="244,20,376,-5,270,-5,110,-10" owari="264,-14,371,47,265,7,100,-40" /></mjloggm>