<mjloggm ver="2.3"><GO type="41"/><UN n0="%6A%6F%6C%74" n1="%E3%81%A1%E3%82%83%E3%82%8B%E2%98%86%E3%83%9F" n2="%E5%BE%A1%E5%85%8D%E3%83%A9%E3%82%A4%E3%83%80%E3%83%BC" n3="%E3%82%A6%E3%83%AB%E3%83%88%E3%83%A9%E7%AB%8B%E7%9B%B4" dan="14,14,14,14" rate="1810,2007,1896,1985" sx="M,M,M,M"/><TAIKYOKU oya="0"/><INIT seed="0,0,0,2,2,15" ten="250,250,250,250" oya="0" hai0="99,17,98,81,94,60,59,134,90,116,21,5,48" hai1="46,14,84,100,8,38,11,67,72,40,130,45,121" hai2="7,76,1,88,54,10,113,37,65,119,33,132,127" hai3="58,115,86,123,80,23,118,133,97,31,104,82,47"/><T111/><D116/><U95/><E72/><V51/><F37/><W77/><G118/><T30/><D5/><U41/><E121/><V35/><F76/><W66/><G115/><T25/><D134/><U128/><E67/><V16/><F119/><W50/><G133/><T89/><D111/><U36/><E100/><V69/><F65/><W22/><G104/><T56/><D48/><U68/><E68/><V103/><F103/><W29/><G97/><T110/><D110/><U32/><E32/><V4/><F4/><W0/><G0/><T91/><D81/><U70/><E70/><V124/><F69/><W106/><G106/><T71/><D71/><U64/><E64/><V52/><F113/><W43/><G82/><T105/><D105/><U117/><E117/><V73/><F73/><W112/><G112/><T34/><D98/><U131/><REACH who="1" step="1"/><E14/><REACH who="1" step="2"/><N who="2" m="7255" /><F132/><W39/><G123/><T20/><D34/><U83/><E83/><V129/><F33/><W55/><G66/><T93/><D93/><U62/><E62/><V120/><F35/><W96/><G80/><T122/><D122/><U9/><E9/><N who="2" m="2287" /><F120/><W135/><G77/><T63/><D63/><U79/><E79/><V2/><F2/><W92/><G92/><T12/><D59/><U19/><E19/><V125/><F129/><W87/><G135/><T42/><D42/><U27/><E27/><V53/><F88/><AGARI ba="0,1" hai="8,11,36,38,40,41,45,46,84,88,95,128,130,131" machi="88" ten="40,8000,1" yaku="1,1,9,1,19,1,54,1,53,0" doraHai="15" doraHaiUra="18" who="1" fromWho="2" sc="250,0,240,90,250,-80,250,0" /><INIT seed="1,0,0,0,4,25" ten="250,330,170,250" oya="1" hai0="118,26,135,69,21,103,112,19,36,124,17,127,114" hai1="128,59,123,55,121,47,66,29,131,51,113,7,3" hai2="34,16,14,115,65,53,107,98,90,23,11,39,82" hai3="61,30,8,101,91,75,28,33,2,97,79,57,99"/><U95/><E113/><V104/><F39/><W116/><G33/><T48/><D36/><U94/><E3/><V110/><F115/><W133/><G75/><T6/><D69/><U81/><E7/><V45/><F65/><W88/><G79/><T64/><D103/><U122/><E81/><V41/><F34/><W74/><G74/><T27/><D64/><U106/><E106/><V126/><F126/><W60/><G2/><T62/><D62/><N who="3" m="24169" /><G57/><T52/><D118/><U120/><E66/><V134/><F134/><W22/><G8/><T1/><D135/><U84/><E59/><V109/><F41/><W58/><G58/><T4/><D1/><U125/><E125/><V80/><F80/><W105/><G105/><T50/><D21/><U67/><E67/><V92/><F107/><W31/><G116/><T78/><D78/><U49/><E49/><V0/><F0/><W42/><G42/><T38/><D38/><U73/><E73/><V102/><F82/><W68/><G68/><T18/><D18/><U43/><E43/><V72/><F72/><W132/><G132/><T111/><D111/><N who="2" m="42506" /><F45/><W13/><G133/><T15/><D15/><U89/><E95/><V40/><F53/><AGARI ba="0,0" hai="4,6,17,19,26,27,48,50,52,53,112,114,124,127" machi="53" ten="25,3200,0" yaku="22,2,54,1" doraHai="25" who="0" fromWho="2" sc="250,32,330,0,170,-32,250,0" /><INIT seed="2,0,0,2,0,56" ten="282,330,138,250" oya="2" hai0="79,128,97,30,31,70,51,122,98,3,40,36,20" hai1="17,72,32,90,67,50,39,15,126,22,28,89,62" hai2="0,85,109,33,37,114,121,99,75,35,49,1,84" hai3="101,118,65,96,52,64,43,117,61,78,34,27,87"/><V102/><F75/><W124/><G43/><T19/><D3/><U106/><E72/><V92/><F37/><W18/><G124/><T44/><D122/><U91/><E39/><V132/><F121/><W38/><G38/><T110/><D79/><U100/><E126/><V115/><F49/><W13/><G64/><T83/><D83/><U76/><E76/><V2/><F132/><W104/><G87/><T134/><D70/><U129/><E129/><V46/><F46/><W6/><G78/><T130/><D134/><U48/><E28/><V119/><F119/><W12/><G6/><T53/><D110/><U59/><E32/><V80/><F109/><W23/><G52/><T116/><D116/><U131/><E131/><V5/><F5/><W111/><G111/><T8/><D31/><U4/><E4/><V74/><F74/><W26/><G13/><T95/><D98/><U135/><E135/><V29/><F29/><N who="3" m="19767" /><G12/><T24/><D8/><U123/><E123/><V127/><F127/><W57/><G118/><T11/><D11/><U120/><E120/><V58/><F58/><W66/><G66/><T55/><D55/><U68/><E68/><V93/><F0/><W107/><G107/><T42/><D42/><U45/><E45/><V16/><F102/><W86/><G117/><T94/><D30/><U60/><E100/><V112/><F112/><W73/><G73/><T54/><D36/><U63/><E106/><V125/><F125/><W10/><G10/><T82/><D130/><U103/><E103/><V88/><F115/><W41/><G41/><T14/><D128/><RYUUKYOKU ba="0,0" sc="282,-15,330,15,138,-15,250,15" hai1="15,17,22,48,50,59,60,62,63,67,89,90,91" hai3="18,23,27,57,61,65,86,96,101,104" /><INIT seed="3,1,0,5,0,32" ten="267,345,123,265" oya="3" hai0="45,15,130,66,107,103,67,131,116,128,134,113,2" hai1="95,106,108,85,33,56,88,101,94,126,110,90,48" hai2="28,97,8,27,73,44,89,52,92,79,84,87,17" hai3="71,37,10,69,57,55,70,111,123,68,135,46,42"/><W104/><G104/><T119/><D113/><U18/><E33/><V64/><F64/><W109/><G10/><T29/><D29/><U30/><E30/><V1/><F73/><W49/><G123/><T96/><D134/><U115/><E115/><V122/><F122/><W86/><G86/><T9/><D45/><U11/><E126/><V99/><F79/><W62/><G135/><T53/><D53/><U39/><E39/><V133/><F84/><W121/><G121/><T63/><D67/><AGARI ba="1,0" hai="37,42,46,49,55,57,62,67,68,69,70,71,109,111" machi="67" ten="50,12000,1" yaku="24,2,34,3" doraHai="32" who="3" fromWho="0" sc="267,-123,345,0,123,0,265,123" /><INIT seed="3,2,0,2,0,122" ten="144,345,123,388" oya="3" hai0="63,112,107,109,117,123,15,22,25,65,7,9,88" hai1="37,131,91,5,105,51,68,135,38,52,90,13,121" hai2="48,101,70,58,30,103,73,8,55,116,43,77,29" hai3="125,53,24,128,127,11,56,80,96,106,57,31,0"/><W92/><G106/><T93/><D117/><U46/><E105/><V60/><F116/><W95/><G80/><T6/><D107/><U119/><E121/><V104/><F104/><W14/><G0/><T79/><D123/><U89/><E68/><V82/><F29/><W126/><G128/><T47/><D79/><U94/><E119/><V28/><F28/><W12/><G12/><T75/><D75/><U20/><E135/><V62/><F62/><W134/><G134/><T115/><D47/><U64/><E64/><V32/><F8/><W2/><G2/><T130/><D130/><U98/><E131/><V41/><F41/><W27/><G53/><T132/><D132/><U129/><E129/><V114/><F114/><W26/><G31/><T100/><D100/><U33/><E33/><V108/><F30/><W36/><G36/><T124/><D124/><U54/><E54/><V1/><F32/><W67/><G67/><T61/><D6/><U111/><E38/><V120/><F1/><W21/><G21/><T83/><D83/><U86/><E37/><V44/><F120/><W49/><G49/><T72/><D72/><U42/><E42/><V76/><F76/><W40/><G40/><T23/><D25/><U69/><E69/><V35/><F35/><W74/><G74/><T50/><D50/><U19/><E5/><V87/><F70/><W97/><G14/><T16/><D7/><U4/><E4/><V17/><F73/><W99/><G11/><T34/><D34/><U59/><E46/><V10/><F44/><W85/><G85/><T71/><D115/><RYUUKYOKU ba="2,0" sc="144,-10,345,-10,123,-10,388,30" hai3="24,26,27,56,57,92,95,96,97,99,125,126,127" /><INIT seed="3,3,0,5,0,47" ten="134,335,113,418" oya="3" hai0="105,48,50,99,104,43,32,73,93,55,52,65,120" hai1="83,14,76,9,81,113,58,97,86,33,63,68,128" hai2="100,135,36,54,124,77,44,67,25,72,51,61,18" hai3="45,126,132,91,116,49,125,21,69,5,123,22,10"/><W130/><G69/><T127/><D32/><U117/><E68/><V106/><F124/><N who="3" m="47723" /><G123/><T112/><D127/><U131/><E33/><V35/><F135/><W102/><G102/><T80/><D65/><U34/><E34/><V0/><F0/><N who="3" m="295" /><G116/><T64/><D64/><U38/><E38/><V75/><F77/><W20/><G91/><T115/><D120/><U2/><E2/><V26/><F26/><W66/><G66/><T13/><D13/><U70/><E70/><V4/><F4/><W19/><G130/><T27/><D27/><U46/><E117/><V23/><F35/><W41/><G132/><T122/><D122/><U88/><E97/><V28/><F28/><W118/><G118/><T74/><D43/><U129/><E76/><V134/><F134/><W16/><AGARI ba="3,0" hai="16,19,20,21,22,41,45,49" m="295,47723" machi="16" ten="40,7800,0" yaku="18,1,52,1,54,1" doraHai="47" who="3" fromWho="3" sc="134,-29,335,-29,113,-29,418,87" /><INIT seed="3,4,0,5,1,110" ten="105,306,84,505" oya="3" hai0="41,64,72,0,59,86,37,74,83,32,44,119,87" hai1="103,19,70,90,52,114,27,96,17,36,14,111,132" hai2="39,30,33,116,75,15,81,128,129,120,53,131,23" hai3="62,106,57,54,49,51,93,26,9,69,48,76,97"/><W61/><G106/><T91/><D32/><U71/><E111/><V8/><F53/><W67/><G76/><T126/><D0/><U115/><E36/><V84/><F75/><W101/><G9/><T107/><D107/><U5/><E5/><V134/><F39/><W88/><G101/><T38/><D119/><U78/><E78/><V22/><F84/><W10/><G10/><T112/><D37/><U21/><E90/><V100/><F100/><W29/><REACH who="3" step="1"/><G62/><REACH who="3" step="2"/><T13/><D126/><U94/><E103/><V20/><F81/><W104/><G104/><T127/><D127/><U102/><E132/><V121/><F116/><W63/><G63/><T2/><D72/><U6/><E6/><N who="2" m="3479" /><F134/><W12/><G12/><T89/><D74/><U113/><E14/><V42/><F42/><W1/><G1/><T98/><D2/><U34/><E34/><AGARI ba="4,1" hai="26,29,34,48,49,51,54,57,61,67,69,88,93,97" machi="34" ten="30,11600,0" yaku="1,1,7,1,54,1,53,1" doraHai="110" doraHaiUra="25" who="3" fromWho="1" sc="105,0,306,-128,84,0,495,138" /><INIT seed="3,5,0,3,2,71" ten="105,178,84,633" oya="3" hai0="66,3,97,105,15,10,14,44,19,74,57,101,100" hai1="99,34,45,48,80,113,62,117,120,72,33,16,108" hai2="39,58,21,83,6,70,128,85,115,102,123,47,111" hai3="41,90,129,40,36,76,94,29,5,114,18,133,7"/><W79/><G114/><T87/><D74/><U116/><E113/><V68/><F115/><W110/><G18/><T132/><D3/><U121/><E108/><V25/><F111/><W38/><G29/><T30/><D30/><U106/><E62/><V135/><F6/><N who="3" m="2059" /><G110/><T24/><D24/><U42/><E99/><V13/><F13/><W65/><G65/><T77/><D14/><U52/><E106/><V32/><F32/><W55/><G55/><T91/><D77/><N who="3" m="29769" /><G129/><T27/><D27/><U9/><E72/><V46/><F123/><W109/><G109/><T95/><D100/><U60/><E80/><V86/><F102/><W28/><G28/><T134/><D44/><U82/><E82/><V84/><F46/><W126/><G126/><T0/><D0/><U118/><E34/><V26/><F128/><W78/><N who="3" m="29777" /><W104/><DORA hai="2" /><G104/><T125/><D125/><U1/><E33/><V130/><F130/><W96/><G133/><T107/><D107/><U122/><E1/><V23/><F135/><N who="0" m="51754" /><D66/><U112/><E112/><V54/><F83/><W4/><N who="3" m="2067" /><W53/><DORA hai="20" /><G53/><T63/><D105/><U81/><E81/><V73/><F73/><W98/><G98/><T67/><D97/><U17/><E9/><V103/><F103/><W61/><G61/><T37/><D101/><U43/><E60/><V89/><F68/><W131/><G131/><T11/><D11/><U92/><E92/><V127/><F70/><W119/><G119/><T31/><D31/><U8/><E8/><V69/><F69/><W75/><G75/><T35/><D35/><RYUUKYOKU ba="5,0" sc="105,10,178,10,84,-30,633,10" hai0="10,15,19,37,57,63,67,87,91,95" hai1="16,17,42,43,45,48,52,116,117,118,120,121,122" hai3="36,38,40,41,90,94,96" /><INIT seed="3,6,0,1,4,130" ten="115,188,54,643" oya="3" hai0="56,119,124,116,114,44,82,46,37,27,77,83,128" hai1="8,75,115,99,88,94,59,54,89,63,60,87,50" hai2="17,43,19,42,66,32,90,123,73,104,111,95,135" hai3="55,52,57,72,26,51,101,13,30,39,40,20,74"/><W97/><G40/><T133/><D128/><U110/><E110/><V24/><F104/><W25/><G39/><T7/><D7/><U108/><E108/><V84/><F73/><W81/><G81/><T29/><D114/><U35/><E35/><V28/><F111/><W76/><G76/><T38/><D56/><U49/><E75/><V131/><F131/><W125/><G125/><T34/><D124/><U48/><E115/><V10/><F123/><W22/><G13/><T16/><D82/><U58/><E8/><V45/><F42/><W67/><G67/><T91/><D91/><U121/><E121/><V33/><F33/><W41/><G41/><T23/><D44/><U98/><E89/><V36/><F66/><AGARI ba="6,0" hai="48,49,50,54,58,59,60,63,66,87,88,94,98,99" machi="66" ten="40,2600,0" yaku="8,1,54,1" doraHai="130" who="1" fromWho="2" sc="115,0,188,44,54,-44,643,0" /><INIT seed="4,0,0,1,1,92" ten="115,232,10,643" oya="0" hai0="57,21,58,126,16,22,66,44,134,86,131,106,87" hai1="26,61,63,55,20,54,14,104,124,24,74,118,129" hai2="32,105,49,135,110,11,107,89,98,65,77,64,53" hai3="83,0,46,127,9,84,108,79,133,119,60,39,82"/><T72/><D72/><U117/><E74/><V30/><F110/><W48/><G39/><T132/><D106/><U73/><E73/><V33/><F135/><W25/><G108/><T51/><D126/><U95/><E104/><V75/><F75/><W31/><G133/><N who="0" m="51307" /><D131/><U90/><E129/><V88/><F11/><W50/><G119/><T28/><D28/><U19/><E124/><V67/><F77/><W7/><G82/><T112/><D112/><U71/><E71/><V6/><F6/><W70/><G127/><T43/><D22/><U35/><E35/><V93/><F30/><W12/><G0/><T111/><D111/><U10/><E118/><V122/><F122/><W125/><G125/><T130/><D130/><U1/><E1/><V80/><F105/><W81/><G81/><T96/><D96/><N who="1" m="57463" /><E117/><V94/><F80/><W128/><G128/><T109/><D109/><U2/><E2/><V120/><F107/><W100/><G100/><T17/><D17/><N who="1" m="12303" /><E26/><V13/><F13/><W18/><G18/><T59/><D66/><U47/><E47/><V121/><F120/><W68/><G60/><AGARI ba="0,0" hai="10,14,19,54,55,60,61,63" m="12303,57463" machi="60" ten="30,2000,0" yaku="8,1,52,1" doraHai="92" who="1" fromWho="3" sc="115,0,232,20,10,0,643,-20" /><INIT seed="5,0,0,2,4,8" ten="115,252,10,623" oya="1" hai0="55,129,107,2,66,106,100,131,24,75,65,122,85" hai1="74,79,88,9,113,110,19,57,42,15,103,78,80" hai2="128,53,116,73,4,22,91,26,51,92,83,38,95" hai3="125,31,132,86,50,17,6,84,7,47,124,133,121"/><U56/><E113/><V3/><F38/><W68/><G68/><T135/><D2/><U127/><E127/><N who="3" m="48714" /><G31/><T32/><D75/><U123/><E123/><V70/><F70/><W41/><G17/><T119/><D119/><U96/><E110/><V33/><F33/><W130/><G121/><T0/><D0/><U52/><E42/><V105/><F105/><W28/><G28/><T99/><D107/><U104/><E79/><V111/><F116/><W97/><G97/><T63/><D122/><U54/><E57/><V109/><F4/><W23/><G23/><T98/><D98/><U94/><E56/><V37/><F3/><W34/><G34/><T76/><D135/><N who="3" m="51785" /><G86/><AGARI ba="0,0" hai="9,15,19,52,54,74,78,80,86,88,94,96,103,104" machi="86" ten="30,18000,2" yaku="7,1,24,2,52,1,54,2" doraHai="8" who="1" fromWho="3" sc="115,0,252,180,10,0,623,-180" /><INIT seed="5,1,0,1,1,76" ten="115,432,10,443" oya="1" hai0="69,100,104,83,71,106,77,78,108,124,59,49,56" hai1="10,17,110,114,14,115,89,122,66,1,61,2,74" hai2="86,54,6,55,48,70,91,67,75,84,28,118,85" hai3="81,134,52,39,19,129,29,18,3,119,132,8,109"/><U113/><E74/><V107/><F75/><W105/><G105/><T120/><D108/><U12/><E122/><V30/><F107/><W11/><G39/><T125/><D78/><U130/><E130/><V41/><F118/><W37/><G37/><T40/><D120/><U95/><E110/><V117/><F117/><W4/><G119/><T101/><D104/><U0/><E17/><V112/><F6/><W92/><G129/><T44/><D59/><U38/><E38/><V128/><F128/><W24/><G92/><T36/><D69/><N who="1" m="42191" /><E10/><V51/><F67/><W116/><G109/><T133/><D71/><U123/><E123/><V80/><F70/><W46/><G116/><T96/><D101/><U82/><E82/><N who="2" m="49559" /><F85/><AGARI ba="1,0" hai="0,1,2,12,14,85,89,95,113,114,115" m="42191" machi="85" ten="40,2000,0" yaku="15,1" doraHai="76" who="1" fromWho="2" sc="115,0,432,23,10,-23,443,0" owari="115,-28,455,55,-13,-51,443,24" /></mjloggm>