<mjloggm ver="2.3"><GO type="193"/><UN n0="%E3%81%82%E3%81%BE%E3%81%BD%E3%82%93" n1="%E6%89%93%E7%82%B9%E9%87%8D%E8%A6%96" n2="%52%75%6D%6D%79" n3="%E3%82%A6%E3%83%AB%E3%83%88%E3%83%A9%E7%AB%8B%E7%9B%B4" dan="10,12,11,13" rate="1502,1816,1594,1794" sx="M,M,M,M"/><TAIKYOKU oya="0"/><BYE who="0" /><INIT seed="0,0,0,5,3,58" ten="250,250,250,250" oya="0" hai0="48,116,70,80,123,28,49,59,73,82,30,126,6" hai1="84,135,89,97,20,47,134,132,57,122,0,19,40" hai2="50,56,68,31,113,117,66,52,43,45,33,1,18" hai3="34,37,87,100,13,109,54,41,5,10,24,26,128"/><T125/><D125/><U92/><E122/><V29/><F117/><W15/><G41/><T62/><D62/><U74/><E0/><V111/><F113/><W72/><G37/><T27/><D27/><N who="1" m="14751" /><E74/><V60/><F111/><W120/><G72/><T86/><D86/><U79/><E79/><V121/><F121/><W64/><G120/><T124/><D124/><U91/><E57/><V96/><F1/><W131/><G109/><T102/><D102/><N who="1" m="60711" /><E84/><V129/><F129/><N who="3" m="49739" /><G87/><T77/><D77/><U95/><E95/><V133/><F96/><W104/><G100/><T25/><D25/><N who="3" m="9833" /><G104/><T76/><D76/><U130/><E130/><V67/><F133/><W16/><G54/><T78/><D78/><U46/><E46/><V90/><F33/><W21/><G64/><T32/><D32/><AGARI ba="0,0" hai="5,10,13,15,16,21,32,34" m="9833,49739" machi="32" ten="30,7700,0" yaku="19,1,34,2,54,1" doraHai="58" who="3" fromWho="0" sc="250,-77,250,0,250,0,250,77" /><INIT seed="1,0,0,4,0,109" ten="173,250,250,327" oya="1" hai0="13,78,98,64,59,9,128,51,62,97,26,1,17" hai1="76,121,34,67,101,100,135,47,54,130,6,29,55" hai2="79,118,28,90,68,33,92,110,31,41,103,10,80" hai3="94,49,66,69,2,102,88,12,46,119,40,60,72"/><U22/><E121/><V21/><F118/><W16/><G2/><T56/><D56/><U127/><E34/><V124/><F110/><W115/><G72/><T8/><D8/><U117/><E117/><V74/><F124/><W132/><G119/><T113/><D113/><U122/><E122/><V95/><F33/><W104/><G132/><T96/><D96/><U20/><E127/><V105/><F68/><W61/><G61/><T18/><D18/><U89/><E135/><V77/><F77/><W35/><G35/><T81/><D81/><U7/><E130/><V11/><F95/><W125/><G125/><T57/><D57/><U52/><E67/><V63/><F41/><W50/><G115/><T120/><D120/><U4/><E76/><V87/><F63/><W38/><G102/><N who="1" m="39530" /><E89/><V27/><REACH who="2" step="1"/><F28/><REACH who="2" step="2"/><W65/><G104/><T36/><D36/><U25/><E47/><V106/><F106/><W58/><G69/><T82/><D82/><U84/><E84/><V85/><F85/><W0/><G66/><T134/><D134/><U131/><E131/><V108/><F108/><W53/><G65/><T32/><D32/><U43/><E43/><V86/><F86/><N who="3" m="52503" /><G38/><T123/><D123/><U83/><E83/><V73/><F73/><W39/><G39/><T116/><D116/><U48/><E48/><V5/><F5/><W14/><G50/><T99/><D99/><AGARI ba="0,1" hai="10,11,21,27,31,74,79,80,87,90,92,99,103,105" machi="99" ten="40,5200,0" yaku="1,1,24,2,53,0" doraHai="109" doraHaiUra="42" who="2" fromWho="0" sc="173,-52,250,0,240,62,327,0" /><INIT seed="2,0,0,4,2,82" ten="121,250,302,327" oya="2" hai0="47,126,129,94,49,99,78,23,76,30,59,135,85" hai1="103,123,130,105,70,57,17,64,36,28,132,18,84" hai2="92,15,13,69,100,53,116,114,32,115,21,50,37" hai3="128,19,38,97,71,66,120,96,124,98,121,101,10"/><V1/><F37/><W54/><G38/><T9/><D9/><U118/><E118/><V27/><F1/><W63/><G124/><T3/><D3/><U56/><E36/><V35/><F116/><W33/><G33/><T112/><D112/><U93/><E105/><V14/><F69/><W39/><G39/><T67/><D67/><U106/><E106/><V43/><F43/><W81/><G101/><T108/><D108/><U102/><E132/><V29/><F92/><W42/><G42/><T107/><D107/><U68/><E130/><V119/><F100/><W22/><G10/><T62/><D62/><U65/><E123/><V72/><F72/><W31/><G31/><T61/><D61/><U73/><E28/><V95/><F95/><W34/><G34/><T41/><D41/><U104/><E104/><V16/><F119/><W133/><G133/><T90/><D90/><U6/><E6/><V125/><F125/><W134/><G134/><T91/><D91/><U74/><E93/><V86/><F86/><AGARI ba="0,0" hai="17,18,56,57,64,65,68,70,73,74,84,86,102,103" machi="86" ten="25,6400,0" yaku="22,2,52,2" doraHai="82" who="1" fromWho="2" sc="121,0,250,64,302,-64,327,0" /><INIT seed="3,0,0,0,5,120" ten="121,314,238,327" oya="3" hai0="114,90,75,86,125,84,39,31,88,43,36,127,70" hai1="72,117,42,48,106,71,7,28,5,63,110,132,52" hai2="18,93,99,73,105,102,29,109,82,121,57,135,67" hai3="123,64,13,19,76,0,26,11,54,41,74,85,118"/><W58/><G123/><T66/><D66/><U16/><E106/><V14/><F121/><W124/><G74/><T45/><D45/><U35/><E72/><V101/><F101/><W115/><G115/><T131/><D131/><U24/><E110/><V107/><F135/><W2/><G118/><T8/><D8/><U98/><E132/><V1/><F1/><W50/><G124/><T97/><D97/><U69/><E117/><V100/><F29/><W95/><G64/><T65/><D65/><U113/><E113/><V23/><F102/><W79/><G41/><T20/><D20/><U6/><E42/><V78/><F67/><W68/><G68/><T59/><D59/><U12/><E63/><V53/><REACH who="2" step="1"/><F109/><REACH who="2" step="2"/><W134/><G2/><T111/><D111/><U96/><E71/><V15/><F15/><W104/><G0/><T61/><D61/><AGARI ba="0,1" hai="14,18,23,53,57,61,73,78,82,93,99,100,105,107" machi="61" ten="30,2000,0" yaku="1,1,7,1,53,0" doraHai="120" doraHaiUra="129" who="2" fromWho="0" sc="121,-20,314,0,228,30,327,0" owari="101,-30,314,6,258,-9,327,33" /></mjloggm>