<mjloggm ver="2.3"><GO type="193"/><UN n0="%E3%82%A6%E3%83%AB%E3%83%88%E3%83%A9%E7%AB%8B%E7%9B%B4" n1="%E3%82%BF%E3%83%83%E3%82%BF" n2="%72%65%63%6F%62%61" n3="%45%56%4F%38%4D%52" dan="13,12,13,12" rate="1794,1701,1759,1568" sx="M,M,M,M"/><TAIKYOKU oya="0"/><INIT seed="0,0,0,5,5,75" ten="250,250,250,250" oya="0" hai0="127,28,106,54,130,115,129,77,26,93,42,0,95" hai1="98,134,71,2,89,11,135,128,27,15,36,56,39" hai2="72,21,117,107,9,99,49,44,102,31,38,14,114" hai3="125,73,17,52,12,37,84,67,110,7,63,35,50"/><T1/><D106/><U43/><E71/><V112/><F38/><W90/><G35/><T126/><D42/><U120/><E120/><V51/><F117/><W85/><G37/><T103/><D54/><U94/><E2/><V61/><F72/><W92/><G73/><T47/><D47/><U34/><E34/><V45/><F61/><W29/><G110/><T66/><D66/><U33/><E33/><V57/><F57/><W25/><G125/><T132/><D26/><U53/><E43/><V83/><F83/><W41/><G41/><T87/><D28/><U58/><E56/><V116/><F116/><W82/><G7/><T78/><D87/><U4/><E27/><V68/><F68/><W30/><G25/><T69/><D69/><U131/><E39/><V23/><F23/><W55/><G55/><T121/><D103/><U10/><E11/><V3/><F3/><W13/><G13/><T60/><D60/><U40/><E40/><V8/><F8/><N who="3" m="6279" /><G67/><T113/><D132/><N who="1" m="50731" /><E36/><V74/><F74/><W101/><G101/><T76/><D76/><U118/><E118/><V46/><F31/><W6/><G63/><AGARI ba="0,0" hai="4,10,15,53,58,63,89,94,98,128,131" m="50731" machi="63" ten="30,1000,0" yaku="20,1" doraHai="75" who="1" fromWho="3" sc="250,0,250,10,250,0,250,-10" /><INIT seed="1,0,0,0,2,0" ten="250,260,250,240" oya="1" hai0="49,102,48,32,97,129,6,65,21,70,92,121,15" hai1="38,107,85,16,113,31,119,53,29,87,132,131,127" hai2="33,78,11,10,4,63,36,130,57,56,18,1,77" hai3="134,128,83,120,9,126,26,104,46,100,37,7,123"/><U34/><E107/><V60/><F33/><W72/><G134/><T44/><D32/><U76/><E119/><V52/><F36/><W133/><G128/><T108/><D108/><U116/><E116/><V95/><F130/><W22/><G126/><T93/><D129/><U105/><E131/><V61/><F61/><W110/><G133/><T17/><D70/><U24/><E105/><V19/><F95/><W5/><G110/><T80/><D65/><U112/><E132/><V35/><F35/><W106/><G123/><T43/><D121/><U73/><E38/><V90/><F90/><W42/><G120/><T69/><D69/><U59/><E127/><V135/><F135/><W55/><G55/><T111/><D111/><U39/><E39/><V20/><F19/><W91/><G91/><T64/><D64/><U98/><E113/><V82/><F11/><W58/><G58/><T89/><D80/><U84/><E112/><V45/><F45/><W30/><G100/><T47/><D6/><U118/><E118/><V103/><F103/><W67/><G67/><T109/><D109/><U122/><E122/><V41/><F41/><W14/><G5/><T13/><D13/><U28/><E73/><V115/><F82/><W23/><G23/><T88/><D93/><U54/><E34/><V66/><F115/><W71/><G71/><T124/><D124/><U96/><E76/><V81/><F81/><W101/><G101/><T114/><D114/><U125/><E125/><V3/><F3/><W74/><G74/><T86/><D86/><U75/><E75/><V79/><F79/><AGARI ba="0,0" hai="7,9,14,22,26,30,37,42,46,72,79,83,104,106" machi="79" ten="40,2600,0" yaku="6,1,52,1" doraHai="0" who="3" fromWho="2" sc="250,0,260,0,250,-26,240,26" /><INIT seed="2,0,0,1,5,46" ten="250,260,224,266" oya="2" hai0="94,104,114,20,28,35,109,117,48,103,89,68,52" hai1="43,19,55,123,135,124,118,86,65,8,67,119,108" hai2="2,14,83,12,66,125,0,88,95,79,62,128,126" hai3="37,69,122,10,6,61,11,57,121,27,133,99,71"/><V36/><F36/><W105/><G37/><T101/><D35/><U113/><E43/><V58/><F128/><W111/><G133/><T13/><D68/><U75/><E75/><V38/><F38/><W24/><G111/><T64/><D64/><U131/><E131/><V29/><F29/><W47/><G47/><N who="0" m="27679" /><D104/><U70/><E70/><V93/><F93/><W40/><G40/><T44/><D44/><U73/><E73/><V87/><F2/><W31/><G71/><T120/><D120/><U33/><E33/><V9/><F0/><W76/><G76/><T25/><D114/><U4/><E113/><V115/><F115/><W85/><G69/><T18/><D117/><U102/><E123/><V91/><F91/><W74/><G74/><T92/><D109/><U50/><E108/><V82/><F82/><W7/><G85/><T129/><D129/><U98/><E86/><V17/><REACH who="2" step="1"/><F14/><REACH who="2" step="2"/><W96/><G105/><T53/><D92/><N who="1" m="58695" /><E118/><V45/><F45/><W26/><G31/><T134/><D28/><U3/><E119/><V15/><F15/><W100/><G100/><N who="0" m="38475" /><D134/><U34/><E135/><V132/><F132/><W5/><G122/><T84/><D13/><U81/><E81/><V54/><F54/><AGARI ba="0,1" hai="18,20,25,53,54,84,89,94" m="38475,27679" machi="54" ten="30,3900,0" yaku="8,1,52,1,54,1" doraHai="46" who="0" fromWho="2" sc="250,49,260,0,214,-39,266,0" /><INIT seed="3,0,0,1,0,51" ten="299,260,175,266" oya="3" hai0="109,105,19,108,10,38,8,4,22,74,77,63,53" hai1="99,128,117,88,103,1,41,126,118,50,121,65,93" hai2="60,125,5,127,35,79,124,82,57,122,112,46,83" hai3="70,76,134,66,123,69,116,135,98,6,58,56,86"/><W90/><G123/><T97/><D38/><U21/><E1/><V13/><F112/><W54/><G116/><N who="1" m="44650" /><E121/><V71/><F71/><W47/><G6/><T12/><D77/><U14/><E65/><V3/><F3/><W89/><G76/><T24/><D74/><U30/><E128/><V68/><F68/><N who="3" m="26219" /><G98/><T113/><D113/><U64/><E64/><V111/><F35/><W48/><G86/><T132/><D63/><U17/><E30/><V9/><F122/><W43/><G90/><T75/><D53/><U45/><E126/><V31/><F31/><W61/><G89/><AGARI ba="0,0" hai="14,17,21,41,45,50,88,89,93,99,103" m="44650" machi="89" ten="30,2000,0" yaku="12,1,54,1" doraHai="51" who="1" fromWho="3" sc="299,0,260,20,175,0,266,-20" /><INIT seed="4,0,0,1,1,51" ten="299,280,175,246" oya="0" hai0="62,41,85,81,125,47,52,14,69,36,100,57,98" hai1="94,128,68,1,82,9,78,108,5,93,123,106,97" hai2="104,121,92,101,110,105,26,61,131,56,4,31,87" hai3="50,63,29,55,112,130,42,34,91,120,33,127,119"/><T30/><D30/><U6/><E123/><V15/><F121/><W12/><G119/><T71/><D14/><U117/><E117/><V126/><F110/><W114/><G120/><T43/><D43/><U40/><E68/><V102/><F126/><W88/><G127/><T77/><D125/><U2/><E108/><V59/><F131/><W74/><G74/><T49/><D36/><U75/><E128/><V96/><F96/><W116/><G116/><T70/><D70/><U8/><E40/><V45/><F45/><W22/><G130/><T109/><D109/><U99/><REACH who="1" step="1"/><E106/><AGARI ba="0,0" hai="41,47,49,52,57,62,69,71,77,81,85,98,100,106" machi="106" ten="30,5800,0" yaku="7,1,52,1,54,1" doraHai="51" who="0" fromWho="1" sc="299,58,280,-58,175,0,246,0" owari="357,35,222,-13,175,-22,246,0" /></mjloggm>