<mjloggm ver="2.3"><GO type="41"/><UN n0="%E3%82%A6%E3%83%AB%E3%83%88%E3%83%A9%E7%AB%8B%E7%9B%B4" n1="%66%69%73%6D%79" n2="%53%55%E2%98%86%E6%98%86%E5%B8%83" n3="%E3%82%AB%E3%82%BA%E3%82%B3%E3%83%A0%E3%82%B7" dan="15,15,14,16" rate="1965,1970,1976,1901" sx="M,F,M,M"/><TAIKYOKU oya="0"/><INIT seed="0,0,0,0,1,66" ten="250,250,250,250" oya="0" hai0="74,133,81,28,48,130,62,127,95,84,39,76,102" hai1="79,44,101,30,9,98,41,58,129,75,104,17,18" hai2="120,91,45,125,100,131,92,20,110,134,73,3,53" hai3="11,111,26,43,71,105,99,59,77,96,49,63,132"/><T113/><D39/><U106/><E129/><V128/><F120/><W93/><G111/><T35/><D113/><U108/><E108/><V33/><F33/><W56/><G132/><T52/><D133/><U8/><E106/><V5/><F73/><W119/><G119/><T32/><D130/><U23/><E30/><V68/><F68/><W14/><G77/><T47/><D127/><U50/><E79/><V13/><F125/><W24/><G105/><T87/><D74/><U64/><E75/><V27/><F100/><W70/><G43/><T122/><D122/><U1/><E1/><V123/><F123/><W72/><G72/><T12/><D28/><U115/><E115/><V82/><F82/><W97/><G49/><T67/><D12/><U107/><E107/><V65/><F3/><W118/><G118/><T40/><D40/><U86/><E86/><V60/><F110/><W94/><G63/><T51/><D51/><U54/><E64/><V83/><F60/><W6/><G6/><T55/><D55/><U135/><E135/><V25/><F65/><W7/><G7/><T69/><REACH who="0" step="1"/><D84/><REACH who="0" step="2"/><U46/><E41/><V31/><F134/><W117/><G117/><T4/><D4/><U29/><E29/><N who="2" m="17575" /><F5/><W126/><G126/><T85/><D85/><U88/><E50/><V112/><F131/><W42/><G42/><T34/><D34/><U114/><E114/><V16/><F112/><W38/><G38/><T36/><D36/><U90/><E54/><V89/><F128/><W103/><G14/><T109/><D109/><U80/><E18/><V15/><F16/><RYUUKYOKU ba="0,1" sc="240,30,250,-10,250,-10,250,-10" hai0="32,35,47,48,52,62,67,69,76,81,87,95,102" /><INIT seed="0,1,1,4,4,114" ten="270,240,240,240" oya="0" hai0="77,58,40,27,13,18,109,34,124,70,29,82,94" hai1="85,28,61,16,74,126,57,36,17,133,5,54,30" hai2="100,91,97,48,53,46,120,41,56,72,129,12,95" hai3="69,21,80,130,81,122,33,31,35,132,45,135,68"/><T62/><D70/><N who="3" m="27241" /><G21/><T89/><D40/><U119/><E74/><V118/><F129/><W106/><G31/><T67/><D124/><U32/><E126/><V116/><F120/><W20/><G20/><T37/><D37/><U121/><E121/><V63/><F72/><W84/><G122/><T111/><D82/><N who="3" m="31849" /><G84/><T99/><REACH who="0" step="1"/><D77/><REACH who="0" step="2"/><U24/><E36/><V86/><REACH who="2" step="1"/><F12/><REACH who="2" step="2"/><W107/><G130/><T7/><D7/><U10/><E5/><V44/><F44/><W103/><G45/><T127/><D127/><U75/><E24/><V8/><F8/><AGARI ba="1,3" hai="8,13,18,27,29,34,58,62,67,89,94,99,109,111" machi="8" ten="40,2000,0" yaku="1,1,53,0" doraHai="114" doraHaiUra="19" who="0" fromWho="2" sc="260,53,240,0,230,-23,240,0" /><INIT seed="0,2,0,0,5,37" ten="313,240,207,240" oya="0" hai0="45,96,41,100,118,115,43,71,114,16,70,67,24" hai1="69,63,62,98,112,61,91,56,72,4,113,75,18" hai2="123,74,10,50,105,102,117,110,109,82,129,15,68" hai3="32,85,48,121,13,101,89,92,20,111,131,90,81"/><T2/><D2/><U120/><E120/><V66/><F123/><W47/><G121/><T55/><D96/><U79/><E4/><V73/><F129/><W78/><G131/><T83/><D100/><U28/><E28/><V135/><F135/><W119/><G119/><T53/><D83/><U127/><E127/><V76/><F74/><N who="1" m="28201" /><E79/><V65/><F50/><W5/><G32/><T1/><D1/><U39/><E39/><V99/><F117/><W25/><G111/><N who="2" m="42505" /><F68/><N who="0" m="26154" /><D16/><AGARI ba="2,0" hai="10,15,16,65,66,73,76,82,99,102,105" m="42505" machi="16" ten="30,2000,0" yaku="14,1,54,1" doraHai="37" who="2" fromWho="0" sc="313,-26,240,0,207,26,240,0" /><INIT seed="1,0,0,3,5,18" ten="287,240,233,240" oya="1" hai0="28,134,99,30,10,3,116,62,90,111,7,97,74" hai1="80,52,88,49,72,24,9,38,101,20,126,93,117" hai2="78,133,31,108,40,59,77,0,16,86,67,119,73" hai3="75,37,6,81,17,121,13,8,68,14,26,118,110"/><U41/><E117/><V84/><F119/><W45/><G121/><T120/><D74/><U65/><E126/><V102/><F0/><W2/><G118/><T83/><D116/><U85/><E65/><V1/><F1/><W71/><G110/><T43/><D120/><U25/><E38/><V135/><F108/><W47/><G47/><T100/><D111/><U34/><E41/><V114/><F31/><W115/><G115/><T109/><D109/><U19/><E9/><V58/><F114/><W42/><G26/><T27/><D134/><N who="2" m="51210" /><F40/><W123/><G123/><T89/><D43/><U35/><E25/><V132/><F102/><W122/><G122/><T63/><D30/><U125/><E125/><V61/><F132/><W96/><G96/><T64/><D99/><U107/><E107/><V79/><F73/><W57/><G57/><N who="2" m="21513" /><F16/><W98/><G98/><T11/><D11/><U29/><E29/><V22/><F22/><N who="3" m="11567" /><G14/><T105/><D63/><U51/><E101/><V124/><F124/><W39/><G39/><T36/><D36/><U50/><REACH who="1" step="1"/><E52/><REACH who="1" step="2"/><V91/><F91/><W127/><G127/><T128/><D89/><U66/><E66/><V69/><AGARI ba="0,1" hai="61,67,69,77,78,79,84,86" m="21513,51210" machi="69" ten="40,1500,0" yaku="20,1" doraHai="18" who="2" fromWho="2" sc="287,-4,230,-7,233,25,240,-4" /><INIT seed="2,0,0,3,4,72" ten="283,223,258,236" oya="2" hai0="124,20,14,109,126,71,11,28,92,113,104,15,1" hai1="131,29,4,75,48,18,79,127,43,13,133,122,78" hai2="105,102,116,132,56,33,10,9,108,106,17,37,65" hai3="42,0,46,21,58,22,50,130,41,100,121,19,99"/><V96/><F116/><W35/><G121/><T61/><D104/><U55/><E75/><V120/><F120/><W62/><G130/><T74/><D74/><U45/><E131/><V95/><F37/><W76/><G0/><T63/><D71/><U16/><E122/><V66/><F33/><W57/><G35/><T101/><D1/><U107/><E107/><V97/><F132/><W134/><G134/><T12/><D11/><N who="1" m="4327" /><E133/><V53/><F106/><W68/><G68/><T52/><D113/><U90/><E127/><V34/><F34/><W82/><G41/><T125/><D109/><U110/><E110/><V25/><F108/><W64/><G58/><T6/><D6/><U119/><E119/><V93/><F105/><W54/><G42/><T70/><D70/><U51/><E90/><N who="2" m="55351" /><F9/><W5/><G5/><T135/><D135/><U73/><E73/><V30/><F30/><W114/><G114/><T94/><D28/><U80/><E29/><V47/><F47/><W36/><G36/><T23/><D101/><U3/><E3/><V24/><F10/><W60/><G60/><T86/><D63/><U38/><E38/><V88/><F102/><W7/><G7/><T98/><D61/><U2/><E2/><V129/><F129/><W128/><G128/><T118/><D118/><U31/><E31/><V67/><F17/><N who="1" m="6761" /><E80/><V44/><F44/><AGARI ba="0,0" hai="43,44,45,48,51,55,78,79" m="6761,4327" machi="44" ten="30,7700,0" yaku="8,1,52,2,54,1" doraHai="72" who="1" fromWho="2" sc="283,0,223,77,258,-77,236,0" /><INIT seed="3,0,0,0,1,67" ten="283,300,181,236" oya="3" hai0="78,7,71,26,84,10,99,57,23,110,133,96,27" hai1="134,5,36,51,44,41,102,39,135,125,73,121,88" hai2="87,55,109,16,126,58,80,6,113,9,17,48,25" hai3="119,33,72,74,79,85,129,115,116,8,20,61,108"/><W81/><G33/><T59/><D110/><U34/><E34/><V24/><F113/><W21/><G115/><T100/><D133/><N who="1" m="50699" /><E73/><V60/><F109/><W32/><G32/><T49/><D99/><U30/><E30/><V91/><F126/><W105/><G108/><T76/><D26/><U82/><E121/><V31/><F60/><W130/><G105/><T90/><D78/><U103/><E125/><V114/><F114/><W120/><G120/><T107/><D76/><U118/><E5/><V98/><F98/><W13/><G61/><T3/><D49/><U117/><E103/><V54/><F55/><W53/><G53/><T92/><REACH who="0" step="1"/><D71/><REACH who="0" step="2"/><U65/><E51/><V18/><REACH who="2" step="1"/><F31/><AGARI ba="0,1" hai="3,7,10,23,27,31,57,59,84,90,92,96,100,107" machi="31" ten="30,7700,0" yaku="1,1,2,1,7,1,53,1" doraHai="67" doraHaiUra="101" who="0" fromWho="2" sc="273,87,300,0,181,-77,236,0" /><INIT seed="4,0,0,5,0,134" ten="360,300,104,236" oya="0" hai0="54,130,103,37,92,40,102,124,50,41,128,1,76" hai1="32,90,87,43,107,108,126,68,70,79,91,10,84" hai2="127,86,51,9,21,45,112,109,6,132,5,11,119" hai3="120,47,116,96,64,88,31,49,101,118,46,35,24"/><T117/><D1/><U57/><E108/><V89/><F112/><W95/><G120/><T13/><D76/><U15/><E107/><V60/><F109/><W26/><G26/><T75/><D75/><U111/><E111/><V94/><F132/><W14/><G14/><T34/><D34/><U20/><E32/><V115/><F115/><W4/><G4/><T0/><D0/><U135/><E135/><V58/><F119/><W82/><G46/><T66/><D66/><U56/><E20/><V52/><F21/><W19/><G19/><T61/><D61/><U97/><E79/><V42/><REACH who="2" step="1"/><F127/><REACH who="2" step="2"/><W129/><G129/><T98/><D117/><U74/><E126/><V121/><F121/><W36/><G36/><T63/><D124/><U99/><E10/><AGARI ba="0,1" hai="5,6,9,10,11,42,45,51,52,58,60,86,89,94" machi="10" ten="40,5200,0" yaku="1,1,8,1,54,1,53,0" doraHai="134" doraHaiUra="62" who="2" fromWho="1" sc="360,0,300,-52,94,62,236,0" /><INIT seed="5,0,0,0,3,70" ten="360,248,156,236" oya="1" hai0="51,63,8,0,58,129,128,14,39,41,7,34,17" hai1="52,40,15,80,12,69,73,59,92,101,120,22,112" hai2="78,16,75,85,124,93,71,67,57,33,99,134,64" hai3="103,19,107,88,44,21,23,113,35,37,84,132,48"/><U43/><E69/><V118/><F118/><W55/><G113/><T123/><D34/><U121/><E112/><V62/><F75/><W74/><G35/><T83/><D51/><U60/><E120/><V110/><F110/><W72/><G132/><T2/><D123/><U114/><E114/><V94/><F33/><W4/><G4/><T125/><D83/><U38/><E121/><V29/><F29/><W119/><G119/><T61/><D61/><U28/><E73/><V87/><F134/><W18/><G107/><T126/><D41/><N who="1" m="15947" /><E38/><V100/><F124/><N who="0" m="47722" /><D39/><U127/><E127/><V13/><F71/><W45/><G103/><T10/><D0/><U49/><E80/><V130/><F67/><AGARI ba="0,0" hai="2,7,8,10,14,17,58,63,67,128,129" m="47722" machi="67" ten="30,1000,0" yaku="18,1" doraHai="70" who="0" fromWho="2" sc="360,10,248,0,156,-10,236,0" /><INIT seed="6,0,0,2,4,26" ten="370,248,146,236" oya="2" hai0="93,8,79,127,91,68,135,10,43,62,95,25,22" hai1="122,108,70,88,116,133,5,9,33,45,69,117,12" hai2="61,89,77,71,103,97,94,81,58,34,42,48,106" hai3="31,86,15,4,14,40,56,54,111,20,118,51,44"/><V19/><F34/><W29/><G111/><T53/><D79/><U64/><E108/><V78/><F71/><W110/><G110/><T16/><D95/><U125/><E133/><V23/><F48/><W96/><G118/><T24/><D127/><U21/><E125/><V11/><F11/><W30/><G96/><N who="0" m="57407" /><D68/><U84/><E33/><V52/><F42/><W0/><G0/><T13/><D43/><U60/><E69/><V75/><F78/><W17/><G4/><T115/><D115/><U119/><E45/><V101/><REACH who="2" step="1"/><F106/><REACH who="2" step="2"/><W28/><N who="3" m="7680" /><DORA hai="39" /><W63/><REACH who="3" step="1"/><G86/><REACH who="3" step="2"/><T55/><D135/><U66/><E84/><V1/><F1/><W36/><G36/><T134/><D134/><U123/><E116/><V112/><F112/><W41/><G41/><T38/><D38/><U35/><E117/><V98/><F98/><W27/><AGARI ba="0,2" hai="14,15,17,20,27,40,44,51,54,56,63" m="7680" machi="27" ten="40,16000,3" yaku="1,1,0,1,8,1,52,5,53,0" doraHai="26,39" doraHaiUra="83,132" who="3" fromWho="3" sc="370,-40,248,-40,136,-80,226,180" /><INIT seed="7,0,0,4,3,57" ten="330,208,56,406" oya="3" hai0="9,81,41,106,19,72,65,44,32,49,112,66,43" hai1="50,115,80,107,114,108,4,47,51,5,98,97,85" hai2="75,94,1,131,7,20,26,78,29,58,133,15,3" hai3="95,31,79,53,109,23,2,132,8,37,24,36,59"/><W83/><G132/><T17/><D32/><U124/><E107/><V134/><F94/><W0/><G109/><T90/><D106/><U86/><E80/><V99/><F99/><W100/><G0/><T14/><D112/><U55/><E47/><V33/><F78/><W6/><G100/><T22/><D72/><U105/><E105/><V92/><F92/><W42/><G95/><T67/><D43/><U68/><E68/><V129/><F75/><W117/><G117/><T87/><REACH who="0" step="1"/><D66/><REACH who="0" step="2"/><U30/><E108/><V77/><F58/><W123/><G123/><T39/><D39/><U34/><E34/><V69/><F69/><W48/><G42/><T35/><D35/><U126/><E30/><V54/><F54/><AGARI ba="0,1" hai="4,5,50,51,54,55,85,86,97,98,114,115,124,126" machi="54" ten="25,1600,0" yaku="22,2" doraHai="57" who="1" fromWho="2" sc="320,0,208,26,56,-16,406,0" owari="320,12,234,-17,40,-46,406,51" /></mjloggm>