<mjloggm ver="2.3"><GO type="9"/><UN n0="%6D%61%30%36%31%36" n1="%E4%B9%85%E4%BF%A1" n2="%61%6D%65%5E%63%68%61%6E" n3="%E3%82%A6%E3%83%AB%E3%83%88%E3%83%A9%E7%AB%8B%E7%9B%B4" dan="6,0,1,7" rate="1547,1500,1528,1659" sx="M,M,M,M"/><TAIKYOKU oya="0"/><INIT seed="0,0,0,5,2,130" ten="250,250,250,250" oya="0" hai0="56,126,5,40,16,85,117,50,109,18,132,84,115" hai1="46,97,28,134,92,9,7,27,65,55,63,6,107" hai2="37,19,133,77,8,135,17,101,119,103,93,94,73" hai3="26,121,15,120,71,36,69,90,86,44,39,116,62" shuffle="mt19937ar,373A3D2B,849440CE,EB43BAF9,CC1A4E8C,931A1455,DF79D7EA,C1329EA4,9D4590B7"/><T64/><D117/><U12/><E134/><N who="2" m="51211" /><F119/><W104/><G104/><T47/><D132/><U59/><E107/><V13/><F37/><W45/><G116/><T111/><D115/><U2/><E46/><N who="3" m="18026" /><G15/><T129/><D129/><U83/><E83/><N who="2" m="45487" /><F19/><N who="0" m="7210" /><D5/><N who="1" m="1547" /><E2/><V43/><F43/><W51/><G26/><T23/><D23/><N who="1" m="15487" /><E12/><V98/><F94/><W48/><G90/><AGARI ba="0,0" hai="8,13,17,90,93,98,101,103" m="45487,51211" machi="90" ten="30,7700,0" yaku="20,1,52,3" doraHai="130" who="2" fromWho="3" sc="250,0,250,0,250,77,250,-77" /><INIT seed="1,0,0,1,3,100" ten="250,250,327,173" oya="1" hai0="133,31,10,34,39,127,0,94,97,4,106,96,119" hai1="8,29,48,44,49,83,41,5,92,118,108,126,40" hai2="122,47,65,13,18,50,102,21,54,105,45,87,132" hai3="43,17,62,121,26,30,123,76,95,6,104,61,109" shuffle="mt19937ar,3A49707F,4A5FEBD9,C7B281CD,716DDD69,C97B68B4,F8306B30,C3C17AE4,1448D1F5"/><U117/><E126/><V23/><F122/><W86/><G6/><T37/><D127/><U128/><E128/><V42/><F132/><W52/><G43/><T114/><D114/><U111/><E29/><V60/><F87/><W12/><G109/><N who="1" m="42058" /><E83/><V3/><F3/><W84/><G62/><T79/><D133/><U120/><E120/><V74/><F74/><W88/><G84/><T81/><D119/><U19/><E19/><V93/><F93/><W24/><G76/><T131/><D131/><U89/><E41/><V38/><F102/><W70/><G123/><T7/><D7/><U103/><E103/><V129/><F129/><W57/><G121/><T33/><D106/><U80/><E80/><V78/><F78/><W25/><G70/><T107/><D31/><U72/><E72/><V125/><F125/><W91/><G91/><T36/><D107/><U15/><E92/><V1/><F1/><W56/><G56/><T116/><D116/><N who="1" m="44651" /><E89/><V130/><F130/><W124/><G124/><T64/><D64/><U112/><E112/><V110/><F110/><W113/><G113/><T14/><D14/><U2/><E15/><V22/><F105/><W66/><G104/><T35/><REACH who="0" step="1"/><D94/><REACH who="0" step="2"/><U90/><E90/><V11/><F11/><W68/><G30/><T27/><D27/><U98/><E98/><V85/><F85/><AGARI ba="0,1" hai="0,4,10,33,34,35,36,37,39,79,81,85,96,97" machi="85" ten="50,3200,0" yaku="1,1,53,1" doraHai="100" doraHaiUra="73" who="0" fromWho="2" sc="240,42,250,0,327,-32,173,0" /><INIT seed="2,0,0,3,0,49" ten="282,250,295,173" oya="2" hai0="82,25,52,46,79,86,55,102,59,121,116,31,124" hai1="4,1,83,3,14,92,108,41,98,87,11,19,68" hai2="21,129,12,57,43,66,36,67,105,72,23,10,117" hai3="75,28,112,126,80,127,29,130,44,47,104,32,35" shuffle="mt19937ar,F5EFFC22,DFE964D6,EF45A2CD,41C94B55,2DE2514C,4427D96C,8B456EC6,24E8FC07"/><V69/><F72/><W5/><G80/><T78/><D121/><U64/><E108/><V106/><F117/><W107/><G5/><T96/><D124/><U84/><E41/><V120/><F120/><W38/><G130/><T39/><D39/><U118/><E118/><V16/><F129/><W37/><REACH who="3" step="1"/><G75/><REACH who="3" step="2"/><T88/><D116/><U119/><E119/><V20/><F69/><W81/><G81/><T2/><D2/><U95/><E4/><V0/><F0/><W58/><G58/><T53/><D46/><U15/><E3/><V99/><F57/><W77/><G77/><T9/><D9/><U54/><E83/><V93/><F36/><W56/><G56/><T85/><D85/><U90/><E1/><V123/><F123/><W128/><G128/><T60/><D102/><U89/><E15/><V42/><F67/><W33/><G33/><T6/><D79/><U115/><E115/><AGARI ba="0,1" hai="28,29,32,35,37,38,44,47,104,107,112,115,126,127" machi="115" ten="25,3200,0" yaku="1,1,22,2,53,0" doraHai="49" doraHaiUra="51" who="3" fromWho="1" sc="282,0,250,-32,295,0,163,42" /><INIT seed="3,0,0,4,3,22" ten="282,218,295,205" oya="3" hai0="24,20,42,109,46,105,108,45,96,127,110,37,41" hai1="50,123,132,47,125,44,118,130,32,35,102,67,99" hai2="13,71,14,26,1,63,80,133,5,72,30,73,56" hai3="113,43,51,36,101,90,7,66,10,18,134,4,64" shuffle="mt19937ar,8739E812,36A1B563,29635506,041B9BB1,5C3675E8,FEA17FB8,0248963B,76054F78"/><W82/><G36/><T103/><D127/><U33/><E123/><V23/><F71/><W74/><G74/><T92/><D24/><U84/><E125/><V68/><F68/><W28/><G101/><T93/><REACH who="0" step="1"/><D20/><REACH who="0" step="2"/><U34/><E118/><V57/><F133/><W98/><G134/><T6/><D6/><N who="3" m="2089" /><G28/><T60/><D60/><U86/><E132/><V52/><F57/><W11/><G113/><T75/><D75/><U31/><E130/><V17/><F80/><W77/><G77/><T135/><D135/><U121/><E121/><V91/><F91/><W88/><G90/><T94/><D94/><U55/><E67/><N who="3" m="25642" /><G18/><T0/><D0/><U54/><N who="1" m="8704" /><DORA hai="131" /><U3/><E3/><V70/><F70/><W65/><G65/><T115/><D115/><U89/><E31/><V79/><F79/><W48/><G82/><T69/><D69/><U39/><E39/><AGARI ba="0,1" hai="37,39,41,42,45,46,92,93,96,103,105,108,109,110" machi="39" ten="40,5200,0" yaku="1,1,9,1,14,1,53,0" doraHai="22,131" doraHaiUra="61,114" who="0" fromWho="1" sc="272,62,218,-52,295,0,205,0" /><INIT seed="4,0,0,1,5,63" ten="334,166,295,205" oya="0" hai0="13,29,8,67,38,17,80,109,60,35,86,92,1" hai1="75,118,47,81,71,62,99,65,101,6,21,68,94" hai2="50,52,24,36,89,72,125,57,121,74,2,23,126" hai3="34,129,31,123,116,41,7,58,106,9,37,15,18" shuffle="mt19937ar,20872996,12296BDF,9CDE4A82,65FB592C,24EF56FF,CCCA2D00,52984EF2,6AE37519"/><T64/><D38/><U90/><E118/><V54/><F121/><W96/><G41/><T93/><D1/><U49/><E6/><V32/><F2/><W134/><G37/><T120/><D120/><U46/><E21/><V87/><F32/><W27/><G123/><T103/><D109/><U44/><E75/><V135/><F36/><W79/><G116/><T107/><D107/><U117/><E117/><V124/><F54/><W112/><G129/><T4/><D35/><U51/><REACH who="1" step="1"/><E68/><REACH who="1" step="2"/><V91/><F74/><W16/><G134/><T28/><D4/><U82/><E82/><V88/><F72/><W83/><G112/><T133/><D133/><U128/><E128/><V105/><F135/><W114/><G114/><T84/><D103/><U102/><E102/><V108/><F108/><W10/><G7/><T111/><D111/><U45/><N who="1" m="11776" /><DORA hai="40" /><U20/><E20/><V56/><F56/><W73/><G58/><T3/><D3/><U104/><E104/><V26/><F26/><W11/><G18/><T5/><D5/><U122/><E122/><V69/><F69/><W12/><G12/><T33/><D33/><U78/><E78/><V53/><F105/><W61/><G106/><T127/><D127/><U48/><E48/><V70/><F70/><W110/><G110/><T76/><D86/><AGARI ba="0,1" hai="49,51,62,65,71,81,86,90,94,99,101" m="11776" machi="86" ten="50,12000,2" yaku="1,1,52,5,53,1" doraHai="63,40" doraHaiUra="66,0" who="1" fromWho="0" sc="334,-120,156,130,295,0,205,0" /><INIT seed="5,0,0,3,0,91" ten="214,286,295,205" oya="1" hai0="76,103,102,111,0,87,48,104,97,42,60,17,134" hai1="58,46,93,39,41,92,4,57,11,115,40,122,128" hai2="124,88,27,54,63,72,1,131,100,95,6,113,50" hai3="73,83,56,31,55,29,118,98,15,75,107,69,68" shuffle="mt19937ar,DD1258C8,D3664C7D,7829CC70,B9BDB349,B4D97959,AD7E0AF4,C2A07A94,3EAC33F5"/><U34/><E122/><V81/><F124/><W82/><G118/><T13/><D111/><U135/><E34/><V49/><F131/><W36/><G36/><T108/><D108/><U24/><E115/><V74/><F113/><W123/><G123/><T80/><D0/><U3/><E128/><V26/><F100/><W38/><G38/><T71/><D102/><U86/><E24/><V70/><F50/><W94/><G15/><T22/><D134/><U129/><E129/><V32/><F32/><W132/><G132/><T85/><D71/><U43/><E135/><V18/><F18/><W52/><G56/><N who="1" m="21610" /><E3/><V33/><F33/><W119/><G119/><T77/><D77/><U117/><E117/><V61/><F61/><W125/><G98/><T14/><D14/><N who="1" m="5479" /><E39/><V96/><F81/><W106/><G125/><T51/><D60/><U127/><E127/><V109/><F109/><W19/><G19/><T110/><D110/><U133/><E133/><V62/><F62/><W7/><G7/><T21/><D21/><U10/><E10/><V20/><F1/><W120/><G120/><T121/><D121/><U78/><E92/><AGARI ba="0,0" hai="29,31,52,55,68,69,73,75,82,83,92,94,106,107" machi="92" ten="25,8000,1" yaku="22,2,52,2,54,1" doraHai="91" who="3" fromWho="1" sc="214,0,286,-80,295,0,205,80" /><INIT seed="6,0,0,2,4,26" ten="214,206,295,285" oya="2" hai0="27,5,34,127,80,32,72,129,50,122,57,58,102" hai1="76,24,89,82,30,66,88,8,106,41,16,73,79" hai2="81,53,20,119,92,90,28,36,1,121,116,17,55" hai3="42,77,120,65,97,14,60,12,59,48,3,125,91" shuffle="mt19937ar,F974BC8D,065E4078,4F9AA016,D6948FA2,A91C38BB,AFDFD220,DA10970E,1E25CF16"/><V134/><F1/><W13/><G3/><T132/><D122/><U94/><E106/><V61/><F121/><W108/><G120/><T103/><D127/><U46/><E66/><V40/><F134/><W52/><G125/><T67/><D132/><U95/><E73/><V7/><F7/><W93/><G108/><T130/><D5/><U78/><E82/><V69/><F116/><W64/><G77/><N who="1" m="19714" /><U10/><DORA hai="37" /><E41/><V114/><F119/><W23/><G23/><T18/><D67/><U98/><E46/><AGARI ba="0,0" hai="12,13,14,42,46,48,52,59,60,64,65,91,93,97" machi="46" ten="40,5200,0" yaku="8,1,52,1,54,1" doraHai="26,37" who="3" fromWho="1" sc="214,0,206,-52,295,0,285,52" /><INIT seed="7,0,0,1,3,0" ten="214,154,295,337" oya="3" hai0="126,102,129,27,88,71,22,95,92,8,75,116,49" hai1="17,3,25,97,106,58,41,108,85,13,59,64,5" hai2="15,50,115,26,52,16,107,114,124,74,28,78,76" hai3="45,19,33,38,68,117,56,82,37,24,100,84,101" shuffle="mt19937ar,81E9C90F,611BD542,DA7D8C6F,C28180A8,95F68D36,ECC41BDE,00F26C4F,FD240468"/><W98/><G68/><T94/><D116/><U73/><E108/><V30/><F107/><W46/><G33/><T7/><D126/><U23/><E41/><V31/><F124/><W109/><G38/><T125/><D125/><U83/><E73/><V61/><F61/><W133/><G37/><T34/><D129/><U122/><E122/><V57/><F26/><W55/><G133/><T40/><D34/><U134/><E134/><V42/><F42/><W132/><G132/><T29/><D71/><U99/><E106/><V32/><F32/><W1/><G1/><T43/><D75/><U104/><E104/><V67/><F67/><W128/><G128/><T2/><D102/><N who="3" m="39529" /><G98/><T135/><D135/><U62/><E59/><V91/><F91/><W112/><G112/><T63/><D63/><U10/><REACH who="1" step="1"/><E3/><REACH who="1" step="2"/><V119/><F119/><W6/><G117/><T93/><REACH who="0" step="1"/><D49/><REACH who="0" step="2"/><U72/><E72/><V65/><F74/><W20/><G109/><T127/><D127/><U121/><E121/><V110/><F110/><W120/><G120/><T66/><D66/><U90/><AGARI ba="0,2" hai="5,10,13,17,23,25,58,62,64,83,85,90,97,99" machi="90" ten="20,8000,1" yaku="1,1,0,1,7,1,8,1,52,1,53,0" doraHai="0" doraHaiUra="123" who="1" fromWho="1" sc="204,-20,144,100,295,-20,337,-40" /><INIT seed="8,0,0,0,4,46" ten="184,244,275,297" oya="0" hai0="52,87,20,17,113,33,71,68,124,65,6,55,54" hai1="103,106,135,96,34,84,102,3,82,41,19,61,99" hai2="21,4,73,44,39,94,75,130,18,50,93,77,127" hai3="129,98,12,108,26,81,64,78,59,2,90,14,128" shuffle="mt19937ar,8EEE69DB,B98C793D,DF252421,BD3A37D2,7607D6BE,9696E24F,0269A9C3,736D76FA"/><T69/><D113/><U0/><E34/><V45/><F127/><W51/><G2/><T16/><D124/><U105/><E135/><V131/><F39/><W91/><G26/><T25/><D6/><U22/><E41/><V57/><F4/><W62/><G108/><T27/><D87/><U11/><E61/><V111/><F111/><W88/><G98/><T48/><D33/><U28/><E11/><V76/><F57/><W31/><G31/><T72/><D72/><U42/><E42/><V116/><F116/><W80/><G51/><T100/><D100/><U8/><E28/><V23/><REACH who="2" step="1"/><F18/><REACH who="2" step="2"/><N who="0" m="7274" /><D65/><U92/><E8/><V13/><F13/><N who="3" m="5227" /><G78/><T32/><D32/><U133/><E133/><V79/><F79/><W56/><G56/><T118/><D118/><U58/><E58/><V29/><F29/><W114/><G114/><T112/><D112/><U117/><E117/><V70/><F70/><W66/><G66/><T107/><D107/><U30/><E30/><V10/><F10/><W110/><G110/><T43/><D43/><U83/><E82/><V15/><F15/><W40/><G40/><T7/><D7/><U115/><E115/><V95/><F95/><W121/><G121/><T134/><D134/><U37/><E92/><V119/><F119/><W47/><G47/><T85/><D85/><U38/><E37/><V74/><F74/><W122/><G122/><T86/><D86/><U1/><E38/><V132/><F132/><W63/><G63/><T125/><D125/><U123/><E0/><V49/><AGARI ba="0,1" hai="21,23,44,45,49,50,73,75,76,77,93,94,130,131" machi="49" ten="25,16000,3" yaku="1,1,0,1,22,2,52,2,53,2" doraHai="46" doraHaiUra="104" who="2" fromWho="2" sc="184,-80,244,-40,265,170,297,-40" owari="104,-40,204,-20,435,54,257,6" /></mjloggm>