<mjloggm ver="2.3"><GO type="41"/><UN n0="%E3%82%A6%E3%83%AB%E3%83%88%E3%83%A9%E7%AB%8B%E7%9B%B4" n1="%31%30%31%36" n2="%E6%B5%B7%E4%B8%80%E6%9C%9B%EF%BC%93%EF%BC%94%EF%BC%91" n3="%E5%A4%AA%E9%99%BD%E9%A2%A8" dan="15,14,13,13" rate="1970,1925,1838,1842" sx="M,M,M,M"/><TAIKYOKU oya="0"/><INIT seed="0,0,0,1,3,10" ten="250,250,250,250" oya="0" hai0="59,85,129,111,41,82,39,7,22,74,112,122,5" hai1="94,0,32,33,1,60,121,2,48,92,106,78,40" hai2="36,47,120,19,64,104,57,69,88,117,37,123,115" hai3="109,9,15,91,20,135,42,50,53,68,114,107,110"/><T113/><D122/><U63/><E121/><V29/><F104/><W52/><G114/><T6/><D74/><U108/><E106/><V75/><F75/><W49/><G107/><T100/><D100/><U86/><E108/><N who="3" m="41578" /><G68/><T98/><D111/><U34/><E78/><V81/><F115/><W30/><G135/><T72/><D72/><U56/><E40/><V35/><F123/><W44/><G91/><T90/><D98/><U3/><N who="1" m="512" /><DORA hai="97" /><U134/><E134/><V38/><F120/><W132/><G132/><T125/><D125/><U71/><E71/><V28/><F117/><W79/><G79/><T93/><D129/><U12/><E86/><V66/><F47/><W8/><G42/><T133/><D133/><U21/><E48/><V25/><F69/><W95/><G95/><T58/><D82/><U127/><E127/><V55/><F29/><W131/><G131/><T51/><D39/><U16/><REACH who="1" step="1"/><E56/><REACH who="1" step="2"/><N who="0" m="21545" /><D112/><U96/><E96/><V43/><F43/><W83/><G83/><T124/><D124/><U73/><E73/><V46/><F81/><W105/><G105/><T101/><D113/><U103/><E103/><V23/><F88/><W99/><G99/><T116/><D116/><U65/><E65/><V14/><REACH who="2" step="1"/><F46/><REACH who="2" step="2"/><N who="3" m="27703" /><G30/><T89/><D89/><U76/><E76/><V24/><F24/><W26/><G26/><T45/><D101/><U13/><E13/><V87/><F87/><W18/><AGARI ba="0,2" hai="8,9,15,18,20,44,50,53" m="27703,41578" machi="18" ten="30,4000,0" yaku="14,1,52,1,54,1" doraHai="10,97" who="3" fromWho="3" sc="250,-20,240,-10,240,-10,250,60" /><INIT seed="1,0,0,5,0,93" ten="230,230,230,310" oya="1" hai0="26,87,42,105,47,1,28,94,51,54,20,115,134" hai1="85,65,101,63,53,83,77,68,119,7,118,23,64" hai2="19,127,75,32,2,72,31,100,33,27,66,86,106" hai3="49,62,133,16,74,80,25,89,79,60,76,40,71"/><U6/><E65/><V131/><F2/><W15/><G133/><T103/><D134/><U13/><E6/><V3/><F3/><W38/><G79/><T126/><D115/><U43/><E43/><V35/><F86/><W73/><G73/><T129/><D126/><U12/><E12/><V70/><F19/><W99/><G38/><T8/><D8/><U46/><E101/><V67/><F67/><W34/><G71/><T52/><D129/><U120/><E120/><V82/><F131/><W36/><G36/><T104/><D1/><U114/><E114/><V130/><F130/><W14/><G34/><N who="2" m="13417" /><F127/><W121/><G121/><T90/><REACH who="0" step="1"/><D104/><REACH who="0" step="2"/><U116/><E116/><V123/><F123/><W135/><G135/><T110/><D110/><U57/><E46/><V24/><F24/><W39/><G25/><T81/><D81/><U91/><E77/><V18/><F82/><W59/><G14/><T84/><D84/><U122/><E122/><V0/><F0/><W92/><G39/><T29/><D29/><U117/><E117/><V128/><F128/><W56/><G80/><T132/><D132/><U48/><REACH who="1" step="1"/><E23/><REACH who="1" step="2"/><V113/><F113/><W78/><G78/><T88/><D88/><U58/><E58/><V107/><F18/><W50/><G59/><T22/><D22/><U111/><E111/><V109/><F109/><W17/><G76/><T4/><D4/><U125/><E125/><V96/><F107/><W44/><G56/><T95/><D95/><U9/><AGARI ba="0,2" hai="7,9,13,48,53,57,63,64,68,83,85,91,118,119" machi="9" ten="30,3000,0" yaku="1,1,0,1,53,0" doraHai="93" doraHaiUra="98" who="1" fromWho="1" sc="220,-10,220,50,230,-10,310,-10" /><INIT seed="1,1,0,2,2,124" ten="210,270,220,300" oya="1" hai0="34,83,112,7,96,110,66,132,51,86,18,41,114" hai1="21,93,115,15,129,88,113,5,105,10,128,35,123" hai2="127,134,32,27,33,2,43,68,42,75,20,74,9" hai3="25,97,72,29,13,62,135,59,47,79,52,69,30"/><U89/><E35/><V58/><F68/><W90/><G135/><T111/><D34/><U63/><E123/><V49/><F127/><W55/><G72/><T81/><D7/><U36/><E36/><V94/><F134/><W133/><G133/><T28/><D28/><U84/><E105/><V56/><F94/><W40/><G79/><T104/><D132/><U87/><E63/><V45/><F2/><W11/><G69/><T108/><D66/><U61/><E61/><V131/><F9/><W39/><G55/><T22/><D51/><U130/><E21/><V92/><F92/><AGARI ba="1,0" hai="5,10,15,84,87,88,89,92,93,113,115,128,129,130" machi="92" ten="40,18000,2" yaku="9,1,19,1,52,3,54,1" doraHai="124" who="1" fromWho="2" sc="210,0,270,183,220,-183,300,0" /><INIT seed="1,2,0,2,1,69" ten="210,453,37,300" oya="1" hai0="103,10,24,1,7,118,86,36,34,20,107,21,43" hai1="100,70,79,68,101,67,53,9,11,58,95,30,126" hai2="12,128,93,73,26,37,44,102,45,80,115,114,72" hai3="23,32,25,29,41,113,77,35,130,17,64,119,112"/><U8/><E79/><V39/><F26/><N who="3" m="14703" /><G41/><T82/><D118/><U33/><E126/><V122/><F12/><W99/><G77/><T127/><D127/><U4/><E4/><V52/><F128/><W91/><G64/><T110/><D110/><U131/><E131/><V94/><F102/><W47/><G47/><T2/><D2/><U6/><E6/><V108/><F80/><W61/><G61/><T109/><D109/><U92/><E67/><V97/><F108/><W104/><G130/><T5/><D5/><U63/><E30/><V19/><F19/><W60/><G60/><T133/><D133/><U134/><E134/><V22/><F22/><N who="3" m="15543" /><G91/><T62/><D62/><U38/><E33/><N who="3" m="12874" /><G119/><T59/><D59/><U89/><E38/><V57/><F57/><W132/><G132/><T46/><D103/><U27/><E27/><V135/><F135/><W78/><G78/><T18/><D107/><U56/><E56/><V31/><F97/><W65/><G65/><T16/><D34/><U13/><E13/><V49/><F31/><W83/><G83/><T106/><D106/><U14/><E14/><V87/><F87/><W125/><G125/><T51/><D51/><U88/><E70/><V98/><F98/><W123/><G123/><T48/><D48/><U54/><E54/><V3/><F49/><W124/><G124/><T129/><D129/><U28/><E28/><V117/><F117/><W111/><G111/><T116/><D116/><U66/><E66/><V75/><F75/><W84/><G84/><T74/><D86/><N who="1" m="52247" /><E68/><V0/><F52/><W55/><G55/><RYUUKYOKU ba="2,0" sc="210,-30,453,10,37,10,300,10" hai1="8,9,11,53,58,63,89,95,100,101" hai2="0,3,37,39,44,45,72,73,93,94,114,115,122" hai3="99,104,112,113" /><INIT seed="1,3,0,0,5,2" ten="180,463,47,310" oya="1" hai0="134,51,59,47,133,131,68,83,46,9,62,110,108" hai1="8,33,86,27,67,1,28,13,50,45,44,5,20" hai2="109,26,112,135,104,0,103,85,7,101,117,43,61" hai3="102,107,14,125,80,72,25,24,96,128,3,66,127"/><U55/><E67/><V65/><F117/><W116/><G116/><T54/><D83/><U41/><E86/><V97/><F109/><N who="0" m="42090" /><D9/><U120/><E120/><V115/><F135/><N who="0" m="51722" /><D131/><U64/><E64/><AGARI ba="3,0" hai="46,47,51,54,59,62,64,68" m="51722,42090" machi="64" ten="30,7700,0" yaku="14,1,20,1,34,2" doraHai="2" who="0" fromWho="1" sc="180,86,463,-86,47,0,310,0" /><INIT seed="2,0,0,0,1,33" ten="266,377,47,310" oya="2" hai0="3,1,64,55,100,53,113,117,93,59,32,63,30" hai1="26,76,79,45,90,21,49,87,58,107,126,5,91" hai2="129,31,92,119,16,7,70,42,124,89,56,25,39" hai3="23,41,22,74,83,4,37,99,78,104,14,18,46"/><V17/><F119/><W35/><G35/><T130/><D113/><U60/><E107/><V112/><F112/><W102/><G4/><T44/><D117/><U131/><E131/><V128/><F70/><W11/><AGARI ba="0,0" hai="11,14,18,22,23,37,41,46,74,78,83,99,102,104" machi="11" ten="20,1500,0" yaku="0,1,7,1" doraHai="33" who="3" fromWho="3" sc="266,-4,377,-4,47,-7,310,15" /><INIT seed="3,0,0,1,4,125" ten="262,373,40,325" oya="3" hai0="79,11,31,88,70,78,3,97,28,68,117,86,5" hai1="9,62,92,65,60,35,80,131,47,121,133,82,29" hai2="103,130,24,118,33,107,109,52,98,21,49,73,126" hai3="94,115,127,37,20,50,36,57,71,116,27,40,18"/><W12/><G127/><T124/><D117/><U25/><E121/><V41/><F109/><W120/><G116/><T76/><D124/><U93/><E133/><V96/><F126/><W44/><G120/><T7/><D7/><U87/><E131/><V51/><F118/><W64/><G115/><T74/><D74/><U108/><E108/><V102/><F73/><W110/><G110/><T56/><D56/><U4/><E62/><V54/><F33/><W66/><G94/><T91/><D97/><U89/><E47/><V14/><F14/><W72/><G72/><T32/><D32/><U105/><E105/><V13/><F13/><W46/><G71/><T63/><D63/><U84/><E9/><V114/><F114/><W77/><G77/><T129/><D129/><U55/><E55/><V8/><F130/><W6/><G57/><T23/><D23/><U100/><E4/><V119/><F119/><W43/><G50/><T106/><D106/><U10/><E10/><AGARI ba="0,0" hai="6,10,12,18,20,27,36,37,40,43,44,46,64,66" machi="10" ten="40,2000,0" yaku="9,1" doraHai="125" who="3" fromWho="1" sc="262,0,373,-20,40,0,325,20" /><INIT seed="3,1,0,5,3,74" ten="262,353,40,345" oya="3" hai0="107,18,133,106,118,126,130,73,70,8,101,75,55" hai1="69,117,114,105,4,72,53,40,123,45,32,82,14" hai2="24,11,19,49,61,9,6,100,87,64,102,17,25" hai3="104,42,94,83,41,97,10,89,60,38,44,113,134"/><W103/><G113/><T122/><D55/><U91/><E114/><V131/><F131/><W71/><G134/><T98/><D8/><U5/><E123/><V125/><F125/><W84/><G41/><T29/><D18/><U78/><E32/><V27/><F49/><W99/><G10/><T12/><D12/><U23/><E69/><V121/><F121/><W22/><G22/><T79/><D29/><U128/><E105/><V76/><F61/><W28/><G28/><T34/><D75/><U108/><E108/><V129/><F129/><W46/><G46/><T52/><D52/><U112/><E128/><V116/><F64/><W37/><G37/><T20/><D20/><U30/><E112/><V127/><F127/><W21/><G21/><T119/><D107/><U58/><E91/><V66/><F66/><W2/><G2/><T54/><D54/><U26/><E14/><N who="2" m="5431" /><F116/><W36/><G36/><T135/><D70/><U115/><E117/><N who="0" m="44553" /><D34/><U15/><E15/><N who="2" m="7423" /><F19/><W95/><G71/><T124/><D130/><U57/><E115/><V13/><F13/><W48/><G38/><T96/><D122/><U86/><E72/><V1/><F1/><W56/><G56/><N who="1" m="21610" /><E40/><V7/><F7/><W120/><G120/><T88/><D124/><U132/><E132/><N who="0" m="50761" /><D126/><U33/><E33/><V51/><F51/><AGARI ba="1,0" hai="4,5,23,26,30,45,51,53,78,82,86" m="21610" machi="51" ten="30,2000,0" yaku="8,1,52,1" doraHai="74" who="1" fromWho="2" sc="262,0,353,23,40,-23,345,0" /><INIT seed="4,0,0,3,0,23" ten="262,376,17,345" oya="0" hai0="106,125,100,51,117,34,72,27,99,74,18,78,133" hai1="118,111,122,93,22,3,105,77,114,66,35,126,134" hai2="68,44,48,19,63,45,40,26,16,1,102,49,29" hai3="123,53,25,69,88,128,76,73,6,30,70,58,79"/><T13/><D117/><U132/><E77/><V121/><F121/><W119/><G119/><T91/><D125/><U32/><E93/><V56/><F68/><W98/><G6/><T61/><D133/><U67/><E32/><V101/><F1/><W71/><G123/><T39/><D39/><U28/><E22/><N who="2" m="15575" /><F102/><W94/><G73/><T108/><D108/><U112/><E28/><V52/><F101/><W54/><G128/><T0/><D0/><U2/><E66/><AGARI ba="0,0" hai="16,19,40,44,45,48,49,52,56,63,66" m="15575" machi="66" ten="30,7700,0" yaku="8,1,52,1,54,2" doraHai="23" who="2" fromWho="1" sc="262,0,376,-77,17,77,345,0" /><INIT seed="5,0,0,4,2,114" ten="262,299,94,345" oya="1" hai0="60,54,24,18,134,78,115,100,45,41,27,87,10" hai1="2,128,90,3,94,121,13,22,107,72,31,109,97" hai2="34,103,98,47,81,66,32,63,4,29,6,62,43" hai3="53,86,75,59,51,40,48,95,73,28,30,113,23"/><U25/><E121/><V129/><F129/><W5/><G113/><T67/><D115/><U112/><E112/><V79/><F34/><W17/><G5/><T85/><D134/><U119/><E72/><V64/><F32/><W35/><G35/><T88/><D100/><U89/><E128/><V135/><F135/><W131/><G131/><T65/><D78/><U69/><E69/><V76/><F29/><W74/><G40/><T80/><D87/><U105/><E119/><V56/><F47/><W99/><G86/><T102/><D102/><U42/><E109/><V77/><F43/><W96/><G48/><T116/><D116/><U111/><E111/><V118/><F81/><W110/><G110/><T122/><D122/><U38/><E89/><V108/><F108/><W50/><G50/><N who="0" m="29007" /><D41/><U19/><E42/><V26/><F26/><N who="0" m="9770" /><D60/><U7/><E38/><V36/><F36/><W61/><G51/><T71/><D71/><U44/><E44/><V9/><F118/><W125/><G75/><T68/><D68/><U124/><E124/><V20/><F20/><W126/><G74/><T37/><D37/><U133/><E133/><V84/><F84/><W92/><G73/><T46/><D46/><U123/><E123/><V91/><F91/><W130/><G126/><T120/><D120/><U70/><E70/><V14/><F4/><W12/><G125/><T33/><D33/><N who="1" m="20719" /><E2/><V0/><F0/><W49/><G49/><T93/><D93/><U117/><E117/><V132/><F132/><W15/><G130/><T21/><D21/><U39/><E39/><V11/><F103/><RYUUKYOKU ba="0,0" sc="262,15,299,15,94,-15,345,-15" hai0="10,18,65,67,80,85,88" hai1="3,7,13,19,22,90,94,97,105,107" /><INIT seed="5,1,0,3,1,34" ten="277,314,79,330" oya="1" hai0="54,85,119,14,83,65,104,81,16,84,60,52,113" hai1="6,49,50,134,63,19,100,28,135,24,33,3,32" hai2="96,26,67,31,78,70,58,116,12,45,47,128,1" hai3="93,71,72,133,35,86,20,5,102,111,55,74,22"/><U48/><E100/><V57/><F116/><W131/><G111/><T25/><D104/><U9/><E63/><V66/><F128/><W36/><G131/><T103/><D103/><U15/><REACH who="1" step="1"/><E33/><REACH who="1" step="2"/><V30/><F70/><W41/><G35/><T11/><D119/><U7/><E7/><V90/><F12/><W110/><G5/><T21/><D113/><U118/><E118/><V69/><F69/><W40/><G71/><T82/><D65/><U126/><E126/><V123/><F123/><W130/><G130/><T38/><D38/><U62/><E62/><V120/><F120/><W124/><G36/><T76/><D60/><U79/><E79/><V4/><F78/><W29/><G124/><T121/><D121/><U92/><E92/><V91/><F26/><W89/><G110/><T99/><D99/><U61/><E61/><V0/><REACH who="2" step="1"/><F4/><REACH who="2" step="2"/><W87/><G102/><T17/><D76/><U37/><E37/><V77/><F77/><W108/><G108/><T46/><D85/><U42/><E42/><V112/><F112/><W109/><G109/><T64/><D64/><U27/><E27/><V80/><F80/><W8/><G86/><T39/><REACH who="0" step="1"/><D84/><REACH who="0" step="2"/><U98/><E98/><AGARI ba="1,3" hai="0,1,30,31,45,47,57,58,66,67,90,91,96,98" machi="98" ten="25,8000,1" yaku="1,1,22,2,52,2,53,0" doraHai="34" doraHaiUra="59" who="2" fromWho="1" sc="267,0,304,-83,69,113,330,0" /><INIT seed="6,0,0,3,0,82" ten="267,221,182,330" oya="2" hai0="103,99,66,65,14,101,112,15,31,4,107,12,80" hai1="105,33,38,67,111,43,29,127,78,77,3,119,115" hai2="35,8,46,47,55,49,134,118,106,23,104,26,58" hai3="129,54,97,0,60,19,61,132,2,72,18,59,53"/><V108/><F118/><W50/><G72/><T62/><D112/><U69/><E43/><V57/><F35/><W21/><G132/><T30/><D4/><U126/><E67/><V124/><F134/><W130/><G97/><T96/><D80/><U34/><E29/><V7/><F108/><W20/><G50/><T9/><D9/><U64/><E64/><V102/><F124/><W37/><REACH who="3" step="1"/><G59/><REACH who="3" step="2"/><T125/><D125/><N who="1" m="47627" /><E119/><V10/><F58/><W113/><G113/><T56/><REACH who="0" step="1"/><D66/><REACH who="0" step="2"/><U6/><E115/><V52/><F7/><W70/><G70/><T114/><D114/><U79/><E69/><V91/><F10/><W16/><G16/><T88/><D88/><U117/><E117/><V28/><F8/><W89/><G89/><T1/><D1/><U68/><E68/><V84/><F102/><W90/><G90/><T123/><D123/><U24/><E6/><V85/><F91/><W95/><G95/><AGARI ba="0,2" hai="12,14,15,30,31,56,62,65,95,96,99,101,103,107" machi="95" ten="40,1300,0" yaku="1,1,53,0" doraHai="82" doraHaiUra="74" who="0" fromWho="3" sc="257,33,221,0,182,0,320,-13" /><INIT seed="7,0,0,5,3,115" ten="290,221,182,307" oya="3" hai0="67,112,13,12,66,89,55,38,36,47,34,71,2" hai1="121,117,69,10,133,22,59,94,21,5,98,62,61" hai2="56,111,11,102,130,45,14,42,110,103,32,81,91" hai3="8,87,7,0,20,53,74,60,49,116,108,52,134"/><W97/><G116/><T125/><D34/><U101/><E121/><V26/><F130/><W120/><G120/><T86/><D2/><U118/><E133/><V82/><F56/><W58/><G74/><T25/><D112/><U77/><E77/><V132/><F132/><W107/><G134/><T119/><D119/><N who="1" m="45579" /><E69/><V104/><F111/><W54/><G108/><T75/><D75/><U99/><E99/><V48/><F110/><W41/><G87/><T84/><D25/><U80/><E80/><V124/><F124/><W37/><G37/><T73/><D73/><U106/><E62/><V85/><F81/><W6/><G6/><T57/><D125/><U113/><E106/><V70/><F70/><W129/><G129/><T88/><D71/><U63/><E63/><V9/><F104/><W90/><G107/><T30/><D47/><U3/><E113/><V46/><F46/><W78/><G78/><T17/><D38/><U18/><E18/><V23/><F32/><W40/><G97/><T24/><D36/><U64/><AGARI ba="0,0" hai="3,5,10,21,22,59,61,64,94,98,101" m="45579" machi="64" ten="30,7900,0" yaku="12,1,52,3" doraHai="115" who="1" fromWho="1" sc="290,-20,221,79,182,-20,307,-39" owari="270,7,300,40,162,-34,268,-13" /></mjloggm>