<mjloggm ver="2.3"><GO type="137"/><UN n0="%E3%82%A6%E3%83%AB%E3%83%88%E3%83%A9%E7%AB%8B%E7%9B%B4" n1="%E3%83%91%E3%83%B3%E3%83%81%E4%BD%90%E8%97%A4" n2="%EF%BD%88%EF%BD%94%EF%BD%8E" n3="%61%70%61%6E" dan="11,11,12,13" rate="1800,1661,1684,1789" sx="M,M,M,M"/><TAIKYOKU oya="0"/><INIT seed="0,0,0,4,0,28" ten="250,250,250,250" oya="0" hai0="11,114,22,44,17,118,128,120,47,25,127,6,133" hai1="23,1,112,79,125,62,16,9,105,93,60,68,31" hai2="41,52,10,76,56,116,7,110,49,103,115,113,73" hai3="97,29,40,8,75,84,119,126,124,95,98,94,130" shuffle="mt19937ar,F507C321,712B9016,39236BBE,C56D5943,CAE9507D,9A753314,110EEA81,0E8BBBCD"/><T106/><D106/><U55/><E105/><V37/><F116/><W65/><G40/><T33/><D47/><U3/><E79/><V96/><F110/><W99/><G65/><T21/><D44/><U58/><E125/><N who="3" m="48234" /><G29/><N who="0" m="19631" /><D127/><U108/><E108/><V101/><F101/><N who="3" m="60599" /><G8/><T78/><D78/><U87/><E112/><V42/><F42/><W32/><G32/><T100/><D100/><U5/><E68/><V61/><F61/><W123/><G119/><T30/><D118/><U4/><E62/><V39/><F39/><W66/><G66/><T27/><D114/><U71/><E71/><V80/><F103/><W57/><G57/><T83/><D83/><U77/><E31/><V132/><F96/><N who="3" m="36907" /><G130/><T111/><D128/><U134/><E134/><V36/><F132/><W109/><G109/><T14/><D111/><U81/><E93/><V69/><F69/><W63/><G63/><T131/><D133/><U15/><E60/><V91/><F115/><W53/><G53/><T34/><D131/><U85/><E55/><V51/><F113/><W121/><G75/><T67/><D67/><U26/><E58/><V107/><F36/><W135/><G135/><T38/><D38/><U59/><E59/><V19/><F37/><W86/><G95/><T104/><D104/><U43/><E43/><V74/><F41/><W82/><G82/><T90/><D90/><U13/><E87/><AGARI ba="0,0" hai="84,86,87,121,123" m="36907,60599,48234" machi="87" ten="30,3900,0" yaku="18,1,34,2" doraHai="28" who="3" fromWho="1" sc="250,0,250,-39,250,0,250,39" /><INIT seed="1,0,0,0,2,92" ten="250,211,250,289" oya="1" hai0="8,97,39,80,95,57,134,28,128,102,108,48,119" hai1="120,34,98,27,105,103,43,51,116,88,93,12,1" hai2="65,133,21,135,83,31,6,112,113,41,10,69,35" hai3="45,107,127,0,70,52,87,36,18,63,25,90,60" shuffle="mt19937ar,CF34C049,467892F7,0AC1E07F,AA87D7F0,93DF9224,9953B072,58448D4A,93286A89"/><U73/><E73/><V78/><F41/><W47/><G0/><T130/><D39/><U71/><E120/><V30/><F65/><W20/><G107/><T100/><D28/><N who="2" m="10794" /><F69/><W68/><G127/><T104/><D8/><U50/><E116/><V32/><F83/><W126/><G126/><T44/><D57/><U114/><E114/><N who="2" m="44139" /><F21/><W29/><G70/><T9/><D9/><U49/><E71/><V110/><F78/><W54/><G36/><T115/><D115/><U109/><E109/><V72/><F72/><W53/><G68/><T64/><D64/><U125/><E125/><V55/><F55/><W56/><G29/><T129/><D108/><U94/><E1/><N who="2" m="335" /><F110/><W75/><G75/><T82/><D119/><U85/><E34/><AGARI ba="0,0" hai="32,34,35,133,135" m="335,44139,10794" machi="34" ten="40,5200,0" yaku="11,1,34,2" doraHai="92" who="2" fromWho="1" sc="250,0,211,-52,250,52,289,0" /><INIT seed="2,0,0,0,2,35" ten="250,159,302,289" oya="2" hai0="19,127,9,104,30,25,113,125,3,95,92,37,77" hai1="84,45,89,32,64,8,34,135,60,38,82,53,124" hai2="79,57,65,27,123,63,16,94,14,50,132,73,108" hai3="97,39,119,47,51,52,106,68,120,40,115,74,7" shuffle="mt19937ar,D1BA9739,2B8947AA,1D9E55B3,425FB866,5BE79032,E5548A66,01ADE77E,EE5BF7DB"/><V36/><F123/><W86/><G68/><T15/><D104/><U59/><E124/><N who="0" m="47689" /><D37/><U116/><E135/><V44/><F36/><W130/><G119/><T42/><D42/><U11/><E116/><V12/><F132/><W1/><G120/><T126/><D77/><U72/><E72/><V134/><F134/><W67/><G130/><T109/><D95/><U78/><E78/><V133/><F133/><W22/><G67/><T66/><D92/><U131/><E131/><V105/><F108/><W117/><G117/><T10/><D66/><U102/><E102/><V31/><F105/><W110/><G110/><T93/><D93/><U26/><E26/><V118/><F73/><W85/><G74/><T43/><D43/><U23/><E23/><V96/><F118/><W2/><G115/><T56/><D56/><U69/><E69/><V21/><F79/><W54/><G106/><T98/><D98/><U24/><E24/><V17/><F12/><W71/><G71/><T76/><D76/><U87/><E87/><V20/><F20/><W13/><G97/><T128/><N who="0" m="47697" /><T62/><DORA hai="129" /><D62/><U33/><REACH who="1" step="1"/><E38/><REACH who="1" step="2"/><V29/><F29/><W99/><G39/><T41/><D128/><U6/><E6/><V121/><F121/><W88/><G99/><T103/><D103/><U81/><E81/><V28/><F28/><W101/><G101/><T80/><D80/><U107/><E107/><V18/><F14/><W83/><G13/><T48/><D109/><U111/><E111/><V5/><F5/><W91/><G7/><N who="0" m="1279" /><D113/><U122/><E122/><V55/><F31/><RYUUKYOKU ba="0,1" sc="250,-15,149,15,302,15,289,-15" hai1="8,11,32,33,34,45,53,59,60,64,82,84,89" hai2="16,17,18,21,27,44,50,55,57,63,65,94,96" /><INIT seed="2,1,1,1,4,133" ten="235,164,317,274" oya="2" hai0="114,23,6,39,132,42,120,116,102,12,4,65,118" hai1="91,98,0,99,85,28,95,129,55,88,109,135,54" hai2="128,31,62,74,15,29,64,22,105,44,130,115,48" hai3="73,127,1,107,97,131,37,8,70,90,35,53,68" shuffle="mt19937ar,15FD632D,201B044B,BB13BD8F,24A99263,40304E6D,718970F5,44736252,87B2250D"/><V49/><F74/><W100/><G37/><T7/><D120/><U96/><E109/><V106/><F115/><W10/><G131/><N who="2" m="50217" /><F15/><W86/><G35/><T21/><D114/><U108/><E108/><V93/><F93/><W13/><G73/><T57/><D132/><U50/><E135/><V76/><F76/><W59/><G1/><T45/><D102/><U103/><E129/><V80/><F80/><W46/><G46/><T40/><D40/><U113/><E113/><V26/><F29/><W25/><G127/><T61/><REACH who="0" step="1"/><D12/><REACH who="0" step="2"/><U121/><E121/><V126/><F105/><W123/><G123/><T77/><D77/><U89/><E0/><V17/><F106/><W78/><G78/><T52/><D52/><U111/><E111/><V125/><F31/><W2/><G2/><T101/><D101/><U82/><E28/><V24/><F24/><W69/><G25/><T3/><D3/><U47/><REACH who="1" step="1"/><E55/><REACH who="1" step="2"/><N who="2" m="30087" /><F49/><W43/><G53/><T5/><N who="0" m="1536" /><DORA hai="66" /><T41/><D41/><U58/><E58/><AGARI ba="1,3" hai="17,22,26,58,62,64,125,126" m="30087,50217" machi="58" ten="30,5800,0" yaku="19,1,52,2" doraHai="133,66" who="2" fromWho="1" sc="225,0,154,-61,317,91,274,0" /><INIT seed="2,2,0,2,3,40" ten="225,93,408,274" oya="2" hai0="107,126,58,34,10,76,134,8,0,54,114,11,98" hai1="93,95,45,51,72,33,80,127,9,123,86,71,57" hai2="82,47,69,104,108,13,60,96,18,100,124,30,3" hai3="24,130,44,49,42,43,113,66,90,28,31,89,16" shuffle="mt19937ar,0E5EA2A7,90F2058B,9A693223,63A5A574,983841E0,72BF6E0A,15E00F8F,5D6F9E6B"/><V64/><F3/><W111/><G111/><T23/><D34/><U65/><E33/><V75/><F124/><W21/><G130/><T78/><D0/><U122/><E72/><V74/><F108/><W70/><G113/><T17/><D114/><U110/><E9/><V5/><F5/><W99/><G70/><T112/><D112/><U97/><E110/><V118/><F118/><W6/><G6/><T1/><D1/><U115/><E115/><V39/><F30/><N who="3" m="11307" /><G66/><T48/><D126/><U19/><E127/><V135/><F135/><W109/><G109/><T131/><D131/><U37/><E19/><V133/><F133/><W132/><G132/><T102/><REACH who="0" step="1"/><D134/><REACH who="0" step="2"/><U38/><E97/><V59/><F82/><W26/><G99/><T119/><D119/><U94/><E86/><V87/><F87/><W50/><G26/><AGARI ba="2,1" hai="8,10,11,17,23,26,48,54,58,76,78,98,102,107" machi="26" ten="40,1300,0" yaku="1,1,53,0" doraHai="40" doraHaiUra="79" who="0" fromWho="3" sc="215,29,93,0,408,0,274,-19" /><INIT seed="3,0,0,0,3,49" ten="244,93,408,255" oya="3" hai0="27,41,86,101,21,131,4,111,89,134,38,113,30" hai1="68,129,55,77,84,128,74,50,6,69,107,94,59" hai2="66,5,23,7,0,37,114,93,61,81,31,72,60" hai3="117,3,34,44,54,12,19,90,70,98,64,47,108" shuffle="mt19937ar,B3A0497E,582942E9,8AEF7A24,5E622449,FA85EBCF,E76643D8,4A1E7157,F383F962"/><W45/><G3/><T71/><D71/><U20/><E107/><V65/><F114/><W28/><G117/><T51/><D113/><U133/><E6/><N who="2" m="2059" /><F0/><W109/><G70/><T76/><D111/><N who="3" m="42569" /><G64/><N who="2" m="24681" /><F72/><W102/><G90/><T32/><D131/><N who="1" m="50251" /><E133/><V116/><F37/><W80/><G80/><T106/><D134/><U57/><E57/><V18/><F116/><W40/><G40/><T92/><D38/><U79/><E74/><V127/><F127/><W100/><G34/><T15/><D76/><U124/><E124/><V91/><F81/><W25/><G25/><T99/><D32/><U82/><E82/><V35/><F35/><W9/><G28/><T115/><D115/><U62/><E62/><V122/><F31/><W97/><G102/><T123/><D123/><U29/><E29/><V126/><F126/><W96/><G100/><T121/><D121/><U36/><E36/><V110/><F110/><W118/><G118/><T56/><D106/><U119/><E79/><V75/><F75/><W53/><AGARI ba="0,0" hai="9,12,19,44,45,47,53,54,96,97,98" m="42569" machi="53" ten="40,12000,1" yaku="14,1,10,1,52,2" doraHai="49" who="3" fromWho="3" sc="244,-40,93,-40,408,-40,255,120" /><INIT seed="3,1,0,0,4,88" ten="204,53,368,375" oya="3" hai0="44,85,31,112,114,106,25,81,35,40,42,134,89" hai1="97,101,78,49,75,133,76,36,50,51,126,115,65" hai2="69,109,95,87,135,105,45,34,91,113,102,11,54" hai3="119,129,121,43,63,13,67,98,96,5,46,32,29" shuffle="mt19937ar,C36437E3,B36A7C9C,DA6CA6BC,A20B1106,BC5D2A83,955C713F,7551D01D,E31F8A79"/><W6/><G119/><T130/><D106/><U37/><E115/><N who="0" m="44073" /><D134/><U71/><E126/><V28/><F113/><W90/><G121/><T30/><D130/><U62/><E133/><V15/><F109/><W52/><G129/><T123/><D123/><U82/><REACH who="1" step="1"/><E78/><REACH who="1" step="2"/><V47/><F135/><W8/><G32/><T55/><D31/><U26/><E26/><V53/><F69/><W24/><G29/><T84/><D25/><U122/><E122/><V9/><F34/><W111/><G24/><T72/><D30/><U56/><E56/><V92/><F105/><AGARI ba="1,1" hai="36,37,49,50,51,62,65,71,75,76,82,97,101,105" machi="105" ten="40,1300,0" yaku="1,1,53,0" doraHai="88" doraHaiUra="12" who="1" fromWho="2" sc="204,0,43,26,368,-16,375,0" /><INIT seed="4,0,0,3,1,106" ten="204,69,352,375" oya="0" hai0="37,5,20,124,65,12,44,21,135,134,126,49,70" hai1="109,42,50,133,107,97,46,19,114,123,128,73,100" hai2="122,25,62,102,98,28,108,68,127,130,32,31,30" hai3="87,35,105,34,43,74,75,48,113,83,115,22,14" shuffle="mt19937ar,BB4B3BD6,F442E1D5,E3D414CF,09C8C2F1,AEC61331,DD633AAF,C16BBB20,C7D0A6FE"/><T55/><D5/><U45/><E19/><V86/><F130/><W33/><G105/><T90/><D12/><U67/><E67/><V111/><F122/><W89/><G43/><T59/><D20/><U16/><E16/><V27/><F127/><N who="0" m="48682" /><D21/><U11/><E11/><V85/><F30/><W94/><G48/><T58/><D90/><U71/><E50/><V0/><F85/><N who="3" m="52527" /><G14/><T1/><D1/><U6/><E6/><V88/><F0/><W2/><G2/><T29/><D29/><U92/><E92/><V3/><F3/><W38/><G22/><T82/><D82/><U51/><E46/><V36/><F36/><W24/><G24/><T4/><D4/><U121/><E51/><V131/><F131/><W39/><G39/><T7/><D7/><U13/><E13/><V95/><F62/><W91/><G38/><T15/><D15/><U129/><E45/><V84/><F68/><W23/><G23/><T40/><D59/><U54/><E54/><V41/><F41/><W17/><G17/><T9/><D9/><U104/><E42/><V125/><F125/><W101/><G101/><T69/><D69/><U26/><E26/><V118/><F118/><W76/><G76/><T112/><D112/><AGARI ba="0,0" hai="33,34,35,74,75,83,87,91,112,113,115" m="52527" machi="112" ten="40,5200,0" yaku="15,1,52,2" doraHai="106" who="3" fromWho="0" sc="204,-52,69,0,352,0,375,52" /><INIT seed="5,0,0,4,4,107" ten="152,69,352,427" oya="1" hai0="38,52,117,59,71,129,72,64,44,122,128,133,16" hai1="35,10,69,81,115,126,7,26,22,53,132,105,112" hai2="85,97,68,21,32,90,9,108,37,98,45,8,95" hai3="83,23,103,67,1,51,39,3,92,80,24,111,120" shuffle="mt19937ar,3E979BEF,9EE52CF6,0B873307,C72ACB2E,483CE9E7,33F6D342,BB2A5132,C3162FF6"/><U116/><E105/><V87/><F108/><W94/><G111/><T0/><D0/><U127/><E53/><V106/><F32/><W74/><G120/><T134/><D117/><U33/><E81/><V63/><F106/><W113/><G39/><T135/><D16/><U66/><E66/><V54/><F68/><W131/><G113/><N who="1" m="43594" /><E69/><V29/><F37/><W123/><G123/><T14/><D72/><U60/><E60/><V31/><F98/><W25/><G131/><T18/><D122/><U65/><E65/><V86/><F21/><W13/><G67/><T77/><D77/><U78/><E78/><V73/><F73/><W84/><G74/><T110/><D110/><U93/><E93/><N who="3" m="35946" /><G3/><T56/><D64/><U42/><E42/><V48/><F63/><W118/><G118/><T27/><D71/><U36/><E26/><N who="3" m="10346" /><G1/><T19/><D27/><U6/><E22/><V49/><REACH who="2" step="1"/><F49/><REACH who="2" step="2"/><W50/><G23/><T91/><D38/><U70/><E10/><AGARI ba="0,1" hai="8,9,10,29,31,45,48,54,85,86,87,90,95,97" machi="10" ten="40,12000,2" yaku="1,1,2,1,8,1,53,3" doraHai="107" doraHaiUra="5" who="2" fromWho="1" sc="152,0,69,-120,342,130,427,0" owari="152,-25,-51,-55,472,57,427,23" /></mjloggm>