<mjloggm ver="2.3"><GO type="9"/><UN n0="%E3%82%82%E3%81%90%E3%82%89%E3%81%B7%E3%82%8A%E3%82%93" n1="%5A%65%75%73" n2="%E3%82%A6%E3%83%AB%E3%83%88%E3%83%A9%E7%AB%8B%E7%9B%B4" n3="%73%6E%6F%77%6D%61%6E%2A" dan="0,0,7,11" rate="1500,1500,1658,1617" sx="M,M,M,M"/><TAIKYOKU oya="0"/><INIT seed="0,0,0,2,4,77" ten="250,250,250,250" oya="0" hai0="73,37,86,120,39,17,20,115,89,94,3,135,110" hai1="69,12,106,19,74,107,72,84,92,129,11,52,26" hai2="121,48,125,99,114,132,47,68,62,33,10,111,112" hai3="27,53,100,97,55,116,87,78,29,88,124,130,81" shuffle="mt19937ar,E2DCBA08,742413A1,20A997F2,CAEB3E1E,6FD1C80D,23EFD227,F9A63C62,00A1DF83"/><T21/><D3/><U50/><E69/><V113/><F33/><W36/><G116/><T6/><D120/><U85/><E129/><V38/><F10/><W56/><G36/><T103/><D115/><U117/><E117/><V59/><F99/><W24/><G124/><T7/><D135/><U83/><E92/><V70/><F121/><W133/><G130/><T40/><D73/><U31/><E106/><V64/><F125/><W0/><G133/><T41/><D21/><U35/><E107/><V9/><F9/><W105/><G0/><T63/><D63/><U60/><E60/><V58/><F132/><W104/><G104/><T96/><D110/><U67/><E67/><V102/><F102/><W22/><G27/><T131/><D131/><U23/><E35/><V1/><F1/><W126/><G126/><T44/><D96/><U34/><E34/><V108/><F38/><W66/><G66/><T8/><D103/><U30/><E30/><V32/><F32/><W57/><G57/><T76/><D76/><U42/><E42/><N who="2" m="24695" /><F58/><W43/><G43/><T80/><D94/><U2/><E2/><V93/><F93/><W128/><G128/><T71/><D8/><U123/><E123/><V91/><F91/><W122/><G122/><T61/><D61/><U13/><E13/><V65/><F65/><W51/><G55/><T15/><D71/><AGARI ba="0,0" hai="59,62,64,68,70,71,108,111,112,113,114" m="24695" machi="71" ten="40,2600,0" yaku="34,2" doraHai="77" who="2" fromWho="0" sc="250,-26,250,0,250,26,250,0" /><INIT seed="1,0,0,2,5,61" ten="224,250,276,250" oya="1" hai0="118,80,39,20,53,73,42,12,52,90,125,34,22" hai1="8,23,122,132,64,133,49,121,104,13,2,69,98" hai2="103,10,126,85,88,114,66,29,131,31,40,87,33" hai3="59,78,38,1,79,7,56,37,76,43,102,67,47" shuffle="mt19937ar,0CACE712,566D332F,D59D4F2E,DCBBC524,657EB2B1,7F92FF5E,3BC05E5D,021531BB"/><U84/><E2/><V99/><F87/><W110/><G102/><T11/><D34/><U108/><E23/><V19/><F40/><W119/><G1/><T3/><D118/><U51/><E84/><V0/><F33/><W57/><G7/><T113/><D113/><U28/><E28/><V77/><F77/><W50/><G119/><T115/><D125/><U58/><E69/><V35/><F35/><W105/><G105/><T63/><D115/><U94/><E104/><V24/><F114/><W45/><G110/><T93/><D3/><U4/><E108/><V70/><F126/><W46/><G43/><T96/><D42/><U89/><E49/><V123/><F123/><W71/><G50/><T107/><D39/><U68/><E68/><V17/><F0/><W74/><G71/><T60/><D63/><U44/><E44/><V128/><F24/><W62/><REACH who="3" step="1"/><G74/><REACH who="3" step="2"/><T18/><D60/><N who="1" m="37911" /><E51/><V75/><F75/><W134/><G134/><AGARI ba="0,1" hai="4,8,13,89,94,98,121,122,132,133,134" m="37911" machi="134" ten="30,2900,0" yaku="20,1,52,1" doraHai="61" who="1" fromWho="3" sc="224,0,250,39,276,0,240,-29" /><INIT seed="1,1,0,1,3,92" ten="224,289,276,211" oya="1" hai0="0,4,19,45,78,70,41,121,82,74,26,55,33" hai1="46,16,1,44,87,3,111,84,20,9,110,104,114" hai2="25,61,120,128,43,21,36,32,24,12,69,35,11" hai3="34,91,93,7,126,72,117,49,106,119,62,102,131" shuffle="mt19937ar,27D65345,C65DC1F8,3A3D8D09,6ECCDF26,0F950411,7D6C6C8D,77F497F5,036042EE"/><U47/><E104/><V96/><F43/><W81/><G7/><T99/><D121/><U60/><E9/><V76/><F36/><W133/><G34/><T64/><D99/><U37/><E60/><V68/><F128/><W54/><G131/><T134/><D55/><U80/><E37/><V10/><F21/><W67/><G126/><T107/><D19/><U27/><E80/><V48/><F12/><W65/><G133/><T57/><D57/><U5/><E5/><V129/><F61/><W125/><G125/><T79/><D79/><U130/><E114/><V31/><F48/><W38/><G38/><T123/><D123/><U100/><E100/><V86/><F86/><N who="1" m="32809" /><E130/><V52/><F129/><W2/><G2/><T115/><D115/><U17/><E17/><V42/><F76/><N who="3" m="44167" /><G106/><T29/><D134/><U53/><E53/><V15/><F120/><W83/><G83/><T90/><D90/><U50/><E50/><V75/><F75/><W89/><G102/><T122/><D122/><U77/><E77/><V51/><F51/><W116/><G62/><T73/><D73/><U105/><E105/><V94/><F52/><W98/><G91/><T63/><D107/><U127/><E127/><V14/><F94/><W8/><G8/><T56/><D56/><AGARI ba="1,0" hai="49,54,56,65,67,89,93,98,116,117,119" m="44167" machi="56" ten="30,2000,0" yaku="12,1,52,1" doraHai="92" who="3" fromWho="0" sc="224,-23,289,0,276,0,211,23" /><INIT seed="2,0,0,2,1,23" ten="201,289,276,234" oya="2" hai0="94,7,21,51,53,122,81,105,56,91,98,69,47" hai1="36,24,40,42,127,73,104,78,9,85,29,82,88" hai2="103,54,111,5,27,133,64,121,10,129,11,6,35" hai3="66,22,119,96,67,135,95,2,77,46,79,114,60" shuffle="mt19937ar,DFD6FA40,756AD398,6A4F9FE2,8592A55C,863BD692,633F4671,B4C07613,BCC4F3FC"/><V30/><F64/><W4/><G119/><T86/><D69/><U31/><E104/><V83/><F103/><W61/><G2/><T92/><D122/><U89/><E127/><V20/><F121/><W38/><G4/><T62/><D7/><U123/><E123/><V33/><F83/><W19/><G38/><T49/><D105/><U87/><E36/><V76/><F76/><W58/><G114/><T132/><D132/><U17/><E78/><V8/><F54/><W59/><G135/><T72/><D72/><U65/><E73/><V37/><F37/><W100/><REACH who="3" step="1"/><G46/><REACH who="3" step="2"/><T107/><D107/><U26/><E65/><V25/><F133/><W125/><G125/><T128/><D128/><U130/><E130/><V115/><F129/><W44/><G44/><T93/><D51/><U90/><E9/><V110/><F115/><W34/><G34/><T18/><D98/><U70/><E70/><V101/><F101/><W28/><G28/><N who="1" m="10826" /><E17/><N who="2" m="12431" /><F35/><W102/><G102/><T48/><REACH who="0" step="1"/><D47/><REACH who="0" step="2"/><U134/><E134/><V41/><F41/><N who="1" m="15977" /><E82/><V74/><F74/><W13/><AGARI ba="0,2" hai="13,19,22,58,59,60,61,66,67,77,79,95,96,100" machi="13" ten="20,12000,2" yaku="1,1,0,1,7,1,9,1,8,1,53,1" doraHai="23" doraHaiUra="97" who="3" fromWho="3" sc="191,-30,289,-30,276,-60,224,140" /><INIT seed="3,0,0,0,2,29" ten="161,259,216,364" oya="3" hai0="37,21,130,6,31,126,1,59,87,27,114,113,115" hai1="49,67,63,125,11,8,30,100,120,61,41,5,108" hai2="22,54,40,83,17,135,111,95,57,78,19,74,16" hai3="102,92,46,39,71,4,85,90,105,24,2,76,12" shuffle="mt19937ar,BA83A114,455156C2,8C5874F5,43ED7379,ADFC943E,9B91B2E4,0CC51C20,58E1E221"/><W9/><G71/><T119/><D37/><U28/><E100/><V99/><F40/><W97/><G39/><T43/><D43/><U55/><E120/><V62/><F135/><W60/><G46/><T48/><D87/><U96/><E108/><V94/><F111/><W82/><G60/><T72/><D119/><U13/><E41/><V26/><REACH who="2" step="1"/><F95/><REACH who="2" step="2"/><W35/><G24/><T89/><D72/><U131/><E125/><V58/><F58/><W44/><G44/><T123/><D126/><U18/><E131/><V45/><F45/><W132/><G132/><T116/><D123/><U81/><E81/><V34/><F34/><W84/><REACH who="3" step="1"/><G2/><REACH who="3" step="2"/><T3/><D116/><U36/><E36/><V65/><F65/><W109/><G109/><T121/><D48/><U7/><E67/><V104/><F104/><W53/><G53/><T23/><D59/><N who="1" m="33263" /><E96/><V129/><F129/><W93/><G93/><T56/><D121/><U122/><E122/><V117/><F117/><W0/><G0/><N who="0" m="75" /><D56/><U25/><E13/><V42/><F42/><W14/><G14/><T110/><D130/><U32/><E25/><V134/><F134/><W33/><AGARI ba="0,2" hai="4,9,12,33,35,76,82,84,85,90,92,97,102,105" machi="33" ten="30,12000,1" yaku="1,1,0,1,52,2,53,1" doraHai="29" doraHaiUra="86" who="3" fromWho="3" sc="161,-40,259,-40,206,-40,354,140" /><INIT seed="3,1,0,4,1,41" ten="121,219,166,494" oya="3" hai0="70,81,99,16,86,62,113,22,55,98,130,58,47" hai1="48,124,4,126,24,18,114,50,3,51,43,84,115" hai2="104,117,5,49,59,46,15,121,131,134,32,103,96" hai3="95,9,78,40,112,132,57,19,61,105,110,108,71" shuffle="mt19937ar,C2902907,30BAC528,0EA3191C,670451E3,542C05B2,D3E6EA59,B1CB4927,E9E548EA"/><W28/><G40/><T36/><D70/><U0/><E84/><V33/><F117/><W111/><G112/><N who="1" m="43050" /><E4/><V2/><F2/><N who="1" m="553" /><E18/><V63/><F121/><W75/><G105/><T91/><D130/><U64/><E24/><V6/><F131/><W129/><G129/><T25/><D113/><U56/><E56/><V73/><F134/><W60/><G132/><T21/><D21/><U90/><E90/><V66/><F73/><W88/><G28/><T92/><D36/><U68/><E64/><V23/><F6/><W79/><G75/><T20/><D20/><U7/><E7/><V97/><F97/><N who="3" m="57575" /><G9/><T39/><D39/><U87/><E87/><V119/><F119/><W53/><G19/><T44/><D99/><U35/><E35/><V1/><F1/><W133/><G133/><T65/><REACH who="0" step="1"/><D65/><AGARI ba="1,0" hai="53,57,60,61,65,71,78,79,108,110,111" m="57575" machi="65" ten="30,5800,0" yaku="14,1,10,1,54,1" doraHai="41" who="3" fromWho="0" sc="121,-61,219,0,166,0,494,61" /><INIT seed="3,2,0,2,4,59" ten="60,219,166,555" oya="3" hai0="93,130,75,91,127,99,98,132,36,14,109,27,55" hai1="81,72,71,16,37,134,90,121,65,9,53,95,126" hai2="41,51,61,24,31,114,47,83,107,18,104,110,12" hai3="112,74,11,105,50,88,122,82,94,44,29,19,80" shuffle="mt19937ar,69BBC3A8,2477C80E,441B4FAD,5930CC2D,B95F0DE4,E9464569,F7D558AD,084E46F4"/><W10/><G122/><T30/><D36/><U3/><E37/><V86/><F114/><W123/><G123/><T70/><D70/><U101/><E121/><V6/><F6/><W133/><G112/><T129/><D75/><U102/><E126/><V119/><F119/><W131/><G133/><T23/><D109/><U4/><E134/><V17/><F110/><W106/><G131/><N who="0" m="50187" /><D127/><U7/><E7/><V78/><F104/><W118/><G118/><T26/><D132/><U45/><E81/><V21/><F107/><W52/><G29/><T25/><D14/><U67/><E72/><V73/><F73/><W117/><G117/><T79/><D79/><U42/><E67/><V108/><F108/><W2/><G11/><T113/><D113/><U5/><E5/><V89/><F89/><W115/><G115/><T0/><D0/><U43/><E53/><V32/><F32/><W135/><G135/><T92/><D55/><U39/><E43/><V77/><F77/><W38/><G38/><T60/><D60/><U48/><E48/><V64/><REACH who="2" step="1"/><F12/><REACH who="2" step="2"/><W87/><G82/><T111/><D111/><U13/><E65/><V124/><F124/><W15/><G2/><T28/><D23/><U58/><E71/><AGARI ba="2,1" hai="17,18,21,24,31,41,47,51,61,64,71,78,83,86" machi="71" ten="30,3900,0" yaku="1,1,7,1,52,1,53,0" doraHai="59" doraHaiUra="128" who="2" fromWho="1" sc="60,0,219,-45,156,55,555,0" /><INIT seed="4,0,0,0,5,62" ten="60,174,211,555" oya="0" hai0="71,134,46,97,73,92,127,90,112,26,54,117,28" hai1="49,83,126,36,60,125,103,4,7,34,115,17,29" hai2="121,13,8,37,91,108,2,86,70,98,41,58,79" hai3="129,131,113,67,64,72,135,22,24,75,30,20,35" shuffle="mt19937ar,E0B73959,6C0BA457,42FF4371,5BB8DCD4,4B098BC6,D72019A7,18720BE3,2FFF6E98"/><T31/><D117/><U61/><E36/><V47/><F108/><W104/><G104/><T118/><D112/><U89/><E103/><V33/><F33/><W80/><G113/><T100/><D73/><N who="3" m="28233" /><G80/><T3/><D71/><U82/><E115/><V6/><F70/><W32/><G135/><T124/><D134/><U14/><E34/><N who="3" m="12842" /><G22/><T45/><D118/><U119/><E29/><V99/><F79/><W77/><G77/><T132/><D3/><U15/><E119/><V55/><F2/><W38/><G38/><T18/><D132/><U66/><E49/><V69/><F69/><W44/><G44/><T94/><D127/><U43/><E89/><V116/><F116/><W40/><G40/><T111/><D111/><U96/><E17/><V21/><F121/><W128/><AGARI ba="0,0" hai="20,24,30,64,67,128,129,131" m="12842,28233" machi="128" ten="40,5200,0" yaku="19,1,52,2" doraHai="62" who="3" fromWho="3" sc="60,-26,174,-13,211,-13,555,52" /><INIT seed="5,0,0,2,4,26" ten="34,161,198,607" oya="1" hai0="28,31,60,105,77,69,110,20,128,15,23,87,82" hai1="53,117,50,48,59,92,11,119,72,12,0,85,99" hai2="132,38,61,18,78,36,9,134,32,34,112,103,118" hai3="102,120,131,8,21,104,27,54,14,66,45,42,133" shuffle="mt19937ar,C05DFEAD,F8A80BC4,55E2E494,BA391DF0,D6C23412,9317497A,C2E0D0A8,5C9AB7BD"/><U13/><E0/><V81/><F118/><W73/><G120/><T122/><D105/><U75/><E72/><V93/><F61/><W56/><G73/><T130/><D122/><U39/><E75/><V94/><F18/><W5/><G131/><N who="0" m="50219" /><D110/><U106/><E39/><V116/><F9/><W64/><G133/><T3/><D3/><U6/><E13/><V89/><F89/><W43/><G104/><T90/><D15/><U4/><E4/><V35/><F103/><W79/><G102/><T111/><D111/><U55/><E106/><V29/><F29/><N who="0" m="11338" /><D77/><U74/><E74/><V46/><F78/><W2/><G2/><T84/><D84/><U19/><E85/><V86/><F86/><W129/><G129/><T80/><D60/><U44/><E6/><V65/><F34/><W33/><G33/><N who="2" m="12873" /><F132/><W76/><G27/><T58/><D58/><U17/><E17/><V7/><F134/><W1/><G1/><T70/><D87/><U115/><E115/><V107/><F116/><W51/><G43/><T47/><D47/><U88/><AGARI ba="0,0" hai="11,12,19,44,48,50,53,55,59,88,92,99,117,119" machi="88" ten="20,3900,0" yaku="0,1,7,1,54,1" doraHai="26" who="1" fromWho="1" sc="34,-13,161,39,198,-13,607,-13" /><INIT seed="5,1,0,0,1,38" ten="21,200,185,594" oya="1" hai0="126,124,41,65,45,119,37,111,34,30,122,94,49" hai1="66,100,90,101,28,72,93,59,127,32,62,9,33" hai2="4,31,129,125,114,113,95,107,21,134,51,80,53" hai3="56,120,23,71,44,97,89,73,60,29,15,67,82" shuffle="mt19937ar,EA103902,EDEE214D,7719A29A,79814F32,6737A41E,4B489192,6AE63F50,76CF7EFD"/><U0/><E72/><V131/><F107/><W70/><G120/><T35/><D30/><U57/><E127/><V108/><F80/><W54/><G73/><T7/><D94/><U48/><E33/><V74/><F74/><W132/><G132/><T5/><D122/><U22/><E32/><V3/><F95/><W39/><G39/><T102/><D102/><U64/><E0/><V76/><F76/><W16/><G29/><T118/><D111/><U78/><E9/><V96/><F96/><W104/><G104/><T68/><D37/><U14/><E78/><V133/><F53/><W86/><G97/><T11/><D45/><U88/><E90/><V26/><F51/><W46/><REACH who="3" step="1"/><G54/><REACH who="3" step="2"/><T110/><D68/><AGARI ba="1,1" hai="15,16,23,44,46,56,60,67,68,70,71,82,86,89" machi="68" ten="40,8000,1" yaku="1,1,2,1,54,1,53,1" doraHai="38" doraHaiUra="58" who="3" fromWho="0" sc="21,-83,200,0,185,0,584,93" owari="-62,-56,200,0,185,-21,677,77" /></mjloggm>