<mjloggm ver="2.3"><GO type="41"/><UN n0="%E3%82%A6%E3%83%AB%E3%83%88%E3%83%A9%E7%AB%8B%E7%9B%B4" n1="%42%2D%4D%41%58" n2="%E6%A3%AE%E5%B1%B1%E3%81%BE%E8%8C%82%E5%92%8C" n3="%E3%83%9A%E3%83%BC%E3%83%81%E3%83%A3%E3%83%B3" dan="14,16,14,14" rate="1908,2013,2000,1906" sx="M,M,M,M"/><TAIKYOKU oya="0"/><INIT seed="0,0,0,0,1,125" ten="250,250,250,250" oya="0" hai0="118,8,34,46,56,31,5,55,14,84,33,2,117" hai1="67,39,104,96,35,40,45,3,131,29,70,61,44" hai2="48,58,130,25,72,89,63,68,71,20,81,38,60" hai3="78,127,37,4,123,115,49,134,52,12,75,95,64"/><T116/><D46/><U30/><E45/><V88/><F38/><W103/><G127/><T85/><D14/><U91/><E30/><V26/><F20/><W132/><G37/><T69/><D69/><U135/><E91/><V54/><F81/><W112/><G64/><T128/><D55/><U17/><E17/><V36/><F36/><W59/><G123/><T57/><D31/><U114/><E114/><V10/><F10/><N who="3" m="4167" /><G78/><T108/><D108/><U82/><E82/><V9/><F9/><W77/><G77/><T23/><D23/><U16/><E16/><V102/><F72/><W83/><G83/><T129/><D8/><U43/><E43/><V111/><F54/><W119/><G75/><T121/><D121/><U19/><E19/><V106/><F48/><W74/><G74/><T1/><D117/><U87/><E87/><V100/><F58/><W93/><G93/><T79/><D79/><U18/><E18/><V66/><F66/><W80/><G80/><T42/><D42/><U0/><E96/><V126/><F126/><W62/><G62/><T28/><D28/><U99/><E99/><V65/><F65/><W32/><G32/><T47/><D47/><U109/><E109/><V122/><F122/><W120/><G119/><T22/><D22/><U94/><E94/><V98/><F98/><N who="3" m="59871" /><G120/><T15/><D15/><U50/><E39/><V113/><F111/><W97/><G97/><T53/><D53/><U13/><E13/><V105/><F113/><W92/><G92/><T124/><D124/><U11/><E35/><V110/><F110/><W107/><G107/><RYUUKYOKU ba="0,0" sc="250,10,250,-30,250,10,250,10" hai0="1,2,5,33,34,56,57,84,85,116,118,128,129" hai2="25,26,60,63,68,71,88,89,100,102,105,106,130" hai3="49,52,59,112,115,132,134" /><INIT seed="0,1,0,3,2,30" ten="260,220,260,260" oya="0" hai0="77,56,101,28,96,59,118,117,113,7,12,127,107" hai1="104,103,8,132,44,80,128,69,129,64,108,0,81" hai2="42,105,67,121,84,124,39,33,98,23,10,20,74" hai3="48,65,29,41,40,73,26,4,78,116,25,62,16"/><T114/><D77/><U125/><E44/><V35/><F67/><W119/><G4/><T31/><D7/><U66/><E8/><V79/><F79/><W93/><G93/><T109/><D12/><U92/><E92/><V43/><F39/><W120/><G120/><T3/><D96/><U17/><E17/><V99/><F74/><W46/><G41/><T131/><D101/><U36/><E103/><V133/><F105/><W70/><G78/><T88/><D88/><U51/><E51/><V115/><F10/><W15/><G26/><T130/><D127/><U123/><E66/><V53/><F124/><W47/><G47/><T49/><D49/><U1/><E64/><V76/><F76/><W18/><G18/><T112/><D109/><U38/><E80/><V110/><F121/><W60/><G60/><T106/><REACH who="0" step="1"/><D114/><REACH who="0" step="2"/><U19/><E108/><V37/><F110/><W13/><G73/><T83/><D83/><U91/><E81/><V85/><F115/><W102/><G13/><T52/><D52/><U57/><E125/><V97/><F97/><W75/><G102/><T82/><D82/><U100/><E91/><V134/><F37/><W54/><G54/><AGARI ba="1,1" hai="20,23,33,35,42,43,53,54,84,85,98,99,133,134" machi="54" ten="25,6400,0" yaku="22,2,52,2" doraHai="30" who="2" fromWho="3" sc="250,0,220,0,260,77,260,-67" /><INIT seed="1,0,0,4,2,120" ten="250,220,337,193" oya="1" hai0="129,10,62,11,99,27,97,19,133,42,105,126,131" hai1="58,110,79,83,29,5,2,28,98,23,87,18,21" hai2="111,60,94,56,36,4,112,17,117,108,90,123,104" hai3="44,47,76,22,81,132,106,26,130,20,3,73,107"/><U109/><E2/><V46/><F104/><W95/><G3/><T6/><D105/><U32/><E5/><V15/><F4/><W118/><G118/><T80/><D42/><U96/><E32/><V69/><F69/><W39/><G132/><T37/><D37/><U53/><E29/><V13/><F123/><W85/><G130/><T124/><D62/><U71/><E71/><V74/><F74/><W16/><G47/><T115/><D80/><U35/><E35/><V68/><F68/><W119/><G119/><T101/><D101/><U66/><E66/><V72/><F72/><W135/><G135/><T75/><D75/><U78/><E79/><V114/><F117/><W31/><G95/><T67/><D67/><U70/><E70/><V54/><F46/><W91/><G76/><T100/><D100/><U64/><E64/><V0/><F0/><W102/><G102/><T116/><D116/><U8/><E8/><N who="2" m="6311" /><F15/><W49/><G39/><T7/><D133/><U93/><E28/><V103/><F103/><W1/><G1/><T65/><D19/><U50/><E23/><V57/><F36/><W45/><G73/><T88/><D65/><U125/><E125/><V24/><F24/><W59/><G107/><T82/><D27/><U14/><REACH who="1" step="1"/><E96/><REACH who="1" step="2"/><N who="2" m="57431" /><F57/><W12/><G106/><T89/><REACH who="0" step="1"/><D82/><REACH who="0" step="2"/><U40/><E40/><V128/><F128/><W48/><G59/><T55/><D55/><U61/><E61/><V86/><F60/><W25/><G45/><T33/><D33/><U92/><E92/><V41/><F54/><W51/><G44/><T127/><D127/><RYUUKYOKU ba="0,2" sc="240,10,210,10,337,-30,193,10" hai0="6,7,10,11,88,89,97,99,115,124,126,129,131" hai1="14,18,21,50,53,58,78,83,87,93,98,109,110" hai3="12,16,20,22,25,26,31,48,49,51,81,85,91" /><INIT seed="1,1,2,5,5,122" ten="250,220,307,203" oya="1" hai0="85,118,51,103,12,77,131,59,83,31,32,34,106" hai1="97,114,81,127,89,79,76,67,42,80,28,125,43" hai2="102,90,25,82,63,119,46,10,110,96,19,50,58" hai3="75,130,108,70,124,13,120,4,126,48,117,111,45"/><U35/><E114/><V37/><F37/><W52/><G4/><T0/><D0/><U6/><E6/><V21/><F119/><W129/><G75/><T135/><D118/><U101/><E67/><V9/><F90/><W86/><G13/><T133/><D131/><N who="3" m="50185" /><G86/><T27/><D34/><U88/><E35/><V24/><F24/><W20/><G20/><T94/><D106/><U14/><E14/><V134/><F82/><W71/><G120/><T29/><D29/><U132/><E28/><V30/><F30/><W54/><G54/><T65/><D12/><U93/><E42/><V113/><F113/><W116/><G116/><T23/><D32/><U44/><E132/><V5/><F5/><W69/><G117/><T91/><D51/><U26/><E26/><V64/><F134/><W36/><G36/><T55/><D55/><U73/><E44/><V78/><F78/><W84/><G84/><T128/><D128/><U49/><E49/><V74/><F74/><W112/><G112/><T95/><D95/><U100/><E43/><V121/><F121/><W57/><G45/><T66/><D66/><U60/><E60/><V18/><F18/><W8/><G8/><T47/><D47/><U92/><E73/><V1/><F1/><W16/><G16/><T53/><D53/><U104/><E97/><V40/><REACH who="2" step="1"/><F110/><AGARI ba="1,2" hai="48,52,57,69,70,71,108,110,111,124,126" m="50185" machi="110" ten="40,16000,3" yaku="14,1,19,1,34,2,52,3,54,1" doraHai="122" who="3" fromWho="2" sc="250,0,220,0,307,-163,203,183" /><INIT seed="2,0,0,5,3,29" ten="250,220,144,386" oya="2" hai0="38,123,67,31,76,94,15,65,6,56,14,3,121" hai1="101,54,8,74,98,34,115,33,0,24,128,45,44" hai2="60,119,52,131,73,25,79,49,105,117,48,97,80" hai3="19,102,70,112,10,118,78,32,51,100,127,99,35"/><V86/><F131/><W120/><G118/><T92/><D56/><U82/><E115/><V36/><F36/><W116/><G70/><T125/><D31/><U30/><E128/><V4/><F4/><W110/><G116/><T59/><D59/><U47/><E0/><V28/><F60/><W20/><G120/><T126/><D38/><U77/><E8/><V71/><F71/><W57/><G78/><T5/><REACH who="0" step="1"/><D76/><REACH who="0" step="2"/><U2/><E2/><AGARI ba="0,1" hai="2,3,5,6,14,15,65,67,92,94,121,123,125,126" machi="2" ten="25,6400,0" yaku="1,1,2,1,22,2,53,0" doraHai="29" doraHaiUra="27" who="0" fromWho="1" sc="240,74,220,-64,144,0,386,0" /><INIT seed="3,0,0,5,3,31" ten="314,156,144,386" oya="3" hai0="116,28,101,19,129,120,117,121,10,0,39,94,87" hai1="8,61,95,103,64,99,74,30,60,112,105,57,76" hai2="4,48,86,2,43,72,93,34,69,5,97,62,38" hai3="104,88,15,20,92,51,40,50,98,131,134,11,115"/><W12/><G115/><T126/><D87/><U100/><E112/><V56/><F72/><W68/><G68/><T90/><D94/><U6/><E74/><V85/><F69/><W18/><G104/><T37/><D90/><U80/><E80/><V29/><F38/><W17/><G131/><T14/><D101/><U24/><E76/><V77/><F2/><W130/><G130/><T65/><D129/><U79/><E79/><V75/><F75/><W96/><G134/><T9/><D65/><U132/><E132/><V89/><F29/><W44/><G51/><T102/><D102/><U32/><E100/><V91/><F77/><W84/><AGARI ba="0,0" hai="11,12,15,17,18,20,40,44,50,84,88,92,96,98" machi="84" ten="20,7800,0" yaku="0,1,7,1,8,1,54,1" doraHai="31" who="3" fromWho="3" sc="314,-26,156,-26,144,-26,386,78" /><INIT seed="3,1,0,0,3,70" ten="288,130,118,464" oya="3" hai0="126,77,60,118,123,66,24,113,130,45,56,108,36" hai1="104,4,2,48,71,124,37,82,100,116,10,35,135" hai2="52,21,73,133,80,47,38,31,1,65,43,23,72" hai3="129,95,3,25,102,17,19,59,127,55,12,6,103"/><W84/><G3/><T13/><D77/><U64/><E48/><V62/><F133/><W41/><G41/><N who="0" m="22695" /><D24/><U51/><E51/><V7/><F31/><W8/><G129/><T18/><D18/><N who="3" m="6665" /><G25/><T99/><D13/><U94/><E94/><V109/><F109/><W63/><G127/><T54/><D99/><U5/><E82/><V11/><F73/><W132/><G132/><T128/><D123/><U114/><E64/><V91/><F91/><AGARI ba="1,0" hai="6,8,12,55,59,63,84,91,95,102,103" m="6665" machi="91" ten="30,1500,0" yaku="8,1" doraHai="70" who="3" fromWho="2" sc="288,0,130,0,118,-18,464,18" /><INIT seed="3,2,0,3,2,128" ten="288,130,100,482" oya="3" hai0="96,73,122,97,95,6,79,114,134,49,94,23,133" hai1="22,117,55,70,77,18,66,9,127,124,45,0,16" hai2="64,10,38,41,36,32,105,19,2,108,131,40,51" hai3="93,3,25,71,116,68,83,63,104,30,82,74,132"/><W14/><G3/><T29/><D6/><N who="1" m="1223" /><E77/><V20/><F32/><W33/><G104/><T84/><D49/><U129/><E66/><V8/><F105/><W85/><G116/><T111/><D29/><U109/><E70/><V31/><F31/><W21/><G63/><T58/><D58/><U44/><E117/><V62/><F131/><W90/><G82/><N who="0" m="45423" /><D23/><U112/><E112/><V123/><F123/><W75/><G75/><T12/><D12/><N who="1" m="9479" /><E129/><V47/><F41/><W46/><G46/><T88/><D122/><U120/><E120/><V52/><F108/><W100/><G100/><N who="0" m="60439" /><D111/><U35/><E109/><V60/><F60/><W65/><G65/><T80/><D114/><U76/><E76/><AGARI ba="2,0" hai="76,80,84,88,95,97,133,134" m="60439,45423" machi="76" ten="30,8000,1" yaku="34,2,52,2,54,1" doraHai="128" who="0" fromWho="1" sc="288,86,130,-86,100,0,482,0" /><INIT seed="4,0,0,1,1,57" ten="374,44,100,482" oya="0" hai0="119,73,126,135,50,88,30,111,31,61,19,132,43" hai1="85,104,32,60,121,109,79,66,46,116,55,45,6" hai2="34,65,102,26,95,84,72,56,75,63,78,98,101" hai3="83,105,118,110,130,40,8,42,33,14,24,113,115"/><T80/><D73/><U107/><E121/><V0/><F0/><W27/><G33/><T86/><D119/><U67/><E116/><V35/><F102/><W1/><G105/><T10/><D126/><U9/><E109/><V54/><F35/><W11/><G118/><T22/><D10/><U76/><E32/><V12/><F34/><W127/><G127/><T62/><D111/><U74/><E74/><V124/><F124/><W97/><G97/><T134/><D50/><U52/><E85/><V112/><F112/><W94/><G94/><T125/><D43/><U59/><E104/><V51/><F26/><W53/><G53/><N who="1" m="20554" /><E107/><V36/><F36/><W77/><G110/><T25/><D125/><U37/><E37/><V96/><F96/><W129/><G1/><T90/><D90/><U114/><E114/><V100/><F100/><W44/><G14/><T3/><D3/><U41/><E41/><V23/><F23/><W20/><G20/><T81/><D81/><U99/><E99/><V69/><REACH who="2" step="1"/><F12/><REACH who="2" step="2"/><W13/><G13/><T38/><D38/><U91/><E91/><V58/><F58/><W108/><G108/><T5/><D5/><U106/><E106/><V122/><F122/><W15/><G15/><T89/><D89/><U117/><E117/><V47/><F47/><N who="1" m="17929" /><E79/><V28/><F28/><AGARI ba="0,1" hai="19,22,25,28,30,31,61,62,80,86,88,132,134,135" machi="28" ten="40,12000,1" yaku="20,1,52,2,54,1" doraHai="57" who="0" fromWho="2" sc="374,130,44,0,90,-120,482,0" owari="504,61,44,-36,-30,-53,482,28" /></mjloggm>