<mjloggm ver="2.3"><GO type="97"/><UN n0="%48%49%4C%4C%EF%BC%A0" n1="%E3%82%A6%E3%83%AB%E3%83%88%E3%83%A9%E7%AB%8B%E7%9B%B4" n2="%E3%82%AE%E3%83%B3%E3%82%AA" n3="%E3%82%A2%E3%83%8A%E3%83%AD%E3%82%B0%E9%9B%80%E5%A3%AB" dan="15,13,14,14" rate="2012,1818,1887,1981" sx="M,M,M,M"/><TAIKYOKU oya="0"/><INIT seed="0,0,0,2,3,8" ten="250,250,250,250" oya="0" hai0="27,39,65,19,22,125,126,42,1,26,12,37,67" hai1="57,52,131,2,100,109,118,80,107,98,35,3,21" hai2="54,106,40,28,60,99,18,115,66,135,49,89,5" hai3="46,9,122,113,120,78,45,38,112,71,25,20,58"/><T13/><D1/><U128/><E35/><V134/><F115/><N who="3" m="44107" /><G71/><T70/><D42/><U104/><E104/><V31/><F5/><W55/><G78/><T101/><D101/><U97/><E97/><V121/><F121/><N who="3" m="46699" /><G9/><T105/><D105/><U111/><E21/><V124/><F40/><W81/><G81/><T88/><D70/><U127/><E118/><V79/><F79/><W72/><G72/><T48/><D48/><U53/><E127/><N who="0" m="48649" /><D27/><U10/><E80/><V50/><F18/><N who="3" m="12439" /><G38/><N who="0" m="14347" /><D88/><U75/><E75/><V95/><F124/><W91/><G91/><T69/><D69/><U93/><E107/><V92/><F106/><W83/><G83/><T0/><D0/><N who="1" m="43" /><E10/><V14/><F95/><W34/><G34/><T4/><D4/><U133/><E53/><V6/><F54/><W102/><G102/><T17/><D26/><U64/><E64/><V116/><F89/><W59/><G55/><T130/><D130/><N who="1" m="49707" /><E52/><V94/><F99/><W44/><AGARI ba="0,0" hai="44,45,46,58,59" m="12439,46699,44107" machi="44" ten="40,1500,0" yaku="13,1" doraHai="8" who="3" fromWho="3" sc="250,-7,250,-4,250,-4,250,15" /><INIT seed="1,0,0,0,0,90" ten="243,246,246,265" oya="1" hai0="18,126,74,63,21,54,60,53,30,55,25,122,99" hai1="96,40,131,27,106,50,71,118,34,66,101,108,64" hai2="87,134,102,85,52,15,98,13,117,0,88,36,94" hai3="6,33,56,68,128,58,70,103,120,124,3,5,14"/><U65/><E118/><V129/><F134/><W91/><G120/><T31/><D74/><U11/><E131/><V110/><F117/><W89/><G128/><T43/><D122/><U113/><E113/><V116/><F116/><W28/><G103/><T93/><D43/><U8/><E108/><V82/><F36/><W12/><G28/><N who="0" m="10795" /><D126/><U49/><E34/><V24/><F129/><W16/><G124/><T38/><D38/><U123/><E71/><V44/><F24/><W37/><G37/><T26/><D26/><U130/><E130/><V109/><F0/><W112/><G33/><T75/><D75/><U48/><E123/><V104/><F104/><W41/><G41/><T97/><D97/><U72/><E72/><V1/><F1/><W32/><G32/><T105/><D105/><U81/><E40/><V19/><F13/><W83/><G3/><T57/><D57/><U121/><E121/><V39/><F87/><W46/><G112/><T119/><D119/><U23/><REACH who="1" step="1"/><E81/><REACH who="1" step="2"/><V17/><F110/><W20/><G83/><T76/><D76/><U125/><E125/><V86/><F109/><W132/><G132/><T9/><D63/><U4/><E4/><V22/><F39/><W45/><G70/><T115/><D60/><U51/><N who="1" m="12800" /><DORA hai="80" /><U78/><E78/><V7/><F7/><W135/><G68/><T2/><D115/><U92/><E92/><V73/><F73/><W59/><G135/><T10/><D2/><U42/><E42/><V95/><F82/><W114/><G114/><T127/><D127/><U67/><N who="1" m="16896" /><DORA hai="35" /><U100/><E100/><AGARI ba="0,1" hai="9,10,18,21,25,53,54,55,93,99,100" m="10795" machi="100" ten="30,3900,0" yaku="6,1,8,1,52,1" doraHai="90,80,35" who="0" fromWho="1" sc="243,49,236,-39,246,0,265,0" /><INIT seed="2,0,0,3,1,47" ten="292,197,246,265" oya="2" hai0="10,3,59,7,17,79,23,84,73,9,44,22,21" hai1="29,130,120,133,103,124,12,14,68,24,0,35,19" hai2="66,55,46,135,118,56,89,62,39,30,63,123,129" hai3="61,122,116,42,67,87,6,4,48,41,134,58,33"/><V81/><F123/><W20/><G33/><T34/><D73/><U28/><E68/><V72/><F30/><W104/><G104/><T80/><D34/><U26/><E103/><V37/><F89/><W127/><G122/><T78/><D78/><U1/><E120/><V38/><F81/><W43/><G116/><T107/><D107/><U77/><E77/><V97/><F97/><W70/><G134/><T83/><D83/><U126/><E133/><V91/><F91/><W112/><G112/><T31/><D31/><U69/><E69/><N who="2" m="42199" /><F72/><W101/><G101/><T105/><D105/><U57/><E57/><V82/><F82/><W119/><G119/><T75/><D59/><U94/><E94/><V5/><F5/><W115/><G115/><T13/><D44/><U49/><E49/><N who="2" m="29111" /><F135/><W8/><G20/><T90/><D75/><U128/><E35/><V54/><F118/><W131/><G6/><T16/><D79/><U88/><E88/><V100/><F100/><W64/><G87/><T117/><D117/><U95/><E95/><V71/><F129/><W99/><G131/><T50/><D17/><AGARI ba="0,0" hai="0,1,12,14,17,19,24,26,28,29,124,126,128,130" machi="17" ten="25,8000,1" yaku="22,2,34,3" doraHai="47" who="1" fromWho="0" sc="292,-80,197,80,246,0,265,0" /><INIT seed="3,0,0,2,3,118" ten="212,277,246,265" oya="3" hai0="16,85,95,36,41,20,47,28,3,55,80,46,100" hai1="4,102,0,9,86,52,84,45,112,15,70,124,69" hai2="92,66,32,8,103,116,64,11,50,125,82,126,37" hai3="71,104,53,42,110,87,106,113,65,62,68,14,19"/><W129/><G113/><T33/><D3/><U6/><E112/><V77/><F37/><W43/><G71/><T5/><D5/><U39/><E102/><V90/><F32/><W115/><G115/><T128/><D128/><U119/><E119/><V121/><F116/><W88/><G129/><T127/><D127/><N who="2" m="48650" /><F103/><W35/><G35/><T109/><D28/><U30/><E30/><V57/><F50/><W12/><G12/><T117/><D33/><U61/><E70/><V59/><F57/><W29/><G29/><T135/><D117/><U44/><E69/><V40/><F40/><W91/><G110/><T49/><D109/><U74/><E0/><V122/><F59/><W58/><G91/><T73/><D135/><U123/><E123/><N who="2" m="47115" /><F11/><W81/><G43/><T130/><D73/><U18/><E74/><N who="2" m="43319" /><F8/><W72/><G72/><T94/><D100/><U96/><E39/><V131/><F131/><W133/><G42/><T21/><D21/><U76/><E124/><V10/><F10/><W101/><G101/><T60/><D130/><U98/><E6/><V2/><F2/><W13/><G13/><T24/><REACH who="0" step="1"/><D60/><REACH who="0" step="2"/><U83/><E4/><V26/><F26/><W111/><G111/><T48/><D48/><N who="1" m="28679" /><E61/><V38/><F38/><W31/><G31/><T105/><D105/><U56/><E9/><V132/><F132/><W34/><G34/><T23/><D23/><U114/><E114/><V120/><F120/><W54/><G133/><T75/><D75/><U63/><E63/><V22/><F22/><N who="3" m="11639" /><G106/><T78/><AGARI ba="0,1" hai="16,20,24,36,41,46,47,49,55,78,80,85,94,95" machi="78" ten="20,5200,0" yaku="1,1,0,1,7,1,54,1,53,0" doraHai="118" doraHaiUra="27" who="0" fromWho="0" sc="202,62,277,-13,246,-13,265,-26" /><INIT seed="4,0,0,4,0,123" ten="264,264,233,239" oya="0" hai0="103,18,19,97,28,101,2,60,105,106,99,107,54" hai1="98,11,83,15,124,40,73,4,63,92,127,31,118" hai2="61,113,25,42,116,82,77,45,23,135,115,125,33" hai3="30,35,70,52,0,133,58,64,79,36,126,111,44"/><T109/><D2/><U38/><E118/><V76/><F116/><W69/><G0/><T100/><D28/><U91/><E31/><V129/><F33/><W114/><G79/><T56/><REACH who="0" step="1"/><D109/><REACH who="0" step="2"/><U104/><E124/><V132/><F125/><W84/><G111/><T131/><D131/><U117/><E127/><V59/><F129/><W96/><G126/><T14/><D14/><U26/><E117/><V108/><F108/><W74/><G133/><N who="2" m="51273" /><F115/><W22/><G114/><T24/><D24/><U121/><E26/><V67/><F113/><W16/><G30/><T134/><D134/><U112/><E112/><V8/><F8/><W32/><G32/><T85/><D85/><U72/><E15/><V130/><F130/><W65/><G35/><T3/><D3/><U71/><E11/><V1/><F1/><W13/><G84/><T51/><D51/><U50/><E50/><N who="2" m="26935" /><F82/><W9/><G9/><T80/><D80/><U55/><E83/><V20/><F20/><W5/><G22/><T37/><D37/><U21/><E21/><V6/><F6/><W75/><G5/><T27/><D27/><U78/><E38/><V39/><F39/><W90/><G36/><T102/><N who="0" m="26112" /><DORA hai="12" /><T17/><AGARI ba="0,1" hai="17,18,19,54,56,60,97,99,105,106,107" m="26112" machi="17" ten="50,24000,3" yaku="1,1,4,1,0,1,29,2,52,3,53,0" doraHai="123,12" doraHaiUra="88,66" who="0" fromWho="0" sc="254,250,264,-80,233,-80,239,-80" owari="504,51,184,-7,153,-25,159,-19" /></mjloggm>