<mjloggm ver="2.3"><GO type="137"/><UN n0="%42%65%72%67%6B%61%6D%70" n1="%6D%72%31%36%37" n2="%41%41%2B" n3="%E3%82%A6%E3%83%AB%E3%83%88%E3%83%A9%E7%AB%8B%E7%9B%B4" dan="11,12,12,10" rate="1913,1660,1678,1767" sx="M,M,M,M"/><TAIKYOKU oya="0"/><INIT seed="0,0,0,3,3,69" ten="250,250,250,250" oya="0" hai0="121,84,83,62,56,23,82,99,120,105,119,123,4" hai1="66,113,58,40,130,98,30,61,101,68,72,45,96" hai2="47,127,126,60,106,75,129,125,33,116,8,10,39" hai3="86,88,108,85,90,73,19,42,71,46,25,111,52" shuffle="mt19937ar,66111E29,F0ADFE9B,31488870,31E35A2F,B30C129D,86B3B0ED,748C62BB,27C186C9"/><T12/><D119/><U37/><E72/><V93/><F33/><W74/><G71/><T7/><D105/><U43/><E130/><V114/><F116/><W118/><G19/><T134/><D134/><U133/><E133/><V132/><F106/><W38/><G25/><T50/><D50/><U92/><E113/><V21/><F132/><W100/><G100/><T91/><D99/><U104/><E43/><N who="2" m="23039" /><F75/><W79/><G118/><T49/><D49/><U122/><E122/><V48/><F114/><W36/><G79/><T2/><D83/><U131/><E131/><V9/><F129/><W16/><G46/><T76/><D76/><U128/><E128/><V59/><F21/><W31/><G31/><T109/><D2/><U95/><E30/><V103/><F103/><W32/><G16/><T51/><D51/><U107/><E58/><V77/><F77/><W135/><G135/><T57/><D57/><U55/><E55/><N who="2" m="33919" /><F48/><W63/><G32/><T26/><D12/><U6/><E6/><V41/><F41/><W64/><G42/><T67/><D4/><U28/><E28/><V11/><N who="2" m="2560" /><DORA hai="94" /><V15/><F15/><W3/><G3/><T115/><D115/><U80/><E80/><V22/><F22/><W0/><G0/><T54/><D7/><U110/><E110/><V18/><F18/><W34/><G34/><T14/><D109/><U29/><E29/><V65/><F65/><W27/><G27/><T35/><D35/><U1/><E1/><V117/><F93/><W20/><G64/><T124/><D67/><U44/><E44/><V78/><F117/><RYUUKYOKU ba="0,0" sc="250,-15,250,15,250,15,250,-15" hai1="37,40,45,61,66,68,92,95,96,98,101,104,107" hai2="78,125,126,127" /><INIT seed="1,1,0,5,5,90" ten="235,265,265,235" oya="1" hai0="131,109,98,88,51,35,117,19,124,7,46,8,40" hai1="84,103,133,122,97,79,11,110,25,132,134,111,96" hai2="15,80,52,65,36,121,106,45,0,92,41,17,112" hai3="34,60,89,120,81,28,91,43,67,39,102,57,114" shuffle="mt19937ar,1C490CC9,B77F1F1D,E5908D4E,661107D0,F069254F,0883F0DF,F6BB92AE,69240A33"/><U75/><E25/><V123/><F121/><W64/><G120/><T69/><D117/><U105/><E11/><V48/><F123/><W47/><G114/><T13/><D69/><U44/><E122/><V107/><F0/><W50/><G102/><T29/><D131/><U86/><E44/><V31/><F107/><W16/><G28/><T9/><D124/><U129/><E129/><V104/><F106/><W108/><G34/><T22/><D109/><N who="1" m="41483" /><E97/><V119/><F104/><W72/><G108/><T116/><D116/><U12/><E12/><V71/><F119/><W125/><G125/><T30/><D35/><U93/><E105/><V70/><F71/><W76/><G64/><T33/><D33/><U130/><E130/><V49/><F31/><N who="0" m="11786" /><D7/><U62/><E62/><N who="2" m="40247" /><F112/><W126/><G126/><T14/><D14/><U42/><E42/><V101/><F80/><AGARI ba="1,0" hai="75,79,80,84,86,93,96,103,132,133,134" m="41483" machi="80" ten="40,18000,2" yaku="20,1,14,1,10,1,34,2,52,1" doraHai="90" who="1" fromWho="2" sc="235,0,265,183,265,-183,235,0" /><INIT seed="1,2,0,5,2,117" ten="235,448,82,235" oya="1" hai0="64,7,60,1,73,96,49,135,99,126,44,127,36" hai1="87,54,90,92,97,101,114,119,66,98,118,74,4" hai2="58,29,45,109,39,0,122,42,24,5,113,72,41" hai3="37,116,19,6,123,38,85,70,8,94,21,33,50" shuffle="mt19937ar,8FB8BD9F,B9D105C8,5C6C1F8E,B9BA35A9,C41487A4,F06C52A5,01E10545,7EB4F467"/><U80/><E114/><V108/><F113/><W63/><G33/><T104/><D36/><U14/><E66/><V133/><F72/><W35/><G35/><T105/><D73/><U30/><E30/><V82/><F42/><W17/><G17/><T77/><D77/><N who="1" m="44087" /><E54/><V102/><F102/><W67/><G116/><N who="1" m="44586" /><E14/><V78/><F0/><W52/><G123/><T43/><D135/><U46/><E4/><V57/><F5/><W131/><G131/><T2/><D7/><U51/><E51/><V53/><F133/><W79/><G79/><T106/><D2/><U59/><E59/><V25/><F122/><W22/><G22/><T68/><REACH who="0" step="1"/><D1/><REACH who="0" step="2"/><U111/><E111/><N who="2" m="42571" /><F29/><W71/><G38/><T110/><D110/><U20/><E20/><V12/><F12/><W32/><G32/><T13/><D13/><U95/><E46/><V76/><F82/><W26/><G37/><T28/><D28/><U75/><E75/><V48/><F58/><W86/><G71/><T83/><D83/><U91/><E91/><V125/><F125/><AGARI ba="2,1" hai="43,44,49,60,64,68,96,99,104,105,106,125,126,127" machi="125" ten="50,3200,0" yaku="1,1,18,1,53,0" doraHai="117" doraHaiUra="11" who="0" fromWho="2" sc="225,48,448,0,82,-38,235,0" /><INIT seed="2,0,0,5,2,122" ten="273,448,44,235" oya="2" hai0="119,70,59,90,133,31,54,135,1,125,29,2,12" hai1="106,50,16,34,37,121,8,14,48,71,114,134,62" hai2="45,111,132,89,98,41,9,44,10,112,64,88,60" hai3="0,131,81,72,69,18,103,68,130,38,3,61,52" shuffle="mt19937ar,1069CF71,B74EB182,8185C148,0A3C077F,73990076,D9FB158A,6AC1EB20,BB16E6EB"/><V100/><F112/><W74/><G38/><T46/><D70/><U83/><E106/><V55/><F111/><W87/><G103/><T30/><D125/><U102/><E114/><V76/><F132/><N who="0" m="50762" /><D119/><U120/><E134/><V66/><F76/><W108/><G18/><T21/><D46/><U51/><E34/><V118/><F118/><W15/><G15/><T104/><D104/><U107/><E107/><V84/><F45/><W110/><G87/><T17/><D90/><U39/><E102/><V124/><F124/><W11/><G81/><T101/><D101/><U35/><E35/><V49/><F89/><W77/><G77/><T113/><D113/><U117/><E117/><V13/><F60/><AGARI ba="0,0" hai="1,2,12,17,21,29,30,31,54,59,60" m="50762" machi="60" ten="30,1000,0" yaku="20,1" doraHai="122" who="0" fromWho="2" sc="273,10,448,0,44,-10,235,0" /><INIT seed="3,0,0,0,2,62" ten="283,448,34,235" oya="3" hai0="32,8,89,73,11,115,112,13,72,6,124,67,128" hai1="87,63,17,56,83,29,133,43,54,81,110,66,77" hai2="98,21,7,64,51,46,70,131,0,118,65,53,108" hai3="34,84,130,122,94,59,30,23,39,78,19,42,93" shuffle="mt19937ar,3DB8CF29,FBF5FB1F,64D617EC,54043AFD,D2018300,23026870,45550BE8,76505A9E"/><W126/><G122/><T26/><D128/><U27/><E110/><V71/><F118/><W123/><G123/><T45/><D89/><U52/><E133/><V76/><F108/><W49/><G39/><T10/><D45/><U121/><E121/><V33/><F33/><W4/><G4/><T38/><D38/><U75/><E43/><V20/><F131/><W22/><G34/><T18/><D73/><U96/><E96/><V57/><F76/><W132/><G130/><T3/><D72/><U61/><E17/><V99/><F0/><W117/><G117/><T105/><D105/><U36/><E36/><V86/><F7/><W125/><G132/><T40/><D40/><U12/><E63/><V113/><F113/><N who="0" m="43594" /><D67/><N who="2" m="25674" /><F71/><W102/><G126/><T60/><D60/><U25/><E25/><V37/><F70/><W114/><G125/><T90/><D90/><U97/><E97/><N who="2" m="36875" /><F37/><W55/><G114/><T82/><D124/><U80/><E12/><V111/><F111/><W92/><G102/><T9/><D82/><U106/><E106/><V135/><F135/><W2/><G2/><T5/><D5/><U100/><E100/><V79/><F79/><W35/><G35/><T95/><D95/><U116/><E116/><V74/><F74/><W119/><G119/><T47/><D47/><U101/><E101/><V120/><F120/><W88/><G78/><T104/><D104/><U103/><E103/><V24/><F86/><W16/><G84/><T107/><D107/><U44/><E44/><V127/><F127/><W14/><G94/><T109/><D109/><U69/><E69/><RYUUKYOKU ba="0,0" sc="283,30,448,-10,34,-10,235,-10" hai0="3,6,8,9,10,11,13,18,26,32" /><INIT seed="4,1,0,1,4,5" ten="313,438,24,225" oya="0" hai0="105,30,113,64,72,84,40,87,22,86,39,38,31" hai1="94,20,26,32,110,49,25,18,130,101,67,120,44" hai2="34,121,71,14,106,74,127,85,52,115,35,125,104" hai3="23,24,1,100,48,107,90,59,54,102,92,29,117" shuffle="mt19937ar,C8A36A38,8D090F8D,1159BE83,2EA49E42,183B18EB,20A4DC66,E97A2819,8F6DA532"/><T135/><D72/><U53/><E120/><V16/><F74/><W17/><G1/><T62/><D105/><N who="2" m="40554" /><F121/><W46/><G107/><T11/><D40/><U2/><E2/><V73/><F73/><W78/><G78/><T0/><D135/><U133/><E133/><V42/><F71/><W4/><G117/><T119/><D119/><U95/><E130/><V27/><F27/><W126/><G126/><N who="2" m="48137" /><F42/><W93/><G93/><T116/><D116/><U36/><E36/><V13/><F115/><W96/><G4/><T70/><D113/><U77/><E110/><V63/><F85/><W12/><REACH who="3" step="1"/><G59/><REACH who="3" step="2"/><T65/><D0/><U55/><E77/><V91/><F91/><W97/><G97/><T47/><D47/><U10/><E101/><V132/><F132/><W79/><G79/><T8/><D65/><U131/><E131/><V124/><N who="2" m="48145" /><V81/><DORA hai="61" /><F81/><W58/><G58/><T112/><D112/><U69/><E67/><V103/><F103/><W111/><G111/><T134/><D134/><U109/><E69/><V45/><F35/><W114/><G114/><T89/><D89/><U68/><E32/><V9/><F34/><W122/><G122/><T3/><D3/><U75/><E68/><V82/><F82/><W41/><G41/><T7/><D7/><U51/><E109/><V76/><F76/><W66/><G66/><T57/><D70/><U19/><E94/><V118/><F118/><W56/><G56/><T60/><D64/><U128/><E95/><V123/><F123/><W83/><G83/><T129/><D57/><U21/><E75/><RYUUKYOKU ba="1,1" sc="313,-10,438,-10,24,-10,215,30" hai3="12,17,23,24,29,46,48,54,90,92,96,100,102" /><INIT seed="5,2,1,5,1,125" ten="303,428,14,245" oya="1" hai0="79,52,9,103,59,128,130,29,56,105,4,110,54" hai1="81,89,19,101,15,5,17,94,61,37,22,16,55" hai2="60,42,126,45,31,0,115,121,97,26,63,123,70" hai3="102,39,113,118,82,43,92,131,30,111,1,135,13" shuffle="mt19937ar,F4A2783C,98E0F9DA,44AB2C8E,70F1B682,8D585A20,E0D86D97,7D9769EA,3B8AD629"/><U122/><E37/><V109/><F0/><W7/><G13/><T91/><D29/><U129/><E122/><V72/><F72/><W120/><G92/><T36/><D36/><U88/><E129/><N who="0" m="49769" /><D110/><U24/><E5/><V66/><F123/><W3/><G82/><T23/><D79/><U112/><E112/><V108/><F121/><W8/><G102/><T107/><D91/><U53/><E101/><V12/><F109/><W78/><G43/><T20/><D103/><U80/><E89/><V32/><F108/><W134/><G8/><T104/><D54/><N who="1" m="20491" /><E61/><V28/><F115/><W119/><G7/><T11/><D59/><U71/><E71/><V38/><F126/><W40/><G78/><T58/><D58/><U10/><E17/><V62/><F28/><W86/><G30/><T73/><D73/><U21/><E21/><N who="0" m="8265" /><D4/><U117/><E117/><V47/><F45/><W77/><G119/><T33/><D33/><U35/><E35/><V6/><REACH who="2" step="1"/><F97/><AGARI ba="2,1" hai="10,15,16,19,22,24,80,81,88,94,97" m="20491" machi="97" ten="30,5800,0" yaku="8,1,54,2" doraHai="125" who="1" fromWho="2" sc="303,0,428,74,14,-64,245,0" owari="303,10,502,60,-50,-55,245,-15" /></mjloggm>