<mjloggm ver="2.3"><GO type="41"/><UN n0="%E3%82%A6%E3%83%AB%E3%83%88%E3%83%A9%E7%AB%8B%E7%9B%B4" n1="%E3%81%AB%E3%81%82%E3%82%93%E3%81%93" n2="%E3%83%88%E3%83%A2%54%4F%4D%4F" n3="%47%4C%49%44%45" dan="13,14,14,15" rate="1871,2022,1840,2047" sx="M,M,M,M"/><TAIKYOKU oya="0"/><INIT seed="0,0,0,5,5,91" ten="250,250,250,250" oya="0" hai0="76,47,101,90,130,113,31,103,135,64,34,133,62" hai1="116,117,69,16,66,88,110,6,73,0,108,120,96" hai2="56,129,27,36,19,86,7,59,123,84,126,125,3" hai3="83,46,61,78,44,106,28,98,92,25,97,89,118"/><T37/><D76/><U87/><E73/><V5/><F36/><W23/><G118/><T114/><D31/><U48/><E120/><V53/><F123/><W22/><G22/><T94/><D34/><U10/><E96/><V45/><F3/><W18/><G28/><T109/><D47/><U50/><E69/><V134/><F45/><W58/><G98/><T102/><D37/><U60/><E66/><V20/><F134/><N who="0" m="51210" /><D62/><U107/><E60/><V32/><F129/><W127/><G106/><T41/><D41/><U12/><E107/><V81/><F32/><W40/><G40/><T29/><D64/><U100/><E100/><V95/><F81/><W39/><G39/><T42/><D42/><U15/><E12/><V111/><F111/><N who="1" m="42537" /><E50/><V131/><F131/><W105/><G105/><T82/><D109/><U85/><E48/><V104/><F104/><W75/><REACH who="3" step="1"/><G127/><REACH who="3" step="2"/><T121/><D29/><U38/><E38/><V93/><F7/><W124/><G124/><N who="2" m="47721" /><F5/><W115/><G115/><N who="0" m="44043" /><D130/><U112/><E112/><V11/><F11/><W68/><G68/><T70/><D70/><U9/><E87/><N who="2" m="33323" /><F53/><AGARI ba="0,1" hai="18,23,25,44,46,53,58,61,75,78,83,89,92,97" machi="53" ten="30,12000,2" yaku="1,1,7,1,25,2,52,1,53,1" doraHai="91" doraHaiUra="52" who="3" fromWho="2" sc="250,0,250,0,250,-120,240,130" /><INIT seed="1,0,0,5,3,70" ten="250,250,130,370" oya="1" hai0="132,77,56,105,116,21,19,101,76,43,5,20,109" hai1="88,113,42,65,99,49,31,7,83,104,4,103,55" hai2="102,112,32,107,67,110,82,64,91,86,9,51,87" hai3="26,10,25,11,14,124,114,115,129,96,93,108,50"/><U28/><E113/><V134/><F32/><W47/><G108/><T18/><D43/><U131/><E131/><V16/><F134/><W89/><G129/><T97/><D5/><U27/><E31/><V46/><F112/><W66/><G124/><T94/><D132/><U23/><E42/><V122/><F122/><W6/><G114/><T62/><D105/><U39/><E65/><V8/><F110/><W60/><G11/><T78/><D116/><U135/><E135/><V2/><F8/><W1/><G1/><T45/><D45/><U40/><E40/><V71/><F71/><W106/><G106/><T84/><D84/><U128/><E128/><V75/><F87/><W36/><G36/><T52/><D109/><U118/><E118/><V81/><F75/><W53/><REACH who="3" step="1"/><G115/><REACH who="3" step="2"/><T126/><D126/><U79/><E39/><V59/><F2/><W22/><G22/><AGARI ba="0,1" hai="18,19,20,21,22,52,56,62,76,77,78,94,97,101" machi="22" ten="40,2600,0" yaku="8,1,54,1" doraHai="70" who="0" fromWho="3" sc="250,36,250,0,130,0,360,-26" /><INIT seed="2,0,0,3,1,58" ten="286,250,130,334" oya="2" hai0="23,81,104,24,128,36,68,65,75,27,82,7,61" hai1="37,119,130,13,85,35,45,31,3,64,111,70,18" hai2="86,98,56,101,8,110,125,106,71,22,57,69,50" hai3="74,12,115,107,67,39,25,9,132,14,20,73,79"/><V54/><F125/><W120/><G120/><T135/><D36/><U5/><E119/><V60/><F8/><W49/><G39/><T105/><D128/><U38/><E130/><V122/><F122/><W133/><G107/><T29/><D135/><N who="3" m="51785" /><G115/><T33/><D7/><U32/><E32/><V76/><F110/><W34/><G34/><T43/><D43/><U95/><E111/><V92/><F22/><W77/><G67/><T40/><D40/><U15/><E45/><V126/><F126/><W51/><G77/><T42/><D42/><U48/><E48/><N who="3" m="18506" /><G79/><T30/><D75/><N who="3" m="28681" /><G9/><T112/><D112/><U94/><E64/><V93/><F106/><W103/><G103/><T121/><D121/><U78/><E78/><V41/><F41/><W118/><G118/><T99/><D105/><U28/><E35/><V63/><F92/><W1/><G1/><T117/><D117/><U80/><E3/><V134/><F134/><W114/><G114/><T19/><D19/><AGARI ba="0,0" hai="12,14,19,20,25" m="28681,18506,51785" machi="19" ten="30,1000,0" yaku="20,1" doraHai="58" who="3" fromWho="0" sc="286,-10,250,0,130,0,334,10" /><INIT seed="3,0,0,1,4,92" ten="276,250,130,344" oya="3" hai0="83,114,123,47,93,105,16,25,77,59,104,126,57" hai1="116,121,54,91,122,45,43,85,113,14,37,36,120" hai2="89,21,17,84,70,29,4,124,10,51,127,42,115" hai3="88,30,80,61,19,74,35,32,94,60,90,49,103"/><W109/><G32/><T0/><D0/><U71/><E14/><V98/><F70/><W112/><G112/><T64/><D123/><U111/><E85/><V52/><F115/><W34/><G34/><T7/><D7/><U8/><E91/><V56/><F42/><W67/><G35/><T132/><D114/><U41/><E8/><V107/><F29/><W12/><G30/><T131/><D104/><U55/><E113/><V63/><F63/><W86/><G109/><T101/><D105/><U108/><E71/><V62/><F62/><W58/><G103/><T46/><D64/><U110/><E116/><V106/><F124/><W69/><G49/><T96/><D126/><U3/><E3/><V38/><F38/><N who="1" m="14953" /><E45/><V129/><F129/><W53/><G74/><T66/><D131/><U48/><E48/><V87/><F107/><W39/><G39/><T27/><D27/><U22/><E22/><V82/><F127/><W102/><G102/><T40/><D132/><U20/><E20/><V133/><F133/><W78/><G94/><T118/><D118/><U18/><E18/><V99/><F87/><W65/><REACH who="3" step="1"/><G67/><REACH who="3" step="2"/><T97/><D66/><U117/><E117/><V134/><F134/><W73/><G73/><T5/><D93/><U1/><E1/><V24/><REACH who="2" step="1"/><F106/><REACH who="2" step="2"/><W135/><G135/><T119/><D119/><U125/><E125/><V15/><AGARI ba="0,2" hai="4,10,15,17,21,24,51,52,56,82,84,89,98,99" machi="15" ten="20,16000,3" yaku="1,1,2,1,0,1,7,1,8,1,52,2,54,1,53,0" doraHai="92" doraHaiUra="31" who="2" fromWho="2" sc="276,-40,250,-40,120,180,334,-80" /><INIT seed="4,0,0,5,2,8" ten="236,210,300,254" oya="0" hai0="124,3,131,79,59,68,98,107,112,83,123,46,38" hai1="26,47,67,58,44,105,61,24,42,115,100,113,15" hai2="2,135,45,39,28,25,43,16,41,51,114,65,72" hai3="130,23,127,22,55,75,66,80,91,133,21,86,126"/><T119/><D59/><U12/><E105/><V64/><F2/><W30/><G66/><T85/><D46/><N who="1" m="17451" /><E100/><V6/><F72/><W71/><G71/><T104/><D98/><U13/><E42/><V19/><F6/><W54/><G75/><T18/><D18/><U33/><E33/><V0/><F0/><W20/><G130/><T40/><D40/><U14/><E14/><V108/><F39/><W111/><G111/><T4/><D4/><U73/><E73/><V129/><F41/><W106/><G106/><T118/><D85/><U31/><E31/><V81/><F114/><AGARI ba="0,0" hai="12,13,15,24,26,58,61,67,113,114,115" m="17451" machi="114" ten="30,8000,1" yaku="15,1,11,1,52,3" doraHai="8" who="1" fromWho="2" sc="236,0,210,80,300,-80,254,0" /><INIT seed="5,0,0,1,1,53" ten="236,290,220,254" oya="1" hai0="128,127,18,24,124,7,107,102,3,113,10,86,56" hai1="77,79,72,74,62,65,125,75,4,42,132,84,71" hai2="129,64,20,76,94,104,31,52,23,83,108,87,57" hai3="100,131,93,90,118,55,99,48,34,13,78,8,73"/><U26/><E132/><V89/><F104/><W46/><G34/><T32/><D102/><U12/><E125/><N who="0" m="48201" /><D107/><U2/><E2/><V5/><F129/><W19/><G131/><T6/><D86/><U97/><E42/><V30/><F108/><W9/><G118/><T25/><D128/><U85/><E97/><V0/><F64/><W21/><G73/><T15/><D56/><U38/><E38/><V63/><F0/><W67/><G78/><T39/><D39/><U112/><E26/><N who="0" m="10345" /><D32/><U82/><E75/><V95/><F5/><N who="0" m="1546" /><D3/><U80/><E74/><V33/><F33/><W114/><G67/><T29/><D113/><U58/><E72/><V59/><F95/><N who="3" m="58495" /><G114/><T115/><D115/><U35/><E112/><V37/><F59/><W111/><G111/><T27/><N who="0" m="10353" /><T103/><DORA hai="109" /><D103/><U121/><E35/><V123/><F37/><W69/><G69/><T49/><D49/><U135/><E71/><V101/><F101/><W45/><G46/><T66/><D66/><U28/><E65/><V16/><F123/><W88/><G90/><T98/><D98/><AGARI ba="0,0" hai="8,9,13,19,21,45,48,55,88,93,98" m="58495" machi="98" ten="30,2000,0" yaku="8,1,54,1" doraHai="53,109" who="3" fromWho="0" sc="236,-20,290,0,220,0,254,20" /><INIT seed="6,0,0,0,4,26" ten="216,290,220,274" oya="2" hai0="75,23,40,99,128,120,127,131,79,117,36,63,119" hai1="100,94,25,2,18,98,14,57,70,110,76,124,123" hai2="93,53,45,125,1,34,7,103,47,55,92,135,106" hai3="50,11,66,96,28,6,67,72,84,115,78,4,86"/><V10/><F135/><W73/><G115/><T37/><D79/><U39/><E39/><V122/><F122/><W109/><G96/><T64/><D75/><U41/><E123/><V31/><F125/><W20/><G109/><T97/><D97/><U108/><E41/><V9/><F106/><W85/><G78/><T105/><D99/><U46/><E46/><V74/><F74/><W35/><G35/><T83/><D83/><U30/><E2/><V29/><F103/><W32/><G32/><T113/><D23/><U88/><E124/><V22/><F22/><W132/><G132/><T13/><D13/><U12/><E70/><V44/><F34/><W133/><G133/><T42/><D127/><U68/><E68/><V21/><F21/><W56/><G72/><T111/><D105/><U95/><E76/><V82/><F82/><W52/><G73/><T27/><D27/><U89/><E25/><V51/><F44/><W114/><G114/><T58/><D113/><U77/><E77/><V107/><F107/><W33/><G33/><T87/><D87/><U134/><E98/><V90/><F90/><W91/><G91/><T102/><D102/><U0/><E0/><V80/><F80/><W54/><G4/><T81/><D81/><U126/><E134/><V130/><F1/><W129/><G6/><T69/><D120/><U59/><E100/><V24/><F7/><W118/><G11/><N who="2" m="4105" /><F24/><N who="3" m="16391" /><G118/><N who="0" m="45067" /><D111/><U8/><E126/><V62/><F130/><N who="0" m="49706" /><D69/><U121/><E121/><V17/><F17/><W116/><G116/><T43/><AGARI ba="0,0" hai="36,37,40,42,43,58,63,64" m="49706,45067" machi="43" ten="40,8000,1" yaku="12,1,19,1,34,2" doraHai="26" who="0" fromWho="0" sc="216,80,290,-20,220,-40,274,-20" /><INIT seed="7,0,0,1,5,36" ten="296,270,180,254" oya="3" hai0="98,58,102,39,84,54,110,65,62,7,81,6,35" hai1="111,122,53,109,12,135,24,104,17,29,33,116,25" hai2="10,119,3,20,121,77,87,88,74,132,94,31,44" hai3="49,96,82,124,79,38,80,134,120,133,27,91,106"/><W34/><G38/><T2/><D35/><U59/><E104/><V100/><F119/><W108/><G34/><T37/><D110/><U28/><E116/><V99/><F132/><W123/><G27/><T47/><D2/><U83/><E135/><N who="3" m="51722" /><G49/><N who="0" m="28991" /><D39/><U92/><E122/><N who="3" m="46634" /><G124/><T93/><D37/><U90/><E83/><N who="3" m="31786" /><G108/><T70/><D70/><U4/><E25/><V72/><F121/><W22/><G22/><T71/><D71/><U45/><E29/><V131/><F131/><W55/><G55/><T8/><D8/><U114/><E4/><V130/><F130/><W18/><G18/><T19/><D19/><U112/><E109/><V41/><F10/><W0/><G0/><T105/><D105/><U103/><E111/><V86/><F3/><W11/><G11/><T68/><D68/><U61/><E17/><V48/><F72/><W101/><G91/><AGARI ba="0,0" hai="6,7,58,62,65,81,84,91,93,98,102" m="28991" machi="91" ten="30,1000,0" yaku="8,1" doraHai="36" who="0" fromWho="3" sc="296,10,270,0,180,0,254,-10" owari="306,41,270,7,180,-32,244,-16" /></mjloggm>