<mjloggm ver="2.3"><GO type="41"/><UN n0="%E3%82%A6%E3%83%AB%E3%83%88%E3%83%A9%E7%AB%8B%E7%9B%B4" n1="%6B%69%6D%61%72%61%6E%6E" n2="%E7%B4%B0%E8%8F%8C" n3="%28%5E%EF%BD%90%5E%29" dan="14,13,14,13" rate="1902,1806,1926,1820" sx="M,M,M,M"/><TAIKYOKU oya="0"/><INIT seed="0,0,0,5,3,88" ten="250,250,250,250" oya="0" hai0="125,30,19,14,59,23,38,51,5,45,25,32,78" hai1="61,131,0,11,114,132,39,65,104,27,77,133,62" hai2="117,128,35,72,34,123,107,60,94,126,41,120,1" hai3="103,10,109,64,26,12,4,66,84,3,100,101,46"/><T68/><D68/><U97/><E77/><V91/><F41/><W15/><G46/><T130/><D38/><U13/><E39/><V74/><F60/><W119/><G119/><T22/><D125/><U17/><E131/><V49/><F49/><W16/><G26/><T93/><D130/><U50/><E50/><V111/><F94/><W57/><G57/><T82/><D59/><U92/><E104/><V55/><F91/><W33/><G33/><T43/><D93/><U9/><E114/><V28/><F55/><W20/><G84/><T70/><D70/><U112/><E112/><V54/><F54/><W29/><G29/><T90/><D90/><U67/><E27/><V95/><F95/><W122/><G109/><T116/><D116/><U113/><E113/><V63/><F63/><W44/><G3/><T108/><D108/><U42/><E42/><V76/><F76/><W115/><G115/><T81/><D81/><U106/><E106/><V24/><F123/><W87/><G122/><T124/><D124/><U53/><E53/><V85/><F85/><W105/><G105/><T71/><D71/><U52/><E0/><V110/><F74/><W8/><G44/><T6/><REACH who="0" step="1"/><D32/><REACH who="0" step="2"/><U36/><E36/><V96/><F111/><W89/><REACH who="3" step="1"/><G10/><REACH who="3" step="2"/><T73/><AGARI ba="0,2" hai="5,6,14,19,22,23,25,30,43,45,51,73,78,82" machi="73" ten="20,7800,0" yaku="1,1,2,1,0,1,7,1,53,0" doraHai="88" doraHaiUra="102" who="0" fromWho="0" sc="240,98,250,-26,250,-26,240,-26" /><INIT seed="0,1,0,3,1,126" ten="338,224,224,214" oya="0" hai0="71,65,25,28,22,48,36,100,85,131,102,88,115" hai1="6,19,77,110,0,11,119,30,111,26,68,99,49" hai2="80,57,54,108,106,61,83,52,66,72,40,109,10" hai3="12,127,44,112,75,21,134,27,74,135,41,96,121"/><T104/><D36/><U53/><E68/><V4/><F106/><W114/><G96/><T81/><D115/><U101/><E119/><V113/><F113/><W17/><G75/><T3/><D3/><U8/><E77/><V35/><F35/><W87/><G87/><T9/><D104/><U103/><E11/><V24/><F40/><W120/><G74/><T60/><D131/><U45/><E19/><V117/><F117/><W46/><G41/><T1/><D1/><U51/><E51/><V129/><F129/><W118/><G46/><T7/><D7/><U122/><E122/><N who="3" m="47210" /><G44/><T58/><D9/><U15/><E0/><V23/><F72/><W123/><G118/><T133/><D133/><N who="3" m="50697" /><G127/><T47/><D71/><U70/><E70/><V37/><F37/><W50/><G50/><T31/><D31/><U64/><E64/><V29/><F83/><W62/><G62/><T124/><D124/><U5/><E5/><V78/><F80/><W128/><N who="3" m="47218" /><W13/><DORA hai="125" /><G128/><T130/><D130/><U67/><E67/><V18/><F78/><W82/><G82/><T34/><D34/><U69/><E69/><V98/><F98/><W55/><G55/><AGARI ba="1,0" hai="22,25,28,47,48,55,58,60,65,81,85,88,100,102" machi="55" ten="30,5800,0" yaku="7,1,8,1,54,1" doraHai="126,125" who="0" fromWho="3" sc="338,61,224,0,224,0,214,-61" /><INIT seed="0,2,0,4,1,81" ten="399,224,224,153" oya="0" hai0="84,104,72,28,50,16,60,46,1,67,40,125,21" hai1="89,128,11,20,70,57,135,76,30,80,24,49,10" hai2="12,26,100,112,32,98,126,102,36,63,9,64,45" hai3="33,92,31,121,54,131,25,2,3,61,65,71,99"/><T42/><D1/><U88/><E70/><V22/><F112/><W59/><G131/><T114/><D72/><U115/><E115/><V124/><F32/><W91/><REACH who="3" step="1"/><G121/><REACH who="3" step="2"/><T56/><D114/><U107/><E128/><V51/><F126/><W93/><G93/><T113/><D104/><U122/><E107/><V17/><F124/><W37/><G37/><T55/><D125/><U29/><E122/><V94/><F36/><W47/><G47/><T41/><D113/><U27/><E135/><V8/><F102/><W5/><G5/><T134/><D134/><U69/><E69/><V0/><F0/><W96/><G96/><T75/><D46/><U48/><E57/><V13/><F45/><W6/><G6/><T15/><D56/><U34/><E10/><V52/><F9/><W18/><G18/><T68/><D16/><U86/><REACH who="1" step="1"/><E11/><REACH who="1" step="2"/><V19/><F8/><W109/><G109/><T83/><D68/><U74/><E74/><V116/><F94/><W4/><G4/><T38/><D75/><U123/><E123/><V117/><F117/><W73/><G73/><T39/><D39/><U120/><E120/><V129/><F116/><W53/><G53/><T106/><D55/><U35/><E35/><V85/><F129/><W95/><G95/><T130/><D38/><U78/><E78/><V62/><F52/><W7/><G7/><T119/><D130/><U111/><E111/><V77/><F77/><W44/><G44/><T118/><D119/><U23/><E23/><V90/><F22/><W105/><G105/><T82/><D118/><U133/><E133/><RYUUKYOKU ba="2,2" sc="399,-15,214,15,224,-15,143,15" hai1="20,24,27,29,30,34,48,49,76,80,86,88,89" hai3="2,3,25,31,33,54,59,61,65,71,91,92,99" /><INIT seed="1,3,2,5,3,22" ten="384,229,209,158" oya="1" hai0="70,7,112,71,118,122,120,15,72,133,23,113,103" hai1="62,6,16,123,116,124,130,92,99,76,0,100,95" hai2="32,38,94,105,96,60,78,61,8,134,29,69,126" hai3="115,135,65,66,34,48,39,17,88,51,45,11,54"/><U31/><E123/><N who="0" m="47145" /><D72/><U1/><E116/><V35/><F38/><W128/><G128/><T14/><D133/><U101/><E124/><V57/><F134/><W41/><G34/><T86/><D118/><U107/><E130/><V125/><F105/><W59/><G135/><T129/><D129/><U83/><E31/><V98/><F78/><W55/><G88/><T132/><D132/><U44/><E44/><V102/><F8/><W68/><G17/><N who="0" m="10679" /><D103/><U89/><E62/><N who="2" m="24171" /><F57/><N who="3" m="32967" /><G11/><N who="0" m="4607" /><D86/><U36/><E36/><V12/><F69/><AGARI ba="3,2" hai="69,70,71,112,113" m="4607,10679,47145" machi="69" ten="30,1000,0" yaku="13,1" doraHai="22" who="0" fromWho="2" sc="384,39,229,0,209,-19,158,0" /><INIT seed="2,0,0,5,4,45" ten="423,229,190,158" oya="2" hai0="75,78,36,128,95,107,72,31,106,121,96,119,64" hai1="110,86,0,101,116,46,55,51,94,52,102,18,70" hai2="97,122,22,26,93,54,13,134,11,77,80,132,2" hai3="133,92,21,7,39,81,3,99,14,20,73,87,50"/><V53/><F2/><W90/><G39/><T85/><D64/><U62/><E0/><V117/><F122/><W135/><G73/><T88/><D31/><U67/><E116/><V125/><F117/><W47/><G3/><T61/><D61/><U35/><E35/><V103/><F125/><W129/><G129/><T17/><D17/><U74/><E74/><N who="0" m="28201" /><D36/><U42/><E110/><V5/><F77/><W130/><G130/><T23/><D23/><U65/><E65/><V83/><F80/><W111/><G111/><T108/><D119/><U59/><E55/><V71/><F83/><W15/><G15/><T98/><D128/><U66/><E66/><V30/><REACH who="2" step="1"/><F71/><REACH who="2" step="2"/><W28/><G81/><N who="0" m="47287" /><D121/><U120/><E120/><V25/><F25/><W91/><G7/><T114/><D108/><U123/><E123/><V38/><F38/><W84/><G28/><T44/><D114/><U19/><E102/><V56/><F56/><W9/><G91/><T49/><D44/><U57/><E57/><V76/><F76/><W10/><G47/><T32/><D32/><U8/><E101/><V131/><F131/><W1/><G14/><T24/><D24/><U58/><E70/><V60/><F60/><W12/><G12/><T37/><D37/><U124/><E124/><V34/><F34/><W63/><G1/><T82/><D82/><U33/><E33/><V6/><F6/><W127/><G63/><T27/><D27/><U79/><E79/><V41/><F41/><W105/><G127/><T16/><D88/><N who="1" m="53527" /><E8/><V109/><F109/><W100/><G9/><T104/><D96/><RYUUKYOKU ba="0,1" sc="423,-15,229,15,180,15,158,-15" hai1="18,19,42,46,51,52,58,59,62,67" hai2="5,11,13,22,26,30,53,54,93,97,103,132,134" /><INIT seed="2,1,1,1,5,9" ten="408,244,195,143" oya="2" hai0="31,130,83,30,131,49,102,64,38,57,118,129,97" hai1="132,8,65,110,99,88,95,3,93,125,58,20,66" hai2="11,42,124,82,21,126,123,98,107,28,112,89,52" hai3="120,109,81,0,80,22,84,46,26,135,33,40,78"/><V53/><F123/><W71/><G71/><T60/><D38/><U45/><E125/><N who="2" m="48235" /><F112/><W73/><G0/><T24/><D118/><U105/><E132/><V56/><F42/><W77/><G135/><T2/><D2/><U25/><E110/><V72/><F72/><W1/><G109/><T50/><D83/><U104/><E45/><V62/><F107/><W5/><G120/><T15/><D15/><U127/><E127/><V59/><F11/><W6/><G33/><N who="0" m="20679" /><D31/><U63/><E65/><N who="2" m="39111" /><F98/><W16/><REACH who="3" step="1"/><G1/><REACH who="3" step="2"/><T4/><D4/><U113/><E113/><V37/><F37/><AGARI ba="1,2" hai="5,6,16,22,26,37,40,46,73,77,78,80,81,84" machi="37" ten="30,7700,0" yaku="1,1,2,1,7,1,54,1,53,0" doraHai="9" doraHaiUra="114" who="3" fromWho="2" sc="408,0,244,0,195,-80,133,100" /><INIT seed="3,0,0,2,4,44" ten="408,244,115,233" oya="3" hai0="72,68,103,135,120,134,79,91,20,69,23,24,10" hai1="28,115,90,93,3,13,29,82,85,123,131,8,43" hai2="4,40,104,47,15,33,62,5,14,73,2,52,133" hai3="22,77,86,58,94,130,45,121,30,60,56,0,27"/><W124/><G0/><T98/><D120/><U114/><E3/><V9/><F33/><W75/><G121/><T38/><D38/><U61/><E123/><V70/><F104/><W71/><G71/><T48/><D79/><U113/><E131/><V55/><F73/><W119/><G119/><T80/><D72/><U132/><E132/><N who="0" m="50729" /><D10/><U18/><E43/><V106/><F133/><W96/><G124/><T12/><D12/><U108/><E108/><V65/><F106/><W105/><G105/><T118/><D103/><U74/><E74/><V128/><F128/><W95/><G130/><T122/><D23/><U42/><E42/><V7/><F2/><W59/><G45/><T116/><D122/><U66/><REACH who="1" step="1"/><E82/><REACH who="1" step="2"/><V54/><REACH who="2" step="1"/><F9/><REACH who="2" step="2"/><W88/><G75/><T78/><D116/><U99/><E99/><V6/><N who="2" m="1536" /><DORA hai="17" /><V76/><F76/><W25/><G77/><T87/><D98/><U101/><E101/><V100/><F100/><W32/><G96/><T84/><D78/><U21/><E21/><V39/><AGARI ba="0,2" hai="14,15,39,40,47,52,54,55,62,65,70" m="1536" machi="39" ten="50,12000,2" yaku="1,1,0,1,54,1,53,4" doraHai="44,17" doraHaiUra="31,1" who="2" fromWho="2" sc="408,-30,234,-30,105,140,233,-60" /><INIT seed="4,0,0,5,5,126" ten="378,204,245,173" oya="0" hai0="93,46,117,19,29,108,26,68,62,124,12,131,107" hai1="125,57,72,35,102,45,118,11,82,79,130,135,87" hai2="37,103,76,65,96,63,75,121,8,30,23,53,59" hai3="86,66,99,98,36,95,40,105,132,32,52,81,69"/><T3/><D3/><U54/><E125/><V61/><F121/><W0/><G0/><T70/><D124/><U67/><E118/><V127/><F37/><W119/><G119/><T129/><D117/><U97/><E35/><V2/><F127/><W60/><G132/><T73/><D73/><U48/><E130/><N who="0" m="49673" /><D107/><U5/><E135/><V92/><F75/><W71/><G32/><T101/><D46/><U9/><E9/><V100/><F76/><W50/><G71/><T38/><D38/><U28/><E28/><V34/><F34/><W85/><G105/><T41/><D41/><U6/><E72/><V39/><F39/><W22/><G22/><N who="0" m="15575" /><D62/><U74/><E74/><V7/><F23/><W91/><G40/><T4/><D4/><U58/><E67/><V16/><F30/><W18/><G36/><T27/><D27/><U33/><E33/><V89/><F16/><W51/><G18/><T109/><D93/><N who="1" m="58671" /><E11/><V123/><F123/><W114/><G114/><T55/><D101/><U14/><E14/><V20/><F20/><W80/><G51/><T64/><D55/><U24/><E24/><V15/><REACH who="2" step="1"/><F2/><REACH who="2" step="2"/><W110/><G110/><N who="0" m="42603" /><D64/><U25/><E25/><V21/><F21/><AGARI ba="0,1" hai="12,19,21,68,70" m="42603,15575,49673" machi="21" ten="30,12000,1" yaku="19,1,10,1,52,3" doraHai="126" who="0" fromWho="2" sc="378,130,204,0,235,-120,173,0" /><INIT seed="4,1,0,0,5,52" ten="508,204,115,173" oya="0" hai0="69,122,100,47,112,88,74,38,12,76,90,110,2" hai1="113,79,33,97,57,132,54,135,61,105,120,48,65" hai2="103,84,53,80,70,82,99,28,18,17,81,20,29" hai3="21,91,128,93,49,39,55,133,108,96,50,104,127"/><T46/><D69/><U13/><E33/><V121/><F70/><W63/><G108/><T62/><D100/><U87/><E120/><V75/><F121/><W24/><G128/><T64/><D122/><U6/><E113/><V40/><F75/><W72/><G72/><T37/><D2/><U19/><E6/><V95/><F40/><W31/><G133/><N who="1" m="51274" /><E105/><V124/><F124/><W98/><G127/><T130/><D12/><U123/><E97/><V73/><F73/><W58/><G39/><T30/><D74/><U35/><E35/><V119/><F119/><W131/><G131/><T94/><D94/><U71/><E123/><V5/><F5/><W56/><G104/><T67/><D130/><U126/><E126/><V118/><F118/><W7/><G7/><T102/><D102/><U101/><E101/><V32/><F32/><W15/><G15/><T129/><D129/><U115/><E115/><V117/><F117/><W9/><G9/><T59/><D112/><U109/><E109/><V0/><F0/><W23/><G23/><T26/><D26/><U43/><E43/><V45/><F84/><W85/><REACH who="3" step="1"/><G50/><REACH who="3" step="2"/><T41/><D110/><U68/><E13/><N who="2" m="9263" /><F18/><W92/><G92/><T125/><D125/><U14/><E14/><V42/><F42/><W36/><G36/><T10/><D41/><U106/><E19/><V107/><F107/><W44/><G44/><T22/><D22/><U16/><E16/><V134/><F134/><W111/><G111/><T116/><D116/><U27/><E106/><V83/><N who="2" m="20992" /><DORA hai="3" /><V60/><F45/><N who="0" m="16906" /><D38/><U77/><E27/><RYUUKYOKU ba="1,1" sc="508,-15,204,-15,115,15,163,15" hai2="28,29,53,60,95,99,103" hai3="21,24,31,49,55,56,58,63,85,91,93,96,98" /><INIT seed="5,2,1,4,4,117" ten="493,189,130,178" oya="1" hai0="89,32,129,107,111,28,125,119,14,86,88,34,16" hai1="105,53,110,124,80,57,13,23,12,108,60,116,21" hai2="68,85,112,42,56,92,78,115,38,77,35,82,120" hai3="30,75,25,52,132,84,127,2,41,79,130,109,93"/><U122/><E105/><V134/><F68/><W15/><G109/><N who="1" m="42090" /><E116/><V70/><F70/><W71/><G71/><T74/><D74/><U62/><E80/><V63/><F35/><W96/><G2/><T3/><D3/><U91/><E91/><V0/><F0/><W45/><G132/><T27/><D107/><U44/><E44/><N who="2" m="23639" /><F134/><W95/><G130/><T128/><D119/><U29/><E124/><V69/><F69/><W76/><G15/><N who="1" m="5706" /><E60/><V99/><F78/><N who="3" m="29739" /><G75/><T98/><D111/><U135/><E135/><V131/><F131/><N who="0" m="50250" /><D125/><U4/><E4/><V54/><F92/><W106/><G106/><T58/><D98/><U72/><E72/><V24/><F99/><W87/><G95/><T97/><D97/><U59/><E59/><V7/><F7/><W65/><G65/><T50/><D58/><U81/><E81/><V37/><F37/><W22/><G41/><T40/><D40/><U61/><E61/><V47/><F47/><W9/><G9/><N who="0" m="6223" /><D50/><U123/><E29/><V103/><F24/><W11/><G11/><T43/><D43/><U49/><E49/><V102/><F102/><N who="3" m="60687" /><G127/><T113/><D89/><U94/><E94/><V20/><F103/><W133/><G133/><T118/><D118/><U104/><E104/><V55/><F56/><W100/><G100/><T5/><D88/><U67/><E67/><V114/><F77/><W51/><AGARI ba="2,1" hai="22,25,30,45,51,52,84,87" m="60687,29739" machi="51" ten="30,2000,0" yaku="8,1,54,1" doraHai="117" who="3" fromWho="3" sc="493,-7,189,-12,130,-7,178,36" /><INIT seed="6,0,0,2,1,56" ten="486,177,123,214" oya="2" hai0="13,120,129,81,86,93,37,9,4,2,111,20,48" hai1="40,41,107,88,23,3,6,29,17,5,11,66,128" hai2="68,16,99,131,90,58,96,22,101,14,122,69,124" hai3="33,73,84,0,71,43,12,102,65,24,114,47,83"/><V87/><F122/><W59/><G102/><T127/><D37/><U104/><E6/><V92/><F131/><W98/><G98/><T53/><D120/><U135/><E29/><V70/><F124/><W26/><G0/><T39/><D39/><U91/><E128/><V30/><F30/><W27/><G33/><T31/><D127/><U109/><E109/><V28/><F28/><W115/><G71/><T38/><D38/><U133/><E66/><V64/><F101/><W52/><G65/><T97/><D111/><U49/><E104/><V117/><REACH who="2" step="1"/><F117/><REACH who="2" step="2"/><W74/><G12/><T79/><D129/><U103/><E103/><V78/><F78/><W76/><G115/><T130/><D130/><U100/><E100/><V85/><F85/><W94/><G114/><T118/><D118/><U42/><E107/><V110/><F110/><W119/><G119/><T54/><D2/><U19/><E49/><V134/><F134/><N who="1" m="51209" /><E17/><V1/><F1/><W126/><G126/><T72/><D72/><U45/><E45/><V15/><F15/><AGARI ba="0,1" hai="3,5,11,15,19,23,40,41,42,88,91" m="51209" machi="15" ten="30,2000,0" yaku="20,1,54,1" doraHai="56" who="1" fromWho="2" sc="486,0,177,30,113,-20,214,0" /><INIT seed="7,0,0,3,2,65" ten="486,207,93,214" oya="3" hai0="131,111,98,12,2,133,95,101,13,50,56,1,130" hai1="37,127,42,58,99,40,57,105,31,91,26,47,11" hai2="66,92,108,80,96,135,116,67,15,103,45,35,51" hai3="30,5,46,89,25,28,10,52,123,62,81,134,117"/><W14/><G123/><T23/><D133/><U54/><E42/><V87/><F116/><W49/><G134/><T113/><D113/><U71/><E11/><V3/><F108/><W124/><G124/><T85/><D85/><U17/><E17/><V53/><F135/><W125/><G125/><T43/><D111/><U79/><E127/><V121/><F35/><W38/><G38/><T48/><D48/><U72/><E72/><V33/><F33/><W20/><G117/><T60/><D50/><U16/><E79/><V55/><F121/><W73/><G73/><T34/><D43/><U106/><E58/><V6/><F3/><N who="0" m="1034" /><D23/><U0/><E0/><V18/><F6/><W41/><G41/><T110/><D34/><U68/><E16/><V132/><F55/><W114/><G114/><T63/><D63/><U74/><E74/><V128/><F128/><N who="0" m="49194" /><D110/><U112/><E112/><V118/><F118/><W9/><G9/><T84/><D84/><U82/><E82/><V8/><REACH who="2" step="1"/><F132/><REACH who="2" step="2"/><W94/><G81/><T83/><D83/><U44/><E106/><V115/><F115/><W78/><G78/><T22/><D22/><U102/><E47/><V36/><F36/><W100/><G100/><T90/><D101/><U126/><E126/><V97/><F97/><N who="3" m="57551" /><G62/><T29/><D29/><AGARI ba="0,1" hai="5,10,14,20,25,28,29,30,46,49,52" m="57551" machi="29" ten="30,2900,0" yaku="8,1,54,1" doraHai="65" who="3" fromWho="0" sc="486,-29,207,0,83,0,214,39" /><INIT seed="7,1,0,4,3,89" ten="457,207,83,253" oya="3" hai0="55,124,119,20,4,23,1,53,19,74,101,15,33" hai1="108,30,85,52,43,100,35,42,134,109,125,91,60" hai2="7,46,105,115,132,24,106,78,58,25,72,10,59" hai3="41,71,61,28,22,96,40,126,39,131,133,118,127"/><W107/><G22/><T88/><D74/><U114/><E100/><V29/><F132/><W121/><G28/><T38/><D38/><U14/><E125/><N who="3" m="47626" /><G96/><T104/><D23/><U95/><E114/><V94/><F115/><W99/><G99/><N who="0" m="61503" /><D88/><U13/><E134/><V84/><F72/><W31/><G107/><T65/><D65/><U37/><E35/><V48/><F106/><W93/><G93/><T11/><D119/><U67/><E30/><V63/><F105/><W111/><G31/><T77/><D77/><U116/><E116/><V44/><F25/><W82/><G82/><T87/><D87/><U130/><E130/><V80/><F59/><W26/><G26/><T83/><D83/><U68/><E109/><V56/><F63/><W64/><G118/><T122/><D124/><U36/><E108/><V50/><F29/><W32/><G32/><T129/><D33/><U18/><E52/><V54/><F24/><W0/><G0/><T47/><D53/><U21/><REACH who="1" step="1"/><E14/><REACH who="1" step="2"/><V75/><F75/><W92/><G111/><T5/><D55/><U110/><E110/><V17/><F17/><W98/><G121/><T45/><D122/><U86/><E86/><V12/><REACH who="2" step="1"/><F94/><REACH who="2" step="2"/><W49/><G133/><T113/><D113/><U9/><E9/><V69/><F69/><W128/><G92/><T66/><D15/><U97/><E97/><V3/><F3/><W120/><G98/><T103/><D11/><U51/><E51/><V79/><F79/><W57/><G120/><T81/><D1/><U6/><E6/><V16/><F16/><W90/><G49/><RYUUKYOKU ba="1,2" sc="457,-15,197,15,73,15,253,-15" hai1="13,18,21,36,37,42,43,60,67,68,85,91,95" hai2="7,10,12,44,46,48,50,54,56,58,78,80,84" owari="462,56,212,-19,88,-41,238,4" /></mjloggm>