<mjloggm ver="2.3"><GO type="193"/><UN n0="%6B%69%79%6F%73%75%51" n1="%E3%82%88%E3%81%97%E3%82%8D%E3%83%BC" n2="%E3%82%A6%E3%83%AB%E3%83%88%E3%83%A9%E7%AB%8B%E7%9B%B4" n3="%6D%61%73%61%73%61%31%31" dan="12,12,11,11" rate="1654,1655,1764,1576" sx="M,M,M,M"/><TAIKYOKU oya="0"/><INIT seed="0,0,0,1,2,88" ten="250,250,250,250" oya="0" hai0="42,17,1,119,32,63,70,53,120,104,113,40,114" hai1="98,73,83,50,29,95,8,102,101,118,91,45,90" hai2="74,79,23,127,65,57,87,36,58,33,51,123,11" hai3="10,62,82,135,76,105,66,56,54,109,12,78,18" shuffle="mt19937ar,18D182E9,BED1FBA8,E3AB6D4C,C65C6152,3E308E59,D7013A6C,F5782503,62FABFB3"/><T85/><D120/><U129/><E29/><V9/><F74/><W69/><G105/><T122/><D122/><U64/><E64/><V72/><F36/><W99/><G109/><T97/><D119/><U6/><E118/><V7/><F33/><W5/><G135/><T15/><D1/><U100/><E129/><V108/><F72/><W111/><G111/><T14/><D32/><U31/><E31/><V71/><F108/><W0/><G99/><T94/><D114/><U75/><E91/><V84/><F123/><W52/><G54/><T3/><D3/><U81/><E50/><V25/><F71/><W26/><G26/><T38/><D113/><U22/><E22/><V134/><F134/><W80/><G78/><T13/><D38/><U112/><E112/><V2/><F127/><W61/><REACH who="3" step="1"/><G76/><REACH who="3" step="2"/><T44/><D104/><U28/><E28/><V39/><F79/><W68/><G68/><T115/><D115/><U41/><E41/><V106/><F106/><W59/><G59/><T121/><D121/><U49/><E49/><V86/><F58/><W124/><G124/><T116/><D116/><U103/><E45/><V107/><F107/><W16/><G16/><T21/><D44/><U20/><E20/><AGARI ba="0,1" hai="0,5,10,12,18,20,52,56,61,62,66,69,80,82" machi="20" ten="30,3900,0" yaku="1,1,7,1,54,1,53,0" doraHai="88" doraHaiUra="37" who="3" fromWho="1" sc="250,0,250,-39,250,0,240,49" /><INIT seed="1,0,0,1,5,5" ten="250,211,250,289" oya="1" hai0="34,76,10,107,7,92,125,59,115,37,120,60,38" hai1="19,43,47,121,117,126,113,32,9,66,52,85,104" hai2="134,41,27,2,83,14,103,6,91,53,24,114,74" hai3="45,73,51,72,25,105,44,11,8,1,82,39,13" shuffle="mt19937ar,1FC9AF08,479E8CE3,A60F31B8,3940A749,86EB6A40,7A61307F,609F9918,58C5F3EC"/><U89/><E104/><V112/><F41/><W78/><G105/><T67/><D115/><N who="2" m="44074" /><F2/><W28/><G73/><T116/><D116/><U132/><E113/><V12/><F103/><W97/><G97/><T119/><D119/><U124/><E117/><V95/><F83/><W48/><G45/><T133/><D120/><U75/><E121/><V68/><F74/><W57/><G57/><T56/><D125/><N who="1" m="48235" /><E75/><V4/><F68/><W16/><G39/><T33/><D133/><U90/><E132/><V55/><F134/><W79/><G78/><T70/><D107/><U64/><E32/><V3/><F3/><W130/><G130/><T31/><D76/><U110/><E110/><V46/><F6/><W40/><G51/><T18/><D92/><N who="1" m="54319" /><E90/><V17/><F91/><W94/><G94/><T88/><D88/><U22/><E9/><N who="2" m="4135" /><F95/><W100/><G100/><T69/><D37/><U81/><E81/><V98/><F98/><W135/><G135/><T63/><D38/><N who="1" m="22007" /><E52/><N who="2" m="20043" /><F46/><W36/><G48/><T35/><D31/><U106/><E106/><V58/><F58/><W84/><G84/><T50/><D50/><U96/><E96/><V23/><AGARI ba="0,0" hai="14,17,23,24,27" m="20043,4135,44074" machi="23" ten="30,4000,0" yaku="11,1,52,1,54,1" doraHai="5" who="2" fromWho="2" sc="250,-10,211,-20,250,40,289,-10" /><INIT seed="2,0,0,4,3,94" ten="240,191,290,279" oya="2" hai0="90,2,134,65,129,92,67,14,71,113,106,127,10" hai1="23,45,130,41,126,47,6,58,72,32,38,4,50" hai2="75,125,62,13,79,57,48,110,54,40,66,83,16" hai3="133,49,128,81,12,120,11,104,119,108,105,64,1" shuffle="mt19937ar,03DFF1E9,EF3BA2F5,DA4E1058,37C92301,39E28301,BA7AD9A5,531BCC1A,D4023525"/><V0/><F0/><W18/><G120/><T5/><D113/><U132/><E32/><V20/><F125/><W73/><G119/><T69/><D127/><U107/><E107/><V114/><F114/><W91/><G1/><T89/><D129/><U44/><E72/><V56/><F40/><W43/><G64/><T55/><D134/><U37/><E23/><V95/><F95/><W27/><G27/><T39/><D39/><N who="1" m="14859" /><E6/><V88/><F88/><W7/><G128/><T85/><D106/><U70/><E4/><V86/><F110/><W109/><G133/><T59/><D2/><U35/><E35/><V101/><F75/><W100/><G100/><AGARI ba="0,0" hai="13,16,20,48,54,56,57,62,66,79,83,86,100,101" machi="100" ten="40,3900,0" yaku="8,1,54,1" doraHai="94" who="2" fromWho="3" sc="240,0,191,0,290,39,279,-39" /><INIT seed="2,1,0,0,4,69" ten="240,191,329,240" oya="2" hai0="73,133,67,40,72,58,113,81,66,110,132,117,87" hai1="32,33,26,38,89,56,8,42,76,131,7,70,63" hai2="96,118,61,123,84,9,50,124,127,24,92,1,114" hai3="12,115,101,62,111,128,112,83,25,15,60,68,29" shuffle="mt19937ar,501ADA10,182734A1,0700DAD8,263D7249,62681998,DC40501A,7D51751F,7B49CEA0"/><V107/><F123/><W5/><G68/><T98/><D113/><U106/><E131/><V19/><F114/><N who="3" m="43563" /><G101/><T23/><D110/><U41/><E106/><V120/><F118/><W116/><G83/><T71/><D117/><U95/><E76/><V14/><F120/><W0/><G116/><T4/><D4/><U99/><E70/><V51/><F107/><W52/><G111/><T122/><D122/><U59/><E32/><V35/><F84/><W20/><G128/><T10/><D10/><U102/><E33/><V80/><F61/><W11/><G62/><T74/><D40/><U134/><E134/><N who="0" m="51817" /><D98/><U77/><E77/><V88/><F80/><W93/><G93/><T49/><D23/><U125/><E125/><N who="2" m="48203" /><F1/><W53/><G60/><T57/><D71/><U94/><E26/><V105/><F105/><W65/><G65/><N who="0" m="24587" /><D49/><U13/><E38/><V46/><F46/><W64/><G64/><T37/><D37/><U75/><E59/><V47/><F47/><W21/><G53/><T45/><D45/><U85/><REACH who="1" step="1"/><E75/><REACH who="1" step="2"/><N who="0" m="19201" /><T135/><N who="0" m="51825" /><DORA hai="104" /><T108/><DORA hai="54" /><D108/><U39/><E39/><V97/><F35/><N who="3" m="20911" /><G52/><AGARI ba="1,1" hai="7,8,13,41,42,52,56,63,85,89,94,95,99,102" machi="52" ten="30,12000,2" yaku="1,1,7,1,8,1,52,1,54,1,53,2" doraHai="69,104,54" doraHaiUra="121,91,17" who="1" fromWho="3" sc="240,0,181,133,329,0,240,-123" /><INIT seed="3,0,0,1,4,79" ten="240,314,329,117" oya="3" hai0="128,117,83,90,30,95,27,124,104,56,122,6,48" hai1="39,32,4,65,110,8,60,112,93,81,68,9,50" hai2="134,16,13,98,89,23,78,46,25,129,42,69,44" hai3="131,103,86,3,121,41,66,101,125,2,132,53,87" shuffle="mt19937ar,00264EFD,AEA1930B,02FC1585,F31F4D23,4820647C,2C41B462,0AB254CF,12D21CBE"/><W51/><G121/><T70/><D122/><U37/><E112/><V123/><F69/><W31/><G66/><T102/><D117/><U52/><E110/><V130/><F123/><W15/><G41/><T85/><D124/><U88/><E32/><V115/><F115/><W62/><G31/><T96/><D128/><N who="2" m="49258" /><F134/><W43/><G131/><T108/><D108/><U28/><E28/><V58/><F58/><W74/><G74/><T80/><D70/><U64/><E64/><V38/><F78/><W92/><G62/><T67/><D6/><U126/><E126/><V22/><F46/><W84/><G125/><T24/><D67/><U63/><E63/><V5/><F5/><W61/><G61/><T0/><D0/><U11/><E81/><V111/><F111/><W29/><G29/><T99/><D96/><U97/><REACH who="1" step="1"/><E4/><REACH who="1" step="2"/><V54/><F54/><W71/><G132/><T114/><D114/><U59/><AGARI ba="0,1" hai="8,9,11,37,39,50,52,59,60,65,68,88,93,97" machi="59" ten="30,12000,2" yaku="1,1,2,1,0,1,54,2,53,1" doraHai="79" doraHaiUra="45" who="1" fromWho="1" sc="240,-30,304,130,329,-30,117,-60" owari="210,-14,434,43,299,5,57,-34" /></mjloggm>