<mjloggm ver="2.3"><GO type="97"/><UN n0="%E3%82%A6%E3%83%AB%E3%83%88%E3%83%A9%E7%AB%8B%E7%9B%B4" n1="%7A%65%66" n2="%4E%45%58%54" n3="%E3%81%A4%E3%81%A1%E3%81%AE%E3%81%93%E3%81%AD%E3%81%93" dan="13,14,14,14" rate="1900,1822,1899,1948" sx="M,M,M,M"/><TAIKYOKU oya="0"/><INIT seed="0,0,0,0,4,17" ten="250,250,250,250" oya="0" hai0="83,88,77,58,21,52,107,130,124,16,104,49,48" hai1="80,15,95,45,133,59,116,85,12,23,35,110,91" hai2="108,27,73,129,38,122,64,125,25,20,94,100,71" hai3="128,2,127,135,1,117,112,84,123,102,14,120,7" shuffle="mt19937ar,D48E5CFB,BE31F27F,3AE0AAFA,88A34A18,93F4E621,0EF36DB7,6A02AFAF,737C0164"/><T3/><D3/><N who="3" m="1033" /><G102/><T5/><D5/><U89/><E116/><V26/><F38/><W63/><G84/><T47/><D124/><U98/><E35/><V65/><F125/><W119/><G63/><T57/><D130/><U31/><E110/><V41/><F108/><W109/><G127/><T61/><D88/><N who="1" m="55655" /><E133/><V44/><F129/><W69/><G69/><T37/><D37/><U126/><E126/><V30/><F73/><W70/><G70/><T51/><D58/><U76/><E45/><V10/><F71/><W9/><G135/><T53/><D104/><U66/><E12/><V131/><F131/><W8/><G109/><T92/><D107/><U46/><E46/><V82/><F44/><W29/><G128/><T74/><D92/><U4/><E4/><V81/><F94/><W106/><G106/><T101/><D101/><U28/><E28/><V40/><F30/><W78/><G9/><T18/><D18/><N who="1" m="10719" /><E31/><V50/><F100/><W111/><G111/><T93/><D93/><U6/><E6/><V79/><F10/><W114/><G29/><T113/><D113/><N who="3" m="43625" /><G78/><T54/><REACH who="0" step="1"/><D47/><REACH who="0" step="2"/><U90/><E90/><V32/><F79/><W121/><AGARI ba="0,1" hai="7,8,14,117,119,120,121,123" m="43625,1033" machi="121" ten="40,5200,0" yaku="13,1,34,2" doraHai="17" who="3" fromWho="3" sc="240,-26,250,-13,250,-13,250,62" /><INIT seed="1,0,0,2,2,78" ten="214,237,237,312" oya="1" hai0="102,61,24,132,29,74,66,79,99,134,30,119,17" hai1="118,83,133,15,65,116,135,5,125,117,86,91,25" hai2="9,20,14,107,120,112,22,35,72,31,64,54,2" hai3="43,69,104,114,8,98,19,94,41,68,33,84,67" shuffle="mt19937ar,B18E3A51,90073E6F,0B50FD75,80B1B957,930AD5A9,BD31060A,586881BE,07560806"/><U71/><E125/><V63/><F107/><W85/><G114/><T97/><D17/><U60/><REACH who="1" step="1"/><E25/><REACH who="1" step="2"/><N who="2" m="18927" /><F112/><W59/><G68/><T10/><D24/><U7/><E7/><V73/><F120/><W32/><G69/><T110/><D119/><U26/><E26/><V103/><F72/><W42/><G32/><T76/><D74/><U115/><E115/><V34/><F73/><W62/><G33/><T100/><D110/><U21/><E21/><V58/><F34/><W127/><G127/><T3/><D10/><AGARI ba="0,1" hai="5,10,15,60,65,71,83,86,91,116,117,118,133,135" machi="10" ten="50,4800,0" yaku="1,1,52,1,53,0" doraHai="78" doraHaiUra="40" who="1" fromWho="0" sc="214,-48,227,58,237,0,312,0" /><INIT seed="1,1,0,5,5,93" ten="166,285,237,312" oya="1" hai0="4,109,41,13,21,10,45,85,6,62,91,89,134" hai1="84,0,51,114,75,24,7,49,59,110,83,11,70" hai2="115,100,95,96,131,54,25,78,119,34,104,73,105" hai3="126,65,86,127,28,103,123,16,26,42,48,39,92" shuffle="mt19937ar,F1F4AC56,FB32F48F,549A59F4,5F42F875,3ED81405,F4A90554,2B6B95FB,1C81D7FD"/><U128/><E114/><V71/><F119/><W27/><G123/><T82/><D109/><U98/><E75/><V120/><F120/><W116/><G39/><T50/><D134/><U23/><E70/><V31/><F115/><W99/><G116/><T35/><D35/><U130/><E110/><V63/><F131/><N who="1" m="50217" /><E59/><V111/><F111/><W46/><G65/><T17/><D62/><U124/><E124/><N who="3" m="47658" /><G86/><T15/><D4/><U77/><E98/><V81/><REACH who="2" step="1"/><F54/><REACH who="2" step="2"/><W132/><G132/><T19/><REACH who="0" step="1"/><D6/><REACH who="0" step="2"/><U12/><E0/><V80/><F80/><W94/><G28/><AGARI ba="1,2" hai="7,11,12,23,24,28,49,51,77,83,84" m="50217" machi="28" ten="30,1500,0" yaku="19,1" doraHai="93" who="1" fromWho="3" sc="156,0,285,38,227,0,312,-18" /><INIT seed="1,2,0,2,3,26" ten="156,323,227,294" oya="1" hai0="129,1,67,105,101,58,74,113,91,86,30,61,19" hai1="70,37,27,68,109,85,108,13,8,4,40,100,71" hai2="22,57,78,69,0,76,117,98,99,62,110,50,65" hai3="15,128,95,5,36,46,103,35,126,97,133,25,18" shuffle="mt19937ar,1CCDCEA5,F9DE06C1,72D47EEC,EF339824,C48E9E5F,DB077B53,1BBB40EA,6AE825F0"/><U114/><E114/><V92/><F117/><W125/><G128/><T66/><D74/><U94/><E27/><V84/><F0/><W121/><G121/><T107/><D113/><U9/><E37/><V81/><F110/><N who="1" m="42601" /><E40/><V51/><F76/><W28/><G133/><T89/><D1/><N who="1" m="15" /><E100/><V42/><F69/><W111/><G111/><T123/><D123/><U41/><E41/><V118/><F118/><W34/><G36/><T112/><D129/><U32/><E32/><V130/><F130/><W80/><G46/><T60/><D112/><U83/><E94/><V49/><F42/><W17/><G35/><T77/><D101/><U64/><E64/><V75/><F75/><W21/><G80/><T122/><D122/><U72/><E72/><V20/><REACH who="2" step="1"/><F99/><REACH who="2" step="2"/><W11/><REACH who="3" step="1"/><G18/><REACH who="3" step="2"/><T31/><D19/><N who="1" m="8623" /><E68/><V63/><F63/><W23/><G23/><T14/><D60/><U102/><E102/><AGARI ba="2,2" hai="20,22,49,50,51,57,62,65,78,81,84,92,98,102" machi="102" ten="40,2600,0" yaku="1,1,8,1,53,0" doraHai="26" doraHaiUra="104" who="2" fromWho="1" sc="156,0,323,-32,217,52,284,0" /><INIT seed="2,0,0,5,5,96" ten="156,291,269,284" oya="2" hai0="1,69,129,26,49,41,2,81,127,15,57,56,122" hai1="40,101,47,63,42,92,135,19,124,12,45,114,18" hai2="22,5,4,95,113,55,7,53,68,59,24,38,86" hai3="84,110,74,32,115,21,91,65,13,112,46,126,133" shuffle="mt19937ar,1607DF0E,5E489D7A,DE9270AE,546596B5,51B7CB86,A8015B85,E23FABD9,CD9FF0FC"/><V44/><F113/><N who="3" m="43595" /><G74/><T71/><D15/><U28/><E114/><V93/><F68/><W36/><G32/><T79/><D26/><U43/><E124/><V89/><F38/><W66/><G126/><T116/><D127/><U48/><E135/><V109/><F109/><W17/><G133/><T25/><D25/><U37/><E40/><V132/><F132/><W10/><G110/><T33/><D41/><U61/><E28/><V0/><F0/><W6/><G46/><T131/><D49/><U29/><E29/><V103/><F44/><W27/><G36/><T76/><D81/><AGARI ba="0,0" hai="6,10,13,17,21,27,65,66,81,84,91" m="43595" machi="81" ten="30,1000,0" yaku="11,1" doraHai="96" who="3" fromWho="0" sc="156,-10,291,0,269,0,284,10" /><INIT seed="3,0,0,3,5,94" ten="146,291,269,294" oya="3" hai0="78,105,33,16,7,40,58,119,104,48,133,85,92" hai1="112,2,37,88,111,32,67,50,9,124,120,130,22" hai2="81,8,54,47,36,109,102,31,84,53,61,10,63" hai3="106,101,49,38,1,128,46,35,74,108,107,72,132" shuffle="mt19937ar,3B1BEB2B,A690B92C,2B8373D5,AE1774A6,74E8CB29,1E8ACAD7,5C0485B8,212CB84F"/><W90/><G35/><T115/><D119/><U60/><E120/><V27/><F109/><W71/><G71/><T80/><D115/><U91/><E112/><V62/><F102/><W44/><G1/><T131/><D33/><U89/><E124/><V55/><F36/><W0/><G0/><T11/><D131/><U23/><E130/><V70/><F70/><W21/><G108/><T12/><D133/><U56/><E111/><V18/><F18/><W45/><G107/><T79/><D79/><U135/><E32/><V29/><F47/><W125/><G38/><T93/><D93/><U123/><E123/><V26/><F84/><W122/><G74/><T19/><D19/><U3/><E37/><V103/><F81/><W25/><G72/><T117/><D117/><U34/><E34/><V134/><F103/><W95/><G122/><T96/><D7/><U75/><E75/><V20/><F134/><W6/><G132/><T24/><D24/><N who="2" m="9258" /><F20/><N who="1" m="7721" /><E135/><V121/><F121/><W5/><G125/><T98/><D98/><U83/><E83/><V126/><F126/><W97/><G128/><T17/><D17/><U68/><E9/><AGARI ba="0,0" hai="8,9,10,29,31,53,54,55,61,62,63" m="9258" machi="9" ten="40,5200,0" yaku="28,2,8,1" doraHai="94" who="2" fromWho="1" sc="146,0,291,-52,269,52,294,0" owari="146,-25,239,-11,321,32,294,4" /></mjloggm>