<mjloggm ver="2.3"><GO type="193"/><UN n0="%E3%82%A6%E3%83%AB%E3%83%88%E3%83%A9%E7%AB%8B%E7%9B%B4" n1="%E3%81%BE%E3%83%BC%E3%81%99%E3%82%93" n2="%49%43%48%49%4E%45%4E" n3="%E8%B5%A4%E8%89%B2%E3%82%B7%E3%83%A3%E3%83%84" dan="12,11,10,11" rate="1778,1751,1606,1562" sx="M,M,M,M"/><TAIKYOKU oya="0"/><INIT seed="0,0,0,1,2,118" ten="250,250,250,250" oya="0" hai0="129,53,66,133,109,22,79,9,2,69,64,18,39" hai1="101,100,84,114,55,52,50,103,40,126,105,12,130" hai2="32,106,23,134,8,26,72,95,85,16,94,120,80" hai3="76,82,49,25,67,92,4,33,121,56,61,62,51" shuffle="mt19937ar,D99BD9A3,C30F7911,D412A6A6,6E7BBF8A,355A69BA,959FF958,79FE0186,FF33CAD7"/><T124/><D39/><U73/><E105/><V63/><F120/><W60/><G33/><T90/><D79/><U24/><E73/><V21/><F134/><W6/><G25/><T74/><D74/><U70/><E70/><V96/><F72/><W42/><G92/><T135/><D90/><U27/><E114/><V104/><F32/><W29/><G29/><T35/><D53/><U36/><E130/><V119/><F119/><W113/><G113/><T0/><D69/><U128/><E128/><V86/><F8/><W116/><G67/><T98/><D98/><U75/><E75/><V122/><F122/><W117/><G42/><T47/><D47/><U43/><E36/><V31/><F106/><W28/><G28/><T89/><D89/><U41/><E126/><V57/><F104/><W102/><G102/><T14/><D66/><U68/><E68/><V45/><F45/><W97/><G97/><T111/><D64/><U5/><E84/><V59/><F59/><W17/><G17/><N who="0" m="8399" /><D35/><U99/><E99/><V38/><F38/><W1/><G1/><N who="0" m="619" /><D124/><U115/><E115/><V15/><F95/><W127/><G127/><T112/><D112/><U10/><E50/><V54/><F80/><W48/><G76/><T123/><D129/><U34/><E34/><V11/><F11/><W7/><G82/><T87/><D87/><U91/><E91/><AGARI ba="0,0" hai="15,16,21,23,26,31,54,57,63,85,86,91,94,96" machi="91" ten="30,3900,0" yaku="7,1,8,1,54,1" doraHai="118" who="2" fromWho="1" sc="250,0,250,-39,250,39,250,0" /><INIT seed="1,0,0,1,5,105" ten="250,211,289,250" oya="1" hai0="79,67,69,16,89,102,113,73,8,66,41,76,35" hai1="135,29,3,104,112,61,58,55,99,36,78,62,24" hai2="128,115,86,117,22,45,5,60,103,85,40,100,63" hai3="77,101,20,124,26,82,33,25,10,37,133,21,28" shuffle="mt19937ar,DEDCACC3,C3B6BC53,BCC0CF23,7C4F8CED,A8E231CE,2A4EA183,C7C1D011,EC7031EB"/><U91/><E112/><V80/><F117/><W1/><G37/><T49/><D35/><U97/><E36/><V64/><F128/><W88/><G101/><T6/><D102/><U119/><E3/><V11/><F115/><W53/><G133/><T54/><D41/><U94/><E119/><V81/><F63/><W19/><G124/><T71/><D113/><U65/><E135/><V7/><F22/><W31/><G1/><T59/><D89/><U23/><E78/><V98/><F98/><W114/><G114/><T15/><D69/><U132/><E132/><V129/><F129/><W56/><G10/><T44/><D71/><U127/><E127/><V134/><F134/><W109/><G33/><T42/><D6/><U46/><E46/><V122/><F122/><W121/><G121/><T50/><REACH who="0" step="1"/><D76/><REACH who="0" step="2"/><U2/><E2/><V52/><F103/><W39/><G39/><T4/><D4/><U48/><E104/><V68/><F100/><W72/><G109/><T116/><D116/><U110/><E110/><V83/><F7/><W43/><G43/><T32/><D32/><U131/><E131/><V51/><REACH who="2" step="1"/><F40/><REACH who="2" step="2"/><W18/><REACH who="3" step="1"/><G88/><REACH who="3" step="2"/><T106/><D106/><U38/><E38/><V130/><F130/><W95/><G95/><T87/><D87/><N who="1" m="52607" /><E61/><AGARI ba="0,3" hai="18,19,20,21,25,26,28,31,53,56,61,72,77,82" machi="61" ten="30,7700,0" yaku="1,1,7,1,9,1,52,1,53,0" doraHai="105" doraHaiUra="108" who="3" fromWho="1" sc="240,0,211,-77,279,0,240,107" /><INIT seed="2,0,0,0,3,50" ten="240,134,279,347" oya="2" hai0="123,91,29,107,1,34,51,99,132,41,56,33,27" hai1="8,48,45,7,130,19,88,14,5,77,87,105,102" hai2="18,90,24,85,40,28,111,32,80,110,69,43,127" hai3="92,103,44,120,52,74,78,86,60,112,116,129,31" shuffle="mt19937ar,B34D0B92,B4FA4413,D0CCEE55,9EF5640E,B6EEF2D7,35789BC9,D4DEEFF8,10A970C2"/><V118/><F118/><W64/><G112/><T125/><D1/><U84/><E130/><V53/><F69/><W89/><G116/><T26/><D123/><U104/><E104/><V65/><F65/><W9/><G120/><T20/><D125/><U83/><E105/><V135/><F135/><W106/><G129/><T68/><D68/><U101/><E101/><V76/><F18/><W25/><G9/><T66/><D132/><U21/><E102/><V15/><F15/><W54/><G44/><T115/><D115/><U122/><E122/><V117/><F117/><W46/><G46/><T30/><D20/><U55/><REACH who="1" step="1"/><E8/><REACH who="1" step="2"/><V81/><F127/><W63/><G106/><T16/><D107/><U126/><E126/><V133/><F133/><W93/><G103/><T82/><D34/><U57/><E57/><V67/><F67/><W73/><G73/><T23/><D33/><U6/><E6/><V38/><F38/><W36/><G74/><T11/><D56/><U96/><E96/><V114/><F114/><W108/><G36/><T124/><D66/><U121/><E121/><V95/><F81/><AGARI ba="0,1" hai="5,7,14,19,21,45,48,55,77,81,83,84,87,88" machi="81" ten="30,8000,1" yaku="1,1,7,1,8,1,52,1,54,1,53,0" doraHai="50" doraHaiUra="58" who="1" fromWho="2" sc="240,0,124,90,279,-80,347,0" /><INIT seed="3,0,0,1,1,28" ten="240,214,199,347" oya="3" hai0="3,54,32,114,5,27,23,84,106,94,82,50,58" hai1="0,110,119,2,83,8,120,124,81,53,101,71,134" hai2="48,10,51,9,12,127,123,31,91,65,108,44,43" hai3="64,15,80,92,17,61,73,42,67,13,130,77,76" shuffle="mt19937ar,B1C784C4,2AB98CDE,8C50A6A7,89201D87,27B5B2B9,AF0E41C1,34476781,F39BB33F"/><W79/><G130/><T29/><D106/><U62/><E101/><V125/><F108/><W105/><G42/><T113/><D94/><U19/><E120/><V40/><F31/><W39/><G105/><T36/><D36/><U46/><E119/><V41/><F123/><W59/><G39/><T93/><D93/><U18/><E71/><V4/><F91/><W95/><G67/><T34/><D5/><U116/><E116/><V55/><F65/><W90/><G95/><T47/><D3/><U97/><E97/><V21/><F127/><W26/><G26/><T102/><D102/><U38/><E38/><V133/><F125/><W88/><G15/><T24/><D47/><U128/><E124/><V131/><F133/><W6/><G90/><T72/><D72/><U37/><E37/><V121/><F131/><W115/><G6/><T112/><D27/><U135/><E110/><V129/><F129/><W63/><G61/><T35/><D23/><U68/><E128/><V96/><F121/><W11/><G115/><T98/><D98/><AGARI ba="0,0" hai="11,13,17,59,63,64,73,76,77,79,80,88,92,98" machi="98" ten="30,2900,0" yaku="7,1,54,1" doraHai="28" who="3" fromWho="0" sc="240,-29,214,0,199,0,347,29" owari="211,-14,214,-4,199,-20,376,38" /></mjloggm>