<mjloggm ver="2.3"><GO type="41"/><UN n0="%E3%82%A6%E3%83%AB%E3%83%88%E3%83%A9%E7%AB%8B%E7%9B%B4" n1="%E3%83%A1%E3%82%BF%E3%82%AA" n2="%65%6E%65%63%72%65" n3="%E3%82%AB%E3%82%BA%E3%82%B3%E3%83%A0%E3%82%B7" dan="15,14,15,16" rate="1967,1866,1986,1907" sx="M,M,M,M"/><TAIKYOKU oya="0"/><INIT seed="0,0,0,4,4,45" ten="250,250,250,250" oya="0" hai0="112,85,71,113,63,17,97,48,9,70,98,39,118" hai1="129,100,36,75,88,126,19,28,49,110,101,132,26" hai2="15,25,130,41,10,29,134,79,34,95,66,74,125" hai3="78,42,120,68,18,53,31,47,50,22,6,117,20"/><T106/><D17/><U73/><E36/><V21/><F130/><W111/><G117/><T62/><D9/><U30/><E129/><V1/><F134/><W67/><G111/><T105/><D85/><U33/><E132/><V83/><F125/><W121/><G6/><T11/><D11/><U64/><E126/><V27/><F1/><W115/><G115/><T128/><D128/><U84/><E110/><V23/><F66/><W135/><G135/><T46/><D46/><U52/><E64/><V57/><F27/><W122/><G78/><T56/><D56/><U87/><E19/><V58/><F41/><W90/><G90/><T59/><D59/><U104/><E104/><V0/><F0/><W2/><G2/><T12/><D12/><U77/><E30/><V109/><F109/><W76/><G76/><T24/><D24/><U44/><E77/><V69/><F69/><W80/><G80/><T43/><D43/><U82/><REACH who="1" step="1"/><E87/><REACH who="1" step="2"/><V61/><F79/><W14/><G67/><T131/><D131/><U5/><E5/><V13/><F29/><W114/><G114/><T99/><D99/><U72/><AGARI ba="0,1" hai="26,28,33,44,49,52,72,73,75,82,84,88,100,101" machi="72" ten="30,12000,2" yaku="1,1,0,1,52,1,54,2,53,2" doraHai="45" doraHaiUra="96" who="1" fromWho="1" sc="250,-60,240,130,250,-30,250,-30" /><INIT seed="1,0,0,2,0,9" ten="190,370,220,220" oya="1" hai0="110,89,54,86,30,51,109,78,47,45,118,123,129" hai1="4,96,42,80,127,73,72,85,16,58,83,130,93" hai2="35,40,21,15,64,34,19,20,62,107,69,67,116" hai3="132,50,12,87,38,5,131,79,91,29,61,99,120"/><U43/><E4/><V106/><F116/><W24/><G120/><T31/><D78/><U0/><E0/><V97/><F40/><W103/><G38/><T108/><D118/><U36/><E130/><V121/><F121/><W39/><G132/><T65/><D123/><U75/><E127/><V112/><F112/><W6/><G131/><T111/><N who="0" m="28160" /><DORA hai="71" /><T37/><D129/><U7/><E7/><V22/><F67/><W48/><G39/><T94/><D65/><U59/><E36/><V17/><F21/><W66/><G79/><T95/><REACH who="0" step="1"/><D94/><REACH who="0" step="2"/><U57/><E93/><V55/><F106/><W114/><G114/><T115/><D115/><U134/><E134/><V1/><F107/><W76/><G76/><T102/><D102/><U13/><E83/><V46/><F64/><W41/><G66/><T84/><D84/><U82/><E96/><V2/><F97/><W74/><G103/><T90/><D90/><U63/><E82/><V25/><F69/><W101/><G99/><T27/><D27/><U104/><E104/><V56/><REACH who="2" step="1"/><F46/><REACH who="2" step="2"/><W10/><G101/><T128/><D128/><U53/><E85/><V68/><F68/><W133/><G133/><T49/><D49/><U23/><REACH who="1" step="1"/><E80/><REACH who="1" step="2"/><V11/><F11/><W18/><G87/><T92/><D92/><U14/><E14/><V44/><F44/><W32/><G12/><T70/><D70/><U88/><E88/><V26/><F26/><W77/><G91/><T52/><D52/><U28/><E28/><V125/><F125/><W81/><G29/><T124/><D124/><U8/><E8/><RYUUKYOKU ba="0,3" sc="180,10,360,10,210,10,220,-30" hai0="30,31,37,45,47,51,54,86,89,95" hai1="13,16,23,42,43,53,57,58,59,63,72,73,75" hai2="1,2,15,17,19,20,22,25,34,35,55,56,62" /><INIT seed="1,1,3,5,5,17" ten="190,370,220,190" oya="1" hai0="22,82,9,68,73,23,15,65,64,35,14,95,60" hai1="8,125,7,98,135,50,2,29,67,54,46,12,52" hai2="115,32,77,24,91,128,56,0,58,66,127,85,79" hai3="37,112,42,92,57,16,131,93,47,33,121,41,111"/><U11/><E135/><V45/><F0/><W122/><G112/><T88/><D35/><U34/><E125/><V28/><F127/><W10/><G111/><T86/><D65/><U40/><E67/><V27/><F115/><W104/><G33/><T110/><D110/><U101/><E29/><V123/><F123/><W114/><G104/><T83/><D15/><U105/><E34/><V26/><F128/><W100/><G114/><T49/><D49/><U19/><AGARI ba="1,3" hai="2,7,8,11,12,19,40,46,50,52,54,98,101,105" machi="19" ten="20,3900,0" yaku="0,1,7,1,54,1" doraHai="17" who="1" fromWho="1" sc="190,-14,370,72,220,-14,190,-14" /><INIT seed="1,2,0,2,1,32" ten="176,442,206,176" oya="1" hai0="105,0,95,26,88,36,12,94,84,130,113,23,49" hai1="108,126,135,30,62,29,55,119,57,122,59,39,128" hai2="37,21,25,40,96,4,16,2,79,38,74,8,112" hai3="61,87,75,92,10,131,127,60,31,34,83,33,91"/><U5/><E122/><V47/><F112/><W82/><G131/><T24/><D36/><U52/><E119/><V67/><F67/><W71/><G127/><T101/><D105/><U66/><E126/><V20/><F96/><W45/><G71/><T107/><D107/><U46/><E128/><V35/><F35/><W89/><G75/><T48/><D130/><U6/><E135/><V86/><F86/><W13/><G34/><T121/><D0/><U81/><E39/><N who="2" m="21919" /><F20/><W3/><G3/><T78/><D78/><U44/><E81/><AGARI ba="2,0" hai="2,4,8,16,21,25,37,38,74,79,81" m="21919" machi="81" ten="30,3900,0" yaku="25,1,52,1,54,1" doraHai="32" who="2" fromWho="1" sc="176,0,442,-45,206,45,176,0" /><INIT seed="2,0,0,2,0,7" ten="176,397,251,176" oya="2" hai0="101,99,102,5,76,48,8,78,25,3,96,121,9" hai1="50,70,23,62,72,18,90,114,57,100,20,130,56" hai2="98,87,127,81,95,118,93,84,119,106,4,58,12" hai3="43,49,69,92,38,128,80,19,37,75,26,71,1"/><V135/><F127/><W21/><G128/><T88/><D121/><U82/><E114/><V112/><F112/><W104/><G104/><T33/><D48/><U91/><E130/><V46/><F135/><W16/><G1/><T24/><D88/><U133/><E133/><V32/><F32/><W103/><G37/><T64/><D64/><U28/><E100/><V63/><F46/><W132/><G38/><T59/><D59/><U27/><E70/><V2/><F106/><W83/><G132/><T54/><D54/><N who="1" m="31831" /><E72/><V41/><F41/><W53/><G71/><T134/><D134/><U31/><E82/><N who="3" m="31274" /><G69/><T129/><D129/><U34/><E34/><V68/><F2/><W89/><G103/><T86/><D33/><U61/><E61/><V39/><F39/><W124/><G75/><T73/><D73/><U51/><E51/><V97/><F68/><W10/><G43/><T110/><D3/><U123/><E123/><V109/><F63/><W52/><G124/><T47/><D47/><U115/><E115/><V15/><F58/><W125/><G49/><T29/><D29/><N who="1" m="11339" /><E23/><V74/><F74/><W85/><G125/><T66/><D66/><AGARI ba="0,0" hai="18,20,27,57,62,66,90,91" m="11339,31831" machi="66" ten="30,1000,0" yaku="8,1" doraHai="7" who="1" fromWho="0" sc="176,-10,397,10,251,0,176,0" /><INIT seed="3,0,0,5,5,104" ten="166,407,251,176" oya="3" hai0="65,20,8,106,116,100,77,44,53,37,135,117,16" hai1="46,30,88,93,41,108,129,74,109,101,58,73,39" hai2="9,97,119,70,4,114,0,86,45,49,17,24,36" hai3="55,69,83,5,121,125,11,14,68,57,123,28,111"/><W1/><G125/><T99/><D135/><U95/><E129/><V115/><F119/><W26/><G1/><T62/><D8/><U113/><E113/><V132/><F132/><W18/><G5/><T107/><D107/><U42/><E30/><V6/><F36/><W71/><G111/><N who="1" m="42570" /><E42/><V34/><F70/><W15/><G14/><T7/><D7/><U31/><E31/><V126/><F126/><W96/><G96/><T3/><D3/><U134/><E134/><V19/><F97/><W82/><G123/><T21/><D21/><U35/><E35/><V87/><F87/><W85/><G121/><T48/><D37/><U23/><E23/><V103/><F103/><W10/><G10/><T33/><D77/><U92/><E101/><V76/><F6/><W98/><G98/><T81/><D81/><U90/><E58/><V32/><F34/><W110/><G110/><T38/><D38/><U127/><E127/><V78/><F32/><W120/><G120/><T61/><D33/><U72/><AGARI ba="0,0" hai="39,41,46,72,73,74,88,90,92,93,95" m="42570" machi="72" ten="40,8000,1" yaku="14,1,52,3,54,1" doraHai="104" who="1" fromWho="1" sc="166,-20,407,80,251,-20,176,-40" /><INIT seed="4,0,0,3,2,63" ten="146,487,231,136" oya="0" hai0="99,106,18,8,68,84,129,32,88,34,110,109,70" hai1="48,96,126,4,64,14,58,49,114,133,118,23,125" hai2="104,91,98,56,61,11,31,51,12,132,89,76,105" hai3="24,35,134,135,120,65,45,92,16,36,86,5,73"/><T53/><D53/><U46/><E118/><V72/><F132/><N who="3" m="50731" /><G73/><T79/><D79/><U43/><E133/><V41/><F31/><N who="3" m="19943" /><G5/><T30/><D18/><U20/><E96/><V75/><F76/><W10/><G120/><T0/><D8/><U112/><E4/><V74/><F51/><W13/><G36/><T22/><D0/><U122/><E122/><V37/><F41/><W57/><G45/><T100/><D22/><U90/><E90/><V52/><F37/><W40/><G40/><T123/><D123/><U60/><E14/><V66/><F104/><W2/><G2/><T38/><D38/><U121/><E121/><V42/><F42/><W28/><G28/><T71/><D129/><U131/><E49/><V44/><F44/><W119/><G119/><T47/><D47/><U3/><E3/><V115/><F115/><N who="1" m="44073" /><E131/><V1/><F1/><W7/><G7/><T101/><D101/><U9/><E9/><V116/><F116/><W117/><G117/><T83/><REACH who="0" step="1"/><D30/><REACH who="0" step="2"/><U15/><E15/><V97/><F12/><W82/><G82/><T25/><D25/><U103/><E103/><V27/><F27/><W29/><G29/><T108/><AGARI ba="0,1" hai="32,34,68,70,71,83,84,88,99,100,106,108,109,110" machi="108" ten="40,12000,1" yaku="1,1,0,1,10,1,54,1,53,0" doraHai="63" doraHaiUra="128" who="0" fromWho="0" sc="136,130,487,-40,231,-40,136,-40" /><INIT seed="4,1,0,2,2,36" ten="266,447,191,96" oya="0" hai0="64,15,100,93,62,113,69,78,125,90,14,130,123" hai1="135,132,6,8,9,50,84,30,31,114,112,124,111" hai2="108,72,91,76,106,73,19,121,13,11,109,25,92" hai3="2,3,34,65,82,110,43,46,79,58,21,55,98"/><T70/><D123/><U12/><E50/><V42/><F121/><W96/><G110/><T63/><D125/><U18/><E84/><V49/><F106/><W116/><G116/><T24/><D130/><U87/><E87/><V67/><F67/><W95/><G34/><T127/><D127/><U5/><E111/><V117/><F117/><W75/><G65/><T119/><D119/><U51/><E51/><V118/><F118/><W7/><G21/><T40/><D100/><U134/><E124/><V104/><F104/><W126/><G126/><T23/><D78/><U41/><E41/><V29/><F73/><W115/><G115/><N who="1" m="44074" /><E18/><V83/><F91/><W4/><G3/><AGARI ba="1,0" hai="3,5,6,8,9,12,30,31,132,134,135" m="44074" machi="3" ten="40,8000,1" yaku="20,1,15,1,11,1,34,2" doraHai="36" who="1" fromWho="3" sc="266,0,447,83,191,0,96,-83" /><INIT seed="5,0,0,3,2,111" ten="266,530,191,13" oya="1" hai0="29,56,9,28,124,131,69,93,23,49,15,82,43" hai1="83,13,97,123,32,66,62,36,115,8,53,54,60" hai2="35,72,38,16,108,129,73,133,88,68,85,61,105" hai3="57,122,75,104,99,42,18,63,52,6,113,20,64"/><U101/><E123/><V10/><F108/><W78/><G122/><T87/><D69/><U110/><E110/><V3/><F129/><W27/><G6/><T55/><D131/><U103/><E32/><V121/><F121/><W19/><G42/><T34/><D34/><U67/><E115/><V80/><F133/><W31/><G75/><T5/><D124/><U22/><E36/><V96/><F38/><W107/><G78/><T74/><D74/><U2/><E2/><V86/><F35/><W89/><G113/><T77/><D23/><U119/><E119/><V126/><F126/><W102/><G107/><T51/><D93/><N who="1" m="58543" /><E103/><V98/><F85/><W41/><G41/><T114/><D114/><U11/><E83/><V116/><F3/><W1/><G1/><T17/><D17/><N who="1" m="10543" /><E67/><V7/><F7/><W132/><G132/><T79/><D79/><U50/><E66/><V92/><F105/><W112/><G112/><T120/><D120/><U45/><E54/><V70/><F116/><W25/><G89/><T90/><D90/><U117/><E117/><V47/><F70/><W0/><G0/><T39/><D39/><U24/><E24/><V81/><F68/><W95/><G104/><T128/><D128/><U40/><E40/><V118/><F118/><W84/><G84/><T21/><D21/><U134/><E134/><V135/><F135/><W44/><G27/><T4/><D4/><U100/><E100/><V106/><F73/><W76/><G76/><T14/><D14/><U109/><E109/><V127/><F72/><W26/><G26/><T46/><AGARI ba="0,0" hai="5,9,15,28,29,43,46,49,51,55,56,77,82,87" machi="46" ten="30,8000,1" yaku="5,1,0,1,25,2,8,1" doraHai="111" who="0" fromWho="0" sc="266,80,530,-40,191,-20,13,-20" owari="346,15,490,59,171,-23,-7,-51" /></mjloggm>