<mjloggm ver="2.3"><GO type="41"/><UN n0="%E3%81%AF%E3%81%84%E3%81%A1%E3%82%87%E3%81%8F" n1="%E3%82%A6%E3%83%AB%E3%83%88%E3%83%A9%E7%AB%8B%E7%9B%B4" n2="%74%6F%6D%65%6F" n3="%E3%81%AE%E3%81%A9%E3%81%A3%E3%81%A1%2E" dan="14,14,14,17" rate="1904,1923,1901,2098" sx="M,M,M,F"/><TAIKYOKU oya="0"/><INIT seed="0,0,0,5,3,8" ten="250,250,250,250" oya="0" hai0="50,17,16,102,67,22,126,73,52,109,54,123,108" hai1="119,6,45,106,58,64,3,43,1,46,114,78,80" hai2="36,4,115,86,122,99,31,93,112,55,125,132,62" hai3="129,85,131,7,88,53,69,128,104,14,35,98,75"/><T118/><D123/><U89/><E119/><V0/><F122/><W133/><G35/><T61/><D118/><U39/><E89/><V60/><F36/><W42/><G75/><T71/><D73/><U81/><E106/><V74/><F74/><W5/><G69/><T15/><D126/><U72/><E114/><V24/><F125/><W29/><G29/><T18/><D102/><U44/><E81/><V121/><F121/><W76/><G76/><T95/><D95/><U94/><E94/><V101/><F132/><W51/><G42/><T13/><D17/><U82/><E80/><V21/><F86/><W48/><G133/><T2/><D2/><U77/><E77/><V32/><F62/><W20/><G20/><T116/><D116/><U47/><E1/><V10/><F32/><W41/><G41/><T124/><D124/><U105/><E105/><V56/><AGARI ba="0,0" hai="0,4,10,21,24,31,55,56,60,93,99,101,112,115" machi="56" ten="30,1100,0" yaku="0,1" doraHai="8" who="2" fromWho="2" sc="250,-5,250,-3,250,11,250,-3" /><INIT seed="1,0,0,4,2,14" ten="245,247,261,247" oya="1" hai0="69,105,112,84,53,31,10,104,75,128,49,67,37" hai1="41,120,33,15,123,16,111,116,101,127,28,68,102" hai2="124,42,20,76,27,115,78,57,87,103,66,89,126" hai3="106,73,97,26,79,117,77,11,3,55,63,13,47"/><U135/><E68/><V114/><F42/><W24/><G3/><T92/><D75/><U118/><E41/><V0/><F0/><W43/><G117/><N who="1" m="45162" /><E102/><V93/><F57/><W54/><G106/><T48/><D37/><U86/><E86/><V85/><F66/><W58/><G55/><T131/><D112/><N who="2" m="43050" /><F103/><W95/><G73/><T50/><D69/><U18/><E101/><V96/><F20/><W109/><G95/><T30/><D67/><U44/><E44/><V90/><F27/><N who="3" m="10283" /><G97/><T62/><D84/><N who="2" m="32330" /><F90/><W51/><G109/><T38/><D38/><U22/><E28/><V25/><F25/><W99/><G99/><T65/><D92/><U133/><E33/><V6/><F6/><AGARI ba="0,0" hai="6,11,13,43,47,51,54,58,63,77,79" m="10283" machi="6" ten="30,1000,0" yaku="8,1" doraHai="14" who="3" fromWho="2" sc="245,0,247,0,261,-10,247,10" /><INIT seed="2,0,0,1,1,129" ten="245,247,251,257" oya="2" hai0="87,42,124,94,118,64,109,89,133,73,59,96,8" hai1="119,19,90,65,121,39,5,131,84,95,71,54,22" hai2="85,114,32,116,33,38,68,127,76,0,1,113,30" hai3="108,110,81,11,43,9,82,26,25,4,104,14,3"/><V16/><F116/><W88/><G104/><T93/><D73/><U102/><E39/><V36/><F68/><W53/><G43/><T56/><D118/><U41/><E41/><V70/><F70/><W125/><G125/><T78/><D124/><U37/><E37/><V99/><F99/><W12/><G3/><T123/><D123/><U50/><E119/><V107/><F107/><W60/><G60/><T112/><D112/><U98/><E5/><V49/><F127/><W57/><G57/><T86/><D42/><U69/><E65/><V24/><F33/><W117/><G53/><T23/><D8/><U106/><E131/><V20/><F36/><W35/><G117/><T92/><D64/><U7/><E7/><V63/><F38/><W74/><G74/><T34/><D34/><U134/><E121/><V55/><F63/><W47/><G47/><T17/><D59/><U31/><E31/><V67/><F67/><W61/><G61/><T91/><D56/><U66/><E66/><V132/><F132/><W100/><G100/><T13/><D133/><U40/><E40/><V21/><F32/><W83/><G35/><T128/><D128/><U105/><E105/><V111/><F111/><N who="3" m="42539" /><G88/><N who="0" m="55303" /><D109/><U97/><E97/><V126/><F126/><W62/><G62/><T122/><D122/><U48/><E134/><V29/><F0/><W77/><G77/><AGARI ba="0,0" hai="13,17,23,77,78,86,87,89,91,93,94" m="55303" machi="77" ten="30,2000,0" yaku="8,1,54,1" doraHai="129" who="0" fromWho="3" sc="245,20,247,0,251,0,257,-20" /><INIT seed="3,0,0,0,4,36" ten="265,247,251,237" oya="3" hai0="77,133,33,8,121,132,86,122,49,119,126,52,2" hai1="127,31,57,129,92,118,91,125,93,21,38,26,100" hai2="103,66,9,104,32,130,81,109,76,112,39,113,59" hai3="14,34,19,106,128,42,68,73,35,101,10,55,79"/><W12/><G68/><T78/><D33/><U61/><E129/><V15/><F109/><W7/><G128/><T16/><D119/><U94/><E118/><V88/><F32/><W11/><G106/><T3/><D126/><U5/><E5/><V69/><F69/><W117/><G117/><T87/><D8/><U124/><E38/><V17/><F130/><W18/><G101/><T28/><D28/><U4/><E4/><V116/><F116/><W27/><G7/><T134/><D49/><U110/><E110/><V6/><F39/><W82/><G27/><T63/><D63/><U48/><E48/><V108/><F108/><W30/><G30/><T41/><D52/><N who="1" m="33959" /><E100/><V65/><F113/><W115/><G115/><T120/><D16/><U25/><E25/><V29/><F29/><W97/><G97/><AGARI ba="0,0" hai="21,26,31,91,92,93,94,97,124,125,127" m="33959" machi="97" ten="30,2000,0" yaku="18,1,54,1" doraHai="36" who="1" fromWho="3" sc="265,0,247,20,251,0,237,-20" /><INIT seed="4,0,0,5,5,66" ten="265,267,251,217" oya="0" hai0="72,43,56,34,9,50,55,7,74,89,58,101,51" hai1="105,86,106,94,24,68,15,83,2,60,19,11,4" hai2="119,41,127,71,21,12,8,64,62,124,10,116,16" hai3="32,133,5,130,113,57,46,108,97,109,85,31,27"/><T131/><D34/><U3/><E94/><V44/><F10/><W88/><G133/><T114/><D101/><U40/><E3/><V61/><F8/><W18/><G113/><T42/><D114/><U117/><E117/><N who="2" m="45131" /><F61/><W112/><G112/><T59/><D131/><U81/><E24/><V87/><F87/><W35/><G130/><T36/><D89/><U100/><E40/><V39/><AGARI ba="0,0" hai="12,16,21,39,41,44,62,64,71,124,127" m="45131" machi="39" ten="30,4000,0" yaku="12,1,52,1,54,1" doraHai="66" who="2" fromWho="2" sc="265,-20,267,-10,251,40,217,-10" /><INIT seed="5,0,0,4,0,99" ten="245,257,291,207" oya="1" hai0="19,100,124,131,97,47,76,9,54,30,11,61,92" hai1="18,122,57,106,64,31,109,113,101,119,0,4,83" hai2="51,75,82,93,73,21,24,37,127,91,43,85,7" hai3="16,105,33,123,134,23,62,126,114,40,38,120,95"/><U110/><E31/><V48/><F127/><W74/><G105/><T45/><D124/><U49/><E4/><V8/><F73/><W72/><G33/><T135/><D131/><U42/><E0/><V12/><F37/><W27/><G126/><T133/><D30/><U52/><E122/><V129/><F129/><W130/><G130/><T53/><D76/><U108/><E119/><V128/><F128/><W69/><G134/><N who="0" m="51211" /><D19/><U90/><E113/><V81/><F75/><W44/><G114/><T118/><D118/><U78/><E90/><V39/><F39/><W63/><G74/><T116/><D116/><U89/><E89/><V98/><F43/><W29/><G72/><T13/><D61/><U117/><E117/><V20/><F20/><W65/><G29/><T66/><D66/><U3/><E3/><V46/><F46/><N who="0" m="17418" /><D13/><U36/><E36/><V35/><F35/><W10/><G10/><AGARI ba="0,0" hai="9,10,11,53,54,92,97,100" m="17418,51211" machi="10" ten="30,2000,0" yaku="20,1,52,1" doraHai="99" who="0" fromWho="3" sc="245,20,257,0,291,0,207,-20" /><INIT seed="6,0,0,0,1,105" ten="265,257,291,187" oya="2" hai0="99,3,121,74,84,116,134,42,30,7,101,77,94" hai1="88,126,87,86,10,35,98,27,110,59,9,49,115" hai2="104,54,67,109,0,70,107,61,37,48,44,97,90" hai3="52,28,53,96,135,76,106,58,122,8,89,111,82"/><V56/><F0/><W79/><G122/><T18/><D121/><U112/><E110/><V33/><F33/><W132/><G111/><T32/><D116/><U20/><E35/><V29/><F29/><W40/><G28/><T47/><D134/><U25/><E98/><V1/><F1/><W14/><G40/><T103/><D18/><U57/><E126/><V69/><F69/><W50/><G53/><T75/><D103/><U125/><E125/><V21/><F109/><W119/><G119/><T6/><D30/><U102/><E102/><V51/><F21/><W81/><G106/><T23/><D32/><U24/><E20/><V63/><F63/><W124/><G124/><T60/><D23/><U22/><E22/><V15/><F51/><W34/><G34/><T26/><D26/><U38/><E38/><V129/><F129/><W39/><G39/><T128/><D60/><U46/><E87/><V91/><F15/><W31/><G31/><T4/><D128/><U12/><E59/><V113/><F113/><N who="1" m="43593" /><E57/><V114/><F114/><W55/><G55/><T100/><D101/><U5/><E10/><V73/><F73/><W41/><G41/><T13/><D3/><U68/><E68/><V130/><F130/><W72/><G96/><T118/><D118/><U127/><E127/><V92/><F90/><W2/><G89/><T131/><D131/><U17/><E5/><V117/><F117/><W62/><G62/><T93/><D13/><U95/><E27/><V64/><F64/><W45/><G2/><T80/><D94/><U78/><E78/><V11/><F11/><RYUUKYOKU ba="0,0" sc="265,10,257,10,291,10,187,-30" hai0="4,6,7,42,47,74,75,77,80,84,93,99,100" hai1="9,12,17,24,25,46,49,86,88,95" hai2="37,44,48,54,56,61,67,70,91,92,97,104,107" /><INIT seed="6,1,0,3,2,91" ten="275,267,301,157" oya="2" hai0="48,49,3,127,18,75,32,119,46,44,14,86,83" hai1="5,55,28,50,37,121,7,69,135,107,118,96,82" hai2="40,31,78,124,0,12,11,71,29,63,26,97,112" hai3="114,106,67,58,20,61,8,132,74,10,95,22,126"/><V77/><F112/><W79/><G106/><T17/><D3/><U39/><E69/><V104/><F0/><W9/><G132/><T1/><D1/><U68/><E68/><V113/><F113/><W98/><G114/><T62/><D75/><U72/><E118/><V25/><F40/><W123/><G123/><T94/><D119/><U129/><E39/><V92/><F104/><W120/><G120/><T133/><D32/><U108/><E37/><V43/><F43/><W36/><G36/><T80/><D133/><U15/><E135/><V99/><F99/><W111/><G111/><T131/><D131/><U33/><E129/><V81/><F63/><W60/><G126/><T73/><D127/><U54/><E72/><V16/><F71/><W66/><G74/><T24/><D73/><U65/><E33/><V27/><F124/><W85/><G85/><T109/><D109/><U87/><E107/><V13/><F13/><W84/><G84/><T4/><D62/><U41/><E121/><V116/><F116/><W103/><REACH who="3" step="1"/><G79/><REACH who="3" step="2"/><N who="2" m="30217" /><F81/><W51/><G51/><T90/><D83/><U59/><E108/><V125/><F125/><W30/><G30/><T101/><D80/><U88/><E28/><V93/><F97/><W115/><G115/><T122/><D122/><U130/><E96/><V56/><F31/><W52/><G52/><T42/><D49/><N who="1" m="31183" /><E130/><V64/><F29/><W76/><G76/><T70/><D48/><U19/><E65/><V21/><F64/><W89/><G89/><T134/><D90/><U2/><E55/><V45/><F45/><N who="0" m="17514" /><D134/><U128/><E128/><RYUUKYOKU ba="1,1" sc="275,-10,267,-10,301,-10,147,30" hai3="8,9,10,20,22,58,60,61,66,67,95,98,103" /><INIT seed="7,2,1,0,3,45" ten="265,257,291,177" oya="3" hai0="26,87,78,86,62,54,53,28,57,59,72,95,128" hai1="31,71,4,106,107,119,68,73,109,102,114,20,112" hai2="133,64,84,36,110,70,43,44,47,10,104,77,51" hai3="16,27,21,3,66,23,121,48,79,116,98,40,122"/><W11/><G116/><T103/><D128/><U80/><E109/><V135/><F104/><N who="1" m="39977" /><E102/><V15/><F110/><W2/><G66/><T60/><D72/><U22/><E4/><V82/><F64/><W115/><G115/><N who="1" m="44074" /><E119/><V69/><F36/><W108/><G108/><T120/><D120/><U9/><E9/><V91/><F47/><W61/><G61/><T93/><D78/><N who="1" m="44111" /><E31/><V129/><F77/><W5/><G2/><T97/><D95/><U17/><E20/><AGARI ba="2,1" hai="20,26,28,53,54,57,59,60,62,86,87,93,97,103" machi="20" ten="30,3900,0" yaku="7,1,9,1,8,1" doraHai="45" who="0" fromWho="1" sc="265,55,257,-45,291,0,177,0" owari="320,42,212,-19,291,9,177,-32" /></mjloggm>