<mjloggm ver="2.3"><GO type="41"/><UN n0="%E6%B8%B8%E9%80%81" n1="%E3%81%84%E3%81%A3%E3%81%A8%E3%81%86%E3%81%8B" n2="%E3%82%A6%E3%83%AB%E3%83%88%E3%83%A9%E7%AB%8B%E7%9B%B4" n3="%E3%82%B4%E3%83%BC%E3%83%9E%E3%83%8B%E3%82%BA%E3%83%A0%E9%BA%BB%E9%9B%80" dan="15,14,14,13" rate="1959,1859,1928,2034" sx="M,M,M,M"/><TAIKYOKU oya="0"/><INIT seed="0,0,0,4,3,24" ten="250,250,250,250" oya="0" hai0="52,108,98,118,25,76,131,96,68,86,116,75,102" hai1="84,70,129,79,22,78,128,89,57,114,124,87,45" hai2="8,74,100,115,130,43,62,10,95,35,9,88,4" hai3="127,2,27,92,69,107,82,121,18,81,42,67,110"/><T48/><D75/><U17/><E70/><V61/><F74/><W36/><G107/><T77/><D68/><U53/><E45/><V85/><F115/><W97/><G2/><T104/><D131/><U7/><E114/><V5/><F130/><W15/><G36/><T113/><D113/><U65/><E124/><V63/><F35/><W99/><G42/><T41/><D41/><U29/><E128/><V39/><F39/><W46/><G46/><T16/><D96/><U134/><E129/><V38/><F38/><W103/><G127/><T72/><D86/><U51/><E134/><V54/><F43/><W73/><G97/><T135/><D135/><U32/><E65/><V119/><F119/><W133/><G27/><T1/><D1/><U28/><E7/><V101/><F54/><W37/><G37/><T14/><D25/><U33/><E33/><V21/><F21/><N who="3" m="11487" /><G133/><T60/><D60/><U13/><E32/><V47/><F47/><W71/><G71/><T64/><D64/><U83/><E79/><V125/><F125/><W12/><G12/><T126/><D126/><U0/><E0/><V66/><F66/><W50/><G121/><T49/><D49/><U56/><E57/><V40/><F40/><W23/><G50/><T59/><D108/><U34/><E34/><V106/><F106/><W105/><G105/><T91/><D72/><U109/><E109/><V19/><F19/><W26/><G73/><T20/><REACH who="0" step="1"/><D91/><REACH who="0" step="2"/><U30/><E87/><V6/><AGARI ba="0,1" hai="4,5,6,8,9,10,61,62,63,85,88,95,100,101" machi="6" ten="40,8000,1" yaku="0,1,29,2,8,1,54,1" doraHai="24" who="2" fromWho="2" sc="240,-40,250,-20,250,90,250,-20" /><INIT seed="1,0,0,2,3,101" ten="200,230,340,230" oya="1" hai0="36,110,40,16,135,117,42,130,119,3,35,75,5" hai1="64,73,0,124,109,15,43,100,129,30,123,108,61" hai2="38,96,79,53,17,127,31,59,49,132,104,85,111" hai3="128,27,112,14,6,26,107,52,39,98,88,120,95"/><U62/><E123/><V78/><F38/><W69/><G120/><T89/><D35/><U8/><E0/><V67/><F127/><W47/><G69/><T113/><D113/><U2/><E2/><V74/><F74/><W103/><G112/><T45/><D75/><U60/><E124/><V72/><F72/><W126/><G128/><T131/><D42/><U21/><E129/><N who="0" m="49161" /><D110/><N who="1" m="42603" /><E73/><V7/><F111/><W134/><G126/><T55/><D135/><U122/><E122/><V82/><F132/><W105/><G134/><T133/><D133/><U13/><E43/><V115/><F115/><W97/><G39/><T76/><D76/><U34/><E34/><V28/><F7/><W33/><G33/><T65/><D65/><U51/><E51/><V11/><F78/><W20/><G105/><T116/><D55/><U92/><E92/><V66/><F66/><W10/><REACH who="3" step="1"/><G20/><REACH who="3" step="2"/><T23/><D117/><U99/><E64/><V48/><F67/><W25/><G25/><N who="0" m="14567" /><D89/><U94/><E8/><AGARI ba="0,1" hai="3,5,8,36,40,45,116,119" m="14567,49161" machi="8" ten="30,2000,0" yaku="19,1,54,1" doraHai="101" who="0" fromWho="1" sc="200,30,230,-20,340,0,220,0" /><INIT seed="2,0,0,4,2,36" ten="230,210,340,220" oya="2" hai0="77,90,8,83,6,119,53,117,70,66,91,111,13" hai1="80,98,73,71,99,68,45,103,128,41,30,121,56" hai2="127,85,17,57,96,54,110,106,69,61,22,131,72" hai3="1,48,120,124,125,15,88,129,112,20,5,46,81"/><V24/><F72/><W135/><G120/><T38/><D38/><U43/><E121/><V82/><F127/><W107/><G107/><T65/><D111/><U14/><E128/><V132/><F131/><W60/><G129/><T114/><D114/><U10/><E30/><V92/><F106/><W76/><G112/><T34/><D34/><U3/><E3/><V44/><F69/><W115/><G115/><T93/><D53/><U78/><E99/><V37/><F110/><W33/><G33/><T62/><D66/><U133/><E133/><V89/><F132/><W16/><G135/><T49/><D49/><U64/><E68/><V12/><F12/><W35/><G35/><T94/><D94/><U19/><E71/><V134/><F134/><W51/><G60/><T28/><D28/><U102/><E102/><V2/><F2/><W21/><G21/><T108/><D108/><U104/><REACH who="1" step="1"/><E45/><REACH who="1" step="2"/><V100/><F44/><W105/><G46/><T84/><REACH who="0" step="1"/><D91/><REACH who="0" step="2"/><U97/><E97/><AGARI ba="0,2" hai="6,8,13,62,65,70,77,83,84,90,93,97,117,119" machi="97" ten="40,2600,0" yaku="1,1,2,1,53,0" doraHai="36" doraHaiUra="23" who="0" fromWho="1" sc="220,46,200,-26,340,0,220,0" /><INIT seed="3,0,0,0,2,119" ten="266,174,340,220" oya="3" hai0="34,5,135,114,59,13,123,23,55,17,41,131,22" hai1="50,63,48,4,27,2,78,98,117,127,100,121,8" hai2="124,91,93,129,7,29,49,24,66,73,76,122,102" hai3="21,56,53,52,15,75,101,16,103,19,120,61,57"/><W79/><G120/><T104/><D34/><U62/><E117/><V92/><F66/><W134/><G134/><T30/><D104/><U116/><E116/><V25/><F25/><N who="3" m="14503" /><G79/><T77/><D135/><U88/><E127/><V80/><F24/><W20/><G75/><T18/><D131/><U54/><E78/><V82/><F29/><W60/><AGARI ba="0,0" hai="15,19,20,52,53,56,57,60,61,101,103" m="14503" machi="60" ten="30,6000,0" yaku="8,1,54,2" doraHai="119" who="3" fromWho="3" sc="266,-20,174,-20,340,-20,220,60" /><INIT seed="3,1,0,5,4,99" ten="246,154,320,280" oya="3" hai0="24,74,92,30,121,5,35,75,105,63,94,52,4" hai1="95,77,73,31,18,113,106,82,68,53,16,79,9" hai2="128,40,84,133,117,120,33,134,102,83,13,23,61" hai3="44,62,20,65,118,131,60,80,34,124,66,8,87"/><W45/><G34/><T58/><D105/><U32/><E113/><V26/><F117/><W67/><G118/><T135/><D121/><U108/><E108/><V104/><F40/><W59/><G131/><T86/><D135/><N who="2" m="51722" /><F61/><N who="3" m="23659" /><G124/><T42/><D42/><U57/><E68/><V36/><F36/><W103/><G59/><T89/><REACH who="0" step="1"/><D94/><REACH who="0" step="2"/><U78/><E106/><V98/><F120/><W11/><G66/><T10/><D10/><U69/><E95/><V55/><F128/><W132/><G67/><T54/><D54/><U107/><E107/><V115/><F55/><W91/><G65/><T41/><D41/><U14/><E69/><V88/><F115/><W129/><G129/><T49/><D49/><U130/><E130/><V81/><F81/><W97/><G132/><T51/><D51/><U71/><E71/><V48/><F48/><W29/><G8/><T37/><D37/><U64/><E64/><V72/><F83/><W119/><G11/><T15/><D15/><U110/><E110/><V114/><F114/><W38/><G38/><T85/><D85/><U17/><E53/><V7/><F13/><W126/><G119/><T3/><D3/><U123/><E123/><V46/><F84/><W25/><G126/><T125/><D125/><U47/><E57/><V43/><F43/><W2/><G2/><T112/><D112/><U90/><E47/><V111/><F46/><W101/><G97/><T122/><D122/><U70/><E70/><V27/><F98/><W76/><G44/><T0/><D0/><U19/><E14/><V21/><F104/><W127/><G45/><RYUUKYOKU ba="1,1" sc="236,30,154,-10,320,-10,280,-10" hai0="4,5,24,30,35,52,58,63,74,75,86,89,92" /><INIT seed="4,2,1,1,4,90" ten="266,144,310,270" oya="0" hai0="42,97,34,87,67,12,26,75,100,4,91,66,123" hai1="131,68,120,88,54,60,46,108,63,101,59,106,25" hai2="129,93,107,128,11,16,2,18,41,94,134,7,117" hai3="92,105,39,124,23,73,56,30,83,19,130,114,121"/><T55/><D75/><U52/><E101/><V58/><F107/><W104/><G39/><T78/><D123/><U43/><E106/><V69/><F69/><W14/><G114/><T85/><D78/><U109/><E25/><V38/><F117/><W112/><G112/><T22/><D34/><U5/><E5/><V70/><F70/><W80/><G121/><T35/><D42/><U89/><E120/><V118/><F118/><W96/><G130/><N who="2" m="50281" /><F134/><W37/><G37/><T125/><D125/><U86/><E131/><V113/><F113/><W0/><G0/><T3/><D3/><U20/><E20/><V32/><F32/><W50/><G124/><T71/><D55/><U115/><E115/><V79/><F79/><W33/><G105/><T9/><D35/><U29/><E29/><V82/><F82/><W127/><G104/><T1/><D1/><U13/><E13/><V122/><F122/><W64/><G73/><T103/><D85/><U81/><E89/><V47/><F58/><W76/><G76/><T15/><D71/><U36/><E68/><V74/><F74/><W48/><G127/><T51/><D15/><U132/><E132/><V44/><F44/><W126/><G126/><T31/><D103/><U95/><E81/><N who="3" m="31306" /><G33/><T27/><D100/><U72/><E72/><V116/><F116/><W133/><G30/><T102/><D102/><U6/><E6/><V98/><F98/><W8/><G133/><T77/><D77/><U119/><E119/><V62/><F62/><N who="3" m="37959" /><G23/><T110/><D31/><U99/><E99/><V21/><F21/><W17/><G17/><AGARI ba="2,1" hai="2,7,11,16,17,18,38,41,47,93,94" m="50281" machi="17" ten="30,8000,1" yaku="6,1,19,1,52,2,54,1" doraHai="90" who="2" fromWho="3" sc="266,0,144,0,310,96,270,-86" /><INIT seed="5,0,0,0,0,67" ten="266,144,406,184" oya="1" hai0="32,71,59,86,38,77,35,21,125,27,7,14,29" hai1="44,36,134,79,34,23,30,75,70,63,62,22,112" hai2="135,119,109,8,92,118,120,43,87,78,111,98,102" hai3="52,90,69,56,107,93,130,45,25,72,133,47,68"/><U123/><E123/><V57/><F57/><W64/><G107/><T3/><D38/><U58/><E34/><N who="0" m="12841" /><D59/><U26/><E134/><V132/><F8/><W61/><G72/><T83/><D71/><U15/><E112/><V1/><F1/><W91/><G133/><N who="2" m="51273" /><F43/><W0/><G0/><T37/><D37/><U88/><E75/><V41/><F41/><W49/><G130/><T115/><D86/><U84/><E79/><V66/><F66/><W17/><G45/><T65/><D83/><U89/><E36/><V85/><F120/><W51/><G51/><T99/><D99/><U39/><E39/><V6/><F6/><W76/><G76/><T97/><D97/><U19/><E44/><V46/><F46/><W127/><G127/><T96/><D96/><U2/><E2/><V31/><F31/><W9/><G91/><T131/><D77/><U12/><E12/><V53/><F53/><W11/><G11/><N who="0" m="2559" /><D65/><U122/><E122/><V33/><F33/><W10/><G10/><T100/><D100/><U60/><E70/><V114/><F87/><W73/><G73/><T124/><D131/><U104/><E104/><V117/><F85/><W108/><G68/><T4/><D115/><U103/><E103/><V18/><F78/><W54/><G69/><T48/><D48/><U82/><REACH who="1" step="1"/><E89/><REACH who="1" step="2"/><V24/><F114/><W126/><G90/><T116/><D116/><U105/><E105/><V80/><F80/><W42/><G56/><AGARI ba="0,1" hai="15,19,22,23,26,30,56,58,60,62,63,82,84,88" machi="56" ten="40,7700,0" yaku="1,1,8,1,54,1,53,0" doraHai="67" doraHaiUra="74" who="1" fromWho="3" sc="266,0,134,87,406,0,184,-77" /><INIT seed="5,1,0,1,3,23" ten="266,221,406,107" oya="1" hai0="37,27,2,104,43,6,90,111,106,25,133,61,96" hai1="74,129,103,87,42,34,16,7,97,17,135,114,82" hai2="105,77,108,95,12,102,14,30,110,19,117,65,71" hai3="119,78,99,98,48,91,55,51,52,92,83,128,44"/><U86/><E129/><V70/><F117/><W0/><G0/><T62/><D111/><U26/><E135/><V131/><F105/><W39/><G39/><T53/><D133/><U11/><E114/><V32/><F77/><W118/><G128/><T66/><D106/><U79/><E74/><V88/><F131/><W4/><G4/><T50/><D37/><U94/><E87/><V84/><F102/><W123/><G123/><T127/><D127/><U115/><E115/><V125/><F125/><W49/><G49/><T69/><D43/><U132/><E132/><V18/><F70/><W47/><REACH who="3" step="1"/><G99/><REACH who="3" step="2"/><T60/><D2/><U59/><E7/><V89/><F110/><W100/><G100/><T40/><D6/><U21/><E103/><V63/><F108/><W75/><AGARI ba="1,1" hai="44,47,48,51,52,55,75,78,83,91,92,98,118,119" machi="75" ten="30,7900,0" yaku="1,1,0,1,9,1,54,1,53,0" doraHai="23" doraHaiUra="67" who="3" fromWho="3" sc="266,-21,221,-40,406,-21,97,92" /><INIT seed="6,0,0,0,5,73" ten="245,181,385,189" oya="2" hai0="7,129,57,133,58,19,119,45,13,47,108,116,111" hai1="34,8,41,102,3,83,123,53,20,38,21,112,25" hai2="89,134,49,27,30,6,31,4,35,124,14,24,87" hai3="43,82,101,130,98,64,59,81,95,84,121,16,11"/><V76/><F124/><W127/><G121/><T26/><D26/><U40/><E123/><V75/><F134/><W56/><G127/><T120/><D120/><U52/><E34/><V60/><F60/><W86/><G43/><T107/><D107/><U92/><E112/><V69/><F69/><W46/><G46/><N who="0" m="17419" /><D7/><U90/><E38/><V125/><F125/><W109/><G109/><N who="0" m="42059" /><D133/><U80/><E102/><V128/><F49/><W91/><G130/><T63/><D129/><U51/><E3/><V115/><F115/><W5/><G64/><T28/><D28/><U104/><E104/><V15/><F128/><W77/><REACH who="3" step="1"/><G16/><REACH who="3" step="2"/><T126/><D126/><U131/><E131/><V93/><F4/><W23/><G23/><T117/><D63/><U110/><E21/><AGARI ba="0,1" hai="13,19,21,57,58,116,117,119" m="42059,17419" machi="21" ten="40,1300,0" yaku="12,1" doraHai="73" who="0" fromWho="1" sc="245,23,181,-13,385,0,179,0" /><INIT seed="7,0,0,4,1,57" ten="268,168,385,179" oya="3" hai0="88,83,91,93,29,8,33,48,59,65,119,110,126" hai1="32,74,44,129,17,12,58,22,1,81,46,35,73" hai2="66,86,10,96,89,37,2,94,90,63,4,135,45" hai3="42,47,68,56,128,122,76,40,30,70,41,38,67"/><W26/><G122/><T54/><D110/><U107/><E129/><V19/><F135/><W82/><G128/><T72/><D119/><U79/><E107/><V84/><F19/><W55/><G68/><T53/><D126/><U36/><E74/><V71/><F37/><W23/><G67/><T7/><D65/><U61/><E1/><V6/><F45/><W75/><REACH who="3" step="1"/><G70/><REACH who="3" step="2"/><T3/><D59/><U116/><E116/><V112/><F112/><W115/><G115/><T77/><D54/><U106/><E106/><V117/><F117/><W98/><G98/><T69/><D53/><U87/><E73/><V34/><F96/><W25/><G25/><T99/><D69/><U27/><E27/><V132/><F71/><W102/><G102/><T31/><D99/><U15/><E15/><V109/><F66/><W13/><G13/><T5/><D72/><U11/><E11/><V108/><F10/><W60/><AGARI ba="0,1" hai="23,26,30,38,40,41,42,47,55,56,60,75,76,82" machi="60" ten="20,7800,0" yaku="1,1,0,1,7,1,52,1,53,0" doraHai="57" doraHaiUra="64" who="3" fromWho="3" sc="268,-26,168,-26,385,-26,169,88" /><INIT seed="7,1,0,2,0,48" ten="242,142,359,257" oya="3" hai0="19,26,35,98,59,29,5,7,32,11,101,2,96" hai1="42,37,55,12,0,14,70,9,53,130,133,8,45" hai2="58,105,66,100,30,79,40,52,127,23,78,132,84" hai3="116,68,3,74,64,115,28,62,135,94,21,114,82"/><W90/><G116/><T13/><D96/><U93/><E133/><V69/><F127/><W110/><G3/><T134/><D134/><U119/><E119/><V126/><F40/><W83/><G135/><T46/><D46/><U111/><E111/><V77/><F126/><W122/><G122/><T51/><D51/><U31/><E70/><V92/><F105/><W34/><G34/><N who="0" m="20791" /><D59/><U4/><E0/><V65/><F69/><W106/><G106/><T38/><D98/><U102/><E130/><V121/><F121/><W16/><G28/><T50/><D50/><U25/><E93/><V103/><F132/><W10/><G10/><N who="0" m="2359" /><D101/><U75/><E102/><V20/><F103/><W125/><G125/><T72/><D72/><U80/><E80/><V18/><F100/><W15/><G110/><T118/><D38/><U54/><E75/><V109/><F109/><W89/><G89/><T60/><D60/><U73/><E73/><V76/><F76/><W97/><REACH who="3" step="1"/><G74/><REACH who="3" step="2"/><T87/><D118/><U67/><E67/><V112/><F66/><W71/><G71/><T57/><D87/><U43/><E37/><V33/><F65/><W61/><G61/><T47/><D47/><U108/><E108/><V91/><F79/><W49/><G49/><T117/><D117/><U63/><E45/><V24/><F33/><N who="0" m="12874" /><D57/><U17/><E63/><N who="2" m="36295" /><F77/><W95/><G95/><T120/><D120/><U85/><E85/><V88/><F78/><W86/><G86/><T6/><AGARI ba="1,1" hai="6,7,11,13,19" m="12874,2359,20791" machi="6" ten="30,8000,1" yaku="35,5" doraHai="48" who="0" fromWho="0" sc="242,93,142,-21,359,-21,247,-41" owari="335,14,121,-38,338,43,206,-19" /></mjloggm>