<mjloggm ver="2.3"><GO type="11"/><UN n0="%4E%6F%4E%61%6D%65" n1="%E3%82%A6%E3%83%AB%E3%83%88%E3%83%A9%E7%AB%8B%E7%9B%B4" n2="%6B%72%61%6E%7A" n3="%68%6F%6C%69%63%32" dan="0,6,6,0" rate="1500,1645,1607,1500" sx="M,M,M,M"/><TAIKYOKU oya="0"/><INIT seed="0,0,0,1,2,13" ten="250,250,250,250" oya="0" hai0="133,112,79,14,1,53,45,93,9,10,56,88,115" hai1="59,61,106,130,35,44,52,54,83,70,40,98,36" hai2="110,47,7,46,124,28,5,21,30,118,26,75,16" hai3="92,84,126,6,73,57,50,113,12,32,58,72,122" shuffle="mt19937ar,48FABC31,153F9C30,977A06CD,58AB93E2,39FD12E3,448FDD8D,F0E3AD6F,A468B223"/><T80/><D133/><U104/><E35/><V119/><F75/><W48/><G113/><T18/><D1/><U11/><E106/><V66/><F66/><W77/><G77/><T86/><D115/><U111/><E104/><V107/><F107/><W17/><G6/><N who="2" m="2057" /><F124/><W99/><G32/><T69/><D112/><U82/><E11/><V2/><F110/><W116/><G116/><N who="2" m="44585" /><F2/><W91/><G99/><T51/><D69/><U64/><E111/><V102/><F102/><W120/><G12/><T100/><D100/><U125/><E125/><V96/><F96/><W81/><G81/><T90/><D90/><U121/><E98/><V31/><F47/><W4/><G4/><T43/><D10/><U0/><E0/><V25/><F46/><W97/><G97/><T3/><D3/><U15/><E83/><V38/><F38/><W94/><G84/><T127/><D127/><U87/><E121/><N who="3" m="46698" /><G91/><T101/><D101/><U76/><E15/><AGARI ba="0,0" hai="15,16,21,25,26,28,30,31" m="44585,2057" machi="15" ten="30,7700,0" yaku="12,1,34,2,52,1" doraHai="13" who="2" fromWho="1" sc="250,0,250,-77,250,77,250,0" /><INIT seed="1,0,0,3,2,94" ten="250,173,327,250" oya="1" hai0="79,29,76,33,44,126,22,102,116,17,127,110,14" hai1="90,37,64,2,65,21,58,1,120,36,109,112,83" hai2="50,84,117,77,111,81,4,25,5,20,125,107,67" hai3="129,108,123,85,86,23,9,57,73,115,62,105,60" shuffle="mt19937ar,5D6F0CE7,C357FB03,9C67CBDE,518E5F3F,D648ADEB,BD148B4A,AB53C2C3,41F8F530"/><U56/><E90/><V38/><F38/><W69/><G108/><T34/><D116/><U104/><E83/><V132/><F117/><W97/><G115/><T49/><D110/><U82/><E82/><V89/><F111/><W63/><G123/><T91/><D29/><U124/><E109/><V0/><F132/><W15/><G23/><T99/><D91/><U43/><E21/><V12/><F125/><N who="0" m="47626" /><D34/><U18/><E124/><V42/><F0/><W135/><G69/><T72/><D72/><U96/><E96/><V31/><F67/><W27/><G57/><T39/><D39/><U68/><E18/><V80/><F107/><W103/><G27/><T6/><D6/><U8/><E8/><V54/><F42/><W45/><G45/><T75/><D75/><U41/><E104/><V93/><F81/><W114/><G73/><T61/><D61/><N who="3" m="15617" /><W92/><DORA hai="106" /><G105/><N who="0" m="63711" /><D33/><U16/><E16/><V13/><F5/><W98/><G92/><T128/><D128/><U101/><E101/><V133/><F4/><W74/><G74/><T24/><D24/><U11/><E11/><V40/><F40/><AGARI ba="0,0" hai="14,17,22,40,44,49,76,79" m="63711,47626" machi="40" ten="30,2000,0" yaku="18,1,52,1" doraHai="94,106" who="0" fromWho="2" sc="250,20,173,0,327,-20,250,0" /><INIT seed="2,0,0,3,3,7" ten="270,173,307,250" oya="2" hai0="82,103,27,60,111,105,95,119,93,100,116,23,102" hai1="58,8,44,37,9,115,32,124,55,67,13,106,125" hai2="109,76,121,68,51,101,21,123,25,40,1,24,34" hai3="135,53,65,30,22,81,19,48,0,134,88,108,114" shuffle="mt19937ar,1C11B6E3,8B8182C3,34E0793A,2DFB98C0,4177F00A,C7238C06,3F12ECF2,612AD58E"/><V54/><F40/><W90/><G108/><T18/><D111/><U46/><E32/><V97/><F34/><W89/><G0/><T15/><D105/><U132/><E106/><V43/><F43/><W17/><G81/><T117/><D82/><U49/><E115/><V91/><F1/><W20/><G30/><T11/><REACH who="0" step="1"/><D60/><REACH who="0" step="2"/><N who="1" m="38295" /><E13/><V66/><F123/><W73/><G65/><T78/><D78/><U59/><E132/><N who="3" m="50730" /><G73/><T10/><D10/><N who="1" m="4203" /><E37/><V104/><F121/><W120/><G120/><T75/><D75/><U92/><E92/><V118/><F109/><W74/><G74/><T84/><D84/><U127/><AGARI ba="0,1" hai="44,46,49,55,59,124,125,127" m="4203,38295" machi="127" ten="40,8000,1" yaku="18,1,52,3" doraHai="7" who="1" fromWho="1" sc="260,-20,173,90,307,-40,250,-20" /><INIT seed="3,0,0,5,4,31" ten="240,263,267,230" oya="3" hai0="96,127,134,86,42,60,117,45,20,34,89,17,21" hai1="100,56,73,108,3,71,14,106,131,74,33,116,66" hai2="30,24,79,7,93,48,18,12,62,87,53,38,133" hai3="37,57,23,8,55,84,83,69,50,40,0,5,51" shuffle="mt19937ar,B44FC491,0755CC6D,4006A0B7,20075DBD,36642A68,54E561D6,BED0D913,FABA138E"/><W29/><G23/><T124/><D117/><U125/><E56/><V126/><F38/><W36/><G29/><T81/><D34/><U77/><E14/><V25/><F126/><N who="0" m="48170" /><D21/><U91/><E91/><V52/><F133/><W101/><G69/><T47/><D47/><U98/><E77/><V75/><F75/><W64/><G101/><T114/><D96/><U26/><E26/><V132/><F132/><W32/><G64/><T76/><D60/><U85/><E85/><V111/><F111/><W120/><G120/><T70/><D70/><U110/><E110/><V39/><F39/><W58/><G40/><T2/><D2/><U9/><E9/><V11/><F62/><W123/><G123/><T28/><D28/><U129/><E66/><V22/><F52/><W135/><G135/><T92/><D134/><U109/><E71/><V63/><F63/><W88/><REACH who="3" step="1"/><G32/><REACH who="3" step="2"/><T4/><D114/><U80/><E33/><V115/><F115/><W41/><G41/><T119/><D119/><U65/><E125/><V54/><F25/><W118/><G118/><T99/><D42/><U95/><E65/><V112/><F112/><W107/><G107/><T128/><D20/><U1/><E106/><V49/><F30/><W72/><G72/><T46/><D128/><N who="1" m="49227" /><E73/><V13/><F24/><W35/><G35/><T10/><D10/><U103/><E103/><V19/><F22/><W104/><G104/><T94/><D94/><U113/><E113/><V82/><F93/><W68/><G68/><T105/><D92/><U90/><E116/><V44/><F13/><W121/><G121/><RYUUKYOKU ba="0,1" sc="240,-15,263,-15,267,15,220,15" hai2="7,11,12,18,19,44,48,49,53,54,79,82,87" hai3="0,5,8,36,37,50,51,55,57,58,83,84,88" /><INIT seed="3,1,1,3,4,69" ten="225,248,282,235" oya="3" hai0="26,60,94,40,126,10,85,71,72,66,111,45,124" hai1="73,106,68,67,90,108,4,24,12,127,22,49,7" hai2="100,131,70,9,58,17,27,23,16,129,34,121,75" hai3="59,88,112,39,20,91,83,1,53,113,119,33,96" shuffle="mt19937ar,F7A3BC9E,3B5C77CA,6C68BC44,AD31DFD3,F42EDA03,2814A116,9F593C11,151F50CE"/><W101/><G83/><T6/><D111/><U44/><E106/><V134/><F70/><W52/><G119/><T97/><D85/><U125/><E73/><V54/><F75/><W79/><G79/><T82/><D26/><U48/><E108/><V80/><F121/><W78/><G78/><N who="0" m="44359" /><D97/><U21/><E67/><V51/><F134/><W3/><G20/><T47/><D47/><U81/><E68/><V25/><F100/><W0/><G33/><T107/><D94/><U2/><E2/><N who="3" m="514" /><W128/><DORA hai="117" /><G59/><T18/><D6/><U89/><E81/><V114/><F114/><N who="3" m="44139" /><G101/><T35/><D10/><U13/><E44/><V123/><F123/><W55/><G96/><T11/><D11/><U30/><E24/><V98/><F98/><W64/><G64/><T87/><D87/><U84/><E84/><V50/><F80/><W135/><G135/><T31/><D18/><U86/><E86/><V99/><F99/><W56/><G56/><T76/><D76/><U122/><REACH who="1" step="1"/><E30/><REACH who="1" step="2"/><V120/><F120/><AGARI ba="1,2" hai="4,7,12,13,21,22,48,49,89,90,120,122,125,127" machi="120" ten="25,12000,2" yaku="1,1,2,1,22,2,52,2,53,0" doraHai="69,117" doraHaiUra="110,36" who="1" fromWho="2" sc="225,0,238,143,282,-123,235,0" /><INIT seed="4,0,0,0,2,28" ten="225,381,159,235" oya="0" hai0="25,57,39,14,63,38,55,37,10,60,61,22,54" hai1="42,52,113,16,68,70,46,7,74,58,40,99,121" hai2="106,80,73,53,17,48,64,114,87,86,90,13,45" hai3="92,102,71,122,8,50,27,69,15,119,85,84,100" shuffle="mt19937ar,CD913087,1BB2F213,37473468,2BBD966E,DE83BDBC,7841FD6A,526E3693,D813B8F5"/><T134/><D134/><U41/><E7/><V62/><F73/><W127/><G27/><T66/><D66/><U115/><E74/><V12/><F114/><N who="1" m="43529" /><E99/><V116/><F116/><W82/><G119/><T105/><D105/><U56/><E16/><V24/><F106/><W9/><G15/><T20/><D20/><U33/><E33/><V72/><F72/><W21/><G21/><T120/><D57/><N who="1" m="22123" /><E121/><V23/><REACH who="2" step="1"/><F87/><REACH who="2" step="2"/><W44/><G127/><T67/><D120/><U32/><E32/><V31/><F31/><W18/><G18/><T94/><D67/><U132/><E132/><V89/><F89/><W79/><G122/><T96/><D22/><U11/><E11/><N who="3" m="4170" /><G44/><T111/><D111/><U51/><AGARI ba="0,1" hai="40,41,42,46,51,52,68,70" m="22123,43529" machi="51" ten="40,8000,1" yaku="15,1,11,1,34,2" doraHai="28" who="1" fromWho="1" sc="225,-40,381,90,149,-20,235,-20" /><INIT seed="5,0,0,5,4,84" ten="185,471,129,215" oya="1" hai0="119,118,112,78,130,131,50,52,116,19,26,4,115" hai1="129,120,96,72,59,76,104,46,61,133,80,14,79" hai2="33,37,25,48,62,67,68,122,63,21,92,43,60" hai3="117,34,123,36,98,15,17,111,6,95,18,69,45" shuffle="mt19937ar,11087494,23B4E3BD,CECE9D27,02167ACB,025BF6AD,C2CF9616,9C3196D4,47D1D7AD"/><U89/><E120/><V40/><F33/><W109/><G111/><T107/><D107/><U91/><E79/><V81/><F81/><W94/><G109/><T39/><D78/><U77/><E77/><V41/><F92/><N who="3" m="35371" /><G98/><T121/><D39/><U134/><E46/><N who="2" m="23823" /><F25/><W28/><G36/><T30/><D52/><U38/><E14/><V74/><F74/><W103/><G45/><T47/><D121/><U114/><E38/><V102/><F102/><W56/><G56/><T3/><D50/><U105/><E59/><N who="2" m="37279" /><F21/><W9/><G103/><T127/><D47/><U16/><E61/><N who="2" m="23051" /><F122/><W31/><G69/><T2/><D127/><U135/><E16/><N who="3" m="6250" /><G123/><T100/><D100/><N who="1" m="62471" /><E105/><V35/><F35/><W11/><G34/><T10/><D3/><U12/><E12/><V42/><F68/><W132/><G15/><T65/><D19/><U24/><E24/><V85/><F85/><W125/><G6/><T106/><D106/><U101/><E101/><V87/><F87/><W20/><G20/><T0/><D0/><U53/><E133/><V108/><F108/><W66/><G66/><T58/><D65/><U27/><E27/><V128/><F128/><N who="0" m="49194" /><D58/><U13/><E129/><V90/><F90/><N who="1" m="34313" /><E13/><V64/><F64/><W51/><G51/><AGARI ba="0,0" hai="41,42,43,48,51" m="23051,37279,23823" machi="51" ten="30,8000,1" yaku="35,5" doraHai="84" who="2" fromWho="3" sc="185,0,471,0,129,80,215,-80" /><INIT seed="6,0,0,0,3,87" ten="185,471,209,135" oya="2" hai0="52,63,2,86,78,101,6,120,130,84,65,98,134" hai1="122,48,55,36,26,15,76,107,131,60,24,1,132" hai2="64,106,94,90,125,113,16,10,53,34,111,25,77" hai3="37,12,5,71,85,59,0,83,19,102,100,79,61" shuffle="mt19937ar,7467A527,050E5912,D83EC303,9E7D16E2,DBC21BEA,B33295C6,A9ACEA42,0D1E8FDA"/><V66/><F106/><W56/><G37/><T92/><D120/><U70/><E1/><V99/><F113/><W30/><G71/><T82/><D134/><U74/><E36/><V105/><F125/><W50/><G30/><T73/><D130/><U129/><E107/><V23/><F34/><W33/><G50/><T40/><D40/><U114/><E76/><V58/><F111/><W117/><G117/><T72/><D72/><U69/><E74/><V121/><F121/><W9/><G61/><T43/><D43/><U29/><E15/><V4/><F105/><W8/><REACH who="3" step="1"/><G33/><REACH who="3" step="2"/><T57/><REACH who="0" step="1"/><D52/><REACH who="0" step="2"/><U27/><E122/><V75/><F64/><W127/><G127/><T103/><D103/><AGARI ba="0,2" hai="0,5,8,9,12,19,56,59,79,83,85,100,102,103" machi="103" ten="40,1300,0" yaku="1,1,53,0" doraHai="87" doraHaiUra="109" who="3" fromWho="0" sc="175,-13,471,0,209,0,125,33" /><INIT seed="7,0,0,4,4,82" ten="162,471,209,158" oya="3" hai0="9,105,129,45,67,110,78,95,25,85,30,86,81" hai1="79,90,7,31,68,91,128,41,53,13,55,135,83" hai2="117,97,34,14,77,126,63,75,51,119,44,8,123" hai3="89,59,60,104,92,23,29,37,124,72,127,113,17" shuffle="mt19937ar,A08EED4F,F10B015F,A2FA455E,6E8790BA,0FC0BD1D,7DF3711D,9B61AB9F,ADC1ABA7"/><W84/><G37/><T2/><D110/><U54/><E68/><V130/><F123/><W131/><G29/><T64/><D129/><U33/><E33/><V108/><F108/><W1/><G72/><T132/><D105/><U15/><E135/><V11/><F34/><W48/><G48/><T52/><D132/><U57/><E128/><V28/><F28/><W112/><G104/><T88/><D2/><U50/><E31/><V122/><F122/><W106/><G106/><T46/><D46/><N who="1" m="25935" /><E57/><V98/><F130/><W16/><G131/><T40/><D52/><U36/><E36/><V27/><F27/><W6/><G1/><T94/><D94/><U18/><E7/><V47/><F126/><N who="3" m="48171" /><G6/><T134/><D9/><N who="1" m="6447" /><E15/><V100/><F63/><W116/><G23/><T62/><D62/><U125/><E125/><V0/><F0/><W32/><G32/><T12/><D12/><U26/><E26/><V3/><F3/><W35/><G35/><T93/><D93/><U80/><E79/><V102/><F75/><W10/><G10/><T70/><D70/><U109/><E109/><V5/><F77/><W120/><G120/><T69/><D69/><U56/><E56/><V103/><F51/><W19/><G116/><T87/><D87/><U38/><E38/><V71/><F71/><W58/><G58/><T42/><D42/><U121/><E121/><V118/><F11/><W65/><AGARI ba="0,0" hai="16,17,19,59,60,65,84,89,92,112,113" m="48171" machi="65" ten="40,3900,0" yaku="18,1,52,1" doraHai="82" who="3" fromWho="3" sc="162,-13,471,-13,209,-13,158,39" /><INIT seed="7,1,0,5,0,126" ten="149,458,196,197" oya="3" hai0="68,24,27,105,36,50,129,131,91,63,48,62,86" hai1="77,42,116,132,73,2,120,58,97,60,72,75,96" hai2="29,3,46,61,121,43,17,32,37,5,106,44,100" hai3="118,40,114,81,128,119,87,130,92,88,22,113,30" shuffle="mt19937ar,0C1AC979,2DC87C9F,4D2B934D,65A210AF,F719DB54,E36318EF,FE2281F9,A33AADA0"/><W125/><G40/><T108/><D108/><U34/><E34/><V79/><F17/><W133/><G22/><T104/><D36/><U9/><E120/><V35/><F121/><W67/><G30/><T11/><D11/><U54/><E77/><V7/><F7/><W110/><G67/><T13/><D13/><U64/><E132/><V57/><F79/><W66/><G81/><T93/><D68/><U16/><E116/><V102/><F46/><W135/><G66/><T103/><D103/><U71/><E42/><V45/><F45/><W12/><G12/><T53/><D53/><U6/><REACH who="1" step="1"/><E16/><REACH who="1" step="2"/><V134/><F134/><W31/><G31/><T84/><REACH who="0" step="1"/><D93/><REACH who="0" step="2"/><U28/><E28/><V82/><F29/><W65/><G65/><T76/><D76/><U83/><E83/><V111/><F106/><W122/><G122/><T23/><D23/><U95/><E95/><V39/><F32/><W49/><G49/><AGARI ba="1,2" hai="2,6,9,49,54,58,60,64,71,72,73,75,96,97" machi="49" ten="40,2600,0" yaku="1,1,53,1" doraHai="126" doraHaiUra="4" who="1" fromWho="3" sc="139,0,448,49,196,0,197,-29" owari="139,-36,497,59,196,0,168,-23" /></mjloggm>