<mjloggm ver="2.3"><GO type="193"/><UN n0="%6B%6F%6D%6F%6B%6F%6D%6F" n1="%E3%82%A6%E3%83%AB%E3%83%88%E3%83%A9%E7%AB%8B%E7%9B%B4" n2="%43%4F%52%52%49%4E" n3="%E3%81%A6%E3%82%93%E3%81%A8%E3%81%86%E3%82%80%E3%81%97" dan="11,12,12,13" rate="1567,1775,1688,1764" sx="M,M,M,M"/><TAIKYOKU oya="0"/><INIT seed="0,0,0,0,2,38" ten="250,250,250,250" oya="0" hai0="8,87,14,4,5,89,79,56,35,95,60,33,101" hai1="16,81,122,42,134,69,96,19,123,30,17,104,43" hai2="132,6,71,83,88,3,110,133,92,124,112,109,48" hai3="102,111,22,107,24,72,74,59,40,90,129,118,93" shuffle="mt19937ar,B9641B89,EE31EFC4,5FC6B083,3F5FF5D8,E5D063E9,86200B9C,15F71373,8AA51045"/><T66/><D5/><U54/><E134/><N who="2" m="51819" /><F71/><W27/><G118/><T10/><D10/><U98/><E69/><V47/><F112/><W106/><G111/><N who="2" m="42505" /><F124/><W0/><G0/><T121/><D121/><U50/><E30/><V78/><F3/><W97/><G129/><T68/><D68/><U100/><E81/><V120/><F120/><W29/><G27/><T23/><D23/><U11/><E11/><V84/><F6/><W77/><G77/><T9/><D9/><U117/><E117/><V1/><F1/><W26/><G26/><T44/><D44/><U86/><E86/><N who="2" m="52247" /><F48/><W21/><G21/><T55/><D79/><U13/><E13/><V103/><F47/><W20/><G20/><T41/><D41/><U128/><E128/><V63/><F63/><W39/><G59/><T99/><REACH who="0" step="1"/><D66/><REACH who="0" step="2"/><U64/><E64/><V80/><F80/><AGARI ba="0,1" hai="4,8,14,33,35,55,56,60,80,87,89,95,99,101" machi="80" ten="30,11600,0" yaku="1,1,2,1,7,1,53,1" doraHai="38" doraHaiUra="82" who="0" fromWho="2" sc="240,126,250,0,250,-116,250,0" /><INIT seed="0,1,0,3,5,16" ten="366,250,134,250" oya="0" hai0="129,52,97,99,115,96,130,84,67,66,51,21,119" hai1="22,82,24,74,6,10,88,18,35,43,31,85,58" hai2="116,75,123,9,45,68,5,111,117,56,57,86,69" hai3="65,0,128,14,73,8,63,76,55,92,15,30,98" shuffle="mt19937ar,79A61C32,E791637C,A608B8A4,F8DA7666,8C25413A,7B291F61,8BE6CCFD,8A0173C1"/><T42/><D115/><U122/><E74/><V72/><F123/><W109/><G128/><N who="0" m="49259" /><D119/><N who="2" m="45642" /><F111/><W133/><G109/><T125/><D42/><U32/><E122/><V83/><F68/><W127/><G127/><T79/><D125/><U41/><E58/><N who="2" m="22635" /><F45/><W107/><G107/><T36/><D36/><U20/><E35/><V103/><F103/><W59/><G133/><T49/><D79/><U134/><E134/><V48/><F48/><W1/><G76/><T25/><D51/><U135/><E135/><V77/><F69/><W29/><G73/><T50/><D84/><U118/><E118/><V64/><F64/><W126/><G126/><T93/><D93/><U47/><E47/><V100/><F100/><W17/><G0/><AGARI ba="1,0" hai="0,5,9,72,75,77,83,86" m="22635,45642" machi="0" ten="30,1000,0" yaku="12,1" doraHai="16" who="2" fromWho="3" sc="366,0,250,0,134,13,250,-13" /><INIT seed="1,0,0,1,3,105" ten="366,250,147,237" oya="1" hai0="76,64,99,37,83,69,63,29,62,61,40,50,59" hai1="52,26,94,128,56,43,80,16,106,72,57,123,36" hai2="48,89,117,12,35,95,115,132,126,119,75,55,131" hai3="33,67,114,10,129,30,92,121,23,116,44,53,122" shuffle="mt19937ar,93481104,1B531852,6E427F4C,8849274E,0195E77B,D7A5A804,B09BC178,3ED7CFDC"/><U25/><E123/><V78/><F35/><W90/><G114/><T39/><D29/><U86/><E106/><V104/><F104/><W14/><G33/><T103/><D76/><U22/><E128/><V113/><F131/><W19/><G129/><T31/><D83/><U71/><E71/><V130/><F130/><W32/><G32/><T70/><D31/><U38/><E57/><V81/><F12/><W118/><G67/><N who="0" m="41199" /><D103/><U47/><E94/><V3/><F3/><W15/><G44/><N who="0" m="25863" /><D99/><U125/><E125/><V1/><F1/><W41/><G41/><T79/><D79/><U54/><E38/><V102/><F102/><W20/><G53/><AGARI ba="0,0" hai="37,39,53,59,62,63,64,70" m="25863,41199" machi="53" ten="30,8000,1" yaku="35,5" doraHai="105" who="0" fromWho="3" sc="366,80,250,0,147,0,237,-80" /><INIT seed="2,0,0,1,0,52" ten="446,250,147,157" oya="2" hai0="10,60,26,28,76,15,71,7,74,102,35,133,49" hai1="56,58,97,119,34,134,21,84,121,117,99,39,3" hai2="103,51,65,83,66,48,18,101,96,80,12,41,89" hai3="46,42,129,111,81,61,70,108,98,0,135,64,113" shuffle="mt19937ar,85A3202F,16AD6249,6AFD0408,58BB6ACA,26092310,B4DCFEAB,EF87F8EA,17092284"/><V91/><F41/><W125/><G0/><T11/><D133/><U85/><E21/><V44/><F44/><W50/><G98/><T19/><D102/><U118/><E3/><V124/><F124/><W100/><G100/><T17/><D49/><U6/><E6/><V107/><F103/><W54/><G81/><T45/><D45/><U131/><E131/><V5/><F5/><W27/><G27/><T104/><D104/><U130/><E130/><V90/><F83/><W73/><G73/><T105/><D105/><U4/><E4/><V33/><F33/><W57/><G129/><T47/><D76/><U86/><E134/><V115/><F115/><W22/><G22/><T63/><D47/><U132/><E132/><V75/><F75/><W95/><G95/><T36/><D74/><U87/><N who="1" m="22016" /><DORA hai="37" /><U123/><E39/><V13/><F80/><W9/><G9/><T72/><D72/><U40/><E40/><V67/><REACH who="2" step="1"/><F12/><REACH who="2" step="2"/><W92/><G125/><T2/><D36/><U32/><E32/><V25/><F25/><W24/><G24/><N who="0" m="18823" /><D60/><U29/><E34/><V43/><F43/><N who="3" m="24927" /><G135/><T55/><D71/><U31/><E99/><V120/><F120/><N who="1" m="46153" /><E97/><V106/><F106/><W77/><G113/><T62/><D62/><U112/><E112/><V110/><F110/><N who="3" m="42027" /><G92/><T122/><D63/><U128/><E128/><V8/><AGARI ba="0,1" hai="8,13,18,48,51,65,66,67,89,90,91,96,101,107" machi="8" ten="30,3000,0" yaku="1,1,0,1,53,0" doraHai="52,37" doraHaiUra="38,53" who="2" fromWho="2" sc="446,-10,250,-10,137,40,157,-10" /><INIT seed="2,1,0,4,0,30" ten="436,240,177,147" oya="2" hai0="98,112,45,16,106,75,48,4,17,89,50,71,60" hai1="68,33,85,37,44,93,81,116,77,95,66,111,56" hai2="83,19,1,133,14,31,54,134,8,74,29,114,88" hai3="109,135,125,62,59,35,121,43,78,11,10,15,130" shuffle="mt19937ar,1980DD2B,49ACAD45,190FEE4C,8342DF30,E7968756,E28A5DD5,9FC12EEA,B1E290A3"/><V70/><F70/><W72/><G121/><T91/><D75/><U76/><E68/><V9/><F114/><W47/><G109/><T22/><D112/><U69/><E116/><V117/><F117/><W5/><G130/><T26/><D4/><U0/><E69/><V101/><F101/><W24/><G125/><T21/><D106/><U90/><E0/><V92/><F54/><W7/><G135/><N who="2" m="51721" /><F1/><W100/><G100/><T27/><D71/><U2/><E2/><V13/><F83/><W67/><G78/><T131/><D60/><U105/><E44/><V119/><F74/><W20/><G72/><T53/><D131/><U124/><E37/><V3/><F3/><W65/><G65/><T25/><D98/><U55/><E55/><V64/><F64/><W103/><G103/><T58/><D27/><U107/><E56/><V82/><F82/><W34/><G47/><T84/><D84/><N who="1" m="50447" /><E66/><V32/><F32/><W128/><G43/><AGARI ba="1,0" hai="16,17,21,22,25,26,43,45,48,50,53,58,89,91" machi="43" ten="30,7700,0" yaku="7,1,9,1,8,1,54,1" doraHai="30" who="0" fromWho="3" sc="436,80,240,0,177,0,147,-80" /><INIT seed="3,0,0,5,3,42" ten="516,240,177,67" oya="3" hai0="93,108,128,56,71,0,29,67,74,126,76,54,99" hai1="10,55,84,123,65,119,112,77,2,130,73,44,91" hai2="33,106,19,129,5,61,70,87,16,20,102,80,43" hai3="11,47,34,62,49,103,8,86,75,17,4,36,135" shuffle="mt19937ar,3BE87092,F318D1A4,080A23D2,075D9909,D2A35E67,567B888E,F25F406C,32CD183E"/><W72/><G34/><T79/><D0/><U63/><E112/><V94/><F106/><W90/><G36/><T133/><D133/><U7/><E123/><V95/><F33/><W118/><G118/><T110/><D126/><U124/><E124/><V23/><F129/><W105/><G135/><T21/><D128/><U30/><E130/><V46/><F70/><W45/><G103/><T58/><D29/><U127/><E127/><V12/><F5/><W83/><G105/><T131/><D131/><U14/><E2/><V85/><F61/><W38/><G38/><T6/><D6/><U1/><E1/><V120/><F120/><W132/><G132/><T66/><D74/><U92/><E30/><V3/><F3/><W40/><G62/><T68/><D21/><U60/><E119/><V48/><F102/><W82/><G82/><T69/><D99/><U98/><E73/><V101/><F101/><W78/><G78/><N who="0" m="29739" /><D93/><N who="2" m="35338" /><F80/><W113/><G113/><T28/><D28/><U122/><E122/><V125/><F125/><W97/><G97/><T89/><D89/><U32/><E32/><V37/><F37/><W121/><G121/><T52/><D67/><U50/><E65/><V116/><F116/><W15/><REACH who="3" step="1"/><G47/><REACH who="3" step="2"/><T51/><D66/><U88/><E77/><V104/><F104/><W27/><G27/><AGARI ba="0,1" hai="12,16,19,20,23,27,43,46,48,85,87" m="35338" machi="27" ten="30,3900,0" yaku="8,1,52,1,54,1" doraHai="42" who="2" fromWho="3" sc="516,0,240,0,177,49,57,-39" owari="516,51,240,-1,226,-12,18,-38" /></mjloggm>