<mjloggm ver="2.3"><GO type="97"/><UN n0="%E3%83%81%E3%83%BC%E3%83%94%E3%83%B3" n1="%E6%A4%85%E5%AD%90%E3%81%AE%E7%94%B7" n2="%5A%41%51" n3="%E3%82%A6%E3%83%AB%E3%83%88%E3%83%A9%E7%AB%8B%E7%9B%B4" dan="13,13,14,15" rate="1836,1832,1853,1962" sx="M,M,M,M"/><TAIKYOKU oya="0"/><INIT seed="0,0,0,4,5,80" ten="250,250,250,250" oya="0" hai0="116,135,74,126,75,34,121,63,49,36,97,72,2" hai1="132,44,105,4,13,78,24,81,47,94,28,111,26" hai2="56,83,61,115,96,69,101,86,52,119,67,29,122" hai3="88,95,25,73,18,54,98,114,48,53,32,71,11"/><T104/><RYUUKYOKU type="yao9" ba="0,0" sc="250,0,250,0,250,0,250,0" hai0="2,34,36,49,63,72,74,75,97,104,116,121,126,135" /><INIT seed="0,1,0,3,0,50" ten="250,250,250,250" oya="0" hai0="63,129,7,80,14,62,40,41,25,73,2,75,125" hai1="21,23,44,15,42,61,131,97,112,88,13,90,16" hai2="81,24,91,65,83,58,29,46,8,107,27,109,49" hai3="36,45,11,132,57,51,60,64,113,33,93,28,3"/><T98/><D2/><U127/><E127/><V66/><F107/><W135/><G28/><T10/><D125/><U34/><E34/><V86/><F27/><W77/><G33/><T110/><D129/><U84/><E131/><V124/><F124/><W47/><G77/><T79/><D75/><U78/><E78/><V74/><F109/><W26/><G26/><T115/><D115/><U32/><E32/><V120/><F120/><W5/><G93/><T121/><D121/><U94/><E61/><V95/><F8/><W103/><G103/><T87/><D110/><U39/><E112/><V4/><F4/><W96/><G96/><T71/><D73/><U130/><E130/><V6/><F6/><W118/><G118/><T102/><D25/><U0/><E0/><V67/><F74/><W20/><G20/><T116/><D116/><U17/><REACH who="1" step="1"/><E84/><REACH who="1" step="2"/><V12/><F67/><W108/><G113/><T72/><D72/><U19/><E19/><V55/><F66/><W128/><G108/><T99/><D99/><U56/><E56/><V37/><F65/><W35/><G35/><T52/><D71/><U126/><E126/><V18/><F18/><W43/><REACH who="3" step="1"/><G128/><REACH who="3" step="2"/><T114/><D114/><U89/><AGARI ba="1,2" hai="13,15,16,17,21,23,39,42,44,88,89,90,94,97" machi="89" ten="20,12000,2" yaku="1,1,0,1,7,1,9,1,54,2,53,0" doraHai="50" doraHaiUra="100" who="1" fromWho="1" sc="250,-61,240,143,250,-31,240,-31" /><INIT seed="1,0,0,4,0,81" ten="189,383,219,209" oya="1" hai0="121,116,99,72,10,106,88,38,11,122,91,105,44" hai1="22,135,7,110,94,118,39,14,71,17,112,34,61" hai2="93,49,26,65,12,82,87,114,24,73,123,108,132" hai3="35,107,120,115,86,25,104,15,48,111,129,5,109"/><U100/><E118/><V64/><F123/><N who="0" m="47114" /><D116/><U59/><E71/><V57/><F12/><W95/><G115/><T51/><D72/><U18/><E34/><V102/><F26/><W70/><G70/><T19/><D19/><U20/><E39/><V63/><F24/><W84/><G120/><T92/><D38/><U124/><E7/><V133/><F49/><W60/><G60/><T9/><D91/><U113/><E110/><N who="3" m="41994" /><G95/><T1/><D1/><U29/><E29/><V50/><F50/><W83/><G83/><T3/><D3/><U23/><E135/><N who="2" m="51787" /><F65/><W74/><G74/><T67/><D67/><U66/><E124/><V33/><F33/><W42/><G129/><T68/><D68/><U130/><E130/><V41/><F64/><W89/><G89/><T127/><D127/><U75/><E75/><V101/><F114/><W47/><G104/><T126/><D126/><U45/><E45/><V4/><F63/><W134/><G107/><T117/><D117/><U131/><E131/><V128/><F128/><W32/><G134/><T46/><D46/><U16/><E14/><V125/><F125/><W78/><G78/><T43/><AGARI ba="0,0" hai="9,10,11,43,44,51,88,92,99,105,106" m="47114" machi="43" ten="30,2000,0" yaku="13,1,54,1" doraHai="81" who="0" fromWho="0" sc="189,20,383,-10,219,-5,209,-5" /><INIT seed="2,0,0,5,3,135" ten="209,373,214,204" oya="2" hai0="50,26,117,30,62,109,105,37,113,110,19,41,83" hai1="119,2,36,68,130,48,27,133,0,17,120,22,67" hai2="89,7,103,100,38,49,111,104,106,46,122,129,91" hai3="57,79,58,81,86,16,98,71,45,94,76,93,116"/><V134/><F122/><W40/><G71/><T88/><D105/><U127/><E36/><V6/><F38/><W33/><G33/><T101/><D37/><U53/><E119/><V99/><F134/><W5/><G5/><T43/><D117/><U24/><E130/><V63/><F129/><W14/><G79/><T55/><D101/><U35/><E133/><V31/><F31/><W112/><G112/><T80/><D19/><U92/><E92/><N who="2" m="58471" /><F103/><W84/><G84/><N who="0" m="50183" /><D113/><U96/><E0/><V9/><F106/><W74/><G74/><T60/><D83/><U97/><E2/><V61/><F9/><N who="3" m="6223" /><G116/><T128/><D128/><U125/><E120/><V21/><F104/><W29/><G29/><T10/><D10/><U39/><E39/><V78/><F21/><W108/><G108/><N who="0" m="41579" /><D43/><U115/><E115/><V52/><F111/><W95/><G98/><T123/><D41/><U59/><E35/><V25/><F78/><W8/><G8/><T69/><D69/><U82/><E82/><V15/><F25/><W131/><G131/><T124/><D124/><N who="1" m="47691" /><E27/><V70/><F70/><W75/><G75/><T64/><D123/><U18/><E18/><V87/><F15/><W54/><G40/><T28/><D28/><U90/><E90/><N who="2" m="34315" /><F87/><W73/><G73/><T121/><D121/><U3/><E3/><V12/><F12/><W66/><G66/><T4/><D64/><U1/><E1/><V44/><F44/><W65/><G65/><T77/><D4/><AGARI ba="0,0" hai="4,6,7,46,49,52,61,63" m="34315,58471" machi="4" ten="30,2900,0" yaku="8,1,54,1" doraHai="135" who="2" fromWho="0" sc="209,-29,373,0,214,29,204,0" /><INIT seed="2,1,0,5,2,9" ten="180,373,243,204" oya="2" hai0="12,7,38,35,76,122,97,80,66,51,54,63,49" hai1="64,109,70,18,98,123,79,26,68,105,31,48,50" hai2="16,53,11,112,78,6,27,130,77,115,135,61,22" hai3="60,17,116,19,131,40,128,21,56,121,67,47,72"/><V36/><F36/><W65/><G121/><T84/><D35/><U125/><E79/><V58/><F130/><N who="3" m="49707" /><G116/><T59/><D122/><U69/><E64/><V29/><F135/><W92/><G72/><T75/><D38/><U108/><E123/><V43/><F112/><W32/><G32/><T73/><D51/><U15/><E105/><V41/><F115/><W4/><G4/><T62/><D62/><U71/><E98/><V28/><F11/><W124/><G124/><T3/><D3/><U5/><E5/><V117/><F6/><W103/><G65/><T0/><D0/><U120/><E69/><V88/><F88/><W20/><G92/><T44/><D97/><U10/><E125/><V91/><F91/><W110/><G103/><T55/><D54/><U114/><E114/><V94/><F94/><W37/><G110/><N who="1" m="42602" /><E120/><V118/><F118/><W104/><G104/><T52/><D55/><U8/><E8/><V42/><F117/><W119/><G119/><T89/><D76/><AGARI ba="1,0" hai="16,22,27,28,29,41,42,43,53,58,61,76,77,78" machi="76" ten="40,3900,0" yaku="8,1,54,1" doraHai="9" who="2" fromWho="0" sc="180,-42,373,0,243,42,204,0" /><INIT seed="2,2,0,2,5,22" ten="138,373,285,204" oya="2" hai0="119,28,9,20,130,106,91,78,52,58,30,107,117" hai1="123,113,8,62,110,86,40,69,42,65,34,6,101" hai2="74,59,48,32,120,24,109,105,50,83,51,71,0" hai3="7,94,127,57,44,41,17,38,12,43,47,100,60"/><V64/><F120/><W116/><G7/><T29/><D78/><U72/><E72/><V23/><F0/><W37/><G127/><T125/><D125/><U1/><E113/><V63/><F32/><W2/><G2/><T108/><D108/><U66/><E110/><V36/><F105/><W68/><G68/><T126/><D126/><U75/><E75/><V16/><F109/><W112/><G112/><T89/><D9/><U133/><E123/><V84/><F74/><W4/><G4/><T102/><D20/><U111/><E111/><V70/><REACH who="2" step="1"/><F36/><REACH who="2" step="2"/><W26/><G116/><N who="0" m="44619" /><D130/><U96/><E34/><V13/><F13/><W90/><G12/><T35/><D35/><U104/><E104/><N who="0" m="39977" /><D102/><U135/><E101/><V132/><F132/><W77/><G100/><T11/><D11/><U79/><E8/><V27/><F27/><W81/><G26/><T99/><D99/><U82/><E96/><V67/><F67/><W21/><G21/><T92/><D92/><U97/><E66/><V61/><F61/><AGARI ba="2,1" hai="28,29,30,52,58,61,89,91" m="39977,44619" machi="61" ten="40,2600,0" yaku="12,1,54,1" doraHai="22" who="0" fromWho="2" sc="138,42,373,0,275,-32,204,0" /><INIT seed="3,0,0,3,4,69" ten="180,373,243,204" oya="3" hai0="82,15,100,18,88,29,51,91,68,71,20,44,99" hai1="104,58,120,89,93,63,36,43,53,77,2,45,119" hai2="17,57,80,110,41,34,126,16,40,127,31,135,22" hai3="78,62,113,133,39,49,112,11,111,122,117,97,66"/><W25/><G78/><T33/><D71/><U109/><E120/><V46/><F135/><W59/><G25/><T6/><D68/><U107/><E2/><V130/><F130/><W4/><G97/><T32/><D32/><U74/><E109/><V3/><F110/><W21/><G21/><T105/><D82/><U67/><E119/><V79/><F3/><W0/><G111/><T38/><D38/><U118/><E118/><V27/><F34/><W92/><G92/><T61/><D61/><U114/><E114/><N who="3" m="44138" /><G117/><T87/><D87/><U125/><E125/><N who="2" m="47627" /><F80/><W28/><G28/><T86/><D86/><U5/><E5/><V8/><F8/><W81/><G81/><T24/><REACH who="0" step="1"/><D6/><REACH who="0" step="2"/><U101/><E101/><V48/><F79/><W85/><G85/><T72/><D72/><U23/><E77/><V95/><F95/><W1/><G122/><T60/><D60/><U121/><E93/><V13/><F41/><AGARI ba="0,1" hai="15,18,20,24,29,33,41,44,51,88,91,99,100,105" machi="41" ten="30,7700,0" yaku="1,1,7,1,54,1,53,1" doraHai="69" doraHaiUra="103" who="0" fromWho="2" sc="170,87,373,0,243,-77,204,0" owari="257,6,373,47,166,-33,204,-20" /></mjloggm>