<mjloggm ver="2.3"><GO type="41"/><UN n0="%E3%81%AF%E3%82%8A%E3%81%AD%E3%81%9A%E3%81%BF%E3%82%93" n1="%E3%83%9E%E3%83%83%E3%82%B9%E3%83%AB%E3%83%BC" n2="%E3%82%A6%E3%83%AB%E3%83%88%E3%83%A9%E7%AB%8B%E7%9B%B4" n3="%62%EF%BC%8D%34%61%63%3D%30" dan="14,13,15,14" rate="1906,1827,1965,1859" sx="M,M,M,M"/><TAIKYOKU oya="0"/><INIT seed="0,0,0,2,1,68" ten="250,250,250,250" oya="0" hai0="61,0,117,56,40,83,130,49,21,28,129,18,39" hai1="36,7,118,91,114,102,34,113,85,96,80,87,108" hai2="101,119,24,58,45,57,5,75,37,31,134,73,59" hai3="125,104,74,84,107,32,52,99,16,44,38,26,10"/><T43/><D0/><U11/><E34/><V67/><F134/><W126/><G74/><T12/><D117/><U103/><E118/><V86/><F67/><W23/><G32/><T109/><D28/><U25/><E25/><V123/><F123/><W13/><G84/><T128/><D49/><U62/><E62/><V135/><F135/><W64/><G64/><T93/><D83/><U27/><E27/><V121/><F121/><W127/><G99/><T70/><D70/><U17/><E17/><V132/><F132/><W124/><N who="3" m="32256" /><DORA hai="60" /><W97/><G97/><T66/><D93/><U20/><E20/><V92/><F5/><W81/><G81/><T15/><D109/><U3/><E108/><V4/><F4/><N who="3" m="3271" /><G38/><T116/><D116/><U72/><E36/><V120/><F120/><W54/><G54/><T50/><D50/><AGARI ba="0,0" hai="16,23,26,44,50,52,104,107" m="3271,32256" machi="50" ten="60,7700,0" yaku="18,1,54,2" doraHai="68,60" who="3" fromWho="0" sc="250,-77,250,0,250,0,250,77" /><INIT seed="1,0,0,4,3,38" ten="173,250,250,327" oya="1" hai0="110,25,77,24,16,41,27,67,127,134,57,17,97" hai1="3,45,120,15,101,100,11,82,68,55,50,66,53" hai2="123,13,31,78,7,111,0,75,20,43,5,126,36" hai3="35,130,30,47,59,131,81,73,121,87,23,107,114"/><U133/><E3/><V86/><F7/><W124/><G73/><T22/><D77/><U113/><E120/><V44/><F123/><W89/><G35/><T34/><D34/><U8/><E113/><V64/><F126/><W92/><G107/><T1/><D1/><U112/><E112/><V104/><F104/><W74/><G114/><T118/><D118/><U54/><E8/><V51/><F111/><W128/><G121/><T49/><D110/><U129/><E129/><V119/><F119/><W102/><G59/><T46/><D127/><U85/><E133/><V116/><F116/><W105/><G47/><T99/><D134/><U58/><E68/><V106/><F106/><W4/><G4/><T2/><D2/><U69/><E69/><V60/><F75/><W65/><G65/><T29/><D29/><U37/><E37/><V39/><F0/><W132/><G124/><T72/><D72/><U70/><E70/><V63/><F39/><W76/><G23/><T19/><D22/><U108/><E108/><V12/><F36/><W91/><G30/><T28/><D28/><U32/><E32/><V103/><F64/><W80/><G132/><T71/><D71/><U95/><E95/><V48/><F31/><W90/><G80/><T115/><D115/><U26/><E66/><V83/><F20/><W52/><G52/><T84/><D84/><U88/><E26/><V79/><F13/><W18/><G18/><T21/><D21/><U9/><E9/><V14/><F14/><W33/><G33/><T96/><D67/><U93/><E11/><V56/><F12/><RYUUKYOKU ba="0,0" sc="173,15,250,-15,250,-15,327,15" hai0="16,17,19,24,25,27,41,46,49,57,96,97,99" hai3="74,76,81,87,89,90,91,92,102,105,128,130,131" /><INIT seed="2,1,0,5,3,66" ten="188,235,235,342" oya="2" hai0="75,68,90,84,81,38,43,17,18,104,10,89,114" hai1="98,19,56,117,21,82,5,15,14,3,37,99,93" hai2="133,67,132,129,61,69,2,52,79,12,116,23,108" hai3="107,22,110,62,24,53,85,6,48,130,73,106,0"/><V122/><F2/><W16/><G73/><T25/><D114/><U39/><E117/><V86/><F122/><W63/><G110/><T126/><D104/><U83/><E3/><V33/><F33/><W54/><G130/><T9/><D75/><U30/><E39/><V118/><F129/><W50/><G85/><T60/><D126/><U109/><E37/><V100/><F100/><W120/><G120/><T72/><D72/><U88/><E109/><V80/><F108/><W105/><G6/><T128/><D128/><U112/><E112/><V11/><F23/><W96/><G96/><T123/><D123/><U87/><E30/><V92/><F92/><W44/><REACH who="3" step="1"/><G0/><REACH who="3" step="2"/><T1/><D1/><U32/><E32/><V91/><F118/><W26/><G26/><T51/><D25/><U124/><E124/><V42/><F116/><W111/><G111/><T95/><D84/><U8/><E99/><V113/><F113/><W58/><AGARI ba="1,1" hai="16,22,24,44,48,50,53,54,58,62,63,105,106,107" machi="58" ten="30,4000,0" yaku="1,1,0,1,54,1,53,0" doraHai="66" doraHaiUra="7" who="3" fromWho="3" sc="188,-11,235,-11,235,-21,332,53" /><INIT seed="3,0,0,5,3,53" ten="177,224,214,385" oya="3" hai0="73,111,17,30,134,90,118,78,3,98,131,19,47" hai1="113,107,67,50,71,133,61,7,1,60,108,97,28" hai2="74,100,55,34,65,24,48,68,37,69,12,0,94" hai3="25,59,109,22,120,127,54,87,29,33,66,9,42"/><W64/><G120/><T23/><D3/><U115/><E7/><V21/><F0/><W83/><G33/><T91/><D118/><U101/><E1/><V116/><F37/><W46/><G127/><T135/><D131/><U119/><E119/><V38/><F38/><W49/><G9/><T132/><D78/><U102/><E50/><V41/><F41/><W45/><G45/><T129/><D73/><U18/><E18/><V110/><F74/><W58/><G58/><T117/><D117/><U112/><E61/><V86/><F68/><W6/><G6/><T103/><D129/><U32/><E108/><V31/><F110/><W105/><G105/><T126/><D126/><U92/><E92/><V84/><F116/><W130/><G130/><T36/><D36/><U35/><E102/><V125/><F125/><W57/><G109/><T27/><D47/><U44/><E44/><V99/><F34/><W4/><G4/><T85/><D111/><U121/><E121/><V10/><F65/><N who="3" m="25195" /><G42/><T11/><D11/><U56/><E56/><N who="3" m="21578" /><G87/><T80/><D91/><U72/><E35/><V93/><F69/><W15/><G15/><T82/><D82/><AGARI ba="0,0" hai="22,25,29,46,49,54,82,83" m="21578,25195" machi="82" ten="30,11600,0" yaku="8,1,52,3" doraHai="53" who="3" fromWho="0" sc="177,-116,224,0,214,0,385,116" /><INIT seed="3,1,0,0,0,120" ten="61,224,214,501" oya="3" hai0="132,105,74,44,124,91,116,47,89,128,34,78,108" hai1="61,129,35,113,118,50,42,4,90,98,18,55,7" hai2="101,56,123,72,19,63,92,100,52,22,104,0,1" hai3="99,30,83,68,69,93,24,17,127,109,133,102,36"/><W75/><G36/><T33/><D78/><U49/><E35/><V81/><F123/><W112/><G112/><T119/><D105/><U13/><E113/><V3/><F104/><W71/><G127/><T28/><D74/><U131/><E50/><V67/><F72/><W26/><G133/><T5/><D5/><U77/><E77/><V117/><F117/><W53/><G75/><T9/><D9/><U65/><E118/><V11/><F81/><W87/><G53/><T32/><D28/><U76/><E76/><V51/><F92/><W70/><G70/><T73/><D73/><U45/><E42/><V96/><F96/><W126/><G126/><T82/><D82/><U134/><E134/><V15/><REACH who="2" step="1"/><F11/><REACH who="2" step="2"/><W80/><G80/><T21/><D132/><U39/><E98/><V86/><F86/><W111/><G83/><T122/><D124/><U107/><E107/><V130/><F130/><W106/><G87/><T14/><D128/><U31/><E131/><V37/><F37/><W60/><G106/><T79/><D122/><U114/><E39/><V46/><AGARI ba="1,1" hai="0,1,3,15,19,22,46,51,52,56,63,67,100,101" machi="46" ten="30,4000,0" yaku="1,1,0,1,54,1,53,0" doraHai="120" doraHaiUra="25" who="2" fromWho="2" sc="61,-11,224,-11,204,53,501,-21" /><INIT seed="4,0,0,5,2,108" ten="50,213,257,480" oya="0" hai0="135,19,119,21,6,67,123,103,122,128,121,72,29" hai1="99,79,77,97,102,127,10,2,28,31,118,54,80" hai2="93,44,38,71,101,62,66,75,68,5,116,114,16" hai3="0,83,32,22,130,56,12,57,88,73,51,36,104"/><T49/><D72/><U43/><E118/><V91/><F101/><W98/><G0/><T129/><D103/><U74/><E79/><V8/><F71/><W89/><G32/><T48/><D67/><U55/><E127/><V86/><F75/><W58/><G36/><T35/><D119/><U25/><E31/><V30/><F30/><W27/><G130/><T11/><D48/><U15/><E99/><V125/><F125/><W120/><G120/><T17/><D49/><U109/><E109/><V34/><F34/><W133/><G133/><T69/><D69/><U113/><E113/><V4/><F116/><W112/><G51/><T107/><D107/><U14/><E14/><V134/><F134/><W117/><G12/><T50/><D50/><U95/><E43/><V64/><F64/><W33/><G112/><T61/><D61/><U115/><E115/><V82/><F114/><W3/><G33/><T81/><D81/><U132/><E2/><V37/><F82/><W13/><G13/><T111/><D111/><U105/><E105/><V85/><F85/><W59/><G3/><N who="0" m="479" /><D135/><U47/><E132/><V124/><F124/><W42/><G42/><T9/><D9/><U96/><E47/><V24/><F38/><W7/><G59/><T53/><D53/><U23/><E97/><V60/><F60/><W63/><G63/><T92/><D92/><U110/><E110/><V90/><F37/><W41/><G73/><T126/><D126/><U70/><E70/><V18/><F44/><W131/><G117/><T46/><D46/><U78/><E78/><V20/><F90/><RYUUKYOKU ba="0,0" sc="50,-15,213,15,257,15,480,-15" hai1="10,15,23,25,28,54,55,74,77,80,95,96,102" hai2="4,5,8,16,18,20,24,62,66,68,86,91,93" /><INIT seed="5,1,0,2,5,126" ten="35,228,272,465" oya="1" hai0="38,109,42,89,123,41,11,112,114,4,30,57,46" hai1="61,120,117,113,22,10,31,37,26,133,106,128,40" hai2="86,111,60,73,70,48,24,76,43,25,59,32,91" hai3="131,39,97,5,84,81,77,92,54,12,82,9,124"/><U65/><E120/><V83/><F111/><W55/><G131/><T67/><D30/><U13/><E117/><V102/><F70/><W23/><G39/><T116/><D89/><U6/><E106/><V3/><F3/><W93/><G124/><T129/><D11/><U20/><E133/><V62/><F32/><W8/><G93/><T58/><D4/><U66/><E113/><V121/><F102/><W72/><G8/><T1/><D1/><U79/><E128/><V68/><F68/><W69/><G69/><T110/><D116/><U64/><E79/><V105/><F105/><W52/><G23/><T78/><D78/><U95/><E37/><V2/><F2/><W16/><G5/><T34/><D34/><U101/><E40/><V85/><F73/><W96/><G92/><T98/><D98/><N who="3" m="37993" /><G72/><T21/><D21/><U130/><E130/><V88/><F121/><W7/><G7/><T108/><D129/><U35/><REACH who="1" step="1"/><E61/><REACH who="1" step="2"/><N who="2" m="23659" /><F76/><W29/><G81/><T134/><D123/><U44/><E44/><N who="2" m="25631" /><F59/><W27/><G77/><T119/><D119/><U100/><E100/><V127/><F127/><W122/><G122/><T18/><D38/><U80/><E80/><AGARI ba="1,1" hai="24,25,80,83,85,86,88,91" m="25631,23659" machi="80" ten="30,2000,0" yaku="8,1,54,1" doraHai="126" who="2" fromWho="1" sc="35,0,218,-23,272,33,465,0" /><INIT seed="6,0,0,4,4,67" ten="35,195,305,465" oya="2" hai0="105,97,42,71,19,3,99,64,126,89,16,127,31" hai1="106,113,114,5,91,41,116,56,77,40,101,35,52" hai2="43,133,6,10,50,25,115,14,69,93,70,59,120" hai3="21,108,0,75,33,34,44,26,23,36,63,29,57"/><V22/><F120/><W55/><G108/><T87/><D3/><U82/><E35/><V53/><F115/><W30/><G0/><T88/><D42/><U83/><E116/><V96/><F43/><W131/><G75/><T76/><D64/><U90/><E41/><V9/><F9/><W122/><G131/><T130/><D31/><U15/><E40/><V119/><F119/><W1/><G1/><T18/><D76/><U98/><E5/><V78/><F78/><W81/><G81/><T11/><D11/><U110/><E110/><V94/><F133/><W102/><G36/><T65/><D65/><U13/><E13/><V12/><F12/><W4/><G44/><T107/><D87/><U111/><E111/><V118/><F118/><W129/><G4/><T72/><D72/><U38/><E38/><V28/><F94/><W32/><G129/><T123/><D130/><U86/><E15/><V24/><F24/><W49/><G102/><AGARI ba="0,0" hai="6,10,14,22,25,28,50,53,59,69,70,93,96,102" machi="102" ten="30,5800,0" yaku="7,1,52,2" doraHai="67" who="2" fromWho="3" sc="35,0,195,0,305,58,465,-58" /><INIT seed="6,1,0,2,2,16" ten="35,195,363,407" oya="2" hai0="36,109,2,135,41,58,74,54,46,72,40,68,38" hai1="35,6,91,30,60,32,97,1,52,89,116,76,112" hai2="127,132,10,62,31,8,100,87,110,19,56,45,77" hai3="5,53,71,23,13,102,83,128,111,107,48,67,39"/><V12/><F110/><W11/><G39/><T120/><D2/><U78/><E116/><V130/><F127/><W79/><G111/><T9/><D9/><U86/><E30/><V99/><F130/><W20/><G128/><T96/><D109/><U105/><E1/><V33/><F132/><W82/><G71/><T3/><D3/><U104/><E6/><V117/><F117/><W64/><G107/><T118/><D118/><U37/><E37/><V29/><F10/><W73/><G102/><T119/><D119/><U63/><E97/><V43/><F33/><W92/><G92/><T123/><D96/><U27/><E27/><V47/><F87/><N who="3" m="48607" /><G83/><T108/><D108/><U69/><E86/><V18/><F77/><W26/><G26/><T129/><D129/><U126/><E69/><V125/><F125/><W113/><G113/><T134/><D72/><U101/><E126/><V0/><F0/><W15/><G15/><T106/><D74/><U93/><E93/><N who="2" m="58479" /><F19/><W88/><G88/><T55/><D106/><U59/><E101/><V7/><F7/><W49/><G49/><T70/><REACH who="0" step="1"/><D58/><REACH who="0" step="2"/><U42/><E59/><V28/><F43/><W50/><G73/><T114/><D114/><U21/><E42/><V103/><F103/><W25/><G25/><T121/><D121/><U84/><E112/><V122/><F122/><W44/><G50/><T24/><D24/><U90/><E105/><V131/><F131/><W133/><G133/><T66/><D66/><AGARI ba="1,1" hai="8,12,18,28,29,31,45,47,56,62,66" m="58479" machi="66" ten="30,1500,0" yaku="8,1" doraHai="16" who="2" fromWho="0" sc="25,-18,195,0,363,28,407,0" /><AGARI ba="1,0" hai="5,11,13,20,23,44,48,53,64,66,67" m="48607" machi="66" ten="30,3900,0" yaku="8,1,52,2" doraHai="16" who="3" fromWho="0" sc="7,-39,195,0,391,0,407,39" owari="-32,-53,195,-20,391,19,446,54" /></mjloggm>