<mjloggm ver="2.3"><GO type="97"/><UN n0="%61%71%75%6F%73" n1="%E3%81%AF%E3%81%93%E3%82%8A%E4%BA%8C%E9%83%8E" n2="%E3%82%B0%E3%83%A9%E3%83%8B%E3%83%A5%E3%83%BC%E7%B3%96" n3="%E3%82%A6%E3%83%AB%E3%83%88%E3%83%A9%E7%AB%8B%E7%9B%B4" dan="13,13,15,13" rate="1874,1855,1974,1865" sx="M,M,M,M"/><TAIKYOKU oya="0"/><INIT seed="0,0,0,3,0,116" ten="250,250,250,250" oya="0" hai0="1,55,103,30,127,10,24,84,48,130,114,7,59" hai1="18,87,13,37,36,38,93,65,124,26,122,66,76" hai2="19,125,117,96,88,17,82,46,68,119,64,72,75" hai3="107,23,78,58,60,69,133,105,4,49,70,92,57" shuffle="mt19937ar,FDB4FE8E,423BC030,90357BBF,AE664F13,9CC91B51,C9C62531,E20C5DA4,C2C8D4AC"/><T27/><D114/><U31/><E124/><V52/><F125/><W108/><G78/><T42/><D103/><U100/><E122/><V33/><F33/><W11/><G133/><T131/><D127/><U111/><E111/><V22/><F64/><W115/><G115/><T110/><D110/><U6/><E6/><V39/><F68/><W129/><G108/><T113/><D113/><U28/><E76/><V112/><F112/><W77/><G77/><T102/><D102/><U73/><E73/><V41/><F19/><W94/><G23/><T91/><D42/><U44/><E44/><V135/><F135/><W14/><G49/><T34/><REACH who="0" step="1"/><D24/><REACH who="0" step="2"/><U132/><E100/><V53/><F41/><W0/><G105/><T86/><D86/><U25/><E132/><V40/><F75/><W128/><G107/><T32/><D32/><U47/><E25/><V20/><F40/><W80/><G128/><T54/><D54/><U62/><E26/><V81/><F52/><W61/><G129/><T89/><D89/><U51/><E65/><V9/><F88/><W106/><G106/><T97/><D97/><U16/><E66/><V8/><F96/><W45/><G0/><T90/><D90/><U83/><E87/><V2/><F53/><W5/><G14/><T98/><D98/><U101/><E13/><V104/><F2/><W120/><G45/><T123/><D123/><U99/><E47/><V50/><F46/><W134/><G120/><T63/><D63/><U126/><E62/><V35/><F104/><W71/><G134/><T74/><D74/><U121/><E126/><RYUUKYOKU ba="0,1" sc="240,30,250,-10,250,-10,250,-10" hai0="1,7,10,27,30,34,48,55,59,84,91,130,131" /><INIT seed="0,1,1,3,1,114" ten="270,240,240,240" oya="0" hai0="76,45,100,112,115,20,23,42,34,9,104,113,107" hai1="85,1,82,21,47,27,50,61,103,81,109,26,69" hai2="14,86,130,122,37,84,120,101,95,118,90,19,31" hai3="80,63,15,87,22,99,108,30,91,49,78,111,46" shuffle="mt19937ar,F8201CC0,7D97EBC7,50E50710,C6799ED2,39F496B1,5432C5BA,91572B24,8B42BEAA"/><T28/><D76/><U65/><E1/><V29/><F37/><W131/><G63/><T59/><D34/><U10/><E103/><V92/><F130/><W67/><G67/><T5/><D28/><U110/><E10/><V72/><F72/><W77/><G131/><T124/><D124/><U121/><E121/><V44/><F44/><W127/><G127/><T25/><D25/><U6/><E6/><V66/><F66/><W36/><G36/><T16/><D100/><U52/><E27/><V58/><F58/><W75/><G75/><T83/><D83/><U106/><E106/><V98/><F84/><W116/><G30/><T71/><D71/><U60/><E60/><V134/><F134/><W93/><G78/><T11/><D59/><U74/><E74/><V2/><F2/><W97/><G97/><T132/><D132/><U102/><E102/><V35/><F35/><W89/><G77/><T48/><D11/><U40/><E40/><V51/><F51/><W79/><G79/><T88/><D88/><U39/><E39/><V117/><F31/><W64/><G64/><T54/><D42/><U128/><E128/><V57/><F57/><W32/><G32/><T73/><D73/><U43/><E43/><V41/><F41/><N who="3" m="24783" /><G22/><N who="0" m="8235" /><D16/><N who="1" m="12583" /><E85/><V7/><F29/><W0/><G0/><T62/><D62/><U125/><E125/><V133/><F133/><W119/><G15/><T8/><D8/><U53/><E53/><V129/><F129/><W17/><G17/><T105/><D9/><U13/><E13/><V70/><F70/><W135/><G135/><T94/><D94/><RYUUKYOKU ba="1,1" sc="270,10,240,10,240,-30,240,10" hai0="5,45,48,54,104,105,107,112,113,115" hai1="47,50,52,61,65,69,81,82,109,110" hai3="80,87,89,91,93,99,108,111,116,119" /><INIT seed="0,2,1,5,4,123" ten="280,250,210,250" oya="0" hai0="98,56,117,73,74,4,106,21,105,49,10,90,129" hai1="114,50,111,110,120,84,89,19,3,36,76,31,32" hai2="23,86,46,127,85,67,87,20,130,119,132,16,80" hai3="113,77,107,133,28,79,95,33,41,53,37,128,47" shuffle="mt19937ar,CD457108,47D90AAE,F546444F,CB2AA89A,6567F65D,053BBAB3,B952F0A1,878A172F"/><T102/><D117/><U39/><E3/><V69/><F119/><W27/><G107/><T63/><D106/><U11/><E120/><V100/><F127/><W48/><G113/><T26/><D90/><U131/><E76/><V135/><F130/><W88/><G128/><T62/><D63/><U94/><E131/><V34/><F34/><W30/><G30/><T59/><D56/><U92/><E114/><V103/><F67/><W93/><G93/><T43/><D43/><U1/><E31/><V91/><F69/><W45/><REACH who="3" step="1"/><G133/><REACH who="3" step="2"/><T72/><D129/><U81/><E94/><V70/><F132/><W61/><G61/><T22/><D62/><U9/><E92/><V58/><F135/><W115/><G115/><T64/><D64/><U25/><E32/><V57/><F80/><W6/><G6/><T96/><D72/><U101/><E1/><V109/><F103/><W66/><G66/><T75/><D75/><U99/><E101/><V108/><F100/><W116/><G116/><T112/><D102/><U82/><E82/><V134/><F134/><W2/><G2/><T42/><D105/><U126/><E126/><V44/><F91/><W122/><G122/><T13/><D112/><U8/><E99/><AGARI ba="2,2" hai="27,28,33,37,41,45,47,48,53,77,79,88,95,99" machi="99" ten="30,3900,0" yaku="1,1,7,1,54,1,53,0" doraHai="123" doraHaiUra="35" who="3" fromWho="1" sc="280,0,250,-45,210,0,240,65" /><INIT seed="1,0,0,2,5,95" ten="280,205,210,305" oya="1" hai0="86,23,134,132,130,32,106,57,71,62,124,21,54" hai1="0,4,93,109,44,127,74,11,12,118,77,29,22" hai2="100,5,2,27,67,92,69,41,75,122,135,65,89" hai3="56,85,35,47,14,40,76,58,131,82,70,94,20" shuffle="mt19937ar,5EBC4C83,BCC399F2,A3B9AB78,FCEB00C4,765A8F86,A0B3BB36,2E99ED3A,E7EE0A78"/><U10/><E118/><V64/><F122/><W36/><G35/><T1/><D106/><U53/><E127/><V101/><F75/><W114/><G70/><T97/><D32/><U104/><E104/><V99/><F135/><N who="0" m="51754" /><D1/><U72/><E77/><V13/><F2/><W63/><G114/><T45/><D71/><U133/><E133/><V16/><F69/><W84/><G131/><T111/><D111/><U48/><E109/><V59/><F41/><W6/><G58/><T9/><D45/><U66/><E66/><V49/><F27/><W31/><G84/><T125/><D86/><U73/><E22/><N who="2" m="11535" /><F5/><W17/><G94/><T28/><D28/><U78/><E29/><V112/><F112/><W38/><G31/><T3/><D97/><U81/><REACH who="1" step="1"/><E93/><REACH who="1" step="2"/><V87/><F67/><W128/><G20/><T88/><D130/><U91/><E91/><N who="2" m="55711" /><F65/><W102/><G128/><T55/><D88/><U68/><E68/><V24/><F64/><W39/><G76/><T34/><D34/><U80/><E80/><V15/><F100/><W79/><G102/><T7/><D54/><U123/><E123/><V90/><F89/><W33/><G33/><T103/><D103/><U50/><E50/><V30/><F49/><W116/><G116/><T98/><D125/><U61/><E61/><V110/><F90/><W120/><G120/><T105/><D124/><U8/><E8/><V83/><F101/><W46/><G63/><T117/><D117/><U37/><E37/><V18/><F110/><W126/><G39/><T42/><D42/><U115/><E115/><V43/><F83/><RYUUKYOKU ba="0,1" sc="280,15,195,15,210,-15,305,-15" hai0="3,7,9,21,23,55,57,62,98,105" hai1="0,4,10,11,12,44,48,53,72,73,74,78,81" /><INIT seed="1,1,1,5,1,84" ten="295,210,195,290" oya="1" hai0="13,8,24,69,100,127,7,51,27,40,33,80,60" hai1="131,64,90,18,37,82,44,99,85,66,120,101,89" hai2="81,77,3,50,31,16,87,62,94,74,73,52,38" hai3="104,86,35,36,97,34,42,5,30,26,123,12,122" shuffle="mt19937ar,FB522A35,4233F6CD,4DA59FD4,501B5983,EC9F373D,AA591336,F5AE5B13,DE9F1AAF"/><U111/><E120/><V121/><F38/><W29/><G42/><T23/><D33/><U129/><E111/><V59/><F3/><W109/><G36/><T0/><D127/><U21/><E37/><V65/><F121/><N who="3" m="46091" /><G86/><T134/><D100/><U55/><E44/><V67/><F67/><W119/><G97/><T63/><D69/><U114/><E55/><V54/><F54/><W25/><G104/><T91/><D27/><U118/><E118/><V45/><F31/><W4/><G109/><T15/><D13/><U47/><E47/><V135/><F135/><W14/><G119/><T72/><D72/><U133/><E114/><V19/><F74/><W57/><G57/><T95/><D80/><U108/><E133/><V28/><F28/><W49/><G49/><T20/><D23/><U17/><E108/><V39/><F39/><W76/><G76/><T78/><D78/><N who="1" m="46295" /><E64/><V70/><F70/><W32/><G32/><T103/><D103/><U124/><E66/><V68/><F68/><W83/><G83/><T93/><D93/><N who="1" m="58607" /><E124/><V125/><F125/><W1/><G1/><T9/><D9/><U79/><E79/><V56/><F45/><W110/><G110/><T6/><D7/><AGARI ba="1,1" hai="4,5,7,12,14,25,26,29,30,34,35" m="46091" machi="7" ten="30,2000,0" yaku="34,2" doraHai="84" who="3" fromWho="0" sc="295,-23,210,0,195,0,290,33" /><INIT seed="2,0,0,3,0,94" ten="272,210,195,323" oya="2" hai0="58,87,134,117,64,69,82,31,116,6,92,84,127" hai1="66,20,52,125,70,120,8,44,21,12,3,109,80" hai2="10,97,130,68,46,119,110,62,86,131,88,113,23" hai3="11,26,18,48,57,96,7,129,28,74,32,24,78" shuffle="mt19937ar,1723BA2E,EF3A420E,34E0422D,C24930BD,5E3FB3BB,42303F93,8DAF5872,FE351BC1"/><V107/><F119/><N who="0" m="45642" /><D69/><U115/><E120/><V75/><F75/><W105/><G78/><N who="0" m="46167" /><D31/><U47/><E115/><V42/><F113/><W101/><G74/><T89/><D6/><U99/><E3/><V122/><F122/><W126/><G126/><T13/><D13/><U95/><E125/><V123/><F123/><W16/><G129/><N who="2" m="49161" /><F10/><W59/><G24/><T49/><D49/><U5/><E66/><N who="2" m="41047" /><F23/><W111/><G111/><T53/><D64/><U73/><E70/><V108/><F97/><W81/><G81/><T25/><D25/><U33/><E33/><V67/><F67/><W112/><G112/><T102/><D102/><U51/><E80/><N who="2" m="49223" /><F107/><W39/><G39/><AGARI ba="0,0" hai="39,42,46,108,110" m="49223,41047,49161" machi="39" ten="30,2900,0" yaku="19,1,54,1" doraHai="94" who="2" fromWho="3" sc="272,0,210,0,195,29,323,-29" /><INIT seed="2,1,0,4,0,86" ten="272,210,224,294" oya="2" hai0="127,135,81,67,44,27,24,11,123,125,69,68,100" hai1="20,26,94,7,10,88,133,25,106,45,98,32,31" hai2="30,122,108,1,131,70,113,82,16,47,64,50,129" hai3="43,71,105,55,54,53,130,63,119,96,128,0,90" shuffle="mt19937ar,F64FAD65,B1C38EF6,AC687AB2,A2E93DE3,EFAFB53C,35ABCA0B,35F73C77,7F0C3EDE"/><V3/><F122/><W18/><G0/><T62/><D123/><U22/><E133/><V74/><F113/><W8/><G105/><T87/><D135/><U6/><E32/><V109/><F30/><W78/><G78/><T95/><D69/><U126/><E126/><N who="0" m="48137" /><D44/><U37/><E106/><V17/><F64/><W89/><G96/><N who="0" m="59423" /><D11/><U28/><E10/><V51/><F70/><W114/><G114/><T36/><D36/><U57/><E37/><V23/><F82/><W9/><G43/><T46/><D46/><U52/><E45/><V103/><F103/><W40/><G40/><T93/><D93/><U76/><E76/><AGARI ba="1,0" hai="24,27,62,67,68,76,81,87" m="59423,48137" machi="76" ten="30,1000,0" yaku="18,1" doraHai="86" who="0" fromWho="1" sc="272,13,210,-13,224,0,294,0" /><INIT seed="3,0,0,0,5,112" ten="285,197,224,294" oya="3" hai0="119,80,32,48,44,99,8,9,133,111,33,38,103" hai1="0,90,47,13,108,87,96,4,134,82,18,74,63" hai2="15,11,54,20,72,94,127,132,62,124,17,1,14" hai3="57,42,75,110,22,106,92,89,81,120,121,116,43" shuffle="mt19937ar,13F9C962,9723A507,CCB585CD,2305FCF8,72BCFDF8,92EFC269,12ECF558,129F44E6"/><W2/><G106/><T128/><D38/><U6/><E0/><V36/><F72/><W86/><G2/><T67/><D133/><U109/><E134/><V30/><F36/><W118/><G43/><T37/><D37/><U51/><E63/><V52/><F132/><W29/><G42/><T83/><D128/><U107/><E74/><V56/><F1/><W101/><G57/><T40/><D67/><U123/><E123/><N who="3" m="47178" /><G22/><T35/><D111/><U59/><E59/><V104/><F104/><W122/><G29/><T53/><D119/><N who="3" m="45609" /><G122/><T64/><D64/><U73/><E73/><V3/><F3/><W85/><G110/><N who="1" m="42602" /><E107/><V26/><F94/><W70/><G70/><T39/><D8/><N who="1" m="6439" /><E96/><V129/><F129/><W76/><G101/><T28/><D9/><U125/><E125/><N who="2" m="48203" /><F15/><W45/><G45/><T102/><D28/><U131/><E131/><V27/><F27/><W91/><G75/><T60/><D60/><U66/><E66/><AGARI ba="0,0" hai="11,14,17,20,26,30,52,54,56,62,66" m="48203" machi="66" ten="30,2000,0" yaku="18,1,54,1" doraHai="112" who="2" fromWho="1" sc="285,0,197,-20,224,20,294,0" /><INIT seed="4,0,0,4,5,49" ten="285,177,244,294" oya="0" hai0="97,104,67,105,10,23,52,27,109,76,28,117,81" hai1="84,68,124,86,43,80,112,41,19,48,85,134,132" hai2="24,70,7,69,2,34,126,16,30,29,73,75,118" hai3="122,11,93,13,116,96,120,55,31,35,14,9,94" shuffle="mt19937ar,0EB5D54A,2F6008EC,8A0719B5,4A362B9E,684CE966,DB227D71,D10ECA45,DA87EF28"/><T110/><D117/><U0/><E68/><V89/><F118/><W133/><G116/><T32/><D67/><U102/><E0/><V12/><F126/><W98/><G55/><T99/><D32/><U92/><E124/><V114/><F114/><W131/><G131/><T33/><D33/><U79/><E112/><V59/><F30/><W17/><G35/><T88/><D10/><U25/><E102/><V45/><F45/><W26/><G26/><T95/><D99/><U22/><E92/><V42/><F42/><W37/><G31/><T90/><D90/><U65/><E65/><V64/><F89/><W58/><G58/><T78/><D52/><U108/><E108/><N who="0" m="41577" /><D76/><N who="1" m="46087" /><E48/><V44/><F44/><W71/><G71/><T107/><D105/><U130/><E130/><V74/><F59/><W18/><G37/><T47/><D47/><U103/><E103/><V135/><F64/><W121/><G133/><N who="1" m="51306" /><E79/><V115/><F135/><W51/><G51/><T46/><D46/><U54/><E54/><V77/><F115/><W128/><G128/><T91/><D91/><U6/><E6/><V5/><F5/><W111/><G111/><T21/><D23/><U82/><E82/><V125/><F125/><W100/><G122/><T4/><D4/><U57/><E57/><V50/><F77/><W101/><AGARI ba="0,0" hai="9,11,13,14,17,18,93,94,96,98,100,101,120,121" machi="101" ten="30,7900,0" yaku="0,1,32,3" doraHai="49" who="3" fromWho="3" sc="285,-39,177,-20,244,-20,294,79" owari="246,0,157,-24,224,-13,373,37" /></mjloggm>