<mjloggm ver="2.3"><GO type="41"/><UN n0="%4C%41%48%73%74%79" n1="%E3%82%A6%E3%83%AB%E3%83%88%E3%83%A9%E7%AB%8B%E7%9B%B4" n2="%70%62%30%30%33" n3="%E9%AF%B5%E7%BC%B6" dan="13,13,13,13" rate="1905,1892,1826,1915" sx="M,M,M,M"/><TAIKYOKU oya="0"/><INIT seed="0,0,0,1,2,98" ten="250,250,250,250" oya="0" hai0="128,11,18,49,22,62,84,105,88,52,3,82,7" hai1="6,89,9,112,115,45,0,125,116,87,121,120,104" hai2="108,21,69,57,81,134,127,64,96,50,130,37,14" hai3="113,75,119,47,124,67,90,53,106,80,5,78,101"/><T109/><D128/><U32/><E45/><V102/><F130/><W44/><G119/><T85/><D105/><U123/><E87/><V111/><F37/><W131/><G113/><N who="1" m="43594" /><E89/><V16/><F127/><W4/><G131/><T74/><D109/><N who="2" m="42058" /><F134/><W92/><G124/><T33/><D33/><U1/><E125/><V24/><F81/><W30/><G30/><T66/><D74/><U94/><E94/><N who="2" m="58647" /><F69/><W42/><G67/><T36/><D36/><U25/><E104/><V26/><F50/><W54/><G53/><T95/><D62/><AGARI ba="0,0" hai="14,16,21,24,26,57,62,64" m="58647,42058" machi="62" ten="30,3900,0" yaku="14,1,52,1,54,1" doraHai="98" who="2" fromWho="0" sc="250,-39,250,0,250,39,250,0" /><INIT seed="1,0,0,3,5,122" ten="211,250,289,250" oya="1" hai0="39,14,37,73,20,27,51,23,31,120,121,54,38" hai1="76,46,111,65,34,52,58,96,44,7,74,10,22" hai2="3,56,84,103,110,82,24,109,135,132,36,79,50" hai3="29,49,78,6,115,18,67,72,98,91,92,86,63"/><U70/><E34/><V41/><F3/><W30/><G115/><T45/><D73/><U104/><E70/><V88/><F103/><W47/><G6/><T40/><D14/><U90/><E65/><V94/><F24/><W80/><G18/><T15/><D15/><U5/><E76/><V61/><F36/><W53/><REACH who="3" step="1"/><G72/><REACH who="3" step="2"/><T131/><D131/><U101/><E74/><V9/><F9/><W69/><AGARI ba="0,1" hai="29,30,47,49,53,63,67,69,78,80,86,91,92,98" machi="69" ten="20,5200,0" yaku="1,1,2,1,0,1,7,1,53,0" doraHai="122" doraHaiUra="4" who="3" fromWho="3" sc="211,-13,250,-26,289,-13,240,62" /><INIT seed="2,0,0,4,4,42" ten="198,224,276,302" oya="2" hai0="57,46,26,78,92,105,54,74,64,111,82,69,83" hai1="43,112,90,124,80,48,35,51,72,45,109,75,122" hai2="7,115,18,37,49,110,3,44,30,14,95,71,106" hai3="107,58,129,27,13,94,128,9,56,55,93,66,133"/><V62/><F115/><W86/><G107/><T73/><D111/><U102/><E112/><V68/><F106/><W63/><G133/><T91/><D105/><U117/><E35/><V24/><F110/><W32/><G32/><T25/><D69/><U22/><E109/><V101/><F62/><W70/><G70/><T77/><D64/><U10/><E122/><V34/><F37/><W23/><G128/><T135/><D135/><U116/><E124/><V104/><F104/><W130/><G86/><T88/><D91/><U6/><E102/><V65/><F65/><W31/><G130/><T60/><REACH who="0" step="1"/><D46/><REACH who="0" step="2"/><U84/><E117/><V114/><F114/><W99/><G129/><T121/><D121/><U131/><E131/><V76/><F71/><W96/><G66/><T11/><D11/><U61/><E116/><V132/><F68/><W28/><G9/><T8/><D8/><U17/><E10/><N who="2" m="2431" /><F132/><W0/><G56/><T120/><D120/><U1/><E6/><V5/><F5/><W98/><G0/><T125/><D125/><U134/><E1/><V4/><F4/><W81/><G58/><T38/><D38/><U39/><E134/><V16/><F101/><W33/><G33/><T20/><D20/><U89/><E39/><V119/><F119/><W67/><G23/><T36/><D36/><U103/><E103/><V2/><F2/><W52/><G67/><T53/><D53/><U59/><E90/><V41/><F95/><N who="3" m="36363" /><G55/><T87/><AGARI ba="0,1" hai="25,26,54,57,60,73,74,77,78,82,83,87,88,92" machi="87" ten="20,8000,1" yaku="1,1,0,1,7,1,9,1,54,1,53,0" doraHai="42" doraHaiUra="19" who="0" fromWho="0" sc="188,90,224,-20,276,-40,302,-20" /><INIT seed="3,0,0,0,1,22" ten="278,204,236,282" oya="3" hai0="76,96,128,63,84,37,3,44,4,104,32,35,64" hai1="55,12,75,34,18,57,131,11,2,33,126,92,103" hai2="116,69,6,86,13,16,85,7,19,54,23,71,28" hai3="80,41,99,88,112,66,10,31,93,102,110,83,106"/><W26/><G112/><T89/><D128/><U38/><E38/><V81/><F116/><W134/><G66/><T68/><D76/><U132/><E75/><V118/><F118/><W124/><G41/><T24/><D84/><U25/><E131/><V78/><F54/><W135/><G10/><N who="0" m="2335" /><D89/><U120/><E120/><V15/><F86/><N who="3" m="52375" /><G124/><T46/><D46/><U114/><E114/><V17/><F71/><W42/><G42/><N who="0" m="22607" /><D35/><U51/><E126/><V95/><F69/><W29/><G29/><N who="0" m="19495" /><D96/><U74/><E74/><V48/><F48/><W62/><G62/><T121/><D121/><U21/><E132/><N who="3" m="50730" /><G110/><T117/><D117/><U59/><E2/><V65/><F65/><W47/><G47/><T0/><D104/><U130/><E130/><V30/><F95/><W123/><G123/><T70/><D70/><U101/><E34/><AGARI ba="0,0" hai="26,31,34,80,83,99,102,106" m="50730,52375" machi="34" ten="30,5800,0" yaku="20,1,52,1,54,1" doraHai="22" who="3" fromWho="1" sc="278,0,204,-58,236,0,282,58" /><INIT seed="3,1,0,0,4,84" ten="278,146,236,340" oya="3" hai0="104,41,87,124,75,100,47,108,10,32,99,4,17" hai1="19,67,9,118,44,60,122,72,93,107,80,71,14" hai2="39,135,8,82,33,70,73,26,76,0,27,11,98" hai3="77,101,53,105,92,89,65,15,106,57,64,74,129"/><W112/><G112/><T54/><D108/><U18/><E107/><V88/><F135/><W29/><G29/><T51/><D124/><U62/><E122/><V111/><F111/><W115/><G115/><T5/><D75/><U127/><E127/><V12/><F70/><W36/><G36/><T126/><D126/><U31/><E118/><V46/><F11/><W20/><G129/><T63/><D32/><U38/><E31/><V117/><F117/><W103/><G74/><T59/><D17/><U133/><E133/><V49/><F33/><W123/><G123/><T35/><D10/><U116/><E116/><V119/><F119/><W113/><G113/><T13/><D13/><U121/><E121/><V69/><F69/><W24/><G77/><T28/><D28/><U22/><E80/><V114/><F114/><W1/><G1/><T6/><D6/><U132/><E72/><V85/><F0/><W21/><G105/><T58/><D35/><U40/><E132/><V102/><F39/><W79/><G79/><T130/><D130/><U86/><E62/><V37/><F37/><W81/><G106/><T94/><D59/><U66/><E66/><N who="3" m="25706" /><G81/><T125/><D125/><U50/><E38/><V2/><F2/><W25/><G15/><T48/><D87/><U68/><E68/><V109/><F109/><W83/><G83/><T95/><D104/><U61/><E67/><V91/><F73/><W134/><G134/><T56/><D94/><U128/><E71/><V34/><F34/><W110/><G110/><T16/><D58/><U97/><E128/><V55/><F76/><RYUUKYOKU ba="1,0" sc="278,0,146,0,236,0,340,0" /><INIT seed="4,2,0,2,3,37" ten="278,146,236,340" oya="0" hai0="81,13,2,127,26,20,104,103,11,39,122,114,82" hai1="119,68,96,21,78,79,63,15,72,42,41,38,57" hai2="107,132,69,8,89,7,106,75,6,19,83,43,59" hai3="110,44,102,125,99,24,52,105,10,77,34,95,116"/><T5/><D122/><U92/><E38/><V12/><F69/><W53/><G116/><T49/><D114/><U128/><E68/><V28/><F28/><W108/><G125/><T35/><D39/><U56/><E72/><V31/><F31/><W25/><G77/><N who="1" m="29194" /><E119/><V71/><F71/><W101/><G10/><T64/><D127/><U131/><E128/><V51/><F132/><W9/><G9/><T120/><D120/><U61/><E131/><V121/><F121/><W48/><G108/><T85/><D64/><N who="1" m="38951" /><E15/><V109/><F109/><W50/><G110/><T115/><D115/><U30/><E21/><V47/><F107/><W16/><G25/><T1/><D1/><U129/><E30/><V66/><F106/><W86/><G86/><T70/><D70/><U27/><E27/><V60/><REACH who="2" step="1"/><F89/><REACH who="2" step="2"/><W126/><G105/><T88/><D104/><U133/><E133/><V29/><F29/><W23/><G126/><T58/><D35/><U100/><E129/><V113/><F113/><W55/><G34/><T94/><D103/><U45/><E45/><V73/><F73/><W40/><G102/><T111/><D111/><U134/><E134/><V54/><F54/><AGARI ba="2,1" hai="41,42,54,57,63,92,96,100" m="38951,29194" machi="54" ten="30,3900,0" yaku="8,1,52,2" doraHai="37" who="1" fromWho="2" sc="278,0,146,55,226,-45,340,0" /><INIT seed="5,0,0,3,2,22" ten="278,201,181,340" oya="1" hai0="20,116,72,31,14,25,65,28,30,115,133,29,87" hai1="103,12,18,9,43,129,34,74,118,42,117,76,59" hai2="91,125,101,108,61,51,131,111,106,126,124,68,71" hai3="104,1,84,23,128,24,92,5,44,112,53,17,97"/><U96/><E34/><V7/><F106/><W6/><G112/><T19/><D72/><U11/><E76/><V114/><F7/><W4/><G128/><T41/><D65/><U0/><E74/><V46/><F101/><W82/><G104/><T70/><D70/><U121/><E121/><V27/><F131/><W135/><G135/><T102/><D116/><U95/><E129/><V58/><F114/><W120/><G120/><T56/><D41/><U52/><E43/><N who="2" m="25055" /><F91/><W35/><G35/><N who="0" m="20879" /><D56/><U109/><E42/><V3/><F3/><W47/><G1/><T80/><D102/><U79/><E79/><V39/><F39/><W63/><G63/><T99/><D99/><U127/><E109/><V54/><F27/><W62/><G62/><T15/><D80/><U50/><REACH who="1" step="1"/><E127/><REACH who="1" step="2"/><N who="2" m="32515" /><V90/><DORA hai="26" /><F90/><W100/><REACH who="3" step="1"/><G53/><REACH who="3" step="2"/><T13/><D115/><U119/><E119/><V66/><F54/><W38/><G38/><T75/><D75/><U40/><E40/><V88/><F88/><AGARI ba="0,2" hai="4,5,6,17,23,24,44,47,82,84,88,92,97,100" machi="88" ten="40,8000,1" yaku="1,1,8,1,52,1,54,1,53,0" doraHai="22,26" doraHaiUra="69,130" who="3" fromWho="2" sc="278,0,191,0,181,-80,330,100" /><INIT seed="6,0,0,4,4,86" ten="278,191,101,430" oya="2" hai0="107,133,102,82,68,2,53,16,5,27,42,131,14" hai1="112,85,108,20,115,40,72,79,49,39,31,110,99" hai2="97,127,91,70,26,122,62,23,46,92,104,95,12" hai3="41,57,19,125,74,65,111,76,48,117,13,123,56"/><V32/><F122/><W25/><G123/><T88/><D68/><U34/><E20/><V129/><F129/><W113/><G117/><T24/><D42/><U43/><E31/><V128/><F128/><W118/><G111/><T121/><D131/><U73/><E34/><V75/><F75/><N who="1" m="28745" /><E49/><V83/><F127/><W50/><G118/><T71/><D71/><U81/><E39/><V22/><F46/><W78/><G125/><T9/><D121/><U7/><E7/><V77/><F12/><W134/><G134/><T28/><D133/><U15/><E15/><V33/><F33/><W105/><G74/><T10/><D107/><U103/><E40/><V114/><F114/><N who="1" m="43561" /><E43/><V69/><F32/><W52/><G113/><T8/><D102/><U36/><E36/><V1/><F1/><W37/><G37/><T116/><D116/><U3/><E3/><V93/><F26/><W87/><G25/><T35/><D53/><U6/><E6/><V47/><F47/><W89/><G52/><T0/><D27/><U11/><E11/><N who="0" m="4169" /><D0/><U94/><AGARI ba="0,0" hai="79,81,85,94,99,103,108,110" m="43561,28745" machi="94" ten="30,4000,0" yaku="15,1,34,2" doraHai="86" who="1" fromWho="1" sc="278,-10,191,40,101,-20,430,-10" /><INIT seed="7,0,0,0,4,113" ten="268,231,81,420" oya="3" hai0="126,21,26,132,45,63,19,121,118,40,58,5,34" hai1="55,51,97,25,59,109,74,29,115,53,133,70,41" hai2="76,75,15,98,1,47,86,114,131,127,43,77,0" hai3="95,102,83,64,89,69,72,117,13,85,4,79,46"/><W122/><G117/><T91/><D121/><U78/><E109/><V71/><F71/><W9/><G122/><T125/><D118/><U36/><E115/><V94/><F114/><W135/><G135/><T82/><D132/><U106/><E133/><V52/><F75/><W56/><G69/><T30/><D5/><U24/><E70/><V66/><F127/><W93/><G46/><T90/><D126/><U37/><E41/><V100/><F131/><W111/><G111/><T32/><D125/><U119/><E119/><V35/><F35/><W124/><G124/><T134/><D134/><U57/><E78/><V120/><F120/><W67/><G56/><T112/><D112/><U130/><E74/><V2/><F2/><W28/><G28/><T33/><D82/><U6/><E6/><V116/><F116/><W48/><G48/><T110/><D110/><U129/><E97/><V88/><F0/><W73/><G73/><T8/><D34/><U60/><E106/><V18/><F1/><W27/><G27/><T50/><D33/><U87/><E87/><V81/><F66/><W68/><G68/><T92/><D92/><U62/><E29/><V104/><F104/><W61/><G95/><T108/><D108/><U16/><E51/><V128/><F128/><W65/><G93/><T39/><D39/><U42/><E42/><V54/><F77/><W3/><G83/><T31/><D31/><U49/><E49/><V14/><F76/><W84/><G79/><T105/><D105/><U80/><E80/><V103/><F103/><W107/><G102/><T11/><D32/><RYUUKYOKU ba="0,0" sc="268,-10,231,30,81,-10,420,-10" hai1="16,24,25,36,37,53,55,57,59,60,62,129,130" owari="258,-14,261,6,71,-43,410,51" /></mjloggm>