<mjloggm ver="2.3"><GO type="193"/><UN n0="%E3%81%BB%E3%83%BC%E3%82%8A%E3%81%88" n1="%E3%82%A6%E3%83%AB%E3%83%88%E3%83%A9%E7%AB%8B%E7%9B%B4" n2="%E3%82%B7%E3%83%AD%E3%83%95%E3%83%8D" n3="%E3%81%93%E3%81%86%E3%81%B8%E3%81%84%E3%81%9C%E3%82%88" dan="11,11,14,11" rate="1628,1803,1766,1573" sx="F,M,M,M"/><TAIKYOKU oya="0"/><INIT seed="0,0,0,4,0,25" ten="250,250,250,250" oya="0" hai0="55,129,51,14,130,43,124,24,133,93,37,65,17" hai1="86,131,9,58,79,4,116,88,82,10,113,71,48" hai2="125,134,90,63,47,99,19,122,40,103,31,118,27" hai3="108,26,111,54,20,34,76,5,7,109,106,119,18" shuffle="mt19937ar,7FE5DC99,FC57CEC3,54E1728D,F4CCB359,998533D8,1F907F77,D4B06DC1,D0744639"/><T127/><D65/><U98/><E71/><V0/><F122/><W84/><G106/><T32/><D32/><U66/><E116/><V95/><F134/><W12/><G119/><T121/><D121/><U35/><E35/><V96/><F0/><W50/><G76/><T102/><D37/><U70/><E70/><V39/><F118/><W57/><REACH who="3" step="1"/><G84/><REACH who="3" step="2"/><T61/><D133/><U94/><E113/><V67/><F125/><N who="0" m="48202" /><D93/><U28/><E131/><N who="0" m="50185" /><D102/><U22/><E4/><V29/><F103/><W87/><G87/><T30/><D43/><U77/><E77/><V100/><F100/><W112/><G112/><T2/><D2/><U45/><E66/><V114/><F114/><W21/><G21/><T73/><D73/><U105/><E105/><V75/><F75/><W59/><G59/><T64/><D30/><AGARI ba="0,1" hai="5,7,12,18,20,26,30,34,50,54,57,108,109,111" machi="30" ten="40,5200,0" yaku="1,1,14,1,52,1,53,0" doraHai="25" doraHaiUra="91" who="3" fromWho="0" sc="250,-52,250,0,250,0,240,62" /><INIT seed="1,0,0,1,5,16" ten="198,250,250,302" oya="1" hai0="130,72,78,80,116,87,134,48,118,64,111,59,35" hai1="101,82,49,68,18,55,123,74,107,19,60,20,124" hai2="125,40,24,63,95,27,31,11,12,75,127,106,28" hai3="79,43,47,30,54,56,29,23,88,26,83,69,133" shuffle="mt19937ar,8326D5A8,D6D4FD06,9FB97465,B305CE86,8FE9B038,1EC9C664,0F96D9B5,A8B108DE"/><U61/><E123/><V34/><F106/><W96/><G69/><T90/><D35/><U129/><E124/><V51/><F75/><W57/><G133/><T42/><D130/><U58/><E129/><V3/><F63/><W38/><G30/><T50/><D134/><U66/><E101/><V46/><F3/><W5/><G5/><T8/><D111/><U110/><E107/><V135/><F135/><W77/><G83/><T115/><D115/><U76/><E110/><V33/><REACH who="2" step="1"/><F95/><REACH who="2" step="2"/><W94/><REACH who="3" step="1"/><G57/><REACH who="3" step="2"/><T9/><D116/><U93/><E93/><V2/><F2/><W84/><G84/><T99/><D118/><U62/><REACH who="1" step="1"/><E19/><AGARI ba="0,2" hai="11,12,19,24,27,28,31,33,34,40,46,51,125,127" machi="19" ten="40,2600,0" yaku="1,1,9,1,53,0" doraHai="16" doraHaiUra="113" who="2" fromWho="1" sc="198,0,250,-26,240,46,292,0" /><INIT seed="2,0,0,5,0,75" ten="198,224,286,292" oya="2" hai0="59,131,124,133,107,23,90,132,118,114,87,31,66" hai1="44,18,13,95,51,104,6,27,85,126,9,4,121" hai2="32,92,70,3,108,52,39,40,19,10,16,61,63" hai3="88,81,106,67,56,37,93,46,105,83,15,77,130" shuffle="mt19937ar,4846FEDD,65215E47,BC0E56C1,C330A854,1E4D4B46,CA4DCD75,30F610B2,8A929026"/><V84/><F32/><W7/><G130/><T125/><D107/><U26/><E104/><V54/><F108/><W43/><G67/><T89/><D114/><U49/><E121/><V8/><F39/><W103/><G56/><T119/><D66/><U96/><E85/><V53/><F40/><W38/><G38/><T111/><D59/><U5/><E126/><N who="0" m="48745" /><D31/><U12/><E12/><V17/><F70/><W74/><G103/><T14/><D111/><U1/><E1/><V127/><F127/><W98/><REACH who="3" step="1"/><G83/><REACH who="3" step="2"/><T24/><D131/><U68/><E68/><V82/><F92/><W60/><G60/><N who="2" m="23113" /><F3/><W34/><G34/><T101/><D101/><N who="1" m="60575" /><E51/><V123/><F123/><W42/><G42/><AGARI ba="0,1" hai="4,5,6,9,13,18,26,27,42,44,49" m="60575" machi="42" ten="30,1000,0" yaku="8,1" doraHai="75" who="1" fromWho="3" sc="198,0,224,20,286,0,282,-10" /><INIT seed="3,0,0,2,4,14" ten="198,244,286,272" oya="3" hai0="4,115,118,24,79,93,97,9,17,51,121,101,114" hai1="18,106,81,35,98,49,41,54,34,48,87,111,12" hai2="71,86,60,103,125,1,99,95,83,8,59,72,56" hai3="55,5,85,84,82,116,46,36,31,33,110,58,70" shuffle="mt19937ar,EF942FD5,48DDCA36,BD18FF31,841C0F33,177A6239,31895227,C3BE430F,62977314"/><W128/><G128/><T19/><D118/><U94/><E106/><V129/><F129/><W135/><G116/><T133/><D121/><U126/><E126/><V52/><F125/><W96/><G135/><T53/><D133/><U40/><E35/><V100/><F72/><W39/><G39/><T108/><D79/><U73/><E34/><V6/><F71/><W7/><G70/><T89/><D108/><U13/><E73/><V20/><F59/><W37/><G96/><T130/><D130/><U16/><E111/><V102/><F20/><W57/><G110/><T66/><D66/><U67/><E67/><V119/><F119/><W42/><G33/><T120/><D120/><U122/><E122/><V64/><F64/><W3/><G31/><T77/><D77/><AGARI ba="0,0" hai="1,6,8,52,56,60,77,83,86,95,99,100,102,103" machi="77" ten="30,2000,0" yaku="7,1,54,1" doraHai="14" who="2" fromWho="0" sc="198,-20,244,0,286,20,272,0" owari="178,-22,244,-11,306,31,272,2" /></mjloggm>