<mjloggm ver="2.3"><GO type="41"/><UN n0="%68%65%79%68%6F" n1="%4C%44" n2="%E3%82%A6%E3%83%AB%E3%83%88%E3%83%A9%E7%AB%8B%E7%9B%B4" n3="%E8%90%8C%E3%81%88%E3%81%AE%E7%B4%A1%E3%81%8E%E6%89%8B%33" dan="13,13,15,15" rate="1839,1903,1959,1983" sx="M,M,M,M"/><TAIKYOKU oya="0"/><INIT seed="0,0,0,0,1,69" ten="250,250,250,250" oya="0" hai0="49,37,94,129,70,3,124,93,105,92,95,116,61" hai1="85,21,81,63,31,35,110,132,11,67,75,115,98" hai2="23,76,68,57,120,88,72,30,14,106,130,12,82" hai3="91,17,22,133,19,127,99,0,104,32,97,86,62"/><T26/><D3/><U90/><E115/><V7/><F68/><W64/><G32/><T46/><D116/><U5/><E35/><V48/><F106/><W18/><G0/><T103/><D105/><U24/><E132/><V20/><F120/><W87/><G133/><T123/><D123/><U66/><E110/><V108/><F130/><W10/><G10/><T15/><D129/><U43/><E43/><V119/><F108/><W101/><G127/><T53/><D124/><U42/><E42/><V78/><F72/><W100/><G91/><T107/><D26/><U50/><E50/><V28/><F48/><W113/><G113/><T44/><D15/><U71/><E75/><V122/><F57/><W118/><G118/><T27/><D27/><U125/><E125/><V45/><F45/><W65/><G65/><T109/><D109/><U2/><E98/><V41/><F41/><W29/><G29/><N who="2" m="11369" /><F122/><W135/><G135/><T112/><D112/><U74/><E74/><V47/><F47/><W25/><G86/><T84/><D107/><U36/><E36/><V96/><F96/><W117/><G87/><T114/><D114/><U131/><E131/><V38/><F7/><W56/><REACH who="3" step="1"/><G117/><REACH who="3" step="2"/><T59/><D103/><U79/><REACH who="1" step="1"/><E67/><REACH who="1" step="2"/><V60/><F119/><W34/><G34/><T134/><D84/><U55/><E55/><V126/><F126/><W89/><G89/><AGARI ba="0,2" hai="2,5,11,21,24,31,63,66,71,79,81,85,89,90" machi="89" ten="40,2600,0" yaku="1,1,53,1" doraHai="69" doraHaiUra="6" who="1" fromWho="3" sc="250,0,240,46,250,0,240,-26" /><INIT seed="1,0,0,3,1,23" ten="250,286,250,214" oya="1" hai0="66,68,15,59,99,132,118,126,41,40,36,73,122" hai1="127,26,63,96,13,32,44,88,120,77,0,65,103" hai2="102,10,58,61,84,125,131,91,8,124,105,116,72" hai3="75,38,30,16,22,3,133,17,51,79,123,94,108"/><U85/><E120/><V134/><F72/><W115/><G115/><T56/><D73/><U76/><E0/><V92/><F116/><W101/><G38/><T107/><D118/><U74/><E44/><V70/><F70/><W86/><G123/><T71/><D107/><U29/><E74/><V7/><F131/><W39/><G39/><T34/><D34/><U130/><E130/><V82/><F105/><W42/><G3/><T5/><D99/><U121/><E13/><V97/><F134/><W114/><G114/><T46/><D122/><U110/><E110/><V12/><REACH who="2" step="1"/><F8/><REACH who="2" step="2"/><W31/><G133/><T50/><D132/><U4/><E121/><V89/><F89/><W28/><G108/><T106/><D106/><U109/><E109/><V2/><F2/><W64/><G75/><T48/><D126/><U100/><E127/><V9/><F9/><W27/><G101/><T129/><D129/><U11/><E103/><V53/><AGARI ba="0,1" hai="7,10,12,53,58,61,82,84,91,92,97,102,124,125" machi="53" ten="30,2000,0" yaku="1,1,0,1,53,0" doraHai="23" doraHaiUra="111" who="2" fromWho="2" sc="250,-5,286,-10,240,30,214,-5" /><INIT seed="2,0,0,5,3,90" ten="245,276,270,209" oya="2" hai0="8,32,93,98,27,34,87,111,108,114,33,131,97" hai1="124,60,83,38,82,14,115,110,5,45,92,119,9" hai2="96,21,29,74,62,36,61,80,47,26,10,75,116" hai3="12,56,55,35,72,99,102,69,11,103,13,64,88"/><V68/><F116/><W17/><G35/><T42/><D114/><U81/><E119/><V50/><F36/><W134/><G134/><T128/><D42/><U49/><E115/><V31/><F31/><W59/><G72/><T126/><D8/><U37/><E110/><N who="0" m="42025" /><D126/><U2/><E124/><V48/><F75/><W123/><G123/><T86/><D27/><U52/><E60/><V121/><F121/><W77/><G69/><T43/><D43/><U19/><REACH who="1" step="1"/><E92/><REACH who="1" step="2"/><V24/><F61/><N who="3" m="37927" /><G77/><T120/><D93/><U95/><E95/><V16/><F62/><N who="3" m="36223" /><G12/><T66/><D120/><U133/><E133/><V113/><F113/><W107/><G107/><T15/><D97/><U28/><E28/><V76/><F96/><W105/><G105/><T84/><D98/><U109/><E109/><V6/><F29/><W127/><G127/><T18/><D66/><U104/><E104/><V1/><F26/><W106/><G106/><T78/><D15/><U135/><E135/><V79/><F24/><W22/><G11/><AGARI ba="0,1" hai="2,5,9,11,14,19,37,38,45,49,52,81,82,83" machi="11" ten="40,2600,0" yaku="1,1,54,1,53,0" doraHai="90" doraHaiUra="65" who="1" fromWho="3" sc="245,0,266,36,270,0,209,-26" /><INIT seed="3,0,0,1,4,22" ten="245,302,270,183" oya="3" hai0="12,0,65,41,124,77,121,131,48,88,24,79,102" hai1="71,31,113,34,133,18,122,73,17,115,43,40,125" hai2="36,90,58,23,95,56,45,35,25,106,119,86,1" hai3="93,101,46,87,60,114,49,6,50,107,61,129,111"/><W21/><G114/><T69/><D0/><U9/><E71/><V16/><F1/><W10/><G129/><T54/><D131/><U134/><E73/><V74/><F74/><W37/><G107/><T80/><D121/><U72/><E72/><V59/><F106/><W39/><G39/><T128/><D128/><U53/><E122/><V26/><F119/><W132/><G132/><T120/><D120/><U8/><E31/><V38/><REACH who="2" step="1"/><F45/><REACH who="2" step="2"/><W47/><G111/><T135/><D135/><U85/><E134/><V81/><F81/><W123/><G123/><T116/><D116/><U126/><E133/><V66/><F66/><W3/><G37/><T68/><D65/><U108/><E108/><V29/><AGARI ba="0,1" hai="16,23,25,26,29,35,36,38,56,58,59,86,90,95" machi="29" ten="30,8000,1" yaku="1,1,0,1,52,2,54,1,53,0" doraHai="22" doraHaiUra="103" who="2" fromWho="2" sc="245,-20,302,-20,260,90,183,-40" /><INIT seed="4,0,0,5,5,45" ten="225,282,350,143" oya="0" hai0="97,131,126,72,123,54,76,18,46,48,113,63,11" hai1="79,89,58,125,15,17,64,96,14,38,115,103,9" hai2="30,8,56,35,134,77,116,26,28,40,34,87,98" hai3="25,80,39,51,92,99,20,61,124,4,82,44,23"/><T111/><D123/><U37/><E125/><V62/><F116/><W41/><G124/><T93/><D126/><U53/><E64/><V95/><F40/><W59/><G39/><T105/><D105/><U16/><E79/><V42/><F42/><W118/><G118/><T68/><D111/><U29/><E29/><V117/><F134/><W86/><G4/><T66/><D131/><U13/><E89/><V1/><F1/><W22/><G86/><T132/><D132/><U108/><E108/><V109/><F8/><W7/><G7/><T107/><D107/><U19/><E9/><V0/><F0/><W55/><REACH who="3" step="1"/><G25/><REACH who="3" step="2"/><T60/><D113/><U36/><E115/><V52/><F117/><W81/><G81/><T70/><D72/><U106/><REACH who="1" step="1"/><E37/><REACH who="1" step="2"/><V71/><F109/><W84/><G84/><T57/><D66/><U130/><E130/><V122/><F87/><W135/><G135/><T104/><D76/><U88/><E88/><AGARI ba="0,2" hai="20,22,23,41,44,51,55,59,61,80,82,88,92,99" machi="88" ten="40,8000,1" yaku="1,1,8,1,52,1,54,1,53,0" doraHai="45" doraHaiUra="83" who="3" fromWho="1" sc="225,0,272,-80,350,0,133,100" /><INIT seed="5,0,0,5,3,8" ten="225,192,350,233" oya="1" hai0="27,33,30,123,107,121,36,38,39,82,21,102,60" hai1="0,12,16,54,90,48,65,118,115,104,37,46,105" hai2="134,76,100,84,93,80,101,67,18,15,116,43,96" hai3="13,66,88,86,120,83,99,35,26,41,11,34,25"/><U19/><E115/><V61/><F134/><W92/><G120/><N who="0" m="46155" /><D82/><U49/><E118/><V73/><F43/><W14/><G41/><T125/><D125/><U79/><E37/><V126/><F126/><W130/><G130/><T47/><D60/><U135/><E79/><V1/><F1/><W2/><G2/><T119/><D119/><U97/><E135/><V127/><F127/><W45/><G45/><T7/><D7/><U112/><E0/><V71/><F116/><W59/><G34/><T69/><D69/><U28/><E28/><V6/><F6/><W113/><G113/><T128/><D128/><U52/><E65/><V31/><F31/><W78/><G35/><T77/><D77/><U9/><E112/><V122/><F122/><W62/><G11/><T98/><D21/><U103/><E90/><V3/><F3/><W129/><G129/><T70/><D70/><U56/><REACH who="1" step="1"/><E19/><REACH who="1" step="2"/><V58/><F101/><W42/><G42/><AGARI ba="0,1" hai="27,30,33,36,38,39,42,47,98,102,107" m="46155" machi="42" ten="30,2000,0" yaku="13,1,23,1" doraHai="8" who="0" fromWho="3" sc="225,30,182,0,350,0,233,-20" /><INIT seed="6,0,0,3,0,45" ten="255,182,350,213" oya="2" hai0="96,57,88,129,32,123,115,102,20,7,27,128,120" hai1="46,105,61,47,30,90,9,14,59,34,101,36,25" hai2="50,29,131,6,121,97,4,24,17,8,33,22,69" hai3="133,117,62,132,26,60,112,0,80,44,89,134,73"/><V53/><F69/><W37/><G117/><T18/><D32/><U93/><E101/><V2/><F121/><W70/><G0/><T66/><D7/><U19/><E105/><V107/><F6/><W130/><G112/><T99/><D115/><U48/><E36/><V104/><F97/><W11/><G130/><N who="0" m="50283" /><D96/><U31/><E25/><V84/><F84/><N who="3" m="50311" /><G73/><T41/><D41/><U94/><E34/><V124/><F124/><W65/><G11/><T79/><D79/><U86/><E94/><V64/><F64/><W71/><G26/><T119/><D119/><U135/><E135/><V125/><F125/><W42/><G62/><N who="0" m="38223" /><D88/><U72/><E72/><V106/><F106/><AGARI ba="0,0" hai="18,20,27,99,102,106,120,123" m="38223,50283" machi="106" ten="30,1000,0" yaku="19,1" doraHai="45" who="0" fromWho="2" sc="255,10,182,0,350,-10,213,0" /><INIT seed="7,0,0,5,1,7" ten="265,182,340,213" oya="3" hai0="129,128,27,81,39,56,122,34,59,119,78,4,49" hai1="43,48,45,10,1,92,134,28,29,105,44,36,53" hai2="57,102,0,109,120,2,26,64,106,40,135,77,112" hai3="68,131,114,88,90,47,76,50,98,96,13,35,9"/><W85/><G114/><T8/><D39/><U54/><E105/><V5/><F40/><N who="3" m="24935" /><G35/><T121/><D119/><U130/><E134/><V94/><F26/><W61/><G68/><T16/><D34/><U107/><E130/><N who="0" m="50281" /><D49/><U127/><E107/><V123/><F57/><N who="0" m="22090" /><D4/><U55/><E127/><V100/><F5/><N who="3" m="3247" /><G61/><T132/><D132/><U46/><E1/><V75/><F2/><W83/><G131/><T125/><D125/><U25/><E92/><V116/><F94/><N who="3" m="56391" /><G98/><T62/><D62/><U11/><E28/><V110/><F120/><W30/><G30/><T60/><D60/><U111/><E111/><V70/><F110/><W86/><G86/><N who="0" m="48439" /><D27/><U37/><E48/><V126/><F64/><W21/><G21/><T71/><D71/><U20/><REACH who="1" step="1"/><E45/><REACH who="1" step="2"/><V99/><F109/><W67/><G67/><T65/><D65/><U108/><E108/><V51/><F112/><W95/><G95/><T18/><D122/><U15/><E15/><V66/><F126/><W31/><G31/><T19/><D121/><U74/><E74/><V38/><F123/><W82/><G82/><T115/><D115/><U23/><E23/><V14/><F0/><W133/><G133/><T52/><D8/><U101/><E101/><V113/><F102/><W3/><G3/><T42/><D42/><AGARI ba="0,1" hai="10,11,20,25,29,36,37,42,43,44,46,53,54,55" machi="42" ten="40,8000,1" yaku="1,1,9,1,52,2,53,0" doraHai="7" doraHaiUra="79" who="1" fromWho="0" sc="265,-80,172,90,340,0,213,0" owari="185,-31,262,6,340,44,213,-19" /></mjloggm>