<mjloggm ver="2.3"><GO type="193"/><UN n0="%E3%82%A6%E3%83%AB%E3%83%88%E3%83%A9%E7%AB%8B%E7%9B%B4" n1="%68%2E%6F%6D%65%67%61" n2="%E3%81%97%E3%81%97%E3%82%83%E3%82%82%37" n3="%74%75%62%30" dan="12,11,11,10" rate="1784,1634,1586,1725" sx="M,M,M,M"/><TAIKYOKU oya="0"/><INIT seed="0,0,0,3,3,63" ten="250,250,250,250" oya="0" hai0="102,65,127,92,37,53,67,129,108,133,83,73,79" hai1="16,125,66,124,20,72,117,76,33,62,89,131,51" hai2="97,9,64,36,30,70,14,116,50,52,19,135,85" hai3="44,34,56,10,109,59,29,118,21,123,104,111,119" shuffle="mt19937ar,437F799D,3ACD15CB,8749126B,51EDE872,37D654CE,821CE184,384C9189,5109A269"/><T95/><D37/><U60/><E117/><N who="3" m="44554" /><G104/><T12/><D127/><N who="1" m="48715" /><E33/><V32/><F36/><W88/><G123/><T96/><D129/><U105/><E131/><V98/><F135/><W71/><G71/><T81/><D133/><U69/><E105/><V17/><F32/><W7/><G44/><T6/><D108/><N who="3" m="41545" /><G34/><T22/><D83/><N who="1" m="45447" /><E60/><V120/><F30/><W110/><G110/><T91/><D53/><U27/><E89/><V48/><F120/><W31/><G21/><T4/><D22/><U15/><E51/><V57/><F70/><W93/><G31/><T122/><D122/><U90/><E90/><V103/><F85/><N who="3" m="52367" /><G29/><T54/><D54/><U113/><E113/><V26/><F26/><AGARI ba="0,0" hai="15,16,20,26,27,62,66,69" m="45447,48715" machi="26" ten="30,3900,0" yaku="18,1,52,1,54,1" doraHai="63" who="1" fromWho="2" sc="250,0,250,39,250,-39,250,0" /><INIT seed="1,0,0,2,4,52" ten="250,289,211,250" oya="1" hai0="102,88,56,91,118,99,70,123,40,96,132,74,35" hai1="12,135,54,81,57,9,110,20,78,55,89,11,42" hai2="13,124,23,119,16,67,41,64,76,121,58,50,90" hai3="38,97,66,73,18,120,127,80,83,10,87,104,86" shuffle="mt19937ar,1B179EB3,B426E16E,924014F8,6A663D31,B8A5388C,30A137C1,99DEABAD,63F811CA"/><U108/><E135/><V92/><F121/><W77/><G120/><T75/><D70/><U31/><E42/><V22/><F119/><W115/><G38/><T47/><D123/><U126/><E126/><V85/><F124/><W30/><G115/><T60/><D35/><U105/><E105/><V44/><F23/><W8/><G127/><T113/><D118/><U45/><E45/><V34/><F34/><W6/><G66/><T24/><D24/><U98/><E31/><V36/><F76/><W109/><G73/><T15/><D15/><U21/><E98/><V117/><F117/><W25/><G18/><T112/><D132/><U101/><E101/><V19/><F19/><W39/><G39/><T122/><D122/><U82/><E89/><V69/><F69/><W27/><G10/><T129/><D129/><U84/><E12/><V46/><F46/><W4/><G6/><T128/><D128/><U62/><E81/><V116/><F116/><W106/><G97/><T17/><D17/><U32/><E32/><V33/><F33/><W72/><G104/><T131/><D131/><U107/><E107/><V95/><F95/><W130/><G106/><T63/><D102/><U48/><E21/><V114/><F114/><W133/><G130/><T53/><D47/><N who="1" m="27935" /><E20/><V0/><F0/><W5/><G133/><T71/><D71/><U51/><E62/><V7/><F7/><W2/><G4/><T68/><D68/><U28/><E28/><V29/><F29/><W61/><G5/><T26/><D112/><U65/><E65/><V79/><F79/><W93/><G2/><RYUUKYOKU ba="0,0" sc="250,-15,289,15,211,15,250,-15" hai1="9,11,51,55,57,78,82,84,108,110" hai2="13,16,22,36,41,44,50,58,64,67,85,90,92" /><INIT seed="1,1,0,1,1,113" ten="235,304,226,235" oya="1" hai0="75,107,116,62,24,57,13,4,9,94,130,37,63" hai1="99,34,78,58,38,95,128,73,47,50,90,119,45" hai2="135,105,88,26,85,121,134,112,92,0,103,83,12" hai3="32,60,36,52,123,16,104,77,56,1,43,122,27" shuffle="mt19937ar,204DE08B,0CFA26A9,3AE5C96E,8EDDB44D,206720DF,2D6BB282,1EB14EBD,A3CAFD48"/><U108/><E119/><V68/><F68/><W30/><G123/><T49/><D107/><U66/><E34/><V22/><F0/><W46/><G122/><T84/><D37/><U111/><E128/><V28/><F12/><W79/><G104/><T14/><D75/><U69/><E38/><V131/><F131/><W101/><G101/><T126/><D130/><U129/><E129/><V15/><F15/><W106/><G106/><T2/><D2/><U55/><E73/><V91/><F112/><W86/><G86/><T81/><D126/><U124/><E124/><V23/><F121/><W41/><G41/><T110/><D110/><N who="1" m="42027" /><E78/><V65/><F65/><W39/><G39/><T25/><D116/><U72/><E72/><V3/><F3/><W6/><G1/><T120/><D120/><U64/><E69/><V59/><F59/><W7/><G7/><T40/><D14/><U70/><E70/><V133/><F105/><W42/><G42/><T48/><D94/><U117/><E117/><V80/><F103/><W21/><REACH who="3" step="1"/><G6/><REACH who="3" step="2"/><T82/><D40/><U44/><AGARI ba="1,1" hai="44,45,47,50,55,58,64,66,90,95,99" m="42027" machi="44" ten="30,3000,0" yaku="14,1,10,1" doraHai="113" who="1" fromWho="1" sc="235,-11,304,43,226,-11,225,-11" /><INIT seed="1,2,0,2,0,31" ten="224,347,215,214" oya="1" hai0="71,46,45,78,53,26,79,99,63,68,82,60,101" hai1="110,75,5,21,40,130,95,112,124,93,13,14,66" hai2="12,58,48,76,11,102,109,74,35,30,122,36,0" hai3="70,113,135,123,1,88,50,127,121,80,126,117,129" shuffle="mt19937ar,610C77CD,1F9AC01A,F45464D4,CAC833AA,D5F648FF,30EA6DB3,F67EDB1C,F118AD6A"/><U28/><E112/><V65/><F122/><N who="3" m="46603" /><G70/><T55/><D26/><U29/><E75/><V125/><F109/><W97/><G50/><T73/><D99/><U15/><E66/><V41/><F125/><N who="3" m="47627" /><G1/><T72/><D82/><U22/><E124/><V7/><F102/><AGARI ba="2,0" hai="45,46,53,55,60,63,68,71,72,73,78,79,101,102" machi="102" ten="25,1600,0" yaku="22,2" doraHai="31" who="0" fromWho="2" sc="224,22,347,0,215,-22,214,0" /><INIT seed="2,0,0,4,0,135" ten="246,347,193,214" oya="2" hai0="122,85,83,52,36,68,133,56,93,72,48,114,118" hai1="128,27,81,31,94,75,130,61,74,1,41,132,108" hai2="125,105,134,20,53,59,102,99,110,35,77,115,29" hai3="13,9,18,104,45,73,116,4,7,76,87,33,15" shuffle="mt19937ar,9A88391D,68CA8499,5E052D3F,734E45BD,B560EDD3,70300E1A,2F8A0014,A69160E6"/><V11/><F115/><W131/><G116/><T106/><D106/><U46/><E94/><V26/><F26/><W0/><G104/><T69/><D36/><N who="1" m="21799" /><E61/><V64/><F35/><W3/><G33/><T6/><D114/><U39/><E132/><V70/><F29/><W117/><G117/><T101/><D133/><U91/><E91/><V17/><F134/><W67/><G131/><N who="1" m="50218" /><E39/><V12/><F11/><W112/><G45/><T71/><D122/><U37/><E37/><V2/><F110/><W121/><G112/><T90/><D118/><U42/><E42/><V63/><F2/><W25/><G121/><T119/><D119/><U47/><E47/><V98/><F99/><W8/><G67/><T92/><D6/><U62/><E62/><V60/><REACH who="2" step="1"/><F77/><REACH who="2" step="2"/><W96/><G76/><T55/><D101/><U82/><E27/><V49/><F49/><W40/><G96/><T79/><D55/><U32/><E1/><V109/><F109/><W123/><G0/><T89/><REACH who="0" step="1"/><D89/><REACH who="0" step="2"/><U10/><E108/><V78/><F78/><W43/><G3/><T30/><D30/><U19/><E31/><V21/><F21/><W23/><G123/><T58/><D58/><U38/><E19/><V50/><F50/><W97/><G73/><T51/><D51/><U80/><E74/><V22/><F22/><W66/><G87/><T103/><D103/><U127/><E75/><V44/><F44/><W65/><G97/><T84/><D84/><U95/><E38/><V129/><F129/><W86/><G86/><T100/><D100/><U126/><E32/><V34/><F34/><RYUUKYOKU ba="0,2" sc="236,10,347,-30,183,10,214,10" hai0="48,52,56,68,69,71,72,79,83,85,90,92,93" hai2="12,17,20,53,59,60,63,64,70,98,102,105,125" hai3="4,7,8,9,13,15,18,23,25,40,43,65,66" /><INIT seed="2,1,2,5,4,94" ten="246,317,193,224" oya="2" hai0="75,16,61,11,73,32,40,116,56,84,81,69,74" hai1="129,68,44,108,20,9,41,86,2,31,96,18,4" hai2="34,85,110,47,66,62,119,26,7,13,88,57,30" hai3="37,77,133,51,112,113,12,126,104,70,79,36,48" shuffle="mt19937ar,388C90FF,16CAA679,315A6C3C,25DBD6D1,363DB32B,791DAED3,43B45EBD,C5D521E6"/><V98/><F119/><W63/><G104/><T6/><D32/><U42/><E68/><V58/><F110/><W107/><G107/><T82/><D116/><U130/><E108/><V100/><F47/><W39/><G12/><T105/><D105/><U45/><E96/><V109/><F109/><W19/><G70/><T115/><D69/><U8/><E86/><V59/><F7/><W5/><G5/><T114/><D40/><N who="1" m="15467" /><E31/><V97/><F13/><W76/><G19/><T106/><D106/><U50/><E2/><V60/><F60/><W65/><G65/><T21/><D11/><N who="1" m="4171" /><E4/><V120/><F120/><W46/><G46/><N who="1" m="18026" /><E50/><V43/><F43/><W15/><G36/><T29/><D6/><U0/><E0/><V71/><REACH who="2" step="1"/><F100/><REACH who="2" step="2"/><W90/><G37/><T91/><D114/><U80/><E18/><V132/><F132/><W128/><G39/><T64/><D115/><U22/><E80/><AGARI ba="1,3" hai="26,30,34,57,58,59,62,66,71,80,85,88,97,98" machi="80" ten="40,12000,1" yaku="1,1,52,2,54,1,53,1" doraHai="94" doraHaiUra="28" who="2" fromWho="1" sc="246,0,317,-123,183,153,224,0" /><INIT seed="2,2,0,5,5,115" ten="246,194,336,224" oya="2" hai0="39,90,48,49,125,111,0,99,122,105,52,8,93" hai1="113,64,65,14,38,92,68,129,75,127,17,120,85" hai2="83,37,71,118,69,88,134,51,76,110,95,86,104" hai3="47,94,101,26,44,41,131,107,11,23,102,98,24" shuffle="mt19937ar,5C91BF12,11A0CAF5,D1636BAA,14CBE548,DDCCC45B,6AD31151,A44A97A1,35EC95DC"/><V126/><F118/><W35/><G131/><T79/><D39/><U6/><E113/><V36/><F126/><W87/><G35/><T7/><D125/><U28/><E127/><V81/><F134/><W60/><G11/><T96/><D122/><U2/><E120/><V27/><F110/><W100/><G107/><T57/><D111/><U112/><E112/><V78/><F104/><W16/><G87/><T59/><D79/><U135/><E129/><V43/><F27/><W124/><G124/><T56/><D105/><U31/><E135/><V89/><F51/><W119/><G119/><T5/><D5/><U80/><E75/><V20/><F20/><W117/><G117/><T19/><D99/><U132/><E38/><V55/><F55/><W4/><G4/><T74/><D74/><U3/><E132/><V40/><F95/><W97/><G60/><T22/><REACH who="0" step="1"/><D49/><REACH who="0" step="2"/><U33/><E6/><V67/><F67/><W12/><G26/><AGARI ba="2,1" hai="0,7,8,19,22,26,48,52,56,57,59,90,93,96" machi="26" ten="30,7700,0" yaku="1,1,2,1,7,1,54,1,53,0" doraHai="115" doraHaiUra="73" who="0" fromWho="3" sc="236,93,194,0,336,0,224,-83" /><INIT seed="3,0,0,1,5,34" ten="329,194,336,141" oya="3" hai0="19,115,98,114,123,45,12,94,86,10,70,59,96" hai1="8,41,21,4,42,87,20,14,63,24,23,80,57" hai2="133,54,13,40,5,91,129,68,31,130,81,66,47" hai3="105,120,92,16,53,85,36,46,55,73,26,15,121" shuffle="mt19937ar,4D81A5C7,18DF3323,AACEAA1E,4FD8EE0C,36D60CB0,C3BA0F7F,C509D253,99912A9D"/><W126/><G126/><T11/><D70/><U37/><E37/><V77/><F133/><W108/><G121/><T122/><D45/><U7/><E41/><V118/><F118/><W88/><G120/><N who="0" m="46123" /><D59/><U64/><E42/><V132/><F132/><W107/><G108/><T117/><D117/><U124/><E124/><V22/><F68/><W79/><G73/><T43/><D43/><U2/><E24/><V116/><F66/><W76/><G26/><T72/><D72/><U51/><E51/><N who="2" m="27111" /><F116/><W102/><G36/><T127/><D127/><U61/><E63/><V52/><F91/><W58/><G46/><T28/><D28/><U99/><E99/><V67/><F67/><W25/><G25/><T83/><D11/><U69/><E69/><V75/><F31/><W30/><G30/><T18/><D18/><U100/><E100/><V131/><F22/><W135/><G135/><T84/><D94/><U106/><E106/><V50/><F50/><N who="3" m="31031" /><G55/><T103/><D103/><U128/><E128/><V39/><F39/><W104/><G102/><T78/><D84/><U3/><REACH who="1" step="1"/><E7/><REACH who="1" step="2"/><V44/><F5/><W17/><G17/><T97/><D97/><U1/><E1/><V62/><F62/><W6/><G6/><T90/><D98/><U38/><E38/><V82/><F13/><W119/><G119/><T65/><D65/><U29/><E29/><V56/><F82/><W9/><G107/><T109/><D109/><U95/><E95/><V101/><F101/><W89/><G105/><T111/><D111/><U125/><E125/><V0/><F0/><W27/><G104/><RYUUKYOKU ba="0,1" sc="329,15,184,15,336,-15,141,-15" hai0="10,12,19,78,83,86,90,96,114,115" hai1="2,3,4,8,14,20,21,23,57,61,64,80,87" owari="354,35,199,-15,321,7,126,-27" /></mjloggm>