<mjloggm ver="2.3"><GO type="41"/><UN n0="%E3%83%95%E3%82%A7%E3%83%AB%E3%83%A1%E3%83%BC%E3%83%AB" n1="%E3%83%95%E3%82%A7%E3%83%AA%E3%82%B9%E5%A5%B3%E5%AD%A6%E9%99%A2" n2="%E3%81%8B%E3%81%BB%E3%82%8A%E3%81%95%E3%82%93" n3="%E3%82%A6%E3%83%AB%E3%83%88%E3%83%A9%E7%AB%8B%E7%9B%B4" dan="13,14,15,15" rate="1928,1935,1971,1972" sx="M,F,F,M"/><TAIKYOKU oya="0"/><INIT seed="0,0,0,2,2,26" ten="250,250,250,250" oya="0" hai0="66,103,46,69,28,30,6,93,42,118,57,120,37" hai1="20,105,52,98,63,31,56,112,88,58,117,86,16" hai2="125,38,131,100,123,72,44,12,14,33,79,36,7" hai3="129,119,61,122,75,90,113,121,73,24,110,59,114"/><T94/><D118/><U127/><E117/><V55/><F123/><W92/><G59/><T126/><D120/><N who="3" m="46185" /><G61/><T18/><D69/><U40/><E31/><V109/><F100/><W82/><G24/><T15/><D6/><U5/><E127/><V77/><F33/><W48/><G48/><N who="0" m="26711" /><D126/><U67/><E105/><V76/><F125/><W115/><G119/><T35/><D37/><U60/><E98/><V102/><F102/><W51/><G51/><T10/><D35/><U50/><E112/><N who="3" m="28674" /><W96/><DORA hai="85" /><G129/><T19/><D19/><U83/><E5/><V29/><F72/><N who="3" m="27723" /><G110/><T91/><D103/><U4/><E4/><V0/><F109/><W34/><G34/><T89/><D57/><U25/><E40/><V87/><F131/><W70/><G70/><T99/><D66/><U21/><E21/><V97/><F38/><W68/><G68/><T101/><D101/><U41/><E41/><V9/><F36/><W45/><G45/><T22/><D10/><U107/><E107/><V62/><F44/><W132/><G132/><T64/><D64/><U1/><E1/><V32/><F62/><AGARI ba="0,0" hai="16,20,25,50,52,56,58,60,62,63,67,83,86,88" machi="62" ten="40,8000,1" yaku="8,1,52,1,54,3" doraHai="26,85" who="1" fromWho="2" sc="250,0,250,80,250,-80,250,0" /><INIT seed="1,0,0,4,0,135" ten="250,330,170,250" oya="1" hai0="3,80,56,20,126,44,97,2,69,4,7,79,93" hai1="84,39,6,82,47,46,104,123,101,68,67,134,28" hai2="23,87,132,116,31,8,27,54,73,57,38,42,0" hai3="22,76,14,108,29,107,74,106,131,127,16,64,133"/><U113/><E123/><V129/><F116/><W30/><G106/><T61/><D69/><U58/><E113/><V26/><F132/><W114/><G107/><T121/><D3/><U19/><E6/><V50/><F129/><W110/><G133/><T95/><D121/><U78/><E68/><V66/><F73/><W111/><G64/><T90/><D44/><U86/><E28/><N who="3" m="10858" /><G76/><T130/><D130/><U99/><E134/><V72/><F66/><W81/><G81/><T17/><D93/><U63/><E19/><V89/><F72/><W53/><G74/><T33/><D33/><U9/><E9/><V122/><F122/><W41/><G41/><T35/><D35/><U117/><E117/><V55/><F38/><W88/><G131/><T118/><D2/><U21/><E21/><V85/><F42/><W77/><G77/><T83/><D118/><U125/><E39/><V71/><F71/><W48/><G114/><T32/><D32/><U24/><E24/><V102/><F27/><W119/><G119/><T5/><D79/><U51/><E78/><V70/><F70/><W11/><G11/><T120/><D120/><U98/><E82/><V62/><F8/><W103/><G103/><T12/><REACH who="0" step="1"/><D126/><REACH who="0" step="2"/><U10/><E125/><V13/><F0/><W37/><G127/><T124/><D124/><U34/><E46/><V18/><F102/><W59/><G37/><T1/><D1/><U60/><E47/><N who="2" m="27999" /><F89/><AGARI ba="0,1" hai="14,16,22,48,53,59,88,89,108,110,111" m="10858" machi="89" ten="40,5200,0" yaku="14,1,54,2" doraHai="135" who="3" fromWho="2" sc="240,0,330,0,170,-52,250,62" /><INIT seed="2,0,0,2,4,51" ten="240,330,118,312" oya="2" hai0="8,67,65,99,60,43,52,58,7,125,126,54,11" hai1="86,122,73,88,32,26,97,79,110,91,44,3,2" hai2="22,95,134,106,0,114,19,24,59,124,50,116,42" hai3="119,5,14,46,89,101,36,4,1,131,20,113,13"/><V47/><F116/><W70/><G70/><T28/><D43/><U87/><E32/><V45/><F0/><W117/><G101/><T121/><D121/><U9/><E26/><V16/><F114/><W17/><G89/><T76/><D11/><U108/><E44/><V132/><F106/><W129/><G46/><T38/><D38/><U33/><E33/><V84/><F124/><N who="0" m="47722" /><D28/><U39/><E39/><V90/><F42/><W98/><G36/><T41/><D41/><U25/><E25/><V103/><F103/><W10/><G98/><T123/><D123/><U6/><E122/><V104/><F104/><W77/><G77/><T49/><D76/><U82/><E97/><V85/><F85/><N who="1" m="32265" /><E2/><V29/><F59/><W34/><G34/><T61/><D99/><U66/><E66/><N who="0" m="25097" /><D54/><U55/><E55/><N who="2" m="30159" /><F47/><W69/><G69/><T53/><D53/><U18/><E18/><V130/><F130/><N who="3" m="49675" /><G113/><T96/><D96/><U118/><E118/><N who="3" m="45066" /><G1/><AGARI ba="0,0" hai="1,7,8,49,52,58,60,61" m="25097,47722" machi="1" ten="30,3900,0" yaku="18,1,52,1,54,1" doraHai="51" who="0" fromWho="3" sc="240,39,330,0,118,0,312,-39" /><INIT seed="3,0,0,1,0,59" ten="279,330,118,273" oya="3" hai0="28,58,39,77,115,0,120,2,37,81,48,132,113" hai1="64,54,73,14,90,89,92,129,135,96,109,68,25" hai2="69,80,63,26,7,76,12,8,34,30,127,124,60" hai3="119,118,33,13,94,104,23,95,57,61,105,19,41"/><W51/><G33/><T78/><D120/><U4/><E73/><N who="2" m="43023" /><F69/><W42/><G104/><T108/><D108/><U111/><E68/><V5/><F5/><W11/><G105/><T22/><D132/><U91/><E64/><V52/><F52/><N who="3" m="33959" /><G118/><T125/><D125/><AGARI ba="0,0" hai="7,8,12,26,30,34,60,63,124,125,127" m="43023" machi="125" ten="30,3900,0" yaku="18,1,52,2" doraHai="59" who="2" fromWho="0" sc="279,-39,330,0,118,39,273,0" /><INIT seed="4,0,0,3,0,97" ten="240,330,157,273" oya="0" hai0="50,74,110,108,73,63,16,9,29,84,79,59,34" hai1="113,20,88,131,19,107,14,77,4,92,57,126,22" hai2="45,121,51,94,104,80,60,125,49,135,35,65,55" hai3="111,72,69,0,38,78,10,124,83,103,128,115,95"/><T100/><D50/><U3/><E107/><V76/><F104/><W114/><G10/><T61/><D61/><U21/><E77/><V129/><F35/><W58/><G58/><T23/><D9/><N who="1" m="6607" /><E3/><V82/><F121/><W133/><G95/><T66/><D29/><U36/><E36/><V99/><F125/><W48/><G48/><T85/><D34/><U1/><E126/><V86/><F129/><W2/><G103/><T11/><D11/><U119/><E131/><V62/><F135/><W75/><G83/><N who="0" m="47231" /><D85/><N who="1" m="52239" /><E1/><V37/><F37/><W122/><G78/><T106/><D100/><U25/><E119/><V15/><F82/><W53/><G2/><T12/><D106/><U112/><E4/><V41/><F65/><W5/><G5/><T109/><AGARI ba="0,0" hai="12,16,23,59,63,66,73,74,108,109,110" m="47231" machi="109" ten="30,3000,0" yaku="10,1,54,1" doraHai="97" who="0" fromWho="0" sc="240,30,330,-10,157,-10,273,-10" /><INIT seed="4,1,0,2,3,1" ten="270,320,147,263" oya="0" hai0="130,7,15,95,5,109,121,70,93,17,44,36,4" hai1="105,63,72,132,78,0,51,23,115,131,135,91,100" hai2="9,37,68,21,89,39,66,116,76,82,83,64,33" hai3="22,60,6,58,71,81,108,87,27,117,32,113,111"/><T128/><D121/><U74/><E131/><N who="0" m="50217" /><D70/><U48/><E0/><V102/><F33/><W40/><G32/><T11/><D109/><U97/><E115/><V73/><F66/><W67/><G117/><T34/><D34/><U120/><E120/><V49/><F102/><W16/><G113/><T94/><D44/><U43/><E78/><V46/><F68/><W134/><G134/><T14/><D36/><U126/><E126/><V125/><F125/><W101/><G101/><T12/><AGARI ba="1,0" hai="4,5,7,11,12,14,15,17,93,94,95" m="50217" machi="12" ten="40,12000,1" yaku="19,1,52,3" doraHai="1" who="0" fromWho="0" sc="270,123,320,-41,147,-41,263,-41" /><INIT seed="4,2,0,2,5,126" ten="393,279,106,222" oya="0" hai0="92,36,50,89,61,66,8,86,23,22,2,96,122" hai1="123,11,85,83,131,49,115,110,14,37,21,32,69" hai2="44,58,5,93,27,24,125,120,25,87,20,91,3" hai3="26,68,90,130,102,112,119,57,99,28,46,71,10"/><T31/><D36/><U35/><E37/><V100/><F120/><W9/><G119/><T40/><D31/><U80/><E69/><V103/><F125/><W114/><G46/><N who="0" m="25927" /><D2/><U101/><E101/><V108/><F108/><W53/><G90/><N who="0" m="55319" /><D8/><U62/><E11/><V134/><F134/><W76/><G76/><T33/><D33/><U19/><E110/><V52/><F44/><W88/><G10/><T70/><D70/><U18/><E21/><V94/><F5/><W95/><G9/><T113/><D113/><N who="3" m="43625" /><G71/><T82/><D122/><U67/><E19/><V118/><F3/><W124/><G68/><T54/><D66/><U39/><E18/><V7/><F7/><W0/><G0/><T6/><D6/><U60/><E67/><V29/><F118/><W132/><G132/><T107/><D107/><U74/><E39/><V98/><REACH who="2" step="1"/><F103/><REACH who="2" step="2"/><W51/><G124/><T34/><D34/><U133/><E32/><V135/><F135/><W16/><G102/><T116/><D116/><U81/><E35/><V43/><F43/><W106/><G106/><T47/><D47/><U105/><E133/><V12/><F12/><W79/><G26/><T121/><D121/><U77/><E105/><V117/><F117/><W17/><G28/><T56/><AGARI ba="2,1" hai="22,23,54,56,61,82,86,89" m="55319,25927" machi="56" ten="30,1500,0" yaku="8,1" doraHai="126" who="0" fromWho="0" sc="393,31,279,-7,96,-7,222,-7" /><INIT seed="4,3,0,5,1,45" ten="424,272,89,215" oya="0" hai0="93,43,57,91,115,25,70,37,122,26,80,69,18" hai1="77,30,10,15,116,120,19,0,38,27,55,60,84" hai2="119,64,52,67,46,107,109,40,113,114,7,41,76" hai3="118,86,96,28,22,104,39,51,56,42,54,11,72"/><T79/><D122/><U33/><E38/><V6/><F107/><W134/><G118/><T1/><D1/><U48/><E116/><V2/><F119/><W75/><G134/><T112/><D57/><U127/><E60/><V58/><F109/><W82/><G75/><T3/><D3/><U68/><E68/><V125/><F76/><W111/><G72/><N who="0" m="43111" /><D43/><U71/><E71/><N who="0" m="27145" /><D18/><U132/><E132/><V66/><F2/><W74/><G74/><T16/><D16/><U49/><E120/><V47/><F7/><W131/><G111/><T31/><D37/><U135/><E135/><V123/><F125/><W73/><G73/><T59/><D59/><U44/><E127/><V63/><F6/><W121/><G121/><T9/><D9/><U106/><E106/><V4/><F4/><W5/><G39/><T129/><D31/><U89/><E77/><V101/><F123/><W24/><G42/><N who="2" m="16489" /><F101/><W128/><G96/><N who="0" m="57407" /><D129/><U62/><E62/><V108/><F108/><W35/><G104/><T98/><D98/><U83/><E0/><V29/><F29/><W65/><G65/><N who="2" m="16641" /><V95/><DORA hai="32" /><F95/><W87/><G35/><T12/><D12/><U81/><E81/><V14/><F14/><W34/><G34/><T103/><D103/><U102/><REACH who="1" step="1"/><E102/><REACH who="1" step="2"/><V100/><F100/><W13/><REACH who="3" step="1"/><G82/><REACH who="3" step="2"/><T36/><D36/><U97/><E97/><V85/><F85/><AGARI ba="3,2" hai="5,11,13,22,24,28,51,54,56,85,86,87,128,131" machi="85" ten="40,5200,0" yaku="1,1,2,1,52,1,53,0" doraHai="45,32" doraHaiUra="99,105" who="3" fromWho="2" sc="424,0,262,0,89,-61,205,81" /><INIT seed="5,0,0,3,1,19" ten="424,262,28,286" oya="1" hai0="42,65,78,57,56,53,104,105,91,34,29,15,2" hai1="67,77,131,48,92,86,49,21,133,1,8,106,121" hai2="17,37,119,120,26,43,54,25,58,134,30,89,71" hai3="81,68,118,85,80,64,0,107,111,27,51,38,84"/><U7/><E106/><V108/><F120/><W40/><G38/><T44/><D2/><U101/><E121/><V87/><F108/><W20/><G0/><T88/><D78/><U6/><E6/><V22/><F71/><W46/><G107/><T61/><D104/><U100/><E67/><V132/><F119/><W63/><G118/><T113/><D105/><U23/><E131/><V69/><F69/><W135/><G111/><T36/><D113/><U95/><E133/><V33/><F43/><W66/><G135/><T3/><D3/><U70/><E70/><V98/><F37/><W123/><G123/><T41/><D41/><U55/><E49/><V4/><F4/><W125/><G125/><T32/><D15/><N who="1" m="5535" /><E77/><V130/><F130/><W31/><G68/><T72/><D72/><U117/><E1/><V82/><REACH who="2" step="1"/><F98/><REACH who="2" step="2"/><W28/><G40/><T94/><D42/><U13/><E117/><V96/><F96/><W74/><G74/><T128/><D36/><U109/><E109/><V24/><F24/><W129/><G129/><T127/><D128/><U83/><E101/><V93/><F93/><N who="1" m="35913" /><E100/><V9/><F9/><W5/><G5/><T102/><D102/><U97/><E97/><V62/><AGARI ba="0,1" hai="17,22,25,26,30,33,54,58,62,82,87,89,132,134" machi="62" ten="30,4000,0" yaku="1,1,0,1,52,1,53,0" doraHai="19" doraHaiUra="122" who="2" fromWho="2" sc="424,-10,262,-20,18,50,286,-10" /><INIT seed="6,0,0,3,3,32" ten="414,242,68,276" oya="2" hai0="67,96,11,63,85,81,127,83,132,49,12,25,53" hai1="10,24,66,98,64,31,20,135,84,38,50,54,126" hai2="124,2,0,39,1,118,33,86,19,123,4,15,93" hai3="18,56,101,37,26,30,79,82,110,73,125,36,3"/><V131/><F39/><W107/><G18/><T78/><D132/><U105/><E38/><N who="3" m="14954" /><G56/><N who="0" m="37351" /><D127/><U29/><E135/><V114/><F123/><W22/><G22/><T59/><D25/><U47/><E126/><V119/><F124/><W45/><G45/><T103/><D103/><U60/><E105/><V61/><F33/><N who="3" m="20695" /><G125/><T129/><D129/><U48/><E98/><V134/><F134/><W17/><G17/><N who="0" m="8351" /><D83/><U76/><E10/><V117/><F4/><W122/><G122/><T133/><D133/><U43/><E31/><V113/><F131/><W115/><G110/><T57/><D96/><U69/><E66/><V111/><F93/><W21/><G21/><T70/><D70/><U46/><E76/><V87/><F111/><W34/><G34/><T13/><D13/><U102/><E102/><V35/><F35/><W91/><G91/><T52/><D53/><U72/><E84/><V27/><F27/><W16/><G16/><T120/><D120/><U6/><E6/><V89/><F61/><W14/><G14/><T90/><D59/><U68/><E72/><V99/><F99/><N who="3" m="61887" /><G115/><N who="2" m="44041" /><F89/><AGARI ba="0,0" hai="49,52,57,78,81,85,89,90" m="8351,37351" machi="89" ten="30,2000,0" yaku="8,1,54,1" doraHai="32" who="0" fromWho="2" sc="414,20,242,0,68,-20,276,0" /><INIT seed="7,0,0,4,5,123" ten="434,242,48,276" oya="3" hai0="43,19,23,82,81,86,32,130,127,83,91,47,3" hai1="5,25,9,84,74,6,133,110,44,42,77,106,69" hai2="20,49,105,39,65,24,131,129,135,52,36,122,113" hai3="51,104,87,46,30,4,57,111,95,85,107,102,79"/><W89/><G30/><T7/><D32/><U88/><E69/><V124/><F105/><N who="3" m="40523" /><G46/><T33/><D33/><U80/><E5/><V53/><F24/><W93/><G57/><T8/><D127/><U14/><E133/><V101/><F20/><W117/><G51/><T17/><D130/><U114/><E114/><V58/><F113/><W37/><G37/><T97/><D97/><U50/><E106/><V18/><F18/><W60/><G4/><T99/><D99/><U21/><E110/><V34/><F34/><W16/><G16/><T62/><D62/><U66/><E66/><V40/><F101/><W63/><G63/><T76/><D76/><U78/><E74/><V70/><F122/><W94/><G60/><T120/><D120/><U108/><E108/><V119/><F119/><W109/><G117/><T112/><D112/><U15/><E15/><V48/><F135/><W35/><G35/><T90/><D90/><U11/><E11/><V98/><F124/><W2/><G2/><T56/><D56/><U71/><E71/><V132/><F98/><N who="3" m="59727" /><G95/><T134/><D134/><U38/><E38/><N who="2" m="14379" /><F132/><W45/><G45/><T116/><D116/><U59/><E59/><N who="2" m="33159" /><F131/><W28/><G28/><AGARI ba="0,0" hai="6,9,14,21,25,28,42,44,50,77,78,80,84,88" machi="28" ten="30,3900,0" yaku="7,1,8,1,54,1" doraHai="123" who="1" fromWho="3" sc="434,0,242,39,48,0,276,-39" owari="434,53,281,8,48,-45,237,-16" /></mjloggm>