<mjloggm ver="2.3"><GO type="97"/><UN n0="%E4%B8%83%E9%A6%99" n1="%E3%81%95%E3%81%A8%EF%BC%95%EF%BC%90%EF%BC%90" n2="%E3%82%A6%E3%83%AB%E3%83%88%E3%83%A9%E7%AB%8B%E7%9B%B4" n3="%E6%9C%9D%E3%81%AF%E3%81%94%E9%A3%AF%E3%81%AB%E5%91%B3%E5%99%8C%E6%B1%97" dan="14,14,13,14" rate="1920,1903,1859,1888" sx="F,M,M,M"/><TAIKYOKU oya="0"/><INIT seed="0,0,0,4,5,24" ten="250,250,250,250" oya="0" hai0="115,11,129,81,15,77,73,66,51,131,108,67,102" hai1="78,9,37,7,107,128,21,103,124,25,105,34,121" hai2="95,50,63,47,12,86,28,70,135,85,84,72,83" hai3="134,118,94,96,48,2,60,120,111,88,117,40,87" shuffle="mt19937ar,F2FA2A6E,8A2B044B,5FFA4022,CBFF15A7,54FB2FC5,BA688F61,040C0A38,BE42B2B8"/><T6/><D115/><U110/><E37/><V26/><F135/><W68/><G134/><T130/><D108/><U76/><E121/><V18/><F95/><W106/><G2/><T133/><D133/><U3/><E110/><V49/><F70/><W61/><G120/><T90/><D102/><U132/><E132/><V14/><F63/><W89/><G106/><T31/><D51/><U57/><E128/><V71/><F71/><W10/><G10/><T82/><REACH who="0" step="1"/><D31/><REACH who="0" step="2"/><U116/><E103/><V114/><F114/><W13/><G48/><N who="2" m="18537" /><F47/><W97/><G60/><T122/><D122/><U119/><E116/><V65/><F83/><W127/><G111/><T56/><D56/><U8/><E57/><V27/><F72/><W91/><G117/><T113/><D113/><U1/><E119/><V100/><F100/><W101/><G118/><T23/><D23/><U16/><E21/><N who="2" m="15439" /><F65/><W39/><G68/><T126/><D126/><U38/><E124/><V112/><F112/><W45/><G61/><T80/><D80/><U0/><E38/><V64/><F64/><W19/><G127/><T42/><D42/><U5/><E34/><V43/><F43/><W104/><REACH who="3" step="1"/><G97/><REACH who="3" step="2"/><T52/><D52/><U30/><E107/><V20/><AGARI ba="0,2" hai="12,14,18,20,27,84,85,86" m="15439,18537" machi="20" ten="30,2000,0" yaku="8,1,52,1" doraHai="24" who="2" fromWho="2" sc="240,-10,250,-5,250,40,240,-5" /><INIT seed="1,0,0,0,5,1" ten="230,245,290,235" oya="1" hai0="67,131,87,82,53,129,85,128,23,52,83,0,112" hai1="11,77,123,104,135,38,39,86,10,42,91,57,114" hai2="97,12,109,107,54,81,28,75,95,121,84,26,132" hai3="76,40,47,117,59,78,72,127,118,44,105,92,4" shuffle="mt19937ar,5EC97051,A07ECBFF,FE675DDA,BA4F5330,CA3D1E43,115292C4,6FBAE036,5F040A32"/><U20/><E114/><V2/><F2/><W21/><G105/><T79/><D112/><U126/><E104/><V31/><F107/><W32/><G32/><T30/><D67/><U61/><E123/><V73/><F75/><W74/><G59/><T18/><D30/><U7/><E11/><V25/><F73/><W3/><G127/><T50/><D0/><U68/><E126/><V17/><F121/><W108/><G21/><T106/><D106/><U48/><E77/><N who="2" m="46127" /><F54/><W133/><G133/><T113/><D50/><U66/><E135/><V37/><F37/><N who="3" m="21519" /><G47/><T63/><D63/><U120/><E20/><N who="2" m="11303" /><F109/><W98/><G108/><T90/><REACH who="0" step="1"/><D113/><REACH who="0" step="2"/><U24/><E120/><V125/><F125/><W89/><G74/><T134/><D134/><U58/><E39/><V19/><F132/><W62/><G72/><T71/><D71/><U33/><E38/><V14/><F28/><W34/><G62/><T56/><D56/><U60/><E68/><V102/><F31/><W88/><G34/><T43/><D43/><U64/><E48/><V103/><F103/><W122/><G122/><T13/><AGARI ba="0,1" hai="13,18,23,52,53,79,82,83,85,87,90,128,129,131" machi="13" ten="30,7900,0" yaku="1,1,0,1,19,1,54,1,53,0" doraHai="1" doraHaiUra="96" who="0" fromWho="0" sc="220,89,245,-39,290,-20,235,-20" /><INIT seed="2,0,0,1,3,124" ten="309,206,270,215" oya="2" hai0="67,4,76,61,68,110,118,64,120,128,45,57,100" hai1="78,14,35,90,86,133,123,113,62,39,12,99,85" hai2="66,82,21,84,65,102,25,20,48,32,43,69,42" hai3="107,70,28,7,60,8,1,97,27,5,109,87,10" shuffle="mt19937ar,4EF5B1FF,D8503D4F,2096EAD6,885428C6,C20B3B5E,085CA6A4,C5E7A346,B824E853"/><V52/><F32/><W93/><G87/><T29/><D120/><U16/><E39/><V92/><F92/><W31/><G109/><T79/><D110/><U74/><E35/><V111/><F102/><W80/><G80/><T63/><D29/><U121/><E113/><V17/><F21/><W96/><G96/><T54/><D118/><U6/><E133/><V9/><F9/><W88/><G107/><T0/><D100/><U40/><E40/><V105/><F105/><W89/><G28/><T26/><D26/><U41/><E41/><N who="2" m="15371" /><F69/><W135/><G135/><T24/><D24/><U46/><E46/><N who="2" m="27671" /><F111/><W22/><G60/><T55/><D45/><U75/><E62/><V34/><F34/><W83/><G83/><T50/><D0/><U53/><E53/><V81/><F81/><W56/><G56/><T15/><D68/><U117/><E117/><V98/><F98/><W101/><REACH who="3" step="1"/><G70/><REACH who="3" step="2"/><T49/><D63/><U131/><E99/><V38/><F38/><W129/><G129/><T37/><D128/><U125/><E131/><V58/><F58/><W126/><G126/><T94/><D37/><U103/><E125/><V122/><F122/><N who="1" m="46601" /><E103/><V18/><F18/><W73/><G73/><N who="1" m="27658" /><E6/><V106/><F106/><W11/><G11/><N who="0" m="4583" /><D61/><U134/><E134/><V33/><F33/><W2/><AGARI ba="0,1" hai="1,2,5,7,8,10,22,27,31,88,89,93,97,101" machi="2" ten="20,8000,1" yaku="1,1,0,1,7,1,9,1,54,1,53,0" doraHai="124" doraHaiUra="36" who="3" fromWho="3" sc="309,-20,206,-20,270,-40,205,90" /><INIT seed="3,0,0,0,3,83" ten="289,186,230,295" oya="3" hai0="101,41,115,7,133,121,130,71,56,51,2,17,12" hai1="23,127,75,63,34,94,98,8,3,37,119,81,123" hai2="89,54,105,111,126,114,68,109,107,85,106,5,6" hai3="19,32,100,59,104,118,99,78,128,112,43,67,26" shuffle="mt19937ar,9ED0EB8D,278D1B77,4B57B2C4,9B5898B2,24211BCF,B1EC4A20,528D7AE6,CCB5FA4C"/><W10/><G118/><T0/><D121/><U77/><E34/><V88/><F68/><W84/><G112/><T38/><D71/><U14/><E123/><V90/><F114/><W76/><G84/><T21/><D115/><U13/><E119/><V91/><F54/><W30/><G43/><T64/><D38/><U117/><E117/><V116/><F116/><W53/><G67/><T80/><D133/><U33/><E33/><V93/><REACH who="2" step="1"/><F126/><REACH who="2" step="2"/><W57/><G53/><T16/><D64/><U96/><E127/><V102/><F102/><W66/><G128/><T48/><D101/><U36/><E3/><V40/><F40/><W27/><G66/><T39/><D130/><U95/><E23/><V69/><F69/><W131/><G131/><T135/><D135/><U24/><E24/><V125/><F125/><W4/><G26/><T72/><D0/><U110/><E14/><V1/><F1/><W22/><G32/><T132/><D2/><U120/><E120/><V55/><F55/><W124/><G124/><T61/><D132/><U70/><E70/><V29/><F29/><W46/><G30/><T31/><D31/><U28/><E28/><V65/><F65/><W134/><G134/><T86/><D41/><U49/><E110/><AGARI ba="0,1" hai="5,6,85,88,89,90,91,93,105,106,107,109,110,111" machi="110" ten="50,8000,1" yaku="1,1,14,1,52,1,54,1,53,0" doraHai="83" doraHaiUra="20" who="2" fromWho="1" sc="289,0,186,-80,220,90,295,0" owari="289,-6,106,-29,310,30,295,5" /></mjloggm>