<mjloggm ver="2.3"><GO type="193"/><UN n0="%6B%69%79%6F%6E" n1="%63%68%65%72%75%62%69%6D" n2="%E3%82%A6%E3%83%AB%E3%83%88%E3%83%A9%E7%AB%8B%E7%9B%B4" n3="%E5%B6%BA%E4%B8%8A%E5%B0%91%E5%A5%B3" dan="13,11,12,12" rate="1765,1538,1758,1792" sx="M,M,M,F"/><TAIKYOKU oya="0"/><INIT seed="0,0,0,3,1,46" ten="250,250,250,250" oya="0" hai0="21,5,84,106,97,127,9,44,119,13,81,47,96" hai1="53,45,113,66,100,33,79,64,48,0,11,122,77" hai2="80,35,3,61,117,4,78,37,18,2,134,69,107" hai3="38,116,52,65,123,10,109,128,26,20,55,132,72" shuffle="mt19937ar,573E94F3,2E035F46,D23B3EB6,F94ADFC9,15ABFF3E,372D8822,260CB602,B573DE8D"/><T71/><D119/><U50/><E122/><V34/><F18/><W126/><G116/><T24/><D106/><U83/><E33/><V135/><F117/><W125/><G123/><T42/><D71/><U56/><E113/><V120/><F120/><W99/><G72/><T102/><D127/><U32/><E100/><V114/><F114/><W112/><G112/><T43/><D102/><U23/><E32/><V131/><F131/><W103/><G38/><T51/><D24/><U86/><E0/><V87/><F107/><W88/><G109/><T124/><D124/><N who="3" m="47721" /><G132/><N who="2" m="50729" /><F37/><W8/><G128/><T104/><D21/><U16/><E11/><N who="3" m="4138" /><G65/><T89/><D104/><U15/><REACH who="1" step="1"/><E77/><REACH who="1" step="2"/><V74/><F34/><W93/><G103/><T17/><REACH who="0" step="1"/><D5/><REACH who="0" step="2"/><U101/><E101/><V111/><F35/><W110/><G110/><T129/><D129/><U19/><E19/><AGARI ba="0,2" hai="19,20,26,52,55,88,93,99" m="4138,47721" machi="19" ten="30,3900,0" yaku="18,1,54,2" doraHai="46" who="3" fromWho="1" sc="240,0,240,-39,250,0,250,59" /><INIT seed="1,0,0,0,2,46" ten="240,201,250,309" oya="1" hai0="73,88,7,48,118,68,112,8,64,28,65,70,51" hai1="38,26,111,102,125,54,13,107,10,110,97,69,95" hai2="34,25,1,55,56,92,87,133,124,126,17,67,103" hai3="113,90,104,19,123,108,109,66,50,91,127,16,57" shuffle="mt19937ar,395BAE21,30EC5490,D3823017,FA957828,8D2F012E,6BCE2042,492F5FC6,59477F74"/><U11/><E38/><V58/><F1/><W62/><G104/><T83/><D118/><U115/><E69/><V22/><F34/><W43/><G113/><T93/><D112/><U18/><E115/><V49/><F133/><W71/><G127/><T77/><D68/><U53/><E125/><V99/><F124/><W2/><G2/><T75/><D75/><U15/><E26/><V60/><F126/><W117/><G117/><T106/><D106/><U135/><E135/><V63/><F87/><W21/><G19/><T44/><D44/><U0/><E0/><V119/><F119/><W131/><G131/><T98/><D28/><U101/><E101/><V33/><F33/><W35/><G35/><T30/><D30/><U41/><E41/><V128/><F128/><W80/><G123/><T20/><D20/><U36/><E36/><V31/><F17/><W59/><G80/><T130/><D130/><U14/><E14/><V84/><F84/><W89/><G59/><T29/><D29/><U132/><E107/><V42/><F42/><W122/><G122/><T105/><D105/><U134/><E132/><V24/><F24/><W82/><G82/><T76/><D70/><U100/><E100/><V5/><F5/><W114/><G114/><T32/><D76/><U45/><E45/><V37/><F37/><W78/><G78/><T120/><D120/><U85/><E85/><V61/><AGARI ba="0,0" hai="22,25,31,49,55,56,58,60,61,63,67,92,99,103" machi="61" ten="30,8000,1" yaku="0,1,25,2,8,1,52,1" doraHai="46" who="2" fromWho="2" sc="240,-20,201,-40,250,80,309,-20" /><INIT seed="2,0,0,3,1,39" ten="220,161,330,289" oya="2" hai0="37,4,3,38,0,124,104,70,5,16,115,82,42" hai1="21,72,58,7,9,2,73,71,127,57,95,85,40" hai2="125,75,100,46,52,56,90,36,103,89,28,20,64" hai3="86,78,61,122,24,11,48,8,17,62,92,131,51" shuffle="mt19937ar,BD7FA49F,A0E9B0D7,2C003E26,B931A667,8D3077CD,528D4E29,2A349A8D,001364DF"/><V116/><F75/><W15/><G131/><T114/><D82/><U96/><E71/><V110/><F116/><W14/><G122/><T44/><D104/><U98/><E127/><V99/><F125/><W26/><G26/><T94/><D94/><U79/><E72/><V60/><F110/><W118/><G118/><T108/><D124/><U19/><E73/><V10/><F10/><W111/><G111/><T77/><D77/><U13/><E40/><V25/><F100/><W45/><G24/><T84/><D84/><U67/><E67/><V63/><F63/><W135/><G135/><T97/><D97/><U105/><E105/><V69/><F69/><W43/><G51/><T126/><D126/><U91/><E79/><V50/><F36/><W83/><G92/><AGARI ba="0,0" hai="20,25,28,46,50,52,56,60,64,89,90,92,99,103" machi="92" ten="30,12000,1" yaku="7,1,25,2,8,1,54,1" doraHai="39" who="2" fromWho="3" sc="220,0,161,0,330,120,289,-120" /><INIT seed="2,1,0,3,2,134" ten="220,161,450,169" oya="2" hai0="106,108,30,102,66,7,55,52,118,92,98,80,56" hai1="43,11,22,71,26,51,20,41,119,128,50,35,90" hai2="29,62,47,84,116,25,124,110,126,83,0,131,6" hai3="76,39,60,64,107,130,122,65,79,63,111,31,37" shuffle="mt19937ar,CF3F6996,51DFEA30,2DB8743E,28EA6D31,651A6C74,B23566FB,42ED56A2,A79CC75F"/><V34/><F116/><W49/><G49/><T16/><D118/><U88/><E119/><V117/><F117/><W33/><G31/><T4/><D106/><U57/><E71/><V32/><F32/><W89/><G89/><T109/><D30/><U105/><E105/><V38/><F131/><W13/><G13/><T115/><D115/><U103/><E103/><V48/><F38/><W121/><G111/><T28/><D28/><U18/><E128/><V125/><F62/><W69/><G107/><T53/><D80/><U86/><E35/><V94/><F94/><W1/><G33/><T129/><D129/><U68/><E68/><V67/><F67/><W114/><G114/><T135/><D135/><U21/><E11/><V74/><F74/><W77/><G130/><T5/><D108/><U61/><E41/><V91/><F110/><W87/><G87/><T72/><D72/><U19/><E43/><N who="2" m="24703" /><F6/><W123/><G1/><AGARI ba="1,0" hai="0,1,25,29,34,83,84,91,124,125,126" m="24703" machi="1" ten="30,11600,0" yaku="18,1,52,3" doraHai="134" who="2" fromWho="3" sc="220,0,161,0,450,119,169,-119" /><INIT seed="2,2,0,2,5,51" ten="220,161,569,50" oya="2" hai0="48,75,8,132,96,35,122,5,109,93,129,124,34" hai1="23,25,15,13,57,28,21,65,30,0,99,45,18" hai2="59,62,112,27,85,111,12,95,77,54,135,91,9" hai3="4,72,26,47,94,74,133,90,108,16,79,130,118" shuffle="mt19937ar,4978FFF3,225F0ADB,33A85FA9,359D8602,D130CE9F,FD58C6A0,A4CD517F,DE0CD7D7"/><V116/><F116/><W86/><G133/><T88/><D122/><U46/><E99/><V131/><F135/><W22/><G130/><T67/><D132/><U98/><E98/><V37/><F37/><W11/><G118/><T125/><D129/><U19/><E0/><V89/><F131/><W80/><G108/><T100/><D67/><U56/><E65/><V120/><F111/><W84/><REACH who="3" step="1"/><G47/><REACH who="3" step="2"/><T114/><D109/><U3/><E3/><AGARI ba="2,1" hai="3,4,11,16,22,26,72,74,79,80,84,86,90,94" machi="3" ten="30,8000,1" yaku="1,1,2,1,7,1,54,1,53,1" doraHai="51" doraHaiUra="1" who="3" fromWho="1" sc="220,0,161,-86,569,0,40,96" /><INIT seed="3,0,0,1,0,45" ten="220,75,569,136" oya="3" hai0="130,103,19,64,68,88,65,101,42,100,50,120,97" hai1="79,63,85,46,83,113,20,96,122,5,80,125,124" hai2="6,75,11,135,134,24,118,128,14,105,91,115,9" hai3="112,127,15,60,54,71,78,27,16,53,133,82,41" shuffle="mt19937ar,99067611,86D18423,3BBD2746,6AC9B509,93DA2863,A643993F,C5370E6B,46EF161E"/><W87/><G112/><T132/><D120/><U77/><E122/><V69/><F69/><W30/><G133/><N who="2" m="50697" /><F105/><W114/><G114/><T2/><D132/><U48/><E113/><V67/><F75/><W33/><G127/><T98/><D68/><U108/><E108/><V31/><F128/><W102/><G41/><T117/><D117/><U26/><E125/><V29/><F115/><W0/><G0/><T13/><D2/><U32/><E124/><V34/><F67/><W126/><G126/><T94/><D130/><U61/><E32/><V57/><F57/><W8/><REACH who="3" step="1"/><G102/><REACH who="3" step="2"/><T3/><D3/><U107/><E5/><N who="2" m="3375" /><F118/><W89/><G89/><T109/><D109/><U38/><E38/><V111/><F91/><W37/><G37/><T17/><D98/><U66/><E96/><V39/><F39/><W86/><G86/><T40/><D40/><U43/><E107/><V99/><F99/><W4/><G4/><T119/><D119/><U28/><REACH who="1" step="1"/><E66/><AGARI ba="0,1" hai="8,15,16,27,30,33,53,54,60,66,71,78,82,87" machi="66" ten="40,12000,1" yaku="1,1,54,1,53,2" doraHai="45" doraHaiUra="51" who="3" fromWho="1" sc="220,0,75,-120,569,0,126,130" owari="220,-13,-45,-45,569,57,256,1" /></mjloggm>