<mjloggm ver="2.3"><GO type="193"/><UN n0="%E3%82%A6%E3%83%AB%E3%83%88%E3%83%A9%E7%AB%8B%E7%9B%B4" n1="%63%79%6F%72%6F" n2="%E6%95%A3%E6%AD%A9" n3="%69%6E%61%62%61%31%31%31" dan="12,11,11,12" rate="1787,1495,1578,1693" sx="M,M,M,M"/><TAIKYOKU oya="0"/><INIT seed="0,0,0,0,3,0" ten="250,250,250,250" oya="0" hai0="22,116,42,16,125,118,77,113,3,64,5,21,52" hai1="122,76,30,123,101,133,129,98,102,6,45,100,119" hai2="112,20,7,32,19,66,14,53,9,40,121,95,115" hai3="105,28,109,10,127,75,83,72,131,120,135,82,68" shuffle="mt19937ar,14634DE7,7727E710,BD5C1234,CADEF393,554B9FD2,AE9D6E31,35309A51,2C05FFFD"/><T17/><D64/><U34/><E119/><V130/><F66/><W54/><G28/><T104/><D42/><U47/><E76/><V92/><F40/><W67/><G10/><N who="0" m="2367" /><D52/><U13/><E129/><V91/><F32/><W94/><G54/><T31/><D77/><U43/><E133/><V1/><F121/><W96/><G67/><T58/><D104/><U65/><E65/><V111/><F111/><W18/><G18/><N who="0" m="7275" /><D58/><U99/><E34/><V26/><F130/><W36/><G96/><T134/><D134/><U2/><E30/><V57/><F1/><W37/><G94/><T41/><D41/><U35/><E35/><V61/><REACH who="2" step="1"/><F92/><REACH who="2" step="2"/><W73/><G83/><T78/><D113/><U48/><E47/><V49/><F49/><W117/><G82/><T103/><D103/><U87/><E2/><V46/><F46/><W86/><G37/><T128/><D128/><U69/><E69/><V70/><F70/><W33/><G75/><T25/><D78/><U85/><E123/><V89/><F89/><W63/><G63/><T90/><D90/><U114/><E114/><V60/><F60/><W8/><G72/><T84/><D84/><AGARI ba="0,1" hai="7,9,14,19,20,26,53,57,61,84,91,95,112,115" machi="84" ten="30,3900,0" yaku="1,1,7,1,52,1,53,0" doraHai="0" doraHaiUra="71" who="2" fromWho="0" sc="250,-39,250,0,240,49,250,0" /><INIT seed="1,0,0,1,5,107" ten="211,250,289,250" oya="1" hai0="14,94,58,13,45,92,78,76,135,68,134,117,75" hai1="111,125,46,124,99,79,106,25,65,32,9,100,130" hai2="47,39,129,81,104,26,18,3,82,91,43,86,88" hai3="54,83,12,57,85,27,74,109,114,89,22,62,123" shuffle="mt19937ar,608B93CE,21EAD62B,0B5A745D,58693C07,04C2F27C,FCDA6971,97FD5F4E,63727D31"/><U69/><E69/><V21/><F129/><W118/><G109/><T73/><D58/><U132/><E65/><V133/><F133/><N who="0" m="50698" /><D68/><U19/><E32/><V108/><F108/><W20/><G118/><T66/><D66/><U38/><E132/><V36/><F104/><W120/><G114/><T7/><D45/><U11/><E38/><V29/><F3/><W5/><G20/><T116/><D7/><U41/><E46/><V64/><F64/><W59/><G59/><T101/><D14/><U24/><E41/><V2/><F2/><W126/><G126/><N who="1" m="48746" /><E111/><V48/><F29/><W113/><G113/><T61/><D13/><U67/><E67/><V37/><REACH who="2" step="1"/><F86/><REACH who="2" step="2"/><W30/><G74/><N who="0" m="28171" /><D61/><U28/><E28/><V50/><F50/><W70/><G70/><T51/><D51/><U42/><E42/><V95/><F95/><N who="0" m="36394" /><D101/><U112/><E112/><V33/><F33/><W52/><REACH who="3" step="1"/><G54/><REACH who="3" step="2"/><T34/><D34/><U60/><E60/><V80/><AGARI ba="0,2" hai="18,21,26,36,37,39,43,47,48,80,81,82,88,91" machi="80" ten="40,5200,0" yaku="1,1,0,1,54,1,53,0" doraHai="107" doraHaiUra="131" who="2" fromWho="2" sc="211,-13,250,-26,279,72,240,-13" /><INIT seed="2,0,0,0,4,20" ten="198,224,351,227" oya="2" hai0="67,5,37,131,31,70,42,28,114,93,50,91,129" hai1="81,99,82,0,56,126,133,17,4,47,117,51,18" hai2="77,85,105,69,86,66,124,94,22,12,128,23,59" hai3="74,87,132,1,52,9,46,55,78,68,79,43,134" shuffle="mt19937ar,04ACA061,6AD25B12,D6C0D67C,EC3F0498,0F56447E,341D28D9,9C407E57,4FDF6D7E"/><V115/><F115/><W125/><G74/><T57/><D5/><U8/><E133/><N who="3" m="51306" /><G9/><T109/><D31/><U16/><E126/><V111/><F69/><W41/><G87/><T72/><D72/><U58/><E117/><V64/><F105/><W130/><G1/><T29/><D29/><U92/><E82/><V24/><F124/><W33/><G33/><T25/><D70/><U116/><E81/><V3/><F3/><W97/><G97/><T13/><D13/><U100/><REACH who="1" step="1"/><E116/><REACH who="1" step="2"/><V26/><F77/><W84/><G79/><T36/><D114/><U107/><E107/><V96/><F111/><W113/><G78/><T135/><D135/><U61/><E61/><V80/><F80/><W75/><G113/><T65/><D109/><U49/><E49/><V108/><F108/><W122/><G125/><T71/><D37/><U104/><E104/><V40/><F128/><W127/><G130/><N who="0" m="49675" /><D36/><U119/><E119/><V121/><F121/><W102/><G122/><T88/><D93/><U6/><E6/><V32/><F12/><W44/><G127/><T103/><D71/><U2/><E2/><V98/><F32/><W21/><G68/><T95/><D42/><AGARI ba="0,1" hai="0,4,8,16,17,18,42,47,51,56,58,92,99,100" machi="42" ten="40,5200,0" yaku="1,1,54,1,53,1" doraHai="20" doraHaiUra="7" who="1" fromWho="0" sc="198,-52,214,62,351,0,227,0" /><INIT seed="3,0,0,1,5,87" ten="146,276,351,227" oya="3" hai0="94,132,21,61,135,13,76,51,97,32,49,59,65" hai1="122,46,116,96,70,7,110,115,78,17,80,4,102" hai2="103,50,47,85,86,91,69,34,107,28,33,98,104" hai3="12,119,131,26,37,40,54,23,1,16,126,30,27" shuffle="mt19937ar,F3D19D70,7D0DCF61,3C522426,0BE82AB1,CB83CBEB,C1DA2EAB,2C238916,E21E2CD7"/><W118/><G40/><T68/><D32/><U121/><E70/><V62/><F86/><W129/><G54/><T31/><D76/><U39/><E115/><V133/><F133/><W0/><G37/><T127/><D127/><U2/><E39/><V77/><F104/><W114/><G114/><T93/><D93/><U14/><E46/><V18/><F77/><W9/><G126/><T3/><D3/><N who="3" m="1097" /><G26/><T36/><D36/><U38/><E110/><V67/><F18/><W22/><G22/><T58/><D68/><U25/><E38/><V81/><F28/><W125/><G125/><T124/><D124/><U130/><E130/><AGARI ba="0,0" hai="9,12,16,23,27,30,118,119,129,130,131" m="1097" machi="130" ten="30,11600,0" yaku="19,1,34,2,54,1" doraHai="87" who="3" fromWho="1" sc="146,0,276,-116,351,0,227,116" /><INIT seed="3,1,0,4,2,59" ten="146,160,351,343" oya="3" hai0="67,6,86,48,127,23,123,63,68,129,108,39,35" hai1="41,0,109,44,70,33,90,74,43,26,38,121,18" hai2="134,116,19,103,89,100,126,54,36,46,5,135,111" hai3="132,55,50,106,118,66,99,114,81,115,133,4,51" shuffle="mt19937ar,56431E67,F8106D58,E1153993,375C98A8,7B07E9B1,CE65E878,337C6EA3,CFD39F37"/><W62/><G4/><T60/><D35/><U128/><E121/><V24/><F111/><W79/><G118/><T3/><D6/><U34/><E109/><V10/><F126/><W27/><G51/><T107/><D3/><U117/><E117/><V20/><F116/><W42/><G42/><T96/><D108/><U13/><E128/><V71/><F71/><W49/><G49/><T97/><D39/><U65/><E74/><V105/><F105/><W12/><G27/><T21/><D123/><U122/><E0/><V101/><F89/><W104/><G12/><T87/><D129/><U92/><E122/><V85/><F85/><N who="3" m="48319" /><G99/><T69/><D48/><U112/><E112/><N who="3" m="43050" /><G50/><T37/><D37/><U7/><E70/><V11/><F54/><W64/><G55/><T31/><D31/><U30/><E65/><N who="3" m="25194" /><G62/><T83/><D67/><U72/><E72/><V82/><F82/><W61/><G61/><T88/><D83/><U15/><E38/><V16/><F19/><W130/><G130/><T98/><D98/><U110/><E44/><V25/><F11/><W93/><G93/><T45/><D45/><U84/><E110/><V124/><F124/><W94/><G94/><T22/><D127/><U80/><E34/><V57/><F57/><W75/><G75/><T119/><D119/><U131/><E131/><V8/><F8/><W32/><G32/><T125/><D125/><U56/><E56/><V76/><F76/><W91/><G91/><T1/><D1/><U40/><E92/><V9/><F9/><W78/><G78/><T17/><D88/><U95/><E95/><RYUUKYOKU ba="1,0" sc="146,-10,160,-10,351,-10,343,30" hai3="104,106,132,133" /><INIT seed="3,2,0,4,0,25" ten="136,150,341,373" oya="3" hai0="80,95,113,10,90,50,91,123,43,24,8,47,19" hai1="1,46,41,126,30,58,15,55,106,54,125,18,84" hai2="86,2,6,35,21,51,114,132,82,94,14,42,120" hai3="96,92,52,20,61,56,11,67,77,7,38,23,59" shuffle="mt19937ar,14916425,6A7E5438,B2AA21B3,20AECFEC,E1C51C3E,F918A363,F560307C,005D947B"/><W33/><G38/><T57/><D123/><U104/><E1/><V110/><F114/><W108/><G77/><T130/><D113/><U88/><E106/><V100/><F120/><W36/><G36/><T133/><D130/><U62/><E104/><V102/><F110/><W37/><G37/><T85/><D133/><U122/><E122/><V74/><F132/><W101/><G33/><T116/><D116/><U3/><E3/><V5/><F2/><W64/><G64/><T121/><D121/><U44/><E126/><V118/><F118/><W105/><G105/><T0/><D0/><U112/><E125/><V73/><F73/><W22/><G108/><T129/><D129/><U60/><E112/><V75/><F75/><W83/><G83/><T12/><D24/><U13/><E30/><V97/><F74/><W135/><G135/><T89/><D57/><U99/><E99/><V9/><F100/><W27/><G11/><N who="0" m="6559" /><D90/><U134/><E134/><V66/><F66/><W124/><G7/><T17/><D17/><U81/><E41/><V78/><F6/><W53/><G124/><T117/><D117/><U4/><E4/><V119/><F119/><W34/><REACH who="3" step="1"/><G56/><REACH who="3" step="2"/><T87/><AGARI ba="2,1" hai="8,10,43,47,50,80,85,87,89,91,95" m="6559" machi="87" ten="30,1100,0" yaku="8,1" doraHai="25" who="0" fromWho="0" sc="136,27,150,-5,341,-5,363,-7" owari="163,-19,145,-25,336,9,356,35" /></mjloggm>