<mjloggm ver="2.3"><GO type="41"/><UN n0="%E3%81%97%E3%82%85%E3%81%86%E3%81%A1%E3%82%83%E3%82%93%E2%99%AA" n1="%E3%80%93%E6%9D%BE%E4%BA%95%EF%BC%A3%EF%BC%B3%E3%80%93" n2="%E3%82%A6%E3%83%AB%E3%83%88%E3%83%A9%E7%AB%8B%E7%9B%B4" n3="%E2%98%85%E3%81%97%E3%83%BC%E3%81%B0%E2%98%85" dan="16,17,15,14" rate="1994,2057,1990,1834" sx="M,M,M,M"/><TAIKYOKU oya="0"/><INIT seed="0,0,0,2,4,25" ten="250,250,250,250" oya="0" hai0="29,105,60,112,88,14,108,21,117,102,128,55,28" hai1="132,130,115,125,121,52,103,106,74,85,131,61,65" hai2="43,129,18,8,12,87,27,50,4,19,123,114,81" hai3="92,89,127,13,68,9,120,100,37,26,59,86,5"/><T72/><D117/><U91/><E74/><V113/><F123/><W3/><G68/><T41/><D112/><U16/><E121/><V46/><F129/><W83/><G120/><T73/><D73/><U101/><E115/><V53/><F114/><W109/><G109/><T94/><D108/><U134/><E106/><V84/><F113/><W126/><G37/><T118/><D72/><U97/><E97/><V23/><F53/><W66/><G26/><T122/><D122/><U78/><E78/><V82/><F82/><W22/><G22/><T95/><D105/><U24/><E65/><V36/><F36/><W57/><G3/><T40/><D118/><U38/><E38/><V33/><F33/><W10/><G10/><T75/><D75/><U119/><E103/><V31/><REACH who="2" step="1"/><F87/><REACH who="2" step="2"/><W104/><G86/><T76/><D128/><U11/><E119/><V93/><F93/><W34/><G83/><T67/><D95/><U90/><E131/><V7/><F7/><W133/><G92/><T96/><D55/><U42/><E130/><V6/><F6/><W64/><G5/><T107/><D107/><U135/><E85/><V63/><F63/><W45/><G104/><T49/><D49/><U69/><E52/><V111/><F111/><W20/><G34/><T62/><D67/><U17/><E61/><N who="0" m="23657" /><D41/><U32/><E42/><V124/><F124/><W35/><G127/><T2/><D40/><U39/><E125/><V30/><F30/><N who="0" m="11882" /><D2/><U54/><E54/><V77/><AGARI ba="0,1" hai="4,8,12,18,19,23,27,31,43,46,50,77,81,84" machi="77" ten="20,12000,2" yaku="1,1,0,1,7,1,25,2,8,1,52,1,53,0" doraHai="25" doraHaiUra="56" who="2" fromWho="2" sc="250,-60,250,-30,240,130,250,-30" /><INIT seed="1,0,0,1,5,9" ten="190,220,370,220" oya="1" hai0="82,114,118,77,18,75,100,90,98,14,50,67,2" hai1="52,84,20,1,33,4,94,69,39,30,28,79,125" hai2="8,62,74,88,15,133,63,35,37,36,119,34,127" hai3="83,54,5,108,87,66,96,26,110,58,45,78,109"/><U60/><E33/><V6/><F74/><W134/><G134/><T97/><D118/><U123/><E39/><V131/><F119/><W44/><G96/><T86/><D114/><U10/><E123/><V41/><F133/><W122/><G122/><T51/><D2/><U115/><E115/><V68/><F127/><W57/><G5/><T55/><D67/><U104/><E104/><V135/><F135/><W42/><G26/><T43/><D43/><U103/><E125/><V76/><F76/><W16/><G66/><T92/><D98/><U46/><E69/><V72/><F72/><W38/><REACH who="3" step="1"/><G16/><REACH who="3" step="2"/><T105/><D55/><U56/><E103/><V22/><F6/><W12/><G12/><T73/><D75/><U29/><E20/><AGARI ba="0,1" hai="14,18,20,50,51,73,77,82,86,90,92,97,100,105" machi="20" ten="30,7700,0" yaku="7,1,24,2,52,1" doraHai="9" who="0" fromWho="1" sc="190,87,220,-77,370,0,210,0" /><INIT seed="2,0,0,1,5,69" ten="277,143,370,210" oya="2" hai0="105,135,22,72,116,113,28,79,27,118,92,20,55" hai1="130,56,65,9,19,37,48,63,110,14,25,87,5" hai2="90,13,64,96,125,76,18,82,126,122,7,109,104" hai3="73,40,70,33,17,29,6,58,93,108,68,84,128"/><V114/><F7/><W75/><G6/><T107/><D113/><U95/><E110/><V131/><F64/><W112/><G112/><T10/><D135/><U102/><E130/><V26/><F26/><W36/><G108/><T3/><D20/><U111/><E111/><V86/><F109/><W54/><G128/><T83/><D92/><U106/><E106/><V31/><F31/><W11/><G33/><T127/><D127/><U85/><E37/><V134/><F131/><W129/><G29/><T71/><D71/><U53/><E25/><V124/><F114/><W49/><G70/><T74/><D55/><U0/><E102/><N who="2" m="62535" /><F18/><W59/><G129/><T45/><D45/><U38/><E38/><V24/><F13/><W8/><G59/><T4/><D74/><U51/><E51/><V89/><F24/><W132/><G132/><T34/><REACH who="0" step="1"/><D22/><REACH who="0" step="2"/><U117/><E95/><V67/><F134/><W133/><G93/><T81/><D81/><U35/><E35/><V39/><F67/><W101/><G54/><T120/><D120/><U32/><E32/><V50/><F122/><W42/><G68/><T47/><D47/><U123/><E123/><V2/><F126/><W91/><G75/><T103/><D103/><U52/><E53/><V119/><F125/><W15/><G73/><T99/><D99/><U62/><E62/><V78/><F82/><W30/><G101/><T115/><D115/><U43/><E43/><V80/><F80/><W98/><G40/><T1/><D1/><U61/><E61/><V66/><F2/><W57/><G133/><T121/><D121/><RYUUKYOKU ba="0,1" sc="267,30,143,-10,370,-10,210,-10" hai0="3,4,10,27,28,34,72,79,83,105,107,116,118" /><INIT seed="3,1,1,4,5,70" ten="297,133,360,200" oya="3" hai0="44,98,116,61,96,95,0,69,47,8,65,58,7" hai1="91,73,31,59,62,40,63,125,34,77,129,103,115" hai2="110,104,87,30,20,97,46,84,12,39,126,105,114" hai3="4,86,57,51,68,15,6,131,74,56,134,27,45"/><W100/><G74/><T23/><D116/><U113/><E129/><V83/><F114/><W67/><G131/><T94/><D23/><U50/><E125/><V16/><F126/><W102/><G134/><T132/><D132/><U90/><E103/><N who="3" m="39466" /><G68/><T128/><D128/><U130/><E130/><V10/><F97/><W72/><G72/><T79/><D79/><U75/><E77/><V109/><F104/><W123/><G123/><T106/><D106/><U117/><E31/><V120/><F105/><W111/><G111/><N who="2" m="42505" /><F120/><W42/><G27/><T24/><D24/><U119/><E50/><V48/><F39/><W99/><G99/><T35/><D35/><U80/><E40/><N who="2" m="24647" /><F83/><W28/><G28/><T37/><D98/><U14/><E80/><V64/><F64/><W112/><G112/><T135/><D135/><U2/><E34/><V19/><F30/><W133/><G133/><T52/><D96/><U32/><E32/><V11/><F11/><N who="3" m="4583" /><G6/><T121/><D121/><U3/><E14/><AGARI ba="1,1" hai="10,12,14,16,19,20,84,87" m="24647,42505" machi="14" ten="30,2000,0" yaku="14,1,54,1" doraHai="70" who="2" fromWho="1" sc="297,0,133,-23,360,33,200,0" /><INIT seed="4,0,0,4,5,33" ten="297,110,393,200" oya="0" hai0="12,38,41,72,91,62,26,56,22,32,4,64,30" hai1="51,10,92,75,110,43,54,60,105,117,11,31,118" hai2="115,121,95,69,109,123,100,8,21,68,9,49,37" hai3="44,94,124,58,46,76,61,6,70,93,83,107,63"/><T29/><D72/><U122/><E105/><V114/><F21/><W5/><G107/><T102/><D102/><U1/><E75/><V126/><F95/><N who="3" m="36363" /><G124/><T20/><D91/><U88/><E122/><V85/><F85/><N who="3" m="48359" /><G70/><N who="2" m="27241" /><F100/><W23/><G23/><T132/><D38/><U52/><E110/><V77/><F77/><W74/><G74/><T87/><D87/><U45/><E31/><V55/><F37/><W108/><G108/><T96/><D96/><U112/><E112/><N who="2" m="43051" /><F126/><W101/><G101/><T2/><D22/><U67/><E11/><N who="2" m="4171" /><F109/><W36/><G36/><T24/><D20/><U111/><E111/><V86/><F86/><W84/><G84/><T16/><D30/><U18/><E118/><V19/><F19/><W131/><G131/><T116/><D16/><U14/><E117/><V50/><F50/><W7/><G63/><T53/><D62/><U28/><E28/><V103/><F103/><W0/><G0/><T134/><D2/><U17/><E17/><V73/><F73/><W128/><G128/><T90/><D29/><U48/><E1/><V27/><F27/><W13/><G13/><T57/><D24/><U82/><E82/><V80/><F80/><W133/><G133/><T42/><D26/><U15/><E15/><V99/><F99/><W40/><G40/><T125/><D134/><U119/><E119/><V106/><F106/><W98/><G98/><T3/><D132/><U71/><E51/><V129/><F129/><W78/><G78/><T79/><D125/><U25/><E25/><V130/><F130/><W104/><G104/><T97/><D116/><RYUUKYOKU ba="0,0" sc="297,-30,110,10,393,10,200,10" hai1="10,14,18,43,45,48,52,54,60,67,71,88,92" hai2="49,55,121,123" hai3="5,6,7,44,46,58,61" /><INIT seed="5,1,0,2,0,107" ten="267,120,403,210" oya="1" hai0="4,5,47,55,46,83,29,134,26,6,120,32,12" hai1="51,60,45,122,93,126,10,34,50,30,75,63,92" hai2="123,67,33,68,19,130,62,106,58,115,119,87,66" hai3="13,129,74,98,52,42,2,90,59,39,77,91,125"/><U88/><E122/><V54/><F33/><W65/><G2/><T17/><D134/><U131/><E75/><V18/><F106/><W49/><G125/><T69/><D69/><U57/><E126/><V109/><F123/><W31/><G129/><T23/><D120/><U24/><E131/><V0/><F0/><W80/><G31/><T44/><REACH who="0" step="1"/><D83/><REACH who="0" step="2"/><U3/><E93/><V99/><F68/><W16/><G98/><T113/><D113/><U21/><E34/><V116/><F99/><W70/><G70/><T36/><D36/><U48/><E45/><V40/><F115/><W82/><G82/><T20/><D20/><U112/><E112/><V104/><F130/><W79/><G79/><T97/><D97/><U95/><E95/><V76/><F76/><W27/><G39/><T86/><D86/><U102/><E102/><V135/><F104/><W117/><G117/><T35/><D35/><U37/><E37/><V8/><F116/><W121/><G121/><T64/><D64/><U73/><E73/><V81/><F67/><W89/><G65/><T132/><D132/><U43/><E43/><V41/><F66/><W71/><G42/><T85/><D85/><U7/><REACH who="1" step="1"/><E57/><REACH who="1" step="2"/><N who="2" m="35127" /><F41/><W25/><REACH who="3" step="1"/><G71/><REACH who="3" step="2"/><T101/><D101/><U38/><E38/><V28/><F40/><W72/><G72/><T127/><D127/><U108/><E108/><V128/><F109/><W11/><AGARI ba="1,3" hai="11,13,16,25,27,49,52,59,74,77,80,89,90,91" machi="11" ten="30,12000,2" yaku="1,1,0,1,52,1,54,2,53,1" doraHai="107" doraHaiUra="53" who="3" fromWho="3" sc="257,-31,110,-61,403,-31,200,153" /><INIT seed="6,0,0,5,4,94" ten="226,49,372,353" oya="2" hai0="37,98,91,108,92,36,103,124,100,89,20,110,72" hai1="3,127,9,125,77,50,22,1,11,93,8,116,132" hai2="54,26,71,60,81,128,21,74,117,52,115,88,130" hai3="135,24,121,33,34,83,76,23,101,12,129,40,86"/><V56/><F117/><W57/><G121/><T49/><D49/><U15/><E77/><V45/><F71/><W112/><G135/><T47/><D20/><U120/><E93/><V32/><F32/><W39/><G129/><N who="2" m="49769" /><F115/><W4/><G112/><T104/><D37/><U64/><E64/><N who="2" m="38919" /><F45/><W87/><G101/><N who="0" m="62519" /><D47/><U19/><E50/><V25/><F25/><W51/><G39/><T62/><D62/><U63/><E63/><V35/><F35/><W5/><G86/><T30/><D36/><U13/><E116/><V10/><F10/><W99/><G34/><T53/><D53/><U59/><E59/><V18/><F74/><W126/><G33/><T133/><D133/><U113/><E113/><V106/><F106/><W79/><G5/><T65/><D65/><U131/><E132/><V6/><F6/><W14/><G4/><T90/><D30/><U44/><E44/><V38/><F38/><W107/><G57/><T43/><D43/><U55/><E55/><V122/><F122/><W42/><G42/><T78/><D78/><U66/><E66/><V80/><F80/><W82/><G82/><T2/><D2/><U85/><E120/><V84/><AGARI ba="0,0" hai="18,21,26,52,54,81,84,88" m="38919,49769" machi="84" ten="30,6000,0" yaku="19,1,54,2" doraHai="94" who="2" fromWho="2" sc="226,-20,49,-20,372,60,353,-20" /><INIT seed="6,1,0,4,2,39" ten="206,29,432,333" oya="2" hai0="1,64,100,129,95,44,73,51,43,125,127,122,84" hai1="83,11,131,46,99,88,132,81,97,87,116,24,12" hai2="86,77,52,5,20,45,10,82,54,63,105,17,71" hai3="115,91,59,0,14,108,126,31,90,92,8,22,69"/><V4/><F105/><W21/><G69/><T36/><D122/><U57/><E132/><V33/><F33/><W94/><G108/><T48/><D73/><U74/><E131/><V72/><F72/><W112/><G126/><T119/><D1/><U3/><E116/><V68/><F54/><W18/><G0/><T98/><D129/><U60/><E3/><V29/><F29/><W23/><G59/><T7/><D7/><U128/><E128/><V104/><F104/><W111/><G111/><T65/><D84/><U42/><E24/><V135/><F135/><W117/><G117/><T61/><D65/><U13/><E13/><V80/><F80/><W26/><G115/><T78/><D78/><U55/><E81/><V62/><F10/><W109/><G112/><T102/><D100/><U58/><E58/><V56/><F45/><W103/><G103/><T106/><D106/><U120/><E74/><V70/><REACH who="2" step="1"/><F63/><REACH who="2" step="2"/><W134/><G134/><T114/><D114/><U121/><E121/><V37/><F37/><W93/><G109/><T123/><D119/><U9/><E9/><V66/><F66/><W96/><REACH who="3" step="1"/><G94/><REACH who="3" step="2"/><T133/><D123/><U28/><E120/><V101/><F101/><W67/><G67/><T130/><BYE who="3" /><D133/><U107/><E28/><V118/><F118/><W49/><G49/><T79/><D130/><U75/><E75/><V34/><F34/><W25/><G25/><AGARI ba="1,2" hai="4,5,17,20,25,52,56,62,68,70,71,77,82,86" machi="25" ten="40,3900,0" yaku="1,1,54,1,53,0" doraHai="39" doraHaiUra="41" who="2" fromWho="3" sc="206,0,29,0,422,62,323,-42" /><INIT seed="6,2,0,5,1,17" ten="206,29,484,281" oya="2" hai0="48,100,123,82,50,131,67,97,91,44,64,112,113" hai1="12,90,92,57,70,37,74,19,5,81,72,94,28" hai2="54,51,26,110,119,73,99,120,24,102,130,98,93" hai3="36,11,96,79,49,52,118,27,95,76,69,66,41"/><V85/><F73/><W78/><G78/><T63/><D123/><U45/><E70/><V21/><F119/><W103/><G103/><T40/><D48/><U32/><E32/><V58/><F120/><W129/><G129/><T75/><D131/><U47/><E28/><V65/><F110/><W16/><G16/><T132/><D132/><U128/><E128/><V29/><F130/><W127/><G127/><T22/><D75/><U133/><E133/><V106/><F106/><W77/><G77/><T71/><D67/><U18/><E37/><V55/><F99/><W53/><G53/><T107/><D82/><U60/><E74/><V108/><F108/><W38/><G38/><T135/><D91/><U6/><E19/><V68/><F68/><W87/><G87/><T116/><D116/><U33/><E33/><V9/><F9/><W39/><G39/><T3/><D3/><U80/><E94/><V86/><F65/><W31/><G31/><T20/><REACH who="0" step="1"/><D135/><REACH who="0" step="2"/><U10/><E72/><V122/><F122/><W1/><G1/><T15/><D15/><U43/><E81/><V84/><F26/><W46/><G46/><T0/><D0/><U7/><E80/><V124/><F124/><W83/><G83/><T134/><D134/><U117/><E117/><V101/><F101/><W14/><G14/><T4/><D4/><U2/><E2/><V105/><F102/><W89/><G89/><T61/><D61/><U25/><E25/><V62/><F24/><W23/><G23/><AGARI ba="2,1" hai="20,22,23,40,44,50,63,64,71,97,100,107,112,113" machi="23" ten="40,8000,1" yaku="1,1,52,3,53,0" doraHai="17" doraHaiUra="8" who="0" fromWho="3" sc="196,96,29,0,484,0,281,-86" /><INIT seed="7,0,0,2,2,44" ten="292,29,484,195" oya="3" hai0="34,86,29,81,52,115,23,65,25,77,126,101,106" hai1="121,46,45,113,64,90,85,14,42,1,130,117,13" hai2="82,127,93,95,55,61,16,12,39,41,60,32,30" hai3="49,33,24,40,119,71,107,123,62,48,89,134,131"/><W8/><G8/><T4/><D126/><U18/><E1/><V38/><F38/><W43/><G43/><T68/><D115/><U59/><E121/><V73/><F41/><W120/><G120/><T103/><D4/><U69/><E69/><V76/><F39/><W128/><G128/><T67/><D23/><U110/><E130/><V83/><F61/><W51/><G51/><T3/><D3/><U79/><E110/><V88/><F83/><W108/><G108/><T104/><D104/><U47/><E113/><V66/><F127/><W102/><G102/><T105/><D105/><U31/><E117/><V0/><F55/><W129/><G129/><T111/><D111/><U99/><E31/><V72/><F95/><W28/><G28/><T9/><D9/><U53/><E64/><V36/><F0/><W118/><G118/><T75/><D75/><U58/><E58/><V100/><F36/><W112/><G112/><T20/><D20/><U50/><E79/><UN n3="%E2%98%85%E3%81%97%E3%83%BC%E3%81%B0%E2%98%85" /><V7/><F100/><W87/><G119/><T116/><D103/><U54/><E54/><V91/><F30/><W26/><G134/><T5/><D5/><U80/><E99/><V17/><F32/><W94/><G33/><T98/><D116/><U10/><REACH who="1" step="1"/><E14/><REACH who="1" step="2"/><V109/><F12/><W6/><G123/><T96/><D98/><U63/><AGARI ba="0,1" hai="10,13,18,42,45,46,47,50,53,59,63,80,85,90" machi="63" ten="20,12000,2" yaku="1,1,2,1,0,1,7,1,8,1,52,1,53,0" doraHai="44" doraHaiUra="22" who="1" fromWho="1" sc="292,-30,19,130,484,-30,195,-60" owari="262,6,149,-25,454,55,135,-36" /></mjloggm>