<mjloggm ver="2.3"><GO type="97"/><UN n0="%E6%9A%97%E9%BB%92%E3%81%95%E3%82%80" n1="%E2%98%86%E5%8D%93%E4%B8%8A%E3%81%AE%E7%8B%AC%E8%A3%81%E8%80%85%E2%98%86" n2="%68%61%74%61%68%61%74%61" n3="%E3%82%A6%E3%83%AB%E3%83%88%E3%83%A9%E7%AB%8B%E7%9B%B4" dan="13,15,14,13" rate="1858,2012,1959,1821" sx="F,M,M,M"/><TAIKYOKU oya="0"/><INIT seed="0,0,0,3,5,28" ten="250,250,250,250" oya="0" hai0="5,39,3,107,105,131,102,110,34,118,84,40,9" hai1="80,101,42,103,15,8,88,132,10,38,82,51,32" hai2="99,89,26,106,78,7,75,68,112,57,97,33,59" hai3="47,50,45,18,24,27,54,2,35,98,69,128,86" shuffle="mt19937ar,DF14518A,1DCDF036,DAE0C4A0,29DCF889,068E0514,CCA5FADC,523E8072,FEDBECFF"/><T79/><D118/><U81/><E38/><V31/><F112/><W94/><G69/><T77/><D131/><U60/><E132/><V113/><F113/><W20/><G2/><T100/><D84/><U43/><E32/><V37/><F37/><W46/><G128/><T114/><D114/><U53/><E60/><V122/><F7/><W67/><G67/><T14/><D39/><U92/><E103/><V66/><F97/><W17/><G86/><T55/><D40/><N who="1" m="15403" /><E101/><N who="2" m="62783" /><F89/><W129/><G129/><T19/><D110/><U126/><E126/><V12/><F12/><W71/><G71/><T41/><D41/><U48/><E53/><V65/><F65/><W117/><G117/><T111/><D55/><U83/><N who="1" m="20480" /><DORA hai="56" /><U90/><E92/><V0/><F0/><W58/><G35/><T70/><D111/><U74/><E74/><V52/><F78/><W125/><G125/><T21/><D70/><U109/><E109/><V133/><F75/><W6/><G6/><T134/><D134/><U96/><E96/><V115/><F133/><W44/><N who="3" m="11776" /><DORA hai="62" /><W127/><G127/><T11/><D102/><U13/><E13/><V30/><F115/><W121/><G121/><T61/><D100/><U85/><E85/><V108/><F108/><W104/><G104/><T93/><D107/><U123/><E123/><V64/><F30/><N who="3" m="17671" /><G27/><T124/><D105/><U16/><E8/><V63/><F66/><W23/><G23/><T76/><D11/><U135/><E135/><V120/><F59/><W1/><G1/><T25/><D124/><U91/><AGARI ba="0,0" hai="10,15,16,48,51,88,90,91" m="20480,15403" machi="91" ten="50,6400,0" yaku="8,1,54,2" doraHai="28,56,62" who="1" fromWho="1" sc="250,-32,250,64,250,-16,250,-16" /><INIT seed="1,0,0,4,3,27" ten="218,314,234,234" oya="1" hai0="28,74,123,111,117,101,83,97,9,40,116,119,16" hai1="125,25,53,95,8,54,29,112,21,78,11,43,100" hai2="3,69,82,52,56,41,130,23,35,61,115,129,7" hai3="38,108,81,77,113,110,33,114,80,68,70,26,102" shuffle="mt19937ar,5F036689,1A6F7ABE,9368D482,DF29F2E0,EE79C6FB,5C7F428D,4AA34644,96D3931D"/><U22/><E112/><V18/><F115/><W42/><G102/><T135/><D123/><U106/><E106/><V88/><F69/><W46/><G81/><T72/><D135/><U99/><E78/><V13/><F41/><W122/><G122/><T2/><D40/><U65/><E43/><V59/><F35/><W66/><G113/><T36/><D36/><U75/><E75/><V48/><F7/><W6/><G6/><T94/><D2/><U44/><E125/><V92/><F82/><W120/><G114/><T91/><D111/><U124/><E124/><V10/><F3/><W71/><G66/><T84/><D28/><N who="1" m="17455" /><E65/><V107/><F107/><W50/><G120/><T55/><REACH who="0" step="1"/><D55/><REACH who="0" step="2"/><N who="1" m="21003" /><E44/><V96/><F130/><W131/><G131/><T31/><D31/><U0/><E0/><V104/><F129/><W121/><G121/><T79/><D79/><U64/><E64/><V1/><F1/><W73/><G50/><T14/><AGARI ba="0,1" hai="9,14,16,72,74,83,84,91,94,97,101,116,117,119" machi="14" ten="40,5200,0" yaku="1,1,0,1,54,1,53,0" doraHai="27" doraHaiUra="39" who="0" fromWho="0" sc="208,62,314,-26,234,-13,234,-13" /><INIT seed="2,0,0,0,2,82" ten="270,288,221,221" oya="2" hai0="23,27,35,42,80,108,36,28,45,122,121,20,115" hai1="8,125,104,105,63,51,7,50,56,5,61,132,102" hai2="18,86,83,31,71,55,120,128,76,47,19,4,62" hai3="40,133,79,124,6,87,17,64,38,26,48,116,78" shuffle="mt19937ar,FAE8E4FD,C264605D,13FA4600,8CE82D31,5F3E287F,5D144B9D,C958577A,2B340C01"/><V34/><F34/><W11/><G38/><T88/><D115/><U9/><E56/><V13/><F128/><W123/><G123/><T72/><D108/><U106/><E102/><V29/><F120/><W70/><G116/><T92/><D72/><U97/><E97/><V114/><F114/><W135/><G64/><T14/><D80/><U95/><E95/><V93/><F71/><W84/><G70/><T129/><D129/><U49/><E125/><V103/><F4/><N who="1" m="1609" /><E132/><N who="3" m="50762" /><G124/><T134/><D134/><U30/><E30/><N who="2" m="11275" /><F13/><W111/><G111/><T58/><D58/><U118/><E118/><V52/><F62/><AGARI ba="0,0" hai="8,9,49,50,51,61,62,63,104,105,106" m="1609" machi="62" ten="40,2600,0" yaku="28,2" doraHai="82" who="1" fromWho="2" sc="270,0,288,26,221,-26,221,0" /><INIT seed="3,0,0,1,4,108" ten="270,314,195,221" oya="3" hai0="37,72,109,106,33,68,76,77,55,133,84,71,74" hai1="80,99,127,49,129,124,0,83,87,3,95,29,51" hai2="125,18,88,114,120,14,81,116,46,130,85,134,9" hai3="92,25,69,2,82,43,17,38,10,40,30,93,104" shuffle="mt19937ar,92413114,49C17B26,24EE44DE,7BEA08A0,8DC3529C,12BFBB62,41298E22,D42B9AC9"/><W42/><G69/><T70/><D37/><U57/><E29/><V27/><F116/><W61/><G38/><T122/><D109/><U11/><E129/><V56/><F130/><W54/><G104/><T119/><D122/><U110/><E110/><V112/><F134/><W44/><G2/><N who="1" m="554" /><E11/><V36/><F125/><N who="1" m="48201" /><E57/><V98/><F120/><W67/><G67/><T91/><D119/><U103/><E83/><V128/><F128/><W21/><G82/><T90/><D106/><U35/><E35/><V50/><F36/><W79/><G79/><AGARI ba="0,0" hai="49,51,79,80,87,95,99,103" m="48201,554" machi="79" ten="30,1000,0" yaku="18,1" doraHai="108" who="1" fromWho="3" sc="270,0,314,10,195,0,221,-10" owari="270,2,324,32,195,-20,211,-14" /></mjloggm>