<mjloggm ver="2.3"><GO type="41"/><UN n0="%E3%82%A6%E3%82%A7%E3%83%AB%E3%83%81%E3%82%A2" n1="%E3%82%A6%E3%83%AB%E3%83%88%E3%83%A9%E7%AB%8B%E7%9B%B4" n2="%E3%81%86%E3%81%95%E3%81%8E%E4%BE%8D" n3="%E3%81%B4%E3%81%AE%EF%BC%A0%E3%83%8F%E3%83%A0" dan="13,13,14,14" rate="1960,1866,1916,1959" sx="M,M,M,M"/><TAIKYOKU oya="0"/><INIT seed="0,0,0,2,3,106" ten="250,250,250,250" oya="0" hai0="133,59,135,85,110,5,69,90,105,33,32,73,50" hai1="6,120,93,123,10,81,126,63,114,11,92,34,26" hai2="131,70,83,7,40,9,101,103,89,71,21,15,41" hai3="2,8,37,46,116,60,134,128,99,97,17,4,72" shuffle="mt19937ar,74D9A8AC,0518AFF4,7B62C808,D7EA6BBD,2A4D7ACD,5F2AC5C1,EBBB2C5D,972011FB"/><T113/><D105/><U58/><E114/><V104/><F104/><W129/><G60/><T108/><D113/><U28/><E126/><V61/><F71/><W82/><G116/><T111/><D73/><U109/><E109/><V43/><F70/><W47/><G134/><N who="0" m="51211" /><D69/><U125/><E125/><V42/><F131/><W14/><G47/><T88/><D5/><U91/><E81/><V45/><F61/><W20/><G46/><T124/><D124/><U127/><E127/><V49/><F21/><W29/><G37/><T78/><D78/><U76/><E76/><V38/><F38/><W118/><G118/><T52/><D90/><U107/><E107/><V84/><AGARI ba="0,0" hai="7,9,15,40,41,42,43,45,49,83,84,89,101,103" machi="84" ten="30,2000,0" yaku="0,1,8,1" doraHai="106" who="2" fromWho="2" sc="250,-10,250,-5,250,20,250,-5" /><INIT seed="1,0,0,5,2,69" ten="240,245,270,245" oya="1" hai0="126,3,5,130,34,117,40,7,104,74,86,114,123" hai1="15,36,50,17,80,83,84,14,96,122,18,120,85" hai2="0,124,45,10,89,76,13,87,106,103,25,100,35" hai3="101,30,19,6,67,31,47,88,82,20,32,77,63" shuffle="mt19937ar,69BD8966,47116E46,4795ED5D,96C029FA,B4684FAA,F24F78DE,1CAABB56,178ED08E"/><U110/><E96/><V112/><F0/><W79/><G6/><T66/><RYUUKYOKU type="yao9" ba="0,0" sc="240,0,245,0,270,0,245,0" hai0="3,5,7,34,40,66,74,86,104,114,117,123,126,130" /><INIT seed="1,1,0,4,1,119" ten="240,245,270,245" oya="1" hai0="102,15,115,46,61,64,68,85,51,56,132,20,36" hai1="59,65,133,30,121,13,106,26,91,7,41,114,108" hai2="22,12,29,123,100,113,32,120,1,78,9,74,39" hai3="66,69,87,111,93,24,53,83,86,43,19,129,2" shuffle="mt19937ar,6CD53548,9B5D6953,EEF8482D,D0764B65,A8D167E5,C197C103,F1036DC5,967D7FF7"/><U107/><E114/><V47/><F100/><W124/><G2/><T45/><D115/><U16/><E7/><N who="2" m="1263" /><F113/><W49/><G43/><T90/><D132/><U63/><E133/><V55/><F55/><W104/><G104/><T81/><D102/><U8/><E121/><V112/><F112/><W10/><G66/><T88/><D36/><U73/><E73/><V11/><F11/><W62/><G62/><T76/><D68/><U122/><E122/><V125/><F125/><W27/><G69/><T60/><D60/><U109/><E41/><N who="2" m="22975" /><F22/><W79/><G124/><T116/><D116/><U126/><E126/><V25/><F12/><W57/><G27/><T103/><D103/><U4/><E4/><V40/><F40/><W67/><G67/><T54/><D46/><U118/><E118/><V50/><F50/><W82/><G93/><T75/><D75/><U101/><E91/><V117/><F117/><W17/><G24/><T14/><D14/><U38/><E38/><V31/><F31/><W44/><G10/><T127/><D127/><U21/><REACH who="1" step="1"/><E101/><REACH who="1" step="2"/><V18/><F18/><AGARI ba="1,1" hai="15,18,20,45,51,54,56,61,64,76,81,85,88,90" machi="18" ten="40,2600,0" yaku="8,1,54,1" doraHai="119" who="0" fromWho="2" sc="240,39,235,0,270,-29,245,0" /><INIT seed="2,0,0,3,0,77" ten="279,235,241,245" oya="2" hai0="74,60,34,117,47,36,61,90,87,107,119,126,123" hai1="40,100,102,106,66,69,114,29,42,104,133,33,129" hai2="23,93,134,103,51,110,50,39,121,122,72,81,59" hai3="22,99,64,16,20,17,35,15,88,132,52,1,86" shuffle="mt19937ar,DEFD2303,237A9C67,ECFE3A05,007C21D2,43849BEA,A96539B9,EDEE3FB2,F1DD6071"/><V10/><F39/><W97/><G1/><T31/><D107/><U128/><E29/><V37/><F37/><W118/><G35/><T68/><D123/><U58/><E58/><V109/><F10/><W12/><G118/><N who="0" m="45067" /><D126/><U125/><E125/><V3/><F3/><W14/><G132/><T79/><D68/><U127/><E127/><V124/><F124/><W80/><G64/><T95/><D34/><U19/><E33/><V25/><F134/><W21/><REACH who="3" step="1"/><G52/><REACH who="3" step="2"/><T53/><D53/><U113/><E133/><V92/><F122/><W9/><G9/><T75/><D31/><U11/><E11/><V49/><F121/><W96/><AGARI ba="0,1" hai="12,14,15,16,17,20,21,22,80,86,88,96,97,99" machi="96" ten="40,16000,3" yaku="1,1,0,1,29,2,8,1,52,1,54,2,53,0" doraHai="77" doraHaiUra="65" who="3" fromWho="3" sc="279,-40,235,-40,241,-80,235,170" /><INIT seed="3,0,0,2,4,33" ten="239,195,161,405" oya="3" hai0="120,37,125,121,80,66,89,83,43,53,111,82,57" hai1="117,14,73,74,52,127,72,122,114,99,51,113,5" hai2="24,108,30,100,71,118,29,63,0,19,131,20,49" hai3="39,44,31,38,27,68,129,28,54,45,112,84,62" shuffle="mt19937ar,EDA7359C,49837586,05587CC7,880BFEBD,C113DCFB,087A6F10,1322522B,5AFE1A81"/><W48/><G31/><T133/><D111/><U18/><E122/><V92/><F118/><W128/><G112/><T23/><D125/><U135/><E127/><V119/><F119/><W6/><G6/><T1/><D133/><U64/><E117/><V96/><F131/><W40/><G84/><T102/><D102/><U35/><E35/><V2/><F108/><W105/><G105/><T50/><D23/><U10/><E135/><V46/><F71/><W13/><G13/><T87/><D120/><U104/><E64/><V16/><F63/><W61/><G39/><T124/><D121/><U17/><E104/><V130/><F130/><N who="3" m="50283" /><G68/><T79/><D124/><U70/><E70/><V123/><F123/><W65/><G65/><T59/><D79/><U7/><E99/><V67/><F67/><W98/><G98/><T107/><D107/><U86/><E86/><V60/><F60/><W106/><G106/><T132/><D132/><U101/><E101/><V91/><F100/><W36/><G36/><T116/><D116/><U25/><E7/><V88/><F91/><W90/><G90/><T42/><D37/><U93/><E93/><V32/><F19/><W134/><G134/><T8/><D66/><U126/><E126/><V56/><F56/><W76/><G76/><T41/><D59/><U4/><E4/><V78/><F78/><W81/><G81/><T95/><REACH who="0" step="1"/><D8/><REACH who="0" step="2"/><U103/><E103/><V26/><F30/><W22/><AGARI ba="0,1" hai="22,27,28,38,40,44,45,48,54,61,62" m="50283" machi="22" ten="30,1500,0" yaku="19,1" doraHai="33" who="3" fromWho="3" sc="229,-5,195,-5,161,-5,405,25" /><INIT seed="3,1,0,3,2,123" ten="224,190,156,430" oya="3" hai0="98,85,87,29,65,50,112,99,89,126,48,128,95" hai1="61,111,51,5,78,10,103,109,121,42,55,106,60" hai2="114,9,18,84,104,15,100,0,27,110,134,39,36" hai3="6,83,86,81,53,76,124,63,14,11,66,117,4" shuffle="mt19937ar,29E28C36,C897B0A8,78112999,91110162,CE660C80,6066C38C,0947366A,2A375027"/><W96/><G96/><T122/><D122/><U22/><E121/><V13/><F114/><W125/><G117/><T31/><D112/><U35/><E35/><V116/><F116/><W47/><G83/><T56/><D126/><U26/><E78/><V46/><F0/><W88/><G76/><T44/><D128/><U113/><E113/><V2/><F2/><W135/><G135/><T131/><D131/><U68/><E103/><V119/><F119/><W54/><G6/><T8/><D8/><U64/><E106/><V120/><F120/><W70/><REACH who="3" step="1"/><G47/><REACH who="3" step="2"/><T17/><D99/><U3/><E42/><V92/><F134/><W133/><G133/><T30/><D17/><U127/><E127/><AGARI ba="1,1" hai="4,11,14,53,54,63,66,70,81,86,88,124,125,127" machi="127" ten="40,7700,0" yaku="1,1,18,1,54,1,53,0" doraHai="123" doraHaiUra="21" who="3" fromWho="1" sc="224,0,190,-80,156,0,420,90" /><INIT seed="3,2,0,4,2,65" ten="224,110,156,510" oya="3" hai0="69,33,130,3,61,113,99,125,2,80,40,35,18" hai1="6,4,16,62,72,43,114,25,13,124,135,60,91" hai2="86,104,23,109,0,120,84,44,98,71,10,110,29" hai3="63,92,32,48,97,59,96,90,54,21,82,39,11" shuffle="mt19937ar,21887609,775B6491,5F0EAC74,F1C25F85,5D0F91F6,150761F0,73286911,245289D3"/><W41/><G39/><T12/><D113/><U34/><E72/><V117/><F117/><W111/><G32/><T38/><D125/><U108/><E114/><V14/><F120/><W53/><G41/><T57/><D130/><U134/><E43/><V123/><F123/><W78/><G111/><N who="2" m="42505" /><F0/><W105/><G11/><T26/><D69/><U119/><E108/><V70/><F44/><W73/><G21/><T122/><D122/><U20/><E91/><V51/><F51/><W7/><G7/><N who="1" m="2602" /><E60/><V5/><F29/><W9/><G9/><T83/><D26/><U129/><E62/><V112/><F112/><W115/><G115/><T131/><D131/><U126/><E129/><V89/><F23/><W8/><G8/><T27/><D27/><U31/><E119/><V132/><F132/><AGARI ba="2,0" hai="13,16,20,25,31,34,124,126,132,134,135" m="2602" machi="132" ten="30,7700,0" yaku="20,1,34,2,54,1" doraHai="65" who="1" fromWho="2" sc="224,0,110,83,156,-83,510,0" /><INIT seed="4,0,0,4,4,97" ten="224,193,73,510" oya="0" hai0="78,135,73,115,77,34,100,105,88,134,18,79,49" hai1="122,74,121,16,133,126,120,26,54,106,81,116,108" hai2="129,7,13,110,5,1,82,6,35,76,98,68,83" hai3="131,46,50,71,104,118,15,24,38,96,2,60,62" shuffle="mt19937ar,0215FEDC,691B8E3D,B14ED67C,1D91C5A5,0CE7D15E,1BDC8EB3,3E117BA9,89BA70FB"/><T87/><D34/><U99/><E54/><V94/><F68/><W14/><G2/><T86/><D49/><U51/><E51/><V52/><F35/><W31/><G38/><T72/><D18/><U41/><E41/><V3/><F110/><W45/><G131/><T40/><D40/><U28/><E28/><V59/><F129/><W9/><G118/><T55/><D55/><U90/><E16/><V109/><F109/><W8/><G50/><T21/><D21/><U127/><E26/><V112/><F112/><W101/><G62/><T113/><D100/><N who="1" m="62751" /><E108/><V65/><F65/><W30/><G30/><T22/><D22/><U89/><E116/><V56/><F56/><W123/><G123/><T43/><D105/><U70/><E70/><V44/><F44/><W63/><G60/><T42/><D42/><U85/><E133/><N who="0" m="50697" /><D43/><U25/><E25/><V23/><F1/><W117/><G117/><T84/><D88/><N who="1" m="51247" /><E74/><AGARI ba="0,0" hai="72,73,74,77,78,79,84,86,87,113,115" m="50697" machi="74" ten="40,12000,1" yaku="28,2,20,1,34,2" doraHai="97" who="0" fromWho="1" sc="224,120,193,-120,73,0,510,0" /><INIT seed="4,1,0,3,3,50" ten="344,73,73,510" oya="0" hai0="41,72,39,100,27,134,4,86,108,83,130,71,116" hai1="107,95,12,127,135,88,7,94,10,118,32,1,115" hai2="63,49,112,44,82,92,36,19,61,106,89,109,28" hai3="131,73,57,76,52,25,37,98,33,38,102,30,23" shuffle="mt19937ar,ECAA2111,40CF7589,88AB1572,D9CB9B5E,FDF7D614,C585D983,E971CC90,8C5A2CA1"/><T65/><D116/><U43/><E107/><V58/><F106/><W56/><G56/><T97/><D130/><U55/><E32/><V67/><F28/><W17/><G131/><T90/><D108/><U119/><E95/><V22/><F109/><W51/><G76/><T80/><D134/><U75/><E75/><V85/><F36/><W20/><G33/><T9/><D71/><U114/><E135/><V15/><F112/><N who="1" m="43049" /><E43/><V6/><F6/><W69/><G69/><T45/><D65/><U110/><E110/><V79/><F63/><W16/><G30/><T103/><D27/><U18/><E127/><V35/><F35/><W77/><G77/><N who="0" m="44071" /><D97/><N who="1" m="57543" /><E55/><V48/><REACH who="2" step="1"/><F44/><REACH who="2" step="2"/><W78/><G38/><T53/><D53/><U24/><E24/><V87/><AGARI ba="1,1" hai="15,19,22,48,49,58,61,67,79,82,85,87,89,92" machi="87" ten="20,12000,2" yaku="1,1,2,1,0,1,7,1,8,1,53,1" doraHai="50" doraHaiUra="14" who="2" fromWho="2" sc="344,-61,73,-31,63,133,510,-31" /><INIT seed="5,0,0,1,4,65" ten="283,42,196,479" oya="1" hai0="113,59,86,130,76,92,77,12,108,25,68,26,50" hai1="82,131,2,33,38,10,72,21,4,112,80,19,101" hai2="61,20,9,63,35,116,106,129,46,24,27,22,99" hai3="117,52,79,58,69,31,94,41,96,121,30,105,56" shuffle="mt19937ar,8D22398A,7D510CCC,AFF3093C,687A16C2,D9922D60,6A9855C5,1D173E7D,5303E350"/><U17/><E131/><V73/><F73/><W115/><G41/><T48/><D68/><U32/><E112/><V3/><F116/><W14/><G79/><T53/><D113/><U125/><E125/><V102/><F129/><W60/><G105/><T43/><D130/><U90/><E82/><V83/><F83/><W6/><G69/><T75/><D75/><U78/><E101/><V124/><F124/><W39/><G39/><T42/><D108/><U89/><E19/><V107/><F46/><W16/><G6/><T0/><D0/><BYE who="0" /><U111/><E111/><V29/><F107/><W5/><G121/><T95/><D95/><U100/><E100/><V123/><F123/><W74/><G5/><T13/><D13/><U97/><E97/><UN n0="%E3%82%A6%E3%82%A7%E3%83%AB%E3%83%81%E3%82%A2" /><V18/><F20/><W103/><G74/><T8/><D76/><U34/><REACH who="1" step="1"/><E38/><REACH who="1" step="2"/><V114/><F114/><W104/><G115/><T118/><D118/><U49/><E49/><V62/><F3/><W87/><G117/><T85/><D48/><U91/><E91/><V54/><F62/><W23/><G103/><T134/><D134/><U40/><E40/><V36/><F36/><W51/><G96/><T28/><D42/><U120/><E120/><V127/><F127/><W122/><G122/><T81/><D43/><U45/><E45/><V57/><F57/><W64/><G104/><T88/><D28/><U67/><E67/><V93/><F93/><W15/><G94/><T37/><D37/><U55/><E55/><V1/><F54/><W47/><G64/><T84/><D84/><U11/><E11/><V71/><F71/><RYUUKYOKU ba="0,1" sc="283,10,32,10,196,10,479,-30" hai0="8,12,25,26,50,53,59,77,81,85,86,88,92" hai1="2,4,10,17,21,32,33,34,72,78,80,89,90" hai2="1,9,18,22,24,27,29,35,61,63,99,102,106" /><INIT seed="5,1,1,4,3,27" ten="293,42,206,449" oya="1" hai0="123,135,50,105,96,39,91,106,26,74,80,58,21" hai1="122,31,29,95,25,73,37,13,28,34,86,94,59" hai2="114,49,107,103,92,81,131,84,63,22,110,118,82" hai3="48,99,116,130,79,126,90,8,121,120,88,9,68" shuffle="mt19937ar,F3533AF8,D57D1C40,19B6BBBD,789BCF70,BC21DEA9,2528530A,D4BAF795,C2FE66DC"/><U11/><E73/><V72/><F63/><W62/><G79/><T56/><D123/><U111/><E37/><V102/><F118/><W132/><G116/><T0/><D135/><U93/><E122/><V30/><F110/><W41/><G62/><T24/><D0/><U108/><E86/><V85/><F49/><W100/><G68/><T16/><D39/><U15/><E59/><V75/><F30/><N who="1" m="11881" /><E11/><V133/><F22/><W17/><G17/><T3/><D3/><U67/><E67/><V124/><F133/><W14/><G132/><T64/><D74/><N who="2" m="28202" /><F114/><W19/><G9/><T40/><D106/><U117/><E117/><V47/><F47/><W33/><G33/><T4/><D4/><U128/><E128/><V83/><F124/><W46/><G126/><T61/><D105/><U55/><E55/><V65/><F65/><W10/><G10/><T119/><D119/><U38/><E38/><V52/><F52/><W53/><G130/><T104/><D104/><U113/><E113/><V45/><F45/><W42/><G120/><T32/><D32/><U70/><E70/><V18/><F18/><W5/><G19/><T71/><D71/><U77/><E77/><V69/><F69/><W109/><G121/><T1/><D1/><U7/><E7/><V51/><F51/><W101/><G48/><T60/><D40/><U43/><E43/><V125/><F131/><W66/><G42/><T23/><D50/><U6/><E6/><V54/><F54/><W134/><G41/><T89/><D80/><U98/><E98/><N who="2" m="61911" /><F125/><W36/><G134/><T57/><D96/><AGARI ba="1,1" hai="81,82,83,84,85,92,96,103" m="61911,28202" machi="96" ten="30,12000,2" yaku="6,1,35,5" doraHai="27" who="2" fromWho="0" sc="293,-123,42,0,206,133,449,0" /><INIT seed="6,0,0,1,1,64" ten="170,42,339,449" oya="2" hai0="84,44,25,15,93,53,21,58,89,43,124,90,85" hai1="36,103,39,77,81,47,73,135,48,111,123,10,49" hai2="116,121,33,112,63,71,86,54,83,6,88,31,65" hai3="56,4,29,102,22,127,120,133,70,66,119,110,75" shuffle="mt19937ar,9A430B9E,03DEDAE7,0E8D2EC9,2EB11DD5,FBDE5E7C,0AC3D15E,05339B64,51218DE7"/><V59/><F121/><W113/><G56/><T2/><D124/><U3/><E111/><V92/><F116/><W51/><G51/><T74/><D74/><U37/><E123/><V101/><F6/><W24/><G4/><T9/><D2/><U132/><E103/><V5/><F5/><W42/><G42/><T14/><D9/><U50/><E3/><V7/><F7/><W55/><G55/><T1/><D1/><U12/><E10/><V122/><F122/><W67/><G75/><T105/><D105/><U52/><REACH who="1" step="1"/><E12/><REACH who="1" step="2"/><V131/><F131/><W78/><G102/><T98/><D14/><U130/><E130/><V72/><F112/><W134/><G113/><T97/><D15/><U8/><E8/><V87/><F72/><W79/><G110/><T27/><D21/><U94/><E94/><V126/><F126/><W26/><G22/><T13/><D13/><U95/><E95/><V17/><F101/><W100/><G100/><T117/><D117/><U106/><E106/><V99/><F17/><W28/><G127/><T45/><D25/><U35/><E35/><V104/><F104/><W107/><G107/><T114/><D27/><U11/><E11/><V76/><F86/><W40/><G119/><T38/><D114/><U20/><E20/><V18/><F18/><W60/><G120/><T128/><D128/><U32/><E32/><V125/><F125/><W61/><G26/><T0/><D0/><U129/><E129/><V68/><F31/><W96/><G24/><T91/><D93/><U69/><E69/><N who="2" m="26699" /><F33/><W62/><G29/><T16/><D16/><RYUUKYOKU ba="0,1" sc="170,-15,32,15,339,15,449,-15" hai1="36,37,39,47,48,49,50,52,73,77,81,132,135" hai2="54,59,63,65,76,83,87,88,92,99" /><INIT seed="6,1,1,1,5,11" ten="155,47,354,434" oya="2" hai0="121,71,23,16,19,125,63,54,45,2,61,89,36" hai1="9,123,82,93,29,46,31,126,118,15,105,4,20" hai2="97,39,6,108,73,103,106,66,77,30,25,130,109" hai3="3,96,78,28,48,37,119,111,7,10,64,59,40" shuffle="mt19937ar,2C34AB48,7AEB990A,7617FB2F,EE891FA0,C220A226,6CDCC5E0,A1ED85F3,BC5410FC"/><V69/><F6/><W17/><G28/><T117/><D121/><U76/><E105/><V80/><F39/><W132/><G119/><T131/><D117/><U49/><E118/><V104/><F130/><W99/><G111/><T35/><D125/><U34/><E126/><V12/><F12/><W62/><G132/><T27/><D131/><U67/><E123/><V112/><F106/><W101/><G78/><T52/><D35/><U50/><E34/><N who="2" m="20815" /><F112/><W74/><G74/><T113/><D2/><U86/><E50/><V87/><F87/><W65/><G65/><T122/><D113/><U55/><E67/><V43/><F43/><W90/><G37/><T41/><D122/><U129/><E129/><V53/><F53/><N who="0" m="20586" /><D36/><U94/><E20/><V75/><F75/><W128/><G128/><T133/><D71/><U0/><E0/><V26/><F26/><W57/><G90/><T56/><D133/><U92/><AGARI ba="1,1" hai="4,9,15,29,31,46,49,55,76,82,86,92,93,94" machi="92" ten="30,4000,0" yaku="0,1,8,1,52,1" doraHai="11" who="1" fromWho="1" sc="155,-11,47,53,354,-21,434,-11" /><INIT seed="7,0,0,2,2,86" ten="144,100,333,423" oya="3" hai0="66,119,127,109,14,128,4,59,49,123,16,112,121" hai1="129,73,48,25,95,60,92,81,122,101,76,3,56" hai2="10,114,58,33,111,96,71,44,34,79,80,72,115" hai3="124,30,46,1,62,41,54,131,118,6,77,82,15" shuffle="mt19937ar,8F193309,34C7365C,91120AD6,07A71203,89945C18,0A6ECDC0,723F3138,AB63269D"/><W67/><G1/><T37/><D37/><U23/><E3/><V125/><F58/><W57/><G30/><T97/><D97/><U17/><E122/><N who="0" m="46601" /><D59/><U26/><E129/><V74/><F111/><W38/><G131/><T88/><D66/><U68/><E68/><V51/><F74/><W9/><G124/><T12/><D49/><U90/><E101/><V126/><F10/><W108/><G108/><T24/><D88/><U75/><E48/><V29/><F51/><W50/><G118/><T134/><D119/><U84/><E92/><V19/><F19/><W83/><G77/><T105/><D105/><U31/><E81/><V132/><F44/><AGARI ba="0,0" hai="6,9,15,38,41,44,46,50,54,57,62,67,82,83" machi="44" ten="30,1500,0" yaku="7,1" doraHai="86" who="3" fromWho="2" sc="144,0,100,0,333,-15,423,15" owari="144,-26,100,-40,318,12,438,54" /></mjloggm>