<mjloggm ver="2.3"><GO type="193"/><UN n0="%E3%82%A6%E3%83%AB%E3%83%88%E3%83%A9%E7%AB%8B%E7%9B%B4" n1="%52%65%64%73" n2="%E3%81%A4%E3%81%AE%E3%81%B2%E3%82%8D" n3="%61%6B%69%6E%6F%62%69" dan="12,12,12,10" rate="1878,1565,1720,1472" sx="M,M,M,M"/><TAIKYOKU oya="0"/><INIT seed="0,0,0,3,4,78" ten="250,250,250,250" oya="0" hai0="15,36,72,96,30,14,135,97,71,44,107,24,5" hai1="9,49,102,13,43,101,84,112,123,58,22,53,40" hai2="51,79,127,111,86,134,7,129,3,59,116,54,131" hai3="45,19,4,80,25,99,92,23,21,103,38,125,110" shuffle="mt19937ar,C85352DD,4EE0D940,92097D62,A96FDF9A,6D5B2BA0,FA9C3D89,06384872,2DB66912"/><T11/><D71/><U61/><E123/><V2/><F116/><W94/><G4/><T88/><D135/><U31/><E112/><V42/><F134/><W29/><G125/><T26/><D72/><U128/><E128/><N who="2" m="49227" /><F127/><W77/><G110/><T8/><D36/><U48/><E40/><V69/><F69/><W95/><G19/><T76/><D76/><U41/><E41/><V60/><F111/><W98/><G21/><T1/><D1/><U104/><E104/><V109/><F109/><W114/><G114/><T105/><D44/><U56/><E48/><V0/><F7/><W39/><G98/><T120/><D120/><U115/><E115/><V47/><F3/><W12/><G12/><T81/><D105/><U113/><E113/><V68/><F68/><W87/><REACH who="3" step="1"/><G45/><REACH who="3" step="2"/><T100/><D96/><U63/><E22/><V16/><F47/><W118/><G118/><T89/><D30/><U85/><E31/><V33/><F16/><W106/><AGARI ba="0,1" hai="23,25,29,38,39,77,80,87,92,94,95,99,103,106" machi="106" ten="30,4000,0" yaku="1,1,0,1,52,1,53,0" doraHai="78" doraHaiUra="65" who="3" fromWho="3" sc="250,-20,250,-10,250,-10,240,50" /><INIT seed="1,0,0,2,5,75" ten="230,240,240,290" oya="1" hai0="20,15,131,80,98,66,68,127,70,119,55,109,40" hai1="33,135,65,41,43,2,7,17,26,59,129,79,83" hai2="72,1,126,53,14,10,34,27,19,23,96,112,132" hai3="103,78,110,81,58,3,39,116,134,11,121,25,90" shuffle="mt19937ar,6BA4481D,13CA416B,32342DE2,66621D69,293F038A,BEA85EA2,A1B5E7F6,56E40397"/><U46/><E129/><V105/><F112/><W93/><G121/><T97/><D20/><U111/><E135/><V101/><F72/><W35/><G39/><T45/><D15/><U122/><E122/><V62/><F132/><W100/><G134/><T95/><D80/><U107/><E107/><V99/><F126/><W92/><G58/><T47/><D95/><U61/><E43/><V56/><F101/><W106/><G116/><T94/><D94/><U50/><E111/><V22/><F105/><W12/><G110/><T82/><D82/><U89/><E89/><V87/><F87/><W128/><G128/><T31/><D31/><U91/><E91/><V117/><F117/><W125/><G3/><T36/><D131/><U44/><E44/><V118/><F118/><W16/><G35/><T8/><D8/><U48/><E48/><V29/><REACH who="2" step="1"/><F22/><REACH who="2" step="2"/><W74/><G125/><T120/><D119/><U42/><E33/><V84/><F84/><W76/><G92/><T30/><D127/><U37/><E2/><V102/><F102/><W130/><G76/><T73/><D73/><U38/><E7/><AGARI ba="0,1" hai="1,7,10,14,19,23,27,29,34,53,56,62,96,99" machi="7" ten="40,5200,0" yaku="1,1,24,2,53,0" doraHai="75" doraHaiUra="113" who="2" fromWho="1" sc="230,0,240,-52,230,62,290,0" /><INIT seed="2,0,0,3,0,43" ten="230,188,292,290" oya="2" hai0="120,101,92,3,0,119,73,125,9,41,14,88,59" hai1="30,109,35,21,111,121,127,95,124,80,47,8,18" hai2="98,6,106,46,87,55,22,122,110,10,17,31,134" hai3="85,68,25,50,75,112,65,118,93,96,78,117,72" shuffle="mt19937ar,39B1C7BF,FF418451,B771B361,5C546930,299731F1,A86D908E,9507DA9E,781B86E1"/><V45/><F122/><W94/><G112/><T114/><D114/><U63/><E121/><V62/><F134/><W64/><G25/><T7/><D120/><U27/><E80/><V83/><F110/><N who="1" m="41993" /><E63/><V57/><F31/><W12/><G75/><T128/><D73/><U133/><E133/><V37/><F37/><W23/><G68/><T84/><D119/><U97/><E47/><V28/><F28/><W126/><G65/><T82/><D125/><N who="1" m="48203" /><E8/><V40/><F40/><W130/><G126/><T67/><D128/><U54/><E54/><V79/><F106/><W77/><G130/><T89/><D101/><N who="1" m="60607" /><E18/><V90/><F98/><W13/><G78/><T71/><D71/><U102/><E102/><V91/><F91/><W129/><G129/><T32/><D41/><U5/><E5/><V33/><F90/><W34/><G34/><AGARI ba="0,0" hai="21,27,30,34,35" m="60607,48203,41993" machi="34" ten="30,2000,0" yaku="14,1,18,1" doraHai="43" who="1" fromWho="3" sc="230,0,188,20,292,0,290,-20" /><INIT seed="3,0,0,3,3,40" ten="230,208,292,270" oya="3" hai0="116,100,39,86,53,64,127,124,62,75,1,73,10" hai1="27,7,58,9,90,59,56,2,42,66,26,15,132" hai2="77,94,68,126,30,61,63,110,69,45,25,49,109" hai3="20,107,23,28,82,122,102,16,34,12,54,119,37" shuffle="mt19937ar,B1BE3935,F8DF73BF,2F61F52D,2D72283B,DB0EE710,CFA68C59,6CA4F876,516773F3"/><W123/><G119/><T105/><D116/><U78/><E132/><V83/><F126/><W32/><G37/><T3/><D86/><U128/><E128/><V57/><F94/><W13/><G54/><T106/><D53/><U120/><E120/><V55/><F63/><W89/><G82/><T43/><D62/><U131/><E131/><V5/><F5/><W41/><G41/><T46/><D64/><U108/><E108/><N who="2" m="41579" /><F83/><W17/><G89/><T79/><D3/><U103/><E78/><V95/><F95/><W91/><G91/><T67/><D67/><U47/><E66/><N who="2" m="39215" /><F77/><W19/><G19/><T111/><D111/><U135/><E135/><V117/><F117/><W133/><G133/><T72/><D79/><U96/><E2/><V44/><F45/><W24/><REACH who="3" step="1"/><G34/><AGARI ba="0,0" hai="25,30,34,44,49,55,68,69" m="39215,41579" machi="34" ten="30,2000,0" yaku="14,1,52,1" doraHai="40" who="2" fromWho="3" sc="230,0,208,0,292,20,270,-20" owari="230,-12,208,-19,312,31,250,0" /></mjloggm>