<mjloggm ver="2.3"><GO type="41"/><UN n0="%2D%75%72%7A%61%2D" n1="%E3%81%BB%E3%81%A3%E3%81%8B%E3%82%80%E3%82%8A" n2="%E3%82%A6%E3%83%AB%E3%83%88%E3%83%A9%E7%AB%8B%E7%9B%B4" n3="%4D%61%52%63%48" dan="15,15,14,15" rate="1937,2018,1933,2046" sx="M,M,M,M"/><TAIKYOKU oya="0"/><INIT seed="0,0,0,2,1,106" ten="250,250,250,250" oya="0" hai0="119,71,23,64,28,46,115,95,78,58,9,121,53" hai1="30,85,98,94,75,74,1,7,83,37,130,43,118" hai2="54,107,110,50,47,36,103,20,109,8,49,18,117" hai3="91,101,68,79,81,14,45,123,4,61,13,16,67"/><T51/><D115/><U133/><E118/><V38/><F8/><W122/><G101/><T128/><D128/><U33/><E130/><V104/><F18/><W22/><G45/><T40/><D121/><N who="3" m="46089" /><G91/><T99/><D119/><U6/><E133/><V52/><F117/><W120/><N who="3" m="46097" /><W125/><DORA hai="5" /><G125/><T92/><D9/><U111/><E111/><V93/><F93/><W70/><G4/><T131/><D131/><U62/><E62/><V21/><F47/><W108/><G108/><T34/><D78/><U84/><E84/><V12/><F12/><N who="3" m="9479" /><G68/><T25/><D71/><U73/><E1/><V39/><F39/><W69/><G70/><T65/><D92/><U42/><E42/><V82/><F82/><W96/><G96/><T32/><D64/><U86/><E86/><AGARI ba="0,0" hai="13,14,61,67,69,79,81,86" m="9479,46097" machi="86" ten="40,2600,0" yaku="13,1,54,1" doraHai="106,5" who="3" fromWho="1" sc="250,0,250,-26,250,0,250,26" /><INIT seed="1,0,0,1,1,9" ten="250,224,250,276" oya="1" hai0="76,86,69,121,97,17,119,116,129,66,48,118,83" hai1="44,133,34,4,74,102,37,1,98,29,67,127,39" hai2="110,0,40,73,49,75,53,20,7,103,81,16,96" hai3="35,38,80,55,43,113,124,65,64,3,60,45,90"/><U31/><E133/><V128/><F40/><W62/><G3/><T46/><D129/><U91/><E127/><V84/><F128/><W26/><G124/><T54/><D121/><U88/><E74/><V51/><F110/><W93/><G113/><T28/><D28/><U19/><E67/><V114/><F114/><W99/><G35/><T52/><D66/><U132/><E132/><V23/><F7/><W131/><G131/><T71/><D54/><U8/><E19/><V68/><F0/><W18/><G80/><T107/><D107/><U36/><E44/><V24/><F68/><W70/><G55/><T61/><D61/><U63/><E63/><V101/><F20/><W21/><G64/><T50/><D50/><U123/><E123/><V87/><F51/><W117/><G60/><T2/><D2/><U85/><E34/><V58/><F87/><W59/><REACH who="3" step="1"/><G117/><REACH who="3" step="2"/><T30/><D118/><U22/><E22/><V126/><F126/><W92/><G92/><T78/><D119/><U41/><E41/><V12/><F75/><W25/><G25/><T89/><D116/><U42/><E42/><V108/><F73/><W115/><G115/><T104/><D104/><U47/><E47/><V112/><F112/><W72/><G72/><T14/><D71/><AGARI ba="0,1" hai="18,21,26,38,43,45,59,62,65,70,71,90,93,99" machi="71" ten="40,1300,0" yaku="1,1,53,0" doraHai="9" doraHaiUra="11" who="3" fromWho="0" sc="250,-13,224,0,250,0,266,23" /><INIT seed="2,0,0,5,4,15" ten="237,224,250,289" oya="2" hai0="116,73,95,33,115,38,19,44,76,75,92,69,24" hai1="41,71,68,109,80,121,56,110,47,37,30,108,27" hai2="43,133,93,134,58,55,25,34,42,66,22,16,3" hai3="12,29,7,130,119,26,21,51,39,91,63,96,11"/><V1/><F66/><W77/><G119/><T101/><D69/><U14/><E121/><V9/><F93/><W4/><G39/><T127/><D127/><U78/><E56/><V60/><F34/><W13/><G130/><T2/><D2/><U64/><E14/><V45/><F42/><W28/><G77/><T123/><D116/><U128/><E128/><V70/><F70/><W81/><G63/><T6/><D115/><U74/><REACH who="1" step="1"/><E64/><REACH who="1" step="2"/><V89/><F3/><W106/><G13/><T120/><D123/><U20/><AGARI ba="0,1" hai="20,27,30,37,41,47,68,71,74,78,80,108,109,110" machi="20" ten="30,7900,0" yaku="1,1,2,1,0,1,14,1,53,0" doraHai="15" doraHaiUra="124" who="1" fromWho="1" sc="237,-20,214,89,250,-39,289,-20" /><INIT seed="3,0,0,4,0,81" ten="217,303,211,269" oya="3" hai0="25,7,99,80,135,65,33,79,48,121,21,87,126" hai1="114,59,73,10,11,57,0,32,8,37,83,67,133" hai2="56,17,118,110,98,123,116,122,125,124,30,55,107" hai3="95,76,4,113,72,12,127,44,60,97,58,68,131"/><W84/><G68/><T49/><D126/><N who="2" m="48746" /><F30/><W45/><G72/><T9/><D135/><U26/><E0/><V94/><F17/><W90/><G113/><T92/><D121/><N who="2" m="46090" /><F55/><N who="3" m="33887" /><G131/><T43/><D65/><U50/><E133/><V85/><F56/><W106/><G106/><T1/><D43/><U51/><E37/><V105/><F110/><W62/><G62/><T35/><D35/><U119/><E119/><N who="2" m="45611" /><F85/><N who="3" m="52687" /><G127/><T47/><D33/><U36/><E36/><V46/><F46/><W102/><G12/><T29/><REACH who="0" step="1"/><D47/><REACH who="0" step="2"/><U86/><E114/><V129/><F129/><W31/><G45/><T120/><D120/><U5/><E5/><V117/><F117/><W71/><G44/><T82/><D82/><U24/><E32/><V19/><F19/><W111/><G4/><T132/><D132/><U128/><E128/><V66/><F66/><W108/><G31/><T93/><D93/><U42/><E42/><V104/><F104/><W61/><G71/><T78/><D78/><N who="1" m="46455" /><E67/><V40/><F40/><W96/><G76/><T16/><D16/><U2/><E2/><V34/><F34/><W91/><G108/><T14/><D14/><U64/><E64/><V38/><F38/><W54/><G111/><T134/><D134/><U88/><E26/><V27/><F27/><W28/><G28/><T18/><D18/><U103/><E24/><V15/><F15/><W77/><G77/><T53/><D53/><U13/><E13/><V3/><F3/><W100/><G54/><T23/><D23/><U52/><E52/><V109/><F109/><W22/><G22/><T41/><D41/><RYUUKYOKU ba="0,1" sc="207,15,303,-15,211,15,269,-15" hai0="1,7,9,21,25,29,48,49,79,80,87,92,99" hai2="94,98,105,107" /><INIT seed="4,1,1,2,3,36" ten="222,288,226,254" oya="0" hai0="70,52,7,74,72,18,109,81,71,6,123,80,2" hai1="96,11,13,102,58,129,90,56,29,82,87,111,97" hai2="76,104,43,24,83,73,42,37,115,28,113,94,118" hai3="1,47,45,39,9,134,65,14,91,62,117,20,63"/><T34/><D123/><U61/><E111/><V33/><F118/><W17/><G117/><T93/><D34/><U40/><E129/><V121/><F121/><W110/><G110/><T132/><D132/><U78/><E78/><V51/><F37/><W108/><G108/><T92/><D109/><U101/><E29/><V75/><F104/><W133/><G91/><T84/><D2/><U64/><E56/><V95/><F75/><W27/><G1/><T22/><D22/><U16/><E40/><N who="2" m="15403" /><F51/><W107/><G107/><T31/><D31/><U89/><REACH who="1" step="1"/><E89/><REACH who="1" step="2"/><V77/><F77/><W114/><G39/><T12/><D71/><U23/><E23/><V86/><F73/><W3/><G3/><T124/><D70/><U5/><E5/><V130/><F130/><W49/><G134/><T21/><D72/><U30/><E30/><V53/><F53/><W105/><G133/><T46/><D74/><U41/><E41/><V38/><F38/><W57/><G57/><T112/><D52/><U103/><AGARI ba="1,2" hai="11,13,16,58,61,64,82,87,90,96,97,101,102,103" machi="103" ten="30,7900,0" yaku="1,1,0,1,8,1,54,1,53,0" doraHai="36" doraHaiUra="68" who="1" fromWho="1" sc="222,-40,278,102,226,-21,254,-21" /><INIT seed="5,0,0,5,5,39" ten="182,380,205,233" oya="1" hai0="100,70,119,22,96,123,122,40,48,23,133,90,1" hai1="50,107,126,63,86,26,0,5,114,65,18,82,98" hai2="29,91,38,32,61,101,112,104,75,94,73,57,37" hai3="134,59,15,103,78,56,72,10,84,35,17,113,129"/><U71/><E114/><V99/><F112/><W81/><G113/><T121/><D133/><U64/><E126/><V93/><F38/><W44/><G134/><T105/><D70/><U36/><E65/><V111/><F37/><W128/><G103/><T53/><D1/><U7/><E36/><V9/><F111/><W45/><G35/><T30/><D119/><U106/><E50/><V33/><F33/><W68/><G68/><T41/><D90/><U127/><E127/><V92/><F32/><W27/><G27/><N who="0" m="16759" /><D23/><U25/><E25/><V49/><F29/><W24/><G24/><T31/><D31/><U12/><E12/><V66/><F75/><W115/><G115/><T120/><D120/><U11/><E98/><V135/><F73/><W80/><G45/><AGARI ba="0,0" hai="40,41,45,48,53,96,100,105,121,122,123" m="16759" machi="45" ten="30,3900,0" yaku="13,1,52,2" doraHai="39" who="0" fromWho="3" sc="182,39,380,0,205,0,233,-39" /><INIT seed="6,0,0,5,3,52" ten="221,380,205,194" oya="2" hai0="12,22,124,100,109,64,104,15,36,14,42,117,66" hai1="35,59,102,49,61,77,11,113,4,62,27,38,118" hai2="23,30,9,47,57,68,50,43,122,51,87,3,63" hai3="99,89,80,128,20,116,81,105,21,110,85,131,5"/><V75/><F75/><W115/><G5/><T55/><D124/><U83/><E118/><V8/><F122/><W95/><G21/><T1/><D1/><U29/><E113/><V44/><F68/><W107/><G20/><T13/><D109/><U93/><E38/><V120/><F3/><W76/><G116/><T24/><D117/><U26/><E26/><N who="2" m="16735" /><F120/><W114/><G110/><T16/><D100/><U25/><E25/><V126/><F87/><W73/><G81/><T54/><D104/><N who="3" m="40009" /><G73/><T19/><D42/><U86/><E102/><V17/><F17/><W7/><G7/><T45/><D36/><U94/><E49/><V56/><F126/><W121/><G121/><T133/><D133/><U97/><E62/><V84/><F84/><W58/><G58/><N who="2" m="22633" /><F63/><W111/><G111/><T0/><D0/><U53/><E97/><V79/><F79/><W6/><G6/><T48/><D54/><AGARI ba="0,0" hai="8,9,43,44,47,50,51,54" m="22633,16735" machi="54" ten="30,11600,0" yaku="8,1,52,3" doraHai="52" who="2" fromWho="0" sc="221,-116,380,0,205,116,194,0" /><INIT seed="6,1,0,4,1,31" ten="105,380,321,194" oya="2" hai0="57,71,3,102,54,90,67,105,100,12,84,42,104" hai1="127,29,113,130,48,44,43,75,121,89,93,112,5" hai2="125,108,106,116,91,120,79,34,72,50,14,64,69" hai3="4,132,128,86,88,55,25,8,78,11,35,26,39"/><V61/><F91/><W33/><G39/><T6/><D3/><U70/><E75/><V82/><F14/><W10/><G78/><T60/><D42/><U87/><E70/><V21/><F21/><W46/><G128/><T96/><D6/><U92/><E130/><V56/><F50/><W122/><G122/><T38/><D38/><U59/><E121/><V32/><F56/><W41/><G132/><T15/><D104/><U36/><E127/><V68/><F120/><W83/><G4/><T111/><D111/><U126/><E126/><V94/><F94/><W97/><G97/><T95/><REACH who="0" step="1"/><D102/><REACH who="0" step="2"/><U109/><E109/><V115/><F108/><W129/><G41/><T134/><D134/><U118/><E118/><V7/><F125/><W81/><G129/><T17/><D17/><U45/><E5/><V131/><F131/><W27/><REACH who="3" step="1"/><G83/><REACH who="3" step="2"/><T51/><AGARI ba="1,2" hai="12,15,51,54,57,60,67,71,84,90,95,96,100,105" machi="51" ten="20,2700,0" yaku="1,1,0,1,7,1,53,0" doraHai="31" doraHaiUra="20" who="0" fromWho="0" sc="95,50,380,-8,321,-14,184,-8" /><INIT seed="7,0,0,3,1,6" ten="145,372,307,176" oya="3" hai0="96,13,126,77,37,60,89,41,67,28,66,9,53" hai1="63,76,19,43,134,21,50,114,54,75,7,119,39" hai2="52,29,22,5,82,81,94,93,35,11,4,31,83" hai3="12,47,23,78,101,59,117,135,130,57,80,131,118"/><W85/><G101/><T121/><D126/><U1/><E114/><V98/><F35/><W46/><G57/><N who="0" m="34863" /><D37/><U133/><E119/><N who="3" m="45578" /><G59/><T8/><D121/><U71/><E76/><V92/><F98/><W69/><G69/><T74/><D28/><N who="2" m="10826" /><F22/><W16/><G135/><N who="1" m="51722" /><E75/><V127/><F127/><W87/><G87/><T123/><D123/><U91/><E43/><V65/><F65/><N who="0" m="24586" /><D74/><U32/><E32/><V103/><F103/><W109/><G109/><T14/><D41/><U88/><E39/><V58/><F58/><W55/><G55/><T129/><D77/><U128/><E63/><V27/><F27/><W100/><G100/><T115/><D115/><U112/><E71/><V30/><F52/><W111/><G111/><T86/><D96/><U40/><E40/><V15/><F30/><W132/><G132/><T108/><D108/><U124/><E112/><V84/><F84/><W0/><G0/><T61/><D61/><U45/><E128/><AGARI ba="0,0" hai="12,16,23,46,47,78,80,85,128,130,131" m="45578" machi="128" ten="30,2900,0" yaku="19,1,54,1" doraHai="6" who="3" fromWho="1" sc="145,0,372,-29,307,0,176,29" /><INIT seed="7,1,0,1,4,64" ten="145,343,307,205" oya="3" hai0="126,27,5,71,109,10,83,85,31,2,111,128,36" hai1="3,59,1,117,53,28,25,116,29,43,66,47,11" hai2="15,98,24,95,77,17,33,120,80,86,135,87,68" hai3="40,125,108,105,93,19,46,20,88,56,76,90,92"/><W23/><G105/><T45/><D128/><U65/><E29/><V115/><F120/><W79/><G125/><T119/><D126/><U30/><E30/><V39/><F39/><W110/><G56/><T51/><D119/><N who="1" m="45643" /><E11/><V103/><F135/><W118/><G118/><T73/><D71/><U81/><E81/><V130/><F130/><W57/><G57/><T113/><D113/><U106/><E106/><V18/><F115/><W107/><G107/><T112/><D112/><U60/><E1/><V52/><F68/><W58/><G58/><T34/><D73/><U72/><E72/><V41/><F41/><W26/><G23/><T9/><D9/><U69/><E3/><V127/><F127/><W82/><G82/><T16/><D36/><N who="1" m="21991" /><E69/><V42/><F42/><W14/><G26/><T6/><D6/><U44/><E44/><V104/><F104/><W12/><G12/><T123/><D123/><U91/><E91/><N who="3" m="34858" /><G46/><T49/><D16/><U84/><E84/><N who="2" m="48143" /><F33/><AGARI ba="1,0" hai="25,28,33,53,59,60,65,66" m="21991,45643" machi="33" ten="30,1000,0" yaku="12,1" doraHai="64" who="1" fromWho="2" sc="145,0,343,13,307,-13,205,0" owari="145,-35,356,45,294,9,205,-19" /></mjloggm>