<mjloggm ver="2.3"><GO type="41"/><UN n0="%E3%81%BF%E3%81%9D%E3%80%82" n1="%6B%6F%69%6E" n2="%E3%82%A6%E3%83%AB%E3%83%88%E3%83%A9%E7%AB%8B%E7%9B%B4" n3="%E3%83%AB%E3%83%8D%E3%83%AB%E3%82%B9" dan="13,14,13,14" rate="1922,1936,1880,1936" sx="M,M,M,M"/><TAIKYOKU oya="0"/><INIT seed="0,0,0,3,2,59" ten="250,250,250,250" oya="0" hai0="30,75,8,102,49,69,57,79,126,24,71,19,12" hai1="106,5,122,64,82,123,33,35,20,9,94,92,86" hai2="101,47,124,7,62,85,66,41,78,130,110,42,10" hai3="27,103,90,76,29,135,119,132,22,96,68,95,80"/><T31/><D126/><U17/><E106/><V48/><F130/><W97/><G119/><T109/><D109/><U100/><E35/><V121/><F101/><W58/><G68/><T15/><D31/><U116/><E116/><V89/><F121/><W56/><G135/><T83/><D102/><U21/><E33/><V16/><F78/><W73/><REACH who="3" step="1"/><G132/><REACH who="3" step="2"/><T72/><D72/><U127/><E123/><V113/><F113/><W112/><G112/><T0/><D0/><U4/><E122/><V118/><F118/><W44/><G44/><T26/><D71/><U37/><E127/><V104/><F124/><W38/><G38/><T105/><D69/><U34/><E37/><V53/><F110/><W74/><G74/><T32/><D105/><AGARI ba="0,1" hai="22,27,29,56,58,73,76,80,90,95,96,97,103,105" machi="105" ten="30,3900,0" yaku="1,1,7,1,53,1" doraHai="59" doraHaiUra="87" who="3" fromWho="0" sc="250,-39,250,0,250,0,240,49" /><INIT seed="1,0,0,1,1,127" ten="211,250,250,289" oya="1" hai0="38,40,29,68,45,73,19,32,35,48,118,28,86" hai1="120,39,76,125,78,131,88,42,85,59,84,5,51" hai2="87,123,135,102,97,24,114,109,80,6,105,25,79" hai3="57,50,11,47,49,23,107,95,113,58,103,98,133"/><U9/><E120/><V100/><F6/><W12/><G113/><T69/><D118/><U129/><E39/><V90/><F25/><W128/><G133/><T13/><D73/><U53/><E42/><V63/><F63/><W37/><G37/><T126/><D126/><U41/><E125/><V124/><F24/><W101/><G101/><N who="2" m="39017" /><F124/><W14/><G23/><T8/><D38/><U44/><E78/><V7/><F7/><W10/><G107/><T74/><D74/><U31/><E31/><V46/><F46/><W36/><G36/><T43/><D43/><U117/><E117/><V33/><F33/><W83/><G83/><T22/><D32/><U2/><E76/><V77/><F123/><W92/><G103/><T56/><D35/><U75/><E75/><N who="2" m="43071" /><F135/><W71/><G47/><T132/><D132/><U89/><E85/><V110/><F105/><W112/><G112/><T99/><D99/><U111/><E111/><V20/><F20/><W1/><G98/><T93/><D68/><U55/><E41/><V116/><F116/><W70/><REACH who="3" step="1"/><G1/><REACH who="3" step="2"/><T130/><D22/><U66/><E66/><V121/><F114/><W119/><G119/><T27/><D69/><U82/><REACH who="1" step="1"/><E89/><REACH who="1" step="2"/><V30/><F121/><W64/><G64/><T3/><D28/><U52/><E52/><V17/><F30/><W60/><G60/><AGARI ba="0,2" hai="2,5,9,44,51,53,55,59,60,82,84,88,129,131" machi="60" ten="40,12000,1" yaku="1,1,52,2,54,1,53,0" doraHai="127" doraHaiUra="106" who="1" fromWho="3" sc="211,0,240,140,250,0,279,-120" /><INIT seed="1,1,0,4,0,92" ten="211,380,250,159" oya="1" hai0="72,85,24,14,40,44,70,34,83,25,36,109,65" hai1="134,89,18,0,37,71,97,130,124,76,11,73,3" hai2="33,59,48,41,67,45,132,91,111,69,2,68,13" hai3="1,55,62,112,122,27,12,31,50,57,120,86,100"/><U38/><E71/><N who="2" m="27211" /><F13/><W114/><G1/><T64/><D109/><U19/><E134/><V125/><F91/><W74/><G74/><T104/><D104/><U117/><E117/><V29/><F29/><W105/><G122/><T15/><D72/><U8/><E124/><V131/><F33/><W94/><G120/><T75/><D75/><U87/><E130/><V4/><F4/><W108/><G108/><T52/><D70/><U110/><E73/><V115/><F2/><W7/><G105/><T103/><D103/><U39/><E110/><V81/><F81/><W128/><G128/><T90/><D34/><U20/><E76/><V78/><F78/><W35/><G86/><T118/><D118/><U60/><E60/><N who="2" m="38303" /><F131/><W95/><G95/><T58/><D14/><U135/><E135/><V54/><F111/><W82/><G82/><T88/><D90/><U21/><E87/><V80/><F80/><W26/><G26/><T46/><D46/><U53/><E89/><V99/><F99/><W30/><G30/><T106/><D106/><U23/><E97/><V121/><F121/><W9/><REACH who="3" step="1"/><G62/><REACH who="3" step="2"/><T102/><D25/><U119/><E119/><V32/><F132/><W96/><AGARI ba="1,1" hai="7,9,12,27,31,35,50,55,57,94,96,100,112,114" machi="96" ten="30,8000,1" yaku="1,1,2,1,0,1,52,1,53,1" doraHai="92" doraHaiUra="28" who="3" fromWho="3" sc="211,-21,380,-41,250,-21,149,93" /><INIT seed="2,0,0,3,1,6" ten="190,339,229,242" oya="2" hai0="9,107,13,25,53,124,46,4,62,72,71,59,84" hai1="101,44,127,43,85,56,98,110,116,33,86,76,26" hai2="28,118,39,90,120,91,55,131,12,10,132,115,69" hai3="64,77,40,7,83,81,73,111,16,130,100,48,60"/><V3/><F3/><W66/><G111/><T78/><D107/><U119/><E110/><V0/><F28/><W37/><G37/><T54/><D72/><U133/><E127/><V8/><F69/><W121/><G121/><T108/><D124/><U18/><E133/><V35/><F39/><W82/><G100/><T58/><D71/><U11/><E33/><V50/><F35/><W61/><G130/><T30/><D108/><U1/><E1/><V42/><F42/><W97/><G97/><T134/><D134/><U49/><E119/><V114/><F132/><W126/><G126/><T95/><D46/><U117/><E116/><V93/><F118/><W45/><G16/><T2/><D2/><U5/><E117/><V125/><F120/><W51/><G51/><T24/><D30/><U92/><E76/><V74/><F74/><W113/><G113/><T67/><D67/><U63/><E5/><N who="2" m="1063" /><F125/><W20/><G20/><T129/><D129/><U21/><REACH who="1" step="1"/><E11/><REACH who="1" step="2"/><V31/><F131/><W36/><G77/><T122/><D122/><U47/><E47/><V80/><F114/><W89/><G7/><T112/><D112/><U70/><E70/><V32/><F115/><W79/><G79/><T96/><D78/><U104/><E104/><V94/><F32/><W57/><G73/><T38/><D38/><U87/><E87/><V19/><F10/><W128/><G36/><T23/><D84/><U41/><E41/><V15/><F94/><W27/><G128/><T65/><D23/><U14/><E14/><V106/><F93/><W29/><G40/><T105/><D105/><RYUUKYOKU ba="0,1" sc="190,-10,329,30,229,-10,242,-10" hai1="18,21,26,43,44,49,56,63,85,86,92,98,101" /><INIT seed="3,1,1,2,4,73" ten="180,359,219,232" oya="3" hai0="95,114,90,42,23,104,118,46,40,51,27,34,74" hai1="4,45,14,108,55,122,83,131,13,70,112,93,22" hai2="75,20,120,101,94,33,117,0,129,5,125,63,78" hai3="132,133,121,77,9,38,39,86,15,3,103,99,36"/><W134/><G3/><T107/><D118/><U52/><E122/><V26/><F20/><W115/><G115/><T25/><D114/><U128/><E112/><V89/><F101/><W100/><G121/><T50/><D74/><U92/><E70/><V21/><F120/><W48/><G48/><T58/><D34/><U2/><E2/><V64/><F33/><W96/><G86/><T66/><D27/><U28/><E108/><V87/><F117/><W53/><G53/><N who="1" m="20554" /><E45/><V1/><F125/><W31/><G31/><T37/><D37/><U91/><E4/><V124/><F124/><W135/><N who="3" m="34304" /><DORA hai="109" /><W54/><G54/><T11/><D11/><U16/><E28/><V72/><F72/><W119/><G119/><T19/><D66/><U41/><E41/><V62/><F129/><N who="1" m="49737" /><E13/><V98/><F75/><W6/><REACH who="3" step="1"/><G77/><REACH who="3" step="2"/><T113/><D113/><U8/><E8/><V49/><F49/><W88/><G88/><T126/><D126/><U85/><AGARI ba="1,2" hai="14,16,22,83,85,91,92,93" m="49737,20554" machi="85" ten="30,4000,0" yaku="19,1,54,2" doraHai="73,109" who="1" fromWho="1" sc="180,-11,359,63,219,-11,222,-21" /><INIT seed="4,0,0,1,5,1" ten="169,422,208,201" oya="0" hai0="52,61,70,96,131,42,93,43,120,132,32,56,37" hai1="54,89,107,27,50,69,46,49,18,14,102,67,58" hai2="0,19,16,4,66,91,9,29,133,11,31,105,62" hai3="75,10,38,81,119,88,8,55,94,17,135,128,39"/><T28/><D120/><U110/><E110/><V98/><F133/><W115/><G119/><T76/><D132/><U100/><E107/><V23/><F105/><W84/><G135/><T99/><D131/><U74/><E74/><V129/><F91/><W126/><G128/><T45/><D76/><U68/><E27/><N who="2" m="14823" /><F62/><W103/><G115/><T21/><D32/><U59/><E69/><V92/><F66/><W106/><G126/><T127/><D127/><U121/><E68/><V95/><F92/><W130/><G130/><T65/><D43/><U82/><E121/><V114/><F95/><W77/><G55/><T44/><D44/><U112/><E67/><V12/><F98/><W87/><G87/><T116/><D116/><U111/><E112/><V134/><F129/><W117/><G117/><T3/><D3/><U53/><E111/><V71/><F71/><W35/><G35/><T25/><REACH who="0" step="1"/><D93/><REACH who="0" step="2"/><U60/><E46/><V33/><F134/><W64/><G64/><T40/><D40/><U118/><E118/><V104/><F104/><W83/><G83/><T47/><D47/><U20/><E82/><V63/><F114/><W108/><G108/><T57/><D57/><U51/><E59/><V34/><F63/><AGARI ba="0,1" hai="21,25,28,37,42,45,52,56,61,63,65,70,96,99" machi="63" ten="30,11600,0" yaku="1,1,7,1,54,1,53,1" doraHai="1" doraHaiUra="48" who="0" fromWho="2" sc="159,126,422,0,208,-116,201,0" /><INIT seed="4,1,0,2,1,123" ten="285,422,92,201" oya="0" hai0="83,119,118,28,133,84,16,114,104,100,37,125,120" hai1="80,98,68,135,44,22,23,53,8,108,17,45,10" hai2="86,54,90,40,124,67,122,11,13,92,12,73,41" hai3="96,48,18,35,93,128,3,24,29,47,42,50,95"/><T131/><D37/><U106/><E68/><V91/><F73/><W32/><G3/><T81/><D28/><U111/><E80/><V85/><F67/><W46/><G128/><T52/><D120/><U34/><E34/><V69/><F69/><W51/><G32/><T31/><D31/><U110/><E106/><V4/><F124/><W82/><G82/><T116/><D114/><U5/><E135/><V97/><F97/><W9/><G93/><T89/><D133/><U112/><E98/><V126/><F126/><W33/><G33/><T43/><D43/><U19/><E112/><V77/><F77/><W49/><G49/><T2/><D2/><U66/><E66/><V94/><F122/><W71/><G71/><T105/><D125/><U61/><E61/><V58/><REACH who="2" step="1"/><F13/><REACH who="2" step="2"/><W101/><G46/><N who="1" m="18026" /><E53/><V70/><F70/><W21/><REACH who="3" step="1"/><G9/><REACH who="3" step="2"/><N who="1" m="3690" /><E5/><V88/><F88/><W117/><G117/><T129/><D89/><U6/><E6/><V27/><F27/><AGARI ba="1,2" hai="18,21,24,27,29,35,42,47,48,50,51,95,96,101" machi="27" ten="30,2000,0" yaku="1,1,7,1,53,0" doraHai="123" doraHaiUra="130" who="3" fromWho="2" sc="285,0,422,0,82,-23,191,43" /><INIT seed="5,0,0,0,0,86" ten="285,422,59,234" oya="1" hai0="133,56,26,21,70,77,91,1,38,36,4,105,121" hai1="19,85,75,11,90,45,118,81,109,31,113,48,28" hai2="110,18,89,15,119,131,78,49,54,128,68,35,127" hai3="129,125,2,104,88,9,120,83,63,16,73,84,96"/><U76/><E118/><V40/><F35/><W37/><G37/><T111/><D70/><U62/><E62/><V112/><F68/><W29/><G120/><T130/><D121/><U25/><E109/><V87/><F78/><W94/><G29/><T99/><D111/><U64/><E64/><V116/><F40/><W122/><G122/><T135/><D77/><U79/><E79/><V124/><F110/><W65/><G129/><N who="2" m="49737" /><F18/><W74/><G125/><N who="2" m="48201" /><F15/><N who="3" m="7279" /><G2/><T132/><D130/><U24/><E24/><V60/><F60/><W42/><G104/><T41/><D56/><U27/><E27/><V98/><F98/><W92/><G74/><T39/><D41/><U20/><E11/><V97/><F97/><W93/><G73/><T6/><D1/><U34/><E34/><V17/><F17/><W0/><G0/><T55/><D55/><U80/><E113/><V58/><F112/><W51/><G42/><AGARI ba="0,0" hai="19,20,25,28,31,42,45,48,75,76,80,81,85,90" machi="42" ten="30,2900,0" yaku="7,1,52,1" doraHai="86" who="1" fromWho="3" sc="285,0,422,29,59,0,234,-29" /><INIT seed="5,1,0,1,1,100" ten="285,451,59,205" oya="1" hai0="110,71,123,67,72,98,41,99,131,101,86,133,91" hai1="6,12,18,102,64,111,78,73,3,45,13,74,114" hai2="19,84,29,8,112,128,70,116,77,16,93,66,30" hai3="57,50,105,0,49,28,97,36,10,119,7,65,129"/><U51/><E3/><V15/><F66/><W69/><G36/><T40/><D71/><U96/><E111/><V47/><F70/><W104/><G119/><T17/><D67/><U113/><E64/><V20/><F116/><W82/><G129/><T76/><D110/><U95/><E78/><V132/><F128/><W109/><G109/><T85/><D131/><U122/><E122/><V62/><F62/><W118/><G118/><T121/><D17/><U5/><E74/><V34/><F34/><W53/><G28/><T46/><D46/><U48/><E73/><V56/><F56/><W42/><G97/><T135/><D41/><U35/><E35/><V106/><F106/><W83/><G83/><N who="0" m="45447" /><D40/><U23/><E13/><V124/><F124/><W125/><G125/><T126/><D126/><U68/><E68/><V103/><F132/><N who="0" m="50762" /><D98/><U59/><E59/><V11/><F112/><N who="1" m="43113" /><E51/><V31/><F47/><W26/><G26/><T21/><D21/><U54/><AGARI ba="1,0" hai="5,6,12,18,23,45,48,54,95,96,102" m="43113" machi="54" ten="30,1500,0" yaku="15,1" doraHai="100" who="1" fromWho="1" sc="285,-6,451,18,59,-6,205,-6" /><INIT seed="5,2,0,0,0,87" ten="279,469,53,199" oya="1" hai0="19,77,115,38,117,123,119,113,53,41,4,127,76" hai1="5,81,89,106,96,0,121,25,40,82,28,100,130" hai2="64,83,58,114,128,18,7,56,27,80,67,46,74" hai3="71,43,134,133,45,34,91,108,51,120,98,21,20"/><U26/><E121/><V16/><F128/><W99/><G108/><T92/><D4/><U69/><E130/><V30/><F7/><W116/><G120/><T86/><D41/><U70/><E26/><V72/><F27/><W8/><G71/><T78/><D38/><U93/><E40/><V6/><F6/><W10/><G34/><T73/><D53/><U75/><E5/><V35/><F46/><W37/><G37/><T55/><D55/><U60/><E0/><V29/><REACH who="2" step="1"/><F114/><REACH who="2" step="2"/><N who="0" m="43530" /><D19/><U57/><E70/><V22/><F22/><W15/><G45/><T132/><D123/><U107/><E69/><V36/><F36/><W9/><G9/><T32/><D32/><AGARI ba="2,1" hai="16,18,29,30,32,35,56,58,64,67,72,74,80,83" machi="32" ten="25,12000,2" yaku="1,1,22,2,54,1,53,2" doraHai="87" doraHaiUra="13" who="2" fromWho="0" sc="279,-126,469,0,43,136,199,0" /><INIT seed="6,0,0,5,0,126" ten="153,469,179,199" oya="2" hai0="102,72,15,76,98,41,82,131,71,92,94,78,4" hai1="64,96,37,11,70,55,88,130,100,42,49,26,81" hai2="57,28,44,86,32,123,73,58,61,101,34,110,129" hai3="5,97,90,9,113,18,59,45,107,93,108,51,103"/><V47/><F73/><W68/><G108/><T3/><D71/><U1/><E130/><V116/><F116/><W109/><G109/><T77/><D41/><U53/><E37/><V133/><F123/><W62/><G68/><T112/><D3/><U105/><E42/><V91/><F101/><W2/><G18/><T48/><D48/><U14/><E1/><V50/><F129/><W52/><G113/><T33/><D33/><U27/><E64/><V8/><F8/><W84/><REACH who="3" step="1"/><G62/><REACH who="3" step="2"/><T6/><D112/><U56/><E70/><V127/><F110/><W60/><G60/><T20/><D131/><U63/><E63/><V83/><F127/><W23/><G23/><T25/><D6/><U38/><E11/><V114/><F114/><W111/><G111/><T29/><D4/><U95/><E38/><V80/><F34/><W87/><G87/><T125/><D125/><U119/><E119/><V89/><F133/><W115/><G115/><T0/><D0/><U7/><E7/><V10/><F10/><W135/><G135/><T124/><D124/><U121/><E121/><V74/><F32/><W54/><G54/><T120/><D120/><U79/><E55/><N who="2" m="31991" /><F74/><W21/><G21/><T65/><D65/><U12/><E53/><N who="2" m="33999" /><F28/><W13/><G13/><T40/><D15/><U106/><E12/><V24/><F24/><W43/><G43/><T132/><D40/><U122/><E14/><V85/><AGARI ba="0,1" hai="44,47,80,83,85,86,89,91" m="33999,31991" machi="85" ten="30,1500,0" yaku="8,1" doraHai="126" who="2" fromWho="2" sc="153,-5,469,-5,179,25,189,-5" /><INIT seed="6,1,0,3,5,15" ten="148,464,204,184" oya="2" hai0="50,52,4,88,14,128,62,112,60,30,100,134,106" hai1="133,91,39,127,94,21,17,117,31,123,54,63,42" hai2="125,74,58,109,11,48,124,36,12,80,41,126,23" hai3="103,78,130,122,22,20,114,3,10,16,18,84,89"/><V44/><F109/><W72/><G122/><T71/><D128/><U40/><E117/><V29/><F74/><W129/><G103/><T34/><D134/><U24/><E123/><V132/><F132/><W97/><G97/><T45/><D112/><U105/><E105/><V73/><F73/><W108/><G108/><T0/><D0/><U77/><E77/><V56/><F80/><N who="3" m="45127" /><G114/><T66/><D106/><U120/><E120/><V95/><F95/><N who="3" m="54695" /><G3/><T8/><D100/><U115/><E115/><V116/><F116/><W82/><G82/><T2/><D34/><U99/><E133/><V49/><F23/><N who="3" m="8747" /><G10/><T119/><D119/><U96/><E39/><V47/><F29/><W69/><G69/><T9/><D30/><U85/><E31/><V92/><F92/><W113/><G113/><T38/><D38/><U90/><E127/><V26/><F26/><W57/><G57/><T1/><D60/><U5/><E5/><V27/><F27/><W131/><AGARI ba="1,0" hai="16,18,129,130,131" m="8747,54695,45127" machi="131" ten="40,8000,1" yaku="19,1,52,2,54,1" doraHai="15" who="3" fromWho="3" sc="148,-21,464,-21,204,-41,184,83" /><INIT seed="7,0,0,4,5,2" ten="127,443,163,267" oya="3" hai0="75,135,47,107,42,82,119,112,100,40,72,30,55" hai1="27,53,28,97,22,50,94,18,57,32,35,58,10" hai2="8,17,87,54,3,79,123,131,104,113,126,83,52" hai3="81,103,73,26,120,77,33,34,93,43,11,6,68"/><W71/><G120/><T121/><D119/><U101/><REACH who="1" step="1"/><E57/><REACH who="1" step="2"/><V95/><F123/><W96/><G43/><T13/><D121/><U19/><E19/><V46/><F17/><W118/><G118/><T86/><D112/><U12/><AGARI ba="0,1" hai="10,12,18,22,27,28,32,35,50,53,58,94,97,101" machi="12" ten="30,7900,0" yaku="21,2,0,1,53,1" doraHai="2" doraHaiUra="99" who="1" fromWho="1" sc="127,-20,433,89,163,-20,267,-39" owari="107,-39,522,62,143,-26,228,3" /></mjloggm>