<mjloggm ver="2.3"><GO type="137"/><UN n0="%E3%82%A6%E3%83%AB%E3%83%88%E3%83%A9%E7%AB%8B%E7%9B%B4" n1="%51%75%72%61" n2="%70%61%70%72%69%6B%61" n3="%63%79%6F%6E%70%69" dan="10,12,12,12" rate="1768,1817,1639,1886" sx="M,M,M,M"/><TAIKYOKU oya="0"/><INIT seed="0,0,0,0,3,60" ten="250,250,250,250" oya="0" hai0="84,34,9,21,13,82,87,26,0,42,124,75,73" hai1="71,57,53,38,2,39,119,74,110,94,20,118,28" hai2="22,126,90,77,65,120,106,56,78,100,76,99,103" hai3="47,134,10,6,104,86,25,23,108,116,131,18,112" shuffle="mt19937ar,454FC6B8,49ED983A,FE530B90,C1539B6D,45E0DC37,7B8001B7,650CBD3C,04591276"/><T67/><D34/><U51/><E110/><V11/><F120/><W130/><G104/><T69/><D0/><U127/><E127/><V59/><F126/><W85/><G112/><T96/><D124/><U49/><E71/><V61/><F11/><W101/><G116/><T27/><D27/><U35/><E2/><V55/><F22/><W64/><G101/><T81/><D42/><U17/><E74/><V19/><F19/><W113/><G113/><T121/><D121/><U68/><E68/><V83/><F106/><W29/><G47/><T31/><D96/><U70/><E70/><V16/><F16/><W89/><G108/><T109/><D109/><U133/><E133/><V91/><F99/><W123/><G85/><T122/><D122/><U88/><E39/><V135/><F135/><W30/><G123/><T50/><D50/><U95/><E38/><V92/><F92/><W54/><G54/><T15/><D15/><U32/><E51/><V24/><F24/><W111/><G111/><T98/><D98/><U4/><E4/><V115/><F115/><W66/><G134/><T8/><D8/><U102/><E102/><V80/><F100/><W5/><G5/><T93/><D93/><U48/><E49/><N who="2" m="30831" /><F103/><W36/><G36/><T52/><D75/><U45/><E45/><V132/><F132/><W105/><G105/><T114/><D73/><U12/><E94/><V97/><F97/><W37/><G37/><T79/><D114/><U129/><E129/><N who="3" m="49162" /><G10/><T58/><D9/><U125/><E125/><V7/><F7/><W44/><G6/><T46/><D87/><RYUUKYOKU ba="0,0" sc="250,-10,250,-10,250,30,250,-10" hai2="59,61,65,76,77,78,80,83,90,91" /><INIT seed="1,1,0,4,1,112" ten="240,240,280,240" oya="1" hai0="1,132,21,49,105,50,9,28,13,5,65,82,0" hai1="107,104,30,40,4,106,130,129,94,64,90,62,45" hai2="84,36,110,125,92,124,8,100,95,11,19,70,37" hai3="89,48,83,131,34,15,42,2,29,58,118,115,66" shuffle="mt19937ar,0EE16FEC,8E5997B6,EFA8FFAE,5F5E73D2,1828A5A3,3CEBFF92,0AAADB2F,E65DECA3"/><U133/><E133/><V98/><F70/><W63/><G2/><T119/><D105/><U113/><E113/><V72/><F110/><W6/><G115/><T99/><D65/><U87/><E4/><V59/><F72/><W52/><G29/><T76/><D99/><U128/><E30/><V31/><F31/><W24/><G34/><T135/><D50/><U71/><REACH who="1" step="1"/><E107/><REACH who="1" step="2"/><V97/><F125/><W73/><G131/><T122/><D135/><U27/><E27/><V67/><F124/><W134/><G24/><T3/><D132/><U39/><AGARI ba="1,1" hai="39,40,45,62,64,71,87,90,94,104,106,128,129,130" machi="39" ten="30,6000,0" yaku="1,1,0,1,19,1,53,0" doraHai="112" doraHaiUra="108" who="1" fromWho="1" sc="240,-21,230,73,280,-21,240,-21" /><INIT seed="1,2,0,4,0,34" ten="219,303,259,219" oya="1" hai0="59,16,111,129,108,77,29,37,7,119,96,17,33" hai1="84,102,90,87,5,134,19,60,99,66,42,86,45" hai2="41,126,3,9,116,72,24,13,135,100,131,110,128" hai3="51,82,44,62,133,107,20,112,39,11,1,113,49" shuffle="mt19937ar,8099B524,B5A3C2D7,F28CF489,27BCA972,933894AD,12E628AB,E6FDD9BC,4E06D0A2"/><U83/><E134/><V78/><F100/><W121/><G107/><T35/><D37/><U30/><E5/><V88/><F116/><W79/><G121/><T6/><D77/><U103/><E30/><V54/><F110/><W50/><G20/><T38/><D59/><U122/><E122/><V15/><F41/><W81/><G62/><T23/><D96/><U56/><E19/><V46/><F135/><W132/><G81/><T63/><D63/><U4/><E4/><V67/><F67/><W125/><G125/><T10/><D38/><U55/><E55/><V64/><F64/><W114/><G44/><T97/><D97/><U2/><E2/><V0/><F126/><W25/><G25/><T65/><D65/><U73/><E73/><V118/><F118/><W106/><G39/><T31/><D119/><U85/><REACH who="1" step="1"/><E99/><REACH who="1" step="2"/><V27/><F54/><W22/><G133/><T61/><D10/><U98/><E98/><V80/><F9/><W14/><G132/><T70/><D70/><U36/><AGARI ba="2,1" hai="36,42,45,56,60,66,83,84,85,86,87,90,102,103" machi="36" ten="30,6000,0" yaku="1,1,0,1,53,1" doraHai="34" doraHaiUra="58" who="1" fromWho="1" sc="219,-22,293,76,259,-22,219,-22" /><INIT seed="1,3,0,2,4,122" ten="197,369,237,197" oya="1" hai0="119,40,113,13,55,64,76,71,99,60,87,36,81" hai1="66,58,52,18,67,115,129,95,33,134,28,117,51" hai2="35,91,49,41,50,42,14,57,126,131,20,48,47" hai3="17,79,86,92,124,59,109,19,15,104,103,89,84" shuffle="mt19937ar,55874A50,CE3B2A60,4C39DC1B,A0D30D90,CF2AF656,F3D7A949,F40ED700,9FB52BE4"/><U5/><E117/><V78/><F35/><W34/><G34/><T23/><D113/><U63/><E115/><V72/><F131/><W25/><G104/><T46/><D119/><U123/><E123/><V83/><F126/><W26/><G103/><T88/><D13/><U125/><E125/><V21/><F91/><W12/><G124/><T114/><D23/><U29/><E129/><V61/><F42/><W108/><G79/><T11/><D11/><U1/><E134/><V80/><F83/><W70/><G84/><T121/><D114/><U16/><E66/><V68/><F68/><W101/><G101/><T128/><D121/><U97/><E1/><V65/><REACH who="2" step="1"/><F14/><REACH who="2" step="2"/><W30/><G70/><T10/><D128/><U32/><E33/><V100/><F100/><W102/><G102/><T93/><D10/><U106/><E32/><V9/><F9/><W56/><G26/><T127/><D127/><U7/><E5/><V6/><F6/><W22/><G15/><T96/><REACH who="0" step="1"/><D55/><REACH who="0" step="2"/><U74/><E7/><V3/><F3/><W53/><G12/><T43/><D43/><U0/><E0/><V120/><F120/><W112/><G112/><T94/><D94/><U4/><E4/><V110/><F110/><N who="3" m="42603" /><G53/><T8/><D8/><U118/><E118/><V27/><F27/><W116/><G116/><T130/><D130/><U111/><E111/><V105/><F105/><W31/><G25/><T54/><D54/><U73/><E106/><V82/><F82/><W107/><G107/><T69/><D69/><U90/><E52/><V75/><F75/><AGARI ba="3,2" hai="36,40,46,60,64,71,75,76,81,87,88,93,96,99" machi="75" ten="30,3900,0" yaku="1,1,7,1,54,1,53,0" doraHai="122" doraHaiUra="24" who="0" fromWho="2" sc="187,68,369,0,227,-48,197,0" /><INIT seed="2,0,0,1,4,128" ten="255,369,179,197" oya="2" hai0="36,112,67,54,108,51,14,9,24,102,57,40,39" hai1="52,78,2,82,63,19,46,55,66,71,72,127,79" hai2="50,93,84,11,34,89,49,98,134,81,0,95,90" hai3="106,4,45,88,113,115,87,37,65,94,21,77,101" shuffle="mt19937ar,D8A1AF8D,B781B641,8995E10C,6F3845E3,BFF2354C,723B98A5,2A9B8330,7AF10B78"/><V3/><F134/><W10/><G65/><T12/><D108/><U126/><E2/><V129/><F129/><W80/><G21/><T62/><D112/><N who="3" m="43081" /><G45/><T107/><D102/><U42/><E79/><V20/><F34/><W110/><G37/><T86/><D107/><U47/><E19/><V133/><F133/><W91/><G10/><T18/><D24/><U43/><E47/><V35/><F35/><W103/><G4/><T131/><D131/><U1/><E1/><V6/><F0/><W13/><G13/><T29/><D29/><U120/><E120/><V28/><REACH who="2" step="1"/><F81/><REACH who="2" step="2"/><W7/><G110/><T30/><D39/><N who="1" m="21855" /><E43/><V58/><F58/><W121/><G121/><T70/><D36/><U74/><E72/><V48/><F48/><W60/><G60/><T122/><D40/><U117/><E117/><V124/><F124/><AGARI ba="0,1" hai="52,55,63,66,71,74,78,82,124,126,127" m="21855" machi="124" ten="30,2000,0" yaku="18,1,54,1" doraHai="128" who="1" fromWho="2" sc="255,0,369,30,169,-20,197,0" /><INIT seed="3,0,0,5,5,73" ten="255,399,149,197" oya="3" hai0="98,52,21,10,38,119,46,90,18,58,14,86,81" hai1="55,5,108,92,127,132,67,43,112,60,107,99,101" hai2="126,41,122,42,9,25,115,102,30,7,62,48,45" hai3="80,74,128,36,104,66,26,75,124,71,94,1,35" shuffle="mt19937ar,B687AECA,1BCAC589,9D1A21E4,BBB78E6F,042DD12A,9AEEE050,1E1C9F6A,8F4FA6BD"/><W97/><G94/><T77/><D119/><U106/><E112/><V6/><F115/><W34/><G128/><T89/><D38/><U0/><E132/><V113/><F113/><W85/><G85/><T44/><D90/><U37/><E127/><V111/><F126/><W2/><G124/><T31/><D31/><U53/><E108/><V59/><F111/><W65/><G65/><T56/><D56/><U23/><E23/><V121/><F102/><N who="3" m="62543" /><G36/><T120/><D120/><U130/><E130/><V105/><F105/><W51/><G51/><T22/><D46/><U96/><E107/><V83/><F42/><W24/><G24/><T76/><D44/><U79/><E79/><N who="0" m="30281" /><D98/><U68/><E43/><V12/><F83/><W50/><G50/><AGARI ba="0,0" hai="10,14,18,21,22,50,52,58,81,86,89" m="30281" machi="50" ten="30,8000,1" yaku="8,1,52,3,54,1" doraHai="73" who="0" fromWho="3" sc="255,80,399,0,149,0,197,-80" /><INIT seed="4,0,0,1,3,78" ten="335,399,149,117" oya="0" hai0="118,130,72,94,127,64,51,114,134,31,61,107,82" hai1="85,59,50,132,14,119,46,103,37,113,106,91,97" hai2="32,38,74,99,43,100,122,117,98,84,5,25,55" hai3="6,1,19,67,120,4,57,126,79,68,44,80,11" shuffle="mt19937ar,0577E535,9AFA0049,5F9746CA,59D71750,5121079C,8DD90855,CEB4C96F,A9CE79F3"/><T83/><D107/><U125/><E119/><V16/><F122/><W23/><G68/><T24/><D72/><U12/><E125/><V135/><F117/><W77/><G120/><T75/><D75/><U48/><E132/><V131/><F135/><W29/><G6/><T95/><D134/><U96/><E37/><V45/><F131/><W73/><G126/><T27/><D118/><U93/><E113/><V36/><F74/><W115/><G77/><T102/><D127/><U54/><E97/><V86/><F5/><W8/><G8/><T133/><D133/><U60/><E50/><V56/><F36/><W10/><G10/><T7/><D7/><U76/><E76/><V0/><F0/><W49/><G29/><T15/><D15/><U40/><AGARI ba="0,0" hai="12,14,40,46,48,54,59,60,85,91,93,96,103,106" machi="40" ten="20,1500,0" yaku="0,1,7,1" doraHai="78" who="1" fromWho="1" sc="335,-7,399,15,149,-4,117,-4" /><INIT seed="5,0,0,1,0,94" ten="328,414,145,113" oya="1" hai0="112,83,13,81,40,49,79,4,108,124,70,9,8" hai1="73,119,24,48,44,71,26,10,74,0,18,3,116" hai2="120,117,111,27,77,109,107,21,80,95,132,43,76" hai3="37,128,100,45,78,82,6,30,60,127,113,89,14" shuffle="mt19937ar,C77E7C18,D6255D8D,0B90FB3F,19C78FA5,42272D60,20EB8FBA,FEA8E278,033E50E1"/><U65/><E65/><V64/><F132/><W99/><G113/><T36/><D70/><U42/><E71/><V28/><F120/><W67/><G127/><T114/><D108/><U33/><E26/><V88/><F117/><W72/><G30/><T62/><D124/><U7/><E0/><V92/><F107/><W23/><G128/><T97/><D36/><U105/><E105/><V22/><F43/><W16/><G37/><T29/><D29/><U1/><E3/><V135/><F135/><W122/><G45/><T133/><D62/><U2/><E1/><V118/><F118/><W86/><G6/><T121/><D8/><U69/><E69/><V98/><F22/><W90/><G122/><T61/><D61/><U75/><E18/><V51/><F51/><W47/><G47/><N who="0" m="25831" /><D133/><U15/><E15/><V57/><F111/><W101/><G101/><T11/><D11/><U19/><E19/><V63/><F109/><W52/><G72/><T17/><D17/><U115/><E115/><N who="0" m="44073" /><D121/><U56/><E56/><V131/><F131/><W50/><G67/><T58/><D58/><U53/><E53/><V35/><F35/><W91/><G60/><T59/><D59/><U46/><E44/><V87/><REACH who="2" step="1"/><F92/><REACH who="2" step="2"/><N who="3" m="58471" /><G50/><T125/><D125/><U20/><E20/><V103/><AGARI ba="0,1" hai="21,27,28,57,63,64,76,77,80,87,88,95,98,103" machi="103" ten="20,16000,3" yaku="1,1,0,1,7,1,25,2,8,1,52,1,54,1,53,1" doraHai="94" doraHaiUra="96" who="2" fromWho="2" sc="328,-40,414,-80,135,170,113,-40" /><INIT seed="6,0,0,4,0,59" ten="288,334,305,73" oya="2" hai0="5,46,96,23,131,14,50,95,111,54,52,10,79" hai1="81,67,55,112,93,35,39,17,120,15,78,36,21" hai2="108,85,65,119,91,109,43,94,58,20,4,33,74" hai3="51,84,53,115,30,125,72,105,28,130,114,56,116" shuffle="mt19937ar,391395DE,009D78C8,0D7DCA93,99B8DE4C,76D4E63C,6730B370,AAF5F343,25235DFC"/><V25/><F119/><W0/><G72/><T106/><D106/><U8/><E120/><V80/><F43/><W88/><G105/><T123/><D123/><U24/><E112/><N who="3" m="43050" /><G116/><T126/><D111/><N who="2" m="42570" /><F4/><W29/><G125/><T60/><D126/><U13/><E67/><V134/><F134/><W18/><G130/><T12/><D131/><U63/><E93/><V34/><F74/><W38/><G38/><T83/><D23/><U101/><E101/><V99/><F58/><W102/><G102/><T77/><D14/><U2/><E2/><V82/><F65/><W41/><G41/><T128/><D128/><U86/><E35/><N who="2" m="13323" /><F99/><W100/><G100/><N who="0" m="60447" /><D83/><U37/><REACH who="1" step="1"/><E8/><REACH who="1" step="2"/><V62/><F94/><N who="3" m="54535" /><G18/><T19/><D19/><U3/><E3/><AGARI ba="0,1" hai="0,3,28,29,30,51,53,56" m="54535,43050" machi="3" ten="30,3900,0" yaku="15,1,11,1,54,1" doraHai="59" who="3" fromWho="1" sc="288,0,324,-39,305,0,73,49" /><INIT seed="7,0,0,2,5,0" ten="288,285,305,122" oya="3" hai0="55,41,61,110,69,121,26,74,11,28,63,45,48" hai1="106,132,134,52,24,6,70,119,25,46,54,30,126" hai2="34,98,117,91,32,59,1,49,92,114,125,50,3" hai3="17,85,115,12,39,78,19,107,99,68,15,42,66" shuffle="mt19937ar,B963A201,AFCE85C6,27CC61C1,6129BA47,AE7DD4ED,6896345C,549C3E79,D11C1A1F"/><W57/><G68/><T10/><D74/><U79/><E119/><V72/><F117/><W4/><G39/><T94/><D121/><U37/><E126/><V27/><F72/><W135/><G107/><T73/><D73/><U7/><E106/><V53/><F125/><W23/><G42/><T21/><D110/><U86/><E70/><V109/><F109/><W14/><G135/><N who="1" m="51754" /><E37/><V93/><F114/><W105/><G105/><T58/><D69/><U102/><E102/><V108/><F108/><W13/><G99/><T87/><D61/><U88/><E79/><V33/><F27/><N who="1" m="10313" /><E30/><V67/><F67/><W35/><G35/><T31/><D31/><U82/><E54/><V38/><F38/><W76/><G115/><T103/><D103/><U130/><E130/><V128/><F128/><W123/><G123/><T60/><D60/><U8/><E8/><V83/><F34/><W22/><G78/><T120/><D120/><U75/><E75/><V44/><F32/><W81/><G4/><T5/><D5/><U29/><E29/><V43/><F33/><W64/><G57/><T122/><D122/><U40/><E40/><V100/><F83/><W77/><G77/><T2/><D2/><U89/><E89/><V112/><F112/><W56/><G56/><T84/><D84/><AGARI ba="0,0" hai="1,3,43,44,49,50,53,59,84,91,92,93,98,100" machi="84" ten="30,1000,0" yaku="7,1" doraHai="0" who="2" fromWho="0" sc="288,-10,285,0,305,10,122,0" owari="278,-12,285,9,315,41,122,-38" /></mjloggm>