<mjloggm ver="2.3"><GO type="97"/><UN n0="%4D%41%53%41%E3%83%BB%53" n1="%E3%82%8F%E3%81%A1%E3%82%83" n2="%E3%82%A6%E3%83%AB%E3%83%88%E3%83%A9%E7%AB%8B%E7%9B%B4" n3="%E9%BA%BB%E5%B0%86%E3%83%8D%E3%83%AD" dan="13,15,13,14" rate="1863,1985,1859,1818" sx="M,M,M,M"/><TAIKYOKU oya="0"/><INIT seed="0,0,0,0,4,21" ten="250,250,250,250" oya="0" hai0="3,68,50,78,10,48,104,64,85,113,55,8,72" hai1="47,94,114,52,89,70,31,76,54,18,4,82,115" hai2="9,24,26,87,83,123,65,96,22,84,20,19,118" hai3="102,116,88,132,23,27,106,75,81,117,79,0,101" shuffle="mt19937ar,422AD53B,CECE5FD6,C5B142AC,82D53133,4089F929,4AAA1969,4265EE11,B344CC40"/><T39/><D113/><N who="1" m="43019" /><E70/><V1/><F1/><W40/><G0/><T128/><D104/><U135/><E4/><V69/><F123/><W57/><G40/><T93/><D39/><U120/><E120/><V61/><F118/><W77/><G77/><T6/><D128/><U80/><E135/><V71/><F9/><W111/><G132/><T62/><D72/><N who="1" m="43015" /><E82/><V108/><F108/><W130/><G111/><T122/><D122/><U44/><E18/><V29/><F96/><W73/><G130/><T14/><D78/><U30/><E47/><V97/><F71/><W34/><G73/><T28/><D55/><N who="1" m="21035" /><E44/><V53/><F83/><W133/><G133/><T129/><D129/><U59/><E59/><V38/><F38/><W107/><G57/><T11/><D28/><U119/><E119/><V134/><F134/><W91/><G116/><T16/><REACH who="0" step="1"/><D8/><REACH who="0" step="2"/><U92/><E31/><V45/><F45/><W56/><G117/><T127/><D127/><U12/><E30/><V25/><F53/><W41/><G107/><T126/><D126/><U51/><E51/><V2/><F29/><W124/><G124/><T110/><D110/><U74/><E74/><V100/><F69/><W99/><G106/><T95/><D95/><U43/><E94/><N who="2" m="58423" /><F20/><W60/><G23/><T98/><D98/><U109/><E92/><V103/><F103/><W66/><G99/><T7/><D7/><U32/><E109/><V35/><F35/><W36/><G102/><T13/><D13/><U33/><E12/><N who="2" m="9575" /><F2/><W17/><G101/><T121/><D121/><U42/><E89/><AGARI ba="0,1" hai="3,6,10,11,14,16,48,50,62,64,68,85,89,93" machi="89" ten="40,7700,0" yaku="1,1,54,1,53,1" doraHai="21" doraHaiUra="90" who="0" fromWho="1" sc="240,87,250,-77,250,0,250,0" /><INIT seed="0,1,0,5,3,116" ten="327,173,250,250" oya="0" hai0="39,28,5,79,63,11,23,36,57,86,34,82,93" hai1="70,1,76,27,120,108,29,17,42,121,74,55,8" hai2="37,92,19,35,115,45,21,112,125,43,105,110,60" hai3="99,41,107,71,22,134,123,65,126,114,101,131,50" shuffle="mt19937ar,5396E7C8,CF4CB9C0,A4DCC3D7,4FDE8359,18B802DA,2F837F29,A8540C3C,147FB391"/><T90/><D34/><N who="1" m="20799" /><E55/><V54/><F35/><W56/><G114/><T73/><D28/><U3/><E17/><V68/><F105/><W67/><G71/><T47/><D23/><U10/><E42/><V31/><F31/><W106/><G106/><T69/><D47/><U59/><E59/><V124/><F92/><W18/><G134/><T58/><D69/><U81/><E70/><V100/><F100/><W33/><G33/><T7/><D58/><U83/><E108/><V119/><F19/><W103/><G103/><T0/><REACH who="0" step="1"/><D5/><REACH who="0" step="2"/><N who="1" m="1071" /><E81/><V51/><F21/><W38/><G56/><T13/><D13/><U102/><E102/><V25/><F119/><W94/><G101/><T77/><D77/><U14/><E14/><V52/><F25/><W53/><G22/><T6/><D6/><AGARI ba="1,1" hai="3,6,10,74,76,83,120,121" m="1071,20799" machi="6" ten="30,3900,0" yaku="23,1,52,2" doraHai="116" who="1" fromWho="0" sc="317,-42,173,52,250,0,250,0" /><INIT seed="1,0,0,0,1,129" ten="275,225,250,250" oya="1" hai0="128,42,20,88,17,11,7,44,99,118,16,82,104" hai1="41,66,52,22,108,127,70,133,74,97,25,83,135" hai2="84,43,111,0,113,32,35,69,3,47,53,114,121" hai3="92,9,65,46,73,38,59,105,68,55,51,45,61" shuffle="mt19937ar,75245407,5C4B0B79,E5E11C7D,FCA6C374,A52CD060,9A12AB25,43EC4C93,A65305B4"/><U130/><E41/><V21/><F53/><W87/><G73/><T49/><D118/><U96/><E130/><V13/><F84/><W56/><G105/><T8/><D128/><U109/><E127/><V30/><F47/><W54/><G92/><N who="0" m="56711" /><D104/><U4/><E4/><V24/><F43/><N who="3" m="22775" /><G87/><T60/><D60/><N who="1" m="40263" /><E52/><N who="3" m="20010" /><G9/><N who="0" m="3659" /><D82/><U86/><E74/><V116/><F69/><W27/><G27/><N who="0" m="14727" /><D17/><N who="1" m="12495" /><E96/><V94/><F94/><W50/><G50/><T95/><D95/><U2/><E97/><V64/><F64/><W34/><G34/><T103/><D7/><U26/><E26/><V29/><F24/><W5/><G5/><T6/><D6/><U23/><E23/><V62/><F62/><W79/><G79/><T63/><D63/><U85/><E2/><V1/><F21/><W72/><G72/><T78/><D78/><N who="1" m="46327" /><E86/><V80/><F80/><W131/><G131/><T67/><D67/><U101/><E101/><AGARI ba="0,0" hai="42,44,49,101,103" m="14727,3659,56711" machi="101" ten="30,3900,0" yaku="8,1,54,2" doraHai="129" who="0" fromWho="1" sc="275,39,225,-39,250,0,250,0" /><INIT seed="2,0,0,2,1,102" ten="314,186,250,250" oya="2" hai0="59,123,117,114,97,94,112,91,65,105,125,9,8" hai1="71,126,84,33,37,66,7,43,32,11,133,49,95" hai2="19,24,55,60,61,89,41,74,14,2,16,47,121" hai3="120,44,111,116,64,15,38,127,21,58,12,63,20" shuffle="mt19937ar,A2292D01,B2CD3636,48E94161,84E3F3D3,A9AC7B54,06A5DA7D,5B870DC6,943D1AA3"/><V132/><F2/><W77/><G116/><T134/><D123/><U26/><E126/><V72/><F121/><W109/><G127/><T30/><D125/><U124/><E124/><V92/><F132/><W3/><G3/><T87/><D134/><U40/><E133/><V18/><F74/><W6/><G77/><T67/><D117/><U28/><E95/><V36/><F72/><W85/><G120/><T107/><D30/><U99/><E84/><V0/><F0/><W31/><G85/><T70/><D70/><U128/><E128/><V25/><F14/><W108/><G31/><T53/><D97/><U96/><E49/><V35/><F35/><W4/><G38/><T13/><D65/><U62/><E32/><V135/><F135/><W50/><G15/><T75/><D67/><U39/><E43/><V106/><F106/><W52/><G12/><T79/><D9/><U51/><E51/><V129/><F129/><W103/><G103/><T57/><D59/><U78/><E78/><V27/><REACH who="2" step="1"/><F55/><REACH who="2" step="2"/><W83/><REACH who="3" step="1"/><G83/><REACH who="3" step="2"/><T80/><D114/><U5/><E40/><V100/><F100/><W131/><G131/><T113/><D112/><U118/><E118/><V119/><F119/><W17/><G17/><T34/><D113/><U56/><E5/><AGARI ba="0,2" hai="4,5,6,20,21,44,50,52,58,63,64,108,109,111" machi="5" ten="40,5200,0" yaku="1,1,14,1,54,1,53,0" doraHai="102" doraHaiUra="69" who="3" fromWho="1" sc="314,0,186,-52,240,0,240,72" /><INIT seed="3,0,0,1,0,79" ten="314,134,240,312" oya="3" hai0="129,111,37,85,90,110,133,44,127,17,60,71,57" hai1="76,119,101,125,2,28,116,64,55,31,19,117,66" hai2="36,63,62,50,30,98,14,93,15,40,24,75,11" hai3="81,34,39,83,59,10,77,84,4,89,29,73,124" shuffle="mt19937ar,23C2B2A5,128BD37F,5609BB39,AED992BD,D77CCF2B,9CCADDB4,EA06CD64,76A354FB"/><W56/><G39/><T26/><D127/><U118/><E2/><V121/><F36/><W115/><G124/><T43/><D129/><U23/><E125/><V128/><F75/><W27/><G115/><T61/><D133/><U54/><E76/><V92/><F128/><W113/><G113/><T135/><D135/><U108/><E108/><N who="0" m="41513" /><D71/><U86/><E86/><V7/><F121/><W46/><G46/><T102/><D102/><U94/><N who="1" m="30208" /><DORA hai="103" /><U38/><E38/><V0/><F0/><AGARI ba="0,0" hai="0,4,10,27,29,34,56,59,73,77,81,83,84,89" machi="0" ten="30,5800,0" yaku="7,1,52,2" doraHai="79,103" who="3" fromWho="2" sc="314,0,134,0,240,-58,312,58" owari="314,6,134,-27,182,-17,370,38" /></mjloggm>