<mjloggm ver="2.3"><GO type="97"/><UN n0="%E3%82%A6%E3%83%AB%E3%83%88%E3%83%A9%E7%AB%8B%E7%9B%B4" n1="%E8%83%8C%E4%B8%AD%E3%82%B9%E3%82%A4%E3%83%83%E3%83%81" n2="%48%69%73%61%6B%69%6E%67" n3="%E9%87%91%E3%81%AE%E7%B3%B8%E9%8A%80%E3%81%AE%E7%B3%B8" dan="13,13,14,14" rate="1837,1857,1935,1889" sx="M,M,M,M"/><TAIKYOKU oya="0"/><INIT seed="0,0,0,4,5,71" ten="250,250,250,250" oya="0" hai0="124,92,0,36,33,109,56,60,94,119,52,108,35" hai1="59,34,12,122,40,37,98,61,81,101,30,103,110" hai2="135,39,3,85,25,86,43,2,19,18,45,107,16" hai3="31,10,100,22,72,32,64,49,15,51,17,38,47"/><T82/><D0/><U106/><E122/><V58/><F107/><W112/><G72/><T50/><D119/><U77/><E103/><V120/><F135/><W105/><G112/><T63/><D82/><U55/><E110/><N who="0" m="42601" /><D124/><U126/><E126/><V53/><F120/><W114/><G114/><T74/><D74/><U88/><E34/><N who="0" m="12809" /><D36/><U68/><E30/><V134/><F134/><W14/><G100/><T65/><D63/><U79/><E68/><AGARI ba="0,0" hai="50,52,56,60,65,68,92,94" m="12809,42601" machi="68" ten="30,5800,0" yaku="14,1,10,1,54,1" doraHai="71" who="0" fromWho="1" sc="250,58,250,-58,250,0,250,0" /><INIT seed="0,1,0,2,5,55" ten="308,192,250,250" oya="0" hai0="10,97,98,122,31,73,6,79,125,111,72,48,134" hai1="65,22,116,41,91,5,95,126,109,113,86,53,106" hai2="117,43,110,119,84,49,107,75,101,92,118,78,62" hai3="129,45,8,83,28,127,9,35,39,47,1,7,4"/><T85/><D122/><U25/><E116/><V40/><F110/><W115/><G115/><T88/><D31/><U81/><E113/><V52/><F75/><N who="0" m="28746" /><D48/><U32/><E109/><V68/><F107/><W56/><G39/><T96/><D10/><U29/><E106/><V120/><F120/><W57/><G35/><T121/><D6/><U14/><E41/><V3/><F3/><W67/><G28/><T13/><D13/><U130/><E65/><N who="2" m="41015" /><F78/><W60/><G127/><T112/><D112/><U11/><E126/><V63/><F84/><W131/><G83/><N who="0" m="47359" /><D125/><U89/><E130/><N who="3" m="49674" /><G60/><T15/><D15/><U103/><E103/><V27/><F27/><W123/><G67/><T104/><D111/><U24/><E53/><V135/><F135/><W37/><G123/><T132/><D121/><U124/><E124/><V105/><F105/><W70/><G37/><T66/><D66/><U2/><E25/><V76/><F76/><W34/><G34/><T102/><D132/><U87/><E32/><V90/><F63/><W82/><G82/><T80/><D134/><U58/><E2/><V46/><F90/><W59/><G70/><T69/><D69/><U128/><E128/><V114/><F114/><W16/><G16/><T94/><D80/><U19/><E19/><V93/><F101/><W61/><G61/><T100/><D104/><U99/><E99/><AGARI ba="1,0" hai="88,94,96,97,98,99,100,102" m="47359,28746" machi="99" ten="30,18000,2" yaku="35,5,54,1" doraHai="55" who="0" fromWho="1" sc="308,183,192,-183,250,0,250,0" /><INIT seed="0,2,0,2,1,62" ten="491,9,250,250" oya="0" hai0="133,83,19,121,32,135,98,64,100,26,118,43,45" hai1="59,41,82,24,5,60,4,129,66,92,36,27,131" hai2="46,65,70,50,3,14,122,6,58,105,73,35,9" hai3="103,22,134,95,25,84,87,23,28,1,102,57,115"/><T17/><D121/><U52/><E41/><V89/><F122/><W111/><G1/><T106/><D83/><U125/><E36/><V132/><F105/><W128/><G115/><T120/><D19/><U79/><E125/><V97/><F35/><W117/><G117/><T126/><D17/><U0/><E92/><V110/><F73/><W67/><G134/><T7/><D7/><N who="1" m="2635" /><E0/><V109/><F70/><W15/><G128/><N who="1" m="49226" /><E66/><V113/><F113/><W81/><G111/><N who="2" m="42505" /><F132/><N who="0" m="50762" /><D126/><U63/><E60/><N who="2" m="38039" /><F97/><N who="3" m="59711" /><G103/><T31/><D118/><U34/><E34/><V130/><F130/><W107/><G107/><T71/><D120/><U99/><E99/><V44/><F89/><N who="3" m="51343" /><G87/><AGARI ba="2,0" hai="24,27,52,59,63,79,82,87" m="49226,2635" machi="87" ten="30,2000,0" yaku="19,1,54,1" doraHai="62" who="1" fromWho="3" sc="491,0,9,26,250,0,250,-26" /><INIT seed="1,0,0,0,4,80" ten="491,35,250,224" oya="1" hai0="119,99,17,97,51,84,41,87,127,85,52,106,60" hai1="113,110,46,24,112,102,109,126,13,66,132,124,6" hai2="25,18,50,45,56,114,71,26,21,95,63,57,98" hai3="94,10,64,83,11,130,29,93,82,111,74,7,30"/><U14/><E66/><V37/><F114/><N who="1" m="44137" /><E102/><V108/><F108/><N who="1" m="41577" /><E46/><V68/><F37/><W122/><G130/><T79/><D127/><N who="1" m="48683" /><E132/><V19/><F57/><W100/><G122/><T31/><D119/><U89/><E89/><V72/><F72/><W2/><G111/><T107/><D79/><U96/><E96/><V62/><F71/><W69/><G64/><T77/><D77/><U20/><E6/><V28/><F68/><W9/><G69/><T40/><D99/><U1/><E1/><V4/><F26/><W128/><G128/><T123/><D97/><U131/><E131/><V58/><F4/><W54/><G100/><T38/><D40/><U67/><E67/><N who="2" m="39367" /><F58/><W8/><G74/><T92/><D41/><U36/><E36/><V116/><F63/><W59/><G7/><T5/><D60/><U88/><E88/><N who="2" m="55655" /><F116/><W86/><G2/><T117/><D38/><U75/><E75/><V49/><F49/><W70/><G70/><T125/><D5/><U15/><E24/><V33/><F33/><W42/><G42/><AGARI ba="0,0" hai="18,19,21,25,28,42,45,50" m="55655,39367" machi="42" ten="30,2000,0" yaku="8,1,54,1" doraHai="80" who="2" fromWho="3" sc="491,0,35,0,250,20,224,-20" /><INIT seed="2,0,0,0,2,78" ten="491,35,270,204" oya="2" hai0="46,4,1,17,126,39,135,58,110,130,68,50,52" hai1="30,59,81,117,115,31,98,5,32,101,99,28,37" hai2="84,35,49,72,128,112,70,42,97,51,74,119,125" hai3="90,20,79,53,106,21,43,57,134,133,86,92,107"/><V16/><F70/><W54/><G43/><N who="0" m="22911" /><D1/><U48/><E37/><V24/><F119/><W103/><G54/><T8/><D4/><U11/><E117/><V73/><F112/><W89/><G20/><T14/><D126/><U111/><E115/><V121/><F121/><W127/><G53/><T83/><D83/><U118/><E118/><V40/><F125/><W41/><G21/><T13/><D13/><U2/><E111/><V94/><F128/><W29/><G57/><T55/><D55/><U96/><E32/><V33/><F84/><N who="3" m="52263" /><G29/><T27/><D27/><U116/><E116/><V19/><F24/><W80/><G41/><T123/><D123/><U91/><E101/><V75/><N who="2" m="18944" /><DORA hai="95" /><V113/><F42/><W102/><G127/><T25/><D135/><N who="3" m="51721" /><G90/><T9/><D17/><U71/><E71/><V38/><F113/><W62/><G62/><T26/><D14/><U67/><E91/><V3/><F3/><W122/><G122/><T63/><D9/><U47/><E47/><V7/><F7/><W44/><G44/><T23/><D8/><U105/><E105/><AGARI ba="0,0" hai="79,80,86,102,103,105,106,107" m="51721,52263" machi="105" ten="30,7700,0" yaku="20,1,34,2,52,1" doraHai="78,95" who="3" fromWho="1" sc="491,0,35,-77,270,0,204,77" owari="491,49,-42,-44,270,-8,281,3" /></mjloggm>