<mjloggm ver="2.3"><GO type="97"/><UN n0="%E5%91%AA%E5%A4%A2%E5%8D%83%E5%B9%B4" n1="%E3%82%B8%E3%82%A7%E3%83%AD" n2="%E3%82%A6%E3%83%AB%E3%83%88%E3%83%A9%E7%AB%8B%E7%9B%B4" n3="%6D%75%73%74%61%6E%67" dan="16,13,13,13" rate="1940,1920,1817,1860" sx="F,M,M,M"/><TAIKYOKU oya="0"/><INIT seed="0,0,0,3,5,60" ten="250,250,250,250" oya="0" hai0="85,36,135,118,23,48,112,125,124,116,54,97,104" hai1="88,117,103,86,46,108,39,28,58,90,27,70,61" hai2="26,94,30,49,21,93,114,68,80,45,110,79,129" hai3="81,82,126,127,9,50,77,51,12,41,22,31,119"/><T17/><D112/><U6/><E117/><V15/><F114/><W53/><G119/><T122/><D36/><U18/><E108/><V29/><F110/><W106/><G106/><T4/><D4/><U63/><E63/><V115/><BYE who="1" /><F115/><W123/><G123/><T87/><D122/><U7/><E7/><V75/><F129/><W95/><G95/><T99/><D135/><U16/><E16/><V47/><F47/><W72/><G81/><T134/><D87/><U130/><E130/><V105/><F105/><UN n1="%E3%82%B8%E3%82%A7%E3%83%AD" /><W102/><G102/><N who="0" m="62543" /><D85/><U132/><E103/><V76/><F76/><W78/><G77/><T56/><D99/><U89/><E70/><V121/><F121/><W65/><G41/><T107/><D107/><U43/><E18/><V25/><F15/><W74/><G74/><T20/><D20/><U101/><E101/><V2/><F2/><W19/><G31/><T8/><D8/><U96/><E96/><V98/><F68/><W69/><G22/><T111/><D134/><U40/><E40/><V5/><F5/><W100/><G100/><T11/><D11/><U113/><E6/><V14/><F14/><W0/><G0/><T52/><D54/><U37/><E37/><V128/><F128/><W57/><G51/><T83/><D83/><U133/><E113/><V42/><REACH who="2" step="1"/><F98/><REACH who="2" step="2"/><W131/><G131/><T59/><D111/><U38/><E133/><V73/><F73/><W10/><G10/><T84/><D59/><U33/><E132/><V32/><AGARI ba="0,1" hai="21,25,26,29,30,32,42,45,49,75,79,80,93,94" machi="32" ten="20,2700,0" yaku="1,1,0,1,7,1,53,0" doraHai="60" doraHaiUra="62" who="2" fromWho="2" sc="250,-13,250,-7,240,37,250,-7" /><INIT seed="1,0,0,0,1,37" ten="237,243,277,243" oya="1" hai0="12,67,69,118,28,63,86,111,116,97,74,20,66" hai1="115,16,64,7,93,94,77,129,60,91,65,21,125" hai2="79,8,89,11,101,39,100,105,17,15,51,131,72" hai3="134,107,108,110,6,4,56,99,18,88,85,32,1"/><U10/><E115/><V29/><F39/><W82/><G32/><T59/><D111/><N who="3" m="42537" /><G134/><T80/><D74/><U54/><E129/><V0/><F131/><W31/><G31/><T83/><D83/><U70/><E125/><V2/><F79/><W40/><G56/><T87/><D86/><U95/><E77/><V96/><F72/><W81/><G81/><T22/><D22/><U49/><E65/><V57/><F101/><N who="3" m="62911" /><G18/><T109/><D109/><U53/><E91/><V113/><F113/><W25/><G25/><T130/><D130/><U76/><E76/><V121/><F121/><W9/><G6/><T75/><D28/><U123/><E49/><V13/><F29/><W30/><G30/><T35/><D75/><U19/><E123/><V124/><F124/><W112/><G112/><T68/><D35/><U102/><E102/><V58/><F89/><W133/><G133/><T78/><D69/><U84/><E84/><V135/><F135/><W24/><G24/><T52/><D97/><U126/><E126/><V47/><F57/><W3/><G3/><T42/><D68/><U27/><REACH who="1" step="1"/><E19/><REACH who="1" step="2"/><V14/><F17/><W61/><G61/><T41/><D78/><U114/><E114/><V98/><F100/><W119/><G119/><T132/><D118/><U43/><E43/><AGARI ba="0,1" hai="1,4,9,40,43,82,85,88" m="62911,42537" machi="43" ten="30,7700,0" yaku="14,1,52,2,54,1" doraHai="37" who="3" fromWho="1" sc="237,0,233,-77,277,0,243,87" /><INIT seed="2,0,0,2,2,59" ten="237,156,277,330" oya="2" hai0="91,30,106,126,132,12,115,101,134,131,9,34,96" hai1="65,63,88,67,25,98,57,69,0,56,22,135,5" hai2="18,7,100,128,79,72,89,86,121,15,38,58,84" hai3="108,13,19,20,133,6,16,8,10,28,107,62,74"/><V90/><F38/><W109/><G107/><T113/><D34/><U104/><E135/><N who="0" m="51753" /><D30/><U102/><E5/><V111/><F7/><W41/><G74/><T76/><D76/><U46/><E0/><V23/><F121/><W35/><G41/><T49/><D131/><U45/><E69/><V75/><F100/><W110/><G62/><T29/><D29/><U83/><E65/><V129/><F111/><W114/><G133/><T73/><D73/><U80/><E57/><V40/><F40/><W36/><G36/><T92/><D49/><U125/><E125/><V21/><F58/><W94/><G94/><T31/><D31/><U120/><E120/><V119/><F79/><W70/><G70/><T95/><D126/><U50/><E46/><V54/><F54/><W33/><G114/><N who="0" m="43531" /><D91/><U55/><REACH who="1" step="1"/><E88/><REACH who="1" step="2"/><V68/><F68/><W127/><G127/><T130/><D130/><U44/><E44/><V117/><F90/><W112/><G112/><T77/><D77/><U48/><E48/><V37/><F89/><W24/><G10/><T51/><D51/><U39/><E39/><V71/><F37/><W61/><G61/><T82/><D82/><U87/><E87/><V32/><F71/><W78/><G78/><T64/><D64/><U52/><E52/><V27/><F84/><W93/><G93/><T97/><D97/><U14/><E14/><V60/><F86/><W116/><G6/><AGARI ba="0,1" hai="6,9,12,92,95,96,101,106" m="43531,51753" machi="6" ten="30,1000,0" yaku="20,1" doraHai="59" who="0" fromWho="3" sc="237,20,146,0,277,0,330,-10" /><INIT seed="3,0,0,5,5,52" ten="257,146,277,320" oya="3" hai0="121,70,45,102,66,25,118,95,113,23,130,82,14" hai1="120,44,3,133,122,29,8,19,72,100,1,88,107" hai2="83,50,53,22,126,96,42,127,43,60,129,109,85" hai3="67,75,79,62,51,63,69,128,12,134,34,28,119"/><W18/><G119/><T80/><D118/><U108/><E72/><V135/><F96/><W20/><G134/><T131/><D121/><U114/><E44/><N who="2" m="27847" /><F22/><W47/><G128/><N who="0" m="49195" /><D113/><U46/><E46/><V132/><F129/><W112/><G112/><T58/><D70/><U90/><E114/><V35/><F35/><W32/><G63/><N who="0" m="38263" /><D14/><U110/><E29/><V68/><F109/><N who="1" m="42089" /><E100/><V111/><F111/><W105/><G105/><T61/><D61/><U59/><E107/><V104/><F104/><W57/><G69/><T91/><D45/><U65/><E19/><V13/><F13/><W55/><REACH who="3" step="1"/><G28/><REACH who="3" step="2"/><N who="0" m="17471" /><D102/><U125/><E133/><N who="2" m="51275" /><F60/><W2/><G2/><N who="1" m="522" /><E125/><N who="2" m="47627" /><F68/><W38/><G38/><T74/><D74/><U0/><N who="1" m="530" /><U89/><DORA hai="78" /><E8/><V106/><F106/><W40/><G40/><T76/><D76/><AGARI ba="0,1" hai="42,43,76,83,85" m="47627,51275,27847" machi="76" ten="30,3900,0" yaku="20,1,18,1,52,1" doraHai="52,78" who="2" fromWho="0" sc="257,-39,146,0,277,49,310,0" owari="218,-13,146,-25,326,32,310,6" /></mjloggm>