<mjloggm ver="2.3"><GO type="41"/><UN n0="%6D%75%73%73%65%6C" n1="%6D%61%67%6D%69%67%6D%61" n2="%42%61%72%6F%6E" n3="%E3%82%A6%E3%83%AB%E3%83%88%E3%83%A9%E7%AB%8B%E7%9B%B4" dan="14,15,14,15" rate="1942,2027,1911,1966" sx="M,M,M,M"/><TAIKYOKU oya="0"/><INIT seed="0,0,0,0,4,28" ten="250,250,250,250" oya="0" hai0="57,67,107,121,106,9,82,0,68,26,39,16,4" hai1="32,95,27,135,74,62,88,86,19,76,15,91,3" hai2="43,25,73,41,122,101,97,23,5,131,102,47,20" hai3="85,104,128,18,50,10,7,124,30,17,63,29,115"/><T103/><D121/><U84/><E3/><V12/><F73/><W75/><G75/><T81/><D68/><U8/><E135/><V92/><F122/><W133/><G104/><T44/><D39/><U112/><E112/><V58/><F131/><W109/><G63/><T134/><D134/><U6/><E74/><V2/><F2/><W46/><G133/><T14/><D26/><U116/><E76/><V118/><F118/><W31/><G115/><T105/><D44/><U54/><E116/><V37/><F43/><W22/><G124/><T45/><D45/><U79/><E79/><V99/><F58/><W51/><G128/><T61/><REACH who="0" step="1"/><D103/><REACH who="0" step="2"/><U60/><E54/><V1/><F25/><W33/><G46/><T65/><D65/><U94/><E19/><V127/><F47/><W36/><G36/><T38/><D38/><U71/><E71/><V100/><F37/><W35/><G18/><T56/><D56/><U96/><E96/><V11/><F99/><W89/><G17/><T21/><AGARI ba="0,1" hai="0,4,9,14,16,21,57,61,67,81,82,105,106,107" machi="21" ten="30,6000,0" yaku="1,1,0,1,54,1,53,0" doraHai="28" doraHaiUra="87" who="0" fromWho="0" sc="240,70,250,-20,250,-20,250,-20" /><INIT seed="0,1,0,2,3,71" ten="310,230,230,230" oya="0" hai0="2,20,119,15,40,86,49,107,127,108,52,118,7" hai1="106,72,45,91,35,68,53,93,92,51,26,80,113" hai2="105,89,18,38,75,48,64,30,109,121,58,22,34" hai3="0,65,111,88,3,6,70,130,21,33,77,10,116"/><T76/><D107/><U27/><E106/><V50/><F105/><W61/><G116/><T129/><D2/><U9/><E68/><V59/><F75/><W124/><G0/><T17/><D127/><U47/><E113/><V115/><F121/><W14/><G124/><T123/><D123/><U84/><E35/><V90/><F115/><W83/><G33/><T36/><D129/><U81/><E9/><V110/><F30/><W98/><G111/><N who="2" m="42505" /><F34/><W66/><G66/><T73/><D73/><U55/><E72/><V8/><F8/><W60/><G60/><T85/><D7/><U23/><E27/><V24/><F38/><W67/><G67/><T94/><D108/><U135/><E81/><V46/><F64/><W120/><G120/><T103/><D76/><U131/><E135/><V37/><F37/><W96/><G130/><T79/><D79/><U13/><E13/><V104/><F104/><W4/><G77/><T32/><D32/><U54/><E131/><V87/><F50/><W16/><REACH who="3" step="1"/><G4/><REACH who="3" step="2"/><T97/><D118/><U29/><E47/><V100/><F46/><W11/><G11/><T63/><D119/><U126/><E126/><V57/><F22/><W122/><G122/><T69/><D20/><U19/><REACH who="1" step="1"/><E29/><REACH who="1" step="2"/><V25/><F25/><W28/><G28/><T42/><D69/><U102/><E102/><V125/><F24/><W74/><G74/><T12/><D103/><U5/><E5/><V56/><F100/><W132/><G132/><T62/><D12/><U82/><E82/><V133/><F125/><W31/><G31/><T1/><D15/><RYUUKYOKU ba="1,2" sc="310,-15,220,15,230,-15,220,15" hai1="19,23,26,45,51,53,54,55,80,84,91,92,93" hai3="3,6,10,14,16,21,61,65,70,83,88,96,98" /><INIT seed="1,2,2,0,5,63" ten="295,235,215,235" oya="1" hai0="70,61,130,32,72,44,54,51,11,93,56,124,35" hai1="37,122,50,64,91,129,89,16,55,77,47,10,132" hai2="13,36,128,34,0,67,107,87,68,80,104,7,23" hai3="97,126,25,71,26,66,52,6,21,135,42,4,78"/><U59/><E122/><V39/><F128/><W53/><G126/><T2/><D124/><U134/><E129/><V115/><F115/><W118/><G42/><T45/><D130/><U27/><E77/><V38/><F34/><W9/><G118/><T57/><D72/><U5/><E37/><V76/><F0/><W109/><G109/><T112/><D112/><U49/><E5/><V125/><F125/><W106/><G106/><T123/><D70/><U41/><E64/><V81/><F81/><W113/><G113/><T73/><D73/><U131/><E131/><V29/><F29/><W92/><G78/><T15/><D2/><U94/><E94/><V69/><F69/><W62/><G135/><N who="1" m="51754" /><E27/><V65/><F68/><W105/><G105/><T20/><D20/><U60/><E50/><V100/><F107/><W1/><G6/><N who="0" m="3575" /><D32/><U3/><E3/><V117/><F117/><W79/><G79/><T120/><D35/><U19/><E19/><V75/><F75/><W96/><G25/><T12/><D12/><AGARI ba="2,2" hai="10,12,16,41,47,49,55,59,60,89,91" m="51754" machi="12" ten="30,2900,0" yaku="20,1,54,1" doraHai="63" who="1" fromWho="0" sc="295,-35,235,55,215,0,235,0" /><INIT seed="1,3,0,2,2,29" ten="260,290,215,235" oya="1" hai0="28,101,1,0,22,127,53,100,111,113,41,77,34" hai1="89,117,66,12,21,109,69,128,88,110,134,126,118" hai2="79,105,43,5,85,87,75,74,98,95,130,10,103" hai3="86,39,17,72,15,23,35,65,62,129,112,81,104"/><U38/><E38/><V51/><F130/><W120/><G120/><T63/><D113/><U114/><E114/><V108/><F108/><N who="1" m="41577" /><E128/><V18/><F18/><W78/><G112/><T7/><D111/><U135/><E12/><V14/><F87/><W76/><G129/><T30/><D41/><U27/><E126/><V36/><F36/><W42/><G104/><T13/><D127/><U61/><E21/><V55/><F43/><W124/><G124/><T26/><D28/><U106/><E27/><V32/><F32/><W132/><G132/><N who="1" m="50730" /><E106/><V20/><F20/><W19/><G19/><T33/><D22/><U44/><E44/><V73/><F105/><W6/><G39/><T64/><D13/><U58/><E58/><V4/><F85/><W91/><G6/><T71/><D7/><U115/><E115/><V83/><F5/><W56/><G72/><T125/><D125/><U107/><E107/><V97/><F97/><W57/><G57/><AGARI ba="3,0" hai="4,10,14,51,55,57,73,74,75,79,83,95,98,103" machi="57" ten="30,1000,0" yaku="7,1" doraHai="29" who="2" fromWho="3" sc="260,0,290,0,215,19,235,-19" /><INIT seed="2,0,0,0,2,49" ten="260,290,234,216" oya="2" hai0="44,6,14,78,105,39,85,37,108,0,68,7,31" hai1="117,59,109,11,62,132,60,76,69,29,35,82,100" hai2="96,55,95,67,113,41,5,42,23,123,110,83,54" hai3="119,48,61,120,90,17,112,114,4,102,92,89,33"/><V91/><F123/><W64/><G33/><T28/><D105/><U21/><E109/><V15/><F110/><W98/><G4/><T73/><D108/><U19/><E132/><V111/><F111/><W77/><G17/><T18/><D68/><U126/><E117/><V74/><F113/><N who="3" m="43627" /><G119/><T12/><D85/><U135/><E135/><V70/><F70/><N who="3" m="42255" /><G120/><T16/><D0/><U24/><E11/><N who="2" m="4591" /><F23/><W88/><G77/><T133/><D133/><U79/><E100/><N who="2" m="60447" /><F74/><W66/><G66/><T130/><D130/><U134/><E134/><V72/><F67/><W87/><G48/><T127/><D78/><U99/><E69/><V75/><F72/><W65/><G65/><T116/><D73/><U53/><E62/><V97/><F75/><W26/><G26/><T27/><D27/><U36/><E35/><V13/><F13/><W118/><G118/><T45/><D116/><U34/><E34/><V122/><F122/><W8/><G8/><T46/><D46/><U56/><E29/><V2/><F2/><W52/><G52/><N who="2" m="20009" /><F97/><W71/><G71/><T115/><D115/><U103/><E103/><V94/><BYE who="1" /><F94/><AGARI ba="0,0" hai="87,88,89,90,92,94,98,102" m="42255,43627" machi="94" ten="30,2000,0" yaku="11,1,54,1" doraHai="49" who="3" fromWho="2" sc="260,0,290,0,234,-20,216,20" /><INIT seed="3,0,0,2,0,122" ten="260,290,214,236" oya="3" hai0="81,97,18,55,47,68,48,85,12,26,40,121,105" hai1="20,34,57,64,78,13,86,130,104,72,5,66,83" hai2="33,89,3,135,87,49,102,73,15,21,62,107,8" hai3="115,100,128,113,43,6,77,35,58,70,95,92,65"/><W9/><G70/><UN n1="%6D%61%67%6D%69%67%6D%61" /><T39/><D121/><U1/><E130/><V123/><F123/><W7/><G35/><T27/><D68/><U42/><E104/><V109/><F73/><W126/><G77/><T131/><D131/><U125/><E34/><V44/><F33/><W46/><G128/><T96/><D105/><U108/><E125/><V106/><F135/><W82/><G126/><T71/><D71/><U11/><E57/><V10/><F62/><W51/><G113/><T2/><D2/><U79/><E79/><V37/><F37/><W59/><G115/><T114/><D114/><U61/><E86/><V29/><F3/><W74/><G74/><T119/><D119/><U118/><E61/><V0/><F0/><W84/><G65/><T110/><D40/><U22/><E118/><V103/><F107/><W17/><G17/><T69/><D69/><U129/><E129/><V32/><F32/><W41/><G41/><T53/><D53/><U88/><E66/><V134/><F106/><W76/><G7/><T80/><D39/><U133/><E64/><V19/><F134/><W91/><G91/><T36/><D36/><U124/><E42/><V24/><F10/><W52/><G100/><T63/><D18/><U98/><E133/><V127/><F127/><W23/><G23/><N who="1" m="8746" /><E124/><V94/><F109/><W31/><G31/><T67/><D67/><U60/><E108/><V25/><F25/><W28/><G28/><T90/><D110/><U30/><E30/><V45/><F45/><W117/><G117/><T93/><D47/><U116/><E116/><V75/><F75/><RYUUKYOKU ba="0,0" sc="260,-10,290,-10,214,30,236,-10" hai2="8,15,19,21,24,29,44,49,87,89,94,102,103" /><INIT seed="4,1,0,1,2,120" ten="250,280,244,226" oya="0" hai0="40,54,23,48,31,14,71,61,64,66,106,57,6" hai1="92,74,103,41,0,119,89,134,67,50,13,37,68" hai2="102,51,104,96,18,36,99,65,62,27,95,107,129" hai3="4,135,118,85,73,79,113,77,82,87,8,5,26"/><T76/><D106/><U42/><E0/><V110/><F36/><W49/><G118/><T83/><D40/><U2/><E2/><V121/><F121/><W47/><G135/><T97/><D97/><U72/><E103/><V112/><F112/><W55/><G113/><T81/><D66/><U11/><E37/><V12/><F27/><W7/><G73/><T115/><D115/><U52/><E134/><V88/><F129/><W86/><G26/><T15/><D6/><U10/><E74/><V127/><F127/><W80/><REACH who="3" step="1"/><G86/><REACH who="3" step="2"/><T124/><D124/><U21/><E72/><V114/><F114/><W111/><G111/><T84/><REACH who="0" step="1"/><D83/><REACH who="0" step="2"/><U45/><E119/><V9/><F110/><W35/><G35/><T116/><D116/><U30/><E67/><V108/><F108/><W33/><G33/><T58/><D58/><U19/><E68/><V109/><F109/><W46/><G46/><T38/><D38/><U1/><E45/><V133/><F133/><W131/><G131/><T123/><D123/><U32/><E32/><V93/><REACH who="2" step="1"/><F51/><REACH who="2" step="2"/><W20/><G20/><T3/><D3/><AGARI ba="1,3" hai="3,4,5,7,8,47,49,55,77,79,80,82,85,87" machi="3" ten="30,8000,1" yaku="1,1,7,1,9,1,53,2" doraHai="120" doraHaiUra="75" who="3" fromWho="0" sc="240,-83,280,0,234,0,216,113" /><INIT seed="5,0,0,1,3,10" ten="157,280,234,329" oya="1" hai0="2,29,83,18,0,47,80,15,121,26,124,17,70" hai1="96,42,1,28,119,133,111,122,103,13,108,94,33" hai2="46,73,95,9,53,6,4,23,52,74,31,14,82" hai3="63,109,102,128,27,81,127,113,105,99,24,48,37"/><U62/><E1/><V118/><F118/><W92/><G37/><T65/><D124/><U129/><E122/><V49/><F95/><W88/><G109/><N who="1" m="42058" /><E119/><V125/><F125/><W60/><G127/><T115/><D115/><U21/><E133/><V123/><F123/><W36/><G36/><T93/><D121/><U67/><E42/><V19/><F82/><W66/><G113/><T44/><D93/><U120/><E120/><V76/><F76/><W3/><G3/><T100/><D100/><U43/><E43/><V5/><F53/><W135/><G135/><T131/><D131/><U58/><E129/><V110/><F110/><W20/><G128/><T11/><D18/><N who="1" m="10447" /><E28/><V134/><F134/><W16/><G81/><T112/><D112/><U89/><E33/><V104/><F104/><W106/><G106/><T87/><D80/><U35/><E35/><V12/><REACH who="2" step="1"/><F31/><REACH who="2" step="2"/><W32/><G105/><T54/><D54/><U114/><E114/><V69/><F69/><W40/><G66/><T55/><D55/><U61/><E61/><V50/><F50/><W86/><G48/><T90/><D65/><U8/><E8/><V56/><F56/><W101/><G40/><T59/><D59/><U98/><E98/><V22/><F22/><W39/><G39/><T116/><D70/><U7/><E7/><AGARI ba="0,1" hai="4,5,6,7,9,12,14,19,23,46,49,52,73,74" machi="7" ten="40,8000,1" yaku="1,1,52,2,54,1,53,0" doraHai="10" doraHaiUra="97" who="2" fromWho="1" sc="157,0,280,-80,224,90,329,0" /><INIT seed="6,0,0,0,0,30" ten="157,200,314,329" oya="2" hai0="40,38,131,106,23,22,11,89,132,55,56,126,28" hai1="68,76,46,37,96,39,65,43,90,14,26,104,29" hai2="36,10,52,50,78,133,122,66,75,59,3,54,135" hai3="88,42,18,60,48,61,57,105,125,41,103,72,134"/><V4/><F122/><W27/><G72/><T1/><D106/><U97/><E14/><V32/><F32/><W117/><G103/><T111/><D111/><U79/><E96/><V130/><F130/><W64/><G105/><T92/><D131/><U83/><E39/><V8/><F8/><W110/><G110/><T107/><D107/><U35/><E83/><V129/><F129/><W49/><G117/><T86/><D126/><U84/><E84/><V115/><F115/><W128/><G128/><T24/><D132/><N who="2" m="50762" /><F36/><W118/><G118/><T120/><D120/><U44/><E44/><V116/><F116/><W17/><G134/><T87/><D87/><U112/><E90/><V85/><F75/><W5/><G5/><T2/><D40/><N who="3" m="15465" /><G125/><T16/><D38/><U82/><E82/><N who="2" m="47319" /><F54/><W102/><G102/><T81/><D11/><U74/><E74/><V69/><F66/><W21/><G88/><T9/><D9/><U80/><E80/><V114/><F114/><W71/><G71/><AGARI ba="0,0" hai="3,4,10,50,52,59,69,71" m="47319,50762" machi="71" ten="30,2900,0" yaku="20,1,54,1" doraHai="30" who="2" fromWho="3" sc="157,0,200,0,314,29,329,-29" /><INIT seed="6,1,0,1,3,70" ten="157,200,343,300" oya="2" hai0="78,96,30,35,17,56,87,22,101,77,33,13,110" hai1="6,0,50,26,121,39,23,125,99,107,20,45,81" hai2="128,119,32,60,38,122,19,104,102,134,93,52,16" hai3="100,44,126,114,42,76,89,105,12,112,46,85,84"/><V55/><F122/><W65/><G46/><T1/><D110/><U83/><E121/><V97/><F119/><W103/><G65/><T31/><D1/><U53/><E125/><V54/><F32/><W109/><G12/><T91/><D35/><U41/><E23/><V51/><F128/><W27/><G27/><T57/><D33/><U66/><E66/><V80/><F134/><W43/><G43/><T88/><D96/><U90/><E6/><V47/><F80/><N who="3" m="47111" /><G105/><T127/><D101/><U10/><E10/><V67/><F38/><N who="3" m="21591" /><G109/><T74/><D74/><U124/><E124/><V68/><REACH who="2" step="1"/><F104/><REACH who="2" step="2"/><W94/><G126/><T9/><D127/><U118/><E118/><V106/><F106/><W7/><G7/><T48/><D77/><U75/><E107/><V72/><F72/><W4/><G4/><T115/><D78/><U59/><E75/><V108/><F108/><W92/><G92/><T132/><D132/><U28/><REACH who="1" step="1"/><E0/><REACH who="1" step="2"/><V95/><F95/><AGARI ba="1,2" hai="20,26,28,39,41,45,50,53,59,81,83,90,95,99" machi="95" ten="40,5200,0" yaku="1,1,2,1,52,1,53,0" doraHai="70" doraHaiUra="111" who="1" fromWho="2" sc="157,0,190,75,333,-55,300,0" /><INIT seed="7,0,0,2,4,115" ten="157,265,278,300" oya="3" hai0="88,39,122,81,124,78,118,49,106,89,53,74,127" hai1="95,87,84,133,40,90,76,28,58,85,25,69,56" hai2="37,12,120,10,92,131,8,20,86,108,107,64,50" hai3="67,3,0,80,61,130,79,94,19,34,59,123,128"/><W111/><G34/><T6/><D39/><U31/><E69/><V119/><F108/><W17/><G94/><T2/><D2/><N who="3" m="553" /><G123/><T135/><D6/><U100/><E100/><V73/><F120/><W11/><G11/><T65/><D65/><U68/><E68/><V63/><F37/><W103/><G103/><T21/><D21/><U16/><E133/><V29/><F107/><W66/><G66/><T77/><D53/><U24/><E40/><V97/><F73/><N who="3" m="43119" /><G111/><T15/><D49/><U44/><E44/><V36/><F36/><W14/><G14/><T62/><D15/><U35/><E76/><V102/><F50/><W30/><G30/><T83/><D62/><U109/><E109/><V134/><F134/><W43/><G43/><T55/><D55/><U112/><E112/><V51/><F131/><AGARI ba="0,0" hai="17,19,59,61,67,128,130,131" m="43119,553" machi="131" ten="30,1500,0" yaku="19,1" doraHai="115" who="3" fromWho="2" sc="157,0,265,0,278,-15,300,15" owari="157,-34,265,7,263,-14,315,41" /></mjloggm>