<mjloggm ver="2.3"><GO type="41"/><UN n0="%E3%82%A6%E3%83%AB%E3%83%88%E3%83%A9%E7%AB%8B%E7%9B%B4" n1="%E3%83%88%E3%83%A2%E3%83%8E%E3%83%AA" n2="%42%53%4E" n3="%E3%82%AB%E3%83%AB%E3%83%9E%E3%82%B0" dan="14,13,14,13" rate="1940,1868,2075,1824" sx="M,M,M,M"/><TAIKYOKU oya="0"/><INIT seed="0,0,0,3,4,61" ten="250,250,250,250" oya="0" hai0="108,85,48,78,86,125,21,84,54,118,72,24,97" hai1="8,96,18,101,2,3,7,92,60,104,89,55,74" hai2="29,15,9,135,47,30,66,116,79,90,16,132,122" hai3="81,39,105,94,31,46,44,120,128,52,19,14,51"/><T4/><D118/><U110/><E110/><V5/><F79/><W98/><G120/><T127/><D108/><U134/><E134/><N who="2" m="51243" /><F122/><W133/><G133/><T114/><D114/><U22/><E74/><V33/><F47/><W121/><G121/><T93/><D4/><U0/><E104/><V28/><F90/><W80/><G105/><T26/><D78/><U67/><E101/><V111/><F111/><W17/><G128/><T123/><D72/><U56/><REACH who="1" step="1"/><E55/><REACH who="1" step="2"/><V106/><F106/><W113/><G52/><T129/><D123/><U32/><E32/><V107/><F107/><W131/><G131/><T69/><D129/><U99/><E99/><V77/><F116/><W73/><G98/><T115/><D115/><U76/><E76/><V25/><F77/><W88/><G73/><T109/><D109/><U87/><E87/><V43/><F43/><W103/><G113/><T75/><D75/><U83/><E83/><V64/><F33/><W112/><G103/><T70/><D97/><U1/><E1/><N who="2" m="175" /><F25/><AGARI ba="0,1" hai="0,2,3,7,8,18,22,25,56,60,67,89,92,96" machi="25" ten="30,3900,0" yaku="1,1,7,1,52,1,53,0" doraHai="61" doraHaiUra="38" who="1" fromWho="2" sc="250,0,240,49,250,-39,250,0" /><INIT seed="1,0,0,3,2,92" ten="250,289,211,250" oya="1" hai0="73,86,104,3,125,113,24,48,74,62,108,128,96" hai1="28,122,17,76,27,16,45,72,26,133,61,20,57" hai2="82,132,91,56,22,69,115,1,118,31,9,107,39" hai3="60,90,70,13,67,19,88,119,80,111,64,44,18"/><U78/><E122/><V11/><F69/><W66/><G111/><T46/><D24/><U38/><E133/><V23/><F118/><W50/><G119/><T100/><D113/><U93/><E72/><V117/><F117/><W54/><G19/><T135/><D3/><U52/><E17/><V21/><F39/><W85/><REACH who="3" step="1"/><G90/><REACH who="3" step="2"/><T15/><D108/><U112/><E112/><V116/><F116/><W25/><G25/><T5/><D135/><U84/><E38/><V59/><F91/><W4/><G4/><T87/><D5/><U71/><E71/><V121/><F115/><W65/><G65/><T77/><D125/><U114/><E114/><V95/><F132/><W14/><G14/><T123/><D15/><U35/><E76/><V109/><F109/><W129/><G129/><T99/><D128/><U120/><E120/><V32/><F121/><W131/><G131/><T127/><D127/><U43/><E78/><V106/><F1/><W12/><G12/><T41/><D123/><U40/><E45/><V81/><F56/><W63/><G63/><T101/><D62/><U29/><E29/><V33/><F59/><W7/><G7/><T2/><D2/><U42/><E35/><V55/><F31/><W51/><G51/><T36/><D48/><U53/><E28/><V130/><F32/><W49/><G49/><T103/><D77/><U79/><E79/><V94/><F33/><W47/><G47/><T134/><D134/><U89/><E27/><V6/><F6/><W37/><G37/><T126/><D36/><U34/><E34/><V75/><F130/><RYUUKYOKU ba="0,1" sc="250,-15,289,15,211,-15,240,15" hai1="16,20,26,40,42,43,52,53,57,61,84,89,93" hai3="13,18,44,50,54,60,64,66,67,70,80,85,88" /><INIT seed="1,1,1,1,4,26" ten="235,304,196,255" oya="1" hai0="11,131,45,91,122,37,81,30,19,31,8,130,120" hai1="98,70,101,4,88,65,128,5,82,21,2,32,129" hai2="28,3,59,1,74,62,135,58,121,34,47,10,96" hai3="68,78,75,104,103,113,50,83,42,57,33,53,51"/><U52/><E32/><V66/><F121/><N who="0" m="46698" /><D37/><U20/><E65/><V134/><F74/><W16/><G113/><T43/><D45/><U46/><E70/><V99/><F47/><W24/><G68/><T132/><D43/><U48/><E82/><V7/><F3/><W93/><G104/><T125/><D125/><U72/><E72/><V105/><F59/><W39/><G39/><T71/><D71/><U69/><E69/><V102/><REACH who="2" step="1"/><F99/><REACH who="2" step="2"/><W112/><G112/><T56/><D56/><U108/><E2/><V109/><F109/><W119/><G119/><T114/><D114/><U97/><E108/><V49/><F49/><W67/><G51/><T80/><D132/><U110/><E110/><V0/><F0/><W15/><G57/><T17/><D130/><U87/><E98/><V12/><F12/><W60/><G15/><T90/><D131/><N who="1" m="50251" /><E4/><V25/><AGARI ba="1,2" hai="1,7,10,25,28,34,58,62,66,96,102,105,134,135" machi="25" ten="30,4000,0" yaku="1,1,0,1,52,1,53,0" doraHai="26" doraHaiUra="117" who="2" fromWho="2" sc="235,-11,304,-21,186,63,255,-11" /><INIT seed="2,0,0,5,2,43" ten="224,283,249,244" oya="2" hai0="113,111,89,101,17,93,8,126,71,47,107,135,15" hai1="98,134,39,127,36,70,7,22,53,77,37,56,5" hai2="13,27,44,99,29,50,42,48,95,103,121,75,10" hai3="79,74,120,100,26,110,81,85,9,66,119,97,61"/><V64/><F121/><W82/><G120/><T51/><D71/><U83/><E70/><V123/><F123/><W62/><G119/><T116/><D113/><U104/><E134/><V65/><F75/><W114/><G114/><T28/><D135/><U55/><E127/><V73/><F73/><W21/><G110/><T60/><D126/><U115/><E115/><V106/><F106/><W94/><G9/><T87/><D111/><U59/><E98/><V18/><REACH who="2" step="1"/><F50/><REACH who="2" step="2"/><W90/><G66/><T14/><D116/><U12/><E104/><V30/><F30/><AGARI ba="0,1" hai="21,26,30,61,62,74,79,81,82,85,90,94,97,100" machi="30" ten="30,1000,0" yaku="7,1" doraHai="43" who="3" fromWho="2" sc="224,0,283,0,239,-10,244,20" /><INIT seed="3,0,0,2,0,51" ten="224,283,229,264" oya="3" hai0="97,59,3,27,10,84,17,55,67,106,73,108,128" hai1="125,4,121,85,101,76,34,91,119,42,37,43,46" hai2="63,78,8,130,12,131,54,127,2,104,96,75,79" hai3="80,90,45,134,19,114,61,5,44,50,87,86,117"/><W109/><G117/><T31/><D73/><U39/><E34/><V82/><F2/><W33/><G114/><T115/><D115/><U24/><E119/><V56/><F127/><W129/><G33/><T92/><D67/><U69/><E69/><V13/><F79/><W26/><G134/><T15/><D3/><U89/><E125/><V21/><F21/><W40/><G129/><T77/><D106/><U32/><E101/><V52/><F13/><W23/><G5/><T83/><D128/><N who="2" m="49194" /><F96/><W95/><G109/><T135/><D135/><U7/><E76/><V1/><F1/><W102/><G102/><T110/><D92/><U123/><E85/><V126/><F104/><W9/><G9/><T133/><D97/><U53/><E24/><V71/><F71/><W38/><G61/><T122/><D133/><U93/><E46/><V11/><F126/><W62/><G62/><T66/><D66/><U111/><E111/><V74/><F74/><W118/><G118/><T48/><REACH who="0" step="1"/><D122/><REACH who="0" step="2"/><U100/><E93/><V0/><F0/><W107/><G107/><T30/><D30/><U57/><E100/><V22/><F22/><AGARI ba="0,1" hai="10,15,17,22,27,31,48,55,59,77,83,84,108,110" machi="22" ten="40,5200,0" yaku="1,1,52,1,53,1" doraHai="51" doraHaiUra="47" who="0" fromWho="2" sc="214,62,283,0,229,-52,264,0" /><INIT seed="4,0,0,2,4,84" ten="276,283,177,264" oya="0" hai0="117,104,55,122,127,99,10,93,112,34,130,86,70" hai1="69,9,100,22,90,60,95,83,120,53,121,106,76" hai2="63,94,37,71,51,41,77,54,25,56,65,128,57" hai3="46,2,74,48,33,88,39,58,126,6,98,102,11"/><T45/><D10/><U80/><E69/><V59/><F77/><W75/><G33/><T133/><D55/><U105/><E60/><N who="2" m="40359" /><F94/><W21/><G39/><T85/><D45/><U111/><E111/><V24/><F24/><W109/><G58/><N who="2" m="22633" /><F25/><W116/><G116/><T27/><D27/><U36/><E53/><V35/><F35/><W18/><G109/><T110/><D86/><U91/><E22/><V107/><F107/><N who="1" m="40969" /><E9/><V79/><F79/><W72/><G126/><T19/><D85/><N who="1" m="50471" /><E100/><V135/><F128/><W114/><G114/><T7/><D19/><U29/><E29/><V13/><F135/><W1/><G1/><T68/><D7/><U132/><E132/><V73/><F73/><W108/><G108/><T17/><D17/><U40/><E40/><V87/><F87/><W89/><G102/><T32/><D32/><U62/><E62/><V47/><F13/><W113/><G113/><T61/><D61/><AGARI ba="0,0" hai="37,41,47,51,54,59,61,63" m="22633,40359" machi="61" ten="30,12000,2" yaku="24,1,35,5" doraHai="84" who="2" fromWho="0" sc="276,-120,283,0,177,120,264,0" /><INIT seed="5,0,0,1,5,44" ten="156,283,297,264" oya="1" hai0="84,116,95,123,9,18,105,98,82,16,80,73,76" hai1="124,130,75,120,114,59,22,93,4,43,126,92,88" hai2="70,51,17,66,19,31,72,71,60,34,109,85,37" hai3="35,7,77,47,45,3,118,54,64,102,119,87,83"/><U133/><E75/><V57/><F109/><W52/><G35/><T122/><D9/><U25/><E120/><N who="0" m="46121" /><D18/><U90/><E114/><V21/><F72/><W12/><G102/><N who="0" m="62679" /><D16/><U121/><E121/><V110/><F37/><W111/><G111/><T14/><D14/><U101/><E101/><V127/><F110/><W50/><G3/><T62/><D62/><U129/><E43/><V24/><F127/><N who="1" m="48681" /><E4/><V2/><F2/><W27/><G27/><T13/><D13/><U104/><E104/><V39/><F39/><W29/><G29/><T65/><D65/><U41/><E41/><V26/><F85/><W63/><G47/><T48/><D48/><U115/><E115/><V96/><F96/><W15/><G54/><T1/><D1/><U58/><E92/><V125/><F125/><W89/><G77/><T28/><D28/><U128/><E93/><V78/><F78/><W79/><G79/><N who="0" m="44143" /><D95/><U117/><E117/><AGARI ba="0,0" hai="76,82,84,116,117" m="44143,62679,46121" machi="117" ten="30,3900,0" yaku="13,1,34,2" doraHai="44" who="0" fromWho="1" sc="156,39,283,-39,297,0,264,0" /><INIT seed="6,0,0,0,5,88" ten="195,244,297,264" oya="2" hai0="61,45,52,95,101,93,37,42,83,36,31,106,50" hai1="66,4,5,13,126,118,20,29,28,123,10,41,9" hai2="85,56,75,25,113,60,27,26,125,46,97,92,15" hai3="112,24,11,102,80,17,47,74,34,116,23,18,90"/><V133/><F113/><W109/><G109/><T111/><D111/><U2/><E66/><V70/><F75/><W114/><G116/><T7/><D106/><U53/><E41/><V89/><F70/><W0/><G102/><T40/><D101/><U100/><E118/><V65/><F125/><W86/><G34/><T117/><D117/><U81/><E81/><V107/><F133/><W78/><G47/><T48/><D37/><U64/><E64/><V99/><F46/><W62/><G62/><T22/><D36/><U44/><E126/><V103/><REACH who="2" step="1"/><F15/><REACH who="2" step="2"/><W12/><G0/><T108/><D108/><U38/><E123/><V39/><F39/><W57/><G57/><N who="0" m="34983" /><D45/><U105/><E38/><V79/><F79/><W128/><G128/><T55/><D42/><U76/><E76/><V54/><F54/><W33/><G33/><T87/><D40/><U58/><E44/><V110/><F110/><W134/><G134/><T43/><D43/><U69/><E69/><V19/><F19/><W35/><G35/><T63/><D7/><U124/><E124/><V72/><F72/><W98/><G74/><T77/><D63/><U73/><E73/><V119/><F119/><W68/><G68/><T130/><D130/><U8/><E53/><V51/><F51/><N who="0" m="19498" /><D55/><U32/><E32/><V16/><F16/><W96/><G78/><T84/><D84/><AGARI ba="0,1" hai="25,26,27,56,60,65,84,85,89,92,97,99,103,107" machi="84" ten="40,3900,0" yaku="1,1,52,1,53,0" doraHai="88" doraHaiUra="71" who="2" fromWho="0" sc="195,-39,244,0,287,49,264,0" /><INIT seed="6,1,0,5,2,128" ten="156,244,336,264" oya="2" hai0="48,3,106,73,95,125,5,88,33,118,9,60,121" hai1="30,102,44,116,0,19,93,90,38,76,55,47,53" hai2="52,42,21,85,133,87,69,123,134,86,8,71,92" hai3="101,28,97,120,17,16,113,64,15,91,114,40,82"/><V79/><F123/><W7/><G120/><T61/><D121/><U34/><E116/><V135/><F42/><W23/><G64/><T98/><D118/><U122/><E122/><V66/><F8/><W99/><G40/><T36/><D36/><U100/><E0/><V35/><F35/><W68/><G68/><N who="2" m="26185" /><F66/><W124/><G124/><T109/><D109/><U24/><E76/><V39/><F39/><W126/><G126/><T94/><D125/><U13/><E53/><V119/><F119/><W2/><G2/><T104/><D73/><U26/><E38/><V103/><F21/><W49/><G28/><T112/><D33/><U63/><E26/><V59/><F79/><W110/><G110/><T127/><D127/><U10/><E44/><V56/><F52/><W108/><G108/><T18/><D104/><U27/><E27/><V81/><F81/><W4/><G17/><T1/><D106/><U58/><REACH who="1" step="1"/><E47/><REACH who="1" step="2"/><V14/><F14/><W89/><G15/><T43/><D3/><U117/><E117/><V111/><F111/><W54/><G54/><T131/><D131/><U129/><E129/><V83/><F83/><W32/><G82/><T74/><D74/><U105/><E105/><V62/><F62/><W96/><G49/><T72/><D72/><U65/><E65/><V57/><F57/><W41/><G41/><T77/><D1/><U11/><E11/><V70/><F70/><W75/><G75/><T46/><D112/><U6/><E6/><V132/><F135/><W115/><G7/><T25/><D5/><U67/><E67/><V29/><F29/><RYUUKYOKU ba="1,1" sc="156,-15,234,15,336,15,264,-15" hai1="10,13,19,24,30,34,55,58,63,90,93,100,102" hai2="56,59,85,86,87,92,103,132,133,134" /><INIT seed="6,2,1,2,5,30" ten="141,249,351,249" oya="2" hai0="132,131,63,102,26,66,42,92,68,22,33,80,2" hai1="118,69,28,51,77,50,122,61,129,99,88,128,36" hai2="48,70,79,78,86,9,100,98,47,44,55,74,105" hai3="65,40,45,104,20,72,34,54,46,83,84,43,38"/><V134/><F134/><W8/><G72/><T14/><D2/><U32/><E36/><V119/><F119/><W15/><G104/><T116/><D132/><U110/><E110/><V76/><F74/><W91/><G65/><T81/><D116/><U97/><E118/><V117/><F117/><W60/><G20/><T21/><D131/><U4/><E4/><V67/><F9/><W135/><G135/><T59/><D68/><U52/><E77/><V123/><F123/><W114/><G114/><T53/><D42/><U126/><E122/><V82/><REACH who="2" step="1"/><F44/><REACH who="2" step="2"/><W39/><G45/><T127/><D127/><U49/><E126/><V31/><F31/><W125/><G125/><T29/><D66/><U35/><E28/><V111/><F111/><W57/><G46/><T109/><D109/><U0/><E69/><V90/><F90/><W71/><G71/><T89/><D102/><U27/><E88/><V115/><F115/><W103/><G103/><T96/><D33/><N who="1" m="12875" /><E0/><V113/><F113/><W11/><G34/><T133/><D133/><U10/><E10/><V107/><F107/><W112/><G112/><T85/><D22/><U106/><E106/><V64/><F64/><W25/><G11/><T93/><D14/><U16/><E129/><V37/><F37/><W6/><G39/><T12/><D12/><U5/><E128/><V73/><F73/><W121/><G121/><T1/><D1/><U75/><E75/><V19/><F19/><W108/><G108/><T13/><D13/><U62/><E16/><V124/><F124/><W23/><G38/><T130/><D130/><RYUUKYOKU ba="2,2" sc="141,10,249,-30,341,10,249,10" hai0="21,26,29,53,59,63,80,81,85,89,92,93,96" hai2="47,48,55,67,70,76,78,79,82,86,98,100,105" hai3="6,8,15,23,25,40,43,54,57,60,83,84,91" /><INIT seed="6,3,2,2,5,22" ten="151,219,351,259" oya="2" hai0="95,60,64,6,88,133,58,81,124,122,55,73,13" hai1="84,34,56,3,108,10,31,104,132,2,20,109,14" hai2="11,102,21,33,24,89,87,19,52,93,74,46,117" hai3="5,123,92,63,129,50,69,134,66,43,40,67,62"/><V111/><F117/><W70/><G123/><T29/><D122/><U115/><E104/><V114/><F74/><W9/><G129/><T82/><D124/><U94/><E132/><V106/><F33/><W41/><G134/><T47/><D133/><U32/><E94/><V130/><F130/><W113/><G113/><T59/><D73/><U37/><E37/><V30/><F114/><W25/><G25/><T83/><D47/><U15/><E84/><V78/><F111/><W8/><G92/><T17/><D6/><U65/><E56/><V86/><F78/><W39/><G9/><T103/><D29/><U44/><E44/><V71/><F71/><W36/><REACH who="3" step="1"/><G50/><REACH who="3" step="2"/><N who="0" m="31095" /><D103/><U27/><E115/><V135/><F11/><W45/><G45/><T118/><D118/><U23/><E65/><V119/><F46/><W54/><G54/><T126/><D126/><U99/><E99/><V85/><F119/><W105/><G105/><T48/><D48/><U68/><E68/><V7/><F106/><W35/><G35/><N who="1" m="13354" /><E109/><V96/><F135/><W90/><G90/><T79/><D79/><U120/><E120/><V53/><F53/><W131/><G131/><T80/><D80/><U107/><E107/><V125/><F52/><W91/><G91/><T101/><D101/><U0/><E108/><V51/><F51/><W97/><G97/><N who="0" m="57575" /><D83/><U49/><E49/><V75/><F125/><W4/><G4/><T128/><D128/><U76/><E76/><V12/><F7/><W1/><AGARI ba="3,3" hai="1,5,8,36,39,40,41,43,62,63,66,67,69,70" machi="1" ten="30,4000,0" yaku="1,1,0,1,9,1,53,0" doraHai="22" doraHaiUra="127" who="3" fromWho="3" sc="151,-13,219,-13,351,-23,249,79" /><INIT seed="7,0,0,0,0,86" ten="138,206,328,328" oya="3" hai0="99,18,39,30,50,8,96,61,62,58,15,97,81" hai1="60,110,135,46,31,88,84,120,87,6,13,38,112" hai2="29,114,0,129,109,21,2,67,43,83,130,78,55" hai3="25,95,42,48,12,17,123,76,33,7,19,44,11"/><W82/><G123/><T126/><D39/><U56/><E120/><V40/><F109/><W66/><G66/><T91/><D126/><U47/><E110/><V49/><F114/><W32/><G95/><T51/><D30/><U36/><E112/><V115/><F67/><W54/><G33/><T94/><D61/><U134/><E6/><V73/><F115/><W22/><G32/><T98/><REACH who="0" step="1"/><D81/><REACH who="0" step="2"/><U79/><E31/><V90/><F29/><W5/><G42/><T133/><D133/><U59/><E60/><V121/><F43/><W127/><G127/><T1/><D1/><U113/><E113/><V85/><F40/><W9/><G9/><T35/><D35/><U111/><E111/><V16/><F2/><W93/><G93/><T89/><D89/><U37/><E79/><V92/><F0/><W107/><G107/><T119/><D119/><U20/><E20/><V3/><F3/><W10/><G10/><T24/><D24/><U70/><E13/><V27/><F121/><W71/><G71/><T4/><D4/><U45/><E70/><V104/><F104/><W103/><G103/><T57/><D57/><U63/><E63/><V77/><F77/><W14/><G25/><T72/><D72/><AGARI ba="0,1" hai="5,7,11,12,14,17,19,22,44,48,54,72,76,82" machi="72" ten="30,1500,0" yaku="7,1" doraHai="86" who="3" fromWho="0" sc="128,-15,206,0,328,0,328,25" owari="113,-39,206,-19,328,13,353,45" /></mjloggm>