<mjloggm ver="2.3"><GO type="193"/><UN n0="%E3%81%AF%E3%81%93%E3%82%8A%E4%BA%8C%E9%83%8E" n1="%28%28%69%29%29%E3%81%8F%E3%81%B1%E3%81%81" n2="%E3%81%A4%E3%81%B0%E3%82%81" n3="%E3%82%A6%E3%83%AB%E3%83%88%E3%83%A9%E7%AB%8B%E7%9B%B4" dan="12,12,13,12" rate="1771,1688,1712,1863" sx="M,F,M,M"/><TAIKYOKU oya="0"/><INIT seed="0,0,0,5,1,0" ten="250,250,250,250" oya="0" hai0="20,110,68,78,29,50,6,74,132,71,130,69,112" hai1="9,80,21,75,22,47,48,66,81,37,18,115,7" hai2="3,100,39,25,61,53,87,34,70,28,15,65,131" hai3="23,56,135,95,85,126,91,51,125,13,102,101,42" shuffle="mt19937ar,4C4A12FB,9E443C4D,7A2AFD93,071C6B41,457CD5BF,F211AA53,D3EC147F,44F5A3D9"/><T116/><D78/><U19/><E115/><V26/><F3/><W94/><G94/><T89/><BYE who="3" /><D112/><U46/><E37/><V88/><F39/><W67/><G67/><T63/><D74/><U24/><E75/><V128/><F100/><W12/><G12/><T31/><D116/><UN n3="%E3%82%A6%E3%83%AB%E3%83%88%E3%83%A9%E7%AB%8B%E7%9B%B4" /><U133/><E133/><V96/><F96/><W129/><G129/><N who="2" m="49737" /><F25/><W17/><G135/><T114/><D132/><U107/><E66/><V1/><F1/><W33/><G33/><T117/><D117/><U99/><E107/><V90/><F53/><W2/><G2/><T27/><D114/><U127/><E127/><V58/><F15/><W4/><G4/><T113/><D130/><U124/><E124/><N who="3" m="47722" /><G42/><T30/><D113/><U32/><E32/><V119/><F119/><W55/><AGARI ba="0,0" hai="13,17,23,51,55,56,85,91,95,101,102" m="47722" machi="55" ten="30,2000,0" yaku="25,1,18,1" doraHai="0" who="3" fromWho="3" sc="250,-10,250,-5,250,-5,250,20" /><INIT seed="1,0,0,0,1,75" ten="240,245,245,270" oya="1" hai0="36,10,34,105,113,70,83,16,114,95,26,102,109" hai1="106,64,127,24,85,47,116,17,32,84,51,60,118" hai2="89,9,86,0,2,94,15,88,71,92,93,40,49" hai3="12,55,21,35,77,22,23,124,110,52,103,82,108" shuffle="mt19937ar,00100209,B1A853C7,3483E7EC,43B8D23C,80594272,60F3B34C,5819B5F7,2731EAB6"/><U76/><E106/><V1/><F71/><W50/><G35/><T104/><D70/><U129/><E129/><V87/><F94/><W101/><G12/><T135/><D36/><U96/><E32/><V39/><F39/><W90/><G90/><T20/><D135/><U133/><E133/><V69/><F69/><W74/><G124/><T98/><D109/><N who="3" m="42089" /><G55/><T62/><D62/><U58/><E127/><V45/><REACH who="2" step="1"/><F2/><REACH who="2" step="2"/><W33/><G33/><T13/><D105/><U61/><E118/><V31/><F31/><W4/><G4/><AGARI ba="0,1" hai="0,1,4,9,15,40,45,49,86,87,88,89,92,93" machi="4" ten="30,8000,1" yaku="1,1,7,1,9,1,54,1,53,1" doraHai="75" doraHaiUra="38" who="2" fromWho="3" sc="240,0,245,0,235,90,270,-80" /><INIT seed="2,0,0,4,0,82" ten="240,245,325,190" oya="2" hai0="45,67,51,85,104,111,121,40,75,32,84,56,74" hai1="79,107,10,26,109,34,89,41,9,64,112,62,43" hai2="92,96,114,29,42,14,17,55,37,13,122,106,38" hai3="59,54,105,15,7,8,124,3,113,81,47,57,98" shuffle="mt19937ar,F62796EC,E5A457D7,1E2430F4,8222725E,13221586,A1871EDC,82C883EF,CD7842C0"/><V108/><F122/><W12/><G113/><T76/><D121/><U21/><E112/><V103/><F114/><W53/><G124/><T117/><D104/><U11/><E109/><V71/><F71/><W27/><G105/><T70/><D32/><U91/><E107/><V78/><F29/><W60/><G98/><T80/><D70/><U65/><E79/><V134/><F108/><W36/><G36/><T72/><D111/><U97/><E34/><V63/><F106/><W22/><G47/><T16/><D117/><U39/><E39/><V0/><F0/><W33/><G33/><T50/><D67/><N who="1" m="25675" /><E62/><V48/><F78/><W128/><G128/><T118/><D118/><U31/><E97/><V83/><F83/><W119/><G119/><T6/><D6/><U132/><E132/><V135/><F63/><W87/><G54/><T28/><D28/><U69/><E69/><V99/><F96/><W35/><G59/><T93/><D56/><U77/><E77/><V5/><F42/><W100/><G35/><T61/><D61/><U120/><E120/><V133/><F5/><W44/><G44/><T66/><D66/><U18/><E31/><V110/><F110/><W2/><G100/><T115/><D115/><U130/><E130/><V46/><F14/><W127/><G127/><T73/><D93/><U30/><E30/><V52/><F55/><W58/><G58/><T125/><D125/><U102/><E102/><V24/><F24/><W131/><G131/><T116/><D116/><U88/><AGARI ba="0,0" hai="9,10,11,18,21,26,41,43,88,89,91" m="25675" machi="88" ten="40,2700,0" yaku="8,1,54,1" doraHai="82" who="1" fromWho="1" sc="240,-7,245,27,325,-13,190,-7" /><INIT seed="3,0,0,5,2,61" ten="233,272,312,183" oya="3" hai0="44,59,96,64,24,12,45,83,127,28,135,91,81" hai1="63,62,20,75,43,111,35,5,47,105,50,8,100" hai2="126,17,34,77,66,57,69,32,68,133,99,49,51" hai3="11,130,40,13,7,1,106,95,89,112,52,110,14" shuffle="mt19937ar,1080E7B9,354B8965,F6502426,ACBA7683,45B99D2B,1DA2A7FA,D4A2C4B7,AF448A38"/><W56/><G106/><T72/><D135/><U67/><E111/><V108/><F77/><W0/><G112/><T98/><D127/><U116/><E35/><V6/><F6/><W46/><G110/><T80/><D72/><U48/><E116/><V19/><F19/><BYE who="2" /><W27/><G130/><T29/><D12/><U39/><E75/><V2/><F2/><W90/><G27/><T101/><D91/><U15/><E105/><V107/><F107/><W92/><G1/><T21/><D29/><U117/><E117/><V22/><F22/><W54/><G0/><T109/><D109/><U25/><E100/><V134/><F134/><W30/><G30/><T42/><D42/><U84/><E84/><V37/><F37/><W58/><G40/><T3/><D3/><U128/><E128/><V123/><F123/><W114/><G114/><T120/><D120/><U9/><E9/><V53/><F53/><W18/><G46/><T125/><D98/><U118/><E118/><V23/><F23/><W70/><G70/><T41/><D125/><U122/><E62/><V33/><F33/><W115/><G115/><T79/><D41/><U86/><E122/><V65/><F65/><W132/><G132/><T31/><D31/><U88/><E25/><V55/><F55/><N who="3" m="21035" /><G89/><T36/><D36/><U4/><E4/><V85/><F85/><N who="3" m="52303" /><G95/><T119/><D119/><U129/><E129/><V76/><F76/><W60/><G60/><N who="0" m="37919" /><D79/><U131/><E131/><V73/><F73/><W124/><G124/><T16/><D28/><U74/><E74/><V71/><F71/><W102/><G102/><RYUUKYOKU ba="0,0" sc="233,15,272,-15,312,-15,183,15" hai0="16,21,24,44,45,80,81,83,96,101" hai3="7,11,13,14,18,56,58" /><INIT seed="3,1,0,3,5,101" ten="248,257,297,198" oya="3" hai0="95,113,32,111,23,91,131,38,110,59,34,28,69" hai1="77,7,40,102,66,132,117,85,13,19,20,79,94" hai2="108,106,9,70,0,54,74,112,8,12,73,129,127" hai3="104,81,119,53,6,128,15,1,25,99,107,97,48" shuffle="mt19937ar,63489ED1,7BF4D95B,6B0E6EEF,EAD354CB,08DA3B9C,22B7B080,8578E0FF,28ADC50E"/><W83/><G119/><T120/><D120/><U105/><E132/><V37/><F37/><W5/><G1/><T11/><D38/><U114/><E114/><V16/><F16/><W115/><G115/><T121/><D69/><U17/><E117/><V58/><F58/><W57/><G128/><T46/><D121/><U100/><E105/><V126/><F126/><W93/><G25/><T89/><D113/><U3/><E3/><V22/><F22/><W31/><G31/><T2/><D131/><U14/><E66/><V124/><F124/><W68/><G68/><T133/><D133/><U24/><E40/><V45/><F45/><W88/><G15/><T63/><D46/><U61/><E7/><V18/><F18/><W67/><G67/><T27/><D89/><U29/><E61/><V103/><F103/><W30/><G30/><T47/><D2/><U78/><E94/><V76/><F76/><W42/><G42/><T98/><D47/><U33/><REACH who="1" step="1"/><E85/><REACH who="1" step="2"/><V55/><F55/><W51/><G51/><T64/><REACH who="0" step="1"/><D11/><AGARI ba="1,1" hai="11,13,14,17,19,20,24,29,33,77,78,79,100,102" machi="11" ten="40,2600,0" yaku="1,1,2,1,53,0" doraHai="101" doraHaiUra="41" who="1" fromWho="0" sc="248,-29,247,39,297,0,198,0" /><INIT seed="4,0,0,3,0,106" ten="219,286,297,198" oya="0" hai0="125,115,89,14,110,82,112,12,27,77,17,53,71" hai1="108,60,134,39,97,7,96,117,103,6,120,61,135" hai2="56,133,58,2,25,78,36,30,32,69,34,67,0" hai3="18,91,109,16,68,127,43,129,118,92,94,131,63" shuffle="mt19937ar,D1064729,B40B92BF,F938073E,A85BE994,0D0DFA31,D703CE0C,A1A1919D,D6977D74"/><T107/><D71/><U26/><E120/><V105/><F105/><W74/><G118/><T40/><D107/><U95/><E117/><V28/><F28/><W88/><G43/><T48/><D40/><U98/><E103/><V75/><F75/><W57/><G68/><T113/><D125/><U81/><E95/><V121/><F121/><W42/><G42/><T72/><D110/><U80/><E108/><V101/><F101/><W99/><G109/><T104/><D104/><U4/><E26/><V102/><F102/><W33/><G33/><T49/><D89/><U119/><E39/><V86/><F86/><W3/><G3/><T59/><REACH who="0" step="1"/><D49/><REACH who="0" step="2"/><U9/><E119/><V128/><F128/><N who="3" m="49227" /><G127/><T52/><D52/><U64/><E64/><V29/><F29/><W93/><G74/><T5/><D5/><U24/><E24/><V22/><F22/><AGARI ba="0,1" hai="12,14,17,22,27,48,53,59,72,77,82,112,113,115" machi="22" ten="40,12000,1" yaku="1,1,15,1,52,1,53,2" doraHai="106" doraHaiUra="11" who="0" fromWho="2" sc="209,130,286,0,297,-120,198,0" owari="339,33,286,4,177,-22,198,-15" /></mjloggm>