<mjloggm ver="2.3"><GO type="97"/><UN n0="%E6%9C%88%E5%B2%A1%E6%B4%A5%E5%8D%97" n1="%E3%81%AA%E3%82%81%E3%81%91" n2="%E3%82%A6%E3%83%AB%E3%83%88%E3%83%A9%E7%AB%8B%E7%9B%B4" n3="%EF%BC%A7%EF%BC%A1%EF%BC%B4%EF%BC%B3%EF%BC%A2%EF%BC%B9%EF%BC%8D%E6%94%B9" dan="13,14,13,15" rate="1873,1894,1825,1912" sx="M,M,M,M"/><TAIKYOKU oya="0"/><INIT seed="0,0,0,5,3,38" ten="250,250,250,250" oya="0" hai0="85,31,59,77,74,67,101,48,94,129,111,80,14" hai1="49,50,26,99,78,116,119,123,60,6,21,3,75" hai2="29,124,15,118,110,107,83,47,10,42,45,8,106" hai3="88,25,90,130,100,36,20,72,23,58,103,76,53"/><T40/><D67/><U57/><E123/><V115/><F115/><W93/><G130/><T56/><D129/><U63/><E75/><V44/><F29/><W69/><G36/><T82/><D31/><U28/><E78/><V125/><F118/><W71/><G69/><T102/><D111/><U2/><E50/><V55/><F83/><W61/><G71/><T54/><D59/><U46/><E99/><V122/><F55/><W18/><G72/><T112/><D112/><U89/><E89/><V95/><F95/><W1/><G76/><T0/><D94/><U131/><E131/><V134/><F15/><N who="3" m="9311" /><G1/><T70/><D0/><U34/><E34/><V65/><F65/><W52/><G53/><T126/><D70/><U97/><E97/><V12/><F110/><W39/><G39/><T87/><D101/><N who="3" m="38985" /><G93/><T96/><D102/><U35/><E35/><V132/><F47/><W133/><G133/><T19/><D96/><U11/><E3/><V13/><F122/><W5/><G5/><T84/><D77/><U33/><E33/><V108/><F108/><W22/><G22/><T113/><D74/><U120/><E120/><V16/><F16/><AGARI ba="0,0" hai="16,23,25,52,58,61,88,90" m="38985,9311" machi="16" ten="30,7700,0" yaku="8,1,54,3" doraHai="38" who="3" fromWho="2" sc="250,0,250,0,250,-77,250,77" /><INIT seed="1,0,0,1,0,14" ten="250,250,173,327" oya="1" hai0="120,107,4,39,113,30,56,40,19,96,51,98,84" hai1="36,125,46,50,100,132,18,71,88,73,85,58,5" hai2="38,31,48,128,79,63,109,110,126,27,22,103,6" hai3="17,118,41,77,20,75,101,2,129,7,82,134,53"/><U78/><E71/><V106/><F38/><W99/><G129/><T45/><D113/><U122/><E36/><V28/><F63/><W124/><G134/><T72/><D4/><U15/><E100/><V23/><F79/><W13/><G124/><T90/><D72/><U108/><E5/><V76/><F76/><W57/><G41/><T64/><D30/><U52/><E78/><V62/><F62/><W112/><G112/><T83/><D107/><U9/><E73/><V43/><F48/><W105/><G118/><T55/><D64/><U117/><E117/><V1/><F43/><W127/><G127/><T8/><D120/><U93/><E125/><V94/><F94/><W86/><G2/><T119/><D119/><U54/><E122/><V21/><F126/><W87/><REACH who="3" step="1"/><G7/><REACH who="3" step="2"/><T89/><D89/><U69/><E132/><V10/><F103/><W42/><G42/><T44/><D44/><U47/><E108/><N who="2" m="41579" /><F106/><W123/><G123/><T131/><D131/><U104/><E69/><V80/><F128/><W34/><G34/><T25/><D8/><U16/><E104/><V65/><F31/><W116/><G116/><T61/><D39/><U11/><E54/><V32/><F65/><W66/><G66/><T24/><D24/><U114/><E114/><V97/><F80/><W115/><G115/><T49/><D49/><AGARI ba="0,1" hai="13,17,20,49,53,57,75,77,82,86,87,99,101,105" machi="49" ten="30,3900,0" yaku="1,1,7,1,52,1,53,0" doraHai="14" doraHaiUra="33" who="3" fromWho="0" sc="250,-39,250,0,173,0,317,49" /><INIT seed="2,0,0,5,2,6" ten="211,250,173,366" oya="2" hai0="106,14,41,47,53,17,10,24,57,87,85,90,80" hai1="46,45,56,115,129,131,11,13,76,65,117,102,98" hai2="16,92,83,103,124,72,84,67,101,77,18,38,48" hai3="93,94,25,109,0,50,91,63,64,82,7,69,36"/><V107/><F38/><W130/><G36/><T39/><D106/><U42/><E76/><V9/><F67/><W34/><G130/><N who="1" m="49674" /><E117/><V31/><F31/><W116/><G116/><T43/><D43/><U66/><E115/><V74/><F124/><W20/><G109/><T71/><D71/><U81/><E81/><V59/><F74/><W99/><G34/><T121/><D121/><U60/><E65/><V114/><F72/><W61/><G82/><T55/><D24/><U134/><E42/><V100/><F107/><W110/><G110/><T95/><REACH who="0" step="1"/><D57/><REACH who="0" step="2"/><U96/><E134/><V35/><F114/><W122/><G122/><T33/><D33/><U112/><E112/><V32/><F35/><W52/><G69/><T12/><D12/><U19/><E98/><N who="2" m="59463" /><F32/><W21/><G99/><T27/><D27/><U128/><E128/><V3/><F3/><W73/><G0/><T127/><D127/><U111/><E111/><V68/><F68/><W37/><G25/><T113/><D113/><U133/><E133/><V105/><F105/><AGARI ba="0,1" hai="11,13,19,45,46,56,60,66,96,102,105" m="49674" machi="105" ten="30,2000,0" yaku="19,1,52,1" doraHai="6" who="1" fromWho="2" sc="201,0,250,30,173,-20,366,0" /><INIT seed="3,0,0,3,0,39" ten="201,280,153,366" oya="3" hai0="51,60,42,23,62,78,87,97,22,27,47,41,33" hai1="92,91,86,117,35,20,106,88,84,21,7,65,114" hai2="126,54,18,50,121,43,132,2,118,93,102,75,32" hai3="82,122,89,25,11,40,57,100,55,29,107,26,124"/><W64/><G122/><T96/><D33/><U123/><E123/><V49/><F2/><W69/><G69/><T24/><D78/><U13/><E106/><V94/><F32/><W127/><G55/><N who="0" m="30207" /><D87/><U53/><E35/><V119/><F75/><W37/><G26/><N who="0" m="9771" /><D96/><U10/><E65/><V67/><F121/><W81/><G100/><T5/><D5/><U61/><E114/><V4/><F4/><W103/><G103/><T12/><D97/><U48/><E61/><N who="0" m="23657" /><D12/><U130/><E117/><V135/><F18/><W134/><G11/><T104/><D104/><U115/><E115/><V58/><F102/><W46/><G107/><T38/><D38/><U30/><E30/><V8/><F8/><W83/><G29/><T73/><D73/><U77/><E77/><V112/><F112/><W36/><G36/><T125/><D125/><U120/><E120/><V113/><F113/><W74/><G37/><T66/><D66/><U9/><E9/><V129/><F67/><W108/><G74/><T19/><D19/><U45/><E130/><V56/><F54/><W0/><G64/><T110/><D110/><U109/><E109/><V14/><F14/><W15/><G15/><T16/><D16/><U63/><E63/><V133/><F133/><W79/><G0/><T85/><D85/><U95/><AGARI ba="0,0" hai="7,10,13,20,21,45,48,53,84,86,88,91,92,95" machi="95" ten="20,8000,1" yaku="0,1,7,1,9,1,8,1,54,1" doraHai="39" who="1" fromWho="1" sc="201,-20,280,80,153,-20,366,-40" owari="181,-17,360,36,133,-27,326,8" /></mjloggm>