<mjloggm ver="2.3"><GO type="97"/><UN n0="%E6%A1%9C%E7%94%B0%E3%83%95%E3%82%A1%E3%83%9F%E3%83%AA%E3%82%A2" n1="%4D%6F%6E%6F%63%68%72%6F" n2="%E3%82%A6%E3%83%AB%E3%83%88%E3%83%A9%E7%AB%8B%E7%9B%B4" n3="%E6%AF%98%E6%B2%99%E9%96%80%EF%BC%92%EF%BC%91" dan="15,14,13,15" rate="1948,1978,1860,1979" sx="M,M,M,M"/><TAIKYOKU oya="0"/><INIT seed="0,0,0,0,5,17" ten="250,250,250,250" oya="0" hai0="62,21,4,29,126,23,111,58,99,15,84,120,129" hai1="10,47,130,104,41,34,27,45,85,35,110,107,19" hai2="87,83,93,117,12,103,57,44,26,40,97,101,91" hai3="60,124,77,66,32,51,115,56,80,105,38,135,122" shuffle="mt19937ar,BA18EFCC,229EF7B2,4467E69A,B247DCE1,1150E56F,A772026D,E6288307,77394BB9"/><T36/><D120/><U108/><E130/><V88/><F117/><W30/><G115/><T69/><D36/><U127/><E127/><V131/><F131/><W75/><G38/><T86/><D129/><U22/><E85/><N who="0" m="32873" /><D69/><U76/><E76/><V8/><F26/><W65/><G124/><T68/><D68/><U9/><E19/><V102/><F57/><W133/><G122/><T2/><D2/><U46/><E41/><V100/><F100/><W72/><G105/><N who="1" m="40522" /><E27/><V25/><F25/><W24/><G75/><T73/><D73/><U37/><E22/><N who="0" m="8201" /><D126/><U90/><E90/><V11/><F12/><W89/><G135/><T96/><D29/><U61/><E61/><V6/><F6/><W31/><G133/><T123/><D123/><U48/><E48/><AGARI ba="0,0" hai="8,11,40,44,48,83,87,88,91,93,97,101,102,103" machi="48" ten="40,2600,0" yaku="8,1,54,1" doraHai="17" who="2" fromWho="1" sc="250,0,250,-26,250,26,250,0" /><INIT seed="1,0,0,1,4,39" ten="250,224,276,250" oya="1" hai0="63,16,90,55,83,92,86,40,5,43,67,120,24" hai1="80,129,106,133,87,111,35,131,117,91,77,104,95" hai2="71,103,78,126,119,9,76,75,58,2,12,29,33" hai3="53,41,114,109,107,1,125,100,97,22,34,134,32" shuffle="mt19937ar,5C735C47,4B7EA702,9A7DD21C,5F228FAB,BA6694B5,076B3826,A82C97CF,AB47FDDE"/><U108/><E35/><V54/><F71/><W85/><G1/><T127/><D127/><U18/><E18/><V21/><F119/><W82/><G114/><T68/><D120/><U57/><E57/><V110/><F103/><W121/><G121/><T48/><D5/><U93/><E117/><V19/><F75/><W101/><G125/><T10/><D92/><N who="1" m="35403" /><E77/><V47/><F47/><W113/><G113/><T51/><D51/><U7/><E7/><N who="2" m="1271" /><F110/><N who="1" m="42025" /><E133/><V81/><F81/><W132/><G101/><T112/><D112/><U17/><E17/><V46/><F46/><W44/><G109/><T6/><D6/><U14/><E14/><V96/><F96/><W124/><G53/><T4/><D4/><U37/><E37/><V36/><F36/><W72/><G124/><T31/><D31/><U11/><E11/><V123/><F126/><W30/><G22/><T118/><D118/><U130/><AGARI ba="0,0" hai="80,87,91,104,106,129,130,131" m="42025,35403" machi="130" ten="40,12000,1" yaku="19,1,14,1,10,1,34,2" doraHai="39" who="1" fromWho="1" sc="250,-40,224,120,276,-40,250,-40" /><INIT seed="1,1,0,1,2,56" ten="210,344,236,210" oya="1" hai0="91,63,20,42,64,71,43,79,39,128,130,101,25" hai1="131,125,46,84,103,95,24,5,35,89,105,78,26" hai2="55,127,120,60,110,107,21,49,76,48,132,86,82" hai3="65,57,3,62,59,18,69,77,33,17,123,126,9" shuffle="mt19937ar,769CE670,71544A82,2614B3BE,698476D0,4C610F17,4F392B4A,4C210D87,4E836387"/><U118/><E118/><V7/><F107/><W58/><G33/><T50/><D101/><U97/><E131/><N who="0" m="50217" /><D79/><U54/><E125/><V85/><F120/><W83/><G123/><T81/><D39/><U61/><E35/><V74/><F132/><W87/><G126/><T15/><D15/><U47/><E5/><V80/><F110/><W109/><G109/><T31/><D50/><U133/><E133/><V92/><F74/><W0/><REACH who="3" step="1"/><G9/><REACH who="3" step="2"/><T99/><D99/><U13/><E13/><V111/><F127/><W73/><G73/><T67/><D67/><U19/><E78/><V104/><F111/><W11/><G11/><T72/><D72/><U93/><E105/><V68/><F104/><W116/><G116/><T28/><D20/><N who="1" m="13343" /><E26/><V117/><F117/><W102/><G102/><T122/><D25/><U8/><E8/><V88/><F21/><W113/><G113/><T94/><D122/><U115/><E115/><V36/><F76/><W27/><G27/><T90/><D64/><U66/><E66/><V14/><F14/><W30/><G30/><T23/><D28/><U114/><E114/><V32/><F32/><W40/><G40/><T106/><D31/><U96/><E84/><V37/><F85/><W41/><G41/><T98/><D42/><U4/><E4/><V29/><F7/><W38/><G38/><T45/><D43/><U22/><E22/><V16/><F37/><W129/><G129/><T10/><D23/><U112/><E112/><V100/><F36/><W134/><G134/><T75/><D10/><U52/><E54/><V34/><F55/><RYUUKYOKU ba="1,1" sc="210,-15,344,15,236,-15,200,15" hai1="46,47,52,61,89,93,95,96,97,103" hai3="0,3,17,18,57,58,59,62,65,69,77,83,87" /><INIT seed="1,2,1,5,0,3" ten="195,359,221,215" oya="1" hai0="33,81,14,64,88,103,82,46,96,132,61,97,99" hai1="38,52,108,75,116,42,66,124,91,6,69,45,32" hai2="1,11,85,68,51,105,101,0,37,7,57,9,109" hai3="16,50,13,36,30,22,128,71,125,89,73,112,95" shuffle="mt19937ar,F448AACF,5227E1C5,47459E83,4808948B,697F9D39,3382FC53,BA0E8DB7,E6D47C4F"/><U126/><E75/><V127/><F68/><W83/><G112/><T2/><D2/><U98/><E32/><V122/><F37/><W115/><G71/><T44/><D33/><U54/><E98/><V12/><F122/><W84/><G36/><T113/><D113/><U102/><E102/><V123/><F123/><W31/><G115/><T110/><D110/><U49/><E91/><V29/><F109/><W19/><G128/><T131/><D131/><U55/><E108/><V53/><F127/><N who="1" m="48681" /><E6/><V17/><F29/><W77/><G125/><T80/><D132/><U5/><E5/><V134/><F134/><W63/><G63/><T78/><D103/><U118/><E49/><V130/><F130/><W76/><G76/><T41/><D78/><U104/><E104/><V23/><F1/><W65/><G65/><T28/><D28/><U56/><E56/><V58/><F58/><W25/><REACH who="3" step="1"/><G50/><REACH who="3" step="2"/><N who="0" m="26895" /><D61/><AGARI ba="2,2" hai="38,42,45,52,54,55,61,66,69,116,118" m="48681" machi="61" ten="30,11600,0" yaku="18,1,34,2,54,1" doraHai="3" who="1" fromWho="0" sc="195,-122,359,142,221,0,205,0" /><INIT seed="1,3,0,5,4,8" ten="73,501,221,205" oya="1" hai0="70,16,5,82,133,129,22,112,32,54,37,109,75" hai1="45,20,91,24,84,79,77,38,47,55,49,51,83" hai2="36,14,85,113,27,3,102,88,4,63,81,104,127" hai3="34,135,106,80,119,78,62,40,132,52,57,99,108" shuffle="mt19937ar,34F0948F,F7253D9F,424C4F61,6E4E3B5A,50C4E902,9EDD6F26,B5E89AD8,F6F3D1EA"/><U90/><E38/><V28/><F36/><W94/><G34/><T73/><D54/><U131/><E131/><V53/><F3/><W121/><G106/><T74/><D82/><U48/><E79/><V124/><F104/><W33/><G121/><T10/><D37/><U12/><E12/><V41/><F41/><W93/><G33/><T64/><D112/><U69/><E69/><V130/><F102/><W15/><G40/><T76/><D76/><U21/><E51/><V123/><F123/><W29/><G29/><T6/><D129/><U65/><E65/><V61/><F130/><W11/><G119/><T50/><D133/><N who="3" m="51273" /><G108/><T96/><D109/><U72/><E72/><V103/><F113/><W17/><G99/><T31/><D96/><U105/><E105/><V111/><F111/><W89/><G89/><T110/><D110/><U66/><E66/><V35/><F103/><W2/><G2/><T46/><D64/><U25/><E25/><V39/><F39/><W98/><G98/><T126/><D70/><U30/><REACH who="1" step="1"/><E20/><REACH who="1" step="2"/><V26/><F26/><W116/><G116/><T43/><D75/><AGARI ba="3,1" hai="11,15,17,52,57,62,75,78,80,93,94" m="51273" machi="75" ten="30,3900,0" yaku="20,1,52,1,54,1" doraHai="8" who="3" fromWho="0" sc="73,-48,491,0,221,0,205,58" /><INIT seed="2,0,0,5,1,97" ten="25,491,221,263" oya="2" hai0="72,127,36,83,106,88,21,90,3,19,87,117,91" hai1="27,44,122,34,28,89,5,29,105,59,132,78,24" hai2="15,47,69,71,67,43,35,125,58,7,30,54,12" hai3="14,56,26,33,131,126,51,93,107,86,40,135,76" shuffle="mt19937ar,A0D2AA25,CAE6B77D,571FAEA1,67042D0D,56E24CF6,E247577A,70F7AC33,E92A6A9F"/><V120/><F120/><W102/><G107/><T25/><D117/><U99/><E122/><V79/><F79/><W128/><G135/><T64/><D127/><U65/><E132/><V121/><F121/><W41/><G126/><T20/><D36/><U0/><E78/><V123/><F123/><W63/><G14/><T11/><D64/><U50/><E5/><V104/><F125/><W73/><G73/><T77/><D106/><U112/><E0/><V8/><F104/><W103/><G76/><T2/><D2/><U45/><E112/><V48/><F69/><W108/><G108/><T4/><REACH who="0" step="1"/><D20/><REACH who="0" step="2"/><U70/><E70/><V37/><F35/><W9/><G33/><T6/><D6/><U38/><E38/><V80/><F30/><W118/><G118/><T68/><D68/><U111/><E65/><V55/><F55/><W18/><G131/><T49/><D49/><U98/><E111/><V110/><F110/><W66/><G51/><T133/><D133/><U22/><E105/><V113/><F113/><W46/><G128/><T17/><D17/><U53/><E98/><V31/><F31/><W129/><G129/><T60/><D60/><U42/><E42/><V130/><F130/><W124/><G41/><T116/><D116/><U61/><E50/><V95/><F67/><W52/><G124/><T32/><D32/><U74/><E74/><AGARI ba="0,1" hai="3,4,11,19,21,25,72,74,77,83,87,88,90,91" machi="74" ten="40,5200,0" yaku="1,1,54,1,53,1" doraHai="97" doraHaiUra="82" who="0" fromWho="1" sc="15,62,491,-52,221,0,263,0" /><INIT seed="3,0,0,5,0,123" ten="77,439,221,263" oya="3" hai0="114,33,63,94,47,24,87,30,103,42,65,7,18" hai1="26,102,29,67,125,48,31,66,93,104,57,11,6" hai2="21,115,69,8,32,58,3,54,134,53,99,84,12" hai3="20,128,90,60,120,92,50,34,68,111,129,71,122" shuffle="mt19937ar,BC9ED99C,838EE224,189EE06D,B4A760DE,38DF489A,CDF5FD0F,24AFA41F,F0FCB2A0"/><W23/><G34/><T17/><D114/><U89/><E104/><V130/><F32/><W96/><G50/><T39/><D87/><U59/><E125/><V126/><F69/><W0/><G0/><T116/><D116/><U37/><E102/><V101/><F115/><W35/><G35/><T78/><D78/><U40/><E37/><V133/><F126/><W82/><G82/><T1/><D1/><U72/><E72/><V112/><F112/><W91/><G60/><T108/><D108/><U13/><E40/><V100/><F130/><W61/><G61/><T106/><D94/><U121/><E121/><V86/><F3/><W76/><G76/><T73/><D7/><U10/><E10/><V98/><F21/><W16/><G92/><T45/><D45/><U2/><E2/><V110/><F58/><N who="1" m="22025" /><E48/><V43/><F8/><W135/><G135/><T124/><D124/><U49/><E49/><V109/><F12/><W27/><G27/><T118/><D118/><U25/><E25/><V46/><F46/><W127/><G127/><T44/><D44/><U41/><E41/><AGARI ba="0,0" hai="41,43,53,54,84,86,98,99,100,101,109,110,133,134" machi="41" ten="25,6400,0" yaku="22,2,52,2" doraHai="123" who="2" fromWho="1" sc="77,0,439,-64,221,64,263,0" owari="77,-32,375,37,285,4,263,-9" /></mjloggm>