<mjloggm ver="2.3"><GO type="41"/><UN n0="%E3%82%A6%E3%83%AB%E3%83%88%E3%83%A9%E7%AB%8B%E7%9B%B4" n1="%E5%AE%B6%E5%BA%AD%E6%95%99%E5%B8%AB" n2="%75%6C%74%72%61" n3="%6C%61%6E%31%32%33" dan="14,15,14,15" rate="1972,1925,1885,1926" sx="M,M,M,M"/><TAIKYOKU oya="0"/><INIT seed="0,0,0,3,3,42" ten="250,250,250,250" oya="0" hai0="100,56,88,44,45,96,102,50,20,43,126,112,113" hai1="116,23,59,26,103,125,60,111,115,6,24,55,77" hai2="135,25,49,93,37,134,79,16,65,87,4,33,106" hai3="95,51,76,14,120,104,62,54,57,5,78,127,67"/><T1/><D1/><U41/><E41/><V84/><F37/><W109/><G109/><T94/><D126/><U19/><E77/><V107/><F4/><W17/><G5/><T2/><D2/><U90/><E6/><V7/><F7/><W39/><G104/><T38/><D56/><U30/><E103/><V132/><F65/><W34/><G34/><T32/><D32/><U73/><E73/><V10/><F33/><W85/><G127/><T18/><D100/><U12/><E115/><V80/><F49/><W28/><G28/><T68/><D68/><U3/><E3/><V66/><F66/><W133/><G133/><T53/><D102/><U121/><E121/><V131/><F131/><W91/><G39/><T15/><AGARI ba="0,0" hai="15,18,20,38,43,44,45,50,53,88,94,96,112,113" machi="15" ten="20,12000,1" yaku="0,1,7,1,52,2,54,1" doraHai="42" who="0" fromWho="0" sc="250,120,250,-40,250,-40,250,-40" /><INIT seed="0,1,0,1,1,135" ten="370,210,210,210" oya="0" hai0="40,58,69,99,73,14,60,115,76,84,122,63,88" hai1="119,102,127,134,89,108,124,0,79,91,129,117,16" hai2="11,68,82,116,95,132,41,37,25,66,26,15,32" hai3="70,21,44,57,43,53,12,97,64,96,27,128,6"/><T123/><D115/><U67/><E67/><V92/><F116/><W31/><G128/><T52/><D40/><U2/><E79/><V100/><F132/><W104/><G12/><T33/><D33/><U48/><E102/><V65/><F68/><W71/><G6/><T18/><D99/><U107/><E107/><V30/><F37/><W61/><G104/><T10/><D73/><U24/><E108/><V74/><F41/><W50/><REACH who="3" step="1"/><G70/><REACH who="3" step="2"/><T54/><D69/><U110/><E110/><V81/><F15/><W131/><G131/><T113/><D113/><U72/><E129/><V130/><F26/><W34/><G34/><T109/><D109/><U83/><E134/><V120/><F130/><W19/><G19/><T55/><D18/><U62/><E16/><V98/><F120/><W7/><G7/><T39/><D14/><U103/><E24/><V38/><F25/><W90/><G90/><T126/><D122/><U3/><E91/><V22/><F30/><W87/><G87/><T133/><D88/><U20/><E89/><V56/><F32/><W75/><G75/><T111/><D84/><U36/><E72/><V35/><F74/><W114/><G114/><T94/><D123/><U106/><E117/><V42/><F35/><W9/><G9/><T23/><D10/><U93/><E119/><V49/><F11/><W85/><G85/><T80/><D133/><U47/><E106/><V86/><F86/><W77/><G77/><T112/><D76/><U28/><E0/><V1/><F1/><W45/><G45/><T5/><D112/><U105/><E2/><RYUUKYOKU ba="1,1" sc="370,-10,210,-10,210,-10,200,30" hai3="21,27,31,43,44,50,53,57,61,64,71,96,97" /><INIT seed="1,2,1,4,0,53" ten="360,200,200,230" oya="1" hai0="91,26,84,49,70,10,32,13,27,4,41,131,35" hai1="21,51,98,46,113,66,61,121,45,125,28,79,50" hai2="69,103,130,38,81,90,24,128,5,43,75,47,93" hai3="58,124,62,7,9,120,44,56,57,65,31,126,99"/><U115/><E79/><V64/><F24/><W12/><G120/><T30/><D70/><U33/><E33/><V25/><F103/><W86/><G31/><T127/><D127/><N who="3" m="48681" /><G44/><T1/><D131/><N who="2" m="50218" /><F5/><W11/><G99/><T67/><D67/><U119/><E121/><V133/><F25/><W76/><G9/><T117/><D117/><U14/><E119/><V88/><F133/><W40/><G40/><T17/><D49/><U114/><E125/><V102/><F69/><W111/><G111/><T29/><D41/><U78/><E98/><N who="2" m="59727" /><F64/><W48/><G48/><T116/><D116/><U87/><E28/><V54/><F75/><W63/><G65/><T73/><D73/><U112/><E45/><V129/><F129/><W39/><G39/><T80/><D17/><U72/><E46/><N who="2" m="23927" /><F81/><AGARI ba="2,1" hai="7,11,12,56,57,58,62,63,76,81,86" m="48681" machi="81" ten="30,7700,0" yaku="18,1,52,3" doraHai="53" who="3" fromWho="2" sc="360,0,200,0,200,-83,230,93" /><INIT seed="2,0,0,4,2,46" ten="360,200,117,323" oya="2" hai0="81,42,70,3,56,127,38,72,114,31,71,57,108" hai1="97,20,8,107,120,117,35,16,25,132,67,96,64" hai2="122,83,116,63,47,98,87,135,5,77,82,18,101" hai3="69,22,104,84,61,13,126,34,32,113,17,43,40"/><V103/><F122/><W65/><G113/><T68/><D31/><U44/><E120/><V58/><F116/><W130/><G130/><T78/><D114/><U7/><E107/><V14/><F135/><W110/><G110/><T131/><D57/><U37/><E117/><V121/><F121/><W19/><G104/><T41/><D56/><U109/><E109/><V105/><F5/><W28/><G84/><T100/><D41/><U79/><E79/><V39/><F103/><W55/><G126/><T125/><D100/><U36/><E132/><V59/><F39/><W33/><G28/><T9/><D108/><U48/><E36/><V92/><F105/><W21/><REACH who="3" step="1"/><G55/><REACH who="3" step="2"/><T6/><D131/><U0/><E35/><V85/><F47/><AGARI ba="0,1" hai="3,6,9,38,42,47,68,70,71,72,78,81,125,127" machi="47" ten="50,8000,1" yaku="25,2,23,2" doraHai="46" who="0" fromWho="2" sc="360,90,200,0,117,-80,313,0" /><INIT seed="3,0,0,4,0,82" ten="450,200,37,313" oya="3" hai0="59,110,129,72,21,14,94,95,112,117,57,113,79" hai1="17,32,75,33,45,18,84,50,46,66,128,131,29" hai2="68,119,130,0,25,86,36,115,65,108,132,38,109" hai3="114,20,11,4,96,103,120,30,121,41,89,55,101"/><W123/><G114/><N who="0" m="44139" /><D117/><U3/><E3/><V76/><F25/><W48/><G41/><T23/><D110/><N who="2" m="42602" /><F115/><W58/><G30/><T13/><D129/><N who="1" m="49739" /><E75/><V27/><F27/><W28/><G28/><T64/><D72/><U51/><E66/><V106/><F119/><W10/><G20/><T53/><D79/><U81/><E29/><V26/><F130/><W24/><G24/><T40/><D40/><U22/><E17/><V44/><F26/><W63/><G63/><N who="0" m="37999" /><D13/><N who="1" m="9551" /><E51/><V135/><F106/><W52/><G55/><T93/><D14/><U111/><E111/><V43/><F0/><W12/><G10/><T74/><D74/><U134/><E134/><N who="2" m="51243" /><F76/><W97/><REACH who="3" step="1"/><G89/><REACH who="3" step="2"/><T6/><D6/><U42/><E45/><V99/><F99/><AGARI ba="0,1" hai="4,11,12,48,52,58,96,97,99,101,103,120,121,123" machi="99" ten="40,12000,1" yaku="1,1,2,1,54,1,53,1" doraHai="82" doraHaiUra="5" who="3" fromWho="2" sc="450,0,200,0,37,-120,303,130" owari="450,55,200,-20,-83,-58,433,23" /></mjloggm>