<mjloggm ver="2.3"><GO type="97"/><UN n0="%6B%61%7A%75%33%31%33" n1="%30%39%37%35%32%31" n2="%E3%82%A6%E3%83%AB%E3%83%88%E3%83%A9%E7%AB%8B%E7%9B%B4" n3="%73%74%65%70%61%79%75" dan="13,14,13,15" rate="1820,1949,1863,1940" sx="M,M,M,M"/><TAIKYOKU oya="0"/><INIT seed="0,0,0,1,0,34" ten="250,250,250,250" oya="0" hai0="103,14,6,133,119,74,59,93,72,33,111,120,56" hai1="43,58,21,99,83,77,55,86,115,79,108,126,9" hai2="5,48,3,68,71,131,2,31,22,26,107,0,101" hai3="128,94,25,124,113,105,112,1,73,13,10,54,89" shuffle="mt19937ar,7A3CA791,5AD269FA,5E9D40B2,990C0113,F042219A,DE45EE48,C397944F,2EDD32C9"/><T90/><D119/><U47/><E108/><V30/><F71/><W122/><G73/><T35/><D120/><U81/><E126/><V132/><F68/><W24/><G122/><T134/><D103/><U37/><E115/><V20/><F101/><W41/><G41/><T116/><D116/><U91/><E99/><V32/><F107/><W44/><G124/><T67/><D67/><U36/><E21/><V114/><F48/><W50/><G105/><T135/><D111/><U80/><E37/><V23/><F114/><W104/><G104/><T63/><D14/><U12/><E91/><V62/><F62/><W96/><G128/><T75/><D6/><U110/><E110/><V66/><F66/><W51/><G51/><T82/><D82/><U102/><E102/><V4/><F131/><W19/><G1/><T64/><REACH who="0" step="1"/><D56/><REACH who="0" step="2"/><U88/><E79/><V109/><F109/><W45/><G113/><T121/><D121/><U84/><E77/><V95/><F132/><W70/><G112/><T11/><D11/><U42/><E83/><V61/><F95/><W92/><G70/><T8/><D8/><U85/><E81/><V130/><F130/><W28/><G92/><T123/><D123/><U15/><E58/><V117/><F117/><W98/><G98/><AGARI ba="0,1" hai="33,35,59,63,64,72,74,75,90,93,98,133,134,135" machi="98" ten="50,9600,0" yaku="1,1,20,1,53,1" doraHai="34" doraHaiUra="60" who="0" fromWho="3" sc="240,106,250,0,250,0,250,-96" /><INIT seed="0,1,0,1,0,82" ten="346,250,250,154" oya="0" hai0="101,97,66,5,111,79,21,123,31,74,12,128,51" hai1="119,58,83,133,71,36,2,84,37,20,112,7,81" hai2="14,98,1,25,64,52,40,30,18,94,39,132,106" hai3="114,65,10,104,96,11,103,127,42,125,122,134,86" shuffle="mt19937ar,6C231C5C,A0DD2241,4FC7702F,E6156588,4D1DE4AB,65683DCC,65D12E4F,FC78295D"/><T73/><D123/><U70/><E119/><V29/><F1/><W121/><G42/><T87/><D128/><U8/><E133/><V72/><F72/><W90/><G65/><T118/><D118/><U47/><E112/><V38/><F106/><W28/><G28/><T109/><D66/><U85/><E58/><V105/><F105/><W93/><G10/><N who="0" m="4175" /><D51/><U26/><E71/><V120/><F120/><N who="3" m="46187" /><G11/><T91/><D79/><U63/><E63/><V16/><F132/><W100/><G134/><T60/><D60/><U56/><E56/><V89/><F64/><W6/><G6/><T22/><D31/><U130/><E130/><V61/><F40/><W135/><G135/><T68/><D68/><U129/><E129/><V50/><F39/><W67/><G67/><T80/><D97/><U116/><E116/><V27/><F38/><W69/><G69/><T55/><D55/><U33/><E33/><V99/><F99/><N who="3" m="61471" /><G114/><T43/><D101/><U126/><E70/><V54/><F61/><W4/><G4/><T117/><D43/><U110/><E47/><N who="2" m="27743" /><F54/><W23/><G23/><N who="0" m="8715" /><D117/><U3/><E37/><V46/><F46/><W77/><G77/><T32/><D32/><U19/><E36/><V92/><F30/><W88/><G90/><T57/><D57/><U17/><E2/><V62/><F29/><W13/><G13/><T0/><D0/><U45/><E3/><V131/><F62/><W9/><G9/><T107/><D107/><AGARI ba="1,0" hai="86,88,93,96,103,107,125,127" m="61471,46187" machi="107" ten="30,8000,1" yaku="13,1,34,2,52,1,54,1" doraHai="82" who="3" fromWho="0" sc="346,-83,250,0,250,0,154,83" /><INIT seed="1,0,0,5,5,12" ten="263,250,250,237" oya="1" hai0="21,119,98,103,19,0,18,100,134,58,69,74,124" hai1="135,31,29,32,95,82,47,133,116,49,41,20,50" hai2="52,17,64,86,81,11,87,43,56,105,111,120,53" hai3="35,28,102,16,38,27,40,51,96,125,71,3,6" shuffle="mt19937ar,AFA56FC3,E78C2E45,6FD58F94,70CA43E5,8B4C36AD,F8DD5707,BD59D8E2,9DBEC074"/><U66/><E116/><V94/><F105/><W78/><G78/><T110/><D119/><U62/><E32/><V114/><F120/><W101/><G125/><T61/><D74/><U93/><E82/><V67/><F43/><W132/><G132/><N who="1" m="50762" /><E50/><V37/><F37/><W23/><G71/><T57/><D134/><U22/><E22/><V97/><F114/><W26/><G51/><T113/><D0/><U79/><E79/><V5/><F5/><W75/><G75/><T91/><D113/><U15/><E31/><V121/><F121/><W30/><G96/><T127/><D21/><U54/><E54/><V112/><F112/><W115/><G115/><T14/><D14/><U123/><E123/><V128/><F128/><W36/><G28/><T42/><D42/><U70/><E29/><V63/><F53/><W109/><G109/><T59/><D110/><U2/><E2/><V60/><F111/><W108/><G108/><T117/><D117/><U33/><E33/><V46/><F46/><W89/><G89/><T76/><D76/><U45/><E47/><V24/><F81/><W44/><G36/><T68/><D61/><U99/><E99/><V122/><F122/><W107/><G107/><N who="0" m="63895" /><D91/><U7/><E7/><V25/><F63/><W85/><G85/><N who="2" m="32265" /><F25/><W88/><REACH who="3" step="1"/><G88/><REACH who="3" step="2"/><T13/><D103/><U34/><E34/><V106/><F106/><W10/><AGARI ba="0,1" hai="3,6,10,16,23,26,27,30,35,38,40,44,101,102" machi="10" ten="30,8000,1" yaku="1,1,2,1,0,1,52,1,54,1,53,0" doraHai="12" doraHaiUra="8" who="3" fromWho="3" sc="263,-20,250,-40,250,-20,227,90" /><INIT seed="2,0,0,4,3,99" ten="243,210,230,317" oya="2" hai0="93,21,10,6,123,97,37,109,101,54,16,53,27" hai1="108,114,19,14,3,11,67,79,66,102,46,56,47" hai2="70,129,41,26,13,42,110,115,4,83,23,28,133" hai3="57,71,22,135,62,117,1,52,118,76,38,87,61" shuffle="mt19937ar,AC225A14,B8AA6D01,76D863CD,064CE4F4,72FE6138,2B39A8DA,39F9ECBF,53FF0799"/><V103/><F70/><W69/><G1/><T12/><D123/><U104/><E108/><V134/><F115/><W90/><G38/><T49/><D109/><U131/><E114/><V48/><F110/><W32/><G32/><T30/><D37/><U73/><E131/><V43/><F129/><W126/><G76/><T77/><D77/><U36/><E3/><V64/><F64/><W95/><G135/><N who="2" m="51721" /><F83/><W91/><G126/><T94/><D94/><U105/><E105/><V84/><F84/><W75/><G75/><T130/><D130/><U29/><E29/><V25/><F25/><W120/><G120/><T124/><D124/><U96/><E36/><V119/><F119/><W112/><G112/><T127/><D127/><U0/><E0/><V78/><F78/><W88/><G22/><T51/><D30/><U132/><E132/><V111/><F111/><W40/><G40/><T65/><D65/><U106/><E106/><V82/><F82/><W58/><G117/><T122/><D122/><U72/><E67/><V125/><F125/><W7/><G118/><T33/><D33/><U15/><E15/><V113/><F113/><W98/><G7/><T8/><D8/><U68/><E68/><V60/><F60/><W39/><G39/><T59/><D54/><U116/><E116/><V89/><F89/><N who="3" m="34411" /><G87/><T5/><D5/><U44/><E79/><V31/><F103/><W100/><G91/><T107/><D107/><U34/><E34/><V2/><F2/><W80/><G80/><T85/><D85/><U128/><E128/><V35/><F35/><W18/><G71/><RYUUKYOKU ba="0,0" sc="243,15,210,15,230,-15,317,-15" hai0="6,10,12,16,21,27,49,51,53,59,93,97,101" hai1="11,14,19,44,46,47,56,66,72,73,96,102,104" /><INIT seed="3,1,0,2,1,111" ten="258,225,215,302" oya="3" hai0="82,18,44,38,27,51,116,26,52,17,24,73,130" hai1="47,74,79,43,78,57,25,105,66,61,16,93,125" hai2="71,0,9,124,120,72,29,63,65,118,103,10,53" hai3="33,67,5,113,34,4,92,83,39,87,56,77,80" shuffle="mt19937ar,98188C58,299B9AB6,AE3F7ECB,8127803A,69B72C3E,92AE7CC9,21666147,AC90EB9D"/><W131/><G39/><T128/><D38/><U90/><E105/><V106/><F118/><W13/><G113/><T102/><D116/><U46/><E125/><V42/><F42/><W2/><G2/><T108/><D102/><U127/><E127/><V22/><F124/><W85/><G131/><N who="0" m="50219" /><D108/><U96/><E74/><V94/><F72/><W99/><G67/><T121/><D121/><U112/><E112/><V7/><F120/><W12/><G56/><T89/><D73/><U62/><E62/><V20/><F106/><W19/><G19/><N who="0" m="7179" /><D89/><U8/><E47/><V133/><F133/><W91/><G33/><T35/><D82/><U28/><E28/><AGARI ba="1,0" hai="24,26,27,28,35,44,51,52" m="7179,50219" machi="28" ten="30,2000,0" yaku="19,1,54,1" doraHai="111" who="0" fromWho="1" sc="258,23,225,-23,215,0,302,0" owari="281,3,202,-20,215,-13,302,30" /></mjloggm>