<mjloggm ver="2.3"><GO type="41"/><UN n0="%EF%BC%83%E2%99%AD%EF%BC%84%EF%BC%85" n1="%E3%81%A8%E3%83%BC%E3%82%84%E3%82%93" n2="%E3%81%B6%E3%81%85%E3%81%93" n3="%E3%82%A6%E3%83%AB%E3%83%88%E3%83%A9%E7%AB%8B%E7%9B%B4" dan="15,14,16,14" rate="1958,1876,2096,1926" sx="M,M,F,M"/><TAIKYOKU oya="0"/><INIT seed="0,0,0,0,2,92" ten="250,250,250,250" oya="0" hai0="51,3,130,82,33,16,80,25,122,61,75,99,38" hai1="35,114,18,103,90,22,26,104,11,96,54,1,13" hai2="132,30,23,115,85,113,131,71,0,100,77,5,9" hai3="37,6,14,87,89,31,4,126,50,123,49,48,95"/><T134/><D38/><U88/><E114/><V56/><F71/><W36/><G37/><T102/><D3/><U108/><E108/><V42/><F132/><W93/><G36/><T120/><D134/><U79/><E79/><V57/><F42/><W119/><G119/><T19/><D130/><U124/><E124/><V47/><F47/><W105/><G105/><T70/><D51/><U55/><E54/><V21/><F131/><W135/><G135/><T40/><D40/><U107/><E104/><V129/><F129/><W29/><G126/><T121/><D75/><U128/><E128/><V28/><F100/><W78/><G78/><T68/><D33/><U94/><E107/><V133/><F85/><W65/><G65/><T74/><D74/><U8/><E8/><V83/><F9/><W10/><G123/><T127/><D127/><U125/><E125/><V58/><F77/><W27/><G6/><T44/><D44/><U112/><E112/><V41/><F5/><W109/><G109/><T110/><D110/><U97/><E96/><V117/><F0/><W81/><G27/><T62/><D25/><U43/><E43/><V45/><F41/><W67/><G67/><T17/><D99/><U7/><E55/><V116/><F133/><W46/><G46/><T34/><D34/><U32/><E32/><V84/><F45/><W76/><REACH who="3" step="1"/><G95/><REACH who="3" step="2"/><T39/><D39/><U2/><E2/><V106/><F106/><W98/><AGARI ba="0,1" hai="4,10,14,29,31,48,49,50,76,81,87,89,93,98" machi="98" ten="30,8000,1" yaku="1,1,2,1,0,1,8,1,52,1,53,0" doraHai="92" doraHaiUra="15" who="3" fromWho="3" sc="250,-40,250,-20,250,-20,240,90" /><INIT seed="1,0,0,3,2,78" ten="210,230,230,330" oya="1" hai0="102,46,99,13,125,123,6,120,19,86,65,105,110" hai1="115,25,81,73,87,10,34,93,127,91,92,111,7" hai2="100,16,112,44,122,2,98,89,60,50,66,129,45" hai3="24,108,113,83,109,43,33,97,132,12,17,59,67"/><U121/><E115/><V14/><F122/><W26/><G113/><T133/><D110/><N who="3" m="42601" /><G43/><T68/><D125/><U77/><E121/><V23/><F112/><W72/><G132/><T9/><D133/><U82/><E111/><V31/><F129/><W74/><G74/><T80/><D68/><U71/><E71/><V42/><F2/><W95/><G59/><T35/><D65/><U15/><E127/><V134/><F134/><W38/><G38/><T117/><D35/><U57/><E34/><V104/><F31/><W30/><G67/><T28/><D28/><U8/><E25/><V101/><F104/><W124/><G124/><T76/><D117/><U107/><E107/><V37/><F98/><W53/><G53/><T3/><REACH who="0" step="1"/><D46/><REACH who="0" step="2"/><U126/><E126/><V85/><F44/><W118/><G118/><T41/><D41/><U20/><E20/><AGARI ba="0,1" hai="3,6,9,13,19,20,76,80,86,99,102,105,120,123" machi="20" ten="40,2600,0" yaku="1,1,52,1,53,0" doraHai="78" doraHaiUra="70" who="0" fromWho="1" sc="200,36,230,-26,230,0,330,0" /><INIT seed="2,0,0,3,5,63" ten="236,204,230,330" oya="2" hai0="133,79,58,41,24,117,103,62,27,40,113,47,90" hai1="88,18,95,67,109,29,38,126,15,6,94,35,59" hai2="12,74,49,132,69,33,28,10,57,48,73,131,56" hai3="102,93,25,115,82,116,50,85,43,68,84,101,64"/><V30/><F69/><W96/><G68/><T120/><D120/><U106/><E106/><V119/><F119/><W19/><G116/><T31/><D113/><U77/><E38/><V3/><F3/><W22/><G115/><T114/><D114/><U66/><E126/><V97/><F132/><W100/><G85/><T92/><D133/><U7/><E109/><V0/><F0/><W91/><G64/><T8/><D103/><U83/><E35/><V80/><F131/><W61/><G61/><T26/><D79/><U55/><E29/><V112/><F112/><W127/><G127/><T65/><D8/><U17/><E83/><V21/><F33/><W71/><G71/><T13/><D13/><U81/><E81/><V105/><F80/><W111/><G111/><T89/><D89/><U39/><E95/><V23/><F12/><W46/><AGARI ba="0,0" hai="19,22,25,43,46,50,82,84,91,93,96,100,101,102" machi="46" ten="30,2000,0" yaku="0,1,8,1" doraHai="63" who="3" fromWho="3" sc="236,-5,204,-5,230,-10,330,20" /><INIT seed="3,0,0,5,2,27" ten="231,199,220,350" oya="3" hai0="20,135,39,67,77,16,118,12,115,48,35,132,108" hai1="0,87,106,80,110,76,84,31,124,105,104,112,29" hai2="65,8,36,69,9,63,83,92,54,50,98,25,26" hai3="103,46,101,85,73,42,130,70,114,60,1,49,51"/><W45/><G1/><T32/><D39/><U86/><E112/><V62/><F36/><W129/><G73/><T13/><D67/><U37/><E0/><V18/><F83/><W38/><G85/><T120/><D77/><U41/><E110/><V66/><F25/><W57/><G101/><T6/><D48/><U90/><E124/><V117/><F117/><W111/><G103/><T34/><D118/><U71/><E71/><V10/><F26/><W58/><G114/><T47/><D47/><U28/><E90/><V100/><F18/><W109/><G38/><T97/><D97/><U59/><E59/><V116/><F116/><W88/><G88/><T121/><D108/><N who="3" m="41545" /><G70/><T81/><D81/><U93/><E93/><V127/><F127/><W43/><G58/><T55/><D55/><AGARI ba="0,0" hai="42,43,45,46,49,51,55,57,60,129,130" m="41545" machi="55" ten="30,11600,0" yaku="14,1,10,1,34,2" doraHai="27" who="3" fromWho="0" sc="231,-116,199,0,220,0,350,116" /><INIT seed="3,1,0,0,3,42" ten="115,199,220,466" oya="3" hai0="135,93,104,87,96,44,55,85,40,74,21,43,57" hai1="72,38,121,34,9,71,51,26,52,98,66,73,35" hai2="112,133,19,134,126,99,28,58,56,97,5,95,46" hai3="123,111,22,14,124,76,83,84,18,48,6,91,90"/><W109/><G123/><T53/><D135/><N who="2" m="51722" /><F112/><W65/><G65/><T118/><D40/><U81/><E38/><V23/><F126/><W0/><G124/><T92/><D74/><U29/><E121/><V132/><N who="2" m="51730" /><V110/><DORA hai="131" /><F110/><N who="3" m="41995" /><G0/><T16/><D104/><U102/><E35/><V60/><F5/><W31/><G31/><T116/><D93/><U67/><E67/><N who="2" m="39303" /><F28/><W12/><G48/><N who="0" m="26655" /><D118/><U105/><E81/><V108/><F108/><W122/><G122/><T25/><D116/><U119/><E9/><AGARI ba="1,0" hai="6,9,12,14,18,22,76,83,84,90,91" m="41995" machi="9" ten="30,2900,0" yaku="14,1,10,1" doraHai="42,131" who="3" fromWho="1" sc="115,0,199,-32,220,0,466,32" /><INIT seed="3,2,0,3,0,113" ten="115,167,220,498" oya="3" hai0="97,124,70,30,123,27,54,7,85,121,69,9,133" hai1="126,28,8,48,40,116,4,67,111,42,87,135,13" hai2="98,66,118,81,91,92,73,19,84,18,14,127,94" hai3="6,80,3,36,26,102,49,125,108,105,59,96,68"/><W109/><G36/><T15/><D133/><U17/><E111/><N who="3" m="42570" /><G68/><T60/><D124/><U82/><E135/><V79/><F127/><W39/><G39/><T58/><D70/><U71/><E126/><V74/><F66/><W38/><G38/><T88/><D97/><U62/><E28/><V43/><F43/><W89/><G125/><T55/><D55/><U31/><E31/><V46/><F46/><W32/><G26/><T47/><D47/><U122/><E122/><V50/><F50/><W119/><G32/><T61/><D61/><U134/><E134/><V41/><F41/><W1/><G89/><T21/><REACH who="0" step="1"/><D69/><REACH who="0" step="2"/><U100/><E42/><V103/><F118/><W45/><G45/><T99/><D99/><U12/><E116/><V128/><F128/><W23/><G119/><T120/><D120/><U37/><E48/><V63/><F63/><W20/><G49/><T51/><D51/><U11/><E40/><V5/><REACH who="2" step="1"/><F74/><REACH who="2" step="2"/><W132/><G132/><T44/><D44/><U52/><E37/><V129/><F129/><W10/><G59/><T130/><D130/><U112/><E62/><V0/><F0/><W131/><G131/><T53/><D53/><U35/><E67/><V115/><F115/><W33/><G3/><T29/><D29/><U57/><E112/><V75/><F75/><W34/><G34/><T95/><AGARI ba="2,2" hai="7,9,15,21,27,30,54,58,60,85,88,95,121,123" machi="95" ten="20,5200,0" yaku="1,1,0,1,7,1,54,1,53,0" doraHai="113" doraHaiUra="107" who="0" fromWho="0" sc="105,78,167,-15,210,-15,498,-28" /><INIT seed="4,0,0,1,0,80" ten="183,152,195,470" oya="0" hai0="49,7,87,57,98,78,112,97,38,99,64,70,74" hai1="94,36,60,73,123,35,83,102,62,29,106,84,119" hai2="8,6,120,21,42,15,14,113,18,13,17,92,34" hai3="134,129,25,121,28,23,30,61,86,12,56,44,39"/><T32/><D38/><U132/><E119/><V40/><F120/><W2/><G2/><T20/><D32/><U122/><E36/><V115/><F34/><W52/><G129/><T127/><D70/><U43/><E43/><V100/><F115/><W22/><G134/><T95/><D74/><U24/><E132/><V67/><F67/><W16/><G121/><T69/><D69/><U81/><E83/><V5/><F113/><W31/><G39/><T90/><D127/><U65/><E62/><V114/><F114/><W110/><G110/><T125/><D125/><U93/><E73/><V75/><F75/><W48/><G86/><T96/><D78/><U59/><E106/><V88/><F100/><W58/><G58/><T133/><D133/><U50/><E50/><V89/><F5/><W128/><G128/><T91/><D7/><U51/><E93/><V54/><F54/><AGARI ba="0,0" hai="12,16,22,23,25,28,30,31,44,48,52,54,56,61" machi="54" ten="30,7700,0" yaku="7,1,8,1,54,2" doraHai="80" who="3" fromWho="2" sc="183,0,152,0,195,-77,470,77" /><INIT seed="5,0,0,0,3,53" ten="183,152,118,547" oya="1" hai0="27,64,127,50,97,67,40,68,21,38,132,125,113" hai1="35,81,90,30,5,84,4,36,26,45,17,123,86" hai2="70,104,134,69,44,110,22,111,46,16,89,25,23" hai3="29,85,102,28,115,55,118,13,98,41,56,58,106"/><U31/><E123/><V91/><F104/><W43/><G115/><T103/><D113/><U34/><E17/><V39/><F134/><W76/><G55/><T3/><D3/><U10/><E36/><V47/><F39/><W121/><G106/><T6/><D6/><U42/><E10/><V2/><F2/><W107/><G107/><T20/><D38/><U80/><E45/><V122/><F122/><W59/><G121/><T75/><D75/><U73/><E73/><V12/><F111/><W57/><G57/><T8/><D8/><U87/><E42/><V77/><F110/><W66/><G66/><T74/><D74/><U93/><E34/><V133/><F133/><W108/><G108/><T109/><D21/><U114/><E31/><N who="3" m="11850" /><G118/><T116/><D67/><U79/><REACH who="1" step="1"/><E114/><REACH who="1" step="2"/><V18/><REACH who="2" step="1"/><F77/><AGARI ba="0,1" hai="4,5,26,30,35,77,79,80,81,84,86,87,90,93" machi="77" ten="30,11600,0" yaku="1,1,2,1,7,1,9,1,53,0" doraHai="53" doraHaiUra="9" who="1" fromWho="2" sc="183,0,142,126,118,-116,547,0" /><INIT seed="5,1,0,0,0,34" ten="183,268,2,547" oya="1" hai0="66,9,19,35,17,127,62,109,54,108,99,114,67" hai1="27,121,82,65,68,29,61,76,31,102,91,25,26" hai2="105,11,89,45,55,126,95,85,106,98,134,7,36" hai3="101,22,10,3,118,42,59,28,57,130,110,6,119"/><U8/><E121/><V5/><F134/><W14/><G110/><T88/><D35/><U77/><E102/><V2/><F126/><W128/><G42/><T69/><D127/><U131/><E131/><N who="3" m="50218" /><G101/><T56/><D114/><U84/><E8/><V100/><F7/><W46/><G46/><T64/><D69/><U116/><E116/><V44/><F36/><W58/><G28/><T15/><REACH who="0" step="1"/><D19/><AGARI ba="1,0" hai="3,6,10,14,19,22,57,58,59,118,119" m="50218" machi="19" ten="40,2600,0" yaku="19,1,52,1" doraHai="34" who="3" fromWho="0" sc="183,-29,268,0,2,0,547,29" /><INIT seed="6,0,0,0,5,106" ten="154,268,2,576" oya="2" hai0="122,21,34,104,66,116,111,108,118,56,79,68,46" hai1="85,25,20,131,71,117,102,4,115,36,84,8,70" hai2="129,65,33,49,124,123,103,38,83,107,101,55,22" hai3="40,14,47,0,7,109,18,113,96,119,128,90,73"/><V62/><F123/><W125/><G14/><T75/><D34/><U59/><E117/><V53/><F33/><W76/><G18/><T17/><D68/><U51/><E36/><V16/><F38/><W63/><G90/><T15/><D104/><U80/><E102/><N who="2" m="38923" /><F107/><W37/><G96/><T41/><D122/><U26/><E71/><V52/><F129/><W43/><G43/><T74/><D79/><U99/><E131/><V72/><F72/><N who="0" m="27690" /><D56/><U2/><E70/><V1/><F1/><W24/><G76/><T110/><D66/><U29/><E2/><V114/><F124/><W32/><G0/><T9/><D9/><U130/><E130/><V105/><F105/><W10/><G125/><T112/><D112/><U57/><E115/><V6/><F114/><W77/><G128/><T91/><D91/><U64/><E64/><V45/><F83/><W95/><G113/><T87/><D87/><U61/><E80/><V132/><F132/><W92/><G73/><T19/><D19/><U44/><E61/><V94/><F94/><W81/><G63/><T31/><D31/><U35/><E35/><V120/><F120/><W39/><G92/><T48/><D111/><U88/><E29/><V126/><F126/><W121/><G109/><T30/><D30/><U11/><E51/><V133/><F133/><W97/><G121/><T98/><D98/><U23/><E88/><V86/><F86/><W127/><G97/><T89/><D89/><U5/><E99/><V69/><F6/><W82/><G32/><T54/><D41/><U42/><E42/><V3/><F3/><RYUUKYOKU ba="0,0" sc="154,10,268,10,2,10,576,-30" hai0="15,17,21,46,48,54,108,110,116,118" hai1="4,5,8,11,20,23,25,26,44,57,59,84,85" hai2="16,22,45,49,52,53,55,62,65,69" /><INIT seed="6,1,0,0,5,66" ten="164,278,12,546" oya="2" hai0="89,116,122,13,81,129,44,76,24,61,33,133,36" hai1="109,12,52,11,107,60,3,6,31,63,45,71,103" hai2="79,86,108,115,124,72,59,100,68,35,8,16,40" hai3="25,132,118,117,105,73,77,47,120,121,83,78,92"/><V123/><F123/><W10/><G10/><T70/><D122/><N who="3" m="47209" /><G25/><T43/><D133/><U0/><E109/><V96/><F35/><W9/><G9/><T17/><D129/><U23/><E103/><V62/><F72/><W113/><G47/><T127/><D127/><U67/><E107/><V42/><F124/><W14/><G14/><T5/><D89/><U65/><E31/><V7/><F108/><W112/><G105/><T130/><D130/><U75/><E75/><V22/><F68/><W19/><G19/><T1/><D116/><N who="3" m="44649" /><G132/><T21/><D1/><U20/><E3/><V93/><F115/><W99/><G83/><T15/><D5/><U57/><E0/><V119/><F119/><W28/><G28/><T39/><D39/><U29/><E29/><V18/><F8/><W128/><G128/><T4/><D4/><U27/><E27/><N who="2" m="14791" /><F18/><W51/><G51/><T84/><REACH who="0" step="1"/><D33/><REACH who="0" step="2"/><U106/><E106/><V41/><F7/><W85/><G113/><T50/><D50/><U64/><E6/><V54/><F40/><W49/><G112/><T95/><D95/><U26/><E26/><V69/><F69/><W37/><G49/><T87/><D87/><U98/><E71/><V91/><F79/><W101/><G37/><T48/><D48/><U38/><E38/><V88/><F100/><W134/><G134/><T111/><D111/><U58/><E20/><V125/><F125/><W131/><G131/><T104/><D104/><U126/><E23/><V55/><F54/><W80/><G78/><T94/><D94/><AGARI ba="1,1" hai="41,42,55,59,62,86,88,91,93,94,96" m="14791" machi="94" ten="30,11600,0" yaku="25,1,8,1,54,2" doraHai="66" who="2" fromWho="0" sc="154,-119,278,0,12,129,546,0" /><INIT seed="6,2,0,5,5,116" ten="35,278,141,546" oya="2" hai0="93,80,50,59,81,56,77,104,3,131,31,120,37" hai1="64,0,35,42,113,22,83,72,32,58,107,85,86" hai2="13,82,66,26,68,2,33,133,7,118,49,92,106" hai3="61,24,95,129,6,28,4,79,112,46,124,53,100"/><V91/><F118/><W134/><G124/><T44/><D104/><U16/><E107/><V38/><F106/><W88/><G129/><T54/><D3/><U65/><E72/><V40/><F38/><W43/><G100/><T128/><D81/><U109/><E109/><V130/><F2/><W111/><G79/><T127/><D127/><U97/><E0/><V89/><F130/><W17/><G17/><T20/><D37/><U87/><E35/><V14/><F68/><W101/><G101/><T99/><D128/><U115/><E32/><V57/><F33/><W1/><G134/><T126/><D126/><U34/><E42/><V96/><F133/><W102/><G102/><T55/><D131/><U132/><E132/><V9/><F26/><W114/><G1/><T117/><D117/><U8/><E34/><V103/><F14/><W74/><G74/><T60/><D44/><U10/><E83/><V67/><F103/><W71/><G28/><T105/><D105/><U135/><E135/><V73/><F73/><W98/><G24/><T23/><D31/><U51/><E10/><V21/><F21/><W119/><G119/><T84/><REACH who="0" step="1"/><D120/><REACH who="0" step="2"/><U70/><E70/><V121/><F121/><W27/><G71/><T76/><D76/><U29/><E29/><V125/><F125/><W108/><G111/><T39/><D39/><U48/><E58/><V122/><F122/><W75/><G108/><T63/><D63/><U15/><E51/><V94/><F82/><W78/><G75/><T52/><D52/><U41/><E48/><V90/><F40/><W11/><G43/><RYUUKYOKU ba="2,1" sc="25,30,278,-10,141,-10,546,-10" hai0="20,23,50,54,55,56,59,60,77,80,84,93,99" /><INIT seed="7,3,1,0,2,90" ten="55,268,131,536" oya="3" hai0="77,26,117,93,88,22,69,31,107,38,84,65,83" hai1="135,14,72,116,81,64,97,25,73,92,60,103,112" hai2="87,133,7,95,47,56,32,19,68,27,127,59,85" hai3="80,108,50,52,21,55,39,33,18,101,0,119,35"/><W48/><G39/><T125/><D125/><U62/><E112/><V10/><F68/><W46/><G35/><T71/><D117/><U99/><E135/><V4/><F133/><W57/><G33/><T98/><D38/><U3/><E3/><V45/><F127/><W54/><G0/><T126/><D126/><U76/><E116/><V11/><F32/><W6/><G6/><N who="2" m="2089" /><F27/><W49/><G108/><T130/><D130/><U41/><E72/><V67/><F67/><W91/><G101/><T63/><REACH who="0" step="1"/><D107/><REACH who="0" step="2"/><U15/><E41/><V121/><F121/><W75/><G119/><T43/><D43/><U118/><E25/><V100/><F19/><W58/><G75/><T36/><D36/><U129/><E129/><V2/><F2/><W28/><G28/><T94/><D94/><U30/><E30/><V134/><F134/><W8/><G8/><N who="2" m="3113" /><F95/><W53/><G80/><T12/><D12/><U79/><E118/><V9/><N who="2" m="3121" /><V123/><DORA hai="106" /><F123/><W29/><G29/><T13/><D13/><U16/><E15/><V24/><F24/><N who="3" m="14391" /><G91/><T23/><D23/><U66/><E79/><V114/><F100/><W105/><G105/><T102/><D102/><U89/><E66/><V113/><F113/><W40/><AGARI ba="3,2" hai="40,46,48,49,50,52,53,54,55,57,58" m="14391" machi="40" ten="30,3000,0" yaku="8,1,54,1" doraHai="90,106" who="3" fromWho="3" sc="45,-13,268,-13,131,-13,536,59" owari="32,-47,255,6,118,-28,595,69" /></mjloggm>