<mjloggm ver="2.3"><GO type="41"/><UN n0="%E3%82%A6%E3%83%AB%E3%83%88%E3%83%A9%E7%AB%8B%E7%9B%B4" n1="%77%69%64%65%62%65%61%72" n2="%E9%A2%A8%E7%94%B7" n3="%E4%BC%BC%E9%9D%9E%E9%81%93%E5%8C%96" dan="15,13,14,15" rate="1973,1851,1852,2035" sx="M,M,M,M"/><TAIKYOKU oya="0"/><INIT seed="0,0,0,1,3,123" ten="250,250,250,250" oya="0" hai0="55,4,69,58,121,104,8,89,120,24,21,46,83" hai1="114,96,90,86,54,18,49,132,16,112,111,43,48" hai2="78,41,100,75,119,71,30,42,70,22,101,92,117" hai3="82,91,65,3,13,130,12,102,51,61,40,47,115"/><T44/><D69/><U106/><E106/><V135/><F78/><W94/><G3/><T66/><D104/><U62/><E132/><V103/><F75/><W52/><G115/><N who="1" m="44074" /><E96/><V23/><F135/><W28/><G28/><T39/><D39/><U63/><E43/><N who="2" m="16395" /><F92/><W68/><G130/><T88/><D66/><U125/><E125/><V127/><F30/><W27/><G27/><T79/><D120/><U99/><E99/><V14/><F14/><W5/><G5/><T6/><D121/><U133/><E133/><V110/><F127/><W35/><G35/><T33/><D33/><U11/><E11/><V124/><F124/><W36/><G82/><T67/><D67/><U80/><E49/><V105/><F105/><W50/><G50/><N who="0" m="31095" /><D79/><U59/><E111/><V87/><F110/><W15/><G102/><T95/><D83/><U32/><E32/><V116/><F87/><W2/><G2/><T17/><D89/><U109/><E109/><V134/><F134/><W53/><REACH who="3" step="1"/><G36/><REACH who="3" step="2"/><T118/><D118/><U9/><E9/><V26/><F26/><W7/><G7/><N who="0" m="2603" /><D8/><U81/><E81/><V126/><F126/><W77/><G77/><T108/><D108/><U25/><E25/><V122/><F122/><W97/><AGARI ba="0,1" hai="12,13,15,40,47,51,52,53,61,65,68,91,94,97" machi="97" ten="30,7900,0" yaku="1,1,0,1,54,1,53,1" doraHai="123" doraHaiUra="60" who="3" fromWho="3" sc="250,-39,250,-20,250,-20,240,89" /><INIT seed="1,0,0,1,3,99" ten="211,230,230,329" oya="1" hai0="81,134,12,50,41,29,45,128,104,25,46,60,73" hai1="1,135,39,6,123,107,38,59,26,126,87,121,9" hai2="117,105,129,72,17,19,127,40,70,11,119,32,66" hai3="52,21,7,115,68,57,75,53,84,93,110,2,130"/><U22/><E107/><V47/><F72/><W86/><G75/><T98/><D128/><U0/><E87/><V43/><F129/><W8/><G68/><T61/><D134/><U30/><E59/><V114/><F32/><W89/><G130/><T120/><D120/><U116/><E116/><V37/><F43/><W109/><G115/><T77/><D12/><U28/><E135/><V71/><F114/><W3/><G3/><N who="1" m="1098" /><E39/><V24/><F19/><W112/><G112/><T76/><D76/><U94/><E38/><V31/><F105/><W122/><G122/><N who="1" m="46602" /><E94/><V14/><F66/><W80/><G21/><T34/><REACH who="0" step="1"/><D46/><REACH who="0" step="2"/><U133/><E133/><V48/><F71/><W51/><REACH who="3" step="1"/><G53/><REACH who="3" step="2"/><T55/><D55/><U15/><E126/><V90/><F127/><W49/><G49/><T97/><D97/><U10/><E10/><V131/><F70/><W132/><G132/><T35/><D35/><U36/><E36/><V5/><F37/><W4/><G4/><T16/><D16/><AGARI ba="0,2" hai="6,9,15,16,22,26,28,30" m="46602,1098" machi="16" ten="30,5800,0" yaku="34,2,54,1" doraHai="99" who="1" fromWho="0" sc="201,-58,230,78,230,0,319,0" /><INIT seed="1,1,0,0,3,10" ten="143,308,230,319" oya="1" hai0="95,3,55,80,29,131,117,124,36,26,49,7,38" hai1="57,42,64,79,46,5,128,114,109,8,39,91,2" hai2="113,115,125,75,89,126,102,104,130,133,73,84,108" hai3="12,11,77,32,23,101,135,24,112,6,105,81,65"/><U88/><E114/><N who="2" m="43531" /><F108/><W9/><G32/><T66/><D117/><U111/><E128/><V61/><F61/><W14/><G112/><T19/><D7/><U96/><E79/><V35/><F35/><W4/><G135/><T52/><D3/><U17/><E17/><V119/><F119/><W72/><G65/><T103/><D66/><U67/><E96/><N who="2" m="61511" /><F130/><W116/><G116/><T122/><D131/><U76/><E76/><V94/><F133/><W87/><G101/><T30/><D38/><U69/><E69/><V85/><F85/><W43/><G105/><T0/><D36/><U21/><E21/><V25/><F25/><W48/><G72/><AGARI ba="1,0" hai="72,73,75,84,89,94,125,126" m="61511,43531" machi="72" ten="30,3900,0" yaku="11,1,34,2" doraHai="10" who="2" fromWho="3" sc="143,0,308,0,230,42,319,-42" /><INIT seed="2,0,0,1,1,122" ten="143,308,272,277" oya="2" hai0="15,128,100,31,60,70,23,130,7,93,106,119,111" hai1="78,22,47,56,49,52,132,57,68,27,12,20,131" hai2="16,0,76,123,28,75,37,97,85,11,74,38,101" hai3="86,50,127,4,6,69,65,115,58,30,110,26,44"/><V43/><F123/><W24/><G69/><T109/><D106/><U21/><E68/><V133/><F133/><W126/><G115/><T104/><D104/><U129/><E78/><V62/><F28/><W125/><G86/><T64/><D119/><U99/><E132/><V82/><F62/><W48/><G58/><N who="1" m="22634" /><E12/><V51/><F51/><N who="3" m="19499" /><G65/><T135/><D135/><U41/><E99/><V105/><F43/><W9/><G44/><T34/><D34/><U112/><E112/><V73/><F16/><W29/><G9/><N who="0" m="4543" /><D100/><U2/><E2/><V87/><REACH who="2" step="1"/><F87/><REACH who="2" step="2"/><W72/><G30/><T108/><D93/><U98/><E41/><V89/><F89/><W107/><G29/><T40/><D40/><U113/><E113/><V45/><F45/><W96/><G107/><T83/><D83/><U120/><E120/><V32/><F32/><W121/><G121/><T94/><D94/><U92/><E92/><V35/><F35/><W59/><G59/><T117/><D117/><U53/><E98/><V14/><F14/><W124/><G96/><T39/><D39/><U25/><E53/><V19/><F19/><W54/><G127/><T91/><D91/><U8/><E8/><V5/><AGARI ba="0,1" hai="0,5,11,37,38,73,74,75,76,82,85,97,101,105" machi="5" ten="40,3900,0" yaku="1,1,0,1,53,0" doraHai="122" doraHaiUra="134" who="2" fromWho="2" sc="143,-13,308,-13,262,49,277,-13" /><INIT seed="2,1,0,1,5,70" ten="130,295,311,264" oya="2" hai0="132,118,7,75,76,2,123,33,32,125,82,53,135" hai1="55,131,60,62,8,71,25,11,114,80,124,12,127" hai2="16,10,34,61,66,128,105,27,19,122,40,0,35" hai3="93,89,63,3,54,43,14,85,126,51,97,73,4"/><V26/><F105/><W78/><G73/><T29/><D53/><U117/><E114/><V30/><F40/><W133/><G3/><T22/><D22/><U103/><E117/><V129/><F122/><W94/><G133/><N who="0" m="51275" /><D123/><U15/><E131/><N who="2" m="50251" /><F61/><N who="1" m="23657" /><E55/><V1/><F66/><W5/><G126/><N who="1" m="48170" /><E25/><N who="2" m="9227" /><F30/><W68/><G43/><T17/><D17/><N who="2" m="6730" /><F10/><N who="1" m="3625" /><E80/><V83/><F83/><N who="3" m="47351" /><G14/><N who="1" m="5162" /><E103/><V77/><F77/><W49/><G68/><AGARI ba="1,0" hai="68,71" m="5162,3625,48170,23657" machi="68" ten="40,5200,0" yaku="28,2,18,1" doraHai="70" who="1" fromWho="3" sc="130,0,295,55,311,0,264,-55" /><INIT seed="3,0,0,2,3,7" ten="130,350,311,209" oya="3" hai0="46,122,111,87,26,37,118,79,2,3,71,44,19" hai1="48,43,4,90,31,24,93,8,66,17,84,25,95" hai2="23,101,67,15,22,129,16,41,123,34,20,38,56" hai3="53,109,55,21,54,73,110,30,32,92,85,119,63"/><W83/><G73/><T132/><D118/><U40/><E66/><V116/><F34/><W29/><G32/><T82/><D122/><U65/><E65/><V61/><F116/><W5/><G119/><T86/><D71/><U78/><E78/><V113/><F113/><W99/><G63/><T28/><D132/><U59/><E17/><V97/><F129/><W96/><G5/><T124/><D124/><U10/><E4/><V60/><F60/><W112/><G112/><T35/><D111/><N who="3" m="42505" /><G21/><T64/><D64/><U121/><E121/><V100/><F123/><W108/><N who="3" m="42513" /><W70/><DORA hai="91" /><G70/><T77/><D19/><U120/><E120/><V114/><F114/><W127/><G99/><T58/><D58/><U76/><E76/><V50/><F38/><W105/><G105/><T6/><D37/><U130/><E130/><V49/><F41/><N who="1" m="15945" /><E59/><V13/><F13/><W45/><G45/><T80/><REACH who="0" step="1"/><D6/><REACH who="0" step="2"/><U39/><E39/><V133/><F133/><W18/><G127/><T11/><D11/><N who="1" m="4139" /><E31/><V74/><F74/><W81/><G18/><T57/><D57/><U62/><E62/><V103/><F56/><W117/><G117/><T94/><D94/><N who="1" m="35851" /><E48/><V107/><F61/><W52/><G30/><T135/><D135/><U36/><E36/><V68/><F67/><W14/><G29/><T9/><D9/><U88/><E84/><V51/><F68/><W69/><G85/><T126/><D126/><U75/><E75/><V27/><F107/><W102/><G69/><T42/><D42/><U131/><E131/><V47/><F51/><W12/><G55/><RYUUKYOKU ba="0,1" sc="120,10,350,10,311,-30,209,10" hai0="2,3,26,28,35,44,46,77,79,80,82,86,87" hai1="24,25,88,90" hai3="12,14,52,53,54,81,83,92,96,102" /><INIT seed="3,1,1,4,3,58" ten="130,360,281,219" oya="3" hai0="57,51,17,39,37,4,69,28,7,21,84,16,48" hai1="118,94,53,6,34,66,111,50,41,29,59,98,129" hai2="27,123,90,96,43,124,13,18,135,106,88,33,128" hai3="72,75,35,92,11,76,63,47,61,82,64,30,40"/><W99/><G72/><T67/><D69/><U104/><E118/><V132/><F123/><W74/><G74/><T117/><D117/><U0/><E129/><V71/><F71/><W42/><G42/><T12/><D39/><U89/><E104/><V2/><F2/><W70/><G35/><T5/><D37/><U105/><E111/><V100/><F43/><W77/><G30/><T91/><D28/><U56/><E105/><V32/><F128/><W112/><G77/><T97/><D97/><U81/><E41/><V133/><F124/><W126/><G126/><T24/><D67/><U52/><E66/><V25/><F33/><W125/><G125/><T49/><D57/><U26/><E81/><V14/><F32/><W38/><G112/><T62/><D62/><U86/><E0/><V93/><F90/><W127/><G127/><T8/><REACH who="0" step="1"/><D51/><REACH who="0" step="2"/><U22/><E34/><V68/><F68/><W95/><G61/><T79/><D79/><U87/><E6/><V46/><F46/><W19/><REACH who="3" step="1"/><G99/><REACH who="3" step="2"/><T114/><D114/><U78/><E78/><V130/><F130/><W3/><G3/><T20/><D20/><U113/><E113/><V54/><F54/><W120/><G120/><T122/><D122/><U85/><E98/><N who="2" m="57639" /><F18/><W65/><G65/><T9/><D9/><U121/><E121/><V55/><F55/><W80/><G80/><AGARI ba="1,3" hai="4,5,7,8,12,16,17,21,24,48,49,80,84,91" machi="80" ten="40,5200,0" yaku="1,1,8,1,54,1,53,0" doraHai="58" doraHaiUra="110" who="0" fromWho="3" sc="120,85,360,0,281,0,209,-55" /><INIT seed="4,0,0,1,0,78" ten="205,360,281,154" oya="0" hai0="82,130,22,89,10,125,83,133,20,34,56,116,18" hai1="96,106,33,38,109,0,58,44,115,63,81,71,69" hai2="105,27,86,50,19,76,67,3,122,120,135,74,45" hai3="102,111,117,134,40,88,126,127,110,75,124,61,57"/><T23/><D34/><U107/><E109/><V37/><F105/><W72/><G40/><T70/><D70/><U52/><E33/><V17/><F67/><W62/><G62/><T49/><D116/><U118/><E0/><V43/><F135/><W8/><G8/><T1/><D133/><U14/><E118/><V101/><F101/><W13/><G13/><N who="0" m="7479" /><D1/><U79/><E115/><V129/><F129/><W12/><G12/><T114/><D130/><U103/><E14/><V51/><F3/><W9/><G9/><T15/><D114/><U7/><E7/><V94/><F27/><W21/><G21/><T98/><D125/><U121/><E121/><V73/><F19/><W47/><G47/><T90/><D15/><U54/><E107/><V48/><F17/><W39/><G39/><T91/><D98/><U128/><E128/><V68/><F68/><W65/><G134/><T42/><D56/><U32/><E32/><V95/><F86/><W132/><G132/><T97/><D97/><U35/><E35/><V4/><F4/><W24/><G24/><T6/><D6/><U16/><E16/><V84/><F84/><W131/><G102/><T30/><D30/><U53/><E38/><V36/><F36/><W29/><G29/><T92/><D92/><U11/><E11/><V55/><F55/><W87/><G131/><T100/><D100/><U93/><E106/><V80/><REACH who="2" step="1"/><F74/><REACH who="2" step="2"/><N who="3" m="28203" /><G117/><T77/><D77/><U104/><E104/><V85/><F85/><W2/><G2/><T60/><D60/><U25/><E25/><V119/><F119/><W41/><G127/><RYUUKYOKU ba="0,1" sc="205,15,360,-15,271,15,154,-15" hai0="20,22,23,42,49,82,83,89,90,91" hai2="37,43,45,48,50,51,73,76,80,94,95,120,122" /><INIT seed="4,1,1,2,0,85" ten="220,345,286,139" oya="0" hai0="16,74,22,92,42,129,9,46,47,108,67,82,124" hai1="15,75,102,125,32,21,25,128,68,4,8,7,62" hai2="134,122,37,5,78,87,119,91,33,117,13,131,115" hai3="104,50,1,59,116,51,35,99,2,84,31,95,127"/><T11/><D108/><U126/><E75/><V19/><F37/><W18/><G35/><T29/><D29/><N who="1" m="19503" /><E102/><V130/><F33/><W83/><G31/><T20/><D74/><U45/><E68/><V100/><F100/><W54/><G104/><T14/><D92/><U79/><E62/><V112/><F78/><W135/><G135/><T17/><D124/><N who="1" m="47723" /><E45/><N who="0" m="16905" /><D42/><U101/><E79/><V39/><F39/><W121/><G127/><T43/><D129/><N who="2" m="49162" /><F5/><N who="1" m="2121" /><E101/><V41/><F41/><W132/><G132/><T110/><D110/><U34/><E128/><V73/><F73/><W64/><G64/><T40/><D67/><U113/><E34/><V0/><F0/><W94/><G1/><T60/><D60/><U88/><E88/><V38/><F38/><W96/><G2/><T10/><D82/><U36/><E36/><V6/><F6/><W89/><G51/><T3/><D3/><U48/><E48/><V44/><F44/><W23/><G121/><T133/><D133/><U93/><E93/><N who="3" m="35338" /><G116/><N who="2" m="44617" /><F122/><W28/><G28/><T81/><D81/><U109/><E21/><N who="2" m="11503" /><F134/><W70/><G70/><T26/><AGARI ba="1,1" hai="9,10,11,14,16,17,20,22,26,40,43" m="16905" machi="26" ten="30,3000,0" yaku="8,1,54,1" doraHai="85" who="0" fromWho="0" sc="220,43,345,-11,286,-11,139,-11" /><INIT seed="4,2,0,4,5,41" ten="263,334,275,128" oya="0" hai0="61,109,17,51,128,120,16,39,91,84,134,62,26" hai1="72,21,28,127,37,99,75,78,119,27,88,82,63" hai2="114,18,74,14,102,24,116,12,118,44,6,32,90" hai3="59,79,58,121,83,123,92,77,100,22,129,13,124"/><T135/><D39/><U43/><E119/><N who="2" m="45611" /><F74/><W46/><G124/><T40/><D120/><U47/><E127/><V20/><F114/><W97/><G129/><T30/><D128/><U36/><E63/><N who="0" m="24073" /><D109/><U73/><E37/><V133/><F133/><N who="0" m="50698" /><D51/><U96/><REACH who="1" step="1"/><E96/><REACH who="1" step="2"/><V33/><F33/><W98/><G123/><T54/><D40/><U55/><E55/><V70/><F32/><W76/><G121/><T115/><D54/><U2/><E2/><V4/><F70/><W85/><G98/><T35/><D115/><U45/><E45/><V110/><F44/><W50/><G59/><T108/><D108/><U64/><E64/><V52/><F52/><N who="3" m="29783" /><G58/><T34/><D34/><U66/><E66/><V67/><F67/><W19/><AGARI ba="2,1" hai="13,19,22,76,77,79,83,85,92,97,100" m="29783" machi="19" ten="30,4000,0" yaku="8,1,52,1,54,1" doraHai="41" who="3" fromWho="3" sc="263,-22,324,-12,275,-12,128,56" /><INIT seed="5,0,0,5,5,131" ten="241,312,263,184" oya="1" hai0="14,100,70,127,97,126,116,31,129,123,104,55,76" hai1="35,60,54,103,22,10,25,102,46,115,83,117,37" hai2="17,132,91,64,52,68,77,120,134,71,1,58,42" hai3="9,113,53,48,69,59,19,24,94,125,34,7,2"/><U63/><E117/><V51/><F120/><W65/><G125/><N who="0" m="47627" /><D70/><U96/><E35/><V95/><F1/><W38/><G38/><T92/><D31/><U3/><E115/><V111/><F111/><W16/><G113/><T133/><D55/><U122/><E122/><V109/><F109/><W21/><G34/><T5/><D123/><U6/><E83/><V29/><F77/><W78/><G78/><T8/><D129/><U128/><E128/><V99/><F29/><W119/><G119/><T124/><N who="0" m="47635" /><T49/><DORA hai="15" /><D49/><U118/><E118/><V43/><F17/><W66/><G69/><T20/><D116/><U114/><E114/><V23/><F23/><W86/><G19/><N who="0" m="10359" /><D76/><U101/><E96/><V61/><F71/><W40/><G40/><T105/><D133/><N who="2" m="51306" /><F43/><W28/><G28/><T75/><D75/><U80/><E80/><V107/><F42/><W93/><G93/><T11/><D11/><U39/><E39/><V90/><F107/><W88/><AGARI ba="0,0" hai="2,7,9,16,21,24,48,53,59,65,66,86,88,94" machi="88" ten="30,7900,0" yaku="0,1,52,1,54,2" doraHai="131,15" who="3" fromWho="3" sc="241,-20,312,-39,263,-20,184,79" /><INIT seed="6,0,0,5,1,12" ten="221,273,243,263" oya="2" hai0="43,95,14,46,23,29,21,122,58,76,92,18,8" hai1="74,93,103,39,44,88,19,131,5,6,63,112,67" hai2="1,87,66,119,20,126,59,26,81,114,32,99,107" hai3="49,108,55,84,80,111,61,83,97,71,22,52,36"/><V118/><F1/><W16/><G36/><T34/><D122/><U86/><E74/><V78/><F126/><W90/><G83/><T94/><D76/><U127/><E127/><V70/><F114/><W124/><G124/><T110/><D110/><U91/><E131/><V4/><F4/><W82/><G82/><T121/><D121/><U128/><E128/><V134/><F134/><W79/><G55/><T130/><D130/><U9/><E112/><V2/><F2/><W109/><G71/><T38/><D34/><U75/><E75/><V10/><F10/><W37/><G37/><T27/><D23/><U45/><E103/><V42/><F42/><W13/><G61/><T120/><D120/><U15/><E91/><V28/><F20/><W129/><G129/><T11/><D11/><U31/><E31/><V30/><F30/><W72/><G97/><T77/><D77/><U56/><E39/><V113/><F59/><W98/><G98/><T100/><D100/><U104/><E104/><V123/><F113/><W135/><G135/><T68/><REACH who="0" step="1"/><D58/><REACH who="0" step="2"/><U3/><E5/><V101/><REACH who="2" step="1"/><F123/><REACH who="2" step="2"/><W73/><REACH who="3" step="1"/><G79/><REACH who="3" step="2"/><T40/><D40/><U106/><E106/><V41/><F41/><W65/><G65/><T115/><D115/><U35/><REACH who="1" step="1"/><E35/><REACH who="1" step="2"/><RYUUKYOKU type="reach4" ba="0,4" sc="211,0,263,0,233,0,253,0" hai0="8,14,18,21,27,29,38,43,46,68,92,94,95" hai1="3,6,9,15,19,44,45,56,63,67,86,88,93" hai2="26,28,32,66,70,78,81,87,99,101,107,118,119" hai3="13,16,22,49,52,72,73,80,84,90,108,109,111" /><INIT seed="6,1,4,4,1,60" ten="211,263,233,253" oya="2" hai0="42,115,49,48,70,68,20,77,112,37,120,57,89" hai1="67,86,118,21,103,71,76,55,36,17,116,39,110" hai2="8,32,65,18,41,135,114,50,113,102,40,26,106" hai3="121,74,52,43,10,134,97,35,119,123,80,100,87"/><V11/><F135/><W126/><G35/><T88/><D77/><U64/><E103/><V25/><F106/><W30/><G30/><T104/><D104/><U5/><E71/><N who="0" m="27177" /><D20/><U7/><E55/><V83/><F102/><W75/><G119/><N who="1" m="45610" /><E86/><V93/><F93/><N who="3" m="58415" /><G43/><N who="2" m="16457" /><F83/><W44/><G44/><N who="0" m="23631" /><D89/><U9/><E76/><V16/><F50/><N who="0" m="19562" /><D88/><U34/><E34/><V14/><F32/><W90/><G10/><N who="2" m="3625" /><F65/><N who="1" m="25161" /><E9/><V82/><F82/><W19/><G80/><T78/><D78/><U107/><E107/><V129/><F14/><W105/><G105/><T66/><D120/><U12/><E21/><V45/><F45/><W92/><G123/><T63/><AGARI ba="1,4" hai="57,63,66,112,115" m="19562,23631,27177" machi="63" ten="40,5200,0" yaku="34,2,52,1" doraHai="60" who="0" fromWho="0" sc="211,95,263,-14,233,-27,253,-14" /><INIT seed="7,0,0,5,4,77" ten="306,249,206,239" oya="3" hai0="124,86,128,69,102,19,37,75,120,61,93,17,36" hai1="18,41,30,135,71,63,108,67,28,12,32,85,126" hai2="52,3,113,9,64,92,65,83,105,94,84,82,43" hai3="60,97,122,10,34,72,57,21,11,106,90,15,2"/><W116/><G72/><T58/><D75/><U68/><E108/><V26/><F113/><W96/><G34/><T110/><D69/><U99/><E126/><V112/><F112/><W89/><G122/><T117/><D117/><U103/><E135/><V79/><F105/><W44/><G2/><T74/><D74/><U40/><E68/><V133/><F133/><W13/><G116/><T118/><D118/><U73/><E73/><V46/><F3/><W48/><G21/><T111/><D120/><U23/><E85/><N who="2" m="48351" /><F43/><N who="3" m="24607" /><G106/><T70/><D70/><U95/><E30/><V78/><F9/><N who="3" m="3083" /><G96/><T109/><D124/><U98/><E98/><V16/><F94/><N who="3" m="56527" /><G90/><T51/><D37/><U107/><REACH who="1" step="1"/><E95/><REACH who="1" step="2"/><V14/><F92/><W29/><G29/><T130/><D111/><U56/><E56/><V119/><F119/><W80/><G80/><T20/><D110/><U127/><E127/><V129/><F129/><W24/><G24/><AGARI ba="0,1" hai="12,18,23,24,28,32,40,41,63,67,71,99,103,107" machi="24" ten="40,8000,1" yaku="1,1,25,2,53,1" doraHai="77" doraHaiUra="25" who="1" fromWho="3" sc="306,0,239,90,206,0,239,-80" owari="306,11,329,42,206,-19,159,-34" /></mjloggm>