<mjloggm ver="2.3"><GO type="97"/><UN n0="%E3%82%A6%E3%83%AB%E3%83%88%E3%83%A9%E7%AB%8B%E7%9B%B4" n1="%E3%82%A6%E3%82%A3%E3%83%89%E3%82%A5" n2="%E3%83%AF%E3%82%A4%E3%83%AB%E3%83%89" n3="%6D%75%73%74%61%6E%67" dan="13,15,14,13" rate="1823,1942,1994,1833" sx="M,M,F,M"/><TAIKYOKU oya="0"/><INIT seed="0,0,0,3,3,109" ten="250,250,250,250" oya="0" hai0="72,19,27,63,61,41,89,106,74,96,127,16,47" hai1="133,25,105,29,37,77,110,38,86,123,57,120,67" hai2="46,35,5,135,81,66,52,28,32,101,83,6,76" hai3="33,22,87,53,97,94,80,24,12,45,104,11,56"/><T2/><D2/><U8/><E105/><V116/><F135/><W92/><G104/><T13/><D127/><U124/><E124/><V84/><F116/><W7/><G33/><T119/><D119/><U50/><E133/><V0/><F101/><W9/><G45/><T3/><D3/><U113/><E110/><V20/><F66/><W130/><G11/><T103/><D74/><U10/><E77/><V21/><F28/><W54/><G130/><T15/><D72/><U107/><E107/><V122/><F122/><W44/><G44/><T118/><D27/><U100/><E100/><V99/><F99/><W71/><G71/><T88/><D118/><U75/><E75/><V36/><F0/><W62/><G54/><T90/><D15/><U102/><E102/><V30/><F30/><N who="3" m="17687" /><G97/><T39/><REACH who="0" step="1"/><D19/><REACH who="0" step="2"/><U51/><E25/><V58/><F46/><W126/><G126/><T59/><D59/><U60/><E57/><V108/><F108/><W70/><G70/><T115/><D115/><U23/><E113/><V4/><F35/><W48/><G62/><T26/><D26/><U18/><E18/><V49/><F32/><W64/><G64/><T95/><D95/><U78/><E67/><V125/><F125/><W131/><G131/><T114/><D114/><U98/><E120/><V42/><F83/><W73/><G73/><T112/><D112/><U134/><E123/><V43/><F36/><W79/><AGARI ba="0,1" hai="7,9,12,48,53,56,79,80,87,92,94" m="17687" machi="79" ten="30,1100,0" yaku="8,1" doraHai="109" who="3" fromWho="3" sc="240,-5,250,-3,250,-3,250,21" /><INIT seed="1,0,0,2,0,120" ten="235,247,247,271" oya="1" hai0="27,29,10,58,78,96,75,126,114,31,28,111,18" hai1="9,124,101,38,117,61,36,64,125,45,106,13,123" hai2="99,97,71,62,89,34,12,91,77,16,4,74,3" hai3="135,68,79,37,82,47,70,19,86,104,23,11,131"/><U46/><E123/><V43/><F34/><W134/><G104/><T59/><D78/><U21/><E117/><V93/><F3/><W48/><G37/><N who="1" m="14442" /><E21/><V72/><F4/><W24/><G11/><T33/><D75/><U81/><E81/><V83/><F43/><W109/><G131/><T50/><D59/><N who="1" m="36927" /><E101/><V118/><F118/><W122/><G122/><T44/><D58/><U66/><E106/><V5/><F5/><W132/><REACH who="3" step="1"/><G109/><REACH who="3" step="2"/><T127/><D96/><U41/><E9/><V22/><F99/><W42/><AGARI ba="0,1" hai="19,23,24,42,47,48,68,70,79,82,86,132,134,135" machi="42" ten="30,7900,0" yaku="1,1,2,1,0,1,20,1,53,0" doraHai="120" doraHaiUra="100" who="3" fromWho="3" sc="235,-20,247,-39,247,-20,261,89" /><INIT seed="2,0,0,2,3,95" ten="215,208,227,350" oya="2" hai0="6,47,91,21,56,83,133,64,1,36,112,3,114" hai1="80,46,40,51,132,58,55,85,32,124,4,2,16" hai2="17,118,90,75,44,73,65,81,48,107,69,72,110" hai3="0,57,42,43,27,99,50,63,70,25,135,130,86"/><V61/><F107/><W93/><G0/><T129/><D56/><U10/><E132/><V35/><F35/><W101/><G135/><T87/><D64/><U97/><E124/><V5/><F118/><W11/><G130/><T13/><D133/><U134/><E134/><V54/><F5/><W105/><G70/><T71/><D71/><U37/><E32/><V82/><F110/><W125/><G125/><T31/><D129/><U79/><REACH who="1" step="1"/><E16/><REACH who="1" step="2"/><V77/><F17/><W96/><G11/><N who="0" m="4343" /><D112/><U67/><E67/><V123/><F123/><W104/><G104/><T23/><D114/><U119/><E119/><V84/><AGARI ba="0,1" hai="44,48,54,61,65,69,72,73,75,77,81,82,84,90" machi="84" ten="30,1500,0" yaku="0,1" doraHai="95" who="2" fromWho="2" sc="215,-5,198,-5,227,25,350,-5" /><INIT seed="2,1,0,4,1,29" ten="210,193,252,345" oya="2" hai0="21,129,134,60,49,44,63,121,28,108,27,102,19" hai1="8,82,88,61,131,18,11,1,123,65,79,69,54" hai2="93,96,132,13,83,124,53,25,122,89,46,116,32" hai3="56,91,85,104,128,119,81,7,135,20,73,39,30"/><V59/><F122/><W77/><G119/><T106/><D121/><U35/><E123/><V62/><F116/><W118/><G39/><T105/><D129/><U72/><E8/><V107/><F132/><W71/><G118/><T100/><D134/><U78/><E78/><V112/><F112/><W0/><G71/><T95/><D108/><U40/><E131/><V98/><F124/><W110/><G104/><T23/><D105/><U99/><E40/><V57/><F46/><W90/><G135/><T117/><D106/><U87/><E99/><V5/><F83/><W6/><G128/><T50/><D117/><U36/><E36/><V33/><F25/><N who="3" m="16679" /><G110/><T31/><D95/><U76/><E54/><V34/><F59/><W17/><G73/><T103/><D19/><U38/><E38/><V67/><F107/><W22/><G0/><T58/><D58/><U130/><E130/><V4/><F98/><W74/><G74/><T97/><D97/><U127/><E127/><V92/><F92/><W47/><G47/><T64/><D64/><U9/><E72/><V86/><F96/><W101/><G101/><T80/><D80/><U37/><E37/><V2/><F2/><W16/><G56/><T10/><D10/><U42/><E42/><V48/><REACH who="2" step="1"/><F13/><REACH who="2" step="2"/><N who="3" m="9487" /><G17/><T15/><D15/><U41/><E18/><V111/><F111/><W24/><G24/><N who="0" m="16399" /><D49/><U109/><E109/><V66/><F66/><W51/><G51/><T125/><D125/><U52/><E65/><V3/><F3/><W12/><G12/><T68/><D68/><U84/><E69/><V133/><F133/><RYUUKYOKU ba="1,1" sc="210,10,193,-30,242,10,345,10" hai0="23,27,31,44,50,60,63,100,102,103" hai2="4,5,32,33,34,48,53,57,62,67,86,89,93" hai3="6,7,77,81,85,90,91" /><INIT seed="2,2,1,2,0,61" ten="220,163,252,355" oya="2" hai0="42,9,105,116,108,82,118,18,111,94,100,91,109" hai1="45,15,96,114,123,16,73,126,51,59,21,107,50" hai2="119,39,112,88,30,3,26,76,6,58,97,53,1" hai3="29,127,27,4,102,37,79,132,134,69,64,84,117"/><V54/><F39/><W41/><G117/><N who="0" m="45163" /><D42/><U93/><E114/><V17/><F119/><W67/><G4/><T0/><D0/><U32/><E32/><V101/><F112/><W83/><G69/><T90/><D18/><U24/><E73/><V72/><F17/><W68/><G68/><T47/><D47/><U62/><E107/><V31/><F72/><W57/><G57/><T128/><D9/><U130/><E130/><V115/><F115/><W103/><G127/><T12/><D12/><U121/><E126/><V19/><F76/><W98/><G41/><T43/><D43/><U22/><E121/><V49/><F101/><W7/><G7/><T129/><D105/><U124/><E45/><V10/><F3/><W52/><G52/><T66/><D66/><N who="3" m="25129" /><G37/><T14/><D14/><U25/><E15/><V135/><F135/><N who="3" m="51755" /><G98/><N who="0" m="59479" /><D82/><U78/><E78/><V35/><F31/><W92/><G92/><T20/><D20/><AGARI ba="2,1" hai="20,27,29,79,83,84,102,103" m="51755,25129" machi="20" ten="30,7700,0" yaku="20,1,52,3" doraHai="61" who="3" fromWho="0" sc="220,-83,163,0,252,0,355,93" /><INIT seed="3,0,0,0,1,32" ten="137,163,252,448" oya="3" hai0="71,54,102,9,94,124,46,132,10,50,100,127,103" hai1="62,26,59,130,24,95,105,72,19,53,23,18,5" hai2="123,112,25,85,120,79,75,45,30,13,58,115,57" hai3="15,134,80,64,111,89,135,88,131,11,36,83,29"/><W28/><G36/><T106/><D106/><U21/><E105/><V116/><F75/><W122/><G122/><N who="2" m="46633" /><F13/><W31/><G64/><T114/><D71/><U41/><E72/><V68/><F68/><W91/><G131/><T87/><D114/><N who="2" m="43562" /><F45/><W125/><G111/><T51/><D132/><N who="3" m="50729" /><G125/><T4/><D124/><U129/><E41/><V61/><F61/><W84/><G84/><T0/><D127/><U121/><E121/><V3/><F116/><W78/><G78/><T14/><D51/><U86/><E5/><AGARI ba="0,0" hai="5,11,15,28,29,31,80,83,88,89,91" m="50729" machi="5" ten="40,3900,0" yaku="20,1,54,1" doraHai="32" who="3" fromWho="1" sc="137,0,163,-39,252,0,448,39" owari="137,-21,124,-28,252,0,487,49" /></mjloggm>