<mjloggm ver="2.3"><GO type="41"/><UN n0="%E3%82%A6%E3%83%AB%E3%83%88%E3%83%A9%E7%AB%8B%E7%9B%B4" n1="%E3%81%84%E3%82%81%E3%81%91%E3%82%93" n2="%E3%81%97%E3%82%87%E3%81%8F%E3%82%8C%E3%81%8A" n3="%67%69%6A%79%75%74%75" dan="14,14,13,14" rate="1918,2000,1832,1893" sx="M,M,M,M"/><TAIKYOKU oya="0"/><INIT seed="0,0,0,3,3,121" ten="250,250,250,250" oya="0" hai0="41,134,48,17,87,82,19,129,10,86,25,21,98" hai1="85,1,63,130,39,102,107,54,13,113,8,108,114" hai2="31,88,91,99,28,103,23,27,56,68,116,38,123" hai3="50,95,80,76,109,60,133,79,83,12,97,62,101"/><T89/><D129/><U57/><E39/><V16/><F123/><W49/><G133/><T69/><D69/><U0/><E130/><V58/><F68/><W61/><G109/><T30/><D134/><U64/><E107/><V106/><F38/><W52/><G49/><T124/><D124/><U115/><E102/><V67/><F116/><W29/><G29/><T26/><D98/><U126/><E126/><V46/><F46/><W9/><G76/><T55/><D41/><U119/><E119/><V44/><F44/><N who="3" m="27719" /><G79/><T92/><D10/><U73/><E73/><V4/><F4/><AGARI ba="0,0" hai="4,9,12,60,61,62,80,83,95,97,101" m="27719" machi="4" ten="30,2000,0" yaku="8,1,54,1" doraHai="121" who="3" fromWho="2" sc="250,0,250,0,250,-20,250,20" /><INIT seed="1,0,0,3,4,129" ten="250,250,230,270" oya="1" hai0="24,88,84,19,79,25,12,3,8,104,85,27,82" hai1="83,2,111,38,97,63,52,1,123,4,59,109,68" hai2="10,17,86,90,127,113,32,46,69,70,73,29,18" hai3="0,67,28,6,9,130,47,57,95,103,87,48,94"/><U56/><E68/><V42/><F73/><W34/><G130/><T89/><D104/><U39/><E123/><V72/><F72/><W121/><G121/><T36/><D36/><U78/><E97/><V30/><F127/><W105/><G87/><T106/><D106/><U134/><E59/><V51/><F70/><W116/><G116/><T92/><D3/><U96/><E96/><V7/><F69/><W119/><G103/><T54/><D54/><U65/><E65/><V91/><F91/><W101/><G101/><T33/><D33/><U5/><E39/><V44/><F44/><W22/><G105/><T40/><D40/><U49/><E38/><V115/><F32/><W20/><G34/><T14/><D79/><U80/><E63/><V45/><F45/><W35/><G35/><T66/><D66/><U37/><E37/><V11/><F30/><W114/><G28/><T50/><D50/><U131/><E131/><V125/><F125/><W21/><G114/><T98/><D98/><U126/><E126/><V107/><F29/><W23/><G119/><T74/><D74/><N who="1" m="43095" /><E83/><V133/><F107/><W16/><G67/><T135/><REACH who="0" step="1"/><D14/><REACH who="0" step="2"/><U124/><E124/><V75/><F115/><W81/><G0/><T77/><D77/><U120/><E1/><V117/><F117/><W118/><G118/><T71/><D71/><U128/><E120/><V112/><F113/><W26/><G48/><T55/><D55/><U102/><E128/><V93/><F112/><W122/><G122/><T15/><D15/><U58/><E2/><V53/><F53/><W13/><G13/><RYUUKYOKU ba="0,1" sc="240,30,250,-10,230,-10,270,-10" hai0="8,12,19,24,25,27,82,84,85,88,89,92,135" /><INIT seed="2,1,1,3,3,31" ten="270,240,220,260" oya="2" hai0="94,132,108,81,98,7,105,85,107,15,41,90,109" hai1="102,10,67,56,52,3,29,120,112,115,53,13,2" hai2="26,27,116,19,134,20,18,82,61,121,43,96,28" hai3="36,78,0,8,59,83,113,127,72,57,88,24,111"/><V47/><F121/><W12/><G36/><T93/><D41/><U55/><E120/><V48/><F116/><W92/><G111/><N who="0" m="42571" /><D15/><U103/><E29/><V114/><F114/><W110/><G110/><T21/><D21/><U79/><E79/><V30/><F96/><W1/><G113/><N who="1" m="43594" /><E56/><V128/><F128/><W131/><G127/><T45/><D45/><U106/><E13/><V17/><F134/><W38/><G38/><T87/><D7/><U14/><E14/><V69/><F82/><W124/><G124/><T42/><D42/><U22/><E22/><V119/><F119/><W40/><G131/><T77/><D132/><U32/><E10/><V16/><REACH who="2" step="1"/><F27/><REACH who="2" step="2"/><W60/><G24/><T6/><D6/><U5/><E5/><V50/><F50/><W74/><G83/><T64/><D64/><AGARI ba="1,2" hai="16,17,18,19,20,26,28,30,43,47,48,61,64,69" machi="64" ten="40,3900,0" yaku="1,1,54,1,53,0" doraHai="31" doraHaiUra="125" who="2" fromWho="0" sc="270,-42,240,0,210,62,260,0" /><INIT seed="2,2,0,1,5,55" ten="228,240,272,260" oya="2" hai0="61,79,62,48,77,12,89,56,118,13,114,30,3" hai1="14,103,20,105,58,75,21,121,122,35,19,128,71" hai2="38,11,46,115,106,47,113,129,123,27,101,37,125" hai3="96,91,40,54,25,92,109,135,112,9,78,100,132"/><V94/><F123/><W6/><G40/><T64/><D3/><U34/><E71/><V23/><F106/><W102/><G109/><T10/><D114/><U57/><E75/><V53/><F129/><W31/><G78/><T39/><D39/><U130/><E105/><V76/><F76/><W33/><G112/><T126/><D126/><U68/><E68/><V120/><F120/><N who="1" m="46185" /><E103/><V63/><F125/><W59/><G135/><T18/><D118/><U22/><E19/><V93/><F11/><W52/><G54/><T70/><D30/><U73/><E14/><V69/><F115/><W90/><G90/><T26/><D26/><U84/><E84/><V99/><F93/><W66/><G66/><T81/><D13/><U17/><E17/><V116/><F37/><W15/><REACH who="3" step="1"/><G132/><REACH who="3" step="2"/><T134/><D134/><U51/><E73/><V41/><F113/><W85/><G85/><T8/><D64/><U83/><E83/><V36/><F116/><W117/><G117/><T97/><D70/><U133/><E133/><V7/><F69/><W1/><G1/><T88/><D97/><U110/><E110/><V45/><F41/><W104/><G104/><T44/><D79/><U65/><E65/><V2/><F2/><W16/><G16/><N who="0" m="8199" /><D77/><U42/><E42/><V108/><F108/><W82/><G82/><T43/><D81/><U0/><E0/><V107/><F107/><W49/><AGARI ba="2,1" hai="6,9,15,25,31,33,49,52,59,91,92,96,100,102" machi="49" ten="20,8000,1" yaku="1,1,0,1,7,1,52,1,54,1,53,0" doraHai="55" doraHaiUra="80" who="3" fromWho="3" sc="228,-22,240,-22,272,-42,250,96" /><INIT seed="3,0,0,0,0,51" ten="206,218,230,346" oya="3" hai0="73,135,93,21,98,13,124,122,29,117,9,121,105" hai1="129,70,36,62,67,116,23,65,56,132,89,118,69" hai2="26,128,91,17,112,48,75,97,42,50,45,54,127" hai3="5,107,8,74,113,104,12,77,110,99,86,87,14"/><W35/><G35/><T52/><D105/><U39/><E89/><V3/><F3/><W101/><G113/><T11/><D73/><U111/><E23/><V103/><F75/><W37/><G37/><T6/><D117/><N who="1" m="45163" /><E111/><V53/><F112/><W27/><G27/><N who="0" m="16623" /><D122/><U46/><E129/><V24/><F128/><W55/><G107/><T131/><D121/><U72/><E72/><V58/><F127/><W25/><G25/><T30/><D124/><U57/><E132/><V96/><F42/><W84/><G110/><T64/><D135/><U90/><E90/><V115/><F115/><W28/><G28/><T43/><D43/><N who="1" m="22887" /><E39/><V19/><F103/><W41/><G74/><T119/><D119/><U102/><E102/><V76/><F76/><W34/><G77/><T18/><D131/><U125/><E125/><V81/><F81/><W80/><G80/><T123/><D30/><U126/><E126/><V0/><F0/><W4/><G101/><N who="0" m="60623" /><D123/><U88/><E88/><V85/><F97/><W49/><G99/><T106/><D106/><U133/><E133/><V1/><F96/><W108/><G104/><T78/><D78/><U92/><E92/><N who="2" m="54383" /><F1/><W32/><G108/><T47/><D64/><N who="1" m="24651" /><E56/><V130/><F130/><W66/><G32/><T59/><D47/><U61/><E61/><V109/><F109/><W31/><G34/><T120/><D120/><U95/><E95/><V38/><F38/><W63/><G63/><N who="0" m="36327" /><D6/><U100/><E100/><V79/><F79/><W2/><G4/><T40/><D9/><U22/><E22/><V68/><F68/><W60/><G8/><RYUUKYOKU ba="0,0" sc="206,10,218,10,230,10,346,-30" hai0="11,13,18,40" hai1="57,62,69,70" hai2="17,19,24,26,45,48,50,53,54,58" /><INIT seed="4,1,0,2,4,1" ten="216,228,240,316" oya="0" hai0="130,90,131,50,28,82,51,127,5,114,81,30,123" hai1="107,7,60,32,72,8,98,38,55,33,29,48,11" hai2="85,115,99,96,65,35,113,100,22,68,4,37,87" hai3="76,74,54,71,105,23,16,121,109,83,34,70,95"/><T78/><D123/><U119/><E38/><V101/><F37/><W49/><G105/><T118/><D118/><U64/><E72/><V124/><F35/><W67/><G34/><T17/><D17/><U53/><E11/><V132/><F65/><W6/><G109/><T19/><D19/><U10/><E10/><V108/><F68/><W25/><G121/><T62/><D62/><U56/><E119/><V104/><F22/><W73/><G73/><T111/><D111/><U69/><E29/><V88/><F108/><W117/><G117/><T110/><D110/><U9/><E9/><V94/><F4/><W41/><G41/><T103/><D103/><U42/><E42/><V93/><F132/><W120/><G120/><T63/><D63/><U77/><E77/><V102/><F124/><W46/><G6/><T58/><D114/><N who="2" m="43530" /><F102/><W2/><G2/><T45/><D5/><U14/><REACH who="1" step="1"/><E53/><REACH who="1" step="2"/><V106/><F106/><W13/><G74/><N who="0" m="43223" /><D28/><U15/><E15/><V84/><AGARI ba="1,1" hai="84,85,87,88,93,94,96,99,100,101,104" m="43530" machi="84" ten="30,7900,0" yaku="15,1,34,2,54,1" doraHai="1" who="2" fromWho="2" sc="216,-40,218,-21,240,92,316,-21" /><INIT seed="5,0,0,0,2,70" ten="176,197,332,295" oya="1" hai0="85,89,75,3,64,95,91,71,103,17,44,78,76" hai1="107,108,74,57,29,46,4,63,92,133,36,5,66" hai2="69,30,105,111,131,124,33,21,119,18,54,10,100" hai3="114,23,50,134,55,98,41,135,128,27,19,112,28"/><U72/><E107/><V130/><F69/><W127/><G41/><T102/><D64/><U58/><E133/><N who="3" m="50698" /><G127/><T116/><D44/><U32/><E108/><V81/><F124/><W59/><G128/><N who="2" m="49193" /><F119/><W109/><G109/><T123/><D17/><U22/><E32/><V37/><F37/><W52/><G98/><N who="0" m="57711" /><D3/><U86/><E74/><V24/><F111/><W67/><G67/><T15/><D15/><U73/><E73/><V20/><F54/><N who="3" m="32215" /><G28/><T93/><D71/><U117/><E72/><V40/><F40/><W60/><G60/><T2/><D2/><U122/><E117/><V113/><F81/><W82/><G82/><N who="0" m="47303" /><D116/><U94/><E58/><V6/><F100/><N who="0" m="38442" /><D123/><U56/><E122/><V90/><F90/><W115/><AGARI ba="0,0" hai="19,23,27,52,55,112,114,115" m="32215,50698" machi="115" ten="40,5200,0" yaku="15,1,20,1,54,1" doraHai="70" who="3" fromWho="3" sc="176,-13,197,-26,332,-13,295,52" /><INIT seed="6,0,0,0,0,45" ten="163,171,319,347" oya="2" hai0="52,49,25,75,51,100,26,116,111,7,60,66,122" hai1="68,13,120,31,124,135,0,108,114,85,63,32,105" hai2="57,19,76,82,28,130,115,83,30,21,106,6,43" hai3="35,18,97,3,112,8,131,29,96,58,107,99,5"/><V12/><F106/><W23/><G131/><T78/><D122/><U4/><RYUUKYOKU type="yao9" ba="0,0" sc="163,0,171,0,319,0,347,0" hai1="0,4,13,31,32,63,68,85,105,108,114,120,124,135" /><INIT seed="6,1,0,4,5,67" ten="163,171,319,347" oya="2" hai0="32,86,93,28,98,79,119,36,132,10,69,89,12" hai1="47,113,103,87,46,44,58,104,78,68,11,90,92" hai2="14,21,7,51,82,83,131,111,120,91,55,48,123" hai3="25,135,80,30,29,41,81,19,49,101,77,110,3"/><V53/><F131/><W73/><G110/><T129/><D36/><U2/><E113/><V56/><F111/><W88/><G3/><T121/><D121/><U65/><E2/><V105/><F105/><W35/><G29/><T106/><D129/><U43/><E104/><V116/><F116/><W0/><G0/><T130/><D132/><U31/><E31/><V15/><F123/><W40/><G101/><T27/><D130/><U24/><E24/><V23/><F7/><W97/><G135/><T122/><D122/><U100/><E43/><V74/><F74/><W1/><G1/><T109/><D109/><U128/><E128/><V94/><F21/><W16/><G49/><T20/><D119/><U59/><E78/><V112/><F23/><W50/><G50/><T124/><D124/><U17/><E68/><V9/><F9/><W70/><G70/><T75/><D69/><U13/><REACH who="1" step="1"/><E65/><REACH who="1" step="2"/><V39/><F112/><W115/><G40/><T22/><D75/><U84/><E84/><V71/><F71/><W102/><G41/><T126/><D126/><U96/><E96/><N who="2" m="57439" /><F120/><W8/><G115/><T72/><D72/><U63/><E63/><V133/><F133/><W18/><G73/><T118/><D118/><U26/><E26/><V52/><F39/><W60/><G25/><T37/><D37/><U57/><AGARI ba="1,1" hai="11,13,17,44,46,47,57,58,59,87,90,92,100,103" machi="57" ten="30,7900,0" yaku="1,1,0,1,8,1,53,1" doraHai="67" doraHaiUra="85" who="1" fromWho="1" sc="163,-21,161,92,319,-40,347,-21" /><INIT seed="7,0,0,0,4,107" ten="142,253,279,326" oya="3" hai0="81,77,46,71,54,4,30,113,13,117,34,94,42" hai1="56,32,60,132,39,104,3,58,27,21,126,19,26" hai2="122,88,124,44,109,52,61,18,20,125,103,49,50" hai3="73,29,7,78,45,23,128,119,47,74,0,101,36"/><W1/><G119/><T68/><D117/><U9/><E39/><V14/><F109/><W135/><G78/><T111/><D111/><U38/><E38/><V31/><F103/><W72/><G101/><T87/><D113/><U65/><E104/><V40/><F61/><W91/><G135/><T123/><D123/><U105/><E105/><V89/><F31/><W22/><G128/><T99/><D54/><U12/><E132/><V100/><F100/><W63/><G7/><T33/><D68/><U85/><E126/><N who="2" m="48747" /><F122/><W97/><G63/><T5/><D71/><U118/><E118/><V62/><F62/><W66/><G66/><T51/><D4/><U75/><E27/><V110/><F110/><W2/><G36/><T37/><D37/><U127/><E127/><V131/><F131/><W106/><G106/><T83/><D83/><U79/><E3/><V57/><AGARI ba="0,0" hai="14,18,20,40,44,49,50,52,57,88,89" m="48747" machi="57" ten="30,4000,0" yaku="18,1,54,2" doraHai="107" who="2" fromWho="2" sc="142,-10,253,-10,279,40,326,-20" owari="132,-37,243,-16,319,42,306,11" /></mjloggm>