<mjloggm ver="2.3"><GO type="41"/><UN n0="%E3%83%97%E3%83%83%E3%83%81%E7%A5%9E%E7%88%B6" n1="%76%65%74%6F%6F" n2="%6D%72%2E%61%64%75%6C%74" n3="%E3%82%A6%E3%83%AB%E3%83%88%E3%83%A9%E7%AB%8B%E7%9B%B4" dan="14,14,13,14" rate="1885,1941,1862,1916" sx="M,M,M,M"/><TAIKYOKU oya="0"/><INIT seed="0,0,0,0,2,55" ten="250,250,250,250" oya="0" hai0="81,121,110,89,43,26,82,130,60,21,32,42,122" hai1="29,87,73,128,1,41,47,35,108,4,45,107,58" hai2="94,61,46,5,66,34,92,65,54,106,67,85,16" hai3="97,6,18,126,74,23,114,11,100,98,3,78,0"/><T133/><D32/><U113/><E108/><V44/><F34/><W51/><G98/><T39/><D110/><U132/><E107/><V70/><F106/><W95/><G114/><T72/><D130/><U33/><E47/><N who="2" m="17963" /><F70/><W77/><G126/><T53/><D133/><U131/><E73/><V76/><F5/><W27/><G74/><T125/><D125/><U101/><E101/><V69/><F69/><W22/><G3/><T31/><D39/><U13/><E13/><V56/><F76/><W83/><G83/><T111/><D82/><U36/><E87/><V135/><F135/><W63/><G51/><T119/><D119/><U19/><E132/><V48/><F85/><W118/><G118/><T30/><D111/><U134/><E134/><V28/><F28/><W99/><G99/><T20/><D121/><U93/><E19/><V86/><F86/><W14/><REACH who="3" step="1"/><G63/><REACH who="3" step="2"/><T79/><D122/><U68/><E1/><V123/><F123/><W102/><G102/><T120/><D120/><U127/><E113/><V12/><F61/><W75/><G75/><T10/><D89/><U109/><E127/><V37/><F37/><W38/><G38/><T17/><D10/><AGARI ba="0,1" hai="10,12,16,48,54,56,65,66,67,92,94" m="17963" machi="10" ten="30,3900,0" yaku="8,1,52,1,54,1" doraHai="55" who="2" fromWho="0" sc="250,-39,250,0,250,49,240,0" /><INIT seed="1,0,0,0,1,58" ten="211,250,299,240" oya="1" hai0="23,80,10,47,123,77,120,5,60,93,13,42,54" hai1="0,53,116,132,105,48,1,32,85,22,3,9,27" hai2="30,56,106,15,24,39,102,114,108,70,96,36,74" hai3="122,17,11,97,82,7,117,112,33,45,126,43,91"/><U65/><E116/><V49/><F108/><W67/><G33/><T62/><D23/><U76/><E105/><V110/><F110/><W50/><G122/><N who="0" m="46635" /><D54/><U35/><E132/><V111/><F111/><W59/><G117/><T101/><D93/><U83/><E9/><V71/><F74/><W131/><G112/><T87/><D101/><U63/><E53/><V115/><F49/><AGARI ba="0,0" hai="5,10,13,42,47,49,60,62,77,80,87" m="46635" machi="49" ten="30,7700,0" yaku="25,1,13,1,52,2" doraHai="58" who="0" fromWho="2" sc="211,77,250,0,299,-77,240,0" /><INIT seed="2,0,0,2,4,12" ten="288,250,222,240" oya="2" hai0="95,93,3,41,14,85,50,43,105,62,28,84,20" hai1="47,123,13,101,119,55,98,60,92,42,75,66,74" hai2="2,48,73,135,104,72,7,111,91,121,44,117,61" hai3="22,56,124,70,9,24,90,23,10,69,53,35,122"/><V71/><F117/><W114/><G122/><T107/><D3/><U0/><E0/><V132/><F121/><W99/><G114/><T115/><D14/><U51/><E123/><V31/><F31/><W27/><G35/><T46/><D115/><U79/><E119/><V103/><F104/><W97/><G124/><T38/><D62/><U18/><E79/><V45/><F103/><W126/><G126/><T68/><D46/><N who="2" m="18026" /><F48/><W33/><G33/><T1/><D50/><U112/><E112/><V82/><F7/><W110/><G110/><T129/><D1/><U100/><E100/><V54/><F2/><W128/><G128/><T133/><D20/><U67/><E42/><V29/><F29/><W87/><G69/><T64/><D28/><U6/><E6/><V130/><F130/><W39/><G70/><T118/><D68/><U8/><REACH who="1" step="1"/><E67/><REACH who="1" step="2"/><N who="2" m="41455" /><F111/><W113/><G113/><T116/><D64/><U4/><E4/><V127/><F127/><W65/><G65/><T5/><D5/><U21/><E21/><V26/><F54/><W57/><G53/><T108/><D129/><U34/><E34/><V125/><F125/><W58/><G23/><T96/><D108/><U59/><AGARI ba="0,1" hai="8,13,18,47,51,55,59,60,66,74,75,92,98,101" machi="59" ten="20,5200,0" yaku="1,1,0,1,7,1,52,1,53,0" doraHai="12" doraHaiUra="77" who="1" fromWho="1" sc="288,-13,240,62,222,-26,240,-13" /><INIT seed="3,0,0,4,4,124" ten="275,302,196,227" oya="3" hai0="45,4,120,44,27,130,33,123,5,51,2,129,74" hai1="19,102,10,18,82,59,72,107,66,101,49,98,28" hai2="131,106,23,7,95,99,38,41,96,78,108,128,1" hai3="121,40,104,84,110,67,29,69,86,94,71,12,76"/><W85/><G104/><T62/><D62/><U100/><E28/><V89/><F41/><W97/><G121/><T15/><D74/><U36/><E36/><V64/><F38/><W57/><G76/><T31/><D45/><U122/><E122/><N who="0" m="46633" /><D44/><U127/><E127/><V46/><F64/><W16/><G40/><T42/><D51/><U58/><E72/><V56/><F46/><W126/><G126/><T105/><D42/><U21/><E82/><V103/><F56/><W80/><G69/><T116/><D105/><U39/><E39/><V53/><F53/><W35/><G71/><T117/><D2/><U87/><E87/><V17/><F7/><N who="0" m="2634" /><D15/><N who="1" m="7543" /><E107/><V68/><F1/><W91/><G67/><T25/><D25/><N who="1" m="14527" /><E98/><V135/><F108/><W22/><G57/><N who="1" m="21514" /><E49/><V75/><F135/><W3/><G3/><T132/><D132/><U77/><E66/><V0/><F0/><W112/><G110/><T134/><D134/><U109/><E109/><V125/><F68/><W115/><REACH who="3" step="1"/><G80/><REACH who="3" step="2"/><T50/><D50/><U11/><E77/><V133/><F125/><W114/><G114/><T34/><D34/><U61/><E61/><V55/><F133/><W13/><G13/><T37/><D37/><U20/><E102/><V60/><F55/><W88/><G88/><T70/><D70/><U113/><E101/><V81/><F60/><W54/><G54/><T9/><D9/><U48/><E11/><V92/><REACH who="2" step="1"/><F106/><REACH who="2" step="2"/><W24/><AGARI ba="0,2" hai="12,16,22,24,29,35,84,85,86,91,94,97,112,115" machi="24" ten="30,6000,0" yaku="1,1,0,1,54,1,53,0" doraHai="124" doraHaiUra="6" who="3" fromWho="3" sc="275,-20,302,-20,186,-20,217,80" /><INIT seed="3,1,0,0,0,118" ten="255,282,166,297" oya="3" hai0="73,37,116,132,42,64,128,4,110,19,3,122,46" hai1="133,71,25,129,44,61,9,21,15,81,38,68,105" hai2="41,56,52,54,57,30,75,11,70,35,113,93,67" hai3="2,59,88,33,84,101,78,20,104,10,60,32,135"/><W50/><G135/><T28/><D19/><U91/><E105/><V40/><F75/><W119/><G119/><T43/><D64/><U53/><E133/><V1/><F30/><W126/><G126/><T79/><D28/><U16/><E129/><V8/><F35/><W69/><G69/><T27/><D132/><U80/><E38/><V0/><F113/><W24/><G78/><T26/><D128/><U17/><E80/><V90/><F67/><W111/><G111/><T66/><D116/><U77/><E61/><V127/><F93/><W63/><G50/><T36/><D66/><U95/><E95/><V45/><F45/><W65/><G63/><T55/><D55/><U6/><E6/><V108/><F108/><W62/><G62/><T13/><D13/><U14/><E25/><V48/><F48/><W51/><G51/><T29/><D110/><U100/><E100/><V121/><F90/><W125/><G125/><T85/><D73/><U117/><E117/><V34/><F34/><W87/><G87/><T22/><D85/><N who="1" m="50607" /><E77/><V102/><F102/><W47/><G101/><T82/><D36/><U106/><E106/><V130/><F130/><W131/><G104/><T31/><D37/><U74/><E74/><V39/><F39/><W86/><G131/><T7/><D82/><U83/><E83/><V99/><F99/><W92/><G84/><T120/><D79/><U49/><AGARI ba="1,0" hai="9,14,15,16,17,21,44,49,53,68,71" m="50607" machi="49" ten="30,2000,0" yaku="25,1,54,1" doraHai="118" who="1" fromWho="1" sc="255,-6,282,23,166,-6,297,-11" /><INIT seed="4,0,0,1,0,99" ten="249,305,160,286" oya="0" hai0="122,76,121,108,86,77,123,98,71,94,88,106,22" hai1="90,25,66,107,115,114,52,3,130,124,78,27,51" hai2="91,10,37,38,33,96,110,63,134,65,20,31,112" hai3="74,18,111,119,113,32,46,44,129,73,2,6,101"/><T127/><D71/><U85/><E3/><V9/><F110/><W36/><G18/><T109/><D22/><U41/><E78/><N who="0" m="30313" /><D127/><U26/><E66/><V75/><F75/><W70/><G46/><T55/><D55/><U128/><E41/><V125/><F33/><W40/><G111/><N who="0" m="42571" /><D98/><U67/><E107/><AGARI ba="0,0" hai="86,88,94,106,107,121,122,123" m="42571,30313" machi="107" ten="40,12000,1" yaku="10,1,34,2,54,1" doraHai="99" who="0" fromWho="1" sc="249,120,305,-120,160,0,286,0" /><INIT seed="4,1,0,3,4,40" ten="369,185,160,286" oya="0" hai0="126,33,89,106,54,70,48,113,128,7,111,102,27" hai1="98,80,71,32,14,69,74,124,11,57,50,114,38" hai2="103,92,101,30,44,17,90,83,2,88,122,100,68" hai3="13,24,56,10,72,99,110,61,34,123,82,65,125"/><T15/><D113/><U66/><E38/><V116/><F68/><W96/><G110/><T105/><D111/><U109/><E32/><V81/><F2/><W133/><G123/><T39/><D39/><U84/><E109/><V36/><F30/><W94/><G125/><T107/><D126/><U12/><E74/><V42/><F122/><W20/><G34/><T29/><D54/><U22/><E124/><V18/><F116/><W121/><G121/><T95/><D70/><U43/><E98/><V25/><F25/><W55/><G133/><T97/><D128/><U21/><E114/><V37/><F37/><W64/><G82/><T129/><D129/><U60/><E69/><V118/><F118/><W58/><G72/><T77/><D77/><N who="1" m="46095" /><E14/><V67/><F67/><W119/><G119/><T130/><D130/><U45/><E71/><V52/><F90/><W76/><G76/><T86/><REACH who="0" step="1"/><D48/><REACH who="0" step="2"/><U75/><E75/><V115/><F115/><W1/><G55/><T104/><D104/><U131/><E131/><V4/><F52/><W112/><G112/><T46/><D46/><U26/><E26/><V31/><F36/><W16/><G64/><T62/><D62/><U135/><E135/><V23/><F44/><W73/><G65/><T53/><D53/><U47/><E47/><V0/><F42/><W127/><G127/><T35/><D35/><U132/><E132/><V134/><F134/><W85/><G61/><T6/><D6/><AGARI ba="1,1" hai="6,11,12,21,22,43,45,50,57,60,66" m="46095" machi="6" ten="30,3900,0" yaku="25,1,8,1,52,1" doraHai="40" who="1" fromWho="0" sc="359,-42,185,52,160,0,286,0" /><INIT seed="5,0,0,0,5,125" ten="317,237,160,286" oya="1" hai0="90,34,112,128,54,27,110,43,132,67,114,95,3" hai1="56,97,66,86,62,118,94,71,78,101,133,77,31" hai2="52,12,131,15,103,74,41,5,20,23,79,48,17" hai3="55,6,60,121,107,82,65,116,109,11,9,1,39"/><U50/><E118/><V40/><F131/><W89/><G55/><T98/><D128/><U37/><E37/><V123/><F123/><W29/><G89/><T100/><D3/><U91/><E133/><V0/><F103/><W130/><G121/><T51/><D43/><U22/><E50/><V129/><F129/><W119/><G130/><T124/><D132/><U4/><E4/><V88/><F79/><W47/><G109/><T75/><D110/><U105/><E71/><V69/><F74/><W38/><G11/><T46/><D67/><U73/><E73/><V19/><F69/><N who="3" m="42151" /><G29/><T36/><D36/><U83/><E105/><V122/><F122/><W18/><G18/><T127/><D75/><U61/><E61/><V113/><F113/><N who="0" m="43626" /><D100/><U42/><E42/><V92/><F5/><W99/><G82/><T84/><D98/><U21/><E21/><V8/><F8/><W70/><G70/><T53/><D53/><U10/><E10/><V80/><F80/><W102/><G39/><T30/><AGARI ba="0,0" hai="27,30,34,46,51,54,84,90,95,124,127" m="43626" machi="30" ten="30,1100,0" yaku="15,1" doraHai="125" who="0" fromWho="0" sc="317,11,237,-5,160,-3,286,-3" /><INIT seed="6,0,0,0,3,102" ten="328,232,157,283" oya="2" hai0="49,26,90,64,60,106,33,12,28,42,121,2,47" hai1="32,1,4,63,79,9,132,83,95,38,35,96,78" hai2="100,59,85,65,15,127,56,46,23,105,14,114,117" hai3="135,68,20,99,0,76,8,52,123,73,53,77,5"/><V131/><F117/><W55/><G123/><T88/><D121/><U126/><E126/><V30/><F127/><W86/><G135/><T40/><D2/><U89/><E132/><V67/><F131/><W128/><G128/><T113/><D113/><U120/><E120/><V69/><F114/><W119/><G119/><T17/><D40/><U22/><E78/><V103/><F69/><W71/><G73/><T50/><D50/><U133/><E133/><V43/><F85/><W58/><G58/><N who="2" m="22057" /><F105/><W57/><G57/><T81/><D106/><U134/><E134/><V13/><F46/><W124/><G124/><T48/><D48/><U18/><E63/><V16/><F43/><W125/><G125/><T27/><D27/><U70/><E70/><V51/><F51/><W91/><G99/><T112/><D81/><U87/><REACH who="1" step="1"/><E38/><REACH who="1" step="2"/><V108/><F108/><W122/><G122/><T94/><D112/><U129/><E129/><V29/><F100/><W41/><G71/><T21/><D60/><U6/><E6/><V10/><F103/><W92/><G68/><T36/><D36/><U80/><E80/><V25/><F13/><AGARI ba="0,1" hai="1,4,9,13,18,22,32,35,79,83,87,89,95,96" machi="13" ten="30,2000,0" yaku="1,1,7,1,53,0" doraHai="102" doraHaiUra="39" who="1" fromWho="2" sc="328,0,222,30,157,-20,283,0" /><INIT seed="7,0,0,1,2,45" ten="328,252,137,283" oya="3" hai0="69,123,77,104,1,17,70,119,6,10,114,12,14" hai1="94,38,8,72,50,134,82,2,128,22,23,49,30" hai2="67,5,51,81,27,24,41,73,13,63,64,97,47" hai3="33,90,130,28,75,29,20,105,21,87,31,118,40"/><W96/><G75/><T26/><D119/><U89/><E38/><V85/><F73/><W95/><G118/><T34/><D77/><U32/><E32/><V61/><F97/><W99/><G130/><T7/><D104/><U35/><E35/><V39/><F39/><W37/><G33/><T120/><D69/><U129/><E134/><V125/><F125/><W78/><G37/><T16/><D70/><U127/><E127/><V9/><F63/><W113/><G113/><T112/><D1/><U91/><E2/><V54/><F54/><W103/><G40/><T56/><D56/><U80/><E8/><V122/><F122/><N who="0" m="46634" /><D6/><U74/><E94/><V57/><REACH who="2" step="1"/><F67/><REACH who="2" step="2"/><W131/><G131/><T124/><D124/><U25/><E25/><V0/><F0/><W109/><G109/><T44/><D26/><U98/><E98/><V132/><F132/><W111/><G111/><T46/><D34/><U68/><E68/><V115/><F115/><N who="0" m="44074" /><D7/><U62/><E62/><V117/><F117/><W106/><G105/><T15/><D10/><U86/><E30/><V126/><F126/><W79/><G99/><T58/><D58/><U100/><E86/><V19/><F19/><AGARI ba="0,1" hai="12,14,15,16,17,19,44,46" m="44074,46634" machi="19" ten="40,8000,1" yaku="28,2,15,1,11,1,54,1" doraHai="45" who="0" fromWho="2" sc="328,90,252,0,127,-80,283,0" owari="418,52,252,-15,47,-45,283,8" /></mjloggm>