<mjloggm ver="2.3"><GO type="193"/><UN n0="%E3%81%BF%E3%81%A3%E3%81%A3%E3%81%8F" n1="%E3%83%AC%E3%83%A2%E3%83%B3%E3%83%86%E3%82%A3%E3%83%BC" n2="%E3%82%A6%E3%83%AB%E3%83%88%E3%83%A9%E7%AB%8B%E7%9B%B4" n3="%42%69%72%72%61" dan="12,10,12,12" rate="1732,1498,1878,1676" sx="M,M,M,F"/><TAIKYOKU oya="0"/><INIT seed="0,0,0,0,5,128" ten="250,250,250,250" oya="0" hai0="29,48,126,28,130,113,114,129,109,106,62,105,46" hai1="55,98,58,77,103,17,14,89,104,135,74,18,127" hai2="13,70,67,6,15,31,49,87,59,133,52,108,122" hai3="134,40,115,97,32,10,63,30,78,119,120,112,76" shuffle="mt19937ar,F0EA845B,94C9047A,BE745CE0,B08ADE14,3D1923FD,61A3A0BD,59B08ADB,27398777"/><T71/><D71/><U35/><E35/><V121/><F31/><N who="0" m="11850" /><D62/><U80/><E127/><V118/><F121/><W4/><G119/><T84/><D84/><U33/><E33/><V102/><F122/><W101/><G115/><N who="0" m="44043" /><D126/><U123/><E123/><V68/><F118/><W50/><G112/><T107/><D46/><U27/><E27/><V57/><F68/><W94/><G120/><T83/><D83/><U51/><E135/><V99/><F70/><W66/><G32/><T54/><D54/><U60/><E14/><V36/><F36/><W61/><G30/><T117/><D48/><U91/><REACH who="1" step="1"/><E60/><REACH who="1" step="2"/><N who="2" m="38287" /><F133/><W73/><G63/><T1/><D117/><U16/><AGARI ba="0,1" hai="16,17,18,51,55,58,74,77,80,89,91,98,103,104" machi="16" ten="30,4000,0" yaku="1,1,0,1,54,1,53,0" doraHai="128" doraHaiUra="88" who="1" fromWho="1" sc="250,-20,240,50,250,-10,250,-10" /><INIT seed="1,0,0,4,4,122" ten="230,290,240,240" oya="1" hai0="108,114,47,97,64,98,57,38,115,104,41,16,4" hai1="87,69,106,75,128,35,8,129,39,120,55,111,50" hai2="70,23,77,63,110,6,15,84,37,36,89,34,90" hai3="71,80,105,79,29,124,93,88,101,46,45,131,9" shuffle="mt19937ar,92EAA324,EC2EE17F,0F692DA4,615723AA,1CB3F66B,D6047965,7A0DD31E,493A9072"/><U61/><E8/><V11/><F34/><W78/><G71/><T95/><D4/><U102/><E120/><V72/><F72/><W109/><G29/><T22/><D104/><U20/><E35/><V51/><F77/><W125/><G9/><T65/><D108/><U31/><E111/><V26/><F110/><W86/><G109/><T113/><D97/><U18/><E31/><V17/><F89/><W130/><G46/><T12/><REACH who="0" step="1"/><D57/><REACH who="0" step="2"/><U135/><E39/><V94/><F36/><W14/><G45/><T7/><D7/><U1/><E1/><V42/><F37/><W119/><G14/><T44/><D44/><U82/><E75/><V121/><F121/><W127/><G119/><T24/><D24/><U74/><E74/><V59/><F70/><W134/><G134/><T132/><D132/><U81/><E135/><V100/><F100/><AGARI ba="0,1" hai="12,16,22,38,41,47,64,65,95,98,100,113,114,115" machi="100" ten="40,5200,0" yaku="1,1,54,1,53,1" doraHai="122" doraHaiUra="96" who="0" fromWho="2" sc="220,62,290,0,240,-52,240,0" /><INIT seed="2,0,0,1,4,49" ten="282,290,188,240" oya="2" hai0="76,135,48,69,92,98,79,108,118,103,83,68,75" hai1="77,110,28,113,41,38,60,37,44,124,127,4,40" hai2="126,101,106,5,47,23,107,56,3,29,91,102,21" hai3="122,130,133,55,22,6,84,95,42,27,94,9,51" shuffle="mt19937ar,3E8C4884,8FA821B6,C5D654C2,F2572896,D9969711,0B92AAED,FEDEE316,29BA170F"/><V88/><F5/><W0/><G122/><T109/><D76/><U134/><E77/><V31/><F56/><W25/><G42/><T132/><D118/><U90/><E4/><V19/><F47/><W87/><G133/><N who="0" m="51275" /><D48/><U67/><E28/><V65/><F19/><W111/><G111/><AGARI ba="0,0" hai="68,69,75,79,83,92,98,103,108,109,111" m="51275" machi="111" ten="30,2000,0" yaku="14,1,20,1" doraHai="49" who="0" fromWho="3" sc="282,20,290,0,188,0,240,-20" /><INIT seed="3,0,0,4,1,78" ten="302,290,188,220" oya="3" hai0="64,111,100,112,66,9,116,119,51,32,26,108,80" hai1="104,15,79,98,74,92,125,117,91,95,70,8,132" hai2="114,133,54,71,83,37,90,14,105,22,107,0,11" hai3="113,7,25,34,53,39,24,57,73,60,55,93,88" shuffle="mt19937ar,97A0C556,0C65FA8A,75CC4749,B50F7E02,38E45C85,A86F4F45,3BD2E2C2,52F6303A"/><W2/><G73/><T10/><D100/><U94/><E70/><V61/><F37/><W19/><G113/><T85/><D112/><U40/><E125/><V84/><F114/><W50/><G39/><T120/><D120/><U45/><E132/><V89/><F133/><W65/><G34/><T44/><D32/><U129/><E129/><V106/><F0/><W30/><G2/><T5/><D26/><N who="3" m="10345" /><G30/><T46/><D46/><U82/><E117/><N who="0" m="45129" /><D10/><U56/><E56/><V38/><F38/><W128/><G7/><T52/><D5/><U16/><REACH who="1" step="1"/><E104/><REACH who="1" step="2"/><V69/><F22/><W122/><G128/><T123/><D123/><U21/><E21/><V96/><F69/><W99/><G122/><T81/><D9/><U13/><E13/><V41/><F41/><W121/><G121/><T68/><D68/><U6/><E6/><V134/><F134/><W115/><G115/><T75/><D75/><U36/><AGARI ba="0,1" hai="8,15,16,36,40,45,74,79,82,91,92,94,95,98" machi="36" ten="20,12000,2" yaku="1,1,0,1,7,1,52,1,54,1,53,1" doraHai="78" doraHaiUra="43" who="1" fromWho="1" sc="302,-30,280,130,188,-30,220,-60" owari="272,2,410,41,158,-24,160,-19" /></mjloggm>