<mjloggm ver="2.3"><GO type="41"/><UN n0="%E3%82%A6%E3%83%AB%E3%83%88%E3%83%A9%E7%AB%8B%E7%9B%B4" n1="%65%61%61%72%65%71%65" n2="%E2%96%A0%E2%96%A0%E2%96%A0" n3="%CE%A8%E3%83%87%E3%83%93%E3%83%AB%CE%A8" dan="15,14,15,15" rate="1969,1878,1971,2035" sx="M,M,M,M"/><TAIKYOKU oya="0"/><INIT seed="0,0,0,2,5,71" ten="250,250,250,250" oya="0" hai0="67,80,128,62,53,4,133,17,64,61,3,119,54" hai1="85,99,131,10,31,78,135,118,16,15,73,102,55" hai2="107,48,88,111,96,32,35,23,79,27,33,19,28" hai3="2,89,43,13,5,75,109,52,36,121,44,122,117"/><T8/><D119/><U47/><E118/><V98/><F111/><W18/><G117/><T65/><D128/><U123/><E123/><N who="3" m="47114" /><G75/><T82/><D133/><U103/><E73/><V34/><F79/><W134/><G109/><T76/><D17/><U12/><E131/><V29/><F48/><W50/><G134/><T69/><D65/><U106/><E103/><V81/><F107/><W114/><G5/><T125/><D125/><U14/><E135/><V92/><F81/><W101/><G101/><T108/><D108/><U22/><E22/><V93/><N who="2" m="8704" /><DORA hai="66" /><V86/><REACH who="2" step="1"/><F86/><REACH who="2" step="2"/><W60/><G50/><T38/><D38/><U83/><E31/><V87/><F87/><W126/><G36/><T11/><D76/><U113/><E113/><V120/><F120/><W97/><G114/><T105/><D105/><U30/><E30/><V21/><F21/><W132/><G132/><T72/><D72/><U112/><E112/><V51/><F51/><W59/><G126/><T74/><D74/><U100/><E100/><AGARI ba="0,1" hai="19,23,27,28,29,88,92,93,96,98,100" m="8704" machi="100" ten="70,8000,1" yaku="1,1,54,1,53,2" doraHai="71,66" doraHaiUra="24,58" who="2" fromWho="1" sc="250,0,250,-80,240,90,250,0" /><INIT seed="1,0,0,1,2,65" ten="250,170,330,250" oya="1" hai0="52,63,6,29,72,110,116,73,45,55,66,22,90" hai1="82,84,67,122,46,94,15,108,37,99,87,114,32" hai2="89,56,33,134,60,69,119,111,51,61,68,124,118" hai3="40,47,50,117,105,7,2,132,98,48,86,115,125"/><U12/><E32/><V31/><F33/><W58/><G115/><T91/><D116/><U93/><E122/><V107/><F31/><W19/><G117/><N who="2" m="44553" /><F107/><W126/><G2/><T120/><D120/><U59/><E114/><V21/><F89/><W14/><G7/><T42/><D110/><U131/><E108/><V5/><F21/><W24/><G24/><T76/><D6/><U64/><E131/><V16/><F16/><W88/><G132/><T83/><D72/><U17/><E37/><V81/><F81/><W27/><G27/><T97/><D22/><U92/><E46/><V100/><F100/><W36/><G105/><T71/><D29/><U77/><E99/><V34/><F34/><W11/><G98/><T96/><D96/><U80/><E59/><V112/><F5/><W123/><G123/><T28/><D28/><U23/><REACH who="1" step="1"/><E15/><REACH who="1" step="2"/><V20/><F111/><W74/><G58/><T18/><D97/><U70/><E70/><N who="2" m="27243" /><F112/><W54/><G74/><T0/><D73/><U106/><E106/><V44/><F134/><W104/><G104/><T135/><D135/><U75/><E75/><V13/><F56/><W78/><G14/><T95/><D0/><U62/><E62/><V1/><F1/><W30/><G47/><T25/><D63/><U9/><E9/><V102/><F61/><W35/><G11/><T101/><D45/><U127/><E127/><V103/><F60/><W79/><G126/><T8/><D8/><U10/><E10/><V121/><F124/><W49/><G125/><T3/><D3/><U130/><E130/><V109/><F109/><RYUUKYOKU ba="0,1" sc="250,-10,160,30,330,-10,250,-10" hai1="12,17,23,64,67,77,80,82,84,87,92,93,94" /><INIT seed="1,1,1,1,5,121" ten="240,190,320,240" oya="1" hai0="58,83,92,6,0,9,17,114,131,102,122,11,73" hai1="98,123,120,87,118,12,124,85,97,95,43,15,68" hai2="46,70,127,74,35,55,57,23,116,90,32,117,134" hai3="20,112,89,3,84,69,1,45,65,5,13,108,14"/><U78/><E68/><V4/><F70/><W88/><G112/><T132/><D114/><U106/><E106/><V115/><F46/><W86/><G45/><T38/><D122/><U47/><E118/><V119/><F115/><W25/><G65/><T67/><D131/><U81/><E124/><V49/><F127/><W130/><G69/><T66/><D132/><U110/><E123/><V29/><F134/><W8/><G130/><T113/><D113/><U44/><E120/><V82/><F4/><W33/><G108/><T126/><D126/><U128/><E128/><V59/><F59/><W71/><G71/><T16/><D38/><U28/><E28/><V105/><F105/><W36/><G36/><T96/><D11/><U41/><E110/><V48/><F48/><W107/><G107/><T40/><D40/><U39/><E87/><V7/><F7/><W80/><G33/><T100/><D100/><U60/><E60/><V31/><F31/><W62/><G62/><T56/><D56/><U19/><E15/><V21/><F29/><W72/><G72/><T42/><D42/><U37/><REACH who="1" step="1"/><E95/><REACH who="1" step="2"/><V125/><F125/><W51/><G13/><T63/><D67/><U30/><E30/><V52/><F74/><W104/><G104/><T61/><D61/><U50/><E50/><N who="2" m="30871" /><F35/><W54/><G3/><T99/><D99/><U27/><E27/><V26/><F32/><W103/><G1/><T94/><D94/><U133/><E133/><V53/><F26/><W111/><G86/><T24/><D24/><U2/><E2/><V75/><F75/><W93/><G25/><RYUUKYOKU ba="1,2" sc="240,15,180,15,320,-15,240,-15" hai0="0,6,9,16,17,58,63,66,73,83,92,96,102" hai1="12,19,37,39,41,43,44,47,78,81,85,97,98" /><INIT seed="1,2,2,1,2,65" ten="255,195,305,225" oya="1" hai0="132,16,126,56,34,83,72,4,109,104,99,15,70" hai1="98,89,111,23,90,48,123,120,124,95,118,50,128" hai2="42,26,97,102,79,28,46,114,0,100,54,69,115" hai3="77,31,10,33,78,11,53,75,39,71,57,21,135"/><U22/><E128/><V108/><F54/><W9/><G39/><T64/><D4/><U125/><E118/><V121/><F108/><W103/><G103/><T47/><D109/><U91/><E98/><V133/><F121/><N who="1" m="46665" /><E95/><V37/><F133/><W49/><G33/><T134/><D34/><U68/><E111/><V117/><F117/><W87/><G135/><N who="0" m="51755" /><D56/><U66/><E66/><V1/><F102/><W58/><G75/><T44/><D126/><N who="1" m="48747" /><E68/><V63/><F79/><W7/><G71/><T8/><D104/><U74/><E74/><V45/><F45/><W88/><G58/><T116/><D116/><U55/><E55/><V93/><F115/><W122/><G7/><T113/><D113/><U106/><E106/><N who="2" m="63759" /><F114/><W73/><G73/><T76/><D99/><U19/><E19/><V82/><F93/><N who="3" m="54431" /><G122/><T32/><D32/><U107/><E107/><V12/><F82/><W6/><G6/><T112/><D112/><U13/><E13/><V18/><F12/><W38/><G38/><T101/><D101/><U105/><E105/><V5/><F18/><W80/><G80/><T59/><D59/><U130/><E130/><V2/><F2/><W60/><G60/><AGARI ba="2,2" hai="8,15,16,44,47,60,64,70,72,76,83" m="51755" machi="60" ten="30,3900,0" yaku="20,1,52,1,54,1" doraHai="65" who="0" fromWho="3" sc="255,65,195,0,305,0,225,-45" /><INIT seed="2,0,0,2,4,26" ten="320,195,305,180" oya="2" hai0="33,117,51,60,127,39,90,3,23,25,132,105,47" hai1="36,104,62,78,103,122,118,55,30,82,40,85,54" hai2="84,52,91,87,113,126,37,56,81,69,44,110,114" hai3="41,98,134,123,135,112,34,133,68,45,66,75,64"/><V109/><F69/><W107/><G75/><T71/><D117/><U79/><E118/><V92/><F126/><W43/><G123/><T12/><D3/><U17/><E62/><V128/><F128/><W99/><G112/><T50/><D132/><U38/><E122/><V111/><F44/><W6/><G6/><T9/><D33/><U125/><E125/><V22/><F22/><W48/><G43/><T29/><D127/><U63/><E40/><V18/><F18/><W61/><G66/><T19/><D105/><U70/><E55/><V4/><F4/><W131/><G34/><T121/><D121/><U74/><E104/><V28/><F28/><W93/><G107/><T24/><D24/><U8/><E103/><V83/><F37/><W116/><G116/><T32/><D32/><U119/><E119/><V67/><F67/><W72/><G72/><T11/><D11/><U97/><E97/><V100/><F100/><W130/><REACH who="3" step="1"/><G93/><REACH who="3" step="2"/><T13/><D39/><U21/><E74/><V102/><F92/><W49/><G49/><T120/><D51/><U124/><E124/><V53/><F102/><W86/><G86/><T15/><D120/><U129/><E38/><V14/><F53/><W80/><G80/><T95/><D60/><U65/><E54/><V89/><F14/><W77/><G77/><T108/><D71/><U35/><E36/><V7/><F7/><W57/><G57/><T5/><D5/><U76/><E35/><V59/><F59/><W31/><G31/><T88/><D29/><U106/><E106/><V2/><F2/><W16/><G16/><RYUUKYOKU ba="0,1" sc="320,-15,195,-15,305,15,170,15" hai2="52,56,81,83,84,87,89,91,109,110,111,113,114" hai3="41,45,48,61,64,68,98,99,130,131,133,134,135" /><INIT seed="2,1,1,4,1,73" ten="305,180,320,185" oya="2" hai0="45,95,15,116,54,76,21,4,40,127,123,98,60" hai1="3,17,108,126,70,82,112,67,34,61,81,53,96" hai2="43,86,72,63,46,10,5,62,113,88,18,77,94" hai3="1,75,117,106,134,26,128,36,122,119,29,13,64"/><V27/><F113/><W99/><G122/><T125/><D123/><U85/><E112/><V132/><F132/><W131/><G36/><T100/><D116/><U78/><E34/><V39/><F18/><W121/><G121/><T7/><D54/><U52/><E3/><V47/><F27/><W42/><G42/><T49/><D60/><U129/><E126/><N who="0" m="48137" /><D21/><U33/><E33/><V105/><F47/><W11/><G64/><T91/><D15/><U51/><E129/><N who="3" m="49738" /><G75/><T12/><D12/><U87/><E108/><V135/><F105/><W124/><G124/><T50/><D50/><U118/><E118/><V37/><F135/><W59/><G59/><T89/><D76/><U83/><E83/><N who="2" m="45479" /><F39/><W111/><G134/><T115/><D115/><U31/><E31/><V23/><F23/><N who="3" m="15583" /><G1/><AGARI ba="1,1" hai="1,5,10,37,43,46,62,63,86,88,94" m="45479" machi="1" ten="30,5800,0" yaku="25,1,52,1,54,1" doraHai="73" who="2" fromWho="3" sc="305,0,180,0,320,71,185,-61" /><INIT seed="2,2,0,1,2,10" ten="305,180,391,124" oya="2" hai0="47,39,4,48,55,73,100,61,108,8,98,13,131" hai1="58,102,105,9,94,1,12,117,5,57,97,54,33" hai2="70,14,69,104,127,68,125,83,62,71,46,21,93" hai3="133,101,99,2,18,135,49,85,124,88,90,56,72"/><V112/><F104/><W7/><G72/><T27/><D131/><U121/><E33/><V129/><F112/><W32/><G32/><T65/><D108/><U66/><E117/><V95/><F129/><W23/><G7/><T82/><D39/><U120/><E105/><V134/><F134/><N who="3" m="51211" /><G2/><T60/><D27/><U76/><E76/><V44/><F83/><W15/><G124/><N who="2" m="47689" /><F62/><W77/><G77/><T123/><D123/><N who="1" m="47179" /><E1/><V20/><F14/><W106/><G85/><T115/><D115/><U63/><E66/><V16/><F16/><W17/><G17/><T22/><D22/><N who="2" m="8810" /><F68/><W19/><G19/><T80/><D73/><U40/><E58/><V132/><F132/><W59/><G49/><T86/><D65/><U50/><E40/><V51/><F51/><AGARI ba="2,0" hai="5,9,12,50,51,54,57,63,94,97,102" m="47179" machi="51" ten="30,2000,0" yaku="13,1,52,1" doraHai="10" who="1" fromWho="2" sc="305,0,180,26,391,-26,124,0" /><INIT seed="3,0,0,2,4,63" ten="305,206,365,124" oya="3" hai0="69,42,85,24,62,58,81,56,113,78,75,70,82" hai1="76,100,49,37,51,121,43,35,3,72,109,96,124" hai2="27,135,53,7,14,103,10,118,65,98,16,1,117" hai3="8,97,115,20,84,131,38,47,90,61,111,33,126"/><W59/><G33/><T9/><D113/><U77/><E35/><V132/><F27/><W36/><G115/><T4/><D56/><U40/><E121/><V119/><F53/><W0/><G131/><T106/><D106/><U60/><E3/><V68/><F65/><W73/><G73/><T114/><D24/><U95/><E124/><V45/><F45/><W120/><G120/><T11/><D114/><U99/><E109/><V127/><F68/><W108/><G126/><T12/><D9/><U46/><E72/><V91/><F91/><W71/><G71/><T18/><D18/><U34/><E34/><V125/><F125/><W32/><G32/><T50/><D81/><U122/><E122/><V134/><F127/><W89/><G20/><T66/><REACH who="0" step="1"/><D75/><REACH who="0" step="2"/><U19/><E19/><V2/><F7/><W105/><G105/><AGARI ba="0,1" hai="1,2,10,14,16,98,103,105,117,118,119,132,134,135" machi="105" ten="50,3200,0" yaku="20,1,54,1" doraHai="63" who="2" fromWho="3" sc="295,0,206,0,365,42,124,-32" /><INIT seed="4,0,0,2,1,99" ten="295,206,407,92" oya="0" hai0="49,17,32,19,101,120,42,24,80,123,68,121,78" hai1="44,55,132,118,70,51,115,47,100,72,18,134,33" hai2="127,34,94,87,25,73,38,41,88,81,20,43,23" hai3="125,96,83,64,60,85,48,86,122,22,13,135,63"/><T110/><D68/><U112/><E70/><V37/><F127/><W82/><G125/><T59/><D110/><U95/><E72/><V79/><F34/><W54/><G135/><N who="1" m="51754" /><E33/><V57/><F23/><W7/><G122/><T62/><D32/><U114/><E18/><V71/><F71/><W0/><G0/><T46/><D24/><U77/><E77/><V92/><F92/><W53/><G96/><T98/><D59/><N who="1" m="33279" /><E118/><V36/><REACH who="2" step="1"/><F57/><REACH who="2" step="2"/><W16/><G83/><T65/><D65/><U128/><E128/><V76/><F76/><W84/><G82/><T26/><D26/><U69/><E69/><V56/><F56/><W45/><G7/><T58/><D58/><U90/><E90/><V8/><F8/><W61/><REACH who="3" step="1"/><G64/><REACH who="3" step="2"/><T11/><D62/><U12/><E12/><V2/><F2/><W129/><G129/><T113/><D123/><U21/><E21/><V109/><F109/><W29/><G29/><AGARI ba="0,2" hai="20,25,29,36,37,38,41,43,73,79,81,87,88,94" machi="29" ten="40,2600,0" yaku="1,1,54,1,53,0" doraHai="99" doraHaiUra="28" who="2" fromWho="3" sc="295,0,206,0,397,46,82,-26" /><INIT seed="5,0,0,3,0,125" ten="295,206,443,56" oya="1" hai0="68,25,74,37,129,42,18,24,1,112,41,97,120" hai1="103,32,133,122,135,55,9,38,110,100,39,56,130" hai2="108,92,91,6,63,22,48,124,11,70,57,93,33" hai3="80,19,61,13,113,50,8,49,107,109,75,86,51"/><U44/><E32/><V58/><F108/><W59/><G109/><T43/><D18/><U3/><E110/><V35/><F70/><W79/><G107/><T96/><D1/><U83/><E122/><V7/><F92/><W5/><G113/><T95/><D68/><U73/><E39/><V81/><F7/><W101/><G75/><T90/><D74/><U132/><E73/><V28/><F81/><W16/><REACH who="3" step="1"/><G101/><REACH who="3" step="2"/><N who="1" m="38986" /><E38/><V98/><F124/><W29/><G29/><T46/><D112/><U31/><E31/><V114/><F28/><W12/><G12/><T82/><D120/><U27/><E27/><V30/><F30/><W89/><G89/><T84/><D25/><U60/><E3/><V94/><F33/><W76/><G76/><T0/><D24/><U4/><E83/><V54/><F35/><W126/><G126/><T66/><D0/><N who="1" m="135" /><E44/><V14/><F114/><W15/><G15/><T2/><D2/><U116/><E116/><V45/><F22/><W123/><G123/><T10/><D46/><U21/><E21/><V34/><F34/><W106/><G106/><T23/><D23/><U128/><AGARI ba="0,1" hai="55,56,60,128,130,132,133,135" m="135,38986" machi="128" ten="40,7800,0" yaku="20,1,52,2" doraHai="125" who="1" fromWho="1" sc="295,-26,206,88,443,-26,46,-26" /><INIT seed="5,1,0,5,1,33" ten="269,294,417,20" oya="1" hai0="53,77,41,34,89,81,2,37,38,70,96,26,119" hai1="66,122,28,74,103,101,131,83,5,23,126,98,40" hai2="127,125,36,106,11,95,12,20,116,21,111,112,130" hai3="135,86,8,109,7,93,113,92,48,55,57,52,132"/><U90/><E66/><V108/><F106/><W56/><G109/><N who="2" m="42057" /><F36/><W133/><G113/><T88/><D119/><U114/><E122/><V102/><F112/><W50/><REACH who="3" step="1"/><G86/><REACH who="3" step="2"/><T71/><D96/><U44/><E114/><V19/><F116/><W9/><G9/><T67/><D38/><U64/><E98/><N who="2" m="59743" /><F130/><W85/><G85/><T115/><D37/><U15/><E131/><V120/><F120/><W80/><G80/><T30/><D115/><U0/><E0/><AGARI ba="1,1" hai="0,7,8,48,50,52,55,56,57,92,93,132,133,135" machi="0" ten="40,8000,1" yaku="1,1,9,1,20,1,52,1,54,1,53,0" doraHai="33" doraHaiUra="31" who="3" fromWho="1" sc="269,0,294,-83,417,0,10,93" /><INIT seed="6,0,0,4,2,114" ten="269,211,417,103" oya="2" hai0="6,49,5,80,134,86,93,130,56,106,55,112,110" hai1="0,53,40,98,101,38,43,10,84,119,8,20,1" hai2="117,19,108,24,73,25,61,69,129,45,57,26,95" hai3="67,107,88,87,65,123,48,33,133,89,78,63,102"/><V62/><F117/><W126/><G123/><T124/><D106/><U104/><E38/><V90/><F73/><W35/><G133/><T2/><D134/><U116/><E53/><V71/><F62/><W42/><G126/><T11/><D124/><U85/><E20/><V76/><F76/><W81/><G67/><T60/><D112/><U7/><E98/><N who="2" m="57719" /><F45/><W111/><G111/><T34/><D34/><U105/><REACH who="1" step="1"/><E7/><REACH who="1" step="2"/><V27/><F108/><W3/><G35/><T41/><D110/><U31/><E31/><V103/><F129/><W118/><G33/><T109/><D109/><U32/><E32/><V29/><F19/><W83/><G107/><T36/><D130/><U68/><E68/><V121/><F69/><W47/><G102/><AGARI ba="0,1" hai="0,1,8,10,40,43,84,85,101,102,104,105,116,119" machi="102" ten="25,8000,1" yaku="1,1,22,2,52,2,53,0" doraHai="114" doraHaiUra="28" who="1" fromWho="3" sc="269,0,201,90,417,0,103,-80" /><INIT seed="7,0,0,0,1,111" ten="269,291,417,23" oya="3" hai0="2,56,66,18,60,83,98,130,38,116,99,24,41" hai1="117,63,16,110,126,96,82,3,34,55,27,95,113" hai2="5,106,85,9,10,11,22,104,30,118,37,20,73" hai3="12,61,79,43,19,129,0,4,102,31,105,33,72"/><W89/><G43/><T28/><D116/><U131/><E110/><V21/><F73/><W91/><G61/><T119/><D119/><U50/><E3/><V29/><F118/><W128/><G79/><T114/><D130/><U15/><E117/><V108/><F85/><W32/><G72/><T78/><D2/><U86/><E131/><N who="3" m="50250" /><G4/><T23/><D114/><U62/><E126/><V44/><F108/><W90/><G0/><T133/><D133/><U25/><E34/><V122/><F122/><W67/><G67/><T47/><REACH who="0" step="1"/><D28/><REACH who="0" step="2"/><U94/><E27/><V39/><F30/><W46/><G31/><T120/><D120/><U59/><E25/><V93/><F29/><W124/><G124/><T65/><D65/><U1/><E1/><V35/><F5/><W123/><G123/><T92/><D92/><N who="1" m="35371" /><E113/><V53/><F35/><W107/><G46/><T48/><D48/><U26/><E26/><V121/><F93/><W13/><G107/><T8/><D8/><N who="1" m="6247" /><E96/><V88/><F11/><N who="3" m="6559" /><G13/><T64/><D64/><U127/><E127/><V100/><F10/><W51/><G51/><T14/><D14/><U49/><E49/><V52/><F9/><W17/><G17/><T109/><D109/><U71/><E71/><V42/><F39/><W112/><G112/><T58/><D58/><U70/><E70/><V54/><F121/><W45/><G45/><T76/><D76/><AGARI ba="0,1" hai="50,55,59,62,63,76,82,86" m="6247,35371" machi="76" ten="30,2000,0" yaku="8,1,54,1" doraHai="111" who="1" fromWho="0" sc="259,-20,291,30,417,0,23,0" owari="239,-16,321,12,417,52,23,-48" /></mjloggm>