<mjloggm ver="2.3"><GO type="97"/><UN n0="%E3%82%A6%E3%83%AB%E3%83%88%E3%83%A9%E7%AB%8B%E7%9B%B4" n1="%55%6E%43%68%6F%73" n2="%E9%89%84%E7%89%9B" n3="%E3%81%9F%E3%81%A3%E3%81%91%E3%83%BC" dan="13,14,13,13" rate="1817,1915,1867,1921" sx="M,M,M,M"/><TAIKYOKU oya="0"/><INIT seed="0,0,0,5,2,11" ten="250,250,250,250" oya="0" hai0="97,93,42,59,35,67,1,126,81,134,2,129,115" hai1="101,112,127,23,45,12,54,122,48,78,9,125,91" hai2="66,41,110,68,49,17,51,72,135,36,87,104,27" hai3="70,31,118,38,57,28,69,106,86,89,79,50,34"/><T64/><D35/><U30/><E122/><V92/><F72/><W128/><G38/><T113/><D42/><U18/><E101/><V4/><F104/><W20/><G118/><T44/><D44/><U14/><E78/><V5/><F135/><W130/><G106/><T116/><D81/><U19/><E112/><V3/><F66/><W82/><G34/><T6/><D6/><U88/><E30/><V108/><F68/><W117/><G117/><T53/><D116/><U7/><E7/><N who="2" m="2635" /><F3/><W98/><G31/><T32/><D32/><U10/><E23/><N who="2" m="13807" /><F41/><W114/><G114/><T100/><D134/><U60/><E60/><V74/><F74/><W61/><G50/><T96/><D53/><U133/><E133/><V46/><F46/><W37/><G37/><T8/><D59/><U80/><E80/><V90/><F36/><W56/><G56/><T16/><D93/><U22/><E22/><V84/><F87/><W109/><G109/><AGARI ba="0,0" hai="49,51,84,90,92,108,109,110" m="13807,2635" machi="109" ten="30,1000,0" yaku="14,1" doraHai="11" who="2" fromWho="3" sc="250,0,250,0,250,10,250,-10" /><INIT seed="1,0,0,1,2,46" ten="250,250,260,240" oya="1" hai0="32,129,91,40,95,79,41,133,100,11,115,23,39" hai1="24,103,62,111,20,96,84,81,28,36,74,16,53" hai2="131,34,109,13,121,57,50,73,58,3,114,130,0" hai3="86,125,118,10,85,124,30,87,90,101,77,33,117"/><U107/><E36/><V68/><F68/><W7/><G33/><T5/><D32/><U88/><E74/><V12/><F73/><W54/><G30/><T82/><D115/><U14/><E111/><V126/><F34/><W22/><G22/><T59/><D100/><U29/><REACH who="1" step="1"/><E24/><REACH who="1" step="2"/><V97/><F109/><W78/><G101/><T49/><D39/><U80/><E80/><V106/><F130/><W112/><G112/><T52/><D129/><U76/><E76/><V38/><F38/><W69/><G90/><T122/><D122/><U51/><E51/><V120/><F131/><W134/><G134/><T67/><D133/><U128/><E128/><V93/><F50/><W63/><G78/><T37/><D37/><U72/><E72/><V123/><F114/><W66/><G77/><T27/><D82/><U105/><E105/><V18/><F106/><W8/><G118/><T70/><D79/><U104/><E104/><V6/><F121/><W89/><G117/><T99/><D70/><U116/><E116/><V35/><F120/><W92/><G89/><T26/><D26/><U21/><E21/><V1/><F123/><W64/><G92/><T71/><D71/><U4/><E4/><V47/><F6/><W119/><G119/><T61/><D5/><U75/><E75/><V15/><F93/><W108/><G108/><T113/><D113/><U42/><E42/><V9/><F97/><W65/><G69/><T19/><D11/><N who="3" m="4137" /><G7/><T83/><D83/><U25/><E25/><V102/><F9/><W56/><G125/><T60/><D60/><U44/><E44/><RYUUKYOKU ba="0,1" sc="250,10,240,10,260,-30,240,10" hai0="19,23,27,40,41,49,52,59,61,67,91,95,99" hai1="14,16,20,28,29,53,62,81,84,88,96,103,107" hai3="54,56,63,64,65,66,85,86,87,124" /><INIT seed="1,1,1,4,4,27" ten="260,250,230,250" oya="1" hai0="75,76,44,103,49,87,110,107,19,82,63,118,112" hai1="45,59,111,56,11,108,5,100,54,18,133,2,122" hai2="99,48,41,58,16,42,68,91,50,39,80,106,60" hai3="92,94,51,66,72,26,55,67,125,14,86,65,34"/><U135/><E122/><V104/><F68/><W77/><G72/><T46/><D112/><U85/><E100/><V132/><F132/><N who="1" m="50761" /><E18/><V13/><F104/><W8/><G125/><T105/><D118/><U9/><E9/><N who="2" m="6191" /><F106/><W38/><G38/><T0/><D0/><U114/><E114/><V43/><F39/><W89/><G77/><T6/><D6/><U113/><E113/><V15/><F15/><W24/><G94/><T115/><D115/><U97/><E97/><V10/><F10/><W127/><G127/><T64/><D105/><U21/><E21/><V93/><F80/><W33/><G33/><T130/><D107/><U71/><E71/><V88/><F91/><W7/><G34/><T69/><D103/><U120/><E120/><V102/><F102/><W78/><G78/><T30/><D76/><U79/><E79/><V116/><F116/><W70/><G70/><T84/><D69/><U74/><E74/><V22/><F22/><W12/><G12/><T53/><D75/><U62/><E85/><V131/><F131/><W4/><G4/><T95/><D84/><U128/><E128/><V1/><F1/><W119/><G119/><T35/><D87/><U17/><E17/><V31/><F31/><W83/><G83/><T52/><D82/><U81/><E81/><V109/><F109/><N who="1" m="42057" /><E62/><V90/><F90/><W25/><G67/><AGARI ba="1,1" hai="41,42,43,48,50,58,60,67,88,93,99" m="6191" machi="67" ten="30,3900,0" yaku="8,1,54,2" doraHai="27" who="2" fromWho="3" sc="260,0,250,0,230,52,250,-42" /><INIT seed="2,0,0,2,0,100" ten="260,250,282,208" oya="2" hai0="127,123,31,92,80,6,86,3,41,12,85,44,49" hai1="116,54,18,128,111,23,45,117,112,110,4,20,74" hai2="91,65,98,64,133,30,69,102,83,62,59,13,61" hai3="33,131,34,22,29,50,32,42,73,17,51,24,87"/><V43/><F43/><W52/><G73/><T99/><D3/><U16/><E74/><V113/><F113/><W75/><G75/><T57/><D123/><U72/><E72/><V104/><F133/><W81/><G131/><T70/><D70/><U124/><E54/><V108/><F108/><N who="1" m="41513" /><E45/><V129/><F129/><W84/><G51/><T28/><D57/><U14/><E128/><V107/><F30/><W134/><G42/><T76/><D86/><U101/><E101/><V90/><F13/><W60/><G60/><T9/><D127/><U122/><E122/><V109/><F109/><W35/><G134/><T120/><D120/><U48/><E48/><V94/><REACH who="2" step="1"/><F83/><REACH who="2" step="2"/><W11/><G81/><T2/><D2/><U47/><E112/><V135/><F135/><W25/><REACH who="3" step="1"/><G11/><REACH who="3" step="2"/><T88/><AGARI ba="0,2" hai="6,9,12,28,31,41,44,49,76,80,85,88,92,99" machi="88" ten="20,12000,2" yaku="0,1,7,1,25,2,8,1,54,1" doraHai="100" who="0" fromWho="0" sc="260,140,250,-30,272,-60,198,-30" /><INIT seed="3,0,0,1,3,44" ten="400,220,212,168" oya="3" hai0="0,83,77,56,24,97,131,58,133,117,4,85,115" hai1="14,108,42,40,33,19,38,92,122,98,135,96,57" hai2="69,89,10,102,121,112,88,130,59,65,30,54,70" hai3="124,2,41,5,48,80,132,63,99,103,26,64,11"/><W8/><G132/><T73/><D117/><U29/><E122/><V37/><F37/><W43/><G124/><T45/><D97/><U87/><E135/><V123/><F102/><W71/><G80/><T3/><D133/><U95/><E108/><V94/><F112/><W118/><G118/><T15/><D24/><U106/><E106/><V46/><F46/><W111/><G111/><T22/><D131/><U25/><E38/><V67/><F130/><W9/><G9/><T60/><D56/><U110/><E110/><V107/><F107/><W129/><G129/><T82/><D45/><U86/><E57/><V68/><F10/><W101/><G103/><T62/><D62/><U76/><E76/><V113/><F30/><W20/><G11/><T50/><D4/><U21/><E87/><N who="2" m="52511" /><F89/><W49/><G43/><T79/><D115/><U7/><E7/><V104/><F104/><W93/><G41/><T36/><D36/><U32/><E32/><V55/><F113/><W109/><G109/><T114/><D114/><U119/><E119/><V74/><F74/><W34/><G34/><T12/><D3/><U17/><E17/><AGARI ba="0,0" hai="2,5,8,17,20,26,48,49,63,64,71,93,99,101" machi="17" ten="30,5800,0" yaku="7,1,52,2" doraHai="44" who="3" fromWho="1" sc="400,0,220,-58,212,0,168,58" /><INIT seed="3,1,0,2,2,124" ten="400,162,212,226" oya="3" hai0="100,34,134,42,22,8,61,29,135,75,117,116,0" hai1="4,59,102,106,37,43,79,10,52,41,24,1,89" hai2="66,96,11,80,35,6,132,32,81,97,63,56,83" hai3="23,120,53,115,49,39,18,62,99,129,109,28,94"/><W5/><G120/><T76/><D61/><U26/><E79/><V58/><F58/><W65/><G115/><T112/><D22/><U78/><E78/><V67/><F67/><W57/><G39/><T51/><D100/><U128/><E128/><V118/><F118/><W45/><G129/><T127/><D127/><U87/><E102/><V13/><REACH who="2" step="1"/><F132/><REACH who="2" step="2"/><W130/><G130/><T2/><D112/><U107/><E106/><V113/><F113/><W20/><G109/><T54/><D42/><U86/><E107/><V17/><F17/><W40/><G65/><T101/><D101/><U16/><E87/><V71/><F71/><W70/><G70/><T131/><D131/><U55/><E37/><V12/><F12/><N who="3" m="9287" /><G5/><N who="0" m="1063" /><D2/><U44/><E44/><V111/><F111/><W90/><G28/><T110/><D110/><U27/><E55/><V25/><F25/><W122/><G122/><T50/><D54/><U3/><E3/><V108/><F108/><W69/><G69/><T19/><D19/><U14/><E4/><V98/><AGARI ba="1,1" hai="6,11,13,32,35,56,63,66,80,81,83,96,97,98" machi="98" ten="30,2000,0" yaku="1,1,0,1,53,0" doraHai="124" doraHaiUra="123" who="2" fromWho="2" sc="400,-6,162,-6,202,33,226,-11" owari="394,38,156,-24,235,-1,215,-13" /></mjloggm>