<mjloggm ver="2.3"><GO type="97"/><UN n0="%E3%82%A6%E3%83%AB%E3%83%88%E3%83%A9%E7%AB%8B%E7%9B%B4" n1="%E3%83%A9%E3%83%B3%E3%83%9C%E3%83%AB" n2="%E9%81%8A%E5%A7%AB" n3="%E3%82%86%E3%81%86%E3%81%93%E3%82%8A%E3%82%93" dan="13,15,14,13" rate="1831,1968,1945,1854" sx="M,M,F,F"/><TAIKYOKU oya="0"/><INIT seed="0,0,0,4,5,47" ten="250,250,250,250" oya="0" hai0="55,63,111,61,67,32,37,132,114,19,123,7,18" hai1="115,95,30,64,79,8,2,129,109,48,51,112,72" hai2="110,104,10,39,57,82,117,6,86,124,65,70,83" hai3="23,92,113,33,81,116,53,34,44,119,12,3,5" shuffle="mt19937ar,2A216240,75152668,5497F3CA,5F302C42,B8A7DDFA,4B55740C,3C8E0BC9,015D4684"/><T134/><D32/><U128/><E64/><V40/><F104/><W122/><G113/><N who="1" m="43594" /><E109/><V49/><F110/><W121/><G122/><T17/><D114/><U125/><E125/><V50/><F39/><W69/><G121/><T58/><D111/><U26/><E72/><V103/><F40/><W99/><G119/><T52/><D123/><U42/><E42/><V36/><F36/><W93/><G116/><T133/><D37/><U126/><E126/><V68/><F124/><W15/><G69/><T89/><D7/><N who="1" m="1143" /><E79/><V20/><F65/><W120/><G120/><T107/><D107/><U73/><E95/><V56/><F70/><W28/><G93/><T46/><D46/><U25/><E73/><V75/><F68/><W60/><G81/><T74/><D74/><U71/><E71/><V13/><F75/><W100/><G60/><T4/><D4/><U14/><E14/><V106/><F106/><W24/><G15/><T54/><D89/><U105/><E105/><V94/><F117/><W97/><G97/><T62/><AGARI ba="0,0" hai="17,18,19,52,54,55,58,61,62,63,67,132,133,134" machi="62" ten="40,12000,1" yaku="0,1,29,2,20,1,54,1" doraHai="47" who="0" fromWho="0" sc="250,120,250,-40,250,-40,250,-40" /><INIT seed="0,1,0,5,4,37" ten="370,210,210,210" oya="0" hai0="32,6,99,62,120,23,108,129,92,19,74,89,135" hai1="46,1,97,24,105,79,110,107,102,31,127,125,106" hai2="122,44,27,18,77,2,51,3,93,52,121,57,43" hai3="5,35,63,115,15,100,17,86,69,50,20,103,0" shuffle="mt19937ar,7878E940,B79F19C0,F3FE0E24,87C711D7,8E16A729,86D5A9DE,78354834,B0736BE1"/><T60/><D32/><N who="1" m="20583" /><E79/><V118/><F118/><W123/><G115/><T117/><D74/><U94/><E1/><V116/><F116/><W13/><G35/><T95/><D117/><U68/><E68/><V111/><F111/><W34/><G34/><T38/><D120/><U11/><E11/><V10/><F77/><W21/><G0/><T40/><D108/><U56/><E110/><V88/><F3/><W91/><G123/><T47/><D6/><U61/><E46/><V82/><F82/><N who="3" m="49623" /><G69/><T72/><D72/><U59/><E61/><V134/><F134/><W14/><G63/><T7/><D7/><U49/><E49/><V80/><F80/><W26/><G5/><T64/><D135/><U39/><E39/><V41/><F2/><W71/><G50/><T66/><D129/><U53/><E53/><N who="2" m="29927" /><F122/><W42/><G42/><T104/><D104/><N who="1" m="26627" /><U85/><DORA hai="36" /><E85/><N who="2" m="52367" /><F121/><W55/><G71/><T126/><D66/><U65/><E65/><V124/><F124/><AGARI ba="1,0" hai="56,59,94,97,102,124,125,127" m="26627,20583" machi="124" ten="40,1300,0" yaku="18,1" doraHai="37,36" who="1" fromWho="2" sc="370,0,210,16,210,-16,210,0" /><INIT seed="1,0,0,4,1,54" ten="370,226,194,210" oya="1" hai0="116,68,39,31,34,80,132,75,126,11,71,17,118" hai1="13,105,84,94,21,109,3,60,69,38,104,46,133" hai2="51,0,91,7,62,95,49,66,44,108,25,127,28" hai3="42,77,1,89,36,110,45,93,29,26,58,73,20" shuffle="mt19937ar,EC13B9BA,B302B906,6F3DB333,56E5D24E,19AB2019,6EED8708,FE4DB884,240C2A4D"/><U10/><E3/><V81/><F81/><W130/><G1/><T131/><D17/><U128/><E133/><V52/><F108/><W6/><G93/><T134/><D11/><U99/><E128/><V87/><F127/><W98/><G110/><T100/><D100/><U22/><E109/><V113/><F113/><W129/><G98/><T47/><D131/><N who="3" m="50185" /><G89/><T121/><D121/><U24/><E84/><V112/><F112/><W35/><G6/><T106/><D126/><U32/><E32/><V8/><F51/><W57/><G35/><T103/><D103/><U114/><E114/><V53/><F53/><W27/><G26/><N who="0" m="18807" /><D106/><U125/><E125/><V67/><REACH who="2" step="1"/><F62/><REACH who="2" step="2"/><W76/><G73/><T85/><D75/><U37/><E60/><V64/><F64/><W72/><G72/><T115/><D115/><U65/><E65/><V102/><F102/><W90/><G90/><T18/><D80/><U48/><E69/><V82/><F82/><W43/><G43/><N who="0" m="23039" /><D68/><U83/><E83/><V123/><F123/><W55/><G55/><T33/><D71/><U97/><E38/><V70/><F70/><W30/><G30/><T122/><D122/><U86/><E37/><V16/><F16/><W2/><G2/><T56/><D18/><N who="1" m="8503" /><E86/><V9/><F9/><W78/><AGARI ba="0,1" hai="20,27,29,36,42,45,57,58,76,77,78" m="50185" machi="78" ten="30,4000,0" yaku="19,1,52,2" doraHai="54" who="3" fromWho="3" sc="370,-10,226,-20,184,-10,210,50" /><INIT seed="2,0,0,0,5,68" ten="360,206,174,260" oya="2" hai0="63,32,42,79,76,125,37,114,35,20,43,7,117" hai1="9,97,61,69,99,108,60,51,67,74,12,36,2" hai2="119,87,77,39,44,3,52,26,23,112,24,118,98" hai3="64,130,102,45,55,111,115,48,66,103,65,88,58" shuffle="mt19937ar,6CFC5F14,E8FC187C,281FD3B0,547DED74,C133694F,2C8776FD,876089E4,F2A66A38"/><V71/><F3/><W116/><G116/><T132/><D20/><U124/><E74/><V14/><F71/><W95/><G115/><T11/><D63/><U83/><E2/><V18/><F112/><W50/><G130/><T21/><D21/><U92/><E108/><V19/><F98/><N who="3" m="57703" /><G111/><T30/><D114/><U56/><E124/><V0/><F0/><W46/><G58/><T72/><D43/><AGARI ba="0,0" hai="43,45,46,48,50,55,64,65,66,102,103" m="57703" machi="43" ten="30,2000,0" yaku="8,1,54,1" doraHai="68" who="3" fromWho="0" sc="360,-20,206,0,174,0,260,20" /><INIT seed="3,0,0,0,0,115" ten="340,206,174,280" oya="3" hai0="29,118,22,68,70,45,102,88,97,130,24,80,73" hai1="58,12,99,78,128,104,116,125,28,48,30,126,37" hai2="121,40,10,100,81,1,52,84,56,49,18,47,91" hai3="113,32,4,26,65,95,50,107,62,96,123,112,44" shuffle="mt19937ar,F7E52D4A,C5377DC4,5681F0AB,E0F5CD20,19C9204A,B90FFDEB,5635D483,03699ACD"/><W76/><G123/><T103/><D130/><U41/><E37/><V69/><F69/><W87/><G107/><T108/><D118/><U43/><E128/><V61/><F121/><W38/><G38/><T34/><D108/><U101/><E78/><V15/><REACH who="2" step="1"/><F1/><REACH who="2" step="2"/><W3/><G3/><T7/><D70/><U131/><E131/><V86/><F86/><W79/><G113/><T122/><D68/><U33/><E33/><V36/><F36/><W93/><G112/><T19/><D34/><U55/><E116/><V133/><F133/><W119/><G119/><T60/><D122/><U31/><REACH who="1" step="1"/><E12/><REACH who="1" step="2"/><V13/><F13/><W90/><G32/><T9/><D73/><U135/><E135/><V124/><F124/><AGARI ba="0,2" hai="28,30,31,41,43,48,55,58,99,101,104,124,125,126" machi="124" ten="40,2600,0" yaku="1,1,18,1,53,0" doraHai="115" doraHaiUra="2" who="1" fromWho="2" sc="340,0,196,46,164,-26,280,0" owari="340,34,242,-11,138,-26,280,3" /></mjloggm>