<mjloggm ver="2.3"><GO type="97"/><UN n0="%E3%82%A6%E3%83%AB%E3%83%88%E3%83%A9%E7%AB%8B%E7%9B%B4" n1="%31%E6%9C%88%31%31%E6%97%A5" n2="%E3%82%BC%E3%83%B3%E3%83%84%E3%83%83%E3%83%91%E5%90%9B" n3="%E3%82%B9%E3%83%91%E3%83%BC%E3%82%AF%E3%82%B9" dan="13,14,13,15" rate="1838,1921,1890,1968" sx="M,M,M,F"/><TAIKYOKU oya="0"/><INIT seed="0,0,0,5,0,75" ten="250,250,250,250" oya="0" hai0="80,97,46,66,18,35,7,107,3,39,11,40,5" hai1="54,4,115,41,16,43,27,127,62,64,47,0,105" hai2="123,8,13,78,57,95,42,28,65,33,19,133,63" hai3="84,25,106,24,126,45,116,44,89,85,6,121,131"/><T118/><D118/><U2/><E105/><V102/><F133/><W130/><G116/><T74/><D7/><U15/><E127/><V94/><F123/><W10/><G106/><T9/><D9/><U101/><E101/><V32/><F28/><W119/><G119/><T51/><D18/><U114/><E54/><V125/><F125/><W86/><G126/><T30/><D51/><U77/><E77/><V69/><F69/><W91/><G121/><T76/><D66/><U26/><E27/><N who="3" m="10314" /><G10/><T37/><D30/><U109/><E26/><V53/><F42/><W134/><G6/><T108/><D108/><U111/><E43/><V68/><F94/><W90/><G134/><T20/><D20/><N who="1" m="11295" /><E47/><AGARI ba="0,0" hai="44,45,47,84,85,86,89,90,91,130,131" m="10314" machi="47" ten="40,2600,0" yaku="28,2" doraHai="75" who="3" fromWho="1" sc="250,0,250,-26,250,0,250,26" /><INIT seed="1,0,0,0,4,25" ten="250,224,250,276" oya="1" hai0="126,122,54,119,29,46,116,96,42,79,20,135,9" hai1="85,109,100,118,26,1,107,65,129,87,78,98,17" hai2="18,32,40,48,86,44,108,34,66,39,121,5,111" hai3="0,113,114,67,103,117,91,7,21,72,132,3,59"/><U69/><E1/><V127/><F121/><W74/><G103/><T10/><D122/><U120/><E120/><V15/><F5/><W99/><G99/><T35/><D35/><U90/><E118/><V89/><F66/><W68/><G59/><T6/><D54/><U83/><E129/><V102/><F102/><W76/><G21/><T128/><D10/><U94/><E109/><N who="2" m="42059" /><F48/><W80/><G91/><T36/><D128/><U13/><E69/><V19/><F19/><W95/><G95/><T124/><D96/><U49/><E65/><V70/><F70/><W84/><G84/><T62/><D62/><U115/><E115/><V53/><F53/><W60/><G117/><T101/><D101/><U43/><E26/><V130/><F130/><W55/><G55/><T12/><D79/><U30/><E49/><V51/><F51/><W27/><G72/><T16/><D29/><U23/><REACH who="1" step="1"/><E43/><REACH who="1" step="2"/><V50/><F50/><W56/><G113/><T58/><D119/><U11/><E11/><V112/><F112/><W63/><G114/><T133/><D116/><U61/><E61/><V134/><F40/><W38/><G63/><T110/><D110/><U123/><E123/><V24/><F24/><W71/><G60/><T104/><D104/><U22/><E22/><V97/><F39/><W82/><G38/><T106/><D106/><U4/><E4/><V45/><F34/><W28/><G68/><T73/><D58/><U57/><E57/><V37/><F32/><W41/><G71/><T92/><D36/><U47/><E47/><V75/><F45/><W8/><G56/><RYUUKYOKU ba="0,1" sc="250,-10,214,30,250,-10,276,-10" hai1="13,17,23,30,78,83,85,87,90,94,98,100,107" /><INIT seed="1,1,1,2,1,96" ten="240,244,240,266" oya="1" hai0="131,54,28,123,16,97,63,15,52,60,57,5,48" hai1="100,29,14,132,118,46,20,47,89,49,98,115,73" hai2="23,51,31,67,62,64,84,11,18,37,1,44,122" hai3="68,108,21,56,114,30,93,53,61,79,82,2,117"/><U107/><E118/><V130/><F130/><W135/><G114/><T94/><D131/><U34/><E115/><V77/><F122/><W72/><G2/><T45/><D123/><U43/><E73/><V109/><F37/><W91/><G108/><T103/><D28/><U19/><E132/><V125/><F109/><W78/><G135/><T12/><D5/><U25/><E47/><V116/><F116/><W7/><G7/><T10/><D15/><U111/><E111/><V59/><F31/><W9/><G9/><T81/><D81/><U38/><REACH who="1" step="1"/><E89/><REACH who="1" step="2"/><V35/><F125/><W129/><G117/><T133/><D133/><U8/><E8/><V74/><F74/><W36/><G72/><T71/><D71/><U134/><E134/><V39/><F11/><W17/><G91/><T26/><D26/><U119/><E119/><V13/><F44/><W6/><G129/><T0/><D0/><U65/><E65/><V104/><F1/><W41/><G68/><T106/><D106/><U90/><E90/><V55/><F104/><W101/><G78/><T126/><D126/><U110/><E110/><V42/><F67/><W70/><G79/><T22/><D10/><U128/><E128/><V92/><F77/><W50/><G70/><T83/><D83/><U58/><E58/><V32/><F59/><W86/><G56/><T99/><D99/><U40/><E40/><V105/><F42/><W95/><G41/><T121/><D121/><U124/><E124/><V4/><F105/><W75/><G82/><T102/><D60/><U69/><E69/><V85/><F64/><RYUUKYOKU ba="1,2" sc="240,15,234,15,240,-15,266,-15" hai0="12,16,22,45,48,52,54,57,63,94,97,102,103" hai1="14,19,20,25,29,34,38,43,46,49,98,100,107" /><INIT seed="1,2,2,4,2,28" ten="255,249,225,251" oya="1" hai0="113,25,120,27,114,36,48,69,75,61,87,1,58" hai1="118,64,104,122,41,119,88,33,103,66,56,100,8" hai2="11,6,14,121,57,132,91,17,73,52,23,123,50" hai3="2,4,77,13,7,71,24,46,26,116,34,94,90"/><U81/><E122/><V127/><F132/><W51/><G71/><T45/><D75/><U134/><E33/><V43/><F127/><W10/><G116/><T18/><D1/><U29/><E29/><V80/><F43/><W19/><G77/><T72/><D72/><U92/><E134/><V68/><F68/><W111/><G111/><T42/><D87/><N who="1" m="52255" /><E118/><V93/><F80/><W63/><G63/><T89/><D89/><U79/><E119/><V39/><F39/><W38/><G38/><T65/><D120/><U101/><E41/><V115/><F73/><W5/><G2/><T98/><D98/><U96/><E8/><V9/><F115/><W31/><G24/><T47/><D18/><U99/><E56/><V0/><REACH who="2" step="1"/><F11/><REACH who="2" step="2"/><W135/><G135/><T84/><D114/><U20/><E20/><V44/><F44/><W124/><G124/><T112/><D47/><U131/><E131/><V12/><F12/><W37/><G37/><T133/><D133/><U86/><E64/><V59/><F59/><W117/><G117/><T74/><D74/><U22/><E22/><V108/><F108/><W82/><G82/><T32/><D32/><U30/><E66/><V55/><F55/><W107/><G10/><T109/><D109/><U21/><E104/><V40/><F40/><N who="3" m="25031" /><G107/><T62/><D112/><U35/><E35/><V106/><F106/><W97/><G13/><T110/><D113/><U16/><E30/><V76/><F76/><W70/><G70/><T54/><D110/><U78/><E79/><V126/><F126/><W125/><G125/><T60/><D36/><RYUUKYOKU ba="2,3" sc="255,-30,249,10,215,10,251,10" hai1="16,21,78,81,86,96,99,100,101,103" hai2="0,6,9,14,17,23,50,52,57,91,93,121,123" hai3="4,5,7,19,26,31,34,90,94,97" /><INIT seed="1,3,3,5,4,11" ten="225,259,225,261" oya="1" hai0="50,72,103,52,82,38,36,37,6,110,113,39,25" hai1="63,49,74,93,30,80,81,66,94,96,7,35,59" hai2="15,85,20,69,134,123,77,132,89,41,126,54,130" hai3="55,68,92,135,98,64,14,44,18,53,31,109,45"/><U62/><E35/><V133/><F123/><W2/><G2/><T8/><D39/><U125/><E125/><V86/><F69/><W4/><G4/><T88/><D113/><U43/><E30/><V29/><F126/><W24/><G109/><T27/><D103/><U84/><E74/><V124/><F124/><W87/><G87/><T16/><D110/><U116/><E116/><V108/><F108/><W121/><G121/><T12/><D6/><U23/><E23/><V19/><F41/><W1/><G1/><T67/><D67/><U105/><E105/><V90/><F130/><W107/><G107/><T65/><D65/><U102/><E63/><V61/><F29/><W26/><G135/><T91/><D91/><N who="2" m="34826" /><F77/><W13/><G68/><T119/><D119/><U9/><E93/><V71/><F71/><W58/><G64/><T117/><D117/><U47/><E84/><V83/><F83/><W34/><G34/><T114/><D114/><U101/><E101/><V5/><F5/><W97/><G92/><T0/><D0/><AGARI ba="3,3" hai="0,7,9,43,47,49,59,62,66,80,81,94,96,102" machi="0" ten="30,1500,0" yaku="7,1" doraHai="11" who="1" fromWho="0" sc="225,-24,259,54,225,0,261,0" /><INIT seed="1,4,0,5,2,35" ten="201,313,225,261" oya="1" hai0="79,133,126,9,33,26,52,118,77,22,62,105,58" hai1="130,85,121,70,113,38,127,29,42,57,123,125,10" hai2="6,27,61,94,110,66,103,107,75,21,82,104,55" hai3="114,45,135,119,100,46,90,78,17,50,7,56,112"/><U91/><E29/><V30/><F6/><W43/><G135/><T80/><D105/><U28/><E28/><V129/><F129/><W73/><G119/><T60/><D33/><U5/><E70/><V134/><F134/><W84/><G100/><T12/><D133/><U53/><E42/><V13/><F13/><W96/><G96/><T59/><D126/><N who="1" m="48139" /><E38/><V32/><F32/><W108/><G108/><T97/><D97/><U98/><E130/><V76/><F110/><W81/><G7/><T131/><D131/><U111/><E111/><V37/><F37/><W15/><G56/><T18/><D118/><U93/><E98/><V83/><F83/><W16/><G45/><T64/><REACH who="0" step="1"/><D80/><REACH who="0" step="2"/><U88/><E113/><V71/><F104/><W34/><G34/><T124/><D124/><U54/><E91/><V102/><F107/><W8/><G17/><AGARI ba="4,1" hai="9,12,17,18,22,26,52,58,59,60,62,64,77,79" machi="17" ten="30,8000,1" yaku="1,1,7,1,8,1,54,1,53,1" doraHai="35" doraHaiUra="51" who="0" fromWho="3" sc="191,102,313,0,225,0,261,-92" /><INIT seed="2,0,0,3,0,126" ten="293,313,225,169" oya="2" hai0="129,39,103,95,58,124,4,21,93,135,41,26,110" hai1="38,24,40,23,53,79,108,45,0,34,128,42,22" hai2="97,113,33,84,125,66,90,12,65,44,130,88,109" hai3="54,61,59,27,47,75,77,35,98,7,87,13,106"/><V105/><F113/><W96/><G75/><T8/><D41/><U18/><E0/><V30/><F125/><W131/><G131/><T81/><D39/><U112/><E112/><V60/><F130/><W25/><G106/><T10/><D129/><U48/><E128/><V32/><F30/><W80/><G35/><T117/><D117/><U92/><E34/><V51/><F66/><W36/><G36/><T86/><D135/><U85/><E108/><V83/><F109/><W82/><G82/><T115/><D110/><U119/><E119/><V6/><F6/><W134/><G134/><T29/><D115/><U28/><E38/><V123/><F12/><W133/><G133/><T100/><D58/><U5/><E5/><V2/><F2/><W118/><G47/><T72/><D72/><U91/><REACH who="1" step="1"/><E79/><REACH who="1" step="2"/><V102/><F123/><W9/><REACH who="3" step="1"/><G118/><REACH who="3" step="2"/><T73/><D124/><U43/><E43/><V94/><F33/><W114/><G114/><T71/><D4/><U132/><E132/><V49/><F32/><W50/><G50/><T127/><D127/><U68/><E68/><V57/><F44/><W63/><G63/><T17/><D71/><U20/><E20/><V19/><F51/><W69/><G69/><T121/><D21/><U55/><E55/><V99/><F49/><W62/><G62/><T15/><D121/><U16/><E16/><V1/><F19/><W31/><G31/><T76/><D17/><U120/><E120/><V64/><F1/><W46/><G46/><T67/><D67/><U3/><E3/><V89/><F64/><W107/><G107/><RYUUKYOKU ba="0,2" sc="293,-30,303,10,225,10,159,10" hai1="18,22,23,24,28,40,42,45,48,53,85,91,92" hai2="57,60,65,83,84,88,89,90,94,97,99,102,105" hai3="7,9,13,25,27,54,59,61,77,80,87,96,98" /><INIT seed="2,1,2,2,0,20" ten="263,313,235,169" oya="2" hai0="1,31,98,7,58,74,57,50,21,96,4,133,104" hai1="65,88,62,112,17,33,84,130,77,55,2,28,26" hai2="59,128,80,18,118,81,11,127,42,23,116,41,15" hai3="75,85,126,125,48,100,45,101,43,87,129,93,109"/><V29/><F128/><W121/><G121/><T124/><D1/><U36/><E112/><V134/><F134/><W38/><G75/><T135/><D74/><U22/><E36/><V90/><F127/><W94/><G129/><T54/><D124/><N who="3" m="47721" /><G38/><T27/><D58/><U3/><E130/><V69/><F69/><W0/><G0/><T99/><REACH who="0" step="1"/><D104/><REACH who="0" step="2"/><U73/><E2/><V82/><F118/><W102/><G109/><T123/><D123/><U66/><E3/><V72/><F116/><W83/><G85/><T35/><D35/><U115/><E115/><V10/><F72/><W67/><G67/><T13/><D13/><U49/><E73/><V119/><F119/><W132/><G132/><AGARI ba="1,3" hai="4,7,21,27,31,50,54,57,96,98,99,132,133,135" machi="132" ten="40,5200,0" yaku="1,1,20,1,52,1,53,0" doraHai="20" doraHaiUra="114" who="0" fromWho="3" sc="253,85,313,0,235,0,169,-55" /><INIT seed="3,0,0,5,0,112" ten="338,313,235,114" oya="3" hai0="24,92,119,98,80,128,79,41,58,131,108,53,13" hai1="1,70,48,9,12,116,32,117,71,103,132,27,120" hai2="39,114,126,57,61,115,109,31,26,113,69,134,33" hai3="118,99,60,54,121,63,42,97,36,22,94,104,21"/><W52/><G121/><T46/><D119/><N who="1" m="45643" /><E120/><V49/><F39/><W11/><G104/><T50/><D13/><U6/><E132/><V122/><F134/><W38/><G11/><T89/><D24/><U127/><E127/><V20/><F126/><W107/><G107/><T68/><D108/><U17/><E103/><V91/><F109/><W43/><REACH who="3" step="1"/><G94/><REACH who="3" step="2"/><T4/><D4/><U29/><E48/><V64/><F122/><W84/><G84/><T5/><D5/><U100/><E100/><V90/><F115/><W101/><G101/><T25/><D50/><U7/><E6/><V10/><F114/><W35/><G35/><T47/><D92/><U96/><E96/><V23/><F33/><W88/><G88/><T37/><D89/><U72/><E72/><V78/><F91/><W129/><G129/><T130/><D98/><U56/><E56/><V14/><F90/><W2/><G2/><T55/><D68/><U3/><E1/><V16/><F69/><W102/><G102/><T110/><D110/><U74/><E74/><V93/><F113/><W28/><G28/><T65/><D128/><U106/><E106/><V83/><F93/><W8/><G8/><AGARI ba="0,1" hai="3,7,8,9,12,17,27,29,32,70,71" m="45643" machi="8" ten="30,7700,0" yaku="12,1,52,3" doraHai="112" who="1" fromWho="3" sc="338,0,313,87,235,0,104,-77" owari="338,9,400,39,235,-11,27,-37" /></mjloggm>