<mjloggm ver="2.3"><GO type="193"/><UN n0="%E5%A4%A9%E4%B8%8B%E7%84%A1%E5%8F%8C%E3%81%AE%E3%81%86%E3%81%A1%E3%81%A6" n1="%E3%82%A6%E3%83%AB%E3%83%88%E3%83%A9%E7%AB%8B%E7%9B%B4" n2="%E6%9C%88%E5%85%89%E3%81%AE%E3%83%BB%E3%83%BB%E3%83%BB" n3="%E6%97%85%E4%BA%BA%41" dan="11,12,10,12" rate="1574,1766,1752,1632" sx="M,M,M,M"/><TAIKYOKU oya="0"/><INIT seed="0,0,0,1,0,74" ten="250,250,250,250" oya="0" hai0="94,3,116,10,25,11,124,97,102,103,37,111,93" hai1="91,125,45,130,57,50,98,61,112,122,31,47,128" hai2="35,53,67,86,82,9,92,104,17,64,21,27,88" hai3="120,99,12,135,2,19,117,26,84,32,20,80,52" shuffle="mt19937ar,BB22E4B4,9250F7B7,A3AA4CE2,02DA6136,B1C52DCD,51E49C0C,898556B0,38646611"/><T63/><D37/><U49/><E91/><V14/><F104/><W55/><G117/><T58/><D116/><U59/><E98/><N who="2" m="57607" /><F35/><W30/><G2/><T105/><D124/><U60/><E31/><N who="2" m="17903" /><F53/><W44/><G120/><T39/><D111/><U48/><E48/><V119/><F119/><W46/><G135/><T72/><D39/><U118/><E118/><V115/><F115/><W109/><G109/><T38/><D38/><U43/><E125/><V127/><F127/><W4/><G4/><T90/><D72/><U29/><E29/><V56/><F56/><W123/><G123/><T100/><D3/><U41/><REACH who="1" step="1"/><E122/><REACH who="1" step="2"/><V83/><F83/><W18/><G18/><T22/><D105/><U1/><E1/><V87/><F87/><W24/><G99/><N who="0" m="57783" /><D103/><U110/><E110/><V0/><F0/><W34/><G34/><T33/><D102/><U108/><E108/><V81/><F81/><W95/><G95/><T65/><D33/><U134/><E134/><V76/><AGARI ba="0,1" hai="9,14,17,64,67,76,82,86" m="17903,57607" machi="76" ten="30,4000,0" yaku="8,1,52,1,54,1" doraHai="74" who="2" fromWho="2" sc="250,-20,240,-10,250,50,250,-10" /><INIT seed="1,0,0,2,3,35" ten="230,230,300,240" oya="1" hai0="77,13,59,100,31,104,82,53,134,48,26,81,41" hai1="95,21,113,57,98,6,112,23,60,127,15,101,130" hai2="50,51,33,103,56,74,88,93,123,131,16,38,25" hai3="45,114,46,73,64,55,135,106,89,124,34,43,37" shuffle="mt19937ar,3D2AFE16,B20D5757,DF71B6C5,336A3900,A114131F,50BC3236,65EFE20E,AFA0042D"/><U118/><E118/><V125/><F38/><W0/><G34/><T68/><D134/><U54/><E127/><V128/><F74/><W52/><G73/><T12/><D68/><U30/><E130/><N who="2" m="49707" /><F123/><W62/><G106/><T28/><D104/><U2/><E113/><V126/><F33/><W1/><G114/><T20/><D100/><U111/><E112/><V47/><F103/><W65/><G124/><N who="2" m="47721" /><F56/><W11/><G11/><T87/><D41/><U92/><E111/><V39/><F47/><W17/><G17/><T107/><D107/><U10/><E30/><V94/><F39/><W116/><G116/><T27/><D82/><U19/><E95/><N who="2" m="36363" /><F88/><W42/><G135/><T32/><AGARI ba="0,0" hai="12,13,20,26,27,28,31,32,48,53,59,77,81,87" machi="32" ten="20,1500,0" yaku="0,1,7,1" doraHai="35" who="0" fromWho="0" sc="230,15,230,-7,300,-4,240,-4" /><INIT seed="2,0,0,2,3,117" ten="245,223,296,236" oya="2" hai0="99,36,111,92,126,17,66,73,61,54,63,32,88" hai1="29,81,74,51,103,85,8,75,35,106,60,45,97" hai2="15,11,50,118,100,21,70,34,112,135,0,124,10" hai3="3,19,105,104,78,52,107,5,120,16,41,58,39" shuffle="mt19937ar,22377973,CA3D1917,0B1FF69E,BC11C812,3E3EAEE3,3E22418A,60C88308,8F50B20E"/><V101/><F112/><W24/><G120/><T56/><D73/><U22/><E35/><V128/><F70/><W48/><G78/><T13/><D32/><U133/><E133/><V40/><F34/><W129/><G129/><T131/><D131/><U123/><E60/><V90/><F128/><W98/><G98/><T102/><D126/><U84/><E8/><V33/><F33/><W119/><G119/><T46/><D111/><U57/><E57/><V116/><F124/><W76/><G76/><T25/><D25/><U95/><E29/><V114/><F114/><W7/><G3/><T1/><D1/><U30/><E22/><V121/><F0/><W55/><G55/><T130/><D130/><U14/><E14/><V82/><F121/><W113/><G113/><T12/><D36/><U37/><E30/><V38/><F38/><W77/><G77/><T125/><D125/><U20/><E20/><V2/><F2/><W62/><G62/><T115/><D115/><U108/><E37/><V69/><F69/><W68/><G68/><T127/><D127/><U93/><E123/><V43/><F118/><W94/><G94/><N who="1" m="35850" /><E108/><V49/><F116/><W110/><G110/><T42/><D42/><U18/><E18/><N who="3" m="6698" /><G24/><T80/><D17/><U86/><E51/><N who="2" m="19467" /><F135/><W64/><G64/><T72/><D66/><U87/><E45/><V28/><F28/><W67/><G67/><T109/><D46/><U89/><AGARI ba="0,0" hai="74,75,81,84,85,86,87,89,97,103,106" m="35850" machi="89" ten="30,8000,1" yaku="35,5" doraHai="117" who="1" fromWho="1" sc="245,-20,223,80,296,-40,236,-20" /><INIT seed="3,0,0,0,3,1" ten="225,303,256,216" oya="3" hai0="87,52,95,78,135,84,86,14,126,70,112,28,128" hai1="129,39,11,44,40,36,107,65,48,47,74,76,17" hai2="23,132,5,4,33,120,34,59,73,9,7,25,60" hai3="57,21,92,111,81,96,66,64,69,82,0,108,134" shuffle="mt19937ar,78DCBC02,814EDB46,BF0CE3AB,8F7843D5,DE286124,E1694C83,9FD9BC3B,EC1D71D9"/><W122/><G122/><T19/><D70/><U54/><E107/><V103/><F73/><W27/><G0/><T10/><D128/><U8/><E129/><V105/><F105/><W89/><G134/><T88/><D126/><U62/><E39/><V58/><F103/><W85/><G69/><T93/><D135/><U101/><E101/><V94/><F94/><W20/><G82/><T41/><D112/><U109/><E109/><N who="3" m="42058" /><G57/><T30/><D41/><U55/><E55/><V72/><F72/><W75/><G21/><T51/><D78/><U116/><E116/><V130/><F130/><W56/><G56/><N who="0" m="32799" /><D95/><U24/><E76/><V49/><F132/><W79/><G75/><T123/><D123/><U3/><E74/><V119/><F119/><W35/><G35/><T117/><D117/><U18/><E3/><V15/><F120/><W53/><G53/><T118/><D118/><U115/><E115/><V97/><F34/><W131/><G131/><T104/><D104/><U50/><E36/><V100/><F33/><W106/><G106/><T26/><D26/><U124/><E124/><V31/><F97/><AGARI ba="0,0" hai="10,14,19,28,30,84,86,87,88,93,97" m="32799" machi="97" ten="30,3900,0" yaku="8,1,54,2" doraHai="1" who="0" fromWho="2" sc="225,39,303,0,256,-39,216,0" owari="264,1,303,30,217,-13,216,-18" /></mjloggm>