<mjloggm ver="2.3"><GO type="97"/><UN n0="%E9%9B%80%E3%81%B4%E3%82%85%EF%BD%9E%E3%81%86%E5%A4%AA" n1="%E4%B9%85%E6%B0%8F%E3%80%82" n2="%E3%82%A6%E3%83%AB%E3%83%88%E3%83%A9%E7%AB%8B%E7%9B%B4" n3="%E3%82%B4%E3%83%9F%E3%82%AF%E3%82%BA%E4%B8%83%E6%AE%B5" dan="14,14,13,14" rate="1930,1937,1893,1951" sx="M,M,M,F"/><TAIKYOKU oya="0"/><INIT seed="0,0,0,4,1,16" ten="250,250,250,250" oya="0" hai0="105,29,111,28,38,52,3,116,67,127,62,2,69" hai1="31,72,70,4,61,76,32,119,88,26,46,121,103" hai2="92,99,41,100,109,34,1,125,86,17,12,84,48" hai3="94,49,87,64,20,43,11,15,79,10,5,58,8" shuffle="mt19937ar,B870C814,F57B9987,9EF80D1F,DA46F6F1,1F93F364,8EE42D08,2467B846,48D54D74"/><T42/><D116/><U128/><E121/><V124/><F34/><W22/><G64/><T44/><D105/><U114/><E119/><V63/><F1/><W27/><G27/><T68/><D127/><N who="2" m="48714" /><F109/><W66/><G66/><T134/><D134/><U122/><E122/><V135/><F135/><W39/><G39/><T21/><D111/><U60/><E128/><V57/><F48/><W0/><G0/><T97/><D69/><U102/><E4/><V131/><F41/><W14/><G58/><T81/><D29/><U50/><E70/><V74/><F74/><W91/><G79/><T130/><D130/><U120/><E61/><V115/><F115/><W23/><G5/><T30/><D30/><U7/><E7/><V65/><F131/><W56/><G56/><T75/><D97/><U123/><E60/><V133/><F133/><W80/><G80/><T96/><D96/><U33/><E114/><V107/><F107/><W85/><G85/><T13/><D81/><U93/><E72/><V24/><F24/><W37/><G37/><T78/><D78/><U55/><E26/><V126/><N who="2" m="48722" /><V106/><DORA hai="40" /><F106/><W71/><G71/><T108/><D75/><U9/><E32/><V25/><F25/><W95/><G95/><T18/><D108/><U112/><E33/><V90/><F100/><W110/><G110/><T98/><D98/><U51/><E102/><V19/><F19/><W59/><G43/><T73/><D73/><U47/><E103/><V129/><F129/><W118/><G118/><T89/><D28/><U35/><E112/><V77/><F77/><RYUUKYOKU ba="0,0" sc="250,-15,250,-15,250,15,250,15" hai2="12,17,57,63,65,84,86,90,92,99" hai3="8,10,11,14,15,20,22,23,49,59,87,91,94" /><INIT seed="1,1,0,2,4,4" ten="235,235,265,265" oya="1" hai0="117,80,41,95,60,16,62,8,18,106,103,28,53" hai1="5,107,63,12,126,20,17,85,97,109,89,47,38" hai2="127,55,58,68,114,120,77,36,125,45,42,110,57" hai3="123,10,100,105,70,115,99,130,21,133,84,76,25" shuffle="mt19937ar,5696BD3C,4032D10B,EFB6605C,77DC2E65,0714BDEC,B4D247F8,98EAF0DD,BED14C3F"/><U11/><E126/><N who="2" m="48139" /><F77/><W90/><G123/><T2/><D117/><U1/><E109/><V15/><F15/><W88/><G115/><T3/><D106/><U79/><E79/><V108/><F120/><W116/><G116/><T46/><D28/><U30/><E63/><V104/><F104/><W24/><G70/><T40/><D80/><U131/><E131/><V22/><F22/><W66/><G66/><T101/><D53/><U56/><E56/><V51/><F68/><W61/><G61/><T113/><D113/><U35/><E107/><V32/><F32/><W6/><G130/><T9/><D95/><U59/><E59/><N who="2" m="33279" /><F114/><W118/><G118/><T19/><D18/><U96/><E47/><AGARI ba="1,0" hai="2,3,8,9,16,19,40,41,46,47,60,62,101,103" machi="47" ten="25,8000,1" yaku="22,2,52,2,54,1" doraHai="4" who="0" fromWho="1" sc="235,83,235,-83,265,0,265,0" /><INIT seed="2,0,0,4,5,108" ten="318,152,265,265" oya="2" hai0="1,82,70,74,107,76,120,117,10,99,58,8,62" hai1="97,35,14,49,24,131,26,85,13,56,121,90,118" hai2="103,100,92,69,21,23,22,135,73,130,96,119,51" hai3="0,93,132,57,53,29,109,87,125,19,86,55,83" shuffle="mt19937ar,3725ECD9,625C5DD1,86D27CAA,9316FEB1,9BA29809,25454273,CAC17614,67BE4E2A"/><V72/><F69/><W127/><G0/><T16/><D120/><U59/><E118/><V67/><F119/><W31/><G109/><T3/><D117/><U104/><E121/><V68/><F68/><W94/><G132/><T84/><D70/><U52/><E131/><V5/><F135/><W17/><G57/><T37/><D37/><U75/><E75/><V114/><F130/><W89/><G83/><T78/><D107/><U4/><E59/><V41/><F67/><W30/><G30/><T28/><D28/><U61/><E35/><V63/><F63/><W113/><G89/><T95/><D10/><U79/><E79/><V6/><F73/><W134/><G134/><T98/><D98/><U129/><E129/><V124/><F72/><W12/><G12/><N who="0" m="7175" /><D3/><U60/><E14/><V106/><F114/><AGARI ba="0,0" hai="17,19,29,31,53,55,86,87,93,94,113,114,125,127" machi="114" ten="25,6400,0" yaku="22,2,52,2" doraHai="108" who="3" fromWho="2" sc="318,0,152,0,265,-64,265,64" /><INIT seed="3,0,0,4,4,39" ten="318,152,201,329" oya="3" hai0="62,83,110,109,25,121,134,96,126,127,1,117,47" hai1="37,129,18,94,116,44,80,106,59,69,128,12,31" hai2="3,81,55,16,135,38,11,36,58,67,9,23,54" hai3="108,49,40,26,104,65,46,2,10,17,32,29,91" shuffle="mt19937ar,3C740F6A,C60180BF,3947EFC0,4F2CE9B0,609D93E0,75A85BA4,29C5D0EA,14B3BCD8"/><W114/><G114/><T115/><D1/><U79/><E106/><V73/><F67/><W33/><G104/><T6/><D121/><U72/><E69/><V66/><F66/><W48/><G65/><T28/><D115/><U119/><E31/><V82/><F135/><W5/><G108/><N who="0" m="41579" /><D6/><U78/><E78/><V98/><F98/><W53/><G17/><T60/><D117/><U27/><E27/><V43/><F58/><W8/><G8/><T20/><D134/><U77/><E77/><V120/><F120/><W52/><G91/><T85/><D47/><U57/><E94/><V14/><F14/><W13/><G2/><T132/><D96/><U92/><E92/><V21/><F73/><W87/><G87/><T4/><D4/><U64/><E64/><V107/><F107/><W133/><G133/><T125/><D132/><U99/><E99/><V7/><F7/><W102/><G102/><T35/><D35/><U15/><E18/><V103/><F3/><W75/><G75/><T24/><D25/><U76/><E72/><V70/><F70/><W19/><G5/><T50/><D50/><U93/><E93/><V86/><F103/><W111/><G111/><T113/><D113/><U68/><E68/><V56/><F86/><W130/><G130/><T34/><D34/><U101/><E101/><V74/><F74/><W97/><G97/><T100/><D100/><U84/><E84/><V95/><F95/><W89/><G89/><AGARI ba="0,0" hai="20,24,28,60,62,83,85,89,125,126,127" m="41579" machi="89" ten="40,2600,0" yaku="18,1,14,1" doraHai="39" who="0" fromWho="3" sc="318,26,152,0,201,0,329,-26" owari="344,35,152,-25,201,-15,303,5" /></mjloggm>