<mjloggm ver="2.3"><GO type="41"/><UN n0="%E3%81%BD%E3%81%A3%E3%81%B7%E3%82%8B" n1="%E6%9A%97%E6%84%9A" n2="%E3%83%9D%E3%83%81%E3%83%A7%E3%83%A0%E3%82%AD%E3%83%B3%E2%98%85" n3="%E3%82%A6%E3%83%AB%E3%83%88%E3%83%A9%E7%AB%8B%E7%9B%B4" dan="15,13,14,15" rate="1881,1836,1875,1977" sx="M,M,M,M"/><TAIKYOKU oya="0"/><INIT seed="0,0,0,1,2,65" ten="250,250,250,250" oya="0" hai0="63,1,14,27,16,39,3,114,58,70,84,111,5" hai1="11,72,88,44,102,26,98,86,56,37,12,57,115" hai2="46,2,107,28,99,81,85,40,83,35,126,103,78" hai3="97,87,50,100,120,135,36,66,79,106,8,59,24"/><T109/><D39/><U134/><E72/><V80/><F126/><W123/><G36/><T43/><D114/><U53/><E134/><V92/><F2/><W51/><G135/><T75/><D75/><U20/><E115/><V34/><F107/><W7/><G79/><T105/><D105/><U0/><E0/><V67/><F67/><W54/><G87/><T49/><D70/><U73/><E73/><V113/><F113/><W130/><G130/><T133/><D133/><U101/><E37/><V38/><F28/><W60/><G24/><T62/><D84/><U131/><E131/><V89/><REACH who="2" step="1"/><F81/><REACH who="2" step="2"/><W64/><G64/><T55/><D3/><U22/><E26/><V82/><F82/><W48/><G120/><T33/><D27/><U122/><E122/><V31/><F31/><W47/><G123/><T129/><D129/><U76/><E76/><V61/><F61/><W23/><G23/><T71/><D62/><U128/><E128/><V18/><F18/><W6/><G7/><T127/><D127/><U32/><E22/><V94/><F94/><W29/><G29/><T132/><D132/><U19/><E20/><V96/><F96/><W4/><G4/><T112/><D5/><U125/><E125/><V124/><F124/><W116/><G116/><T21/><D112/><U90/><E98/><V93/><F93/><W121/><G121/><T13/><D1/><AGARI ba="0,1" hai="1,6,8,47,48,50,51,54,59,60,66,97,100,106" machi="1" ten="30,1000,0" yaku="7,1" doraHai="65" who="3" fromWho="0" sc="250,-10,250,0,240,0,250,20" /><INIT seed="1,0,0,1,3,10" ten="240,250,240,270" oya="1" hai0="93,131,60,23,126,70,11,105,90,109,64,41,28" hai1="112,87,122,52,62,77,88,80,38,133,48,125,14" hai2="73,25,68,46,84,134,76,92,35,114,15,135,67" hai3="61,110,37,123,104,116,56,50,130,94,12,27,132"/><U19/><E122/><V21/><F73/><W96/><G104/><T66/><D109/><U103/><E112/><V24/><F114/><W95/><G37/><T3/><D105/><U39/><E103/><V30/><F46/><W118/><G123/><T7/><D131/><U47/><E125/><V63/><F76/><W106/><G130/><T108/><D108/><U13/><E133/><V85/><F92/><W4/><G110/><T91/><D126/><U119/><E119/><N who="3" m="45610" /><G132/><N who="2" m="50729" /><F15/><N who="1" m="5641" /><E38/><V83/><F83/><W6/><G27/><T82/><D41/><N who="1" m="24687" /><E39/><V43/><F43/><W57/><G6/><T121/><D121/><U36/><E36/><V65/><F65/><W8/><G106/><T74/><D74/><U97/><E19/><AGARI ba="0,0" hai="19,21,24,25,30,35,63,67,68,84,85" m="50729" machi="19" ten="30,1000,0" yaku="20,1" doraHai="10" who="2" fromWho="1" sc="240,0,250,-10,240,10,270,0" /><INIT seed="2,0,0,4,1,41" ten="240,240,250,270" oya="2" hai0="73,51,88,22,23,54,114,70,93,58,19,118,103" hai1="110,99,7,94,8,116,112,55,80,64,74,89,52" hai2="24,75,108,101,134,28,29,9,35,43,92,95,130" hai3="126,87,119,56,100,109,32,128,102,47,11,77,117"/><V53/><F75/><W104/><G32/><T18/><D114/><U42/><E116/><V49/><F134/><W96/><G102/><T65/><D73/><U132/><E112/><V122/><F122/><W0/><G126/><T98/><D118/><U13/><E132/><V111/><F130/><W107/><G128/><T115/><D115/><U69/><E110/><N who="2" m="42027" /><F43/><W127/><G127/><T46/><D103/><U82/><E69/><V131/><F131/><W85/><G107/><T84/><D84/><U125/><E64/><V61/><F61/><W79/><G109/><T120/><D120/><U121/><E121/><V30/><F9/><W21/><G11/><T3/><D3/><U86/><E125/><V37/><F37/><W44/><G0/><T78/><D78/><U36/><E74/><V26/><F101/><W59/><G100/><T31/><D70/><U33/><E33/><N who="2" m="20615" /><F30/><W20/><G104/><T124/><D124/><U34/><E34/><V38/><F38/><W90/><G90/><T50/><D65/><U4/><E36/><V48/><F48/><W72/><G72/><T97/><D31/><U2/><E42/><V106/><F106/><W123/><G123/><T105/><D105/><U91/><E2/><V133/><F133/><W27/><G27/><T76/><D76/><U62/><E4/><V71/><F71/><W83/><G83/><N who="1" m="31786" /><E62/><V45/><AGARI ba="0,0" hai="26,29,35,45,49,53,92,95" m="20615,42027" machi="45" ten="30,6000,0" yaku="14,1,10,1,52,1" doraHai="41" who="2" fromWho="2" sc="240,-20,240,-20,250,60,270,-20" /><INIT seed="2,1,0,2,2,97" ten="220,220,310,250" oya="2" hai0="23,63,110,117,102,128,66,1,40,86,95,18,64" hai1="78,85,26,75,121,124,27,77,50,109,46,39,105" hai2="8,125,69,0,37,6,135,133,19,43,12,119,83" hai3="16,74,71,2,48,14,58,10,51,93,103,35,29"/><V25/><F69/><W67/><G74/><T15/><D1/><U61/><E75/><V131/><F37/><W96/><G71/><T52/><D110/><U4/><E109/><V81/><F43/><W122/><G122/><T7/><D128/><U79/><E105/><V123/><F123/><W99/><G2/><T57/><D117/><U104/><E104/><V53/><F119/><W132/><G132/><N who="2" m="50761" /><F53/><W59/><G35/><T30/><D40/><U114/><E114/><V13/><F83/><W28/><G96/><N who="0" m="59679" /><D86/><U56/><E121/><V45/><F81/><W31/><G59/><T41/><D41/><U116/><E124/><V88/><F88/><W33/><G33/><T72/><D72/><U130/><E130/><V60/><F45/><W11/><G11/><N who="0" m="4607" /><D30/><U98/><E116/><V20/><F60/><AGARI ba="1,0" hai="10,14,16,28,29,31,48,51,58,60,67,93,99,103" machi="60" ten="40,5200,0" yaku="8,1,52,1,54,1" doraHai="97" who="3" fromWho="2" sc="220,0,220,0,310,-55,250,55" /><INIT seed="3,0,0,1,0,83" ten="220,220,255,305" oya="3" hai0="52,67,104,2,24,26,38,57,129,92,64,32,45" hai1="128,28,100,102,62,90,18,36,54,3,49,15,109" hai2="50,110,9,76,17,69,73,107,72,47,0,94,84" hai3="74,93,8,117,68,20,61,29,77,75,4,23,112"/><W96/><G117/><T101/><D129/><U5/><E128/><V35/><F107/><W91/><G112/><T122/><D122/><U40/><E28/><V106/><F106/><W53/><G77/><T115/><D115/><U135/><E3/><V59/><F69/><W123/><G123/><T133/><D133/><U78/><E135/><V82/><F35/><W39/><G39/><T55/><D2/><U19/><E78/><V121/><F121/><W71/><G71/><T21/><D104/><U37/><E37/><V10/><F110/><W86/><G96/><T87/><D38/><U111/><E36/><V89/><F59/><W80/><G80/><T1/><D1/><U131/><E131/><V63/><F63/><W124/><G124/><T42/><D42/><U134/><E134/><V118/><F118/><W99/><G99/><T65/><D101/><U31/><E31/><V51/><F51/><W11/><G11/><T116/><D116/><U34/><E34/><V127/><F127/><W41/><G41/><T66/><D32/><U46/><E90/><V13/><F0/><W95/><G95/><T7/><D67/><U79/><E79/><V98/><REACH who="2" step="1"/><F10/><REACH who="2" step="2"/><W60/><G68/><T58/><D58/><U30/><E109/><V6/><F6/><W48/><G60/><T56/><D7/><U105/><E111/><V88/><F88/><W33/><G61/><T25/><D57/><U97/><E105/><V126/><F126/><W113/><G8/><T14/><D56/><U114/><E114/><V120/><F120/><W44/><G113/><T12/><D21/><RYUUKYOKU ba="0,1" sc="220,-10,220,-10,245,30,305,-10" hai2="9,13,17,47,50,72,73,76,82,84,89,94,98" /><INIT seed="4,1,1,2,0,29" ten="210,210,275,295" oya="0" hai0="69,26,27,43,34,80,66,92,118,47,115,39,15" hai1="2,74,107,73,77,84,21,94,134,48,87,31,129" hai2="23,3,76,19,96,105,110,95,101,28,83,100,5" hai3="33,119,42,108,90,16,64,0,117,6,37,103,12"/><T61/><D115/><U8/><E48/><V79/><F110/><W128/><G64/><T68/><D118/><N who="3" m="45065" /><G90/><T11/><D69/><U127/><E31/><V55/><F28/><W112/><G103/><T98/><D80/><N who="1" m="47119" /><E21/><V51/><F105/><W72/><G42/><T45/><D45/><U58/><E58/><V125/><F125/><W88/><G88/><T57/><D68/><U56/><E56/><V132/><F132/><W109/><G72/><N who="1" m="27754" /><E8/><V25/><F101/><W102/><G102/><T122/><D34/><U124/><E2/><V106/><F106/><W114/><G37/><T120/><D26/><U99/><E134/><V67/><F67/><W20/><G33/><T35/><D35/><U82/><E129/><V65/><F65/><W111/><G128/><T86/><D27/><U32/><E32/><V7/><F3/><W62/><G62/><T63/><D63/><U10/><E10/><AGARI ba="1,1" hai="0,6,10,12,16,20,108,109,111,112,114" m="45065" machi="10" ten="40,5200,0" yaku="34,2,54,1" doraHai="29" who="3" fromWho="1" sc="210,0,210,-55,275,0,295,65" /><INIT seed="5,0,0,2,3,45" ten="210,155,275,360" oya="1" hai0="34,56,119,94,22,52,107,97,88,36,93,21,76" hai1="54,109,64,55,17,92,127,39,32,130,79,9,28" hai2="24,51,10,111,4,95,44,100,77,69,53,41,126" hai3="57,118,68,121,71,82,31,117,65,29,37,135,129"/><U15/><E39/><V72/><F111/><W20/><G121/><T105/><D36/><U3/><E64/><V103/><F126/><W67/><G129/><T27/><D119/><N who="3" m="45577" /><G37/><T84/><D76/><U59/><E130/><V30/><F69/><N who="3" m="26699" /><G57/><T40/><D40/><U73/><E127/><V70/><F70/><W62/><G62/><T125/><D125/><U23/><E109/><V33/><F95/><W81/><G135/><T116/><D116/><U123/><E123/><V46/><F77/><W75/><G20/><T102/><D34/><U86/><E73/><V16/><F72/><W124/><G75/><T115/><D115/><U96/><E79/><V80/><F80/><N who="3" m="30827" /><G124/><T99/><D84/><U128/><E128/><V5/><F5/><W11/><G11/><T38/><D38/><U0/><E86/><V87/><F87/><W1/><G1/><T112/><D112/><U113/><E113/><V74/><F74/><W47/><G47/><T26/><D22/><U42/><E42/><V19/><F103/><W60/><G60/><T132/><D132/><U108/><E108/><V43/><F100/><W91/><G91/><T35/><D35/><U90/><E54/><V13/><F53/><W85/><G85/><T61/><D27/><U98/><E32/><V114/><F114/><W133/><G133/><T134/><D134/><U120/><E120/><V131/><F131/><W14/><G14/><T6/><D6/><U48/><E98/><V12/><F12/><W58/><G58/><T101/><D101/><U63/><E63/><V25/><F25/><W7/><G7/><RYUUKYOKU ba="0,0" sc="210,0,155,0,275,0,360,0" hai0="21,26,52,56,61,88,93,94,97,99,102,105,107" hai1="0,3,9,15,17,23,28,48,55,59,90,92,96" hai2="4,10,13,16,19,24,30,33,41,43,44,46,51" hai3="29,31,65,67" /><INIT seed="5,1,0,0,2,81" ten="210,155,275,360" oya="1" hai0="41,66,102,107,123,73,59,53,55,51,16,85,35" hai1="101,6,48,30,58,120,74,9,19,47,12,25,116" hai2="75,22,112,90,96,5,24,40,10,114,36,133,13" hai3="131,42,71,79,29,132,121,38,56,113,1,126,111"/><U122/><E116/><V39/><F75/><W109/><G56/><T62/><D73/><U32/><E74/><V129/><F133/><W2/><G79/><T31/><D123/><U91/><E101/><V20/><F129/><W134/><G42/><T95/><D107/><U87/><E58/><V18/><F40/><W98/><G98/><T84/><D35/><U104/><E104/><V86/><F96/><W135/><G38/><T7/><D7/><U45/><E6/><V106/><F106/><W78/><G78/><T28/><D16/><U27/><E27/><V83/><REACH who="2" step="1"/><F22/><REACH who="2" step="2"/><W94/><G131/><T63/><D41/><U43/><E47/><V88/><F88/><W60/><G132/><T110/><D110/><U80/><AGARI ba="1,1" hai="9,12,19,25,30,32,43,45,48,80,87,91,120,122" machi="80" ten="20,3900,0" yaku="0,1,7,1,52,1" doraHai="81" who="1" fromWho="1" sc="210,-14,155,52,265,-14,360,-14" /><INIT seed="5,2,0,1,3,0" ten="196,207,251,346" oya="1" hai0="106,16,52,54,117,134,66,60,49,104,115,68,27" hai1="98,20,84,78,105,127,135,36,126,107,87,70,88" hai2="122,13,47,31,72,93,35,118,63,108,79,85,91" hai3="74,19,43,92,82,94,123,61,83,97,109,18,40"/><U34/><E70/><V46/><F122/><W125/><G74/><T12/><D117/><U65/><E65/><V15/><F118/><W22/><G109/><T120/><D120/><U30/><E36/><V45/><F108/><W119/><G119/><T131/><D131/><U9/><E34/><V5/><F63/><W1/><G1/><T51/><D115/><U4/><E30/><V114/><F114/><W80/><G123/><T53/><D134/><U100/><E20/><V62/><F62/><W86/><G125/><N who="1" m="47626" /><E135/><V110/><F110/><W130/><G130/><T124/><D124/><U67/><E67/><V25/><F72/><W89/><G61/><T57/><D27/><U111/><E111/><V29/><F79/><W55/><G55/><T8/><REACH who="0" step="1"/><D54/><REACH who="0" step="2"/><U2/><E78/><V58/><F25/><N who="3" m="14551" /><G19/><T48/><D48/><U42/><E42/><V103/><F35/><W116/><G116/><T23/><D23/><U14/><E2/><V113/><F113/><W50/><G50/><T6/><D6/><U37/><E37/><V11/><F31/><W56/><G40/><T38/><D38/><U17/><E4/><V28/><F29/><W101/><G43/><T75/><D75/><U64/><E64/><V10/><F28/><W71/><G71/><T96/><D96/><U44/><E44/><AGARI ba="2,1" hai="8,12,16,44,49,51,52,53,57,60,66,68,104,106" machi="44" ten="30,7700,0" yaku="1,1,7,1,54,2,53,0" doraHai="0" doraHaiUra="33" who="0" fromWho="1" sc="186,93,207,-83,251,0,346,0" /><INIT seed="6,0,0,3,2,22" ten="279,124,251,346" oya="2" hai0="116,54,45,96,107,119,87,108,44,125,134,132,133" hai1="68,98,95,7,118,67,122,61,76,120,4,86,20" hai2="31,50,26,59,100,82,65,55,74,9,11,93,85" hai3="1,49,124,130,115,71,19,70,41,73,72,77,114"/><V39/><F39/><W21/><G1/><T56/><D108/><U112/><E118/><N who="0" m="45097" /><D87/><U0/><E112/><N who="3" m="43050" /><G124/><T128/><D128/><U99/><E0/><V18/><F74/><N who="3" m="28779" /><G77/><T17/><D125/><U58/><E20/><N who="2" m="15815" /><F18/><W84/><G84/><T104/><D17/><U83/><E98/><N who="2" m="59471" /><F65/><W101/><G101/><N who="0" m="62503" /><D107/><U90/><REACH who="1" step="1"/><E68/><REACH who="1" step="2"/><V66/><F66/><W6/><G71/><T94/><D94/><U27/><E27/><V47/><F47/><W10/><G70/><T63/><AGARI ba="0,1" hai="44,45,54,56,63,132,133,134" m="62503,45097" machi="63" ten="40,2700,0" yaku="20,1,12,1" doraHai="22" who="0" fromWho="0" sc="279,37,114,-7,251,-13,346,-7" /><INIT seed="7,0,0,1,2,18" ten="316,107,238,339" oya="3" hai0="66,38,126,0,37,52,81,35,55,5,85,97,58" hai1="6,30,13,65,23,4,64,67,62,73,48,98,25" hai2="116,117,122,87,9,118,125,49,54,127,15,34,39" hai3="24,92,133,27,32,28,113,45,134,76,70,12,96"/><W114/><G70/><T123/><D123/><U111/><E111/><V71/><F71/><W82/><G45/><T120/><D120/><U11/><E73/><V63/><F122/><W2/><G2/><T102/><D35/><U108/><E108/><V135/><F63/><W130/><G12/><T128/><D128/><U131/><E131/><V8/><F39/><W89/><G27/><T46/><D126/><U26/><E4/><V99/><F99/><W100/><G100/><T31/><D31/><U68/><E48/><V104/><F104/><W56/><G56/><T69/><D69/><U50/><E50/><V61/><F61/><W91/><G91/><T72/><D72/><U107/><E107/><V121/><F121/><W41/><G41/><T33/><D33/><U110/><E110/><V75/><F75/><N who="3" m="43295" /><G130/><T84/><D84/><U7/><E7/><V106/><F106/><W40/><G40/><T16/><D16/><U74/><E74/><V101/><F101/><W112/><AGARI ba="0,0" hai="24,28,32,89,92,96,112,113,114,133,134" m="43295" machi="112" ten="40,2100,0" yaku="15,1" doraHai="18" who="3" fromWho="3" sc="316,-7,107,-7,238,-7,339,21" owari="309,11,100,-40,231,-17,360,46" /></mjloggm>