<mjloggm ver="2.3"><GO type="97"/><UN n0="%E5%A4%A9%E7%AB%BA" n1="%39%39%39%39%71%71%71%71" n2="%E3%82%A6%E3%83%AB%E3%83%88%E3%83%A9%E7%AB%8B%E7%9B%B4" n3="%6B%6D%6F%32" dan="13,13,13,15" rate="1868,1922,1825,1950" sx="M,M,M,M"/><TAIKYOKU oya="0"/><INIT seed="0,0,0,5,1,103" ten="250,250,250,250" oya="0" hai0="89,123,69,18,23,51,84,127,102,87,48,46,71" hai1="2,5,12,59,124,125,79,90,100,83,33,43,129" hai2="38,101,21,74,32,16,112,65,64,126,39,44,57" hai3="13,92,80,10,99,72,95,0,86,67,73,4,53" shuffle="mt19937ar,4CD05770,145F317E,AF299873,990DDA6E,4F5288A7,C2E741D2,69E7B984,22333044"/><T55/><D123/><U29/><E129/><V106/><F74/><W108/><G108/><T40/><D127/><N who="1" m="48715" /><E2/><V105/><F32/><W111/><G111/><T7/><D7/><U116/><E116/><V61/><F126/><W49/><G67/><T22/><D102/><U122/><E122/><V114/><F101/><W115/><G0/><T25/><D22/><U54/><E43/><V81/><F81/><W41/><G41/><T66/><D66/><U135/><E135/><V26/><F65/><W19/><G19/><T62/><D62/><U37/><E37/><V133/><F133/><W68/><G115/><T30/><D30/><U31/><E90/><V56/><F56/><W34/><G68/><T58/><REACH who="0" step="1"/><D87/><REACH who="0" step="2"/><N who="1" m="48639" /><E100/><V3/><F112/><W78/><G34/><T85/><D85/><U15/><E33/><V8/><F114/><W45/><REACH who="3" step="1"/><G95/><AGARI ba="0,1" hai="18,23,25,40,46,48,51,55,58,69,71,84,89,95" machi="95" ten="30,5800,0" yaku="1,1,7,1,53,1" doraHai="103" doraHaiUra="20" who="0" fromWho="3" sc="240,68,250,0,250,0,250,-58" /><INIT seed="0,1,0,1,4,117" ten="308,250,250,192" oya="0" hai0="71,63,103,120,132,49,124,87,19,20,119,65,130" hai1="96,54,80,59,14,135,73,115,101,3,94,13,0" hai2="107,77,116,113,112,4,58,114,93,56,38,24,52" hai3="75,102,47,127,89,121,106,108,69,51,11,72,55" shuffle="mt19937ar,793DBE07,F67675D2,E546855A,307A5AE2,7BFBF1CE,704FE76A,964C43D1,1E7CEC2E"/><T57/><D120/><U28/><E135/><V95/><F107/><W67/><G108/><T16/><D119/><U15/><E115/><V41/><F116/><W88/><G127/><T2/><D2/><U126/><E126/><V29/><F77/><W31/><G121/><T122/><D124/><U34/><E34/><V46/><F4/><W105/><G31/><T125/><D125/><U118/><E118/><V50/><REACH who="2" step="1"/><F58/><REACH who="2" step="2"/><W131/><G106/><T17/><D57/><U86/><E73/><V26/><F26/><W32/><G105/><T53/><D132/><U8/><E28/><V22/><AGARI ba="1,1" hai="22,24,29,38,41,46,50,52,56,93,95,112,113,114" machi="22" ten="30,4000,0" yaku="1,1,0,1,54,1,53,0" doraHai="117" doraHaiUra="30" who="2" fromWho="2" sc="308,-21,250,-11,240,53,192,-11" /><INIT seed="1,0,0,3,0,99" ten="287,239,293,181" oya="1" hai0="24,19,62,87,30,94,39,124,57,46,16,12,13" hai1="37,83,116,101,26,44,53,104,105,132,68,52,74" hai2="123,84,89,121,103,91,106,66,119,76,34,134,15" hai3="82,33,42,133,35,96,117,1,79,93,29,86,85" shuffle="mt19937ar,B60EF12F,FA5AF5F4,3FCA59E1,959466A3,0D142B5D,926DA99C,803363E7,5FFD5E88"/><U110/><E132/><V114/><F15/><W9/><G133/><T11/><D124/><U18/><E68/><V4/><F4/><W28/><G117/><T7/><D39/><U130/><E130/><V32/><F66/><W135/><G135/><T72/><D72/><U8/><E116/><V67/><F67/><W95/><G42/><T109/><D46/><U107/><E110/><V88/><F134/><W20/><G33/><T126/><D126/><U69/><E69/><V100/><F119/><W51/><G35/><T10/><D109/><U22/><E8/><V71/><F34/><W47/><G86/><T97/><D7/><U120/><E120/><N who="2" m="46155" /><F32/><W50/><G93/><T90/><D87/><U59/><E37/><V41/><F41/><W125/><G125/><T98/><D98/><U25/><E25/><V40/><F40/><W49/><G47/><T113/><D113/><U75/><E44/><V21/><F21/><W27/><G1/><T115/><D115/><U92/><E53/><V48/><F48/><W78/><G78/><T81/><D81/><U45/><E45/><V38/><F71/><W14/><G29/><T3/><D3/><U63/><REACH who="1" step="1"/><E83/><REACH who="1" step="2"/><N who="2" m="47207" /><F114/><W122/><G122/><T129/><D129/><U31/><E31/><V77/><F38/><W131/><G131/><T6/><D6/><U58/><E58/><V111/><F111/><W128/><G128/><T0/><D0/><U55/><E55/><V73/><F106/><W17/><REACH who="3" step="1"/><G51/><REACH who="3" step="2"/><T64/><D30/><U54/><E54/><V56/><F56/><W60/><G60/><T70/><D70/><RYUUKYOKU ba="0,2" sc="287,0,229,0,293,0,171,0" hai0="10,11,12,13,16,19,24,57,62,64,90,94,97" hai1="18,22,26,52,59,63,74,75,92,101,104,105,107" hai2="73,77,88,89,91,100,103" hai3="9,14,17,20,27,28,49,50,79,82,85,95,96" /><INIT seed="1,1,2,1,4,113" ten="287,229,293,171" oya="1" hai0="13,99,100,62,95,43,117,85,121,54,32,83,5" hai1="124,29,17,86,91,1,4,20,6,107,42,129,37" hai2="58,135,98,80,51,0,93,105,47,33,123,79,102" hai3="2,69,61,111,134,22,82,38,106,49,89,10,114" shuffle="mt19937ar,7B4ACA01,E490B679,C3AD4686,39CFD1B5,5485C716,B09B6751,82B82787,9D5EB029"/><U40/><E107/><V56/><F123/><W57/><G114/><T94/><D32/><U53/><E124/><V73/><F0/><W67/><G38/><T48/><D121/><U104/><E129/><V68/><F68/><W90/><G106/><T81/><D117/><U59/><E104/><V133/><F33/><W50/><G111/><T36/><D36/><U75/><E75/><V77/><F77/><W127/><G127/><T101/><D43/><N who="1" m="16427" /><E29/><V35/><F35/><W25/><G134/><N who="2" m="51209" /><F105/><W110/><G110/><T55/><D62/><N who="1" m="36207" /><E37/><V52/><AGARI ba="1,2" hai="47,51,52,56,58,73,79,80,93,98,102" m="51209" machi="52" ten="30,2000,0" yaku="20,1,54,1" doraHai="113" who="2" fromWho="2" sc="287,-6,229,-11,293,43,171,-6" /><INIT seed="2,0,0,2,2,25" ten="281,218,336,165" oya="2" hai0="54,75,45,81,22,100,96,62,57,69,53,97,114" hai1="27,20,99,125,86,0,124,106,21,39,16,42,82" hai2="58,107,94,17,77,121,29,38,113,129,61,73,88" hai3="46,117,120,93,130,78,35,28,30,76,8,119,10" shuffle="mt19937ar,94FBFC5B,64D50EDE,EA1F662A,E9A5B031,151645E7,EA55C7CB,B071E2A4,889F731E"/><V70/><F107/><W64/><G35/><T63/><D114/><U66/><E0/><V56/><F38/><W33/><G33/><T111/><D111/><U18/><E42/><V43/><F43/><W128/><G93/><T84/><D75/><U55/><E39/><V2/><F2/><W40/><G40/><T26/><D69/><U105/><E66/><V3/><F3/><W24/><G24/><T47/><D97/><U4/><E4/><V98/><F121/><W1/><G1/><T80/><D80/><U133/><E55/><V36/><F36/><W32/><G32/><T83/><D83/><U132/><E99/><V103/><F113/><W89/><G89/><T131/><D131/><U6/><E6/><V31/><F129/><W122/><G64/><T7/><D7/><U71/><E71/><V19/><F77/><W15/><G15/><T118/><D118/><U74/><E74/><V14/><F73/><W87/><G87/><T101/><D101/><U115/><E115/><V67/><F103/><W52/><G52/><N who="0" m="34087" /><D96/><U109/><E109/><V23/><F70/><W110/><G110/><T11/><D11/><U48/><E48/><V60/><F17/><W91/><G91/><N who="0" m="51599" /><D100/><U79/><E106/><V44/><F44/><AGARI ba="0,0" hai="8,10,28,30,44,46,76,78,117,119,120,122,128,130" machi="44" ten="25,6400,0" yaku="22,2,52,2" doraHai="25" who="3" fromWho="2" sc="281,0,218,0,336,-64,165,64" /><INIT seed="3,0,0,2,1,8" ten="281,218,272,229" oya="3" hai0="3,40,105,17,125,118,128,6,1,42,71,56,58" hai1="45,97,47,94,10,120,74,14,15,77,23,37,88" hai2="28,117,7,48,0,93,76,29,114,65,85,135,60" hai3="11,89,113,52,69,43,66,112,53,4,32,68,100" shuffle="mt19937ar,944CF619,59EE9EE3,27B306C9,32E91C12,1C3AA7CC,EE899B2D,B9172753,37AC6301"/><W2/><G32/><T108/><D118/><U5/><E120/><V41/><F117/><W75/><G75/><T110/><D71/><U20/><E37/><V134/><F114/><W123/><G123/><T81/><D105/><U19/><REACH who="1" step="1"/><E23/><REACH who="1" step="2"/><V44/><F28/><W102/><G113/><T61/><D125/><U64/><E64/><V131/><F29/><W70/><G112/><T27/><D128/><U104/><E104/><V72/><F131/><W99/><G66/><T57/><D61/><U130/><E130/><V59/><F134/><W26/><G70/><T30/><D110/><U54/><E54/><V25/><F135/><W84/><G69/><T9/><D108/><U63/><E63/><V39/><F39/><W55/><G68/><T80/><D3/><U22/><E22/><V103/><F0/><W129/><G129/><T106/><D106/><U109/><E109/><V133/><F133/><W101/><G43/><T87/><D42/><U91/><E91/><V67/><F67/><W111/><G111/><T62/><D62/><U82/><AGARI ba="0,1" hai="5,10,14,15,19,20,45,47,74,77,82,88,94,97" machi="82" ten="30,12000,2" yaku="1,1,0,1,52,2,54,1,53,1" doraHai="8" doraHaiUra="78" who="1" fromWho="1" sc="281,-30,208,130,272,-30,229,-60" owari="251,0,338,34,242,-11,169,-23" /></mjloggm>