<mjloggm ver="2.3"><GO type="97"/><UN n0="%E3%82%A6%E3%83%AB%E3%83%88%E3%83%A9%E7%AB%8B%E7%9B%B4" n1="%E9%A3%9B%E8%BB%8A%E3%81%A1%E3%82%85%E3%81%86" n2="%E3%81%AF%E3%82%84%E3%81%B6%E3%83%BC" n3="%E5%B1%B1%E7%94%B0%E8%BC%AA%E5%AD%90" dan="13,14,14,16" rate="1830,1901,1924,1956" sx="M,M,M,F"/><TAIKYOKU oya="0"/><INIT seed="0,0,0,3,3,93" ten="250,250,250,250" oya="0" hai0="128,60,37,49,8,40,42,53,36,21,113,61,134" hai1="107,87,25,64,52,100,91,56,73,59,75,62,74" hai2="90,32,45,31,80,10,108,81,43,65,106,66,22" hai3="9,54,39,11,123,27,47,26,88,127,55,5,92" shuffle="mt19937ar,0ADFD801,FF818DD5,0B604075,6DC9FD42,27996D96,C1700439,76659BC8,F0AD038A,C46849E8,1FABA04A,26C30702,B4C6E99F,69AA572D,45299163,E558FC79,2630DF2C,FEE75396,B1915F25,409094A0,6EA568D1,1A493081,9C7205B9,7D8F91BA,E806802D,117A8DDB,CEB6B89B,682AADFE,9A72156C,E48215F7,2A11C912,3137DC9E,1F929437"/><T15/><D21/><U131/><E131/><V76/><F32/><W99/><G123/><T114/><D15/><U132/><E132/><V101/><F108/><W44/><G127/><T83/><D8/><N who="3" m="3145" /><G5/><T97/><D83/><U48/><E25/><N who="3" m="9226" /><G39/><T95/><D95/><U112/><E112/><V38/><F31/><W78/><G78/><T17/><D17/><U41/><E41/><V94/><F22/><W20/><G20/><T19/><D19/><U126/><E126/><V111/><F111/><W89/><G89/><T29/><D29/><U79/><E79/><V33/><F33/><W110/><G110/><T46/><D134/><U85/><REACH who="1" step="1"/><E91/><REACH who="1" step="2"/><V96/><F80/><W50/><G55/><T70/><D128/><U34/><E34/><V124/><F124/><W115/><G115/><T4/><D114/><U69/><E69/><V51/><F38/><W1/><G1/><T129/><D113/><U16/><E16/><V121/><F121/><W135/><G135/><T109/><D129/><U13/><E13/><V117/><F117/><W57/><AGARI ba="0,1" hai="44,47,50,54,57,88,92,99" m="9226,3145" machi="57" ten="30,4000,0" yaku="8,1,52,1,54,1" doraHai="93" who="3" fromWho="3" sc="250,-20,240,-10,250,-10,250,50" /><INIT seed="1,0,0,4,1,39" ten="230,230,240,300" oya="1" hai0="43,44,86,51,10,48,36,120,129,106,54,67,68" hai1="91,37,63,18,38,40,73,72,111,32,84,34,0" hai2="105,85,76,4,49,74,9,82,35,46,127,56,64" hai3="102,11,99,92,30,80,121,108,69,81,116,23,27" shuffle="mt19937ar,FE09449F,F1897D16,73753EA6,F995422E,37BFB030,7E8C053E,68D176A1,473F8C66,44E3D282,3216F8AF,307E019F,CF415A38,767440E2,3627B720,350B9D81,0634E201,9933F6EE,10E20D51,18C43C9D,FA23BD86,C0163A88,393B0D3B,9028E34C,B14ACA51,3705AAB5,B52B34F8,71C4CFB0,6EAFC456,F2650FC1,128E8C9E,FAFB0428,0D1BFCBE"/><U65/><E0/><V25/><F127/><W88/><G108/><T45/><D106/><U107/><E111/><V83/><F105/><W103/><G121/><T130/><D86/><U128/><E107/><V52/><F35/><W87/><G69/><T7/><D120/><U70/><E128/><N who="0" m="49257" /><D10/><U122/><E122/><V16/><F4/><W134/><G116/><T118/><D7/><U28/><E38/><V89/><F64/><W24/><G134/><T110/><D110/><U90/><E90/><V13/><REACH who="2" step="1"/><F25/><REACH who="2" step="2"/><W115/><G27/><T33/><D33/><U6/><E34/><V3/><F3/><W104/><G104/><T131/><D131/><U132/><E6/><V101/><F101/><W62/><G102/><T20/><D118/><U55/><E132/><V119/><F119/><W75/><G103/><T1/><D1/><U50/><E32/><V12/><F12/><W123/><G24/><T31/><D67/><U112/><E28/><V98/><F98/><W79/><G30/><T41/><D68/><U8/><E18/><V14/><F14/><W78/><G99/><T2/><D2/><U100/><E100/><V126/><F126/><W5/><G5/><T29/><D20/><U17/><E17/><V95/><F95/><W109/><G23/><T133/><D133/><U124/><E8/><V26/><F26/><W58/><G11/><T57/><AGARI ba="0,1" hai="29,31,36,41,43,44,45,48,51,54,57" m="49257" machi="57" ten="30,4000,0" yaku="19,1,52,2" doraHai="39" who="0" fromWho="0" sc="230,50,230,-20,230,-10,300,-10" /><INIT seed="2,0,0,3,1,38" ten="280,210,220,290" oya="2" hai0="57,41,128,107,132,61,88,17,124,109,37,30,29" hai1="102,16,118,4,125,74,123,120,103,25,62,84,72" hai2="108,97,117,14,2,22,93,110,105,8,10,20,82" hai3="79,83,35,101,94,23,65,43,33,92,11,3,121" shuffle="mt19937ar,4C49EFCD,CAB17B76,093964F1,067201AF,EF3F39B2,344E10BC,C3B97144,76F921C9,E7E85B1B,B997696A,EEE0FB0F,9695AB52,9B1EC602,B186CC5A,0ADD2BB2,66BDA601,C65881D9,406D1AA8,52FFBCB2,7981D787,DA486A26,374ED31F,9C6B7695,3D51DFA2,FB58049B,A980504F,3D3ACB8C,8D476315,04D43F6C,992B55F0,7D917424,7C9B33FB"/><V45/><F105/><W75/><G121/><N who="1" m="46666" /><E118/><V40/><F117/><W59/><G23/><N who="2" m="8745" /><F82/><W15/><G3/><T51/><D37/><U47/><E4/><V127/><F2/><W31/><G31/><T131/><D107/><U53/><E16/><N who="2" m="8263" /><F10/><W122/><G122/><T85/><D17/><U76/><E25/><V54/><F54/><W119/><G119/><T58/><D30/><U63/><E125/><V78/><F78/><W55/><G35/><T70/><D29/><U27/><E27/><V32/><F32/><W19/><G33/><T104/><D104/><U87/><E76/><V66/><F66/><W9/><G65/><T13/><D70/><U99/><E53/><V114/><F114/><W34/><G34/><T6/><D124/><U67/><E47/><V28/><F28/><W56/><G11/><N who="0" m="4343" /><D61/><N who="1" m="23051" /><E67/><V115/><F115/><W100/><G75/><N who="1" m="28714" /><E99/><V49/><F127/><W52/><G79/><T89/><D57/><U68/><E68/><V129/><F129/><W18/><G59/><T91/><D58/><U98/><E98/><V77/><F77/><W86/><G56/><T130/><D85/><AGARI ba="0,0" hai="84,85,87,102,103" m="28714,23051,46666" machi="85" ten="40,5200,0" yaku="28,2,13,1" doraHai="38" who="1" fromWho="0" sc="280,-52,210,52,220,0,290,0" /><INIT seed="3,0,0,5,5,20" ten="228,262,220,290" oya="3" hai0="128,64,55,92,108,25,86,49,9,119,77,132,73" hai1="50,10,102,134,68,60,19,75,24,3,40,61,53" hai2="93,13,29,39,82,31,16,45,116,28,98,74,71" hai3="69,66,126,112,14,11,8,84,113,27,88,89,17" shuffle="mt19937ar,B0E350DA,653E6B52,B6C2CA2E,845790FB,1E3A9CED,81918CA3,8165B5CA,DC3D416E,B7976421,57B77EAE,F8E01B55,64F36DBD,2B167E80,2FD4A830,99A9D628,E6094438,9BC35BE6,EED0E38E,79D36A72,3E603997,BBE9FDF0,D94477A1,69FF5E65,852A2502,E7FFDA70,69CF31A9,2163EA9F,02C1C10A,CE657334,9576A854,3CF0559B,5C96440A"/><W109/><G126/><T41/><D119/><U135/><E75/><V44/><F116/><W133/><G133/><N who="1" m="50698" /><E102/><V106/><F106/><W80/><G109/><T22/><D132/><U111/><E111/><V125/><F125/><W1/><G112/><T5/><D108/><U12/><E40/><V87/><F71/><W7/><G113/><T47/><D128/><U94/><E3/><V100/><F74/><W131/><G131/><T26/><D64/><N who="1" m="40967" /><E61/><V33/><F33/><W43/><G43/><T15/><D73/><U58/><E94/><V0/><F0/><W97/><G69/><T79/><D22/><U122/><E122/><V46/><F39/><W4/><G66/><T129/><D129/><U32/><E32/><V65/><F65/><W6/><G97/><T56/><D79/><U91/><E91/><V103/><F103/><W127/><G127/><T107/><D107/><U57/><E58/><V117/><F117/><W83/><G27/><AGARI ba="0,0" hai="10,12,19,24,27,50,53,57" m="40967,50698" machi="27" ten="30,3900,0" yaku="20,1,52,2" doraHai="20" who="1" fromWho="3" sc="228,0,262,39,220,0,290,-39" owari="228,-12,301,30,220,-18,251,0" /></mjloggm>