<mjloggm ver="2.3"><GO type="41"/><UN n0="%E4%B9%85%E5%B8%8C" n1="%E3%82%A6%E3%83%AB%E3%83%88%E3%83%A9%E7%AB%8B%E7%9B%B4" n2="%E3%83%A2%E3%83%B3%E3%83%A2%E3%83%B3%E2%99%AA" n3="%E9%9B%AA%31%36%67" dan="13,13,15,13" rate="1876,1838,1963,1942" sx="M,M,M,M"/><TAIKYOKU oya="0"/><INIT seed="0,0,0,0,2,134" ten="250,250,250,250" oya="0" hai0="100,34,56,101,9,112,29,47,110,32,94,55,48" hai1="21,118,2,16,99,37,27,86,81,62,63,46,58" hai2="124,13,114,89,50,82,60,103,57,11,64,126,75" hai3="95,93,38,71,7,96,69,14,59,31,61,78,67"/><T119/><D119/><U135/><E2/><V133/><F133/><W83/><G38/><T84/><D112/><U109/><E118/><V113/><F103/><W22/><G7/><T15/><D110/><U53/><E135/><V3/><F3/><W43/><G43/><T54/><D29/><U51/><E37/><V35/><F35/><W66/><G67/><T80/><D101/><U39/><E109/><V52/><F75/><W79/><G95/><T128/><D128/><U85/><E39/><V107/><F107/><W5/><G5/><T4/><D100/><U123/><E123/><V65/><F65/><W28/><G79/><T24/><D94/><U74/><E99/><V30/><F30/><W111/><G111/><T105/><D24/><U18/><E74/><V102/><F102/><W90/><G69/><T17/><D4/><U98/><E98/><V129/><F129/><W42/><G71/><T1/><D1/><U10/><E81/><V49/><F49/><W87/><G42/><T77/><D105/><U0/><E62/><AGARI ba="0,0" hai="9,15,17,32,34,47,48,54,55,56,62,77,80,84" machi="62" ten="30,1500,0" yaku="7,1" doraHai="134" who="0" fromWho="1" sc="250,15,250,-15,250,0,250,0" /><INIT seed="0,1,0,3,1,14" ten="265,235,250,250" oya="0" hai0="39,21,45,50,90,113,9,19,94,83,7,101,76" hai1="72,6,85,25,91,35,62,86,10,68,118,120,46" hai2="131,115,100,44,82,132,34,42,31,79,121,67,84" hai3="134,135,18,103,64,11,126,112,41,8,111,123,78"/><T116/><D116/><U38/><E72/><V109/><F115/><W1/><G112/><T15/><D113/><U119/><E120/><V88/><F121/><W4/><G123/><T124/><D39/><U54/><E86/><V57/><F131/><W96/><G111/><T105/><D105/><U58/><E68/><V49/><F109/><W81/><G126/><T80/><D101/><U59/><E35/><V23/><F34/><W12/><G64/><T89/><D124/><U69/><E25/><V5/><F5/><W99/><G41/><T56/><D56/><U3/><E69/><V30/><F100/><W24/><G24/><T22/><D22/><U75/><E75/><V108/><F108/><W20/><G11/><T32/><D32/><U70/><E70/><V13/><F132/><N who="3" m="50731" /><G103/><T28/><D28/><U55/><E46/><V37/><F79/><W125/><G125/><T65/><D65/><U51/><E38/><V40/><F40/><W0/><G1/><T53/><D76/><U27/><E27/><V133/><F133/><W52/><G52/><T60/><D90/><U71/><E71/><V47/><F67/><W128/><G128/><T98/><D60/><U63/><REACH who="1" step="1"/><E51/><REACH who="1" step="2"/><N who="2" m="27031" /><F57/><W29/><G29/><T77/><D77/><U61/><E61/><V117/><F37/><W97/><G78/><T43/><D43/><U17/><E17/><N who="2" m="10671" /><F117/><W110/><G110/><T73/><D73/><U92/><AGARI ba="1,1" hai="3,6,10,54,55,58,59,62,63,85,91,92,118,119" machi="92" ten="20,5200,0" yaku="1,1,0,1,7,1,9,1,53,0" doraHai="14" doraHaiUra="107" who="1" fromWho="1" sc="265,-27,225,65,250,-14,250,-14" /><INIT seed="1,0,0,2,5,96" ten="238,290,236,236" oya="1" hai0="68,83,93,131,24,31,105,121,40,80,104,118,87" hai1="60,17,16,0,84,59,50,37,134,120,19,48,35" hai2="9,66,43,107,113,116,49,39,126,101,76,110,62" hai3="114,15,36,77,33,73,117,109,51,72,79,103,30"/><U129/><E120/><V10/><F116/><W92/><G117/><T42/><D118/><U47/><E37/><V78/><F39/><W13/><G114/><T23/><D68/><U21/><E35/><V125/><F113/><W52/><G36/><T133/><D121/><U69/><E69/><V119/><F119/><W85/><G109/><T90/><D133/><U65/><E0/><V112/><F110/><W88/><G33/><T3/><D3/><U4/><E4/><V25/><F112/><W34/><G34/><T29/><D29/><U41/><E134/><V7/><F25/><W28/><G73/><T22/><D131/><U128/><E50/><V8/><F49/><W74/><G72/><T67/><D67/><U99/><E99/><N who="2" m="61887" /><F43/><W132/><G132/><T56/><D22/><U95/><E95/><V111/><F7/><W106/><G106/><T70/><D70/><U18/><E84/><V81/><F81/><W14/><G74/><T127/><D105/><U97/><E97/><V11/><F11/><W122/><G122/><T82/><D104/><U57/><REACH who="1" step="1"/><E59/><REACH who="1" step="2"/><N who="2" m="37215" /><F111/><W54/><G51/><T44/><D56/><U115/><E115/><V26/><F126/><W55/><REACH who="3" step="1"/><G103/><REACH who="3" step="2"/><T32/><D32/><U63/><E63/><V135/><F135/><W108/><G108/><T53/><D127/><U124/><E124/><V1/><F125/><W58/><G58/><T98/><D44/><U27/><AGARI ba="0,2" hai="16,17,18,19,21,27,41,47,48,57,60,65,128,129" machi="27" ten="30,6000,0" yaku="1,1,0,1,54,1,53,0" doraHai="96" doraHaiUra="100" who="1" fromWho="1" sc="238,-20,280,80,236,-20,226,-20" /><INIT seed="1,1,0,4,2,80" ten="218,360,216,206" oya="1" hai0="45,75,24,62,23,82,31,0,4,85,92,106,3" hai1="66,127,34,122,119,48,101,121,19,30,79,132,116" hai2="61,14,33,39,95,69,63,15,90,134,12,57,38" hai3="73,74,97,40,56,130,135,131,36,129,78,32,46"/><U111/><E66/><V47/><F33/><W53/><G97/><T58/><D106/><U59/><E48/><V93/><F69/><W87/><G32/><T37/><D4/><U21/><E59/><V64/><F134/><W1/><G1/><T27/><D75/><U104/><E79/><V11/><F63/><N who="3" m="36239" /><G135/><T2/><D92/><U96/><E132/><V105/><F105/><W123/><G123/><T42/><D24/><U43/><E43/><V54/><F39/><W26/><G26/><T44/><D44/><U118/><E30/><V113/><F113/><W99/><G99/><T128/><D128/><N who="3" m="32769" /><W65/><DORA hai="120" /><G65/><T9/><D9/><U28/><E28/><V51/><F38/><W5/><G5/><T89/><REACH who="0" step="1"/><D0/><REACH who="0" step="2"/><U115/><E122/><V35/><F95/><W17/><G17/><T112/><D112/><U110/><E121/><V108/><F35/><W91/><G78/><T6/><D6/><U133/><E34/><V125/><F11/><W16/><G16/><T109/><D109/><N who="1" m="41483" /><E133/><V55/><F108/><W18/><G18/><T72/><D72/><U52/><E115/><V83/><F64/><AGARI ba="1,1" hai="2,3,23,27,31,37,42,45,58,62,64,82,85,89" machi="64" ten="30,7700,0" yaku="1,1,7,1,52,1,53,1" doraHai="80,120" doraHaiUra="41,124" who="0" fromWho="2" sc="208,90,360,0,216,-80,206,0" /><INIT seed="2,0,0,3,0,49" ten="298,360,136,206" oya="2" hai0="86,59,32,42,6,58,62,35,39,54,123,4,37" hai1="1,124,60,61,53,78,74,118,101,52,44,5,21" hai2="11,75,88,93,30,47,45,117,64,28,66,50,57" hai3="14,79,76,51,63,89,110,55,98,10,95,22,128"/><V13/><F75/><W129/><G110/><T69/><D69/><U120/><E118/><V36/><F36/><W16/><G129/><T94/><D123/><U31/><E101/><V119/><F117/><W84/><G128/><T92/><D86/><U12/><E1/><V65/><F119/><W19/><G63/><N who="1" m="24138" /><E74/><V33/><F57/><N who="3" m="33023" /><G98/><T102/><D62/><U81/><E124/><V7/><F33/><W133/><G133/><T83/><D83/><U40/><E81/><V97/><REACH who="2" step="1"/><F47/><REACH who="2" step="2"/><W56/><G56/><T72/><D72/><U107/><E44/><V24/><F24/><AGARI ba="0,1" hai="10,14,16,19,22,24,76,79,84,89,95" m="33023" machi="24" ten="30,3900,0" yaku="8,1,52,1,54,1" doraHai="49" who="3" fromWho="2" sc="298,0,360,0,126,-39,206,49" /><INIT seed="3,0,0,5,1,32" ten="298,360,87,255" oya="3" hai0="58,8,124,23,114,10,127,132,66,103,119,61,93" hai1="78,82,81,59,43,50,5,84,52,133,100,0,123" hai2="121,4,42,54,15,125,91,129,46,21,48,29,34" hai3="104,3,57,51,62,33,39,73,53,67,87,75,49"/><W128/><G104/><T1/><D119/><U70/><E70/><V63/><F34/><W72/><G39/><T109/><D114/><U40/><E123/><V12/><F121/><W2/><G33/><T86/><D132/><U106/><E133/><V24/><F125/><N who="0" m="48202" /><D109/><U94/><E106/><V9/><F129/><W89/><G128/><T20/><D10/><U115/><E115/><V107/><F107/><W117/><G117/><T64/><D64/><U77/><E94/><V69/><F91/><W41/><G41/><T99/><D86/><U11/><REACH who="1" step="1"/><E100/><REACH who="1" step="2"/><V27/><F69/><W122/><G122/><T65/><D103/><U13/><E13/><V83/><F83/><W45/><REACH who="3" step="1"/><G51/><REACH who="3" step="2"/><T74/><D61/><U88/><E88/><V76/><F63/><W101/><G101/><T37/><D37/><U31/><E31/><V97/><F29/><W98/><G98/><T120/><D99/><U7/><E7/><V80/><F97/><W110/><G110/><T118/><D118/><U105/><E105/><V16/><REACH who="2" step="1"/><F42/><REACH who="2" step="2"/><W116/><G116/><T56/><D120/><U68/><E68/><V47/><F47/><W14/><G14/><T108/><D108/><U96/><E96/><V85/><AGARI ba="0,3" hai="4,9,12,15,16,21,24,27,46,48,54,76,80,85" machi="85" ten="20,8000,1" yaku="1,1,0,1,7,1,8,1,54,1,53,0" doraHai="32" doraHaiUra="126" who="2" fromWho="2" sc="298,-20,350,-20,77,110,245,-40" /><INIT seed="4,0,0,1,1,62" ten="278,330,187,205" oya="0" hai0="102,93,0,124,131,13,43,3,1,18,103,45,83" hai1="111,14,19,98,113,27,105,31,55,16,134,84,78" hai2="5,15,125,7,97,126,44,36,73,37,35,53,56" hai3="95,86,96,69,42,99,58,132,10,46,39,82,22"/><T122/><D122/><U129/><E111/><V70/><F70/><W67/><G132/><T109/><D109/><U33/><E134/><V52/><F35/><W41/><G41/><T6/><D131/><U25/><E129/><V28/><F73/><W127/><G127/><N who="2" m="48649" /><F28/><W110/><G110/><T123/><D124/><U90/><E78/><V80/><F80/><W11/><G69/><T77/><D6/><U85/><E113/><V112/><F112/><W59/><G22/><T2/><D93/><U107/><E19/><V61/><F97/><W38/><G38/><N who="2" m="14953" /><F15/><W88/><G96/><T120/><D120/><U32/><E85/><V63/><F63/><W115/><G115/><T92/><D0/><U121/><E121/><V49/><AGARI ba="0,0" hai="5,7,44,49,52,53,56,61" m="14953,48649" machi="49" ten="40,2700,0" yaku="18,1,54,1" doraHai="62" who="2" fromWho="2" sc="278,-13,330,-7,187,27,205,-7" /><INIT seed="5,0,0,5,1,117" ten="265,323,214,198" oya="1" hai0="74,112,109,130,67,75,19,110,28,5,12,66,99" hai1="16,131,123,39,135,126,113,111,94,104,114,86,107" hai2="46,21,17,129,102,76,90,95,118,134,2,69,9" hai3="125,40,31,62,72,92,13,96,0,79,33,23,49"/><U51/><E94/><V121/><F118/><W83/><G0/><T25/><D112/><U73/><E51/><V82/><F69/><W61/><G125/><T116/><D116/><U106/><E16/><V70/><F70/><W77/><G79/><T52/><D5/><U122/><E86/><V41/><F102/><W48/><G33/><T103/><D130/><U53/><E53/><V108/><F129/><W93/><G93/><T42/><D110/><U127/><E131/><V91/><F108/><W30/><G30/><T24/><D109/><U60/><E60/><V15/><F134/><W50/><G40/><T57/><D42/><U64/><E64/><V36/><F95/><W54/><G54/><T7/><D7/><U3/><E3/><V81/><F81/><W20/><G20/><T4/><D4/><U47/><E111/><V35/><F35/><W97/><G13/><T18/><D18/><U100/><E100/><V71/><F71/><W98/><REACH who="3" step="1"/><G92/><REACH who="3" step="2"/><T105/><D25/><AGARI ba="0,1" hai="23,25,31,48,49,50,61,62,72,77,83,96,97,98" machi="25" ten="40,2600,0" yaku="1,1,2,1,53,0" doraHai="117" doraHaiUra="55" who="3" fromWho="0" sc="265,-26,323,0,214,0,188,36" /><INIT seed="6,0,0,5,3,19" ten="239,323,214,224" oya="2" hai0="53,135,9,103,32,90,114,43,22,38,84,69,116" hai1="109,56,46,75,63,124,5,58,118,21,17,101,61" hai2="121,105,133,130,65,44,125,42,48,73,85,89,92" hai3="2,14,26,8,45,70,66,47,99,86,93,108,59"/><V134/><F73/><W106/><G106/><T97/><D32/><U20/><E75/><V113/><F105/><W25/><G2/><T10/><D69/><U71/><E71/><V94/><F121/><W12/><G70/><T60/><D116/><U79/><E109/><V29/><F65/><W88/><G108/><T18/><D135/><N who="2" m="51722" /><F113/><W87/><G87/><T67/><D53/><U120/><E120/><V51/><F125/><W28/><G86/><T119/><D38/><U95/><E124/><V57/><F130/><W33/><G26/><T98/><D43/><U72/><E72/><V77/><F29/><W37/><G37/><T30/><D30/><U111/><E111/><V13/><F13/><W3/><G3/><T40/><D40/><U132/><E132/><V68/><F68/><W78/><G78/><T115/><D119/><U35/><E35/><V80/><F77/><W49/><G14/><N who="0" m="9559" /><D98/><N who="1" m="59615" /><E79/><V62/><F62/><W76/><G76/><T128/><D128/><U1/><E1/><V117/><F117/><W50/><G49/><T74/><D74/><U82/><E61/><V27/><F27/><W54/><REACH who="3" step="1"/><G66/><REACH who="3" step="2"/><T81/><D115/><U0/><E0/><V15/><F15/><W7/><AGARI ba="0,1" hai="7,8,12,25,28,33,45,47,50,54,59,88,93,99" machi="7" ten="20,12000,2" yaku="1,1,2,1,0,1,7,1,54,1,53,1" doraHai="19" doraHaiUra="24" who="3" fromWho="3" sc="239,-30,323,-30,214,-60,214,130" /><INIT seed="7,0,0,1,5,68" ten="209,293,154,344" oya="3" hai0="105,2,53,135,90,18,91,85,114,67,118,117,129" hai1="80,77,0,75,103,47,4,39,134,108,57,86,79" hai2="22,124,99,123,125,102,76,30,126,113,97,60,106" hai3="12,63,65,96,128,8,56,130,78,44,33,9,131"/><W7/><G33/><T101/><D2/><U132/><E103/><V55/><F30/><W28/><G28/><T21/><D67/><U62/><E108/><V23/><F60/><W50/><G78/><T89/><D129/><U119/><E119/><V127/><F127/><W35/><G35/><T133/><D114/><U88/><E79/><V71/><F71/><W32/><G32/><T92/><D105/><U116/><E116/><V6/><F6/><W112/><G112/><T87/><D101/><U84/><E4/><V25/><F113/><W51/><G96/><T48/><D90/><U120/><E0/><V72/><F55/><N who="3" m="30151" /><G51/><T34/><D34/><U107/><E107/><V26/><F123/><W74/><G9/><T64/><D64/><U17/><E17/><V93/><F25/><W46/><G46/><T16/><D18/><U115/><E115/><V45/><F45/><W29/><G29/><T54/><D54/><N who="1" m="34103" /><E120/><V3/><F3/><W37/><G37/><T10/><D10/><U59/><E59/><V31/><F22/><W5/><G74/><T40/><D40/><N who="1" m="22943" /><E75/><V15/><F15/><W49/><G49/><T43/><D43/><U52/><E84/><V94/><REACH who="2" step="1"/><F99/><REACH who="2" step="2"/><W14/><G7/><T98/><D98/><U104/><E52/><V20/><F20/><W27/><G27/><T36/><D118/><U109/><E109/><V58/><F58/><W82/><G14/><T73/><D117/><U42/><E42/><V24/><F24/><W110/><G131/><T41/><D41/><U69/><E69/><V111/><F111/><W83/><G130/><RYUUKYOKU ba="0,1" sc="209,-10,293,-10,144,30,344,-10" hai2="23,26,31,72,76,93,94,97,102,106,124,125,126" owari="199,-20,283,8,174,-33,344,45" /></mjloggm>