<mjloggm ver="2.3"><GO type="97"/><UN n0="%E3%82%A6%E3%83%AB%E3%83%88%E3%83%A9%E7%AB%8B%E7%9B%B4" n1="%E4%B8%89%E7%94%B0%E6%9D%91%E8%8C%9C" n2="%E7%9C%9F%E6%99%BA%E4%BB%A3" n3="%E3%82%A6%E3%82%A3%E3%83%89%E3%82%A5" dan="13,14,14,14" rate="1817,1892,2027,1962" sx="M,F,M,M"/><TAIKYOKU oya="0"/><INIT seed="0,0,0,1,5,32" ten="250,250,250,250" oya="0" hai0="31,125,23,135,56,126,74,61,12,94,69,37,58" hai1="64,121,4,92,42,103,111,5,67,115,88,46,118" hai2="15,19,77,65,91,82,79,114,95,73,44,124,45" hai3="116,28,133,24,25,86,93,62,54,87,10,8,101" shuffle="mt19937ar,8ECD2413,6A80B8EF,5B6CC0E0,915B42A4,282F5267,7B93DC58,0A8D1339,1AD51FD2,986CD387,E837F1E7,AE81D276,154D8766,372CD88C,7BEEFD03,FD6400C7,C9FBE66E,67CFD450,5313856B,ABE9DB1D,EB8DAD32,A1DFEEBC,9F5719FB,4293E71F,FE754155,18D58A61,5FB66E32,5B4D51B7,9FBEB31E,B81C10D4,985104E3,29078F7A,79DA848C"/><T1/><D37/><U109/><E121/><V72/><F114/><W60/><G116/><T107/><D107/><U97/><E115/><V9/><F124/><N who="0" m="47722" /><D74/><U117/><E103/><V63/><F79/><W98/><G133/><T35/><D35/><U75/><E75/><V59/><REACH who="2" step="1"/><F72/><REACH who="2" step="2"/><W50/><G60/><T129/><D61/><U112/><E118/><V100/><F100/><W130/><G62/><T119/><D119/><U30/><E112/><V78/><F78/><W66/><G66/><T132/><D132/><U83/><E64/><V127/><F127/><W53/><G130/><T128/><D135/><U131/><E67/><V27/><F27/><W7/><G25/><T81/><D129/><U104/><E131/><V134/><F134/><W123/><G123/><T110/><D128/><U84/><E117/><V99/><AGARI ba="0,1" hai="9,15,19,44,45,59,63,65,73,77,82,91,95,99" machi="99" ten="20,5200,0" yaku="1,1,0,1,7,1,53,1" doraHai="32" doraHaiUra="106" who="2" fromWho="2" sc="250,-26,250,-13,240,62,250,-13" /><INIT seed="1,0,0,2,4,117" ten="224,237,302,237" oya="1" hai0="64,116,98,111,22,80,122,93,54,44,89,94,41" hai1="104,72,53,132,75,92,76,0,29,125,95,128,50" hai2="13,103,112,88,109,82,86,118,91,69,5,27,15" hai3="38,108,10,71,130,24,43,83,134,81,115,45,2" shuffle="mt19937ar,284D617F,21C55FDF,696EAD48,48276045,72D53593,D6276F2D,6036B922,AB99FF72,74A5B25D,FFE890B1,80FB0830,3553ABCD,EF70D432,5E2A2D22,0243CEBC,99411AF5,B4A75E85,AECD9BCB,63BBEE8A,9257CD0E,A6C1C97A,E51B03B1,E4019A1B,F529DB03,07C57048,78FA9A4D,F6EE6A56,E6F4F635,3D16DB3B,7E75808B,FEEDF072,A2473E0A"/><U66/><E104/><V99/><F118/><W57/><G115/><T12/><D116/><U47/><E0/><V28/><F109/><W23/><G71/><T49/><D111/><U68/><E132/><V129/><F112/><W133/><G108/><T46/><D64/><U61/><E128/><V65/><F129/><W25/><G130/><T7/><D80/><U36/><E125/><V55/><F5/><N who="3" m="1335" /><G57/><T31/><D41/><N who="1" m="22951" /><E29/><V35/><F91/><W3/><G3/><T62/><D62/><U56/><E76/><V60/><REACH who="2" step="1"/><F55/><REACH who="2" step="2"/><W51/><G133/><T63/><D7/><U37/><E37/><V34/><F34/><W120/><G38/><T42/><D54/><U20/><E20/><V87/><F87/><W101/><G23/><T1/><D22/><U102/><E102/><V16/><F16/><W21/><G21/><T39/><D89/><U105/><E105/><AGARI ba="0,1" hai="13,15,27,28,35,60,65,69,82,86,88,99,103,105" machi="105" ten="30,8000,1" yaku="1,1,7,1,25,2,54,1,53,0" doraHai="117" doraHaiUra="119" who="2" fromWho="1" sc="224,0,237,-80,292,90,237,0" /><INIT seed="2,0,0,3,0,89" ten="224,157,382,237" oya="2" hai0="81,82,102,122,17,69,131,43,34,126,114,19,50" hai1="97,64,96,125,80,39,12,46,58,49,85,35,110" hai2="128,3,13,18,48,28,73,44,70,124,32,84,104" hai3="87,78,45,59,71,127,120,29,56,21,5,103,134" shuffle="mt19937ar,50D06066,B9302224,3D40A438,EA924772,89C38E83,5B460FA4,7AFF60EC,3EC2D4D6,F4C4887B,22245E72,95D43AA1,0B48A8B9,1A6BA785,6D513D46,14C61C01,49E50E6F,065B0EC5,988FC7E4,53F9FE7A,60AAE768,5673D598,424C3D76,B8CF8773,A330ADDA,B7DFC279,C4BB0FDE,63618467,46AEB7CE,EE1BDDCD,00CB8A67,02287E5D,B30B9DA6"/><V41/><F73/><W67/><G71/><T9/><D69/><U117/><E117/><V55/><F104/><W74/><G120/><T83/><D122/><U107/><E35/><V95/><F70/><W98/><G74/><T118/><D34/><U23/><E39/><V4/><F128/><W108/><G108/><T92/><D114/><U91/><E110/><V119/><F119/><W7/><G127/><T100/><D118/><U88/><E125/><V65/><F124/><W66/><G134/><T61/><D61/><N who="1" m="37943" /><E107/><V116/><F116/><W2/><G2/><T15/><D126/><U33/><E33/><V68/><F3/><W26/><G45/><N who="0" m="25919" /><D131/><U113/><E113/><V30/><F4/><W47/><G47/><T63/><D63/><U8/><E91/><N who="2" m="53735" /><F32/><W60/><G59/><T123/><D123/><U109/><E23/><N who="2" m="11727" /><F68/><W111/><G67/><T16/><D102/><U37/><E37/><V42/><F65/><W57/><G57/><T79/><D79/><U14/><E109/><V99/><F99/><AGARI ba="0,0" hai="9,15,16,17,19,81,82,83,92,99,100" m="25919" machi="99" ten="30,3900,0" yaku="8,1,52,1,54,1" doraHai="89" who="0" fromWho="2" sc="224,39,157,0,382,-39,237,0" /><INIT seed="3,0,0,2,0,115" ten="263,157,343,237" oya="3" hai0="110,3,23,42,6,26,130,81,123,7,84,124,132" hai1="131,76,69,64,16,117,74,48,107,68,58,36,9" hai2="87,118,120,85,114,125,105,55,12,98,103,94,22" hai3="40,13,122,77,79,62,100,78,54,53,113,47,104" shuffle="mt19937ar,798466C4,8ACDA158,02AB3514,996DA09E,3398F9EF,DD05BCE6,CA9F67A7,CD2125DA,B4EC57AE,ADDE67F5,1F695378,26CEA984,C33716F3,BA52C4FC,46C1CAE6,E7A9516C,D80461B8,4BB80B6C,49AB231B,7D39F74D,D6705C7C,09FB3968,9C9A8560,62E60E9D,F1694205,FD0C37F5,E92AE276,77ACD4BA,B53799BE,315BB901,51DDCB88,42EA317C"/><W10/><G113/><T80/><D42/><U1/><E131/><V19/><F118/><W119/><G119/><T57/><D84/><N who="2" m="32330" /><F114/><W86/><G122/><T15/><D57/><U51/><E117/><V20/><F125/><W67/><G104/><T102/><D102/><U39/><E107/><V99/><F120/><W111/><G100/><T31/><D81/><U32/><E32/><V33/><F33/><W70/><G86/><T63/><D63/><U45/><E1/><V4/><F105/><W35/><G35/><T37/><D80/><U109/><E76/><V96/><F4/><W90/><G90/><T65/><D65/><U29/><E74/><V92/><F103/><W127/><G111/><T73/><D7/><U121/><E29/><V112/><F112/><W72/><G127/><T135/><D6/><U0/><E9/><V59/><F20/><W66/><G66/><T18/><D23/><U5/><E16/><V128/><F128/><W41/><G72/><T11/><D18/><U49/><E5/><V83/><F83/><W28/><G28/><T25/><D31/><U101/><E0/><V95/><F95/><W88/><G88/><T24/><D11/><U97/><E97/><V106/><F106/><W30/><G30/><T50/><D3/><U108/><E101/><V91/><F91/><W14/><G41/><T89/><D89/><U71/><E121/><V27/><F27/><W75/><G75/><T129/><D124/><U56/><E45/><V43/><F43/><W134/><G47/><T52/><D123/><U126/><E126/><V82/><F82/><RYUUKYOKU ba="0,0" sc="263,-10,157,-10,343,30,237,-10" hai2="12,19,22,55,59,92,94,96,98,99" owari="253,0,147,-25,373,37,227,-12" /></mjloggm>