<mjloggm ver="2.3"><GO type="97"/><UN n0="%6D%61%67%69%78%31%32%30" n1="%E3%82%A6%E3%83%AB%E3%83%88%E3%83%A9%E7%AB%8B%E7%9B%B4" n2="%E3%83%97%E3%83%AD%E8%A6%B3%E6%88%A6%E5%A3%AB" n3="%EF%BC%B0%EF%BC%A5%EF%BC%B4%EF%BC%A1" dan="13,13,15,14" rate="1815,1807,2023,1982" sx="M,M,M,M"/><TAIKYOKU oya="0"/><INIT seed="0,0,0,0,2,94" ten="250,250,250,250" oya="0" hai0="21,83,67,4,57,25,126,32,113,34,10,74,19" hai1="107,100,33,63,134,49,101,79,76,92,22,28,91" hai2="116,5,40,129,50,1,61,78,122,11,102,23,37" hai3="105,75,86,15,133,56,46,70,51,45,59,103,3"/><T84/><D113/><U124/><E33/><V99/><F122/><W38/><G3/><T119/><D126/><U66/><E49/><V44/><F129/><W80/><G105/><T53/><D67/><U127/><E63/><V71/><F116/><W77/><G133/><T106/><D106/><U98/><E66/><V27/><F78/><N who="1" m="29737" /><E22/><V88/><F37/><W93/><G70/><T42/><D42/><U55/><E28/><V115/><F115/><W82/><G38/><T17/><D74/><U36/><E55/><V8/><F71/><W62/><G75/><T132/><D132/><U18/><E18/><V30/><F61/><W68/><G82/><T97/><D19/><U14/><E14/><V69/><F69/><W85/><G15/><N who="0" m="5575" /><D34/><U95/><E36/><V114/><F114/><W130/><G68/><T58/><D32/><U96/><E134/><V52/><F40/><W31/><G31/><T109/><D119/><U24/><E24/><V125/><F125/><N who="1" m="48201" /><E107/><V43/><F43/><W41/><G41/><T2/><D2/><U81/><E81/><V54/><F8/><W47/><G80/><T128/><D53/><U87/><E87/><V117/><F54/><W6/><G6/><T65/><D65/><U0/><E0/><V72/><F117/><W48/><G130/><T104/><D58/><U112/><E112/><V110/><F72/><W20/><G59/><T26/><D57/><U73/><E73/><V12/><F1/><W118/><G56/><T131/><D26/><U13/><E13/><V90/><F12/><W123/><G118/><T111/><D131/><RYUUKYOKU ba="0,0" sc="250,-10,250,30,250,-10,250,-10" hai1="91,92,95,96,98,100,101" /><INIT seed="1,1,0,0,2,98" ten="240,280,240,240" oya="1" hai0="49,53,75,32,30,24,133,109,67,15,64,38,7" hai1="28,79,97,33,47,94,61,58,4,66,0,86,76" hai2="124,125,10,96,84,54,105,81,74,42,91,127,18" hai3="12,34,13,117,77,129,65,135,8,27,25,112,40"/><U45/><E0/><V88/><F42/><W93/><G40/><T43/><D75/><U2/><E2/><V20/><F10/><W37/><G37/><T35/><D43/><U46/><E4/><V104/><F54/><W99/><G112/><T59/><D38/><U121/><E121/><V60/><F60/><W130/><G65/><T14/><D109/><U122/><E122/><V80/><F18/><W78/><G117/><T103/><D35/><U17/><E33/><V11/><F11/><W68/><G68/><T9/><D133/><U128/><E28/><V131/><F20/><W107/><G107/><N who="2" m="41033" /><F131/><N who="3" m="50187" /><G135/><T110/><D110/><U116/><E116/><V1/><F1/><W71/><G71/><T123/><D123/><U83/><E128/><V92/><F74/><W126/><G126/><T106/><D15/><N who="3" m="5705" /><G8/><T63/><D49/><U95/><E17/><V55/><F55/><W119/><G119/><T73/><D73/><U29/><E29/><V56/><F56/><W85/><G85/><T51/><D51/><U5/><BYE who="0" /><E5/><V111/><F111/><W87/><G87/><T21/><D21/><U6/><E6/><V108/><F108/><W62/><G62/><T23/><D23/><U101/><E94/><AGARI ba="1,0" hai="80,81,84,88,91,92,94,96,124,125,127" m="41033" machi="94" ten="40,8000,1" yaku="18,1,34,2,54,1" doraHai="98" who="2" fromWho="1" sc="240,0,280,-83,240,83,240,0" /><INIT seed="2,0,0,2,0,65" ten="240,197,323,240" oya="2" hai0="79,116,133,88,77,20,95,38,59,28,53,123,134" hai1="70,7,67,128,10,37,15,130,99,14,55,63,26" hai2="100,25,105,64,126,5,96,68,98,86,87,75,61" hai3="56,112,104,71,2,51,31,135,125,11,52,101,57"/><V76/><F126/><W24/><G125/><T107/><D107/><U132/><E37/><V40/><F40/><W27/><G112/><T44/><D44/><U18/><E132/><V131/><F131/><W74/><G74/><T69/><D69/><U58/><E99/><V49/><F49/><W35/><G135/><T8/><D8/><U21/><REACH who="1" step="1"/><E26/><REACH who="1" step="2"/><V115/><F98/><W29/><G27/><T66/><D66/><U93/><E93/><V34/><F115/><W73/><G24/><T108/><D108/><U118/><E118/><V23/><F5/><W36/><G104/><T85/><D85/><U84/><E84/><V89/><F87/><W124/><G36/><T122/><D122/><U17/><E17/><V92/><F75/><W114/><G73/><T42/><D42/><U39/><E39/><V81/><F76/><W3/><G114/><T109/><D109/><U91/><E91/><V22/><F81/><W47/><G124/><T54/><D54/><U9/><E9/><V102/><F100/><W90/><G101/><T72/><D72/><U120/><E120/><V43/><F43/><W1/><G90/><T41/><D41/><U50/><AGARI ba="0,1" hai="7,10,14,15,18,21,50,55,58,63,67,70,128,130" machi="50" ten="30,7900,0" yaku="1,1,0,1,52,1,53,1" doraHai="65" doraHaiUra="12" who="1" fromWho="1" sc="240,-20,187,89,323,-39,240,-20" /><INIT seed="3,0,0,3,1,73" ten="220,276,284,220" oya="3" hai0="50,4,104,80,47,55,57,89,87,68,23,9,122" hai1="58,48,103,19,126,37,21,71,60,96,84,93,124" hai2="91,76,118,61,86,120,63,95,130,36,26,131,90" hai3="29,92,40,28,22,0,74,51,56,135,25,98,24"/><W79/><G0/><T59/><D59/><U94/><E37/><V78/><F118/><W125/><G125/><N who="1" m="48234" /><E71/><V75/><F36/><W127/><G127/><T6/><D6/><U10/><E48/><UN n0="%6D%61%67%69%78%31%32%30" /><V114/><F114/><W15/><G135/><T107/><D122/><U43/><E43/><V108/><F75/><W66/><G15/><T42/><D68/><U115/><E10/><V134/><F134/><W123/><G123/><T8/><D8/><U106/><E84/><N who="2" m="52679" /><F26/><W116/><G116/><T30/><D23/><U46/><E46/><V119/><F119/><W82/><G40/><T132/><D30/><U64/><E115/><V33/><F33/><W117/><G117/><T38/><D132/><U72/><E72/><V53/><F120/><W1/><G1/><AGARI ba="0,0" hai="1,4,9,38,42,47,50,55,57,80,87,89,104,107" machi="1" ten="30,1000,0" yaku="7,1" doraHai="73" who="0" fromWho="3" sc="220,10,276,0,284,0,220,-10" /><INIT seed="4,0,0,3,5,71" ten="230,276,284,210" oya="0" hai0="126,25,27,47,2,38,105,104,11,6,43,60,127" hai1="24,101,106,118,122,73,121,128,54,125,119,3,102" hai2="120,68,66,33,74,131,29,20,69,110,72,77,90" hai3="57,124,65,52,14,36,12,103,40,19,49,117,21"/><T129/><D27/><U134/><E24/><V26/><F120/><N who="1" m="46185" /><E54/><V135/><F110/><W44/><G124/><N who="0" m="47659" /><D60/><U89/><E3/><V62/><F135/><W98/><G117/><N who="1" m="44554" /><E125/><V31/><F131/><W10/><G65/><T111/><D25/><U5/><E5/><V99/><F69/><W30/><G30/><T17/><D17/><U100/><E134/><V55/><F55/><W94/><G10/><T79/><D111/><U15/><E15/><AGARI ba="0,0" hai="12,14,15,19,21,36,40,44,49,52,57,94,98,103" machi="15" ten="30,3900,0" yaku="7,1,52,1,54,1" doraHai="71" who="3" fromWho="1" sc="230,0,276,-39,284,0,210,39" /><INIT seed="5,0,0,1,3,112" ten="230,237,284,249" oya="1" hai0="16,127,46,120,123,75,28,118,38,88,21,99,31" hai1="91,116,64,23,51,72,84,86,79,33,87,134,10" hai2="103,49,85,111,60,0,76,105,56,40,109,3,27" hai3="93,77,61,117,29,96,73,113,26,126,94,132,6"/><U131/><E33/><V50/><F105/><W30/><G113/><T67/><D75/><U59/><E116/><V7/><F103/><W52/><G126/><T54/><D67/><U5/><E131/><V71/><F71/><W11/><G132/><T63/><D127/><U15/><E134/><V106/><F106/><W78/><G73/><T129/><D129/><U81/><E23/><V20/><F0/><W57/><G117/><T44/><D38/><U82/><REACH who="1" step="1"/><E51/><REACH who="1" step="2"/><V22/><F50/><W97/><G30/><N who="0" m="11307" /><D118/><U70/><E70/><V39/><F49/><W35/><G97/><T48/><D123/><U8/><E8/><V17/><F20/><W24/><G24/><N who="0" m="14375" /><D120/><U1/><E1/><V100/><F3/><W119/><G119/><T90/><D48/><U133/><E133/><V32/><F32/><W43/><G96/><T66/><D66/><U42/><E42/><V2/><F40/><W98/><G43/><T68/><D68/><U62/><AGARI ba="0,1" hai="5,10,15,59,62,64,72,79,81,82,84,86,87,91" machi="62" ten="30,3000,0" yaku="1,1,0,1,53,0" doraHai="112" doraHaiUra="12" who="1" fromWho="1" sc="230,-10,227,40,284,-10,249,-10" /><INIT seed="5,1,0,4,5,5" ten="220,267,274,239" oya="1" hai0="77,115,71,86,130,8,34,1,56,73,122,48,65" hai1="10,25,110,45,9,124,90,128,20,76,88,112,16" hai2="91,109,75,113,106,57,127,61,68,63,126,92,87" hai3="102,70,89,32,62,81,43,54,129,24,4,55,50"/><U72/><E112/><V49/><F106/><W30/><G129/><T132/><D130/><U46/><E128/><V123/><F123/><W53/><G102/><T51/><D86/><U111/><E72/><V97/><F109/><N who="1" m="41481" /><E76/><V36/><F36/><W135/><G135/><T33/><D115/><U38/><E124/><V22/><F75/><W114/><G114/><T105/><D105/><U80/><E90/><V26/><F113/><W133/><G133/><T35/><D132/><U125/><E125/><N who="2" m="47627" /><F68/><W82/><G43/><T94/><D94/><U41/><E46/><V83/><F49/><W103/><G103/><T121/><D51/><U37/><E37/><V6/><F6/><W11/><G50/><T95/><D48/><U21/><E21/><V2/><F2/><W66/><REACH who="3" step="1"/><G89/><REACH who="3" step="2"/><T13/><D122/><U98/><E80/><V104/><F104/><W134/><G134/><T52/><D121/><U28/><E88/><N who="2" m="51327" /><F57/><W79/><G79/><T31/><D77/><U39/><E39/><V116/><F116/><W0/><AGARI ba="1,1" hai="0,4,11,24,30,32,53,54,55,62,66,70,81,82" machi="0" ten="30,4000,0" yaku="1,1,0,1,52,1,53,0" doraHai="5" doraHaiUra="117" who="3" fromWho="3" sc="220,-11,267,-21,274,-11,229,53" /><INIT seed="6,0,0,2,0,43" ten="209,246,263,282" oya="2" hai0="98,126,94,63,56,133,20,121,44,82,47,104,116" hai1="36,21,40,105,127,77,70,62,24,17,5,27,135" hai2="58,11,106,95,29,132,48,39,22,7,114,110,79" hai3="42,122,49,81,87,50,35,46,52,55,6,101,107"/><V45/><F106/><W83/><G122/><T113/><D121/><U3/><E105/><V74/><F114/><W89/><G35/><T112/><D126/><U12/><E127/><V54/><F132/><W26/><G26/><T103/><D133/><U119/><E135/><V64/><F110/><W13/><G107/><T85/><D116/><U16/><E3/><V78/><F74/><W51/><G101/><T60/><D60/><U32/><E5/><V61/><F39/><W84/><G6/><T31/><D104/><U117/><E77/><V130/><F130/><W128/><G13/><T118/><D118/><U75/><E75/><V0/><REACH who="2" step="1"/><F95/><REACH who="2" step="2"/><W72/><G72/><T19/><D113/><U108/><E108/><V25/><AGARI ba="0,1" hai="0,7,11,22,25,29,45,48,54,58,61,64,78,79" machi="25" ten="30,11700,0" yaku="1,1,2,1,0,1,52,1,53,0" doraHai="43" doraHaiUra="68" who="2" fromWho="2" sc="209,-39,246,-39,253,127,282,-39" owari="170,-23,207,-14,380,38,243,-1" /></mjloggm>