<mjloggm ver="2.3"><GO type="193"/><UN n0="%E3%81%B2%E3%82%80%E3%82%8D%E3%81%A3%E3%81%8F" n1="%E3%82%A6%E3%83%AB%E3%83%88%E3%83%A9%E7%AB%8B%E7%9B%B4" n2="%67%65%6D" n3="%61%75%64%72%65%79%35%34" dan="12,12,13,10" rate="1738,1767,1685,1476" sx="M,M,M,M"/><TAIKYOKU oya="0"/><INIT seed="0,0,0,2,4,54" ten="250,250,250,250" oya="0" hai0="1,120,93,52,61,30,57,41,53,84,43,14,28" hai1="46,135,127,115,55,91,33,118,79,44,119,4,74" hai2="23,58,102,114,71,24,17,48,105,107,38,111,92" hai3="37,34,27,95,19,50,42,90,97,94,125,29,60" shuffle="mt19937ar,31E15E3A,3B034D54,E18145B6,072E96D3,A653919A,D2ACFEA5,5A344378,87678FA8"/><T96/><D120/><U101/><E91/><V3/><F38/><W99/><G125/><T85/><D1/><U0/><E4/><V15/><F3/><W89/><G37/><T133/><D133/><U65/><E101/><V68/><F71/><W126/><G19/><T9/><D43/><U112/><E79/><V104/><F114/><N who="1" m="43561" /><E74/><V8/><F111/><W87/><G126/><T49/><D41/><U134/><E33/><V47/><F68/><W69/><G69/><T25/><D30/><U6/><E6/><V75/><F75/><W12/><G12/><T98/><D98/><U7/><E7/><V100/><F92/><W32/><G60/><T132/><D132/><N who="1" m="50731" /><E0/><V36/><F36/><W13/><G34/><T106/><D106/><U129/><E127/><V81/><F81/><W35/><G35/><T72/><D72/><U78/><E78/><V66/><F107/><W131/><G131/><T122/><D122/><U86/><E86/><V59/><F105/><W108/><G108/><T39/><D39/><U51/><E129/><V110/><F110/><W121/><G121/><T10/><D14/><U21/><E21/><V45/><F104/><W2/><G2/><T117/><D117/><N who="1" m="44555" /><E65/><V124/><F124/><W70/><G70/><T16/><D28/><U56/><AGARI ba="0,0" hai="44,46,51,55,56" m="44555,50731,43561" machi="56" ten="40,8000,1" yaku="11,1,20,1,34,2,52,1" doraHai="54" who="1" fromWho="1" sc="250,-40,250,80,250,-20,250,-20" /><INIT seed="1,0,0,1,2,89" ten="210,330,230,230" oya="1" hai0="58,100,51,14,87,29,99,118,41,108,20,91,63" hai1="36,4,68,81,92,42,44,57,6,114,79,127,2" hai2="55,49,21,126,22,28,61,120,17,95,65,7,117" hai3="135,123,53,98,1,31,12,13,93,37,116,121,124" shuffle="mt19937ar,57338A68,3D56F57D,3F3B23D6,33A68349,81FDF53B,0CA185BC,397D9115,7FB2EC11"/><U131/><E68/><V40/><F120/><W97/><G37/><T102/><D118/><U101/><E114/><V73/><F73/><W43/><G1/><T133/><D133/><U15/><E127/><V128/><F117/><W132/><G43/><T24/><D108/><U86/><E131/><V77/><F128/><W82/><G53/><T52/><D14/><N who="3" m="5737" /><G116/><T27/><D27/><U107/><E107/><V88/><F126/><W10/><G124/><T94/><D41/><U130/><E130/><V90/><F7/><W110/><G31/><T67/><REACH who="0" step="1"/><D99/><REACH who="0" step="2"/><N who="3" m="37897" /><G10/><T66/><D66/><U111/><E111/><V56/><F40/><W70/><G70/><AGARI ba="0,1" hai="20,24,29,51,52,58,63,67,70,87,91,94,100,102" machi="70" ten="30,8000,1" yaku="1,1,7,1,52,1,54,1,53,1" doraHai="89" doraHaiUra="62" who="0" fromWho="3" sc="200,90,330,0,230,0,230,-80" /><INIT seed="2,0,0,4,4,67" ten="290,330,230,150" oya="2" hai0="43,18,88,31,44,125,96,116,72,26,80,95,113" hai1="77,132,93,35,4,53,48,20,102,0,90,38,10" hai2="2,74,9,59,23,134,123,91,40,65,71,24,16" hai3="115,120,121,101,133,8,108,55,70,14,82,130,25" shuffle="mt19937ar,4E594C7A,121D8EAC,D44C0A93,9EE452E5,7DBAFF6C,D4070A69,690EECFC,C345C3E2"/><V104/><F123/><W86/><G101/><T56/><D113/><U27/><E38/><V39/><F74/><W118/><G118/><T3/><D3/><U81/><E102/><V99/><F134/><W110/><G25/><T47/><D125/><U50/><E35/><V61/><F39/><W106/><G106/><T119/><D72/><U45/><E50/><V89/><F40/><W46/><G46/><T42/><D80/><U94/><E90/><V69/><F91/><W84/><G133/><T76/><D76/><U83/><E83/><V79/><F79/><W109/><G115/><T19/><D56/><U12/><E0/><V87/><F104/><W21/><G55/><T58/><D58/><U97/><E97/><V32/><F99/><W124/><G124/><T36/><D47/><U28/><REACH who="1" step="1"/><E132/><REACH who="1" step="2"/><V68/><F32/><W33/><G130/><T37/><D37/><U103/><E103/><V135/><F135/><W52/><G33/><N who="0" m="20727" /><D43/><U78/><E78/><V63/><F2/><W75/><G75/><AGARI ba="0,1" hai="4,10,12,20,27,28,45,48,53,75,77,81,93,94" machi="75" ten="30,2000,0" yaku="1,1,7,1,53,0" doraHai="67" doraHaiUra="98" who="1" fromWho="3" sc="290,0,320,30,230,0,150,-20" /><INIT seed="3,0,0,0,2,27" ten="290,350,230,130" oya="3" hai0="65,69,116,43,111,11,134,71,19,121,6,1,20" hai1="32,4,102,90,73,15,92,68,94,78,59,26,13" hai2="29,117,91,125,114,16,76,129,118,67,82,107,126" hai3="109,95,22,64,44,57,124,31,87,128,127,115,30" shuffle="mt19937ar,C5B49A12,B85429E1,6AD2C82F,4C28117F,5652FB78,982C0B86,152322E4,BB021771"/><W24/><G115/><T8/><D116/><N who="2" m="44650" /><F67/><W123/><G44/><T38/><D121/><U89/><E68/><V93/><F107/><W25/><G123/><T18/><D134/><U40/><E78/><V42/><F42/><W112/><G112/><T104/><D104/><U101/><E73/><N who="2" m="43279" /><F114/><W54/><G64/><T130/><D130/><U37/><E26/><V72/><F72/><W0/><G0/><T53/><D53/><U97/><E32/><V83/><F129/><W55/><G128/><T39/><D65/><U33/><E33/><V86/><F29/><W36/><G36/><T113/><D113/><U51/><E37/><V61/><F16/><W58/><G109/><T106/><D111/><U122/><E122/><V48/><F61/><W70/><G70/><T10/><D106/><U80/><E80/><V52/><F52/><N who="3" m="20011" /><G87/><T60/><D1/><U77/><E59/><N who="3" m="22538" /><G95/><T75/><D75/><U14/><E77/><N who="2" m="46447" /><F48/><W98/><G98/><AGARI ba="0,0" hai="91,93,98,125,126" m="46447,43279,44650" machi="98" ten="30,2000,0" yaku="34,2" doraHai="27" who="2" fromWho="3" sc="290,0,350,0,230,20,130,-20" owari="290,4,350,35,250,-10,110,-29" /></mjloggm>