<mjloggm ver="2.3"><GO type="41"/><UN n0="%E3%82%A6%E3%83%AB%E3%83%88%E3%83%A9%E7%AB%8B%E7%9B%B4" n1="%E5%85%AB%E5%8D%81%E6%97%A5%E9%96%93%E4%B8%96%E7%95%8C%E4%B8%80%E5%91%A8" n2="%71%61%7A%65%30%39" n3="%E3%82%BF%E3%82%A4%E3%83%A9%E3%83%B3%E3%83%88" dan="13,13,15,14" rate="1819,1812,1958,1979" sx="M,M,M,M"/><TAIKYOKU oya="0"/><INIT seed="0,0,0,3,3,43" ten="250,250,250,250" oya="0" hai0="123,127,11,132,111,97,98,21,32,84,101,41,95" hai1="58,115,40,38,30,122,22,100,33,57,24,110,18" hai2="99,93,133,60,28,9,105,8,104,37,77,14,91" hai3="1,89,17,114,131,78,50,92,83,36,42,70,103"/><T26/><D32/><U117/><E122/><V118/><F133/><W6/><G70/><T124/><D123/><U76/><E117/><V74/><F118/><W45/><G114/><T107/><D132/><U3/><E3/><V46/><F28/><W112/><G112/><T135/><D135/><U109/><E115/><V49/><F37/><W53/><G131/><T73/><D73/><U35/><E76/><V81/><F60/><W130/><G130/><T4/><D84/><U134/><E134/><V20/><F20/><W85/><G103/><T126/><D111/><N who="1" m="42507" /><E100/><V80/><F80/><W120/><G17/><N who="0" m="12591" /><D41/><U65/><E33/><V55/><REACH who="2" step="1"/><F8/><REACH who="2" step="2"/><W63/><G63/><T75/><D11/><U44/><E65/><V51/><F51/><W62/><G62/><T27/><D127/><U129/><E129/><V72/><F72/><W15/><G120/><T34/><D75/><U106/><E106/><V23/><F23/><W13/><G50/><T61/><D61/><U16/><E18/><AGARI ba="0,1" hai="9,14,18,46,49,55,74,77,81,91,93,99,104,105" machi="18" ten="30,7700,0" yaku="1,1,7,1,52,1,53,1" doraHai="43" doraHaiUra="88" who="2" fromWho="1" sc="250,0,250,-77,240,87,250,0" /><INIT seed="1,0,0,4,3,34" ten="250,173,327,250" oya="1" hai0="109,30,71,78,10,76,103,32,22,0,69,122,108" hai1="37,105,116,86,14,62,28,2,41,46,121,91,126" hai2="53,112,80,24,5,107,131,84,38,3,82,124,54" hai3="39,60,43,19,63,20,61,94,133,45,44,118,132"/><U87/><E116/><V13/><F107/><W128/><G118/><T95/><D22/><U134/><E121/><V106/><F106/><W104/><G128/><T70/><D95/><U77/><E105/><V117/><F117/><W130/><G104/><T93/><D93/><U111/><E134/><V119/><F119/><W25/><G130/><T49/><D49/><U68/><E77/><V115/><F131/><W11/><G94/><T110/><D103/><U16/><E87/><V7/><F38/><W33/><G33/><T8/><D30/><U50/><E28/><V35/><F35/><W31/><G31/><T97/><D97/><U102/><E102/><V52/><F24/><W79/><G79/><N who="0" m="30251" /><D32/><U113/><E113/><N who="2" m="43595" /><F84/><W26/><G25/><T88/><D88/><U4/><E91/><V55/><F124/><W29/><G45/><T17/><D17/><U36/><E86/><V92/><F92/><W51/><G39/><T100/><D100/><U6/><E126/><V96/><F96/><W47/><G44/><T90/><D90/><U101/><E101/><V23/><F23/><W72/><G133/><T123/><D0/><U81/><E36/><V85/><F85/><W125/><G125/><T15/><D15/><U74/><E14/><V135/><F135/><W21/><G132/><T48/><D48/><U27/><E37/><V58/><F13/><N who="3" m="7615" /><G20/><T9/><AGARI ba="0,0" hai="8,9,10,69,70,71,108,109,110,122,123" m="30251" machi="9" ten="50,8000,1" yaku="29,2,28,2,14,1" doraHai="34" who="0" fromWho="0" sc="250,80,173,-40,327,-20,250,-20" /><INIT seed="2,0,0,0,1,76" ten="330,133,307,230" oya="2" hai0="111,103,82,23,89,31,87,42,6,0,115,27,20" hai1="35,135,32,107,10,85,132,69,46,116,130,53,118" hai2="60,112,90,44,84,79,92,91,33,101,126,51,57" hai3="7,108,17,93,124,13,21,64,18,119,8,65,5"/><V66/><F126/><W109/><G119/><T123/><D123/><U117/><E107/><V59/><F33/><W105/><G105/><T113/><D111/><N who="3" m="42569" /><G93/><T62/><D6/><N who="3" m="2057" /><G65/><T43/><D0/><U72/><E72/><V38/><F112/><W41/><G41/><T12/><D113/><U24/><E10/><V73/><F38/><W55/><G55/><T121/><D121/><U29/><E69/><V30/><F73/><W120/><G64/><T36/><D36/><U63/><E130/><V128/><F128/><W50/><G50/><T88/><D103/><U47/><E35/><V125/><F125/><W52/><G52/><T14/><D115/><U58/><REACH who="1" step="1"/><E85/><REACH who="1" step="2"/><V4/><F4/><W54/><G124/><T11/><D87/><U86/><E86/><V114/><F114/><W94/><G120/><T15/><D11/><U19/><E19/><V37/><F84/><W68/><G68/><T25/><D31/><U110/><E110/><V34/><F30/><W77/><G77/><T102/><D102/><U81/><E81/><V61/><F79/><W78/><G78/><T22/><D82/><U127/><E127/><V9/><F101/><W26/><G94/><T134/><D89/><U96/><E96/><V1/><F92/><W80/><G80/><T56/><D88/><U106/><E106/><V70/><F70/><W95/><G95/><T99/><D99/><U28/><E28/><V3/><F91/><W71/><G71/><T16/><D16/><U131/><E131/><V67/><F90/><W97/><G97/><T48/><D56/><N who="2" m="21578" /><F3/><W129/><G129/><RYUUKYOKU ba="0,1" sc="330,-15,123,15,307,-15,230,15" hai1="24,29,32,46,47,53,58,63,116,117,118,132,135" hai3="8,13,17,18,21,26,54" /><INIT seed="3,1,1,3,0,43" ten="315,138,292,245" oya="3" hai0="32,97,116,27,98,3,91,44,41,67,113,13,94" hai1="24,102,104,109,122,117,74,82,86,28,29,23,100" hai2="22,54,130,57,59,76,135,99,85,25,83,120,51" hai3="129,118,134,84,123,111,50,110,26,112,115,35,126"/><W55/><G35/><T39/><D3/><U96/><E122/><V78/><F120/><W12/><G26/><T42/><D116/><U46/><E117/><V33/><F33/><W9/><G123/><T119/><D119/><U65/><E65/><V95/><F135/><W80/><G118/><T60/><D42/><U77/><E109/><N who="3" m="41482" /><G134/><T108/><D108/><U101/><E29/><V56/><F130/><W5/><G129/><T0/><D0/><U40/><REACH who="1" step="1"/><E74/><REACH who="1" step="2"/><V31/><REACH who="2" step="1"/><F76/><REACH who="2" step="2"/><N who="3" m="46087" /><G126/><T88/><D32/><U103/><E103/><AGARI ba="1,3" hai="22,25,31,51,54,56,57,59,78,83,85,95,99,103" machi="103" ten="30,3900,0" yaku="1,1,7,1,8,1,53,0" doraHai="43" doraHaiUra="64" who="2" fromWho="1" sc="315,0,128,-42,282,72,245,0" /><INIT seed="4,0,0,2,2,44" ten="315,86,354,245" oya="0" hai0="67,23,107,135,57,45,71,11,59,89,115,38,100" hai1="90,31,64,83,108,132,41,60,15,118,20,76,92" hai2="9,53,33,63,117,70,121,74,40,66,72,94,25" hai3="26,30,103,56,10,13,43,112,81,16,73,95,51"/><T17/><D100/><U42/><E118/><V54/><F121/><W47/><G73/><T126/><D107/><U36/><E108/><V85/><F117/><W69/><G112/><T93/><D71/><U12/><E132/><V87/><F40/><N who="1" m="15465" /><E36/><V128/><F128/><W101/><G69/><T80/><D38/><U104/><E104/><V37/><F37/><W68/><G68/><T86/><D126/><U21/><E83/><V46/><F53/><W113/><G113/><T102/><D115/><U19/><E76/><V120/><F120/><W78/><G81/><T77/><D135/><U27/><E60/><V32/><F9/><W34/><G78/><T125/><D11/><U75/><E75/><V5/><F5/><W84/><G56/><T4/><D4/><U65/><E12/><V97/><F72/><W130/><REACH who="3" step="1"/><G130/><REACH who="3" step="2"/><T99/><D57/><U49/><E65/><V106/><F74/><W110/><G110/><T127/><D59/><U6/><E64/><V116/><F116/><W58/><G58/><T2/><D67/><U14/><E6/><V96/><F70/><W35/><G35/><T82/><D82/><U62/><E62/><V28/><F63/><W122/><G122/><T109/><D109/><U7/><E7/><V133/><F66/><W114/><G114/><T8/><D45/><U91/><E92/><V48/><F133/><W55/><G55/><T131/><D131/><U50/><E15/><V29/><F94/><W98/><G98/><T18/><D77/><U39/><E39/><V0/><F96/><W119/><G119/><T1/><D99/><RYUUKYOKU ba="0,1" sc="315,-15,86,15,354,-15,235,15" hai1="14,19,20,21,27,31,49,50,90,91" hai3="10,13,16,26,30,34,43,47,51,84,95,101,103" /><INIT seed="5,1,1,3,1,33" ten="300,101,339,250" oya="1" hai0="0,36,100,71,124,1,63,62,7,68,40,11,74" hai1="106,5,101,129,72,53,47,44,52,38,16,94,29" hai2="26,84,66,117,23,105,12,2,70,115,58,19,121" hai3="37,39,91,65,67,56,15,13,48,127,87,28,20"/><U126/><E106/><V113/><F121/><W130/><G127/><T102/><D124/><U131/><E72/><V8/><F117/><W25/><G130/><N who="1" m="49674" /><E126/><V95/><F70/><W30/><G37/><T49/><D49/><U114/><E29/><V17/><F105/><W89/><G28/><T3/><D100/><U75/><E75/><V54/><F66/><N who="3" m="25099" /><G39/><T61/><D102/><U128/><E128/><V21/><F95/><W109/><G109/><T83/><D68/><U69/><E69/><V112/><F84/><W118/><G118/><T134/><D71/><U99/><E5/><N who="2" m="1079" /><F58/><W107/><G107/><T59/><D59/><U122/><E122/><V76/><F54/><N who="1" m="21097" /><E38/><V123/><F123/><W41/><G56/><T120/><D120/><U85/><E85/><V50/><F50/><W125/><G125/><T88/><D134/><U103/><E103/><V42/><F42/><W34/><G34/><T43/><D43/><U10/><E114/><V82/><F82/><N who="3" m="49399" /><G91/><T77/><D88/><U81/><E81/><V4/><F76/><W93/><G93/><T132/><D132/><U64/><E64/><V73/><F73/><W55/><G55/><T57/><D57/><U90/><E90/><V119/><F119/><W135/><G135/><T111/><D111/><U46/><E46/><AGARI ba="1,1" hai="13,15,20,25,30,41,46,48" m="49399,25099" machi="46" ten="30,1000,0" yaku="8,1" doraHai="33" who="3" fromWho="1" sc="300,0,101,-13,339,0,250,23" /><AGARI ba="1,0" hai="0,1,3,7,11,36,40,46,61,62,63,74,77,83" machi="46" ten="40,8000,1" yaku="25,2,52,3" doraHai="33" who="0" fromWho="1" sc="300,80,88,-80,339,0,273,0" /><INIT seed="6,0,0,4,5,47" ten="380,8,339,273" oya="2" hai0="56,96,23,86,83,1,128,59,29,85,7,28,19" hai1="114,95,37,100,63,72,90,22,64,123,65,126,124" hai2="0,76,80,84,6,58,111,122,121,97,105,17,50" hai3="8,14,116,92,103,134,98,45,120,68,52,33,118"/><V2/><F111/><W135/><G33/><T46/><D7/><U16/><E72/><V13/><F6/><W115/><G68/><T109/><D1/><U112/><E37/><V91/><F2/><W44/><G120/><T42/><D128/><U88/><E123/><V113/><F0/><W20/><G20/><T36/><D96/><U4/><E4/><V18/><F113/><N who="1" m="43625" /><E100/><V51/><F18/><W89/><G115/><T60/><D86/><N who="1" m="52631" /><E90/><V10/><F58/><W130/><G130/><T15/><D59/><U57/><E65/><V21/><F122/><W61/><G103/><T66/><D109/><U31/><E31/><V79/><F121/><W55/><G45/><T40/><D40/><U26/><AGARI ba="0,0" hai="16,22,26,57,63,64,124,126" m="52631,43625" machi="26" ten="30,4000,0" yaku="15,1,54,2" doraHai="47" who="1" fromWho="1" sc="380,-10,8,40,339,-20,273,-10" /><INIT seed="7,0,0,4,5,58" ten="370,48,319,263" oya="3" hai0="77,48,15,74,104,116,88,4,129,17,62,1,13" hai1="70,83,39,11,120,127,103,22,21,28,32,40,86" hai2="112,19,50,106,68,96,102,130,108,47,118,66,8" hai3="7,80,36,3,38,94,59,25,55,35,31,114,56"/><W101/><G80/><T57/><D104/><U44/><E120/><V117/><F108/><W85/><G114/><T9/><D77/><U60/><E127/><V105/><F112/><W75/><G75/><T76/><D76/><U81/><E11/><V113/><F113/><W5/><G7/><T71/><D74/><U73/><E83/><V0/><F130/><W95/><G94/><T16/><D116/><U98/><E86/><V115/><F115/><W14/><G3/><T52/><D129/><U72/><E21/><V99/><F0/><W110/><G110/><T65/><D88/><U45/><E44/><V133/><F133/><W121/><G121/><T30/><D30/><U67/><E22/><V54/><F8/><W42/><G42/><T23/><REACH who="0" step="1"/><D17/><REACH who="0" step="2"/><U126/><E126/><V46/><F19/><W90/><G101/><T10/><D10/><U134/><E81/><V27/><F27/><AGARI ba="0,1" hai="1,4,9,13,15,16,23,27,48,52,57,62,65,71" machi="27" ten="30,8000,1" yaku="1,1,7,1,52,1,54,2,53,0" doraHai="58" doraHaiUra="93" who="0" fromWho="2" sc="360,90,48,0,319,-80,263,0" owari="450,55,48,-45,239,-16,263,6" /></mjloggm>