<mjloggm ver="2.3"><GO type="41"/><UN n0="%E3%82%A6%E3%83%AB%E3%83%88%E3%83%A9%E7%AB%8B%E7%9B%B4" n1="%E3%82%AB%E3%83%AB%E3%83%9E%E3%82%B0" n2="%5A%45%4F%44" n3="%E9%B7%B9%EF%BC%93" dan="13,15,13,15" rate="1901,1929,1822,1962" sx="M,M,M,M"/><TAIKYOKU oya="0"/><INIT seed="0,0,0,1,3,94" ten="250,250,250,250" oya="0" hai0="22,51,25,32,81,107,85,16,17,43,112,27,21" hai1="89,10,41,49,106,75,33,71,19,114,117,135,130" hai2="35,131,31,123,7,133,105,73,56,124,37,115,90" hai3="77,102,62,99,50,87,69,58,125,48,88,52,128"/><T13/><D107/><U12/><E33/><V103/><RYUUKYOKU type="yao9" ba="0,0" sc="250,0,250,0,250,0,250,0" hai2="7,31,35,37,56,73,90,103,105,115,123,124,131,133" /><INIT seed="0,1,0,3,4,14" ten="250,250,250,250" oya="0" hai0="47,69,71,37,9,96,45,54,100,32,102,18,19" hai1="23,105,65,10,134,93,3,36,5,64,28,86,26" hai2="34,11,0,83,78,98,119,113,77,35,4,101,130" hai3="120,85,43,135,109,80,115,125,48,121,53,67,107"/><T129/><D32/><U108/><E36/><V97/><F113/><W114/><G107/><T128/><D9/><U57/><E105/><V39/><F119/><W133/><G67/><T40/><D54/><U89/><E134/><N who="3" m="51210" /><G43/><T131/><D47/><U99/><E108/><V88/><F78/><W12/><G109/><T21/><D21/><U31/><E31/><V30/><F30/><W55/><G125/><T44/><D44/><U62/><REACH who="1" step="1"/><E99/><REACH who="1" step="2"/><V91/><F39/><W84/><G121/><T81/><D96/><U127/><E127/><V111/><F98/><W41/><G120/><T1/><D1/><U118/><E118/><V38/><F111/><W50/><G115/><T92/><D100/><U13/><E13/><V70/><F38/><W24/><G12/><T56/><D102/><U117/><E117/><V42/><F97/><W20/><G114/><T68/><D92/><U79/><E79/><V22/><F101/><W27/><G27/><T49/><D81/><U110/><E110/><V95/><F77/><W25/><G25/><T112/><D112/><U33/><E33/><V74/><F83/><W46/><G80/><T8/><D8/><U6/><E6/><V58/><F35/><W7/><G7/><T52/><AGARI ba="1,1" hai="18,19,37,40,45,49,52,56,68,69,71,128,129,131" machi="52" ten="40,12000,1" yaku="0,1,19,1,52,2,54,1" doraHai="14" who="0" fromWho="0" sc="250,133,240,-41,250,-41,250,-41" /><INIT seed="0,2,0,5,0,99" ten="383,199,209,209" oya="0" hai0="6,97,37,7,58,133,31,49,124,129,27,107,50" hai1="94,17,1,35,98,114,21,11,67,23,53,69,130" hai2="78,40,29,134,9,43,132,30,41,84,127,102,119" hai3="55,96,56,18,86,121,63,131,16,74,13,33,48"/><T3/><D37/><U70/><E130/><V8/><F84/><W72/><G121/><T14/><D3/><U93/><E35/><V57/><F78/><W100/><G131/><T116/><D116/><U38/><E38/><V112/><F112/><W82/><G33/><T75/><D75/><U54/><E114/><V10/><F57/><W83/><G63/><T12/><D129/><U117/><E117/><V52/><F119/><W105/><G83/><T123/><D124/><U62/><E70/><V46/><F127/><W80/><G80/><T91/><D133/><U126/><E126/><V103/><F46/><W76/><REACH who="3" step="1"/><G18/><REACH who="3" step="2"/><T95/><D123/><U4/><E17/><V128/><F128/><W22/><AGARI ba="2,1" hai="13,16,22,48,55,56,72,74,76,82,86,96,100,105" machi="22" ten="20,12000,2" yaku="1,1,2,1,0,1,7,1,52,1,54,1,53,0" doraHai="99" doraHaiUra="89" who="3" fromWho="3" sc="383,-62,199,-32,209,-32,199,136" /><INIT seed="1,0,0,2,5,9" ten="321,167,177,335" oya="1" hai0="82,93,54,68,101,102,80,98,90,11,134,100,108" hai1="33,51,63,71,73,15,77,133,32,83,48,39,97" hai2="84,126,92,62,65,26,41,110,94,14,123,113,124" hai3="127,89,50,42,64,10,16,66,36,53,135,114,129"/><U3/><E39/><V8/><F123/><W85/><G114/><T88/><D68/><U57/><E3/><V56/><F113/><W121/><G121/><T34/><D34/><U120/><E71/><V99/><F41/><W46/><G135/><T4/><D134/><U52/><E120/><V24/><F84/><W122/><G122/><T27/><D27/><U58/><E48/><V25/><F99/><W74/><G74/><T95/><D54/><U59/><E133/><V106/><F106/><W6/><G129/><T55/><D55/><U125/><E125/><V45/><F45/><W5/><G127/><N who="2" m="48681" /><F110/><W76/><G76/><T111/><D11/><U132/><E132/><V117/><F117/><W61/><G61/><T17/><D17/><AGARI ba="0,0" hai="8,14,17,24,25,26,56,62,65,92,94" m="48681" machi="17" ten="30,2000,0" yaku="18,1,52,1" doraHai="9" who="2" fromWho="0" sc="321,-20,167,0,177,20,335,0" /><INIT seed="2,0,0,5,3,56" ten="301,167,197,335" oya="2" hai0="109,105,10,44,129,33,119,55,21,113,7,37,47" hai1="115,54,134,62,92,13,26,4,71,29,120,19,59" hai2="101,14,35,128,40,132,112,77,52,53,74,32,68" hai3="76,130,97,65,38,70,102,131,18,88,123,58,22"/><V104/><F112/><W45/><G123/><T3/><D47/><U1/><E115/><V42/><F68/><W51/><G76/><T82/><D21/><U24/><E120/><V36/><F36/><W122/><G122/><T16/><D55/><U17/><E134/><V41/><F77/><W75/><G70/><T118/><D16/><U25/><E71/><V106/><F74/><W108/><G108/><T64/><D82/><U80/><E29/><V8/><F101/><W94/><G75/><T84/><D84/><U126/><E126/><V117/><F117/><W11/><G11/><T127/><D64/><U63/><E1/><V73/><F73/><W23/><G38/><T34/><D44/><U48/><E80/><V20/><F132/><W39/><G39/><T87/><D87/><U103/><E4/><V90/><F20/><W5/><G5/><T135/><D10/><N who="1" m="6327" /><E19/><V67/><F90/><W30/><G23/><T99/><D7/><U125/><E125/><V111/><F67/><W98/><G30/><T57/><D57/><U93/><E103/><V124/><F124/><W49/><G58/><T89/><D89/><U83/><E83/><V46/><F111/><W2/><G65/><T12/><D99/><U79/><E79/><V78/><F78/><W100/><G2/><T9/><D119/><U50/><E50/><N who="3" m="18954" /><G45/><T81/><D81/><U96/><E96/><V110/><F46/><W27/><G98/><T61/><D118/><U95/><AGARI ba="0,0" hai="24,25,26,48,54,59,62,63,92,93,95" m="6327" machi="95" ten="30,4000,0" yaku="8,1,52,2" doraHai="56" who="1" fromWho="1" sc="301,-10,167,40,197,-20,335,-10" /><INIT seed="3,0,0,5,2,121" ten="291,207,177,325" oya="3" hai0="21,57,18,3,61,62,66,82,81,80,106,28,128" hai1="26,108,109,50,47,59,123,40,103,112,127,11,39" hai2="68,54,74,90,111,73,129,10,87,93,89,83,116" hai3="67,117,133,100,71,119,43,45,12,8,105,0,37"/><W9/><G133/><T77/><D3/><U76/><E123/><V46/><F68/><W125/><G125/><T96/><D128/><U15/><E112/><V135/><F116/><W33/><G33/><T60/><D106/><U25/><E127/><V53/><F135/><W29/><G29/><T97/><D28/><U85/><E103/><V79/><F129/><W110/><G0/><T92/><D77/><U102/><E102/><V95/><F10/><W51/><G37/><T124/><D124/><U64/><E39/><V104/><F46/><W132/><G132/><T22/><D92/><U115/><E115/><V88/><F53/><W101/><G101/><T98/><D18/><U107/><E107/><V69/><F54/><W36/><G36/><T13/><D13/><U52/><E85/><V31/><F31/><W131/><G131/><T65/><D57/><U122/><E122/><V6/><F6/><W134/><G134/><T4/><REACH who="0" step="1"/><D4/><REACH who="0" step="2"/><U91/><E76/><V63/><F104/><W55/><G12/><T41/><D41/><U44/><E59/><V99/><F69/><W70/><G71/><T58/><D58/><U86/><E40/><V17/><F17/><W1/><G43/><T34/><D34/><U72/><E44/><V120/><F63/><W2/><G70/><T75/><D75/><N who="2" m="28682" /><F120/><W84/><G105/><T130/><D130/><U23/><E72/><N who="2" m="43495" /><F111/><N who="1" m="42569" /><E64/><AGARI ba="0,1" hai="21,22,60,61,62,64,65,66,80,81,82,96,97,98" machi="64" ten="50,12000,2" yaku="1,1,29,2,28,2,8,1,53,0" doraHai="121" doraHaiUra="35" who="0" fromWho="1" sc="281,130,207,-120,177,0,325,0" /><INIT seed="4,0,0,2,2,106" ten="411,87,177,325" oya="0" hai0="121,126,75,103,38,48,90,6,120,37,35,3,130" hai1="86,80,46,123,12,61,49,20,74,118,36,125,128" hai2="134,55,57,66,60,4,98,92,119,83,135,8,115" hai3="95,44,109,21,104,52,7,82,11,25,79,93,72"/><T0/><D48/><U54/><E123/><V88/><F115/><W43/><G104/><T30/><D90/><U29/><E118/><V26/><F119/><W107/><G109/><T45/><D45/><U132/><E132/><V31/><F83/><W69/><G69/><T1/><D6/><U116/><E116/><V84/><F135/><W131/><G107/><T13/><D13/><U70/><E128/><V34/><F134/><W32/><G131/><T81/><D103/><U127/><E70/><V105/><F105/><W59/><G32/><T62/><D62/><U18/><E36/><N who="0" m="13929" /><D130/><U17/><E61/><V22/><F34/><W67/><G67/><T96/><D96/><U10/><E29/><V124/><F124/><W5/><G44/><T122/><D126/><N who="1" m="48139" /><E86/><V129/><F129/><W28/><G43/><T27/><D81/><U100/><E100/><V102/><F102/><W42/><G42/><T87/><D87/><U41/><E80/><V85/><REACH who="2" step="1"/><F66/><REACH who="2" step="2"/><W14/><REACH who="3" step="1"/><G5/><REACH who="3" step="2"/><T68/><D68/><U114/><E114/><V133/><F133/><W77/><G77/><T73/><AGARI ba="0,2" hai="0,1,3,27,30,35,73,75,120,121,122" m="13929" machi="73" ten="50,9600,0" yaku="23,1,52,2" doraHai="106" who="0" fromWho="0" sc="411,116,87,-32,167,-32,315,-32" /><INIT seed="4,1,0,0,4,130" ten="527,55,135,283" oya="0" hai0="38,107,6,49,105,0,106,90,128,72,10,71,119" hai1="131,17,35,113,31,28,53,11,61,19,87,76,114" hai2="5,55,75,135,56,16,8,45,91,27,112,101,115" hai3="43,36,42,52,12,34,102,118,50,62,2,78,7"/><T92/><D38/><U103/><E103/><V124/><F75/><W14/><G34/><T54/><D71/><U82/><E131/><V41/><F101/><W69/><G118/><T108/><D72/><U134/><E134/><V88/><F124/><W30/><G102/><T77/><D77/><U110/><E110/><V24/><F24/><W86/><G30/><T67/><D67/><U58/><E35/><V109/><F109/><W100/><G100/><T93/><D128/><U83/><E83/><V32/><F32/><W74/><G74/><T99/><D108/><U121/><E121/><V3/><F3/><W85/><G78/><T133/><D119/><U129/><E129/><V20/><F5/><W120/><G120/><T96/><D133/><U18/><REACH who="1" step="1"/><E11/><REACH who="1" step="2"/><V21/><F135/><W125/><G125/><T51/><D105/><U80/><E80/><V4/><F8/><W104/><G104/><T57/><D106/><U44/><E44/><V89/><F21/><W9/><G9/><T122/><D107/><U70/><E70/><V111/><F111/><W97/><G69/><T132/><D122/><U94/><E94/><V23/><F23/><W98/><G2/><T81/><D132/><U46/><E46/><V1/><F1/><W29/><G7/><T123/><D123/><U59/><E59/><V47/><F4/><W126/><G126/><T15/><D81/><U40/><E40/><V95/><F95/><W73/><G43/><T127/><D127/><U63/><E63/><N who="2" m="36255" /><F41/><W116/><G42/><T25/><D0/><U60/><E60/><V13/><F47/><RYUUKYOKU ba="1,1" sc="527,-10,45,30,135,-10,283,-10" hai1="17,18,19,28,31,53,58,61,76,82,87,113,114" /><INIT seed="5,2,1,3,4,82" ten="517,75,125,273" oya="1" hai0="8,77,100,84,51,86,58,121,75,92,98,33,1" hai1="117,61,19,107,110,94,23,115,0,27,80,42,89" hai2="73,11,129,54,118,60,26,119,113,49,34,134,43" hai3="14,21,35,133,111,93,6,4,10,69,53,83,22"/><U36/><E0/><V99/><F73/><W52/><G69/><T79/><D33/><U63/><E117/><V105/><F129/><W55/><G111/><T74/><D51/><U72/><E107/><V114/><F134/><W38/><G38/><T3/><D58/><U2/><E2/><V59/><F11/><W78/><G133/><T103/><D8/><U90/><E72/><N who="0" m="27689" /><D3/><U127/><E110/><V64/><F99/><W122/><G122/><T65/><D65/><U109/><E109/><V37/><F105/><W31/><G35/><T28/><D28/><U7/><E7/><V132/><F26/><W57/><G31/><T131/><D1/><U135/><E135/><V91/><F34/><W29/><G6/><T112/><D112/><N who="2" m="43114" /><F91/><W87/><G93/><T67/><D67/><U81/><E115/><V30/><F30/><W50/><G22/><T120/><D131/><U123/><E123/><N who="0" m="47177" /><D103/><U40/><E36/><V104/><F132/><W15/><G14/><T76/><AGARI ba="2,1" hai="76,77,79,84,86,92,98,100" m="47177,27689" machi="76" ten="40,8000,1" yaku="13,1,34,2,52,2" doraHai="82" who="0" fromWho="0" sc="517,96,75,-42,125,-22,273,-22" /><INIT seed="6,0,0,5,4,128" ten="613,33,103,251" oya="2" hai0="62,111,67,126,75,51,114,95,89,44,85,38,116" hai1="15,31,20,26,61,135,18,54,105,55,6,14,34" hai2="90,1,71,35,86,17,102,104,101,122,80,113,130" hai3="4,29,2,19,46,63,36,11,56,119,124,32,99"/><V28/><F122/><W129/><G119/><T27/><D75/><U37/><E105/><V22/><F1/><W66/><G129/><T107/><D107/><U16/><E37/><V23/><F130/><W91/><G124/><T134/><D38/><U8/><E61/><V9/><F71/><W78/><G78/><T53/><D111/><U58/><E55/><V24/><F113/><W76/><G76/><T92/><D116/><U45/><E45/><V47/><F47/><W133/><G133/><T60/><D126/><U94/><E135/><V103/><F104/><W121/><G121/><T123/><D123/><U117/><E117/><V68/><F68/><W42/><G19/><T41/><D114/><U39/><E39/><V30/><F9/><W13/><G13/><T125/><D125/><U48/><REACH who="1" step="1"/><E94/><REACH who="1" step="2"/><V12/><F35/><W0/><G32/><T21/><D134/><U115/><E115/><V118/><REACH who="2" step="1"/><F118/><REACH who="2" step="2"/><W50/><G46/><T93/><D41/><U65/><E65/><V83/><F83/><W40/><G66/><T88/><D67/><U49/><E49/><V64/><F64/><W43/><G50/><T72/><D93/><U5/><AGARI ba="0,2" hai="5,6,8,14,15,16,18,20,26,31,34,48,54,58" machi="5" ten="30,4000,0" yaku="1,1,0,1,54,1,53,0" doraHai="128" doraHaiUra="77" who="1" fromWho="1" sc="613,-10,23,60,93,-20,251,-10" /><INIT seed="7,0,0,1,1,134" ten="603,83,73,241" oya="3" hai0="59,55,22,13,97,122,50,103,93,84,33,127,24" hai1="135,121,129,4,81,39,79,99,25,38,35,34,86" hai2="91,68,58,64,88,16,54,61,11,46,7,101,65" hai3="75,104,3,89,27,14,95,85,117,82,49,48,45"/><W70/><G70/><T132/><D122/><U113/><E121/><V17/><F65/><W100/><G3/><T63/><D132/><U19/><E135/><V60/><F101/><W77/><G27/><T118/><D118/><U28/><E34/><V9/><F46/><W41/><G117/><T109/><D109/><U40/><E4/><V73/><F73/><W31/><G31/><T108/><D108/><U114/><E129/><V0/><F11/><W133/><G133/><T52/><D33/><U131/><E131/><V102/><F102/><W67/><G67/><T1/><D1/><U83/><E99/><V32/><F32/><W15/><G49/><T57/><D127/><U128/><E128/><V123/><F123/><W42/><G42/><T29/><D84/><U115/><E19/><V94/><F91/><W2/><G2/><T36/><D36/><U80/><E39/><V124/><F124/><W51/><G51/><T6/><D6/><U71/><E71/><V62/><F62/><W110/><G110/><T21/><D21/><U90/><E40/><V107/><F107/><W20/><G20/><T26/><D26/><U98/><E38/><V126/><F126/><W74/><G74/><T119/><D119/><U111/><E111/><V92/><F92/><AGARI ba="0,0" hai="25,28,35,79,80,81,83,86,90,92,98,113,114,115" machi="92" ten="40,1300,0" yaku="15,1" doraHai="134" who="1" fromWho="2" sc="603,0,83,13,73,-13,241,0" owari="603,70,96,-30,60,-44,241,4" /></mjloggm>