<mjloggm ver="2.3"><GO type="41"/><UN n0="%E5%B9%B3%E5%9D%87%E9%A0%86%E4%BD%8D%E9%87%8D%E8%A6%96" n1="%E3%83%A0%E3%82%B9%E3%82%AB%E5%A4%A7%E4%BD%90" n2="%E6%B0%B4%E9%81%93%E6%A9%8B%E9%BA%BB%E9%9B%80" n3="%E3%82%A6%E3%83%AB%E3%83%88%E3%83%A9%E7%AB%8B%E7%9B%B4" dan="15,15,15,14" rate="2049,1893,1954,1918" sx="M,M,M,M"/><TAIKYOKU oya="0"/><INIT seed="0,0,0,5,4,127" ten="250,250,250,250" oya="0" hai0="64,94,74,62,14,76,7,17,5,58,6,132,100" hai1="122,70,87,105,27,47,109,42,36,108,18,113,24" hai2="72,10,39,8,123,73,34,89,98,131,35,111,82" hai3="80,61,86,88,118,79,65,52,2,112,57,119,50"/><T69/><D132/><U85/><E70/><V59/><F123/><W1/><G112/><T25/><D74/><U53/><E105/><V130/><F39/><W31/><G2/><T84/><D69/><U129/><E113/><V115/><F115/><W103/><G1/><T133/><D133/><U126/><E126/><V11/><F59/><W104/><G103/><T28/><D76/><U92/><E122/><V121/><F121/><W60/><G104/><T66/><D66/><U20/><E27/><V33/><F98/><W15/><G61/><T26/><D28/><U29/><E29/><V99/><F99/><W81/><G15/><T3/><D3/><U120/><E120/><V51/><F51/><W48/><G31/><T128/><D100/><U16/><E18/><V19/><F19/><W93/><G80/><T107/><D107/><U75/><E75/><N who="2" m="28747" /><F82/><W95/><G50/><T78/><D78/><U40/><E92/><V12/><F12/><W23/><G23/><T90/><REACH who="0" step="1"/><D128/><REACH who="0" step="2"/><N who="2" m="49194" /><F89/><W68/><G93/><T54/><D54/><U56/><E129/><V21/><F21/><AGARI ba="0,1" hai="5,6,7,14,17,21,25,26,58,62,64,84,90,94" machi="21" ten="40,3900,0" yaku="1,1,8,1,53,0" doraHai="127" doraHaiUra="110" who="0" fromWho="2" sc="240,49,250,0,250,-39,250,0" /><INIT seed="0,1,0,4,1,117" ten="289,250,211,250" oya="0" hai0="78,63,103,40,11,129,46,32,116,18,102,56,62" hai1="57,96,131,133,79,91,100,120,16,110,23,90,81" hai2="24,84,59,51,52,9,135,30,112,118,104,33,0" hai3="44,13,101,66,45,89,94,121,67,132,1,93,75"/><T43/><D116/><U48/><E110/><V29/><F118/><W86/><G1/><T22/><D32/><U35/><E35/><V97/><F112/><W74/><G74/><T114/><D114/><U123/><E133/><V98/><F30/><W69/><G75/><T130/><D11/><U55/><E131/><N who="0" m="50185" /><D78/><U113/><E113/><V92/><F135/><W28/><G132/><T34/><D34/><U21/><E21/><V115/><F115/><W4/><G28/><T64/><D63/><U122/><E79/><V71/><F71/><W41/><G69/><T54/><D54/><U37/><E81/><V82/><F104/><W109/><G109/><T127/><D127/><U83/><E83/><V72/><F72/><W105/><G105/><T14/><D40/><U19/><E37/><AGARI ba="1,0" hai="14,18,22,37,43,46,56,62,64,102,103" m="50185" machi="37" ten="30,1500,0" yaku="19,1" doraHai="117" who="0" fromWho="1" sc="289,18,250,-18,211,0,250,0" /><INIT seed="0,2,0,2,1,80" ten="307,232,211,250" oya="0" hai0="113,58,64,65,88,63,121,26,75,3,112,55,19" hai1="46,73,8,56,119,125,69,52,133,39,106,107,61" hai2="74,2,83,23,45,101,32,91,44,24,59,38,120" hai3="132,15,123,99,96,105,66,97,98,126,36,51,92"/><T42/><D121/><U93/><E119/><V11/><F120/><W0/><G0/><T5/><D75/><U13/><E73/><V25/><F101/><N who="3" m="62631" /><G36/><T37/><D3/><U103/><E133/><V135/><F135/><W14/><G66/><T131/><D5/><U95/><E125/><V67/><F32/><W124/><G51/><T6/><D6/><U115/><E115/><V31/><F11/><W34/><G34/><T82/><D37/><U10/><E10/><V1/><F24/><W57/><G57/><T47/><D112/><U89/><E69/><V90/><F90/><W118/><G123/><T22/><D113/><U50/><E39/><V16/><F31/><W40/><G40/><T70/><D70/><U18/><E103/><V129/><F129/><W4/><G132/><T116/><D131/><U102/><E102/><V41/><F44/><W117/><G4/><T30/><D116/><N who="3" m="44649" /><G15/><T71/><D71/><U111/><E111/><V72/><F72/><W127/><G14/><T85/><REACH who="0" step="1"/><D30/><REACH who="0" step="2"/><U78/><E8/><V28/><F28/><W48/><G48/><T27/><D27/><U49/><E49/><V43/><F43/><W62/><G62/><T130/><D130/><U86/><E61/><V35/><F74/><W94/><AGARI ba="2,1" hai="92,94,97,98,99,124,126,127" m="44649,62631" machi="94" ten="40,5200,0" yaku="18,1,34,2" doraHai="80" who="3" fromWho="3" sc="297,-28,232,-15,211,-15,250,68" /><INIT seed="1,0,0,2,3,128" ten="269,217,196,318" oya="1" hai0="110,46,80,1,14,11,133,88,19,96,63,126,108" hai1="37,64,57,56,32,86,74,135,134,125,58,25,47" hai2="50,40,9,131,48,120,75,30,41,76,59,129,35" hai3="17,15,36,12,6,31,72,22,5,81,105,89,117"/><U118/><E74/><V34/><F120/><W106/><G89/><T29/><D126/><U38/><E118/><V69/><F69/><W13/><G81/><T101/><D29/><U113/><E113/><V83/><F9/><W94/><G94/><T44/><D1/><U2/><E2/><V0/><F0/><W78/><G78/><T49/><D63/><U60/><E125/><V87/><F75/><W66/><G66/><T100/><D46/><U54/><E32/><V23/><F23/><N who="3" m="11687" /><G36/><N who="1" m="13930" /><E25/><V130/><F30/><W4/><G105/><T116/><D116/><U112/><E112/><V91/><F91/><W121/><G106/><T55/><D133/><N who="1" m="50699" /><E86/><V93/><F93/><W62/><G72/><T24/><D24/><U97/><E97/><V21/><F35/><W132/><G132/><T114/><D114/><U122/><E122/><V65/><F34/><W102/><G117/><T98/><D98/><U99/><E99/><V124/><F124/><W27/><G121/><T28/><D28/><U10/><E10/><V85/><F85/><W61/><G102/><N who="0" m="39531" /><D96/><U73/><E73/><V51/><F21/><W70/><G13/><T16/><D19/><U67/><E67/><V111/><F65/><N who="3" m="41263" /><G15/><T107/><D107/><U53/><E53/><V77/><F77/><W82/><G62/><T39/><D39/><U109/><E109/><V123/><F111/><W20/><G20/><T26/><D26/><U104/><E104/><V18/><F18/><W92/><G22/><T42/><D55/><U127/><E127/><V84/><F123/><W33/><G27/><T90/><D14/><RYUUKYOKU ba="0,0" sc="269,-10,217,30,196,-10,318,-10" hai1="47,54,56,57,58,60,64" /><INIT seed="1,1,0,4,0,5" ten="259,247,186,308" oya="1" hai0="42,47,111,64,76,24,90,22,125,127,49,82,124" hai1="3,40,65,78,134,18,28,118,123,62,54,95,126" hai2="12,120,37,30,19,61,45,38,33,29,48,99,83" hai3="43,86,85,25,91,72,36,132,11,79,60,131,77"/><U74/><E123/><V104/><F120/><W116/><G43/><T44/><D44/><U50/><E118/><V21/><F61/><W27/><G36/><T87/><D64/><U129/><E3/><V59/><F59/><W23/><G72/><T133/><D111/><U109/><E109/><V70/><F70/><W88/><G60/><T75/><D133/><U32/><E134/><V53/><F83/><W71/><G71/><T112/><D112/><U26/><E129/><V107/><F107/><W68/><G68/><T92/><REACH who="0" step="1"/><D127/><REACH who="0" step="2"/><U63/><E126/><V115/><F115/><W0/><G132/><T14/><D14/><U31/><E65/><V119/><F119/><W93/><G116/><T122/><D122/><U17/><E40/><V103/><F38/><W84/><G131/><T101/><D101/><U10/><E31/><AGARI ba="1,1" hai="22,24,31,42,47,49,75,76,82,87,90,92,124,125" machi="31" ten="40,1300,0" yaku="1,1,53,0" doraHai="5" doraHaiUra="58" who="0" fromWho="1" sc="249,26,247,-16,186,0,308,0" /><INIT seed="2,0,0,1,4,116" ten="275,231,186,308" oya="2" hai0="31,129,41,78,2,12,125,82,28,123,68,77,64" hai1="128,88,25,114,133,103,120,102,83,34,90,107,109" hai2="16,85,13,94,40,33,127,6,17,23,42,124,55" hai3="24,30,113,69,108,98,73,111,119,118,51,37,100"/><V26/><F33/><W63/><G51/><T92/><D2/><U15/><E114/><V4/><F55/><W54/><G30/><T81/><D41/><U52/><E34/><V22/><F42/><W87/><G24/><T110/><D64/><U122/><E25/><V20/><F40/><W93/><G37/><T130/><D92/><U74/><E109/><N who="3" m="42058" /><G54/><T19/><D110/><U35/><E35/><V29/><F94/><W115/><G63/><T59/><D59/><U99/><E133/><V32/><F85/><W135/><G69/><T70/><D12/><U14/><E128/><V8/><F23/><W7/><G7/><T0/><D19/><U67/><E67/><V121/><F121/><N who="1" m="46697" /><E103/><V50/><F50/><W131/><G131/><T46/><D123/><U43/><E43/><V104/><F104/><W96/><G135/><T27/><D27/><U72/><E72/><V18/><F6/><W9/><G73/><T48/><D0/><U49/><E83/><V58/><F58/><W60/><G115/><T62/><D129/><U45/><E74/><V71/><F71/><W36/><G113/><T105/><D130/><U79/><E79/><V3/><F17/><W80/><G119/><T91/><D31/><U47/><E47/><V5/><F5/><W53/><G118/><T11/><D28/><U75/><E75/><V66/><F66/><W126/><G80/><T112/><D46/><U38/><E38/><V97/><F97/><W56/><G100/><T84/><D82/><U89/><AGARI ba="0,0" hai="14,15,45,49,52,88,89,90,99,102,107" m="46697" machi="89" ten="30,12000,2" yaku="13,1,52,3,54,2" doraHai="116" who="1" fromWho="1" sc="275,-30,231,120,186,-60,308,-30" /><INIT seed="3,0,0,3,0,11" ten="245,351,126,278" oya="3" hai0="35,69,58,80,116,40,4,61,120,68,109,91,36" hai1="55,95,77,135,46,78,117,81,17,1,43,57,134" hai2="29,7,70,129,102,79,75,112,56,106,13,82,126" hai3="103,99,12,49,32,93,89,28,125,85,63,128,27"/><W96/><G125/><T111/><D35/><U45/><E1/><V14/><F126/><W86/><G128/><T97/><D4/><U113/><E78/><V30/><F70/><N who="0" m="27242" /><D97/><U19/><E113/><V88/><F112/><W130/><G130/><T9/><D80/><U41/><E117/><V118/><F118/><W52/><G63/><T18/><D9/><U22/><E95/><V66/><F129/><W108/><G12/><N who="2" m="4713" /><F106/><W74/><G74/><T64/><D18/><U25/><E17/><V5/><F75/><W37/><G37/><T6/><D91/><U119/><E119/><V53/><F79/><W104/><REACH who="3" step="1"/><G108/><REACH who="3" step="2"/><T62/><D61/><N who="1" m="36031" /><E135/><V65/><F102/><W98/><G98/><T107/><D36/><U115/><E134/><V131/><F131/><W76/><G76/><T54/><D111/><U50/><E115/><V59/><F59/><AGARI ba="0,1" hai="27,28,32,49,52,59,85,86,89,93,96,99,103,104" machi="59" ten="30,5800,0" yaku="1,1,7,1,54,1,53,0" doraHai="11" doraHaiUra="127" who="3" fromWho="2" sc="245,0,351,0,126,-58,268,68" /><INIT seed="3,1,0,5,1,72" ten="245,351,68,336" oya="3" hai0="51,62,64,56,15,77,106,90,28,75,131,123,61" hai1="58,2,132,94,25,41,97,115,119,118,33,80,82" hai2="4,12,116,129,84,21,95,19,29,99,42,112,100" hai3="46,96,26,71,113,108,91,124,11,120,127,63,102"/><W117/><G120/><T110/><D123/><U1/><E115/><V9/><F112/><W70/><G113/><T59/><D106/><U81/><E132/><V130/><F129/><W10/><G117/><N who="1" m="44554" /><E41/><V39/><F116/><W43/><G91/><T111/><D131/><U48/><E33/><V93/><F130/><W20/><G11/><T134/><D134/><U18/><E25/><V126/><F126/><N who="3" m="48171" /><G10/><T0/><D0/><U30/><E30/><V67/><F67/><W52/><G108/><T55/><D28/><U53/><E18/><V135/><F135/><W7/><G7/><T54/><D15/><U38/><E38/><V85/><F29/><W6/><G6/><T3/><D3/><U65/><E65/><V45/><REACH who="2" step="1"/><F95/><REACH who="2" step="2"/><W60/><G70/><T74/><D111/><U17/><E17/><V27/><AGARI ba="1,1" hai="4,9,12,19,21,27,39,42,45,84,85,93,99,100" machi="27" ten="20,8000,1" yaku="1,1,2,1,0,1,7,1,53,1" doraHai="72" doraHaiUra="37" who="2" fromWho="2" sc="245,-21,351,-21,58,93,336,-41" /><INIT seed="4,0,0,2,1,99" ten="224,330,151,295" oya="0" hai0="95,96,60,24,35,79,3,58,25,16,57,93,14" hai1="32,28,115,107,126,61,4,69,117,135,72,103,73" hai2="128,8,83,78,44,108,74,111,120,130,84,85,76" hai3="131,13,127,101,89,68,48,122,87,45,91,75,134"/><T80/><D3/><U98/><E117/><V63/><F44/><W67/><G75/><T31/><D25/><U56/><E115/><V12/><F63/><W43/><G127/><T41/><D41/><U38/><E135/><V113/><F12/><W119/><G134/><T49/><D49/><U112/><E112/><V132/><F8/><W110/><G119/><T15/><D95/><U81/><E126/><V70/><F70/><W42/><G110/><N who="2" m="42025" /><F113/><W55/><G131/><N who="2" m="50217" /><F132/><W114/><G114/><T82/><D79/><U22/><E4/><V125/><F125/><W46/><G13/><T26/><D26/><N who="1" m="18455" /><E22/><V90/><F120/><W116/><G116/><T71/><D71/><U34/><E34/><V29/><F29/><W77/><G122/><T2/><D2/><U123/><E123/><V66/><F66/><W11/><G11/><T5/><D5/><U33/><E33/><V92/><F78/><W121/><G121/><T47/><D47/><U50/><E56/><V52/><F52/><W65/><G68/><T53/><D58/><U9/><E50/><V0/><F0/><W20/><G65/><T118/><D118/><U64/><E9/><V36/><F36/><W88/><G67/><T86/><D86/><AGARI ba="0,0" hai="74,76,83,84,85,86,90,92" m="50217,42025" machi="86" ten="30,3900,0" yaku="19,1,34,2" doraHai="99" who="2" fromWho="0" sc="224,-39,330,0,151,39,295,0" /><INIT seed="5,0,0,2,1,99" ten="185,330,190,295" oya="1" hai0="20,63,86,128,54,58,101,17,4,10,89,45,117" hai1="129,62,82,56,87,64,41,29,100,48,57,32,124" hai2="72,65,1,14,15,106,83,78,132,9,24,31,110" hai3="16,108,90,84,37,34,120,66,0,75,126,103,85"/><U104/><E124/><V134/><F110/><W131/><G34/><T60/><D128/><U42/><E129/><V88/><F65/><W21/><G0/><T105/><D117/><U113/><E113/><V46/><F46/><W35/><G35/><T30/><D30/><U70/><E41/><V73/><F73/><W122/><G75/><T79/><D79/><U77/><E42/><V69/><F69/><W109/><G37/><T107/><D45/><U26/><E48/><V93/><F1/><W61/><G131/><T6/><D63/><U12/><E12/><V130/><F130/><W43/><G43/><T121/><D121/><U96/><AGARI ba="0,0" hai="26,29,32,56,57,62,64,70,77,82,87,96,100,104" machi="96" ten="30,11700,0" yaku="0,1,25,2,52,1" doraHai="99" who="1" fromWho="1" sc="185,-39,330,117,190,-39,295,-39" /><INIT seed="5,1,0,2,5,119" ten="146,447,151,256" oya="1" hai0="87,133,125,30,42,27,9,63,70,19,121,81,17" hai1="24,38,96,93,64,84,120,56,123,94,26,35,13" hai2="111,89,92,102,15,109,3,11,50,60,68,49,100" hai3="86,67,132,28,114,4,88,21,75,34,118,83,25"/><U29/><E38/><V104/><F3/><W124/><G124/><T134/><D125/><U79/><E26/><V103/><F104/><W128/><G118/><T20/><D42/><U131/><E131/><V45/><F60/><W33/><G128/><T78/><D9/><U129/><E129/><V52/><F68/><W1/><G132/><N who="0" m="50795" /><D121/><U16/><E64/><AGARI ba="1,0" hai="17,19,20,27,30,63,64,70,78,81,87" m="50795" machi="64" ten="30,1000,0" yaku="20,1" doraHai="119" who="0" fromWho="1" sc="146,13,447,-13,151,0,256,0" /><INIT seed="6,0,0,1,4,90" ten="159,434,151,256" oya="2" hai0="33,121,54,80,56,87,1,3,18,109,72,76,45" hai1="43,51,8,130,115,2,35,94,82,96,62,53,117" hai2="86,17,66,44,61,110,101,10,25,63,58,40,59" hai3="39,131,26,104,27,73,125,64,71,48,124,13,95"/><V0/><F0/><W98/><G39/><T84/><D121/><U16/><E35/><V24/><F110/><W92/><G73/><T112/><D109/><U122/><E122/><V97/><F86/><W68/><G48/><T41/><D33/><U107/><E107/><V5/><F5/><W6/><G13/><T55/><D112/><U134/><E117/><V12/><F44/><W37/><G6/><T113/><D113/><U93/><E115/><V91/><F91/><W135/><G37/><T103/><D103/><U127/><E127/><N who="3" m="48714" /><G131/><T106/><D106/><U108/><E130/><V36/><F40/><W116/><G135/><T22/><D3/><U100/><E134/><V9/><F9/><W47/><G47/><T67/><D1/><U111/><E43/><V7/><F7/><W81/><G81/><N who="0" m="47143" /><D72/><U99/><E82/><V128/><F128/><W133/><G133/><T28/><D45/><U85/><E62/><V105/><REACH who="2" step="1"/><F36/><REACH who="2" step="2"/><W88/><G116/><T123/><D41/><U132/><E132/><V78/><F78/><W118/><G118/><T50/><D123/><U70/><E85/><V29/><F29/><W60/><G71/><T38/><D28/><U15/><E70/><V19/><F19/><W89/><G104/><T23/><D38/><U65/><E2/><V52/><AGARI ba="0,1" hai="10,12,17,24,25,52,58,59,61,63,66,97,101,105" machi="52" ten="20,7800,0" yaku="1,1,0,1,7,1,54,1,53,0" doraHai="90" doraHaiUra="32" who="2" fromWho="2" sc="159,-26,434,-26,141,88,256,-26" /><INIT seed="6,1,0,0,2,59" ten="133,408,229,230" oya="2" hai0="36,73,8,37,12,72,43,56,121,48,107,133,126" hai1="62,64,99,82,53,116,91,123,110,132,54,45,41" hai2="108,10,25,114,52,28,105,125,16,9,117,84,65" hai3="11,26,18,1,113,67,83,27,23,60,86,71,57"/><V115/><F117/><W34/><G113/><N who="2" m="43017" /><F105/><W69/><G1/><T21/><D107/><U38/><E116/><V119/><F119/><W47/><G11/><T77/><D121/><U102/><E123/><V63/><F108/><W39/><G39/><T129/><D129/><U124/><E110/><V22/><F125/><W111/><G111/><T90/><D126/><U135/><E124/><V13/><F84/><W20/><G47/><T92/><D133/><N who="1" m="51275" /><E82/><V66/><F66/><W46/><G46/><T130/><D130/><U29/><E29/><V134/><F134/><W31/><REACH who="3" step="1"/><G34/><REACH who="3" step="2"/><T100/><D8/><U6/><E38/><V42/><F42/><W75/><G75/><T70/><D37/><U7/><E41/><V128/><F128/><W103/><G103/><T51/><D100/><U101/><E101/><V87/><F10/><W32/><G32/><T122/><D36/><U33/><E33/><V76/><F9/><W44/><G44/><N who="0" m="25631" /><D122/><U97/><E102/><V131/><F131/><W80/><G80/><T2/><D2/><U3/><E3/><V127/><F127/><W68/><G68/><T78/><D70/><U49/><E45/><V58/><F76/><AGARI ba="1,1" hai="18,20,23,26,27,31,57,60,67,69,71,76,83,86" machi="76" ten="30,3900,0" yaku="1,1,7,1,52,1,53,0" doraHai="59" doraHaiUra="50" who="3" fromWho="2" sc="133,0,408,0,229,-42,220,52" /><INIT seed="7,0,0,3,3,130" ten="133,408,187,272" oya="3" hai0="29,4,56,114,78,129,36,115,1,6,85,63,124" hai1="15,83,109,116,82,25,106,53,40,31,5,33,68" hai2="18,43,49,24,60,107,69,91,77,111,126,108,121" hai3="100,110,8,2,45,34,0,99,133,27,50,22,11"/><W113/><G99/><T84/><D36/><U71/><E106/><V66/><F107/><W127/><G50/><T17/><D56/><U39/><E109/><V3/><F3/><W74/><G45/><T81/><D63/><U42/><E39/><V128/><F128/><W95/><G95/><T117/><D129/><U51/><E68/><V57/><F77/><W62/><G100/><T76/><D29/><U134/><E71/><V94/><F126/><W90/><G62/><T75/><D1/><N who="3" m="617" /><G90/><T119/><D17/><U86/><E116/><N who="0" m="44617" /><D124/><U35/><E82/><V30/><F121/><W55/><G55/><T70/><D70/><U26/><E83/><V97/><F18/><N who="3" m="12759" /><G74/><T10/><D10/><N who="3" m="3625" /><G127/><T122/><D122/><U14/><E86/><N who="0" m="33385" /><D81/><U79/><E79/><N who="0" m="30249" /><D75/><U59/><E40/><V112/><F43/><W73/><G73/><T48/><D48/><U132/><E42/><V16/><F108/><W80/><G80/><T13/><D13/><U12/><E5/><V52/><F111/><W88/><G110/><T67/><D67/><U93/><E93/><V131/><F131/><W23/><G23/><T120/><D120/><U104/><E104/><V105/><F105/><W72/><G72/><T7/><D7/><U46/><E46/><V87/><F97/><W89/><G34/><T65/><D65/><U101/><E101/><V21/><REACH who="2" step="1"/><F30/><AGARI ba="0,0" hai="12,14,15,25,26,30,31,33,35,51,53,59,132,134" machi="30" ten="40,5200,0" yaku="9,1,52,2" doraHai="130" who="1" fromWho="2" sc="133,0,408,52,187,-52,272,0" owari="133,-37,460,56,135,-26,272,7" /></mjloggm>