<mjloggm ver="2.3"><GO type="97"/><UN n0="%E3%82%86%E3%81%8B%E3%81%A1%E3%83%BC" n1="%E3%82%A6%E3%83%AB%E3%83%88%E3%83%A9%E7%AB%8B%E7%9B%B4" n2="%6B%35%68" n3="%E5%88%9D%E7%AD%89%E9%81%8A%E6%B0%91" dan="15,13,13,15" rate="1967,1818,1855,1998" sx="F,M,M,M"/><TAIKYOKU oya="0"/><INIT seed="0,0,0,3,2,50" ten="250,250,250,250" oya="0" hai0="94,45,72,13,92,90,109,35,130,23,98,55,71" hai1="69,59,20,54,114,87,5,105,37,8,88,127,46" hai2="4,11,58,133,97,49,52,51,39,36,6,0,76" hai3="99,28,53,33,125,115,91,73,10,119,61,108,107" shuffle="mt19937ar,947648D4,5C8D769C,1937DA8E,80DF94A2,FAA6CFCA,FFF4AAD0,C3153F61,810B3F54"/><T42/><D130/><U47/><E105/><V75/><F6/><W14/><G73/><T116/><D35/><U102/><E69/><V7/><F7/><W32/><G115/><T27/><D116/><U113/><E102/><V57/><F133/><W117/><G108/><T79/><D71/><U63/><E127/><V38/><F97/><W3/><G3/><T96/><D13/><U34/><E34/><V101/><F101/><W104/><G125/><T26/><D109/><U135/><E135/><V93/><F93/><W64/><G64/><T86/><D72/><U85/><E85/><V25/><F25/><W18/><G107/><T9/><D9/><U80/><E20/><V67/><F67/><W81/><G33/><T17/><D27/><U121/><E121/><V78/><F75/><W106/><G106/><T56/><D79/><U123/><E123/><V100/><F100/><W124/><G124/><T60/><REACH who="0" step="1"/><D94/><REACH who="0" step="2"/><U83/><E83/><V2/><F2/><W89/><G32/><T29/><D29/><U12/><E37/><AGARI ba="0,1" hai="17,23,26,37,42,45,55,56,60,86,90,92,96,98" machi="37" ten="30,11600,0" yaku="1,1,7,1,52,1,53,1" doraHai="50" doraHaiUra="48" who="0" fromWho="1" sc="240,126,250,-116,250,0,250,0" /><INIT seed="0,1,0,3,0,126" ten="366,134,250,250" oya="0" hai0="131,81,19,104,58,96,10,122,38,53,21,118,101" hai1="120,51,80,67,34,75,98,89,95,27,123,45,69" hai2="82,41,133,73,9,72,26,132,105,102,87,50,48" hai3="92,13,63,77,8,42,2,134,107,12,100,55,119" shuffle="mt19937ar,395B022E,293C94E7,C252BBCF,7A0B9FCE,4C506809,DB2C95B0,70053227,985317C9"/><T18/><D118/><U47/><E67/><V71/><F71/><W125/><G119/><T14/><D38/><U128/><E69/><V65/><F26/><W116/><G107/><T57/><D122/><U59/><E59/><V94/><F9/><W61/><G2/><T0/><D81/><U130/><E34/><V35/><F65/><W39/><G77/><T108/><D108/><U99/><E27/><V43/><F35/><W97/><G116/><T117/><D117/><U109/><E51/><V4/><F4/><W31/><G31/><T111/><D111/><U66/><E66/><V86/><F105/><W79/><G79/><T3/><D58/><U88/><E109/><V93/><F82/><W1/><G1/><T114/><D114/><U112/><E112/><V90/><REACH who="2" step="1"/><F102/><REACH who="2" step="2"/><N who="3" m="60711" /><G8/><T78/><D3/><U76/><E47/><V74/><F74/><W85/><G100/><T6/><D18/><U68/><E45/><V84/><F84/><W115/><G85/><T40/><D101/><U54/><E68/><V49/><F49/><W16/><G115/><T11/><D104/><U62/><E62/><V29/><F29/><W25/><G63/><T17/><D10/><U83/><E54/><V113/><F113/><W127/><G55/><T5/><D0/><U7/><E7/><V22/><F22/><W20/><G61/><T60/><D6/><U32/><E32/><V23/><F23/><W46/><G20/><T121/><D21/><U135/><E135/><V64/><F64/><W24/><G134/><T91/><D11/><U103/><E83/><V36/><F36/><RYUUKYOKU ba="1,1" sc="366,-10,134,-10,240,30,250,-10" hai2="41,43,48,50,72,73,86,87,90,93,94,132,133" /><INIT seed="1,2,1,2,3,114" ten="356,124,270,240" oya="1" hai0="26,43,99,68,52,120,50,118,106,83,41,93,107" hai1="101,123,70,67,76,95,64,111,8,75,46,71,30" hai2="130,24,51,40,78,121,135,63,38,56,97,110,47" hai3="77,55,124,122,61,5,32,57,27,7,89,23,81" shuffle="mt19937ar,7EA4C5AA,6D65904F,2943F4AC,8B5C75A7,62707A69,19BEE809,9932B225,5E2C22B0"/><U129/><E30/><V25/><F78/><W62/><G122/><T17/><D120/><U14/><E123/><V29/><F121/><W105/><G105/><T131/><D68/><U37/><E129/><V3/><F130/><W69/><G32/><T13/><D26/><U20/><E20/><V10/><F110/><W82/><G124/><T90/><D118/><U73/><E111/><V119/><F135/><W28/><G69/><T0/><D0/><U102/><E76/><V33/><F25/><W125/><G125/><T109/><D109/><U108/><E108/><V31/><F31/><W134/><G134/><T103/><D107/><U42/><E70/><V104/><F38/><W128/><G128/><T80/><D80/><U116/><E116/><V11/><F3/><W15/><G15/><T9/><D131/><U88/><E73/><V117/><F10/><W133/><G133/><T74/><D74/><U19/><E75/><V1/><F1/><W66/><G66/><T112/><D112/><U45/><E45/><V58/><F11/><W48/><G89/><T44/><D106/><U96/><REACH who="1" step="1"/><E67/><REACH who="1" step="2"/><V34/><F34/><N who="3" m="20767" /><G77/><T6/><D44/><U126/><E126/><V79/><F79/><W22/><G22/><T98/><D9/><U59/><E59/><V53/><REACH who="2" step="1"/><F56/><REACH who="2" step="2"/><W65/><G57/><T87/><D6/><U35/><E35/><V72/><F72/><W85/><G5/><T92/><D17/><U94/><E94/><V91/><F91/><W16/><G7/><T113/><D113/><U86/><E86/><V21/><F21/><W2/><G23/><RYUUKYOKU ba="2,3" sc="356,-15,114,15,260,15,240,-15" hai1="8,14,19,37,42,46,64,71,88,95,96,101,102" hai2="24,29,33,40,47,51,53,58,63,97,104,117,119" /><INIT seed="1,3,3,0,4,73" ten="341,129,275,225" oya="1" hai0="111,70,103,5,94,129,106,9,51,31,96,38,29" hai1="133,18,49,12,117,0,108,124,135,41,56,83,97" hai2="126,87,84,54,102,48,82,7,119,46,86,81,42" hai3="100,127,30,99,122,6,131,75,8,69,98,50,109" shuffle="mt19937ar,B87EF167,47A6920C,8081B620,4036B27D,424CE59A,6BE9BCCD,A11D0DFD,AF5AE40F"/><U25/><E0/><V93/><F7/><W62/><G122/><T128/><D38/><U43/><E117/><V21/><F119/><W132/><G132/><N who="1" m="50762" /><E124/><V26/><F126/><W20/><G127/><T116/><D111/><U92/><E108/><V28/><F42/><W34/><G109/><T52/><D70/><U63/><E25/><V115/><F115/><W36/><G36/><T120/><D106/><U101/><E83/><N who="2" m="31755" /><F102/><W91/><G91/><AGARI ba="3,3" hai="21,26,28,46,48,54,84,86,87,91,93" m="31755" machi="91" ten="30,1000,0" yaku="8,1" doraHai="73" who="2" fromWho="3" sc="341,0,129,0,275,49,225,-19" /><INIT seed="2,0,0,4,2,10" ten="341,129,324,206" oya="2" hai0="35,44,124,109,20,126,101,57,59,22,34,45,86" hai1="3,47,110,63,53,91,23,69,8,5,33,88,7" hai2="93,49,123,46,105,133,118,24,82,37,67,48,41" hai3="40,92,78,21,38,50,6,19,0,98,11,96,113" shuffle="mt19937ar,74717C59,47C0D8D2,9315A313,B9FAD741,6BEF8ED4,4CFDFBFA,5C0AADFB,55B07160"/><V132/><F105/><W75/><G113/><T97/><D109/><U120/><E33/><N who="0" m="12297" /><D86/><U28/><E120/><V2/><F123/><W16/><G50/><T135/><D135/><N who="2" m="51786" /><F118/><W12/><G19/><T121/><D121/><U102/><E110/><V51/><F2/><W32/><G32/><T114/><D114/><U81/><E102/><V100/><F82/><N who="3" m="45407" /><G92/><T25/><D22/><U79/><E7/><V83/><F83/><W76/><G76/><T74/><D74/><U94/><E69/><V117/><F24/><W36/><G38/><T4/><D4/><U89/><E63/><V43/><F100/><W122/><G122/><T107/><D25/><U99/><E53/><V30/><F30/><W112/><G112/><T90/><D20/><U64/><E64/><V131/><F93/><W80/><G80/><T111/><D90/><U116/><E116/><V108/><F117/><W84/><G84/><T134/><D111/><U95/><E47/><AGARI ba="0,0" hai="0,6,11,12,16,21,36,40,47,96,98" m="45407" machi="47" ten="30,3900,0" yaku="25,1,52,1,54,1" doraHai="10" who="3" fromWho="1" sc="341,0,129,-39,324,0,206,39" /><INIT seed="3,0,0,0,4,56" ten="341,90,324,245" oya="3" hai0="60,42,112,88,8,128,86,129,123,73,101,110,94" hai1="71,102,125,117,26,25,130,76,63,45,34,2,69" hai2="99,9,33,4,115,75,111,133,126,122,116,78,67" hai3="51,7,57,83,14,80,134,118,79,89,41,120,77" shuffle="mt19937ar,FA621495,53E44405,8480F30E,2259B72F,41D3A61C,EF7FB9DE,9F9BC384,67F842DA"/><W18/><G120/><T82/><D73/><U5/><E26/><V53/><F33/><W35/><G118/><T62/><D110/><U127/><E76/><V32/><F116/><W1/><G35/><T97/><D123/><U135/><E117/><V59/><F122/><W64/><G134/><T119/><D119/><U108/><E45/><V105/><F32/><W15/><G1/><T70/><D112/><U87/><E87/><V55/><F115/><W3/><G3/><T24/><D70/><U48/><E48/><V95/><F105/><W68/><G68/><T106/><D42/><U65/><E71/><V84/><F75/><W100/><G100/><T44/><D44/><U132/><E108/><V61/><F133/><N who="1" m="51273" /><E102/><V22/><F111/><W12/><G7/><T124/><D24/><U16/><E5/><V114/><F114/><W96/><G18/><T10/><D106/><U109/><E2/><V92/><F126/><N who="1" m="48137" /><E109/><V72/><F72/><W31/><G31/><T21/><D124/><U131/><E16/><V28/><F28/><AGARI ba="0,0" hai="25,28,34,63,65,69,130,131" m="48137,51273" machi="28" ten="40,12000,2" yaku="30,2,20,1,18,1,23,1,52,1" doraHai="56" who="1" fromWho="2" sc="341,0,90,120,324,-120,245,0" owari="341,34,210,-14,204,-20,245,0" /></mjloggm>