<mjloggm ver="2.3"><GO type="193"/><UN n0="%E3%82%A6%E3%83%AB%E3%83%88%E3%83%A9%E7%AB%8B%E7%9B%B4" n1="%47%69%4E%47%45%52%35" n2="%6D%69%6B%61%6E%6B%65" n3="%EF%BC%AE%EF%BC%AB%EF%BC%A4" dan="12,11,12,12" rate="1789,1582,1633,1678" sx="M,M,M,M"/><TAIKYOKU oya="0"/><INIT seed="0,0,0,3,1,95" ten="250,250,250,250" oya="0" hai0="92,87,102,35,33,114,76,17,42,96,51,60,77" hai1="8,127,47,5,111,53,2,39,104,84,11,64,68" hai2="125,119,13,98,32,1,61,72,117,75,110,57,85" hai3="4,113,3,131,14,65,108,20,67,118,40,130,78" shuffle="mt19937ar,BEED95BD,8CCE36A5,EBAE9504,46F66C1D,08326AA0,BA68673C,9E36DAFE,8E2426AB"/><T29/><D114/><U82/><E127/><V24/><F1/><W16/><G113/><T109/><D109/><U48/><E111/><V97/><F110/><W132/><G108/><T55/><D42/><U135/><E135/><V18/><F125/><W30/><G40/><T129/><D60/><U21/><E104/><V12/><F85/><W58/><G78/><T49/><D129/><N who="3" m="49161" /><G67/><T54/><D29/><U79/><E21/><V122/><F122/><W7/><G65/><T70/><D70/><U28/><E28/><V134/><F134/><W25/><G58/><T27/><D35/><U99/><E99/><N who="2" m="37899" /><F32/><N who="3" m="20559" /><G132/><T63/><D33/><U41/><E11/><N who="2" m="6431" /><F24/><W23/><G118/><N who="2" m="45065" /><F13/><W26/><G3/><T93/><D27/><U71/><E64/><AGARI ba="0,0" hai="57,61,64,72,75" m="45065,6431,37899" machi="64" ten="30,7700,0" yaku="12,1,52,3" doraHai="95" who="2" fromWho="1" sc="250,0,250,-77,250,77,250,0" /><INIT seed="1,0,0,2,5,70" ten="250,173,327,250" oya="1" hai0="102,29,16,64,44,95,59,73,35,109,112,123,49" hai1="89,69,94,30,88,42,106,127,27,13,82,128,135" hai2="129,130,118,116,60,17,40,37,68,34,91,26,2" hai3="86,10,53,78,117,110,81,20,28,97,50,134,76" shuffle="mt19937ar,1735A9D7,D5888F50,87A29D14,6E3E8580,05EF13FA,83CB2DBF,03D515FF,695207B4"/><U75/><E106/><V58/><F2/><W21/><G110/><T111/><D73/><U121/><E69/><V119/><F34/><W113/><G113/><T5/><D5/><U100/><E121/><V19/><F91/><W56/><G134/><T77/><D77/><U43/><E135/><V55/><F26/><W124/><G124/><T9/><D29/><U71/><E71/><V33/><F33/><W104/><G117/><T45/><D35/><U0/><E0/><V74/><F74/><W52/><G10/><T31/><D31/><U18/><E127/><V54/><F19/><W84/><G104/><T36/><D36/><U93/><E128/><N who="2" m="49259" /><F17/><W15/><G97/><N who="0" m="59711" /><D112/><U23/><E100/><V66/><F68/><W132/><G132/><T57/><D64/><U24/><E75/><V4/><F4/><W11/><G28/><T83/><D83/><U8/><E82/><V72/><F72/><W14/><G81/><T63/><D63/><U98/><REACH who="1" step="1"/><E27/><REACH who="1" step="2"/><V46/><AGARI ba="0,1" hai="37,40,46,54,55,58,60,66,116,118,119" m="49259" machi="46" ten="40,8000,1" yaku="19,1,34,2,52,1" doraHai="70" who="2" fromWho="2" sc="250,-20,163,-40,327,90,250,-20" /><INIT seed="2,0,0,3,5,58" ten="230,123,417,230" oya="2" hai0="65,11,119,39,27,92,4,100,135,85,71,14,21" hai1="24,84,33,74,131,115,120,79,20,31,50,54,57" hai2="62,36,59,108,18,127,105,117,46,87,38,106,0" hai3="77,19,23,94,114,110,132,125,68,35,42,9,56" shuffle="mt19937ar,3258C4C1,88A4A8EF,805D20D9,DBF54E83,10E02D06,000CAEEF,1B36E3E1,B74E89FA"/><V101/><F117/><W51/><G35/><T25/><D39/><U113/><E115/><V124/><F0/><W43/><G68/><T81/><D119/><U15/><E113/><V82/><F108/><W40/><G114/><T130/><D130/><U64/><E131/><V44/><F101/><W55/><G110/><T70/><D135/><U48/><E120/><V47/><F18/><W123/><G132/><T29/><D27/><U6/><E74/><V118/><F118/><W75/><G125/><N who="2" m="48201" /><F87/><W61/><G123/><T96/><REACH who="0" step="1"/><D65/><REACH who="0" step="2"/><U90/><E33/><V8/><F38/><W89/><G75/><T16/><D16/><N who="1" m="10271" /><E79/><AGARI ba="0,1" hai="4,11,14,21,25,29,70,71,79,81,85,92,96,100" machi="79" ten="30,3900,0" yaku="1,1,7,1,53,1" doraHai="58" doraHaiUra="5" who="0" fromWho="1" sc="220,49,123,-39,417,0,230,0" /><INIT seed="3,0,0,2,5,99" ten="269,84,417,230" oya="3" hai0="64,76,92,119,129,77,35,105,50,62,75,52,38" hai1="102,32,89,82,117,18,11,43,127,21,69,48,37" hai2="34,28,132,84,61,44,95,103,23,15,116,90,45" hai3="53,67,6,86,58,111,104,118,31,114,33,55,98" shuffle="mt19937ar,90FFA9AF,3551A744,B5F4BAAD,B43DEA12,23DF7A90,2523C2C0,3E5F5E9E,F069A31D"/><W12/><G114/><T17/><D38/><U94/><E69/><V4/><F116/><W81/><G118/><T3/><D105/><U74/><E117/><V91/><F34/><W100/><G33/><T10/><D35/><U123/><E127/><V49/><F132/><W30/><G111/><T47/><D119/><U93/><E123/><V66/><F103/><W20/><G67/><T2/><D129/><U0/><E32/><V27/><F4/><W14/><G14/><T39/><D39/><U59/><E102/><V79/><F49/><W96/><G96/><T54/><D54/><U56/><E48/><V124/><F15/><W63/><G55/><T78/><D75/><U87/><E74/><V110/><F79/><W97/><G97/><T42/><D47/><U80/><E0/><V24/><F110/><W60/><G60/><T121/><D42/><U73/><E73/><V8/><F27/><W7/><G7/><T120/><D17/><U22/><E11/><V101/><F8/><W57/><G57/><N who="0" m="32919" /><D92/><U130/><E130/><V133/><F133/><W88/><REACH who="3" step="1"/><G20/><REACH who="3" step="2"/><T51/><D121/><U1/><E1/><V19/><F61/><W131/><G131/><T106/><D120/><U83/><E37/><V135/><F66/><W107/><G107/><T46/><D106/><U26/><E43/><V125/><F135/><W36/><G36/><T72/><D10/><AGARI ba="0,1" hai="6,10,12,30,31,53,58,63,81,86,88,98,100,104" machi="10" ten="40,7700,0" yaku="1,1,52,1,54,1,53,0" doraHai="99" doraHaiUra="109" who="3" fromWho="0" sc="269,-77,84,0,417,0,220,87" /><INIT seed="3,1,0,1,0,117" ten="192,84,417,307" oya="3" hai0="61,36,98,124,102,24,42,90,92,60,131,81,85" hai1="84,54,121,129,35,125,21,18,123,28,20,22,104" hai2="105,68,13,58,26,19,109,55,41,120,79,59,93" hai3="2,69,114,86,27,77,122,134,119,16,38,116,106" shuffle="mt19937ar,8AFDE1B5,1D42800D,1127477A,A32F3193,05E2F583,D59829E6,ED8EF183,299E8B3A"/><W101/><G38/><T7/><D124/><U70/><E104/><V11/><F109/><W43/><G69/><T88/><D131/><U4/><E70/><V64/><F105/><W74/><G2/><T40/><D7/><U46/><E84/><V112/><F41/><N who="0" m="15978" /><D36/><U5/><E54/><V45/><F112/><W37/><G114/><T72/><D72/><U39/><E39/><V51/><F68/><W62/><G62/><N who="0" m="24171" /><D24/><N who="1" m="18823" /><E46/><V48/><F120/><N who="1" m="46153" /><E129/><V66/><F79/><AGARI ba="1,0" hai="79,81,85,88,90,92,98,102" m="24171,15978" machi="79" ten="30,2000,0" yaku="8,1,54,1" doraHai="117" who="0" fromWho="2" sc="192,23,84,0,417,-23,307,0" owari="215,-13,84,-32,394,39,307,6" /></mjloggm>