<mjloggm ver="2.3"><GO type="41"/><UN n0="%E3%82%A6%E3%83%AB%E3%83%88%E3%83%A9%E7%AB%8B%E7%9B%B4" n1="%E3%81%BC%E3%81%9F%E3%82%93%E3%81%88%E3%81%B3" n2="%E3%81%AA%E3%82%93%E3%81%A0%E3%82%88%E4%B8%AD%E5%B3%B6%EF%BD%9E" n3="%E3%82%A2%E3%83%AB%E3%82%BF%E3%83%AB%E3%83%95" dan="13,13,15,15" rate="1861,1848,1947,1951" sx="M,M,F,F"/><TAIKYOKU oya="0"/><INIT seed="0,0,0,1,2,120" ten="250,250,250,250" oya="0" hai0="43,86,46,95,13,20,37,80,91,72,122,0,110" hai1="101,2,108,131,70,61,44,25,77,96,45,76,18" hai2="36,66,58,92,35,78,125,93,74,8,115,51,7" hai3="59,56,41,103,90,109,54,121,42,27,97,133,85" shuffle="mt19937ar,A645A289,CF6558FA,27D79797,E1BCD21B,55C676A6,875135EE,FF685A5A,F8B32E52"/><T127/><D122/><U102/><E2/><V39/><F35/><W17/><G121/><T9/><D127/><U112/><E112/><V135/><F125/><W28/><G17/><T69/><D69/><U26/><E131/><V104/><F104/><W48/><G133/><T22/><D22/><U79/><E18/><V19/><F19/><W119/><G119/><T62/><D62/><U88/><E70/><V10/><F135/><W14/><G14/><T130/><D20/><U49/><E61/><V89/><F78/><W99/><G56/><T111/><D130/><U6/><E6/><V100/><F74/><W57/><G57/><T64/><D64/><U31/><E31/><V12/><F100/><W63/><G63/><T82/><D13/><U106/><E101/><V11/><F93/><W84/><G41/><T71/><D71/><U55/><E45/><V38/><F115/><W73/><G42/><T87/><D87/><U117/><E117/><V4/><F66/><W33/><G73/><T128/><D128/><U107/><E107/><V114/><F114/><W116/><G84/><T129/><D129/><U34/><E34/><V53/><REACH who="2" step="1"/><F12/><REACH who="2" step="2"/><W32/><G32/><T81/><REACH who="0" step="1"/><D72/><REACH who="0" step="2"/><U21/><E106/><V30/><F30/><W68/><G28/><T124/><D124/><U118/><E118/><V29/><F29/><W83/><G33/><T23/><D23/><U126/><E21/><V24/><F24/><W98/><G116/><T134/><D134/><U5/><E126/><V67/><F67/><W3/><G27/><T47/><D47/><U52/><E26/><RYUUKYOKU ba="0,2" sc="240,15,250,-15,240,15,250,-15" hai0="0,9,37,43,46,80,81,82,86,91,95,110,111" hai2="4,7,8,10,11,36,38,39,51,53,58,89,92" /><INIT seed="0,1,2,4,2,56" ten="255,235,255,235" oya="0" hai0="31,74,67,85,79,124,134,12,21,110,71,24,46" hai1="25,7,22,14,50,65,37,105,10,33,118,58,39" hai2="29,5,53,117,16,0,32,45,101,133,119,55,18" hai3="98,88,35,23,107,64,94,108,112,76,8,2,93" shuffle="mt19937ar,900843EA,638B70D8,CD2BCA02,C7E0D7AC,C1280E5D,769CFBE5,BC6AB86F,D64C7941"/><T80/><D124/><U109/><E105/><V26/><F101/><W132/><G35/><T86/><D134/><U59/><E118/><N who="2" m="45067" /><F133/><W116/><G116/><T82/><D110/><U77/><E33/><V90/><F90/><W60/><G108/><T95/><D95/><U9/><E109/><V47/><F5/><W28/><G112/><T128/><D128/><U40/><E77/><V122/><F0/><W49/><G76/><T54/><D71/><U41/><E39/><V102/><F102/><W66/><G107/><T89/><D67/><U96/><E37/><V73/><F73/><W115/><G115/><T27/><D74/><U111/><E96/><V92/><F92/><W11/><G64/><T61/><D27/><U83/><E83/><V42/><F122/><W34/><G34/><T62/><D12/><U43/><E111/><V48/><F55/><W125/><G125/><T121/><D121/><U131/><E131/><V4/><F4/><W130/><G130/><T69/><D69/><U127/><E127/><V6/><F6/><W120/><G120/><T1/><D1/><U36/><E10/><V114/><F114/><W20/><G94/><T72/><D72/><U17/><E36/><AGARI ba="1,2" hai="16,18,26,29,32,36,42,45,47,48,53" m="45067" machi="36" ten="30,2000,0" yaku="12,1,54,1" doraHai="56" who="2" fromWho="1" sc="255,0,235,-23,255,43,235,0" /><INIT seed="1,0,0,2,5,125" ten="255,212,298,235" oya="1" hai0="5,90,0,12,34,121,134,101,88,32,100,114,38" hai1="62,51,58,112,129,11,76,109,54,108,53,6,70" hai2="85,123,135,23,60,30,113,20,1,7,78,27,39" hai3="84,57,79,122,14,111,96,124,28,81,50,95,83" shuffle="mt19937ar,9960CB5B,BBC96F59,8AC90593,3F1315F2,78DFA82B,16841786,6C124AB2,0EB37139"/><U13/><E112/><V116/><F39/><W52/><G124/><T19/><D38/><U17/><E76/><V86/><F60/><W59/><G122/><T120/><D19/><U26/><E70/><V55/><F123/><W72/><G28/><T10/><D12/><U9/><E26/><V92/><F113/><W80/><G111/><N who="1" m="42570" /><E129/><V103/><F55/><W107/><G59/><T29/><D114/><U91/><E91/><V66/><F66/><W18/><G107/><T99/><D134/><U105/><E105/><V127/><F135/><W82/><G72/><T133/><D133/><U69/><E69/><V40/><F78/><W71/><G71/><T77/><D77/><U106/><E106/><V74/><F74/><W24/><G24/><T56/><D29/><U47/><E6/><V61/><F30/><W89/><REACH who="3" step="1"/><G81/><REACH who="3" step="2"/><T115/><D115/><U130/><E130/><V45/><F27/><W8/><AGARI ba="0,1" hai="8,14,18,50,52,57,79,80,82,83,84,89,95,96" machi="8" ten="20,12000,2" yaku="1,1,2,1,0,1,7,1,8,1,54,1,53,0" doraHai="125" doraHaiUra="131" who="3" fromWho="3" sc="255,-30,212,-60,298,-30,225,130" /><INIT seed="2,0,0,1,1,50" ten="225,152,268,355" oya="2" hai0="133,17,22,0,48,58,46,66,44,80,123,75,89" hai1="31,60,33,9,97,52,117,122,113,24,69,20,27" hai2="16,76,12,35,51,71,83,99,92,14,105,39,29" hai3="4,93,43,61,135,8,56,77,81,96,3,109,106" shuffle="mt19937ar,6A89707C,74495320,63201948,F721D1B2,188B13B0,F66BEB9F,8F1B7A3D,025029F9"/><V67/><F39/><W120/><G120/><T103/><D0/><U98/><E113/><V25/><F105/><W125/><G106/><T59/><D123/><U37/><E122/><V131/><F131/><W111/><G135/><T41/><D103/><U132/><E37/><V47/><F14/><W91/><G43/><T40/><D75/><U19/><E117/><V15/><F15/><W112/><G112/><T72/><D72/><U55/><E132/><V116/><F116/><W64/><G125/><T63/><D133/><U87/><E9/><V134/><F134/><W11/><G11/><T78/><D78/><U38/><E38/><V129/><F129/><W107/><G107/><T124/><D124/><U74/><E74/><V70/><F67/><W68/><G68/><T118/><D118/><U95/><E69/><V21/><F83/><W121/><G121/><T85/><D46/><U32/><E32/><V42/><REACH who="2" step="1"/><F76/><REACH who="2" step="2"/><W88/><G77/><T54/><REACH who="0" step="1"/><D44/><REACH who="0" step="2"/><U23/><E33/><V108/><F108/><W86/><AGARI ba="0,2" hai="3,4,8,56,61,64,81,86,88,91,93,96,109,111" machi="86" ten="30,2000,0" yaku="0,1,54,1" doraHai="50" who="3" fromWho="3" sc="215,-5,152,-5,258,-10,355,40" /><INIT seed="3,0,0,5,3,12" ten="210,147,248,395" oya="3" hai0="6,53,106,122,65,47,123,71,88,79,29,114,55" hai1="24,16,91,11,131,26,19,7,82,72,125,17,14" hai2="102,48,111,1,66,43,40,57,35,59,101,64,46" hai3="69,23,130,133,8,127,54,60,27,84,41,28,49" shuffle="mt19937ar,6A711825,49C196F2,6A2DCDE8,9437AF9B,23561A9C,F50ADBE8,83548B54,923D7988"/><W51/><G133/><T36/><D29/><U2/><E72/><V18/><F35/><W113/><G113/><T75/><D6/><U78/><E78/><V129/><F1/><W115/><G115/><T121/><D79/><U120/><E120/><V128/><F111/><W38/><G127/><T93/><D106/><U50/><E125/><V110/><F110/><W31/><G38/><T116/><D75/><U100/><E100/><V108/><F108/><W68/><G8/><T109/><D114/><U32/><E131/><V135/><F48/><W63/><G130/><T105/><D105/><U126/><E126/><V39/><F46/><W61/><G84/><T94/><D109/><U9/><E50/><V25/><F25/><N who="1" m="9833" /><E91/><V20/><F20/><W86/><G86/><T117/><D88/><U70/><E82/><V67/><F67/><W95/><G95/><T85/><D85/><U15/><E70/><V5/><F5/><W56/><G68/><T103/><D103/><U89/><E89/><V58/><F58/><W42/><G69/><T21/><D93/><U92/><E92/><V34/><F34/><W132/><G132/><T87/><D94/><U22/><E32/><V107/><F135/><W81/><G81/><T10/><D87/><U44/><E44/><V98/><F107/><W118/><G49/><T134/><D134/><U76/><E76/><V62/><F39/><W90/><G90/><T104/><D121/><U0/><E0/><V13/><F129/><W4/><G4/><AGARI ba="0,0" hai="2,4,7,9,11,14,15,16,17,19,22" m="9833" machi="4" ten="30,16000,3" yaku="35,5,52,3,54,1" doraHai="12" who="1" fromWho="3" sc="210,0,147,160,248,0,395,-160" /><INIT seed="4,0,0,5,0,92" ten="210,307,248,235" oya="0" hai0="61,1,51,38,19,7,96,56,79,74,71,5,100" hai1="87,115,50,43,12,104,95,108,106,135,82,91,65" hai2="132,123,129,64,25,39,44,93,69,89,86,9,8" hai3="55,16,41,133,119,53,105,103,60,76,98,21,26" shuffle="mt19937ar,86A13839,76C0BB05,47BCB9F6,C3249C8B,4DF66EB6,6DBD9303,D7934BF4,31484855"/><T31/><D38/><U126/><E108/><V35/><F123/><W121/><G121/><T111/><D111/><U54/><E43/><V101/><F132/><W78/><G133/><T128/><D128/><U85/><E65/><V17/><F129/><W28/><G119/><T30/><D71/><U125/><E135/><V47/><F101/><W27/><G41/><T70/><D70/><U42/><E42/><V127/><F127/><N who="1" m="48649" /><E12/><V58/><F69/><W122/><G122/><T63/><D1/><U97/><E115/><V102/><F102/><W94/><G105/><N who="1" m="40554" /><E50/><V46/><F39/><W3/><G3/><T15/><D51/><U75/><E54/><V124/><F124/><W13/><G27/><T118/><D56/><U59/><E59/><V0/><F0/><W40/><G40/><T66/><D66/><U114/><E114/><V20/><REACH who="2" step="1"/><F35/><REACH who="2" step="2"/><W48/><G60/><AGARI ba="0,1" hai="8,9,17,20,25,44,46,47,58,60,64,86,89,93" machi="60" ten="40,5200,0" yaku="1,1,2,1,8,1,53,0" doraHai="92" doraHaiUra="2" who="2" fromWho="3" sc="210,0,307,0,238,62,235,-52" /><INIT seed="5,0,0,5,4,28" ten="210,307,300,183" oya="1" hai0="133,65,20,31,88,74,66,100,11,61,104,68,60" hai1="110,86,49,108,70,98,47,120,101,118,125,40,46" hai2="57,127,114,50,2,19,82,64,56,99,87,109,38" hai3="126,75,42,121,85,84,29,59,10,6,94,0,107" shuffle="mt19937ar,3E51F04B,DBA98966,7B29C97A,D0D92659,AFE98F1B,E15FD83F,8D57568E,D103576D"/><U81/><E70/><V131/><F38/><W55/><G121/><T52/><D74/><U113/><E120/><V9/><F109/><N who="1" m="42089" /><E118/><V79/><F131/><W128/><G128/><T135/><D104/><N who="1" m="63543" /><E47/><V124/><F99/><W95/><G107/><T117/><D100/><U112/><E125/><N who="2" m="48203" /><F64/><W18/><G126/><T80/><D117/><U36/><E36/><V105/><F105/><W132/><G75/><T48/><D11/><U119/><E119/><V97/><F97/><W93/><G132/><N who="0" m="50763" /><D20/><U78/><AGARI ba="0,0" hai="40,46,49,78,81,86,112,113" m="63543,42089" machi="78" ten="30,1500,0" yaku="10,1" doraHai="28" who="1" fromWho="1" sc="210,-5,307,15,300,-5,183,-5" /><INIT seed="5,1,0,4,0,9" ten="205,322,295,178" oya="1" hai0="69,94,133,116,122,61,91,31,40,97,25,117,36" hai1="88,46,60,22,39,70,44,15,6,81,2,48,3" hai2="82,129,118,58,29,120,21,7,109,101,42,51,5" hai3="62,83,52,30,92,24,93,108,84,89,53,90,87" shuffle="mt19937ar,CA60429B,984DEB01,80175A5C,05D50933,487E556D,EBC0E42C,6CC1B9DF,2469897D"/><U72/><E72/><V18/><F120/><W86/><G108/><T95/><D122/><U112/><E39/><V113/><F109/><W49/><G62/><T45/><D133/><U13/><E112/><V115/><F118/><W50/><G53/><T132/><D132/><U71/><E3/><V123/><F123/><W12/><G49/><T124/><D124/><U68/><E60/><V128/><F29/><W47/><G12/><T16/><D95/><U77/><E77/><V74/><F101/><W106/><G106/><T57/><D69/><U67/><E67/><V34/><F34/><W27/><REACH who="3" step="1"/><G30/><REACH who="3" step="2"/><T76/><D116/><U121/><E48/><V41/><F51/><W10/><G10/><T114/><D117/><U14/><E121/><V96/><F42/><W0/><G0/><T111/><D111/><U35/><E15/><N who="2" m="9439" /><F41/><W125/><G125/><T55/><D114/><N who="2" m="43530" /><F58/><W26/><G26/><T56/><D56/><U32/><E68/><V73/><F96/><W134/><G134/><T75/><D31/><U33/><E70/><V17/><F17/><W126/><G126/><T20/><D75/><N who="2" m="28682" /><F82/><W38/><G38/><T1/><D1/><U63/><E71/><V100/><F100/><W43/><G43/><T66/><D66/><U107/><E81/><V64/><F64/><W102/><G102/><T130/><D76/><AGARI ba="1,1" hai="24,27,47,50,52,76,83,84,86,87,89,90,92,93" machi="76" ten="30,8000,1" yaku="1,1,7,1,9,1,8,1,54,1,53,0" doraHai="9" doraHaiUra="119" who="3" fromWho="0" sc="205,-83,322,0,295,0,168,93" /><INIT seed="6,0,0,3,3,128" ten="122,322,295,261" oya="2" hai0="63,12,55,73,44,97,33,87,2,124,70,30,42" hai1="5,41,83,77,59,122,132,27,81,131,116,6,43" hai2="3,105,57,100,85,48,101,89,26,13,20,40,82" hai3="65,11,19,61,84,102,99,127,109,93,64,16,72" shuffle="mt19937ar,FC675221,681505C1,48A3E895,323A1DC3,84F4C3E8,1490AED6,B1F55620,83C3DDA6"/><V39/><F3/><W125/><G109/><T10/><D73/><U112/><E131/><V0/><F0/><W108/><G108/><T14/><D124/><N who="3" m="47689" /><G72/><T91/><D2/><U120/><E116/><V60/><F60/><W47/><G47/><T49/><D33/><U76/><E59/><V28/><F39/><W51/><G51/><T104/><D30/><U34/><E27/><V95/><F105/><W114/><G114/><T133/><D104/><U31/><E31/><V111/><F111/><W36/><G36/><T90/><D97/><U32/><E112/><V38/><F38/><W98/><G98/><T45/><D70/><U78/><E78/><V62/><F13/><N who="3" m="7231" /><G61/><T110/><D110/><U54/><E54/><V96/><F48/><W129/><G129/><T79/><D45/><U29/><E29/><V126/><F40/><W68/><G68/><T46/><D46/><U75/><E75/><V118/><F118/><W135/><G19/><T67/><D67/><N who="3" m="25673" /><G84/><T4/><D14/><U7/><E7/><V35/><F35/><W94/><G94/><T123/><D123/><U88/><E43/><V17/><F126/><W23/><G23/><T107/><D107/><U25/><E41/><V86/><F28/><W53/><G53/><T8/><D8/><U50/><E34/><V134/><F86/><W15/><G15/><T24/><D24/><U9/><E32/><V92/><F92/><W18/><G18/><T56/><REACH who="0" step="1"/><D133/><AGARI ba="0,0" hai="93,99,102,133,135" m="25673,7231,47689" machi="133" ten="30,7700,0" yaku="18,1,52,2,54,1" doraHai="128" who="3" fromWho="0" sc="122,-77,322,0,295,0,261,77" /><INIT seed="7,0,0,5,2,19" ten="45,322,295,338" oya="3" hai0="105,118,64,20,99,104,113,134,75,77,42,123,130" hai1="14,115,38,95,84,101,112,56,126,7,89,31,96" hai2="110,131,92,8,40,125,28,68,107,54,73,6,25" hai3="35,57,119,3,61,12,39,0,121,32,60,86,24" shuffle="mt19937ar,9BAAEC5D,9B081E2C,30D964FD,FCDBA0D5,8940AF5F,7F9A17AC,2846C08F,C9400230"/><W88/><G121/><T133/><D64/><U4/><E38/><V11/><F107/><W33/><G39/><T70/><D42/><U59/><E126/><V97/><F110/><W128/><G119/><T13/><D13/><U49/><E31/><V37/><F73/><W45/><G45/><T26/><D26/><U36/><E36/><V23/><F125/><W15/><G15/><T98/><D20/><U10/><E7/><V48/><F68/><W62/><G128/><T103/><D70/><U135/><E135/><V9/><F131/><W117/><G117/><T29/><D29/><U2/><E2/><V72/><F72/><W102/><G102/><T94/><D118/><U27/><E27/><V100/><F37/><W109/><G109/><T43/><D43/><U52/><REACH who="1" step="1"/><E59/><REACH who="1" step="2"/><V44/><REACH who="2" step="1"/><F40/><REACH who="2" step="2"/><W87/><G0/><AGARI ba="0,2" hai="0,6,8,9,11,23,25,28,44,48,54,92,97,100" machi="0" ten="30,7700,0" yaku="1,1,2,1,7,1,52,1,53,0" doraHai="19" doraHaiUra="127" who="2" fromWho="3" sc="45,0,312,0,285,97,338,-77" owari="45,-45,312,11,382,48,261,-14" /></mjloggm>