<mjloggm ver="2.3"><GO type="41"/><UN n0="%E3%82%A2%E3%82%A4%E3%83%94%E3%83%B3%E6%9D%B1" n1="%62%61%63%68%69%6B" n2="%E3%82%A6%E3%83%AB%E3%83%88%E3%83%A9%E7%AB%8B%E7%9B%B4" n3="%E5%9B%9B%E6%B5%81%E8%8A%B8%E4%BA%BA" dan="15,13,14,15" rate="1922,1800,1932,1939" sx="M,M,M,M"/><TAIKYOKU oya="0"/><INIT seed="0,0,0,1,5,57" ten="250,250,250,250" oya="0" hai0="22,103,96,73,52,47,49,45,68,7,72,132,119" hai1="56,76,39,130,104,75,121,13,26,89,3,109,112" hai2="28,21,60,106,93,107,97,113,90,134,131,123,27" hai3="24,116,10,11,122,50,110,38,83,33,98,58,94"/><T67/><D119/><U80/><E121/><V124/><F113/><W40/><G38/><T69/><D7/><U85/><E39/><V74/><F123/><W66/><G122/><T64/><D132/><U99/><E3/><V82/><F134/><W133/><G116/><T6/><D6/><U59/><E109/><V91/><F124/><W37/><G133/><T101/><D22/><U65/><E130/><V30/><F131/><W51/><G37/><T114/><D114/><U4/><E112/><V71/><F30/><W86/><G110/><T102/><D96/><U46/><E46/><V42/><F42/><W18/><G40/><T62/><REACH who="0" step="1"/><D47/><REACH who="0" step="2"/><U2/><E2/><V127/><F127/><W53/><G33/><T135/><D135/><U81/><E99/><V1/><F1/><W8/><G66/><T31/><D31/><U17/><E4/><V12/><F28/><W61/><G18/><T115/><D115/><U16/><E17/><V125/><F97/><W19/><G19/><T14/><D14/><U105/><E26/><V55/><F12/><W35/><G35/><T20/><D20/><U87/><E65/><V54/><F21/><W70/><G24/><T15/><D15/><U84/><E105/><V0/><F27/><W100/><G70/><T44/><D44/><U117/><E104/><V79/><F0/><W5/><G5/><T41/><D41/><U120/><E120/><V92/><F125/><W126/><G126/><T118/><D118/><U129/><E117/><V34/><F106/><W78/><AGARI ba="0,1" hai="8,10,11,50,51,53,58,61,78,83,86,94,98,100" machi="78" ten="30,4000,0" yaku="0,1,8,1,52,1" doraHai="57" who="3" fromWho="3" sc="240,-20,250,-10,250,-10,250,50" /><INIT seed="1,0,0,2,3,15" ten="220,240,240,300" oya="1" hai0="39,7,27,72,74,2,104,43,47,45,61,8,133" hai1="40,96,93,21,55,108,78,23,28,95,101,67,20" hai2="62,83,134,46,14,77,16,42,63,94,0,86,119" hai3="19,48,115,25,113,9,102,76,84,33,34,85,70"/><U58/><E40/><V50/><F0/><W51/><G70/><T123/><D47/><U53/><E78/><V106/><F106/><W105/><G105/><T32/><D61/><N who="1" m="38327" /><E108/><V11/><F119/><W69/><G69/><T90/><D90/><U38/><E38/><V81/><F134/><W118/><G76/><T54/><D54/><N who="1" m="20491" /><E95/><V3/><F3/><W135/><G135/><T97/><D133/><U29/><AGARI ba="0,0" hai="20,21,23,28,29,93,96,101" m="20491,38327" machi="29" ten="30,1500,0" yaku="8,1" doraHai="15" who="1" fromWho="1" sc="220,-5,240,15,240,-5,300,-5" /><INIT seed="1,1,0,2,2,48" ten="215,255,235,295" oya="1" hai0="127,79,58,0,31,112,73,85,32,16,89,124,51" hai1="97,100,126,103,117,105,44,5,94,60,93,133,86" hai2="88,45,78,125,22,3,30,96,123,35,56,63,104" hai3="55,90,102,114,83,134,50,106,37,8,24,110,46"/><U120/><E5/><V69/><F3/><W9/><G37/><T91/><D0/><U41/><E120/><V29/><F123/><W70/><G70/><T130/><D32/><U13/><E117/><V84/><F69/><W111/><G114/><T81/><D31/><U38/><E133/><V67/><F35/><W108/><G134/><T98/><D112/><U77/><E126/><N who="0" m="48169" /><D130/><U1/><E1/><V65/><F125/><W33/><G106/><T115/><D115/><U42/><E105/><V107/><F107/><W54/><G102/><T95/><D16/><U75/><E75/><V116/><F116/><W43/><G33/><T113/><D113/><U40/><E60/><V15/><F104/><W66/><G24/><T71/><D71/><U26/><E26/><V131/><F131/><W129/><G129/><T80/><D51/><U36/><E13/><V53/><F30/><W135/><G135/><T14/><D14/><U23/><E23/><V72/><F72/><W19/><G66/><T52/><D52/><N who="3" m="20009" /><G19/><T18/><D18/><U118/><E118/><V25/><F67/><W47/><G47/><T11/><D11/><U59/><E59/><AGARI ba="1,0" hai="58,59,73,79,80,81,85,89,91,95,98" m="48169" machi="59" ten="30,1000,0" yaku="18,1" doraHai="48" who="0" fromWho="1" sc="215,13,255,-13,235,0,295,0" /><INIT seed="2,0,0,1,4,14" ten="228,242,235,295" oya="2" hai0="88,97,23,55,41,123,63,31,45,8,107,51,72" hai1="49,117,132,42,135,103,27,102,114,120,13,71,78" hai2="48,127,129,3,81,10,131,87,65,108,86,57,82" hai3="47,110,28,11,25,125,96,6,43,33,44,30,64"/><V19/><F3/><W100/><G30/><T59/><D72/><U111/><E71/><V115/><F115/><W35/><G125/><T21/><D123/><U4/><E114/><V40/><F127/><W94/><G110/><T77/><D77/><U62/><E62/><V22/><F10/><W9/><G35/><T46/><D8/><U12/><E27/><V5/><F5/><W95/><G64/><T60/><D31/><U36/><E49/><V75/><F75/><W126/><G126/><T20/><D107/><U91/><E78/><V24/><F108/><W109/><G109/><T116/><D116/><U130/><E111/><V119/><F119/><W16/><G43/><T93/><REACH who="0" step="1"/><D46/><REACH who="0" step="2"/><U89/><E117/><V113/><F113/><W50/><G44/><T2/><D2/><U85/><E120/><V101/><F129/><W104/><G104/><T73/><D73/><U37/><E42/><V39/><F131/><W18/><G11/><T118/><D118/><U90/><E130/><V128/><F128/><W0/><G47/><T124/><D124/><U15/><E4/><V17/><F40/><W26/><G6/><T76/><D76/><U69/><E85/><V92/><F87/><W84/><G9/><T134/><D134/><U83/><E83/><V105/><F105/><W133/><G0/><T121/><D121/><U34/><E34/><V70/><F82/><W38/><G133/><N who="1" m="51274" /><E69/><V1/><F70/><W56/><G28/><T32/><D32/><U98/><E98/><N who="2" m="59591" /><F1/><W106/><G33/><T54/><D54/><U61/><E61/><AGARI ba="0,1" hai="20,21,23,41,45,51,55,59,60,61,63,88,93,97" machi="61" ten="40,12000,2" yaku="1,1,8,1,54,1,53,3" doraHai="14" doraHaiUra="58" who="0" fromWho="1" sc="218,130,242,-120,235,0,295,0" /><INIT seed="3,0,0,0,3,114" ten="348,122,235,295" oya="3" hai0="91,38,29,112,1,24,122,103,19,88,26,62,18" hai1="5,51,15,54,107,106,129,53,30,64,121,86,97" hai2="27,79,98,65,45,20,93,120,13,125,127,135,3" hai3="11,90,43,109,110,134,99,10,28,95,36,78,61"/><W117/><G78/><T47/><D1/><U58/><E121/><V50/><F3/><W59/><G28/><T100/><D122/><U42/><E129/><V48/><F120/><W23/><G134/><T7/><D112/><U40/><E107/><V102/><F135/><W71/><G71/><T132/><D7/><U16/><E30/><V87/><F13/><W52/><G43/><T31/><D132/><U119/><E64/><V68/><F87/><W124/><G36/><T75/><D75/><U70/><E70/><V104/><F79/><W4/><G23/><T72/><D72/><U69/><E69/><V101/><F65/><W82/><G82/><T37/><D47/><U22/><E119/><V12/><F12/><W94/><G94/><T81/><D81/><U46/><E5/><V96/><F68/><W44/><G44/><T14/><D14/><U77/><E97/><V2/><F2/><W39/><G39/><T118/><D62/><U21/><E21/><V116/><F116/><AGARI ba="0,0" hai="18,19,24,26,29,31,37,38,88,91,100,103,116,118" machi="116" ten="25,8000,1" yaku="22,2,52,2,54,1" doraHai="114" who="0" fromWho="2" sc="348,80,122,0,235,-80,295,0" /><INIT seed="4,0,0,4,0,62" ten="428,122,155,295" oya="0" hai0="131,111,9,66,104,10,24,134,13,99,86,84,132" hai1="15,5,42,38,23,109,121,133,51,1,61,119,16" hai2="93,32,54,135,48,79,29,47,72,116,90,82,60" hai3="2,53,105,20,45,117,22,122,41,130,44,113,89"/><T12/><D111/><U118/><E121/><V80/><F116/><W52/><G2/><T46/><D24/><U103/><E109/><V81/><F135/><N who="0" m="51754" /><D46/><U21/><E133/><V101/><F101/><W68/><G105/><T95/><D104/><U3/><E38/><V40/><F29/><W17/><G117/><N who="1" m="44554" /><E103/><V73/><F32/><W30/><G122/><T64/><D99/><U91/><E91/><V27/><F27/><W71/><G30/><T107/><D107/><U92/><E92/><V96/><F73/><W50/><G130/><T35/><D35/><U108/><E61/><V78/><F72/><W112/><G89/><N who="0" m="53671" /><D86/><U8/><E51/><V106/><F106/><W75/><G75/><T37/><D37/><U18/><E42/><V98/><F98/><W0/><G0/><N who="1" m="74" /><E108/><V124/><F124/><W36/><G53/><T65/><D131/><U88/><E88/><V25/><F25/><W26/><REACH who="3" step="1"/><G22/><AGARI ba="0,0" hai="5,8,15,16,18,21,22,23" m="74,44554" machi="22" ten="30,3900,0" yaku="34,2,54,1" doraHai="62" who="1" fromWho="3" sc="428,0,122,39,155,0,295,-39" /><INIT seed="5,0,0,2,5,131" ten="428,161,155,256" oya="1" hai0="96,99,47,22,111,69,32,79,63,106,44,105,134" hai1="92,80,12,18,73,127,3,64,107,48,68,71,50" hai2="43,91,65,67,39,59,66,20,52,95,82,100,124" hai3="4,75,10,104,53,113,70,119,84,120,14,125,126"/><U37/><E107/><V6/><F124/><W89/><G75/><T123/><D32/><U38/><E3/><V36/><F6/><W25/><G70/><T129/><D79/><U132/><E73/><V98/><F43/><W8/><G104/><T29/><D123/><U81/><E92/><V88/><F39/><W90/><G120/><T93/><D129/><U19/><E12/><V115/><F36/><W121/><G121/><T83/><D69/><U26/><E26/><V97/><F115/><W130/><G25/><T101/><D29/><U56/><E56/><V27/><F82/><W103/><G103/><T49/><D83/><U45/><E64/><V78/><F78/><W23/><G23/><T85/><D85/><U7/><E7/><V16/><F97/><W76/><G130/><T40/><D22/><U35/><E35/><V13/><F13/><W116/><G76/><T15/><D15/><U112/><E45/><V2/><F2/><W94/><G10/><T5/><D47/><U74/><E74/><V42/><F42/><W86/><G53/><T51/><D5/><U135/><E112/><V77/><F77/><W34/><G34/><T109/><D106/><U31/><E31/><V128/><F128/><W11/><G11/><T46/><D105/><U62/><E62/><AGARI ba="0,0" hai="16,20,27,52,59,62,65,66,67,88,91,95,98,100" machi="62" ten="40,8000,1" yaku="8,1,54,3" doraHai="131" who="2" fromWho="1" sc="428,0,161,-80,155,80,256,0" /><INIT seed="6,0,0,1,1,129" ten="428,81,235,256" oya="2" hai0="134,43,95,92,35,56,38,41,1,85,105,97,29" hai1="14,114,37,84,135,19,110,131,133,99,124,63,67" hai2="22,32,94,123,30,65,80,47,75,111,50,72,106" hai3="73,58,115,17,101,20,26,45,132,91,74,46,13"/><V15/><F106/><W117/><G101/><T28/><D1/><U33/><E33/><V102/><F123/><W3/><G3/><T66/><D105/><U128/><E37/><V98/><F111/><W10/><G117/><T53/><D66/><U52/><E99/><V0/><F0/><W126/><G126/><T112/><D38/><U11/><E84/><V86/><F32/><W116/><G116/><T122/><D35/><U36/><E36/><V109/><F109/><W68/><G68/><T77/><D122/><U25/><E110/><V107/><F65/><W70/><G70/><T31/><D112/><U118/><E118/><V44/><F107/><W57/><G115/><T82/><D134/><N who="1" m="51211" /><E114/><V6/><F72/><W16/><G73/><T76/><D76/><U130/><E25/><N who="2" m="16695" /><F75/><W7/><G74/><T48/><D95/><U21/><E11/><N who="2" m="4599" /><F50/><W51/><G132/><T79/><D79/><AGARI ba="0,0" hai="44,47,79,80,86,94,98,102" m="4599,16695" machi="79" ten="30,1500,0" yaku="8,1" doraHai="129" who="2" fromWho="0" sc="428,-15,81,0,235,15,256,0" /><INIT seed="6,1,0,0,1,3" ten="413,81,250,256" oya="2" hai0="60,51,30,121,25,94,42,128,69,113,64,81,31" hai1="105,55,17,12,65,102,27,100,54,23,85,46,91" hai2="34,5,119,83,8,118,77,16,78,48,104,24,7" hai3="41,63,72,132,43,87,129,62,1,120,88,70,18"/><V109/><F104/><W97/><G72/><T2/><D2/><U44/><E105/><V76/><F109/><W93/><G120/><T52/><D121/><U86/><E65/><V127/><F127/><W53/><G1/><T66/><D66/><U75/><E75/><V21/><F34/><W116/><G116/><T123/><D123/><U28/><E55/><V135/><F135/><W67/><G132/><T122/><D122/><U74/><E74/><V29/><F83/><W124/><G124/><T50/><D81/><U98/><E86/><V90/><F90/><W39/><G39/><T82/><D82/><U14/><E98/><V22/><F8/><W61/><G129/><T108/><D108/><U126/><E126/><V92/><F92/><W111/><G111/><T35/><D94/><U59/><E14/><N who="2" m="9367" /><F118/><W99/><G70/><T56/><D128/><U32/><E102/><V106/><F106/><W130/><G67/><T49/><D31/><U40/><E100/><V68/><F68/><W10/><G130/><T89/><D89/><U26/><E26/><V58/><F119/><W47/><G97/><T4/><D42/><U37/><E37/><V57/><F57/><W96/><G96/><T45/><D69/><U117/><E40/><V131/><F131/><W19/><G99/><T114/><D64/><U84/><E84/><V11/><F11/><W33/><G33/><T36/><D36/><U107/><E107/><V9/><F9/><W112/><G10/><T6/><D45/><U71/><E71/><V73/><F73/><W110/><G110/><T115/><AGARI ba="1,0" hai="4,6,25,30,35,49,50,51,52,56,60,113,114,115" machi="115" ten="40,12000,2" yaku="5,1,0,1,15,1,52,2,54,1" doraHai="3" who="0" fromWho="0" sc="413,123,81,-31,250,-61,256,-31" /><INIT seed="7,0,0,0,4,35" ten="536,50,189,225" oya="3" hai0="71,4,32,114,104,52,25,39,130,61,86,111,11" hai1="93,59,89,17,43,85,40,0,65,123,66,26,87" hai2="92,33,23,127,125,36,2,95,91,101,6,81,54" hai3="121,109,115,77,30,80,47,12,19,108,133,15,14"/><W20/><G121/><T45/><D104/><U67/><E123/><V3/><F33/><W41/><G30/><T94/><D111/><N who="3" m="42569" /><G133/><T105/><D105/><U63/><E26/><V132/><F132/><W120/><G120/><T46/><D32/><U22/><E22/><V31/><F36/><N who="3" m="21927" /><G115/><T102/><D25/><U53/><E17/><V131/><F131/><W75/><AGARI ba="0,0" hai="12,14,15,19,20,75,77,80" m="21927,42569" machi="75" ten="30,1500,0" yaku="10,1" doraHai="35" who="3" fromWho="3" sc="536,-5,50,-5,189,-5,225,15" /><INIT seed="7,1,0,5,3,110" ten="531,45,184,240" oya="3" hai0="86,99,119,3,36,13,96,74,92,59,113,8,9" hai1="76,120,123,102,73,26,41,61,68,134,33,111,77" hai2="87,40,4,22,30,129,130,133,97,48,81,79,55" hai3="16,128,24,109,83,60,19,69,131,66,47,31,103"/><W98/><G109/><T105/><D74/><U106/><E41/><V18/><F133/><W100/><G100/><T14/><D36/><U58/><E58/><V78/><F40/><W42/><G83/><T124/><D3/><U5/><E77/><V108/><F108/><W25/><G25/><T112/><D119/><U7/><E7/><V56/><F30/><W122/><G122/><T125/><D105/><U54/><E54/><V93/><F4/><W116/><G116/><T17/><D59/><U118/><E5/><V38/><F38/><W132/><G132/><T72/><D72/><U27/><E27/><V121/><F121/><W28/><G28/><T15/><D86/><U50/><E50/><V53/><F53/><W44/><G44/><T0/><D0/><U126/><E76/><V117/><F117/><W127/><G127/><T82/><D82/><U32/><E26/><V20/><F79/><W23/><G128/><T85/><D85/><U35/><E61/><V29/><F29/><W67/><G67/><T88/><D99/><U71/><E102/><V95/><F95/><W70/><G131/><T80/><D80/><U37/><E35/><V6/><F6/><W101/><G101/><T89/><D89/><U43/><E43/><V57/><F57/><W2/><G2/><T104/><D104/><U65/><E33/><V64/><F64/><W107/><REACH who="3" step="1"/><G70/><REACH who="3" step="2"/><T63/><D125/><U1/><E65/><V94/><F129/><W90/><G90/><T11/><D124/><U10/><E71/><V12/><F130/><W34/><G34/><T46/><D46/><RYUUKYOKU ba="1,1" sc="531,-10,45,-10,184,-10,230,30" hai3="16,19,23,24,31,42,47,60,66,69,98,103,107" /><INIT seed="7,2,1,1,4,131" ten="521,35,174,260" oya="3" hai0="44,26,29,34,121,94,20,35,118,127,87,111,36" hai1="72,2,6,51,107,135,92,60,58,18,15,75,91" hai2="90,126,67,63,80,19,7,24,76,53,65,116,125" hai3="134,115,52,106,40,77,45,109,130,56,46,97,83"/><W25/><G130/><T101/><D111/><U110/><E107/><V62/><F116/><W78/><G109/><T31/><D118/><U95/><E75/><V96/><F7/><W23/><G115/><T21/><D121/><U39/><E72/><V100/><F100/><W30/><G134/><T17/><D17/><U49/><E39/><V12/><F76/><W47/><G40/><T11/><D11/><U64/><E2/><V0/><F0/><W120/><G120/><T88/><D101/><U102/><E6/><V1/><F1/><W14/><G14/><T38/><D127/><U133/><E110/><V73/><F73/><W84/><G106/><T4/><D4/><U105/><E105/><V98/><F12/><W86/><G97/><T112/><D112/><U3/><E3/><V124/><F80/><N who="3" m="47119" /><G46/><T33/><D44/><U79/><E79/><V8/><F8/><W74/><G74/><T54/><D54/><U81/><E102/><V50/><F96/><W122/><G122/><T113/><D113/><U10/><E81/><V129/><F129/><W42/><G42/><T85/><D85/><U13/><E13/><V104/><F104/><W89/><G78/><T37/><D37/><U9/><E9/><V82/><F82/><W32/><G32/><T68/><D68/><U41/><E41/><V128/><F128/><W16/><G30/><T123/><D123/><U5/><E5/><V66/><F98/><W48/><AGARI ba="2,1" hai="16,23,25,45,47,48,52,56,83,86,89" m="47119" machi="48" ten="30,6000,0" yaku="8,1,54,2" doraHai="131" who="3" fromWho="3" sc="521,-22,35,-22,174,-22,260,76" /><INIT seed="7,3,0,1,2,125" ten="499,13,152,336" oya="3" hai0="20,49,122,7,73,48,85,13,92,1,23,104,119" hai1="120,2,19,28,35,15,74,71,111,113,44,68,64" hai2="53,12,86,11,96,75,70,117,89,9,106,72,6" hai3="98,24,100,135,40,22,59,115,114,17,0,42,65"/><W76/><G0/><T39/><D39/><U93/><E44/><V56/><F70/><W58/><G76/><T82/><D104/><U54/><E93/><V45/><F45/><W127/><G127/><T10/><D73/><U83/><E54/><V30/><F30/><W55/><G65/><T41/><D119/><U108/><E83/><V34/><F34/><W67/><G67/><T103/><D122/><U52/><E52/><V8/><F75/><W94/><G59/><T124/><D124/><U47/><E47/><V80/><F72/><W102/><G102/><T3/><D3/><U18/><E64/><V95/><F106/><W50/><REACH who="3" step="1"/><G135/><REACH who="3" step="2"/><T129/><D1/><U107/><E74/><V134/><F134/><W132/><G132/><T33/><D103/><U57/><E107/><V88/><REACH who="2" step="1"/><F117/><REACH who="2" step="2"/><W128/><G128/><T121/><D129/><U5/><E57/><V43/><F43/><AGARI ba="3,2" hai="17,22,24,40,42,43,50,55,58,94,98,100,114,115" machi="43" ten="40,3900,0" yaku="1,1,53,1" doraHai="125" doraHaiUra="99" who="3" fromWho="2" sc="499,0,13,0,142,-48,326,68" /><INIT seed="7,4,0,1,2,75" ten="499,13,94,394" oya="3" hai0="67,39,19,18,1,7,8,92,91,72,13,98,95" hai1="40,68,48,117,11,110,96,102,132,61,41,30,17" hai2="29,79,52,35,64,51,58,56,4,38,55,133,84" hai3="105,42,65,21,25,97,130,118,53,36,93,57,114"/><W111/><G105/><T128/><D72/><U0/><E110/><V103/><F29/><W74/><G118/><T73/><D73/><U50/><E0/><V33/><F35/><W69/><G111/><T127/><D39/><U112/><E117/><V129/><F33/><W24/><G74/><T63/><D127/><U80/><E112/><V100/><F38/><W49/><G114/><T122/><D122/><U99/><E132/><V77/><F133/><W116/><G116/><T88/><D128/><U44/><E30/><V94/><F129/><W62/><G130/><T16/><D1/><U3/><E61/><V126/><F64/><W76/><G76/><N who="2" m="29257" /><F4/><W22/><G25/><T23/><D23/><U10/><E68/><V109/><F109/><W27/><G27/><T104/><D104/><U66/><E66/><V9/><F9/><W86/><G86/><T78/><D78/><U135/><E135/><V113/><F113/><W119/><G119/><T121/><D121/><U120/><E120/><V26/><F26/><W20/><G24/><T46/><D46/><U90/><E102/><V60/><F126/><W101/><REACH who="3" step="1"/><G22/><REACH who="3" step="2"/><T83/><D83/><U81/><E3/><V54/><F84/><W6/><G6/><T15/><D7/><U34/><E34/><V43/><F94/><W107/><G107/><T85/><D15/><U71/><E71/><AGARI ba="4,1" hai="8,13,16,18,19,63,67,71,85,88,91,92,95,98" machi="71" ten="30,3900,0" yaku="7,1,54,2" doraHai="75" who="0" fromWho="1" sc="499,61,13,-51,94,0,384,0" owari="560,67,-38,-54,94,-31,384,18" /></mjloggm>