<mjloggm ver="2.3"><GO type="193"/><UN n0="%E3%81%A9%E3%83%BC%E3%81%99%E3%82%8B%E3%82%88" n1="%31%75%72%61" n2="%E3%82%B5%E3%83%B3%E3%82%BF%E3%82%AF%E3%83%B3" n3="%E3%82%A6%E3%83%AB%E3%83%88%E3%83%A9%E7%AB%8B%E7%9B%B4" dan="12,12,12,12" rate="1690,1718,1733,1815" sx="F,M,M,M"/><TAIKYOKU oya="0"/><INIT seed="0,0,0,0,5,29" ten="250,250,250,250" oya="0" hai0="61,58,74,112,72,99,98,62,12,25,39,111,2" hai1="71,66,86,27,55,88,73,96,83,17,26,70,120" hai2="63,47,28,128,57,79,95,121,6,54,119,45,52" hai3="38,89,20,60,122,110,135,18,30,23,67,103,116" shuffle="mt19937ar,985BF612,5427CCEA,99744B64,EE565BCD,9D757106,08729620,552B14FA,8F1BDCF6"/><T1/><D112/><U37/><E120/><V11/><F121/><W50/><G38/><T33/><D12/><U46/><E73/><V108/><F108/><W92/><G122/><T78/><D78/><U10/><E37/><V118/><F128/><W15/><G116/><T101/><D39/><U22/><E70/><V4/><F79/><W109/><G135/><T42/><D42/><U80/><E80/><V21/><F95/><W75/><G75/><T53/><D111/><N who="3" m="42505" /><G50/><T130/><D130/><U34/><E34/><V32/><F21/><W104/><G104/><T5/><D5/><U134/><E134/><V106/><F4/><W82/><G103/><T14/><D14/><U93/><E71/><V91/><F106/><W94/><G30/><T84/><D101/><U56/><E66/><V16/><F91/><W8/><G82/><T102/><D102/><U44/><E26/><N who="2" m="18455" /><F6/><W105/><G105/><T7/><D7/><U77/><E10/><V123/><F54/><W69/><G92/><T114/><D114/><U36/><E36/><V43/><F43/><W87/><AGARI ba="0,0" hai="8,15,18,20,23,60,67,69,87,89,94" m="42505" machi="87" ten="30,1100,0" yaku="14,1" doraHai="29" who="3" fromWho="3" sc="250,-5,250,-3,250,-3,250,11" /><INIT seed="1,0,0,2,3,86" ten="245,247,247,261" oya="1" hai0="15,60,16,43,120,39,61,46,96,51,126,125,124" hai1="4,81,119,3,28,98,121,77,113,36,72,130,34" hai2="118,70,103,44,73,131,9,63,90,2,54,102,53" hai3="8,133,117,18,64,50,35,17,42,87,129,123,27" shuffle="mt19937ar,92341461,8564F244,12F3B4F4,C5A05734,9119DF84,779C4B4F,F1214119,FC64BF6F"/><U40/><E119/><V100/><F118/><W92/><G117/><T33/><D120/><U97/><E121/><V85/><F73/><W13/><G123/><T55/><D33/><U1/><E113/><V80/><F131/><W59/><G129/><T6/><D96/><U94/><E130/><V114/><F114/><W10/><G133/><T19/><D6/><U111/><E111/><V11/><F2/><W7/><G35/><T32/><D32/><U62/><E62/><N who="0" m="24169" /><D15/><U74/><E74/><V37/><F54/><W101/><G64/><T31/><D31/><U110/><E110/><V5/><F5/><W12/><G27/><T128/><D128/><U71/><E71/><V95/><F95/><W116/><G116/><T75/><D75/><U49/><E49/><V41/><REACH who="2" step="1"/><F53/><REACH who="2" step="2"/><N who="3" m="32183" /><G7/><T135/><D135/><U93/><E1/><V104/><F104/><W68/><G42/><T107/><D107/><U26/><E94/><V83/><F83/><W108/><G108/><T52/><D39/><U132/><E93/><V79/><F79/><W57/><G68/><T58/><D43/><U21/><E132/><V115/><F115/><W88/><G101/><T25/><D25/><U22/><E22/><V82/><F82/><W38/><G38/><T109/><D109/><U45/><E21/><V30/><F30/><W69/><G69/><T122/><D122/><U66/><E66/><AGARI ba="0,1" hai="9,11,37,41,44,63,66,70,80,85,90,100,102,103" machi="66" ten="40,5200,0" yaku="1,1,52,1,53,1" doraHai="86" doraHaiUra="56" who="2" fromWho="1" sc="245,0,247,-52,237,62,261,0" /><INIT seed="2,0,0,2,1,8" ten="245,195,299,261" oya="2" hai0="5,117,129,26,86,107,100,0,51,57,35,92,105" hai1="74,59,103,49,58,90,78,79,44,3,120,25,1" hai2="72,65,31,99,96,61,20,9,91,10,53,56,15" hai3="42,37,33,71,27,118,70,2,73,97,121,45,14" shuffle="mt19937ar,5C6DD612,412FDB3A,CBFE5310,7CADD5AF,6FD18A1A,575602D0,C8B375F9,560FABA9"/><V76/><F72/><W36/><G118/><T46/><D117/><U80/><E103/><V133/><F76/><W6/><G121/><T93/><D129/><U52/><E120/><V7/><F133/><W30/><G14/><T69/><D69/><U127/><E127/><V67/><F10/><N who="3" m="2391" /><G97/><N who="2" m="37449" /><F91/><W135/><G135/><T95/><D100/><U123/><E123/><V131/><F131/><W63/><G63/><T125/><D125/><U116/><E116/><V43/><F43/><W101/><G101/><T66/><D35/><U62/><E58/><V119/><F119/><W38/><G73/><T104/><D0/><U108/><E108/><V24/><AGARI ba="0,0" hai="7,9,15,20,24,31,53,56,61,65,67" m="37449" machi="24" ten="30,3000,0" yaku="8,1,52,1" doraHai="8" who="2" fromWho="2" sc="245,-10,195,-10,299,30,261,-10" /><INIT seed="2,1,0,3,2,117" ten="235,185,329,251" oya="2" hai0="93,21,103,44,77,1,31,118,90,113,28,66,102" hai1="47,61,101,51,68,110,114,4,34,50,97,9,14" hai2="74,122,60,132,111,41,96,75,23,88,64,2,24" hai3="105,26,84,36,6,126,32,63,128,76,53,59,80" shuffle="mt19937ar,EE8398F6,C2559915,189EA75B,370851D8,479FDF20,E287B6D9,F3A89A9A,91C45279"/><V72/><F122/><W82/><G126/><T18/><D113/><U19/><E34/><V116/><F2/><W81/><G128/><T0/><D118/><U5/><E114/><V87/><F116/><W100/><G36/><T123/><D123/><U131/><E131/><V86/><F41/><W107/><G6/><T52/><D1/><U125/><E125/><V112/><F132/><W129/><G129/><T115/><D115/><U133/><E133/><V11/><F11/><W121/><G121/><T130/><D0/><U70/><E110/><V91/><F96/><W95/><G32/><T94/><D130/><U42/><E51/><V29/><F111/><W54/><G26/><T38/><D38/><U13/><E4/><V12/><F12/><W16/><G105/><T39/><D39/><U135/><E135/><V43/><F43/><W134/><G107/><T71/><D71/><U104/><REACH who="1" step="1"/><E61/><REACH who="1" step="2"/><V89/><REACH who="2" step="1"/><F112/><REACH who="2" step="2"/><W109/><G109/><T10/><D77/><U85/><E85/><V57/><AGARI ba="1,2" hai="23,24,29,57,60,64,72,74,75,86,87,88,89,91" machi="57" ten="40,12000,1" yaku="1,1,2,1,0,1,54,1,53,0" doraHai="117" doraHaiUra="15" who="2" fromWho="2" sc="235,-41,175,-41,319,143,251,-41" /><INIT seed="2,2,0,1,1,125" ten="194,134,462,210" oya="2" hai0="28,36,90,124,130,53,12,111,49,107,14,51,63" hai1="54,33,95,89,22,59,64,131,86,118,110,87,115" hai2="133,91,41,57,52,94,108,106,78,44,26,34,27" hai3="72,122,97,9,120,88,79,126,32,19,40,74,15" shuffle="mt19937ar,87393172,123153D1,CD8216B3,CB5CC246,CBA3A44D,D55716E2,1D4DFF92,486944E4"/><V117/><F117/><W69/><G69/><T18/><D107/><U80/><E118/><V84/><F106/><W83/><G32/><T98/><D111/><U61/><E115/><V30/><F133/><W8/><G126/><T76/><D124/><U81/><E110/><V55/><F78/><W1/><G74/><T29/><D76/><U31/><E33/><V16/><F108/><W3/><G40/><T38/><D36/><U121/><E121/><V10/><F57/><W113/><G113/><T58/><D38/><U17/><E31/><N who="0" m="11849" /><D130/><U71/><E131/><V102/><F102/><W47/><G47/><T77/><D77/><U104/><E104/><V128/><F128/><W35/><G35/><T7/><D7/><U116/><E116/><V109/><F109/><W11/><G120/><T68/><D68/><U99/><E86/><V13/><F27/><W24/><G24/><T82/><D18/><U93/><E93/><V75/><F75/><W60/><G60/><T62/><D82/><U20/><E20/><V132/><F132/><W21/><REACH who="3" step="1"/><G122/><REACH who="3" step="2"/><T123/><D123/><U135/><E135/><V100/><F100/><W66/><G66/><T45/><D45/><U2/><E2/><V4/><F34/><W70/><G70/><T56/><D98/><U6/><E71/><V67/><F67/><W23/><G23/><T46/><D51/><U39/><E64/><V92/><F41/><W85/><G85/><T65/><D90/><U0/><E39/><V96/><F44/><W103/><G103/><T5/><D5/><U42/><E42/><AGARI ba="2,1" hai="12,14,42,46,49,53,56,58,62,63,65" m="11849" machi="42" ten="30,1000,0" yaku="8,1" doraHai="125" who="0" fromWho="1" sc="194,26,134,-16,462,0,200,0" /><INIT seed="3,0,0,2,5,103" ten="220,118,462,200" oya="3" hai0="2,3,68,95,123,86,125,19,94,12,110,20,78" hai1="37,134,7,64,9,93,10,79,25,87,116,67,122" hai2="6,107,102,26,23,36,56,81,44,38,124,40,47" hai3="119,27,88,121,53,33,13,131,43,51,98,126,48" shuffle="mt19937ar,D7E04693,E0AA25CE,21E4E0C6,0351CCE5,28992EFF,2BAEB980,8063AA75,1F9A4515"/><W100/><G121/><T11/><D123/><U106/><E37/><V127/><F6/><W129/><G119/><T49/><D68/><U118/><E122/><V130/><F130/><N who="3" m="49675" /><G43/><T21/><D125/><N who="2" m="48202" /><F107/><N who="3" m="63895" /><G126/><T120/><D120/><U24/><E134/><V104/><F81/><W17/><G53/><T99/><D110/><U1/><E79/><V42/><F56/><W115/><G115/><T77/><D94/><U117/><E9/><V135/><F104/><W4/><G4/><T34/><D86/><U63/><E67/><V35/><F102/><W59/><G59/><T128/><D128/><U74/><E74/><V111/><F35/><W31/><G88/><T58/><D34/><U62/><E62/><V113/><F111/><W61/><G61/><T69/><D69/><U82/><E82/><V8/><F8/><AGARI ba="0,0" hai="8,13,17,27,31,33,48,51" m="63895,49675" machi="8" ten="30,2900,0" yaku="19,1,52,1" doraHai="103" who="3" fromWho="2" sc="220,0,118,0,462,-29,200,29" /><INIT seed="3,1,0,4,5,17" ten="220,118,433,229" oya="3" hai0="91,72,30,114,131,67,39,110,105,13,60,62,126" hai1="122,19,24,135,46,92,93,16,85,50,7,23,123" hai2="51,113,76,97,118,6,12,98,42,21,32,130,128" hai3="43,11,26,102,112,68,3,38,84,14,15,82,119" shuffle="mt19937ar,7BDE11D8,7793BA3F,0988E4BB,02ECFA82,A7BB7CCE,A0D9A302,986D71E2,AB820087"/><W111/><G119/><T28/><D39/><U35/><E35/><V64/><F32/><W57/><G68/><T89/><D72/><U117/><E7/><V90/><F76/><W104/><G112/><T95/><D105/><U2/><E2/><V100/><F64/><W107/><G3/><T120/><D114/><U34/><E34/><V124/><F124/><W27/><G111/><T44/><D120/><U56/><E135/><V45/><F118/><W40/><G102/><T96/><D126/><U109/><E117/><V99/><F90/><W125/><G125/><T116/><D116/><U52/><E109/><V106/><F6/><W29/><G57/><T134/><D110/><U69/><E69/><V54/><F113/><W103/><G29/><T22/><D134/><U37/><E37/><V94/><F42/><W75/><G75/><T18/><D131/><U48/><E85/><V63/><F63/><W81/><G103/><T87/><D44/><U41/><REACH who="1" step="1"/><E19/><REACH who="1" step="2"/><N who="2" m="10471" /><F106/><W77/><G38/><T65/><D60/><U31/><E31/><V127/><F127/><W47/><G84/><T58/><REACH who="0" step="1"/><D67/><REACH who="0" step="2"/><U25/><E25/><V55/><F55/><W9/><G47/><T53/><D53/><U132/><E132/><V61/><F61/><W59/><G59/><T79/><D79/><AGARI ba="1,2" hai="9,11,14,15,26,27,40,43,77,79,81,82,104,107" machi="79" ten="25,2400,0" yaku="22,2" doraHai="17" who="3" fromWho="0" sc="210,-27,108,0,433,0,229,47" /><INIT seed="3,2,0,0,3,97" ten="183,108,433,276" oya="3" hai0="52,12,123,39,98,5,116,69,13,41,95,84,118" hai1="64,33,117,67,20,113,91,108,8,75,16,44,131" hai2="3,66,128,105,37,6,102,110,21,78,73,81,121" hai3="51,49,60,42,35,27,101,100,111,47,109,96,88" shuffle="mt19937ar,69DABDD3,0FD883E5,8D52101F,77702A42,A6A0CD0A,45EE62CE,66C5CE14,366F0EE6"/><W133/><G60/><T17/><D116/><U112/><E75/><V76/><F110/><N who="3" m="41995" /><G133/><T34/><D118/><U125/><E108/><V120/><F66/><W31/><G51/><T19/><D123/><N who="2" m="47178" /><F37/><W134/><G134/><T15/><D34/><U83/><E33/><V104/><F128/><W58/><G58/><T70/><D5/><U23/><E125/><V119/><F21/><W132/><G132/><T48/><D39/><U92/><E131/><V59/><F119/><W36/><G36/><T24/><D41/><U106/><E106/><N who="2" m="41067" /><F102/><W4/><G4/><T89/><D24/><U28/><E117/><V32/><F78/><W90/><G96/><T2/><D2/><U56/><E44/><V30/><F59/><W85/><G90/><T135/><D70/><U127/><E83/><V71/><F71/><W0/><G0/><T45/><D69/><U80/><E80/><V74/><F74/><W7/><G7/><T122/><D135/><U65/><E127/><V40/><F40/><W68/><G68/><T79/><D122/><U57/><E8/><N who="2" m="2143" /><F32/><W1/><G1/><T54/><D54/><U82/><E82/><AGARI ba="2,0" hai="12,13,15,17,19,45,48,52,79,82,84,89,95,98" machi="82" ten="40,2600,0" yaku="8,1,54,1" doraHai="97" who="0" fromWho="1" sc="183,32,108,-32,433,0,276,0" owari="215,-13,76,-32,433,42,276,3" /></mjloggm>