<mjloggm ver="2.3"><GO type="41"/><UN n0="%73%75%6D%32%32%35%35" n1="%E5%89%8D%E6%89%93%E3%81%A1" n2="%E3%82%BF%E3%83%94%E3%82%AA%E3%82%AB%E3%83%91%E3%83%B3" n3="%E3%82%A6%E3%83%AB%E3%83%88%E3%83%A9%E7%AB%8B%E7%9B%B4" dan="15,15,13,13" rate="1982,2009,1812,1890" sx="M,M,M,M"/><TAIKYOKU oya="0"/><INIT seed="0,0,0,3,5,67" ten="250,250,250,250" oya="0" hai0="33,75,10,118,9,36,116,49,48,18,60,119,26" hai1="43,25,96,127,108,134,90,11,104,20,3,124,56" hai2="77,102,45,76,105,92,38,113,17,16,78,110,132" hai3="6,30,135,57,129,115,61,51,88,112,37,4,82"/><T98/><D36/><U21/><E108/><V58/><F105/><W44/><G37/><T19/><D75/><U39/><E134/><V85/><F113/><W41/><G135/><T52/><D98/><U95/><E104/><V46/><F110/><W86/><G129/><T40/><D60/><U114/><E114/><V27/><F38/><W97/><G112/><T83/><D83/><U7/><E56/><V14/><F27/><W29/><G115/><T125/><D40/><U54/><E54/><V93/><F132/><W101/><G30/><T64/><D64/><U111/><E111/><V74/><F74/><W23/><G23/><T130/><D125/><U79/><E79/><V91/><F58/><W71/><G29/><T131/><D33/><U5/><E7/><V65/><F65/><W1/><G1/><T73/><D73/><U94/><E95/><V47/><F14/><W50/><G50/><N who="0" m="19563" /><D26/><U80/><E80/><V81/><F81/><W62/><G71/><T89/><D52/><U59/><E59/><V122/><F122/><W53/><REACH who="3" step="1"/><G62/><REACH who="3" step="2"/><T128/><D89/><U72/><E72/><V107/><F107/><AGARI ba="0,1" hai="4,6,41,44,51,53,57,61,82,86,88,97,101,107" machi="107" ten="30,7700,0" yaku="1,1,2,1,7,1,54,1,53,0" doraHai="67" doraHaiUra="121" who="3" fromWho="2" sc="250,0,250,0,250,-77,240,87" /><INIT seed="1,0,0,1,4,12" ten="250,250,173,327" oya="1" hai0="128,109,86,117,34,91,27,37,8,57,92,108,114" hai1="126,35,104,24,43,79,11,15,97,121,99,135,118" hai2="127,36,134,18,54,90,51,22,40,1,56,41,122" hai3="31,13,89,80,3,53,93,125,25,115,95,103,68"/><U84/><E126/><V130/><F1/><W96/><G3/><T102/><D37/><U120/><E135/><V6/><F122/><W67/><G125/><T72/><D72/><U74/><E118/><V5/><F127/><W105/><G115/><T10/><D117/><U50/><E74/><V63/><F36/><W55/><G80/><T61/><D114/><U26/><E35/><V85/><F130/><W28/><G28/><T106/><D128/><U98/><E104/><V45/><F134/><W83/><G83/><T7/><D34/><U113/><E113/><V62/><F62/><W4/><G4/><T77/><D27/><U23/><E84/><V82/><REACH who="2" step="1"/><F40/><REACH who="2" step="2"/><W39/><G39/><T94/><D61/><U42/><E121/><V100/><F100/><W123/><G123/><T65/><D102/><U33/><E120/><V119/><F119/><W75/><G103/><T101/><D101/><U87/><E43/><V132/><F132/><W20/><G105/><T29/><D106/><U58/><E42/><V60/><F60/><W59/><G68/><T2/><D2/><U38/><E38/><V88/><F88/><W49/><G89/><T81/><D91/><U76/><E79/><V9/><F9/><W44/><G75/><T124/><D10/><U16/><E76/><V66/><F66/><W17/><G67/><T107/><D124/><U21/><E11/><V46/><F46/><W116/><G116/><T110/><D107/><U70/><E70/><V14/><AGARI ba="0,1" hai="5,6,14,18,22,41,45,51,54,56,63,82,85,90" machi="14" ten="20,12000,2" yaku="1,1,0,1,7,1,8,1,52,1,53,1" doraHai="12" doraHaiUra="19" who="2" fromWho="2" sc="250,-30,250,-60,163,130,327,-30" /><INIT seed="2,0,0,1,1,114" ten="220,190,293,297" oya="2" hai0="99,95,16,113,75,61,69,101,6,98,25,56,28" hai1="20,115,112,77,125,103,26,122,130,104,117,76,73" hai2="27,107,94,126,22,85,109,121,42,116,35,12,118" hai3="64,72,47,111,62,110,132,66,36,79,30,52,57"/><V17/><F107/><W14/><G79/><T29/><D75/><U96/><E20/><V89/><F121/><W10/><G72/><T55/><D113/><N who="1" m="43595" /><E26/><V0/><F0/><W40/><G30/><T65/><D6/><U102/><E122/><V124/><F109/><N who="3" m="41483" /><G14/><T97/><D98/><N who="1" m="61527" /><E125/><N who="2" m="48235" /><F42/><W15/><G15/><T19/><D29/><AGARI ba="0,0" hai="12,17,22,27,29,35,85,89,94,116,118" m="48235" machi="29" ten="30,5800,0" yaku="18,1,52,2" doraHai="114" who="2" fromWho="0" sc="220,-58,190,0,293,58,297,0" /><INIT seed="2,1,0,1,2,21" ten="162,190,351,297" oya="2" hai0="45,29,69,52,97,99,84,68,115,37,30,116,58" hai1="23,14,89,92,132,107,82,51,61,63,22,91,39" hai2="74,67,41,123,2,57,38,64,119,59,48,17,72" hai3="102,86,112,66,128,32,3,98,35,127,7,71,43"/><V60/><F123/><W13/><G86/><T93/><D115/><U34/><E132/><V114/><F2/><W27/><G13/><T77/><D116/><U131/><E107/><V90/><F119/><W100/><G43/><T126/><D97/><U31/><E39/><V94/><F114/><W6/><G112/><T11/><D126/><U12/><E131/><V135/><F135/><W80/><G80/><T88/><D69/><U8/><E34/><V24/><F38/><W54/><G54/><T121/><D68/><U111/><E111/><V106/><F106/><N who="3" m="63767" /><G102/><T87/><D121/><U56/><E82/><V73/><F41/><W33/><G7/><T110/><D110/><U108/><E91/><V40/><F40/><W109/><G109/><T103/><D11/><U134/><E134/><V133/><F133/><W5/><G5/><T95/><D37/><U62/><E51/><V79/><F79/><W85/><G85/><T81/><D45/><U0/><E0/><V9/><F9/><N who="3" m="2271" /><G128/><T124/><D124/><U47/><E47/><V25/><F17/><W104/><G104/><T130/><D130/><U75/><E75/><V4/><F4/><W120/><G120/><T76/><D77/><U125/><E125/><V101/><F48/><AGARI ba="1,0" hai="29,30,48,52,58,76,81,84,87,88,93,95,99,103" machi="48" ten="30,7700,0" yaku="7,1,8,1,54,2" doraHai="21" who="0" fromWho="2" sc="162,80,190,0,351,-80,297,0" /><INIT seed="3,0,0,3,3,117" ten="242,190,271,297" oya="3" hai0="71,26,119,16,58,72,112,131,60,46,76,40,18" hai1="79,84,27,118,90,41,89,77,64,7,82,85,2" hai2="70,5,12,88,9,45,102,44,122,100,73,39,96" hai3="0,101,51,87,19,28,126,127,133,124,33,38,24"/><W14/><G38/><T48/><D119/><U15/><E2/><V105/><F70/><W13/><G101/><N who="2" m="39017" /><F73/><W81/><G0/><T67/><D131/><U4/><E118/><V123/><F39/><W91/><G133/><T56/><D112/><U20/><E64/><V75/><F105/><W1/><G1/><T50/><D72/><U11/><E4/><V10/><F75/><W35/><G35/><T106/><D76/><U78/><E41/><V8/><F12/><W47/><REACH who="3" step="1"/><G19/><REACH who="3" step="2"/><T111/><D26/><U129/><E129/><V132/><F132/><W34/><G34/><T74/><D106/><U116/><E116/><V134/><F134/><W65/><G65/><T31/><D31/><U21/><REACH who="1" step="1"/><E27/><REACH who="1" step="2"/><V107/><F107/><W17/><G17/><T109/><D71/><U32/><E32/><V97/><F5/><W6/><G6/><T23/><D23/><U59/><E59/><V110/><F110/><W113/><G113/><T98/><D111/><U3/><E3/><V53/><F53/><AGARI ba="0,2" hai="13,14,24,28,33,47,51,53,81,87,91,124,126,127" machi="53" ten="40,3900,0" yaku="1,1,18,1,53,0" doraHai="117" doraHaiUra="103" who="3" fromWho="2" sc="242,0,180,0,271,-39,287,59" /><INIT seed="3,1,0,1,1,25" ten="242,180,232,346" oya="3" hai0="133,65,95,129,28,112,35,106,114,21,67,48,91" hai1="98,36,22,82,135,105,99,53,117,32,16,42,19" hai2="56,9,76,78,108,38,29,96,18,43,57,58,27" hai3="49,77,69,111,86,23,14,122,37,46,97,88,132"/><W6/><G69/><T62/><D106/><U24/><E135/><V50/><F38/><W71/><G71/><T84/><D35/><U92/><E117/><V115/><F115/><W101/><G37/><T123/><D123/><U59/><E42/><V121/><F121/><W75/><G132/><T31/><D133/><U73/><E36/><V126/><F126/><W104/><G122/><T26/><D129/><U41/><E41/><V107/><F108/><W33/><G33/><T116/><D48/><U110/><E110/><V131/><F131/><W54/><G111/><T45/><D45/><U128/><E128/><V90/><F107/><W134/><G134/><T118/><D67/><U8/><E105/><V74/><F74/><W119/><G119/><T66/><D66/><U113/><E113/><N who="0" m="43625" /><D116/><U89/><E32/><V52/><F43/><W125/><G125/><T7/><D7/><U39/><E39/><V87/><F96/><W64/><G64/><T15/><D15/><U63/><E8/><V120/><F120/><W85/><G6/><T5/><D5/><U100/><E73/><V3/><F3/><W17/><G75/><T51/><D51/><U1/><E1/><V11/><F18/><W124/><G124/><T109/><D109/><U81/><E19/><V0/><F0/><W68/><G68/><N who="0" m="42039" /><D118/><U72/><E72/><V2/><F2/><W60/><G60/><T55/><D55/><U44/><E44/><N who="2" m="27719" /><F11/><W103/><G104/><T20/><D20/><U127/><E127/><V80/><F9/><W34/><G23/><AGARI ba="1,0" hai="23,27,29,56,57,58,76,78,80,87,90" m="27719" machi="23" ten="30,3900,0" yaku="8,1,52,1,54,1" doraHai="25" who="2" fromWho="3" sc="242,0,180,0,232,42,346,-42" /><INIT seed="4,0,0,0,2,116" ten="242,180,274,304" oya="0" hai0="42,88,100,24,29,11,58,96,75,123,106,90,28" hai1="52,130,94,85,53,18,103,38,129,30,25,44,127" hai2="76,86,110,2,133,49,54,1,48,22,31,73,4" hai3="6,71,56,84,3,124,51,41,67,36,119,95,50"/><T5/><D75/><U12/><E127/><V107/><F107/><W27/><G84/><T120/><D42/><U121/><E38/><V105/><F110/><W78/><G95/><T83/><D58/><U68/><E68/><V118/><F105/><W62/><G78/><T115/><D115/><U26/><E121/><V45/><F118/><W60/><G27/><T114/><D114/><U37/><E37/><V35/><F73/><W132/><G6/><T47/><D47/><U15/><E15/><V55/><F35/><W93/><G3/><T7/><D29/><U82/><E26/><V8/><F2/><W13/><G13/><T14/><D5/><U117/><E117/><V102/><F102/><W70/><G93/><T79/><D79/><U61/><E53/><V72/><F72/><W101/><G101/><T126/><D126/><U66/><E66/><V108/><F133/><W57/><G119/><T40/><D40/><U33/><E94/><V122/><F108/><W17/><G17/><T92/><D83/><U128/><E103/><V125/><F122/><W21/><G21/><T91/><REACH who="0" step="1"/><D106/><REACH who="0" step="2"/><U112/><E112/><V34/><F125/><W9/><G124/><T69/><D69/><N who="3" m="26121" /><G132/><T65/><D65/><U98/><E128/><V0/><F34/><AGARI ba="0,1" hai="7,11,14,24,28,34,88,90,91,92,96,100,120,123" machi="34" ten="40,12000,1" yaku="1,1,52,2,54,1,53,0" doraHai="116" doraHaiUra="64" who="0" fromWho="2" sc="232,130,180,0,274,-120,304,0" /><INIT seed="4,1,0,0,4,42" ten="362,180,154,304" oya="0" hai0="94,107,37,121,60,102,90,19,80,69,40,55,2" hai1="31,33,43,67,18,87,112,132,103,91,101,86,49" hai2="89,17,59,131,54,99,11,127,23,48,45,22,61" hai3="8,84,46,106,95,77,58,105,50,7,56,109,117"/><T126/><D2/><U0/><E0/><V111/><F111/><W57/><G117/><T83/><D121/><U9/><E132/><V41/><F131/><W65/><G65/><T38/><D37/><U5/><E112/><V21/><F127/><W14/><G109/><T66/><D126/><U122/><E122/><V3/><F3/><W129/><G129/><T64/><D66/><U116/><E86/><V76/><F76/><W100/><G100/><T79/><D55/><U6/><E67/><V24/><F11/><W113/><G113/><T63/><D60/><U16/><E31/><V73/><REACH who="2" step="1"/><F73/><REACH who="2" step="2"/><W12/><G77/><T32/><D79/><U97/><E9/><V104/><F104/><W62/><G105/><T52/><D107/><U128/><E128/><V81/><F81/><W88/><G106/><T96/><D83/><U36/><E6/><V28/><F28/><W26/><G62/><T85/><D32/><U114/><E5/><V71/><F71/><W124/><G124/><T44/><D19/><U15/><E18/><V25/><F25/><W20/><G8/><T135/><D135/><U119/><E33/><V110/><F110/><W4/><G4/><T108/><D108/><U68/><E68/><V72/><F72/><W53/><G7/><T35/><D35/><U134/><E16/><AGARI ba="1,1" hai="12,14,16,20,26,46,50,53,56,57,58,84,88,95" machi="16" ten="40,8000,1" yaku="8,1,52,1,54,2" doraHai="42" who="3" fromWho="1" sc="362,0,180,-83,144,0,304,93" /><INIT seed="5,0,0,5,3,65" ten="362,97,144,397" oya="1" hai0="57,30,90,36,9,66,126,108,74,5,32,18,77" hai1="75,11,119,47,39,81,46,20,130,31,34,13,40" hai2="19,96,101,80,60,85,131,12,86,103,14,135,41" hai3="83,95,25,104,78,50,114,49,56,35,48,129,72"/><U84/><E130/><V33/><F33/><W118/><G104/><T98/><D36/><U7/><E119/><V115/><F115/><W102/><G114/><T106/><D108/><U109/><E109/><V3/><F3/><W82/><G129/><T62/><D126/><U94/><E34/><V120/><F120/><W58/><G118/><T134/><D134/><U28/><E20/><V92/><F135/><W128/><G128/><T51/><D18/><U54/><E94/><V38/><F38/><W27/><G35/><T68/><D90/><U117/><E117/><V70/><F41/><W61/><G78/><T111/><D111/><U73/><E73/><V10/><F103/><W44/><G72/><T67/><D66/><U37/><E75/><V26/><F26/><N who="3" m="9739" /><G44/><T24/><D57/><N who="3" m="22121" /><G61/><T21/><D21/><U112/><E112/><V59/><F131/><W4/><G4/><T100/><D51/><U133/><E133/><V63/><F63/><W22/><G22/><T105/><D106/><U116/><E116/><V97/><F97/><AGARI ba="0,0" hai="48,49,50,82,83,95,97,102" m="22121,9739" machi="97" ten="30,1000,0" yaku="8,1" doraHai="65" who="3" fromWho="2" sc="362,0,97,0,144,-10,397,10" /><INIT seed="6,0,0,3,0,4" ten="362,97,134,407" oya="2" hai0="37,6,108,17,120,87,64,12,109,52,127,100,28" hai1="90,103,25,13,63,32,101,36,69,97,68,58,126" hai2="111,104,75,30,0,56,106,96,16,53,93,88,80" hai3="50,15,7,11,76,107,20,131,129,22,113,3,62"/><V46/><F0/><W33/><G107/><T82/><D37/><U115/><E126/><V57/><F30/><W10/><G76/><T43/><D120/><U67/><E115/><V54/><F111/><W83/><G83/><T47/><D64/><U19/><E36/><V114/><F114/><W130/><G113/><T44/><D127/><U110/><E110/><V42/><F75/><W9/><G62/><T29/><D100/><U81/><E103/><V72/><F72/><W40/><G33/><T94/><D94/><U86/><E32/><V48/><F106/><W95/><G95/><T122/><D6/><U38/><E38/><V35/><F35/><W59/><G59/><N who="2" m="22601" /><F104/><W98/><G98/><T65/><D65/><U70/><E25/><V73/><F73/><W51/><G51/><N who="0" m="28775" /><D122/><U135/><E135/><V84/><F16/><N who="3" m="10271" /><G22/><T34/><D34/><U133/><E133/><V116/><F116/><W89/><G89/><AGARI ba="0,0" hai="42,46,48,53,54,80,84,88,89,93,96" m="22601" machi="89" ten="30,2900,0" yaku="8,1,54,1" doraHai="4" who="2" fromWho="3" sc="362,0,97,0,134,29,407,-29" /><INIT seed="6,1,0,0,0,105" ten="362,97,163,378" oya="2" hai0="71,115,103,45,21,14,93,107,11,102,50,68,90" hai1="101,65,55,122,29,47,118,17,124,69,25,125,53" hai2="130,95,73,42,111,7,33,2,40,6,81,106,26" hai3="27,120,98,126,64,104,4,129,80,52,22,128,135"/><V91/><F106/><W113/><G64/><T127/><D115/><U123/><E118/><V23/><F33/><W74/><G120/><N who="1" m="46122" /><E29/><V114/><F114/><W39/><G4/><N who="2" m="1577" /><F2/><W70/><G70/><T19/><D107/><U79/><E25/><V56/><F73/><W131/><G39/><T58/><D127/><N who="1" m="48715" /><E17/><N who="2" m="12655" /><F111/><W94/><G104/><T46/><D71/><U75/><E101/><V116/><F116/><W85/><G126/><T61/><D68/><U59/><E79/><V83/><F130/><W88/><G113/><T66/><D11/><U38/><E75/><V12/><F56/><W62/><G22/><T28/><D28/><U15/><E15/><V84/><F12/><W16/><G27/><T54/><D45/><U132/><E132/><V78/><F78/><N who="3" m="44119" /><G16/><T44/><D44/><U51/><E38/><V5/><F5/><W49/><G62/><T32/><REACH who="0" step="1"/><D32/><REACH who="0" step="2"/><U35/><E35/><V18/><F18/><W89/><G135/><T99/><AGARI ba="1,1" hai="14,19,21,46,50,54,58,61,66,90,93,99,102,103" machi="99" ten="20,8000,1" yaku="1,1,2,1,0,1,7,1,8,1,53,0" doraHai="105" doraHaiUra="37" who="0" fromWho="0" sc="352,93,97,-21,163,-41,378,-21" /><INIT seed="7,0,0,5,3,94" ten="445,76,122,357" oya="3" hai0="24,103,21,52,16,98,61,108,63,68,125,29,134" hai1="86,15,110,92,35,132,84,87,128,121,59,120,104" hai2="64,56,88,85,19,122,17,81,115,96,33,67,51" hai3="30,130,60,4,101,27,43,97,38,14,66,2,37"/><W42/><G130/><T34/><D108/><U57/><E35/><V95/><F33/><W119/><G119/><T83/><D83/><U112/><E110/><V8/><F115/><W39/><G14/><T111/><D111/><U13/><E112/><V118/><F118/><W76/><G76/><T71/><D134/><U82/><E82/><V80/><F122/><W7/><G7/><T77/><D77/><U36/><E36/><V28/><F28/><W102/><G4/><T127/><D63/><U10/><E104/><V74/><F74/><W106/><G2/><T91/><D91/><U113/><E113/><V46/><F80/><W5/><G5/><T114/><D114/><U69/><E69/><V129/><F129/><W90/><G90/><T79/><D79/><U116/><E116/><V3/><F3/><W48/><G48/><T109/><D109/><U55/><E128/><V18/><F8/><W40/><G101/><T9/><D9/><U89/><E132/><V47/><F56/><W32/><REACH who="3" step="1"/><G39/><REACH who="3" step="2"/><T31/><D103/><U22/><E121/><V135/><F135/><W78/><G78/><T50/><D50/><U131/><E131/><V11/><F11/><W20/><G20/><T70/><D34/><U72/><E72/><V25/><F25/><W65/><G65/><N who="2" m="25161" /><F51/><W124/><G124/><N who="0" m="47691" /><D98/><N who="1" m="57615" /><E120/><V107/><F107/><W117/><G117/><T45/><D61/><U123/><E123/><V1/><F1/><W26/><G26/><T99/><D99/><U93/><E22/><V100/><AGARI ba="0,1" hai="17,18,19,46,47,81,85,88,95,96,100" m="25161" machi="100" ten="30,4000,0" yaku="8,1,52,1,54,1" doraHai="94" who="2" fromWho="2" sc="445,-10,76,-10,122,50,347,-20" owari="435,53,66,-43,172,-23,327,13" /></mjloggm>