<mjloggm ver="2.3"><GO type="41"/><UN n0="%E4%B8%AD%E7%94%BA%E3%81%8B%E3%81%AA" n1="%E3%82%A6%E3%83%AB%E3%83%88%E3%83%A9%E7%AB%8B%E7%9B%B4" n2="%E5%86%86%E7%AD%92" n3="%E3%81%82%E3%81%96%E3%82%89%E3%81%97%EF%BC%92%EF%BC%90" dan="16,15,16,14" rate="1986,1993,2049,1960" sx="F,M,M,M"/><TAIKYOKU oya="0"/><INIT seed="0,0,0,3,1,9" ten="250,250,250,250" oya="0" hai0="54,17,57,35,99,126,59,37,84,97,117,6,113" hai1="38,11,83,73,53,29,21,45,112,51,14,16,118" hai2="42,85,111,71,20,80,104,96,130,82,89,1,86" hai3="43,131,47,36,2,132,70,4,55,91,64,61,114"/><T34/><D117/><U46/><E112/><V68/><F1/><W28/><G114/><T116/><D116/><U62/><E118/><V8/><F42/><W135/><G131/><T76/><D113/><U120/><E120/><V108/><F130/><W44/><G28/><T93/><D37/><U27/><E38/><V72/><F8/><W98/><G98/><T10/><D126/><U19/><E73/><V58/><F58/><W119/><G91/><T100/><D17/><U128/><E128/><V65/><F20/><W26/><G26/><T102/><D35/><U134/><E134/><N who="3" m="51242" /><G4/><T3/><D34/><U13/><E62/><V40/><F40/><N who="3" m="22535" /><G2/><T23/><D23/><N who="1" m="11663" /><E83/><V48/><F96/><W103/><G103/><T110/><D102/><U22/><E22/><V75/><F104/><W32/><G32/><T63/><D100/><U67/><E67/><V12/><F65/><W74/><G74/><T30/><D97/><U33/><E33/><V87/><F87/><W50/><G119/><T107/><D84/><U25/><E25/><V56/><F89/><W121/><G121/><T49/><D99/><U60/><E60/><V66/><F66/><W79/><G79/><T92/><D76/><U123/><E123/><V24/><F75/><W18/><G18/><T15/><D63/><U129/><E129/><V101/><F72/><W78/><G78/><T0/><D3/><U39/><E39/><V106/><F106/><W7/><G7/><T81/><D0/><U124/><E45/><V77/><F77/><W115/><G115/><T69/><D107/><U127/><AGARI ba="0,0" hai="11,14,19,21,27,29,46,51,53,124,127" m="11663" machi="127" ten="30,7900,0" yaku="5,1,52,2,54,1" doraHai="9" who="1" fromWho="1" sc="250,-39,250,79,250,-20,250,-20" /><INIT seed="1,0,0,0,3,2" ten="211,329,230,230" oya="1" hai0="60,79,122,35,121,96,49,105,62,103,28,38,130" hai1="118,51,109,39,93,99,20,29,19,110,67,68,25" hai2="56,17,4,133,8,58,91,32,94,85,61,71,23" hai3="107,87,74,73,80,104,86,48,54,65,22,125,126"/><U64/><E39/><V66/><F32/><W55/><G65/><T0/><D38/><U112/><E118/><V89/><F89/><W84/><G22/><T11/><D130/><U123/><E123/><N who="0" m="47113" /><D79/><U18/><E112/><V12/><REACH who="2" step="1"/><F133/><REACH who="2" step="2"/><W108/><G108/><T90/><D90/><U117/><E117/><V50/><F50/><W132/><G48/><T98/><D49/><U75/><E51/><V92/><F92/><W95/><G95/><T97/><D103/><U33/><E33/><V26/><AGARI ba="0,1" hai="4,8,12,17,23,26,56,58,61,66,71,85,91,94" machi="26" ten="20,5200,0" yaku="1,1,0,1,7,1,52,1,53,0" doraHai="2" doraHaiUra="131" who="2" fromWho="2" sc="211,-13,329,-26,220,62,230,-13" /><INIT seed="2,0,0,4,1,28" ten="198,303,282,217" oya="2" hai0="109,119,6,49,14,1,84,76,11,72,62,27,68" hai1="98,78,111,45,58,59,19,37,23,112,127,135,99" hai2="81,10,22,118,117,48,5,79,121,89,123,4,92" hai3="107,56,88,103,104,82,70,8,21,87,97,113,3"/><V50/><F22/><W9/><G70/><T71/><D109/><U129/><E111/><V106/><F106/><W66/><G113/><T53/><D119/><U46/><E112/><V122/><F89/><W85/><G3/><T52/><D72/><U100/><E127/><V29/><F29/><W124/><G124/><T77/><D1/><U114/><E114/><V41/><F92/><W125/><G125/><T30/><D62/><U93/><E37/><V86/><F50/><W75/><G21/><T38/><D38/><U128/><E78/><V120/><N who="2" m="31232" /><DORA hai="17" /><V36/><F36/><W13/><G107/><T39/><D39/><U0/><E0/><V26/><F26/><W12/><G75/><T102/><D102/><U51/><E99/><V43/><F4/><W126/><G87/><T60/><D53/><N who="1" m="29935" /><E46/><V80/><F80/><W16/><G126/><T115/><D115/><U63/><E63/><V54/><F117/><W64/><REACH who="3" step="1"/><G56/><REACH who="3" step="2"/><T108/><D71/><U132/><E59/><V130/><F118/><W32/><G32/><T91/><D68/><U25/><E58/><V83/><F54/><W133/><G133/><AGARI ba="0,1" hai="19,23,25,93,98,100,128,129,132,133,135" m="29935" machi="133" ten="30,2000,0" yaku="20,1,52,1" doraHai="28,17" who="1" fromWho="3" sc="198,0,303,30,282,0,207,-20" /><INIT seed="3,0,0,2,5,58" ten="198,333,282,187" oya="3" hai0="41,9,64,88,73,22,92,98,43,108,120,134,13" hai1="129,2,91,57,33,111,89,104,130,85,46,78,105" hai2="77,83,127,132,84,90,75,87,95,56,122,121,10" hai3="119,5,16,8,93,42,117,21,45,39,30,116,32"/><W79/><G93/><T1/><D120/><U81/><E46/><V55/><F132/><W124/><G124/><T126/><D73/><U25/><E2/><V70/><F70/><W99/><G99/><T19/><D134/><U34/><E25/><V37/><F37/><W29/><G32/><T17/><D126/><U76/><E57/><V86/><F127/><W68/><G68/><T69/><D108/><U80/><REACH who="1" step="1"/><E85/><REACH who="1" step="2"/><V3/><F3/><W7/><G79/><T35/><D1/><U125/><E125/><V12/><F122/><W24/><REACH who="3" step="1"/><G5/><REACH who="3" step="2"/><T4/><D4/><U82/><E82/><V63/><F121/><W66/><G66/><T0/><D64/><U107/><E107/><V47/><F47/><W20/><G20/><T40/><D69/><U27/><E27/><V113/><F113/><W44/><G44/><T31/><D35/><U59/><E59/><V103/><F103/><W11/><G11/><T61/><D9/><U50/><E50/><V54/><F54/><W128/><G128/><T115/><D22/><U106/><E106/><V15/><F15/><AGARI ba="0,2" hai="7,8,15,16,21,24,29,30,39,42,45,116,117,119" machi="15" ten="40,12000,1" yaku="1,1,54,1,53,2" doraHai="58" doraHaiUra="26" who="3" fromWho="2" sc="198,0,323,0,282,-120,177,140" /><INIT seed="3,1,0,1,0,120" ten="198,323,162,317" oya="3" hai0="30,134,104,86,0,109,9,7,34,78,112,38,56" hai1="15,68,5,64,107,135,75,97,122,82,98,50,123" hai2="61,114,29,116,125,24,91,8,49,19,39,87,117" hai3="108,85,67,58,132,55,119,88,13,28,93,77,62"/><W127/><G119/><T22/><D104/><U37/><E50/><V14/><F39/><W44/><G132/><T131/><D38/><U103/><E15/><V102/><F102/><W16/><G127/><T84/><D134/><U96/><E5/><V99/><F99/><N who="1" m="37961" /><E64/><V12/><F125/><W1/><G1/><T45/><D131/><U47/><E68/><V48/><F114/><W129/><G129/><T59/><D112/><U63/><E63/><V79/><F79/><W23/><G28/><T118/><D118/><U90/><E37/><V71/><F14/><W94/><G108/><T36/><D34/><U21/><E47/><V11/><F11/><W70/><G77/><T46/><D36/><U89/><E21/><V52/><F61/><W43/><G43/><T95/><D78/><N who="1" m="44383" /><E135/><V31/><F48/><N who="3" m="29063" /><G70/><T105/><D22/><U130/><E130/><V66/><F71/><W69/><G69/><T73/><D30/><U54/><E54/><V42/><F66/><W100/><G100/><T4/><D0/><U6/><E6/><V26/><F42/><W92/><AGARI ba="1,0" hai="13,16,23,58,62,67,85,88,92,93,94" m="29063" machi="92" ten="30,6000,0" yaku="8,1,54,2" doraHai="120" who="3" fromWho="3" sc="198,-21,323,-21,162,-21,317,63" /><INIT seed="3,2,0,2,0,49" ten="177,302,141,380" oya="3" hai0="128,44,116,27,71,76,20,133,16,4,83,114,120" hai1="72,18,51,26,89,39,65,2,56,61,60,102,11" hai2="34,8,12,134,105,15,6,124,7,28,17,30,96" hai3="31,101,106,85,9,23,36,55,32,104,54,135,45"/><W48/><G32/><T1/><D120/><U74/><E39/><V69/><F69/><W64/><G36/><T77/><D116/><U14/><E2/><V127/><F105/><W52/><G106/><T99/><D128/><U62/><E102/><V73/><F73/><W68/><G68/><T82/><D133/><U40/><E74/><V78/><F96/><W107/><G107/><T80/><D71/><U100/><E100/><V113/><F78/><W43/><G64/><T97/><D114/><U29/><E72/><V21/><F113/><W132/><G101/><T66/><D66/><U50/><E89/><V118/><F118/><W98/><G98/><N who="0" m="37387" /><D1/><U90/><E90/><V87/><F87/><W22/><G104/><T10/><D4/><N who="2" m="1578" /><F134/><N who="3" m="51243" /><G9/><T94/><D94/><U63/><REACH who="1" step="1"/><E40/><REACH who="1" step="2"/><V108/><F34/><AGARI ba="2,1" hai="11,14,18,26,29,34,50,51,56,60,61,62,63,65" machi="34" ten="40,2600,0" yaku="1,1,2,1,53,0" doraHai="49" doraHaiUra="70" who="1" fromWho="2" sc="177,0,292,42,141,-32,380,0" /><INIT seed="4,0,0,4,4,107" ten="177,334,109,380" oya="0" hai0="23,14,86,62,77,99,60,31,22,70,52,49,28" hai1="96,88,40,65,71,115,37,94,46,124,41,120,7" hai2="128,42,75,13,54,83,135,2,59,27,51,104,118" hai3="36,12,109,68,8,17,47,95,61,121,78,38,50"/><T76/><D99/><U25/><E120/><V34/><F2/><W116/><G109/><T112/><D112/><U58/><E71/><V100/><F135/><W129/><G116/><T19/><D70/><U5/><E115/><V33/><F118/><W93/><G121/><T6/><D6/><U67/><E124/><V16/><F42/><W66/><G129/><T111/><D111/><U126/><E126/><V97/><F27/><W10/><G78/><T103/><D103/><U72/><E72/><V85/><F75/><W53/><REACH who="3" step="1"/><G8/><REACH who="3" step="2"/><T39/><D77/><U108/><E108/><V55/><F128/><W57/><G57/><T98/><D76/><U48/><E58/><V101/><F101/><W35/><G35/><T44/><D23/><U81/><E65/><V45/><F34/><W105/><G105/><T122/><D122/><U15/><E67/><V114/><F33/><W130/><G130/><T133/><D22/><U18/><E46/><V102/><F102/><W26/><G26/><T64/><D64/><U131/><E25/><V24/><F24/><W0/><G0/><T63/><D44/><U125/><E125/><V56/><F114/><W20/><G20/><T29/><D14/><U89/><E131/><V90/><REACH who="2" step="1"/><F55/><REACH who="2" step="2"/><W73/><G73/><T21/><D52/><U82/><E40/><V11/><AGARI ba="0,2" hai="11,13,16,45,51,54,56,59,83,85,90,97,100,104" machi="11" ten="20,12000,2" yaku="1,1,2,1,0,1,7,1,25,2,54,1,53,0" doraHai="107" doraHaiUra="69" who="2" fromWho="2" sc="177,-60,334,-30,99,140,370,-30" /><INIT seed="5,0,0,2,2,37" ten="117,304,239,340" oya="1" hai0="86,69,17,80,106,70,0,2,74,114,118,129,12" hai1="109,76,71,112,38,45,85,44,53,120,7,34,133" hai2="8,66,83,102,99,51,68,41,33,130,89,24,32" hai3="104,111,48,36,72,131,9,75,98,28,127,21,96"/><U25/><E120/><V19/><F130/><W62/><G111/><T57/><D118/><U56/><E71/><V121/><F121/><W125/><G36/><T11/><D106/><U101/><E109/><V123/><F123/><W5/><G131/><T39/><D129/><U3/><E133/><V4/><F66/><W30/><G62/><T100/><D100/><U124/><E124/><V82/><F68/><W50/><G21/><T47/><D74/><U23/><E34/><V105/><F19/><W91/><G5/><T67/><D114/><U1/><E112/><V27/><F33/><W97/><G91/><T10/><D57/><U128/><E128/><V122/><F32/><W64/><G64/><T93/><D93/><U73/><E73/><N who="3" m="28234" /><G9/><T40/><D67/><U135/><E135/><V59/><F122/><W54/><G54/><T87/><D87/><U126/><E126/><N who="3" m="48138" /><G104/><T90/><REACH who="0" step="1"/><D10/><REACH who="0" step="2"/><U65/><E65/><V49/><F8/><W92/><G92/><T60/><D60/><U20/><E101/><V95/><F105/><W77/><G77/><T88/><D88/><U108/><E108/><V79/><F89/><W52/><G50/><T115/><D115/><U16/><E38/><V119/><F79/><W81/><G81/><T15/><D15/><N who="1" m="9247" /><E76/><V46/><F119/><W35/><G35/><T18/><D18/><N who="1" m="12535" /><E85/><V113/><F113/><W31/><G48/><T43/><D43/><U134/><E134/><V6/><F82/><W107/><G107/><T58/><D58/><U94/><E94/><V110/><F110/><W13/><G13/><T78/><D78/><RYUUKYOKU ba="0,1" sc="107,15,304,-15,239,-15,340,15" hai0="0,2,11,12,17,39,40,47,69,70,80,86,90" hai3="28,30,31,52,96,97,98" /><INIT seed="6,1,1,0,2,49" ten="122,289,224,355" oya="2" hai0="134,121,41,84,16,81,132,59,83,77,97,11,106" hai1="63,62,10,93,5,92,50,105,14,30,15,75,103" hai2="20,67,99,9,4,110,94,89,22,122,60,126,66" hai3="61,125,127,117,21,115,31,45,135,88,71,64,26"/><V70/><F122/><W57/><G117/><T96/><D121/><U33/><E75/><V101/><F126/><N who="3" m="48139" /><G135/><T19/><D41/><U72/><E72/><V129/><F129/><W76/><G76/><T120/><D120/><U28/><E105/><V35/><F35/><W118/><G118/><T52/><D81/><U73/><E73/><V34/><F34/><W23/><G45/><T79/><D79/><U2/><E2/><V56/><F110/><W3/><G3/><T98/><D11/><U116/><E116/><V42/><F42/><W1/><G1/><T12/><D12/><U74/><E74/><V25/><F70/><W48/><G115/><T124/><D106/><U69/><E69/><V90/><F67/><W24/><G88/><T109/><D109/><U108/><E108/><V82/><F82/><W7/><G7/><T102/><D102/><U8/><E33/><V123/><F20/><N who="3" m="7755" /><G31/><T53/><D124/><U46/><E30/><N who="2" m="17719" /><F123/><W47/><G71/><T40/><D40/><AGARI ba="1,1" hai="24,26,40,47,48,57,61,64" m="7755,48139" machi="40" ten="30,1000,0" yaku="18,1" doraHai="49" who="3" fromWho="0" sc="122,-13,289,0,224,0,355,23" /><INIT seed="7,0,0,1,5,34" ten="109,289,224,378" oya="3" hai0="64,97,102,133,40,135,87,1,90,2,88,111,19" hai1="124,77,122,25,20,115,41,86,84,78,129,132,68" hai2="51,23,21,9,113,112,82,33,43,119,101,48,117" hai3="17,56,116,12,22,59,107,38,49,5,96,92,4"/><W72/><G38/><T16/><D111/><U76/><E68/><V15/><F101/><W131/><G72/><T120/><D120/><U91/><E41/><V31/><F82/><W130/><G116/><T74/><D74/><U29/><E122/><V134/><F43/><W53/><G107/><T98/><D40/><U28/><E129/><N who="3" m="49162" /><G59/><T110/><D110/><U8/><E132/><V30/><F134/><N who="0" m="51210" /><D64/><U35/><E115/><N who="2" m="44107" /><F51/><W108/><G108/><T114/><D114/><U50/><E124/><V14/><F48/><W62/><G62/><T7/><D7/><U125/><E125/><V93/><F93/><W67/><G67/><T123/><D123/><U44/><E35/><V106/><F106/><W37/><G37/><T73/><D73/><U26/><E50/><V94/><F94/><W126/><G126/><T104/><D98/><U127/><E44/><V58/><F58/><W54/><G53/><T45/><D45/><U103/><E127/><V70/><F70/><W11/><G11/><T10/><D90/><AGARI ba="0,0" hai="4,5,12,17,22,49,54,56,90,92,96" m="49162" machi="90" ten="30,1500,0" yaku="19,1" doraHai="34" who="3" fromWho="0" sc="109,-15,289,0,224,0,378,15" owari="94,-41,289,9,224,-18,393,50" /></mjloggm>