<mjloggm ver="2.3"><GO type="41"/><UN n0="%E7%8C%AB%E7%8B%A9%E3%82%8A%E5%B0%82%E7%94%A8" n1="%E3%82%A6%E3%83%AB%E3%83%88%E3%83%A9%E7%AB%8B%E7%9B%B4" n2="%E3%80%93%E7%89%87%E5%B2%A1%E5%84%AA%E5%B8%8C%E3%80%93" n3="%E3%82%AD%E3%83%A0%30%31%32%38" dan="14,14,13,15" rate="1867,1914,1955,1960" sx="M,M,F,M"/><TAIKYOKU oya="0"/><INIT seed="0,0,0,1,4,10" ten="250,250,250,250" oya="0" hai0="59,98,53,36,5,70,6,66,115,102,43,41,8" hai1="30,82,22,93,113,110,24,94,77,126,27,12,20" hai2="132,86,84,81,32,103,83,117,89,62,33,35,34" hai3="48,119,37,16,14,21,56,90,28,78,111,52,23"/><T100/><D115/><U75/><E110/><V116/><N who="2" m="8704" /><DORA hai="80" /><V87/><F132/><W101/><G119/><N who="2" m="45641" /><F103/><W39/><G111/><T42/><D36/><U64/><E126/><V29/><F29/><W63/><G78/><T128/><D128/><U112/><E64/><V88/><F62/><W71/><G101/><N who="0" m="39019" /><D70/><U109/><E109/><V135/><F135/><W131/><G131/><T95/><D66/><U96/><E93/><V55/><F55/><W129/><G129/><T40/><N who="0" m="10240" /><DORA hai="130" /><T54/><D8/><U105/><E94/><V18/><F18/><W133/><G133/><T2/><D2/><U91/><E105/><V107/><F107/><W45/><G71/><T11/><D11/><U65/><E65/><V79/><F83/><W120/><G120/><T108/><D108/><U74/><E82/><V76/><F76/><W4/><G28/><T73/><D73/><AGARI ba="0,0" hai="73,79,81,84,86,87,88,89" m="45641,8704" machi="73" ten="60,8000,1" yaku="12,1,52,3,54,1" doraHai="10,80,130" who="2" fromWho="0" sc="250,-80,250,0,250,80,250,0" /><INIT seed="1,0,0,1,3,65" ten="170,250,330,250" oya="1" hai0="32,71,12,125,67,69,81,44,84,14,95,114,117" hai1="38,113,45,77,104,64,55,13,22,101,83,110,97" hai2="128,24,103,133,109,90,112,50,58,86,70,62,37" hai3="5,91,57,7,11,54,100,10,46,94,20,105,41"/><U28/><E113/><V8/><F37/><W131/><G131/><T26/><D32/><U68/><E110/><V115/><F109/><W88/><G20/><T39/><D117/><U56/><E38/><V134/><F128/><W111/><G111/><T61/><D125/><U132/><E45/><V21/><F103/><W126/><G126/><T47/><D114/><N who="2" m="43562" /><F8/><W6/><G105/><T16/><D39/><U79/><E132/><N who="2" m="50795" /><F50/><W19/><G100/><T43/><D95/><U35/><E22/><V108/><F108/><W53/><G91/><T4/><D4/><U59/><E13/><V2/><F2/><W122/><G122/><T124/><D12/><U130/><E130/><V51/><F51/><N who="3" m="27087" /><G19/><T27/><D124/><U89/><E89/><V17/><F70/><W76/><G76/><T87/><D71/><U127/><E127/><V72/><F72/><W66/><G11/><T118/><D118/><U18/><E18/><V31/><F58/><W9/><G9/><T74/><D74/><U121/><E121/><V107/><F62/><N who="3" m="38223" /><G10/><T120/><D120/><U48/><E56/><V96/><F107/><W36/><G36/><T102/><D27/><N who="1" m="18847" /><E83/><N who="2" m="49503" /><F17/><W92/><G92/><T23/><D26/><U15/><E15/><V93/><F93/><W3/><G3/><T119/><D119/><U63/><AGARI ba="0,0" hai="48,55,59,63,64,68,77,79,97,101,104" m="18847" machi="63" ten="30,3000,0" yaku="25,1,52,1" doraHai="65" who="1" fromWho="1" sc="170,-10,250,30,330,-10,250,-10" /><INIT seed="1,1,0,2,3,57" ten="160,280,320,240" oya="1" hai0="95,11,67,62,97,77,10,55,8,44,30,25,39" hai1="94,123,70,126,113,23,3,12,50,80,42,13,101" hai2="28,117,82,69,92,46,58,128,107,79,63,60,78" hai3="54,124,72,75,0,100,89,19,84,85,64,37,102"/><U115/><E3/><V87/><F117/><W4/><G37/><T90/><D77/><U20/><E123/><V116/><F116/><W110/><G0/><T132/><D132/><U6/><E126/><V135/><F107/><W104/><G4/><T74/><D74/><U76/><E70/><V18/><F135/><W5/><G5/><T45/><D39/><U112/><E94/><V129/><F69/><W31/><G31/><T66/><D55/><U88/><E101/><V26/><F79/><W119/><G64/><T41/><D41/><U109/><E88/><V111/><F111/><W93/><G19/><T27/><D27/><U73/><E109/><V122/><F122/><W65/><G65/><T33/><REACH who="0" step="1"/><D67/><REACH who="0" step="2"/><U86/><E73/><V106/><F78/><W99/><G54/><T131/><D131/><U61/><E112/><V134/><F26/><W36/><G36/><T96/><D96/><U53/><E113/><V29/><F134/><W48/><G110/><T21/><D21/><U91/><E115/><V22/><F22/><W24/><G119/><T40/><D40/><U105/><E23/><V133/><F133/><W103/><G24/><T34/><D34/><U7/><E20/><V114/><F114/><W120/><G120/><T51/><D51/><U1/><E1/><V121/><F121/><W16/><G48/><T17/><D17/><U127/><E76/><V43/><F129/><W81/><G16/><T14/><D14/><U59/><E13/><V130/><F130/><W83/><G75/><T35/><D35/><U118/><E12/><V108/><F128/><RYUUKYOKU ba="1,1" sc="150,30,280,-10,320,-10,240,-10" hai0="8,10,11,25,30,33,44,45,62,66,90,95,97" /><INIT seed="2,2,1,3,1,27" ten="180,270,310,230" oya="2" hai0="10,76,57,117,8,30,22,38,121,63,83,82,103" hai1="68,122,126,64,70,60,123,50,32,51,53,125,86" hai2="56,98,71,134,48,34,41,118,113,21,89,77,79" hai3="106,110,102,96,66,92,97,111,35,58,55,15,29"/><V101/><F113/><W95/><G66/><T4/><D38/><U104/><E86/><V61/><F118/><W67/><G67/><T1/><D121/><N who="1" m="46091" /><E104/><V78/><F34/><W6/><G15/><T74/><D103/><U135/><E32/><V25/><F71/><W105/><G6/><T124/><D124/><N who="1" m="47723" /><E135/><V81/><F134/><W42/><G42/><T52/><D117/><U131/><E131/><V28/><F101/><W59/><G102/><T132/><D132/><U0/><E0/><V72/><F98/><W87/><G35/><T65/><D83/><U18/><E18/><V37/><F37/><W31/><G87/><T36/><D10/><U19/><E19/><V11/><F72/><W33/><G33/><T26/><REACH who="0" step="1"/><D36/><REACH who="0" step="2"/><U108/><E108/><V24/><F11/><W16/><G111/><T23/><D23/><U5/><E70/><V128/><F81/><W112/><G110/><T91/><D91/><U7/><E7/><V114/><F89/><W127/><G127/><T20/><D20/><U14/><E5/><V13/><F21/><W120/><G120/><T90/><D90/><U115/><E115/><V73/><F78/><W109/><G112/><T84/><D84/><U85/><E85/><V40/><F114/><W12/><G109/><T3/><D3/><U116/><E116/><V49/><F79/><W39/><G39/><T119/><D119/><U9/><E9/><V94/><F77/><W45/><G106/><T46/><D46/><U2/><E2/><V88/><F88/><W43/><G45/><T17/><D17/><U133/><E133/><RYUUKYOKU ba="2,2" sc="170,30,270,-10,310,-10,230,-10" hai0="1,4,8,22,26,30,52,57,63,65,74,76,82" /><INIT seed="3,3,2,5,2,73" ten="200,260,300,220" oya="3" hai0="97,84,24,75,93,89,62,18,87,134,99,100,69" hai1="5,40,107,9,108,27,127,135,21,64,103,34,51" hai2="133,17,61,70,30,77,129,3,76,37,46,38,80" hai3="0,53,117,91,26,81,29,63,2,102,44,68,98"/><W125/><G117/><T14/><D24/><U101/><E127/><V59/><F3/><W58/><G125/><T41/><D41/><U1/><E135/><V95/><F70/><W114/><G114/><T48/><D75/><U74/><E108/><V13/><F133/><W124/><G124/><T116/><D134/><U47/><E47/><V122/><F129/><W32/><G44/><T86/><D116/><U94/><E34/><V19/><F38/><W96/><G68/><T20/><D69/><U110/><E107/><V12/><F37/><W119/><G119/><T7/><D7/><U126/><E126/><V4/><F4/><W22/><G32/><T90/><D62/><U104/><E104/><V115/><F115/><W78/><G91/><N who="0" m="34827" /><D99/><U42/><E74/><V15/><F122/><W120/><G120/><T16/><D48/><U52/><E110/><V111/><F111/><W112/><G112/><T118/><D118/><U36/><E36/><V132/><F132/><W10/><G98/><T105/><D105/><U106/><E106/><V11/><F95/><W65/><G102/><T25/><D87/><U71/><E103/><V49/><F80/><W28/><G96/><T8/><AGARI ba="3,2" hai="8,14,16,18,20,25,84,86,93,97,100" m="34827" machi="8" ten="30,2000,0" yaku="8,1,54,1" doraHai="73" who="0" fromWho="0" sc="200,49,260,-8,300,-8,220,-13" /><INIT seed="4,0,0,2,2,75" ten="249,252,292,207" oya="0" hai0="3,5,57,135,92,80,20,117,7,40,32,12,65" hai1="120,0,56,23,121,4,17,43,102,50,119,39,103" hai2="47,18,33,128,98,90,26,34,110,68,79,66,44" hai3="22,104,108,94,24,6,131,1,83,99,55,77,82"/><T134/><D117/><U51/><E39/><V81/><F110/><W25/><G131/><T61/><D32/><U130/><E4/><V49/><F68/><W78/><G108/><T89/><D40/><U84/><E0/><V9/><F66/><W122/><G104/><T116/><D116/><U126/><E119/><V2/><F128/><W69/><G69/><T91/><D3/><U16/><E126/><V132/><F132/><N who="0" m="50730" /><D80/><N who="3" m="30761" /><G122/><T8/><D20/><U129/><E56/><V27/><F34/><W123/><G123/><T53/><D5/><U62/><E62/><V42/><F42/><W105/><G105/><T112/><D112/><U88/><E43/><V30/><F81/><W87/><G1/><T86/><D91/><U58/><E58/><V74/><F90/><N who="3" m="55767" /><G6/><T13/><D13/><U21/><REACH who="1" step="1"/><E88/><REACH who="1" step="2"/><V19/><F2/><W76/><G55/><AGARI ba="0,1" hai="7,8,12,53,55,57,61,65,86,89,92" m="50730" machi="55" ten="30,1500,0" yaku="20,1" doraHai="75" who="0" fromWho="3" sc="249,25,242,0,292,0,207,-15" /><INIT seed="4,1,0,1,4,82" ten="274,242,292,192" oya="0" hai0="31,13,35,54,42,69,94,74,93,134,27,104,115" hai1="43,33,132,41,52,81,130,3,131,44,26,21,97" hai2="19,128,58,107,11,62,135,111,48,92,127,38,106" hai3="117,83,25,96,114,105,118,9,108,112,40,59,23"/><T67/><D115/><N who="3" m="44073" /><G40/><T8/><D74/><U63/><E33/><V109/><F38/><W129/><G9/><T76/><D76/><U37/><E3/><V90/><F127/><W18/><G108/><T119/><D119/><U46/><E97/><V22/><F135/><W99/><G129/><N who="1" m="49162" /><E21/><V39/><F39/><W133/><G133/><T57/><D134/><U5/><E26/><V30/><F128/><W102/><G99/><T16/><D104/><U88/><E5/><V24/><F48/><W87/><G59/><T98/><D42/><U10/><E10/><V122/><F122/><W79/><AGARI ba="1,0" hai="18,23,25,79,83,87,96,102,105,117,118" m="44073" machi="79" ten="30,2000,0" yaku="15,1,52,1" doraHai="82" who="3" fromWho="3" sc="274,-11,242,-6,292,-6,192,23" /><INIT seed="5,0,0,4,2,116" ten="263,236,286,215" oya="1" hai0="26,16,15,129,18,118,72,115,89,76,38,4,64" hai1="92,44,67,101,43,51,28,30,133,53,3,99,134" hai2="22,119,125,50,79,14,19,71,114,5,21,90,70" hai3="88,62,105,93,75,100,109,45,6,65,39,41,108"/><U23/><E3/><V73/><F119/><W10/><G75/><T58/><D38/><U122/><E67/><V7/><F125/><W60/><G105/><T130/><D118/><U37/><E23/><V57/><F71/><W82/><G100/><T120/><D4/><U97/><E97/><V81/><F70/><W12/><G82/><N who="0" m="45319" /><D89/><U25/><E25/><V132/><F132/><N who="1" m="50793" /><E122/><V68/><F68/><W91/><G91/><T121/><D115/><U48/><E37/><V2/><F2/><W85/><REACH who="3" step="1"/><G62/><REACH who="3" step="2"/><N who="0" m="37975" /><D26/><U33/><E33/><V103/><F90/><W128/><G128/><N who="0" m="49259" /><D15/><U34/><E34/><V42/><F14/><W61/><G61/><T47/><D47/><AGARI ba="0,1" hai="28,30,43,44,47,48,51,53,92,99,101" m="50793" machi="47" ten="30,1500,0" yaku="20,1" doraHai="116" who="1" fromWho="0" sc="263,-15,236,25,286,0,205,0" /><INIT seed="5,1,0,0,3,104" ten="248,261,286,205" oya="1" hai0="32,113,69,45,36,41,129,38,100,117,27,89,76" hai1="86,59,130,111,1,54,72,116,128,13,57,39,92" hai2="26,93,105,6,118,65,82,123,29,4,35,58,8" hai3="135,119,61,106,84,80,103,30,83,74,14,115,18"/><U102/><E1/><V46/><F118/><W48/><G119/><T16/><D117/><U11/><E39/><V40/><F123/><W51/><G135/><T97/><D69/><U47/><E116/><V73/><F105/><W37/><G37/><T15/><D76/><U79/><E111/><V107/><F107/><W21/><G115/><T87/><D129/><U125/><E125/><V98/><F65/><W9/><G83/><T120/><D120/><U114/><E114/><V55/><F8/><W0/><G61/><T7/><D7/><U34/><E34/><V3/><F3/><W10/><G10/><T60/><D60/><U88/><E102/><V63/><F73/><W43/><G43/><T108/><D108/><U64/><E64/><V2/><F82/><W81/><G81/><T126/><D126/><U33/><E33/><V24/><F24/><W112/><G112/><T68/><D68/><U44/><E79/><V77/><F77/><W5/><G74/><T56/><D27/><U121/><E72/><V134/><F2/><W91/><REACH who="3" step="1"/><G30/><REACH who="3" step="2"/><T95/><D38/><U99/><E121/><V62/><F134/><W96/><AGARI ba="1,1" hai="0,5,9,14,18,21,48,51,80,84,91,96,103,106" machi="96" ten="30,7900,0" yaku="1,1,2,1,0,1,53,1" doraHai="104" doraHaiUra="17" who="3" fromWho="3" sc="248,-21,261,-40,286,-21,195,92" /><INIT seed="6,0,0,5,5,9" ten="227,221,265,287" oya="2" hai0="42,66,68,97,133,118,103,85,10,61,134,91,8" hai1="114,43,67,129,57,109,121,84,115,127,125,113,101" hai2="89,0,96,111,71,41,94,87,76,2,130,102,74" hai3="58,64,116,14,95,107,15,37,83,25,13,39,93"/><V105/><F71/><W36/><G116/><T63/><D42/><U11/><E101/><V40/><F130/><W70/><G107/><N who="0" m="63983" /><D61/><N who="1" m="38319" /><E84/><V65/><F65/><W110/><G110/><T120/><D120/><U59/><E11/><V104/><F104/><W47/><G70/><T55/><D55/><U31/><E31/><V77/><F111/><W33/><G83/><N who="0" m="49599" /><D118/><U3/><E3/><N who="2" m="1067" /><F76/><W81/><G81/><AGARI ba="0,0" hai="40,41,74,77,81,87,89,94,96,102,105" m="1067" machi="81" ten="30,1500,0" yaku="24,1" doraHai="9" who="2" fromWho="3" sc="227,0,221,0,265,15,287,-15" /><INIT seed="6,1,0,5,5,85" ten="227,221,280,272" oya="2" hai0="107,130,60,63,19,31,111,104,48,21,70,119,97" hai1="68,4,25,117,36,102,38,51,88,3,49,7,52" hai2="24,22,58,6,11,72,18,82,79,125,113,105,43" hai3="54,30,15,64,112,121,75,32,80,108,100,109,9"/><V12/><F105/><W39/><G121/><T132/><D111/><U1/><E25/><V103/><F113/><W20/><G32/><T92/><D31/><U127/><E102/><V86/><F103/><W91/><G39/><T78/><D78/><U65/><E65/><V44/><F125/><W96/><G64/><T129/><D119/><U122/><E68/><V110/><F110/><W76/><G112/><T131/><D132/><U2/><E2/><V29/><F72/><W101/><G54/><T120/><D120/><U95/><E122/><V106/><F106/><N who="0" m="40490" /><D48/><U57/><E117/><V46/><F58/><W83/><G109/><T0/><D0/><U55/><E127/><V128/><F128/><N who="0" m="32770" /><T133/><DORA hai="74" /><D70/><U53/><E53/><V135/><F135/><W126/><G126/><T16/><D133/><U10/><E4/><V50/><REACH who="2" step="1"/><F46/><REACH who="2" step="2"/><W98/><G108/><T114/><D114/><U26/><E57/><V47/><F47/><W89/><G75/><T34/><D34/><U87/><E3/><V77/><F77/><W28/><G76/><T41/><D41/><U93/><E1/><V37/><F37/><W73/><G73/><T124/><D124/><U61/><E38/><V116/><F116/><W115/><G115/><T90/><D21/><U62/><E36/><V17/><AGARI ba="1,1" hai="6,11,12,17,18,22,24,29,43,44,50,79,82,86" machi="17" ten="30,24000,3" yaku="1,1,0,1,25,2,8,1,52,1,53,2" doraHai="85,74" doraHaiUra="123,14" who="2" fromWho="2" sc="227,-81,221,-81,270,253,272,-81" /><INIT seed="6,2,0,5,0,46" ten="146,140,523,191" oya="2" hai0="84,28,59,89,112,77,74,92,57,6,56,108,25" hai1="90,39,48,94,44,81,125,126,60,101,76,9,54" hai2="38,119,4,43,98,16,61,70,110,35,80,127,53" hai3="49,122,22,32,55,79,118,96,82,33,115,83,0"/><V105/><F119/><W47/><G122/><T123/><D108/><U50/><E101/><V8/><F35/><W11/><G118/><T3/><D123/><U120/><E120/><V97/><F38/><W107/><G22/><T128/><D112/><U34/><E34/><V67/><F43/><W63/><G115/><T109/><D109/><U36/><E9/><V86/><F110/><W85/><G0/><T31/><D128/><U45/><E60/><V134/><F105/><W29/><G29/><T5/><D3/><U93/><E90/><V52/><F127/><N who="1" m="48649" /><E94/><V42/><F42/><W66/><G11/><T27/><D74/><N who="1" m="43159" /><E93/><V26/><F134/><W133/><G133/><T20/><REACH who="0" step="1"/><D77/><REACH who="0" step="2"/><U129/><E129/><V124/><F124/><W17/><G79/><T30/><D30/><U18/><E18/><V114/><F114/><W88/><G17/><T24/><D24/><U130/><E130/><V12/><F26/><W58/><G107/><T102/><D102/><U72/><E72/><V2/><F16/><W71/><G33/><AGARI ba="2,1" hai="5,6,20,25,27,28,31,33,56,57,59,84,89,92" machi="33" ten="40,1300,0" yaku="1,1,53,0" doraHai="46" doraHaiUra="69" who="0" fromWho="3" sc="136,29,140,0,523,0,191,-19" /><INIT seed="7,0,0,4,1,29" ten="165,140,523,172" oya="3" hai0="129,126,18,96,8,10,111,3,130,44,40,98,38" hai1="113,55,45,34,56,71,50,91,131,97,110,83,7" hai2="74,127,125,93,48,25,124,95,81,27,69,22,65" hai3="109,133,86,54,57,62,107,78,59,24,70,23,6"/><W63/><G107/><T122/><D111/><U76/><E110/><V28/><F48/><W51/><G109/><T120/><D126/><U66/><E131/><N who="0" m="50185" /><D3/><U1/><E113/><V100/><F100/><W9/><G133/><T4/><D4/><U84/><E34/><N who="2" m="20751" /><F69/><W67/><G78/><T72/><D72/><U103/><E71/><V112/><F65/><W17/><G86/><T61/><D61/><U35/><E35/><V47/><F47/><W32/><G32/><T119/><D119/><U33/><E33/><V94/><F112/><W58/><REACH who="3" step="1"/><G63/><REACH who="3" step="2"/><T82/><D82/><U30/><E76/><V26/><F74/><W15/><AGARI ba="0,1" hai="6,9,15,17,23,24,51,54,57,58,59,62,67,70" machi="15" ten="20,12000,1" yaku="1,1,2,1,0,1,7,1,53,1" doraHai="29" doraHaiUra="0" who="3" fromWho="3" sc="165,-40,140,-40,523,-40,162,130" /><INIT seed="7,1,0,1,2,45" ten="125,100,483,292" oya="3" hai0="111,40,72,95,114,70,123,39,100,16,126,13,41" hai1="83,80,44,122,21,98,105,67,117,19,65,30,89" hai2="93,68,115,29,54,58,11,92,0,101,9,20,116" hai3="55,43,27,71,34,33,8,53,57,86,23,104,5"/><W108/><G104/><T118/><D72/><U15/><E122/><V3/><F116/><W59/><G71/><T73/><D73/><U46/><E117/><V56/><F68/><W109/><G43/><T4/><D118/><U94/><E105/><V96/><F115/><W110/><G86/><T25/><D123/><U75/><E30/><V77/><F77/><W125/><G125/><T130/><D70/><U90/><E75/><V120/><F120/><W131/><G131/><T52/><D111/><U60/><E90/><V12/><F92/><W88/><G88/><T2/><D39/><U107/><E107/><V7/><F9/><W31/><G55/><T48/><D2/><U132/><E132/><V62/><REACH who="2" step="1"/><F58/><REACH who="2" step="2"/><N who="3" m="22027" /><G53/><T50/><D114/><U79/><E79/><V82/><F82/><N who="1" m="31273" /><E65/><V91/><F91/><W36/><G36/><T24/><D130/><U124/><E124/><V22/><F22/><W61/><G61/><T121/><D126/><U28/><E28/><V103/><F103/><W26/><G26/><AGARI ba="1,1" hai="0,3,7,11,12,20,26,29,54,56,62,93,96,101" machi="26" ten="40,1300,0" yaku="1,1,53,0" doraHai="45" doraHaiUra="81" who="2" fromWho="3" sc="125,0,100,0,473,26,292,-16" owari="125,-27,100,-40,499,59,276,8" /></mjloggm>