<mjloggm ver="2.3"><GO type="97"/><UN n0="%E6%9C%80%E5%BC%B1%E4%BC%9D%E8%AA%AC" n1="%E3%83%9D%E3%82%B3%E3%83%94%E3%83%B3" n2="%E3%83%8F%E3%83%9E%E3%83%BC" n3="%E3%82%A6%E3%83%AB%E3%83%88%E3%83%A9%E7%AB%8B%E7%9B%B4" dan="13,14,14,13" rate="1833,1878,1948,1816" sx="M,M,M,M"/><TAIKYOKU oya="0"/><INIT seed="0,0,0,1,1,5" ten="250,250,250,250" oya="0" hai0="77,115,20,124,121,104,14,62,82,69,99,89,19" hai1="16,48,134,114,23,58,56,64,84,93,30,15,47" hai2="49,0,117,45,133,26,79,21,52,54,126,107,17" hai3="6,102,125,40,96,78,129,95,43,127,2,36,100" shuffle="mt19937ar,581FA956,CE550BA5,C7A41529,E93A04C9,C8C928E9,4C94C032,39B9136A,E40523ED"/><T37/><D121/><U7/><E134/><V88/><F107/><W44/><G43/><T31/><D115/><U55/><E114/><V12/><F133/><W28/><G28/><T73/><D124/><N who="3" m="47689" /><G78/><T72/><D37/><U90/><E64/><V91/><F0/><W9/><G129/><T22/><D69/><U25/><REACH who="1" step="1"/><E7/><REACH who="1" step="2"/><V24/><F126/><W68/><G68/><T33/><D33/><AGARI ba="0,1" hai="15,16,23,25,30,33,47,48,55,56,58,84,90,93" machi="33" ten="30,7700,0" yaku="1,1,2,1,7,1,54,1,53,0" doraHai="5" doraHaiUra="71" who="1" fromWho="0" sc="250,-77,240,87,250,0,250,0" /><INIT seed="1,0,0,3,3,35" ten="173,327,250,250" oya="1" hai0="67,105,23,81,39,58,103,40,134,80,6,107,124" hai1="71,32,75,3,73,92,28,31,70,37,86,69,87" hai2="1,94,34,79,0,117,132,20,90,45,36,10,113" hai3="84,104,17,24,15,91,38,131,110,62,96,85,11" shuffle="mt19937ar,3115F899,4353FA7D,E759173F,1287910B,6651C932,4D6CF777,8EEE5B4E,AA35493F"/><U22/><E3/><V42/><F117/><W26/><G38/><T100/><D124/><U61/><E37/><V111/><F34/><W89/><G131/><T49/><D134/><U27/><E32/><V50/><F111/><W65/><G110/><T54/><D107/><U130/><E130/><V118/><F118/><W13/><G104/><T64/><D105/><U128/><E128/><V129/><F132/><W12/><G96/><T109/><D109/><U88/><E31/><V122/><F129/><W127/><G127/><T78/><D39/><U14/><E14/><V51/><F122/><W47/><G47/><T83/><D40/><U30/><E30/><V93/><F79/><W19/><G15/><T108/><D108/><U106/><E106/><V7/><F113/><W25/><G62/><T114/><D114/><U57/><REACH who="1" step="1"/><E86/><REACH who="1" step="2"/><N who="3" m="33386" /><G65/><AGARI ba="0,1" hai="22,27,28,57,61,65,69,70,71,73,75,87,88,92" machi="65" ten="40,3900,0" yaku="1,1,54,1,53,0" doraHai="35" doraHaiUra="121" who="1" fromWho="3" sc="173,0,317,49,250,0,250,-39" /><INIT seed="1,1,0,2,4,59" ten="173,366,250,211" oya="1" hai0="22,64,112,60,75,48,21,27,32,14,40,111,7" hai1="77,35,119,114,93,29,101,88,125,72,129,36,124" hai2="8,9,24,6,46,95,62,126,117,102,96,82,104" hai3="20,17,51,103,47,121,133,34,98,39,131,76,113" shuffle="mt19937ar,0791F345,5F774DE2,2215F45B,0306F157,9B6E54CA,58052BF3,C53B082A,7257593E"/><U57/><E114/><V107/><F117/><W1/><G17/><T37/><D112/><U83/><E119/><V78/><F126/><W123/><G20/><T0/><D111/><U118/><E118/><V19/><F46/><W15/><G51/><T61/><D75/><U70/><E70/><V23/><F9/><W106/><G15/><T3/><D37/><U2/><E2/><V16/><F62/><N who="0" m="24170" /><D0/><U12/><E36/><V127/><F19/><W122/><G1/><T58/><D3/><U99/><E129/><V42/><F42/><W49/><G34/><T45/><D32/><U54/><E12/><V73/><F127/><N who="1" m="48713" /><E29/><V109/><F109/><W13/><G39/><T66/><D58/><U84/><E35/><V89/><F6/><W71/><G113/><T85/><D85/><U134/><E134/><V67/><F8/><W97/><G71/><T80/><D80/><N who="1" m="49159" /><E57/><V92/><F67/><W25/><G123/><T90/><D90/><U5/><E5/><V128/><F128/><W91/><G121/><T69/><D69/><U28/><E28/><V41/><F41/><W130/><G122/><T11/><D21/><U108/><E108/><V44/><F44/><W94/><G131/><T53/><D40/><U79/><E54/><V65/><F65/><W38/><G130/><T55/><D55/><U4/><E4/><V56/><F56/><W115/><G38/><T30/><AGARI ba="1,0" hai="7,11,14,22,27,30,45,48,53,64,66" m="24170" machi="30" ten="30,7900,0" yaku="8,1,52,3" doraHai="59" who="0" fromWho="0" sc="173,82,366,-40,250,-21,211,-21" /><INIT seed="2,0,0,0,4,28" ten="255,326,229,190" oya="2" hai0="60,117,108,42,99,49,116,118,19,73,96,115,63" hai1="106,84,24,52,7,47,66,69,91,113,93,122,124" hai2="78,74,82,11,37,27,81,89,107,29,90,87,71" hai3="135,112,56,36,41,53,26,18,13,126,57,123,10" shuffle="mt19937ar,8DC9CE08,FB7B6ABF,501104A6,C30AB175,BCE32AAD,73108ECA,A73E527A,CE16AF31"/><V85/><F37/><W75/><G123/><T59/><D73/><U67/><E113/><V43/><F71/><W6/><G75/><T48/><D99/><U2/><E106/><V23/><F43/><W1/><G112/><T39/><D96/><U44/><E124/><V129/><F107/><W20/><G126/><T33/><D19/><U86/><E122/><V9/><REACH who="2" step="1"/><F129/><REACH who="2" step="2"/><W5/><G41/><T65/><D115/><U92/><E69/><V125/><F125/><W55/><G36/><T121/><D121/><U111/><E66/><V68/><F68/><W64/><G135/><T120/><D120/><U100/><E67/><V101/><F101/><W46/><G64/><T16/><D65/><U35/><E100/><V94/><AGARI ba="0,1" hai="9,11,23,27,29,74,78,81,82,85,87,89,90,94" machi="94" ten="20,3900,0" yaku="1,1,0,1,7,1,53,0" doraHai="28" doraHaiUra="110" who="2" fromWho="2" sc="255,-13,326,-13,219,49,190,-13" /><INIT seed="2,1,0,2,1,108" ten="242,313,268,177" oya="2" hai0="48,116,24,92,59,9,1,2,52,128,134,10,98" hai1="78,73,123,66,34,100,53,109,90,111,63,39,56" hai2="29,61,17,91,112,71,33,44,125,11,135,87,82" hai3="45,77,105,119,55,121,117,76,6,114,32,72,22" shuffle="mt19937ar,CC600D6B,DFFE2817,30A67768,1FF0919D,7E6AA27D,F7845F23,762118FE,7DABB9EA"/><V20/><F112/><W57/><G22/><T26/><D128/><U40/><E34/><V46/><F135/><W124/><G6/><T126/><D134/><U35/><E35/><V5/><F125/><W120/><G57/><T127/><D116/><U8/><E123/><V36/><F33/><W133/><G55/><T58/><D127/><U113/><E113/><V69/><F29/><W81/><G45/><T115/><D126/><U25/><E100/><V88/><F91/><W130/><G81/><T89/><D115/><U4/><E25/><N who="0" m="9833" /><D2/><N who="1" m="23" /><E90/><V131/><F131/><W49/><G77/><T31/><D31/><U51/><E66/><V110/><F110/><N who="1" m="41993" /><E78/><V12/><F61/><W64/><G120/><T79/><D79/><U99/><E73/><V83/><F83/><W84/><G121/><T97/><D1/><U65/><E99/><N who="0" m="37897" /><D59/><N who="1" m="37119" /><E40/><V28/><F28/><W93/><G124/><T15/><D15/><U23/><E39/><V60/><F36/><W104/><G119/><T118/><D118/><U0/><E0/><V43/><F43/><W18/><G117/><T80/><D80/><U16/><E23/><V86/><F86/><AGARI ba="1,0" hai="9,10,48,52,58,86,89,92" m="37897,9833" machi="86" ten="30,2000,0" yaku="8,1,54,1" doraHai="108" who="0" fromWho="2" sc="242,23,313,0,268,-23,177,0" /><INIT seed="3,0,0,5,5,15" ten="265,313,245,177" oya="3" hai0="12,111,77,76,55,131,30,90,61,73,50,133,52" hai1="26,96,132,40,63,120,25,11,114,89,113,128,35" hai2="20,70,121,107,122,57,37,119,104,97,74,66,91" hai3="41,42,3,101,130,84,95,28,2,32,117,21,65" shuffle="mt19937ar,985331FF,4AEC337B,1FED9F66,9B0D54BC,48579D2F,61502EB4,AEF9FE9C,E3684E7C"/><W126/><G32/><T14/><D111/><U22/><E120/><N who="2" m="46187" /><F37/><W103/><G117/><T10/><D131/><U108/><E128/><V38/><F38/><W48/><G130/><T87/><D133/><U123/><E108/><V54/><F74/><W6/><G126/><T102/><D73/><U0/><E132/><V106/><F119/><W17/><G3/><T43/><D102/><N who="3" m="38921" /><G2/><T118/><D118/><U127/><E127/><V82/><F20/><W13/><G28/><T115/><D115/><U92/><E123/><V64/><F70/><W72/><G72/><T125/><D125/><U83/><E35/><V129/><F129/><W31/><G31/><T88/><D30/><U16/><E40/><N who="3" m="15466" /><G6/><T99/><D43/><U69/><E26/><V94/><F82/><W4/><G4/><T47/><D12/><U5/><E83/><V9/><F9/><W46/><G65/><T23/><D23/><U71/><REACH who="1" step="1"/><E63/><AGARI ba="0,0" hai="54,57,63,64,66,91,94,97,104,106,107" m="46187" machi="63" ten="40,1300,0" yaku="13,1" doraHai="15" who="2" fromWho="1" sc="265,0,313,-13,245,13,177,0" owari="265,2,300,29,258,-9,177,-22" /></mjloggm>