<mjloggm ver="2.3"><GO type="97"/><UN n0="%73%61%72%61%6B" n1="%E3%83%9D%E3%83%B3%E3%83%92%E3%83%AD" n2="%E3%82%A6%E3%83%AB%E3%83%88%E3%83%A9%E7%AB%8B%E7%9B%B4" n3="%E8%B6%8A%E5%BE%8C%E5%B1%8B%EF%BC%A0%E7%BF%8C%E6%AA%9C" dan="15,14,13,14" rate="1959,1881,1805,1891" sx="M,F,M,M"/><TAIKYOKU oya="0"/><INIT seed="0,0,0,0,4,122" ten="250,250,250,250" oya="0" hai0="48,27,69,128,53,31,33,114,95,43,80,25,42" hai1="134,91,5,3,37,85,88,123,24,22,72,49,10" hai2="62,41,66,135,18,67,4,81,20,70,94,115,79" hai3="38,40,93,75,36,86,61,30,133,28,19,99,32"/><T125/><D125/><U121/><E37/><V130/><F115/><W98/><G75/><T129/><D114/><U59/><E72/><V14/><F67/><W89/><G133/><T35/><D69/><U90/><E134/><V64/><F64/><W34/><G61/><T17/><D80/><U6/><E123/><V13/><F135/><W50/><G19/><T113/><D113/><U74/><E74/><V65/><F65/><W92/><G50/><T87/><D129/><U84/><E121/><V109/><F81/><W68/><G68/><T100/><D128/><U78/><E6/><V16/><F79/><W71/><G71/><T11/><D11/><U83/><E85/><V1/><F4/><W102/><G86/><T26/><D26/><U58/><REACH who="1" step="1"/><E49/><REACH who="1" step="2"/><V120/><F120/><W119/><G119/><T45/><D87/><U46/><E46/><V106/><F130/><W0/><G38/><T21/><REACH who="0" step="1"/><D35/><REACH who="0" step="2"/><U132/><E132/><V44/><F44/><W57/><G34/><T76/><D76/><U131/><E131/><V39/><F39/><W101/><G32/><T126/><D126/><U12/><E12/><V29/><F14/><W117/><G36/><T73/><D73/><U7/><E7/><V127/><F13/><W9/><G0/><T77/><D77/><U97/><E97/><AGARI ba="0,2" hai="17,21,25,27,31,33,42,43,45,48,53,95,97,100" machi="97" ten="40,2000,0" yaku="1,1,53,0" doraHai="122" doraHaiUra="55" who="0" fromWho="1" sc="240,40,240,-20,250,0,250,0" /><INIT seed="0,1,0,2,2,23" ten="280,220,250,250" oya="0" hai0="127,35,15,55,115,30,37,87,13,48,122,46,6" hai1="56,81,78,118,61,95,107,99,29,71,68,60,20" hai2="96,90,102,5,100,128,38,50,34,59,14,58,0" hai3="132,16,8,109,62,117,32,97,49,101,82,106,125"/><T113/><D122/><U116/><E107/><V66/><F38/><W79/><G117/><T24/><D127/><U9/><E9/><N who="2" m="4399" /><F34/><W110/><G125/><T120/><D120/><U51/><E118/><V94/><F0/><W36/><G36/><T80/><D37/><U41/><E116/><V89/><F128/><W65/><G32/><T98/><D98/><U47/><E71/><V105/><F105/><W69/><G132/><T75/><D75/><U45/><E68/><V1/><F1/><W22/><G8/><T43/><D55/><U135/><E135/><V28/><F28/><W133/><G49/><T57/><D57/><U104/><E104/><V77/><F77/><W44/><G44/><T42/><D42/><U2/><E2/><V40/><F90/><W108/><G133/><T129/><D129/><U18/><E29/><V88/><F89/><W17/><REACH who="3" step="1"/><G22/><REACH who="3" step="2"/><T10/><REACH who="0" step="1"/><D15/><REACH who="0" step="2"/><N who="1" m="9311" /><E47/><N who="2" m="25959" /><F66/><W26/><G26/><T103/><D103/><AGARI ba="1,2" hai="58,59,88,94,96,100,102,103" m="25959,4399" machi="103" ten="30,2000,0" yaku="8,1,54,1" doraHai="23" who="2" fromWho="0" sc="270,-23,220,0,250,43,240,0" /><INIT seed="1,0,0,1,0,5" ten="247,220,293,240" oya="1" hai0="131,35,108,45,63,21,80,97,18,1,99,75,23" hai1="2,39,109,79,93,124,61,59,85,53,29,40,78" hai2="56,115,14,119,49,64,105,66,26,65,22,46,89" hai3="114,110,24,54,83,116,133,7,107,77,95,98,16"/><U128/><E2/><V20/><F105/><W41/><G116/><T37/><D131/><U60/><E128/><V52/><F119/><W117/><G117/><T130/><D130/><U88/><E124/><V4/><F115/><W9/><G110/><T36/><D35/><U101/><E109/><V17/><F89/><W3/><G107/><T104/><D23/><U68/><E29/><V48/><F4/><W33/><G114/><T67/><D1/><U82/><E39/><V73/><F73/><W55/><G41/><T74/><D74/><U58/><E40/><V50/><F46/><W106/><G106/><T81/><D36/><U71/><E101/><V100/><REACH who="2" step="1"/><F100/><REACH who="2" step="2"/><W34/><G133/><T103/><D104/><U15/><E79/><V43/><F43/><W42/><G42/><T90/><D103/><U72/><REACH who="1" step="1"/><E15/><REACH who="1" step="2"/><V6/><F6/><W11/><G7/><T25/><D108/><U38/><E38/><V122/><F122/><W126/><G3/><T87/><D37/><U129/><E129/><V10/><F10/><W44/><G126/><T112/><D112/><U111/><E111/><V94/><F94/><W135/><G95/><T118/><D118/><U70/><E70/><V8/><F8/><W92/><G92/><T91/><D91/><U51/><E51/><V57/><F57/><W62/><G9/><T69/><D45/><U123/><E123/><V13/><F13/><W28/><G44/><T127/><D127/><U132/><E132/><V47/><F47/><W96/><G135/><T113/><D113/><U32/><E32/><V31/><AGARI ba="0,2" hai="14,17,20,22,26,31,48,49,50,52,56,64,65,66" machi="31" ten="30,12000,2" yaku="1,1,5,1,0,1,8,1,54,1,53,2" doraHai="5" doraHaiUra="19" who="2" fromWho="2" sc="247,-30,210,-60,283,140,240,-30" /><INIT seed="2,0,0,1,3,32" ten="217,150,423,210" oya="2" hai0="34,65,6,133,15,128,59,115,57,70,19,55,111" hai1="94,75,16,67,42,131,8,4,5,37,53,117,52" hai2="24,103,83,56,48,69,91,71,107,26,61,121,125" hai3="72,30,2,106,10,51,9,124,25,101,54,38,119"/><V29/><F121/><W95/><G38/><T96/><D34/><U100/><E117/><V31/><F125/><W130/><G106/><T0/><D115/><U41/><E131/><V109/><F103/><W120/><G124/><T118/><D118/><U47/><E75/><V92/><F107/><W81/><G120/><T44/><D128/><U79/><E79/><V68/><F48/><W12/><G119/><T113/><D113/><U93/><E67/><V114/><F83/><W78/><G130/><T116/><D116/><U127/><E127/><V84/><F109/><W108/><G108/><T22/><D111/><U132/><E132/><V112/><F56/><W35/><G2/><T122/><D122/><U1/><E5/><V110/><F61/><W90/><G101/><T40/><D133/><U98/><E94/><V13/><F13/><W11/><G12/><T64/><D96/><U105/><E105/><V58/><F58/><W89/><REACH who="3" step="1"/><G95/><REACH who="3" step="2"/><T46/><D0/><U36/><REACH who="1" step="1"/><E16/><REACH who="1" step="2"/><V126/><F126/><W76/><G76/><T77/><D77/><U62/><E62/><V135/><F112/><W82/><G82/><T104/><D104/><U87/><E87/><V99/><F114/><W60/><G60/><T102/><D19/><U74/><E74/><V49/><F110/><W86/><G86/><T27/><D64/><U134/><E134/><V21/><F135/><W80/><G80/><T20/><D65/><U39/><E39/><V50/><F84/><W63/><G63/><T66/><D66/><U14/><E14/><V18/><F18/><W3/><G3/><RYUUKYOKU ba="0,2" sc="217,-30,140,10,423,10,200,10" hai1="1,4,8,36,37,41,42,47,52,53,93,98,100" hai2="21,24,26,29,31,49,50,68,69,71,91,92,99" hai3="9,10,11,25,30,35,51,54,72,78,81,89,90" /><INIT seed="2,1,2,3,4,10" ten="187,150,433,210" oya="2" hai0="115,81,4,96,55,98,114,67,94,105,71,29,59" hai1="113,110,27,91,26,50,116,77,133,121,126,95,68" hai2="58,45,40,33,111,14,65,79,128,80,19,54,106" hai3="83,36,48,12,44,118,3,135,131,7,11,130,101"/><V39/><F33/><W18/><G118/><T90/><D4/><U23/><E116/><V46/><F106/><W24/><G36/><T74/><D29/><U127/><E113/><V103/><F103/><W122/><G122/><T93/><D71/><U8/><E68/><V86/><F128/><N who="3" m="49195" /><G101/><T32/><D32/><U78/><E121/><V88/><F111/><W41/><G135/><T37/><D67/><U49/><E110/><V21/><F65/><W66/><G66/><T73/><D37/><U22/><E133/><V28/><F28/><W6/><G83/><T97/><D55/><U124/><E8/><V72/><F40/><W9/><G24/><N who="1" m="9258" /><E91/><V15/><F39/><W60/><G60/><T30/><D30/><U25/><E95/><N who="0" m="36361" /><D59/><U47/><N who="1" m="9266" /><U35/><DORA hai="84" /><E47/><N who="2" m="17931" /><F79/><N who="1" m="30217" /><E35/><V31/><F72/><N who="0" m="27754" /><D105/><U43/><E43/><V125/><F31/><W100/><G100/><T5/><D5/><AGARI ba="1,2" hai="3,5,6,7,9,11,12,18,41,44,48" m="49195" machi="5" ten="30,2000,0" yaku="19,1,52,1" doraHai="10,84" who="3" fromWho="0" sc="187,-23,150,0,433,0,210,43" /><INIT seed="3,0,0,1,4,88" ten="164,150,433,253" oya="3" hai0="112,34,106,30,131,21,111,107,47,49,1,60,41" hai1="118,95,135,82,57,84,4,97,40,42,102,93,85" hai2="51,61,86,63,28,87,69,46,44,20,96,83,80" hai3="2,12,130,18,3,78,50,72,100,110,75,108,77"/><W10/><G100/><T76/><D34/><U9/><E118/><V11/><F69/><W5/><G130/><T71/><D1/><U123/><E123/><V55/><F96/><W36/><G36/><T115/><D131/><U126/><E126/><V19/><F11/><W65/><G65/><N who="0" m="41383" /><D76/><U17/><E135/><V103/><F28/><W32/><G32/><T8/><D8/><U15/><E57/><V62/><F46/><W91/><G91/><T48/><D48/><U128/><E128/><V54/><F54/><W117/><G117/><T58/><D58/><U98/><E4/><V74/><F74/><W31/><G31/><T119/><D119/><U26/><E26/><V14/><F20/><W104/><G104/><T38/><D38/><U79/><REACH who="1" step="1"/><E85/><REACH who="1" step="2"/><V109/><F87/><W122/><G122/><T134/><D134/><U67/><E67/><V53/><F86/><W27/><G75/><T132/><D132/><U125/><E125/><V0/><F103/><AGARI ba="0,1" hai="9,15,17,40,42,79,82,84,93,95,97,98,102,103" machi="103" ten="30,12000,2" yaku="1,1,7,1,9,1,8,1,52,2,53,0" doraHai="88" doraHaiUra="127" who="1" fromWho="2" sc="164,0,140,130,433,-120,253,0" owari="164,-24,270,2,313,32,253,-10" /></mjloggm>