<mjloggm ver="2.3"><GO type="41"/><UN n0="%6D%6F%6B%75%30%31%32%33" n1="%E3%82%A6%E3%83%AB%E3%83%88%E3%83%A9%E7%AB%8B%E7%9B%B4" n2="%E3%83%8D%E3%82%B3%E3%81%8C%E5%AF%9D%E3%81%A6%E3%81%8B%E3%82%89" n3="%E3%81%A1%E3%82%83%E3%82%8B%E2%98%86%E3%83%9F" dan="13,14,14,14" rate="1967,1932,1892,1946" sx="M,M,M,M"/><TAIKYOKU oya="0"/><INIT seed="0,0,0,4,0,93" ten="250,250,250,250" oya="0" hai0="133,125,127,123,117,107,90,88,52,12,114,19,103" hai1="53,71,9,108,97,42,24,8,61,85,27,57,98" hai2="105,43,41,46,89,75,6,95,69,81,64,47,11" hai3="83,119,130,113,96,40,70,49,21,111,99,112,28"/><T26/><D114/><U31/><E108/><V78/><F105/><W129/><G119/><T20/><D117/><U102/><E42/><V36/><F69/><W2/><G2/><T86/><D123/><U128/><E128/><N who="3" m="49258" /><G70/><T67/><D67/><U109/><E109/><V25/><F64/><W51/><G111/><T92/><D133/><U38/><E38/><V72/><F25/><N who="1" m="9801" /><E102/><V0/><F43/><W134/><G134/><T82/><D107/><U18/><E31/><V62/><F62/><W34/><G34/><T45/><D103/><U76/><E71/><V14/><F47/><N who="3" m="25831" /><G28/><T59/><D45/><U73/><E73/><N who="2" m="43215" /><F14/><W118/><G118/><T63/><REACH who="0" step="1"/><D12/><REACH who="0" step="2"/><N who="1" m="7431" /><E9/><V30/><F30/><W126/><G21/><T104/><D104/><U65/><E65/><V79/><F79/><W100/><G100/><T23/><D23/><U22/><E22/><V115/><F115/><W66/><G66/><T84/><AGARI ba="0,1" hai="19,20,26,52,59,63,82,84,86,88,90,92,125,127" machi="84" ten="30,11700,0" yaku="1,1,0,1,54,2,53,0" doraHai="93" doraHaiUra="110" who="0" fromWho="0" sc="240,127,250,-39,250,-39,250,-39" /><INIT seed="0,1,0,3,0,24" ten="367,211,211,211" oya="0" hai0="87,28,102,81,67,53,128,93,62,131,73,107,129" hai1="123,88,83,96,82,91,26,105,125,117,4,85,31" hai2="101,92,94,98,63,11,65,89,64,12,68,3,78" hai3="60,50,79,15,134,100,0,37,69,2,38,77,30"/><T127/><D73/><U90/><E4/><V57/><F3/><W106/><G134/><T135/><D107/><U29/><E123/><V21/><F78/><W75/><G79/><T32/><D53/><U27/><E117/><V6/><F21/><W9/><G50/><T25/><D135/><U66/><E66/><V14/><F14/><W109/><G109/><T7/><D7/><U43/><E43/><V45/><F45/><W13/><G13/><T112/><D112/><U10/><E10/><V42/><F42/><W54/><G2/><T19/><D19/><U110/><E110/><V116/><F116/><W34/><G54/><T47/><D47/><U120/><E120/><V115/><F115/><W44/><G44/><T97/><D127/><U46/><E46/><V124/><F124/><W33/><G33/><T119/><D119/><U70/><E70/><V99/><F68/><W48/><G48/><T52/><D52/><AGARI ba="1,0" hai="6,11,12,52,57,63,64,65,89,92,94,98,99,101" machi="52" ten="30,3900,0" yaku="7,1,8,1,54,1" doraHai="24" who="2" fromWho="0" sc="367,-42,211,0,211,42,211,0" /><INIT seed="1,0,0,1,3,45" ten="325,211,253,211" oya="1" hai0="77,80,65,20,18,28,103,2,62,30,41,106,82" hai1="54,0,114,64,35,96,19,72,107,8,5,113,1" hai2="10,86,40,87,37,52,117,92,53,130,129,60,128" hai3="115,102,43,68,76,126,75,88,105,73,67,22,3"/><U13/><E64/><V99/><F117/><W38/><G115/><T9/><D82/><U59/><E72/><V39/><F10/><W118/><G118/><T17/><D41/><U110/><E35/><V11/><F11/><W51/><G3/><T93/><D106/><U33/><E33/><V29/><F29/><W134/><G134/><T84/><D2/><U47/><E1/><V4/><F4/><W23/><G126/><T91/><D103/><U127/><E127/><V83/><F40/><W116/><G38/><N who="2" m="14345" /><F60/><W94/><G116/><T132/><D132/><U14/><E0/><V44/><F44/><W27/><G76/><T131/><D9/><U55/><E107/><V32/><F32/><W125/><G125/><T70/><D18/><U57/><E113/><V112/><F112/><W31/><G22/><T15/><D131/><U133/><E114/><V81/><F81/><W122/><G122/><T46/><D46/><U79/><E79/><N who="2" m="46463" /><F87/><AGARI ba="0,0" hai="15,17,20,28,30,62,65,70,77,80,84,87,91,93" machi="87" ten="30,1000,0" yaku="7,1" doraHai="45" who="0" fromWho="2" sc="325,10,211,0,253,-10,211,0" /><INIT seed="2,0,0,1,2,30" ten="335,211,243,211" oya="2" hai0="128,58,18,38,89,122,31,118,60,49,94,103,6" hai1="54,13,19,43,112,120,52,98,96,10,40,106,11" hai2="39,83,75,108,29,7,5,48,33,85,63,126,69" hai3="124,17,66,14,62,50,91,134,65,109,73,123,82"/><V88/><F39/><W127/><G123/><T115/><D38/><U64/><E64/><V25/><F75/><W47/><G109/><T34/><D122/><U104/><E120/><V12/><F126/><W57/><G134/><T35/><D31/><U86/><E86/><V20/><F108/><W119/><G119/><T24/><D115/><U99/><E112/><V61/><F69/><W68/><G73/><T21/><D6/><U111/><E111/><V70/><F70/><W81/><G68/><T45/><D103/><U105/><E19/><V93/><F48/><W113/><G113/><T16/><D18/><U110/><E13/><V2/><F2/><W55/><G66/><T32/><D118/><U26/><E26/><V23/><F33/><W71/><G71/><T53/><D128/><U116/><E116/><V130/><F130/><W78/><G78/><T129/><D129/><U90/><E90/><V28/><F83/><W22/><G91/><T59/><REACH who="0" step="1"/><D60/><REACH who="0" step="2"/><N who="2" m="23114" /><F29/><W101/><G101/><T36/><D36/><U77/><E110/><V56/><F56/><W8/><G127/><T67/><D67/><U72/><E72/><V37/><F37/><W121/><G124/><T114/><D114/><U27/><E77/><V107/><F107/><W76/><G121/><T133/><D133/><U41/><E27/><V79/><F79/><W92/><G76/><T80/><D80/><N who="3" m="30825" /><G92/><T1/><D1/><U97/><N who="1" m="25088" /><DORA hai="125" /><U74/><REACH who="1" step="1"/><E74/><REACH who="1" step="2"/><V3/><F3/><W15/><G15/><T44/><D44/><U132/><E132/><V4/><F12/><W84/><G84/><AGARI ba="0,2" hai="16,21,24,32,34,35,45,49,53,58,59,84,89,94" machi="84" ten="40,12000,2" yaku="1,1,6,1,52,3,54,1,53,1" doraHai="30,125" doraHaiUra="95,42" who="0" fromWho="3" sc="325,140,201,0,243,0,211,-120" /><INIT seed="3,0,0,5,0,11" ten="465,201,243,91" oya="3" hai0="28,120,35,26,80,113,41,131,52,94,69,12,16" hai1="89,34,8,0,100,73,95,63,112,50,96,133,19" hai2="123,32,88,57,85,109,101,116,37,130,114,93,97" hai3="124,134,78,106,55,119,71,18,31,67,76,59,6"/><W135/><G119/><T127/><D69/><U15/><E112/><V17/><F37/><W87/><G106/><T54/><D113/><U39/><E39/><V46/><F32/><W68/><G31/><T60/><D120/><U22/><E133/><V62/><F114/><W33/><G33/><T29/><D29/><U21/><E34/><V128/><F109/><W14/><G6/><T42/><D131/><N who="2" m="50218" /><F116/><W30/><G30/><T98/><D80/><U81/><E0/><V117/><F117/><W82/><G78/><T27/><D27/><U61/><E50/><V4/><F4/><W48/><G124/><T49/><D60/><N who="1" m="23115" /><E73/><V104/><F46/><W92/><G67/><T45/><D42/><U132/><E132/><N who="3" m="50730" /><G92/><T77/><D77/><U65/><E65/><N who="2" m="39119" /><F17/><W53/><G53/><T7/><D7/><U122/><E122/><AGARI ba="0,0" hai="85,88,93,97,101,104,122,123" m="39119,50218" machi="122" ten="30,2000,0" yaku="19,1,54,1" doraHai="11" who="2" fromWho="1" sc="465,0,201,-20,243,20,91,0" /><INIT seed="4,0,0,3,3,123" ten="465,181,263,91" oya="0" hai0="53,91,75,38,22,65,73,11,88,32,132,126,48" hai1="95,56,119,23,117,69,72,87,94,43,68,34,18" hai2="5,111,29,76,19,63,16,105,78,130,17,113,24" hai3="61,101,21,52,9,80,67,82,31,36,35,84,106"/><T47/><D32/><U64/><E72/><V50/><F105/><W20/><G36/><T71/><D75/><U39/><E34/><V129/><F113/><W92/><G9/><T96/><D73/><U128/><E87/><V79/><F5/><W89/><G35/><T86/><D65/><U135/><E18/><V118/><F63/><W108/><G108/><T30/><D71/><N who="1" m="27211" /><E94/><V131/><F50/><W14/><G67/><T33/><D33/><U99/><E95/><V40/><F40/><W27/><G106/><T15/><D96/><U121/><E99/><V13/><F13/><W100/><G100/><T97/><D97/><U3/><E3/><V93/><F93/><W70/><G70/><T133/><D91/><U125/><E23/><V46/><F46/><W102/><G102/><T107/><D107/><U55/><E121/><V7/><F7/><W85/><G101/><T114/><D22/><U104/><E104/><V6/><F6/><W115/><G115/><T98/><D114/><U77/><E77/><V26/><F118/><W8/><G21/><T120/><D98/><U41/><E64/><V124/><F111/><W103/><G85/><T83/><D120/><U54/><E39/><V44/><F44/><W25/><G25/><N who="2" m="9833" /><F29/><W45/><G45/><T66/><D30/><U116/><E125/><AGARI ba="0,0" hai="16,17,19,76,78,79,124,125,129,130,131" m="9833" machi="125" ten="50,12000,2" yaku="29,2,28,2,19,1,54,1" doraHai="123" who="2" fromWho="1" sc="465,0,181,-120,263,120,91,0" /><INIT seed="5,0,0,0,5,131" ten="465,61,383,91" oya="1" hai0="64,126,95,118,87,82,67,115,41,85,1,116,22" hai1="109,104,72,5,35,31,132,57,110,92,125,91,21" hai2="86,33,117,123,94,32,49,54,51,99,25,130,8" hai3="84,73,37,112,108,36,135,74,14,62,77,90,102"/><U12/><E104/><V98/><F130/><W101/><G108/><N who="1" m="41578" /><E72/><V13/><F117/><W43/><G43/><T34/><D118/><U2/><E125/><V59/><F123/><W128/><G128/><T0/><D126/><U122/><E122/><V68/><F68/><W81/><G62/><T7/><D116/><U61/><E35/><V18/><F51/><W6/><G112/><T26/><D115/><U40/><E40/><V127/><F127/><W15/><G6/><T106/><D34/><U78/><E78/><V113/><F113/><W88/><G77/><T96/><D106/><U9/><E31/><V16/><F33/><W111/><G111/><T50/><D41/><U46/><E46/><V83/><F32/><W17/><G17/><T79/><D79/><U107/><E107/><V30/><F30/><W89/><G89/><T97/><D95/><U48/><E48/><V133/><F133/><W11/><G11/><T52/><D50/><U93/><E132/><V58/><F59/><W23/><G23/><T63/><D22/><U75/><E75/><V28/><F28/><W121/><G121/><T103/><D82/><U71/><E71/><V20/><F94/><N who="1" m="36457" /><E91/><AGARI ba="0,0" hai="8,13,16,18,20,25,49,54,58,83,86,91,98,99" machi="91" ten="30,3900,0" yaku="7,1,8,1,54,1" doraHai="131" who="2" fromWho="1" sc="465,0,61,-39,383,39,91,0" /><INIT seed="6,0,0,2,5,115" ten="465,22,422,91" oya="2" hai0="58,79,65,27,78,32,89,124,3,88,132,133,56" hai1="98,17,83,49,82,95,131,122,120,48,44,112,61" hai2="57,47,73,108,41,14,71,110,25,91,9,18,66" hai3="39,129,106,101,19,86,113,126,76,62,36,103,119"/><V7/><F73/><W105/><G129/><T75/><D3/><U100/><E131/><V28/><F71/><W33/><G33/><T107/><D107/><U5/><E112/><V104/><F104/><W37/><G126/><T21/><D32/><U80/><E5/><V10/><F91/><N who="0" m="34890" /><D124/><U22/><E61/><V15/><F57/><N who="0" m="22122" /><D65/><U135/><E135/><N who="0" m="51785" /><D75/><U70/><E70/><V111/><F66/><W55/><G113/><T123/><D123/><U93/><E93/><V6/><F41/><W125/><G125/><T99/><D99/><U102/><E102/><V1/><F47/><W12/><G62/><T63/><D63/><U29/><E29/><AGARI ba="0,0" hai="21,27,29,78,79" m="51785,22122,34890" machi="29" ten="30,2000,0" yaku="20,1,54,1" doraHai="115" who="0" fromWho="1" sc="465,20,22,-20,422,0,91,0" /><INIT seed="7,0,0,3,3,45" ten="485,2,422,91" oya="3" hai0="8,99,124,24,111,11,21,88,100,73,87,91,13" hai1="90,82,120,78,56,84,74,125,60,2,65,7,17" hai2="114,30,33,40,79,77,44,51,109,20,69,47,112" hai3="64,128,131,43,57,34,16,66,39,46,76,81,105"/><W113/><G105/><T129/><D73/><U18/><E120/><V83/><F109/><W133/><G133/><T25/><D111/><U70/><E125/><V5/><F69/><W12/><G34/><T126/><D129/><N who="3" m="49737" /><G57/><T127/><D13/><U134/><E134/><V132/><F132/><W29/><G29/><N who="0" m="17551" /><D25/><U117/><E117/><V9/><F33/><W58/><G58/><T121/><D121/><U122/><E70/><V48/><F30/><W6/><G6/><T115/><D115/><N who="2" m="44074" /><F20/><N who="3" m="11271" /><G113/><T85/><D85/><AGARI ba="0,0" hai="39,43,46,64,66,76,81,85" m="11271,49737" machi="85" ten="30,2900,0" yaku="19,1,54,1" doraHai="45" who="3" fromWho="0" sc="485,-29,2,0,422,0,91,29" /><INIT seed="7,1,0,5,3,7" ten="456,2,422,120" oya="3" hai0="70,53,124,10,65,64,132,116,129,48,135,125,122" hai1="34,112,89,29,55,97,35,5,43,16,106,104,105" hai2="110,54,111,123,131,121,102,9,39,47,82,76,74" hai3="86,128,44,69,133,93,100,94,1,42,66,126,81"/><W118/><G118/><T84/><D84/><U90/><E43/><V58/><F131/><W107/><G133/><N who="0" m="51275" /><D116/><U36/><E5/><V11/><F102/><W75/><G126/><N who="0" m="48747" /><D122/><N who="2" m="46602" /><F47/><W32/><G128/><T19/><D129/><U27/><E97/><V127/><F39/><W73/><G32/><T0/><D70/><U14/><E36/><V87/><F127/><W71/><G71/><T59/><D0/><U109/><E109/><N who="2" m="41483" /><F74/><W83/><G83/><T72/><D72/><U25/><E55/><V3/><F3/><W31/><G31/><T28/><D28/><U37/><E37/><V130/><F130/><W108/><G108/><T103/><D103/><U52/><E52/><V77/><F76/><W30/><G30/><T23/><D10/><U41/><E29/><V78/><F78/><W13/><G1/><T88/><D88/><N who="1" m="33899" /><E41/><V24/><F24/><AGARI ba="1,0" hai="19,23,24,48,53,59,64,65" m="48747,51275" machi="24" ten="30,2000,0" yaku="20,1,18,1" doraHai="7" who="0" fromWho="2" sc="456,23,2,0,422,-23,120,0" owari="479,58,2,-50,399,20,120,-28" /></mjloggm>