<mjloggm ver="2.3"><GO type="41"/><UN n0="%62%EF%BC%8D%34%61%63%3D%30" n1="%E3%82%A6%E3%83%AB%E3%83%88%E3%83%A9%E7%AB%8B%E7%9B%B4" n2="%75%6E%2D%6C%75%63%6B%79" n3="%73%75%6D%32%32%35%35" dan="15,14,15,15" rate="2037,1915,1977,1976" sx="M,M,M,M"/><TAIKYOKU oya="0"/><INIT seed="0,0,0,3,5,101" ten="250,250,250,250" oya="0" hai0="100,124,60,20,96,135,110,38,122,76,0,24,53" hai1="118,39,21,114,35,22,28,106,19,133,84,9,13" hai2="86,66,115,52,120,134,128,18,99,42,10,41,7" hai3="61,107,111,129,65,103,5,27,90,43,94,30,64"/><T44/><D122/><U87/><E39/><V4/><F120/><W1/><G65/><T117/><D117/><U54/><E118/><V95/><F115/><W3/><G111/><T108/><D0/><U78/><E114/><V49/><F66/><W63/><G43/><N who="2" m="16393" /><F134/><W56/><G5/><T74/><D135/><U2/><E133/><V83/><F128/><W26/><G63/><T69/><D38/><U37/><E37/><V36/><F36/><W14/><G27/><T40/><D40/><U75/><E75/><V48/><F48/><W17/><G129/><T91/><D91/><U73/><E73/><V59/><F18/><W80/><G80/><T6/><D6/><N who="1" m="1239" /><E22/><V23/><F23/><W85/><G17/><T89/><D89/><U8/><E54/><V45/><F59/><W57/><G56/><T104/><D124/><U92/><E8/><V98/><F10/><W33/><G14/><T88/><D88/><N who="1" m="53255" /><E87/><V31/><F31/><W105/><REACH who="3" step="1"/><G103/><REACH who="3" step="2"/><T131/><D69/><U119/><E119/><V113/><F113/><W15/><G15/><T72/><D60/><U67/><E67/><V123/><F123/><W130/><G130/><T70/><D131/><U109/><E109/><N who="0" m="42089" /><D70/><U55/><E13/><V12/><F12/><W16/><G16/><N who="0" m="12295" /><D76/><U126/><E78/><V50/><F4/><W47/><G47/><T97/><D97/><U68/><E68/><V51/><F7/><W62/><G62/><T79/><D79/><U102/><E102/><N who="2" m="60767" /><F99/><W127/><G127/><T116/><D116/><U82/><E126/><V132/><F132/><W77/><G77/><AGARI ba="0,1" hai="45,49,50,51,52,77,83,86" m="60767,16393" machi="77" ten="30,3900,0" yaku="6,1,8,1,54,1" doraHai="101" who="2" fromWho="3" sc="250,0,250,0,250,49,240,-39" /><INIT seed="1,0,0,0,2,124" ten="250,250,299,201" oya="1" hai0="126,10,14,62,15,17,83,112,89,132,38,27,115" hai1="86,74,122,59,2,67,43,79,66,26,52,0,68" hai2="94,109,34,116,85,28,4,30,72,129,90,29,22" hai3="104,113,7,61,53,11,19,36,24,42,110,101,78"/><U103/><E74/><V100/><F34/><W133/><G104/><T32/><D126/><U51/><E122/><V98/><F72/><W37/><G113/><T69/><D38/><U33/><E103/><V55/><F116/><W81/><G110/><T6/><D69/><U5/><E43/><V120/><F120/><W107/><G133/><T54/><D62/><U45/><E68/><V1/><F109/><W16/><G19/><T56/><D56/><U9/><E2/><V121/><F121/><W31/><G42/><T64/><D54/><U44/><E33/><V46/><F1/><W97/><G31/><N who="0" m="19583" /><D64/><U65/><E26/><V12/><F129/><W20/><G61/><T58/><D89/><U105/><REACH who="1" step="1"/><E105/><REACH who="1" step="2"/><V119/><F119/><W25/><G24/><T106/><D106/><U96/><E96/><V13/><F98/><W128/><G37/><T49/><D115/><U75/><E75/><V135/><F100/><W50/><G36/><T57/><D112/><U117/><E117/><V41/><F41/><W108/><G108/><T39/><D132/><U71/><E71/><V92/><F135/><W102/><G101/><T87/><D58/><U134/><E134/><V18/><F85/><W91/><G25/><T125/><D57/><U35/><E35/><V8/><F46/><W60/><G107/><T63/><D87/><U88/><E88/><V70/><F70/><W95/><G91/><T40/><D39/><U131/><E131/><V73/><F73/><W48/><G102/><T130/><D40/><U99/><E99/><N who="2" m="57751" /><F94/><W123/><G95/><T23/><D130/><RYUUKYOKU ba="0,1" sc="250,-15,240,15,299,15,201,-15" hai1="0,5,9,44,45,51,52,59,65,66,67,79,86" hai2="4,8,12,13,18,22,28,29,30,55" /><INIT seed="1,1,1,1,0,56" ten="235,255,314,186" oya="1" hai0="126,59,101,121,71,119,107,113,58,44,111,42,36" hai1="85,27,130,12,65,99,25,45,16,8,53,76,23" hai2="60,115,75,21,67,33,46,106,41,112,94,64,15" hai3="39,63,47,24,49,83,40,96,95,70,26,32,54"/><U97/><E130/><V125/><F106/><W57/><G32/><T90/><D107/><U72/><E72/><V48/><F75/><W10/><G83/><T74/><D101/><U35/><E35/><V52/><F33/><W51/><G10/><T123/><D74/><U22/><E65/><V86/><F125/><W2/><G2/><T133/><D90/><U98/><E45/><V62/><F94/><W5/><G5/><T114/><D126/><U108/><E108/><V73/><F73/><W103/><G49/><T31/><D31/><U3/><E3/><V117/><F86/><W43/><G40/><T28/><D28/><U135/><E135/><V4/><F117/><W34/><G34/><T100/><D100/><U30/><E53/><V14/><F4/><W55/><G54/><T38/><D133/><U19/><E85/><V6/><F6/><W37/><REACH who="3" step="1"/><G39/><REACH who="3" step="2"/><T109/><D119/><U81/><E76/><V61/><F41/><W105/><G105/><T104/><D104/><U78/><E78/><V87/><F21/><W102/><G102/><T91/><D42/><U129/><E129/><V68/><F115/><W110/><G110/><T66/><D36/><U29/><E81/><V122/><F112/><W50/><G50/><T124/><D38/><U134/><E134/><V127/><F127/><W118/><G118/><T20/><D124/><U69/><E69/><V9/><F68/><W93/><G93/><T84/><D113/><U131/><E131/><V89/><F48/><W7/><G7/><AGARI ba="1,2" hai="7,8,12,16,19,22,23,25,27,29,30,97,98,99" machi="7" ten="40,7700,0" yaku="9,1,8,1,54,1" doraHai="56" who="1" fromWho="3" sc="235,0,255,100,314,0,176,-80" /><INIT seed="1,2,0,1,0,101" ten="235,355,314,96" oya="1" hai0="34,35,0,37,83,107,73,53,14,79,76,36,132" hai1="6,86,114,27,31,19,24,115,29,48,81,93,127" hai2="38,124,99,88,52,94,50,12,68,64,113,104,96" hai3="131,3,40,41,7,13,112,100,42,28,87,129,108"/><U85/><E127/><V105/><F38/><W84/><G3/><T63/><D76/><U45/><E6/><V133/><F124/><W47/><G28/><T74/><D14/><U69/><E69/><V134/><F113/><W44/><G112/><T20/><D20/><U78/><E115/><V116/><F116/><W135/><G100/><T130/><D130/><U128/><E128/><N who="3" m="49226" /><G108/><T65/><D53/><U126/><E126/><V109/><F109/><W111/><G111/><T23/><D23/><U91/><E114/><V97/><F12/><W5/><G135/><N who="2" m="51721" /><F64/><W89/><G13/><T9/><D74/><U11/><E11/><V117/><F68/><W51/><G89/><T49/><D49/><U92/><E92/><V8/><F8/><W16/><G51/><T17/><D17/><U70/><E70/><V77/><F77/><W102/><G16/><T80/><D80/><U56/><E56/><N who="2" m="32791" /><F117/><W123/><G102/><T1/><D9/><U66/><E66/><V58/><F58/><W61/><G61/><T75/><D132/><U122/><E27/><V120/><F120/><W39/><G123/><T60/><D73/><U98/><E122/><V82/><F82/><W25/><G25/><T32/><D0/><U4/><E24/><V103/><F103/><W90/><G90/><T21/><D1/><U106/><E91/><V59/><F59/><W67/><G67/><T15/><D37/><U125/><E125/><V54/><F54/><W55/><G55/><T118/><D36/><U30/><E78/><V57/><F57/><W62/><G39/><T33/><D118/><RYUUKYOKU ba="2,0" sc="235,-10,355,-10,314,30,96,-10" hai2="88,94,96,97,99,104,105" /><INIT seed="2,3,0,1,2,118" ten="225,345,344,86" oya="2" hai0="44,89,17,50,72,91,101,133,34,76,123,103,25" hai1="53,47,119,37,5,71,98,28,124,40,73,16,9" hai2="39,54,58,46,107,66,22,111,78,43,61,113,6" hai3="30,100,108,70,104,32,127,1,105,7,56,33,10"/><V95/><F107/><W13/><G56/><T12/><D72/><U52/><E119/><V125/><F113/><W81/><G108/><T93/><D76/><U15/><E124/><V75/><F125/><W87/><G127/><T130/><D130/><U114/><E114/><V85/><F6/><W90/><G70/><T8/><D123/><U82/><E71/><V117/><F117/><W51/><G51/><T57/><D91/><U4/><E28/><V110/><F75/><W121/><G121/><T19/><D133/><U36/><E36/><V131/><F131/><W96/><G105/><T116/><D57/><U3/><E98/><V49/><F22/><W69/><G69/><T97/><D34/><U65/><E65/><V63/><F78/><W92/><G30/><T129/><D129/><U106/><E106/><V0/><F0/><W122/><G122/><T38/><D38/><U18/><E18/><V20/><F20/><W55/><G55/><T126/><D126/><U120/><E5/><V115/><F115/><W29/><G29/><T60/><D60/><U88/><E120/><V14/><F14/><W84/><G1/><T94/><D94/><U21/><E88/><AGARI ba="3,0" hai="7,10,13,32,33,81,84,87,88,90,92,96,100,104" machi="88" ten="30,2000,0" yaku="7,1,54,1" doraHai="118" who="3" fromWho="1" sc="225,0,345,-29,344,0,86,29" /><INIT seed="3,0,0,3,2,41" ten="225,316,344,115" oya="3" hai0="129,111,57,13,77,43,84,48,69,39,18,16,8" hai1="93,132,95,98,94,60,58,91,62,55,1,130,125" hai2="56,110,25,102,42,81,65,116,63,22,71,47,23" hai3="112,114,10,113,19,76,36,90,11,83,106,46,7"/><W135/><G106/><T127/><D111/><U82/><E125/><V128/><F116/><W126/><G90/><T119/><D127/><U123/><E123/><V0/><F0/><N who="3" m="359" /><G19/><T101/><D129/><U17/><E130/><V64/><F128/><W15/><G126/><T4/><D69/><U70/><E132/><V80/><F110/><W45/><G15/><T72/><D72/><U86/><E1/><V105/><F105/><W100/><G100/><T26/><D39/><U109/><E109/><V14/><F102/><W20/><G20/><T6/><D101/><U103/><E70/><V34/><F34/><W122/><G122/><T115/><D115/><U51/><E17/><N who="2" m="10551" /><F71/><W2/><G135/><T73/><D73/><U134/><E134/><V121/><F65/><W99/><G99/><T31/><D18/><U29/><E29/><N who="2" m="17599" /><F121/><W131/><G131/><T79/><D79/><U53/><REACH who="1" step="1"/><E62/><REACH who="1" step="2"/><V108/><F108/><W74/><G36/><T124/><D124/><U107/><E107/><V12/><F12/><W24/><G24/><T32/><D119/><U96/><E96/><V67/><F67/><W117/><G117/><T40/><D13/><U78/><E78/><V59/><F63/><W33/><G33/><T89/><D32/><U133/><E133/><V3/><F64/><W44/><G2/><T66/><D77/><U68/><E68/><V104/><F104/><W85/><G74/><T61/><D66/><U92/><E92/><V50/><F3/><W97/><G97/><T54/><D61/><U28/><E28/><V118/><F118/><W120/><G120/><RYUUKYOKU ba="0,1" sc="225,-30,306,10,344,10,115,10" hai1="51,53,55,58,60,82,86,91,93,94,95,98,103" hai2="42,47,50,56,59,80,81" hai3="11,44,45,46,76,83,85,112,113,114" /><INIT seed="3,1,1,0,2,78" ten="195,316,354,125" oya="3" hai0="27,36,34,114,12,79,105,4,111,89,9,17,80" hai1="74,70,30,133,99,56,130,67,32,108,113,5,26" hai2="81,104,28,44,60,37,11,55,124,41,88,128,73" hai3="92,39,6,90,69,98,49,52,122,10,91,51,85"/><W0/><G69/><T58/><D111/><U75/><E56/><V7/><F104/><W126/><G39/><T1/><D36/><U123/><E5/><V120/><F120/><W54/><G122/><T31/><D105/><U121/><E99/><V57/><F128/><W53/><REACH who="3" step="1"/><G126/><REACH who="3" step="2"/><T110/><D110/><U83/><E123/><V25/><F124/><W103/><G103/><T3/><D114/><U97/><E70/><V38/><F37/><W119/><G119/><T46/><D46/><U22/><E121/><V35/><F38/><W68/><G68/><T131/><D131/><U87/><E113/><V19/><F44/><W132/><G132/><T18/><D58/><U71/><E133/><V77/><F57/><W96/><G96/><T24/><D89/><U115/><E97/><V63/><F88/><W95/><AGARI ba="1,2" hai="0,6,10,49,51,52,53,54,85,90,91,92,95,98" machi="95" ten="30,6000,0" yaku="1,1,0,1,54,1,53,0" doraHai="78" doraHaiUra="62" who="3" fromWho="3" sc="195,-21,316,-21,354,-21,115,83" /><INIT seed="3,2,0,5,2,102" ten="174,295,333,198" oya="3" hai0="129,130,84,41,51,17,35,111,25,57,43,100,108" hai1="79,115,135,23,123,21,56,124,80,20,106,95,71" hai2="132,60,67,1,120,19,134,87,81,40,47,44,70" hai3="105,89,121,116,5,0,54,52,59,104,39,133,107"/><W34/><G39/><T65/><D100/><U29/><E123/><V97/><F1/><W85/><G121/><T26/><D84/><U8/><E115/><V78/><F120/><W96/><G116/><T119/><D119/><U4/><E71/><V11/><F97/><W93/><G34/><T117/><D117/><U49/><E124/><V15/><REACH who="2" step="1"/><F47/><REACH who="2" step="2"/><W68/><G133/><T66/><D35/><U110/><E135/><V91/><F91/><W69/><G96/><T36/><D36/><AGARI ba="2,1" hai="11,15,19,36,40,44,60,67,70,78,81,87,132,134" machi="36" ten="40,5200,0" yaku="1,1,53,2" doraHai="102" doraHaiUra="128" who="2" fromWho="0" sc="174,-58,295,0,323,68,198,0" /><INIT seed="4,0,0,4,2,75" ten="116,295,391,198" oya="0" hai0="123,93,24,17,92,121,52,131,48,30,2,119,122" hai1="97,5,83,49,86,7,27,25,3,40,129,0,134" hai2="20,59,82,68,13,11,38,43,66,103,63,110,29" hai3="99,108,60,62,42,102,130,61,76,34,31,115,55"/><T8/><D119/><U53/><E129/><V116/><F110/><W98/><G42/><T104/><D104/><U128/><E134/><V41/><F68/><W33/><G108/><T56/><D131/><U101/><E128/><V16/><F38/><W67/><G130/><T18/><D2/><U4/><E40/><V125/><F116/><W124/><G115/><T85/><D8/><U114/><E114/><V132/><F132/><W36/><G36/><T14/><D14/><U21/><E3/><V58/><F103/><W46/><G124/><T35/><D85/><U117/><E21/><V109/><F109/><W64/><G31/><T81/><REACH who="0" step="1"/><D81/><REACH who="0" step="2"/><U23/><E117/><V91/><F82/><W15/><G15/><T73/><D73/><U6/><E0/><V44/><F13/><W47/><G102/><T87/><D87/><U107/><E107/><V28/><F11/><W106/><G106/><T9/><D9/><U71/><E101/><V10/><F10/><W78/><G62/><T1/><D1/><U12/><E97/><V89/><F63/><W26/><G26/><T79/><D79/><U118/><E118/><V54/><F91/><W105/><G105/><T94/><AGARI ba="0,1" hai="17,18,24,30,35,48,52,56,92,93,94,121,122,123" machi="94" ten="40,7800,0" yaku="1,1,0,1,54,1,53,0" doraHai="75" doraHaiUra="69" who="0" fromWho="0" sc="106,88,295,-26,391,-26,198,-26" /><INIT seed="4,1,0,1,3,4" ten="194,269,365,172" oya="0" hai0="95,97,104,52,7,79,18,41,58,17,83,119,110" hai1="53,122,3,19,21,14,121,84,12,73,118,127,68" hai2="82,2,134,81,63,108,42,26,6,47,98,131,124" hai3="65,132,74,25,129,88,85,92,62,116,133,45,78"/><T120/><D120/><U1/><E73/><V71/><F108/><W86/><G74/><T90/><D119/><U44/><E68/><V128/><F98/><W20/><G116/><T61/><D110/><U107/><E53/><V8/><F124/><W54/><G129/><N who="2" m="49737" /><F134/><N who="3" m="51819" /><G45/><T31/><D41/><U94/><E84/><V109/><F109/><W9/><G9/><T70/><D70/><U87/><E87/><V102/><F102/><W135/><N who="3" m="51827" /><W113/><DORA hai="32" /><G113/><T51/><D31/><U29/><E94/><V48/><F26/><W89/><G78/><T43/><D104/><U23/><E44/><V114/><F114/><W60/><G54/><T100/><D7/><U69/><E69/><V33/><F33/><W67/><G65/><AGARI ba="1,0" hai="2,6,8,42,47,48,63,65,71,81,82" m="49737" machi="65" ten="30,3900,0" yaku="19,1,52,2" doraHai="4,32" who="2" fromWho="3" sc="194,0,269,0,365,42,172,-42" /><INIT seed="5,0,0,4,1,80" ten="194,269,407,130" oya="1" hai0="18,35,55,58,51,93,71,32,103,85,78,104,108" hai1="27,116,84,73,45,9,57,82,110,62,112,47,15" hai2="91,75,46,94,4,59,50,101,118,133,124,37,111" hai3="96,3,79,132,41,119,24,88,122,76,115,131,128"/><U123/><E123/><V89/><F75/><W86/><G3/><T38/><D38/><U64/><E116/><V125/><F118/><W100/><G119/><T40/><D71/><U48/><E110/><V30/><F111/><W70/><G70/><T121/><D40/><U130/><E130/><N who="3" m="49706" /><G41/><T135/><D135/><U92/><E112/><V74/><F74/><W72/><G24/><T34/><D108/><U77/><E27/><V107/><F107/><N who="3" m="63879" /><G122/><T134/><D134/><U44/><E92/><V31/><F37/><W114/><G132/><T13/><D121/><U6/><REACH who="1" step="1"/><E73/><REACH who="1" step="2"/><V66/><F94/><N who="3" m="54551" /><G72/><T20/><D104/><U68/><E68/><V49/><F133/><W99/><G99/><T102/><D78/><AGARI ba="0,1" hai="76,78,79,114,115" m="54551,63879,49706" machi="78" ten="30,8000,1" yaku="19,1,34,2,52,1,54,1" doraHai="80" who="3" fromWho="0" sc="194,-80,259,0,407,0,130,90" /><INIT seed="6,0,0,0,2,68" ten="114,259,407,220" oya="2" hai0="52,5,135,23,33,66,110,20,117,59,91,17,84" hai1="54,39,16,79,37,116,11,0,58,38,40,69,113" hai2="29,74,77,112,119,128,32,130,42,55,127,13,53" hai3="62,107,108,129,21,131,86,93,76,97,27,49,94"/><V83/><F119/><W18/><G107/><T14/><D110/><U36/><E116/><V4/><F112/><W1/><G1/><T28/><D33/><U2/><E69/><V48/><F127/><W15/><G108/><T98/><D117/><U45/><E113/><V82/><F82/><W99/><G62/><T103/><D66/><U6/><E79/><V120/><F120/><W19/><G49/><T72/><D72/><U31/><E31/><V92/><F92/><W100/><G76/><T34/><D34/><U115/><E115/><V35/><F29/><W85/><G131/><T9/><D28/><U61/><E2/><V88/><F88/><W8/><REACH who="3" step="1"/><G129/><REACH who="3" step="2"/><T90/><D135/><U51/><REACH who="1" step="1"/><E16/><REACH who="1" step="2"/><V41/><F130/><W126/><G126/><T133/><D133/><U46/><E46/><V3/><F128/><W102/><AGARI ba="0,2" hai="8,15,18,19,21,27,85,86,93,94,97,99,100,102" machi="102" ten="20,8000,1" yaku="1,1,0,1,7,1,9,1,8,1,53,0" doraHai="68" doraHaiUra="47" who="3" fromWho="3" sc="114,-20,249,-20,407,-40,210,100" /><INIT seed="7,0,0,3,5,10" ten="94,229,367,310" oya="3" hai0="39,23,99,54,91,11,43,88,135,25,111,60,93" hai1="79,56,77,134,132,59,129,103,85,64,30,5,9" hai2="27,40,127,87,6,13,112,123,62,45,68,118,55" hai3="107,125,69,41,35,53,47,4,124,50,24,48,58"/><W52/><G107/><T83/><D111/><U84/><E9/><V37/><F118/><W75/><G75/><T95/><D135/><U76/><E30/><V104/><F104/><W121/><G4/><T120/><D39/><U34/><E5/><V82/><F123/><W114/><G35/><T33/><D33/><U70/><E34/><V116/><F116/><W26/><G121/><T29/><D83/><U18/><E18/><V126/><F112/><W92/><G92/><T32/><D43/><U66/><E103/><V133/><F133/><N who="1" m="51305" /><E70/><V96/><F96/><W90/><G90/><T74/><D74/><U36/><E36/><V130/><F27/><N who="3" m="10283" /><G69/><T80/><D80/><U31/><E31/><V72/><F72/><W3/><G3/><T46/><D32/><U67/><E129/><V17/><F130/><W61/><G114/><T15/><D120/><U20/><E20/><V100/><F100/><W63/><G41/><T97/><D46/><U1/><E1/><V108/><F6/><W73/><G73/><T105/><D105/><U109/><E109/><V128/><F108/><W57/><G47/><T8/><REACH who="0" step="1"/><D15/><REACH who="0" step="2"/><U2/><E2/><V78/><F128/><W119/><G119/><T14/><D14/><U7/><E7/><V0/><F0/><W28/><G28/><T110/><D110/><U101/><E101/><V115/><F115/><W38/><G38/><T19/><D19/><U71/><E71/><V98/><F68/><W65/><G65/><T117/><D117/><U49/><E67/><V86/><F13/><W22/><G22/><T94/><D94/><RYUUKYOKU ba="0,1" sc="84,15,229,-15,367,-15,310,15" hai0="8,11,23,25,29,54,60,88,91,93,95,97,99" hai3="48,50,52,53,57,58,61,63,124,125" /><INIT seed="7,1,1,5,0,78" ten="99,214,352,325" oya="3" hai0="103,125,85,132,35,4,119,29,54,91,14,83,87" hai1="92,48,49,34,76,121,58,44,28,97,45,40,114" hai2="120,112,133,15,24,56,30,47,128,69,72,73,10" hai3="110,64,81,52,98,17,129,20,32,39,22,5,84"/><W111/><G39/><T107/><D119/><U21/><E34/><V116/><F116/><W66/><G32/><T67/><D132/><U115/><E121/><V118/><F118/><W7/><G98/><T86/><D125/><U131/><E131/><V19/><F69/><W122/><G122/><T36/><D36/><U74/><E58/><V102/><F120/><W113/><G113/><T105/><D67/><U57/><E57/><V16/><F112/><W77/><G129/><T43/><D43/><U126/><E126/><V104/><F128/><W62/><G66/><T25/><D54/><U33/><E33/><V80/><F133/><W65/><G64/><T11/><D103/><U50/><E50/><V60/><F19/><W9/><G17/><T2/><D87/><U93/><E93/><V0/><F47/><W123/><G123/><T95/><REACH who="0" step="1"/><D2/><REACH who="0" step="2"/><U134/><E134/><V31/><F0/><N who="3" m="167" /><G52/><T124/><D124/><U70/><E40/><V8/><F73/><W82/><G7/><T23/><D23/><N who="3" m="8745" /><G65/><T42/><D42/><U51/><E70/><V18/><F72/><N who="3" m="43175" /><G62/><T127/><D127/><U109/><E114/><V46/><F60/><W55/><G55/><T13/><D13/><U6/><E115/><V96/><F102/><W108/><G84/><T26/><D26/><U101/><E21/><V68/><F68/><W3/><G3/><T90/><AGARI ba="1,2" hai="4,11,14,25,29,35,83,85,86,90,91,95,105,107" machi="90" ten="20,8000,1" yaku="1,1,0,1,7,1,52,1,53,1" doraHai="78" doraHaiUra="79" who="0" fromWho="0" sc="89,103,214,-21,352,-21,325,-41" owari="192,-31,193,-21,331,44,284,8" /></mjloggm>