<mjloggm ver="2.3"><GO type="9"/><UN n0="%E4%BD%90%E5%90%89%E3%81%95%E3%82%93" n1="%E7%A9%82%E4%B9%83%E9%A6%99" n2="%70%78%6B%78%64%78%73" n3="%E3%82%A6%E3%83%AB%E3%83%88%E3%83%A9%E7%AB%8B%E7%9B%B4" dan="11,6,0,7" rate="1781,1609,1441,1687" sx="M,F,M,M"/><TAIKYOKU oya="0"/><INIT seed="0,0,0,5,2,27" ten="250,250,250,250" oya="0" hai0="84,73,1,49,114,133,130,29,107,102,126,20,72" hai1="21,48,94,24,125,129,28,61,66,67,14,16,101" hai2="22,134,88,6,89,39,77,34,109,115,110,17,85" hai3="119,106,103,9,41,127,50,83,47,97,117,96,70" shuffle="mt19937ar,9051FF39,8E7871CC,75132974,23DFCBD2,682CC02D,CA501ED7,0E4F8D99,42B679E7"/><T123/><D123/><U33/><E129/><V60/><F115/><W120/><G70/><T26/><D1/><U82/><E125/><V81/><F34/><W58/><G127/><T100/><D114/><U68/><E67/><V37/><F134/><W35/><G35/><T64/><D133/><U86/><E48/><V79/><F6/><W15/><G120/><T56/><D130/><U93/><REACH who="1" step="1"/><E101/><REACH who="1" step="2"/><V31/><F77/><AGARI ba="0,1" hai="14,16,21,24,28,33,61,66,68,77,82,86,93,94" machi="77" ten="30,8000,1" yaku="1,1,2,1,7,1,52,1,54,1,53,0" doraHai="27" doraHaiUra="104" who="1" fromWho="2" sc="250,0,240,90,250,-80,250,0" /><INIT seed="1,0,0,4,2,1" ten="250,330,170,250" oya="1" hai0="101,125,67,11,72,40,42,81,110,45,14,100,106" hai1="120,60,115,104,22,32,114,90,23,13,80,48,118" hai2="133,38,12,108,83,31,2,54,85,86,128,16,26" hai3="103,123,63,58,107,94,43,132,117,50,34,75,35" shuffle="mt19937ar,5F9A2C50,AACCA89B,B4F1F9C7,624C789C,C6563929,E7746B48,3B1DF874,6C3CD7AF"/><U65/><E120/><V79/><F128/><W47/><G75/><T55/><D125/><U116/><E104/><V74/><F2/><W91/><G123/><T64/><D110/><U61/><E32/><V93/><F108/><W30/><G117/><T98/><D101/><U8/><E48/><V73/><F133/><W95/><G132/><T78/><D42/><U39/><E39/><V19/><F38/><W3/><G3/><T9/><D55/><U99/><E99/><V131/><F131/><W17/><G107/><T5/><REACH who="0" step="1"/><D11/><REACH who="0" step="2"/><U97/><E118/><V96/><F54/><W102/><G103/><T21/><D21/><U62/><E116/><V68/><F68/><W29/><G102/><T51/><AGARI ba="0,1" hai="5,9,14,40,45,51,64,67,72,78,81,98,100,106" machi="51" ten="20,5200,0" yaku="1,1,0,1,7,1,52,1,53,0" doraHai="1" doraHaiUra="53" who="0" fromWho="0" sc="240,62,330,-26,170,-13,250,-13" /><INIT seed="2,0,0,2,3,26" ten="302,304,157,237" oya="2" hai0="60,72,46,67,16,37,17,50,105,95,9,23,97" hai1="20,59,41,112,92,3,34,55,28,31,80,107,45" hai2="0,29,82,109,114,52,133,1,121,63,64,70,96" hai3="113,118,85,81,90,84,123,98,30,40,44,21,71" shuffle="mt19937ar,9EE9F5DC,2B5C37A4,707D01FF,3A646094,D2F91851,3A1DCB8B,71372549,18BB0C32"/><V19/><F121/><W76/><G71/><T93/><D72/><U35/><E107/><V128/><F114/><W68/><G68/><T78/><D37/><U132/><E3/><V74/><F128/><W100/><G113/><T32/><D105/><U66/><E112/><V48/><F133/><W54/><G54/><T65/><D32/><U36/><E132/><V131/><F131/><W2/><G2/><T116/><D116/><U53/><E92/><V24/><F109/><W125/><G118/><T43/><D93/><U14/><E34/><V104/><F104/><W7/><G7/><T130/><D78/><U6/><E35/><V127/><F127/><W135/><G125/><T117/><D130/><U27/><E66/><N who="0" m="25097" /><D60/><U87/><E55/><V89/><F74/><W115/><G115/><T8/><D117/><U99/><E99/><V110/><F110/><W101/><G98/><T120/><D17/><U124/><E124/><V15/><F29/><W18/><G30/><T11/><D120/><U39/><E31/><V103/><F24/><N who="3" m="14391" /><G123/><T129/><D129/><U47/><E45/><V56/><F82/><N who="3" m="47175" /><G135/><T38/><D38/><U57/><E59/><V119/><F119/><W108/><G108/><T73/><D73/><U69/><E69/><V5/><F5/><W49/><AGARI ba="0,0" hai="40,44,49,81,85,90,100,101" m="47175,14391" machi="49" ten="30,1100,0" yaku="8,1" doraHai="26" who="3" fromWho="3" sc="302,-3,304,-3,157,-5,237,11" /><INIT seed="3,0,0,2,3,33" ten="299,301,152,248" oya="3" hai0="58,119,24,47,30,79,44,67,45,103,1,108,27" hai1="29,37,51,104,92,12,74,81,98,4,126,26,43" hai2="35,134,36,113,99,130,116,91,82,69,117,13,90" hai3="107,78,34,88,100,133,2,114,38,120,122,62,41" shuffle="mt19937ar,A10611E4,E45958BD,F59DECDC,CAB8FC80,EAD8DE9A,28CA9332,29008CDE,071B5774"/><W109/><G34/><T97/><D119/><U112/><E112/><V111/><F113/><W16/><G114/><T128/><D128/><U102/><E126/><V17/><F35/><W71/><G78/><T94/><D79/><U127/><E127/><V66/><F36/><W50/><G38/><T11/><D108/><U52/><E37/><V0/><F0/><W68/><G100/><T135/><D135/><U86/><E43/><V60/><F111/><W70/><G107/><T96/><D30/><U57/><E12/><V64/><F130/><W42/><G109/><T59/><D97/><U89/><E4/><V6/><F134/><W53/><G62/><T10/><D10/><U19/><E19/><V14/><F6/><W48/><G133/><T105/><D59/><U80/><E74/><V93/><F66/><W18/><G53/><T87/><D87/><U55/><REACH who="1" step="1"/><E55/><REACH who="1" step="2"/><V121/><F121/><W123/><G2/><T76/><D1/><U85/><E85/><V65/><F14/><W73/><G73/><T49/><D67/><U9/><E9/><V40/><F40/><N who="3" m="15467" /><G88/><N who="0" m="55367" /><D76/><U83/><E83/><V15/><F65/><W5/><G5/><T39/><D39/><U95/><E95/><V125/><F125/><W31/><G31/><T3/><D11/><U63/><E63/><V25/><F15/><W32/><G32/><AGARI ba="0,1" hai="26,29,32,51,52,57,80,81,86,89,92,98,102,104" machi="32" ten="30,7700,0" yaku="1,1,7,1,54,1,53,1" doraHai="33" doraHaiUra="21" who="1" fromWho="3" sc="299,0,291,87,152,0,248,-77" /><INIT seed="4,0,0,3,5,128" ten="299,378,152,171" oya="0" hai0="44,33,27,123,88,54,8,113,53,38,50,1,102" hai1="18,117,111,76,47,32,0,30,2,36,112,84,134" hai2="35,107,100,34,133,89,15,4,104,10,98,57,129" hai3="26,114,125,23,130,22,45,7,85,108,55,49,14" shuffle="mt19937ar,1C769618,7D626810,C4CA48A1,71991F08,AFF61A9E,29AC1F88,9269E13C,3238AFEC"/><T83/><D123/><U119/><E111/><V9/><F129/><W20/><G108/><T74/><D113/><U68/><E68/><V103/><F133/><W40/><G130/><T135/><D135/><U72/><E134/><V21/><F21/><W6/><G125/><T94/><D74/><U115/><E84/><V110/><F110/><W64/><G114/><N who="1" m="43562" /><E18/><V67/><F10/><W73/><G73/><T39/><D1/><N who="1" m="619" /><E47/><V96/><F89/><W78/><G64/><T16/><D39/><U80/><E36/><V75/><F75/><W116/><G116/><T70/><D38/><U63/><E63/><AGARI ba="0,0" hai="4,9,15,34,35,57,63,67,96,98,100,103,104,107" machi="63" ten="40,1300,0" yaku="9,1" doraHai="128" who="2" fromWho="1" sc="299,0,378,-13,152,13,171,0" /><INIT seed="5,0,0,3,0,60" ten="299,365,165,171" oya="1" hai0="28,64,4,97,68,57,16,34,54,37,106,95,29" hai1="117,24,12,93,126,96,65,91,77,7,122,58,38" hai2="128,42,125,90,124,86,10,1,76,26,107,102,5" hai3="80,14,43,35,133,27,48,82,118,113,104,101,110" shuffle="mt19937ar,A7ABF0EC,DD408C6B,7A15F7BE,21EEF5EE,42C6C6A3,578BBCA0,32B08373,64E64115"/><U52/><E122/><V119/><F119/><W8/><G101/><T109/><D106/><U112/><E38/><V100/><F128/><W111/><G104/><T41/><D109/><U123/><E117/><V134/><F134/><W3/><G48/><T132/><D132/><U33/><E123/><V11/><F26/><W15/><G43/><T36/><D4/><U53/><E126/><N who="2" m="48747" /><F11/><W40/><G40/><T88/><D34/><U62/><E112/><V83/><F42/><W39/><G39/><T66/><D68/><U87/><E33/><V78/><F107/><W131/><G82/><T120/><D37/><U56/><E24/><V9/><F9/><W55/><G80/><T51/><D36/><U72/><E72/><V47/><F47/><W115/><G55/><T61/><D120/><U85/><E58/><V92/><F78/><W75/><G75/><AGARI ba="0,0" hai="1,5,10,75,76,83,86,90,92,100,102" m="48747" machi="75" ten="30,1000,0" yaku="18,1" doraHai="60" who="2" fromWho="3" sc="299,0,365,0,165,10,171,-10" /><INIT seed="6,0,0,5,4,47" ten="299,365,175,161" oya="2" hai0="64,135,43,121,15,20,76,38,66,49,103,84,125" hai1="88,65,53,127,70,118,37,107,59,22,11,92,72" hai2="87,41,42,79,81,77,83,60,13,46,129,9,102" hai3="122,19,27,108,100,74,93,30,119,50,120,35,130" shuffle="mt19937ar,24428982,0A31BEF9,F7650AD0,1FFDA621,B1926C2C,C0C50D05,B33335E4,BE312364"/><V40/><F102/><W95/><G74/><T78/><D121/><U4/><E118/><V133/><F129/><W18/><G119/><T98/><D135/><U85/><E72/><V105/><F133/><W128/><G108/><T101/><D125/><U131/><E131/><V99/><F60/><W1/><G27/><T134/><D134/><U71/><E127/><V24/><F105/><W23/><G23/><T69/><D69/><U36/><E107/><V113/><F24/><W17/><G30/><T31/><D38/><U68/><E22/><V63/><F63/><W104/><G19/><N who="0" m="10367" /><D31/><U124/><E124/><V51/><F113/><W67/><G104/><T110/><D110/><U21/><E21/><V48/><F48/><W5/><G67/><N who="0" m="25643" /><D98/><U16/><E65/><V7/><REACH who="2" step="1"/><F99/><REACH who="2" step="2"/><W82/><G128/><T29/><D103/><U10/><E36/><V112/><F112/><W12/><G130/><T25/><D101/><U109/><E37/><V6/><F6/><W80/><G100/><T111/><D111/><U75/><E109/><V117/><F117/><W34/><G5/><T54/><D84/><AGARI ba="0,1" hai="7,9,13,40,41,42,46,51,77,79,81,83,84,87" machi="84" ten="30,18000,2" yaku="1,1,7,1,9,1,25,2,8,1,52,1,53,0" doraHai="47" doraHaiUra="32" who="2" fromWho="0" sc="299,-180,365,0,165,190,161,0" /><INIT seed="6,1,0,4,0,72" ten="119,365,355,161" oya="2" hai0="105,17,81,34,121,94,86,28,104,124,32,71,119" hai1="120,78,90,43,93,37,65,108,58,7,112,46,66" hai2="55,117,92,20,24,52,38,129,49,95,91,1,75" hai3="84,26,135,22,96,128,18,16,130,14,62,88,53" shuffle="mt19937ar,16BC0572,BC835635,2BDFBCBE,C97F2AE7,DE7627DD,5C7737BB,4B3CD261,BE83602A"/><V70/><F117/><W82/><G135/><T13/><D71/><U68/><E120/><V115/><F38/><W12/><G128/><T27/><D34/><U31/><E108/><V125/><F1/><W21/><G130/><T118/><D121/><U48/><E112/><V127/><F129/><W83/><G26/><T89/><D124/><N who="2" m="47690" /><F70/><W60/><G96/><T79/><D119/><U5/><E66/><V87/><F115/><W64/><G64/><T36/><D118/><U56/><E58/><N who="2" m="33039" /><F75/><W19/><G19/><T126/><D126/><U63/><E31/><N who="2" m="17799" /><F55/><W54/><G53/><T29/><D29/><U97/><E68/><V11/><F11/><W73/><G73/><T113/><D113/><U103/><E37/><V106/><F106/><W44/><REACH who="3" step="1"/><G83/><AGARI ba="1,0" hai="83,87,91,92,95" m="17799,33039,47690" machi="83" ten="30,2900,0" yaku="18,1,54,1" doraHai="72" who="2" fromWho="3" sc="119,0,365,0,355,32,161,-32" /><INIT seed="6,2,0,0,3,109" ten="119,365,387,129" oya="2" hai0="66,96,127,80,93,10,30,32,76,78,86,42,71" hai1="41,107,27,122,17,91,37,97,67,13,40,99,57" hai2="69,35,36,45,0,43,60,44,133,84,73,83,121" hai3="116,24,101,8,82,5,123,6,59,26,25,55,72" shuffle="mt19937ar,EC3FDCF5,D704BAEC,FF7BE1FF,DA1F1EE2,07AAD63D,F6560FE0,567D6364,154616DE"/><V112/><F121/><W117/><G101/><T2/><D127/><U64/><E122/><V126/><F126/><W108/><G123/><T87/><D2/><U47/><E41/><V38/><F73/><W132/><G82/><T9/><D42/><U23/><E67/><V90/><F133/><W51/><G72/><T4/><D71/><U134/><E134/><V34/><F0/><W68/><G68/><T11/><D4/><U92/><E107/><V110/><F110/><W119/><G132/><T3/><D3/><U98/><E64/><V46/><F112/><W54/><G108/><T50/><D32/><U65/><E65/><V75/><F75/><W1/><G1/><T130/><D130/><U28/><E57/><V131/><F131/><W77/><G77/><T31/><D66/><U85/><E85/><V15/><F69/><W128/><G8/><AGARI ba="2,0" hai="8,13,17,23,27,28,37,40,47,91,92,97,98,99" machi="8" ten="30,1000,0" yaku="7,1" doraHai="109" who="1" fromWho="3" sc="119,0,365,16,387,0,129,-16" /><INIT seed="7,0,0,5,0,5" ten="119,381,387,113" oya="3" hai0="52,117,14,65,36,82,46,133,73,112,91,110,26" hai1="85,1,57,8,119,126,93,13,3,62,47,76,9" hai2="7,118,15,75,94,83,28,21,135,79,20,109,37" hai3="95,24,25,60,129,86,4,68,35,16,74,43,71" shuffle="mt19937ar,B05FA52D,9DEAA95D,2DF21749,0E72CE38,857E958E,647EE832,273F9578,CD68F3C0"/><W105/><G74/><T72/><D117/><U102/><E3/><V12/><F118/><W122/><G105/><T0/><D110/><U53/><E119/><V69/><F109/><W31/><G122/><T78/><D72/><U29/><E126/><V55/><F135/><W104/><G104/><T99/><D0/><U44/><E1/><V90/><F69/><W98/><G4/><T19/><D133/><U127/><E127/><V66/><F66/><W107/><G107/><T101/><D112/><U2/><E2/><V128/><F128/><W32/><G129/><T63/><D26/><U89/><E29/><V45/><F55/><W77/><G43/><T64/><D36/><U27/><E27/><V18/><F28/><W59/><G35/><T100/><D100/><U131/><E131/><V115/><F115/><W84/><G68/><T130/><D91/><U124/><E124/><V41/><F7/><W40/><G40/><T54/><D130/><U125/><E125/><V88/><F94/><W33/><G71/><T92/><D65/><U134/><E134/><V80/><F80/><W50/><G50/><T81/><D46/><N who="1" m="17451" /><E13/><V123/><F123/><W103/><G77/><T120/><D82/><N who="1" m="47303" /><E102/><V10/><F10/><W48/><G33/><T113/><D120/><U39/><E39/><V17/><AGARI ba="0,0" hai="12,15,17,18,20,21,37,41,45,75,79,83,88,90" machi="17" ten="30,4000,0" yaku="0,1,9,1,54,1" doraHai="5" who="2" fromWho="2" sc="119,-10,381,-10,387,40,113,-20" owari="109,-29,371,17,427,53,93,-41" /></mjloggm>