<mjloggm ver="2.3"><GO type="41"/><UN n0="%E3%82%A6%E3%83%AB%E3%83%88%E3%83%A9%E7%AB%8B%E7%9B%B4" n1="%6D%69%6C%6B" n2="%EF%BC%A0%E3%82%AD%E3%83%A3%E3%82%B9%E3%83%88" n3="%E4%BD%90%E9%96%93%E3%81%AE%E8%BC%94" dan="14,14,13,13" rate="1935,1817,1919,1835" sx="M,M,F,M"/><TAIKYOKU oya="0"/><INIT seed="0,0,0,0,4,57" ten="250,250,250,250" oya="0" hai0="31,34,41,121,47,21,35,78,20,93,38,18,26" hai1="117,71,112,48,79,12,10,83,100,77,80,135,52" hai2="103,5,97,32,64,74,85,105,104,4,65,76,16" hai3="130,25,0,2,133,127,73,84,23,123,98,68,28"/><T62/><D121/><U51/><E71/><V89/><F32/><W22/><G68/><T61/><D78/><U99/><E117/><V81/><F105/><W90/><G73/><T59/><D93/><U43/><E112/><V67/><REACH who="2" step="1"/><F16/><REACH who="2" step="2"/><W92/><G123/><T66/><D35/><U14/><E10/><V114/><F114/><W17/><G127/><T50/><D18/><U132/><E100/><V40/><F40/><W95/><G130/><T72/><D34/><U19/><E19/><V44/><F44/><W91/><G133/><T69/><D21/><U110/><E43/><V108/><F108/><W109/><G109/><T56/><D38/><U1/><E110/><V116/><F116/><W29/><G29/><T49/><D69/><U107/><E107/><V122/><F122/><W75/><G75/><T54/><D72/><U37/><E37/><V113/><F113/><W3/><G3/><T27/><D41/><U9/><E9/><V60/><F60/><W8/><G8/><T118/><D118/><U119/><E119/><V86/><F86/><W13/><AGARI ba="0,1" hai="0,2,13,17,22,23,25,28,84,90,91,92,95,98" machi="13" ten="20,1500,0" yaku="0,1,7,1" doraHai="57" who="3" fromWho="3" sc="250,-7,250,-4,240,-4,250,25" /><INIT seed="1,0,0,5,1,99" ten="243,246,236,275" oya="1" hai0="130,4,115,15,95,79,119,49,124,122,76,107,62" hai1="88,90,14,75,34,33,20,45,42,29,17,3,65" hai2="96,98,2,131,11,12,43,86,85,24,97,8,133" hai3="104,28,112,32,51,37,1,109,69,58,61,55,26"/><U129/><E75/><V134/><F43/><W6/><G112/><T0/><D62/><U94/><E65/><V82/><F131/><W123/><G123/><T44/><D0/><U120/><E120/><V80/><F2/><W92/><G109/><T50/><D107/><U110/><E129/><V105/><F24/><W18/><G37/><T103/><D130/><U127/><E127/><V100/><F12/><W108/><G108/><T72/><D72/><U53/><E3/><V9/><F100/><W67/><G92/><T101/><D119/><U84/><E29/><V66/><F66/><W22/><G1/><T56/><D95/><U132/><E132/><N who="2" m="50795" /><F105/><W106/><G6/><T121/><D115/><U40/><E110/><V135/><N who="2" m="50803" /><V111/><DORA hai="13" /><F111/><W63/><G63/><T47/><D56/><U116/><E116/><V70/><F70/><W91/><G91/><T73/><D73/><U125/><E125/><V83/><AGARI ba="0,0" hai="8,9,11,80,82,83,85,86,96,97,98" m="50803" machi="83" ten="50,8000,1" yaku="29,2,28,2,20,1" doraHai="99,13" who="2" fromWho="2" sc="243,-20,246,-40,236,80,275,-20" /><INIT seed="2,0,0,3,3,72" ten="223,206,316,255" oya="2" hai0="90,48,50,92,124,126,65,34,120,55,41,94,22" hai1="17,87,82,58,60,62,33,123,18,91,93,117,9" hai2="42,105,64,0,52,110,111,29,3,129,78,112,128" hai3="75,70,20,51,99,44,8,79,81,103,109,84,26"/><V102/><F112/><W131/><G70/><T46/><D34/><U83/><E33/><V45/><F29/><W24/><G131/><N who="2" m="50249" /><F64/><W16/><G109/><N who="2" m="41481" /><F105/><W89/><G8/><T54/><D120/><U30/><E123/><V15/><F102/><W61/><G61/><N who="1" m="23658" /><E30/><V4/><F78/><W47/><G75/><T73/><D73/><U96/><E83/><V106/><F106/><W80/><G26/><T6/><D65/><U39/><E39/><N who="2" m="21727" /><F52/><W69/><G69/><T36/><D55/><U95/><E58/><V97/><F97/><W85/><G51/><T56/><D50/><U133/><E133/><V2/><F15/><W35/><G35/><T7/><D48/><U57/><E57/><V100/><F100/><W40/><G40/><T88/><D56/><U71/><E71/><V86/><F86/><W135/><G135/><T130/><D54/><U114/><E114/><V23/><F23/><W132/><G132/><T67/><D67/><U27/><E9/><AGARI ba="0,0" hai="0,2,3,4,9" m="21727,41481,50249" machi="9" ten="30,11600,0" yaku="19,1,14,1,10,1,23,1" doraHai="72" who="2" fromWho="1" sc="223,0,206,-116,316,116,255,0" /><INIT seed="2,1,0,5,2,72" ten="223,90,432,255" oya="2" hai0="94,27,60,16,119,84,67,98,45,37,42,123,93" hai1="61,6,78,82,39,114,109,35,20,11,51,24,135" hai2="76,25,22,28,68,101,8,128,85,74,81,86,118" hai3="5,54,46,36,64,79,116,9,3,125,50,10,47"/><V1/><F68/><W113/><G116/><T19/><D123/><U106/><E35/><V112/><F118/><W21/><G64/><T18/><D119/><U31/><E39/><V103/><F112/><W12/><G113/><T130/><D130/><U65/><E106/><V14/><F128/><W83/><G125/><T53/><D93/><U40/><E114/><V15/><F1/><W122/><G122/><T80/><D53/><U126/><E109/><V90/><F74/><N who="3" m="43511" /><G21/><T55/><D55/><U107/><E126/><V105/><F105/><W108/><G108/><T97/><D27/><U91/><E107/><V121/><F121/><W70/><G70/><T44/><D44/><U120/><E120/><V38/><F38/><W111/><G111/><T115/><D115/><U117/><E117/><V132/><F15/><W7/><G47/><T2/><D2/><U48/><E40/><V41/><F41/><N who="3" m="22823" /><G54/><T92/><D92/><U77/><E91/><V34/><F34/><W49/><AGARI ba="1,0" hai="3,5,7,9,10,12,49,50" m="22823,43511" machi="49" ten="30,2000,0" yaku="25,1,52,1" doraHai="72" who="3" fromWho="3" sc="223,-6,90,-6,432,-11,255,23" /><INIT seed="3,0,0,0,5,90" ten="217,84,421,278" oya="3" hai0="21,26,67,12,14,83,104,30,37,33,8,2,27" hai1="66,112,132,91,72,35,85,129,68,46,133,5,24" hai2="15,64,74,105,17,76,28,75,130,101,99,115,31" hai3="80,124,123,118,89,25,117,87,6,45,63,16,122"/><W125/><G63/><T4/><D104/><U92/><E72/><V113/><F130/><W3/><G3/><T102/><D37/><U59/><E129/><V97/><F64/><W7/><G45/><T71/><D83/><U96/><E112/><V103/><F115/><W78/><G25/><N who="0" m="18639" /><D67/><U43/><E68/><V134/><F134/><W106/><G7/><T42/><D102/><U86/><E35/><V34/><F113/><W100/><G6/><T57/><D57/><U121/><E24/><N who="0" m="9257" /><D42/><U48/><E121/><N who="3" m="46090" /><G16/><N who="0" m="10375" /><D71/><U61/><REACH who="1" step="1"/><E5/><REACH who="1" step="2"/><V109/><F75/><W135/><G135/><AGARI ba="0,1" hai="43,46,48,59,61,66,85,86,91,92,96,132,133,135" machi="135" ten="40,8000,1" yaku="1,1,2,1,20,1,52,1,53,0" doraHai="90" doraHaiUra="111" who="1" fromWho="3" sc="217,0,74,90,421,0,278,-80" /><INIT seed="4,0,0,4,0,6" ten="217,164,421,198" oya="0" hai0="8,78,12,52,106,7,66,85,93,56,122,120,59" hai1="55,72,116,47,111,96,28,130,20,113,10,121,3" hai2="77,86,46,126,115,61,67,100,31,18,63,57,53" hai3="50,32,21,117,70,17,24,109,37,14,62,88,80"/><T98/><D106/><U51/><E111/><V0/><F126/><W107/><G109/><T87/><D122/><U33/><E121/><V48/><F0/><W124/><G37/><T83/><D120/><U64/><E72/><V125/><F125/><W35/><G124/><T9/><D66/><U94/><E116/><V68/><F100/><W129/><G117/><T36/><D36/><U15/><E33/><V19/><F31/><W127/><G127/><T25/><D25/><U30/><E3/><V40/><F115/><W38/><G38/><T81/><D59/><U132/><E132/><V74/><F74/><W131/><G107/><T75/><D75/><U71/><E71/><V69/><F68/><W16/><G70/><T65/><D65/><U1/><E1/><V110/><F110/><W89/><G62/><N who="0" m="36103" /><D12/><U99/><E113/><V45/><F86/><W91/><G50/><T22/><D22/><U104/><E64/><V103/><F103/><W128/><G80/><T11/><D7/><U29/><E104/><V79/><F69/><W2/><G2/><T44/><D44/><U90/><E99/><V41/><F67/><W102/><G102/><N who="0" m="60751" /><D11/><AGARI ba="0,0" hai="11,14,16,17,21,24,32,35,88,89,91,128,129,131" machi="11" ten="50,8000,1" yaku="19,1,52,1,54,2" doraHai="6" who="3" fromWho="0" sc="217,-80,164,0,421,0,198,80" /><INIT seed="5,0,0,5,5,102" ten="137,164,421,278" oya="1" hai0="80,110,24,92,69,129,91,28,23,59,71,13,11" hai1="127,29,116,98,44,112,89,81,21,97,7,68,134" hai2="104,18,125,58,74,84,37,106,33,99,61,8,130" hai3="39,94,4,55,122,53,118,41,63,15,36,70,66"/><U16/><E68/><V126/><F33/><W62/><G15/><T34/><D34/><U108/><E116/><V47/><F74/><W113/><G4/><T132/><D132/><U75/><E134/><V54/><F130/><W120/><G94/><T17/><D129/><U109/><E29/><V101/><F47/><N who="3" m="23975" /><G118/><T0/><D110/><N who="1" m="42603" /><E7/><V86/><F37/><W107/><G107/><N who="2" m="41001" /><F101/><W87/><G87/><N who="2" m="33321" /><F99/><N who="1" m="37897" /><E44/><V3/><F3/><W114/><G39/><T48/><D80/><U14/><E75/><V64/><F18/><W135/><G135/><T79/><D79/><U73/><E73/><V85/><F85/><W38/><G38/><T95/><D91/><U100/><E100/><V2/><F8/><W27/><G27/><T131/><D131/><U1/><E1/><V65/><F2/><W51/><G120/><T103/><D103/><U96/><N who="1" m="37905" /><U56/><DORA hai="78" /><E56/><V20/><F20/><W115/><G122/><T72/><D72/><U124/><E89/><V67/><F61/><N who="3" m="40271" /><G55/><T133/><D133/><U31/><E31/><V30/><F54/><W6/><G6/><T5/><D69/><U22/><E81/><V12/><F30/><W50/><G50/><T26/><D71/><U105/><E105/><V90/><F12/><W40/><G40/><T46/><D26/><U82/><E82/><V52/><F90/><W45/><AGARI ba="0,0" hai="45,51,53,62,63,113,114,115" m="40271,23975" machi="45" ten="30,4000,0" yaku="15,1,34,2" doraHai="102,78" who="3" fromWho="3" sc="137,-10,164,-20,421,-10,278,40" /><INIT seed="6,0,0,2,2,98" ten="127,144,411,318" oya="2" hai0="81,84,35,56,11,64,41,52,111,42,101,71,69" hai1="16,6,96,17,62,40,76,27,77,125,26,53,116" hai2="118,124,102,54,9,107,15,132,70,126,22,43,92" hai3="39,135,21,33,3,13,113,66,4,46,65,131,74"/><V63/><F107/><W129/><G74/><T30/><D111/><U34/><E116/><V10/><F118/><W90/><G33/><T24/><D11/><U20/><E34/><V86/><F132/><W99/><G135/><T130/><D130/><N who="3" m="49673" /><G3/><T79/><D64/><N who="3" m="24681" /><G4/><T100/><D69/><U59/><E40/><V8/><F70/><W1/><G1/><T123/><D71/><U2/><E125/><N who="2" m="48235" /><F43/><N who="3" m="22911" /><G13/><T112/><D123/><U114/><E114/><V94/><F86/><W89/><G21/><T93/><D112/><U49/><E6/><N who="2" m="3479" /><F22/><W68/><G113/><T115/><D115/><U7/><E7/><V31/><F31/><W58/><G68/><T88/><D42/><U80/><E2/><V110/><F110/><W5/><G5/><T44/><D41/><U95/><E27/><V106/><F10/><W134/><G134/><T85/><REACH who="0" step="1"/><D44/><REACH who="0" step="2"/><U36/><E36/><V18/><F9/><W108/><G108/><T91/><D91/><U23/><E23/><V127/><F127/><W122/><G122/><T29/><D29/><U60/><E77/><V109/><F109/><W103/><G58/><T57/><D57/><U19/><E59/><N who="2" m="35319" /><F18/><W104/><AGARI ba="0,1" hai="89,90,99,103,104" m="22911,24681,49673" machi="104" ten="30,2000,0" yaku="19,1,52,1" doraHai="98" who="3" fromWho="3" sc="117,-5,144,-5,411,-10,318,30" /><INIT seed="7,0,0,3,1,112" ten="112,139,401,348" oya="3" hai0="82,72,39,25,49,96,88,47,11,55,79,31,61" hai1="75,2,123,83,24,91,16,19,3,128,36,71,21" hai2="57,66,132,87,73,116,56,12,114,77,74,62,124" hai3="129,8,101,27,52,46,65,97,14,34,63,109,51"/><W58/><G109/><T40/><D61/><U111/><E36/><V50/><F116/><W85/><G129/><T23/><D11/><U69/><E123/><V89/><F114/><W78/><G34/><T17/><D39/><U86/><E111/><V103/><F103/><W5/><G27/><T126/><D126/><U84/><E128/><V118/><F124/><W9/><G9/><T81/><D40/><U4/><E3/><V42/><F118/><W18/><G78/><T107/><D107/><U125/><E125/><V133/><F77/><W134/><G134/><N who="2" m="51817" /><F12/><W32/><G32/><T76/><D76/><U37/><E37/><V6/><F6/><W80/><G101/><T13/><D13/><U64/><E75/><N who="2" m="28683" /><F42/><W113/><G97/><T70/><D70/><U7/><E2/><V48/><F57/><W120/><G120/><T15/><D15/><U60/><E71/><V41/><F41/><W106/><G106/><T110/><D110/><U44/><E86/><V53/><F66/><W135/><G135/><T119/><D119/><U26/><E44/><V28/><F28/><W105/><G105/><T1/><D1/><U22/><AGARI ba="0,0" hai="4,7,16,19,21,22,24,26,60,64,69,83,84,91" machi="22" ten="30,4000,0" yaku="0,1,9,1,54,1" doraHai="112" who="1" fromWho="1" sc="112,-10,139,40,401,-10,348,-20" owari="102,-40,179,-22,391,49,328,13" /></mjloggm>