<mjloggm ver="2.3"><GO type="193"/><UN n0="%63%72%65%73%70%6F" n1="%E3%81%93%E3%81%93%E3%82%8D%EF%BC%BE%EF%BC%BE" n2="%E3%81%82%E3%81%98%E3%81%98" n3="%E3%82%A6%E3%83%AB%E3%83%88%E3%83%A9%E7%AB%8B%E7%9B%B4" dan="12,12,13,12" rate="1672,1607,1799,1812" sx="M,F,M,M"/><TAIKYOKU oya="0"/><INIT seed="0,0,0,0,3,88" ten="250,250,250,250" oya="0" hai0="3,118,55,33,12,83,15,85,10,53,108,124,117" hai1="42,21,79,27,5,107,59,71,95,9,112,109,90" hai2="58,115,13,111,110,14,75,11,99,77,98,17,61" hai3="133,49,106,25,89,135,116,54,74,29,87,119,127" shuffle="mt19937ar,47DE3D49,02DD8F1D,C8CA7B02,5EE9E4B3,4F8EE9EA,5AF8F07C,0A215D55,1B7A1135"/><T94/><D3/><U104/><E109/><N who="2" m="41483" /><F115/><W70/><G70/><T78/><D108/><U34/><E112/><V32/><F32/><W93/><G49/><T76/><D33/><U125/><E71/><V81/><F14/><W6/><G54/><AGARI ba="0,0" hai="11,13,17,54,58,61,75,77,81,98,99" m="41483" machi="54" ten="30,1000,0" yaku="14,1" doraHai="88" who="2" fromWho="3" sc="250,0,250,0,250,10,250,-10" /><INIT seed="1,0,0,3,2,72" ten="250,250,260,240" oya="1" hai0="107,83,104,118,29,134,35,106,33,122,14,93,96" hai1="58,75,5,15,88,85,81,80,110,77,8,52,50" hai2="97,123,111,18,25,65,105,48,39,45,30,91,73" hai3="131,130,44,129,133,109,56,53,12,124,116,6,101" shuffle="mt19937ar,CCBF671F,01D36D2A,DE21AD80,44CF67B0,324719EA,7EBE4452,BD8F0ED9,FFD6AA66"/><U41/><E110/><V10/><F123/><W28/><G28/><T60/><D60/><U62/><REACH who="1" step="1"/><E41/><REACH who="1" step="2"/><V34/><F111/><W68/><G109/><T31/><D122/><U46/><E46/><V82/><F45/><W47/><G44/><T92/><D134/><U117/><E117/><V84/><F39/><W49/><G116/><T40/><D118/><U2/><E2/><V95/><F105/><W43/><G133/><T98/><D40/><U57/><E57/><V74/><F74/><W23/><G68/><T64/><D107/><U24/><E24/><V17/><F25/><W13/><G47/><T71/><D14/><U51/><AGARI ba="0,1" hai="5,8,15,50,51,52,58,62,75,77,80,81,85,88" machi="51" ten="30,12000,1" yaku="1,1,0,1,52,1,54,2,53,0" doraHai="72" doraHaiUra="61" who="1" fromWho="1" sc="250,-40,240,130,260,-40,240,-40" /><INIT seed="1,1,0,3,0,119" ten="210,370,220,200" oya="1" hai0="102,59,106,39,109,0,42,50,125,67,122,129,36" hai1="64,63,132,92,5,110,58,29,9,44,78,96,114" hai2="33,47,84,77,107,70,1,15,103,22,54,24,111" hai3="4,11,127,104,98,116,34,90,81,118,72,131,55" shuffle="mt19937ar,AF6EAAA5,D2BB59DC,7B9F40EC,E627E456,A22F0D99,B2D9F8C5,D8B0F1A4,CD360055"/><U97/><E114/><V135/><F135/><W100/><G34/><T25/><D25/><U89/><E132/><V16/><F111/><W6/><G6/><T62/><D106/><U105/><E110/><V69/><F103/><W35/><G35/><T87/><D102/><U94/><E78/><V115/><F115/><W41/><G55/><T14/><D14/><U38/><E29/><V73/><F107/><W80/><G41/><T2/><D109/><U27/><E27/><V46/><F73/><W56/><G56/><T126/><D87/><U71/><E105/><V99/><F1/><W79/><G11/><T88/><D88/><U82/><E82/><V113/><F113/><W13/><G13/><T123/><D2/><U21/><E21/><V66/><F66/><W48/><G48/><T130/><D0/><U10/><E44/><V93/><F69/><W53/><G4/><T43/><D50/><U52/><E38/><N who="0" m="14377" /><D42/><U7/><E5/><V8/><F70/><W32/><G32/><T112/><D112/><U95/><E95/><V75/><F33/><W57/><G118/><T45/><D45/><U86/><E86/><V26/><F75/><W18/><G116/><T120/><D43/><U128/><E128/><AGARI ba="1,0" hai="59,62,67,120,122,123,125,126,128,129,130" m="14377" machi="128" ten="40,12000,2" yaku="13,1,19,1,34,2,52,3" doraHai="119" who="0" fromWho="1" sc="210,123,370,-123,220,0,200,0" /><INIT seed="2,0,0,5,4,86" ten="333,247,220,200" oya="2" hai0="53,34,101,129,38,111,54,107,83,119,134,125,50" hai1="68,14,25,37,99,19,36,31,130,8,121,40,61" hai2="128,44,75,98,72,71,4,87,66,20,17,84,67" hai3="56,52,118,77,112,64,26,58,60,127,105,132,103" shuffle="mt19937ar,B5985E0E,B5B6E752,AB40708F,67195774,1543F298,5D53C627,71434EC2,D59C260A"/><V7/><F128/><W124/><G77/><T18/><D38/><U91/><E130/><V113/><F71/><W90/><G103/><T133/><D129/><U110/><E110/><V5/><F44/><W30/><G105/><T102/><D111/><U80/><E121/><V21/><F113/><W43/><G43/><T13/><D34/><U12/><E12/><V95/><F17/><W49/><G118/><T24/><D24/><U117/><E117/><V109/><F109/><W62/><G26/><T108/><D119/><U16/><E19/><V122/><F122/><W1/><G30/><T104/><D108/><U131/><E131/><V41/><F41/><W47/><G1/><T0/><D0/><U94/><E37/><V42/><F42/><N who="3" m="24823" /><G90/><T69/><D69/><U73/><E61/><V39/><F39/><W6/><G6/><T82/><D13/><U65/><E68/><V135/><F135/><W78/><G78/><T76/><D76/><U51/><E65/><N who="2" m="24587" /><F98/><W74/><G74/><N who="2" m="28201" /><F95/><W120/><G120/><T123/><D18/><U28/><E36/><V97/><F97/><W100/><G100/><T10/><D123/><U9/><E9/><V15/><F15/><W96/><G96/><T35/><D134/><U32/><E73/><V3/><F3/><W23/><G132/><T88/><D133/><U2/><E2/><V114/><F114/><W70/><G112/><T57/><D102/><U81/><E31/><V27/><F27/><W106/><G106/><T33/><D104/><U48/><E40/><V89/><F89/><W46/><G70/><T45/><D107/><RYUUKYOKU ba="0,0" sc="333,-15,247,15,220,15,200,-15" hai1="8,14,16,25,28,32,48,51,80,81,91,94,99" hai2="4,5,7,20,21,84,87" /><INIT seed="2,1,0,0,4,73" ten="318,262,235,185" oya="2" hai0="86,37,38,15,135,123,39,121,16,31,5,21,56" hai1="124,76,30,103,18,40,91,82,17,25,43,83,57" hai2="42,24,99,94,101,8,41,2,67,47,4,53,35" hai3="34,88,132,70,128,133,19,134,122,65,59,95,10" shuffle="mt19937ar,0B31553B,B4B56AA8,5218D213,DE84709F,23258FDD,F0372C2F,6B951F2C,6ECA3555"/><V1/><F67/><W80/><G34/><T33/><D135/><U89/><E124/><V74/><F2/><W87/><G122/><T97/><D97/><U119/><E119/><V9/><F9/><W85/><G128/><T29/><D33/><U100/><E57/><V93/><F53/><W72/><G72/><T111/><D111/><U110/><E25/><V62/><F62/><W64/><G70/><T102/><D102/><N who="1" m="38955" /><E30/><V130/><F130/><W116/><G116/><T60/><D5/><U114/><E110/><V115/><F115/><W68/><G68/><T92/><D121/><U45/><E114/><V77/><F42/><N who="1" m="15913" /><E45/><V109/><F109/><W36/><G36/><T98/><D123/><U117/><E117/><V71/><F71/><W66/><G19/><N who="1" m="7178" /><E83/><N who="2" m="45495" /><F24/><W63/><REACH who="3" step="1"/><G10/><REACH who="3" step="2"/><T46/><D37/><U44/><E44/><V26/><F35/><W108/><G108/><T129/><D46/><U12/><E12/><V11/><F11/><W3/><G3/><T50/><D15/><U51/><E51/><V27/><F94/><W54/><G54/><T55/><D92/><U126/><E126/><V118/><F118/><W78/><AGARI ba="1,1" hai="59,63,64,65,66,78,80,85,87,88,95,132,133,134" machi="78" ten="30,8000,1" yaku="1,1,0,1,20,1,52,1,54,1,53,0" doraHai="73" doraHaiUra="120" who="3" fromWho="3" sc="318,-21,262,-21,235,-41,175,93" /><INIT seed="3,0,0,1,3,89" ten="297,241,194,268" oya="3" hai0="54,34,6,40,93,24,41,47,134,46,81,118,105" hai1="13,63,4,90,95,5,114,68,102,124,59,30,101" hai2="87,126,15,50,72,66,51,44,109,123,23,32,80" hai3="45,2,115,36,18,3,135,8,26,106,121,112,92" shuffle="mt19937ar,1F5F4681,E4967090,9D8D082A,E5DD9DA3,84A613BC,959DF450,EF5AB2FE,315D15A2"/><W42/><G106/><T10/><D105/><U58/><E124/><V1/><F32/><W69/><G69/><T71/><D71/><U129/><E114/><V39/><F109/><W128/><G121/><T55/><D118/><U100/><E129/><V17/><F126/><W119/><G119/><T21/><D134/><U104/><E30/><V33/><F123/><W16/><G135/><T60/><D34/><U65/><E104/><V9/><F33/><W122/><G122/><T91/><D81/><U52/><E68/><V132/><F132/><W35/><G128/><T43/><D60/><U56/><E13/><V117/><F117/><W37/><G37/><T96/><D10/><U116/><E59/><V75/><F66/><W74/><G74/><T27/><D6/><U7/><E7/><V12/><F1/><W127/><G127/><T25/><D21/><U31/><E31/><V11/><F39/><W125/><G125/><T73/><D73/><U61/><REACH who="1" step="1"/><E116/><REACH who="1" step="2"/><V120/><F120/><W88/><G3/><T64/><D64/><U76/><E76/><V107/><F107/><W84/><G112/><T131/><D131/><U29/><E29/><V133/><F133/><W70/><G115/><T110/><D110/><U79/><E79/><N who="2" m="46495" /><F9/><W78/><G70/><T86/><D96/><AGARI ba="0,1" hai="4,5,52,56,58,61,63,65,90,95,96,100,101,102" machi="96" ten="40,8000,1" yaku="1,1,8,1,52,1,54,1,53,1" doraHai="89" doraHaiUra="94" who="1" fromWho="0" sc="297,-80,231,90,194,0,268,0" owari="217,-13,321,32,194,-21,268,2" /></mjloggm>