<mjloggm ver="2.3"><GO type="41"/><UN n0="%E3%82%A6%E3%83%AB%E3%83%88%E3%83%A9%E7%AB%8B%E7%9B%B4" n1="%47%61%72%61%6E%61" n2="%E7%B6%BE%E9%A6%99" n3="%69%74%6F%6B%65%6E" dan="13,14,15,13" rate="1840,2039,2075,1804" sx="M,M,F,M"/><TAIKYOKU oya="0"/><INIT seed="0,0,0,5,0,121" ten="250,250,250,250" oya="0" hai0="119,43,54,71,7,106,21,30,131,31,63,40,124" hai1="56,100,22,94,20,25,110,79,134,76,42,135,0" hai2="95,65,88,32,111,4,129,107,26,80,23,10,87" hai3="117,44,16,14,2,93,104,126,133,38,33,37,102"/><T83/><D106/><U15/><E0/><V115/><F107/><W99/><G2/><T77/><D119/><U108/><E42/><V85/><F32/><W92/><G33/><T3/><D30/><U132/><E56/><V122/><F122/><W45/><G117/><T13/><D3/><U70/><E70/><V52/><F115/><W6/><G6/><T82/><D71/><U57/><E57/><V49/><F65/><W72/><G72/><T109/><D77/><N who="1" m="29771" /><E15/><N who="2" m="5575" /><F111/><N who="1" m="42537" /><E25/><V51/><F129/><W8/><G133/><T5/><D109/><U96/><AGARI ba="0,0" hai="20,22,94,96,100,132,134,135" m="42537,29771" machi="96" ten="40,8000,1" yaku="20,1,14,1,52,3" doraHai="121" who="1" fromWho="1" sc="250,-40,250,80,250,-20,250,-20" /><INIT seed="1,0,0,4,1,29" ten="210,330,230,230" oya="1" hai0="96,54,95,94,9,0,46,99,67,131,30,35,77" hai1="21,61,122,116,32,41,59,104,115,108,126,45,72" hai2="90,34,6,112,79,119,117,27,57,133,58,56,92" hai3="107,52,134,14,7,73,89,86,135,4,55,100,47"/><U128/><RYUUKYOKU type="yao9" ba="0,0" sc="210,0,330,0,230,0,230,0" hai1="21,32,41,45,59,61,72,104,108,115,116,122,126,128" /><INIT seed="1,1,0,0,3,104" ten="210,330,230,230" oya="1" hai0="2,38,95,64,54,42,96,78,8,91,83,5,39" hai1="84,24,18,32,57,46,79,3,134,127,71,110,65" hai2="125,105,56,135,114,50,51,87,40,27,121,117,124" hai3="35,16,17,11,55,88,67,14,133,116,132,21,1"/><U85/><E127/><N who="2" m="48715" /><F105/><W120/><G67/><T115/><D115/><U41/><E134/><V77/><F135/><W101/><G101/><T92/><D64/><U34/><E3/><V68/><F68/><W103/><G103/><T15/><D95/><U130/><E130/><V86/><F117/><W7/><G116/><T113/><D113/><U123/><E123/><V119/><F119/><W100/><G100/><T44/><D54/><U33/><E71/><V49/><F114/><W60/><G60/><T82/><D82/><U72/><E110/><V25/><F121/><W128/><G55/><T61/><D61/><U13/><E24/><N who="2" m="9291" /><F40/><W45/><G45/><T10/><D10/><U102/><E102/><V19/><F19/><W0/><G120/><T90/><D90/><U63/><E79/><V131/><F131/><W9/><G88/><T43/><D43/><U12/><E12/><V76/><F56/><W47/><G47/><T22/><D22/><U4/><E4/><V62/><F62/><W26/><G128/><T107/><D107/><U59/><E59/><V122/><F122/><W36/><G36/><T53/><D53/><U6/><E6/><V31/><F31/><N who="3" m="19959" /><G1/><T109/><D2/><U70/><E70/><V126/><N who="2" m="48723" /><V80/><DORA hai="69" /><F80/><W29/><G29/><T20/><D20/><U89/><E89/><V129/><F129/><W108/><G108/><T112/><D112/><U98/><E98/><V66/><F66/><W73/><G133/><T37/><D109/><U111/><E111/><V74/><F77/><W30/><G132/><T94/><D94/><RYUUKYOKU ba="1,0" sc="210,15,330,-15,230,15,230,-15" hai0="5,8,15,37,38,39,42,44,78,83,91,92,96" hai2="49,50,51,74,76,86,87" /><INIT seed="2,2,0,4,5,69" ten="225,315,245,215" oya="2" hai0="59,113,77,119,92,100,37,71,80,96,72,53,65" hai1="40,89,73,49,115,131,15,76,45,24,55,12,121" hai2="107,34,62,129,134,112,43,41,36,104,85,126,103" hai3="123,19,81,120,106,63,5,70,117,4,28,87,21"/><V26/><F112/><W39/><G106/><T94/><D113/><U114/><E121/><V25/><F134/><W9/><G117/><T91/><D119/><U84/><E131/><V95/><F129/><W66/><G28/><T2/><D2/><U44/><E73/><V99/><F107/><W118/><G39/><T7/><D7/><U74/><E74/><V13/><F13/><W133/><G133/><T67/><D71/><U8/><E15/><V97/><F85/><W98/><G98/><T122/><D122/><U124/><E124/><V127/><F62/><W51/><G51/><T11/><D11/><U46/><E46/><N who="2" m="23847" /><F43/><W47/><G47/><T102/><D37/><U128/><E128/><V61/><F61/><W56/><G70/><T105/><D94/><U30/><E30/><V90/><F34/><W111/><G118/><T42/><D42/><U135/><E24/><V64/><F64/><W18/><G4/><T54/><D100/><U6/><E135/><V132/><F132/><W125/><G125/><AGARI ba="2,0" hai="25,26,90,95,97,99,103,104,125,126,127" m="23847" machi="125" ten="30,2900,0" yaku="18,1,52,1" doraHai="69" who="2" fromWho="3" sc="225,0,315,0,245,35,215,-35" /><INIT seed="2,3,0,0,5,7" ten="225,315,280,180" oya="2" hai0="133,11,9,57,108,126,19,72,39,99,106,22,1" hai1="130,13,54,31,6,8,92,37,112,78,26,32,25" hai2="100,53,113,121,46,87,67,24,41,10,61,117,51" hai3="55,109,104,12,75,17,91,42,84,96,128,123,110"/><V77/><F117/><W95/><G75/><T111/><D39/><U81/><E112/><V20/><F113/><W98/><G42/><T129/><D72/><U97/><E130/><V2/><F121/><W66/><G66/><T43/><D1/><U3/><E37/><V59/><F100/><W79/><G123/><T93/><D106/><U62/><E25/><V65/><F10/><N who="0" m="3594" /><D129/><U49/><E62/><V29/><F2/><W135/><G55/><T28/><D28/><U89/><E3/><V68/><F68/><W48/><G48/><T103/><D43/><U80/><REACH who="1" step="1"/><E78/><REACH who="1" step="2"/><V36/><F36/><W18/><G128/><T73/><D126/><U33/><E33/><V124/><F124/><W82/><G12/><T85/><D133/><U27/><E27/><V115/><F115/><W74/><G135/><T40/><D111/><N who="3" m="42505" /><G17/><T38/><D108/><U63/><E63/><V71/><F71/><W134/><G18/><T5/><D38/><U132/><E132/><V118/><F118/><W90/><G134/><T50/><D5/><U30/><E30/><V116/><F116/><W21/><G21/><T101/><D19/><U102/><E102/><V56/><F77/><W0/><G0/><T120/><D22/><U76/><E76/><V35/><F35/><W34/><G34/><T69/><D103/><U4/><E4/><V60/><REACH who="2" step="1"/><F87/><REACH who="2" step="2"/><N who="3" m="52703" /><G104/><T64/><D69/><U114/><E114/><V47/><F47/><AGARI ba="3,2" hai="6,8,13,26,31,32,47,49,54,80,81,89,92,97" machi="47" ten="30,3900,0" yaku="1,1,7,1,52,1,53,0" doraHai="7" doraHaiUra="83" who="1" fromWho="2" sc="225,0,305,68,270,-48,180,0" /><INIT seed="3,0,0,4,4,21" ten="225,373,222,180" oya="3" hai0="65,3,122,52,29,54,61,88,53,47,78,76,124" hai1="36,109,31,91,40,16,15,93,10,110,13,66,7" hai2="70,62,72,18,133,30,74,105,81,26,116,35,25" hai3="0,69,38,45,34,51,131,128,120,6,60,23,92"/><W79/><G120/><T9/><D122/><U33/><E36/><V127/><F116/><W39/><G34/><T94/><D124/><U22/><E66/><V98/><F127/><W71/><G79/><T24/><D47/><U48/><E40/><V46/><F46/><W27/><G6/><T107/><D107/><U132/><E91/><V84/><F133/><W68/><G0/><T87/><D9/><N who="1" m="4287" /><E48/><V59/><F70/><W20/><G92/><T64/><D3/><U99/><E99/><V80/><F80/><W5/><G60/><T58/><D64/><U95/><E95/><V103/><F72/><W57/><G57/><T114/><REACH who="0" step="1"/><D114/><REACH who="0" step="2"/><U82/><E132/><V28/><F74/><W90/><G5/><T77/><D77/><U111/><E93/><V86/><F81/><W17/><G90/><T49/><D49/><U56/><E82/><V37/><F37/><W8/><G8/><T42/><D42/><U32/><E56/><V75/><F59/><W67/><G67/><T4/><D4/><N who="1" m="3527" /><E31/><V119/><F75/><W102/><G102/><T50/><D50/><U89/><E89/><V97/><F103/><W126/><G126/><T129/><D129/><N who="3" m="49737" /><G51/><T85/><D85/><U73/><E73/><V108/><F105/><W11/><G11/><T63/><D63/><U118/><E118/><V43/><F62/><W14/><G45/><T130/><D130/><U55/><E55/><V2/><F43/><W123/><G123/><T19/><D19/><AGARI ba="0,1" hai="14,17,19,20,23,27,38,39,68,69,71" m="49737" machi="19" ten="40,3900,0" yaku="19,1,52,1" doraHai="21" who="3" fromWho="0" sc="215,-39,373,0,222,0,180,49" /><INIT seed="3,1,0,1,3,40" ten="176,373,222,229" oya="3" hai0="99,16,27,5,81,109,107,60,130,21,41,85,33" hai1="76,133,42,108,93,127,68,89,4,46,61,98,54" hai2="32,13,56,134,102,1,74,105,7,69,120,124,67" hai3="65,9,66,8,31,129,43,123,25,11,19,126,103"/><W135/><G126/><T104/><D109/><U58/><E127/><V114/><RYUUKYOKU type="yao9" ba="1,0" sc="176,0,373,0,222,0,229,0" hai2="1,7,13,32,56,67,69,74,102,105,114,120,124,134" /><INIT seed="3,2,0,0,0,101" ten="176,373,222,229" oya="3" hai0="52,75,81,30,78,35,113,68,64,24,93,13,66" hai1="114,7,29,45,4,85,123,17,108,121,130,116,118" hai2="80,115,28,63,22,79,94,132,73,109,51,9,131" hai3="62,8,67,21,10,126,40,95,57,84,128,41,11"/><W117/><G126/><T102/><D113/><U26/><E45/><V124/><F124/><W105/><G128/><T31/><D31/><U134/><E85/><V33/><F115/><W76/><G117/><N who="1" m="45162" /><E130/><V19/><F131/><W15/><G105/><T74/><D74/><U2/><E134/><V90/><F132/><W23/><G76/><T27/><D27/><U99/><E99/><V83/><F109/><W53/><G67/><T96/><D13/><U34/><E108/><V37/><F37/><W120/><G120/><N who="1" m="46154" /><E114/><V18/><F83/><W5/><G84/><T127/><D127/><U38/><E38/><V46/><F63/><W97/><G40/><T60/><D66/><U44/><E44/><V82/><F82/><W98/><G41/><T65/><D65/><U89/><E89/><V39/><F39/><W119/><G119/><T25/><D25/><N who="1" m="18735" /><E2/><V112/><F112/><W56/><G56/><T87/><D87/><U36/><E36/><V103/><F103/><N who="3" m="60863" /><G98/><T32/><D52/><U47/><E47/><V133/><F133/><W61/><G61/><T86/><D86/><U48/><E48/><V20/><F51/><W69/><G69/><T125/><D125/><U129/><E129/><V42/><F46/><W0/><G0/><T1/><D1/><U54/><E54/><V122/><F42/><W58/><G58/><T77/><D77/><U107/><E107/><V106/><F106/><W135/><G135/><T49/><D49/><U59/><E59/><V70/><F79/><W16/><G5/><T55/><D55/><U50/><E50/><V88/><F70/><RYUUKYOKU ba="2,0" sc="176,10,373,10,222,-30,229,10" hai0="24,30,32,35,60,64,68,75,78,81,93,96,102" hai1="4,7,17,26" hai3="8,10,11,15,16,21,23,53,57,62" /><INIT seed="3,3,0,3,5,75" ten="186,383,192,239" oya="3" hai0="27,34,80,89,54,15,123,28,87,76,66,95,47" hai1="102,104,91,17,64,78,126,122,52,30,60,46,135" hai2="128,131,33,77,83,116,103,12,84,21,120,81,26" hai3="40,65,124,18,82,99,70,48,16,6,72,63,94"/><W61/><G124/><T62/><D123/><U125/><E122/><V9/><F120/><W113/><G113/><T97/><D15/><U110/><E110/><V79/><F33/><W43/><G6/><T4/><D4/><U100/><E104/><V127/><F103/><N who="1" m="39465" /><E30/><N who="2" m="17743" /><F127/><N who="1" m="48649" /><E135/><V114/><F116/><W111/><G111/><T51/><D66/><U1/><E1/><V129/><F114/><W115/><G115/><T31/><D62/><N who="3" m="23561" /><G70/><T73/><D31/><U130/><E130/><V118/><F118/><W106/><G106/><T85/><AGARI ba="3,0" hai="27,28,34,47,51,54,73,76,80,85,87,89,95,97" machi="85" ten="30,2000,0" yaku="0,1,52,1" doraHai="75" who="0" fromWho="0" sc="186,29,383,-8,192,-8,239,-13" /><INIT seed="4,0,0,4,3,90" ten="215,375,184,226" oya="0" hai0="49,115,20,89,94,67,83,59,75,22,97,128,86" hai1="57,80,112,98,129,48,72,127,40,54,79,14,111" hai2="46,6,101,104,7,36,10,60,47,63,91,114,5" hai3="13,44,2,124,50,42,125,123,8,15,24,107,108"/><T78/><D128/><U39/><E111/><V73/><F73/><W130/><G107/><T71/><D71/><U70/><E129/><V33/><F33/><W27/><G130/><T68/><D68/><U106/><E127/><V88/><F36/><W134/><G108/><T102/><D115/><U25/><E112/><V26/><F114/><W62/><G123/><T21/><D67/><U0/><E70/><V69/><F69/><W99/><G2/><T121/><D121/><U93/><E106/><V38/><F38/><W51/><G62/><N who="2" m="23593" /><F101/><W82/><G134/><T53/><REACH who="0" step="1"/><D22/><REACH who="0" step="2"/><U81/><E0/><V105/><F26/><W37/><G125/><T11/><D11/><U41/><E25/><V3/><F10/><W122/><G124/><T4/><D4/><U45/><E40/><V132/><F3/><W120/><G122/><T65/><D65/><U32/><E32/><V64/><F64/><W28/><G120/><T77/><D77/><U92/><E14/><V31/><F132/><W74/><G15/><T119/><D119/><U135/><E135/><V118/><F118/><W56/><G27/><T9/><D9/><U66/><E66/><V113/><F113/><W116/><G116/><T131/><D131/><U16/><E16/><V52/><F31/><W103/><G13/><T34/><D34/><U29/><E29/><V55/><F105/><AGARI ba="0,1" hai="20,21,49,53,59,75,78,83,86,89,94,97,102,105" machi="105" ten="30,12000,1" yaku="1,1,7,1,24,2,52,1,53,0" doraHai="90" doraHaiUra="43" who="0" fromWho="2" sc="205,130,375,0,184,-120,226,0" /><INIT seed="4,1,0,1,3,70" ten="335,375,64,226" oya="0" hai0="13,123,119,115,14,27,3,5,6,1,22,88,4" hai1="135,55,69,114,125,12,92,11,98,106,132,0,80" hai2="102,62,112,21,64,53,100,60,86,34,26,16,131" hai3="81,129,72,126,19,29,20,61,107,122,94,51,111"/><T59/><D59/><U33/><E114/><V56/><F34/><W116/><G107/><T68/><D68/><U49/><E69/><V120/><F112/><W103/><G29/><T25/><D115/><U89/><E33/><V28/><F120/><W45/><G72/><T58/><D58/><U54/><E0/><N who="0" m="73" /><D88/><N who="1" m="55559" /><E125/><V2/><F2/><W77/><G126/><T117/><D123/><U40/><E106/><V74/><F74/><W113/><G61/><T10/><D119/><U65/><E65/><V42/><F42/><W99/><G116/><T17/><D117/><U24/><E24/><AGARI ba="1,0" hai="4,5,6,10,13,14,17,22,24,25,27" m="73" machi="24" ten="30,12000,1" yaku="35,5" doraHai="70" who="0" fromWho="1" sc="335,123,375,-123,64,0,226,0" /><INIT seed="4,2,0,1,3,43" ten="458,252,64,226" oya="0" hai0="11,68,25,103,101,106,24,76,112,125,10,29,87" hai1="82,114,88,30,18,132,47,49,31,85,46,59,23" hai2="5,3,39,108,74,36,129,111,40,55,89,99,118" hai3="15,21,38,12,135,53,16,102,123,13,14,58,110"/><T109/><D68/><U107/><E132/><V100/><F74/><W126/><G38/><T105/><D29/><U134/><E114/><V71/><F71/><W19/><G102/><T117/><D117/><U42/><E107/><V96/><F118/><W66/><G66/><T124/><D87/><U1/><E134/><V64/><F64/><W122/><G135/><T104/><D76/><U65/><E1/><V9/><F129/><W60/><G110/><T32/><D32/><U28/><E65/><V6/><F6/><W94/><G94/><T128/><D128/><U116/><E116/><V77/><F77/><W20/><G126/><T121/><D121/><AGARI ba="2,0" hai="12,13,14,15,16,19,20,21,53,58,60,121,122,123" machi="121" ten="40,5200,0" yaku="9,1,13,1,54,1" doraHai="43" who="3" fromWho="0" sc="458,-58,252,0,64,0,226,58" /><INIT seed="5,0,0,1,5,95" ten="400,252,64,284" oya="1" hai0="100,16,128,96,88,83,75,18,48,64,3,125,61" hai1="110,33,67,20,130,44,112,47,32,70,62,72,56" hai2="135,7,80,114,51,79,68,103,82,84,36,76,38" hai3="123,11,49,5,97,93,99,6,113,117,4,131,12"/><U116/><E116/><V132/><F68/><W24/><G123/><T108/><D3/><U121/><E130/><V109/><F7/><N who="3" m="2635" /><G131/><T0/><D0/><U40/><E121/><V52/><F109/><W101/><G117/><T119/><D119/><U94/><E112/><V133/><F103/><W115/><G24/><T37/><D37/><U60/><E72/><V25/><F25/><W8/><G49/><T78/><D125/><U91/><E110/><V98/><F98/><N who="3" m="59599" /><G11/><T111/><D128/><U42/><E20/><V9/><F9/><W58/><G58/><T106/><D48/><N who="1" m="26631" /><E94/><V126/><F114/><AGARI ba="0,0" hai="6,8,12,97,99,113,114,115" m="59599,2635" machi="114" ten="30,7700,0" yaku="15,1,52,3" doraHai="95" who="3" fromWho="2" sc="400,0,252,0,64,-77,284,77" owari="400,50,252,-15,-13,-51,361,16" /></mjloggm>