<mjloggm ver="2.3"><GO type="9"/><UN n0="%6B%61%7A%32%39" n1="%59%41%54%54%41%31%39%36" n2="%4E%6F%4E%61%6D%65" n3="%E3%82%A6%E3%83%AB%E3%83%88%E3%83%A9%E7%AB%8B%E7%9B%B4" dan="9,3,0,5" rate="1385,1525,1500,1695" sx="M,M,M,M"/><TAIKYOKU oya="0"/><INIT seed="0,0,0,0,3,37" ten="250,250,250,250" oya="0" hai0="34,8,134,15,9,32,13,1,126,21,74,80,106" hai1="63,118,79,71,117,36,65,68,89,88,66,84,11" hai2="30,45,16,101,105,17,47,62,91,125,6,83,55" hai3="97,31,95,94,113,2,93,85,111,86,77,29,96" shuffle="mt19937ar,3E405398,D171C440,F157136D,0FF247D1,6DAD685F,9F30FC6C,63B7551A,2CC1CDE1"/><T20/><D106/><U50/><E36/><V43/><F30/><W57/><G2/><T12/><D74/><U61/><E50/><V76/><F91/><W5/><G5/><N who="0" m="1071" /><D80/><U82/><REACH who="1" step="1"/><E11/><REACH who="1" step="2"/><V3/><F62/><W130/><G113/><T112/><D112/><U67/><E67/><V19/><F55/><W38/><G38/><T35/><D126/><U99/><E99/><V114/><F114/><W128/><G111/><T108/><D108/><U135/><E135/><V123/><F125/><W14/><G96/><T119/><D134/><U48/><E48/><V59/><F123/><W44/><G97/><T102/><D119/><AGARI ba="0,1" hai="61,63,65,66,68,71,79,82,84,88,89,117,118,119" machi="119" ten="40,5200,0" yaku="1,1,9,1,54,1,53,0" doraHai="37" doraHaiUra="28" who="1" fromWho="0" sc="250,-52,240,62,250,0,250,0" /><INIT seed="1,0,0,4,1,19" ten="198,302,250,250" oya="1" hai0="42,115,41,85,93,91,129,122,75,83,56,89,135" hai1="67,82,53,121,105,133,113,128,34,59,57,110,131" hai2="72,90,92,8,54,74,86,32,22,29,79,97,130" hai3="43,70,58,47,125,46,10,84,33,27,2,88,63" shuffle="mt19937ar,EA919C6D,4656D34E,2507A5F7,50795344,73C24BD2,DAEE15D0,1AB22059,B770ED62"/><U98/><E113/><V104/><F54/><W102/><G70/><T1/><D122/><U87/><E121/><V126/><F8/><W94/><G125/><T30/><D115/><U37/><E133/><V55/><F126/><W16/><G102/><T24/><D135/><U109/><E37/><V4/><F55/><W103/><G103/><T100/><D129/><N who="1" m="49739" /><E34/><V38/><F130/><W28/><G2/><T71/><D1/><U45/><E45/><V60/><F38/><W99/><G99/><T132/><D132/><U119/><E119/><V51/><F4/><W64/><G43/><T9/><D71/><U44/><E44/><V17/><F79/><W52/><G10/><T78/><D9/><U5/><E5/><V69/><F69/><W7/><G7/><T81/><D56/><U96/><E105/><V14/><F51/><W77/><G77/><T111/><D111/><N who="1" m="42507" /><E67/><V6/><F60/><W134/><G134/><T118/><D118/><U120/><E120/><V62/><F62/><W66/><G66/><T117/><D117/><U48/><E59/><V15/><F15/><W107/><BYE who="2" /><G107/><T108/><D108/><U101/><E101/><V50/><F50/><W0/><G0/><T124/><D124/><U95/><E95/><V12/><F12/><W26/><REACH who="3" step="1"/><G64/><REACH who="3" step="2"/><T18/><D100/><U76/><AGARI ba="0,1" hai="48,53,57,76,82,87,96,98" m="42507,49739" machi="76" ten="30,6000,0" yaku="19,1,14,1,10,1" doraHai="19" who="1" fromWho="1" sc="198,-20,302,70,250,-20,240,-20" /><INIT seed="1,1,0,1,0,84" ten="178,372,230,220" oya="1" hai0="78,104,76,135,129,15,72,90,80,85,87,50,93" hai1="7,18,88,42,121,33,110,69,1,125,113,94,106" hai2="44,116,128,35,17,41,109,71,55,23,105,16,58" hai3="29,132,102,47,32,9,91,133,22,3,114,54,2" shuffle="mt19937ar,7A11EE3C,88C8CB6E,1D0773F1,7BFD3949,2307B0A5,A3719256,E3AB6E9B,AEF95198"/><U86/><E121/><V98/><F98/><W12/><G102/><T77/><D129/><U27/><E113/><V89/><F89/><W57/><G47/><T39/><D135/><N who="3" m="51785" /><G57/><T122/><D39/><U10/><E106/><V75/><F75/><W134/><G54/><T66/><D122/><U59/><E69/><V20/><F20/><W62/><G62/><T45/><D66/><U11/><E125/><V70/><F70/><W63/><G63/><T74/><D15/><U65/><E110/><V56/><F56/><W127/><N who="3" m="51793" /><W8/><DORA hai="64" /><G91/><T95/><D45/><U68/><E42/><V19/><F19/><N who="3" m="10599" /><G114/><T97/><D50/><U40/><E59/><V111/><F111/><W123/><G123/><T124/><D124/><U30/><E40/><V37/><F37/><W79/><G79/><N who="0" m="46239" /><D104/><U73/><E73/><V14/><F14/><W53/><G53/><T99/><D87/><U49/><E49/><V36/><F36/><W46/><G46/><T38/><D38/><U60/><REACH who="1" step="1"/><E18/><REACH who="1" step="2"/><V103/><F103/><AGARI ba="1,1" hai="72,74,76,77,78,90,93,95,97,99,103" m="46239" machi="103" ten="30,12000,2" yaku="35,5,52,1" doraHai="84,64" who="0" fromWho="2" sc="178,133,362,0,230,-123,220,0" /><INIT seed="2,0,0,1,2,18" ten="311,362,107,220" oya="2" hai0="92,113,4,64,85,29,30,115,9,39,2,89,0" hai1="65,110,45,38,26,130,108,32,19,98,95,77,20" hai2="80,78,114,33,84,73,91,126,121,17,123,50,16" hai3="35,105,83,112,104,55,103,94,27,36,3,34,131" shuffle="mt19937ar,FF53BF7F,C7B80B02,ECEEFBE5,4FA2556B,C9FBB9FE,B84461BB,483C2413,4D426ECB"/><V96/><F96/><W101/><G55/><T81/><D39/><U93/><E32/><V14/><F14/><W70/><G27/><T48/><D64/><U87/><E130/><V54/><F54/><W52/><G52/><T31/><D48/><U117/><E117/><V133/><F133/><W44/><G44/><T79/><REACH who="0" step="1"/><D0/><REACH who="0" step="2"/><U12/><E65/><V41/><F41/><W43/><G36/><T13/><D13/><U53/><E38/><V134/><F134/><W66/><G3/><T63/><D63/><U42/><E12/><V47/><F47/><W15/><G66/><T69/><D69/><U129/><E53/><V107/><F107/><W6/><G15/><T124/><D124/><U1/><E1/><V7/><F7/><W135/><G70/><T75/><AGARI ba="0,1" hai="2,4,9,29,30,31,75,79,81,85,89,92,113,115" machi="75" ten="30,2000,0" yaku="1,1,0,1,53,0" doraHai="18" doraHaiUra="60" who="0" fromWho="0" sc="301,30,362,-5,107,-10,220,-5" /><INIT seed="3,0,0,5,5,132" ten="331,357,97,215" oya="3" hai0="109,50,62,29,92,68,113,78,87,14,98,101,102" hai1="10,36,73,96,122,135,6,130,128,80,23,27,114" hai2="18,12,69,19,54,120,13,75,2,17,106,8,108" hai3="103,32,111,86,67,57,21,52,72,48,126,49,116" shuffle="mt19937ar,0D5D85E4,E86F84D0,A92F234F,BE0D9229,61330029,1210E291,3175C24D,D17C38CC"/><W117/><G72/><T70/><D113/><U119/><E122/><V55/><F55/><W60/><G32/><T81/><D109/><U91/><E119/><V9/><F9/><W22/><G117/><UN n2="%4E%6F%4E%61%6D%65" /><T25/><D14/><U105/><E114/><V47/><F106/><W5/><G116/><T28/><D50/><U1/><E36/><V77/><F69/><W94/><G111/><T4/><D4/><U64/><E64/><V7/><F108/><W34/><G34/><T51/><D51/><U20/><E135/><V15/><F120/><W131/><G131/><N who="1" m="50218" /><E27/><V125/><F75/><W24/><G5/><T0/><D0/><U79/><E105/><V99/><F99/><W89/><G103/><T88/><D70/><U84/><E96/><V66/><F47/><W33/><G126/><T95/><D68/><U133/><E133/><V127/><F54/><W41/><G33/><T58/><D29/><U124/><E124/><N who="2" m="47691" /><F77/><W85/><G85/><T107/><D107/><U129/><N who="1" m="50226" /><U16/><DORA hai="59" /><E16/><N who="2" m="4099" /><V53/><DORA hai="97" /><F53/><W45/><REACH who="3" step="1"/><G24/><REACH who="3" step="2"/><T63/><D63/><U110/><E110/><V121/><F66/><W43/><G43/><T26/><D26/><U46/><E46/><AGARI ba="0,1" hai="21,22,41,45,46,48,49,52,57,60,67,86,89,94" machi="46" ten="30,12000,1" yaku="1,1,7,1,8,1,52,1,54,1,53,0" doraHai="132,59,97" doraHaiUra="104,74,11" who="3" fromWho="1" sc="331,0,357,-120,97,0,205,130" /><INIT seed="3,1,0,5,5,63" ten="331,237,97,335" oya="3" hai0="115,86,97,120,78,132,66,75,25,118,22,109,126" hai1="106,135,12,107,87,59,27,134,98,130,39,108,127" hai2="40,52,50,43,88,54,33,61,79,62,45,76,49" hai3="19,110,4,114,18,77,47,14,85,73,20,121,112" shuffle="mt19937ar,373AFD67,524F2EA5,81A28CBA,F31F3B26,F0A5CC4E,F884DB64,37D0F1A2,A2B2EAAA"/><W67/><G73/><T34/><D97/><U35/><E108/><V99/><F33/><W128/><G121/><T7/><D7/><U56/><E39/><V119/><F119/><W30/><G112/><T96/><D96/><U24/><E127/><V55/><F99/><W37/><G37/><T101/><D101/><U58/><E130/><V133/><F133/><N who="1" m="50697" /><E35/><V29/><F29/><W125/><G114/><T116/><D86/><U111/><E111/><V69/><F88/><W92/><G125/><T41/><D41/><N who="2" m="15946" /><F76/><W131/><G110/><T32/><D78/><U11/><E87/><V105/><F105/><N who="1" m="39945" /><E98/><V13/><F13/><W38/><G38/><T102/><D116/><U53/><E53/><N who="2" m="13571" /><V123/><DORA hai="60" /><F79/><W10/><G128/><T100/><D102/><U16/><AGARI ba="1,0" hai="11,12,16,24,27,56,58,59" m="39945,50697" machi="16" ten="40,2700,0" yaku="20,1,54,1" doraHai="63,60" who="1" fromWho="1" sc="331,-8,237,30,97,-8,335,-14" /><INIT seed="4,0,0,4,3,118" ten="323,267,89,321" oya="0" hai0="42,90,8,9,6,28,18,66,89,123,68,17,100" hai1="91,80,2,5,62,71,49,36,102,64,93,94,84" hai2="74,30,46,13,126,131,45,40,113,82,109,41,23" hai3="105,47,4,111,88,103,124,35,133,26,52,130,65" shuffle="mt19937ar,349A7788,CEA8B50F,7061BDE9,88AD10A7,AFA3A57D,B59AAA68,767ECEBE,0F81946C"/><T59/><D123/><U119/><E119/><V3/><F109/><W101/><G111/><T60/><D100/><U58/><E36/><V108/><F108/><W112/><G105/><T14/><D28/><U127/><E127/><V37/><F113/><W107/><G107/><T128/><D42/><U21/><E2/><V122/><F126/><W134/><G124/><T11/><D128/><U116/><E116/><V81/><F131/><W43/><G65/><T31/><D31/><U70/><E5/><V51/><F122/><W92/><G4/><T104/><D104/><U67/><E102/><N who="3" m="38922" /><G26/><T27/><D68/><U7/><E7/><V55/><F74/><W38/><G35/><T99/><D99/><U56/><E21/><V114/><F3/><W69/><G69/><T16/><D27/><U78/><E49/><V72/><F72/><W63/><G130/><T15/><D18/><U117/><E117/><V1/><F1/><AGARI ba="0,0" hai="1,6,8,9,11,14,15,16,17,59,60,66,89,90" machi="1" ten="30,5800,0" yaku="7,1,9,1,54,1" doraHai="118" who="0" fromWho="2" sc="323,58,267,0,89,-58,321,0" /><INIT seed="4,1,0,3,4,124" ten="381,267,31,321" oya="0" hai0="134,68,54,66,79,70,125,115,123,135,53,33,121" hai1="120,69,89,74,17,47,97,32,127,71,15,14,56" hai2="109,35,105,4,132,85,27,21,88,81,117,75,49" hai3="78,72,110,55,48,52,37,62,44,95,58,82,118" shuffle="mt19937ar,23AF1861,258FC9BC,D30336AF,592EBE7D,DFEEF64D,ABEC124C,8685706F,0644A2D3"/><T91/><D115/><U36/><E120/><N who="0" m="46153" /><D33/><U103/><E127/><V2/><F49/><W133/><G118/><T41/><D125/><U122/><E122/><V38/><F117/><W90/><G37/><T63/><D79/><U12/><E74/><V116/><F38/><W7/><G7/><T128/><D128/><U8/><E36/><V50/><F116/><W73/><G110/><T113/><D113/><U129/><E129/><V98/><F50/><W84/><REACH who="3" step="1"/><G133/><REACH who="3" step="2"/><N who="0" m="50699" /><D91/><U101/><E32/><V108/><F132/><W67/><G67/><T77/><D77/><U24/><E24/><V20/><F75/><AGARI ba="1,1" hai="44,48,52,55,58,62,72,73,75,78,82,84,90,95" machi="75" ten="30,8000,1" yaku="1,1,7,1,54,1,53,2" doraHai="124" doraHaiUra="51" who="3" fromWho="2" sc="381,0,267,0,31,-83,311,93" owari="381,18,267,-13,-52,-55,404,50" /></mjloggm>