<mjloggm ver="2.3"><GO type="41"/><UN n0="%E3%82%A6%E3%83%AB%E3%83%88%E3%83%A9%E7%AB%8B%E7%9B%B4" n1="%E3%81%82%E3%81%98%E3%81%9F%E3%81%BE" n2="%E2%98%86%E3%81%99%E3%81%84%E3%81%99%E3%81%84%E2%98%86" n3="%E3%82%84%E3%82%93%E3%82%8F%E3%82%8A" dan="15,13,14,14" rate="1968,1800,1997,1927" sx="M,M,M,M"/><TAIKYOKU oya="0"/><INIT seed="0,0,0,1,4,112" ten="250,250,250,250" oya="0" hai0="14,57,107,95,113,122,45,61,81,37,51,50,13" hai1="41,4,82,87,59,64,93,105,125,35,49,63,42" hai2="98,134,117,65,60,96,130,100,119,106,94,123,26" hai3="120,8,33,12,79,34,66,9,115,24,70,54,132"/><T75/><D107/><U1/><E105/><V76/><F123/><W0/><G115/><T19/><D122/><U7/><E35/><V18/><F134/><W77/><G120/><T109/><D113/><U32/><E32/><V114/><F114/><W91/><G132/><T44/><D37/><U47/><E125/><V121/><F121/><W99/><G0/><T48/><D109/><U83/><E93/><V118/><F76/><W90/><G54/><T46/><D75/><U73/><E73/><V69/><F130/><W6/><G8/><T15/><D81/><U129/><E129/><V21/><F98/><W84/><G77/><T56/><D95/><AGARI ba="0,0" hai="18,21,26,60,65,69,94,95,96,100,106,117,118,119" machi="95" ten="40,8000,1" yaku="12,1,52,3" doraHai="112" who="2" fromWho="0" sc="250,-80,250,0,250,80,250,0" /><INIT seed="1,0,0,1,3,128" ten="170,250,330,250" oya="1" hai0="107,99,35,81,108,30,110,48,125,88,8,72,23" hai1="112,100,51,9,53,55,29,58,14,44,96,134,93" hai2="3,32,122,47,124,60,4,69,120,64,6,95,17" hai3="61,80,114,54,43,82,75,49,63,36,129,68,59"/><U65/><E112/><V20/><F32/><W117/><G75/><T126/><D35/><U73/><E29/><V10/><F124/><N who="0" m="47722" /><D8/><U66/><E73/><V86/><F4/><W28/><G28/><T103/><D48/><N who="1" m="31015" /><E134/><V11/><F10/><W83/><G114/><T46/><D30/><U41/><E41/><V94/><F47/><W34/><G34/><T119/><D46/><U123/><E123/><V52/><F95/><W89/><G129/><T42/><D42/><U109/><E109/><N who="0" m="42089" /><D23/><U31/><E31/><V50/><F94/><W90/><G117/><T87/><D72/><U45/><E45/><V40/><F86/><W115/><G115/><T22/><D22/><U104/><E104/><V102/><F102/><W70/><G43/><T105/><D105/><U118/><E118/><AGARI ba="0,0" hai="81,87,88,99,103,107,118,119" m="42089,47722" machi="118" ten="30,8000,1" yaku="18,1,14,1,34,2,54,1" doraHai="128" who="0" fromWho="1" sc="170,80,250,-80,330,0,250,0" /><INIT seed="2,0,0,0,4,62" ten="250,170,330,250" oya="2" hai0="58,128,95,50,15,109,114,3,16,112,23,90,40" hai1="70,122,67,76,48,106,6,9,27,129,71,85,115" hai2="25,4,135,34,86,63,74,20,35,52,30,121,131" hai3="101,117,44,130,26,1,81,31,111,89,132,134,29"/><V91/><F74/><W0/><G117/><T19/><D3/><U77/><E115/><V78/><F78/><W133/><G101/><T102/><D102/><U103/><E122/><V54/><F121/><W49/><G130/><T17/><D128/><U45/><E129/><V53/><F131/><W57/><G57/><T12/><D109/><U104/><E27/><V105/><F105/><W100/><G100/><T79/><D79/><U43/><E103/><V33/><F4/><W96/><G111/><T56/><D114/><U127/><E127/><V80/><F135/><W47/><G47/><N who="0" m="25959" /><D112/><U14/><E71/><V88/><REACH who="2" step="1"/><F91/><REACH who="2" step="2"/><W46/><G89/><T60/><D90/><U59/><E77/><V13/><F13/><W98/><G26/><T118/><D118/><U22/><E106/><V41/><F41/><W123/><G123/><T116/><D116/><U72/><E104/><V66/><F66/><W32/><G134/><T119/><D119/><U126/><E72/><V75/><F75/><W94/><G133/><T107/><D107/><U55/><E126/><V93/><F93/><W36/><G94/><T110/><D95/><U124/><E124/><V5/><F5/><W7/><G7/><T69/><D110/><U92/><E92/><V2/><F2/><W99/><G0/><T120/><D120/><U125/><E125/><V42/><F42/><N who="3" m="22599" /><G1/><T18/><D15/><U51/><E76/><V8/><F8/><W73/><G73/><T97/><D97/><U11/><E14/><V38/><F38/><W84/><G132/><T108/><D108/><U39/><E6/><RYUUKYOKU ba="0,1" sc="250,15,170,-15,320,15,250,-15" hai0="12,16,17,18,19,23,56,58,60,69" hai2="20,25,30,33,34,35,52,53,54,63,80,86,88" /><INIT seed="2,1,1,0,5,108" ten="265,155,335,235" oya="2" hai0="42,0,79,82,26,73,75,103,74,13,53,84,4" hai1="77,111,114,66,121,80,34,78,50,38,134,102,20" hai2="86,65,110,126,36,123,128,30,104,6,120,54,130" hai3="89,63,55,27,105,32,7,24,113,109,71,14,61"/><V28/><F36/><W106/><G109/><T67/><D0/><U91/><E34/><V1/><F104/><W8/><G89/><T119/><D119/><U87/><E38/><V62/><F110/><W44/><G71/><T48/><D67/><U9/><E111/><V21/><F54/><W19/><G27/><T118/><D118/><U25/><E134/><V41/><F41/><W83/><G83/><T122/><D122/><U117/><E121/><N who="2" m="46667" /><F86/><W59/><G44/><T56/><D26/><U85/><E117/><V107/><F107/><W97/><G63/><T132/><D132/><U11/><E66/><V116/><F116/><W92/><G106/><T127/><D103/><U17/><E102/><V100/><F100/><W69/><G105/><T70/><D70/><U112/><E50/><V76/><F76/><W35/><G69/><T29/><D29/><U45/><E45/><V133/><F133/><W88/><G113/><T64/><D64/><U46/><E46/><V68/><F21/><AGARI ba="1,1" hai="7,8,14,19,21,24,32,35,55,59,61,88,92,97" machi="21" ten="40,5200,0" yaku="25,2,54,1" doraHai="108" who="3" fromWho="2" sc="265,0,155,0,335,-55,235,65" /><INIT seed="3,0,0,2,2,101" ten="265,155,280,300" oya="3" hai0="5,9,8,104,132,110,78,99,67,56,50,130,65" hai1="71,21,54,55,106,0,80,94,125,23,72,81,18" hai2="89,109,120,85,79,131,48,116,13,47,25,24,93" hai3="126,36,90,60,96,10,117,34,12,98,73,38,43"/><W135/><G34/><T92/><D130/><U49/><E71/><V6/><F116/><W69/><G117/><T3/><D132/><U115/><E0/><V15/><F131/><W134/><G73/><T76/><D110/><U97/><E115/><V70/><F109/><W53/><G126/><T87/><D65/><U37/><E37/><V19/><F70/><W121/><G121/><T64/><D64/><U61/><E125/><V112/><F112/><W45/><G36/><T77/><D9/><U27/><E21/><V88/><F79/><W26/><G26/><T95/><D87/><U63/><E72/><V33/><F33/><W41/><G41/><T57/><D50/><U119/><E119/><V84/><F6/><W62/><G62/><T118/><D118/><U44/><E106/><V133/><F13/><W68/><G68/><T29/><D29/><U108/><E108/><V35/><F35/><W22/><G22/><T83/><D83/><U40/><E55/><N who="2" m="30111" /><F133/><N who="3" m="50699" /><G69/><T100/><REACH who="0" step="1"/><D57/><REACH who="0" step="2"/><N who="1" m="34999" /><E63/><AGARI ba="0,1" hai="3,5,8,56,63,67,76,77,78,92,95,99,100,104" machi="63" ten="40,5200,0" yaku="1,1,52,1,53,1" doraHai="101" doraHaiUra="52" who="0" fromWho="1" sc="255,62,155,-52,280,0,300,0" /><INIT seed="4,0,0,3,2,123" ten="317,103,280,300" oya="0" hai0="25,128,1,133,4,105,120,67,58,6,104,94,9" hai1="63,65,8,83,15,78,37,76,130,109,11,116,69" hai2="62,68,115,66,59,77,92,20,54,75,131,57,117" hai3="72,96,46,79,23,5,85,121,122,55,47,119,112"/><T97/><D120/><N who="3" m="46185" /><G119/><T2/><D128/><U51/><E116/><V34/><F34/><W88/><G112/><T70/><D70/><U26/><E37/><V17/><F77/><W24/><G5/><T98/><D133/><U106/><E106/><V50/><F75/><W93/><G55/><T29/><D58/><U113/><E113/><V3/><F3/><W108/><G72/><T12/><D67/><U33/><E130/><V101/><F117/><W60/><G60/><T82/><D82/><U28/><E51/><V100/><F131/><W125/><G125/><T95/><D12/><U135/><E135/><V84/><F68/><W45/><G79/><T27/><D29/><U22/><E33/><V124/><F124/><W52/><G52/><T86/><D86/><U102/><E102/><V53/><F54/><W36/><G85/><T90/><D90/><U61/><E61/><V80/><F115/><W42/><G108/><T129/><D129/><U49/><E49/><V30/><F30/><AGARI ba="0,0" hai="23,24,30,36,42,45,46,47,88,93,96" m="46185" machi="30" ten="30,2000,0" yaku="13,1,54,1" doraHai="123" who="3" fromWho="2" sc="317,0,103,0,280,-20,300,20" /><INIT seed="5,0,0,1,4,105" ten="317,103,260,320" oya="1" hai0="48,30,10,7,109,118,35,66,24,22,68,43,45" hai1="5,19,87,108,8,111,41,97,121,54,135,119,86" hai2="85,101,52,40,12,131,51,84,17,69,79,59,73" hai3="116,123,42,55,16,27,37,74,98,80,96,60,49"/><U47/><E121/><V65/><F131/><W91/><G123/><T83/><D118/><U71/><E119/><V99/><F40/><W18/><G116/><T81/><D109/><N who="1" m="42059" /><E71/><V15/><F15/><W113/><G113/><T44/><D66/><U75/><E97/><V20/><F65/><W0/><G0/><T63/><D63/><U95/><E54/><V106/><REACH who="2" step="1"/><F69/><REACH who="2" step="2"/><W36/><G42/><T38/><D68/><U126/><E41/><V90/><F90/><W78/><G91/><T26/><D38/><U100/><E47/><V133/><F133/><W77/><G36/><T132/><D45/><U120/><E120/><V89/><F89/><W104/><G37/><T11/><D132/><U128/><E19/><V6/><F6/><W102/><G16/><T28/><D11/><U57/><E8/><V3/><F3/><AGARI ba="0,1" hai="3,7,10,22,24,26,28,30,35,43,44,48,81,83" machi="3" ten="30,1000,0" yaku="7,1" doraHai="105" who="0" fromWho="2" sc="317,20,103,0,250,-10,320,0" /><INIT seed="6,0,0,2,1,105" ten="337,103,240,320" oya="2" hai0="67,129,60,38,6,66,41,122,31,59,93,18,80" hai1="89,49,83,110,72,71,69,39,134,98,65,97,48" hai2="123,5,12,135,51,127,132,30,75,133,53,29,117" hai3="20,52,4,114,106,17,118,126,119,26,63,111,46"/><V23/><F117/><W37/><G106/><T90/><D122/><U33/><E110/><V82/><F123/><W92/><G111/><T32/><D129/><U42/><E33/><V7/><F127/><W101/><G126/><T1/><D31/><N who="2" m="11786" /><F23/><W14/><G114/><T22/><D32/><U61/><E71/><V21/><F21/><W8/><G37/><T57/><D41/><U116/><E116/><V78/><F12/><W77/><G77/><T91/><D38/><U87/><E42/><V120/><F120/><W113/><G113/><T86/><D6/><U54/><E39/><V24/><F24/><W44/><G118/><T100/><D1/><U16/><E49/><V115/><F115/><W124/><G124/><T62/><D100/><U79/><E134/><V0/><F0/><W131/><G131/><T128/><D128/><U99/><E98/><V36/><F36/><W45/><G119/><T109/><D109/><U76/><E79/><V28/><F28/><W125/><G125/><T73/><D73/><U55/><E54/><V50/><F50/><N who="3" m="28743" /><G63/><T27/><D91/><U84/><E87/><V47/><AGARI ba="0,0" hai="5,7,47,51,53,75,78,82,132,133,135" m="11786" machi="47" ten="40,3900,0" yaku="20,1,52,1" doraHai="105" who="2" fromWho="2" sc="337,-13,103,-13,240,39,320,-13" /><INIT seed="6,1,0,0,5,72" ten="324,90,279,307" oya="2" hai0="49,23,115,27,111,96,3,98,64,76,107,31,71" hai1="119,24,114,116,134,100,59,14,126,0,80,101,79" hai2="78,20,9,69,17,48,120,121,4,74,55,82,60" hai3="73,108,99,56,105,42,81,37,40,88,39,15,124"/><V110/><F110/><W50/><G108/><T68/><D3/><U132/><E0/><V16/><F69/><W122/><G122/><T54/><D111/><U51/><E24/><V8/><F60/><W45/><G124/><T22/><D115/><U33/><E14/><V129/><F129/><W75/><G75/><T44/><D68/><U2/><E33/><V106/><F106/><W128/><G128/><T113/><D113/><U46/><E2/><V47/><F17/><W103/><G15/><T118/><D118/><U62/><E46/><V35/><F35/><W130/><G130/><T5/><D5/><U109/><E51/><V125/><F125/><W36/><G56/><T28/><D107/><U67/><E109/><V127/><F127/><W52/><G73/><T11/><D11/><U63/><E126/><V93/><F93/><W38/><REACH who="3" step="1"/><G36/><REACH who="3" step="2"/><T77/><D71/><U61/><E114/><V41/><F121/><W10/><G10/><T34/><D34/><U83/><E61/><V90/><F120/><W13/><G13/><T131/><D131/><U32/><E32/><V135/><F4/><W29/><G29/><T19/><D31/><U89/><E59/><V97/><F9/><W57/><G57/><T43/><D28/><U123/><E123/><V95/><F8/><W117/><G117/><T26/><D26/><U58/><E58/><V12/><REACH who="2" step="1"/><F135/><REACH who="2" step="2"/><W1/><G1/><T65/><D65/><U30/><E67/><V66/><F66/><W133/><G133/><T70/><D64/><U86/><E30/><V85/><F85/><AGARI ba="1,2" hai="37,38,39,40,42,45,50,52,81,85,88,99,103,105" machi="85" ten="40,5200,0" yaku="1,1,54,2,53,0" doraHai="72" doraHaiUra="7" who="3" fromWho="2" sc="324,0,90,0,269,-55,297,75" /><INIT seed="7,0,0,2,3,111" ten="324,90,214,372" oya="3" hai0="99,63,122,106,24,74,85,117,58,62,126,28,33" hai1="45,94,84,1,89,34,5,25,91,55,127,26,65" hai2="59,97,119,8,83,27,87,78,98,123,10,110,32" hai3="77,4,72,49,133,109,16,51,71,39,104,96,112"/><W9/><G112/><T12/><D74/><U14/><E127/><V31/><F119/><W131/><G39/><T120/><D117/><U40/><E34/><V118/><F123/><W121/><G121/><T130/><D126/><U52/><E1/><V66/><F118/><W18/><G71/><T86/><D130/><U102/><E65/><V57/><F110/><W2/><G109/><T81/><D62/><U64/><E64/><V42/><F42/><W101/><G131/><T0/><D0/><U69/><E69/><V54/><F66/><W80/><G133/><T37/><D37/><U128/><E128/><V35/><F57/><W134/><G134/><T73/><D86/><U19/><E5/><V114/><F32/><W95/><G104/><T67/><D73/><U88/><E102/><V125/><F125/><W90/><G101/><T108/><D108/><U129/><E129/><V56/><F56/><W103/><G103/><T13/><D106/><U36/><E25/><V107/><F98/><W60/><G60/><T21/><D99/><U6/><E6/><V61/><F97/><W43/><G51/><T75/><D75/><U38/><E26/><V76/><F78/><W17/><G49/><T30/><D13/><U3/><E36/><V44/><F44/><W15/><G43/><T29/><D33/><U47/><E3/><V7/><F107/><W79/><G77/><T124/><D124/><U68/><E68/><V53/><F54/><N who="1" m="20521" /><E47/><V92/><F35/><W46/><G46/><T20/><D120/><U116/><E116/><V70/><F70/><W22/><AGARI ba="0,0" hai="2,4,9,15,16,17,18,22,72,79,80,90,95,96" machi="22" ten="20,7800,0" yaku="5,1,0,1,7,1,54,1" doraHai="111" who="3" fromWho="3" sc="324,-26,90,-26,214,-26,372,78" owari="298,10,64,-44,188,-21,450,55" /></mjloggm>