<mjloggm ver="2.3"><GO type="41"/><UN n0="%70%70%61%61%6F%6F" n1="%41%50%52%49%4C%32%32" n2="%62%61%73%75%74%61" n3="%E3%82%A6%E3%83%AB%E3%83%88%E3%83%A9%E7%AB%8B%E7%9B%B4" dan="14,14,14,14" rate="1891,1822,1865,1917" sx="M,M,M,M"/><TAIKYOKU oya="0"/><INIT seed="0,0,0,4,5,96" ten="250,250,250,250" oya="0" hai0="113,67,58,70,11,46,123,47,83,88,93,22,100" hai1="59,65,89,20,9,44,131,82,52,23,107,94,114" hai2="135,16,57,111,90,121,74,109,127,61,99,122,10" hai3="43,69,133,112,87,55,27,117,116,51,13,19,120"/><T68/><D123/><U118/><E118/><V72/><F135/><W75/><G43/><T64/><D113/><U80/><E107/><V15/><F127/><W98/><G27/><T62/><D67/><U34/><E34/><V54/><F122/><W45/><G75/><T6/><D68/><U17/><E131/><V5/><F121/><W42/><G120/><T36/><D70/><U101/><E9/><V129/><F129/><W128/><G112/><T49/><D36/><U132/><E132/><V119/><F119/><W85/><G133/><T84/><D22/><U79/><E65/><V95/><REACH who="2" step="1"/><F5/><REACH who="2" step="2"/><W78/><G128/><T115/><D115/><U29/><E114/><V56/><F56/><W26/><G69/><T134/><D134/><U21/><E59/><V50/><F50/><W102/><G116/><T7/><D47/><U48/><E29/><V14/><F14/><W124/><G124/><T104/><D104/><U108/><E17/><V53/><F53/><W60/><G117/><T3/><D3/><U12/><E12/><V125/><F125/><W24/><G24/><T126/><D126/><U1/><E1/><V8/><F8/><W110/><G26/><T32/><D11/><U103/><E108/><AGARI ba="0,1" hai="10,15,16,54,57,61,72,74,90,95,99,108,109,111" machi="108" ten="40,5200,0" yaku="1,1,14,1,54,1,53,0" doraHai="96" doraHaiUra="18" who="2" fromWho="1" sc="250,0,250,-52,240,62,250,0" /><INIT seed="1,0,0,4,3,84" ten="250,198,302,250" oya="1" hai0="14,33,118,75,12,90,100,65,102,5,88,6,2" hai1="113,126,9,60,55,28,123,81,35,131,3,116,62" hai2="130,22,74,18,40,111,21,114,36,56,89,46,68" hai3="70,109,129,63,94,106,16,23,122,34,11,37,77"/><U127/><E123/><V49/><F114/><W50/><G106/><T107/><D118/><U121/><E116/><V79/><F130/><W83/><G37/><T47/><D33/><U30/><E113/><V4/><F111/><W135/><G109/><T19/><D75/><U64/><E121/><V133/><F133/><W117/><G122/><T110/><D110/><U58/><E131/><V112/><F112/><W82/><G129/><T80/><D2/><U85/><E35/><V71/><F4/><N who="0" m="1642" /><D107/><U10/><E3/><V86/><F74/><W0/><G34/><T26/><D65/><U73/><E73/><V29/><F79/><W92/><G0/><T103/><D80/><U91/><E30/><V13/><F29/><W20/><G70/><T15/><D47/><U53/><E28/><V128/><F128/><W78/><G117/><T59/><D59/><U8/><REACH who="1" step="1"/><E62/><REACH who="1" step="2"/><V25/><F25/><W104/><G63/><T45/><D45/><U95/><E95/><V96/><F96/><W41/><G104/><T124/><D124/><AGARI ba="0,1" hai="8,9,10,53,55,58,60,64,81,85,91,124,126,127" machi="124" ten="40,7700,0" yaku="1,1,18,1,52,1,53,0" doraHai="84" doraHaiUra="69" who="1" fromWho="0" sc="250,-77,188,87,302,0,250,0" /><INIT seed="1,1,0,0,1,1" ten="173,275,302,250" oya="1" hai0="22,60,33,114,124,25,54,2,31,50,12,17,127" hai1="63,83,39,70,41,51,10,20,135,87,82,71,89" hai2="104,64,44,5,97,67,9,36,110,7,66,16,68" hai3="19,37,128,29,79,134,112,23,109,3,40,32,102"/><U26/><E39/><V131/><F131/><W43/><G102/><T80/><D114/><U116/><E116/><V58/><F110/><W119/><G79/><T77/><D60/><U95/><E135/><V94/><F104/><W117/><G43/><T84/><REACH who="0" step="1"/><D2/><REACH who="0" step="2"/><U107/><E63/><V21/><F68/><W86/><G112/><T111/><D111/><U42/><E71/><V59/><F36/><W78/><G109/><T57/><AGARI ba="1,1" hai="12,17,22,25,31,33,50,54,57,77,80,84,124,127" machi="57" ten="30,4000,0" yaku="1,1,0,1,53,1" doraHai="1" doraHaiUra="55" who="0" fromWho="0" sc="163,53,275,-21,302,-11,250,-11" /><INIT seed="2,0,0,0,5,11" ten="216,254,291,239" oya="2" hai0="96,31,18,10,80,27,71,78,99,39,29,28,97" hai1="0,17,42,34,55,120,133,83,91,84,8,108,124" hai2="129,130,3,58,104,62,23,68,75,98,87,88,2" hai3="128,24,47,111,63,50,1,127,135,102,116,118,131"/><V51/><F75/><W126/><G102/><T64/><D39/><U52/><E34/><V82/><F68/><W85/><G1/><T74/><D71/><U86/><E108/><V35/><F35/><W76/><G76/><T73/><D64/><U38/><E133/><V53/><F23/><W66/><G85/><T110/><D110/><U95/><E124/><N who="3" m="47658" /><G24/><T89/><D74/><U20/><E120/><V65/><F104/><W125/><G111/><T7/><D18/><U19/><E42/><V92/><F65/><W5/><G5/><T109/><D109/><U93/><E38/><V115/><F115/><W79/><G79/><T90/><REACH who="0" step="1"/><D27/><REACH who="0" step="2"/><U13/><E0/><AGARI ba="0,1" hai="0,7,10,28,29,31,73,78,80,89,90,96,97,99" machi="0" ten="40,2600,0" yaku="1,1,2,1,53,0" doraHai="11" doraHaiUra="119" who="0" fromWho="1" sc="206,36,254,-26,291,0,239,0" /><INIT seed="3,0,0,3,1,61" ten="242,228,291,239" oya="3" hai0="59,3,12,26,92,35,132,5,98,72,8,42,83" hai1="74,86,69,88,100,4,126,9,62,31,73,128,91" hai2="52,65,134,39,115,54,71,114,10,131,77,93,56" hai3="37,11,123,110,43,63,130,106,16,55,21,121,108"/><W27/><G106/><T122/><D122/><U23/><E126/><V79/><F134/><W67/><G43/><T90/><D132/><U78/><E128/><V53/><F131/><W6/><G37/><T38/><D12/><U75/><E100/><V70/><F39/><W46/><G130/><T60/><D35/><U68/><E68/><V94/><F10/><W49/><G121/><T113/><D26/><U2/><E31/><V45/><F45/><W15/><REACH who="3" step="1"/><G123/><REACH who="3" step="2"/><T19/><D42/><U57/><E69/><AGARI ba="0,1" hai="6,11,15,16,21,27,46,49,55,63,67,69,108,110" machi="69" ten="40,12000,1" yaku="1,1,2,1,52,1,54,1,53,1" doraHai="61" doraHaiUra="13" who="3" fromWho="1" sc="242,0,228,-120,291,0,229,130" /><INIT seed="3,1,0,3,1,23" ten="242,108,291,359" oya="3" hai0="121,81,89,91,103,101,51,28,10,14,50,41,94" hai1="31,83,12,13,44,64,134,123,2,7,75,133,37" hai2="9,79,77,62,135,3,107,15,118,48,49,54,119" hai3="11,17,20,57,56,124,59,84,69,58,109,25,114"/><W45/><N who="3" m="14848" /><DORA hai="40" /><W90/><G69/><T1/><D1/><U63/><E123/><V38/><F38/><W30/><G114/><T131/><D121/><U19/><E31/><V126/><F3/><W18/><G124/><T4/><D131/><U106/><E106/><V82/><F126/><W129/><G109/><T52/><D41/><U128/><E128/><V80/><F62/><W105/><G105/><T21/><D81/><U60/><E13/><V120/><F120/><W104/><G104/><T127/><D127/><U85/><E85/><V86/><F107/><W87/><G129/><T110/><D110/><U98/><E98/><V96/><F96/><W113/><G87/><T39/><D39/><U6/><E7/><V42/><F42/><W35/><G35/><T8/><D8/><U29/><E29/><V115/><F115/><W27/><G11/><T0/><D0/><U73/><E75/><V22/><F22/><N who="3" m="13519" /><G113/><T125/><D125/><U43/><E64/><V88/><F135/><W72/><G72/><T100/><D52/><U67/><E67/><V108/><F108/><W65/><G65/><T46/><D10/><N who="1" m="2391" /><E134/><V66/><F66/><W34/><G34/><T36/><D21/><N who="1" m="11495" /><E133/><V116/><F77/><AGARI ba="1,0" hai="37,43,44,60,63,73,77,83" m="11495,2391" machi="77" ten="30,2000,0" yaku="25,1,52,1" doraHai="23,40" who="1" fromWho="2" sc="242,0,108,23,291,-23,359,0" /><INIT seed="4,0,0,4,1,24" ten="242,131,268,359" oya="0" hai0="77,124,115,7,34,29,30,57,55,50,86,101,43" hai1="0,78,48,74,100,106,129,12,116,25,53,2,97" hai2="46,75,58,80,98,84,102,31,22,10,60,134,63" hai3="83,110,127,6,68,85,123,118,70,105,126,13,47"/><T73/><D115/><U61/><E116/><V36/><F134/><W108/><G105/><T88/><D73/><U19/><E129/><V122/><F122/><W17/><G6/><T26/><D77/><U14/><E61/><V89/><F75/><W112/><G47/><T51/><D101/><U59/><E78/><V69/><F69/><N who="3" m="26731" /><G118/><T1/><D124/><N who="3" m="47657" /><G112/><T3/><D7/><U104/><E74/><V44/><F10/><N who="3" m="6327" /><G123/><T79/><D79/><AGARI ba="0,0" hai="79,83,85,108,110" m="6327,47657,26731" machi="79" ten="30,1000,0" yaku="18,1" doraHai="24" who="3" fromWho="0" sc="242,-10,131,0,268,0,359,10" /><INIT seed="5,0,0,4,4,126" ten="232,131,268,369" oya="1" hai0="46,62,25,13,104,134,47,66,114,67,125,84,91" hai1="86,26,89,41,28,87,51,65,69,105,11,117,43" hai2="78,92,7,71,100,77,27,5,39,55,6,80,108" hai3="85,59,94,112,34,130,42,21,44,109,18,97,54"/><U128/><E105/><V135/><F108/><W127/><G34/><T0/><D104/><U64/><E117/><V2/><F135/><W22/><G109/><T63/><D0/><U32/><E11/><V30/><F71/><W122/><G122/><T58/><D125/><U96/><E69/><V35/><F39/><W129/><G85/><T15/><D134/><U24/><E96/><V52/><F2/><W119/><G127/><T12/><D25/><U95/><E24/><V4/><N who="2" m="1536" /><DORA hai="110" /><V123/><F123/><W57/><G119/><T61/><D114/><U3/><E3/><V73/><REACH who="2" step="1"/><F78/><REACH who="2" step="2"/><W107/><G112/><T36/><D36/><U76/><E76/><V79/><F79/><W102/><G107/><T75/><D75/><U98/><E65/><V40/><F40/><W101/><G42/><T132/><D132/><U93/><E64/><V37/><F37/><W38/><G38/><T121/><D121/><U133/><E41/><V20/><F20/><W90/><G22/><T45/><REACH who="0" step="1"/><D58/><REACH who="0" step="2"/><U16/><E133/><V10/><F10/><W48/><G57/><T50/><D50/><U14/><E51/><V19/><F19/><W83/><G59/><T113/><D113/><U72/><E72/><V124/><F124/><W70/><G70/><T49/><D49/><U118/><E118/><V31/><F31/><W17/><G48/><T99/><D99/><AGARI ba="0,2" hai="27,30,35,52,55,73,77,80,92,99,100" m="1536" machi="99" ten="50,6400,0" yaku="1,1,54,1,53,1" doraHai="126,110" doraHaiUra="115,88" who="2" fromWho="0" sc="222,-64,131,0,258,84,369,0" /><INIT seed="6,0,0,4,4,118" ten="158,131,342,369" oya="2" hai0="53,57,45,89,48,96,88,116,110,12,122,95,132" hai1="61,43,54,87,68,86,92,6,38,65,4,56,26" hai2="44,103,117,3,7,130,40,100,39,124,51,93,18" hai3="126,135,123,33,101,8,128,83,97,14,25,1,29"/><V17/><F117/><W42/><G42/><T81/><D116/><U114/><E114/><V120/><F124/><W19/><G83/><T27/><D110/><U67/><E67/><V71/><F130/><W134/><G97/><T106/><D132/><N who="3" m="50729" /><G101/><T99/><D106/><U90/><E86/><V20/><F71/><W35/><G126/><T5/><D122/><U107/><E107/><V133/><F133/><W72/><G72/><T0/><D0/><U46/><REACH who="1" step="1"/><E26/><REACH who="1" step="2"/><V79/><F79/><W69/><G69/><T131/><D27/><U98/><E98/><V82/><F82/><W125/><G125/><T23/><D99/><U55/><E55/><V50/><F40/><W41/><G41/><N who="0" m="24623" /><D81/><U36/><E36/><V15/><F39/><W59/><G25/><T28/><D131/><U31/><E31/><V112/><F112/><W74/><G29/><T119/><D28/><U62/><AGARI ba="0,1" hai="4,6,38,43,46,54,56,61,62,65,68,87,90,92" machi="62" ten="20,2700,0" yaku="1,1,0,1,7,1,53,0" doraHai="118" doraHaiUra="94" who="1" fromWho="1" sc="158,-7,121,37,342,-13,369,-7" /><INIT seed="7,0,0,4,4,5" ten="151,158,329,362" oya="3" hai0="117,132,28,81,32,62,126,91,85,72,98,130,58" hai1="29,76,100,133,75,96,74,31,33,102,113,8,7" hai2="25,124,97,21,14,15,71,112,95,107,61,0,3" hai3="36,77,30,114,119,66,110,20,79,87,35,37,129"/><W45/><G20/><T90/><D117/><U109/><E109/><V115/><F107/><W50/><G87/><T65/><D72/><U47/><E113/><N who="2" m="43595" /><F124/><W116/><G30/><T82/><D126/><U26/><E31/><N who="2" m="17839" /><F71/><W23/><G23/><T125/><D125/><U27/><E27/><V10/><F61/><W89/><G35/><T12/><D28/><U4/><E4/><N who="2" m="3399" /><F15/><W49/><G116/><T18/><D32/><U93/><E76/><V40/><F40/><W56/><G119/><T24/><D24/><U60/><E102/><AGARI ba="0,0" hai="0,3,95,97,102" m="3399,17839,43595" machi="102" ten="30,2000,0" yaku="15,1,52,1" doraHai="5" who="2" fromWho="1" sc="151,0,158,-20,329,20,362,0" owari="151,-25,138,-36,349,15,362,46" /></mjloggm>