<mjloggm ver="2.3"><GO type="9"/><UN n0="%6A%61%6E%6E%65%72%79" n1="%E3%82%A6%E3%83%AB%E3%83%88%E3%83%A9%E7%AB%8B%E7%9B%B4" n2="%E3%83%88%E3%83%AC%E3%83%8E" n3="%53%2E%41%54%53%55" dan="0,5,7,10" rate="1500,1692,1436,1651" sx="M,M,M,M"/><TAIKYOKU oya="0"/><INIT seed="0,0,0,1,1,20" ten="250,250,250,250" oya="0" hai0="94,30,72,117,109,112,16,88,113,8,120,48,79" hai1="7,12,13,35,5,55,111,2,58,74,123,6,118" hai2="50,45,132,68,131,46,27,115,26,40,53,49,10" hai3="70,129,103,15,87,108,96,4,119,56,81,19,116" shuffle="mt19937ar,D4B39201,8FEB47FA,4901E504,6C395696,C650235E,FA1172D2,4C16CA3B,34D31FC4"/><T128/><D48/><U80/><E74/><V52/><F115/><W100/><G70/><T85/><D30/><U69/><E80/><V133/><F131/><W104/><G100/><T134/><D8/><U22/><E58/><V102/><F68/><W62/><G129/><T36/><D79/><U51/><E69/><V28/><F40/><W91/><G4/><T89/><D16/><N who="1" m="10503" /><E55/><V1/><F102/><W41/><G108/><T135/><D94/><U71/><E51/><V14/><F1/><W77/><G41/><T0/><D85/><U38/><E38/><V121/><F121/><W17/><G19/><T84/><D84/><U57/><E57/><V95/><F95/><W44/><G44/><T31/><D31/><U101/><E101/><V66/><F28/><W110/><G110/><T32/><D89/><U37/><E71/><V130/><F66/><W124/><G124/><T23/><D23/><U61/><E61/><V114/><F130/><W9/><REACH who="3" step="1"/><G77/><REACH who="3" step="2"/><T122/><D88/><U33/><E37/><V98/><F114/><N who="0" m="44138" /><D36/><U60/><E111/><V65/><F65/><AGARI ba="0,1" hai="9,15,17,56,62,65,81,87,91,96,103,104,116,119" machi="65" ten="30,2000,0" yaku="1,1,7,1,53,0" doraHai="20" doraHaiUra="107" who="3" fromWho="2" sc="250,0,250,0,250,-20,240,30" /><INIT seed="1,0,0,2,2,2" ten="250,250,230,270" oya="1" hai0="4,115,0,20,55,107,81,23,114,50,124,121,22" hai1="83,35,127,128,33,25,85,122,76,78,56,8,92" hai2="75,60,97,67,46,117,15,135,93,68,84,94,77" hai3="133,59,120,47,36,21,125,52,130,34,13,48,16" shuffle="mt19937ar,94D7715F,31643CDD,AE9DD20E,3C9D4D83,89ACF9F6,E9E5C939,51C10F65,8F32F470"/><U14/><E127/><V129/><F117/><W27/><G120/><T10/><D107/><U30/><E122/><V102/><F135/><W41/><G34/><T73/><D55/><U103/><E128/><V98/><F129/><W1/><G125/><T109/><D50/><U105/><E105/><V11/><F46/><W61/><G130/><T62/><D73/><U44/><E44/><V64/><F64/><W86/><G133/><T80/><D62/><U51/><E35/><V134/><F134/><W69/><G1/><T63/><D63/><U37/><E37/><V17/><F75/><W132/><G132/><T82/><D121/><U123/><E123/><V87/><REACH who="2" step="1"/><F77/><REACH who="2" step="2"/><W12/><REACH who="3" step="1"/><G86/><REACH who="3" step="2"/><T116/><D124/><U95/><E76/><V108/><F108/><W79/><G79/><T88/><D109/><U70/><E70/><V74/><F74/><W110/><G110/><T111/><D111/><U26/><E78/><V49/><F49/><W39/><G39/><T24/><D116/><U96/><E51/><V9/><F9/><W43/><G43/><T28/><REACH who="0" step="1"/><D88/><AGARI ba="0,2" hai="11,15,17,60,67,68,84,87,88,93,94,97,98,102" machi="88" ten="30,8000,1" yaku="1,1,7,1,54,1,53,2" doraHai="2" doraHaiUra="90" who="2" fromWho="0" sc="250,-80,250,0,220,100,260,0" /><INIT seed="2,0,0,0,0,86" ten="170,250,320,260" oya="2" hai0="74,62,131,32,61,18,6,5,59,133,53,90,91" hai1="0,34,29,13,38,97,73,28,82,41,52,43,115" hai2="124,16,103,40,132,126,39,14,76,2,72,83,89" hai3="108,109,117,106,80,30,4,120,19,114,67,51,49" shuffle="mt19937ar,DC106A7A,3053052F,1A2C0F86,76F9EF02,BE03310A,C0582B60,5DEBF7C7,5661C230"/><V69/><F132/><W71/><G106/><T56/><D74/><U127/><E0/><V26/><F69/><W36/><G120/><T121/><D121/><U25/><E38/><V50/><F103/><W81/><G117/><T10/><D32/><U113/><E82/><V42/><F2/><W94/><G114/><T134/><D18/><U35/><E97/><V20/><F39/><W3/><G36/><T31/><D31/><U128/><E13/><V130/><F50/><W64/><G3/><T60/><D10/><U79/><E52/><V95/><F130/><W129/><G129/><T84/><D131/><U58/><E58/><N who="0" m="22057" /><D84/><U92/><E128/><V125/><F26/><W135/><G135/><N who="0" m="51723" /><D53/><U66/><E73/><V118/><F118/><W85/><G71/><T87/><D87/><AGARI ba="0,0" hai="14,16,20,40,42,72,76,83,87,89,95,124,125,126" machi="87" ten="40,7700,0" yaku="18,1,52,1,54,1" doraHai="86" who="2" fromWho="0" sc="170,-77,250,0,320,77,260,0" /><INIT seed="2,1,0,4,5,2" ten="93,250,397,260" oya="2" hai0="60,25,72,5,45,80,42,89,129,105,85,93,56" hai1="128,19,135,35,15,7,47,17,66,16,108,31,74" hai2="65,21,112,26,127,91,55,54,29,86,33,92,90" hai3="10,87,100,27,39,102,84,36,71,44,51,28,58" shuffle="mt19937ar,6B574CA5,EEC6325D,72BBF582,6D37D374,4AA61CAB,5604DF7A,80C54863,75FC2CF2"/><V115/><F127/><W97/><G71/><T41/><D25/><N who="1" m="18927" /><E47/><V132/><F132/><W119/><G119/><T82/><D5/><U117/><E66/><V24/><F65/><W77/><G10/><T79/><D45/><U107/><E74/><V20/><F112/><W118/><G118/><T37/><D60/><U23/><E107/><V8/><F33/><W106/><G100/><T120/><D56/><U125/><E117/><V46/><F115/><W50/><G84/><T98/><D37/><U78/><E78/><V116/><F116/><W104/><G104/><T4/><D4/><U30/><E125/><V70/><F70/><W14/><G50/><T32/><D32/><U81/><E81/><N who="2" m="49487" /><F46/><W3/><G3/><T126/><D120/><U99/><E99/><N who="2" m="57759" /><F8/><W73/><G73/><T83/><D41/><U22/><E135/><V57/><F57/><W101/><G101/><N who="0" m="62647" /><D42/><U62/><E62/><V13/><F13/><W0/><G36/><T49/><D49/><U64/><E64/><V130/><F130/><W11/><G0/><T52/><D52/><U18/><E128/><V53/><F53/><W34/><G39/><T124/><D129/><U69/><E69/><V43/><F43/><W38/><G38/><T131/><D131/><U76/><E7/><V133/><F133/><W9/><G14/><T12/><D12/><U109/><E76/><V75/><F75/><W88/><G77/><N who="0" m="44071" /><D83/><U68/><E68/><V48/><F48/><W95/><G58/><T113/><D113/><U67/><E67/><V103/><F103/><W61/><G61/><T96/><AGARI ba="1,0" hai="79,82,85,89,93,96,124,126" m="44071,62647" machi="96" ten="30,4000,0" yaku="5,1,34,2" doraHai="2" who="0" fromWho="0" sc="93,43,250,-11,397,-21,260,-11" /><INIT seed="3,0,0,0,3,4" ten="136,239,376,249" oya="3" hai0="89,52,95,94,87,85,56,68,63,59,20,36,116" hai1="67,43,16,70,83,129,61,33,118,107,40,117,76" hai2="84,86,5,106,113,91,8,114,48,124,132,13,120" hai3="60,103,28,122,64,39,35,75,10,121,110,82,99" shuffle="mt19937ar,B09EF10F,4F4F4EB4,F4632D12,18B8848E,C6B3885C,50C51993,0AEFAABC,99C2D350"/><W51/><G110/><T131/><D20/><U17/><E33/><V111/><F120/><W78/><G39/><T127/><D116/><N who="1" m="44651" /><E107/><V77/><F124/><W71/><G121/><T2/><D2/><U98/><E98/><V128/><F132/><W18/><G122/><T125/><D36/><U29/><E29/><V105/><F128/><W133/><G133/><T7/><D7/><U25/><E129/><V50/><F111/><W65/><G35/><T104/><D131/><U108/><E108/><V15/><F77/><W30/><G51/><T22/><D22/><N who="1" m="13511" /><E17/><V14/><F91/><W23/><G65/><T54/><D104/><U66/><E66/><V44/><F44/><W27/><REACH who="3" step="1"/><G10/><REACH who="3" step="2"/><T135/><D135/><U24/><E24/><V58/><F8/><W57/><G57/><T3/><D3/><U112/><E112/><N who="2" m="43115" /><F58/><W31/><G31/><T46/><D46/><U38/><E38/><V6/><F106/><AGARI ba="0,1" hai="18,23,27,28,30,60,64,71,75,78,82,99,103,106" machi="106" ten="30,5800,0" yaku="1,1,7,1,53,1" doraHai="4" doraHaiUra="19" who="3" fromWho="2" sc="136,0,239,0,376,-58,239,68" /><INIT seed="3,1,0,1,5,90" ten="136,239,318,307" oya="3" hai0="115,48,85,110,19,24,128,30,119,84,50,42,108" hai1="18,114,131,113,56,27,72,96,45,92,117,112,39" hai2="109,51,63,59,61,65,43,20,23,70,22,53,81" hai3="125,71,67,76,111,98,5,14,80,36,58,38,52" shuffle="mt19937ar,508CAD4B,27808ADB,9D69D5CC,C904F4C1,7C4213C5,63F72CBA,F383EB70,B6B1445C"/><W32/><G32/><T13/><D42/><U100/><E39/><V0/><F0/><W12/><G125/><T83/><D119/><U31/><E45/><V9/><F81/><W64/><G36/><T89/><D13/><U60/><E72/><V15/><F109/><N who="0" m="42090" /><D19/><U118/><E18/><V11/><REACH who="2" step="1"/><F15/><REACH who="2" step="2"/><W47/><G111/><T86/><D30/><U21/><REACH who="1" step="1"/><E131/><REACH who="1" step="2"/><V134/><F134/><W28/><G12/><T68/><D68/><U132/><E132/><V94/><F94/><W34/><G14/><T116/><D24/><U1/><E1/><V69/><F69/><W124/><G80/><N who="0" m="49287" /><D116/><U10/><E10/><V75/><F75/><W73/><G124/><T35/><D35/><U95/><E95/><V120/><F120/><W91/><G73/><T97/><D115/><U104/><E104/><V54/><F54/><AGARI ba="1,2" hai="21,27,31,54,56,60,92,96,100,112,113,114,117,118" machi="54" ten="40,2600,0" yaku="1,1,52,1,53,0" doraHai="90" doraHaiUra="46" who="1" fromWho="2" sc="136,0,229,49,308,-29,307,0" /><INIT seed="4,0,0,4,2,17" ten="136,278,279,307" oya="0" hai0="87,52,102,98,1,109,78,62,121,93,134,25,0" hai1="133,73,16,128,108,67,74,59,46,10,43,5,2" hai2="4,123,8,48,7,50,30,84,23,29,79,57,81" hai3="105,130,27,65,11,70,45,131,15,42,110,40,22" shuffle="mt19937ar,605353DF,E8F11FB2,8C3AB4BA,4F622A2A,771528AF,93B4AE9D,B6312D19,F74015D1"/><T124/><D25/><U99/><E128/><N who="3" m="49194" /><G110/><T13/><D121/><U3/><E3/><V14/><F123/><W85/><G105/><T24/><D24/><U125/><E108/><V80/><F4/><N who="3" m="3559" /><G70/><T56/><D13/><U92/><E125/><V6/><F6/><W75/><G75/><T39/><D39/><U55/><E133/><V104/><F81/><W114/><G114/><T129/><D109/><U82/><E67/><V77/><F104/><W28/><G65/><T101/><D124/><U88/><E82/><V113/><F79/><W97/><G97/><T120/><D120/><U126/><E126/><V51/><F113/><W47/><G85/><T61/><D129/><U122/><E122/><V9/><F57/><W72/><G72/><T12/><D12/><U32/><E32/><V127/><F9/><W111/><G111/><T64/><D134/><U91/><E91/><V96/><F127/><W100/><G100/><T37/><D37/><U18/><E73/><V76/><F76/><W115/><G115/><T60/><D78/><U33/><E74/><V116/><F116/><W103/><G103/><T26/><D26/><U94/><E94/><V21/><F96/><W31/><G31/><AGARI ba="0,0" hai="7,8,14,21,23,29,30,31,48,50,51,77,80,84" machi="31" ten="40,5200,0" yaku="8,1,52,2" doraHai="17" who="2" fromWho="3" sc="136,0,278,0,279,52,307,-52" /><INIT seed="5,0,0,2,5,10" ten="136,278,331,255" oya="1" hai0="107,33,120,7,131,66,90,71,30,84,79,18,134" hai1="51,96,119,83,85,14,17,36,8,50,47,116,60" hai2="75,59,104,22,126,42,16,57,102,132,86,91,124" hai3="64,111,118,78,94,72,81,95,54,106,28,62,89" shuffle="mt19937ar,571B8704,F22DE326,0778C252,DA58CB88,37A8CAEF,BEF947ED,C8FAD49D,3C88DC55"/><U56/><E36/><V20/><F75/><W24/><G111/><T11/><D107/><U37/><E37/><V70/><F132/><W69/><G69/><T133/><D120/><U77/><E96/><V103/><F70/><W92/><G118/><T82/><D71/><U12/><E116/><V6/><F104/><W108/><G106/><T53/><D53/><U46/><E119/><V97/><F42/><W39/><G108/><T9/><D66/><U48/><REACH who="1" step="1"/><E14/><REACH who="1" step="2"/><V34/><F97/><W32/><G39/><T13/><D131/><U129/><E129/><V4/><F34/><W115/><G115/><T109/><D109/><U73/><E73/><V27/><F22/><W101/><G101/><T130/><D130/><U26/><E26/><V80/><F103/><W0/><G0/><T45/><D45/><U125/><E125/><N who="2" m="48235" /><F102/><W127/><G127/><T88/><D33/><U65/><AGARI ba="0,1" hai="8,12,17,46,47,48,50,51,56,60,65,77,83,85" machi="65" ten="30,11700,0" yaku="1,1,0,1,8,1,52,1,53,0" doraHai="10" doraHaiUra="49" who="1" fromWho="1" sc="136,-39,268,127,331,-39,255,-39" /><INIT seed="5,1,0,1,4,17" ten="97,395,292,216" oya="1" hai0="32,47,63,92,61,24,58,76,110,0,117,79,98" hai1="66,131,43,84,22,114,23,95,57,93,113,121,2" hai2="103,99,53,15,54,38,74,27,33,26,35,37,51" hai3="102,46,30,75,69,80,111,94,64,18,67,107,70" shuffle="mt19937ar,49C386CB,B35B4767,F355BB28,93B2B37E,025C1331,F21F0264,D0E27F70,5A8DFE2A"/><U125/><E2/><V97/><F74/><W62/><G111/><T60/><D110/><U36/><E121/><V48/><F103/><W116/><G107/><T126/><D117/><U129/><E43/><V6/><F6/><W77/><G116/><T115/><D0/><U16/><E36/><V91/><F15/><W7/><G7/><T55/><D115/><N who="1" m="44043" /><E125/><V130/><F91/><W20/><G30/><T100/><D32/><U122/><E122/><V96/><F96/><W31/><G31/><T118/><D24/><N who="1" m="14407" /><E23/><V45/><F45/><W19/><G46/><T10/><D10/><U8/><E8/><V13/><F13/><W82/><G82/><T87/><D118/><U78/><E78/><V72/><F72/><W49/><G49/><N who="0" m="29119" /><D126/><U134/><E134/><V3/><F130/><N who="1" m="49673" /><E84/><V88/><F88/><W34/><G34/><T28/><D28/><U119/><E119/><V83/><F83/><W120/><G120/><T104/><D58/><U112/><E112/><V5/><F5/><W132/><G132/><T41/><D41/><U85/><E85/><V1/><AGARI ba="1,0" hai="1,3,26,27,33,35,37,38,48,51,53,54,97,99" machi="1" ten="25,3200,0" yaku="0,1,22,2" doraHai="17" who="2" fromWho="2" sc="97,-9,395,-17,292,35,216,-9" /><INIT seed="6,0,0,5,1,123" ten="88,378,327,207" oya="2" hai0="118,80,112,30,50,73,82,67,63,32,43,117,62" hai1="5,134,70,56,14,77,16,114,127,12,26,119,94" hai2="0,66,45,4,34,64,69,88,97,81,71,120,108" hai3="37,135,133,91,47,7,22,83,89,20,110,111,54" shuffle="mt19937ar,5BC30B66,6FA3284F,05DFDF1F,5E00A0DE,CF4011D2,ED334795,BA664ADC,D271DA80"/><V49/><F120/><W53/><G37/><T129/><D43/><U132/><E70/><V39/><F34/><W85/><G7/><T98/><D32/><U130/><E119/><N who="0" m="45577" /><D30/><U72/><E77/><V6/><F108/><N who="3" m="41515" /><G47/><T8/><D8/><U86/><E72/><V106/><F39/><W115/><G115/><T78/><D50/><U25/><E114/><V13/><F106/><W57/><G57/><T124/><D112/><U48/><E127/><V44/><F0/><W27/><G27/><T51/><D51/><U2/><E130/><V75/><F97/><W41/><G41/><T1/><D1/><U40/><E5/><N who="2" m="2155" /><F75/><W100/><G100/><T15/><D15/><U102/><E2/><V61/><F69/><W9/><G9/><T19/><D19/><U105/><E105/><V35/><F71/><W58/><G58/><N who="0" m="37335" /><D63/><U84/><E102/><V107/><F35/><W109/><N who="3" m="41523" /><W101/><DORA hai="93" /><G101/><T104/><D124/><U95/><E40/><N who="2" m="24711" /><F107/><W38/><G38/><T121/><D121/><U125/><E125/><V52/><F13/><W24/><G24/><T28/><D28/><U65/><E26/><V96/><F96/><W92/><G83/><N who="0" m="45519" /><D129/><U17/><E25/><V90/><F90/><N who="3" m="34315" /><G85/><T99/><D104/><U79/><E56/><N who="2" m="34951" /><F45/><W87/><G92/><T42/><D42/><U60/><E65/><V126/><F126/><W76/><G76/><T131/><D131/><U36/><E36/><V128/><F128/><W55/><G87/><AGARI ba="0,0" hai="64,66,81,87,88" m="34951,24711,2155" machi="87" ten="30,5800,0" yaku="8,1,54,2" doraHai="123,93" who="2" fromWho="3" sc="88,0,378,0,327,58,207,-58" /><INIT seed="6,1,0,5,5,92" ten="88,378,385,149" oya="2" hai0="76,65,55,109,13,110,4,99,128,96,46,56,82" hai1="23,87,54,68,42,123,129,69,3,90,30,37,16" hai2="97,45,81,17,95,59,135,133,66,1,108,53,11" hai3="118,88,107,75,130,36,2,117,19,111,29,26,38" shuffle="mt19937ar,58AD0598,8426D3DA,F1246D48,D38D3E85,E093FF13,85BAF314,8CD14094,A6CA770D"/><V40/><F108/><N who="0" m="41578" /><D4/><U79/><E3/><V22/><F1/><W24/><G111/><T47/><D13/><U12/><E129/><V102/><F81/><W120/><G120/><T74/><D65/><U119/><E119/><V80/><F80/><W10/><G130/><T15/><D15/><U121/><E79/><V18/><F66/><W127/><G127/><T57/><D55/><U64/><E30/><V51/><F11/><W9/><G36/><T5/><D5/><U126/><E37/><V6/><F6/><W134/><G75/><T32/><D32/><U71/><E42/><V44/><F44/><N who="0" m="16938" /><D82/><U116/><E116/><V101/><F102/><W60/><G107/><T58/><D76/><U89/><E126/><V77/><F77/><W131/><G38/><T103/><D74/><U132/><E54/><V20/><F18/><W50/><G131/><T115/><D128/><U106/><E106/><V67/><F67/><W41/><G134/><N who="2" m="51209" /><F17/><W8/><G2/><T94/><D115/><U125/><E132/><V63/><AGARI ba="1,0" hai="20,22,40,45,51,53,59,63,95,97,101" m="51209" machi="63" ten="30,3000,0" yaku="20,1,52,1" doraHai="92" who="2" fromWho="2" sc="88,-11,378,-11,385,33,149,-11" /><INIT seed="6,2,0,1,2,63" ten="77,367,418,138" oya="2" hai0="56,4,19,83,27,43,112,8,87,41,97,39,32" hai1="70,128,95,35,103,122,88,111,71,90,131,23,20" hai2="117,54,118,40,123,12,114,126,48,60,58,36,33" hai3="101,14,109,31,113,22,7,81,107,100,45,1,30" shuffle="mt19937ar,167A6506,1AC84365,31AC01E9,83901059,B92C04FB,044718A2,A64DB021,7D259742"/><V68/><F33/><W73/><G109/><T105/><D56/><U6/><E6/><V94/><F12/><W21/><G113/><T93/><D39/><U17/><E103/><V29/><F29/><W38/><G73/><T53/><D105/><U47/><E47/><N who="2" m="23943" /><F94/><W9/><G38/><T13/><D53/><U24/><E35/><V133/><F114/><W91/><G101/><N who="0" m="60591" /><D112/><U59/><E111/><V2/><F2/><W18/><G107/><T34/><D34/><U52/><E23/><V98/><F123/><W16/><G45/><T106/><D106/><U130/><E122/><V75/><F75/><W65/><G65/><T79/><D32/><U102/><E102/><V61/><F126/><W82/><G100/><T11/><D11/><U135/><E135/><V78/><F133/><W129/><G129/><T0/><D0/><U80/><E80/><V74/><F98/><W127/><G127/><T69/><D69/><U72/><E72/><V5/><F5/><W42/><G82/><T3/><D3/><U124/><E124/><V84/><F84/><W92/><G42/><T86/><D86/><U15/><E24/><V57/><F78/><W64/><G64/><T25/><D25/><U115/><E115/><V85/><F85/><W96/><REACH who="3" step="1"/><G81/><REACH who="3" step="2"/><T99/><D99/><N who="1" m="57831" /><E90/><V46/><F74/><W121/><G121/><T55/><D55/><U67/><E67/><N who="2" m="39311" /><F68/><W132/><G132/><T108/><D108/><U76/><E76/><V26/><F26/><AGARI ba="2,1" hai="1,7,9,14,16,18,21,22,26,30,31,91,92,96" machi="26" ten="30,3900,0" yaku="1,1,7,1,54,1,53,0" doraHai="63" doraHaiUra="119" who="3" fromWho="2" sc="77,0,367,0,418,-45,128,55" /><INIT seed="7,0,0,5,3,107" ten="77,367,373,183" oya="3" hai0="117,95,27,50,18,130,74,120,115,73,49,93,108" hai1="29,100,77,119,59,39,114,81,15,21,71,60,38" hai2="22,69,125,53,70,55,98,103,17,80,76,40,127" hai3="10,68,123,16,135,47,31,129,23,25,26,75,94" shuffle="mt19937ar,CC8FC39D,4F03EBEC,5287362E,937D0684,23CCF81A,5A5E6188,DF98EE2C,4A4604B9"/><W64/><G123/><T6/><D27/><N who="1" m="16623" /><E71/><N who="2" m="27147" /><F40/><W66/><G68/><T34/><D18/><U1/><E1/><V63/><F63/><W89/><G129/><T33/><D6/><U37/><E114/><V56/><F56/><W43/><G135/><T82/><D82/><U79/><E119/><V24/><F76/><W121/><G121/><T9/><D120/><U105/><E15/><V57/><F80/><W134/><G134/><T8/><D117/><U102/><E105/><N who="2" m="63735" /><F57/><W48/><G75/><T111/><D115/><U41/><E41/><V4/><F4/><W61/><G10/><T132/><REACH who="0" step="1"/><D132/><REACH who="0" step="2"/><U88/><E81/><V45/><F45/><W52/><G61/><T2/><D2/><U109/><E109/><V0/><F0/><W90/><G90/><T101/><D101/><U96/><E88/><V30/><F30/><W83/><G83/><T116/><D116/><U44/><E100/><V65/><F65/><W20/><REACH who="3" step="1"/><G43/><REACH who="3" step="2"/><T58/><D58/><U86/><E44/><V85/><F85/><AGARI ba="0,2" hai="16,20,23,25,26,31,47,48,52,64,66,85,89,94" machi="85" ten="30,18000,2" yaku="1,1,2,1,7,1,8,1,54,2,53,1" doraHai="107" doraHaiUra="46" who="3" fromWho="2" sc="67,0,367,0,373,-180,173,200" owari="67,-43,367,17,193,-21,373,47" /></mjloggm>