<mjloggm ver="2.3"><GO type="41"/><UN n0="%E3%82%A6%E3%83%AB%E3%83%88%E3%83%A9%E7%AB%8B%E7%9B%B4" n1="%E3%81%8D%E3%82%83%E3%81%99%E3%81%9F%E3%82%93" n2="%E3%83%8D%E3%83%83%E3%83%91" n3="%4B%41%52%55" dan="14,15,13,15" rate="1930,2013,1871,2120" sx="M,M,M,M"/><TAIKYOKU oya="0"/><INIT seed="0,0,0,4,4,120" ten="250,250,250,250" oya="0" hai0="37,61,35,65,92,96,114,48,59,51,112,31,131" hai1="105,111,107,109,29,55,1,42,6,77,98,94,67" hai2="32,0,12,30,135,4,104,68,64,21,88,26,91" hai3="103,23,25,99,70,63,24,90,36,101,66,54,73"/><T44/><D31/><U28/><E77/><V76/><F104/><N who="1" m="40009" /><E55/><V95/><F135/><W75/><G36/><T22/><D35/><U102/><E42/><V53/><F76/><W87/><G54/><T110/><D92/><U84/><E84/><V15/><F64/><W81/><G25/><T134/><D96/><U33/><E33/><V71/><F15/><W130/><G130/><T9/><D22/><U41/><E41/><V127/><F91/><W79/><G99/><T89/><D89/><U115/><E67/><V93/><F95/><W128/><G128/><T119/><D131/><U49/><E49/><N who="0" m="19017" /><D9/><N who="1" m="2255" /><E115/><N who="0" m="44073" /><D134/><U129/><E129/><V27/><F26/><W124/><G124/><T16/><D16/><U56/><E56/><V47/><F127/><W80/><G73/><T113/><N who="0" m="44081" /><T13/><DORA hai="50" /><D13/><U40/><E40/><V60/><F4/><W97/><REACH who="3" step="1"/><G97/><REACH who="3" step="2"/><T126/><D126/><U2/><E2/><V46/><F0/><W45/><G45/><T7/><D119/><U82/><E82/><V132/><F132/><W17/><AGARI ba="0,1" hai="17,23,24,63,66,70,75,79,80,81,87,90,101,103" machi="17" ten="20,2700,0" yaku="1,1,0,1,7,1,53,0" doraHai="120,50" doraHaiUra="52,122" who="3" fromWho="3" sc="250,-13,250,-7,250,-7,240,37" /><INIT seed="1,0,0,5,4,130" ten="237,243,243,277" oya="1" hai0="126,98,14,92,116,17,31,66,57,114,111,88,71" hai1="30,94,6,12,107,119,22,106,3,2,23,97,5" hai2="84,8,52,37,70,35,113,16,91,110,125,34,74" hai3="61,64,129,95,43,50,47,59,81,121,77,26,83"/><U39/><E39/><V41/><F110/><W9/><G121/><T46/><D71/><U7/><E119/><V128/><F74/><W135/><G129/><T13/><D116/><U67/><E67/><V87/><F128/><W10/><G95/><T24/><D114/><U11/><E30/><V54/><F113/><W53/><G81/><T82/><D126/><U123/><E123/><V76/><F125/><W131/><G131/><T60/><D111/><U15/><E106/><V44/><F70/><W105/><G105/><T18/><D46/><U29/><E107/><V124/><F124/><W78/><G78/><T68/><D68/><U117/><E117/><V93/><F76/><W86/><G135/><T104/><D104/><U63/><E63/><V73/><F84/><W134/><G134/><T72/><D72/><U122/><E122/><V127/><F73/><W48/><G26/><T96/><D82/><U33/><E94/><V101/><F101/><W108/><G108/><T132/><D132/><U36/><E97/><V56/><F54/><W0/><G0/><N who="1" m="42" /><E36/><V102/><F102/><W120/><REACH who="3" step="1"/><G120/><REACH who="3" step="2"/><T27/><D31/><U1/><E1/><V109/><F109/><W40/><G40/><T28/><D96/><U25/><E12/><V115/><F115/><W69/><AGARI ba="0,1" hai="9,10,43,47,48,50,53,59,61,64,69,77,83,86" machi="69" ten="20,5200,0" yaku="1,1,0,1,7,1,53,1" doraHai="130" doraHaiUra="62" who="3" fromWho="3" sc="237,-13,243,-26,243,-13,267,62" /><INIT seed="2,0,0,0,4,93" ten="224,217,230,329" oya="2" hai0="14,126,11,108,58,0,47,68,110,75,3,40,44" hai1="120,111,56,91,35,8,30,62,92,26,104,34,7" hai2="22,38,21,33,43,1,29,114,106,64,51,112,32" hai3="17,115,19,54,10,49,23,85,20,15,103,99,109"/><V69/><F106/><W70/><G70/><T13/><D75/><U78/><E111/><N who="0" m="42537" /><D68/><U72/><E120/><V42/><F1/><W9/><G109/><T31/><D31/><U66/><E104/><V77/><F69/><W123/><G115/><T61/><D126/><U5/><E35/><V37/><F29/><W39/><G39/><T125/><D125/><U25/><E25/><V71/><F71/><W16/><G123/><T88/><D88/><U132/><E132/><V101/><F101/><W80/><G9/><T122/><D122/><U113/><E113/><V82/><F51/><W96/><G103/><T4/><D14/><U84/><REACH who="1" step="1"/><E8/><REACH who="1" step="2"/><V134/><F134/><W130/><G10/><T28/><D28/><U45/><E45/><N who="0" m="17481" /><D40/><U107/><E107/><V118/><F114/><W129/><G19/><T59/><D59/><U121/><E121/><V86/><F112/><W87/><G15/><T12/><D3/><U95/><E95/><V94/><F94/><W67/><G80/><AGARI ba="0,1" hai="5,7,26,30,34,56,62,66,72,78,80,84,91,92" machi="80" ten="40,1300,0" yaku="1,1,53,0" doraHai="93" doraHaiUra="6" who="1" fromWho="3" sc="224,0,207,23,230,0,329,-13" /><INIT seed="3,0,0,0,4,119" ten="224,230,230,316" oya="3" hai0="126,108,32,9,81,118,102,80,99,65,57,100,56" hai1="94,2,87,33,91,110,105,74,132,24,62,84,5" hai2="18,46,122,10,76,30,4,72,111,44,21,31,13" hai3="96,69,47,113,23,71,101,20,125,73,66,127,51"/><W134/><G113/><T78/><D118/><U124/><E110/><V14/><F111/><W82/><G134/><T43/><D108/><U114/><E114/><V120/><F76/><N who="3" m="44303" /><G20/><T27/><D126/><N who="3" m="48137" /><G23/><T97/><D43/><U3/><E33/><V133/><F72/><W63/><G51/><T1/><D78/><U77/><E77/><V16/><F133/><W86/><G47/><T70/><D1/><U88/><E2/><V68/><F68/><N who="3" m="42079" /><G86/><T45/><D70/><U6/><E132/><V55/><F55/><W49/><G49/><T0/><D0/><U53/><E3/><V58/><F58/><W54/><G54/><T129/><D45/><U36/><E84/><V131/><F46/><W48/><G48/><T26/><D32/><U67/><E87/><V17/><F44/><W75/><G75/><T115/><D115/><U52/><E74/><V92/><F92/><AGARI ba="0,0" hai="69,71,92,96,101" m="42079,48137,44303" machi="92" ten="30,1500,0" yaku="18,1" doraHai="119" who="3" fromWho="2" sc="224,0,230,0,230,-15,316,15" /><INIT seed="3,1,0,1,3,116" ten="224,230,215,331" oya="3" hai0="6,28,110,10,117,92,107,56,32,21,34,90,45" hai1="53,83,82,52,24,29,127,122,108,101,51,60,58" hai2="1,89,69,26,129,97,48,33,50,126,125,88,96" hai3="119,11,41,2,70,42,100,130,39,131,30,57,134"/><W5/><G119/><T35/><D107/><U120/><E108/><V65/><F1/><W85/><G134/><T49/><D117/><U135/><E135/><V72/><F72/><W76/><G70/><T17/><D56/><U25/><E127/><N who="2" m="48651" /><F65/><W99/><G30/><T64/><D64/><U77/><E101/><V132/><F69/><W103/><G100/><T18/><D110/><U102/><E102/><V93/><F129/><N who="3" m="49163" /><G39/><T75/><D75/><U113/><E113/><V84/><F132/><W62/><G85/><T78/><D78/><U36/><E36/><V128/><F128/><W12/><G76/><T27/><D90/><U54/><E54/><V115/><F115/><W44/><G44/><T123/><D92/><U14/><E14/><V7/><F7/><W121/><G12/><N who="0" m="5207" /><D45/><U4/><E4/><V37/><F89/><W66/><G121/><T22/><D49/><N who="2" m="19050" /><F37/><W124/><G124/><T40/><D40/><U61/><E77/><V87/><F87/><W106/><AGARI ba="1,0" hai="2,5,11,41,42,57,62,66,99,103,106" m="49163" machi="106" ten="30,1500,0" yaku="19,1" doraHai="116" who="3" fromWho="3" sc="224,-6,230,-6,215,-6,331,18" /><INIT seed="3,2,0,0,2,94" ten="218,224,209,349" oya="3" hai0="34,118,97,77,129,100,75,131,127,60,112,87,96" hai1="13,116,56,25,15,51,59,43,114,72,126,81,95" hai2="124,109,55,33,36,35,57,123,110,6,8,91,17" hai3="78,0,117,27,63,89,2,24,132,111,58,105,11"/><W44/><G117/><T83/><D34/><U86/><E114/><V90/><F36/><W10/><G78/><T32/><D32/><U4/><E126/><V28/><F124/><W45/><G132/><T54/><D127/><U65/><E116/><V23/><F123/><W47/><G105/><T101/><D118/><U88/><E25/><V107/><F107/><W135/><G135/><T3/><D3/><U106/><E106/><V92/><F92/><W50/><G50/><T82/><D54/><U49/><E72/><V130/><F55/><W14/><G111/><N who="2" m="42505" /><F57/><N who="1" m="22089" /><E65/><V64/><F64/><W70/><G70/><T85/><D60/><U48/><E43/><V22/><F91/><W80/><G0/><T40/><D40/><U67/><E67/><V52/><F90/><W19/><G2/><T134/><D134/><U38/><E38/><V99/><F99/><W79/><G10/><T103/><D75/><U128/><E128/><N who="0" m="49225" /><D112/><U119/><E119/><V73/><F52/><N who="3" m="34247" /><G79/><AGARI ba="2,0" hai="77,79,82,83,85,87,96,97,100,101,103" m="49225" machi="79" ten="30,8000,1" yaku="19,1,34,2,52,2" doraHai="94" who="0" fromWho="3" sc="218,86,224,0,209,0,349,-86" /><INIT seed="4,0,0,2,1,38" ten="304,224,209,263" oya="0" hai0="27,0,125,6,108,18,5,14,115,49,12,100,130" hai1="1,95,91,19,4,83,31,66,92,70,113,73,33" hai2="47,17,71,93,76,98,82,36,25,94,63,46,67" hai3="11,13,88,99,39,111,116,30,80,69,61,84,87"/><T75/><D75/><U24/><E113/><V133/><F133/><W62/><G39/><T65/><D65/><U35/><E35/><V131/><F131/><W117/><G111/><T57/><D100/><U21/><E73/><V60/><F63/><W129/><G30/><T118/><D57/><U128/><E128/><V123/><F123/><W10/><G129/><T124/><D130/><U15/><E83/><V48/><F36/><W44/><G99/><T37/><D49/><U58/><E70/><V121/><F47/><W77/><G44/><T101/><D101/><U110/><E110/><V64/><F67/><W114/><G114/><T26/><D37/><U106/><E106/><V107/><F107/><W72/><G72/><T68/><D68/><U122/><E122/><V55/><F121/><W42/><G42/><T29/><D108/><U96/><E92/><V134/><F134/><W97/><G97/><T86/><D86/><U52/><E66/><V50/><F50/><W85/><G84/><T126/><D115/><U79/><E79/><V7/><F7/><N who="0" m="2570" /><D0/><U16/><E19/><V89/><F94/><W45/><G45/><T9/><D118/><U81/><E81/><V102/><F17/><W43/><G80/><T78/><D78/><U54/><E58/><V20/><F102/><W119/><G77/><T40/><D40/><U8/><AGARI ba="0,0" hai="1,4,8,15,16,21,24,31,33,52,54,91,95,96" machi="8" ten="30,8000,1" yaku="0,1,24,2,54,2" doraHai="38" who="1" fromWho="1" sc="304,-40,224,80,209,-20,263,-20" /><INIT seed="5,0,0,0,2,51" ten="264,304,189,243" oya="1" hai0="28,67,32,41,134,9,76,70,53,57,119,112,131" hai1="46,85,50,78,63,56,100,87,18,10,8,82,54" hai2="90,127,114,86,72,59,60,91,11,69,13,113,37" hai3="128,62,108,123,129,55,75,79,71,88,132,16,96"/><U107/><E87/><V38/><F72/><W106/><G71/><T117/><D76/><U2/><E2/><V68/><F127/><W44/><G108/><T135/><D28/><U130/><E130/><N who="3" m="50282" /><G123/><T0/><D32/><U84/><E84/><V1/><F1/><W25/><G132/><N who="0" m="50731" /><D9/><U47/><E47/><V99/><F99/><W118/><G118/><N who="0" m="45067" /><D0/><U98/><REACH who="1" step="1"/><E18/><REACH who="1" step="2"/><N who="2" m="8511" /><F86/><W83/><G44/><T97/><D97/><U42/><AGARI ba="0,1" hai="8,10,42,46,50,54,56,63,78,82,85,98,100,107" machi="42" ten="20,7800,0" yaku="1,1,0,1,7,1,52,1,53,0" doraHai="51" doraHaiUra="120" who="1" fromWho="1" sc="264,-26,294,88,189,-26,243,-26" /><INIT seed="5,1,0,0,4,32" ten="238,382,163,217" oya="1" hai0="13,85,102,108,101,110,127,52,89,76,31,106,75" hai1="37,120,122,44,59,27,131,36,103,117,28,5,83" hai2="57,48,77,12,42,80,74,129,3,19,116,58,134" hai3="65,25,92,9,132,96,79,73,118,18,49,68,56"/><U41/><E117/><V66/><F116/><W7/><G118/><T95/><D31/><U90/><E131/><V62/><F3/><W88/><G68/><T39/><D39/><U10/><E103/><V17/><F129/><W47/><G132/><T70/><D13/><U67/><E36/><V78/><F134/><W133/><G133/><T119/><D70/><U4/><E4/><V35/><F35/><W107/><G107/><T87/><D119/><U43/><E43/><V51/><F78/><W97/><G79/><T99/><D52/><U81/><E81/><V84/><F74/><W112/><G73/><T8/><D8/><U113/><E113/><V55/><REACH who="2" step="1"/><F12/><REACH who="2" step="2"/><N who="3" m="5183" /><G112/><T114/><D114/><U82/><E82/><V21/><F21/><N who="3" m="13495" /><G56/><T11/><D110/><U111/><E59/><V126/><F126/><W128/><G128/><T54/><D108/><U64/><E111/><V0/><F0/><W16/><G65/><T63/><D127/><U30/><E67/><V53/><F53/><N who="3" m="29887" /><G16/><T72/><D54/><U91/><E64/><V115/><F115/><W125/><G125/><T123/><D123/><U109/><E120/><V6/><F6/><W15/><G15/><T14/><D14/><U104/><E5/><V24/><F24/><W2/><G2/><T93/><D11/><U105/><E10/><V50/><F50/><W86/><AGARI ba="1,1" hai="86,88,92,96,97" m="29887,13495,5183" machi="86" ten="30,2000,0" yaku="8,1,54,1" doraHai="32" who="3" fromWho="3" sc="238,-6,382,-11,153,-6,217,33" /><INIT seed="6,0,0,4,4,16" ten="232,371,147,250" oya="2" hai0="64,6,5,90,133,40,51,130,86,8,72,87,15" hai1="46,38,2,108,127,52,113,83,93,53,111,19,76" hai2="20,30,81,129,115,110,75,103,18,11,58,74,124" hai3="88,25,98,77,61,105,117,45,96,43,35,48,63"/><V49/><F110/><W107/><G117/><T123/><D72/><U91/><E127/><V126/><F115/><W99/><G77/><T95/><D123/><U135/><E135/><V118/><F118/><W66/><G61/><T122/><D122/><U100/><E113/><V23/><F129/><W67/><G67/><T70/><D133/><U56/><E100/><V39/><F103/><W22/><G35/><T97/><D130/><U62/><E2/><V68/><F68/><W0/><G0/><T80/><D70/><U54/><E19/><V10/><F39/><W120/><G120/><T116/><D116/><U31/><E31/><V26/><F81/><W50/><G50/><T94/><D64/><U32/><E32/><V44/><F58/><N who="3" m="37239" /><G107/><T82/><D51/><U79/><E79/><V12/><F75/><W29/><G105/><T134/><D40/><U55/><E38/><V28/><F74/><W37/><G37/><T14/><D134/><U34/><E34/><V27/><REACH who="2" step="1"/><F11/><REACH who="2" step="2"/><W109/><G109/><T57/><D57/><U69/><E69/><V121/><F121/><W102/><G102/><T71/><D71/><U13/><E108/><V7/><F7/><W119/><G119/><T106/><D106/><U128/><E111/><V36/><F36/><W92/><AGARI ba="0,1" hai="22,25,29,43,45,48,88,92,96,98,99" m="37239" machi="92" ten="30,4000,0" yaku="8,1,52,1,54,1" doraHai="16" who="3" fromWho="3" sc="232,-10,371,-10,137,-20,250,50" /><INIT seed="7,0,0,4,3,63" ten="222,361,117,300" oya="3" hai0="106,100,88,105,36,22,35,71,113,11,130,103,122" hai1="38,67,132,21,125,19,133,65,15,23,83,57,39" hai2="45,1,84,37,85,91,32,10,107,12,2,28,20" hai3="86,41,134,117,8,98,64,26,126,60,14,73,7"/><W9/><G117/><T49/><D49/><U115/><E115/><V0/><F107/><W16/><G73/><T69/><D22/><U80/><E125/><V46/><F37/><W128/><G126/><T78/><D11/><U116/><E116/><V43/><F43/><W82/><G41/><T55/><D55/><U44/><E44/><V119/><F119/><W5/><G134/><N who="1" m="51818" /><E23/><V76/><F76/><N who="3" m="46407" /><G128/><T102/><D35/><U40/><E40/><V112/><F91/><W121/><G121/><T31/><D31/><U27/><E27/><V13/><F32/><W131/><G131/><T129/><D130/><U25/><E25/><V52/><F10/><N who="3" m="6231" /><G26/><T108/><D129/><U92/><E92/><V72/><F72/><W42/><G42/><T75/><D122/><U17/><E57/><V93/><F93/><W118/><G118/><T34/><D34/><U54/><E54/><V58/><F20/><W66/><G60/><T74/><D74/><U77/><E19/><V135/><F28/><W120/><G120/><T97/><D36/><N who="1" m="13867" /><E80/><V90/><F90/><W4/><G98/><N who="0" m="61591" /><D69/><U94/><E94/><V29/><F29/><W104/><G104/><T50/><D71/><U95/><E95/><V24/><F24/><W3/><G3/><T87/><D113/><U62/><E62/><V111/><F112/><W114/><G114/><T79/><D50/><U53/><E53/><V109/><F135/><W61/><G61/><T30/><D30/><U47/><E47/><N who="2" m="17931" /><F52/><W101/><G101/><N who="0" m="62767" /><D75/><AGARI ba="0,0" hai="15,17,21,65,67,75,77,83" m="13867,51818" machi="75" ten="30,3900,0" yaku="20,1,52,2" doraHai="63" who="1" fromWho="0" sc="222,-39,361,39,117,0,300,0" owari="183,-22,400,50,117,-38,300,10" /></mjloggm>