<mjloggm ver="2.3"><GO type="193"/><UN n0="%E7%89%8C%E3%81%98%E3%82%83%E3%81%AA%E3%81%84%E3%81%8C" n1="%67%68%6B%69%6A%64%75%73" n2="%E6%A8%BD%E5%B1%8B" n3="%E3%82%A6%E3%83%AB%E3%83%88%E3%83%A9%E7%AB%8B%E7%9B%B4" dan="11,10,12,12" rate="1620,1785,1651,1850" sx="M,M,M,M"/><TAIKYOKU oya="0"/><INIT seed="0,0,0,4,1,110" ten="250,250,250,250" oya="0" hai0="67,133,128,3,104,31,115,101,103,97,26,125,63" hai1="84,48,69,40,80,66,98,32,21,16,126,71,0" hai2="74,117,15,131,37,53,33,70,25,45,62,123,38" hai3="90,92,135,1,68,8,30,112,54,19,57,41,2" shuffle="mt19937ar,0A47F929,48FFA153,CA8484FC,FEC942D4,B68586EC,A1F1DD29,F5579B18,9394C285"/><T75/><D115/><U49/><E0/><V27/><F117/><W9/><G68/><T76/><D103/><U11/><E32/><V14/><F123/><W28/><G41/><T34/><D125/><U87/><E71/><V127/><F74/><W83/><G83/><T102/><D102/><U73/><E73/><V105/><F127/><W124/><G124/><T81/><D133/><U17/><E98/><V50/><F105/><W44/><G44/><T12/><D12/><U36/><E36/><V82/><F131/><W6/><G90/><T122/><D128/><U134/><E134/><V5/><F33/><W60/><G92/><T10/><D10/><U72/><E11/><V20/><F70/><W100/><G100/><T99/><D99/><U89/><E69/><V56/><F27/><W120/><G135/><T108/><D108/><U85/><E66/><V22/><F22/><W64/><G120/><T55/><D55/><U47/><E72/><V93/><F5/><W59/><G112/><T65/><D65/><U43/><E21/><V46/><F46/><W86/><G86/><N who="1" m="33386" /><E126/><V77/><F93/><W52/><G64/><T96/><D122/><U106/><E106/><V4/><F4/><W88/><G88/><T39/><D96/><U109/><E109/><V35/><F35/><W121/><G121/><T114/><D114/><U95/><E95/><V61/><F38/><W113/><G113/><T91/><D39/><U132/><E132/><V94/><F37/><W24/><G2/><T116/><D3/><U42/><E47/><V111/><F111/><W79/><G1/><RYUUKYOKU ba="0,0" sc="250,-10,250,30,250,-10,250,-10" hai1="16,17,40,42,43,48,49,80,87,89" /><INIT seed="1,1,0,5,1,10" ten="240,280,240,240" oya="1" hai0="45,128,16,133,5,83,86,114,108,121,85,68,23" hai1="62,97,109,75,102,89,25,32,9,4,120,116,51" hai2="104,115,2,122,90,63,69,0,41,50,87,126,94" hai3="7,15,65,124,12,117,132,127,67,82,35,105,84" shuffle="mt19937ar,64FAEBBD,C31283E6,42D24550,D0207E5C,12EDD5D6,4C8D95D5,D02FD086,2446BC3B"/><U134/><E120/><V93/><F122/><W91/><G35/><T88/><D121/><U70/><E75/><V57/><F104/><W66/><G105/><T79/><D68/><U30/><E134/><V80/><F69/><W29/><G29/><T92/><D114/><U26/><E26/><V71/><F71/><W36/><G36/><T61/><D133/><U20/><E51/><V111/><F111/><W52/><G132/><T49/><D108/><U135/><E135/><V8/><F115/><W118/><G52/><T46/><D128/><U34/><E32/><V42/><F126/><N who="3" m="48171" /><G7/><T1/><D61/><U101/><E34/><V130/><F130/><W53/><G53/><T31/><D31/><U19/><E116/><AGARI ba="1,0" hai="12,15,65,66,67,82,84,91,116,117,118" m="48171" machi="116" ten="40,8000,1" yaku="12,1,18,1,52,2" doraHai="10" who="3" fromWho="1" sc="240,0,280,-83,240,0,240,83" /><INIT seed="2,0,0,0,1,111" ten="240,197,240,323" oya="2" hai0="71,101,37,52,132,16,133,90,75,46,3,88,47" hai1="74,45,49,104,36,8,123,54,96,22,116,59,124" hai2="50,68,57,126,112,113,114,34,117,4,25,63,99" hai3="61,14,131,21,66,55,35,64,87,91,10,121,100" shuffle="mt19937ar,12815C9E,D14F1A02,6F035600,564668D8,063C3296,25A8C8AF,C24C08CF,154C1D15"/><V58/><F117/><W5/><G35/><T62/><D75/><U81/><E116/><V12/><F68/><W93/><G131/><T26/><D3/><U11/><E124/><V9/><F126/><W60/><G121/><T1/><D1/><U39/><E39/><V129/><F129/><W85/><G100/><T89/><D101/><U32/><E32/><V125/><F125/><W84/><G21/><N who="0" m="13607" /><D37/><U19/><E74/><V33/><F25/><W44/><G44/><T128/><D128/><U134/><E134/><N who="0" m="51817" /><D71/><U53/><E36/><V106/><F106/><W38/><G38/><T103/><D103/><U29/><E104/><V108/><F108/><W20/><G20/><T82/><D82/><U7/><E81/><V6/><F6/><W28/><G28/><T18/><D18/><U83/><E29/><V69/><F99/><N who="3" m="57791" /><G55/><T120/><D120/><U97/><E83/><V43/><F69/><W72/><G72/><T23/><D23/><U70/><E70/><V105/><F105/><W51/><G51/><T135/><N who="0" m="51825" /><T122/><DORA hai="67" /><D122/><U94/><E123/><V95/><F95/><W65/><AGARI ba="0,0" hai="5,10,14,60,61,64,65,66,84,85,87" m="57791" machi="65" ten="30,1100,0" yaku="8,1" doraHai="111,67" who="3" fromWho="3" sc="240,-3,197,-3,240,-5,323,11" /><INIT seed="3,0,0,3,4,39" ten="237,194,235,334" oya="3" hai0="117,12,0,129,27,53,9,94,67,54,29,104,114" hai1="130,72,31,105,61,35,50,23,17,103,56,6,75" hai2="109,90,69,91,63,8,132,18,102,124,40,76,43" hai3="131,16,4,96,26,128,7,110,106,36,3,11,48" shuffle="mt19937ar,B4DA591D,B0AB064F,2EAFD64C,FB11A869,1AB0CA88,01D27FC4,BD793C31,8A0F1425"/><W13/><G36/><T30/><D117/><U22/><E35/><V83/><F102/><W92/><G106/><T84/><D104/><U78/><E6/><V120/><F120/><W100/><G110/><T119/><D119/><U2/><E2/><V112/><F112/><W122/><G122/><T34/><D129/><N who="3" m="49737" /><G26/><T20/><D114/><U10/><E10/><V46/><F109/><W95/><G48/><T55/><D30/><U126/><E105/><V82/><F69/><W57/><G57/><T113/><D113/><U51/><E103/><V98/><F63/><W97/><G3/><T19/><D67/><U64/><E126/><V125/><F46/><W44/><G44/><T33/><D84/><U111/><E72/><V37/><F37/><W134/><G134/><T108/><D94/><U14/><E130/><V81/><F76/><W118/><G118/><T74/><D74/><U88/><E78/><V41/><F132/><W28/><G28/><T99/><D99/><U77/><E77/><V65/><F65/><W71/><G71/><T107/><D107/><U21/><E75/><V85/><F98/><W66/><G66/><T80/><D108/><U42/><E31/><V123/><F123/><W73/><G73/><T68/><D68/><U1/><E1/><V5/><F18/><W38/><G38/><T115/><D115/><U24/><E111/><V135/><F135/><W116/><G116/><T32/><REACH who="0" step="1"/><D80/><REACH who="0" step="2"/><U62/><E64/><V15/><F85/><W25/><G97/><T101/><D101/><U58/><E24/><V89/><AGARI ba="0,1" hai="5,8,15,40,41,43,81,82,83,89,90,91,124,125" machi="89" ten="40,12000,2" yaku="0,1,29,2,52,3" doraHai="39" who="2" fromWho="2" sc="227,-30,194,-30,235,130,334,-60" owari="197,-15,164,-24,365,37,274,2" /></mjloggm>