<mjloggm ver="2.3"><GO type="41"/><UN n0="%74%61%6B%61%33%30%77" n1="%E3%82%A6%E3%83%AB%E3%83%88%E3%83%A9%E7%AB%8B%E7%9B%B4" n2="%76%65%74%6F%6F" n3="%67%75%6E%64%61%6D%77" dan="14,14,14,15" rate="1871,1918,1938,1892" sx="M,M,M,M"/><TAIKYOKU oya="0"/><INIT seed="0,0,0,2,0,34" ten="250,250,250,250" oya="0" hai0="39,87,38,100,74,114,33,82,47,91,50,121,99" hai1="31,125,75,23,129,88,102,1,41,16,37,135,106" hai2="13,93,86,105,4,32,134,43,133,118,7,94,9" hai3="115,22,112,80,62,113,76,36,126,72,53,27,81"/><T92/><D121/><U127/><E31/><V10/><F105/><W109/><G36/><T73/><D114/><U56/><E75/><V122/><F32/><W89/><G109/><T58/><D33/><U11/><E102/><V64/><F122/><W54/><G126/><N who="1" m="48138" /><E106/><V63/><F43/><W2/><G2/><T128/><D128/><U57/><E129/><V8/><F118/><W19/><G62/><T120/><D120/><U65/><E41/><V44/><F44/><W5/><G5/><T77/><D58/><U78/><E37/><V25/><F25/><W104/><G104/><N who="0" m="63519" /><D74/><U124/><E78/><V12/><F9/><W95/><REACH who="3" step="1"/><G81/><REACH who="3" step="2"/><T24/><D24/><N who="1" m="14439" /><E124/><V101/><F63/><W0/><G0/><T49/><D49/><U130/><E130/><V84/><F64/><W6/><G6/><T71/><D71/><U35/><E65/><V132/><F132/><W103/><G103/><AGARI ba="0,1" hai="4,7,8,10,12,13,84,86,93,94,101,103,133,134" machi="103" ten="25,1600,0" yaku="22,2" doraHai="34" who="2" fromWho="3" sc="250,0,250,0,250,26,240,-16" /><INIT seed="1,0,0,1,1,124" ten="250,250,276,224" oya="1" hai0="131,40,39,75,96,107,117,16,73,44,50,7,4" hai1="5,86,28,74,46,93,128,61,80,88,114,99,45" hai2="118,57,31,101,49,71,119,42,2,43,66,104,65" hai3="103,123,112,24,83,130,116,18,95,37,25,1,51"/><U38/><E114/><V127/><F2/><W53/><G112/><T32/><D117/><U82/><E28/><V89/><F31/><W111/><G1/><T132/><D32/><U33/><E33/><V67/><F89/><W98/><G123/><T48/><D132/><U106/><E5/><V55/><F101/><W87/><G116/><N who="2" m="44585" /><F104/><W62/><G37/><T34/><D34/><U63/><E106/><V56/><F127/><W109/><G62/><N who="1" m="23562" /><E74/><V60/><F71/><W100/><G103/><T102/><D75/><U81/><E38/><V0/><F0/><W8/><G130/><T135/><D73/><U41/><E41/><AGARI ba="0,0" hai="41,42,43,49,55,56,57,60,65,66,67" m="44585" machi="41" ten="30,2000,0" yaku="34,2" doraHai="124" who="2" fromWho="1" sc="250,0,250,-20,276,20,224,0" /><INIT seed="2,0,0,4,1,119" ten="250,230,296,224" oya="2" hai0="112,30,107,6,38,37,83,75,77,84,87,114,123" hai1="133,116,63,49,39,89,108,126,71,2,101,12,131" hai2="61,50,20,44,34,42,85,134,58,106,88,111,93" hai3="96,18,94,51,97,98,117,109,24,91,43,70,130"/><V21/><F34/><W48/><G117/><T52/><D107/><U32/><E49/><V103/><F134/><W102/><G70/><T16/><D6/><U35/><E12/><V124/><F124/><W110/><G130/><T5/><D5/><U122/><E63/><V76/><F76/><W127/><G127/><T62/><D30/><U19/><E89/><V60/><F60/><W54/><G102/><T26/><D84/><U28/><E101/><V99/><REACH who="2" step="1"/><F111/><REACH who="2" step="2"/><N who="3" m="42507" /><G43/><T56/><D114/><U25/><E28/><V74/><F74/><W31/><G18/><T3/><D112/><U7/><E19/><V72/><F72/><W82/><G82/><T100/><D75/><U40/><E7/><V129/><F129/><W65/><G65/><AGARI ba="0,1" hai="20,21,42,44,50,58,61,65,85,88,93,99,103,106" machi="65" ten="30,5800,0" yaku="1,1,7,1,54,1,53,0" doraHai="119" doraHaiUra="27" who="2" fromWho="3" sc="250,0,230,0,286,68,224,-58" /><INIT seed="2,1,0,4,1,102" ten="250,230,354,166" oya="2" hai0="70,22,133,128,43,106,93,107,100,53,81,73,127" hai1="6,129,4,9,114,77,59,71,10,74,66,91,49" hai2="69,119,76,116,94,126,40,131,23,5,88,47,37" hai3="56,13,62,87,97,17,57,48,103,54,32,64,21"/><V19/><F69/><W125/><G125/><T14/><D70/><U18/><E114/><V26/><F126/><W15/><G32/><T33/><D33/><U58/><E71/><V68/><F68/><W28/><G28/><T24/><D127/><U20/><E77/><V80/><F131/><W1/><G1/><T44/><D128/><U112/><E74/><V79/><F5/><W63/><G87/><T11/><D133/><U67/><E112/><V30/><F30/><W124/><G124/><T2/><D2/><U41/><E129/><V75/><REACH who="2" step="1"/><F76/><REACH who="2" step="2"/><W65/><G48/><T16/><D73/><U3/><E6/><V117/><F117/><W99/><G103/><T96/><D81/><U120/><E4/><V135/><F135/><W35/><G35/><T39/><D53/><U110/><E49/><V72/><F72/><W101/><G54/><T60/><D60/><U12/><E66/><V27/><F27/><W122/><G122/><T29/><AGARI ba="1,1" hai="11,14,16,22,24,29,39,43,44,93,96,100,106,107" machi="29" ten="20,8000,1" yaku="0,1,7,1,52,2,54,1" doraHai="102" who="0" fromWho="0" sc="250,93,230,-21,344,-41,166,-21" /><INIT seed="3,0,0,3,0,118" ten="343,209,303,145" oya="3" hai0="104,60,115,26,89,121,68,122,17,92,111,46,86" hai1="81,25,39,99,38,71,54,59,79,98,127,82,119" hai2="91,52,1,102,73,129,105,113,49,15,66,2,32" hai3="101,47,123,16,77,69,97,21,45,133,61,109,5"/><W108/><G5/><T84/><D104/><U78/><E71/><V0/><F113/><W83/><G133/><T114/><D46/><U11/><E11/><V51/><F32/><W117/><G117/><T87/><D111/><N who="3" m="42569" /><G61/><T12/><D26/><U55/><E119/><V93/><F73/><N who="3" m="43439" /><G69/><T42/><D42/><U4/><E4/><V125/><F66/><W31/><G31/><T130/><D130/><U85/><E59/><V90/><F129/><W126/><G126/><T128/><D128/><U131/><E131/><V75/><F75/><W20/><G20/><N who="0" m="11303" /><D60/><U6/><E6/><V10/><F125/><W80/><G80/><T18/><D18/><U103/><E127/><V19/><F105/><N who="3" m="63663" /><G123/><N who="0" m="47115" /><D68/><U50/><E81/><V28/><F28/><W58/><G58/><T35/><D35/><U14/><E82/><V53/><F0/><W33/><G33/><T36/><D36/><U65/><E39/><V120/><F1/><W112/><G112/><AGARI ba="0,0" hai="84,86,87,89,92,112,114,115" m="47115,11303" machi="112" ten="30,7700,0" yaku="11,1,52,3" doraHai="118" who="0" fromWho="3" sc="343,77,209,0,303,0,145,-77" /><INIT seed="4,0,0,4,5,133" ten="420,209,303,68" oya="0" hai0="27,128,69,111,17,127,94,98,52,45,11,124,30" hai1="121,13,60,9,22,108,8,5,19,33,48,107,32" hai2="80,74,77,18,21,23,68,73,36,35,14,57,49" hai3="25,24,125,31,104,103,88,44,86,71,72,67,82"/><T42/><BYE who="3" /><D69/><U99/><E48/><V29/><F36/><W129/><G129/><T15/><D128/><U7/><E60/><V126/><F68/><W46/><G46/><T93/><D111/><U28/><E99/><V37/><F37/><W118/><G118/><T117/><D117/><U70/><E107/><V102/><F102/><W90/><G90/><T100/><D52/><U34/><E70/><V105/><F105/><W0/><G0/><T53/><D53/><U132/><E121/><V26/><F35/><W75/><G75/><T2/><D2/><U122/><E122/><V63/><F49/><W38/><G38/><T10/><D94/><U54/><E54/><V3/><F3/><W131/><G131/><T91/><D100/><U106/><E106/><V1/><F1/><W79/><G79/><T115/><D115/><U119/><E119/><V96/><F96/><W135/><G135/><T83/><D83/><U97/><E97/><V12/><F12/><W120/><G120/><T123/><D123/><U134/><E108/><V116/><F116/><W56/><G56/><T92/><D92/><U78/><E78/><V41/><F41/><W51/><G51/><N who="0" m="27063" /><D10/><N who="1" m="4203" /><E134/><V6/><F6/><N who="1" m="2057" /><E132/><V76/><F76/><W65/><G65/><T87/><D87/><U84/><E84/><V95/><F95/><W109/><G109/><T101/><D101/><U110/><E110/><V113/><F73/><W55/><G55/><T39/><D39/><U81/><E81/><V58/><F113/><W64/><G64/><T114/><D114/><U62/><E62/><V40/><F63/><RYUUKYOKU ba="0,0" sc="420,15,209,15,303,-15,68,-15" hai0="11,15,17,27,30,91,93,98,124,127" hai1="13,19,22,28,32,33,34" /><INIT seed="4,1,0,1,4,1" ten="435,224,288,53" oya="0" hai0="65,91,32,43,53,67,102,71,98,75,79,56,14" hai1="8,37,7,62,42,63,93,133,10,86,25,92,41" hai2="29,108,121,124,47,83,99,46,2,81,107,17,110" hai3="40,114,89,11,9,15,118,49,96,77,104,5,12"/><T34/><D43/><U85/><E133/><V134/><F121/><W122/><G122/><T44/><D44/><U105/><E25/><V135/><F29/><W28/><G28/><T57/><D71/><U0/><E0/><V27/><F2/><W130/><G130/><T84/><D75/><U6/><REACH who="1" step="1"/><E105/><REACH who="1" step="2"/><V52/><F27/><W120/><G120/><T21/><D34/><U20/><E20/><V55/><F107/><W74/><G74/><T126/><D32/><U19/><E19/><V97/><F124/><W78/><G78/><T95/><D126/><U116/><E116/><V60/><F17/><W18/><G18/><N who="0" m="10455" /><D57/><U109/><E109/><V31/><F31/><W16/><G16/><T94/><D79/><U68/><E68/><V50/><F135/><W113/><G113/><T112/><D112/><U119/><E119/><V23/><F134/><W125/><G125/><T73/><D73/><U38/><AGARI ba="1,1" hai="6,7,8,10,37,38,41,42,62,63,85,86,92,93" machi="38" ten="25,12000,2" yaku="1,1,0,1,22,2,52,2,53,0" doraHai="1" doraHaiUra="30" who="1" fromWho="1" sc="435,-61,214,133,288,-31,53,-31" /><INIT seed="5,0,0,2,0,33" ten="374,347,257,22" oya="1" hai0="122,62,72,112,71,109,88,81,60,82,26,87,22" hai1="102,84,23,73,85,51,134,44,64,7,110,114,126" hai2="41,12,52,56,89,37,128,46,91,19,131,132,95" hai3="79,106,59,35,27,68,39,98,96,31,40,105,15"/><U115/><E73/><V28/><F28/><W133/><G133/><T119/><D109/><U4/><E134/><V49/><F132/><W86/><G86/><N who="1" m="33386" /><E110/><V113/><F113/><N who="1" m="43017" /><E126/><V32/><F32/><W11/><G11/><T78/><D112/><U74/><E74/><V104/><F104/><W16/><G16/><T1/><D119/><U120/><E120/><V34/><F34/><W42/><G42/><T80/><D122/><U92/><E64/><V93/><F93/><W107/><G107/><T94/><D1/><U118/><E118/><V30/><F30/><W24/><G24/><T63/><REACH who="0" step="1"/><D71/><REACH who="0" step="2"/><U67/><E92/><V17/><F91/><W70/><G70/><T75/><D75/><U121/><E102/><V3/><F3/><W20/><G20/><T47/><D47/><U101/><E101/><V61/><F131/><W6/><G6/><T99/><D99/><U111/><E121/><V13/><F128/><W77/><G77/><T124/><D124/><U90/><E111/><V57/><F95/><W14/><G14/><T100/><D100/><U38/><E90/><V10/><F89/><W116/><G116/><T69/><D69/><U5/><E23/><V43/><F37/><W76/><G76/><T97/><D97/><U18/><E18/><AGARI ba="0,1" hai="18,22,26,60,62,63,72,78,80,81,82,87,88,94" machi="18" ten="40,8000,1" yaku="1,1,54,1,53,3" doraHai="33" doraHaiUra="58" who="0" fromWho="1" sc="364,90,347,-80,257,0,22,0" /><INIT seed="6,0,0,5,1,59" ten="454,267,257,22" oya="2" hai0="26,34,111,6,22,28,90,0,60,30,124,42,79" hai1="41,63,33,129,58,112,67,88,39,48,57,82,74" hai2="44,69,53,94,16,19,123,132,25,97,73,40,3" hai3="121,64,93,18,56,49,77,65,68,86,95,8,13"/><V130/><F3/><W131/><G131/><T11/><D42/><U46/><E33/><V27/><F123/><W75/><G75/><T133/><D79/><U87/><E74/><V85/><F73/><W38/><G38/><T17/><D90/><U108/><E108/><V125/><F69/><W96/><G96/><T61/><D111/><U10/><E129/><V92/><F130/><W115/><G115/><T76/><D76/><U89/><E112/><V66/><F66/><W4/><G4/><T135/><D124/><U72/><E72/><V5/><F5/><W24/><G24/><N who="2" m="9289" /><F125/><W43/><G43/><T55/><D55/><U9/><E39/><V127/><F127/><W100/><G100/><T1/><D1/><U51/><E89/><N who="2" m="53295" /><F132/><N who="0" m="50762" /><D30/><U71/><E71/><V7/><F7/><W2/><G2/><T78/><D78/><U52/><AGARI ba="0,0" hai="9,10,41,46,48,51,52,57,58,63,67,82,87,88" machi="52" ten="30,8000,1" yaku="0,1,8,1,52,1,54,2" doraHai="59" who="1" fromWho="1" sc="454,-20,267,80,257,-40,22,-20" /><INIT seed="7,0,0,3,2,11" ten="434,347,217,2" oya="3" hai0="60,30,124,86,106,20,89,7,81,65,3,123,133" hai1="48,45,128,78,104,85,132,1,15,94,13,27,61" hai2="127,130,54,119,117,100,64,126,16,112,2,9,109" hai3="97,37,105,93,62,80,52,120,96,18,87,91,118"/><W63/><G63/><T66/><D123/><U111/><E1/><V50/><F64/><W79/><G79/><T113/><D106/><U55/><E104/><V23/><F100/><W74/><G74/><T17/><D113/><U92/><E111/><V43/><F54/><W116/><G116/><N who="2" m="44617" /><F50/><W42/><G42/><T26/><D124/><N who="2" m="47658" /><F43/><W102/><G102/><T135/><D3/><U31/><E128/><V57/><F57/><W56/><G56/><T35/><D7/><U83/><E132/><N who="0" m="50761" /><D60/><U108/><E108/><V98/><F98/><W4/><G4/><T41/><D41/><U71/><E71/><V122/><F109/><W40/><G40/><T34/><D34/><U67/><E67/><V44/><F44/><W115/><G115/><T14/><AGARI ba="0,0" hai="14,17,20,26,30,35,65,66,81,86,89" m="50761" machi="14" ten="30,2000,0" yaku="20,1,52,1" doraHai="11" who="0" fromWho="0" sc="434,20,347,-5,217,-5,2,-10" owari="454,56,342,14,212,-19,-8,-51" /></mjloggm>