<mjloggm ver="2.3"><GO type="97"/><UN n0="%E5%B7%A6%E8%84%9A" n1="%61%61%33%31%39%33" n2="%E3%82%A6%E3%83%AB%E3%83%88%E3%83%A9%E7%AB%8B%E7%9B%B4" n3="%E3%83%AD%E3%83%AA%E7%AF%89" dan="14,15,13,14" rate="1940,2065,1826,1906" sx="M,M,M,M"/><TAIKYOKU oya="0"/><INIT seed="0,0,0,2,0,55" ten="250,250,250,250" oya="0" hai0="29,14,44,1,101,47,83,113,130,104,118,26,17" hai1="106,43,22,38,41,32,74,105,56,28,115,10,89" hai2="135,31,91,75,39,18,53,54,52,8,70,132,61" hai3="80,120,122,37,127,119,2,112,76,110,82,60,13" shuffle="mt19937ar,CB9C8327,F04A5D13,49825B7C,C9825FA5,EA780F3C,9ADE0746,645D2F0B,B58ABC73"/><T133/><D118/><U129/><E74/><V64/><F75/><W36/><G2/><T6/><D113/><U34/><E115/><V93/><F39/><W59/><G112/><T19/><D133/><N who="2" m="51274" /><F31/><W9/><G119/><T33/><D130/><U87/><E10/><V30/><F30/><W134/><G134/><T108/><D108/><U97/><E22/><V128/><F128/><W72/><G82/><T12/><D101/><U48/><E129/><V69/><F18/><N who="3" m="8495" /><G110/><T121/><D104/><U50/><E28/><V125/><F8/><W27/><G27/><T77/><D121/><N who="3" m="46697" /><G127/><T73/><D1/><U81/><E38/><V86/><F125/><W16/><G16/><T100/><D6/><U23/><E32/><V65/><F65/><AGARI ba="0,0" hai="36,37,59,60,65,72,76,80" m="46697,8495" machi="65" ten="30,2000,0" yaku="13,1,52,1" doraHai="55" who="3" fromWho="2" sc="250,0,250,0,250,-20,250,20" /><INIT seed="1,0,0,1,5,20" ten="250,250,230,270" oya="1" hai0="96,103,97,9,21,67,128,87,35,70,129,121,27" hai1="26,32,112,89,88,47,7,132,82,93,24,65,92" hai2="118,11,6,84,95,28,130,23,13,12,1,2,44" hai3="3,73,71,18,126,104,25,46,62,94,122,42,123" shuffle="mt19937ar,17B12B89,B657BD61,873AEF73,86BF82C8,4EE9D6CF,B4E66C4B,98859BD8,89FE8AC5"/><U36/><E112/><V14/><F44/><W74/><G94/><N who="1" m="36458" /><E32/><V31/><F84/><W37/><G18/><T90/><D35/><U105/><E132/><V51/><F95/><W72/><G126/><T34/><D34/><U69/><E105/><V107/><F51/><W66/><G25/><N who="1" m="9834" /><E69/><V8/><F107/><W38/><G38/><T75/><D75/><U41/><E36/><V99/><F99/><N who="0" m="37962" /><D103/><U106/><E106/><V33/><F118/><W57/><G57/><T116/><D116/><U98/><E65/><V80/><F80/><W22/><G22/><T39/><D39/><U113/><E113/><V4/><F130/><N who="0" m="50282" /><D121/><U19/><E7/><V91/><F91/><N who="1" m="34889" /><E98/><V58/><F58/><W114/><G114/><T101/><D101/><U49/><E19/><V56/><F56/><W111/><G111/><T83/><D67/><U134/><E134/><V30/><F33/><W64/><G64/><T5/><D70/><U48/><E48/><V100/><REACH who="2" step="1"/><F100/><REACH who="2" step="2"/><W0/><REACH who="3" step="1"/><G104/><REACH who="3" step="2"/><T108/><D108/><U76/><E76/><V45/><F45/><W131/><G131/><T135/><D135/><U110/><E110/><V52/><F52/><W68/><G68/><T43/><D43/><U78/><E78/><V81/><F81/><AGARI ba="0,2" hai="41,47,49,81,82" m="34889,9834,36458" machi="81" ten="30,12000,1" yaku="8,1,52,3,54,1" doraHai="20" who="1" fromWho="2" sc="250,0,250,140,220,-120,260,0" /><INIT seed="1,1,0,1,4,6" ten="250,390,100,260" oya="1" hai0="107,42,41,26,10,78,111,71,131,95,48,84,125" hai1="29,5,45,91,13,32,98,63,3,12,72,96,0" hai2="129,70,44,114,104,60,108,97,76,34,121,112,50" hai3="65,133,83,117,43,23,22,67,21,80,55,54,92" shuffle="mt19937ar,4744694E,208C7697,328468C6,255C3EF6,22E3C0C7,2CA57F6F,29825F51,6838DE1E"/><U62/><E72/><V20/><F20/><BYE who="2" /><W79/><G117/><T39/><D107/><U85/><E32/><V100/><F100/><W86/><G133/><T64/><D39/><U82/><E3/><V33/><F33/><W7/><G43/><T118/><D118/><U119/><E119/><V128/><F128/><W123/><G123/><T38/><D131/><U124/><E124/><V116/><F116/><W74/><G74/><T89/><D38/><U36/><E36/><V94/><F94/><W1/><G1/><T135/><D125/><U87/><E0/><V47/><F47/><W19/><G7/><T57/><D135/><U130/><E130/><V69/><F69/><W132/><G132/><T93/><D71/><U27/><E45/><V8/><F8/><W105/><G105/><T35/><D78/><N who="1" m="46295" /><E29/><V109/><F109/><W9/><G83/><T46/><D111/><U122/><E27/><V90/><F90/><W18/><G92/><T127/><D127/><U51/><E51/><V4/><F4/><W102/><G102/><T99/><D26/><U75/><E75/><V68/><F68/><W106/><G106/><T58/><D35/><U110/><E110/><V120/><F120/><W30/><G30/><T14/><D42/><U15/><E5/><V77/><F77/><W59/><G55/><T73/><D64/><N who="3" m="24649" /><G9/><T25/><D25/><U40/><E40/><V17/><F17/><W81/><G81/><T56/><D73/><U37/><E37/><V24/><F24/><W103/><G103/><T2/><D2/><U134/><E122/><V61/><F61/><AGARI ba="1,0" hai="18,19,21,22,23,54,59,61,79,80,86" m="24649" machi="61" ten="30,2000,0" yaku="6,1,8,1" doraHai="6" who="3" fromWho="2" sc="250,0,390,0,100,-23,260,23" /><INIT seed="2,0,0,1,4,65" ten="250,390,77,283" oya="2" hai0="77,43,122,62,79,71,129,81,7,84,104,127,37" hai1="12,45,50,54,61,100,128,134,105,47,125,2,5" hai2="34,93,40,113,90,52,63,31,6,64,95,15,111" hai3="118,74,67,133,103,99,87,35,58,46,59,102,78" shuffle="mt19937ar,D5D939F9,A645652F,D6FBAD5B,A1D27686,B08FED72,8BDA9BA4,78D147A4,AB106D14"/><V101/><F101/><W33/><G118/><T11/><D122/><U13/><E61/><V17/><F17/><W56/><G133/><T123/><D104/><U57/><E54/><V10/><F10/><W16/><G67/><T3/><D123/><U4/><E50/><V51/><F51/><W86/><G74/><T66/><D127/><U21/><E57/><V80/><F80/><W70/><G70/><T29/><D29/><U41/><E47/><V121/><F121/><W91/><G78/><T0/><D129/><U19/><E45/><V26/><F26/><W49/><G35/><T20/><D79/><U73/><E41/><V117/><F117/><W69/><G69/><T25/><D3/><U124/><E100/><N who="3" m="38442" /><G16/><T97/><D97/><U9/><E105/><V116/><F116/><W119/><G33/><T1/><D1/><N who="1" m="143" /><E128/><V72/><F72/><W27/><G27/><T85/><D43/><U42/><E42/><V130/><F130/><W92/><G119/><T14/><D37/><U120/><E73/><V110/><F110/><W38/><G38/><T44/><D44/><U109/><E109/><V8/><F8/><W39/><G39/><T28/><D0/><U18/><E120/><V126/><F126/><N who="1" m="48745" /><E134/><V115/><F115/><W98/><G98/><T88/><D85/><U114/><E114/><V36/><F36/><W60/><G60/><T132/><D132/><U106/><E106/><V48/><F48/><W107/><G107/><T53/><D53/><AGARI ba="0,0" hai="46,49,53,56,58,59,86,87,91,92,99" m="38442" machi="53" ten="30,1000,0" yaku="8,1" doraHai="65" who="3" fromWho="0" sc="250,-10,390,0,77,0,283,10" /><INIT seed="3,0,0,1,5,4" ten="240,390,77,293" oya="3" hai0="84,62,93,21,37,132,134,111,40,76,7,98,96" hai1="90,128,1,121,114,35,81,32,79,59,34,85,50" hai2="49,31,23,28,2,82,10,87,117,72,43,129,18" hai3="118,39,52,92,101,68,127,78,6,91,58,71,30" shuffle="mt19937ar,940F6138,DB624109,FB1EA3A0,A51D4E4A,A0C49398,BE53F3CF,F43E36A7,E6545B7E"/><W54/><G118/><T41/><D111/><U3/><E121/><V26/><F26/><W106/><G39/><T55/><D37/><U80/><E128/><V115/><F115/><W0/><G54/><T38/><D38/><U130/><E114/><V19/><F19/><W95/><G106/><T67/><D55/><U56/><E50/><V63/><F63/><W112/><G112/><T77/><D98/><U16/><E130/><V104/><F104/><W29/><G0/><T125/><D125/><U108/><E108/><V20/><F20/><W53/><G6/><T44/><D21/><U113/><E16/><V36/><F36/><W27/><G71/><T83/><D77/><U116/><E113/><V65/><F65/><W74/><G68/><T107/><D107/><U122/><E116/><V48/><F48/><N who="3" m="30983" /><G74/><T105/><D105/><U99/><E122/><V42/><F42/><W9/><G78/><T14/><D44/><U61/><E99/><V45/><F45/><W124/><G53/><T51/><D51/><U47/><E47/><V17/><F17/><W131/><G9/><N who="0" m="4415" /><D62/><U97/><E97/><V94/><F94/><N who="3" m="35883" /><G101/><N who="0" m="60559" /><D67/><N who="1" m="39335" /><E59/><V5/><F5/><W24/><G131/><T135/><D40/><U109/><E109/><V100/><F100/><W103/><G91/><T102/><D41/><U133/><E3/><V88/><F88/><W73/><G103/><AGARI ba="0,0" hai="76,83,84,102,103,132,134,135" m="60559,4415" machi="103" ten="30,2000,0" yaku="20,1,52,1" doraHai="4" who="0" fromWho="3" sc="240,20,390,0,77,0,293,-20" owari="260,-9,390,39,77,-32,273,2" /></mjloggm>