<mjloggm ver="2.3"><GO type="97"/><UN n0="%6F%2D%64%69%6F" n1="%52%75%72%75%70%70%65" n2="%E3%82%A6%E3%83%AB%E3%83%88%E3%83%A9%E7%AB%8B%E7%9B%B4" n3="%67%61%72%75%63%69%61" dan="13,14,13,14" rate="1804,1835,1819,1958" sx="M,M,M,M"/><TAIKYOKU oya="0"/><INIT seed="0,0,0,5,2,5" ten="250,250,250,250" oya="0" hai0="52,71,20,34,66,30,29,9,44,122,123,55,116" hai1="132,100,56,27,16,95,134,125,54,49,32,24,94" hai2="86,110,133,0,13,28,43,91,90,22,103,128,72" hai3="8,67,63,117,70,120,46,50,106,21,82,73,7"/><T23/><D116/><U77/><E77/><V83/><F0/><W62/><G106/><T40/><D34/><U59/><E125/><V3/><F3/><W61/><G117/><T33/><D33/><U25/><E32/><V68/><F72/><W47/><G120/><T121/><D71/><U2/><E2/><V109/><F68/><W114/><G114/><T39/><D66/><U45/><E100/><V41/><F103/><W31/><G46/><T18/><D23/><U87/><E95/><V102/><F102/><W65/><G73/><T97/><D97/><U37/><E37/><V112/><F112/><W6/><G82/><T58/><D55/><U89/><REACH who="1" step="1"/><E16/><REACH who="1" step="2"/><N who="2" m="10511" /><F28/><W96/><G6/><T107/><D107/><U26/><N who="1" m="6656" /><DORA hai="11" /><U17/><E17/><V130/><F91/><W113/><G113/><T53/><D53/><U92/><E92/><V115/><F115/><W85/><G7/><T131/><D131/><N who="2" m="50218" /><F133/><AGARI ba="0,1" hai="45,49,54,56,59,87,89,94,132,133,134" m="6656" machi="133" ten="50,6400,0" yaku="1,1,20,1,53,1" doraHai="5,11" doraHaiUra="78,80" who="1" fromWho="2" sc="250,0,240,74,250,-64,250,0" /><INIT seed="1,0,0,1,4,107" ten="250,314,186,250" oya="1" hai0="29,25,85,61,12,7,69,59,70,108,115,0,99" hai1="94,102,37,84,2,79,98,134,116,63,118,91,100" hai2="114,75,26,97,49,95,64,117,101,54,89,87,106" hai3="68,74,27,23,39,120,28,21,36,129,10,77,111"/><U131/><E37/><V46/><F64/><W73/><G120/><T40/><D115/><U67/><E2/><V123/><F117/><W45/><G68/><T51/><D0/><U112/><E112/><V3/><F3/><W80/><G129/><T4/><D108/><U110/><E110/><V126/><F114/><W55/><G111/><T122/><D122/><U121/><E121/><V20/><F123/><W9/><G23/><T127/><D127/><U19/><E131/><V88/><F126/><W135/><G135/><T48/><D99/><U31/><E31/><V109/><F109/><W52/><G73/><T1/><D1/><U42/><E42/><V124/><F124/><W11/><REACH who="3" step="1"/><G36/><REACH who="3" step="2"/><T6/><D70/><U66/><E134/><V113/><F113/><W92/><G92/><T82/><D69/><U71/><E118/><V62/><F62/><W81/><G81/><T41/><D41/><AGARI ba="0,1" hai="9,10,11,21,27,28,39,41,45,52,55,74,77,80" machi="41" ten="40,5200,0" yaku="1,1,52,1,54,1,53,0" doraHai="107" doraHaiUra="44" who="3" fromWho="0" sc="250,-52,314,0,186,0,240,62" /><INIT seed="2,0,0,1,4,100" ten="198,314,186,302" oya="2" hai0="36,13,112,15,103,4,68,12,73,116,14,88,41" hai1="132,25,17,33,126,133,18,5,105,124,51,40,64" hai2="82,23,58,80,76,115,56,55,43,118,22,77,50" hai3="95,7,67,71,21,2,39,135,94,60,120,37,125"/><V113/><F118/><W93/><G120/><T109/><D73/><U96/><E64/><V87/><F43/><W65/><G125/><N who="1" m="48234" /><E5/><V74/><F23/><W72/><G135/><N who="1" m="51786" /><E33/><V91/><F91/><W30/><G72/><T69/><D112/><U130/><E25/><V86/><F74/><W90/><G67/><T19/><D116/><U49/><E40/><V48/><F22/><W34/><G34/><T75/><D75/><U46/><E46/><V1/><F1/><W127/><G127/><T52/><D109/><U9/><E9/><V114/><F114/><W31/><G90/><T121/><D121/><U61/><E61/><V131/><F131/><W24/><REACH who="3" step="1"/><G31/><REACH who="3" step="2"/><T122/><D122/><U11/><E130/><V110/><F110/><W63/><G63/><T27/><D88/><U47/><E11/><AGARI ba="0,1" hai="2,7,11,21,24,30,37,39,60,65,71,93,94,95" machi="11" ten="40,1300,0" yaku="1,1,53,0" doraHai="100" doraHaiUra="42" who="3" fromWho="1" sc="198,0,314,-13,186,0,292,23" /><INIT seed="3,0,0,1,3,36" ten="198,301,186,315" oya="3" hai0="114,83,132,89,64,22,7,118,42,6,131,93,35" hai1="76,104,61,128,98,135,90,121,75,105,82,63,27" hai2="47,41,4,29,67,10,99,88,38,8,69,77,52" hai3="15,68,40,53,113,31,72,79,37,13,120,43,74"/><W57/><G120/><T92/><D118/><U130/><E121/><V81/><F29/><W17/><G68/><T116/><D116/><U33/><E135/><V125/><F125/><W25/><G113/><T134/><D35/><U62/><E33/><V48/><F67/><W20/><G37/><T49/><D131/><N who="1" m="50219" /><E27/><V26/><F69/><W54/><G13/><T110/><D64/><U9/><E9/><V106/><F26/><W65/><G72/><T46/><D114/><U80/><E80/><V100/><F4/><N who="0" m="1578" /><D110/><U71/><E71/><V70/><F70/><W124/><G124/><T84/><D22/><U115/><E115/><V133/><F133/><AGARI ba="0,0" hai="42,46,49,83,84,89,92,93,132,133,134" m="1578" machi="133" ten="30,2000,0" yaku="20,1,52,1" doraHai="36" who="0" fromWho="2" sc="198,20,301,0,186,-20,315,0" owari="218,-13,301,5,166,-23,315,31" /></mjloggm>