<mjloggm ver="2.3"><GO type="41"/><UN n0="%E3%83%89%E3%83%AD%E3%83%B3%E5%A8%98" n1="%E3%82%A6%E3%83%AB%E3%83%88%E3%83%A9%E7%AB%8B%E7%9B%B4" n2="%E9%B7%B9%E3%82%88%E3%82%8A%EF%BC%A0%EF%BC%B3%EF%BC%A2" n3="%6B%6F%67%75%6D%61%7A%75" dan="16,14,15,14" rate="2020,1938,1970,1927" sx="F,M,M,M"/><TAIKYOKU oya="0"/><INIT seed="0,0,0,1,4,47" ten="250,250,250,250" oya="0" hai0="76,22,116,3,10,66,90,74,112,114,38,24,20" hai1="0,30,53,77,67,85,102,104,12,88,55,109,92" hai2="101,31,73,78,51,97,37,125,1,127,58,80,117" hai3="59,79,60,19,71,133,68,111,17,48,5,40,83"/><T91/><D38/><U81/><E0/><V29/><F1/><W121/><G5/><T14/><D116/><U52/><E109/><V84/><F117/><W99/><G111/><T9/><D66/><U107/><E67/><V70/><F70/><W36/><G36/><T6/><D76/><U11/><E30/><V13/><F37/><W124/><G121/><T62/><D74/><U57/><E102/><V27/><F13/><W128/><G99/><T132/><D62/><U103/><E103/><V100/><F100/><W72/><G133/><T42/><D42/><U123/><E123/><V61/><F73/><W7/><G7/><T4/><D132/><U105/><E57/><V15/><F15/><W93/><G93/><T63/><D63/><U82/><REACH who="1" step="1"/><E77/><REACH who="1" step="2"/><V8/><F31/><W18/><G71/><T115/><D91/><U23/><E23/><N who="0" m="8745" /><D24/><U32/><E32/><V95/><F27/><W21/><G68/><T16/><D90/><U94/><E94/><V69/><F29/><W86/><G21/><N who="0" m="11415" /><D115/><U2/><E2/><AGARI ba="0,1" hai="2,3,4,6,9,10,112,114" m="11415,8745" machi="2" ten="30,5800,0" yaku="34,2,54,1" doraHai="47" who="0" fromWho="1" sc="250,68,240,-58,250,0,250,0" /><INIT seed="0,1,0,1,5,40" ten="318,182,250,250" oya="0" hai0="39,14,131,116,61,101,66,103,135,69,29,107,112" hai1="117,0,26,106,38,70,115,65,85,114,13,10,24" hai2="77,30,50,125,132,97,119,45,126,20,92,51,3" hai3="75,6,67,2,4,54,73,90,100,22,86,81,127"/><T11/><D116/><U34/><E38/><V33/><F33/><W44/><G100/><T1/><D39/><U76/><E106/><V48/><F3/><W63/><G127/><N who="2" m="48649" /><F77/><W53/><G75/><T37/><D37/><U130/><E117/><V36/><F36/><W62/><G73/><T52/><D112/><N who="1" m="43051" /><E65/><V21/><F119/><W7/><G2/><T108/><D1/><U87/><E70/><V95/><F132/><W118/><G118/><T25/><D135/><U123/><E123/><V43/><F92/><W121/><G121/><T64/><D131/><U122/><E122/><V23/><F30/><W18/><G67/><T55/><D108/><U89/><E130/><V74/><F74/><W102/><G102/><AGARI ba="1,0" hai="20,21,23,43,45,48,50,51,95,97,102" m="48649" machi="102" ten="30,2000,0" yaku="18,1,52,1" doraHai="40" who="2" fromWho="3" sc="318,0,182,0,250,23,250,-23" /><INIT seed="1,0,0,2,1,56" ten="318,182,273,227" oya="1" hai0="106,0,76,38,21,1,13,126,79,97,18,124,22" hai1="15,67,72,14,122,61,2,119,12,78,111,103,20" hai2="93,32,55,73,30,26,11,19,23,53,94,88,66" hai3="68,81,132,57,98,6,36,112,37,113,96,116,31"/><U91/><E122/><V65/><F73/><W5/><G81/><T123/><D38/><U58/><E2/><N who="0" m="1129" /><D97/><U48/><E119/><V50/><F94/><W131/><G57/><T133/><D106/><U104/><E111/><V43/><F43/><W120/><G120/><T47/><D47/><U134/><E134/><V8/><F32/><W10/><G132/><T125/><D133/><U29/><E91/><V100/><F100/><W40/><G40/><T130/><D130/><U49/><E72/><V82/><F82/><W17/><G68/><T84/><D123/><U27/><REACH who="1" step="1"/><E78/><REACH who="1" step="2"/><N who="0" m="29737" /><D84/><U89/><E89/><V85/><F88/><W102/><G116/><T33/><D33/><U74/><E74/><V34/><F85/><W128/><G102/><T101/><D101/><U114/><E114/><V9/><F34/><W83/><G112/><T87/><D87/><U110/><E110/><V41/><F93/><W35/><G113/><T75/><D75/><U70/><E70/><V107/><F107/><W51/><G35/><T24/><D125/><U135/><E135/><V62/><F9/><W59/><G10/><T52/><D126/><U25/><E25/><V3/><F8/><W7/><G131/><T46/><D124/><U16/><E16/><V90/><F19/><W115/><G17/><T77/><D77/><U99/><AGARI ba="0,1" hai="12,14,15,20,27,29,48,49,58,61,67,99,103,104" machi="99" ten="30,6000,0" yaku="1,1,0,1,52,1,53,0" doraHai="56" doraHaiUra="64" who="1" fromWho="1" sc="318,-20,172,70,273,-20,227,-20" /><INIT seed="1,1,0,4,0,78" ten="298,242,253,207" oya="1" hai0="26,23,123,4,122,119,101,29,92,6,17,72,0" hai1="98,130,114,22,100,89,24,13,133,59,112,67,8" hai2="48,95,73,69,25,50,57,120,134,83,54,21,96" hai3="19,104,11,49,91,75,129,43,132,61,20,52,124"/><U44/><E130/><V45/><F134/><W71/><G129/><T113/><D72/><U41/><E133/><V115/><F69/><W2/><G132/><T16/><D101/><U87/><E59/><V127/><F127/><W15/><G104/><T27/><D92/><U47/><E67/><V55/><F120/><N who="0" m="46122" /><D119/><U128/><E128/><V33/><F33/><W79/><G124/><T1/><D113/><U110/><E110/><V116/><F116/><W109/><G109/><T31/><D17/><U3/><E3/><N who="0" m="1097" /><D31/><N who="1" m="17815" /><E112/><V94/><F115/><W40/><G91/><T58/><D58/><U62/><E114/><V125/><F125/><W18/><G79/><T82/><D82/><N who="1" m="49399" /><E41/><V7/><F7/><W88/><G75/><T53/><D53/><U85/><E85/><V103/><F73/><W70/><G70/><T63/><D63/><U106/><E62/><V126/><F126/><W35/><G71/><T107/><D107/><U14/><E106/><V60/><F60/><W34/><G61/><T37/><D37/><U80/><E80/><V46/><F57/><W102/><G102/><T28/><D28/><U68/><E68/><V108/><F108/><W111/><G111/><T77/><D77/><U66/><E66/><V32/><F32/><AGARI ba="1,0" hai="4,6,16,23,26,27,29,32" m="1097,46122" machi="32" ten="30,7700,0" yaku="13,1,34,2,54,1" doraHai="78" who="0" fromWho="2" sc="298,80,242,0,253,-80,207,0" /><INIT seed="2,0,0,1,2,38" ten="378,242,173,207" oya="2" hai0="100,24,87,32,54,10,15,49,9,52,95,128,5" hai1="44,58,79,108,37,80,92,77,110,119,40,112,57" hai2="7,89,98,14,12,31,93,105,106,30,84,71,126" hai3="134,67,0,72,96,129,65,103,115,70,16,118,55"/><V46/><F71/><W43/><G0/><T66/><D128/><U73/><E119/><V124/><F46/><W2/><G72/><T36/><D36/><U85/><E112/><V13/><F7/><W50/><G115/><T18/><D66/><U27/><E79/><V29/><REACH who="2" step="1"/><F98/><REACH who="2" step="2"/><W1/><G118/><T26/><D32/><U82/><E58/><V28/><N who="2" m="7680" /><DORA hai="101" /><V41/><F41/><W74/><G70/><T23/><D54/><U88/><E57/><V47/><F47/><W59/><G43/><T25/><D87/><U111/><E73/><V94/><F94/><W64/><G74/><T22/><D95/><U51/><E37/><V81/><F81/><W97/><G134/><T48/><D100/><U104/><E104/><AGARI ba="0,1" hai="12,13,14,84,89,93,104,105,106,124,126" m="7680" machi="104" ten="60,12000,1" yaku="1,1,52,3,53,0" doraHai="38,101" doraHaiUra="39,117" who="2" fromWho="1" sc="378,0,242,-120,163,130,207,0" /><INIT seed="2,1,0,3,4,48" ten="378,122,293,207" oya="2" hai0="58,109,18,22,103,130,15,115,81,126,9,42,43" hai1="32,25,55,79,74,131,120,68,99,64,61,5,98" hai2="16,102,24,110,112,26,78,77,65,127,67,13,11" hai3="7,34,62,8,87,96,12,128,124,52,117,0,92"/><V40/><F112/><W71/><G117/><T10/><D115/><U100/><E120/><V101/><F127/><W94/><G34/><T30/><D126/><U37/><E37/><V36/><F36/><W76/><G124/><T28/><D130/><U6/><E131/><V125/><F125/><W97/><G128/><T111/><D103/><N who="2" m="39434" /><F40/><W134/><G134/><T83/><D58/><U113/><E99/><V108/><F26/><W33/><G33/><T90/><D90/><U21/><E113/><V93/><F93/><W49/><G0/><T45/><D45/><U80/><E21/><V63/><F24/><W70/><G70/><T114/><D114/><U72/><E72/><V73/><F73/><W14/><G14/><T107/><D107/><U133/><E133/><V116/><F116/><W50/><G50/><T95/><D95/><N who="3" m="36393" /><G62/><T44/><D44/><U4/><E4/><V121/><F121/><W51/><G51/><T135/><D135/><U17/><E17/><V29/><F29/><W132/><G71/><T118/><D118/><U82/><E82/><V47/><F47/><N who="3" m="27711" /><G132/><T3/><D3/><U105/><REACH who="1" step="1"/><E55/><REACH who="1" step="2"/><V57/><F67/><W54/><G54/><T46/><D28/><AGARI ba="1,1" hai="5,6,25,28,32,61,64,68,74,79,80,98,100,105" machi="28" ten="40,8000,1" yaku="1,1,2,1,25,2,53,0" doraHai="48" doraHaiUra="84" who="1" fromWho="0" sc="378,-83,112,93,293,0,207,0" /><INIT seed="3,0,0,5,1,115" ten="295,205,293,207" oya="3" hai0="33,75,56,40,111,112,86,67,129,8,101,19,91" hai1="31,66,124,118,47,51,36,85,106,49,98,17,6" hai2="105,120,108,117,107,15,37,96,0,109,103,121,122" hai3="34,11,68,54,123,135,102,24,5,113,89,76,28"/><W110/><G123/><T65/><D75/><U9/><E36/><V45/><F0/><W41/><G113/><T70/><D33/><U30/><E51/><V57/><F57/><W50/><G68/><T116/><D70/><U131/><E66/><V10/><F37/><W32/><G32/><T55/><D112/><U97/><E124/><V59/><F59/><W119/><G102/><T21/><D40/><U71/><E71/><V4/><F45/><W133/><G76/><T125/><D125/><U77/><E131/><V132/><F132/><N who="3" m="50763" /><G41/><T2/><D129/><U22/><E106/><V53/><F53/><W84/><G110/><N who="2" m="42601" /><F107/><W104/><G104/><T134/><D111/><U16/><E22/><V73/><F73/><W14/><G119/><AGARI ba="0,0" hai="4,10,15,96,103,105,117,119,120,121,122" m="42601" machi="119" ten="40,8000,1" yaku="13,1,14,1,52,2" doraHai="115" who="2" fromWho="3" sc="295,0,205,0,293,80,207,-80" /><INIT seed="4,0,0,1,3,78" ten="295,205,373,127" oya="0" hai0="11,12,46,89,100,120,135,131,123,122,71,8,24" hai1="50,134,85,75,7,57,91,76,29,104,129,66,124" hai2="125,102,54,34,49,73,32,72,69,68,13,41,114" hai3="94,79,0,43,67,117,86,110,10,106,116,127,47"/><T25/><D71/><U105/><E50/><V113/><F41/><W77/><G106/><N who="1" m="41066" /><E57/><N who="2" m="32975" /><F102/><W35/><G67/><T60/><D100/><U52/><E52/><V30/><F13/><W92/><G35/><N who="2" m="13353" /><F30/><W59/><G59/><T44/><D89/><U33/><E7/><V93/><F93/><W74/><G110/><T40/><D135/><U130/><E29/><V111/><F111/><W65/><G65/><T64/><D131/><N who="1" m="50187" /><E33/><V62/><F125/><W3/><G127/><T83/><D83/><N who="1" m="45471" /><E66/><V45/><F45/><W55/><G47/><T31/><D44/><U118/><E124/><V108/><F108/><W27/><G27/><T88/><D88/><U48/><E48/><V90/><F62/><W39/><G39/><T42/><D42/><U28/><E28/><V107/><F69/><W2/><G43/><T80/><D60/><U63/><E63/><V38/><F38/><W18/><G55/><T14/><D64/><U51/><E51/><V109/><F109/><W6/><G18/><T98/><D46/><U20/><E20/><V70/><F70/><W82/><G10/><T5/><D40/><U95/><E134/><V84/><F68/><W36/><G36/><T37/><D37/><U133/><E133/><V81/><F107/><W53/><G53/><T19/><D31/><U15/><E15/><V56/><F56/><W61/><G61/><T26/><D80/><U58/><E58/><V101/><F101/><W121/><G6/><T128/><REACH who="0" step="1"/><D128/><REACH who="0" step="2"/><U119/><AGARI ba="0,1" hai="85,91,95,118,119" m="45471,50187,41066" machi="119" ten="40,8000,1" yaku="19,1,34,2,52,1" doraHai="78" who="1" fromWho="1" sc="285,-40,205,90,373,-20,127,-20" /><INIT seed="5,0,0,0,1,63" ten="245,295,353,107" oya="1" hai0="86,57,132,56,69,9,71,31,77,94,107,1,119" hai1="134,8,116,2,52,135,62,128,96,121,113,51,82" hai2="85,78,37,133,87,3,74,100,42,88,27,112,59" hai3="115,61,65,43,47,12,93,129,64,6,75,104,44"/><U55/><E121/><V110/><F3/><W80/><G104/><T84/><D107/><U7/><E116/><V123/><F37/><W4/><G129/><T19/><D119/><U23/><E128/><V15/><F42/><W90/><G115/><T41/><D132/><N who="1" m="50731" /><E113/><V0/><F0/><W49/><G75/><T122/><D122/><U117/><E117/><V73/><F15/><W58/><G80/><T118/><D118/><U38/><E38/><V89/><F27/><W34/><G34/><T10/><D31/><U124/><E124/><V103/><F59/><W97/><G12/><T29/><D29/><U54/><E96/><V76/><F112/><W45/><G45/><T28/><D28/><U26/><E82/><V20/><F20/><W67/><G47/><T35/><D35/><U46/><E62/><V83/><F123/><W95/><G95/><T25/><D94/><U111/><E111/><V24/><F24/><W22/><G22/><T40/><D25/><U53/><E53/><AGARI ba="0,0" hai="4,6,43,44,49,53,58,61,64,65,67,90,93,97" machi="53" ten="40,8000,1" yaku="8,1,52,3" doraHai="63" who="3" fromWho="1" sc="245,0,295,-80,353,0,107,80" /><INIT seed="6,0,0,5,2,76" ten="245,215,353,187" oya="2" hai0="17,93,94,134,61,64,40,12,79,129,32,50,35" hai1="91,54,81,7,65,69,5,8,25,88,71,133,123" hai2="67,125,126,121,16,109,78,9,101,19,57,28,66" hai3="1,72,135,111,127,73,90,20,105,62,74,95,55"/><V24/><F121/><W2/><G105/><T49/><D134/><U124/><E69/><V87/><F101/><W52/><G111/><T132/><D129/><U29/><E133/><V119/><F119/><W120/><G135/><T0/><D132/><U60/><E124/><N who="2" m="47723" /><F109/><W11/><G127/><T117/><D117/><U102/><E123/><V116/><F116/><W46/><G120/><T10/><D0/><U77/><E54/><V15/><F19/><W96/><G46/><T58/><D32/><U14/><E7/><V75/><F75/><W41/><G41/><T6/><D35/><U13/><E13/><V104/><F57/><W48/><G48/><T51/><D40/><U26/><E102/><V34/><F104/><W113/><G113/><T42/><D42/><U110/><E110/><V4/><F4/><W37/><G37/><T112/><D112/><U85/><E26/><V108/><F108/><W97/><G20/><AGARI ba="0,0" hai="5,8,14,20,25,29,60,65,71,77,81,85,88,91" machi="20" ten="30,3900,0" yaku="7,1,52,1,54,1" doraHai="76" who="1" fromWho="3" sc="245,0,215,39,353,0,187,-39" /><INIT seed="7,0,0,1,0,83" ten="245,254,353,148" oya="3" hai0="88,22,79,67,117,1,45,89,129,38,115,61,52" hai1="100,23,111,86,68,105,107,65,47,94,26,109,21" hai2="44,76,54,122,114,10,59,43,66,72,70,5,81" hai3="91,9,8,106,108,60,82,73,56,90,96,33,46"/><W135/><G33/><T0/><D117/><U37/><E37/><N who="2" m="21615" /><F114/><W133/><G108/><T4/><D115/><U20/><E47/><V40/><F40/><W50/><G106/><T35/><D35/><U18/><E18/><V57/><F122/><W112/><G112/><T69/><D129/><U28/><E86/><V102/><F102/><W74/><G96/><T58/><D79/><U49/><E94/><V97/><F97/><W128/><G128/><T84/><D4/><U85/><E85/><V132/><F132/><N who="3" m="50763" /><G56/><T87/><D38/><U29/><E49/><V123/><F123/><W101/><G101/><T11/><D11/><N who="3" m="4169" /><G60/><T39/><D22/><U53/><E53/><V14/><F59/><W27/><G27/><T110/><D110/><U121/><E121/><V113/><F113/><W25/><G25/><T77/><D77/><U95/><E95/><V127/><F70/><W41/><G82/><T98/><D98/><N who="1" m="61591" /><E29/><V19/><F66/><W93/><G93/><T17/><D17/><U99/><E99/><V2/><F57/><W104/><G104/><T130/><D130/><U92/><E92/><V15/><F54/><W48/><G48/><N who="0" m="30983" /><D89/><AGARI ba="0,0" hai="41,46,50,73,74,89,90,91" m="4169,50763" machi="89" ten="30,1500,0" yaku="20,1" doraHai="83" who="3" fromWho="0" sc="245,-15,254,0,353,0,148,15" /><INIT seed="7,1,0,2,1,126" ten="230,254,353,163" oya="3" hai0="64,134,67,38,82,1,88,97,39,13,25,56,90" hai1="75,71,9,35,132,48,81,60,95,34,63,115,114" hai2="72,18,78,11,86,36,89,26,130,45,55,40,43" hai3="103,50,96,133,77,28,42,66,15,6,58,120,113"/><W85/><G120/><T94/><D1/><U127/><E127/><V109/><F109/><W104/><G133/><T118/><D134/><U65/><E132/><V98/><F98/><W93/><G113/><N who="1" m="43018" /><E63/><V27/><F43/><W70/><G70/><T124/><D118/><U101/><E9/><V99/><F72/><W102/><G28/><T68/><D124/><U80/><E48/><V128/><F55/><W14/><G104/><T20/><D68/><U125/><E125/><V4/><F99/><W21/><G103/><T47/><D47/><U69/><E69/><V49/><F78/><W79/><G42/><T131/><D131/><N who="2" m="50218" /><F18/><N who="3" m="10455" /><G85/><T54/><D38/><U111/><E111/><V122/><F122/><W105/><G105/><T31/><D13/><U24/><E75/><V52/><F40/><W32/><G32/><N who="1" m="12330" /><E24/><V61/><F36/><W0/><G0/><T87/><REACH who="0" step="1"/><D39/><REACH who="0" step="2"/><U119/><E119/><V33/><F26/><W30/><G30/><T16/><D16/><U23/><E23/><V129/><F27/><W51/><G51/><AGARI ba="1,1" hai="20,25,31,51,54,56,64,67,82,87,88,90,94,97" machi="51" ten="30,7700,0" yaku="1,1,7,1,8,1,54,1,53,0" doraHai="126" doraHaiUra="100" who="0" fromWho="3" sc="220,90,254,0,353,0,163,-80" owari="310,11,254,-15,353,46,83,-42" /></mjloggm>