<mjloggm ver="2.3"><GO type="41"/><UN n0="%E5%9F%8E%E5%AE%AE%E6%A4%9B" n1="%6D%65%63%68%61%6E%69%63" n2="%6C%61%6E%31%32%33" n3="%E3%82%A6%E3%83%AB%E3%83%88%E3%83%A9%E7%AB%8B%E7%9B%B4" dan="13,13,14,15" rate="1936,1829,1876,1991" sx="M,M,M,M"/><TAIKYOKU oya="0"/><INIT seed="0,0,0,4,3,15" ten="250,250,250,250" oya="0" hai0="75,104,25,29,20,135,35,44,69,108,37,3,116" hai1="31,16,124,46,101,12,58,126,59,61,123,19,130" hai2="28,27,10,92,4,95,121,80,105,129,132,55,7" hai3="0,74,77,11,81,45,100,57,49,56,86,68,43"/><T85/><RYUUKYOKU type="yao9" ba="0,0" sc="250,0,250,0,250,0,250,0" hai0="3,20,25,29,35,37,44,69,75,85,104,108,116,135" /><INIT seed="0,1,0,2,4,62" ten="250,250,250,250" oya="0" hai0="11,114,67,81,59,32,96,49,100,135,22,83,38" hai1="48,13,23,99,18,98,73,35,119,82,3,14,51" hai2="50,65,116,128,104,112,55,133,120,40,7,91,126" hai3="41,66,75,60,8,111,130,110,122,118,105,42,124"/><T61/><D114/><U39/><E119/><V74/><F7/><W134/><G8/><T90/><D32/><U95/><E39/><V30/><F112/><W12/><G12/><T36/><D38/><U15/><E3/><V5/><F120/><W117/><G105/><T89/><D36/><U102/><E35/><V25/><F5/><W129/><G75/><T69/><D11/><U0/><E0/><V10/><F10/><W121/><G60/><T125/><D125/><U70/><E70/><V27/><F74/><W21/><G21/><T132/><D22/><U17/><E14/><V33/><F40/><W71/><G71/><T77/><D49/><U68/><E68/><V93/><F104/><W106/><G106/><N who="0" m="63751" /><D69/><U53/><E82/><N who="0" m="31241" /><D77/><U76/><E76/><V94/><F126/><W9/><G9/><T86/><D86/><U19/><E73/><V97/><F116/><W44/><G124/><T57/><D57/><U92/><E17/><V4/><F4/><W29/><G29/><T58/><D58/><N who="1" m="33063" /><E51/><V109/><F25/><W103/><G44/><T37/><D37/><U1/><E1/><V28/><F28/><W101/><REACH who="3" step="1"/><G134/><AGARI ba="1,0" hai="59,61,67,89,90,132,134,135" m="31241,63751" machi="134" ten="30,2900,0" yaku="20,1,52,1" doraHai="62" who="0" fromWho="3" sc="250,32,250,0,250,0,250,-32" /><INIT seed="0,2,0,2,5,132" ten="282,250,250,218" oya="0" hai0="74,67,100,114,55,10,53,58,24,19,6,14,76" hai1="79,45,120,75,78,21,32,95,18,34,106,43,127" hai2="1,105,115,64,12,25,131,50,2,112,0,116,63" hai3="93,26,96,134,59,44,97,101,60,30,89,85,68"/><T65/><D114/><U77/><E120/><V15/><F105/><W129/><G129/><T73/><D100/><U47/><E75/><V27/><F50/><W83/><G134/><T23/><D74/><U9/><E106/><V49/><F49/><W119/><G119/><T103/><D103/><U4/><E34/><V71/><F116/><W13/><G68/><T62/><D73/><U17/><E32/><V22/><F131/><W48/><G13/><N who="2" m="5193" /><F64/><N who="0" m="24650" /><D76/><U92/><E43/><V42/><F63/><W128/><G128/><T135/><D135/><U91/><E45/><V39/><F42/><W20/><G48/><T98/><D98/><U125/><E47/><V80/><F80/><W16/><G44/><T104/><D104/><U113/><E113/><N who="2" m="43595" /><F39/><W61/><G96/><T87/><D87/><U81/><E81/><V108/><F71/><W33/><G61/><T52/><AGARI ba="2,0" hai="6,10,14,19,23,24,52,53,55,58,62" m="24650" machi="52" ten="30,3000,0" yaku="8,1,54,1" doraHai="132" who="0" fromWho="0" sc="282,36,250,-12,250,-12,218,-12" /><INIT seed="0,3,0,3,4,125" ten="318,238,238,206" oya="0" hai0="56,28,109,25,81,127,78,102,106,132,38,40,53" hai1="68,73,107,79,6,26,58,42,3,130,50,92,30" hai2="55,66,120,21,52,84,22,67,87,93,129,10,90" hai3="80,134,98,119,75,62,4,112,2,123,100,104,24"/><T117/><D117/><U88/><E68/><V34/><F34/><W47/><G119/><T113/><D113/><U31/><E107/><V86/><F120/><W135/><G123/><T115/><D115/><U49/><E73/><V0/><F0/><W105/><G112/><T29/><D127/><U1/><E79/><V110/><F10/><W131/><G62/><T72/><D132/><N who="3" m="50729" /><G24/><T51/><D109/><U116/><E116/><V46/><F110/><W9/><G47/><T39/><D40/><U65/><E6/><V126/><F126/><W96/><G96/><T17/><D102/><U57/><E1/><V82/><F82/><W74/><G105/><T64/><D106/><U111/><E3/><V43/><F43/><W85/><G85/><T133/><D64/><N who="2" m="24618" /><F129/><W103/><G103/><T54/><D133/><U27/><E111/><V12/><F12/><W19/><G19/><T94/><D94/><U23/><E130/><V122/><F122/><W37/><G37/><T33/><D28/><U77/><E77/><V124/><F124/><W20/><G20/><N who="2" m="7785" /><F46/><W5/><G5/><T83/><D83/><U44/><E27/><V8/><F8/><W89/><G131/><T60/><D17/><U45/><E31/><V14/><F14/><W91/><G80/><T13/><D13/><U95/><E65/><V15/><F15/><W61/><G75/><T18/><D18/><U101/><E101/><V69/><F69/><W108/><G74/><T70/><D70/><U76/><E76/><V32/><F32/><W7/><G108/><T35/><D35/><U121/><E121/><RYUUKYOKU ba="3,0" sc="318,15,238,-15,238,15,206,-15" hai0="25,29,33,38,39,51,53,54,56,60,72,78,81" hai2="52,55,84,86,87,90,93" /><INIT seed="0,4,0,2,0,65" ten="333,223,253,191" oya="0" hai0="131,0,76,41,86,9,128,130,68,102,118,3,104" hai1="94,91,49,1,134,107,31,43,122,129,119,127,15" hai2="17,84,100,64,72,32,14,73,105,133,54,125,34" hai3="109,78,96,90,23,80,124,44,120,48,42,57,110"/><T123/><D123/><U21/><E122/><V35/><F64/><W53/><G120/><T108/><D118/><U25/><E1/><V74/><F125/><W29/><G124/><T117/><D117/><U67/><E119/><V83/><F54/><W10/><G10/><T37/><D76/><U62/><E127/><V116/><F116/><W51/><G96/><N who="0" m="61511" /><D86/><U113/><E107/><V75/><N who="2" m="18944" /><DORA hai="82" /><V132/><F100/><W26/><G78/><T11/><D108/><N who="3" m="41577" /><G80/><T93/><D93/><U4/><E43/><V58/><F58/><W19/><G90/><T61/><D11/><U98/><E49/><V30/><F105/><W5/><G5/><T38/><D9/><U13/><E4/><V47/><F47/><W69/><G29/><T111/><D111/><U79/><E62/><V12/><F30/><W59/><G59/><T85/><D85/><U18/><E79/><V46/><F46/><W87/><G87/><T7/><D7/><U60/><E13/><V106/><F106/><W81/><G81/><T135/><D135/><N who="2" m="51786" /><F17/><W28/><G19/><T77/><D77/><AGARI ba="4,0" hai="12,14,32,34,35,77,83,84" m="51786,18944" machi="77" ten="70,4500,0" yaku="20,1,52,1" doraHai="65,82" who="2" fromWho="0" sc="333,-57,223,0,253,57,191,0" /><INIT seed="1,0,0,0,1,36" ten="276,223,310,191" oya="1" hai0="18,2,112,120,31,129,117,22,58,127,42,131,85" hai1="133,3,53,108,55,48,90,103,7,39,110,126,119" hai2="51,30,115,77,46,26,76,64,75,128,95,11,19" hai3="32,40,104,125,14,87,29,71,13,113,111,20,62"/><U67/><E119/><V80/><F128/><N who="0" m="49226" /><D117/><U23/><E39/><V50/><F76/><W105/><G32/><T35/><D112/><U78/><E133/><V93/><F115/><W38/><G113/><T28/><D2/><U135/><E135/><V121/><F64/><W84/><G29/><N who="0" m="11339" /><D35/><U98/><E78/><V122/><F122/><W24/><G24/><T6/><D6/><U106/><E67/><V86/><F75/><W88/><G20/><T16/><D127/><U0/><E126/><V83/><F83/><W61/><G125/><T99/><D99/><U70/><E70/><V107/><F121/><W124/><G124/><T9/><D9/><U74/><E74/><V130/><F107/><W96/><G96/><T49/><D120/><U94/><E23/><N who="2" m="15711" /><F51/><W69/><G38/><T25/><D18/><U132/><E132/><V52/><F130/><W65/><G65/><T66/><D85/><U60/><E60/><V54/><F54/><W109/><G88/><T10/><D10/><U43/><E43/><AGARI ba="0,0" hai="13,14,40,43,61,62,69,71,84,87,104,105,109,111" machi="43" ten="25,6400,0" yaku="22,2,52,2" doraHai="36" who="3" fromWho="1" sc="276,0,223,-64,310,0,191,64" /><INIT seed="2,0,0,0,5,87" ten="276,159,310,255" oya="2" hai0="79,12,105,106,59,113,50,67,119,122,38,3,131" hai1="133,26,60,84,63,39,88,20,61,127,44,10,17" hai2="86,64,107,114,22,76,109,8,58,16,117,108,116" hai3="72,27,19,115,36,91,101,57,5,9,6,94,85"/><V55/><F107/><W73/><G36/><T1/><D12/><U130/><E127/><V28/><F28/><W52/><G115/><T97/><D79/><U77/><E133/><V120/><F64/><W47/><G47/><T48/><D97/><U11/><E130/><V0/><F8/><W25/><G101/><T78/><D78/><U14/><E77/><V99/><F99/><W41/><G41/><T102/><D67/><U65/><E39/><V70/><F70/><W32/><G32/><T124/><D38/><U83/><E65/><V125/><F0/><W40/><G40/><T7/><D7/><N who="3" m="2569" /><G73/><T49/><D49/><U37/><E37/><V66/><F66/><W56/><G72/><T53/><D102/><U43/><E43/><V24/><F125/><W54/><G9/><T129/><D124/><U15/><E44/><V110/><F120/><W35/><G35/><T112/><D59/><N who="3" m="22601" /><G27/><T42/><D42/><U82/><E11/><V23/><F23/><AGARI ba="0,0" hai="19,23,25,52,54,85,91,94" m="22601,2569" machi="23" ten="30,3900,0" yaku="8,1,52,1,54,1" doraHai="87" who="3" fromWho="2" sc="276,0,159,0,310,-39,255,39" /><INIT seed="3,0,0,4,1,39" ten="276,159,271,294" oya="3" hai0="124,66,18,85,25,29,23,10,100,2,121,43,91" hai1="40,116,8,79,81,68,31,106,64,16,70,47,7" hai2="84,80,101,3,1,76,108,6,42,125,53,82,74" hai3="135,4,57,51,0,41,61,50,58,48,134,107,105"/><W93/><G4/><T92/><D124/><U78/><E116/><V119/><F108/><W131/><G0/><T35/><D121/><U38/><E106/><V54/><F119/><W120/><G120/><T90/><D66/><U59/><E79/><V112/><F101/><W46/><G93/><T30/><D100/><U45/><E31/><V109/><F109/><W115/><G115/><T19/><D91/><U96/><E96/><V129/><F112/><W113/><G113/><T118/><D118/><U87/><E47/><V128/><F125/><W114/><G114/><T77/><D77/><U103/><E103/><V122/><F122/><W94/><G94/><T117/><D117/><U44/><E44/><V130/><F6/><W126/><G126/><T33/><D33/><U12/><E7/><V17/><F17/><W86/><G86/><T52/><D52/><N who="2" m="20074" /><F42/><W111/><G107/><T132/><D132/><N who="3" m="50729" /><G105/><T63/><D63/><U69/><REACH who="1" step="1"/><E59/><REACH who="1" step="2"/><N who="3" m="22538" /><G111/><T26/><D2/><U65/><AGARI ba="0,1" hai="8,12,16,38,40,45,64,65,68,69,70,78,81,87" machi="65" ten="40,8000,1" yaku="1,1,0,1,52,1,54,1,53,0" doraHai="39" doraHaiUra="21" who="1" fromWho="1" sc="276,-20,149,90,271,-20,294,-40" /><INIT seed="4,0,0,0,5,60" ten="256,239,251,254" oya="0" hai0="2,39,6,34,67,70,83,97,95,21,19,106,48" hai1="71,91,118,0,33,92,27,87,113,45,73,76,127" hai2="26,86,53,75,44,131,35,85,41,82,29,57,14" hai3="132,108,16,89,68,66,3,15,105,17,120,65,63"/><T36/><D106/><U59/><E0/><V107/><F107/><W79/><G3/><T32/><D83/><U69/><E118/><V84/><F131/><W42/><G108/><T49/><D6/><U123/><E123/><V126/><F14/><W117/><G117/><T25/><D2/><U80/><E127/><V96/><F96/><W18/><G120/><T109/><D109/><U62/><E45/><V55/><F126/><W22/><G132/><T20/><D70/><U64/><REACH who="1" step="1"/><E113/><REACH who="1" step="2"/><V5/><F5/><W114/><G114/><T100/><D34/><U7/><E7/><V101/><F101/><W8/><G105/><T99/><D32/><U43/><E43/><V11/><F11/><W54/><G42/><T88/><D21/><U52/><E52/><V38/><REACH who="2" step="1"/><F57/><REACH who="2" step="2"/><N who="3" m="35255" /><G68/><T61/><D100/><U56/><E56/><V130/><F130/><W134/><G134/><T13/><D99/><U47/><E47/><V12/><F12/><W10/><G10/><T122/><D122/><U4/><E4/><V30/><F30/><AGARI ba="0,2" hai="27,30,33,59,62,64,69,71,73,76,80,87,91,92" machi="30" ten="40,2600,0" yaku="1,1,52,1,53,0" doraHai="60" doraHaiUra="115" who="1" fromWho="2" sc="256,0,229,46,241,-26,254,0" /><INIT seed="5,0,0,3,2,14" ten="256,275,215,254" oya="1" hai0="17,93,100,1,118,44,53,65,133,86,48,43,16" hai1="112,12,49,38,125,103,23,80,66,108,74,91,68" hai2="10,99,97,4,19,5,102,134,124,22,33,107,77" hai3="89,132,88,131,105,85,13,67,52,26,87,109,46"/><U122/><E122/><V71/><F134/><W18/><G105/><T3/><D118/><U39/><E108/><V135/><F135/><W83/><G109/><T119/><D119/><U113/><E103/><V31/><F124/><W11/><G132/><T129/><D133/><U130/><E125/><V79/><F71/><W60/><G131/><T81/><D129/><U94/><E130/><V62/><F62/><W127/><G26/><T69/><D69/><U51/><E68/><V59/><F59/><N who="3" m="34919" /><G127/><T58/><D65/><U64/><E74/><V7/><F97/><W98/><G98/><N who="0" m="59471" /><D1/><U45/><E80/><V40/><F40/><W78/><G67/><N who="1" m="25642" /><E91/><N who="3" m="34890" /><G46/><T63/><D3/><U28/><E94/><V84/><F84/><AGARI ba="0,0" hai="11,13,18,78,83,84,85,87" m="34890,34919" machi="84" ten="30,7700,0" yaku="8,1,52,1,54,2" doraHai="14" who="3" fromWho="2" sc="256,0,275,0,215,-77,254,77" /><INIT seed="6,0,0,3,5,61" ten="256,275,138,331" oya="2" hai0="100,60,48,16,59,124,78,79,89,0,40,22,121" hai1="122,28,39,23,6,97,15,18,112,44,51,11,53" hai2="111,132,21,116,35,42,56,88,81,52,33,83,130" hai3="96,92,71,91,17,94,30,113,64,90,63,119,70"/><V134/><F116/><W20/><G30/><T25/><D121/><U95/><E122/><V77/><F42/><W43/><G43/><T73/><D0/><U87/><E112/><V93/><F21/><W32/><G32/><T5/><D5/><U47/><E39/><V115/><F115/><W114/><G71/><T24/><D124/><U2/><E87/><V104/><F104/><W67/><G119/><T26/><D100/><U66/><E28/><V45/><F45/><W10/><G10/><T85/><D73/><U38/><E38/><V102/><F102/><W3/><G3/><T49/><D79/><U118/><E118/><V133/><F130/><W98/><G67/><N who="0" m="39327" /><D78/><U86/><E86/><N who="2" m="52375" /><F111/><W82/><REACH who="3" step="1"/><G82/><REACH who="3" step="2"/><N who="2" m="31241" /><F77/><W29/><G29/><T84/><D40/><U129/><E129/><V57/><F57/><W37/><G37/><T125/><D125/><U76/><E76/><V131/><F131/><W109/><G109/><T117/><D117/><U135/><E44/><V123/><F123/><W46/><G46/><T101/><D101/><U103/><E47/><V74/><F74/><W8/><G8/><T9/><D9/><U7/><E11/><V108/><F108/><W80/><G80/><N who="0" m="49287" /><D85/><U68/><E68/><V34/><F34/><W69/><G69/><T50/><AGARI ba="0,1" hai="16,22,24,25,26,48,49,50" m="49287,39327" machi="50" ten="30,4000,0" yaku="8,1,52,1,54,1" doraHai="61" who="0" fromWho="0" sc="256,50,275,-10,138,-20,321,-10" /><INIT seed="7,0,0,4,0,64" ten="306,265,118,311" oya="3" hai0="2,65,111,8,113,15,127,97,60,30,29,110,96" hai1="57,42,132,120,63,76,14,125,62,124,17,117,78" hai2="104,5,12,128,119,116,69,20,129,135,44,90,23" hai3="36,33,73,28,115,40,27,88,26,103,82,53,92"/><W81/><G40/><T38/><D38/><U84/><E120/><V21/><F104/><W134/><G36/><T75/><D75/><U131/><E42/><V114/><F44/><W9/><G103/><T32/><D2/><U95/><E117/><V11/><F90/><W122/><G122/><T86/><D127/><U1/><E1/><V3/><F69/><W68/><G68/><T34/><D86/><U48/><E132/><V106/><F106/><W0/><G134/><T80/><D80/><U102/><E131/><N who="2" m="50251" /><F135/><W19/><G115/><T46/><D46/><U107/><E107/><V45/><F45/><W49/><G73/><T112/><D32/><U74/><E74/><V31/><F114/><N who="0" m="44138" /><D97/><U50/><E102/><V39/><F39/><W72/><G72/><T67/><D96/><U35/><E63/><V6/><F31/><N who="0" m="11786" /><D34/><U93/><E35/><V99/><F99/><N who="3" m="57735" /><G82/><T52/><D52/><U105/><E105/><V24/><F24/><N who="3" m="18567" /><G81/><T55/><D55/><U118/><E118/><N who="2" m="45099" /><F5/><N who="3" m="1191" /><G19/><AGARI ba="0,0" hai="3,6,11,12,19,20,21,23" m="45099,50251" machi="19" ten="30,3900,0" yaku="19,1,34,2" doraHai="64" who="2" fromWho="3" sc="306,0,265,0,118,39,311,-39" owari="306,40,265,-13,157,-34,272,7" /></mjloggm>