<mjloggm ver="2.3"><GO type="97"/><UN n0="%E8%8D%89%E8%96%99%E7%B4%A0%E5%AD%90" n1="%E3%82%A6%E3%83%AB%E3%83%88%E3%83%A9%E7%AB%8B%E7%9B%B4" n2="%45%76%61%6E%73" n3="%E6%96%AD%E7%BD%AA" dan="15,13,15,13" rate="1955,1832,2002,1847" sx="F,M,M,M"/><TAIKYOKU oya="0"/><INIT seed="0,0,0,4,4,121" ten="250,250,250,250" oya="0" hai0="72,119,28,118,43,120,35,12,55,133,41,19,29" hai1="100,91,11,74,135,15,85,52,48,134,99,61,78" hai2="105,23,10,8,92,18,79,112,4,46,0,128,76" hai3="38,49,75,39,65,108,77,84,47,97,116,81,127" shuffle="mt19937ar,EC29425F,3C4CC2C9,E12A4927,92227540,C04D2637,67AE2571,2B705388,DA513EB6"/><T1/><D72/><U27/><E61/><V37/><F112/><W58/><G116/><T109/><D55/><U6/><E78/><V21/><F105/><W106/><G127/><T51/><D51/><U2/><E74/><V124/><F124/><W70/><G70/><T22/><D43/><U126/><E126/><V130/><F8/><W25/><G25/><N who="0" m="18831" /><D41/><U111/><E27/><V102/><F46/><W20/><G20/><T14/><D120/><U94/><E15/><V86/><F37/><W13/><G13/><N who="0" m="9583" /><D1/><U110/><E52/><V31/><F102/><W129/><G75/><T123/><D123/><U16/><E48/><V96/><F96/><W132/><G106/><T40/><D40/><U24/><E24/><N who="2" m="16783" /><F92/><W104/><G97/><T69/><D69/><U115/><E16/><V36/><F36/><W87/><G104/><T33/><D133/><N who="1" m="50699" /><E115/><V50/><F50/><W113/><G49/><T103/><D33/><U63/><E63/><V54/><F54/><W67/><G67/><T17/><D119/><U34/><E34/><V42/><F42/><W95/><G65/><T73/><D73/><U7/><E7/><V131/><F86/><W80/><G84/><T101/><D118/><U5/><E5/><V68/><F68/><W107/><G87/><T56/><D56/><U89/><E100/><N who="0" m="38473" /><D29/><U57/><E57/><V60/><F60/><W62/><G58/><T90/><D14/><AGARI ba="0,0" hai="0,4,10,14,18,23,76,79,128,130,131" m="16783" machi="14" ten="30,1000,0" yaku="19,1" doraHai="121" who="2" fromWho="0" sc="250,-10,250,0,250,10,250,0" /><BYE who="0" /><INIT seed="1,0,0,3,3,7" ten="240,250,260,250" oya="1" hai0="129,81,49,84,24,131,29,91,36,62,127,112,86" hai1="12,93,114,18,125,40,119,5,33,110,120,53,135" hai2="73,52,123,96,50,82,20,45,90,14,46,68,130" hai3="27,59,106,115,21,89,117,43,2,44,126,72,30" shuffle="mt19937ar,76F373EF,9591727A,053AEFE5,803DF1CE,AE0EDBEE,570897E1,797E92D6,680D06FA"/><U16/><E33/><V107/><F123/><W1/><G115/><T13/><D13/><U42/><E114/><V67/><F130/><W9/><G106/><T133/><D133/><U116/><E120/><V57/><F68/><W113/><G113/><T15/><D15/><U100/><E135/><V64/><F107/><W61/><G72/><T34/><D34/><U71/><E71/><V25/><F14/><W28/><G117/><T69/><D69/><U54/><E125/><V92/><F82/><W6/><G126/><T51/><D51/><U124/><E124/><V75/><F73/><W74/><G74/><T102/><D102/><U3/><E3/><V11/><F75/><W80/><G1/><T99/><D99/><N who="1" m="59503" /><E110/><V47/><REACH who="2" step="1"/><F11/><REACH who="2" step="2"/><W83/><G83/><T19/><D19/><AGARI ba="0,1" hai="19,20,25,45,46,47,50,52,57,64,67,90,92,96" machi="19" ten="40,8000,1" yaku="1,1,2,1,8,1,54,1,53,1" doraHai="7" doraHaiUra="55" who="2" fromWho="0" sc="240,-80,250,0,250,90,250,0" /><INIT seed="2,0,0,1,2,98" ten="160,250,340,250" oya="2" hai0="125,104,7,43,48,135,117,21,94,53,6,90,5" hai1="75,51,8,34,17,27,87,76,107,11,91,39,65" hai2="103,74,63,115,110,96,80,123,116,50,108,99,114" hai3="84,78,40,20,126,132,16,129,128,79,2,42,58" shuffle="mt19937ar,A278D41C,E5BB78CE,AA5CA30F,AB6004E0,53AACC52,575B773E,7888281D,2B60DFFC"/><V13/><F63/><W61/><G2/><T92/><D92/><U32/><E39/><V12/><F50/><W130/><G84/><T121/><D121/><U82/><E107/><V47/><F47/><W120/><G120/><T122/><D122/><U35/><E65/><V77/><F123/><W81/><G81/><T30/><D30/><U66/><E66/><V49/><F49/><W73/><G73/><T44/><D44/><U112/><E112/><V71/><F71/><W3/><G3/><T124/><D124/><U95/><E51/><V10/><F116/><W93/><G93/><T100/><D100/><U89/><E11/><V19/><F13/><N who="3" m="9231" /><G126/><T69/><D69/><U111/><E111/><N who="2" m="42539" /><F96/><W28/><G28/><T67/><D67/><U46/><E46/><V26/><F26/><W29/><G29/><T0/><D0/><U133/><E133/><V88/><F88/><W119/><G132/><T64/><D64/><U127/><E127/><V131/><F131/><W56/><G119/><T22/><D22/><U109/><E109/><V24/><F24/><W72/><G72/><T134/><D134/><U38/><E38/><V97/><F99/><W101/><G101/><T14/><D14/><U4/><E91/><V106/><AGARI ba="0,0" hai="10,12,19,74,77,80,97,103,106,114,115" m="42539" machi="106" ten="30,6000,0" yaku="14,1,10,1,52,1" doraHai="98" who="2" fromWho="2" sc="160,-20,250,-20,340,60,250,-20" /><INIT seed="2,1,0,1,2,67" ten="140,230,400,230" oya="2" hai0="81,74,54,13,34,6,60,84,36,123,130,110,127" hai1="87,57,104,50,9,51,72,44,131,125,58,106,63" hai2="48,97,66,61,77,119,2,38,107,124,105,94,80" hai3="129,118,37,26,49,5,93,19,73,69,78,95,39" shuffle="mt19937ar,2DA14939,A368CD30,CD0566B3,72580A82,950F3EF1,E52EF50A,05244089,FAC97667"/><V24/><F38/><W121/><G118/><T101/><D101/><U0/><E72/><V29/><F119/><W82/><G121/><T35/><D35/><U33/><E33/><V64/><F66/><W11/><G129/><T12/><D12/><U4/><E131/><V40/><F2/><W134/><G134/><T115/><D115/><U43/><E125/><V30/><F124/><W1/><G69/><T62/><D62/><U71/><E87/><V83/><F80/><W28/><G19/><T47/><D47/><U100/><E100/><V102/><F29/><W70/><G70/><T15/><D15/><U7/><E7/><V85/><F48/><W109/><G109/><T10/><D10/><U18/><E18/><V31/><F40/><W114/><G114/><T99/><D99/><U112/><E112/><V16/><F31/><W56/><G37/><T91/><D91/><U75/><E75/><V21/><F30/><W52/><REACH who="3" step="1"/><G39/><REACH who="3" step="2"/><T79/><D79/><U32/><E71/><AGARI ba="1,1" hai="16,21,24,61,64,71,77,83,85,94,97,102,105,107" machi="71" ten="30,5800,0" yaku="7,1,52,1,54,1" doraHai="67" who="2" fromWho="1" sc="140,0,230,-61,400,71,220,0" /><INIT seed="2,2,0,4,3,51" ten="140,169,471,220" oya="2" hai0="44,28,127,26,83,75,34,105,65,81,114,36,38" hai1="4,88,14,124,37,2,113,117,59,85,66,96,71" hai2="60,94,43,5,33,84,106,80,73,93,45,102,39" hai3="7,100,22,129,15,57,103,69,86,10,78,91,109" shuffle="mt19937ar,4291063C,A5D563DD,3C49DB08,42FCC4F1,38145050,E493A443,5D00E250,3F900E3A"/><V54/><F33/><W27/><BYE who="1" /><G109/><T101/><D101/><U25/><E25/><V87/><F73/><W119/><G119/><T115/><D115/><U49/><E49/><V40/><F43/><W23/><G69/><T21/><D21/><U63/><E63/><V107/><F5/><W133/><G133/><T35/><D35/><U50/><E50/><V13/><F13/><W112/><G129/><T31/><D31/><U82/><E82/><V92/><F84/><W131/><G131/><T20/><D20/><U11/><E11/><V118/><F118/><W125/><G125/><T97/><D97/><U122/><E122/><V32/><F32/><W130/><G130/><T120/><D120/><U24/><E24/><V3/><F3/><W52/><G78/><T135/><D135/><U128/><E128/><V89/><REACH who="2" step="1"/><F102/><REACH who="2" step="2"/><W41/><G41/><T62/><D62/><U126/><E126/><V95/><N who="2" m="24064" /><DORA hai="68" /><V48/><F48/><W58/><G15/><T53/><D53/><U90/><E90/><V108/><F108/><W116/><G52/><T29/><D29/><U132/><E132/><V56/><AGARI ba="2,1" hai="39,40,45,54,56,60,80,87,89,106,107" m="24064" machi="56" ten="40,12000,1" yaku="1,1,0,1,52,2,53,1" doraHai="51,68" doraHaiUra="77,110" who="2" fromWho="2" sc="140,-42,169,-42,461,136,220,-42" /><INIT seed="2,3,0,3,1,21" ten="98,127,597,178" oya="2" hai0="70,107,43,23,61,18,24,46,50,80,120,126,79" hai1="67,8,33,14,60,110,135,26,3,37,41,10,122" hai2="82,42,86,48,5,84,52,9,68,78,27,65,85" hai3="7,121,39,98,116,74,109,6,69,106,131,38,95" shuffle="mt19937ar,F0115803,9AEEC81E,88AF3B03,07E6B06D,00A053FD,CCC24270,B3060E3C,05786C26"/><V47/><F27/><W57/><G57/><T58/><D58/><U53/><E53/><V62/><REACH who="2" step="1"/><F42/><REACH who="2" step="2"/><W102/><G121/><T28/><D28/><U15/><E15/><AGARI ba="3,1" hai="5,9,15,47,48,52,62,65,68,78,82,84,85,86" machi="15" ten="30,11600,0" yaku="1,1,2,1,7,1,54,1,53,0" doraHai="21" doraHaiUra="123" who="2" fromWho="1" sc="98,0,127,-125,587,135,178,0" /><INIT seed="2,4,0,5,4,68" ten="98,2,722,178" oya="2" hai0="43,94,103,86,99,108,112,3,16,67,53,11,7" hai1="115,57,59,71,47,83,107,51,27,124,72,116,50" hai2="63,25,26,119,130,117,56,98,21,132,91,4,61" hai3="126,31,101,134,133,22,13,121,40,66,88,6,36" shuffle="mt19937ar,98CBAB48,0B1A127E,4C3D8103,5704AD98,899D3B4E,B69A0317,0441F01B,589FC7E1"/><V79/><F132/><W78/><G121/><T8/><D8/><U105/><E105/><V127/><F130/><W73/><G66/><T37/><D37/><U1/><E1/><V17/><F4/><W129/><G101/><T77/><D77/><U41/><E41/><V89/><F79/><W14/><G78/><T84/><D84/><U95/><E95/><V118/><F127/><W131/><G73/><T125/><D125/><U85/><E85/><V44/><F44/><N who="3" m="23559" /><G88/><T33/><D33/><U62/><E62/><V111/><F111/><W70/><G70/><T15/><D15/><U24/><E24/><V18/><F61/><W38/><G38/><T92/><D92/><U46/><E46/><V74/><F74/><W35/><G6/><T48/><D48/><U55/><E55/><V34/><F34/><W45/><G45/><T39/><D39/><U0/><E0/><V28/><F28/><W52/><G35/><T60/><D60/><U100/><E100/><V42/><F42/><W110/><G126/><T80/><D80/><U5/><E5/><V97/><F89/><W2/><G129/><T54/><D54/><U123/><E123/><V19/><F91/><W128/><G128/><T102/><D102/><U20/><E20/><V87/><F21/><W93/><G131/><T76/><D76/><U10/><E10/><V69/><F69/><W32/><G32/><T49/><D49/><U30/><E30/><V96/><F87/><W23/><G23/><T58/><D58/><U29/><E29/><V81/><F81/><W135/><G135/><T122/><D122/><RYUUKYOKU ba="4,0" sc="98,-10,2,-10,722,30,178,-10" hai2="17,18,19,25,26,56,63,96,97,98,117,118,119" owari="88,-26,-8,-41,752,75,168,-8" /></mjloggm>