<mjloggm ver="2.3"><GO type="97"/><UN n0="%65%69%73%75%6B%65" n1="%E3%82%AF%E3%83%AD%E3%82%B5%E3%82%AE" n2="%E5%AD%90%E9%BE%8D" n3="%E3%82%A6%E3%83%AB%E3%83%88%E3%83%A9%E7%AB%8B%E7%9B%B4" dan="15,15,15,13" rate="1951,1938,1946,1828" sx="F,M,M,M"/><TAIKYOKU oya="0"/><INIT seed="0,0,0,2,2,99" ten="250,250,250,250" oya="0" hai0="62,118,20,109,30,132,24,111,73,129,84,48,131" hai1="91,79,60,105,32,27,42,96,69,72,85,125,75" hai2="115,29,53,8,35,19,52,56,112,89,94,3,38" hai3="133,0,66,110,17,59,40,67,44,88,13,14,49"/><T63/><D73/><U119/><E42/><V104/><F38/><W71/><G0/><T82/><D118/><U11/><E119/><V36/><F104/><W101/><G71/><T31/><D48/><U6/><E125/><V47/><F35/><W108/><G133/><T77/><D31/><U78/><E78/><V80/><F29/><W113/><G113/><T90/><D90/><U15/><E32/><V95/><F95/><W74/><G74/><T22/><D22/><U117/><E117/><V130/><F130/><N who="0" m="49674" /><D132/><U37/><E37/><V54/><F80/><W127/><G88/><T107/><D107/><U87/><E87/><V7/><F19/><W93/><G127/><T61/><AGARI ba="0,0" hai="20,24,30,61,62,63,77,82,84,109,111" m="49674" machi="61" ten="40,2100,0" yaku="19,1" doraHai="99" who="0" fromWho="0" sc="250,21,250,-7,250,-7,250,-7" /><INIT seed="0,1,0,1,0,56" ten="271,243,243,243" oya="0" hai0="135,28,97,121,3,69,5,115,99,49,117,24,50" hai1="71,94,52,9,37,96,53,62,123,16,32,82,17" hai2="78,27,25,64,70,128,0,86,22,98,84,87,65" hai3="33,13,30,10,130,40,81,106,12,21,77,20,133"/><T7/><D115/><U85/><E123/><V126/><F0/><W105/><G106/><T103/><D117/><U19/><E32/><V18/><F126/><W120/><G105/><T80/><D121/><U72/><E72/><V101/><F128/><W122/><G81/><T110/><D80/><U111/><E111/><V39/><F39/><W63/><G40/><T43/><D135/><U92/><E37/><V93/><F27/><W29/><G77/><T58/><D69/><U55/><E9/><V119/><F119/><W91/><G91/><T107/><D99/><U4/><E4/><V42/><F42/><W59/><G59/><T14/><D14/><U76/><REACH who="1" step="1"/><E96/><REACH who="1" step="2"/><V68/><F78/><W60/><G10/><T118/><D97/><U1/><E1/><V67/><AGARI ba="1,1" hai="18,22,25,64,65,67,68,70,84,86,87,93,98,101" machi="67" ten="30,1100,0" yaku="0,1" doraHai="56" who="2" fromWho="2" sc="271,-6,233,-4,243,24,243,-4" /><INIT seed="1,0,0,1,0,50" ten="265,229,267,239" oya="1" hai0="28,62,41,82,89,52,110,48,56,122,26,53,46" hai1="121,74,104,87,72,129,88,103,55,15,29,54,125" hai2="124,116,23,102,131,10,1,0,45,134,108,14,59" hai3="9,135,19,2,86,12,65,109,92,77,114,39,119"/><U35/><E121/><V127/><F116/><W57/><G39/><T38/><D122/><U94/><E125/><N who="2" m="48203" /><F45/><W43/><G2/><N who="2" m="1129" /><F102/><W6/><G114/><T98/><D110/><U37/><E37/><V4/><F108/><W73/><G109/><T22/><D82/><U60/><E60/><V100/><F100/><W126/><G126/><T118/><D118/><U3/><E3/><V80/><F80/><W7/><G119/><T117/><D117/><U111/><E129/><V130/><F59/><W24/><G65/><N who="0" m="39111" /><D38/><U42/><E42/><V71/><F71/><W30/><G57/><T8/><D8/><U115/><E115/><V96/><F96/><W66/><G73/><T61/><D61/><U44/><E44/><V21/><F134/><W79/><G135/><T113/><D113/><U84/><E111/><V69/><F69/><W128/><G128/><AGARI ba="0,0" hai="4,10,14,21,23,128,130,131" m="1129,48203" machi="128" ten="40,8000,1" yaku="19,1,18,1,34,2" doraHai="50" who="2" fromWho="3" sc="265,0,229,0,267,80,239,-80" /><INIT seed="2,0,0,0,3,114" ten="265,229,347,159" oya="2" hai0="123,111,70,8,49,67,71,58,31,13,110,29,113" hai1="1,18,6,89,80,96,83,81,24,68,61,19,33" hai2="92,59,85,116,4,103,12,93,79,86,84,108,50" hai3="30,124,94,75,127,90,25,100,77,99,45,91,10"/><V101/><F4/><W0/><G45/><T135/><D113/><U42/><E42/><V95/><F12/><W32/><G10/><T69/><D123/><U9/><E68/><V55/><F108/><N who="0" m="41514" /><D135/><U73/><E73/><V7/><F7/><W53/><G0/><T76/><D76/><U128/><E128/><V72/><F116/><W118/><G53/><N who="0" m="32047" /><D67/><U38/><E38/><V104/><F104/><W51/><G51/><T40/><D40/><U125/><E33/><V57/><F72/><W106/><G90/><T23/><D23/><U52/><E24/><V36/><F36/><W54/><G54/><T28/><D28/><U109/><E109/><V22/><F22/><W63/><G63/><T102/><D102/><N who="2" m="38922" /><F59/><W64/><G64/><T134/><D134/><U14/><E1/><V107/><F107/><W17/><G17/><AGARI ba="0,0" hai="8,13,17,29,31,69,70,71" m="32047,41514" machi="17" ten="40,1300,0" yaku="14,1" doraHai="114" who="0" fromWho="3" sc="265,13,229,0,347,0,159,-13" /><INIT seed="3,0,0,0,0,94" ten="278,229,347,146" oya="3" hai0="17,97,90,122,119,135,4,12,79,121,61,58,14" hai1="54,115,28,134,7,113,92,118,29,6,98,82,20" hai2="9,48,116,24,72,71,31,64,74,127,25,52,124" hai3="37,39,114,13,56,77,33,1,105,120,49,106,83"/><W19/><G1/><T42/><D119/><U60/><E82/><V55/><F9/><W112/><G33/><T101/><D135/><U78/><E78/><V133/><F116/><W70/><G70/><T80/><D42/><U96/><E92/><V35/><F133/><W89/><G120/><T0/><D90/><U5/><E134/><V129/><F129/><W69/><G69/><T91/><D91/><U22/><E118/><V111/><F111/><W99/><G106/><T93/><D0/><U26/><E113/><V88/><F88/><W18/><G112/><T38/><D38/><U81/><E81/><V8/><F8/><W123/><G123/><T100/><D100/><U102/><E102/><V67/><F24/><W125/><G114/><T117/><D4/><U109/><E109/><V85/><F85/><W65/><G105/><T104/><D104/><U63/><E115/><V43/><F43/><W76/><G39/><T47/><D47/><U50/><E22/><V95/><F95/><N who="3" m="56815" /><G37/><T27/><D117/><U86/><E86/><V41/><F41/><W68/><G68/><T75/><D122/><U23/><E23/><V11/><F11/><N who="3" m="6463" /><G125/><N who="2" m="48201" /><F71/><W57/><G83/><T45/><D121/><U108/><E108/><V84/><F84/><W103/><G103/><T110/><D110/><U16/><E29/><V66/><F55/><N who="3" m="31855" /><G19/><T62/><D17/><U15/><E16/><V131/><F131/><W36/><G36/><T87/><D75/><U53/><E53/><V59/><AGARI ba="0,0" hai="25,31,35,48,52,59,64,66,67,72,74" m="48201" machi="59" ten="30,2000,0" yaku="18,1,54,1" doraHai="94" who="2" fromWho="2" sc="278,-5,229,-5,347,20,146,-10" owari="273,2,224,-13,367,37,136,-26" /></mjloggm>