<mjloggm ver="2.3"><GO type="41"/><UN n0="%73%77%61%6E%62%6F%61%74" n1="%E3%82%A6%E3%83%AB%E3%83%88%E3%83%A9%E7%AB%8B%E7%9B%B4" n2="%E5%8F%A4%E6%B8%85%E6%B0%B4%E5%87%9B" n3="%E5%94%AF%E4%B8%80%E7%B5%B6%E5%AF%BE%E7%A5%9E%E7%9C%8C%E5%8D%97" dan="13,15,14,15" rate="1831,1971,2069,2031" sx="M,M,F,M"/><TAIKYOKU oya="0"/><INIT seed="0,0,0,2,4,26" ten="250,250,250,250" oya="0" hai0="131,135,133,52,127,6,42,119,3,105,31,104,109" hai1="77,70,90,37,114,48,121,49,66,16,2,82,106" hai2="124,107,94,88,111,58,62,0,40,85,98,108,134" hai3="55,39,10,95,53,59,65,1,86,132,92,128,41"/><T72/><D42/><U129/><E2/><V54/><F0/><W27/><G132/><N who="0" m="50763" /><D119/><U63/><E37/><V122/><F134/><W120/><G120/><T61/><D72/><U123/><E106/><V34/><F122/><W64/><G128/><T116/><D116/><U25/><E90/><V28/><F124/><W46/><G27/><T100/><D131/><U93/><E129/><V76/><F40/><W9/><G55/><T7/><D127/><U89/><E114/><V29/><F34/><W14/><G1/><T97/><D109/><N who="2" m="42058" /><F76/><W99/><G86/><T79/><D79/><U23/><E121/><V118/><F118/><W21/><G21/><T50/><D61/><U68/><E68/><V12/><F12/><W13/><G10/><N who="0" m="2399" /><D7/><U78/><E123/><V113/><F113/><W20/><G20/><T56/><D31/><U5/><E5/><V51/><F51/><W30/><G30/><N who="2" m="11881" /><F107/><AGARI ba="0,0" hai="50,52,56,97,100,104,105,107" m="2399,50763" machi="107" ten="30,2900,0" yaku="20,1,54,1" doraHai="26" who="0" fromWho="2" sc="250,29,250,0,250,-29,250,0" /><INIT seed="0,1,0,2,5,22" ten="279,250,221,250" oya="0" hai0="59,6,16,80,15,120,42,3,56,29,132,54,21" hai1="135,32,33,60,55,90,8,51,57,70,117,134,31" hai2="24,53,71,100,111,122,58,47,97,118,49,35,89" hai3="101,107,27,48,94,38,36,130,127,25,95,28,19"/><T2/><D120/><U126/><E8/><V103/><F71/><W87/><G107/><T128/><D42/><U14/><E14/><V105/><F111/><W39/><G127/><T65/><D132/><N who="1" m="50731" /><E117/><V44/><F103/><W92/><G130/><T72/><D128/><U82/><E126/><V74/><F74/><W30/><G101/><T124/><D124/><U45/><E70/><V88/><F118/><W84/><G48/><T125/><D125/><U99/><E31/><N who="3" m="11818" /><G19/><T91/><D65/><U50/><E50/><V34/><F122/><W93/><N who="3" m="24064" /><DORA hai="110" /><W20/><G20/><T69/><D69/><U10/><E99/><V108/><F108/><W86/><AGARI ba="1,0" hai="25,27,36,38,39,84,86,87" m="24064,11818" machi="86" ten="60,12000,2" yaku="29,2,28,2,52,2" doraHai="22,110" who="3" fromWho="3" sc="279,-61,250,-31,221,-31,250,123" /><INIT seed="1,0,0,4,2,42" ten="218,219,190,373" oya="1" hai0="83,8,125,23,115,14,15,87,65,1,61,28,20" hai1="75,5,82,99,85,123,86,30,64,100,96,106,35" hai2="9,60,58,122,51,121,41,59,26,111,103,66,33" hai3="91,67,21,76,118,53,57,84,79,134,29,16,97"/><U131/><E5/><V55/><F111/><W130/><G134/><T63/><D115/><U109/><E30/><V94/><F33/><W129/><G118/><T44/><D125/><U88/><E35/><V113/><F26/><W116/><G116/><T132/><D132/><U50/><E64/><V4/><F113/><W105/><G29/><T101/><D101/><N who="1" m="62759" /><E50/><V98/><REACH who="2" step="1"/><F41/><REACH who="2" step="2"/><W31/><G129/><T25/><D1/><AGARI ba="0,1" hai="1,4,9,51,55,58,59,60,66,94,98,103,121,122" machi="1" ten="30,7700,0" yaku="1,1,2,1,7,1,53,1" doraHai="42" doraHaiUra="6" who="2" fromWho="0" sc="218,-77,219,0,180,87,373,0" /><INIT seed="2,0,0,1,3,58" ten="141,219,267,373" oya="2" hai0="132,131,90,32,115,11,121,33,81,52,118,99,134" hai1="38,51,113,98,26,27,97,64,50,126,8,57,31" hai2="12,60,70,71,119,40,30,86,79,44,103,85,14" hai3="16,122,9,3,76,62,88,5,135,83,107,129,68"/><V104/><F119/><W18/><G122/><T106/><D121/><U35/><E38/><V114/><F114/><W109/><G109/><T49/><D115/><U100/><E113/><V87/><F79/><W34/><G135/><N who="0" m="51755" /><D118/><U123/><E123/><V59/><F30/><W111/><G111/><T73/><D131/><U23/><E126/><V96/><F70/><W124/><G124/><T13/><D106/><U55/><E8/><V75/><F75/><W84/><G129/><T53/><D73/><U120/><E120/><V61/><F71/><W46/><G34/><T7/><D53/><U20/><E35/><V48/><REACH who="2" step="1"/><F60/><REACH who="2" step="2"/><W78/><G68/><T37/><D37/><U82/><E31/><V1/><F1/><W89/><G76/><T101/><D33/><U93/><E51/><V69/><F69/><W0/><G3/><T10/><D32/><U24/><E50/><V127/><F127/><W77/><G78/><T65/><D65/><AGARI ba="0,1" hai="12,14,40,44,48,59,61,65,85,86,87,96,103,104" machi="65" ten="40,7700,0" yaku="1,1,52,1,53,1" doraHai="58" doraHaiUra="94" who="2" fromWho="0" sc="141,-77,219,0,257,87,373,0" /><INIT seed="2,1,0,5,3,53" ten="64,219,344,373" oya="2" hai0="118,98,135,49,66,38,119,133,42,64,105,29,92" hai1="126,115,13,35,57,69,71,2,8,22,113,58,128" hai2="87,3,124,79,36,121,24,47,78,94,20,123,130" hai3="117,82,7,26,101,41,104,100,81,63,110,23,72"/><V54/><F3/><W39/><G117/><N who="0" m="44555" /><D105/><U15/><E22/><V102/><F124/><W103/><G110/><T112/><D29/><U60/><E60/><V40/><F130/><W50/><G104/><T17/><D17/><U90/><E90/><V111/><F111/><W109/><G109/><T12/><D12/><U31/><E128/><V10/><F10/><W51/><G39/><T77/><D77/><U93/><E93/><V84/><F79/><W44/><G72/><T21/><D21/><U52/><E126/><V6/><F6/><W75/><G7/><T67/><D92/><U33/><E52/><V76/><F76/><W83/><G75/><T91/><D91/><U127/><E127/><V16/><F54/><W5/><G5/><T134/><D98/><U19/><E19/><V25/><F25/><W61/><REACH who="3" step="1"/><G51/><REACH who="3" step="2"/><T95/><D38/><U114/><E114/><V62/><F123/><W129/><G129/><T116/><D95/><U59/><E115/><V97/><F121/><W1/><G1/><T27/><D27/><U88/><E113/><V89/><F62/><W18/><AGARI ba="1,1" hai="18,23,26,41,44,50,61,63,81,82,83,100,101,103" machi="18" ten="30,4000,0" yaku="1,1,0,1,8,1,53,0" doraHai="53" doraHaiUra="106" who="3" fromWho="3" sc="64,-11,219,-11,344,-21,363,53" /><INIT seed="3,0,0,5,5,130" ten="53,208,323,416" oya="3" hai0="7,1,53,83,62,22,92,76,39,110,54,14,57" hai1="51,93,63,9,50,46,43,60,101,21,109,19,99" hai2="68,0,52,26,30,90,107,80,34,125,119,23,2" hai3="86,91,11,70,103,31,25,131,32,18,44,61,15"/><W5/><G131/><T124/><D39/><U127/><E127/><V87/><F107/><W71/><G103/><T38/><D38/><U97/><E109/><V126/><F119/><W40/><G61/><T73/><D110/><U114/><E114/><V95/><F68/><W122/><G122/><T134/><D124/><U64/><E9/><V27/><F125/><W55/><G5/><T89/><D1/><U6/><E6/><V56/><F126/><W96/><G96/><T20/><D54/><U36/><E97/><V69/><F69/><W4/><G4/><T59/><D59/><U123/><E123/><V29/><F80/><W16/><G18/><T82/><D82/><U47/><E64/><V42/><REACH who="2" step="1"/><F42/><REACH who="2" step="2"/><W106/><G106/><T113/><D113/><U133/><E36/><V116/><F116/><W13/><G40/><T45/><D45/><U84/><E47/><V104/><F104/><W65/><G71/><T81/><D81/><U28/><E46/><V3/><F3/><W100/><G70/><T94/><D94/><U117/><E43/><V66/><F66/><W24/><G65/><T12/><D7/><U17/><E117/><V128/><F128/><W67/><G67/><T129/><D129/><U77/><BYE who="0" /><E93/><V10/><F10/><W121/><G121/><T111/><D111/><U75/><E75/><V132/><F132/><W48/><G11/><T8/><D8/><U105/><E133/><V79/><F79/><W35/><G44/><T58/><D58/><U74/><E77/><V72/><F72/><W78/><G78/><T41/><D41/><RYUUKYOKU ba="0,1" sc="53,-10,208,-10,313,30,416,-10" hai2="0,2,23,26,27,29,30,34,52,56,87,90,95" /><INIT seed="4,1,1,4,1,49" ten="43,198,343,406" oya="0" hai0="50,19,2,41,73,68,110,101,118,11,92,74,33" hai1="105,83,25,90,56,78,95,16,119,4,133,89,76" hai2="102,100,58,113,96,125,29,7,129,24,70,132,35" hai3="67,43,13,42,38,72,36,12,21,103,112,106,124"/><T134/><D134/><U52/><E105/><V84/><F132/><W122/><G72/><T111/><D111/><U53/><E133/><V60/><F129/><W8/><G112/><T61/><D61/><N who="1" m="35975" /><E119/><V48/><F113/><W30/><G124/><T17/><D17/><U6/><E53/><UN n0="%73%77%61%6E%62%6F%61%74" /><V131/><F125/><W44/><G122/><T18/><D110/><U66/><E66/><V34/><F131/><W22/><G67/><T45/><D68/><U121/><E121/><V128/><F128/><W69/><G69/><T57/><D118/><U81/><E81/><V114/><F114/><W97/><G30/><T108/><D108/><U116/><E116/><V126/><F126/><W59/><G59/><T39/><D33/><U27/><E27/><V3/><F70/><W23/><REACH who="3" step="1"/><G8/><REACH who="3" step="2"/><T93/><D73/><U88/><E95/><V107/><F58/><W10/><G10/><T109/><D109/><U32/><E32/><V120/><F29/><W80/><G80/><T9/><D74/><U51/><E83/><V47/><F120/><W123/><G123/><T63/><D39/><U64/><E64/><V62/><F34/><W14/><G14/><N who="0" m="7503" /><D2/><U87/><E87/><V117/><F84/><W28/><G28/><T75/><D75/><U31/><E31/><V98/><F35/><W5/><G5/><N who="1" m="2154" /><E51/><V77/><F48/><W104/><G104/><T37/><D37/><U15/><E25/><V79/><F24/><W91/><G91/><N who="1" m="23298" /><U46/><DORA hai="82" /><E46/><AGARI ba="1,2" hai="12,13,21,22,23,36,38,42,43,44,46,97,103,106" machi="46" ten="40,2600,0" yaku="1,1,9,1,53,0" doraHai="49,82" doraHaiUra="20,54" who="3" fromWho="1" sc="43,0,198,-29,343,0,396,49" /><INIT seed="5,0,0,4,5,130" ten="43,169,343,445" oya="1" hai0="49,19,64,134,124,90,47,117,126,111,17,93,61" hai1="56,38,37,71,30,120,112,52,28,91,123,132,57" hai2="106,94,59,87,13,78,7,29,92,96,35,63,18" hai3="105,128,98,81,39,84,119,32,34,88,122,83,50"/><U12/><E91/><V133/><F106/><W31/><G39/><T66/><D117/><U24/><E12/><V0/><F0/><W115/><G122/><T48/><D111/><U2/><E2/><V103/><F35/><W75/><G119/><T109/><D109/><U54/><BYE who="0" /><E24/><V33/><F33/><W46/><G115/><T4/><D4/><U114/><REACH who="1" step="1"/><E71/><REACH who="1" step="2"/><V118/><F118/><W97/><G88/><T25/><D25/><U110/><E110/><V6/><F13/><W27/><G128/><T55/><D55/><U58/><E58/><V43/><F59/><W104/><G27/><UN n0="%73%77%61%6E%62%6F%61%74" /><T45/><D90/><U51/><E51/><V40/><F63/><W10/><G50/><T22/><D93/><U131/><E131/><V8/><F92/><W116/><G116/><T68/><D61/><U70/><E70/><V67/><F94/><W73/><G46/><T101/><D68/><U82/><E82/><V108/><F108/><W100/><G100/><T1/><D1/><U14/><E14/><V135/><F103/><W3/><G3/><T69/><D69/><U44/><E44/><V53/><F53/><W102/><G102/><T127/><D101/><U20/><E20/><V107/><F43/><W16/><G10/><T23/><REACH who="0" step="1"/><D124/><REACH who="0" step="2"/><U65/><E65/><V113/><F67/><W42/><G105/><T74/><D74/><U99/><E99/><V80/><F96/><W9/><G104/><T36/><D36/><U121/><E121/><V62/><F107/><W125/><G75/><T5/><D5/><U41/><E41/><V86/><F40/><RYUUKYOKU ba="0,2" sc="33,15,159,15,343,-15,445,-15" hai0="17,19,22,23,45,47,48,49,64,66,126,127,134" hai1="28,30,37,38,52,54,56,57,112,114,120,123,132" /><INIT seed="5,1,2,4,5,50" ten="48,174,328,430" oya="1" hai0="71,47,67,102,60,19,53,75,14,35,43,23,74" hai1="55,38,117,76,132,94,16,10,96,66,114,4,133" hai2="32,125,22,93,39,97,34,126,88,40,87,109,59" hai3="29,129,7,56,90,15,33,72,68,69,3,20,6"/><U77/><E38/><V52/><F109/><W101/><G3/><T123/><D35/><U78/><E66/><V54/><F39/><W89/><G129/><T11/><D123/><U103/><E117/><V135/><F40/><W36/><G36/><T92/><D11/><U110/><E110/><V118/><F118/><W28/><G33/><N who="2" m="12905" /><F135/><N who="1" m="51785" /><E114/><V25/><F59/><W121/><G72/><T9/><D9/><U107/><E107/><V84/><F87/><W8/><G121/><T128/><D128/><U44/><E16/><N who="2" m="12487" /><F84/><W0/><G101/><T91/><D102/><U104/><E104/><V2/><F2/><W26/><G29/><T120/><D120/><U100/><E100/><V42/><F42/><W13/><G68/><T111/><D111/><U112/><E112/><V5/><F5/><W46/><G69/><T1/><D1/><N who="1" m="271" /><E44/><V106/><F106/><W116/><G116/><T108/><D108/><U122/><E122/><V17/><F17/><W119/><G119/><T51/><REACH who="0" step="1"/><D43/><REACH who="0" step="2"/><U58/><E77/><V99/><F99/><AGARI ba="1,3" hai="14,19,23,47,51,53,60,67,71,74,75,91,92,99" machi="99" ten="30,8000,1" yaku="1,1,2,1,7,1,52,1,53,1" doraHai="50" doraHaiUra="64" who="0" fromWho="2" sc="38,113,174,0,328,-83,430,0" /><INIT seed="6,0,0,3,0,22" ten="151,174,245,430" oya="2" hai0="109,30,52,82,73,55,93,80,49,53,19,20,130" hai1="45,97,104,28,76,103,92,116,62,135,44,57,35" hai2="90,26,121,23,106,83,95,71,18,111,119,32,37" hai3="132,99,96,65,70,4,1,68,67,118,86,107,54"/><V48/><F71/><W122/><G118/><T51/><D109/><U131/><E116/><V14/><F37/><W117/><G117/><T21/><D130/><U60/><E131/><V115/><F119/><W127/><G122/><T79/><D93/><U88/><E135/><V29/><F121/><W39/><G132/><T98/><D98/><U66/><E76/><V47/><F111/><W124/><G39/><T126/><D126/><N who="3" m="48169" /><G1/><T46/><D82/><U8/><E8/><V78/><F106/><W31/><G4/><T11/><D55/><U50/><E62/><V34/><F115/><W7/><G7/><T33/><D33/><U77/><E77/><V112/><F112/><W72/><G72/><T120/><D120/><U64/><E64/><N who="3" m="24650" /><G86/><T105/><D105/><U40/><E45/><V108/><F108/><W12/><G54/><T125/><D125/><U81/><E81/><V87/><F34/><W94/><G12/><T38/><D38/><U42/><E42/><V74/><REACH who="2" step="1"/><F47/><REACH who="2" step="2"/><W24/><G107/><T69/><D69/><N who="3" m="26729" /><G94/><T102/><D102/><U59/><E59/><V129/><F129/><W25/><G31/><T58/><D30/><U27/><REACH who="1" step="1"/><E104/><REACH who="1" step="2"/><V128/><F128/><W134/><G134/><T6/><REACH who="0" step="1"/><D19/><REACH who="0" step="2"/><U15/><E15/><AGARI ba="0,3" hai="6,11,15,20,21,46,49,51,52,53,58,73,79,80" machi="15" ten="30,8000,1" yaku="1,1,2,1,7,1,54,1,53,1" doraHai="22" doraHaiUra="0" who="0" fromWho="1" sc="141,110,164,-80,235,0,430,0" /><INIT seed="7,0,0,2,4,75" ten="251,84,235,430" oya="3" hai0="55,15,20,59,132,77,44,25,82,72,109,134,35" hai1="8,42,100,115,67,23,43,1,33,101,14,112,122" hai2="53,11,40,111,28,81,13,92,0,107,30,10,60" hai3="78,73,26,27,32,120,114,56,54,79,117,47,17"/><W52/><G120/><T37/><D109/><U130/><E14/><V50/><F107/><W76/><G117/><T87/><D35/><U129/><E23/><V2/><F111/><W133/><G73/><T39/><D15/><U5/><E8/><V128/><F128/><W57/><G32/><T49/><D72/><U121/><E5/><V41/><F2/><W38/><G38/><T3/><D3/><U66/><E33/><V102/><F0/><W31/><G114/><T80/><D80/><U94/><E94/><V6/><F60/><N who="3" m="35847" /><G133/><N who="0" m="51307" /><D44/><U95/><E95/><V93/><F11/><W125/><G125/><T36/><D36/><U64/><E1/><V68/><F68/><W71/><G71/><T45/><D45/><U65/><E101/><V19/><F6/><W131/><G131/><N who="1" m="50186" /><E100/><V18/><F102/><W113/><G113/><N who="1" m="43594" /><E67/><V7/><F7/><W135/><G135/><T105/><D105/><U74/><E74/><V84/><F92/><W29/><G47/><T22/><D22/><U90/><E90/><V48/><F93/><W61/><G17/><AGARI ba="0,0" hai="17,20,25,37,39,49,55,59,77,82,87" m="51307" machi="17" ten="30,2000,0" yaku="20,1,52,1" doraHai="75" who="0" fromWho="3" sc="251,20,84,0,235,0,430,-20" owari="271,7,84,-42,235,-16,410,51" /></mjloggm>