<mjloggm ver="2.3"><GO type="41"/><UN n0="%E3%82%A6%E3%83%AB%E3%83%88%E3%83%A9%E7%AB%8B%E7%9B%B4" n1="%61%6B%36%39%39" n2="%E4%BF%8A%E8%B6%B3%E3%81%AE%EF%BC%A4%EF%BC%A8" n3="%E3%82%8A%E3%81%A9%E3%82%8B" dan="13,14,13,15" rate="1873,1910,1931,1920" sx="M,M,M,M"/><TAIKYOKU oya="0"/><INIT seed="0,0,0,0,3,25" ten="250,250,250,250" oya="0" hai0="110,92,50,98,115,73,34,133,51,107,120,131,94" hai1="117,113,97,56,108,84,44,32,8,66,41,109,0" hai2="102,87,42,7,78,39,70,48,40,61,80,62,33" hai3="18,121,29,6,69,86,3,43,11,129,22,9,90"/><T30/><D73/><U132/><E117/><V72/><F39/><W130/><G69/><T45/><D120/><U57/><E113/><V104/><F33/><W135/><G43/><T118/><D115/><U134/><E32/><V37/><F37/><W14/><G90/><T124/><D118/><U75/><E75/><V12/><F72/><W54/><G54/><T35/><D35/><U123/><E123/><V112/><F112/><W127/><G86/><T95/><D124/><U77/><E97/><N who="2" m="61519" /><F42/><W82/><G82/><T15/><D131/><N who="3" m="50185" /><G121/><T5/><D133/><N who="1" m="51307" /><E84/><V85/><F85/><W99/><G99/><T126/><D126/><U81/><E81/><V67/><F67/><W31/><G135/><T91/><D110/><N who="1" m="42603" /><E77/><V89/><F89/><W71/><G127/><T63/><D107/><U100/><E100/><V88/><F88/><W64/><G64/><T27/><D63/><U46/><E8/><N who="2" m="4127" /><F70/><W128/><G71/><T49/><REACH who="0" step="1"/><D45/><AGARI ba="0,0" hai="40,45,48,61,62,78,80,87" m="4127,61519" machi="45" ten="30,1000,0" yaku="25,1" doraHai="25" who="2" fromWho="0" sc="250,-10,250,0,250,10,250,0" /><INIT seed="1,0,0,4,3,27" ten="240,250,260,250" oya="1" hai0="111,41,133,78,120,17,24,58,23,125,92,61,43" hai1="79,80,115,90,96,99,14,20,106,108,33,116,5" hai2="84,47,21,98,42,94,8,124,51,16,49,9,131" hai3="87,10,119,4,48,7,110,112,104,3,117,74,121"/><U13/><E33/><V62/><F131/><W132/><G74/><T0/><D0/><U66/><E116/><N who="3" m="44618" /><G112/><T126/><D120/><U67/><E115/><V86/><F124/><N who="0" m="47722" /><D78/><U57/><E106/><V109/><F109/><W69/><G121/><T25/><D133/><U83/><E108/><V6/><F62/><W60/><G110/><T28/><D92/><N who="1" m="56343" /><E99/><V89/><F49/><W103/><G132/><T70/><D70/><U35/><E35/><V127/><F127/><W36/><G7/><T63/><D63/><N who="1" m="38255" /><E67/><V19/><F19/><W76/><G48/><T37/><D37/><U114/><E114/><V40/><F40/><W32/><G32/><N who="0" m="20487" /><D111/><U105/><E105/><V88/><F6/><W129/><G129/><T38/><D38/><U12/><E5/><V107/><F107/><W54/><G36/><T53/><AGARI ba="0,0" hai="17,23,25,41,43,53,58,61" m="20487,47722" machi="53" ten="30,2000,0" yaku="18,1,52,1" doraHai="27" who="0" fromWho="0" sc="240,20,250,-10,260,-5,250,-5" /><INIT seed="2,0,0,2,4,46" ten="260,240,255,245" oya="2" hai0="57,9,88,97,17,0,98,113,106,66,59,39,127" hai1="90,5,82,96,60,85,126,108,135,87,1,68,75" hai2="11,81,30,22,92,121,13,45,111,74,31,69,128" hai3="107,19,32,37,132,6,54,35,50,89,27,55,23"/><V56/><F121/><W40/><G107/><T83/><D39/><U70/><E108/><V52/><F69/><W64/><G132/><T125/><D113/><U134/><E75/><V94/><F111/><W53/><G37/><T102/><D66/><U119/><E119/><V99/><F128/><W112/><G112/><T95/><D59/><U25/><E126/><N who="0" m="48137" /><D57/><U65/><E70/><V130/><F130/><W20/><G6/><T58/><D58/><U79/><E96/><V2/><F2/><W42/><G64/><T91/><D17/><U14/><E25/><V131/><F131/><W124/><G89/><N who="0" m="55535" /><D9/><U21/><E1/><V43/><F74/><W115/><G115/><T18/><D18/><U16/><REACH who="1" step="1"/><E5/><REACH who="1" step="2"/><V76/><F99/><W72/><G72/><T104/><D0/><U133/><E133/><V41/><F31/><W49/><G124/><T120/><D120/><U51/><E51/><N who="3" m="19466" /><G32/><T86/><D106/><U78/><E78/><AGARI ba="0,1" hai="78,83,86,88,91,98,102,104" m="55535,48137" machi="78" ten="30,7700,0" yaku="18,1,34,2,54,1" doraHai="46" who="0" fromWho="1" sc="260,87,230,-77,255,0,245,0" /><INIT seed="3,0,0,4,1,55" ten="347,153,255,245" oya="3" hai0="115,93,20,36,70,113,29,28,94,71,135,62,58" hai1="19,44,49,67,9,100,134,50,54,108,46,131,30" hai2="34,97,35,63,56,128,120,82,51,64,25,85,1" hai3="96,132,61,101,125,0,10,7,107,14,21,98,74"/><W4/><G74/><T72/><D36/><U79/><E108/><V66/><F1/><W23/><G132/><T47/><D47/><U33/><E131/><V129/><F120/><W73/><G73/><T75/><D135/><U104/><E134/><V68/><F97/><W45/><G125/><T27/><D29/><U117/><E117/><V105/><F105/><W69/><G45/><T99/><D75/><U76/><E67/><V123/><F123/><W26/><G98/><T111/><D72/><U15/><E100/><V80/><F25/><W88/><G88/><N who="0" m="55719" /><D94/><U90/><E104/><V133/><F133/><W38/><G38/><T41/><D41/><U24/><E90/><V48/><F63/><W17/><G7/><T89/><D89/><U116/><E116/><V31/><F31/><W5/><G5/><T13/><D13/><U6/><E6/><V83/><F85/><W32/><G23/><T110/><D70/><U40/><AGARI ba="0,0" hai="9,15,19,24,30,33,40,44,46,49,50,54,76,79" machi="40" ten="20,1500,0" yaku="0,1,7,1" doraHai="55" who="1" fromWho="1" sc="347,-4,153,15,255,-4,245,-7" /><INIT seed="4,0,0,5,5,65" ten="343,168,251,238" oya="0" hai0="9,62,109,18,64,60,38,29,122,111,69,81,32" hai1="91,41,50,106,85,76,77,14,16,130,40,96,104" hai2="49,68,87,67,11,42,47,19,13,125,89,43,118" hai3="10,135,123,99,114,23,17,131,22,82,92,95,20"/><T90/><D29/><U98/><E130/><V45/><F125/><W129/><G123/><T56/><D32/><U4/><E106/><V39/><F118/><W24/><G114/><T86/><D38/><U35/><E4/><V57/><F68/><W73/><G135/><T54/><D122/><U103/><E35/><V83/><F67/><W70/><G10/><T6/><REACH who="0" step="1"/><D18/><REACH who="0" step="2"/><U63/><E96/><V115/><REACH who="2" step="1"/><F57/><REACH who="2" step="2"/><W8/><G129/><T5/><D5/><U7/><E7/><V59/><F59/><W101/><G131/><T100/><D100/><U51/><E103/><V133/><F133/><W55/><G101/><T124/><D124/><U48/><E104/><V127/><F127/><W26/><G70/><T12/><AGARI ba="0,2" hai="6,9,12,54,56,60,62,64,69,81,86,90,109,111" machi="12" ten="30,6000,0" yaku="1,1,0,1,52,1,53,0" doraHai="65" doraHaiUra="37" who="0" fromWho="0" sc="333,80,168,-20,241,-20,238,-20" /><INIT seed="4,1,0,5,5,27" ten="413,148,221,218" oya="0" hai0="103,94,111,60,80,33,39,15,57,81,55,135,132" hai1="30,35,0,2,113,121,43,109,125,114,93,89,134" hai2="75,9,4,6,20,50,13,120,21,61,36,76,112" hai3="129,1,44,59,90,52,34,32,42,54,56,96,118"/><T105/><D39/><U102/><E121/><V99/><F120/><W28/><G1/><T19/><D105/><U123/><E123/><V98/><F112/><N who="1" m="43113" /><E109/><V46/><F36/><W67/><G118/><T72/><D33/><U31/><E102/><V29/><F6/><W119/><G119/><T47/><D47/><U104/><E43/><V7/><F7/><W92/><G129/><T115/><D115/><U91/><E104/><V51/><F61/><W12/><G12/><T63/><D63/><U45/><E45/><V24/><F21/><W3/><G3/><N who="1" m="1066" /><E125/><V58/><F75/><W69/><G69/><T48/><D111/><U108/><E134/><N who="0" m="51241" /><D60/><U117/><E117/><V126/><F126/><W22/><G67/><T133/><N who="0" m="51249" /><T124/><DORA hai="23" /><D124/><U53/><E53/><N who="3" m="20586" /><G34/><T74/><D94/><U64/><E64/><V127/><F127/><W73/><G32/><T40/><D103/><U62/><E62/><V11/><F58/><W130/><G130/><T116/><D40/><U95/><E108/><V68/><F68/><W82/><G82/><N who="0" m="31851" /><D116/><U86/><E35/><V100/><F100/><W78/><G92/><N who="1" m="35402" /><E86/><V107/><F107/><W88/><G96/><T101/><D101/><U110/><E110/><V122/><F99/><W65/><G65/><T66/><D66/><U18/><E18/><V84/><F98/><W25/><G78/><T83/><N who="0" m="31859" /><T38/><DORA hai="70" /><D38/><U79/><E79/><V14/><F76/><W10/><G73/><T5/><D5/><U37/><E37/><V106/><F4/><W87/><G87/><T97/><D97/><RYUUKYOKU ba="1,0" sc="413,15,148,15,221,-15,218,-15" hai0="15,19,48,55,57,72,74" hai1="30,31,89,91" /><INIT seed="4,2,0,5,1,113" ten="428,163,206,203" oya="0" hai0="36,19,95,124,37,11,53,94,79,112,119,97,18" hai1="121,62,6,46,102,116,86,60,115,82,68,48,109" hai2="96,98,33,85,4,61,100,125,135,99,130,44,22" hai3="31,23,28,76,49,24,30,118,63,8,15,55,127"/><T108/><D119/><U73/><E109/><V71/><F33/><W34/><G127/><T57/><D112/><U91/><E115/><V78/><F125/><W89/><G76/><T92/><D124/><U69/><E121/><V47/><F4/><W103/><G103/><T32/><D32/><U123/><E123/><V110/><F110/><W39/><G39/><T134/><D134/><U128/><E128/><V65/><F135/><W27/><G63/><T29/><D29/><U26/><E73/><V59/><F130/><W12/><G34/><T2/><D79/><U132/><E132/><V51/><F22/><N who="3" m="15383" /><G118/><T133/><D133/><U10/><E69/><V1/><F1/><W56/><G89/><T81/><D81/><U25/><E102/><V72/><F72/><W66/><G66/><T120/><D120/><U80/><E80/><V107/><F71/><W16/><G15/><T20/><D108/><U101/><E101/><V52/><F78/><W7/><AGARI ba="2,0" hai="7,8,12,16,23,27,30,31,49,55,56" m="15383" machi="7" ten="30,2000,0" yaku="8,1,54,1" doraHai="113" who="3" fromWho="3" sc="428,-12,163,-7,206,-7,203,26" /><INIT seed="5,0,0,1,1,74" ten="416,156,199,229" oya="1" hai0="17,9,10,77,12,104,83,119,68,107,65,28,49" hai1="135,70,29,57,132,24,41,36,88,42,129,8,92" hai2="51,45,11,25,86,114,108,50,1,14,122,99,43" hai3="19,61,0,63,16,39,64,75,93,38,120,95,96"/><U6/><E70/><V15/><F108/><W55/><G120/><T35/><D119/><U52/><E129/><V32/><F122/><W67/><G55/><T18/><D28/><U59/><E59/><V40/><F1/><W54/><G54/><T113/><D35/><U82/><E82/><V13/><F114/><W109/><G96/><T131/><D131/><U78/><E78/><V94/><F86/><W98/><G98/><T34/><D34/><U23/><E36/><V111/><F111/><W44/><G44/><T66/><D113/><U31/><E31/><V116/><F116/><W117/><G117/><T121/><D49/><N who="1" m="30863" /><E8/><V123/><F123/><W134/><G109/><T33/><D33/><U62/><E62/><V72/><F72/><W105/><G105/><T79/><D121/><U130/><E6/><N who="2" m="3319" /><F32/><W60/><G60/><T115/><D115/><U126/><E126/><V110/><F110/><W3/><G134/><N who="1" m="51242" /><E130/><V97/><F25/><W48/><G48/><N who="2" m="18473" /><F99/><AGARI ba="0,0" hai="23,24,29,41,42,88,92,99" m="51242,30863" machi="99" ten="30,5800,0" yaku="20,1,54,2" doraHai="74" who="1" fromWho="2" sc="416,0,156,58,199,-58,229,0" /><INIT seed="5,1,0,0,0,85" ten="416,214,141,229" oya="1" hai0="125,14,79,109,68,49,19,123,124,57,118,71,64" hai1="39,42,46,87,100,103,22,134,86,47,65,130,60" hai2="119,25,38,30,135,12,75,51,4,121,112,63,36" hai3="93,66,115,33,89,97,132,88,90,44,52,0,131"/><U110/><E130/><V82/><F119/><W99/><G33/><T45/><D109/><U27/><E134/><V83/><F121/><W70/><G0/><T24/><D24/><U35/><E35/><V48/><F135/><W11/><G132/><T5/><D5/><U8/><E47/><V96/><F63/><W102/><G131/><T18/><D79/><U23/><E8/><V78/><F83/><W69/><G115/><T41/><D118/><U126/><E126/><N who="0" m="48745" /><D123/><U105/><E22/><V120/><F120/><W128/><G128/><T95/><D95/><U13/><E13/><V7/><F112/><W9/><G66/><T76/><D76/><U91/><E87/><V133/><F133/><W108/><G108/><T3/><D3/><U34/><E34/><V20/><F96/><W106/><G70/><T21/><D19/><U61/><E61/><AGARI ba="1,0" hai="14,18,21,41,45,49,57,61,64,68,71" m="48745" machi="61" ten="30,1000,0" yaku="18,1" doraHai="85" who="0" fromWho="1" sc="416,13,214,-13,141,0,229,0" /><INIT seed="6,0,0,2,1,73" ten="429,201,141,229" oya="2" hai0="135,120,59,15,62,41,119,88,128,72,65,126,50" hai1="124,132,61,7,45,77,110,92,78,2,75,6,81" hai2="53,93,130,117,96,91,113,12,99,42,10,68,101" hai3="118,22,114,52,129,28,57,64,3,94,108,24,67"/><V82/><F117/><W104/><G118/><T60/><D72/><U83/><E110/><V127/><F68/><W39/><G108/><T133/><D120/><U30/><E124/><V9/><F127/><W112/><G39/><T37/><D119/><U26/><E132/><N who="0" m="50761" /><D15/><U102/><E2/><V11/><F113/><N who="3" m="43627" /><G104/><T115/><D88/><U100/><E45/><V34/><F34/><W74/><G3/><T107/><D107/><U111/><E61/><V38/><F130/><W103/><G74/><T58/><D126/><U87/><E111/><V21/><F53/><W121/><G129/><T116/><D116/><U131/><E131/><V25/><F38/><W19/><G19/><T5/><D5/><U97/><REACH who="1" step="1"/><E102/><REACH who="1" step="2"/><V31/><F42/><W43/><G43/><T16/><D128/><U69/><E69/><V18/><REACH who="2" step="1"/><F82/><REACH who="2" step="2"/><W55/><G121/><T40/><D115/><U0/><E0/><V46/><F46/><W49/><G57/><T51/><D37/><U14/><E14/><V134/><F134/><W98/><G24/><T48/><D41/><U105/><E105/><AGARI ba="0,2" hai="9,10,11,12,18,21,25,31,91,93,96,99,101,105" machi="105" ten="30,2900,0" yaku="1,1,7,1,53,0" doraHai="73" doraHaiUra="63" who="2" fromWho="1" sc="429,0,191,-29,131,49,229,0" /><INIT seed="6,1,0,0,4,128" ten="429,162,180,229" oya="2" hai0="46,85,132,16,106,103,124,8,133,98,67,69,102" hai1="77,66,32,12,88,20,108,72,96,109,26,111,2" hai2="39,41,130,3,44,57,84,43,107,116,51,56,27" hai3="129,38,131,59,95,81,17,37,40,122,14,36,117"/><V126/><F107/><W60/><G122/><T97/><D67/><U92/><E2/><V29/><F116/><W65/><G117/><T1/><D69/><U33/><E66/><V0/><F130/><N who="3" m="49675" /><G81/><T112/><D112/><U64/><E12/><V74/><F74/><W114/><G114/><T125/><D46/><U105/><E64/><V9/><F126/><N who="0" m="48746" /><D85/><U19/><REACH who="1" step="1"/><E105/><REACH who="1" step="2"/><V73/><F0/><W120/><G120/><T4/><D16/><U82/><AGARI ba="1,1" hai="19,20,26,32,33,72,77,82,88,92,96,108,109,111" machi="82" ten="40,8000,1" yaku="1,1,2,1,0,1,54,1,53,0" doraHai="128" doraHaiUra="62" who="1" fromWho="1" sc="429,-21,152,93,180,-41,229,-21" /><INIT seed="7,0,0,5,1,78" ten="408,245,139,208" oya="3" hai0="120,69,66,36,49,117,130,118,115,7,24,11,4" hai1="8,93,101,52,123,77,135,34,63,116,35,88,51" hai2="81,6,12,10,92,68,9,31,50,15,44,32,113" hai3="112,129,45,43,22,26,132,39,96,80,83,125,74"/><W107/><G112/><T71/><D49/><U59/><E135/><V13/><F68/><N who="0" m="26186" /><D66/><U95/><E116/><V33/><F113/><W38/><G38/><T29/><D115/><U82/><E123/><V53/><F92/><W3/><G3/><T94/><D94/><U97/><E8/><V42/><F31/><W122/><G122/><T64/><D11/><U108/><E108/><V30/><F30/><W20/><G132/><T40/><D64/><U27/><E27/><V109/><F109/><W28/><G74/><T65/><D65/><U124/><E124/><V87/><F15/><W73/><G73/><T79/><D24/><U14/><E14/><V37/><F37/><W46/><G46/><T100/><D29/><U102/><E102/><V111/><F111/><W18/><G96/><T2/><D100/><U126/><E126/><V114/><F114/><W131/><G125/><T47/><D7/><U62/><E35/><V91/><REACH who="2" step="1"/><F42/><REACH who="2" step="2"/><W133/><G133/><T75/><D120/><U57/><E34/><V25/><F25/><N who="3" m="14487" /><G107/><T55/><D55/><U19/><E19/><AGARI ba="0,1" hai="6,9,10,12,13,19,32,33,44,50,53,81,87,91" machi="19" ten="30,8000,1" yaku="1,1,7,1,25,2,52,1,53,0" doraHai="78" doraHaiUra="127" who="2" fromWho="1" sc="408,0,245,-80,129,90,208,0" owari="408,50,165,-33,219,2,208,-19" /></mjloggm>