<mjloggm ver="2.3"><GO type="193"/><UN n0="%68%6D%74%74" n1="%E3%82%A6%E3%83%AB%E3%83%88%E3%83%A9%E7%AB%8B%E7%9B%B4" n2="%E3%81%AB%E3%82%83%E3%81%82%E3%81%99" n3="%E3%82%87%E3%81%85%CE%B9%E3%82%9B%E3%82%87%E7%84%A1%E5%8F%8C" dan="10,11,12,12" rate="1595,1809,1733,1823" sx="M,M,M,M"/><TAIKYOKU oya="0"/><INIT seed="0,0,0,2,5,116" ten="250,250,250,250" oya="0" hai0="7,127,85,25,35,22,46,58,126,100,29,30,78" hai1="13,12,28,75,128,15,133,115,110,53,10,87,8" hai2="77,98,64,57,118,74,131,33,82,123,70,34,106" hai3="32,97,90,91,107,39,84,63,101,5,31,88,9" shuffle="mt19937ar,1AA41D47,1C860257,F14876E3,35E90C23,2C83008D,7F1651A5,2805EA9F,F41D7979"/><T92/><D100/><U38/><E75/><V99/><F118/><W21/><G39/><T41/><D7/><U37/><E87/><V52/><F131/><W112/><G32/><T108/><D58/><U73/><E53/><V95/><F99/><W113/><G63/><T104/><D104/><U119/><E73/><V93/><F123/><W27/><REACH who="3" step="1"/><G84/><REACH who="3" step="2"/><T55/><D108/><U66/><E38/><V26/><F34/><W23/><G23/><T47/><D35/><U135/><E37/><V49/><F33/><W69/><G69/><T62/><D62/><U20/><E119/><V44/><F70/><W83/><G83/><T71/><D71/><U130/><E20/><V45/><F106/><W121/><G121/><T122/><D122/><U24/><E128/><V134/><F95/><W61/><G61/><T81/><D92/><U94/><E130/><V0/><F0/><AGARI ba="0,1" hai="0,5,9,21,27,31,88,90,91,97,101,107,112,113" machi="0" ten="40,5200,0" yaku="1,1,54,1,53,1" doraHai="116" doraHaiUra="96" who="3" fromWho="2" sc="250,0,250,0,250,-52,240,62" /><INIT seed="1,0,0,0,3,133" ten="250,250,198,302" oya="1" hai0="3,76,41,109,62,55,129,92,85,98,35,89,38" hai1="93,65,64,51,68,66,39,123,27,119,90,73,1" hai2="77,56,0,34,47,127,16,60,36,103,5,106,79" hai3="86,40,100,15,107,67,8,99,125,88,28,10,26" shuffle="mt19937ar,C6322587,F203ED7D,CD431B8A,D53B510E,C8BE04C3,D1C0DA89,A13C7C90,9D430368"/><U132/><E39/><V120/><F120/><W43/><G125/><T124/><D35/><U112/><E73/><V122/><F122/><W78/><G78/><T61/><D3/><U4/><E123/><V72/><F34/><W84/><G84/><T69/><D69/><U126/><E119/><V114/><F114/><W71/><G71/><T59/><D129/><U58/><E112/><V29/><F29/><W33/><G10/><T75/><D109/><U18/><E132/><V128/><F128/><W135/><G67/><T83/><D124/><U117/><E117/><V19/><F127/><W22/><G33/><T104/><D41/><U30/><E126/><V54/><F106/><W12/><G12/><T91/><D38/><U45/><E68/><V94/><F103/><W7/><G135/><T14/><D14/><U13/><E4/><V53/><F94/><AGARI ba="0,0" hai="7,8,15,22,26,28,40,43,86,88,94,99,100,107" machi="94" ten="30,2000,0" yaku="7,1,54,1" doraHai="133" who="3" fromWho="2" sc="250,0,250,0,198,-20,302,20" /><INIT seed="2,0,0,4,1,107" ten="250,250,178,322" oya="2" hai0="75,135,71,85,134,34,28,126,54,84,124,23,41" hai1="18,72,52,133,48,113,55,4,99,45,2,12,22" hai2="73,7,97,92,129,116,120,11,118,17,77,53,110" hai3="123,26,108,15,61,96,39,58,37,57,43,46,20" shuffle="mt19937ar,A20410B7,270B9B01,8C08D288,B297A491,A0051E64,839CF718,FDFE554E,EB8EE282"/><V30/><F120/><W95/><G123/><T31/><D71/><U125/><E72/><V70/><F70/><W3/><G3/><T6/><D41/><U68/><E68/><V105/><F105/><W94/><G108/><T63/><D75/><U25/><E113/><V82/><F129/><W65/><G39/><T38/><D38/><U5/><E125/><V9/><F110/><W60/><G15/><T111/><D54/><U117/><E117/><V132/><F132/><N who="0" m="50730" /><D63/><U64/><E64/><V50/><F30/><N who="0" m="11306" /><D111/><U59/><E133/><V81/><F82/><W109/><G96/><T66/><D66/><U119/><E119/><V93/><F17/><W76/><G76/><T74/><D74/><U106/><E2/><V83/><F81/><W36/><G36/><T86/><D23/><U35/><E35/><V0/><F11/><W32/><G32/><T69/><D6/><U121/><E121/><V128/><F128/><W62/><G62/><T56/><D56/><U44/><E44/><V8/><F8/><W80/><G80/><T91/><D69/><U13/><E5/><V40/><F40/><W102/><G102/><T127/><D34/><U1/><E4/><V14/><F0/><W122/><G122/><T88/><AGARI ba="0,0" hai="84,85,86,88,91,124,126,127" m="11306,50730" machi="88" ten="50,8000,1" yaku="28,2,18,1,20,1,54,1" doraHai="107" who="0" fromWho="0" sc="250,80,250,-20,178,-40,322,-20" /><INIT seed="3,0,0,2,4,73" ten="330,230,138,302" oya="3" hai0="8,37,62,35,120,134,108,58,7,3,75,28,66" hai1="79,92,5,135,42,84,102,22,64,27,110,124,51" hai2="36,74,91,12,114,50,76,116,10,23,97,106,21" hai3="19,96,104,38,49,29,52,87,18,105,20,43,33" shuffle="mt19937ar,9D98B0FA,309088D5,5F96AAD8,F2BDE6DA,F389EE81,64131602,E0DFF55D,B93D2DC5"/><W26/><G19/><T132/><D120/><U69/><E69/><V80/><F116/><W90/><G43/><T45/><D75/><U115/><E115/><V112/><F114/><W88/><G96/><T81/><D81/><U94/><E124/><V68/><F112/><W119/><G119/><T131/><D131/><U59/><E135/><N who="0" m="51753" /><D108/><U40/><E110/><V11/><F68/><W44/><G90/><T107/><D107/><U13/><E5/><V57/><F36/><W129/><G129/><T15/><D45/><U47/><E13/><V56/><F57/><W9/><G9/><T121/><D37/><U78/><E42/><V65/><F10/><W60/><G60/><T95/><D95/><U46/><E46/><V31/><F31/><W93/><REACH who="3" step="1"/><G38/><REACH who="3" step="2"/><T111/><D121/><U127/><E127/><V0/><F0/><W32/><G32/><T30/><D111/><U99/><E92/><V83/><F106/><W16/><G16/><T72/><D72/><U85/><E84/><V14/><F14/><AGARI ba="0,1" hai="14,18,20,26,29,33,44,49,52,87,88,93,104,105" machi="14" ten="30,11600,0" yaku="1,1,7,1,54,2,53,0" doraHai="73" doraHaiUra="63" who="3" fromWho="2" sc="330,0,230,0,138,-116,292,126" owari="330,8,230,-12,22,-38,418,42" /></mjloggm>