<mjloggm ver="2.3"><GO type="97"/><UN n0="%E2%98%85%E3%81%BF%E3%82%84%E2%98%85" n1="%E3%82%A6%E3%83%AB%E3%83%88%E3%83%A9%E7%AB%8B%E7%9B%B4" n2="%E6%83%91%E6%98%9F%E6%B3%A8" n3="%E8%98%87%E3%82%8A%E3%81%AE%E7%8D%85%E7%8E%8B" dan="15,15,14,14" rate="2008,1954,1906,1925" sx="M,M,M,M"/><TAIKYOKU oya="0"/><INIT seed="0,0,0,2,5,134" ten="250,250,250,250" oya="0" hai0="31,91,55,85,99,113,41,38,35,128,132,79,88" hai1="93,69,82,13,89,34,52,18,46,78,62,117,37" hai2="30,14,43,131,0,81,42,95,71,7,83,105,49" hai3="115,23,103,70,109,104,133,80,75,116,87,48,72"/><T22/><D35/><U114/><E34/><V130/><F105/><W4/><G48/><T118/><D113/><U36/><E117/><V21/><F71/><W1/><G23/><T120/><D118/><U124/><E114/><V122/><F122/><W26/><G26/><T19/><D31/><U97/><E124/><V96/><F0/><W47/><G47/><T25/><D120/><U119/><E119/><V59/><F7/><W92/><G4/><T76/><D128/><N who="2" m="49194" /><F59/><W51/><G51/><T57/><D132/><U67/><E46/><N who="2" m="25815" /><F43/><W100/><G1/><T121/><D41/><U86/><REACH who="1" step="1"/><E52/><REACH who="1" step="2"/><V53/><F53/><W33/><G115/><T64/><D55/><U27/><E27/><N who="2" m="16751" /><F14/><W12/><G12/><T40/><D40/><U73/><E73/><V123/><F123/><W15/><G133/><T135/><D121/><U61/><E61/><V11/><F11/><AGARI ba="0,1" hai="11,13,18,36,37,62,67,69,78,82,86,89,93,97" machi="11" ten="30,2000,0" yaku="1,1,7,1,53,0" doraHai="134" doraHaiUra="54" who="1" fromWho="2" sc="250,0,240,30,250,-20,250,0" /><INIT seed="1,0,0,1,5,101" ten="250,270,230,250" oya="1" hai0="129,10,122,38,34,63,59,56,89,80,112,76,85" hai1="134,66,14,40,42,115,17,82,9,44,114,30,49" hai2="25,46,69,62,84,50,36,24,32,12,127,19,3" hai3="57,99,98,132,117,48,128,121,37,20,7,83,107"/><U29/><E134/><V8/><F36/><W124/><G37/><T13/><D34/><U97/><E114/><V54/><F127/><W100/><G121/><T105/><D38/><U47/><E115/><V133/><F133/><W52/><G132/><T58/><D112/><U118/><E118/><V65/><F32/><W15/><G117/><T130/><D122/><U26/><E66/><V75/><F75/><W31/><G128/><N who="0" m="49259" /><D105/><U74/><E97/><V21/><F84/><W4/><G124/><T86/><D86/><U88/><E88/><V91/><F91/><W16/><G31/><T102/><D102/><U11/><E11/><V33/><F33/><W1/><G1/><T55/><D89/><U43/><E30/><V22/><F3/><W125/><G125/><T93/><D93/><U87/><E87/><V27/><AGARI ba="0,0" hai="8,12,19,21,22,24,25,27,46,50,54,62,65,69" machi="27" ten="30,1100,0" yaku="0,1" doraHai="101" who="2" fromWho="2" sc="250,-3,270,-5,230,11,250,-3" /><INIT seed="2,0,0,0,5,106" ten="247,265,241,247" oya="2" hai0="40,54,69,122,47,36,119,42,107,100,45,93,51" hai1="76,13,15,18,24,127,82,102,20,114,109,86,34" hai2="6,64,37,118,67,35,38,21,71,103,17,89,23" hai3="95,31,50,48,98,65,91,3,52,0,12,39,2"/><V29/><F118/><W125/><G125/><T135/><D107/><U1/><E1/><V96/><F6/><W99/><G39/><N who="2" m="14857" /><F89/><W16/><G31/><T9/><D69/><U46/><E114/><V120/><F17/><W77/><G77/><T74/><D122/><U62/><E127/><V87/><F87/><W25/><G65/><T130/><D119/><U28/><E102/><V27/><F67/><W7/><G99/><T44/><D100/><U121/><E121/><V92/><F92/><W117/><G117/><T108/><D93/><U90/><E62/><N who="2" m="40343" /><F120/><W112/><G112/><T5/><D36/><U73/><E46/><V57/><F57/><W80/><G80/><T97/><D44/><U58/><E58/><V101/><F101/><W133/><G7/><T115/><D45/><U104/><E104/><N who="2" m="63591" /><F23/><W10/><G25/><T4/><D47/><U41/><E41/><V84/><F21/><W123/><G123/><T79/><D4/><U59/><E59/><V129/><F84/><W32/><G32/><T49/><D5/><U94/><REACH who="1" step="1"/><E15/><REACH who="1" step="2"/><V30/><F129/><W53/><REACH who="3" step="1"/><G133/><REACH who="3" step="2"/><T61/><D135/><U63/><E63/><V128/><F128/><W55/><AGARI ba="0,2" hai="0,2,3,10,12,16,48,50,52,53,55,91,95,98" machi="55" ten="40,12000,2" yaku="1,1,2,1,0,1,54,2,53,1" doraHai="106" doraHaiUra="14" who="3" fromWho="3" sc="247,-30,255,-30,241,-60,237,140" /><INIT seed="3,0,0,0,3,54" ten="217,225,181,377" oya="3" hai0="2,26,73,102,10,68,28,132,127,24,14,38,92" hai1="60,71,22,96,48,109,23,77,20,119,21,51,116" hai2="69,55,87,7,30,57,107,32,106,3,45,61,110" hai3="111,39,8,49,78,33,16,80,47,129,29,59,108"/><W13/><G129/><T94/><D38/><U117/><N who="1" m="5632" /><DORA hai="82" /><U90/><E109/><N who="3" m="42058" /><G39/><T113/><D68/><U6/><E6/><V53/><F110/><W89/><G89/><T123/><D73/><U103/><E77/><V131/><F69/><W44/><G33/><T95/><D102/><U46/><E90/><V15/><F3/><W91/><G29/><T75/><D2/><U62/><E71/><V17/><F7/><W118/><G118/><N who="1" m="30210" /><U43/><DORA hai="133" /><E48/><V5/><F5/><W99/><G99/><T122/><D28/><U97/><E97/><V76/><F131/><W35/><G91/><T36/><D36/><U12/><E12/><V93/><F76/><W25/><G35/><T100/><D122/><U66/><E66/><V84/><F30/><W70/><G70/><T40/><D123/><U67/><E67/><N who="2" m="39343" /><F107/><AGARI ba="0,0" hai="43,46,51,60,62,96,103,107" m="30210,5632" machi="107" ten="60,2000,0" yaku="12,1" doraHai="54,82,133" who="1" fromWho="2" sc="217,0,225,20,181,-20,377,0" owari="217,-18,245,5,161,-34,377,47" /></mjloggm>