<mjloggm ver="2.3"><GO type="97"/><UN n0="%E5%91%AA%E5%A4%A2%E5%8D%83%E5%B9%B4" n1="%E4%BA%86" n2="%61%71%75%6F%73" n3="%E3%82%A6%E3%83%AB%E3%83%88%E3%83%A9%E7%AB%8B%E7%9B%B4" dan="16,14,13,13" rate="1931,1914,1862,1826" sx="F,M,M,M"/><TAIKYOKU oya="0"/><INIT seed="0,0,0,0,3,114" ten="250,250,250,250" oya="0" hai0="26,102,70,34,71,20,90,75,72,84,24,41,33" hai1="124,36,121,116,17,65,47,46,93,32,68,109,28" hai2="98,76,86,115,66,94,4,99,105,88,1,95,23" hai3="110,19,119,103,118,92,113,54,52,96,2,55,112"/><T61/><D41/><U97/><E121/><V129/><F115/><W58/><G2/><T27/><D102/><U57/><E68/><V45/><F66/><W31/><G112/><T56/><D71/><U78/><E109/><V81/><F1/><W89/><G113/><T132/><D70/><U111/><E111/><V3/><F3/><W13/><G110/><T50/><D132/><U22/><E124/><V73/><F4/><W128/><G31/><T63/><D50/><U64/><E32/><V134/><F45/><N who="1" m="16905" /><E36/><V49/><F49/><W60/><G128/><T15/><D34/><U126/><E116/><V51/><F51/><W30/><G30/><T25/><D33/><U11/><E28/><V29/><F23/><W133/><G133/><T59/><N who="0" m="6144" /><DORA hai="7" /><T80/><D20/><U117/><E117/><V74/><F134/><W48/><G103/><T100/><D100/><N who="1" m="60463" /><E78/><V37/><F37/><W91/><G91/><T107/><D107/><U79/><E79/><V67/><F67/><N who="1" m="25673" /><E126/><V130/><F29/><W0/><G0/><T44/><D44/><U10/><E57/><V35/><F35/><W120/><G120/><T69/><D69/><U77/><E77/><V106/><F130/><W43/><G43/><T104/><D104/><N who="2" m="40042" /><F129/><W127/><G127/><T122/><D122/><U135/><E135/><V62/><F62/><N who="0" m="23562" /><D75/><U9/><E22/><V38/><F38/><W53/><REACH who="3" step="1"/><G48/><REACH who="3" step="2"/><T87/><D90/><AGARI ba="0,1" hai="73,74,76,81,86,88,90,94,95,98,99" m="40042" machi="90" ten="30,12000,2" yaku="35,5,54,1" doraHai="114,7" who="2" fromWho="0" sc="250,-120,250,0,250,130,240,0" /><INIT seed="1,0,0,5,0,58" ten="130,250,380,240" oya="1" hai0="23,27,105,55,87,76,7,51,79,120,126,103,90" hai1="116,109,30,84,100,14,118,112,15,86,43,117,11" hai2="44,61,73,8,68,135,125,83,95,123,102,62,132" hai3="111,131,17,119,108,32,115,70,60,122,45,97,74"/><U56/><E112/><V67/><F123/><W128/><G17/><T0/><D126/><U42/><E100/><V20/><F125/><W99/><G45/><T9/><D120/><U89/><E30/><V49/><F8/><W16/><G16/><T77/><D105/><U78/><E78/><V3/><F3/><W81/><G60/><T85/><D103/><U121/><E121/><V6/><F6/><W38/><G81/><T107/><D107/><U50/><E109/><V21/><F73/><W129/><G129/><T72/><D72/><U110/><E110/><V93/><F83/><W29/><G29/><T69/><D69/><U63/><E50/><V66/><F102/><W12/><G12/><T59/><REACH who="0" step="1"/><D90/><REACH who="0" step="2"/><U26/><E89/><V33/><F68/><W46/><G128/><T124/><D124/><U36/><E117/><V133/><F33/><W134/><G111/><T54/><D54/><U57/><E36/><V64/><F93/><W88/><G88/><T101/><D101/><U13/><E11/><V41/><F95/><W92/><G92/><T48/><D48/><U5/><E5/><V24/><F21/><W31/><G97/><T22/><D22/><U91/><E91/><V113/><F113/><W52/><G99/><T98/><D98/><U18/><E118/><V80/><F80/><W34/><G52/><T82/><D82/><U96/><E116/><V28/><AGARI ba="0,1" hai="20,24,28,41,44,49,61,62,64,66,67,132,133,135" machi="28" ten="40,8000,1" yaku="0,1,20,1,52,2" doraHai="58" who="2" fromWho="2" sc="120,-20,250,-40,380,90,240,-20" /><INIT seed="2,0,0,3,3,61" ten="100,210,470,220" oya="2" hai0="2,95,6,42,119,35,50,65,37,1,20,82,12" hai1="39,57,0,66,28,56,84,87,47,125,19,85,120" hai2="32,54,134,58,51,86,8,52,22,74,64,135,23" hai3="122,77,3,73,70,7,94,104,43,113,80,130,10"/><V117/><F32/><W24/><G94/><T129/><D119/><U4/><E125/><V98/><F74/><W133/><G122/><T83/><D35/><U21/><E120/><V9/><F117/><W62/><G24/><T55/><D129/><U76/><E28/><V118/><F118/><W31/><G31/><T105/><D105/><U128/><E128/><V27/><F98/><W45/><G130/><T68/><D2/><U13/><E0/><V71/><F71/><W60/><G113/><T100/><D1/><U53/><E4/><V46/><F23/><W96/><G133/><N who="2" m="50697" /><F86/><W26/><G26/><T33/><D33/><U111/><E111/><V107/><F107/><W38/><REACH who="3" step="1"/><G70/><REACH who="3" step="2"/><T79/><D95/><U114/><E114/><V75/><F75/><W72/><G72/><T49/><D100/><AGARI ba="0,1" hai="3,7,10,38,43,45,60,62,73,77,80,96,100,104" machi="100" ten="40,5200,0" yaku="1,1,25,2,53,0" doraHai="61" doraHaiUra="63" who="3" fromWho="0" sc="100,-52,210,0,470,0,210,62" /><INIT seed="3,0,0,0,5,73" ten="48,210,470,272" oya="3" hai0="134,49,41,113,99,5,87,32,122,61,107,44,64" hai1="36,42,123,131,58,98,97,127,66,34,81,6,10" hai2="101,121,57,109,68,3,105,0,2,103,33,28,20" hai3="63,31,30,1,18,91,116,112,95,54,19,133,93"/><W129/><G1/><T92/><D92/><U124/><E123/><V67/><F109/><W110/><G116/><T25/><D25/><U21/><E34/><V77/><F121/><W56/><G112/><T35/><D35/><U8/><E131/><V23/><F101/><W78/><G133/><T130/><D130/><U22/><E81/><V16/><F23/><W55/><G129/><T43/><D43/><U4/><E58/><V47/><F47/><W102/><G110/><T29/><D29/><U100/><E42/><V79/><F68/><W15/><G102/><T89/><D89/><U69/><E100/><V60/><F33/><W72/><G72/><T26/><D26/><U85/><E85/><V117/><F117/><W59/><G91/><T86/><D5/><U135/><E66/><V126/><F126/><W70/><G15/><T118/><D32/><U51/><E51/><V11/><F11/><W84/><G84/><T17/><D17/><U115/><E69/><V74/><F74/><W96/><G96/><T82/><D113/><U104/><E104/><V94/><F105/><W90/><G90/><N who="0" m="51543" /><D122/><U71/><E71/><V39/><F39/><W27/><G70/><N who="0" m="42255" /><D118/><U37/><REACH who="1" step="1"/><E115/><REACH who="1" step="2"/><V9/><F103/><W108/><G108/><T14/><D87/><U48/><E48/><V114/><F114/><W132/><G59/><T88/><D107/><U76/><E76/><V80/><F67/><W50/><G56/><T65/><D65/><U62/><E62/><V13/><F60/><W46/><G63/><T53/><D134/><AGARI ba="0,1" hai="4,6,8,10,21,22,36,37,97,98,124,127,134,135" machi="134" ten="25,3200,0" yaku="1,1,22,2,53,0" doraHai="73" doraHaiUra="125" who="1" fromWho="0" sc="48,-32,200,42,470,0,272,0" owari="16,-38,242,-11,470,47,272,2" /></mjloggm>