<mjloggm ver="2.3"><GO type="193"/><UN n0="%E7%B4%B0%E8%85%95%E3%82%A2%E3%83%88%E3%83%A0" n1="%68%69%79%6F%74%6F%61%65" n2="%E3%83%9D%E3%83%B3%E3%83%9D%E3%83%B3%E3%83%97%E3%83%A8%E3%83%97%E3%83%A8" n3="%E3%82%A6%E3%83%AB%E3%83%88%E3%83%A9%E7%AB%8B%E7%9B%B4" dan="12,12,10,12" rate="1680,1733,1442,1830" sx="M,M,M,M"/><TAIKYOKU oya="0"/><INIT seed="0,0,0,3,5,83" ten="250,250,250,250" oya="0" hai0="95,45,107,19,102,20,2,81,26,66,93,51,85" hai1="123,100,87,106,58,18,124,94,48,30,22,101,14" hai2="27,11,103,10,17,90,37,92,40,50,55,4,70" hai3="134,16,28,72,39,104,76,43,23,109,99,118,56" shuffle="mt19937ar,68385825,C7E525D9,AA4C348A,923EBA2A,33270548,48A5FCB5,186978D9,BC839993"/><T34/><D2/><U75/><E123/><V96/><F70/><W129/><G118/><T46/><D107/><U114/><E75/><V33/><F33/><W74/><G28/><T59/><D34/><U12/><E124/><V86/><F11/><W68/><G68/><T8/><D8/><U64/><E114/><V53/><F17/><W60/><G43/><T97/><D93/><U133/><E133/><V125/><F125/><W29/><G39/><T25/><D25/><U38/><E38/><V5/><F27/><W62/><G29/><T52/><REACH who="0" step="1"/><D66/><REACH who="0" step="2"/><U57/><E106/><V71/><F71/><W49/><G104/><T121/><D121/><U21/><E64/><V3/><F5/><W112/><G112/><T65/><D65/><U44/><E30/><V132/><F132/><W79/><G134/><T135/><D135/><U9/><E101/><V32/><F37/><W128/><G128/><T7/><D7/><N who="1" m="3135" /><E22/><V54/><F32/><W69/><G129/><T91/><AGARI ba="0,1" hai="19,20,26,45,46,51,52,59,81,85,91,95,97,102" machi="91" ten="20,18000,2" yaku="1,1,0,1,7,1,8,1,52,1,54,1,53,0" doraHai="83" doraHaiUra="108" who="0" fromWho="0" sc="240,190,250,-60,250,-60,250,-60" /><INIT seed="0,1,0,4,3,39" ten="430,190,190,190" oya="0" hai0="66,56,122,8,133,13,118,64,110,104,65,28,2" hai1="59,30,71,63,20,121,9,102,69,86,78,111,95" hai2="98,97,109,92,96,19,84,113,114,62,40,3,90" hai3="126,79,0,7,26,49,4,10,127,88,99,100,105" shuffle="mt19937ar,5F97FA87,93049D4B,EF4F472F,95B44239,34DEAD7D,F1F0A917,CB49509E,9F7A9FB3"/><T1/><D118/><U72/><E121/><V67/><F113/><W135/><G79/><T116/><D116/><U58/><E111/><V12/><F114/><W35/><G7/><T54/><D122/><U125/><E72/><V129/><F109/><W131/><G49/><T32/><D104/><U17/><E125/><V36/><F129/><W55/><G55/><T52/><D133/><U80/><E58/><V11/><F3/><W57/><G57/><T103/><D103/><U22/><E9/><V130/><F130/><W81/><G131/><T14/><D110/><U24/><E102/><V68/><REACH who="2" step="1"/><F96/><REACH who="2" step="2"/><W132/><G127/><T27/><D2/><U53/><REACH who="1" step="1"/><E95/><REACH who="1" step="2"/><V44/><AGARI ba="1,2" hai="11,12,19,36,40,44,62,67,68,84,90,92,97,98" machi="44" ten="30,7900,0" yaku="1,1,2,1,0,1,52,1,53,0" doraHai="39" doraHaiUra="46" who="2" fromWho="2" sc="430,-40,180,-21,180,102,190,-21" /><INIT seed="1,0,0,3,2,115" ten="390,159,282,169" oya="1" hai0="5,50,79,124,18,4,112,47,58,104,9,8,130" hai1="134,3,75,46,114,60,92,33,66,93,55,28,83" hai2="43,27,74,69,78,22,26,123,70,52,23,122,17" hai3="110,24,48,45,125,105,42,62,34,13,87,126,77" shuffle="mt19937ar,F1B37C68,C38433A8,AFF95D48,C8040888,C8CDA20C,0D9A383E,E0A1D1A8,CD58C512"/><U98/><E114/><V117/><F122/><W21/><G105/><T30/><D104/><U6/><E134/><V94/><F117/><W64/><G110/><T95/><D124/><U59/><E92/><V116/><F123/><W65/><G34/><T120/><D120/><U90/><E3/><V76/><F116/><W97/><G97/><T102/><D130/><U132/><E132/><V0/><F0/><W101/><G101/><T100/><D58/><U103/><E6/><V82/><F78/><W72/><G13/><T99/><D112/><U113/><E113/><V56/><F43/><W31/><G72/><T128/><D128/><U106/><E28/><V15/><F15/><W10/><G10/><T2/><D102/><U89/><E33/><V44/><F44/><W16/><G31/><T119/><D119/><U29/><E29/><V129/><F129/><W108/><G108/><T91/><D79/><N who="1" m="44543" /><E89/><V39/><F39/><W73/><G73/><T11/><D30/><U109/><E109/><V71/><F71/><W61/><G87/><T32/><D32/><U36/><E36/><V7/><F7/><W25/><G77/><T68/><D68/><U118/><E118/><V107/><F107/><W20/><G20/><T53/><D2/><U85/><E46/><V80/><F80/><W63/><REACH who="3" step="1"/><G25/><REACH who="3" step="2"/><T41/><D100/><U38/><E38/><V67/><F67/><AGARI ba="0,1" hai="16,21,24,42,45,48,61,62,63,64,65,67,125,126" machi="67" ten="40,5200,0" yaku="1,1,2,1,54,1,53,0" doraHai="115" doraHaiUra="86" who="3" fromWho="2" sc="390,0,159,0,282,-52,159,62" /><AGARI ba="0,0" hai="55,59,60,66,67,85,90,93,98,103,106" m="44543" machi="67" ten="30,1500,0" yaku="24,1" doraHai="115" who="1" fromWho="2" sc="390,0,159,15,230,-15,221,0" /><INIT seed="1,1,0,4,4,134" ten="390,174,215,221" oya="1" hai0="12,57,5,75,126,31,35,103,96,15,69,123,52" hai1="127,88,86,106,80,24,125,67,59,9,102,6,39" hai2="22,112,26,71,60,49,83,3,128,66,93,95,78" hai3="40,114,122,16,55,135,19,10,0,82,121,99,30" shuffle="mt19937ar,C58E4248,1A8B8A26,62E817A3,7AB904A8,7825C3DA,50D503D3,7BD0941D,3D08D5A0"/><U76/><E39/><V120/><F120/><W111/><G40/><T32/><D75/><N who="1" m="43039" /><E24/><V29/><F3/><W116/><G55/><T104/><D123/><U13/><E59/><V56/><F112/><W47/><G99/><T18/><D69/><U11/><E67/><V42/><F128/><W110/><G82/><T51/><D5/><U58/><E58/><V94/><F94/><W62/><G47/><T90/><D35/><U118/><E118/><V130/><F130/><W61/><G62/><T48/><D15/><U91/><E11/><V27/><F27/><W131/><G61/><T20/><D31/><U38/><E38/><V92/><F92/><W85/><G85/><T46/><D32/><U33/><E33/><V117/><F117/><W50/><G50/><T74/><D74/><U133/><E133/><V28/><F28/><W54/><G54/><T64/><D64/><U77/><E77/><V44/><REACH who="2" step="1"/><F56/><REACH who="2" step="2"/><W7/><G131/><T8/><D8/><U89/><E106/><V1/><F1/><W108/><G116/><T21/><D21/><U109/><E102/><V25/><F25/><W37/><G135/><T98/><D98/><U124/><E109/><V101/><F101/><W45/><G30/><T41/><D90/><U119/><E119/><V97/><F97/><W72/><G114/><T79/><REACH who="0" step="1"/><D79/><REACH who="0" step="2"/><U43/><E43/><V36/><F36/><W115/><G115/><T81/><D81/><AGARI ba="1,2" hai="6,9,13,81,86,88,89,91,124,125,127" m="43039" machi="81" ten="30,12000,1" yaku="18,1,52,3,54,1" doraHai="134" who="1" fromWho="0" sc="380,-123,174,143,205,0,221,0" /><INIT seed="1,2,0,1,4,124" ten="257,317,205,221" oya="1" hai0="11,7,40,90,72,135,46,92,26,44,12,27,108" hai1="117,84,95,130,63,8,16,2,15,32,42,129,55" hai2="107,3,114,56,76,22,113,73,39,6,30,71,120" hai3="35,99,54,43,52,112,126,109,61,17,20,96,104" shuffle="mt19937ar,A21DC9D2,AB5845B2,7E36045C,E34FF9FB,9E0F9A71,3BABD8EC,5CEBBC88,D53907A1"/><U97/><E117/><V58/><F120/><W0/><G35/><T4/><D72/><U85/><E32/><V93/><F39/><W88/><G112/><N who="2" m="43113" /><F107/><W49/><G0/><T74/><D74/><U131/><E42/><V78/><F93/><W24/><G126/><T82/><D108/><U57/><E2/><V66/><F30/><W65/><G109/><T79/><D135/><U68/><E68/><V91/><F91/><AGARI ba="2,0" hai="8,15,16,55,57,63,84,85,91,95,97,129,130,131" machi="91" ten="40,12000,1" yaku="19,1,52,3,54,1" doraHai="124" who="1" fromWho="2" sc="257,0,317,126,205,-126,221,0" /><INIT seed="1,3,0,2,1,98" ten="257,443,79,221" oya="1" hai0="77,21,38,59,133,33,79,75,16,111,121,116,65" hai1="68,3,18,17,102,113,40,124,9,71,43,44,128" hai2="34,63,132,95,0,45,100,54,80,37,50,1,83" hai3="28,110,109,125,123,24,131,82,129,107,32,26,67" shuffle="mt19937ar,AE1593DA,B40E5FBF,77879954,96EECF30,83471B5D,C3E246C8,79506A36,2FC74849"/><U74/><E113/><V2/><F132/><W130/><G82/><T90/><D116/><U15/><E128/><V8/><F34/><W10/><G67/><T30/><D38/><U55/><E124/><V115/><F115/><W51/><G51/><T29/><D133/><U23/><E74/><V6/><F83/><W64/><G64/><T70/><D111/><N who="3" m="42505" /><G107/><T86/><D70/><U94/><E3/><V66/><F80/><W4/><G123/><T101/><D121/><U73/><E73/><V12/><F12/><N who="3" m="5191" /><G24/><T20/><D33/><U84/><E71/><V117/><F117/><W76/><G76/><T39/><D39/><U99/><E84/><V47/><F47/><W106/><G106/><T119/><D119/><U78/><E78/><N who="0" m="29705" /><D75/><U56/><E44/><V36/><F36/><W11/><G11/><T58/><D65/><U103/><E103/><V14/><F14/><W31/><G31/><T108/><D108/><U81/><E81/><V112/><F112/><W62/><G62/><T22/><D86/><U42/><E68/><N who="2" m="42079" /><F95/><W52/><G52/><T96/><D90/><U41/><N who="1" m="10752" /><DORA hai="53" /><U126/><E126/><AGARI ba="3,0" hai="26,28,32,125,126,129,130,131" m="5191,42505" machi="126" ten="40,8000,1" yaku="19,1,14,1,34,2" doraHai="98,53" who="3" fromWho="1" sc="257,0,443,-89,79,0,221,89" /><INIT seed="2,0,0,1,4,94" ten="257,354,79,310" oya="2" hai0="4,60,107,42,61,1,72,108,20,65,129,38,75" hai1="16,48,117,35,66,41,109,6,43,131,99,91,32" hai2="123,28,74,22,82,55,21,57,53,93,116,130,23" hai3="119,106,92,125,52,104,90,120,58,54,25,50,44" shuffle="mt19937ar,7544B121,A0071052,32DFDA2F,9314B046,9C4B5F9E,A860F492,804CBF7C,15290AFA"/><V103/><F116/><W89/><G120/><T97/><D129/><U5/><E117/><V105/><F123/><W115/><G125/><T9/><D60/><U110/><E131/><V51/><F130/><W62/><G115/><T3/><D20/><U36/><E66/><V96/><F53/><W124/><G124/><T15/><D15/><U67/><E67/><V59/><F28/><W100/><G100/><T12/><D12/><U133/><E36/><V68/><F68/><W85/><G119/><T13/><D13/><U11/><E133/><V101/><F101/><W102/><G102/><T84/><D84/><U56/><E41/><V40/><F59/><W73/><G73/><T78/><D108/><N who="1" m="41579" /><E16/><V71/><F71/><W64/><G64/><T31/><D31/><U46/><E56/><V128/><F128/><W63/><G63/><T0/><D78/><U83/><E83/><V45/><F74/><W49/><G62/><T114/><D114/><U70/><E70/><V122/><F122/><W7/><G7/><N who="1" m="2570" /><E11/><V112/><F112/><W134/><G134/><T118/><D118/><U29/><E29/><V37/><REACH who="2" step="1"/><F93/><AGARI ba="0,0" hai="32,35,43,46,48,91,93,99" m="2570,41579" machi="93" ten="30,2000,0" yaku="14,1,52,1" doraHai="94" who="1" fromWho="2" sc="257,0,354,20,79,-20,310,0" /><INIT seed="3,0,0,0,5,69" ten="257,374,59,310" oya="3" hai0="25,19,56,20,103,0,109,129,73,71,45,3,26" hai1="134,8,16,68,22,84,75,85,48,2,54,65,11" hai2="130,50,7,114,86,100,29,124,117,101,110,18,102" hai3="24,92,60,78,53,135,105,99,123,107,61,47,112" shuffle="mt19937ar,2FD4BCC6,71E2EDBD,80A80C1D,FFDC3B8C,B2A34B5E,696AAA1D,74747881,633A2830"/><W13/><G123/><T21/><D71/><U88/><E75/><V62/><F117/><W1/><G112/><T108/><D73/><U104/><E104/><V106/><F114/><W74/><G1/><T52/><D103/><U66/><E68/><V90/><F110/><W91/><G135/><T83/><D83/><N who="1" m="49183" /><E2/><V49/><F124/><W36/><G61/><T40/><D129/><U58/><E85/><V42/><F130/><W15/><G24/><T115/><D115/><U10/><E134/><V43/><F106/><W127/><G127/><T122/><D122/><U96/><E96/><V80/><F62/><W35/><G35/><T72/><D72/><U118/><E118/><V23/><F29/><W77/><G107/><T31/><D109/><U94/><E94/><V27/><REACH who="2" step="1"/><F7/><REACH who="2" step="2"/><W38/><G105/><T44/><D108/><U41/><E41/><AGARI ba="0,1" hai="18,23,27,41,42,43,49,50,80,86,90,100,101,102" machi="41" ten="40,5200,0" yaku="1,1,2,1,8,1,53,0" doraHai="69" doraHaiUra="57" who="2" fromWho="1" sc="257,0,374,-52,49,62,310,0" owari="257,-9,322,32,111,-29,310,6" /></mjloggm>