<mjloggm ver="2.3"><GO type="97"/><UN n0="%E3%82%A6%E3%83%AB%E3%83%88%E3%83%A9%E7%AB%8B%E7%9B%B4" n1="%E5%91%AA%E5%A4%A2%E5%8D%83%E5%B9%B4" n2="%E4%BA%86" n3="%E3%82%8F%E3%81%95%E3%81%B3%E8%8C%B6%E6%BC%AC%E3%81%91" dan="13,16,14,14" rate="1824,1937,1916,1966" sx="M,F,M,M"/><TAIKYOKU oya="0"/><INIT seed="0,0,0,2,2,1" ten="250,250,250,250" oya="0" hai0="34,114,86,73,20,51,31,65,15,53,77,69,19" hai1="67,42,102,116,82,52,87,57,95,109,120,133,100" hai2="56,43,132,10,0,58,25,113,66,103,122,6,94" hai3="121,32,83,13,127,29,99,24,2,74,4,30,71"/><T126/><D73/><U14/><E109/><V12/><F113/><W44/><G29/><T88/><D114/><U96/><E120/><V27/><F122/><W105/><G121/><T131/><D77/><U46/><E116/><V125/><F132/><W85/><G13/><T59/><D126/><U55/><E133/><V107/><F107/><W80/><G83/><T104/><D104/><U119/><E119/><V98/><F125/><W130/><G127/><T38/><D38/><U128/><E128/><V123/><F123/><W70/><G44/><T41/><D131/><U81/><E102/><V40/><F0/><W49/><G49/><T5/><D34/><U60/><E14/><V50/><F58/><W93/><G130/><T75/><D75/><U108/><E108/><V45/><F43/><W36/><G36/><T35/><D35/><U23/><E23/><V63/><AGARI ba="0,0" hai="6,10,12,25,27,40,45,50,56,63,66,94,98,103" machi="63" ten="30,4000,0" yaku="0,1,8,1,52,1" doraHai="1" who="2" fromWho="2" sc="250,-20,250,-10,250,40,250,-10" /><INIT seed="1,0,0,4,2,15" ten="230,240,290,240" oya="1" hai0="11,105,98,93,104,75,32,80,35,37,91,76,44" hai1="74,10,129,99,51,121,52,57,1,127,71,119,132" hai2="46,50,39,29,72,126,95,63,14,65,85,9,3" hai3="77,64,5,47,8,58,43,78,16,19,69,6,122"/><U114/><RYUUKYOKU type="yao9" ba="0,0" sc="230,0,240,0,290,0,240,0" hai1="1,10,51,52,57,71,74,99,114,119,121,127,129,132" /><INIT seed="1,1,0,2,1,109" ten="230,240,290,240" oya="1" hai0="56,134,103,54,29,16,13,37,12,17,45,3,7" hai1="35,76,124,44,62,135,2,23,52,48,80,68,5" hai2="78,104,90,115,4,22,30,58,83,85,92,100,99" hai3="19,95,11,21,18,64,28,9,65,128,113,47,129"/><U77/><E35/><V91/><F4/><W75/><G75/><T107/><D29/><U97/><E135/><V6/><F6/><W14/><G28/><T122/><D134/><U86/><E124/><V87/><F58/><W40/><G95/><T70/><D70/><U110/><E110/><V25/><F115/><W126/><G126/><T20/><D122/><U131/><E131/><V46/><F46/><W50/><G113/><T125/><D125/><U0/><E77/><V34/><F34/><W27/><REACH who="3" step="1"/><G9/><REACH who="3" step="2"/><T31/><D31/><U59/><E68/><V53/><REACH who="2" step="1"/><F53/><REACH who="2" step="2"/><W94/><G94/><T119/><D119/><U132/><BYE who="0" /><E52/><V38/><F38/><UN n0="%E3%82%A6%E3%83%AB%E3%83%88%E3%83%A9%E7%AB%8B%E7%9B%B4" /><W105/><G105/><T123/><D54/><U1/><E132/><V133/><F133/><W81/><G81/><T61/><D37/><U36/><E80/><V63/><F63/><W42/><G42/><T26/><D61/><U66/><E62/><V117/><F117/><W51/><G51/><T106/><D107/><U10/><E48/><V96/><F96/><W39/><G39/><T43/><D106/><U60/><E97/><V121/><F121/><W114/><G114/><T88/><D123/><U33/><E36/><V49/><F49/><W24/><G24/><T127/><D26/><U67/><E60/><V101/><F101/><W82/><G82/><T71/><D103/><U89/><E67/><AGARI ba="1,2" hai="11,14,18,19,21,27,40,47,50,64,65,67,128,129" machi="67" ten="40,1300,0" yaku="1,1,53,0" doraHai="109" doraHaiUra="118" who="3" fromWho="1" sc="230,0,240,-16,280,0,230,36" /><INIT seed="2,0,0,0,1,112" ten="230,224,280,266" oya="2" hai0="61,56,94,31,58,76,63,130,45,38,127,46,60" hai1="97,12,70,44,7,4,100,125,26,39,83,57,23" hai2="29,102,19,50,135,93,107,17,33,75,87,15,65" hai3="124,114,6,90,9,123,71,106,85,54,18,40,111"/><V89/><F75/><W21/><G71/><T118/><D76/><U35/><E70/><V81/><F135/><W53/><G123/><T108/><D94/><U78/><E125/><V96/><F65/><W77/><G124/><T131/><D31/><U105/><E35/><V116/><F116/><W66/><G66/><T74/><D74/><U129/><E129/><N who="0" m="49161" /><D127/><U80/><E57/><N who="0" m="22121" /><D108/><U126/><E126/><V119/><F119/><W32/><G32/><T0/><D0/><U79/><E44/><N who="0" m="17001" /><D118/><U25/><E39/><AGARI ba="0,0" hai="38,39,60,61,63" m="17001,22121,49161" machi="39" ten="40,8000,1" yaku="28,2,19,1,34,2" doraHai="112" who="0" fromWho="1" sc="230,80,224,-80,280,0,266,0" /><INIT seed="3,0,0,0,3,109" ten="310,144,280,266" oya="3" hai0="131,70,75,13,120,55,119,84,69,57,106,127,10" hai1="82,98,132,3,47,62,85,133,117,112,95,90,125" hai2="7,99,61,37,77,81,28,114,1,9,18,130,89" hai3="14,105,108,39,33,123,40,68,15,134,53,92,97"/><W46/><G123/><T48/><D75/><U103/><E3/><V102/><F37/><W31/><G68/><T104/><D119/><U71/><E71/><V26/><F130/><W51/><G105/><T72/><D72/><U66/><E66/><V45/><F89/><W101/><G108/><T43/><D120/><U38/><E62/><V86/><F18/><W110/><G110/><T27/><D106/><U34/><E34/><V22/><F114/><W126/><G134/><N who="1" m="51818" /><E38/><V4/><F4/><W107/><G126/><T115/><D104/><U25/><E25/><V91/><F45/><W124/><G124/><T118/><D127/><U29/><E29/><V20/><F61/><W83/><G83/><T121/><D121/><U23/><E23/><V111/><F111/><W79/><G79/><T35/><D70/><U42/><E42/><V56/><F56/><W21/><G33/><T58/><D69/><U12/><E12/><V59/><F59/><W52/><G107/><T19/><D58/><U0/><E47/><V30/><F30/><W73/><G73/><T8/><D43/><U32/><E32/><V44/><F44/><W74/><G74/><T17/><D35/><U50/><E0/><V24/><F102/><W122/><G122/><T6/><D27/><U135/><N who="1" m="51826" /><U113/><DORA hai="76" /><E125/><V49/><F49/><N who="3" m="28727" /><G39/><T88/><D48/><U80/><E117/><V65/><F65/><W11/><G40/><T63/><D55/><U60/><E60/><V93/><F26/><N who="3" m="16847" /><G11/><N who="0" m="4139" /><D118/><U16/><E16/><N who="0" m="6217" /><D6/><U128/><E128/><V36/><F36/><W100/><G100/><RYUUKYOKU ba="0,0" sc="310,-15,144,-15,280,15,266,15" hai2="1,7,9,20,22,24,28,77,81,86,91,93,99" hai3="14,15,51,53,92,97,101" /><INIT seed="3,1,0,0,0,58" ten="295,129,295,281" oya="3" hai0="123,50,43,102,63,3,6,5,2,11,44,42,124" hai1="81,83,21,66,112,25,14,103,30,26,23,27,45" hai2="107,77,53,126,33,78,13,47,76,68,116,91,132" hai3="85,8,37,39,54,64,119,110,80,104,99,106,20"/><W0/><G119/><T15/><D123/><U100/><E112/><V89/><F116/><W113/><G113/><T82/><D124/><U127/><E127/><V41/><F126/><W24/><G110/><T4/><D3/><U16/><E66/><V9/><F107/><W96/><G106/><T109/><D2/><U29/><E45/><V10/><F68/><W18/><G64/><T134/><D109/><U71/><E71/><V75/><F75/><W133/><G133/><T61/><D134/><U52/><E52/><V121/><F33/><W94/><G104/><T19/><D102/><U35/><REACH who="1" step="1"/><E27/><REACH who="1" step="2"/><V49/><F132/><W88/><G54/><T129/><D129/><U36/><E36/><V131/><F121/><W93/><G37/><T114/><D114/><U62/><E62/><N who="0" m="23561" /><D82/><AGARI ba="1,1" hai="14,16,21,23,25,26,29,30,35,81,82,83,100,103" machi="82" ten="40,2600,0" yaku="1,1,54,1,53,0" doraHai="58" doraHaiUra="57" who="1" fromWho="0" sc="295,-29,119,39,295,0,281,0" /><INIT seed="4,0,0,5,4,71" ten="266,158,295,281" oya="0" hai0="61,126,90,44,51,96,128,6,120,35,48,46,102" hai1="133,12,57,54,121,131,85,25,77,1,14,123,4" hai2="8,23,29,59,110,122,86,2,135,69,116,106,66" hai3="100,130,83,99,15,80,7,36,64,129,107,101,22"/><T47/><D120/><N who="1" m="46155" /><E54/><V119/><F122/><W21/><G64/><T105/><D35/><U0/><E57/><V67/><F110/><W13/><G7/><T89/><D126/><U53/><E53/><V115/><F115/><W24/><G36/><T33/><D33/><U88/><E88/><V109/><F109/><W5/><G5/><T111/><D111/><U73/><E85/><V28/><F106/><W26/><G99/><T118/><D118/><N who="2" m="45098" /><F135/><W70/><REACH who="3" step="1"/><G107/><REACH who="3" step="2"/><T87/><D6/><U37/><E37/><V97/><F69/><AGARI ba="0,1" hai="13,15,21,22,24,26,69,70,80,83,100,101,129,130" machi="69" ten="25,6400,0" yaku="1,1,2,1,22,2,53,0" doraHai="71" doraHaiUra="114" who="3" fromWho="2" sc="266,0,158,0,295,-64,271,74" owari="266,2,158,-24,231,-12,345,34" /></mjloggm>