<mjloggm ver="2.3"><GO type="1"/><UN n0="%EF%BC%8A%EF%BC%8A%EF%BC%8A%EF%BC%8A" n1="%6A%6F%6F%6F%6F%6F%6F%6F" n2="%63%68%61%74%74%6F" n3="%E3%82%A6%E3%83%AB%E3%83%88%E3%83%A9%E7%AB%8B%E7%9B%B4" dan="0,10,5,9" rate="1500,1449,1573,1720" sx="M,M,M,M"/><TAIKYOKU oya="0"/><INIT seed="0,0,0,4,5,77" ten="250,250,250,250" oya="0" hai0="73,45,67,102,132,62,65,55,48,129,111,76,27" hai1="107,134,94,80,72,43,108,109,117,39,70,10,13" hai2="95,114,75,7,9,36,100,24,120,101,16,18,6" hai3="60,31,52,127,58,92,20,35,121,4,53,8,125" shuffle="mt19937ar,B01E1695,43DB786D,3E5996A8,E2BB57E6,96007576,FF02F3CD,0CF1E0CF,4F72E326"/><T130/><D132/><U104/><E70/><V44/><F120/><W89/><G35/><T115/><D115/><U3/><E117/><V64/><F114/><W124/><G121/><T46/><D27/><U122/><E122/><V98/><F75/><W135/><G135/><T22/><D22/><U96/><E3/><V69/><F101/><W30/><G52/><N who="0" m="29711" /><D102/><U25/><E134/><V19/><F36/><W99/><REACH who="3" step="1"/><G20/><REACH who="3" step="2"/><T71/><D73/><U2/><E2/><AGARI ba="0,1" hai="2,4,8,30,31,53,58,60,89,92,99,124,125,127" machi="2" ten="40,5200,0" yaku="1,1,2,1,18,1,53,0" doraHai="77" doraHaiUra="74" who="3" fromWho="1" sc="250,0,250,-52,250,0,240,62" /><INIT seed="1,0,0,5,1,67" ten="250,198,250,302" oya="1" hai0="38,69,5,21,86,107,133,24,118,127,6,125,104" hai1="54,126,108,81,51,98,129,75,26,74,64,55,13" hai2="16,44,27,45,2,132,37,82,56,39,77,57,34" hai3="32,123,76,78,101,117,87,112,35,91,83,100,120" shuffle="mt19937ar,CDCA53BE,730F1076,21F53887,38FD0E81,8CD34B19,1793EC24,27B68F93,8E79F467"/><U92/><E126/><V9/><F2/><W94/><G32/><T33/><D86/><U72/><E129/><V97/><F97/><W79/><G35/><T7/><D38/><U135/><E135/><V61/><F132/><W113/><G117/><T122/><D133/><U60/><E26/><V52/><F34/><W85/><G113/><T36/><D36/><U128/><E128/><V116/><F116/><W115/><G115/><T80/><D80/><U68/><E81/><V119/><F119/><W17/><G17/><T131/><D118/><U89/><E13/><V19/><F27/><W40/><G40/><T1/><D131/><U28/><E28/><V105/><F105/><W93/><G112/><T10/><D1/><U88/><E89/><V109/><F109/><W121/><G94/><T70/><D33/><U42/><E108/><V90/><F90/><AGARI ba="0,0" hai="76,78,79,83,85,87,90,91,93,100,101,120,121,123" machi="90" ten="50,6400,0" yaku="34,3" doraHai="67" who="3" fromWho="2" sc="250,0,198,0,250,-64,302,64" /><INIT seed="2,0,0,1,5,74" ten="250,198,186,366" oya="2" hai0="80,0,83,33,56,115,19,64,90,79,88,103,59" hai1="38,109,92,99,134,8,96,132,131,4,10,30,68" hai2="98,25,28,46,69,52,37,114,60,117,76,86,16" hai3="77,45,87,116,89,29,106,63,101,65,13,93,95" shuffle="mt19937ar,E014E181,B5FF025B,A1126618,F79C132C,BBA23ACD,14199180,3BAD4596,149280F7"/><V73/><F117/><W72/><G29/><T6/><D115/><U41/><E68/><V124/><F114/><W133/><G45/><T130/><D33/><U55/><E109/><V105/><F124/><W35/><G13/><T44/><D44/><U24/><E41/><V126/><F126/><W107/><G35/><T125/><D125/><U91/><E38/><V100/><F37/><W82/><G63/><T58/><D64/><U113/><E113/><V67/><F46/><W27/><G27/><T135/><D19/><U122/><E131/><V102/><F102/><W1/><G1/><T17/><D17/><U112/><E112/><V7/><F7/><W57/><G57/><T71/><D71/><U51/><E4/><V121/><F121/><W5/><G65/><T120/><D120/><U32/><E99/><V22/><F86/><W118/><G5/><T81/><D130/><U75/><E75/><V40/><F40/><W14/><G14/><T70/><D70/><U129/><E129/><V108/><F108/><W34/><G34/><T97/><D135/><N who="1" m="51755" /><E122/><V54/><REACH who="2" step="1"/><F16/><REACH who="2" step="2"/><W128/><G133/><T110/><D110/><U48/><E48/><V94/><F94/><W11/><G128/><T119/><D119/><N who="3" m="45609" /><G11/><T53/><D6/><U36/><E36/><V31/><F31/><W104/><G95/><T111/><D111/><U18/><E18/><V12/><F12/><W23/><G23/><T66/><D0/><U20/><E20/><V47/><F47/><AGARI ba="0,1" hai="8,10,24,30,32,47,51,55,91,92,96" m="51755" machi="47" ten="30,1000,0" yaku="20,1" doraHai="74" who="1" fromWho="2" sc="250,0,198,20,176,-10,366,0" /><INIT seed="3,0,0,4,3,9" ten="250,218,166,366" oya="3" hai0="111,96,21,115,79,32,38,133,15,91,130,117,104" hai1="95,27,47,8,121,87,4,19,14,70,107,76,92" hai2="131,118,56,73,66,60,1,18,75,61,23,50,39" hai3="78,37,105,65,119,128,123,35,94,54,48,29,6" shuffle="mt19937ar,88F0AF27,04FA6D66,5A76C062,A0B87947,9EA7F4AE,0425BC85,49896E84,D6D5473F"/><W51/><G54/><T86/><D117/><U63/><E121/><V34/><F1/><W68/><G51/><T89/><D111/><U122/><E122/><V3/><F3/><W67/><G48/><T64/><D38/><U28/><E107/><V36/><F34/><W114/><G67/><T10/><D64/><U42/><E4/><V49/><F118/><W40/><G94/><T30/><D130/><U103/><E103/><V43/><F75/><W17/><G78/><T116/><D116/><U127/><E127/><V101/><F101/><W44/><G17/><T135/><D115/><U52/><E70/><N who="2" m="42311" /><F73/><W55/><G55/><T108/><D108/><U33/><E87/><V113/><F23/><W22/><G29/><T110/><D110/><U80/><E80/><V26/><F26/><W93/><G22/><T7/><D21/><U90/><E90/><V25/><F25/><W31/><G105/><T120/><D120/><U112/><E76/><V69/><F18/><W41/><G37/><N who="2" m="14409" /><F113/><W77/><G31/><T82/><D104/><U16/><E19/><V11/><F11/><W45/><G35/><T106/><D106/><U132/><E132/><N who="0" m="50761" /><D96/><U125/><E125/><V88/><F88/><W5/><G114/><T83/><D83/><U85/><E85/><V46/><F131/><W59/><G128/><T129/><D129/><U109/><E109/><V13/><F13/><W74/><G74/><T62/><D62/><U12/><E12/><V84/><F84/><W72/><G123/><T97/><D97/><U58/><E112/><V99/><F99/><W98/><G119/><RYUUKYOKU ba="0,0" sc="250,15,218,15,166,-15,366,-15" hai0="7,10,15,30,32,79,82,86,89,91" hai1="8,14,16,27,28,33,42,47,52,58,63,92,95" owari="265,2,233,-12,151,-25,351,35" /></mjloggm>