<mjloggm ver="2.3"><GO type="97"/><UN n0="%EF%BD%B1%EF%BE%9D%EF%BE%8A%EF%BE%9E%EF%BD%B0" n1="%E5%87%9B%E6%A1%A7" n2="%E3%81%94%E3%81%A3%E3%81%A4%EF%BC%A0%E3%82%AA%E3%83%AA" n3="%E3%82%A6%E3%83%AB%E3%83%88%E3%83%A9%E7%AB%8B%E7%9B%B4" dan="15,13,14,13" rate="1919,1869,1893,1821" sx="M,F,M,M"/><TAIKYOKU oya="0"/><INIT seed="0,0,0,5,1,74" ten="250,250,250,250" oya="0" hai0="117,80,6,24,135,51,30,110,27,48,97,4,128" hai1="58,107,39,65,95,53,87,41,132,96,91,108,85" hai2="18,109,11,83,67,60,59,32,102,38,70,37,69" hai3="12,3,42,62,81,106,104,63,84,93,35,82,2"/><T105/><D117/><U124/><E65/><V119/><F32/><W34/><G12/><T131/><D135/><U20/><E132/><V33/><F33/><W7/><G93/><T71/><D71/><U19/><E107/><V118/><F102/><W14/><G14/><T78/><D110/><U22/><E108/><V10/><F109/><W92/><G92/><T26/><D30/><U16/><E41/><V88/><F69/><W1/><G42/><T90/><D90/><U113/><E39/><V79/><F70/><W94/><G94/><T75/><D97/><U130/><E124/><V99/><F18/><W45/><G3/><T49/><REACH who="0" step="1"/><D105/><REACH who="0" step="2"/><U52/><E113/><V57/><F118/><W5/><G84/><T43/><D43/><U9/><E87/><V121/><F119/><W8/><G45/><T56/><D56/><U66/><E85/><V112/><F59/><W44/><G44/><T126/><D126/><U36/><E36/><V21/><F38/><W29/><G29/><T115/><D115/><U54/><E130/><AGARI ba="0,1" hai="4,6,24,26,27,48,49,51,75,78,80,128,130,131" machi="130" ten="50,9600,0" yaku="1,1,19,1,52,1,53,0" doraHai="74" doraHaiUra="25" who="0" fromWho="1" sc="240,106,250,-96,250,0,250,0" /><INIT seed="0,1,0,5,5,79" ten="346,154,250,250" oya="0" hai0="40,44,60,25,64,10,20,1,66,83,65,67,98" hai1="21,7,0,73,4,70,58,36,5,3,55,128,15" hai2="28,102,121,97,115,88,18,43,6,61,22,101,76" hai3="94,69,117,120,131,31,62,13,92,106,19,72,34"/><T81/><D98/><U108/><E73/><V104/><F115/><W14/><G62/><T85/><D1/><N who="1" m="587" /><E70/><V132/><F6/><N who="1" m="2665" /><E36/><V100/><F121/><W91/><G19/><N who="0" m="12447" /><D10/><N who="1" m="4575" /><E58/><V27/><F43/><W56/><G91/><T2/><D2/><U134/><E55/><V54/><F132/><W74/><G92/><T95/><D44/><U53/><E53/><V133/><F133/><W99/><G94/><T17/><D40/><U32/><E134/><V39/><F39/><W129/><G56/><N who="0" m="36871" /><D95/><U109/><E128/><V107/><F76/><W57/><G99/><T112/><D112/><U59/><E59/><N who="2" m="35063" /><F104/><W135/><G57/><T125/><D85/><U47/><E47/><V41/><F41/><W68/><G135/><T11/><D125/><U50/><E50/><V118/><F118/><W77/><G77/><T8/><D66/><U126/><E126/><V86/><F107/><W12/><G106/><T46/><D46/><U116/><E116/><V75/><F75/><N who="3" m="28715" /><G117/><T127/><D127/><U49/><E49/><V103/><F103/><W23/><G120/><T29/><D67/><U42/><E42/><V105/><F105/><W80/><G69/><T71/><D71/><U119/><E119/><V38/><F38/><W93/><G68/><T124/><D65/><U48/><E48/><V52/><F52/><W110/><G131/><T9/><D124/><U87/><E87/><V51/><F51/><W123/><G129/><T96/><D96/><U113/><E113/><V122/><F122/><W63/><G123/><T111/><D83/><U16/><E32/><V30/><F97/><RYUUKYOKU ba="1,0" sc="346,-15,154,15,250,15,250,-15" hai1="16,21,108,109" hai2="18,22,27,28,30,86,88,100,101,102" /><INIT seed="1,2,0,5,0,35" ten="331,169,265,235" oya="1" hai0="115,49,70,66,10,76,0,20,97,84,53,11,63" hai1="22,125,121,34,75,134,102,9,103,91,68,12,21" hai2="23,135,13,17,16,86,122,131,98,85,112,105,113" hai3="99,46,4,27,2,40,48,41,43,26,72,59,54"/><U69/><E34/><V29/><F122/><W65/><G72/><T106/><D115/><N who="2" m="44106" /><F29/><W79/><G79/><T118/><D118/><U58/><E121/><V96/><F131/><W87/><G87/><N who="2" m="33289" /><F135/><W42/><G99/><T88/><D76/><U62/><E75/><V8/><F105/><W114/><G114/><T130/><D130/><U57/><E134/><V24/><AGARI ba="2,0" hai="8,13,16,17,23,24,96,98" m="33289,44106" machi="24" ten="30,2000,0" yaku="11,1,54,1" doraHai="35" who="2" fromWho="2" sc="331,-7,169,-12,265,26,235,-7" /><INIT seed="2,0,0,3,5,63" ten="324,157,291,228" oya="2" hai0="77,102,82,35,121,24,16,6,92,60,88,135,93" hai1="78,64,97,2,65,62,90,132,119,48,133,20,8" hai2="21,100,81,69,66,4,56,68,94,13,72,127,95" hai3="47,103,54,129,33,27,41,43,15,86,34,125,61"/><V130/><F130/><W1/><G1/><T51/><D121/><U99/><E78/><V70/><F100/><W14/><G129/><T108/><D108/><U128/><E128/><V105/><F105/><W18/><G103/><T120/><D120/><U73/><E73/><V101/><F101/><W7/><G125/><T36/><D36/><U38/><E38/><V45/><F45/><W107/><G107/><T123/><D123/><U74/><E74/><V57/><F127/><W22/><G34/><T53/><D135/><N who="1" m="51787" /><E119/><V0/><F0/><W29/><G86/><N who="0" m="48463" /><D35/><U85/><E62/><V44/><F44/><W116/><G116/><T52/><D6/><N who="1" m="1111" /><E20/><V19/><F4/><W49/><G61/><T71/><D71/><U89/><E48/><V10/><F10/><W75/><G75/><T58/><D102/><U12/><E12/><V79/><REACH who="2" step="1"/><F66/><REACH who="2" step="2"/><N who="1" m="25705" /><E90/><V118/><F118/><W87/><G7/><T3/><D3/><U11/><E11/><V113/><F113/><W96/><G47/><N who="0" m="27775" /><D88/><U134/><E134/><V91/><F91/><W23/><G43/><T80/><D80/><AGARI ba="0,1" hai="80,85,89,97,99" m="25705,1111,51787" machi="80" ten="30,7700,0" yaku="20,1,52,3" doraHai="63" who="1" fromWho="0" sc="324,-77,157,87,281,0,228,0" /><INIT seed="3,0,0,0,4,99" ten="247,244,281,228" oya="3" hai0="129,114,66,8,39,75,13,106,90,85,97,94,4" hai1="113,21,121,116,9,118,32,127,109,6,133,60,35" hai2="86,124,53,77,105,112,122,82,47,29,10,49,92" hai3="25,65,111,81,19,130,126,56,101,1,46,73,117"/><W33/><G1/><T36/><D75/><U70/><E121/><V88/><F105/><W132/><G117/><N who="1" m="45162" /><E113/><V57/><F112/><W45/><G73/><T84/><D114/><U119/><E70/><V91/><F122/><W69/><G69/><T120/><D120/><U76/><E76/><V14/><F29/><N who="3" m="19631" /><G19/><T80/><D106/><U52/><E109/><V67/><F124/><W125/><G111/><T74/><D74/><U44/><E133/><V12/><F12/><W110/><G110/><T135/><D135/><U26/><E127/><N who="3" m="48650" /><G132/><T27/><D129/><U11/><E119/><V123/><F123/><W64/><G130/><T7/><D85/><U58/><E44/><N who="3" m="17002" /><G81/><T15/><D27/><U31/><E11/><V104/><F104/><W62/><G101/><T34/><D34/><U71/><E71/><V93/><F92/><W5/><G5/><T42/><D42/><U2/><AGARI ba="0,0" hai="2,6,9,21,26,31,32,35,52,58,60" m="45162" machi="2" ten="30,2000,0" yaku="12,1,54,1" doraHai="99" who="1" fromWho="1" sc="247,-5,244,20,281,-5,228,-10" /><INIT seed="4,0,0,5,0,119" ten="242,264,276,218" oya="0" hai0="89,110,46,56,53,123,15,38,73,69,94,96,117" hai1="35,52,75,8,120,121,74,41,72,24,40,11,98" hai2="100,113,27,122,37,76,78,84,65,97,66,39,14" hai3="79,115,111,59,71,101,29,54,131,106,128,62,135"/><T34/><D69/><U10/><E98/><V64/><F122/><N who="1" m="47209" /><E24/><V132/><F27/><W82/><G101/><T18/><D117/><U22/><E22/><V77/><F84/><W43/><G106/><T25/><D123/><U47/><E52/><V44/><F132/><W16/><G29/><T2/><D2/><U7/><E47/><V20/><F44/><W33/><G33/><T19/><D73/><U90/><E90/><V103/><F113/><W112/><G135/><T61/><D110/><U116/><E116/><V99/><F14/><W133/><G133/><T26/><D34/><U21/><E21/><V31/><F20/><W28/><G28/><T42/><REACH who="0" step="1"/><D19/><REACH who="0" step="2"/><U23/><E35/><V50/><F31/><W6/><G16/><T70/><D70/><U93/><E7/><V86/><F50/><W17/><G17/><T134/><D134/><U58/><E75/><V88/><F39/><W130/><G6/><T49/><D49/><U36/><E74/><V5/><F5/><W0/><G0/><T3/><D3/><U129/><E72/><V85/><F37/><W81/><G111/><T95/><D95/><U108/><E93/><N who="2" m="54415" /><F86/><N who="3" m="48447" /><G71/><T114/><D114/><N who="3" m="43561" /><G82/><T125/><D125/><U68/><E36/><V67/><N who="2" m="16896" /><DORA hai="13" /><V4/><F4/><W87/><G87/><T109/><D109/><U83/><E68/><V9/><F9/><AGARI ba="0,1" hai="9,15,18,25,26,38,42,46,53,56,61,89,94,96" machi="9" ten="30,5800,0" yaku="1,1,7,1,52,1,53,0" doraHai="119,13" doraHaiUra="102,1" who="0" fromWho="2" sc="232,68,264,0,276,-58,218,0" owari="300,30,264,1,218,-13,218,-18" /></mjloggm>