<mjloggm ver="2.3"><GO type="41"/><UN n0="%E3%80%93%E7%89%87%E5%B2%A1%E5%84%AA%E5%B8%8C%E3%80%93" n1="%E3%82%A6%E3%83%AB%E3%83%88%E3%83%A9%E7%AB%8B%E7%9B%B4" n2="%77%69%6D%70%73%2E" n3="%E7%B4%B0%E8%8F%8C" dan="13,14,14,14" rate="1991,1900,1912,1917" sx="F,M,M,M"/><TAIKYOKU oya="0"/><INIT seed="0,0,0,5,2,29" ten="250,250,250,250" oya="0" hai0="110,84,127,0,92,4,107,42,22,17,10,78,37" hai1="69,114,11,46,129,75,9,31,38,64,14,54,1" hai2="63,71,53,109,90,97,51,86,120,13,57,41,102" hai3="52,135,48,76,72,50,20,94,95,40,8,49,89"/><T131/><D107/><U81/><E54/><V104/><F120/><W59/><G135/><T68/><D68/><U77/><E114/><V7/><F109/><W83/><G40/><T19/><D127/><U25/><E129/><V80/><F71/><W73/><G73/><T82/><D131/><U123/><E123/><V112/><F112/><W116/><G116/><T61/><D110/><U111/><E111/><V43/><REACH who="2" step="1"/><F63/><REACH who="2" step="2"/><W85/><G49/><T56/><D61/><U34/><E69/><V27/><F27/><W5/><G48/><T26/><D37/><U67/><E67/><V115/><F115/><W125/><G125/><T99/><D26/><U32/><E64/><V62/><F62/><W33/><G50/><T91/><D42/><N who="1" m="22871" /><E25/><V79/><F79/><W45/><G76/><T87/><D78/><U103/><E31/><V101/><F101/><W118/><G118/><T55/><D91/><U88/><E88/><V134/><F134/><W44/><G72/><T130/><D130/><U119/><E103/><V106/><F106/><W30/><G89/><T15/><D55/><U98/><E119/><V124/><F124/><W60/><G52/><T126/><D126/><U117/><E117/><V12/><F12/><W132/><G60/><T36/><D15/><U122/><E122/><V133/><F133/><W3/><G132/><T74/><D36/><U100/><E14/><V65/><F65/><W70/><G3/><T35/><D74/><U6/><E11/><AGARI ba="0,1" hai="7,11,13,41,43,51,53,57,80,86,90,97,102,104" machi="11" ten="40,1300,0" yaku="1,1,53,0" doraHai="29" doraHaiUra="28" who="2" fromWho="1" sc="250,0,250,-13,240,23,250,0" /><INIT seed="1,0,0,0,2,18" ten="250,237,263,250" oya="1" hai0="117,35,114,113,90,96,4,86,105,62,78,8,51" hai1="118,64,102,52,2,22,111,30,21,124,7,5,50" hai2="92,100,25,28,23,57,65,69,82,29,97,98,103" hai3="83,81,95,63,36,38,54,94,31,1,17,58,133"/><U40/><E118/><V116/><F69/><W16/><G1/><T12/><D117/><U104/><E40/><V48/><F116/><W67/><G133/><T129/><D35/><U61/><E124/><V74/><F74/><W53/><G31/><T71/><D78/><U10/><E7/><V9/><F9/><W3/><G3/><T68/><D129/><U72/><E72/><V121/><F82/><W47/><G47/><T59/><D51/><U0/><E111/><V43/><F43/><W128/><G128/><T87/><D87/><U70/><E2/><V106/><F48/><W107/><G107/><T99/><D99/><U126/><E126/><V41/><F41/><W110/><G110/><T93/><D71/><U132/><E132/><V123/><REACH who="2" step="1"/><F29/><REACH who="2" step="2"/><W134/><G134/><T34/><D68/><U88/><E30/><V49/><F49/><W56/><REACH who="3" step="1"/><G63/><AGARI ba="0,1" hai="23,25,28,57,63,65,92,97,98,100,103,106,121,123" machi="63" ten="40,8000,1" yaku="1,1,25,2,52,1,53,0" doraHai="18" doraHaiUra="6" who="2" fromWho="3" sc="250,0,237,0,253,90,250,-80" /><INIT seed="2,0,0,3,0,61" ten="250,237,343,170" oya="2" hai0="77,122,114,26,125,84,130,64,0,44,103,120,81" hai1="121,5,27,46,128,70,66,49,67,93,19,35,79" hai2="76,15,43,116,18,133,4,23,109,47,96,50,40" hai3="92,111,113,126,63,105,6,104,36,134,7,34,58"/><V1/><F116/><W3/><G36/><T16/><D0/><U73/><E70/><V41/><F133/><W80/><G34/><T14/><D114/><U11/><E121/><V91/><F76/><W95/><G113/><T51/><D103/><U25/><E128/><V45/><F109/><W62/><G111/><T8/><D130/><U90/><E79/><V108/><F108/><W106/><G134/><T20/><D125/><U38/><E73/><V72/><F72/><W56/><G126/><T32/><D32/><U22/><E38/><V71/><F71/><W24/><G24/><T101/><D101/><U69/><E27/><V65/><F47/><W9/><G80/><T59/><D59/><U37/><E37/><V78/><F78/><W123/><G123/><T119/><D64/><U57/><E69/><V102/><F91/><W88/><G6/><T21/><D119/><U132/><E35/><V131/><F131/><W42/><G42/><T12/><D12/><N who="1" m="5231" /><E57/><V86/><F86/><W100/><G100/><T124/><D21/><U135/><E132/><V52/><F65/><N who="1" m="24585" /><E135/><V2/><REACH who="2" step="1"/><F4/><REACH who="2" step="2"/><W75/><G75/><T85/><D124/><U17/><E90/><V129/><F129/><W53/><REACH who="3" step="1"/><G88/><REACH who="3" step="2"/><T68/><D122/><U28/><E93/><AGARI ba="0,2" hai="1,2,15,18,23,40,41,43,45,50,52,93,96,102" machi="93" ten="40,12000,1" yaku="1,1,54,1,53,3" doraHai="61" doraHaiUra="39" who="2" fromWho="1" sc="250,0,237,-120,333,140,160,0" /><INIT seed="2,1,0,1,5,115" ten="250,117,473,160" oya="2" hai0="11,87,105,102,59,70,50,131,16,19,3,81,40" hai1="99,43,53,48,113,21,14,103,52,13,42,75,22" hai2="124,100,92,0,78,28,106,129,54,26,134,133,128" hai3="66,114,38,72,32,118,71,108,25,127,2,47,51"/><V17/><F0/><W80/><RYUUKYOKU type="yao9" ba="1,0" sc="250,0,117,0,473,0,160,0" hai3="2,25,32,38,47,51,66,71,72,80,108,114,118,127" /><INIT seed="2,2,0,4,5,51" ten="250,117,473,160" oya="2" hai0="117,122,67,49,24,47,93,130,50,17,1,59,60" hai1="90,54,88,125,39,30,5,45,8,121,100,36,109" hai2="119,72,66,2,107,25,78,87,20,37,105,115,68" hai3="94,16,31,112,40,61,75,70,135,42,64,74,15"/><V124/><F2/><W43/><G31/><T57/><D1/><U92/><E121/><V9/><F37/><W83/><G135/><T53/><D93/><U63/><E125/><V10/><F119/><W28/><G28/><T91/><D91/><U133/><E133/><V84/><F72/><W69/><G112/><T4/><D4/><U35/><E35/><V89/><F115/><W33/><G33/><T118/><D24/><U85/><E30/><V73/><F73/><W22/><G70/><N who="0" m="42343" /><D17/><U34/><E34/><V46/><F46/><W128/><G128/><T13/><D13/><U97/><E109/><V21/><F78/><W58/><G69/><T62/><D122/><U76/><E76/><V14/><F14/><W114/><G114/><T0/><D0/><U103/><E39/><V71/><F25/><W134/><G134/><T38/><D130/><U41/><E8/><V131/><F131/><W116/><G116/><N who="0" m="44651" /><D38/><U18/><E18/><V113/><F113/><W108/><G108/><T48/><D47/><U102/><E5/><V80/><F89/><W11/><G11/><T29/><D29/><U26/><E26/><V132/><F132/><W65/><G65/><AGARI ba="2,0" hai="48,49,50,53,57,59,62,65" m="44651,42343" machi="65" ten="30,7700,0" yaku="12,1,34,2,52,1" doraHai="51" who="0" fromWho="3" sc="250,83,117,0,473,0,160,-83" /><INIT seed="3,0,0,1,5,101" ten="333,117,473,77" oya="3" hai0="88,23,48,14,35,42,51,67,40,131,20,95,125" hai1="21,10,11,117,100,39,108,22,59,81,1,110,37" hai2="69,134,12,52,24,66,83,98,105,30,132,91,96" hai3="19,25,64,126,62,41,16,77,17,120,109,94,82"/><W2/><G2/><T122/><D122/><U49/><E100/><N who="2" m="62599" /><F12/><W43/><G120/><T33/><D67/><U92/><E117/><V97/><F83/><W119/><G119/><T54/><D131/><U121/><E121/><V50/><F91/><W80/><G126/><T103/><D103/><U18/><E81/><V76/><F76/><W68/><G109/><N who="1" m="42090" /><E92/><V130/><F130/><W4/><G4/><T90/><D125/><U104/><E104/><V115/><F115/><W86/><G94/><T63/><D95/><U70/><E70/><V87/><F87/><W107/><G107/><T9/><D35/><U58/><E1/><V78/><F78/><W73/><REACH who="3" step="1"/><G25/><REACH who="3" step="2"/><T55/><D14/><U106/><E106/><V102/><F24/><W61/><G61/><T118/><D63/><U71/><E71/><V44/><F69/><W36/><G36/><T84/><D118/><U89/><E39/><V31/><F132/><W129/><G129/><T45/><D51/><U47/><E37/><V53/><F50/><W15/><G15/><T135/><D48/><U111/><E111/><V65/><F134/><W75/><G75/><T112/><D135/><U5/><E5/><V57/><F44/><W46/><G46/><T116/><D45/><U7/><E7/><V128/><F128/><W72/><G72/><T123/><D123/><U74/><E74/><V26/><F26/><W13/><G13/><T56/><D116/><U133/><E47/><V34/><F57/><N who="1" m="21513" /><E133/><V8/><F65/><W124/><G124/><T85/><D56/><U60/><E60/><V3/><F66/><RYUUKYOKU ba="0,1" sc="333,-10,117,-10,473,-10,67,30" hai3="16,17,19,41,43,62,64,68,73,77,80,82,86" /><INIT seed="3,1,1,4,3,14" ten="323,107,463,97" oya="3" hai0="54,80,82,113,45,26,103,46,9,56,74,73,89" hai1="19,1,32,122,98,128,107,53,100,125,94,131,69" hai2="31,6,130,15,114,106,65,90,38,86,123,66,99" hai3="91,68,11,13,49,28,129,132,27,29,88,81,21"/><W93/><G68/><T64/><D113/><U62/><E122/><V134/><F38/><W4/><G132/><T119/><D119/><U121/><E1/><V34/><F123/><W133/><G133/><T16/><D73/><U10/><E121/><V30/><F114/><W101/><G129/><N who="1" m="49738" /><E32/><V7/><F134/><W79/><G49/><N who="0" m="30799" /><D74/><U92/><E125/><V50/><F50/><W70/><G70/><T43/><D103/><U117/><E117/><V126/><F126/><W111/><G111/><T51/><D46/><U116/><E116/><V37/><F37/><W17/><G101/><T20/><D64/><N who="1" m="41111" /><E53/><V60/><F66/><W39/><G39/><T36/><D36/><U67/><E67/><V84/><F65/><W59/><G59/><T71/><D71/><U18/><E10/><V52/><F130/><W22/><G22/><T112/><D112/><U2/><E2/><V124/><F34/><W75/><REACH who="3" step="1"/><G91/><REACH who="3" step="2"/><T33/><D33/><U108/><E108/><V127/><F90/><W12/><G12/><N who="0" m="7183" /><D89/><N who="1" m="55567" /><E107/><V95/><F106/><W47/><G47/><T24/><D24/><U105/><E105/><V5/><F124/><W35/><G35/><T23/><D23/><U55/><E100/><V120/><F127/><W96/><AGARI ba="1,2" hai="4,11,13,17,21,27,28,29,75,79,81,88,93,96" machi="96" ten="20,12000,1" yaku="1,1,0,1,7,1,52,1,54,1,53,0" doraHai="14" doraHaiUra="42" who="3" fromWho="3" sc="323,-41,107,-41,463,-41,87,143" /><INIT seed="3,2,0,3,1,126" ten="282,66,422,230" oya="3" hai0="41,40,87,58,54,53,18,60,108,32,111,15,123" hai1="129,61,55,128,109,25,64,28,93,135,77,117,63" hai2="8,2,116,115,16,75,5,13,96,131,34,38,17" hai3="85,20,78,14,134,119,84,101,43,37,39,66,65"/><W69/><G119/><T102/><D123/><U76/><E117/><V106/><F38/><W105/><G66/><T79/><D32/><U98/><E135/><V80/><F115/><W121/><G121/><T73/><D73/><U59/><E109/><N who="0" m="42057" /><D102/><N who="1" m="60751" /><E61/><V130/><F116/><W45/><G134/><T46/><D46/><U67/><E55/><V9/><F34/><W113/><G113/><T120/><D120/><U6/><E6/><V72/><F17/><W21/><G37/><T30/><D30/><U125/><E67/><V74/><F80/><W110/><G110/><T95/><D54/><U31/><E31/><V132/><F132/><W122/><G122/><T12/><D12/><U99/><E99/><V112/><F112/><W7/><G65/><T62/><D62/><U104/><E104/><V133/><F133/><W47/><G69/><T35/><D35/><U49/><E49/><V57/><F96/><W3/><G3/><T92/><D60/><U71/><E71/><V56/><F106/><W70/><G70/><T118/><D58/><U97/><E97/><V90/><F90/><W100/><G105/><T86/><D53/><U127/><E76/><V83/><F83/><W48/><G78/><T107/><D79/><U29/><E77/><V44/><F44/><W24/><G7/><T26/><D107/><U10/><E29/><V91/><F91/><W42/><G101/><T4/><D4/><U27/><E10/><V36/><F36/><W19/><G100/><T94/><D118/><U51/><E51/><V11/><F11/><W0/><G0/><T82/><D40/><RYUUKYOKU ba="2,0" sc="282,-15,66,-15,422,15,230,15" hai2="2,5,8,9,13,16,56,57,72,74,75,130,131" hai3="14,19,20,21,24,39,42,43,45,47,48,84,85" /><INIT seed="3,3,0,2,1,9" ten="267,51,437,245" oya="3" hai0="41,127,49,38,118,103,89,47,124,61,69,110,15" hai1="75,44,130,29,16,113,116,100,32,14,30,97,109" hai2="0,134,12,102,71,111,101,24,31,22,98,106,52" hai3="28,53,95,125,90,1,67,25,55,105,123,34,112"/><W87/><G112/><T17/><D118/><U20/><E113/><V131/><F71/><W96/><G123/><T62/><D103/><U80/><E116/><V74/><F102/><W132/><G1/><T79/><D79/><U37/><E130/><V104/><F104/><W18/><G125/><N who="0" m="48203" /><D110/><U122/><E122/><V120/><F0/><W60/><G132/><T13/><D38/><U19/><E32/><V58/><F74/><W73/><G73/><T81/><D17/><U51/><E37/><V94/><F111/><W40/><G40/><T39/><D39/><U35/><E35/><V84/><F120/><W33/><G33/><T43/><D43/><U72/><E109/><V27/><F27/><W64/><G64/><N who="0" m="41103" /><D62/><U8/><E75/><V5/><F106/><W88/><G18/><T3/><D3/><U57/><E72/><V77/><F131/><W76/><G76/><T135/><D135/><U36/><E36/><V68/><F68/><N who="3" m="42087" /><G90/><T48/><D48/><U92/><E80/><N who="2" m="47119" /><F134/><W65/><G65/><T21/><D21/><U10/><E57/><V63/><F5/><W11/><G11/><N who="1" m="4138" /><E19/><V93/><F93/><W7/><G7/><T91/><D81/><U99/><E99/><V54/><F54/><AGARI ba="3,0" hai="14,16,20,29,30,44,51,54,92,97,100" m="4138" machi="54" ten="30,3900,0" yaku="8,1,52,1,54,1" doraHai="9" who="1" fromWho="2" sc="267,0,51,48,437,-48,245,0" /><INIT seed="4,0,0,5,0,124" ten="267,99,389,245" oya="0" hai0="118,37,23,99,8,40,53,58,3,72,29,56,110" hai1="45,80,71,16,130,64,84,19,79,25,94,32,112" hai2="73,113,28,51,1,11,119,42,76,62,69,75,7" hai3="87,128,2,133,116,85,59,48,97,67,135,77,63"/><T49/><D118/><U115/><E64/><V100/><F28/><W10/><G116/><T86/><D72/><U24/><E71/><V55/><F100/><W127/><G127/><T121/><D121/><U50/><E94/><V52/><F113/><N who="1" m="43593" /><E130/><V26/><F26/><N who="1" m="10345" /><E32/><V12/><F119/><W34/><G34/><T111/><D99/><U120/><E120/><V134/><F134/><N who="3" m="51211" /><G128/><T114/><D114/><U20/><E20/><V132/><F132/><W14/><G2/><T70/><D23/><U89/><E79/><V57/><F69/><W9/><G97/><T15/><D70/><U108/><E108/><V131/><F131/><W6/><G48/><T60/><D3/><U81/><E81/><V21/><F42/><AGARI ba="0,0" hai="16,19,42,45,50,80,84,89" m="10345,43593" machi="42" ten="30,3900,0" yaku="15,1,11,1,54,1" doraHai="124" who="1" fromWho="2" sc="267,0,99,39,389,-39,245,0" /><INIT seed="5,0,0,1,2,62" ten="267,138,350,245" oya="1" hai0="59,58,42,129,69,125,9,53,52,79,6,33,80" hai1="55,74,31,121,66,118,107,88,112,109,89,25,16" hai2="0,35,75,68,40,65,126,63,103,18,123,84,41" hai3="13,113,124,120,60,131,102,61,14,133,47,117,106"/><U101/><E74/><V11/><F75/><W21/><G120/><T50/><D69/><U77/><E121/><V98/><F123/><W4/><G117/><T2/><D33/><U56/><E118/><V87/><F35/><W128/><G113/><T108/><D108/><U51/><E112/><V122/><F126/><W29/><G106/><T44/><D125/><U127/><E127/><V132/><F132/><W115/><G102/><T114/><D129/><N who="3" m="49737" /><G115/><T73/><D114/><U130/><E130/><V57/><F68/><W39/><G124/><T110/><D110/><U85/><E109/><V94/><F122/><W78/><G78/><T71/><D71/><U45/><E101/><V27/><F27/><N who="3" m="16623" /><G133/><T116/><D116/><U3/><E31/><V104/><F104/><W100/><G100/><T34/><D34/><U28/><E28/><V54/><F54/><W91/><G91/><T82/><D82/><N who="1" m="47311" /><E3/><V97/><F40/><N who="3" m="22943" /><G4/><T134/><D134/><U81/><E107/><V92/><F41/><W1/><G1/><T19/><D42/><U46/><E81/><V7/><F18/><W135/><G135/><T17/><REACH who="0" step="1"/><D44/><REACH who="0" step="2"/><N who="1" m="17003" /><E66/><V8/><F65/><W10/><G13/><T5/><D5/><U43/><E43/><V95/><F7/><W93/><G14/><T20/><D20/><AGARI ba="0,1" hai="16,20,25,51,55,56,88,89" m="17003,47311" machi="20" ten="30,5800,0" yaku="8,1,54,2" doraHai="62" who="1" fromWho="0" sc="257,-58,138,68,350,0,245,0" /><INIT seed="5,1,0,3,2,42" ten="199,206,350,245" oya="1" hai0="85,104,92,19,114,102,62,94,22,91,36,37,118" hai1="69,93,60,33,84,0,61,127,99,74,133,135,15" hai2="14,129,87,124,50,113,47,12,117,126,103,45,67" hai3="64,96,29,41,65,8,55,83,10,58,32,31,35"/><U23/><E74/><V119/><F117/><W11/><G83/><T1/><D118/><U81/><E33/><V38/><F119/><W100/><G41/><T105/><D1/><U5/><E0/><V28/><F129/><W130/><G130/><T13/><D114/><U46/><E127/><N who="2" m="48683" /><F113/><W115/><G115/><T111/><D111/><U40/><E69/><V48/><F103/><W27/><G65/><T54/><D94/><U75/><E75/><V107/><F107/><W59/><G64/><T122/><D122/><U79/><E133/><V120/><F38/><W3/><G3/><T112/><D112/><U52/><E135/><V68/><F28/><W70/><G70/><T128/><D128/><U4/><E40/><N who="2" m="24615" /><F67/><W30/><G27/><T125/><D102/><N who="1" m="60783" /><E4/><V123/><F68/><W90/><G90/><T72/><D72/><U95/><E95/><V109/><F87/><W110/><G110/><T39/><D92/><U53/><E53/><N who="2" m="29919" /><F109/><W106/><REACH who="3" step="1"/><G55/><REACH who="3" step="2"/><T7/><D54/><U66/><E66/><V108/><F108/><W34/><AGARI ba="1,1" hai="8,10,11,29,30,31,32,34,35,58,59,96,100,106" machi="34" ten="40,8000,1" yaku="1,1,2,1,0,1,29,2,53,0" doraHai="42" doraHaiUra="20" who="3" fromWho="3" sc="199,-21,206,-41,350,-21,235,93" /><INIT seed="6,0,0,5,5,97" ten="178,165,329,328" oya="2" hai0="79,46,44,74,61,106,40,20,105,112,6,110,123" hai1="114,50,36,84,104,28,118,92,45,60,63,41,80" hai2="76,56,7,107,86,82,96,126,48,121,34,10,15" hai3="13,26,19,122,3,101,18,83,67,55,73,14,94"/><V16/><F121/><W108/><G122/><T102/><D123/><U98/><E104/><V2/><F34/><W24/><G108/><T133/><D110/><U64/><E118/><V70/><F70/><W31/><G3/><T57/><D102/><N who="1" m="60743" /><E36/><V135/><F135/><W81/><G73/><T22/><D133/><U116/><E116/><V21/><F126/><W49/><G67/><T62/><D112/><U65/><E114/><V35/><F35/><W134/><G134/><T47/><D40/><U103/><E28/><V111/><F111/><W90/><G101/><T89/><D6/><U87/><E103/><V124/><F96/><N who="3" m="57431" /><G83/><T39/><D39/><U77/><E84/><V51/><F107/><W119/><G81/><T5/><D106/><U30/><E30/><V71/><F71/><W37/><G37/><T128/><D105/><U129/><E129/><V85/><F124/><W117/><G117/><T52/><D128/><U0/><E0/><V53/><REACH who="2" step="1"/><F48/><REACH who="2" step="2"/><W131/><G119/><T109/><D109/><U75/><E75/><AGARI ba="0,1" hai="2,7,10,15,16,21,51,53,56,75,76,82,85,86" machi="75" ten="30,11600,0" yaku="1,1,2,1,7,1,54,1,53,0" doraHai="97" doraHaiUra="88" who="2" fromWho="1" sc="178,0,165,-116,319,126,328,0" /><INIT seed="6,1,0,5,2,106" ten="178,49,445,328" oya="2" hai0="13,44,36,60,64,39,22,77,54,63,17,16,131" hai1="74,23,26,117,58,86,67,32,46,34,70,49,10" hai2="75,56,4,105,94,133,1,112,33,108,73,82,80" hai3="55,11,29,134,15,5,84,129,107,104,20,0,30"/><V81/><F33/><W18/><G134/><T66/><D131/><U24/><E117/><V37/><F37/><W9/><G129/><T78/><D39/><U88/><E70/><V90/><F56/><W116/><G116/><T40/><D54/><U12/><E34/><V38/><F38/><W135/><G135/><T41/><D41/><U110/><E32/><V59/><F59/><W123/><G123/><T111/><D111/><U62/><E110/><V47/><F47/><W126/><G126/><T124/><D124/><U99/><E99/><N who="2" m="57815" /><F4/><W76/><G55/><T3/><D3/><U125/><E125/><V79/><F1/><W122/><G122/><T6/><D6/><U89/><E74/><N who="2" m="28171" /><F133/><W121/><G121/><T21/><D63/><U7/><E86/><N who="2" m="48415" /><F108/><W8/><G30/><T83/><D64/><U69/><E69/><V130/><F130/><W53/><G29/><T35/><D35/><U14/><E14/><V65/><F65/><W120/><G53/><T50/><D36/><U113/><E113/><V25/><F25/><W87/><G120/><T114/><D114/><U128/><E128/><V100/><F112/><W109/><G0/><T45/><D45/><U92/><E92/><V57/><F57/><W43/><G5/><T93/><D66/><U28/><REACH who="1" step="1"/><E26/><REACH who="1" step="2"/><V95/><F95/><W42/><G109/><T48/><D93/><U68/><E68/><V127/><F127/><W72/><G15/><T2/><D13/><U103/><E103/><V61/><F100/><W132/><G132/><T91/><D2/><U118/><E118/><V85/><F105/><RYUUKYOKU ba="1,1" sc="178,-10,39,30,445,-10,328,-10" hai1="7,10,12,23,24,28,46,49,58,62,67,88,89" /><INIT seed="7,2,1,2,4,34" ten="168,69,435,318" oya="3" hai0="46,112,77,109,10,120,83,51,87,22,3,20,2" hai1="28,117,79,125,65,110,64,76,92,135,27,73,131" hai2="127,124,25,43,95,72,15,81,32,70,63,56,59" hai3="16,116,123,38,134,36,58,94,113,23,114,119,47"/><W13/><G134/><T62/><D109/><U90/><E27/><V75/><F43/><W126/><G126/><N who="2" m="48169" /><F95/><W24/><G123/><T80/><D120/><U107/><E28/><N who="2" m="19471" /><F15/><W78/><G78/><N who="1" m="29738" /><E65/><N who="2" m="41279" /><F81/><W132/><G132/><T37/><D80/><U49/><E64/><V7/><F7/><W129/><G94/><T41/><D83/><U40/><E49/><V104/><F104/><W121/><G121/><T108/><D51/><U69/><E40/><V18/><F18/><W101/><G58/><AGARI ba="2,1" hai="56,58,59,72,75" m="41279,19471,48169" machi="58" ten="30,1000,0" yaku="18,1" doraHai="34" who="2" fromWho="3" sc="168,0,69,0,435,26,318,-16" owari="168,-23,69,-43,461,56,302,10" /></mjloggm>