<mjloggm ver="2.3"><GO type="97"/><UN n0="%E3%82%A6%E3%83%AB%E3%83%88%E3%83%A9%E7%AB%8B%E7%9B%B4" n1="%E6%A5%B5%E9%99%90%E5%A0%82" n2="%E3%82%AA%E3%83%BC%E3%83%A9%E7%8E%89" n3="%E5%81%A5%E5%A6%82" dan="13,16,14,13" rate="1813,2120,1957,1801" sx="M,M,M,M"/><TAIKYOKU oya="0"/><INIT seed="0,0,0,4,2,73" ten="250,250,250,250" oya="0" hai0="116,81,76,24,7,108,132,126,3,37,100,80,48" hai1="106,105,113,15,51,42,64,119,23,127,128,49,2" hai2="36,111,78,57,63,125,58,131,38,67,6,94,10" hai3="97,52,83,84,129,27,90,59,53,21,4,75,85"/><T0/><D37/><U103/><E119/><V45/><F111/><W14/><G129/><T12/><D116/><U110/><E2/><V11/><F131/><W60/><G75/><T121/><D81/><U29/><E110/><V123/><F125/><W43/><G43/><T82/><D82/><U28/><E127/><V70/><F123/><W115/><G115/><T31/><D121/><U18/><E128/><V69/><F94/><W40/><G40/><T16/><D7/><U34/><E113/><V41/><F11/><W86/><G53/><T79/><D108/><U95/><E64/><V107/><F107/><W65/><G65/><T61/><D61/><U20/><E34/><V13/><F36/><W118/><G97/><T66/><D66/><U56/><E95/><V99/><F99/><W112/><G112/><T93/><D48/><U89/><E42/><V26/><F78/><N who="0" m="29738" /><D80/><U74/><E74/><V33/><REACH who="2" step="1"/><F70/><REACH who="2" step="2"/><W22/><G118/><T87/><D126/><U55/><E105/><V68/><F68/><W91/><G83/><T1/><D93/><U50/><E106/><V122/><F122/><W25/><G91/><T102/><D87/><U130/><E89/><V77/><F77/><W104/><G90/><T98/><D98/><U47/><E130/><V62/><F62/><W30/><G104/><T72/><D72/><U8/><E103/><V117/><F117/><W9/><G86/><T96/><D96/><U19/><E50/><V35/><F35/><W32/><G32/><N who="0" m="20583" /><D100/><U46/><E49/><V114/><F114/><W88/><G88/><T92/><D102/><RYUUKYOKU ba="0,1" sc="250,-15,250,-15,240,15,250,15" hai2="6,10,13,26,33,38,41,45,57,58,63,67,69" hai3="4,9,14,21,22,25,27,30,52,59,60,84,85" /><INIT seed="1,1,1,3,0,6" ten="235,235,255,265" oya="1" hai0="65,125,57,50,36,19,79,100,121,32,78,130,87" hai1="107,11,102,90,0,95,119,105,62,8,35,134,122" hai2="96,110,26,56,128,60,76,92,120,20,86,40,42" hai3="114,98,80,4,112,28,108,27,75,1,29,116,103"/><U5/><E119/><V14/><F110/><W33/><G29/><T18/><D36/><U123/><E35/><V109/><F109/><W115/><G108/><T43/><D32/><U39/><E39/><V53/><F128/><W49/><G49/><T73/><D73/><U70/><E134/><V97/><F120/><W82/><G116/><T118/><D118/><U9/><E5/><V89/><F14/><W67/><G75/><T61/><D130/><U2/><E122/><V55/><F55/><W24/><G24/><T58/><D125/><U15/><E15/><V111/><F111/><W71/><G4/><T47/><D100/><U38/><E38/><V84/><F97/><W68/><G68/><T63/><D121/><U54/><E123/><V30/><REACH who="2" step="1"/><F76/><REACH who="2" step="2"/><N who="0" m="29226" /><D87/><AGARI ba="1,2" hai="20,26,30,40,42,53,56,60,84,86,87,89,92,96" machi="87" ten="40,5200,0" yaku="1,1,8,1,53,1" doraHai="6" doraHaiUra="17" who="2" fromWho="0" sc="235,-55,235,0,245,75,265,0" /><INIT seed="2,0,0,2,5,116" ten="180,235,320,265" oya="2" hai0="84,70,129,94,32,17,111,107,104,90,126,9,133" hai1="26,14,82,79,87,33,108,3,117,12,67,132,27" hai2="105,42,124,31,89,52,29,122,4,13,28,8,5" hai3="112,135,62,35,97,93,24,74,134,61,102,21,109"/><V47/><F47/><W73/><G35/><T118/><D32/><U20/><E117/><V41/><F41/><W16/><G109/><T113/><D70/><U59/><E108/><V19/><F19/><W83/><G112/><T43/><D118/><U131/><E3/><V2/><F2/><W37/><G37/><T92/><D43/><U77/><E131/><V86/><F86/><W114/><G114/><T103/><D17/><N who="1" m="10279" /><E33/><V76/><F105/><N who="0" m="40522" /><D9/><U48/><E132/><N who="3" m="50730" /><G83/><N who="0" m="49439" /><D113/><U15/><E77/><V18/><F76/><W130/><G130/><T119/><D119/><U123/><E123/><V49/><F42/><W0/><G0/><T55/><D55/><N who="1" m="32231" /><E67/><V36/><F122/><W34/><G34/><T69/><D69/><U120/><E120/><V128/><F36/><W23/><G23/><T54/><D133/><U45/><E45/><V11/><F11/><W64/><G64/><T101/><D54/><U75/><E75/><AGARI ba="0,0" hai="16,21,24,61,62,73,74,75,93,97,102" m="50730" machi="75" ten="30,2000,0" yaku="20,1,54,1" doraHai="116" who="3" fromWho="1" sc="180,0,235,-20,320,0,265,20" /><INIT seed="3,0,0,2,5,110" ten="180,215,320,285" oya="3" hai0="81,131,27,65,52,132,1,12,37,73,95,24,29" hai1="113,100,129,51,96,103,75,125,32,84,80,126,54" hai2="107,5,72,90,42,109,85,104,48,94,98,108,23" hai3="49,106,50,117,99,56,123,17,41,3,102,16,28"/><W114/><G114/><T71/><D1/><U43/><E32/><V67/><F5/><W59/><G117/><T13/><D37/><U68/><E68/><V115/><F67/><W36/><G3/><T118/><D118/><U121/><E121/><V0/><F0/><W69/><G69/><T60/><D131/><U92/><E129/><V19/><F72/><W40/><G123/><T88/><D132/><U122/><E122/><V70/><F70/><W14/><G28/><T44/><D81/><U20/><E43/><V58/><F115/><W127/><G127/><N who="1" m="48650" /><E75/><V66/><F66/><W4/><G4/><T128/><D73/><U112/><E20/><V47/><F58/><W116/><G116/><T53/><D128/><U6/><E6/><V89/><F109/><W62/><G59/><T39/><D39/><U18/><E18/><V91/><F108/><W63/><G63/><T46/><D46/><N who="1" m="28023" /><E103/><N who="2" m="60887" /><F107/><W119/><G119/><T83/><D83/><U26/><E26/><N who="2" m="14719" /><F104/><W120/><G120/><T35/><D27/><U38/><E38/><V7/><F7/><W135/><G135/><T11/><D44/><U105/><E105/><V93/><AGARI ba="0,0" hai="42,47,48,85,89,90,91,93" m="14719,60887" machi="93" ten="30,1100,0" yaku="8,1" doraHai="110" who="2" fromWho="2" sc="180,-3,215,-3,320,11,285,-5" owari="177,-32,212,-19,331,43,280,8" /></mjloggm>