<mjloggm ver="2.3"><GO type="97"/><UN n0="%E3%82%A6%E3%83%AB%E3%83%88%E3%83%A9%E7%AB%8B%E7%9B%B4" n1="%EF%BD%81%EF%BD%8D%EF%BD%92" n2="%64%65%63%5F%73%6F%72%64" n3="%72%61%6E%62%6F%6F" dan="13,13,14,13" rate="1807,1907,1970,1848" sx="M,M,M,M"/><TAIKYOKU oya="0"/><INIT seed="0,0,0,2,1,31" ten="250,250,250,250" oya="0" hai0="43,11,127,133,58,10,29,41,116,107,37,128,104" hai1="9,117,102,65,77,131,0,86,129,1,94,88,39" hai2="5,22,53,67,108,30,122,51,83,80,44,46,13" hai3="112,60,47,111,45,17,135,125,6,59,4,132,23" shuffle="mt19937ar,2028433F,EBBBE7B4,B45534D7,696EBD12,36D53753,97CA50C4,6B421576,4C838024"/><T61/><D116/><U91/><E39/><V66/><F122/><W52/><G112/><T95/><D37/><U72/><E117/><V96/><F108/><W115/><G111/><T49/><D29/><U120/><E120/><V64/><F96/><W21/><G125/><T16/><D127/><U130/><E102/><V18/><F5/><N who="3" m="2155" /><G115/><T36/><D36/><U124/><E124/><V70/><F70/><W114/><G114/><T27/><D104/><U34/><E9/><N who="0" m="3081" /><D107/><U54/><E65/><V56/><F30/><W55/><G23/><N who="0" m="13799" /><D128/><U126/><E126/><V28/><F28/><W33/><G55/><N who="0" m="34015" /><D133/><N who="3" m="51273" /><G33/><T119/><D119/><U73/><E34/><V121/><F121/><W81/><G81/><AGARI ba="0,0" hai="13,18,22,44,46,51,53,56,64,66,67,80,81,83" machi="81" ten="40,1300,0" yaku="8,1" doraHai="31" who="2" fromWho="3" sc="250,0,250,0,250,13,250,-13" /><INIT seed="1,0,0,4,2,130" ten="250,250,263,237" oya="1" hai0="0,25,78,97,128,115,80,71,108,132,3,84,65" hai1="39,4,21,6,64,98,57,120,96,134,118,68,125" hai2="28,22,56,113,129,72,44,7,59,79,23,49,16" hai3="40,43,38,33,90,119,112,35,46,31,9,124,95" shuffle="mt19937ar,32533E35,B10DB3CB,C1467730,A9BC2FBE,652E4861,19FE117B,5E700D87,4DEBD043"/><U103/><E120/><V11/><F113/><W54/><G119/><T24/><D115/><U106/><E118/><V74/><F129/><W58/><G112/><T127/><D128/><U52/><E39/><V116/><F116/><W61/><G124/><T94/><D127/><U91/><E125/><V85/><F74/><W32/><G9/><T36/><D36/><U5/><E134/><V77/><F72/><W73/><G43/><T76/><D71/><U81/><E21/><V123/><F123/><W1/><G73/><T13/><D65/><U70/><E64/><V15/><F28/><W133/><G1/><T99/><D13/><U55/><E55/><V121/><F121/><W100/><G100/><T12/><D12/><U126/><E126/><V131/><F131/><W75/><G75/><T101/><D108/><U86/><REACH who="1" step="1"/><E98/><REACH who="1" step="2"/><V29/><F29/><W83/><G133/><T92/><D132/><U107/><E107/><V67/><F85/><W50/><G31/><T88/><D3/><U135/><E135/><V63/><F23/><W48/><REACH who="3" step="1"/><G83/><REACH who="3" step="2"/><T89/><D0/><U53/><E53/><N who="2" m="31791" /><F44/><W19/><G19/><T82/><D25/><AGARI ba="0,2" hai="7,11,15,16,22,25,59,63,67,77,79" m="31791" machi="25" ten="30,2000,0" yaku="8,1,54,1" doraHai="130" who="2" fromWho="0" sc="250,-20,240,0,263,40,227,0" /><INIT seed="2,0,0,4,4,41" ten="230,240,303,227" oya="2" hai0="54,81,58,75,126,87,45,52,71,120,68,49,129" hai1="89,46,60,84,3,83,64,22,134,0,73,92,122" hai2="26,70,131,82,102,8,40,130,117,47,91,30,2" hai3="96,78,62,121,9,107,118,79,33,100,1,94,97" shuffle="mt19937ar,41C3322E,7BB3E971,BE35F394,7BE926EE,57609413,0F7529C1,D8CD4A09,45FCE105"/><V104/><F117/><W115/><G121/><T101/><D75/><U13/><E122/><V90/><F70/><W119/><G115/><T66/><D120/><U74/><E134/><V124/><F124/><W56/><G33/><T31/><D101/><U24/><E13/><V110/><F82/><W105/><G119/><T42/><D31/><U113/><E113/><V112/><F112/><W51/><G51/><T77/><D126/><U43/><E73/><V103/><F110/><W48/><G48/><T53/><REACH who="0" step="1"/><D129/><REACH who="0" step="2"/><U28/><E74/><V61/><F103/><W125/><G118/><T85/><D85/><U76/><E76/><V57/><F102/><W4/><G125/><T63/><AGARI ba="0,1" hai="42,45,49,52,53,54,58,63,66,68,71,77,81,87" machi="63" ten="30,8000,1" yaku="1,1,0,1,52,1,54,1,53,1" doraHai="41" doraHaiUra="55" who="0" fromWho="0" sc="220,90,240,-20,303,-40,227,-20" /><INIT seed="3,0,0,4,2,107" ten="310,220,263,207" oya="3" hai0="72,103,118,2,93,32,58,37,60,6,69,31,10" hai1="99,123,104,46,126,116,0,76,47,135,21,62,57" hai2="11,26,106,54,105,127,79,23,55,88,125,75,56" hai3="101,39,112,43,14,81,1,44,50,42,29,115,12" shuffle="mt19937ar,4C538EC7,4F0A761A,91D74EC6,3BA784C5,9149964A,BFE7E301,4CFFEBCF,0B8BFBFB"/><W73/><G1/><T41/><D72/><U84/><E123/><V59/><F11/><W70/><G70/><T78/><D78/><U102/><E0/><V65/><F65/><W89/><G43/><T63/><D118/><U87/><E116/><V134/><F134/><W33/><G101/><T51/><D37/><U85/><E135/><V68/><F68/><W121/><G121/><T97/><D69/><U20/><E76/><V117/><F117/><W130/><G130/><T25/><D41/><U30/><E126/><N who="2" m="48139" /><F23/><W15/><G39/><T17/><D51/><U40/><E30/><V67/><F26/><W74/><G29/><T18/><D60/><U98/><E98/><V91/><F67/><AGARI ba="0,0" hai="2,6,10,17,18,25,31,32,58,63,67,93,97,103" machi="67" ten="30,1000,0" yaku="7,1" doraHai="107" who="0" fromWho="2" sc="310,10,220,0,263,-10,207,0" owari="320,32,220,-13,253,0,207,-19" /></mjloggm>