<mjloggm ver="2.3"><GO type="137"/><UN n0="%E3%81%A8%E3%82%8A%E3%81%AD%E3%81%8E" n1="%E9%AD%94%E6%B3%95%E3%81%AE%E3%83%8F%E3%82%B3%E3%83%BC%E3%83%B3" n2="%E3%83%92%E3%83%AD%E3%82%A2%E3%82%AD" n3="%E3%82%A6%E3%83%AB%E3%83%88%E3%83%A9%E7%AB%8B%E7%9B%B4" dan="10,11,12,10" rate="1483,1589,1693,1762" sx="M,M,M,M"/><TAIKYOKU oya="0"/><INIT seed="0,0,0,4,3,25" ten="250,250,250,250" oya="0" hai0="54,95,9,1,28,41,42,53,118,90,130,135,93" hai1="14,20,133,84,87,128,39,108,64,17,56,47,103" hai2="57,107,120,16,76,117,3,74,18,66,59,100,10" hai3="129,49,97,112,30,36,96,86,62,37,61,92,43" shuffle="mt19937ar,2024F424,DB833104,170063F8,B0637D1F,039BED21,F6A80542,DFADF263,E3DE33B5"/><T80/><D118/><U50/><E133/><V15/><F120/><W22/><G37/><T4/><D135/><U21/><E128/><V81/><F117/><W26/><G36/><T51/><D130/><U33/><E108/><V67/><F3/><W123/><G112/><T109/><D54/><U127/><E39/><V73/><F73/><W105/><G105/><T111/><D28/><U11/><E33/><V124/><F124/><W12/><G129/><T126/><D80/><U38/><E127/><V45/><F45/><N who="3" m="25791" /><G12/><T99/><D95/><U88/><E38/><V5/><F5/><W75/><G75/><T65/><D65/><U46/><E103/><V79/><F79/><W131/><G131/><T91/><D91/><U2/><E2/><V72/><F72/><W6/><G6/><T106/><D106/><U122/><E122/><V32/><F32/><W23/><G23/><T114/><D114/><U34/><E34/><V69/><F69/><W19/><G19/><T29/><D29/><U55/><E84/><V40/><F40/><W116/><G116/><T113/><D113/><U132/><E132/><V77/><F77/><W119/><G119/><T0/><D0/><U60/><REACH who="1" step="1"/><E46/><REACH who="1" step="2"/><V134/><F134/><W71/><G123/><T24/><D126/><U70/><E70/><V52/><F59/><W82/><G71/><T104/><D111/><U63/><E63/><N who="3" m="24074" /><G92/><AGARI ba="0,1" hai="11,14,17,20,21,47,50,55,56,60,64,87,88,92" machi="92" ten="30,7700,0" yaku="1,1,7,1,8,1,54,1,53,0" doraHai="25" doraHaiUra="101" who="1" fromWho="3" sc="250,0,240,87,250,0,250,-77" /><INIT seed="1,0,0,5,5,77" ten="250,327,250,173" oya="1" hai0="118,52,86,54,117,102,108,90,42,119,10,93,127" hai1="133,38,103,48,59,80,60,99,23,2,9,85,64" hai2="33,69,76,98,116,27,92,17,65,18,62,115,84" hai3="35,1,6,47,70,126,75,71,7,81,13,39,32" shuffle="mt19937ar,669AFDBA,010B3DB7,29214FF6,D929BE8E,AB5FF520,CD1B3A1F,A15F8744,0B32DAC6"/><U88/><E38/><V57/><F116/><W91/><G13/><T53/><D42/><U5/><E133/><V51/><F115/><W68/><G7/><T36/><D36/><U0/><E48/><V96/><F96/><W112/><G91/><T87/><D102/><U72/><E72/><V3/><F3/><W121/><G112/><T40/><D40/><U21/><REACH who="1" step="1"/><E0/><REACH who="1" step="2"/><V14/><F51/><W101/><G121/><T66/><D127/><U97/><E97/><V82/><F69/><W104/><G126/><T106/><D108/><U67/><E67/><V24/><F33/><W30/><G35/><T83/><D117/><U73/><E73/><V105/><F105/><AGARI ba="0,1" hai="2,5,9,21,23,59,60,64,80,85,88,99,103,105" machi="105" ten="30,11600,0" yaku="1,1,7,1,52,1,54,1,53,0" doraHai="77" doraHaiUra="120" who="1" fromWho="2" sc="250,0,317,126,250,-116,173,0" /><INIT seed="1,1,0,2,3,56" ten="250,443,134,173" oya="1" hai0="134,101,83,12,17,117,23,65,59,42,128,45,5" hai1="97,9,62,11,19,20,40,29,22,100,27,69,64" hai2="107,41,13,1,67,89,82,129,126,116,26,32,43" hai3="57,122,66,15,25,132,95,2,79,119,130,18,114" shuffle="mt19937ar,257D8A2D,399E9C02,80C43707,2A6DEC90,55519DA4,E6BDE266,248DC694,BCE91877"/><U88/><E40/><V7/><F116/><W94/><G2/><T96/><D117/><U8/><E88/><V111/><F107/><W124/><G119/><T118/><D118/><U74/><E74/><V14/><F111/><W103/><G122/><T87/><D5/><U47/><E47/><V76/><F126/><W68/><G68/><T108/><D108/><U70/><E70/><V110/><F110/><W39/><G39/><T120/><D120/><U75/><E75/><V3/><F129/><W34/><G114/><T50/><D128/><U99/><REACH who="1" step="1"/><E100/><REACH who="1" step="2"/><V49/><F41/><W61/><G103/><T93/><D45/><U24/><AGARI ba="1,1" hai="8,9,11,19,20,22,24,27,29,62,64,69,97,99" machi="24" ten="30,12000,1" yaku="1,1,2,1,0,1,52,1,53,1" doraHai="56" doraHaiUra="60" who="1" fromWho="1" sc="250,-41,433,133,134,-41,173,-41" /><INIT seed="1,2,0,0,1,62" ten="209,566,93,132" oya="1" hai0="77,128,127,108,45,78,35,42,41,52,104,112,107" hai1="65,40,125,121,59,25,14,94,87,5,31,54,43" hai2="55,100,21,44,82,22,103,23,88,4,120,91,38" hai3="118,61,102,114,6,60,66,67,70,48,85,76,83" shuffle="mt19937ar,410492DE,BF91F0A6,549B89DE,71013E3E,6D5BC4B9,A5C58152,53454DA3,5D2E411C"/><U99/><E121/><V17/><F120/><W12/><G114/><T19/><D35/><U16/><E125/><V75/><F4/><W56/><G102/><T57/><D127/><U51/><E5/><V69/><F69/><W0/><G0/><T110/><D112/><U68/><E87/><V11/><F11/><W24/><G118/><T93/><D45/><U116/><E116/><V97/><F38/><W96/><G96/><T122/><D122/><U105/><E105/><N who="0" m="40521" /><D19/><U126/><E126/><V79/><F100/><W124/><G124/><T64/><D93/><U92/><E68/><V1/><F1/><W90/><G24/><T2/><D2/><U115/><E115/><V89/><F44/><W9/><REACH who="3" step="1"/><G48/><REACH who="3" step="2"/><T106/><D128/><U13/><E25/><V135/><F135/><W72/><G72/><T47/><D110/><U95/><E99/><V18/><F103/><W109/><G109/><T74/><D74/><U130/><E130/><V39/><F97/><W119/><G119/><T26/><D108/><U111/><E31/><V50/><F39/><W37/><G37/><N who="0" m="21935" /><D26/><U113/><E111/><V20/><F50/><W3/><G3/><T58/><D106/><U33/><E113/><V131/><F131/><W32/><G32/><T27/><D27/><U49/><E33/><V63/><F63/><W71/><G71/><T84/><D58/><U98/><E98/><V36/><N who="2" m="5632" /><DORA hai="129" /><V29/><F36/><W134/><G134/><T133/><D57/><U15/><E51/><V86/><F29/><W8/><G8/><T80/><D133/><U101/><E49/><RYUUKYOKU ba="2,1" sc="209,-10,566,-10,93,-10,122,30" hai3="6,9,12,56,60,61,66,67,70,76,83,85,90" /><INIT seed="2,3,1,2,5,66" ten="199,556,83,152" oya="2" hai0="74,109,24,16,131,75,73,13,50,0,19,38,90" hai1="61,62,135,2,21,129,48,85,108,57,89,68,1" hai2="54,91,115,33,111,125,4,101,123,43,49,126,71" hai3="40,122,132,18,30,3,79,100,58,105,97,39,42" shuffle="mt19937ar,3A900D87,7A4AF20D,3ACAC6FC,CD0E0B36,D00D2FA5,059BC5D2,34B7239A,A382274A"/><V9/><F33/><W110/><G3/><T78/><D38/><U118/><E108/><V112/><F123/><W107/><G122/><T87/><D0/><U113/><E135/><V134/><F101/><W34/><G107/><T69/><D69/><U56/><E129/><V133/><F91/><W67/><G79/><T76/><D109/><U26/><E118/><V103/><F103/><W46/><G42/><T77/><D131/><U99/><E113/><N who="2" m="43595" /><F4/><W70/><G58/><T52/><D13/><U35/><E99/><V72/><F9/><W64/><G64/><T17/><D24/><U15/><E35/><V10/><F10/><W20/><G110/><T96/><D96/><U128/><E128/><V14/><F14/><W32/><G132/><N who="2" m="50793" /><F72/><W120/><G120/><T41/><D41/><U127/><E127/><N who="2" m="48651" /><F111/><W116/><G32/><T7/><D7/><U22/><E15/><V102/><F102/><W94/><G20/><T36/><D19/><N who="1" m="12607" /><E22/><V104/><F104/><W82/><G18/><T55/><D17/><U27/><E27/><V80/><F80/><W130/><G82/><T88/><D16/><U92/><E2/><V5/><F5/><W83/><G83/><T63/><D90/><U86/><E1/><V11/><F11/><W12/><G12/><T37/><D75/><U121/><E86/><V93/><F93/><W29/><G94/><N who="0" m="54559" /><D74/><U47/><E121/><V6/><F6/><W81/><G81/><T117/><D73/><U95/><E95/><V31/><F31/><W53/><G130/><T59/><D78/><U25/><E25/><V114/><F114/><RYUUKYOKU ba="3,1" sc="199,0,556,0,83,0,152,0" /><INIT seed="3,4,1,2,4,115" ten="199,556,83,152" oya="3" hai0="5,70,22,46,105,127,10,31,42,86,58,113,118" hai1="27,121,117,106,132,60,41,39,54,14,63,108,2" hai2="83,103,56,74,50,101,11,48,110,3,84,96,65" hai3="104,76,116,43,51,128,85,64,90,20,77,7,55" shuffle="mt19937ar,E35AEFA2,F4C08171,6205D6D6,FB084206,B0933B6E,E44F1763,91CA3BD8,B519FD9E"/><W94/><G104/><T61/><D118/><U81/><E121/><V82/><F110/><W98/><G43/><T72/><D113/><U123/><E123/><V93/><F103/><W133/><G64/><T126/><D70/><U18/><E2/><V97/><F97/><W30/><G7/><T134/><D105/><U79/><E117/><V40/><F74/><W28/><G116/><T73/><D134/><U6/><E106/><V36/><F36/><W4/><G133/><T92/><D126/><U78/><E132/><V67/><F83/><W12/><G128/><T135/><D92/><U16/><E108/><V89/><F50/><W1/><G1/><T129/><D86/><N who="1" m="48439" /><E79/><N who="3" m="30282" /><G98/><T45/><D45/><U62/><E39/><V53/><F40/><W125/><G125/><T91/><D91/><U111/><E41/><V34/><F34/><W88/><G90/><T17/><D31/><U120/><E111/><V107/><F107/><W131/><G131/><T57/><D57/><N who="1" m="34871" /><E120/><V59/><F59/><N who="3" m="33279" /><G4/><T15/><D127/><U0/><E0/><V23/><REACH who="2" step="1"/><F23/><REACH who="2" step="2"/><W44/><G44/><T68/><D129/><U21/><E18/><AGARI ba="4,2" hai="12,18,20,28,30,85,88,94" m="33279,30282" machi="18" ten="30,5800,0" yaku="25,1,8,1,54,1" doraHai="115" who="3" fromWho="1" sc="199,0,556,-70,73,0,152,90" /><INIT seed="3,5,0,5,1,70" ten="199,486,73,242" oya="3" hai0="14,69,21,75,22,30,125,9,104,98,86,25,3" hai1="27,112,97,129,5,41,130,88,87,117,68,51,62" hai2="33,72,67,108,122,23,24,116,89,2,13,39,76" hai3="90,28,44,1,32,11,128,37,135,134,12,53,36" shuffle="mt19937ar,278D85E9,7EE2856C,899017A8,F237759F,D305E25A,2892675E,70428588,EB4E0419"/><W96/><G1/><T101/><D69/><U110/><E112/><V57/><F116/><W52/><G28/><T71/><D71/><U66/><E117/><V50/><F108/><W19/><G32/><T99/><D75/><U132/><E110/><V58/><F122/><W26/><G26/><T124/><D98/><U40/><E132/><N who="3" m="50730" /><G128/><N who="1" m="49258" /><E97/><V106/><F39/><N who="3" m="14923" /><G44/><T133/><D3/><U0/><E27/><V56/><F106/><W49/><G49/><T42/><D86/><U79/><E79/><V38/><F38/><W119/><G119/><T64/><D42/><U61/><E61/><V102/><F2/><W105/><G90/><T118/><D118/><U34/><E34/><V123/><F123/><W20/><G11/><T4/><D64/><U16/><E51/><V80/><F33/><W17/><G17/><T15/><D133/><U78/><E78/><V55/><F102/><AGARI ba="5,0" hai="12,19,20,52,53,96,102,105" m="14923,50730" machi="102" ten="30,12000,1" yaku="20,1,52,3,54,1" doraHai="70" who="3" fromWho="2" sc="199,0,486,0,73,-135,242,135" owari="199,-20,486,58,-62,-56,377,18" /></mjloggm>