<mjloggm ver="2.3"><GO type="65"/><UN n0="%E3%83%8B%E3%83%A5%E3%83%BC%E6%84%9B%E3%82%B1%E3%82%A4" n1="%E9%A7%92%E9%87%8C" n2="%E3%82%A6%E3%83%AB%E3%83%88%E3%83%A9%E7%AB%8B%E7%9B%B4" n3="%6F%6D%69" dan="3,10,9,11" rate="1397,1567,1721,1582" sx="M,M,M,F"/><TAIKYOKU oya="0"/><INIT seed="0,0,0,0,2,102" ten="250,250,250,250" oya="0" hai0="94,7,59,51,103,16,49,14,43,85,9,36,127" hai1="13,115,27,119,117,77,29,76,72,31,68,53,123" hai2="54,61,6,106,2,124,113,87,70,50,17,73,28" hai3="112,0,18,25,66,63,10,100,89,33,92,39,99" shuffle="mt19937ar,4A57B394,C5646BC8,3708EF02,CDF4055C,8A6466DB,4A9EDF04,CFC1BBC9,446F359A"/><T80/><D127/><U81/><E123/><V40/><F73/><W110/><G112/><T82/><D36/><U1/><E1/><V133/><F124/><W88/><G39/><T5/><D43/><U129/><E115/><V4/><F113/><W74/><G74/><T97/><D59/><U32/><E129/><V37/><F28/><W69/><G110/><T26/><D26/><U126/><E126/><V56/><F17/><W58/><G69/><T8/><D51/><U42/><E42/><V52/><F87/><W90/><G33/><T19/><D49/><U44/><E68/><V35/><F35/><W41/><G41/><T105/><D85/><U93/><E76/><V48/><F4/><W79/><G79/><T116/><D116/><U109/><E109/><V30/><F30/><W114/><G114/><T38/><D38/><U34/><E93/><V55/><F6/><N who="0" m="2058" /><D105/><U118/><E13/><AGARI ba="0,0" hai="8,9,13,14,16,19,80,82,94,97,103" m="2058" machi="13" ten="30,2900,0" yaku="8,1,54,1" doraHai="102" who="0" fromWho="1" sc="250,29,250,-29,250,0,250,0" /><INIT seed="0,1,0,1,1,87" ten="279,221,250,250" oya="0" hai0="53,132,60,40,22,33,52,90,109,31,19,95,79" hai1="47,28,46,66,12,84,127,48,81,118,1,99,8" hai2="15,113,114,134,89,72,116,71,93,86,14,44,63" hai3="54,27,30,98,123,24,7,65,16,115,62,20,110" shuffle="mt19937ar,0EF7F847,81331079,5A89E174,3EE14EB8,3E312DD9,05BB5D71,ED3F775B,61AAFE9C"/><T105/><D105/><U102/><E118/><V29/><F72/><W126/><G115/><T59/><D79/><U49/><E1/><V133/><F116/><W77/><G7/><T70/><D40/><U76/><E127/><V121/><F29/><W100/><G126/><T57/><D132/><N who="2" m="50794" /><F44/><W135/><G135/><T92/><D33/><U69/><E69/><V55/><F121/><W37/><G37/><T25/><D31/><U128/><E128/><V68/><F15/><W38/><G38/><T119/><D119/><U101/><E66/><V94/><F14/><W117/><G117/><T80/><D80/><U51/><E51/><V32/><F32/><W41/><G41/><T58/><D109/><U35/><E35/><V61/><F94/><N who="0" m="35882" /><D70/><N who="2" m="26666" /><F55/><N who="0" m="21066" /><D90/><U122/><E122/><V2/><F2/><W17/><G123/><T96/><D96/><U5/><E28/><V21/><F21/><N who="3" m="13351" /><G77/><T73/><D73/><U4/><E4/><V36/><F36/><W129/><G129/><T97/><D97/><U106/><E106/><V3/><F3/><W18/><G110/><T75/><D75/><U124/><E124/><V83/><F83/><W85/><G85/><T45/><D45/><U78/><E78/><V26/><F26/><W108/><G54/><AGARI ba="1,0" hai="19,22,25,54,57,58,59,60" m="21066,35882" machi="54" ten="30,2900,0" yaku="8,1,54,1" doraHai="87" who="0" fromWho="3" sc="279,32,221,0,250,0,250,-32" /><INIT seed="0,2,0,2,1,34" ten="311,221,250,218" oya="0" hai0="102,63,37,121,130,25,111,59,55,58,97,78,115" hai1="60,45,85,27,94,86,119,24,68,54,83,123,66" hai2="2,21,23,0,77,43,134,89,84,64,57,14,114" hai3="126,98,20,16,53,13,101,104,1,70,96,38,90" shuffle="mt19937ar,BFC7AF44,BAB9321F,F8C8A192,B7E1480E,430CFA45,BBA9421A,8B9AF6D8,7FBAAF25"/><T122/><D115/><U33/><E119/><V87/><F114/><W10/><G38/><T124/><D37/><U131/><E123/><V42/><F134/><W39/><G39/><T35/><D130/><U71/><E131/><V4/><F77/><W103/><G70/><T8/><D78/><U15/><E68/><V28/><F28/><W99/><G126/><T127/><D111/><U107/><E107/><V117/><F117/><W135/><G135/><T67/><D8/><U92/><E85/><V93/><F57/><N who="0" m="21514" /><D35/><U9/><E27/><V132/><F64/><W11/><G53/><T79/><D25/><U125/><E125/><N who="0" m="48201" /><D79/><U46/><E46/><V105/><F105/><W22/><G90/><T120/><D55/><U69/><E69/><V19/><F132/><W113/><G113/><T76/><D76/><U100/><E100/><N who="3" m="38474" /><G1/><T109/><D109/><U41/><E41/><V81/><F21/><N who="3" m="8299" /><G104/><N who="0" m="63567" /><D120/><U129/><E129/><V62/><F62/><W5/><G5/><T108/><D108/><U51/><E24/><V31/><F31/><W18/><G13/><T12/><D12/><U133/><E133/><V36/><F4/><W61/><G61/><T82/><D82/><U29/><E29/><V80/><F93/><W7/><G7/><T128/><D128/><U30/><E30/><V110/><F110/><W106/><G106/><T17/><D17/><AGARI ba="2,0" hai="10,11,16,17,18,96,98,99" m="8299,38474" machi="17" ten="30,7700,0" yaku="28,2,8,1,54,1" doraHai="34" who="3" fromWho="0" sc="311,-83,221,0,250,0,218,83" /><INIT seed="1,0,0,0,1,13" ten="228,221,250,301" oya="1" hai0="51,68,89,59,11,135,46,87,64,18,126,53,26" hai1="52,82,66,108,114,95,32,81,107,112,14,60,20" hai2="28,21,132,42,117,69,97,41,43,61,0,96,119" hai3="22,113,77,130,83,12,4,67,63,7,133,54,104" shuffle="mt19937ar,A973F5DE,7C428604,1D97F84F,03F9AF06,9B3D02DC,A8EEDA0D,096322B2,1EB104C4"/><U103/><E32/><V25/><F0/><W86/><G113/><T58/><D11/><U17/><E107/><V105/><F105/><W70/><G104/><T72/><D72/><U88/><E103/><V90/><F132/><W110/><G133/><T56/><D89/><U84/><E108/><V38/><F38/><W85/><G110/><T94/><D26/><U115/><E66/><V49/><F49/><W121/><G121/><T45/><D18/><U10/><E10/><V102/><F102/><W124/><G124/><T55/><D87/><U122/><E122/><V44/><F44/><N who="0" m="17002" /><D94/><U74/><E74/><V47/><F47/><W29/><G130/><T78/><D78/><U19/><E17/><V57/><F69/><W75/><G54/><N who="0" m="31839" /><D126/><U30/><E30/><V131/><F131/><W106/><G106/><T24/><D24/><U127/><E127/><V125/><F125/><W101/><G101/><T76/><D76/><U15/><E15/><V16/><F28/><W37/><G37/><T31/><D31/><U128/><E128/><V39/><F39/><W134/><G134/><T50/><D135/><U27/><E27/><V93/><REACH who="2" step="1"/><F97/><REACH who="2" step="2"/><W80/><G29/><T109/><D109/><U118/><E118/><V2/><F2/><W36/><G36/><T33/><D33/><U92/><E92/><V123/><F123/><W111/><G111/><T48/><D68/><U23/><E23/><V6/><F6/><W116/><G116/><T65/><AGARI ba="0,1" hai="48,50,53,55,58,59,64,65" m="31839,17002" machi="65" ten="30,12000,2" yaku="8,1,35,5" doraHai="13" who="0" fromWho="0" sc="228,130,221,-60,240,-30,301,-30" /><INIT seed="2,0,0,1,2,112" ten="358,161,210,271" oya="2" hai0="34,14,49,45,17,15,96,134,29,111,41,92,27" hai1="62,63,85,24,89,54,30,95,44,98,12,126,23" hai2="132,55,99,64,39,104,83,21,13,79,76,48,105" hai3="25,91,88,0,80,70,82,131,38,59,56,113,118" shuffle="mt19937ar,0AA7234A,69F2AAE9,A7B7C5A9,DA3478FD,530C29AA,0063B84C,347F33E7,8CC857C8"/><V125/><F39/><W73/><G118/><T97/><D134/><U129/><E126/><V5/><F132/><W94/><G38/><T9/><D111/><U1/><E1/><V65/><F125/><W46/><G70/><T42/><D92/><U7/><E7/><V128/><F128/><W117/><G0/><T51/><REACH who="0" step="1"/><D14/><REACH who="0" step="2"/><U74/><E129/><V3/><F3/><W107/><G131/><T75/><D75/><U127/><E127/><V84/><F104/><W133/><G133/><T122/><D122/><U100/><E74/><V60/><F105/><W93/><G113/><T28/><D28/><U68/><E68/><V90/><F99/><W16/><G107/><T120/><D120/><U124/><E124/><V37/><F37/><W57/><G73/><T69/><D69/><U50/><REACH who="1" step="1"/><E12/><REACH who="1" step="2"/><V123/><F123/><W10/><G117/><T11/><D11/><U71/><E71/><V110/><F110/><W53/><G10/><T47/><AGARI ba="0,2" hai="9,15,17,27,29,34,41,42,45,47,49,51,96,97" machi="47" ten="30,4000,0" yaku="1,1,0,1,9,1,53,0" doraHai="112" doraHaiUra="67" who="0" fromWho="0" sc="348,60,151,-10,210,-20,271,-10" /><INIT seed="3,0,0,4,3,37" ten="408,141,190,261" oya="3" hai0="109,38,121,13,122,116,87,113,48,3,63,134,69" hai1="94,98,97,65,78,50,42,102,11,125,124,31,59" hai2="61,14,47,127,99,25,101,19,23,130,85,4,91" hai3="7,26,82,107,70,51,36,41,105,114,131,117,43" shuffle="mt19937ar,D22180BA,8E1C9A30,AC183F62,1B57C3D2,37C0F6AE,F6463CA8,C2A22E10,C6F1FC81"/><W80/><G117/><T103/><D3/><U32/><E78/><V67/><F127/><W126/><G114/><T92/><D38/><U34/><E11/><V5/><F130/><W58/><G126/><T66/><D48/><U60/><E97/><V88/><F47/><W52/><G7/><T30/><D30/><U83/><E83/><V1/><F1/><W9/><G9/><T39/><D39/><U123/><E123/><V24/><F24/><W120/><G120/><T15/><D116/><U93/><E93/><V110/><F110/><W71/><G26/><T90/><D103/><U112/><E112/><V84/><F99/><W115/><G115/><T118/><D118/><U53/><E124/><V132/><F101/><W49/><G131/><T17/><D134/><U108/><E108/><V73/><F73/><W18/><G18/><T74/><D74/><U44/><E125/><V111/><F132/><W76/><G76/><T57/><D57/><U54/><E53/><V27/><F111/><W86/><G86/><T68/><D113/><U135/><E135/><V75/><F75/><W79/><G79/><T21/><D109/><U8/><E8/><V106/><F106/><W16/><G36/><T29/><D29/><U104/><E104/><V96/><F27/><W89/><G89/><T46/><D46/><U64/><E64/><V10/><F4/><W6/><G6/><T62/><D69/><U100/><E100/><V45/><F91/><W2/><G2/><T77/><D77/><U33/><E54/><V28/><F88/><W20/><G71/><T119/><D119/><RYUUKYOKU ba="0,0" sc="408,-10,141,30,190,-10,261,-10" hai1="31,32,33,34,42,44,50,59,60,65,94,98,102" owari="398,40,171,-23,180,-17,251,0" /></mjloggm>