<mjloggm ver="2.3"><GO type="193"/><UN n0="%E3%82%A6%E3%83%AB%E3%83%88%E3%83%A9%E7%AB%8B%E7%9B%B4" n1="%63%6F%66%66%65%65%2E" n2="%E4%B8%8B%E7%94%BA%E3%81%AE%E9%BE%8D" n3="%E5%B8%AB%E5%8F%94" dan="12,13,12,10" rate="1748,1698,1651,1619" sx="M,M,M,M"/><TAIKYOKU oya="0"/><INIT seed="0,0,0,1,0,43" ten="250,250,250,250" oya="0" hai0="39,74,49,76,122,23,6,40,101,30,107,14,67" hai1="123,102,12,95,2,94,69,33,63,124,19,38,21" hai2="117,10,133,112,98,29,37,65,3,35,96,22,42" hai3="20,91,11,89,129,47,58,118,108,31,27,93,52" shuffle="mt19937ar,29FB7286,EBEC6C78,45827EAF,5C7BAF81,810D9D0A,266A8C8C,7312FDF1,E554F6E7"/><T56/><D76/><U60/><E123/><V85/><F112/><W54/><G118/><T77/><D39/><U84/><E2/><V13/><F117/><W5/><G129/><T64/><D122/><U17/><E33/><V75/><F75/><W106/><G106/><T51/><D77/><U59/><E38/><V104/><F133/><W113/><G113/><T1/><D74/><U44/><E124/><V126/><F126/><W86/><G91/><T36/><D36/><U99/><E69/><V115/><F115/><W62/><G108/><T103/><D107/><U121/><E121/><V119/><F119/><W32/><G32/><T131/><D1/><U71/><E71/><V73/><F73/><W0/><REACH who="3" step="1"/><G47/><REACH who="3" step="2"/><N who="0" m="25831" /><D131/><U120/><E120/><V46/><F104/><W70/><G70/><T26/><D103/><U134/><E134/><V92/><F3/><W57/><G57/><T24/><D101/><U125/><E125/><V50/><F35/><W80/><G80/><T61/><D64/><AGARI ba="0,1" hai="0,5,11,20,27,31,52,54,58,62,64,86,89,93" machi="64" ten="30,3900,0" yaku="1,1,7,1,54,1,53,0" doraHai="43" doraHaiUra="72" who="3" fromWho="0" sc="250,-39,250,0,250,0,240,49" /><INIT seed="1,0,0,5,3,60" ten="211,250,250,289" oya="1" hai0="66,63,93,16,77,51,130,98,53,49,119,90,72" hai1="68,89,92,73,79,59,67,128,103,34,5,24,126" hai2="112,54,133,38,106,86,29,123,134,1,42,88,100" hai3="57,50,7,101,80,127,91,18,9,96,108,15,28" shuffle="mt19937ar,E5AD19AD,EE4F0C55,E057638B,0B78C895,EACE9B2B,DADAE97A,DA252F23,245C7055"/><U132/><E68/><V6/><F123/><W44/><G127/><T11/><D119/><U14/><E126/><V129/><F112/><W27/><G108/><T71/><D130/><U40/><E128/><V41/><F129/><W55/><G7/><T82/><D53/><U104/><E132/><N who="2" m="50795" /><F38/><W78/><G91/><T4/><REACH who="0" step="1"/><D16/><REACH who="0" step="2"/><U12/><E5/><V2/><F6/><W30/><G27/><T135/><D135/><U87/><E40/><N who="2" m="15467" /><F29/><W114/><G114/><T23/><D23/><U113/><E113/><V65/><F54/><W120/><G120/><T56/><D56/><U121/><E121/><V70/><F70/><W74/><G44/><T21/><D21/><U102/><E34/><V117/><F117/><W22/><G22/><T62/><D62/><U105/><E24/><V61/><F61/><W20/><G20/><T46/><D46/><U45/><E45/><V39/><F39/><W17/><G17/><T75/><D75/><U109/><E109/><V85/><F65/><W8/><G8/><T19/><D19/><U3/><E3/><AGARI ba="0,1" hai="3,4,11,49,51,63,66,71,72,77,82,90,93,98" machi="3" ten="30,3900,0" yaku="1,1,7,1,52,1,53,0" doraHai="60" doraHaiUra="124" who="0" fromWho="1" sc="201,49,250,-39,250,0,289,0" /><INIT seed="2,0,0,2,5,4" ten="250,211,250,289" oya="2" hai0="43,9,42,50,124,55,28,126,79,63,68,99,134" hai1="132,103,41,64,1,51,91,18,5,135,35,100,58" hai2="29,19,108,72,10,128,113,33,60,93,32,26,115" hai3="2,77,130,23,82,65,48,11,15,31,61,80,8" shuffle="mt19937ar,C7C1ED43,BF4E6E94,3BC7F87E,777165AC,181D53FA,F0A2888E,630A6E49,1A6F8616"/><V22/><F72/><W83/><G130/><T118/><D28/><U101/><E35/><N who="2" m="13387" /><F93/><W14/><G48/><T0/><D79/><U133/><E1/><V45/><F45/><W105/><G105/><T106/><D99/><U104/><E5/><V69/><F69/><W116/><G116/><T111/><D106/><U122/><E122/><V12/><F60/><W81/><G2/><T114/><D114/><N who="2" m="43530" /><F128/><W87/><G31/><T75/><D75/><U94/><E104/><V110/><AGARI ba="0,0" hai="10,12,19,22,26,29,108,110" m="43530,13387" machi="110" ten="40,7800,0" yaku="34,2,52,1" doraHai="4" who="2" fromWho="2" sc="250,-26,211,-26,250,78,289,-26" /><INIT seed="2,1,0,2,2,15" ten="224,185,328,263" oya="2" hai0="110,84,98,94,42,128,99,37,20,14,108,59,116" hai1="0,58,96,70,105,31,87,66,12,81,124,103,44" hai2="63,72,102,36,83,50,79,10,123,18,109,133,78" hai3="51,6,9,120,33,106,95,35,60,100,25,30,129" shuffle="mt19937ar,12113A95,E234462F,BEFF828D,FA320392,A2F741BE,D9E099D8,88E8EC82,1E883761"/><V64/><F36/><W8/><G106/><T43/><D116/><U113/><E0/><V92/><F123/><W107/><G107/><T131/><D59/><U121/><E113/><V77/><F133/><W24/><G120/><T127/><D84/><U90/><E121/><V130/><F130/><N who="0" m="49706" /><D37/><U125/><E70/><V71/><F50/><W57/><G51/><T39/><D39/><U76/><E31/><V119/><F119/><W80/><G80/><T68/><D68/><U53/><E66/><V91/><F109/><N who="0" m="42090" /><D127/><U69/><E69/><V45/><F45/><W17/><G95/><T126/><D126/><N who="1" m="48747" /><E44/><V21/><F102/><W111/><G100/><T23/><D14/><U82/><E12/><V75/><F10/><W135/><G129/><T101/><D98/><U34/><E34/><V28/><F28/><W65/><G135/><T67/><D67/><U132/><E132/><V74/><F83/><W112/><G112/><T54/><D54/><U41/><E41/><AGARI ba="1,0" hai="20,23,41,42,43,94,99,101" m="42090,49706" machi="41" ten="30,2000,0" yaku="19,1,14,1" doraHai="15" who="0" fromWho="1" sc="224,23,185,-23,328,0,263,0" /><INIT seed="3,0,0,0,5,29" ten="247,162,328,263" oya="3" hai0="66,135,25,32,12,73,80,84,77,104,13,42,110" hai1="69,53,57,103,5,6,122,90,125,126,65,132,31" hai2="129,21,101,50,79,26,23,133,40,88,34,10,17" hai3="81,112,111,99,134,93,63,47,43,118,51,1,98" shuffle="mt19937ar,87AB695F,59004F12,3A234156,4771F89C,9BD37C4F,BB4A0AD3,E6AD41D6,605B3F16"/><W86/><G112/><T128/><D104/><U61/><E103/><V113/><F113/><W3/><G118/><T54/><D128/><U60/><E31/><V75/><F129/><W2/><G134/><T56/><D135/><U96/><E132/><V70/><F70/><W24/><G24/><T124/><D124/><N who="1" m="47723" /><E96/><V41/><F133/><W11/><G111/><T108/><D110/><U38/><E90/><V30/><F101/><W100/><G63/><T95/><D108/><U15/><E15/><V45/><F40/><W89/><REACH who="3" step="1"/><G99/><REACH who="3" step="2"/><T106/><D66/><N who="1" m="41159" /><E5/><AGARI ba="0,1" hai="1,2,3,5,11,43,47,51,81,86,89,93,98,100" machi="5" ten="40,2000,0" yaku="1,1,53,0" doraHai="29" doraHaiUra="107" who="3" fromWho="1" sc="247,0,162,-20,328,0,253,30" /><INIT seed="3,1,0,5,2,42" ten="247,142,328,283" oya="3" hai0="28,25,6,8,129,90,110,103,89,41,68,127,119" hai1="51,32,87,97,63,85,105,69,14,12,91,72,107" hai2="19,26,99,61,15,4,124,16,77,117,65,135,50" hai3="104,9,56,111,126,64,109,3,125,102,5,120,54" shuffle="mt19937ar,54FEC3C9,B6B5B275,BA67B56E,1BAD057F,DA1B6B3F,F0297F57,0E4C453B,A19759C7"/><W100/><G64/><T121/><D68/><U118/><E32/><V108/><F117/><W106/><G120/><T48/><D90/><U93/><E69/><V131/><F131/><W34/><G34/><T52/><D41/><U47/><E63/><V114/><F114/><W84/><G84/><T128/><D103/><N who="3" m="39465" /><G106/><T62/><D62/><U81/><E118/><V11/><F135/><W57/><G104/><T78/><D78/><U75/><E75/><V36/><F124/><N who="3" m="47723" /><G57/><T83/><D127/><U37/><E37/><V133/><F108/><W70/><G70/><T115/><D110/><N who="3" m="41993" /><G56/><T94/><D83/><U2/><E2/><V134/><F36/><W95/><G95/><T67/><D119/><U43/><E72/><V1/><F99/><W30/><G30/><T17/><D121/><U46/><E107/><V27/><F77/><W29/><G29/><T130/><D17/><N who="2" m="6730" /><F50/><W49/><G49/><T58/><D67/><U74/><E105/><V73/><F73/><W55/><AGARI ba="1,0" hai="3,5,9,54,55" m="41993,47723,39465" machi="55" ten="40,7800,0" yaku="18,1,14,1,10,1" doraHai="42" who="3" fromWho="3" sc="247,-27,142,-27,328,-27,283,81" owari="220,-13,115,-28,301,5,364,36" /></mjloggm>