<mjloggm ver="2.3"><GO type="97"/><UN n0="%70%61%77%61%66%75%32" n1="%E5%85%AB%E6%9C%88%E5%85%8E" n2="%E3%81%A8%E3%81%84%E3%81%A4%E3%81%BE%E3%81%99%E3%81%9F%E3%81%81%E2%99%AA" n3="%E3%82%A6%E3%83%AB%E3%83%88%E3%83%A9%E7%AB%8B%E7%9B%B4" dan="14,15,15,13" rate="1928,1979,1947,1865" sx="M,M,M,M"/><TAIKYOKU oya="0"/><INIT seed="0,0,0,3,0,59" ten="250,250,250,250" oya="0" hai0="129,37,14,8,64,51,112,1,94,73,18,53,116" hai1="80,35,47,92,39,63,123,79,60,25,68,29,111" hai2="122,32,105,74,45,98,40,99,131,33,95,46,135" hai3="52,55,126,43,132,85,65,84,5,13,42,83,20" shuffle="mt19937ar,820C3D13,DE89CB2D,B5264BFF,80E57C3C,EDAEFDD6,F74CF80D,D81EEA96,C8C814FD"/><T100/><D116/><U30/><E123/><V124/><F122/><W2/><G2/><T125/><D112/><U7/><E111/><V88/><F74/><W109/><G109/><T121/><D121/><U76/><E68/><V90/><F135/><W67/><G126/><T4/><D125/><U56/><E56/><V93/><F124/><W120/><G120/><T6/><D73/><U86/><E30/><V54/><F105/><W36/><G36/><T0/><D37/><U128/><E128/><V110/><F110/><W26/><G132/><T108/><D108/><U118/><E118/><V71/><F71/><W72/><G72/><T44/><D129/><U11/><E11/><V134/><F134/><W75/><G13/><T81/><D64/><N who="3" m="24649" /><G5/><T103/><D81/><U101/><E7/><N who="0" m="2601" /><D0/><U127/><E79/><V22/><F131/><W106/><G106/><T50/><D1/><U91/><E101/><N who="0" m="38985" /><D94/><U78/><E78/><V82/><F82/><W21/><G75/><T96/><D96/><U113/><E113/><V12/><F54/><N who="3" m="20523" /><G83/><T24/><D24/><U102/><E102/><V38/><F46/><W115/><G115/><T62/><D50/><U107/><E107/><V48/><F48/><W70/><G70/><T61/><AGARI ba="0,0" hai="8,14,18,44,51,53,61,62" m="38985,2601" machi="61" ten="30,6000,0" yaku="8,1,52,2" doraHai="59" who="0" fromWho="0" sc="250,60,250,-20,250,-20,250,-20" /><INIT seed="0,1,0,2,4,74" ten="310,230,230,230" oya="0" hai0="77,91,10,26,88,131,49,23,51,32,133,28,123" hai1="1,37,100,97,105,112,101,60,15,35,0,13,84" hai2="14,132,30,9,128,48,87,118,42,12,120,55,38" hai3="95,2,19,17,36,116,107,21,34,4,86,25,71" shuffle="mt19937ar,EA574178,80ACB065,0AB46D2B,27FD34DE,719F4461,8C0A76A0,63AAFB9D,8614C12E"/><T90/><D123/><U134/><E37/><V130/><F120/><W66/><G86/><T81/><D133/><U83/><E35/><V47/><F132/><W40/><G95/><T43/><D131/><N who="2" m="50218" /><F118/><W54/><G54/><T93/><D32/><U103/><E134/><V76/><F30/><N who="3" m="19791" /><G66/><T58/><D10/><U80/><E112/><V126/><F126/><W70/><G71/><T45/><D58/><U125/><E125/><V6/><F87/><W135/><G40/><T129/><D129/><U119/><E119/><V75/><F75/><W53/><G53/><T109/><D109/><U5/><E97/><V102/><F102/><W96/><G96/><N who="0" m="57383" /><D51/><U99/><E99/><V72/><F72/><W62/><G62/><T39/><D39/><U20/><E105/><V59/><F76/><W11/><G70/><T124/><D124/><U8/><E60/><V115/><F115/><W121/><G36/><T114/><D114/><U3/><E84/><AGARI ba="1,0" hai="23,26,28,43,45,49,77,81,84,90,91" m="57383" machi="84" ten="30,5800,0" yaku="8,1,52,1,54,1" doraHai="74" who="0" fromWho="1" sc="310,61,230,-61,230,0,230,0" /><INIT seed="0,2,0,0,5,132" ten="371,169,230,230" oya="0" hai0="68,93,38,94,102,30,89,117,17,2,75,8,37" hai1="87,127,19,79,66,42,27,53,74,105,26,12,57" hai2="43,25,92,45,113,81,123,28,84,59,47,109,133" hai3="21,90,14,73,4,129,91,41,35,58,65,36,121" shuffle="mt19937ar,D6A24387,9944184E,142E5BE0,49C44AD1,2BE4A479,69B01EF2,913F8540,EF37D49B"/><T10/><D117/><U33/><E42/><V64/><F123/><W78/><G35/><T69/><D75/><U99/><E74/><V0/><F0/><W31/><G36/><T80/><D30/><U6/><E6/><V86/><F113/><W101/><G73/><T110/><D2/><U52/><E127/><V135/><F109/><W34/><G34/><T63/><D102/><U29/><E27/><V119/><F119/><W39/><G39/><T3/><D3/><U51/><E105/><V49/><F92/><W40/><G78/><T134/><D134/><N who="2" m="51210" /><F47/><W50/><G101/><T100/><D100/><U85/><E99/><V72/><F72/><W44/><G129/><T98/><D80/><U16/><E79/><V56/><F64/><W118/><G118/><T125/><D125/><U61/><E19/><V122/><F122/><W104/><G104/><T88/><D17/><U111/><E111/><V1/><F1/><W83/><G41/><T55/><D110/><U13/><E13/><V62/><F62/><N who="3" m="38103" /><G83/><T46/><D98/><U32/><E32/><N who="2" m="20495" /><F86/><W108/><G108/><T23/><D37/><U76/><E76/><AGARI ba="2,0" hai="43,45,49,56,59,76,81,84" m="20495,51210" machi="76" ten="30,1000,0" yaku="20,1" doraHai="132" who="2" fromWho="1" sc="371,0,169,-16,230,16,230,0" /><INIT seed="1,0,0,4,0,106" ten="371,153,246,230" oya="1" hai0="98,67,65,57,119,83,40,80,16,131,54,19,108" hai1="9,34,4,8,21,85,5,74,12,15,120,107,58" hai2="116,69,81,114,71,11,90,92,30,87,89,133,33" hai3="41,117,122,49,126,17,121,3,77,47,46,55,99" shuffle="mt19937ar,3D287BF6,4E9C975C,7BA3C1D7,CE31CD93,0CE8A510,62842E31,39D6A111,3D194144"/><U130/><E107/><V103/><F116/><W35/><G35/><T101/><D119/><U100/><E120/><V118/><F118/><W88/><G117/><T82/><D108/><U66/><E130/><V59/><F103/><W132/><G3/><T50/><D131/><U53/><E34/><V110/><F110/><W52/><G126/><T128/><D128/><U10/><E100/><V2/><F133/><W7/><G7/><T29/><D29/><U26/><E74/><V91/><F114/><W127/><G127/><T84/><D84/><U31/><E66/><N who="0" m="25097" /><D40/><U94/><E10/><V96/><F90/><W105/><G132/><T75/><D75/><U44/><E44/><V45/><F45/><W60/><G77/><T124/><D124/><U13/><E13/><V123/><F123/><W22/><G105/><T104/><D104/><U109/><E109/><V95/><F95/><W18/><G18/><N who="0" m="6699" /><D101/><U51/><E85/><V76/><F71/><W79/><G79/><T112/><D112/><U1/><E1/><V86/><F69/><W72/><G72/><T28/><D28/><U73/><E73/><V23/><F33/><W37/><G17/><T68/><D68/><U62/><E94/><N who="2" m="54591" /><F2/><W25/><G25/><T20/><D98/><U97/><E97/><V14/><F14/><W43/><G22/><AGARI ba="0,0" hai="20,22,50,54,57,80,82,83" m="6699,25097" machi="22" ten="30,2000,0" yaku="8,1,54,1" doraHai="106" who="0" fromWho="3" sc="371,20,153,0,246,0,230,-20" /><INIT seed="2,0,0,0,1,88" ten="391,153,246,210" oya="2" hai0="78,118,96,116,85,104,95,113,111,61,133,47,129" hai1="83,135,11,117,30,10,126,27,79,110,67,29,62" hai2="66,68,21,39,13,60,99,70,77,0,108,80,69" hai3="120,72,115,86,52,28,49,19,87,71,76,45,132" shuffle="mt19937ar,1BFA722C,54680B13,A9028700,CCCF10D1,3ED3C040,156E922A,A1BE3BA6,F25EBFD1"/><V100/><F0/><W25/><G71/><T32/><D32/><U84/><E117/><N who="0" m="45161" /><D113/><U54/><E126/><V64/><F39/><W122/><G115/><T92/><D111/><U7/><E135/><V3/><F3/><W89/><G132/><T40/><D133/><U57/><E110/><V35/><F108/><W12/><G72/><T5/><D5/><U131/><E131/><V81/><F66/><W22/><G76/><T91/><D129/><U43/><E43/><V2/><F2/><W97/><G97/><T124/><D124/><U34/><E30/><V119/><F119/><W112/><G112/><T128/><D78/><U26/><E26/><V101/><F101/><W75/><G75/><T20/><D20/><U6/><REACH who="1" step="1"/><E67/><REACH who="1" step="2"/><V134/><F134/><W102/><G102/><N who="0" m="62535" /><D128/><U65/><E65/><V37/><F64/><W36/><G36/><N who="0" m="21895" /><D61/><U31/><E31/><V82/><F60/><W14/><G14/><T44/><D44/><U1/><E1/><V123/><F37/><W63/><G63/><T4/><D4/><AGARI ba="0,1" hai="4,6,7,10,11,27,29,34,54,57,62,79,83,84" machi="4" ten="40,1300,0" yaku="1,1,53,0" doraHai="88" doraHaiUra="103" who="1" fromWho="0" sc="391,-13,143,23,246,0,210,0" /><INIT seed="3,0,0,2,0,58" ten="378,166,246,210" oya="3" hai0="60,51,70,90,41,97,52,71,49,115,94,20,133" hai1="125,74,10,75,109,17,98,4,16,32,35,26,114" hai2="36,130,59,102,110,132,7,39,93,47,45,9,112" hai3="28,79,91,40,38,108,103,3,62,92,120,25,123" shuffle="mt19937ar,66928AC5,E1BE03D3,385B039A,597F4978,5E3A5BC9,61B0F19C,63278BC0,8DE7EF5F"/><W55/><G3/><T12/><D133/><U67/><E114/><V24/><F112/><W5/><G5/><T6/><D115/><U15/><E125/><V76/><F76/><W68/><G103/><T116/><D116/><U29/><E109/><V78/><F78/><W82/><G108/><T63/><D41/><U48/><E48/><V0/><F132/><W128/><G128/><T77/><D77/><U86/><E86/><V43/><F130/><W89/><G89/><T31/><D70/><U126/><E67/><V127/><F127/><W113/><G113/><T44/><D71/><U101/><E126/><V122/><F122/><W105/><G105/><T19/><D49/><U46/><E46/><V121/><F121/><W18/><G18/><T56/><D56/><U22/><E35/><V117/><F117/><W37/><G55/><T33/><D33/><U42/><E42/><V106/><F106/><W65/><G40/><T87/><D31/><U124/><E124/><V72/><F110/><W1/><G1/><T135/><D135/><U134/><E134/><V84/><F43/><W104/><G104/><T61/><D6/><U8/><E8/><V111/><F7/><W119/><G119/><T81/><D81/><U13/><REACH who="1" step="1"/><E17/><REACH who="1" step="2"/><V129/><F111/><W88/><G38/><T11/><D11/><U14/><E14/><V64/><F39/><W66/><G37/><T107/><D107/><AGARI ba="0,1" hai="4,10,13,15,16,22,26,29,32,74,75,98,101,107" machi="107" ten="30,7700,0" yaku="1,1,7,1,54,1,53,1" doraHai="58" doraHaiUra="30" who="1" fromWho="0" sc="378,-77,156,87,246,0,210,0" owari="301,30,243,-11,246,0,210,-19" /></mjloggm>