<mjloggm ver="2.3"><GO type="41"/><UN n0="%E3%83%91%E3%83%83%E3%82%B7%E3%83%A7%E3%83%B3" n1="%E5%B7%9D%E4%BA%95" n2="%E3%82%A6%E3%83%AB%E3%83%88%E3%83%A9%E7%AB%8B%E7%9B%B4" n3="%54%4B%E3%83%A8%E3%82%B7%E5%9D%8A" dan="13,15,14,13" rate="1831,1985,1950,1847" sx="M,M,M,M"/><TAIKYOKU oya="0"/><INIT seed="0,0,0,1,2,6" ten="250,250,250,250" oya="0" hai0="84,76,64,28,123,133,96,34,67,83,54,129,25" hai1="128,118,108,107,41,117,32,52,22,131,60,35,24" hai2="7,57,19,50,90,40,109,12,74,102,15,61,70" hai3="92,37,94,55,120,5,59,17,127,77,72,51,73"/><T111/><D123/><U18/><E107/><V105/><F74/><W124/><G37/><T103/><D129/><N who="1" m="49739" /><E41/><V3/><F3/><W114/><G114/><T69/><D69/><U8/><E60/><V81/><F70/><W30/><G30/><T113/><D113/><U29/><E52/><V42/><F105/><W68/><G68/><T130/><D130/><U110/><E35/><V16/><F102/><W47/><G17/><N who="2" m="6729" /><F109/><N who="1" m="42089" /><E8/><N who="2" m="4127" /><F50/><W53/><G120/><T93/><D111/><U119/><E118/><V4/><F90/><W33/><G33/><T98/><D98/><U2/><E2/><V85/><F85/><W116/><G116/><T0/><D0/><U65/><E65/><N who="2" m="39087" /><F81/><W10/><G77/><T89/><D76/><U71/><E71/><V13/><F13/><AGARI ba="0,0" hai="13,18,22,24,29,32,117,119" m="42089,49739" machi="13" ten="30,7700,0" yaku="19,1,14,1,34,2" doraHai="6" who="1" fromWho="2" sc="250,0,250,77,250,-77,250,0" /><INIT seed="1,0,0,4,3,33" ten="250,327,173,250" oya="1" hai0="58,95,48,22,1,103,92,29,96,71,26,50,46" hai1="55,36,102,115,37,127,20,24,25,90,87,65,81" hai2="125,9,76,85,56,105,83,101,73,0,18,32,114" hai3="54,134,110,53,119,11,42,17,98,44,12,68,74"/><U3/><E115/><V38/><F32/><W109/><G74/><T106/><D71/><U70/><E102/><V7/><F114/><W86/><G68/><T123/><D123/><U52/><E25/><V41/><F125/><W104/><G119/><T2/><D95/><U80/><E127/><V79/><F79/><W84/><G134/><T107/><D106/><U47/><E80/><V8/><F85/><W116/><G54/><T108/><D107/><U31/><E3/><V91/><F91/><W93/><G104/><T112/><D112/><U64/><E70/><V19/><F56/><W63/><G116/><T62/><D48/><U126/><E126/><V78/><F78/><W60/><G60/><T121/><D121/><U4/><E4/><V132/><F132/><W40/><G40/><T118/><D118/><U97/><E97/><V133/><F133/><W30/><G30/><T28/><D28/><U6/><E6/><V21/><F21/><W89/><G53/><T113/><D113/><U66/><E37/><V135/><F135/><W15/><G63/><T34/><D34/><U57/><E36/><V10/><F10/><W100/><G15/><T129/><D129/><U14/><E14/><V43/><F43/><W122/><G122/><T61/><D61/><N who="1" m="36031" /><E65/><V99/><REACH who="2" step="1"/><F9/><REACH who="2" step="2"/><W16/><G17/><T124/><D124/><U51/><AGARI ba="0,1" hai="20,24,31,47,51,52,64,66,81,87,90" m="36031" machi="51" ten="30,3000,0" yaku="8,1,54,1" doraHai="33" who="1" fromWho="1" sc="250,-10,327,40,163,-10,250,-10" /><INIT seed="1,1,0,0,1,3" ten="240,367,153,240" oya="1" hai0="63,40,35,48,110,25,54,78,95,87,121,100,30" hai1="105,1,33,62,132,20,115,89,64,120,61,27,19" hai2="15,108,103,8,99,80,77,73,24,42,29,23,130" hai3="41,117,112,75,107,21,46,127,26,123,68,129,38"/><U71/><E115/><V85/><F108/><W122/><G21/><T106/><D110/><U56/><E120/><V114/><F130/><W76/><G26/><T47/><D121/><U11/><E105/><V34/><F114/><W57/><G57/><T82/><D106/><U113/><E113/><V0/><F42/><W128/><G76/><T44/><D63/><U125/><E132/><V2/><F73/><W72/><G112/><T12/><D12/><U84/><E33/><V96/><F103/><W43/><G43/><T37/><D100/><U118/><E118/><V92/><F92/><W135/><G117/><T51/><D95/><U9/><E125/><V6/><REACH who="2" step="1"/><F2/><REACH who="2" step="2"/><W4/><G107/><T49/><AGARI ba="1,1" hai="25,30,35,37,40,44,47,48,49,51,54,78,82,87" machi="49" ten="30,1100,0" yaku="0,1" doraHai="3" who="0" fromWho="0" sc="240,24,367,-6,143,-4,240,-4" /><INIT seed="2,0,0,5,3,98" ten="264,361,139,236" oya="2" hai0="91,122,99,36,40,55,114,110,38,53,68,109,35" hai1="87,67,50,119,80,21,65,93,123,29,111,92,7" hai2="46,33,81,101,133,47,108,86,134,102,5,78,18" hai3="84,73,90,116,82,3,16,66,105,64,12,120,107"/><V97/><F33/><W72/><G3/><T22/><D35/><U89/><E119/><V39/><F5/><W19/><G120/><T100/><D122/><U37/><E37/><V112/><F112/><W69/><G116/><T13/><D68/><U24/><E123/><V75/><F97/><W4/><G4/><T104/><D114/><U129/><E129/><V27/><F75/><W74/><G19/><T130/><D130/><U79/><E7/><V20/><F108/><N who="0" m="41578" /><D91/><U62/><E111/><V85/><F85/><W118/><G118/><T126/><D126/><U44/><E93/><V115/><F115/><W76/><G76/><T45/><D38/><U2/><E62/><V77/><F77/><W88/><G90/><T54/><D22/><U10/><E10/><V1/><F1/><W94/><G82/><T14/><AGARI ba="0,0" hai="13,14,36,40,45,53,54,55,99,100,104" m="41578" machi="14" ten="40,2700,0" yaku="14,1,52,1" doraHai="98" who="0" fromWho="0" sc="264,27,361,-7,139,-13,236,-7" /><INIT seed="3,0,0,1,0,60" ten="291,354,126,229" oya="3" hai0="10,57,4,48,118,93,32,23,89,70,39,116,105" hai1="25,125,46,120,59,43,64,109,90,6,74,2,128" hai2="22,72,91,20,54,114,110,0,63,82,132,71,3" hai3="21,80,11,123,99,69,38,30,36,122,134,83,12"/><W129/><G134/><T87/><D39/><U26/><E120/><V81/><F63/><W131/><G99/><T15/><D32/><U135/><E135/><V84/><F132/><W68/><G21/><T28/><D105/><U34/><E74/><V49/><F114/><W79/><G30/><T101/><D70/><N who="3" m="27241" /><G12/><T31/><D101/><U121/><E121/><N who="3" m="46090" /><G11/><T27/><D31/><U108/><E34/><V111/><F84/><W98/><G98/><T127/><D127/><U29/><E125/><V14/><F14/><W18/><G18/><T117/><D117/><U119/><E119/><V16/><F71/><W51/><G79/><T94/><D93/><U112/><E112/><V85/><F85/><W33/><G33/><T45/><D57/><U67/><E59/><V50/><F54/><AGARI ba="0,0" hai="4,10,15,23,27,28,45,48,54,87,89,94,116,118" machi="54" ten="30,1000,0" yaku="7,1" doraHai="60" who="0" fromWho="2" sc="291,10,354,0,126,-10,229,0" /><INIT seed="4,0,0,4,2,90" ten="301,354,116,229" oya="0" hai0="109,57,13,22,131,127,20,60,1,116,92,31,85" hai1="101,10,98,99,119,38,68,118,28,86,46,7,97" hai2="49,91,11,56,93,125,62,108,82,69,129,6,14" hai3="111,16,71,37,45,9,96,135,25,19,72,23,0"/><T122/><D1/><U67/><E86/><V34/><F34/><W24/><G71/><T117/><D122/><U95/><E28/><V75/><F108/><W4/><G72/><T134/><D109/><U78/><E78/><V3/><F125/><W112/><G111/><T50/><D127/><U26/><E26/><V73/><F129/><W21/><G96/><T70/><D131/><U39/><E39/><V104/><F104/><W114/><G45/><T8/><D70/><U105/><E98/><V5/><F3/><W102/><G37/><T18/><D50/><U54/><E67/><V65/><F6/><W124/><G102/><T130/><D130/><U48/><E38/><V58/><F82/><W87/><G87/><T47/><D47/><U40/><E40/><V110/><F110/><W55/><G55/><T107/><D107/><U94/><E68/><V15/><F15/><W121/><G124/><T113/><D8/><U79/><E79/><V128/><F128/><W123/><G135/><T17/><D31/><U89/><E105/><V42/><F42/><W77/><G77/><T35/><D35/><U80/><E80/><V52/><REACH who="2" step="1"/><F69/><REACH who="2" step="2"/><W41/><REACH who="3" step="1"/><G41/><REACH who="3" step="2"/><T66/><D134/><U76/><E76/><V133/><F133/><W106/><G106/><T120/><D120/><AGARI ba="0,2" hai="0,4,9,16,19,21,23,24,25,112,114,120,121,123" machi="120" ten="40,12000,2" yaku="1,1,9,1,13,1,34,3,54,1,53,0" doraHai="90" doraHaiUra="74" who="3" fromWho="0" sc="301,-120,354,0,106,0,219,140" /><INIT seed="5,0,0,2,3,27" ten="181,354,106,359" oya="1" hai0="8,110,88,117,126,90,72,21,85,4,64,41,44" hai1="104,129,86,69,55,78,71,107,46,93,127,42,128" hai2="82,74,132,7,87,100,106,67,25,123,16,91,59" hai3="122,84,73,62,38,28,23,112,10,109,80,81,33"/><U47/><E127/><V61/><F123/><W40/><G33/><T115/><D72/><U12/><E12/><V92/><F132/><W65/><G109/><T9/><D126/><U22/><E22/><V5/><F106/><W96/><G122/><T66/><D110/><U102/><E107/><V108/><F108/><W57/><G112/><T68/><D9/><U95/><E104/><V45/><F45/><W11/><G96/><T63/><D66/><U113/><E113/><V48/><F48/><W26/><G73/><T98/><D115/><U24/><E24/><V77/><F100/><W99/><G80/><T0/><D98/><U135/><E135/><V130/><F130/><W120/><G120/><T6/><D6/><U53/><E102/><V13/><REACH who="2" step="1"/><F25/><REACH who="2" step="2"/><W18/><G38/><T3/><D44/><U89/><E42/><V119/><F119/><W125/><G40/><T121/><D41/><U31/><E46/><V43/><F43/><W2/><G125/><T15/><D117/><U118/><E118/><V34/><F34/><W105/><G2/><T103/><D3/><U51/><E129/><V14/><F14/><W75/><G75/><T35/><D103/><U52/><E128/><V39/><F39/><W101/><G18/><T79/><D35/><U114/><E47/><V94/><F94/><W131/><G131/><T32/><D32/><U50/><E114/><V17/><F17/><W76/><AGARI ba="0,1" hai="10,11,23,26,28,57,62,65,76,81,84,99,101,105" machi="76" ten="20,2700,0" yaku="0,1,7,1,52,1" doraHai="27" who="3" fromWho="3" sc="181,-7,354,-13,96,-7,359,37" /><INIT seed="6,0,0,5,0,32" ten="174,341,89,396" oya="2" hai0="30,117,44,94,86,112,118,100,107,28,49,19,76" hai1="38,132,106,97,52,2,35,18,75,91,122,16,114" hai2="14,84,22,15,109,39,98,70,56,125,46,79,127" hai3="85,12,66,5,130,101,68,34,25,92,3,80,120"/><V23/><F70/><W60/><G120/><T17/><D112/><U53/><E75/><V8/><F98/><W108/><G108/><T6/><D107/><U41/><E35/><V65/><F109/><W82/><G130/><T57/><D6/><U10/><E122/><V67/><F46/><W77/><G80/><T27/><D30/><U72/><E72/><V133/><F39/><W47/><G47/><T63/><D76/><U50/><E38/><V7/><F133/><W29/><G12/><T123/><D123/><U74/><E74/><V24/><F15/><W40/><G40/><T71/><D71/><U96/><E41/><V0/><F14/><W42/><G42/><T11/><D11/><U13/><E132/><V73/><F73/><W131/><G131/><T33/><D100/><U37/><E37/><V36/><F36/><W115/><G115/><T102/><D44/><U21/><E114/><V51/><F23/><W110/><G110/><T1/><D1/><U129/><E129/><V26/><F26/><W124/><G124/><N who="2" m="47689" /><F79/><W95/><REACH who="3" step="1"/><G101/><REACH who="3" step="2"/><T104/><D102/><U89/><E2/><V59/><F84/><W45/><G45/><T111/><D86/><U103/><E97/><V113/><F113/><W134/><G134/><T119/><D111/><U78/><E78/><V121/><F121/><W83/><G83/><T62/><D118/><U88/><REACH who="1" step="1"/><E50/><REACH who="1" step="2"/><V99/><F99/><W9/><AGARI ba="0,2" hai="3,5,9,25,29,34,60,66,68,77,82,85,92,95" machi="9" ten="30,4000,0" yaku="1,1,0,1,52,1,53,0" doraHai="32" doraHaiUra="69" who="3" fromWho="3" sc="174,-10,331,-10,89,-20,386,60" /><INIT seed="7,0,0,3,0,73" ten="164,321,69,446" oya="3" hai0="79,41,97,99,20,46,67,23,15,66,131,19,91" hai1="59,112,44,74,118,14,5,49,90,81,135,70,84" hai2="122,60,11,33,87,22,25,105,101,100,108,92,34" hai3="115,2,47,26,52,114,1,80,113,40,17,3,53"/><W65/><G80/><T7/><D97/><U68/><E118/><V57/><F57/><W42/><BYE who="2" /><G65/><T117/><D79/><U124/><E112/><V127/><F127/><W120/><G120/><T128/><D117/><U125/><E135/><V89/><F89/><W102/><G102/><T132/><D132/><U121/><E121/><V38/><F38/><W109/><G109/><T29/><D23/><U21/><E59/><V28/><F28/><W104/><G104/><T43/><D41/><N who="3" m="15977" /><G47/><T85/><D99/><UN n2="%E3%82%A6%E3%83%AB%E3%83%88%E3%83%A9%E7%AB%8B%E7%9B%B4" /><U50/><E49/><V82/><F60/><W69/><G69/><T86/><D85/><U75/><E70/><V8/><F82/><W61/><G61/><T64/><D7/><U77/><E68/><V32/><F122/><W37/><G37/><T88/><D29/><U0/><E0/><N who="3" m="2" /><W6/><DORA hai="45" /><G6/><T93/><D91/><U95/><E124/><V35/><N who="2" m="8704" /><DORA hai="103" /><V10/><F108/><W72/><G72/><T54/><D66/><U51/><E44/><V130/><F130/><W110/><G110/><T129/><D54/><U24/><E75/><V119/><F119/><W18/><G26/><T55/><D55/><AGARI ba="0,0" hai="17,18,52,53,55,113,114,115" m="2,15977" machi="55" ten="50,12000,1" yaku="28,2,15,1,54,1" doraHai="73,45,103" who="3" fromWho="0" sc="164,-120,321,0,69,0,446,120" owari="44,-46,321,12,69,-33,566,67" /></mjloggm>