<mjloggm ver="2.3"><GO type="9"/><UN n0="%E3%82%A6%E3%83%AB%E3%83%88%E3%83%A9%E7%AB%8B%E7%9B%B4" n1="%31%38%30%6D%6D" n2="%E3%83%9A%E3%83%B3%E3%83%88%E3%83%B3" n3="%E7%A9%BA%E3%83%94%E3%82%AB" dan="1,0,3,6" rate="1543,1500,1563,1702" sx="M,M,M,M"/><TAIKYOKU oya="0"/><INIT seed="0,0,0,3,1,11" ten="250,250,250,250" oya="0" hai0="61,108,71,64,57,96,20,134,92,27,83,125,104" hai1="100,13,18,103,54,118,111,15,21,85,80,91,3" hai2="1,45,49,107,109,81,129,32,5,78,119,33,90" hai3="58,82,74,60,9,43,77,59,79,4,69,123,99" shuffle="mt19937ar,DFC6A077,B2F8C0FE,CA8E18E9,E15E3FC5,AB9E1AEA,62DB55E2,37C99B1B,5D72840A"/><T133/><D104/><U12/><E118/><V135/><F109/><W66/><G123/><T48/><D108/><U70/><E111/><V88/><F129/><W62/><G43/><T36/><D36/><U76/><E70/><V112/><F135/><W34/><G34/><T73/><D125/><U26/><E54/><V24/><F112/><W47/><G99/><T67/><D83/><U53/><E53/><V38/><F107/><W84/><G47/><T42/><D73/><U101/><REACH who="1" step="1"/><E76/><REACH who="1" step="2"/><V122/><F119/><W31/><G31/><N who="0" m="17895" /><D71/><U10/><E10/><V68/><F122/><W14/><REACH who="3" step="1"/><G62/><REACH who="3" step="2"/><T106/><D67/><U40/><E40/><V37/><F45/><W23/><G23/><T63/><D63/><U30/><E30/><V56/><F68/><W124/><G124/><T28/><D28/><U130/><E130/><V41/><F41/><W113/><G113/><T51/><D106/><U95/><E95/><V75/><F78/><W89/><G89/><N who="0" m="55311" /><D42/><U131/><E131/><V72/><F90/><W6/><G6/><T19/><D19/><U121/><E121/><V16/><F88/><W126/><G126/><T120/><D120/><U44/><E44/><V39/><F5/><W52/><G52/><T22/><D22/><U87/><E87/><V8/><F16/><W98/><G98/><T128/><D128/><U132/><E132/><AGARI ba="0,2" hai="48,51,57,61,64,132,133,134" m="55311,17895" machi="132" ten="30,1500,0" yaku="20,1" doraHai="11" who="0" fromWho="1" sc="250,35,240,-15,250,0,240,0" /><INIT seed="0,1,0,5,3,85" ten="285,225,250,240" oya="0" hai0="94,51,10,29,117,106,77,16,17,7,79,69,66" hai1="50,53,61,64,65,22,80,101,74,37,83,75,42" hai2="38,48,112,13,95,2,78,0,108,82,28,119,111" hai3="76,15,84,59,105,30,36,14,68,35,96,58,34" shuffle="mt19937ar,958B3598,FE362B7F,2EF2A89C,543151A9,6F0EE65A,468DDC07,15679B88,392789B1"/><T109/><D106/><U31/><E101/><V87/><F112/><W133/><G36/><T102/><D29/><U3/><E3/><V43/><F38/><W4/><G133/><T62/><D117/><U124/><E124/><V121/><F121/><W92/><G105/><T44/><D109/><U113/><E113/><V88/><F119/><W134/><G68/><T27/><D27/><N who="1" m="16887" /><E61/><V90/><F28/><W132/><G134/><T9/><D9/><U40/><E37/><V89/><F95/><W52/><G132/><T11/><D11/><U39/><E39/><V123/><F123/><W86/><G4/><T127/><D127/><U128/><E128/><V24/><F24/><W73/><G73/><T71/><D71/><U45/><E42/><V12/><F2/><W56/><G76/><T49/><D79/><U104/><E104/><V55/><F43/><W126/><G126/><T103/><D103/><U25/><E25/><V19/><F0/><W115/><G115/><T130/><D77/><U47/><E40/><V91/><F19/><W26/><G34/><T98/><D130/><U60/><E60/><V23/><F23/><W99/><G52/><T54/><REACH who="0" step="1"/><D51/><REACH who="0" step="2"/><N who="1" m="28911" /><E47/><V131/><F131/><W97/><REACH who="3" step="1"/><G92/><REACH who="3" step="2"/><T72/><D72/><N who="1" m="27691" /><E50/><V21/><F111/><W46/><G46/><T100/><D100/><U107/><E107/><V116/><F108/><W81/><G81/><T110/><D110/><U63/><E63/><V32/><F116/><W6/><G6/><T125/><D125/><U33/><E33/><V114/><F114/><W135/><G135/><T41/><D41/><RYUUKYOKU ba="1,2" sc="275,10,225,10,250,-30,230,10" hai0="7,10,16,17,44,49,54,62,66,69,94,98,102" hai1="64,65,80,83" hai3="14,15,26,30,35,56,58,59,84,86,96,97,99" /><INIT seed="0,2,2,2,5,134" ten="285,235,220,240" oya="0" hai0="34,115,25,69,15,14,95,32,92,100,43,31,129" hai1="39,33,76,6,109,88,135,64,125,11,123,8,93" hai2="63,82,42,89,128,27,130,90,12,94,60,75,83" hai3="28,74,73,117,49,19,96,30,40,45,119,46,118" shuffle="mt19937ar,1C9891BD,8C2FF1A2,6B92F26A,C4754B3B,DFAC9572,ABECC021,88296CD2,BEDC672E"/><T86/><D69/><U113/><E64/><V122/><F122/><W65/><G96/><T77/><D115/><U104/><E76/><V13/><F94/><W131/><G131/><T52/><D129/><U66/><E6/><V51/><F51/><W3/><G3/><T124/><D43/><U80/><E80/><V110/><F42/><W47/><G65/><T61/><D32/><U71/><E66/><V84/><F84/><W121/><G121/><T21/><D34/><U5/><E5/><V10/><F110/><W59/><G19/><T68/><D68/><U62/><E62/><V56/><F56/><W103/><G103/><T24/><D24/><U106/><E93/><N who="0" m="35913" /><D100/><U98/><E98/><V132/><F132/><W35/><G35/><T78/><D124/><U58/><E58/><V70/><F70/><W112/><G112/><T38/><D38/><U37/><E37/><V108/><F108/><W4/><G4/><T81/><D77/><U120/><E120/><V1/><F27/><W9/><G9/><T0/><D0/><U99/><E99/><V101/><F1/><W36/><G36/><T57/><AGARI ba="2,2" hai="14,15,21,25,31,52,57,61,78,81,86" m="35913" machi="57" ten="30,3000,0" yaku="8,1,54,1" doraHai="134" who="0" fromWho="0" sc="285,56,235,-12,220,-12,240,-12" /><INIT seed="0,3,0,4,0,63" ten="341,223,208,228" oya="0" hai0="117,102,14,99,94,46,95,109,104,125,132,113,21" hai1="83,60,101,32,85,130,0,19,35,75,108,96,100" hai2="89,55,26,2,122,30,111,34,62,8,123,112,74" hai3="114,77,128,116,13,33,47,37,61,90,84,45,28" shuffle="mt19937ar,79F01786,3B53FC40,79F6EEE8,B76BADB1,5F855A3F,BA64753F,63E6C266,DE53B580"/><T71/><D71/><U131/><E60/><V10/><F74/><W69/><G116/><T134/><D117/><U72/><E108/><V121/><F89/><W16/><G114/><T6/><D113/><U67/><E67/><V135/><F62/><W97/><G128/><N who="1" m="49194" /><E0/><V18/><F55/><W98/><G37/><T115/><D115/><U41/><E41/><V38/><F38/><W76/><G69/><T40/><D109/><U57/><E57/><V64/><F64/><W22/><G61/><T88/><D125/><U105/><E19/><V52/><F52/><W54/><G33/><N who="1" m="12874" /><E101/><V11/><F112/><W106/><G106/><T59/><D59/><U12/><E12/><V66/><F66/><W70/><G70/><T23/><D6/><U65/><E65/><V1/><F111/><W124/><G124/><T110/><D110/><U58/><E58/><V80/><F80/><W48/><G28/><T42/><D14/><U49/><E49/><V107/><F107/><W17/><G17/><T53/><D104/><U3/><E3/><V79/><F79/><AGARI ba="3,0" hai="72,75,79,83,85,96,100,105" m="12874,49194" machi="79" ten="30,1000,0" yaku="19,1" doraHai="63" who="1" fromWho="2" sc="341,0,223,19,208,-19,228,0" /><INIT seed="1,0,0,5,4,89" ten="341,242,189,228" oya="1" hai0="6,85,135,16,98,37,55,118,13,10,1,134,11" hai1="19,57,62,108,29,75,36,72,105,23,38,77,128" hai2="94,83,32,106,8,76,102,45,71,132,41,63,4" hai3="117,119,68,129,49,112,81,93,92,78,17,123,65" shuffle="mt19937ar,FAF92479,ACD04FA7,E9AA1FA3,BB227A3F,C8142659,4F988EA4,E0FE9455,F657F379"/><U54/><E128/><V53/><F132/><N who="0" m="50730" /><D37/><N who="1" m="14443" /><E105/><V113/><F113/><W74/><G129/><T86/><D98/><U48/><E48/><V88/><F106/><W52/><G112/><T125/><D118/><N who="3" m="45065" /><G123/><T100/><D100/><U20/><E77/><V121/><F121/><W124/><G124/><T107/><D107/><U116/><E116/><V40/><F32/><W109/><G109/><T67/><D125/><U122/><E122/><V131/><F131/><W30/><G30/><T33/><D67/><U69/><E69/><V97/><F102/><W12/><G68/><T26/><D55/><U47/><E47/><V95/><F71/><W110/><G110/><T91/><D91/><U126/><E126/><V96/><F63/><W87/><G65/><T60/><D60/><U64/><E64/><V21/><F21/><N who="1" m="8265" /><E108/><V73/><F53/><W5/><G5/><T50/><D50/><U103/><E103/><V79/><F45/><N who="3" m="27695" /><G74/><T59/><D59/><U58/><E58/><V104/><F104/><W22/><AGARI ba="0,0" hai="12,17,22,78,81,87,92,93" m="27695,45065" machi="22" ten="30,7900,0" yaku="12,1,52,2,54,1" doraHai="89" who="3" fromWho="3" sc="341,-20,242,-39,189,-20,228,79" /><INIT seed="2,0,0,5,0,103" ten="321,203,169,307" oya="2" hai0="126,100,17,85,115,79,34,123,26,134,130,38,20" hai1="72,93,58,22,25,51,73,56,77,47,11,127,81" hai2="8,37,7,19,1,16,91,95,97,114,78,29,70" hai3="125,63,108,71,101,122,62,68,31,0,80,67,98" shuffle="mt19937ar,22FF7C85,22780BC5,94B88445,B64CACD2,182F2BBE,244789CA,009F988E,4727D5CA"/><V45/><F114/><W46/><G122/><T120/><D38/><U18/><E127/><V75/><F70/><W32/><G108/><T15/><D100/><U111/><E93/><V3/><F3/><W124/><G0/><T14/><D85/><U59/><E11/><V116/><F116/><W41/><G80/><T44/><D79/><U24/><E24/><V4/><F4/><W90/><G90/><T49/><D44/><U52/><REACH who="1" step="1"/><E111/><REACH who="1" step="2"/><V76/><F76/><W86/><G125/><T5/><D126/><U53/><E53/><V54/><F54/><W113/><G113/><T128/><D115/><U10/><E10/><V69/><F69/><W35/><G124/><T83/><D83/><U94/><E94/><V39/><F29/><W131/><G86/><AGARI ba="0,1" hai="18,22,25,47,51,52,56,58,59,72,73,77,81,86" machi="86" ten="40,2600,0" yaku="1,1,54,1,53,0" doraHai="103" doraHaiUra="133" who="1" fromWho="3" sc="321,0,193,36,169,0,307,-26" /><INIT seed="3,0,0,5,3,135" ten="321,229,169,281" oya="3" hai0="15,129,133,13,126,30,86,47,37,50,43,22,131" hai1="9,68,109,82,34,72,78,45,103,104,132,80,97" hai2="62,40,90,87,73,3,84,58,56,125,69,2,12" hai3="11,101,25,76,111,128,113,83,36,71,14,100,17" shuffle="mt19937ar,6780DC4B,D1ECD39A,5B85D013,E309A96E,A5129053,6F1E5C7B,267A7DF8,B77ACB0C"/><W134/><G113/><T107/><D107/><U54/><E132/><V38/><F73/><W4/><G134/><T118/><D133/><U130/><E130/><N who="0" m="49673" /><D118/><U122/><E122/><V121/><F69/><W108/><G128/><T102/><D102/><N who="3" m="39529" /><G36/><T88/><D50/><N who="1" m="29007" /><E68/><V49/><F38/><W66/><G71/><T29/><D126/><U124/><E124/><V48/><F121/><W42/><G66/><T91/><D91/><U63/><E63/><V16/><F125/><W21/><G42/><T20/><D22/><U74/><E109/><N who="3" m="42058" /><G83/><N who="1" m="31786" /><E78/><AGARI ba="0,0" hai="4,11,14,17,21,25,76,78" m="42058,39529" machi="78" ten="30,2900,0" yaku="14,1,10,1" doraHai="135" who="3" fromWho="1" sc="321,0,229,-29,169,0,281,29" /><INIT seed="3,1,0,2,2,60" ten="321,200,169,310" oya="3" hai0="102,13,116,10,9,39,20,40,25,134,135,42,91" hai1="3,51,37,21,52,44,126,30,58,48,90,120,0" hai2="50,57,49,43,17,5,55,4,133,82,98,100,63" hai3="79,72,70,129,73,47,74,71,111,2,62,119,108" shuffle="mt19937ar,3E3A671A,F7956C06,69391F36,A6D8428B,3103DCBC,C9A9554C,D3B076AC,F8A205A6"/><W53/><G119/><T12/><D102/><U87/><E126/><V16/><F133/><N who="0" m="50698" /><D39/><U103/><E120/><V8/><F82/><W77/><G2/><N who="1" m="554" /><E37/><V1/><F5/><W93/><G47/><T38/><D91/><U112/><E112/><V101/><F101/><W128/><G93/><T107/><D38/><U80/><E103/><V6/><F6/><W26/><G26/><T106/><D20/><U132/><E132/><V76/><F76/><N who="3" m="29259" /><G62/><T85/><D25/><N who="1" m="16687" /><E44/><V67/><F49/><W29/><G29/><T54/><D85/><U36/><E36/><V22/><F22/><W41/><G41/><N who="0" m="15979" /><D54/><U65/><E65/><V64/><F64/><W33/><G53/><T34/><D34/><U15/><E15/><N who="0" m="5705" /><D116/><U28/><E28/><V123/><F43/><W75/><N who="3" m="18944" /><DORA hai="78" /><W88/><G88/><T46/><D46/><U66/><E66/><V84/><F84/><W19/><G19/><T23/><D23/><U69/><E69/><N who="3" m="26122" /><G33/><T94/><D94/><U92/><E92/><V117/><F117/><W83/><G83/><T122/><D122/><U114/><E114/><V86/><F86/><W27/><G27/><T121/><D121/><U32/><E32/><V115/><F115/><W127/><G127/><T110/><D110/><AGARI ba="1,0" hai="108,110,111,128,129" m="26122,18944,29259" machi="110" ten="70,12000,1" yaku="28,2,14,1,10,1" doraHai="60,78" who="3" fromWho="0" sc="321,-123,200,0,169,0,310,123" /><INIT seed="3,2,0,1,5,89" ten="198,200,169,433" oya="3" hai0="10,8,106,55,72,63,129,26,49,132,23,41,35" hai1="110,66,13,39,96,125,84,91,6,42,80,19,78" hai2="94,61,107,58,77,44,56,33,86,121,71,3,92" hai3="30,48,123,102,22,46,53,127,12,36,40,29,122" shuffle="mt19937ar,FDEC0B2E,908B09AC,1060F846,F37ADB04,AB9BBA1F,5ADFFB66,15C8345A,6832C225"/><W99/><G127/><T101/><D35/><U43/><E125/><V1/><F107/><W95/><G12/><T116/><D72/><U131/><E131/><V108/><F108/><W82/><G82/><T119/><D129/><U118/><E118/><V20/><F33/><W87/><G87/><T31/><D119/><U62/><E110/><V88/><F71/><W113/><G113/><T112/><D116/><U25/><E39/><V24/><F121/><W135/><G135/><T81/><D106/><U126/><E126/><V134/><F134/><W76/><G76/><T74/><D112/><U50/><E50/><V54/><F77/><W16/><G123/><T52/><D74/><U111/><E111/><V32/><F32/><W45/><G122/><T51/><D132/><U100/><E6/><V79/><F79/><W0/><G0/><T15/><D101/><U75/><E25/><V34/><F34/><W4/><G4/><T59/><D81/><N who="1" m="45279" /><E100/><V60/><F44/><W69/><G69/><T70/><D70/><N who="1" m="42327" /><E96/><V47/><F47/><W93/><G93/><T114/><D114/><U9/><E9/><V115/><F94/><W5/><G5/><T133/><D133/><U90/><E19/><V7/><F7/><W124/><G124/><T128/><D128/><U73/><E13/><V38/><F38/><W83/><G83/><T67/><D15/><U105/><E105/><V109/><F109/><W14/><AGARI ba="2,0" hai="14,16,22,29,30,36,40,45,46,48,53,95,99,102" machi="14" ten="20,7800,0" yaku="0,1,7,1,52,1,54,1" doraHai="89" who="3" fromWho="3" sc="198,-28,200,-28,169,-28,433,84" /><INIT seed="3,3,0,4,2,132" ten="170,172,141,517" oya="3" hai0="63,119,124,135,7,10,90,115,86,34,128,102,49" hai1="25,127,41,109,81,4,31,43,131,24,9,18,19" hai2="110,105,42,8,59,100,98,73,121,120,28,62,53" hai3="11,32,3,114,35,108,99,39,23,55,16,133,5" shuffle="mt19937ar,8FE784D6,9D520532,E1E6BA4A,EF8072A4,0E5388D8,AFF24D91,B12ED4F7,77099D98"/><W85/><G114/><T125/><D34/><U47/><E131/><V12/><F110/><W40/><G108/><T113/><D102/><U20/><E109/><V2/><F73/><W15/><G133/><T66/><D135/><U52/><E81/><V0/><F120/><W46/><G99/><T101/><D49/><N who="1" m="28735" /><E127/><N who="0" m="48713" /><D101/><U88/><E88/><V104/><F121/><W93/><G55/><T51/><D51/><U37/><E37/><V68/><F105/><W96/><REACH who="3" step="1"/><G85/><REACH who="3" step="2"/><T94/><D119/><U103/><E103/><AGARI ba="3,1" hai="3,5,11,15,16,23,32,35,39,40,46,93,96,103" machi="103" ten="30,11600,0" yaku="1,1,2,1,7,1,54,1,53,0" doraHai="132" doraHaiUra="76" who="3" fromWho="1" sc="170,0,172,-125,141,0,507,135" /><INIT seed="3,4,0,0,4,68" ten="170,47,141,642" oya="3" hai0="56,114,122,37,79,2,26,58,123,76,41,34,53" hai1="126,11,22,74,25,120,93,124,48,86,43,125,85" hai2="8,111,19,16,134,66,36,13,61,1,127,47,4" hai3="27,20,90,128,17,121,77,70,78,52,131,5,49" shuffle="mt19937ar,6A7CB994,BA96F012,71E3EDD1,41B3E1C1,AB1EC89E,600003AE,A94DFB03,0835222A"/><W89/><G121/><T24/><D53/><U50/><E120/><V71/><F111/><W64/><G70/><T12/><D12/><U110/><E110/><V21/><F127/><N who="1" m="32513" /><U100/><DORA hai="69" /><E100/><V108/><F108/><W112/><G112/><T94/><D41/><U65/><E74/><V40/><F134/><W63/><G5/><T97/><D94/><U29/><E11/><V102/><F102/><W39/><G39/><T132/><D97/><U33/><E33/><V28/><REACH who="2" step="1"/><F19/><REACH who="2" step="2"/><W6/><G6/><T80/><D132/><U96/><E43/><V117/><F117/><W87/><G90/><T73/><D114/><U62/><E62/><V92/><F92/><N who="3" m="54335" /><G64/><T38/><D80/><U14/><E14/><V3/><F3/><W113/><G113/><T23/><D2/><U106/><E65/><V67/><F67/><W82/><G82/><T15/><D15/><U105/><E96/><V46/><F46/><W129/><G63/><T57/><D58/><AGARI ba="4,1" hai="17,20,27,49,52,58,77,78,128,129,131" m="54335" machi="58" ten="30,2900,0" yaku="19,1,54,1" doraHai="68,69" who="3" fromWho="0" sc="170,-41,47,0,131,0,642,51" /><INIT seed="3,5,0,1,4,72" ten="129,47,131,693" oya="3" hai0="121,24,22,20,135,42,122,86,35,93,107,62,54" hai1="105,55,27,109,16,32,50,126,69,81,134,47,56" hai2="21,52,8,112,110,26,46,61,73,79,36,3,17" hai3="103,7,60,92,106,30,18,80,130,67,5,117,19" shuffle="mt19937ar,D44456EE,35C37829,CCE5E173,A7C82B62,0390BD88,B5AD4652,971DF55D,66718075"/><W25/><G117/><T76/><D107/><U114/><E81/><V13/><F110/><W15/><G130/><T100/><D35/><U84/><E84/><V99/><F112/><W41/><G106/><T64/><D42/><U77/><E77/><V70/><F3/><W29/><G41/><T1/><D1/><U59/><E27/><V119/><F119/><W111/><G111/><T88/><D135/><U38/><E16/><N who="3" m="6186" /><G80/><T6/><D6/><N who="3" m="2057" /><G15/><T125/><D125/><U133/><E47/><V113/><F113/><W123/><G123/><T90/><D100/><U34/><E34/><V74/><F79/><W4/><G4/><T12/><D122/><U58/><E50/><V104/><F99/><N who="3" m="59879" /><G25/><T44/><D121/><U131/><E55/><V116/><F116/><W97/><G97/><T48/><D12/><U85/><E85/><V11/><F104/><W94/><G94/><T132/><D132/><U49/><E49/><V96/><F96/><W9/><G9/><T108/><D108/><U75/><E56/><AGARI ba="5,0" hai="29,30,56,60,67" m="59879,2057,6186" machi="56" ten="30,2900,0" yaku="8,1,54,1" doraHai="72" who="3" fromWho="1" sc="129,0,47,-44,131,0,693,44" /><INIT seed="3,6,0,1,1,121" ten="129,3,131,737" oya="3" hai0="97,4,130,95,56,55,123,65,54,72,128,118,98" hai1="25,11,36,112,120,17,32,45,78,111,119,30,96" hai2="7,47,10,53,50,16,88,106,62,1,64,108,18" hai3="8,87,73,135,48,20,132,52,110,103,12,59,35" shuffle="mt19937ar,1EAE1BBE,CF1E6794,394DFCEE,3D8EA9AF,417ADB15,3D0D4286,127B6CF4,A8606DA6"/><W127/><G110/><T5/><D72/><U105/><E96/><V63/><F106/><W44/><G127/><T34/><D34/><U117/><E78/><V104/><F104/><W94/><G73/><T83/><D83/><U92/><E45/><V101/><F101/><W107/><G35/><T60/><D123/><U115/><E92/><V90/><F108/><W2/><G2/><T76/><D76/><U19/><E11/><V27/><F63/><N who="3" m="36327" /><G20/><T134/><D134/><N who="3" m="51241" /><G107/><T31/><D31/><U122/><E19/><V29/><F18/><N who="3" m="8455" /><G87/><T39/><D118/><U74/><E17/><V86/><F16/><W80/><G80/><T0/><D39/><U22/><E25/><V9/><F86/><W3/><G3/><T13/><D0/><U109/><E22/><V102/><F102/><W82/><G82/><T41/><D41/><U75/><E105/><V61/><F9/><W100/><G94/><T84/><D84/><U46/><E46/><V89/><REACH who="2" step="1"/><F64/><REACH who="2" step="2"/><W71/><G71/><T99/><D95/><U43/><E36/><V58/><F58/><W68/><G68/><T38/><D38/><U49/><E49/><V6/><F6/><N who="0" m="2666" /><D13/><U79/><E43/><AGARI ba="6,1" hai="43,44,48,100,103" m="8455,51241,36327" machi="43" ten="30,2900,0" yaku="20,1,54,1" doraHai="121" who="3" fromWho="1" sc="129,0,3,-47,121,0,737,57" owari="129,-7,-44,-54,121,-28,794,89" /></mjloggm>