<mjloggm ver="2.3"><GO type="41"/><UN n0="%6D%69%73%61%67%6F" n1="%E3%82%A6%E3%83%AB%E3%83%88%E3%83%A9%E7%AB%8B%E7%9B%B4" n2="%E6%9D%B1%E2%86%92%E8%A5%BF" n3="%5A%41%4B%4B%35%31" dan="14,13,13,13" rate="1885,1884,1837,1808" sx="M,M,M,M"/><TAIKYOKU oya="0"/><INIT seed="0,0,0,2,4,109" ten="250,250,250,250" oya="0" hai0="88,125,75,117,50,98,41,95,10,51,81,36,65" hai1="97,21,57,19,2,72,39,71,84,25,23,54,126" hai2="85,46,89,124,27,111,69,127,131,37,35,43,86" hai3="74,105,116,42,5,115,83,45,112,34,56,48,14"/><T63/><D117/><U11/><E72/><V33/><F69/><W123/><G105/><T108/><D125/><N who="2" m="48202" /><F131/><W130/><G34/><T26/><D108/><U16/><E71/><V58/><F111/><W87/><G74/><T121/><D121/><U91/><E39/><V44/><F27/><W113/><G116/><T13/><D36/><U76/><E97/><V29/><F29/><W134/><G130/><T102/><D26/><U78/><E11/><V15/><F15/><W68/><G68/><T59/><D41/><U12/><E2/><V49/><F58/><W107/><G107/><T47/><D47/><U120/><E120/><V62/><F62/><W61/><G134/><T73/><D73/><U17/><E17/><V103/><F103/><W93/><G93/><T92/><D81/><U31/><E31/><V64/><F64/><W90/><G123/><T66/><D75/><U114/><E126/><V53/><F85/><W67/><G14/><T132/><D66/><U7/><E114/><V52/><F53/><W30/><G30/><T18/><REACH who="0" step="1"/><D132/><REACH who="0" step="2"/><U20/><E20/><V38/><F38/><W119/><REACH who="3" step="1"/><G119/><REACH who="3" step="2"/><T55/><D55/><U3/><E3/><V9/><F35/><W4/><AGARI ba="0,2" hai="4,5,42,45,48,56,61,67,83,87,90,112,113,115" machi="4" ten="40,16000,3" yaku="1,1,2,1,0,1,52,3,53,2" doraHai="109" doraHaiUra="0" who="3" fromWho="3" sc="240,-80,250,-40,250,-40,240,180" /><INIT seed="1,0,0,2,2,6" ten="160,210,210,420" oya="1" hai0="53,63,67,102,70,116,45,104,12,74,60,79,17" hai1="22,135,85,1,132,32,27,15,69,133,71,124,95" hai2="54,88,13,64,19,115,57,20,61,36,33,130,77" hai3="107,99,94,122,46,96,56,39,42,80,65,40,0"/><U83/><E1/><V2/><F130/><W134/><G122/><T28/><D116/><U8/><E32/><V75/><F115/><W118/><G118/><T55/><D102/><U10/><E95/><V76/><F33/><W16/><G0/><T100/><D100/><U86/><E15/><V78/><F2/><W11/><G134/><T125/><D104/><U128/><E128/><V29/><F36/><W59/><G42/><T14/><D125/><U5/><E5/><V103/><F75/><W73/><G65/><T31/><D79/><N who="1" m="46335" /><E86/><V38/><F38/><W113/><G113/><T37/><D74/><U117/><E117/><V112/><F112/><W91/><G107/><T119/><D14/><U47/><E47/><V18/><F103/><W123/><G96/><T48/><D119/><U121/><E121/><V26/><F29/><W109/><G109/><T51/><D37/><U114/><E114/><V126/><F64/><W90/><G123/><T49/><D45/><U23/><E23/><N who="2" m="11727" /><F126/><W98/><G73/><T7/><D7/><U101/><E101/><V81/><F78/><W72/><G72/><T89/><D89/><U68/><E124/><V52/><F54/><N who="0" m="20490" /><D70/><U87/><E87/><AGARI ba="0,0" hai="19,20,26,52,57,61,76,77,81,87,88" m="11727" machi="87" ten="30,3900,0" yaku="8,1,54,2" doraHai="6" who="2" fromWho="1" sc="160,0,210,-39,210,39,420,0" /><INIT seed="2,0,0,1,5,42" ten="160,171,249,420" oya="2" hai0="122,12,82,71,62,35,48,23,19,129,100,86,11" hai1="47,135,102,85,38,113,33,133,96,61,77,44,124" hai2="4,14,110,74,87,70,2,97,104,36,117,115,41" hai3="26,53,67,80,13,101,130,118,69,126,10,64,94"/><V73/><F117/><W57/><G118/><T5/><D35/><U58/><E38/><V55/><F70/><W105/><G126/><T89/><D122/><U116/><E33/><V121/><F121/><W16/><G105/><T93/><D129/><U131/><E113/><V91/><F115/><W103/><G130/><T106/><D106/><N who="1" m="63815" /><E131/><V50/><F110/><W45/><G69/><T79/><D100/><U7/><E7/><V21/><F2/><W6/><G80/><T46/><D62/><U119/><E119/><V15/><F36/><W127/><G127/><T32/><D32/><U81/><E116/><V59/><F41/><W56/><G56/><T78/><D93/><U114/><E114/><V49/><F49/><W24/><G67/><T99/><D99/><U37/><E37/><V107/><F97/><N who="3" m="59575" /><G103/><T66/><D66/><N who="1" m="39223" /><E124/><V108/><F108/><W54/><G64/><T17/><D71/><U31/><E31/><V128/><F128/><W109/><G109/><T92/><D92/><U0/><E0/><V95/><F107/><W83/><G83/><T34/><D34/><U72/><E72/><V84/><F104/><W3/><G3/><T123/><D123/><U52/><E52/><N who="2" m="32151" /><F84/><W18/><G53/><N who="0" m="29847" /><D5/><U51/><E51/><V28/><F55/><W98/><G98/><T60/><D60/><U9/><E9/><N who="2" m="4391" /><F28/><W29/><G29/><T27/><AGARI ba="0,0" hai="11,12,17,19,23,27,78,79,82,86,89" m="29847" machi="27" ten="30,4000,0" yaku="25,1,8,1,52,1" doraHai="42" who="0" fromWho="0" sc="160,40,171,-10,249,-20,420,-10" /><INIT seed="3,0,0,1,1,12" ten="200,161,229,410" oya="3" hai0="130,32,118,78,59,116,107,85,41,76,49,43,133" hai1="89,129,115,66,91,56,86,87,71,74,104,13,106" hai2="127,54,46,27,112,10,96,29,101,37,16,42,102" hai3="30,95,18,103,2,113,61,4,0,28,39,17,110"/><W69/><G39/><T109/><D32/><U81/><E71/><V3/><F127/><W63/><G95/><T38/><D107/><N who="1" m="41003" /><E56/><V33/><F112/><W48/><G103/><T67/><D38/><U35/><E66/><V36/><F36/><W126/><G48/><T52/><D67/><U57/><E57/><V77/><F77/><W58/><G58/><T117/><D133/><U1/><E13/><V45/><F96/><W5/><G69/><T21/><D21/><U82/><E35/><V134/><F134/><W22/><G22/><T135/><D135/><U105/><E1/><V65/><F65/><W51/><G51/><T24/><D24/><U119/><E115/><V131/><F131/><W114/><G110/><T90/><D109/><U25/><E25/><V93/><F93/><W11/><G126/><T80/><D130/><U6/><E6/><V132/><F132/><W26/><G26/><T20/><D41/><U99/><E129/><V60/><F3/><W79/><G79/><T47/><D43/><U40/><E40/><V44/><F60/><W62/><G62/><T14/><D47/><U128/><E128/><V123/><F46/><W70/><G70/><T75/><D75/><U92/><E119/><V19/><F123/><W100/><G100/><T50/><D49/><U34/><N who="1" m="41011" /><U23/><DORA hai="88" /><E23/><V31/><F31/><W83/><G83/><N who="1" m="31754" /><E34/><V94/><F10/><AGARI ba="0,0" hai="0,2,4,5,10,11,17,18,28,30,61,63,113,114" machi="10" ten="25,9600,0" yaku="22,2,52,2" doraHai="12,88" who="3" fromWho="2" sc="200,0,161,0,229,-96,410,96" /><INIT seed="3,1,0,0,4,24" ten="200,161,133,506" oya="3" hai0="126,61,91,68,43,81,54,26,22,13,87,12,60" hai1="123,101,98,48,78,106,37,82,51,29,115,35,131" hai2="92,111,95,65,97,104,47,102,17,7,49,6,40" hai3="63,135,56,59,127,62,64,46,134,73,83,14,105"/><W86/><G105/><T112/><D112/><U76/><E51/><V25/><F65/><W36/><G73/><T117/><D117/><U94/><E48/><V39/><F111/><W79/><G127/><T8/><D126/><U55/><E55/><V70/><F70/><W75/><G14/><T18/><D43/><U130/><E37/><V44/><F7/><W120/><G120/><T114/><D114/><U96/><E115/><V110/><F6/><W118/><G118/><T88/><D68/><U122/><E29/><V119/><F110/><W41/><REACH who="3" step="1"/><G75/><REACH who="3" step="2"/><T129/><D13/><U34/><E106/><V23/><REACH who="2" step="1"/><F119/><REACH who="2" step="2"/><W85/><G85/><T77/><D87/><U38/><E122/><V84/><F84/><W71/><G71/><T116/><D116/><U74/><E123/><V0/><F0/><W21/><G21/><T80/><D22/><U32/><E74/><V89/><F89/><W128/><G128/><T109/><D88/><U4/><E131/><V9/><F9/><W11/><G11/><T53/><D91/><U57/><E130/><V50/><F50/><W15/><G15/><T103/><D12/><U99/><E4/><V93/><F93/><W52/><AGARI ba="1,2" hai="36,41,46,52,56,59,62,63,64,79,83,86,134,135" machi="52" ten="30,6000,0" yaku="1,1,0,1,54,1,53,0" doraHai="24" doraHaiUra="100" who="3" fromWho="3" sc="200,-21,161,-21,123,-21,496,83" /><INIT seed="3,2,0,1,4,78" ten="179,140,102,579" oya="3" hai0="63,64,79,130,105,25,132,111,65,31,109,12,52" hai1="108,80,89,98,7,106,122,92,107,129,29,38,58" hai2="19,45,9,123,36,91,74,1,59,62,32,86,15" hai3="127,5,102,101,100,8,21,2,99,115,18,114,68"/><W135/><G68/><T17/><D105/><U96/><E38/><V104/><F32/><W117/><G117/><T73/><D132/><U57/><E29/><V43/><F104/><N who="1" m="39977" /><E57/><V67/><F123/><W119/><G119/><T39/><D39/><U54/><E54/><V121/><F121/><W76/><G135/><T13/><D130/><U77/><E58/><V3/><REACH who="2" step="1"/><F74/><REACH who="2" step="2"/><W120/><G120/><T14/><D73/><N who="1" m="43055" /><E122/><V113/><F113/><W41/><G115/><T56/><D109/><U97/><E97/><V61/><F61/><W90/><G114/><T88/><D111/><U66/><E108/><V70/><F70/><W124/><G41/><T112/><D112/><U30/><E98/><V10/><F10/><W0/><G0/><T133/><D133/><U4/><E96/><V22/><F22/><W82/><G124/><T11/><D65/><U84/><E66/><V34/><F34/><W118/><G127/><T94/><D64/><U35/><E35/><V24/><F24/><W53/><G118/><T85/><REACH who="0" step="1"/><D79/><REACH who="0" step="2"/><U134/><E134/><V47/><F47/><W93/><G76/><T116/><D116/><U126/><E126/><V26/><F26/><W23/><G53/><T42/><D42/><U71/><E129/><V16/><F16/><W81/><REACH who="3" step="1"/><G23/><AGARI ba="2,2" hai="11,12,13,14,17,23,25,31,52,56,63,85,88,94" machi="23" ten="30,8000,1" yaku="1,1,7,1,8,1,54,2,53,0" doraHai="78" doraHaiUra="69" who="0" fromWho="3" sc="169,106,140,0,92,0,579,-86" /><INIT seed="4,0,0,5,0,107" ten="275,140,92,493" oya="0" hai0="115,112,38,119,55,0,10,78,88,45,56,32,105" hai1="126,42,90,17,130,111,118,9,65,71,86,125,43" hai2="21,60,80,29,67,74,16,99,70,81,103,5,117" hai3="63,2,59,93,120,122,69,76,47,89,44,62,95"/><T110/><D119/><U15/><E111/><V121/><F117/><W37/><G2/><T64/><D32/><U28/><E118/><V27/><F121/><N who="3" m="46699" /><G76/><T39/><D105/><U25/><E65/><V97/><F5/><W24/><G37/><T85/><D110/><U4/><E71/><V19/><F81/><W92/><G89/><T31/><D31/><U96/><E96/><V72/><F97/><W51/><G69/><T83/><D64/><U68/><E68/><V102/><F102/><W53/><G24/><T79/><D10/><U77/><E77/><V34/><F80/><W100/><G100/><T58/><D0/><U66/><E66/><V40/><F40/><N who="3" m="24967" /><G47/><T98/><D58/><U128/><E43/><V3/><F3/><W87/><G87/><T82/><D98/><U73/><E42/><V14/><REACH who="2" step="1"/><F19/><REACH who="2" step="2"/><W131/><G131/><N who="1" m="50218" /><E17/><V108/><F108/><W133/><G133/><T46/><D39/><U116/><E116/><V75/><F75/><W132/><G132/><T101/><D38/><U61/><E86/><V22/><F22/><W23/><G23/><T52/><D101/><U50/><E90/><V84/><F84/><W41/><G41/><T8/><D85/><U127/><E73/><V109/><F109/><W18/><G18/><T123/><D88/><U49/><E28/><V94/><AGARI ba="0,1" hai="14,16,21,27,29,34,60,67,70,72,74,94,99,103" machi="94" ten="20,12000,2" yaku="1,1,0,1,7,1,52,2,54,1,53,1" doraHai="107" doraHaiUra="12" who="2" fromWho="2" sc="275,-60,140,-30,82,130,493,-30" /><INIT seed="5,0,0,4,3,134" ten="215,110,212,463" oya="1" hai0="74,93,83,50,88,22,25,31,127,4,133,38,14" hai1="71,82,111,73,101,64,65,129,59,112,103,95,107" hai2="104,80,99,23,69,61,66,96,56,72,108,11,116" hai3="89,9,28,117,44,60,12,122,121,54,51,5,16"/><U20/><E71/><V7/><F116/><W113/><G117/><T36/><D133/><U10/><E10/><V86/><F99/><W53/><G113/><T126/><D4/><U17/><E112/><V98/><F98/><W35/><G35/><T77/><D14/><U42/><E107/><V6/><F23/><W45/><G28/><T124/><D50/><U68/><E68/><V40/><F56/><W55/><G55/><T46/><D46/><U34/><E34/><V57/><F57/><W115/><G115/><T109/><D109/><U75/><E111/><V79/><F86/><AGARI ba="0,0" hai="22,25,31,36,38,74,77,83,86,88,93,124,126,127" machi="86" ten="40,8000,1" yaku="18,1,52,3,54,1" doraHai="134" who="0" fromWho="2" sc="215,80,110,0,212,-80,463,0" /><INIT seed="6,0,0,2,2,56" ten="295,110,132,463" oya="2" hai0="109,45,29,66,135,86,80,71,124,6,95,12,44" hai1="34,31,74,16,120,36,53,15,69,117,41,37,27" hai2="35,114,52,116,14,78,128,61,91,22,65,59,19" hai3="82,48,23,101,39,24,38,77,76,100,42,33,123"/><V9/><F116/><W118/><G33/><T132/><D109/><U96/><E74/><V94/><F128/><W79/><G118/><T83/><D29/><U92/><E117/><V111/><F35/><W127/><G123/><T133/><D124/><U107/><E107/><V130/><F130/><W62/><G127/><T115/><D115/><U131/><E131/><V18/><F114/><W17/><G82/><T50/><D95/><U88/><E120/><V4/><F111/><W46/><G39/><T5/><D12/><U57/><E69/><V28/><F78/><W99/><G99/><T60/><D83/><U68/><E68/><V119/><F119/><W81/><G81/><T70/><D71/><U2/><E41/><V113/><F113/><W98/><G98/><T3/><D3/><U72/><E2/><V67/><F28/><W75/><G75/><T0/><D0/><U47/><E47/><V40/><F40/><W1/><G1/><T105/><D105/><U85/><E96/><N who="2" m="57439" /><F19/><W10/><G38/><T89/><REACH who="0" step="1"/><D45/><REACH who="0" step="2"/><U103/><E72/><V134/><F134/><W43/><G43/><AGARI ba="0,1" hai="5,6,43,44,50,60,66,70,80,86,89,132,133,135" machi="43" ten="40,8000,1" yaku="1,1,2,1,20,1,52,1,53,0" doraHai="56" doraHaiUra="13" who="0" fromWho="3" sc="285,90,110,0,132,0,463,-80" /><INIT seed="7,0,0,3,2,93" ten="375,110,132,383" oya="3" hai0="80,85,52,90,49,101,46,26,86,4,61,29,113" hai1="74,64,123,114,14,6,129,92,95,131,53,31,76" hai2="60,12,23,44,0,56,63,81,16,89,128,110,117" hai3="99,45,116,134,87,133,109,7,25,27,104,37,36"/><W59/><G59/><T100/><D113/><U8/><E123/><V58/><F117/><W68/><G68/><T120/><D120/><U40/><E64/><V54/><F128/><N who="1" m="49225" /><E40/><V125/><F0/><W18/><G87/><T28/><D4/><U20/><E76/><V33/><F33/><W21/><G45/><T119/><D119/><U67/><E67/><V47/><F125/><W38/><G116/><T84/><D61/><U98/><E74/><V42/><F42/><W121/><G121/><T5/><D5/><U78/><E78/><V57/><F110/><W83/><G83/><T71/><D71/><U39/><E39/><V75/><F75/><W112/><G112/><T91/><D85/><U35/><E35/><V2/><F2/><W105/><G7/><T9/><D9/><U51/><E114/><V82/><F58/><W30/><G109/><T13/><D13/><U73/><E73/><V19/><F19/><W127/><G127/><T79/><D79/><U108/><E108/><V34/><F34/><W118/><G118/><T50/><D50/><U66/><E66/><N who="2" m="39175" /><F81/><W135/><G99/><T122/><D122/><U55/><E95/><V1/><F1/><W111/><G111/><T132/><D132/><U102/><E51/><V65/><F65/><W96/><G96/><T10/><D10/><U43/><E43/><V32/><F32/><AGARI ba="0,0" hai="18,21,25,27,30,32,36,37,38,104,105,133,134,135" machi="32" ten="50,2400,0" yaku="20,1" doraHai="93" who="3" fromWho="2" sc="375,0,110,0,132,-24,383,24" owari="375,18,110,-29,108,-39,407,50" /></mjloggm>