<mjloggm ver="2.3"><GO type="9"/><UN n0="%E3%81%97%E3%82%87%E3%83%BC%E3%81%90%E3%82%93%E3%81%95%E3%82%93" n1="%4E%6F%4E%61%6D%65" n2="%E3%82%A6%E3%83%AB%E3%83%88%E3%83%A9%E7%AB%8B%E7%9B%B4" n3="%E3%81%AF%E3%81%B7%E3%81%AB%E3%82%93%E3%81%90" dan="3,0,6,11" rate="1250,1500,1696,1834" sx="M,M,M,M"/><TAIKYOKU oya="0"/><INIT seed="0,0,0,3,2,132" ten="250,250,250,250" oya="0" hai0="84,27,114,104,9,69,3,42,2,43,78,95,55" hai1="64,89,58,49,115,40,51,41,135,4,75,10,22" hai2="68,21,46,129,101,16,112,83,119,103,77,5,80" hai3="17,13,52,109,29,28,11,23,8,92,118,76,39" shuffle="mt19937ar,55920F40,B2720CB0,B8BE4F60,139DFDB4,A9C6C511,E37B74B0,13BAB3E3,02797972"/><T24/><D69/><U98/><E75/><V35/><F68/><W79/><G39/><T124/><D104/><U130/><E115/><V0/><F35/><W56/><G118/><T7/><D114/><U44/><E130/><V111/><F112/><W93/><G109/><T72/><D72/><U1/><E22/><V110/><F5/><W121/><G121/><T105/><D105/><U131/><E131/><V67/><F0/><W14/><G56/><T123/><D123/><U100/><E135/><V38/><F67/><W47/><G47/><T26/><D55/><U34/><E34/><V86/><F129/><W66/><G66/><T96/><D2/><U97/><E89/><V107/><F83/><W73/><G73/><T12/><D78/><U48/><E100/><V94/><F94/><W70/><G70/><T6/><D84/><U63/><REACH who="1" step="1"/><E48/><REACH who="1" step="2"/><V62/><F119/><W122/><G122/><T60/><D60/><U125/><E125/><V81/><F62/><W74/><G74/><T20/><D20/><U126/><E126/><V33/><F33/><W90/><G23/><T88/><D124/><U61/><E61/><V108/><F107/><W134/><G134/><T91/><REACH who="0" step="1"/><D91/><REACH who="0" step="2"/><U45/><AGARI ba="0,2" hai="1,4,10,40,41,44,45,49,51,58,63,64,97,98" machi="45" ten="30,7900,0" yaku="1,1,0,1,9,1,53,1" doraHai="132" doraHaiUra="59" who="1" fromWho="1" sc="240,-39,240,99,250,-20,250,-20" /><INIT seed="1,0,0,3,2,64" ten="201,339,230,230" oya="1" hai0="80,28,24,25,35,95,0,7,33,48,45,5,85" hai1="84,67,12,126,36,14,17,79,96,53,114,129,103" hai2="20,37,11,8,72,99,31,78,90,39,124,107,104" hai3="82,60,4,6,44,88,70,100,15,22,125,83,73" shuffle="mt19937ar,5C79A62B,8A1FFF6E,4EBA0D29,BC15CAA3,C530153F,4A4D6E92,C12B00EA,E00CCA02"/><U3/><E114/><V97/><F20/><W110/><G125/><T40/><D95/><U101/><E126/><V29/><F78/><W112/><G112/><T46/><D45/><U47/><E129/><V76/><F76/><W92/><G110/><T91/><REACH who="0" step="1"/><D0/><REACH who="0" step="2"/><U130/><E3/><V26/><F124/><W52/><G73/><T69/><D69/><U134/><E130/><V55/><F104/><W118/><G70/><T132/><D132/><U120/><E134/><V119/><F107/><W109/><G109/><T89/><D89/><U68/><E120/><V61/><F119/><W49/><G118/><T59/><D59/><U32/><E68/><V9/><F90/><W121/><G121/><T98/><D98/><U1/><E1/><V113/><F113/><W122/><G122/><T57/><D57/><U65/><E36/><V131/><F72/><W123/><G123/><T87/><D87/><U93/><E79/><V2/><F131/><W50/><G100/><T56/><D56/><U54/><E103/><V13/><F2/><W27/><G60/><T94/><D94/><U21/><E47/><V23/><F39/><W51/><G82/><T75/><D75/><U133/><E133/><V18/><F37/><W115/><G83/><T77/><D77/><U38/><E38/><V81/><F81/><W34/><G115/><T19/><D19/><U127/><E84/><V111/><F111/><W62/><G62/><T41/><D41/><U117/><E127/><V58/><F31/><AGARI ba="0,1" hai="5,7,24,25,28,31,33,35,40,46,48,80,85,91" machi="31" ten="40,8000,1" yaku="1,1,9,1,53,2" doraHai="64" doraHaiUra="30" who="0" fromWho="2" sc="191,90,339,0,230,-80,230,0" /><INIT seed="2,0,0,4,0,75" ten="281,339,150,230" oya="2" hai0="59,104,113,0,111,26,129,55,95,40,72,130,9" hai1="36,49,125,89,14,60,16,25,98,38,133,122,11" hai2="84,22,23,27,7,50,71,87,41,81,17,28,79" hai3="56,54,99,118,112,35,116,19,51,134,33,92,97" shuffle="mt19937ar,DFA92B2B,C6793C3B,0522228B,FC2978EB,5A8CDF3E,E24913D6,741CA06F,57DF9A00"/><V114/><F71/><W85/><G112/><T94/><D104/><U43/><E122/><V83/><F114/><W67/><G134/><T5/><D113/><U39/><E133/><V108/><F7/><W61/><G118/><T31/><D72/><U53/><E125/><V18/><F108/><W63/><G116/><T68/><D68/><U32/><E32/><V70/><F70/><W74/><G74/><T109/><D40/><U42/><E60/><V121/><F121/><W128/><G128/><N who="0" m="49259" /><D31/><U44/><REACH who="1" step="1"/><E25/><REACH who="1" step="2"/><V88/><F23/><W45/><G35/><T37/><D26/><U131/><E131/><V13/><F13/><W64/><G33/><T3/><D3/><U65/><E65/><V66/><F66/><W24/><G24/><T47/><D111/><U110/><E110/><V15/><F15/><W34/><G34/><T103/><D109/><U48/><E48/><V8/><F8/><W77/><G19/><T6/><D6/><U76/><E76/><V52/><REACH who="2" step="1"/><F41/><REACH who="2" step="2"/><W102/><G64/><T29/><D29/><U62/><E62/><V93/><F93/><AGARI ba="0,2" hai="11,14,16,36,38,39,42,43,44,49,53,89,93,98" machi="93" ten="40,2600,0" yaku="1,1,54,1,53,0" doraHai="75" doraHaiUra="101" who="1" fromWho="2" sc="281,0,329,46,140,-26,230,0" /><INIT seed="3,0,0,4,0,9" ten="281,375,114,230" oya="3" hai0="82,37,127,40,60,94,19,45,25,7,16,133,55" hai1="81,15,89,102,30,2,63,54,130,103,117,10,17" hai2="77,123,84,3,87,44,100,65,109,6,64,72,13" hai3="21,69,83,68,86,41,61,18,56,92,14,95,22" shuffle="mt19937ar,DDE388F6,C8C065F5,69F9394E,98F1B0C7,2B4AF2A5,4FDA1DEE,77F7D3E8,A83CF428"/><W96/><G41/><T1/><D127/><U93/><E117/><V112/><F3/><W122/><G122/><T79/><D133/><U128/><E30/><V31/><F72/><W57/><G69/><T59/><D94/><U98/><E81/><V39/><F39/><W24/><G68/><T104/><D104/><U116/><E116/><V132/><F112/><W42/><G42/><T119/><D119/><U32/><E32/><V75/><F75/><W99/><G96/><T126/><D25/><U97/><E2/><V33/><F33/><W124/><G124/><T71/><D126/><U129/><REACH who="1" step="1"/><E98/><REACH who="1" step="2"/><V108/><F132/><W134/><G134/><T5/><D1/><U80/><E80/><V48/><F123/><W78/><G61/><T4/><D82/><U111/><E111/><V135/><F31/><W66/><G66/><T131/><D79/><U11/><E11/><V26/><F77/><W20/><G95/><T28/><D28/><U29/><E29/><V85/><F85/><W110/><G110/><T36/><D36/><U91/><E91/><V51/><F135/><W76/><G78/><T50/><REACH who="0" step="1"/><D131/><REACH who="0" step="2"/><U0/><E0/><V70/><F109/><W90/><REACH who="3" step="1"/><G24/><REACH who="3" step="2"/><T53/><D53/><U12/><E12/><V49/><F108/><W43/><G43/><T114/><D114/><U113/><E113/><V47/><F26/><W35/><G35/><T125/><D125/><U52/><E52/><V46/><F100/><W107/><G107/><T74/><D74/><U101/><E101/><V106/><F106/><W121/><G121/><T118/><D118/><RYUUKYOKU ba="0,3" sc="271,10,365,10,114,-30,220,10" hai0="4,5,7,16,19,37,40,45,50,55,59,60,71" hai1="10,15,17,54,63,89,93,97,102,103,128,129,130" hai3="14,18,20,21,22,56,57,76,83,86,90,92,99" /><INIT seed="3,1,3,1,3,27" ten="281,375,84,230" oya="3" hai0="118,29,90,78,42,93,82,7,102,59,111,114,41" hai1="14,32,40,125,134,22,5,46,97,18,73,86,122" hai2="8,109,0,16,126,34,26,10,71,55,91,81,69" hai3="76,43,38,84,58,121,120,127,61,83,21,99,113" shuffle="mt19937ar,BEB26647,F4C7F384,060D9497,4820A08C,2727AECA,5DD4D7FF,C867A4A2,807AF920"/><W96/><G113/><T103/><D118/><U85/><E122/><V4/><F126/><W80/><G127/><T108/><D114/><U106/><E125/><V104/><F104/><W53/><G43/><T67/><D78/><U72/><E134/><V89/><F109/><W54/><G38/><T28/><D82/><U49/><E32/><V9/><F89/><W50/><G121/><T19/><D7/><U116/><E116/><V17/><F71/><W101/><G120/><T133/><D133/><U124/><E124/><V115/><F69/><W60/><G21/><T130/><D130/><U128/><E128/><V65/><F65/><W100/><G83/><T112/><D112/><U88/><E5/><V45/><F115/><W33/><G33/><T31/><D67/><U23/><E106/><V39/><F39/><W25/><G25/><T48/><D19/><N who="2" m="7242" /><F91/><W95/><REACH who="3" step="1"/><G54/><REACH who="3" step="2"/><N who="0" m="32199" /><D42/><U77/><E77/><V75/><F81/><W11/><G11/><N who="2" m="4169" /><F75/><N who="1" m="28745" /><E23/><V2/><F55/><W110/><G110/><N who="0" m="42027" /><D41/><U1/><E1/><N who="2" m="271" /><F34/><W94/><AGARI ba="1,4" hai="50,53,58,60,61,76,80,84,94,95,96,99,100,101" machi="94" ten="20,12000,1" yaku="1,1,0,1,7,1,9,1,8,1,53,0" doraHai="27" doraHaiUra="35" who="3" fromWho="3" sc="281,-41,375,-41,84,-41,220,163" /><INIT seed="3,2,0,2,2,63" ten="240,334,43,383" oya="3" hai0="15,123,85,11,0,60,82,109,97,67,45,31,78" hai1="40,2,96,80,28,128,29,98,16,124,50,30,5" hai2="38,1,62,64,53,110,34,107,99,52,20,93,122" hai3="32,41,27,73,106,47,119,66,18,125,114,71,121" shuffle="mt19937ar,1D6A1D8C,7691C9FE,4EC62964,B0E2409A,EBD12AC2,A69E2A27,7F250ECB,51D0A929"/><W117/><G73/><T56/><D123/><U33/><E124/><V22/><F1/><W57/><G106/><T14/><D31/><U3/><E80/><V25/><F38/><W17/><G71/><T132/><D109/><U58/><E128/><V12/><F110/><W101/><G101/><T7/><D132/><U68/><E68/><V13/><F122/><W118/><G121/><T51/><D97/><U48/><E33/><V89/><F107/><W6/><G114/><T8/><REACH who="0" step="1"/><D11/><REACH who="0" step="2"/><N who="1" m="2487" /><E3/><V84/><F34/><W61/><G125/><T120/><D120/><U87/><E87/><V112/><F112/><W35/><G6/><T105/><D105/><U111/><E111/><V72/><F72/><W77/><G77/><T36/><D36/><U37/><E37/><V24/><F84/><W115/><G115/><T104/><D104/><U102/><E102/><V49/><F13/><W19/><REACH who="3" step="1"/><G27/><REACH who="3" step="2"/><T46/><D46/><N who="1" m="25671" /><E58/><V113/><F113/><W76/><G76/><T90/><D90/><U69/><E69/><V116/><F116/><W9/><G9/><T4/><D4/><U133/><E133/><V70/><F12/><W95/><G95/><T23/><D23/><U127/><E127/><V75/><F75/><W55/><G55/><AGARI ba="2,2" hai="0,7,8,14,15,45,51,55,56,60,67,78,82,85" machi="55" ten="30,7700,0" yaku="1,1,7,1,52,1,53,1" doraHai="63" doraHaiUra="42" who="0" fromWho="3" sc="230,103,334,0,43,0,373,-83" /><INIT seed="4,0,0,1,5,60" ten="333,334,43,290" oya="0" hai0="67,38,117,119,106,92,134,84,95,10,118,28,68" hai1="108,1,66,19,113,128,22,114,94,4,77,100,37" hai2="82,75,65,17,46,0,120,11,23,2,125,126,76" hai3="39,99,53,25,7,61,43,44,129,72,18,86,42" shuffle="mt19937ar,4C446070,5996A867,A9CCA1AA,8DCF15F6,157204DB,D56625CB,A116B078,B1CC0A31"/><T101/><D38/><U40/><E66/><V62/><F120/><W90/><G72/><T97/><D134/><U48/><E48/><V51/><F23/><W58/><G129/><T71/><D10/><N who="1" m="2319" /><E128/><V98/><F98/><W63/><G7/><T26/><D84/><U36/><E108/><V33/><F33/><W8/><G43/><T27/><D26/><N who="1" m="14687" /><E100/><V30/><F30/><W47/><G44/><T135/><D135/><U91/><E91/><V124/><F17/><W132/><G132/><T64/><D68/><U102/><E102/><V12/><F12/><W14/><G25/><T9/><D9/><U31/><E31/><V79/><F11/><W74/><G74/><T122/><D122/><U24/><E24/><V41/><REACH who="2" step="1"/><F76/><REACH who="2" step="2"/><W70/><G99/><T15/><D15/><U88/><E77/><V21/><F21/><W85/><G90/><T110/><D110/><U133/><E133/><V50/><F50/><W109/><G109/><T5/><D5/><U56/><E40/><V123/><F123/><W20/><G20/><T69/><D69/><AGARI ba="0,1" hai="0,2,41,46,51,62,65,69,75,79,82,124,125,126" machi="69" ten="40,5200,0" yaku="1,1,18,1,52,1,53,0" doraHai="60" doraHaiUra="13" who="2" fromWho="0" sc="333,-52,334,0,33,62,290,0" /><INIT seed="5,0,0,2,5,16" ten="281,334,95,290" oya="1" hai0="44,121,106,36,14,38,117,79,98,56,65,25,6" hai1="125,94,23,91,47,67,22,52,21,72,2,87,86" hai2="42,41,114,10,120,27,95,15,129,111,43,124,78" hai3="80,113,134,122,18,59,130,81,3,119,33,132,83" shuffle="mt19937ar,8F931CDD,14E17994,21AD06D3,7302185D,2986694D,56DDD373,504284C0,7EA67C03"/><U101/><E125/><V93/><F124/><W75/><G33/><T1/><D117/><U102/><E2/><V19/><F120/><W89/><G3/><T107/><D79/><U29/><E67/><V84/><F111/><W60/><G119/><T112/><D112/><U96/><E72/><V70/><F70/><W45/><G122/><T13/><D121/><U4/><E4/><V85/><F114/><W109/><G109/><T32/><D44/><U127/><E127/><V135/><F129/><W108/><G113/><T115/><D115/><U103/><REACH who="1" step="1"/><E29/><REACH who="1" step="2"/><V11/><F135/><N who="3" m="51755" /><G130/><T35/><D1/><U30/><E30/><V58/><F78/><W37/><G108/><T55/><D6/><U110/><E110/><V28/><F28/><W5/><G5/><T126/><D65/><U90/><E90/><V131/><F131/><W71/><G18/><T46/><D126/><U82/><E82/><V99/><F19/><W39/><G75/><T69/><D69/><U61/><E61/><V64/><F64/><N who="3" m="41351" /><G89/><T50/><D107/><U54/><E54/><V40/><F40/><N who="3" m="22671" /><G39/><T8/><D106/><U73/><E73/><V17/><F43/><W77/><G77/><T105/><D105/><U51/><AGARI ba="0,1" hai="21,22,23,47,51,52,86,87,91,94,96,101,102,103" machi="51" ten="40,24000,3" yaku="1,1,0,1,8,1,52,3,54,1,53,1" doraHai="16" doraHaiUra="92" who="1" fromWho="1" sc="281,-80,324,250,95,-80,290,-80" /><INIT seed="5,1,0,0,2,96" ten="201,574,15,210" oya="1" hai0="17,92,2,62,26,73,100,95,63,46,18,19,124" hai1="82,104,117,13,53,129,51,65,24,113,125,64,127" hai2="52,91,123,109,14,130,75,20,38,90,99,76,15" hai3="42,41,74,29,49,106,3,48,101,28,88,55,79" shuffle="mt19937ar,37FAE5B1,183B80CF,8B3B1453,767CF8FD,976C65FD,08FF7C25,C3F944F6,EE3DCC9D"/><U10/><E113/><V57/><F38/><W121/><G3/><T111/><D111/><U87/><E117/><V44/><F109/><W23/><G121/><T11/><D124/><U56/><E129/><V12/><F76/><W0/><G0/><T107/><D73/><U114/><E114/><V119/><F75/><W59/><G79/><T5/><D26/><U37/><E104/><V6/><F119/><W67/><G74/><T70/><D70/><U134/><E37/><V21/><F130/><W31/><G67/><N who="1" m="25674" /><E24/><V66/><F6/><W80/><G106/><T115/><D115/><U35/><E35/><V8/><F8/><W33/><G101/><T120/><D120/><U86/><E134/><V69/><F123/><W97/><G33/><T108/><D108/><U43/><E43/><V47/><F66/><W78/><G78/><T25/><D25/><U83/><E127/><V84/><F69/><W68/><G68/><T40/><D100/><U110/><E110/><V1/><F1/><W102/><G102/><T126/><D107/><U93/><E93/><V118/><F118/><W128/><G128/><T122/><D122/><U105/><E105/><V54/><F99/><W81/><G23/><N who="2" m="8777" /><F57/><W103/><G103/><T9/><D2/><U112/><E125/><V116/><F116/><W89/><G97/><T135/><D5/><N who="1" m="3279" /><E112/><V98/><F98/><W39/><G39/><T32/><D32/><U71/><E71/><V85/><F85/><AGARI ba="1,0" hai="51,53,56,82,83,85,86,87" m="3279,25674" machi="85" ten="30,1500,0" yaku="8,1" doraHai="96" who="1" fromWho="2" sc="201,0,574,18,15,-18,210,0" owari="201,-20,592,69,-3,-50,210,1" /></mjloggm>