<mjloggm ver="2.3"><GO type="41"/><UN n0="%E6%9A%87%E4%BA%BA%52" n1="%6F%6B%61%7A%75%79%61" n2="%E3%83%95%E3%83%AA%E3%83%86%E3%83%B3" n3="%E3%82%A6%E3%83%AB%E3%83%88%E3%83%A9%E7%AB%8B%E7%9B%B4" dan="13,13,13,14" rate="1814,1829,1858,1912" sx="M,M,M,M"/><TAIKYOKU oya="0"/><INIT seed="0,0,0,3,3,135" ten="250,250,250,250" oya="0" hai0="73,26,98,100,24,95,68,70,79,44,74,130,133" hai1="61,57,106,88,96,46,54,69,110,4,30,126,1" hai2="52,45,13,32,108,117,84,60,127,128,50,41,58" hai3="103,3,121,66,124,20,111,15,25,37,33,18,7"/><T91/><D133/><U81/><E110/><V94/><F108/><W17/><G37/><T114/><D114/><U12/><E1/><V71/><F128/><W134/><G66/><T64/><D130/><U65/><E30/><V36/><F117/><W112/><G103/><T56/><D44/><U9/><E126/><V29/><F13/><W11/><G111/><T109/><D109/><U72/><E46/><V47/><F29/><N who="3" m="19631" /><G134/><T105/><D70/><U85/><E72/><V77/><F32/><W63/><G63/><T19/><D68/><U86/><E86/><V5/><F5/><W23/><G112/><T53/><D64/><U93/><E106/><V40/><F77/><W80/><G80/><T2/><D2/><U113/><E113/><V8/><F8/><W132/><G132/><T51/><D79/><U101/><REACH who="1" step="1"/><E69/><REACH who="1" step="2"/><V83/><F84/><W90/><G121/><T119/><D119/><U35/><E35/><V122/><F127/><W131/><G131/><T102/><D74/><U76/><E76/><V97/><F122/><W62/><G124/><T31/><D73/><U10/><E10/><V107/><F107/><W55/><G20/><N who="0" m="15751" /><D105/><U129/><E129/><V125/><F125/><W49/><G3/><T115/><D115/><U34/><E34/><V43/><F71/><W87/><G23/><AGARI ba="0,1" hai="19,23,26,51,53,56,91,95,98,100,102" m="15751" machi="23" ten="30,1500,0" yaku="8,1" doraHai="135" who="0" fromWho="3" sc="250,25,240,0,250,0,250,-15" /><INIT seed="0,1,0,3,5,129" ten="275,240,250,235" oya="0" hai0="110,63,130,90,15,21,112,47,39,9,38,131,51" hai1="100,121,56,29,97,67,17,1,120,41,82,105,75" hai2="69,48,24,71,11,99,74,61,109,111,80,91,59" hai3="122,20,87,72,113,96,128,92,115,31,65,58,60"/><T104/><D112/><U132/><E1/><V64/><F74/><W124/><G72/><T73/><D104/><U57/><E41/><V23/><F11/><W35/><G35/><T85/><D73/><U88/><E29/><V123/><F123/><W16/><G122/><T30/><D110/><U52/><E75/><V125/><F125/><W42/><G124/><T10/><D63/><U106/><E106/><V98/><F98/><W12/><G128/><N who="0" m="49195" /><D30/><U28/><E28/><V117/><F117/><W18/><G31/><T78/><D78/><U119/><E119/><V79/><F23/><W36/><G87/><T45/><D21/><U40/><E40/><V6/><F24/><W126/><G126/><T84/><D84/><U8/><E8/><N who="0" m="3177" /><D15/><U70/><E70/><V2/><F69/><W83/><G18/><T34/><D34/><U81/><E17/><V114/><F61/><W13/><G13/><T32/><D32/><U62/><E82/><V95/><F71/><W133/><G83/><N who="0" m="49471" /><D47/><U68/><E68/><V86/><F114/><W107/><G107/><T7/><D7/><U127/><E127/><V3/><F6/><W55/><G113/><T0/><D0/><U93/><E81/><V94/><F79/><W89/><G115/><T25/><D25/><U37/><E37/><V77/><F77/><W135/><REACH who="3" step="1"/><G65/><REACH who="3" step="2"/><T101/><D101/><U33/><E33/><V103/><F64/><W4/><G4/><T53/><AGARI ba="1,1" hai="38,39,45,51,53" m="49471,3177,49195" machi="53" ten="30,1500,0" yaku="19,1" doraHai="129" who="0" fromWho="0" sc="275,28,240,-6,250,-6,225,-6" /><INIT seed="0,2,0,4,1,93" ten="303,234,244,219" oya="0" hai0="116,3,52,129,27,60,14,101,42,11,41,76,8" hai1="58,44,43,86,12,45,62,110,25,89,38,119,18" hai2="117,85,102,61,28,68,115,0,122,133,108,54,95" hai3="23,131,10,66,111,82,87,36,121,114,47,51,16"/><T75/><D116/><U132/><E119/><V71/><F28/><W77/><G36/><T40/><D129/><U37/><E110/><V46/><F0/><W112/><G131/><T118/><D118/><U39/><E132/><V69/><F85/><W13/><G111/><T32/><D3/><U128/><E128/><V94/><F95/><W83/><G121/><T34/><D101/><U96/><E25/><V97/><F108/><W56/><G83/><T22/><D76/><U113/><E113/><V20/><F115/><W31/><G114/><T126/><D75/><U35/><E35/><V72/><F122/><W59/><G112/><T33/><D126/><U70/><E70/><V21/><F117/><W73/><G73/><T26/><D14/><U98/><E45/><V7/><F133/><W120/><G120/><T29/><REACH who="0" step="1"/><D26/><REACH who="0" step="2"/><U6/><E38/><V78/><F102/><W63/><G31/><T65/><D65/><U50/><E37/><V100/><F100/><W130/><G130/><T30/><D30/><U1/><E39/><V88/><F78/><W55/><REACH who="3" step="1"/><G10/><REACH who="3" step="2"/><T67/><D67/><N who="1" m="39383" /><E1/><V134/><F72/><W81/><G81/><T105/><D105/><U107/><E107/><V4/><F134/><W91/><G91/><T79/><D79/><U84/><E84/><V9/><F9/><W106/><G106/><T57/><AGARI ba="2,2" hai="8,11,22,27,29,32,33,34,40,41,42,52,57,60" machi="57" ten="40,7800,0" yaku="1,1,0,1,54,1,53,0" doraHai="93" doraHaiUra="99" who="0" fromWho="0" sc="293,104,234,-28,244,-28,209,-28" /><INIT seed="0,3,0,5,1,104" ten="397,206,216,181" oya="0" hai0="114,111,71,62,67,50,34,79,87,126,93,0,40" hai1="116,103,85,72,35,80,41,86,134,52,3,74,99" hai2="107,38,39,10,4,95,24,83,5,77,110,113,69" hai3="64,44,101,131,108,28,127,47,81,53,73,121,92"/><T2/><D114/><U102/><E35/><V13/><F107/><W100/><G64/><T37/><D34/><U66/><E3/><V60/><F113/><W122/><G28/><T32/><D32/><U68/><E41/><V132/><F110/><W84/><G47/><T12/><D111/><U55/><E68/><V70/><F132/><W128/><G53/><N who="1" m="20554" /><E66/><V75/><F24/><W9/><G9/><T22/><D126/><U30/><E30/><V33/><F33/><W20/><G20/><T123/><D123/><N who="3" m="47113" /><G44/><T133/><D133/><U56/><E134/><V58/><F5/><W26/><G26/><T96/><D87/><N who="1" m="33291" /><E56/><V57/><F57/><W45/><G45/><T31/><D79/><U19/><E80/><V115/><F115/><W49/><G49/><T42/><D37/><U51/><E51/><V14/><F14/><W27/><G27/><T46/><D42/><U109/><E109/><V97/><F39/><W78/><G108/><T29/><D12/><U119/><E19/><V6/><F6/><W43/><G43/><T82/><D2/><U90/><E90/><V124/><F124/><W16/><G16/><T76/><D0/><U15/><E15/><V89/><REACH who="2" step="1"/><F38/><REACH who="2" step="2"/><W17/><G127/><T112/><D71/><U18/><E18/><V94/><F94/><W117/><G17/><T36/><D112/><U21/><E21/><V48/><F48/><W1/><G1/><T106/><D22/><U61/><E61/><V120/><F120/><W88/><G117/><N who="1" m="45130" /><E99/><V65/><AGARI ba="3,1" hai="4,10,13,58,60,65,69,70,75,77,83,89,95,97" machi="65" ten="20,5200,0" yaku="1,1,0,1,7,1,52,1,53,0" doraHai="104" doraHaiUra="135" who="2" fromWho="2" sc="397,-29,206,-16,206,71,181,-16" /><INIT seed="1,0,0,0,4,134" ten="368,190,277,165" oya="1" hai0="33,50,133,121,28,31,82,34,64,70,120,102,90" hai1="127,0,112,95,73,23,20,47,63,85,42,4,30" hai2="91,83,100,74,52,2,13,67,113,24,130,88,103" hai3="111,71,87,7,107,18,96,44,11,29,75,81,14"/><U108/><E73/><V72/><F2/><W61/><G75/><T110/><D102/><U12/><E112/><V135/><F67/><W41/><G111/><T129/><D50/><U22/><E108/><V46/><F74/><W16/><G29/><T17/><D17/><U104/><E0/><V77/><F135/><W94/><G107/><T19/><D19/><U128/><E104/><V21/><F130/><W115/><G115/><T35/><D110/><U40/><E128/><V69/><F69/><W36/><G61/><T89/><D129/><U68/><E127/><V43/><F13/><W27/><G71/><T58/><D133/><U25/><E68/><V26/><F26/><W132/><G132/><T1/><D70/><U39/><E42/><V48/><F113/><W62/><G62/><T99/><D99/><U65/><E65/><V105/><F103/><W118/><G118/><T54/><D1/><U3/><E63/><V126/><F126/><W122/><G122/><T124/><D124/><U114/><E3/><V6/><F6/><W38/><G38/><T45/><D35/><U78/><E114/><V84/><F72/><W66/><G66/><T8/><D34/><U119/><E119/><V15/><F15/><W32/><G32/><T125/><D33/><U98/><E4/><V55/><F100/><N who="3" m="60439" /><G27/><T79/><D121/><U123/><E123/><V106/><F106/><W53/><G53/><N who="2" m="20553" /><F105/><W56/><G56/><T57/><D58/><U93/><E12/><V9/><F9/><W80/><G80/><T49/><D8/><U116/><E116/><V117/><F117/><RYUUKYOKU ba="0,0" sc="368,-15,190,-15,277,15,165,15" hai2="21,24,43,46,48,77,83,84,88,91" hai3="7,11,14,16,18,36,41,44,81,87" /><INIT seed="2,1,0,2,1,76" ten="353,175,292,180" oya="2" hai0="103,100,8,37,34,127,94,82,106,53,51,2,57" hai1="92,11,73,122,9,15,27,23,132,77,61,105,39" hai2="65,72,101,128,52,25,64,60,115,32,129,80,16" hai3="49,95,88,116,84,131,48,36,31,75,130,40,79"/><V123/><F115/><W99/><G36/><T90/><D37/><U29/><E39/><V96/><F123/><W56/><G116/><T26/><D127/><U62/><E105/><V55/><F65/><W107/><G31/><T70/><D70/><U121/><E92/><V93/><F72/><W135/><G40/><T71/><D71/><U87/><E73/><V91/><F32/><W124/><G56/><T12/><D2/><U28/><E77/><V54/><F128/><N who="3" m="49195" /><G124/><T81/><D106/><U13/><E87/><N who="2" m="50663" /><F129/><W14/><G14/><N who="1" m="5130" /><E61/><V38/><F38/><W74/><G135/><T63/><D34/><U22/><E62/><V41/><F41/><W59/><G59/><N who="0" m="33215" /><D26/><N who="1" m="16471" /><E132/><V86/><F64/><W104/><G75/><T35/><D35/><U33/><E122/><V19/><F25/><W134/><G134/><T108/><D108/><U46/><E46/><V125/><F125/><W10/><G107/><T120/><D120/><U78/><E78/><V111/><F111/><W4/><G74/><T113/><D113/><U133/><E133/><V50/><F60/><W7/><G104/><T69/><D69/><U21/><E121/><V43/><F86/><W18/><G84/><N who="0" m="52551" /><D63/><U5/><E11/><V30/><F30/><W114/><G114/><T47/><D47/><AGARI ba="1,0" hai="16,19,43,47,50,52,54,55,93,96,101" m="50663" machi="47" ten="30,11600,0" yaku="8,1,52,1,54,2" doraHai="76" who="2" fromWho="0" sc="353,-119,175,0,292,119,180,0" /><INIT seed="2,2,0,4,1,83" ten="234,175,411,180" oya="2" hai0="81,43,89,74,49,125,7,123,0,40,34,51,91" hai1="65,4,106,79,42,20,10,98,56,118,37,113,8" hai2="87,21,95,80,12,59,15,119,111,102,85,52,11" hai3="105,101,128,69,13,25,18,28,132,116,17,41,76"/><V68/><F119/><W24/><G69/><T46/><D123/><U31/><E118/><V1/><F68/><W9/><G116/><T39/><D125/><U23/><E113/><V94/><F111/><W55/><G41/><T96/><D34/><U82/><E37/><V57/><F1/><W75/><G105/><T67/><D67/><U45/><E42/><V84/><F80/><W5/><G101/><T19/><D19/><N who="3" m="7177" /><G75/><T14/><D96/><U133/><E45/><V109/><F109/><W122/><G122/><T72/><D14/><U108/><E108/><V104/><F104/><W70/><G70/><T16/><D39/><U93/><E133/><V53/><F21/><N who="3" m="15375" /><G55/><N who="2" m="21065" /><F102/><W78/><G78/><T130/><D74/><U62/><E106/><V64/><F64/><W60/><G60/><T35/><D72/><U36/><E36/><V129/><F129/><W110/><G76/><T6/><D130/><U27/><E23/><V71/><F71/><W86/><G110/><T29/><D43/><U66/><E66/><V124/><F124/><W32/><G128/><T107/><D40/><U61/><E61/><V134/><F134/><W135/><G132/><T121/><D121/><U48/><E48/><V38/><F38/><W117/><G135/><T54/><D51/><U26/><E26/><V73/><F73/><W120/><G117/><T112/><D112/><U103/><REACH who="1" step="1"/><E4/><REACH who="1" step="2"/><N who="2" m="3175" /><F15/><W30/><G120/><T22/><D7/><U127/><E127/><V97/><F95/><W90/><G5/><T92/><D6/><U33/><E33/><V47/><F47/><W44/><G44/><RYUUKYOKU ba="2,1" sc="234,-15,165,15,411,15,180,-15" hai1="8,10,20,27,31,56,62,65,79,82,93,98,103" hai2="57,59,84,85,87,94,97" /><INIT seed="2,3,1,0,4,3" ten="219,180,426,165" oya="2" hai0="95,64,73,13,14,97,48,68,62,93,22,41,90" hai1="111,75,104,103,54,119,30,39,74,27,87,43,86" hai2="1,109,133,102,98,60,36,72,21,77,107,67,50" hai3="56,69,5,122,23,82,83,34,135,18,118,101,29"/><V88/><F36/><W52/><G69/><T115/><D115/><U96/><E119/><V123/><F123/><W127/><G122/><T35/><D35/><U124/><E111/><V47/><F1/><W25/><G118/><T10/><D73/><U4/><E124/><V24/><F109/><W126/><G101/><T114/><D114/><U55/><E39/><V26/><F133/><W46/><G46/><T65/><D65/><U80/><E43/><V0/><F0/><W117/><G117/><T37/><D37/><U19/><E19/><V113/><F113/><W81/><G135/><T45/><D22/><U78/><E87/><V20/><F77/><W120/><G120/><T91/><REACH who="0" step="1"/><D10/><REACH who="0" step="2"/><U59/><E75/><V112/><F21/><W134/><G134/><T129/><D129/><U61/><E55/><V33/><F20/><W11/><G34/><T7/><D7/><U105/><E4/><V76/><F33/><W17/><G126/><T70/><D70/><U116/><E116/><V2/><F67/><W40/><G127/><T8/><D8/><U12/><E30/><V15/><F72/><W84/><G11/><T121/><D121/><U89/><E12/><V28/><F15/><W31/><G5/><T57/><D57/><U110/><E110/><V108/><F108/><W51/><G31/><T66/><D66/><U16/><E16/><N who="3" m="6250" /><G40/><T38/><D38/><U32/><E32/><V131/><F112/><W106/><G106/><T130/><D130/><U94/><E27/><V85/><F24/><W99/><G23/><T92/><D92/><AGARI ba="3,2" hai="54,59,61,74,78,80,86,89,92,94,96,103,104,105" machi="92" ten="30,1000,0" yaku="7,1" doraHai="3" who="1" fromWho="0" sc="209,-19,180,39,426,0,165,0" /><INIT seed="3,0,0,4,4,50" ten="190,219,426,165" oya="3" hai0="9,63,115,1,25,132,11,5,19,16,13,28,62" hai1="49,75,67,57,39,31,7,32,52,40,2,46,124" hai2="65,43,0,71,129,10,82,85,94,106,22,90,15" hai3="3,89,8,107,29,70,41,66,64,96,48,128,114"/><W54/><G114/><T72/><D72/><U133/><E2/><V111/><F106/><W113/><G113/><T97/><D97/><U74/><E7/><V60/><F111/><W122/><G122/><T18/><D115/><U26/><E133/><V61/><F129/><W135/><G128/><T108/><D63/><U38/><E124/><V101/><F43/><W53/><G70/><T27/><D62/><U84/><E39/><V119/><F119/><W95/><G107/><T30/><D132/><U47/><E47/><V17/><F0/><W91/><G3/><T14/><D108/><U55/><E67/><N who="3" m="25642" /><G135/><T59/><D59/><U23/><E55/><N who="3" m="21002" /><G29/><T73/><D73/><U37/><E37/><V130/><F130/><W100/><G8/><T86/><D86/><U126/><E126/><V83/><F60/><W51/><G51/><T58/><D58/><U105/><E105/><V44/><F10/><W134/><G134/><T123/><D123/><U20/><E20/><V88/><F44/><AGARI ba="0,0" hai="41,44,48,89,91,95,96,100" m="21002,25642" machi="44" ten="30,11600,0" yaku="8,1,52,3" doraHai="50" who="3" fromWho="2" sc="190,0,219,0,426,-116,165,116" /><INIT seed="3,1,0,4,4,3" ten="190,219,310,281" oya="3" hai0="76,85,92,23,116,60,41,33,94,4,5,29,54" hai1="35,90,0,45,11,95,30,133,79,121,114,99,108" hai2="68,124,125,103,22,117,44,77,115,48,88,69,130" hai3="126,43,42,15,128,93,80,66,34,58,70,83,21"/><W10/><G70/><T98/><D116/><U1/><E121/><V28/><F117/><W112/><G34/><T56/><D33/><U134/><E114/><V75/><F115/><W74/><G74/><T105/><D105/><U97/><E108/><V132/><F103/><W36/><G36/><T72/><D72/><U50/><E79/><V73/><F22/><W20/><G126/><T24/><D41/><N who="3" m="15369" /><G93/><N who="0" m="35947" /><D98/><U2/><E99/><V106/><F28/><W107/><G107/><T53/><D53/><U46/><E35/><V86/><F106/><W17/><G128/><T87/><D76/><U84/><E30/><V119/><F132/><N who="1" m="50793" /><E97/><V71/><F130/><W19/><G112/><T13/><D13/><U101/><E101/><V89/><F119/><W64/><G10/><T109/><D109/><U67/><E67/><N who="3" m="25642" /><G58/><T135/><D135/><U27/><E27/><AGARI ba="1,0" hai="15,17,19,20,21,27,80,83" m="25642,15369" machi="27" ten="30,1500,0" yaku="8,1" doraHai="3" who="3" fromWho="1" sc="190,0,219,-18,310,0,281,18" /><INIT seed="3,2,0,4,4,71" ten="190,201,310,299" oya="3" hai0="37,70,62,57,106,67,81,25,128,58,109,88,74" hai1="9,122,18,107,32,90,113,110,34,14,116,59,96" hai2="52,41,1,26,115,114,84,22,85,0,7,23,75" hai3="64,44,6,50,46,3,33,91,65,121,118,31,20"/><W130/><G33/><T104/><D109/><U35/><E110/><V125/><F75/><W43/><G121/><T93/><D128/><U95/><E122/><V72/><F72/><W54/><G118/><T126/><D126/><U47/><E116/><V42/><F26/><W82/><G130/><T103/><D37/><U49/><E113/><V16/><F7/><W83/><G6/><T134/><D134/><U101/><E59/><V80/><F80/><W86/><G3/><T119/><D119/><U48/><REACH who="1" step="1"/><E47/><REACH who="1" step="2"/><V102/><F125/><W2/><G46/><T63/><D58/><U30/><E30/><V8/><F102/><W4/><G31/><T5/><D103/><U97/><AGARI ba="2,1" hai="9,14,18,32,34,35,48,49,90,95,96,97,101,107" machi="97" ten="40,2700,0" yaku="1,1,0,1,53,0" doraHai="71" doraHaiUra="79" who="1" fromWho="1" sc="190,-9,191,43,310,-9,299,-15" /><INIT seed="4,0,0,3,3,94" ten="181,234,301,284" oya="0" hai0="53,105,79,43,28,49,40,109,65,71,113,127,93" hai1="130,47,129,21,77,128,1,55,101,84,46,66,34" hai2="32,91,78,126,83,12,131,57,73,16,108,70,18" hai3="102,119,23,81,82,122,95,10,124,110,39,76,120"/><T69/><D105/><U36/><E34/><V2/><F108/><W114/><G39/><T86/><D28/><U116/><E1/><V14/><F70/><W100/><G10/><T50/><D109/><U90/><E77/><V67/><F32/><W133/><G23/><T25/><D25/><U48/><E101/><V80/><F2/><W59/><G59/><N who="0" m="33199" /><D79/><U17/><E116/><V125/><F131/><W20/><G20/><T6/><D93/><U5/><E5/><V96/><F14/><W111/><G95/><T15/><D86/><U121/><E121/><V4/><F4/><W75/><G76/><T97/><D97/><U38/><E66/><V13/><F13/><W11/><G11/><T87/><D87/><U135/><E135/><V103/><F91/><W29/><G29/><T99/><D99/><U64/><E64/><V107/><F83/><W3/><G3/><T24/><D24/><U68/><E68/><N who="0" m="26185" /><D113/><U118/><E118/><V88/><F88/><W51/><G119/><T85/><D85/><U42/><E38/><V52/><F67/><W9/><G114/><T33/><D65/><U117/><E117/><V89/><F89/><W62/><G9/><N who="0" m="4535" /><D33/><U31/><E90/><V45/><F45/><W106/><G51/><T30/><D30/><U7/><E84/><V98/><F98/><W19/><G62/><T115/><D115/><U134/><E31/><V35/><F35/><W54/><G54/><T27/><D27/><N who="1" m="14767" /><E7/><V92/><F107/><W72/><G106/><T63/><D43/><U56/><E134/><V61/><F18/><W8/><G19/><RYUUKYOKU ba="0,0" sc="181,-15,234,15,301,15,284,-15" hai1="36,42,46,47,48,55,56,128,129,130" hai2="12,16,52,57,61,73,78,80,92,96,103,125,126" /><INIT seed="5,1,0,0,2,61" ten="166,249,316,269" oya="1" hai0="37,94,113,95,89,24,131,46,11,45,92,109,73" hai1="35,134,15,120,133,110,44,129,16,18,66,126,27" hai2="5,72,84,21,64,111,98,0,47,52,69,30,40" hai3="65,104,114,2,56,124,93,96,7,10,116,119,125"/><U63/><E120/><V49/><F72/><W135/><G104/><T127/><D109/><U74/><E110/><V101/><F111/><W20/><G20/><T102/><D73/><U71/><E74/><V50/><F5/><W39/><G39/><T82/><D37/><U60/><E44/><V53/><F0/><W105/><G105/><T14/><D113/><U17/><E63/><V128/><F50/><W51/><G51/><T70/><D70/><U68/><E126/><N who="3" m="48746" /><G135/><N who="1" m="51722" /><E129/><V22/><F128/><W59/><G114/><T12/><D127/><U122/><E122/><V28/><F84/><W13/><G2/><T130/><D102/><U23/><E35/><V81/><F81/><W57/><G65/><T79/><D24/><U99/><E99/><V75/><F75/><W117/><G59/><T118/><D118/><N who="3" m="30209" /><W8/><DORA hai="26" /><G8/><T29/><D11/><N who="1" m="6271" /><E17/><V86/><F64/><W55/><G55/><N who="2" m="21065" /><F86/><W91/><AGARI ba="1,0" hai="7,10,13,56,57,91,93,96" m="30209,48746" machi="91" ten="50,3200,0" yaku="18,1,12,1" doraHai="61,26" who="3" fromWho="3" sc="166,-9,249,-17,316,-9,269,35" /><INIT seed="6,0,0,3,2,120" ten="157,232,307,304" oya="2" hai0="75,107,39,16,65,70,63,108,7,119,74,79,51" hai1="26,59,31,19,44,22,104,30,5,110,6,89,40" hai2="88,53,8,0,45,29,4,21,55,126,77,33,15" hai3="12,100,61,135,34,94,127,27,133,46,18,95,78"/><V80/><F126/><W58/><G78/><T60/><D39/><U81/><E104/><V122/><F122/><W50/><G127/><T91/><D119/><U134/><E59/><V47/><F55/><W54/><G27/><T118/><D107/><U23/><E89/><V41/><F53/><W56/><G34/><T20/><D118/><U66/><E44/><V17/><F41/><W131/><G131/><T71/><D7/><N who="1" m="2571" /><E66/><V25/><REACH who="2" step="1"/><F88/><REACH who="2" step="2"/><W35/><G46/><T103/><D91/><U76/><E40/><V1/><F1/><W10/><G35/><T2/><D79/><U111/><E76/><V106/><F106/><W84/><G94/><T57/><D103/><U105/><E105/><V125/><F125/><W117/><G117/><T83/><D65/><U11/><E81/><V64/><F64/><W90/><G100/><T13/><D2/><U98/><E98/><V24/><F24/><W69/><G69/><T97/><D83/><U116/><E116/><V62/><F62/><N who="0" m="23594" /><D97/><U3/><E3/><V102/><F102/><W43/><G43/><T115/><D71/><U124/><E124/><V99/><F99/><W128/><G128/><T52/><D70/><U73/><E73/><AGARI ba="0,1" hai="0,4,8,15,17,21,25,29,33,45,47,73,77,80" machi="73" ten="30,11600,0" yaku="1,1,7,1,24,2,53,0" doraHai="120" doraHaiUra="86" who="2" fromWho="1" sc="157,0,232,-116,297,126,304,0" /><INIT seed="6,1,0,1,1,4" ten="157,116,423,304" oya="2" hai0="104,14,13,108,69,107,11,34,134,27,113,105,96" hai1="60,38,31,20,118,130,124,73,135,59,115,132,43" hai2="22,79,39,51,6,82,12,16,67,46,128,9,41" hai3="17,66,97,116,26,50,29,121,84,88,55,129,109"/><V52/><F128/><W102/><G129/><T114/><D108/><U77/><E31/><V45/><F67/><W85/><G109/><T40/><D69/><U99/><E20/><V3/><F82/><W89/><G66/><T0/><D134/><N who="1" m="51243" /><E77/><V131/><F131/><W30/><G121/><T127/><D127/><U95/><E73/><V36/><F79/><W70/><G70/><T80/><D40/><U112/><E95/><V28/><F28/><W91/><G116/><T35/><D96/><U125/><E130/><V21/><F21/><W87/><G17/><N who="0" m="8383" /><D0/><U101/><E99/><V93/><F93/><W100/><G97/><T25/><D80/><U111/><E101/><V86/><F86/><W47/><REACH who="3" step="1"/><G30/><REACH who="3" step="2"/><T74/><D114/><N who="1" m="43563" /><E111/><V106/><F106/><W23/><AGARI ba="1,1" hai="23,26,29,47,50,55,84,85,87,88,89,91,100,102" machi="23" ten="30,7900,0" yaku="1,1,0,1,8,1,54,1,53,0" doraHai="4" doraHaiUra="57" who="3" fromWho="3" sc="157,-21,116,-21,423,-40,294,92" /><INIT seed="7,0,0,3,5,5" ten="136,95,383,386" oya="3" hai0="122,12,64,41,52,105,130,45,101,132,23,27,123" hai1="47,72,135,20,14,6,96,94,33,133,103,32,63" hai2="56,61,2,60,129,134,90,118,17,117,28,24,0" hai3="51,7,131,80,104,1,100,107,9,31,102,89,83"/><W66/><G66/><T21/><D105/><U13/><E72/><V124/><F129/><W99/><G131/><T81/><D130/><U30/><E47/><V110/><F110/><W57/><G31/><T35/><D101/><U65/><E103/><V111/><F111/><W76/><G89/><T74/><D35/><N who="1" m="13387" /><E65/><V42/><F42/><W39/><G39/><T116/><D81/><U91/><E63/><V112/><F17/><W49/><G57/><T44/><D74/><U10/><E96/><V113/><F124/><W75/><G80/><T46/><D52/><U86/><E94/><V82/><F134/><N who="1" m="51209" /><E91/><V106/><F106/><W37/><G37/><T18/><D64/><U11/><E86/><N who="2" m="50519" /><F24/><W95/><G95/><T120/><D132/><U78/><E78/><V85/><F28/><W73/><G73/><T88/><D88/><U98/><E98/><AGARI ba="0,0" hai="1,7,9,49,51,75,76,83,98,99,100,102,104,107" machi="98" ten="40,3900,0" yaku="9,1,52,1" doraHai="5" who="3" fromWho="1" sc="136,0,95,-39,383,0,386,39" owari="136,-26,56,-44,383,18,425,52" /></mjloggm>