<mjloggm ver="2.3"><GO type="193"/><UN n0="%E3%82%A6%E3%83%AB%E3%83%88%E3%83%A9%E7%AB%8B%E7%9B%B4" n1="%42%6C%6F%63%74%65%72" n2="%63%68%65%72%75%62%69%6D" n3="%76%6F%73%74%72%6F" dan="11,11,11,12" rate="1803,1460,1569,1782" sx="M,M,M,M"/><TAIKYOKU oya="0"/><INIT seed="0,0,0,5,5,15" ten="250,250,250,250" oya="0" hai0="24,111,29,25,17,5,55,66,89,45,125,37,110" hai1="90,107,105,87,16,83,119,123,115,100,117,56,32" hai2="86,14,4,97,99,26,131,73,19,40,70,51,63" hai3="62,129,11,127,52,10,133,2,91,120,92,114,35" shuffle="mt19937ar,68D5E4D2,6EF7CA6F,A977A655,DDA8A770,9A81BEFC,FC1B316C,5088114F,3C5726E2"/><T113/><D66/><U27/><E123/><V76/><F73/><W124/><G114/><T108/><D113/><U39/><E39/><V57/><F131/><W103/><G35/><T1/><D5/><U134/><E115/><V128/><F70/><W12/><G120/><T41/><D1/><U38/><E38/><V75/><F128/><W13/><G129/><T85/><D55/><U82/><E107/><V49/><F75/><W46/><G2/><T18/><D125/><N who="3" m="48201" /><G133/><T88/><D89/><U34/><E134/><V109/><F4/><W21/><G103/><T6/><D6/><U36/><E32/><V7/><F109/><W81/><G81/><N who="0" m="49199" /><D25/><U101/><E36/><V31/><F7/><W116/><G116/><T59/><D59/><U95/><E105/><V78/><F40/><W98/><G21/><AGARI ba="0,0" hai="17,18,21,24,29,37,41,45,108,110,111" m="49199" machi="21" ten="30,12000,1" yaku="14,1,10,1,52,2,54,1" doraHai="15" who="0" fromWho="3" sc="250,120,250,0,250,0,250,-120" /><INIT seed="0,1,0,5,4,98" ten="370,250,250,130" oya="0" hai0="132,74,99,29,63,49,40,113,17,135,88,43,44" hai1="85,12,34,68,126,105,64,27,3,28,123,52,128" hai2="84,70,48,6,10,78,75,24,100,4,57,21,36" hai3="110,87,119,106,107,129,80,35,59,90,19,77,14" shuffle="mt19937ar,9C6FD3B5,76B6C26C,531F4E59,63CB9A99,AA31D53E,0A752294,4A0E5E6A,F5BC3F5F"/><T92/><D74/><U33/><E123/><V25/><F75/><W104/><G119/><T9/><D29/><U96/><E3/><V5/><F36/><W116/><G116/><T69/><D113/><U26/><E128/><V111/><F70/><W55/><G129/><T112/><D112/><U66/><E126/><V79/><F111/><W95/><G110/><T11/><D43/><U122/><E122/><V82/><F100/><W61/><G35/><T15/><D69/><U133/><E133/><V13/><F78/><W47/><G47/><T45/><D45/><U86/><E68/><V124/><F124/><W7/><G7/><T22/><D63/><U121/><E121/><V102/><F102/><W81/><REACH who="3" step="1"/><G77/><REACH who="3" step="2"/><T23/><D132/><U1/><E34/><V16/><F25/><W50/><G50/><T130/><D130/><U91/><E27/><V103/><F103/><W38/><G38/><T20/><D135/><U56/><E33/><V131/><F131/><W53/><G53/><AGARI ba="1,1" hai="4,5,6,10,13,16,21,24,48,53,57,79,82,84" machi="53" ten="40,2600,0" yaku="8,1,54,1" doraHai="98" who="2" fromWho="3" sc="370,0,250,0,250,39,120,-29" /><INIT seed="1,0,0,0,0,87" ten="370,250,289,91" oya="1" hai0="96,5,109,126,97,0,37,10,30,70,62,119,88" hai1="99,55,54,82,24,106,80,47,59,98,3,27,63" hai2="14,36,41,118,65,66,102,79,29,135,83,11,23" hai3="18,104,90,21,113,105,89,2,132,22,92,111,61" shuffle="mt19937ar,B392A90E,77B42433,E7E47A83,FAB46A51,40948363,7F7B9389,F4AFD6D4,73A038AD"/><U100/><E3/><V15/><F118/><W32/><G113/><T40/><D119/><U67/><E99/><V53/><F135/><W51/><G32/><T26/><D126/><U134/><E134/><V114/><F114/><W46/><G132/><T91/><D40/><U19/><E24/><V52/><F36/><W45/><G2/><T120/><D37/><U116/><E116/><V131/><F41/><W110/><G61/><T74/><D74/><U117/><E117/><V127/><F131/><W71/><G51/><T121/><D109/><U122/><E122/><V9/><F127/><W123/><G123/><N who="0" m="47179" /><D62/><U84/><E82/><V103/><F29/><W107/><G71/><T75/><D75/><U12/><E27/><V8/><F23/><N who="3" m="8715" /><G18/><T125/><D70/><U64/><E55/><V76/><F9/><W7/><G7/><T56/><D56/><U1/><E1/><V17/><F83/><W72/><G72/><T20/><D125/><U86/><E86/><V49/><F49/><W129/><G129/><T48/><D48/><U133/><E133/><V101/><F101/><W68/><G68/><T95/><D97/><U93/><E106/><V112/><F112/><W73/><G73/><T108/><D108/><N who="3" m="41513" /><G92/><T77/><D77/><U35/><E35/><V130/><F130/><W94/><G94/><T50/><D50/><U38/><E38/><V128/><F128/><W81/><G81/><T13/><D0/><U33/><E33/><V57/><F17/><W6/><G6/><T115/><D115/><U44/><E47/><AGARI ba="0,0" hai="45,46,47,89,90,104,105,107" m="41513,8715" machi="47" ten="40,8000,1" yaku="28,2,14,1,52,2" doraHai="87" who="3" fromWho="1" sc="370,0,250,-80,289,0,91,80" /><INIT seed="2,0,0,0,1,108" ten="370,170,289,171" oya="2" hai0="33,68,78,103,19,83,116,9,91,50,18,80,37" hai1="121,132,4,45,0,113,21,36,58,84,10,30,133" hai2="38,40,54,71,31,123,63,73,56,6,2,119,107" hai3="95,51,14,111,5,99,88,72,53,74,66,70,55" shuffle="mt19937ar,457F27ED,2F993AB3,357F110D,DCACB45E,D61E4582,F928A70F,9F19798E,53CAC715"/><V16/><F107/><W48/><G111/><T129/><D37/><U39/><E113/><V98/><F73/><W87/><G70/><T1/><D33/><U23/><E39/><V128/><F123/><W43/><G66/><T75/><D68/><U29/><E36/><V28/><F119/><W52/><G43/><T109/><D109/><U79/><E45/><V117/><F117/><W47/><G5/><T90/><D129/><U57/><E121/><V26/><F128/><W12/><G99/><T122/><D103/><U134/><E84/><V106/><F2/><W44/><G55/><T67/><D67/><U20/><REACH who="1" step="1"/><E79/><REACH who="1" step="2"/><V126/><F38/><W7/><G7/><T25/><D78/><U125/><E125/><V13/><F126/><W65/><G65/><T130/><D122/><U131/><E131/><V22/><F40/><W76/><G76/><T104/><D130/><U11/><E11/><V96/><F106/><W85/><G87/><T101/><D104/><U135/><N who="1" m="34304" /><DORA hai="61" /><U102/><E102/><V59/><F71/><W64/><G64/><T60/><D101/><U17/><E17/><V112/><F6/><W105/><G105/><T62/><D19/><U93/><E93/><V34/><F112/><W24/><G24/><T46/><D18/><U124/><E124/><V49/><REACH who="2" step="1"/><F31/><AGARI ba="0,1" hai="0,4,10,20,21,23,29,30,31,57,58" m="34304" machi="31" ten="70,8000,1" yaku="1,1,20,1,53,1" doraHai="108,61" doraHaiUra="8,35" who="1" fromWho="2" sc="370,0,160,90,289,-80,171,0" /><INIT seed="3,0,0,1,1,3" ten="370,250,209,171" oya="3" hai0="94,92,29,83,31,52,53,7,97,67,17,22,8" hai1="85,37,70,54,133,59,68,60,24,23,76,47,42" hai2="129,90,78,30,5,99,98,38,41,46,111,64,105" hai3="55,21,117,124,15,128,62,131,36,127,56,39,106" shuffle="mt19937ar,20900D4F,843C95B1,2ADE56AC,958DBB44,5DCD9F19,E9AD575D,04B15991,97A07CFD"/><W86/><G117/><T134/><D67/><U0/><E0/><V66/><F105/><W130/><G106/><T113/><D83/><U89/><E76/><V6/><F129/><N who="3" m="33027" /><W16/><DORA hai="123" /><G86/><T100/><D94/><U96/><E96/><V27/><F78/><W120/><G120/><T107/><D107/><U20/><E20/><V91/><F111/><W80/><G80/><T28/><D113/><U116/><E116/><V81/><F30/><W72/><G72/><T77/><D77/><U69/><E69/><V58/><F27/><W44/><G44/><T118/><D118/><U135/><E70/><V2/><F2/><W34/><G34/><T40/><D40/><U9/><E68/><V125/><F125/><AGARI ba="0,0" hai="15,16,21,36,39,55,56,62,124,125,127" m="33027" machi="125" ten="40,7700,0" yaku="18,1,19,1,54,1" doraHai="3,123" who="3" fromWho="2" sc="370,0,250,0,209,-77,171,77" /><INIT seed="3,1,0,0,5,9" ten="370,250,132,248" oya="3" hai0="40,56,72,43,33,110,31,14,73,125,93,7,64" hai1="120,30,128,25,97,38,88,0,47,39,22,71,12" hai2="32,13,48,45,63,108,80,41,77,134,74,2,35" hai3="18,66,86,58,46,124,90,69,129,76,95,61,4" shuffle="mt19937ar,D97ADA92,E6545CF7,5EC32915,8CA0B53F,BE69BB5A,A12CDE2C,4F00321C,EF1D3656"/><W84/><BYE who="2" /><G129/><T102/><D73/><U57/><E120/><V44/><F44/><W85/><G124/><T53/><D72/><U98/><E71/><V107/><F107/><W59/><G4/><T78/><D33/><U118/><E0/><V133/><F133/><W83/><G84/><T6/><D31/><U132/><E132/><V60/><F60/><W55/><G46/><UN n2="%63%68%65%72%75%62%69%6D" /><T130/><D64/><U119/><E128/><V20/><F2/><W23/><REACH who="3" step="1"/><G55/><REACH who="3" step="2"/><T37/><D125/><U5/><E119/><V104/><F134/><W94/><G94/><T51/><D130/><U15/><E118/><V96/><F104/><W122/><G122/><T75/><D75/><U114/><E114/><V28/><F96/><N who="1" m="36969" /><E38/><V11/><F108/><W89/><G89/><T42/><D37/><U127/><E39/><V91/><F91/><W105/><G105/><T52/><D110/><U112/><E127/><V68/><F68/><W99/><G99/><N who="0" m="59759" /><D78/><U65/><E112/><V10/><F63/><W79/><G79/><T16/><D53/><U3/><E47/><V116/><F116/><W81/><G81/><T101/><D101/><U17/><E3/><V8/><F28/><W100/><G100/><T29/><D29/><U113/><E113/><V82/><F82/><W26/><AGARI ba="1,1" hai="18,23,26,58,59,61,66,69,76,83,85,86,90,95" machi="26" ten="20,3900,0" yaku="1,1,0,1,7,1,53,0" doraHai="9" doraHaiUra="34" who="3" fromWho="3" sc="370,-14,250,-14,132,-14,238,52" /><INIT seed="3,2,0,3,0,32" ten="356,236,118,290" oya="3" hai0="113,107,89,128,64,11,131,85,118,126,3,112,57" hai1="60,105,102,47,16,5,135,49,56,101,99,100,119" hai2="34,130,52,63,110,35,76,26,6,116,120,2,80" hai3="98,29,97,19,51,122,48,14,84,117,73,90,66" shuffle="mt19937ar,BEA87188,71E82832,56B9E870,DD6D3684,D99AB7B1,3643341D,E5D0CE3F,7386F8D7"/><W28/><G122/><T123/><D107/><U41/><E5/><V42/><F116/><W94/><G117/><T9/><D118/><U129/><E119/><V77/><F120/><W46/><G73/><T45/><D45/><U22/><E129/><N who="0" m="49737" /><D123/><U7/><E7/><V0/><F130/><W8/><G66/><T12/><D3/><U72/><E72/><V17/><F110/><W24/><G29/><T25/><D25/><U43/><E43/><V104/><F42/><W61/><G61/><N who="0" m="37935" /><D126/><U127/><E127/><V121/><F104/><W10/><G10/><N who="0" m="3595" /><D12/><U23/><E23/><V70/><F121/><W31/><G31/><T33/><D33/><U115/><E115/><V92/><F70/><W103/><G98/><T53/><D53/><U18/><E18/><V44/><F35/><W54/><G54/><T87/><D87/><U27/><REACH who="1" step="1"/><E135/><REACH who="1" step="2"/><V108/><F6/><W93/><REACH who="3" step="1"/><G46/><REACH who="3" step="2"/><T95/><AGARI ba="2,2" hai="85,89,95,112,113" m="3595,37935,49737" machi="95" ten="30,1100,0" yaku="19,1" doraHai="32" who="0" fromWho="0" sc="356,37,226,-5,118,-5,280,-7" owari="393,40,221,-13,113,-29,273,2" /></mjloggm>