<mjloggm ver="2.3"><GO type="41"/><UN n0="%E3%82%B5%E3%83%BB%E3%82%BB%E3%83%9C%E3%83%BC" n1="%E3%83%A9%E3%83%97%E3%83%A9%E3%82%B7%E3%82%A2%E3%83%B3" n2="%4E%34%31%30%32" n3="%E3%82%A6%E3%83%AB%E3%83%88%E3%83%A9%E7%AB%8B%E7%9B%B4" dan="14,14,13,15" rate="1931,1954,1844,1997" sx="M,M,M,M"/><TAIKYOKU oya="0"/><INIT seed="0,0,0,2,3,119" ten="250,250,250,250" oya="0" hai0="67,2,113,11,51,133,70,86,14,66,22,134,58" hai1="107,33,115,79,101,114,104,74,99,93,85,24,88" hai2="89,3,34,71,105,120,128,38,56,63,29,110,125" hai3="52,59,12,102,83,55,31,77,100,17,49,94,61"/><T36/><D36/><U21/><E33/><V111/><RYUUKYOKU type="yao9" ba="0,0" sc="250,0,250,0,250,0,250,0" hai2="3,29,34,38,56,63,71,89,105,110,111,120,125,128" /><INIT seed="0,1,0,3,2,19" ten="250,250,250,250" oya="0" hai0="123,96,94,125,91,22,97,37,16,126,86,35,127" hai1="13,108,80,57,133,21,116,7,11,102,64,100,39" hai2="32,20,41,113,110,74,99,101,69,77,45,27,132" hai3="84,66,95,70,44,46,18,34,128,30,107,92,31"/><T67/><D123/><U115/><E116/><V129/><F113/><W14/><G107/><T85/><D35/><U58/><E115/><V47/><F69/><W38/><G128/><T5/><D37/><U135/><E108/><V124/><F110/><W131/><G131/><T109/><D109/><U78/><E39/><V134/><F129/><W98/><G70/><T10/><D67/><U55/><E64/><V36/><F32/><W104/><G104/><T89/><D86/><U105/><E105/><V61/><F61/><W120/><G66/><T83/><D97/><U121/><E121/><V42/><F77/><W56/><G56/><T6/><REACH who="0" step="1"/><D10/><REACH who="0" step="2"/><U73/><E135/><V59/><F74/><W49/><G38/><T25/><AGARI ba="1,1" hai="5,6,16,22,25,83,85,89,91,94,96,125,126,127" machi="25" ten="30,18000,2" yaku="1,1,2,1,0,1,18,1,52,1,54,1,53,0" doraHai="19" doraHaiUra="33" who="0" fromWho="0" sc="240,193,250,-61,250,-61,250,-61" /><INIT seed="0,2,0,4,1,16" ten="433,189,189,189" oya="0" hai0="31,93,132,56,72,107,19,7,69,114,113,37,21" hai1="112,76,5,123,78,58,29,39,125,41,22,99,32" hai2="6,103,45,86,57,66,102,14,1,128,131,48,64" hai3="63,15,36,92,119,2,84,38,46,4,23,111,115"/><T90/><D69/><U77/><E32/><V127/><F1/><W80/><G119/><T135/><D107/><U126/><E123/><V47/><F127/><W49/><G115/><T3/><D72/><U9/><E112/><V130/><F86/><W18/><G111/><T100/><D37/><U30/><E41/><V35/><F35/><W43/><G92/><T88/><D100/><N who="2" m="38442" /><F57/><W121/><G121/><T104/><D104/><U67/><E39/><V13/><F6/><W0/><G0/><T44/><D31/><U61/><E99/><V82/><F82/><W50/><G50/><T116/><D116/><U54/><E67/><N who="2" m="25643" /><F48/><W97/><G97/><N who="0" m="57511" /><D90/><U124/><REACH who="1" step="1"/><E22/><REACH who="1" step="2"/><V24/><F128/><W91/><G38/><T83/><D114/><U129/><E129/><V118/><F118/><W70/><G36/><T17/><D113/><U73/><E73/><V89/><F131/><W65/><G70/><T68/><D68/><U74/><E74/><V28/><F130/><W55/><G65/><T42/><D21/><U108/><E108/><V101/><F28/><W81/><G23/><T20/><D20/><U34/><E34/><V133/><F24/><W53/><G43/><T51/><D42/><U33/><E33/><V122/><F122/><W110/><G110/><T8/><D8/><U94/><E94/><V60/><F13/><AGARI ba="2,1" hai="5,9,13,29,30,54,58,61,76,77,78,124,125,126" machi="13" ten="50,8000,1" yaku="1,1,18,1,53,2" doraHai="16" doraHaiUra="25" who="1" fromWho="2" sc="433,0,179,96,189,-86,189,0" /><INIT seed="1,0,0,1,4,132" ten="433,275,103,189" oya="1" hai0="82,88,98,8,7,86,70,34,120,50,20,39,17" hai1="128,58,103,9,119,13,61,32,109,29,21,130,79" hai2="72,37,23,94,91,64,55,129,63,123,134,73,16" hai3="117,25,111,35,3,99,19,87,104,116,131,14,52"/><U110/><E119/><V114/><F123/><W115/><G3/><T66/><D34/><U60/><E32/><V71/><F134/><W69/><G69/><T68/><D39/><U67/><E79/><V11/><F37/><W27/><G115/><T89/><D120/><U30/><E103/><V126/><F114/><W133/><G133/><T75/><D75/><U92/><E92/><V43/><F43/><W124/><G99/><T101/><D50/><U107/><E107/><V2/><F129/><N who="1" m="49769" /><E60/><V118/><F118/><N who="3" m="45675" /><G104/><T122/><D89/><U38/><E21/><V41/><F41/><W45/><G87/><T36/><D36/><U6/><E38/><V24/><F72/><W83/><G83/><T112/><D66/><U102/><E102/><V105/><F73/><W18/><G35/><T47/><D47/><U65/><E67/><V84/><F105/><W125/><G131/><T108/><D108/><AGARI ba="0,0" hai="6,9,13,29,30,58,61,65,108,109,110" m="49769" machi="108" ten="30,5800,0" yaku="14,1,10,1,19,1" doraHai="132" who="1" fromWho="0" sc="433,-58,275,58,103,0,189,0" /><INIT seed="1,1,0,3,5,97" ten="375,333,103,189" oya="1" hai0="101,135,40,102,28,67,66,79,125,54,22,21,83" hai1="38,32,45,115,129,126,119,124,1,49,117,60,62" hai2="114,13,94,9,130,68,65,0,47,46,43,109,6" hai3="57,51,56,131,120,81,127,105,74,63,48,96,33"/><U84/><E1/><V72/><F114/><W75/><G120/><T26/><D40/><N who="1" m="22679" /><E32/><V128/><F47/><W93/><G105/><T30/><D125/><N who="1" m="48235" /><E84/><V35/><F109/><W61/><G127/><T10/><D135/><U100/><E100/><N who="0" m="38505" /><D10/><U86/><E86/><V50/><F94/><W73/><G33/><T18/><D28/><U8/><E8/><V5/><F35/><W53/><G81/><T25/><D54/><U107/><E107/><V104/><F104/><W121/><G131/><T23/><D23/><U11/><E11/><V106/><F106/><W36/><G36/><T116/><D116/><U134/><E49/><V87/><F72/><W113/><G113/><T17/><D30/><U70/><E70/><V41/><F41/><W85/><G85/><AGARI ba="1,0" hai="17,18,21,22,25,26,66,67,79,83,85" m="38505" machi="85" ten="30,7700,0" yaku="8,1,52,3" doraHai="97" who="0" fromWho="3" sc="375,80,333,0,103,0,189,-80" /><INIT seed="2,0,0,3,1,6" ten="455,333,103,109" oya="2" hai0="37,93,83,65,68,22,99,100,117,111,131,73,79" hai1="125,64,104,76,78,92,11,50,87,23,55,0,67" hai2="25,122,135,31,27,35,60,85,7,34,40,98,53" hai3="20,39,54,38,82,105,126,124,51,123,13,95,56"/><V70/><F122/><W133/><G105/><T107/><D37/><U81/><E104/><V42/><F135/><W90/><G123/><T116/><D131/><U94/><E125/><N who="3" m="48234" /><G82/><T132/><D132/><U113/><E113/><V63/><F85/><N who="3" m="52687" /><G133/><T109/><D22/><U33/><E33/><V71/><F7/><W49/><G49/><T108/><D107/><U97/><E78/><V32/><F32/><W10/><G20/><T1/><D1/><U12/><E0/><V102/><F53/><W72/><G72/><T46/><D46/><U66/><E23/><V134/><F134/><W61/><G51/><T44/><D44/><N who="1" m="28103" /><E97/><V103/><REACH who="2" step="1"/><F98/><REACH who="2" step="2"/><W74/><G74/><T119/><D116/><U24/><E66/><V26/><F26/><W120/><G120/><T130/><D130/><U15/><E24/><V86/><F86/><W9/><G13/><T59/><D117/><U14/><E67/><V89/><F89/><W2/><G2/><T58/><D119/><U129/><E64/><V127/><F127/><W36/><AGARI ba="0,1" hai="9,10,36,38,39,54,56,61" m="52687,48234" machi="36" ten="40,5200,0" yaku="18,1,52,2" doraHai="6" who="3" fromWho="3" sc="455,-13,333,-13,93,-26,109,62" /><INIT seed="3,0,0,0,5,59" ten="442,320,67,171" oya="3" hai0="69,24,125,29,46,8,112,113,31,23,9,17,66" hai1="13,12,42,30,130,6,4,101,75,129,93,63,38" hai2="27,128,11,119,68,103,99,81,104,86,71,107,78" hai3="65,77,40,72,131,54,25,14,50,108,124,60,97"/><W45/><G77/><T92/><D46/><U55/><E75/><V21/><F119/><W15/><G72/><T18/><D125/><U10/><E30/><V57/><F128/><W102/><G131/><N who="1" m="50186" /><E42/><V85/><F107/><W48/><G124/><T123/><D92/><U83/><E38/><V82/><F11/><W32/><G108/><T52/><D123/><U16/><E83/><V44/><F44/><W76/><G76/><T96/><D96/><N who="1" m="59535" /><E12/><V26/><F26/><W0/><G0/><T47/><D29/><U20/><E10/><V70/><F70/><W19/><G32/><T51/><D69/><U35/><E35/><V114/><F114/><N who="0" m="44138" /><D66/><U126/><E126/><V1/><F1/><W79/><G79/><T49/><D51/><U41/><E41/><V100/><F100/><W39/><G25/><T22/><D31/><U2/><E2/><V56/><F82/><W37/><G37/><T64/><D64/><U122/><E122/><V61/><F57/><AGARI ba="0,0" hai="4,6,13,16,20,55,57,63" m="59535,50186" machi="57" ten="30,3900,0" yaku="19,1,52,1,54,1" doraHai="59" who="1" fromWho="2" sc="442,0,320,39,67,-39,171,0" /><INIT seed="4,0,0,1,1,6" ten="442,359,28,171" oya="0" hai0="34,3,62,71,72,56,101,87,65,119,74,112,110" hai1="49,53,118,51,102,100,82,47,21,135,22,80,83" hai2="9,28,120,70,40,98,29,108,52,114,96,7,50" hai3="39,134,36,41,44,20,2,104,55,66,90,45,42"/><T58/><D119/><U5/><E118/><V94/><F120/><W111/><G104/><T121/><D121/><U93/><E135/><V60/><F108/><W16/><G111/><T63/><D3/><U105/><E105/><V115/><F98/><W73/><G134/><T17/><D34/><U78/><E5/><V14/><F70/><W11/><G73/><T129/><D110/><U75/><E75/><V77/><F77/><W69/><G55/><T13/><D71/><U81/><E78/><V85/><F85/><W67/><G90/><T128/><D101/><N who="1" m="39019" /><E93/><V37/><F37/><W0/><G69/><T123/><D123/><U54/><N who="1" m="20480" /><DORA hai="92" /><U113/><E113/><N who="2" m="43019" /><F40/><W132/><G132/><T10/><D87/><U19/><E19/><V84/><F84/><W89/><G89/><T35/><D35/><U99/><E99/><V126/><F60/><W32/><G32/><T27/><D27/><U107/><E107/><V25/><F25/><W127/><G127/><T15/><D15/><U4/><E4/><V31/><F126/><W124/><G124/><T86/><D86/><U12/><E12/><V76/><F76/><W61/><G61/><T64/><D112/><U125/><E125/><V8/><F8/><W38/><G38/><T95/><D95/><U131/><E131/><AGARI ba="0,0" hai="10,13,17,56,58,62,63,64,65,72,74,128,129,131" machi="131" ten="40,7700,0" yaku="9,1,19,1,52,1" doraHai="6,92" who="0" fromWho="1" sc="442,77,359,-77,28,0,171,0" /><INIT seed="4,1,0,0,4,56" ten="519,282,28,171" oya="0" hai0="57,92,65,39,16,44,9,86,134,88,29,80,73" hai1="36,24,74,84,89,70,46,43,60,77,71,105,114" hai2="38,115,99,50,81,62,75,47,10,23,11,12,53" hai3="128,69,13,27,104,42,59,34,111,96,63,76,14"/><T131/><D134/><U93/><E105/><V106/><F115/><W58/><G111/><T79/><D131/><U129/><E114/><V20/><F10/><W91/><G128/><T18/><D29/><U126/><E129/><V125/><F38/><W15/><G76/><T100/><D9/><U72/><E126/><V98/><F125/><W22/><G34/><T118/><D118/><U2/><E2/><V54/><F106/><W21/><G42/><T103/><D39/><U33/><E77/><V64/><F75/><W108/><G108/><T31/><D44/><U82/><E82/><V87/><F54/><W123/><G123/><T32/><D31/><U6/><E6/><V110/><F110/><W66/><G22/><T78/><D32/><U41/><E41/><V95/><F99/><W113/><G113/><T124/><D79/><U61/><E70/><V85/><F81/><W130/><G130/><T37/><D37/><U4/><E4/><V116/><F116/><W7/><G7/><T28/><D28/><U127/><E127/><V133/><F133/><W17/><REACH who="3" step="1"/><G91/><REACH who="3" step="2"/><T5/><D5/><U35/><E35/><V67/><F20/><W1/><G1/><T19/><D124/><U30/><REACH who="1" step="1"/><E71/><REACH who="1" step="2"/><V120/><F120/><W3/><G3/><T112/><D112/><U102/><E102/><AGARI ba="1,2" hai="13,14,15,17,21,27,58,59,63,66,69,96,102,104" machi="102" ten="40,5200,0" yaku="1,1,52,1,53,1" doraHai="56" doraHaiUra="94" who="3" fromWho="1" sc="519,0,272,-55,28,0,161,75" /><INIT seed="5,0,0,0,3,87" ten="519,217,28,236" oya="1" hai0="118,122,119,84,91,126,36,37,60,19,26,20,51" hai1="38,32,104,133,98,0,85,121,73,124,81,35,115" hai2="70,99,63,64,74,34,49,75,46,86,106,132,103" hai3="71,23,15,135,95,12,134,14,58,110,43,1,114"/><U33/><RYUUKYOKU type="yao9" ba="0,0" sc="519,0,217,0,28,0,236,0" hai1="0,32,33,35,38,73,81,85,98,104,115,121,124,133" /><INIT seed="5,1,0,3,1,58" ten="519,217,28,236" oya="1" hai0="22,117,12,71,133,92,62,4,0,115,15,98,70" hai1="101,118,131,43,104,82,90,130,107,56,54,7,135" hai2="127,65,52,29,103,75,23,17,18,87,11,63,13" hai3="124,60,61,122,116,108,97,74,6,50,66,44,110"/><U132/><E118/><V49/><F75/><W39/><G74/><T55/><D117/><U53/><E43/><V32/><F127/><W46/><G97/><T57/><D0/><U27/><E7/><V30/><F32/><W96/><G96/><T45/><D45/><U33/><E101/><V126/><F103/><W111/><G6/><T91/><D133/><N who="1" m="51275" /><E33/><V129/><F126/><W67/><G124/><T36/><D36/><U69/><E69/><V114/><F129/><N who="1" m="49161" /><E27/><V31/><F114/><W93/><G93/><T83/><D115/><U102/><E102/><V26/><F87/><W38/><G122/><T48/><D4/><U95/><E82/><V40/><F40/><N who="3" m="24839" /><G116/><T41/><D83/><U112/><E112/><V119/><F119/><W16/><G16/><T9/><D41/><U10/><E10/><V5/><F5/><W80/><G80/><T99/><D9/><U105/><E56/><V19/><F19/><W81/><G81/><T21/><D57/><U47/><E47/><V94/><F94/><W109/><G109/><T73/><D92/><U78/><E78/><V37/><F37/><N who="3" m="13835" /><G46/><T125/><D125/><U134/><N who="1" m="51283" /><U121/><DORA hai="86" /><E121/><V113/><F113/><W89/><G89/><T76/><D91/><U100/><E100/><V123/><F123/><W24/><G24/><T106/><D76/><U34/><E34/><V1/><F1/><W25/><G25/><T79/><D79/><U51/><E51/><V120/><F120/><W35/><G35/><T59/><D48/><U72/><E72/><V14/><F49/><W84/><G84/><AGARI ba="1,0" hai="53,54,84,90,95,104,105,107" m="49161,51283" machi="84" ten="50,12000,1" yaku="6,1,20,1,19,1,52,1" doraHai="58,86" who="1" fromWho="3" sc="519,0,217,123,28,0,236,-123" /><INIT seed="5,2,0,2,5,125" ten="519,340,28,113" oya="1" hai0="93,114,45,63,96,107,50,72,95,53,75,56,12" hai1="18,23,16,38,25,106,39,27,116,65,52,130,117" hai2="49,35,40,3,46,36,42,61,84,24,28,115,74" hai3="9,122,34,67,64,78,19,121,31,20,43,81,132"/><U22/><E106/><V102/><F40/><W4/><G132/><T7/><D107/><U76/><E76/><V131/><F102/><W128/><G43/><T68/><D68/><U47/><E65/><V66/><F74/><W99/><G99/><T120/><D114/><U126/><E126/><V83/><F115/><W90/><G90/><T98/><D7/><U1/><E1/><V92/><F3/><N who="3" m="159" /><G64/><T129/><D12/><U48/><E130/><V113/><F131/><W109/><G67/><T5/><D5/><U88/><REACH who="1" step="1"/><E88/><REACH who="1" step="2"/><V134/><F113/><W133/><G128/><T57/><D129/><U71/><E71/><V41/><F134/><W100/><G78/><T44/><D75/><U103/><E103/><V104/><F92/><W10/><G100/><T29/><D72/><U26/><E26/><V108/><F104/><W15/><G81/><T55/><D95/><U14/><E14/><V51/><F108/><W69/><G69/><T91/><D93/><U124/><E124/><V0/><F0/><W59/><G133/><T11/><D91/><U60/><E60/><V32/><F61/><W118/><G109/><T21/><D63/><U6/><E6/><V73/><F66/><W111/><G111/><T87/><D120/><U97/><E97/><V8/><F73/><W86/><G121/><T82/><D98/><U17/><E17/><V123/><F123/><W70/><G19/><T33/><D96/><U80/><E80/><V89/><F83/><W54/><G70/><T135/><D82/><U112/><E112/><V30/><F24/><W62/><G122/><RYUUKYOKU ba="2,1" sc="519,-10,330,30,28,-10,113,-10" hai1="16,18,22,23,25,27,38,39,47,48,52,116,117" /><INIT seed="5,3,1,1,5,3" ten="509,360,18,103" oya="1" hai0="62,17,91,85,9,133,102,70,64,101,37,72,52" hai1="61,131,134,57,86,68,76,59,113,84,79,120,98" hai2="26,109,130,78,36,41,123,55,95,10,104,111,105" hai3="5,99,69,19,1,14,15,50,127,39,21,74,117"/><U103/><E120/><V29/><F123/><W63/><G39/><T82/><D72/><U24/><E131/><V49/><F130/><W106/><G74/><T135/><D37/><U51/><E113/><V56/><F78/><W12/><G63/><T107/><D107/><U0/><E134/><N who="0" m="51209" /><D52/><U90/><E0/><V112/><F112/><W2/><G99/><T124/><D124/><U108/><E108/><V67/><F67/><W47/><G50/><T25/><D25/><U22/><E68/><V122/><F122/><W126/><G69/><T44/><D44/><U129/><E129/><V40/><F104/><W38/><G47/><T121/><D121/><U73/><E73/><V35/><F105/><W46/><G46/><T42/><D42/><U31/><E51/><V80/><F80/><W115/><G38/><T13/><AGARI ba="3,1" hai="9,13,17,62,64,70,82,85,91,101,102" m="51209" machi="13" ten="30,1100,0" yaku="20,1" doraHai="3" who="0" fromWho="0" sc="509,30,360,-8,18,-6,103,-6" /><INIT seed="6,0,0,1,4,28" ten="539,352,12,97" oya="2" hai0="92,17,33,16,66,60,121,110,20,102,79,133,109" hai1="27,59,65,122,85,81,18,117,13,37,106,7,61" hai2="116,32,77,91,76,118,9,57,97,90,103,44,87" hai3="5,19,52,48,34,129,112,127,123,75,10,104,12"/><V31/><F9/><W53/><G104/><T54/><D121/><U64/><E117/><V94/><F44/><W86/><G75/><T41/><D79/><U115/><E122/><V15/><F15/><W45/><G123/><T46/><D33/><U50/><E37/><V11/><F11/><W38/><G38/><T134/><D54/><U72/><E72/><V105/><F91/><W56/><G127/><T119/><D92/><U107/><E115/><V55/><F77/><W43/><G112/><T6/><D102/><U78/><E7/><V73/><F55/><W69/><G69/><T23/><D6/><U25/><E107/><V84/><F84/><W2/><G129/><T128/><D119/><U24/><E106/><V35/><F57/><W99/><G99/><T93/><D93/><U30/><E50/><V26/><REACH who="2" step="1"/><F35/><REACH who="2" step="2"/><W113/><G34/><T74/><D74/><U21/><REACH who="1" step="1"/><E64/><REACH who="1" step="2"/><V111/><F111/><W3/><G113/><T83/><D66/><U132/><E132/><V71/><F71/><W68/><G68/><T96/><D110/><U51/><E51/><V130/><F130/><W95/><G5/><T125/><D109/><U8/><AGARI ba="0,2" hai="8,13,18,21,24,25,27,30,59,61,65,78,81,85" machi="8" ten="20,5200,0" yaku="1,1,0,1,7,1,8,1,53,0" doraHai="28" doraHaiUra="1" who="1" fromWho="1" sc="539,-13,342,72,2,-26,97,-13" owari="526,63,414,21,-24,-52,84,-32" /></mjloggm>