<mjloggm ver="2.3"><GO type="193"/><UN n0="%E3%82%A6%E3%83%AB%E3%83%88%E3%83%A9%E7%AB%8B%E7%9B%B4" n1="%EF%BC%88%EF%BD%85%27%CF%89%27%EF%BD%81%EF%BC%89" n2="%4D%39%38" n3="%43%4F%52%52%49%4E" dan="12,11,11,12" rate="1863,1741,1576,1661" sx="M,M,M,M"/><TAIKYOKU oya="0"/><INIT seed="0,0,0,0,4,55" ten="250,250,250,250" oya="0" hai0="1,67,0,69,107,70,44,73,34,27,124,47,11" hai1="104,135,103,115,63,5,54,46,28,49,68,123,93" hai2="8,71,51,98,48,80,89,97,133,20,30,106,21" hai3="33,26,24,13,3,4,116,87,125,99,95,60,25" shuffle="mt19937ar,589BAA48,84CAA984,384805E1,0B8B3924,DDC66B97,F3114680,AAA2525C,529D3079"/><T50/><D50/><U23/><E123/><V56/><F71/><W119/><G125/><T88/><D88/><U40/><E135/><V17/><F133/><W72/><G72/><T61/><D47/><U117/><E117/><V118/><F106/><W105/><G3/><T77/><D124/><U52/><E5/><V82/><F8/><W16/><G4/><N who="0" m="1415" /><D1/><U18/><E104/><V58/><F118/><W45/><G45/><T32/><D107/><U78/><E28/><V64/><F64/><W96/><G87/><T35/><D70/><U6/><E6/><V108/><F30/><W101/><G60/><T90/><D90/><U84/><E115/><V102/><F89/><W9/><REACH who="3" step="1"/><G33/><REACH who="3" step="2"/><T120/><D120/><U114/><E114/><V74/><F74/><W39/><G39/><T131/><D131/><U22/><E63/><V122/><F122/><W83/><G83/><N who="0" m="45487" /><D44/><U94/><E68/><V59/><F102/><AGARI ba="0,1" hai="9,13,16,24,25,26,95,96,99,101,102,105,116,119" machi="102" ten="40,8000,1" yaku="1,1,54,1,53,2" doraHai="55" doraHaiUra="113" who="3" fromWho="2" sc="250,0,250,0,250,-80,240,90" /><INIT seed="1,0,0,5,1,10" ten="250,250,170,330" oya="1" hai0="106,133,75,77,105,84,104,65,14,50,39,69,57" hai1="134,16,33,41,100,108,40,66,47,128,97,95,131" hai2="121,4,74,79,107,109,116,35,127,80,43,54,24" hai3="59,18,6,88,71,113,119,122,78,29,111,61,32" shuffle="mt19937ar,F82D02D4,663D3670,0A5461FB,30DDD260,23C474B1,EE54FFDB,161E87F1,FC68EFEF"/><U58/><E33/><V11/><F107/><W62/><G122/><T30/><D39/><U130/><E134/><V3/><F121/><W34/><G119/><T98/><D69/><U53/><E66/><V64/><F116/><W42/><G113/><T22/><D75/><U12/><E108/><V9/><F109/><W82/><G111/><T129/><D133/><U102/><E47/><V83/><F127/><W68/><G42/><T27/><D129/><U117/><E102/><V46/><F54/><W48/><G6/><T44/><D98/><U37/><E37/><V23/><F83/><W93/><G71/><T99/><D99/><U1/><E1/><V13/><F64/><W2/><G2/><T96/><D96/><U17/><E117/><V7/><F35/><W19/><G34/><T90/><D77/><U31/><E17/><V126/><F126/><W73/><G32/><T94/><D65/><U89/><E31/><V5/><F24/><W124/><G29/><T45/><D57/><U76/><E76/><V63/><F63/><W0/><G124/><T135/><D135/><U87/><E58/><V21/><REACH who="2" step="1"/><F5/><REACH who="2" step="2"/><W91/><G62/><T51/><D45/><U81/><E53/><V67/><F67/><W101/><G61/><T15/><REACH who="0" step="1"/><D51/><AGARI ba="0,1" hai="3,4,7,9,11,13,21,23,43,46,51,74,79,80" machi="51" ten="30,3900,0" yaku="1,1,7,1,52,1,53,0" doraHai="10" doraHaiUra="103" who="2" fromWho="0" sc="250,-39,250,0,160,49,330,0" /><INIT seed="2,0,0,0,3,128" ten="211,250,209,330" oya="2" hai0="129,94,55,10,15,108,118,28,32,91,47,67,35" hai1="37,66,56,131,106,88,87,96,34,22,80,105,18" hai2="31,75,63,110,20,119,40,17,77,26,46,51,5" hai3="93,83,86,76,132,104,92,43,112,27,25,57,85" shuffle="mt19937ar,E5D59CF8,AD56CF34,57714E8B,931CDE36,002289E0,F0556155,5902A613,9AF6F0CD"/><V134/><F5/><W16/><G104/><T114/><D114/><U122/><E37/><V111/><F119/><W38/><G132/><T100/><D100/><U99/><E131/><V19/><F63/><W53/><G112/><T59/><D129/><U121/><E34/><V123/><F123/><N who="1" m="47113" /><E66/><V68/><F68/><W0/><G0/><T23/><D118/><U42/><E42/><V30/><F30/><W95/><G38/><T72/><D72/><U8/><E8/><V70/><F70/><W133/><G43/><T82/><D82/><U54/><E99/><V135/><F77/><W12/><G86/><T45/><D108/><N who="2" m="41514" /><F75/><W39/><G39/><T7/><D35/><U127/><E96/><V14/><F19/><W109/><G109/><T62/><D32/><AGARI ba="0,0" hai="14,17,20,26,31,32,40,46,51,134,135" m="41514" machi="32" ten="30,11600,0" yaku="14,1,10,1,52,2" doraHai="128" who="2" fromWho="0" sc="211,-116,250,0,209,116,330,0" /><INIT seed="2,1,0,4,4,99" ten="95,250,325,330" oya="2" hai0="50,32,35,6,25,18,8,131,44,21,95,114,124" hai1="108,76,132,109,69,90,4,51,101,16,115,42,116" hai2="53,112,100,77,19,82,73,29,119,86,120,27,134" hai3="9,125,129,93,103,121,3,47,2,55,23,104,102" shuffle="mt19937ar,E607E80A,ABA27EAA,7114B22B,B8F7195C,56442FA3,2FA1F5DE,ADF7A204,7CB5FC03"/><V118/><F19/><W45/><G121/><T63/><D114/><U92/><E69/><V58/><F120/><W96/><G125/><T113/><D124/><U30/><E115/><V28/><F112/><W37/><G129/><T41/><D113/><U79/><E116/><V22/><F29/><W60/><G3/><T87/><D131/><U128/><E128/><V105/><F134/><W15/><G2/><T57/><D32/><U70/><E70/><V31/><F31/><W46/><G37/><T110/><D35/><U5/><E30/><V89/><F53/><W106/><G93/><T75/><D75/><U34/><E34/><V49/><F49/><W83/><G83/><T67/><D110/><N who="1" m="42603" /><E90/><V36/><F58/><W59/><G23/><T85/><REACH who="0" step="1"/><D95/><REACH who="0" step="2"/><U123/><E123/><V133/><F133/><W33/><G33/><T64/><D64/><U17/><E132/><V78/><F119/><W11/><G15/><AGARI ba="1,1" hai="6,8,15,18,21,25,41,44,50,57,63,67,85,87" machi="15" ten="30,7700,0" yaku="1,1,7,1,8,1,53,1" doraHai="99" doraHaiUra="43" who="0" fromWho="3" sc="85,90,250,0,325,0,330,-80" /><INIT seed="3,0,0,5,5,88" ten="175,250,325,250" oya="3" hai0="45,82,93,68,74,52,84,107,57,46,80,24,4" hai1="135,67,21,125,117,61,58,38,115,75,2,34,20" hai2="73,16,3,63,116,18,60,27,49,42,5,103,37" hai3="97,87,28,43,90,124,10,9,13,134,65,114,69" shuffle="mt19937ar,9D614667,5A87B322,BD1F1752,B68C0365,E63CC810,035D7F77,DFD0E1C8,7300C175"/><W112/><G112/><T11/><D107/><U14/><E115/><V25/><F103/><W85/><G114/><T101/><D68/><U120/><E34/><V30/><F116/><W44/><G134/><T131/><D74/><U118/><E75/><V128/><F73/><W12/><G124/><T121/><D121/><U127/><E120/><V6/><F37/><W17/><G28/><T91/><D24/><N who="2" m="9290" /><F30/><W72/><G72/><T8/><D131/><U32/><E38/><V71/><F71/><W55/><G69/><T119/><D119/><N who="1" m="45579" /><E32/><V70/><F70/><W64/><G55/><T56/><D56/><U130/><E2/><V47/><F3/><W111/><G111/><T31/><D31/><U92/><E130/><V78/><F78/><W62/><G62/><N who="2" m="23593" /><F128/><W15/><G15/><T53/><D4/><AGARI ba="0,0" hai="4,5,6,16,18,42,47,49" m="23593,9290" machi="4" ten="30,2000,0" yaku="8,1,54,1" doraHai="88" who="2" fromWho="0" sc="175,-20,250,0,325,20,250,0" owari="155,-24,250,0,345,34,250,-10" /></mjloggm>