<mjloggm ver="2.3"><GO type="193"/><UN n0="%E3%82%A6%E3%83%AB%E3%83%88%E3%83%A9%E7%AB%8B%E7%9B%B4" n1="%E3%81%8A%E3%81%A8%E3%81%86" n2="%E3%82%8C%E3%82%8A%E3%82%8C%E3%82%8A" n3="%6B%79%61%77%61%73%69%74" dan="12,11,10,12" rate="1819,1587,1514,1645" sx="M,M,M,M"/><TAIKYOKU oya="0"/><INIT seed="0,0,0,3,2,44" ten="250,250,250,250" oya="0" hai0="68,15,2,77,119,80,85,88,89,64,32,110,69" hai1="126,5,37,120,109,84,60,0,4,8,94,49,22" hai2="12,9,19,50,3,16,38,26,108,75,35,90,92" hai3="33,71,112,31,20,124,115,7,111,125,116,102,81" shuffle="mt19937ar,CB475ED9,50918564,A815CFC3,9ED256F1,88F43605,6EC64EAA,DEAA3CA0,709A5D11"/><T62/><D32/><U21/><E120/><V106/><F38/><W103/><G71/><T73/><D2/><U30/><E109/><V86/><F75/><W63/><G63/><T56/><D119/><U117/><E117/><V105/><F108/><W134/><G116/><T27/><D110/><U40/><E37/><V29/><F3/><W101/><G111/><T23/><D15/><U65/><E126/><N who="3" m="48746" /><G134/><T135/><D135/><U36/><E36/><V127/><F127/><W128/><G128/><T121/><D121/><U122/><E122/><V67/><F67/><W14/><G81/><T113/><D113/><U13/><E94/><V83/><F83/><W28/><G33/><T17/><REACH who="0" step="1"/><D89/><REACH who="0" step="2"/><U93/><E13/><V98/><F86/><W59/><G115/><T79/><D79/><U24/><E5/><N who="2" m="3119" /><F35/><W42/><G112/><T74/><D74/><U48/><E22/><N who="2" m="15575" /><F106/><W57/><G7/><T45/><D45/><U87/><E40/><V11/><F105/><W132/><G132/><T54/><D54/><U131/><E131/><V51/><F11/><W39/><G39/><T107/><D107/><U25/><E25/><V10/><F10/><W43/><G14/><T133/><D133/><U114/><E114/><V95/><F95/><AGARI ba="0,1" hai="17,23,27,56,62,64,68,69,73,77,80,85,88,95" machi="95" ten="30,11600,0" yaku="1,1,7,1,54,1,53,1" doraHai="44" doraHaiUra="55" who="0" fromWho="2" sc="240,126,250,0,250,-116,250,0" /><INIT seed="0,1,0,3,2,121" ten="366,250,134,250" oya="0" hai0="107,123,0,50,94,39,125,134,55,36,66,122,80" hai1="72,8,99,70,77,19,116,41,97,119,23,52,87" hai2="43,3,11,62,61,129,54,45,104,69,24,6,44" hai3="84,60,38,64,35,117,71,82,53,110,124,102,5" shuffle="mt19937ar,DC46E8D2,E5BAF53E,C9DA5DEC,735E582F,83719CD5,41E01BEA,885EA8AD,08A85FF9"/><T118/><D94/><U135/><E70/><V113/><F104/><W63/><G35/><T101/><D80/><U12/><E135/><V111/><F113/><W85/><G117/><T46/><D101/><U30/><E72/><V105/><F105/><W88/><G124/><T91/><D91/><U58/><E41/><V20/><F129/><W28/><G38/><T25/><D25/><U51/><E119/><V75/><F75/><W1/><G102/><T93/><D93/><U98/><E116/><V47/><F69/><W127/><G127/><T86/><D86/><U14/><E30/><V10/><F43/><W109/><G28/><T18/><D18/><U67/><E67/><V79/><F79/><W120/><G120/><T40/><D0/><U133/><E133/><V15/><F10/><W7/><G1/><T89/><D89/><U103/><E103/><V26/><F3/><W92/><G53/><T132/><D107/><U4/><REACH who="1" step="1"/><E87/><REACH who="1" step="2"/><V128/><F128/><W48/><G48/><N who="0" m="26695" /><D66/><U22/><E22/><V2/><F2/><W114/><G114/><T59/><D118/><U73/><E73/><V13/><F13/><W96/><G85/><T17/><D125/><U95/><E95/><V130/><F130/><W115/><G115/><T49/><D132/><U83/><E83/><V16/><F26/><W56/><G71/><T57/><D134/><U21/><E21/><V100/><F100/><W112/><G112/><T29/><D122/><U42/><E42/><V9/><F9/><W131/><G131/><T32/><D123/><U76/><AGARI ba="1,1" hai="4,8,12,14,19,23,51,52,58,76,77,97,98,99" machi="76" ten="30,7900,0" yaku="1,1,0,1,8,1,54,1,53,0" doraHai="121" doraHaiUra="27" who="1" fromWho="1" sc="366,-40,240,92,134,-21,250,-21" /><INIT seed="1,0,0,3,1,91" ten="326,332,113,229" oya="1" hai0="62,15,56,94,87,58,57,53,89,63,121,65,106" hai1="36,12,31,133,1,122,132,8,79,112,45,16,7" hai2="73,117,4,32,134,98,41,123,105,102,14,37,49" hai3="83,104,54,113,88,48,30,120,118,55,5,10,96" shuffle="mt19937ar,F0127F8D,5448D67F,7BDD34BA,4B36086B,D10D8ADC,636BFCB1,041466EF,427CE6F6"/><U93/><E122/><V71/><F123/><W28/><G113/><T23/><D106/><U126/><E112/><V43/><F117/><W97/><G118/><T124/><D121/><U0/><E31/><N who="3" m="11818" /><G120/><T85/><D124/><U66/><E126/><V115/><F115/><W3/><G104/><T101/><D101/><U40/><E79/><V67/><F73/><W72/><G72/><T17/><REACH who="0" step="1"/><D87/><REACH who="0" step="2"/><U13/><E66/><V129/><F32/><W95/><G3/><T131/><D131/><U34/><E34/><V60/><F129/><W11/><G5/><T75/><D75/><U130/><E130/><V51/><F134/><N who="1" m="51817" /><E93/><V39/><F4/><W24/><G24/><T68/><AGARI ba="0,1" hai="15,17,23,53,56,57,58,62,63,65,68,85,89,94" machi="68" ten="20,8000,1" yaku="1,1,0,1,7,1,52,1,53,1" doraHai="91" doraHaiUra="19" who="0" fromWho="0" sc="316,90,332,-40,113,-20,229,-20" /><INIT seed="2,0,0,3,4,89" ten="406,292,93,209" oya="2" hai0="134,1,11,133,36,18,54,62,83,84,130,17,13" hai1="76,58,22,23,15,35,115,59,88,81,131,67,94" hai2="97,33,39,101,123,73,16,118,27,71,34,79,80" hai3="110,82,64,47,9,100,56,26,98,103,92,107,3" shuffle="mt19937ar,44AEB88B,00B41FAB,76E62A20,E02A6567,D67386C3,0DC0F768,16A77D9E,0339EE4D"/><V127/><F123/><W109/><G26/><T69/><D36/><U102/><E115/><V121/><F121/><W57/><G47/><T25/><D1/><U41/><E131/><V45/><F118/><W60/><G3/><T78/><D130/><U87/><E35/><V40/><F16/><W85/><G9/><T135/><D25/><U112/><E112/><V10/><F127/><W96/><REACH who="3" step="1"/><G57/><REACH who="3" step="2"/><N who="0" m="35127" /><D69/><U128/><E128/><V48/><F48/><W132/><G132/><T74/><D18/><U52/><E41/><V129/><F129/><W14/><G14/><T12/><D12/><U65/><E102/><V91/><F91/><AGARI ba="0,1" hai="56,60,64,82,85,91,92,96,98,100,103,107,109,110" machi="91" ten="40,2600,0" yaku="1,1,52,1,53,0" doraHai="89" doraHaiUra="116" who="3" fromWho="2" sc="406,0,292,0,93,-26,199,36" /><INIT seed="3,0,0,1,4,6" ten="406,292,67,235" oya="3" hai0="34,25,58,110,53,84,41,122,103,129,83,70,130" hai1="63,132,54,15,105,36,23,42,76,20,134,92,135" hai2="108,65,97,71,28,29,17,101,74,128,119,125,67" hai3="37,50,44,46,19,123,9,66,12,90,69,104,18" shuffle="mt19937ar,C33CBE94,270CD62C,54AEC3CD,4066A523,C5CA3201,0E716F22,85F7164B,2253E1AF"/><W120/><G104/><T93/><D70/><U11/><E105/><V88/><F119/><W62/><G90/><T38/><D41/><U87/><E36/><V48/><F74/><W40/><REACH who="3" step="1"/><G19/><REACH who="3" step="2"/><T124/><D122/><U80/><E92/><V72/><F125/><W57/><G57/><T89/><D124/><U21/><E42/><AGARI ba="0,1" hai="9,12,18,37,40,42,44,46,50,62,66,69,120,123" machi="42" ten="30,5800,0" yaku="1,1,7,1,52,1,53,0" doraHai="6" doraHaiUra="78" who="3" fromWho="1" sc="406,0,292,-58,67,0,225,68" /><INIT seed="3,1,0,2,0,99" ten="406,234,67,293" oya="3" hai0="111,94,76,129,37,3,15,114,45,89,109,30,29" hai1="13,101,6,44,71,54,26,70,20,102,73,126,108" hai2="35,118,63,106,66,80,24,57,27,81,9,97,131" hai3="58,39,12,8,83,25,48,115,93,88,69,120,56" shuffle="mt19937ar,ABE50826,C3454F4F,05D2664E,F212DAA4,FFFC8BFB,C04BBE3E,12F11688,92DE7319"/><W110/><G120/><T85/><D3/><U33/><E108/><N who="0" m="41545" /><D129/><U4/><E126/><V130/><F118/><W87/><G110/><T132/><D132/><U2/><E73/><V122/><F122/><W72/><G69/><T84/><D114/><U5/><E71/><V74/><F9/><W59/><G39/><T40/><D15/><U91/><E70/><N who="2" m="42335" /><F131/><W55/><G115/><T7/><D7/><U0/><E33/><V105/><F57/><W36/><G36/><T96/><D76/><U32/><E32/><V100/><F130/><W116/><G25/><T134/><D134/><U14/><E91/><V65/><F65/><W95/><G116/><T46/><D46/><U113/><E113/><V31/><F24/><W60/><G72/><T18/><D18/><U86/><E86/><AGARI ba="1,0" hai="29,30,37,40,45,84,85,86,89,94,96" m="41545" machi="86" ten="30,1000,0" yaku="14,1" doraHai="99" who="0" fromWho="1" sc="406,13,234,-13,67,0,293,0" owari="419,42,221,-13,67,-33,293,4" /></mjloggm>