<mjloggm ver="2.3"><GO type="193"/><UN n0="%E5%93%B2%E7%94%B7" n1="%6B%69%79%6F%6E" n2="%E4%B8%AD%E7%94%B0%E3%81%95%E3%82%93" n3="%E3%82%A6%E3%83%AB%E3%83%88%E3%83%A9%E7%AB%8B%E7%9B%B4" dan="13,13,11,12" rate="1759,1763,1596,1777" sx="M,M,M,M"/><TAIKYOKU oya="0"/><INIT seed="0,0,0,4,1,83" ten="250,250,250,250" oya="0" hai0="123,133,130,12,116,78,20,90,54,25,8,66,109" hai1="122,103,55,70,97,27,26,94,40,110,68,91,5" hai2="129,104,108,117,11,44,73,6,67,61,87,96,14" hai3="119,71,21,125,46,77,98,58,124,22,38,1,31" shuffle="mt19937ar,EB873AB7,82CAA250,49901C71,A4D18659,113BB74C,B527BD26,516C65BB,F17B6BEA"/><T60/><D123/><U114/><E122/><V76/><F73/><W17/><G71/><T0/><D116/><U52/><E114/><V128/><F117/><W18/><G46/><T49/><D0/><U32/><E40/><V88/><F108/><W34/><G58/><T51/><D133/><U41/><E41/><V121/><F121/><W65/><G98/><T29/><D109/><U23/><E5/><V59/><F104/><W64/><G77/><T10/><D130/><U113/><E113/><V92/><F129/><W69/><G119/><T2/><D2/><U102/><E110/><V131/><REACH who="2" step="1"/><F44/><REACH who="2" step="2"/><W85/><G69/><T107/><D107/><U79/><E70/><V43/><F43/><W35/><G38/><T39/><D39/><U80/><E68/><V42/><F42/><W132/><G132/><T135/><D135/><U4/><E103/><V57/><F57/><W100/><G100/><T30/><D78/><U112/><E112/><V93/><F93/><W63/><G1/><T33/><D33/><U50/><E102/><V36/><F36/><W105/><G105/><T74/><D74/><U111/><E111/><V115/><F115/><W13/><G34/><T56/><D51/><U19/><E32/><V120/><F120/><W95/><G35/><T47/><D30/><U72/><E27/><V9/><F9/><W48/><G95/><T84/><D12/><U89/><E50/><V134/><F134/><W16/><G31/><T28/><D28/><U75/><E75/><V126/><F126/><W7/><G48/><T81/><AGARI ba="0,1" hai="8,10,20,25,29,47,49,54,56,60,66,81,84,90" machi="81" ten="20,7800,0" yaku="0,1,7,1,8,1,52,1" doraHai="83" who="0" fromWho="0" sc="250,88,250,-26,240,-26,250,-26" /><INIT seed="0,1,0,5,5,113" ten="338,224,214,224" oya="0" hai0="122,110,19,65,60,20,67,25,80,76,111,123,130" hai1="28,81,5,95,99,46,87,7,92,100,105,8,125" hai2="31,40,64,37,135,107,33,68,69,41,61,124,36" hai3="63,26,13,83,91,62,44,90,94,70,134,106,35" shuffle="mt19937ar,72DAA96A,219BB0A1,5EA3AED4,DD2D167E,4A7B7AE5,B86E2E5F,0E6FE694,241A20C2"/><T42/><D130/><U82/><E28/><V10/><F124/><W48/><G106/><T129/><D129/><U57/><E125/><V97/><F135/><W18/><G134/><T2/><D2/><U77/><E82/><V59/><F10/><W108/><G70/><N who="2" m="27241" /><F107/><W30/><G108/><N who="0" m="41515" /><D42/><N who="2" m="16490" /><F97/><W12/><G12/><T116/><D116/><U88/><E7/><V39/><F33/><W133/><G133/><T120/><D60/><U84/><E105/><V43/><F31/><W114/><G114/><T24/><D25/><U132/><E132/><V23/><F23/><W127/><G127/><T6/><D6/><U126/><E126/><V115/><F115/><W98/><G90/><T0/><D0/><U54/><E5/><V104/><F104/><W78/><G48/><T51/><D51/><N who="1" m="29047" /><E8/><V117/><F117/><W66/><G44/><AGARI ba="1,0" hai="36,37,39,43,44,59,61,64" m="16490,27241" machi="44" ten="30,8000,1" yaku="35,5" doraHai="113" who="2" fromWho="3" sc="338,0,224,0,214,83,224,-83" /><INIT seed="1,0,0,5,3,47" ten="338,224,297,141" oya="1" hai0="113,101,38,41,72,88,29,12,80,28,76,52,18" hai1="20,44,43,99,32,134,50,60,121,63,119,68,110" hai2="125,79,55,107,132,114,87,112,35,42,61,7,13" hai3="91,67,1,59,92,36,77,81,9,129,58,103,128" shuffle="mt19937ar,18B259BC,30D9F6BB,CC0628A7,DA78618A,334FFCEE,CDD87F74,CF9DEFEA,C98BF7AB"/><U106/><E119/><V98/><F35/><W123/><G36/><T105/><D113/><N who="2" m="43626" /><F132/><W49/><G9/><T117/><D117/><U95/><E121/><V75/><F125/><W90/><G1/><T104/><D104/><U30/><E134/><V46/><F75/><W34/><G34/><T54/><D41/><U22/><E106/><V82/><F98/><W120/><G103/><T39/><D39/><U26/><E68/><V111/><F111/><W133/><G133/><T62/><D38/><U118/><E118/><V5/><F107/><W124/><G124/><T115/><D115/><U16/><E22/><V130/><F130/><W8/><G8/><T109/><D109/><U19/><E110/><V37/><F13/><W4/><G4/><T56/><D54/><U24/><E19/><V70/><F55/><W64/><G92/><T31/><D101/><AGARI ba="0,0" hai="16,20,24,26,30,32,43,44,50,60,63,95,99,101" machi="101" ten="30,5800,0" yaku="7,1,52,1,54,1" doraHai="47" who="1" fromWho="0" sc="338,-58,224,58,297,0,141,0" /><INIT seed="1,1,0,2,0,122" ten="280,282,297,141" oya="1" hai0="107,3,75,17,84,97,114,92,79,55,58,56,54" hai1="91,116,66,53,103,40,51,23,125,64,69,121,42" hai2="108,130,101,22,8,102,16,106,11,72,81,100,109" hai3="43,15,118,68,63,52,105,128,83,132,39,62,48" shuffle="mt19937ar,87D940BA,42337FB3,A1493AF7,48631158,C88D2F57,9AC0E984,B54D3DCD,5C3BA66C"/><U70/><E121/><V76/><F130/><W25/><G25/><T111/><D114/><U82/><E116/><V123/><F106/><W41/><G83/><T46/><D3/><U87/><E125/><V10/><REACH who="2" step="1"/><F123/><REACH who="2" step="2"/><W119/><G105/><T38/><D38/><U6/><E70/><V110/><F110/><W78/><G128/><T18/><D107/><U59/><E69/><V77/><F77/><W61/><G78/><T117/><D117/><U57/><E103/><V65/><F65/><N who="3" m="41007" /><G119/><T71/><D71/><U20/><E6/><V127/><F127/><W14/><G118/><T95/><D75/><U73/><E73/><V99/><F99/><W88/><G88/><N who="0" m="53255" /><D79/><U94/><E66/><V29/><F29/><W0/><G15/><AGARI ba="1,1" hai="8,10,11,15,16,22,72,76,81,100,101,102,108,109" machi="15" ten="40,8000,1" yaku="1,1,52,2,54,1,53,0" doraHai="122" doraHaiUra="60" who="2" fromWho="3" sc="280,0,282,0,287,93,141,-83" /><INIT seed="2,0,0,0,5,82" ten="280,282,380,58" oya="2" hai0="89,79,23,37,127,116,93,52,76,83,105,106,77" hai1="107,46,85,134,4,51,49,3,36,117,102,12,7" hai2="66,0,34,68,96,27,80,62,95,45,41,21,44" hai3="38,91,108,33,31,126,10,128,8,94,6,48,19" shuffle="mt19937ar,D64EC07A,1F835E28,46FBF057,3D0CCD63,83261795,037A5BD2,5BE98343,372879A6"/><V119/><F34/><W75/><G75/><T101/><D37/><U121/><E117/><V135/><F0/><W111/><G38/><T112/><D23/><U64/><E64/><V72/><F135/><W20/><G48/><T43/><D43/><U129/><E121/><V47/><F119/><W86/><G31/><T16/><D16/><U18/><E3/><V123/><F123/><W17/><G33/><T87/><D52/><U13/><E129/><V73/><F73/><W122/><G122/><T39/><D39/><U130/><E134/><V2/><F2/><W103/><G128/><T11/><D11/><U1/><E130/><V55/><F80/><W58/><G58/><T71/><D71/><U9/><E1/><V100/><F72/><W109/><G126/><T54/><D54/><U113/><E107/><N who="0" m="40969" /><D112/><U30/><E102/><V56/><F68/><W78/><G6/><T133/><D133/><U32/><E36/><V24/><F55/><W22/><G103/><T99/><D127/><U88/><E113/><V59/><F56/><W26/><REACH who="3" step="1"/><G78/><REACH who="3" step="2"/><N who="0" m="46583" /><D116/><U84/><E30/><N who="2" m="17679" /><F27/><AGARI ba="0,1" hai="8,10,17,19,20,22,26,27,86,91,94,108,109,111" machi="27" ten="40,12000,2" yaku="1,1,9,1,14,1,52,1,53,2" doraHai="82" doraHaiUra="14" who="3" fromWho="2" sc="280,0,282,0,380,-120,48,130" /><INIT seed="3,0,0,2,2,25" ten="280,282,260,178" oya="3" hai0="80,76,27,83,108,64,17,88,16,38,99,45,57" hai1="135,78,81,129,19,18,58,73,106,121,125,28,41" hai2="1,86,94,60,32,93,87,29,49,12,111,116,89" hai3="31,62,23,70,102,92,44,82,5,59,67,22,133" shuffle="mt19937ar,D6884B39,C3BF2AAC,B18E53C7,14A10718,76B48D08,95A97AE5,9CAEF540,02B8AADB"/><W11/><G133/><T65/><D108/><U24/><E121/><V68/><F116/><W33/><G44/><T117/><D117/><U134/><E106/><V103/><F111/><W130/><G130/><T127/><D127/><U54/><E129/><V123/><F1/><W105/><G82/><T109/><D109/><U56/><E41/><V61/><F123/><W35/><G70/><T131/><D131/><U119/><E125/><V15/><F103/><W37/><G37/><T39/><D39/><U100/><E100/><V47/><F61/><W97/><G105/><T120/><D120/><U53/><E119/><V40/><F29/><W115/><G115/><T4/><D4/><U118/><E118/><V3/><F32/><W132/><G132/><N who="1" m="50730" /><E28/><V79/><F3/><W6/><G23/><N who="0" m="13799" /><D38/><U2/><E2/><V126/><F126/><W20/><G20/><T84/><D45/><U42/><E42/><V110/><F110/><W98/><G98/><T71/><D71/><U95/><E24/><V34/><F34/><N who="3" m="12811" /><G11/><T90/><D17/><N who="1" m="6155" /><E95/><V104/><F104/><W128/><G128/><T91/><D83/><U46/><E46/><V101/><F101/><W55/><G55/><AGARI ba="0,0" hai="53,54,55,56,58,73,78,81" m="6155,50730" machi="55" ten="30,1000,0" yaku="20,1" doraHai="25" who="1" fromWho="3" sc="280,0,282,10,260,0,178,-10" /><INIT seed="4,0,0,2,1,56" ten="280,292,260,168" oya="0" hai0="62,13,2,67,120,52,14,70,101,30,88,76,32" hai1="35,114,78,27,21,34,106,121,44,19,10,66,79" hai2="95,92,80,128,45,97,84,113,54,41,7,119,40" hai3="5,38,15,3,64,36,26,11,31,46,6,12,23" shuffle="mt19937ar,84699338,DF72BBEC,065F1324,FE9B15F6,D1D7D540,52234FA3,9C4A5AE0,1016172A"/><T50/><D120/><U74/><E106/><V65/><F119/><W47/><G64/><T89/><D2/><U134/><E121/><V25/><F113/><W115/><G115/><T8/><D76/><U124/><E114/><V75/><F75/><W96/><G96/><T109/><D109/><U57/><E74/><V68/><F128/><W1/><G46/><T49/><D101/><U9/><E134/><V87/><F68/><W42/><G36/><T43/><D43/><N who="2" m="16458" /><F65/><W86/><G86/><N who="2" m="32809" /><F7/><N who="3" m="2571" /><G47/><T55/><D32/><U118/><E118/><V59/><F45/><W48/><G48/><T63/><D30/><U22/><E34/><V37/><F37/><W110/><G42/><T53/><D70/><U135/><E35/><V98/><F80/><W29/><G38/><T117/><D67/><U127/><E135/><V100/><F25/><N who="3" m="16575" /><G110/><T122/><D122/><U99/><E99/><N who="2" m="37899" /><F100/><W108/><G108/><T20/><D20/><U73/><E73/><V28/><F28/><W51/><G51/><AGARI ba="0,0" hai="51,54,59,92,95" m="37899,32809,16458" machi="51" ten="30,1000,0" yaku="8,1" doraHai="56" who="2" fromWho="3" sc="280,0,292,0,260,10,168,-10" /><INIT seed="5,0,0,0,3,79" ten="280,292,270,158" oya="1" hai0="126,93,11,85,82,121,5,32,127,94,108,91,47" hai1="76,132,55,61,88,97,117,28,70,25,77,54,53" hai2="104,58,72,30,24,133,62,35,100,125,17,46,43" hai3="2,119,6,130,15,74,103,92,110,38,89,120,115" shuffle="mt19937ar,052BF308,CE88484C,ED85CB67,E729BA7C,2C500682,0AF1447B,B10A3BD7,45E43B45"/><U69/><E117/><V95/><F104/><W23/><G15/><T37/><D108/><U59/><E132/><V112/><F125/><W41/><G23/><T78/><D32/><U129/><E129/><V52/><F133/><W60/><G103/><T83/><D121/><U51/><E69/><V22/><F72/><W84/><G60/><T45/><D37/><U7/><E7/><V118/><F118/><W18/><G18/><T9/><D78/><U116/><E116/><V49/><F112/><W122/><G84/><T106/><D106/><U68/><E68/><V42/><F100/><W34/><G89/><T107/><D107/><U128/><E128/><V13/><REACH who="2" step="1"/><F95/><REACH who="2" step="2"/><W73/><G92/><T1/><D1/><U44/><E70/><V99/><F99/><W109/><G74/><T113/><D113/><U8/><E8/><V124/><F124/><W33/><G110/><T63/><D63/><U98/><E98/><V134/><F134/><W56/><G120/><T66/><D66/><AGARI ba="0,1" hai="13,17,22,24,30,35,42,43,46,49,52,58,62,66" machi="66" ten="30,3900,0" yaku="1,1,7,1,54,1,53,0" doraHai="79" doraHaiUra="114" who="2" fromWho="0" sc="280,-39,292,0,260,49,158,0" owari="241,-11,292,4,309,31,158,-24" /></mjloggm>