<mjloggm ver="2.3"><GO type="41"/><UN n0="%6F%75%74%E7%A5%AD%E3%82%8A" n1="%E3%83%88%E3%83%A9%EF%BC%92" n2="%E3%82%A6%E3%83%AB%E3%83%88%E3%83%A9%E7%AB%8B%E7%9B%B4" n3="%E3%83%AD%E3%83%B3%E3%83%89%E3%83%B3%E6%A9%8B" dan="15,14,13,13" rate="1892,1846,1862,1835" sx="M,M,M,M"/><TAIKYOKU oya="0"/><INIT seed="0,0,0,2,3,6" ten="250,250,250,250" oya="0" hai0="48,123,61,132,129,82,119,133,76,11,59,56,33" hai1="78,130,29,60,125,90,126,98,92,10,100,65,26" hai2="20,94,124,40,107,88,108,83,103,62,72,115,134" hai3="15,0,66,46,74,128,21,16,112,96,127,52,18"/><T114/><D33/><U4/><E78/><N who="2" m="44487" /><F20/><W99/><G112/><T109/><D114/><U91/><E130/><V57/><F40/><W71/><G74/><T63/><D119/><U37/><E37/><V97/><F115/><W43/><G0/><T70/><D123/><U79/><E79/><V75/><F57/><W73/><G73/><T28/><D129/><U86/><E86/><N who="2" m="52503" /><F62/><W80/><G128/><T89/><D28/><U44/><E44/><V25/><F25/><W42/><G80/><T110/><D48/><U38/><E38/><V53/><F53/><W111/><G71/><T8/><D70/><N who="1" m="42279" /><E29/><V93/><F124/><N who="1" m="47721" /><E26/><V14/><F14/><AGARI ba="0,0" hai="4,10,14,90,91,92,98,100" m="47721,42279" machi="14" ten="30,2000,0" yaku="18,1,52,1" doraHai="6" who="1" fromWho="2" sc="250,0,250,20,250,-20,250,0" /><INIT seed="1,0,0,4,3,34" ten="250,270,230,250" oya="1" hai0="113,65,40,91,126,103,132,88,98,45,131,123,33" hai1="20,119,36,64,50,77,94,18,116,35,3,100,112" hai2="9,120,15,135,117,47,106,121,26,6,72,71,107" hai3="101,93,53,10,114,19,79,59,134,17,44,118,54"/><U57/><E35/><V75/><F71/><W58/><G114/><T5/><D33/><U48/><E36/><V125/><F117/><W37/><G118/><T128/><D65/><U28/><E77/><V96/><F26/><W110/><G110/><T24/><D113/><U29/><E28/><V66/><F66/><W127/><G79/><T16/><D132/><U80/><E29/><V52/><F135/><W46/><G134/><T30/><D126/><U2/><E80/><V115/><F125/><W83/><G127/><T7/><D30/><U27/><E112/><V22/><F22/><W68/><G68/><T108/><D108/><U74/><E74/><V76/><F115/><W51/><G37/><T85/><D123/><U86/><E116/><V111/><F111/><W12/><G83/><N who="0" m="49215" /><D91/><U25/><E25/><V31/><F31/><W124/><G124/><T102/><D45/><U95/><E119/><V49/><F106/><W99/><G19/><T78/><D40/><U14/><E27/><V1/><F15/><W39/><G39/><T129/><D78/><U70/><E70/><V8/><F8/><W42/><G42/><T56/><D56/><U60/><E100/><V133/><F133/><W41/><G41/><T13/><D24/><U105/><E105/><V109/><F109/><W69/><G69/><T73/><D73/><U63/><E57/><V97/><F72/><W61/><AGARI ba="0,0" hai="10,12,17,44,46,51,53,54,58,59,61,93,99,101" machi="61" ten="20,2700,0" yaku="0,1,7,1,8,1" doraHai="34" who="3" fromWho="3" sc="250,-7,270,-13,230,-7,250,27" /><INIT seed="2,0,0,3,3,112" ten="243,257,223,277" oya="2" hai0="77,31,3,23,96,100,52,119,115,55,13,113,9" hai1="102,78,25,2,6,71,49,121,39,125,0,133,122" hai2="105,111,128,54,95,108,120,103,92,130,51,64,73" hai3="79,76,7,42,45,88,20,24,53,30,12,36,81"/><V27/><F64/><W59/><G7/><T124/><D77/><U46/><E71/><V11/><F11/><W94/><G81/><T69/><D69/><U15/><E39/><V14/><F14/><W72/><G72/><T17/><D124/><U57/><E125/><V126/><F27/><W82/><G82/><T29/><D119/><U40/><E57/><V104/><F73/><W118/><G118/><T10/><D10/><N who="1" m="4567" /><E25/><V38/><F38/><W70/><G70/><T4/><D115/><U28/><E28/><V89/><F126/><W1/><G1/><T114/><D114/><U127/><E127/><V22/><F22/><W63/><REACH who="3" step="1"/><G12/><REACH who="3" step="2"/><T106/><D113/><U43/><E2/><V5/><F5/><W37/><G37/><T47/><D47/><U35/><E0/><V33/><F120/><W60/><G60/><T117/><D117/><U58/><E121/><V18/><F51/><W26/><G26/><T48/><D48/><U83/><E49/><V61/><F61/><W74/><G74/><T21/><D3/><U8/><E122/><V87/><F33/><W34/><G34/><T129/><D4/><U16/><E35/><V93/><F103/><W75/><G75/><T67/><D100/><U107/><E102/><V62/><F62/><W66/><G66/><T90/><D67/><U19/><E83/><N who="2" m="49407" /><F54/><W65/><G65/><T56/><D52/><U109/><E40/><V97/><F97/><AGARI ba="0,1" hai="20,24,30,36,42,45,53,59,63,76,79,88,94,97" machi="97" ten="30,3900,0" yaku="1,1,7,1,54,1,53,0" doraHai="112" doraHaiUra="101" who="3" fromWho="2" sc="243,0,257,0,223,-39,267,49" /><INIT seed="3,0,0,4,3,79" ten="243,257,184,316" oya="3" hai0="90,2,10,16,111,87,72,35,32,6,61,56,7" hai1="103,40,39,99,115,78,67,108,53,91,107,30,52" hai2="8,133,51,34,5,48,125,102,89,120,71,15,121" hai3="95,1,58,98,118,38,76,28,12,101,13,63,117"/><W135/><G1/><T77/><D111/><U45/><E108/><V112/><F71/><W70/><G70/><T36/><D36/><U22/><E115/><V64/><F34/><W129/><G129/><T27/><D6/><U73/><E91/><V113/><F64/><W122/><G122/><N who="2" m="47209" /><F102/><W114/><G114/><N who="2" m="44137" /><F125/><W88/><G38/><T24/><D77/><U92/><E67/><V131/><F131/><W54/><G135/><T50/><D72/><U11/><E92/><V17/><F133/><W96/><G28/><T83/><D50/><N who="2" m="18986" /><F89/><W85/><G76/><T31/><D27/><U130/><E130/><V124/><F124/><W123/><G123/><T57/><D35/><U19/><E30/><V41/><F17/><W29/><G29/><T93/><D16/><U68/><E11/><V65/><F65/><W128/><G128/><T20/><D32/><U47/><E53/><V81/><F81/><W110/><G110/><T62/><D93/><U82/><E68/><V0/><F0/><W126/><G126/><T18/><D31/><U97/><E103/><V74/><F74/><W69/><G69/><T66/><D62/><U104/><E19/><V109/><F109/><W134/><G134/><T26/><D57/><U42/><E22/><V14/><F14/><W105/><REACH who="3" step="1"/><G96/><REACH who="3" step="2"/><T3/><D3/><U94/><E99/><V21/><F21/><W33/><G33/><T60/><D20/><U49/><E40/><AGARI ba="0,1" hai="5,8,15,40,41" m="18986,44137,47209" machi="40" ten="40,1300,0" yaku="13,1" doraHai="79" who="2" fromWho="1" sc="243,0,257,-13,184,23,306,0" /><INIT seed="4,0,0,0,4,27" ten="243,244,207,306" oya="0" hai0="84,71,65,0,128,121,69,60,122,134,85,102,88" hai1="2,119,45,42,10,78,14,35,118,13,9,19,74" hai2="114,99,117,67,91,129,116,110,31,12,131,43,92" hai3="38,15,41,57,37,133,79,93,98,63,18,24,59"/><T115/><D0/><U68/><E68/><V107/><F67/><W103/><G133/><T34/><D71/><U104/><E104/><V95/><F43/><W23/><G79/><T32/><D134/><U39/><E35/><V106/><F12/><W132/><G132/><T94/><D115/><U11/><E13/><V123/><F123/><W120/><G120/><T53/><D128/><N who="2" m="49226" /><F114/><W46/><G37/><T33/><D102/><U83/><E10/><V49/><F49/><W44/><G44/><T7/><D7/><AGARI ba="0,0" hai="2,7,9,11,14,19,39,42,45,74,78,83,118,119" machi="7" ten="40,2600,0" yaku="25,2" doraHai="27" who="1" fromWho="0" sc="243,-26,244,26,207,0,306,0" /><INIT seed="5,0,0,2,4,7" ten="217,270,207,306" oya="1" hai0="25,1,85,126,18,15,27,108,33,103,110,71,56" hai1="83,113,53,54,6,12,24,0,124,65,75,84,49" hai2="119,128,36,81,70,61,80,90,76,135,20,129,100" hai3="114,91,68,35,41,111,17,3,28,21,131,121,38"/><U117/><E124/><V120/><F36/><W94/><G114/><T57/><D71/><U37/><E117/><V77/><F61/><W88/><G121/><T130/><D126/><U58/><E37/><V26/><F70/><W46/><G68/><T13/><D1/><U47/><E75/><V55/><F55/><W99/><G3/><T102/><D85/><U78/><E0/><V132/><F20/><W92/><G111/><T16/><REACH who="0" step="1"/><D33/><REACH who="0" step="2"/><U105/><E113/><V22/><F119/><W116/><G116/><T123/><D123/><U79/><E105/><V10/><F120/><W96/><G35/><T133/><D133/><U74/><E74/><V98/><F135/><W67/><G131/><AGARI ba="0,1" hai="13,15,16,18,25,27,56,57,102,103,108,110,130,131" machi="131" ten="25,6400,0" yaku="1,1,22,2,54,1,53,0" doraHai="7" doraHaiUra="89" who="0" fromWho="3" sc="207,74,270,0,207,0,306,-64" /><INIT seed="6,0,0,1,0,93" ten="281,270,207,242" oya="2" hai0="30,129,14,23,44,34,132,74,61,4,31,100,105" hai1="128,0,67,96,101,65,57,103,102,106,110,77,133" hai2="76,27,53,2,20,109,99,127,37,119,19,112,22" hai3="66,63,33,40,126,49,108,118,89,78,39,73,80"/><V114/><F37/><W85/><G118/><T13/><D74/><U111/><E0/><V64/><F64/><W6/><G126/><T21/><D44/><U38/><E38/><V36/><F36/><W122/><G122/><T98/><D132/><U16/><E128/><V51/><F2/><W79/><G33/><T97/><D129/><U131/><E133/><V17/><F76/><W94/><G108/><T84/><D84/><U8/><E131/><V135/><F135/><W123/><G123/><T75/><D75/><U48/><E77/><V81/><F81/><W91/><G6/><T115/><D61/><U124/><E124/><V54/><F127/><W88/><G39/><T134/><D134/><U59/><E106/><V1/><F1/><W68/><G78/><T42/><D4/><U43/><E110/><V121/><F109/><W56/><G68/><T26/><D105/><U86/><E86/><V55/><F121/><W9/><G9/><T28/><D100/><U5/><E5/><V116/><F51/><W35/><G35/><T72/><D72/><U32/><E32/><V95/><F116/><W10/><G10/><T113/><D42/><U69/><E69/><V107/><F107/><W60/><G60/><T83/><D83/><U24/><E24/><V92/><F119/><W12/><G12/><N who="0" m="4715" /><D34/><U11/><E43/><V117/><F117/><W50/><G40/><T87/><D87/><U58/><E48/><V3/><F3/><W41/><G41/><T29/><D21/><U52/><E111/><V71/><F71/><W104/><G104/><T82/><D82/><RYUUKYOKU ba="0,0" sc="281,15,270,-15,207,-15,242,15" hai0="23,26,28,29,30,31,97,98,113,115" hai3="49,50,56,63,66,73,79,80,85,88,89,91,94" /><INIT seed="7,1,0,4,2,77" ten="296,255,192,257" oya="3" hai0="10,125,103,102,98,50,66,44,21,127,37,126,45" hai1="107,129,63,15,39,93,110,64,92,106,3,97,33" hai2="13,42,38,94,11,100,56,16,95,79,35,90,59" hai3="72,51,57,47,87,91,26,41,113,58,71,4,83"/><W109/><G71/><T32/><D32/><U49/><E39/><V25/><F79/><W119/><G119/><T54/><D66/><U124/><E3/><V115/><F115/><W19/><G113/><T48/><D37/><U6/><E33/><V76/><F76/><W34/><G72/><T101/><D10/><U86/><E110/><V2/><F2/><W84/><G109/><T69/><D69/><U7/><E49/><V29/><F42/><W36/><G36/><T12/><D12/><U114/><E114/><V43/><F100/><W120/><G120/><T40/><D21/><U17/><E107/><AGARI ba="1,0" hai="40,44,45,48,50,54,98,101,102,103,107,125,126,127" machi="107" ten="40,1300,0" yaku="18,1" doraHai="77" who="0" fromWho="1" sc="296,16,255,-16,192,0,257,0" owari="312,41,239,-16,192,-31,257,6" /></mjloggm>