<mjloggm ver="2.3"><GO type="41"/><UN n0="%E3%82%A6%E3%83%AB%E3%83%88%E3%83%A9%E7%AB%8B%E7%9B%B4" n1="%E3%83%97%E3%83%AB%E3%81%8A" n2="%E3%82%89%E3%82%80%E3%81%A0%E6%9D%91" n3="%68%61%6D%61%73%61%6D%61" dan="14,15,14,15" rate="1909,2017,1951,1950" sx="M,M,M,M"/><TAIKYOKU oya="0"/><INIT seed="0,0,0,4,5,95" ten="250,250,250,250" oya="0" hai0="72,82,49,15,86,43,128,38,7,19,88,100,28" hai1="104,5,119,116,41,83,80,2,115,58,46,73,30" hai2="69,47,31,8,16,85,81,13,51,57,24,62,52" hai3="120,40,126,44,103,17,35,122,60,23,3,93,74"/><T56/><D128/><U117/><E115/><V89/><F69/><W9/><G35/><T84/><D72/><U71/><E58/><V36/><F36/><W61/><G74/><T22/><D38/><U67/><E30/><V75/><F75/><W4/><G126/><T98/><D84/><U131/><E131/><V87/><F87/><W1/><G1/><T118/><D118/><U79/><E83/><V64/><F24/><W11/><G11/><T91/><D28/><AGARI ba="0,0" hai="8,13,16,28,31,47,51,52,57,62,64,81,85,89" machi="28" ten="40,8000,1" yaku="25,2,8,1,54,2" doraHai="95" who="2" fromWho="0" sc="250,-80,250,0,250,80,250,0" /><INIT seed="1,0,0,2,1,73" ten="170,250,330,250" oya="1" hai0="96,125,132,7,127,113,65,30,130,59,74,53,101" hai1="92,18,40,78,117,85,6,81,38,36,64,52,3" hai2="98,106,55,80,21,107,32,129,124,29,71,86,121" hai3="112,2,90,68,109,49,9,102,31,115,100,34,93"/><U27/><E117/><V57/><F129/><W60/><G34/><T0/><D113/><U22/><E64/><V50/><F124/><W48/><G31/><T56/><D30/><U20/><E40/><V110/><F110/><W118/><G109/><T14/><D0/><U15/><E92/><V70/><F121/><W62/><G118/><T41/><D41/><U76/><E6/><V131/><F131/><W114/><G68/><T75/><D130/><U44/><E3/><V5/><F32/><W88/><G2/><T16/><D7/><U43/><E38/><V13/><F70/><W51/><G9/><T108/><D108/><U11/><E52/><V126/><F126/><N who="0" m="48138" /><D132/><U19/><REACH who="1" step="1"/><E11/><REACH who="1" step="2"/><V82/><F5/><W24/><G93/><N who="0" m="58511" /><D65/><U10/><E10/><V39/><F39/><W128/><G128/><T97/><D97/><U23/><E23/><V119/><F21/><W72/><G24/><T4/><D4/><U61/><E61/><N who="3" m="23658" /><G72/><N who="0" m="27691" /><D53/><U45/><E45/><V63/><F55/><W37/><G37/><T35/><D35/><U12/><E12/><V25/><F13/><W33/><G33/><T122/><D122/><U91/><AGARI ba="0,1" hai="15,18,19,20,22,27,36,43,44,76,78,81,85,91" machi="91" ten="20,12000,1" yaku="1,1,0,1,7,1,52,2,53,0" doraHai="73" doraHaiUra="58" who="1" fromWho="1" sc="170,-40,240,130,330,-40,250,-40" /><INIT seed="1,1,0,1,1,134" ten="130,370,290,210" oya="1" hai0="56,93,66,126,90,0,98,48,129,35,34,117,38" hai1="119,80,5,29,85,64,44,92,71,45,78,27,12" hai2="83,36,24,94,67,127,128,113,60,82,26,96,17" hai3="14,103,61,59,110,112,21,33,130,65,69,7,19"/><U40/><E119/><V115/><F128/><W116/><G130/><T118/><D38/><U91/><E71/><V121/><F127/><W15/><G116/><T57/><D0/><U101/><E64/><V63/><F121/><W55/><G33/><T9/><D129/><U25/><E101/><V30/><F36/><W89/><G112/><T114/><D114/><U76/><E76/><V102/><F113/><W109/><G103/><T77/><D35/><U104/><E104/><V41/><F115/><W16/><G89/><T50/><D34/><U53/><E53/><V133/><F133/><W99/><G7/><T4/><D126/><U81/><E81/><V18/><F41/><W107/><G99/><T3/><D77/><U10/><E29/><V13/><F18/><W28/><G28/><T86/><D98/><U95/><E95/><V2/><F2/><W20/><REACH who="3" step="1"/><G107/><REACH who="3" step="2"/><T43/><D117/><U75/><REACH who="1" step="1"/><E44/><REACH who="1" step="2"/><V42/><F30/><W54/><G54/><T46/><D118/><U73/><E73/><V108/><F102/><W1/><G1/><T87/><D66/><U132/><E132/><V49/><F67/><W37/><G37/><AGARI ba="1,2" hai="5,10,12,25,27,37,40,45,75,78,80,85,91,92" machi="37" ten="30,5800,0" yaku="1,1,7,1,53,1" doraHai="134" doraHaiUra="79" who="1" fromWho="3" sc="130,0,360,81,290,0,200,-61" /><INIT seed="1,2,0,1,1,42" ten="130,441,290,139" oya="1" hai0="53,107,58,60,69,37,32,94,30,12,126,112,104" hai1="89,127,9,51,115,1,44,74,62,63,73,68,31" hai2="83,97,15,24,56,111,119,26,2,105,71,40,113" hai3="72,35,103,48,84,78,102,23,34,54,87,36,29"/><U79/><E115/><V70/><F111/><W80/><G36/><T96/><D112/><U135/><E31/><V43/><F113/><W90/><G35/><T93/><D126/><U22/><E22/><V0/><F119/><W106/><G34/><T65/><D37/><U27/><E27/><V66/><F83/><W50/><G50/><T6/><D12/><U3/><E68/><V129/><F129/><W99/><G103/><T110/><D6/><U49/><E89/><V130/><F130/><W131/><G131/><T61/><D110/><U41/><E41/><V120/><F120/><W57/><G29/><T21/><D21/><U132/><E9/><V125/><F125/><W109/><G109/><T52/><D53/><U133/><E133/><V59/><F15/><W28/><G28/><T128/><D128/><U108/><E79/><V20/><F20/><W98/><G23/><T8/><D8/><U116/><E127/><V11/><F11/><W101/><G90/><T85/><D85/><U45/><E108/><V92/><F92/><W76/><G78/><T122/><D122/><U25/><E25/><V4/><F97/><W46/><REACH who="3" step="1"/><G57/><REACH who="3" step="2"/><T117/><D117/><AGARI ba="2,1" hai="1,3,44,45,49,51,62,63,73,74,116,117,132,135" machi="117" ten="25,9600,0" yaku="22,2,52,2" doraHai="42" who="1" fromWho="0" sc="130,-102,441,112,290,0,129,0" /><INIT seed="1,3,0,2,2,99" ten="28,553,290,129" oya="1" hai0="115,88,48,83,49,36,51,39,19,133,15,117,118" hai1="59,47,103,89,58,53,130,81,54,91,90,79,46" hai2="6,13,32,55,18,65,113,12,16,22,70,29,77" hai3="45,50,105,25,93,7,122,109,82,24,86,114,134"/><U23/><E130/><V125/><F125/><W17/><G105/><T66/><D66/><U5/><E23/><V97/><F113/><W27/><G122/><T21/><D115/><U127/><E5/><V60/><F77/><W96/><G114/><T4/><D133/><U34/><E34/><V128/><F128/><W75/><G75/><T119/><D4/><U94/><E127/><V121/><F121/><W33/><G134/><T62/><D62/><U116/><E116/><V44/><F6/><W52/><G33/><T41/><D41/><U1/><E1/><V72/><F72/><W112/><G112/><T107/><D107/><U63/><E79/><V0/><F0/><W108/><G7/><T71/><D71/><U135/><E81/><V101/><F32/><W35/><G35/><T104/><D104/><U85/><E85/><V56/><F44/><W80/><G80/><T84/><AGARI ba="3,0" hai="15,19,21,36,39,48,49,51,83,84,88,117,118,119" machi="84" ten="40,2700,0" yaku="0,1,54,1" doraHai="99" who="0" fromWho="0" sc="28,36,553,-16,290,-10,129,-10" /><INIT seed="2,0,0,1,4,76" ten="64,537,280,119" oya="2" hai0="104,61,13,97,11,35,117,126,30,67,14,121,96" hai1="110,57,42,49,116,82,111,0,80,10,21,66,105" hai2="59,70,27,94,39,63,44,87,17,69,88,24,48" hai3="102,86,99,81,25,34,95,127,125,50,123,113,134"/><V55/><F39/><W29/><G123/><T98/><D121/><U120/><E105/><V114/><F114/><W9/><G113/><T4/><D117/><U60/><E120/><V18/><F27/><W32/><G32/><T92/><D126/><U84/><E84/><V79/><F79/><W135/><G9/><T54/><D14/><U131/><E21/><V58/><F58/><W78/><G50/><T19/><D54/><U31/><E31/><V52/><REACH who="2" step="1"/><F24/><REACH who="2" step="2"/><W89/><REACH who="3" step="1"/><G78/><REACH who="3" step="2"/><T37/><D37/><U23/><E116/><V3/><F3/><W77/><G77/><T16/><D35/><U40/><E0/><V132/><F132/><AGARI ba="0,2" hai="25,29,34,81,86,89,95,99,102,125,127,132,134,135" machi="132" ten="40,5200,0" yaku="1,1,20,1,52,1,53,0" doraHai="76" doraHaiUra="2" who="3" fromWho="2" sc="64,0,537,0,270,-52,109,72" /><INIT seed="3,0,0,2,0,115" ten="64,537,218,181" oya="3" hai0="90,15,50,30,45,73,68,22,20,48,34,40,54" hai1="133,113,7,105,117,6,5,128,60,103,69,100,42" hai2="58,94,98,130,129,3,134,55,116,77,132,14,78" hai3="26,108,71,109,1,95,118,125,75,119,24,87,27"/><W123/><G71/><T61/><D73/><U80/><E113/><V102/><F3/><W25/><G75/><T84/><D34/><U107/><E42/><V126/><F14/><W131/><G123/><T120/><D120/><U10/><E10/><V4/><F4/><W67/><G67/><T16/><D68/><U66/><E80/><V65/><F65/><W51/><G1/><T99/><D99/><U88/><E128/><N who="2" m="49259" /><F58/><W86/><G131/><T2/><D2/><U35/><E35/><V33/><F33/><W39/><G39/><T92/><D61/><U41/><E41/><V124/><F55/><W57/><G125/><N who="2" m="48233" /><F116/><N who="3" m="44587" /><G57/><T85/><D30/><U64/><E117/><V37/><F37/><W29/><G51/><T83/><D22/><U23/><E23/><V31/><F31/><W121/><G121/><T122/><D122/><U82/><E60/><V76/><AGARI ba="0,0" hai="76,77,78,94,98,102,132,134" m="48233,49259" machi="76" ten="40,12000,2" yaku="30,2,19,1,18,1,34,2" doraHai="115" who="2" fromWho="2" sc="64,-30,537,-30,218,120,181,-60" /><INIT seed="4,0,0,3,0,28" ten="34,507,338,121" oya="0" hai0="85,5,25,102,80,113,112,133,11,1,103,117,100" hai1="42,107,109,34,114,119,26,101,82,55,122,83,93" hai2="76,123,21,116,46,64,99,110,90,70,30,94,126" hai3="0,67,36,27,35,115,118,111,8,135,128,72,91"/><T47/><D117/><U108/><E119/><V124/><F110/><W20/><G67/><T24/><D47/><U134/><E122/><V89/><F116/><W95/><G8/><T16/><D133/><U59/><E42/><V49/><F123/><W73/><G27/><T60/><D60/><U69/><E69/><V131/><F131/><W79/><G20/><T84/><D25/><U120/><E120/><V88/><F76/><W40/><G40/><T43/><D43/><U23/><E107/><V129/><F129/><W121/><G95/><T130/><D130/><U71/><E71/><V18/><F30/><W29/><G91/><T32/><D32/><U6/><E6/><V132/><F132/><W106/><G79/><T74/><D74/><U77/><E34/><V4/><F4/><W15/><G15/><T2/><D2/><U14/><E14/><V68/><F18/><W104/><G104/><T96/><D96/><N who="1" m="59535" /><E134/><V92/><F21/><W50/><G50/><T57/><D57/><U87/><E82/><V44/><F49/><W51/><G51/><T58/><D58/><U48/><E114/><N who="0" m="44137" /><D80/><U10/><E109/><V127/><F64/><W66/><G29/><T19/><D24/><U61/><E108/><V56/><F56/><W97/><G66/><T17/><AGARI ba="0,0" hai="1,5,11,16,17,19,84,85,100,102,103" m="44137" machi="17" ten="40,3900,0" yaku="15,1,54,1" doraHai="28" who="0" fromWho="0" sc="34,39,507,-13,338,-13,121,-13" /><INIT seed="4,1,0,1,3,126" ten="73,494,325,108" oya="0" hai0="102,0,31,133,131,46,99,50,69,82,91,45,28" hai1="23,35,49,53,124,62,71,37,19,67,130,115,76" hai2="1,78,88,89,112,103,41,127,107,9,33,121,70" hai3="20,38,14,123,92,118,59,13,18,87,15,51,27"/><T64/><D0/><U128/><E35/><V98/><F112/><W97/><G38/><T16/><D133/><U104/><E104/><V32/><F127/><W90/><G118/><T114/><D114/><U75/><E124/><V96/><F121/><W17/><G123/><T73/><D69/><U68/><E115/><V129/><F129/><N who="1" m="49769" /><E37/><V24/><F70/><W30/><G97/><T29/><D64/><U116/><E116/><V36/><F78/><W47/><G59/><T132/><D132/><U4/><E4/><V40/><F40/><W122/><REACH who="3" step="1"/><G122/><REACH who="3" step="2"/><T21/><D131/><U26/><E71/><V57/><F96/><W125/><G125/><T52/><D46/><U94/><E68/><V48/><F57/><W43/><AGARI ba="1,1" hai="13,14,15,17,18,20,27,30,43,47,51,87,90,92" machi="43" ten="30,4000,0" yaku="1,1,0,1,8,1,53,0" doraHai="126" doraHaiUra="111" who="3" fromWho="3" sc="73,-21,494,-11,325,-11,98,53" /><INIT seed="5,0,0,4,2,37" ten="52,483,314,151" oya="1" hai0="36,1,74,133,64,60,131,61,112,16,70,54,21" hai1="114,78,100,115,35,85,19,94,96,125,59,87,46" hai2="119,49,14,110,109,107,28,66,98,90,33,123,126" hai3="39,128,67,55,3,104,105,76,26,38,20,113,53"/><U117/><E117/><V23/><F126/><W15/><G3/><T106/><D60/><U52/><E35/><V5/><F119/><W95/><G76/><T22/><D54/><U51/><E125/><V50/><F123/><W75/><G95/><T124/><D16/><U108/><E108/><V111/><F66/><W86/><G75/><T118/><D21/><U8/><E78/><V9/><F33/><W34/><G86/><T12/><D12/><N who="1" m="7559" /><E59/><V43/><F107/><W72/><G72/><T134/><D22/><U45/><E45/><V29/><F50/><W132/><G67/><T91/><D61/><U79/><E79/><V6/><F6/><W0/><G34/><T89/><D64/><U11/><E11/><V48/><F48/><W42/><G0/><T130/><D91/><U83/><E83/><V17/><F90/><W92/><G15/><T102/><D89/><U84/><E115/><V32/><F32/><W56/><G92/><T81/><D81/><U73/><E73/><V44/><REACH who="2" step="1"/><F98/><REACH who="2" step="2"/><W25/><G113/><T63/><D106/><U82/><E114/><V13/><AGARI ba="0,1" hai="5,9,13,14,17,23,28,29,43,44,49,109,110,111" machi="13" ten="30,12000,2" yaku="1,1,2,1,0,1,52,1,53,3" doraHai="37" doraHaiUra="121" who="2" fromWho="2" sc="52,-30,483,-60,304,130,151,-30" /><INIT seed="6,0,0,5,1,39" ten="22,423,434,121" oya="2" hai0="108,96,5,112,84,90,123,54,81,114,30,1,110" hai1="2,28,128,85,92,105,125,124,80,65,134,102,71" hai2="6,9,63,117,86,98,116,34,121,89,127,42,118" hai3="64,41,61,70,107,25,76,0,35,17,32,47,53"/><V68/><F127/><N who="1" m="48713" /><E2/><V38/><F121/><W3/><G17/><T14/><D1/><U19/><E28/><V133/><F133/><W15/><G15/><T97/><D30/><U103/><E134/><V75/><F75/><W113/><G76/><T23/><D23/><U79/><E128/><V20/><F34/><W21/><G21/><T126/><D126/><U56/><E71/><V52/><F20/><W26/><G26/><T109/><D14/><U95/><E19/><V46/><F98/><W66/><G66/><T77/><D5/><U48/><E105/><V135/><F135/><W67/><G67/><T111/><N who="0" m="28160" /><DORA hai="94" /><T36/><D36/><U99/><E48/><V22/><F22/><W93/><G53/><T62/><D123/><U27/><E27/><V29/><F29/><W101/><G93/><N who="1" m="35914" /><E99/><N who="0" m="37961" /><D62/><AGARI ba="0,0" hai="56,62,65,79,80,85,102,103" m="35914,48713" machi="62" ten="30,1000,0" yaku="18,1" doraHai="39,94" who="1" fromWho="0" sc="22,-10,423,10,434,0,121,0" /><INIT seed="7,0,0,0,3,55" ten="12,433,434,121" oya="3" hai0="51,120,91,94,58,109,14,54,92,8,25,74,7" hai1="124,128,97,36,30,102,126,24,76,44,122,81,15" hai2="110,106,45,52,90,89,130,88,114,40,111,3,115" hai3="107,60,116,135,132,71,43,99,101,133,70,85,10"/><W57/><G43/><T6/><D74/><U63/><E122/><V35/><F3/><W13/><G116/><T19/><D109/><N who="2" m="41482" /><F35/><W34/><G85/><T39/><D39/><U53/><E15/><V129/><F52/><N who="3" m="33831" /><G34/><T84/><D120/><U1/><E1/><V59/><F59/><W0/><G0/><T47/><D25/><U100/><E63/><V28/><F28/><W64/><G64/><T123/><D123/><U26/><E26/><V9/><F9/><W118/><G118/><T33/><D33/><N who="1" m="20679" /><E53/><V67/><F67/><W98/><G98/><T32/><D32/><U4/><E4/><AGARI ba="0,0" hai="4,10,13,70,71,99,101,107,132,133,135" m="33831" machi="4" ten="30,5800,0" yaku="20,1,52,1,54,1" doraHai="55" who="3" fromWho="1" sc="12,0,433,-58,434,0,121,58" /><INIT seed="7,1,0,0,4,9" ten="12,375,434,179" oya="3" hai0="65,15,101,50,132,93,106,121,112,64,3,14,13" hai1="11,96,126,21,116,32,114,76,80,60,54,30,40" hai2="56,127,33,100,67,92,95,45,72,35,104,43,117" hai3="23,10,111,90,69,105,109,102,17,0,42,62,20"/><W89/><G42/><T87/><D106/><U5/><E114/><V49/><F117/><W53/><G105/><T52/><D3/><U115/><E115/><V26/><F72/><W16/><G102/><T63/><D112/><U73/><E32/><V129/><F129/><W38/><G38/><T19/><D121/><U79/><E79/><V6/><F127/><W1/><G10/><T74/><D74/><U59/><E126/><V2/><F104/><W82/><G82/><T133/><D63/><U134/><E134/><V41/><F41/><W37/><G37/><T130/><D130/><U75/><E40/><V113/><F113/><W31/><G31/><T34/><D34/><U84/><E96/><V99/><F95/><W98/><G98/><T120/><D120/><U85/><E75/><V44/><F44/><W68/><G62/><T46/><D132/><U81/><E116/><V88/><F100/><W61/><G61/><T128/><D128/><U94/><E94/><V66/><F35/><W25/><G53/><T135/><D135/><U39/><E39/><V12/><F2/><W131/><G131/><T118/><D118/><U36/><E36/><V8/><F56/><W57/><G57/><T27/><D133/><U47/><E47/><V123/><F123/><W18/><G18/><T103/><D103/><U119/><E80/><V91/><F91/><W108/><G108/><T77/><D101/><U70/><E119/><V29/><AGARI ba="1,0" hai="6,8,12,26,29,33,43,45,49,66,67,88,92,99" machi="29" ten="30,4000,0" yaku="0,1,52,1,54,1" doraHai="9" who="2" fromWho="2" sc="12,-11,375,-11,434,43,179,-21" owari="1,-50,364,16,477,58,158,-24" /></mjloggm>