<mjloggm ver="2.3"><GO type="97"/><UN n0="%E3%83%84%E3%83%B3%E3%81%A7%E3%82%8C%E4%BA%BA%E7%94%9F" n1="%6D%69%73%6F%72%61%5F%5A" n2="%E3%82%A2%E3%83%8A%E3%83%AD%E3%82%B0%E9%9B%80%E5%A3%AB" n3="%E3%82%A6%E3%83%AB%E3%83%88%E3%83%A9%E7%AB%8B%E7%9B%B4" dan="14,14,13,13" rate="1894,1950,1872,1846" sx="M,M,M,M"/><TAIKYOKU oya="0"/><INIT seed="0,0,0,1,0,29" ten="250,250,250,250" oya="0" hai0="51,127,28,91,8,69,113,76,46,88,133,36,49" hai1="114,54,39,65,102,38,104,60,84,66,132,40,101" hai2="23,27,108,16,77,61,53,19,97,42,124,32,93" hai3="128,50,21,34,80,107,87,112,106,118,117,30,74" shuffle="mt19937ar,6ABA5753,4A9BAD40,BAD2536E,E8E7C914,4E784CB2,275903B5,A57D5135,DC53A6C3"/><T9/><D69/><U85/><E114/><V5/><F108/><W110/><G21/><T58/><D113/><U95/><E132/><V1/><F124/><W63/><G50/><T67/><D127/><U45/><E104/><V15/><F42/><W73/><G63/><T37/><D76/><U78/><E78/><V41/><F41/><W131/><G30/><T122/><D122/><U111/><E111/><V71/><F77/><W100/><G34/><T59/><D133/><U125/><E125/><V14/><F1/><W90/><G112/><T17/><D28/><U3/><E3/><V70/><F32/><W35/><G35/><T68/><D68/><U105/><E105/><N who="3" m="39946" /><G100/><N who="1" m="38506" /><E39/><V26/><F5/><W22/><G22/><T12/><D12/><U18/><E18/><V86/><F86/><N who="1" m="33385" /><E95/><V25/><F53/><W98/><G98/><T103/><D103/><U47/><E38/><V92/><F61/><W89/><G89/><T6/><D17/><U109/><E109/><V79/><F79/><W123/><G110/><T44/><D6/><U130/><E130/><N who="3" m="49706" /><G123/><T43/><REACH who="0" step="1"/><D43/><REACH who="0" step="2"/><U75/><E40/><V121/><F121/><W129/><G129/><T11/><D11/><U94/><E75/><AGARI ba="0,1" hai="73,74,75,80,87,90,117,118" m="49706,39946" machi="75" ten="40,5200,0" yaku="19,1,34,2" doraHai="29" who="3" fromWho="1" sc="240,0,250,-52,250,0,250,62" /><INIT seed="1,0,0,1,4,41" ten="240,198,250,312" oya="1" hai0="100,47,49,44,128,89,63,34,74,45,48,32,91" hai1="46,129,97,36,92,111,69,52,65,113,123,29,70" hai2="116,4,122,31,131,79,3,75,94,105,119,19,0" hai3="117,28,102,64,124,16,15,35,108,104,98,20,43" shuffle="mt19937ar,9E1B8A81,A9D7291E,36A2990A,6E6DEBC7,1C6AFD78,C52FD195,89ABCDD1,7658AE1F"/><U109/><E123/><V50/><F105/><W39/><G124/><T66/><D74/><U121/><E113/><V77/><F31/><W120/><G120/><T13/><D100/><N who="1" m="60455" /><E129/><V38/><F38/><W57/><G108/><N who="1" m="41546" /><E29/><V86/><F131/><W87/><G117/><T103/><D103/><U33/><E33/><N who="0" m="12905" /><D128/><U40/><E121/><V12/><F122/><W101/><G101/><T115/><D13/><U95/><E95/><V90/><F119/><W84/><G35/><T135/><D115/><U106/><E106/><V76/><F75/><W27/><G28/><T24/><D24/><U114/><E114/><V37/><F37/><W93/><G27/><T2/><D2/><U80/><E80/><V85/><F116/><W67/><G104/><T8/><D8/><U1/><E1/><V62/><F0/><W83/><G83/><T81/><D135/><U82/><E82/><V17/><F3/><W134/><G134/><T132/><D132/><U21/><E65/><V14/><F14/><W25/><G67/><T6/><D81/><U30/><E52/><V18/><F77/><W133/><G133/><T53/><D53/><U56/><E56/><V96/><F79/><W5/><G57/><N who="0" m="37231" /><D6/><U55/><E55/><V78/><F76/><W71/><G64/><T110/><D110/><U7/><E7/><V11/><F78/><W68/><G5/><T23/><D23/><U88/><E88/><V58/><F90/><W42/><G93/><T22/><D22/><U54/><E54/><V130/><F94/><W118/><G20/><T59/><D59/><U26/><AGARI ba="0,0" hai="21,26,30,36,40,46,69,70" m="41546,60455" machi="26" ten="30,11700,0" yaku="5,1,14,1,10,1,52,1" doraHai="41" who="1" fromWho="1" sc="240,-39,198,117,250,-39,312,-39" /><INIT seed="1,1,0,5,4,104" ten="201,315,211,273" oya="1" hai0="47,9,56,27,55,75,130,48,99,88,49,51,30" hai1="39,80,41,13,78,119,125,79,61,103,20,31,84" hai2="91,66,89,73,37,60,54,0,5,133,19,62,77" hai3="46,101,122,81,105,17,114,118,109,86,58,124,129" shuffle="mt19937ar,7927E415,448695A9,58C7986C,346FF78B,477BBCBA,C36F860D,56C2DD91,B06FB810"/><U36/><E119/><V22/><F37/><W128/><G46/><T107/><D130/><U112/><E112/><V116/><F116/><W92/><G58/><T117/><D117/><U12/><E125/><V132/><F0/><W34/><G17/><T63/><D9/><U67/><E103/><V94/><F5/><W7/><G34/><T33/><D75/><U100/><E100/><V127/><F127/><W6/><G6/><T131/><D131/><N who="3" m="50249" /><G7/><T23/><D107/><U96/><E96/><V113/><F113/><W70/><G70/><T65/><D33/><U52/><E39/><V74/><F77/><N who="1" m="29193" /><E36/><V93/><F54/><W110/><G124/><T123/><D123/><U3/><E3/><V102/><F102/><W121/><G114/><T64/><REACH who="0" step="1"/><D65/><REACH who="0" step="2"/><U135/><E67/><V35/><F66/><W42/><G105/><T21/><D21/><U87/><E135/><N who="2" m="51787" /><F35/><W71/><G118/><T24/><D24/><N who="1" m="16775" /><E41/><V28/><F22/><W83/><G42/><T29/><D29/><U68/><E68/><V10/><F28/><W111/><G71/><T4/><D4/><U14/><E80/><V38/><F10/><W43/><G43/><T32/><D32/><U45/><E45/><V59/><F19/><W2/><G2/><T108/><D108/><U57/><AGARI ba="1,1" hai="12,13,14,52,57,61,84,87" m="16775,29193" machi="57" ten="30,3000,0" yaku="8,1,54,1" doraHai="104" who="1" fromWho="1" sc="191,-11,315,43,211,-11,273,-11" /><INIT seed="1,2,0,3,4,37" ten="180,358,200,262" oya="1" hai0="17,107,69,74,102,119,27,18,60,47,14,22,72" hai1="32,61,10,112,126,99,34,134,35,29,76,77,71" hai2="3,120,105,98,15,57,114,9,48,44,33,89,20" hai3="65,45,49,53,124,101,94,12,73,132,11,84,111" shuffle="mt19937ar,7638F7D8,D79F9878,6EC86B81,7F102D8F,F9C6DA76,ECBD98B9,19DD1A0B,9C12F8DB"/><U97/><E112/><V67/><F33/><W64/><G73/><T85/><D119/><U80/><E126/><V41/><F120/><W26/><G124/><T25/><D107/><U56/><E134/><V2/><F114/><W40/><G132/><T91/><D102/><U128/><E128/><V36/><F20/><W131/><G131/><T108/><D108/><U79/><E71/><V1/><F105/><W51/><G26/><T66/><D47/><U4/><E29/><V83/><F67/><W70/><G70/><T133/><D133/><U23/><E23/><V16/><F57/><W24/><G24/><T55/><D55/><U78/><N who="1" m="19968" /><DORA hai="68" /><U104/><E80/><V39/><REACH who="2" step="1"/><F83/><REACH who="2" step="2"/><W117/><G117/><T7/><D27/><U50/><E104/><V31/><F31/><W106/><G106/><T38/><D69/><U129/><E129/><V100/><F100/><W30/><G30/><T110/><D25/><U95/><E10/><V96/><F96/><N who="1" m="36937" /><E35/><V81/><F81/><W113/><G113/><T5/><D22/><U28/><E34/><V13/><F13/><W103/><G101/><T127/><D14/><U116/><E32/><V58/><F58/><N who="3" m="33071" /><G103/><T109/><D127/><U121/><E116/><V118/><F118/><W52/><G65/><T42/><D110/><U75/><E121/><V92/><AGARI ba="2,1" hai="1,2,3,9,15,16,36,39,41,44,48,89,92,98" machi="92" ten="40,12000,2" yaku="1,1,0,1,52,3,54,1,53,0" doraHai="37,68" doraHaiUra="19,59" who="2" fromWho="2" sc="180,-32,358,-62,190,136,262,-32" /><INIT seed="2,0,0,1,1,69" ten="148,296,326,230" oya="2" hai0="42,105,109,68,0,122,11,1,18,57,124,83,89" hai1="27,80,56,43,20,95,65,117,78,13,114,75,116" hai2="98,51,34,130,35,103,111,3,8,22,45,128,5" hai3="6,60,102,39,88,72,46,76,94,108,67,113,118" shuffle="mt19937ar,86104046,CE3F44FF,A201B35E,C2FF2866,3BC57413,4F2E31B3,7DAEBE6E,F84D5DF5"/><V61/><F22/><W127/><G118/><T85/><D122/><U133/><E133/><V131/><F61/><W49/><G113/><T44/><D105/><U71/><E71/><V4/><F4/><W92/><G6/><T23/><D124/><U70/><E70/><V84/><F84/><W82/><G127/><T112/><D112/><U26/><E43/><V101/><F111/><W21/><G108/><T59/><D68/><U7/><E114/><V37/><F37/><W55/><G67/><T9/><D109/><U100/><E117/><V62/><F62/><W12/><G60/><T129/><D129/><U64/><E116/><V33/><F98/><W40/><G102/><T10/><D1/><U77/><E75/><V135/><REACH who="2" step="1"/><F135/><REACH who="2" step="2"/><W104/><G104/><T54/><D0/><U48/><E7/><V96/><F96/><W125/><G125/><T126/><D126/><U91/><E100/><V99/><F99/><W36/><G94/><T28/><D28/><N who="1" m="17479" /><E80/><V134/><F134/><W19/><REACH who="3" step="1"/><G55/><AGARI ba="0,1" hai="3,5,8,33,34,35,45,51,55,101,103,128,130,131" machi="55" ten="50,4800,0" yaku="1,1,19,1,53,0" doraHai="69" doraHaiUra="14" who="2" fromWho="3" sc="148,0,296,0,316,58,230,-48" /><INIT seed="2,1,0,3,3,77" ten="148,296,374,182" oya="2" hai0="123,112,90,19,48,35,42,74,22,45,60,73,56" hai1="54,115,119,40,41,50,23,133,63,89,65,32,5" hai2="83,9,125,30,101,127,1,126,38,107,29,114,78" hai3="46,66,13,75,17,18,94,116,27,10,26,131,28" shuffle="mt19937ar,61400D1D,4A641C22,69FB694A,C75E82AA,A6BE89A5,881257F6,D9F48CFD,200DB278"/><V113/><F38/><W102/><G75/><T44/><D123/><U97/><E115/><N who="2" m="44043" /><F9/><W105/><G105/><T39/><D112/><U68/><E119/><V87/><F1/><W64/><G116/><T11/><D35/><U100/><E133/><V16/><F16/><W79/><G131/><T15/><D90/><U120/><E32/><V93/><F29/><W88/><G102/><T117/><D117/><U86/><E120/><V21/><F21/><W76/><G18/><T61/><D61/><U84/><E23/><V132/><F30/><W111/><G111/><T52/><REACH who="0" step="1"/><D11/><REACH who="0" step="2"/><U34/><E34/><V124/><F132/><W85/><G46/><T2/><D2/><U82/><E5/><V59/><F127/><W98/><G28/><T81/><D81/><U6/><E86/><V135/><F135/><W69/><G98/><T3/><D3/><U130/><E6/><V37/><F126/><W7/><G7/><T67/><AGARI ba="1,1" hai="15,19,22,39,42,44,45,48,52,56,60,67,73,74" machi="67" ten="20,5200,0" yaku="1,1,0,1,7,1,54,1,53,0" doraHai="77" doraHaiUra="31" who="0" fromWho="0" sc="138,65,296,-14,374,-27,182,-14" /><INIT seed="3,0,0,2,2,53" ten="203,282,347,168" oya="3" hai0="21,107,98,122,48,44,29,28,74,91,42,1,39" hai1="25,17,18,72,40,80,89,60,81,46,77,131,123" hai2="71,108,115,11,109,92,70,104,97,58,47,16,35" hai3="15,69,120,51,79,135,113,41,114,62,134,13,85" shuffle="mt19937ar,36C65A58,6C8E6051,83F382A1,F9D764AC,E84EA18D,935405AC,88ADBE90,A5F53C5D"/><W30/><G30/><T118/><D122/><U96/><E131/><V55/><F35/><W103/><G103/><T102/><D74/><U32/><E123/><V82/><F47/><N who="3" m="26095" /><G120/><T22/><D118/><U63/><E32/><V65/><F104/><W67/><G15/><T125/><D1/><U52/><E81/><V130/><F82/><N who="3" m="47327" /><G13/><T133/><D133/><AGARI ba="0,0" hai="62,67,69,113,114,133,134,135" m="47327,26095" machi="133" ten="30,1500,0" yaku="20,1" doraHai="53" who="3" fromWho="0" sc="203,-15,282,0,347,0,168,15" /><INIT seed="3,1,0,4,1,16" ten="188,282,347,183" oya="3" hai0="68,8,129,69,105,54,77,133,43,20,38,119,21" hai1="131,91,113,7,78,61,84,86,3,28,26,122,83" hai2="17,72,121,106,65,96,70,50,44,24,5,63,102" hai3="10,41,27,81,55,45,126,118,134,79,19,59,80" shuffle="mt19937ar,23F1FEE4,2ECBB0FD,A307C129,7C18EEFB,91F62117,61D65A0C,1A068F8F,14478ABA"/><W85/><G118/><T103/><D119/><U31/><E122/><V101/><F72/><W73/><G126/><T6/><D77/><U34/><E113/><V123/><F5/><W42/><G134/><T125/><D133/><U116/><E131/><V74/><F74/><W100/><G100/><T25/><D129/><U99/><E116/><V47/><F102/><W66/><G66/><T115/><D115/><U111/><E111/><V107/><F107/><W56/><G56/><T15/><D125/><U2/><E31/><V114/><F114/><W32/><G42/><T90/><D54/><U58/><E7/><V98/><F50/><W71/><G71/><T30/><D90/><U135/><E135/><V35/><F98/><W62/><G80/><T76/><D76/><U11/><E11/><V46/><F17/><W12/><G73/><T40/><D103/><U89/><E99/><V60/><F60/><W87/><G87/><T49/><D105/><U128/><E128/><V51/><F51/><N who="3" m="27055" /><G32/><T64/><D38/><U132/><E132/><V95/><F95/><W109/><G109/><T130/><D130/><U97/><E97/><V33/><F33/><W93/><G93/><T14/><D64/><U1/><REACH who="1" step="1"/><E84/><REACH who="1" step="2"/><V94/><F123/><W88/><G79/><T23/><D43/><U67/><AGARI ba="1,1" hai="1,2,3,26,28,34,58,61,67,78,83,86,89,91" machi="67" ten="30,4000,0" yaku="1,1,2,1,0,1,53,0" doraHai="16" doraHaiUra="110" who="1" fromWho="1" sc="188,-11,272,53,347,-11,183,-21" owari="177,-17,325,8,336,33,162,-24" /></mjloggm>