<mjloggm ver="2.3"><GO type="97"/><UN n0="%E3%81%A0%E3%81%84%E3%81%8D%EF%BC%A0%E3%82%86%E3%81%8D%E3%81%AE" n1="%6D%69%79%61%36" n2="%E3%82%A6%E3%83%AB%E3%83%88%E3%83%A9%E7%AB%8B%E7%9B%B4" n3="%67%69%6E%6B%67%6F" dan="14,15,13,15" rate="1900,2041,1823,1934" sx="M,M,M,M"/><TAIKYOKU oya="0"/><INIT seed="0,0,0,5,2,43" ten="250,250,250,250" oya="0" hai0="25,50,86,42,112,11,133,131,83,26,46,30,58" hai1="3,68,54,134,111,52,119,29,114,15,4,102,79" hai2="67,98,22,49,31,62,60,69,18,97,17,76,27" hai3="36,13,124,37,0,90,130,23,126,12,9,6,123"/><T14/><D112/><U101/><E68/><V96/><F76/><W89/><G123/><T7/><D133/><U34/><E3/><V105/><F105/><W135/><G23/><T106/><D106/><U57/><E119/><V73/><F73/><W66/><G66/><T121/><D131/><U64/><E64/><V78/><F78/><W127/><G130/><T120/><D58/><U61/><E114/><V2/><F2/><W70/><G70/><T20/><D26/><U59/><E134/><V99/><N who="2" m="25088" /><DORA hai="24" /><V88/><F62/><W45/><G135/><T108/><D108/><U65/><E79/><AGARI ba="0,0" hai="7,11,14,20,25,30,42,46,50,79,83,86,120,121" machi="79" ten="30,12000,1" yaku="7,1,25,2,52,2" doraHai="43,24" who="0" fromWho="1" sc="250,120,250,-120,250,0,250,0" /><INIT seed="0,1,0,3,0,9" ten="370,130,250,250" oya="0" hai0="101,80,120,88,57,86,32,92,116,40,115,74,79" hai1="41,56,67,122,126,134,42,1,58,69,45,81,49" hai2="84,113,96,70,43,50,133,17,112,61,73,8,111" hai3="33,66,64,90,91,19,123,7,107,29,100,89,109"/><T18/><D115/><U6/><E122/><V104/><F73/><W46/><G123/><T14/><D32/><U22/><E126/><V12/><F133/><W28/><G7/><T72/><D116/><U38/><E134/><V11/><F111/><W75/><G109/><T98/><D120/><U15/><E1/><V125/><F125/><W131/><G75/><T130/><D40/><U132/><E132/><V65/><F104/><W102/><G131/><T127/><D127/><U53/><E81/><V117/><F96/><W82/><G82/><T68/><D68/><U54/><E22/><V60/><F60/><W26/><G46/><T97/><D130/><U114/><E114/><V27/><F117/><W118/><G107/><T95/><D57/><N who="1" m="32943" /><E15/><V105/><F105/><W85/><G85/><T94/><D94/><U71/><E6/><V16/><F84/><W59/><G118/><T108/><D108/><U5/><E5/><V103/><F103/><N who="3" m="39467" /><G33/><T55/><D55/><U128/><E41/><V76/><F76/><W135/><G135/><T47/><D47/><U4/><E4/><V93/><F43/><W87/><G87/><T44/><D44/><U21/><E21/><AGARI ba="1,0" hai="14,18,21,72,74,79,80,86,88,92,95,97,98,101" machi="21" ten="30,5800,0" yaku="7,1,52,1,54,1" doraHai="9" who="0" fromWho="1" sc="370,61,130,-61,250,0,250,0" /><INIT seed="0,2,0,1,2,74" ten="431,69,250,250" oya="0" hai0="94,45,10,100,130,105,107,82,40,114,32,2,29" hai1="16,44,128,46,99,12,118,27,109,87,33,61,98" hai2="115,122,101,75,77,17,79,43,42,108,9,91,134" hai3="125,68,90,62,0,60,3,97,85,19,63,56,49"/><T25/><D114/><U21/><E118/><V116/><F75/><W20/><G125/><T112/><D130/><U135/><E128/><V22/><F115/><W76/><G68/><T8/><D112/><U11/><E33/><V26/><F122/><W71/><G71/><T89/><D10/><U30/><E135/><V129/><F134/><W23/><G97/><N who="1" m="36874" /><E109/><V57/><F101/><W95/><G0/><T124/><D124/><U120/><E120/><V78/><F108/><W5/><G3/><T69/><D69/><U59/><E87/><V53/><F129/><W24/><G5/><T123/><D123/><U117/><E117/><V119/><F119/><W52/><G23/><T28/><D28/><U14/><E14/><N who="2" m="7375" /><F91/><W65/><G65/><AGARI ba="2,0" hai="11,12,16,21,27,30,44,46,59,61,65" m="36874" machi="65" ten="30,2000,0" yaku="8,1,54,1" doraHai="74" who="1" fromWho="3" sc="431,0,69,26,250,0,250,-26" /><INIT seed="1,0,0,2,2,105" ten="431,95,250,224" oya="1" hai0="42,32,70,135,97,28,30,106,10,94,77,47,108" hai1="2,79,75,111,81,74,116,18,14,126,134,98,24" hai2="4,122,41,8,92,45,17,49,86,9,1,61,130" hai3="102,26,117,15,127,52,103,29,3,101,60,19,132"/><U63/><E2/><V115/><F122/><W55/><G3/><T48/><D70/><U56/><E116/><V44/><F130/><W21/><G117/><T40/><D108/><U20/><E111/><V120/><F120/><W104/><G104/><T87/><D106/><U23/><E98/><V123/><F123/><W114/><G114/><T131/><D135/><U95/><E95/><V33/><F33/><W31/><G132/><T83/><D131/><U27/><E126/><V59/><F45/><W36/><G36/><T121/><D32/><U109/><E109/><V6/><F17/><W5/><G127/><T34/><D34/><U78/><E23/><V76/><F115/><W67/><G5/><N who="2" m="2153" /><F1/><W93/><G31/><N who="0" m="11819" /><D10/><U58/><E58/><V90/><F76/><W100/><N who="3" m="26112" /><DORA hai="107" /><W37/><G93/><T88/><D121/><U62/><E134/><V71/><F71/><W0/><G37/><T64/><D64/><AGARI ba="0,0" hai="8,9,41,44,49,59,61,64,86,90,92" m="2153" machi="64" ten="30,1000,0" yaku="8,1" doraHai="105,107" who="2" fromWho="0" sc="431,-10,95,0,250,10,224,0" /><INIT seed="2,0,0,0,2,30" ten="421,95,260,224" oya="2" hai0="115,40,32,87,60,29,117,101,118,7,67,99,130" hai1="128,80,4,106,119,91,20,43,124,116,44,69,42" hai2="98,104,1,81,54,86,100,77,114,33,8,52,45" hai3="17,31,78,35,25,110,88,71,134,126,113,24,92"/><V133/><F33/><W0/><G71/><T28/><D115/><U108/><E69/><V75/><F114/><W16/><G113/><T129/><D7/><U51/><E106/><V9/><F133/><W14/><G78/><T15/><D40/><U2/><E124/><V123/><F123/><W56/><G56/><T125/><D15/><U34/><E128/><N who="0" m="49257" /><D87/><U46/><E108/><V111/><F111/><W65/><G110/><T23/><D23/><U19/><E34/><V61/><F61/><W57/><G0/><T22/><D22/><U37/><E4/><V131/><F131/><W76/><G76/><T135/><D135/><U109/><E2/><V21/><F21/><W74/><G74/><T12/><D12/><U127/><E127/><V95/><F45/><W50/><G126/><T11/><D11/><U121/><E121/><V122/><F122/><W58/><G134/><T79/><D79/><U90/><E109/><V63/><F63/><W97/><G24/><N who="0" m="18439" /><D29/><U39/><E51/><V89/><F9/><W13/><G13/><T26/><D26/><U112/><E112/><V41/><F41/><W82/><G82/><T107/><D125/><U53/><E53/><V120/><F120/><W83/><G83/><T102/><D102/><U48/><E48/><V18/><F18/><W66/><G50/><T47/><D47/><U62/><E62/><V27/><F27/><W84/><G84/><T3/><D3/><U10/><E10/><V105/><F105/><W70/><G14/><T49/><D49/><U68/><E80/><V36/><F36/><W59/><G70/><AGARI ba="0,0" hai="60,67,70,99,101,107,117,118" m="18439,49257" machi="70" ten="30,8000,1" yaku="6,1,25,1,19,1,23,1,52,1" doraHai="30" who="0" fromWho="3" sc="421,80,95,0,260,0,224,-80" /><INIT seed="3,0,0,3,4,127" ten="501,95,260,144" oya="3" hai0="73,115,39,76,19,64,62,74,121,17,37,43,134" hai1="63,27,90,50,113,32,47,116,93,135,78,34,80" hai2="25,82,18,22,105,51,54,35,122,10,126,99,53" hai3="79,11,112,91,106,111,101,97,87,42,88,89,12"/><W67/><G112/><T21/><D115/><U20/><E113/><V128/><F35/><W124/><G124/><T70/><D121/><U120/><E120/><V52/><F126/><W75/><G67/><T109/><D109/><U132/><E116/><V69/><F69/><W49/><G111/><T110/><D110/><U131/><E63/><V30/><F105/><W15/><G75/><T58/><D134/><U133/><E80/><V44/><F128/><W102/><G102/><T2/><D2/><U59/><E59/><V96/><F122/><W40/><G15/><T56/><D76/><U1/><E78/><V28/><F82/><W8/><G8/><T86/><D86/><U55/><E1/><V14/><F30/><W119/><G119/><T13/><D19/><U66/><E66/><V46/><F46/><W23/><G23/><T95/><D95/><U60/><E60/><V118/><F118/><W0/><G0/><T3/><D3/><U4/><E4/><V81/><F81/><W125/><G125/><T24/><D24/><U129/><E34/><V77/><F77/><W117/><G117/><T123/><D123/><U114/><E32/><V38/><F38/><W68/><G68/><T26/><D26/><U83/><E83/><V92/><F99/><W107/><G107/><T108/><D108/><U130/><E114/><V72/><F72/><W94/><G79/><T98/><D74/><U45/><E45/><V5/><F5/><N who="3" m="3183" /><G40/><T85/><D43/><U33/><E33/><V65/><F65/><W6/><G6/><T9/><D73/><U29/><E133/><RYUUKYOKU ba="0,0" sc="501,-30,95,10,260,10,144,10" hai1="20,27,29,47,50,55,90,93,129,130,131,132,135" hai2="10,14,18,22,25,28,44,51,52,53,54,92,96" hai3="42,49,87,88,89,91,94,97,101,106" /><INIT seed="3,1,0,1,4,35" ten="471,105,270,154" oya="3" hai0="34,118,1,134,111,106,110,83,105,62,31,68,32" hai1="103,66,3,63,12,82,46,45,124,47,44,0,9" hai2="129,70,19,65,76,50,57,38,90,69,52,72,114" hai3="132,93,81,60,41,125,126,100,49,80,86,130,91"/><W54/><G132/><T11/><D118/><U115/><N who="1" m="11776" /><DORA hai="40" /><U133/><E115/><V121/><F38/><W92/><G41/><T23/><D134/><U78/><E103/><V74/><F76/><W13/><G130/><T71/><D83/><U108/><E124/><N who="3" m="47722" /><G60/><T51/><D51/><U33/><E33/><N who="0" m="12905" /><D62/><U95/><E95/><V7/><F65/><W56/><G13/><T96/><D23/><U116/><E108/><N who="0" m="41513" /><D31/><U30/><E30/><V28/><F28/><W123/><G123/><T37/><D96/><AGARI ba="1,0" hai="49,54,56,80,81,86,91,92,93,96,100" m="47722" machi="96" ten="30,1500,0" yaku="18,1" doraHai="35,40" who="3" fromWho="0" sc="471,-18,105,0,270,0,154,18" /><INIT seed="3,2,0,0,4,58" ten="453,105,270,172" oya="3" hai0="12,63,121,45,97,31,21,2,110,75,126,131,11" hai1="50,83,0,81,98,68,46,57,42,27,134,47,94" hai2="18,37,106,69,125,79,115,103,38,60,9,44,5" hai3="35,10,107,122,7,59,28,95,40,73,72,48,41"/><W64/><G122/><T130/><D121/><U26/><E68/><V114/><F18/><W61/><G107/><T124/><D75/><U100/><E0/><V36/><F125/><N who="0" m="48234" /><D45/><U24/><E134/><V52/><F79/><W51/><G28/><T108/><D97/><U19/><E47/><V133/><F9/><W54/><G35/><T67/><D2/><U70/><E70/><V92/><F5/><W87/><G73/><T127/><D127/><U104/><E104/><V128/><F92/><W80/><G72/><T112/><D112/><U85/><E85/><V17/><F17/><W118/><G118/><T29/><D67/><U22/><REACH who="1" step="1"/><E57/><REACH who="1" step="2"/><V49/><F106/><W20/><G20/><T66/><D21/><U53/><E53/><N who="2" m="29863" /><F103/><W74/><G74/><T8/><D31/><U33/><E33/><V90/><F90/><W71/><G95/><T116/><D29/><U13/><AGARI ba="2,1" hai="13,19,22,24,26,27,42,46,50,81,83,94,98,100" machi="13" ten="30,7900,0" yaku="1,1,0,1,8,1,53,1" doraHai="58" doraHaiUra="15" who="1" fromWho="1" sc="453,-22,95,95,270,-22,172,-41" owari="431,43,190,-16,248,0,131,-27" /></mjloggm>