<mjloggm ver="2.3"><GO type="41"/><UN n0="%E3%82%A6%E3%83%AB%E3%83%88%E3%83%A9%E7%AB%8B%E7%9B%B4" n1="%E3%81%8F%E3%81%81%E3%81%8A%E3%82%8B" n2="%E3%81%86%E3%81%95%E3%81%8E%E4%BE%8D" n3="%E5%B9%BB%E3%81%AB%E8%B3%AD%E3%81%91%E3%82%8D" dan="13,13,14,15" rate="1868,1813,1923,1925" sx="M,M,M,F"/><TAIKYOKU oya="0"/><INIT seed="0,0,0,1,3,30" ten="250,250,250,250" oya="0" hai0="105,109,18,123,25,95,135,91,107,83,34,78,43" hai1="94,127,90,46,36,1,61,12,26,56,74,69,75" hai2="13,106,98,59,101,129,80,79,31,92,104,116,68" hai3="102,113,76,70,20,52,62,132,82,97,93,6,121" shuffle="mt19937ar,3905DD81,597D92D7,610E0DB0,63EC4609,CDD9B93D,FA0354E7,E00F570C,E6D269A3"/><T44/><D123/><U40/><E1/><V72/><F68/><W87/><G113/><T77/><D135/><U67/><E127/><V22/><F116/><W89/><G132/><T126/><D126/><U38/><E38/><V60/><F13/><W37/><G37/><T111/><D105/><U66/><E12/><V10/><F10/><W117/><G117/><T130/><D107/><U73/><E67/><V15/><F129/><W48/><G6/><T24/><D130/><U19/><E19/><V35/><F35/><W71/><G20/><T86/><D18/><U65/><E66/><V5/><F5/><W55/><G121/><T120/><D120/><U112/><E26/><V84/><F84/><W57/><REACH who="3" step="1"/><G102/><REACH who="3" step="2"/><T88/><D24/><U23/><E23/><V81/><F101/><W9/><G9/><T16/><D25/><U133/><E112/><V63/><F22/><W39/><G39/><N who="0" m="21631" /><D16/><U17/><E17/><V50/><F31/><W32/><G32/><T128/><D34/><U14/><E133/><V0/><F0/><W27/><G27/><T7/><D7/><U114/><E14/><V125/><F15/><W122/><G122/><T64/><D128/><U8/><E8/><V21/><F125/><W100/><G100/><T53/><D109/><U119/><E114/><V45/><F21/><W29/><G29/><T54/><D111/><U99/><E119/><V134/><F134/><W51/><G51/><T11/><D11/><U2/><E2/><V28/><F50/><W42/><G42/><T58/><D78/><U110/><E110/><V124/><F124/><RYUUKYOKU ba="0,1" sc="250,-15,250,15,250,-15,240,15" hai1="36,40,46,56,61,65,69,73,74,75,90,94,99" hai3="48,52,55,57,62,70,71,76,82,87,89,93,97" /><INIT seed="1,1,1,5,2,56" ten="235,265,235,255" oya="1" hai0="42,123,30,69,68,92,129,118,28,46,16,64,8" hai1="6,103,86,85,15,59,43,115,47,82,33,23,95" hai2="74,120,4,121,3,19,111,45,61,73,97,29,119" hai3="52,78,67,48,79,126,31,2,41,131,14,87,80" shuffle="mt19937ar,2EC56764,2A4D3AD1,674436A9,46342BB7,07074FA9,0D26A8A8,7DD5BD22,3C823E67"/><U132/><E33/><V77/><F119/><W99/><G2/><T37/><D118/><U91/><E115/><V127/><F29/><W124/><G131/><T26/><D129/><U133/><E103/><V88/><F45/><W11/><G41/><T102/><D123/><U106/><E106/><V128/><F128/><W112/><G112/><T116/><D116/><U65/><E23/><V125/><F19/><N who="3" m="8671" /><G31/><T72/><D72/><U109/><E109/><V22/><F22/><W90/><G67/><T36/><D36/><U135/><E15/><V13/><F3/><W71/><G71/><T35/><D30/><U100/><E100/><V96/><F111/><W130/><G99/><T117/><D117/><U34/><E34/><V75/><F77/><W12/><G12/><T21/><D8/><U105/><E105/><V54/><F13/><W113/><G113/><T27/><REACH who="0" step="1"/><D64/><REACH who="0" step="2"/><U63/><E6/><V50/><F4/><W122/><G122/><T17/><D17/><U84/><REACH who="1" step="1"/><E82/><REACH who="1" step="2"/><V93/><F121/><W76/><G130/><T62/><D62/><U104/><E104/><V9/><F120/><W49/><G126/><N who="2" m="48137" /><F9/><W25/><G124/><T55/><D55/><U32/><E32/><V20/><F61/><W58/><G25/><T81/><D81/><U101/><E101/><V57/><F20/><W83/><G80/><T51/><D51/><AGARI ba="1,3" hai="43,47,51,59,63,65,84,85,86,91,95,132,133,135" machi="51" ten="40,7700,0" yaku="1,1,20,1,52,1,53,0" doraHai="56" doraHaiUra="110" who="1" fromWho="0" sc="225,-80,255,110,235,0,255,0" /><AGARI ba="1,0" hai="48,49,51,52,58,76,78,79,83,87,90" m="8671" machi="51" ten="30,2000,0" yaku="8,1,54,1" doraHai="56" who="3" fromWho="0" sc="145,-20,365,0,235,0,255,20" /><INIT seed="1,2,0,0,0,97" ten="125,365,235,275" oya="1" hai0="34,53,122,48,134,95,81,109,21,68,93,29,1" hai1="0,76,6,54,90,24,17,120,87,62,11,55,117" hai2="75,132,13,124,50,45,57,73,35,44,49,86,20" hai3="9,59,19,46,121,65,98,123,116,41,100,130,28" shuffle="mt19937ar,D19D45BA,4BC0D4D5,AA27BE5B,0B7E74A2,B51C3D1A,30CC222A,34D62FF0,F9FCDAAF"/><U18/><E117/><V129/><F35/><W101/><G116/><T114/><D34/><U16/><E76/><V118/><F118/><W60/><G130/><T82/><D1/><U61/><E120/><V96/><F129/><W107/><G28/><T127/><D68/><U104/><E104/><V30/><F57/><W15/><REACH who="3" step="1"/><G101/><REACH who="3" step="2"/><T69/><D122/><U63/><REACH who="1" step="1"/><E24/><REACH who="1" step="2"/><V99/><F73/><W79/><G79/><T31/><D114/><U70/><E70/><V88/><F75/><W106/><G106/><T14/><D69/><U78/><E78/><V108/><F108/><W12/><G12/><T77/><D109/><U111/><E111/><V3/><F13/><W36/><AGARI ba="2,2" hai="9,15,19,36,41,46,59,60,65,98,100,107,121,123" machi="36" ten="20,5200,0" yaku="1,1,0,1,7,1,52,1,53,0" doraHai="97" doraHaiUra="26" who="3" fromWho="3" sc="125,-15,355,-28,235,-15,265,78" /><INIT seed="2,0,0,4,0,95" ten="110,327,220,343" oya="2" hai0="102,1,123,86,126,64,56,31,15,116,19,97,81" hai1="104,4,83,41,127,112,17,111,119,6,106,50,125" hai2="49,66,93,87,105,53,60,109,69,115,130,78,76" hai3="122,120,18,24,71,132,13,129,2,70,26,108,12" shuffle="mt19937ar,67062FC4,416834F4,5977AE41,35969ACE,DAE3FCDA,96C19DC3,BD52820E,6DAA74ED"/><V43/><F105/><W101/><G101/><T3/><D123/><U40/><E83/><V25/><F115/><W58/><G58/><T8/><D116/><U9/><E9/><V7/><F7/><W44/><G44/><T91/><D126/><U23/><E23/><V107/><F107/><W135/><G2/><T62/><REACH who="0" step="1"/><D31/><REACH who="0" step="2"/><U110/><E119/><V114/><F114/><W99/><G122/><T61/><D61/><U59/><E112/><V52/><F130/><W55/><G120/><T34/><D34/><U32/><E32/><V51/><F109/><W85/><G108/><T89/><D89/><U22/><E125/><V63/><F25/><W35/><G129/><T84/><D84/><U90/><E90/><V37/><F93/><AGARI ba="0,1" hai="1,3,8,15,19,56,62,64,81,86,91,93,97,102" machi="93" ten="30,3900,0" yaku="1,1,7,1,52,1,53,0" doraHai="95" doraHaiUra="118" who="0" fromWho="2" sc="100,49,327,0,220,-39,343,0" /><INIT seed="3,0,0,0,5,99" ten="149,327,181,343" oya="3" hai0="12,31,74,126,53,39,15,30,71,5,32,105,10" hai1="52,65,117,82,78,27,109,62,38,129,119,130,0" hai2="91,122,69,34,49,7,115,36,59,57,14,24,108" hai3="85,114,45,124,21,44,98,63,120,90,131,94,80" shuffle="mt19937ar,E3903284,A45E831E,389FFB82,AA3E3B5E,0436F3C6,2A3FA75D,B6C7EE0A,1FC336B0"/><W50/><G114/><T43/><D74/><U72/><E0/><V66/><F115/><W77/><G120/><T67/><D43/><U101/><E109/><V89/><F36/><W96/><G131/><N who="1" m="50186" /><E38/><V118/><F118/><N who="1" m="45065" /><E27/><V127/><F108/><W23/><G124/><T11/><D39/><U2/><E2/><V60/><F127/><W88/><G63/><T75/><D75/><U128/><N who="1" m="50194" /><U111/><DORA hai="87" /><E111/><V19/><F122/><W47/><G50/><T64/><D126/><U104/><E52/><N who="2" m="31887" /><F34/><W81/><REACH who="3" step="1"/><G98/><REACH who="3" step="2"/><T8/><D71/><N who="1" m="42423" /><E104/><V100/><F69/><W95/><G95/><T41/><D105/><U110/><E110/><V3/><F3/><W113/><G113/><T107/><D107/><U112/><E112/><V121/><F121/><W134/><G134/><T61/><D67/><U51/><E51/><V73/><F73/><AGARI ba="0,1" hai="21,23,44,45,47,73,77,80,81,85,88,90,94,96" machi="73" ten="40,12000,1" yaku="1,1,52,2,54,1,53,0" doraHai="99,87" doraHaiUra="46,26" who="3" fromWho="2" sc="149,0,327,0,181,-120,333,130" /><INIT seed="3,1,0,3,3,19" ten="149,327,61,463" oya="3" hai0="124,110,7,15,107,109,80,122,53,34,76,88,91" hai1="129,9,10,112,21,119,56,17,135,0,120,98,28" hai2="27,61,40,126,116,31,24,55,69,75,89,114,102" hai3="49,103,32,70,42,38,105,2,96,65,100,73,44" shuffle="mt19937ar,EC7C4FA5,E9045491,1268DED0,4F93A654,F73E2DBA,E34DE008,8C1C5C9A,BBA43CC7"/><W86/><G2/><T16/><D34/><U3/><E120/><V108/><F75/><W93/><G73/><T121/><D107/><U29/><E98/><V64/><F116/><W46/><G32/><T68/><D68/><U25/><E56/><V125/><F114/><W45/><G103/><T20/><D7/><U67/><E67/><V1/><F1/><N who="1" m="585" /><E112/><V11/><F11/><N who="1" m="4105" /><E119/><V128/><F40/><W95/><G105/><T131/><D53/><U90/><E90/><N who="0" m="34345" /><D124/><N who="2" m="47722" /><F102/><W51/><G93/><T97/><D97/><U92/><E92/><V5/><F5/><W14/><G86/><N who="0" m="48391" /><D131/><U37/><E37/><V50/><F108/><AGARI ba="1,0" hai="15,16,20,108,109,110,121,122" m="48391,34345" machi="108" ten="30,7700,0" yaku="14,1,52,1,54,2" doraHai="19" who="0" fromWho="2" sc="149,80,327,0,61,-80,463,0" owari="229,-17,327,13,-19,-52,463,56" /></mjloggm>