<mjloggm ver="2.3"><GO type="137"/><UN n0="%E3%82%A6%E3%83%AB%E3%83%88%E3%83%A9%E7%AB%8B%E7%9B%B4" n1="%41%6C%74" n2="%6A%75%69%63%65" n3="%E3%83%AD%E3%83%A1%E3%82%AA" dan="10,13,12,13" rate="1736,1783,1627,1800" sx="M,F,M,M"/><TAIKYOKU oya="0"/><INIT seed="0,0,0,3,0,69" ten="250,250,250,250" oya="0" hai0="56,119,71,33,23,49,15,122,63,107,66,127,135" hai1="76,41,21,72,51,36,89,29,105,75,101,132,9" hai2="34,60,8,11,98,38,70,94,61,25,130,67,73" hai3="10,80,35,58,129,120,123,31,16,96,113,97,95" shuffle="mt19937ar,ECF0F83E,C241C6AB,5D7E1FFD,C3EB9DD3,AFA024B8,95162495,42DCF2C8,B1923E69"/><T46/><D33/><U44/><E132/><V3/><F73/><W100/><G113/><T39/><D107/><U110/><E110/><V92/><F130/><W125/><G129/><T1/><D1/><U13/><E76/><V111/><F111/><W133/><G133/><T59/><D135/><U118/><E118/><V32/><F60/><W14/><G97/><T124/><D15/><U117/><E117/><V99/><F38/><W68/><G68/><T77/><D23/><U64/><E64/><V102/><F3/><W37/><G125/><N who="0" m="48203" /><D77/><U57/><E101/><V2/><F2/><W128/><G58/><N who="0" m="22059" /><D119/><U74/><E105/><V19/><F34/><W79/><G128/><T103/><D103/><U112/><E112/><V42/><F42/><W108/><G108/><T20/><D20/><U43/><E89/><V54/><F54/><W47/><G35/><T28/><D28/><U83/><E57/><V4/><F4/><W85/><G31/><T90/><D90/><U45/><E83/><V115/><F115/><W87/><G87/><T40/><D122/><N who="3" m="46633" /><G47/><T104/><D104/><U50/><E36/><AGARI ba="0,0" hai="10,14,16,36,37,79,80,85,95,96,100" m="46633" machi="36" ten="30,7700,0" yaku="13,1,52,2,54,1" doraHai="69" who="3" fromWho="1" sc="250,0,250,-77,250,0,250,77" /><AGARI ba="0,0" hai="36,39,40,46,49,63,66,71" m="22059,48203" machi="36" ten="30,12000,1" yaku="18,1,34,2,52,2" doraHai="69" who="0" fromWho="1" sc="250,120,173,-120,250,0,327,0" /><INIT seed="0,1,0,5,4,87" ten="370,53,250,327" oya="0" hai0="4,56,125,38,104,62,133,111,126,80,33,28,134" hai1="110,64,66,23,65,98,128,36,108,0,6,58,47" hai2="132,121,40,92,83,29,124,95,71,114,77,32,90" hai3="15,43,48,22,67,101,119,82,35,102,37,107,88" shuffle="mt19937ar,0D4505AA,5ABF3AD1,1D9A6F6B,8B5B5A22,6900F195,45FF2656,F0BA6025,30717F09"/><T61/><D104/><U49/><E6/><V86/><F71/><W50/><G35/><T103/><D103/><U18/><E0/><V78/><F29/><W76/><G119/><T9/><D38/><U68/><E128/><V70/><F70/><W13/><G37/><T109/><D80/><U11/><E11/><V117/><F32/><W34/><G34/><T24/><D56/><U129/><E129/><V60/><F40/><W42/><G107/><T17/><D62/><U100/><E68/><V106/><F60/><W69/><G69/><T99/><D17/><U85/><E36/><V8/><F8/><W127/><G22/><T57/><D99/><U74/><E74/><V84/><F117/><W26/><G26/><T81/><D81/><U120/><E120/><V59/><F59/><W20/><G20/><T41/><D41/><N who="3" m="15369" /><G76/><T52/><D125/><U7/><E7/><V72/><F121/><W96/><G127/><T135/><REACH who="0" step="1"/><D126/><REACH who="0" step="2"/><U12/><E58/><V5/><F124/><W46/><G82/><T31/><D31/><U94/><REACH who="1" step="1"/><E85/><REACH who="1" step="2"/><V115/><F106/><W39/><G39/><T123/><D123/><U45/><E45/><V21/><F5/><W130/><G46/><T113/><D113/><U73/><E73/><V122/><F122/><W2/><G130/><T16/><D16/><U131/><E131/><V53/><F115/><W3/><G3/><AGARI ba="1,2" hai="3,4,9,24,28,33,52,57,61,109,111,133,134,135" machi="3" ten="50,9600,0" yaku="1,1,20,1,54,1,53,0" doraHai="87" doraHaiUra="97" who="0" fromWho="3" sc="360,119,43,0,250,0,327,-99" /><INIT seed="0,2,0,0,1,122" ten="479,43,250,228" oya="0" hai0="125,74,57,106,29,93,48,34,133,58,53,89,126" hai1="23,107,45,42,127,132,81,30,65,78,59,79,123" hai2="135,51,128,130,72,114,131,21,116,82,118,83,10" hai3="41,67,61,39,69,15,80,12,9,4,18,86,5" shuffle="mt19937ar,FCDC0C10,9A0642C7,D9950D23,3BFF4B42,03D64A62,7743F6F3,2A21DB0C,EC1E11BB"/><T108/><D106/><U119/><E123/><V97/><F114/><W112/><G112/><T102/><D74/><U96/><E119/><V35/><F35/><W60/><G60/><T44/><D102/><U73/><E79/><V24/><F10/><W99/><G99/><T38/><D29/><U85/><E132/><V110/><F51/><W88/><G39/><T84/><D34/><U98/><E127/><N who="0" m="48649" /><D133/><U121/><E121/><V2/><F135/><W0/><G4/><T100/><D100/><U32/><E32/><V27/><F2/><W14/><REACH who="3" step="1"/><G41/><REACH who="3" step="2"/><T28/><D38/><U33/><E107/><V71/><F118/><W1/><G1/><T101/><D101/><U7/><E98/><V87/><F116/><W40/><G40/><T62/><D62/><U105/><E42/><V56/><F97/><W77/><G77/><T3/><D3/><U117/><E96/><V134/><F134/><W13/><G13/><T19/><D19/><AGARI ba="2,1" hai="0,5,9,12,14,15,18,19,61,67,69,80,86,88" machi="19" ten="40,2600,0" yaku="1,1,54,1,53,0" doraHai="122" doraHaiUra="115" who="3" fromWho="0" sc="479,-32,43,0,250,0,218,42" /><INIT seed="1,0,0,0,4,103" ten="447,43,250,260" oya="1" hai0="25,11,90,112,59,42,44,40,134,132,5,88,97" hai1="14,67,100,82,36,46,37,118,57,1,73,32,63" hai2="102,114,85,94,111,125,20,9,127,34,52,53,26" hai3="77,56,71,121,75,58,89,83,96,119,45,131,24" shuffle="mt19937ar,C62EDCA2,693F953F,75AC6F42,38DB3C05,D368BB1B,C9EAAFA5,73DC99A4,04B0B07A"/><U49/><E118/><V62/><F34/><W108/><G108/><T0/><D112/><U6/><E1/><V21/><F114/><W23/><G71/><T95/><D42/><U72/><E32/><V86/><F111/><W48/><G121/><T107/><D107/><U27/><E27/><V64/><F9/><W50/><G119/><T105/><D59/><U91/><E100/><V74/><F74/><W79/><G79/><T70/><D70/><U31/><E31/><V30/><F20/><W128/><G50/><T116/><D116/><U65/><E65/><V76/><F76/><W123/><G89/><T81/><D25/><U130/><E130/><V10/><F10/><W120/><G96/><T47/><D105/><U15/><E73/><V60/><F60/><W106/><G106/><T135/><D40/><U38/><E6/><V54/><F102/><W117/><G120/><T22/><D22/><U110/><E110/><V7/><F7/><W129/><G117/><T109/><D109/><U99/><E72/><V17/><F94/><W115/><G115/><T78/><D90/><U101/><E91/><V69/><REACH who="2" step="1"/><F30/><REACH who="2" step="2"/><N who="3" m="17695" /><G123/><T41/><D41/><AGARI ba="0,1" hai="41,45,48,56,58,75,77,83,128,129,131" m="17695" machi="41" ten="30,1000,0" yaku="19,1" doraHai="103" who="3" fromWho="0" sc="447,-10,43,0,240,0,260,20" /><INIT seed="2,0,0,3,2,70" ten="437,43,240,280" oya="2" hai0="23,11,86,106,12,21,22,119,82,103,92,135,100" hai1="65,47,126,66,13,5,111,95,52,94,127,83,89" hai2="73,9,96,116,28,101,7,57,64,123,132,59,1" hai3="14,122,0,71,129,39,98,61,118,33,109,49,55" shuffle="mt19937ar,D0383384,C08A0B72,223DA003,81266793,5800A620,96EC898E,E1F613BD,EBCFAEED"/><V17/><F116/><W72/><G98/><T32/><D32/><U60/><E111/><V115/><F123/><W16/><G118/><T97/><D106/><U93/><E83/><V45/><F115/><W38/><G122/><T128/><D119/><U121/><E121/><V24/><F73/><W43/><G72/><T31/><D135/><U85/><E127/><V131/><F132/><W113/><G0/><T26/><D100/><U58/><E126/><V6/><F131/><W53/><G33/><T77/><REACH who="0" step="1"/><D128/><REACH who="0" step="2"/><U51/><E5/><AGARI ba="0,1" hai="5,11,12,21,22,23,26,31,77,82,86,92,97,103" machi="5" ten="30,7700,0" yaku="1,1,2,1,7,1,8,1,53,0" doraHai="70" doraHaiUra="108" who="0" fromWho="1" sc="427,87,43,-77,240,0,280,0" owari="514,61,-34,-53,240,-16,280,8" /></mjloggm>