<mjloggm ver="2.3"><GO type="97"/><UN n0="%70%61%72%61%64%69%73%6F" n1="%E3%82%A6%E3%83%AB%E3%83%88%E3%83%A9%E7%AB%8B%E7%9B%B4" n2="%E8%8A%9D%E6%9D%91%E7%9F%9C%E4%BE%8D" n3="%E3%83%94%E3%82%AB%E3%83%BC%E3%83%89" dan="13,13,14,14" rate="1835,1879,1892,1859" sx="M,M,M,M"/><TAIKYOKU oya="0"/><INIT seed="0,0,0,2,5,124" ten="250,250,250,250" oya="0" hai0="134,125,132,57,101,52,115,2,107,13,67,55,61" hai1="63,26,128,66,80,24,111,25,81,89,11,45,96" hai2="43,77,32,118,59,48,130,74,37,29,82,47,79" hai3="3,120,34,4,44,0,39,102,12,42,36,117,76" shuffle="mt19937ar,ECE1EF48,04C8B5A7,E7175E02,9EC91488,45D767A3,61F39825,A6F992D3,2B0B2E72"/><T21/><D2/><U97/><E111/><V41/><F118/><W78/><G117/><T91/><D115/><U18/><E45/><V113/><F113/><W95/><G34/><T126/><D91/><U10/><E89/><V35/><F79/><W121/><G39/><T40/><D101/><U114/><E114/><V123/><F123/><N who="3" m="47179" /><G12/><T122/><D107/><U20/><E63/><V22/><F43/><W98/><G4/><T127/><D21/><U23/><E66/><V108/><F108/><W99/><G99/><T53/><D13/><U85/><E85/><V94/><F94/><W92/><G92/><T112/><D112/><U68/><E68/><V38/><F38/><W33/><G33/><T93/><D93/><U1/><E1/><AGARI ba="0,0" hai="0,1,3,36,42,44,76,78,95,98,102" m="47179" machi="1" ten="30,1000,0" yaku="13,1" doraHai="124" who="3" fromWho="1" sc="250,0,250,-10,250,0,250,10" /><INIT seed="1,0,0,0,0,27" ten="250,240,250,260" oya="1" hai0="57,112,24,1,69,34,81,124,60,121,86,45,132" hai1="99,50,91,123,131,130,119,75,98,83,22,26,18" hai2="70,127,68,74,71,89,42,135,76,4,94,134,97" hai3="122,7,33,19,109,32,59,54,133,128,115,9,61" shuffle="mt19937ar,A7EB932D,462F8CE7,AF354F11,D8FFB816,FB3658E3,7AD59B71,271E6B67,25FE7725"/><U15/><E119/><V104/><F127/><W47/><G115/><T78/><D1/><U5/><E123/><V3/><F42/><W95/><G122/><T25/><D121/><U51/><E75/><V38/><F38/><W6/><G109/><T21/><D69/><U11/><E131/><V65/><F104/><W111/><G128/><T46/><D112/><U49/><E130/><V114/><F114/><W85/><G111/><T96/><D132/><N who="2" m="50730" /><F65/><W120/><G120/><T66/><D124/><U93/><E83/><N who="2" m="45463" /><F4/><W41/><G133/><T8/><D8/><U100/><REACH who="1" step="1"/><E51/><REACH who="1" step="2"/><V10/><F10/><W117/><G9/><T48/><D48/><U0/><E0/><AGARI ba="0,1" hai="0,3,68,70,71,89,94,97" m="45463,50730" machi="0" ten="40,1300,0" yaku="20,1" doraHai="27" who="2" fromWho="1" sc="250,0,230,-13,250,23,260,0" /><INIT seed="2,0,0,2,3,31" ten="250,217,273,260" oya="2" hai0="87,27,11,56,121,117,62,55,134,120,74,105,93" hai1="80,14,123,84,25,21,135,125,0,91,17,47,127" hai2="82,122,57,28,98,8,53,34,30,32,24,37,106" hai3="116,79,75,65,72,133,10,39,38,85,96,2,83" shuffle="mt19937ar,BC62E990,2CCE3209,56B1ED33,398BB9AA,AD63D793,362C4BFF,5673D523,7B16D36B"/><V103/><F122/><W41/><G116/><T58/><D105/><U54/><E0/><V23/><F37/><W132/><G65/><T63/><D74/><N who="3" m="28201" /><G41/><T46/><D117/><U71/><E71/><V124/><F124/><W26/><G96/><T81/><D134/><N who="3" m="51817" /><G26/><T108/><D108/><U66/><E66/><V92/><F82/><W4/><AGARI ba="0,0" hai="2,4,10,38,39,79,83,85" m="51817,28201" machi="4" ten="40,1500,0" yaku="20,1" doraHai="31" who="3" fromWho="3" sc="250,-4,217,-4,273,-7,260,15" /><INIT seed="3,0,0,2,3,126" ten="246,213,266,275" oya="3" hai0="56,74,111,80,6,57,72,34,65,39,97,99,77" hai1="60,108,86,119,19,83,63,116,130,91,45,26,20" hai2="104,98,135,52,46,13,124,58,38,81,8,0,41" hai3="122,107,125,71,17,48,49,7,15,33,12,66,67" shuffle="mt19937ar,33BD3EA6,3A1980C3,83617861,55BAF7EB,E46BE7DA,975A0E76,09A26097,78E69B40"/><W132/><G122/><T36/><D34/><U120/><E120/><V9/><F124/><W4/><G125/><T89/><D74/><U100/><E100/><V101/><F135/><W134/><G107/><T25/><D111/><U24/><E108/><V30/><F30/><W79/><G79/><T110/><D110/><U87/><E45/><V29/><F29/><W44/><G44/><T118/><D118/><N who="1" m="45099" /><E26/><V35/><F35/><W5/><G33/><T129/><D129/><U117/><N who="1" m="45107" /><U69/><DORA hai="95" /><E87/><V115/><F115/><W27/><G27/><T112/><D112/><U1/><E1/><V82/><F0/><W121/><G121/><T105/><D25/><U94/><E83/><V23/><F23/><W32/><G32/><T2/><D105/><U16/><E19/><V133/><F133/><N who="3" m="51307" /><G71/><T103/><D103/><U123/><E123/><V68/><F68/><W109/><G109/><T51/><D89/><U21/><E21/><V70/><F70/><W43/><G43/><T90/><D90/><U50/><E50/><N who="3" m="19562" /><G17/><T3/><D3/><U54/><E54/><V59/><F8/><W18/><G18/><T113/><D113/><U22/><E22/><V78/><F52/><W40/><G40/><T14/><D2/><U47/><E47/><V10/><F10/><W64/><AGARI ba="0,0" hai="4,5,7,12,15,64,66,67" m="19562,51307" machi="64" ten="40,7800,0" yaku="28,2,20,1" doraHai="126,95" who="3" fromWho="3" sc="246,-26,213,-26,266,-26,275,78" owari="220,-13,187,-21,240,-1,353,35" /></mjloggm>