<mjloggm ver="2.3"><GO type="41"/><UN n0="%6E%6D" n1="%E3%82%A6%E3%83%AB%E3%83%88%E3%83%A9%E7%AB%8B%E7%9B%B4" n2="%6E%69%63%6F%61%6C%74" n3="%E3%81%AF%E3%82%86%E3%81%86" dan="15,14,13,14" rate="1853,1956,1881,1938" sx="M,M,M,M"/><TAIKYOKU oya="0"/><INIT seed="0,0,0,4,5,12" ten="250,250,250,250" oya="0" hai0="3,93,1,86,16,103,63,72,110,75,10,90,92" hai1="120,59,134,67,7,31,111,56,6,62,61,64,132" hai2="104,65,74,19,58,71,83,36,26,22,117,32,81" hai3="114,68,115,45,66,9,107,91,53,121,43,42,54"/><T38/><D38/><U15/><E31/><V109/><F104/><W69/><G107/><T50/><D1/><U25/><E25/><V11/><F36/><W129/><G91/><T39/><D39/><U14/><REACH who="1" step="1"/><E111/><REACH who="1" step="2"/><V18/><F109/><W85/><G121/><AGARI ba="0,1" hai="6,7,14,15,56,59,61,62,64,67,120,121,132,134" machi="121" ten="25,6400,0" yaku="1,1,2,1,22,2,53,0" doraHai="12" doraHaiUra="77" who="1" fromWho="3" sc="250,0,240,74,250,0,250,-64" /><INIT seed="1,0,0,5,2,120" ten="250,314,250,186" oya="1" hai0="102,122,34,91,70,32,52,95,88,76,26,4,20" hai1="72,51,135,58,129,86,90,27,78,64,1,33,36" hai2="62,105,25,130,10,84,53,28,106,83,22,68,21" hai3="18,93,37,3,85,121,7,45,87,133,104,56,35"/><U55/><E36/><V100/><F130/><W115/><G121/><T94/><D122/><U50/><E1/><V73/><F73/><W46/><G133/><T75/><D70/><U15/><E135/><V39/><F39/><W23/><G115/><T110/><D102/><U31/><E129/><V114/><F114/><W108/><G104/><T116/><D4/><U59/><E72/><V0/><F0/><W14/><G35/><T11/><D116/><U16/><E78/><V81/><F81/><W82/><G93/><T124/><D124/><U43/><E43/><V13/><F22/><W48/><G37/><T119/><D119/><U69/><E69/><V96/><F106/><W49/><G56/><T111/><D11/><U61/><E59/><V30/><F53/><W131/><G131/><T12/><D12/><U41/><E41/><V117/><F117/><W17/><G7/><T128/><D128/><U123/><E123/><V109/><F68/><W19/><G3/><T44/><D75/><U126/><E64/><V65/><F62/><W89/><G85/><T8/><D8/><U98/><E98/><V113/><F65/><W24/><G18/><T42/><D76/><U92/><REACH who="1" step="1"/><E126/><REACH who="1" step="2"/><V101/><F113/><W60/><G46/><T74/><D42/><U107/><E107/><V2/><F2/><W38/><G45/><T54/><D74/><U99/><E99/><V103/><F96/><W77/><G77/><T9/><D44/><U112/><E112/><V125/><F105/><W127/><G127/><T66/><D66/><U132/><E132/><V29/><F125/><RYUUKYOKU ba="0,1" sc="250,-10,304,30,250,-10,186,-10" hai1="15,16,27,31,33,50,51,55,58,61,86,90,92" /><INIT seed="1,1,1,0,5,70" ten="240,334,240,176" oya="1" hai0="98,77,32,88,21,121,81,122,38,94,69,110,119" hai1="8,15,76,82,80,71,101,127,92,5,37,13,99" hai2="40,75,65,2,12,14,31,102,4,73,129,124,19" hai3="113,90,118,39,108,100,11,3,135,43,58,91,45"/><U105/><E71/><V23/><F124/><W1/><G113/><T112/><D32/><U34/><E34/><V9/><F129/><W107/><G108/><T24/><D69/><U85/><E127/><V89/><F102/><W54/><G135/><T93/><D112/><U27/><E27/><V116/><F116/><W109/><G109/><T103/><D119/><U29/><E29/><V120/><F120/><N who="0" m="46186" /><D38/><U60/><E60/><V28/><F65/><W20/><G118/><T126/><D21/><U30/><E30/><V134/><F134/><W46/><G46/><T0/><D0/><U78/><E37/><V56/><F40/><W97/><G20/><T35/><D35/><U22/><E22/><V123/><F56/><W87/><G11/><T133/><D24/><U114/><E114/><V36/><F36/><W79/><G79/><T130/><D110/><U53/><E53/><V26/><F89/><W57/><G57/><T47/><D47/><U72/><E105/><V25/><F123/><W61/><REACH who="3" step="1"/><G91/><REACH who="3" step="2"/><T104/><D133/><U33/><E33/><N who="2" m="20623" /><F73/><W96/><G96/><N who="0" m="57383" /><D126/><U48/><E48/><V16/><F75/><W10/><G10/><T51/><D51/><U62/><E62/><V50/><F50/><W41/><G41/><T132/><D132/><U7/><E7/><V63/><F63/><W117/><G117/><T66/><D66/><U52/><E52/><V6/><F6/><W86/><G86/><N who="0" m="48431" /><D130/><U44/><E44/><V67/><F67/><W111/><G111/><T83/><D83/><AGARI ba="1,2" hai="1,3,39,43,45,54,58,61,83,87,90,97,100,107" machi="83" ten="30,7700,0" yaku="1,1,7,1,52,1,53,1" doraHai="70" doraHaiUra="68" who="3" fromWho="0" sc="240,-80,334,0,240,0,166,100" /><INIT seed="2,0,0,2,3,8" ten="160,334,240,266" oya="2" hai0="49,87,79,43,91,127,111,30,129,115,4,62,36" hai1="12,46,96,24,108,73,57,13,128,94,26,59,19" hai2="42,6,53,121,125,117,45,0,60,34,35,75,37" hai3="71,29,76,41,113,5,50,23,63,98,130,120,74"/><V14/><F121/><W58/><G120/><T88/><D115/><U90/><E73/><V100/><F117/><W110/><G110/><T93/><D111/><U47/><E108/><V38/><F100/><W39/><G130/><T106/><D36/><U54/><E128/><V3/><F53/><W107/><G71/><T69/><D106/><U32/><E32/><V83/><F14/><N who="1" m="5737" /><E57/><V114/><F114/><W68/><G58/><T44/><D129/><U65/><E65/><V99/><F99/><W77/><G98/><T105/><D105/><U11/><E11/><N who="2" m="2503" /><F125/><W56/><G56/><T72/><D127/><U15/><N who="1" m="5745" /><U118/><DORA hai="104" /><E118/><V101/><F101/><W112/><G107/><T89/><D4/><U7/><E7/><V103/><F103/><W61/><G5/><T109/><D109/><U102/><E102/><V48/><F48/><W1/><G50/><T25/><D72/><U82/><E82/><V40/><F60/><W55/><G74/><T97/><D62/><N who="1" m="36215" /><E26/><V31/><F31/><W123/><G29/><T135/><D69/><U66/><E66/><V80/><F80/><W131/><G68/><T9/><D9/><U33/><E33/><V17/><F17/><W95/><G123/><T126/><D126/><U124/><E124/><V2/><F2/><W81/><G1/><T86/><D79/><U22/><AGARI ba="0,0" hai="19,22,24,46,47,90,94,96" m="36215,5745" machi="22" ten="40,12000,2" yaku="25,1,8,1,52,4" doraHai="8,104" who="1" fromWho="1" sc="160,-30,334,120,240,-60,266,-30" /><INIT seed="3,0,0,5,5,76" ten="130,454,180,236" oya="3" hai0="47,95,100,52,5,16,23,96,34,104,30,101,81" hai1="50,65,130,71,22,102,88,43,86,54,135,67,24" hai2="1,110,29,124,78,44,21,19,103,94,134,62,4" hai3="133,58,112,74,70,85,126,28,13,129,14,26,37"/><W79/><G112/><T63/><D5/><U120/><E120/><V41/><F124/><W98/><G129/><T45/><D30/><U80/><E130/><V59/><F110/><W18/><G126/><T132/><D34/><U97/><E43/><V6/><F1/><W17/><G70/><T123/><D123/><U90/><E90/><V49/><F134/><W48/><G37/><T82/><D132/><U35/><E35/><V39/><F39/><W107/><G133/><T2/><D2/><U53/><E71/><V64/><F78/><W73/><G107/><T38/><D38/><U42/><E42/><V83/><F19/><W89/><G98/><T0/><D0/><U25/><E25/><V117/><F83/><N who="0" m="31754" /><D104/><U31/><E54/><V122/><F122/><W55/><G74/><T68/><D68/><U128/><E128/><V56/><F56/><W92/><G73/><T72/><D72/><U11/><E11/><V84/><F117/><W9/><G79/><T115/><D115/><U36/><E36/><V121/><F84/><W114/><G114/><T3/><D3/><U20/><E20/><V118/><F118/><W61/><G28/><T108/><D108/><U116/><E116/><V99/><F121/><W113/><G113/><T27/><D101/><U10/><E10/><V93/><F93/><W109/><G109/><T32/><D32/><U106/><E135/><V46/><F46/><AGARI ba="0,0" hai="22,24,31,46,50,53,65,67,80,86,88,97,102,106" machi="46" ten="30,3900,0" yaku="7,1,52,1,54,1" doraHai="76" who="1" fromWho="2" sc="130,0,454,39,180,-39,236,0" /><INIT seed="4,0,0,4,3,41" ten="130,493,141,236" oya="0" hai0="86,70,95,61,88,122,20,59,40,27,43,7,15" hai1="123,28,62,125,48,29,65,50,19,109,53,67,36" hai2="2,34,51,55,129,42,107,120,16,82,11,118,90" hai3="66,73,6,127,121,21,14,56,39,12,89,81,24"/><T102/><D122/><U93/><E36/><V32/><F120/><W84/><G127/><T0/><D70/><U114/><E109/><V33/><F118/><W49/><G39/><T103/><D0/><U54/><E123/><V132/><F132/><W71/><G71/><T112/><D112/><U135/><E62/><V10/><F107/><W18/><G73/><T133/><D133/><U60/><E60/><V35/><F42/><N who="0" m="15914" /><D15/><U26/><E135/><V58/><F129/><W105/><G105/><T5/><D5/><U124/><E93/><V94/><F82/><W30/><G6/><T111/><D111/><U44/><E19/><V96/><N who="2" m="8704" /><DORA hai="91" /><V4/><F2/><W3/><G3/><T119/><D119/><U87/><E87/><V17/><REACH who="2" step="1"/><F4/><REACH who="2" step="2"/><W126/><G121/><T64/><D7/><U47/><E114/><V99/><F99/><W45/><G126/><T110/><D110/><U128/><E128/><V97/><F97/><W63/><G30/><AGARI ba="0,1" hai="20,27,30,59,61,64,86,88,95,102,103" m="15914" machi="30" ten="30,5800,0" yaku="8,1,52,1,54,1" doraHai="41,91" who="0" fromWho="3" sc="130,68,493,0,131,0,236,-58" /><INIT seed="4,1,0,5,2,130" ten="198,493,131,178" oya="0" hai0="114,131,59,91,78,112,11,2,50,62,16,127,23" hai1="41,105,29,93,116,63,60,14,39,37,18,111,117" hai2="51,66,115,123,104,122,17,45,125,129,21,12,5" hai3="43,19,88,110,35,133,53,79,95,68,83,76,0"/><T31/><D131/><U26/><E105/><V20/><F129/><W74/><G0/><T1/><D78/><U134/><E18/><V118/><F118/><W80/><G68/><T65/><D127/><U77/><E14/><V82/><F125/><W72/><G35/><T15/><D50/><U101/><E77/><V106/><F115/><N who="0" m="44074" /><D91/><U57/><E41/><V32/><F32/><W27/><G43/><T107/><D107/><U92/><E57/><V102/><F66/><W9/><G110/><T109/><D109/><U46/><E46/><V94/><F122/><W113/><G113/><T30/><D11/><U64/><E111/><V85/><F123/><W84/><G53/><T36/><D36/><U96/><E64/><V4/><F20/><W34/><G34/><T70/><D70/><U49/><E49/><V22/><F22/><W69/><G69/><T7/><D7/><U10/><E10/><V40/><F106/><W55/><G55/><T100/><D100/><U73/><E101/><V103/><F104/><W75/><G27/><T42/><D42/><U119/><E26/><V98/><F103/><W58/><G74/><T89/><D89/><AGARI ba="1,0" hai="4,5,12,17,21,40,45,51,82,85,89,94,98,102" machi="89" ten="30,2000,0" yaku="7,1,8,1" doraHai="130" who="2" fromWho="0" sc="198,-23,493,0,131,23,178,0" /><INIT seed="5,0,0,4,0,121" ten="175,493,154,178" oya="1" hai0="42,103,81,133,48,8,13,62,23,106,73,134,37" hai1="38,56,70,34,3,17,132,50,66,51,52,114,4" hai2="15,27,39,64,16,77,6,5,30,65,44,69,58" hai3="104,89,24,122,117,19,53,97,36,67,55,135,101"/><U71/><E4/><V128/><F128/><W32/><G122/><T88/><D37/><U26/><E3/><V102/><F69/><W105/><G135/><N who="0" m="51723" /><D103/><U87/><E132/><V112/><F39/><W82/><G36/><T1/><D106/><U74/><E74/><V86/><F112/><W127/><G105/><T25/><D62/><U124/><E38/><V78/><F102/><W92/><G127/><T46/><D1/><U54/><E124/><V49/><F30/><W85/><G67/><T2/><D2/><U14/><E114/><V41/><F27/><W68/><G68/><T76/><D23/><U33/><E87/><V22/><F65/><W31/><G117/><T125/><D125/><U107/><E107/><V7/><F86/><W131/><G131/><T61/><D61/><AGARI ba="0,0" hai="5,6,7,15,16,22,41,44,49,58,61,64,77,78" machi="61" ten="40,2600,0" yaku="8,1,54,1" doraHai="121" who="2" fromWho="0" sc="175,-26,493,0,154,26,178,0" /><INIT seed="6,0,0,4,0,106" ten="149,493,180,178" oya="2" hai0="38,29,8,110,91,104,67,34,31,112,105,14,0" hai1="51,93,9,68,76,86,130,96,3,41,85,128,99" hai2="30,92,109,58,1,5,82,116,15,36,111,103,83" hai3="19,59,125,62,127,49,95,118,47,84,77,32,43"/><V101/><F1/><W97/><G118/><T122/><D110/><U114/><E68/><V22/><F116/><W123/><G123/><T12/><D122/><U94/><E3/><V63/><F36/><W46/><G32/><T81/><D0/><U10/><E51/><V70/><F70/><W39/><G19/><T55/><D38/><U120/><E120/><V75/><F75/><W24/><G24/><T108/><D108/><N who="2" m="41546" /><F103/><W45/><G84/><T117/><D117/><U27/><E76/><V64/><F5/><W135/><G77/><T73/><D73/><U107/><E107/><V37/><F37/><W69/><G69/><T26/><D67/><U25/><E41/><V72/><F72/><W87/><G87/><T132/><D132/><U88/><E88/><V60/><F63/><W7/><G7/><T4/><D14/><U78/><E78/><V23/><F15/><W71/><G71/><T33/><D55/><U131/><E131/><V20/><F30/><W56/><G135/><T42/><D112/><AGARI ba="0,0" hai="9,10,25,27,85,86,93,94,96,99,112,114,128,130" machi="112" ten="25,1600,0" yaku="22,2" doraHai="106" who="1" fromWho="0" sc="149,-16,493,16,180,0,178,0" /><INIT seed="7,0,0,5,2,43" ten="133,509,180,178" oya="3" hai0="89,128,119,135,75,83,118,4,95,114,104,85,32" hai1="36,49,24,18,30,52,103,133,17,1,79,7,78" hai2="14,108,2,107,28,115,125,84,34,27,21,33,60" hai3="0,53,100,38,97,48,132,44,120,8,90,66,37"/><W9/><G120/><T73/><D32/><U29/><E36/><V116/><F116/><N who="0" m="44586" /><D4/><U64/><E1/><V15/><F107/><W82/><G132/><T112/><D104/><U131/><E7/><V45/><F108/><W92/><G0/><T91/><D135/><U69/><E69/><V113/><F2/><W19/><G66/><T72/><D128/><U59/><E64/><V10/><F60/><W12/><G9/><T124/><D124/><U105/><E105/><V93/><F125/><W101/><G101/><T56/><D56/><U81/><E103/><V122/><F122/><W58/><G58/><T126/><D126/><U25/><E131/><V96/><F84/><AGARI ba="0,0" hai="8,12,19,37,38,44,48,53,82,84,90,92,97,100" machi="84" ten="40,7700,0" yaku="25,2,52,1" doraHai="43" who="3" fromWho="2" sc="133,0,509,0,180,-77,178,77" /><INIT seed="7,1,0,4,2,31" ten="133,509,103,255" oya="3" hai0="122,121,11,132,78,115,72,126,112,131,1,16,128" hai1="28,103,33,71,116,65,63,60,20,124,18,48,100" hai2="88,89,45,30,87,101,55,61,51,75,105,46,134" hai3="109,86,17,69,68,64,22,56,99,50,73,24,59"/><W4/><G73/><T41/><D78/><U79/><E124/><V10/><F134/><W125/><G125/><T19/><D72/><U21/><E79/><V37/><F75/><W40/><G109/><T127/><D41/><U7/><E7/><V95/><F37/><W32/><G32/><T35/><D35/><U47/><E116/><V74/><F74/><W58/><G4/><N who="0" m="1423" /><D126/><U80/><E80/><V102/><F105/><W26/><G26/><T104/><D104/><U23/><E63/><V108/><F108/><W52/><G40/><T110/><D110/><U5/><E5/><V38/><F38/><W94/><G86/><T36/><D36/><U113/><E113/><N who="0" m="43593" /><D132/><U91/><E91/><V66/><F30/><W57/><REACH who="3" step="1"/><G64/><REACH who="3" step="2"/><T129/><D127/><U6/><E33/><V81/><F10/><W34/><G34/><T96/><D96/><U15/><E65/><V135/><F135/><W13/><G13/><T107/><D107/><U3/><E15/><V39/><F39/><W76/><G76/><T133/><D133/><U119/><E3/><V42/><F42/><W8/><G8/><T70/><D70/><U62/><E6/><V84/><REACH who="2" step="1"/><F45/><REACH who="2" step="2"/><W118/><G118/><T14/><D14/><U106/><E106/><V114/><F114/><W9/><G9/><T117/><D117/><U27/><E119/><V111/><F111/><W92/><G92/><T44/><D44/><U49/><E27/><V98/><F98/><W67/><G67/><T97/><D97/><U130/><E21/><V123/><F123/><AGARI ba="1,2" hai="16,19,121,122,123,128,129,131" m="43593,1423" machi="123" ten="40,12000,2" yaku="19,1,15,1,11,1,34,2,54,1" doraHai="31" who="0" fromWho="2" sc="133,143,509,0,93,-123,245,0" owari="276,8,509,60,-30,-53,245,-15" /></mjloggm>