<mjloggm ver="2.3"><GO type="193"/><UN n0="%E3%81%B6%E3%81%9F%E3%81%95%E3%82%93" n1="%E3%82%A6%E3%83%AB%E3%83%88%E3%83%A9%E7%AB%8B%E7%9B%B4" n2="%74%74%74%73%73%61" n3="%48%69%72%6F%7A" dan="13,12,13,12" rate="1778,1793,1749,1697" sx="M,M,M,M"/><TAIKYOKU oya="0"/><INIT seed="0,0,0,5,3,82" ten="250,250,250,250" oya="0" hai0="22,68,81,103,8,39,56,46,28,29,50,1,70" hai1="14,78,6,35,15,97,107,17,25,12,55,134,116" hai2="54,120,5,72,73,95,69,31,71,19,99,11,80" hai3="38,59,118,7,0,32,42,121,132,37,108,10,52" shuffle="mt19937ar,5DB00009,CC91A436,FDC2E8EE,BC1A2B53,79485669,F96CABC0,54F6E6E1,C9ED3000"/><T53/><D103/><U36/><E36/><V100/><F120/><W67/><G118/><T51/><D39/><U133/><E97/><V74/><F31/><W98/><G121/><T102/><D102/><U30/><E107/><V18/><F54/><W90/><G108/><T84/><D68/><U63/><E78/><V92/><F92/><W43/><G67/><T105/><D70/><U60/><E55/><V112/><F112/><W58/><G132/><N who="1" m="50794" /><E63/><V65/><F71/><W87/><G98/><T16/><D105/><U79/><E60/><V76/><F69/><W64/><G32/><T2/><D1/><U122/><E79/><V83/><F65/><W26/><G38/><T89/><D2/><U93/><E93/><V124/><F124/><W113/><G37/><T109/><D109/><U101/><E101/><V77/><REACH who="2" step="1"/><F74/><REACH who="2" step="2"/><W75/><G75/><T47/><D56/><U57/><E57/><V13/><AGARI ba="0,1" hai="5,11,13,18,19,72,73,76,77,80,83,95,99,100" machi="13" ten="20,8000,1" yaku="1,1,2,1,0,1,7,1,9,1,53,0" doraHai="82" doraHaiUra="110" who="2" fromWho="2" sc="250,-40,250,-20,240,90,250,-20" /><INIT seed="1,0,0,1,1,121" ten="210,230,330,230" oya="1" hai0="102,124,54,63,49,8,74,43,104,81,99,2,40" hai1="100,128,20,83,90,125,117,4,94,93,106,87,48" hai2="16,84,21,28,89,35,22,64,24,120,44,19,129" hai3="55,122,61,33,59,113,3,31,56,85,82,101,50" shuffle="mt19937ar,F31B7557,24B78269,AB596F9A,B8EB2692,F439DD6E,D5FF0FBA,CD6A2F00,0A86B77E"/><U111/><E48/><V25/><F120/><W123/><G122/><T5/><D124/><U108/><E20/><V86/><F129/><W14/><G113/><T126/><D126/><U1/><E4/><V53/><F64/><W26/><G123/><T76/><REACH who="0" step="1"/><D63/><REACH who="0" step="2"/><U88/><E1/><V57/><F35/><W131/><G3/><T77/><D77/><N who="1" m="46575" /><E125/><V132/><F132/><W51/><G131/><T133/><D133/><U23/><E23/><V65/><F22/><W47/><G101/><T78/><D78/><U10/><E10/><V60/><F89/><N who="1" m="34409" /><E128/><V37/><F21/><W68/><G68/><T41/><D41/><U71/><E71/><V39/><F60/><W98/><G14/><T110/><D110/><N who="1" m="42027" /><E117/><V12/><F12/><W107/><G61/><T109/><D109/><U67/><E67/><V114/><F65/><W79/><G51/><T18/><D18/><U118/><E118/><V96/><F16/><W134/><G134/><T11/><D11/><U127/><E127/><V52/><F19/><W29/><G29/><T116/><D116/><U17/><E17/><V30/><F28/><W92/><G107/><T130/><D130/><U0/><E0/><V9/><F30/><W75/><G59/><AGARI ba="0,1" hai="2,5,8,40,43,49,54,59,74,76,81,99,102,104" machi="59" ten="30,7700,0" yaku="1,1,7,1,53,2" doraHai="121" doraHaiUra="36" who="0" fromWho="3" sc="200,87,230,0,330,0,230,-77" /><INIT seed="2,0,0,5,4,3" ten="287,230,330,153" oya="2" hai0="27,66,28,1,133,18,19,103,94,105,121,81,132" hai1="89,119,111,135,126,72,49,37,59,109,5,26,14" hai2="69,75,4,52,42,130,58,73,44,65,7,39,86" hai3="88,114,57,23,84,104,108,21,128,79,125,63,116" shuffle="mt19937ar,D48BB059,5BBBF2DA,6EC1EB58,9A03A63D,E76B3C59,D587C2EA,6C5E340C,205B9AC6"/><V118/><F118/><W15/><G104/><T87/><D121/><U113/><E89/><V124/><F130/><W40/><G116/><T45/><D105/><U51/><E14/><V62/><F124/><W71/><G125/><T110/><D1/><U31/><E26/><V83/><F75/><W11/><G128/><T70/><D45/><U90/><E59/><V100/><F100/><W76/><G114/><T106/><D94/><U117/><E90/><V46/><F46/><W16/><G108/><T77/><D110/><U35/><E51/><N who="2" m="31007" /><F73/><W92/><G71/><T48/><D48/><U68/><E49/><V12/><F12/><W41/><G40/><T8/><D8/><U56/><E5/><V55/><F55/><W34/><G41/><T64/><D64/><U129/><E56/><V43/><F43/><W17/><G34/><T74/><D87/><U50/><E50/><V60/><F60/><W99/><G99/><N who="0" m="61823" /><D19/><U101/><E31/><V61/><F61/><W122/><G122/><T33/><D18/><U13/><E101/><V98/><F98/><W107/><G107/><T20/><D20/><N who="3" m="7753" /><G17/><T91/><D91/><AGARI ba="0,0" hai="4,7,39,42,44,62,65,69,83,86,91" m="31007" machi="91" ten="30,11600,0" yaku="24,1,52,2,54,1" doraHai="3" who="2" fromWho="0" sc="287,-116,230,0,330,116,153,0" /><INIT seed="2,1,0,4,0,57" ten="171,230,446,153" oya="2" hai0="61,33,105,44,87,68,28,66,4,17,55,130,126" hai1="123,59,48,7,81,62,23,51,83,9,115,106,86" hai2="70,69,125,53,58,14,116,127,71,88,39,6,63" hai3="107,103,10,54,27,12,84,2,36,19,118,97,3" shuffle="mt19937ar,4EB222F0,4D70DD5F,9E422D1B,94E58E52,4C52A408,2119BB43,31AE0491,53EADC7C"/><V85/><F116/><W74/><G36/><T94/><D126/><N who="2" m="48138" /><F39/><W99/><G118/><T80/><D130/><U124/><E106/><V119/><F119/><W38/><G74/><T31/><D105/><U96/><E124/><V65/><F6/><W72/><G72/><T15/><D4/><U114/><E123/><V32/><F14/><W120/><G38/><T46/><D33/><U128/><E128/><V108/><F32/><W56/><G120/><T95/><D46/><U110/><E110/><V104/><F104/><W121/><G121/><T117/><D94/><U37/><E37/><V5/><F5/><W134/><G134/><T45/><D95/><U98/><E114/><V42/><F42/><W77/><G27/><T52/><D45/><U40/><E115/><V79/><F79/><W75/><G75/><T122/><D122/><U133/><E133/><V20/><F20/><W34/><G34/><T91/><D55/><U64/><E23/><V13/><F13/><W135/><G135/><T129/><D129/><U1/><E81/><N who="2" m="49199" /><F108/><W101/><G84/><T111/><D111/><U0/><E0/><V21/><F21/><W29/><G77/><T11/><REACH who="0" step="1"/><D117/><REACH who="0" step="2"/><U109/><E109/><V78/><F78/><W82/><G82/><T90/><D90/><U47/><E98/><V25/><F53/><W43/><G43/><T112/><D112/><U92/><E47/><V100/><F100/><W132/><G132/><T76/><D76/><N who="1" m="46439" /><E40/><V113/><F113/><W93/><G29/><T30/><D30/><U26/><E26/><AGARI ba="1,1" hai="25,26,58,63,65,69,70,71" m="49199,48138" machi="26" ten="40,7700,0" yaku="18,1,52,1,54,1" doraHai="57" who="2" fromWho="1" sc="161,0,230,-80,446,90,153,0" /><INIT seed="2,2,0,4,4,32" ten="161,150,536,153" oya="2" hai0="130,74,4,94,120,134,7,109,16,45,3,101,15" hai1="21,73,85,26,104,75,87,57,22,11,98,51,127" hai2="24,37,42,115,86,110,97,77,55,106,25,80,59" hai3="122,82,66,38,105,1,46,18,72,96,58,9,71" shuffle="mt19937ar,3321374C,07FA2D4C,70EE2194,BFC7AC24,768F12AF,85EADBD4,25457F4C,75B99E5D"/><V70/><F115/><W40/><G122/><T118/><D120/><U133/><E57/><V20/><F70/><W114/><G114/><T2/><D118/><U124/><E51/><V67/><F67/><W116/><G116/><T10/><D74/><U33/><E26/><V128/><F128/><W91/><G58/><T50/><D50/><U112/><BYE who="0" /><E11/><V49/><F110/><W35/><G18/><UN n0="%E3%81%B6%E3%81%9F%E3%81%95%E3%82%93" /><T90/><D101/><U48/><E48/><V47/><F106/><W53/><G91/><T36/><D109/><U56/><E56/><V135/><F97/><W132/><G53/><T0/><D134/><U125/><E33/><V103/><F103/><W121/><G132/><T31/><D31/><U14/><E14/><V93/><F93/><W131/><G121/><T63/><D63/><U95/><E104/><V78/><F135/><W17/><G17/><T29/><D29/><U13/><E13/><V81/><REACH who="2" step="1"/><F20/><REACH who="2" step="2"/><N who="1" m="7785" /><E112/><V12/><F12/><W27/><G131/><T5/><D130/><U34/><E133/><V43/><F43/><W111/><G111/><T119/><D119/><U68/><E68/><V6/><F6/><N who="3" m="1231" /><G96/><T83/><D83/><U52/><E34/><V19/><F19/><W69/><G105/><T44/><REACH who="0" step="1"/><D36/><REACH who="0" step="2"/><U23/><N who="1" m="7793" /><U79/><DORA hai="62" /><E124/><V113/><F113/><W60/><G71/><T123/><D123/><U100/><E125/><V108/><F108/><W117/><G117/><T76/><D76/><U30/><E127/><V88/><F88/><W61/><G61/><T107/><D107/><U65/><E79/><V99/><F99/><AGARI ba="2,2" hai="0,2,3,4,5,7,10,15,16,44,45,90,94,99" machi="99" ten="50,12000,2" yaku="1,1,6,1,52,3,54,1,53,1" doraHai="32,62" doraHaiUra="8,126" who="0" fromWho="2" sc="151,146,150,0,526,-126,153,0" /><INIT seed="3,0,0,0,0,6" ten="297,150,400,153" oya="3" hai0="41,46,60,21,65,55,76,120,50,101,56,52,96" hai1="67,62,132,122,36,5,47,70,57,117,2,85,18" hai2="86,20,89,63,82,116,37,119,127,45,128,126,32" hai3="88,110,112,4,78,106,17,23,87,124,131,123,103" shuffle="mt19937ar,5E3C5704,1CE86CA9,CA027ED2,02571087,5FA7D667,BFA9D7C6,A98ED60D,90134FDB"/><W121/><G112/><T113/><D120/><U13/><E122/><V10/><F32/><W111/><G123/><T102/><D113/><U40/><E117/><V48/><F128/><W51/><G121/><T98/><D76/><U24/><E132/><V99/><F37/><W100/><G78/><T42/><D42/><U83/><E24/><V34/><F34/><W118/><G118/><T30/><D98/><U130/><E130/><V16/><F63/><W69/><G131/><T15/><D102/><N who="3" m="38953" /><G106/><T72/><D72/><U29/><E29/><V97/><F99/><W107/><G107/><T3/><D3/><U59/><E5/><V125/><F97/><W93/><G124/><T11/><D21/><U9/><REACH who="1" step="1"/><E2/><REACH who="1" step="2"/><V28/><F28/><W94/><G4/><T25/><D25/><U135/><E135/><V75/><F119/><W73/><G73/><T90/><D30/><U91/><AGARI ba="0,1" hai="9,13,18,36,40,47,57,59,62,67,70,83,85,91" machi="91" ten="20,5200,0" yaku="1,1,0,1,7,1,52,1,53,0" doraHai="6" doraHaiUra="35" who="1" fromWho="1" sc="297,-13,140,62,400,-13,153,-26" owari="284,3,202,-15,387,39,127,-27" /></mjloggm>