<mjloggm ver="2.3"><GO type="41"/><UN n0="%E3%83%A9%E3%83%B3%E3%83%90%E3%83%BB%E3%83%A9%E3%83%AB" n1="%E3%82%AC%E3%82%B9%E9%BB%92" n2="%E3%82%A6%E3%83%AB%E3%83%88%E3%83%A9%E7%AB%8B%E7%9B%B4" n3="%7A%79%61%67%69" dan="14,13,14,14" rate="1881,1857,1975,1992" sx="M,M,M,M"/><TAIKYOKU oya="0"/><INIT seed="0,0,0,3,5,66" ten="250,250,250,250" oya="0" hai0="93,114,46,87,27,23,111,83,45,32,15,118,57" hai1="34,38,50,47,78,1,59,31,42,91,132,60,26" hai2="95,70,97,135,112,89,134,96,43,106,52,16,74" hai3="4,11,41,119,54,61,86,68,0,126,65,6,103"/><T125/><D125/><U92/><BYE who="0" /><E132/><N who="2" m="50731" /><F43/><UN n0="%E3%83%A9%E3%83%B3%E3%83%90%E3%83%BB%E3%83%A9%E3%83%AB" /><W129/><G119/><T128/><D118/><U101/><E1/><V30/><F30/><W49/><G126/><T99/><D114/><U8/><E78/><V72/><F112/><W24/><G129/><T130/><D128/><U75/><E75/><N who="2" m="28715" /><F52/><W53/><G6/><T13/><D130/><U77/><E77/><V36/><F36/><W29/><G103/><N who="0" m="60911" /><D32/><U28/><E28/><V44/><F44/><N who="0" m="17002" /><D57/><U9/><E101/><N who="2" m="62759" /><F16/><W127/><G127/><T104/><D104/><U25/><E25/><V123/><F70/><W35/><G41/><T88/><D111/><U20/><E34/><V105/><F105/><W5/><G49/><T98/><D98/><U58/><E58/><V84/><F97/><W102/><G5/><T85/><D85/><U21/><E21/><V107/><F107/><W131/><G102/><T18/><AGARI ba="0,0" hai="13,15,18,23,27,83,87,88" m="17002,60911" machi="18" ten="30,3000,0" yaku="8,1,54,1" doraHai="66" who="0" fromWho="0" sc="250,30,250,-10,250,-10,250,-10" /><INIT seed="0,1,0,0,1,106" ten="280,240,240,240" oya="0" hai0="49,134,50,65,61,91,97,70,15,96,42,44,51" hai1="90,133,101,25,7,0,1,4,18,43,5,29,124" hai2="119,79,115,77,36,135,78,6,132,71,62,121,94" hai3="28,14,3,19,57,95,17,118,67,35,8,123,117"/><T102/><D134/><N who="2" m="51242" /><F36/><W47/><G47/><T122/><D122/><U46/><E133/><V13/><F71/><W76/><G76/><T81/><D96/><U72/><E72/><V120/><F62/><W82/><G82/><T68/><D68/><U109/><E101/><V112/><F13/><W60/><G123/><N who="2" m="47177" /><F6/><W128/><G3/><T34/><D34/><U104/><E104/><V9/><F9/><W127/><G35/><T110/><D110/><U87/><E109/><V73/><F119/><W93/><G28/><T99/><D99/><U48/><E124/><V80/><F94/><W129/><G95/><T12/><D91/><U74/><E74/><V86/><F86/><W55/><G93/><T21/><D81/><U69/><E69/><V33/><F33/><W83/><G127/><T89/><D89/><U22/><E29/><V116/><F116/><W45/><G83/><T75/><D75/><U103/><E103/><V37/><F37/><W130/><G17/><T41/><D41/><U64/><E64/><V111/><F111/><W63/><REACH who="3" step="1"/><G45/><REACH who="3" step="2"/><T24/><D44/><U108/><E108/><V2/><F2/><W26/><G26/><T114/><D42/><U100/><E0/><V54/><F54/><W113/><G113/><AGARI ba="1,1" hai="73,77,78,79,80,112,113,115" m="47177,51242" machi="113" ten="40,8000,1" yaku="20,1,34,2,52,1" doraHai="106" who="2" fromWho="3" sc="280,0,240,0,240,93,230,-83" /><INIT seed="1,0,0,2,2,120" ten="280,240,333,147" oya="1" hai0="26,102,12,99,6,4,41,72,86,81,70,9,48" hai1="33,38,29,75,5,63,85,125,89,17,8,108,122" hai2="45,36,77,54,118,80,39,124,110,34,25,27,114" hai3="3,132,100,97,117,112,131,84,69,16,119,111,55"/><U18/><E122/><V56/><F118/><W24/><G112/><T64/><D72/><U60/><E75/><V135/><F34/><W93/><G69/><T40/><D6/><U15/><E38/><V79/><F80/><W67/><G3/><T44/><D70/><U42/><E125/><V10/><F10/><W74/><G67/><T127/><D127/><U13/><E42/><V134/><F124/><W52/><G74/><T46/><D64/><U123/><E123/><V87/><F56/><W76/><G132/><T71/><D71/><U31/><E63/><V126/><F54/><W14/><G131/><T57/><D57/><U11/><E60/><V106/><F126/><W47/><G24/><T20/><D46/><U28/><E85/><V104/><F87/><W30/><G30/><N who="1" m="11882" /><E89/><V91/><F91/><W101/><G47/><T2/><D2/><U129/><E129/><V113/><REACH who="2" step="1"/><F45/><REACH who="2" step="2"/><W130/><G130/><T82/><D82/><U78/><E78/><V68/><F68/><W1/><G119/><T62/><D81/><U98/><E98/><V35/><F35/><W103/><G97/><T121/><D86/><U88/><E88/><V58/><F58/><W49/><G84/><T22/><D121/><U43/><E43/><V61/><F61/><W59/><G59/><T94/><D62/><U92/><E92/><V21/><F21/><W37/><G93/><T65/><D40/><U32/><N who="1" m="11890" /><U90/><DORA hai="107" /><E90/><V51/><F51/><W95/><G95/><T133/><D41/><U73/><E73/><V0/><F0/><W66/><G1/><RYUUKYOKU ba="0,1" sc="280,-10,240,-10,323,30,147,-10" hai2="25,27,36,39,77,79,104,106,110,113,114,134,135" /><INIT seed="2,1,1,4,4,57" ten="270,230,353,137" oya="2" hai0="78,61,128,0,114,20,54,47,105,110,21,17,5" hai1="118,36,58,73,40,25,62,14,65,18,108,93,31" hai2="107,8,16,67,115,123,70,91,7,24,66,95,44" hai3="130,127,99,29,88,87,103,135,63,48,84,109,98"/><V56/><F107/><W39/><G39/><T27/><D105/><U15/><E118/><V122/><F115/><W85/><G29/><T104/><D104/><U26/><E73/><V10/><F70/><W13/><G127/><T19/><D114/><U76/><E108/><V75/><F75/><W69/><G130/><T132/><D128/><U34/><E76/><V64/><F44/><W119/><G109/><T53/><D132/><U45/><REACH who="1" step="1"/><E93/><REACH who="1" step="2"/><V52/><F123/><W42/><G119/><T81/><D110/><U3/><E3/><V49/><F122/><W133/><G135/><T101/><D0/><U38/><E38/><V90/><F95/><W97/><G133/><T33/><D78/><U71/><E71/><V32/><F32/><W6/><G69/><T111/><D111/><U9/><E9/><V28/><F10/><W96/><G103/><T112/><D101/><U80/><E80/><V102/><F102/><W83/><G6/><T124/><D112/><U77/><E77/><V116/><F116/><W94/><G83/><T11/><D81/><U68/><E68/><V134/><F134/><W2/><G2/><T46/><D11/><U74/><E74/><V100/><F100/><W121/><G121/><T35/><D124/><U50/><E50/><V89/><F7/><W125/><G125/><T92/><D5/><U51/><E51/><V43/><F8/><W126/><G126/><T72/><D92/><U131/><E131/><V120/><F120/><W79/><G79/><T23/><D72/><U129/><E129/><V113/><F49/><W22/><G48/><RYUUKYOKU ba="1,2" sc="270,-10,220,30,353,-10,137,-10" hai1="14,15,18,25,26,31,34,36,40,45,58,62,65" /><INIT seed="3,2,2,5,5,42" ten="260,250,343,127" oya="3" hai0="71,73,54,15,84,20,122,133,92,41,99,44,0" hai1="90,123,36,21,121,62,12,72,108,50,102,97,33" hai2="48,110,82,106,39,14,79,88,32,105,124,94,63" hai3="75,76,5,65,81,18,51,87,49,30,113,23,127"/><W77/><G113/><T86/><D122/><U120/><E36/><V118/><F39/><W129/><G30/><T25/><D73/><U115/><E33/><V100/><F32/><W98/><G129/><T29/><D71/><U131/><E115/><V104/><F63/><W47/><G127/><T67/><D0/><U17/><E131/><V43/><F14/><W2/><G65/><T10/><D67/><U85/><E72/><N who="2" m="43367" /><F48/><W112/><G112/><T46/><D133/><U61/><E108/><V35/><F43/><N who="3" m="24831" /><G2/><T93/><D93/><U34/><E34/><V6/><F35/><W24/><G75/><T103/><D54/><U80/><REACH who="1" step="1"/><E50/><REACH who="1" step="2"/><V11/><F110/><W40/><G5/><N who="0" m="3535" /><D41/><U128/><E128/><V59/><F6/><W64/><G64/><T31/><D31/><U107/><AGARI ba="2,3" hai="12,17,21,61,62,80,85,90,97,102,107,120,121,123" machi="107" ten="30,2000,0" yaku="1,1,0,1,53,0" doraHai="42" doraHaiUra="52" who="1" fromWho="1" sc="260,-7,240,56,343,-7,127,-12" /><INIT seed="4,0,0,1,0,80" ten="253,296,336,115" oya="0" hai0="21,16,98,51,3,36,92,116,66,115,45,114,20" hai1="55,88,84,1,59,26,31,46,72,9,57,14,77" hai2="22,48,68,63,23,110,52,89,34,24,107,7,120" hai3="54,37,2,121,132,118,94,49,11,87,71,65,130"/><T127/><D3/><U102/><E1/><V82/><F107/><W95/><G11/><T18/><D36/><U39/><E102/><V62/><F110/><W124/><G94/><T96/><D116/><U74/><E74/><V30/><F120/><W28/><G95/><T83/><D66/><U70/><E70/><V134/><F134/><W56/><G28/><T106/><D83/><U40/><E72/><V81/><F7/><W128/><G87/><T29/><D29/><U109/><E77/><V122/><F122/><W112/><G2/><T104/><D92/><U131/><E131/><N who="3" m="50218" /><G118/><T4/><D4/><U61/><E109/><V53/><F34/><W126/><G112/><N who="0" m="43051" /><D127/><N who="3" m="48681" /><G121/><T73/><D73/><U76/><E76/><V117/><F117/><W119/><G119/><T58/><D58/><U123/><E123/><V129/><F129/><W86/><G86/><T35/><D35/><U91/><E59/><V105/><F105/><N who="0" m="40554" /><D96/><U15/><E91/><V19/><F81/><W125/><N who="3" m="48689" /><W6/><DORA hai="103" /><G6/><T12/><D98/><U135/><E135/><V113/><F113/><W17/><G17/><N who="0" m="10279" /><D21/><U75/><E75/><V111/><F111/><W99/><G99/><T101/><D101/><U79/><E79/><V78/><F82/><W50/><G37/><T85/><D85/><U133/><E133/><V44/><F78/><W10/><G10/><T13/><D13/><U47/><E47/><V60/><F89/><W27/><G132/><T90/><D90/><U41/><E41/><AGARI ba="0,0" hai="16,18,41,45,51" m="10279,40554,43051" machi="41" ten="30,12000,1" yaku="15,1,52,3,54,1" doraHai="80,103" who="0" fromWho="1" sc="253,120,296,-120,336,0,115,0" /><INIT seed="4,1,0,3,3,53" ten="373,176,336,115" oya="0" hai0="96,34,1,47,0,127,114,9,117,13,112,32,50" hai1="105,125,63,21,51,38,17,74,70,12,46,57,58" hai2="107,44,48,18,7,66,60,4,54,81,77,87,86" hai3="42,123,37,33,101,93,99,98,124,115,20,49,67"/><T133/><D96/><U36/><E74/><V41/><F107/><W15/><G33/><N who="0" m="12907" /><D50/><U6/><E105/><V16/><F7/><W61/><G37/><T120/><D47/><U126/><E70/><V71/><F4/><W2/><G2/><N who="0" m="1131" /><D117/><U29/><E29/><V73/><F73/><W83/><G123/><T91/><D91/><U43/><E6/><V19/><F87/><W109/><G109/><T104/><D104/><U92/><E92/><V27/><F27/><W40/><G99/><T90/><D90/><U110/><E110/><V68/><F68/><W102/><G101/><T111/><D111/><U22/><E22/><V85/><F85/><W39/><G20/><T134/><D120/><U100/><E100/><V116/><F116/><W25/><G102/><T26/><D26/><U89/><E89/><V55/><AGARI ba="1,0" hai="16,18,19,41,44,48,54,55,60,66,71,77,81,86" machi="55" ten="30,2000,0" yaku="0,1,54,1" doraHai="53" who="2" fromWho="2" sc="373,-11,176,-6,336,23,115,-6" /><INIT seed="5,0,0,1,5,113" ten="362,170,359,109" oya="1" hai0="105,125,8,29,116,80,18,86,88,79,39,134,66" hai1="27,35,56,123,115,47,118,42,58,109,14,122,52" hai2="89,67,127,114,13,51,131,64,103,75,44,57,124" hai3="111,85,106,2,72,41,15,95,26,34,7,93,70"/><U133/><E118/><V98/><F75/><W11/><G111/><T87/><D39/><U126/><E109/><V20/><F89/><W90/><G72/><T50/><D66/><U74/><E115/><V92/><F114/><W22/><G106/><T82/><D29/><U54/><E133/><V40/><F131/><W12/><G70/><T60/><D60/><U83/><E126/><N who="2" m="48171" /><F57/><W17/><G41/><T59/><D59/><U135/><E135/><V23/><F23/><W28/><REACH who="3" step="1"/><G15/><REACH who="3" step="2"/><N who="0" m="7527" /><D134/><U46/><E74/><V10/><F13/><W104/><G104/><T24/><D125/><U62/><E14/><V1/><F40/><W91/><G91/><T96/><D116/><U9/><E9/><V32/><F10/><W97/><G97/><T0/><D96/><U110/><E110/><V84/><F98/><W37/><G37/><T63/><D105/><U6/><E6/><V38/><F38/><W48/><G48/><T77/><D50/><U19/><E42/><V78/><F51/><W71/><G71/><T65/><D0/><U81/><E27/><V21/><F1/><W33/><G33/><T69/><D69/><U43/><E43/><V55/><F32/><W130/><G130/><T108/><D108/><U4/><E4/><V117/><F117/><W53/><G53/><T102/><D102/><U99/><E35/><V132/><F132/><W94/><AGARI ba="0,1" hai="2,7,11,12,17,22,26,28,34,85,90,93,94,95" machi="94" ten="20,8000,1" yaku="1,1,0,1,7,1,24,2,53,0" doraHai="113" doraHaiUra="119" who="3" fromWho="3" sc="362,-20,170,-40,359,-20,99,90" /><INIT seed="6,0,0,3,1,47" ten="342,130,339,189" oya="2" hai0="23,42,13,37,105,24,116,75,89,97,92,128,48" hai1="125,54,93,99,135,118,129,1,114,121,103,74,94" hai2="25,43,30,51,21,119,122,108,39,70,124,72,20" hai3="65,106,112,130,35,49,32,55,17,36,117,115,73"/><V66/><F122/><W28/><G117/><T111/><D111/><U87/><E1/><V110/><F119/><W109/><G109/><N who="2" m="42089" /><F72/><W85/><G36/><T83/><D37/><U64/><E64/><V3/><F3/><W7/><G73/><T53/><D116/><U61/><E61/><N who="2" m="40271" /><F124/><W58/><G106/><T123/><D123/><U40/><E40/><V10/><F10/><W68/><G130/><T33/><D33/><U59/><E59/><V12/><F39/><W131/><G131/><T38/><D128/><U90/><E54/><V107/><F107/><W100/><G65/><T84/><D105/><U57/><E57/><V4/><F4/><W52/><G7/><T69/><D75/><U15/><E15/><V27/><F12/><W134/><G68/><T71/><D13/><U126/><E121/><V113/><F113/><W77/><G112/><T67/><D71/><U102/><E118/><V91/><F91/><W56/><G115/><T2/><D69/><U26/><E114/><V8/><F8/><W31/><G100/><T45/><D2/><U0/><E0/><V127/><F127/><N who="1" m="48649" /><E26/><N who="2" m="9739" /><F30/><W98/><G31/><N who="0" m="17823" /><D38/><U120/><E120/><V16/><F16/><W6/><G17/><T88/><D67/><U22/><E22/><V41/><F41/><AGARI ba="0,0" hai="41,42,45,48,53,83,84,88,89,92,97" m="17823" machi="41" ten="30,3900,0" yaku="8,1,52,1,54,1" doraHai="47" who="0" fromWho="2" sc="342,39,130,0,339,-39,189,0" /><INIT seed="7,0,0,3,2,64" ten="381,130,300,189" oya="3" hai0="23,120,34,8,66,104,11,13,85,99,0,70,17" hai1="4,83,14,10,28,46,30,75,122,24,45,129,125" hai2="102,78,84,22,92,62,27,38,65,112,106,73,81" hai3="56,71,108,19,86,95,77,90,68,74,49,79,39"/><W25/><G39/><T133/><D120/><U107/><E122/><V2/><F2/><W1/><G1/><T121/><D121/><U33/><E107/><V72/><F38/><W60/><G108/><T76/><D34/><U53/><E129/><V97/><F22/><W50/><G74/><T118/><D118/><U32/><E125/><V7/><F27/><W130/><G130/><T55/><D0/><U67/><E67/><V89/><F7/><W101/><G101/><T21/><D133/><U61/><E75/><N who="2" m="43231" /><F62/><W6/><G6/><T105/><D105/><U109/><E109/><V119/><F65/><W80/><G79/><T29/><D104/><U135/><E135/><V18/><F18/><W69/><G19/><T117/><D117/><U94/><E83/><N who="2" m="49311" /><F119/><W127/><G25/><N who="0" m="16575" /><D70/><U88/><E30/><V131/><F131/><W36/><G36/><T35/><D35/><U100/><E100/><N who="2" m="62735" /><F112/><W113/><G113/><T98/><D66/><U57/><REACH who="1" step="1"/><E32/><REACH who="1" step="2"/><V58/><F58/><W59/><G59/><T43/><D43/><U44/><E44/><V116/><F116/><W126/><G127/><T3/><D3/><U111/><E111/><V52/><F52/><W47/><G126/><T91/><D55/><U96/><AGARI ba="0,1" hai="4,10,14,24,28,33,45,46,53,57,61,88,94,96" machi="96" ten="20,5200,0" yaku="1,1,0,1,7,1,54,1,53,0" doraHai="64" doraHaiUra="128" who="1" fromWho="1" sc="381,-13,120,62,300,-13,189,-26" owari="368,47,182,-22,287,9,163,-34" /></mjloggm>