<mjloggm ver="2.3"><GO type="41"/><UN n0="%E3%82%A6%E3%83%AB%E3%83%88%E3%83%A9%E7%AB%8B%E7%9B%B4" n1="%E3%82%88%E3%82%93%E3%81%A1%E3%82%83%E3%81%8F" n2="%74%72%69%73%74%61%6E" n3="%E3%81%B8%E3%82%8D%E3%81%91%E3%82%93" dan="14,13,13,13" rate="1923,1879,2100,1943" sx="M,M,M,M"/><TAIKYOKU oya="0"/><INIT seed="0,0,0,2,0,26" ten="250,250,250,250" oya="0" hai0="122,36,131,129,65,120,102,114,105,82,64,72,92" hai1="55,45,15,76,84,95,70,1,56,42,10,135,90" hai2="30,91,97,121,52,96,107,58,71,89,28,63,116" hai3="74,119,124,17,7,24,37,18,3,12,21,130,118"/><T31/><D36/><U32/><E32/><V69/><F121/><W133/><G74/><T60/><D114/><U68/><E1/><V85/><F116/><W106/><G37/><T39/><D39/><U14/><E76/><V44/><F107/><W126/><G106/><T112/><D112/><U77/><E77/><V41/><F71/><W110/><G110/><T113/><D113/><U0/><E0/><V29/><F69/><W128/><G7/><T54/><D105/><U53/><E15/><V34/><F34/><W81/><G3/><T99/><D120/><U16/><E55/><V27/><F27/><W109/><G81/><T75/><D122/><U46/><E135/><V127/><F127/><N who="3" m="48683" /><G133/><T67/><D72/><U57/><E57/><V61/><F61/><W62/><G62/><T66/><D75/><U73/><E73/><V80/><F91/><W5/><G5/><T22/><D82/><U132/><E46/><V108/><F108/><W35/><G109/><T6/><D6/><U4/><E4/><V87/><F87/><W13/><G35/><T100/><D100/><U38/><E132/><V94/><F80/><W51/><G51/><AGARI ba="0,0" hai="10,14,16,38,42,45,51,53,56,68,70,84,90,95" machi="51" ten="30,2000,0" yaku="7,1,54,1" doraHai="26" who="1" fromWho="3" sc="250,0,250,20,250,0,250,-20" /><AGARI ba="0,0" hai="28,29,30,41,44,51,52,58,63,85,89,94,96,97" machi="51" ten="40,8000,1" yaku="8,1,52,3,54,1" doraHai="26" who="2" fromWho="3" sc="250,0,270,0,250,80,230,-80" /><INIT seed="1,0,0,5,2,44" ten="250,270,330,150" oya="1" hai0="31,123,128,75,83,81,22,14,134,126,55,110,114" hai1="120,23,104,92,19,38,133,96,51,54,73,85,65" hai2="89,0,64,25,34,119,4,52,28,40,99,127,131" hai3="124,8,71,10,74,106,135,1,69,122,37,125,116"/><U72/><E120/><V109/><F119/><W84/><RYUUKYOKU type="yao9" ba="0,0" sc="250,0,270,0,330,0,150,0" hai3="1,8,10,37,69,71,74,84,106,116,122,124,125,135" /><INIT seed="1,1,0,3,4,118" ten="250,270,330,150" oya="1" hai0="86,13,54,125,99,69,65,115,101,90,107,75,119" hai1="47,73,34,123,121,120,55,106,28,21,30,129,126" hai2="26,15,57,102,67,58,108,1,109,19,71,7,44" hai3="112,36,83,104,14,98,84,48,46,18,29,38,32"/><U23/><E106/><V39/><F102/><W68/><G68/><T76/><D119/><U60/><E73/><V41/><F26/><W117/><G112/><T16/><D115/><U37/><E126/><V94/><F71/><W9/><G117/><T114/><D125/><U22/><E129/><V88/><F67/><W11/><G11/><T42/><D42/><U85/><E85/><N who="2" m="52495" /><F7/><W17/><G17/><T31/><D31/><U63/><E34/><V3/><F3/><W133/><G133/><T24/><D24/><U124/><E124/><V80/><F80/><W82/><G82/><T135/><D135/><U64/><E37/><V4/><F4/><W59/><G59/><T113/><D65/><U52/><E47/><V105/><F105/><W70/><G70/><T132/><D69/><U111/><E111/><N who="2" m="42571" /><F1/><W53/><G29/><N who="1" m="11370" /><E64/><V66/><F66/><W74/><G74/><T50/><D132/><U10/><E10/><AGARI ba="1,0" hai="10,15,19,39,41,44,57,58" m="42571,52495" machi="10" ten="30,2000,0" yaku="14,1,54,1" doraHai="118" who="2" fromWho="1" sc="250,0,270,-23,330,23,150,0" /><INIT seed="2,0,0,3,0,86" ten="250,247,353,150" oya="2" hai0="98,96,24,120,6,131,74,31,109,108,73,42,28" hai1="56,97,91,29,82,125,5,16,85,39,123,36,47" hai2="11,55,50,113,13,130,78,95,64,10,128,59,46" hai3="103,114,121,88,61,105,76,58,12,32,48,83,110"/><V3/><F113/><W15/><G32/><T90/><D24/><U19/><E125/><V17/><F78/><W84/><G121/><T133/><D42/><U107/><E123/><V71/><F71/><W112/><G110/><T23/><D120/><U44/><E5/><V111/><F111/><W7/><G7/><T25/><D23/><U22/><E36/><V100/><F3/><W57/><G105/><T68/><D25/><U0/><E0/><V18/><F100/><W67/><G103/><T102/><D102/><U37/><E37/><V1/><F1/><W52/><REACH who="3" step="1"/><G76/><REACH who="3" step="2"/><T38/><D6/><U124/><E124/><V79/><F79/><W94/><G94/><T101/><D101/><U43/><E107/><V9/><F95/><W27/><G27/><T92/><D92/><U126/><E126/><V21/><F130/><W65/><G65/><T70/><D131/><U129/><E129/><V132/><F128/><W115/><AGARI ba="0,1" hai="12,15,48,52,57,58,61,67,83,84,88,112,114,115" machi="115" ten="30,12000,2" yaku="1,1,0,1,11,1,52,1,54,2,53,1" doraHai="86" doraHaiUra="60" who="3" fromWho="3" sc="250,-30,247,-30,353,-60,140,130" /><INIT seed="3,0,0,3,1,75" ten="220,217,293,270" oya="3" hai0="120,14,35,3,123,12,36,50,0,30,121,79,108" hai1="135,133,112,37,59,76,118,28,95,83,99,38,47" hai2="119,126,40,13,45,26,130,49,97,48,82,91,56" hai3="58,93,17,96,84,66,74,62,122,8,41,64,16"/><W2/><G74/><T68/><D50/><U42/><E112/><V104/><F119/><W106/><G122/><T81/><D68/><U94/><E118/><V115/><F115/><W61/><G41/><T77/><D81/><U90/><E28/><V88/><F130/><W107/><G84/><T15/><D36/><U63/><E94/><V60/><F126/><W1/><G106/><T54/><D54/><U116/><E116/><V86/><F26/><W18/><G107/><T102/><D102/><U9/><E9/><V20/><F104/><W110/><G110/><T113/><D113/><U6/><E6/><V72/><F72/><W5/><G2/><N who="0" m="555" /><D108/><U114/><E37/><V65/><F20/><W111/><G111/><T57/><D57/><U73/><REACH who="1" step="1"/><E114/><REACH who="1" step="2"/><V19/><F82/><W53/><REACH who="3" step="1"/><G62/><REACH who="3" step="2"/><T124/><D124/><U129/><E129/><V103/><F60/><W44/><G44/><T70/><D120/><U69/><E69/><V51/><F45/><W10/><G10/><T4/><D70/><U109/><E109/><V11/><F11/><W131/><G131/><T134/><D121/><U92/><E92/><V71/><F71/><W52/><G52/><AGARI ba="0,2" hai="38,42,47,52,59,63,73,76,83,90,95,99,133,135" machi="52" ten="40,5200,0" yaku="1,1,52,1,54,1,53,0" doraHai="75" doraHaiUra="117" who="1" fromWho="3" sc="220,0,207,72,293,0,260,-52" /><INIT seed="4,0,0,4,2,105" ten="220,279,293,208" oya="0" hai0="60,55,11,24,96,111,135,33,100,62,38,65,16" hai1="7,5,56,102,28,75,120,20,39,53,127,44,113" hai2="30,122,88,130,12,59,61,46,79,108,73,6,0" hai3="18,98,82,37,128,1,64,42,104,15,47,119,14"/><T2/><D38/><U58/><E120/><V126/><F122/><W131/><G119/><T43/><D43/><U109/><E109/><V116/><F108/><W89/><G1/><T54/><D111/><U117/><E117/><V129/><F116/><W29/><G29/><T8/><D135/><U41/><E102/><V22/><F126/><W52/><G64/><T34/><D2/><U114/><E127/><V76/><F0/><W132/><G132/><T78/><D78/><U101/><E101/><V70/><F70/><W63/><G104/><T74/><D100/><U40/><E75/><V134/><F134/><W107/><G107/><T71/><D96/><U13/><E41/><V45/><F88/><W68/><G68/><T110/><D110/><U51/><E58/><V35/><F35/><W84/><G98/><T25/><D71/><U69/><E69/><V125/><F125/><W99/><G99/><T115/><D65/><U48/><E39/><V85/><F73/><W50/><G63/><T91/><D74/><U118/><E118/><V97/><F97/><W66/><G66/><T49/><D91/><U92/><E92/><V57/><F85/><W3/><G3/><T103/><D103/><U81/><E81/><V9/><F59/><W10/><G15/><T21/><D49/><U23/><E13/><V133/><F133/><W93/><G93/><T27/><D60/><U123/><E123/><V95/><F95/><W112/><G112/><N who="1" m="43114" /><E28/><V121/><F121/><W19/><G19/><T86/><D62/><U106/><E106/><V77/><F30/><W80/><G80/><RYUUKYOKU ba="0,0" sc="220,-15,279,15,293,-15,208,15" hai1="5,7,20,23,40,44,48,51,53,56" hai3="10,14,18,37,42,47,50,52,82,84,89,128,131" /><INIT seed="5,1,0,5,5,15" ten="205,294,278,223" oya="1" hai0="32,73,42,68,89,122,107,62,52,86,51,54,105" hai1="113,19,110,133,34,134,124,14,115,23,80,104,119" hai2="82,45,66,120,47,92,1,90,118,101,70,33,28" hai3="69,129,38,112,83,9,29,39,94,30,71,102,60"/><U127/><E104/><V58/><F118/><W27/><G129/><T31/><D73/><U63/><E80/><V98/><F120/><W26/><G112/><N who="1" m="43082" /><E119/><V123/><F1/><W88/><G9/><T12/><D42/><U106/><E106/><V95/><F70/><W3/><G3/><T74/><D74/><U64/><E110/><V114/><F114/><W103/><G83/><T50/><D122/><U43/><E43/><V37/><F37/><W44/><G60/><T17/><D107/><U35/><E63/><N who="2" m="38263" /><F33/><N who="1" m="12297" /><E64/><V87/><F28/><W81/><G81/><T96/><D62/><U76/><E76/><N who="2" m="46535" /><F123/><W108/><G44/><T25/><D68/><U97/><E97/><AGARI ba="1,0" hai="45,47,90,92,95,97,98,101" m="46535,38263" machi="97" ten="30,1000,0" yaku="8,1" doraHai="15" who="2" fromWho="1" sc="205,0,294,-13,278,13,223,0" /><INIT seed="6,0,0,1,0,10" ten="205,281,291,223" oya="2" hai0="0,13,32,115,61,23,113,79,20,124,55,70,131" hai1="54,22,109,51,39,19,120,128,8,108,5,100,93" hai2="59,112,87,43,64,89,25,92,101,45,126,3,27" hai3="135,83,98,77,37,129,16,110,40,106,48,6,17"/><V9/><F112/><N who="0" m="43082" /><D0/><U4/><E39/><V76/><F126/><W81/><G110/><T134/><D124/><U122/><E128/><V88/><F3/><W24/><G129/><T47/><D131/><U74/><E74/><V102/><F76/><W18/><G135/><T15/><D32/><U60/><E60/><N who="2" m="37919" /><F9/><W118/><G118/><T123/><D123/><N who="1" m="47147" /><E100/><N who="2" m="38507" /><F45/><W111/><G111/><N who="1" m="42570" /><E93/><N who="2" m="54431" /><F43/><W50/><G106/><T57/><D134/><U46/><E8/><V41/><F41/><W30/><G98/><AGARI ba="0,0" hai="25,27,89,92,98" m="54431,38507,37919" machi="98" ten="30,2900,0" yaku="8,1,54,1" doraHai="10" who="2" fromWho="3" sc="205,0,281,0,291,29,223,-29" /><INIT seed="6,1,0,1,3,24" ten="205,281,320,194" oya="2" hai0="78,13,114,66,62,35,5,113,75,34,18,36,77" hai1="12,90,134,93,9,104,102,121,22,28,52,99,49" hai2="20,44,6,11,55,70,88,38,133,46,124,83,73" hai3="97,122,76,95,120,127,125,130,32,0,27,80,116"/><V61/><F133/><W33/><G0/><T54/><D54/><U56/><E134/><V45/><F124/><N who="3" m="47691" /><G33/><T50/><D50/><U37/><E37/><V123/><F123/><N who="3" m="47147" /><G32/><T84/><D36/><U79/><E79/><N who="0" m="30217" /><D84/><U119/><E119/><V96/><F38/><W31/><G27/><T14/><D75/><U53/><E53/><V115/><F115/><N who="0" m="44042" /><D5/><N who="1" m="3119" /><E104/><V89/><F6/><W101/><G31/><T69/><D14/><U29/><E121/><V43/><F43/><W19/><G19/><T111/><D111/><U3/><E3/><V117/><F117/><W82/><G116/><T85/><D85/><U71/><E71/><V118/><F70/><W1/><G1/><T112/><N who="0" m="44050" /><T15/><DORA hai="60" /><D15/><U16/><E102/><V109/><F109/><W17/><G17/><T7/><D7/><U131/><E131/><V41/><F41/><W135/><G135/><T87/><D87/><U108/><E108/><V107/><F118/><W2/><G2/><T21/><AGARI ba="1,0" hai="13,18,21,34,35,62,66,69" m="44050,30217" machi="21" ten="40,2700,0" yaku="15,1,52,1" doraHai="24,60" who="0" fromWho="0" sc="205,30,281,-8,320,-14,194,-8" /><INIT seed="7,0,0,5,0,105" ten="235,273,306,186" oya="3" hai0="0,102,25,18,122,72,93,64,59,49,12,47,92" hai1="75,36,58,101,5,32,17,99,4,77,125,118,55" hai2="135,6,95,79,62,111,103,113,70,91,115,22,33" hai3="127,86,23,41,88,27,21,16,116,133,14,96,26"/><W1/><G1/><T84/><D0/><U54/><E36/><V119/><F33/><W40/><G116/><T29/><D93/><U89/><E118/><V124/><F119/><W106/><G133/><T129/><D129/><U11/><E32/><V42/><F111/><W44/><G127/><T24/><D72/><U94/><E125/><V134/><F124/><W31/><G14/><T3/><D3/><U13/><E55/><V130/><F103/><W57/><G57/><T67/><D29/><U65/><E65/><N who="2" m="41271" /><F130/><W76/><G76/><T43/><D122/><U131/><E101/><V108/><F108/><W34/><G106/><T19/><D19/><U110/><E110/><V48/><F79/><W114/><G114/><N who="2" m="43529" /><F6/><W107/><G107/><T98/><D84/><U69/><E69/><V81/><F81/><W126/><G126/><T50/><D64/><U82/><REACH who="1" step="1"/><E131/><REACH who="1" step="2"/><V83/><F135/><W121/><G121/><T66/><D66/><U15/><E15/><V9/><F134/><W63/><G34/><T51/><D67/><U30/><E30/><V85/><F42/><N who="3" m="16491" /><G44/><T87/><D47/><U38/><E38/><V35/><F35/><W10/><G63/><AGARI ba="0,1" hai="4,5,11,13,17,54,58,63,75,77,82,89,94,99" machi="63" ten="30,8000,1" yaku="1,1,7,1,52,1,53,2" doraHai="105" doraHaiUra="2" who="1" fromWho="3" sc="235,0,263,90,306,0,186,-80" owari="235,-16,353,44,306,11,106,-39" /></mjloggm>