<mjloggm ver="2.3"><GO type="193"/><UN n0="%E3%82%A6%E3%83%AB%E3%83%88%E3%83%A9%E7%AB%8B%E7%9B%B4" n1="%7A%69%74%61" n2="%E6%BC%82%E6%B3%8A%E8%80%85" n3="%E3%82%A2%E3%83%A9%E3%83%93%E3%82%AB" dan="12,11,12,12" rate="1768,1585,1857,1642" sx="M,M,M,M"/><TAIKYOKU oya="0"/><INIT seed="0,0,0,5,0,81" ten="250,250,250,250" oya="0" hai0="46,62,82,32,7,73,105,37,75,116,39,123,90" hai1="50,95,4,64,94,78,108,124,91,131,98,111,103" hai2="9,134,121,125,100,76,12,20,66,47,74,23,33" hai3="44,31,56,106,128,85,122,10,115,36,43,16,40" shuffle="mt19937ar,73509AEC,9F445993,546B0D1E,AC60C2DB,0C4D1A34,93138842,34DB7567,21E0CE96"/><T112/><D7/><U65/><E131/><V54/><F33/><W61/><G128/><T127/><D62/><U71/><E71/><V80/><F121/><W1/><G122/><T70/><D46/><U79/><E4/><V27/><F134/><W30/><G106/><T55/><D55/><U99/><E50/><V107/><F125/><W53/><G115/><T41/><D41/><U3/><E3/><V117/><F117/><W6/><G43/><T114/><D82/><U69/><E69/><V93/><F107/><W13/><G85/><T0/><D90/><U48/><E48/><V59/><F66/><W109/><REACH who="3" step="1"/><G109/><REACH who="3" step="2"/><N who="1" m="42058" /><E124/><V35/><F74/><W135/><G135/><T51/><D75/><U24/><E65/><V5/><F35/><W60/><G60/><T11/><D114/><U77/><E64/><V101/><F101/><W57/><G57/><T63/><D63/><U118/><E118/><V58/><F100/><W120/><G120/><T92/><D51/><U29/><E79/><V21/><F76/><W18/><G18/><T17/><D17/><U129/><E129/><V87/><F59/><W8/><AGARI ba="0,1" hai="1,6,8,10,13,16,30,31,36,40,44,53,56,61" machi="8" ten="20,5200,0" yaku="1,1,0,1,7,1,54,1,53,0" doraHai="81" doraHaiUra="104" who="3" fromWho="3" sc="250,-26,250,-13,250,-13,240,62" /><INIT seed="1,0,0,4,0,126" ten="224,237,237,302" oya="1" hai0="46,89,15,73,37,94,44,64,111,2,130,20,85" hai1="21,56,25,87,84,5,91,66,69,129,53,119,104" hai2="30,51,83,4,22,96,122,54,55,95,16,60,31" hai3="106,0,41,107,128,58,80,23,76,117,63,57,132" shuffle="mt19937ar,904ABB02,9E70E1B5,9E39355C,1E138B03,58DB3922,13EFD2A9,686D1504,18B0E882"/><U90/><E119/><V71/><F122/><W72/><G117/><T97/><D73/><U11/><E104/><V105/><F4/><W28/><G0/><T7/><D2/><U6/><E69/><V123/><F105/><W125/><G125/><T65/><D37/><U18/><E129/><V98/><F123/><W33/><G33/><T68/><D68/><U42/><E42/><V118/><F118/><W116/><G116/><T113/><D113/><U86/><E66/><N who="0" m="25705" /><D111/><U131/><E131/><V77/><F71/><W3/><G3/><T59/><D59/><U108/><E108/><V52/><F60/><W19/><G128/><T135/><D135/><U14/><E5/><V39/><F39/><W8/><G132/><T102/><D130/><U101/><E101/><V127/><F51/><AGARI ba="0,0" hai="6,11,14,18,21,25,51,53,56,84,86,87,90,91" machi="51" ten="40,2000,0" yaku="8,1" doraHai="126" who="1" fromWho="2" sc="224,0,237,20,237,-20,302,0" /><INIT seed="1,1,0,0,4,51" ten="224,257,217,302" oya="1" hai0="63,130,101,31,127,27,0,112,116,11,64,44,132" hai1="93,135,92,57,122,46,49,2,8,96,42,70,19" hai2="104,43,39,98,35,74,13,23,50,131,91,60,69" hai3="119,81,102,65,88,84,85,1,71,17,7,77,58" shuffle="mt19937ar,FF66B22B,7C48F3B7,1B10C368,E3C2BADB,F34001E4,8D322292,777E2C4B,5FCEA390"/><U34/><E122/><V22/><F35/><W109/><G71/><T113/><D44/><U66/><E135/><V59/><F131/><W75/><G109/><T78/><D78/><U38/><E34/><V100/><F74/><W67/><G119/><T56/><D56/><U123/><E123/><V97/><F69/><W82/><G102/><T80/><D80/><U30/><E30/><V117/><F39/><W124/><G124/><T120/><D63/><U103/><E70/><V24/><F117/><W37/><G37/><T10/><D64/><U40/><E40/><V108/><F13/><W133/><G133/><T89/><D89/><U83/><E83/><V87/><F108/><W55/><G75/><T48/><D48/><U111/><E111/><V73/><F98/><W20/><G7/><T12/><D101/><U107/><E2/><V28/><F73/><W21/><G1/><T25/><D132/><U5/><E5/><V72/><F72/><W15/><G21/><T4/><D120/><U118/><E118/><V54/><F22/><W53/><G53/><T110/><D116/><U47/><E47/><V134/><F134/><W105/><G105/><T121/><D121/><U76/><E76/><V29/><F43/><W14/><G14/><T129/><D110/><U94/><E92/><N who="2" m="54399" /><F60/><AGARI ba="1,0" hai="15,17,20,55,58,60,65,67,77,81,82,84,85,88" machi="60" ten="30,7700,0" yaku="7,1,8,1,52,1,54,1" doraHai="51" who="3" fromWho="2" sc="224,0,257,0,217,-80,302,80" /><INIT seed="2,0,0,0,2,112" ten="224,257,137,382" oya="2" hai0="134,130,43,57,53,56,79,106,29,35,58,51,69" hai1="20,48,33,50,84,87,21,92,3,41,126,71,27" hai2="44,64,17,13,91,121,32,127,5,78,122,114,93" hai3="60,61,8,95,82,15,24,19,38,39,118,133,4" shuffle="mt19937ar,3C267B2C,DD0FA80F,C371E253,C062A168,9E581141,DE26988C,ECE8B037,385F700E"/><V34/><F114/><W88/><G133/><T36/><D106/><U104/><E3/><V62/><F127/><W119/><G82/><T109/><D79/><U135/><E71/><V30/><F78/><W89/><G24/><T81/><D81/><U110/><E104/><V7/><F122/><W96/><G4/><T67/><D29/><U49/><E110/><V12/><F44/><W2/><G2/><T16/><D16/><U99/><E126/><V22/><F121/><W108/><G108/><T18/><D18/><U80/><E135/><V129/><F129/><W46/><G89/><T103/><D103/><U75/><E75/><V73/><F73/><W101/><G101/><T55/><D35/><U117/><E117/><V102/><F102/><W74/><G74/><T124/><D109/><U9/><E33/><V14/><F34/><W125/><G125/><T123/><D124/><U54/><E41/><V97/><F32/><W23/><G8/><T37/><D123/><U0/><E0/><V77/><F77/><W90/><G90/><T72/><D72/><U59/><E9/><V11/><F30/><W1/><G1/><T85/><D85/><N who="1" m="32843" /><E80/><V52/><F13/><W6/><G6/><T115/><D115/><U128/><E128/><V66/><REACH who="2" step="1"/><F5/><REACH who="2" step="2"/><W26/><G15/><T68/><D130/><U31/><E20/><V116/><F116/><N who="3" m="44587" /><G46/><N who="0" m="26079" /><D134/><U100/><AGARI ba="0,1" hai="21,27,31,48,49,50,54,59,92,99,100" m="32843" machi="100" ten="30,1100,0" yaku="8,1" doraHai="112" who="1" fromWho="1" sc="224,-3,257,21,127,-5,382,-3" /><INIT seed="3,0,0,5,4,6" ten="221,278,122,379" oya="3" hai0="26,92,62,21,73,63,30,77,81,43,65,123,50" hai1="39,114,95,88,127,52,38,16,99,89,25,100,28" hai2="67,41,54,66,94,22,86,98,17,93,4,103,82" hai3="125,124,56,129,134,37,0,57,31,108,79,128,35" shuffle="mt19937ar,E1885AAC,C940DB9A,82BCBC9A,EBEDCFAA,08631ED5,9857B78B,65AA6D7E,2FA78C08"/><W19/><G37/><T27/><D123/><U84/><E114/><V111/><F111/><W122/><G122/><T12/><D63/><U24/><E127/><N who="3" m="48714" /><G108/><T118/><D118/><U9/><E38/><V33/><F33/><W83/><G0/><T8/><D27/><U116/><E116/><V97/><F41/><W2/><G2/><T20/><D92/><U34/><E39/><V3/><F54/><W68/><G68/><T29/><D50/><U115/><E115/><V23/><F4/><W131/><G19/><T60/><D43/><U107/><E107/><V45/><F3/><W133/><G31/><T112/><D112/><U85/><E34/><V120/><F45/><W18/><G18/><T105/><D105/><U74/><E74/><V42/><F42/><W64/><G35/><T44/><D44/><U14/><E28/><V53/><F53/><W96/><G96/><T11/><D30/><U72/><E72/><V36/><F36/><W126/><N who="3" m="48722" /><W55/><DORA hai="80" /><G64/><T10/><D62/><U75/><E75/><V40/><F40/><W104/><G104/><T15/><REACH who="0" step="1"/><D21/><REACH who="0" step="2"/><U119/><E119/><V32/><F120/><W110/><G110/><T76/><D76/><U135/><E135/><N who="3" m="51722" /><G55/><T109/><D109/><U5/><E5/><V101/><F32/><W130/><N who="3" m="33280" /><DORA hai="69" /><W106/><G106/><T48/><D48/><U132/><E132/><V90/><REACH who="2" step="1"/><F23/><REACH who="2" step="2"/><W78/><G78/><T59/><AGARI ba="0,2" hai="8,10,11,12,15,20,26,29,59,60,65,73,77,81" machi="59" ten="30,8000,1" yaku="1,1,0,1,52,3,53,0" doraHai="6,80,69" doraHaiUra="87,117,70" who="0" fromWho="0" sc="211,100,278,-20,112,-20,379,-40" owari="311,6,258,-9,92,-31,339,34" /></mjloggm>