<mjloggm ver="2.3"><GO type="97"/><UN n0="%E3%82%8B%E3%81%84" n1="%E3%82%A6%E3%83%AB%E3%83%88%E3%83%A9%E7%AB%8B%E7%9B%B4" n2="%4D%79%53%65%6C%66" n3="%E3%81%88%E3%81%AA%E3%82%93%E3%81%A1%E3%81%8A%E3%81%BE%E3%83%BC" dan="15,13,14,13" rate="1967,1814,1871,1870" sx="M,M,F,M"/><TAIKYOKU oya="0"/><INIT seed="0,0,0,1,1,97" ten="250,250,250,250" oya="0" hai0="121,87,110,33,16,77,104,99,29,124,89,100,122" hai1="118,40,108,79,56,1,53,25,44,111,3,13,134" hai2="14,27,43,39,2,45,65,93,67,64,49,41,68" hai3="90,62,38,80,32,47,107,83,125,127,6,37,15" shuffle="mt19937ar,83F62282,40D5F817,95CFEA60,CC547B40,7071AC7A,338021CF,FE299110,C9C0E241,9531E6FA,98DC9329,7737BB4A,C096DC0A,56C0F083,6136D3AF,B1DD2BEB,42467EB1,E7CB6A64,FA3767EC,310E7B02,A59087E6,3F6FF68F,AA9F50E1,CC71D3CE,03E1556E,840B9162,6AF13184,0811F8DB,01406D23,1E731C8D,3E9EA311,3A031479,EA8C0F7B"/><T86/><D33/><U9/><E118/><V26/><F2/><W114/><G114/><T96/><D29/><U126/><E25/><V22/><F27/><W19/><G6/><T4/><D4/><U120/><E120/><V21/><F68/><W66/><G32/><T0/><D0/><U135/><E79/><V115/><F115/><W78/><G90/><T24/><D24/><U98/><E98/><V46/><F14/><W55/><G55/><T57/><D57/><U8/><E13/><V11/><F11/><W7/><G7/><T119/><D16/><U34/><E34/><V109/><F109/><N who="1" m="42057" /><E3/><V103/><REACH who="2" step="1"/><F26/><REACH who="2" step="2"/><W132/><G15/><T59/><D110/><U63/><E1/><V72/><F72/><W82/><G127/><T54/><D119/><U52/><E9/><V71/><F71/><W42/><G125/><T5/><D124/><U129/><E8/><V130/><F130/><W101/><G132/><N who="1" m="50730" /><E126/><V113/><F113/><W58/><G19/><T76/><D5/><U85/><E129/><V128/><F128/><W95/><G78/><T70/><D122/><U18/><E18/><V23/><F23/><W116/><G116/><T75/><D121/><U74/><E74/><V102/><F102/><W48/><G101/><T91/><D100/><U20/><E20/><V73/><F73/><W112/><G112/><T61/><D75/><U117/><E117/><V30/><F30/><W10/><G10/><T35/><D35/><U105/><E105/><V12/><F12/><W50/><G107/><T28/><D104/><U51/><E85/><V88/><F88/><RYUUKYOKU ba="0,1" sc="250,-15,250,15,240,15,250,-15" hai1="40,44,51,52,53,56,63" hai2="21,22,39,41,43,45,46,49,64,65,67,93,103" /><INIT seed="1,1,1,1,0,34" ten="235,265,255,235" oya="1" hai0="67,28,133,116,77,38,68,111,73,29,112,17,87" hai1="64,12,74,10,96,58,72,15,104,122,107,65,121" hai2="123,54,98,79,45,105,134,18,66,8,60,132,33" hai3="131,97,39,49,6,35,59,53,69,21,71,75,99" shuffle="mt19937ar,B86574A7,ACA22351,26D8B030,A9DCB5C4,86F462F8,C9DE8A23,3FA8F601,265FEB73,F9DAD6C3,FB47ABD0,3AB49DCF,2362B52A,F195A2C9,749548A5,03040039,75235B52,4CC61D74,D3CA60BB,7C873887,042CC456,0022B0B2,BFEB38E1,74CF955D,45666D6D,686D85F2,7C43E6D9,FB4CEC2E,2362EB28,6DFA0AE2,227D2A4A,3F784376,92E31BEB"/><U135/><E135/><N who="2" m="51755" /><F33/><W26/><G39/><T120/><D17/><U7/><E96/><V115/><F123/><W126/><G75/><T50/><D50/><U36/><E58/><V117/><F117/><W106/><G126/><T57/><D57/><U30/><E30/><V128/><F79/><W0/><G131/><T113/><D87/><U2/><E10/><V110/><F128/><W89/><G35/><T22/><D22/><U91/><E7/><V88/><F115/><W129/><G129/><T62/><D38/><U51/><E36/><V124/><F124/><W101/><G89/><T4/><D4/><U83/><E51/><N who="2" m="29039" /><F110/><W84/><G99/><T63/><D77/><U25/><E25/><V37/><F37/><W14/><G84/><T108/><D73/><U85/><E85/><V44/><F44/><W90/><G90/><T9/><D116/><U20/><E91/><V32/><F32/><W109/><G109/><N who="0" m="42059" /><D120/><U114/><E20/><V52/><F8/><W24/><G24/><T55/><D9/><U102/><E102/><V13/><F13/><W41/><G6/><T70/><D133/><U42/><E114/><N who="0" m="44137" /><D55/><U56/><E56/><N who="2" m="34823" /><F66/><AGARI ba="1,1" hai="28,29,62,63,66,67,68,70" m="44137,42059" machi="66" ten="30,1000,0" yaku="14,1" doraHai="34" who="0" fromWho="2" sc="235,23,265,0,255,-13,235,0" /><INIT seed="2,0,0,2,5,112" ten="258,265,242,235" oya="2" hai0="54,60,65,123,40,38,44,88,95,131,12,63,33" hai1="106,119,86,98,34,111,133,59,100,48,115,64,120" hai2="19,35,15,74,121,43,101,5,114,7,84,128,99" hai3="110,13,18,93,81,108,14,55,57,130,73,127,72" shuffle="mt19937ar,5686B784,301FE5B8,52C7F373,166E45F4,21A56F3A,82943BE8,4D637F59,6B62B48B,2B7A78E3,5502E9D4,818D46BF,467FC7B4,7E2A57DD,C60460F6,2F4D0798,4149E409,3E0F830B,1C249B31,749B2EFC,34183717,2FE5D835,2471BDFA,9CC8EED5,C4943709,4E30BC58,8F98D2A3,6B1E0385,61B25C09,678997E7,24666558,280FC5B6,AAE8F5D1"/><V90/><F74/><W26/><G130/><T69/><D33/><U62/><E86/><V51/><F35/><W1/><G1/><T16/><D131/><U67/><E67/><V53/><F121/><W68/><G68/><T105/><D105/><U94/><E94/><V82/><F114/><W124/><G93/><T70/><D123/><U56/><E115/><V41/><F128/><W10/><G26/><T76/><D76/><U83/><E83/><V103/><F103/><W27/><G27/><T32/><D32/><U104/><E120/><V85/><F85/><W49/><G81/><T9/><D54/><U36/><E106/><V80/><F80/><W134/><G14/><T52/><D52/><N who="1" m="31751" /><E36/><V126/><F126/><N who="3" m="48171" /><G134/><T122/><D122/><U47/><E133/><V116/><F7/><W87/><G87/><T45/><D45/><U3/><E3/><V135/><F5/><W17/><G18/><T129/><D129/><U50/><E34/><V79/><F79/><W28/><G28/><T2/><D2/><U29/><E29/><V4/><F4/><W96/><G96/><T91/><D95/><U118/><E111/><AGARI ba="0,0" hai="10,13,17,49,55,57,72,73,108,110,111" m="48171" machi="111" ten="30,2000,0" yaku="14,1,18,1" doraHai="112" who="3" fromWho="1" sc="258,0,265,-20,242,0,235,20" /><INIT seed="3,0,0,4,1,83" ten="258,245,242,255" oya="3" hai0="99,78,13,135,80,116,100,15,64,38,128,67,93" hai1="41,31,1,8,42,77,19,33,49,16,87,9,10" hai2="44,107,27,29,0,2,22,117,113,96,66,12,70" hai3="79,123,89,74,101,59,92,104,133,94,57,102,20" shuffle="mt19937ar,60B0636B,234996EF,B88BD5DE,FA13DA54,1A0F5AD8,AEB69EE3,E1A583F6,840E554E,EC9B416B,1FE66ABF,7D69F405,3A69E97A,2763E70B,AB1BC321,099778DA,79D5C490,5A12D2C7,36B2CB04,935A3261,564E21CF,A60BA31B,A4D37925,F4B45D32,AF957690,EC14B311,37203262,59848BDF,F64C8CB7,582E2BF9,36D6FA61,A22FDA83,110A657C"/><W131/><G123/><T35/><D116/><U30/><E49/><V51/><F117/><W3/><G3/><T26/><D135/><U134/><E134/><V65/><F113/><W86/><G133/><T63/><D128/><U34/><E77/><V68/><F66/><W6/><G6/><T103/><D38/><U120/><E87/><V46/><F46/><W21/><G131/><T11/><D100/><N who="3" m="38505" /><G104/><T73/><D64/><U98/><E98/><V132/><F132/><W4/><G4/><T112/><D112/><U108/><E120/><V124/><F107/><W76/><G74/><T7/><D35/><N who="1" m="13323" /><E42/><V82/><F96/><W71/><G71/><T24/><REACH who="0" step="1"/><D15/><REACH who="0" step="2"/><N who="1" m="7271" /><E41/><V54/><F65/><W111/><G111/><T58/><AGARI ba="0,1" hai="7,11,13,24,26,58,63,67,73,78,80,93,99,103" machi="58" ten="20,2700,0" yaku="1,1,0,1,7,1,53,0" doraHai="83" doraHaiUra="129" who="0" fromWho="0" sc="248,37,245,-7,242,-7,255,-13" /><INIT seed="4,0,0,0,1,77" ten="285,238,235,242" oya="0" hai0="127,68,119,105,4,2,61,42,53,60,17,121,62" hai1="24,12,18,67,91,104,111,132,117,58,123,78,43" hai2="3,96,63,30,75,90,99,37,122,65,54,23,31" hai3="82,47,5,87,35,38,86,28,128,113,134,120,29" shuffle="mt19937ar,33CCB1D6,CCCC40FC,738B87D2,BFDB45A3,E3BD5D2D,605DD7E1,9DA337E3,5E55FA7A,F7B09965,07648992,5CD7A006,A6E574DF,34FB933F,E18495CC,EE8678C2,44BD4C7E,21C57435,68F9A106,227D4311,095F4688,02D3B300,DA10BF73,36D34B99,2B516D38,F060A00C,6EFD49FE,82EDA41B,9BF360C5,2F9D1B9D,FF6C49F5,C2FCA74D,85209433"/><T6/><D105/><U44/><E104/><V10/><F75/><W101/><G113/><T94/><D119/><U27/><E117/><V49/><F122/><W33/><G5/><T80/><D121/><U89/><E123/><V79/><F37/><W8/><G120/><T103/><D127/><U26/><E111/><V102/><F79/><W108/><G108/><T114/><D68/><U55/><E132/><V135/><F135/><W124/><G134/><T32/><D32/><U0/><E67/><V106/><F23/><W57/><G124/><T7/><D114/><U25/><E0/><V20/><F20/><W83/><G101/><T41/><D2/><U22/><N who="1" m="6656" /><DORA hai="1" /><U76/><E44/><V71/><F90/><N who="1" m="34313" /><E43/><N who="0" m="16393" /><D17/><U34/><E34/><V14/><F3/><W74/><G47/><T11/><D11/><U70/><E70/><V50/><F99/><W130/><G74/><T16/><D16/><U110/><E110/><V100/><F100/><W131/><G131/><T93/><D80/><U13/><E13/><V116/><F116/><W92/><G38/><T46/><D46/><U64/><E64/><V52/><F50/><AGARI ba="0,0" hai="12,18,22,50,55,58,76,78" m="34313,6656" machi="50" ten="40,1300,0" yaku="8,1" doraHai="77,1" who="1" fromWho="2" sc="285,0,238,13,235,-13,242,0" /><INIT seed="5,0,0,4,5,26" ten="285,251,222,242" oya="1" hai0="68,35,70,87,27,25,44,85,130,123,114,40,31" hai1="111,134,4,127,131,90,82,48,36,57,125,1,126" hai2="38,5,74,46,95,113,77,56,14,66,12,62,18" hai3="67,58,55,39,28,119,10,0,22,81,97,9,6" shuffle="mt19937ar,652833AB,DAF15B3B,11CD23FB,00ECAA8A,8CABC6EA,4B030893,BDC938D2,3C511DA3,A6887EE0,DB34F4AB,93230DFC,43416FE1,BFB5D6EB,08B7F332,A230CD30,848C4B79,42B6FC52,10FC979B,B7FF7A35,7520F976,0B9055BF,A35D878A,30E37A2D,C3E0FBE3,412E6085,594A370C,2EA24685,1C504573,B0CF557B,65FFE5CD,0909D843,8301C276"/><U132/><E36/><V20/><F113/><W109/><G109/><T11/><D11/><U21/><E4/><V54/><F74/><W32/><G39/><N who="0" m="21535" /><D25/><U106/><E1/><V45/><F77/><W17/><G119/><T75/><D75/><U98/><E21/><V60/><F38/><W79/><G67/><T13/><D13/><U49/><E57/><N who="2" m="37135" /><F95/><W91/><G10/><AGARI ba="0,0" hai="5,10,12,14,18,20,45,46,54,56,62" m="37135" machi="10" ten="30,1000,0" yaku="8,1" doraHai="26" who="2" fromWho="3" sc="285,0,251,0,222,10,242,-10" /><INIT seed="6,0,0,2,2,130" ten="285,251,232,232" oya="2" hai0="123,128,114,83,23,17,105,75,36,64,39,59,112" hai1="37,0,20,88,47,69,77,85,129,65,68,94,38" hai2="73,18,111,19,106,126,76,61,50,71,14,108,62" hai3="32,53,55,125,97,134,54,121,92,122,99,96,16" shuffle="mt19937ar,280D2C96,0B16A201,D83F0A11,0F113D73,BDE9AB07,ADBFF33F,B78A4EAC,936E5416,94DF5322,BFA5BE28,5C4AEF8D,FEC3C921,0AB39C89,D9F32301,3924226C,C44D26D9,0C70479D,46A1BFED,F2702E71,90C7813B,C9BE97C1,C9E2A38E,2F670BAE,C9060A11,628E4034,8303D4DB,F2392D9B,CF5D799E,926E38A5,3882C2A0,93D1BC5E,94C9CD4C"/><V1/><F1/><W67/><G32/><T29/><D128/><U45/><E0/><V117/><F117/><W52/><G125/><T42/><D123/><U135/><E129/><V72/><F106/><W3/><G3/><T44/><D105/><U119/><E119/><V2/><F2/><W109/><G109/><N who="2" m="42057" /><F50/><W46/><G134/><T9/><D29/><U78/><E135/><V35/><F35/><W93/><G67/><T26/><D9/><U33/><E33/><V49/><F49/><N who="3" m="28727" /><G121/><T103/><D103/><U25/><E38/><V74/><F76/><W21/><G122/><T79/><D36/><U30/><E37/><V58/><F126/><W31/><G31/><T84/><D75/><U48/><E69/><V5/><F5/><W113/><G113/><T91/><D79/><U40/><REACH who="1" step="1"/><E47/><REACH who="1" step="2"/><V7/><F7/><W81/><G81/><T6/><D59/><U89/><E89/><V11/><F71/><W127/><G127/><T4/><D64/><U90/><E90/><V120/><F120/><W43/><G43/><T116/><D116/><U70/><E70/><V63/><F19/><W133/><G133/><T57/><D57/><AGARI ba="0,1" hai="11,14,18,57,58,61,62,63,72,73,74" m="42057" machi="57" ten="40,2000,0" yaku="10,1" doraHai="130" who="2" fromWho="0" sc="285,-20,241,0,232,30,232,0" /><INIT seed="6,1,0,3,4,115" ten="265,241,262,232" oya="2" hai0="122,20,6,10,7,21,106,127,114,61,0,131,133" hai1="64,47,57,11,65,5,124,40,83,100,128,38,37" hai2="63,121,99,30,14,48,82,26,41,87,68,98,13" hai3="107,97,67,12,62,119,94,110,18,90,31,113,35" shuffle="mt19937ar,3874948F,C3A4D12F,7EE4BFD9,19B733C0,80617B1A,1FA6FB76,B863C2F0,285C2474,CB27A1AF,3D5DBB21,151B7E4D,90390C11,EEFF7859,AA8EEC39,8AF1BE62,BF86431D,219DE6F2,87694243,5392AF57,8B2C135D,D3A33D67,DDECBD19,AE190D45,8C358BEE,C151C492,778FA39E,59D6CA0C,51F23CBA,AE0B97AB,5C046786,4140D238,1CBE98FB"/><V84/><F121/><W9/><G110/><T66/><D114/><U129/><E100/><V15/><F68/><W32/><G113/><T16/><D122/><U8/><E83/><V81/><F63/><W24/><G107/><T85/><D106/><U132/><E5/><V86/><F41/><W36/><G36/><N who="1" m="13930" /><E11/><V118/><F118/><W80/><G80/><T17/><D127/><U109/><E8/><V1/><F1/><W72/><G72/><T49/><D133/><U134/><E109/><V53/><F99/><W54/><G54/><T105/><D105/><U28/><E28/><V25/><F98/><W104/><G104/><T19/><D131/><N who="1" m="50251" /><E124/><V88/><F30/><W29/><G29/><T44/><D85/><N who="2" m="32874" /><F82/><W75/><G75/><T74/><D74/><U103/><E103/><V50/><F50/><W120/><G120/><T69/><REACH who="0" step="1"/><D7/><REACH who="0" step="2"/><U91/><E91/><V95/><F81/><W73/><G73/><T55/><AGARI ba="1,1" hai="0,6,10,16,17,19,20,21,44,49,55,61,66,69" machi="55" ten="30,7900,0" yaku="1,1,2,1,0,1,54,1,53,0" doraHai="115" doraHaiUra="108" who="0" fromWho="0" sc="255,92,241,-21,262,-40,232,-21" owari="347,35,220,-13,222,-3,211,-19" /></mjloggm>