<mjloggm ver="2.3"><GO type="97"/><UN n0="%E9%87%8F%E7%94%A3%E5%9E%8B%E3%83%8D%E3%82%B3%E5%9E%8B%E3%83%AD%E3%83%9C" n1="%E5%B1%B1%E7%94%B0%E8%BC%AA%E5%AD%90" n2="%E3%83%80%E3%83%8B%E5%B7%9D%E3%83%BB%E3%83%A8%E3%82%B4%E3%83%AC" n3="%E3%82%A6%E3%83%AB%E3%83%88%E3%83%A9%E7%AB%8B%E7%9B%B4" dan="15,16,13,13" rate="1958,1954,1831,1832" sx="M,F,M,M"/><TAIKYOKU oya="0"/><INIT seed="0,0,0,0,3,7" ten="250,250,250,250" oya="0" hai0="17,15,44,130,3,28,34,92,47,104,79,90,103" hai1="121,69,120,25,36,129,84,116,23,122,126,30,50" hai2="111,39,114,22,123,85,16,100,55,12,64,66,105" hai3="54,57,80,11,81,97,4,75,70,110,106,72,38" shuffle="mt19937ar,0A5929E1,B280CE5B,CBC854CC,506DED64,B85ECB94,0FE0B5E0,C06C928D,AC8D15D4,55BC433D,55D8FA09,37BBFD47,A20E3ACF,CAE823E5,BD6F760B,0E5795BA,D592538F,CF937A6B,67A4E0FC,D60DBEB7,E26845FF,AB77AB5B,B277DFFA,B806739A,0CA1FF62,F4FDD6E1,9F2771B3,7300D0D2,39EC16C0,9234A70D,EF9977E1,023361DF,0D683E42"/><T19/><D3/><U37/><E116/><V91/><F123/><W77/><G38/><T82/><D130/><U56/><E129/><V107/><F114/><W31/><G70/><T62/><D34/><U32/><E69/><V18/><F39/><W35/><G110/><T8/><D28/><U40/><E126/><V98/><F107/><W109/><G109/><T108/><D108/><U71/><E71/><V125/><F125/><W101/><G31/><T117/><D117/><U49/><E32/><V46/><F111/><W93/><G35/><T53/><D104/><U94/><E56/><V1/><F1/><W132/><G132/><T89/><D103/><U9/><E9/><V131/><F131/><W78/><G54/><T127/><D127/><U133/><E133/><V21/><F55/><W42/><G57/><N who="0" m="35119" /><D19/><U113/><E113/><V2/><F46/><N who="0" m="17450" /><D92/><U5/><E94/><V115/><F2/><W29/><G29/><T51/><D51/><U119/><E50/><V124/><F124/><W6/><G42/><T83/><D79/><U65/><E119/><V134/><F115/><W112/><G112/><T102/><D102/><U26/><E49/><V68/><F68/><W52/><G93/><T0/><D0/><U24/><E122/><V96/><F96/><W76/><G76/><T48/><D48/><U128/><E121/><V67/><F134/><W13/><G52/><T135/><D135/><U87/><E128/><V63/><F63/><W45/><G45/><T86/><D86/><U20/><E120/><V99/><F99/><W41/><G41/><T58/><D58/><RYUUKYOKU ba="0,0" sc="250,15,250,-15,250,-15,250,15" hai0="8,15,17,82,83,89,90" hai3="4,6,11,13,72,75,77,78,80,81,97,101,106" /><INIT seed="0,1,0,0,2,105" ten="265,235,235,265" oya="0" hai0="49,112,42,64,133,33,94,113,131,111,57,126,56" hai1="15,2,60,11,20,71,104,77,27,31,38,35,102" hai2="1,121,18,108,37,106,93,96,98,109,25,7,66" hai3="101,59,103,82,124,80,123,3,76,85,70,45,65" shuffle="mt19937ar,9179DF68,95167E6A,B22B7CB3,39F9AEF0,101965AA,DEDF85CA,A604721C,7A16E2B8,14A6B3EC,3E5E055B,36AC9BD0,D7215858,390CA1A7,4B08A1A3,F453254B,87A7AED4,96AFECE0,2B26ACE5,AC4B1894,02DA702A,7558FBB1,5D54EF49,7F938AB7,C3784F64,8FACBE51,57420F79,F80C1BC6,AE64612D,31917E85,EA41F4C3,474D8231,ACE5F8CF"/><T122/><D33/><U13/><E38/><V24/><F37/><W73/><G70/><T61/><D94/><U28/><E77/><V6/><F106/><W120/><G3/><T72/><D122/><N who="3" m="46633" /><G45/><T36/><D72/><U97/><E31/><V14/><F121/><W54/><G65/><T110/><D36/><U78/><E78/><V86/><F66/><W132/><G132/><T62/><D133/><U135/><E135/><V5/><F1/><W129/><G129/><T40/><D131/><U46/><E20/><N who="2" m="11351" /><F109/><N who="0" m="41482" /><D126/><U100/><E100/><V114/><F114/><N who="0" m="44138" /><D49/><U84/><E35/><V50/><F50/><N who="3" m="31191" /><G124/><T75/><D75/><U127/><E127/><V19/><F108/><W12/><G12/><T30/><D30/><U116/><E15/><V44/><F44/><W48/><G48/><T87/><D87/><U53/><E46/><V34/><F34/><W68/><G68/><T0/><D0/><U4/><E84/><V83/><F25/><W39/><G39/><T115/><N who="0" m="44146" /><T17/><DORA hai="118" /><D17/><U92/><E2/><V95/><F19/><W51/><G51/><T117/><D117/><U55/><E116/><V9/><F24/><W21/><G21/><T10/><D10/><U107/><E107/><V58/><F9/><W23/><G23/><T47/><D47/><U130/><E104/><V89/><F58/><N who="0" m="22634" /><D64/><N who="1" m="41351" /><E28/><V128/><F128/><W16/><G16/><T119/><D119/><U125/><E130/><V52/><F52/><N who="1" m="20041" /><E125/><V32/><F32/><W63/><G63/><AGARI ba="1,0" hai="40,42,61,62,63" m="22634,44146,41482" machi="63" ten="50,18000,2" yaku="28,2,14,1,10,1,34,2" doraHai="105,118" who="0" fromWho="3" sc="265,183,235,0,235,0,265,-183" /><INIT seed="0,2,0,2,4,111" ten="448,235,235,82" oya="0" hai0="106,35,132,112,75,124,8,127,64,92,90,80,36" hai1="11,123,70,134,18,38,102,20,34,55,133,63,107" hai2="113,61,66,32,22,115,9,74,46,110,5,126,69" hai3="16,85,103,77,56,49,39,41,76,72,101,118,1" shuffle="mt19937ar,CCC7FE7B,F645C977,AFD66795,4B960E8E,E28F61EA,7ADC18E3,8E5190F6,65EA58F0,80016490,5067FCB4,D89AF728,5172B8D4,8D608E9C,39A62276,FBB87715,EEC31806,26826D7B,3ED68521,BE22023B,C255B52E,8012A9A1,82DCCBDF,D0107AE8,73050DD5,C756D75D,DA9547B8,03588124,81DBCFB2,AEBF06B3,E37F18B5,BE179174,ED4B2362"/><T6/><D35/><U58/><E123/><V57/><F32/><W84/><G1/><T2/><D106/><U59/><E34/><V30/><F110/><W73/><G39/><T26/><D64/><U13/><E38/><V68/><F74/><N who="3" m="28779" /><G56/><T17/><D132/><N who="1" m="50795" /><E70/><V119/><F119/><W33/><G49/><T95/><D95/><U71/><E71/><V47/><F69/><W105/><G41/><T104/><D104/><U78/><E59/><V52/><F126/><W89/><G16/><T122/><D122/><U37/><E37/><V125/><F125/><N who="0" m="48202" /><D36/><U65/><E78/><N who="3" m="30314" /><G33/><T87/><D75/><U54/><E20/><V29/><F47/><W94/><G118/><T116/><D116/><U7/><E7/><V82/><F46/><W86/><G105/><T93/><D17/><U10/><E10/><V45/><F45/><W117/><G117/><T19/><D19/><U25/><E25/><V44/><F44/><W120/><G120/><T67/><D26/><U53/><E65/><V108/><F108/><W43/><G43/><T62/><D62/><U21/><E11/><V79/><F22/><W50/><G50/><T128/><D67/><U135/><E135/><V88/><F66/><W0/><G0/><T23/><D23/><U24/><E24/><V4/><F68/><W3/><G3/><T98/><D8/><U96/><AGARI ba="2,0" hai="13,18,21,53,54,55,58,63,96,102,107" m="50795" machi="96" ten="30,1100,0" yaku="20,1" doraHai="111" who="1" fromWho="1" sc="448,-7,235,17,235,-5,82,-5" /><INIT seed="1,0,0,4,5,119" ten="441,252,230,77" oya="1" hai0="29,111,131,5,132,25,35,57,26,114,6,82,21" hai1="24,55,84,12,93,105,34,102,37,33,113,16,135" hai2="120,38,130,19,122,89,71,15,125,69,23,39,96" hai3="85,108,116,7,1,53,56,99,87,95,100,65,126" shuffle="mt19937ar,3ABF5C5C,B134982F,16C071F4,8AB150AE,641C505C,48F6538D,D8D1AD48,1A6F491A,7E3591F7,60D3ED9B,9914B7A9,1C6DD4E9,25718B91,049FBD81,17F96E57,972CB5BA,D2BEB322,AD5C5CFF,EA07DDC8,4862B4B5,E53F9261,114B8D75,744F7551,A692C8D1,F2D5E532,F6FC3D95,3ED8236E,6FC4B4A1,19D49B95,9F548760,2FF816DD,8658614B"/><U20/><E113/><V80/><F130/><W17/><G116/><T59/><D114/><U63/><E135/><V9/><F125/><W49/><G126/><T30/><D132/><U128/><E37/><V101/><F39/><W83/><G108/><T14/><D111/><U58/><E128/><V8/><F38/><W62/><G7/><T94/><D131/><U0/><E0/><V75/><F8/><W72/><G1/><T66/><D82/><U68/><E68/><V51/><F51/><W124/><G124/><T106/><D106/><U45/><E45/><V110/><F110/><W52/><G72/><T54/><D66/><U60/><E60/><V86/><F75/><W112/><G112/><T123/><D123/><U3/><E3/><V115/><F115/><W61/><G17/><T77/><D77/><U74/><E74/><V43/><F43/><W134/><G134/><T48/><D59/><U47/><E47/><V41/><F41/><W64/><G85/><T127/><D127/><U92/><E105/><V129/><F129/><W10/><G10/><T73/><D73/><U79/><E34/><V44/><F44/><W91/><REACH who="3" step="1"/><G49/><REACH who="3" step="2"/><T67/><D67/><U40/><E84/><V11/><F11/><W28/><G28/><T88/><D14/><U22/><E12/><V4/><F71/><AGARI ba="0,1" hai="52,53,56,61,62,64,65,71,83,87,91,95,99,100" machi="71" ten="30,7700,0" yaku="1,1,7,1,54,1,53,1" doraHai="119" doraHaiUra="90" who="3" fromWho="2" sc="441,0,252,0,230,-77,67,87" /><INIT seed="2,0,0,0,2,42" ten="441,252,153,154" oya="2" hai0="5,45,90,10,118,69,15,2,91,11,111,33,122" hai1="21,17,25,127,114,93,20,131,3,87,12,55,41" hai2="80,14,133,117,50,44,120,97,62,70,68,9,23" hai3="109,129,76,86,39,58,43,99,67,94,38,124,85" shuffle="mt19937ar,596AB236,0687836F,914E9A07,9010AA19,D9D491E6,23E5EAFE,CC468144,8DE21402,8B50EEF6,0D31407A,1344912A,9847E559,CBA1400E,960EEE83,69D20243,B8D3133B,30EB512F,EC09629B,E5E72C5A,BB3FFFA4,1FB85C4E,5F15B2EC,3DA3B18A,2944B04B,4137046D,AD23C1BA,4B95E6FD,462A3CC3,B60E5816,BA1022B3,8BA535DD,1EDCA33A"/><V84/><F117/><W77/><G39/><T63/><D122/><U75/><E114/><V47/><F120/><W92/><G38/><T72/><D118/><U88/><E75/><V57/><F133/><W49/><G124/><T65/><D111/><U134/><E127/><V24/><F97/><W100/><G109/><T125/><D72/><U128/><E3/><V119/><F119/><W56/><G129/><N who="1" m="49738" /><E41/><V105/><F105/><W104/><G104/><T121/><D125/><U71/><E71/><V40/><F47/><N who="3" m="25855" /><G92/><T74/><D74/><U106/><E106/><V130/><F130/><W51/><G51/><T54/><D121/><U6/><E55/><V123/><F123/><W89/><G89/><T19/><D33/><U60/><E60/><V81/><F81/><N who="3" m="47271" /><G67/><T27/><D90/><U98/><E134/><V32/><F32/><W1/><G1/><T0/><D91/><U82/><E6/><V30/><F80/><AGARI ba="0,0" hai="56,58,77,80,86,94,99,100" m="47271,25855" machi="80" ten="30,2000,0" yaku="8,1,52,1" doraHai="42" who="3" fromWho="2" sc="441,0,252,0,153,-20,154,20" /><INIT seed="3,0,0,2,3,123" ten="441,252,133,174" oya="3" hai0="103,65,67,17,28,108,39,88,27,50,63,90,21" hai1="116,102,43,7,3,40,18,114,46,33,15,113,130" hai2="8,73,89,131,112,11,80,84,85,120,128,135,36" hai3="34,19,78,115,44,64,37,107,29,10,92,74,93" shuffle="mt19937ar,4B1F137F,0762C28B,ED0BCAC2,F7AB5EA3,C4C03DC7,7DA596BC,DAABAA27,00041B67,08D87683,670E785A,4789D334,11501B2D,D39AD343,EBF53817,E6CD7039,4983754F,8B69854D,C237340B,0F7D7092,FD37950A,9B5259AE,15D80026,34FE3C66,59092F82,66137559,0579890C,C2DBD59A,A874DE91,A62E83A4,B0B82426,0AEFAE79,53B440C1"/><W58/><G78/><T91/><D39/><U83/><E33/><V95/><F36/><W87/><G74/><T72/><D108/><U60/><E116/><V81/><F11/><W1/><G107/><T97/><D72/><U98/><E130/><N who="2" m="49707" /><F8/><W59/><G29/><T13/><D50/><U32/><E83/><V52/><F52/><W6/><G34/><T110/><D110/><U22/><E98/><N who="2" m="57711" /><F112/><W0/><G115/><T54/><D54/><U70/><E102/><V82/><F73/><W41/><G0/><T47/><D47/><U132/><E3/><V38/><F38/><W126/><G126/><T99/><D99/><U26/><E46/><V101/><F135/><W57/><G64/><T9/><D63/><U111/><E132/><V53/><F53/><W77/><G19/><T133/><D133/><U86/><E7/><V106/><F120/><W51/><G37/><T56/><D56/><U42/><E113/><V49/><F49/><W100/><G1/><T104/><AGARI ba="0,0" hai="9,13,17,21,27,28,65,67,88,90,91,97,103,104" machi="104" ten="30,2000,0" yaku="0,1,54,1" doraHai="123" who="0" fromWho="0" sc="441,20,252,-5,133,-5,174,-10" owari="461,46,247,0,128,-27,164,-19" /></mjloggm>