<mjloggm ver="2.3"><GO type="97"/><UN n0="%E3%82%B0%E3%83%A9%E3%83%8B%E3%83%A5%E3%83%BC%E7%B3%96" n1="%E3%81%8C%E3%81%99" n2="%E3%82%A6%E3%83%AB%E3%83%88%E3%83%A9%E7%AB%8B%E7%9B%B4" n3="%43%61%6C%6B%61%6E" dan="15,13,13,14" rate="1988,1810,1826,1862" sx="M,M,M,M"/><TAIKYOKU oya="0"/><INIT seed="0,0,0,4,0,81" ten="250,250,250,250" oya="0" hai0="57,61,71,78,72,85,132,59,20,36,22,103,96" hai1="53,31,27,49,102,135,101,14,68,46,25,82,23" hai2="63,48,11,108,8,60,62,75,17,115,93,65,134" hai3="2,38,121,112,7,67,130,74,124,55,45,18,64" shuffle="mt19937ar,C618A7ED,7F8FE4FD,7023B77B,5623EAF7,1C85383D,F411B833,9EFDAA15,1D0EF0C8"/><T110/><D132/><U123/><E68/><V120/><F75/><W24/><G112/><T30/><D36/><U51/><E123/><V133/><F120/><W107/><G121/><T40/><D40/><U104/><E104/><V91/><F115/><W34/><G107/><T28/><D72/><U111/><E111/><V80/><F80/><W69/><G74/><T122/><D122/><U29/><E135/><N who="2" m="51723" /><F108/><W12/><G69/><T37/><D37/><U98/><E98/><V109/><F109/><W3/><G38/><T114/><D114/><U52/><E14/><V0/><F0/><W1/><G7/><T35/><D35/><U105/><E82/><V76/><F76/><W70/><G70/><T106/><D110/><U58/><E105/><V43/><F65/><W41/><G41/><T113/><D113/><U44/><E58/><V9/><F17/><W56/><G45/><T5/><D5/><U128/><E128/><V32/><F32/><AGARI ba="0,0" hai="23,25,27,29,31,32,44,46,49,51,52,53,101,102" machi="32" ten="30,3900,0" yaku="7,1,9,1,54,1" doraHai="81" who="1" fromWho="2" sc="250,0,250,39,250,-39,250,0" /><INIT seed="1,0,0,4,3,29" ten="250,289,211,250" oya="1" hai0="39,105,126,59,120,22,71,103,100,134,46,132,49" hai1="43,118,36,0,96,99,129,130,40,121,28,65,17" hai2="112,5,107,92,35,16,97,45,2,70,82,68,1" hai3="74,34,119,32,11,53,37,19,42,13,67,27,12" shuffle="mt19937ar,A1A3F928,5E5757F9,542734A7,113A6F28,2C7F0A5E,EA416529,DE25167B,7476E611"/><U61/><E0/><V62/><F107/><W30/><G74/><T84/><D71/><U21/><E28/><V66/><F70/><W4/><G67/><T50/><D39/><U18/><E121/><V110/><F112/><W131/><G119/><T116/><D116/><U81/><E118/><V55/><F110/><W24/><G42/><N who="1" m="15914" /><E81/><V79/><F35/><W3/><G37/><T33/><D120/><U75/><E75/><V102/><F45/><W23/><G53/><T114/><D105/><U86/><E86/><V47/><F5/><W48/><G48/><T25/><D84/><U122/><E36/><V58/><F47/><W98/><G98/><N who="1" m="37418" /><E122/><V93/><F93/><W106/><G106/><T133/><D114/><U14/><E130/><V88/><F102/><W76/><G76/><T31/><D103/><U63/><E129/><V89/><F89/><W9/><G131/><T127/><D100/><U123/><E123/><V104/><F104/><W94/><G94/><T44/><D59/><N who="1" m="37055" /><E18/><V10/><F16/><N who="3" m="8207" /><G27/><T109/><D109/><U56/><E56/><V69/><F10/><AGARI ba="0,0" hai="3,4,10,11,13,19,23,24,30,32,34" m="8207" machi="10" ten="30,16000,3" yaku="35,5,52,2,54,1" doraHai="29" who="3" fromWho="2" sc="250,0,289,0,211,-160,250,160" /><INIT seed="2,0,0,2,4,49" ten="250,289,51,410" oya="2" hai0="100,133,88,135,128,110,87,126,1,64,45,2,25" hai1="11,82,21,106,115,99,38,84,65,125,72,51,20" hai2="66,40,121,39,114,3,124,54,91,31,56,89,10" hai3="103,127,59,50,9,92,70,6,105,41,134,7,57" shuffle="mt19937ar,575491F1,68407641,6330985D,DD4787C8,86790C62,B719E45B,FD8EB7A7,96CDD194"/><V55/><F31/><W117/><G117/><T97/><D110/><U80/><E115/><V95/><F121/><W113/><G70/><T18/><D64/><U94/><E38/><V90/><F114/><W46/><G113/><T48/><D128/><U12/><E125/><V129/><F124/><W96/><G127/><T85/><D126/><U101/><E65/><V122/><F129/><W123/><G123/><T77/><D77/><U47/><E72/><V0/><F122/><W76/><G76/><T74/><D74/><U112/><E106/><V120/><F120/><W22/><G134/><N who="0" m="51211" /><D25/><U111/><E111/><V61/><F95/><W36/><G105/><N who="0" m="63631" /><D18/><U30/><E30/><V53/><REACH who="2" step="1"/><F10/><REACH who="2" step="2"/><W73/><G9/><T81/><D87/><U34/><E112/><V23/><F23/><W52/><G73/><T69/><D69/><U130/><E34/><V118/><F118/><W32/><G32/><T104/><D104/><U33/><E33/><V98/><F98/><W44/><G22/><T119/><D119/><U60/><E130/><V107/><F107/><W43/><G59/><T14/><D14/><U16/><E82/><V63/><F63/><AGARI ba="0,1" hai="6,7,36,41,43,44,46,50,52,57,63,92,96,103" machi="63" ten="30,3900,0" yaku="7,1,52,1,54,1" doraHai="49" who="3" fromWho="2" sc="250,0,289,0,41,-39,410,49" /><INIT seed="3,0,0,0,4,54" ten="250,289,2,459" oya="3" hai0="87,94,14,102,63,123,120,75,24,4,134,36,22" hai1="115,38,128,20,28,125,131,96,44,45,95,89,7" hai2="68,101,69,91,99,6,3,56,2,108,124,17,83" hai3="8,16,29,11,32,72,117,118,31,47,33,133,107" shuffle="mt19937ar,E85C3DB8,01D5DFB4,949E0CA6,DC0446C1,C28CC936,FD5953AC,A77A735D,E53F30A5"/><W39/><G72/><T78/><D36/><U46/><E115/><V73/><F73/><W71/><G107/><T1/><D134/><U79/><E38/><V81/><F81/><W129/><G71/><T49/><D75/><U97/><E79/><V0/><F0/><W104/><G104/><T119/><D119/><U127/><E7/><V90/><F90/><W76/><G76/><T77/><D1/><U23/><E28/><V43/><F43/><W70/><G70/><T57/><D49/><U122/><E122/><V130/><F130/><N who="1" m="49705" /><E95/><V65/><F65/><W84/><G39/><T111/><D111/><U40/><E89/><V5/><F5/><W15/><G129/><T21/><D21/><N who="1" m="8267" /><E40/><V116/><F116/><W103/><G103/><T41/><D41/><U52/><E52/><V10/><F91/><W51/><G33/><T132/><D132/><U112/><E112/><V12/><F83/><W92/><G32/><T109/><D109/><U93/><E93/><V74/><F108/><W53/><G133/><T50/><D50/><U26/><E26/><V100/><F74/><W60/><G118/><T42/><D42/><U86/><E86/><V25/><F25/><W64/><G117/><T9/><D120/><U126/><AGARI ba="0,0" hai="44,45,46,96,97,125,126,127" m="8267,49705" machi="126" ten="40,8000,1" yaku="28,2,18,1,19,1" doraHai="54" who="1" fromWho="1" sc="250,-20,289,80,2,-20,459,-40" owari="230,-12,369,12,-18,-42,419,42" /></mjloggm>