<mjloggm ver="2.3"><GO type="41"/><UN n0="%E3%82%A2%E3%83%AB%E3%82%B7%E3%83%A3%E3%83%93%E3%83%B3" n1="%E3%82%A6%E3%83%AB%E3%83%88%E3%83%A9%E7%AB%8B%E7%9B%B4" n2="%E7%84%A1%E5%8F%8C%E3%81%AE%EF%BC%96%E6%89%93%E3%81%A1%E3%81%A6%E3%81%88" n3="%E3%83%8A%E3%83%91%E3%83%83%E3%83%81" dan="14,15,15,14" rate="1948,1960,1939,1960" sx="M,M,M,M"/><TAIKYOKU oya="0"/><INIT seed="0,0,0,4,1,31" ten="250,250,250,250" oya="0" hai0="119,86,106,26,27,98,49,77,69,117,1,110,34" hai1="38,92,124,28,107,130,125,61,104,50,72,9,42" hai2="79,64,3,14,63,25,71,74,16,102,132,30,135" hai3="43,109,23,111,90,114,101,2,115,78,39,19,41"/><T46/><D69/><U103/><E38/><V116/><F3/><W129/><G2/><T113/><D113/><U67/><E9/><V22/><F116/><W18/><G78/><T33/><D1/><U75/><E28/><V121/><F121/><W127/><G101/><T94/><D26/><U21/><E21/><V15/><F102/><W95/><G129/><T134/><D134/><U76/><E50/><V131/><F131/><W40/><G39/><T118/><D106/><U56/><E42/><V89/><F89/><W13/><G127/><N who="1" m="48714" /><E130/><V54/><F54/><W65/><G65/><T62/><D27/><U44/><E44/><V97/><F97/><W73/><G73/><N who="1" m="28234" /><E76/><V83/><REACH who="2" step="1"/><F15/><REACH who="2" step="2"/><W91/><G90/><T120/><D120/><U48/><E103/><V45/><F45/><W128/><G128/><T81/><D98/><U96/><E96/><V59/><F59/><W7/><G115/><T60/><D94/><U35/><E92/><V6/><F6/><W52/><G114/><T58/><D58/><U88/><E88/><V87/><F87/><W53/><G7/><T29/><D46/><U82/><E107/><V112/><F112/><W10/><G91/><T0/><D0/><U36/><E104/><V24/><F24/><N who="3" m="14455" /><G95/><T37/><D118/><U80/><E56/><V55/><F55/><W47/><G47/><T8/><D119/><U11/><E67/><V108/><F108/><AGARI ba="0,1" hai="10,13,19,40,41,43,52,53,108,109,111" m="14455" machi="108" ten="30,2000,0" yaku="14,1,54,1" doraHai="31" who="3" fromWho="2" sc="250,0,250,0,240,-20,250,30" /><INIT seed="1,0,0,0,5,76" ten="250,250,220,280" oya="1" hai0="118,112,122,95,4,46,0,107,79,106,18,120,15" hai1="78,86,72,23,129,24,7,92,12,56,73,128,132" hai2="97,81,50,2,123,14,8,84,34,94,105,3,66" hai3="126,91,102,124,96,19,119,28,37,109,71,11,69"/><U29/><E56/><V80/><F105/><W121/><G37/><T22/><D118/><U30/><E30/><V93/><F34/><W42/><G42/><T114/><D79/><U133/><E92/><V27/><F123/><W99/><G121/><T52/><D95/><U13/><E86/><V113/><F27/><W88/><G119/><T101/><D0/><U83/><E73/><V40/><F66/><W16/><G28/><T117/><D4/><U125/><E125/><N who="3" m="48234" /><G109/><T111/><D111/><U104/><E104/><V9/><F113/><W45/><G45/><T44/><D117/><U74/><E74/><V26/><F26/><W68/><G11/><T90/><D90/><N who="3" m="34345" /><G99/><T6/><D6/><U61/><E7/><V10/><F40/><W31/><G31/><T100/><D44/><U67/><E13/><V110/><F14/><W41/><G41/><T25/><D25/><U64/><E12/><V70/><F97/><W135/><G135/><N who="1" m="51786" /><E61/><V54/><F70/><W20/><G20/><T131/><D120/><U17/><E29/><V1/><F110/><W53/><G53/><T32/><D122/><U57/><E57/><V38/><F38/><W98/><G98/><T39/><D39/><U108/><E108/><V85/><F94/><AGARI ba="0,0" hai="16,19,68,69,71,94,96,102" m="34345,48234" machi="94" ten="40,5200,0" yaku="18,1,54,2" doraHai="76" who="3" fromWho="2" sc="250,0,250,0,220,-52,280,52" /><INIT seed="2,0,0,0,1,124" ten="250,250,168,332" oya="2" hai0="57,72,43,11,14,80,98,103,21,45,110,46,58" hai1="105,10,65,129,67,69,18,29,107,112,122,75,96" hai2="93,35,135,73,121,88,100,8,111,52,25,118,79" hai3="62,78,41,0,51,38,90,60,77,87,44,133,12"/><V85/><F121/><W26/><G0/><T54/><D110/><U84/><E29/><V101/><F111/><W92/><G133/><T126/><D126/><U23/><E18/><V109/><F109/><W130/><G38/><T16/><D58/><U13/><E23/><V99/><F135/><W27/><G130/><T50/><D45/><U114/><E13/><V123/><F123/><W19/><G27/><T9/><D80/><U116/><E10/><V108/><F108/><W63/><REACH who="3" step="1"/><G26/><REACH who="3" step="2"/><T119/><D119/><U6/><E116/><V59/><F118/><W28/><G28/><T66/><D72/><U68/><E75/><V120/><F73/><W131/><G131/><T1/><D1/><U128/><E122/><V125/><F120/><W95/><G95/><T104/><REACH who="0" step="1"/><D66/><REACH who="0" step="2"/><U76/><E67/><V20/><F125/><W61/><N who="3" m="15872" /><DORA hai="53" /><W70/><G70/><T91/><D91/><U2/><E65/><V34/><F79/><W49/><G49/><AGARI ba="0,2" hai="9,11,14,16,21,43,46,49,50,54,57,98,103,104" machi="49" ten="30,12000,2" yaku="1,1,7,1,52,1,54,1,53,2" doraHai="124,53" doraHaiUra="117,7" who="0" fromWho="3" sc="240,140,250,0,168,0,322,-120" /><INIT seed="3,0,0,2,3,64" ten="380,250,168,202" oya="3" hai0="39,23,67,106,45,59,57,75,120,49,25,47,62" hai1="15,5,55,11,53,121,40,74,31,95,36,78,7" hai2="65,104,93,30,123,37,90,41,16,127,3,71,51" hai3="34,80,86,68,116,109,133,83,12,13,73,113,29"/><W17/><G116/><T107/><D75/><U6/><E121/><V35/><F104/><W85/><G113/><T101/><D120/><U0/><E31/><V32/><F37/><W63/><G73/><T42/><D25/><U135/><E135/><V4/><F123/><W103/><G103/><T89/><D89/><U117/><E117/><V43/><F127/><W77/><G133/><T9/><D9/><U111/><E95/><V94/><F94/><W2/><G2/><T22/><D22/><U50/><E50/><V79/><F79/><W52/><G109/><T82/><D23/><U110/><E53/><V14/><F4/><W46/><G34/><T115/><D115/><U132/><E55/><V27/><F3/><W66/><G29/><T105/><D82/><N who="1" m="45399" /><E132/><V10/><F35/><W91/><REACH who="3" step="1"/><G17/><REACH who="3" step="2"/><T21/><D101/><U38/><E0/><V134/><F134/><W70/><G70/><N who="0" m="42359" /><D105/><U69/><E110/><V81/><F32/><W130/><G130/><T131/><D131/><U126/><E111/><V112/><F112/><W108/><G108/><T44/><D106/><U26/><E6/><V18/><F30/><W84/><G84/><T24/><D107/><U87/><E7/><V99/><F18/><W8/><G8/><T92/><D21/><U1/><E87/><V125/><F10/><W122/><G122/><T102/><D102/><U88/><E5/><V119/><F119/><W114/><G114/><T128/><D128/><U19/><E1/><V124/><F124/><W118/><G118/><T96/><D39/><U60/><E38/><V56/><F125/><RYUUKYOKU ba="0,1" sc="380,-10,250,-10,168,-10,192,30" hai3="12,13,46,52,63,66,68,77,80,83,85,86,91" /><INIT seed="3,1,1,4,4,7" ten="370,240,158,222" oya="3" hai0="126,63,37,1,73,41,19,18,36,48,107,92,130" hai1="110,29,25,79,76,42,51,77,47,30,106,5,83" hai2="128,101,64,70,124,9,49,58,8,0,34,6,66" hai3="54,20,44,12,62,24,91,59,116,28,32,125,95"/><W84/><G125/><T90/><D126/><U118/><E106/><V113/><F124/><W120/><G120/><T53/><D107/><U93/><E118/><V10/><F34/><W88/><G116/><T2/><D73/><U89/><E110/><V127/><F127/><W117/><G117/><T33/><D33/><U17/><E5/><V134/><F113/><W135/><G135/><T11/><D130/><U22/><REACH who="1" step="1"/><E83/><REACH who="1" step="2"/><V31/><F134/><W35/><G44/><T94/><D1/><U27/><E27/><V115/><F115/><W121/><G121/><T43/><D2/><U132/><E132/><V108/><F128/><W71/><G71/><T86/><D36/><U119/><E119/><V46/><F70/><W4/><REACH who="3" step="1"/><G91/><REACH who="3" step="2"/><T122/><D90/><U81/><E81/><V109/><F108/><W104/><G104/><T105/><D105/><U56/><E56/><V50/><F109/><W102/><G102/><T97/><D122/><U14/><E14/><V96/><F58/><W111/><G111/><T21/><D37/><U52/><E52/><N who="2" m="29751" /><F0/><W39/><G39/><T98/><D41/><U133/><E133/><V99/><F6/><W112/><G112/><T45/><D43/><U75/><E75/><V123/><F123/><W23/><G23/><T80/><D21/><U68/><E68/><V15/><F101/><W65/><G65/><T85/><D45/><U13/><E13/><V114/><F15/><W82/><G82/><T3/><D80/><U55/><E55/><V103/><F66/><W129/><G129/><T61/><D53/><U78/><E78/><RYUUKYOKU ba="1,3" sc="370,-15,230,15,158,-15,212,15" hai1="17,22,25,29,30,42,47,51,76,77,79,89,93" hai3="4,12,20,24,28,32,35,54,59,62,84,88,95" /><INIT seed="3,2,3,3,3,76" ten="355,245,143,227" oya="3" hai0="132,135,115,49,34,85,42,29,100,123,97,78,114" hai1="73,107,68,6,23,122,13,15,33,1,79,53,88" hai2="81,67,71,111,40,25,118,89,64,128,48,41,17" hai3="32,91,0,46,96,55,113,60,26,27,10,82,102"/><W103/><G113/><N who="0" m="43019" /><D123/><U18/><E68/><V93/><F118/><W9/><G32/><T70/><D70/><U59/><E107/><V21/><F128/><W125/><G0/><T50/><D29/><U75/><E33/><V86/><F111/><W4/><G125/><T117/><D34/><U130/><E130/><V56/><F71/><W127/><G127/><T22/><D117/><U124/><E124/><V83/><F41/><W54/><G4/><T99/><D22/><U7/><E122/><V121/><F121/><W24/><G60/><T87/><D78/><U108/><E108/><V20/><F20/><W131/><G131/><T112/><D112/><U44/><E79/><V80/><F56/><W37/><G37/><T51/><D42/><U57/><E75/><V119/><F119/><W39/><G39/><T3/><D3/><U47/><E73/><V35/><F35/><W16/><G46/><AGARI ba="2,3" hai="17,21,25,40,46,48,64,67,80,81,83,86,89,93" machi="46" ten="40,8000,1" yaku="8,1,52,3" doraHai="76" who="2" fromWho="3" sc="355,0,245,0,143,116,227,-86" /><INIT seed="4,0,0,3,4,74" ten="355,245,259,141" oya="0" hai0="125,55,52,81,110,85,45,32,95,18,5,58,0" hai1="12,96,71,11,28,8,41,30,75,131,103,56,67" hai2="68,86,65,132,4,82,112,109,115,46,77,9,51" hai3="119,89,124,107,37,15,100,33,48,13,104,106,121"/><T36/><D110/><U79/><E71/><V19/><F19/><W7/><G37/><T123/><D123/><U92/><E131/><V6/><F109/><W134/><G33/><T10/><D32/><U120/><E120/><V66/><F132/><W16/><G134/><T22/><D125/><U29/><E41/><V3/><F6/><W26/><G121/><T35/><D35/><U64/><E56/><V93/><F93/><W98/><G119/><T127/><D127/><U2/><E2/><V97/><F97/><W128/><G128/><T42/><D95/><U53/><E53/><V69/><F69/><W94/><G124/><T24/><REACH who="0" step="1"/><D58/><REACH who="0" step="2"/><U38/><E92/><V88/><F68/><W122/><G122/><T20/><D20/><U54/><E11/><V108/><F108/><W61/><G94/><T43/><D43/><U34/><E34/><V83/><F115/><W73/><G106/><T27/><D27/><U118/><E96/><V87/><F112/><W1/><G98/><T59/><D59/><U60/><E8/><V111/><F111/><W84/><G104/><T116/><D116/><U99/><E99/><V105/><F105/><W91/><G107/><T49/><D49/><U57/><E118/><V70/><F70/><W21/><G48/><T101/><D101/><U102/><E38/><V130/><F130/><W113/><G100/><N who="1" m="38442" /><E57/><V63/><F63/><W40/><G61/><T78/><AGARI ba="0,1" hai="0,5,10,18,22,24,36,42,45,52,55,78,81,85" machi="78" ten="20,18000,2" yaku="1,1,0,1,7,1,52,1,54,1,53,1" doraHai="74" doraHaiUra="39" who="0" fromWho="0" sc="345,190,245,-60,259,-60,141,-60" /><INIT seed="4,1,0,5,3,80" ten="535,185,199,81" oya="0" hai0="13,55,124,20,96,58,78,97,17,53,63,104,50" hai1="123,108,0,95,93,77,71,39,103,40,38,129,54" hai2="11,75,7,120,21,19,16,23,6,126,22,45,3" hai3="107,12,14,106,119,18,94,130,47,62,79,83,74"/><T35/><D35/><U41/><E0/><V37/><F75/><W66/><G119/><T69/><D124/><U114/><E77/><V128/><F120/><W125/><G125/><T81/><D69/><U25/><E25/><V72/><F72/><W27/><G130/><T31/><D31/><U9/><E9/><N who="2" m="2271" /><F45/><W85/><G27/><T127/><D127/><U113/><E103/><V105/><F37/><W110/><G110/><T109/><D109/><U87/><E108/><V73/><F105/><W86/><G47/><T43/><D43/><U122/><E71/><V46/><F46/><W26/><G26/><T92/><D104/><U57/><E57/><V65/><F65/><W10/><G14/><T32/><D92/><U49/><E49/><V34/><F73/><W101/><G101/><T8/><D32/><U59/><E59/><V29/><F128/><W44/><G44/><N who="0" m="27847" /><D8/><U68/><E68/><V98/><F98/><W48/><G48/><T132/><D132/><U135/><E129/><V111/><F126/><W64/><G64/><T24/><D24/><U118/><E135/><V102/><F102/><W84/><REACH who="3" step="1"/><G94/><REACH who="3" step="2"/><T76/><D81/><U28/><E54/><V70/><F111/><W89/><G89/><T15/><D15/><U2/><E2/><N who="2" m="503" /><F34/><W131/><G131/><T99/><AGARI ba="1,1" hai="13,17,20,55,58,63,76,78,96,97,99" m="27847" machi="99" ten="30,1500,0" yaku="8,1" doraHai="80" who="0" fromWho="0" sc="535,28,185,-6,199,-6,71,-6" /><INIT seed="4,2,0,3,3,67" ten="563,179,193,65" oya="0" hai0="37,60,79,9,77,50,32,18,113,94,2,29,47" hai1="96,76,99,86,131,91,78,24,44,73,87,48,30" hai2="101,0,56,85,93,65,124,10,58,11,26,15,95" hai3="68,6,98,13,117,108,55,7,103,62,38,21,31"/><T12/><D113/><U49/><E49/><V123/><F123/><W80/><G117/><T34/><D37/><U27/><E48/><V51/><F0/><W129/><G38/><T41/><D2/><U35/><E44/><V25/><F124/><W126/><G108/><T53/><D94/><U16/><E35/><V3/><F3/><W17/><G126/><T111/><D111/><U45/><E30/><V125/><F125/><W1/><G129/><T19/><D19/><U128/><E45/><V88/><F11/><W82/><G31/><T42/><D42/><U40/><E40/><V43/><F43/><W63/><G63/><T135/><D135/><U83/><E24/><V97/><F58/><W112/><G112/><T118/><D118/><U33/><E33/><V134/><F134/><W72/><G1/><T74/><D74/><U52/><E27/><V39/><F39/><W109/><G109/><T106/><D29/><U20/><E20/><V23/><F23/><W8/><G8/><T121/><D121/><U22/><E22/><V133/><F133/><W104/><G72/><T119/><D119/><U59/><E73/><V46/><F46/><W5/><REACH who="3" step="1"/><G55/><REACH who="3" step="2"/><T69/><D53/><U84/><E128/><V127/><F127/><W89/><G89/><T36/><D60/><N who="1" m="35943" /><E131/><V57/><F51/><W122/><G122/><T4/><D36/><U81/><E78/><V54/><F54/><W61/><G61/><T70/><D79/><U71/><E76/><V90/><F57/><W130/><G130/><T64/><D77/><U105/><E91/><V28/><F90/><RYUUKYOKU ba="2,1" sc="563,-10,179,-10,193,-10,55,30" hai3="5,6,7,13,17,21,62,68,80,82,98,103,104" /><INIT seed="5,3,1,2,3,82" ten="553,169,183,85" oya="1" hai0="92,125,4,49,101,51,94,34,31,75,39,96,124" hai1="10,44,97,57,102,56,20,55,70,108,77,27,90" hai2="3,117,106,47,37,53,103,133,41,132,86,59,130" hai3="68,14,123,99,79,122,40,111,67,50,129,29,76"/><U17/><E70/><V0/><F117/><W61/><G111/><T63/><D75/><U95/><E108/><V6/><F130/><W121/><G129/><T19/><D39/><U112/><E112/><V54/><F54/><W83/><G29/><T107/><D4/><U52/><E77/><V46/><F46/><W89/><G99/><T109/><D109/><U126/><E126/><N who="0" m="48745" /><D63/><N who="1" m="36231" /><E10/><V66/><F66/><W7/><G89/><T113/><D113/><U21/><E21/><V5/><F3/><W45/><REACH who="3" step="1"/><G83/><REACH who="3" step="2"/><T110/><D110/><U38/><E102/><V69/><F103/><W58/><G58/><T116/><D116/><U72/><E44/><V25/><F59/><W18/><G18/><T84/><D19/><U12/><E90/><V15/><F47/><W114/><G114/><T42/><D31/><U26/><E97/><V87/><F6/><W131/><G131/><T60/><D96/><U120/><E17/><V100/><F5/><W115/><G115/><T119/><D119/><U22/><E57/><V11/><F100/><W23/><G23/><T74/><D101/><U65/><E22/><V127/><F127/><W48/><G48/><T85/><D51/><U93/><E20/><V135/><F133/><W36/><G36/><T13/><D49/><U62/><E38/><V9/><F135/><W91/><G91/><T88/><D88/><U2/><E27/><V24/><F25/><W8/><AGARI ba="3,2" hai="7,8,14,40,45,50,61,67,68,76,79,121,122,123" machi="8" ten="40,2700,0" yaku="1,1,0,1,53,0" doraHai="82" doraHaiUra="81" who="3" fromWho="3" sc="553,-10,169,-16,183,-10,75,56" /><INIT seed="6,0,0,0,0,64" ten="543,153,173,131" oya="2" hai0="123,100,21,47,56,34,45,74,40,24,55,18,36" hai1="28,83,75,78,134,25,97,121,108,19,71,110,72" hai2="5,41,9,103,82,12,84,37,42,112,65,4,51" hai3="106,52,94,23,44,77,53,116,124,102,62,80,130"/><V113/><F37/><W31/><G116/><T92/><D74/><U7/><E19/><V107/><F5/><W86/><G106/><T30/><D123/><U48/><E48/><V89/><F65/><W76/><G76/><T117/><D117/><U119/><E97/><V135/><F135/><W79/><G79/><T1/><D1/><U99/><E75/><V29/><F29/><W111/><G111/><N who="1" m="42538" /><E99/><V70/><F103/><W58/><G102/><T122/><D122/><U13/><E13/><V90/><F107/><W91/><G130/><T46/><D92/><U39/><E7/><V93/><F70/><W33/><G33/><T114/><D114/><N who="2" m="44138" /><F51/><W6/><G6/><T68/><D68/><U20/><E20/><V126/><F126/><W95/><G124/><T61/><D100/><U43/><E121/><V14/><F14/><AGARI ba="0,0" hai="14,18,21,24,30,34,36,40,45,46,47,55,56,61" machi="14" ten="30,1000,0" yaku="7,1" doraHai="64" who="0" fromWho="2" sc="543,10,153,0,173,-10,131,0" /><INIT seed="7,0,0,4,4,63" ten="553,153,163,131" oya="3" hai0="85,32,129,67,84,1,77,39,99,15,16,131,86" hai1="80,23,52,105,112,79,24,133,102,75,4,41,42" hai2="37,81,83,14,115,124,48,66,28,123,18,21,119" hai3="108,64,49,50,71,43,76,35,111,134,93,135,25"/><W92/><G76/><T12/><D1/><U3/><E102/><V11/><F37/><W120/><G120/><T31/><D39/><U69/><E105/><V101/><F101/><W59/><G35/><T103/><D77/><U89/><E69/><V97/><F97/><W27/><G43/><T100/><D15/><U106/><E106/><V40/><F123/><W110/><G59/><T72/><D72/><U132/><E4/><V62/><F119/><W29/><G29/><T51/><D51/><N who="3" m="19465" /><G71/><T20/><D99/><U96/><E3/><V82/><F124/><W61/><G61/><T45/><D45/><U47/><E52/><V98/><F98/><W90/><G90/><T5/><D5/><U56/><E56/><V9/><F115/><W34/><G34/><T2/><D32/><U114/><E89/><V128/><F128/><N who="0" m="49226" /><D31/><N who="1" m="17823" /><E96/><V26/><F48/><W91/><G91/><T95/><D2/><U17/><E17/><V94/><F40/><N who="1" m="15465" /><E47/><V58/><F94/><N who="3" m="36459" /><G64/><T87/><D103/><U130/><E130/><V46/><F46/><W30/><G30/><T118/><D100/><U125/><E125/><V104/><F104/><W122/><G122/><T88/><D118/><U60/><E60/><V13/><F13/><W127/><G127/><T107/><D107/><U22/><E22/><AGARI ba="0,0" hai="9,11,14,18,21,22,26,28,58,62,66,81,82,83" machi="22" ten="40,2600,0" yaku="8,1,52,1" doraHai="63" who="2" fromWho="1" sc="553,0,153,-26,163,26,131,0" owari="553,65,127,-37,189,-1,131,-27" /></mjloggm>