<mjloggm ver="2.3"><GO type="41"/><UN n0="%E3%83%9C%E3%83%8B%E3%82%A8%E3%82%AF" n1="%E3%82%A6%E3%83%AB%E3%83%88%E3%83%A9%E7%AB%8B%E7%9B%B4" n2="%4D%61%6C%70%61%73" n3="%E3%81%93%E3%81%93%E3%81%82%E3%83%BC%E3%82%93" dan="14,13,13,15" rate="1908,1814,1849,1995" sx="M,M,M,M"/><TAIKYOKU oya="0"/><INIT seed="0,0,0,0,5,130" ten="250,250,250,250" oya="0" hai0="32,123,90,56,31,77,84,68,117,114,41,44,24" hai1="33,8,55,16,89,133,12,86,115,116,5,98,28" hai2="135,21,101,64,47,75,6,51,81,40,128,9,48" hai3="10,22,107,59,42,69,92,97,121,26,112,82,46"/><T102/><D123/><U38/><E38/><V49/><F128/><W87/><G112/><T122/><D117/><U129/><E116/><V99/><F135/><W34/><G34/><T91/><D114/><U17/><E129/><V119/><F119/><W106/><G121/><T108/><D122/><U7/><E98/><V88/><F64/><W70/><G70/><T60/><D68/><U127/><E55/><V94/><F21/><W79/><G69/><T35/><D35/><U72/><E86/><V76/><REACH who="2" step="1"/><F101/><REACH who="2" step="2"/><W29/><G10/><T125/><D102/><U62/><E8/><V57/><F57/><W78/><G59/><T74/><D125/><U109/><E33/><V11/><F11/><W3/><G22/><T30/><D108/><U58/><E109/><V4/><F4/><W15/><G46/><T20/><D20/><U61/><E7/><V50/><F50/><W53/><G79/><T124/><D124/><U93/><E5/><V131/><F131/><W2/><G78/><T37/><D77/><U104/><E127/><V67/><F67/><W83/><G2/><AGARI ba="0,1" hai="2,6,9,40,47,48,49,51,75,76,81,88,94,99" machi="2" ten="30,3900,0" yaku="1,1,7,1,54,1,53,0" doraHai="130" doraHaiUra="80" who="2" fromWho="3" sc="250,0,250,0,240,49,250,-39" /><INIT seed="1,0,0,1,4,89" ten="250,250,289,211" oya="1" hai0="41,25,133,80,44,92,103,43,17,102,7,72,59" hai1="74,13,0,63,91,79,58,98,112,48,97,22,56" hai2="4,123,57,2,93,24,62,132,5,125,96,135,100" hai3="37,77,34,60,87,120,105,131,26,55,108,10,128"/><U30/><E0/><V20/><F123/><W76/><G105/><T12/><D133/><N who="2" m="51274" /><F125/><W65/><G37/><T1/><D25/><U66/><E74/><V68/><F68/><W49/><G120/><T81/><D41/><U3/><E3/><V36/><F36/><W124/><G124/><T46/><D46/><U86/><E79/><V28/><F2/><W85/><G108/><T35/><D35/><U71/><E71/><V113/><F113/><W122/><G122/><T119/><D119/><U6/><E112/><V94/><F94/><W50/><G50/><T69/><D69/><U53/><E30/><V111/><F111/><W90/><G10/><T51/><D7/><U45/><E45/><V38/><F38/><W88/><G26/><T101/><D1/><U61/><E61/><V67/><AGARI ba="0,0" hai="4,5,20,24,28,57,62,67,93,96,100" m="51274" machi="67" ten="30,4000,0" yaku="25,1,20,1,52,1" doraHai="89" who="2" fromWho="2" sc="250,-10,250,-20,289,40,211,-10" /><INIT seed="2,0,0,2,0,61" ten="240,230,329,201" oya="2" hai0="22,104,41,128,83,81,89,9,30,29,99,68,95" hai1="55,40,98,18,36,59,56,118,64,86,24,26,107" hai2="123,48,17,6,47,35,116,5,71,27,117,69,101" hai3="126,13,31,80,93,85,88,20,94,82,57,7,131"/><V8/><F123/><W119/><G119/><T109/><D128/><U0/><E0/><V65/><F71/><W90/><G131/><T49/><D109/><U53/><E40/><V38/><F38/><W87/><G126/><T21/><D68/><U3/><E3/><V132/><F132/><W1/><G1/><T74/><D104/><U34/><E36/><V15/><F5/><W25/><G57/><T135/><D135/><U112/><E34/><V58/><F69/><W63/><G63/><T97/><D9/><AGARI ba="0,0" hai="7,9,13,20,25,31,80,82,85,87,88,90,93,94" machi="9" ten="40,5200,0" yaku="9,1,8,1,54,1" doraHai="61" who="3" fromWho="0" sc="240,-52,230,0,329,0,201,52" /><INIT seed="3,0,0,0,0,31" ten="188,230,329,253" oya="3" hai0="101,48,104,28,127,53,108,10,59,109,39,36,107" hai1="56,43,35,103,45,95,41,13,55,106,11,113,85" hai2="118,67,25,117,24,91,54,22,131,112,23,32,75" hai3="19,83,62,90,98,42,100,33,1,125,0,99,79"/><W115/><G115/><T27/><D10/><U119/><E106/><V126/><F75/><W40/><G125/><T70/><D70/><U82/><E113/><V12/><F67/><W133/><G133/><T135/><D135/><U65/><E65/><V121/><F126/><W77/><G33/><N who="0" m="20639" /><D127/><U63/><E35/><V116/><F121/><W128/><G128/><T46/><D101/><U60/><E60/><V72/><F112/><W93/><G62/><T7/><D7/><U38/><E119/><V84/><F72/><W102/><G0/><T73/><D73/><U30/><E30/><V94/><F32/><W3/><G1/><T14/><D14/><U114/><E114/><V58/><F131/><W105/><G3/><T110/><D46/><U20/><E20/><V8/><F23/><W50/><G19/><T15/><D15/><U6/><E95/><V47/><F47/><W64/><G64/><T74/><D74/><U71/><E103/><V51/><F8/><W86/><REACH who="3" step="1"/><G50/><REACH who="3" step="2"/><T88/><D39/><U76/><E71/><V5/><F5/><W66/><G66/><T122/><D36/><U89/><E38/><V57/><F118/><W132/><G132/><T120/><D120/><U52/><E63/><V2/><F2/><W29/><G29/><T16/><D16/><U81/><E6/><V21/><F117/><W17/><G17/><T92/><D122/><U87/><E11/><V68/><F116/><W9/><G9/><T124/><D124/><U130/><E130/><V96/><F51/><W34/><G34/><T97/><AGARI ba="0,1" hai="48,53,59,88,92,97,104,107,108,109,110" m="20639" machi="97" ten="30,4000,0" yaku="14,1,52,1,54,1" doraHai="31" who="0" fromWho="0" sc="188,50,230,-10,329,-10,243,-20" /><INIT seed="4,0,0,5,3,31" ten="238,220,319,223" oya="0" hai0="54,52,41,126,43,55,23,33,74,13,39,118,30" hai1="131,66,40,10,34,97,123,53,69,88,8,92,44" hai2="108,129,32,51,99,62,101,94,85,18,127,60,17" hai3="120,16,112,48,56,107,73,125,87,121,15,72,47"/><T95/><D118/><U24/><E123/><V116/><F108/><W135/><G107/><T37/><D74/><U28/><E131/><V113/><F116/><W109/><G112/><T21/><D95/><U19/><E53/><V75/><F75/><W50/><G109/><T65/><D65/><U27/><E66/><V77/><F129/><W57/><G87/><T106/><D106/><U26/><E69/><V14/><F113/><W70/><G70/><T4/><D126/><U122/><E122/><N who="3" m="47210" /><G125/><T86/><D86/><U71/><E71/><V82/><F127/><W117/><G117/><T36/><D4/><U76/><E76/><V25/><F51/><N who="3" m="19499" /><G47/><T100/><D100/><U45/><E45/><V104/><F104/><W59/><G135/><T119/><D119/><U9/><REACH who="1" step="1"/><E19/><REACH who="1" step="2"/><V132/><F132/><W67/><G67/><T0/><D41/><U102/><E102/><V111/><F111/><W124/><G124/><T115/><D43/><U58/><E58/><V110/><F110/><W11/><AGARI ba="0,1" hai="11,15,16,56,57,59,72,73" m="19499,47210" machi="11" ten="40,2700,0" yaku="13,1,54,1" doraHai="31" who="3" fromWho="3" sc="238,-13,210,-7,319,-7,223,37" /><INIT seed="5,0,0,5,4,82" ten="225,203,312,260" oya="1" hai0="35,90,63,106,91,40,115,10,53,130,125,124,37" hai1="50,6,33,88,69,0,25,45,57,3,62,7,135" hai2="14,113,89,56,73,24,95,19,8,1,112,64,96" hai3="78,54,116,86,122,111,104,123,134,4,17,49,120"/><U99/><E69/><V77/><F1/><W5/><G111/><T129/><D106/><U83/><E3/><V80/><F24/><W2/><G2/><T60/><D35/><U132/><E33/><V34/><F34/><W79/><G104/><T75/><D75/><U102/><E25/><V22/><F22/><W103/><G103/><T108/><D108/><U32/><E32/><V16/><F19/><W47/><G116/><T87/><D91/><U42/><E0/><V51/><F64/><W21/><G134/><N who="1" m="51242" /><E102/><V38/><F38/><W119/><G119/><T127/><D10/><U131/><E131/><N who="0" m="50185" /><D115/><N who="2" m="44106" /><F51/><W29/><G29/><T58/><D63/><U39/><E50/><V128/><F128/><W26/><REACH who="3" step="1"/><G78/><REACH who="3" step="2"/><T36/><D40/><U31/><E31/><V100/><F100/><W18/><G18/><T48/><D48/><U59/><E6/><V20/><F8/><W98/><G98/><T65/><D65/><U93/><E7/><V66/><F66/><W105/><G105/><T76/><D76/><U13/><E62/><V92/><F56/><W55/><G55/><T30/><D30/><U121/><E57/><V23/><F23/><W41/><G41/><T97/><D97/><U9/><E59/><V71/><F71/><W70/><G70/><T72/><D72/><U107/><E107/><V68/><F68/><W61/><G61/><T15/><D15/><U118/><E118/><V85/><F73/><W12/><G12/><T126/><D126/><U94/><E99/><V52/><F52/><W28/><G28/><T67/><D53/><U133/><E133/><RYUUKYOKU ba="0,1" sc="225,10,203,-30,312,10,250,10" hai0="36,37,58,60,67,87,90,124,125,127" hai2="14,16,20,77,80,85,89,92,95,96" hai3="4,5,17,21,26,47,49,54,79,86,120,122,123" /><INIT seed="6,1,1,4,0,7" ten="235,173,322,260" oya="2" hai0="20,100,120,86,130,27,60,5,71,79,40,74,58" hai1="90,96,91,131,92,68,43,23,54,24,14,49,93" hai2="94,26,29,102,62,12,114,78,8,59,35,127,126" hai3="19,82,69,16,61,113,73,48,124,64,22,128,34"/><V81/><F114/><W135/><G34/><T72/><D120/><U70/><E131/><V83/><F102/><W67/><G128/><T39/><D71/><U89/><E43/><V3/><F3/><W115/><G124/><N who="2" m="47657" /><F94/><W4/><G135/><T105/><D130/><U122/><E122/><V2/><F2/><W36/><G36/><T11/><D100/><U10/><E68/><V51/><F51/><W108/><G108/><T46/><D105/><U133/><E70/><V63/><F63/><W101/><G101/><T85/><D72/><U25/><E133/><V75/><F75/><W95/><G95/><T121/><D121/><U109/><E109/><V41/><F41/><W80/><G67/><T52/><D79/><U42/><E42/><V21/><F35/><W31/><G48/><T76/><D76/><U129/><E129/><V15/><F78/><W99/><G99/><T119/><D74/><U9/><E93/><V98/><F98/><W110/><G110/><T37/><D37/><U112/><E112/><V77/><F77/><W13/><G73/><T45/><D45/><N who="1" m="27951" /><E92/><V88/><F88/><W106/><G106/><T87/><D119/><U104/><E104/><V103/><F103/><W32/><G32/><T107/><D107/><U132/><E96/><V55/><F15/><W0/><G13/><T30/><D85/><U44/><E44/><V53/><F53/><W117/><G115/><T65/><D65/><U116/><E116/><V57/><F57/><W38/><G64/><T118/><D118/><U97/><E97/><V50/><F62/><W111/><G117/><RYUUKYOKU ba="1,1" sc="235,15,173,-15,322,15,260,-15" hai0="5,11,20,27,30,39,40,46,52,58,60,86,87" hai2="8,12,21,26,29,50,55,59,81,83" /><INIT seed="6,2,1,3,2,99" ten="250,158,337,245" oya="2" hai0="60,100,36,64,22,20,132,38,71,82,2,87,104" hai1="106,121,78,21,32,40,0,93,125,50,33,19,29" hai2="41,43,107,116,52,84,14,6,85,135,69,15,3" hai3="73,74,49,61,117,127,124,111,91,131,24,118,128"/><V90/><F116/><N who="3" m="44651" /><G24/><T25/><D132/><U57/><E106/><V5/><F69/><W96/><G49/><T35/><D2/><U26/><E0/><V79/><F135/><W56/><G56/><T129/><D129/><N who="3" m="49737" /><G61/><T31/><D22/><U75/><E125/><N who="3" m="48202" /><G111/><T62/><D20/><U120/><E33/><V63/><F3/><W34/><G34/><T42/><D60/><U102/><E57/><V95/><F5/><W80/><G80/><T12/><D42/><U58/><E58/><N who="2" m="35271" /><F107/><W10/><G10/><T101/><D12/><N who="2" m="4650" /><F6/><W53/><G53/><T70/><D70/><U109/><E109/><V4/><F4/><W77/><G77/><T48/><D36/><U16/><E32/><V51/><F51/><W88/><G96/><N who="0" m="61447" /><D48/><U83/><E50/><V67/><F67/><W126/><G126/><T94/><D38/><U110/><E110/><V92/><F79/><W89/><AGARI ba="2,1" hai="73,74,88,89,91" m="48202,49737,44651" machi="89" ten="40,12000,2" yaku="28,2,19,1,18,1,34,2,54,1" doraHai="99" who="3" fromWho="3" sc="250,-32,158,-32,337,-62,245,136" /><INIT seed="7,0,0,5,4,17" ten="218,126,275,381" oya="3" hai0="120,56,110,116,69,50,98,43,121,89,25,34,14" hai1="103,70,102,75,128,55,92,22,1,36,93,57,33" hai2="63,19,82,107,115,131,119,32,61,81,106,130,80" hai3="111,0,3,123,87,49,20,42,84,77,67,108,48"/><W41/><G20/><T15/><D69/><U79/><E33/><V65/><F119/><W59/><G123/><T40/><D116/><U2/><E70/><V44/><F44/><W28/><G28/><T21/><D110/><N who="3" m="42025" /><G67/><T39/><D34/><U7/><E36/><V47/><F47/><W95/><G59/><T114/><D39/><U51/><E128/><V26/><F115/><W60/><G60/><T4/><D120/><U127/><E127/><V45/><F45/><W31/><G31/><T5/><D121/><U8/><E79/><V133/><F133/><W16/><G16/><N who="0" m="12455" /><D114/><U96/><E75/><V124/><F124/><W30/><G30/><T94/><D4/><U52/><E55/><V23/><F32/><W78/><G95/><T37/><D37/><U112/><E112/><V132/><F132/><W74/><G74/><T38/><D38/><U64/><E64/><V73/><F73/><W99/><G99/><T129/><D129/><N who="2" m="49162" /><F63/><W11/><G11/><N who="0" m="4463" /><D15/><U83/><E83/><V54/><F54/><AGARI ba="0,0" hai="40,43,50,54,56,89,94,98" m="4463,12455" machi="54" ten="30,3900,0" yaku="8,1,52,1,54,1" doraHai="17" who="0" fromWho="2" sc="218,39,126,0,275,-39,381,0" owari="257,6,126,-37,236,-16,381,47" /></mjloggm>