<mjloggm ver="2.3"><GO type="193"/><UN n0="%E4%BF%BA%E3%81%AE%E3%83%81%E3%83%A3%E3%83%BC%E3%83%8F%E3%83%B3" n1="%E5%A4%A7%E6%9E%97" n2="%E3%82%A6%E3%83%AB%E3%83%88%E3%83%A9%E7%AB%8B%E7%9B%B4" n3="%4B%45%4E%2D%48" dan="11,11,12,12" rate="1551,1698,1840,1782" sx="M,M,M,M"/><TAIKYOKU oya="0"/><INIT seed="0,0,0,5,5,45" ten="250,250,250,250" oya="0" hai0="35,67,123,29,85,59,28,75,134,112,34,43,84" hai1="124,99,80,125,51,109,117,128,17,20,16,119,24" hai2="58,41,62,46,129,73,63,82,15,33,102,23,92" hai3="105,53,50,61,56,47,108,54,71,116,90,3,21" shuffle="mt19937ar,3A208E65,99984586,8A61A713,78C376A3,74C99800,F2E05423,FA139A45,9E7DC823"/><T27/><D112/><U106/><E80/><V13/><F33/><W77/><G105/><T113/><D113/><U122/><E109/><V96/><F129/><W74/><G74/><T7/><D75/><U11/><E128/><V6/><F6/><W18/><G3/><T49/><D123/><U76/><E122/><V93/><F93/><W103/><G116/><T95/><D7/><U1/><E76/><V37/><F63/><W10/><G108/><T4/><D4/><U86/><E86/><V14/><F73/><W120/><G120/><T98/><D134/><U69/><E69/><V38/><F82/><W133/><G133/><T118/><D118/><U131/><E1/><V64/><REACH who="2" step="1"/><F23/><REACH who="2" step="2"/><W89/><G10/><T31/><D67/><U130/><E11/><V135/><F135/><W83/><G71/><T104/><D35/><U32/><E32/><V2/><F2/><W48/><G103/><T115/><D104/><U88/><E131/><V101/><F101/><W132/><G61/><T39/><D115/><U94/><E130/><V110/><F110/><W9/><G9/><T66/><D66/><U79/><E106/><V111/><F111/><W121/><G132/><T81/><D81/><U36/><E79/><V52/><F52/><W68/><G68/><T30/><D43/><U70/><E70/><V78/><F78/><W91/><G121/><T40/><D34/><U55/><E55/><V44/><F44/><W87/><G77/><T127/><D40/><U114/><E114/><V5/><F5/><W60/><G60/><T57/><D59/><U42/><E42/><RYUUKYOKU ba="0,1" sc="250,-15,250,-15,240,15,250,15" hai2="13,14,15,37,38,41,46,58,62,64,92,96,102" hai3="18,21,47,48,50,53,54,56,83,87,89,90,91" /><INIT seed="1,1,1,5,5,9" ten="235,235,255,265" oya="1" hai0="29,69,89,45,20,130,26,65,66,99,44,33,8" hai1="106,12,59,11,55,80,50,134,119,118,64,112,31" hai2="96,68,128,75,43,48,122,129,101,113,5,72,41" hai3="124,57,102,53,42,37,32,115,15,62,88,97,98" shuffle="mt19937ar,975DCDF3,3645F93F,150C0904,4F35F493,534230F5,6F285797,0C41867C,6F9B27C5"/><U47/><E31/><V125/><F68/><W27/><G124/><T71/><D130/><N who="2" m="50282" /><F125/><W100/><G115/><T3/><D3/><U127/><E127/><V95/><F113/><W67/><G32/><T81/><D8/><U28/><E134/><V94/><F122/><W0/><G0/><T7/><D7/><U30/><E112/><V111/><F111/><W105/><G27/><T87/><D99/><U107/><E80/><V131/><N who="2" m="50290" /><V76/><DORA hai="86" /><F5/><W17/><G37/><T121/><D121/><U116/><E64/><V4/><F4/><W49/><G42/><N who="2" m="15881" /><F48/><W10/><G88/><T73/><D73/><N who="2" m="28234" /><F76/><W135/><G135/><T58/><D33/><U6/><REACH who="1" step="1"/><E47/><REACH who="1" step="2"/><V90/><F95/><W79/><G79/><T103/><D71/><U40/><E40/><V123/><F123/><W16/><G17/><T19/><D69/><U13/><E13/><V108/><F108/><W132/><G132/><T38/><D38/><U82/><E82/><V83/><F83/><W92/><REACH who="3" step="1"/><G67/><REACH who="3" step="2"/><T18/><D66/><U23/><E23/><V54/><F54/><W84/><G84/><T25/><D65/><U52/><E52/><V120/><F120/><W74/><G74/><T21/><D81/><U60/><E60/><AGARI ba="1,3" hai="10,15,16,49,53,57,60,62,92,97,98,100,102,105" machi="60" ten="40,8000,1" yaku="1,1,52,1,54,1,53,1" doraHai="9,86" doraHaiUra="14,1" who="3" fromWho="1" sc="235,0,225,-83,255,0,255,113" /><INIT seed="2,0,0,4,1,11" ten="235,142,255,368" oya="2" hai0="121,3,129,59,127,37,71,68,107,36,92,23,8" hai1="14,124,5,67,95,131,31,52,109,20,29,7,125" hai2="49,101,94,18,19,89,112,93,21,13,100,90,83" hai3="61,84,24,39,12,54,1,30,15,9,85,26,82" shuffle="mt19937ar,E7E3BA2B,C66275F7,5353D6E1,4C3A72E2,E78794D1,B6BDAD45,5A169870,0F42EF3E"/><V114/><F49/><W120/><G120/><T103/><D121/><U35/><E109/><V22/><REACH who="2" step="1"/><F83/><REACH who="2" step="2"/><W111/><G39/><T43/><D107/><U66/><E95/><V63/><F63/><W118/><G111/><T16/><D127/><N who="1" m="48715" /><E131/><V6/><F6/><N who="1" m="2057" /><E52/><V53/><F53/><W132/><G118/><T117/><D129/><U133/><E133/><V115/><F115/><W64/><G132/><T33/><D117/><U56/><E56/><V38/><F38/><W65/><G1/><T2/><D37/><U41/><E41/><V81/><F81/><W78/><G54/><T50/><D36/><U126/><E67/><V123/><F123/><W98/><G65/><T0/><D43/><U42/><E66/><V47/><F47/><W75/><G64/><T60/><D50/><U27/><E42/><V69/><F69/><W76/><G61/><T32/><D68/><U46/><E46/><V73/><F73/><W74/><G82/><T122/><D71/><U51/><E51/><V45/><F45/><W34/><G34/><T28/><D122/><U77/><E77/><V72/><F72/><W40/><G40/><T91/><D59/><U97/><E97/><V4/><F4/><W102/><G98/><T48/><D60/><U55/><E55/><V135/><F135/><W116/><G116/><T119/><D48/><U57/><E57/><V80/><F80/><W88/><G88/><T62/><D119/><U105/><E105/><V86/><F86/><W108/><G108/><T110/><D62/><U96/><E96/><V87/><F87/><W25/><G75/><RYUUKYOKU ba="0,1" sc="235,-10,142,-10,245,30,368,-10" hai2="13,18,19,21,22,89,90,93,94,100,101,112,114" /><INIT seed="2,1,1,0,2,128" ten="225,132,275,358" oya="2" hai0="30,72,100,2,44,81,98,25,47,104,19,45,126" hai1="13,63,91,122,88,130,123,82,117,135,127,96,90" hai2="114,50,10,71,14,43,65,125,6,15,124,32,111" hai3="74,134,7,77,4,103,0,85,113,107,62,78,5" shuffle="mt19937ar,8B149FF5,D7EFFC1F,2317CCB8,15755796,74688C0F,619A17AF,AC2B659E,A09C0AA7"/><V66/><F32/><W79/><G113/><T60/><D2/><U73/><E13/><V119/><F119/><W87/><G0/><T84/><D81/><U116/><E63/><V121/><F121/><N who="1" m="46089" /><E127/><N who="2" m="48715" /><F114/><W16/><G74/><T39/><D72/><U31/><E31/><V11/><F111/><W22/><G62/><T56/><D84/><U108/><E130/><V49/><F43/><W53/><G107/><T89/><D126/><U42/><E42/><V59/><F71/><W132/><G53/><T52/><D89/><U94/><E108/><V67/><F59/><W68/><G68/><T58/><D19/><AGARI ba="1,1" hai="6,10,11,14,15,19,49,50,65,66,67" m="48715" machi="19" ten="30,1500,0" yaku="18,1" doraHai="128" who="2" fromWho="0" sc="225,-18,132,0,275,28,358,0" /><INIT seed="2,2,0,4,2,1" ten="207,132,303,358" oya="2" hai0="68,32,122,76,66,104,89,115,47,134,90,70,19" hai1="79,127,44,111,34,84,120,52,135,81,27,30,83" hai2="72,125,130,65,16,45,43,128,35,98,100,18,131" hai3="99,5,108,94,15,40,21,48,106,61,73,109,133" shuffle="mt19937ar,DE6FCAD7,5E96A574,96120A78,E0BF9EC7,CBFE5E36,24EF6AF2,6A51D4DC,11F15ADD"/><V82/><F65/><W74/><G5/><T75/><D115/><U6/><E111/><N who="3" m="42570" /><G15/><T86/><D134/><U59/><E127/><V23/><F35/><W91/><G21/><T29/><D104/><U96/><E135/><V0/><F0/><W20/><G20/><T2/><D2/><U58/><E120/><V102/><F125/><W64/><G48/><T92/><D75/><N who="3" m="28681" /><G40/><T55/><D55/><U121/><E121/><V36/><F72/><W126/><G61/><T53/><D29/><U37/><E96/><V26/><F82/><W56/><G64/><T114/><D32/><U9/><E83/><V77/><F77/><W22/><G56/><T87/><D66/><U103/><E103/><V112/><F112/><W113/><G22/><T124/><D114/><U4/><E37/><V50/><F36/><W105/><G126/><T57/><D124/><U41/><E9/><V129/><N who="2" m="33280" /><DORA hai="69" /><V116/><F116/><W42/><G42/><T7/><D47/><U85/><E85/><V132/><F132/><W25/><G25/><T101/><D7/><U93/><E93/><N who="2" m="58447" /><F102/><W54/><G54/><T80/><D101/><U49/><REACH who="1" step="1"/><E59/><REACH who="1" step="2"/><V71/><F71/><W38/><G38/><T13/><D70/><U123/><E123/><V62/><F62/><W10/><G10/><T14/><D68/><U60/><AGARI ba="2,1" hai="4,6,27,30,34,41,44,49,52,58,60,79,81,84" machi="60" ten="20,12000,2" yaku="1,1,0,1,7,1,52,2,54,1,53,1" doraHai="1,69" doraHaiUra="28,17" who="1" fromWho="1" sc="207,-32,122,136,303,-62,358,-32" /><INIT seed="3,0,0,2,2,4" ten="175,258,241,326" oya="3" hai0="82,18,33,53,10,6,121,38,16,90,74,69,89" hai1="67,102,56,58,14,49,37,120,32,23,110,48,125" hai2="51,0,65,118,107,135,31,25,28,24,40,78,111" hai3="47,62,70,103,34,9,123,100,108,26,68,50,35" shuffle="mt19937ar,7FAA69E5,6F3B3B16,E0290841,713AD1DA,F1B82F72,4BB812A5,13264D98,35515D03"/><W46/><G123/><T105/><D105/><U127/><E120/><V29/><F107/><W134/><G134/><T71/><D33/><U76/><E32/><V88/><F0/><W113/><G113/><T41/><D74/><U99/><E110/><V19/><F118/><W97/><G108/><T85/><D41/><U27/><E76/><V54/><F40/><W11/><G50/><T132/><D38/><U126/><E37/><V3/><F3/><W22/><G22/><T115/><D132/><U128/><E14/><V131/><F131/><W106/><G106/><T75/><D115/><U21/><E67/><V119/><F119/><W5/><G5/><T12/><D75/><U57/><E27/><V30/><N who="2" m="7680" /><DORA hai="66" /><V79/><F111/><W55/><G55/><T84/><D53/><U59/><N who="1" m="14848" /><DORA hai="130" /><U114/><E114/><V20/><F65/><W101/><G101/><T91/><D121/><U64/><E64/><V42/><F42/><W73/><G97/><T95/><REACH who="0" step="1"/><D90/><REACH who="0" step="2"/><U36/><E36/><V1/><F135/><W87/><G73/><T94/><D94/><N who="1" m="58743" /><E128/><V117/><F117/><W83/><G83/><T80/><D80/><U93/><E93/><V13/><F54/><W133/><G133/><T112/><D112/><U109/><E109/><V60/><F51/><AGARI ba="0,1" hai="21,23,48,49,51,125,126,127" m="58743,14848" machi="51" ten="50,1600,0" yaku="18,1" doraHai="4,66,130" who="1" fromWho="2" sc="165,0,258,26,241,-16,326,0" owari="165,-23,284,3,225,-12,326,32" /></mjloggm>