<mjloggm ver="2.3"><GO type="41"/><UN n0="%E3%82%B9%E3%83%BC%E3%83%8B" n1="%E7%9D%A6%E6%9C%88" n2="%5A%41%4B%4B%35%31" n3="%E3%82%A6%E3%83%AB%E3%83%88%E3%83%A9%E7%AB%8B%E7%9B%B4" dan="15,13,14,15" rate="2091,1806,1898,1985" sx="M,M,M,M"/><TAIKYOKU oya="0"/><INIT seed="0,0,0,0,0,66" ten="250,250,250,250" oya="0" hai0="53,48,16,90,25,54,102,118,42,78,112,28,83" hai1="132,85,59,57,94,111,86,79,9,38,92,23,17" hai2="81,130,44,45,50,10,73,89,74,71,55,135,134" hai3="35,20,119,82,129,114,12,84,75,76,113,34,21"/><T2/><D2/><U99/><E38/><V1/><F89/><W3/><G3/><T60/><D118/><U14/><E111/><V11/><F81/><W126/><G84/><T110/><D112/><U116/><E116/><V120/><F1/><W65/><G65/><T33/><D102/><U27/><E132/><V127/><F120/><W87/><G87/><N who="1" m="33290" /><E79/><V30/><F30/><W91/><G91/><T133/><D133/><U115/><E115/><V43/><F127/><W58/><G75/><T108/><D90/><N who="1" m="55703" /><E94/><V97/><F97/><W64/><G82/><T124/><D124/><U77/><E77/><V18/><F130/><W49/><G76/><T22/><D78/><U39/><E39/><V80/><F80/><W4/><G119/><T121/><D83/><U8/><E8/><V128/><F128/><W104/><G129/><T36/><D36/><U131/><E131/><V24/><F24/><W106/><G126/><T56/><D121/><U63/><E63/><V62/><F134/><W6/><G113/><T103/><D42/><U32/><E32/><V93/><F135/><W5/><G35/><T41/><D41/><U105/><E105/><V7/><F62/><W31/><G34/><T69/><D103/><U98/><E98/><V46/><F43/><W122/><G114/><T70/><D33/><U15/><E15/><V100/><F100/><W26/><G122/><T0/><D0/><U68/><E68/><V123/><F71/><W13/><G106/><T52/><D28/><AGARI ba="0,0" hai="9,14,17,23,27,28,57,59" m="55703,33290" machi="28" ten="30,1000,0" yaku="8,1" doraHai="66" who="1" fromWho="0" sc="250,-10,250,10,250,0,250,0" /><INIT seed="1,0,0,2,2,16" ten="240,260,250,250" oya="1" hai0="90,32,134,77,106,111,44,29,63,49,28,60,82" hai1="128,31,102,122,127,51,113,131,48,58,53,109,105" hai2="2,115,38,42,3,43,87,14,65,10,83,129,112" hai3="9,59,27,64,34,67,92,125,39,15,33,103,91"/><U118/><E122/><V12/><F65/><W17/><G39/><T41/><D106/><U46/><E118/><V85/><F83/><W19/><G103/><T75/><D134/><U79/><E113/><V99/><F99/><W135/><G135/><T6/><D111/><U61/><E127/><V47/><F129/><N who="1" m="49737" /><E109/><V20/><F20/><W130/><G130/><T72/><D72/><U22/><E79/><V95/><F95/><W30/><G125/><T88/><D6/><U45/><E105/><V37/><F47/><N who="1" m="17929" /><E102/><V25/><F25/><AGARI ba="0,0" hai="22,25,31,48,51,53,58,61" m="17929,49737" machi="25" ten="30,2900,0" yaku="19,1,52,1" doraHai="16" who="1" fromWho="2" sc="240,0,260,29,250,-29,250,0" /><INIT seed="1,1,0,3,5,109" ten="240,289,221,250" oya="1" hai0="50,54,52,108,23,51,79,35,25,124,11,2,53" hai1="41,62,24,5,57,73,112,29,0,22,17,76,67" hai2="16,6,68,19,111,59,101,72,61,4,10,106,110" hai3="20,107,70,82,135,87,105,117,85,84,15,43,133"/><U26/><E112/><V55/><F72/><W131/><G43/><T18/><D108/><N who="2" m="41514" /><F68/><W71/><G15/><T46/><D124/><U14/><E41/><V95/><F106/><N who="3" m="40459" /><G20/><T127/><D127/><U8/><E76/><V78/><F78/><W100/><G82/><T48/><D79/><U128/><E128/><V37/><F37/><W9/><G9/><T47/><D35/><N who="1" m="20903" /><E26/><V125/><F125/><W115/><G100/><T40/><D2/><U126/><E126/><V103/><F6/><W28/><G28/><T91/><D40/><U114/><E114/><V122/><F122/><W74/><G115/><T90/><REACH who="0" step="1"/><D11/><REACH who="0" step="2"/><U121/><E121/><V38/><F38/><W123/><G123/><T97/><D97/><U104/><E104/><V80/><F80/><W130/><G74/><AGARI ba="1,1" hai="0,5,8,14,17,22,57,62,67,73,74" m="20903" machi="74" ten="30,1500,0" yaku="24,1" doraHai="109" who="1" fromWho="3" sc="230,0,289,28,221,0,250,-18" /><INIT seed="1,2,0,0,1,88" ten="230,317,221,232" oya="1" hai0="130,19,10,25,17,28,68,82,73,57,86,131,16" hai1="122,47,71,134,21,24,5,92,118,80,38,128,120" hai2="31,23,61,101,14,94,4,111,12,41,124,104,7" hai3="115,69,93,67,114,108,79,95,116,6,59,55,43"/><U44/><E118/><V50/><F104/><W64/><G79/><T33/><D68/><U133/><E71/><V112/><F61/><W3/><G43/><T117/><D73/><U20/><E5/><V110/><F41/><W106/><G106/><T89/><D117/><U119/><E119/><V52/><F31/><W105/><G116/><T39/><D39/><U51/><E38/><V15/><F124/><W48/><G105/><T53/><D10/><U60/><E128/><V98/><F112/><W99/><G99/><T78/><D78/><U113/><E113/><V132/><F132/><N who="1" m="50793" /><E60/><V2/><F23/><N who="1" m="8777" /><E24/><V13/><N who="2" m="3584" /><DORA hai="40" /><V66/><F66/><N who="3" m="25131" /><G69/><T77/><REACH who="0" step="1"/><D77/><REACH who="0" step="2"/><U62/><E120/><V65/><F65/><W121/><G121/><T90/><D90/><U8/><E122/><V58/><REACH who="2" step="1"/><F2/><REACH who="2" step="2"/><W125/><G3/><T70/><D70/><U46/><E8/><V84/><F84/><W22/><G115/><T36/><D36/><U9/><E9/><V103/><F103/><W34/><G114/><T1/><D1/><U63/><E51/><AGARI ba="2,2" hai="16,17,19,25,28,33,51,53,57,82,86,89,130,131" machi="51" ten="40,5200,0" yaku="1,1,54,1,53,1" doraHai="88,40" doraHaiUra="74,45" who="0" fromWho="1" sc="220,78,317,-58,211,0,232,0" /><INIT seed="2,0,0,3,5,1" ten="298,259,211,232" oya="2" hai0="18,79,30,84,12,22,13,134,73,97,83,124,31" hai1="128,44,66,60,126,57,115,105,49,67,122,19,111" hai2="116,3,120,70,38,125,110,56,7,42,82,26,51" hai3="86,102,127,101,74,103,135,68,24,106,8,5,117"/><V35/><F82/><W46/><G74/><T119/><D134/><U75/><E115/><V4/><F56/><W113/><G117/><T72/><D124/><U2/><E75/><V65/><F51/><W23/><G127/><T85/><D119/><U52/><E126/><V63/><F125/><W62/><G135/><T16/><D73/><U123/><E105/><V14/><F116/><W17/><G113/><T87/><REACH who="0" step="1"/><D97/><REACH who="0" step="2"/><U99/><E99/><V45/><F120/><N who="1" m="46121" /><E2/><V104/><F104/><W0/><G106/><T41/><D41/><N who="1" m="24719" /><E19/><V80/><F110/><W112/><G112/><T94/><D94/><U93/><E93/><V59/><F80/><W55/><G86/><T96/><D96/><U10/><E10/><AGARI ba="0,1" hai="10,12,13,16,18,22,30,31,72,79,83,84,85,87" machi="10" ten="40,5200,0" yaku="1,1,54,1,53,1" doraHai="1" doraHaiUra="76" who="0" fromWho="1" sc="288,62,259,-52,211,0,232,0" /><INIT seed="3,0,0,0,1,6" ten="350,207,211,232" oya="3" hai0="103,114,69,46,126,57,18,59,87,70,119,42,45" hai1="133,41,128,26,88,101,106,85,22,102,127,58,29" hai2="112,118,129,12,93,81,83,131,2,121,20,34,24" hai3="113,99,68,35,11,120,61,10,7,3,5,91,39"/><W74/><G120/><T79/><D103/><U75/><E75/><V92/><F118/><W97/><G113/><T76/><D119/><U80/><E127/><V44/><F112/><W123/><G123/><T55/><D114/><U65/><E128/><V27/><F121/><W17/><G39/><T0/><D0/><U78/><E133/><V122/><F122/><W94/><G74/><T115/><D115/><U25/><E25/><V89/><F2/><W60/><G35/><T54/><D18/><U116/><E116/><V8/><F34/><W48/><G68/><T108/><D108/><U84/><E41/><V95/><F44/><W50/><G17/><T56/><D87/><U107/><E106/><V98/><F98/><W82/><G82/><N who="2" m="31241" /><F20/><W16/><G16/><T32/><D32/><U43/><E43/><V13/><F89/><W47/><G97/><T49/><D79/><U1/><E1/><V111/><F111/><W31/><G31/><T134/><D76/><U132/><E132/><V51/><F51/><W130/><G130/><N who="2" m="49673" /><F8/><N who="3" m="3115" /><G3/><T23/><D134/><U30/><E107/><V71/><F71/><N who="0" m="27146" /><D23/><U4/><E30/><V9/><F9/><W40/><G50/><N who="0" m="29007" /><D126/><U33/><E33/><V62/><F62/><AGARI ba="0,0" hai="5,7,40,47,48,60,61,62,91,94,99" m="3115" machi="62" ten="30,11600,0" yaku="8,1,52,3" doraHai="6" who="3" fromWho="2" sc="350,0,207,0,211,-116,232,116" /><AGARI ba="0,0" hai="42,46,49,55,56,57,59,62" m="29007,27146" machi="62" ten="30,8000,1" yaku="35,5" doraHai="6" who="0" fromWho="2" sc="350,80,207,0,95,-80,348,0" /><INIT seed="3,1,0,4,2,77" ten="430,207,15,348" oya="3" hai0="32,39,118,69,119,31,125,74,20,88,112,2,76" hai1="45,37,53,43,94,87,83,34,15,132,57,12,111" hai2="52,102,26,79,36,103,68,11,33,128,86,70,3" hai3="16,101,14,84,106,1,97,92,50,56,105,107,99"/><W122/><G1/><T5/><D20/><U89/><E34/><V44/><F36/><W67/><G122/><T123/><D88/><U85/><E111/><V18/><F3/><W73/><G73/><T23/><D23/><U10/><E132/><V7/><F79/><W47/><G84/><T100/><D100/><U113/><E113/><V0/><F86/><W126/><G126/><T93/><D93/><U91/><E10/><V117/><F44/><W54/><G67/><T115/><D123/><U42/><REACH who="1" step="1"/><E42/><REACH who="1" step="2"/><V21/><F33/><W28/><G107/><T134/><D134/><U108/><E108/><V58/><F117/><W81/><G106/><T38/><D125/><U120/><E120/><V90/><F128/><W65/><G105/><T27/><D119/><U49/><AGARI ba="1,1" hai="12,15,37,43,45,49,53,57,83,85,87,89,91,94" machi="49" ten="20,5200,0" yaku="1,1,0,1,7,1,52,1,53,0" doraHai="77" doraHaiUra="29" who="1" fromWho="1" sc="430,-14,197,65,15,-14,348,-27" /><INIT seed="4,0,0,5,3,50" ten="416,262,1,321" oya="0" hai0="32,11,13,72,5,80,20,128,26,114,42,117,27" hai1="110,105,86,52,53,48,132,133,111,122,95,60,79" hai2="83,9,69,1,113,104,19,14,56,77,120,41,17" hai3="24,75,43,29,16,40,62,123,45,121,70,101,35"/><T112/><D42/><U46/><E105/><V124/><F69/><W23/><G101/><T58/><D72/><U126/><E122/><N who="3" m="46602" /><G75/><T107/><D107/><U66/><E126/><V39/><F120/><W96/><G96/><T67/><D80/><N who="1" m="47391" /><E95/><V18/><F124/><W47/><G43/><T87/><D87/><U109/><E66/><V61/><F104/><W59/><G70/><T90/><D90/><U81/><E81/><V74/><F113/><N who="0" m="43626" /><D117/><U4/><E4/><V15/><F1/><W102/><G102/><T34/><D128/><U94/><E94/><V116/><F116/><W82/><G82/><T44/><D44/><U93/><E93/><V78/><F78/><W57/><G57/><T84/><D84/><U106/><E106/><V115/><F115/><W98/><G98/><T92/><D92/><U2/><E2/><V51/><F39/><W12/><G40/><T135/><D135/><N who="1" m="51787" /><E60/><V118/><F118/><W91/><G91/><T10/><D67/><AGARI ba="0,0" hai="12,16,23,24,29,35,45,47,59,62,67" m="46602" machi="67" ten="30,2000,0" yaku="13,1,54,1" doraHai="50" who="3" fromWho="0" sc="416,-20,262,0,1,0,321,20" /><INIT seed="5,0,0,5,2,7" ten="396,262,1,341" oya="1" hai0="104,105,64,6,73,38,67,55,4,106,75,68,134" hai1="65,47,72,127,10,36,59,123,100,97,87,112,69" hai2="102,28,125,129,24,0,40,43,15,32,103,80,98" hai3="79,31,34,122,49,70,41,109,78,5,33,54,66"/><U8/><E123/><V108/><F0/><W60/><G109/><T50/><D38/><U113/><E72/><N who="0" m="27721" /><D68/><U99/><E69/><V95/><F108/><W124/><G122/><T13/><D13/><U26/><E26/><V18/><F125/><W61/><G124/><T107/><D107/><U17/><E127/><V110/><F110/><W117/><G117/><T35/><D35/><U91/><E17/><V37/><F129/><W131/><G131/><T86/><D86/><U83/><E36/><V130/><F130/><W25/><G34/><T119/><D119/><U46/><E65/><N who="0" m="25161" /><D50/><U30/><E30/><V53/><F37/><W88/><G88/><T11/><D11/><N who="1" m="4139" /><E59/><V22/><F102/><W90/><G70/><T48/><D48/><U9/><N who="1" m="4147" /><U76/><DORA hai="135" /><E76/><V3/><F3/><W133/><G79/><T57/><D57/><U115/><E99/><V51/><F80/><W12/><G78/><T39/><D39/><U29/><E29/><V21/><F32/><W77/><G77/><T126/><D126/><U116/><E116/><V52/><F53/><W120/><G66/><T92/><D55/><U89/><E89/><V14/><F14/><W71/><G90/><T121/><D121/><U27/><E27/><V132/><F132/><W62/><G133/><T93/><D134/><U118/><E118/><V82/><F82/><W42/><G71/><T101/><D6/><U56/><E56/><AGARI ba="0,0" hai="15,18,21,22,24,28,40,43,51,52,56,95,98,103" machi="56" ten="30,3900,0" yaku="7,1,8,1,54,1" doraHai="7,135" who="2" fromWho="1" sc="396,0,262,-39,1,39,341,0" /><INIT seed="6,0,0,0,5,14" ten="396,223,40,341" oya="2" hai0="61,132,17,73,111,35,86,1,39,71,16,100,31" hai1="4,110,108,66,42,124,97,2,19,133,38,33,106" hai2="18,120,95,99,62,89,53,44,7,64,129,52,34" hai3="41,72,128,114,80,70,126,117,134,15,98,103,121"/><V93/><F34/><W40/><G41/><T6/><D73/><U69/><E33/><V29/><F29/><W49/><G49/><T46/><D111/><U55/><E124/><V68/><F120/><W118/><G40/><T54/><D6/><U78/><E133/><V28/><F129/><W113/><G70/><T37/><D1/><U84/><E110/><V119/><F119/><N who="3" m="45579" /><G15/><T63/><D132/><U131/><E108/><V50/><F28/><W76/><G134/><T87/><D100/><U5/><E131/><V116/><F116/><W45/><G45/><T8/><D8/><U83/><E2/><V47/><F7/><W109/><G109/><T24/><D37/><U107/><E42/><V10/><F93/><N who="3" m="58831" /><G128/><T22/><D39/><U112/><E38/><V91/><F91/><W123/><G126/><T30/><D30/><U27/><E112/><AGARI ba="0,0" hai="72,76,80,112,113,114,121,123" m="58831,45579" machi="112" ten="30,7700,0" yaku="15,1,11,1,34,2" doraHai="14" who="3" fromWho="1" sc="396,0,223,-77,40,0,341,77" /><INIT seed="7,0,0,2,1,75" ten="396,146,40,418" oya="3" hai0="0,43,63,56,60,120,15,38,39,66,88,68,64" hai1="133,74,13,76,55,83,116,86,59,91,103,19,89" hai2="35,112,24,57,97,70,46,22,16,90,109,21,73" hai3="125,80,81,44,10,31,110,51,82,131,30,130,122"/><W128/><G122/><T72/><D0/><U119/><E133/><V27/><F70/><W41/><G125/><T40/><D72/><U23/><E103/><V71/><F71/><W123/><G123/><T93/><D120/><U135/><E135/><V96/><F73/><W78/><G110/><T102/><D102/><U65/><E65/><V117/><F109/><W36/><G78/><T42/><REACH who="0" step="1"/><D15/><REACH who="0" step="2"/><U20/><E74/><V48/><F117/><N who="1" m="45129" /><E20/><V52/><F112/><W12/><G36/><T62/><D62/><AGARI ba="0,1" hai="13,19,23,55,59,62,76,83,86,89,91" m="45129" machi="62" ten="30,2000,0" yaku="12,1,52,1" doraHai="75" who="1" fromWho="0" sc="386,-20,146,30,40,0,418,0" owari="366,17,176,-22,40,-46,418,51" /></mjloggm>