<mjloggm ver="2.3"><GO type="97"/><UN n0="%61%6E%61%67%6F" n1="%E3%82%A6%E3%83%AB%E3%83%88%E3%83%A9%E7%AB%8B%E7%9B%B4" n2="%48%49%4C%4C%EF%BC%A0" n3="%68%69%72%6F%6F%6F" dan="13,13,14,13" rate="1885,1842,1955,1828" sx="M,M,M,M"/><TAIKYOKU oya="0"/><INIT seed="0,0,0,1,4,66" ten="250,250,250,250" oya="0" hai0="122,115,88,118,134,103,29,104,86,8,3,42,44" hai1="18,72,6,124,70,10,46,105,40,129,83,59,87" hai2="96,123,35,15,32,53,91,4,58,79,19,113,28" hai3="67,14,48,34,13,65,62,75,94,93,55,135,2"/><T80/><D122/><U77/><E105/><V5/><F123/><W0/><G75/><T17/><D118/><U47/><E70/><V20/><F79/><W98/><G34/><T107/><D115/><U128/><E18/><V71/><F113/><W57/><G135/><T111/><D134/><U74/><E59/><V7/><F71/><W95/><G65/><T99/><D29/><U23/><E23/><V120/><F120/><W30/><G30/><T100/><D111/><U97/><E97/><V33/><F96/><W25/><G25/><T101/><D3/><U60/><E60/><V21/><F91/><W73/><G73/><T68/><D68/><U117/><E117/><V51/><REACH who="2" step="1"/><F21/><REACH who="2" step="2"/><W45/><G98/><T69/><D69/><U131/><E124/><V16/><F16/><W112/><G112/><T63/><D17/><U81/><E72/><V12/><F12/><N who="3" m="4715" /><G2/><T116/><D116/><U22/><E22/><V36/><F36/><W85/><G0/><T56/><D8/><U9/><E9/><V119/><F119/><W84/><AGARI ba="0,1" hai="45,48,55,57,62,67,84,85,93,94,95" m="4715" machi="84" ten="30,1100,0" yaku="8,1" doraHai="66" who="3" fromWho="3" sc="250,-5,250,-3,240,-3,250,21" /><INIT seed="1,0,0,0,4,33" ten="245,247,237,271" oya="1" hai0="3,66,82,112,9,24,15,79,55,90,114,117,93" hai1="68,120,129,73,96,107,124,2,123,131,69,126,63" hai2="22,133,76,62,127,7,47,111,119,51,42,88,80" hai3="101,39,98,134,132,14,87,29,106,72,1,115,86"/><U58/><E73/><V53/><F119/><W0/><G72/><T109/><D117/><U121/><E96/><V25/><F133/><N who="3" m="51307" /><G39/><T11/><D24/><U94/><E94/><V61/><F127/><N who="1" m="48681" /><E107/><V71/><F7/><W67/><G115/><T84/><D109/><U99/><E99/><V74/><F111/><W64/><G29/><T45/><D66/><N who="3" m="25129" /><G14/><T6/><D45/><U104/><E104/><V52/><F71/><N who="1" m="27209" /><E2/><AGARI ba="0,0" hai="0,1,2,86,87,98,101,106" m="25129,51307" machi="2" ten="30,7700,0" yaku="20,1,52,3" doraHai="33" who="3" fromWho="1" sc="245,0,247,-77,237,0,271,77" /><INIT seed="2,0,0,0,2,87" ten="245,170,237,348" oya="2" hai0="65,134,122,31,29,81,25,4,109,36,56,107,44" hai1="92,95,11,126,61,23,59,79,30,68,5,21,113" hai2="52,17,75,41,127,125,100,118,111,66,99,76,24" hai3="77,124,49,47,38,130,50,120,9,121,2,106,6"/><V67/><F118/><W97/><G50/><T83/><D122/><U133/><E68/><V129/><F41/><W57/><G57/><T135/><D107/><U33/><E113/><V123/><F123/><W35/><G124/><T3/><D65/><U46/><E126/><N who="2" m="48139" /><F76/><W27/><G130/><T96/><D96/><U63/><E133/><N who="0" m="50697" /><D56/><U18/><E79/><V12/><F75/><W88/><G88/><T70/><D70/><U132/><E132/><V69/><F129/><W8/><G77/><T58/><D58/><U98/><E46/><V39/><F39/><W40/><G49/><T80/><D109/><U32/><E18/><V13/><F69/><W84/><G84/><T108/><D108/><U7/><E59/><V51/><F24/><W78/><G78/><T85/><D36/><U72/><E98/><V34/><F12/><W0/><G9/><N who="0" m="2207" /><D44/><U82/><E82/><N who="0" m="31849" /><D25/><U10/><REACH who="1" step="1"/><E30/><REACH who="1" step="2"/><V60/><F111/><W54/><G2/><T90/><AGARI ba="0,1" hai="29,31,83,85,90" m="31849,2207,50697" machi="90" ten="30,2000,0" yaku="20,1,52,1" doraHai="87" who="0" fromWho="0" sc="245,30,160,-5,237,-10,348,-5" /><INIT seed="3,0,0,3,3,83" ten="275,155,227,343" oya="3" hai0="38,50,54,113,117,94,62,13,105,25,116,23,1" hai1="30,3,45,82,135,6,89,7,109,32,102,26,79" hai2="87,58,131,111,86,125,57,127,21,103,34,56,12" hai3="99,90,93,15,120,121,74,73,92,18,44,110,95"/><W47/><G110/><T0/><D105/><U76/><E109/><V71/><F34/><W98/><G95/><T96/><D38/><U42/><E135/><V85/><F71/><W10/><G120/><T43/><D113/><U126/><E126/><N who="2" m="48139" /><F111/><W63/><G63/><T129/><D129/><U64/><E64/><V24/><F131/><W31/><G31/><T122/><D122/><U77/><E102/><V66/><F103/><W61/><G61/><T81/><D81/><U52/><E3/><V11/><F66/><W27/><G27/><T22/><D117/><U65/><E65/><V37/><F37/><W72/><REACH who="3" step="1"/><G121/><REACH who="3" step="2"/><T107/><D116/><U2/><E2/><V119/><F119/><W97/><G97/><T36/><D107/><U124/><E124/><V80/><F80/><W8/><G8/><T134/><D0/><U132/><E132/><V49/><F11/><W68/><G68/><T106/><D1/><U53/><E7/><V16/><F24/><W100/><AGARI ba="0,1" hai="10,15,18,44,47,72,73,74,90,92,93,98,99,100" machi="100" ten="30,3000,0" yaku="1,1,0,1,53,0" doraHai="83" doraHaiUra="78" who="3" fromWho="3" sc="275,-10,155,-10,227,-10,333,40" owari="265,2,145,-25,217,-13,373,36" /></mjloggm>