<mjloggm ver="2.3"><GO type="41"/><UN n0="%70%74%E5%8A%B9%E7%8E%87%E6%89%93%E6%B3%95" n1="%CF%80" n2="%E3%81%9F%E3%81%93%E9%BA%BB%E9%9B%80" n3="%E3%82%A6%E3%83%AB%E3%83%88%E3%83%A9%E7%AB%8B%E7%9B%B4" dan="13,15,13,13" rate="1993,2005,1893,1858" sx="M,M,M,M"/><TAIKYOKU oya="0"/><INIT seed="0,0,0,4,0,40" ten="250,250,250,250" oya="0" hai0="98,2,129,90,16,66,64,86,100,52,122,99,15" hai1="41,119,134,11,109,73,53,9,96,5,83,25,13" hai2="85,47,71,110,17,75,81,88,44,115,82,28,46" hai3="94,48,7,38,36,127,133,3,113,26,45,50,31"/><T43/><D2/><U62/><E119/><V72/><F115/><W63/><G113/><T58/><D122/><U91/><E134/><V97/><F71/><W106/><G106/><T68/><D68/><U124/><E124/><V123/><F123/><W56/><G7/><T8/><D43/><U60/><E109/><V101/><F110/><W32/><G3/><T79/><D79/><U12/><E73/><V27/><F17/><W61/><G127/><T118/><D118/><U77/><E77/><V128/><F82/><W35/><G94/><N who="0" m="58455" /><D99/><U59/><E25/><V65/><F65/><W10/><G10/><T29/><D29/><U22/><E22/><V116/><F116/><W14/><G35/><T93/><D129/><U112/><E112/><V23/><REACH who="2" step="1"/><F128/><REACH who="2" step="2"/><W55/><G133/><T125/><D125/><U49/><E83/><V0/><F0/><W1/><G1/><T126/><D126/><U120/><E120/><V132/><F132/><W80/><G80/><T135/><D135/><U130/><E130/><V111/><F111/><W84/><G14/><T131/><D131/><U30/><E13/><V78/><F78/><W19/><G19/><T34/><D34/><U33/><E12/><V102/><F102/><W42/><G32/><T51/><AGARI ba="0,1" hai="8,15,16,51,52,58,64,66,86,90,93" m="58455" machi="51" ten="30,6000,0" yaku="8,1,54,2" doraHai="40" who="0" fromWho="0" sc="250,70,250,-20,240,-20,250,-20" /><INIT seed="0,1,0,1,1,72" ten="320,230,220,230" oya="0" hai0="88,95,67,132,106,118,87,114,78,4,22,121,41" hai1="47,49,82,2,43,81,19,24,70,94,25,120,86" hai2="60,98,123,131,13,35,126,83,59,39,109,73,38" hai3="36,107,0,75,112,20,105,76,99,63,16,129,46"/><T37/><D114/><U108/><E120/><V21/><F123/><W29/><G29/><T23/><D121/><U5/><E108/><V102/><F35/><W64/><G112/><T124/><D118/><U91/><E70/><V69/><F69/><W56/><G0/><T27/><D106/><U110/><E110/><V40/><F109/><W33/><G33/><T51/><D37/><U113/><E113/><V135/><F131/><W68/><G129/><T30/><D124/><U133/><E133/><V119/><F119/><W74/><G74/><T93/><D132/><U61/><E61/><V55/><F135/><W10/><G10/><T79/><D67/><U8/><E19/><V34/><F34/><W57/><G105/><T65/><D65/><U117/><E117/><V11/><F21/><W96/><G96/><T18/><D4/><U53/><E53/><V26/><F26/><W71/><G71/><T42/><D95/><U66/><E66/><V48/><F126/><W130/><G130/><T77/><D51/><U80/><AGARI ba="1,0" hai="2,5,8,24,25,43,47,49,80,81,82,86,91,94" machi="80" ten="30,1100,0" yaku="0,1" doraHai="72" who="1" fromWho="1" sc="320,-6,230,14,220,-4,230,-4" /><INIT seed="1,0,0,1,0,81" ten="314,244,216,226" oya="1" hai0="78,50,0,1,54,85,43,4,7,61,80,116,123" hai1="11,22,122,89,133,99,101,40,114,72,95,68,112" hai2="66,97,41,42,88,35,113,21,3,57,92,76,51" hai3="75,53,79,65,111,100,119,59,63,8,115,94,5"/><U44/><E68/><V126/><F35/><W47/><G115/><T49/><D116/><U20/><E72/><V90/><F3/><W18/><G18/><T14/><D123/><U82/><E122/><V56/><F113/><W74/><G74/><T86/><D1/><U26/><E133/><V52/><F126/><W70/><G111/><T19/><D0/><U120/><E120/><V2/><F2/><W83/><G47/><N who="0" m="25855" /><D61/><U131/><E131/><V128/><F128/><W135/><G135/><T23/><D86/><U28/><E11/><V37/><F37/><W27/><G27/><T36/><D36/><U107/><E82/><V10/><F76/><W17/><G5/><T45/><AGARI ba="0,0" hai="4,7,14,19,23,45,50,54,78,80,85" m="25855" machi="45" ten="30,2000,0" yaku="8,1,52,1" doraHai="81" who="0" fromWho="0" sc="314,20,244,-10,216,-5,226,-5" /><INIT seed="2,0,0,0,5,73" ten="334,234,211,221" oya="2" hai0="74,83,3,37,45,23,101,26,135,31,49,99,92" hai1="130,72,58,95,41,9,53,52,78,42,17,94,28" hai2="120,44,6,19,116,48,113,46,110,131,32,70,12" hai3="60,34,114,125,119,134,121,89,118,111,79,123,93"/><V43/><F120/><N who="3" m="46155" /><G60/><T50/><D3/><U65/><E28/><V129/><F116/><N who="3" m="44587" /><G34/><T68/><D68/><U91/><E130/><V36/><F70/><W47/><G47/><T66/><D66/><U124/><E124/><V84/><F32/><W69/><G69/><T106/><D135/><U128/><E128/><V103/><F131/><W8/><G8/><T24/><D106/><U54/><E58/><V2/><F129/><W86/><G125/><T33/><D37/><U132/><E65/><V90/><F6/><W20/><G20/><T61/><D61/><U56/><E132/><V39/><F2/><W4/><G4/><T100/><D100/><U117/><E56/><V29/><F103/><W22/><G22/><T98/><D98/><U64/><E64/><V62/><F29/><W87/><G134/><T107/><D107/><U71/><E71/><V63/><F39/><W109/><G87/><T14/><D14/><N who="1" m="7375" /><E117/><V102/><F62/><W105/><G105/><T112/><D45/><U67/><E67/><V7/><F46/><W5/><G5/><T59/><D33/><U0/><E0/><V122/><F7/><W10/><G10/><T96/><D31/><U25/><E25/><V35/><F122/><W51/><G51/><T115/><D26/><U57/><E57/><V55/><F35/><W82/><G114/><T97/><D112/><U40/><E40/><V21/><F113/><W75/><AGARI ba="0,0" hai="75,79,82,86,89,93,109,111" m="44587,46155" machi="75" ten="40,5200,0" yaku="34,2,52,1" doraHai="73" who="3" fromWho="3" sc="334,-13,234,-13,211,-26,221,52" /><INIT seed="3,0,0,5,4,20" ten="321,221,185,273" oya="3" hai0="48,134,50,64,6,22,40,61,124,72,4,120,69" hai1="65,8,55,46,119,51,44,128,99,0,96,94,75" hai2="104,73,9,93,18,98,35,125,21,28,5,101,88" hai3="68,3,107,117,38,77,10,31,26,2,43,33,23"/><W83/><G117/><T80/><D120/><U56/><E75/><V130/><F73/><N who="3" m="43439" /><G23/><T62/><D124/><U133/><E119/><V129/><F125/><W54/><G54/><T17/><D134/><U58/><E133/><V32/><F9/><W29/><G29/><T14/><D62/><U127/><E127/><V42/><F42/><W81/><G81/><T116/><D116/><U30/><E128/><V100/><F5/><N who="3" m="1335" /><G3/><T76/><REACH who="0" step="1"/><D50/><REACH who="0" step="2"/><U113/><E51/><V108/><F129/><W115/><G115/><T121/><D121/><U34/><E113/><V118/><F130/><W123/><G123/><T16/><D16/><U57/><E65/><V95/><F18/><W82/><G68/><T59/><D59/><U103/><E58/><V78/><F118/><W45/><G82/><T12/><D12/><U60/><E57/><V135/><F135/><W67/><G67/><T102/><D102/><U1/><E60/><V105/><F101/><W53/><G53/><T87/><D87/><U66/><E66/><V11/><F100/><W122/><G122/><T37/><D37/><U109/><E56/><V52/><F52/><W85/><G85/><T106/><D106/><AGARI ba="0,1" hai="26,31,33,38,43,45,106,107" m="1335,43439" machi="106" ten="30,11600,0" yaku="25,1,33,2,52,1" doraHai="20" who="3" fromWho="0" sc="311,-116,221,0,185,0,273,126" /><INIT seed="3,1,0,5,3,103" ten="195,221,185,399" oya="3" hai0="45,76,81,35,28,63,86,125,121,123,55,27,18" hai1="47,97,71,104,70,29,51,4,9,33,124,119,99" hai2="93,1,102,24,106,59,135,72,80,89,64,49,128" hai3="110,133,108,77,122,66,132,21,98,67,75,46,39"/><W118/><G77/><T40/><D125/><U83/><E124/><V38/><F1/><W32/><G75/><T96/><D18/><U15/><E119/><V74/><F38/><W117/><G32/><T94/><D63/><U100/><E99/><V58/><F135/><N who="3" m="51787" /><G98/><T60/><D60/><U3/><E3/><V105/><F128/><W61/><G21/><T41/><D55/><U65/><E65/><N who="3" m="24586" /><G61/><T88/><REACH who="0" step="1"/><D41/><REACH who="0" step="2"/><U112/><E71/><V10/><F64/><W22/><G122/><T31/><D31/><U56/><E70/><V17/><F17/><W0/><G117/><T34/><D34/><U120/><E120/><V129/><F129/><W131/><G118/><T36/><AGARI ba="1,1" hai="27,28,35,36,40,45,76,81,86,88,94,96,121,123" machi="36" ten="20,8000,1" yaku="1,1,0,1,7,1,54,1,53,1" doraHai="103" doraHaiUra="23" who="0" fromWho="0" sc="185,93,221,-21,185,-21,399,-41" /><INIT seed="4,0,0,0,0,97" ten="278,200,164,358" oya="0" hai0="128,28,9,80,41,69,47,45,12,87,98,123,135" hai1="13,56,59,32,26,61,71,34,5,64,35,75,10" hai2="14,36,51,58,95,129,133,70,17,23,91,103,3" hai3="0,132,126,78,106,25,79,39,74,104,43,67,84"/><T112/><D123/><U1/><E75/><V100/><F70/><W81/><G25/><T22/><D69/><U116/><E116/><V8/><F36/><W90/><G67/><T46/><D112/><U30/><REACH who="1" step="1"/><E1/><REACH who="1" step="2"/><V68/><F3/><W66/><G0/><T2/><D2/><U115/><E115/><V49/><F133/><W76/><G132/><T113/><D135/><U117/><E117/><V73/><F73/><W7/><G74/><T37/><D113/><U99/><E99/><V96/><F129/><W29/><G84/><T52/><D128/><U94/><E94/><V102/><F68/><W93/><G93/><T31/><D98/><U114/><E114/><V72/><F72/><W65/><G104/><T33/><D87/><U88/><E88/><V131/><F131/><W120/><G90/><T16/><D80/><U57/><AGARI ba="0,1" hai="5,10,13,26,30,32,34,35,56,57,59,61,64,71" machi="57" ten="30,2000,0" yaku="1,1,0,1,53,0" doraHai="97" doraHaiUra="124" who="1" fromWho="1" sc="278,-10,190,30,164,-5,358,-5" /><INIT seed="5,0,0,4,1,64" ten="268,220,159,353" oya="1" hai0="113,27,95,55,30,70,36,92,9,13,53,62,135" hai1="35,51,102,90,4,118,48,54,58,124,28,74,15" hai2="110,18,117,88,112,121,32,29,116,47,105,71,103" hai3="44,96,119,65,87,127,59,132,93,80,83,89,1"/><U2/><E118/><V134/><F18/><W120/><G1/><T68/><D36/><U49/><E74/><V107/><F88/><W24/><G120/><T14/><D113/><U12/><E102/><V16/><F16/><W130/><G130/><T76/><D76/><U50/><E124/><V25/><F47/><W23/><G127/><T63/><D135/><U69/><E69/><V129/><F25/><W10/><G132/><T67/><D67/><U109/><E109/><V79/><F29/><N who="3" m="17567" /><G119/><T45/><D45/><U94/><E35/><V78/><F103/><W42/><G10/><T20/><D9/><U41/><E28/><V66/><F66/><W77/><G83/><T38/><D38/><U8/><REACH who="1" step="1"/><E41/><REACH who="1" step="2"/><V101/><F101/><W97/><G42/><T100/><D30/><U31/><E31/><V98/><F117/><W6/><G77/><T60/><D100/><U85/><AGARI ba="0,1" hai="2,4,8,12,15,48,49,50,51,54,58,85,90,94" machi="85" ten="30,3000,0" yaku="1,1,0,1,53,0" doraHai="64" doraHaiUra="75" who="1" fromWho="1" sc="268,-10,210,40,159,-10,353,-10" /><INIT seed="5,1,0,4,5,28" ten="258,250,149,343" oya="1" hai0="96,65,106,50,1,128,58,129,44,36,123,70,72" hai1="62,107,31,57,34,5,101,124,118,125,69,13,60" hai2="79,131,18,104,67,112,134,90,48,53,86,30,10" hai3="109,56,135,32,81,54,23,116,27,83,89,37,29"/><U52/><E118/><V133/><F104/><W87/><G37/><T21/><D1/><U127/><E107/><V45/><F112/><W2/><G2/><T75/><D36/><U59/><E101/><V26/><F131/><N who="0" m="50250" /><D70/><U73/><E73/><V126/><F126/><W33/><G109/><T42/><D123/><U111/><E69/><V3/><F79/><W97/><G135/><T25/><D106/><U100/><E100/><V16/><F67/><W8/><G8/><T47/><D96/><U43/><E43/><V49/><F49/><W51/><G97/><T61/><D47/><U132/><E132/><V41/><F41/><W40/><G40/><T115/><D115/><U80/><E80/><V68/><F68/><W12/><G116/><T9/><D9/><N who="1" m="4271" /><E111/><V71/><F71/><W38/><G38/><T14/><D14/><U66/><E31/><AGARI ba="1,0" hai="21,25,31,42,44,50,58,61,65,72,75" m="50250" machi="31" ten="30,1000,0" yaku="19,1" doraHai="28" who="0" fromWho="1" sc="258,13,250,-13,149,0,343,0" /><INIT seed="6,0,0,2,4,23" ten="271,237,149,343" oya="2" hai0="44,49,4,37,58,56,117,99,1,64,129,77,74" hai1="98,47,15,131,100,41,35,7,110,97,53,34,8" hai2="51,6,87,89,45,95,112,18,39,67,68,32,25" hai3="31,50,59,108,11,78,57,132,12,128,69,101,135"/><V46/><F112/><W36/><G36/><T127/><D37/><U65/><E110/><V62/><F6/><W40/><G69/><T85/><D74/><U109/><E109/><V21/><F32/><W30/><G128/><T82/><D129/><U90/><E131/><V116/><F39/><W48/><G101/><T61/><D127/><U42/><E65/><V121/><F116/><W5/><G78/><T130/><D130/><U83/><E53/><V22/><F121/><W93/><G93/><T43/><D117/><U105/><E42/><V63/><F63/><W103/><G103/><T13/><D1/><U94/><REACH who="1" step="1"/><E83/><REACH who="1" step="2"/><V72/><F72/><W104/><G108/><T16/><D4/><U125/><E125/><V81/><F81/><W111/><G40/><T124/><D124/><U14/><E14/><V92/><F92/><W3/><G12/><T0/><D0/><U118/><E118/><V75/><F75/><W102/><G111/><T52/><D43/><U66/><E66/><V20/><REACH who="2" step="1"/><F46/><REACH who="2" step="2"/><W54/><G3/><T106/><D44/><U60/><E60/><V29/><F29/><W76/><G30/><T17/><D58/><U91/><E91/><V96/><F96/><W88/><G31/><T133/><D99/><U70/><E70/><V84/><F84/><W33/><G88/><T38/><D64/><U26/><E26/><V28/><F28/><W24/><G24/><T107/><D56/><U80/><E80/><V86/><F86/><W73/><G59/><T119/><D61/><U123/><E123/><V120/><F120/><W134/><G57/><RYUUKYOKU ba="0,2" sc="271,-15,227,15,139,15,343,-15" hai1="7,8,15,34,35,41,47,90,94,97,98,100,105" hai2="18,20,21,22,25,45,51,62,67,68,87,89,95" /><INIT seed="6,1,2,2,3,130" ten="256,242,154,328" oya="2" hai0="36,23,87,125,35,124,63,51,114,107,40,45,46" hai1="8,73,96,106,12,11,65,132,68,15,70,56,112" hai2="71,58,1,111,85,39,100,120,44,90,74,66,122" hai3="101,104,88,32,61,9,37,0,26,134,14,131,126"/><V102/><F74/><W30/><G37/><T133/><D35/><U116/><E116/><V109/><F71/><W24/><G0/><T110/><D107/><U89/><E73/><V28/><F1/><W50/><G101/><T129/><D110/><N who="2" m="41994" /><F28/><W22/><G104/><T75/><D75/><U72/><E72/><V49/><F39/><W79/><G79/><T103/><D103/><N who="2" m="39466" /><F58/><W69/><G50/><T53/><D87/><U52/><E70/><V95/><F66/><W64/><G126/><N who="0" m="48747" /><D129/><U19/><E68/><V27/><F27/><W105/><G105/><T5/><D5/><U67/><E67/><V127/><F127/><W113/><G131/><T2/><D2/><U97/><E65/><V117/><F117/><W20/><G61/><T6/><D6/><U94/><E106/><V29/><F29/><W115/><G64/><T57/><D23/><U123/><E11/><V13/><F13/><W128/><G69/><T55/><D114/><N who="3" m="43529" /><G128/><T17/><D17/><U34/><E15/><V4/><F4/><N who="3" m="3367" /><G88/><T77/><D77/><U78/><E78/><V3/><F3/><W135/><G32/><T7/><D7/><U62/><E34/><V21/><F21/><W33/><G33/><T18/><D18/><AGARI ba="1,2" hai="18,20,22,24,26,30,134,135" m="3367,43529" machi="18" ten="30,12000,2" yaku="15,1,11,1,34,2,52,2" doraHai="130" who="3" fromWho="0" sc="256,-123,242,0,154,0,328,143" /><INIT seed="7,0,0,4,2,114" ten="133,242,154,471" oya="3" hai0="40,85,44,30,93,47,23,8,108,19,37,64,9" hai1="28,80,24,41,111,102,21,89,81,124,67,135,26" hai2="0,62,107,105,83,119,72,98,122,78,131,2,59" hai3="6,55,128,121,103,82,31,11,54,50,53,133,27"/><W57/><G128/><T34/><D108/><U60/><E111/><V96/><F131/><W63/><G133/><T76/><D64/><U51/><E135/><V10/><F122/><W12/><G103/><T35/><D47/><N who="1" m="26095" /><E124/><V61/><F10/><W48/><G82/><N who="1" m="31850" /><E102/><V77/><F83/><W42/><G121/><T69/><D76/><U94/><E67/><V16/><F59/><W130/><G130/><T14/><D69/><U73/><E73/><V99/><F72/><W126/><G126/><T113/><D113/><U95/><E26/><V100/><F99/><W71/><G71/><T32/><REACH who="0" step="1"/><D30/><REACH who="0" step="2"/><U17/><E28/><V91/><F100/><W101/><G31/><T18/><D18/><U15/><E17/><V132/><F132/><W70/><G70/><T56/><D56/><U117/><E89/><AGARI ba="0,1" hai="8,9,14,19,23,32,34,35,37,40,44,85,89,93" machi="89" ten="40,5200,0" yaku="1,1,53,2" doraHai="114" doraHaiUra="7" who="0" fromWho="1" sc="123,62,242,-52,154,0,471,0" owari="185,-21,190,-1,154,-35,471,57" /></mjloggm>