<mjloggm ver="2.3"><GO type="193"/><UN n0="%E3%82%A6%E3%83%AB%E3%83%88%E3%83%A9%E7%AB%8B%E7%9B%B4" n1="%33%74%61" n2="%CF%83%E9%8F%A1" n3="%E8%8B%A6%E3%82%88%E3%82%82%E3%81%8E" dan="11,10,11,10" rate="1770,1435,1704,1782" sx="M,M,M,M"/><TAIKYOKU oya="0"/><INIT seed="0,0,0,1,3,17" ten="250,250,250,250" oya="0" hai0="9,104,41,11,97,106,65,12,74,37,126,15,18" hai1="121,56,48,79,87,75,60,95,76,6,13,119,91" hai2="32,30,128,39,81,64,132,69,2,84,19,1,70" hai3="10,38,16,111,40,133,21,8,116,109,82,42,58" shuffle="mt19937ar,876606EF,8AE9C626,B9FFEA72,50105EB1,86F2D760,6FBC98C1,81836D2D,5D344218"/><T27/><D74/><U130/><E121/><V23/><F128/><W78/><G116/><T61/><D126/><U93/><E119/><V102/><F39/><W25/><G38/><T80/><D27/><U117/><E130/><V92/><F132/><W47/><G133/><T63/><D63/><U33/><E117/><V45/><F45/><W103/><G103/><T54/><D41/><N who="3" m="15977" /><G47/><T135/><D37/><U112/><E33/><V127/><F127/><W100/><G100/><T90/><D135/><U129/><E112/><V115/><F115/><W108/><G58/><T131/><D54/><U110/><E129/><V52/><F70/><W36/><G36/><T7/><D131/><U99/><E110/><V62/><F32/><W43/><N who="3" m="15985" /><W134/><DORA hai="46" /><G134/><T26/><D26/><U94/><E75/><AGARI ba="0,0" hai="8,10,16,21,25,75,78,82,108,109,111" m="15985" machi="75" ten="40,5200,0" yaku="14,1,52,1,54,1" doraHai="17,46" who="3" fromWho="1" sc="250,0,250,-52,250,0,250,52" /><INIT seed="1,0,0,3,1,4" ten="250,198,250,302" oya="1" hai0="134,83,113,129,72,51,117,48,1,112,58,126,82" hai1="116,10,93,5,6,73,124,92,46,23,19,132,128" hai2="68,85,104,49,8,90,26,118,54,45,125,27,37" hai3="42,101,77,22,2,55,109,66,120,12,40,88,102" shuffle="mt19937ar,40A45E89,1B01E2AF,2913927D,B813F5CB,A04E20CD,1D02400C,325713EC,28B3F965"/><U15/><E73/><V0/><F68/><W91/><G120/><T18/><D18/><U95/><E116/><V17/><F118/><W119/><G2/><T127/><D117/><U76/><E124/><V61/><F125/><W79/><G119/><T52/><D1/><U39/><E128/><V53/><F104/><W122/><G122/><T98/><D58/><U100/><E132/><V75/><F75/><W80/><G66/><T50/><D72/><U43/><E76/><V86/><F37/><W20/><G80/><T89/><D51/><U130/><E130/><V70/><F70/><W56/><G109/><T35/><D129/><U65/><E65/><V84/><F0/><W57/><REACH who="3" step="1"/><G55/><REACH who="3" step="2"/><T121/><D52/><U87/><E87/><V81/><F54/><W97/><G97/><T28/><D98/><N who="1" m="59463" /><E6/><V59/><F81/><W3/><G3/><T114/><D114/><U108/><E108/><V30/><F90/><W94/><G94/><T111/><D89/><U41/><E39/><V62/><F86/><W96/><G96/><T71/><D111/><U107/><E107/><V32/><F62/><W33/><G33/><T74/><D35/><U9/><E9/><V103/><F103/><W29/><G29/><T63/><D28/><U105/><E105/><V67/><F26/><W13/><AGARI ba="0,1" hai="12,13,20,22,40,42,56,57,77,79,88,91,101,102" machi="13" ten="25,12000,2" yaku="1,1,0,1,22,2,8,1,54,1,53,0" doraHai="4" doraHaiUra="14" who="3" fromWho="3" sc="250,-30,198,-60,250,-30,292,130" /><INIT seed="2,0,0,2,2,96" ten="220,138,220,422" oya="2" hai0="110,59,126,134,94,39,8,11,107,29,46,20,72" hai1="66,19,41,1,31,100,21,22,69,98,25,92,18" hai2="109,33,99,3,133,95,7,34,48,132,44,111,120" hai3="26,115,36,119,118,32,78,117,90,63,15,113,86" shuffle="mt19937ar,F0F68CA5,7F438081,D85F09F4,23D2201D,E6B83F30,4529FCA1,39CF441E,D66CCC4D"/><V127/><F3/><W88/><G36/><T43/><D107/><U0/><E41/><V4/><F120/><W9/><G63/><T125/><D72/><U38/><E38/><V35/><F48/><W2/><G2/><T45/><D134/><N who="2" m="51818" /><F44/><W74/><G26/><T71/><D71/><U28/><E69/><V49/><F49/><W84/><G32/><N who="2" m="8193" /><V42/><DORA hai="75" /><F42/><W62/><G62/><T60/><D110/><N who="2" m="41994" /><F127/><N who="0" m="48650" /><D46/><U10/><E66/><V97/><F95/><W106/><G106/><T87/><D94/><U76/><E92/><V16/><F16/><N who="1" m="6185" /><E76/><V79/><F79/><W128/><G78/><T114/><D87/><N who="3" m="33321" /><G74/><T129/><D114/><N who="3" m="43529" /><G128/><T24/><D129/><U116/><E98/><AGARI ba="0,0" hai="4,7,97,98,99" m="41994,8193,51818" machi="98" ten="50,12000,1" yaku="28,2,20,1,14,1,10,1" doraHai="96,75" who="2" fromWho="1" sc="220,0,138,-120,220,120,422,0" /><INIT seed="2,1,0,3,3,60" ten="220,18,340,422" oya="2" hai0="23,1,65,48,110,120,20,9,43,90,51,102,78" hai1="111,0,100,75,67,98,8,126,19,25,59,128,29" hai2="54,74,39,134,7,125,70,77,72,42,69,93,2" hai3="18,22,96,30,52,58,106,87,122,38,88,33,31" shuffle="mt19937ar,AAE5868B,14F0815D,547B6213,A41D0EC8,83C1F2E1,8561F821,5A8A8C20,62DF011A"/><V107/><F125/><W53/><G33/><T86/><D110/><U36/><E75/><V103/><F54/><W119/><G38/><T92/><D120/><U47/><E36/><V13/><F93/><W46/><G122/><T5/><D102/><U26/><E111/><V121/><F121/><W115/><G119/><T15/><D78/><U17/><E126/><V3/><F13/><W117/><G117/><T14/><D1/><N who="2" m="10" /><F7/><W129/><G115/><T81/><D92/><U83/><E128/><V99/><F134/><W44/><G129/><T80/><D43/><U112/><E112/><V21/><F21/><W49/><G96/><T63/><D80/><U124/><E0/><V55/><F55/><W94/><G106/><T34/><D34/><U61/><E124/><V123/><F123/><W71/><G71/><N who="2" m="27145" /><F77/><W84/><G87/><T108/><D108/><U76/><E47/><AGARI ba="1,0" hai="39,42,47,72,74,99,103,107" m="27145,10" machi="47" ten="30,2900,0" yaku="33,2" doraHai="60" who="2" fromWho="1" sc="220,0,18,-32,340,32,422,0" owari="220,-13,-14,-41,372,12,422,42" /></mjloggm>