<mjloggm ver="2.3"><GO type="41"/><UN n0="%74%6F%72%6F%31%30%31" n1="%E3%82%A6%E3%82%A8%E3%82%A2%E3%83%8F%E3%82%A6%E3%82%B9" n2="%E3%82%A6%E3%83%AB%E3%83%88%E3%83%A9%E7%AB%8B%E7%9B%B4" n3="%E3%82%AB%E3%82%BA%E3%82%B3%E3%83%A0%E3%82%B7" dan="13,13,15,16" rate="1847,2089,1963,1903" sx="M,F,M,M"/><TAIKYOKU oya="0"/><INIT seed="0,0,0,0,0,70" ten="250,250,250,250" oya="0" hai0="119,131,32,121,47,134,93,103,60,13,56,91,92" hai1="84,27,25,130,62,45,12,28,57,33,65,31,76" hai2="54,66,71,64,87,99,81,51,5,17,113,120,125" hai3="116,79,11,107,24,39,1,129,10,112,30,102,43"/><T38/><D121/><U2/><E130/><V80/><F120/><W101/><G116/><T63/><D119/><U3/><E12/><V89/><F113/><W73/><G112/><T104/><D32/><U37/><E84/><V44/><F125/><W23/><G129/><T95/><D131/><U97/><E97/><V83/><F5/><N who="3" m="1327" /><G107/><T133/><D104/><U98/><E98/><V109/><F109/><W0/><G11/><T41/><D103/><U53/><E76/><V74/><F99/><W122/><G0/><T42/><D13/><U9/><E9/><V21/><F71/><W90/><G90/><T55/><D91/><U75/><E75/><V34/><F34/><W18/><G30/><T127/><D127/><U35/><E53/><V50/><F50/><W86/><G86/><T94/><N who="0" m="24064" /><DORA hai="108" /><T114/><D114/><U128/><REACH who="1" step="1"/><E128/><REACH who="1" step="2"/><V78/><REACH who="2" step="1"/><F81/><REACH who="2" step="2"/><N who="3" m="45295" /><G122/><T26/><D26/><AGARI ba="0,2" hai="17,21,26,44,51,54,64,66,74,78,80,83,87,89" machi="26" ten="30,2000,0" yaku="1,1,7,1,53,0" doraHai="70,108" doraHaiUra="68,58" who="2" fromWho="0" sc="250,-20,240,0,240,40,250,0" /><INIT seed="1,0,0,3,3,105" ten="230,240,280,250" oya="1" hai0="87,107,54,93,134,110,63,60,35,51,26,62,80" hai1="132,66,56,12,25,81,30,112,28,135,40,44,128" hai2="108,1,118,82,27,50,10,99,103,46,22,65,76" hai3="11,89,6,91,7,104,9,84,97,121,0,18,32"/><U109/><E112/><V85/><F118/><W34/><G121/><T39/><D107/><U52/><E128/><V92/><F108/><W58/><G18/><T106/><D106/><U83/><E66/><V113/><F113/><W42/><G42/><T120/><D120/><U88/><E12/><V16/><F65/><W29/><G29/><T2/><D2/><U111/><E40/><V31/><F1/><W78/><G104/><T5/><D5/><U67/><E67/><V64/><F64/><W59/><G97/><T130/><D39/><U90/><E44/><V133/><F133/><N who="1" m="51273" /><E83/><V71/><F71/><W127/><G0/><T100/><D110/><N who="1" m="41995" /><E81/><V17/><F10/><W38/><G78/><T20/><D134/><U69/><E69/><V117/><F117/><W36/><G84/><T53/><D130/><U122/><E122/><V4/><F4/><W86/><REACH who="3" step="1"/><G86/><REACH who="3" step="2"/><T19/><D35/><N who="1" m="20879" /><E30/><V24/><F24/><W3/><G3/><T77/><D77/><U75/><E75/><V21/><F31/><W115/><G115/><T37/><D80/><U15/><E15/><V131/><F131/><W8/><G8/><T125/><D26/><U68/><E68/><V123/><F123/><W96/><G96/><T55/><D87/><U94/><E94/><V41/><F27/><W79/><G79/><T45/><D93/><U74/><E74/><V70/><F70/><W13/><G13/><T126/><D45/><U129/><E129/><V101/><F92/><W49/><G49/><AGARI ba="0,1" hai="49,52,56,88,90" m="20879,41995,51273" machi="49" ten="30,12000,1" yaku="20,1,14,1,10,1,54,2" doraHai="105" who="1" fromWho="3" sc="230,0,240,130,280,0,240,-120" /><INIT seed="1,1,0,2,1,76" ten="230,370,280,120" oya="1" hai0="97,89,49,65,61,35,12,34,125,127,83,54,50" hai1="88,17,23,110,55,1,30,71,112,36,78,85,53" hai2="111,113,68,95,44,86,56,99,101,41,107,3,122" hai3="62,4,69,134,60,64,108,5,94,130,102,92,13"/><U80/><E112/><V126/><F68/><W117/><G108/><T115/><D115/><U105/><E1/><V131/><F3/><W33/><G130/><T75/><D75/><U96/><E71/><V116/><F113/><W40/><G134/><T48/><D12/><U109/><E36/><V14/><F116/><W42/><G42/><T19/><D19/><U52/><E30/><V67/><F131/><W45/><G117/><T20/><D20/><U11/><E11/><V9/><F111/><N who="1" m="42505" /><E105/><V128/><F128/><W104/><G33/><T114/><D114/><U81/><E96/><V77/><F122/><W98/><G60/><T66/><D97/><U8/><E8/><V25/><F126/><N who="0" m="48138" /><D89/><U38/><E38/><V93/><F107/><W79/><G5/><T119/><D83/><N who="1" m="49215" /><E78/><V118/><F118/><W21/><G79/><T24/><D119/><U63/><E63/><V46/><F99/><W70/><G70/><T2/><D2/><U0/><E0/><V103/><F9/><W29/><G4/><T32/><D24/><AGARI ba="1,0" hai="17,23,24,52,53,55,80,81" m="49215,42505" machi="24" ten="30,18000,2" yaku="14,1,10,1,52,3,54,2" doraHai="76" who="1" fromWho="0" sc="230,-183,370,183,280,0,120,0" /><INIT seed="1,2,0,5,0,96" ten="47,553,280,120" oya="1" hai0="81,86,67,79,69,25,12,119,80,78,115,88,6" hai1="117,41,19,93,77,52,5,57,51,32,27,134,101" hai2="121,3,76,61,55,74,82,126,36,99,109,114,103" hai3="29,38,56,66,97,128,70,31,113,106,59,28,84"/><U62/><E117/><V90/><F36/><W95/><G113/><T72/><D119/><U49/><E134/><V33/><F33/><W133/><G106/><T34/><D115/><U122/><E122/><V130/><F114/><W118/><G133/><T87/><D67/><U112/><E112/><V18/><F3/><W132/><G118/><T35/><D69/><U108/><E108/><V42/><F42/><W24/><G132/><T37/><D37/><U127/><E127/><V44/><F109/><W94/><G38/><T22/><D12/><U45/><E5/><V4/><F4/><W120/><G120/><T50/><D50/><N who="1" m="26927" /><E77/><V116/><F116/><W39/><G39/><T15/><D15/><U13/><E27/><V124/><F121/><W129/><G24/><T125/><D125/><U53/><E53/><V89/><F124/><W40/><G40/><T17/><D6/><U68/><E68/><V131/><F126/><W73/><G73/><T0/><REACH who="0" step="1"/><D0/><REACH who="0" step="2"/><U10/><E32/><V105/><F61/><W92/><G70/><T14/><D14/><U65/><E65/><V30/><F55/><W102/><G66/><T26/><D26/><U23/><E10/><V43/><F43/><W98/><G84/><T85/><D85/><U83/><E62/><V48/><F48/><W60/><G60/><T91/><D91/><U46/><E51/><V135/><F89/><W9/><G9/><T123/><D123/><U16/><E49/><V111/><F90/><W71/><G71/><T58/><D58/><N who="3" m="22057" /><G102/><T107/><D107/><U11/><E11/><V2/><F135/><RYUUKYOKU ba="2,1" sc="37,15,553,-15,280,-15,120,15" hai0="17,22,25,34,35,72,78,79,80,81,86,87,88" hai3="28,29,31,92,94,95,97,98,128,129" /><INIT seed="2,3,1,4,3,30" ten="52,538,265,135" oya="2" hai0="101,95,7,4,126,66,31,52,24,17,99,54,127" hai1="21,15,69,35,40,83,98,64,2,82,37,70,22" hai2="62,104,65,117,63,119,85,77,73,130,120,84,113" hai3="96,50,114,90,106,75,16,109,97,55,1,12,72"/><V121/><F65/><W133/><G109/><T86/><D66/><U6/><E2/><V131/><F63/><W125/><G133/><T129/><D17/><U105/><E37/><V128/><F62/><W58/><G1/><T53/><D86/><N who="2" m="33386" /><F104/><W123/><G123/><N who="2" m="47177" /><F113/><W5/><G125/><N who="0" m="47627" /><D129/><U11/><E40/><V112/><F112/><W38/><G38/><T68/><D68/><U43/><E105/><V19/><F19/><W34/><G114/><T116/><D116/><N who="2" m="44618" /><F73/><W32/><G5/><T124/><N who="0" m="47635" /><T47/><DORA hai="10" /><D47/><U111/><E6/><V78/><AGARI ba="3,1" hai="77,78,128,130,131" m="44618,47177,33386" machi="78" ten="50,12000,1" yaku="28,2,19,1,34,2" doraHai="30,10" who="2" fromWho="2" sc="52,-43,538,-43,265,139,135,-43" /><INIT seed="2,4,0,3,3,76" ten="9,495,404,92" oya="2" hai0="29,18,110,104,125,120,38,88,131,36,116,97,124" hai1="98,41,9,78,128,52,111,113,75,32,108,45,126" hai2="30,130,133,70,20,56,14,11,129,103,13,12,112" hai3="79,71,64,61,4,62,40,49,72,16,66,67,102"/><V122/><F70/><W63/><G102/><T106/><D120/><U50/><E113/><V96/><F122/><W100/><G100/><T19/><D29/><U46/><E32/><V121/><F121/><W69/><G4/><T28/><D28/><U115/><E115/><V44/><F112/><W51/><G79/><T94/><D131/><N who="2" m="50186" /><F133/><W35/><G35/><T24/><D116/><U118/><E118/><V92/><F44/><W1/><G72/><T109/><D24/><U59/><E128/><V17/><F56/><N who="3" m="36903" /><G16/><N who="0" m="6187" /><D38/><U73/><E46/><V101/><F101/><W47/><G1/><T54/><D54/><U91/><E126/><N who="0" m="48745" /><D36/><AGARI ba="4,0" hai="36,40,47,49,51,62,63,66,67,69,71" m="36903" machi="36" ten="30,8000,1" yaku="35,5" doraHai="76" who="3" fromWho="0" sc="9,-92,495,0,404,0,92,92" owari="-83,-58,495,60,404,20,184,-22" /></mjloggm>