<mjloggm ver="2.3"><GO type="41"/><UN n0="%E3%82%B9%E3%82%AB%E3%83%B3%E3%82%AF%E3%82%B9" n1="%E8%98%AD%E3%80%85" n2="%EF%BC%AA%E9%B4%A8" n3="%E3%82%A6%E3%83%AB%E3%83%88%E3%83%A9%E7%AB%8B%E7%9B%B4" dan="14,13,13,15" rate="1961,1827,1952,1985" sx="F,F,M,M"/><TAIKYOKU oya="0"/><INIT seed="0,0,0,2,1,10" ten="250,250,250,250" oya="0" hai0="59,45,48,131,66,1,111,30,0,70,129,47,88" hai1="67,17,94,103,108,95,134,63,36,83,79,60,46" hai2="87,21,96,128,51,76,121,3,110,78,57,84,85" hai3="41,114,35,65,8,130,15,40,113,25,31,14,127"/><T90/><D111/><U64/><E108/><V5/><F110/><W16/><G127/><T74/><D74/><U58/><E134/><V99/><F121/><W54/><G130/><N who="0" m="49675" /><D70/><U6/><E36/><V32/><F128/><W69/><G69/><T27/><D47/><U52/><E46/><V77/><F32/><W68/><G68/><T71/><D71/><U53/><E6/><V109/><F109/><W135/><G65/><T104/><D104/><U39/><E39/><V106/><F106/><W22/><G135/><T34/><D59/><U9/><E95/><V120/><F120/><W29/><G41/><N who="0" m="24623" /><D66/><U43/><E43/><V24/><F3/><AGARI ba="0,0" hai="0,1,3,27,30,34,88,90" m="24623,49675" machi="3" ten="30,2900,0" yaku="19,1,54,1" doraHai="10" who="0" fromWho="2" sc="250,29,250,0,250,-29,250,0" /><INIT seed="0,1,0,0,0,65" ten="279,250,221,250" oya="0" hai0="22,77,39,69,15,119,44,105,3,113,33,134,0" hai1="8,112,23,29,76,115,111,31,25,45,64,9,57" hai2="63,11,127,126,84,107,16,28,92,90,49,26,24" hai3="1,46,27,34,101,95,132,75,124,118,110,86,62"/><T122/><RYUUKYOKU type="yao9" ba="1,0" sc="279,0,250,0,221,0,250,0" hai0="0,3,15,22,33,39,44,69,77,105,113,119,122,134" /><INIT seed="0,2,0,1,3,41" ten="279,250,221,250" oya="0" hai0="105,29,74,22,64,130,113,116,128,75,131,44,120" hai1="124,127,56,57,53,28,89,115,71,9,48,111,84" hai2="135,61,88,35,30,65,108,81,43,126,5,13,15" hai3="10,18,107,106,67,102,16,103,121,12,134,114,14"/><T125/><D105/><U118/><E28/><V112/><F112/><W26/><G26/><N who="0" m="16599" /><D116/><U47/><E9/><V93/><F108/><W80/><G80/><T1/><D113/><U62/><E89/><V49/><F135/><W37/><G37/><T39/><D1/><U55/><E84/><N who="2" m="50191" /><F126/><N who="1" m="48169" /><E115/><V60/><F35/><W73/><G67/><T34/><D120/><U52/><E118/><V70/><F30/><W117/><G114/><T94/><D34/><U66/><E111/><V77/><F70/><W83/><G117/><T96/><D64/><U25/><E25/><V97/><F65/><W76/><G121/><T33/><D33/><U133/><E133/><V8/><F77/><W90/><G134/><T50/><D39/><U86/><E86/><V54/><F43/><AGARI ba="2,0" hai="43,47,48,52,53,55,56,57,62,66,71" m="48169" machi="43" ten="30,8000,1" yaku="18,1,34,2,52,1,54,1" doraHai="41" who="1" fromWho="2" sc="279,0,250,86,221,-86,250,0" /><INIT seed="1,0,0,1,0,14" ten="279,336,135,250" oya="1" hai0="62,82,7,9,97,107,49,6,56,92,66,101,77" hai1="93,95,87,39,21,1,16,5,43,4,111,20,25" hai2="44,53,72,37,131,79,57,73,19,75,32,15,127" hai3="119,105,100,91,59,52,121,81,64,134,74,22,55"/><U128/><E39/><V2/><F131/><W135/><G121/><T103/><D7/><U94/><E43/><V0/><F127/><W11/><G100/><T85/><D49/><U33/><E33/><V8/><F32/><W17/><G105/><T48/><D48/><U3/><E128/><V70/><F70/><W38/><G11/><T96/><D6/><U23/><E87/><V122/><F122/><W69/><G38/><T18/><D9/><U78/><E78/><V89/><F79/><W63/><G74/><T117/><D117/><U58/><E58/><V133/><F133/><N who="3" m="50699" /><G119/><T67/><REACH who="0" step="1"/><D18/><REACH who="0" step="2"/><N who="1" m="12439" /><E94/><V86/><F37/><W28/><G28/><T68/><D68/><U125/><E93/><V88/><F57/><W42/><G42/><T40/><D40/><U65/><E95/><V102/><F102/><W71/><G71/><T47/><D47/><U60/><E60/><V116/><F116/><W51/><G69/><T26/><D26/><N who="1" m="14631" /><E65/><AGARI ba="0,1" hai="56,62,65,66,67,77,82,85,92,96,97,101,103,107" machi="65" ten="30,2000,0" yaku="1,1,7,1,53,0" doraHai="14" doraHaiUra="34" who="0" fromWho="1" sc="269,30,336,-20,135,0,250,0" /><INIT seed="2,0,0,0,2,8" ten="299,316,135,250" oya="2" hai0="114,72,42,79,65,61,24,81,60,46,93,6,95" hai1="110,23,87,55,32,122,74,126,40,82,64,31,96" hai2="14,119,29,130,44,66,97,99,21,75,89,7,134" hai3="63,109,91,18,52,34,39,38,33,98,88,70,13"/><V47/><F119/><W43/><G109/><T129/><D129/><U36/><E126/><V111/><F75/><W68/><G43/><T77/><D114/><U133/><E122/><V120/><F120/><W49/><G39/><T94/><D79/><U100/><E133/><V86/><F134/><W101/><G38/><T102/><D61/><U4/><E110/><V80/><F130/><W103/><G34/><T2/><D24/><U25/><E74/><V106/><F111/><W123/><G33/><T127/><D127/><U15/><E36/><V125/><F66/><W0/><G0/><T62/><D65/><U104/><E40/><V71/><F71/><W115/><G123/><T35/><D35/><U84/><E55/><V113/><F125/><W112/><G68/><T108/><D108/><U48/><E48/><V92/><F106/><W20/><G63/><T3/><D102/><N who="3" m="38921" /><G98/><N who="2" m="37385" /><F80/><W83/><G70/><T45/><D45/><N who="2" m="17482" /><F113/><N who="3" m="43595" /><G83/><T11/><D11/><U53/><E53/><V116/><F116/><W19/><G19/><T124/><D124/><U22/><E22/><V51/><F51/><W27/><G27/><T54/><D54/><U78/><E64/><V85/><F85/><W131/><G131/><T59/><D42/><U41/><E41/><V30/><F7/><W57/><AGARI ba="0,0" hai="13,18,20,49,52,57,88,91" m="43595,38921" machi="57" ten="30,7900,0" yaku="11,1,52,1,54,2" doraHai="8" who="3" fromWho="3" sc="299,-20,316,-20,135,-39,250,79" /><INIT seed="3,0,0,4,3,100" ten="279,296,96,329" oya="3" hai0="64,119,80,25,111,23,13,98,65,135,94,49,18" hai1="57,3,132,61,127,14,126,66,43,116,117,36,95" hai2="96,124,109,26,91,97,106,60,73,134,55,114,34" hai3="47,72,9,77,28,110,40,15,102,52,104,1,131"/><W101/><G101/><T125/><D119/><N who="1" m="45643" /><E3/><V115/><F109/><W74/><G110/><T27/><D111/><U24/><E24/><V56/><F73/><W113/><G113/><T105/><D105/><U75/><E75/><V12/><F134/><W30/><G131/><T21/><D135/><U11/><E95/><V108/><F124/><N who="1" m="47657" /><E14/><V128/><F108/><W19/><G74/><T10/><D125/><U63/><E11/><V6/><F128/><W31/><G1/><T84/><D49/><U38/><E132/><V130/><F130/><W33/><G33/><T20/><D94/><U42/><E63/><V93/><F12/><W8/><G77/><T51/><D98/><U0/><E0/><V39/><F6/><W2/><G72/><T103/><D51/><U37/><AGARI ba="0,0" hai="36,37,38,42,43,57,61,66" m="47657,45643" machi="37" ten="40,8000,1" yaku="12,1,18,1,34,2" doraHai="100" who="1" fromWho="1" sc="279,-20,296,80,96,-20,329,-40" /><INIT seed="4,0,0,4,5,36" ten="259,376,76,289" oya="0" hai0="82,99,77,119,32,132,108,96,131,97,16,29,65" hai1="50,85,49,128,111,34,81,76,104,110,116,101,27" hai2="83,89,98,71,66,31,18,59,51,134,43,69,84" hai3="73,102,87,109,115,79,9,1,114,106,130,14,68"/><T10/><D119/><U44/><E116/><V4/><F134/><W56/><G68/><T54/><D132/><U7/><E128/><V57/><F31/><W21/><G73/><T52/><D131/><U5/><E104/><V11/><F98/><W72/><G72/><T118/><D118/><U70/><E70/><V117/><F117/><W38/><G130/><T112/><D112/><U8/><E101/><V58/><F66/><W135/><G135/><T19/><D108/><U39/><E39/><V105/><F105/><W13/><G1/><T78/><D65/><U67/><E67/><V123/><F123/><W25/><G38/><T23/><D32/><U2/><E50/><V94/><F94/><W15/><G109/><T126/><D126/><U37/><E7/><V55/><F71/><W74/><G74/><T125/><D125/><U24/><E24/><V124/><F69/><W40/><G106/><T107/><D107/><U120/><E120/><V133/><F133/><W129/><G129/><T88/><D10/><U22/><E37/><V30/><F30/><W47/><G114/><T45/><D29/><U113/><E113/><V33/><F33/><W121/><G121/><T100/><D100/><U86/><E34/><V48/><F124/><W64/><G102/><T12/><D19/><U95/><E95/><V80/><F80/><N who="3" m="47519" /><G115/><T28/><D28/><U61/><E61/><V63/><F18/><N who="3" m="12471" /><G9/><T75/><D45/><U41/><E85/><V93/><F93/><W92/><G92/><N who="0" m="56327" /><D78/><U20/><E20/><V35/><F35/><W46/><G46/><T62/><D62/><RYUUKYOKU ba="0,0" sc="259,15,376,15,76,-15,289,-15" hai0="12,16,23,52,54,75,77,82,97,99" hai1="2,5,8,22,27,41,44,49,76,81,86,110,111" /><INIT seed="4,1,0,5,2,77" ten="274,391,61,274" oya="0" hai0="6,76,81,45,7,99,30,34,31,4,103,26,83" hai1="53,58,96,80,128,32,107,102,72,5,60,12,37" hai2="25,51,11,124,85,21,88,111,84,33,75,54,64" hai3="100,8,130,42,9,119,43,95,123,48,116,127,122"/><T50/><D76/><U112/><E32/><V19/><F75/><W41/><G95/><T2/><D2/><U134/><E37/><V49/><F111/><W38/><G100/><T101/><D31/><U68/><E68/><V90/><F124/><W23/><G23/><T28/><D28/><U56/><E128/><V44/><F64/><W132/><G38/><T106/><REACH who="0" step="1"/><D103/><REACH who="0" step="2"/><U55/><E134/><V47/><F33/><W66/><G132/><T35/><D35/><U40/><E112/><V121/><F121/><W98/><G127/><T79/><D79/><U104/><E102/><V91/><REACH who="2" step="1"/><F11/><REACH who="2" step="2"/><W61/><G9/><T20/><D20/><U3/><E72/><V63/><F63/><W62/><G8/><T59/><D59/><U52/><E58/><V0/><F0/><W27/><G61/><T125/><D125/><U120/><E120/><V57/><F57/><W13/><G62/><T86/><D86/><U94/><E56/><V39/><F39/><W10/><G123/><T110/><D110/><U93/><E60/><V1/><F1/><W15/><G122/><T135/><D135/><U108/><E3/><V117/><F117/><W74/><G10/><T109/><D109/><U71/><E71/><V67/><F67/><W114/><G66/><T97/><D97/><U29/><E108/><V131/><F131/><W118/><G98/><T78/><D78/><U113/><E113/><V18/><F18/><W24/><G130/><T70/><D70/><U69/><E69/><V14/><F14/><N who="3" m="5131" /><G74/><T133/><D133/><U126/><E12/><V89/><F89/><RYUUKYOKU ba="1,2" sc="264,15,391,-15,51,15,274,-15" hai0="4,6,7,26,30,34,45,50,81,83,99,101,106" hai2="19,21,25,44,47,49,51,54,84,85,88,90,91" /><INIT seed="4,2,2,2,3,110" ten="279,376,66,259" oya="0" hai0="35,36,117,9,64,70,86,48,37,90,33,38,46" hai1="18,49,13,11,7,51,22,121,120,111,27,5,84" hai2="54,39,61,100,4,102,56,10,58,127,79,52,19" hai3="89,28,1,53,65,116,24,81,85,16,124,109,108"/><T26/><D117/><U31/><E84/><V60/><F39/><W25/><G1/><T8/><D70/><U34/><E51/><V45/><F127/><W57/><G124/><T88/><D64/><U29/><E49/><V62/><F79/><W69/><G65/><T129/><D129/><U63/><E63/><V119/><F119/><W40/><G69/><T133/><D133/><U106/><E106/><V132/><F132/><W15/><G40/><T6/><D90/><U14/><E111/><V134/><F134/><W112/><G116/><T21/><D35/><U83/><E83/><V66/><F19/><W87/><G109/><T130/><D130/><U20/><REACH who="1" step="1"/><E7/><REACH who="1" step="2"/><V94/><F45/><W105/><G105/><T123/><D6/><U78/><E78/><V75/><F75/><W32/><G108/><T107/><D107/><U103/><E103/><V50/><F62/><W104/><G104/><T131/><D33/><U99/><E99/><V93/><F102/><W101/><G101/><T23/><D38/><U77/><E77/><V44/><F100/><W96/><G96/><T128/><D48/><U80/><E80/><V82/><REACH who="2" step="1"/><F82/><REACH who="2" step="2"/><W43/><G81/><T59/><D37/><U97/><E97/><V73/><F73/><W3/><G87/><T113/><D36/><U2/><E2/><AGARI ba="2,4" hai="2,4,10,44,50,52,54,56,58,60,61,66,93,94" machi="2" ten="30,3900,0" yaku="1,1,7,1,54,1,53,0" doraHai="110" doraHaiUra="125" who="2" fromWho="1" sc="279,0,366,-45,56,85,259,0" /><INIT seed="5,0,0,2,4,84" ten="279,321,141,259" oya="1" hai0="15,96,131,101,114,126,102,56,40,65,16,80,52" hai1="95,105,42,119,109,63,103,22,26,94,130,60,8" hai2="75,108,127,31,71,55,29,67,23,93,120,4,133" hai3="1,48,39,24,110,82,47,107,5,90,45,61,115"/><U134/><E119/><V19/><F120/><W72/><G107/><T122/><D114/><U92/><E134/><V79/><F108/><W98/><G110/><T46/><D122/><U70/><E130/><V64/><F133/><W112/><G61/><T77/><D126/><U11/><E109/><V41/><F127/><W62/><G62/><T86/><D65/><U81/><E70/><V37/><F71/><W99/><G24/><T32/><D32/><U30/><E42/><V59/><F37/><W128/><G128/><T0/><D0/><U25/><E105/><V43/><F79/><W124/><G124/><T135/><D135/><U58/><E81/><V97/><F75/><W125/><G125/><T44/><D131/><U89/><E63/><N who="2" m="36351" /><F4/><W54/><G5/><T34/><D34/><U12/><E25/><N who="2" m="14591" /><F41/><N who="3" m="22719" /><G1/><T28/><D28/><N who="2" m="10826" /><F43/><W57/><G72/><T117/><D117/><U91/><E11/><V35/><F35/><W88/><G82/><T18/><D18/><U116/><E116/><V36/><F36/><W68/><G68/><T10/><D40/><U73/><E73/><V21/><F21/><W13/><G13/><T113/><D113/><N who="3" m="43593" /><G57/><T85/><D85/><U83/><E83/><V100/><AGARI ba="0,0" hai="64,67,93,97,100" m="10826,14591,36351" machi="100" ten="30,1100,0" yaku="8,1" doraHai="84" who="2" fromWho="2" sc="279,-3,321,-5,141,11,259,-3" /><INIT seed="6,0,0,4,2,23" ten="276,316,152,256" oya="2" hai0="65,132,60,58,40,42,11,107,89,46,84,101,54" hai1="87,103,67,62,92,91,52,73,44,94,93,39,108" hai2="117,9,49,79,56,90,37,109,106,72,124,55,36" hai3="16,95,133,75,4,82,134,99,19,30,57,71,61"/><V27/><F117/><W34/><G71/><T41/><D132/><N who="3" m="50793" /><G4/><T14/><D107/><U64/><E108/><V53/><F106/><W114/><G114/><T25/><D25/><U35/><E35/><V5/><F124/><W97/><G97/><T48/><D101/><U127/><E127/><V66/><F109/><W2/><G2/><T129/><D129/><U135/><E135/><V26/><F66/><N who="3" m="39215" /><G34/><T22/><D22/><U100/><E73/><V88/><F72/><W50/><G30/><T77/><D77/><U51/><E39/><V10/><F79/><N who="3" m="44415" /><G50/><T78/><D78/><U120/><E120/><V119/><F119/><W38/><G38/><T20/><D20/><U32/><E32/><V31/><F31/><W125/><G125/><T6/><REACH who="0" step="1"/><D65/><REACH who="0" step="2"/><U128/><E128/><V45/><F37/><W76/><G76/><T112/><D112/><U130/><E130/><V8/><F36/><W18/><G18/><T59/><D59/><N who="1" m="36959" /><E67/><V86/><F5/><W81/><G81/><AGARI ba="0,1" hai="6,11,14,40,41,42,46,48,54,58,60,81,84,89" machi="81" ten="30,3900,0" yaku="1,1,7,1,8,1,53,0" doraHai="23" doraHaiUra="70" who="0" fromWho="3" sc="266,49,316,0,152,0,256,-39" /><AGARI ba="0,0" hai="44,51,52,81,87,91,92,93,94,100,103" m="36959" machi="81" ten="30,2000,0" yaku="8,1,54,1" doraHai="23" who="1" fromWho="3" sc="315,0,316,20,152,0,217,-20" /><INIT seed="7,0,0,3,3,41" ten="315,336,152,197" oya="3" hai0="7,83,102,118,120,34,28,26,131,48,54,103,51" hai1="40,92,63,123,128,14,2,43,124,3,32,19,18" hai2="119,44,11,104,4,22,29,59,98,97,82,61,12" hai3="122,88,15,42,17,106,55,56,58,52,78,125,90"/><W96/><G122/><T76/><D120/><U74/><E74/><V37/><F119/><W87/><G125/><T101/><D118/><U46/><E123/><V8/><F104/><W66/><G66/><T85/><D131/><U67/><E128/><V53/><F82/><N who="3" m="47575" /><G106/><T99/><D7/><U24/><E124/><V95/><F37/><W33/><G33/><T35/><D51/><U100/><E43/><V112/><F112/><W116/><G42/><T6/><D6/><U65/><E65/><V49/><F11/><N who="3" m="6399" /><G116/><T71/><D71/><U5/><E2/><V31/><F22/><W13/><G13/><T86/><D86/><U110/><E110/><V72/><F98/><W39/><G39/><T80/><D80/><U107/><E107/><V94/><F72/><W23/><G23/><T111/><D111/><U62/><E3/><V47/><F95/><N who="3" m="56423" /><G90/><T127/><D127/><U1/><E1/><V132/><F132/><W36/><G36/><T70/><D70/><U117/><E117/><V109/><F109/><W38/><G38/><T130/><D130/><U115/><E115/><V20/><F20/><W84/><G84/><T81/><D81/><U50/><E62/><V73/><F61/><W21/><G21/><T57/><REACH who="0" step="1"/><D35/><REACH who="0" step="2"/><U91/><E5/><V0/><F73/><W133/><G133/><T68/><D68/><U60/><E60/><V10/><F0/><W75/><G75/><T45/><D45/><N who="2" m="17482" /><F10/><W129/><G129/><T79/><D79/><U134/><E134/><V105/><F105/><AGARI ba="0,1" hai="26,28,34,48,54,57,76,83,85,99,101,102,103,105" machi="105" ten="30,2000,0" yaku="1,1,7,1,53,0" doraHai="41" doraHaiUra="16" who="0" fromWho="2" sc="305,30,336,0,152,-20,197,0" owari="335,14,336,43,132,-37,197,-20" /></mjloggm>