<mjloggm ver="2.3"><GO type="41"/><UN n0="%E9%85%94%E7%9C%A0" n1="%E3%82%A6%E3%83%AB%E3%83%88%E3%83%A9%E7%AB%8B%E7%9B%B4" n2="%E5%A4%AA%E9%99%BD%E3%81%AE%E7%94%B3%E3%81%97%E5%AD%90" n3="%E3%83%93%E3%83%AA%E3%82%B1%E3%83%B3%E5%A4%A9%E4%BD%BF" dan="14,13,13,14" rate="1845,1865,1871,1884" sx="M,M,M,M"/><TAIKYOKU oya="0"/><INIT seed="0,0,0,4,2,134" ten="250,250,250,250" oya="0" hai0="91,111,6,36,68,63,10,99,32,98,8,102,27" hai1="82,61,9,53,46,75,55,126,107,14,127,84,114" hai2="104,72,105,38,118,94,69,135,16,112,28,87,59" hai3="95,45,22,58,13,132,123,117,44,54,40,24,20"/><T129/><D36/><U50/><E75/><V92/><F16/><N who="3" m="10255" /><G132/><T15/><D129/><U47/><E107/><V30/><F38/><W60/><G123/><T66/><D8/><U88/><E114/><V113/><F135/><W74/><G117/><T12/><D12/><U96/><E96/><V83/><F69/><W90/><G74/><T41/><D41/><U76/><E76/><V70/><F70/><W80/><G80/><T17/><D111/><U133/><E133/><V103/><F72/><W85/><G40/><T4/><D91/><U77/><E77/><V25/><F83/><W5/><G5/><T81/><D81/><U124/><E61/><V78/><F78/><W109/><G109/><T100/><D100/><U37/><E37/><V110/><F110/><W23/><G23/><T43/><D43/><N who="1" m="24927" /><E47/><V65/><F103/><W18/><AGARI ba="0,0" hai="18,22,24,44,45,54,58,60,85,90,95" m="10255" machi="18" ten="30,2000,0" yaku="8,1,54,1" doraHai="134" who="3" fromWho="3" sc="250,-10,250,-5,250,-5,250,20" /><INIT seed="1,0,0,3,2,104" ten="240,245,245,270" oya="1" hai0="62,1,44,78,32,88,30,87,107,134,114,122,19" hai1="39,74,127,105,60,58,81,13,106,16,84,98,103" hai2="40,76,52,23,28,65,6,71,49,77,124,133,29" hai3="8,53,102,7,75,63,21,33,111,11,64,50,94"/><U72/><E39/><V54/><F40/><W17/><G33/><T57/><D107/><U73/><E127/><V101/><F124/><W131/><G131/><T2/><D114/><U120/><E105/><V10/><F101/><W79/><G111/><T56/><D122/><U83/><E120/><V110/><F133/><W45/><G102/><T90/><D134/><U0/><E0/><V51/><F65/><W41/><G94/><T121/><D121/><U3/><E3/><V100/><F100/><W128/><G128/><T25/><D44/><U37/><E37/><V129/><F71/><W55/><G11/><T38/><D38/><U15/><E15/><V48/><F129/><W9/><G9/><T125/><D125/><U46/><E46/><V99/><F99/><W93/><G93/><T126/><D56/><U26/><E26/><V108/><F10/><W113/><G113/><T70/><D70/><U95/><E16/><V35/><F23/><W31/><G31/><N who="2" m="11849" /><F6/><W96/><G96/><T20/><D1/><U12/><E106/><V89/><F89/><W61/><G61/><T66/><D2/><U68/><E68/><V85/><F85/><W42/><G8/><T43/><D43/><U18/><E18/><V115/><F35/><W119/><G7/><T112/><D112/><U130/><E130/><V109/><F115/><W80/><G119/><T27/><D126/><U116/><E116/><V5/><F5/><W24/><G41/><T118/><D118/><U36/><E36/><V91/><F91/><W69/><AGARI ba="0,0" hai="17,21,24,42,45,50,53,55,63,64,69,75,79,80" machi="69" ten="20,2700,0" yaku="0,1,7,1,52,1" doraHai="104" who="3" fromWho="3" sc="240,-7,245,-13,245,-7,270,27" /><INIT seed="2,0,0,3,1,113" ten="233,232,238,297" oya="2" hai0="24,110,62,0,64,74,11,94,7,51,89,124,45" hai1="71,3,129,49,66,107,112,28,9,96,68,130,6" hai2="10,42,48,92,121,76,123,67,27,5,37,63,133" hai3="35,132,2,53,106,81,95,15,109,135,69,4,59"/><V50/><F76/><W65/><G106/><T77/><D110/><U128/><E49/><N who="2" m="19051" /><F92/><W54/><G2/><T102/><D124/><U100/><E112/><V85/><F85/><W17/><G35/><T82/><D24/><U127/><E28/><V90/><F90/><W83/><G4/><T101/><D102/><U118/><E127/><V58/><F10/><W99/><G109/><T44/><D51/><U114/><E114/><V55/><F27/><W98/><G69/><N who="1" m="26698" /><E66/><V70/><F5/><W52/><G65/><T31/><D101/><U40/><E40/><V97/><F97/><N who="3" m="36875" /><G59/><T134/><D31/><U14/><E14/><V60/><F133/><N who="3" m="51275" /><G95/><T122/><D122/><U41/><E41/><V119/><F119/><AGARI ba="0,0" hai="3,6,9,96,100,107,118,119,128,129,130" m="26698" machi="119" ten="40,8000,1" yaku="19,1,23,1,52,2" doraHai="113" who="1" fromWho="2" sc="233,0,232,80,238,-80,297,0" /><INIT seed="3,0,0,0,1,52" ten="233,312,158,297" oya="3" hai0="41,77,51,83,20,132,125,120,112,61,13,46,44" hai1="24,107,124,64,88,48,73,45,38,100,3,122,47" hai2="75,72,106,94,130,37,56,97,43,8,22,67,0" hai3="131,63,36,42,29,62,80,19,86,9,96,121,108"/><W71/><G121/><T126/><D120/><U53/><E73/><N who="2" m="28235" /><F56/><W2/><G131/><T81/><D112/><U123/><E100/><N who="2" m="62735" /><F67/><W70/><G108/><T89/><D89/><U55/><E107/><V50/><F50/><W116/><G96/><T111/><D111/><U127/><E88/><V17/><F17/><W34/><G116/><T115/><D115/><U114/><E24/><V87/><F43/><W105/><G105/><T15/><D77/><U27/><E27/><V69/><F37/><W119/><G119/><T113/><D113/><U57/><E3/><V54/><F54/><W5/><G19/><T85/><D85/><U135/><E114/><V31/><F22/><W66/><G63/><T28/><D61/><N who="1" m="37935" /><E122/><V30/><F69/><W78/><G71/><T99/><D99/><U10/><E10/><V21/><F21/><W79/><G42/><T49/><D41/><N who="1" m="22711" /><E123/><V98/><F8/><W74/><G79/><T40/><D40/><U33/><E33/><V25/><F25/><N who="3" m="18735" /><G86/><T134/><D20/><U82/><E82/><V39/><F0/><W110/><G110/><T128/><D28/><U12/><E12/><V84/><F39/><AGARI ba="0,0" hai="2,5,9,36,39,62,66,70,74,78,80" m="18735" machi="39" ten="30,2900,0" yaku="33,2" doraHai="52" who="3" fromWho="2" sc="233,0,312,0,158,-29,297,29" /><INIT seed="3,1,0,1,1,26" ten="233,312,129,326" oya="3" hai0="22,56,71,89,30,27,69,100,44,93,111,98,95" hai1="68,34,114,17,127,4,20,108,107,37,119,106,36" hai2="124,118,78,94,92,123,49,5,82,61,73,12,41" hai3="77,104,112,113,3,72,79,25,53,122,35,105,47"/><W42/><G122/><T131/><D111/><U54/><E17/><V99/><F49/><W16/><G3/><T135/><D131/><U87/><E20/><V8/><F41/><W90/><G53/><T51/><D135/><U58/><E87/><V43/><F43/><W97/><G47/><T125/><D56/><U120/><E4/><V50/><F123/><W96/><G42/><T63/><D63/><U67/><E54/><V46/><F118/><W64/><G64/><T132/><D132/><U75/><E58/><V109/><F109/><W23/><G35/><T59/><D125/><U129/><E67/><V81/><F124/><W13/><G13/><T2/><D2/><U84/><E84/><V116/><F116/><W52/><G72/><T21/><D21/><U14/><E14/><V66/><F82/><W1/><G1/><T128/><D128/><U80/><E80/><V76/><F76/><W88/><G104/><T91/><D100/><U19/><E19/><V110/><F110/><W24/><G105/><T10/><D10/><U38/><E37/><V15/><F15/><W133/><G133/><T31/><D59/><U11/><E11/><V28/><F28/><W65/><G65/><T115/><D31/><U83/><E83/><V7/><F7/><W6/><G6/><T62/><D62/><U0/><E107/><V32/><F32/><W85/><G85/><N who="0" m="52399" /><D115/><U101/><E101/><V126/><F126/><W57/><G113/><T33/><D33/><U48/><E48/><V117/><F117/><W102/><G112/><T45/><D45/><U130/><E130/><RYUUKYOKU ba="1,0" sc="233,15,312,15,129,-15,326,-15" hai0="22,27,30,44,51,69,71,91,95,98" hai1="0,34,36,38,68,75,106,108,114,119,120,127,129" /><INIT seed="4,2,0,3,4,70" ten="248,327,114,311" oya="0" hai0="77,11,72,89,26,0,57,67,80,101,34,109,91" hai1="28,25,3,133,53,135,124,56,86,97,130,79,43" hai2="14,110,50,119,54,51,78,131,108,94,37,7,95" hai3="55,19,93,132,127,81,5,44,121,15,87,114,111"/><T129/><D109/><N who="2" m="42090" /><F7/><W58/><G111/><T68/><D129/><U45/><E3/><V103/><F14/><W48/><G114/><T118/><D118/><U49/><E130/><V52/><F131/><W104/><G127/><T71/><D71/><U107/><E124/><V63/><F63/><W88/><G104/><T18/><D101/><U134/><E107/><V16/><F16/><W31/><G132/><T62/><D68/><U60/><E97/><V36/><F78/><W41/><G121/><T64/><D64/><U6/><E6/><V96/><F96/><W65/><G5/><T2/><D2/><U40/><E86/><V92/><F103/><W42/><G65/><T122/><D122/><U59/><E79/><V22/><F22/><W98/><G31/><T24/><D24/><U113/><E25/><V8/><F8/><N who="3" m="6631" /><G58/><N who="1" m="22058" /><E28/><V102/><F102/><AGARI ba="2,0" hai="41,42,44,48,55,81,87,88,93,98,102" m="6631" machi="102" ten="30,3900,0" yaku="25,1,8,1,54,1" doraHai="70" who="3" fromWho="2" sc="248,0,327,0,114,-45,311,45" /><INIT seed="5,0,0,0,5,106" ten="248,327,69,356" oya="1" hai0="87,123,78,128,57,51,22,82,95,49,108,67,33" hai1="15,13,92,133,84,93,85,66,112,103,34,50,44" hai2="2,47,119,17,135,90,59,110,132,74,10,79,11" hai3="81,21,25,61,113,125,26,98,69,19,32,86,99"/><U58/><E34/><V96/><F119/><W124/><G113/><T41/><D108/><U42/><E112/><V120/><F110/><W14/><G69/><T55/><D33/><U35/><E35/><V130/><F120/><W5/><G61/><T116/><D116/><U94/><E133/><N who="2" m="51275" /><F130/><W101/><G98/><T109/><D109/><U77/><E103/><V134/><N who="2" m="51283" /><V48/><DORA hai="30" /><F59/><W131/><G131/><T100/><D123/><U65/><E58/><V71/><F71/><W60/><G60/><T53/><D67/><U3/><E3/><V29/><F29/><N who="3" m="19503" /><G99/><N who="0" m="59519" /><D22/><U28/><E28/><V97/><F2/><W1/><G101/><T54/><D128/><U9/><E15/><N who="2" m="7415" /><F90/><N who="3" m="51535" /><G26/><T56/><D56/><U107/><E107/><V7/><F11/><AGARI ba="0,0" hai="1,5,11,14,19,21,124,125" m="51535,19503" machi="11" ten="30,2000,0" yaku="24,1,52,1" doraHai="106,30" who="3" fromWho="2" sc="248,0,327,0,69,-20,356,20" /><INIT seed="6,0,0,1,4,66" ten="248,327,49,376" oya="2" hai0="15,75,107,97,57,52,126,64,30,44,84,91,48" hai1="26,37,108,18,111,80,6,83,109,60,23,124,110" hai2="120,24,74,68,39,36,4,105,77,72,112,104,86" hai3="65,131,90,102,99,45,135,87,79,78,43,122,106"/><V115/><F24/><W113/><G122/><T101/><D75/><N who="2" m="28714" /><F4/><W0/><G131/><T55/><D126/><U27/><E111/><V62/><F86/><W47/><G135/><T73/><D73/><U46/><E124/><V32/><F77/><W13/><G113/><N who="2" m="43593" /><F120/><W9/><G0/><T94/><D30/><U71/><E6/><V11/><F11/><W88/><G65/><T103/><D101/><U54/><E27/><V95/><F95/><W70/><G70/><T29/><D29/><U22/><E22/><V33/><F62/><W116/><G116/><T127/><D127/><U40/><REACH who="1" step="1"/><E54/><REACH who="1" step="2"/><V35/><F68/><W16/><G43/><T41/><D64/><AGARI ba="0,1" hai="18,23,26,37,40,46,60,64,71,80,83,108,109,110" machi="64" ten="40,8000,1" yaku="1,1,2,1,52,1,53,1" doraHai="66" doraHaiUra="38" who="1" fromWho="0" sc="248,-80,317,90,49,0,376,0" /><INIT seed="7,0,0,5,4,134" ten="168,407,49,376" oya="3" hai0="9,52,116,26,131,77,104,65,63,129,125,41,71" hai1="55,33,76,8,47,80,10,30,86,120,43,40,114" hai2="50,73,7,85,111,112,98,79,22,91,106,13,54" hai3="92,121,89,75,113,38,15,102,49,5,39,83,46"/><W115/><G121/><T6/><D104/><U67/><E120/><V42/><F111/><W127/><G127/><T123/><D116/><U58/><E33/><V107/><F112/><N who="3" m="43083" /><G75/><T14/><D123/><U93/><E114/><V29/><F42/><N who="1" m="15913" /><E30/><V37/><F37/><N who="3" m="13835" /><G102/><T3/><D41/><U118/><E118/><V61/><F73/><W57/><G83/><T124/><D77/><U56/><E93/><V45/><F79/><W60/><G46/><T88/><D88/><U101/><E101/><V32/><F45/><W97/><G49/><T36/><D36/><U117/><E117/><V82/><F50/><W90/><G5/><T72/><D72/><U53/><E47/><V128/><F7/><W94/><G15/><T35/><D14/><U69/><E69/><V12/><F13/><W81/><G81/><T110/><D52/><N who="1" m="20043" /><E67/><V103/><F12/><W132/><G132/><T19/><D110/><U27/><E27/><V28/><F82/><W23/><G23/><N who="0" m="13695" /><D35/><U108/><E108/><V44/><F22/><W74/><G74/><T48/><D48/><U99/><E99/><V0/><F44/><W64/><G97/><T135/><D135/><U1/><E1/><V84/><F98/><W17/><G17/><T18/><D18/><U119/><E119/><V16/><F0/><W95/><AGARI ba="0,0" hai="57,60,64,89,90,92,94,95" m="13835,43083" machi="95" ten="40,2100,0" yaku="15,1" doraHai="134" who="3" fromWho="3" sc="168,-7,407,-7,49,-7,376,21" /><INIT seed="7,1,0,3,3,67" ten="161,400,42,397" oya="3" hai0="133,49,69,17,134,96,80,101,5,102,29,129,8" hai1="23,44,76,7,43,1,68,131,4,11,75,50,95" hai2="63,66,46,22,60,52,108,86,32,106,100,114,13" hai3="103,30,117,36,84,57,126,121,77,47,119,3,130"/><W12/><G3/><T38/><D69/><U0/><E131/><V92/><F108/><W28/><G121/><T19/><D38/><U87/><E44/><V88/><F32/><W78/><G103/><T112/><D29/><N who="3" m="11369" /><G36/><T64/><D64/><U111/><E50/><V62/><F114/><W51/><G130/><T18/><D129/><U21/><E43/><V89/><F106/><W54/><G126/><T9/><D112/><U99/><E111/><V118/><F100/><W65/><G119/><T113/><D113/><U39/><E75/><V37/><F118/><W31/><G117/><T85/><D49/><U33/><E68/><V98/><F37/><W16/><N who="3" m="11377" /><W120/><DORA hai="71" /><G120/><T55/><D55/><U70/><E70/><V41/><F41/><W6/><G6/><T83/><D83/><N who="1" m="47591" /><E33/><V94/><F66/><W25/><G25/><T90/><D101/><N who="1" m="60671" /><E39/><V107/><F107/><W122/><G122/><T125/><D125/><U56/><E56/><V34/><F34/><W105/><G105/><T82/><D82/><U109/><E109/><V53/><F46/><W110/><G110/><T124/><D124/><U24/><E24/><V42/><F42/><W91/><G65/><T45/><D5/><U14/><E7/><V123/><F123/><W58/><G58/><T26/><D45/><U27/><E27/><V35/><F35/><W73/><G73/><T10/><D26/><U61/><E61/><V93/><F93/><N who="3" m="54503" /><G47/><T128/><D128/><U132/><E132/><V104/><F104/><W48/><G48/><T81/><D133/><U20/><AGARI ba="1,0" hai="0,1,4,11,14,20,21,23" m="60671,47591" machi="20" ten="30,1100,0" yaku="5,1" doraHai="67,71" who="1" fromWho="1" sc="161,-4,400,14,42,-4,397,-6" owari="157,-24,414,51,38,-46,391,19" /></mjloggm>