<mjloggm ver="2.3"><GO type="41"/><UN n0="%E3%82%A6%E3%83%AB%E3%83%88%E3%83%A9%E7%AB%8B%E7%9B%B4" n1="%4A%6F%62%6C%61%63%6B" n2="%40%6B%61%6A%69%40" n3="%E2%96%A0%E2%96%A0%E2%96%A0" dan="14,13,14,14" rate="1941,1820,1922,1952" sx="M,M,M,M"/><TAIKYOKU oya="0"/><INIT seed="0,0,0,2,1,58" ten="250,250,250,250" oya="0" hai0="53,37,39,21,35,34,133,30,42,57,81,5,60" hai1="96,54,126,67,130,8,38,132,128,106,46,116,86" hai2="70,51,18,97,64,95,49,59,43,91,114,83,115" hai3="77,16,113,68,63,110,32,26,111,92,31,101,124"/><T118/><D118/><U33/><E33/><V94/><F70/><W75/><G113/><T3/><D35/><U14/><E116/><V17/><F83/><W10/><G124/><T125/><D34/><U79/><E126/><V22/><F18/><W66/><G77/><T71/><D125/><U119/><E119/><V104/><F104/><W19/><G75/><T123/><D123/><U99/><E132/><V108/><F108/><N who="3" m="41515" /><G10/><T40/><D133/><U25/><E25/><V48/><F43/><W131/><G131/><T61/><D3/><U4/><E67/><V73/><F73/><W6/><G6/><T98/><D5/><U76/><E106/><V88/><F59/><W12/><G12/><T93/><D81/><U1/><E1/><V87/><F64/><W100/><G100/><T9/><D9/><U45/><E38/><N who="0" m="14345" /><D93/><U85/><E130/><V20/><F20/><W90/><G101/><T105/><D98/><AGARI ba="0,0" hai="16,19,26,31,32,63,66,68,90,92,98" m="41515" machi="98" ten="30,3900,0" yaku="14,1,52,1,54,1" doraHai="58" who="3" fromWho="0" sc="250,-39,250,0,250,0,250,39" /><INIT seed="1,0,0,4,5,107" ten="211,250,250,289" oya="1" hai0="97,63,102,56,106,42,87,48,37,131,78,20,57" hai1="12,47,90,19,95,83,13,85,6,43,25,112,9" hai2="27,109,114,105,116,135,103,53,134,49,21,118,17" hai3="36,121,73,74,28,129,65,16,79,3,72,125,75"/><U132/><E112/><V117/><F114/><W24/><G121/><T71/><D131/><U111/><E132/><V35/><F109/><W32/><G16/><T76/><D37/><U100/><E111/><V128/><F35/><W93/><G129/><T23/><D71/><U44/><E25/><V62/><F62/><W70/><G93/><T69/><D69/><U14/><E100/><V30/><F30/><W46/><G125/><T81/><D76/><U67/><E67/><V120/><F120/><W22/><G22/><T31/><D31/><U96/><E19/><V115/><F115/><W133/><G133/><N who="2" m="50697" /><F128/><W58/><G58/><T127/><D127/><U66/><E66/><V33/><F33/><W4/><G65/><T104/><D104/><U29/><E29/><V34/><F34/><W8/><G70/><T130/><D130/><U101/><E47/><N who="2" m="27839" /><F103/><W119/><G119/><N who="2" m="30465" /><V1/><DORA hai="40" /><F105/><W68/><G68/><T41/><D63/><U18/><REACH who="1" step="1"/><E6/><REACH who="1" step="2"/><V84/><F1/><W89/><G89/><T60/><D102/><U39/><AGARI ba="0,1" hai="9,12,13,14,18,39,43,44,83,85,90,95,96,101" machi="39" ten="20,18000,2" yaku="1,1,2,1,0,1,7,1,52,1,53,2" doraHai="107,40" doraHaiUra="7,92" who="1" fromWho="1" sc="211,-60,240,190,250,-60,289,-60" /><INIT seed="1,1,0,2,4,22" ten="151,430,190,229" oya="1" hai0="112,135,61,118,48,84,74,94,52,115,18,16,81" hai1="26,5,40,107,114,58,93,106,131,32,60,126,6" hai2="78,30,51,100,34,29,1,68,8,87,95,113,62" hai3="76,124,13,123,80,101,99,23,125,7,46,96,56"/><U79/><E114/><V72/><F113/><W71/><G71/><T57/><D118/><U67/><E131/><V82/><F1/><W36/><G123/><T39/><D39/><U25/><E79/><V70/><F8/><W44/><G99/><T28/><D115/><U27/><E40/><V89/><F30/><W108/><G108/><T63/><D112/><U132/><E32/><V128/><F128/><W122/><G122/><T33/><D74/><U127/><E93/><V20/><F34/><W21/><G56/><T119/><D119/><U53/><E132/><V15/><F51/><W54/><G46/><T35/><D135/><U98/><E98/><V116/><F116/><W55/><G55/><T49/><D33/><U3/><E3/><V97/><F62/><N who="0" m="23562" /><D28/><U2/><E2/><V104/><REACH who="2" step="1"/><F15/><REACH who="2" step="2"/><W43/><G125/><N who="1" m="47626" /><E5/><V129/><F129/><W42/><G124/><T66/><D35/><U134/><E134/><V69/><F69/><W86/><G36/><T102/><D49/><N who="1" m="31023" /><E6/><V73/><F73/><W91/><G7/><T10/><D10/><U12/><E12/><V75/><F75/><W90/><G13/><T110/><D110/><U85/><E85/><V117/><F117/><W50/><G86/><T133/><D133/><U64/><E64/><V83/><F83/><W4/><G80/><T24/><D66/><U65/><E65/><V31/><F31/><W121/><G4/><T45/><D18/><U103/><E103/><V19/><F19/><W14/><G101/><T77/><D102/><U109/><E109/><V120/><F120/><W92/><G121/><RYUUKYOKU ba="1,1" sc="151,-15,430,15,180,15,229,-15" hai1="25,26,27,60,67,106,107" hai2="20,29,68,70,72,78,82,87,89,95,97,100,104" /><INIT seed="1,2,1,3,5,26" ten="136,445,195,214" oya="1" hai0="82,115,102,103,46,29,107,109,66,135,23,80,20" hai1="99,6,69,114,127,71,5,129,21,18,63,27,120" hai2="87,124,50,30,55,112,104,14,119,9,56,59,70" hai3="11,39,84,116,76,13,86,101,28,54,61,37,22"/><U77/><E120/><V45/><F119/><W128/><G116/><T7/><D115/><U118/><E118/><V97/><F124/><W122/><G128/><T105/><D66/><U41/><E114/><V108/><F108/><W64/><G122/><T62/><D62/><U58/><E127/><V0/><F112/><W10/><G54/><T130/><D46/><U15/><E77/><V25/><F70/><W98/><G10/><T48/><D48/><U47/><E129/><V89/><F0/><W79/><G86/><T94/><D130/><U88/><E69/><V121/><F121/><W83/><G79/><T72/><D7/><U68/><E68/><V74/><F74/><W100/><G100/><T53/><D53/><U3/><E3/><V85/><F85/><W125/><G125/><T134/><D94/><U133/><E71/><V57/><F57/><W1/><G1/><T92/><D92/><U35/><E47/><V65/><F65/><W117/><G117/><T81/><D81/><U132/><E41/><V16/><F97/><W36/><G36/><T93/><D93/><N who="1" m="56743" /><E58/><V44/><F104/><W96/><G39/><T123/><D123/><U113/><E63/><V90/><F59/><N who="3" m="36927" /><G101/><T75/><REACH who="0" step="1"/><D109/><REACH who="0" step="2"/><U32/><E113/><V73/><F73/><W31/><G37/><T34/><D34/><U52/><E35/><V51/><F51/><W43/><G43/><T131/><D131/><U12/><E32/><V111/><F111/><W42/><G42/><T8/><D8/><N who="1" m="4111" /><E52/><V2/><F55/><W110/><G110/><T38/><D38/><U95/><E95/><RYUUKYOKU ba="2,2" sc="126,15,445,15,195,-15,214,-15" hai0="20,23,29,72,75,80,82,102,103,105,107,134,135" hai1="6,15,18,21,27,132,133" /><INIT seed="1,3,2,5,5,81" ten="141,460,180,199" oya="1" hai0="100,112,60,23,7,49,73,76,118,0,116,66,33" hai1="135,99,12,71,90,19,24,83,94,8,27,68,55" hai2="54,29,128,61,39,98,36,40,62,63,95,82,30" hai3="69,134,44,110,5,37,50,101,43,56,89,108,22"/><U126/><E135/><V2/><F2/><W58/><G101/><T93/><D23/><U96/><E126/><V133/><F133/><W64/><G134/><T109/><D49/><U59/><E68/><V105/><F105/><W131/><G5/><T104/><D93/><U130/><E71/><V132/><F132/><W113/><G113/><T123/><D60/><U46/><E46/><V17/><F128/><W21/><G131/><T34/><D66/><U67/><E67/><V45/><F36/><W124/><G124/><T9/><D112/><U42/><E42/><V80/><F54/><W11/><G11/><T47/><D47/><U120/><E120/><V103/><F17/><W32/><G32/><N who="0" m="12395" /><D123/><U52/><E55/><V106/><REACH who="2" step="1"/><F95/><REACH who="2" step="2"/><W10/><G110/><T79/><D109/><U92/><E130/><V15/><F15/><W26/><G108/><T48/><D79/><U53/><E53/><V16/><F16/><W6/><G37/><T57/><D48/><N who="1" m="31111" /><E83/><AGARI ba="3,3" hai="29,30,39,40,45,61,62,63,80,82,83,98,103,106" machi="83" ten="40,1300,0" yaku="1,1,53,0" doraHai="81" doraHaiUra="31" who="2" fromWho="1" sc="141,0,460,-22,170,52,199,0" /><INIT seed="2,0,0,2,2,48" ten="141,438,222,199" oya="2" hai0="105,73,91,85,60,72,75,103,65,130,22,86,74" hai1="102,39,16,47,80,2,54,77,21,13,44,17,116" hai2="26,113,43,109,93,55,135,70,53,0,106,128,38" hai3="33,18,10,28,1,15,115,121,123,5,107,31,99"/><V14/><F113/><W6/><G107/><T69/><N who="0" m="18944" /><DORA hai="12" /><T133/><D130/><U4/><E116/><V7/><F106/><W87/><G87/><T51/><D133/><U95/><E39/><V119/><F119/><W94/><G115/><T11/><D103/><U108/><E108/><V68/><F128/><W58/><G5/><T125/><D105/><U25/><E4/><V29/><F135/><W59/><G121/><T32/><D32/><U131/><E2/><V49/><F109/><W132/><G123/><T104/><D104/><U57/><E131/><V79/><F0/><W76/><G76/><T112/><D112/><U23/><E80/><V56/><F79/><W24/><G132/><T19/><D125/><U3/><E3/><V101/><F43/><W67/><G31/><T64/><D11/><U84/><E77/><V111/><F38/><W63/><G63/><T127/><D127/><U90/><E102/><V62/><F111/><W122/><G67/><T120/><D120/><U83/><E83/><V8/><F93/><W45/><G45/><T35/><D35/><U20/><E20/><V42/><F42/><W41/><G41/><T114/><D114/><U89/><E89/><V78/><F78/><W110/><G110/><T34/><D34/><U40/><E40/><V50/><F101/><N who="3" m="60663" /><G122/><T82/><D86/><U36/><E36/><V100/><F100/><W134/><G134/><T129/><D129/><U52/><E54/><V46/><REACH who="2" step="1"/><F62/><AGARI ba="0,0" hai="13,16,17,21,23,25,44,47,52,57,62,84,90,95" machi="62" ten="30,12000,2" yaku="7,1,8,1,52,3,54,2" doraHai="48,12" who="1" fromWho="2" sc="141,0,438,120,222,-120,199,0" /><INIT seed="3,0,0,2,2,11" ten="141,558,102,199" oya="3" hai0="80,85,55,123,75,4,114,42,10,48,96,30,97" hai1="2,46,79,103,107,119,118,134,133,22,121,81,91" hai2="70,58,109,78,54,77,126,19,102,87,38,108,43" hai3="71,99,36,72,105,83,24,73,51,32,57,26,15"/><W50/><G71/><T39/><D123/><U5/><E22/><V61/><F70/><W52/><G36/><T100/><D30/><U129/><E121/><V116/><F116/><W104/><G83/><T95/><D114/><U111/><E46/><N who="2" m="23927" /><F126/><W63/><G32/><T23/><D23/><U69/><E69/><V21/><F102/><W113/><G113/><T117/><D117/><U1/><E5/><V130/><F87/><W8/><G105/><T17/><D17/><U40/><E1/><V13/><F130/><W76/><G104/><T74/><D96/><U135/><E2/><V34/><F34/><W62/><G99/><T44/><D39/><U16/><E40/><V14/><F78/><W60/><G76/><T90/><REACH who="0" step="1"/><D42/><REACH who="0" step="2"/><U33/><E33/><V64/><F77/><W29/><G73/><T82/><D82/><U122/><E16/><V59/><F64/><W27/><G72/><T31/><D31/><U49/><E81/><V41/><F41/><W12/><G8/><T120/><D120/><U106/><E79/><V20/><F20/><W128/><G128/><T56/><D56/><U45/><E122/><V88/><F59/><N who="3" m="33175" /><G29/><T67/><D67/><U127/><E129/><V115/><F115/><W53/><AGARI ba="0,1" hai="12,15,24,26,27,51,53,57,60,62,63" m="33175" machi="53" ten="40,12000,1" yaku="8,1,52,2,54,1" doraHai="11" who="3" fromWho="3" sc="131,-40,558,-40,102,-40,199,130" /><INIT seed="3,1,0,2,4,133" ten="91,518,62,329" oya="3" hai0="25,4,103,36,65,57,115,107,90,97,121,30,101" hai1="132,64,87,7,104,29,55,79,41,61,118,8,28" hai2="26,69,113,130,18,35,116,82,89,54,12,67,27" hai3="124,37,125,40,83,94,39,112,56,0,76,110,19"/><W77/><G112/><T63/><D36/><U33/><E104/><V95/><F113/><W117/><G0/><T120/><D115/><U84/><E132/><V75/><F116/><W22/><G117/><T60/><D4/><U24/><E41/><V108/><F108/><W62/><G110/><T98/><D90/><U72/><E29/><V129/><F67/><W47/><G94/><T38/><D38/><U43/><E55/><V52/><F69/><W92/><G92/><T5/><D5/><U100/><E100/><V11/><F27/><W80/><G37/><T96/><D96/><U49/><E72/><V2/><F2/><W68/><G68/><T50/><D50/><U106/><E106/><V126/><F126/><N who="3" m="48747" /><G77/><T15/><D15/><U13/><E79/><N who="2" m="44415" /><F26/><N who="3" m="14687" /><G76/><T44/><D107/><U73/><E73/><V93/><F93/><W119/><G119/><T99/><D103/><U78/><E78/><V10/><F35/><W34/><G34/><T85/><D101/><U48/><E118/><V86/><F11/><W31/><G31/><T111/><D30/><U23/><E33/><V74/><F74/><W51/><G39/><T131/><D111/><U14/><E28/><V45/><F45/><W122/><G122/><T16/><D120/><U91/><E84/><V109/><F109/><W105/><G105/><T81/><D121/><U59/><E87/><V123/><F123/><W128/><G128/><AGARI ba="1,0" hai="10,12,18,52,54,86,89,95,128,129,130" m="44415" machi="128" ten="30,2000,0" yaku="19,1,54,1" doraHai="133" who="2" fromWho="3" sc="91,0,518,0,62,23,329,-23" /><INIT seed="4,0,0,1,2,131" ten="91,518,85,306" oya="0" hai0="101,40,82,34,118,26,2,110,134,102,51,13,64" hai1="49,39,86,58,100,126,38,6,66,127,8,115,68" hai2="22,135,84,56,0,128,95,44,92,116,80,48,90" hai3="112,61,81,24,119,69,5,72,50,19,89,79,106"/><T46/><D2/><U43/><E100/><V18/><F128/><W113/><G119/><T120/><D118/><U52/><E86/><V121/><F121/><W73/><G106/><T9/><D120/><U3/><E38/><V114/><F114/><N who="3" m="44139" /><G5/><T10/><D64/><U45/><REACH who="1" step="1"/><E115/><REACH who="1" step="2"/><V17/><F116/><W11/><G73/><T33/><D102/><U75/><E75/><V57/><F84/><W74/><G74/><T15/><D101/><U70/><E70/><V25/><F0/><W103/><G103/><T29/><D82/><U122/><E122/><V93/><F80/><W54/><G72/><T83/><D83/><U91/><E91/><V87/><F90/><W96/><G79/><T88/><D88/><U108/><E108/><V7/><F87/><N who="3" m="50415" /><G96/><T117/><D117/><U62/><AGARI ba="0,1" hai="3,6,8,39,43,45,49,52,58,62,66,68,126,127" machi="62" ten="30,8000,1" yaku="1,1,0,1,24,2,54,1,53,0" doraHai="131" doraHaiUra="125" who="1" fromWho="1" sc="91,-40,508,90,85,-20,306,-20" /><INIT seed="5,0,0,0,0,94" ten="51,598,65,286" oya="1" hai0="122,42,127,4,14,29,116,43,13,79,60,121,87" hai1="107,72,51,91,133,70,114,15,83,99,62,119,1" hai2="82,120,100,97,26,109,20,67,41,105,54,81,96" hai3="53,35,10,117,11,39,108,64,48,110,33,92,123"/><U47/><E1/><V77/><F120/><N who="0" m="46186" /><D116/><U23/><E119/><V2/><F109/><W57/><G123/><T89/><D79/><U115/><E133/><V56/><F2/><W6/><G117/><T12/><D127/><U101/><E70/><V52/><F41/><N who="0" m="15370" /><D29/><U19/><E62/><V58/><F67/><W73/><G39/><T55/><D55/><U118/><E118/><V63/><F97/><W22/><G22/><T40/><N who="0" m="15378" /><T3/><DORA hai="71" /><D60/><U130/><E130/><V50/><REACH who="2" step="1"/><F77/><REACH who="2" step="2"/><W125/><G108/><T28/><D3/><U93/><E47/><V68/><F68/><W134/><G64/><T8/><D28/><AGARI ba="0,1" hai="20,26,28,50,52,54,56,58,63,81,82,96,100,105" machi="28" ten="30,7700,0" yaku="1,1,7,1,52,1,54,1,53,0" doraHai="94,71" doraHaiUra="112,113" who="2" fromWho="0" sc="51,-77,598,0,55,87,286,0" owari="-26,-53,598,70,142,-26,286,9" /></mjloggm>