<mjloggm ver="2.3"><GO type="11"/><UN n0="%74%61%67%75%74%69" n1="%E3%83%AC%E3%82%A4%E3%83%B3%E3%83%9C%E3%83%BC%EF%BC%AD" n2="%E3%82%A6%E3%83%AB%E3%83%88%E3%83%A9%E7%AB%8B%E7%9B%B4" n3="%74%65%65%6D%61%73" dan="10,10,6,9" rate="1452,1721,1655,1606" sx="F,M,M,M"/><TAIKYOKU oya="0"/><INIT seed="0,0,0,0,4,37" ten="250,250,250,250" oya="0" hai0="46,111,10,101,84,90,94,112,55,52,56,58,27" hai1="42,103,4,87,108,29,62,39,50,71,11,125,105" hai2="134,14,98,107,24,49,129,18,109,89,57,13,47" hai3="92,83,67,132,31,106,8,53,85,81,59,131,77" shuffle="mt19937ar,F92F8403,6F69F71C,5DB9E6A3,85B362F4,F28164F1,D6913210,D011E4AD,7260D556"/><T69/><D112/><U113/><E113/><V25/><F129/><W54/><G106/><T3/><D27/><U40/><E39/><V22/><F134/><W110/><G131/><T124/><D124/><U30/><E125/><V126/><F126/><W86/><G132/><T99/><D69/><U43/><E50/><V48/><F109/><W28/><G110/><T5/><D111/><U121/><E121/><V36/><F36/><W35/><G92/><T32/><D32/><U16/><E108/><V104/><F104/><W19/><G35/><T23/><D23/><U7/><E87/><V78/><F78/><W44/><G67/><T80/><REACH who="0" step="1"/><D46/><REACH who="0" step="2"/><U114/><E114/><V17/><F57/><AGARI ba="0,1" hai="3,5,10,52,55,56,57,58,80,84,90,94,99,101" machi="57" ten="40,3900,0" yaku="1,1,2,1,53,0" doraHai="37" doraHaiUra="127" who="0" fromWho="2" sc="240,49,250,0,250,-39,250,0" /><INIT seed="0,1,0,3,4,77" ten="289,250,211,250" oya="0" hai0="113,114,50,39,67,54,56,89,28,23,104,102,88" hai1="111,40,49,27,78,46,35,100,75,79,134,92,24" hai2="41,52,81,87,66,30,51,12,91,107,13,115,132" hai3="93,64,47,135,117,130,55,53,57,59,0,106,45" shuffle="mt19937ar,F336289F,AC9D0097,16CBC328,129FB87C,E767A2EF,0420FE4C,3A638F1C,2CC931FE"/><T29/><D39/><U97/><E134/><V108/><F107/><W18/><G117/><T70/><D23/><U65/><E111/><V4/><F108/><W5/><G106/><T15/><D15/><U123/><E123/><V129/><F129/><W74/><G74/><T76/><D104/><U72/><E65/><V131/><F66/><W22/><G130/><T26/><D70/><U58/><E58/><V71/><F71/><W116/><G135/><T1/><D1/><U84/><E84/><V11/><F132/><W86/><G116/><T80/><D67/><U48/><E49/><V98/><F131/><W119/><G119/><T63/><D102/><U126/><E126/><V7/><F30/><W6/><G0/><T73/><D26/><U96/><E96/><V122/><F122/><W120/><G120/><T128/><D128/><U95/><E95/><V19/><F115/><W127/><G127/><T9/><D114/><U85/><E85/><V21/><F98/><W94/><G86/><T110/><D113/><U31/><E27/><V14/><F41/><W25/><G64/><T99/><D9/><U124/><E124/><V125/><F125/><W101/><G101/><T10/><D10/><U2/><E2/><V44/><REACH who="2" step="1"/><F13/><REACH who="2" step="2"/><W83/><G25/><T133/><D133/><U112/><E112/><V90/><F90/><W103/><G103/><T36/><D36/><U20/><E35/><V69/><F69/><W32/><G32/><T82/><D110/><U43/><E43/><V121/><F121/><W16/><G22/><T105/><D105/><U33/><E33/><RYUUKYOKU ba="1,1" sc="289,-30,250,10,201,10,250,10" hai1="20,24,31,40,46,48,72,75,78,79,92,97,100" hai2="4,7,11,12,14,19,21,44,51,52,81,87,91" hai3="5,6,16,18,45,47,53,55,57,59,83,93,94" /><INIT seed="1,2,1,3,0,94" ten="259,260,211,260" oya="1" hai0="128,86,125,93,107,77,92,13,96,117,12,65,43" hai1="133,90,42,47,50,134,121,44,99,76,100,3,64" hai2="129,68,135,39,104,74,114,29,75,113,63,32,7" hai3="130,88,79,116,4,70,127,91,15,52,5,105,11" shuffle="mt19937ar,984AB285,3E135392,7E53713C,A1B9B752,4E6D5CAB,94763E68,7B6897A8,72EE478B"/><U69/><E121/><V45/><F7/><W34/><G105/><T83/><D65/><U122/><E122/><V118/><F63/><W9/><G70/><T120/><D117/><U123/><E123/><V26/><F45/><W51/><G34/><T95/><D120/><U18/><E3/><V60/><F118/><W33/><G33/><T2/><D2/><U46/><E76/><V126/><F39/><W14/><G116/><T106/><D43/><U85/><E69/><V40/><F40/><W49/><G130/><T112/><D128/><U27/><E64/><N who="2" m="40967" /><F126/><W22/><G127/><T41/><D41/><U73/><E73/><V78/><F78/><W108/><G108/><T24/><D24/><U36/><E36/><V66/><F66/><W87/><G22/><T55/><D55/><U103/><E100/><V97/><F129/><W54/><G79/><T57/><D125/><U71/><E71/><V1/><F1/><W21/><G21/><T102/><D57/><U20/><E133/><V110/><F110/><W132/><REACH who="3" step="1"/><G132/><REACH who="3" step="2"/><T124/><D124/><U0/><E134/><V59/><F135/><W16/><G16/><T25/><D25/><U115/><E115/><N who="2" m="44043" /><F59/><W80/><G80/><T119/><D112/><U67/><E0/><V38/><F38/><W6/><G6/><T28/><D119/><U72/><E72/><V109/><F109/><W53/><G53/><T111/><D111/><U48/><E67/><V35/><F35/><W61/><G61/><T19/><D28/><U10/><E42/><V98/><F104/><W62/><G62/><T56/><D56/><RYUUKYOKU ba="2,2" sc="259,-15,260,-15,211,15,250,15" hai2="26,29,32,74,75,97,98" hai3="4,5,9,11,14,15,49,51,52,54,87,88,91" /><INIT seed="2,3,2,2,3,75" ten="244,245,226,265" oya="2" hai0="87,81,66,117,20,101,34,82,30,127,69,53,58" hai1="33,31,111,97,8,92,114,123,133,113,16,25,85" hai2="116,57,6,2,76,52,93,51,126,10,28,36,98" hai3="122,61,26,104,50,23,110,21,29,11,15,22,71" shuffle="mt19937ar,896F3C25,970B97B3,0CA44286,48C6967A,EF2C81E1,0D9F180B,725E8112,299538C7"/><V56/><F36/><W7/><G104/><T72/><D117/><U130/><E123/><V42/><F42/><W59/><G71/><T68/><D127/><U80/><E111/><V115/><F126/><W60/><G122/><T88/><D101/><U70/><E70/><V128/><F116/><W129/><G50/><T91/><D34/><U1/><E130/><V17/><F28/><W12/><G61/><T27/><D69/><U47/><E133/><V84/><F128/><W49/><G49/><T18/><D68/><U105/><E105/><V132/><F132/><W55/><G110/><T24/><D66/><U38/><E38/><V63/><F17/><W14/><G129/><T86/><D72/><U4/><E47/><V19/><F19/><W120/><G120/><T37/><D37/><U90/><REACH who="1" step="1"/><E16/><REACH who="1" step="2"/><V89/><F115/><W99/><REACH who="3" step="1"/><G99/><REACH who="3" step="2"/><T79/><D18/><U5/><E5/><V39/><F39/><W65/><G65/><T102/><D27/><U96/><E96/><V119/><F119/><W62/><G62/><N who="0" m="36175" /><D102/><AGARI ba="3,4" hai="1,4,8,25,31,33,80,85,90,92,97,102,113,114" machi="102" ten="30,3900,0" yaku="1,1,7,1,53,1" doraHai="75" doraHaiUra="32" who="1" fromWho="0" sc="244,-48,235,88,226,0,255,0" /><INIT seed="3,0,0,1,2,38" ten="196,323,226,255" oya="3" hai0="54,112,129,123,10,101,32,71,96,66,109,81,107" hai1="87,17,19,64,126,8,120,121,11,103,55,25,15" hai2="98,18,75,85,33,93,6,26,113,52,128,105,53" hai3="63,80,62,51,86,39,92,70,37,111,108,90,132" shuffle="mt19937ar,18F30704,F59F63B0,8B8E2E6C,905E1218,A2306778,EB0CF991,7E107D77,BBF1FBA0"/><W61/><G70/><T110/><D81/><U16/><E126/><V118/><F75/><W100/><G51/><T22/><D32/><U83/><E103/><V13/><F6/><W133/><G92/><T28/><D10/><U94/><E94/><V47/><F118/><W73/><G73/><T44/><D71/><U34/><E64/><V69/><F69/><W7/><G7/><T4/><D4/><U89/><E34/><V36/><F113/><W14/><G14/><T78/><D78/><U76/><E25/><V57/><F85/><W20/><G20/><T2/><D2/><U1/><E76/><V102/><F105/><W67/><G67/><T74/><D74/><U29/><E29/><V5/><F5/><W59/><G100/><T88/><D66/><U114/><E114/><V125/><F125/><W68/><G68/><T58/><D44/><U116/><E116/><V9/><F128/><W40/><G90/><T134/><D129/><U27/><E27/><V91/><F102/><W106/><G86/><T46/><D134/><N who="3" m="51817" /><G80/><T35/><D123/><U115/><E115/><V30/><REACH who="2" step="1"/><F57/><REACH who="2" step="2"/><W3/><G3/><T97/><D112/><U95/><E1/><V56/><F56/><W77/><G106/><T31/><D46/><U42/><E120/><V65/><F65/><W130/><G130/><T127/><D127/><U21/><E121/><V50/><F50/><W0/><G0/><T135/><D135/><U49/><E49/><V24/><F24/><W43/><G77/><T41/><D41/><AGARI ba="0,1" hai="9,13,18,26,30,33,36,41,47,52,53,91,93,98" machi="41" ten="40,5200,0" yaku="1,1,52,1,53,1" doraHai="38" doraHaiUra="12" who="2" fromWho="0" sc="196,-52,323,0,216,62,255,0" /><INIT seed="4,0,0,4,4,30" ten="144,323,278,255" oya="0" hai0="40,81,18,75,89,90,38,72,127,126,85,110,29" hai1="101,73,43,104,114,94,56,64,26,1,125,34,120" hai2="48,60,0,106,22,100,12,122,107,69,67,31,39" hai3="47,84,28,50,82,63,86,14,17,19,61,96,109" shuffle="mt19937ar,51034AF0,9FD357CD,09798CA6,39872C01,F9B8D02D,6783BCF7,0596886A,8E59DE9D"/><T55/><D55/><U103/><E120/><V108/><F0/><W112/><G109/><T118/><D118/><U6/><E104/><V23/><F39/><W135/><G112/><T8/><D38/><U77/><E125/><N who="0" m="47625" /><D40/><U83/><E43/><V21/><F108/><W91/><G135/><T134/><D134/><U37/><E37/><V74/><F74/><N who="0" m="28202" /><D29/><U2/><E2/><V32/><F122/><W27/><G96/><T41/><D41/><U92/><E114/><V15/><F48/><W16/><G63/><T20/><D8/><U111/><E111/><V124/><F124/><W88/><G61/><T79/><D110/><U65/><E56/><V66/><F66/><W25/><G25/><AGARI ba="0,0" hai="18,20,25,79,81,85,89,90" m="28202,47625" machi="25" ten="30,1500,0" yaku="18,1" doraHai="30" who="0" fromWho="3" sc="144,15,323,0,278,0,255,-15" /><INIT seed="4,1,0,1,0,84" ten="159,323,278,240" oya="0" hai0="113,82,91,70,23,89,35,56,60,78,57,44,85" hai1="88,129,92,18,30,126,87,99,98,52,107,0,114" hai2="48,83,20,46,103,71,55,39,34,118,14,6,124" hai3="54,50,66,133,10,115,21,58,75,43,97,116,134" shuffle="mt19937ar,C8DC9483,5D7E57DA,274BA4F3,A5F30D28,8859AAD1,A9E4CC0C,E9497178,783038DB"/><T96/><D35/><U122/><E122/><V68/><F34/><W69/><G75/><T17/><D113/><U121/><E121/><V62/><F118/><W127/><G116/><T19/><D44/><U33/><E0/><V128/><F103/><W102/><G10/><T95/><D70/><U36/><E36/><V31/><F124/><W64/><G21/><T79/><D19/><U11/><E126/><V125/><F125/><W117/><G127/><T29/><D29/><U13/><E129/><V42/><F128/><W51/><G117/><T77/><REACH who="0" step="1"/><D60/><REACH who="0" step="2"/><U59/><E114/><V94/><F62/><W131/><G115/><T74/><D74/><U76/><E33/><V100/><F68/><W27/><G131/><T93/><D93/><U90/><E30/><V86/><F71/><W8/><G27/><AGARI ba="1,1" hai="17,23,27,56,57,77,78,79,82,85,89,91,95,96" machi="27" ten="40,12000,1" yaku="1,1,8,1,52,2,53,0" doraHai="84" doraHaiUra="108" who="0" fromWho="3" sc="149,133,323,0,278,0,240,-123" /><INIT seed="4,2,0,0,2,82" ten="282,323,278,117" oya="0" hai0="55,63,40,30,123,89,1,9,104,126,113,108,66" hai1="41,122,129,125,84,53,13,135,33,76,119,71,14" hai2="16,112,38,51,17,25,100,62,59,99,92,133,116" hai3="36,50,37,22,12,28,46,18,57,97,107,27,54" shuffle="mt19937ar,D41A6A70,2EA4DD1E,0D44371B,0A15D045,E78D0E3F,F5EFE069,14C00B47,EF83164C"/><T11/><D104/><U109/><E41/><V52/><F38/><W70/><G107/><T102/><D102/><U93/><E119/><V43/><F116/><W4/><G97/><T68/><D123/><U96/><E122/><V127/><F127/><W91/><G4/><T132/><D126/><U24/><E125/><V85/><F133/><W130/><G130/><T88/><D132/><U95/><E135/><V49/><F112/><W6/><G6/><T67/><D113/><U105/><E129/><V23/><F43/><W29/><G29/><T15/><D1/><U94/><E105/><V110/><F110/><W78/><G78/><T69/><D30/><U47/><E109/><V111/><F111/><W2/><G2/><T64/><D40/><U58/><E71/><V72/><F72/><W44/><G70/><T20/><D108/><U86/><E33/><V90/><REACH who="2" step="1"/><F17/><REACH who="2" step="2"/><W87/><G46/><T106/><D106/><AGARI ba="2,1" hai="16,23,25,49,51,52,59,62,85,90,92,99,100,106" machi="106" ten="30,7700,0" yaku="1,1,2,1,7,1,52,1,53,0" doraHai="82" doraHaiUra="74" who="2" fromWho="0" sc="282,-83,323,0,268,93,117,0" /><INIT seed="5,0,0,0,3,79" ten="199,323,361,117" oya="1" hai0="64,27,8,98,46,107,16,129,101,50,33,119,12" hai1="88,133,118,17,26,89,103,31,71,83,125,13,117" hai2="124,10,34,9,57,81,68,19,102,52,111,30,127" hai3="130,131,99,41,4,63,70,36,65,43,37,51,22" shuffle="mt19937ar,7F449689,6E2F435B,0A8AE6AA,D136735E,A9AB9467,948D30FD,651151E4,F284A10F"/><U25/><E71/><V56/><F68/><W116/><G99/><T75/><D75/><U58/><E125/><N who="2" m="48203" /><F30/><W90/><G4/><T92/><D129/><N who="3" m="49161" /><G90/><T5/><D119/><U132/><E103/><V122/><F34/><W96/><G96/><T29/><D64/><U38/><E38/><N who="3" m="14954" /><G22/><T18/><REACH who="0" step="1"/><D107/><REACH who="0" step="2"/><U1/><E118/><V110/><F111/><W109/><G116/><T78/><D78/><U84/><E117/><V49/><F110/><W108/><G43/><AGARI ba="0,1" hai="5,8,12,16,18,27,29,33,43,46,50,92,98,101" machi="43" ten="30,2000,0" yaku="1,1,7,1,53,0" doraHai="79" doraHaiUra="67" who="0" fromWho="3" sc="189,30,323,0,361,0,117,-20" /><INIT seed="6,0,0,0,1,110" ten="219,323,361,97" oya="2" hai0="49,29,101,13,105,30,87,107,104,117,96,2,43" hai1="55,93,66,38,63,0,50,78,20,46,32,60,11" hai2="119,31,94,126,57,5,28,134,44,18,69,39,109" hai3="62,123,131,34,88,125,103,72,98,67,51,19,40" shuffle="mt19937ar,39F0E337,9B7AB77A,0F831533,EB0E0FB4,EB7C7BFC,D7CBC136,438A03B1,C49AA8B6"/><V106/><F106/><W27/><G123/><T92/><D117/><U120/><E120/><V61/><F69/><W82/><G131/><T90/><D2/><U1/><E32/><V81/><F5/><W47/><G125/><T113/><D13/><U89/><E78/><V24/><F81/><W116/><G116/><T59/><D43/><U36/><E1/><V22/><F44/><W3/><G3/><T41/><D41/><U83/><E83/><V77/><F39/><W42/><G88/><T7/><D7/><U33/><E33/><V91/><F77/><W56/><G19/><T100/><D49/><U99/><E60/><V111/><F28/><W129/><G129/><T52/><D113/><U58/><E0/><V54/><F31/><W48/><G82/><T70/><D70/><U73/><E73/><V4/><F4/><W135/><G72/><T15/><D15/><U10/><E36/><V118/><F126/><W97/><G97/><T65/><D65/><U12/><E38/><V25/><F25/><W76/><G76/><T132/><D132/><U121/><REACH who="1" step="1"/><E121/><REACH who="1" step="2"/><V115/><F119/><W35/><G135/><T71/><D71/><U17/><AGARI ba="0,1" hai="10,11,12,17,20,46,50,55,58,63,66,89,93,99" machi="17" ten="30,7900,0" yaku="1,1,2,1,0,1,8,1,53,0" doraHai="110" doraHaiUra="108" who="1" fromWho="1" sc="219,-20,313,89,361,-39,97,-20" /><INIT seed="7,0,0,2,4,66" ten="199,402,322,77" oya="3" hai0="87,20,121,98,45,38,83,132,64,24,97,39,23" hai1="35,119,14,17,67,31,68,46,72,75,1,52,80" hai2="9,128,7,114,34,86,89,125,11,85,54,104,60" hai3="2,65,77,69,78,105,76,99,117,63,28,36,100" shuffle="mt19937ar,969255F1,D80337FC,CAE4F2FB,5ACA2BDB,33A0128E,2156B630,40043385,8D9063E3"/><W93/><G117/><T79/><D121/><U107/><E1/><V110/><F104/><W111/><G36/><T115/><D64/><U133/><E119/><V27/><F110/><W113/><G111/><T116/><D116/><U91/><E107/><V5/><F114/><W123/><G123/><T32/><D132/><U16/><E133/><V44/><F125/><W51/><G51/><T25/><D45/><U42/><E17/><V82/><F128/><W49/><G49/><T22/><D115/><U33/><E35/><V19/><F34/><W134/><G113/><T43/><D32/><U118/><E118/><V6/><F85/><W92/><G134/><T50/><D50/><U4/><E4/><V21/><F44/><W73/><G2/><T126/><D126/><U40/><E42/><V0/><REACH who="2" step="1"/><F0/><REACH who="2" step="2"/><W30/><REACH who="3" step="1"/><G73/><REACH who="3" step="2"/><T102/><D43/><U74/><E75/><V81/><F81/><W131/><G131/><T13/><D97/><U95/><E80/><V47/><F47/><W71/><G71/><T29/><D38/><U62/><E40/><V15/><F15/><W94/><AGARI ba="0,2" hai="28,30,63,65,69,76,77,78,92,93,94,99,100,105" machi="94" ten="30,6000,0" yaku="1,1,0,1,52,1,53,0" doraHai="66" doraHaiUra="18" who="3" fromWho="3" sc="199,-20,402,-20,312,-20,67,80" /><INIT seed="7,1,0,4,3,67" ten="179,382,292,147" oya="3" hai0="57,29,103,114,99,133,34,77,106,121,42,35,104" hai1="24,113,36,30,58,43,23,28,0,13,110,68,91" hai2="132,109,100,47,15,126,33,95,131,90,124,79,115" hai3="31,117,111,120,32,108,20,118,80,102,5,63,89" shuffle="mt19937ar,D3A5F0BB,D8AD006F,1D7B13C4,65E85EED,525F1E87,A916F4D1,6877EE00,7E2AE77C"/><W72/><G32/><T62/><D121/><U54/><E110/><N who="3" m="42026" /><G5/><T9/><D42/><U135/><E68/><V37/><F33/><W53/><G53/><T38/><D38/><U82/><E0/><V7/><F47/><W97/><G31/><T129/><D129/><U60/><E135/><V45/><F45/><W78/><G63/><T51/><D51/><U4/><E113/><V119/><F37/><W75/><G20/><T14/><D77/><U11/><E36/><V50/><F50/><W25/><G25/><T26/><D133/><U6/><E6/><V101/><F15/><W74/><G120/><T94/><D35/><U93/><E82/><V49/><F49/><W70/><G89/><T65/><REACH who="0" step="1"/><D114/><REACH who="0" step="2"/><U61/><E43/><V10/><F115/><W92/><G70/><T128/><D128/><U112/><E112/><V8/><F131/><W27/><G27/><T52/><D52/><U105/><E60/><V16/><F109/><W98/><G98/><T46/><D46/><U22/><E30/><V55/><F55/><W40/><G40/><T56/><D56/><U84/><E23/><V76/><F132/><W130/><G130/><T19/><AGARI ba="1,1" hai="9,14,19,26,29,34,57,62,65,94,99,103,104,106" machi="19" ten="20,2700,0" yaku="1,1,0,1,7,1,53,0" doraHai="67" doraHaiUra="73" who="0" fromWho="0" sc="169,40,382,-8,292,-8,147,-14" owari="209,-19,374,48,284,8,133,-37" /></mjloggm>