<mjloggm ver="2.3"><GO type="9"/><UN n0="%E3%82%A6%E3%83%AB%E3%83%88%E3%83%A9%E7%AB%8B%E7%9B%B4" n1="%4E%6F%4E%61%6D%65" n2="%63%61%70%72%69%63%65" n3="%4E%6F%4E%61%6D%65" dan="5,0,3,0" rate="1718,1500,1450,1500" sx="M,M,M,M"/><TAIKYOKU oya="0"/><INIT seed="0,0,0,1,4,110" ten="250,250,250,250" oya="0" hai0="113,44,80,45,132,16,35,66,48,91,27,14,70" hai1="114,59,3,77,7,67,51,119,25,41,29,68,107" hai2="5,97,65,73,120,42,125,22,63,118,13,0,123" hai3="88,6,8,69,2,46,47,10,130,37,40,111,52" shuffle="mt19937ar,2BB0D3B4,24D0D279,9A391C7D,4757BA4B,A1EE86AF,5ED8222D,B08CB6A5,22C8B325"/><T33/><D70/><U129/><E119/><V135/><F73/><W121/><G69/><T131/><D66/><U127/><E77/><V112/><F118/><W32/><G121/><T115/><D131/><U76/><E129/><V71/><F42/><W122/><G32/><T11/><D132/><U133/><E133/><V50/><F50/><W28/><G122/><T54/><D45/><U58/><E41/><V134/><F97/><W86/><G28/><N who="0" m="19615" /><D35/><U101/><E76/><V12/><F112/><W61/><G10/><T108/><D108/><U104/><E127/><V128/><F22/><W95/><G111/><T124/><D124/><U82/><E82/><V92/><F0/><W75/><G75/><T23/><D23/><U60/><E51/><V55/><F92/><W87/><G130/><T26/><D26/><U17/><E17/><V30/><F55/><W74/><G74/><T24/><D24/><U109/><E109/><V38/><F30/><W116/><G116/><T57/><D57/><U34/><E107/><V78/><F78/><W49/><REACH who="3" step="1"/><G61/><REACH who="3" step="2"/><T53/><D53/><U83/><E83/><V100/><F123/><W62/><G62/><T103/><D103/><U4/><E3/><V90/><F120/><W79/><G79/><T93/><D93/><U15/><E15/><V84/><F13/><W105/><G105/><T98/><D98/><AGARI ba="0,1" hai="2,6,8,37,40,46,47,49,52,86,87,88,95,98" machi="98" ten="30,7700,0" yaku="1,1,7,1,54,2,53,0" doraHai="110" doraHaiUra="99" who="3" fromWho="0" sc="250,-77,250,0,250,0,240,87" /><INIT seed="1,0,0,3,0,26" ten="173,250,250,327" oya="1" hai0="52,47,131,18,42,15,44,121,25,1,80,77,87" hai1="57,7,100,29,111,85,49,8,65,41,5,9,115" hai2="39,113,112,127,78,103,55,50,108,118,10,114,120" hai3="117,98,129,90,56,102,122,72,110,84,97,130,74" shuffle="mt19937ar,17FABDA2,BACFED0D,14BCEE0E,D1E01429,183DB975,2C70D119,41E117D7,A7BAE1AD"/><U22/><E115/><V69/><F10/><W27/><G56/><T93/><D1/><U31/><E100/><V91/><F120/><W51/><G27/><T132/><D121/><U70/><E70/><V126/><F103/><W99/><G51/><T12/><D131/><N who="3" m="50185" /><G122/><T135/><D93/><U76/><E57/><V95/><F78/><W116/><G102/><T86/><D86/><U14/><E65/><V63/><F39/><W59/><G59/><T105/><D105/><U23/><E76/><V38/><F38/><W2/><G2/><T48/><D25/><U88/><E49/><V124/><F118/><N who="3" m="45675" /><G110/><T58/><D44/><U33/><E41/><V40/><F108/><W67/><G67/><T17/><D15/><U123/><E88/><V34/><F34/><W83/><AGARI ba="0,0" hai="72,74,83,84,90,97,98,99" m="45675,50185" machi="83" ten="40,8000,1" yaku="19,1,12,1,34,2" doraHai="26" who="3" fromWho="3" sc="173,-20,250,-40,250,-20,327,80" /><INIT seed="2,0,0,5,1,30" ten="153,210,230,407" oya="2" hai0="83,127,28,5,24,65,51,128,66,18,79,135,6" hai1="69,94,98,72,9,134,88,133,0,80,75,108,63" hai2="71,52,89,8,117,110,91,100,41,111,17,23,2" hai3="12,22,64,104,82,3,49,129,37,81,99,62,45" shuffle="mt19937ar,9A2B722F,E59BB67F,B7D2DAA3,32A036B0,EA619255,92B1378B,441AE92C,325D6592"/><V77/><F117/><W115/><G37/><T106/><D106/><U113/><E113/><V121/><F121/><W125/><G115/><T131/><D65/><U14/><E0/><V114/><F114/><W54/><G125/><T29/><D66/><U40/><E40/><V123/><F123/><W56/><G3/><T130/><D51/><U93/><E80/><V119/><F119/><W61/><G129/><T42/><D42/><U1/><E1/><V126/><F126/><W76/><G61/><T87/><D127/><U132/><E93/><V48/><F71/><W92/><G104/><T32/><D135/><U11/><E63/><V16/><F41/><W53/><G64/><T116/><D116/><U102/><E69/><V7/><F100/><W38/><G38/><T96/><D96/><U95/><E11/><V27/><F17/><W21/><G81/><T34/><D18/><U70/><E108/><N who="2" m="41515" /><F77/><W35/><G12/><T105/><D105/><U109/><E70/><V55/><F55/><W39/><G35/><N who="0" m="13355" /><D24/><U67/><E67/><V57/><AGARI ba="0,0" hai="2,7,8,16,23,27,48,52,57,89,91" m="41515" machi="57" ten="30,11700,0" yaku="14,1,10,1,54,2" doraHai="30" who="2" fromWho="2" sc="153,-39,210,-39,230,117,407,-39" /><INIT seed="2,1,0,3,2,67" ten="114,171,347,368" oya="2" hai0="121,22,37,112,99,124,23,105,21,108,16,4,65" hai1="96,64,5,9,31,86,84,118,106,109,51,95,39" hai2="120,55,129,114,101,89,97,133,41,45,98,107,75" hai3="85,131,72,57,81,123,42,11,33,36,56,34,104" shuffle="mt19937ar,CFAE5295,4BB2D4FC,49FE37AB,F07960A5,DE1CF9E9,6A242743,79823981,108FA639"/><V125/><F120/><W32/><G72/><T62/><D37/><U52/><E118/><V93/><F114/><W126/><G104/><T20/><D121/><U103/><E39/><V135/><F55/><W117/><G123/><T134/><D112/><U24/><E64/><V83/><F125/><W6/><G117/><T1/><D124/><U69/><E69/><V92/><F129/><W132/><G126/><T17/><D134/><U127/><E127/><V87/><F75/><W115/><G131/><T80/><D108/><U35/><E106/><V128/><F128/><W0/><G132/><N who="2" m="50761" /><F107/><W44/><REACH who="3" step="1"/><G115/><REACH who="3" step="2"/><T12/><N who="0" m="5632" /><DORA hai="78" /><T79/><D1/><U29/><E29/><V116/><F116/><W113/><G113/><T18/><D4/><U60/><E60/><V71/><F71/><W47/><G47/><T68/><D12/><U58/><REACH who="1" step="1"/><E109/><REACH who="1" step="2"/><V100/><F45/><W91/><AGARI ba="1,2" hai="0,6,11,32,33,34,36,42,44,56,57,81,85,91" machi="91" ten="30,4000,0" yaku="1,1,0,1,52,1,53,0" doraHai="67,78" doraHaiUra="61,46" who="3" fromWho="3" sc="114,-11,161,-11,347,-21,358,63" /><INIT seed="3,0,0,3,3,94" ten="103,150,326,421" oya="3" hai0="46,128,100,50,111,6,13,116,36,12,14,95,134" hai1="29,34,109,120,67,28,32,82,45,48,1,133,80" hai2="27,89,22,33,88,44,87,18,24,73,99,78,118" hai3="126,129,76,16,121,124,101,5,52,130,0,103,55" shuffle="mt19937ar,5BCF0E0F,893EC96B,997BE52C,8DA2EB14,37B3AC38,8E5CDC24,190333E4,A96A802F"/><W61/><G76/><T79/><D111/><U125/><E120/><V93/><F118/><W119/><G61/><T122/><D116/><U110/><E1/><V75/><F44/><W3/><G119/><T106/><D122/><U102/><E133/><V68/><F68/><W131/><G5/><T51/><D134/><U40/><E67/><V9/><F9/><W53/><G121/><T60/><D128/><U41/><E125/><V64/><F64/><W92/><G16/><T11/><D106/><U35/><E102/><V25/><F25/><W23/><G92/><T58/><D79/><U108/><E45/><V81/><REACH who="2" step="1"/><F78/><REACH who="2" step="2"/><W54/><N who="3" m="13824" /><DORA hai="2" /><W47/><G47/><T69/><D69/><U72/><E48/><N who="0" m="18473" /><D46/><U107/><E72/><V65/><F65/><W113/><G23/><T7/><D36/><U38/><E38/><V115/><F115/><W49/><G113/><T19/><D58/><U57/><E57/><V98/><F98/><W42/><G42/><N who="1" m="16490" /><E107/><V66/><F66/><W112/><G49/><T135/><D135/><U127/><E127/><V70/><F70/><W8/><G112/><T10/><D60/><U63/><E63/><V77/><F77/><W84/><G8/><N who="0" m="3115" /><D19/><U105/><E105/><V17/><F17/><W83/><G126/><T90/><D100/><N who="3" m="38473" /><G124/><T85/><AGARI ba="0,1" hai="6,7,12,13,14,85,90,95" m="3115,18473" machi="85" ten="30,4000,0" yaku="8,1,52,2" doraHai="94,2" who="0" fromWho="0" sc="103,50,150,-10,316,-10,421,-20" /><INIT seed="4,0,0,5,3,30" ten="153,140,306,401" oya="0" hai0="8,15,134,82,62,84,36,63,132,100,135,5,48" hai1="86,44,32,73,124,120,125,72,122,80,123,69,117" hai2="67,64,46,60,95,34,18,39,90,47,66,115,98" hai3="35,10,31,101,54,65,133,108,121,28,97,78,0" shuffle="mt19937ar,8A8A4317,8581E13C,28E6142B,63520133,FA8EE4C0,609BA68B,F1833987,2C7EFB88"/><T91/><D36/><U102/><E69/><V127/><F34/><W53/><G108/><T7/><D100/><U104/><E32/><V92/><F115/><W119/><G121/><N who="1" m="30978" /><U118/><DORA hai="13" /><E44/><V16/><F127/><N who="1" m="48713" /><E102/><V94/><F60/><W109/><G119/><N who="1" m="45578" /><E104/><V19/><REACH who="2" step="1"/><F39/><REACH who="2" step="2"/><W25/><G133/><T76/><D48/><U114/><E114/><V11/><F11/><W27/><G109/><T56/><D7/><U24/><E24/><V12/><F12/><W59/><G10/><T45/><D45/><AGARI ba="0,1" hai="16,18,19,45,46,47,64,66,67,90,92,94,95,98" machi="45" ten="40,12000,2" yaku="1,1,8,1,52,3,54,1,53,0" doraHai="30,13" doraHaiUra="57,22" who="2" fromWho="0" sc="153,-120,140,0,296,130,401,0" /><INIT seed="5,0,0,2,4,50" ten="33,140,426,401" oya="1" hai0="78,122,18,29,3,77,103,88,89,130,95,79,68" hai1="14,39,114,33,98,113,53,19,105,112,26,134,132" hai2="121,73,116,83,65,40,31,107,86,32,24,28,15" hai3="38,124,13,106,21,61,54,51,34,36,119,85,87" shuffle="mt19937ar,BE363D96,5805D3D5,48D017A2,CF3F14FE,D816AB40,88786CE2,021ABEB2,7B951AB9"/><U120/><E39/><V125/><F116/><W2/><G119/><T94/><D68/><U115/><N who="1" m="29184" /><DORA hai="101" /><U133/><E120/><V118/><F121/><W97/><G34/><T117/><D3/><U72/><E72/><V12/><F118/><W67/><G2/><T135/><D29/><U92/><E105/><V45/><F73/><W90/><G124/><T16/><D117/><U55/><E33/><V17/><F125/><W63/><G38/><T82/><D122/><U131/><E26/><V127/><F31/><W5/><G36/><T20/><D130/><U76/><E76/><V11/><F12/><W104/><G85/><T42/><D42/><U75/><E75/><V128/><F127/><W129/><G63/><T9/><D135/><U62/><E62/><V44/><F128/><W48/><G129/><T70/><D70/><U60/><E60/><V43/><F107/><W81/><G48/><T30/><D103/><U91/><REACH who="1" step="1"/><E131/><REACH who="1" step="2"/><V56/><F65/><W52/><G97/><T110/><D110/><U108/><E108/><V8/><F8/><AGARI ba="0,1" hai="8,14,19,53,55,91,92,98,132,133,134" m="29184" machi="8" ten="70,12000,1" yaku="1,1,20,1,15,1,52,2,53,0" doraHai="50,101" doraHaiUra="96,57" who="1" fromWho="2" sc="33,0,130,130,426,-120,401,0" /><INIT seed="5,1,0,4,0,128" ten="33,260,306,401" oya="1" hai0="49,56,45,114,69,13,27,106,40,109,15,55,87" hai1="31,129,59,8,6,53,14,124,131,133,97,76,121" hai2="73,66,30,33,37,64,39,68,71,44,95,4,118" hai3="77,90,100,50,116,75,60,91,57,102,126,62,51" shuffle="mt19937ar,3A45B742,C9D756EC,AC1E2A4D,B55B95B4,C9ADC6C8,7C808779,E122ABD8,A4A198F1"/><U98/><E121/><V82/><F118/><W58/><G116/><T1/><D106/><U119/><E119/><V19/><F95/><W80/><G126/><T43/><D1/><U135/><E31/><V105/><F105/><W26/><G26/><T46/><D27/><U89/><E76/><V16/><F4/><W54/><G75/><T32/><D15/><U103/><E89/><V18/><F82/><W72/><G72/><T122/><D13/><U0/><E0/><V9/><F73/><W10/><G10/><T22/><D22/><U83/><E83/><V48/><F9/><W52/><G80/><T21/><D21/><U108/><E108/><V99/><F99/><W110/><G110/><T65/><D32/><U11/><E11/><V28/><F28/><W86/><G77/><T92/><D92/><U74/><E74/><V112/><F112/><W12/><G86/><T63/><D87/><U38/><E38/><V29/><F29/><W107/><G107/><T101/><D101/><U41/><E41/><N who="0" m="15945" /><D109/><U17/><E124/><V111/><F111/><W23/><G12/><T36/><D114/><U5/><E103/><V20/><F20/><AGARI ba="1,0" hai="20,23,50,51,52,54,57,58,60,62,90,91,100,102" machi="20" ten="25,6400,0" yaku="22,2,8,1,54,1" doraHai="128" who="3" fromWho="2" sc="33,0,260,0,306,-67,401,67" /><INIT seed="6,0,0,1,0,24" ten="33,260,239,468" oya="2" hai0="53,107,83,41,21,8,112,104,32,22,103,86,56" hai1="114,117,57,87,90,17,61,29,85,66,76,82,46" hai2="84,126,131,15,43,65,101,31,118,69,92,28,127" hai3="7,68,122,49,134,44,35,9,109,55,128,45,105" shuffle="mt19937ar,3C00AD3B,B336B4DF,1E523C4E,6D997EA4,B2921652,938CBE81,63B7D619,C62BA386"/><V30/><F118/><W132/><G45/><T80/><D53/><U4/><E117/><V0/><F0/><W95/><G95/><T52/><D56/><U54/><E114/><V89/><F101/><W37/><G9/><T113/><D52/><U47/><E4/><V5/><F131/><W96/><G7/><T88/><D41/><U63/><E17/><V40/><F69/><W106/><G96/><T25/><D25/><U125/><E125/><N who="2" m="47627" /><F65/><W59/><G49/><T119/><D8/><AGARI ba="0,0" hai="5,8,15,28,30,31,40,43,84,89,92" m="47627" machi="8" ten="30,11600,0" yaku="18,1,52,3" doraHai="24" who="2" fromWho="0" sc="33,-116,260,0,239,116,468,0" owari="-83,-58,260,-14,355,16,468,56" /></mjloggm>