<mjloggm ver="2.3"><GO type="41"/><UN n0="%E3%82%8B%E3%81%A3%E3%81%A1%E3%81%8A%E3%82%81%EF%BD%9E" n1="%E5%95%8F%E9%A1%8C" n2="%E3%83%95%E3%82%A7%E3%82%A4%E3%82%B7%E3%82%A7%E3%82%A4" n3="%E3%82%A6%E3%83%AB%E3%83%88%E3%83%A9%E7%AB%8B%E7%9B%B4" dan="13,14,13,14" rate="1824,2004,1831,1951" sx="M,M,M,M"/><TAIKYOKU oya="0"/><INIT seed="0,0,0,1,2,102" ten="250,250,250,250" oya="0" hai0="57,135,74,77,2,15,44,67,23,99,125,53,120" hai1="33,115,103,32,26,110,116,87,113,7,47,85,34" hai2="37,128,28,112,97,35,51,13,16,59,80,38,95" hai3="64,73,36,5,129,0,54,84,105,98,91,122,75"/><T114/><D2/><U19/><E116/><V17/><F112/><W81/><G64/><T108/><D114/><U83/><E7/><V92/><F17/><W29/><G36/><T4/><D120/><U94/><E110/><V119/><F119/><W42/><G42/><T90/><D108/><U20/><E47/><V43/><F128/><W121/><G29/><T96/><D67/><U118/><E118/><V130/><F130/><W69/><G69/><T22/><D125/><U45/><E45/><V62/><F95/><W9/><G54/><T117/><D135/><U89/><REACH who="1" step="1"/><E103/><REACH who="1" step="2"/><V21/><F35/><W111/><G111/><T88/><D117/><U48/><E48/><V127/><F51/><W8/><G129/><T27/><D44/><U65/><E65/><V82/><F37/><W72/><G5/><T58/><D4/><U52/><E52/><V107/><F38/><W46/><G46/><T56/><D53/><U104/><E104/><V39/><F39/><W10/><G0/><T71/><D71/><U30/><E30/><V78/><F107/><W24/><G121/><T133/><D133/><U123/><E123/><V124/><F43/><W1/><G122/><T61/><D61/><U14/><E14/><V18/><F28/><W49/><G1/><T100/><D15/><U50/><E50/><V109/><F109/><W68/><G49/><T63/><D63/><U12/><E12/><V134/><F134/><W11/><G68/><T79/><D100/><U66/><E66/><V131/><F13/><W25/><N who="3" m="2560" /><DORA hai="40" /><W3/><G3/><T55/><D55/><RYUUKYOKU ba="0,1" sc="250,-15,240,15,250,-15,250,15" hai1="19,20,26,32,33,34,83,85,87,89,94,113,115" hai3="24,25,72,73,75,81,84,91,98,105" /><INIT seed="1,1,1,4,3,49" ten="235,255,235,265" oya="1" hai0="22,108,37,46,116,70,2,52,60,88,84,35,103" hai1="105,115,97,106,82,95,83,63,92,71,96,133,14" hai2="131,128,54,53,85,58,75,38,64,59,122,66,47" hai3="11,57,45,87,61,129,94,9,8,98,111,12,78"/><U130/><E115/><V123/><F75/><W20/><G129/><N who="2" m="49737" /><F85/><W43/><G111/><T5/><D35/><U41/><E130/><V26/><F26/><W107/><G107/><T39/><D108/><U32/><E41/><V127/><F38/><W91/><G20/><T15/><D116/><U56/><E71/><V7/><F7/><W81/><G12/><T119/><D2/><U40/><E40/><V113/><F113/><W17/><G17/><T44/><D119/><U69/><E69/><V132/><F47/><W55/><REACH who="3" step="1"/><G11/><REACH who="3" step="2"/><T102/><D22/><U68/><E105/><V135/><F127/><W0/><G0/><T28/><D28/><U80/><E106/><V27/><F27/><W118/><G118/><T101/><D5/><U99/><E14/><V86/><F86/><W36/><AGARI ba="1,2" hai="8,9,36,43,45,55,57,61,78,81,87,91,94,98" machi="36" ten="20,8000,1" yaku="1,1,0,1,7,1,52,1,53,1" doraHai="49" doraHaiUra="77" who="3" fromWho="3" sc="235,-21,255,-41,235,-21,255,103" /><INIT seed="2,0,0,2,0,96" ten="214,214,214,358" oya="2" hai0="45,63,121,64,3,70,32,112,77,4,74,107,16" hai1="10,111,133,99,87,73,78,36,49,119,14,115,82" hai2="68,25,15,62,54,53,51,103,91,56,40,39,92" hai3="26,118,113,123,9,2,71,12,98,58,23,80,124"/><V31/><F15/><W29/><G71/><T44/><D32/><U76/><E119/><V52/><F39/><W27/><G118/><T134/><D121/><U104/><E36/><V6/><F6/><W72/><G123/><T66/><D112/><U7/><E115/><V101/><F68/><W135/><G113/><T38/><D107/><U117/><E117/><V33/><F40/><W60/><G2/><T47/><D134/><U8/><E133/><V116/><F116/><W37/><G37/><T34/><D66/><U46/><E111/><V61/><F54/><W88/><G135/><T42/><D16/><U109/><E109/><V110/><F110/><W84/><G72/><T65/><D65/><U79/><E73/><V0/><F0/><W122/><G122/><T41/><D34/><U48/><E48/><V128/><F128/><W21/><G124/><T5/><D5/><U69/><E69/><V105/><F105/><W18/><G98/><T100/><D100/><U1/><E99/><V67/><F67/><N who="3" m="39319" /><G26/><T129/><D129/><U59/><E104/><V28/><F28/><W81/><G81/><N who="0" m="45239" /><D42/><U120/><E59/><V95/><F62/><W93/><G80/><T90/><D90/><U75/><E120/><V86/><REACH who="2" step="1"/><F92/><REACH who="2" step="2"/><W131/><G131/><T11/><AGARI ba="0,1" hai="3,4,11,38,41,44,45,47,63,64,70" m="45239" machi="11" ten="30,1100,0" yaku="25,1" doraHai="96" who="0" fromWho="0" sc="214,21,214,-3,204,-5,358,-3" /><INIT seed="3,0,0,3,4,84" ten="235,211,199,355" oya="3" hai0="57,105,17,35,70,108,82,14,30,68,118,40,134" hai1="91,111,101,34,38,18,89,112,62,46,106,132,53" hai2="1,102,115,109,86,92,130,16,11,64,26,2,93" hai3="88,121,33,104,12,23,96,56,28,120,37,10,76"/><W123/><G37/><T66/><D105/><U50/><E34/><V43/><F115/><W8/><G33/><T65/><D118/><U129/><E112/><V81/><F130/><W41/><G76/><T128/><D35/><U126/><E129/><V15/><F109/><W103/><G41/><T32/><D128/><U27/><E111/><V20/><F43/><W47/><G47/><T90/><D108/><U77/><E77/><V135/><F135/><W13/><G56/><T60/><D40/><U75/><E75/><V125/><F125/><W5/><G28/><T85/><D134/><U127/><E132/><V7/><F64/><W24/><G23/><T55/><D66/><U31/><E38/><V36/><F36/><W114/><G24/><T54/><D54/><U4/><E4/><V59/><F59/><W87/><G114/><T39/><D39/><U79/><E79/><V22/><F1/><W83/><G123/><T42/><D42/><U133/><E62/><V73/><F73/><W51/><G51/><T113/><D113/><U119/><E119/><V98/><F98/><W3/><G3/><T107/><D107/><U124/><E133/><V44/><F44/><W78/><G78/><T48/><D30/><U61/><E61/><V99/><F99/><W52/><G52/><T29/><D29/><U74/><E74/><V9/><F9/><W49/><G49/><T19/><D19/><AGARI ba="0,0" hai="5,8,10,12,13,19,83,87,88,96,103,104,120,121" machi="19" ten="30,5800,0" yaku="7,1,52,1,54,1" doraHai="84" who="3" fromWho="0" sc="235,-58,211,0,199,0,355,58" /><INIT seed="3,1,0,1,4,110" ten="177,211,199,413" oya="3" hai0="130,72,118,51,41,87,67,60,78,80,0,131,133" hai1="83,52,89,12,125,91,37,85,45,69,90,121,21" hai2="16,36,28,26,2,107,57,129,44,55,109,9,115" hai3="74,54,134,101,71,93,56,81,14,135,31,25,128"/><W32/><G71/><T46/><D118/><U100/><E69/><V11/><F109/><W20/><G128/><T1/><D133/><U111/><E111/><V105/><F129/><N who="0" m="49162" /><D72/><U123/><E100/><V7/><F36/><W15/><G74/><T48/><D48/><U126/><E37/><V62/><F11/><W59/><G32/><T66/><D66/><U39/><E39/><V98/><F44/><W106/><G106/><T42/><D42/><U64/><E64/><V70/><F70/><AGARI ba="1,0" hai="0,1,41,46,51,60,67,70,78,80,87" m="49162" machi="70" ten="30,1000,0" yaku="19,1" doraHai="110" who="0" fromWho="2" sc="177,13,211,0,199,-13,413,0" /><INIT seed="4,0,0,3,4,124" ten="190,211,186,413" oya="0" hai0="0,41,108,52,58,130,116,76,125,21,91,29,35" hai1="100,6,70,72,131,135,50,13,22,89,114,39,78" hai2="62,25,42,74,16,84,109,5,61,67,71,10,88" hai3="122,86,106,36,107,19,7,103,119,55,47,12,2"/><T113/><D0/><U24/><E39/><V97/><F74/><W132/><G119/><T32/><D116/><U59/><E70/><V15/><F109/><W128/><G103/><T95/><D41/><U66/><E100/><V69/><F97/><W93/><G106/><T44/><D76/><U45/><E78/><V80/><F42/><W48/><G107/><T57/><D113/><U43/><E72/><V104/><F104/><W17/><G36/><T8/><D125/><U23/><E114/><V87/><F87/><W64/><G64/><T101/><D101/><U37/><E135/><V94/><F94/><W3/><G3/><T11/><D108/><U120/><E120/><V20/><REACH who="2" step="1"/><F62/><REACH who="2" step="2"/><W105/><G105/><T31/><D95/><U9/><E43/><V133/><F133/><W46/><G132/><T60/><D91/><U118/><E89/><V18/><F18/><W73/><G17/><T34/><D21/><U83/><E118/><V127/><F127/><W115/><G93/><T98/><D98/><U134/><E134/><V33/><F33/><W75/><G75/><T49/><D58/><AGARI ba="0,1" hai="5,10,15,16,20,25,58,61,67,69,71,80,84,88" machi="58" ten="30,8000,1" yaku="1,1,7,1,54,2,53,1" doraHai="124" doraHaiUra="4" who="2" fromWho="0" sc="190,-80,211,0,176,90,413,0" /><INIT seed="5,0,0,3,1,68" ten="110,211,266,413" oya="1" hai0="61,27,9,125,11,89,115,123,110,36,76,7,74" hai1="116,105,69,39,106,23,83,93,51,78,21,59,60" hai2="49,26,113,117,129,5,102,64,31,55,96,101,67" hai3="134,48,53,75,13,70,52,124,45,95,3,35,111"/><U22/><E116/><V131/><F117/><W86/><G3/><T109/><D36/><U73/><E69/><V30/><F5/><W8/><G75/><T82/><D11/><U28/><E28/><N who="2" m="10795" /><F26/><W18/><G35/><T132/><D123/><U56/><E39/><V25/><F25/><W87/><G111/><T103/><D132/><U91/><E51/><V130/><F113/><W104/><G104/><T29/><D125/><U118/><E118/><V54/><F96/><W14/><G124/><T108/><D115/><U42/><E42/><V62/><F62/><W133/><G70/><T90/><D103/><N who="2" m="39434" /><F49/><W47/><G95/><T50/><D50/><U4/><E4/><V63/><F63/><W38/><G48/><T98/><D61/><U128/><E128/><V37/><F37/><W33/><G38/><T6/><D6/><U80/><E80/><V12/><F12/><W46/><G33/><T122/><D122/><U0/><E0/><V92/><F92/><W114/><G114/><T32/><REACH who="0" step="1"/><D98/><REACH who="0" step="2"/><U65/><REACH who="1" step="1"/><E59/><REACH who="1" step="2"/><V120/><F120/><W107/><G134/><T40/><D40/><U43/><E43/><V88/><F88/><W57/><G133/><T58/><D58/><U84/><AGARI ba="0,2" hai="21,22,23,56,60,65,73,78,83,84,91,93,105,106" machi="84" ten="30,3000,0" yaku="1,1,0,1,53,0" doraHai="68" doraHaiUra="97" who="1" fromWho="1" sc="100,-10,201,50,266,-10,413,-10" /><INIT seed="5,1,0,4,1,49" ten="90,251,256,403" oya="1" hai0="84,135,94,91,11,110,12,50,89,70,4,25,93" hai1="65,29,124,127,128,28,112,131,74,88,57,119,43" hai2="59,125,56,51,122,5,71,14,10,1,55,123,61" hai3="113,30,120,63,105,44,35,24,54,104,48,83,22"/><U32/><E74/><V21/><F125/><N who="1" m="48201" /><E119/><V79/><F79/><W109/><G109/><T27/><D110/><U86/><E43/><V129/><F71/><W95/><G120/><T107/><D70/><U6/><E6/><V23/><F129/><N who="1" m="49737" /><E32/><V92/><F92/><W41/><G113/><T132/><D107/><U115/><E57/><V80/><F80/><W90/><G83/><T116/><D116/><U76/><E76/><V103/><F103/><W13/><G35/><T39/><D39/><U18/><E18/><V26/><F1/><W3/><G3/><T134/><REACH who="0" step="1"/><D50/><REACH who="0" step="2"/><U98/><E65/><V78/><F78/><W58/><G104/><T72/><D72/><U106/><E106/><V16/><REACH who="2" step="1"/><F23/><REACH who="2" step="2"/><W33/><G105/><T118/><D118/><U42/><E112/><V111/><F111/><W52/><G95/><T102/><D102/><U130/><E130/><V77/><F77/><W108/><G108/><T31/><D31/><N who="1" m="11851" /><E115/><V8/><F8/><W0/><G0/><T40/><D40/><U97/><E42/><V36/><F36/><W69/><G69/><T101/><D101/><U82/><AGARI ba="1,2" hai="82,86,88,97,98" m="11851,49737,48201" machi="82" ten="40,7800,0" yaku="18,1,19,1,54,1" doraHai="49" who="1" fromWho="1" sc="80,-27,251,101,246,-27,403,-27" /><INIT seed="5,2,0,0,1,6" ten="53,352,219,376" oya="1" hai0="62,14,54,36,37,61,67,95,60,98,45,29,75" hai1="47,55,41,46,38,0,104,26,31,59,80,126,18" hai2="76,78,21,69,131,35,135,68,122,2,42,32,87" hai3="107,102,13,19,128,121,83,127,50,79,66,118,27"/><U1/><E104/><V119/><F119/><W20/><G121/><T11/><D75/><U64/><E64/><V58/><F122/><W77/><G118/><T10/><D36/><U114/><E114/><V88/><F2/><W116/><G116/><T28/><D37/><U43/><E18/><V40/><F21/><W101/><G127/><T52/><D67/><U82/><E126/><V86/><F58/><W129/><G66/><T16/><D10/><U111/><E111/><V92/><F92/><W113/><G113/><T30/><REACH who="0" step="1"/><D45/><REACH who="0" step="2"/><U49/><E46/><V48/><F135/><W74/><G74/><T84/><D84/><U85/><E38/><V5/><F86/><W53/><G128/><T117/><D117/><U56/><E47/><V96/><F87/><W112/><G112/><T4/><D4/><U134/><E85/><V97/><F5/><W70/><G129/><T130/><D130/><U133/><E56/><V100/><F131/><W9/><G70/><T71/><D71/><U132/><E82/><V81/><F81/><W25/><G83/><T124/><D124/><U57/><E57/><V91/><F69/><W103/><G107/><T33/><D33/><N who="1" m="20727" /><E80/><V90/><F68/><W22/><G22/><T120/><D120/><U105/><E105/><V106/><F106/><W44/><G25/><T72/><D72/><U125/><E125/><V109/><F32/><W23/><G23/><T51/><D51/><U15/><E15/><V94/><F48/><W93/><G93/><T110/><D110/><U39/><E39/><V99/><F35/><W17/><AGARI ba="2,1" hai="9,13,17,19,20,27,44,50,53,77,79,101,102,103" machi="17" ten="30,7900,0" yaku="5,1,0,1,8,1,52,1" doraHai="6" who="3" fromWho="3" sc="43,-22,352,-41,219,-22,376,95" /><INIT seed="6,0,0,4,3,48" ten="21,311,197,471" oya="2" hai0="134,59,135,21,44,70,92,106,99,55,76,128,15" hai1="16,47,66,78,84,124,87,60,31,28,25,79,65" hai2="111,10,29,7,120,6,74,100,58,30,72,86,68" hai3="127,37,77,42,27,45,98,36,61,1,107,85,43"/><V20/><F68/><W34/><G85/><T80/><D70/><U40/><E124/><V122/><F100/><N who="3" m="62871" /><G77/><T14/><D106/><U117/><E117/><V5/><F86/><W94/><G94/><T53/><D128/><U63/><E25/><V96/><F96/><W52/><G61/><T102/><D44/><U0/><E0/><V13/><F58/><W129/><G52/><N who="0" m="20043" /><D59/><U54/><E54/><V132/><F72/><W57/><G57/><T75/><D21/><U130/><E130/><V35/><F74/><W131/><G127/><T12/><D12/><U82/><E47/><V69/><F69/><W110/><G110/><T73/><D73/><U114/><E114/><V88/><F35/><W81/><G1/><T71/><D71/><U41/><REACH who="1" step="1"/><E82/><REACH who="1" step="2"/><V97/><F111/><W64/><G81/><T119/><D119/><U123/><E123/><V89/><F120/><W38/><G64/><T32/><D32/><U67/><E67/><V4/><F122/><W18/><G43/><T103/><D103/><U9/><E9/><V125/><F125/><W24/><G131/><T118/><D118/><U8/><E8/><V39/><F10/><W26/><G129/><T95/><D95/><U108/><E108/><V83/><F83/><W101/><G34/><T3/><D3/><U115/><E115/><V133/><F20/><W109/><G109/><T46/><D46/><U33/><E33/><V19/><F39/><W90/><G38/><T112/><D112/><U62/><E62/><V126/><F126/><W104/><G37/><T121/><D121/><U17/><AGARI ba="0,1" hai="16,17,28,31,40,41,60,63,65,66,78,79,84,87" machi="17" ten="25,12000,2" yaku="1,1,5,1,0,1,22,2,8,1,54,1,53,0" doraHai="48" doraHaiUra="49" who="1" fromWho="1" sc="21,-30,301,130,197,-60,471,-30" owari="-9,-51,431,23,137,-26,441,54" /></mjloggm>