<mjloggm ver="2.3"><GO type="97"/><UN n0="%E3%81%91%E3%81%86%E3%81%91%E3%81%92%E3%82%93" n1="%67%75%61%72%6E%65%72%69" n2="%E9%9D%92%E5%B1%B1%E5%AD%A6%E9%99%A2%EF%BC%94%E5%B9%B4" n3="%E3%82%A6%E3%83%AB%E3%83%88%E3%83%A9%E7%AB%8B%E7%9B%B4" dan="13,15,14,13" rate="1832,2008,1956,1868" sx="F,F,F,M"/><TAIKYOKU oya="0"/><INIT seed="0,0,0,3,1,124" ten="250,250,250,250" oya="0" hai0="97,98,107,50,130,90,70,73,19,71,134,80,96" hai1="39,18,133,83,118,31,46,102,17,114,11,74,33" hai2="120,99,110,1,12,129,69,0,36,14,53,4,79" hai3="81,7,78,125,16,25,82,43,103,116,42,127,47" shuffle="mt19937ar,D3A33075,FA0B2750,671E088A,E19E4A17,926FE6F8,C325F5E3,9B38FABC,DDD71401"/><T60/><D134/><U37/><E118/><V51/><F120/><W20/><G116/><T61/><D107/><U68/><E133/><V15/><F36/><W8/><G103/><T76/><D130/><U10/><E102/><V24/><F69/><W38/><G43/><T26/><D90/><U109/><E46/><V131/><F79/><W48/><G81/><T29/><D19/><U57/><E57/><V65/><F65/><W104/><G104/><T115/><D115/><U40/><E40/><V77/><F77/><W106/><G106/><T95/><D95/><U30/><E83/><V87/><F110/><W59/><G59/><T22/><REACH who="0" step="1"/><D50/><REACH who="0" step="2"/><U91/><E91/><V44/><F4/><W94/><G94/><T32/><D32/><U105/><E105/><V108/><F108/><W88/><G88/><T101/><D101/><U84/><E109/><V135/><F135/><W21/><G21/><T85/><D85/><U86/><E33/><V27/><F87/><W128/><G128/><N who="2" m="49225" /><F99/><W92/><G92/><T49/><D49/><U52/><E114/><V54/><F54/><W35/><G35/><T126/><D126/><U112/><E52/><V9/><F9/><W123/><G123/><T45/><D45/><U121/><E112/><V89/><F89/><W64/><G64/><T56/><D56/><U132/><E132/><V72/><F72/><W41/><G41/><T23/><D23/><U6/><E121/><V93/><F93/><W34/><G34/><T119/><D119/><U66/><E74/><V2/><AGARI ba="0,1" hai="0,1,2,12,14,15,24,27,44,51,53" m="49225" machi="2" ten="40,8000,1" yaku="19,1,52,3" doraHai="124" who="2" fromWho="2" sc="240,-40,250,-20,250,90,250,-20" /><INIT seed="1,0,0,2,1,79" ten="200,230,340,230" oya="1" hai0="108,128,135,74,65,32,66,0,99,21,8,5,17" hai1="115,116,130,11,35,44,129,98,45,77,103,111,54" hai2="134,104,13,58,67,53,100,23,73,42,81,34,15" hai3="112,51,127,61,114,64,18,37,12,7,87,96,56" shuffle="mt19937ar,F19EA9A7,AC027B03,D233BD76,1E9DECB5,3AC3EF56,319F5AE3,C7CAA777,EFF21195"/><U19/><E35/><V33/><F42/><W109/><G7/><T94/><D32/><U14/><E115/><V62/><F134/><W84/><G37/><T106/><D135/><U41/><E116/><V92/><F104/><W132/><G132/><T131/><D106/><U59/><E77/><V91/><F100/><W39/><G39/><T25/><D74/><U55/><E111/><V121/><F121/><W125/><G96/><T93/><D108/><U47/><E41/><V31/><F34/><W97/><G97/><T78/><D78/><U102/><E102/><V24/><F33/><W107/><G107/><T71/><D71/><U2/><E2/><V10/><F73/><W126/><G51/><T1/><D1/><U75/><E75/><V83/><F67/><W68/><G68/><T110/><D93/><U38/><E38/><V22/><F22/><W52/><G64/><T133/><D133/><U27/><E27/><V123/><F123/><W120/><G109/><T70/><D110/><U69/><E69/><V4/><REACH who="2" step="1"/><F13/><REACH who="2" step="2"/><W82/><G120/><T9/><D9/><U57/><E129/><N who="0" m="49737" /><D70/><U124/><E130/><V101/><F101/><AGARI ba="0,1" hai="0,5,8,17,21,25,65,66,94,99,101" m="49737" machi="101" ten="30,1000,0" yaku="19,1" doraHai="79" who="0" fromWho="2" sc="200,20,230,0,330,-10,230,0" /><INIT seed="2,0,0,0,0,52" ten="220,230,320,230" oya="2" hai0="45,39,120,98,59,44,74,85,94,36,91,82,134" hai1="119,77,60,49,123,75,1,43,130,126,20,124,99" hai2="116,25,53,62,32,101,135,51,40,115,42,73,38" hai3="37,90,76,109,64,24,111,129,47,80,6,31,8" shuffle="mt19937ar,07C823C3,E88E0A45,E81BFBDF,78DF82D1,B33ADA67,EE029BD9,FF42B81F,BD2C550F"/><V58/><F115/><W70/><G90/><T61/><D74/><U127/><E1/><V21/><F116/><W7/><G64/><T22/><D120/><U69/><E119/><V83/><F32/><W67/><G67/><T84/><D84/><U0/><E0/><V29/><F135/><W93/><G93/><T96/><D96/><U9/><E9/><V17/><F101/><W81/><G70/><T50/><D134/><U46/><E20/><V108/><F108/><W102/><G102/><T65/><D44/><U41/><E130/><V125/><F125/><W63/><G63/><T26/><D50/><U66/><E99/><V113/><F113/><W92/><G92/><T16/><REACH who="0" step="1"/><D45/><REACH who="0" step="2"/><U68/><E123/><V35/><F38/><W72/><G47/><T128/><D128/><U110/><E110/><N who="3" m="41994" /><G37/><T86/><D86/><U54/><E75/><V112/><F112/><W13/><G81/><T12/><D12/><U33/><E77/><AGARI ba="0,1" hai="16,22,26,36,39,59,61,65,77,82,85,91,94,98" machi="77" ten="30,7700,0" yaku="1,1,7,1,52,1,54,1,53,0" doraHai="52" doraHaiUra="5" who="0" fromWho="1" sc="210,87,230,-77,320,0,230,0" /><INIT seed="3,0,0,5,2,31" ten="297,153,320,230" oya="3" hai0="6,91,59,2,83,56,0,18,116,12,3,15,47" hai1="62,44,82,78,89,49,93,43,117,41,66,102,35" hai2="124,17,50,38,114,81,103,5,76,54,120,69,21" hai3="11,88,119,71,79,105,84,104,95,121,112,99,36" shuffle="mt19937ar,D97C1864,037E2420,0E4D2B57,2FAB8A8B,5CE7A1D5,6B42FB9E,51DE2CE3,541DF449"/><W90/><G71/><T129/><D116/><U130/><E117/><V134/><F114/><W73/><G36/><T70/><D70/><U10/><E130/><V92/><F120/><W52/><G119/><T135/><D129/><U30/><E102/><V80/><F69/><W72/><G52/><T85/><D135/><U131/><E131/><V133/><F38/><W29/><G11/><T101/><D101/><U19/><E10/><V24/><F124/><W113/><G29/><T132/><D132/><N who="2" m="50794" /><F5/><W110/><G121/><T32/><D32/><U109/><E109/><V98/><F76/><W57/><G57/><AGARI ba="0,0" hai="17,21,24,50,54,57,80,81,92,98,103" m="50794" machi="57" ten="30,1000,0" yaku="20,1" doraHai="31" who="2" fromWho="3" sc="297,0,153,0,320,10,230,-10" owari="297,5,153,-25,330,33,220,-13" /></mjloggm>