<mjloggm ver="2.3"><GO type="9"/><UN n0="%E3%81%9A%E3%82%93" n1="%E3%82%A6%E3%83%AB%E3%83%88%E3%83%A9%E7%AB%8B%E7%9B%B4" n2="%6B%69%2D%79%6F%75" n3="%69%6E%76%69%6E" dan="0,4,11,0" rate="1500,1658,1619,1500" sx="M,M,M,M"/><TAIKYOKU oya="0"/><INIT seed="0,0,0,4,3,45" ten="250,250,250,250" oya="0" hai0="88,20,99,26,1,59,34,63,4,135,95,71,11" hai1="30,2,56,43,128,98,118,80,124,134,40,36,129" hai2="47,35,113,64,32,121,8,105,24,131,81,132,14" hai3="51,61,104,96,70,109,15,93,106,62,94,67,69" shuffle="mt19937ar,FD9D33B4,1671F156,6B4FC242,8B5371AB,E1EF28F6,43293497,813A88C3,96BC0261"/><T116/><D116/><U25/><E2/><V117/><F105/><W54/><G109/><T84/><D135/><U87/><E118/><V41/><F113/><W126/><G126/><T49/><D71/><U103/><E56/><V65/><F117/><W5/><G5/><T83/><D20/><U53/><E53/><V29/><F121/><W13/><G54/><T100/><D63/><U46/><E43/><V97/><F132/><W17/><G17/><T10/><D10/><U78/><E124/><V33/><F131/><W110/><G110/><T122/><D122/><U123/><E123/><V48/><F35/><W28/><G28/><T0/><D0/><U91/><E91/><V22/><F22/><W37/><G37/><T75/><D75/><U92/><REACH who="1" step="1"/><E134/><REACH who="1" step="2"/><V120/><F120/><W42/><G42/><T27/><REACH who="0" step="1"/><D34/><AGARI ba="0,1" hai="25,30,34,36,40,46,78,80,87,92,98,103,128,129" machi="34" ten="40,5200,0" yaku="1,1,2,1,53,1" doraHai="45" doraHaiUra="72" who="1" fromWho="0" sc="250,-52,240,62,250,0,250,0" /><INIT seed="1,0,0,2,5,39" ten="198,302,250,250" oya="1" hai0="4,35,69,121,102,2,59,89,33,120,72,25,5" hai1="51,18,82,100,128,92,19,8,52,127,63,31,34" hai2="71,126,133,73,77,57,67,32,13,134,112,22,123" hai3="58,55,9,43,101,85,125,64,10,78,111,54,93" shuffle="mt19937ar,5139BF87,877C6E73,307C04E0,F909C495,2FAEB04B,4F80FD54,09B19D6A,D6EB9697"/><U104/><E104/><V113/><F71/><W65/><G111/><T70/><D72/><U98/><E127/><V48/><F32/><N who="0" m="12362" /><D59/><U117/><E117/><V40/><F22/><W62/><G125/><T132/><D25/><U36/><E36/><V12/><F126/><W122/><G122/><N who="0" m="47211" /><D89/><U115/><E31/><V107/><F123/><W24/><G43/><T80/><D80/><U45/><E34/><V119/><F107/><W74/><G24/><T46/><D46/><U116/><E116/><V110/><F119/><W105/><G105/><T66/><D102/><U30/><E30/><V130/><F73/><W0/><G0/><T91/><D91/><U47/><E115/><N who="2" m="44107" /><F77/><W90/><G101/><T83/><D83/><U26/><E26/><V86/><F86/><W1/><G1/><T50/><D50/><U79/><E8/><V60/><F13/><W23/><G23/><T61/><D5/><U15/><E15/><V49/><F12/><W27/><G27/><T106/><D132/><N who="2" m="50794" /><F110/><W44/><G44/><T84/><D84/><U42/><E128/><V99/><F99/><W21/><G21/><T17/><D17/><U118/><E118/><V131/><F40/><W38/><G38/><T103/><D4/><U11/><E11/><N who="3" m="4106" /><G74/><T7/><D7/><U68/><E68/><N who="0" m="26217" /><D2/><U87/><E45/><V76/><F76/><W53/><G78/><T124/><D124/><U95/><E92/><V6/><F6/><W16/><G16/><N who="1" m="6186" /><E63/><V97/><F97/><W109/><G109/><T75/><D75/><U37/><E37/><V81/><F81/><W3/><G3/><RYUUKYOKU ba="0,0" sc="198,-30,302,10,250,10,250,10" hai1="42,47,51,52,79,82,87,95,98,100" hai2="48,49,57,60,67,130,131" hai3="53,54,55,58,62,64,65,85,90,93" /><INIT seed="1,1,0,3,1,17" ten="168,312,260,260" oya="1" hai0="3,110,63,96,45,11,6,10,8,103,68,122,98" hai1="80,69,61,78,118,33,49,73,38,108,90,95,83" hai2="82,101,1,48,81,106,57,116,109,128,39,9,77" hai3="13,119,99,92,132,94,74,35,20,65,19,114,72" shuffle="mt19937ar,113C7939,087274B7,66B9F486,9B73782A,8D82B1D3,498DD761,850932E9,8E6A2C64"/><U88/><E38/><V112/><F109/><W123/><G114/><T24/><D110/><U36/><E36/><V27/><F116/><W29/><G123/><T44/><D122/><U47/><E33/><V120/><F39/><W22/><G132/><T12/><D3/><U26/><E26/><V131/><F120/><W87/><G119/><T66/><D24/><U71/><E108/><V55/><F1/><W4/><G65/><T64/><D64/><U23/><E23/><V40/><F40/><W2/><G87/><T111/><D111/><U100/><E100/><V46/><F46/><W59/><G59/><T124/><D124/><U16/><E16/><V107/><F112/><W52/><G52/><T58/><D68/><U84/><E61/><V54/><F54/><W105/><G105/><T134/><D134/><U97/><REACH who="1" step="1"/><E118/><REACH who="1" step="2"/><V86/><F27/><N who="3" m="18879" /><G99/><T85/><D85/><U91/><E91/><V5/><F101/><W30/><G94/><T76/><D76/><U18/><E18/><V125/><F125/><W14/><G92/><N who="0" m="58759" /><D98/><U56/><E56/><V41/><F82/><W0/><G30/><T37/><D37/><U129/><E129/><V133/><F133/><W15/><G74/><T31/><D31/><U113/><E113/><V126/><F126/><W28/><G72/><T51/><D45/><U70/><E70/><V43/><F131/><W130/><G130/><T104/><D104/><N who="2" m="39978" /><F128/><W117/><G117/><T121/><D121/><U25/><E25/><V115/><F115/><W135/><G135/><T7/><D7/><U62/><E62/><V127/><F127/><RYUUKYOKU ba="1,1" sc="168,10,302,10,260,10,260,-30" hai0="6,8,10,11,12,44,51,58,63,66" hai1="47,49,69,71,73,78,80,83,84,88,90,95,97" hai2="5,9,41,43,48,55,57,77,81,86" /><INIT seed="1,2,1,2,3,88" ten="178,312,270,230" oya="1" hai0="11,43,82,70,90,96,77,22,104,6,87,107,49" hai1="2,80,18,32,123,105,56,71,135,1,124,78,76" hai2="67,26,65,36,30,125,81,111,115,127,134,102,31" hai3="66,61,10,109,35,28,97,118,41,62,122,60,95" shuffle="mt19937ar,44B52ADA,D1F16F8A,88984724,264D9B5D,3296B044,23DD73DF,E7424A8A,CCB7665C"/><U37/><E71/><V51/><F102/><W131/><G122/><T85/><D70/><U114/><E56/><V16/><F81/><W23/><G131/><T100/><D22/><U45/><E18/><V25/><F51/><W29/><G109/><T126/><D43/><U0/><E78/><V64/><F36/><W83/><G118/><T98/><D49/><U120/><E105/><N who="0" m="40521" /><D6/><U84/><E114/><V132/><F16/><W4/><G35/><T27/><D27/><U74/><E84/><V75/><F75/><W129/><G129/><T54/><D54/><U116/><E116/><V121/><F111/><W58/><G41/><T8/><D8/><U50/><E32/><V69/><F69/><W17/><G83/><N who="0" m="49471" /><D11/><U99/><E99/><N who="0" m="37929" /><D126/><N who="2" m="48138" /><F121/><N who="1" m="46665" /><E124/><V108/><F108/><W44/><G44/><T53/><D53/><U7/><E50/><V103/><F103/><AGARI ba="2,1" hai="77,82,87,100,103" m="37929,49471,40521" machi="103" ten="30,8000,1" yaku="35,5" doraHai="88" who="0" fromWho="2" sc="178,96,312,0,270,-86,230,0" /><INIT seed="2,0,0,5,0,44" ten="274,312,184,230" oya="2" hai0="55,2,123,73,45,37,46,118,131,19,31,134,120" hai1="7,33,105,83,5,125,21,26,104,68,113,43,114" hai2="61,85,18,62,129,72,99,128,132,13,121,126,78" hai3="47,20,122,12,58,48,75,50,77,25,80,1,51" shuffle="mt19937ar,BAD1095D,4BBFFFFE,D3FA486D,BB0B7EAE,C7893A27,869F1283,C1281095,44F03B37"/><V57/><F72/><W110/><G122/><T53/><D2/><U66/><E43/><V39/><F39/><W98/><G1/><T76/><D19/><U87/><E33/><V93/><F121/><N who="0" m="46666" /><D31/><U88/><E125/><V82/><F126/><W8/><G110/><T84/><D84/><U54/><E104/><V91/><F132/><W112/><G112/><T36/><D73/><U70/><E105/><V81/><F81/><W38/><G98/><T96/><D96/><U90/><E54/><N who="0" m="20489" /><D76/><U117/><E117/><V86/><F86/><W16/><G58/><T124/><D124/><U60/><E70/><V92/><F92/><W109/><G109/><T135/><D131/><U115/><REACH who="1" step="1"/><E90/><REACH who="1" step="2"/><V11/><REACH who="2" step="1"/><F57/><REACH who="2" step="2"/><W74/><G74/><T103/><D118/><U35/><E35/><V116/><F116/><W0/><G0/><T23/><D23/><U15/><E15/><V111/><F111/><W59/><G59/><T95/><D95/><U24/><E24/><V130/><AGARI ba="0,2" hai="11,13,18,61,62,78,82,85,91,93,99,128,129,130" machi="130" ten="30,6000,0" yaku="1,1,0,1,19,1,53,0" doraHai="44" doraHaiUra="107" who="2" fromWho="2" sc="274,-20,302,-20,174,80,230,-20" /><INIT seed="2,1,0,3,0,73" ten="254,282,254,210" oya="2" hai0="55,41,9,26,3,60,129,75,77,81,23,64,11" hai1="112,94,34,62,7,79,132,20,107,82,95,80,106" hai2="96,70,46,0,1,90,103,28,24,134,19,48,21" hai3="93,74,99,128,123,135,130,102,38,17,101,39,5" shuffle="mt19937ar,73C95517,CC925E73,99F6876E,AF934479,68B58FC1,5FC5C5DE,84B0DE81,DECC8A83"/><V131/><F70/><W127/><G123/><T56/><D129/><N who="3" m="49769" /><G5/><T68/><D41/><U8/><E20/><V100/><F131/><W119/><G119/><T97/><D97/><U53/><E34/><V31/><F134/><W32/><G135/><T72/><D72/><U86/><E132/><V121/><F121/><W118/><G118/><T54/><D3/><U88/><E112/><V45/><F45/><W84/><G127/><T125/><D125/><U105/><E53/><V51/><F51/><W15/><G32/><T122/><D122/><U4/><E62/><V14/><F31/><W13/><G74/><T114/><D114/><U27/><E27/><V44/><F44/><W47/><G47/><T2/><D2/><U50/><E50/><V126/><F126/><W18/><G84/><T59/><D68/><U63/><E63/><V22/><F90/><W37/><G101/><T113/><D113/><U110/><E8/><V52/><F103/><W25/><G25/><T57/><D55/><U33/><E7/><V66/><F66/><W116/><G116/><T10/><REACH who="0" step="1"/><D64/><REACH who="0" step="2"/><U65/><E65/><V111/><F111/><W43/><G43/><T109/><D109/><U58/><E110/><V61/><F61/><W16/><AGARI ba="1,1" hai="13,15,16,17,18,37,38,39,93,99,102" m="49769" machi="16" ten="40,2700,0" yaku="19,1,54,1" doraHai="73" who="3" fromWho="3" sc="244,-8,282,-8,254,-14,210,40" /><INIT seed="3,0,0,2,1,42" ten="236,274,240,250" oya="3" hai0="97,66,100,51,126,53,59,77,110,88,64,101,84" hai1="69,106,27,67,85,129,48,96,81,45,119,102,14" hai2="107,112,26,10,60,28,34,73,44,95,117,79,16" hai3="40,134,63,103,133,5,90,123,118,38,17,55,56" shuffle="mt19937ar,B084F5CF,67365F50,6026594F,34E63AFC,212E2D4C,A1282E4B,52E52A08,92EFEA77"/><W39/><G123/><T109/><D126/><U12/><E119/><V93/><F117/><W104/><G118/><T21/><D77/><U54/><E129/><V9/><F112/><W4/><G90/><T108/><D21/><U23/><E67/><V87/><F107/><W124/><G124/><T49/><D49/><U61/><E61/><V68/><F68/><W99/><G17/><T11/><D11/><U86/><E69/><V32/><F32/><W1/><G1/><T46/><D59/><U71/><E71/><V3/><F60/><W135/><REACH who="3" step="1"/><G39/><REACH who="3" step="2"/><T33/><D33/><U25/><E25/><V91/><F3/><W120/><G120/><T130/><D130/><U94/><E106/><V92/><F73/><W122/><G122/><T43/><D43/><U131/><E131/><V113/><F113/><W31/><G31/><T15/><D15/><N who="1" m="5675" /><E81/><V132/><F132/><W50/><G50/><T78/><D78/><U121/><E121/><V127/><F79/><W19/><G19/><AGARI ba="0,1" hai="19,23,27,45,48,54,85,86,94,96,102" m="5675" machi="19" ten="30,2000,0" yaku="8,1,52,1" doraHai="42" who="1" fromWho="3" sc="236,0,274,30,240,0,240,-20" /><INIT seed="4,0,0,0,0,126" ten="236,304,240,220" oya="0" hai0="32,35,40,108,124,38,49,47,9,62,57,114,39" hai1="10,127,76,3,128,106,92,48,125,131,58,27,41" hai2="130,78,14,52,12,116,43,22,129,55,93,83,82" hai3="20,94,31,17,81,73,85,36,24,79,64,51,13" shuffle="mt19937ar,E1031B36,DFBBA43D,354B2C5D,3DDD3BF5,9CFB3464,DB94C266,4F826E35,4157E969"/><T98/><D108/><U11/><E106/><V72/><F43/><W100/><G36/><N who="0" m="13867" /><D9/><U101/><E76/><V45/><F83/><W68/><G51/><T34/><D114/><U95/><E27/><V65/><F65/><W96/><G73/><T89/><D124/><N who="1" m="47691" /><E11/><V118/><F93/><N who="1" m="35913" /><E101/><V1/><F1/><W133/><G133/><T21/><D98/><U70/><E70/><V25/><F45/><W18/><REACH who="3" step="1"/><G13/><REACH who="3" step="2"/><N who="2" m="5225" /><F116/><W77/><G77/><T16/><D89/><U102/><E3/><V109/><F109/><W104/><G104/><T53/><D16/><U107/><E10/><V19/><F118/><W56/><G56/><N who="0" m="32815" /><D21/><U97/><E58/><V6/><F6/><W54/><G54/><N who="0" m="34103" /><D32/><U67/><E67/><V115/><F115/><W46/><G46/><AGARI ba="0,1" hai="41,46,48,97,102,107,128,131" m="35913,47691" machi="46" ten="30,3900,0" yaku="18,1,52,2" doraHai="126" who="1" fromWho="3" sc="236,0,304,49,240,0,210,-39" /><INIT seed="5,0,0,4,4,69" ten="236,353,240,171" oya="1" hai0="35,17,63,31,54,60,125,94,110,93,43,130,52" hai1="116,50,132,58,99,57,86,27,28,79,90,96,95" hai2="80,44,77,7,20,87,119,133,39,105,24,21,78" hai3="19,25,76,3,53,40,103,37,9,33,56,61,74" shuffle="mt19937ar,D41EF2DF,D36DBFF9,44D0DFDC,81460D56,1F12D64B,950AD55E,3E2ED4D4,BEFEA5D6"/><U98/><E132/><V121/><F119/><W104/><G19/><T8/><D110/><U66/><E116/><V101/><F121/><W135/><G135/><T41/><D125/><U128/><E128/><V10/><F105/><W97/><G33/><T22/><D130/><U67/><E79/><V134/><F101/><W109/><G109/><T83/><D83/><U14/><E14/><V13/><F133/><W16/><G16/><T122/><D122/><U23/><REACH who="1" step="1"/><E50/><REACH who="1" step="2"/><V107/><F134/><W5/><G25/><T106/><D106/><U73/><E73/><V15/><F39/><W131/><G131/><T32/><D8/><U64/><AGARI ba="0,1" hai="23,27,28,57,58,64,66,67,86,90,95,96,98,99" machi="64" ten="30,6000,0" yaku="1,1,0,1,8,1,53,0" doraHai="69" doraHaiUra="126" who="1" fromWho="1" sc="236,-20,343,70,240,-20,171,-20" /><INIT seed="5,1,0,2,2,14" ten="216,413,220,151" oya="1" hai0="67,26,9,88,105,22,60,19,66,78,5,115,116" hai1="126,11,117,17,50,91,135,47,90,80,34,27,111" hai2="56,74,24,120,70,7,107,103,15,39,0,112,28" hai3="30,92,51,86,35,68,49,61,113,4,87,130,48" shuffle="mt19937ar,76D651C4,A246F8F8,4E583908,2271D698,C53A73AE,F10641B6,BB17C84F,826D44D6"/><U55/><E117/><V53/><F120/><W52/><G130/><T10/><D115/><U110/><E126/><V106/><F74/><W101/><G113/><T122/><D116/><U131/><E131/><V119/><F39/><W83/><G4/><T31/><D122/><U109/><E135/><V64/><F119/><W58/><G35/><T97/><D78/><U37/><E37/><V18/><F112/><W82/><G30/><T8/><D105/><U71/><E71/><V134/><F134/><W59/><G101/><T133/><D133/><U44/><E44/><V3/><F7/><W20/><G20/><T85/><D97/><U32/><E91/><V81/><F81/><W29/><G29/><T93/><D5/><U118/><E118/><V102/><F70/><W33/><G33/><T98/><D98/><U127/><E127/><V69/><F69/><W45/><G92/><T13/><REACH who="0" step="1"/><D60/><REACH who="0" step="2"/><U73/><E73/><V25/><F107/><W99/><G99/><T84/><D84/><N who="1" m="50439" /><E27/><V94/><F106/><W6/><G6/><T125/><D125/><U62/><E62/><V104/><F25/><W75/><G75/><T21/><AGARI ba="1,1" hai="8,9,10,13,19,21,22,26,31,66,67,85,88,93" machi="21" ten="30,12000,2" yaku="1,1,0,1,8,1,52,1,54,1,53,1" doraHai="14" doraHaiUra="12" who="0" fromWho="0" sc="206,133,413,-61,220,-31,151,-31" /><INIT seed="6,0,0,2,5,44" ten="339,352,189,120" oya="2" hai0="22,102,31,97,0,42,45,8,95,1,132,67,41" hai1="25,73,15,99,125,14,4,75,111,55,123,21,113" hai2="64,9,104,35,106,110,48,57,28,65,109,127,29" hai3="49,60,32,81,87,108,17,33,85,96,94,79,27" shuffle="mt19937ar,303D4870,56F81785,6566C472,D4C760E7,BC2F9B71,8663DDAA,AE365BA5,76AFC9C1"/><V23/><F127/><W80/><G108/><T69/><D132/><U20/><E75/><V76/><F76/><W3/><G3/><T122/><D122/><U72/><E73/><V130/><F35/><W128/><G128/><T84/><D84/><U30/><E72/><V101/><F9/><W59/><G60/><T16/><D31/><N who="2" m="11850" /><F23/><W83/><G17/><T134/><D134/><U54/><E111/><N who="2" m="42507" /><F101/><W39/><G39/><T98/><D98/><U78/><E78/><V82/><F82/><W126/><G126/><T40/><D45/><U50/><E125/><V77/><F77/><W129/><G129/><T38/><D38/><U121/><E20/><V116/><F130/><W71/><G71/><T19/><D8/><U103/><E4/><V115/><F115/><W119/><G119/><T13/><REACH who="0" step="1"/><D19/><REACH who="0" step="2"/><U89/><E121/><V70/><F116/><W47/><G59/><T112/><D112/><U34/><E123/><V26/><F70/><W51/><G47/><T61/><AGARI ba="0,1" hai="0,1,13,16,22,40,41,42,61,67,69,95,97,102" machi="61" ten="30,4000,0" yaku="1,1,0,1,54,1,53,0" doraHai="44" doraHaiUra="53" who="0" fromWho="0" sc="329,50,352,-10,189,-20,120,-10" /><INIT seed="7,0,0,1,2,28" ten="379,342,169,110" oya="3" hai0="105,39,26,37,15,12,87,57,123,95,41,55,31" hai1="5,115,6,128,2,135,86,108,79,42,45,66,106" hai2="124,9,40,11,114,99,30,64,83,34,112,120,60" hai3="96,121,19,92,32,67,17,107,129,44,90,104,132" shuffle="mt19937ar,5309A37B,893BA697,B3ED2C00,1A3CE99B,8F4687F4,9FB4C2B4,AF4ACA14,B9C65504"/><W82/><G121/><T48/><D123/><U72/><E86/><V94/><F120/><W133/><G32/><T85/><D105/><U101/><E6/><V81/><F124/><W78/><G129/><T98/><D12/><U118/><E66/><V25/><F40/><W116/><G116/><T8/><D37/><N who="1" m="21711" /><E108/><V59/><F83/><W3/><G3/><T58/><D58/><U103/><E103/><V71/><F81/><W111/><G67/><T51/><D39/><U47/><E47/><V46/><F46/><W134/><G44/><T80/><D41/><U109/><E109/><V89/><F59/><W10/><G111/><T100/><D48/><U18/><E18/><V97/><REACH who="2" step="1"/><F97/><REACH who="2" step="2"/><W63/><G63/><T52/><D55/><U68/><E118/><V119/><F119/><W126/><G126/><T23/><REACH who="0" step="1"/><D80/><REACH who="0" step="2"/><N who="1" m="45159" /><E68/><V131/><F131/><W38/><G38/><T88/><D88/><U7/><E128/><V49/><F49/><W76/><G10/><AGARI ba="0,2" hai="9,10,11,25,30,34,60,64,71,89,94,99,112,114" machi="10" ten="40,5200,0" yaku="1,1,52,1,53,1" doraHai="28" doraHaiUra="62" who="2" fromWho="3" sc="369,0,342,0,159,72,110,-52" owari="369,47,342,14,231,-17,58,-44" /></mjloggm>