<mjloggm ver="2.3"><GO type="137"/><UN n0="%E3%81%8B%E3%82%93%E3%81%AB%E3%82%83%E3%81%95%E3%82%93" n1="%6F%63%74%61%67%6F%6E" n2="%46%4D%56" n3="%E3%82%A6%E3%83%AB%E3%83%88%E3%83%A9%E7%AB%8B%E7%9B%B4" dan="13,11,11,11" rate="1752,1873,1475,1790" sx="M,M,M,M"/><TAIKYOKU oya="0"/><INIT seed="0,0,0,3,1,37" ten="250,250,250,250" oya="0" hai0="80,26,20,31,87,117,73,114,44,113,59,27,95" hai1="86,103,92,78,21,63,41,94,122,74,79,127,45" hai2="4,116,84,133,77,70,36,16,118,43,25,5,40" hai3="134,88,124,55,3,135,121,66,18,23,2,22,71" shuffle="mt19937ar,0E8B0370,BCD39141,F915CCED,996584CE,39F27F2E,0EB7DE7A,825F8343,6F691367"/><T72/><D117/><N who="2" m="45162" /><F133/><N who="3" m="50699" /><G66/><T0/><D0/><U64/><E122/><V46/><F70/><W82/><G71/><T75/><D59/><U83/><E78/><V115/><F36/><W109/><G121/><T24/><D95/><U29/><E103/><V67/><F115/><W98/><G124/><T106/><D106/><U53/><E74/><V39/><F39/><W35/><G35/><T128/><D44/><U96/><E53/><V126/><F67/><W90/><G55/><T48/><D48/><U34/><E96/><V110/><F126/><W1/><G18/><T19/><D128/><U85/><E127/><V61/><F46/><W101/><G109/><T89/><REACH who="0" step="1"/><D31/><REACH who="0" step="2"/><U99/><E94/><V57/><F110/><W100/><G82/><T107/><D107/><U62/><E83/><N who="2" m="47215" /><F61/><W120/><G120/><T7/><D7/><N who="2" m="2634" /><F57/><W105/><G101/><T58/><D58/><U32/><E45/><V33/><F33/><W14/><G14/><AGARI ba="0,1" hai="14,19,20,24,26,27,72,73,75,80,87,89,113,114" machi="14" ten="50,2400,0" yaku="1,1,53,0" doraHai="37" doraHaiUra="50" who="0" fromWho="3" sc="240,34,250,0,250,0,250,-24" /><INIT seed="0,1,0,0,2,40" ten="274,250,250,226" oya="0" hai0="33,83,18,19,17,81,94,102,84,93,9,58,74" hai1="107,20,37,65,63,44,121,92,31,105,3,4,46" hai2="16,75,112,50,36,90,70,106,43,0,119,91,132" hai3="79,71,97,123,8,110,30,6,21,89,116,1,2" shuffle="mt19937ar,C51B82E6,87619A37,DA06E15A,18596593,34347D8C,22160E50,67A10284,DAE82474"/><T99/><D33/><U26/><E121/><V115/><F119/><W23/><G71/><T96/><D74/><U15/><E3/><V76/><F132/><W56/><G79/><T52/><D9/><U114/><E114/><V82/><F70/><W80/><G80/><T124/><D84/><U45/><E37/><V28/><F106/><W103/><G89/><T134/><D134/><U95/><E4/><V38/><F28/><W131/><G56/><T127/><D127/><U109/><E15/><V27/><F27/><W98/><G98/><T11/><D11/><U60/><E109/><V41/><F0/><W101/><G101/><T118/><D118/><U69/><REACH who="1" step="1"/><E63/><REACH who="1" step="2"/><V73/><F38/><W12/><G2/><T104/><D124/><U51/><E51/><V7/><F36/><W135/><G12/><T111/><D111/><U22/><E22/><V35/><F50/><W113/><G21/><T120/><D120/><U88/><E88/><V129/><F35/><W72/><G23/><T78/><D104/><AGARI ba="1,1" hai="20,26,31,44,45,46,60,65,69,92,95,104,105,107" machi="104" ten="40,8000,1" yaku="1,1,52,3,53,0" doraHai="40" doraHaiUra="130" who="1" fromWho="0" sc="274,-83,240,93,250,0,226,0" /><INIT seed="1,0,0,2,3,76" ten="191,333,250,226" oya="1" hai0="2,21,99,37,72,100,77,20,19,27,3,61,134" hai1="47,41,63,18,51,114,7,98,116,102,107,126,82" hai2="112,11,94,26,52,123,45,32,38,44,29,62,105" hai3="69,67,90,43,40,74,49,58,10,80,39,14,56" shuffle="mt19937ar,42986F6B,27A054A7,BB5F3E01,B8C54BF7,1D60E177,2E17D045,C4F4E5DD,A6215EB6"/><U122/><E114/><V130/><F123/><W115/><G115/><T48/><D134/><U66/><E122/><V1/><F112/><W15/><G39/><T110/><D37/><U119/><E7/><V57/><F105/><W111/><G69/><T9/><D110/><U22/><E82/><V81/><F130/><W85/><G111/><T13/><D61/><U64/><E66/><V86/><F38/><W84/><G74/><T127/><D127/><U128/><E126/><V30/><F94/><W54/><G67/><T96/><D48/><U12/><REACH who="1" step="1"/><E128/><REACH who="1" step="2"/><V65/><F65/><W35/><G35/><T75/><D75/><U91/><E91/><V73/><F73/><W71/><G71/><AGARI ba="0,1" hai="12,18,22,41,47,51,63,64,71,98,102,107,116,119" machi="71" ten="30,5800,0" yaku="1,1,7,1,53,1" doraHai="76" doraHaiUra="101" who="1" fromWho="3" sc="191,0,323,68,250,0,226,-58" /><INIT seed="1,1,0,1,3,54" ten="191,391,250,168" oya="1" hai0="56,84,64,60,43,62,98,81,103,70,126,40,0" hai1="125,27,45,48,18,89,2,99,115,7,96,38,1" hai2="101,74,53,29,71,76,3,107,24,72,58,97,6" hai3="46,93,30,130,110,124,131,36,109,5,68,132,116" shuffle="mt19937ar,E24959C3,F579F4DA,E10A154A,98E007C1,F0990D71,865349E0,3FCB5E1A,03DF9065"/><U118/><E115/><V26/><F71/><W112/><G93/><T108/><D126/><U102/><E125/><V8/><F26/><W41/><G30/><T15/><D108/><N who="3" m="41577" /><G5/><T85/><D0/><U113/><E113/><V92/><F76/><W21/><G21/><T47/><D15/><U20/><E38/><V94/><F94/><W69/><G124/><T19/><D19/><U122/><E122/><V17/><F92/><W9/><G9/><T28/><D28/><U133/><E7/><V42/><F42/><W22/><G22/><T61/><D62/><U4/><E4/><V11/><F11/><W23/><G23/><T129/><D129/><N who="3" m="49161" /><G112/><T32/><D32/><U120/><E120/><V12/><F3/><W104/><G104/><T77/><D85/><U39/><E39/><V117/><F117/><W73/><G73/><T114/><D114/><U14/><E118/><V88/><F88/><W86/><G86/><T105/><D47/><U67/><E2/><V16/><F17/><W91/><G91/><T37/><D37/><U127/><E1/><V10/><F10/><W25/><G25/><T123/><D123/><U100/><E89/><V52/><F53/><AGARI ba="1,0" hai="40,43,53,56,60,61,64,70,77,81,84,98,103,105" machi="53" ten="30,2000,0" yaku="7,1,52,1" doraHai="54" who="0" fromWho="2" sc="191,23,391,0,250,-23,168,0" /><INIT seed="2,0,0,4,0,96" ten="214,391,227,168" oya="2" hai0="32,109,53,66,91,39,133,31,118,102,57,11,6" hai1="80,77,95,34,108,21,63,83,124,100,67,55,90" hai2="58,2,69,17,87,62,4,20,94,51,9,89,18" hai3="24,71,46,81,65,13,78,26,106,107,74,61,22" shuffle="mt19937ar,BAF37F7B,C4CCC222,8AB5C4AD,CD65B7CD,A2A99540,EDDE4190,B918199A,48DF53E0"/><V98/><F69/><W132/><G132/><T0/><D133/><U14/><E34/><V97/><F51/><W115/><G115/><T1/><D39/><U70/><E108/><V121/><F18/><W103/><G106/><T41/><D109/><U43/><E43/><V25/><REACH who="2" step="1"/><F121/><REACH who="2" step="2"/><W113/><G113/><T68/><D68/><U8/><E70/><V82/><F82/><W28/><G46/><T37/><D118/><U49/><E83/><V99/><F99/><W40/><G40/><T111/><D111/><U85/><E80/><V23/><F23/><W105/><G26/><T12/><D41/><U134/><E21/><V120/><F120/><W116/><G116/><T29/><D37/><U33/><E134/><V123/><F123/><W10/><REACH who="3" step="1"/><G103/><REACH who="3" step="2"/><T76/><D102/><U73/><E100/><V117/><F117/><W52/><G52/><AGARI ba="0,2" hai="2,4,9,17,20,25,52,58,62,87,89,94,97,98" machi="52" ten="30,11600,0" yaku="1,1,7,1,54,1,53,1" doraHai="96" doraHaiUra="5" who="2" fromWho="3" sc="214,0,391,0,217,136,158,-116" /><INIT seed="2,1,0,5,0,85" ten="214,391,353,42" oya="2" hai0="73,108,49,21,100,71,64,4,91,119,93,25,29" hai1="122,131,60,110,11,26,39,66,44,124,75,62,96" hai2="135,2,22,134,57,42,114,32,88,24,86,38,107" hai3="65,97,63,20,87,120,23,92,61,46,6,19,112" shuffle="mt19937ar,66682012,4DCB7982,7E4CF33F,F1BD94C8,7BA156C9,DFB17B5D,64284054,91DF92EB"/><V130/><F114/><W132/><G120/><T98/><D73/><U52/><E122/><V27/><F32/><W78/><G112/><T56/><D119/><U118/><E118/><V35/><F107/><W111/><G132/><N who="2" m="50729" /><F2/><W116/><G111/><T109/><D4/><U90/><E75/><V50/><F35/><W1/><G116/><T34/><D34/><U99/><E110/><N who="0" m="42601" /><D71/><U13/><E26/><V102/><F102/><W54/><G6/><T83/><D83/><U41/><E131/><V0/><F130/><W84/><G1/><T43/><D43/><U9/><E9/><V128/><F0/><W129/><G129/><T12/><D12/><U103/><E13/><V126/><F128/><W68/><G68/><T53/><D64/><U33/><E11/><V123/><F126/><W40/><G40/><T17/><D29/><U59/><E33/><V48/><F123/><W28/><G28/><T36/><D36/><U8/><E8/><V67/><F38/><W5/><G5/><T80/><D80/><U127/><E103/><AGARI ba="1,0" hai="17,21,25,49,53,56,91,93,98,100,103" m="42601" machi="103" ten="30,2000,0" yaku="14,1,52,1" doraHai="85" who="0" fromWho="1" sc="214,23,391,-23,353,0,42,0" /><INIT seed="3,0,0,0,2,102" ten="237,368,353,42" oya="3" hai0="14,68,46,117,53,92,4,132,107,27,80,29,49" hai1="96,135,67,3,52,114,57,32,36,45,5,16,90" hai2="125,98,122,47,82,88,83,109,85,95,103,124,20" hai3="133,129,121,31,10,55,112,76,77,110,56,105,41" shuffle="mt19937ar,B9020808,72D9CF8C,4F7917CB,1E9EAE53,FD36CAE7,92483DBC,E09E1228,E15CFD50"/><W59/><G105/><T63/><D117/><U87/><E32/><V25/><F47/><W40/><G121/><T123/><D123/><U93/><E114/><V101/><F122/><W74/><G112/><T24/><D132/><U89/><E67/><V15/><F109/><W51/><G74/><T118/><D118/><U69/><E69/><V62/><F15/><W17/><G31/><T131/><D131/><U70/><E70/><V120/><F62/><W26/><G129/><T111/><D111/><U104/><E135/><V60/><F120/><W128/><G133/><T134/><D134/><U100/><E5/><V97/><F60/><W0/><G0/><T113/><D113/><U81/><E3/><V23/><F23/><N who="3" m="13679" /><G128/><T64/><D80/><U84/><E45/><V91/><F125/><W43/><G110/><T18/><D4/><U72/><E72/><V9/><F124/><W86/><G10/><T130/><D130/><U2/><E2/><V28/><F9/><W48/><G86/><T30/><D92/><U11/><E11/><V19/><F28/><W65/><G65/><T127/><D127/><U78/><E36/><V61/><F61/><W39/><G39/><T119/><D119/><U58/><E78/><N who="3" m="30314" /><G55/><T35/><D29/><U44/><REACH who="1" step="1"/><E16/><REACH who="1" step="2"/><V8/><F19/><W37/><G37/><T50/><D24/><U34/><E34/><V108/><F8/><W6/><G6/><T54/><D46/><U115/><E115/><V21/><F108/><W116/><G116/><T33/><D35/><U79/><E79/><N who="2" m="46303" /><F25/><W71/><G71/><T7/><D68/><RYUUKYOKU ba="0,1" sc="237,-15,358,15,353,-15,42,15" hai1="44,52,57,58,81,84,87,89,90,93,96,100,104" hai3="40,41,43,48,51,56,59" /><INIT seed="3,1,1,0,1,133" ten="222,373,338,57" oya="3" hai0="72,125,60,35,124,116,121,132,31,120,15,4,54" hai1="44,126,102,130,95,49,33,110,82,99,37,83,97" hai2="92,63,87,0,64,75,76,119,67,36,45,111,98" hai3="90,52,43,38,128,39,46,23,28,11,24,89,34" shuffle="mt19937ar,F5BC622F,46AE076C,1912DCBA,57395544,FFA6A797,15A40624,7CC3B676,3B2E71DB"/><W48/><G128/><T6/><D72/><U29/><E37/><V27/><F119/><W118/><G118/><T25/><D116/><U42/><E130/><V22/><F0/><W127/><G127/><N who="0" m="48715" /><D60/><U69/><E126/><V2/><F111/><W71/><G71/><T84/><D84/><U40/><E110/><V114/><F2/><W20/><G39/><T51/><D132/><U108/><E108/><V26/><F114/><W107/><G107/><T80/><D80/><U77/><E69/><V8/><F26/><W17/><G11/><N who="0" m="4583" /><D6/><U74/><E83/><V41/><F8/><W9/><G9/><T115/><D115/><U101/><E29/><V79/><F75/><W12/><REACH who="3" step="1"/><G34/><REACH who="3" step="2"/><T106/><D106/><U113/><E33/><V68/><F36/><W135/><G135/><T59/><AGARI ba="1,2" hai="25,31,35,51,54,59,120,121" m="4583,48715" machi="59" ten="30,7900,0" yaku="18,1,52,3" doraHai="133" who="0" fromWho="0" sc="222,102,373,-21,338,-21,47,-40" /><INIT seed="4,0,0,4,1,21" ten="324,352,317,7" oya="0" hai0="15,101,65,93,115,39,126,106,121,117,86,54,94" hai1="98,89,38,44,12,97,30,84,41,77,120,18,19" hai2="11,20,26,3,114,52,102,4,129,75,48,113,131" hai3="59,107,32,73,63,34,45,2,13,87,53,1,57" shuffle="mt19937ar,0FD1DC5F,1EEDA34E,AA70031E,4782A65B,A2F20707,8A1FCCEE,9514A719,78CB8FE8"/><T42/><BYE who="3" /><D121/><U72/><E120/><V8/><F75/><W80/><G80/><T88/><D117/><U76/><E30/><V33/><F102/><W24/><G24/><T49/><D115/><N who="2" m="44042" /><F33/><W14/><G14/><T25/><D126/><U68/><E68/><V0/><F0/><W56/><G56/><T105/><D65/><U9/><E19/><N who="2" m="12575" /><F11/><W62/><G62/><T35/><D15/><U110/><E110/><V29/><F29/><W10/><G10/><T61/><D39/><U127/><E127/><V111/><F111/><W7/><G7/><T78/><D78/><U123/><E123/><V40/><F40/><W112/><G112/><T125/><D125/><U99/><REACH who="1" step="1"/><E72/><REACH who="1" step="2"/><V118/><F118/><W69/><G69/><T27/><D35/><U60/><E60/><V17/><F17/><W109/><G109/><T55/><D61/><U116/><E116/><V119/><F119/><W91/><G91/><N who="0" m="53495" /><D101/><U71/><E71/><V134/><F134/><W22/><G22/><T108/><D108/><U135/><E135/><V133/><F133/><W46/><G46/><AGARI ba="0,1" hai="3,4,8,46,48,52,129,131" m="12575,44042" machi="46" ten="30,3900,0" yaku="15,1,52,1,54,1" doraHai="21" who="2" fromWho="3" sc="324,0,342,0,317,49,7,-39" owari="324,-8,342,14,366,47,-32,-53" /></mjloggm>