<mjloggm ver="2.3"><GO type="97"/><UN n0="%4D%4A%5B%53%61%74%6F%5D" n1="%68%69%64%61%6B%61" n2="%E3%82%A6%E3%83%AB%E3%83%88%E3%83%A9%E7%AB%8B%E7%9B%B4" n3="%E3%82%A2%E3%83%9C%E3%83%83%E3%83%88" dan="13,13,13,14" rate="1864,1810,1855,1939" sx="M,M,M,M"/><TAIKYOKU oya="0"/><INIT seed="0,0,0,3,4,24" ten="250,250,250,250" oya="0" hai0="34,120,35,81,72,28,133,77,116,89,54,69,56" hai1="118,46,48,62,117,103,101,27,111,11,9,135,93" hai2="23,55,44,17,61,68,124,70,18,123,50,74,63" hai3="60,0,38,7,88,10,57,2,39,85,16,108,98" shuffle="mt19937ar,F49A0D68,1FB2302C,A4D4C641,199A5BBA,B2A1A2F1,5961371E,04B33492,0E500E22"/><T5/><D120/><U42/><E135/><V40/><F74/><W3/><G98/><T8/><D116/><U109/><E62/><N who="2" m="23563" /><F17/><W79/><G79/><T127/><D69/><N who="2" m="26730" /><F18/><W125/><G125/><T128/><D127/><U96/><E101/><V86/><F86/><W113/><G108/><N who="1" m="41546" /><E27/><V32/><F23/><W97/><G97/><T41/><D133/><U6/><E11/><V102/><F32/><W87/><G113/><T31/><D35/><U26/><E26/><V37/><F102/><W83/><G87/><N who="0" m="48559" /><D128/><U122/><E122/><V51/><F123/><W126/><G126/><T45/><D34/><U25/><E25/><V52/><F124/><W114/><G114/><T19/><D72/><U132/><E132/><V30/><F30/><N who="0" m="11306" /><D5/><U65/><E65/><V110/><F110/><W104/><G104/><T59/><D41/><U1/><AGARI ba="0,0" hai="1,6,9,42,46,48,93,96,103,117,118" m="41546" machi="1" ten="30,1100,0" yaku="14,1" doraHai="24" who="1" fromWho="1" sc="250,-5,250,11,250,-3,250,-3" /><INIT seed="1,0,0,1,0,95" ten="245,261,247,247" oya="1" hai0="105,26,133,13,69,118,38,3,115,79,103,87,5" hai1="116,1,65,112,122,66,97,25,51,57,29,15,83" hai2="37,108,124,107,49,32,41,126,80,40,100,8,92" hai3="28,2,113,110,64,117,27,132,67,23,123,21,134" shuffle="mt19937ar,4376D3AE,75B5943A,16C1E91E,BFCEF985,5DCBCF33,68E9975A,EC88FCCD,A8F7DE30"/><U78/><E116/><V121/><F107/><W68/><G117/><T90/><D118/><U82/><E112/><V55/><F32/><W96/><G113/><T36/><D115/><U31/><E1/><V54/><F80/><N who="1" m="30761" /><E78/><V43/><F8/><W6/><G123/><T12/><D79/><U101/><E122/><V77/><F77/><W35/><G68/><T135/><D3/><U111/><E111/><V62/><F121/><W89/><G110/><T45/><D69/><U16/><E25/><V93/><F93/><N who="3" m="56367" /><G6/><T81/><D26/><U75/><E75/><V52/><F108/><W14/><G2/><T85/><D85/><U74/><E74/><V9/><F9/><W129/><G35/><T131/><D131/><U61/><E51/><V11/><F11/><W120/><G129/><T88/><D5/><U73/><E73/><V50/><F92/><W99/><G120/><T119/><D119/><U130/><E130/><V34/><F100/><W70/><G70/><T44/><D90/><U10/><E66/><V91/><F91/><W18/><G67/><T84/><D84/><U47/><E47/><N who="0" m="17993" /><D36/><U102/><E101/><V53/><F34/><W98/><G64/><T0/><D38/><U86/><E86/><V42/><N who="2" m="10752" /><DORA hai="94" /><V22/><F37/><W20/><G20/><T114/><D114/><U60/><E60/><V58/><F22/><W71/><G71/><T72/><D0/><U30/><E102/><V125/><AGARI ba="0,0" hai="49,50,52,53,54,55,58,62,124,125,126" m="10752" machi="125" ten="50,16000,3" yaku="0,1,29,2,18,1,34,3,54,1" doraHai="95,94" who="2" fromWho="2" sc="245,-40,261,-80,247,160,247,-40" /><INIT seed="2,0,0,3,4,122" ten="205,181,407,207" oya="2" hai0="109,69,29,71,36,38,7,103,108,48,125,99,35" hai1="113,56,87,3,64,60,70,100,12,31,53,19,22" hai2="95,80,49,124,66,6,62,54,58,89,117,123,67" hai3="41,55,43,26,120,24,59,81,15,131,68,28,75" shuffle="mt19937ar,C8C9B834,96CE4F29,19198B49,E1AA26F5,B3442409,9B4F2F64,F9545466,A09429DC"/><V111/><F123/><W107/><G120/><T47/><D7/><U119/><E119/><V94/><F117/><W44/><G68/><N who="0" m="26187" /><D29/><U104/><E113/><V135/><F124/><W52/><G107/><T46/><D35/><U90/><E3/><V130/><F135/><W63/><G131/><T78/><D78/><U102/><E104/><V25/><F130/><W110/><G15/><T21/><D21/><U127/><E31/><V45/><F66/><W1/><G1/><T34/><D34/><U133/><E133/><V30/><F6/><W118/><G118/><T85/><D85/><U33/><E33/><V27/><F80/><W8/><G8/><T93/><D125/><U115/><E115/><V116/><F116/><W97/><G97/><T74/><D74/><U98/><E98/><V79/><F79/><W32/><G24/><T121/><D121/><U20/><E20/><V9/><F9/><W18/><G18/><T128/><D128/><U2/><E2/><V134/><F134/><W73/><G81/><T77/><D77/><U86/><E127/><V129/><F129/><W72/><REACH who="3" step="1"/><G110/><REACH who="3" step="2"/><N who="0" m="42603" /><D47/><U13/><E13/><V57/><F111/><W4/><G4/><T5/><D5/><U91/><E100/><V39/><F30/><W51/><AGARI ba="0,1" hai="26,28,32,41,43,44,51,52,55,59,63,72,73,75" machi="51" ten="40,5200,0" yaku="1,1,0,1,54,1,53,0" doraHai="122" doraHaiUra="88" who="3" fromWho="3" sc="205,-13,181,-13,407,-26,197,62" /><INIT seed="3,0,0,3,4,9" ten="192,168,381,259" oya="3" hai0="134,115,23,62,130,61,33,21,55,132,67,58,11" hai1="14,26,119,10,12,92,5,118,39,40,50,117,60" hai2="1,51,103,56,112,111,105,17,128,73,36,85,45" hai3="107,124,47,109,38,54,87,44,94,133,16,41,48" shuffle="mt19937ar,B43C8438,67B7B640,C4C1CC74,F63151A7,28CB8542,CC9B7EDA,3463D0A2,2EAD7E29"/><W31/><G107/><T37/><D33/><U129/><E129/><V78/><F1/><W88/><G31/><T25/><D130/><U82/><E39/><V72/><F112/><W91/><G124/><T43/><D115/><U15/><E60/><V79/><F79/><W53/><G133/><N who="0" m="51307" /><D11/><U0/><E82/><V52/><F111/><W49/><G109/><T95/><D95/><U86/><E86/><V106/><F128/><W2/><G2/><T116/><D116/><U102/><E26/><V18/><F106/><W96/><G38/><T127/><D127/><U42/><E50/><V32/><F32/><W46/><G41/><T113/><D113/><U83/><E83/><N who="2" m="47351" /><F73/><W66/><G66/><T90/><D90/><U100/><E92/><V114/><F72/><W30/><G30/><T89/><D89/><U13/><E0/><V69/><F69/><W84/><G96/><T64/><D64/><U76/><E76/><V104/><F114/><W121/><G121/><T70/><D25/><U8/><N who="1" m="3584" /><DORA hai="97" /><U20/><E5/><V24/><F24/><W81/><REACH who="3" step="1"/><G16/><REACH who="3" step="2"/><T34/><D43/><N who="1" m="16427" /><E20/><N who="0" m="7753" /><D37/><U75/><E75/><V65/><F36/><W126/><G126/><T71/><D34/><U93/><E93/><V123/><F123/><W27/><G27/><T99/><D99/><U101/><AGARI ba="0,1" hai="8,10,100,101,102,117,118,119" m="16427,3584" machi="101" ten="60,24000,4" yaku="29,2,28,2,12,1,52,7" doraHai="9,97" who="1" fromWho="1" sc="192,-60,168,250,381,-60,249,-120" owari="132,-22,418,42,321,7,129,-27" /></mjloggm>