<mjloggm ver="2.3"><GO type="41"/><UN n0="%E7%88%86%E8%A3%82%E2%98%86%E3%83%AC%E3%82%AA" n1="%E3%82%A6%E3%83%AB%E3%83%88%E3%83%A9%E7%AB%8B%E7%9B%B4" n2="%E5%BB%BA%E5%BE%A1%E9%9B%B7%E7%A5%9E" n3="%E3%82%A4%E3%82%AB%E3%81%9F%E3%81%B9%E3%81%9F%E3%82%AB%E3%82%A4" dan="14,14,13,14" rate="1885,1920,1923,1825" sx="M,M,M,M"/><TAIKYOKU oya="0"/><INIT seed="0,0,0,0,5,78" ten="250,250,250,250" oya="0" hai0="67,70,27,19,32,17,68,73,134,15,76,56,12" hai1="122,84,8,10,125,60,20,24,87,102,124,77,120" hai2="16,23,109,5,55,91,133,61,13,88,53,43,79" hai3="118,105,0,129,86,93,83,1,85,6,110,69,90"/><T18/><D76/><U75/><E60/><V41/><F133/><W96/><G69/><T99/><D73/><U29/><E102/><V116/><F79/><W80/><G110/><T121/><D121/><U71/><E71/><V35/><F35/><W117/><G129/><T42/><D134/><U37/><E37/><V47/><F109/><W113/><G113/><T31/><D42/><U52/><E75/><V22/><F5/><W7/><G105/><T34/><D70/><U45/><E120/><V39/><F116/><W25/><G25/><T119/><D68/><U64/><E64/><V100/><F100/><W38/><G38/><T4/><D99/><U82/><E87/><V98/><F43/><W135/><G135/><T14/><D56/><U65/><E65/><V101/><F23/><W123/><G123/><T40/><D40/><U66/><E66/><V36/><F36/><W81/><G117/><T2/><D67/><U112/><E112/><V11/><F11/><W108/><G108/><T54/><D54/><U104/><E104/><V126/><F126/><N who="1" m="48745" /><E122/><V114/><F114/><W9/><G118/><T30/><D119/><U111/><E111/><V28/><F28/><N who="0" m="10794" /><D27/><U44/><E44/><V106/><REACH who="2" step="1"/><F61/><REACH who="2" step="2"/><W58/><G58/><T46/><D46/><U127/><E127/><V115/><F115/><W26/><G26/><T89/><D89/><AGARI ba="0,1" hai="13,16,22,39,41,47,53,55,88,89,91,98,101,106" machi="89" ten="40,5200,0" yaku="1,1,54,2,53,0" doraHai="78" doraHaiUra="130" who="2" fromWho="0" sc="250,-52,250,0,240,62,250,0" /><INIT seed="1,0,0,4,0,134" ten="198,250,302,250" oya="1" hai0="24,110,6,67,32,8,94,51,70,102,79,64,63" hai1="31,33,69,73,5,97,26,46,103,127,72,19,57" hai2="59,47,17,50,34,58,107,12,7,105,10,30,88" hai3="113,109,130,29,93,83,104,11,74,90,1,49,111"/><U0/><E57/><V23/><F107/><W85/><G130/><T44/><D110/><U2/><E46/><V128/><F128/><W43/><G113/><T15/><D67/><U66/><E19/><V122/><F122/><W35/><G104/><T68/><D68/><U71/><E71/><V13/><F105/><W52/><G43/><T98/><D79/><U87/><E87/><V95/><F30/><W61/><G61/><T75/><D75/><N who="1" m="28747" /><E5/><V27/><F34/><W40/><G40/><T25/><REACH who="0" step="1"/><D32/><REACH who="0" step="2"/><U60/><E127/><V48/><F48/><W115/><G35/><T133/><D133/><U54/><E54/><AGARI ba="0,1" hai="6,8,15,24,25,44,51,54,63,64,70,94,98,102" machi="54" ten="30,3900,0" yaku="1,1,7,1,53,1" doraHai="134" doraHaiUra="65" who="0" fromWho="1" sc="188,49,250,-39,302,0,250,0" /><INIT seed="2,0,0,2,5,15" ten="237,211,302,250" oya="2" hai0="13,20,55,85,11,79,56,40,45,30,100,132,18" hai1="86,75,5,58,74,73,70,95,130,102,51,60,62" hai2="10,19,109,42,33,129,22,98,57,112,108,8,97" hai3="35,34,105,92,2,36,27,103,131,68,76,69,114"/><V59/><F33/><W52/><G131/><T96/><D132/><U123/><E70/><V101/><F112/><W24/><G114/><T125/><D125/><U94/><E130/><V72/><F129/><W122/><G122/><T12/><D30/><U78/><E123/><V9/><F72/><W83/><G105/><T39/><D79/><U44/><E5/><V0/><F42/><W118/><G118/><T43/><D85/><U25/><E25/><V84/><F84/><W23/><G2/><T87/><D87/><U46/><E86/><V107/><F98/><W91/><G36/><T110/><D110/><N who="2" m="42602" /><F0/><W71/><G103/><T28/><D28/><U81/><E81/><V61/><F61/><W128/><G128/><T116/><D43/><U111/><E78/><V99/><F99/><W88/><G83/><T133/><D133/><U126/><E111/><V53/><F53/><W135/><G76/><T134/><D134/><U41/><E102/><V82/><F82/><W3/><G135/><T21/><D116/><U31/><E126/><V50/><F50/><W4/><G3/><T6/><D96/><U67/><E31/><V37/><F37/><W93/><G71/><T117/><D117/><U80/><E80/><V17/><F22/><W63/><G23/><T47/><D47/><U32/><E32/><V26/><F26/><W77/><G24/><T54/><D100/><U49/><REACH who="1" step="1"/><E62/><REACH who="1" step="2"/><V119/><F119/><W104/><G63/><T113/><D113/><U106/><E106/><V65/><F65/><W7/><G104/><T115/><D115/><U121/><E121/><RYUUKYOKU ba="0,1" sc="237,-15,201,15,302,15,250,-15" hai1="41,44,46,49,51,58,60,67,73,74,75,94,95" hai2="8,9,10,17,19,57,59,97,101,107" /><INIT seed="2,1,1,3,0,78" ten="222,216,317,235" oya="2" hai0="72,82,67,109,53,38,22,1,16,17,59,94,48" hai1="10,39,3,27,133,24,13,112,64,79,116,88,41" hai2="83,35,84,93,114,61,101,9,123,95,128,127,97" hai3="122,60,73,7,42,46,124,28,98,111,129,117,75"/><V23/><F35/><W108/><G129/><T34/><D34/><U63/><E116/><V19/><F123/><W120/><G124/><T130/><D130/><U56/><E3/><V107/><F128/><W33/><G117/><T51/><D109/><U125/><E125/><V58/><F127/><W89/><G7/><T71/><D1/><U80/><E112/><V102/><F9/><W68/><G33/><T113/><D113/><U77/><E133/><V11/><F11/><W55/><G28/><T132/><D132/><U81/><E41/><V4/><F4/><W103/><G89/><T57/><D38/><U15/><E39/><V70/><F70/><W96/><G98/><T106/><D106/><U45/><E45/><V119/><F114/><W29/><G29/><T52/><D94/><U87/><E79/><V74/><F74/><W85/><G85/><T115/><D115/><U47/><E47/><V18/><F119/><W92/><G68/><T30/><D30/><U66/><E66/><V32/><F32/><W49/><G73/><T20/><D67/><U118/><E118/><V50/><F50/><W62/><G75/><T131/><D131/><U0/><E0/><V21/><F107/><W37/><G120/><T69/><D72/><U44/><E44/><V31/><F31/><W134/><G134/><T65/><D65/><U54/><E64/><N who="2" m="38967" /><F102/><W100/><G100/><T14/><D14/><N who="1" m="5131" /><E10/><V99/><F99/><W104/><G122/><T43/><D43/><U105/><E105/><V86/><F97/><W90/><G104/><T8/><D8/><U76/><E76/><RYUUKYOKU ba="1,1" sc="222,15,216,15,317,-15,235,-15" hai0="16,17,20,22,48,51,52,53,57,59,69,71,82" hai1="24,27,54,56,63,77,80,81,87,88" /><INIT seed="3,2,1,4,3,58" ten="237,231,302,220" oya="3" hai0="0,117,115,53,124,26,54,45,123,118,89,27,110" hai1="65,33,6,96,9,97,93,102,3,120,121,41,95" hai2="82,57,34,84,14,13,131,44,114,127,20,132,19" hai3="35,18,66,90,75,101,130,59,85,10,119,43,100"/><W71/><G130/><T78/><D0/><U52/><E33/><V129/><F34/><W67/><G119/><T134/><D110/><U46/><E65/><V38/><F114/><W28/><G75/><T30/><D123/><U64/><E64/><V4/><F132/><W112/><G112/><T128/><D115/><U23/><E23/><V24/><F127/><W36/><G35/><T76/><D134/><U111/><E111/><V48/><F38/><W94/><G28/><T74/><D74/><U50/><REACH who="1" step="1"/><E41/><REACH who="1" step="2"/><V70/><F131/><W12/><G67/><T40/><D128/><U2/><E2/><V92/><F129/><W42/><G71/><T56/><D124/><U109/><E109/><V32/><F32/><W80/><G42/><T83/><D118/><U73/><E73/><V88/><F70/><W77/><G43/><T63/><D117/><U125/><E125/><V79/><F4/><W62/><REACH who="3" step="1"/><G36/><REACH who="3" step="2"/><T17/><D40/><U106/><E106/><V61/><F44/><W21/><G21/><N who="0" m="15695" /><D45/><U25/><E25/><V39/><F39/><W122/><G122/><T113/><D54/><U29/><E29/><V49/><F24/><W60/><G60/><T55/><D55/><U86/><E86/><N who="2" m="48479" /><F14/><W8/><G8/><T1/><D1/><U31/><E31/><V81/><F61/><W16/><G16/><T37/><D113/><U99/><E99/><V133/><F133/><W68/><G68/><T47/><D37/><U22/><E22/><V105/><F20/><W107/><G107/><T7/><D7/><U69/><E69/><V87/><F105/><RYUUKYOKU ba="2,3" sc="237,-15,221,15,302,-15,210,15" hai1="3,6,9,46,50,52,93,95,96,97,102,120,121" hai3="10,12,18,59,62,66,77,80,85,90,94,100,101" /><INIT seed="3,3,3,0,2,61" ten="222,236,287,225" oya="3" hai0="57,0,101,44,77,72,121,22,133,19,27,119,104" hai1="68,21,14,88,15,108,40,105,87,89,63,1,129" hai2="109,131,56,64,117,66,92,51,127,75,16,34,31" hai3="43,125,37,33,128,62,132,30,10,135,114,103,42"/><W9/><G128/><T126/><D121/><U100/><E1/><V47/><F117/><W12/><G125/><T4/><D119/><U94/><E129/><V83/><F131/><W20/><G114/><T39/><D126/><U8/><E108/><V112/><F112/><W78/><G33/><T65/><D133/><N who="3" m="51273" /><G78/><T48/><D104/><U98/><E40/><N who="3" m="15402" /><G37/><T29/><D101/><U116/><E116/><V124/><F124/><W3/><G103/><T71/><D77/><U91/><E21/><V111/><F127/><W79/><G79/><T95/><D72/><U11/><E11/><V122/><F122/><W110/><G110/><T67/><D71/><U25/><E25/><V97/><F75/><W80/><G80/><T50/><D39/><U54/><E15/><V35/><F83/><W107/><G107/><T46/><D4/><U36/><E36/><V45/><F111/><W76/><G76/><T18/><D0/><U123/><E123/><V49/><F109/><W58/><G3/><T7/><D7/><U38/><E38/><V26/><F35/><W24/><G12/><T118/><D118/><U113/><E113/><V32/><F32/><W52/><AGARI ba="3,3" hai="9,10,20,24,30,52,58,62" m="15402,51273" machi="52" ten="30,3000,0" yaku="20,1,54,1" doraHai="61" who="3" fromWho="3" sc="222,-13,236,-13,287,-13,225,69" /><INIT seed="3,4,0,1,2,73" ten="209,223,274,294" oya="3" hai0="84,71,40,60,17,78,24,86,21,133,114,95,37" hai1="56,3,97,15,69,113,91,28,66,128,108,42,58" hai2="55,49,77,119,130,38,121,1,34,89,93,57,51" hai3="20,100,134,32,68,44,75,120,4,76,101,88,26"/><W39/><G134/><T129/><D133/><U123/><E3/><V48/><F38/><W107/><G120/><T19/><D129/><U13/><E97/><V47/><F119/><W104/><G68/><T109/><D109/><U63/><E91/><V64/><F1/><W98/><G32/><T9/><D114/><U92/><E92/><V125/><F34/><W53/><G4/><T124/><D124/><U65/><E28/><V106/><F106/><W59/><G75/><T35/><D35/><U81/><E81/><V122/><F130/><W115/><G76/><T11/><D71/><U31/><E31/><V10/><F10/><W46/><G115/><T0/><D0/><U52/><E128/><V79/><F125/><W105/><G88/><N who="0" m="53639" /><D37/><U96/><E96/><N who="2" m="57391" /><F64/><N who="1" m="24681" /><E113/><V70/><F70/><W117/><G117/><T85/><D60/><N who="1" m="35847" /><E69/><V112/><F112/><W45/><G39/><T29/><D40/><U118/><E118/><V8/><F8/><N who="0" m="3146" /><D86/><U67/><E123/><N who="2" m="47115" /><F47/><W99/><G46/><T111/><D111/><U74/><E74/><V41/><F41/><W5/><G45/><T116/><D116/><U18/><E108/><V94/><F94/><W135/><G135/><T90/><D85/><U102/><E42/><V82/><F82/><W30/><G99/><T27/><D90/><U36/><E36/><V43/><F43/><W7/><G98/><T80/><D24/><U126/><E126/><V54/><F54/><W23/><G53/><T103/><D103/><U110/><E110/><V83/><F83/><W33/><G101/><T127/><D127/><U50/><E102/><RYUUKYOKU ba="4,0" sc="209,15,223,-15,274,15,294,-15" hai0="17,19,21,27,29,78,80" hai2="48,49,51,55,57,77,79" /><INIT seed="4,5,0,3,1,117" ten="224,208,289,279" oya="0" hai0="19,134,29,35,86,80,48,54,72,85,88,104,3" hai1="64,102,93,52,94,79,75,33,106,63,78,59,60" hai2="82,107,99,15,135,108,83,122,113,118,119,36,43" hai3="128,40,130,24,100,16,42,67,1,66,70,62,58"/><T123/><D123/><U95/><E33/><V81/><F15/><W8/><G100/><T10/><D104/><U77/><E75/><V103/><F43/><W7/><G70/><T55/><D134/><U46/><E46/><V109/><F36/><W27/><G67/><T115/><D115/><U96/><REACH who="1" step="1"/><E106/><REACH who="1" step="2"/><V76/><F113/><W50/><G130/><T57/><D72/><U90/><E90/><V97/><F135/><W69/><G128/><T92/><D35/><U9/><E9/><V131/><F131/><W53/><G8/><T116/><D116/><N who="2" m="44586" /><F122/><W65/><G69/><AGARI ba="5,1" hai="52,59,60,63,64,69,77,78,79,93,94,95,96,102" machi="69" ten="40,8000,1" yaku="1,1,54,1,53,3" doraHai="117" doraHaiUra="74" who="1" fromWho="3" sc="224,0,198,105,289,0,279,-95" /><INIT seed="5,0,0,2,4,87" ten="224,303,289,184" oya="1" hai0="19,112,84,133,5,37,21,48,88,30,11,97,106" hai1="129,111,101,7,35,108,24,65,41,110,82,70,58" hai2="56,104,38,26,83,74,113,92,59,2,64,131,28" hai3="68,99,42,33,15,118,130,120,27,105,77,43,132"/><U89/><E70/><V103/><F104/><W116/><G132/><T90/><D37/><U23/><E35/><V96/><F38/><W34/><G130/><T8/><D133/><U14/><E41/><V100/><F131/><W126/><G126/><T10/><D112/><U50/><E101/><V31/><F2/><W49/><G120/><T6/><D30/><U107/><E107/><V91/><F113/><W17/><G68/><T73/><D73/><U57/><E129/><V78/><F31/><W60/><G60/><T4/><D106/><U32/><E32/><V121/><F121/><W39/><G39/><T98/><D48/><U72/><E72/><V52/><F64/><W29/><G34/><T55/><D55/><U102/><E102/><V80/><F80/><W117/><G77/><T51/><D51/><U81/><E81/><V63/><REACH who="2" step="1"/><F59/><REACH who="2" step="2"/><W71/><G105/><T94/><D98/><U76/><E58/><V61/><F61/><W95/><G71/><T9/><N who="0" m="2560" /><DORA hai="109" /><T20/><D19/><U128/><E128/><V66/><F66/><W86/><G17/><T127/><D127/><U122/><E122/><V3/><F3/><W85/><G117/><T124/><D124/><U40/><E65/><V1/><F1/><W75/><G118/><T36/><D36/><U123/><E57/><V45/><F45/><W67/><G67/><T18/><D18/><U93/><E123/><V54/><F54/><W0/><G116/><T69/><D69/><U13/><E50/><V25/><F25/><W47/><G49/><T79/><D79/><U53/><E110/><RYUUKYOKU ba="0,1" sc="224,15,303,-15,279,15,184,-15" hai0="4,5,6,20,21,84,88,90,94,97" hai2="26,28,52,56,63,74,78,83,91,92,96,100,103" /><INIT seed="6,1,1,2,3,69" ten="239,288,294,169" oya="2" hai0="27,45,49,84,70,126,65,9,0,128,79,86,4" hai1="50,53,123,73,97,91,127,48,67,12,24,108,77" hai2="32,10,18,129,96,72,36,25,89,29,8,58,88" hai3="1,19,90,28,26,76,7,37,22,57,107,55,75"/><V80/><F72/><W82/><G107/><T100/><D128/><U113/><E108/><V85/><F129/><W122/><G122/><T87/><D126/><U110/><E110/><V132/><F132/><W61/><G37/><T63/><D100/><U62/><E77/><V52/><F36/><W118/><G118/><T33/><D33/><U104/><E73/><V41/><F41/><W66/><G1/><T125/><D27/><U92/><E104/><V105/><F18/><W60/><G7/><T117/><D117/><U83/><E83/><V34/><F34/><W124/><G124/><T51/><D125/><U43/><E127/><V23/><F32/><W98/><G98/><T54/><REACH who="0" step="1"/><D51/><REACH who="0" step="2"/><U114/><E24/><V16/><F105/><W99/><G26/><T120/><D120/><U35/><E35/><V130/><F29/><W2/><G28/><T31/><D31/><U47/><E123/><V109/><F130/><W133/><G133/><T21/><D21/><U81/><E50/><N who="2" m="30999" /><F109/><W5/><G22/><T68/><D68/><U56/><E12/><V64/><F64/><W121/><G121/><T13/><D13/><U101/><E67/><V11/><F10/><W40/><G66/><T111/><D111/><U3/><E3/><V106/><F106/><W6/><G2/><T74/><D74/><U116/><E116/><V93/><AGARI ba="1,2" hai="8,11,16,23,25,80,85,88,89,93,96" m="30999" machi="93" ten="30,11700,0" yaku="8,1,54,3" doraHai="69" who="2" fromWho="2" sc="229,-40,288,-40,294,140,169,-40" /><INIT seed="6,2,0,5,0,30" ten="189,248,434,129" oya="2" hai0="74,70,106,119,63,93,127,111,32,108,61,37,16" hai1="86,82,92,19,73,115,59,22,58,11,27,25,134" hai2="55,89,101,84,131,62,17,52,7,124,40,125,98" hai3="54,45,135,120,133,126,33,6,107,48,21,104,50"/><V95/><F40/><W68/><G126/><T113/><D93/><U23/><E73/><V66/><F7/><W13/><G120/><T85/><D85/><U36/><E36/><V75/><F75/><W46/><G68/><T3/><D16/><U41/><E134/><V4/><F4/><W78/><G33/><T57/><D57/><U24/><E115/><V67/><F17/><W49/><G78/><T118/><D61/><U53/><E41/><V26/><F26/><W122/><G122/><T128/><D63/><U10/><E92/><V72/><F72/><W39/><G39/><T9/><D9/><U56/><E53/><V60/><F60/><W31/><G31/><T28/><D28/><U38/><E38/><V12/><F12/><W129/><G129/><T42/><D42/><U20/><E19/><V88/><F131/><W117/><G117/><T91/><D91/><N who="2" m="34890" /><F84/><W71/><G71/><T35/><D35/><U96/><E96/><V47/><F47/><W130/><G130/><T5/><D5/><U69/><E69/><V83/><F83/><W15/><G6/><T102/><D102/><U79/><AGARI ba="2,0" hai="10,11,20,22,23,24,25,27,56,58,59,79,82,86" machi="79" ten="40,8000,1" yaku="0,1,29,2,8,1" doraHai="30" who="1" fromWho="1" sc="189,-22,248,86,434,-42,129,-22" /><INIT seed="7,0,0,0,2,9" ten="167,334,392,107" oya="3" hai0="16,35,47,61,59,18,8,129,14,63,20,99,109" hai1="85,21,95,97,103,39,92,26,102,12,107,112,57" hai2="4,0,115,32,54,52,15,77,88,48,113,13,46" hai3="10,50,121,28,34,100,41,135,80,124,82,94,84"/><W122/><G135/><T69/><D129/><U101/><E39/><V44/><F32/><W105/><G124/><T7/><D109/><U91/><E57/><V98/><F77/><W116/><G116/><T2/><D69/><U27/><E112/><N who="2" m="43083" /><F0/><W6/><G105/><T120/><D120/><U126/><E126/><V81/><F4/><W74/><G74/><T117/><D117/><U75/><E75/><V87/><F98/><W123/><G34/><T42/><D35/><U130/><E130/><V56/><F44/><W86/><G28/><T76/><D76/><U3/><E3/><V79/><F79/><W25/><G25/><T128/><D128/><U29/><E107/><V24/><F24/><W55/><G41/><T37/><D99/><U36/><E36/><V111/><F111/><W66/><G66/><T58/><D2/><U90/><E27/><V71/><F71/><W49/><G49/><AGARI ba="0,0" hai="13,15,46,48,49,52,54,56,81,87,88" m="43083" machi="49" ten="30,8000,1" yaku="15,1,52,2,54,2" doraHai="9" who="2" fromWho="3" sc="167,0,334,0,392,80,107,-80" owari="167,-23,334,13,472,57,27,-47" /></mjloggm>