<mjloggm ver="2.3"><GO type="193"/><UN n0="%63%61%67%61%79%61%6B%69" n1="%E3%82%A6%E3%83%AB%E3%83%88%E3%83%A9%E7%AB%8B%E7%9B%B4" n2="%E3%81%8A%E3%81%A8%E3%83%BC%E3%81%95%E3%82%93" n3="%74%69%6B%69%6E" dan="10,11,11,12" rate="1524,1800,1613,1759" sx="M,M,M,M"/><TAIKYOKU oya="0"/><INIT seed="0,0,0,1,1,83" ten="250,250,250,250" oya="0" hai0="75,79,53,1,35,63,61,19,123,99,45,56,78" hai1="117,86,39,17,87,89,47,72,43,26,7,115,90" hai2="77,101,4,94,130,14,85,126,107,31,73,9,65" hai3="62,40,22,108,127,48,68,88,58,23,50,28,74" shuffle="mt19937ar,729A8821,94B36DD0,4FCC7FD5,5EDE798D,A340C96E,53DD75F0,C3BCA133,663C7D24"/><T24/><D35/><U25/><E72/><V37/><F130/><W0/><G0/><T29/><D123/><U133/><E117/><V109/><F126/><W125/><G74/><T91/><D1/><U60/><E7/><V13/><F109/><W41/><G68/><T98/><D75/><U134/><E115/><V3/><F37/><W102/><G102/><T27/><D45/><U112/><E60/><V10/><F65/><W71/><G71/><T135/><D135/><N who="1" m="51723" /><E112/><V46/><F3/><W114/><G114/><T32/><D32/><U12/><E90/><V2/><F107/><W124/><G108/><T128/><D128/><U132/><E89/><V44/><F2/><W81/><G41/><T104/><D104/><U105/><E105/><V59/><F73/><W15/><G28/><T76/><D91/><U55/><E55/><V121/><F121/><W96/><G40/><T6/><D29/><U11/><E132/><V66/><F31/><W100/><G100/><T116/><D116/><U33/><E33/><V30/><F30/><W129/><G129/><T51/><D6/><U92/><E92/><V97/><F66/><W52/><G96/><N who="0" m="36907" /><D19/><U5/><E5/><N who="2" m="3247" /><F59/><W34/><G34/><T57/><D51/><U70/><E70/><V18/><F4/><W36/><G36/><T64/><AGARI ba="0,0" hai="24,27,53,56,57,61,63,64,76,78,79" m="36907" machi="64" ten="30,1500,0" yaku="8,1" doraHai="83" who="0" fromWho="0" sc="250,15,250,-5,250,-5,250,-5" /><INIT seed="0,1,0,3,0,109" ten="265,245,245,245" oya="0" hai0="53,22,57,9,104,51,13,68,78,18,82,70,91" hai1="28,35,15,8,85,52,45,20,126,110,89,14,63" hai2="56,108,114,19,117,69,88,135,124,24,62,10,7" hai3="54,132,75,49,133,125,96,61,34,119,46,83,123" shuffle="mt19937ar,DA02A934,EFB1A690,706BBCA3,CFA19D0A,EDB08567,A2086632,118C91F4,CEC4DC18"/><T94/><D104/><U112/><E35/><V100/><F117/><W98/><G119/><T23/><D23/><U16/><E110/><V60/><F135/><N who="3" m="51787" /><G34/><T2/><D2/><U90/><E89/><V65/><F124/><W101/><G125/><T84/><REACH who="0" step="1"/><D9/><REACH who="0" step="2"/><U40/><E126/><V107/><F114/><W102/><G123/><T122/><D122/><U39/><E112/><V106/><F108/><W50/><G101/><T42/><D42/><U86/><E8/><V128/><F107/><W73/><G102/><T44/><D44/><U95/><E28/><V36/><F106/><W121/><G121/><T31/><D31/><U97/><E40/><V93/><F100/><W127/><G127/><T38/><D38/><U58/><E39/><V21/><F36/><W0/><G0/><T72/><AGARI ba="1,1" hai="13,18,22,51,53,57,68,70,72,78,82,84,91,94" machi="72" ten="20,18000,2" yaku="1,1,0,1,7,1,25,2,53,1" doraHai="109" doraHaiUra="81" who="0" fromWho="0" sc="255,193,245,-61,245,-61,245,-61" /><INIT seed="0,2,0,1,2,106" ten="448,184,184,184" oya="0" hai0="88,131,21,27,65,37,82,39,127,108,77,63,15" hai1="110,7,87,126,96,92,31,22,67,85,113,58,30" hai2="33,97,118,35,80,83,101,130,57,60,2,129,90" hai3="24,61,59,16,94,73,10,0,36,43,86,14,76" shuffle="mt19937ar,052AA8AA,E02B7F52,A4C64E67,A6A80944,AF92DEA4,9154F8AE,70576CD7,70983331"/><T84/><D127/><U78/><E126/><V1/><F118/><W95/><G0/><N who="2" m="105" /><F90/><W26/><G73/><T28/><D131/><N who="2" m="50186" /><F57/><W66/><G36/><T20/><D108/><U48/><E87/><V32/><F60/><W122/><G122/><T89/><D39/><U103/><E85/><V121/><F121/><W100/><G43/><T13/><D37/><U3/><E78/><V81/><F97/><N who="3" m="59447" /><G76/><T119/><D119/><U6/><E48/><V99/><F99/><W5/><G5/><T116/><D116/><U124/><E124/><V55/><F55/><W98/><G86/><T111/><D111/><U114/><E110/><V132/><F132/><W109/><G109/><T51/><D51/><U8/><E6/><V69/><F101/><AGARI ba="2,0" hai="10,14,16,24,26,59,61,66,95,98,101" m="59447" machi="101" ten="30,2000,0" yaku="8,1,54,1" doraHai="106" who="3" fromWho="2" sc="448,0,184,0,184,-26,184,26" /><INIT seed="1,0,0,0,2,8" ten="448,184,158,210" oya="1" hai0="101,66,23,4,78,98,62,19,53,88,135,91,12" hai1="11,2,99,32,31,30,126,129,125,28,103,13,55" hai2="34,3,68,104,86,10,24,95,71,107,5,94,37" hai3="44,76,1,105,48,33,118,40,106,121,59,27,96" shuffle="mt19937ar,E4C45D78,88E67771,292EA0A2,2B539336,B5E78430,E6F4F083,D506F30D,36E52E2A"/><U29/><E55/><V82/><F94/><W119/><G1/><T75/><D135/><U89/><E89/><V46/><F95/><W85/><G121/><T36/><D36/><U39/><E39/><V111/><F86/><W61/><G96/><T79/><D75/><U67/><E67/><V7/><F82/><N who="3" m="47303" /><G27/><T80/><D4/><U70/><E70/><N who="2" m="26667" /><F7/><W26/><G26/><T100/><D53/><U63/><E63/><V73/><F111/><W120/><G33/><T16/><D98/><U42/><E42/><N who="2" m="22863" /><F73/><W20/><G20/><N who="0" m="11271" /><D80/><U65/><E2/><V117/><F117/><N who="3" m="44555" /><G120/><T17/><D66/><AGARI ba="0,0" hai="40,44,48,59,61,66,105,106" m="44555,47303" machi="66" ten="30,1000,0" yaku="12,1" doraHai="8" who="3" fromWho="0" sc="448,-10,184,0,158,0,210,10" /><INIT seed="2,0,0,4,1,126" ten="438,184,158,220" oya="2" hai0="63,104,110,9,72,58,61,17,20,97,77,5,84" hai1="45,87,4,27,29,16,73,115,31,56,106,109,96" hai2="55,133,15,128,113,131,38,105,23,69,43,28,130" hai3="83,10,91,48,112,108,18,14,25,124,65,81,1" shuffle="mt19937ar,D94FC2E5,D37B4069,910E5A4F,47377A19,D156FFB7,CC37791F,4148E59E,D86AC5CA"/><V24/><F113/><W39/><G39/><T114/><D72/><U57/><E73/><V125/><F105/><W119/><G119/><T123/><D114/><U36/><E115/><V6/><F125/><W103/><G112/><T94/><D123/><U49/><E4/><V46/><F69/><W100/><G124/><T82/><D110/><U19/><E109/><V42/><F133/><W76/><G108/><T121/><D104/><U74/><E74/><V86/><F86/><W92/><G1/><T118/><D121/><U59/><E36/><V102/><F102/><N who="3" m="38955" /><G65/><T2/><D118/><U66/><E96/><V13/><F6/><W64/><G64/><T67/><D67/><U107/><E66/><V7/><F7/><W50/><G25/><T129/><D58/><U98/><E98/><V51/><REACH who="2" step="1"/><F38/><REACH who="2" step="2"/><W12/><G76/><T3/><D5/><U79/><E106/><V95/><F95/><W54/><G92/><T70/><D70/><U93/><E107/><V34/><F34/><W99/><G83/><T8/><D2/><U30/><E27/><V88/><F88/><W120/><G81/><T21/><D3/><U53/><E93/><V75/><F75/><W52/><G91/><T0/><D0/><U26/><E26/><V116/><F116/><W71/><G71/><T60/><D77/><U47/><E79/><V78/><F78/><W62/><G120/><T111/><D82/><U132/><E87/><V44/><F44/><W127/><G127/><T134/><D84/><U37/><E132/><V117/><F117/><W32/><G32/><T101/><D134/><RYUUKYOKU ba="0,1" sc="438,-15,184,15,148,15,220,-15" hai1="16,19,29,30,31,37,45,47,49,53,56,57,59" hai2="13,15,23,24,28,42,43,46,51,55,128,130,131" /><INIT seed="2,1,1,5,5,9" ten="423,199,163,205" oya="2" hai0="34,54,90,19,95,21,12,70,88,78,107,81,112" hai1="38,64,108,33,63,91,46,45,7,118,3,32,13" hai2="52,96,47,42,82,27,10,128,114,58,68,127,57" hai3="23,109,123,131,51,110,71,116,76,65,44,93,119" shuffle="mt19937ar,D9E01222,0CB93CF0,9F539E32,8E55871B,724EDD0A,9C402172,F83292F1,A5F59740"/><V8/><F68/><W80/><G131/><T50/><D107/><U102/><E3/><V92/><F114/><W11/><G123/><T117/><D70/><U22/><E118/><V122/><F128/><W25/><G93/><T4/><D112/><U130/><E130/><V83/><F122/><W48/><G11/><N who="2" m="4137" /><F127/><W24/><G65/><T0/><D34/><U101/><E33/><V56/><F42/><W74/><G71/><T98/><D0/><U97/><E32/><V106/><F106/><W79/><G76/><T35/><D117/><U100/><E38/><V55/><F27/><W16/><G25/><T60/><D35/><U133/><E7/><V26/><F26/><W39/><G39/><T86/><D4/><U134/><E134/><V105/><F105/><W126/><G126/><T15/><D60/><U18/><E18/><V20/><F20/><W111/><REACH who="3" step="1"/><G51/><REACH who="3" step="2"/><T99/><D50/><U61/><E133/><V29/><F29/><W104/><G104/><T1/><D1/><U41/><E63/><V87/><F47/><W40/><AGARI ba="1,2" hai="16,23,24,40,44,48,74,79,80,109,110,111,116,119" machi="40" ten="30,8000,1" yaku="1,1,0,1,14,1,54,1,53,1" doraHai="9" doraHaiUra="37" who="3" fromWho="3" sc="423,-21,199,-21,163,-41,195,103" /><INIT seed="3,0,0,4,1,100" ten="402,178,122,298" oya="3" hai0="51,72,129,44,57,68,69,15,121,79,104,54,114" hai1="42,93,82,122,133,38,70,113,17,84,101,31,25" hai2="73,86,80,83,46,130,41,85,89,124,134,6,77" hai3="96,47,16,14,32,111,8,59,97,99,2,61,19" shuffle="mt19937ar,BEA4E7D4,29955074,D1986012,7401CFA0,E2451A2D,5AA16E4F,91587643,2DC4D1A9"/><W123/><G123/><T35/><D35/><U103/><E70/><V33/><F33/><W95/><G32/><T92/><D121/><U29/><E122/><V117/><F117/><W67/><G111/><T78/><D114/><U60/><E38/><V131/><F6/><W27/><G2/><T110/><D129/><U55/><E42/><V66/><F41/><W107/><G107/><T106/><D110/><U98/><E103/><V90/><F66/><W20/><REACH who="3" step="1"/><G47/><REACH who="3" step="2"/><T102/><D106/><U24/><E113/><V91/><F46/><W109/><G109/><T43/><D104/><U22/><E133/><V37/><F134/><W58/><G58/><T5/><D44/><U116/><E116/><V49/><F37/><W127/><G127/><T135/><D135/><U3/><E3/><V76/><F124/><W115/><G115/><T88/><D72/><U126/><E126/><V75/><REACH who="2" step="1"/><F49/><REACH who="2" step="2"/><W11/><G11/><T21/><D69/><U10/><E10/><V4/><F4/><W36/><G36/><T7/><D68/><U120/><E120/><V74/><AGARI ba="0,2" hai="73,74,75,76,77,80,83,85,86,89,90,91,130,131" machi="74" ten="40,16000,3" yaku="1,1,0,1,9,1,34,3,53,3" doraHai="100" doraHaiUra="105" who="2" fromWho="2" sc="402,-40,178,-40,112,180,288,-80" owari="362,36,138,-26,292,4,208,-14" /></mjloggm>