<mjloggm ver="2.3"><GO type="97"/><UN n0="%E6%98%9F%E6%AD%8C" n1="%E3%82%A6%E3%83%AB%E3%83%88%E3%83%A9%E7%AB%8B%E7%9B%B4" n2="%E3%83%89%E3%83%B3%E3%83%BB%E3%82%A2%E3%83%B3%E3%83%89%E3%83%AC%E3%82%B9" n3="%61%6B%69%6E%61%72%69%30" dan="13,13,14,13" rate="1803,1813,2062,1901" sx="F,M,M,F"/><TAIKYOKU oya="0"/><INIT seed="0,0,0,0,2,50" ten="250,250,250,250" oya="0" hai0="114,71,64,66,122,90,25,131,110,30,88,3,6" hai1="59,33,11,17,47,68,24,96,70,32,48,102,126" hai2="19,7,76,21,79,55,77,117,40,60,56,14,54" hai3="26,108,52,111,10,119,107,5,125,35,69,105,31" shuffle="mt19937ar,49D4559D,40261FC5,31BFFA00,1A6522BD,DBC32FCF,9E3B4347,2CF7941A,E1858DCE,2A603F01,2D010059,290EDC90,EC394BF1,219B4B00,D0A06271,23E074F4,C593E898,80D3A1B0,2AC7F3CE,54609640,581E8931,32E95AB7,4D0D7BE0,976EC636,8EFCC327,9C6BA931,FE32E2F8,E86FE2D3,3444930F,F66079DA,06AAB074,3B73F8B0,646D84C0"/><T28/><D122/><U118/><E118/><V39/><F117/><W120/><G119/><T16/><D114/><U38/><E38/><V133/><F133/><W89/><G69/><T9/><D131/><U34/><E59/><V1/><F39/><W51/><G120/><T95/><D71/><U42/><E126/><V37/><F37/><W87/><G125/><T116/><D116/><U84/><E84/><V27/><F40/><W62/><G62/><T43/><D43/><U2/><E68/><V67/><F1/><W112/><G112/><T94/><D110/><N who="3" m="42025" /><G87/><N who="0" m="52511" /><D3/><U20/><E70/><V81/><F81/><W53/><G89/><T115/><D115/><U92/><E2/><V121/><F121/><W65/><G65/><N who="0" m="25195" /><D6/><U63/><E63/><V82/><F82/><W15/><G51/><T29/><D9/><AGARI ba="0,0" hai="7,9,14,19,21,27,54,55,56,60,67,76,77,79" machi="9" ten="40,5200,0" yaku="8,1,52,2" doraHai="50" who="2" fromWho="0" sc="250,-52,250,0,250,52,250,0" /><INIT seed="1,0,0,5,3,1" ten="198,250,302,250" oya="1" hai0="106,57,83,119,77,116,45,133,5,33,132,134,66" hai1="15,104,85,97,16,62,111,105,29,87,21,35,26" hai2="40,31,49,59,50,84,70,130,23,68,69,12,109" hai3="112,108,101,25,27,89,98,131,118,42,8,67,4" shuffle="mt19937ar,24DB0942,DE67C6BC,1F7B02B3,0F6B9D96,70BCCF11,35B33670,E622D4DA,94089389,0AE3D480,AA9941F9,C535E728,DEF71709,01DBBA57,64AF9226,974972ED,AF78BAAF,0EF9848A,47782E8E,8E345048,DAE19D0C,365F69FE,7B515244,303A1CA0,7E3C0679,91888C7C,72EA255A,D9CDF94A,CBAEEBCD,33275CF2,EF3C287A,6D592EA5,47EA3B00"/><U129/><E129/><V51/><F130/><W96/><G131/><T3/><D66/><U117/><E117/><V124/><F40/><W46/><G112/><T71/><D57/><U0/><E111/><V58/><F109/><W123/><G108/><T43/><D71/><U95/><E104/><V80/><F124/><W122/><G118/><T93/><D93/><U73/><E73/><V86/><F31/><W20/><G67/><T6/><D33/><U41/><E41/><V78/><F23/><W128/><G128/><T53/><D53/><U24/><E105/><V92/><F12/><W10/><G89/><T74/><D106/><U91/><E0/><V38/><F38/><W75/><G75/><T61/><D61/><U126/><E126/><V79/><F92/><W2/><G10/><N who="0" m="2367" /><D134/><U36/><E36/><V14/><F14/><W115/><G115/><T88/><D88/><U72/><E72/><V94/><F94/><W39/><G25/><T37/><D6/><U90/><E90/><V82/><AGARI ba="0,0" hai="49,50,51,58,59,68,69,70,78,79,80,82,84,86" machi="82" ten="40,2700,0" yaku="0,1,9,1" doraHai="1" who="2" fromWho="2" sc="198,-7,250,-13,302,27,250,-7" /><INIT seed="2,0,0,5,5,93" ten="191,237,329,243" oya="2" hai0="51,49,47,31,133,13,74,88,11,55,102,104,94" hai1="45,66,82,19,53,90,56,111,29,115,20,92,134" hai2="76,62,1,37,120,54,109,43,41,130,87,129,61" hai3="3,22,70,38,131,95,105,73,96,67,18,89,71" shuffle="mt19937ar,6D81D887,DBC835CF,0CDD1AB5,717C3B4B,446DEDFC,694341F9,143019A0,E5C0C394,8C6B076A,9AF88A1C,51EACC44,7061887F,5B470CD4,2A469332,5B26C761,A9FCADAE,BEB7FCDD,657BC9DE,D3F06C3E,0253851D,EC338743,3470B628,546E7323,81282D6A,A3601AE6,606835F8,2FBEF8CE,A760B0F0,8C1741BD,DF612F44,7D7D5EAB,262EC68F"/><V81/><F1/><W57/><G131/><N who="2" m="50185" /><F120/><W83/><G3/><T7/><D74/><U113/><E66/><V103/><F37/><W33/><G33/><T85/><D133/><U128/><E134/><V110/><F103/><W121/><G121/><T79/><D31/><U122/><E122/><V116/><F116/><W123/><G123/><T2/><D2/><U44/><E111/><N who="2" m="42507" /><F54/><W52/><G38/><T6/><D104/><U91/><E128/><V30/><F30/><W69/><G105/><T26/><D26/><U132/><E132/><V108/><F108/><W97/><G67/><T24/><D24/><U77/><E29/><V99/><F99/><W42/><G42/><AGARI ba="0,0" hai="41,42,43,61,62,76,81,87" m="42507,50185" machi="42" ten="30,5800,0" yaku="19,1,14,1,10,1" doraHai="93" who="2" fromWho="3" sc="191,0,237,0,329,58,243,-58" /><INIT seed="2,1,0,2,5,68" ten="191,237,387,185" oya="2" hai0="61,35,8,124,73,37,77,122,57,44,108,23,39" hai1="109,115,55,47,96,103,123,85,48,74,56,49,71" hai2="135,84,26,6,126,62,1,50,132,58,76,114,100" hai3="119,13,30,22,43,20,14,101,111,2,17,98,51" shuffle="mt19937ar,55CEE11E,C0449C72,51BE40B0,CDFA7EF3,8CF37CA5,F18B63C0,EED1286E,C1355BE8,9D769E39,3B7E1F11,C6B0086C,0D9A6972,C23F4C42,D192C457,C6EF2601,F7A57516,073745B7,C38818C7,96CC97C1,FED983F9,BD7BC3F6,61F00472,F41D2130,1774420E,993C8D17,9CE3E228,D2B08423,8F07BA38,86D3B8DD,36B309BF,3974E85A,2ABE620D"/><V60/><F100/><W90/><G119/><T41/><D122/><U127/><E74/><V121/><F50/><W107/><G2/><T67/><D35/><U72/><E72/><V112/><F26/><W118/><G118/><T66/><D124/><U104/><E71/><V110/><F84/><W83/><G111/><T86/><D108/><U21/><E109/><V32/><F76/><W38/><G51/><T93/><D67/><U128/><E127/><V125/><F58/><W19/><G30/><T106/><D106/><U31/><E128/><V133/><F6/><W9/><G9/><T24/><D73/><U130/><E130/><V89/><F89/><W7/><G7/><T5/><D93/><U78/><E115/><V45/><F32/><W99/><G43/><T92/><D92/><U82/><E123/><V33/><F33/><W97/><REACH who="3" step="1"/><G38/><REACH who="3" step="2"/><T79/><D37/><U65/><E49/><V0/><F110/><W15/><G15/><T27/><D27/><U116/><E116/><V75/><F133/><W36/><G36/><T131/><D131/><U10/><E10/><V64/><F121/><W117/><G117/><T94/><D8/><U95/><E31/><V87/><F132/><W88/><G88/><N who="0" m="53527" /><D5/><U18/><E48/><V53/><F135/><W113/><G113/><T52/><D39/><U59/><E47/><V29/><F45/><W11/><G11/><T80/><D41/><U3/><E3/><V54/><F0/><W129/><G129/><T120/><D120/><U81/><E18/><V102/><F1/><W42/><G42/><T12/><D44/><RYUUKYOKU ba="1,1" sc="191,-10,237,-10,387,-10,175,30" hai3="13,14,17,19,20,22,83,90,97,98,99,101,107" /><INIT seed="3,2,1,0,3,45" ten="181,227,377,205" oya="3" hai0="86,3,61,36,29,39,30,105,15,51,120,123,76" hai1="132,67,21,112,115,53,33,9,108,135,52,88,111" hai2="64,133,23,14,117,79,104,110,102,17,109,55,62" hai3="24,73,1,118,83,50,11,122,134,48,99,10,4" shuffle="mt19937ar,C66B84ED,128F23E7,0E8562BD,CE198BAF,D1FF0B5E,4C207FF4,9C654B27,A559A86D,B069DDBE,E7CC6FEB,6176ED32,4FABB7E1,FC399475,167EFE4D,9B9FC48B,20ADFF73,C15A1B10,9E8E50B0,B1ED003A,7C3C2342,F4EBFCBC,D7D8FCF4,026EABF8,73F00F05,EAA63CE1,B7336C8B,9938DC94,7E3E26D9,947082EA,810F2EC6,A1417DF5,94231635"/><W128/><G118/><T49/><D105/><U126/><E33/><V22/><F117/><W47/><G122/><T74/><D76/><U87/><E9/><V116/><F133/><W16/><G134/><N who="1" m="51242" /><E21/><V89/><F55/><W20/><G128/><T13/><D86/><U56/><E67/><V32/><F89/><W81/><G73/><T82/><D82/><N who="1" m="49271" /><E126/><V65/><F32/><W38/><G38/><T91/><D91/><U5/><E5/><V57/><F65/><W114/><G114/><T34/><D34/><U43/><E43/><V80/><F22/><W37/><G37/><T63/><REACH who="0" step="1"/><D3/><REACH who="0" step="2"/><U127/><E127/><V40/><F116/><W7/><G99/><T92/><D92/><U0/><E0/><V59/><F104/><W90/><G90/><T84/><D84/><U19/><E112/><V71/><F79/><W66/><G66/><T41/><D41/><U27/><E115/><V94/><F94/><W2/><REACH who="3" step="1"/><G50/><REACH who="3" step="2"/><T72/><AGARI ba="2,3" hai="13,15,29,30,36,39,49,51,61,63,72,74,120,123" machi="72" ten="25,12000,2" yaku="1,1,0,1,22,2,52,2,53,0" doraHai="45" doraHaiUra="18" who="0" fromWho="0" sc="171,156,227,-32,377,-32,195,-62" owari="327,8,195,-15,345,34,133,-27" /></mjloggm>