<mjloggm ver="2.3"><GO type="97"/><UN n0="%43%48%49%61%54%41%69" n1="%E5%88%9D%E9%9F%B3%E3%81%93%E3%81%AA%E3%81%9F" n2="%E3%82%A6%E3%83%AB%E3%83%88%E3%83%A9%E7%AB%8B%E7%9B%B4" n3="%E3%81%BE%E3%81%99%E3%81%A3%E3%81%A1" dan="14,14,13,14" rate="1923,1863,1810,1930" sx="F,F,M,M"/><TAIKYOKU oya="0"/><INIT seed="0,0,0,4,1,63" ten="250,250,250,250" oya="0" hai0="83,11,99,131,119,3,16,117,124,58,67,113,24" hai1="107,114,29,87,73,106,104,121,21,135,6,9,92" hai2="91,120,55,35,102,84,77,4,101,27,105,116,44" hai3="32,72,59,70,76,74,48,45,20,2,108,129,19" shuffle="mt19937ar,7CC31DEF,87EA363C,9BF93EFF,BD62AF01,2EE20D3A,84B37FE2,7A599063,122A53B3"/><T30/><D113/><U98/><E73/><V128/><F35/><W122/><G70/><T38/><D38/><U56/><E114/><V126/><F27/><W134/><G32/><T110/><D124/><U93/><E121/><V123/><F4/><W65/><G2/><T86/><D131/><U62/><E135/><V39/><F55/><W5/><G134/><T75/><D75/><U97/><E87/><V71/><F44/><W33/><G33/><T100/><D110/><U109/><E109/><V0/><F39/><W7/><G108/><T52/><D3/><U103/><E9/><V46/><F46/><W69/><G69/><T8/><D30/><U40/><E6/><V68/><F71/><W130/><G122/><N who="2" m="46633" /><F68/><W132/><G132/><T14/><D24/><U79/><E40/><V112/><F0/><W90/><G90/><T115/><D115/><U28/><E79/><V118/><F112/><W66/><G59/><T34/><D34/><U125/><E125/><V111/><F111/><W51/><G76/><T85/><D11/><U47/><E47/><V127/><F127/><W82/><G82/><T88/><D86/><U22/><E22/><V57/><F57/><W15/><G72/><T31/><D31/><U36/><E36/><V133/><F126/><W26/><G74/><T50/><D67/><N who="3" m="25609" /><G26/><T25/><D25/><U64/><REACH who="1" step="1"/><E21/><REACH who="1" step="2"/><V49/><F133/><W53/><G48/><T54/><D54/><U81/><E81/><V18/><F49/><W60/><G60/><T1/><D1/><U94/><E94/><AGARI ba="0,1" hai="8,14,16,50,52,58,83,85,88,94,99,100,117,119" machi="94" ten="30,11600,0" yaku="7,1,54,3" doraHai="63" who="0" fromWho="1" sc="250,126,240,-116,250,0,250,0" /><INIT seed="0,1,0,2,2,38" ten="376,124,250,250" oya="0" hai0="13,70,101,118,15,57,88,105,71,100,9,99,48" hai1="126,53,117,22,80,2,113,116,49,5,104,37,21" hai2="28,119,129,120,74,94,68,85,16,93,77,35,62" hai3="1,69,24,34,41,51,73,46,135,43,14,76,123" shuffle="mt19937ar,CCFB8880,D3BEE83E,6FB0A808,3FD095AD,3229A2AE,FDCCCC41,DF3DD4FC,53469324"/><T78/><D118/><U26/><E104/><V102/><F74/><W44/><G69/><T20/><D78/><U32/><E80/><V50/><F120/><W107/><G107/><T125/><D125/><U39/><E126/><V124/><F62/><W95/><G123/><T67/><D100/><U115/><E32/><V59/><F28/><W19/><G1/><T111/><D111/><U54/><E49/><V134/><F35/><W89/><G135/><T106/><D106/><U96/><E96/><V97/><F68/><W4/><G4/><T56/><D56/><U61/><E61/><V87/><F124/><W103/><G103/><T82/><D20/><U86/><E86/><V65/><F93/><W109/><G109/><T66/><D66/><U27/><E5/><V12/><F65/><W47/><G76/><T108/><D108/><U130/><REACH who="1" step="1"/><E2/><REACH who="1" step="2"/><V75/><F87/><W33/><G73/><T112/><D82/><U84/><E84/><V3/><F3/><W110/><G110/><T60/><D48/><U7/><E7/><V29/><F85/><N who="3" m="52655" /><G34/><T11/><D112/><U45/><E45/><N who="3" m="17514" /><G33/><T121/><D121/><U10/><E10/><V81/><F75/><W133/><G133/><T63/><D63/><U30/><E30/><V6/><F81/><W83/><G83/><T79/><D11/><U64/><E64/><V132/><F77/><W18/><G51/><T17/><D79/><U128/><AGARI ba="1,1" hai="21,22,26,27,37,39,53,54,113,115,116,117,128,130" machi="128" ten="25,6400,0" yaku="1,1,0,1,22,2,53,0" doraHai="38" doraHaiUra="98" who="1" fromWho="1" sc="376,-33,114,77,250,-17,250,-17" /><INIT seed="1,0,0,4,5,70" ten="343,191,233,233" oya="1" hai0="135,132,52,29,85,0,55,36,25,43,44,83,13" hai1="63,80,114,96,105,104,89,118,12,37,92,2,39" hai2="77,122,14,113,119,1,120,90,125,97,129,41,15" hai3="78,66,33,42,117,56,28,108,45,131,21,79,31" shuffle="mt19937ar,E6B30F80,4D765455,178670FD,8E8492AE,2F0F449B,36DBB15A,BF0DA97F,FD042530"/><U91/><E2/><V7/><F77/><W116/><G108/><T3/><D13/><U100/><E118/><N who="3" m="45674" /><G131/><T61/><D3/><U34/><E34/><V9/><F90/><W53/><G66/><T112/><D0/><U98/><E114/><V126/><F97/><W6/><G6/><T130/><D130/><U86/><E63/><V17/><F129/><W75/><G21/><N who="0" m="15535" /><D61/><U64/><E64/><V81/><F81/><N who="3" m="45279" /><G79/><N who="0" m="46335" /><D112/><U134/><E134/><AGARI ba="0,0" hai="36,43,44,52,55,132,134,135" m="46335,15535" machi="134" ten="30,3900,0" yaku="20,1,52,1,54,1" doraHai="70" who="0" fromWho="1" sc="343,39,191,-39,233,0,233,0" /><INIT seed="2,0,0,0,5,65" ten="382,152,233,233" oya="2" hai0="27,45,119,19,20,34,109,121,120,110,62,101,127" hai1="23,43,32,58,93,57,48,54,132,15,89,77,25" hai2="61,5,67,35,113,24,72,90,117,13,129,98,94" hai3="46,42,21,37,59,103,0,79,91,16,55,111,115" shuffle="mt19937ar,CEAA3022,C2F2E4DC,EDD6418E,4DB64831,317AF9AF,0742C810,C0F9B665,EFEC39B0"/><V4/><F117/><W133/><G0/><T108/><D127/><U78/><E132/><V41/><F113/><W81/><G133/><T86/><D34/><U68/><E43/><V131/><F72/><W9/><G9/><T75/><D75/><U51/><E68/><V49/><F35/><W10/><G10/><T33/><D33/><U80/><E32/><V104/><F24/><W12/><G115/><T95/><D45/><U22/><E80/><V122/><F13/><W30/><G111/><T28/><D62/><U87/><E23/><V84/><F122/><N who="0" m="47210" /><D119/><U130/><E130/><N who="2" m="49675" /><F49/><W96/><G91/><N who="0" m="53751" /><D101/><U26/><E26/><V39/><F41/><W125/><G30/><AGARI ba="0,0" hai="19,20,27,28,30,108,109,110" m="53751,47210" machi="30" ten="40,1300,0" yaku="14,1" doraHai="65" who="0" fromWho="3" sc="382,13,152,0,233,0,233,-13" /><INIT seed="3,0,0,4,1,97" ten="395,152,233,220" oya="3" hai0="124,31,126,107,108,23,61,41,45,34,12,104,62" hai1="103,55,48,0,63,95,77,28,4,119,109,100,112" hai2="1,111,89,38,64,74,53,99,10,39,82,5,106" hai3="133,121,60,80,120,54,127,43,115,70,88,81,113" shuffle="mt19937ar,EC03C54D,F061A139,F6CBC469,86066A51,B8915ECD,405B733E,22E2D7AC,DAFDCFE8"/><W110/><G43/><T101/><D34/><U8/><E112/><N who="3" m="43082" /><G54/><T93/><D62/><U130/><E109/><V123/><F64/><W2/><G60/><T9/><D61/><U37/><E130/><V47/><F53/><W125/><G70/><T122/><D122/><N who="3" m="47209" /><G2/><T56/><D56/><U91/><E119/><V73/><F47/><W17/><G17/><N who="0" m="8335" /><D23/><U92/><E37/><V50/><F50/><W14/><G14/><T72/><D31/><U36/><E36/><V58/><F58/><W65/><G65/><T30/><D108/><U96/><E77/><V20/><F1/><W135/><G110/><T3/><D3/><U83/><E28/><V68/><F68/><W51/><G51/><T27/><D45/><U19/><E19/><V86/><F39/><W40/><G40/><T11/><D41/><U6/><E6/><V71/><F5/><W129/><G129/><T85/><D11/><U7/><E7/><V75/><F71/><W79/><G88/><T117/><D30/><U26/><E26/><V132/><F38/><W35/><G35/><T44/><D27/><U114/><E114/><V22/><F10/><W57/><G57/><T67/><D67/><U32/><E32/><V52/><F52/><W90/><G90/><T84/><D44/><U105/><E63/><V134/><F123/><W87/><G80/><T116/><D116/><U29/><E29/><V21/><F111/><W42/><G42/><T76/><D117/><U69/><E69/><V66/><F66/><W94/><G94/><T131/><D93/><U33/><E33/><V49/><F49/><RYUUKYOKU ba="0,0" sc="395,-15,152,-15,233,15,220,15" hai2="20,21,22,73,74,75,82,86,89,99,106,132,134" hai3="79,81,87,125,127,133,135" /><INIT seed="3,1,0,4,2,31" ten="380,137,248,235" oya="3" hai0="111,47,20,61,79,73,74,10,128,118,132,80,0" hai1="39,55,50,109,65,120,67,42,125,95,49,99,2" hai2="78,37,43,107,66,126,104,25,17,123,101,28,16" hai3="105,5,108,88,12,38,77,70,18,89,46,24,27" shuffle="mt19937ar,9B940625,0A2C60B6,21E25920,FACAC5FB,9BC2B5D7,5794441A,AF7E43A1,F044173C"/><W116/><G116/><T127/><D118/><U51/><E2/><V3/><F3/><W87/><G70/><T23/><D73/><U134/><E120/><V60/><F104/><W93/><G105/><T124/><D111/><U4/><E4/><V62/><F62/><W96/><G5/><N who="0" m="1319" /><D132/><U15/><E134/><V119/><F78/><W91/><G108/><T135/><D135/><U30/><E109/><V85/><F126/><N who="0" m="48170" /><D128/><U75/><E125/><V71/><F123/><W97/><G38/><T52/><D61/><U106/><E75/><V133/><F133/><W64/><G64/><T129/><D129/><U98/><E106/><V22/><F119/><W53/><G97/><T121/><D121/><U35/><E30/><V102/><F107/><W11/><G77/><T33/><D33/><U83/><E83/><V92/><F60/><W58/><G46/><T26/><D26/><N who="3" m="9769" /><G96/><T69/><D69/><U114/><E114/><V84/><F66/><W63/><AGARI ba="1,0" hai="11,12,18,53,58,63,87,88,89,91,93" m="9769" machi="63" ten="30,3000,0" yaku="8,1,54,1" doraHai="31" who="3" fromWho="3" sc="380,-11,137,-11,248,-11,235,33" /><INIT seed="3,2,0,0,4,73" ten="369,126,237,268" oya="3" hai0="11,119,80,96,8,28,55,47,90,50,75,29,59" hai1="120,62,48,76,103,7,44,114,56,40,112,58,46" hai2="36,42,118,22,23,92,79,81,125,131,134,128,109" hai3="70,26,113,85,14,60,101,9,129,117,87,82,83" shuffle="mt19937ar,14B14943,02DC1DE9,5D6FFBFD,31D17247,219A062B,B12CFCBB,E9B85D4D,A249B095"/><W89/><BYE who="1" /><G113/><T122/><D119/><U20/><E20/><UN n1="%E5%88%9D%E9%9F%B3%E3%81%93%E3%81%AA%E3%81%9F" /><V65/><F118/><W126/><G117/><T51/><D122/><U74/><E7/><V13/><F23/><W10/><G129/><N who="2" m="49737" /><F125/><W3/><G126/><T94/><D75/><U78/><E103/><V43/><F134/><W110/><G110/><T127/><D80/><U41/><E74/><N who="2" m="43255" /><F109/><W2/><G101/><T17/><D127/><U52/><E120/><V57/><F36/><W66/><G26/><T86/><D86/><U107/><E48/><V115/><F115/><W39/><G39/><T71/><D71/><U35/><E62/><N who="2" m="38095" /><F92/><W124/><G124/><T18/><D11/><U31/><E31/><N who="0" m="11849" /><D8/><U24/><E24/><V135/><F135/><W45/><G45/><T25/><D25/><U67/><E67/><V53/><F53/><AGARI ba="2,0" hai="17,18,47,50,51,53,55,59,90,94,96" m="11849" machi="53" ten="30,1000,0" yaku="8,1" doraHai="73" who="0" fromWho="2" sc="369,16,126,0,237,-16,268,0" owari="385,38,126,-27,221,-13,268,2" /></mjloggm>