<mjloggm ver="2.3"><GO type="193"/><UN n0="%4A%55%4E%50%45%49" n1="%E3%82%A6%E3%83%AB%E3%83%88%E3%83%A9%E7%AB%8B%E7%9B%B4" n2="%E3%81%AC%E3%81%93%E3%81%9F%E3%81%BE" n3="%E4%BF%9D%E6%B4%A5%E5%B3%A1" dan="10,11,11,12" rate="1480,1771,1595,1602" sx="M,M,M,M"/><TAIKYOKU oya="0"/><INIT seed="0,0,0,4,1,115" ten="250,250,250,250" oya="0" hai0="126,101,33,0,86,78,64,66,89,119,109,40,123" hai1="11,121,111,7,69,59,118,6,129,130,120,35,58" hai2="45,26,38,27,15,52,90,48,14,19,112,18,32" hai3="81,94,96,23,80,114,53,60,132,22,44,70,131" shuffle="mt19937ar,BF525844,A1F8C227,875F4B04,91B9E80C,6084181F,6D226305,5F62A808,2D7A00DB"/><T31/><D31/><U91/><E91/><V82/><F112/><W61/><G114/><T54/><D123/><U107/><E107/><V36/><F32/><W88/><G131/><T122/><D122/><U76/><E76/><V2/><F2/><W34/><G34/><T92/><D33/><U56/><E35/><V113/><F113/><W30/><G132/><T116/><D126/><U75/><E59/><V55/><F82/><W83/><G70/><T79/><D0/><U1/><E1/><V117/><F117/><W73/><G73/><T37/><D40/><U4/><E4/><V127/><F127/><W3/><G3/><T93/><D37/><U77/><E77/><V41/><F90/><W125/><G125/><T100/><D54/><U74/><E111/><V134/><F134/><W133/><G133/><T135/><D135/><U102/><E102/><V46/><F48/><N who="3" m="28807" /><G23/><T98/><D109/><U49/><E69/><V42/><AGARI ba="0,0" hai="14,15,18,19,26,27,36,38,41,42,45,46,52,55" machi="42" ten="25,6400,0" yaku="0,1,22,2,54,1" doraHai="115" who="2" fromWho="2" sc="250,-32,250,-16,250,64,250,-16" /><INIT seed="1,0,0,3,5,116" ten="218,234,314,234" oya="1" hai0="50,7,32,30,118,17,56,99,18,121,102,4,38" hai1="55,117,24,9,36,21,129,34,35,85,97,87,125" hai2="11,112,120,76,62,86,23,1,107,88,64,122,25" hai3="103,67,20,91,113,98,47,108,104,119,8,44,27" shuffle="mt19937ar,4ABCA761,9FEB433B,365E3014,462332CA,D300C871,BF602F4A,6AB0FE57,48451639"/><U68/><E36/><V126/><F107/><W59/><G119/><T43/><D118/><U66/><E66/><V111/><F76/><W39/><G113/><T49/><D38/><U6/><E68/><V115/><F1/><W82/><G108/><T46/><D121/><N who="2" m="46698" /><F11/><W54/><G39/><T77/><D77/><U105/><E117/><V74/><F74/><W84/><G67/><T80/><D80/><U75/><E75/><V58/><F126/><W92/><G8/><T83/><D83/><U40/><E87/><V57/><F57/><W135/><G135/><T3/><D3/><U60/><E125/><V14/><F14/><W130/><G130/><T101/><D30/><U45/><E129/><V78/><F78/><W94/><G104/><T31/><D31/><U51/><E105/><V110/><F25/><W127/><G127/><T70/><D70/><U133/><E133/><V123/><N who="2" m="46706" /><V81/><DORA hai="72" /><F23/><W71/><G71/><T37/><D37/><U5/><E35/><V22/><F22/><W26/><G26/><T16/><D32/><U41/><E34/><V33/><F33/><W100/><G100/><N who="0" m="38507" /><D99/><U15/><E97/><V12/><F12/><W63/><REACH who="3" step="1"/><G82/><REACH who="3" step="2"/><T10/><D10/><U89/><E5/><V65/><F65/><W128/><G128/><T13/><D7/><U93/><E93/><V73/><F73/><W29/><AGARI ba="0,1" hai="20,27,29,44,47,54,59,63,84,91,92,94,98,103" machi="29" ten="20,5200,0" yaku="1,1,0,1,7,1,8,1,53,0" doraHai="116,72" doraHaiUra="61,106" who="3" fromWho="3" sc="218,-13,234,-26,314,-13,224,62" /><INIT seed="2,0,0,3,4,77" ten="205,208,301,286" oya="2" hai0="6,29,32,110,74,61,73,135,120,130,69,96,99" hai1="8,48,85,72,18,134,79,50,20,63,2,113,65" hai2="14,62,76,102,127,89,109,43,7,68,114,71,126" hai3="23,33,103,84,98,53,17,10,83,39,81,131,44" shuffle="mt19937ar,7BBECD1B,894BCF12,D25047DB,84B2D912,342CDCF7,01D62C47,6D5137FA,49D200B1"/><V56/><F114/><W9/><G33/><T49/><D120/><U104/><E104/><V87/><F102/><W15/><G131/><T75/><D130/><U117/><E72/><V12/><F43/><W129/><G129/><T40/><D135/><U35/><E35/><V24/><F89/><W21/><G39/><T121/><D121/><U11/><E134/><V122/><F122/><W22/><G44/><T5/><D110/><U80/><E113/><V36/><F36/><W51/><G51/><T128/><D128/><U54/><E117/><V31/><F12/><N who="3" m="7311" /><G53/><T34/><D29/><U93/><E93/><V26/><F26/><W3/><G3/><T82/><D82/><N who="3" m="31241" /><G84/><T60/><D69/><U0/><E0/><V115/><F109/><W105/><G105/><T90/><D90/><U95/><E2/><V92/><F115/><W47/><G47/><T78/><D78/><U46/><E50/><V70/><F71/><W57/><G57/><T100/><D49/><U124/><E95/><V116/><F70/><W67/><G67/><T111/><D40/><U64/><E64/><V94/><F68/><W108/><G108/><T16/><D111/><U45/><E45/><V59/><F116/><W55/><G55/><T27/><D75/><U123/><E123/><V125/><F59/><W97/><G103/><T42/><D42/><U107/><E107/><V30/><F56/><W119/><G119/><T88/><D100/><U1/><E1/><V112/><F87/><W86/><G86/><T91/><D73/><U19/><E65/><V66/><F112/><W13/><G13/><RYUUKYOKU ba="0,0" sc="205,-10,208,-10,301,-10,286,30" hai3="10,15,21,22,23,97,98" /><INIT seed="3,1,0,1,2,99" ten="195,198,291,316" oya="3" hai0="72,63,33,81,74,19,101,79,0,95,103,117,110" hai1="75,84,57,31,66,47,8,105,118,51,24,123,94" hai2="9,34,29,43,38,44,56,25,61,106,13,93,113" hai3="129,126,41,53,132,39,124,133,89,104,17,108,4" shuffle="mt19937ar,F119FEB8,953D3A7C,810F3B8B,3005FBFF,02109167,AC533E3D,A83C730F,1AEB1C1D"/><W116/><G104/><T40/><D117/><U10/><E75/><V97/><F113/><W42/><G4/><T85/><D110/><U15/><E105/><V134/><F106/><W86/><G39/><T36/><D33/><U71/><E71/><V121/><F121/><W96/><G116/><T22/><D63/><U2/><E2/><V16/><F134/><N who="3" m="51819" /><G96/><T119/><D119/><U60/><E123/><V114/><F114/><W46/><G108/><T78/><D0/><U88/><E15/><V68/><F68/><W30/><G30/><T80/><D40/><U21/><REACH who="1" step="1"/><E118/><REACH who="1" step="2"/><V5/><F5/><W18/><G53/><AGARI ba="1,1" hai="8,10,21,24,31,47,51,53,57,60,66,84,88,94" machi="53" ten="30,12000,2" yaku="1,1,2,1,7,1,8,1,54,1,53,1" doraHai="99" doraHaiUra="82" who="1" fromWho="3" sc="195,0,188,133,291,0,316,-123" owari="195,-15,321,32,291,4,193,-21" /></mjloggm>