<mjloggm ver="2.3"><GO type="41"/><UN n0="%E3%81%84%E3%81%A1%E3%81%8B%E3%82%8F%E2%99%AA" n1="%E3%83%95%E3%83%AC%E3%83%B3%E3%83%81%E3%83%96%E3%83%AB" n2="%E3%82%A6%E3%83%AB%E3%83%88%E3%83%A9%E7%AB%8B%E7%9B%B4" n3="%E3%82%B4%E3%83%AA%E3%83%A9%E5%A4%A9%E7%8B%97" dan="13,14,15,13" rate="1932,1878,1978,1883" sx="M,M,M,M"/><TAIKYOKU oya="0"/><INIT seed="0,0,0,1,1,108" ten="250,250,250,250" oya="0" hai0="5,80,57,118,8,50,93,26,1,71,74,102,33" hai1="40,95,87,107,89,113,29,30,123,17,32,88,9" hai2="44,0,90,73,66,55,48,65,78,21,45,81,70" hai3="117,76,3,79,125,119,72,92,34,60,28,4,52"/><T62/><D118/><U14/><E107/><V47/><F0/><W61/><G72/><T53/><D74/><U23/><E123/><V35/><F35/><W54/><G34/><T127/><D80/><U105/><E105/><V129/><F129/><W98/><G4/><T91/><D102/><U64/><E32/><V120/><F120/><W128/><G3/><T114/><D127/><U135/><E135/><V31/><F90/><W59/><G125/><T96/><D114/><U16/><E113/><V110/><F110/><W82/><G128/><T7/><D7/><U46/><E64/><V42/><F70/><W69/><G28/><T67/><D26/><U27/><REACH who="1" step="1"/><E89/><REACH who="1" step="2"/><V94/><F66/><W122/><G122/><T84/><REACH who="0" step="1"/><D33/><REACH who="0" step="2"/><U133/><E133/><V116/><F116/><W13/><G119/><T37/><D37/><AGARI ba="0,2" hai="9,14,16,17,23,27,29,30,37,40,46,87,88,95" machi="37" ten="30,12000,2" yaku="1,1,7,1,54,2,53,2" doraHai="108" doraHaiUra="24" who="1" fromWho="0" sc="240,-120,240,140,250,0,250,0" /><INIT seed="1,0,0,2,4,84" ten="120,380,250,250" oya="1" hai0="31,21,28,61,25,94,128,85,80,2,82,6,114" hai1="99,109,53,71,91,76,15,65,7,134,113,54,44" hai2="18,89,63,55,112,57,29,120,108,1,86,67,30" hai3="14,131,23,33,79,52,115,3,75,32,129,90,111"/><U34/><E34/><N who="3" m="13418" /><G3/><T35/><D128/><N who="3" m="49225" /><G115/><T43/><D43/><U66/><E113/><V41/><F108/><W13/><G111/><T69/><D114/><U73/><E73/><V110/><F120/><W83/><G90/><T106/><D106/><U68/><E76/><V8/><F110/><W26/><G52/><N who="1" m="20074" /><E71/><V51/><F112/><W105/><G105/><T37/><D37/><U93/><E68/><V104/><F104/><W12/><G26/><T135/><D135/><U58/><E134/><V122/><F41/><W107/><G107/><T0/><D61/><U123/><E44/><V88/><F122/><W100/><G100/><T45/><D69/><U124/><E124/><V121/><F121/><W20/><AGARI ba="0,0" hai="12,13,14,20,23,75,79,83" m="49225,13418" machi="20" ten="40,1500,0" yaku="19,1" doraHai="84" who="3" fromWho="3" sc="120,-4,380,-7,250,-4,250,15" /><INIT seed="2,0,0,1,4,78" ten="116,373,246,265" oya="2" hai0="52,101,2,95,49,66,82,15,72,120,33,87,113" hai1="81,73,54,30,29,134,56,112,9,24,88,68,55" hai2="51,92,94,20,115,99,32,3,129,121,36,135,127" hai3="23,17,130,21,62,1,75,63,108,96,25,76,77"/><V79/><F20/><W10/><G130/><T83/><D33/><U19/><E68/><V60/><F51/><W104/><G108/><T18/><D2/><U64/><E73/><V5/><F60/><W124/><G124/><T14/><D72/><U57/><E134/><V22/><F22/><W86/><G75/><T123/><D113/><U106/><E106/><V34/><F79/><W31/><G1/><T41/><D41/><U38/><E38/><V35/><F99/><W128/><G128/><T74/><D74/><U117/><E117/><V85/><F85/><W103/><G10/><T126/><D126/><U58/><E112/><V28/><F94/><W98/><G98/><T90/><D66/><U114/><E114/><V70/><F92/><W8/><G8/><N who="0" m="6471" /><D123/><U119/><E119/><V37/><F127/><W131/><G131/><T42/><D42/><U13/><E64/><V97/><F97/><W40/><G40/><T27/><D27/><U91/><E91/><V69/><F129/><W46/><G46/><N who="0" m="27703" /><D120/><U53/><E24/><N who="2" m="18439" /><F121/><W84/><G76/><T89/><D101/><U43/><E43/><V111/><F115/><W105/><G105/><T12/><D90/><U50/><E50/><V122/><F122/><W118/><G118/><T7/><D7/><U100/><E100/><V80/><F35/><W71/><G71/><N who="2" m="27145" /><F34/><W133/><G77/><T26/><D26/><U116/><E116/><V44/><F5/><W6/><G6/><T132/><D132/><U59/><N who="1" m="14848" /><DORA hai="102" /><U110/><E110/><V16/><F37/><W61/><G133/><T67/><D67/><RYUUKYOKU ba="0,0" sc="116,10,373,10,246,-30,265,10" hai0="12,15,82,83,87,89,95" hai1="9,13,19,29,30,53,54,55,81,88" hai3="17,21,23,25,31,61,62,63,84,86,96,103,104" /><INIT seed="3,1,0,1,3,25" ten="126,383,216,275" oya="3" hai0="128,67,101,134,95,33,66,29,56,91,13,65,34" hai1="96,51,117,57,76,111,3,98,73,113,69,85,40" hai2="0,46,103,9,7,28,87,30,48,54,18,39,109" hai3="8,129,19,60,2,125,24,50,20,84,107,11,55"/><W82/><G107/><T106/><D134/><U71/><E73/><V16/><F109/><W99/><G129/><T58/><D128/><U126/><E3/><V89/><F103/><W6/><G125/><T41/><D41/><U81/><E111/><V133/><F133/><W75/><G75/><T130/><D130/><U88/><E126/><V10/><F39/><W35/><G60/><T23/><D101/><U27/><E113/><V115/><F115/><W116/><G116/><T118/><D106/><U21/><E117/><V31/><REACH who="2" step="1"/><F10/><REACH who="2" step="2"/><W80/><G11/><T108/><D108/><U121/><E121/><V83/><AGARI ba="1,1" hai="0,7,9,16,18,28,30,31,46,48,54,83,87,89" machi="83" ten="30,12000,2" yaku="1,1,2,1,0,1,52,3,54,1,53,0" doraHai="25" doraHaiUra="72" who="2" fromWho="2" sc="126,-31,383,-31,206,133,275,-61" /><INIT seed="4,0,0,1,2,115" ten="95,352,339,214" oya="0" hai0="11,112,64,18,98,63,97,43,33,76,66,44,73" hai1="68,91,83,34,113,86,5,133,101,124,16,81,104" hai2="23,52,88,77,118,9,99,7,93,47,125,67,127" hai3="40,22,20,24,94,119,27,75,19,48,54,57,131"/><T36/><D112/><U62/><E113/><V4/><F67/><W14/><G75/><T45/><D66/><U3/><E34/><V59/><F47/><W10/><G131/><T134/><D134/><U114/><E133/><V46/><F46/><W12/><G119/><T117/><D33/><U65/><E124/><N who="2" m="47691" /><F77/><W35/><G35/><T71/><D44/><U128/><E128/><V6/><F23/><W1/><G1/><T28/><D28/><U72/><E114/><V106/><F106/><W108/><G108/><T49/><D117/><U85/><E72/><V130/><F130/><W135/><G135/><T50/><D97/><U13/><E101/><V132/><F132/><W87/><G40/><T38/><D98/><U51/><E51/><N who="2" m="31135" /><F118/><W17/><G10/><AGARI ba="0,0" hai="4,6,7,9,10,88,93,99" m="31135,47691" machi="10" ten="30,3900,0" yaku="18,1,54,2" doraHai="115" who="2" fromWho="3" sc="95,0,352,0,339,39,214,-39" /><INIT seed="5,0,0,1,4,72" ten="95,352,378,175" oya="1" hai0="20,107,48,1,85,93,17,15,9,114,92,51,23" hai1="60,39,97,129,110,26,57,27,66,102,79,113,64" hai2="28,86,81,21,83,30,100,90,25,127,2,105,74" hai3="119,132,41,133,13,77,12,65,54,16,38,106,120"/><U43/><E110/><V84/><F127/><W134/><G119/><T7/><D107/><U80/><E113/><V115/><F115/><W82/><G106/><T35/><D114/><U70/><E129/><V103/><F74/><N who="3" m="43319" /><G120/><T76/><D23/><U40/><E39/><V6/><F105/><W123/><G123/><T14/><D35/><U29/><E70/><V75/><F75/><W71/><G54/><T52/><D51/><U67/><E29/><V96/><F96/><W22/><G41/><T31/><D31/><U63/><E97/><V59/><F30/><W56/><G71/><T4/><D4/><U55/><E102/><V135/><F135/><W104/><G104/><T42/><D42/><N who="1" m="15915" /><E63/><V124/><F124/><W89/><G38/><T46/><REACH who="0" step="1"/><D1/><REACH who="0" step="2"/><U34/><E34/><V130/><F6/><W131/><G131/><T87/><D87/><AGARI ba="0,1" hai="26,27,55,57,60,64,66,67,79,80,87" m="15915" machi="87" ten="30,2900,0" yaku="8,1,52,1" doraHai="72" who="1" fromWho="0" sc="85,-29,352,39,378,0,175,0" /><INIT seed="5,1,0,4,3,98" ten="56,391,378,175" oya="1" hai0="109,97,19,64,134,119,13,31,20,54,27,17,30" hai1="36,69,39,110,22,129,115,135,72,83,93,33,12" hai2="99,111,26,91,34,2,101,18,80,53,116,131,11" hai3="3,73,37,45,71,56,117,46,77,133,60,61,16"/><U57/><E33/><V126/><F111/><W112/><G3/><T35/><D119/><U55/><E69/><V74/><F116/><W114/><G117/><T0/><D64/><U10/><E110/><V32/><F126/><W113/><G71/><T128/><D134/><U52/><E135/><V132/><F131/><W85/><G133/><T124/><D128/><U95/><E129/><V120/><F132/><W82/><G37/><T92/><D124/><U90/><E115/><V8/><F120/><W14/><G73/><T7/><D109/><U79/><E55/><V75/><F75/><W127/><G127/><T76/><D76/><U67/><E67/><V9/><F2/><W94/><G94/><T51/><D0/><U23/><E95/><V118/><F118/><W58/><G58/><T66/><D66/><U62/><E39/><V107/><F34/><W5/><G5/><T42/><D42/><U70/><E36/><V81/><F32/><W25/><G25/><T44/><D7/><U43/><E43/><V102/><F74/><W65/><G61/><T105/><D105/><U1/><E70/><V40/><F107/><W50/><REACH who="3" step="1"/><G50/><REACH who="3" step="2"/><T108/><D108/><U88/><E1/><V41/><F26/><W78/><G78/><T103/><REACH who="0" step="1"/><D35/><REACH who="0" step="2"/><U63/><E79/><V125/><F125/><W84/><G84/><T48/><D48/><U100/><E72/><V24/><F99/><W21/><AGARI ba="1,2" hai="14,16,21,45,46,56,60,65,77,82,85,112,113,114" machi="21" ten="30,7900,0" yaku="1,1,0,1,15,1,54,1,53,0" doraHai="98" doraHaiUra="122" who="3" fromWho="3" sc="46,-21,391,-40,378,-21,165,102" /><INIT seed="6,0,0,2,3,7" ten="25,351,357,267" oya="2" hai0="5,94,82,75,109,93,88,30,67,100,86,35,79" hai1="45,89,42,118,123,81,38,76,115,85,2,1,65" hai2="131,19,98,40,33,52,41,4,29,135,121,96,134" hai3="3,55,12,6,132,97,106,71,60,58,49,130,111"/><V133/><F29/><W20/><G3/><T8/><D109/><U95/><E118/><V92/><F33/><W124/><G111/><T0/><D67/><U90/><E115/><V91/><F121/><W114/><G114/><T77/><D77/><U108/><E108/><V64/><F131/><W48/><G130/><T24/><REACH who="0" step="1"/><D100/><REACH who="0" step="2"/><U21/><E123/><V56/><F64/><W72/><G71/><T128/><D128/><U122/><E65/><V78/><F78/><W127/><G127/><T46/><D46/><U103/><E122/><V66/><F66/><W61/><G124/><T120/><D120/><U51/><E103/><V112/><F112/><W50/><G106/><T14/><D14/><U113/><E113/><V15/><F96/><W28/><G97/><T43/><D43/><U16/><E76/><V117/><F117/><W36/><G12/><T87/><D87/><U105/><E105/><V34/><F41/><W54/><G72/><T70/><D70/><U83/><E38/><V107/><F40/><W73/><G36/><T37/><D37/><U26/><E81/><AGARI ba="0,1" hai="0,5,8,24,30,35,75,79,81,82,86,88,93,94" machi="81" ten="30,7700,0" yaku="1,1,7,1,52,1,54,1,53,0" doraHai="7" doraHaiUra="99" who="0" fromWho="1" sc="15,87,351,-77,357,0,267,0" /><INIT seed="7,0,0,1,2,70" ten="102,274,357,267" oya="3" hai0="96,83,135,73,35,32,58,34,89,62,95,111,42" hai1="55,120,2,23,60,56,125,20,37,121,122,116,49" hai2="91,103,77,7,30,25,45,87,105,117,46,108,9" hai3="127,85,65,52,22,29,80,98,75,64,123,0,69"/><W115/><G123/><T57/><D135/><U106/><E2/><V68/><F108/><W16/><G0/><T40/><D111/><U19/><E106/><V74/><F68/><W100/><G75/><T93/><D73/><U47/><E116/><V130/><F117/><W39/><G39/><T13/><D83/><U71/><E125/><V28/><F28/><W31/><G69/><T99/><D13/><U82/><E82/><N who="2" m="45367" /><F9/><W24/><G127/><T131/><D131/><U33/><E33/><V76/><F76/><N who="3" m="46215" /><G115/><T12/><D12/><U86/><E86/><V63/><F7/><W59/><G100/><T124/><D35/><U51/><E19/><V126/><F25/><W92/><G92/><T119/><D62/><U107/><E107/><V112/><F30/><N who="3" m="11275" /><G98/><T48/><D124/><U26/><E26/><V53/><F126/><W14/><G24/><T18/><D119/><U6/><E6/><V15/><F112/><W90/><G90/><T79/><D79/><U66/><REACH who="1" step="1"/><E51/><AGARI ba="0,0" hai="14,16,22,51,52,59,64,65" m="11275,46215" machi="51" ten="30,5800,0" yaku="8,1,54,2" doraHai="70" who="3" fromWho="1" sc="102,0,274,-58,357,0,267,58" /><INIT seed="7,1,0,4,4,132" ten="102,216,357,325" oya="3" hai0="133,42,86,88,60,36,53,85,83,32,19,16,114" hai1="47,128,40,65,37,44,8,96,122,77,35,100,108" hai2="69,56,31,87,106,4,105,82,109,45,18,76,3" hai3="98,103,15,124,39,72,107,118,95,23,54,51,68"/><W135/><G39/><T58/><D32/><U80/><E108/><V81/><F69/><W13/><G118/><T14/><D133/><U20/><E47/><V94/><F109/><W101/><G135/><T121/><D121/><U9/><E122/><V125/><F125/><W104/><G124/><T75/><D75/><U17/><E35/><V64/><F4/><W67/><G68/><T27/><D114/><U11/><E65/><V2/><F31/><W71/><G72/><T49/><D36/><U5/><E128/><V38/><F105/><W129/><G129/><T78/><D27/><U21/><E17/><V48/><F106/><W91/><G71/><T115/><D115/><U134/><E134/><V113/><F38/><W79/><G79/><T6/><D6/><U26/><E26/><V119/><F119/><W43/><G43/><T0/><D0/><U12/><E21/><V84/><F113/><W117/><G117/><T55/><D42/><U41/><E20/><V70/><F70/><W116/><G116/><T93/><REACH who="0" step="1"/><D14/><REACH who="0" step="2"/><U97/><E41/><V120/><F2/><W22/><G15/><T63/><D63/><U99/><E100/><V111/><F3/><W50/><G13/><T10/><D10/><U24/><E24/><V30/><F120/><W89/><G103/><T62/><D62/><U1/><REACH who="1" step="1"/><E12/><REACH who="1" step="2"/><V73/><F111/><W46/><G101/><T74/><D74/><AGARI ba="1,2" hai="1,5,8,9,11,37,40,44,74,77,80,96,97,99" machi="74" ten="40,8000,1" yaku="1,1,2,1,25,2,53,1" doraHai="132" doraHaiUra="33" who="1" fromWho="0" sc="92,-83,206,103,357,0,325,0" owari="9,-49,309,-9,357,45,325,13" /></mjloggm>