<mjloggm ver="2.3"><GO type="41"/><UN n0="%E3%82%A6%E3%83%AB%E3%83%88%E3%83%A9%E7%AB%8B%E7%9B%B4" n1="%44%41%49" n2="%E7%BE%85%E5%89%9B%E6%81%A9" n3="%47%61%4B%75" dan="14,14,14,14" rate="1910,1824,1842,1859" sx="M,M,M,M"/><TAIKYOKU oya="0"/><INIT seed="0,0,0,4,0,4" ten="250,250,250,250" oya="0" hai0="77,20,64,57,6,79,125,107,52,120,109,98,33" hai1="82,45,81,63,95,70,131,18,32,2,50,101,104" hai2="17,59,40,88,103,66,75,102,122,23,76,39,115" hai3="93,69,91,72,54,56,114,30,135,44,48,8,111"/><T19/><D120/><U0/><E2/><V108/><F122/><W87/><G114/><T26/><D125/><U47/><E0/><V113/><F108/><W37/><G111/><T46/><D109/><U123/><E95/><V86/><F39/><W12/><G135/><T80/><D33/><U85/><E123/><V97/><F40/><W41/><G72/><T11/><D64/><U51/><E32/><V13/><F66/><W127/><G127/><T71/><D71/><U84/><E18/><V38/><F38/><W130/><G130/><T29/><D46/><U128/><E63/><V105/><F103/><W53/><G30/><T126/><D126/><U74/><E74/><V94/><REACH who="2" step="1"/><F59/><REACH who="2" step="2"/><W132/><G132/><T35/><D57/><U28/><E101/><V21/><F21/><W68/><REACH who="3" step="1"/><G54/><REACH who="3" step="2"/><T100/><D52/><U96/><E131/><V1/><F1/><W134/><G134/><T117/><D35/><U129/><E128/><V99/><F99/><W67/><G67/><T55/><D55/><U36/><E129/><V34/><F34/><W116/><G116/><T112/><D117/><U121/><E96/><V24/><F24/><W83/><G83/><AGARI ba="0,2" hai="13,17,23,75,76,83,86,88,94,97,102,105,113,115" machi="83" ten="40,8000,1" yaku="1,1,24,2,54,1,53,0" doraHai="4" doraHaiUra="43" who="2" fromWho="3" sc="250,0,250,0,240,100,240,-80" /><INIT seed="1,0,0,1,2,21" ten="250,250,340,160" oya="1" hai0="117,73,79,54,103,134,129,65,15,18,7,9,64" hai1="96,56,109,57,1,88,71,42,48,98,87,133,3" hai2="43,121,75,78,104,97,35,41,6,76,52,114,108" hai3="120,94,23,39,5,99,47,8,22,107,38,92,93"/><U85/><E71/><V16/><F121/><W115/><G120/><T80/><D117/><U74/><E133/><V91/><F35/><W118/><G118/><T110/><D134/><U46/><E74/><V37/><F114/><W113/><G47/><T105/><D129/><U101/><E109/><V59/><F108/><W102/><G22/><T17/><D110/><U112/><E112/><V26/><F6/><W11/><G113/><T84/><D73/><U83/><E85/><V60/><F75/><W34/><G34/><T29/><D105/><U81/><E81/><V67/><F37/><W124/><G115/><T49/><D103/><U70/><E70/><V106/><F106/><W68/><G68/><T10/><D29/><U51/><E51/><V27/><F104/><W45/><G124/><T32/><D32/><U30/><E30/><V116/><F116/><W119/><G119/><T132/><D132/><U2/><REACH who="1" step="1"/><E96/><REACH who="1" step="2"/><V36/><F97/><W111/><G111/><T86/><D86/><U13/><E13/><V90/><F36/><W128/><G39/><T63/><D63/><U4/><E4/><V44/><F76/><W66/><G5/><T25/><D7/><U14/><E14/><V61/><F78/><W58/><G38/><T24/><D17/><U100/><E100/><V12/><F61/><W55/><G102/><T31/><D31/><U122/><E122/><V72/><F72/><W135/><G99/><T126/><D126/><U53/><E53/><V82/><F82/><W77/><G135/><T62/><D62/><U40/><E40/><V123/><F123/><RYUUKYOKU ba="0,1" sc="250,-10,240,30,340,-10,160,-10" hai1="1,2,3,42,46,48,56,57,83,87,88,98,101" /><INIT seed="1,1,1,4,2,114" ten="240,270,330,150" oya="1" hai0="49,62,112,10,24,12,73,3,53,71,119,130,9" hai1="87,14,11,2,124,90,26,61,22,96,16,35,31" hai2="111,80,17,29,74,6,127,118,50,129,85,55,86" hai3="48,69,121,32,46,81,57,23,47,5,39,131,30"/><U60/><E124/><V100/><F118/><W8/><G32/><T93/><D73/><U41/><E96/><V65/><F127/><W72/><G69/><T67/><D112/><U123/><E41/><V95/><F111/><W28/><G121/><T15/><D3/><U79/><E79/><V77/><F129/><W33/><G33/><T38/><D38/><U44/><E44/><V101/><F65/><W99/><G131/><T113/><D113/><U19/><E123/><V83/><F29/><W134/><G57/><T98/><D130/><U106/><E106/><V103/><F74/><W20/><G23/><T18/><D24/><U64/><E64/><V133/><F133/><W52/><G134/><T76/><D76/><U34/><E34/><V135/><F135/><W117/><G99/><T104/><D104/><U82/><REACH who="1" step="1"/><E19/><REACH who="1" step="2"/><V36/><F17/><W51/><G39/><T66/><D66/><U45/><E45/><V54/><F36/><W63/><G47/><T97/><D97/><U107/><E107/><V125/><F125/><W109/><G46/><T128/><D128/><U89/><E89/><V88/><F6/><AGARI ba="1,2" hai="2,6,11,14,16,22,26,31,35,60,61,82,87,90" machi="6" ten="40,12000,1" yaku="1,1,24,2,54,1,53,0" doraHai="114" doraHaiUra="132" who="1" fromWho="2" sc="240,0,260,143,330,-123,150,0" /><INIT seed="1,2,0,0,3,105" ten="240,403,207,150" oya="1" hai0="44,51,99,112,80,83,54,18,120,119,117,113,41" hai1="24,68,39,34,26,59,135,52,122,14,36,75,28" hai2="71,114,63,128,84,125,12,76,78,92,121,47,93" hai3="102,13,95,123,57,23,45,101,70,132,106,77,1"/><U82/><E122/><V109/><F71/><W62/><G1/><T17/><D99/><U73/><E68/><V72/><F72/><W5/><G123/><T43/><D120/><U127/><E127/><V103/><F121/><W129/><G70/><T97/><D97/><U60/><E135/><V25/><F114/><W74/><G106/><T108/><D51/><U49/><E14/><V0/><F0/><W67/><G132/><T37/><D44/><U40/><E24/><V16/><F125/><W89/><G129/><T110/><REACH who="0" step="1"/><D54/><REACH who="0" step="2"/><U33/><E39/><AGARI ba="2,1" hai="17,18,37,39,41,43,80,83,108,110,112,113,117,119" machi="39" ten="25,6400,0" yaku="1,1,2,1,22,2,53,0" doraHai="105" doraHaiUra="130" who="0" fromWho="1" sc="230,80,403,-70,207,0,150,0" /><INIT seed="2,0,0,1,1,2" ten="310,333,207,150" oya="2" hai0="78,94,59,113,11,66,65,79,74,123,100,96,55" hai1="110,34,112,53,50,61,98,15,120,119,39,43,47" hai2="28,95,89,83,48,13,114,97,91,24,108,56,17" hai3="127,60,75,6,87,104,4,64,31,103,105,8,131"/><V106/><F114/><W5/><G75/><T124/><D123/><U21/><E120/><V44/><F106/><W23/><G8/><T9/><D124/><U76/><E34/><V3/><F3/><W68/><G127/><T20/><D20/><U32/><E119/><V45/><F108/><W14/><G131/><T125/><D125/><U18/><E32/><V101/><F83/><W46/><G87/><T107/><D107/><U81/><E110/><V92/><F56/><W29/><G46/><T134/><D134/><U121/><E121/><V126/><F126/><W90/><G90/><T40/><D40/><U88/><E112/><V71/><F71/><W58/><G68/><T133/><D133/><U132/><E132/><V73/><F73/><W111/><G111/><T118/><D118/><U102/><E61/><V26/><F101/><W116/><G116/><T30/><D30/><U129/><E129/><V0/><F0/><W80/><G80/><T62/><D113/><U16/><E81/><V69/><F69/><W67/><G67/><N who="0" m="25611" /><D74/><U49/><E76/><AGARI ba="0,0" hai="9,11,55,59,62,76,78,79,94,96,100" m="25611" machi="76" ten="30,1000,0" yaku="8,1" doraHai="2" who="0" fromWho="1" sc="310,10,333,-10,207,0,150,0" /><INIT seed="3,0,0,0,4,65" ten="320,323,207,150" oya="3" hai0="66,57,70,21,34,113,121,103,24,69,20,12,135" hai1="99,29,43,45,104,13,117,133,93,8,94,127,11" hai2="80,16,125,33,64,87,62,77,123,106,108,67,6" hai3="128,92,1,50,54,53,27,17,107,132,120,122,61"/><W5/><G107/><T10/><D121/><U68/><E127/><V112/><F125/><W118/><G118/><T100/><D34/><U47/><E117/><V42/><F123/><W38/><G38/><T115/><D135/><U119/><E119/><V75/><F112/><N who="0" m="43082" /><D57/><U85/><E13/><V134/><F33/><W91/><G120/><T46/><D46/><U59/><E29/><V32/><F32/><W26/><G122/><T88/><D66/><U101/><E59/><V86/><F134/><W52/><G132/><T71/><D88/><U35/><E133/><V84/><F108/><W73/><G73/><T51/><D51/><U76/><E35/><V116/><F116/><W41/><G128/><T97/><D24/><U79/><E43/><V58/><F106/><W7/><G1/><T105/><D100/><U30/><E101/><V111/><F111/><W48/><G61/><T114/><D114/><U36/><E36/><V25/><F42/><W55/><N who="3" m="13824" /><DORA hai="126" /><W96/><G41/><T98/><D98/><U22/><E99/><V19/><F6/><AGARI ba="0,0" hai="6,10,12,20,21,69,70,71,97,103,105" m="43082" machi="6" ten="40,8000,1" yaku="11,1,52,3" doraHai="65,126" who="0" fromWho="2" sc="320,80,323,0,207,-80,150,0" /><INIT seed="4,0,0,1,0,78" ten="400,323,127,150" oya="0" hai0="117,48,68,51,6,75,96,45,74,11,121,3,47" hai1="27,92,94,134,116,12,110,128,76,37,55,102,62" hai2="80,32,108,24,123,100,8,66,52,63,43,89,87" hai3="95,83,16,41,5,9,39,25,132,29,42,23,7"/><T125/><D121/><U71/><E37/><V31/><F123/><W113/><G113/><T84/><D68/><U46/><E116/><V73/><F108/><W131/><G131/><T59/><D117/><U114/><E128/><V135/><F135/><W44/><G132/><T17/><D96/><U119/><E134/><V90/><F43/><W21/><G95/><T81/><D125/><U15/><E71/><V106/><F73/><W130/><G130/><T82/><D59/><U93/><E110/><V105/><F8/><W133/><G133/><T118/><D118/><U57/><E114/><V38/><F38/><W85/><G9/><T77/><D17/><U88/><E119/><V101/><F90/><W129/><G41/><T127/><D127/><U122/><E122/><V109/><F109/><W72/><G72/><T49/><D84/><U30/><E102/><V1/><F1/><W69/><G69/><T115/><D115/><U28/><E76/><AGARI ba="0,0" hai="3,6,11,45,47,48,49,51,74,75,76,77,81,82" machi="76" ten="40,7700,0" yaku="9,1,52,2" doraHai="78" who="0" fromWho="1" sc="400,77,323,-77,127,0,150,0" /><INIT seed="4,1,0,0,0,93" ten="477,246,127,150" oya="0" hai0="125,31,78,109,132,54,101,13,91,71,69,107,82" hai1="61,128,130,92,50,74,9,25,47,70,108,53,14" hai2="55,117,94,20,67,84,0,102,16,76,81,64,49" hai3="126,10,52,60,122,103,27,115,106,80,97,99,134"/><T22/><D125/><U37/><E108/><V66/><F0/><W121/><G126/><T135/><D132/><U19/><E74/><V24/><F117/><W15/><G134/><T23/><D71/><U57/><E25/><V129/><F129/><W87/><G115/><T21/><D69/><U72/><E72/><V45/><F64/><W51/><G60/><T86/><D101/><U11/><E11/><V41/><F41/><W96/><G27/><T8/><D107/><U40/><E92/><V75/><F75/><W18/><G106/><T63/><D109/><U98/><E98/><AGARI ba="1,0" hai="16,20,24,45,49,55,66,67,76,81,84,94,98,102" machi="98" ten="40,5200,0" yaku="8,1,52,1,54,1" doraHai="93" who="2" fromWho="1" sc="477,0,246,-55,127,55,150,0" /><INIT seed="5,0,0,0,1,1" ten="477,191,182,150" oya="1" hai0="88,27,71,34,103,66,123,52,77,97,32,37,91" hai1="110,135,106,54,56,127,12,31,99,65,86,38,108" hai2="105,59,17,112,114,42,0,46,60,124,85,104,10" hai3="67,13,76,30,84,36,29,117,33,14,129,90,24"/><U80/><E38/><V118/><F118/><W28/><G117/><T57/><D37/><U74/><E74/><V18/><F85/><W122/><G122/><T89/><D77/><N who="1" m="46351" /><E135/><V16/><F124/><W130/><G76/><T39/><D39/><U43/><E43/><V50/><F0/><W48/><G36/><T100/><D123/><U68/><E127/><V107/><REACH who="2" step="1"/><F10/><REACH who="2" step="2"/><W120/><G120/><T133/><D133/><U5/><E99/><V96/><F96/><W102/><G129/><T75/><D75/><U15/><E106/><V82/><F82/><W44/><G130/><T92/><D34/><U40/><E110/><V7/><F7/><W35/><G35/><T126/><D126/><U19/><E108/><V69/><F69/><W121/><G121/><T20/><D32/><U62/><E68/><V93/><F93/><W2/><G2/><T70/><D70/><U51/><E31/><V95/><F95/><W6/><G29/><N who="0" m="17639" /><D71/><U125/><E125/><V115/><F115/><W4/><G30/><T109/><D109/><U116/><E116/><V63/><F63/><W98/><G28/><T9/><D9/><N who="1" m="4143" /><E62/><V21/><F21/><W113/><G33/><T45/><D97/><U119/><E119/><V22/><F22/><W78/><G98/><T53/><D92/><U111/><E111/><V132/><F132/><W23/><G23/><T73/><D73/><U131/><E131/><V8/><F8/><W87/><G78/><T64/><D103/><U11/><E40/><V81/><F81/><W26/><G102/><T72/><D100/><U94/><E94/><RYUUKYOKU ba="0,1" sc="477,-15,191,15,172,15,150,-15" hai1="11,15,19,51,54,56,65" hai2="16,17,18,42,46,50,59,60,104,105,107,112,114" /><INIT seed="5,1,1,1,2,24" ten="462,206,187,135" oya="1" hai0="61,29,20,91,63,11,43,54,82,108,128,49,52" hai1="38,65,17,131,129,94,107,116,90,59,1,104,50" hai2="70,120,101,68,57,3,97,111,74,86,19,112,25" hai3="31,28,14,4,102,30,72,5,117,118,103,135,10"/><U51/><E1/><V58/><F120/><W119/><G72/><T100/><D100/><N who="3" m="38441" /><G135/><T26/><D128/><N who="1" m="49227" /><E116/><N who="3" m="29698" /><W126/><DORA hai="33" /><G126/><T73/><D73/><U84/><E38/><V127/><F111/><W124/><G124/><T89/><D108/><U77/><E77/><V114/><F127/><W39/><G39/><T46/><D11/><U78/><E78/><V22/><F74/><W132/><G132/><T6/><D6/><AGARI ba="1,1" hai="4,5,6,10,14,28,30,31" m="29698,38441" machi="6" ten="50,8000,1" yaku="12,1,52,3" doraHai="24,33" who="3" fromWho="0" sc="462,-83,206,0,187,0,135,93" /><INIT seed="6,0,0,3,4,104" ten="379,206,187,228" oya="2" hai0="43,6,18,94,52,73,80,32,4,63,25,116,15" hai1="19,96,12,47,49,89,7,79,92,81,20,17,70" hai2="68,77,98,125,119,31,133,131,122,53,66,69,38" hai3="108,99,82,46,109,0,115,84,88,90,76,103,36"/><V61/><F122/><W102/><G0/><T128/><D128/><U2/><E70/><V67/><F119/><W95/><G36/><T30/><D43/><U65/><E65/><V132/><F31/><W135/><G46/><T55/><D55/><U51/><E2/><V40/><F77/><W127/><G127/><T13/><D13/><U34/><E34/><V117/><F117/><W124/><G124/><T16/><D18/><U78/><E78/><V45/><F125/><W56/><G56/><T101/><D116/><U91/><E91/><N who="3" m="34858" /><G135/><N who="2" m="51785" /><F98/><N who="3" m="59743" /><G115/><T86/><D25/><U64/><E64/><V54/><F131/><W57/><G57/><N who="0" m="35239" /><D73/><U129/><E129/><V41/><F41/><W60/><G60/><AGARI ba="0,0" hai="38,40,45,53,54,60,61,66,67,68,69" m="51785" machi="60" ten="30,5800,0" yaku="20,1,34,2" doraHai="104" who="2" fromWho="3" sc="379,0,206,0,187,58,228,-58" /><INIT seed="6,1,0,4,4,49" ten="379,206,245,170" oya="2" hai0="24,32,57,20,65,21,26,75,37,90,63,109,11" hai1="129,56,69,23,36,39,115,125,68,67,43,79,60" hai2="53,123,120,59,1,5,126,99,124,114,116,7,87" hai3="4,122,106,128,130,55,47,10,61,111,50,2,14"/><V93/><F116/><W30/><G122/><N who="2" m="46633" /><F59/><W95/><G106/><T134/><D37/><U91/><E23/><N who="0" m="8777" /><D32/><U41/><E91/><N who="2" m="55743" /><F53/><N who="3" m="29919" /><G30/><T86/><D75/><U74/><E74/><V82/><F1/><W48/><G61/><T81/><D134/><U71/><E79/><N who="2" m="46559" /><F5/><W101/><G2/><T22/><D11/><U88/><E129/><N who="3" m="49770" /><G111/><T64/><D109/><U16/><E16/><V76/><F7/><W8/><G8/><T28/><D26/><U105/><E36/><V25/><F25/><W12/><G12/><T102/><D102/><U3/><E39/><V80/><F114/><W132/><G132/><T29/><D65/><U58/><E115/><V70/><F70/><W19/><G4/><T89/><D29/><U77/><E3/><V121/><N who="2" m="46641" /><V78/><DORA hai="15" /><F80/><W45/><G95/><T46/><D46/><U104/><E69/><V133/><F133/><W31/><G31/><T83/><D83/><U34/><E34/><V54/><F54/><W131/><N who="3" m="49778" /><W52/><DORA hai="38" /><G101/><T113/><D113/><U118/><E105/><V40/><F40/><AGARI ba="1,0" hai="10,14,19,40,45,48,52,55" m="49778,29919" machi="40" ten="40,12000,2" yaku="19,1,52,5,54,1" doraHai="49,15,38" who="3" fromWho="2" sc="379,0,206,0,245,-123,170,123" /><INIT seed="7,0,0,2,2,67" ten="379,206,122,293" oya="3" hai0="16,45,54,121,114,7,108,111,47,132,107,125,18" hai1="52,64,62,24,91,110,65,6,39,87,102,50,1" hai2="34,97,126,88,115,58,109,38,105,73,89,15,40" hai3="46,68,122,31,10,61,28,76,48,101,37,36,22"/><W29/><G122/><T103/><D121/><U0/><E39/><V84/><F34/><W83/><G101/><T93/><D107/><U27/><E110/><V55/><F38/><W96/><G96/><N who="0" m="59791" /><D108/><U119/><E119/><V72/><F40/><W17/><G10/><T3/><D3/><U71/><E102/><N who="2" m="62671" /><F15/><W86/><G68/><T8/><D111/><U44/><E65/><V25/><F55/><W81/><G61/><T131/><D125/><U74/><E74/><N who="2" m="28779" /><F25/><W128/><G128/><T12/><D131/><U53/><E0/><V134/><F58/><W57/><G57/><T20/><D132/><U70/><E71/><V106/><F109/><W80/><G37/><T77/><D114/><U2/><E2/><V75/><F115/><W120/><G36/><T116/><D116/><U100/><E6/><V11/><F11/><W135/><G135/><T90/><D77/><U35/><E1/><V23/><F23/><W117/><G117/><T85/><D54/><U33/><E35/><V92/><F134/><W94/><G48/><T123/><D123/><U63/><E33/><V13/><F13/><W26/><G120/><T19/><D20/><U99/><E53/><V14/><F14/><W51/><REACH who="3" step="1"/><G94/><AGARI ba="0,0" hai="7,8,12,16,18,19,45,47,85,90,94" m="59791" machi="94" ten="30,2000,0" yaku="8,1,54,1" doraHai="67" who="0" fromWho="3" sc="379,20,206,0,122,0,293,-20" owari="399,50,206,-19,122,-38,273,7" /></mjloggm>