<mjloggm ver="2.3"><GO type="41"/><UN n0="%E3%82%A6%E3%83%AB%E3%83%88%E3%83%A9%E7%AB%8B%E7%9B%B4" n1="%E9%8A%80%E7%8E%8B" n2="%46%61%72%61%68" n3="%E4%BD%90%E9%96%93%E3%81%AE%E8%BC%94" dan="14,14,13,13" rate="1929,1822,1868,1837" sx="M,M,M,M"/><TAIKYOKU oya="0"/><INIT seed="0,0,0,1,3,77" ten="250,250,250,250" oya="0" hai0="75,51,52,115,103,4,55,125,100,64,61,44,128" hai1="123,92,20,84,49,135,24,134,34,120,11,105,2" hai2="111,8,121,107,95,54,1,98,96,97,43,0,82" hai3="66,13,15,85,76,9,23,63,59,91,7,5,87"/><T118/><D118/><U126/><E105/><V99/><F121/><W56/><G76/><T60/><D115/><U71/><E71/><V79/><F111/><W14/><G85/><T67/><D75/><U106/><E106/><V70/><F70/><W19/><G56/><T94/><D125/><U133/><E126/><V3/><F43/><W21/><G7/><T90/><D128/><U40/><E34/><V42/><F42/><W127/><G127/><T65/><D4/><U117/><E117/><V108/><F108/><W130/><G130/><T10/><D10/><U37/><E37/><V25/><F107/><W29/><G29/><T109/><D109/><U32/><E32/><V124/><F124/><W41/><G41/><T74/><D74/><U6/><E40/><V30/><F54/><W69/><G69/><T48/><D103/><U102/><E49/><V101/><F8/><W129/><G129/><T88/><D100/><U46/><E46/><V26/><REACH who="2" step="1"/><F30/><REACH who="2" step="2"/><W38/><G38/><T62/><D94/><U27/><E120/><V131/><F131/><W47/><G47/><AGARI ba="0,1" hai="44,47,48,51,52,55,60,61,62,64,65,67,88,90" machi="47" ten="40,12000,1" yaku="9,1,8,1,54,2" doraHai="77" who="0" fromWho="3" sc="250,130,250,0,240,0,250,-120" /><INIT seed="0,1,0,5,3,43" ten="380,250,240,130" oya="0" hai0="36,38,21,7,101,41,110,123,114,129,24,96,88" hai1="1,92,6,14,2,48,113,49,11,97,68,46,50" hai2="118,74,31,39,108,106,73,133,62,57,117,3,54" hai3="15,66,51,10,32,16,37,83,56,132,100,94,120"/><T30/><D123/><U80/><E68/><V69/><F31/><W102/><G32/><T63/><D114/><U17/><E113/><V126/><F3/><W64/><G37/><T9/><D129/><U29/><E2/><V67/><F106/><W111/><G120/><T22/><D110/><U78/><E1/><V103/><F103/><N who="3" m="39467" /><G111/><T40/><D22/><U86/><E17/><V127/><F133/><W8/><G132/><T112/><D112/><U4/><E4/><V70/><F108/><W12/><G83/><T119/><D119/><N who="2" m="45578" /><F74/><W75/><G75/><T58/><D38/><U84/><E84/><V25/><F73/><W72/><G72/><T122/><D122/><U93/><E93/><V87/><F87/><W115/><G115/><T71/><D101/><N who="1" m="60583" /><E29/><V23/><F39/><W34/><G34/><T79/><D36/><U55/><AGARI ba="1,0" hai="6,11,14,46,48,49,50,55,78,80,86" m="60583" machi="55" ten="30,2000,0" yaku="8,1,52,1" doraHai="43" who="1" fromWho="1" sc="380,-11,250,23,240,-6,130,-6" /><INIT seed="1,0,0,4,4,57" ten="369,273,234,124" oya="1" hai0="89,54,64,76,69,80,68,115,11,108,40,102,73" hai1="17,12,105,110,63,26,67,109,97,7,129,134,112" hai2="106,79,83,42,62,22,96,98,46,77,5,88,121" hai3="123,130,15,35,132,29,126,93,41,124,91,37,45"/><U113/><E7/><V1/><F121/><W81/><G123/><T71/><D115/><U74/><E74/><V133/><F133/><W84/><G132/><T86/><D108/><N who="1" m="41579" /><E134/><V135/><F135/><W94/><G130/><T23/><D40/><U58/><E129/><V16/><F5/><W125/><G35/><T21/><D102/><N who="1" m="62671" /><E26/><V122/><F1/><W118/><G29/><T18/><D54/><U65/><E17/><V3/><F3/><W43/><G15/><T25/><D21/><U51/><E12/><V49/><F122/><W117/><G43/><T31/><D11/><U111/><E51/><V119/><F119/><AGARI ba="0,0" hai="37,41,45,81,84,91,93,94,117,118,119,124,125,126" machi="119" ten="50,3200,0" yaku="12,1,18,1" doraHai="57" who="3" fromWho="2" sc="369,0,273,0,234,-32,124,32" /><INIT seed="2,0,0,0,2,56" ten="369,273,202,156" oya="2" hai0="15,26,123,25,125,95,23,104,99,38,80,28,126" hai1="83,40,87,90,24,32,53,122,36,13,57,68,0" hai2="118,50,81,107,85,20,21,29,127,16,34,84,73" hai3="5,11,135,119,27,17,93,86,54,79,8,9,55"/><V78/><F118/><W97/><G119/><T49/><D38/><U64/><E122/><V134/><F107/><W70/><G135/><T91/><D123/><U59/><E0/><V121/><F121/><W33/><G70/><T128/><D128/><U2/><E2/><V18/><F134/><W102/><G33/><T98/><D80/><U75/><E75/><V45/><F127/><W47/><G47/><T103/><D15/><U88/><E68/><V7/><F7/><W62/><G79/><T6/><D6/><U43/><E36/><V77/><F34/><W74/><G74/><T22/><D49/><U92/><E64/><V10/><F10/><W71/><G71/><T112/><D112/><U14/><E59/><V116/><F116/><W109/><G109/><T89/><D89/><U37/><E37/><V76/><F73/><W67/><G5/><T120/><D120/><U115/><E115/><V105/><F105/><W60/><G86/><N who="2" m="33385" /><F81/><W132/><G132/><T65/><D65/><U52/><E53/><N who="3" m="19978" /><G67/><T39/><D39/><U4/><E32/><V131/><F131/><W124/><G124/><T133/><D133/><U30/><E30/><AGARI ba="0,0" hai="22,23,25,26,28,30,91,95,98,99,103,104,125,126" machi="30" ten="40,1300,0" yaku="9,1" doraHai="56" who="0" fromWho="1" sc="369,13,273,-13,202,0,156,0" /><INIT seed="3,0,0,0,5,123" ten="382,260,202,156" oya="3" hai0="72,102,73,3,133,10,85,4,67,20,47,98,77" hai1="70,7,27,62,125,122,48,68,112,87,38,106,99" hai2="116,75,128,46,33,92,115,30,6,89,34,93,117" hai3="17,16,21,65,32,50,43,31,103,36,54,11,59"/><W101/><G32/><T25/><D133/><U118/><E122/><V15/><F115/><W76/><G36/><T37/><D67/><U129/><E129/><V52/><F75/><W23/><G76/><T29/><D77/><U88/><E112/><V53/><F128/><W56/><G43/><T13/><D85/><U97/><E125/><V9/><F117/><W134/><G134/><T26/><D26/><U83/><E118/><V28/><F116/><W22/><G31/><N who="2" m="11817" /><F34/><W51/><G11/><T71/><D71/><U78/><E99/><N who="2" m="57743" /><F33/><W119/><G119/><T127/><D127/><U111/><E38/><V39/><F39/><W61/><G51/><T45/><D3/><U40/><E27/><V80/><F46/><W60/><G50/><T42/><D47/><U5/><E62/><V90/><F80/><W49/><G49/><T91/><D91/><U109/><E48/><V105/><F105/><AGARI ba="0,0" hai="4,10,13,20,25,29,37,42,45,72,73,98,102,105" machi="105" ten="30,1000,0" yaku="7,1" doraHai="123" who="0" fromWho="2" sc="382,10,260,0,202,-10,156,0" /><INIT seed="4,0,0,2,1,100" ten="392,260,192,156" oya="0" hai0="108,127,25,79,55,76,82,40,81,117,28,17,109" hai1="21,61,22,77,15,66,16,130,5,13,68,125,48" hai2="63,1,62,54,19,57,111,95,43,14,41,73,23" hai3="0,99,112,123,47,12,103,119,20,98,74,133,60"/><T94/><D40/><U71/><E130/><V120/><F73/><W115/><G119/><T67/><D67/><U10/><E125/><V107/><F120/><W26/><G0/><T121/><D17/><U124/><E124/><V126/><F126/><W3/><G74/><T72/><D127/><U49/><E77/><V58/><F111/><W116/><G3/><T83/><D121/><U90/><E71/><V29/><F1/><W64/><G123/><T97/><D117/><U35/><E35/><V70/><F70/><W51/><G116/><T132/><D55/><U2/><E90/><V42/><F29/><W101/><G133/><T4/><D4/><U113/><E113/><N who="3" m="43594" /><G12/><T134/><D28/><U11/><REACH who="1" step="1"/><E22/><REACH who="1" step="2"/><V6/><F6/><AGARI ba="0,1" hai="2,5,6,10,11,13,15,16,21,48,49,61,66,68" machi="6" ten="30,8000,1" yaku="1,1,2,1,7,1,54,1,53,1" doraHai="100" doraHaiUra="56" who="1" fromWho="2" sc="392,0,250,90,192,-80,156,0" /><INIT seed="5,0,0,1,2,79" ten="392,340,112,156" oya="1" hai0="43,39,119,95,128,37,34,5,55,24,61,87,129" hai1="112,89,107,69,77,103,57,4,118,2,108,134,76" hai2="27,93,84,62,104,65,26,54,25,9,17,131,110" hai3="40,14,124,72,29,70,58,0,22,120,36,85,38"/><U75/><E69/><V127/><F110/><W86/><G70/><T23/><D34/><U74/><E118/><V122/><F122/><W130/><G120/><T100/><D5/><U46/><E108/><V82/><F104/><W78/><G0/><T126/><D43/><U117/><E117/><V31/><F131/><N who="0" m="50250" /><D126/><U45/><E134/><V41/><F127/><W135/><G130/><T97/><D87/><U99/><E112/><V44/><F93/><W47/><G124/><T94/><D94/><U80/><E57/><V73/><F73/><W35/><G135/><T10/><D10/><U11/><E89/><V15/><F54/><W33/><G58/><N who="0" m="35039" /><D119/><U21/><E21/><V8/><F8/><W51/><G33/><T13/><D13/><U28/><E28/><AGARI ba="0,0" hai="23,24,28,37,39,95,97,100" m="35039,50250" machi="28" ten="30,1000,0" yaku="19,1" doraHai="79" who="0" fromWho="1" sc="392,10,340,-10,112,0,156,0" /><INIT seed="6,0,0,3,5,63" ten="402,330,112,156" oya="2" hai0="100,83,101,27,112,98,20,72,43,115,79,50,102" hai1="70,130,105,58,126,106,44,133,75,122,68,52,110" hai2="30,1,118,23,69,116,16,99,78,125,17,6,103" hai3="60,80,94,85,90,129,51,127,18,104,124,35,120"/><V32/><F78/><W53/><G120/><T12/><D12/><U36/><RYUUKYOKU type="yao9" ba="0,0" sc="402,0,330,0,112,0,156,0" hai1="36,44,52,58,68,70,75,105,106,110,122,126,130,133" /><INIT seed="6,1,0,5,0,97" ten="402,330,112,156" oya="2" hai0="39,131,12,95,33,120,109,9,35,45,61,93,121" hai1="79,135,24,103,84,82,6,50,102,80,1,118,81" hai2="17,101,66,60,20,77,30,32,74,27,15,76,124" hai3="26,8,54,108,41,18,132,14,100,13,63,34,73"/><V88/><F124/><W55/><G73/><T127/><D109/><U106/><E118/><V2/><F2/><W91/><G108/><T22/><D22/><U72/><E24/><V36/><F36/><W68/><G132/><T78/><D78/><U11/><E50/><V122/><F122/><W3/><G41/><T4/><D45/><U89/><E135/><V46/><F74/><W51/><G3/><T67/><D39/><U92/><E103/><V28/><F30/><W42/><G42/><T123/><D127/><U16/><E16/><V114/><F114/><W69/><G69/><T29/><D131/><U117/><E117/><V99/><F46/><W75/><G75/><T115/><D115/><U44/><E44/><V129/><F88/><W98/><G68/><T43/><D43/><U57/><E57/><V105/><REACH who="2" step="1"/><F129/><REACH who="2" step="2"/><W110/><G110/><T70/><D29/><U107/><E107/><V38/><F38/><W47/><G91/><T119/><D119/><U58/><E58/><AGARI ba="1,1" hai="15,17,20,27,28,32,58,60,66,76,77,99,101,105" machi="58" ten="30,5800,0" yaku="1,1,7,1,52,1,53,0" doraHai="97" doraHaiUra="5" who="2" fromWho="1" sc="402,0,330,-61,102,71,156,0" /><INIT seed="6,2,0,5,1,80" ten="402,269,173,156" oya="2" hai0="116,11,93,20,26,50,14,129,122,84,63,130,35" hai1="48,27,79,112,75,100,18,97,65,56,43,101,16" hai2="67,44,5,6,58,99,13,121,66,37,69,124,45" hai3="134,133,83,111,128,98,64,21,0,117,77,114,1"/><V119/><F121/><W106/><G117/><T87/><D35/><U59/><E112/><V33/><F119/><W12/><G64/><T2/><D2/><N who="3" m="1129" /><G21/><T82/><D122/><U42/><E65/><V131/><F33/><W78/><G12/><T107/><D107/><U110/><E110/><V51/><F13/><W108/><G114/><T8/><D63/><U76/><E97/><V95/><F69/><W19/><G19/><T17/><D116/><U109/><E109/><N who="3" m="42058" /><G128/><N who="0" m="49259" /><D50/><U25/><E75/><V113/><F131/><W7/><G7/><T29/><D82/><U53/><E48/><V62/><F113/><W10/><G10/><T61/><D61/><U96/><E96/><V105/><F5/><W40/><G40/><T22/><D93/><U85/><E53/><V103/><F95/><W4/><G4/><T34/><D11/><U132/><REACH who="1" step="1"/><E132/><REACH who="1" step="2"/><N who="3" m="50794" /><G98/><T135/><D135/><U46/><E46/><V88/><F66/><W68/><G68/><T55/><D55/><U89/><E89/><V24/><F45/><W52/><G52/><T118/><D118/><U15/><E15/><V86/><F44/><W115/><G115/><T41/><D41/><U30/><E30/><V31/><F31/><W120/><G120/><T57/><D57/><U28/><E28/><V23/><F99/><W74/><G78/><T47/><D47/><U72/><E72/><V73/><F73/><W92/><G92/><T54/><D54/><U102/><E102/><V126/><F103/><W32/><G32/><T3/><D34/><U91/><E91/><V90/><F90/><W71/><G71/><RYUUKYOKU ba="2,1" sc="402,10,259,10,173,-30,156,10" hai0="3,8,14,17,20,22,26,29,84,87" hai1="16,18,25,27,42,43,56,59,76,79,85,100,101" hai3="74,77,83,106" /><INIT seed="7,3,1,4,5,85" ten="412,269,143,166" oya="3" hai0="129,63,104,55,123,72,109,32,37,125,74,30,108" hai1="118,103,134,17,53,101,76,6,0,130,2,92,124" hai2="135,116,71,38,39,89,77,34,87,3,49,16,42" hai3="47,119,106,112,102,10,8,73,114,45,57,105,11"/><W65/><G119/><T41/><D55/><U22/><E118/><V43/><F116/><W25/><G73/><T14/><D14/><U7/><E76/><V78/><F71/><W128/><G25/><T24/><D63/><U68/><E68/><V23/><F3/><W80/><G80/><T36/><D125/><U26/><E134/><V126/><F135/><W29/><G29/><T52/><D52/><U20/><E130/><V111/><F126/><W48/><G128/><T132/><D132/><U93/><E124/><V107/><F111/><W84/><G102/><T18/><D18/><U79/><E79/><N who="2" m="30219" /><F107/><N who="3" m="40971" /><G84/><T113/><D129/><U86/><E86/><V28/><F34/><W96/><G96/><T13/><D123/><U15/><E53/><V98/><F38/><N who="0" m="14954" /><D41/><N who="2" m="15370" /><F39/><W59/><G65/><T56/><D74/><U21/><E103/><V131/><F131/><W88/><G88/><T122/><D72/><U110/><E101/><V46/><F98/><W66/><G66/><T81/><D122/><U60/><E110/><V44/><F28/><W69/><G69/><T31/><D30/><N who="1" m="17735" /><E60/><V19/><F19/><W97/><G48/><T51/><D109/><U50/><E50/><V58/><F49/><W35/><G97/><T82/><D51/><U117/><E117/><V61/><F61/><W33/><G45/><T12/><D108/><U62/><E62/><V54/><F54/><W27/><G47/><T115/><D82/><U133/><E133/><V83/><F58/><N who="3" m="22027" /><G27/><AGARI ba="3,1" hai="16,23,27,44,46,83,87,89" m="15370,30219" machi="27" ten="30,3900,0" yaku="8,1,52,1,54,1" doraHai="85" who="2" fromWho="3" sc="412,0,269,0,143,58,166,-48" owari="412,51,269,7,201,-20,118,-38" /></mjloggm>