<mjloggm ver="2.3"><GO type="41"/><UN n0="%77%61%6C%6B" n1="%E3%82%A6%E3%83%AB%E3%83%88%E3%83%A9%E7%AB%8B%E7%9B%B4" n2="%E3%81%8A%E9%85%A2%E3%81%AE%E9%AD%94%E6%B3%95%E4%BD%BF%E3%81%84" n3="%59%4F%43%43%48%49" dan="15,14,13,14" rate="1972,1892,1841,1866" sx="M,M,F,M"/><TAIKYOKU oya="0"/><INIT seed="0,0,0,0,2,61" ten="250,250,250,250" oya="0" hai0="15,108,115,56,51,35,123,53,119,100,110,134,80" hai1="14,9,104,129,66,30,92,88,24,70,71,3,38" hai2="40,60,8,1,72,39,97,95,5,121,44,32,64" hai3="117,36,67,27,52,33,12,116,112,76,106,13,74"/><T75/><D119/><U68/><E104/><V11/><F121/><W126/><G112/><T111/><D123/><U23/><E38/><V131/><F131/><W19/><G126/><T17/><D115/><U22/><E3/><V109/><F109/><W55/><G36/><T69/><D35/><U128/><E23/><V62/><F11/><W86/><G106/><T79/><D100/><U84/><E128/><V122/><F122/><W41/><G74/><T65/><D134/><U90/><E90/><V127/><F127/><W18/><G41/><T96/><D96/><U7/><REACH who="1" step="1"/><E129/><REACH who="1" step="2"/><V31/><F32/><W132/><G132/><T93/><D93/><U125/><E125/><V94/><F95/><W28/><G117/><T49/><D49/><U16/><E16/><V83/><F83/><W103/><G116/><T105/><D105/><U34/><E34/><V107/><F107/><W21/><G19/><T130/><D130/><U48/><E48/><V99/><F94/><W0/><G0/><T89/><D89/><U101/><E101/><V78/><F1/><W26/><G103/><T98/><D98/><U50/><E50/><V59/><F99/><W135/><G135/><T118/><D118/><U54/><E54/><V120/><F97/><W114/><G114/><T43/><D43/><U82/><E82/><V102/><F120/><W63/><G55/><T42/><D42/><U58/><E58/><V6/><F102/><W87/><G52/><T4/><D4/><U113/><E113/><V124/><F5/><W91/><G91/><T77/><D80/><U47/><E47/><RYUUKYOKU ba="0,1" sc="250,-10,240,30,250,-10,250,-10" hai1="7,9,14,22,24,30,66,68,70,71,84,88,92" /><INIT seed="1,1,1,1,2,19" ten="240,270,240,240" oya="1" hai0="133,121,49,51,42,131,94,97,60,116,47,4,27" hai1="84,43,53,41,61,102,67,90,87,40,78,110,86" hai2="115,36,17,77,64,46,52,132,70,57,56,124,73" hai3="134,8,125,74,11,114,30,23,88,37,123,120,34"/><U68/><E110/><V24/><F73/><W89/><G114/><T104/><D116/><U15/><E102/><V55/><F77/><W71/><G71/><T100/><D121/><U106/><E106/><V38/><F24/><W20/><G125/><T18/><D133/><U5/><E78/><V129/><F17/><W113/><G113/><T10/><D131/><U29/><E29/><V39/><F115/><W128/><G74/><T2/><D60/><U93/><E53/><N who="2" m="20555" /><F129/><W58/><G37/><T54/><D104/><U13/><REACH who="1" step="1"/><E5/><REACH who="1" step="2"/><V31/><F31/><W26/><G128/><T91/><D100/><U119/><E119/><V69/><F132/><W82/><G134/><T65/><D65/><U9/><E9/><V66/><F124/><W112/><G112/><T85/><D54/><U127/><E127/><V59/><F46/><W33/><G123/><T108/><D108/><U63/><E63/><V25/><F25/><W75/><G120/><T0/><D18/><U135/><E135/><V92/><F92/><W79/><G33/><T105/><D27/><U48/><E48/><V98/><F98/><AGARI ba="1,2" hai="13,15,40,41,43,61,67,68,84,86,87,90,93,98" machi="98" ten="40,2000,0" yaku="1,1,53,0" doraHai="19" doraHaiUra="45" who="1" fromWho="2" sc="240,0,260,43,240,-23,240,0" /><INIT seed="1,2,0,1,4,34" ten="240,303,217,240" oya="1" hai0="7,125,131,110,95,79,128,22,44,4,121,122,64" hai1="103,108,43,102,77,84,124,114,19,15,123,38,91" hai2="42,109,83,11,48,57,55,92,20,130,26,76,88" hai3="135,33,3,90,118,65,62,1,132,54,24,120,51"/><U133/><E123/><N who="0" m="47113" /><D64/><U70/><E114/><V106/><F106/><W73/><G120/><T101/><D79/><U52/><E70/><V74/><F109/><W25/><G73/><T41/><D110/><U93/><E108/><V29/><F130/><N who="0" m="49706" /><D101/><U8/><E124/><V68/><F68/><W47/><G118/><T112/><D95/><U105/><E133/><N who="3" m="51274" /><G33/><T39/><D112/><U85/><E105/><V94/><F42/><W81/><G90/><T23/><D125/><U129/><E129/><V98/><F92/><W58/><G81/><T10/><D7/><U50/><E43/><V32/><REACH who="2" step="1"/><F11/><REACH who="2" step="2"/><W0/><AGARI ba="2,1" hai="0,1,3,24,25,47,51,54,58,62,65" m="51274" machi="0" ten="40,8000,1" yaku="20,1,52,3" doraHai="34" who="3" fromWho="3" sc="240,-22,303,-42,207,-22,240,96" /><INIT seed="2,0,0,5,0,116" ten="218,261,185,336" oya="2" hai0="88,73,100,80,77,6,59,47,91,57,72,53,12" hai1="39,79,106,50,119,92,51,18,22,36,125,46,132" hai2="14,134,41,74,75,40,13,42,68,131,56,54,133" hai3="31,11,112,86,29,121,96,2,87,127,63,122,76"/><V4/><F68/><W61/><G127/><T105/><D72/><U70/><E106/><V65/><F65/><W48/><G96/><T9/><D47/><U55/><E119/><V120/><F131/><W20/><G112/><T117/><D117/><U3/><E3/><V30/><F30/><W0/><G76/><T115/><D115/><U108/><E79/><V128/><F128/><W123/><G48/><T82/><D82/><U102/><E70/><V24/><F24/><W126/><G126/><T111/><D111/><U109/><E125/><V8/><F14/><W83/><G83/><T64/><D105/><U67/><E67/><V99/><F99/><W32/><G32/><T103/><D64/><U135/><E51/><V28/><F28/><N who="3" m="10827" /><G20/><T107/><D59/><U118/><E118/><V66/><F66/><W81/><G11/><T58/><D57/><U93/><E39/><V15/><F120/><W21/><G21/><T89/><REACH who="0" step="1"/><D107/><REACH who="0" step="2"/><U101/><E36/><V84/><F84/><N who="3" m="32299" /><G81/><T10/><D10/><U5/><E109/><V35/><F35/><W37/><G37/><T124/><D124/><U129/><E108/><V19/><F75/><W43/><G43/><T60/><AGARI ba="0,1" hai="6,9,12,53,58,60,73,77,80,88,89,91,100,103" machi="60" ten="30,8000,1" yaku="1,1,0,1,54,1,53,2" doraHai="116" doraHaiUra="98" who="0" fromWho="0" sc="208,90,261,-20,185,-40,336,-20" /><INIT seed="3,0,0,5,4,75" ten="298,241,145,316" oya="3" hai0="3,121,104,54,20,102,100,97,123,43,46,34,99" hai1="129,83,131,73,112,38,122,55,35,114,110,98,84" hai2="135,132,11,115,118,33,80,9,134,56,116,41,96" hai3="47,19,91,60,26,17,57,58,77,63,113,76,82"/><W6/><G113/><N who="1" m="43626" /><E55/><V4/><F115/><W15/><G47/><T133/><D34/><U127/><E38/><V61/><F41/><W78/><G6/><T52/><D3/><U40/><E40/><V32/><F80/><W2/><G2/><T10/><D10/><U74/><E35/><N who="2" m="13387" /><F96/><W18/><G26/><T103/><D20/><U42/><E42/><V62/><F56/><N who="3" m="21611" /><G15/><T13/><D13/><U69/><E69/><V23/><F23/><W79/><N who="3" m="19968" /><DORA hai="5" /><W105/><G105/><T94/><D103/><U31/><E31/><V12/><F61/><W87/><AGARI ba="0,0" hai="17,18,19,60,63,82,87,91" m="19968,21611" machi="87" ten="50,12000,1" yaku="8,1,52,4" doraHai="75,5" who="3" fromWho="3" sc="298,-40,241,-40,145,-40,316,120" /><INIT seed="3,1,0,0,0,23" ten="258,201,105,436" oya="3" hai0="114,39,36,69,60,123,6,45,80,104,81,108,17" hai1="12,18,131,115,130,134,107,128,7,41,91,76,52" hai2="38,9,75,15,118,0,93,11,50,8,62,89,32" hai3="48,37,42,47,135,106,127,54,29,92,43,59,63"/><W117/><G106/><T88/><D104/><U44/><E107/><V53/><F75/><W99/><G117/><T31/><D123/><U79/><E115/><V101/><F118/><W64/><G127/><T113/><D6/><U87/><E7/><V14/><F38/><W2/><G2/><T10/><D31/><U35/><E35/><V34/><F0/><W110/><G135/><T67/><D80/><U40/><E134/><V25/><F101/><W49/><G29/><T71/><D69/><U70/><E70/><V86/><F62/><W119/><G119/><T122/><D122/><U58/><E44/><V77/><F77/><W24/><G24/><T83/><D83/><U66/><E66/><V95/><F34/><W129/><G110/><T61/><D61/><U30/><E30/><V100/><F100/><W27/><G27/><T109/><D45/><U120/><E120/><V103/><F103/><W96/><G129/><T125/><D125/><U22/><E79/><V121/><F121/><W65/><G96/><T98/><D17/><U26/><E76/><V116/><F116/><W85/><G85/><N who="0" m="50223" /><D10/><U56/><E12/><N who="2" m="4651" /><F25/><W68/><G92/><T111/><D98/><U1/><E1/><V5/><F32/><W55/><G99/><T78/><D78/><U73/><E73/><V16/><F5/><W90/><G90/><T19/><D19/><U124/><E124/><V126/><F126/><W51/><G42/><N who="1" m="16490" /><E52/><N who="3" m="20010" /><G68/><T13/><D13/><U28/><E28/><V102/><F102/><W82/><G82/><AGARI ba="1,0" hai="18,22,26,56,58,82,87,91,128,130,131" m="16490" machi="82" ten="30,2000,0" yaku="19,1,52,1" doraHai="23" who="1" fromWho="3" sc="258,0,201,23,105,0,436,-23" /><INIT seed="4,0,0,0,0,32" ten="258,224,105,413" oya="0" hai0="133,110,36,91,131,92,88,99,129,11,14,6,66" hai1="23,24,87,63,31,39,101,109,34,111,62,118,40" hai2="47,97,81,49,126,25,56,59,93,10,28,78,96" hai3="54,2,17,8,29,116,61,95,73,86,100,123,122"/><T83/><D36/><U90/><E118/><V121/><F121/><W105/><G73/><T127/><D110/><U37/><E101/><V125/><F10/><W72/><G72/><T69/><D127/><N who="2" m="48650" /><F81/><W42/><G105/><T71/><D66/><U67/><E34/><N who="2" m="20751" /><F78/><W85/><G116/><T22/><D22/><U134/><E134/><V35/><F35/><W51/><G42/><T104/><D104/><U128/><E128/><N who="0" m="49225" /><D133/><U106/><E106/><V43/><F97/><W46/><G123/><T16/><D6/><U132/><E132/><V70/><F70/><N who="0" m="26634" /><D83/><U77/><E111/><V68/><F68/><W108/><G108/><T103/><AGARI ba="0,0" hai="11,14,16,88,91,92,99,103" m="26634,49225" machi="103" ten="30,6000,0" yaku="19,1,54,2" doraHai="32" who="0" fromWho="0" sc="258,60,224,-20,105,-20,413,-20" /><INIT seed="4,1,0,5,1,19" ten="318,204,85,393" oya="0" hai0="26,71,55,24,7,45,66,46,135,113,63,89,67" hai1="77,21,95,111,33,131,10,87,41,72,47,76,109" hai2="129,50,99,96,117,0,78,107,34,69,75,127,80" hai3="35,48,13,30,29,108,8,64,5,116,132,120,91"/><T61/><D135/><U93/><E33/><V86/><F34/><W98/><G116/><T3/><D113/><U53/><E53/><V57/><F0/><W9/><G108/><T4/><D89/><U74/><E10/><V42/><F69/><W133/><G120/><T115/><D115/><U60/><E60/><V110/><F42/><W122/><G64/><T36/><D36/><U79/><E47/><V27/><F27/><W51/><G122/><T40/><D40/><U38/><E41/><V6/><F6/><W14/><G98/><N who="2" m="37417" /><F50/><W39/><G39/><T58/><D55/><U31/><E38/><V54/><F54/><W94/><G35/><T15/><D15/><U130/><E31/><V17/><F17/><W12/><G133/><T92/><D92/><N who="1" m="35403" /><E87/><V100/><F57/><W123/><G123/><T16/><D16/><U22/><E109/><V134/><F129/><N who="1" m="49161" /><E111/><V126/><F134/><W103/><G132/><T114/><D58/><U84/><E84/><V124/><F110/><W83/><G5/><T44/><D114/><U56/><E56/><V97/><F117/><W82/><G29/><T106/><D45/><U49/><E49/><V65/><F65/><W73/><G30/><T1/><REACH who="0" step="1"/><D71/><REACH who="0" step="2"/><U23/><AGARI ba="1,1" hai="21,22,23,72,74,76,77,79" m="49161,35403" machi="23" ten="40,12000,2" yaku="28,2,19,1,52,3" doraHai="19" who="1" fromWho="1" sc="308,-61,204,133,85,-31,393,-31" /><INIT seed="5,0,0,3,3,61" ten="247,337,54,362" oya="1" hai0="16,89,101,91,44,93,28,43,134,113,124,66,75" hai1="57,68,0,86,71,102,3,92,59,135,105,83,87" hai2="65,123,79,94,73,72,80,41,54,103,22,95,88" hai3="12,111,128,81,74,133,37,38,108,99,53,9,7"/><U33/><E33/><V96/><F41/><W106/><G133/><T46/><D75/><N who="2" m="28746" /><F65/><W64/><G128/><T21/><D28/><U127/><E135/><V31/><F31/><W19/><G111/><T90/><D134/><U130/><E130/><V48/><F48/><W36/><G108/><T98/><D124/><U49/><E127/><V5/><F5/><W13/><G74/><T77/><D77/><U118/><E118/><V110/><F54/><W15/><G81/><T11/><D11/><U114/><E71/><V8/><F8/><W27/><G99/><T24/><D113/><U122/><E114/><V117/><F22/><W56/><G106/><T116/><D116/><U131/><E105/><N who="2" m="63719" /><F110/><W58/><G27/><T42/><REACH who="0" step="1"/><D66/><REACH who="0" step="2"/><U125/><E125/><V34/><F117/><W60/><REACH who="3" step="1"/><G7/><REACH who="3" step="2"/><T67/><D67/><U85/><E131/><V4/><F4/><W10/><G10/><T119/><D119/><U115/><E115/><V6/><F6/><W100/><G100/><T52/><D52/><U126/><E126/><V30/><F123/><W50/><AGARI ba="0,2" hai="9,12,13,15,19,36,37,38,50,53,56,58,60,64" machi="50" ten="30,4000,0" yaku="1,1,0,1,52,1,53,0" doraHai="61" doraHaiUra="132" who="3" fromWho="3" sc="237,-10,337,-20,54,-10,352,60" /><INIT seed="6,0,0,2,5,64" ten="227,317,44,412" oya="2" hai0="48,122,71,105,43,72,90,45,35,119,101,41,99" hai1="38,100,2,32,67,129,111,30,61,85,106,24,73" hai2="4,97,125,53,27,81,51,20,44,33,82,25,11" hai3="40,56,130,96,8,16,76,69,86,58,0,93,135"/><V66/><F125/><W124/><G135/><T115/><D35/><U123/><E85/><V18/><F33/><W9/><G130/><T15/><D122/><U84/><E84/><V70/><F97/><W46/><G69/><T49/><D72/><U89/><E89/><V12/><REACH who="2" step="1"/><F25/><REACH who="2" step="2"/><W83/><G124/><T50/><D119/><U126/><E24/><V52/><F52/><W87/><G87/><T116/><D116/><U19/><E129/><V77/><F77/><W68/><G0/><T91/><D15/><U134/><E67/><V104/><F104/><W5/><G96/><T17/><D43/><U127/><E127/><V94/><F94/><W78/><G93/><T118/><D118/><U133/><E133/><V28/><F28/><W63/><G83/><T108/><D105/><U59/><E30/><V95/><F95/><W103/><G86/><T132/><D99/><U26/><E26/><V39/><F39/><W1/><G103/><T128/><D101/><U80/><E100/><V3/><F3/><W92/><G92/><T109/><D128/><U47/><E80/><V54/><F54/><W65/><G1/><T37/><D132/><U42/><E2/><V7/><F7/><W98/><G5/><T29/><D90/><U74/><E126/><V13/><F13/><W10/><G98/><T79/><D91/><U114/><E38/><V57/><F57/><N who="3" m="22123" /><G16/><T75/><D17/><U31/><E19/><V36/><F36/><W117/><G117/><T6/><D6/><U21/><E134/><V62/><AGARI ba="0,1" hai="4,11,12,18,20,27,44,51,53,62,66,70,81,82" machi="62" ten="30,11700,0" yaku="1,1,0,1,52,1,53,1" doraHai="64" doraHaiUra="23" who="2" fromWho="2" sc="227,-39,317,-39,34,127,412,-39" /><INIT seed="6,1,0,2,1,38" ten="188,278,161,373" oya="2" hai0="97,49,111,116,23,93,87,69,73,48,88,102,56" hai1="125,63,122,40,75,34,112,13,44,22,11,50,54" hai2="99,0,109,67,132,8,120,70,121,35,89,2,52" hai3="98,124,3,72,25,19,74,41,21,51,62,117,131"/><V58/><F35/><W31/><G117/><T90/><D69/><U24/><E75/><V107/><F109/><W59/><G124/><T85/><D73/><U7/><E125/><V55/><F132/><W104/><G131/><T91/><D111/><U18/><E122/><V32/><F32/><W86/><G3/><T15/><D116/><U135/><E135/><V57/><F8/><W12/><G98/><T66/><D49/><U71/><E112/><V114/><F114/><W43/><G104/><T45/><D66/><U39/><E34/><V108/><F108/><W29/><G74/><T83/><D56/><U68/><REACH who="1" step="1"/><E63/><REACH who="1" step="2"/><V61/><F121/><W113/><G72/><T16/><REACH who="0" step="1"/><D87/><REACH who="0" step="2"/><U5/><E5/><V82/><F120/><W101/><G113/><T126/><D126/><U27/><E27/><V65/><F61/><W64/><G86/><T36/><D36/><U94/><E94/><V119/><F119/><W92/><G51/><T105/><D105/><U80/><E80/><V14/><F107/><W115/><G115/><T128/><D128/><U78/><E78/><V134/><F134/><W26/><G92/><T96/><D96/><U100/><E100/><V81/><F99/><W129/><G101/><T53/><AGARI ba="1,2" hai="15,16,23,45,48,53,83,85,88,90,91,93,97,102" machi="53" ten="20,12000,2" yaku="1,1,0,1,7,1,8,1,54,2,53,0" doraHai="38" doraHaiUra="1" who="0" fromWho="0" sc="178,143,268,-31,161,-61,373,-31" /><INIT seed="7,0,0,1,5,37" ten="321,237,100,342" oya="3" hai0="124,112,92,94,17,130,13,6,12,0,118,134,95" hai1="113,14,57,30,68,135,41,122,20,29,125,105,75" hai2="42,106,102,23,117,21,84,114,87,127,66,108,132" hai3="82,126,96,107,63,103,61,59,1,4,54,62,44"/><W109/><G126/><T80/><D118/><U56/><E20/><V73/><F66/><W104/><G109/><T32/><D32/><U70/><E14/><V123/><F23/><W50/><G4/><T88/><D124/><U9/><E125/><V36/><F21/><W5/><G107/><T7/><D0/><U110/><E105/><V111/><F102/><W26/><G82/><T48/><D134/><U33/><E113/><V15/><F15/><N who="0" m="5706" /><D112/><U52/><E122/><V69/><F84/><W99/><G26/><T27/><D130/><U81/><E135/><V90/><F42/><W116/><G116/><T43/><D27/><U11/><E110/><V131/><F87/><W67/><REACH who="3" step="1"/><G96/><REACH who="3" step="2"/><T3/><D3/><U22/><E81/><V83/><F83/><W8/><AGARI ba="0,1" hai="1,5,8,44,50,54,59,61,62,63,67,99,103,104" machi="8" ten="30,6000,0" yaku="1,1,2,1,0,1,53,0" doraHai="37" doraHaiUra="38" who="3" fromWho="3" sc="321,-20,237,-20,100,-20,332,70" owari="301,10,217,-18,80,-42,402,50" /></mjloggm>