<mjloggm ver="2.3"><GO type="41"/><UN n0="%45%4E%30%31%30%33" n1="%63%68%6F%62%2D" n2="%E3%82%A6%E3%83%AB%E3%83%88%E3%83%A9%E7%AB%8B%E7%9B%B4" n3="%E3%81%8B%E3%82%89%E3%81%82%E3%81%92%E5%AE%9A%E9%A3%9F" dan="14,13,14,14" rate="1889,1837,1957,1975" sx="M,M,M,M"/><TAIKYOKU oya="0"/><INIT seed="0,0,0,5,2,3" ten="250,250,250,250" oya="0" hai0="77,33,94,133,26,12,122,13,11,103,0,83,76" hai1="126,31,34,14,128,46,86,64,2,5,24,98,117" hai2="81,36,47,75,110,99,111,124,102,82,61,134,85" hai3="21,66,104,120,65,79,105,130,38,41,8,109,78"/><T107/><D122/><U62/><E117/><V59/><F47/><W87/><G120/><T68/><D68/><U17/><E126/><V55/><F36/><W10/><G38/><T20/><D107/><U108/><E108/><N who="2" m="41515" /><F75/><W52/><G41/><T91/><D133/><U93/><E86/><V101/><F134/><W58/><G109/><T43/><D103/><U48/><E128/><V53/><F124/><W106/><G130/><T23/><D76/><U127/><E127/><V50/><F50/><W9/><G21/><T116/><D116/><U74/><E74/><V25/><F25/><W40/><G40/><T60/><D33/><U132/><E132/><V51/><F51/><W35/><G35/><T69/><D69/><U57/><E17/><V6/><F6/><W4/><G4/><T16/><D60/><U96/><E2/><V37/><F37/><W135/><G135/><T112/><D0/><U113/><E113/><V29/><F29/><W121/><G121/><T129/><D129/><U19/><E93/><V92/><F55/><W63/><REACH who="3" step="1"/><G78/><REACH who="3" step="2"/><T32/><D32/><U90/><E5/><V70/><F70/><W114/><G114/><T100/><D112/><U89/><E89/><V123/><F123/><W67/><G67/><T54/><D43/><U44/><E90/><N who="2" m="55703" /><F82/><AGARI ba="0,1" hai="8,9,10,52,58,63,65,66,79,82,87,104,105,106" machi="82" ten="50,3200,0" yaku="1,1,54,1,53,0" doraHai="3" doraHaiUra="45" who="3" fromWho="2" sc="250,0,250,0,250,-32,240,42" /><INIT seed="1,0,0,3,5,85" ten="250,250,218,282" oya="1" hai0="117,124,111,100,120,116,113,108,72,15,86,43,93" hai1="65,38,26,54,28,119,128,88,55,75,132,10,3" hai2="6,25,103,92,61,71,112,123,1,30,18,102,76" hai3="2,77,50,97,83,99,33,68,89,14,46,52,126"/><U125/><E119/><N who="0" m="45641" /><D43/><U60/><E38/><V62/><F112/><W17/><G2/><T16/><D113/><U51/><E75/><V24/><F123/><W69/><G33/><T35/><D35/><U105/><E105/><V106/><F6/><W44/><G126/><T95/><D124/><U134/><E125/><V127/><F1/><W11/><G44/><T110/><D120/><U53/><E128/><V57/><F127/><W31/><G31/><T49/><D49/><U0/><E10/><V59/><F71/><W135/><G135/><N who="1" m="51754" /><E51/><V19/><F106/><W94/><REACH who="3" step="1"/><G99/><REACH who="3" step="2"/><N who="0" m="59503" /><D72/><AGARI ba="0,1" hai="11,14,17,46,50,52,68,69,72,77,83,89,94,97" machi="72" ten="30,7700,0" yaku="1,1,7,1,52,1,54,1,53,0" doraHai="85" doraHaiUra="114" who="3" fromWho="0" sc="250,-77,250,0,218,0,272,87" /><INIT seed="2,0,0,0,0,73" ten="173,250,218,359" oya="2" hai0="40,131,60,133,53,103,18,9,25,4,33,63,100" hai1="22,61,93,29,128,12,0,105,3,123,23,107,99" hai2="49,111,24,83,15,71,84,85,108,30,32,21,135" hai3="92,114,78,68,109,126,127,54,2,122,90,69,28"/><V87/><F71/><W104/><G104/><T117/><D133/><U89/><E123/><V91/><F135/><W96/><G122/><T129/><D40/><U37/><E37/><V98/><F49/><W86/><G2/><T58/><D63/><U55/><E22/><V19/><F98/><W124/><G114/><T16/><D33/><U74/><E74/><V115/><F115/><W56/><G28/><T79/><D117/><U10/><E128/><N who="0" m="49225" /><D25/><U44/><E0/><V26/><REACH who="2" step="1"/><F24/><REACH who="2" step="2"/><W27/><G27/><T39/><D39/><U67/><E99/><V121/><F121/><W42/><G69/><T120/><D120/><U70/><E70/><V6/><F6/><W66/><G68/><T35/><D103/><U75/><E61/><V48/><F48/><W81/><G42/><T97/><D100/><U43/><E43/><V130/><F130/><W94/><G109/><AGARI ba="0,1" hai="15,19,21,26,30,32,83,84,85,87,91,108,109,111" machi="109" ten="40,12000,1" yaku="1,1,14,1,10,1,53,1" doraHai="73" doraHaiUra="76" who="2" fromWho="3" sc="173,0,250,0,208,130,359,-120" /><INIT seed="2,1,0,3,1,127" ten="173,250,338,239" oya="2" hai0="73,108,66,130,7,83,15,76,120,31,1,95,50" hai1="57,54,17,90,75,94,8,124,84,61,133,20,96" hai2="104,19,98,0,16,135,112,79,5,67,49,28,89" hai3="106,70,107,47,126,63,69,37,25,34,100,60,87"/><V38/><F38/><W53/><G126/><T3/><D120/><U78/><E124/><V134/><F112/><W117/><G117/><T46/><D108/><U131/><E133/><N who="2" m="50699" /><F79/><W74/><G74/><T33/><D130/><U42/><E42/><V51/><F28/><W115/><G115/><T91/><D66/><U129/><E75/><V43/><F67/><W102/><G37/><T86/><D7/><U56/><E8/><N who="2" m="2087" /><F89/><W92/><G47/><T27/><REACH who="0" step="1"/><D15/><REACH who="0" step="2"/><U97/><E57/><V101/><F43/><AGARI ba="1,1" hai="1,3,27,31,33,43,46,50,73,76,83,86,91,95" machi="43" ten="30,3900,0" yaku="1,1,2,1,7,1,53,0" doraHai="127" doraHaiUra="12" who="0" fromWho="2" sc="163,52,250,0,338,-42,239,0" /><INIT seed="3,0,0,4,0,135" ten="215,250,296,239" oya="3" hai0="77,47,92,126,76,59,109,107,12,104,108,57,98" hai1="30,3,17,102,14,103,33,106,46,11,83,95,96" hai2="94,82,111,134,117,4,62,71,39,130,70,89,115" hai3="29,120,73,127,51,131,118,64,44,81,67,52,16"/><W113/><G120/><T91/><D47/><U53/><E33/><V10/><F82/><W133/><G118/><T88/><D12/><U38/><E30/><V124/><F62/><W66/><G133/><T41/><D41/><U40/><E3/><V28/><F28/><W84/><G73/><T90/><D57/><U68/><E68/><V36/><F89/><N who="0" m="34410" /><D59/><U78/><E53/><V54/><F94/><W86/><G113/><T61/><D61/><U49/><E103/><V0/><F54/><W100/><G100/><T114/><D114/><U6/><E17/><V50/><F50/><W25/><G131/><T105/><D126/><U110/><E110/><AGARI ba="0,0" hai="76,77,91,92,98,104,105,107,108,109,110" m="34410" machi="110" ten="40,8000,1" yaku="14,1,34,2,54,1" doraHai="135" who="0" fromWho="1" sc="215,80,250,-80,296,0,239,0" /><INIT seed="4,0,0,0,2,7" ten="295,170,296,239" oya="0" hai0="36,126,129,12,40,118,16,90,100,122,53,104,45" hai1="50,131,63,78,25,72,107,48,71,54,86,70,23" hai2="5,87,20,49,1,115,85,39,96,32,18,92,19" hai3="61,22,28,75,56,76,121,73,97,3,133,67,33"/><T120/><D118/><U102/><E72/><V35/><F39/><W128/><G3/><T14/><D14/><U42/><E131/><V26/><F115/><W4/><G128/><T98/><D129/><U2/><E2/><V59/><F85/><W31/><G121/><T123/><D126/><U89/><E78/><V38/><F38/><W103/><G133/><T77/><D77/><U13/><E107/><V15/><F87/><W132/><G132/><T117/><D117/><U108/><E102/><V101/><F49/><W88/><G76/><T130/><D130/><U105/><E105/><V52/><F1/><W91/><G4/><T51/><D90/><U111/><E111/><V44/><F44/><W62/><G31/><T37/><REACH who="0" step="1"/><D40/><REACH who="0" step="2"/><U27/><E108/><V81/><F35/><W10/><G73/><T57/><D57/><U99/><E70/><V65/><F32/><W134/><G75/><T41/><D41/><U11/><E71/><V114/><F114/><W124/><G134/><T95/><D95/><U29/><E42/><V60/><F81/><W79/><G124/><T110/><D110/><U64/><E27/><V68/><F5/><W21/><G79/><T6/><D6/><N who="1" m="3319" /><E99/><V69/><F68/><W43/><G43/><T0/><D0/><U112/><E112/><V8/><F69/><W83/><G97/><T82/><D82/><N who="1" m="49367" /><E64/><AGARI ba="0,1" hai="8,15,18,19,20,26,52,59,60,64,65,92,96,101" machi="64" ten="40,5200,0" yaku="8,1,52,1,54,1" doraHai="7" who="2" fromWho="1" sc="285,0,170,-52,296,62,239,0" /><INIT seed="5,0,0,1,0,24" ten="285,118,358,239" oya="1" hai0="48,9,86,76,38,31,6,0,23,118,50,116,75" hai1="72,123,107,88,132,109,121,94,131,91,63,18,14" hai2="126,74,27,133,119,69,53,5,51,33,106,21,26" hai3="25,28,29,11,129,13,115,113,46,1,100,82,101"/><U125/><E72/><V80/><F69/><W128/><G1/><T35/><D38/><U71/><E125/><V55/><F106/><W58/><G25/><T15/><D75/><U98/><E132/><V124/><F119/><W84/><G46/><T52/><D50/><U45/><E131/><N who="3" m="50250" /><G58/><T97/><D97/><U114/><E114/><N who="3" m="43530" /><G101/><T8/><D86/><U43/><E109/><V104/><F133/><W60/><G60/><T37/><D76/><U89/><E107/><V93/><F27/><W42/><G42/><T110/><D37/><U108/><E108/><V62/><F26/><W49/><G49/><T85/><D85/><U2/><E2/><V17/><F62/><W7/><G100/><T81/><D81/><U64/><E123/><V105/><F51/><W40/><G40/><T92/><D92/><U20/><REACH who="1" step="1"/><E121/><REACH who="1" step="2"/><V34/><F124/><W103/><G103/><T68/><D110/><U135/><E135/><V117/><F126/><W127/><G127/><T4/><D118/><U32/><E32/><V134/><F117/><W65/><G65/><T77/><D116/><U57/><E57/><V120/><F33/><W22/><G22/><T36/><D68/><U73/><E73/><V112/><F34/><W95/><G95/><T30/><D36/><AGARI ba="0,1" hai="14,18,20,36,43,45,63,64,71,88,89,91,94,98" machi="36" ten="30,5800,0" yaku="1,1,7,1,54,1,53,0" doraHai="24" doraHaiUra="122" who="1" fromWho="0" sc="285,-58,108,68,358,0,239,0" /><INIT seed="5,1,0,0,4,33" ten="227,176,358,239" oya="1" hai0="83,58,12,22,103,0,80,63,41,77,26,76,61" hai1="110,112,8,60,125,96,85,4,127,120,75,39,87" hai2="89,82,10,106,59,129,57,64,133,6,31,44,97" hai3="108,35,13,74,29,118,52,66,99,123,98,9,130"/><U62/><E120/><V27/><F129/><W124/><G123/><T122/><D122/><U134/><E39/><V19/><F133/><W71/><G130/><T28/><D103/><U17/><E134/><V102/><F19/><W131/><G131/><T117/><D117/><U24/><E112/><V93/><F82/><W65/><G108/><T53/><D41/><U115/><E115/><V90/><F44/><W73/><G118/><T101/><D101/><U86/><E110/><V14/><F64/><W121/><G121/><T42/><D42/><U18/><E75/><V70/><F70/><W128/><G128/><T116/><D116/><U56/><E96/><V78/><F78/><W40/><G124/><N who="1" m="47690" /><E24/><V54/><F106/><W95/><G71/><T91/><D91/><N who="2" m="34826" /><F54/><W38/><G40/><T67/><D12/><N who="1" m="5127" /><E62/><V23/><AGARI ba="1,0" hai="6,10,14,23,27,31,57,59,93,97,102" m="34826" machi="23" ten="30,1100,0" yaku="8,1" doraHai="33" who="2" fromWho="2" sc="227,-4,176,-6,358,14,239,-4" /><INIT seed="6,0,0,3,4,130" ten="223,170,372,235" oya="2" hai0="57,119,99,71,24,22,125,88,126,0,67,86,8" hai1="45,85,5,38,106,18,21,64,115,74,72,25,1" hai2="47,111,122,56,69,50,103,79,53,7,2,82,75" hai3="80,36,13,51,68,118,73,100,93,30,116,37,95"/><V121/><F69/><W61/><G116/><T98/><D71/><U66/><E115/><V70/><F70/><W60/><G118/><T39/><D39/><U10/><E106/><V127/><F127/><N who="0" m="48650" /><D119/><U89/><E66/><V123/><F103/><W49/><G61/><N who="0" m="38319" /><D0/><U41/><REACH who="1" step="1"/><E64/><REACH who="1" step="2"/><V34/><F111/><W62/><G68/><T135/><D135/><U20/><E20/><V134/><F34/><W107/><G107/><T112/><D112/><U97/><E97/><V11/><F134/><W26/><G62/><T94/><D8/><U4/><E4/><V6/><F6/><W92/><G60/><T35/><D35/><U52/><E52/><V15/><F122/><W42/><G42/><T120/><D120/><U19/><E19/><AGARI ba="0,1" hai="19,22,24,86,88,94,98,99" m="38319,48650" machi="19" ten="30,2000,0" yaku="18,1,54,1" doraHai="130" who="0" fromWho="1" sc="223,30,160,-20,372,0,235,0" /><INIT seed="7,0,0,1,5,132" ten="253,140,372,235" oya="3" hai0="68,1,123,28,33,59,50,114,39,46,95,133,38" hai1="115,40,32,98,47,127,57,20,109,105,35,111,5" hai2="100,125,37,16,113,102,26,66,88,13,82,49,64" hai3="117,12,4,134,29,14,52,42,27,135,22,17,58"/><W78/><G42/><T30/><D133/><N who="3" m="50697" /><G78/><T86/><D123/><U62/><E5/><V77/><F113/><W54/><G117/><T76/><D68/><U53/><E115/><V8/><F37/><W34/><G58/><T63/><D114/><U85/><E85/><N who="2" m="48335" /><F125/><W73/><G73/><T129/><D129/><U31/><E35/><V24/><F88/><W36/><G36/><T87/><D1/><U18/><E32/><V96/><F49/><W126/><G126/><T101/><D38/><U74/><E74/><V44/><F44/><W84/><G84/><T55/><D39/><U80/><E80/><V79/><F79/><W89/><G89/><T97/><D33/><U0/><E0/><V61/><F96/><W90/><G90/><T9/><D9/><AGARI ba="0,0" hai="4,9,12,14,17,22,27,29,34,52,54" m="50697" machi="9" ten="30,2900,0" yaku="20,1,54,1" doraHai="132" who="3" fromWho="0" sc="253,-29,140,0,372,0,235,29" /><INIT seed="7,1,0,1,0,35" ten="224,140,372,264" oya="3" hai0="2,57,55,71,54,125,128,25,31,26,66,5,134" hai1="38,89,61,112,88,3,87,19,81,82,6,68,79" hai2="130,129,101,56,67,49,18,53,65,70,84,44,36" hai3="16,108,76,127,121,7,72,21,60,93,95,0,48"/><W27/><G121/><T116/><D116/><U58/><E38/><V106/><F101/><W13/><G60/><T132/><D71/><U75/><E112/><V10/><F106/><W111/><G127/><T115/><D66/><U47/><E68/><V105/><F105/><W8/><G48/><T12/><D54/><U28/><E28/><V17/><F84/><W50/><G50/><T39/><D39/><U74/><E47/><V15/><F18/><W92/><G76/><T90/><D125/><U83/><E19/><V37/><F37/><W29/><REACH who="3" step="1"/><G72/><REACH who="3" step="2"/><T109/><D115/><U62/><E62/><N who="2" m="40247" /><F67/><W107/><G107/><T135/><D128/><U42/><E75/><V9/><F130/><W131/><G131/><T97/><D2/><U59/><E61/><V113/><F129/><W86/><G86/><T78/><D78/><U40/><E79/><V120/><F113/><W102/><G102/><T126/><D126/><U122/><E74/><V45/><F120/><W14/><G14/><T46/><D46/><U34/><E122/><V11/><F44/><W99/><G99/><T119/><D119/><U24/><E59/><V117/><F117/><W64/><G64/><T98/><D98/><U41/><E58/><V33/><F33/><AGARI ba="1,1" hai="0,7,8,13,16,21,27,29,33,92,93,95,108,111" machi="33" ten="40,12000,1" yaku="1,1,24,2,52,1,54,1,53,0" doraHai="35" doraHaiUra="103" who="3" fromWho="2" sc="224,0,140,0,372,-123,254,133" owari="224,-18,140,-36,249,5,387,49" /></mjloggm>