<mjloggm ver="2.3"><GO type="41"/><UN n0="%E3%83%8D%E3%83%89%E3%83%B4%E3%82%A7%E3%83%89" n1="%E3%82%A6%E3%83%AB%E3%83%88%E3%83%A9%E7%AB%8B%E7%9B%B4" n2="%69%64%6E%6F%6E%61%6D%65" n3="%6E%6F%6E%74%61%6E" dan="14,13,14,14" rate="1906,1881,1902,1968" sx="M,M,M,M"/><TAIKYOKU oya="0"/><INIT seed="0,0,0,0,1,91" ten="250,250,250,250" oya="0" hai0="28,59,134,52,43,128,94,82,2,37,17,40,89" hai1="53,122,96,71,18,63,98,54,66,13,95,51,36" hai2="30,123,93,72,116,97,21,129,107,41,32,80,27" hai3="84,113,90,75,73,111,31,8,26,7,56,106,46"/><T35/><D2/><U119/><E36/><V9/><F123/><W61/><G106/><T25/><D134/><U79/><E79/><V126/><F129/><W23/><G113/><T50/><D82/><U74/><E74/><V120/><F120/><W87/><G87/><T118/><D118/><U127/><E127/><V115/><F115/><W55/><G111/><T83/><D37/><U76/><E76/><V39/><F126/><W124/><G46/><T15/><D83/><U121/><E98/><V49/><F116/><W88/><G90/><T33/><D33/><U24/><E24/><V60/><F39/><W133/><G133/><T22/><D128/><U131/><E53/><V130/><F130/><W85/><G85/><AGARI ba="0,0" hai="15,17,22,25,28,35,40,43,50,52,59,85,89,94" machi="85" ten="30,12000,1" yaku="7,1,25,2,52,1,54,1" doraHai="91" who="0" fromWho="3" sc="250,120,250,0,250,0,250,-120" /><INIT seed="0,1,0,3,4,53" ten="370,250,250,130" oya="0" hai0="57,81,31,37,19,130,29,105,52,28,111,116,69" hai1="41,131,117,24,1,123,18,73,122,101,15,110,78" hai2="14,113,118,60,94,10,72,68,121,22,66,16,54" hai3="76,0,89,93,47,119,55,26,30,97,65,32,83"/><T109/><D105/><U48/><E1/><V102/><F121/><W114/><G119/><T34/><D37/><U64/><E117/><V8/><F118/><W58/><G0/><T13/><D116/><U103/><E73/><V107/><F107/><W91/><G114/><T128/><D69/><U92/><E78/><V120/><F72/><W51/><G89/><T85/><D34/><U82/><E82/><V46/><F120/><W127/><G65/><T135/><D135/><U87/><E24/><V112/><F112/><W100/><G127/><T11/><D130/><U134/><E110/><N who="0" m="41993" /><D128/><U40/><E134/><V6/><F113/><W104/><G91/><N who="0" m="51631" /><D31/><U17/><E131/><V126/><F126/><W74/><REACH who="3" step="1"/><G104/><REACH who="3" step="2"/><T3/><D3/><U125/><E125/><V70/><F70/><W38/><G38/><T67/><D67/><U23/><E64/><V108/><F108/><W106/><G106/><T50/><AGARI ba="1,1" hai="11,13,19,28,29,50,52,57" m="51631,41993" machi="50" ten="30,11700,0" yaku="14,1,10,1,52,1,54,1" doraHai="53" who="0" fromWho="0" sc="370,130,250,-40,250,-40,120,-40" /><INIT seed="0,2,0,1,5,62" ten="500,210,210,80" oya="0" hai0="128,40,25,65,135,3,69,111,77,50,91,1,119" hai1="57,32,90,0,133,108,84,80,117,78,42,24,129" hai2="107,34,72,103,125,15,11,35,22,87,63,98,85" hai3="54,92,8,118,73,95,71,23,58,13,16,19,38"/><T44/><D119/><U61/><E0/><V39/><F72/><W28/><G73/><T115/><D115/><U132/><E117/><V30/><F39/><W55/><G38/><T67/><D135/><N who="1" m="51787" /><E42/><V94/><F125/><W6/><G71/><T79/><D128/><U109/><E129/><V37/><F37/><W130/><G118/><T134/><D134/><U47/><E47/><V64/><F35/><W120/><G120/><T56/><D69/><U48/><E48/><V123/><F123/><W26/><G130/><T20/><D111/><U89/><E24/><V93/><F22/><W14/><G54/><N who="0" m="31831" /><D3/><U66/><E32/><V29/><F29/><W21/><REACH who="3" step="1"/><G19/><REACH who="3" step="2"/><N who="0" m="12447" /><D1/><U83/><E108/><V112/><F112/><W75/><G75/><T88/><D40/><U126/><E109/><V33/><F33/><W97/><G97/><T68/><D68/><U102/><E126/><V81/><F107/><W5/><G5/><T105/><D105/><U60/><E60/><AGARI ba="2,1" hai="6,8,13,14,16,21,23,26,28,55,58,60,92,95" machi="60" ten="30,7700,0" yaku="1,1,7,1,8,1,54,1,53,0" doraHai="62" doraHaiUra="41" who="3" fromWho="1" sc="500,0,210,-83,210,0,70,93" /><INIT seed="1,0,0,3,4,107" ten="500,127,210,163" oya="1" hai0="129,2,14,27,114,126,48,57,70,78,20,4,71" hai1="36,93,105,113,13,24,75,90,58,74,69,15,44" hai2="9,60,5,37,123,19,53,92,79,82,40,23,83" hai3="103,63,97,21,45,94,43,118,76,31,87,17,80"/><U77/><E105/><V112/><F123/><W120/><G118/><T91/><D129/><U30/><E69/><V73/><F112/><W110/><G120/><T26/><D2/><U32/><E113/><V85/><F92/><W59/><G110/><T109/><D109/><U89/><E77/><V22/><F22/><W119/><G119/><T46/><D114/><U133/><E133/><V86/><F40/><W130/><G130/><T127/><D78/><U96/><E36/><V54/><F37/><W61/><G31/><N who="0" m="17863" /><D57/><U125/><E44/><V6/><F6/><W124/><G124/><N who="0" m="47659" /><D27/><U81/><E125/><V102/><F102/><W99/><G99/><T56/><D56/><U29/><E29/><V62/><F62/><W64/><G61/><T42/><D91/><U67/><E67/><V10/><F10/><AGARI ba="0,0" hai="4,10,14,42,46,48,70,71" m="47659,17863" machi="10" ten="30,1000,0" yaku="18,1" doraHai="107" who="0" fromWho="2" sc="500,10,127,0,210,-10,163,0" /><INIT seed="2,0,0,0,0,93" ten="510,127,200,163" oya="2" hai0="9,37,83,63,132,17,44,92,0,91,57,13,51" hai1="104,66,107,28,41,116,96,70,22,4,79,42,50" hai2="1,56,69,80,11,35,75,14,97,76,99,65,68" hai3="123,109,31,77,24,122,72,53,71,95,55,112,87"/><V34/><F1/><W105/><G71/><T82/><D0/><U101/><E116/><V12/><F56/><W61/><G112/><T64/><D37/><U100/><E79/><V94/><F94/><W110/><G61/><T119/><D132/><U85/><E85/><V18/><F14/><W114/><G31/><T43/><D119/><U3/><E66/><V102/><F102/><W48/><G24/><T16/><D17/><U134/><E70/><V130/><F130/><W113/><G48/><T5/><D5/><U8/><E134/><V81/><F81/><N who="3" m="45223" /><G55/><T59/><D57/><U74/><E74/><V103/><F103/><W40/><G53/><T90/><D91/><U129/><E129/><V52/><F69/><W67/><G40/><T89/><D90/><U26/><E50/><V135/><F135/><W2/><G67/><T121/><D121/><N who="3" m="46089" /><G2/><T30/><D30/><U117/><E117/><V58/><F65/><W36/><G36/><T111/><D111/><N who="3" m="42505" /><G105/><T33/><D33/><U38/><E38/><V84/><F68/><W120/><N who="3" m="46097" /><W10/><DORA hai="29" /><G10/><T125/><D125/><U27/><E27/><V19/><F19/><W20/><G20/><T54/><D54/><U98/><AGARI ba="0,0" hai="3,4,8,22,26,28,41,42,96,98,100,101,104,107" machi="98" ten="30,7900,0" yaku="0,1,9,1,52,2" doraHai="93,29" who="1" fromWho="1" sc="510,-20,127,79,200,-39,163,-20" /><INIT seed="3,0,0,5,3,42" ten="490,206,161,143" oya="3" hai0="19,125,132,107,94,0,80,55,29,73,109,24,15" hai1="99,87,41,57,68,111,53,33,39,67,115,32,95" hai2="82,126,101,37,102,127,65,117,97,100,74,135,62" hai3="23,89,96,78,108,20,118,1,5,72,49,27,51"/><W92/><G118/><T124/><D107/><U75/><E87/><V6/><F117/><W9/><G23/><N who="0" m="15519" /><D0/><U60/><E75/><V131/><F37/><W64/><G108/><T128/><D109/><U113/><E95/><V52/><F135/><W30/><G72/><T38/><D38/><U58/><E99/><V71/><F131/><W35/><G78/><N who="0" m="44111" /><D132/><U17/><E17/><V66/><F6/><W70/><G70/><T13/><D128/><U8/><E8/><V4/><F4/><W47/><G64/><N who="2" m="24681" /><F97/><W56/><G56/><T18/><D94/><U106/><E106/><V69/><F82/><W130/><G130/><T34/><D55/><U90/><E90/><V26/><F26/><W12/><REACH who="3" step="1"/><G47/><REACH who="3" step="2"/><T110/><D110/><U103/><E58/><N who="2" m="35143" /><F74/><W79/><G79/><T50/><D34/><U46/><E111/><V83/><F83/><W91/><G91/><T76/><D76/><U11/><E103/><V121/><F121/><W2/><G2/><T22/><D50/><N who="1" m="30903" /><E11/><V129/><F129/><W40/><G40/><T59/><D59/><U93/><E93/><V43/><F43/><W122/><G122/><T86/><D86/><U21/><E21/><V14/><F14/><N who="0" m="5130" /><D22/><U10/><E10/><V7/><F7/><W88/><G88/><T134/><D134/><U25/><E33/><V119/><F119/><W120/><G120/><T16/><D18/><AGARI ba="0,1" hai="1,5,9,12,18,20,27,30,35,49,51,89,92,96" machi="18" ten="40,12000,1" yaku="1,1,24,2,53,1" doraHai="42" doraHaiUra="3" who="3" fromWho="0" sc="490,-120,206,0,161,0,133,130" /><INIT seed="3,1,0,0,4,54" ten="370,206,161,263" oya="3" hai0="62,35,23,135,108,119,127,90,118,134,81,25,86" hai1="55,72,57,1,79,0,59,76,102,104,22,68,20" hai2="52,96,94,91,85,32,30,75,29,51,9,44,74" hai3="89,7,15,111,36,73,50,121,88,103,38,10,84"/><W13/><G121/><T126/><D35/><U87/><E87/><V6/><F32/><W17/><G73/><T31/><D108/><U46/><E46/><V63/><F75/><W27/><G111/><T120/><D62/><U45/><E45/><V117/><F74/><W21/><G89/><T125/><REACH who="0" step="1"/><D120/><REACH who="0" step="2"/><U116/><E116/><AGARI ba="1,1" hai="23,25,31,81,86,90,116,118,119,125,126,127,134,135" machi="116" ten="50,6400,0" yaku="1,1,2,1,18,1,53,0" doraHai="54" doraHaiUra="11" who="0" fromWho="1" sc="360,77,206,-67,161,0,263,0" /><INIT seed="4,0,0,3,2,51" ten="437,139,161,263" oya="0" hai0="91,115,61,3,70,82,13,4,23,7,120,52,127" hai1="22,60,73,20,109,117,126,86,37,15,102,40,99" hai2="16,106,41,47,132,124,35,48,45,46,77,87,79" hai3="26,2,63,34,101,24,6,111,0,130,25,58,94"/><T66/><D120/><U12/><E73/><V75/><F106/><W71/><G71/><T121/><D121/><U84/><E40/><V100/><F124/><W131/><G101/><T90/><D3/><N who="3" m="1065" /><G58/><T1/><D1/><U83/><E37/><V80/><F35/><W134/><G94/><T21/><D127/><U110/><E126/><V31/><F31/><W89/><G63/><T42/><D42/><U68/><E22/><N who="0" m="8201" /><D115/><U19/><E12/><V74/><F100/><W67/><G89/><N who="0" m="33803" /><D70/><U10/><E117/><V49/><F132/><W116/><G67/><T128/><D128/><N who="3" m="49193" /><G6/><N who="0" m="2091" /><D66/><U69/><E69/><V113/><F113/><W122/><G122/><T57/><D13/><U114/><E68/><V32/><F32/><W11/><G116/><T95/><D95/><U29/><E99/><V88/><F75/><W44/><G34/><T125/><D125/><U14/><E102/><V8/><F74/><W64/><G64/><T5/><D5/><U108/><E114/><V103/><F103/><W18/><G134/><T123/><D123/><U33/><E15/><N who="2" m="7271" /><F41/><W129/><G44/><N who="2" m="11265" /><V72/><DORA hai="92" /><F72/><W119/><G119/><T85/><D85/><U96/><E33/><V133/><F133/><W62/><G129/><T81/><AGARI ba="0,0" hai="52,57,61,81,82" m="2091,33803,8201" machi="81" ten="30,6000,0" yaku="8,1,52,1,54,1" doraHai="51,92" who="0" fromWho="0" sc="437,60,139,-20,161,-20,263,-20" /><INIT seed="4,1,0,2,2,54" ten="497,119,141,243" oya="0" hai0="28,24,77,25,2,125,96,102,123,21,75,66,107" hai1="10,81,53,16,39,82,112,61,78,3,131,128,115" hai2="92,57,56,52,5,17,79,7,74,127,94,89,35" hai3="91,12,95,58,108,34,45,38,117,86,68,116,84"/><T8/><D123/><U19/><E39/><V14/><F35/><W44/><G68/><T23/><D125/><U119/><E119/><V72/><F127/><W120/><G34/><T98/><D66/><U18/><E10/><N who="2" m="6359" /><F74/><W118/><G38/><T85/><D75/><U133/><E3/><V1/><F1/><W129/><G120/><T90/><D96/><U97/><E97/><N who="2" m="57487" /><F79/><W122/><G122/><T121/><D77/><U76/><E76/><V110/><F72/><W109/><G12/><T4/><D121/><U105/><E105/><V124/><F124/><W70/><G70/><T80/><D25/><U130/><E133/><V71/><F71/><W42/><G129/><T9/><REACH who="0" step="1"/><D9/><REACH who="0" step="2"/><U114/><E78/><V100/><F110/><W103/><G108/><T29/><D29/><U104/><E104/><V32/><F32/><AGARI ba="1,1" hai="2,4,8,21,23,24,28,32,80,85,90,98,102,107" machi="32" ten="30,5800,0" yaku="1,1,7,1,53,1" doraHai="54" doraHaiUra="101" who="0" fromWho="2" sc="487,71,119,0,141,-61,243,0" /><INIT seed="4,2,0,0,0,127" ten="558,119,80,243" oya="0" hai0="102,84,22,11,31,134,77,122,5,25,88,69,71" hai1="132,129,48,14,74,36,89,13,94,115,86,95,108" hai2="123,98,16,117,68,53,8,42,39,63,23,52,104" hai3="12,100,18,40,105,49,110,41,116,54,34,47,61"/><T56/><D122/><U46/><E36/><V119/><F123/><W97/><G116/><N who="2" m="44617" /><F8/><W1/><G1/><T37/><D37/><U73/><E108/><V62/><F98/><W107/><G110/><T6/><D102/><U118/><E118/><V72/><F72/><W38/><G34/><T90/><D134/><U124/><E124/><V133/><F104/><W113/><G113/><T79/><D71/><U9/><E132/><V101/><F101/><W19/><G41/><T130/><D69/><U15/><E115/><V109/><F109/><W82/><G107/><T28/><D130/><U80/><E129/><V32/><F32/><W96/><G96/><T29/><D6/><U78/><E73/><V4/><F4/><W64/><G82/><N who="0" m="47183" /><D79/><U75/><E75/><V131/><F131/><W43/><G12/><N who="0" m="5231" /><D56/><U93/><E74/><V135/><F135/><W87/><G87/><T0/><D0/><U58/><E58/><N who="2" m="35143" /><F133/><W92/><G105/><T83/><D83/><U51/><E78/><V111/><F111/><W44/><REACH who="3" step="1"/><G40/><REACH who="3" step="2"/><T70/><D70/><AGARI ba="2,1" hai="18,19,38,43,44,47,49,54,61,64,70,92,97,100" machi="70" ten="30,7700,0" yaku="1,1,2,1,7,1,53,1" doraHai="127" doraHaiUra="65" who="3" fromWho="0" sc="558,-83,119,0,80,0,233,93" /><INIT seed="5,0,0,0,4,103" ten="475,119,80,326" oya="1" hai0="87,14,2,80,113,133,39,67,97,60,110,81,101" hai1="85,64,120,20,134,102,24,121,34,47,118,106,19" hai2="89,105,59,79,6,21,62,74,37,107,16,22,31" hai3="132,13,11,18,90,1,33,84,70,109,8,86,45"/><U92/><E118/><V3/><F37/><W46/><G70/><T131/><D113/><U28/><E134/><V29/><F89/><W48/><G132/><T44/><D2/><U7/><E64/><V114/><F114/><W78/><G33/><T55/><D133/><U5/><E92/><V15/><F79/><W23/><G109/><T77/><D110/><U112/><E85/><V94/><F94/><W111/><G111/><T49/><D39/><U30/><E112/><V76/><F76/><W93/><G1/><T73/><D131/><U10/><E47/><V72/><F6/><N who="1" m="2057" /><E102/><V129/><F3/><W104/><G18/><T91/><D14/><N who="1" m="7639" /><E106/><V52/><F129/><W117/><G104/><T0/><D0/><U75/><E75/><V123/><F123/><W71/><G71/><T57/><D101/><U126/><E126/><V122/><F122/><W66/><G66/><T54/><REACH who="0" step="1"/><D97/><REACH who="0" step="2"/><U36/><E36/><V98/><F98/><W68/><G117/><T116/><D116/><U83/><E83/><V56/><F74/><W50/><G45/><T53/><AGARI ba="0,1" hai="44,49,53,54,55,57,60,67,73,77,80,81,87,91" machi="53" ten="20,5200,0" yaku="1,1,0,1,7,1,53,1" doraHai="103" doraHaiUra="43" who="0" fromWho="0" sc="465,62,119,-26,80,-13,326,-13" /><INIT seed="6,0,0,2,1,101" ten="527,93,67,313" oya="2" hai0="128,119,82,122,135,9,87,53,73,72,132,104,43" hai1="89,18,58,17,107,3,93,12,28,85,115,121,52" hai2="97,71,99,35,56,7,1,60,112,134,2,127,88" hai3="80,90,95,129,55,117,23,98,81,49,41,30,110"/><V14/><F112/><W131/><G117/><T62/><D122/><U31/><E3/><V5/><F35/><W11/><G110/><T106/><D43/><U133/><E115/><V34/><F34/><W21/><G41/><T22/><D128/><U64/><E64/><V8/><F134/><N who="0" m="51242" /><D119/><U108/><E107/><N who="0" m="41001" /><D22/><U118/><E118/><V125/><F71/><W84/><G11/><T66/><D53/><U13/><E133/><V61/><F56/><W86/><G30/><T16/><D16/><U50/><E108/><V109/><F109/><W114/><G114/><T44/><D9/><U10/><E121/><V92/><F99/><W77/><G23/><AGARI ba="0,0" hai="10,12,13,17,18,23,28,31,50,52,58,85,89,93" machi="23" ten="30,8000,1" yaku="7,1,25,2,8,1,54,1" doraHai="101" who="1" fromWho="3" sc="527,0,93,80,67,0,313,-80" /><INIT seed="7,0,0,2,2,20" ten="527,173,67,233" oya="3" hai0="34,2,27,61,14,26,85,69,115,135,38,16,83" hai1="133,8,97,128,67,80,100,30,21,47,127,40,19" hai2="56,32,11,124,64,33,117,59,89,110,96,50,9" hai3="17,70,36,95,112,29,76,126,92,46,130,106,93"/><W52/><G106/><T122/><D38/><U87/><E127/><V44/><F117/><W51/><G126/><T121/><D2/><U99/><E128/><V90/><F124/><W55/><G70/><T0/><D0/><U62/><E133/><V118/><F110/><W25/><G112/><T10/><D135/><U72/><E72/><V84/><F118/><W63/><G130/><T81/><D115/><U125/><E8/><V13/><F33/><W22/><G76/><T37/><D37/><U23/><E30/><V54/><F32/><W35/><G36/><T45/><D83/><U3/><E3/><V101/><F64/><W18/><G35/><T24/><D34/><U49/><E23/><V65/><F65/><W66/><REACH who="3" step="1"/><G55/><REACH who="3" step="2"/><T104/><D104/><U86/><E125/><V107/><F89/><W129/><G129/><T108/><D69/><U102/><E102/><V4/><REACH who="2" step="1"/><F11/><REACH who="2" step="2"/><W68/><AGARI ba="0,2" hai="17,18,22,25,29,46,51,52,63,66,68,92,93,95" machi="68" ten="30,11700,0" yaku="1,1,0,1,52,1,54,1,53,0" doraHai="20" doraHaiUra="71" who="3" fromWho="3" sc="527,-39,173,-39,57,-39,223,137" /><INIT seed="7,1,0,5,4,110" ten="488,134,18,360" oya="3" hai0="34,50,51,94,104,80,69,96,26,27,3,25,122" hai1="85,38,28,73,129,115,35,15,14,5,60,53,120" hai2="89,36,43,46,1,4,135,93,125,29,100,113,88" hai3="30,64,134,109,33,121,17,111,58,106,87,6,98"/><W57/><G121/><T101/><D122/><U67/><E53/><V78/><F125/><W54/><G30/><T2/><D69/><U92/><E92/><V44/><F135/><W12/><G33/><T86/><D34/><U108/><E85/><V95/><F100/><N who="3" m="62743" /><G6/><T45/><D104/><U99/><E60/><V49/><F29/><W76/><G64/><T114/><D114/><U117/><E67/><V132/><F132/><W70/><G70/><T0/><REACH who="0" step="1"/><D45/><REACH who="0" step="2"/><U52/><E115/><V22/><F113/><W83/><G134/><T39/><D39/><U31/><E120/><V84/><F78/><AGARI ba="1,1" hai="0,2,3,25,26,27,50,51,78,80,86,94,96,101" machi="78" ten="50,1600,0" yaku="1,1,53,0" doraHai="110" doraHaiUra="40" who="0" fromWho="2" sc="478,29,134,0,18,-19,360,0" owari="507,61,134,-27,-1,-50,360,16" /></mjloggm>