<mjloggm ver="2.3"><GO type="97"/><UN n0="%E3%82%A6%E3%83%AB%E3%83%88%E3%83%A9%E7%AB%8B%E7%9B%B4" n1="%E6%9F%91%E6%A9%98%E7%B3%BB" n2="%E2%85%B9%68%6F%75" n3="%E3%81%8A%E3%81%8B%E3%82%81%E7%B4%8D%E8%B1%86" dan="13,15,14,14" rate="1846,1976,1939,2015" sx="M,M,M,M"/><TAIKYOKU oya="0"/><INIT seed="0,0,0,0,2,1" ten="250,250,250,250" oya="0" hai0="46,62,107,130,133,69,115,117,112,76,2,19,31" hai1="20,109,129,24,66,43,111,36,73,108,44,91,25" hai2="9,14,86,122,135,95,128,12,81,124,32,13,121" hai3="77,98,52,33,101,58,97,64,82,59,8,48,23" shuffle="mt19937ar,28064A6B,1DE53FAB,5A375862,4BE2F992,3DBC45B4,2B00D631,205DF7E9,907294E6"/><T110/><D46/><U96/><E129/><V92/><F128/><W131/><G33/><T6/><D76/><U11/><E73/><V120/><F32/><W132/><G131/><T29/><D62/><U118/><E118/><V102/><F124/><W3/><G132/><T75/><D19/><U93/><E66/><V53/><F135/><W126/><G126/><T47/><D47/><U106/><E106/><V41/><F41/><W50/><G23/><T104/><D6/><U35/><E35/><V10/><F53/><W89/><G89/><T21/><D21/><U4/><E20/><V56/><F56/><W83/><G83/><T88/><D88/><U26/><REACH who="1" step="1"/><E25/><REACH who="1" step="2"/><V74/><F74/><W72/><G64/><T49/><D104/><U5/><E5/><V27/><F27/><W38/><G38/><T60/><D112/><U113/><E113/><V55/><F122/><W15/><G72/><T28/><D115/><U34/><E34/><V0/><F121/><W105/><G105/><T99/><D107/><U63/><E63/><V87/><F120/><W30/><G8/><T100/><D60/><U37/><E37/><V123/><F10/><W22/><G22/><T7/><D133/><U80/><E80/><V90/><F81/><W67/><G82/><T85/><D75/><U54/><E54/><V42/><F55/><W51/><G52/><T79/><D117/><U116/><E116/><V40/><F9/><W57/><G67/><T70/><D130/><U68/><E68/><V127/><F123/><W61/><G61/><T114/><D114/><U103/><E103/><RYUUKYOKU ba="0,1" sc="250,-10,240,30,250,-10,250,-10" hai1="4,11,24,26,36,43,44,91,93,96,108,109,111" /><INIT seed="1,1,1,4,1,103" ten="240,270,240,240" oya="1" hai0="111,106,40,24,96,34,92,75,38,97,128,17,95" hai1="39,124,126,47,117,10,41,83,53,3,87,5,112" hai2="65,94,29,108,4,68,100,2,118,66,77,70,46" hai3="71,91,44,84,82,73,105,129,7,134,31,98,121" shuffle="mt19937ar,BC2345D7,C8F0F847,7E0B9FEB,57D15F77,3511ADD7,4A1E8A06,139D2F6A,7B1F47B7"/><U131/><E117/><V1/><F118/><W81/><G71/><T36/><D17/><U45/><E112/><V15/><F29/><W57/><G31/><T86/><D24/><U80/><E131/><V89/><F77/><W22/><G22/><T6/><D6/><U133/><E133/><V12/><F46/><W115/><G7/><T90/><D40/><U116/><E116/><V119/><F100/><N who="3" m="62615" /><G44/><T20/><D20/><U127/><E87/><V30/><F30/><W132/><G57/><T59/><D59/><U114/><E114/><V69/><F119/><W72/><G115/><T113/><D113/><U123/><E123/><V109/><F94/><N who="0" m="35882" /><D36/><U0/><E0/><N who="2" m="107" /><F89/><N who="3" m="51343" /><G121/><T27/><D38/><U13/><E3/><V67/><F4/><W33/><G33/><T16/><D16/><U21/><E21/><V107/><F107/><W23/><G23/><T79/><D27/><U78/><E78/><V48/><F48/><AGARI ba="1,1" hai="5,10,13,39,41,45,47,48,53,80,83,124,126,127" machi="48" ten="40,2000,0" yaku="18,1" doraHai="103" who="1" fromWho="2" sc="240,0,270,33,240,-23,240,0" /><INIT seed="1,2,0,0,3,129" ten="240,303,217,240" oya="1" hai0="30,85,44,12,36,7,82,132,134,2,114,77,105" hai1="110,50,133,62,42,124,120,98,51,0,19,33,46" hai2="101,65,31,55,52,3,89,8,102,53,103,95,109" hai3="93,47,5,1,64,106,58,17,91,59,122,16,80" shuffle="mt19937ar,A6A147CD,16A88157,2B839A0A,C078ADCF,C45E5407,18E7DA07,ACC02291,AC4C6DBD"/><U49/><E120/><V130/><F130/><W24/><G106/><T96/><D114/><U94/><E0/><V41/><F109/><W131/><G131/><T6/><D2/><U116/><E33/><V104/><F104/><W83/><G122/><T68/><D68/><U38/><E116/><V20/><F65/><W121/><G121/><T126/><D30/><U15/><E62/><V27/><F41/><W40/><G5/><T75/><D75/><U13/><E124/><V37/><F37/><W115/><G1/><T84/><D84/><U86/><E86/><N who="2" m="52663" /><F3/><W10/><G115/><T4/><D126/><U108/><E13/><V72/><F72/><W63/><G59/><T11/><D36/><U73/><E73/><V14/><F8/><W111/><G111/><N who="1" m="42538" /><E94/><V118/><F118/><W34/><G34/><T26/><D26/><U100/><E100/><N who="2" m="25603" /><V69/><DORA hai="28" /><F69/><W66/><G66/><T45/><D105/><U71/><E71/><V90/><F90/><W119/><G119/><T29/><D29/><U21/><E98/><V39/><F39/><W123/><G123/><T67/><D67/><U87/><E87/><V43/><F43/><W9/><G80/><T112/><D96/><U32/><E32/><V74/><F74/><W117/><G83/><T78/><D78/><U127/><E127/><V25/><F25/><W76/><G24/><T35/><D35/><U135/><AGARI ba="2,0" hai="15,19,21,38,42,46,49,50,51,133,135" m="42538" machi="135" ten="40,12000,1" yaku="14,1,10,1,52,2" doraHai="129,28" who="1" fromWho="1" sc="240,-42,303,126,217,-42,240,-42" /><INIT seed="1,3,0,1,2,52" ten="198,429,175,198" oya="1" hai0="98,107,41,27,13,100,64,126,82,59,72,15,10" hai1="97,110,127,86,62,121,43,56,29,76,77,71,92" hai2="105,81,31,79,116,4,108,95,115,89,123,55,125" hai3="75,132,90,12,54,26,111,23,65,128,2,104,74" shuffle="mt19937ar,543B46ED,9EEC986C,EC0B3304,80A4FE18,1D44810A,EF594817,3291BD2D,E2ED765E"/><U36/><E121/><V94/><F123/><W47/><G2/><T39/><D126/><U67/><E127/><V114/><F125/><W24/><G104/><T20/><D41/><U93/><E29/><V9/><F116/><W119/><G65/><T17/><D39/><U130/><E130/><V109/><F105/><W61/><G128/><T129/><D129/><U113/><E113/><N who="2" m="43019" /><F31/><W53/><G12/><T37/><D37/><U57/><E76/><V91/><F55/><W101/><G101/><T118/><D118/><U117/><E117/><V102/><F9/><W25/><G23/><T87/><D72/><U14/><E14/><V49/><F49/><W69/><G54/><T83/><D15/><U6/><E6/><V78/><F4/><W103/><G119/><T66/><D66/><U5/><E5/><V35/><F35/><W60/><G53/><T46/><D46/><U50/><E50/><V122/><F122/><W131/><G47/><T7/><REACH who="0" step="1"/><D87/><REACH who="0" step="2"/><U135/><E43/><V51/><F51/><W1/><G75/><T84/><D84/><U112/><E36/><V133/><F133/><W58/><G74/><T44/><D44/><U70/><E135/><V33/><F33/><W32/><G32/><T18/><D18/><U63/><E86/><N who="2" m="48439" /><F79/><W11/><G132/><T28/><D28/><U45/><E77/><V88/><F102/><W80/><G103/><T16/><D16/><U48/><E45/><V34/><F34/><W99/><G131/><T68/><D68/><U106/><E112/><V8/><F8/><W96/><G69/><T22/><D22/><RYUUKYOKU ba="3,1" sc="188,15,429,-15,175,15,198,-15" hai0="7,10,13,17,20,27,59,64,82,83,98,100,107" hai2="88,89,91,94,95,108,109" /><INIT seed="2,4,1,1,4,17" ten="203,414,190,183" oya="2" hai0="118,89,104,86,6,78,102,18,36,80,62,135,84" hai1="35,64,58,22,66,14,1,124,117,113,24,56,123" hai2="43,110,52,96,100,109,131,106,45,20,7,85,134" hai3="125,119,126,105,122,16,133,90,65,94,60,21,30" shuffle="mt19937ar,F03BC749,046D1B8E,D05A5C84,B2C53E26,CC7D3DBF,6AD71FB3,B7640BCA,75F28C9E"/><V32/><F32/><W130/><G105/><T41/><D6/><U93/><E117/><V42/><F134/><W73/><G73/><T127/><D41/><U39/><E39/><V97/><F131/><W44/><G119/><T37/><D118/><U57/><E1/><V33/><F33/><W99/><G122/><T68/><D135/><U3/><E3/><V121/><F121/><W75/><G75/><T9/><D127/><N who="3" m="48649" /><G133/><T132/><D132/><U27/><E35/><V28/><F7/><W103/><G30/><T128/><D128/><U13/><E113/><V92/><F85/><W19/><G130/><T98/><D68/><U38/><E38/><V53/><F97/><W49/><G103/><T108/><D108/><N who="2" m="41578" /><F106/><W50/><G44/><T83/><D62/><U101/><E124/><V70/><F70/><N who="3" m="42279" /><G19/><T47/><D47/><U129/><E129/><V116/><F116/><W8/><G8/><T40/><D40/><N who="2" m="15402" /><F45/><W74/><G74/><T107/><D107/><U114/><E114/><V79/><F79/><W88/><G90/><T77/><D89/><U59/><E123/><V29/><F28/><W71/><G71/><T63/><D63/><U31/><E31/><V55/><F55/><W54/><G54/><T69/><D69/><U81/><E64/><V2/><F2/><W4/><G4/><T5/><D5/><U26/><E66/><V10/><F10/><W61/><G61/><T120/><D120/><U0/><E0/><V72/><F72/><W48/><G50/><T12/><AGARI ba="4,1" hai="9,12,18,36,37,77,78,80,83,84,86,98,102,104" machi="12" ten="30,2000,0" yaku="0,1,9,1" doraHai="17" who="0" fromWho="0" sc="203,42,414,-9,190,-14,183,-9" /><INIT seed="3,0,0,0,2,18" ten="245,405,176,174" oya="3" hai0="28,14,57,61,7,106,48,111,98,6,13,42,10" hai1="100,96,44,124,86,107,2,75,37,133,125,20,119" hai2="94,126,131,59,15,90,1,134,47,91,11,4,36" hai3="41,32,45,16,74,115,117,73,114,77,29,55,54" shuffle="mt19937ar,509CAE78,FEF4227F,2BA13DFF,E9BFC09A,7FF8BEED,84607F75,969F1E0D,DE154AD3"/><W62/><G117/><T113/><D106/><U43/><E119/><V81/><F134/><W83/><G74/><T105/><D105/><U9/><E133/><V132/><F132/><W85/><G73/><T39/><D39/><U52/><E75/><V8/><F131/><W19/><G32/><T0/><D0/><U120/><E86/><V84/><F126/><W102/><G29/><T63/><D111/><U70/><E70/><V35/><F35/><W60/><G102/><T72/><D72/><U64/><E64/><V49/><F59/><W116/><G116/><T69/><D69/><U12/><E52/><N who="3" m="20010" /><G114/><T25/><D113/><U103/><E103/><V50/><F36/><W109/><G115/><T78/><D78/><U3/><E3/><V99/><F47/><W33/><G33/><T79/><D79/><U82/><E82/><V88/><F91/><W135/><G109/><T23/><D98/><U129/><E2/><V51/><F51/><N who="3" m="27055" /><G135/><T95/><D95/><U108/><E108/><V87/><F99/><W53/><G53/><N who="0" m="31911" /><D42/><U26/><E43/><V112/><F112/><W80/><G83/><T58/><D58/><U122/><E100/><V93/><F81/><W17/><AGARI ba="0,0" hai="16,17,19,60,62,77,80,85" m="27055,20010" machi="17" ten="30,6000,0" yaku="8,1,54,2" doraHai="18" who="3" fromWho="3" sc="245,-20,405,-20,176,-20,174,60" /><INIT seed="3,1,0,3,2,74" ten="225,385,156,234" oya="3" hai0="118,22,19,120,113,8,101,76,58,90,122,3,10" hai1="31,63,46,41,71,12,102,34,38,132,95,24,104" hai2="84,67,106,100,7,93,110,72,114,125,4,66,11" hai3="87,2,91,57,62,92,0,37,36,124,59,39,130" shuffle="mt19937ar,32A99C3F,A62ADB26,049FC7D8,DB9DEF27,8B1A249C,E32B5D57,35E8C953,F3CEDCFE"/><W52/><G124/><T135/><D101/><U40/><E41/><V49/><F72/><W70/><G70/><T78/><D118/><U86/><E132/><V127/><F114/><W43/><G43/><T79/><D135/><U119/><E119/><V82/><F106/><W69/><G69/><T123/><D113/><U56/><E71/><V128/><F128/><W108/><G130/><T35/><D35/><U126/><E104/><V48/><F93/><W97/><G108/><T107/><D107/><U20/><E126/><V16/><F100/><W23/><G87/><T80/><D58/><U9/><E86/><V96/><F84/><W42/><G42/><T131/><D131/><U77/><E95/><V89/><F11/><W75/><G75/><T129/><D129/><U88/><E102/><V111/><F82/><W109/><G109/><T103/><D103/><U17/><E34/><V5/><F5/><W117/><G117/><T26/><D90/><U53/><E88/><V28/><F89/><W55/><REACH who="3" step="1"/><G23/><REACH who="3" step="2"/><T112/><D112/><U64/><E64/><V30/><REACH who="2" step="1"/><F96/><REACH who="2" step="2"/><W85/><G85/><T14/><D80/><U47/><E40/><V98/><F98/><W116/><G116/><T21/><REACH who="0" step="1"/><D3/><REACH who="0" step="2"/><U32/><E20/><V83/><F83/><W44/><G44/><T73/><D73/><U99/><E46/><V1/><F1/><W13/><G13/><T68/><D68/><U61/><E99/><V27/><F27/><W15/><G15/><T94/><D94/><U105/><E24/><V6/><F6/><W33/><G33/><T134/><D134/><RYUUKYOKU ba="1,3" sc="215,10,385,-30,146,10,224,10" hai0="8,10,14,19,21,22,26,76,78,79,120,122,123" hai2="4,7,16,28,30,48,49,66,67,110,111,125,127" hai3="0,2,36,37,39,52,55,57,59,62,91,92,97" /><INIT seed="3,2,3,5,1,30" ten="225,355,156,234" oya="3" hai0="73,22,20,26,68,11,14,99,52,88,105,86,24" hai1="109,111,9,117,12,102,116,90,56,4,36,93,48" hai2="71,89,50,37,92,40,74,33,83,135,0,8,115" hai3="91,121,107,132,70,38,76,54,81,112,31,64,53" shuffle="mt19937ar,BB9ADEFA,AFEA5807,CB75DA3D,7A472D56,005515FA,B089A651,3B608C5E,D2DF5E2D"/><W46/><G121/><T19/><D73/><U41/><E36/><V1/><F115/><W2/><G112/><T28/><D68/><U42/><E102/><V49/><F71/><W94/><G2/><T13/><D105/><U63/><E48/><V57/><F57/><W17/><G107/><T134/><D134/><U80/><E80/><V85/><F1/><W45/><G132/><T66/><D66/><N who="1" m="39271" /><E42/><V39/><F39/><W5/><G5/><T78/><D78/><U103/><E103/><V58/><F58/><W60/><G31/><T75/><D75/><U128/><E41/><V79/><F135/><W101/><G101/><T32/><D99/><N who="1" m="57783" /><E128/><V62/><F62/><W43/><G46/><T129/><D129/><U97/><E97/><V114/><F114/><W120/><G120/><T67/><D67/><U21/><E21/><V95/><F92/><W100/><G100/><T7/><D52/><U59/><E59/><V123/><F123/><W69/><G69/><T84/><REACH who="0" step="1"/><D88/><REACH who="0" step="2"/><U77/><E77/><V44/><REACH who="2" step="1"/><F33/><REACH who="2" step="2"/><W130/><G130/><T15/><D15/><U6/><E12/><V119/><F119/><W72/><REACH who="3" step="1"/><G17/><AGARI ba="2,5" hai="7,11,13,14,17,19,20,22,24,26,28,32,84,86" machi="17" ten="30,8000,1" yaku="1,1,7,1,52,1,53,2" doraHai="30" doraHaiUra="16" who="0" fromWho="3" sc="215,136,355,0,146,0,234,-86" owari="351,10,355,35,146,-25,148,-20" /></mjloggm>