<mjloggm ver="2.3"><GO type="1"/><UN n0="%4E%6F%4E%61%6D%65" n1="%E5%B9%B3%E5%9D%87%EF%BC%93%E4%BD%8D" n2="%E3%82%A6%E3%83%AB%E3%83%88%E3%83%A9%E7%AB%8B%E7%9B%B4" n3="%E5%9C%9F%E6%98%9F" dan="0,8,3,4" rate="1500,1420,1564,1547" sx="M,M,M,M"/><TAIKYOKU oya="0"/><INIT seed="0,0,0,4,2,65" ten="250,250,250,250" oya="0" hai0="84,129,118,96,88,102,101,40,0,81,60,91,126" hai1="113,46,75,25,93,103,30,52,128,124,92,107,87" hai2="77,58,1,83,20,90,22,18,134,63,68,131,108" hai3="97,67,12,47,85,120,121,48,14,80,7,10,119" shuffle="mt19937ar,C71C9336,8CEA3B78,8359A042,D984C837,E472A9F6,5A581967,BB3BB281,3250F41C"/><T55/><D0/><U11/><E113/><V114/><F1/><W122/><G119/><T57/><D40/><U42/><E128/><V8/><F114/><W62/><G97/><T43/><D43/><U112/><E112/><V110/><F131/><W115/><G115/><T116/><D129/><U50/><E124/><V49/><F49/><W9/><G122/><T76/><D126/><U59/><E75/><V106/><F90/><W72/><G72/><T32/><D32/><U29/><E107/><V54/><F106/><W19/><G48/><T56/><D56/><U45/><E103/><V79/><F134/><W125/><G47/><T23/><D23/><U98/><E87/><V13/><F68/><W130/><G130/><T66/><D66/><U69/><E11/><V3/><F79/><W21/><G21/><T94/><REACH who="0" step="1"/><D76/><REACH who="0" step="2"/><U53/><E69/><V74/><F22/><W70/><G125/><T6/><D6/><U78/><E78/><V34/><REACH who="2" step="1"/><F34/><REACH who="2" step="2"/><W33/><G33/><T31/><D31/><U44/><E30/><V95/><F95/><W17/><G7/><AGARI ba="0,2" hai="3,7,8,13,18,20,54,58,63,74,77,83,108,110" machi="7" ten="40,1300,0" yaku="1,1,53,0" doraHai="65" doraHaiUra="135" who="2" fromWho="3" sc="240,0,250,0,240,33,250,-13" /><INIT seed="1,0,0,0,5,75" ten="240,250,273,237" oya="1" hai0="118,92,28,40,66,57,27,8,128,43,93,124,114" hai1="82,42,23,24,25,48,107,41,37,115,89,26,101" hai2="80,64,135,60,46,100,131,20,59,119,91,16,117" hai3="97,15,32,129,19,76,61,5,47,31,36,134,33" shuffle="mt19937ar,94FF740B,95ED6F2B,BEA63E01,E6D8EFAA,5853ED83,BB2D7C01,F1CE3D6E,021EFA7E"/><U3/><E3/><V71/><F131/><W53/><G19/><T86/><D8/><U56/><E115/><V34/><F34/><W63/><G53/><T123/><D114/><U87/><E107/><V45/><F135/><W4/><G15/><T99/><D118/><U14/><E101/><V68/><F100/><W38/><G134/><T77/><D77/><U55/><E37/><V130/><F130/><W13/><G13/><T81/><D123/><U12/><E12/><V18/><F18/><AGARI ba="0,0" hai="14,18,23,24,25,26,41,42,48,55,56,82,87,89" machi="18" ten="40,2000,0" yaku="8,1" doraHai="75" who="1" fromWho="2" sc="240,0,250,20,273,-20,237,0" /><INIT seed="1,1,0,5,4,72" ten="240,270,253,237" oya="1" hai0="87,57,79,85,78,112,65,9,19,0,34,94,125" hai1="41,23,120,36,11,55,6,111,38,82,118,8,28" hai2="40,51,131,39,4,43,17,86,88,67,13,31,101" hai3="14,42,1,91,70,103,116,62,122,97,68,48,117" shuffle="mt19937ar,E64EC0CC,4717590F,A4F02490,ABFAFEBF,D1B7EBEF,3A94C045,6861FF87,1EC4786E"/><U27/><E120/><V105/><F39/><W124/><G122/><T53/><D34/><U133/><E118/><N who="3" m="45674" /><G1/><T102/><D65/><U64/><E133/><V107/><F107/><N who="3" m="63983" /><G91/><T26/><D112/><U18/><E111/><V98/><F131/><W56/><G124/><T54/><D0/><U134/><E134/><V109/><F109/><W89/><G89/><T58/><D9/><U135/><E135/><V104/><F104/><W30/><G30/><T93/><D19/><U106/><E106/><V66/><F31/><W45/><G14/><T83/><D83/><U10/><E82/><V123/><F4/><W100/><G100/><T20/><D102/><U44/><E64/><AGARI ba="1,0" hai="42,45,48,56,62,64,68,70" m="63983,45674" machi="64" ten="30,1000,0" yaku="12,1" doraHai="72" who="3" fromWho="1" sc="240,0,270,-13,253,0,237,13" /><INIT seed="2,0,0,5,0,109" ten="240,257,253,250" oya="2" hai0="38,10,49,43,105,91,60,119,75,11,13,72,21" hai1="110,25,58,101,8,104,108,20,28,117,29,65,62" hai2="102,12,68,44,5,50,79,17,88,22,66,106,99" hai3="51,120,130,40,46,77,114,124,30,15,82,37,123" shuffle="mt19937ar,3FD74ABA,164C7005,820666C3,0F73C0A5,34382FE1,49FDEA2D,369C43CC,133E9FB1"/><V115/><F79/><W27/><G124/><T86/><D60/><U9/><E117/><V126/><F126/><W78/><G130/><T76/><D119/><U122/><E122/><V81/><F5/><W92/><G114/><T87/><D105/><U73/><E73/><V128/><F128/><W42/><G42/><T7/><D49/><U89/><E89/><V135/><F135/><W127/><G127/><T116/><D116/><U132/><E132/><V23/><F66/><W4/><G37/><T93/><D11/><U121/><E121/><V32/><F32/><W70/><G70/><T57/><D57/><U33/><E28/><V84/><F68/><W69/><G69/><T103/><D21/><U54/><E20/><V96/><F96/><W34/><G78/><T125/><D125/><U129/><E129/><V41/><REACH who="2" step="1"/><F23/><REACH who="2" step="2"/><W18/><G123/><T52/><D103/><U53/><E110/><V113/><AGARI ba="0,1" hai="12,17,22,41,44,50,81,84,88,99,102,106,113,115" machi="113" ten="30,18000,2" yaku="1,1,2,1,0,1,52,2,54,1,53,0" doraHai="109" doraHaiUra="26" who="2" fromWho="2" sc="240,-60,257,-60,243,190,250,-60" /><INIT seed="2,1,0,4,4,93" ten="180,197,433,190" oya="2" hai0="103,131,64,78,83,104,68,112,63,125,82,134,113" hai1="124,107,61,16,18,129,74,55,52,71,36,0,30" hai2="85,33,29,87,111,42,10,121,38,88,81,89,19" hai3="17,102,35,96,80,8,49,48,26,120,23,72,127" shuffle="mt19937ar,C5F38815,A9F522E0,5D2B1288,EE62B5A8,33C1A5A7,0C055F0C,C8629D95,BDA975EE"/><V32/><F42/><W116/><G120/><T119/><D82/><U9/><E74/><V105/><F38/><W95/><G116/><T28/><D28/><U4/><E36/><V39/><F39/><W108/><G108/><T50/><D50/><U135/><E135/><V123/><F105/><W77/><G127/><T65/><D125/><U2/><E124/><V66/><F66/><W20/><G35/><T34/><D34/><U117/><E129/><V67/><F67/><W5/><G20/><T92/><D134/><U53/><E117/><V60/><F60/><W128/><REACH who="3" step="1"/><G128/><REACH who="3" step="2"/><T101/><D131/><U118/><E118/><V98/><F111/><W1/><AGARI ba="1,1" hai="1,5,8,17,23,26,48,49,72,77,80,95,96,102" machi="1" ten="20,8000,1" yaku="1,1,2,1,0,1,7,1,52,1,53,0" doraHai="93" doraHaiUra="122" who="3" fromWho="3" sc="180,-21,197,-21,433,-41,180,93" /><INIT seed="3,0,0,2,5,1" ten="159,176,392,273" oya="3" hai0="39,98,124,116,63,19,74,133,130,37,72,47,22" hai1="15,76,132,108,93,65,75,49,69,125,88,66,95" hai2="2,21,51,68,55,8,43,104,78,120,113,61,73" hai3="46,71,123,7,99,34,114,56,101,128,16,10,84" shuffle="mt19937ar,B2BB0CFB,EBBFBB5E,741AE22F,BF1980F4,402F02B2,1F79F864,9DB8E7C1,D460FD62"/><W57/><G123/><T134/><D63/><U102/><E69/><V40/><F104/><W23/><G114/><T106/><D116/><U27/><E102/><V92/><F120/><W38/><G34/><T26/><D106/><U12/><E75/><V13/><F2/><W0/><G71/><T90/><D98/><U48/><E76/><V41/><F73/><W111/><G128/><T126/><D90/><U35/><E35/><V9/><F78/><W3/><G3/><T91/><D91/><U25/><E132/><N who="0" m="50793" /><D74/><U89/><E125/><N who="0" m="48233" /><D72/><U60/><E108/><V121/><F121/><W29/><G29/><T67/><D67/><U110/><E110/><V28/><F68/><W109/><G111/><T96/><D96/><U100/><E100/><V54/><F113/><W112/><G112/><T33/><D33/><U79/><E79/><V18/><F92/><W103/><G109/><T62/><D62/><U81/><E60/><V129/><F61/><W117/><G117/><T80/><D80/><U94/><E94/><V87/><F87/><W86/><G101/><T53/><D53/><U42/><E81/><V6/><F55/><W131/><G46/><T44/><D44/><U70/><E70/><V20/><F54/><W5/><G38/><N who="0" m="14347" /><D47/><U77/><REACH who="1" step="1"/><E77/><REACH who="1" step="2"/><V31/><F43/><AGARI ba="0,1" hai="12,15,25,27,42,43,48,49,65,66,88,89,93,95" machi="43" ten="25,16000,3" yaku="1,1,2,1,22,2,8,1,54,1,53,2" doraHai="1" doraHaiUra="11" who="1" fromWho="2" sc="159,0,166,170,392,-160,273,0" owari="159,-24,336,34,232,-12,273,2" /></mjloggm>