<mjloggm ver="2.3"><GO type="11"/><UN n0="%E3%81%97%E3%82%87%E3%81%9F%E3%81%BE" n1="%E3%82%A6%E3%83%AB%E3%83%88%E3%83%A9%E7%AB%8B%E7%9B%B4" n2="%7A%61%72%61%5F" n3="%4B%55%4E%41%47%49" dan="3,0,5,3" rate="1515,1504,1486,1547" sx="M,M,M,M"/><TAIKYOKU oya="0"/><INIT seed="0,0,0,5,5,71" ten="250,250,250,250" oya="0" hai0="109,12,23,116,115,103,8,55,85,43,18,72,126" hai1="95,62,80,59,100,36,25,66,51,45,112,79,3" hai2="26,118,50,10,93,133,104,113,87,34,117,77,53" hai3="31,28,46,47,122,129,96,94,24,63,120,44,9" shuffle="mt19937ar,4A72E08F,A7724B46,31365251,D1890F8E,492ADE65,4600923B,F9588C99,E0A31744"/><T102/><D116/><U38/><E3/><V70/><F70/><W121/><G63/><T27/><D115/><U132/><E112/><V60/><F113/><W13/><G129/><T86/><D109/><U15/><E132/><V76/><F133/><W119/><G119/><T91/><D72/><U82/><E25/><V84/><F104/><W125/><G125/><T57/><D126/><U41/><E80/><V92/><F60/><W78/><G78/><T128/><D128/><U5/><E95/><V130/><F34/><W81/><G81/><T35/><D43/><U105/><E100/><V58/><F26/><W106/><G106/><T111/><D111/><U89/><E89/><V11/><F53/><W1/><G1/><T75/><D75/><U107/><E105/><V6/><F6/><W90/><REACH who="3" step="1"/><G24/><REACH who="3" step="2"/><T97/><D35/><U61/><E107/><V64/><F118/><W98/><G98/><T127/><D127/><U123/><E62/><V33/><F117/><W37/><G37/><T20/><D8/><N who="1" m="4495" /><E123/><V114/><F11/><W68/><G68/><T73/><D73/><U21/><E21/><V19/><F10/><W74/><G74/><T134/><D134/><U52/><E66/><V65/><F64/><W32/><G32/><T39/><D39/><U0/><E0/><V131/><F65/><W101/><G101/><T124/><D124/><U22/><E22/><V69/><F33/><W14/><G14/><T7/><D7/><AGARI ba="0,1" hai="7,9,13,28,31,44,46,47,90,94,96,120,121,122" machi="7" ten="50,3200,0" yaku="1,1,13,1,53,0" doraHai="71" doraHaiUra="48" who="3" fromWho="0" sc="250,-32,250,0,250,0,240,42" /><INIT seed="1,0,0,0,5,104" ten="218,250,250,282" oya="1" hai0="110,94,24,99,62,49,68,61,4,52,125,13,124" hai1="23,78,113,87,134,33,63,115,86,121,135,82,133" hai2="9,22,107,96,67,72,109,44,89,25,83,56,45" hai3="2,105,65,74,46,60,131,128,100,103,1,30,77" shuffle="mt19937ar,770C3089,0B0E3558,578CCD21,10A81FEB,AC38F625,7763D682,F54FAF38,7A0F9C11"/><U88/><E33/><V111/><F9/><W14/><G14/><T54/><D110/><N who="2" m="41994" /><F56/><W57/><G103/><T27/><D68/><U91/><E63/><V122/><F67/><W84/><G84/><T64/><D4/><U101/><E23/><V98/><F98/><N who="3" m="61591" /><G30/><T8/><D124/><U32/><E32/><V92/><F22/><W108/><G46/><T20/><D125/><U38/><E38/><V95/><F122/><W70/><G57/><T35/><D35/><U5/><E5/><V66/><F95/><W10/><G10/><T40/><D40/><U132/><N who="1" m="34304" /><DORA hai="55" /><U21/><E21/><V58/><F25/><W118/><G118/><T85/><D85/><U36/><E36/><V17/><F17/><W81/><G108/><T12/><D49/><U116/><E121/><V48/><F48/><W18/><G18/><T117/><D117/><U106/><E116/><V127/><F127/><W97/><G97/><T6/><D64/><U53/><E53/><V75/><F83/><W11/><G11/><T102/><D13/><U93/><E78/><V26/><F26/><W126/><G126/><T71/><D20/><U31/><E31/><V59/><F59/><W0/><AGARI ba="0,0" hai="0,1,2,60,65,70,74,77,81,128,131" m="61591" machi="0" ten="40,2700,0" yaku="23,1,52,1" doraHai="104,55" who="3" fromWho="3" sc="218,-7,250,-13,250,-7,282,27" /><INIT seed="2,0,0,0,5,69" ten="211,237,243,309" oya="2" hai0="5,70,49,53,67,61,22,132,131,33,17,84,110" hai1="117,9,75,45,7,2,51,83,62,13,34,102,1" hai2="63,58,101,77,112,87,20,68,64,56,50,55,59" hai3="40,85,6,129,38,16,10,109,111,106,18,124,3" shuffle="mt19937ar,BD56DA0C,28ED3256,164D5ACB,0EBA797F,4CAEDF65,C73C288C,16D7D539,50D77C58"/><V36/><F101/><W94/><G106/><T0/><D132/><U39/><E51/><V72/><F112/><W81/><G129/><T66/><D110/><U98/><E13/><V79/><F72/><W113/><G113/><T28/><D131/><U12/><E62/><V41/><F20/><W88/><G124/><T80/><D70/><U114/><E12/><V29/><F29/><W134/><G134/><T48/><D61/><U120/><E114/><V15/><F15/><W14/><G14/><T126/><D126/><U116/><E34/><V25/><F25/><W107/><G107/><T130/><D130/><U73/><E2/><V82/><REACH who="2" step="1"/><F79/><REACH who="2" step="2"/><W26/><G26/><T42/><D42/><N who="1" m="22751" /><E120/><V74/><F74/><W4/><G111/><T24/><D48/><U118/><E83/><V122/><F122/><W54/><G109/><T27/><D33/><U89/><E89/><V92/><F92/><W76/><G6/><T47/><D28/><U31/><E31/><V30/><F30/><W43/><G43/><T23/><D0/><U103/><E103/><V100/><F100/><W99/><G94/><T97/><D5/><U60/><E60/><V123/><F123/><W32/><G32/><T93/><D97/><U71/><E71/><V128/><F128/><W78/><G99/><T96/><D93/><U91/><E91/><V8/><F8/><W104/><G88/><T52/><D96/><U90/><E90/><V121/><F121/><W57/><G76/><T19/><D52/><U135/><E135/><V115/><F115/><W35/><G54/><T46/><D46/><AGARI ba="0,1" hai="36,41,46,50,55,56,58,59,63,64,68,77,82,87" machi="46" ten="40,12000,1" yaku="1,1,6,1,24,2,52,1,53,0" doraHai="69" doraHaiUra="125" who="2" fromWho="0" sc="211,-120,237,0,233,130,309,0" /><INIT seed="2,1,0,5,5,129" ten="91,237,363,309" oya="2" hai0="47,49,97,28,22,39,69,55,81,37,124,93,82" hai1="74,35,125,58,29,70,94,127,11,80,72,31,7" hai2="33,10,1,19,131,114,20,111,88,92,21,87,71" hai3="109,75,112,121,46,27,116,53,52,57,16,104,76" shuffle="mt19937ar,6263EB44,3767FBFB,EA7655F9,6A4A749E,B8D2CC59,583E1236,137087FD,81226934"/><V9/><F131/><W105/><G16/><T56/><D124/><U115/><E70/><V98/><F114/><W89/><G27/><T132/><D28/><U117/><E94/><V14/><F71/><W64/><G46/><T78/><D22/><U54/><E117/><V106/><F33/><W126/><G52/><T34/><D34/><U103/><E103/><V120/><F120/><W84/><G53/><T30/><D30/><U44/><E44/><V133/><F111/><W0/><G57/><T118/><D118/><U95/><E95/><V101/><F133/><W50/><G64/><T42/><D132/><U59/><E115/><V135/><F135/><W17/><G50/><T122/><D122/><U43/><E43/><V107/><REACH who="2" step="1"/><F107/><REACH who="2" step="2"/><W102/><G105/><T85/><D39/><U134/><E134/><V108/><F108/><W119/><G109/><T128/><D128/><U13/><E35/><V25/><F25/><W96/><G121/><T6/><D6/><AGARI ba="1,1" hai="1,6,9,10,14,19,20,21,87,88,92,98,101,106" machi="6" ten="40,2000,0" yaku="1,1,53,0" doraHai="129" doraHaiUra="63" who="2" fromWho="0" sc="91,-23,237,0,353,33,309,0" /><INIT seed="2,2,0,5,5,122" ten="68,237,386,309" oya="2" hai0="33,5,102,70,66,106,38,30,13,130,1,112,45" hai1="95,63,55,60,91,100,14,21,12,58,134,43,115" hai2="31,131,114,135,72,126,24,41,116,15,48,40,16" hai3="35,39,22,26,96,98,118,86,49,94,59,92,20" shuffle="mt19937ar,DE7C003C,922CA151,5FCCD384,838C9DB9,1DA3FAFC,0E0256CB,AC0AFD85,D64C03D1"/><V80/><F114/><W27/><G118/><T9/><D112/><U25/><E115/><V123/><F123/><W85/><G39/><T50/><D130/><U132/><E43/><V11/><F131/><W7/><G35/><T53/><D38/><U23/><E132/><V52/><F116/><W65/><G7/><T105/><D102/><U79/><E134/><V28/><F135/><W29/><G49/><T6/><D105/><U77/><E100/><V87/><F72/><W76/><G76/><T103/><D106/><U64/><E79/><V69/><F31/><W51/><G51/><T44/><D103/><U18/><E77/><V110/><F126/><W84/><G84/><T83/><D83/><U19/><E63/><V47/><F69/><W4/><G4/><T93/><D93/><U74/><E74/><V56/><F56/><W107/><G107/><T73/><D73/><U97/><REACH who="1" step="1"/><E64/><REACH who="1" step="2"/><V57/><F41/><W71/><G65/><T75/><D70/><U124/><E124/><V32/><F24/><AGARI ba="2,1" hai="12,14,18,19,21,23,24,25,55,58,60,91,95,97" machi="24" ten="30,12000,2" yaku="1,1,7,1,9,1,25,2,8,1,53,0" doraHai="122" doraHaiUra="46" who="1" fromWho="2" sc="68,0,227,136,386,-126,309,0" /><INIT seed="3,0,0,1,1,114" ten="68,363,260,309" oya="3" hai0="41,0,86,80,113,126,93,84,32,22,133,20,106" hai1="98,79,97,135,128,129,76,2,102,21,1,82,73" hai2="131,71,9,47,55,90,119,50,31,107,19,74,54" hai3="11,26,120,63,68,28,25,16,6,13,67,87,23" shuffle="mt19937ar,FDEDB276,BA1B570B,78AA3161,11016B13,F3FD5A67,32CAE8C6,7D250374,35C6785C"/><W14/><G120/><T17/><D113/><U112/><E21/><V77/><F31/><W40/><G40/><T121/><D133/><U108/><E112/><V103/><F55/><W33/><G87/><T132/><D121/><U7/><E7/><V115/><F115/><W99/><REACH who="3" step="1"/><G99/><REACH who="3" step="2"/><T10/><D132/><U91/><E98/><V122/><F122/><W117/><G117/><T64/><D126/><U94/><E135/><V27/><F119/><W52/><G52/><T111/><D41/><U65/><E65/><V75/><F54/><W44/><G44/><T39/><D111/><U118/><E118/><V58/><F47/><W15/><AGARI ba="0,1" hai="6,11,13,14,15,16,23,25,26,28,33,63,67,68" machi="15" ten="20,3900,0" yaku="1,1,0,1,7,1,53,0" doraHai="114" doraHaiUra="72" who="3" fromWho="3" sc="68,-13,363,-13,260,-13,299,49" /><INIT seed="3,1,0,4,3,112" ten="55,350,247,348" oya="3" hai0="101,10,87,72,29,5,31,1,64,107,113,133,126" hai1="65,16,115,6,96,102,59,98,130,106,3,15,37" hai2="23,49,11,2,128,12,19,44,56,52,45,127,66" hai3="124,84,117,69,82,81,9,57,48,14,4,78,121" shuffle="mt19937ar,AC4ED0D6,0A69F357,692F19AF,265E938E,089248F5,07212F6C,8B761C1B,283753C9"/><W83/><G121/><T79/><D113/><U42/><E37/><V50/><F127/><W88/><G69/><T135/><D72/><U104/><E115/><V73/><F128/><W41/><G124/><T125/><D64/><U110/><E42/><V70/><F70/><W74/><G117/><T17/><D125/><U40/><E40/><V111/><F111/><W18/><G18/><T7/><D126/><U105/><E130/><V27/><F2/><W35/><G35/><T103/><D107/><U116/><E6/><V118/><F73/><W47/><G57/><T32/><D133/><U75/><E3/><V67/><F56/><W0/><G0/><T134/><D135/><U86/><E75/><V55/><REACH who="2" step="1"/><F118/><REACH who="2" step="2"/><W39/><G39/><T22/><D134/><U60/><E60/><V68/><F68/><W76/><G76/><T92/><D7/><AGARI ba="1,1" hai="7,11,12,19,23,27,44,45,49,50,52,55,66,67" machi="7" ten="30,7700,0" yaku="1,1,7,1,9,1,8,1,53,0" doraHai="112" doraHaiUra="25" who="2" fromWho="0" sc="55,-80,350,0,237,90,348,0" owari="-25,-53,350,45,327,-7,348,15" /></mjloggm>