<mjloggm ver="2.3"><GO type="41"/><UN n0="%E3%82%A6%E3%83%AB%E3%83%88%E3%83%A9%E7%AB%8B%E7%9B%B4" n1="%E3%82%82%E3%82%8A%E3%82%82%E3%82%8A" n2="%E3%82%86%E3%81%84%E3%81%8A" n3="%54%48%41%4E%41%54%4F%53" dan="14,15,15,14" rate="1937,1931,1929,1819" sx="M,M,M,M"/><TAIKYOKU oya="0"/><INIT seed="0,0,0,5,5,61" ten="250,250,250,250" oya="0" hai0="90,112,8,134,34,95,22,78,18,63,124,71,125" hai1="6,62,42,135,4,15,111,54,3,65,47,126,33" hai2="76,60,89,68,114,102,121,19,35,58,69,80,119" hai3="88,27,75,52,64,48,99,108,14,84,106,129,96"/><T66/><D34/><U25/><E3/><V107/><F89/><W28/><G75/><T74/><D112/><U122/><E122/><V110/><F19/><W40/><G40/><T118/><D118/><U57/><E126/><V36/><F58/><W93/><G129/><T1/><D134/><U81/><E135/><V24/><F60/><W49/><G14/><T120/><D120/><U44/><E111/><V13/><F13/><W53/><G106/><T98/><D78/><U0/><E0/><V103/><F103/><W43/><G43/><T29/><D74/><U37/><E81/><V113/><F102/><W130/><G130/><T31/><D18/><U30/><E15/><V133/><F24/><W56/><G108/><T46/><D46/><U67/><E47/><V45/><F80/><W17/><G17/><T26/><REACH who="0" step="1"/><D31/><REACH who="0" step="2"/><U123/><REACH who="1" step="1"/><E123/><REACH who="1" step="2"/><V132/><F45/><W20/><G28/><T82/><D82/><U16/><E16/><V127/><F76/><W70/><G27/><T116/><D116/><U51/><E51/><V73/><F132/><W7/><G7/><AGARI ba="0,2" hai="1,7,8,22,26,29,63,66,71,90,95,98,124,125" machi="7" ten="40,3900,0" yaku="1,1,52,1,53,0" doraHai="61" doraHaiUra="83" who="0" fromWho="3" sc="240,59,240,0,250,0,250,-39" /><AGARI ba="0,0" hai="4,6,7,25,30,33,37,42,44,54,57,62,65,67" machi="7" ten="40,5200,0" yaku="1,1,52,2,53,0" doraHai="61" doraHaiUra="83" who="1" fromWho="3" sc="299,0,240,52,250,0,211,-52" /><INIT seed="0,1,0,1,3,21" ten="299,292,250,159" oya="0" hai0="129,65,86,15,52,118,62,124,25,60,36,79,57" hai1="104,48,91,66,93,99,33,112,44,122,13,8,3" hai2="35,132,53,107,42,120,116,92,19,126,28,17,31" hai3="10,38,26,72,135,39,27,106,32,50,68,18,40"/><T88/><D36/><U131/><E112/><V0/><F31/><W56/><G32/><T77/><D118/><U30/><E3/><V55/><F116/><W34/><G34/><T64/><D124/><U115/><E115/><V59/><F0/><W74/><G68/><T61/><D129/><U51/><E131/><V80/><F120/><W121/><G121/><T110/><D15/><U47/><E104/><V95/><F107/><W49/><G106/><T89/><D110/><U123/><E66/><N who="0" m="25705" /><D25/><U117/><E117/><V20/><F35/><W130/><G130/><T87/><D87/><U1/><E1/><V73/><F126/><W67/><G67/><T134/><D134/><U7/><E30/><V58/><F132/><W108/><G135/><T70/><D70/><U4/><E33/><V9/><F42/><W85/><G40/><T12/><D12/><U105/><E105/><V102/><F80/><W82/><G82/><N who="0" m="49239" /><D89/><U133/><E133/><V128/><F128/><W97/><G85/><T69/><D69/><U84/><E84/><V11/><F73/><W14/><G14/><T101/><D101/><U54/><E7/><V98/><F102/><W81/><G81/><T96/><D96/><U113/><E113/><V23/><F98/><W76/><G97/><T24/><D24/><U114/><E114/><V45/><F28/><W46/><G39/><T71/><D71/><U75/><E75/><V83/><F83/><W111/><G74/><T103/><D103/><U78/><E78/><AGARI ba="1,0" hai="52,57,60,61,62,77,78,79" m="49239,25705" machi="78" ten="30,5800,0" yaku="8,1,54,2" doraHai="21" who="0" fromWho="1" sc="299,61,292,-61,250,0,159,0" /><INIT seed="0,2,0,3,2,23" ten="360,231,250,159" oya="0" hai0="86,24,99,103,85,115,113,20,91,112,8,123,2" hai1="47,14,75,25,65,119,21,43,62,71,45,76,134" hai2="96,106,70,46,48,79,81,97,80,104,51,122,114" hai3="11,5,36,42,66,124,102,6,108,17,13,61,121"/><T0/><D123/><U59/><E134/><V120/><F46/><W53/><G121/><T132/><D132/><U125/><E125/><V3/><F79/><W58/><G124/><T135/><D135/><U107/><E107/><V29/><F29/><W95/><G108/><T69/><D69/><U50/><E119/><V41/><F41/><W4/><G36/><T9/><D9/><U16/><E75/><V84/><F84/><W92/><G42/><T89/><D86/><U111/><E111/><V34/><F114/><W19/><G102/><T39/><D39/><U73/><E73/><V98/><F98/><W1/><G1/><T54/><D54/><U88/><E76/><V35/><REACH who="2" step="1"/><F70/><REACH who="2" step="2"/><W52/><G66/><T90/><D85/><U110/><E71/><V38/><F38/><W130/><G130/><T100/><D99/><U55/><E110/><V127/><F127/><W49/><REACH who="3" step="1"/><G17/><REACH who="3" step="2"/><T22/><D113/><U60/><E43/><V10/><F10/><W40/><G40/><T63/><D8/><N who="1" m="6215" /><E65/><V116/><F116/><W131/><G131/><T133/><D133/><U33/><E33/><V105/><F105/><W44/><AGARI ba="2,2" hai="4,5,6,11,13,19,44,49,52,53,58,61,92,95" machi="44" ten="30,7900,0" yaku="1,1,0,1,8,1,54,1,53,0" doraHai="23" doraHaiUra="117" who="3" fromWho="3" sc="360,-41,231,-22,240,-22,149,105" /><INIT seed="1,0,0,2,0,22" ten="319,209,218,254" oya="1" hai0="11,88,26,20,67,102,53,110,28,127,34,74,73" hai1="122,5,91,71,36,114,130,108,113,47,123,19,13" hai2="0,135,120,29,50,18,72,83,86,82,99,89,49" hai3="56,2,46,48,98,33,68,65,41,60,43,126,78"/><U92/><E71/><V38/><F38/><W94/><G2/><T80/><D102/><U107/><E107/><V57/><F120/><W40/><G33/><T93/><D67/><U100/><E100/><V51/><F0/><W117/><G117/><T64/><D64/><U105/><E105/><V109/><F109/><W121/><G121/><T54/><D127/><U129/><E122/><V131/><F131/><W59/><G78/><T55/><D110/><U10/><E123/><V14/><F135/><W103/><G126/><T42/><D42/><U79/><E79/><V30/><F72/><W106/><G106/><T104/><D104/><U32/><E32/><V69/><F69/><W9/><G68/><T75/><D11/><U45/><E108/><V134/><F134/><W125/><G125/><T90/><D34/><U84/><E5/><V66/><F99/><W6/><G59/><T81/><REACH who="0" step="1"/><D90/><REACH who="0" step="2"/><U116/><E116/><V133/><F133/><W16/><G43/><T70/><D70/><U25/><E130/><V119/><F119/><W95/><G41/><T37/><D37/><U132/><E132/><V4/><F66/><W61/><G6/><T12/><D12/><U52/><E36/><V85/><F14/><W15/><G61/><T96/><AGARI ba="0,1" hai="20,26,28,53,54,55,73,74,75,80,81,88,93,96" machi="96" ten="40,8000,1" yaku="1,1,0,1,52,1,54,1,53,0" doraHai="22" doraHaiUra="101" who="0" fromWho="0" sc="309,90,209,-40,218,-20,254,-20" /><INIT seed="2,0,0,3,5,82" ten="399,169,198,234" oya="2" hai0="93,19,119,34,102,20,133,86,68,95,55,116,115" hai1="99,25,96,45,70,39,35,128,15,47,130,112,26" hai2="120,23,74,67,72,29,88,60,76,57,54,71,4" hai3="41,101,62,94,10,91,69,33,58,135,110,3,37"/><V113/><F113/><W36/><G69/><T42/><D34/><U5/><E70/><V90/><F120/><W118/><G118/><N who="0" m="45099" /><D42/><U44/><E39/><V16/><F4/><W9/><G33/><T77/><D133/><U56/><E112/><V64/><F29/><W108/><G41/><T66/><D102/><U18/><E5/><V6/><F6/><W83/><G101/><T7/><D7/><U123/><E56/><V0/><F0/><W75/><G135/><T92/><D55/><U121/><E35/><V63/><F67/><W2/><G58/><T104/><D104/><U30/><E30/><V89/><REACH who="2" step="1"/><F76/><REACH who="2" step="2"/><W46/><G3/><T129/><D115/><U107/><E123/><V127/><F127/><W122/><G2/><T106/><D66/><U78/><E78/><V28/><F28/><W85/><G122/><T100/><D77/><U32/><E121/><V65/><F65/><W59/><G10/><T73/><D68/><U21/><E32/><V97/><F97/><N who="1" m="37449" /><E107/><V49/><F49/><W11/><G9/><T61/><D106/><U124/><E124/><V22/><F22/><W134/><G11/><T81/><D19/><U84/><E18/><V53/><F53/><W52/><G52/><T17/><D20/><U125/><E21/><V126/><F126/><W38/><G134/><T131/><D17/><U48/><E125/><V31/><F31/><W105/><G105/><T43/><D43/><U24/><E48/><V51/><F51/><W79/><G37/><T87/><D61/><U14/><E84/><N who="0" m="32297" /><D100/><U8/><E8/><V103/><F103/><RYUUKYOKU ba="0,1" sc="399,10,169,10,188,10,234,-30" hai0="73,81,92,93,95,129,131" hai1="14,15,24,25,26,44,45,47,128,130" hai2="16,23,54,57,60,63,64,71,72,74,88,89,90" /><INIT seed="2,1,1,5,5,9" ten="409,179,198,204" oya="2" hai0="16,14,103,94,40,51,69,71,124,25,59,125,121" hai1="50,56,39,35,126,5,116,101,21,60,132,65,114" hai2="113,80,30,74,88,2,63,61,47,119,43,95,79" hai3="1,38,102,7,66,107,117,42,97,4,44,83,0"/><V32/><F113/><W128/><G66/><T36/><D25/><U129/><E39/><V90/><F119/><W99/><G99/><N who="0" m="59895" /><D36/><U75/><E35/><V46/><F2/><W110/><G117/><T100/><D100/><U17/><E75/><V18/><F18/><W11/><G128/><T96/><D96/><U28/><E28/><V34/><F47/><W31/><G31/><T48/><D48/><U82/><E129/><V122/><F122/><W13/><G7/><T73/><D73/><U27/><E116/><V112/><F112/><W87/><REACH who="3" step="1"/><G110/><REACH who="3" step="2"/><T22/><D121/><U37/><E5/><V57/><F30/><W106/><G106/><T135/><D135/><U123/><E132/><V105/><F105/><W115/><G115/><T77/><D71/><U33/><E123/><V81/><F81/><W26/><G26/><T12/><D69/><U111/><E114/><V131/><F131/><W68/><G68/><T98/><D98/><U104/><E111/><V108/><F108/><W62/><G62/><T70/><D70/><U55/><E82/><V109/><F109/><W134/><G134/><T76/><D124/><U64/><E126/><V20/><F63/><W53/><G53/><N who="0" m="32191" /><D40/><U91/><E104/><V49/><F20/><W24/><G24/><T120/><D120/><U84/><E27/><V92/><F32/><W19/><G19/><N who="0" m="10599" /><D125/><U89/><E33/><V6/><F34/><W41/><G41/><T52/><D52/><U10/><E55/><N who="2" m="33983" /><F6/><W29/><G29/><T118/><D118/><U8/><E60/><V45/><F45/><W54/><G54/><RYUUKYOKU ba="1,2" sc="409,10,179,-30,198,10,194,10" hai0="14,16,76,77" hai2="43,46,49,74,79,80,88,90,92,95" hai3="0,1,4,11,13,38,42,44,83,87,97,102,107" /><INIT seed="2,2,2,3,1,91" ten="419,149,208,204" oya="2" hai0="84,113,106,33,77,38,47,90,24,71,76,31,98" hai1="123,46,89,78,126,99,101,68,115,129,48,10,104" hai2="128,22,12,127,5,60,45,18,92,58,4,57,55" hai3="124,61,65,75,51,69,93,111,37,53,134,79,52"/><V132/><F127/><W62/><G124/><T11/><D71/><U30/><E126/><V114/><F114/><W103/><G79/><T117/><D113/><U83/><E115/><V19/><F128/><W23/><G75/><T17/><D98/><U0/><E68/><V28/><F132/><W107/><G107/><T105/><D77/><U110/><E129/><V116/><F116/><W13/><G134/><T26/><D76/><U35/><E123/><V15/><F28/><W3/><G3/><T119/><D47/><U94/><E110/><V120/><F120/><W50/><G37/><T34/><D38/><U118/><E118/><N who="0" m="45065" /><D11/><U85/><E35/><V36/><F58/><W29/><G111/><T59/><D59/><U63/><E30/><V70/><F92/><W8/><G29/><N who="0" m="19623" /><D17/><U82/><E63/><V133/><F133/><W39/><G65/><T121/><D121/><U108/><E108/><V20/><REACH who="2" step="1"/><F70/><REACH who="2" step="2"/><W95/><G69/><T43/><D105/><U25/><E104/><V87/><F87/><W130/><G130/><T64/><D106/><U1/><E83/><V40/><AGARI ba="2,3" hai="4,5,12,15,18,19,20,22,36,40,45,55,57,60" machi="40" ten="30,6000,0" yaku="1,1,0,1,9,1,53,0" doraHai="91" doraHaiUra="44" who="2" fromWho="2" sc="419,-22,149,-22,198,96,204,-22" /><INIT seed="2,3,0,2,4,4" ten="397,127,294,182" oya="2" hai0="21,43,37,120,90,111,72,34,56,99,39,31,32" hai1="92,11,123,100,85,25,8,129,48,49,78,67,86" hai2="84,55,26,127,51,119,74,66,80,2,114,79,41" hai3="17,18,105,38,128,47,1,133,130,40,57,36,118"/><V22/><F119/><W64/><G118/><T108/><D72/><U27/><E123/><V70/><F114/><W121/><G121/><T28/><D120/><U103/><E67/><V131/><F2/><W113/><G113/><T98/><D56/><U115/><E115/><V58/><F127/><W60/><G105/><T132/><D21/><U125/><E129/><V10/><F41/><W13/><G1/><T35/><D90/><U102/><E125/><V82/><F131/><W122/><G122/><T3/><D3/><U116/><E116/><V104/><F104/><W89/><G38/><T97/><D43/><U16/><E92/><V68/><F66/><W77/><G77/><T73/><D73/><U7/><E7/><V96/><F96/><W81/><G133/><T53/><D53/><U69/><E69/><V30/><REACH who="2" step="1"/><F10/><REACH who="2" step="2"/><N who="1" m="3625" /><E78/><AGARI ba="3,1" hai="22,26,30,51,55,58,68,70,74,78,79,80,82,84" machi="78" ten="30,2900,0" yaku="1,1,7,1,53,0" doraHai="4" doraHaiUra="12" who="2" fromWho="1" sc="397,0,127,-38,284,48,182,0" /><INIT seed="2,4,0,1,5,56" ten="397,89,332,182" oya="2" hai0="126,70,133,30,46,114,11,83,52,53,67,80,127" hai1="96,66,1,125,50,121,28,32,68,64,37,72,36" hai2="95,117,31,112,57,41,79,13,107,116,65,40,97" hai3="73,43,78,86,3,45,26,55,110,115,102,38,104"/><V47/><F112/><W111/><G86/><T12/><D114/><U23/><E72/><V14/><F107/><W22/><G115/><T54/><D30/><U7/><E32/><V88/><F79/><W89/><G89/><T51/><D83/><U35/><E35/><V105/><F105/><W85/><G85/><T27/><D27/><U123/><E7/><V19/><F31/><W60/><G102/><T4/><D80/><U71/><E1/><V134/><F134/><W103/><G103/><T42/><D133/><U0/><E0/><V99/><F99/><W135/><G104/><T34/><D34/><U101/><E125/><N who="0" m="47625" /><D67/><U113/><E113/><V77/><F77/><W6/><G135/><T108/><D70/><U21/><E50/><N who="2" m="26983" /><F117/><W84/><G84/><T131/><D131/><U100/><E96/><V120/><F120/><W128/><G22/><T9/><D9/><U2/><E2/><V91/><F41/><W75/><G26/><T132/><D132/><U109/><REACH who="1" step="1"/><E28/><REACH who="1" step="2"/><V17/><F116/><W94/><G128/><T8/><D4/><U93/><E93/><V49/><F91/><W39/><G94/><T82/><D82/><U124/><E124/><V90/><F90/><W59/><G6/><T24/><D51/><U81/><E81/><V119/><F119/><W18/><G3/><T20/><D46/><U122/><E122/><V44/><F44/><W87/><G45/><T25/><D42/><U61/><E61/><N who="2" m="38063" /><F49/><W16/><G43/><T48/><D48/><U130/><E130/><V58/><F58/><W98/><G59/><T74/><D74/><RYUUKYOKU ba="4,1" sc="397,-15,79,15,332,15,182,-15" hai1="21,23,36,37,64,66,68,71,100,101,109,121,123" hai2="13,14,17,19,88,95,97" /><INIT seed="2,5,1,4,5,44" ten="382,94,347,167" oya="2" hai0="25,110,117,87,56,105,94,64,12,99,77,90,89" hai1="58,92,8,36,84,37,70,76,41,22,31,48,132" hai2="55,73,39,19,96,57,43,101,120,27,102,121,115" hai3="42,51,40,111,14,24,82,62,54,67,66,100,6"/><V26/><F115/><W125/><G111/><T129/><D110/><U35/><E70/><V53/><F73/><W86/><G125/><T21/><D105/><U119/><E119/><V72/><F72/><W75/><G75/><T109/><D109/><U13/><E35/><V61/><F121/><W135/><G135/><T80/><D129/><U79/><E132/><V91/><F120/><W29/><G67/><T52/><D117/><U104/><E104/><V131/><F131/><W98/><G14/><T122/><D122/><U116/><E116/><V3/><F3/><W112/><G6/><T107/><D107/><U93/><E22/><V114/><F114/><W10/><G10/><T60/><D12/><U7/><E31/><V106/><F101/><W95/><G86/><T45/><D45/><N who="1" m="25647" /><E36/><V38/><F43/><W65/><G82/><T103/><D64/><U30/><E30/><AGARI ba="5,1" hai="21,25,30,52,56,60,77,80,87,89,90,94,99,103" machi="30" ten="30,3900,0" yaku="7,1,8,1,54,1" doraHai="44" who="0" fromWho="1" sc="382,64,94,-54,347,0,167,0" /><INIT seed="3,0,0,2,0,116" ten="446,40,347,167" oya="3" hai0="124,48,20,39,129,31,117,105,113,3,37,86,18" hai1="106,11,128,44,36,134,53,68,126,103,38,130,83" hai2="7,94,131,2,80,76,47,135,127,62,6,17,22" hai3="29,41,60,19,132,65,118,51,50,12,107,9,45"/><W28/><G107/><T42/><D3/><U64/><E103/><V15/><F127/><W8/><G118/><T79/><D105/><U56/><E106/><V93/><F131/><W30/><G132/><T25/><D117/><U58/><E83/><V24/><F135/><W115/><G115/><T98/><D113/><U71/><E134/><V104/><F104/><W78/><G78/><T109/><D124/><U57/><E126/><V85/><F2/><W23/><G51/><T5/><D5/><U33/><E33/><V4/><F62/><W84/><G84/><T59/><D129/><N who="1" m="49771" /><E11/><V121/><F121/><W63/><REACH who="3" step="1"/><G63/><REACH who="3" step="2"/><T133/><D133/><U120/><E120/><V54/><F24/><W75/><G75/><T40/><D48/><AGARI ba="0,1" hai="4,6,7,15,17,22,47,48,54,76,80,85,93,94" machi="48" ten="40,1300,0" yaku="8,1" doraHai="116" who="2" fromWho="0" sc="446,-13,40,0,347,23,157,0" /><INIT seed="4,0,0,0,4,21" ten="433,40,370,157" oya="0" hai0="94,45,40,55,116,59,44,56,27,18,70,132,103" hai1="14,26,28,121,63,71,108,93,36,69,64,10,19" hai2="105,57,16,99,32,25,7,15,73,9,46,78,12" hai3="131,81,85,62,117,107,110,51,35,118,6,133,123"/><T89/><D70/><U122/><E108/><V75/><F78/><W50/><G110/><T96/><D116/><U0/><E36/><V13/><F46/><W112/><G6/><T119/><D119/><U114/><E114/><V109/><F109/><W31/><G31/><T82/><D132/><U49/><E71/><V100/><F57/><W17/><G62/><T61/><D40/><U48/><E0/><V47/><F47/><W68/><G68/><T30/><D18/><U23/><E121/><V66/><F66/><W124/><G85/><T125/><D125/><U86/><E122/><V43/><F43/><W67/><G81/><T24/><D59/><U79/><E79/><V4/><F4/><W74/><G67/><T120/><D120/><U128/><E128/><V80/><F80/><W39/><G17/><T113/><D113/><U135/><E135/><V91/><F91/><W98/><G98/><T127/><D127/><U130/><E130/><V106/><F106/><W41/><G51/><N who="0" m="29159" /><D30/><U88/><REACH who="1" step="1"/><E10/><REACH who="1" step="2"/><V92/><F9/><W95/><G112/><T72/><D72/><U65/><E65/><V111/><F73/><W77/><G74/><T42/><D42/><U1/><E1/><V87/><F75/><W102/><G41/><T134/><D134/><U126/><E126/><V54/><F111/><W53/><G133/><T97/><D45/><U38/><E38/><V58/><F32/><W129/><G35/><T115/><D115/><U104/><E104/><V34/><F105/><W2/><G131/><T76/><D76/><U33/><AGARI ba="0,1" hai="14,19,23,26,28,33,48,49,63,64,69,86,88,93" machi="33" ten="20,12000,2" yaku="1,1,0,1,7,1,52,1,54,1,53,1" doraHai="21" doraHaiUra="84" who="1" fromWho="1" sc="433,-60,30,130,370,-30,157,-30" /><INIT seed="5,0,0,3,5,13" ten="373,160,340,127" oya="1" hai0="14,67,61,87,63,119,123,68,126,127,31,17,69" hai1="40,93,36,85,44,104,78,58,103,48,10,120,106" hai2="134,125,23,133,99,51,110,107,28,5,75,35,2" hai3="96,98,62,24,95,27,84,12,1,6,20,65,11"/><U73/><E120/><V41/><F75/><W74/><G74/><T52/><D31/><U92/><E104/><V9/><F110/><W29/><G84/><T19/><D119/><U18/><E106/><V100/><F125/><N who="0" m="47626" /><D123/><U30/><E30/><V102/><F102/><W53/><G98/><T64/><D14/><U15/><E73/><V79/><F79/><W108/><G108/><T39/><D39/><U109/><E109/><V88/><F35/><W90/><G27/><T50/><D87/><U116/><E116/><V37/><F37/><W122/><G122/><T25/><D25/><U57/><E36/><V76/><F76/><W60/><G53/><T38/><D38/><U105/><E105/><V59/><F28/><W16/><G65/><T118/><D118/><U113/><E113/><V34/><F34/><AGARI ba="0,0" hai="1,6,11,12,16,20,24,29,34,60,62,90,95,96" machi="34" ten="30,8000,1" yaku="7,1,24,2,52,1,54,1" doraHai="13" who="3" fromWho="2" sc="373,0,160,0,340,-80,127,80" /><INIT seed="6,0,0,4,4,85" ten="373,160,260,207" oya="2" hai0="48,59,84,122,22,134,100,58,65,18,35,14,123" hai1="44,110,28,1,8,128,112,45,98,23,99,97,127" hai2="93,63,103,49,132,109,15,54,130,96,78,24,131" hai3="41,38,36,9,25,72,74,129,71,86,101,87,26"/><V108/><F78/><W80/><G80/><T67/><D35/><U83/><E110/><N who="2" m="42603" /><F24/><W121/><G9/><T88/><D134/><U90/><E127/><V69/><F15/><W50/><G50/><T46/><D100/><U82/><E128/><N who="2" m="49195" /><F69/><W34/><G129/><T56/><D122/><U31/><E112/><V37/><F37/><W3/><G71/><T57/><D123/><U77/><E1/><V20/><F20/><W119/><G121/><T114/><D114/><U102/><E8/><V124/><F124/><W95/><G95/><N who="0" m="54663" /><D59/><U111/><E111/><V113/><F113/><W91/><G101/><T94/><D94/><U118/><E118/><V32/><F132/><W17/><G3/><T133/><D133/><U55/><E102/><V11/><F11/><W2/><G2/><T43/><AGARI ba="0,0" hai="14,18,22,43,46,48,56,57,58,65,67" m="54663" machi="43" ten="30,4000,0" yaku="8,1,52,1,54,1" doraHai="85" who="0" fromWho="0" sc="373,40,160,-10,260,-20,207,-10" /><INIT seed="7,0,0,3,5,11" ten="413,150,240,197" oya="3" hai0="52,34,42,17,80,18,97,61,91,68,47,63,30" hai1="35,16,26,46,73,37,8,53,77,92,40,119,21" hai2="67,55,69,43,57,75,22,133,126,79,121,19,45" hai3="13,84,107,93,14,0,66,5,33,76,6,29,123"/><W103/><G107/><T12/><D30/><U108/><E108/><V111/><F111/><W65/><G123/><T60/><D34/><U100/><E119/><V28/><F121/><W51/><G33/><T130/><D68/><U94/><E35/><V132/><F28/><W109/><G29/><T9/><D130/><U117/><E117/><V83/><F126/><W96/><G109/><T115/><D115/><U88/><E100/><V118/><F118/><W4/><G51/><N who="0" m="27127" /><D18/><U64/><E64/><N who="3" m="24682" /><G0/><T101/><D101/><U54/><E94/><V131/><F131/><W85/><G85/><N who="0" m="50599" /><D97/><U59/><E8/><V99/><F99/><W90/><G90/><T7/><D7/><U70/><E70/><V114/><F114/><W129/><G129/><T31/><D31/><U116/><E116/><V48/><F69/><W56/><G56/><AGARI ba="0,0" hai="9,12,17,52,56,60,61,63" m="50599,27127" machi="56" ten="30,3900,0" yaku="8,1,52,1,54,1" doraHai="11" who="0" fromWho="3" sc="413,39,150,0,240,0,197,-39" owari="452,55,150,-35,240,4,158,-24" /></mjloggm>