<mjloggm ver="2.3"><GO type="193"/><UN n0="%E8%B6%8A%E5%BE%8C%E3%81%AE%E7%B8%AE%E7%B7%AC%E5%95%8F%E5%B1%8B" n1="%E3%82%A6%E3%83%AB%E3%83%88%E3%83%A9%E7%AB%8B%E7%9B%B4" n2="%E7%82%AD%E9%85%B8%E3%83%9C%E3%83%B3%E3%83%99" n3="%E3%82%84%E3%81%BE%E3%81%96%E3%81%82" dan="12,12,11,11" rate="1895,1776,1586,1528" sx="M,M,M,M"/><TAIKYOKU oya="0"/><INIT seed="0,0,0,3,5,64" ten="250,250,250,250" oya="0" hai0="41,69,38,45,120,114,107,24,83,75,131,47,128" hai1="124,23,57,20,90,116,62,103,50,65,135,67,7" hai2="129,39,63,104,17,3,32,97,105,56,87,112,85" hai3="49,125,52,134,80,117,118,111,28,95,22,113,33" shuffle="mt19937ar,5106B9C1,DEF5A2A2,CB1FB0C8,B261D18D,C542CCC3,5CD6775A,860DB8D1,CD1265AB"/><T106/><D120/><U40/><E116/><V127/><F39/><W55/><G113/><T6/><D114/><U34/><E124/><V74/><F3/><W1/><G1/><T5/><D5/><U108/><E34/><V84/><F112/><W58/><G125/><T132/><D132/><U73/><E73/><V31/><F127/><W30/><G134/><T66/><D6/><U126/><E126/><V29/><F74/><W99/><G33/><T51/><D47/><N who="1" m="25959" /><E135/><V53/><F129/><N who="0" m="49738" /><D51/><U88/><E108/><V36/><F36/><W101/><G111/><T122/><D24/><U121/><E121/><V13/><F32/><W48/><G118/><T93/><D93/><U79/><E79/><V102/><REACH who="2" step="1"/><F105/><REACH who="2" step="2"/><W92/><G117/><T18/><D122/><U100/><E65/><V43/><F43/><W60/><G80/><T19/><D106/><U11/><E103/><V115/><F115/><W109/><G109/><T119/><D107/><U133/><E100/><V98/><F98/><W26/><G95/><T78/><D119/><U77/><E77/><V61/><F61/><AGARI ba="0,1" hai="18,19,38,41,45,61,66,69,75,78,83" m="49738" machi="61" ten="30,2900,0" yaku="19,1,52,1" doraHai="64" who="0" fromWho="2" sc="250,39,250,0,240,-29,250,0" /><INIT seed="0,1,0,2,3,108" ten="289,250,211,250" oya="0" hai0="104,63,57,31,64,29,88,34,113,116,82,101,79" hai1="73,94,54,47,42,117,109,53,56,127,50,36,98" hai2="86,75,48,95,33,55,32,74,30,39,22,37,85" hai3="125,126,58,121,21,28,19,123,2,130,60,102,40" shuffle="mt19937ar,FCFF318E,1A20BD5F,715C1326,BC267897,C8B9FD07,115BCE58,350BBABB,A0957709"/><T97/><D116/><U10/><E73/><V8/><F8/><W38/><G2/><T9/><D9/><U131/><E117/><V24/><F95/><W83/><G102/><T119/><D119/><U41/><E10/><V51/><F55/><W49/><G83/><T61/><D34/><U122/><E122/><V3/><F3/><W115/><G28/><T67/><D113/><U87/><E87/><V107/><F107/><W124/><G130/><T20/><D20/><U81/><E81/><V27/><REACH who="2" step="1"/><F22/><REACH who="2" step="2"/><W120/><G21/><T105/><D105/><U103/><E131/><V90/><F90/><W93/><G93/><T133/><D88/><U129/><E129/><V76/><F76/><W118/><G118/><T106/><D106/><U71/><E109/><V110/><F110/><W70/><G19/><T46/><D133/><U132/><E132/><V84/><F84/><W1/><G1/><T52/><D79/><U62/><E127/><V80/><F80/><W66/><G38/><T89/><D89/><U5/><E42/><V91/><F91/><W43/><G115/><T78/><D78/><U35/><E35/><V16/><F16/><W14/><REACH who="3" step="1"/><G14/><REACH who="3" step="2"/><T77/><D82/><U59/><E5/><V128/><F128/><W44/><G44/><T135/><D77/><U69/><AGARI ba="1,2" hai="36,41,47,50,53,54,56,59,62,69,71,94,98,103" machi="69" ten="30,1100,0" yaku="0,1" doraHai="108" who="1" fromWho="1" sc="289,-6,250,34,201,-4,240,-4" /><INIT seed="1,0,0,5,4,1" ten="283,284,197,236" oya="1" hai0="127,44,112,52,50,65,41,67,78,123,15,60,94" hai1="85,63,91,68,135,107,88,116,83,109,25,84,97" hai2="3,13,40,77,62,66,89,92,82,86,57,133,51" hai3="108,48,96,39,111,46,2,71,33,45,134,18,117" shuffle="mt19937ar,AD56EC45,277F0B58,9B8EB972,DE38F8C0,9540E3F6,CA489528,6667EFF8,9BB6FAEB"/><U0/><E0/><V103/><F3/><W37/><G33/><T8/><D123/><U61/><E116/><V72/><F133/><W119/><G2/><T12/><D112/><U30/><E135/><V22/><F72/><W120/><G96/><T56/><D127/><U47/><E109/><N who="3" m="42058" /><G18/><T27/><D27/><U10/><E68/><V99/><F40/><W28/><G28/><T81/><D94/><U128/><E128/><V23/><F51/><W14/><G14/><T58/><D15/><U4/><E47/><N who="3" m="17930" /><G134/><T95/><D58/><U7/><E97/><V31/><F31/><W38/><G120/><T6/><D95/><U131/><E131/><V79/><REACH who="2" step="1"/><F13/><REACH who="2" step="2"/><W5/><G48/><T64/><REACH who="0" step="1"/><D64/><REACH who="0" step="2"/><U29/><E107/><V126/><F126/><W121/><G121/><T104/><D104/><U43/><E43/><V76/><AGARI ba="0,2" hai="22,23,57,62,66,76,77,79,82,86,89,92,99,103" machi="76" ten="30,4000,0" yaku="1,1,0,1,8,1,53,0" doraHai="1" doraHaiUra="49" who="2" fromWho="2" sc="273,-10,284,-20,187,60,236,-10" /><INIT seed="2,0,0,1,5,80" ten="263,264,247,226" oya="2" hai0="8,54,85,39,77,33,108,22,27,65,74,46,36" hai1="109,101,91,114,12,61,88,43,92,127,134,76,23" hai2="57,19,25,13,131,52,47,48,71,105,10,34,72" hai3="125,18,64,130,78,68,49,90,62,1,16,14,37" shuffle="mt19937ar,03FA6C7D,A8C1ADCA,85DFA736,A9855137,02418DEB,FA6C8AC9,10D33412,14831F6D"/><V119/><F72/><W79/><G130/><T86/><D33/><U30/><E114/><V124/><F105/><W7/><G125/><T28/><D74/><U15/><E127/><V123/><F124/><W132/><G37/><T38/><D65/><U102/><E134/><V96/><F131/><W67/><G132/><T31/><D77/><U100/><E109/><V84/><F123/><W120/><G120/><T59/><D108/><U26/><E76/><V129/><F129/><W41/><G1/><T98/><D98/><U116/><E116/><V58/><F119/><W6/><G68/><T9/><D46/><U112/><E112/><V126/><F126/><W29/><G29/><T56/><D36/><U104/><E104/><V135/><F71/><W94/><G62/><T11/><D38/><U106/><E106/><V122/><F135/><W69/><G69/><T83/><D31/><U110/><E110/><V2/><F122/><W63/><G63/><T128/><D83/><U66/><E43/><V51/><F2/><W70/><G70/><T111/><D111/><U32/><E32/><V60/><F34/><W81/><G79/><T133/><D133/><U50/><E50/><N who="2" m="28767" /><F25/><W20/><G18/><T118/><D39/><U35/><E35/><V45/><F96/><N who="3" m="57431" /><G81/><T117/><D128/><U75/><E75/><V95/><F51/><W115/><G78/><T0/><D0/><U107/><E107/><V4/><F4/><N who="3" m="1579" /><G115/><T87/><D54/><U3/><E3/><V97/><F84/><W55/><G41/><T53/><D53/><U40/><E40/><N who="2" m="24615" /><F60/><W103/><G103/><AGARI ba="0,0" hai="10,13,19,57,58,95,97,103" m="24615,28767" machi="103" ten="30,5800,0" yaku="6,1,8,1,54,1" doraHai="80" who="2" fromWho="3" sc="263,0,264,0,247,58,226,-58" /><INIT seed="2,1,0,3,2,119" ten="263,264,305,168" oya="2" hai0="104,131,80,58,132,57,70,95,103,122,48,8,124" hai1="76,133,121,40,29,109,82,54,107,100,94,71,36" hai2="41,114,0,118,26,72,63,15,37,127,88,55,7" hai3="60,115,24,10,85,27,130,73,20,96,111,98,68" shuffle="mt19937ar,BC2B770A,9CAD3818,3D5E2A79,15103A86,34572574,6EA0A478,FE481284,14D45F42"/><V44/><F118/><W35/><G115/><T17/><D70/><U102/><E54/><V84/><F114/><W126/><G130/><T49/><D104/><U75/><E100/><V79/><F127/><W56/><G126/><T135/><D124/><U5/><E94/><V1/><F1/><W99/><G73/><T74/><D131/><U6/><E6/><V110/><F26/><W101/><G111/><T3/><D3/><U112/><E29/><V11/><F110/><W25/><G68/><T16/><D8/><U86/><E86/><V34/><F15/><W52/><G35/><T32/><D103/><U14/><E14/><V62/><F55/><W69/><G69/><T51/><D95/><U108/><E5/><V31/><F34/><W128/><G128/><T22/><D32/><U92/><E92/><N who="2" m="54279" /><F31/><W30/><G101/><T61/><D22/><U2/><E2/><V59/><F59/><N who="0" m="22538" /><D61/><U113/><E71/><V66/><F66/><W13/><REACH who="3" step="1"/><G85/><REACH who="3" step="2"/><T28/><D74/><U83/><E113/><V50/><F50/><W91/><G91/><T77/><D77/><U12/><E112/><V46/><F46/><W87/><G87/><T125/><D125/><U42/><E109/><V129/><F129/><W81/><G81/><AGARI ba="1,1" hai="0,7,11,37,41,44,62,63,72,79,81" m="54279" machi="81" ten="30,2900,0" yaku="25,1,54,1" doraHai="119" who="2" fromWho="3" sc="263,0,264,0,305,42,158,-32" /><INIT seed="2,2,0,2,3,10" ten="263,264,347,126" oya="2" hai0="121,67,33,39,88,106,102,119,105,45,50,129,124" hai1="122,34,9,40,65,52,112,111,69,113,17,0,73" hai2="18,63,11,35,23,49,13,5,115,123,14,75,110" hai3="24,117,90,36,116,97,30,25,101,32,128,12,85" shuffle="mt19937ar,7AC8E645,A80B570C,E0F79DAF,755E4096,470B77B5,6D2E080B,CDDDD28F,6471B7EC"/><V134/><F123/><W78/><G36/><T6/><D121/><U127/><E73/><V108/><F115/><W132/><G128/><T94/><D33/><U114/><E34/><V89/><F75/><W27/><G132/><T71/><D129/><U16/><E122/><V28/><F134/><W54/><G117/><T92/><D39/><U77/><E77/><V84/><F63/><W20/><G116/><T19/><D6/><U3/><E40/><V87/><F49/><W47/><G78/><T48/><D119/><U42/><E42/><V74/><F74/><W133/><G133/><T70/><D67/><U37/><E37/><V51/><F51/><W8/><G32/><T99/><D19/><U22/><E65/><V1/><F89/><W21/><G101/><T95/><D124/><U120/><E69/><V118/><F118/><W81/><G97/><T64/><D64/><U58/><E120/><V31/><F87/><W104/><G104/><T57/><D57/><U53/><E127/><V80/><F80/><W66/><G66/><T7/><D106/><U46/><E111/><N who="2" m="42539" /><F84/><W79/><G79/><T68/><D105/><U126/><E126/><V29/><F35/><W55/><G55/><T38/><D102/><U98/><E98/><V56/><F56/><W43/><G43/><T83/><D83/><U62/><E46/><V103/><F103/><W109/><G109/><T96/><D94/><U60/><E60/><V44/><F44/><W100/><G100/><T135/><D135/><U41/><E41/><V86/><F86/><W125/><G125/><T61/><D45/><RYUUKYOKU ba="2,0" sc="263,-10,264,-10,347,30,126,-10" hai2="1,5,11,13,14,18,23,28,29,31" /><INIT seed="2,3,0,1,0,92" ten="253,254,377,116" oya="2" hai0="132,123,82,84,122,11,120,110,80,57,113,22,125" hai1="118,2,111,5,106,24,36,27,62,20,60,7,71" hai2="50,78,28,9,59,67,130,81,65,79,131,64,17" hai3="0,1,26,68,103,51,37,98,116,134,75,133,107" shuffle="mt19937ar,0C6EE7BA,30BA3F54,A20C2A6B,58DB657B,9E1A114E,B03827F8,78483B4B,F2054388"/><V10/><F28/><W21/><G116/><T70/><D70/><U87/><E106/><V69/><F69/><W119/><G119/><T42/><D42/><U15/><E87/><V94/><F94/><W74/><G51/><T99/><D113/><U30/><E36/><V16/><F50/><W115/><G115/><T39/><D39/><U25/><E71/><V117/><F59/><W18/><G37/><T96/><D57/><U124/><E62/><V128/><F117/><W56/><G56/><T63/><D63/><U127/><E60/><V19/><REACH who="2" step="1"/><F81/><REACH who="2" step="2"/><N who="0" m="31338" /><D132/><N who="3" m="50793" /><G68/><T129/><D129/><U35/><E118/><V76/><AGARI ba="3,1" hai="9,10,16,17,19,64,65,67,76,78,79,128,130,131" machi="76" ten="50,48000,5" yakuman="40" doraHai="92" doraHaiUra="3" who="2" fromWho="2" sc="253,-163,254,-163,367,499,116,-163" owari="90,-26,91,-16,866,87,-47,-45" /></mjloggm>