<mjloggm ver="2.3"><GO type="41"/><UN n0="%E3%82%A6%E3%83%AB%E3%83%88%E3%83%A9%E7%AB%8B%E7%9B%B4" n1="%74%6D%69%74" n2="%52%6F%6D%61%6E" n3="%E8%BF%B7%E8%B5%B0%E9%9B%80%E5%A3%AB" dan="13,15,13,13" rate="1856,1937,1867,1959" sx="M,M,M,M"/><TAIKYOKU oya="0"/><INIT seed="0,0,0,1,0,44" ten="250,250,250,250" oya="0" hai0="24,36,95,87,81,14,59,99,108,72,79,16,110" hai1="122,70,127,84,77,118,27,49,0,76,19,61,9" hai2="120,121,85,132,50,82,86,23,63,91,55,56,52" hai3="131,113,11,64,98,47,66,117,40,116,30,102,60"/><T67/><D36/><U10/><E122/><V3/><F132/><W42/><G113/><T107/><D24/><U109/><E109/><N who="0" m="42089" /><D67/><U78/><E118/><V15/><F3/><W129/><G11/><N who="0" m="6239" /><D59/><U135/><E127/><V124/><F124/><W128/><G30/><T45/><D45/><U94/><E135/><V101/><F101/><W123/><G123/><T62/><D62/><U133/><E133/><V48/><F121/><W68/><G66/><T18/><D18/><U96/><E0/><V7/><F120/><W17/><G17/><T37/><D37/><U2/><E2/><V51/><F23/><W20/><G20/><T13/><D13/><U73/><E73/><V71/><F71/><W83/><G83/><T80/><D107/><U74/><E74/><V39/><F39/><N who="3" m="21919" /><G42/><T32/><D32/><U134/><E134/><V100/><F100/><W41/><G41/><T125/><D125/><U38/><E38/><V130/><F130/><W25/><G25/><T97/><D95/><AGARI ba="0,0" hai="60,64,68,95,98,102,116,117,128,129,131" m="21919" machi="95" ten="30,1000,0" yaku="19,1" doraHai="44" who="3" fromWho="0" sc="250,-10,250,0,250,0,250,10" /><INIT seed="1,0,0,1,1,32" ten="240,250,250,260" oya="1" hai0="11,84,29,61,93,78,63,117,81,4,49,36,12" hai1="127,129,128,96,134,121,135,114,30,122,55,20,106" hai2="124,65,58,43,97,19,95,44,10,45,112,86,21" hai3="131,56,18,82,132,23,94,33,80,14,91,70,74"/><U119/><E55/><V68/><F124/><W6/><G70/><T28/><D36/><U105/><E20/><V0/><F112/><W111/><G74/><T100/><D117/><U98/><E30/><V126/><F126/><W107/><G33/><T102/><D29/><U39/><E39/><V22/><F68/><W113/><G107/><N who="1" m="40970" /><E119/><V77/><F65/><W103/><G131/><N who="1" m="50250" /><E114/><V53/><F86/><W15/><G132/><N who="1" m="50730" /><E127/><V17/><F77/><W8/><G6/><T130/><D130/><U46/><E46/><V92/><F43/><W26/><G23/><T7/><D28/><U54/><E54/><V50/><F10/><W37/><G113/><T72/><D4/><U40/><E40/><V71/><F71/><W79/><G37/><T16/><D7/><U60/><E60/><V120/><F53/><W66/><G26/><T76/><D61/><U27/><E27/><V38/><F38/><W99/><G66/><T9/><D63/><U85/><E85/><V90/><F50/><W110/><G18/><T35/><D49/><U42/><E42/><V48/><F48/><W116/><G8/><T88/><D11/><U2/><E2/><V125/><F125/><W47/><G116/><T31/><D31/><U123/><AGARI ba="0,0" hai="96,98,121,122,123" m="50730,50250,40970" machi="123" ten="50,18000,2" yaku="28,2,19,1,20,1,34,2" doraHai="32" who="1" fromWho="1" sc="240,-60,250,180,250,-60,260,-60" /><INIT seed="1,1,0,4,4,63" ten="180,430,190,200" oya="1" hai0="83,97,1,56,131,8,70,45,17,22,91,110,69" hai1="92,3,106,65,87,86,79,75,2,21,94,64,90" hai2="15,67,129,82,78,103,74,89,125,0,32,120,39" hai3="116,127,108,73,43,36,105,77,31,135,104,88,40"/><U107/><E21/><V76/><F120/><W50/><G116/><T30/><D30/><U128/><E75/><V59/><F0/><N who="1" m="41" /><E79/><V117/><F117/><W14/><G127/><T118/><D118/><U100/><E100/><V113/><F125/><W47/><G135/><T93/><D131/><U95/><E90/><V28/><F129/><W25/><G43/><T19/><D45/><U51/><E51/><V134/><F134/><W42/><G40/><T4/><D83/><U122/><E122/><V35/><F113/><W126/><G126/><T53/><D19/><U132/><E132/><V115/><F115/><W9/><G88/><T81/><D81/><U48/><E48/><V34/><F28/><W23/><G50/><T10/><D10/><U26/><E26/><V101/><F39/><W46/><G46/><T133/><D133/><U119/><E119/><V60/><F78/><W41/><G41/><T54/><D54/><U38/><E38/><V98/><REACH who="2" step="1"/><F15/><REACH who="2" step="2"/><W18/><G77/><T114/><D114/><U16/><E128/><V85/><F85/><N who="1" m="32265" /><E16/><V58/><F58/><W55/><G73/><T68/><D56/><U11/><E11/><V96/><F96/><W61/><G9/><T84/><D97/><U7/><E7/><V121/><F121/><W109/><G14/><N who="0" m="9527" /><D8/><U37/><E37/><V124/><F124/><W99/><G31/><T6/><D4/><U72/><E72/><V52/><F52/><W66/><G99/><T123/><D53/><U24/><E24/><V44/><F44/><W20/><G55/><T102/><D6/><U12/><E12/><RYUUKYOKU ba="1,1" sc="180,-15,430,15,180,15,200,-15" hai1="64,65,92,94,95,106,107" hai2="32,34,35,59,60,67,74,76,82,89,98,101,103" /><INIT seed="1,2,1,3,4,101" ten="165,445,195,185" oya="1" hai0="72,123,11,113,69,61,95,73,102,63,75,24,47" hai1="132,110,84,82,45,17,13,78,130,30,87,83,9" hai2="116,85,122,46,115,12,6,120,70,64,7,52,29" hai3="135,57,94,8,43,89,68,74,97,38,107,1,36"/><U81/><E130/><V104/><F12/><W62/><G68/><T19/><D113/><U5/><E132/><V0/><F85/><W134/><G74/><T22/><D123/><U114/><E114/><V119/><F29/><W33/><G33/><T65/><D11/><U96/><E30/><V71/><F46/><W126/><G126/><T60/><D47/><U79/><E110/><V55/><F115/><W90/><G38/><T35/><D35/><U10/><E96/><V86/><F86/><W42/><G36/><T76/><D76/><U129/><E129/><V18/><F18/><W49/><G49/><T27/><D95/><U66/><E66/><V67/><REACH who="2" step="1"/><F0/><REACH who="2" step="2"/><W31/><G1/><T59/><D102/><U80/><E45/><V4/><F4/><W16/><G31/><T112/><D112/><U92/><E92/><V125/><F125/><W109/><G135/><T2/><D2/><AGARI ba="2,2" hai="2,5,9,10,13,17,78,79,80,81,82,83,84,87" machi="2" ten="30,2900,0" yaku="7,1,9,1" doraHai="101" who="1" fromWho="0" sc="165,-35,445,55,185,0,185,0" /><INIT seed="1,3,0,0,1,71" ten="130,500,185,185" oya="1" hai0="79,39,133,80,0,41,103,119,68,57,16,130,63" hai1="64,7,90,50,34,69,121,2,24,4,86,97,81" hai2="93,29,26,52,72,115,76,70,20,89,28,35,123" hai3="116,95,27,59,19,85,8,75,44,135,21,47,88"/><U11/><E121/><V99/><F115/><W104/><G75/><T3/><D68/><U12/><E2/><V32/><F123/><W43/><G104/><T120/><D119/><U61/><E97/><V113/><F113/><W128/><G116/><T105/><D120/><U31/><REACH who="1" step="1"/><E50/><REACH who="1" step="2"/><V25/><F70/><W5/><G135/><T96/><D133/><U91/><E91/><V122/><F122/><W1/><G128/><T102/><D130/><U112/><E112/><V131/><F131/><W126/><G126/><T67/><D103/><U129/><E129/><V101/><F76/><W54/><G43/><T132/><D132/><U40/><E40/><V48/><F101/><W100/><G100/><T10/><D41/><U83/><E83/><V125/><F125/><W124/><G124/><T14/><REACH who="0" step="1"/><D39/><REACH who="0" step="2"/><U118/><E118/><V13/><F89/><W82/><G82/><T84/><AGARI ba="3,2" hai="0,3,10,14,16,57,63,67,79,80,84,96,102,105" machi="84" ten="20,12000,2" yaku="1,1,2,1,0,1,7,1,54,1,53,1" doraHai="71" doraHaiUra="74" who="0" fromWho="0" sc="120,149,490,-63,185,-33,185,-33" /><INIT seed="2,0,0,5,4,119" ten="269,427,152,152" oya="2" hai0="75,59,111,74,92,80,34,69,19,26,95,44,62" hai1="10,124,39,28,57,93,86,64,102,125,134,89,22" hai2="50,33,133,82,29,43,71,113,114,25,31,135,8" hai3="35,97,65,5,4,126,0,53,41,21,47,91,68"/><V105/><F105/><W88/><G35/><T36/><D69/><U16/><E39/><V40/><F82/><W98/><G0/><T3/><D3/><U77/><E28/><N who="2" m="10827" /><F71/><W20/><G68/><T85/><D34/><U96/><E10/><V115/><F33/><W130/><G53/><T90/><D36/><U11/><E11/><V104/><F104/><W37/><G47/><T67/><D74/><U32/><E32/><V99/><F25/><W117/><G37/><T101/><D75/><U103/><E134/><N who="2" m="51211" /><F99/><W94/><G117/><T45/><D111/><U24/><E77/><V30/><N who="2" m="10835" /><V73/><DORA hai="1" /><F73/><W13/><G41/><N who="2" m="15945" /><F8/><W23/><G97/><N who="0" m="59559" /><D80/><U122/><E122/><V107/><F107/><W81/><G65/><T27/><D27/><U109/><E109/><V78/><F78/><W55/><G55/><T87/><D87/><U108/><E108/><V9/><F9/><W52/><G52/><T76/><D76/><U18/><E18/><V129/><F129/><W83/><G83/><T51/><D26/><U2/><E2/><V54/><F54/><W49/><G81/><T79/><D79/><U110/><E110/><V15/><F15/><W14/><G130/><T121/><D19/><U17/><E17/><V112/><N who="2" m="29184" /><DORA hai="106" /><V42/><N who="2" m="15953" /><V84/><DORA hai="128" /><F84/><W123/><G14/><T58/><D85/><U38/><E38/><V56/><F56/><W7/><G13/><T72/><D58/><U116/><E86/><V63/><F63/><W12/><G12/><T120/><D72/><U66/><E57/><V48/><AGARI ba="0,0" hai="48,50" m="29184,15953,51211,10835" machi="48" ten="80,24000,3" yaku="5,1,27,2,28,2,20,1,52,3" doraHai="119,1,106,128" who="2" fromWho="2" sc="269,-80,427,-80,152,240,152,-80" /><INIT seed="2,1,0,2,3,90" ten="189,347,392,72" oya="2" hai0="18,39,33,110,126,50,74,30,25,130,102,86,116" hai1="97,58,23,64,24,60,48,98,63,112,44,55,49" hai2="8,41,134,73,5,91,42,9,119,123,69,114,26" hai3="121,106,71,131,46,87,43,122,11,115,14,20,89"/><V96/><F114/><W84/><G106/><T62/><D39/><U117/><E117/><V21/><F119/><W105/><G71/><T72/><D116/><U12/><E112/><V34/><F123/><W3/><G105/><T94/><D126/><U133/><E133/><V68/><F134/><W88/><G3/><T17/><D130/><U124/><E124/><V127/><F127/><W47/><G131/><T61/><D110/><U4/><E63/><V70/><F73/><W10/><G115/><T31/><D50/><U16/><E49/><V83/><F34/><W29/><G29/><T6/><D6/><U51/><E51/><V2/><F9/><AGARI ba="1,0" hai="4,9,12,16,23,24,44,48,55,58,60,64,97,98" machi="9" ten="40,2600,0" yaku="8,1,54,1" doraHai="90" who="1" fromWho="2" sc="189,0,347,29,392,-29,72,0" /><INIT seed="3,0,0,1,4,116" ten="189,376,363,72" oya="3" hai0="97,56,104,99,18,88,129,71,64,119,105,77,134" hai1="9,109,72,93,131,52,7,73,4,10,36,75,127" hai2="83,61,121,107,69,125,114,25,37,112,20,24,62" hai3="87,32,49,70,76,102,16,92,50,8,80,135,67"/><W66/><G32/><T100/><D71/><U31/><E109/><V63/><F69/><W3/><G70/><T42/><D119/><U27/><E36/><V6/><F37/><W113/><G113/><T117/><D117/><U91/><E131/><V43/><F43/><W111/><G135/><T68/><D68/><U74/><E127/><V81/><F125/><W55/><G111/><T46/><D129/><U120/><E120/><V122/><F63/><W132/><G132/><T130/><D77/><U14/><N who="1" m="18944" /><DORA hai="40" /><U60/><E60/><N who="2" m="23147" /><F6/><W15/><G3/><T94/><D56/><U41/><E41/><V21/><F107/><W98/><REACH who="3" step="1"/><G50/><REACH who="3" step="2"/><T106/><D134/><U35/><E7/><V89/><F112/><W28/><G28/><T58/><D130/><U103/><E10/><V96/><F114/><W17/><G17/><T101/><D64/><U79/><E79/><V19/><F19/><W51/><G51/><T45/><D18/><U13/><E9/><V65/><F65/><W110/><G110/><T128/><D128/><U2/><E4/><V1/><F1/><W11/><G11/><T30/><D30/><U34/><E2/><V48/><F48/><W82/><G82/><T86/><D58/><AGARI ba="0,1" hai="8,15,16,49,55,58,66,67,76,80,87,92,98,102" machi="58" ten="30,11600,0" yaku="1,1,7,1,8,1,54,1,53,0" doraHai="116,40" doraHaiUra="126,22" who="3" fromWho="0" sc="189,-116,376,0,363,0,62,126" /><INIT seed="3,1,0,1,0,134" ten="73,376,363,188" oya="3" hai0="87,79,133,52,135,118,15,27,42,98,33,130,101" hai1="123,19,67,88,54,89,81,62,57,13,25,110,37" hai2="70,63,115,29,44,17,114,124,26,2,99,18,82" hai3="5,32,6,104,91,108,69,41,103,122,102,0,131"/><W77/><G122/><T46/><D118/><U72/><E110/><V47/><F124/><W68/><G108/><T117/><D117/><U73/><E37/><V10/><F2/><W14/><G0/><T119/><D119/><U8/><E123/><V45/><F82/><W111/><G111/><T129/><D27/><U78/><E73/><V125/><F125/><W112/><G77/><T30/><D15/><U92/><E25/><V128/><F128/><N who="0" m="49258" /><D30/><U83/><E83/><V34/><F99/><W64/><G131/><T94/><D33/><U53/><E89/><V106/><F106/><W23/><G32/><T121/><D121/><U126/><E126/><V49/><F49/><W36/><G5/><T48/><D79/><U100/><E100/><V75/><F75/><W80/><G112/><T24/><D24/><U4/><E4/><V35/><F34/><W86/><G104/><T120/><D87/><AGARI ba="1,0" hai="8,13,19,53,54,57,62,67,72,78,81,87,88,92" machi="87" ten="30,2000,0" yaku="7,1,54,1" doraHai="134" who="1" fromWho="0" sc="73,-23,376,23,363,0,188,0" /><INIT seed="4,0,0,0,2,54" ten="50,399,363,188" oya="0" hai0="29,13,88,58,9,72,107,23,125,124,93,38,6" hai1="63,135,14,0,52,116,41,18,114,32,129,60,1" hai2="53,113,94,108,91,119,90,84,36,21,34,98,133" hai3="25,115,11,105,51,37,28,106,97,2,123,118,103"/><T89/><D107/><U99/><E32/><V134/><F108/><W56/><G118/><T122/><D72/><U27/><E135/><N who="2" m="51723" /><F36/><W126/><G123/><T59/><D38/><U50/><E116/><V10/><F119/><W86/><G37/><T5/><D5/><U31/><E129/><V64/><F113/><W24/><G115/><T102/><D122/><U76/><E41/><V44/><F34/><W33/><G105/><T110/><D110/><U120/><E120/><V85/><F64/><W15/><G2/><T61/><D61/><U4/><E76/><V55/><F44/><W130/><G25/><N who="0" m="16575" /><D102/><U127/><E127/><N who="0" m="48713" /><D89/><U43/><E43/><V68/><F68/><W80/><G130/><T67/><D67/><U128/><E128/><V30/><F10/><W7/><G126/><T117/><D117/><U17/><E114/><V81/><F85/><AGARI ba="0,0" hai="6,9,13,58,59,85,88,93" m="48713,16575" machi="85" ten="30,11600,0" yaku="18,1,52,2,54,1" doraHai="54" who="0" fromWho="2" sc="50,116,399,0,363,-116,188,0" /><INIT seed="4,1,0,1,4,116" ten="166,399,247,188" oya="0" hai0="51,41,61,79,12,69,38,111,60,85,50,118,131" hai1="66,109,123,34,87,81,49,59,115,90,8,16,134" hai2="65,80,68,58,35,94,67,117,127,99,53,129,128" hai3="1,21,125,75,100,22,91,119,64,97,89,133,74"/><T107/><D107/><U113/><E109/><V57/><F117/><W47/><G119/><T73/><D73/><U5/><E123/><V121/><F35/><W56/><G1/><T23/><D118/><U63/><E34/><V78/><F121/><W108/><G108/><T31/><D111/><U62/><E62/><N who="0" m="24169" /><D38/><U39/><E39/><V46/><F127/><W30/><G125/><T24/><D69/><U98/><E134/><V105/><F105/><W71/><G133/><T52/><D131/><N who="2" m="50250" /><F68/><W95/><G71/><T40/><D12/><U76/><E49/><N who="0" m="18441" /><D52/><U110/><E110/><V44/><F53/><W20/><G75/><T36/><D36/><U96/><E5/><V25/><F25/><W84/><G74/><T77/><D85/><U86/><E86/><V11/><F11/><W101/><G30/><T106/><D106/><U26/><E90/><V7/><F7/><W132/><G132/><T135/><D135/><U102/><E102/><N who="2" m="60791" /><F80/><W4/><G4/><T2/><D2/><U120/><E120/><V10/><F10/><W104/><G104/><T130/><D130/><U15/><REACH who="1" step="1"/><E26/><REACH who="1" step="2"/><V92/><F78/><AGARI ba="1,1" hai="23,24,31,40,41,77,78,79" m="18441,24169" machi="78" ten="30,1500,0" yaku="8,1" doraHai="116" who="0" fromWho="2" sc="166,28,389,0,247,-18,188,0" /><INIT seed="4,2,0,1,5,16" ten="194,389,229,188" oya="0" hai0="47,62,75,103,88,127,61,52,51,122,100,58,46" hai1="53,37,0,112,73,21,39,67,29,133,26,78,41" hai2="131,44,20,9,87,105,17,91,59,28,120,74,33" hai3="109,102,104,6,35,30,55,54,7,132,36,18,117"/><T90/><D75/><U5/><E133/><V110/><F110/><W10/><G132/><T64/><D122/><U68/><E53/><V116/><F116/><W80/><G109/><T94/><D127/><U2/><E112/><V114/><F120/><W25/><G117/><T22/><D90/><U108/><E108/><V107/><F33/><W66/><G36/><T23/><D47/><N who="1" m="23983" /><E39/><V1/><F1/><W11/><G66/><T76/><D76/><U124/><E124/><V45/><F74/><W97/><G18/><T65/><D100/><U71/><E0/><V4/><F114/><W135/><G135/><T3/><D103/><U106/><E67/><V93/><F131/><W34/><G35/><T31/><D3/><U115/><E106/><V63/><F28/><W70/><G70/><T56/><D31/><U27/><E27/><V121/><F121/><W118/><G118/><T72/><D72/><U83/><E115/><V84/><F9/><AGARI ba="2,0" hai="2,5,9,21,26,29,68,71,73,78,83" m="23983" machi="9" ten="30,2000,0" yaku="25,1,52,1" doraHai="16" who="1" fromWho="2" sc="194,0,389,26,229,-26,188,0" /><INIT seed="5,0,0,2,1,102" ten="194,415,203,188" oya="1" hai0="65,103,91,13,71,118,68,12,73,40,88,89,125" hai1="110,56,78,84,33,95,58,4,87,23,17,90,97" hai2="11,81,45,127,48,131,86,39,115,111,20,109,72" hai3="117,116,51,128,133,44,69,35,83,132,105,61,3"/><U7/><E33/><V18/><F72/><W123/><G83/><T55/><D73/><U80/><E110/><N who="2" m="41995" /><F39/><W22/><G22/><T98/><D118/><N who="3" m="45673" /><G35/><T34/><D34/><U99/><E7/><V38/><F38/><W129/><G3/><T6/><D40/><U134/><E134/><N who="3" m="51818" /><G123/><T124/><D55/><U79/><E4/><V19/><F20/><W30/><G30/><T49/><D49/><U1/><E78/><V16/><F11/><W37/><G37/><T62/><D68/><U32/><E32/><V75/><F75/><W104/><G61/><T96/><D6/><U119/><E119/><V126/><F81/><W46/><G69/><T52/><D52/><U36/><E36/><V15/><F15/><W76/><G76/><T14/><REACH who="0" step="1"/><D98/><REACH who="0" step="2"/><N who="1" m="37387" /><E1/><V63/><F86/><W94/><G51/><T2/><D2/><U114/><E114/><V100/><F115/><W74/><G74/><T122/><D122/><U135/><E135/><V70/><F48/><W107/><G94/><AGARI ba="0,1" hai="12,13,14,62,65,71,88,89,91,94,96,103,124,125" machi="94" ten="40,2600,0" yaku="1,1,54,1,53,0" doraHai="102" doraHaiUra="24" who="0" fromWho="3" sc="184,36,415,0,203,0,188,-26" /><INIT seed="6,0,0,5,3,11" ten="220,415,203,162" oya="2" hai0="44,107,101,23,116,50,33,132,25,114,2,40,84" hai1="13,56,88,22,125,108,1,105,96,121,110,72,29" hai2="62,16,31,106,102,18,39,55,36,60,115,45,89" hai3="133,7,83,5,99,93,75,37,24,12,81,98,68"/><V129/><F129/><W46/><G68/><T0/><D33/><U47/><E1/><V8/><F115/><W112/><G112/><T135/><D114/><U9/><E72/><V92/><F31/><W95/><G133/><N who="0" m="51275" /><D116/><U71/><E71/><V118/><F118/><W130/><G130/><T67/><D67/><U64/><E125/><V28/><F28/><W127/><G127/><T109/><D109/><U27/><E121/><V15/><F106/><W63/><G63/><N who="2" m="24105" /><F39/><W79/><G24/><T77/><D101/><U134/><E134/><V104/><F36/><W103/><G83/><N who="0" m="47215" /><D107/><U128/><E128/><V58/><F104/><W10/><G46/><T113/><D113/><U4/><E105/><V42/><F102/><W120/><G120/><T32/><D32/><U90/><E108/><V124/><F124/><W70/><G70/><T111/><D111/><U3/><E110/><V41/><F45/><W91/><REACH who="3" step="1"/><G37/><REACH who="3" step="2"/><T26/><D26/><U57/><E47/><V126/><F126/><W82/><G82/><T54/><D40/><U53/><E57/><V78/><F42/><W69/><G69/><T52/><D54/><U19/><E64/><V49/><F41/><W85/><G85/><T6/><D6/><AGARI ba="0,1" hai="5,6,7,10,12,75,79,81,91,93,95,98,99,103" machi="6" ten="30,3900,0" yaku="1,1,7,1,52,1,53,0" doraHai="11" doraHaiUra="35" who="3" fromWho="0" sc="220,-39,415,0,203,0,152,49" /><INIT seed="7,0,0,2,4,69" ten="181,415,203,201" oya="3" hai0="112,94,16,120,64,68,95,8,121,114,41,25,111" hai1="30,28,4,12,73,100,105,37,40,116,34,134,5" hai2="32,60,87,43,99,53,56,20,88,107,86,59,13" hai3="36,38,126,74,45,35,129,122,103,1,84,106,81"/><W85/><G122/><N who="0" m="47211" /><D64/><U75/><E134/><V78/><F32/><W90/><G35/><T118/><D68/><U131/><E30/><V17/><F43/><W66/><G66/><T125/><D41/><U72/><E12/><V71/><F71/><W135/><G135/><T92/><D125/><U119/><E131/><V61/><F107/><W93/><G129/><T124/><D124/><U97/><E5/><V27/><F78/><W29/><G126/><T47/><D47/><N who="1" m="23951" /><E4/><V21/><F99/><W91/><G29/><T33/><D33/><U62/><E62/><V83/><F87/><W50/><G1/><T82/><D8/><U49/><E49/><V31/><F59/><W76/><G103/><T77/><D25/><AGARI ba="0,0" hai="25,28,34,72,73,75,97,100,105,116,119" m="23951" machi="25" ten="40,2600,0" yaku="23,1,52,1" doraHai="69" who="1" fromWho="0" sc="181,-26,415,26,203,0,201,0" owari="155,-34,441,54,203,0,201,-20" /></mjloggm>