<mjloggm ver="2.3"><GO type="97"/><UN n0="%E3%82%A6%E3%83%AB%E3%83%88%E3%83%A9%E7%AB%8B%E7%9B%B4" n1="%70%61%6A%69" n2="%E5%8F%8B%47%46%49" n3="%E3%83%A9%E3%83%B3%E3%83%90%E3%83%BB%E3%83%A9%E3%83%AB" dan="13,13,15,14" rate="1831,1851,2010,1910" sx="M,M,M,M"/><TAIKYOKU oya="0"/><INIT seed="0,0,0,4,1,109" ten="250,250,250,250" oya="0" hai0="85,60,111,55,48,47,33,8,6,56,15,96,52" hai1="20,97,90,10,107,121,44,17,117,63,12,54,129" hai2="49,71,120,42,77,118,1,126,22,26,70,95,65" hai3="62,103,59,45,18,24,53,58,82,110,112,13,51"/><T2/><D33/><U38/><E129/><V101/><F120/><W99/><G110/><T30/><D30/><U124/><E124/><V14/><F1/><W28/><G112/><T72/><D72/><U57/><E117/><V29/><F126/><W68/><G82/><T75/><D75/><U88/><E121/><V108/><F118/><W31/><G59/><T37/><D111/><U64/><E107/><V133/><F108/><W91/><G24/><T113/><D37/><U76/><E76/><V116/><F116/><W132/><G68/><T122/><D122/><U73/><E73/><V93/><F133/><W89/><G132/><T74/><D74/><U80/><E38/><V105/><F77/><W3/><G3/><T83/><D96/><U130/><E130/><V79/><F79/><W34/><G34/><T119/><D119/><U125/><E20/><V123/><F123/><W23/><G89/><N who="0" m="51391" /><D2/><U78/><E125/><V66/><F105/><W104/><REACH who="3" step="1"/><G91/><REACH who="3" step="2"/><T36/><D113/><U50/><E80/><V46/><F70/><W21/><G21/><T5/><D36/><U127/><E127/><V7/><F71/><W100/><G100/><T19/><AGARI ba="0,1" hai="5,6,8,15,19,47,48,52,55,56,60" m="51391" machi="19" ten="30,6000,0" yaku="25,1,8,1,54,1" doraHai="109" who="0" fromWho="0" sc="250,70,250,-20,250,-20,240,-20" /><INIT seed="0,1,0,2,5,95" ten="320,230,230,220" oya="0" hai0="113,118,64,0,71,103,127,77,17,26,11,111,76" hai1="96,78,129,68,117,66,54,7,3,98,82,80,89" hai2="73,107,92,104,19,48,50,46,18,112,58,51,59" hai3="6,115,114,120,79,53,87,23,4,99,119,42,15"/><T9/><D64/><U94/><E117/><V40/><F112/><W13/><G119/><T126/><D71/><U74/><E129/><V72/><F92/><W86/><G42/><T131/><D118/><U36/><E36/><V2/><F40/><W49/><G120/><T5/><D77/><U109/><E109/><V57/><F46/><W52/><G79/><T69/><D76/><U8/><E54/><V44/><F44/><W61/><G61/><T130/><D69/><U122/><E122/><V30/><F30/><W90/><G49/><T27/><D103/><U75/><E80/><V121/><F121/><W31/><G31/><T108/><D113/><U110/><E75/><N who="2" m="28747" /><F2/><W85/><G85/><T81/><D81/><U47/><E110/><N who="0" m="42025" /><D11/><U55/><E66/><V123/><F123/><W91/><G23/><N who="0" m="13679" /><D27/><U45/><E68/><V88/><F88/><W70/><REACH who="3" step="1"/><G70/><REACH who="3" step="2"/><T102/><D102/><U37/><E45/><V28/><F28/><W35/><G35/><T83/><D83/><U133/><E133/><V14/><F51/><W106/><G106/><T132/><D132/><U38/><E38/><V21/><F50/><W63/><G63/><T116/><D116/><U62/><E62/><V100/><F48/><W101/><G101/><T33/><D33/><U41/><E55/><V20/><F100/><W29/><G29/><T25/><D25/><U1/><E3/><V93/><F93/><W105/><G105/><T24/><D24/><U12/><E1/><V10/><F104/><W65/><G65/><T34/><D34/><U43/><E41/><V39/><F107/><RYUUKYOKU ba="1,1" sc="320,10,230,10,230,-30,210,10" hai0="0,5,9,126,127,130,131" hai1="7,8,12,37,43,47,74,78,82,89,94,96,98" hai3="4,6,13,15,52,53,86,87,90,91,99,114,115" /><INIT seed="0,2,1,2,1,37" ten="330,240,200,220" oya="0" hai0="45,49,104,113,93,114,44,52,99,17,47,119,56" hai1="32,100,41,6,38,14,57,79,53,11,16,92,3" hai2="28,122,19,4,5,83,84,74,118,117,10,66,61" hai3="2,127,29,76,70,68,0,105,80,23,25,71,69"/><T51/><D104/><U33/><E79/><V48/><F74/><W13/><G127/><T121/><D17/><U8/><E100/><V88/><F122/><W22/><G105/><T24/><D24/><U55/><E92/><V102/><F102/><W129/><G129/><T35/><D35/><U110/><E110/><V54/><F28/><W133/><G133/><T124/><D93/><U64/><E64/><V12/><F66/><W36/><G36/><T21/><D21/><U42/><E38/><V98/><F98/><W87/><N who="3" m="17408" /><DORA hai="72" /><W97/><REACH who="3" step="1"/><G97/><REACH who="3" step="2"/><T30/><D99/><U128/><E128/><V31/><F31/><W26/><G26/><T77/><D30/><U86/><E86/><V91/><F118/><W34/><G34/><T132/><D132/><U1/><E32/><V81/><F117/><W7/><G7/><T43/><D119/><U131/><E33/><V60/><F5/><W115/><G115/><T109/><D124/><U65/><E131/><V108/><F108/><W82/><G82/><T134/><D134/><U120/><E3/><V75/><F4/><W63/><G63/><T106/><D106/><U123/><E120/><V107/><F107/><W18/><AGARI ba="2,2" hai="0,2,13,18,22,23,25,29,76,80,87" m="17408" machi="18" ten="60,8000,1" yaku="1,1,0,1,52,1,53,1" doraHai="37,72" doraHaiUra="89,20" who="3" fromWho="3" sc="330,-42,240,-22,200,-22,210,106" /><INIT seed="1,0,0,3,2,43" ten="288,218,178,316" oya="1" hai0="32,30,51,48,5,25,14,61,109,7,56,97,77" hai1="92,19,8,85,29,69,24,134,128,53,46,90,55" hai2="93,28,12,104,131,50,73,33,71,119,84,112,47" hai3="86,62,1,9,121,80,107,38,99,100,58,20,31"/><U16/><E69/><V87/><F119/><W2/><G121/><T91/><D109/><U123/><E123/><V49/><F104/><W110/><G110/><T89/><D77/><U76/><E128/><V17/><F73/><W125/><G125/><T65/><D91/><U96/><E134/><V129/><F71/><W74/><G74/><T36/><D36/><U132/><E132/><V34/><F112/><W79/><G38/><T15/><D7/><U122/><E55/><V40/><F49/><W4/><G2/><T27/><D27/><U23/><E8/><V135/><F135/><W95/><G31/><T63/><D63/><U35/><E35/><V22/><F28/><W118/><G20/><T88/><D89/><U98/><E122/><V57/><F57/><W101/><G118/><T105/><D105/><U127/><E127/><V11/><F22/><W130/><G130/><N who="2" m="49673" /><F93/><W103/><REACH who="3" step="1"/><G107/><REACH who="3" step="2"/><T39/><D39/><U21/><E29/><V37/><F37/><W66/><AGARI ba="0,1" hai="1,4,9,58,62,66,79,80,86,95,99,100,101,103" machi="66" ten="20,8000,1" yaku="1,1,2,1,0,1,7,1,53,1" doraHai="43" doraHaiUra="52" who="3" fromWho="3" sc="288,-20,218,-40,178,-20,306,90" /><INIT seed="2,0,0,1,5,132" ten="268,178,158,396" oya="2" hai0="57,79,125,124,18,13,135,52,31,0,4,117,66" hai1="111,84,9,112,93,121,74,11,23,113,37,80,24" hai2="22,87,71,102,72,8,68,10,48,75,51,12,81" hai3="45,127,54,114,118,97,28,129,78,116,131,94,82"/><V110/><F102/><N who="3" m="60727" /><G28/><T89/><D66/><U70/><E37/><V120/><F120/><W103/><G45/><T61/><D79/><U88/><E70/><V67/><F110/><W2/><G54/><T106/><D106/><U73/><E111/><V134/><F134/><W60/><G60/><T92/><D135/><U58/><E121/><V133/><F133/><W43/><G43/><T109/><D31/><U98/><E58/><V128/><F128/><N who="3" m="49227" /><G2/><T26/><D117/><N who="3" m="45161" /><G114/><T30/><D109/><U49/><E113/><V99/><F67/><W6/><G6/><T105/><D105/><U35/><E112/><V108/><F22/><W85/><G103/><T107/><D107/><U104/><E35/><V96/><F108/><W38/><G38/><T21/><D4/><U91/><E104/><V20/><F20/><W17/><G17/><T53/><D0/><U119/><E119/><V55/><F55/><W47/><G47/><T16/><D53/><U56/><E56/><V62/><F62/><W33/><G33/><T1/><D1/><U86/><E49/><V36/><F36/><W7/><G7/><T65/><D65/><U39/><E39/><V123/><F12/><W69/><G69/><T115/><D115/><U34/><E34/><V19/><F19/><W90/><G78/><T64/><D64/><U59/><E59/><V42/><F42/><W83/><G82/><T76/><D76/><N who="1" m="46087" /><E11/><V3/><F3/><W15/><G15/><T130/><D130/><U50/><E9/><V40/><F40/><W25/><G25/><T77/><D26/><U101/><E24/><RYUUKYOKU ba="0,0" sc="268,-10,178,-10,158,-10,396,30" hai3="83,85,90,127" /><INIT seed="3,1,0,1,4,23" ten="258,168,148,426" oya="3" hai0="78,38,19,132,125,120,131,112,50,55,113,39,66" hai1="11,28,29,87,80,110,124,9,49,79,83,0,3" hai2="90,76,93,114,22,88,20,52,122,48,134,91,10" hai3="121,75,92,4,35,65,81,61,60,133,33,26,97"/><W32/><G133/><T107/><D19/><U89/><E110/><V63/><F114/><W7/><G121/><T6/><D6/><U5/><E124/><V69/><F134/><W96/><G26/><T56/><D78/><U67/><E67/><V119/><F119/><W8/><G97/><T72/><D55/><U46/><E3/><V135/><F135/><W116/><G116/><T43/><D56/><U25/><E11/><V71/><F122/><W17/><G17/><T51/><D66/><U128/><E128/><V57/><F76/><W86/><G75/><T45/><D51/><U77/><E29/><V34/><F34/><W123/><G123/><T126/><D50/><U129/><E80/><V130/><F130/><W27/><G27/><T117/><D45/><U14/><E0/><V70/><F10/><W31/><G31/><T73/><D43/><N who="1" m="24799" /><E129/><V58/><REACH who="2" step="1"/><F93/><REACH who="2" step="2"/><W36/><G92/><T108/><D113/><U84/><E87/><V54/><AGARI ba="1,1" hai="20,22,48,52,54,57,58,63,69,70,71,88,90,91" machi="54" ten="40,8000,1" yaku="1,1,2,1,0,1,54,2,53,0" doraHai="23" doraHaiUra="106" who="2" fromWho="2" sc="258,-21,168,-21,138,93,426,-41" owari="237,-1,147,-25,231,-12,385,38" /></mjloggm>