<mjloggm ver="2.3"><GO type="97"/><UN n0="%E3%81%B3%E3%81%9F%E3%81%BF%E3%82%93" n1="%64%61%72%6B%68%6F%72%73" n2="%E5%AF%B8%E5%BF%97" n3="%E3%82%A6%E3%83%AB%E3%83%88%E3%83%A9%E7%AB%8B%E7%9B%B4" dan="13,13,13,13" rate="1913,1918,1966,1822" sx="M,M,M,M"/><TAIKYOKU oya="0"/><INIT seed="0,0,0,0,1,19" ten="250,250,250,250" oya="0" hai0="31,123,87,67,112,63,65,58,59,62,129,24,3" hai1="79,122,48,52,0,60,126,127,18,95,20,117,37" hai2="10,119,74,35,113,55,28,16,75,109,27,57,128" hai3="36,116,15,115,108,135,118,54,88,11,132,97,43" shuffle="mt19937ar,DE8E6A2E,2696BAF3,FAF7FBD2,81A9825C,6EEAB7E7,311C64B2,4B0DF1E6,DFFA5AD8"/><T47/><D123/><U7/><E37/><V134/><F113/><W46/><G15/><T78/><D112/><U64/><E117/><V17/><F119/><W107/><G11/><T40/><D3/><U21/><E79/><V125/><F109/><W2/><G88/><T32/><D129/><U50/><E95/><V102/><F128/><W33/><G97/><T96/><D96/><U90/><E90/><V114/><F114/><W133/><G54/><T42/><D47/><N who="1" m="27679" /><E50/><V14/><F102/><W98/><G98/><T45/><D45/><U76/><E76/><V124/><F134/><W8/><G115/><T130/><D130/><U6/><E18/><V34/><F17/><W49/><G49/><T83/><AGARI ba="0,0" hai="24,31,32,40,42,58,59,62,63,65,67,78,83,87" machi="83" ten="30,3000,0" yaku="0,1,9,1" doraHai="19" who="0" fromWho="0" sc="250,30,250,-10,250,-10,250,-10" /><INIT seed="0,1,0,2,2,38" ten="280,240,240,240" oya="0" hai0="126,65,93,66,92,10,21,9,99,105,15,107,28" hai1="7,70,48,127,53,125,33,35,115,80,34,30,11" hai2="101,117,59,78,45,82,135,114,42,91,103,89,72" hai3="73,90,52,100,111,124,37,25,13,40,36,83,64" shuffle="mt19937ar,1CC545E3,C5F1A2DC,8B05BD99,1609B068,CFBD0330,BDFDC30C,82E601FF,DD29101F"/><T122/><D122/><U39/><E39/><V77/><F114/><W46/><G37/><T134/><D134/><U71/><E115/><V24/><F24/><W118/><G118/><T43/><D126/><N who="1" m="48139" /><E80/><V102/><F135/><W22/><G124/><T106/><D99/><U3/><E30/><V88/><F117/><W104/><G64/><T56/><D56/><AGARI ba="1,0" hai="3,7,11,33,34,35,48,53,56,70,71" m="48139" machi="56" ten="40,1300,0" yaku="18,1" doraHai="38" who="1" fromWho="0" sc="280,-16,240,16,240,0,240,0" /><INIT seed="1,0,0,0,5,70" ten="264,256,240,240" oya="1" hai0="86,110,29,95,18,71,30,120,58,41,45,109,22" hai1="14,8,97,51,21,31,96,33,88,76,128,9,105" hai2="37,35,125,66,4,62,75,77,102,34,17,40,49" hai3="25,64,53,84,108,85,87,26,61,74,16,43,59" shuffle="mt19937ar,D6470CFE,D9F15290,A7FD690F,DB07A5AC,68312454,DCB03C1B,83F420A0,6245C767"/><U133/><E33/><V13/><F4/><W2/><G74/><T127/><D71/><U36/><E36/><V1/><F1/><W56/><G2/><T69/><D69/><U39/><E39/><V0/><F0/><W107/><G107/><T10/><D10/><U104/><E76/><V92/><F37/><W7/><G7/><T83/><D120/><U68/><E68/><V38/><F38/><W54/><G43/><T113/><D113/><U47/><E133/><V135/><F135/><W63/><G108/><N who="0" m="41579" /><D127/><U101/><E128/><V90/><F102/><W89/><G64/><T48/><D95/><U126/><E126/><V79/><F125/><W12/><REACH who="3" step="1"/><G89/><REACH who="3" step="2"/><N who="0" m="51423" /><D58/><U99/><E105/><V20/><F75/><W52/><G52/><T100/><D41/><N who="1" m="25071" /><E104/><V121/><F121/><W134/><G134/><T55/><D100/><U98/><E101/><V91/><F40/><W123/><G123/><T130/><D130/><U93/><E14/><AGARI ba="0,1" hai="14,18,22,29,30,45,48,55" m="51423,41579" machi="14" ten="30,1000,0" yaku="14,1" doraHai="70" who="0" fromWho="1" sc="264,20,256,-10,240,0,230,0" /><INIT seed="2,0,0,0,4,67" ten="284,246,240,230" oya="2" hai0="78,14,18,117,77,26,37,33,103,72,53,69,57" hai1="99,125,2,66,90,85,95,115,0,129,98,5,52" hai2="126,7,91,54,27,84,112,113,74,75,116,131,100" hai3="76,106,134,118,94,3,110,59,83,35,17,107,8" shuffle="mt19937ar,AF1BCC9E,62FBE3B4,F5A7CD51,169E8E95,B3041812,F9FE4FCD,A0BF7A06,DE752A38"/><V89/><F116/><W45/><G59/><T68/><D117/><U32/><E115/><N who="2" m="44107" /><F7/><W36/><G17/><T42/><D103/><U55/><E129/><V6/><F6/><N who="3" m="1119" /><G94/><T92/><D92/><U121/><E32/><V64/><F64/><W20/><G20/><T61/><D26/><U122/><E66/><V44/><F27/><W73/><G118/><T60/><D33/><U50/><E125/><V65/><F65/><W16/><G16/><T127/><D127/><U96/><E55/><V71/><F54/><W10/><G10/><T119/><D119/><U38/><E38/><V11/><F71/><W70/><G35/><T25/><D25/><U111/><E111/><V105/><F44/><W114/><G110/><T132/><D60/><U130/><E5/><V4/><F4/><W135/><G114/><T101/><D101/><U1/><REACH who="1" step="1"/><E130/><REACH who="1" step="2"/><V87/><F131/><W104/><G70/><T48/><D68/><U79/><E79/><V109/><F126/><W58/><G58/><AGARI ba="0,1" hai="0,1,2,50,52,58,85,90,95,96,98,99,121,122" machi="58" ten="50,3200,0" yaku="1,1,54,1,53,0" doraHai="67" doraHaiUra="62" who="1" fromWho="3" sc="284,0,236,42,240,0,230,-32" /><INIT seed="3,0,0,1,3,50" ten="284,278,240,198" oya="3" hai0="77,17,135,129,118,36,27,7,93,90,85,52,96" hai1="79,110,57,19,45,88,125,60,10,66,12,102,106" hai2="22,109,35,64,84,43,41,40,111,100,9,97,31" hai3="108,23,25,89,86,105,33,132,124,26,74,62,15" shuffle="mt19937ar,B9AF0DDA,CC65A4D7,B85635B8,FB8693D4,9C518DE4,1FA8F32A,EDDF3A4E,130ADA97"/><W83/><G105/><T87/><D118/><U81/><E125/><V113/><F113/><W116/><G116/><T21/><D36/><U6/><E110/><N who="2" m="41995" /><F35/><W44/><G108/><T78/><D135/><U3/><E106/><N who="2" m="63759" /><F64/><W120/><G120/><T134/><D134/><U28/><E102/><V126/><F126/><W16/><G124/><T69/><D69/><U82/><E28/><V94/><F9/><W37/><G132/><T13/><D129/><U103/><E103/><V121/><F121/><W42/><G74/><T104/><D104/><U68/><E68/><V11/><F11/><W4/><G33/><T115/><D115/><U59/><E45/><V20/><F31/><W99/><G99/><T112/><D112/><U119/><E119/><V128/><F128/><W1/><G1/><T95/><D13/><N who="1" m="5335" /><E88/><AGARI ba="0,0" hai="20,22,40,41,43,84,88,94" m="63759,41995" machi="88" ten="30,2000,0" yaku="14,1,54,1" doraHai="50" who="2" fromWho="1" sc="284,0,278,-20,240,20,198,0" /><INIT seed="4,0,0,4,5,29" ten="284,258,260,198" oya="0" hai0="121,64,36,27,110,49,74,51,17,132,99,25,33" hai1="50,44,128,75,43,31,82,59,112,81,77,0,11" hai2="53,68,100,23,37,62,26,69,84,96,103,104,20" hai3="6,116,107,113,38,39,22,41,65,119,8,61,56" shuffle="mt19937ar,B24B7A89,C8478786,44702BEF,DF2455BA,D7CB6AC0,1047CFEE,406DDF69,2D79EC1E"/><T93/><D121/><U78/><E128/><V24/><F37/><W14/><G107/><T4/><D36/><U83/><E112/><V114/><F114/><W98/><G113/><T42/><D74/><U30/><E0/><V66/><F103/><W1/><G39/><T19/><D4/><U9/><E59/><V133/><F133/><W130/><G130/><T105/><D105/><U95/><E95/><V73/><F73/><W52/><G41/><T76/><D76/><N who="1" m="29291" /><E75/><V126/><F126/><W2/><G38/><T92/><D132/><U108/><E108/><V89/><F53/><W57/><G98/><T5/><D5/><U87/><E87/><V60/><F60/><W127/><G127/><T85/><D110/><U97/><E97/><V63/><F63/><W70/><G57/><T86/><D99/><U15/><E11/><V58/><F23/><W16/><G2/><T67/><D42/><U131/><E131/><V117/><F26/><W3/><G3/><T120/><D120/><U46/><E44/><V80/><REACH who="2" step="1"/><F117/><REACH who="2" step="2"/><W72/><REACH who="3" step="1"/><G72/><REACH who="3" step="2"/><T124/><D124/><U123/><E123/><V125/><F125/><W32/><G32/><AGARI ba="0,2" hai="17,19,25,27,32,33,49,51,64,67,85,86,92,93" machi="32" ten="25,9600,0" yaku="22,2,52,2" doraHai="29" who="0" fromWho="3" sc="284,116,258,0,250,0,188,-96" owari="400,40,258,1,250,-10,92,-31" /></mjloggm>