<mjloggm ver="2.3"><GO type="9"/><UN n0="%E3%82%A6%E3%83%AB%E3%83%88%E3%83%A9%E7%AB%8B%E7%9B%B4" n1="%4D%41%53%41%52%55" n2="%6D%69%79%61%6D%61" n3="%6E%6F%6E%6B%6F" dan="3,9,7,9" rate="1577,1582,1598,1316" sx="M,M,M,M"/><TAIKYOKU oya="0"/><INIT seed="0,0,0,3,2,66" ten="250,250,250,250" oya="0" hai0="13,108,114,4,32,27,62,54,116,44,91,100,89" hai1="131,55,39,3,59,43,40,46,88,56,30,8,106" hai2="18,67,28,53,21,128,120,14,1,52,125,77,135" hai3="123,110,127,115,101,15,65,38,83,122,10,93,126" shuffle="mt19937ar,1E838DB7,B70D3032,109E548E,733D9ABB,8440C27B,447EEA04,C712C803,713469D0"/><T105/><D116/><U33/><E106/><V68/><F120/><N who="3" m="46123" /><G38/><T92/><D114/><U118/><E33/><V45/><F1/><W31/><G83/><T16/><D108/><U111/><E30/><V41/><F125/><N who="3" m="47627" /><G115/><T47/><D32/><U129/><E118/><V76/><F128/><W102/><G110/><T82/><D105/><U0/><E8/><V133/><F28/><W7/><G65/><T57/><D4/><U63/><E0/><V112/><F112/><W34/><G93/><T85/><D100/><N who="3" m="38505" /><G31/><T84/><REACH who="0" step="1"/><D27/><REACH who="0" step="2"/><U24/><E24/><V104/><F104/><W70/><G34/><T25/><D25/><U19/><E3/><V17/><F133/><W124/><N who="3" m="47635" /><W119/><DORA hai="86" /><G119/><T50/><D50/><U36/><E111/><V29/><F135/><W113/><G113/><T49/><D49/><U94/><E36/><V35/><F35/><W60/><G60/><T51/><D51/><U96/><E40/><V5/><F5/><W117/><G117/><T22/><AGARI ba="0,1" hai="13,16,22,44,47,54,57,62,82,84,85,89,91,92" machi="22" ten="20,24000,3" yaku="1,1,0,1,7,1,8,1,52,2,54,1,53,1" doraHai="66,86" doraHaiUra="74,12" who="0" fromWho="0" sc="240,250,250,-80,250,-80,250,-80" /><INIT seed="0,1,0,2,1,13" ten="490,170,170,170" oya="0" hai0="62,34,15,11,28,107,80,68,29,94,117,42,76" hai1="38,82,71,103,78,108,132,79,81,83,32,128,101" hai2="122,59,72,91,1,75,70,54,31,129,43,116,131" hai3="102,95,127,98,60,73,92,23,40,66,53,84,0" shuffle="mt19937ar,804D4D6D,E0C89E4E,370CA893,BFE4A6C5,A3929B93,3F347FC8,AF05F623,4C973313"/><T105/><D117/><U49/><E32/><V27/><F122/><W37/><G127/><T36/><D94/><U17/><E71/><V12/><F70/><W3/><G73/><T8/><D8/><U4/><E38/><V86/><F1/><W25/><G53/><T63/><D42/><U126/><E126/><V58/><F43/><W85/><G92/><T88/><D36/><U51/><E4/><V44/><F116/><W89/><G40/><T74/><D88/><U100/><E132/><V104/><F104/><W112/><G112/><T33/><D29/><U93/><E128/><V106/><F106/><W90/><G37/><T52/><D33/><U20/><E108/><V115/><F115/><W111/><G111/><T124/><D124/><U39/><E93/><V7/><F7/><W55/><G55/><T99/><D62/><U135/><E39/><V114/><F114/><W113/><G113/><T22/><D99/><U24/><REACH who="1" step="1"/><E135/><REACH who="1" step="2"/><V133/><F133/><W45/><G102/><T110/><D34/><U69/><E69/><V57/><F129/><W18/><G45/><T41/><D110/><U2/><E2/><V19/><F44/><W64/><G0/><T10/><D68/><U50/><AGARI ba="1,1" hai="17,20,24,49,50,51,78,79,81,82,83,100,101,103" machi="50" ten="40,12000,2" yaku="1,1,0,1,29,2,8,1,52,1,53,1" doraHai="13" doraHaiUra="21" who="1" fromWho="1" sc="490,-61,160,133,170,-31,170,-31" /><INIT seed="1,0,0,0,3,8" ten="429,293,139,139" oya="1" hai0="48,35,111,41,92,10,11,1,81,57,14,93,109" hai1="15,72,69,17,74,102,84,78,87,13,105,94,103" hai2="9,126,82,77,23,104,42,25,30,83,90,59,21" hai3="12,85,115,29,37,114,46,63,4,123,31,60,88" shuffle="mt19937ar,78248943,400C77CA,99DF53D0,9F2AA24C,7485EAA8,E1BB3915,C684FD44,9B65B156"/><U80/><E69/><V56/><F104/><W91/><G123/><T134/><D35/><U38/><E38/><V22/><F126/><W28/><G37/><T20/><D1/><U135/><E135/><V127/><F127/><W36/><G36/><T132/><D81/><U116/><E116/><V112/><F112/><W18/><G4/><T6/><D20/><U50/><E50/><V99/><F42/><W40/><G115/><T73/><D73/><N who="1" m="28267" /><E17/><V52/><F99/><W75/><G75/><T71/><D11/><U100/><E15/><V97/><F97/><W0/><G0/><T61/><D71/><U129/><E13/><V125/><F125/><W110/><G110/><N who="0" m="41995" /><D132/><U19/><E19/><V16/><F9/><N who="3" m="6415" /><G114/><T2/><D2/><U124/><E124/><V55/><F90/><N who="3" m="34347" /><G40/><T121/><D134/><U27/><E27/><V76/><F30/><W39/><G39/><T33/><D33/><U32/><E32/><V106/><F106/><W43/><G43/><T54/><D121/><U117/><E117/><V53/><F76/><W89/><G46/><AGARI ba="0,0" hai="6,10,14,41,46,48,54,57,61,92,93" m="41995" machi="46" ten="30,2000,0" yaku="14,1,52,1" doraHai="8" who="0" fromWho="3" sc="429,20,293,0,139,0,139,-20" /><INIT seed="2,0,0,1,3,54" ten="449,293,139,119" oya="2" hai0="119,32,47,44,17,52,110,80,61,102,38,85,134" hai1="67,109,36,30,106,104,53,124,82,29,56,46,70" hai2="118,128,135,69,97,42,41,120,125,122,13,126,87" hai3="7,96,12,1,84,121,95,65,23,2,86,63,94" shuffle="mt19937ar,DC85B606,BEF6FAFF,9441D3FA,47C3556C,DA6FBBC6,9FB0E46E,51202372,1480DD4E"/><V79/><F69/><W107/><G107/><T40/><D32/><U111/><E124/><N who="2" m="47723" /><F97/><W99/><G121/><N who="2" m="46697" /><F118/><W131/><G131/><T127/><D102/><U11/><E106/><V90/><F79/><W24/><G2/><T129/><D129/><U71/><E104/><V22/><F128/><W101/><G1/><T15/><D119/><U27/><E71/><V37/><F37/><W20/><G7/><T108/><D134/><U25/><E70/><V75/><F75/><W68/><G12/><T117/><D117/><U66/><E36/><V77/><F77/><W48/><G48/><T62/><D127/><U89/><E11/><V113/><F113/><W4/><G4/><T9/><D47/><U73/><E67/><V88/><F135/><W6/><G6/><T133/><D133/><U39/><E39/><V49/><F49/><W55/><G55/><T0/><D0/><U103/><E66/><V14/><F22/><W16/><G23/><T83/><D83/><U98/><E103/><AGARI ba="0,0" hai="16,20,24,63,65,68,84,86,94,95,96,99,101,103" machi="103" ten="30,3900,0" yaku="7,1,9,1,54,1" doraHai="54" who="3" fromWho="1" sc="449,0,293,-39,139,0,119,39" /><INIT seed="3,0,0,3,2,126" ten="449,254,139,158" oya="3" hai0="122,131,94,25,32,73,103,92,66,118,41,99,72" hai1="9,110,116,52,43,23,64,3,119,112,42,108,104" hai2="26,83,1,102,69,39,107,77,12,51,21,7,37" hai3="4,135,100,120,90,36,84,117,123,28,13,115,67" shuffle="mt19937ar,8C528361,EE1DCBEE,CB016034,BDAF8736,2960E643,C1B377D6,BC8DA1F8,6374AE59"/><W57/><G117/><N who="1" m="45130" /><E104/><V44/><F69/><W16/><G115/><T96/><D41/><N who="1" m="15371" /><E64/><V105/><F1/><W62/><G36/><T50/><D50/><U65/><E65/><V68/><F68/><W121/><G135/><T31/><D122/><U0/><E112/><V130/><F130/><W45/><G45/><T19/><D131/><U85/><E9/><V22/><F7/><W8/><G100/><T114/><D114/><U10/><E10/><V125/><F125/><W128/><G28/><T76/><D76/><U40/><N who="1" m="15379" /><U79/><DORA hai="95" /><E23/><V81/><F83/><W60/><G60/><T46/><D46/><U88/><E79/><V127/><F127/><W24/><G128/><T70/><D19/><U20/><E20/><V35/><F35/><W134/><G134/><T6/><D6/><U133/><E52/><V75/><F107/><W98/><G98/><T82/><D82/><N who="1" m="49207" /><E133/><V53/><F12/><W87/><REACH who="3" step="1"/><G90/><REACH who="3" step="2"/><T30/><D30/><U80/><E80/><V63/><F63/><W59/><G59/><T18/><D118/><U129/><E129/><V74/><F37/><W86/><G86/><T2/><D96/><U17/><E17/><V97/><F39/><W132/><G132/><T14/><D99/><U47/><E47/><V38/><F38/><W34/><G34/><T5/><D103/><U54/><E54/><V101/><F101/><W71/><G71/><T113/><D73/><U11/><E11/><V15/><F74/><W93/><G93/><T49/><D72/><U109/><AGARI ba="0,1" hai="0,3,108,109,110" m="49207,15379,45130" machi="109" ten="50,6400,0" yaku="14,1,12,1,54,1" doraHai="126,95" who="1" fromWho="1" sc="449,-16,254,74,139,-16,148,-32" /><INIT seed="4,0,0,2,0,74" ten="433,328,123,116" oya="0" hai0="116,86,17,71,37,81,95,16,19,38,49,41,83" hai1="23,51,90,24,93,82,7,6,134,39,115,59,28" hai2="10,50,42,69,97,77,78,31,125,18,43,133,87" hai3="130,135,104,118,72,8,114,57,100,79,55,113,102" shuffle="mt19937ar,4B3E16E1,47C0329A,8FCE1004,3C40D2D6,B96BC4E6,06749EA9,92DEDD00,460B78C9"/><T88/><D71/><U121/><E39/><V20/><F69/><W63/><G118/><T47/><D116/><U103/><E121/><V36/><F36/><W73/><G135/><T117/><D117/><U65/><E134/><V44/><F133/><W112/><G130/><T64/><D64/><U32/><E115/><V26/><F125/><W107/><G8/><T54/><REACH who="0" step="1"/><D38/><REACH who="0" step="2"/><U3/><E3/><V40/><F97/><W70/><G70/><T120/><D120/><U94/><E32/><V27/><F10/><W0/><G0/><T56/><AGARI ba="0,1" hai="16,17,19,37,41,47,49,54,56,81,83,86,88,95" machi="56" ten="30,12000,1" yaku="1,1,0,1,54,2,53,1" doraHai="74" doraHaiUra="84" who="0" fromWho="0" sc="423,130,328,-40,123,-40,116,-40" /><INIT seed="4,1,0,5,5,65" ten="553,288,83,76" oya="0" hai0="110,71,25,29,22,58,47,21,108,115,35,107,57" hai1="124,123,113,86,89,69,40,18,62,92,67,96,32" hai2="94,122,74,130,33,50,76,98,59,64,68,72,0" hai3="101,39,134,10,93,91,90,77,60,53,45,51,17" shuffle="mt19937ar,860B28BF,A783F890,D5EC8F90,B0230807,F245A5E7,5F964FA9,ECC71585,4C9BAA5A"/><T61/><D107/><U75/><E32/><V30/><F122/><W26/><G134/><T88/><D47/><U1/><E1/><V28/><F28/><W31/><G39/><T125/><D125/><U73/><E40/><V83/><F0/><W114/><G77/><T105/><D105/><U120/><E124/><V126/><F126/><W4/><G114/><T100/><D100/><U34/><E34/><V118/><F118/><W79/><G79/><T132/><D132/><U117/><E117/><V9/><F9/><W48/><G60/><T55/><D115/><U95/><E113/><V36/><F36/><W81/><G17/><T87/><D58/><U16/><E123/><V128/><F72/><W106/><G106/><T8/><D8/><U84/><E84/><V133/><F133/><W3/><G81/><T97/><D97/><U104/><E104/><V85/><F74/><W46/><G101/><T19/><D71/><U54/><E54/><V103/><F50/><W129/><G129/><N who="2" m="49769" /><F59/><W127/><G127/><T2/><D2/><U116/><E116/><V11/><F11/><W14/><G3/><T7/><D7/><U99/><E99/><V82/><F82/><W135/><G135/><T43/><D43/><U70/><E70/><V121/><F121/><W38/><G38/><T6/><D6/><U80/><E95/><V119/><F119/><W52/><REACH who="3" step="1"/><G93/><REACH who="3" step="2"/><T66/><D19/><U42/><E42/><V78/><F78/><W41/><G41/><T37/><D37/><U27/><E18/><V56/><F76/><W131/><G131/><T102/><D102/><RYUUKYOKU ba="1,1" sc="553,-10,288,-10,83,-10,66,30" hai3="4,10,14,26,31,45,46,48,51,52,53,90,91" /><INIT seed="5,2,1,5,4,79" ten="543,278,73,96" oya="1" hai0="114,58,113,9,13,64,16,116,51,24,119,100,115" hai1="27,21,94,14,6,4,92,59,126,90,77,55,28" hai2="32,57,104,15,74,93,106,81,19,131,76,48,117" hai3="46,11,73,111,12,39,91,135,0,103,43,62,30" shuffle="mt19937ar,06B872A9,C37E2CEC,983580C9,CF002422,C2EF48B4,31766BF1,A88927D5,78088BD8"/><U7/><E77/><V112/><F117/><W68/><G111/><T22/><D100/><U127/><E92/><V17/><F32/><W41/><G135/><T105/><D105/><U82/><E14/><V75/><F131/><W42/><G103/><T23/><D23/><U125/><E82/><V80/><F19/><W99/><G73/><T84/><D84/><U71/><E71/><V50/><F112/><W49/><G0/><T130/><D130/><U128/><E128/><V121/><F121/><W40/><G30/><T85/><D85/><U56/><REACH who="1" step="1"/><E55/><REACH who="1" step="2"/><V25/><F25/><W34/><G34/><T110/><D110/><U69/><E69/><V18/><F106/><W35/><G35/><T31/><D64/><U120/><E120/><V37/><F104/><W78/><G78/><T26/><D26/><U60/><E60/><V47/><F15/><W2/><G2/><T33/><D33/><U83/><E83/><V8/><F93/><N who="3" m="56767" /><G68/><T102/><D102/><U61/><E61/><V123/><F123/><W97/><G62/><T44/><D58/><U63/><E63/><V122/><F122/><W118/><G118/><T133/><D133/><U67/><E67/><V52/><F47/><W66/><G39/><T101/><D101/><U134/><E134/><V89/><F76/><W124/><G66/><T3/><D3/><U45/><E45/><V38/><F80/><W132/><G132/><T107/><D107/><U1/><E1/><V87/><F81/><W95/><G124/><T20/><D20/><U65/><E65/><V54/><F54/><AGARI ba="2,2" hai="9,13,16,22,24,31,44,51,54,113,114,115,116,119" machi="54" ten="40,2600,0" yaku="15,1,54,1" doraHai="79" who="0" fromWho="2" sc="543,52,268,0,73,-32,96,0" /><INIT seed="6,0,0,1,3,46" ten="595,268,41,96" oya="2" hai0="101,83,6,50,17,116,29,8,72,52,115,123,12" hai1="1,22,82,70,122,9,129,45,20,79,68,44,105" hai2="31,41,62,117,112,13,11,53,75,97,14,37,56" hai3="58,10,2,85,135,51,134,124,15,127,71,74,130" shuffle="mt19937ar,85AB15F5,579D883C,AE9F3C3E,A5C69D39,E80240E6,44251569,597398E1,34B3FE9D"/><V67/><F117/><W98/><G74/><T0/><D123/><U118/><E105/><V102/><F75/><W69/><G2/><T57/><D115/><U38/><E122/><V88/><F112/><W111/><G98/><T4/><D116/><U125/><E118/><V34/><F34/><W65/><G85/><T30/><D101/><U128/><E125/><N who="3" m="48202" /><G15/><T66/><D66/><U73/><E22/><V47/><F31/><W54/><G10/><T42/><D42/><N who="1" m="22615" /><E20/><V28/><F28/><N who="0" m="10858" /><D0/><U132/><E45/><V33/><F33/><W86/><G86/><T16/><D72/><U63/><E132/><N who="3" m="50730" /><G111/><T94/><D83/><U43/><E43/><V64/><F14/><W92/><G92/><T5/><D94/><U90/><E90/><V126/><F126/><W36/><G36/><T55/><D55/><U27/><E27/><V104/><REACH who="2" step="1"/><F88/><REACH who="2" step="2"/><W35/><G35/><T78/><D78/><U100/><E100/><V93/><F93/><W48/><G130/><N who="1" m="50282" /><E63/><V61/><F61/><N who="3" m="40111" /><G71/><T49/><D17/><AGARI ba="0,1" hai="11,13,17,37,41,47,53,56,62,64,67,97,102,104" machi="17" ten="30,2900,0" yaku="1,1,7,1,53,0" doraHai="46" doraHaiUra="113" who="2" fromWho="0" sc="595,-29,268,0,31,39,96,0" /><INIT seed="6,1,0,5,4,23" ten="566,268,70,96" oya="2" hai0="93,38,63,81,99,73,1,107,36,20,66,17,27" hai1="2,122,62,87,77,111,86,52,88,92,67,25,96" hai2="34,127,48,76,60,51,58,120,100,101,5,104,14" hai3="134,126,61,95,0,39,32,3,57,132,75,47,89" shuffle="mt19937ar,04755F35,BDB87159,5596DAC8,6526C19C,54E915E9,92495285,62F6BFF4,9D99E27F"/><V74/><F120/><W102/><G102/><T46/><D1/><U135/><E2/><V79/><F104/><W65/><G126/><T64/><D107/><U118/><E118/><V105/><F105/><W83/><G32/><T115/><D115/><U4/><E4/><V29/><F74/><W70/><G95/><T128/><D128/><U80/><E122/><V53/><F34/><W119/><G89/><T41/><D38/><U12/><E111/><V35/><F35/><W42/><G119/><T24/><D73/><U21/><E12/><V18/><F127/><W98/><G98/><T121/><D81/><U44/><E67/><V9/><F29/><W19/><G19/><T125/><D125/><U131/><E131/><V94/><F94/><W91/><G91/><T31/><D63/><U129/><E129/><V26/><F26/><W55/><G134/><T97/><D121/><U40/><E40/><V72/><F72/><W37/><G132/><T43/><D43/><U133/><E96/><V116/><F116/><W16/><G16/><T15/><D99/><U113/><E113/><V103/><REACH who="2" step="1"/><F5/><REACH who="2" step="2"/><W10/><G10/><T69/><D27/><U59/><REACH who="1" step="1"/><E44/><REACH who="1" step="2"/><V85/><F85/><W7/><G7/><T109/><D109/><U110/><E110/><V33/><F33/><W28/><G28/><AGARI ba="1,2" hai="21,25,28,52,59,62,77,80,86,87,88,92,133,135" machi="28" ten="40,8000,1" yaku="1,1,52,1,54,2,53,0" doraHai="23" doraHaiUra="123" who="1" fromWho="3" sc="566,0,258,103,60,0,96,-83" /><INIT seed="7,0,0,3,3,20" ten="566,361,60,13" oya="3" hai0="69,42,94,100,28,61,90,22,104,84,88,64,129" hai1="33,58,76,99,7,45,65,118,77,83,0,48,68" hai2="108,124,103,38,67,12,60,1,4,63,114,3,9" hai3="57,82,96,95,11,10,80,117,115,8,127,75,102" shuffle="mt19937ar,CE19D0FE,423B639B,B4EFD6E6,60235A26,98D9F440,A24490DD,A2A67A1D,4B2F64A7"/><W46/><G117/><T21/><D129/><U23/><E33/><V43/><F108/><W16/><G127/><T55/><D42/><U73/><E68/><V39/><F124/><W91/><G115/><T71/><D71/><U32/><E118/><V36/><F114/><W121/><G121/><T106/><D106/><U93/><E32/><V86/><F86/><W92/><G75/><T78/><D78/><U125/><E0/><V101/><F63/><W85/><G46/><T37/><D37/><U122/><E7/><V35/><F43/><W62/><REACH who="3" step="1"/><G16/><REACH who="3" step="2"/><T30/><D30/><U34/><E122/><V135/><F135/><W18/><G18/><T15/><D28/><U47/><E34/><V70/><REACH who="2" step="1"/><F35/><REACH who="2" step="2"/><W24/><G24/><T134/><D134/><U13/><E125/><V66/><F66/><AGARI ba="0,2" hai="8,10,11,57,62,66,80,82,85,91,92,95,96,102" machi="66" ten="40,3900,0" yaku="1,1,8,1,53,0" doraHai="20" doraHaiUra="128" who="3" fromWho="2" sc="566,0,361,0,50,-39,3,59" /><INIT seed="7,1,0,3,5,58" ten="566,361,11,62" oya="3" hai0="112,14,40,26,65,99,35,42,10,95,75,113,134" hai1="76,119,97,22,19,21,116,70,100,32,1,93,31" hai2="127,49,106,17,68,118,41,29,96,78,30,52,44" hai3="102,28,15,69,18,114,86,77,34,4,84,121,94" shuffle="mt19937ar,7A0520A2,18910C0A,E2FB07A8,C06190C2,8DB150D9,AC29ACEE,B075A3C1,B0EB6780"/><W124/><G121/><T61/><D75/><U133/><E70/><V123/><F123/><W67/><G124/><T37/><D26/><U74/><E1/><V43/><F118/><W62/><G114/><N who="0" m="44139" /><D35/><U87/><E74/><V98/><F127/><W103/><G4/><N who="0" m="3399" /><D37/><U7/><E7/><V125/><F125/><W115/><G115/><T54/><D54/><U2/><E2/><V109/><F109/><W11/><G86/><T12/><D12/><U23/><E32/><V81/><F68/><W72/><G72/><T83/><D83/><U63/><E133/><V50/><F106/><W79/><G79/><T120/><D120/><U13/><E31/><V107/><F107/><W91/><REACH who="3" step="1"/><G77/><REACH who="3" step="2"/><T88/><D134/><U122/><E122/><V53/><F78/><W85/><G85/><T129/><D129/><U66/><E119/><V131/><F131/><W0/><G0/><T92/><D92/><U20/><E116/><V36/><F98/><W27/><AGARI ba="1,1" hai="11,15,18,27,28,34,62,67,69,84,91,94,102,103" machi="27" ten="30,6000,0" yaku="1,1,0,1,52,1,53,0" doraHai="58" doraHaiUra="16" who="3" fromWho="3" sc="566,-21,361,-21,11,-21,52,73" owari="545,64,340,14,-10,-51,125,-27" /></mjloggm>