<mjloggm ver="2.3"><GO type="97"/><UN n0="%E3%81%BE%E3%81%99%E3%81%A3%E3%81%A1" n1="%6D%75%73%74%61%6E%67" n2="%E3%82%A6%E3%83%AB%E3%83%88%E3%83%A9%E7%AB%8B%E7%9B%B4" n3="%E2%96%A1%E2%8A%82%28%E3%83%BB%CF%89%E3%83%BB%EF%BD%80%29" dan="15,13,13,14" rate="1956,1839,1822,2044" sx="M,M,M,M"/><TAIKYOKU oya="0"/><INIT seed="0,0,0,0,0,37" ten="250,250,250,250" oya="0" hai0="9,6,41,48,98,46,75,90,30,116,40,36,20" hai1="10,18,79,56,93,100,25,74,110,97,127,7,123" hai2="58,0,71,15,44,112,117,12,13,17,106,59,5" hai3="82,62,125,33,135,83,21,28,32,87,16,51,96"/><T22/><D75/><U118/><E123/><V42/><F71/><W119/><G119/><T8/><D116/><U78/><E118/><V108/><F117/><W55/><G135/><T122/><D122/><U134/><E134/><V63/><F106/><W52/><G125/><T72/><D72/><U23/><E127/><V61/><F112/><W68/><G96/><T115/><D115/><U91/><E110/><V45/><F108/><W26/><G33/><T107/><D107/><U95/><E74/><V35/><F35/><W88/><G82/><T39/><D39/><U4/><E4/><V128/><F128/><W2/><G2/><T120/><D120/><U130/><E130/><V60/><F17/><W19/><G19/><T132/><D132/><U86/><REACH who="1" step="1"/><E56/><REACH who="1" step="2"/><N who="2" m="21547" /><F0/><AGARI ba="0,1" hai="0,7,10,18,23,25,78,79,86,91,93,95,97,100" machi="0" ten="30,2000,0" yaku="1,1,7,1,53,0" doraHai="37" doraHaiUra="111" who="1" fromWho="2" sc="250,0,240,30,250,-20,250,0" /><INIT seed="1,0,0,0,5,60" ten="250,270,230,250" oya="1" hai0="66,67,129,96,69,113,112,114,54,110,47,71,85" hai1="115,70,88,44,63,49,15,55,46,108,79,36,90" hai2="123,1,121,131,4,23,59,56,3,18,76,65,130" hai3="30,2,20,28,22,13,33,61,72,74,6,24,9"/><U117/><E117/><V12/><F76/><W40/><G40/><T25/><D96/><U53/><E115/><V43/><F43/><W119/><G119/><T104/><D104/><U81/><E108/><V109/><F59/><W101/><G101/><T50/><D85/><U58/><E70/><N who="0" m="26633" /><D25/><U84/><E15/><V106/><F106/><W68/><G22/><T31/><D31/><U107/><E107/><V135/><F56/><W132/><G132/><T75/><D75/><U51/><E36/><V89/><F65/><AGARI ba="0,0" hai="44,46,49,51,53,55,58,63,65,79,81,84,88,90" machi="65" ten="30,12000,1" yaku="7,1,9,1,8,1,52,1,54,1" doraHai="60" who="1" fromWho="2" sc="250,0,270,120,230,-120,250,0" /><INIT seed="1,1,0,5,2,42" ten="250,390,110,250" oya="1" hai0="78,135,80,8,0,103,70,44,119,25,48,105,10" hai1="23,30,72,74,89,122,3,58,50,53,61,2,110" hai2="19,85,88,92,69,94,17,27,62,57,130,9,67" hai3="76,99,33,86,1,11,109,82,49,125,116,75,112"/><U54/><E122/><V134/><F130/><W41/><G112/><T66/><D119/><U87/><E110/><V114/><F134/><W16/><G33/><T6/><D135/><U118/><E118/><V14/><F114/><W65/><G116/><T113/><D10/><U12/><E74/><V71/><F71/><W21/><G109/><T40/><D113/><U47/><E72/><V29/><F69/><W31/><G31/><T128/><D25/><U36/><E36/><V32/><REACH who="2" step="1"/><F94/><REACH who="2" step="2"/><W115/><G115/><T18/><D128/><U20/><E23/><V60/><F60/><W84/><G125/><T124/><D70/><U56/><E30/><V120/><F120/><W59/><G11/><T100/><D18/><AGARI ba="1,1" hai="9,14,17,18,19,27,29,32,57,62,67,85,88,92" machi="18" ten="30,7700,0" yaku="1,1,7,1,54,1,53,1" doraHai="42" doraHaiUra="81" who="2" fromWho="0" sc="250,-80,390,0,100,90,250,0" /><INIT seed="2,0,0,0,3,115" ten="170,390,190,250" oya="2" hai0="10,46,51,63,17,123,8,81,35,89,21,66,37" hai1="120,48,109,11,80,95,134,56,41,40,135,84,38" hai2="43,31,6,3,15,58,68,94,82,34,97,114,62" hai3="96,14,127,13,77,9,85,28,22,32,108,26,71"/><V91/><F114/><W49/><G71/><T75/><D35/><U50/><E38/><V29/><F68/><W65/><G108/><T76/><D37/><U42/><E109/><V0/><F34/><W5/><G127/><T24/><D89/><U79/><E120/><V118/><F118/><W47/><G96/><T60/><D123/><U4/><E95/><V19/><F43/><W103/><G103/><T93/><D93/><U88/><E79/><V67/><F6/><W45/><G65/><T55/><REACH who="0" step="1"/><D63/><REACH who="0" step="2"/><U107/><E107/><V52/><F3/><W18/><G77/><T33/><D33/><U23/><E23/><V131/><F0/><W7/><G85/><T124/><D124/><U87/><E87/><V132/><F132/><N who="1" m="50729" /><E56/><AGARI ba="0,1" hai="8,10,17,21,24,46,51,55,56,60,66,75,76,81" machi="56" ten="30,2000,0" yaku="1,1,7,1,53,0" doraHai="115" doraHaiUra="39" who="0" fromWho="1" sc="160,30,390,-20,190,0,250,0" /><INIT seed="3,0,0,2,3,76" ten="190,370,190,250" oya="3" hai0="7,88,125,53,0,69,65,102,8,45,104,91,25" hai1="55,77,1,6,67,72,31,42,19,123,52,103,81" hai2="43,49,127,101,94,74,54,107,84,128,112,113,61" hai3="47,121,98,90,109,92,37,83,78,46,68,39,14"/><W105/><G68/><T32/><D125/><U20/><E123/><V36/><F74/><W73/><G121/><T86/><D45/><U51/><E31/><V134/><F107/><W117/><G117/><T131/><D53/><U64/><E103/><V135/><F94/><W5/><G109/><T4/><D4/><U97/><E97/><V33/><F101/><W22/><G105/><T21/><D131/><U126/><E126/><V132/><F84/><W44/><G22/><T119/><D119/><U40/><E55/><V111/><F33/><W60/><G60/><N who="0" m="40103" /><D86/><U96/><E96/><V87/><F87/><W75/><REACH who="3" step="1"/><G73/><REACH who="3" step="2"/><T108/><D21/><U11/><E42/><V80/><F127/><W129/><G129/><T58/><D108/><U30/><E40/><V34/><F34/><W99/><G99/><N who="0" m="61535" /><D58/><U93/><E30/><AGARI ba="0,1" hai="0,7,8,25,30,32,88,91" m="61535,40103" machi="30" ten="30,2000,0" yaku="25,1,54,1" doraHai="76" who="0" fromWho="1" sc="190,30,370,-20,190,0,240,0" owari="220,-13,350,35,190,-21,240,-1" /></mjloggm>