<mjloggm ver="2.3"><GO type="41"/><UN n0="%E3%82%A6%E3%83%AB%E3%83%88%E3%83%A9%E7%AB%8B%E7%9B%B4" n1="%75%6C%74%72%61" n2="%E5%A4%9C%E5%A4%A2%E6%AB%BB" n3="%E9%9B%80%E6%AD%B4%33%E5%B9%B4" dan="14,14,15,15" rate="1971,1878,2134,1998" sx="M,M,M,M"/><TAIKYOKU oya="0"/><INIT seed="0,0,0,2,3,84" ten="250,250,250,250" oya="0" hai0="118,43,0,2,22,74,44,135,33,104,134,126,86" hai1="68,95,101,56,103,55,3,10,52,91,64,7,60" hai2="69,32,89,5,42,49,41,46,31,17,117,54,77" hai3="66,121,109,48,75,29,82,37,8,83,125,99,107"/><T120/><D33/><U98/><REACH who="1" step="1"/><E55/><REACH who="1" step="2"/><V79/><F54/><W51/><G121/><T114/><D120/><U110/><E110/><V78/><F42/><W6/><G109/><T1/><D118/><U26/><E26/><V87/><F117/><W16/><G125/><T61/><D126/><U13/><E13/><V62/><F41/><W127/><G127/><T38/><D114/><U132/><E132/><V116/><F116/><W124/><G124/><T93/><D134/><U18/><E18/><V123/><F17/><W100/><G16/><T11/><D135/><U30/><E30/><V19/><F31/><W27/><G27/><T36/><D1/><U40/><E40/><V47/><F19/><W28/><G29/><T108/><D2/><U45/><E45/><V76/><F47/><W15/><G28/><T14/><D108/><U97/><E97/><V63/><F46/><W34/><G15/><T88/><D38/><U112/><E112/><V24/><F24/><W53/><G99/><T105/><D0/><U111/><E111/><V133/><F123/><W57/><G53/><T35/><D35/><U130/><E130/><V115/><F32/><W50/><G37/><T122/><D122/><U85/><E85/><V4/><F87/><W94/><G34/><T119/><D119/><U65/><E65/><V81/><F133/><W21/><G66/><T23/><D36/><U72/><E72/><V73/><F73/><W131/><G75/><T25/><D74/><U20/><E20/><V92/><N who="2" m="19968" /><DORA hai="58" /><V9/><F115/><W128/><G21/><T39/><D39/><RYUUKYOKU type="nm" ba="0,1" sc="250,120,240,-40,250,-40,250,-40" hai1="3,7,10,52,56,60,64,68,91,95,98,101,103" /><INIT seed="1,1,1,2,3,78" ten="370,200,210,210" oya="1" hai0="39,107,90,79,122,134,9,126,51,76,59,123,13" hai1="72,2,101,10,14,5,125,12,92,23,16,32,106" hai2="19,50,57,4,110,128,30,121,24,40,11,118,117" hai3="71,135,119,22,109,108,7,73,34,96,52,21,33"/><U47/><E72/><V82/><F121/><N who="0" m="46090" /><D39/><U104/><E125/><V84/><F110/><N who="3" m="42603" /><G71/><T114/><D114/><U89/><E32/><V54/><F19/><W113/><G73/><T53/><D134/><U81/><E101/><V27/><F128/><W124/><G113/><T63/><D107/><U80/><E106/><V115/><F115/><W100/><G135/><T103/><D103/><U83/><E104/><V42/><F42/><W94/><G124/><T105/><D105/><U62/><E62/><V68/><F68/><W37/><G37/><T26/><D26/><U56/><E56/><V20/><F40/><W65/><G65/><T29/><D29/><U0/><REACH who="1" step="1"/><E47/><REACH who="1" step="2"/><V55/><F57/><W86/><G33/><T66/><D126/><U36/><E36/><V116/><F118/><W133/><G34/><T49/><D63/><U111/><E111/><V77/><F117/><W129/><G100/><T48/><D48/><U132/><E132/><V1/><F50/><W38/><G38/><T61/><D51/><U17/><E17/><V64/><F116/><W131/><G119/><T31/><D49/><U15/><E15/><V74/><F74/><W70/><G133/><T8/><D59/><U98/><AGARI ba="1,2" hai="0,2,5,10,12,14,16,23,80,81,83,89,92,98" machi="98" ten="30,18000,2" yaku="1,1,0,1,52,3,54,1,53,0" doraHai="78" doraHaiUra="69" who="1" fromWho="1" sc="370,-61,190,203,210,-61,210,-61" /><INIT seed="1,2,0,0,0,15" ten="309,393,149,149" oya="1" hai0="65,63,70,9,50,113,44,74,100,69,24,26,8" hai1="126,54,115,19,41,62,101,58,61,2,78,30,89" hai2="32,84,118,36,56,88,94,135,112,68,129,97,87" hai3="75,33,105,51,109,95,14,106,133,37,125,46,122"/><U73/><E2/><V64/><F68/><W123/><G51/><T22/><D113/><U4/><E115/><V11/><F112/><W20/><G20/><T53/><D74/><U124/><E101/><V27/><F36/><W91/><G14/><T82/><D70/><U42/><E4/><V132/><F118/><W120/><G46/><T71/><D71/><U134/><E134/><N who="2" m="51243" /><F129/><W66/><G66/><T23/><D100/><U55/><E30/><N who="2" m="19551" /><F11/><W25/><G37/><T49/><D82/><U47/><E73/><V85/><F64/><W60/><G75/><T57/><D69/><U52/><E78/><V96/><F96/><W130/><G130/><T116/><D116/><U12/><E89/><V93/><F56/><W79/><G79/><T18/><REACH who="0" step="1"/><D50/><REACH who="0" step="2"/><U117/><E117/><V3/><F3/><W17/><G133/><T114/><D114/><U38/><E62/><V111/><F111/><W5/><G109/><T110/><D110/><U99/><E38/><V1/><F1/><W28/><G60/><T108/><D108/><U131/><E131/><V0/><F0/><W104/><G122/><T128/><D128/><U127/><E61/><V102/><AGARI ba="2,1" hai="84,85,87,88,93,94,97,102" m="19551,51243" machi="102" ten="30,2000,0" yaku="20,1,54,1" doraHai="15" who="2" fromWho="2" sc="299,-7,393,-12,149,36,149,-7" /><INIT seed="2,0,0,1,2,134" ten="292,381,185,142" oya="2" hai0="42,95,20,108,88,6,2,81,127,26,123,45,135" hai1="114,24,118,3,78,119,51,30,0,76,13,77,72" hai2="66,69,38,5,130,110,74,23,8,128,61,84,54" hai3="63,7,16,126,65,32,50,94,27,18,37,17,12"/><V106/><F54/><W67/><G37/><T14/><D123/><U52/><E114/><V58/><F58/><W4/><G32/><T80/><D2/><U57/><E13/><V125/><F74/><W21/><G126/><T83/><D135/><U71/><E71/><V47/><F106/><W59/><G67/><T44/><D127/><U79/><E72/><V39/><F125/><W36/><G36/><T115/><D115/><U101/><E101/><V121/><F121/><W92/><G50/><T34/><D34/><U97/><E97/><V82/><F110/><W35/><G35/><T129/><D129/><N who="2" m="49770" /><F23/><W102/><G94/><T28/><D108/><U62/><E62/><V109/><F47/><W116/><G116/><T90/><D42/><U112/><E112/><V11/><F109/><W31/><G12/><T9/><REACH who="0" step="1"/><D90/><REACH who="0" step="2"/><U40/><E40/><V33/><F33/><W49/><REACH who="3" step="1"/><G49/><REACH who="3" step="2"/><T113/><D113/><U111/><E111/><V53/><F39/><W96/><AGARI ba="0,2" hai="4,7,16,17,18,21,27,31,59,63,65,92,96,102" machi="96" ten="30,16000,3" yaku="1,1,2,1,0,1,25,2,8,1,54,1,53,1" doraHai="134" doraHaiUra="99" who="3" fromWho="3" sc="282,-40,381,-40,185,-80,132,180" /><INIT seed="3,0,0,1,1,25" ten="242,341,105,312" oya="3" hai0="3,23,105,75,100,48,135,70,50,19,46,13,30" hai1="74,132,45,40,73,118,119,134,116,113,76,115,60" hai2="97,69,84,18,4,94,111,87,130,129,38,106,102" hai3="24,15,72,78,68,35,54,12,123,124,107,79,36"/><W65/><G123/><T0/><D75/><N who="1" m="28683" /><E60/><V56/><F69/><W27/><G36/><T31/><D70/><U86/><E86/><N who="2" m="32811" /><F38/><W29/><G124/><T39/><D39/><N who="1" m="21663" /><E76/><V89/><F4/><W47/><G107/><T41/><D135/><AGARI ba="0,0" hai="113,115,116,118,119,132,134,135" m="21663,28683" machi="135" ten="40,5200,0" yaku="12,1,20,1,23,1" doraHai="25" who="1" fromWho="0" sc="242,-52,341,52,105,0,312,0" /><INIT seed="4,0,0,1,5,114" ten="190,393,105,312" oya="0" hai0="99,35,38,45,19,30,14,49,104,63,116,120,32" hai1="31,37,101,126,123,98,131,75,73,44,130,103,33" hai2="29,20,16,118,107,83,119,4,76,121,8,42,96" hai3="5,97,90,135,87,113,54,105,84,71,23,40,3"/><T18/><D120/><U36/><E123/><V102/><F121/><W56/><G71/><T34/><D38/><N who="1" m="14955" /><E44/><V52/><F42/><W100/><G40/><T94/><D104/><N who="1" m="63543" /><E103/><V1/><F29/><W25/><G3/><T85/><D85/><U47/><E47/><V59/><F76/><W111/><G5/><T80/><D80/><U91/><E91/><V50/><REACH who="2" step="1"/><F83/><REACH who="2" step="2"/><W117/><G111/><T74/><D30/><U17/><E17/><V133/><F133/><W43/><G43/><T72/><D19/><U6/><E6/><V21/><F21/><W68/><G23/><T7/><D7/><U26/><E126/><V95/><F95/><W93/><G93/><T77/><D18/><U81/><E81/><V57/><F57/><W51/><G56/><T12/><D94/><U128/><AGARI ba="0,1" hai="26,31,33,73,75,128,130,131" m="63543,14955" machi="128" ten="40,2700,0" yaku="19,1,23,1" doraHai="114" who="1" fromWho="1" sc="190,-13,393,37,95,-7,312,-7" /><INIT seed="5,0,0,4,3,35" ten="177,430,88,305" oya="1" hai0="6,101,53,118,76,79,109,130,60,78,51,12,10" hai1="99,72,41,124,107,46,55,116,70,95,68,19,82" hai2="108,85,112,114,75,54,66,106,47,67,100,45,57" hai3="9,34,104,65,42,11,29,127,135,117,80,13,87"/><U16/><E116/><V89/><F75/><W121/><G121/><T73/><D118/><U22/><E107/><V126/><F106/><W8/><G104/><T88/><D109/><U77/><E124/><V18/><F100/><W83/><G117/><T44/><D130/><U2/><E55/><V129/><F108/><W3/><G127/><T132/><D101/><U86/><E72/><V111/><F111/><W59/><G42/><T97/><D132/><U119/><E119/><V120/><F126/><W15/><G135/><T37/><D73/><U4/><E19/><V84/><F120/><W131/><G65/><T58/><D37/><U133/><E133/><V43/><F18/><W14/><G29/><T36/><D36/><U38/><E2/><V0/><F0/><W20/><G3/><T39/><D39/><U134/><E4/><V110/><F110/><W26/><G131/><T25/><D25/><U125/><E125/><V69/><F43/><W5/><G26/><T90/><REACH who="0" step="1"/><D97/><REACH who="0" step="2"/><U74/><E74/><V71/><F129/><W103/><G103/><T63/><D63/><U21/><E134/><V115/><F71/><W33/><G9/><T91/><D91/><U105/><E70/><V122/><F69/><W81/><G8/><T92/><D92/><U48/><E68/><V49/><F122/><W30/><G11/><T27/><D27/><U23/><E38/><V64/><REACH who="2" step="1"/><F89/><REACH who="2" step="2"/><W113/><G5/><T102/><D102/><N who="1" m="60799" /><E105/><V31/><F31/><W1/><G30/><T123/><D123/><U61/><E77/><V7/><F7/><W94/><G33/><RYUUKYOKU ba="0,2" sc="167,15,430,-15,78,15,305,-15" hai0="6,10,12,44,51,53,58,60,76,78,79,88,90" hai2="45,47,49,54,57,64,66,67,84,85,112,114,115" /><INIT seed="6,1,2,4,0,9" ten="182,415,93,290" oya="2" hai0="35,90,73,38,129,11,55,82,49,111,130,58,68" hai1="30,47,44,8,21,62,54,117,92,114,46,75,20" hai2="124,16,34,127,131,135,112,110,42,37,107,65,13" hai3="19,119,118,66,12,86,7,89,10,22,31,52,3"/><V76/><F107/><W106/><G106/><T71/><D38/><U43/><E75/><V103/><F103/><W126/><G66/><T94/><D35/><U121/><E117/><V51/><F34/><W14/><G126/><N who="2" m="48169" /><F112/><W84/><G31/><T120/><D120/><U33/><E33/><V26/><F131/><N who="0" m="50186" /><D111/><U28/><E121/><V0/><F110/><W25/><G84/><N who="0" m="52551" /><D11/><U95/><E114/><V50/><F135/><W122/><G122/><T91/><D91/><U56/><E8/><N who="2" m="6183" /><F0/><W100/><G100/><T108/><D108/><U128/><E128/><V132/><F132/><W18/><G52/><T97/><D97/><U77/><E77/><AGARI ba="1,2" hai="49,55,58,68,71,73,77,82" m="52551,50186" machi="77" ten="30,1000,0" yaku="19,1" doraHai="9" who="0" fromWho="1" sc="182,33,415,-13,93,0,290,0" /><INIT seed="7,0,0,0,3,105" ten="215,402,93,290" oya="3" hai0="44,68,2,113,17,124,122,65,93,55,116,91,4" hai1="75,34,46,98,130,73,131,129,13,66,119,111,120" hai2="77,88,38,41,33,127,9,101,115,100,53,48,70" hai3="59,85,16,39,123,35,74,126,1,112,54,11,102"/><W10/><G123/><T95/><D122/><U0/><E0/><V56/><F33/><W80/><G35/><T97/><D116/><U107/><E120/><V78/><F115/><W49/><G39/><T79/><D113/><U134/><E119/><V36/><F127/><W37/><G37/><T133/><D124/><U92/><E34/><V135/><F135/><W20/><G126/><T52/><D133/><U60/><E134/><V118/><F118/><W67/><G112/><T63/><D4/><U125/><E125/><V23/><F70/><W30/><G30/><T28/><D2/><U71/><E107/><V109/><F109/><W76/><G102/><T31/><D95/><U114/><E114/><V22/><F9/><W3/><G3/><T50/><D79/><U94/><E111/><V62/><F41/><W89/><G67/><T40/><D55/><U108/><E108/><V104/><F104/><W87/><G1/><T15/><REACH who="0" step="1"/><D40/><REACH who="0" step="2"/><U82/><E82/><V29/><F36/><W81/><REACH who="3" step="1"/><G87/><REACH who="3" step="2"/><T19/><D19/><U121/><E121/><V21/><F38/><W47/><G47/><T42/><D42/><U128/><E128/><V6/><F29/><W8/><G8/><AGARI ba="0,2" hai="8,15,17,28,31,44,50,52,63,65,68,91,93,97" machi="8" ten="30,3900,0" yaku="1,1,7,1,54,1,53,0" doraHai="105" doraHaiUra="99" who="0" fromWho="3" sc="205,59,402,0,93,0,280,-39" owari="264,6,402,51,93,-41,241,-16" /></mjloggm>