<mjloggm ver="2.3"><GO type="41"/><UN n0="%78%78%79%7A" n1="%E3%81%A6%E3%82%93%E3%81%8C%E3%82%8D%E3%82%93" n2="%E5%B7%9D%E4%BA%95" n3="%E3%82%A6%E3%83%AB%E3%83%88%E3%83%A9%E7%AB%8B%E7%9B%B4" dan="14,14,14,15" rate="1819,2024,1953,1987" sx="M,M,M,M"/><TAIKYOKU oya="0"/><INIT seed="0,0,0,1,4,11" ten="250,250,250,250" oya="0" hai0="79,36,56,0,19,39,14,75,69,113,27,126,119" hai1="74,103,41,21,76,114,53,26,61,40,17,104,109" hai2="121,55,22,132,81,42,29,127,118,43,33,116,59" hai3="71,97,106,70,49,100,102,90,54,52,87,134,6"/><T98/><D69/><U1/><E109/><V48/><F33/><W96/><G6/><T9/><D113/><U63/><E114/><V28/><F121/><W91/><G134/><T7/><D119/><U31/><E1/><V93/><F132/><W128/><G128/><T60/><D126/><U77/><E104/><V129/><F127/><W38/><G38/><T88/><D27/><U83/><E103/><V45/><F129/><W62/><G62/><T32/><D32/><U125/><E125/><V92/><F43/><W95/><G54/><T46/><D46/><U117/><E117/><V58/><F58/><W101/><G101/><T108/><D108/><U23/><E77/><V57/><F57/><W5/><G5/><T105/><D75/><U86/><E61/><V122/><F81/><W37/><G37/><T123/><D79/><U133/><E133/><V82/><F82/><W65/><G65/><T66/><D123/><U24/><E74/><V64/><F64/><W84/><G84/><T18/><D18/><U20/><E20/><V47/><F122/><W99/><G99/><T135/><D135/><U73/><E73/><V25/><F45/><W4/><G4/><T130/><D130/><U78/><E78/><V44/><F47/><N who="3" m="27711" /><G90/><T120/><D120/><U35/><E35/><V110/><F110/><W10/><G10/><N who="0" m="6615" /><D105/><U112/><E112/><V51/><F118/><W15/><G71/><T34/><D34/><U30/><E17/><N who="2" m="12495" /><F116/><W107/><G70/><T94/><D39/><U85/><E86/><V72/><F72/><W68/><G68/><T3/><D36/><RYUUKYOKU ba="0,0" sc="250,0,250,0,250,0,250,0" hai0="0,3,7,9,56,60,66,88,94,98" hai1="21,23,24,26,30,31,40,41,53,63,76,83,85" hai2="28,29,42,44,48,51,55,59,92,93" hai3="15,87,91,95,96,97,100,102,106,107" /><INIT seed="0,1,0,3,5,54" ten="250,250,250,250" oya="0" hai0="22,76,44,36,2,60,38,95,114,116,7,33,99" hai1="107,67,123,43,78,120,25,32,28,91,23,19,16" hai2="94,49,106,112,5,34,46,110,11,87,104,81,56" hai3="131,35,10,39,108,126,134,93,29,86,20,73,48"/><T118/><D33/><U53/><E107/><V70/><F70/><W102/><G10/><T55/><D114/><U37/><E19/><V80/><F112/><W82/><G20/><T132/><D76/><U135/><E135/><V41/><F34/><W85/><G48/><T121/><D121/><U124/><E124/><V18/><F81/><W63/><G63/><T133/><D22/><U40/><E67/><V68/><F68/><W109/><G29/><T71/><D7/><U58/><E78/><V15/><F94/><W79/><G39/><N who="0" m="14891" /><D2/><U57/><E120/><V130/><F130/><W4/><G4/><T66/><D99/><U122/><E122/><V61/><F18/><W9/><G9/><T21/><D21/><U13/><E123/><V129/><F129/><W1/><G1/><T74/><D95/><U14/><E14/><V83/><F83/><W117/><G35/><T113/><D74/><U52/><E37/><V90/><REACH who="2" step="1"/><F110/><REACH who="2" step="2"/><W3/><G131/><T101/><D113/><U0/><E32/><V128/><F128/><W51/><G109/><T111/><D111/><U92/><E0/><V127/><F127/><W98/><G108/><T69/><D101/><U47/><E28/><V45/><F45/><W50/><G126/><T6/><D6/><U42/><E47/><V103/><F103/><W27/><G3/><T64/><D118/><U72/><E13/><V89/><F89/><W77/><G117/><T30/><D30/><U59/><E72/><V75/><F75/><W97/><G73/><T24/><D116/><U84/><AGARI ba="1,1" hai="16,23,25,40,42,43,52,53,57,58,59,84,91,92" machi="84" ten="30,12000,2" yaku="0,1,8,1,52,3,54,2" doraHai="54" who="1" fromWho="1" sc="250,-61,250,133,240,-31,250,-31" /><INIT seed="1,0,0,3,4,118" ten="189,383,209,219" oya="1" hai0="107,95,51,31,106,71,63,53,76,59,102,55,89" hai1="125,0,114,126,87,115,48,69,84,129,81,30,77" hai2="133,39,47,21,24,130,80,2,78,41,88,43,26" hai3="45,101,28,8,14,65,120,46,16,11,4,62,58"/><U110/><E0/><V15/><F2/><W60/><G120/><T25/><D76/><U9/><E69/><V135/><F43/><W32/><G101/><T123/><D102/><U40/><E30/><V85/><F130/><W38/><G38/><T117/><D117/><U86/><E9/><V109/><F109/><W104/><G104/><T35/><D123/><U66/><E66/><V75/><F15/><W61/><G32/><T3/><D3/><U73/><E40/><V27/><REACH who="2" step="1"/><F21/><REACH who="2" step="2"/><W7/><G14/><T44/><REACH who="0" step="1"/><D71/><REACH who="0" step="2"/><U128/><E129/><V94/><AGARI ba="0,2" hai="24,26,27,39,41,47,75,78,80,85,88,94,133,135" machi="94" ten="30,8000,1" yaku="1,1,2,1,0,1,54,1,53,1" doraHai="118" doraHaiUra="90" who="2" fromWho="2" sc="179,-20,383,-40,199,100,219,-20" /><INIT seed="2,0,0,5,4,4" ten="159,343,299,199" oya="2" hai0="37,62,57,131,87,1,84,85,42,2,111,103,71" hai1="115,40,121,19,38,108,26,67,69,118,117,5,61" hai2="24,6,77,92,43,126,90,46,59,25,30,64,9" hai3="0,65,83,129,109,94,8,23,14,123,15,31,120"/><V50/><F126/><W22/><G65/><T56/><D103/><U16/><E115/><V11/><F77/><W122/><G94/><T17/><D71/><U13/><E108/><V47/><F6/><N who="3" m="1095" /><G83/><T27/><D111/><U98/><E121/><N who="3" m="30978" /><W101/><DORA hai="33" /><G101/><T135/><D42/><U106/><E5/><V114/><F114/><W119/><G109/><T81/><D37/><U68/><E69/><V86/><F46/><W39/><G39/><T29/><D17/><U125/><E19/><V82/><F82/><W73/><G73/><T34/><D81/><U79/><E26/><N who="2" m="10347" /><F30/><W89/><G89/><T100/><D100/><U107/><E79/><V7/><F7/><W112/><G112/><T96/><D96/><U75/><E75/><V95/><F95/><W74/><G74/><T58/><D131/><U70/><E70/><V93/><F93/><W116/><G129/><T49/><D135/><U91/><E106/><V3/><F3/><W55/><G55/><T88/><D49/><U134/><E134/><V128/><F128/><W66/><G66/><T48/><D48/><U76/><E76/><V41/><F41/><W97/><G97/><T72/><D72/><U80/><E40/><V20/><F20/><N who="3" m="7723" /><G31/><T51/><D51/><U105/><E107/><V124/><F124/><W63/><G63/><AGARI ba="0,0" hai="9,11,43,47,50,59,63,64,86,90,92" m="10347" machi="63" ten="30,5800,0" yaku="8,1,52,2" doraHai="4,33" who="2" fromWho="3" sc="159,0,343,0,299,58,199,-58" /><INIT seed="2,1,0,5,4,25" ten="159,343,357,141" oya="2" hai0="55,52,47,120,128,125,40,32,21,107,74,101,48" hai1="122,49,8,76,117,93,123,81,104,94,33,108,70" hai2="35,116,73,98,12,41,91,54,127,50,19,119,59" hai3="62,26,102,124,43,90,115,96,11,133,58,66,46"/><V99/><F73/><W72/><G124/><T13/><D32/><U0/><E104/><V51/><F127/><W92/><G133/><T28/><D125/><U27/><E117/><V31/><F116/><W9/><G115/><T20/><D74/><U36/><E70/><V65/><F119/><W86/><G72/><T84/><D120/><U95/><E36/><V134/><F134/><W15/><G15/><T37/><D107/><U131/><E108/><V82/><F65/><W87/><G87/><T77/><D101/><U1/><E131/><V71/><F71/><W22/><G46/><T68/><D68/><U106/><E106/><V60/><F41/><W80/><REACH who="3" step="1"/><G43/><REACH who="3" step="2"/><T121/><D121/><U61/><E122/><V112/><F112/><W14/><G14/><T24/><D128/><U130/><E123/><V2/><F2/><W110/><G110/><T85/><D77/><U6/><E76/><V7/><F7/><W53/><G53/><N who="0" m="20555" /><D37/><U18/><E6/><V30/><F35/><W42/><G42/><T75/><D75/><U45/><E33/><V5/><F5/><W129/><G129/><T44/><D44/><U39/><E45/><V113/><F113/><W17/><AGARI ba="1,1" hai="9,11,17,22,26,58,62,66,80,86,90,92,96,102" machi="17" ten="20,5200,0" yaku="1,1,0,1,7,1,8,1,53,0" doraHai="25" doraHaiUra="100" who="3" fromWho="3" sc="159,-14,343,-14,357,-27,131,65" /><INIT seed="3,0,0,4,3,110" ten="145,329,330,196" oya="3" hai0="0,5,113,123,105,24,1,68,18,28,86,35,129" hai1="27,58,19,77,22,88,66,44,109,115,133,101,47" hai2="14,20,12,38,120,94,69,65,31,118,10,45,30" hai3="83,53,104,50,111,132,71,95,116,7,128,90,43"/><W13/><G116/><T96/><D68/><U32/><E115/><V16/><F118/><W117/><G117/><T75/><D75/><U49/><E109/><V33/><F120/><W36/><G111/><T91/><D123/><U122/><E122/><V87/><F33/><W17/><G104/><T112/><D129/><U73/><E32/><V63/><F45/><W60/><G128/><T106/><D18/><U54/><E133/><V55/><F55/><W126/><G132/><T25/><D25/><U61/><E101/><V48/><F48/><W82/><G126/><T100/><D106/><U46/><REACH who="1" step="1"/><E88/><REACH who="1" step="2"/><V72/><F72/><W84/><G83/><AGARI ba="0,1" hai="19,22,27,44,46,47,49,54,58,61,66,73,77,83" machi="83" ten="40,2600,0" yaku="1,1,2,1,53,0" doraHai="110" doraHaiUra="102" who="1" fromWho="3" sc="145,0,319,36,330,0,196,-26" /><INIT seed="4,0,0,3,4,2" ten="145,355,330,170" oya="0" hai0="22,120,96,30,127,128,81,72,106,50,45,27,59" hai1="11,71,49,122,21,20,3,52,0,17,90,110,86" hai2="35,44,10,109,24,4,89,33,34,25,39,104,77" hai3="37,126,82,116,69,85,46,87,55,119,100,78,8"/><T73/><D59/><U98/><E71/><V76/><F109/><W1/><G69/><T105/><D120/><U130/><E110/><V114/><F104/><W118/><G55/><T115/><D106/><U36/><E122/><V6/><F114/><W7/><G126/><T12/><D115/><U63/><E36/><V75/><F89/><W112/><G112/><T32/><D127/><U70/><E130/><V13/><F4/><W9/><G9/><T123/><D128/><U103/><E20/><V132/><F132/><W66/><G66/><T80/><D123/><U31/><E31/><V129/><F129/><W18/><G18/><T47/><D47/><U42/><E42/><V61/><F61/><W97/><G87/><T84/><D81/><U107/><E11/><V93/><F93/><W41/><REACH who="3" step="1"/><G118/><REACH who="3" step="2"/><T124/><D124/><U57/><E70/><V117/><F117/><W99/><G99/><T60/><D73/><U91/><E63/><V15/><F75/><W23/><G23/><T88/><D60/><U133/><E86/><V121/><F121/><W64/><G64/><T95/><D72/><U94/><E17/><V131/><F131/><W62/><G62/><T83/><D105/><AGARI ba="0,1" hai="1,7,8,37,41,46,78,82,85,97,100,105,116,119" machi="105" ten="30,7700,0" yaku="1,1,7,1,52,1,53,1" doraHai="2" doraHaiUra="68" who="3" fromWho="0" sc="145,-77,355,0,330,0,160,87" /><INIT seed="5,0,0,2,5,126" ten="68,355,330,247" oya="1" hai0="55,99,62,70,39,11,32,43,118,113,50,2,124" hai1="14,107,91,97,86,111,15,27,110,10,41,103,117" hai2="131,122,67,69,33,84,37,78,96,114,65,106,128" hai3="58,108,46,94,26,28,8,25,132,105,38,5,112"/><U61/><E117/><V130/><F122/><W42/><G105/><T52/><D32/><U29/><E41/><V23/><F33/><W75/><G108/><N who="1" m="41514" /><E61/><V48/><F37/><W22/><G132/><T73/><D73/><U18/><E15/><V92/><F114/><W133/><G133/><T4/><D118/><U17/><E27/><V109/><F109/><W135/><G112/><T3/><D113/><U53/><E53/><V79/><F106/><W45/><G135/><T77/><D77/><N who="2" m="29194" /><F84/><W66/><G75/><T76/><D76/><U90/><E29/><V74/><F74/><W34/><G46/><T82/><D82/><U68/><E68/><V89/><F69/><W127/><G58/><T56/><D99/><U31/><E31/><V71/><F71/><W83/><G66/><N who="2" m="25097" /><F23/><W36/><G36/><T102/><D102/><U100/><E103/><V44/><F48/><W13/><G34/><T16/><D70/><U87/><E87/><V21/><F21/><W9/><G22/><T104/><D104/><U101/><E100/><V85/><F85/><W119/><G38/><T12/><D124/><U116/><E116/><V51/><F51/><W57/><G127/><T47/><REACH who="0" step="1"/><D4/><REACH who="0" step="2"/><N who="1" m="3399" /><E90/><V72/><F72/><W123/><G119/><T7/><D7/><U35/><E35/><V88/><F89/><W30/><G5/><T40/><D40/><U19/><E91/><V125/><F125/><W60/><G42/><T6/><D6/><U64/><E86/><V49/><F49/><W120/><G123/><T54/><D54/><U0/><E64/><V95/><F95/><RYUUKYOKU ba="0,1" sc="58,10,355,10,330,10,247,-30" hai0="2,3,11,12,16,39,43,47,50,52,55,56,62" hai1="0,17,18,19,97,101,107" hai2="44,88,92,96,128,130,131" /><INIT seed="5,1,1,2,2,82" ten="68,365,340,217" oya="1" hai0="66,21,20,104,85,100,64,30,12,17,109,23,77" hai1="119,43,99,135,79,24,39,5,2,45,80,29,96" hai2="13,131,83,58,11,121,60,111,51,106,35,49,63" hai3="19,92,18,32,50,124,103,54,42,59,14,81,127"/><U89/><E119/><V71/><F121/><W28/><G42/><T15/><D104/><U114/><E114/><V115/><F111/><W133/><G133/><T4/><D109/><U122/><E122/><V62/><F71/><W123/><G123/><T31/><D100/><U95/><E135/><V65/><F106/><W1/><G1/><T26/><D4/><U52/><E99/><V113/><F35/><W55/><G28/><T90/><D77/><U125/><E125/><N who="3" m="48202" /><G32/><T25/><REACH who="0" step="1"/><D15/><REACH who="0" step="2"/><U126/><E126/><V48/><F131/><W67/><G103/><T10/><D10/><U3/><E5/><V69/><F69/><W46/><G14/><T117/><D117/><U16/><E79/><V56/><F65/><W98/><G67/><T128/><D128/><U78/><E2/><V8/><F13/><W38/><G38/><T84/><D84/><U94/><E3/><V27/><F27/><W7/><G7/><T37/><D37/><U36/><E39/><V34/><F8/><W130/><G130/><T70/><D70/><U44/><E36/><V47/><F11/><W87/><G98/><T134/><D134/><U53/><E24/><V107/><F107/><W110/><G110/><T120/><D120/><U74/><E96/><V0/><F0/><W97/><G97/><T33/><D33/><U101/><E78/><V61/><F34/><W6/><G6/><T75/><D75/><U129/><E74/><V132/><F132/><W118/><G118/><T73/><D73/><U40/><E129/><V116/><N who="2" m="15360" /><DORA hai="105" /><V9/><F116/><W57/><G87/><RYUUKYOKU ba="1,2" sc="58,30,365,-10,340,-10,217,-10" hai0="12,17,20,21,23,25,26,30,31,64,66,85,90" /><INIT seed="6,2,2,3,4,120" ten="88,355,330,207" oya="2" hai0="61,113,46,131,102,25,5,106,59,8,50,11,119" hai1="58,26,84,103,98,94,13,20,65,90,4,71,85" hai2="60,111,105,92,124,72,125,9,87,77,55,110,48" hai3="126,116,95,79,38,1,109,14,129,2,64,49,56"/><V53/><F105/><W76/><G49/><T91/><D106/><U19/><E71/><V93/><F72/><W89/><G14/><T3/><D102/><U99/><E65/><V123/><F123/><W134/><G64/><T128/><D91/><U68/><E68/><V54/><F60/><W33/><G56/><T121/><D121/><U31/><E4/><V97/><F48/><W34/><G89/><T32/><D11/><U78/><E78/><V37/><F37/><W28/><G95/><T96/><D96/><U43/><E43/><V40/><F40/><W7/><G7/><T23/><D32/><U67/><E67/><V114/><F114/><W30/><G76/><T6/><D6/><U16/><E58/><V47/><F47/><W130/><G79/><T63/><D113/><U108/><E108/><N who="2" m="41515" /><F9/><W24/><G109/><T83/><D83/><U112/><E112/><V41/><F41/><W100/><G38/><T42/><D119/><U27/><E27/><V101/><F93/><W135/><G116/><T57/><D57/><U70/><E70/><V127/><F125/><W118/><G118/><T81/><D81/><AGARI ba="2,2" hai="53,54,55,77,81,87,92,97,101,124,127" m="41515" machi="81" ten="40,12000,1" yaku="10,1,52,3" doraHai="120" who="2" fromWho="0" sc="88,-126,355,0,330,146,207,0" owari="-38,-54,355,16,476,57,207,-19" /></mjloggm>