<mjloggm ver="2.3"><GO type="41"/><UN n0="%4E%6F%69%74%72%61" n1="%74%61%72%75%61%73%61" n2="%E3%82%A6%E3%83%AB%E3%83%88%E3%83%A9%E7%AB%8B%E7%9B%B4" n3="%4E%49%53%48%49" dan="13,14,15,15" rate="1806,1935,1959,1954" sx="M,M,M,M"/><TAIKYOKU oya="0"/><INIT seed="0,0,0,5,4,90" ten="250,250,250,250" oya="0" hai0="38,46,81,74,0,1,131,55,123,126,35,111,20" hai1="124,112,48,71,102,30,40,64,51,96,107,67,33" hai2="29,17,43,92,61,101,99,54,13,3,9,95,72" hai3="73,88,7,60,11,62,106,84,2,115,82,5,42"/><T53/><D35/><U116/><E116/><V26/><F72/><W98/><G115/><T133/><D123/><U125/><E112/><V15/><F43/><W50/><G7/><T52/><D133/><U59/><E59/><V19/><F3/><W86/><G73/><T37/><D131/><U8/><E8/><V39/><F39/><W121/><G121/><T23/><D126/><N who="1" m="48747" /><E40/><V100/><F54/><W34/><G34/><T24/><D111/><U97/><E96/><V113/><F61/><W94/><G106/><T104/><D46/><U127/><E67/><V76/><F76/><W83/><G42/><T79/><D81/><U57/><E57/><V91/><F113/><W14/><G2/><N who="0" m="1131" /><D104/><U65/><E127/><V75/><F75/><W119/><G50/><N who="1" m="18986" /><E71/><V109/><F109/><W87/><G119/><T47/><D47/><U68/><E68/><V70/><F70/><W118/><G118/><T58/><D58/><U41/><E41/><V134/><F134/><W49/><G49/><T31/><D79/><U129/><E129/><V44/><F44/><W56/><REACH who="3" step="1"/><G62/><REACH who="3" step="2"/><T89/><D74/><U120/><E120/><V66/><F66/><AGARI ba="0,1" hai="5,11,14,56,60,66,82,83,84,86,87,88,94,98" machi="66" ten="40,16000,3" yaku="1,1,2,1,8,1,52,1,54,1,53,3" doraHai="90" doraHaiUra="80" who="3" fromWho="2" sc="250,0,250,0,250,-160,240,170" /><INIT seed="1,0,0,1,2,22" ten="250,250,90,410" oya="1" hai0="39,41,63,131,66,21,87,7,113,16,109,56,27" hai1="69,130,6,105,43,98,104,57,134,2,15,103,85" hai2="20,120,91,13,17,49,12,101,80,118,127,129,47" hai3="116,10,76,19,92,75,121,48,1,55,52,58,60"/><U79/><E69/><V40/><F120/><W28/><G116/><T33/><D109/><U107/><E2/><V77/><F118/><W124/><G121/><T51/><D131/><U25/><E130/><V3/><F3/><W132/><G75/><T61/><D39/><U93/><E134/><V72/><F129/><W86/><G132/><T70/><D113/><U115/><E115/><V59/><F127/><W68/><G68/><T67/><D7/><U37/><E37/><V71/><F71/><W97/><G28/><T8/><D8/><U35/><E43/><V123/><F123/><W102/><G1/><T99/><D33/><U34/><E57/><V44/><F101/><W83/><G124/><T117/><D117/><U26/><E35/><V112/><F112/><W23/><G10/><T114/><D114/><U89/><E34/><V31/><F31/><W88/><G55/><T5/><D5/><U4/><E79/><V74/><F74/><W135/><G135/><T84/><REACH who="0" step="1"/><D99/><REACH who="0" step="2"/><U128/><E4/><V126/><F126/><W82/><G60/><T125/><D125/><U81/><REACH who="1" step="1"/><E128/><REACH who="1" step="2"/><V96/><F72/><W53/><G76/><T38/><D38/><U122/><E122/><V29/><F77/><W45/><G45/><AGARI ba="0,2" hai="16,21,27,41,45,51,56,61,63,66,67,70,84,87" machi="45" ten="40,8000,1" yaku="1,1,52,1,54,1,53,1" doraHai="22" doraHaiUra="42" who="0" fromWho="3" sc="240,100,240,0,90,0,410,-80" /><INIT seed="2,0,0,5,1,23" ten="340,240,90,330" oya="2" hai0="57,73,66,126,15,36,107,59,39,34,92,48,93" hai1="14,70,98,22,128,71,88,9,10,106,77,105,16" hai2="67,1,42,95,83,19,127,104,75,102,4,17,91" hai3="30,124,41,0,103,40,49,24,120,63,11,94,69"/><V100/><F4/><W101/><G120/><T82/><D107/><U56/><E128/><V46/><F1/><W110/><G124/><T90/><D126/><U80/><E56/><V20/><F127/><W74/><G74/><T135/><D135/><U130/><E105/><V68/><F68/><W33/><G110/><T7/><D34/><U12/><E130/><V84/><F67/><W113/><G113/><T2/><D2/><U72/><E22/><V86/><F104/><W27/><G49/><T121/><D121/><U114/><E114/><V97/><F75/><W85/><G103/><T134/><D57/><U52/><E52/><V18/><F86/><W6/><G27/><T122/><D122/><U118/><E118/><V43/><F102/><W8/><G8/><T89/><D134/><U37/><E37/><V96/><F96/><W58/><G69/><T111/><D111/><U64/><E64/><V29/><F29/><W55/><REACH who="3" step="1"/><G85/><REACH who="3" step="2"/><T26/><D73/><U13/><E106/><V99/><F99/><AGARI ba="0,1" hai="0,6,11,24,30,33,40,41,55,58,63,94,99,101" machi="99" ten="40,5200,0" yaku="1,1,2,1,52,1,53,0" doraHai="23" doraHaiUra="115" who="3" fromWho="2" sc="340,0,240,0,90,-52,320,62" /><INIT seed="3,0,0,5,3,14" ten="340,240,38,382" oya="3" hai0="22,130,52,112,119,85,48,23,13,135,36,34,122" hai1="132,59,80,82,64,33,105,10,35,133,88,67,91" hai2="37,115,94,8,15,21,25,89,106,108,72,79,107" hai3="41,4,57,100,58,97,61,90,12,103,83,19,84"/><W3/><G41/><T126/><D36/><U24/><E105/><V118/><F21/><W109/><G109/><T60/><D119/><U69/><E69/><V62/><F25/><W128/><G128/><T50/><D122/><U68/><E68/><V98/><F15/><W46/><G46/><T45/><D130/><U16/><E24/><V56/><F8/><W26/><G3/><T2/><D34/><U129/><E129/><V0/><F37/><W63/><G4/><T75/><D2/><U124/><E124/><V101/><F0/><W27/><G103/><T38/><D75/><U20/><E20/><V49/><F49/><W93/><G58/><T43/><D126/><U5/><E59/><V47/><F47/><W32/><G32/><T121/><D121/><U39/><E39/><V18/><F108/><W125/><G125/><T65/><D135/><U78/><E10/><V55/><F115/><W111/><G111/><T42/><D85/><U120/><E120/><V110/><F110/><W76/><G76/><T66/><D112/><U71/><E71/><V73/><F118/><W44/><G44/><N who="0" m="23639" /><D13/><U87/><E87/><N who="2" m="52543" /><F107/><W81/><G81/><T53/><D22/><U30/><E78/><V131/><F131/><W123/><G123/><T92/><D23/><U40/><E40/><V86/><F86/><W31/><G31/><T17/><D17/><U134/><E30/><V54/><F54/><N who="3" m="33975" /><G63/><T1/><D1/><U77/><E133/><V6/><F6/><W117/><G117/><T99/><D60/><U51/><E5/><V104/><F104/><W9/><AGARI ba="0,0" hai="9,12,19,26,27,83,84,90,93,97,100" m="33975" machi="9" ten="30,6000,0" yaku="5,1,8,1,52,1" doraHai="14" who="3" fromWho="3" sc="340,-20,240,-20,38,-20,382,60" /><INIT seed="3,1,0,0,2,103" ten="320,220,18,442" oya="3" hai0="27,4,2,32,74,114,17,129,73,128,0,94,35" hai1="60,80,36,14,133,21,116,40,134,106,7,39,61" hai2="135,26,97,13,118,119,110,56,57,34,22,63,44" hai3="101,117,93,79,83,130,49,12,43,64,31,75,121"/><W54/><G121/><T46/><D114/><U107/><E116/><V132/><F97/><W23/><G64/><T70/><D46/><U124/><E124/><V29/><F44/><W91/><G101/><T16/><D70/><U42/><E80/><V30/><F63/><N who="1" m="24137" /><E21/><V76/><F76/><W84/><G117/><T92/><D27/><U66/><E66/><V37/><F37/><N who="1" m="14409" /><E14/><V102/><F102/><W78/><G78/><T81/><D81/><U115/><E115/><V111/><F57/><W69/><G43/><N who="1" m="16426" /><E7/><AGARI ba="1,0" hai="0,2,4,7,16,17,32,35,73,74,92,94,128,129" machi="7" ten="25,3200,0" yaku="22,2,54,1" doraHai="103" who="0" fromWho="1" sc="320,35,220,-35,18,0,442,0" /><INIT seed="4,0,0,1,0,98" ten="355,185,18,442" oya="0" hai0="90,106,82,133,72,10,55,78,12,7,40,131,134" hai1="24,97,88,59,76,123,18,42,5,37,110,21,115" hai2="75,63,119,68,79,107,85,74,99,28,1,47,129" hai3="71,117,17,49,100,95,122,41,127,36,43,101,52"/><T32/><D32/><U92/><E123/><V8/><F119/><W58/><G71/><T60/><D106/><U26/><E110/><V86/><F129/><W16/><G36/><T114/><D131/><U80/><E5/><V29/><F47/><W3/><G3/><T126/><D114/><U94/><E115/><V108/><F108/><W46/><G117/><T11/><D126/><U4/><E4/><V73/><F8/><W23/><G122/><T22/><D40/><U103/><E59/><V25/><F1/><W128/><G128/><T27/><D90/><U89/><E89/><V19/><F19/><W53/><G17/><T111/><D111/><U33/><E33/><V13/><F13/><N who="3" m="9615" /><G127/><T67/><D55/><U45/><E26/><V2/><F2/><W87/><G87/><T96/><D96/><U48/><E37/><V64/><F79/><W125/><G95/><T61/><D60/><U44/><E45/><V132/><F132/><W51/><G125/><T66/><D67/><U77/><REACH who="1" step="1"/><E80/><REACH who="1" step="2"/><V70/><F70/><W35/><G35/><T121/><D121/><U65/><E65/><V50/><F50/><W83/><G83/><T135/><D11/><U104/><E104/><V38/><F38/><W62/><G41/><T113/><D113/><U57/><E57/><AGARI ba="0,1" hai="43,46,49,51,52,53,57,58,62,100,101" m="9615" machi="57" ten="30,8000,1" yaku="8,1,52,2,54,2" doraHai="98" who="3" fromWho="1" sc="355,0,175,-80,18,0,442,90" /><INIT seed="5,0,0,0,1,53" ten="355,95,18,532" oya="1" hai0="48,14,87,105,121,57,27,94,31,127,16,100,101" hai1="106,122,46,23,89,97,120,103,19,18,17,66,88" hai2="15,1,50,35,7,113,47,55,2,92,98,60,119" hai3="112,114,26,54,10,107,28,32,123,109,95,24,40"/><U83/><E66/><V33/><F119/><W129/><G107/><T64/><D127/><U131/><E46/><V39/><F2/><W130/><G123/><T20/><D121/><U110/><E110/><V91/><F1/><W5/><G40/><T132/><D132/><U75/><E131/><N who="3" m="50186" /><G95/><T85/><D105/><U67/><E67/><V41/><F113/><N who="3" m="43627" /><G54/><N who="0" m="31943" /><D64/><U78/><REACH who="1" step="1"/><E23/><REACH who="1" step="2"/><V76/><F35/><W80/><G109/><T11/><D94/><U59/><E59/><N who="2" m="34943" /><F33/><W99/><G80/><T12/><D20/><U134/><E134/><V62/><F39/><W13/><G99/><T63/><D11/><U8/><E8/><N who="2" m="4511" /><F76/><W84/><G32/><T117/><D117/><U72/><E72/><V118/><F118/><W4/><G84/><T128/><D87/><U69/><E69/><V42/><F42/><W3/><G10/><T77/><D85/><U22/><E22/><V125/><F125/><W86/><G86/><T135/><D77/><U116/><E116/><V124/><F124/><W61/><G3/><T93/><D128/><U74/><E74/><V79/><F79/><W73/><G73/><T37/><D135/><U0/><E0/><V96/><F96/><W6/><G4/><T104/><D93/><U44/><E44/><V36/><F36/><W21/><G5/><T56/><D37/><U25/><E25/><V111/><F111/><W81/><G26/><T68/><D27/><U52/><E52/><V126/><F126/><W108/><G6/><T71/><D68/><U65/><E65/><V70/><F70/><W51/><G24/><T115/><D71/><RYUUKYOKU ba="0,1" sc="355,-15,85,15,18,15,532,-15" hai1="17,18,19,75,78,83,88,89,97,103,106,120,122" hai2="41,47,50,62,91,92,98" /><INIT seed="5,1,1,5,0,135" ten="340,100,33,517" oya="1" hai0="115,36,20,32,35,71,29,57,69,81,18,75,23" hai1="97,25,91,131,43,46,66,76,104,27,130,51,74" hai2="50,128,79,132,44,106,24,16,17,10,120,80,0" hai3="110,114,109,107,73,56,117,45,93,86,61,47,100"/><U59/><E91/><V125/><F120/><W48/><G73/><T13/><D36/><U19/><E19/><V58/><F106/><W87/><G107/><T101/><D115/><U122/><E122/><V49/><F132/><W31/><G114/><T14/><D101/><U5/><E5/><V26/><F128/><N who="1" m="49193" /><E59/><V103/><F103/><W96/><G110/><T34/><D71/><U67/><E97/><V82/><F125/><W64/><G109/><T85/><D69/><U119/><E104/><V121/><F121/><W4/><G4/><T84/><D57/><U38/><E38/><V88/><F0/><W42/><G45/><T55/><D55/><U90/><E90/><V33/><F33/><W112/><G117/><T126/><D126/><U3/><E3/><V98/><F58/><W92/><G112/><T9/><D75/><U129/><E119/><V53/><F49/><W94/><G31/><T28/><D81/><N who="2" m="31338" /><F79/><W2/><G2/><T99/><D99/><U124/><E124/><V60/><F60/><W78/><G78/><T37/><D37/><U68/><E68/><V30/><F30/><N who="0" m="11882" /><D85/><N who="3" m="32265" /><G100/><T6/><D84/><U95/><E129/><V127/><F127/><W15/><G96/><T22/><AGARI ba="1,1" hai="6,9,13,14,18,20,22,23,32,34,35" m="11882" machi="22" ten="40,8000,1" yaku="35,5" doraHai="135" who="0" fromWho="0" sc="340,93,100,-41,33,-21,517,-21" /><INIT seed="6,0,0,3,2,0" ten="433,59,12,496" oya="2" hai0="56,70,107,54,135,65,14,39,51,128,121,23,85" hai1="55,61,108,115,49,86,99,16,134,7,133,91,66" hai2="36,41,129,47,33,32,26,59,93,5,24,126,104" hai3="114,9,3,132,58,123,81,57,2,8,53,97,101"/><V25/><F104/><W109/><G109/><T131/><D107/><U10/><E115/><V45/><F126/><W18/><G123/><T43/><D85/><U11/><E108/><V50/><F129/><N who="0" m="49738" /><D23/><U69/><E99/><V19/><F59/><W42/><G81/><T77/><D14/><N who="1" m="7255" /><E91/><V80/><F19/><W112/><G18/><T67/><D77/><U30/><E86/><V17/><F17/><W1/><G114/><T28/><D28/><U37/><E37/><V29/><F80/><W21/><G21/><T117/><D121/><U94/><E94/><V127/><F127/><W75/><G75/><T98/><D98/><U68/><E30/><V48/><F36/><W83/><G83/><T4/><D4/><U102/><E102/><V6/><F93/><W84/><G84/><T20/><D117/><U92/><E92/><V111/><F111/><W73/><G97/><T103/><D103/><U110/><E110/><V62/><F62/><W22/><G101/><T34/><D34/><U118/><E118/><V87/><F87/><W82/><G73/><T88/><D88/><U130/><E130/><V119/><F119/><W15/><G82/><T125/><D125/><U31/><E31/><V76/><F76/><W64/><G22/><T120/><D39/><U105/><E105/><V12/><F33/><W52/><G9/><T96/><D96/><U122/><E122/><V35/><F35/><W100/><G8/><T74/><D74/><U63/><E63/><V72/><F72/><W89/><G100/><T78/><D78/><U71/><E11/><N who="2" m="4207" /><F6/><W95/><G95/><RYUUKYOKU ba="0,0" sc="433,-10,59,-10,12,30,496,-10" hai2="24,25,26,29,32,41,45,47,48,50" /><INIT seed="6,1,0,0,2,116" ten="423,49,42,486" oya="2" hai0="70,60,106,61,117,74,17,3,47,15,82,14,13" hai1="32,39,75,85,68,84,76,123,24,64,107,121,48" hai2="2,111,0,40,132,109,20,53,89,62,93,4,38" hai3="54,102,115,66,110,37,1,100,81,59,90,9,28"/><V35/><F35/><W78/><G37/><T56/><D117/><U118/><E118/><V97/><F132/><W6/><G28/><T63/><D106/><U127/><E107/><V91/><F4/><W16/><G66/><T112/><D112/><U11/><E39/><V42/><F53/><W12/><G90/><T83/><D3/><N who="2" m="1066" /><F62/><W65/><G65/><N who="0" m="39047" /><D74/><U10/><E127/><V95/><F38/><W8/><G115/><T58/><D70/><U67/><E48/><V122/><F20/><W114/><G110/><N who="2" m="41993" /><F122/><N who="1" m="46601" /><E64/><V33/><F33/><W103/><G103/><T25/><D61/><N who="1" m="40047" /><E32/><V57/><F57/><W34/><G34/><T7/><D63/><U22/><E10/><V36/><F36/><W51/><G114/><T43/><D58/><U130/><E11/><V21/><F21/><W125/><G125/><T77/><D43/><U99/><E130/><V80/><F80/><W18/><G18/><T52/><D82/><N who="1" m="45343" /><E99/><AGARI ba="1,0" hai="40,42,89,91,93,95,97,99" m="41993,1066" machi="99" ten="30,1500,0" yaku="10,1" doraHai="116" who="2" fromWho="1" sc="423,0,49,-18,42,18,486,0" /><INIT seed="6,2,0,1,2,129" ten="423,31,60,486" oya="2" hai0="55,32,39,111,80,127,100,29,8,68,101,2,52" hai1="67,43,1,105,37,4,87,133,88,132,56,17,119" hai2="7,104,64,81,60,92,63,16,21,122,114,84,38" hai3="102,107,117,86,20,58,106,19,109,121,128,45,82"/><V94/><F104/><W112/><G121/><T35/><D68/><U62/><E119/><V108/><F38/><W61/><G117/><T79/><D39/><U90/><E105/><V33/><F33/><W103/><G109/><T93/><D111/><U125/><E125/><V14/><F108/><W72/><G72/><T131/><D131/><U95/><E17/><V46/><F122/><W134/><G107/><T77/><D127/><U26/><E26/><V5/><F46/><W76/><G106/><T31/><D93/><N who="2" m="35946" /><F114/><W135/><G112/><T44/><D44/><U66/><E90/><N who="2" m="51471" /><F64/><N who="3" m="38967" /><G45/><T75/><D75/><U22/><E37/><V120/><F120/><W57/><G57/><T70/><D80/><U126/><E126/><V47/><F47/><W74/><G74/><T97/><D97/><U36/><E36/><V11/><F7/><W59/><G59/><T53/><D70/><U130/><E130/><V124/><F124/><W50/><G50/><T41/><D41/><U65/><E43/><V118/><F118/><W116/><G128/><T54/><D2/><U69/><E69/><V98/><F98/><W23/><G116/><T51/><D51/><U96/><E96/><V83/><F83/><W6/><G103/><T48/><D48/><U0/><E0/><V15/><AGARI ba="2,0" hai="5,11,14,15,16,21,60,63" m="51471,35946" machi="15" ten="30,3000,0" yaku="8,1,54,1" doraHai="129" who="2" fromWho="2" sc="423,-12,31,-12,60,36,486,-12" /><INIT seed="6,3,0,0,4,0" ten="411,19,96,474" oya="2" hai0="64,3,37,90,75,68,76,2,89,11,24,30,111" hai1="78,5,69,83,9,61,122,38,29,43,105,57,52" hai2="72,26,49,70,77,17,45,87,126,108,47,118,60" hai3="40,130,7,62,135,82,58,113,85,31,55,92,28"/><V104/><F72/><W66/><G135/><T100/><D37/><U97/><E122/><V50/><F104/><W128/><G113/><T6/><D111/><U84/><E29/><V120/><F120/><W18/><G40/><T80/><D100/><U73/><E69/><V10/><F118/><W98/><G18/><T65/><D3/><U27/><E27/><V21/><F126/><W67/><G7/><T129/><D129/><N who="3" m="49769" /><G28/><T117/><D117/><U86/><E97/><V56/><F70/><W107/><G31/><T46/><D46/><N who="2" m="17418" /><F10/><W124/><G107/><T16/><D16/><U23/><E23/><V1/><F1/><W99/><G99/><T121/><D121/><U35/><E35/><V20/><F20/><W93/><G93/><T125/><D125/><U132/><E132/><V88/><F108/><W4/><G4/><T81/><D80/><U41/><E105/><V48/><F77/><N who="3" m="46287" /><G124/><T15/><D2/><N who="1" m="183" /><E41/><V14/><F26/><W79/><G79/><T131/><D131/><U102/><E102/><AGARI ba="3,0" hai="55,58,62,66,67,92,98,102" m="46287,49769" machi="102" ten="30,1000,0" yaku="19,1" doraHai="0" who="3" fromWho="1" sc="411,0,19,-19,96,0,474,19" /><INIT seed="7,0,0,1,4,58" ten="411,0,96,493" oya="3" hai0="107,0,40,116,35,131,94,31,95,104,79,78,81" hai1="133,98,43,12,26,44,99,93,18,102,71,64,96" hai2="126,127,114,88,86,46,2,97,66,65,10,59,125" hai3="21,124,7,53,115,123,109,42,129,103,112,91,41"/><W110/><G103/><T101/><D0/><U38/><E133/><V84/><F114/><N who="3" m="43563" /><G7/><T48/><D31/><U56/><E26/><V113/><F113/><W30/><G123/><T106/><D35/><U55/><E64/><N who="2" m="24683" /><F59/><W80/><G129/><T22/><D22/><U63/><E71/><V29/><F29/><W75/><G30/><T27/><D27/><U45/><E44/><V111/><F111/><N who="3" m="42507" /><G21/><T34/><D48/><U13/><E13/><V23/><F23/><AGARI ba="0,0" hai="12,18,23,38,43,45,55,56,63,93,96,98,99,102" machi="23" ten="30,2000,0" yaku="7,1,52,1" doraHai="58" who="1" fromWho="2" sc="411,0,0,20,96,-20,493,0" owari="411,21,20,-48,76,-32,493,59" /></mjloggm>