<mjloggm ver="2.3"><GO type="41"/><UN n0="%6B%6B%31%32%35" n1="%E3%82%A6%E3%83%AB%E3%83%88%E3%83%A9%E7%AB%8B%E7%9B%B4" n2="%70%70%61%61%6F%6F" n3="%E3%83%97%E3%83%AD%E3%83%86%E3%82%A4%E3%83%B3%E5%BE%97%E7%9B%9B" dan="15,14,14,16" rate="1957,1934,1897,2078" sx="M,M,M,M"/><TAIKYOKU oya="0"/><INIT seed="0,0,0,5,2,122" ten="250,250,250,250" oya="0" hai0="104,123,64,21,74,48,39,49,114,25,102,81,71" hai1="0,82,32,30,93,131,10,72,110,40,106,85,22" hai2="133,8,26,84,65,58,46,54,70,50,4,95,28" hai3="20,62,13,69,103,90,27,127,45,135,130,56,78"/><T97/><D123/><U15/><E106/><V107/><F107/><W89/><G69/><T61/><D114/><U55/><E72/><V68/><F133/><W57/><G78/><T6/><D39/><U96/><E40/><V100/><F100/><W60/><G103/><T129/><D6/><U76/><E131/><V91/><F65/><W115/><G13/><T108/><D129/><U67/><E67/><V18/><F18/><W111/><G45/><T42/><D42/><U119/><E119/><V37/><F37/><W113/><G130/><T17/><D108/><U121/><E121/><V31/><F58/><W73/><G73/><T101/><REACH who="0" step="1"/><D101/><REACH who="0" step="2"/><N who="1" m="60559" /><E110/><V118/><F118/><W19/><G135/><T11/><D11/><U112/><E112/><V24/><F8/><W5/><G5/><T99/><D99/><U120/><E120/><V132/><F4/><W83/><G111/><T125/><D125/><U109/><E109/><V88/><F132/><W63/><G127/><T79/><AGARI ba="0,1" hai="17,21,25,48,49,61,64,71,74,79,81,97,102,104" machi="79" ten="30,6000,0" yaku="1,1,0,1,53,1" doraHai="122" doraHaiUra="92" who="0" fromWho="0" sc="240,70,250,-20,250,-20,250,-20" /><INIT seed="0,1,0,1,3,76" ten="310,230,230,230" oya="0" hai0="124,78,110,31,17,114,81,24,134,108,92,128,82" hai1="94,5,40,131,119,125,64,0,67,48,60,135,72" hai2="73,89,12,121,59,101,107,15,10,132,117,70,88" hai3="118,127,66,37,122,123,129,34,44,95,120,74,6"/><T46/><D114/><U50/><E72/><V96/><F121/><W83/><G34/><T49/><D124/><U1/><E5/><V130/><F70/><W13/><G66/><T87/><D134/><U86/><E86/><V113/><F113/><W54/><G118/><T30/><D92/><U14/><E14/><V90/><F132/><W55/><G129/><T75/><D128/><U115/><E94/><V109/><F109/><N who="0" m="42090" /><D17/><U91/><E91/><V63/><F117/><W104/><G104/><T61/><D61/><U28/><E60/><V98/><F73/><W39/><G127/><T32/><D32/><U25/><E135/><V80/><F96/><W42/><G39/><T126/><D126/><U58/><E125/><V35/><F12/><W51/><G95/><T57/><D57/><U105/><E105/><V18/><F35/><W4/><G13/><T41/><D24/><U79/><E58/><V38/><F38/><W102/><G102/><T33/><D33/><U3/><E25/><V45/><F45/><W53/><G37/><T93/><D93/><U8/><E131/><V71/><F71/><W2/><G2/><T27/><D27/><U52/><E0/><V111/><F111/><W36/><G36/><T100/><D100/><U112/><E119/><V85/><F130/><W97/><G97/><T20/><D20/><U9/><E115/><V22/><F22/><W77/><AGARI ba="1,0" hai="4,6,42,44,51,53,54,55,74,77,83,120,122,123" machi="77" ten="40,5200,0" yaku="0,1,13,1,52,1" doraHai="76" who="3" fromWho="3" sc="310,-27,230,-14,230,-14,230,55" /><INIT seed="1,0,0,1,2,126" ten="283,216,216,285" oya="1" hai0="122,4,101,77,60,135,50,42,89,13,18,106,32" hai1="3,72,98,109,25,39,30,40,62,57,54,26,37" hai2="103,117,11,108,45,121,86,119,95,58,38,87,46" hai3="48,67,88,79,53,93,63,134,85,123,90,28,102"/><U24/><E3/><V35/><F121/><W96/><G123/><T120/><D32/><U10/><E72/><V59/><F108/><W55/><G134/><T61/><D135/><U131/><E109/><V2/><F35/><W71/><G28/><T97/><D77/><U104/><E30/><V133/><F133/><W129/><G129/><T22/><D4/><U112/><E112/><V56/><F103/><W52/><G79/><T125/><D125/><U114/><E114/><V74/><F74/><W34/><G34/><T105/><D105/><U12/><E131/><V76/><F95/><W5/><G5/><T91/><D122/><U113/><E113/><V132/><F132/><W6/><G6/><T78/><D78/><U20/><E20/><V124/><F11/><W16/><G16/><T111/><D120/><U118/><E118/><V51/><F2/><W1/><G1/><T115/><D115/><U49/><E12/><V69/><F38/><W130/><G130/><T31/><D31/><U92/><E104/><V100/><F69/><W127/><G127/><T29/><D29/><U47/><REACH who="1" step="1"/><E10/><REACH who="1" step="2"/><V27/><F119/><W70/><G70/><T8/><D111/><U83/><E83/><V80/><F117/><W14/><G14/><T43/><D8/><U73/><E73/><V44/><F124/><W21/><G21/><T68/><D22/><U19/><E19/><V110/><F110/><W128/><G128/><T81/><D18/><U84/><E84/><V41/><F87/><W9/><G9/><T7/><D81/><U23/><E23/><V15/><F15/><RYUUKYOKU ba="0,1" sc="283,-10,206,30,216,-10,285,-10" hai1="24,25,26,37,39,40,47,49,54,57,62,92,98" /><INIT seed="1,1,1,1,0,131" ten="273,236,206,275" oya="1" hai0="55,73,63,134,77,21,104,97,101,74,121,36,28" hai1="53,125,79,9,59,33,24,35,10,27,81,0,23" hai2="115,65,110,25,126,22,4,92,26,108,133,98,96" hai3="103,66,52,50,132,18,122,75,91,90,56,19,44"/><U85/><E125/><V70/><F126/><W113/><G75/><T93/><D36/><U17/><E0/><V86/><F4/><W109/><G122/><T38/><D38/><U127/><E127/><V32/><F32/><W106/><G113/><T128/><D121/><U87/><E33/><V5/><F5/><W76/><G76/><T46/><D128/><U30/><E87/><V48/><F86/><W57/><G109/><T68/><D68/><U102/><E102/><V114/><F48/><AGARI ba="1,1" hai="9,10,17,23,24,27,30,35,48,53,59,79,81,85" machi="48" ten="30,1500,0" yaku="7,1" doraHai="131" who="1" fromWho="2" sc="273,0,236,28,206,-18,275,0" /><INIT seed="1,2,0,3,3,22" ten="273,264,188,275" oya="1" hai0="83,79,73,99,48,90,81,131,55,116,124,64,65" hai1="7,34,100,39,28,11,50,104,122,86,8,121,84" hai2="45,60,36,33,69,26,18,78,53,61,105,2,88" hai3="29,40,91,109,19,1,17,38,32,92,101,13,15"/><U30/><E100/><V93/><F105/><W24/><G101/><T111/><D116/><U135/><E50/><N who="2" m="28879" /><F36/><W85/><G1/><T49/><D111/><U117/><E39/><V89/><F2/><W123/><G123/><T10/><D49/><U112/><E104/><V71/><F69/><W132/><G109/><T58/><D124/><U21/><E34/><V127/><F78/><W120/><G120/><T75/><D75/><U98/><E117/><V14/><F14/><W5/><G132/><T63/><D65/><U128/><E135/><V42/><F42/><W62/><G5/><T9/><D131/><U106/><E106/><V0/><F0/><W12/><REACH who="3" step="1"/><G62/><REACH who="3" step="2"/><T51/><D63/><U3/><E7/><V134/><F134/><W27/><G27/><T110/><D110/><U118/><E3/><V52/><F71/><W95/><G95/><T4/><D83/><U66/><E118/><V125/><F125/><W96/><G96/><T46/><D99/><U130/><E98/><V47/><F93/><W113/><G113/><T59/><D4/><U129/><E129/><V76/><F127/><W67/><G67/><T31/><D64/><U108/><E66/><V126/><F60/><W23/><G23/><T25/><D81/><U133/><E21/><N who="2" m="13623" /><F33/><W77/><G77/><T57/><D79/><U74/><E133/><V72/><F76/><W114/><G114/><T103/><D73/><U119/><E119/><V56/><F72/><W80/><G80/><T43/><D103/><U16/><E74/><V68/><F126/><W94/><G94/><T70/><D70/><RYUUKYOKU ba="2,1" sc="273,-10,264,-10,188,-10,265,30" hai3="12,13,15,17,19,24,29,32,38,40,85,91,92" /><INIT seed="2,3,1,3,3,90" ten="263,254,178,295" oya="2" hai0="56,60,116,2,82,92,46,16,75,20,125,93,122" hai1="104,106,63,61,33,108,36,121,76,39,129,77,101" hai2="110,5,11,54,21,14,135,79,53,91,88,62,107" hai3="73,117,68,42,128,103,59,95,115,99,30,67,22"/><V132/><F107/><W98/><G73/><T105/><D122/><U112/><E101/><V96/><F79/><W18/><G68/><T55/><D105/><U81/><E81/><V72/><F72/><W45/><G117/><T78/><D2/><U126/><E63/><V27/><F110/><W58/><G128/><T127/><D116/><U8/><E61/><V86/><F96/><W43/><G115/><T35/><D46/><U133/><E76/><V19/><F62/><N who="3" m="38359" /><G30/><T44/><D44/><U64/><E77/><V41/><F41/><W85/><G59/><T123/><D35/><U83/><E64/><V38/><F38/><W25/><G45/><T131/><D131/><U37/><E37/><V51/><F51/><W120/><G120/><T50/><D50/><U0/><E83/><V80/><REACH who="2" step="1"/><F91/><REACH who="2" step="2"/><N who="3" m="53743" /><G103/><T124/><REACH who="0" step="1"/><D123/><REACH who="0" step="2"/><U9/><E36/><V15/><F15/><AGARI ba="3,3" hai="15,16,20,55,56,60,75,78,82,92,93,124,125,127" machi="15" ten="40,12000,2" yaku="1,1,2,1,18,1,52,2,54,1,53,0" doraHai="90" doraHaiUra="28" who="0" fromWho="2" sc="253,159,254,0,168,-129,295,0" /><INIT seed="3,0,0,0,3,3" ten="412,254,39,295" oya="3" hai0="44,79,33,45,54,18,41,71,118,50,12,65,109" hai1="99,126,32,75,11,57,55,52,76,0,103,81,67" hai2="82,97,102,78,24,69,4,56,89,13,1,28,40" hai3="70,74,77,66,88,63,60,2,96,25,131,124,105"/><W22/><G2/><T46/><D33/><U39/><E32/><V27/><F69/><W112/><G112/><T92/><D118/><U17/><E126/><V68/><F68/><W91/><G131/><T127/><D127/><U8/><E39/><V53/><F1/><W94/><G124/><T72/><D109/><U62/><E11/><V121/><F40/><W48/><G105/><T58/><D79/><U106/><REACH who="1" step="1"/><E17/><REACH who="1" step="2"/><V116/><F116/><W85/><G63/><T90/><D18/><U49/><E49/><V123/><F121/><W31/><G48/><T113/><D50/><U19/><E19/><V35/><F123/><W6/><G74/><T5/><D72/><U42/><E42/><V30/><F30/><W122/><G122/><T73/><D41/><U21/><E21/><V93/><F28/><W10/><G10/><T101/><D73/><U87/><E87/><N who="2" m="48599" /><F35/><W64/><G64/><T95/><D113/><U38/><E38/><V125/><F125/><W83/><REACH who="3" step="1"/><G6/><AGARI ba="0,1" hai="0,6,8,52,55,57,62,67,75,76,81,99,103,106" machi="6" ten="40,5200,0" yaku="1,1,52,1,54,1,53,0" doraHai="3" doraHaiUra="108" who="1" fromWho="3" sc="412,0,244,62,39,0,295,-52" /><INIT seed="4,0,0,5,1,98" ten="412,306,39,243" oya="0" hai0="48,22,134,68,64,5,111,84,2,92,62,109,124" hai1="94,43,4,132,88,51,67,17,87,15,69,70,96" hai2="21,86,80,55,108,99,12,103,133,56,100,10,36" hai3="47,71,28,135,127,33,102,93,18,1,113,125,53"/><T74/><D74/><U120/><E120/><V65/><F36/><W89/><G71/><T119/><D119/><U106/><E132/><V34/><F34/><W81/><G1/><T61/><D134/><U11/><E67/><V129/><F108/><N who="0" m="41546" /><D124/><N who="3" m="47689" /><G135/><T114/><D114/><U41/><E70/><V19/><F133/><W14/><G113/><T97/><D84/><U126/><E69/><V115/><F65/><W13/><G81/><T118/><D118/><U40/><E126/><V7/><F129/><W112/><G112/><T79/><D79/><U77/><E106/><V50/><F99/><N who="3" m="59759" /><G89/><T9/><D48/><U49/><E77/><V116/><F116/><W107/><G107/><T101/><D61/><U130/><E130/><V58/><F115/><W83/><G83/><T24/><D24/><U66/><E66/><V16/><F19/><W44/><G53/><T63/><D63/><U131/><E131/><V38/><F38/><W122/><G122/><T104/><D104/><U95/><REACH who="1" step="1"/><E17/><REACH who="1" step="2"/><V35/><F35/><W31/><G18/><T30/><D68/><U117/><E117/><V54/><F7/><W90/><G31/><T121/><D121/><U75/><E75/><V52/><F10/><W39/><G28/><T123/><D123/><U29/><E29/><V82/><F50/><W27/><G39/><T73/><D73/><U23/><E23/><V78/><REACH who="2" step="1"/><F82/><REACH who="2" step="2"/><W25/><G33/><T37/><D37/><U76/><E76/><V105/><F105/><W85/><G47/><T128/><D128/><U46/><E46/><V32/><F32/><W42/><G44/><RYUUKYOKU ba="0,2" sc="412,-15,296,15,29,15,243,-15" hai1="4,11,15,40,41,43,49,51,87,88,94,95,96" hai2="12,16,21,52,54,55,56,58,78,80,86,100,103" /><INIT seed="5,1,2,3,5,114" ten="397,311,44,228" oya="1" hai0="95,81,77,0,68,124,60,122,83,110,2,115,99" hai1="57,10,129,34,18,75,121,128,107,3,86,97,42" hai2="24,64,63,15,93,59,71,80,101,96,30,67,23" hai3="36,73,62,84,11,31,123,66,79,58,131,32,16"/><U37/><E34/><V127/><F127/><W69/><G36/><T48/><D110/><U88/><E75/><V117/><F117/><W13/><G123/><T46/><D115/><U26/><E121/><V33/><F71/><W112/><G112/><T61/><D122/><U47/><E107/><V130/><F130/><W100/><G73/><T78/><D124/><U53/><E97/><V8/><F80/><N who="0" m="30794" /><D68/><U51/><E3/><V90/><F33/><W19/><G131/><T106/><D2/><U45/><E57/><V17/><REACH who="2" step="1"/><F90/><REACH who="2" step="2"/><W50/><G69/><T105/><D0/><U35/><E35/><V103/><F103/><W126/><G100/><T109/><D109/><U9/><E128/><V70/><F70/><W125/><G32/><T72/><D106/><U113/><E129/><V12/><F12/><W94/><G126/><T65/><D105/><U92/><E113/><V49/><F49/><W132/><G50/><T133/><D48/><U108/><E108/><V76/><F76/><W27/><G125/><T28/><D78/><U98/><E45/><V102/><F102/><W7/><G79/><T4/><D46/><U40/><E37/><V43/><F43/><W104/><G104/><T41/><D77/><U52/><E42/><V119/><F119/><W91/><G91/><T87/><D41/><U22/><E98/><V20/><F20/><W39/><G39/><T21/><D99/><U25/><E25/><V89/><F89/><W118/><G118/><T29/><D21/><U38/><E38/><V55/><AGARI ba="1,3" hai="8,15,17,23,24,30,55,59,63,64,67,93,96,101" machi="55" ten="20,8000,1" yaku="1,1,0,1,7,1,8,1,53,1" doraHai="114" doraHaiUra="6" who="2" fromWho="2" sc="397,-21,311,-41,34,113,228,-21" /><INIT seed="6,0,0,1,0,20" ten="376,270,147,207" oya="2" hai0="99,73,131,64,13,71,58,36,63,10,105,7,94" hai1="81,43,30,27,86,104,87,61,11,124,19,130,135" hai2="3,97,120,110,9,0,75,122,46,116,39,1,91" hai3="12,70,85,50,59,42,41,47,74,92,72,98,49"/><V132/><F116/><W52/><G70/><T17/><D73/><U109/><E104/><V114/><F75/><W25/><G85/><T8/><D36/><U16/><E109/><V6/><F110/><W31/><G12/><T78/><D78/><U80/><E124/><V2/><F114/><W56/><G56/><T18/><D105/><U113/><E113/><V100/><F91/><W33/><REACH who="3" step="1"/><G41/><REACH who="3" step="2"/><T60/><D58/><U34/><E43/><N who="2" m="22911" /><F132/><W32/><G32/><T44/><D71/><U107/><E135/><V128/><F128/><W53/><G53/><T24/><D131/><U48/><E130/><V67/><F67/><W83/><G83/><T62/><D64/><U45/><E86/><V38/><F38/><W95/><G95/><T40/><D94/><U119/><E107/><N who="2" m="63887" /><F120/><W37/><G37/><T134/><D13/><U29/><E119/><V93/><F93/><W28/><G28/><T55/><D134/><U118/><E30/><V121/><AGARI ba="0,1" hai="0,1,2,3,6,9,121,122" m="63887,22911" machi="121" ten="40,2100,0" yaku="23,1" doraHai="20" who="2" fromWho="2" sc="376,-7,270,-7,147,31,197,-7" /><INIT seed="6,1,0,5,2,6" ten="369,263,178,190" oya="2" hai0="58,57,16,112,91,33,59,73,10,135,71,81,116" hai1="111,7,39,106,15,24,85,103,131,108,77,43,125" hai2="49,107,54,29,65,37,96,2,86,52,14,129,25" hai3="63,82,98,46,110,132,56,51,18,127,117,118,48"/><V126/><F2/><W19/><G110/><T95/><D71/><U102/><E43/><V97/><F37/><W40/><G132/><T87/><D33/><U72/><E39/><V134/><F134/><W26/><G127/><T123/><D123/><U1/><E15/><V12/><F126/><W13/><G51/><T64/><D135/><U9/><E85/><V21/><F65/><W74/><G26/><T3/><D116/><U31/><E103/><V122/><F122/><W42/><G42/><T76/><D112/><U68/><E68/><V90/><F54/><W50/><G50/><T121/><D121/><U78/><E78/><V41/><F41/><W34/><G34/><T80/><D64/><U36/><E36/><V38/><F107/><W35/><G35/><T114/><D114/><U20/><E125/><V128/><F38/><W89/><G19/><T11/><D3/><U67/><E67/><V105/><F105/><W133/><G133/><T75/><D16/><U93/><E93/><N who="2" m="54487" /><F129/><W0/><G0/><T119/><D119/><U60/><E60/><V99/><F128/><W109/><G109/><T88/><D75/><U83/><REACH who="1" step="1"/><E131/><REACH who="1" step="2"/><V27/><F27/><W92/><G74/><T100/><REACH who="0" step="1"/><D100/><REACH who="0" step="2"/><U69/><E69/><V28/><F28/><W84/><G13/><T79/><D79/><U32/><E32/><V104/><F104/><W55/><REACH who="3" step="1"/><G18/><REACH who="3" step="2"/><T4/><D4/><U8/><E8/><V45/><AGARI ba="1,3" hai="12,14,21,25,29,45,49,52,96,97,99" m="54487" machi="45" ten="30,3000,0" yaku="8,1,54,1" doraHai="6" who="2" fromWho="2" sc="359,-11,253,-11,178,63,180,-11" /><INIT seed="6,2,0,3,1,75" ten="348,242,241,169" oya="2" hai0="6,49,115,51,99,72,90,80,73,40,120,14,130" hai1="82,9,1,48,122,124,91,61,126,101,131,42,56" hai2="16,47,65,26,74,117,129,5,89,70,23,111,58" hai3="24,29,123,31,104,127,107,95,39,98,87,106,84"/><V7/><F117/><W60/><G39/><T25/><D120/><U0/><E101/><V34/><F70/><W17/><G123/><T8/><D130/><U32/><E32/><V46/><F34/><W96/><G127/><T85/><D115/><U114/><E122/><V63/><F129/><W125/><G125/><T50/><D73/><U112/><E131/><V55/><F74/><W62/><G17/><T100/><D72/><U71/><E71/><V57/><F111/><W21/><G31/><T121/><D121/><U52/><E124/><V109/><F89/><W81/><G87/><T133/><D133/><U102/><E102/><V28/><F28/><W116/><G116/><T37/><D37/><U76/><E91/><V41/><F41/><W79/><REACH who="3" step="1"/><G98/><REACH who="3" step="2"/><T113/><D113/><N who="1" m="43627" /><E126/><V18/><F18/><W35/><G35/><T68/><D99/><U12/><E9/><V4/><REACH who="2" step="1"/><F109/><REACH who="2" step="2"/><W93/><G93/><T128/><D128/><U64/><E42/><V19/><F19/><W83/><G83/><T88/><D40/><U135/><E135/><V103/><F103/><AGARI ba="2,2" hai="21,24,29,60,62,79,81,84,95,96,103,104,106,107" machi="103" ten="40,5200,0" yaku="1,1,52,1,53,1" doraHai="75" doraHaiUra="27" who="3" fromWho="2" sc="348,0,242,0,231,-58,159,78" /><INIT seed="7,0,0,5,4,79" ten="348,242,173,237" oya="3" hai0="29,11,42,105,2,3,78,101,65,66,69,97,94" hai1="8,49,131,24,30,103,122,123,76,85,19,54,52" hai2="38,91,110,0,77,57,61,44,15,102,100,124,26" hai3="121,50,18,89,96,92,9,58,62,34,39,31,13"/><W88/><G39/><T75/><D42/><U22/><E131/><V4/><F0/><W43/><G121/><T95/><D29/><U36/><E36/><V108/><F124/><W60/><G34/><T117/><D117/><U5/><E103/><V135/><F135/><W45/><G31/><T98/><D105/><U116/><E116/><V37/><F77/><W12/><G58/><T32/><D32/><U33/><E54/><V107/><F26/><W64/><G64/><T129/><D129/><U120/><E85/><V104/><F44/><W128/><G128/><T51/><D51/><U40/><E76/><V115/><F91/><W20/><REACH who="3" step="1"/><G89/><REACH who="3" step="2"/><T127/><D65/><U133/><E33/><V119/><F57/><W56/><G56/><T23/><D66/><U87/><E30/><V106/><F119/><W82/><G82/><T93/><D69/><U7/><E123/><V109/><F38/><W112/><G112/><T25/><D2/><U35/><E122/><V67/><F37/><W130/><G130/><T6/><D3/><U16/><E35/><V114/><F67/><W10/><G10/><T14/><D11/><U113/><E120/><V99/><F115/><W70/><G70/><T28/><D28/><U68/><E113/><V27/><F114/><W125/><G125/><T83/><D127/><U48/><E68/><V63/><F110/><W59/><G59/><T111/><D111/><U73/><E8/><N who="2" m="4487" /><F109/><W74/><G74/><T118/><D75/><U46/><E73/><V126/><F108/><W55/><G55/><T47/><D118/><U81/><E52/><RYUUKYOKU ba="0,1" sc="348,-10,242,-10,173,-10,227,30" hai3="9,12,13,18,20,43,45,50,60,62,88,92,96" /><INIT seed="7,1,1,4,0,75" ten="338,232,163,257" oya="3" hai0="52,47,89,69,100,50,28,94,82,116,87,97,134" hai1="22,131,85,78,23,39,59,15,11,81,79,12,111" hai2="6,64,13,101,77,83,120,124,18,133,2,1,41" hai3="46,54,73,8,129,86,17,126,135,5,48,74,113"/><W10/><G113/><T38/><D116/><U0/><E111/><V104/><F133/><W128/><G135/><T60/><D134/><U117/><E117/><V102/><F124/><W121/><G121/><T106/><D38/><U45/><E131/><N who="3" m="50250" /><G126/><T26/><D69/><U98/><E0/><V61/><F120/><W58/><G86/><T112/><D112/><U127/><E127/><V90/><F41/><N who="3" m="24655" /><G17/><T20/><REACH who="0" step="1"/><D60/><REACH who="0" step="2"/><U103/><E39/><V32/><F104/><AGARI ba="1,2" hai="20,26,28,47,50,52,82,87,89,94,97,100,104,106" machi="104" ten="40,5200,0" yaku="1,1,2,1,54,1,53,0" doraHai="75" doraHaiUra="9" who="0" fromWho="2" sc="328,75,232,0,163,-55,257,0" owari="403,50,232,-17,108,-39,257,6" /></mjloggm>