<mjloggm ver="2.3"><GO type="97"/><UN n0="%EF%BC%A0%E6%B0%B4%E6%B2%A1%E7%8E%8B%E5%AD%90%EF%BC%A0" n1="%EF%BE%8F%EF%BE%82%EF%BD%B6%EF%BD%BE%EF%BE%9E" n2="%E3%82%A6%E3%83%AB%E3%83%88%E3%83%A9%E7%AB%8B%E7%9B%B4" n3="%69%7A%61%79%6F%69" dan="14,13,13,13" rate="1888,1803,1828,1890" sx="F,M,M,M"/><TAIKYOKU oya="0"/><INIT seed="0,0,0,4,2,36" ten="250,250,250,250" oya="0" hai0="19,23,49,50,35,78,80,68,132,110,42,126,6" hai1="55,122,75,97,124,79,108,48,56,2,28,69,51" hai2="45,8,17,96,3,62,60,89,134,92,121,99,117" hai3="74,67,63,86,128,127,34,4,26,88,33,100,1" shuffle="mt19937ar,7FFCB343,50D4A40C,841371FA,1019E89E,AC1FCB85,ADB9F04A,163FFF30,56981992,F040871C,CBFBDD7E,AC9C7606,F662A1DE,21F7088A,3E2BE96D,8150E6DB,91175DDB,B664CE9B,77585428,4F68A0A2,E6B1D228,9B098370,5F9E8116,3BD3FB68,770FF48D,01BF29CC,B0A3A964,6985FDA1,17182FF6,8E1BFCDE,BCC7160A,7DC8F999,9E486CCC"/><T129/><D68/><U15/><E122/><V44/><F121/><W85/><G74/><T27/><D35/><U101/><E108/><V52/><F3/><W21/><G127/><T131/><D126/><U94/><E124/><V119/><F134/><W90/><G128/><N who="0" m="49227" /><D132/><U112/><E112/><V105/><F105/><W84/><G100/><T82/><D6/><U73/><E2/><V32/><F32/><W18/><G4/><T93/><D110/><U102/><E69/><V53/><F17/><W130/><G1/><T30/><D93/><U12/><E79/><V111/><F111/><W13/><G130/><T59/><D78/><U81/><E81/><V70/><F70/><W20/><G34/><T133/><D133/><U87/><E87/><V114/><F92/><W29/><REACH who="3" step="1"/><G33/><REACH who="3" step="2"/><T135/><D135/><U24/><E75/><V77/><F114/><W14/><G14/><T64/><D30/><U125/><E73/><V118/><F118/><W43/><G43/><T40/><D42/><U115/><E125/><V31/><F31/><W66/><G66/><T109/><D109/><U120/><E115/><V123/><F117/><W22/><G22/><T0/><D0/><U46/><E102/><V47/><F119/><W103/><G103/><T113/><D113/><U10/><E120/><V106/><F123/><W37/><G37/><T76/><D64/><U25/><E28/><V16/><F53/><W7/><G7/><T39/><D39/><U95/><E15/><N who="2" m="7271" /><F52/><W57/><AGARI ba="0,1" hai="13,18,20,21,26,29,57,63,67,84,85,86,88,90" machi="57" ten="30,7900,0" yaku="1,1,0,1,8,1,54,1,53,0" doraHai="36" doraHaiUra="104" who="3" fromWho="3" sc="250,-39,250,-20,250,-20,240,89" /><INIT seed="1,0,0,5,5,69" ten="211,230,230,329" oya="1" hai0="53,73,70,47,17,44,29,15,18,129,99,52,109" hai1="113,8,93,35,90,79,83,94,13,3,34,107,24" hai2="62,43,2,127,100,37,46,74,123,114,121,95,48" hai3="7,104,120,60,25,39,122,1,82,50,6,108,65" shuffle="mt19937ar,D42BA4E6,5D2AE6F6,0C8AE832,1A9B7ADD,AC39D031,4F038795,B78B67EB,62D345BD,3C47DA30,AC2D460F,8DB6FBCD,742EAB7A,350CC4E0,12380B89,3A09F534,389DDB12,35AC2E3E,FC8B52DC,2D5A0301,CB6A7139,25E16C9D,04BE6A30,9FB7E714,187A53D6,EB38895F,B2081843,60FBDC7D,94695346,4413EAE3,2DDD6DC7,87312626,6F4010DB"/><U101/><E113/><V131/><F74/><W41/><G104/><T76/><D70/><U86/><E3/><V5/><F5/><W61/><G108/><T4/><D109/><U10/><E10/><V125/><F95/><W91/><G122/><N who="2" m="46601" /><F100/><W112/><G120/><T28/><D129/><U0/><E0/><V130/><F2/><W88/><G112/><T68/><D68/><U103/><E24/><V38/><F62/><W134/><G1/><T118/><D73/><N who="1" m="43503" /><E34/><V96/><F96/><W111/><G111/><T84/><D99/><N who="1" m="61887" /><E35/><V57/><F114/><W33/><G33/><T20/><D4/><U26/><E26/><V97/><F97/><W105/><G25/><T30/><D17/><U55/><E55/><N who="2" m="31975" /><F38/><W14/><G105/><T116/><D118/><U85/><E13/><V21/><F21/><W124/><G14/><T11/><D116/><U63/><E8/><V75/><F75/><W78/><G7/><T87/><D11/><U56/><E56/><V67/><F67/><W115/><G6/><T40/><D15/><U45/><E63/><V12/><F12/><W92/><G115/><T51/><D20/><U128/><E45/><V66/><F66/><W42/><G65/><T132/><D47/><U98/><E128/><AGARI ba="0,0" hai="37,43,46,125,127,128,130,131" m="31975,46601" machi="128" ten="30,7700,0" yaku="19,1,34,2,52,1" doraHai="69" who="2" fromWho="1" sc="211,0,230,-77,230,77,329,0" /><INIT seed="2,0,0,0,5,34" ten="211,153,307,329" oya="2" hai0="112,91,117,66,29,93,8,39,10,106,132,123,14" hai1="33,35,49,130,12,73,67,135,98,96,103,131,37" hai2="32,114,125,101,45,42,43,16,69,124,72,107,17" hai3="27,71,24,56,97,30,92,94,126,129,118,68,82" shuffle="mt19937ar,F5E68DE7,EB11C814,88B896EF,CE619BEA,79694EEE,80E601E5,DF71566F,4BE21E78,BA50AECB,0B1DA633,EF395F22,D0A6C5E5,EB5BA557,8EBD0B60,9C9C5A61,8FFD2548,7E2357E4,21D87C07,EBC1178C,92BA4D2B,20E89D38,9C9678B9,235DD364,876E6F82,BEBA9BFC,36E6293B,E9A5D8F0,6DEBE0E5,C127D7E1,B2D1F89D,0C753EDF,6768E75F"/><V50/><F72/><W80/><G118/><T31/><D106/><U52/><E73/><V86/><F32/><W22/><G126/><N who="2" m="48745" /><F69/><W9/><G9/><T113/><D123/><U102/><E135/><V65/><F65/><W40/><G40/><T76/><D39/><U7/><E37/><V4/><F114/><W25/><G129/><N who="1" m="49162" /><E67/><V108/><F43/><W18/><G71/><T133/><D76/><U95/><E12/><V127/><F127/><W46/><G68/><T62/><D66/><U64/><E7/><V15/><F108/><W20/><G46/><T0/><D62/><U111/><E111/><V58/><F58/><W134/><G56/><T5/><D117/><U38/><E38/><V120/><F120/><W60/><G60/><T90/><D93/><N who="1" m="58639" /><E64/><V77/><F15/><N who="3" m="9311" /><G134/><T122/><D122/><U11/><E11/><V119/><F4/><W110/><G110/><T63/><D63/><U53/><E49/><V100/><F119/><W109/><G109/><T75/><D14/><U48/><E48/><V6/><F6/><W74/><G74/><T44/><D75/><U54/><AGARI ba="0,0" hai="33,35,52,53,54,95,98,103" m="58639,49162" machi="54" ten="30,2000,0" yaku="19,1,54,1" doraHai="34" who="1" fromWho="1" sc="211,-5,153,20,307,-10,329,-5" /><INIT seed="3,0,0,3,0,107" ten="206,173,297,324" oya="3" hai0="47,74,55,72,4,11,112,83,7,24,123,88,122" hai1="96,125,121,100,93,120,42,73,114,52,86,38,54" hai2="66,70,87,104,133,37,117,115,1,50,23,39,63" hai3="76,79,61,75,13,40,43,49,36,95,69,48,126" shuffle="mt19937ar,2F0E06C6,19FE3742,08496C54,9FF832E1,B54C70F9,45926AC3,07098D84,E4662CE2,130A2953,754E2BD1,98E00F99,FF50AB60,28EC0764,2B97B41E,11C56148,116AC747,DBF89452,3B382596,71C1F590,83D9A7C1,6D5D112E,BC2AFC5B,CF6B4352,4FA67846,3D8D4E49,ED7D74C0,8B97FE23,8FB81AB8,B6DAE0F9,7F9787B7,540236C4,06E51B2D"/><W17/><G75/><T85/><D112/><U51/><E125/><V41/><F104/><W35/><G35/><T58/><D47/><U101/><E114/><V3/><F23/><W103/><G126/><T111/><D111/><U68/><E68/><V9/><F115/><W32/><G32/><T34/><D4/><U33/><E33/><V25/><F25/><W78/><G36/><N who="2" m="13897" /><F9/><N who="3" m="6319" /><G61/><T18/><D122/><U31/><E31/><V110/><F87/><W106/><G106/><T57/><D123/><U91/><E38/><V128/><F3/><W15/><G15/><T30/><D18/><U56/><E42/><N who="3" m="15914" /><G69/><T130/><D130/><U84/><E73/><V8/><F128/><W134/><G134/><T105/><D58/><U59/><E121/><V62/><F133/><W81/><G81/><T0/><D105/><U89/><E120/><V2/><F117/><W27/><G27/><T113/><D113/><U20/><E20/><V92/><F63/><AGARI ba="0,0" hai="0,7,11,24,30,34,55,57,63,72,74,83,85,88" machi="63" ten="30,7700,0" yaku="7,1,52,2,54,1" doraHai="107" who="0" fromWho="2" sc="206,77,173,0,297,-77,324,0" owari="283,3,173,-23,220,-13,324,33" /></mjloggm>