<mjloggm ver="2.3"><GO type="9"/><UN n0="%E3%82%A6%E3%83%AB%E3%83%88%E3%83%A9%E7%AB%8B%E7%9B%B4" n1="%E3%82%AF%E3%83%AD%E3%82%A6%E3%82%BF" n2="%77%6F%72%6B%69%6E%67" n3="%E3%81%8A%E3%83%BC%E3%81%B6%EF%BC%A0%E6%A0%B9%E6%9A%97" dan="6,0,11,0" rate="1652,1500,1501,1500" sx="M,M,M,F"/><TAIKYOKU oya="0"/><INIT seed="0,0,0,3,0,104" ten="250,250,250,250" oya="0" hai0="7,113,16,14,37,30,102,84,77,79,130,87,82" hai1="100,47,44,95,52,122,127,108,17,132,71,15,97" hai2="8,96,101,116,107,31,135,133,36,29,103,34,86" hai3="58,0,43,75,125,39,59,123,98,121,35,13,68" shuffle="mt19937ar,34310DC8,EEE9AA0C,FADD40B4,BFB7F5CC,FB5C1CAD,DDDAD7DB,5D45BA74,0DAA7C54"/><T115/><D37/><U60/><E122/><N who="3" m="46602" /><G125/><T61/><D7/><U89/><E127/><V42/><F36/><W131/><G35/><T94/><D30/><U28/><E132/><V118/><F42/><W134/><G134/><N who="2" m="51209" /><F34/><W45/><G13/><T72/><D130/><U3/><E108/><V83/><F103/><W21/><G21/><T56/><D79/><U48/><E3/><V27/><F8/><W119/><G119/><N who="2" m="45609" /><F27/><W6/><G68/><T4/><D4/><U53/><E71/><V23/><F23/><W38/><G98/><T11/><D87/><U105/><E105/><V65/><F65/><W88/><G88/><AGARI ba="0,0" hai="29,31,83,86,88,96,101,107" m="45609,51209" machi="88" ten="30,3900,0" yaku="20,1,12,1,54,1" doraHai="104" who="2" fromWho="3" sc="250,0,250,0,250,39,250,-39" /><INIT seed="1,0,0,3,5,98" ten="250,250,289,211" oya="1" hai0="12,23,34,128,47,24,96,123,74,116,104,49,30" hai1="100,8,92,76,106,99,117,5,1,27,31,115,94" hai2="72,64,110,82,33,133,131,21,73,71,61,111,4" hai3="135,85,50,7,88,105,132,51,6,91,40,129,29" shuffle="mt19937ar,7911C87D,F1239598,B1C4665D,FE6DD21F,405F1F3B,8AE56B18,3ADA05A4,4C9B275A"/><U42/><E117/><V22/><F33/><W80/><G129/><T119/><D74/><U90/><E115/><V25/><F131/><W130/><G130/><T62/><D128/><U65/><E76/><V52/><F21/><W87/><G105/><T70/><D123/><U43/><E65/><V36/><F36/><W0/><G29/><T15/><D49/><U112/><E112/><V68/><F68/><W60/><G60/><T38/><D23/><U44/><E106/><V134/><F4/><W39/><G0/><T125/><D15/><U97/><REACH who="1" step="1"/><E44/><REACH who="1" step="2"/><V56/><F64/><W118/><G118/><T95/><D116/><U54/><E54/><V109/><F71/><W77/><G39/><T17/><D119/><U16/><E16/><N who="2" m="12487" /><F82/><W120/><G120/><T46/><D47/><U35/><AGARI ba="0,1" hai="1,5,8,27,31,35,42,43,90,92,94,97,99,100" machi="35" ten="20,18000,2" yaku="1,1,0,1,7,1,52,1,53,2" doraHai="98" doraHaiUra="37" who="1" fromWho="1" sc="250,-60,240,190,289,-60,211,-60" /><INIT seed="1,1,0,0,3,30" ten="190,430,229,151" oya="1" hai0="13,106,18,131,10,50,133,107,53,58,1,33,43" hai1="26,115,130,51,32,98,116,132,124,36,105,21,27" hai2="79,44,34,67,5,65,74,29,37,128,56,97,23" hai3="135,134,85,110,63,7,19,69,22,95,75,3,68" shuffle="mt19937ar,DE3249DC,2F3E31CD,AA1D21C0,7D597809,749D487C,024EE143,165F20AA,3D3FE389"/><U31/><BYE who="0" /><E116/><V104/><F128/><W80/><G110/><T102/><D102/><U100/><E115/><V94/><F104/><W93/><G75/><T71/><D71/><U119/><E119/><V126/><F126/><W61/><G3/><T91/><D91/><U101/><E101/><V20/><F5/><W11/><G93/><T120/><D120/><U84/><E124/><V112/><F112/><W87/><G95/><T0/><D0/><U25/><E132/><N who="3" m="50730" /><G87/><T60/><D60/><N who="3" m="23113" /><G7/><T99/><D99/><U118/><E118/><V127/><F74/><W9/><G19/><T8/><D8/><N who="3" m="3145" /><G22/><T114/><D114/><U41/><E130/><V70/><F79/><AGARI ba="1,0" hai="68,69,79,80,85" m="3145,23113,50730" machi="79" ten="30,1000,0" yaku="20,1" doraHai="30" who="3" fromWho="2" sc="190,0,430,0,229,-13,151,13" /><INIT seed="2,0,0,1,5,72" ten="190,430,216,164" oya="2" hai0="109,73,135,59,25,22,18,5,92,85,51,47,30" hai1="102,29,63,127,46,9,64,10,112,68,40,39,62" hai2="36,33,126,80,50,87,78,122,134,88,55,67,113" hai3="43,101,17,79,117,106,21,1,94,32,44,34,58" shuffle="mt19937ar,8E102C98,9502C71C,4B082C31,02270F83,63CA5C09,A6407407,D30482A5,F5484CC6"/><V128/><F122/><W61/><G117/><T49/><D49/><U103/><E112/><V124/><F113/><W16/><G1/><T19/><D19/><U108/><E127/><N who="2" m="48683" /><F36/><W0/><G0/><T24/><D24/><U130/><E108/><V27/><F33/><W74/><G106/><T42/><D42/><U77/><E130/><V119/><F67/><W57/><G21/><T6/><D6/><U97/><E29/><V100/><F119/><W41/><G44/><T60/><D60/><U125/><E125/><V23/><F128/><W81/><G94/><T52/><D52/><U31/><E31/><N who="2" m="17919" /><F100/><W115/><G115/><T95/><D95/><U98/><E77/><V4/><F4/><W132/><G101/><T83/><D83/><U54/><E10/><V123/><F123/><W84/><G74/><T76/><D76/><U70/><E9/><V86/><F134/><W91/><G79/><T120/><D120/><U107/><E54/><V133/><F133/><W131/><G131/><T114/><D114/><U71/><REACH who="1" step="1"/><E64/><REACH who="1" step="2"/><V89/><F87/><W105/><G132/><T65/><D65/><U15/><E15/><V14/><F14/><W93/><G105/><AGARI ba="0,1" hai="39,40,46,62,63,68,70,71,97,98,102,103,105,107" machi="105" ten="40,2600,0" yaku="1,1,9,1,53,0" doraHai="72" doraHaiUra="82" who="1" fromWho="3" sc="190,0,420,36,216,0,164,-26" /><INIT seed="3,0,0,3,4,126" ten="190,456,216,138" oya="3" hai0="128,63,55,40,82,132,62,41,34,49,21,71,19" hai1="110,116,72,27,35,134,24,17,115,32,57,108,46" hai2="65,20,15,1,114,89,37,77,74,22,0,100,7" hai3="105,53,36,67,97,119,127,75,3,87,38,118,117" shuffle="mt19937ar,F6CA103F,D1DF36C7,ED06E81F,5D466578,F850F238,86A5A3D5,7DAF67CB,7A39793F"/><W73/><G105/><T16/><D16/><U48/><E72/><N who="3" m="27722" /><G97/><T43/><D43/><U131/><E57/><V61/><F114/><W14/><G3/><T76/><D76/><U9/><E48/><V95/><F37/><N who="3" m="14443" /><G14/><T8/><D8/><U56/><E46/><V59/><F100/><W103/><G103/><T29/><D29/><U133/><E56/><V80/><F0/><W45/><G87/><T54/><D54/><U125/><E125/><V107/><F1/><W90/><G45/><T78/><D78/><U47/><E47/><V64/><F107/><W102/><G53/><T91/><D91/><U129/><E115/><V70/><F65/><W106/><G90/><T111/><D111/><N who="1" m="42539" /><E116/><N who="3" m="29698" /><W50/><DORA hai="86" /><G127/><T11/><D11/><U69/><E69/><V42/><F42/><W12/><G50/><T25/><D25/><N who="1" m="9803" /><E9/><V66/><F66/><W109/><G12/><T79/><D79/><U123/><E123/><V58/><F7/><W92/><G109/><T68/><D68/><U18/><E17/><V101/><F15/><W2/><G106/><T83/><D83/><U93/><E18/><V121/><F121/><W60/><G102/><T28/><D28/><U5/><E5/><V88/><F101/><W31/><G2/><T44/><D44/><U52/><E52/><V84/><F89/><W10/><G31/><T104/><D104/><U94/><E94/><V96/><F96/><W85/><G85/><T30/><D30/><U120/><E120/><V122/><F122/><W23/><G23/><T13/><D13/><U130/><E93/><V26/><F22/><RYUUKYOKU ba="0,0" sc="190,-15,456,15,216,15,138,-15" hai1="32,35,129,130,131,133,134" hai2="20,26,58,59,61,64,70,74,77,80,84,88,95" /><INIT seed="4,1,0,4,3,92" ten="175,471,231,123" oya="0" hai0="94,88,65,13,76,31,82,52,0,7,21,63,120" hai1="90,54,27,9,131,10,75,72,39,95,135,134,108" hai2="125,105,118,114,19,15,83,66,22,77,101,14,116" hai3="57,104,102,41,36,84,117,124,113,29,100,99,121" shuffle="mt19937ar,A5FA7E70,28BC376E,218060C0,862A9FD0,53D669EB,960F122F,FEF69480,E4B8DCA2"/><T18/><D18/><U111/><E131/><V123/><F123/><W128/><G102/><T35/><D35/><U50/><E39/><V96/><F66/><W103/><G100/><T67/><D67/><U55/><E27/><V119/><F125/><W8/><G103/><T115/><D115/><U47/><E55/><V70/><F114/><W5/><G84/><T74/><D74/><U16/><E75/><V23/><F70/><W3/><G41/><T126/><D126/><U132/><E72/><V46/><F46/><W40/><G57/><T17/><D17/><U6/><E6/><V110/><F110/><N who="1" m="42025" /><E16/><V129/><F129/><W60/><G40/><T32/><D32/><U109/><N who="1" m="42033" /><U34/><DORA hai="122" /><E34/><V130/><F130/><W78/><G60/><T133/><D133/><N who="1" m="34051" /><U1/><DORA hai="106" /><E1/><V24/><F22/><W71/><G78/><T37/><D37/><U45/><E45/><V68/><F68/><W25/><G99/><AGARI ba="1,0" hai="9,10,47,50,54,90,95,99" m="34051,42033" machi="99" ten="60,12000,2" yaku="20,1,52,5" doraHai="92,122,106" who="1" fromWho="3" sc="175,0,471,123,231,0,123,-123" /><INIT seed="5,0,0,3,5,82" ten="175,594,231,0" oya="1" hai0="112,52,38,1,103,78,114,63,121,20,117,60,132" hai1="12,41,129,126,75,39,35,36,94,71,50,102,40" hai2="51,24,43,116,4,23,57,115,22,21,88,127,8" hai3="106,101,80,83,73,18,122,72,9,67,96,62,17" shuffle="mt19937ar,F86DEE21,7CE3C449,1418D0D1,F73881BC,063E0FDD,A0A2BDC6,379F495D,6641EF3E"/><U27/><E129/><V108/><F116/><W131/><G67/><T10/><D10/><U70/><E126/><V2/><F108/><W93/><G62/><T32/><D32/><U91/><E75/><N who="3" m="28746" /><G9/><T130/><D130/><U89/><E102/><V92/><F127/><W81/><G131/><T99/><D99/><U42/><E50/><V54/><F115/><W44/><G44/><T100/><D100/><U16/><E91/><V49/><F43/><W56/><G56/><T25/><D25/><U34/><E27/><V55/><F23/><W6/><G6/><T30/><D30/><U74/><E74/><V59/><F24/><W3/><G3/><T120/><D120/><U128/><E128/><V64/><F64/><W118/><G17/><T97/><D97/><AGARI ba="0,0" hai="2,4,8,21,22,49,51,54,55,57,59,88,92,97" machi="97" ten="30,3900,0" yaku="7,1,9,1,54,1" doraHai="82" who="2" fromWho="0" sc="175,-39,594,0,231,39,0,0" /><INIT seed="6,0,0,3,1,99" ten="136,594,270,0" oya="2" hai0="44,100,20,58,124,24,34,43,51,103,26,50,10" hai1="117,113,52,12,134,67,28,70,78,1,97,86,45" hai2="23,21,48,77,39,41,116,47,120,73,84,37,121" hai3="35,62,106,4,53,109,132,96,9,119,82,14,92" shuffle="mt19937ar,A169B6BA,45DC3E06,52F2560C,FAFE3DF5,BE4407D5,F473B13D,306804E7,F8E006AA"/><V83/><F116/><W131/><G119/><T110/><D110/><U79/><E117/><V89/><F121/><W66/><G35/><T3/><D3/><U0/><E113/><V5/><F120/><W36/><G109/><T125/><D125/><U32/><E134/><V15/><F23/><W69/><G36/><T18/><D18/><U75/><E70/><V42/><F42/><W17/><G53/><T7/><D7/><U54/><E75/><V115/><F115/><W126/><G82/><T13/><D13/><U93/><E32/><V29/><F29/><W133/><G106/><T68/><D68/><U87/><E28/><V74/><F74/><W60/><G4/><T123/><D123/><U6/><E45/><V105/><F105/><W27/><G27/><T112/><D112/><U33/><E33/><V118/><F118/><W65/><G126/><T61/><D61/><U108/><E67/><V94/><F21/><W22/><G9/><T25/><D25/><U49/><E108/><V76/><F76/><W114/><G114/><T71/><D71/><U11/><E0/><V30/><REACH who="2" step="1"/><F30/><REACH who="2" step="2"/><W59/><G131/><T129/><D129/><U98/><E1/><V80/><F80/><W107/><G107/><T16/><D16/><U85/><E49/><V8/><AGARI ba="0,1" hai="5,8,15,37,39,41,47,48,73,77,83,84,89,94" machi="8" ten="30,6000,0" yaku="1,1,0,1,53,1" doraHai="99" doraHaiUra="46" who="2" fromWho="2" sc="136,-20,594,-20,260,70,0,-20" owari="116,-28,574,67,330,13,-20,-52" /></mjloggm>