<mjloggm ver="2.3"><GO type="97"/><UN n0="%72%61%69%64" n1="%4C%63%64" n2="%E3%82%A6%E3%83%AB%E3%83%88%E3%83%A9%E7%AB%8B%E7%9B%B4" n3="%E3%83%81%E3%83%A7%E3%83%B3%E5%A4%AA" dan="15,16,13,13" rate="1989,2022,1832,1841" sx="M,M,M,M"/><TAIKYOKU oya="0"/><INIT seed="0,0,0,1,4,80" ten="250,250,250,250" oya="0" hai0="29,96,84,26,79,53,44,37,40,55,25,68,8" hai1="19,90,4,33,89,36,11,12,104,124,30,62,82" hai2="17,42,16,91,7,135,93,63,31,52,107,46,92" hai3="111,103,116,73,27,133,38,98,113,109,9,54,95"/><T85/><D68/><U106/><E36/><V41/><F107/><W129/><G113/><T132/><D132/><U77/><E124/><V97/><F135/><W71/><G71/><T67/><D67/><U20/><E106/><V35/><F7/><W24/><G133/><T18/><D96/><U28/><E104/><V114/><F35/><W45/><G129/><T0/><D79/><U88/><E62/><V57/><F31/><W118/><G9/><T110/><D110/><N who="3" m="41993" /><G73/><T61/><D26/><N who="3" m="9769" /><G54/><T39/><D39/><U56/><E56/><V22/><F114/><W134/><G134/><T74/><D74/><U70/><E70/><V34/><F34/><W1/><G1/><T117/><D117/><U5/><E33/><V119/><F119/><W58/><G58/><T128/><D128/><U130/><E130/><V51/><F22/><W66/><G66/><T15/><D0/><U81/><E81/><V115/><F115/><W83/><G83/><T47/><D55/><U121/><E121/><V3/><F3/><W69/><G69/><T59/><REACH who="0" step="1"/><D47/><REACH who="0" step="2"/><U10/><E30/><V120/><F120/><W64/><G64/><T49/><D49/><U14/><E28/><V32/><F42/><AGARI ba="0,1" hai="38,42,45,95,98,103,116,118" m="9769,41993" machi="42" ten="30,1000,0" yaku="14,1" doraHai="80" who="3" fromWho="2" sc="240,0,250,0,250,-10,250,20" /><INIT seed="1,0,0,2,4,29" ten="240,250,240,270" oya="1" hai0="53,57,13,44,93,61,114,117,84,92,5,78,32" hai1="120,64,55,108,103,122,41,60,22,131,99,62,52" hai2="83,119,19,47,10,71,23,36,91,63,50,100,106" hai3="3,70,129,115,20,31,35,40,73,12,132,89,46"/><U72/><E72/><V107/><F36/><W128/><G73/><T65/><D117/><U48/><E131/><V76/><F119/><W77/><G77/><T37/><D114/><U4/><E41/><V87/><F10/><W2/><G115/><T28/><D28/><U14/><E108/><V27/><F71/><W85/><G70/><T79/><D32/><U11/><E22/><V42/><F63/><W124/><G124/><T16/><D5/><U38/><E38/><V133/><F133/><W18/><G132/><T134/><D134/><U110/><E110/><V105/><REACH who="2" step="1"/><F91/><REACH who="2" step="2"/><W130/><G89/><T125/><D37/><U26/><E62/><V113/><F113/><W121/><G121/><T45/><D125/><U81/><E60/><V69/><F69/><W112/><G112/><T1/><D78/><U86/><E11/><V88/><F88/><W24/><REACH who="3" step="1"/><G85/><REACH who="3" step="2"/><T104/><D84/><U15/><E86/><V123/><F123/><W74/><G74/><T75/><D79/><U95/><E120/><V80/><F80/><W9/><G9/><T96/><D75/><U54/><E81/><V118/><F118/><W7/><G7/><T56/><D1/><U126/><E4/><V135/><F135/><W58/><G58/><T33/><D56/><U67/><E122/><V68/><F68/><W51/><AGARI ba="0,2" hai="2,3,12,18,20,24,31,35,40,46,51,128,129,130" machi="51" ten="30,8000,1" yaku="1,1,0,1,19,1,52,1,53,1" doraHai="29" doraHaiUra="30" who="3" fromWho="3" sc="240,-20,250,-40,230,-20,260,100" /><INIT seed="2,0,0,5,5,21" ten="220,210,210,360" oya="2" hai0="83,96,105,102,61,22,8,42,107,59,50,14,40" hai1="111,120,98,10,1,19,94,32,48,37,123,29,89" hai2="5,17,66,128,38,100,28,34,30,7,116,84,0" hai3="93,130,58,57,18,54,71,60,53,2,81,13,114"/><V112/><F66/><W85/><G114/><T9/><D107/><U36/><E111/><V70/><F70/><W33/><G130/><T62/><D62/><U51/><E29/><N who="2" m="11371" /><F38/><W97/><G71/><T91/><D22/><U44/><E32/><V52/><F84/><W127/><G2/><T55/><D8/><U122/><E48/><V11/><F100/><N who="3" m="60463" /><G127/><T77/><D91/><U4/><REACH who="1" step="1"/><E19/><REACH who="1" step="2"/><V108/><F108/><W72/><G33/><T118/><D50/><U15/><E15/><N who="2" m="7423" /><F112/><W27/><G13/><T35/><D35/><U129/><E129/><V76/><F128/><W39/><G18/><T31/><D31/><U6/><E6/><N who="2" m="2059" /><F116/><W115/><G39/><T3/><D118/><U121/><N who="1" m="31232" /><DORA hai="63" /><U124/><E124/><V126/><F126/><W25/><G115/><T132/><D61/><U16/><E16/><V24/><F0/><W69/><G60/><T23/><D3/><U133/><E133/><V103/><F34/><W74/><G74/><T45/><D132/><U78/><E78/><V104/><F76/><W26/><G72/><T43/><D77/><U131/><E131/><V68/><F68/><W65/><G69/><T12/><D12/><U41/><AGARI ba="0,1" hai="1,4,10,36,37,41,44,51,89,94,98" m="31232" machi="41" ten="60,8000,1" yaku="1,1,0,1,13,1,53,1" doraHai="21,63" doraHaiUra="64,90" who="1" fromWho="1" sc="220,-20,200,90,210,-40,360,-20" /><INIT seed="3,0,0,2,5,31" ten="200,290,170,340" oya="3" hai0="10,72,13,49,0,28,32,4,53,67,85,116,86" hai1="3,77,1,111,120,74,42,84,118,5,108,63,68" hai2="134,2,66,75,64,80,127,110,73,95,33,106,30" hai3="37,122,119,24,44,34,98,48,135,46,129,50,109"/><W113/><G98/><T132/><D72/><U11/><E120/><V133/><F2/><W91/><G34/><T21/><D116/><U117/><E84/><V55/><F106/><W93/><G24/><T14/><D67/><N who="2" m="25642" /><F55/><W8/><G8/><T58/><D132/><N who="2" m="50794" /><F127/><W79/><G79/><T88/><D86/><U23/><E42/><V12/><F12/><W51/><G37/><T69/><D69/><U16/><E3/><V25/><F95/><W61/><G129/><T56/><D32/><U89/><E68/><V105/><F105/><W9/><G109/><N who="1" m="42058" /><E63/><V123/><F110/><W115/><G61/><T39/><D0/><U70/><E70/><V96/><F96/><W7/><G119/><N who="1" m="45578" /><E89/><V57/><F57/><W126/><G91/><T35/><D58/><U45/><E45/><V43/><F43/><W104/><G46/><T114/><D56/><U20/><E77/><N who="2" m="44079" /><F123/><W82/><G44/><T131/><D131/><U92/><E92/><V29/><F29/><W124/><G93/><T90/><D28/><U47/><E47/><V26/><F26/><W102/><G104/><T99/><D99/><U71/><E71/><V94/><F94/><W128/><G126/><T52/><D90/><U40/><E40/><V65/><N who="2" m="25650" /><V38/><DORA hai="121" /><F75/><W100/><G135/><T17/><D53/><U83/><E74/><V19/><F38/><W125/><G125/><T97/><D39/><U60/><E83/><V78/><F78/><W76/><G76/><T87/><D97/><U81/><E81/><V103/><F103/><W59/><G102/><T15/><D88/><RYUUKYOKU ba="0,0" sc="200,-10,290,-10,170,30,340,-10" hai2="19,25,30,33" owari="190,-21,280,3,200,-15,330,33" /></mjloggm>