<mjloggm ver="2.3"><GO type="97"/><UN n0="%E3%82%A6%E3%83%AB%E3%83%88%E3%83%A9%E7%AB%8B%E7%9B%B4" n1="%E6%83%91%E3%80%85%E3%81%95%E3%81%9B%E3%81%A6%E3%82%88" n2="%79%6D%34%30%34%30" n3="%E6%B0%B8%E4%B8%96%E5%8D%81%E6%AE%B5%E9%89%84%E6%9D%BF%E5%BC%B7%E8%80%85" dan="13,14,13,14" rate="1821,1907,1825,1948" sx="M,M,M,M"/><TAIKYOKU oya="0"/><INIT seed="0,0,0,1,3,74" ten="250,250,250,250" oya="0" hai0="71,14,38,82,103,48,77,32,21,128,112,26,44" hai1="127,30,73,135,40,61,78,66,23,90,116,29,87" hai2="131,3,132,129,64,99,65,24,96,98,60,115,37" hai3="62,101,86,104,113,59,1,70,124,33,111,58,34" shuffle="mt19937ar,58F7C350,2ADDA0B5,934945EA,E72E4847,B1D8C821,36BA928D,1EF2FF22,97DAF4C1"/><T49/><D71/><U2/><E116/><V94/><F115/><W11/><G113/><T0/><D112/><U121/><E121/><V51/><F37/><W102/><G34/><T76/><D0/><U130/><E2/><V15/><F3/><W119/><G33/><T12/><D32/><U54/><E40/><V19/><F132/><W4/><G119/><T95/><D38/><U72/><E135/><V63/><F24/><W110/><G86/><T45/><D128/><N who="2" m="49226" /><F51/><N who="0" m="19530" /><D82/><U97/><E130/><V42/><F42/><W20/><G104/><T91/><D103/><U5/><E5/><V25/><F94/><W100/><G124/><T50/><N who="0" m="19538" /><T46/><DORA hai="81" /><D14/><U85/><E127/><V108/><F25/><W57/><REACH who="3" step="1"/><G20/><REACH who="3" step="2"/><T122/><D122/><U114/><E23/><N who="2" m="11775" /><F108/><W35/><G35/><T133/><D133/><U80/><E114/><V134/><F134/><W83/><G83/><T117/><D117/><U106/><E80/><V123/><F123/><W109/><G109/><T67/><D12/><U107/><E106/><V75/><F75/><W36/><G36/><T93/><D21/><U7/><E107/><V28/><F28/><W126/><G126/><T69/><D26/><U89/><E73/><V79/><F79/><W9/><G9/><T105/><D105/><U92/><E78/><V13/><F13/><W6/><G6/><T120/><D120/><U18/><E7/><V55/><F99/><W43/><G43/><T31/><D77/><U10/><E72/><V39/><F39/><W22/><G22/><T47/><N who="0" m="11776" /><DORA hai="88" /><T68/><D76/><RYUUKYOKU ba="0,1" sc="250,-10,250,-10,250,-10,240,30" hai3="1,4,11,57,58,59,62,70,100,101,102,110,111" /><INIT seed="1,1,1,0,2,21" ten="240,240,240,270" oya="1" hai0="119,135,105,89,37,98,100,36,38,8,62,12,132" hai1="31,95,118,66,6,99,42,97,110,24,69,54,131" hai2="20,44,130,46,35,94,13,15,73,27,9,2,124" hai3="3,116,122,58,11,81,32,29,74,26,43,63,107" shuffle="mt19937ar,23B3DBA5,49292D66,F4D4FC55,CFF5AC11,96B7A203,97144CA0,D7F21922,AAF07554"/><U28/><E118/><V48/><F73/><W96/><G116/><T7/><D119/><U90/><E42/><V115/><F115/><W84/><G122/><T108/><D108/><U16/><E6/><V86/><F124/><W104/><G74/><T23/><D89/><U128/><E110/><V22/><F130/><N who="1" m="49705" /><E97/><V79/><F2/><W82/><G43/><T126/><D126/><U106/><E106/><V49/><F35/><W103/><G107/><T83/><D83/><U19/><E54/><V56/><F56/><W111/><G111/><T125/><D125/><U80/><E80/><N who="2" m="47391" /><F94/><W55/><G3/><T47/><D47/><N who="2" m="17962" /><F20/><W59/><G11/><T120/><D120/><U18/><E24/><V4/><F15/><W133/><G133/><T50/><D50/><U71/><E66/><V93/><F93/><W75/><G75/><T127/><D127/><U14/><E14/><V30/><AGARI ba="1,1" hai="4,9,13,22,27,30,48,49" m="17962,47391" machi="30" ten="30,2000,0" yaku="8,1,52,1" doraHai="21" who="2" fromWho="2" sc="240,-6,240,-11,240,33,270,-6" /><INIT seed="2,0,0,3,4,79" ten="234,229,273,264" oya="2" hai0="61,68,75,27,70,28,80,130,54,97,127,36,24" hai1="112,48,16,41,84,15,9,14,0,103,91,132,43" hai2="96,49,104,126,119,98,125,76,52,39,59,26,20" hai3="102,73,92,109,6,116,121,10,63,11,134,120,106" shuffle="mt19937ar,0836816D,6921A7AF,F75A4448,FFAE2D41,07A638B1,DC8D01D3,9039A579,CAC5B840"/><V46/><F119/><W58/><G116/><T4/><D36/><U81/><E112/><V8/><F8/><W2/><G73/><T100/><D127/><N who="2" m="48650" /><F104/><W33/><G33/><T101/><D130/><U94/><E0/><V129/><F129/><W124/><G106/><T18/><D4/><N who="1" m="3367" /><E132/><V123/><F123/><W131/><G134/><T45/><D68/><U5/><E5/><V3/><F3/><W113/><G10/><T69/><D69/><U67/><E67/><V30/><F76/><W82/><G131/><T17/><D70/><U128/><E128/><V111/><F111/><W44/><G109/><T40/><D40/><AGARI ba="0,0" hai="20,26,30,39,40,46,49,52,59,96,98" m="48650" machi="40" ten="30,2900,0" yaku="18,1,54,1" doraHai="79" who="2" fromWho="0" sc="234,-29,229,0,273,29,264,0" /><INIT seed="2,1,0,5,3,115" ten="205,229,302,264" oya="2" hai0="80,98,1,35,32,95,100,135,107,83,5,88,96" hai1="57,70,36,67,122,113,124,97,110,58,49,2,114" hai2="25,133,73,85,81,82,112,33,14,23,68,11,86" hai3="103,126,119,129,108,72,71,74,29,4,84,19,127" shuffle="mt19937ar,F9EF0136,103C421E,7AF5553C,7B4EDEDE,5A38CAF2,35EE44FF,904A9A38,3D6B6225"/><V118/><F112/><N who="1" m="43113" /><E2/><V42/><F33/><W8/><G71/><T77/><D5/><U0/><E97/><V30/><F68/><W31/><G103/><N who="0" m="62951" /><D32/><U15/><E0/><V105/><F105/><W106/><G106/><N who="0" m="63767" /><D35/><U102/><E15/><V41/><F73/><N who="3" m="28267" /><G84/><N who="2" m="32361" /><F133/><W92/><G92/><T28/><D28/><N who="3" m="10825" /><G19/><T53/><D53/><U20/><E102/><V16/><F118/><W3/><G119/><T109/><D1/><U99/><E99/><V134/><F134/><W37/><G37/><T117/><D135/><U34/><E34/><V101/><F101/><W120/><G120/><T132/><D132/><U93/><E93/><V26/><F26/><W89/><G89/><T62/><D62/><N who="1" m="40311" /><E20/><V75/><F75/><W13/><G3/><T9/><D9/><U6/><E6/><V38/><F38/><W51/><G8/><T59/><D77/><U44/><E122/><V63/><F63/><W40/><G4/><T65/><D83/><AGARI ba="1,0" hai="11,14,16,23,25,30,41,42,81,82,83" m="32361" machi="83" ten="30,2900,0" yaku="8,1,54,1" doraHai="115" who="2" fromWho="0" sc="205,-32,229,0,302,32,264,0" /><INIT seed="2,2,0,0,2,125" ten="173,229,334,264" oya="2" hai0="18,3,86,122,116,90,46,61,15,6,35,66,67" hai1="8,7,128,0,104,126,41,5,83,33,85,105,131" hai2="98,68,25,60,4,23,96,77,58,14,106,133,56" hai3="12,24,49,81,26,31,115,43,88,89,119,103,28" shuffle="mt19937ar,585857DD,18C704AA,B650A80C,3A60BD2C,4E44AFBC,BE271F75,B5AE3539,EFD5DDED"/><V69/><F133/><W110/><G119/><T59/><D35/><U102/><E126/><V112/><F112/><W70/><G70/><T1/><D116/><U45/><E33/><V107/><F77/><W108/><G103/><T76/><D122/><U29/><E29/><V13/><F23/><W50/><G49/><T38/><D6/><U53/><E53/><V99/><F4/><W2/><G115/><T118/><D118/><U94/><E5/><V63/><F96/><W93/><G50/><T92/><D67/><U127/><E127/><V74/><F25/><W39/><G2/><T80/><D46/><U34/><E34/><V19/><F19/><W10/><G81/><T54/><D66/><U117/><E117/><V16/><F16/><N who="3" m="8215" /><G26/><T73/><REACH who="0" step="1"/><D38/><REACH who="0" step="2"/><N who="1" m="21687" /><E102/><V91/><F91/><W87/><G89/><T82/><D82/><U78/><E94/><V71/><F71/><W130/><G39/><T113/><D113/><U37/><E37/><V27/><F27/><W121/><G24/><T124/><D124/><U40/><E40/><V57/><F57/><W97/><G43/><T120/><D120/><U84/><E84/><V101/><F101/><N who="3" m="60591" /><G121/><T32/><D32/><U52/><E52/><V129/><F74/><W95/><G28/><T64/><D64/><U36/><E36/><V132/><F132/><W21/><G31/><T62/><D62/><U9/><E9/><AGARI ba="2,1" hai="1,3,9,15,18,54,59,61,73,76,80,86,90,92" machi="9" ten="30,2000,0" yaku="1,1,7,1,53,0" doraHai="125" doraHaiUra="30" who="0" fromWho="1" sc="163,36,229,-26,334,0,264,0" /><INIT seed="3,0,0,5,3,113" ten="199,203,334,264" oya="3" hai0="27,69,105,114,103,29,52,100,86,38,53,119,90" hai1="93,97,61,123,95,91,23,20,125,121,71,6,73" hai2="132,111,131,101,65,49,64,107,7,39,124,11,46" hai3="2,112,56,16,18,0,68,82,116,117,15,32,60" shuffle="mt19937ar,E4C3D391,EEEF880A,544BB811,F751C0F8,1A907EA8,354A897F,3811DD82,32CDF63F"/><W106/><G68/><T108/><D38/><U118/><E73/><V40/><F111/><W85/><G106/><T79/><D69/><U45/><E6/><V33/><F124/><W24/><G112/><T3/><D119/><U96/><E125/><V9/><F131/><W36/><G36/><T57/><D3/><U25/><E45/><V22/><F33/><W59/><G59/><T77/><D108/><U14/><E14/><V128/><F128/><W58/><G58/><T126/><D126/><U89/><E118/><V44/><F132/><W55/><G0/><T54/><D57/><U4/><E4/><V83/><F83/><W88/><G2/><T12/><D12/><U76/><E76/><N who="0" m="29257" /><D105/><U42/><E42/><V5/><F22/><W31/><G18/><T19/><D29/><U70/><E61/><V74/><F74/><W127/><G127/><T98/><D98/><U26/><AGARI ba="0,0" hai="20,23,25,26,70,71,89,91,93,95,96,97,121,123" machi="26" ten="25,3200,0" yaku="0,1,22,2" doraHai="113" who="1" fromWho="1" sc="199,-8,203,32,334,-8,264,-16" owari="191,-21,235,-11,326,32,248,0" /></mjloggm>