<mjloggm ver="2.3"><GO type="97"/><UN n0="%E3%82%A6%E3%83%AB%E3%83%88%E3%83%A9%E7%AB%8B%E7%9B%B4" n1="%4E%4B%46" n2="%E9%A3%9B%E6%9C%AB%E6%AD%A6%E5%BF%97" n3="%38%32%36%34" dan="13,13,15,14" rate="1838,1937,1995,1929" sx="M,M,M,M"/><TAIKYOKU oya="0"/><INIT seed="0,0,0,4,5,78" ten="250,250,250,250" oya="0" hai0="76,95,73,15,131,110,104,26,79,99,25,133,122" hai1="93,123,16,89,71,83,17,72,106,90,31,124,58" hai2="98,27,36,88,10,3,2,6,61,68,81,117,9" hai3="108,82,40,103,21,30,134,53,39,91,33,45,75"/><T84/><D15/><U100/><E123/><V46/><F117/><W69/><G134/><T94/><D25/><U135/><E71/><V0/><F27/><W37/><G108/><T50/><D26/><U24/><E135/><V105/><F105/><W121/><G69/><T14/><D14/><U43/><E43/><V62/><F68/><W48/><G33/><T113/><D50/><U5/><E5/><V132/><F132/><W22/><G30/><T118/><D133/><U125/><E58/><V29/><F29/><W127/><G121/><T87/><D122/><U64/><E64/><V97/><F36/><W119/><G119/><T70/><D70/><U42/><E42/><V96/><F46/><W67/><G67/><T11/><D11/><U128/><E100/><V52/><F52/><W23/><G103/><N who="0" m="62591" /><D118/><U57/><E57/><V114/><F114/><W56/><G127/><N who="1" m="48714" /><E106/><V130/><F130/><W66/><G66/><T112/><D131/><U34/><E128/><V28/><F28/><W19/><G91/><N who="1" m="34826" /><E93/><N who="0" m="35337" /><D110/><U101/><E101/><V86/><F0/><W18/><REACH who="3" step="1"/><G37/><REACH who="3" step="2"/><T120/><D120/><U4/><E4/><AGARI ba="0,1" hai="2,3,4,6,9,10,61,62,81,86,88,96,97,98" machi="4" ten="40,5200,0" yaku="9,1,52,1,54,1" doraHai="78" who="2" fromWho="1" sc="250,0,250,-52,250,62,240,0" /><INIT seed="1,0,0,1,5,82" ten="250,198,312,240" oya="1" hai0="119,93,101,38,4,72,89,57,81,11,85,71,65" hai1="36,34,117,0,79,8,100,59,3,116,135,56,76" hai2="122,118,62,58,112,44,21,113,70,17,74,107,22" hai3="52,130,20,63,77,30,99,126,43,45,26,120,50"/><U25/><E36/><V69/><F122/><W6/><G120/><T127/><D71/><N who="2" m="27146" /><F107/><W66/><G130/><T29/><D38/><U49/><E100/><V61/><F74/><W7/><G126/><T133/><D119/><N who="1" m="45643" /><E49/><V90/><F118/><W53/><G77/><N who="1" m="29770" /><E8/><V39/><F17/><W51/><G99/><N who="0" m="59631" /><D72/><U2/><E25/><V35/><F35/><W97/><G97/><T95/><D127/><U23/><E23/><V12/><F12/><W13/><G43/><T47/><D47/><U96/><E34/><V124/><F90/><W106/><G106/><T48/><D29/><U129/><E96/><V80/><F80/><W31/><G31/><T84/><D133/><U73/><E73/><V75/><F75/><W88/><G13/><N who="0" m="5351" /><D81/><U1/><N who="1" m="512" /><DORA hai="24" /><U128/><E135/><V28/><F28/><W14/><G14/><T19/><D19/><U131/><AGARI ba="0,0" hai="56,59,128,129,131" m="512,29770,45643" machi="131" ten="70,12000,1" yaku="28,2,19,1" doraHai="82,24" who="1" fromWho="1" sc="250,-40,198,120,312,-40,240,-40" /><INIT seed="1,1,0,1,2,133" ten="210,318,272,200" oya="1" hai0="87,33,112,43,78,122,45,37,41,11,127,130,10" hai1="19,48,99,50,16,54,29,98,14,32,92,15,74" hai2="81,79,5,25,72,85,34,121,58,88,24,114,30" hai3="131,18,100,126,97,75,27,1,71,76,46,119,94"/><U95/><E74/><V55/><F121/><W2/><G71/><T59/><D33/><U38/><E38/><V64/><F64/><W80/><G119/><T13/><D112/><U22/><E32/><V21/><F114/><W107/><G131/><T6/><D130/><U111/><E29/><V96/><F96/><N who="1" m="36905" /><E111/><V70/><F70/><W102/><G102/><T84/><D122/><U26/><E26/><V9/><F25/><W51/><G126/><T93/><D43/><U123/><E123/><V109/><F109/><W42/><G94/><N who="1" m="35882" /><E54/><V3/><F72/><W106/><G106/><T110/><D110/><U118/><E118/><V67/><F67/><W125/><G125/><T60/><D127/><U53/><E53/><V66/><F66/><W31/><G18/><N who="1" m="6698" /><E22/><AGARI ba="1,0" hai="1,2,22,27,31,42,46,51,75,76,80,97,100,107" machi="22" ten="30,1000,0" yaku="7,1" doraHai="133" who="3" fromWho="1" sc="210,0,318,-13,272,0,200,13" /><INIT seed="2,0,0,0,4,8" ten="210,305,272,213" oya="2" hai0="32,117,121,89,124,84,83,40,128,21,115,64,82" hai1="116,0,76,17,54,11,52,30,28,104,38,109,7" hai2="44,69,13,12,19,36,126,101,67,18,68,98,112" hai3="23,91,24,3,31,87,53,1,73,95,16,29,74"/><V125/><F112/><W96/><G74/><T46/><D32/><U107/><E116/><V6/><F6/><W51/><G73/><T61/><D121/><U111/><E38/><V60/><F69/><W63/><G1/><T56/><D115/><U15/><E76/><V33/><F33/><W47/><G3/><T26/><D117/><U93/><E93/><V45/><F36/><W81/><REACH who="3" step="1"/><G63/><REACH who="3" step="2"/><T20/><D124/><U42/><E42/><V70/><F126/><W114/><G114/><T127/><D127/><U133/><E133/><V65/><F125/><W79/><AGARI ba="0,1" hai="16,23,24,29,31,47,51,53,79,81,87,91,95,96" machi="79" ten="20,8000,1" yaku="1,1,0,1,7,1,8,1,54,1,53,0" doraHai="8" doraHaiUra="119" who="3" fromWho="3" sc="210,-20,305,-20,272,-40,203,90" /><INIT seed="3,0,0,4,5,124" ten="190,285,232,293" oya="3" hai0="15,18,6,22,53,92,79,121,85,115,128,27,16" hai1="91,93,13,17,100,9,84,14,122,78,127,12,123" hai2="112,1,40,77,99,50,104,38,3,45,0,25,52" hai3="129,133,66,111,118,62,107,54,34,76,48,2,51"/><W43/><G118/><T42/><D121/><U130/><E127/><V96/><F112/><W57/><G34/><T20/><D115/><U101/><E13/><V32/><F77/><W31/><G107/><T24/><D42/><U102/><E130/><V8/><F8/><W30/><G2/><T109/><D109/><U68/><E68/><V41/><F104/><W67/><G111/><T5/><D128/><U37/><E37/><V94/><F99/><W36/><G129/><T132/><D132/><U113/><E113/><V80/><F80/><W64/><G133/><T120/><D120/><U108/><E108/><V98/><F98/><W75/><G75/><T56/><D15/><U83/><REACH who="1" step="1"/><E14/><REACH who="1" step="2"/><V47/><F32/><W44/><G76/><T21/><D21/><U117/><E117/><V7/><F7/><W61/><G36/><T28/><D28/><AGARI ba="0,1" hai="28,30,31,43,44,48,51,54,57,61,62,64,66,67" machi="28" ten="40,2000,0" yaku="8,1" doraHai="124" who="3" fromWho="0" sc="190,-20,275,0,232,0,293,30" owari="170,-23,275,3,232,-12,323,32" /></mjloggm>