<mjloggm ver="2.3"><GO type="9"/><UN n0="%E6%B7%80%E3%81%AF%E3%82%8B%E3%81%BF" n1="%6E%61%74%73%75%6F" n2="%6B%61%73%61%67%6F" n3="%E3%82%A6%E3%83%AB%E3%83%88%E3%83%A9%E7%AB%8B%E7%9B%B4" dan="6,10,10,3" rate="1646,1442,1343,1568" sx="M,M,M,M"/><TAIKYOKU oya="0"/><INIT seed="0,0,0,0,1,127" ten="250,250,250,250" oya="0" hai0="66,94,15,11,67,16,10,90,84,70,88,49,115" hai1="131,114,79,59,32,121,91,51,96,132,5,17,46" hai2="47,44,71,45,31,0,69,53,119,128,29,87,1" hai3="75,36,77,21,111,26,76,58,19,37,101,35,112" shuffle="mt19937ar,AC85512D,7F7F0409,A23AB730,80D177C4,F7C0C4CA,DB5921CB,B75DE643,748B697C"/><T62/><D115/><U116/><E116/><V107/><F119/><W97/><G112/><T74/><D74/><U86/><E121/><V33/><F107/><W72/><G35/><T20/><D67/><U14/><E32/><V27/><F53/><W93/><G111/><T25/><D49/><U7/><E132/><V68/><F87/><W109/><G109/><T110/><D110/><U104/><E104/><V80/><F80/><W13/><G75/><T30/><REACH who="0" step="1"/><D90/><REACH who="0" step="2"/><U40/><E114/><V64/><F64/><W106/><G72/><T2/><D2/><U83/><E79/><V82/><F82/><W123/><G37/><T4/><D4/><U105/><E7/><V98/><F98/><W38/><G36/><T122/><D122/><U73/><E5/><V95/><F95/><W9/><G38/><T118/><D118/><U43/><E73/><V56/><F56/><W129/><G123/><T120/><D120/><U92/><E105/><V6/><F6/><W134/><G106/><T61/><D61/><U135/><E59/><V63/><F63/><W124/><G58/><T28/><D28/><U24/><E135/><V52/><F52/><W48/><G134/><T113/><D113/><U34/><E43/><V89/><F89/><W12/><G77/><T108/><D108/><U57/><E57/><V60/><F60/><W78/><G76/><T42/><D42/><U126/><E91/><V55/><F55/><W99/><G78/><T23/><AGARI ba="0,1" hai="10,11,15,16,20,23,25,30,62,66,70,84,88,94" machi="23" ten="20,12000,1" yaku="1,1,0,1,7,1,54,2,53,0" doraHai="127" doraHaiUra="41" who="0" fromWho="0" sc="240,130,250,-40,250,-40,250,-40" /><INIT seed="0,1,0,2,3,51" ten="370,210,210,210" oya="0" hai0="127,0,108,123,64,119,129,45,109,117,74,41,32" hai1="15,63,13,9,76,31,89,60,69,134,122,128,10" hai2="53,59,91,68,34,100,99,58,114,125,83,118,82" hai3="75,111,30,33,17,3,87,81,113,11,37,26,25" shuffle="mt19937ar,1BC0A395,407344D2,596679AE,D7CE2CCE,410EF41C,A2809354,8BEB5ABF,DA1E9A27"/><T124/><D0/><U57/><E122/><V42/><F114/><W65/><G65/><T47/><D32/><U102/><E128/><V55/><F125/><W43/><G87/><T121/><D74/><U73/><E134/><V70/><F118/><N who="0" m="45066" /><D64/><U18/><E102/><V84/><F34/><W133/><G17/><T2/><D2/><U44/><E76/><V77/><F42/><W96/><G25/><T20/><D20/><U28/><E73/><V6/><F6/><W107/><G113/><T56/><D129/><U86/><E69/><V126/><F126/><N who="0" m="48170" /><D56/><U8/><E44/><N who="0" m="16969" /><D41/><U115/><E63/><V90/><F77/><W4/><G43/><T49/><D49/><U131/><E115/><V66/><F66/><W71/><G71/><T135/><D135/><U93/><E131/><V67/><F67/><W7/><G133/><T61/><D61/><U24/><E24/><V105/><F105/><W35/><G33/><T21/><D21/><U78/><E78/><V97/><F84/><W101/><G7/><T22/><D22/><U14/><REACH who="1" step="1"/><E18/><REACH who="1" step="2"/><V16/><REACH who="2" step="1"/><F16/><REACH who="2" step="2"/><W52/><G75/><T36/><D36/><U120/><E120/><AGARI ba="1,2" hai="108,109,120,121,123" m="16969,48170,45066" machi="120" ten="40,12000,1" yaku="28,2,18,1,34,2" doraHai="51" who="0" fromWho="1" sc="370,143,200,-123,200,0,210,0" /><INIT seed="0,2,0,2,0,126" ten="513,77,200,210" oya="0" hai0="3,10,111,28,104,27,129,42,38,48,101,109,51" hai1="87,15,65,50,56,70,0,135,14,130,18,5,97" hai2="58,36,7,83,85,69,4,16,122,93,95,105,106" hai3="84,52,98,80,108,82,92,121,53,131,6,89,134" shuffle="mt19937ar,5B1A918B,82DC78CB,CBB9E291,A6712A9D,0501544E,716AE330,B2C3DE7E,CC953B19"/><T32/><D129/><U2/><E70/><V66/><F122/><W31/><G31/><T124/><D124/><U88/><E135/><V132/><F132/><W20/><G134/><T55/><D38/><U21/><E97/><V94/><F36/><W118/><G6/><T77/><D77/><U34/><E34/><V128/><F69/><W107/><G20/><T78/><D78/><U67/><E2/><V61/><F128/><W26/><G26/><T8/><D42/><U39/><E0/><V63/><F16/><W110/><G131/><T123/><D123/><U71/><E39/><V1/><F1/><W37/><G37/><T17/><D104/><U125/><E71/><V68/><F68/><W81/><G53/><T120/><D120/><U46/><E125/><V60/><F66/><W127/><G52/><T113/><D113/><U103/><E103/><V91/><REACH who="2" step="1"/><F58/><REACH who="2" step="2"/><W22/><G127/><T45/><D3/><U12/><E130/><V99/><F99/><W54/><G121/><T44/><D17/><U62/><E5/><AGARI ba="2,1" hai="4,5,7,60,61,63,83,85,91,93,94,95,105,106" machi="5" ten="40,1300,0" yaku="1,1,53,0" doraHai="126" doraHaiUra="64" who="2" fromWho="1" sc="513,0,77,-19,190,29,210,0" /><INIT seed="1,0,0,2,4,78" ten="513,58,219,210" oya="1" hai0="5,10,59,53,20,12,100,107,135,76,31,70,88" hai1="65,18,82,86,33,7,93,121,125,6,126,130,39" hai2="54,35,30,45,114,27,104,120,115,22,50,51,47" hai3="32,124,42,92,61,98,128,46,110,102,116,80,73" shuffle="mt19937ar,B14E95AB,03B6FB3E,0853D6D9,358A08CF,A6C48D2A,18B48E74,0B7FA8C2,B74BCD38"/><U101/><E121/><V113/><F104/><W57/><G32/><T48/><D135/><U111/><E39/><V37/><F37/><W109/><G116/><T90/><D70/><U85/><E33/><V134/><F134/><W58/><G124/><N who="1" m="47722" /><E65/><V36/><F36/><W103/><G103/><T119/><D119/><U63/><E63/><V11/><F120/><W13/><G13/><T14/><D76/><N who="1" m="46279" /><E18/><V55/><REACH who="2" step="1"/><F11/><REACH who="2" step="2"/><W68/><G68/><T108/><D108/><U17/><E17/><V60/><F60/><W69/><G61/><T112/><D112/><U23/><E23/><AGARI ba="0,1" hai="22,23,27,30,35,45,47,50,51,54,55,113,114,115" machi="23" ten="40,5200,0" yaku="1,1,9,1,11,1,53,0" doraHai="78" doraHaiUra="56" who="2" fromWho="1" sc="513,0,58,-52,209,62,210,0" /><INIT seed="2,0,0,1,4,47" ten="513,6,271,210" oya="2" hai0="119,44,79,60,113,90,67,91,39,57,86,134,28" hai1="36,29,38,80,93,56,75,133,12,4,92,123,108" hai2="130,50,94,40,5,132,98,16,114,69,46,58,124" hai3="32,27,7,103,102,99,6,10,97,88,49,135,63" shuffle="mt19937ar,E8A7C4BE,69FE30A2,02A213C9,1E03915E,CB2BD77D,FAD62EA6,D625FFA6,54F62302"/><V23/><F114/><W9/><G27/><T48/><D113/><U11/><E108/><V51/><F5/><W109/><G32/><T105/><D119/><U64/><E75/><V127/><F69/><W21/><G21/><T34/><D134/><U82/><E133/><V26/><F132/><W116/><G116/><T37/><D105/><U84/><E38/><V72/><F72/><W33/><G33/><T43/><D79/><U125/><E36/><V83/><F130/><W52/><G135/><T41/><D28/><U87/><E123/><V30/><F30/><W112/><G63/><T2/><D2/><U20/><E125/><V1/><F1/><W45/><G112/><T106/><D106/><U68/><E68/><V22/><F22/><W74/><G74/><T71/><D34/><U129/><E129/><V73/><F73/><W100/><G109/><T54/><D86/><U78/><E64/><V53/><REACH who="2" step="1"/><F83/><REACH who="2" step="2"/><W70/><G70/><T24/><D24/><N who="1" m="16519" /><E56/><V117/><F117/><W17/><G17/><T76/><D76/><AGARI ba="0,1" hai="4,11,12,76,78,80,82,84,87,92,93" m="16519" machi="76" ten="30,1000,0" yaku="8,1" doraHai="47" who="1" fromWho="0" sc="513,-10,6,20,261,0,210,0" /><INIT seed="3,0,0,5,1,63" ten="503,26,261,210" oya="3" hai0="55,134,100,103,77,110,22,86,10,130,97,120,98" hai1="74,4,13,71,68,116,31,16,111,17,46,132,80" hai2="83,48,78,67,129,41,96,75,29,101,3,40,2" hai3="92,18,43,60,21,33,91,25,39,26,12,88,8" shuffle="mt19937ar,9C8C4816,1B7005BC,52BB9EFB,A4EF3E5E,C01A8E3C,9B4D9D48,D3EF3270,35FD9939"/><W135/><G135/><T35/><D120/><U95/><E132/><V37/><F129/><W64/><G43/><T62/><D130/><U84/><E74/><V122/><F122/><W65/><G39/><T30/><D134/><U51/><E111/><V15/><F37/><W76/><G76/><T131/><D131/><U73/><E73/><V69/><F29/><W82/><G33/><T53/><D110/><U90/><E116/><V124/><F124/><W1/><G1/><T19/><D35/><U102/><E31/><V106/><F15/><W14/><G60/><T28/><D10/><U47/><E4/><V32/><F32/><W72/><G72/><T54/><D62/><U117/><E117/><V126/><F126/><W24/><G82/><T115/><D115/><U5/><E5/><V7/><F7/><N who="3" m="3103" /><G91/><T123/><D123/><U125/><E125/><V0/><F48/><W11/><G11/><T52/><D77/><U58/><E17/><V99/><F99/><AGARI ba="0,0" hai="14,18,21,24,25,26,64,65,88,92,99" m="3103" machi="99" ten="30,11600,0" yaku="8,1,52,2,54,1" doraHai="63" who="3" fromWho="2" sc="503,0,26,0,261,-116,210,116" /><INIT seed="3,1,0,3,2,85" ten="503,26,145,326" oya="3" hai0="24,109,134,123,6,94,125,54,38,105,127,25,114" hai1="100,21,3,19,104,53,122,30,68,26,78,56,120" hai2="88,72,107,113,15,118,102,112,37,40,116,18,28" hai3="50,9,60,124,108,75,131,99,84,51,63,0,7" shuffle="mt19937ar,C11C3AC6,DD888D51,741C8F83,59DF9496,3A9B27BD,26F4E6AB,44AF40E4,6570566B"/><W71/><G75/><T5/><D123/><U132/><E132/><V52/><F37/><W57/><G99/><T110/><D134/><U46/><E68/><V86/><F40/><W87/><G124/><N who="0" m="47691" /><D114/><U111/><E3/><V35/><F72/><W135/><G135/><T128/><D105/><U17/><E78/><V83/><F35/><W42/><G131/><T36/><D128/><U66/><E104/><V27/><F112/><W59/><G71/><T10/><D94/><U55/><E100/><V1/><F113/><W2/><G108/><N who="0" m="41579" /><D54/><U33/><E111/><V96/><F1/><W101/><G101/><T31/><D10/><U97/><E97/><V39/><F39/><N who="0" m="14890" /><D31/><U67/><E122/><V81/><F81/><W130/><G130/><T47/><D47/><U34/><E120/><V92/><F28/><W64/><G42/><T43/><D43/><U8/><E8/><V70/><F70/><W20/><G20/><T80/><D80/><U95/><E33/><V126/><F126/><W74/><G74/><T91/><D91/><U29/><E34/><V89/><F27/><AGARI ba="1,0" hai="5,6,24,25,27" m="14890,41579,47691" machi="27" ten="40,8000,1" yaku="28,2,18,1,14,1" doraHai="85" who="0" fromWho="2" sc="503,83,26,0,145,-83,326,0" /><INIT seed="4,0,0,1,5,120" ten="586,26,62,326" oya="0" hai0="83,89,31,95,117,45,9,37,94,13,4,78,67" hai1="101,98,54,7,72,66,14,82,85,121,53,107,27" hai2="19,34,91,79,80,75,63,52,116,50,99,128,96" hai3="108,112,114,134,122,123,23,133,126,109,51,129,113" shuffle="mt19937ar,CCAB0605,2F3F80A2,F543BB89,6308A3E5,CAD8026A,6457927D,D7C4E6BB,C4B25EF9"/><T30/><D117/><U131/><E121/><N who="3" m="46090" /><G23/><T36/><D67/><U84/><E131/><V102/><F128/><W38/><G38/><T93/><D89/><U21/><E66/><V26/><F116/><W6/><G6/><T40/><REACH who="0" step="1"/><D36/><REACH who="0" step="2"/><U46/><E72/><AGARI ba="0,1" hai="4,9,13,30,31,37,40,45,72,78,83,93,94,95" machi="72" ten="40,3900,0" yaku="1,1,2,1,53,0" doraHai="120" doraHaiUra="48" who="0" fromWho="1" sc="576,49,26,-39,62,0,326,0" owari="625,72,-13,-51,62,-34,326,13" /></mjloggm>