<mjloggm ver="2.3"><GO type="41"/><UN n0="%E3%81%AF%E3%82%86%E3%81%86" n1="%E5%BC%98%E5%89%8D%E3%81%AE%E3%81%8A%E3%82%82%E3%81%91" n2="%E3%82%A6%E3%83%AB%E3%83%88%E3%83%A9%E7%AB%8B%E7%9B%B4" n3="%73%75%6D%69%79%61" dan="15,15,15,15" rate="1956,2016,1974,1959" sx="F,F,M,M"/><TAIKYOKU oya="0"/><INIT seed="0,0,0,1,5,130" ten="250,250,250,250" oya="0" hai0="110,82,122,88,78,125,113,55,34,61,99,102,26" hai1="42,62,48,72,69,18,67,14,29,84,89,33,21" hai2="95,73,43,93,106,83,8,59,80,20,68,3,52" hai3="12,104,1,56,25,134,124,22,57,74,58,108,131"/><T46/><D113/><U65/><E72/><V30/><F68/><W76/><G108/><T11/><D122/><U71/><E33/><V98/><F106/><W60/><G131/><T121/><D121/><U86/><E29/><V128/><F128/><W127/><G1/><T23/><D125/><N who="3" m="48201" /><G104/><T85/><D110/><U97/><E97/><V63/><F73/><W4/><G12/><T116/><D116/><U32/><E32/><V36/><F36/><W28/><G4/><T123/><D123/><U112/><E112/><V119/><F119/><W40/><G40/><T75/><D34/><U31/><E31/><V79/><F43/><W9/><G9/><T5/><D102/><U17/><E17/><V135/><F3/><W37/><G37/><T10/><D99/><U133/><E133/><V114/><F114/><W44/><G44/><T51/><D61/><U2/><E2/><V132/><F8/><W77/><G60/><T45/><D45/><U101/><E101/><N who="2" m="60623" /><F95/><W7/><G7/><T105/><D105/><U81/><E67/><V50/><F50/><W126/><N who="3" m="48209" /><W66/><DORA hai="109" /><G66/><T24/><D5/><U70/><E42/><V111/><F79/><N who="3" m="30283" /><G74/><T53/><D53/><U35/><E48/><V90/><F111/><W39/><G39/><T19/><REACH who="0" step="1"/><D26/><REACH who="0" step="2"/><U13/><E62/><V87/><F52/><W120/><G120/><T118/><D118/><U103/><E65/><V49/><F63/><W129/><G129/><T100/><D100/><U41/><E103/><V38/><F59/><W6/><G6/><T0/><D0/><U94/><E41/><RYUUKYOKU ba="0,1" sc="240,15,250,-15,250,-15,250,15" hai0="10,11,19,23,24,46,51,55,75,78,82,85,88" hai3="22,25,28,56,57,58,134" /><INIT seed="0,1,1,3,2,0" ten="255,235,235,265" oya="0" hai0="77,83,40,102,123,7,72,76,128,97,65,11,81" hai1="58,25,103,134,26,34,66,115,17,121,57,53,18" hai2="93,15,118,127,101,80,21,42,39,61,52,35,54" hai3="106,75,3,84,135,10,100,95,110,105,109,130,87"/><T69/><D128/><U60/><E121/><V104/><F118/><W92/><G3/><T30/><D123/><U120/><E120/><V94/><F127/><W90/><G10/><T24/><D40/><U49/><E134/><V51/><F39/><W68/><G68/><T31/><D65/><U46/><E115/><V32/><F32/><W96/><G135/><T23/><D30/><U22/><E103/><V45/><F35/><W44/><G44/><T50/><D50/><U91/><E91/><V14/><F104/><N who="3" m="40043" /><G130/><T125/><D125/><U99/><E99/><N who="2" m="59631" /><F80/><W133/><G133/><T41/><D41/><U124/><E124/><V13/><F94/><W112/><G92/><T8/><D69/><U59/><REACH who="1" step="1"/><E34/><REACH who="1" step="2"/><V64/><F21/><AGARI ba="1,2" hai="17,18,21,22,25,26,46,49,53,57,58,59,60,66" machi="21" ten="40,8000,1" yaku="1,1,2,1,9,1,8,1,53,0" doraHai="0" doraHaiUra="1" who="1" fromWho="2" sc="255,0,225,103,235,-83,265,0" /><INIT seed="1,0,0,3,0,117" ten="255,328,152,265" oya="1" hai0="94,4,73,107,52,85,27,120,87,127,134,23,65" hai1="1,34,49,66,67,18,125,45,84,35,89,30,90" hai2="109,38,60,15,110,58,39,50,98,3,135,12,111" hai3="133,100,47,131,96,88,126,112,42,20,116,99,7"/><U103/><E1/><V28/><F3/><W79/><G112/><T124/><D73/><U24/><E125/><N who="0" m="48201" /><D107/><U37/><E37/><V9/><F135/><W16/><G126/><T31/><D134/><U10/><E103/><V11/><F28/><W68/><G133/><T44/><D65/><U122/><E122/><V95/><F50/><W53/><G68/><T36/><D4/><U108/><E108/><V0/><F0/><W132/><G131/><T76/><D36/><U40/><E34/><V92/><F39/><W32/><G79/><T43/><D43/><U83/><E90/><V46/><F46/><W113/><G32/><T48/><D94/><U106/><E106/><V71/><F38/><W56/><G7/><T123/><D76/><U130/><E130/><V114/><F71/><W13/><G113/><T5/><D5/><U78/><REACH who="1" step="1"/><E89/><REACH who="1" step="2"/><V59/><F114/><W105/><G132/><T115/><D115/><U69/><E69/><V81/><F110/><W102/><G116/><T118/><D118/><U33/><E33/><V97/><F109/><W104/><G88/><T51/><D51/><U91/><E91/><V26/><F111/><W129/><G129/><T74/><D74/><U63/><E63/><V29/><F60/><W119/><G119/><T8/><D8/><U6/><E6/><V19/><F81/><W128/><G128/><T72/><D72/><U75/><E75/><V101/><F101/><W22/><G22/><T61/><D61/><U86/><E86/><AGARI ba="0,1" hai="23,27,31,44,48,52,85,86,87,120,123" m="48201" machi="86" ten="30,7700,0" yaku="18,1,52,2,54,1" doraHai="117" who="0" fromWho="1" sc="255,87,318,-77,152,0,265,0" /><INIT seed="2,0,0,3,4,8" ten="342,241,152,265" oya="2" hai0="56,87,6,31,92,79,98,114,131,124,125,102,61" hai1="26,84,58,15,100,34,14,73,23,105,129,30,42" hai2="135,108,51,90,88,13,83,33,62,37,94,4,89" hai3="17,122,59,55,47,133,46,74,72,119,97,21,112"/><V75/><F37/><W22/><G119/><T40/><D114/><U66/><E73/><V27/><F135/><W45/><G122/><T35/><D131/><U39/><E129/><V110/><F62/><W111/><G133/><T63/><D40/><U3/><E3/><V71/><F71/><W41/><G111/><N who="2" m="42537" /><F51/><W11/><G112/><T16/><D6/><U28/><E28/><N who="2" m="19615" /><F94/><W49/><G72/><T91/><D79/><U93/><E105/><V12/><F4/><W82/><G97/><T24/><D16/><U32/><E39/><V134/><F134/><W109/><G109/><T25/><D25/><U43/><E34/><V81/><F81/><W117/><G117/><T52/><REACH who="0" step="1"/><D63/><REACH who="0" step="2"/><N who="1" m="38263" /><E32/><V96/><F96/><W120/><G120/><T123/><D123/><U10/><E10/><V44/><F44/><W78/><G41/><N who="1" m="15370" /><E84/><V68/><F68/><W19/><G19/><T38/><D38/><U85/><E85/><V126/><F126/><W101/><G11/><T107/><AGARI ba="0,1" hai="24,31,35,52,56,61,87,91,92,98,102,107,124,125" machi="107" ten="30,4000,0" yaku="1,1,0,1,54,1,53,0" doraHai="8" doraHaiUra="116" who="0" fromWho="0" sc="332,50,241,-10,152,-20,265,-10" /><INIT seed="3,0,0,0,2,27" ten="382,231,132,255" oya="3" hai0="4,121,31,30,53,117,85,72,61,131,9,86,88" hai1="7,20,95,28,70,97,17,14,21,118,13,55,87" hai2="35,11,49,132,120,41,40,59,6,102,128,8,109" hai3="99,106,15,127,119,82,130,73,75,80,129,48,57"/><W34/><G119/><T96/><D121/><U115/><E118/><V29/><F109/><W90/><G34/><T66/><D117/><U65/><E115/><V5/><F120/><W125/><G57/><N who="0" m="37167" /><D72/><N who="3" m="27721" /><G48/><T60/><D131/><N who="3" m="50185" /><G15/><N who="0" m="5543" /><D60/><U63/><E55/><V83/><F128/><W79/><G79/><T76/><D76/><U74/><E74/><V18/><F83/><N who="3" m="31787" /><G90/><T89/><D53/><U114/><E114/><V78/><F78/><W58/><G58/><T67/><D67/><U22/><E13/><V68/><F68/><W107/><G99/><T94/><D89/><U84/><E97/><V32/><F59/><W54/><G54/><T46/><D46/><U111/><E111/><V39/><F49/><W24/><G24/><T91/><D96/><U123/><E123/><V36/><F18/><W56/><G56/><T52/><D52/><U98/><E98/><V51/><F51/><W104/><AGARI ba="0,0" hai="104,106,107,125,127" m="31787,50185,27721" machi="104" ten="50,12000,1" yaku="28,2,19,1,34,2" doraHai="27" who="3" fromWho="3" sc="382,-40,231,-40,132,-40,255,120" /><INIT seed="3,1,0,2,0,70" ten="342,191,92,375" oya="3" hai0="72,6,43,122,25,121,90,69,100,96,86,116,130" hai1="111,73,12,42,112,117,23,40,59,28,93,8,22" hai2="88,0,133,82,97,126,46,47,34,20,105,87,13" hai3="27,107,24,113,51,110,19,95,67,78,81,99,89"/><W10/><G113/><T129/><D116/><U17/><E117/><V106/><F34/><W131/><G131/><N who="0" m="50187" /><D69/><U37/><E111/><V44/><F0/><W83/><G110/><T29/><D6/><U32/><E112/><V102/><F126/><W21/><G107/><N who="0" m="63879" /><D43/><U119/><E73/><V5/><F133/><W35/><G35/><N who="0" m="20911" /><D72/><U54/><E119/><V45/><F106/><W77/><G10/><T127/><D127/><U14/><E93/><AGARI ba="1,0" hai="86,90,93,121,122" m="20911,63879,50187" machi="93" ten="30,1000,0" yaku="19,1" doraHai="70" who="0" fromWho="1" sc="342,13,191,-13,92,0,375,0" /><INIT seed="4,0,0,2,5,1" ten="355,178,92,375" oya="0" hai0="6,9,64,98,66,78,124,97,11,65,126,44,101" hai1="77,17,84,0,72,73,70,100,113,122,13,88,102" hai2="43,7,54,107,125,76,133,27,2,74,108,87,50" hai3="118,22,83,35,105,46,79,34,63,62,129,132,51"/><T134/><D134/><U18/><E70/><V123/><F27/><W117/><G105/><T135/><D135/><U111/><E0/><V75/><F87/><W32/><G132/><T104/><D78/><U33/><E111/><V94/><F94/><W40/><G129/><T71/><D71/><U25/><E122/><V80/><F75/><W86/><REACH who="3" step="1"/><G22/><REACH who="3" step="2"/><T92/><D44/><U24/><E113/><V116/><F133/><W14/><G14/><T55/><D55/><U85/><E13/><V20/><F20/><W41/><G41/><T21/><D21/><U58/><E33/><V61/><F108/><W95/><G95/><T68/><D68/><U81/><E81/><V56/><F107/><W127/><G127/><T82/><D82/><U112/><E112/><V38/><F125/><W26/><G26/><T128/><D128/><U15/><E24/><V67/><F116/><AGARI ba="0,1" hai="32,34,35,40,46,51,62,63,79,83,86,116,117,118" machi="116" ten="50,1600,0" yaku="1,1,53,0" doraHai="1" doraHaiUra="60" who="3" fromWho="2" sc="355,0,178,0,92,-16,365,26" /><INIT seed="5,0,0,1,1,69" ten="355,178,76,391" oya="1" hai0="111,120,119,130,127,21,25,22,125,126,116,91,26" hai1="98,53,89,9,67,1,96,84,7,48,18,42,93" hai2="78,110,2,57,103,32,5,70,87,94,129,65,121" hai3="85,4,90,76,86,11,40,43,45,36,39,95,58"/><U82/><E67/><V28/><F121/><W123/><G123/><T17/><D120/><U74/><E42/><V114/><F110/><W105/><G105/><T124/><D91/><U31/><E31/><V34/><F129/><W92/><G58/><T27/><D126/><U56/><E18/><V20/><F70/><W60/><G60/><T100/><D100/><U72/><REACH who="1" step="1"/><E98/><REACH who="1" step="2"/><V44/><F34/><W49/><G43/><T131/><D111/><U23/><E23/><N who="0" m="8713" /><D17/><U107/><E107/><V101/><F32/><W68/><G68/><T3/><D3/><U13/><E13/><V106/><F106/><W104/><G104/><T51/><D51/><U71/><E71/><V16/><F28/><W135/><G135/><T99/><D99/><U19/><E19/><V24/><F5/><W115/><G115/><T134/><D134/><U108/><E108/><V37/><F2/><W77/><G4/><T38/><D38/><U8/><E8/><V112/><F112/><W50/><G50/><T133/><D133/><U122/><E122/><V64/><F114/><W10/><G49/><T15/><D15/><U46/><E46/><V79/><F64/><W109/><G109/><T80/><D80/><U83/><E83/><V59/><F44/><W12/><G39/><T52/><D52/><U118/><E118/><AGARI ba="0,1" hai="25,26,27,116,118,119,124,125,127,130,131" m="8713" machi="118" ten="40,8000,1" yaku="28,2,18,1,34,2" doraHai="69" who="0" fromWho="1" sc="355,90,168,-80,76,0,391,0" /><INIT seed="6,0,0,5,1,40" ten="445,88,76,391" oya="2" hai0="87,22,134,76,68,25,16,60,115,77,0,109,70" hai1="2,106,110,93,38,50,52,97,69,13,73,54,21" hai2="20,94,42,30,124,44,80,123,37,92,122,101,100" hai3="64,11,29,81,90,35,111,67,66,72,133,10,118"/><V24/><F124/><W31/><G111/><T96/><D109/><U105/><E110/><V102/><REACH who="2" step="1"/><F80/><REACH who="2" step="2"/><W116/><G81/><T43/><D115/><U59/><E73/><V125/><F125/><W34/><G72/><T132/><D134/><U79/><E79/><V28/><F28/><N who="3" m="10827" /><G133/><T5/><D132/><U130/><E130/><V74/><F74/><W84/><G118/><T86/><D77/><U91/><E69/><V65/><F65/><W95/><G116/><T99/><D76/><U57/><E38/><V41/><F41/><W107/><G35/><T114/><D43/><U55/><E2/><V120/><AGARI ba="0,1" hai="20,24,30,37,42,44,92,94,100,101,102,120,122,123" machi="120" ten="40,7800,0" yaku="1,1,0,1,52,1,53,0" doraHai="40" doraHaiUra="46" who="2" fromWho="2" sc="445,-26,88,-26,66,88,391,-26" /><INIT seed="6,1,0,0,2,97" ten="419,62,154,365" oya="2" hai0="73,2,88,7,17,71,25,111,125,41,80,76,33" hai1="51,27,134,87,100,10,86,104,8,82,12,83,3" hai2="45,129,126,108,93,50,19,60,70,81,64,131,92" hai3="121,120,123,116,49,132,6,119,52,11,128,34,9"/><V28/><F108/><W68/><G34/><T63/><D111/><U98/><E134/><V135/><F135/><W4/><G132/><T29/><D41/><U38/><E38/><V72/><F28/><W89/><G68/><T107/><D17/><U105/><E105/><V109/><F109/><W117/><G89/><T122/><D88/><U24/><E3/><V66/><F66/><W130/><G52/><T94/><D94/><U96/><E98/><V13/><F126/><W53/><G53/><T114/><D114/><U5/><E51/><V58/><F70/><W23/><G23/><T65/><D125/><U36/><E36/><V78/><F93/><W67/><G49/><T99/><D122/><U69/><E69/><V22/><REACH who="2" step="1"/><F92/><REACH who="2" step="2"/><W59/><G67/><T79/><D71/><U103/><E103/><V118/><F118/><W124/><G124/><T43/><D65/><U62/><E62/><V57/><F57/><W47/><G59/><T84/><D63/><U18/><E18/><V55/><AGARI ba="1,1" hai="13,19,22,45,50,55,58,60,64,72,78,81,129,131" machi="55" ten="30,6000,0" yaku="1,1,0,1,53,1" doraHai="97" doraHaiUra="46" who="2" fromWho="2" sc="419,-21,62,-21,144,73,365,-21" /><INIT seed="6,2,0,4,0,121" ten="398,41,217,344" oya="2" hai0="113,91,123,73,32,129,61,99,118,53,25,28,132" hai1="21,18,89,116,106,126,62,0,16,50,10,76,110" hai2="34,66,19,69,6,57,37,108,93,105,44,122,87" hai3="134,92,94,54,56,20,2,120,117,5,104,135,52"/><V103/><F122/><W4/><G117/><T8/><D123/><U29/><E116/><V60/><F6/><N who="3" m="2667" /><G104/><T63/><D73/><U67/><E126/><V131/><F131/><W26/><G2/><T64/><D118/><U68/><E110/><V71/><F71/><W59/><G20/><T1/><D113/><U98/><E106/><V11/><F34/><W43/><G43/><T45/><D8/><U109/><E0/><V30/><F30/><W83/><G83/><T24/><D1/><U12/><E109/><V49/><F108/><W127/><G26/><T107/><D24/><U15/><E76/><V85/><F105/><W31/><G31/><T14/><D14/><U101/><E89/><V13/><F103/><W79/><G79/><T97/><D97/><U36/><E50/><V81/><F93/><N who="3" m="35947" /><G127/><T128/><D91/><U17/><E29/><V114/><F114/><W41/><G41/><T82/><D82/><U80/><E80/><V86/><F37/><W7/><G7/><T96/><D107/><U130/><E130/><V125/><F125/><W102/><G102/><T74/><D128/><U119/><E119/><V90/><REACH who="2" step="1"/><F69/><REACH who="2" step="2"/><W88/><G120/><T95/><D129/><U9/><E9/><V3/><F3/><W112/><G112/><T55/><D95/><U46/><E36/><V22/><F22/><W133/><G88/><T27/><D28/><U72/><E72/><V124/><F124/><W75/><G75/><T51/><D74/><U115/><E115/><V58/><F58/><AGARI ba="2,1" hai="52,54,56,58,59,133,134,135" m="35947,2667" machi="58" ten="40,8000,1" yaku="28,2,20,1,54,1" doraHai="121" who="3" fromWho="2" sc="398,0,41,0,207,-86,344,96" /><INIT seed="7,0,0,2,4,82" ten="398,41,121,440" oya="3" hai0="27,31,93,7,74,60,63,108,91,55,58,123,72" hai1="79,47,102,130,53,103,3,2,109,68,41,126,69" hai2="52,34,97,117,113,33,90,29,38,45,127,118,111" hai3="25,122,48,106,77,87,71,15,115,36,5,114,64"/><W88/><G106/><T22/><D108/><U13/><E109/><V101/><F111/><W110/><G36/><T99/><D123/><U20/><E130/><V119/><F29/><W8/><G122/><T96/><D74/><U92/><E126/><V19/><F34/><W50/><G77/><T46/><D72/><U39/><E53/><V95/><F33/><W21/><G64/><T85/><D7/><U124/><E124/><V112/><F38/><W44/><G71/><T40/><REACH who="0" step="1"/><D63/><REACH who="0" step="2"/><U65/><E69/><V4/><F127/><W56/><G110/><T86/><D86/><U78/><E102/><V37/><F4/><W107/><G56/><T70/><D70/><U24/><E68/><V54/><F101/><W75/><G75/><T76/><D76/><U133/><E79/><V84/><F97/><W94/><G107/><T28/><D28/><U83/><E78/><V80/><F19/><W134/><G134/><T0/><D0/><U131/><E133/><V62/><F62/><W30/><REACH who="3" step="1"/><G50/><AGARI ba="0,1" hai="22,27,31,40,46,50,55,58,60,85,91,93,96,99" machi="50" ten="30,7700,0" yaku="1,1,7,1,8,1,52,1,53,0" doraHai="82" doraHaiUra="120" who="0" fromWho="3" sc="388,87,41,0,121,0,440,-77" owari="475,58,41,-46,121,-28,363,16" /></mjloggm>