<mjloggm ver="2.3"><GO type="97"/><UN n0="%6B%75%72%75" n1="%E3%82%A6%E3%83%AB%E3%83%88%E3%83%A9%E7%AB%8B%E7%9B%B4" n2="%54%6F%74%74%69" n3="%61%6E%61%67%6F" dan="15,13,14,13" rate="1977,1814,1928,1820" sx="M,M,M,M"/><TAIKYOKU oya="0"/><INIT seed="0,0,0,0,2,107" ten="250,250,250,250" oya="0" hai0="124,84,58,21,93,66,125,105,22,3,89,130,65" hai1="132,80,100,4,73,79,88,57,95,127,38,24,16" hai2="7,46,97,90,14,128,78,18,13,77,19,134,118" hai3="30,123,39,28,60,11,81,55,56,0,112,101,99" shuffle="mt19937ar,E2FDFE42,063D7043,039CC24D,B9FC2FB5,02A936E6,1A30F984,D7E9EE33,6158254F"/><T54/><D3/><U83/><E38/><V86/><F128/><W67/><G112/><T109/><D105/><U114/><E114/><V98/><F134/><W43/><G123/><T51/><D130/><U62/><E132/><V8/><F118/><W26/><G81/><T34/><D34/><U76/><E4/><V122/><F122/><W31/><G0/><T85/><D85/><U135/><E135/><V17/><F46/><W121/><G121/><T52/><D54/><U32/><E32/><V49/><F49/><W12/><G39/><T126/><D109/><U59/><E100/><V133/><F133/><W37/><G37/><T82/><D82/><U102/><E102/><V44/><F44/><W64/><G43/><T119/><D119/><U91/><E127/><V68/><F68/><W48/><G26/><T96/><D96/><N who="2" m="36970" /><F14/><W113/><G113/><T23/><AGARI ba="0,0" hai="21,22,23,51,52,58,65,66,84,89,93,124,125,126" machi="23" ten="40,7800,0" yaku="0,1,18,1,54,1" doraHai="107" who="0" fromWho="0" sc="250,78,250,-26,250,-26,250,-26" /><INIT seed="0,1,0,1,2,66" ten="328,224,224,224" oya="0" hai0="87,121,37,59,57,42,89,73,34,72,111,50,115" hai1="106,96,88,101,49,67,81,71,47,74,70,0,127" hai2="2,33,29,129,107,128,44,36,77,41,122,114,32" hai3="123,27,46,124,24,22,80,68,105,83,10,98,19" shuffle="mt19937ar,F084C952,84421310,AAC38675,C3A52ABE,88E3E089,F40D151C,BEECF3B4,F6FC1DA6"/><T120/><D34/><U78/><E0/><V39/><F122/><W62/><G123/><T35/><D35/><N who="2" m="13386" /><F29/><W3/><G124/><T58/><D115/><U7/><E127/><V55/><F114/><W4/><G46/><T118/><D37/><U79/><E79/><V21/><F107/><W108/><G108/><T60/><D118/><U14/><E67/><V103/><F103/><W28/><G24/><T30/><D30/><U100/><E100/><V95/><F95/><W135/><G135/><T134/><D134/><U20/><E88/><V84/><F2/><W64/><G19/><T126/><D126/><U9/><REACH who="1" step="1"/><E20/><REACH who="1" step="2"/><V75/><F21/><W16/><REACH who="3" step="1"/><G28/><REACH who="3" step="2"/><T25/><D120/><U23/><E23/><V11/><F128/><W99/><G99/><T91/><D121/><U90/><E90/><V93/><F129/><W48/><G48/><T17/><D91/><U132/><E132/><V51/><F51/><W12/><G12/><T104/><D50/><U117/><E117/><V40/><F36/><W38/><G38/><T131/><D131/><U69/><E69/><V112/><F39/><W86/><G86/><T85/><D89/><U109/><E109/><V26/><F84/><W125/><G125/><T97/><D111/><U13/><E13/><V45/><F75/><W116/><G116/><T133/><D85/><U65/><E65/><V61/><F112/><W92/><G92/><T1/><D87/><U113/><E113/><V110/><F93/><W63/><G63/><T130/><D133/><U18/><E18/><V76/><F110/><W54/><G54/><AGARI ba="1,2" hai="7,9,14,47,49,54,70,71,74,78,81,96,101,106" machi="54" ten="30,8000,1" yaku="1,1,6,1,7,1,52,2,53,0" doraHai="66" doraHaiUra="52" who="1" fromWho="3" sc="328,0,214,103,224,0,214,-83" /><INIT seed="1,0,0,2,0,56" ten="328,317,224,131" oya="1" hai0="130,72,23,53,50,76,84,134,111,131,81,32,101" hai1="75,64,21,115,124,20,93,38,135,122,120,62,4" hai2="17,109,13,15,46,69,95,100,6,0,30,58,18" hai3="79,52,119,31,88,29,98,63,14,57,49,67,37" shuffle="mt19937ar,F267206B,EE53C378,947A8FBF,12E151AB,51F10F7C,284CE96A,FDD7B665,9F13B3E1"/><U103/><E38/><V5/><F69/><W11/><G119/><T97/><D32/><U129/><E75/><V60/><F109/><W41/><G79/><T9/><D111/><U102/><E115/><V65/><F0/><W28/><G98/><T125/><D9/><U132/><E4/><N who="2" m="1643" /><F46/><W127/><G127/><T24/><D125/><U118/><E124/><V35/><F30/><W26/><G88/><T68/><D68/><U105/><E105/><V78/><F78/><W89/><G89/><T133/><D72/><U107/><E107/><V71/><F71/><W112/><G112/><T48/><D97/><U99/><E118/><V96/><F35/><W70/><G37/><T7/><D101/><U121/><E103/><V16/><AGARI ba="0,0" hai="13,15,16,17,18,58,60,65,95,96,100" m="1643" machi="16" ten="30,4000,0" yaku="8,1,52,1,54,1" doraHai="56" who="2" fromWho="2" sc="328,-10,317,-20,224,40,131,-10" /><INIT seed="2,0,0,4,3,63" ten="318,297,264,121" oya="2" hai0="18,7,32,54,43,100,92,1,97,56,80,9,132" hai1="121,103,52,41,131,46,24,19,64,17,76,48,86" hai2="91,94,78,53,62,93,105,96,33,3,122,21,10" hai3="57,88,11,55,30,65,16,98,71,70,74,90,99" shuffle="mt19937ar,0601FE6F,0AECB593,0DAD56B4,7FDB16AF,B24BA549,45B80C1D,C4FC882D,6B421F53"/><V58/><F33/><W123/><G123/><T6/><D32/><U128/><E121/><V130/><F122/><W77/><G30/><T47/><D7/><U108/><E103/><V81/><F130/><N who="1" m="49705" /><E108/><V2/><F105/><W38/><G38/><T42/><D132/><U72/><E72/><V49/><F21/><W87/><G74/><T20/><D80/><N who="1" m="47367" /><E24/><V104/><F104/><W51/><G77/><T114/><D114/><U0/><E0/><V116/><F116/><W34/><G34/><T82/><D82/><U39/><E64/><V95/><F3/><W66/><G90/><T111/><D111/><U73/><E73/><V37/><F37/><W31/><G31/><T125/><D125/><U14/><E14/><V133/><F133/><W67/><G71/><T127/><D127/><U8/><E8/><V102/><F2/><W50/><G50/><T40/><D47/><AGARI ba="0,0" hai="17,19,39,41,46,47,48,52" m="47367,49705" machi="47" ten="30,2000,0" yaku="19,1,54,1" doraHai="63" who="1" fromWho="0" sc="318,-20,297,20,264,0,121,0" /><INIT seed="3,0,0,4,0,78" ten="298,317,264,121" oya="3" hai0="10,82,34,58,135,20,91,100,43,101,7,5,114" hai1="125,2,9,3,12,113,124,86,59,42,48,55,62" hai2="61,90,74,70,116,21,123,129,24,38,36,26,93" hai3="47,31,92,68,41,57,63,106,60,37,99,23,89" shuffle="mt19937ar,551AD92D,18694651,B8C76955,6F3C28E4,02975F61,E9923FAD,FDC45BED,43EC4C21"/><W112/><G112/><T69/><D69/><U46/><E113/><V128/><F116/><W54/><G106/><T121/><D34/><U72/><E72/><V17/><F123/><W118/><G118/><T52/><D121/><U4/><E86/><V56/><F70/><W32/><G32/><T65/><D43/><U126/><AGARI ba="0,0" hai="2,3,4,9,12,42,46,48,55,59,62,124,125,126" machi="126" ten="30,2000,0" yaku="0,1,18,1" doraHai="78" who="1" fromWho="1" sc="298,-5,317,20,264,-5,121,-10" owari="293,4,337,34,259,-9,111,-29" /></mjloggm>