<mjloggm ver="2.3"><GO type="137"/><UN n0="%E3%82%A6%E3%83%AB%E3%83%88%E3%83%A9%E7%AB%8B%E7%9B%B4" n1="%59%6F%75%28%5E%5E%3B%29" n2="%E3%82%88%E3%83%BC%E3%81%B8%E3%83%BC" n3="%E4%B8%80%E6%8F%86%E7%97%9B%E6%84%9F" dan="10,11,11,13" rate="1765,1928,1817,1733" sx="M,M,M,M"/><TAIKYOKU oya="0"/><INIT seed="0,0,0,5,0,41" ten="250,250,250,250" oya="0" hai0="77,73,32,50,54,53,43,46,121,15,122,110,31" hai1="102,18,6,94,105,33,11,134,0,124,1,59,91" hai2="130,92,13,98,30,34,82,71,126,96,38,69,115" hai3="3,104,72,48,114,40,4,27,133,113,52,39,7" shuffle="mt19937ar,90E5E0BA,5D5028B0,8B810EDD,6956AB59,6B33D8A8,CDC509D5,EBAFCAB0,158EE97A"/><T22/><D32/><U107/><E33/><V10/><F115/><W67/><G72/><T57/><D73/><U21/><E134/><V88/><F38/><W14/><G133/><T24/><D77/><U56/><E124/><V49/><F126/><W85/><G104/><T17/><D110/><U44/><E0/><V8/><F130/><W70/><G3/><T79/><D79/><U132/><E132/><V103/><F82/><W55/><G55/><T65/><D65/><U28/><E28/><V36/><F36/><W63/><G27/><T87/><D87/><U19/><E102/><V101/><F103/><W16/><G85/><T60/><REACH who="0" step="1"/><D43/><REACH who="0" step="2"/><U93/><E107/><V99/><F34/><W9/><G40/><T120/><D120/><U123/><E105/><V20/><F99/><W78/><G78/><T119/><D119/><U89/><E123/><V61/><F101/><W83/><G83/><T58/><D58/><U5/><E21/><V51/><F69/><W45/><REACH who="3" step="1"/><G39/><REACH who="3" step="2"/><T80/><D80/><U37/><E37/><V68/><F98/><W129/><G129/><T86/><D86/><U2/><REACH who="1" step="1"/><E11/><REACH who="1" step="2"/><V84/><F10/><W112/><AGARI ba="0,3" hai="4,7,9,14,16,45,48,52,63,67,70,112,113,114" machi="112" ten="30,12000,2" yaku="1,1,0,1,52,1,54,2,53,1" doraHai="41" doraHaiUra="42" who="3" fromWho="3" sc="240,-60,240,-30,250,-30,240,150" /><INIT seed="1,0,0,4,5,40" ten="180,210,220,390" oya="1" hai0="19,128,106,92,94,52,124,115,10,91,116,105,107" hai1="13,67,47,34,82,95,24,42,44,37,54,32,53" hai2="43,20,123,7,69,78,4,89,87,5,36,102,113" hai3="73,33,114,48,63,27,30,56,15,21,23,126,14" shuffle="mt19937ar,8399188C,661424B2,4570FE39,5944531C,26060900,B9768C1B,57723489,2B045901"/><U64/><E82/><V112/><F123/><W85/><G73/><T134/><D10/><U125/><E125/><V84/><F69/><W99/><G126/><T11/><D116/><U109/><E109/><V131/><F131/><W22/><G114/><N who="2" m="44137" /><F102/><W6/><G99/><T66/><D124/><U28/><E34/><V81/><F20/><W132/><G132/><T111/><D115/><U31/><E31/><V93/><F43/><W57/><G6/><N who="2" m="1537" /><V135/><DORA hai="17" /><F36/><W61/><G85/><T118/><D66/><N who="1" m="25131" /><E13/><V90/><F135/><W76/><G76/><AGARI ba="0,0" hai="76,78,81,84,87,89,90,93" m="1537,44137" machi="76" ten="40,1300,0" yaku="11,1" doraHai="40,17" who="2" fromWho="3" sc="180,0,210,0,220,13,390,-13" /><INIT seed="2,0,0,0,2,2" ten="180,210,233,377" oya="2" hai0="14,55,129,117,7,4,38,110,0,21,5,1,68" hai1="13,42,123,20,94,100,36,79,64,78,3,91,48" hai2="32,9,58,40,57,76,103,119,54,99,132,52,15" hai3="67,18,53,22,19,11,29,128,97,93,8,73,59" shuffle="mt19937ar,1E8B9F1F,EC5B52C1,83808FBB,285FE322,46D502B8,BEF10411,5738188C,40E6DB8E"/><V49/><F119/><W106/><G73/><T50/><D68/><U62/><E36/><V105/><F132/><W66/><G128/><T84/><D38/><U96/><E3/><V124/><F124/><W27/><G106/><T47/><D129/><U102/><E123/><V121/><F121/><W101/><G18/><T34/><D34/><U12/><E102/><V72/><F32/><W35/><G66/><T70/><D70/><U83/><E79/><V69/><F69/><W109/><G109/><T130/><D130/><U86/><E42/><V65/><F65/><W10/><G35/><T33/><D33/><U92/><E48/><V107/><F40/><W81/><G19/><N who="0" m="10487" /><D1/><U125/><E125/><V113/><F113/><W112/><G67/><T25/><D0/><U43/><E43/><V108/><F108/><W16/><G112/><T39/><D39/><U44/><E44/><V104/><F76/><W126/><G29/><T23/><D110/><U74/><E20/><V89/><F89/><W131/><G131/><T41/><D117/><U111/><E111/><V80/><F80/><W60/><G126/><T37/><D37/><U115/><E115/><V98/><F72/><W135/><G135/><T122/><D122/><U87/><E74/><V28/><F28/><W116/><G116/><T56/><D84/><U127/><REACH who="1" step="1"/><E127/><REACH who="1" step="2"/><V75/><F75/><W133/><G133/><T85/><D41/><U24/><E24/><V114/><F114/><W46/><G46/><T61/><D47/><U118/><E118/><V71/><F103/><W90/><G101/><T31/><D50/><RYUUKYOKU ba="0,1" sc="180,10,200,10,233,-30,377,10" hai0="4,5,7,23,25,31,55,56,61,85" hai1="12,13,62,64,78,83,86,87,91,92,94,96,100" hai3="8,10,11,16,22,27,53,59,60,81,90,93,97" /><INIT seed="3,1,1,3,0,95" ten="190,210,203,387" oya="3" hai0="44,53,102,37,75,107,50,125,26,80,97,10,108" hai1="86,42,127,99,83,91,130,48,104,31,76,114,24" hai2="11,135,21,67,117,133,9,132,38,7,77,82,15" hai3="79,126,116,6,35,121,1,36,88,25,106,70,87" shuffle="mt19937ar,470EE02F,D3C0389E,FBA3D247,6BE4B84D,028DD9BA,2397BE55,13BAE5E0,EE0926F6"/><W13/><G116/><T28/><D125/><U20/><E127/><V12/><F117/><W29/><G126/><T68/><D68/><U34/><E130/><V58/><F38/><W62/><G106/><T124/><D124/><U65/><E114/><V78/><F82/><W59/><G70/><T19/><D108/><U92/><E65/><V103/><F103/><W56/><G79/><T46/><D75/><U93/><E104/><V23/><F58/><W100/><G36/><T43/><D80/><U119/><E119/><V90/><F90/><W128/><G100/><T47/><D19/><U101/><E34/><V45/><F45/><W115/><G115/><T73/><D10/><N who="2" m="3594" /><F67/><W123/><G59/><T33/><D73/><U39/><E39/><V51/><F51/><W85/><G128/><T14/><D14/><N who="2" m="5162" /><F77/><W98/><G87/><T17/><D17/><U63/><E63/><V72/><F78/><W41/><G41/><T3/><D3/><U118/><E118/><V27/><F72/><W18/><G85/><T40/><D40/><U66/><E66/><V55/><F55/><W30/><G62/><T112/><D112/><U52/><E42/><V4/><F27/><W111/><G56/><AGARI ba="1,1" hai="26,28,33,37,43,44,46,47,50,53,56,97,102,107" machi="56" ten="30,2000,0" yaku="7,1,52,1" doraHai="95" who="0" fromWho="3" sc="190,33,210,0,203,0,387,-23" /><INIT seed="4,0,0,5,0,17" ten="223,210,203,364" oya="0" hai0="124,15,9,126,57,66,71,44,61,129,60,94,96" hai1="99,25,23,106,42,113,28,133,4,86,121,22,100" hai2="111,10,43,109,5,78,130,92,74,87,13,115,59" hai3="134,93,76,37,54,47,53,120,34,104,33,38,32" shuffle="mt19937ar,E40884DA,07670C9B,A11C73AE,6364707C,1D617363,0C58891D,90511768,B21DAFAE"/><T1/><D1/><U8/><E121/><V95/><F115/><W55/><G104/><T56/><D129/><U105/><E133/><V73/><F130/><W127/><G134/><T123/><D123/><U29/><E113/><V75/><F43/><W41/><G120/><T69/><D94/><U88/><E42/><V77/><F59/><W68/><G68/><T91/><D91/><U64/><E64/><V128/><F128/><W131/><G131/><T80/><D80/><U39/><E39/><V36/><F36/><W3/><G3/><T116/><D96/><U90/><E90/><V67/><F67/><W102/><G127/><N who="0" m="48683" /><D116/><U98/><E106/><V82/><REACH who="2" step="1"/><F78/><REACH who="2" step="2"/><W14/><G38/><T48/><D57/><U19/><E105/><V114/><F114/><W135/><G76/><T31/><D61/><U65/><E65/><V12/><F12/><W6/><G135/><T30/><D56/><U84/><E100/><V52/><F52/><W117/><G117/><T122/><D71/><U16/><E88/><V27/><F27/><W20/><G102/><T81/><D122/><U7/><E8/><V2/><F2/><W83/><G37/><T72/><D44/><U49/><E25/><V21/><F21/><W58/><G41/><T79/><D48/><AGARI ba="0,1" hai="4,7,16,19,22,23,28,29,48,49,84,86,98,99" machi="48" ten="25,12000,2" yaku="22,2,8,1,52,2,54,1" doraHai="17" who="1" fromWho="0" sc="223,-120,210,130,193,0,364,0" /><INIT seed="5,0,0,5,2,99" ten="103,340,193,364" oya="1" hai0="105,28,12,17,7,103,23,119,122,30,59,83,38" hai1="43,8,132,36,14,56,41,53,52,67,46,51,33" hai2="69,21,93,11,127,102,109,106,125,66,131,39,97" hai3="22,95,44,118,124,113,77,134,91,80,130,111,71" shuffle="mt19937ar,48EC2052,2F87BB20,754674C6,30687EDC,1A15F2AB,8678096E,EF083E5C,33CB17D7"/><U84/><E33/><V50/><F109/><W9/><G111/><T31/><D38/><N who="1" m="21815" /><E8/><V3/><F39/><W20/><G113/><T129/><D119/><U32/><E32/><V117/><F117/><W110/><G110/><T68/><D68/><U121/><E14/><V88/><F131/><W63/><G130/><T115/><D129/><U107/><E107/><V73/><F73/><W24/><G134/><T120/><D59/><N who="1" m="33183" /><E121/><N who="0" m="46697" /><D83/><U19/><E19/><V5/><F66/><W49/><G22/><T4/><D105/><U6/><E6/><N who="0" m="2089" /><D103/><U48/><E132/><V96/><F69/><W42/><G118/><T112/><AGARI ba="0,0" hai="12,17,23,28,30,31,112,115" m="2089,46697" machi="112" ten="40,5200,0" yaku="13,1,34,2" doraHai="99" who="0" fromWho="0" sc="103,52,340,-26,193,-13,364,-13" /><INIT seed="6,0,0,2,4,11" ten="155,314,180,351" oya="2" hai0="21,10,6,40,123,64,85,91,135,75,128,80,23" hai1="46,47,117,134,84,86,7,17,27,60,51,94,52" hai2="25,16,57,114,69,126,66,22,127,82,122,63,67" hai3="100,132,83,106,70,77,58,129,111,45,110,13,15" shuffle="mt19937ar,040E6A69,F7A06165,C7C9ED38,19E13205,7BB3E0C0,DA414DC8,5F36CA51,9206B69F"/><V8/><F122/><W81/><G70/><T44/><D123/><U42/><E117/><V116/><F116/><W87/><G129/><T0/><D128/><U19/><E134/><V36/><F36/><W20/><G132/><T3/><D135/><U56/><E7/><V118/><F118/><W26/><G45/><T88/><D3/><U50/><E27/><V131/><F131/><W73/><G58/><T108/><D108/><U55/><REACH who="1" step="1"/><E94/><REACH who="1" step="2"/><V54/><F114/><W61/><G110/><T53/><D6/><U35/><E35/><V115/><F115/><W92/><G106/><T74/><D0/><U112/><E112/><V76/><F8/><W98/><G111/><T78/><D10/><U24/><E24/><V38/><F38/><W72/><G72/><T49/><D75/><U101/><E101/><V121/><F121/><W28/><REACH who="3" step="1"/><G61/><REACH who="3" step="2"/><T43/><D74/><U113/><E113/><V102/><F102/><W97/><G97/><T120/><D120/><U5/><E5/><V34/><F34/><W96/><G96/><T90/><D64/><U62/><E62/><V1/><F1/><W119/><G119/><T4/><D4/><U37/><E37/><V33/><F33/><W68/><G68/><T30/><D30/><U124/><E124/><N who="2" m="47659" /><F69/><W103/><G103/><T48/><D48/><U39/><E39/><V31/><F31/><W32/><G32/><T71/><D71/><U107/><E107/><V2/><F2/><W93/><G93/><T29/><D29/><U95/><E95/><V109/><F109/><W133/><G133/><T125/><D125/><RYUUKYOKU ba="0,2" sc="155,0,304,0,180,0,341,0" hai0="21,23,40,43,44,49,53,78,80,85,88,90,91" hai1="17,19,42,46,47,50,51,52,55,56,60,84,86" hai2="16,22,25,54,57,63,66,67,76,82" hai3="13,15,20,26,28,73,77,81,83,87,92,98,100" /><INIT seed="6,1,2,0,4,65" ten="155,304,180,341" oya="2" hai0="86,80,1,8,111,88,39,99,79,31,124,114,32" hai1="77,12,10,13,91,4,126,104,135,98,69,42,45" hai2="14,121,50,11,112,60,113,82,119,78,56,19,36" hai3="55,38,46,72,75,93,6,103,117,76,107,15,101" shuffle="mt19937ar,2F4F1115,2C235B35,8CD46309,E6F3CDAE,0F06430B,1B63BAC1,3FEEF03E,8CBC5A80"/><V66/><F119/><W44/><G117/><T81/><D39/><U70/><E126/><V5/><F121/><W47/><G107/><T17/><D111/><U2/><E135/><V0/><F36/><W18/><G6/><T64/><D124/><U95/><E104/><V59/><F50/><W67/><G38/><T129/><D129/><U49/><REACH who="1" step="1"/><E77/><REACH who="1" step="2"/><V73/><REACH who="2" step="1"/><F59/><REACH who="2" step="2"/><W127/><G127/><T40/><D114/><U34/><E34/><V89/><F89/><W58/><G58/><T71/><D32/><U120/><E120/><V30/><F30/><W21/><G76/><T68/><D31/><U57/><E57/><V92/><F92/><W123/><G93/><T110/><D88/><U115/><E115/><V132/><F132/><W27/><G123/><T53/><D79/><U24/><E24/><V63/><F63/><W23/><G47/><T54/><D81/><U116/><E116/><V87/><F87/><W90/><G44/><T7/><D86/><U33/><E33/><V106/><F106/><W25/><G90/><T22/><D80/><U100/><E100/><V83/><F83/><W128/><G103/><T52/><D99/><U26/><E26/><V108/><F108/><W94/><G27/><T125/><D110/><U48/><E48/><V37/><F37/><W62/><G46/><T61/><D125/><U85/><E85/><V131/><F131/><W122/><G128/><T3/><D61/><U28/><E28/><V130/><F130/><W35/><G101/><T74/><D74/><U51/><E51/><V109/><F109/><W9/><G35/><RYUUKYOKU ba="1,4" sc="155,-15,294,15,170,15,341,-15" hai1="2,4,10,12,13,42,45,49,69,70,91,95,98" hai2="0,5,11,14,19,56,60,66,73,78,82,112,113" /><INIT seed="6,2,4,5,3,39" ten="140,309,185,326" oya="2" hai0="133,41,72,130,91,129,4,25,44,14,62,55,17" hai1="131,135,0,107,53,49,59,32,8,103,118,76,3" hai2="9,120,114,108,11,97,128,27,12,111,84,65,113" hai3="35,64,21,78,85,66,15,79,110,106,22,10,71" shuffle="mt19937ar,7D9BC057,D84469B5,102DE7F9,79B51748,481CA7C0,A69CAD61,83CC5C75,699D8DFC"/><V126/><F120/><W56/><G110/><N who="2" m="42025" /><F126/><W92/><G106/><T83/><D133/><U119/><E32/><V124/><F124/><W33/><G71/><T67/><D55/><U96/><E131/><N who="0" m="50185" /><D25/><U5/><E135/><V60/><F128/><W75/><G75/><T46/><D4/><U101/><E101/><V28/><F97/><W77/><G35/><T54/><D54/><U48/><E48/><V93/><F93/><W36/><G36/><T88/><D83/><U31/><E31/><V117/><F84/><W127/><G33/><T20/><D72/><U95/><E95/><V74/><F74/><W87/><G127/><T58/><D46/><U50/><E76/><V40/><F40/><W81/><G92/><T52/><D67/><N who="3" m="25641" /><G56/><T134/><D134/><U57/><E0/><V112/><F117/><W121/><G121/><T45/><D45/><U123/><E123/><V63/><F12/><W18/><G85/><T30/><D30/><U132/><E132/><V13/><F13/><W19/><G19/><T82/><D82/><U6/><E6/><V125/><F125/><W69/><G69/><T1/><D1/><U73/><E73/><V102/><F102/><W70/><G70/><T89/><D89/><AGARI ba="2,4" hai="10,15,18,21,22,77,78,79,81,87,89" m="25641" machi="89" ten="30,1000,0" yaku="8,1" doraHai="39" who="3" fromWho="0" sc="140,-16,309,0,185,0,326,56" /><INIT seed="7,0,0,3,4,64" ten="124,309,185,382" oya="3" hai0="6,103,85,53,31,36,113,109,50,16,104,122,60" hai1="55,29,97,12,72,121,133,76,116,100,93,124,84" hai2="108,38,5,107,131,86,79,69,80,0,78,62,51" hai3="90,95,24,127,20,61,119,58,49,59,66,52,1" shuffle="mt19937ar,B1E41F0D,259B840D,382821E6,C0711668,E1CDF988,2CC4E871,EF2E42A6,D11D2503"/><W41/><G1/><T10/><D36/><U63/><E121/><V102/><F108/><W23/><G119/><T130/><D122/><U110/><E116/><V115/><F38/><W14/><G127/><T98/><D109/><U54/><E110/><V19/><F115/><W17/><G41/><T32/><D113/><U26/><E124/><V68/><F131/><W28/><G28/><T39/><D39/><U106/><E133/><V71/><F79/><W33/><G33/><T123/><D123/><U3/><E3/><V40/><F5/><W83/><G83/><T87/><D130/><U111/><E111/><V8/><F0/><W89/><G90/><T125/><D125/><U37/><E37/><V105/><F102/><W126/><G24/><T135/><D135/><U7/><E63/><V25/><F62/><W46/><G46/><T4/><D60/><U92/><E7/><V120/><F120/><W75/><G75/><T44/><D6/><U129/><E129/><V67/><F67/><W57/><G57/><T74/><D74/><U45/><E12/><V18/><F19/><W11/><G126/><T15/><REACH who="0" step="1"/><D4/><REACH who="0" step="2"/><U9/><E72/><V134/><F134/><W13/><G61/><T77/><D77/><U81/><E106/><V27/><F27/><AGARI ba="0,1" hai="10,15,16,27,31,32,44,50,53,85,87,98,103,104" machi="27" ten="40,2600,0" yaku="1,1,54,1,53,0" doraHai="64" doraHaiUra="117" who="0" fromWho="2" sc="114,36,309,0,185,-26,382,0" owari="150,-35,309,11,159,-24,382,48" /></mjloggm>