<mjloggm ver="2.3"><GO type="41"/><UN n0="%74%61%6B%4D" n1="%E3%82%BF%E3%83%94%E3%82%AA%E3%82%AB%E3%83%91%E3%83%B3" n2="%E3%82%A6%E3%83%AB%E3%83%88%E3%83%A9%E7%AB%8B%E7%9B%B4" n3="%73%75%6D%32%32%35%35" dan="14,13,13,15" rate="1933,1809,1896,1984" sx="M,M,M,M"/><TAIKYOKU oya="0"/><INIT seed="0,0,0,1,2,130" ten="250,250,250,250" oya="0" hai0="114,79,126,41,52,88,4,107,36,16,106,32,124" hai1="99,123,48,105,22,122,95,43,87,44,57,60,84" hai2="120,73,37,33,18,64,17,97,113,38,86,39,56" hai3="1,11,29,80,50,65,75,47,31,129,23,115,12"/><T135/><D114/><U108/><E105/><V25/><F73/><W96/><G1/><T100/><D32/><U98/><E108/><V82/><F113/><W67/><G115/><T28/><D28/><U26/><E123/><V20/><F120/><W110/><G110/><T54/><D4/><U103/><E99/><V34/><F97/><W30/><G129/><T101/><D79/><U58/><E58/><V117/><F117/><W45/><G96/><T89/><D36/><U112/><E112/><V6/><F6/><W19/><G75/><T68/><D41/><U66/><REACH who="1" step="1"/><E122/><REACH who="1" step="2"/><V85/><F56/><W133/><G45/><T13/><D68/><U35/><E35/><V91/><F33/><W132/><G80/><T125/><D107/><U55/><E55/><N who="0" m="21033" /><D106/><U69/><E69/><V62/><F34/><W111/><G111/><T83/><D83/><U3/><E3/><V134/><F82/><W63/><G63/><T78/><D78/><U77/><E77/><V72/><F62/><W118/><G118/><T9/><D135/><N who="3" m="51785" /><G11/><T81/><D81/><U90/><E90/><AGARI ba="0,1" hai="9,13,16,88,89,90,100,101,124,125,126" m="21033" machi="90" ten="40,12000,1" yaku="18,1,54,3" doraHai="130" who="0" fromWho="1" sc="250,130,240,-120,250,0,250,0" /><INIT seed="0,1,0,2,0,130" ten="380,120,250,250" oya="0" hai0="65,45,43,71,54,61,5,69,12,11,25,115,36" hai1="58,34,24,35,63,29,59,51,128,107,113,84,119" hai2="46,47,6,88,10,109,4,30,112,22,8,33,120" hai3="21,74,68,27,135,93,97,42,48,37,0,91,77"/><T134/><D115/><U118/><E107/><V124/><F47/><W129/><G68/><T122/><D122/><U96/><E113/><V123/><F46/><W62/><G0/><T38/><D25/><U85/><E128/><V110/><F88/><W81/><G129/><T76/><D76/><U114/><E114/><V17/><F112/><W106/><G37/><T7/><D71/><U101/><E35/><V15/><F124/><W23/><G62/><T102/><D102/><U92/><E59/><V1/><F120/><W50/><G42/><T3/><D36/><U19/><E19/><V103/><F103/><N who="3" m="62831" /><G21/><T20/><D7/><U79/><E51/><N who="3" m="19498" /><G23/><T13/><D54/><U82/><REACH who="1" step="1"/><E84/><REACH who="1" step="2"/><V16/><F123/><W121/><G121/><T70/><D70/><U117/><E117/><V66/><F66/><AGARI ba="1,1" hai="24,29,34,58,63,66,79,82,85,92,96,101,118,119" machi="66" ten="30,2000,0" yaku="1,1,7,1,53,0" doraHai="130" doraHaiUra="14" who="1" fromWho="2" sc="380,0,110,33,250,-23,250,0" /><INIT seed="1,0,0,0,1,16" ten="380,143,227,250" oya="1" hai0="22,15,25,97,128,56,125,47,10,99,135,13,93" hai1="63,6,115,45,51,71,21,20,104,98,112,119,64" hai2="50,61,54,76,57,111,116,92,26,53,118,72,133" hai3="85,74,106,75,43,69,9,86,108,11,113,49,105"/><U130/><E119/><V39/><F76/><W129/><G113/><T73/><D73/><U0/><E130/><V124/><F72/><W117/><G108/><T17/><D128/><U59/><E71/><V83/><F83/><W66/><G129/><T27/><D135/><U3/><E6/><V24/><F39/><W34/><G34/><T120/><D120/><U52/><E104/><V5/><F111/><W82/><G117/><T23/><D125/><U41/><E98/><V14/><F124/><W31/><G31/><T131/><D131/><U102/><E102/><V78/><F78/><W33/><G33/><T62/><D47/><U107/><E107/><V29/><F133/><W48/><G66/><T91/><D99/><U90/><E90/><V36/><F36/><W28/><G28/><T46/><D46/><U70/><E115/><V123/><F123/><W94/><G94/><T127/><D127/><U122/><E122/><V134/><F134/><W79/><G79/><T80/><D80/><U84/><E84/><V44/><F92/><W65/><G65/><T100/><D100/><U114/><E114/><V58/><F44/><W18/><G82/><T4/><REACH who="0" step="1"/><D23/><REACH who="0" step="2"/><N who="1" m="8779" /><E112/><V60/><F29/><W38/><G38/><AGARI ba="0,1" hai="0,3,38,41,45,51,52,59,63,64,70" m="8779" machi="38" ten="30,12000,1" yaku="24,1,52,3,54,1" doraHai="16" who="1" fromWho="3" sc="370,0,143,130,227,0,250,-120" /><INIT seed="1,1,0,2,3,41" ten="370,273,227,130" oya="1" hai0="36,32,73,93,128,108,135,37,48,29,61,11,105" hai1="46,77,27,71,106,99,42,5,20,45,6,80,110" hai2="83,2,132,28,117,90,49,76,70,107,124,44,3" hai3="78,17,75,34,79,86,13,30,122,59,120,112,72"/><U98/><E71/><V21/><F70/><W56/><G112/><T133/><D105/><U60/><E106/><V35/><F35/><W62/><G86/><T121/><D73/><U85/><E110/><V23/><F117/><W55/><G34/><T33/><D108/><U104/><E104/><V12/><F107/><W10/><G30/><T88/><D121/><U51/><E60/><V9/><F124/><W14/><G62/><T57/><D33/><U91/><E91/><V109/><F132/><W127/><G10/><T25/><D11/><U53/><E6/><V125/><F125/><W84/><G84/><T97/><D48/><N who="1" m="26679" /><E5/><V115/><F90/><W134/><G127/><T16/><D128/><U1/><E1/><V130/><F130/><W116/><G55/><T82/><D82/><U96/><E96/><V111/><F115/><W87/><G87/><T38/><D135/><U114/><E114/><V118/><F118/><W74/><G134/><T66/><D133/><U103/><E103/><V52/><F109/><W92/><G92/><T67/><REACH who="0" step="1"/><D16/><AGARI ba="1,0" hai="16,20,27,46,51,53,77,80,85,98,99" m="26679" machi="16" ten="30,11600,0" yaku="8,1,52,2,54,1" doraHai="41" who="1" fromWho="0" sc="370,-119,273,119,227,0,130,0" /><INIT seed="1,2,0,5,4,54" ten="251,392,227,130" oya="1" hai0="44,26,99,39,117,23,22,16,112,20,15,79,106" hai1="94,27,24,9,114,130,40,120,28,81,72,0,132" hai2="30,131,66,95,38,14,113,70,134,78,93,42,4" hai3="33,89,87,36,122,116,7,133,118,88,84,82,69"/><U67/><E120/><V68/><F78/><W125/><G36/><T135/><D117/><U100/><E114/><V41/><F30/><W76/><G69/><T37/><D112/><U77/><E132/><V2/><F113/><W49/><G33/><T96/><D135/><U129/><E40/><V34/><F134/><W17/><G133/><T65/><D65/><U111/><E111/><V115/><F115/><W29/><G29/><T105/><D79/><U83/><E83/><V74/><F66/><W64/><G64/><T58/><D44/><U107/><E94/><V43/><F42/><W73/><G7/><T90/><D39/><U56/><E27/><V85/><F38/><W10/><G122/><T5/><D37/><U47/><E47/><V6/><F14/><N who="3" m="7383" /><G125/><T31/><D5/><N who="1" m="1191" /><E56/><V13/><F13/><W3/><G3/><T97/><D58/><U61/><E61/><V123/><F2/><W127/><G49/><T11/><REACH who="0" step="1"/><D90/><REACH who="0" step="2"/><N who="3" m="34921" /><G127/><T51/><D51/><U19/><E67/><V103/><F123/><W18/><G18/><T59/><D59/><U71/><E19/><V57/><F57/><W98/><G98/><T104/><AGARI ba="2,1" hai="11,15,16,20,22,23,26,31,96,97,99,104,105,106" machi="104" ten="40,5200,0" yaku="1,1,0,1,54,1,53,0" doraHai="54" doraHaiUra="52" who="0" fromWho="0" sc="241,68,392,-28,227,-15,130,-15" /><INIT seed="2,0,0,2,0,61" ten="309,364,212,115" oya="2" hai0="56,135,129,48,14,123,83,5,59,64,11,0,20" hai1="114,111,97,119,102,22,134,63,74,96,116,128,62" hai2="13,71,105,81,126,27,65,115,58,46,108,82,42" hai3="54,107,12,127,72,118,117,87,55,77,132,26,103"/><V4/><F71/><W78/><G72/><T16/><D123/><U60/><E114/><V18/><F105/><W52/><G26/><T122/><D122/><U84/><E74/><V88/><F115/><W17/><G132/><T106/><D106/><U49/><E111/><V120/><F120/><W9/><G127/><T68/><D135/><U57/><E134/><V8/><F108/><W80/><G77/><T19/><D129/><U1/><E1/><V124/><F126/><W89/><G78/><T121/><D121/><U24/><E128/><V28/><F124/><W38/><G38/><T67/><D68/><U79/><E119/><V40/><F18/><W36/><G36/><T23/><D83/><N who="1" m="47231" /><E116/><V99/><F81/><W21/><G21/><T15/><D48/><U76/><E76/><V95/><F82/><W101/><REACH who="3" step="1"/><G107/><REACH who="3" step="2"/><T45/><D45/><U2/><E2/><V3/><F3/><W104/><G104/><T34/><D34/><U10/><E10/><V47/><F47/><W93/><G93/><T53/><REACH who="0" step="1"/><D53/><REACH who="0" step="2"/><N who="1" m="31919" /><E102/><AGARI ba="0,2" hai="9,12,17,52,54,55,80,87,89,101,102,103,117,118" machi="102" ten="40,2600,0" yaku="1,1,54,1,53,0" doraHai="61" doraHaiUra="131" who="3" fromWho="1" sc="299,0,364,-26,212,0,105,46" /><INIT seed="3,0,0,3,4,120" ten="299,338,212,151" oya="3" hai0="18,121,125,130,4,65,31,57,96,91,99,20,127" hai1="16,0,112,42,23,53,77,126,71,44,47,60,34" hai2="36,94,48,61,26,58,14,19,37,98,129,113,88" hai3="27,100,87,5,21,33,85,67,46,49,81,110,72"/><W62/><G72/><T13/><D121/><U25/><E34/><V41/><F113/><W101/><G33/><T115/><D115/><U54/><E0/><V84/><F129/><W68/><G5/><T43/><D43/><U38/><E112/><V82/><F26/><W28/><G87/><T3/><D130/><U29/><E126/><N who="0" m="48137" /><D31/><U75/><E75/><V69/><F69/><W83/><G81/><T89/><D3/><U106/><E106/><V124/><F124/><W50/><G49/><T70/><D4/><U64/><E77/><V74/><F74/><W24/><G24/><T119/><D70/><U109/><E109/><V51/><F41/><W117/><G117/><T108/><D119/><U123/><E123/><V135/><F37/><W17/><G28/><T39/><D39/><U11/><E47/><V63/><F36/><W97/><G97/><N who="0" m="37451" /><D57/><U90/><REACH who="1" step="1"/><E90/><REACH who="1" step="2"/><N who="0" m="34313" /><D65/><U128/><E128/><V107/><F107/><W35/><G35/><T122/><D122/><U59/><E59/><V131/><F131/><W76/><REACH who="3" step="1"/><G110/><AGARI ba="0,1" hai="13,18,20,108,110" m="34313,37451,48137" machi="110" ten="40,5200,0" yaku="18,1,52,2" doraHai="120" who="0" fromWho="3" sc="299,62,328,0,212,0,151,-52" /><INIT seed="4,0,0,3,3,64" ten="361,328,212,99" oya="0" hai0="35,55,17,89,19,131,97,125,45,115,123,31,22" hai1="70,111,6,61,32,103,29,112,54,76,3,101,58" hai2="86,50,88,77,49,46,67,21,107,20,84,8,69" hai3="57,28,18,71,108,13,0,124,16,60,122,90,82"/><T56/><D123/><U94/><E111/><V73/><F107/><W121/><G0/><T128/><D35/><U104/><E104/><V9/><F73/><W40/><G108/><T92/><D115/><U10/><E76/><V74/><F74/><W14/><G40/><T100/><D45/><U126/><E126/><V27/><F77/><W81/><G28/><T132/><D132/><U96/><E112/><V98/><F98/><W116/><G116/><T53/><D31/><U114/><E114/><V113/><F113/><W38/><G38/><T52/><D125/><U15/><E3/><V95/><F67/><N who="3" m="41447" /><G124/><T85/><D131/><U75/><E75/><V63/><F63/><W65/><G57/><T91/><D128/><U34/><E70/><V66/><F66/><W83/><G65/><T39/><D39/><U118/><E118/><V11/><F69/><W36/><G90/><T80/><D100/><U105/><E29/><V1/><F1/><W47/><G47/><T102/><D102/><U5/><E6/><V12/><F27/><W62/><G62/><T127/><D127/><U68/><E68/><V109/><F109/><W93/><G93/><T59/><REACH who="0" step="1"/><D19/><REACH who="0" step="2"/><N who="3" m="7209" /><G36/><T2/><D2/><U110/><E110/><V43/><F12/><AGARI ba="0,1" hai="12,17,22,52,53,55,56,59,80,85,89,91,92,97" machi="12" ten="40,7700,0" yaku="1,1,8,1,54,1,53,0" doraHai="64" doraHaiUra="24" who="0" fromWho="2" sc="351,87,328,0,212,-77,99,0" /><INIT seed="4,1,0,2,2,60" ten="438,328,135,99" oya="0" hai0="74,51,15,38,6,110,0,80,43,87,101,54,75" hai1="23,114,52,127,4,124,104,85,91,103,55,112,133" hai2="102,82,94,117,68,19,12,76,61,8,16,77,113" hai3="93,9,24,53,119,17,120,21,121,65,47,99,129"/><T123/><D123/><N who="3" m="47177" /><G119/><T111/><D0/><U134/><E4/><V48/><F117/><W66/><G9/><T126/><D101/><U108/><E108/><N who="0" m="41513" /><D38/><U90/><E103/><V64/><F113/><N who="1" m="43625" /><E104/><V40/><F102/><N who="3" m="60783" /><G129/><T39/><D39/><U95/><E23/><V88/><F40/><W57/><G47/><N who="0" m="26111" /><D54/><N who="1" m="20523" /><E90/><V18/><F48/><AGARI ba="1,0" hai="17,21,24,48,53,57,65,66" m="60783,47177" machi="48" ten="30,3900,0" yaku="13,1,52,2" doraHai="60" who="3" fromWho="2" sc="438,0,328,0,135,-42,99,42" /><INIT seed="5,0,0,0,2,115" ten="438,328,93,141" oya="1" hai0="4,64,25,54,117,19,98,24,7,29,111,102,62" hai1="23,120,68,114,36,65,13,86,79,3,91,57,67" hai2="89,18,2,113,12,40,35,41,56,27,17,28,58" hai3="96,83,93,80,32,88,78,53,101,112,119,76,124"/><U26/><E3/><V46/><F2/><W59/><G32/><T52/><D117/><U10/><E36/><V16/><F113/><W33/><G33/><T31/><D111/><U66/><E68/><V50/><F40/><W133/><G112/><T71/><D19/><U106/><E106/><V47/><F47/><W125/><G53/><T110/><D110/><U130/><E120/><V123/><F123/><W60/><G60/><T21/><D7/><U128/><E114/><V1/><F1/><W85/><G133/><T90/><D4/><U43/><E43/><V74/><F74/><N who="3" m="43031" /><G59/><T48/><D90/><U15/><E79/><V135/><F135/><W38/><G38/><T82/><D82/><U92/><E57/><V34/><F89/><W73/><G119/><T87/><D87/><U44/><E44/><V63/><F35/><W129/><G129/><N who="1" m="49770" /><E10/><V97/><F97/><W77/><G77/><T6/><D6/><U51/><E51/><V69/><REACH who="2" step="1"/><F12/><REACH who="2" step="2"/><W5/><G5/><T39/><D39/><U75/><E75/><V132/><F132/><W84/><G84/><T14/><D14/><U20/><E20/><V134/><F134/><W49/><G49/><T131/><D48/><U42/><E42/><V126/><F126/><W103/><G103/><T122/><D131/><U72/><E72/><V37/><F37/><W0/><G0/><T9/><D122/><U70/><E70/><V109/><F109/><W95/><AGARI ba="0,1" hai="73,78,83,85,88,93,95,96,101,124,125" m="43031" machi="95" ten="30,4000,0" yaku="34,2,54,1" doraHai="115" who="3" fromWho="3" sc="438,-10,328,-20,83,-10,141,50" /><INIT seed="6,0,0,1,2,41" ten="428,308,73,191" oya="2" hai0="51,10,73,0,3,34,79,28,66,80,5,85,42" hai1="129,86,46,11,119,131,81,61,113,36,16,8,71" hai2="55,20,39,60,14,56,127,69,4,82,93,89,91" hai3="103,117,108,77,45,87,32,70,67,2,9,99,29"/><V64/><F39/><W40/><G87/><T94/><D66/><U19/><E119/><V23/><F127/><W107/><G108/><T31/><D3/><U84/><E113/><V112/><F112/><W109/><G77/><T52/><D42/><U22/><E71/><V38/><F38/><N who="3" m="21655" /><G109/><T104/><D104/><U62/><E36/><V88/><F82/><W101/><G103/><T33/><D33/><U78/><E78/><V72/><F72/><W27/><G117/><T90/><D34/><U1/><E1/><V25/><F69/><W63/><G9/><T95/><D95/><U54/><E81/><V135/><F135/><W7/><G7/><T102/><D102/><U13/><E131/><V15/><F64/><W53/><G53/><T17/><D17/><U114/><E114/><V57/><F57/><AGARI ba="0,0" hai="0,5,10,28,31,51,52,57,73,79,80,85,90,94" machi="57" ten="30,2000,0" yaku="7,1,54,1" doraHai="41" who="0" fromWho="2" sc="428,20,308,0,73,-20,191,0" /><INIT seed="7,0,0,2,3,2" ten="448,308,53,191" oya="3" hai0="103,27,85,105,36,60,14,70,73,48,84,114,81" hai1="23,124,126,129,94,11,44,82,90,91,35,133,55" hai2="54,135,58,66,80,10,134,96,74,86,41,1,98" hai3="22,83,25,46,31,101,130,20,5,63,113,132,93"/><W117/><G117/><T15/><D36/><U42/><E35/><V112/><F54/><W72/><G113/><T30/><D114/><U56/><E129/><V78/><F58/><W64/><G130/><T65/><D73/><U121/><E121/><V16/><F66/><W37/><G132/><T17/><D105/><U67/><E67/><V13/><F112/><W109/><G109/><T61/><D103/><U88/><E133/><V34/><F34/><W62/><G22/><T102/><D102/><U3/><E82/><V69/><F69/><W77/><G63/><T19/><D60/><U24/><E11/><V45/><F134/><W106/><G106/><T68/><D68/><U39/><E3/><V116/><F116/><W6/><G46/><T8/><D48/><U75/><E94/><V122/><F122/><W108/><G37/><T28/><D27/><U118/><E75/><V57/><F57/><N who="3" m="36943" /><G108/><T51/><D51/><U38/><E118/><V92/><F135/><W32/><G32/><T89/><D84/><U87/><E87/><V125/><F125/><N who="1" m="48233" /><E39/><V50/><F1/><W40/><G40/><T26/><D26/><U76/><E76/><V43/><F43/><W95/><G95/><T127/><D127/><U71/><E71/><V119/><F119/><W97/><AGARI ba="0,0" hai="5,6,20,25,31,72,77,83,93,97,101" m="36943" machi="97" ten="30,6000,0" yaku="25,1,52,2" doraHai="2" who="3" fromWho="3" sc="448,-20,308,-20,53,-20,191,60" /><INIT seed="7,1,0,4,0,64" ten="428,288,33,251" oya="3" hai0="33,21,62,99,75,23,60,55,10,38,107,96,65" hai1="57,98,54,124,59,115,34,37,67,66,77,53,104" hai2="125,78,91,134,81,12,109,26,73,83,100,71,58" hai3="63,111,123,127,87,48,92,121,130,88,79,94,82"/><W20/><G63/><T113/><D38/><U29/><E115/><V131/><F58/><W17/><G130/><T85/><D33/><U120/><E120/><V51/><F12/><W15/><G127/><T4/><D75/><U1/><E1/><V128/><F51/><W50/><G111/><T95/><D107/><U18/><E37/><V22/><F22/><W40/><G94/><T110/><D110/><U61/><E124/><V28/><F26/><W90/><G90/><T70/><D113/><U49/><E77/><V105/><F28/><W133/><G133/><T97/><D85/><U32/><E29/><V13/><F13/><W118/><G118/><T35/><D35/><U89/><E18/><V43/><F43/><W108/><G108/><T117/><D117/><U16/><E34/><V25/><F25/><W45/><REACH who="3" step="1"/><G50/><REACH who="3" step="2"/><T122/><D122/><U6/><E104/><V116/><F109/><W30/><G30/><T80/><D95/><N who="1" m="56687" /><E32/><V93/><F125/><W9/><G9/><T52/><D80/><U132/><E132/><V112/><F116/><W14/><G14/><T114/><D114/><U69/><E6/><V2/><F112/><W8/><G8/><T102/><D60/><N who="1" m="38159" /><E69/><V5/><F134/><W106/><G106/><T101/><D10/><U103/><E103/><V74/><F5/><W0/><G0/><T42/><D4/><U76/><E76/><N who="2" m="44175" /><F2/><W3/><G3/><T68/><D68/><U126/><E126/><V72/><F71/><W19/><G19/><T86/><D102/><U135/><E135/><V39/><F78/><W56/><G56/><RYUUKYOKU ba="1,1" sc="428,-10,288,-10,33,-10,241,30" hai3="15,17,20,40,45,48,79,82,87,88,92,121,123" /><INIT seed="7,2,1,3,0,91" ten="418,278,23,271" oya="3" hai0="132,75,52,125,96,117,83,7,130,42,14,90,110" hai1="39,115,127,89,64,135,12,74,5,109,57,24,102" hai2="11,59,40,81,28,60,58,4,15,111,2,65,47" hai3="87,126,82,1,78,134,116,77,6,21,101,108,3"/><W54/><G116/><T80/><D117/><U23/><E39/><V68/><F111/><W121/><G121/><T71/><D110/><U34/><E109/><V85/><F2/><W17/><G108/><T20/><D71/><U128/><E34/><V123/><F123/><W122/><G122/><T61/><D42/><U31/><E74/><V76/><F68/><W100/><G134/><T29/><D132/><U112/><E127/><V27/><F60/><W48/><G126/><T30/><D125/><U67/><E135/><V33/><F65/><W70/><G70/><T9/><D130/><U69/><E69/><V53/><F53/><W0/><G6/><T86/><D75/><U16/><E102/><V45/><F45/><W62/><G78/><T131/><D131/><U103/><E103/><V99/><F33/><W105/><G62/><T50/><D61/><U38/><E38/><V55/><F55/><W84/><G84/><N who="0" m="50439" /><D96/><U114/><E128/><V46/><F46/><W106/><G101/><T26/><D86/><U10/><E57/><V36/><F36/><W19/><G100/><T107/><D83/><U95/><E31/><V51/><REACH who="2" step="1"/><F99/><AGARI ba="2,1" hai="5,10,12,16,23,24,64,67,89,95,99,112,114,115" machi="99" ten="40,5200,0" yaku="15,1,52,1,54,1" doraHai="91" who="1" fromWho="2" sc="418,0,278,68,23,-58,271,0" owari="418,52,346,15,-35,-54,271,-13" /></mjloggm>