<mjloggm ver="2.3"><GO type="97"/><UN n0="%E7%B7%9A%E5%BD%A2%E8%A8%88%E7%94%BB%E6%B3%95" n1="%E3%82%A6%E3%83%AB%E3%83%88%E3%83%A9%E7%AB%8B%E7%9B%B4" n2="%33%E6%97%A5%E5%BE%8C%E7%99%BE%E5%80%8D" n3="%E3%81%8A%E3%81%8B%E3%82%81%E7%B4%8D%E8%B1%86" dan="15,13,14,14" rate="1944,1824,1867,2003" sx="M,M,M,M"/><TAIKYOKU oya="0"/><INIT seed="0,0,0,1,3,4" ten="250,250,250,250" oya="0" hai0="96,121,17,46,122,84,33,18,86,54,111,95,39" hai1="43,125,19,40,73,26,107,113,65,6,55,135,77" hai2="134,105,97,38,102,52,126,0,23,119,48,58,133" hai3="110,59,29,120,80,91,78,45,37,63,28,11,2" shuffle="mt19937ar,51B9C039,DEDC2157,34D607C8,8C929B53,A651296A,C8FA08F4,6AA84F42,2B2909B4"/><T70/><D33/><U25/><E107/><V71/><F71/><W62/><G91/><T51/><D70/><U53/><E113/><V72/><F72/><W30/><G120/><T132/><D132/><N who="2" m="50794" /><F38/><W88/><G59/><T9/><D111/><U10/><E135/><V128/><F128/><W44/><G110/><T76/><D39/><U35/><E65/><V32/><F32/><W75/><G88/><N who="0" m="55399" /><D122/><U130/><E130/><V94/><F126/><W90/><G90/><T12/><D121/><U1/><E125/><V108/><F108/><W15/><G2/><T114/><D114/><U79/><E19/><N who="0" m="7177" /><D76/><U31/><E26/><V42/><F23/><W5/><G37/><T36/><D36/><U57/><E55/><V56/><F42/><W104/><REACH who="3" step="1"/><G104/><REACH who="3" step="2"/><T83/><D83/><U124/><E124/><V61/><F0/><W3/><G3/><T98/><D98/><U101/><E101/><V47/><F119/><W69/><G69/><T66/><D66/><U14/><E1/><V112/><F112/><W123/><G123/><T127/><D127/><U117/><E117/><V27/><F105/><W67/><G67/><T34/><D34/><U131/><E131/><V118/><F118/><W115/><G115/><T116/><D116/><U109/><E109/><V85/><F58/><W60/><AGARI ba="0,1" hai="5,11,15,28,29,30,44,45,60,62,63,75,78,80" machi="60" ten="30,8000,1" yaku="1,1,0,1,52,1,53,2" doraHai="4" doraHaiUra="41" who="3" fromWho="3" sc="250,-40,250,-20,250,-20,240,90" /><INIT seed="1,0,0,2,4,24" ten="210,230,230,330" oya="1" hai0="2,14,59,69,65,12,63,28,91,126,68,131,93" hai1="86,114,75,32,105,39,47,121,90,25,78,21,1" hai2="40,104,44,50,71,55,20,107,120,81,8,37,122" hai3="79,31,129,19,45,41,7,132,11,57,22,72,118" shuffle="mt19937ar,C9B392B3,2D9796F6,9DF0595B,5E04B361,ED8F6FDC,D1F669A2,91EEC37B,657AE3D0"/><U35/><E105/><V92/><F71/><W115/><G115/><T52/><D2/><U111/><E121/><V46/><F107/><W54/><G118/><T124/><D131/><U73/><E114/><V98/><F104/><W110/><G129/><T77/><D77/><U66/><E1/><V97/><F97/><W15/><G132/><T62/><D69/><U60/><E111/><V135/><F135/><W117/><G110/><T95/><D95/><U112/><E112/><V10/><F81/><W134/><G134/><T85/><REACH who="0" step="1"/><D28/><REACH who="0" step="2"/><U4/><E78/><V16/><F122/><W13/><G31/><T6/><D6/><U88/><E4/><V84/><F120/><W119/><G79/><T51/><D51/><U0/><E0/><V48/><F37/><W36/><REACH who="3" step="1"/><G72/><REACH who="3" step="2"/><T87/><D87/><U29/><E75/><V109/><F84/><W49/><AGARI ba="0,2" hai="7,11,13,15,19,22,36,41,45,49,54,57,117,119" machi="49" ten="30,4000,0" yaku="1,1,2,1,0,1,53,0" doraHai="24" doraHaiUra="82" who="3" fromWho="3" sc="200,-10,230,-20,230,-10,320,60" /><INIT seed="2,0,0,2,0,55" ten="190,210,220,380" oya="2" hai0="115,100,104,19,129,37,25,83,62,9,110,116,132" hai1="73,133,26,126,3,45,7,41,24,98,127,93,31" hai2="105,76,34,12,121,135,0,38,111,65,112,68,52" hai3="28,53,84,22,70,39,94,33,11,42,8,79,72" shuffle="mt19937ar,F87AD02D,BC778EDB,89460D79,83619881,6723DBC6,D20526A1,0CA1E1BC,33DD7B9F"/><V18/><RYUUKYOKU type="yao9" ba="0,0" sc="190,0,210,0,220,0,380,0" hai2="0,12,18,34,38,52,65,68,76,105,111,112,121,135" /><INIT seed="2,1,0,3,5,109" ten="190,210,220,380" oya="2" hai0="77,83,123,99,100,10,8,40,91,108,32,101,112" hai1="106,46,65,131,56,113,73,121,94,7,4,20,6" hai2="51,26,25,97,96,122,124,33,70,19,135,72,74" hai3="126,128,76,57,9,1,28,22,41,93,115,47,43" shuffle="mt19937ar,35CAC752,D9E7621A,0E4B338C,D9173B51,E2363FC0,62D2D220,2DFFB592,F3C3DAC1"/><V29/><F70/><W105/><G105/><T104/><D32/><U2/><E106/><V98/><F122/><W87/><G57/><T119/><D123/><U80/><E2/><V24/><F135/><W37/><G28/><T133/><D133/><U66/><E121/><V102/><F124/><W35/><G35/><T27/><D108/><U81/><E73/><V3/><F3/><W79/><G22/><T5/><D119/><U45/><E131/><V129/><F129/><W11/><G128/><T111/><D111/><U92/><E20/><V0/><F0/><W75/><G93/><N who="1" m="35946" /><E56/><V52/><F102/><W120/><G87/><T50/><D112/><U31/><E31/><V17/><F29/><W116/><G116/><T58/><D27/><U64/><E113/><V89/><F89/><W134/><G134/><T117/><D117/><U67/><N who="1" m="16896" /><DORA hai="95" /><U30/><E30/><V23/><F33/><W13/><G120/><T86/><D101/><U63/><E63/><V68/><F68/><W36/><G126/><T90/><D10/><U48/><E48/><V61/><F61/><W15/><G1/><T114/><D114/><U85/><E85/><V71/><F71/><W110/><G115/><T18/><D18/><U84/><E84/><V118/><F118/><W82/><G110/><T21/><D21/><U103/><E103/><V60/><F60/><W16/><G76/><T14/><REACH who="0" step="1"/><D58/><REACH who="0" step="2"/><U88/><E88/><V39/><F23/><W125/><G125/><T54/><D54/><U130/><E130/><V132/><F132/><W49/><G43/><T12/><D12/><RYUUKYOKU ba="1,1" sc="180,10,210,10,220,-30,380,10" hai0="5,8,14,40,50,77,83,86,90,91,99,100,104" hai1="4,6,7,45,46,80,81" hai3="9,11,13,15,16,36,37,41,47,49,75,79,82" /><INIT seed="3,2,1,3,0,83" ten="190,220,190,390" oya="3" hai0="12,63,89,33,24,7,5,74,99,40,77,103,46" hai1="90,91,120,93,79,100,124,4,18,22,106,123,134" hai2="69,85,84,116,55,2,42,54,27,26,109,105,121" hai3="49,135,132,36,70,15,28,114,14,31,0,61,117" shuffle="mt19937ar,B1E8C7FE,4B4C8C01,F75A7205,B636B9CE,BBA25D0D,3313D434,C2960FD9,2F71488B"/><W9/><G36/><T130/><D130/><U30/><E30/><V59/><F105/><W72/><G72/><T21/><D33/><U53/><E4/><V38/><F69/><W44/><G114/><T113/><D113/><U62/><E79/><V112/><F2/><W86/><G0/><T80/><D89/><U16/><E106/><V129/><F112/><W115/><G115/><T68/><D12/><U1/><E1/><V73/><F73/><W25/><G117/><T104/><D63/><U11/><E11/><V37/><F116/><W19/><G15/><T29/><D68/><U107/><E107/><V96/><F121/><W133/><G86/><T32/><D32/><U64/><E64/><V56/><F129/><W48/><G25/><T45/><D46/><U126/><E134/><V125/><F96/><W94/><G94/><T87/><D74/><U95/><E100/><V8/><F8/><W78/><G78/><T39/><AGARI ba="2,1" hai="5,7,21,24,29,39,40,45,77,80,87,99,103,104" machi="39" ten="20,2700,0" yaku="0,1,7,1,52,1" doraHai="83" who="0" fromWho="0" sc="190,43,220,-9,190,-9,390,-15" owari="233,-2,211,-14,181,-22,375,38" /></mjloggm>