<mjloggm ver="2.3"><GO type="97"/><UN n0="%6B%75%72%75" n1="%E3%82%A6%E3%83%AB%E3%83%88%E3%83%A9%E7%AB%8B%E7%9B%B4" n2="%73%79%61%6D%6F" n3="%4B%4C%49%46" dan="15,13,14,13" rate="1976,1820,1911,1889" sx="M,M,M,M"/><TAIKYOKU oya="0"/><INIT seed="0,0,0,3,4,47" ten="250,250,250,250" oya="0" hai0="58,92,124,38,135,112,59,130,127,14,13,96,1" hai1="29,68,46,93,76,45,81,95,54,19,128,0,75" hai2="63,56,110,64,132,40,125,18,106,35,51,91,100" hai3="122,57,22,21,108,42,37,99,5,15,3,72,9" shuffle="mt19937ar,5CA51282,EECA7824,D8E9E733,242AE946,91C36FD5,711CB71C,436002FA,F6931A92"/><T89/><D38/><U113/><E68/><V71/><F35/><W7/><G72/><T101/><D1/><U134/><E29/><V65/><F110/><W119/><G108/><T11/><D112/><U36/><E46/><V67/><F125/><N who="0" m="48202" /><D135/><U20/><E113/><V126/><F132/><W23/><G119/><T88/><D130/><U117/><E134/><V105/><F126/><W109/><G122/><T79/><D79/><U25/><E128/><V104/><F100/><W28/><G109/><T97/><D89/><U111/><E111/><V12/><F91/><W8/><G99/><T90/><D90/><U10/><E117/><V30/><F30/><W27/><G57/><N who="0" m="21515" /><D11/><U87/><E87/><V85/><F85/><W61/><G61/><T2/><D2/><U73/><E73/><V53/><REACH who="2" step="1"/><F40/><REACH who="2" step="2"/><W78/><G42/><T69/><D69/><U60/><E75/><V33/><F33/><N who="3" m="20639" /><G78/><T120/><D120/><U17/><E76/><V115/><F115/><W49/><G37/><T44/><D101/><U123/><E36/><V98/><F98/><W94/><G94/><T41/><D97/><U48/><E95/><V70/><F70/><W39/><G39/><T52/><D41/><U83/><E93/><V131/><F131/><W80/><G80/><T55/><D55/><U114/><E123/><V82/><F82/><W32/><G32/><T66/><D66/><U133/><E83/><V34/><F34/><W31/><G49/><AGARI ba="0,1" hai="13,14,44,49,52,88,92,96" m="21515,48202" machi="49" ten="30,11600,0" yaku="18,1,52,1,54,2" doraHai="47" who="0" fromWho="3" sc="250,126,250,0,240,0,250,-116" /><INIT seed="0,1,0,3,1,70" ten="376,250,240,134" oya="0" hai0="51,38,109,98,24,119,97,61,25,99,112,77,14" hai1="34,132,88,82,76,123,105,71,95,127,94,135,52" hai2="65,10,7,121,104,111,120,47,106,15,89,78,74" hai3="86,56,129,49,60,57,39,16,4,116,54,128,43" shuffle="mt19937ar,BBF007C3,15F1BE51,D61B8A68,C43EAF26,A0207C18,FEBF6318,C4FA5E13,7E280D8B"/><T80/><D38/><U122/><E71/><V13/><F111/><W17/><G116/><T50/><D119/><U115/><E34/><V12/><F65/><W22/><G4/><T130/><D112/><U84/><E52/><V101/><F89/><W26/><G86/><N who="0" m="48399" /><D130/><N who="3" m="50281" /><G60/><T37/><D37/><U9/><E9/><V72/><F72/><W27/><G57/><T35/><D35/><U124/><E105/><V1/><F104/><W40/><G40/><T85/><D85/><N who="1" m="48327" /><E95/><V2/><F2/><W100/><G100/><T55/><D14/><U87/><E87/><V102/><F101/><W92/><G92/><T131/><D131/><U96/><E84/><V29/><F106/><W59/><G59/><N who="0" m="35071" /><D109/><U75/><E75/><V30/><F102/><W113/><G113/><T20/><D25/><N who="3" m="9225" /><G22/><T32/><D32/><U44/><E115/><V91/><F74/><W5/><G5/><T118/><D118/><U23/><E23/><V110/><F110/><W18/><G43/><T64/><D64/><U125/><E44/><V93/><F78/><W103/><G103/><T81/><D81/><U33/><E33/><V63/><F47/><W83/><G83/><T108/><D108/><U21/><E21/><V41/><F41/><W73/><G73/><T68/><D68/><U42/><E42/><V11/><F7/><W107/><G107/><T3/><D3/><U19/><E19/><AGARI ba="1,0" hai="19,20,24,50,51,97,98,99" m="35071,48399" machi="19" ten="30,1500,0" yaku="8,1" doraHai="70" who="0" fromWho="1" sc="376,18,250,-18,240,0,134,0" /><INIT seed="0,2,0,5,0,113" ten="394,232,240,134" oya="0" hai0="39,63,89,28,6,135,35,116,19,93,108,68,81" hai1="103,11,14,50,78,27,42,104,47,80,41,73,87" hai2="12,95,75,10,110,49,40,38,37,86,45,102,4" hai3="85,57,60,52,54,123,32,34,5,9,33,58,15" shuffle="mt19937ar,5712E757,2A96592F,FA8807F6,DA3E7884,549E64DF,A06F7678,9B6976A7,8F6FB6A3"/><T43/><D6/><U90/><E27/><V66/><F75/><W0/><G123/><T118/><D39/><U105/><E42/><V74/><F110/><W83/><G0/><T71/><D43/><U18/><E103/><V126/><F74/><W98/><G98/><T20/><D35/><U112/><E112/><V31/><F126/><W82/><REACH who="3" step="1"/><G85/><REACH who="3" step="2"/><T26/><D108/><U114/><E114/><V65/><F86/><W36/><G36/><T129/><D129/><U23/><E11/><V94/><F37/><W121/><G121/><T24/><D71/><U2/><E2/><V100/><F38/><W69/><G69/><T3/><D3/><U133/><E133/><V134/><F134/><W29/><G29/><T128/><D135/><U44/><E44/><V97/><F31/><W25/><G25/><T109/><D109/><U13/><E13/><V7/><F4/><W64/><G64/><T22/><D128/><U106/><E106/><V119/><F65/><W61/><AGARI ba="2,1" hai="5,9,15,32,33,34,52,54,57,58,60,61,82,83" machi="61" ten="30,7900,0" yaku="1,1,0,1,9,1,54,1,53,0" doraHai="113" doraHaiUra="62" who="3" fromWho="3" sc="394,-41,232,-22,240,-22,124,95" /><INIT seed="1,0,0,5,5,10" ten="353,210,218,219" oya="1" hai0="121,82,50,70,87,74,57,44,109,81,55,40,1" hai1="65,46,22,2,4,67,58,80,116,129,85,84,32" hai2="130,101,47,19,30,28,104,105,31,126,12,14,66" hai3="112,41,61,114,59,54,24,98,95,37,97,73,39" shuffle="mt19937ar,0CCA7E7D,076C7734,DB687FB5,0B64AF3D,F380788A,B9B9FD17,A5446F40,142B5F59"/><U17/><E32/><V71/><F126/><W42/><G73/><T68/><D1/><U103/><E116/><V16/><F130/><W106/><G106/><T86/><D74/><U133/><E129/><V118/><F118/><W93/><G24/><T100/><D100/><U92/><E133/><V119/><F119/><W115/><G61/><T23/><D121/><U52/><E4/><V89/><F89/><W96/><G59/><T56/><D109/><U18/><E2/><V88/><F47/><W60/><G60/><T34/><D34/><U35/><E35/><V76/><F76/><W13/><G54/><T107/><D107/><U20/><E46/><V26/><F26/><W49/><G49/><T38/><D57/><U127/><E127/><V111/><F111/><W33/><G33/><T3/><D3/><U25/><E85/><V125/><F125/><W11/><G13/><T69/><D23/><U63/><E103/><V132/><F71/><W36/><REACH who="3" step="1"/><G11/><REACH who="3" step="2"/><T75/><D75/><U29/><E29/><V90/><F66/><W21/><G21/><T122/><D122/><U108/><E108/><V117/><F117/><W134/><G134/><T7/><D70/><U123/><E123/><V62/><F62/><W113/><G113/><T8/><D69/><U43/><E43/><AGARI ba="0,1" hai="36,37,39,41,42,43,93,95,96,97,98,112,114,115" machi="43" ten="60,8000,1" yaku="1,1,29,2,28,2,53,0" doraHai="10" doraHaiUra="77" who="3" fromWho="1" sc="353,0,210,-80,218,0,209,90" /><INIT seed="2,0,0,1,4,97" ten="353,130,218,299" oya="2" hai0="121,126,117,53,27,135,15,45,26,48,36,89,63" hai1="11,70,81,24,46,58,86,2,107,41,65,130,118" hai2="83,108,10,57,30,7,19,73,59,38,28,1,103" hai3="21,42,39,94,99,23,100,91,98,43,51,50,62" shuffle="mt19937ar,B457AB9D,2A760E66,7E386023,E41ED268,898B6FB6,E96E3B1E,7F56A2B4,1E24C6B9"/><V18/><F38/><W35/><G35/><T122/><D117/><U112/><E70/><V95/><F108/><W6/><G6/><T68/><D89/><U33/><E107/><V34/><F73/><W64/><G39/><T14/><D68/><U106/><E106/><V109/><F109/><W82/><G82/><T66/><D36/><U79/><E118/><V37/><F37/><W88/><G64/><T40/><D40/><U0/><E112/><V133/><F133/><W13/><G62/><T3/><D3/><U128/><E33/><V85/><F28/><W60/><G60/><T44/><D63/><U54/><E65/><V12/><F19/><W104/><G13/><T74/><D66/><U17/><E54/><V29/><F29/><W61/><G61/><T47/><D74/><U102/><E58/><V134/><F134/><W67/><G67/><T87/><D135/><U9/><E24/><N who="0" m="9257" /><D53/><U125/><E125/><V84/><F30/><W8/><G8/><T4/><D4/><U22/><E22/><V16/><F34/><W80/><G80/><T113/><D113/><U105/><E17/><N who="2" m="6763" /><F1/><W71/><G104/><T69/><D69/><U90/><E2/><V129/><F129/><N who="1" m="49769" /><E0/><V123/><F123/><N who="0" m="47114" /><D126/><U5/><E5/><V114/><F114/><W75/><G71/><T124/><D124/><U120/><E120/><V56/><F83/><W132/><G132/><T101/><D48/><N who="1" m="26703" /><E90/><V25/><F25/><W77/><G75/><T111/><D111/><U20/><E20/><V52/><F52/><W93/><G77/><T127/><D127/><U96/><AGARI ba="0,0" hai="9,11,79,81,86,96,102,105" m="26703,49769" machi="96" ten="30,4000,0" yaku="5,1,19,1,52,1" doraHai="97" who="1" fromWho="1" sc="353,-10,130,40,218,-20,299,-10" /><INIT seed="3,0,0,0,0,70" ten="343,170,198,289" oya="3" hai0="25,27,102,130,114,21,72,116,74,23,99,125,81" hai1="126,29,4,28,14,22,117,78,83,50,13,112,120" hai2="62,124,68,107,119,24,132,31,16,38,127,55,7" hai3="61,122,64,118,11,87,84,35,53,92,43,105,85" shuffle="mt19937ar,5C5FE45C,95FAED37,00D8DF87,D04F4F52,042EA74F,9BCC8924,8B60BC1B,2B8FD8DC"/><W77/><G105/><T80/><D116/><U86/><E117/><V66/><F119/><W98/><G118/><T58/><D114/><U5/><E120/><V47/><F107/><W63/><G35/><T1/><D1/><U106/><E106/><V109/><F7/><W94/><G43/><T134/><D134/><U111/><E112/><V26/><F132/><W52/><G122/><T67/><D67/><U100/><E126/><N who="2" m="48171" /><F109/><W93/><G77/><T88/><D125/><U89/><E111/><V110/><F110/><W59/><G11/><T73/><D58/><U82/><E100/><V97/><F97/><W115/><G115/><T30/><D130/><U45/><E5/><V15/><F55/><N who="3" m="21067" /><G63/><T123/><D123/><U133/><E133/><V108/><F108/><W91/><AGARI ba="0,0" hai="59,61,64,84,85,87,91,92,93,94,98" m="21067" machi="91" ten="30,3000,0" yaku="8,1,54,1" doraHai="70" who="3" fromWho="3" sc="343,-10,170,-10,198,-10,289,30" /><INIT seed="3,1,0,5,2,29" ten="333,160,188,319" oya="3" hai0="116,40,119,75,115,83,50,66,105,131,121,80,122" hai1="68,101,129,112,13,10,85,111,133,110,62,73,93" hai2="114,20,79,33,19,130,135,34,64,41,44,36,46" hai3="9,96,98,106,24,104,72,21,102,15,49,57,45" shuffle="mt19937ar,4772A506,2D5BE2E3,82C636DF,BD11E427,2509FA7F,DB399036,DDE458D6,7DFC5D7C"/><W91/><G72/><T92/><D66/><U94/><E73/><V32/><F114/><W0/><G0/><T97/><D40/><U87/><E68/><V43/><F64/><W76/><G76/><N who="0" m="44063" /><D50/><U4/><E62/><V17/><F79/><W18/><G57/><T117/><D115/><U120/><E112/><V99/><F130/><W69/><G69/><T60/><D60/><U47/><E120/><N who="0" m="46185" /><D83/><U48/><E129/><V78/><F78/><W107/><G91/><N who="0" m="55455" /><D131/><U28/><E28/><V16/><F99/><W84/><G84/><T55/><D55/><U77/><E133/><V109/><F135/><W95/><G98/><T65/><D65/><U26/><E26/><V12/><REACH who="2" step="1"/><F109/><REACH who="2" step="2"/><N who="1" m="41481" /><E77/><V128/><F128/><W67/><G67/><T108/><D108/><U90/><E101/><V56/><F56/><W25/><REACH who="3" step="1"/><G9/><REACH who="3" step="2"/><T27/><D119/><U58/><E58/><V6/><F6/><W125/><G125/><T51/><D117/><U70/><E70/><V22/><F22/><W11/><G11/><T86/><D116/><U81/><E87/><V37/><AGARI ba="1,2" hai="12,16,17,19,20,32,33,34,36,37,41,43,44,46" machi="37" ten="30,16000,3" yaku="1,1,0,1,9,1,52,3,54,1,53,3" doraHai="29" doraHaiUra="30" who="2" fromWho="2" sc="333,-41,160,-41,178,183,309,-81" owari="292,4,119,-28,361,36,228,-12" /></mjloggm>