<mjloggm ver="2.3"><GO type="97"/><UN n0="%66%75%6D%69%5E%2D%5E" n1="%E3%81%AA%E3%81%A3%E3%81%8D" n2="%E3%82%A6%E3%83%AB%E3%83%88%E3%83%A9%E7%AB%8B%E7%9B%B4" n3="%E4%BB%95%E4%BA%8B%E3%81%97%E3%82%8D%E3%80%82" dan="13,14,13,15" rate="1915,1968,1849,1921" sx="M,M,M,M"/><TAIKYOKU oya="0"/><INIT seed="0,0,0,1,1,111" ten="250,250,250,250" oya="0" hai0="60,120,99,72,85,25,33,87,118,92,18,45,22" hai1="107,117,58,7,75,36,77,97,80,135,108,14,131" hai2="124,9,128,6,41,57,46,47,61,43,15,132,130" hai3="64,12,114,39,49,89,3,79,48,28,94,40,82" shuffle="mt19937ar,70E31617,2165785A,1D4DF6B0,93297A4A,AFA1DB09,CDA4FF2B,474C1B8C,E6EF039E"/><T103/><D120/><U34/><E117/><V93/><F124/><W110/><G64/><T29/><D72/><U0/><E0/><V133/><F93/><W119/><G119/><T17/><D118/><U30/><E36/><V35/><F35/><W129/><G110/><T51/><D60/><U95/><E108/><V91/><F91/><W27/><G129/><N who="2" m="49769" /><F43/><W53/><G12/><T73/><D73/><U96/><E131/><V106/><F106/><W70/><G70/><T19/><D19/><U69/><E69/><V134/><F41/><W31/><G3/><T8/><D8/><U63/><E107/><V127/><F127/><W56/><G39/><T88/><D85/><U122/><E122/><V20/><F20/><W54/><G40/><N who="0" m="24999" /><D33/><U74/><E135/><N who="2" m="34563" /><V42/><DORA hai="112" /><F42/><W37/><G37/><T66/><D66/><AGARI ba="0,0" hai="6,9,15,46,47,57,61,66" m="34563,49769" machi="66" ten="40,2600,0" yaku="19,1,20,1" doraHai="111,112" who="2" fromWho="0" sc="250,-26,250,0,250,26,250,0" /><INIT seed="1,0,0,1,5,47" ten="224,250,276,250" oya="1" hai0="68,57,50,75,3,17,92,86,104,23,99,60,65" hai1="112,24,84,71,115,35,126,38,26,0,118,63,22" hai2="19,10,45,121,123,44,34,108,133,28,79,52,46" hai3="74,114,76,30,54,78,122,13,116,14,98,69,56" shuffle="mt19937ar,09EEFA8C,C79FB73D,0EB82305,A6565FE1,C067C5B1,23F106D8,FF1DBD45,F8C72C8A"/><U101/><E118/><V132/><F28/><W53/><G114/><T7/><D75/><U15/><E0/><V77/><F34/><W96/><G69/><T106/><D68/><U48/><E38/><V80/><F19/><W5/><G122/><T55/><D3/><U128/><E101/><V20/><F20/><W6/><G30/><T4/><D104/><U97/><E35/><V40/><F10/><W21/><G116/><T61/><D106/><U94/><E128/><V91/><F40/><W62/><G74/><T85/><D65/><U18/><E84/><N who="0" m="32361" /><D60/><U9/><E63/><V36/><F36/><W73/><G73/><T117/><D61/><U107/><E71/><V64/><F64/><W39/><G39/><T113/><D113/><U43/><E107/><V89/><F108/><W70/><G70/><T87/><N who="0" m="32369" /><T67/><DORA hai="119" /><D67/><U12/><E26/><V135/><F52/><W82/><G62/><T105/><D105/><U95/><E15/><V110/><F110/><W83/><REACH who="3" step="1"/><G21/><REACH who="3" step="2"/><T58/><D117/><U88/><E112/><V25/><F80/><W103/><G103/><N who="0" m="60903" /><D58/><AGARI ba="0,1" hai="5,6,13,14,53,54,56,58,76,78,82,83,96,98" machi="58" ten="25,12000,2" yaku="1,1,22,2,8,1,53,2" doraHai="47,119" doraHaiUra="131,72" who="3" fromWho="0" sc="224,-120,250,0,276,0,240,130" /><INIT seed="2,0,0,1,2,110" ten="104,250,276,370" oya="2" hai0="18,24,44,117,126,63,64,119,9,99,41,48,47" hai1="71,37,55,120,122,78,76,128,4,74,96,53,32" hai2="84,130,3,113,5,56,49,92,30,35,26,70,72" hai3="83,21,36,93,22,34,27,95,33,19,57,28,116" shuffle="mt19937ar,F268DF27,FDE08C7E,865BA429,AA32D8A4,EC6D0BFA,6EAD8DD7,403AB12D,B3B8EB86"/><V20/><F72/><W124/><G116/><N who="0" m="44619" /><D99/><U15/><E32/><V1/><F70/><W46/><G124/><T90/><D90/><U108/><E37/><V17/><F130/><W109/><G109/><T104/><D104/><U60/><E108/><V50/><F113/><W13/><G34/><T42/><D24/><U98/><E128/><V10/><F3/><W121/><G121/><T7/><D18/><U97/><E71/><V66/><F66/><W129/><G129/><T81/><D81/><U100/><E100/><V65/><F65/><W0/><G22/><T25/><D25/><U101/><E101/><V103/><F56/><W43/><G57/><N who="0" m="36975" /><D9/><N who="1" m="4519" /><E60/><V135/><F135/><W61/><G61/><T14/><D14/><U16/><E16/><V133/><F133/><W118/><G118/><T89/><D89/><U131/><E131/><V134/><F134/><W79/><G0/><T45/><D7/><U51/><E74/><AGARI ba="0,0" hai="13,19,21,27,28,33,36,43,46,74,79,83,93,95" machi="74" ten="30,1000,0" yaku="7,1" doraHai="110" who="3" fromWho="1" sc="104,0,250,-10,276,0,370,10" /><INIT seed="3,0,0,1,1,127" ten="104,240,276,380" oya="3" hai0="34,59,28,87,19,12,120,113,84,70,68,109,50" hai1="30,37,25,6,133,126,26,17,8,106,130,39,4" hai2="115,41,57,121,47,83,85,22,117,13,69,77,101" hai3="102,1,52,45,63,107,103,46,93,56,31,32,43" shuffle="mt19937ar,D5AFE955,587127DD,833D4F45,2B537A3A,801C5B02,806CABBC,DA16099E,9CF79776"/><W29/><G107/><T90/><D120/><U100/><E126/><V11/><F69/><W42/><G1/><T33/><D113/><U111/><E111/><V61/><F115/><W62/><G32/><T79/><D109/><U66/><E66/><V48/><F117/><W44/><G63/><T124/><D68/><U134/><E100/><N who="3" m="38442" /><G93/><T18/><D70/><U98/><E98/><V74/><F121/><W2/><G2/><T35/><D28/><AGARI ba="0,0" hai="28,29,31,42,43,44,45,46,52,56,62" m="38442" machi="28" ten="30,2900,0" yaku="8,1,54,1" doraHai="127" who="3" fromWho="0" sc="104,-29,240,0,276,0,380,29" owari="75,-32,240,-11,276,3,409,40" /></mjloggm>