<mjloggm ver="2.3"><GO type="193"/><UN n0="%61%72%69%75%65" n1="%4C%6C%65%79%74%6F%6E" n2="%4B%65%6E%7A%6F%37%37%37" n3="%E3%82%A6%E3%83%AB%E3%83%88%E3%83%A9%E7%AB%8B%E7%9B%B4" dan="13,12,12,12" rate="1761,1582,1734,1812" sx="M,M,M,M"/><TAIKYOKU oya="0"/><INIT seed="0,0,0,0,4,34" ten="250,250,250,250" oya="0" hai0="2,31,10,1,88,91,28,123,69,107,44,23,49" hai1="77,99,128,30,122,65,118,129,11,79,14,16,86" hai2="58,127,32,89,59,75,84,33,124,22,81,126,103" hai3="63,62,25,95,130,102,60,111,17,96,64,104,47" shuffle="mt19937ar,13A2FB04,B6242D61,58209986,FB50C514,5D698188,2AE2CD7B,59BFA35D,8056B3C8"/><T105/><D69/><U27/><E122/><V19/><F75/><W8/><G130/><N who="1" m="50282" /><E118/><V35/><REACH who="2" step="1"/><F103/><REACH who="2" step="2"/><W93/><G111/><T68/><D68/><U100/><E86/><V55/><F55/><W85/><G64/><T73/><D73/><U43/><E65/><V110/><F110/><W53/><G104/><T7/><D123/><U94/><E43/><V119/><F119/><W101/><G101/><T38/><D107/><U36/><E36/><V72/><F72/><W29/><G53/><T52/><D38/><U51/><E51/><V98/><F98/><W83/><G96/><T5/><D105/><U120/><E120/><V6/><F6/><W134/><G102/><T113/><D113/><U121/><E121/><V125/><N who="2" m="32256" /><DORA hai="9" /><V132/><F132/><W56/><G134/><T116/><D116/><U133/><E133/><V12/><AGARI ba="0,1" hai="12,19,22,32,33,35,58,59,81,84,89" m="32256" machi="12" ten="70,8000,1" yaku="1,1,0,1,18,1,52,1,53,1" doraHai="34,9" doraHaiUra="87,131" who="2" fromWho="2" sc="250,-40,250,-20,240,90,250,-20" /><INIT seed="1,0,0,0,1,25" ten="210,230,330,230" oya="1" hai0="11,102,60,0,24,89,51,21,88,80,17,79,49" hai1="69,13,109,27,114,120,32,48,131,70,41,85,86" hai2="5,67,45,125,93,87,35,96,19,39,26,7,135" hai3="29,37,75,103,1,82,44,77,121,40,68,18,83" shuffle="mt19937ar,0FF0C1A6,AE5D6E99,8DCE8F93,BFE9CF63,CC90088A,480A8771,2129A9E3,B700D04A"/><U132/><E114/><V9/><F135/><W78/><G121/><T71/><D102/><U92/><E120/><V66/><F125/><W16/><G103/><T64/><D11/><U134/><E131/><V43/><F87/><W119/><G119/><T95/><D0/><U123/><E123/><V59/><F59/><W28/><G68/><T38/><D38/><U106/><E106/><V110/><F110/><W74/><G1/><T47/><D47/><N who="1" m="25711" /><E32/><V53/><F53/><W90/><G90/><T130/><D130/><U22/><E13/><V115/><F115/><W100/><G100/><T101/><D101/><U4/><E4/><V72/><F72/><W14/><REACH who="3" step="1"/><G18/><REACH who="3" step="2"/><T15/><D89/><U61/><E70/><V107/><F5/><W81/><G81/><T12/><D12/><U76/><E69/><V36/><F107/><W73/><G73/><T65/><D15/><U129/><E76/><V20/><F36/><W118/><G118/><T55/><D65/><U99/><E129/><V58/><F35/><W133/><G133/><N who="1" m="51306" /><E109/><V91/><REACH who="2" step="1"/><F58/><REACH who="2" step="2"/><W34/><G34/><T50/><D71/><U33/><E33/><V94/><F94/><W98/><G98/><T104/><D95/><U128/><E128/><V23/><F23/><AGARI ba="0,2" hai="14,16,23,28,29,37,40,44,74,75,77,78,82,83" machi="23" ten="30,12000,2" yaku="1,1,7,1,9,1,52,2,54,1,53,0" doraHai="25" doraHaiUra="46" who="3" fromWho="2" sc="210,0,230,0,320,-120,220,140" /><INIT seed="2,0,0,2,3,122" ten="210,230,200,360" oya="2" hai0="59,54,98,24,119,110,100,134,133,71,121,67,39" hai1="73,15,74,85,22,64,135,33,128,63,72,42,19" hai2="129,131,113,20,52,31,36,116,66,11,8,0,47" hai3="124,83,89,4,108,70,12,29,114,92,16,95,130" shuffle="mt19937ar,DC479437,49C5B6E9,3F06630E,CE1099B2,3860A89A,CC28EF3B,B883409F,72CF3AFD"/><V86/><F116/><W58/><G70/><T97/><D121/><U105/><E33/><V107/><F107/><W101/><G124/><T7/><D119/><U34/><E34/><V94/><F66/><W62/><G130/><N who="2" m="49673" /><F113/><W91/><G108/><T3/><D39/><U99/><E128/><V60/><F36/><W35/><G35/><T23/><D7/><U2/><E2/><V93/><F0/><W90/><G29/><T76/><D3/><U32/><E32/><V65/><F65/><W102/><G4/><T45/><D45/><U28/><E28/><V57/><F47/><W10/><G83/><T21/><D76/><U37/><E135/><N who="0" m="51721" /><D23/><U78/><E105/><V55/><F55/><N who="3" m="34143" /><G114/><T49/><D100/><AGARI ba="0,0" hai="10,12,16,89,90,91,92,95,100,101,102" m="34143" machi="100" ten="30,2000,0" yaku="8,1,54,1" doraHai="122" who="3" fromWho="0" sc="210,-20,230,0,200,0,360,20" /><INIT seed="3,0,0,3,3,91" ten="190,230,200,380" oya="3" hai0="11,74,50,55,66,47,65,3,104,89,49,112,103" hai1="68,135,73,23,7,16,72,113,115,40,60,38,56" hai2="86,17,10,92,90,28,46,125,5,36,25,120,37" hai3="114,63,102,96,84,21,69,101,12,132,2,29,34" shuffle="mt19937ar,C57B887E,62B44423,D22A9453,D3861E1B,8286C8C4,4915DA5D,815ED83B,0D8E70A6"/><W58/><G2/><T116/><D116/><U110/><E68/><V6/><F120/><W64/><G12/><T4/><D74/><U88/><E7/><V107/><F107/><W71/><G34/><T117/><D112/><U30/><E30/><V106/><F106/><W81/><G132/><T14/><D117/><U82/><E135/><V1/><F6/><W20/><G102/><T51/><D3/><U13/><E115/><V9/><F9/><W43/><G43/><T128/><D128/><U24/><E113/><V22/><F125/><W123/><G123/><T44/><D103/><U95/><E110/><V45/><REACH who="2" step="1"/><F28/><REACH who="2" step="2"/><W61/><G29/><T98/><D104/><U0/><E0/><V109/><F109/><W41/><G114/><T130/><D130/><U57/><E82/><V87/><F87/><W126/><G84/><T127/><D127/><U39/><E40/><V75/><F75/><W85/><G85/><T108/><D108/><U124/><E124/><V33/><F33/><W78/><G81/><T133/><D133/><U129/><E129/><V48/><F48/><W105/><G41/><T32/><D32/><U83/><E72/><V99/><F99/><W79/><G96/><T118/><D118/><U93/><E73/><V97/><F97/><W111/><G111/><T122/><D122/><U121/><E83/><V52/><F52/><W59/><G105/><T119/><D55/><U94/><E121/><V35/><F35/><W8/><G126/><T26/><D119/><U15/><E39/><AGARI ba="0,1" hai="1,5,10,17,22,25,36,37,39,45,46,86,90,92" machi="39" ten="40,2600,0" yaku="1,1,52,1,53,0" doraHai="91" doraHaiUra="77" who="2" fromWho="1" sc="190,0,230,-26,190,36,380,0" owari="190,-21,204,-15,226,-2,380,38" /></mjloggm>