<mjloggm ver="2.3"><GO type="41"/><UN n0="%E3%82%A6%E3%83%AB%E3%83%88%E3%83%A9%E7%AB%8B%E7%9B%B4" n1="%47%61%72%61%6E%61" n2="%E3%81%AE%E3%81%A9%E3%81%A3%E3%81%A1%2E" n3="%E3%83%8E%E3%83%B3%E3%83%A9%E3%82%B9%E6%89%93%E6%B3%95" dan="14,14,17,14" rate="1938,1928,2085,1879" sx="M,M,F,M"/><TAIKYOKU oya="0"/><INIT seed="0,0,0,4,4,68" ten="250,250,250,250" oya="0" hai0="22,75,100,71,81,95,74,85,31,24,58,18,35" hai1="99,28,65,7,111,56,13,122,25,117,29,47,72" hai2="60,105,83,63,127,4,8,34,119,128,91,32,107" hai3="48,16,36,114,92,121,115,88,132,89,61,19,79"/><T1/><D71/><U55/><E117/><V87/><F119/><W80/><G132/><T33/><D1/><U77/><E122/><V15/><F128/><W12/><G121/><T23/><D75/><U41/><E111/><V126/><F60/><W133/><G133/><T129/><D129/><U125/><E125/><N who="2" m="47627" /><F63/><W43/><G36/><T14/><D74/><U0/><E0/><V120/><F120/><W44/><G19/><T104/><D104/><AGARI ba="0,0" hai="4,8,15,32,34,83,87,91,104,105,107" m="47627" machi="104" ten="30,1000,0" yaku="18,1" doraHai="68" who="2" fromWho="0" sc="250,-10,250,0,250,10,250,0" /><INIT seed="1,0,0,5,3,44" ten="240,250,260,250" oya="1" hai0="1,49,63,114,122,124,51,73,26,41,40,61,128" hai1="31,67,39,6,92,14,24,85,131,109,83,13,29" hai2="74,76,127,135,69,112,79,86,19,70,3,16,117" hai3="30,121,66,118,45,4,106,129,87,130,88,34,15"/><U32/><E39/><V7/><F117/><W58/><G121/><T43/><D73/><U94/><E131/><V125/><F74/><W53/><G106/><T89/><D1/><U107/><E107/><V123/><F123/><W100/><G100/><T21/><D122/><U99/><E67/><V35/><F35/><W25/><G118/><T93/><D128/><U46/><E109/><V110/><F110/><W111/><G111/><T50/><D114/><U120/><E120/><V102/><F102/><W0/><G0/><T38/><D38/><U71/><E71/><V37/><F37/><W48/><G66/><T91/><D124/><N who="2" m="47690" /><F135/><W101/><G45/><T62/><D93/><U98/><E32/><V132/><F132/><W18/><G4/><T115/><D115/><U90/><E6/><V72/><F72/><W36/><G101/><T5/><D5/><U2/><E2/><V42/><F42/><W82/><REACH who="3" step="1"/><G36/><REACH who="3" step="2"/><T22/><D22/><AGARI ba="0,1" hai="15,18,22,25,30,34,48,53,58,82,87,88,129,130" machi="22" ten="40,8000,1" yaku="1,1,2,1,52,1,54,1,53,1" doraHai="44" doraHaiUra="20" who="3" fromWho="0" sc="240,-80,250,0,260,0,240,90" /><INIT seed="2,0,0,5,4,106" ten="160,250,260,330" oya="2" hai0="72,59,120,128,7,125,9,64,30,89,70,21,121" hai1="98,129,94,49,42,63,1,96,84,38,127,25,18" hai2="14,81,133,114,53,32,77,55,101,57,87,83,115" hai3="76,82,91,31,117,10,27,111,123,99,43,126,8"/><V74/><F32/><W113/><G117/><T73/><D59/><U108/><E1/><V46/><F133/><W131/><G123/><N who="0" m="47179" /><D21/><U118/><E38/><V60/><F101/><W33/><G91/><T2/><D89/><U23/><E118/><V15/><F15/><W86/><G99/><T103/><D103/><U20/><E108/><V36/><F14/><W112/><G111/><T12/><D12/><N who="1" m="9287" /><E127/><V37/><F37/><W90/><G126/><T93/><D93/><U22/><E129/><V4/><F4/><W35/><G131/><T109/><D125/><U88/><E63/><V104/><F104/><W134/><G35/><T71/><D128/><U67/><E67/><V5/><F5/><W11/><G43/><T122/><N who="0" m="47187" /><T34/><DORA hai="119" /><D109/><U78/><E78/><V45/><F45/><W47/><G47/><T66/><D66/><U92/><E42/><V52/><F36/><W130/><G130/><T132/><D132/><U26/><E49/><V28/><F28/><W6/><G6/><T17/><D17/><N who="1" m="12495" /><E94/><V56/><F46/><W135/><G135/><T95/><D95/><U40/><E40/><V79/><F55/><W100/><G134/><T48/><D48/><AGARI ba="0,0" hai="48,52,53,56,57,60,74,77,79,81,83,87,114,115" machi="48" ten="30,5800,0" yaku="7,1,52,1,54,1" doraHai="106,119" who="2" fromWho="0" sc="160,-58,250,0,260,58,330,0" /><INIT seed="2,1,0,4,1,76" ten="102,250,318,330" oya="2" hai0="105,63,9,91,72,115,89,0,112,36,122,3,51" hai1="75,40,14,24,16,10,56,103,84,64,123,22,108" hai2="83,31,87,134,99,107,20,82,32,93,26,39,96" hai3="54,46,124,8,79,68,13,38,81,101,58,111,62"/><V35/><F39/><W92/><G111/><T117/><D51/><U120/><E75/><V61/><F134/><W4/><G124/><T110/><D63/><U55/><E108/><V77/><F107/><W11/><G68/><T129/><D9/><U106/><E40/><V7/><F7/><W66/><G101/><T67/><D67/><U85/><E64/><V135/><F135/><W17/><G92/><T6/><D6/><U15/><E15/><V5/><F5/><W94/><G94/><T78/><D78/><U104/><E103/><V53/><F99/><W98/><G98/><T131/><D89/><U60/><E120/><V52/><F83/><W130/><G46/><T2/><D91/><U70/><E70/><V125/><F125/><W42/><G42/><T23/><D23/><U41/><E41/><V19/><F61/><W65/><G38/><T86/><D86/><U28/><E123/><V80/><F80/><W118/><G118/><T133/><D3/><U30/><REACH who="1" step="1"/><E30/><REACH who="1" step="2"/><V102/><F32/><W74/><G130/><T127/><D129/><U132/><E132/><V27/><AGARI ba="1,1" hai="19,20,26,27,31,35,52,53,77,82,87,93,96,102" machi="27" ten="20,7800,0" yaku="0,1,7,1,52,1,54,1" doraHai="76" who="2" fromWho="2" sc="102,-27,240,-27,318,91,330,-27" /><INIT seed="2,2,0,1,1,32" ten="75,213,409,303" oya="2" hai0="118,98,43,126,81,27,85,7,122,110,67,90,14" hai1="99,31,77,113,76,54,68,15,84,111,55,115,112" hai2="61,6,92,1,4,52,127,69,24,80,2,12,82" hai3="123,94,134,64,89,49,70,38,42,47,65,51,60"/><V100/><F127/><W86/><G123/><T88/><D122/><U53/><E111/><V26/><F69/><W21/><G134/><T87/><D126/><U96/><E68/><V8/><F100/><W37/><G65/><T41/><D110/><U3/><E31/><V93/><F12/><W40/><G40/><T131/><D131/><U120/><E120/><V50/><F61/><W75/><G75/><T133/><D133/><U130/><E130/><V114/><F114/><W57/><G21/><T28/><D98/><N who="1" m="37419" /><E84/><V72/><F72/><W102/><G102/><T10/><D67/><U108/><E108/><V135/><F135/><W78/><G78/><N who="1" m="30314" /><E15/><V117/><F117/><W46/><G70/><T132/><D132/><U103/><E103/><V39/><F39/><W58/><G58/><T128/><D128/><U83/><E83/><V91/><F91/><W45/><REACH who="3" step="1"/><G42/><REACH who="3" step="2"/><T63/><D118/><U95/><E95/><V66/><F66/><W17/><G17/><T13/><D43/><U97/><E97/><V35/><F93/><W16/><G16/><T0/><D41/><U33/><E33/><V104/><F92/><W116/><G116/><T107/><D107/><U73/><E73/><V124/><F104/><W20/><G20/><T34/><D63/><U5/><E5/><V129/><F129/><W71/><G71/><T22/><D22/><U109/><E109/><V62/><F35/><W59/><G59/><T74/><D74/><U121/><E121/><V29/><F6/><W79/><G79/><T56/><D56/><U30/><E30/><V119/><F29/><RYUUKYOKU ba="2,1" sc="75,10,213,10,409,-30,293,10" hai0="0,7,10,13,14,27,28,34,81,85,87,88,90" hai1="3,53,54,55,112,113,115" hai3="37,38,45,46,47,49,51,57,60,64,86,89,94" /><INIT seed="3,3,1,4,1,132" ten="85,223,379,303" oya="3" hai0="76,87,4,42,12,20,0,67,54,97,78,55,3" hai1="52,80,35,25,101,51,40,59,103,70,36,38,46" hai2="134,64,48,98,85,24,124,121,127,45,1,30,107" hai3="62,71,86,23,75,122,82,111,112,21,27,84,106"/><W125/><G112/><T117/><D117/><U13/><E80/><V28/><F134/><W104/><G122/><T33/><D33/><U73/><E73/><V37/><F1/><W49/><G75/><T74/><D74/><U39/><E13/><V81/><F37/><N who="1" m="14441" /><E25/><V53/><F64/><W95/><G49/><T90/><D3/><U91/><E103/><V109/><F109/><W57/><G71/><T102/><D0/><U9/><E91/><V133/><F133/><W96/><G111/><T77/><D67/><U44/><E9/><V131/><F131/><W18/><G86/><T50/><D4/><U34/><E101/><V108/><F108/><W60/><G23/><T94/><D12/><U123/><E34/><V113/><F113/><W116/><G106/><T14/><D14/><U61/><E35/><V126/><F121/><W22/><G104/><T15/><D15/><U7/><E7/><V100/><F24/><W29/><G29/><T2/><D20/><U79/><E79/><AGARI ba="3,1" hai="28,30,45,48,53,79,81,85,98,100,107,124,126,127" machi="79" ten="40,8000,1" yaku="18,1,52,3" doraHai="132" who="2" fromWho="1" sc="85,0,223,-89,379,99,303,0" /><INIT seed="4,0,0,2,2,40" ten="85,134,478,303" oya="0" hai0="95,100,80,50,42,82,33,123,131,9,28,130,115" hai1="26,120,2,23,93,102,3,48,111,126,1,112,53" hai2="31,86,36,13,106,72,58,135,38,75,21,49,117" hai3="8,89,51,114,47,5,107,98,132,63,83,46,105"/><T129/><D123/><U77/><E120/><V122/><F122/><W74/><G51/><T113/><D28/><U12/><E111/><V64/><F106/><W85/><G107/><T116/><D33/><U76/><E126/><V91/><F135/><W30/><G132/><T119/><D9/><U39/><E39/><V0/><F0/><W134/><G134/><T101/><D50/><U127/><E112/><N who="0" m="43081" /><D42/><U20/><E127/><V97/><F117/><N who="0" m="45130" /><D95/><U99/><E12/><V103/><F13/><W133/><G30/><T65/><D65/><U44/><REACH who="1" step="1"/><E23/><REACH who="1" step="2"/><V11/><F38/><W108/><G133/><T29/><D29/><AGARI ba="0,1" hai="1,2,3,20,26,29,44,48,53,76,77,93,99,102" machi="29" ten="40,5200,0" yaku="1,1,2,1,52,1,53,0" doraHai="40" doraHaiUra="52" who="1" fromWho="0" sc="85,-52,124,62,478,0,303,0" /><INIT seed="5,0,0,2,2,15" ten="33,186,478,303" oya="1" hai0="122,90,102,96,18,116,23,117,114,88,126,3,56" hai1="129,82,105,70,81,131,91,27,43,110,95,68,46" hai2="55,133,124,98,85,47,104,69,35,64,121,0,132" hai3="119,36,59,107,135,13,101,58,66,97,78,26,62"/><U113/><E105/><V79/><F0/><W77/><G135/><T37/><D3/><U83/><E110/><V65/><F35/><W50/><G119/><T28/><D37/><U120/><E113/><V106/><F121/><W12/><G36/><T94/><D122/><U6/><E120/><V60/><F65/><W134/><G134/><T84/><D114/><U14/><E27/><V20/><F124/><W39/><G39/><T41/><D126/><U128/><E6/><V109/><F109/><W7/><G13/><T48/><D28/><U87/><REACH who="1" step="1"/><E14/><REACH who="1" step="2"/><V80/><F104/><W127/><G26/><T54/><D41/><U34/><E34/><V75/><F106/><W72/><G127/><T5/><D5/><U115/><E115/><V71/><F133/><W99/><G7/><T17/><D116/><U30/><E30/><V53/><F132/><W44/><G12/><T63/><D117/><U1/><E1/><V108/><F108/><W73/><G107/><T45/><D23/><U4/><E4/><V42/><F20/><W92/><G92/><T61/><D102/><U112/><E112/><V24/><F24/><W38/><G101/><T9/><D9/><U57/><E57/><V40/><F69/><W22/><G59/><T125/><D125/><U31/><E31/><V2/><F71/><W33/><G58/><T111/><D111/><U21/><E21/><V11/><F2/><W100/><G22/><T10/><D10/><U29/><E29/><V103/><F11/><W93/><G100/><T89/><D56/><U8/><E8/><V74/><F103/><RYUUKYOKU ba="0,1" sc="33,-10,176,30,478,-10,303,-10" hai1="43,46,68,70,81,82,83,87,91,95,128,129,131" /><INIT seed="5,1,1,0,3,89" ten="23,206,468,293" oya="1" hai0="42,53,68,119,31,114,88,61,100,1,49,48,80" hai1="129,128,120,93,24,16,34,92,8,94,50,46,121" hai2="71,25,73,135,118,6,4,20,130,69,36,103,40" hai3="7,102,35,39,105,47,27,116,85,43,74,10,28"/><U56/><E34/><V79/><F118/><W45/><G85/><T81/><D1/><U127/><E127/><V51/><F36/><W57/><G47/><T113/><D100/><U84/><E56/><V44/><F103/><W131/><G57/><T117/><D31/><U33/><E33/><V77/><F77/><W52/><G52/><T37/><D81/><U75/><E75/><V108/><F108/><W90/><G90/><T22/><D22/><N who="1" m="13383" /><E8/><V54/><F79/><W106/><G116/><T9/><D9/><U29/><E84/><V123/><F123/><W109/><G102/><T5/><D5/><U110/><E29/><V63/><F4/><W104/><G109/><T134/><D80/><U78/><E78/><V14/><F6/><W122/><G131/><N who="1" m="50250" /><E110/><V58/><F73/><W67/><G67/><T101/><D101/><U60/><E60/><V82/><F63/><W91/><G74/><T11/><D11/><U124/><E124/><V0/><F58/><W98/><G35/><T95/><D119/><U70/><E70/><V21/><F71/><W64/><G28/><T133/><D117/><U30/><E30/><V26/><F69/><W86/><G10/><T83/><D83/><U115/><E115/><N who="0" m="44041" /><D68/><U87/><E87/><V18/><F82/><W15/><G86/><N who="0" m="52631" /><D61/><U13/><E13/><V17/><F14/><W76/><G15/><T99/><D99/><U125/><E125/><V12/><F12/><W19/><G98/><T59/><D37/><U38/><E38/><V2/><F130/><W96/><G39/><T32/><D32/><U72/><E72/><RYUUKYOKU ba="1,1" sc="23,15,206,15,468,-15,293,-15" hai0="42,48,49,53,59,133,134" hai1="46,50,92,93,94,120,121" /><INIT seed="5,2,1,2,2,108" ten="38,221,453,278" oya="1" hai0="122,116,127,107,34,3,6,26,109,56,121,90,36" hai1="7,87,131,76,98,52,86,32,79,37,43,88,128" hai2="42,96,9,126,29,95,64,134,23,50,25,125,93" hai3="27,24,14,10,135,99,111,0,38,45,100,82,19"/><U20/><E32/><V8/><F64/><W124/><G111/><T68/><D90/><U78/><E37/><V94/><F96/><W57/><G135/><T74/><D56/><U4/><E43/><V18/><F134/><W101/><G101/><T28/><D26/><U13/><E20/><V91/><F91/><W85/><G124/><N who="2" m="47721" /><F29/><W16/><G0/><T63/><D6/><N who="1" m="2091" /><E13/><V73/><F73/><W67/><G19/><T130/><D63/><U123/><E123/><V40/><F40/><W58/><G45/><AGARI ba="2,1" hai="8,9,18,23,25,42,45,50,93,94,95" m="47721" machi="45" ten="30,1000,0" yaku="18,1" doraHai="108" who="2" fromWho="3" sc="38,0,221,0,453,26,278,-16" /><INIT seed="6,0,0,3,4,51" ten="38,221,479,262" oya="2" hai0="56,110,52,93,40,41,98,63,19,94,23,66,10" hai1="9,5,115,53,107,127,118,44,26,78,14,70,89" hai2="30,81,69,4,28,99,122,21,97,112,75,38,131" hai3="8,17,73,101,113,88,50,117,1,104,62,22,111"/><V119/><F122/><W36/><G117/><T82/><D110/><U49/><E118/><V48/><F38/><W116/><G36/><T76/><D10/><U68/><E115/><V106/><F69/><W60/><G116/><T33/><D33/><U39/><E107/><V87/><F75/><W123/><G73/><T121/><D121/><U120/><E120/><V91/><F112/><W65/><G111/><T134/><D134/><U132/><E132/><V27/><F131/><W109/><G109/><T20/><D20/><U34/><E127/><V135/><F135/><W133/><G104/><T57/><D82/><U13/><E39/><V86/><F4/><W83/><G101/><T3/><D76/><U46/><E44/><V59/><F106/><W32/><G32/><T43/><D3/><U129/><E129/><V6/><F6/><W100/><G50/><T114/><D114/><U85/><E78/><V130/><F28/><W103/><G62/><T92/><D57/><U72/><E72/><V11/><F11/><W102/><G123/><T25/><REACH who="0" step="1"/><D66/><REACH who="0" step="2"/><U35/><E35/><V37/><F81/><W108/><G113/><T126/><D126/><U0/><E0/><V96/><F21/><W54/><G108/><T12/><D12/><U2/><E2/><V74/><F119/><W64/><G8/><T124/><D124/><U71/><E14/><V45/><F59/><N who="3" m="34935" /><G1/><T31/><D31/><N who="1" m="19831" /><E68/><V29/><F29/><W67/><G133/><T90/><AGARI ba="0,1" hai="19,23,25,40,41,43,52,56,63,90,92,93,94,98" machi="90" ten="30,12000,2" yaku="1,1,0,1,25,2,8,1,52,1,54,1,53,0" doraHai="51" doraHaiUra="24" who="0" fromWho="0" sc="28,130,221,-30,479,-60,262,-30" /><INIT seed="7,0,0,1,0,34" ten="158,191,419,232" oya="3" hai0="37,84,72,9,16,0,91,106,8,124,101,105,103" hai1="126,135,112,71,38,100,56,18,82,109,133,17,102" hai2="55,13,111,117,98,92,6,25,81,70,27,128,20" hai3="12,104,122,113,93,46,76,69,43,127,132,75,134"/><W89/><G122/><T115/><D37/><U48/><E109/><V123/><F70/><W66/><G104/><T130/><D72/><U79/><E71/><V64/><F64/><W61/><G75/><T4/><D124/><U67/><E38/><V14/><F111/><W29/><G76/><T65/><D130/><U129/><E129/><V36/><F36/><W83/><G83/><T41/><D41/><U99/><E126/><V68/><F68/><W77/><G77/><T1/><D65/><U24/><E24/><V78/><F117/><W40/><G29/><T35/><D35/><U95/><E102/><V87/><F25/><W2/><G43/><T23/><D115/><U47/><E112/><V96/><F96/><W108/><G12/><T94/><D105/><U74/><E67/><V114/><F114/><W116/><G108/><T60/><D60/><U125/><E56/><V119/><F119/><W107/><G107/><T63/><D63/><U30/><E30/><V10/><F55/><W90/><G116/><T7/><D106/><U50/><E50/><V86/><F123/><W44/><G113/><T3/><D3/><U54/><E125/><V118/><F118/><W58/><G69/><T19/><D19/><U42/><E42/><V28/><F128/><W59/><G40/><T11/><D11/><U110/><E110/><V49/><F49/><W15/><G66/><T85/><D85/><U52/><E54/><V120/><F120/><W22/><G61/><T21/><D21/><U32/><E32/><V121/><F121/><W26/><G127/><T31/><D31/><RYUUKYOKU ba="0,0" sc="158,15,191,15,419,-15,232,-15" hai0="0,1,4,7,8,9,16,23,84,91,94,101,103" hai1="17,18,47,48,52,74,79,82,95,99,100,133,135" owari="173,-33,206,-19,404,50,217,2" /></mjloggm>