<mjloggm ver="2.3"><GO type="41"/><UN n0="%E9%9D%92%74%65%6E" n1="%E3%81%B6%E3%82%93%E3%83%96%E3%83%B3%E3%81%9F%E3%81%93%E3%82%8B" n2="%E3%83%9F%E3%83%83%E3%83%81%E3%83%A3%E3%83%B3" n3="%E3%82%A6%E3%83%AB%E3%83%88%E3%83%A9%E7%AB%8B%E7%9B%B4" dan="15,14,13,14" rate="1932,1917,1813,1908" sx="M,M,M,M"/><TAIKYOKU oya="0"/><INIT seed="0,0,0,1,5,86" ten="250,250,250,250" oya="0" hai0="128,49,53,38,16,105,74,37,43,34,73,60,107" hai1="20,84,78,134,67,119,100,80,132,21,1,117,114" hai2="85,98,52,69,18,109,35,96,47,40,133,116,3" hai3="127,5,118,6,31,25,28,94,27,77,130,135,113"/><T41/><D34/><U23/><E1/><V2/><F133/><W30/><G77/><T88/><D60/><U123/><E123/><V26/><F69/><W122/><G94/><T68/><D68/><U115/><E67/><V32/><F85/><W87/><G87/><T91/><D49/><U11/><E100/><V126/><F126/><W110/><G122/><T61/><D61/><U29/><E11/><V39/><F109/><W48/><G48/><T45/><D53/><U108/><E108/><V55/><F116/><N who="1" m="44617" /><E84/><V97/><F18/><W17/><G110/><T56/><D56/><U19/><E78/><V103/><F103/><W7/><G118/><T57/><D57/><U129/><E80/><V81/><F81/><W4/><G127/><T101/><D101/><U93/><E93/><V14/><F14/><W50/><G50/><T102/><D102/><U36/><E36/><V13/><F13/><W54/><G54/><T76/><D76/><U120/><E120/><V106/><F106/><W22/><G135/><N who="1" m="51754" /><E129/><V121/><F121/><W111/><G111/><T66/><D66/><U15/><E29/><N who="3" m="11370" /><G130/><T112/><D128/><U58/><E58/><V0/><F26/><W33/><G113/><N who="1" m="43018" /><E15/><V92/><F92/><W70/><N who="3" m="1536" /><DORA hai="59" /><W12/><G70/><T46/><D112/><U62/><E62/><V8/><F8/><W75/><G75/><T90/><D90/><U65/><E65/><V104/><F104/><W79/><G79/><T89/><D89/><U51/><E51/><V42/><F42/><W124/><G12/><T71/><D71/><U125/><E125/><RYUUKYOKU ba="0,0" sc="250,0,250,0,250,0,250,0" hai0="16,37,38,41,43,45,46,73,74,88,91,105,107" hai1="19,20,21,23" hai2="0,2,3,32,35,39,40,47,52,55,96,97,98" hai3="17,22,25,27,31,33,124" /><INIT seed="0,1,0,4,0,114" ten="250,250,250,250" oya="0" hai0="58,92,97,22,102,39,38,100,35,82,128,112,7" hai1="14,104,77,72,49,24,127,79,28,63,2,108,5" hai2="66,116,65,3,83,43,37,62,115,74,45,4,103" hai3="73,105,122,90,68,44,101,125,15,57,91,130,76"/><T17/><D35/><U75/><E108/><V54/><F115/><W84/><G68/><T40/><D112/><U131/><E127/><V85/><F103/><W96/><G44/><T25/><D7/><U89/><E131/><V69/><F54/><W6/><G130/><T41/><D128/><U132/><E132/><V47/><F47/><W9/><G125/><T87/><D102/><U60/><E104/><V11/><F66/><W135/><G135/><T59/><D41/><U23/><E2/><V123/><F123/><W19/><G122/><T117/><D117/><U106/><E106/><V52/><F52/><W129/><G129/><T86/><D86/><U46/><E89/><V95/><F95/><W120/><G120/><T36/><REACH who="0" step="1"/><D40/><REACH who="0" step="2"/><U34/><E34/><V8/><F85/><W81/><G6/><T126/><D126/><U20/><E5/><V50/><F50/><W10/><G73/><T21/><D21/><U55/><E75/><V29/><F29/><W42/><G42/><T124/><D124/><U31/><E72/><V26/><F11/><W33/><G33/><T111/><D111/><U16/><E31/><V30/><F30/><W13/><G10/><T118/><D118/><U119/><E119/><V109/><F109/><W133/><G133/><T32/><D32/><U80/><E63/><V56/><F116/><W110/><G110/><T70/><D70/><U48/><E60/><V0/><F0/><W71/><G71/><T27/><D27/><U134/><E134/><V93/><F26/><W78/><G9/><T107/><D107/><U53/><E49/><RYUUKYOKU ba="1,1" sc="240,30,250,-10,250,-10,250,-10" hai0="17,22,25,36,38,39,58,59,82,87,92,97,100" /><INIT seed="0,2,1,5,2,134" ten="270,240,240,240" oya="0" hai0="102,22,40,84,19,95,17,15,72,70,81,69,42" hai1="38,131,135,65,52,76,80,41,89,67,3,6,130" hai2="54,123,32,51,110,103,39,97,27,49,88,1,64" hai3="112,53,78,48,23,60,132,93,50,46,85,125,127"/><T24/><D72/><N who="1" m="43015" /><E135/><V5/><F123/><W45/><G132/><T36/><D70/><U34/><E89/><V119/><F119/><W98/><G60/><T66/><D66/><U118/><E52/><V120/><F120/><W71/><G71/><T55/><D69/><U21/><E21/><V20/><F110/><W83/><G23/><N who="0" m="11711" /><D36/><U68/><E67/><V56/><F39/><W91/><REACH who="3" step="1"/><G112/><REACH who="3" step="2"/><T16/><D55/><AGARI ba="2,2" hai="45,46,48,50,53,55,78,83,85,91,93,98,125,127" machi="55" ten="40,8000,1" yaku="1,1,2,1,9,1,52,2,53,0" doraHai="134" doraHaiUra="25" who="3" fromWho="0" sc="270,-86,240,0,240,0,230,106" /><INIT seed="1,0,0,4,2,13" ten="184,240,240,336" oya="1" hai0="32,61,85,115,123,0,6,23,94,60,81,102,29" hai1="50,28,133,74,47,40,3,21,108,88,96,76,38" hai2="92,19,110,116,8,103,80,53,26,30,84,39,90" hai3="98,34,97,130,52,31,66,64,37,129,117,62,86"/><U2/><E133/><V67/><F116/><W17/><G37/><T49/><D115/><U91/><E108/><V43/><F110/><W134/><G31/><T104/><D32/><U124/><E124/><V82/><F39/><W10/><G34/><T25/><D104/><U15/><E38/><V119/><F119/><W114/><G114/><T128/><D128/><N who="3" m="49257" /><G134/><T63/><D123/><U5/><E96/><V65/><F43/><W122/><G86/><T20/><D6/><U89/><E28/><V87/><F30/><W78/><G78/><T113/><D0/><U27/><E27/><V56/><F103/><W4/><G122/><T48/><D113/><U125/><E125/><V100/><F100/><W107/><G107/><T93/><D23/><U45/><E45/><V120/><F120/><W127/><G127/><T121/><D102/><U70/><E70/><V132/><F132/><W12/><G117/><T18/><D29/><U83/><REACH who="1" step="1"/><E5/><REACH who="1" step="2"/><V36/><F36/><W51/><G97/><T68/><D68/><U55/><E55/><V77/><F53/><W105/><G98/><T126/><D126/><U73/><E73/><V101/><F67/><W72/><G72/><T11/><D121/><U71/><E71/><V41/><F65/><W14/><G64/><T58/><D58/><U22/><E22/><V59/><F26/><W118/><G66/><T35/><D11/><U44/><E44/><V109/><F8/><W54/><G10/><T111/><D111/><U42/><E42/><V9/><F109/><W7/><G118/><T33/><D25/><U1/><E1/><RYUUKYOKU ba="0,1" sc="184,-10,230,30,240,-10,336,-10" hai1="2,3,15,21,40,47,50,74,76,83,88,89,91" /><INIT seed="1,1,1,1,5,12" ten="174,260,230,326" oya="1" hai0="128,107,123,66,74,11,59,70,2,17,14,61,33" hai1="127,16,79,86,36,45,93,40,9,19,52,56,21" hai2="120,24,83,49,99,10,8,6,7,4,129,46,85" hai3="23,124,104,39,53,28,134,20,68,29,109,106,103"/><U96/><E127/><V133/><F120/><W1/><G1/><T116/><D116/><U113/><E113/><V44/><F133/><W48/><G39/><T92/><D107/><U47/><E9/><N who="2" m="3691" /><F129/><W76/><G76/><T121/><D74/><U111/><E111/><V35/><F35/><W0/><G0/><T94/><D33/><U58/><E58/><V71/><F71/><W100/><G68/><T13/><D2/><U5/><E5/><V41/><F46/><N who="1" m="17417" /><E21/><V119/><F119/><W26/><G124/><T62/><D128/><U67/><E67/><V95/><F24/><W110/><G134/><T115/><D115/><U37/><E37/><V60/><F60/><W43/><G43/><T54/><REACH who="0" step="1"/><D14/><REACH who="0" step="2"/><U102/><E36/><V105/><F105/><W51/><G26/><T77/><D77/><U84/><E40/><V65/><F41/><W78/><G78/><T64/><D64/><U89/><E79/><N who="2" m="46335" /><F65/><W34/><G34/><T42/><D42/><U90/><E102/><N who="2" m="60799" /><F44/><W69/><G69/><T57/><D57/><U101/><E101/><V31/><F31/><W18/><G53/><T75/><D75/><U25/><E25/><V98/><F49/><W125/><G125/><T72/><D72/><U87/><E90/><V32/><F32/><W3/><G3/><T15/><D15/><U88/><E89/><V135/><F135/><W117/><G117/><T118/><D118/><U132/><E132/><V55/><F55/><W50/><G50/><AGARI ba="1,2" hai="16,19,50,52,56,84,86,87,88,93,96" m="17417" machi="50" ten="30,18000,2" yaku="8,1,52,2,54,3" doraHai="12" who="1" fromWho="3" sc="164,0,260,203,230,0,326,-183" /><INIT seed="1,2,0,3,2,118" ten="164,463,230,143" oya="1" hai0="104,84,130,19,97,63,64,34,31,83,56,38,7" hai1="77,134,53,9,17,13,99,127,22,88,86,109,72" hai2="87,62,121,96,117,76,44,0,73,93,101,90,85" hai3="37,107,43,112,10,55,42,123,119,28,135,82,4"/><U20/><E134/><V125/><F0/><N who="3" m="263" /><G55/><T52/><D38/><U133/><E133/><V98/><F62/><W128/><G42/><T49/><D7/><U103/><E127/><V33/><F44/><N who="3" m="23663" /><G135/><T1/><D1/><U51/><E77/><V75/><F33/><W60/><G60/><T102/><D130/><U25/><E72/><N who="2" m="27723" /><F125/><W27/><G82/><T2/><D2/><U36/><E36/><V100/><F117/><W71/><G119/><T46/><D19/><U67/><E67/><V81/><F121/><W40/><G40/><T23/><D34/><U18/><E109/><V59/><F59/><W14/><G14/><T70/><D23/><U126/><E126/><V35/><F35/><N who="3" m="20895" /><G128/><T50/><D31/><U21/><E53/><V92/><F98/><W132/><G132/><T114/><D50/><U24/><E51/><V89/><AGARI ba="2,0" hai="76,81,85,87,89,90,92,93,96,100,101" m="27723" machi="89" ten="30,8000,1" yaku="35,5" doraHai="118" who="2" fromWho="2" sc="164,-22,463,-42,230,86,143,-22" /><INIT seed="2,0,0,4,4,68" ten="142,421,316,121" oya="2" hai0="129,13,7,135,60,64,106,29,65,52,116,101,57" hai1="76,99,103,118,38,39,17,50,54,37,12,74,120" hai2="111,43,130,32,23,56,126,48,80,132,67,112,28" hai3="86,49,31,55,98,69,40,128,44,123,133,30,85"/><V21/><F112/><W3/><G69/><T26/><D135/><U62/><E118/><V104/><F104/><W131/><G3/><T33/><D129/><N who="3" m="49737" /><G98/><T63/><D116/><U25/><E120/><V42/><F132/><W59/><G133/><T89/><D63/><U35/><E62/><V97/><F126/><W58/><G58/><T10/><REACH who="0" step="1"/><D89/><REACH who="0" step="2"/><U6/><E74/><V114/><F114/><W4/><G123/><T110/><D110/><U82/><E6/><V96/><F111/><W19/><G4/><T88/><D88/><U51/><E54/><V134/><F134/><W73/><G73/><T41/><D41/><U92/><E35/><V105/><F32/><W93/><G19/><T9/><D9/><U47/><E25/><V78/><F43/><W24/><G24/><T66/><D66/><U16/><E12/><V91/><F67/><W61/><G85/><T107/><D107/><U75/><REACH who="1" step="1"/><E47/><REACH who="1" step="2"/><V95/><F130/><W119/><G119/><T46/><D46/><U81/><E81/><V121/><F121/><W36/><G61/><T115/><D115/><U14/><E14/><V127/><F127/><W0/><G0/><T108/><D108/><U34/><E34/><V11/><F105/><W84/><G93/><T94/><D94/><U72/><E72/><V109/><F109/><W22/><G22/><T18/><D18/><AGARI ba="0,2" hai="16,17,18,37,38,39,50,51,75,76,82,92,99,103" machi="18" ten="40,16000,3" yaku="1,1,52,3,54,1,53,3" doraHai="68" doraHaiUra="71" who="1" fromWho="0" sc="132,-160,411,180,316,0,121,0" owari="-28,-53,591,69,316,12,121,-28" /></mjloggm>