<mjloggm ver="2.3"><GO type="11"/><UN n0="%E3%82%A6%E3%83%AB%E3%83%88%E3%83%A9%E7%AB%8B%E7%9B%B4" n1="%74%2D%75" n2="%73%61%2D%6B" n3="%E8%AC%99" dan="8,12,2,5" rate="1684,1631,1546,1357" sx="M,M,M,M"/><TAIKYOKU oya="0"/><INIT seed="0,0,0,1,4,47" ten="250,250,250,250" oya="0" hai0="22,75,104,130,80,95,135,65,30,91,50,56,129" hai1="51,38,15,90,81,58,101,79,18,4,16,66,107" hai2="120,72,62,23,118,32,33,42,82,128,89,44,131" hai3="11,97,35,60,100,8,115,133,134,116,25,53,12" shuffle="mt19937ar,58D442B9,61596B31,D39D931E,8C4974FA,C6F4DFFC,61B583BD,3BD714F9,B0BF8432"/><T5/><D104/><U86/><E38/><V43/><F120/><W52/><G116/><T64/><D5/><U36/><E36/><V122/><F122/><W10/><G115/><T119/><D80/><U84/><E107/><V7/><F118/><W121/><G121/><T48/><D75/><U14/><E101/><V127/><F127/><W83/><G83/><T123/><D123/><U126/><E126/><V109/><F109/><W96/><G35/><T2/><D2/><U124/><E124/><V113/><F113/><W125/><G125/><T87/><D119/><U74/><E74/><V17/><F7/><W61/><G100/><T54/><D135/><N who="3" m="51721" /><G25/><N who="0" m="16695" /><D130/><U63/><E4/><V103/><F103/><W45/><G45/><T110/><D129/><U40/><E16/><V37/><F62/><N who="3" m="24171" /><G12/><T111/><D111/><U3/><E3/><V85/><F72/><W94/><G94/><T39/><D39/><U20/><E15/><V68/><F68/><W108/><G108/><T21/><D110/><U27/><E27/><V132/><F132/><W69/><G69/><T112/><D112/><U77/><E86/><V93/><F131/><W24/><G24/><T19/><D64/><U105/><E105/><V78/><F128/><W1/><G1/><T71/><D71/><U29/><E29/><V55/><F33/><W88/><G88/><T9/><D65/><U49/><E40/><V28/><F32/><W114/><G114/><T73/><D73/><U6/><E6/><V31/><F42/><W98/><AGARI ba="0,0" hai="8,10,11,52,53,96,97,98" m="24171,51721" machi="98" ten="40,5200,0" yaku="28,2,20,1" doraHai="47" who="3" fromWho="3" sc="250,-26,250,-13,250,-13,250,52" /><INIT seed="1,0,0,0,1,95" ten="224,237,237,302" oya="1" hai0="122,34,129,37,28,24,5,120,135,73,127,8,13" hai1="14,0,67,55,107,18,59,77,19,100,110,70,20" hai2="75,123,35,126,93,43,86,64,115,76,128,133,105" hai3="45,78,32,101,10,6,96,27,60,23,97,89,72" shuffle="mt19937ar,FC1C354E,4D54176A,25BED6DD,2BFD6D21,E3A221A0,BD086EC7,29BD3110,B8C7402E"/><U79/><E0/><V103/><F35/><W104/><G32/><T99/><D73/><U44/><E70/><V7/><F7/><W47/><G60/><T49/><D37/><U11/><E67/><V108/><F43/><W16/><G104/><T102/><D127/><U46/><E110/><V106/><F64/><W3/><G72/><T92/><D129/><U65/><E65/><V134/><F123/><W31/><G78/><T80/><D135/><U22/><E107/><V62/><F62/><W48/><G48/><T1/><D80/><U113/><E100/><V58/><F58/><W94/><REACH who="3" step="1"/><G16/><REACH who="3" step="2"/><T132/><D132/><U90/><E113/><V25/><F115/><W29/><G29/><T117/><D49/><U53/><E90/><V30/><F134/><W33/><G33/><T9/><REACH who="0" step="1"/><D117/><REACH who="0" step="2"/><U83/><E83/><V112/><F133/><W26/><G26/><T88/><D88/><U111/><E111/><V81/><F108/><W4/><G4/><AGARI ba="0,2" hai="1,4,5,8,9,13,24,28,34,92,99,102,120,122" machi="4" ten="40,2600,0" yaku="1,1,52,1,53,0" doraHai="95" doraHaiUra="121" who="0" fromWho="3" sc="214,46,237,0,237,0,292,-26" /><INIT seed="2,0,0,0,5,76" ten="260,237,237,266" oya="2" hai0="87,133,41,25,128,131,104,126,7,56,11,85,26" hai1="29,112,78,105,97,55,1,42,96,37,72,107,53" hai2="68,120,117,38,49,20,17,50,0,108,103,18,4" hai3="127,46,45,79,39,118,134,32,36,116,47,88,119" shuffle="mt19937ar,A39A43A3,55D5B623,E8C02B53,2AB34107,D99ED0FA,01F772F0,FEB0FFF1,0F9B5070"/><V102/><F68/><W40/><G32/><T2/><D104/><U113/><E29/><V80/><F38/><N who="3" m="21655" /><G88/><T99/><D41/><U12/><E12/><V60/><F120/><W8/><G79/><T110/><D99/><U33/><E42/><V130/><F117/><N who="3" m="29955" /><W44/><DORA hai="82" /><G8/><T129/><D56/><U89/><E89/><V124/><F4/><W74/><G74/><T6/><D6/><U62/><E78/><V54/><F0/><W65/><G65/><T123/><D123/><U23/><E72/><V10/><F60/><W73/><G73/><T21/><D26/><U31/><E23/><V71/><F71/><W48/><G134/><T34/><D34/><U9/><E33/><V27/><F50/><W132/><G132/><T57/><D133/><U94/><E62/><V125/><F130/><W115/><G127/><N who="2" m="48713" /><F108/><W66/><G66/><T16/><D126/><U69/><E94/><V135/><F135/><W77/><G77/><T22/><D110/><U92/><E92/><V51/><F51/><W109/><G109/><T84/><D22/><U63/><E63/><V35/><F35/><W15/><G15/><T58/><AGARI ba="0,0" hai="2,7,11,16,21,25,57,58,84,85,87,128,129,131" machi="58" ten="40,8000,1" yaku="0,1,19,1,52,3" doraHai="76,82" who="0" fromWho="0" sc="260,80,237,-20,237,-40,266,-20" /><INIT seed="3,0,0,2,0,106" ten="340,217,197,246" oya="3" hai0="23,79,55,121,85,114,124,3,19,76,77,117,48" hai1="132,49,65,45,31,0,10,17,40,54,36,43,28" hai2="102,127,70,105,67,78,64,108,44,129,115,84,82" hai3="14,94,119,101,120,96,33,116,128,53,1,16,80" shuffle="mt19937ar,0F086B7F,B78CF40D,7CC6DB9B,587F96F1,F1A72BCF,D4D8B0DF,8016B0C6,B53FF1F1"/><W90/><G120/><T29/><D3/><U37/><E132/><V135/><F44/><W12/><G1/><T15/><D117/><U25/><E65/><V32/><F64/><W13/><G33/><T110/><D121/><U41/><E17/><V73/><F67/><W39/><G119/><T22/><D124/><U4/><REACH who="1" step="1"/><E31/><REACH who="1" step="2"/><V38/><F135/><W130/><G116/><T97/><D29/><U112/><E112/><V11/><F115/><W109/><G39/><T35/><D114/><U87/><E87/><V30/><F38/><W47/><G109/><T68/><D110/><U95/><E95/><V81/><F108/><W24/><G16/><T99/><D85/><U63/><E63/><V71/><F30/><W7/><G7/><T60/><D60/><U42/><N who="1" m="10752" /><DORA hai="74" /><U62/><E62/><V83/><F73/><W134/><G134/><T88/><D68/><U123/><E123/><V18/><F71/><W26/><G80/><T107/><D107/><U2/><E2/><V20/><F105/><W92/><G92/><N who="0" m="56455" /><D35/><AGARI ba="0,1" hai="0,4,10,25,28,35,36,37,45,49,54" m="10752" machi="35" ten="50,6400,0" yaku="1,1,53,2" doraHai="106,74" doraHaiUra="6,5" who="1" fromWho="0" sc="340,-64,207,74,197,0,246,0" /><INIT seed="4,0,0,0,4,43" ten="276,281,197,246" oya="0" hai0="21,17,116,100,4,7,118,48,42,109,33,124,19" hai1="107,114,40,123,125,86,18,84,132,71,62,79,95" hai2="5,99,30,27,36,61,38,89,112,60,92,78,120" hai3="108,111,75,65,121,94,13,56,80,10,26,113,46" shuffle="mt19937ar,2667817C,7FED80B0,ED5E3488,BC9A84F9,953726E6,0EBF436A,09496996,D9CA524F"/><T127/><D100/><U117/><E123/><V0/><F120/><W34/><G121/><T88/><D88/><U73/><E117/><V53/><F0/><W133/><G133/><T76/><D76/><U44/><E132/><V3/><F3/><W37/><G108/><T104/><D104/><U25/><E125/><N who="0" m="48201" /><D48/><U82/><E107/><V15/><F78/><W74/><G111/><T130/><D42/><U54/><E114/><V47/><F112/><W16/><G113/><T101/><D101/><U45/><E71/><V39/><F5/><N who="0" m="2122" /><D109/><U6/><E6/><V9/><F61/><W32/><G94/><T20/><D33/><U51/><E73/><V85/><F99/><W126/><G126/><T135/><D135/><U106/><E106/><V66/><F66/><W23/><G80/><T129/><D118/><U58/><E95/><V69/><F69/><W110/><G110/><T105/><D105/><U52/><E86/><V70/><F70/><W2/><G2/><T57/><D57/><N who="1" m="32927" /><E40/><V72/><F72/><W22/><G65/><T119/><D116/><U14/><E25/><V8/><F85/><W68/><G68/><T103/><D103/><U35/><E35/><V93/><F93/><W12/><G56/><T50/><D119/><U102/><E102/><V115/><F115/><W67/><G67/><T97/><D97/><U31/><E31/><V96/><F96/><W63/><G63/><T98/><D98/><U55/><E55/><V11/><F60/><W24/><G46/><T81/><D81/><U134/><E134/><V1/><F92/><W28/><G37/><RYUUKYOKU ba="0,0" sc="276,-10,281,30,197,-10,246,-10" hai1="14,18,44,45,54,58,62,79,82,84" /><INIT seed="5,1,0,0,0,8" ten="266,311,187,236" oya="1" hai0="102,131,52,13,46,38,7,108,77,78,35,63,119" hai1="111,117,96,95,85,132,70,32,56,29,11,68,130" hai2="45,36,3,24,25,58,100,71,106,67,16,17,50" hai3="69,129,88,90,14,1,81,18,44,55,59,57,40" shuffle="mt19937ar,C004888D,3AD33779,27A5739E,F11A25E1,FDA5CFDC,A430ECC2,C0FDB46F,6357EF80"/><U83/><E117/><V54/><F3/><W53/><G1/><T10/><D35/><U80/><E130/><V5/><F5/><W31/><G129/><T43/><D131/><U9/><E132/><V6/><F106/><W91/><G69/><T61/><D108/><U76/><E111/><V62/><F100/><W23/><G31/><T47/><D119/><U82/><E68/><V105/><F105/><W2/><G2/><T107/><D102/><U122/><E70/><V39/><F6/><W4/><G4/><T26/><D26/><U49/><E32/><V124/><F124/><W73/><G73/><T20/><D20/><U51/><E122/><V118/><F118/><W19/><G19/><T86/><D107/><U116/><E29/><V37/><F17/><W64/><G64/><T110/><D110/><U109/><E109/><V84/><F84/><N who="3" m="50191" /><G40/><T93/><D77/><U89/><E116/><V30/><F30/><W128/><G128/><T27/><D27/><U133/><E133/><V114/><F114/><W48/><G55/><T112/><D112/><U120/><E120/><V60/><REACH who="2" step="1"/><F16/><REACH who="2" step="2"/><W135/><G135/><T126/><D126/><U101/><E9/><V75/><F75/><W41/><G41/><AGARI ba="1,1" hai="24,25,36,37,39,41,45,50,54,58,60,62,67,71" machi="41" ten="40,1300,0" yaku="1,1,53,0" doraHai="8" doraHaiUra="33" who="2" fromWho="3" sc="266,0,311,0,177,26,236,-16" /><INIT seed="6,0,0,3,2,58" ten="266,311,203,220" oya="2" hai0="62,29,42,68,89,51,24,23,28,2,7,91,70" hai1="60,108,74,47,40,52,105,114,106,85,119,124,123" hai2="101,81,59,120,55,95,0,21,15,44,131,53,111" hai3="110,69,73,46,57,109,102,97,9,128,77,118,134" shuffle="mt19937ar,F7A28166,F0048F6F,068D3AB3,45272666,8E33EEBC,823798DD,6BDACAAC,04B2A637"/><V125/><F0/><W90/><G90/><T22/><D7/><U99/><E108/><N who="3" m="41578" /><G57/><T92/><D2/><U88/><E119/><V113/><F120/><W87/><G87/><T17/><D68/><U129/><E114/><V65/><F111/><W31/><G118/><T82/><D82/><U36/><E124/><V6/><F113/><W75/><G9/><T121/><D121/><U107/><E129/><V12/><F125/><W30/><G128/><T67/><D91/><U32/><E123/><V135/><F131/><W63/><G46/><T50/><D42/><U112/><E112/><V132/><F81/><N who="3" m="45231" /><G30/><T100/><D100/><U122/><E122/><V18/><F65/><N who="3" m="41151" /><G75/><T72/><D72/><U10/><E10/><V27/><F44/><W96/><G96/><T43/><D43/><U19/><E99/><V56/><F101/><W48/><G48/><T103/><D103/><U38/><E52/><V25/><F95/><W83/><G83/><T11/><D11/><U13/><E38/><V104/><F18/><W116/><G116/><T93/><D93/><U127/><E74/><V117/><F117/><W45/><G45/><T71/><D71/><U98/><E98/><V39/><F39/><W64/><G64/><T94/><D94/><U86/><E127/><V8/><F8/><W133/><G31/><T3/><D3/><U33/><E60/><V130/><F130/><W76/><G76/><T14/><REACH who="0" step="1"/><D29/><REACH who="0" step="2"/><U35/><E88/><V54/><F6/><W80/><G80/><T41/><D41/><U1/><E1/><V66/><F21/><W4/><G4/><RYUUKYOKU ba="0,1" sc="256,10,311,10,203,-30,220,10" hai0="14,17,22,23,24,28,50,51,62,67,70,89,92" hai1="13,19,32,33,35,36,40,47,85,86,105,106,107" hai3="97,102,133,134" /><INIT seed="7,1,1,3,5,30" ten="266,321,173,230" oya="3" hai0="91,28,84,133,6,88,24,50,55,109,128,74,60" hai1="25,85,45,47,129,115,53,82,39,102,65,111,54" hai2="61,37,36,16,27,29,118,64,51,119,77,32,35" hai3="52,93,38,80,48,86,67,130,105,10,127,100,104" shuffle="mt19937ar,3F90D75A,1181E6E3,4690C298,FA75E33A,4B994320,849718B5,E208DADB,7D36C0B2"/><W46/><G38/><T7/><D74/><U18/><E111/><V21/><F51/><W113/><G113/><T78/><D109/><U96/><E115/><V123/><F77/><W122/><G122/><T4/><D60/><U19/><E129/><V98/><F16/><N who="1" m="6185" /><E39/><V112/><F21/><W68/><G130/><T56/><D128/><U135/><E135/><V5/><F5/><W9/><G127/><T73/><D133/><U72/><E72/><V125/><F123/><W11/><G105/><T14/><D73/><U101/><E96/><V62/><F112/><W44/><G44/><N who="1" m="16970" /><E25/><V132/><F132/><W76/><G104/><T1/><D1/><U8/><E8/><V40/><F125/><W42/><G42/><T90/><D14/><U13/><E13/><V17/><F98/><N who="3" m="59471" /><G68/><T0/><D0/><U92/><E65/><AGARI ba="1,1" hai="9,10,11,46,48,52,65,67,76,80,86" m="59471" machi="65" ten="30,1500,0" yaku="8,1" doraHai="30" who="3" fromWho="1" sc="266,0,321,-18,173,0,230,28" /><INIT seed="7,2,0,0,2,127" ten="266,303,173,258" oya="3" hai0="17,18,74,59,129,80,20,34,110,85,13,0,135" hai1="117,109,91,87,28,27,32,128,111,104,133,97,45" hai2="43,3,66,89,11,5,39,131,86,56,98,4,83" hai3="42,120,22,19,95,124,36,7,31,23,46,69,40" shuffle="mt19937ar,97A47405,9E365435,DFBB8BA9,391D377E,9C45D7C9,DE262423,62E12415,22A40CBD"/><W114/><G120/><T1/><D74/><U64/><E45/><V115/><F39/><W99/><G69/><T105/><D105/><U60/><E91/><V130/><F43/><N who="3" m="16427" /><G124/><T6/><D59/><U37/><E87/><V71/><F71/><W121/><G121/><T132/><D85/><U96/><E117/><V79/><F5/><W75/><G75/><T116/><D80/><U134/><E96/><V123/><F123/><W103/><G114/><T122/><D122/><U48/><E48/><V44/><F115/><W113/><G113/><T112/><D112/><U54/><E54/><V101/><F44/><W106/><G106/><T26/><D116/><U92/><E128/><N who="2" m="49195" /><F66/><W25/><G36/><T125/><D125/><U53/><E53/><V61/><F61/><W49/><G7/><T2/><D129/><U15/><E15/><V73/><F56/><W29/><G29/><T119/><D119/><U41/><E92/><N who="2" m="56591" /><F101/><W63/><G63/><T93/><D93/><U8/><E8/><V78/><F73/><W90/><G90/><T118/><D118/><U94/><E94/><V65/><F65/><W81/><G81/><T62/><D62/><U68/><E41/><V88/><AGARI ba="2,0" hai="3,4,11,78,79,83,86,88" m="56591,49195" machi="88" ten="30,7900,0" yaku="19,1,52,3" doraHai="127" who="2" fromWho="2" sc="266,-22,303,-22,173,85,258,-41" /><INIT seed="8,0,0,0,3,7" ten="244,281,258,217" oya="0" hai0="33,114,89,102,60,68,19,118,74,77,75,107,127" hai1="51,41,80,64,113,73,1,115,37,134,40,22,124" hai2="130,71,88,117,52,8,14,78,120,82,44,83,46" hai3="56,49,125,85,101,25,110,96,95,92,13,111,29" shuffle="mt19937ar,A4B89420,5C436021,C97ABD00,5443B22B,91662239,9B609538,E2F951C0,AA80DB4B"/><T70/><D33/><U99/><E51/><V53/><F71/><W98/><G125/><T79/><D118/><U58/><E58/><V48/><F120/><W105/><G13/><T81/><D70/><U5/><E22/><V45/><F117/><W129/><G129/><T23/><D68/><U131/><E41/><V0/><F130/><W42/><G29/><T90/><D60/><U69/><E131/><V103/><F103/><N who="3" m="60807" /><G25/><T18/><D18/><U59/><E124/><V109/><F109/><N who="3" m="41483" /><G56/><T39/><D39/><U123/><E59/><V67/><F67/><W106/><G49/><T21/><D127/><U97/><E123/><V119/><F119/><W12/><G12/><T121/><D121/><U122/><E134/><V16/><F0/><W108/><N who="3" m="41491" /><W31/><DORA hai="55" /><G31/><T4/><D4/><U34/><E99/><V6/><F6/><W104/><G42/><T11/><D102/><U87/><E97/><V133/><F133/><W20/><G20/><N who="0" m="7755" /><D107/><N who="3" m="27393" /><W36/><DORA hai="10" /><G36/><T15/><D114/><N who="1" m="43531" /><E122/><V26/><F26/><W17/><G17/><T128/><D128/><U62/><E87/><AGARI ba="0,0" hai="85,87,95,98,101" m="27393,41491,60807" machi="87" ten="60,3900,0" yaku="34,2" doraHai="7,55,10" who="3" fromWho="1" sc="244,0,281,-39,258,0,217,39" /><INIT seed="9,0,0,3,1,28" ten="244,242,258,256" oya="1" hai0="105,125,17,111,89,8,132,94,44,24,109,85,16" hai1="50,123,46,9,71,112,29,21,38,131,34,22,18" hai2="79,73,113,31,84,23,77,19,35,26,86,65,3" hai3="81,27,69,88,134,133,126,49,67,56,119,101,108" shuffle="mt19937ar,35EA794F,605DC780,9FA0AE04,D7CEFA2B,205E898A,99BFA9E5,3B2854DD,68D2DE7B"/><U128/><E123/><V99/><F113/><W106/><G108/><T95/><D105/><U41/><E112/><V15/><F99/><N who="3" m="61759" /><G49/><T45/><D111/><U63/><E50/><V80/><F65/><W14/><G14/><T40/><D109/><U13/><E63/><V121/><F121/><W52/><G27/><T118/><D125/><U60/><E60/><V90/><F77/><W129/><G126/><T4/><D132/><N who="3" m="50793" /><G81/><T30/><D118/><U5/><E71/><V7/><REACH who="2" step="1"/><F90/><REACH who="2" step="2"/><W135/><N who="3" m="50801" /><W75/><DORA hai="68" /><G88/><T12/><D95/><U107/><E107/><V122/><F122/><W53/><G75/><T2/><D2/><N who="1" m="183" /><E22/><V74/><F74/><W10/><G67/><T1/><D1/><U130/><E130/><V120/><F120/><W51/><G129/><T72/><D72/><U87/><E87/><V116/><F116/><W93/><G119/><T32/><D44/><U124/><E124/><V25/><F25/><AGARI ba="0,1" hai="13,18,21,25,29,34,38,41,46,128,131" m="183" machi="25" ten="30,5800,0" yaku="24,1,52,2" doraHai="28,68" who="1" fromWho="2" sc="244,0,242,68,248,-58,256,0" owari="244,-16,310,41,190,-31,256,6" /></mjloggm>