<mjloggm ver="2.3"><GO type="41"/><UN n0="%E3%81%8B%E3%82%81%E3%81%84%E3%81%97" n1="%E3%81%93%E3%81%9F%E3%81%BA" n2="%E3%82%A6%E3%83%AB%E3%83%88%E3%83%A9%E7%AB%8B%E7%9B%B4" n3="%E3%83%AB%E3%83%8A%E3%83%9E%E3%83%BC%E3%83%AC" dan="13,13,14,14" rate="1851,2026,1948,1990" sx="M,M,M,M"/><TAIKYOKU oya="0"/><INIT seed="0,0,0,5,2,60" ten="250,250,250,250" oya="0" hai0="101,100,61,103,110,32,109,8,124,31,19,4,83" hai1="11,33,65,92,123,93,117,7,87,111,134,129,24" hai2="122,63,68,29,27,121,102,88,0,120,84,22,118" hai3="9,77,37,74,26,72,64,48,127,76,38,95,51"/><T20/><D124/><U80/><E123/><V14/><F0/><W70/><G9/><T5/><D32/><U114/><E117/><V66/><F118/><W41/><G26/><T135/><D135/><U115/><E134/><V90/><F102/><W12/><G12/><T108/><D31/><U57/><E129/><V35/><F90/><W23/><G23/><T116/><D116/><U54/><E111/><V132/><F132/><W21/><G21/><T6/><D83/><U17/><E17/><V82/><F14/><W34/><G34/><T16/><D20/><U55/><E24/><V50/><F35/><W128/><G127/><T62/><D8/><U73/><E73/><V113/><REACH who="2" step="1"/><F50/><REACH who="2" step="2"/><W96/><G48/><T2/><D2/><U47/><E33/><V18/><F18/><AGARI ba="0,1" hai="4,5,6,16,18,19,61,62,100,101,103,108,109,110" machi="18" ten="50,18000,2" yaku="29,2,28,2,14,1,10,1,54,1" doraHai="60" who="0" fromWho="2" sc="250,190,250,0,240,-180,250,0" /><INIT seed="0,1,0,5,2,1" ten="440,250,60,250" oya="0" hai0="25,130,59,50,15,127,54,92,23,70,41,114,96" hai1="113,121,2,76,81,45,116,134,8,43,117,14,35" hai2="65,100,84,72,102,64,36,105,53,32,56,13,51" hai3="78,52,12,21,129,62,112,33,26,68,24,44,89"/><T111/><D114/><U120/><E35/><V94/><F32/><W99/><G112/><T7/><D127/><U119/><E113/><V17/><F72/><W75/><G75/><T38/><D70/><U80/><E80/><V106/><F36/><W61/><G68/><T85/><D130/><U93/><E93/><V5/><F105/><W123/><G129/><T124/><D124/><U122/><E2/><V58/><F106/><W0/><G0/><T57/><D111/><U39/><E81/><V128/><F128/><W69/><G78/><T88/><D38/><U108/><E76/><V74/><F74/><W16/><G33/><T82/><D41/><U126/><E14/><V77/><F77/><W98/><G123/><T133/><D133/><U31/><E31/><V9/><F100/><W125/><G125/><T27/><D59/><U10/><E126/><V34/><F34/><W118/><G118/><T48/><D48/><U109/><E134/><V3/><F58/><W40/><G40/><T91/><D23/><U131/><REACH who="1" step="1"/><E131/><REACH who="1" step="2"/><V107/><F107/><W4/><G12/><T87/><D82/><U46/><E46/><V30/><F30/><W67/><G44/><T6/><D15/><U95/><E95/><V115/><F115/><W55/><G26/><T19/><D25/><U60/><E60/><V18/><F18/><W86/><G61/><T73/><D19/><U101/><E101/><V103/><F103/><W11/><G62/><T22/><D27/><U110/><AGARI ba="1,1" hai="8,10,39,43,45,108,109,110,116,117,119,120,121,122" machi="110" ten="50,8000,1" yaku="1,1,0,1,29,2,14,1,53,0" doraHai="1" doraHaiUra="47" who="1" fromWho="1" sc="440,-41,240,93,60,-21,250,-21" /><INIT seed="1,0,0,4,0,130" ten="399,333,39,229" oya="1" hai0="27,49,25,94,114,84,92,9,23,37,135,32,38" hai1="19,80,133,107,6,43,89,40,125,124,93,121,21" hai2="108,117,11,63,14,3,45,105,97,83,74,102,5" hai3="134,76,66,122,29,61,70,115,129,73,34,51,88"/><U99/><E107/><V52/><F117/><W20/><G34/><T77/><D114/><U12/><E121/><V57/><F108/><W41/><G122/><T58/><D32/><U16/><E6/><V35/><F35/><W98/><G115/><T36/><D135/><U103/><E19/><V131/><F131/><W8/><G129/><T65/><D9/><U42/><E103/><V87/><F45/><W15/><G73/><T116/><D116/><U91/><E91/><V39/><F39/><W53/><G41/><T7/><D7/><U56/><E80/><V78/><REACH who="2" step="1"/><F74/><REACH who="2" step="2"/><W68/><G70/><T33/><D38/><U86/><E56/><V85/><F85/><W110/><G110/><T28/><D37/><U24/><E86/><V95/><F95/><W22/><G68/><T127/><D36/><U82/><E82/><V132/><F132/><W4/><G134/><T101/><D92/><U30/><E133/><V62/><F62/><W18/><G61/><T109/><D94/><U118/><E118/><V113/><F113/><W48/><G76/><T128/><D77/><U54/><E125/><V100/><F100/><W50/><G98/><T106/><D84/><U71/><E124/><V2/><AGARI ba="0,1" hai="2,3,5,11,14,52,57,63,78,83,87,97,102,105" machi="2" ten="30,4000,0" yaku="1,1,0,1,54,1,53,0" doraHai="130" doraHaiUra="119" who="2" fromWho="2" sc="399,-10,333,-20,29,50,229,-10" /><INIT seed="2,0,0,3,5,38" ten="389,313,79,219" oya="2" hai0="60,16,119,112,22,90,26,129,31,128,63,106,88" hai1="3,120,135,12,123,104,14,134,116,73,127,94,28" hai2="113,82,9,92,49,41,131,19,118,10,87,44,121" hai3="8,77,84,20,35,61,37,68,45,124,97,5,21"/><V110/><F121/><N who="1" m="46665" /><E104/><V18/><F118/><W50/><G37/><T13/><D112/><U86/><E73/><V67/><F113/><W43/><G124/><T93/><D119/><U4/><E116/><V72/><F72/><W32/><G32/><T11/><D106/><U75/><E75/><V100/><F67/><W2/><G35/><T6/><D90/><U62/><E62/><V132/><F131/><N who="0" m="50250" /><D6/><U76/><E76/><N who="2" m="46535" /><F132/><N who="1" m="50729" /><E94/><V42/><F110/><W33/><G33/><T36/><D36/><U29/><E86/><AGARI ba="0,0" hai="11,13,16,22,26,31,60,63,86,88,93" m="50250" machi="86" ten="30,3900,0" yaku="19,1,54,2" doraHai="38" who="0" fromWho="1" sc="389,39,313,-39,79,0,219,0" /><INIT seed="3,0,0,0,5,92" ten="428,274,79,219" oya="3" hai0="118,90,12,120,52,50,91,40,121,15,33,35,115" hai1="49,98,41,21,133,135,60,20,85,80,14,57,79" hai2="3,19,100,124,16,66,67,89,30,82,127,132,10" hai3="43,119,17,2,102,130,96,122,54,65,53,88,27"/><W6/><G122/><T18/><D118/><U72/><E72/><V71/><F71/><W56/><G119/><T97/><D90/><U62/><E62/><V95/><F30/><W7/><G43/><T99/><D40/><U63/><E63/><V114/><F114/><W24/><G130/><T55/><D91/><U112/><E112/><V83/><F3/><W81/><G2/><T42/><D42/><U78/><E78/><V117/><F117/><W29/><G29/><T93/><D93/><U26/><E14/><V111/><F111/><W48/><G65/><T87/><D115/><U70/><E70/><V77/><F100/><W39/><G39/><T44/><D87/><U25/><E49/><V47/><F47/><W76/><G76/><T69/><D69/><U129/><E41/><V51/><F51/><W38/><G38/><T32/><D50/><U4/><E4/><N who="3" m="1578" /><G102/><T46/><D32/><U9/><E9/><V123/><F123/><W110/><G110/><T75/><D18/><N who="2" m="6698" /><F10/><W11/><G11/><T74/><AGARI ba="0,0" hai="12,15,33,35,44,46,52,55,74,75,97,99,120,121" machi="74" ten="25,12000,2" yaku="0,1,22,2,52,2,54,1" doraHai="92" who="0" fromWho="0" sc="428,120,274,-30,79,-30,219,-60" /><INIT seed="4,0,0,0,3,76" ten="548,244,49,159" oya="0" hai0="81,104,34,57,25,135,116,60,27,22,95,133,96" hai1="14,58,5,31,33,93,18,68,87,82,92,113,53" hai2="88,79,111,100,115,29,83,50,89,105,2,39,43" hai3="61,126,63,75,55,131,117,56,49,130,51,45,36"/><T41/><D116/><U26/><E68/><V17/><F50/><W54/><G75/><T52/><D104/><U12/><E5/><V44/><F111/><W70/><G117/><T35/><D41/><U4/><E4/><V19/><F29/><W8/><G8/><T11/><D11/><U122/><E122/><V46/><F115/><W20/><G20/><T69/><D69/><U99/><E113/><V91/><F2/><W108/><G108/><T65/><D65/><U78/><E93/><V72/><REACH who="2" step="1"/><F46/><REACH who="2" step="2"/><W106/><G36/><T98/><D133/><U134/><E134/><V47/><F47/><W24/><G45/><T119/><D135/><U30/><E30/><V10/><F10/><W3/><G3/><T85/><D119/><U16/><E14/><V114/><F114/><W62/><G126/><T124/><D124/><U1/><E1/><V15/><F15/><W80/><G24/><T13/><D27/><U66/><E12/><V7/><F7/><W42/><G51/><T9/><D9/><U94/><E26/><V103/><F103/><W32/><G49/><T67/><D13/><U101/><E31/><V120/><F120/><W107/><G130/><T132/><D132/><U28/><E28/><V129/><F129/><W59/><G131/><T64/><D25/><U118/><E118/><V128/><F128/><W73/><G32/><T38/><D34/><U123/><E33/><V21/><F21/><W40/><G40/><T0/><D22/><U71/><E123/><V112/><F112/><W23/><G42/><T102/><D35/><U86/><E101/><RYUUKYOKU ba="0,1" sc="548,-10,244,-10,39,30,159,-10" hai2="17,19,39,43,44,72,79,83,88,89,91,100,105" /><INIT seed="5,1,1,3,5,100" ten="538,234,69,149" oya="1" hai0="65,45,11,96,99,81,117,73,97,15,50,16,116" hai1="1,14,53,71,67,74,102,79,9,126,46,113,8" hai2="24,58,19,68,3,111,38,26,54,101,91,35,130" hai3="0,120,27,5,92,29,6,133,109,129,98,41,63"/><U4/><E126/><V131/><F68/><W118/><G120/><T52/><REACH who="0" step="1"/><D65/><REACH who="0" step="2"/><U28/><E67/><V56/><F111/><W121/><G109/><T95/><D95/><U59/><E113/><V31/><F38/><W89/><G121/><T21/><D21/><U55/><E74/><V10/><F101/><W13/><G118/><T87/><D87/><U66/><E102/><V85/><F131/><W88/><G129/><T123/><D123/><U132/><E132/><V128/><F130/><W64/><G64/><T77/><AGARI ba="1,2" hai="11,15,16,45,50,52,73,77,81,96,97,99,116,117" machi="77" ten="30,12000,2" yaku="21,2,0,1,54,2,53,1" doraHai="100" doraHaiUra="47" who="0" fromWho="0" sc="528,143,234,-61,69,-31,149,-31" /><INIT seed="6,0,0,1,3,109" ten="671,173,38,118" oya="2" hai0="41,65,84,24,97,7,110,59,17,81,25,127,1" hai1="18,90,122,128,67,20,36,106,85,101,99,52,44" hai2="82,54,39,60,79,103,64,88,53,42,123,133,91" hai3="33,134,125,69,11,78,93,130,9,47,3,94,118"/><V31/><F123/><W132/><G69/><T27/><D110/><U120/><E128/><V124/><F103/><W113/><G118/><T117/><D117/><U76/><E76/><V4/><F124/><W22/><G33/><T121/><D41/><U115/><E67/><V19/><F133/><N who="3" m="51307" /><G130/><T6/><D1/><U114/><E36/><V104/><F104/><W23/><G125/><T45/><D45/><U62/><E18/><V35/><F42/><W58/><G47/><T71/><D71/><U74/><E20/><N who="3" m="7722" /><G78/><T43/><D17/><U13/><E13/><V16/><F39/><W40/><G40/><T86/><D43/><U131/><E131/><V63/><F4/><N who="3" m="1183" /><G11/><T21/><D97/><U80/><E74/><V75/><F35/><W112/><G58/><T73/><D59/><N who="1" m="35175" /><E44/><V92/><F31/><W37/><G37/><T126/><D73/><U30/><E30/><V135/><F135/><W2/><G2/><T98/><D65/><U89/><E89/><N who="2" m="34379" /><F92/><AGARI ba="0,0" hai="92,93,94,112,113" m="1183,7722,51307" machi="92" ten="40,5200,0" yaku="20,1,52,2" doraHai="109" who="3" fromWho="2" sc="671,0,173,0,38,-52,118,52" owari="671,77,173,-3,-14,-51,170,-23" /></mjloggm>