<mjloggm ver="2.3"><GO type="193"/><UN n0="%41%4A%49%4E%47" n1="%E3%82%A6%E3%83%AB%E3%83%88%E3%83%A9%E7%AB%8B%E7%9B%B4" n2="%E3%83%8E%E3%83%AA%E3%83%83%E3%83%81" n3="%E3%81%BB%E3%83%BC%E3%82%8A%E3%81%88" dan="11,11,11,11" rate="1553,1794,1713,1615" sx="M,M,M,F"/><TAIKYOKU oya="0"/><INIT seed="0,0,0,0,0,46" ten="250,250,250,250" oya="0" hai0="95,52,41,28,45,92,25,122,119,59,129,47,15" hai1="130,85,100,48,80,116,89,33,133,65,36,74,76" hai2="126,118,57,10,70,56,16,120,0,21,18,97,20" hai3="114,40,110,68,115,132,19,72,134,75,121,123,86" shuffle="mt19937ar,6EE5A9C9,699E70F4,7910441C,298B40A6,D89DE0E9,C51120A6,839FA64C,14CA717F"/><T14/><D119/><U31/><E36/><V135/><F120/><N who="3" m="46155" /><G68/><T79/><D122/><U127/><E116/><V43/><F118/><W23/><G40/><T29/><D129/><U24/><E130/><V53/><F135/><N who="3" m="51755" /><G86/><T77/><D25/><U60/><E127/><V101/><F126/><W66/><G66/><T35/><D35/><U8/><E8/><V54/><F70/><W112/><G110/><T87/><D87/><U64/><E100/><V99/><F43/><W81/><G23/><T78/><D41/><U84/><E133/><V30/><F0/><W73/><G19/><T69/><D69/><U6/><E6/><V4/><F30/><N who="0" m="11882" /><D92/><U12/><E84/><V22/><F4/><W128/><G81/><T88/><D88/><U98/><E64/><V96/><F10/><W63/><G63/><N who="0" m="36327" /><D95/><U27/><E60/><V51/><REACH who="2" step="1"/><F101/><REACH who="2" step="2"/><W103/><G103/><T13/><AGARI ba="0,1" hai="13,14,15,45,47,77,78,79" m="36327,11882" machi="13" ten="40,3900,0" yaku="8,1,54,1" doraHai="46" who="0" fromWho="0" sc="250,49,250,-13,240,-13,250,-13" /><INIT seed="0,1,0,3,5,106" ten="299,237,227,237" oya="0" hai0="67,47,131,34,38,102,133,22,60,108,65,69,51" hai1="127,85,37,17,2,98,7,129,50,128,46,77,8" hai2="122,109,32,18,111,4,120,73,110,95,41,93,59" hai3="114,58,68,103,35,123,113,124,84,117,118,82,9" shuffle="mt19937ar,84331140,19B82ADF,7AA75EEA,7AF8EEA1,70E5D8B9,7480528E,0BAED7D5,9600E407"/><T104/><D34/><U115/><E37/><V61/><F32/><W11/><G35/><T44/><D131/><U87/><E115/><V39/><F4/><W14/><G68/><T5/><D5/><U19/><E127/><V134/><F134/><W132/><G103/><T64/><D104/><U76/><E98/><V66/><F18/><W101/><G101/><T12/><D102/><U72/><E85/><V112/><F112/><W29/><G124/><T13/><D133/><U75/><E87/><V45/><REACH who="2" step="1"/><F73/><REACH who="2" step="2"/><N who="1" m="28233" /><E19/><V49/><F49/><W91/><G132/><T74/><D51/><U27/><E17/><V96/><F96/><W30/><G123/><AGARI ba="1,1" hai="39,41,45,59,61,66,93,95,109,110,111,120,122,123" machi="123" ten="50,8000,1" yaku="1,1,14,1,53,2" doraHai="106" doraHaiUra="90" who="2" fromWho="3" sc="299,0,237,0,217,93,237,-83" /><INIT seed="1,0,0,3,0,17" ten="299,237,310,154" oya="1" hai0="116,120,3,135,103,76,87,132,7,90,40,51,45" hai1="91,11,31,100,134,43,111,24,82,98,110,97,60" hai2="18,78,66,4,131,55,115,68,34,94,25,0,15" hai3="65,47,86,2,36,52,12,124,29,61,130,125,63" shuffle="mt19937ar,4B37BEF6,9B59A44C,81F43E82,205E9ADD,C1B018EB,6DE9561A,1ECC620D,8C94CD13"/><U126/><E126/><N who="3" m="48746" /><G130/><T113/><D116/><U74/><E134/><N who="0" m="51241" /><D113/><U22/><E43/><V72/><F131/><W112/><G112/><T105/><D120/><U37/><E37/><V32/><F115/><W59/><G2/><T56/><D56/><U70/><E11/><V16/><F68/><N who="3" m="42031" /><G86/><T88/><D7/><U49/><E49/><V77/><F25/><W8/><G29/><T33/><D33/><U93/><E97/><V57/><F66/><W50/><G12/><T118/><D118/><U75/><E60/><V121/><F121/><W28/><G28/><T35/><D35/><U13/><E70/><V73/><F34/><W114/><G8/><T106/><D3/><U30/><E30/><V108/><F32/><W62/><G114/><T41/><D41/><AGARI ba="0,0" hai="36,41,47,50,52,59,62,63" m="42031,48746" machi="41" ten="30,8000,1" yaku="24,1,18,1,34,2,54,1" doraHai="17" who="3" fromWho="0" sc="299,-80,237,0,310,0,154,80" /><INIT seed="2,0,0,3,5,2" ten="219,237,310,234" oya="2" hai0="31,135,53,82,134,56,34,33,114,23,107,101,40" hai1="51,54,104,133,11,100,76,14,99,30,61,67,59" hai2="73,109,29,108,120,72,0,3,17,127,77,131,49" hai3="43,52,44,62,116,10,84,64,102,32,83,95,71" shuffle="mt19937ar,2F12D968,F5C5EB60,F94D27F4,3AEF8D76,0E618C34,A9C452E5,6E0627A8,68D518B1"/><V26/><F120/><W75/><G32/><T122/><D114/><U63/><E133/><N who="0" m="50697" /><D122/><U15/><E76/><V132/><F132/><W16/><G116/><T78/><D40/><U5/><E30/><V60/><F131/><W86/><G75/><N who="0" m="43359" /><D101/><U94/><E104/><V7/><F127/><W79/><G84/><T70/><D70/><U88/><E100/><V97/><F97/><W112/><G112/><T126/><D126/><U18/><E67/><V20/><F49/><W125/><G125/><T93/><D93/><U121/><E121/><V74/><F60/><W46/><G43/><T41/><D41/><U28/><E28/><V65/><F65/><W111/><G111/><N who="2" m="42569" /><F77/><W124/><G124/><T92/><D92/><U22/><AGARI ba="0,0" hai="5,11,14,15,18,22,51,54,59,61,63,88,94,99" machi="22" ten="20,8000,1" yaku="0,1,7,1,8,1,52,1,54,1" doraHai="2" who="1" fromWho="1" sc="219,-20,237,80,310,-40,234,-20" /><INIT seed="3,0,0,2,3,73" ten="199,317,270,214" oya="3" hai0="116,133,86,106,125,117,68,100,75,91,113,40,43" hai1="36,18,84,127,50,34,76,70,120,3,61,97,59" hai2="126,104,39,131,29,21,13,52,108,96,66,10,6" hai3="20,92,79,80,62,55,107,85,35,71,14,74,5" shuffle="mt19937ar,19643DD4,D7CDC516,AA0C7868,07A693E8,2A1533F4,95B51B72,8D51367C,636385DC"/><W30/><G107/><T89/><D68/><U60/><E36/><V25/><F39/><W114/><G114/><T82/><D40/><U12/><E3/><V27/><F108/><W9/><G35/><T46/><D46/><U64/><E34/><V1/><F126/><W105/><G105/><T31/><D31/><U38/><E38/><V63/><F131/><W112/><G112/><T109/><D43/><U124/><E120/><V132/><F132/><W16/><G30/><T23/><D113/><U101/><E50/><V26/><F104/><W28/><G71/><T88/><D23/><U83/><E61/><V42/><F42/><W0/><G28/><T22/><D22/><U51/><E51/><V45/><F1/><W7/><G92/><N who="0" m="54295" /><D125/><N who="1" m="48203" /><E97/><V90/><F66/><W77/><G5/><T93/><D133/><U33/><E101/><V129/><F129/><W41/><G41/><T95/><D109/><U11/><E33/><V54/><F54/><W110/><G110/><T48/><D48/><U57/><AGARI ba="0,0" hai="11,12,18,57,59,60,64,70,76,83,84" m="48203" machi="57" ten="30,2000,0" yaku="18,1,52,1" doraHai="73" who="1" fromWho="1" sc="199,-5,317,20,270,-5,214,-10" owari="194,-21,337,34,265,2,204,-15" /></mjloggm>