<mjloggm ver="2.3"><GO type="193"/><UN n0="%E3%81%B5%E3%82%8A%E3%81%A6%E3%82%93%E5%90%9B" n1="%E3%82%A6%E3%83%AB%E3%83%88%E3%83%A9%E7%AB%8B%E7%9B%B4" n2="%E8%8A%B1%E6%81%8B" n3="%E3%83%8F%E3%83%A9%E3%83%98%E3%83%AA%E3%83%B3%E3%82%B3%E3%83%95" dan="10,12,12,11" rate="1513,1873,1654,1584" sx="M,M,F,M"/><TAIKYOKU oya="0"/><INIT seed="0,0,0,2,4,18" ten="250,250,250,250" oya="0" hai0="59,87,5,116,108,126,24,102,54,47,16,133,15" hai1="41,27,67,51,71,105,106,132,135,65,118,20,36" hai2="43,31,13,111,6,22,62,37,80,49,45,84,34" hai3="107,70,60,23,44,50,35,86,8,122,92,32,125" shuffle="mt19937ar,BC4DE4F3,3A497A20,FD534BF6,F7AF65DB,BDB4D0E6,93F2EB19,C0C8DD22,93FBE4AD"/><T114/><D116/><U39/><E27/><V82/><F34/><W77/><G122/><T130/><D114/><U66/><E106/><V83/><F37/><N who="1" m="14409" /><E105/><V97/><F97/><W73/><G107/><T124/><D133/><N who="1" m="51275" /><E20/><V103/><F103/><W91/><G73/><T3/><D130/><U112/><E118/><V7/><F111/><W2/><G77/><T113/><D113/><U93/><E93/><V56/><F84/><W28/><G125/><N who="0" m="48235" /><D102/><U85/><E85/><V100/><F100/><W10/><G2/><T121/><D121/><U79/><E79/><V21/><F13/><W55/><G70/><T64/><D64/><U25/><E25/><V96/><F31/><W0/><G0/><T58/><D108/><U63/><E112/><V19/><F96/><W4/><G4/><N who="2" m="1577" /><F19/><W128/><G128/><T129/><D129/><U42/><E51/><V61/><F61/><W17/><G28/><T38/><D87/><U69/><E63/><V40/><F62/><W109/><G60/><T98/><D98/><U30/><E30/><V101/><F101/><W46/><G109/><T115/><D115/><U99/><E99/><V1/><F1/><W33/><REACH who="3" step="1"/><G46/><REACH who="3" step="2"/><T29/><D3/><U95/><E95/><V26/><F45/><W90/><G90/><T117/><D117/><U104/><E104/><V110/><F110/><W9/><G9/><N who="0" m="6255" /><D47/><U11/><E11/><V127/><F127/><W57/><G57/><T94/><D94/><U81/><E81/><V74/><F74/><W134/><G134/><T12/><D29/><U88/><E88/><V48/><F83/><RYUUKYOKU ba="0,1" sc="250,-15,250,15,250,-15,240,15" hai1="41,42,65,66,67,69,71" hai3="8,10,17,23,32,33,35,44,50,55,86,91,92" /><INIT seed="1,1,1,0,3,5" ten="235,265,235,255" oya="1" hai0="56,42,106,123,10,48,2,9,74,98,121,24,87" hai1="37,25,85,110,60,27,86,41,33,131,105,91,45" hai2="103,107,126,130,114,34,0,38,3,80,83,129,125" hai3="104,111,89,96,21,58,23,67,40,35,14,30,29" shuffle="mt19937ar,A7C272FE,9D6218B0,61EB642D,96BA7F59,38CD40A3,33BBA348,AABF594A,F9133F31"/><U92/><E105/><V81/><F38/><W124/><G111/><T18/><D74/><U65/><E110/><V13/><F34/><W71/><G71/><T72/><D72/><U99/><E131/><N who="2" m="50187" /><F107/><W115/><G115/><T82/><D2/><N who="2" m="554" /><F103/><W116/><G116/><T44/><D56/><U101/><E33/><V88/><F13/><W108/><G108/><T47/><D106/><U79/><E79/><V55/><F55/><W118/><G118/><T22/><D98/><U49/><E37/><V119/><F119/><W132/><G132/><T28/><D44/><U62/><E101/><V77/><F77/><W117/><G117/><T43/><D43/><U93/><E99/><V1/><N who="2" m="562" /><V36/><DORA hai="95" /><F36/><W68/><G124/><N who="2" m="47721" /><F114/><W4/><G68/><T133/><D133/><U57/><E62/><V97/><F97/><W64/><G40/><T52/><D42/><U63/><E63/><V128/><N who="2" m="50195" /><V100/><DORA hai="78" /><F100/><W20/><G35/><T12/><D9/><U127/><E127/><V32/><F32/><W69/><G104/><T26/><REACH who="0" step="1"/><D26/><REACH who="0" step="2"/><U50/><E50/><V51/><F51/><W73/><G96/><T102/><D102/><U109/><E109/><V66/><F66/><W6/><G67/><T94/><D94/><U113/><E113/><V122/><F122/><W75/><G64/><T15/><D15/><U135/><E135/><V76/><F76/><AGARI ba="1,2" hai="10,12,18,22,24,28,47,48,52,76,82,87,121,123" machi="76" ten="40,8000,1" yaku="1,1,52,2,54,1,53,1" doraHai="5,95,78" doraHaiUra="59,84,7" who="0" fromWho="2" sc="225,103,265,0,235,-83,255,0" /><INIT seed="2,0,0,3,4,97" ten="328,265,152,255" oya="2" hai0="72,62,123,127,5,28,18,133,121,20,87,68,67" hai1="27,42,63,49,7,11,83,135,26,31,24,6,76" hai2="33,88,22,100,91,45,16,108,19,44,99,40,17" hai3="106,112,126,79,134,118,117,90,4,23,122,85,115" shuffle="mt19937ar,34FB6BDC,E68379EB,4B10421F,D21BA753,CE2DAE92,B850CBAE,D78D29C0,1FFB3E09"/><V74/><F74/><W81/><G4/><T56/><D72/><U53/><E135/><V61/><F33/><W86/><G23/><T101/><D133/><U78/><E63/><V128/><F108/><W14/><G134/><T1/><D127/><U124/><E42/><V92/><F128/><W21/><G14/><T107/><D28/><U110/><E110/><V113/><F113/><N who="3" m="43595" /><G21/><T59/><D123/><U55/><E124/><V58/><F22/><W80/><G126/><T116/><D116/><N who="3" m="44649" /><G106/><T52/><D121/><AGARI ba="0,0" hai="79,80,81,85,86,90,121,122" m="44649,43595" machi="121" ten="30,3900,0" yaku="11,1,34,2" doraHai="97" who="3" fromWho="0" sc="328,-39,265,0,152,0,255,39" /><INIT seed="3,0,0,0,2,61" ten="289,265,152,294" oya="3" hai0="83,73,99,50,3,100,43,45,22,9,84,15,57" hai1="110,107,95,97,72,18,29,130,129,75,42,2,51" hai2="105,11,69,87,68,48,12,30,98,78,134,85,116" hai3="122,33,81,90,89,23,123,108,19,135,20,63,13" shuffle="mt19937ar,C07A959F,0C31A3EC,B9E954AA,41512240,660A0F49,EC1E6A49,E7188A8D,898F0BE5"/><W46/><G108/><T67/><D73/><U111/><E2/><V10/><F116/><W25/><G135/><T132/><D3/><U6/><E6/><V66/><F134/><W41/><G33/><T49/><D132/><U60/><E29/><V38/><F38/><W53/><G122/><T4/><D22/><U126/><E51/><V21/><F48/><N who="3" m="26703" /><G123/><T94/><D50/><U128/><E42/><V103/><F69/><W102/><G102/><T56/><D67/><U118/><E18/><V24/><F11/><W36/><G36/><T71/><D71/><U44/><E44/><V55/><F55/><W131/><G131/><T65/><D65/><U52/><E107/><V26/><F78/><AGARI ba="0,0" hai="4,9,15,43,45,49,56,57,78,83,84,94,99,100" machi="78" ten="30,7700,0" yaku="7,1,25,2,8,1" doraHai="61" who="0" fromWho="2" sc="289,77,265,0,152,-77,294,0" owari="366,36,265,-8,75,-32,294,4" /></mjloggm>