<mjloggm ver="2.3"><GO type="9"/><UN n0="%E3%82%A6%E3%83%AB%E3%83%88%E3%83%A9%E7%AB%8B%E7%9B%B4" n1="%70%75%72%75%37%37%37" n2="%79%75%6D%65%62%69%6B%69" n3="%E3%82%B3%E3%82%BA%E3%83%9E" dan="5,5,0,9" rate="1691,1098,1500,1492" sx="M,M,M,M"/><TAIKYOKU oya="0"/><INIT seed="0,0,0,5,5,26" ten="250,250,250,250" oya="0" hai0="130,38,9,108,120,77,105,17,50,81,123,83,95" hai1="52,121,133,124,119,23,14,84,42,103,85,53,127" hai2="65,115,129,35,114,87,101,99,98,43,135,48,134" hai3="13,16,128,113,82,30,28,0,54,86,25,79,93" shuffle="mt19937ar,98FFB426,AC969F38,79265711,69B04C25,6E375823,1AFD1290,67309945,93B4A5B0"/><T68/><D38/><U20/><E119/><V22/><F35/><W51/><G113/><T36/><D36/><U106/><E121/><V2/><F2/><W46/><G128/><T15/><D68/><U27/><E106/><V49/><F22/><N who="1" m="8233" /><E27/><V111/><F65/><W10/><G0/><T8/><D105/><U59/><E14/><V45/><F87/><N who="1" m="33353" /><E59/><V44/><F101/><W33/><G30/><T64/><D64/><U74/><E42/><V70/><F70/><W5/><REACH who="3" step="1"/><G5/><REACH who="3" step="2"/><T60/><D130/><U21/><N who="1" m="8241" /><U12/><DORA hai="66" /><E74/><V58/><F129/><W97/><G97/><T122/><D108/><U96/><E96/><V67/><F99/><W55/><G55/><N who="1" m="21066" /><E103/><V61/><F98/><W116/><G116/><T62/><D122/><U132/><E12/><V63/><F111/><W131/><G131/><T72/><D123/><U107/><E107/><V75/><F75/><W112/><G112/><N who="2" m="43049" /><F63/><W24/><G24/><T94/><D120/><U4/><E4/><V56/><F56/><W92/><AGARI ba="0,1" hai="10,13,16,25,28,33,46,51,54,79,82,86,92,93" machi="92" ten="30,8000,1" yaku="1,1,0,1,52,1,54,1,53,1" doraHai="26,66" doraHaiUra="32,11" who="3" fromWho="3" sc="250,-40,250,-20,250,-20,240,90" /><INIT seed="1,0,0,3,3,4" ten="210,230,230,330" oya="1" hai0="70,82,113,21,86,40,124,47,10,61,27,111,64" hai1="94,98,112,28,19,126,130,109,9,116,88,78,45" hai2="73,25,127,85,83,123,58,26,74,103,133,107,60" hai3="32,105,87,56,68,95,65,18,16,91,53,39,77" shuffle="mt19937ar,E15D31B8,25BF074F,5A76EFF3,274C7F99,DA8FCE3C,5B36A80F,3C672C3F,907304F7"/><U132/><E116/><V110/><F123/><W134/><G39/><T129/><D113/><U131/><E112/><V72/><F110/><W54/><G134/><T128/><D111/><U117/><E117/><V33/><F133/><W1/><G105/><T37/><D124/><U20/><E132/><V57/><F127/><W14/><G32/><T79/><D21/><U90/><E126/><V6/><F6/><W119/><G119/><T69/><D27/><U71/><E71/><V81/><F33/><W100/><G68/><T31/><D31/><U55/><E109/><V97/><F60/><N who="3" m="38023" /><G1/><T30/><D30/><U125/><E125/><V15/><F15/><W114/><G114/><T59/><D69/><U118/><E118/><V99/><F107/><W13/><G77/><T52/><REACH who="0" step="1"/><D10/><REACH who="0" step="2"/><U96/><E78/><V44/><F25/><W62/><G62/><AGARI ba="0,1" hai="37,40,47,52,59,61,62,64,70,79,82,86,128,129" machi="62" ten="40,5200,0" yaku="1,1,2,1,54,1,53,0" doraHai="4" doraHaiUra="121" who="0" fromWho="3" sc="200,62,230,0,230,0,330,-52" /><INIT seed="2,0,0,0,4,21" ten="262,230,230,278" oya="2" hai0="29,3,31,98,28,122,106,70,12,85,16,55,104" hai1="11,1,30,0,43,103,77,49,135,59,94,13,63" hai2="72,80,125,128,132,126,109,17,7,91,56,112,42" hai3="123,26,14,65,75,18,25,50,38,67,120,61,118" shuffle="mt19937ar,E78ADA83,31771929,3B031C08,39D6075A,C21D435A,AAFF00C3,B1B3192A,11991301"/><V51/><F72/><W54/><G38/><T22/><D70/><U23/><E77/><V96/><F7/><W46/><G75/><T93/><D3/><U90/><E135/><V9/><F42/><W69/><G118/><T127/><D122/><U44/><E103/><V89/><F9/><W20/><REACH who="3" step="1"/><G67/><REACH who="3" step="2"/><T41/><D127/><N who="2" m="48650" /><F112/><W32/><G32/><T35/><D35/><U117/><E117/><V71/><F71/><W73/><G73/><T92/><D104/><U107/><E107/><V37/><F37/><W133/><G133/><T134/><D134/><U47/><E30/><V5/><F132/><W113/><G113/><T24/><D106/><U95/><E0/><V36/><F36/><W4/><G4/><T86/><D41/><U62/><E1/><V52/><F5/><W15/><G15/><T119/><D119/><U110/><E110/><V34/><F109/><W64/><G64/><T114/><D114/><U83/><E83/><V124/><F34/><W121/><BYE who="1" /><AGARI ba="0,1" hai="14,18,20,25,26,46,50,54,61,65,69,120,121,123" machi="121" ten="30,7900,0" yaku="1,1,0,1,52,2,53,0" doraHai="21" doraHaiUra="27" who="3" fromWho="3" sc="262,-20,230,-20,230,-39,268,89" /><INIT seed="3,0,0,3,3,70" ten="242,210,191,357" oya="3" hai0="1,22,6,75,51,117,12,76,126,88,107,62,50" hai1="85,131,122,90,93,101,121,43,9,81,95,91,69" hai2="83,14,132,82,98,66,112,115,21,11,55,23,71" hai3="29,100,84,56,111,65,128,30,26,87,20,36,134" shuffle="mt19937ar,60242B8B,DA3A3575,C9C31AAE,F762216A,291DEEDB,22397BA7,CF79D484,C002DD04"/><W13/><G36/><T116/><D107/><U104/><E104/><V27/><F115/><W31/><G134/><T34/><D34/><U48/><E48/><V4/><F112/><W119/><G119/><T35/><D35/><U52/><E52/><V5/><F98/><W37/><G37/><T38/><D38/><U45/><E45/><V86/><F132/><W105/><G128/><T28/><D1/><U129/><E129/><V25/><F71/><W17/><G111/><T3/><D3/><U24/><E24/><V49/><F66/><W106/><G65/><T18/><D75/><U89/><E89/><V80/><F5/><W102/><G56/><T64/><D126/><U7/><E7/><V41/><F41/><W32/><G106/><T67/><D116/><U113/><E113/><V33/><F33/><W58/><G105/><T125/><D125/><U133/><E133/><V72/><F72/><W46/><G46/><T77/><D117/><U19/><E19/><V2/><F2/><W53/><G53/><T39/><D39/><U40/><E40/><V127/><F127/><W135/><G135/><T79/><D6/><U110/><E110/><V109/><F109/><W59/><G84/><T42/><D28/><U103/><E103/><V73/><F73/><W118/><G118/><T54/><D42/><U124/><E124/><V47/><REACH who="2" step="1"/><F86/><REACH who="2" step="2"/><W78/><G32/><T57/><D67/><U99/><E99/><V0/><F0/><W120/><G120/><T15/><D64/><U74/><E74/><V108/><F108/><W10/><G87/><T61/><D54/><RYUUKYOKU ba="0,1" sc="242,-10,210,-10,181,30,357,-10" hai2="4,11,14,21,23,25,27,47,49,55,80,82,83" /><INIT seed="4,1,1,0,2,26" ten="232,200,211,347" oya="0" hai0="2,114,66,3,22,82,6,87,135,32,62,1,118" hai1="117,18,80,126,37,100,5,53,83,39,36,70,19" hai2="17,46,115,41,20,42,60,105,23,133,108,124,79" hai3="31,99,112,71,8,49,16,73,55,9,61,27,52" shuffle="mt19937ar,27C4F087,537FB797,9257D240,D723CE2F,7BFBCE47,ECD1BBE0,AD9B8BA8,442F2A6D"/><T104/><D104/><U56/><E56/><V97/><F108/><W7/><G73/><T93/><D118/><U111/><E111/><V65/><F115/><W95/><G112/><T120/><D32/><U64/><E64/><V90/><F133/><W69/><G61/><T86/><D135/><U11/><E11/><V33/><F33/><W10/><G49/><T88/><D114/><U47/><E47/><V121/><F121/><W89/><G7/><T74/><D74/><U101/><E101/><V129/><F129/><W48/><G71/><T28/><D120/><U106/><E106/><V85/><F124/><W96/><G69/><T84/><D6/><U102/><E102/><V98/><F105/><W132/><G132/><T127/><D127/><U123/><E123/><V76/><F46/><W29/><G99/><N who="2" m="37897" /><F23/><N who="3" m="13799" /><G55/><T58/><REACH who="0" step="1"/><D82/><REACH who="0" step="2"/><U54/><E54/><V15/><F76/><W130/><G130/><T75/><D75/><U44/><E44/><AGARI ba="1,2" hai="8,9,10,29,31,44,48,52,89,95,96" m="13799" machi="44" ten="30,8000,1" yaku="8,1,52,2,54,2" doraHai="26" who="3" fromWho="1" sc="222,0,200,-83,211,0,347,103" /><INIT seed="5,0,0,4,4,22" ten="222,117,211,450" oya="1" hai0="130,101,72,98,31,122,25,15,109,131,56,96,83" hai1="129,63,23,26,94,54,34,78,120,14,92,124,113" hai2="121,75,70,100,116,6,3,74,29,5,69,49,35" hai3="17,43,79,65,118,97,27,9,28,134,59,89,77" shuffle="mt19937ar,53A5F433,00428168,1857F2F1,53073300,89F56EFE,FE82849E,3ECB10B1,FEB90231"/><U30/><E30/><V112/><F116/><W37/><G118/><T50/><D109/><U90/><E90/><V40/><F121/><W114/><G114/><T2/><D2/><U47/><E47/><V45/><F6/><W99/><G134/><T85/><D72/><N who="2" m="27690" /><F49/><W8/><G37/><T108/><D15/><U84/><E84/><V73/><F112/><W126/><G43/><T12/><D12/><U91/><E91/><V106/><N who="2" m="27698" /><V104/><DORA hai="125" /><F100/><W36/><G36/><T24/><D122/><U68/><E68/><N who="2" m="26219" /><F5/><W42/><G42/><T58/><D108/><U11/><E11/><N who="3" m="4170" /><G126/><T61/><D50/><U128/><E128/><N who="0" m="49193" /><D31/><U82/><E82/><V41/><F41/><W57/><G17/><T88/><D58/><N who="3" m="22025" /><G65/><N who="0" m="39079" /><D98/><N who="3" m="37385" /><G89/><T123/><D123/><U67/><E67/><V38/><F3/><W119/><G119/><T127/><D127/><U32/><E32/><V64/><F64/><W7/><G7/><T132/><D132/><U60/><E60/><V16/><F16/><W95/><G95/><AGARI ba="0,0" hai="24,25,83,85,88,95,96,101" m="39079,49193" machi="95" ten="30,12000,2" yaku="19,1,52,5,54,1" doraHai="22,125" who="0" fromWho="3" sc="222,120,117,0,211,0,450,-120" /><INIT seed="6,0,0,0,3,0" ten="342,117,211,330" oya="2" hai0="37,2,135,134,101,44,35,92,52,27,104,21,9" hai1="113,86,16,103,32,17,11,83,94,47,60,77,67" hai2="38,84,57,106,124,40,58,125,62,26,56,112,72" hai3="97,131,45,23,22,108,132,70,91,10,69,13,1" shuffle="mt19937ar,DADC35EA,122D09BC,06CF0752,684307FD,0F20159F,18AEF013,C42584B3,DAB0861E"/><V98/><F72/><W88/><G108/><T110/><D35/><U99/><E99/><V49/><F26/><W93/><G132/><N who="0" m="50731" /><D104/><U100/><E100/><N who="2" m="62743" /><F84/><W29/><G131/><T36/><D110/><U7/><E7/><V14/><F14/><W41/><G1/><T128/><D128/><U63/><E63/><V68/><F112/><W81/><G81/><T43/><D92/><U102/><E102/><V33/><F33/><W105/><G105/><T6/><D101/><U118/><E118/><V74/><F74/><W4/><G91/><T20/><D37/><U75/><E75/><V89/><F89/><W109/><G109/><T50/><D27/><U80/><E80/><V66/><F38/><W76/><G76/><T34/><D34/><U5/><E5/><V54/><F40/><W48/><REACH who="3" step="1"/><G29/><REACH who="3" step="2"/><T51/><D36/><U25/><E25/><V24/><F24/><W78/><G78/><T114/><D114/><U18/><E18/><V133/><F133/><W129/><G129/><T95/><D95/><U121/><E121/><V46/><F125/><W115/><G115/><T53/><D43/><U8/><E8/><V65/><F124/><W19/><G19/><T15/><D2/><U90/><E90/><V117/><F117/><W55/><G55/><T107/><D107/><U82/><E82/><V64/><F68/><AGARI ba="0,1" hai="4,10,13,22,23,41,45,48,68,69,70,88,93,97" machi="68" ten="40,5200,0" yaku="1,1,52,1,54,1,53,0" doraHai="0" doraHaiUra="71" who="3" fromWho="2" sc="342,0,117,0,211,-52,320,62" /><INIT seed="7,0,0,0,0,37" ten="342,117,159,382" oya="3" hai0="26,62,76,92,17,80,85,61,81,108,43,29,86" hai1="115,113,75,74,84,57,41,88,48,99,36,97,11" hai2="129,56,112,133,70,7,22,134,53,91,118,103,8" hai3="50,122,6,64,16,125,95,54,110,47,79,13,78" shuffle="mt19937ar,8414F1CC,33C8D7C1,BDBF6F16,54507A57,F1C0656A,7D851E2B,5E741E01,52884013"/><W111/><G122/><T19/><D108/><N who="3" m="41513" /><G125/><T59/><D92/><U33/><E33/><V15/><F118/><W2/><G95/><T130/><D130/><U60/><E60/><N who="2" m="35855" /><F103/><W66/><G2/><T101/><D101/><U30/><E30/><V24/><F70/><W127/><G127/><T73/><D73/><U63/><E63/><V114/><F91/><W90/><G90/><T34/><D61/><U5/><E5/><V87/><F87/><W38/><G38/><T9/><D9/><U100/><E100/><V20/><F129/><W65/><G6/><T39/><D39/><U45/><E45/><V116/><F116/><W121/><G121/><T31/><D31/><U123/><E123/><V128/><F128/><W52/><G54/><T23/><D34/><U135/><E135/><N who="2" m="51723" /><F22/><AGARI ba="0,0" hai="13,16,22,47,50,52,64,65,66,78,79" m="41513" machi="22" ten="30,5800,0" yaku="10,1,54,2" doraHai="37" who="3" fromWho="2" sc="342,0,117,0,159,-58,382,58" owari="342,14,117,-28,101,-40,440,54" /></mjloggm>