<mjloggm ver="2.3"><GO type="41"/><UN n0="%E3%82%A6%E3%83%AB%E3%83%88%E3%83%A9%E7%AB%8B%E7%9B%B4" n1="%E3%83%A2%E3%83%B3%E3%83%A2%E3%83%B3%E2%99%AA" n2="%E3%81%84%E3%81%BE%E3%81%84" n3="%E5%85%83%E9%81%A0%E5%B7%9E%E3%83%9C%E3%83%BC%E3%82%A4%E3%82%BA" dan="13,15,15,15" rate="1840,1957,1958,2000" sx="M,M,M,M"/><TAIKYOKU oya="0"/><INIT seed="0,0,0,3,5,108" ten="250,250,250,250" oya="0" hai0="74,4,130,94,111,63,21,53,12,50,128,91,64" hai1="9,95,103,15,25,54,117,49,18,62,59,31,127" hai2="44,132,75,87,60,134,39,2,96,52,104,42,135" hai3="61,23,131,3,26,119,100,133,51,14,90,110,27"/><T47/><D74/><U30/><E117/><V126/><F75/><W1/><G119/><T76/><D76/><U34/><E127/><V83/><F126/><W84/><G131/><T123/><D123/><U124/><E124/><V35/><F2/><W20/><G110/><T66/><D111/><U98/><E34/><V122/><F35/><W33/><G100/><T29/><D4/><U106/><E106/><V24/><F122/><W88/><G33/><T113/><D113/><U114/><E114/><V48/><F60/><W86/><G14/><T121/><D121/><U129/><E129/><N who="0" m="49769" /><D63/><U97/><E25/><V38/><F24/><W125/><G61/><T93/><D93/><U69/><E69/><V55/><F104/><W22/><G125/><T65/><D29/><U78/><E78/><N who="2" m="46583" /><F96/><W79/><G51/><T81/><D81/><U13/><E98/><V80/><F80/><W101/><G101/><T45/><D21/><U120/><E120/><V5/><F5/><W46/><G22/><T41/><D12/><U19/><REACH who="1" step="1"/><E62/><REACH who="1" step="2"/><V28/><F28/><W92/><G79/><T112/><D112/><U102/><E102/><V109/><F109/><W57/><G92/><T73/><D73/><U77/><E77/><V43/><F132/><W107/><G107/><T70/><D70/><U17/><E17/><V36/><F134/><W37/><G133/><T71/><D71/><U82/><E82/><V8/><F135/><W16/><G16/><T7/><D7/><U116/><E116/><V118/><F118/><W68/><G68/><T58/><D94/><U11/><AGARI ba="0,1" hai="9,11,13,15,18,19,30,31,49,54,59,95,97,103" machi="11" ten="20,12000,2" yaku="1,1,5,1,0,1,7,1,9,1,8,1,53,0" doraHai="108" doraHaiUra="115" who="1" fromWho="1" sc="250,-60,240,130,250,-30,250,-30" /><INIT seed="1,0,0,0,2,3" ten="190,370,220,220" oya="1" hai0="126,134,22,2,69,17,86,76,31,42,35,61,133" hai1="70,33,93,5,68,108,66,26,99,80,127,87,82" hai2="103,115,28,56,12,55,124,100,94,106,96,53,73" hai3="135,32,14,88,74,98,116,44,129,128,84,23,58"/><U43/><E43/><V75/><F115/><W21/><G74/><T83/><D42/><U132/><E132/><N who="0" m="50793" /><D61/><U39/><E39/><V20/><F124/><W114/><G32/><T120/><D69/><U25/><E127/><V62/><F103/><W40/><G114/><T104/><D104/><U13/><E80/><V47/><F106/><W46/><G135/><T111/><D126/><U16/><E33/><V92/><F94/><W67/><G98/><T30/><D111/><U97/><E108/><V15/><F15/><W130/><G116/><T125/><D125/><U41/><E41/><V0/><F0/><W50/><G46/><T105/><D105/><U27/><E93/><V18/><F28/><W79/><G79/><T63/><D63/><U107/><E70/><V9/><F9/><W131/><G14/><N who="0" m="9527" /><D35/><U89/><E66/><V37/><F37/><W24/><G131/><T60/><D60/><U91/><E68/><V101/><REACH who="2" step="1"/><F100/><REACH who="2" step="2"/><W64/><G24/><T113/><D113/><U49/><E107/><V57/><F57/><W54/><G67/><T122/><D2/><U119/><E27/><V34/><F34/><W51/><G64/><T45/><D45/><U77/><E26/><V72/><F72/><W38/><G38/><T29/><AGARI ba="0,1" hai="29,30,31,76,83,86,120,122" m="9527,50793" machi="29" ten="40,1500,0" yaku="20,1" doraHai="3" who="0" fromWho="0" sc="190,25,370,-7,210,-4,220,-4" /><INIT seed="2,0,0,1,1,8" ten="215,363,206,216" oya="2" hai0="15,102,131,41,108,36,33,107,113,76,114,73,29" hai1="40,80,7,17,31,119,66,70,105,63,0,22,21" hai2="30,47,95,112,117,111,71,124,48,58,126,93,91" hai3="1,2,118,120,75,135,12,85,96,68,101,25,125"/><V92/><F71/><W115/><G120/><T5/><D5/><U10/><E105/><V43/><F117/><W32/><G118/><T84/><D84/><U50/><E119/><V4/><F112/><W123/><G75/><T78/><D78/><U59/><E80/><V79/><F111/><W19/><G123/><T9/><D9/><U104/><E104/><V94/><F79/><W27/><G115/><T106/><D102/><U89/><E89/><V109/><F109/><W28/><G27/><T49/><D76/><U74/><E74/><V62/><F30/><W38/><G38/><T116/><D15/><U23/><E31/><V52/><REACH who="2" step="1"/><F4/><REACH who="2" step="2"/><W83/><G68/><T42/><D29/><U26/><E70/><V61/><F61/><W53/><G125/><T44/><D114/><U60/><E63/><V65/><F65/><W129/><G129/><T128/><D128/><U35/><E35/><V6/><F6/><W57/><G135/><T130/><D130/><U18/><E26/><V69/><F69/><W110/><G110/><T56/><D108/><U99/><E0/><V13/><F13/><W103/><G1/><T88/><D131/><U97/><E7/><V3/><F3/><W90/><G2/><T86/><D116/><U67/><E67/><V77/><F77/><W45/><G12/><T46/><D113/><U51/><E66/><V72/><F72/><W133/><G133/><T127/><D73/><U55/><E60/><V37/><F37/><W122/><G32/><T121/><D33/><U39/><E39/><V98/><AGARI ba="0,1" hai="43,47,48,52,58,62,91,92,93,94,95,98,124,126" machi="98" ten="30,6000,0" yaku="1,1,0,1,54,1,53,0" doraHai="8" doraHaiUra="64" who="2" fromWho="2" sc="215,-20,363,-20,196,70,216,-20" /><INIT seed="2,1,0,2,0,9" ten="195,343,266,196" oya="2" hai0="56,38,90,75,85,87,103,120,61,102,4,17,54" hai1="19,104,40,70,26,15,47,33,88,123,16,122,109" hai2="21,10,27,48,130,11,101,6,5,55,67,60,73" hai3="82,98,81,65,45,0,36,76,77,69,86,37,131"/><V49/><F130/><W32/><G32/><T8/><D75/><U43/><E70/><V80/><F101/><W128/><G98/><T79/><D38/><U59/><E104/><V133/><F133/><W64/><G0/><T63/><D120/><N who="1" m="46123" /><E109/><V28/><F73/><W92/><G92/><T105/><D105/><U50/><E59/><V72/><F72/><W3/><G3/><T99/><D99/><U66/><E66/><V42/><F42/><W83/><G45/><T129/><D129/><N who="3" m="49737" /><G69/><T97/><D97/><U113/><E113/><V78/><F80/><W116/><G86/><T46/><D46/><U114/><E114/><V124/><F78/><N who="3" m="30315" /><G116/><T108/><D108/><U94/><E33/><V96/><F96/><W29/><G29/><T89/><D79/><U126/><E126/><V39/><F124/><W20/><G20/><T106/><D106/><U110/><E110/><V25/><F39/><AGARI ba="1,0" hai="36,37,39,64,65,81,82,83" m="30315,49737" machi="39" ten="40,5200,0" yaku="28,2,19,1" doraHai="9" who="3" fromWho="2" sc="195,0,343,0,266,-55,196,55" /><INIT seed="3,0,0,1,4,44" ten="195,343,211,251" oya="3" hai0="5,3,74,116,114,18,68,31,107,34,66,54,8" hai1="10,85,92,134,93,96,16,123,29,33,69,38,126" hai2="9,24,106,81,76,86,23,45,20,67,99,14,35" hai3="128,12,90,98,91,97,120,7,125,47,37,87,113"/><W111/><G120/><T115/><D74/><U48/><E38/><V73/><F35/><W78/><G113/><N who="0" m="43019" /><D66/><U32/><E123/><V89/><F67/><W101/><G125/><T59/><D107/><U77/><E69/><V88/><F45/><W26/><G26/><N who="0" m="18807" /><D68/><U71/><E71/><V1/><F1/><W121/><G121/><T82/><D82/><U57/><E126/><V109/><F109/><W79/><G37/><T127/><D127/><U39/><E39/><V63/><F63/><W55/><G111/><T110/><D110/><U70/><E70/><V42/><F42/><W100/><G47/><T84/><D84/><U13/><E77/><N who="3" m="29194" /><G55/><T83/><D83/><U72/><E72/><V95/><F24/><W80/><G12/><T25/><D116/><U103/><E29/><V50/><F50/><W56/><G7/><T0/><D54/><N who="1" m="31943" /><E33/><V36/><F36/><W6/><G6/><T75/><D59/><U124/><E32/><V11/><F11/><W15/><G15/><N who="0" m="5519" /><D75/><U41/><E124/><V129/><F129/><W61/><G56/><T22/><AGARI ba="0,0" hai="0,3,18,22,25" m="5519,18807,43019" machi="22" ten="30,4000,0" yaku="11,1,34,2" doraHai="44" who="0" fromWho="0" sc="195,40,343,-10,211,-10,251,-20" /><INIT seed="4,0,0,0,0,63" ten="235,333,201,231" oya="0" hai0="82,102,117,62,100,11,1,118,125,121,115,60,64" hai1="51,129,114,87,14,26,16,135,7,75,113,59,92" hai2="31,54,30,20,57,36,58,112,52,25,133,109,106" hai3="97,79,85,41,95,76,3,120,35,50,38,70,46"/><T37/><D37/><U93/><E75/><V99/><F112/><W71/><G3/><T39/><D39/><U22/><E129/><V126/><F126/><W90/><G35/><T128/><D115/><N who="1" m="44043" /><E135/><V47/><F133/><W131/><G131/><T15/><D128/><U74/><E74/><V42/><F109/><W103/><G120/><T127/><D121/><U122/><E122/><V65/><F65/><W66/><G38/><T94/><D1/><U28/><E7/><V86/><F86/><W73/><G73/><T110/><D110/><U119/><E119/><V124/><F124/><N who="0" m="47690" /><D118/><U10/><E87/><V44/><F31/><W72/><G66/><T8/><D117/><U45/><E59/><V48/><REACH who="2" step="1"/><F54/><AGARI ba="0,0" hai="10,14,16,22,26,28,45,51,54,92,93" m="44043" machi="54" ten="30,3900,0" yaku="15,1,11,1,54,1" doraHai="63" who="1" fromWho="2" sc="235,0,333,39,201,-39,231,0" /><INIT seed="5,0,0,4,1,28" ten="235,372,162,231" oya="1" hai0="56,13,86,47,50,110,35,12,79,106,97,39,133" hai1="33,42,125,3,128,41,14,19,123,65,46,76,72" hai2="87,10,119,135,9,134,113,101,100,44,116,104,88" hai3="130,20,96,102,83,64,66,122,114,7,105,117,5"/><U32/><E3/><V29/><F29/><W98/><G122/><T37/><D110/><U38/><E123/><V52/><F113/><W51/><G117/><N who="2" m="45129" /><F10/><W54/><G114/><T27/><D133/><N who="2" m="50698" /><F9/><W34/><G34/><T53/><D13/><U24/><E24/><V22/><F22/><W43/><G43/><T131/><D131/><U15/><E128/><V18/><F18/><W91/><G130/><T62/><D12/><U115/><E115/><V11/><F11/><W6/><G20/><T8/><D8/><U82/><E42/><V132/><N who="2" m="50706" /><V127/><DORA hai="61" /><F127/><W109/><G109/><T4/><D4/><U2/><E2/><V71/><F71/><W92/><REACH who="3" step="1"/><G83/><REACH who="3" step="2"/><T95/><D35/><U68/><E125/><V21/><F21/><W108/><G108/><T94/><D37/><U80/><E33/><V57/><F104/><W25/><G25/><T112/><D39/><U31/><E32/><V23/><F23/><W121/><G121/><T74/><D27/><U55/><E38/><V49/><F44/><AGARI ba="0,1" hai="5,6,7,44,51,54,64,66,91,92,96,98,102,105" machi="44" ten="40,5200,0" yaku="1,1,52,2,53,0" doraHai="28,61" doraHaiUra="81,36" who="3" fromWho="2" sc="235,0,372,0,162,-52,221,62" /><INIT seed="6,0,0,4,4,124" ten="235,372,110,283" oya="2" hai0="73,54,5,7,33,135,16,44,105,121,132,3,19" hai1="30,57,17,60,4,18,114,116,56,128,2,39,40" hai2="85,1,51,79,48,75,88,78,41,77,24,9,72" hai3="103,25,108,64,74,49,84,134,80,35,94,118,92"/><V59/><F24/><W61/><G108/><T36/><D54/><U99/><E116/><V109/><F109/><W67/><G74/><T26/><D44/><U115/><E30/><V113/><F113/><N who="1" m="43017" /><E57/><V87/><F41/><W28/><G49/><T65/><D65/><U119/><E119/><V106/><F106/><W46/><G118/><T120/><D73/><U83/><E4/><V29/><F29/><W117/><G46/><T93/><D93/><U47/><E2/><V107/><F107/><W95/><G117/><T0/><D36/><U23/><E99/><V20/><F20/><W68/><G134/><T89/><D89/><U45/><E45/><V104/><F104/><W81/><G67/><T14/><D105/><U52/><E83/><V21/><F21/><W100/><REACH who="3" step="1"/><G80/><REACH who="3" step="2"/><T11/><D120/><U90/><E47/><V12/><F1/><N who="0" m="586" /><D121/><U123/><E123/><V42/><F75/><W101/><G101/><T15/><D132/><U50/><E50/><N who="2" m="18987" /><F42/><W86/><G86/><N who="2" m="32777" /><F59/><W130/><G130/><T27/><D135/><U69/><E128/><V97/><F72/><W125/><G125/><T6/><D33/><U111/><E40/><V98/><F88/><AGARI ba="0,1" hai="25,28,35,61,64,68,81,84,88,92,94,95,100,103" machi="88" ten="40,5200,0" yaku="1,1,54,1,53,1" doraHai="124" doraHaiUra="66" who="3" fromWho="2" sc="235,0,372,0,110,-52,273,62" /><INIT seed="7,0,0,0,5,40" ten="235,372,58,335" oya="3" hai0="69,90,85,49,97,68,20,11,112,31,79,126,113" hai1="30,96,66,45,125,36,59,81,14,37,127,99,35" hai2="109,52,54,2,19,47,72,104,76,4,51,95,82" hai3="102,3,129,53,88,13,34,84,105,12,32,101,77"/><W26/><G3/><T80/><D11/><U100/><E81/><V24/><F109/><W131/><G105/><T83/><D20/><U57/><E14/><N who="3" m="5738" /><G26/><T87/><D68/><U103/><E35/><N who="3" m="13354" /><G53/><T17/><D69/><U94/><E30/><V134/><F104/><W106/><G106/><T46/><D17/><U128/><E66/><V117/><F117/><W25/><G25/><T23/><D23/><U64/><E64/><V1/><F134/><W28/><G28/><T118/><D31/><U55/><E55/><V67/><F67/><W133/><G77/><T50/><D118/><U78/><E78/><V122/><F122/><W108/><G108/><T114/><D97/><U48/><E48/><V22/><F4/><W91/><G84/><T6/><D6/><U58/><E128/><N who="3" m="49226" /><G133/><T92/><D126/><N who="1" m="48139" /><E45/><V43/><F95/><AGARI ba="0,0" hai="36,37,57,58,59,94,95,96,99,100,103" m="48139" machi="95" ten="30,1000,0" yaku="18,1" doraHai="40" who="1" fromWho="2" sc="235,0,372,10,58,-10,335,0" owari="235,-16,382,47,48,-45,335,14" /></mjloggm>