<mjloggm ver="2.3"><GO type="41"/><UN n0="%61%6D%61%6A%69%73%68%69" n1="%64%61%72%6A%65%6C%69%6E" n2="%E3%82%A6%E3%83%AB%E3%83%88%E3%83%A9%E7%AB%8B%E7%9B%B4" n3="%E3%82%B7%E3%82%B8%E3%83%9F%E7%8B%A9%E3%82%8A" dan="14,15,15,13" rate="1900,1937,1964,1823" sx="M,M,M,M"/><TAIKYOKU oya="0"/><INIT seed="0,0,0,2,3,97" ten="250,250,250,250" oya="0" hai0="66,81,8,106,43,49,80,124,36,123,45,47,128" hai1="75,18,41,122,121,11,13,7,12,120,30,114,89" hai2="126,78,21,71,73,111,117,50,22,85,79,63,132" hai3="48,10,67,64,37,88,108,56,86,40,100,20,29"/><T112/><D123/><U116/><E75/><V130/><F79/><W69/><G108/><T84/><D112/><U99/><E41/><V16/><F22/><W68/><G37/><T62/><D128/><U34/><E114/><V46/><F73/><W118/><G118/><T5/><D124/><U44/><E44/><V70/><F126/><W74/><G74/><T1/><D106/><U9/><E89/><V93/><F130/><W90/><G10/><T105/><D105/><U17/><E99/><V76/><F111/><W110/><G110/><T87/><D81/><U77/><E77/><V33/><F33/><W3/><G3/><T135/><D135/><U129/><E129/><V32/><F32/><W103/><G40/><T131/><D131/><U52/><E52/><N who="2" m="29783" /><F70/><W38/><G38/><T24/><D24/><U61/><E61/><V60/><F71/><W91/><G69/><T127/><D127/><U31/><E116/><V119/><F132/><W26/><G68/><T65/><D87/><U101/><E101/><N who="3" m="38986" /><G86/><T51/><D62/><N who="2" m="23594" /><F119/><W19/><G29/><N who="1" m="10762" /><E34/><V96/><F85/><W59/><G56/><T39/><D39/><U113/><E113/><V25/><F117/><W104/><G104/><T23/><D23/><U102/><E102/><AGARI ba="0,0" hai="16,21,25,76,78,93,96,102" m="23594,29783" machi="102" ten="30,7700,0" yaku="8,1,52,1,54,2" doraHai="97" who="2" fromWho="1" sc="250,0,250,-77,250,77,250,0" /><INIT seed="1,0,0,0,5,38" ten="250,173,327,250" oya="1" hai0="25,27,14,135,112,4,124,117,87,47,92,118,16" hai1="59,45,107,90,40,85,104,63,83,76,113,108,101" hai2="98,55,52,8,119,26,5,116,132,99,36,41,21" hai3="1,56,69,64,0,22,127,79,88,71,75,57,78"/><U134/><E113/><V89/><F132/><W60/><G127/><T102/><D112/><U120/><E120/><V43/><F36/><W114/><G114/><T125/><D135/><U74/><E134/><V130/><F130/><W84/><G22/><T9/><D47/><U115/><E115/><V86/><F116/><N who="0" m="44650" /><D87/><U6/><E6/><V95/><F119/><W110/><G110/><T91/><D91/><U82/><E101/><V46/><F98/><W126/><G126/><N who="0" m="48747" /><D92/><U35/><E35/><V123/><F99/><W122/><G122/><T12/><D102/><U7/><E7/><V72/><F72/><W32/><G32/><T23/><AGARI ba="0,0" hai="4,9,12,14,16,23,25,27" m="48747,44650" machi="23" ten="30,7900,0" yaku="18,1,34,2,54,1" doraHai="38" who="0" fromWho="0" sc="250,79,173,-39,327,-20,250,-20" /><INIT seed="2,0,0,1,2,10" ten="329,134,307,230" oya="2" hai0="6,66,81,89,92,51,25,121,45,75,41,100,57" hai1="84,34,132,85,40,90,102,62,71,101,33,123,126" hai2="44,1,18,35,76,0,52,46,69,134,130,53,118" hai3="93,70,109,128,55,20,3,106,95,28,49,127,31"/><V68/><F76/><W23/><G70/><T79/><D100/><U39/><E123/><V107/><F35/><W27/><G3/><T108/><D121/><U24/><E126/><V19/><F107/><W47/><G127/><T36/><D108/><U131/><E131/><V105/><F105/><W97/><G128/><T15/><D25/><U8/><E132/><V17/><F130/><W13/><G109/><T98/><D66/><U58/><E71/><V74/><F19/><W78/><G78/><T26/><D26/><U111/><E111/><V110/><F110/><W50/><G106/><T103/><D89/><U83/><E8/><V122/><F122/><W2/><G2/><T7/><D36/><U65/><E40/><V133/><REACH who="2" step="1"/><F74/><REACH who="2" step="2"/><W135/><G135/><T64/><D79/><U112/><E34/><V22/><F22/><W104/><G104/><T16/><D75/><U72/><E33/><V63/><F63/><W29/><G23/><T32/><D16/><U88/><E72/><V21/><F21/><W117/><G117/><AGARI ba="0,1" hai="0,1,17,18,44,46,52,53,68,69,117,118,133,134" machi="117" ten="25,18000,2" yaku="1,1,22,2,54,1,53,2" doraHai="10" doraHaiUra="114" who="2" fromWho="3" sc="329,0,134,0,297,190,230,-180" /><INIT seed="2,1,0,0,0,14" ten="329,134,487,50" oya="2" hai0="31,0,95,129,60,52,62,109,32,70,88,57,22" hai1="71,63,116,81,92,15,89,106,69,103,115,37,87" hai2="39,84,125,1,133,11,20,102,130,107,93,21,120" hai3="3,16,8,59,122,83,127,65,131,49,6,64,26"/><V96/><F120/><W86/><G122/><T27/><D0/><U56/><E115/><V10/><F39/><W42/><G131/><T132/><D129/><U78/><E37/><V30/><F130/><W124/><G42/><T12/><D132/><U134/><E134/><V2/><F133/><W66/><G49/><T77/><D77/><U41/><E41/><V48/><F125/><N who="3" m="48203" /><G59/><T101/><D101/><U9/><E116/><V53/><F2/><W117/><G117/><T5/><D109/><U61/><E61/><V55/><F1/><W18/><G26/><T118/><D118/><U40/><E40/><V79/><F107/><W91/><AGARI ba="1,0" hai="3,6,8,16,18,64,65,66,83,86,91" m="48203" machi="91" ten="30,7900,0" yaku="18,1,52,2,54,1" doraHai="14" who="3" fromWho="3" sc="329,-21,134,-21,487,-40,50,82" /><INIT seed="3,0,0,3,5,95" ten="308,113,447,132" oya="3" hai0="46,20,85,99,56,82,70,47,81,3,128,54,101" hai1="43,42,129,23,40,4,0,78,76,98,125,100,134" hai2="26,104,24,61,118,36,60,91,109,30,28,13,55" hai3="96,112,14,45,38,120,44,132,51,2,10,135,62"/><W41/><G2/><T124/><D70/><U6/><E125/><V119/><F36/><W133/><G120/><T73/><D3/><U87/><E134/><V113/><F113/><W121/><G121/><T50/><D124/><U126/><E126/><V84/><F13/><W117/><G117/><T123/><D128/><U66/><E129/><V57/><F104/><W92/><G112/><T21/><D73/><U63/><E0/><V131/><F131/><W18/><G62/><T105/><D81/><U5/><E23/><V53/><F109/><W83/><G83/><T8/><D8/><U114/><E114/><V1/><F1/><W94/><REACH who="3" step="1"/><G96/><REACH who="3" step="2"/><T27/><D123/><U35/><E35/><V59/><F118/><W71/><G71/><T39/><D39/><U97/><E100/><V89/><F119/><W107/><G107/><T58/><D99/><N who="1" m="37899" /><E87/><AGARI ba="0,1" hai="24,26,28,30,53,55,57,59,60,61,84,87,89,91" machi="87" ten="25,3200,0" yaku="22,2,8,1" doraHai="95" who="2" fromWho="1" sc="308,0,113,-32,447,42,122,0" /><INIT seed="4,0,0,0,0,120" ten="308,81,489,122" oya="0" hai0="23,70,38,37,101,22,104,56,82,15,58,30,20" hai1="26,28,13,74,103,110,41,24,4,72,14,121,11" hai2="21,33,107,92,68,47,109,105,8,125,39,126,1" hai3="97,132,86,111,130,27,129,100,12,6,17,45,44"/><T66/><D104/><U77/><E121/><V99/><F33/><W133/><G86/><T98/><D101/><U51/><E103/><V89/><F68/><W67/><G67/><T5/><D98/><U32/><E26/><V0/><F21/><W61/><G61/><T118/><D118/><U2/><E110/><V131/><F109/><W43/><G6/><T16/><D5/><U116/><E116/><V95/><F131/><N who="3" m="50187" /><G27/><T115/><D70/><U50/><E50/><V135/><F135/><N who="3" m="51787" /><G111/><T85/><D38/><U18/><E14/><V124/><F1/><W9/><G43/><T84/><D66/><U73/><E73/><V42/><F95/><AGARI ba="0,0" hai="9,12,17,44,45,95,97,100" m="51787,50187" machi="95" ten="30,2000,0" yaku="19,1,20,1" doraHai="120" who="3" fromWho="2" sc="308,0,81,0,489,-20,122,20" /><INIT seed="5,0,0,0,0,92" ten="308,81,469,142" oya="1" hai0="51,63,6,68,43,132,20,124,85,75,95,84,102" hai1="55,36,3,100,5,72,76,83,44,14,127,54,64" hai2="130,9,114,135,35,123,126,134,78,77,4,109,45" hai3="121,46,90,99,47,53,128,93,86,116,73,70,107"/><U29/><E64/><V18/><F123/><W61/><G121/><T65/><D75/><U7/><E127/><V112/><F109/><W15/><G128/><T88/><D124/><U22/><E100/><V49/><F130/><W117/><G73/><T26/><D102/><U133/><E133/><N who="2" m="50699" /><F126/><W1/><G1/><T12/><D132/><U122/><E122/><V24/><F77/><W40/><G15/><T13/><D6/><U32/><E32/><V52/><F78/><W28/><G28/><T2/><D2/><U41/><E7/><V21/><F35/><W71/><G107/><T16/><D43/><U50/><E50/><V120/><F120/><W118/><G47/><T48/><D84/><U59/><E59/><V111/><F111/><W98/><G70/><T108/><D108/><U125/><E125/><V94/><F94/><W113/><G113/><T25/><REACH who="0" step="1"/><D13/><AGARI ba="0,0" hai="4,9,13,18,21,24,45,49,52,112,114" m="50699" machi="13" ten="30,2000,0" yaku="20,1,54,1" doraHai="92" who="2" fromWho="0" sc="308,-20,81,0,469,20,142,0" /><INIT seed="6,0,0,2,4,31" ten="288,81,489,142" oya="2" hai0="128,21,42,97,103,12,37,27,56,48,134,64,15" hai1="38,106,16,71,23,84,81,94,112,32,4,35,121" hai2="95,102,118,110,57,133,20,72,98,108,8,3,113" hai3="13,45,89,78,49,117,87,5,92,80,66,129,34"/><V127/><F8/><W104/><G117/><T46/><D134/><U125/><E106/><V55/><F20/><W7/><G104/><T51/><D128/><U39/><E71/><V91/><F3/><W75/><G129/><T119/><D119/><U131/><E131/><V22/><F22/><W10/><G66/><T59/><D37/><U62/><E62/><V9/><F9/><W76/><G78/><T79/><D79/><U36/><E4/><V101/><F55/><W85/><G75/><T58/><D51/><U19/><E19/><V70/><F57/><W83/><G92/><T93/><REACH who="0" step="1"/><D64/><REACH who="0" step="2"/><U40/><E121/><V30/><F118/><W73/><G73/><T50/><D50/><U90/><E112/><V111/><F72/><W132/><G132/><T65/><D65/><U61/><E61/><V60/><F133/><W68/><G68/><T25/><D25/><U77/><E125/><V54/><F127/><W53/><REACH who="3" step="1"/><G34/><REACH who="3" step="2"/><T105/><D105/><U11/><E35/><V124/><F70/><W47/><G47/><T107/><D107/><U120/><E32/><V130/><F130/><W0/><G0/><T17/><AGARI ba="0,2" hai="12,15,17,21,27,42,46,48,56,58,59,93,97,103" machi="17" ten="30,7900,0" yaku="1,1,0,1,8,1,53,1" doraHai="31" doraHaiUra="18" who="0" fromWho="0" sc="278,99,81,-20,489,-39,132,-20" /><INIT seed="7,0,0,1,1,128" ten="377,61,450,112" oya="3" hai0="71,44,22,129,109,88,14,103,55,83,100,94,37" hai1="3,79,49,61,68,69,133,111,36,57,114,95,39" hai2="40,30,28,102,12,25,77,80,117,27,19,66,120" hai3="92,41,52,90,6,46,54,50,2,9,126,115,76"/><W134/><G115/><T124/><D71/><U106/><E106/><V64/><F40/><W99/><G126/><T105/><D124/><U89/><E3/><V5/><F102/><W118/><G118/><T97/><D109/><U7/><E111/><V16/><F5/><W51/><G134/><T13/><D83/><U31/><E7/><V91/><F77/><W135/><G135/><T42/><D129/><U87/><E133/><V86/><F120/><W130/><G130/><T43/><D43/><U35/><E114/><V62/><F19/><W125/><G125/><T119/><D103/><U84/><E49/><V33/><F117/><W32/><G32/><T112/><D112/><U82/><E69/><V4/><F4/><W53/><REACH who="3" step="1"/><G76/><REACH who="3" step="2"/><T11/><D119/><U81/><E68/><V18/><F33/><W113/><G113/><T131/><D131/><U78/><E78/><V132/><F132/><W8/><G8/><T116/><D116/><U72/><E35/><V121/><F121/><W127/><G127/><T59/><D11/><U70/><E70/><V45/><F64/><W15/><G15/><T63/><D22/><U74/><E31/><V47/><F12/><W26/><G26/><T48/><REACH who="0" step="1"/><D37/><AGARI ba="0,1" hai="2,6,9,37,41,46,50,51,52,53,54,90,92,99" machi="37" ten="40,3900,0" yaku="1,1,54,1,53,0" doraHai="128" doraHaiUra="10" who="3" fromWho="0" sc="377,-39,61,0,450,0,102,49" /><INIT seed="7,1,0,4,1,83" ten="338,61,450,151" oya="3" hai0="116,75,104,82,112,56,123,4,27,34,81,39,9" hai1="53,11,22,101,107,2,120,60,132,14,109,29,28" hai2="105,89,118,125,59,24,78,57,5,124,33,63,67" hai3="94,119,87,26,100,134,0,98,38,68,18,45,44"/><W135/><G119/><T127/><D104/><U76/><E109/><V113/><F118/><W23/><G68/><T6/><D39/><U17/><E120/><V129/><F129/><W49/><G0/><T25/><D116/><U30/><E132/><N who="3" m="50730" /><G38/><T36/><D127/><U37/><E37/><V52/><F78/><W96/><G98/><T54/><D112/><U122/><E122/><V72/><F72/><W55/><G45/><T91/><D123/><U93/><E107/><V90/><F105/><W32/><G32/><T8/><D34/><U97/><E76/><V41/><F41/><W130/><G130/><T65/><D36/><U47/><E2/><V19/><F113/><W69/><G69/><T79/><D75/><U58/><REACH who="1" step="1"/><E47/><REACH who="1" step="2"/><V117/><F117/><W131/><G131/><T15/><D79/><U85/><E85/><AGARI ba="1,1" hai="18,23,26,44,49,55,85,87,94,96,100" m="50730" machi="85" ten="30,5800,0" yaku="20,1,52,2" doraHai="83" who="3" fromWho="1" sc="338,0,51,-61,450,0,151,71" owari="338,14,-10,-51,450,55,222,-18" /></mjloggm>