<mjloggm ver="2.3"><GO type="41"/><UN n0="%72%61%79%27%6E" n1="%78%78%79%7A" n2="%E3%82%A6%E3%83%AB%E3%83%88%E3%83%A9%E7%AB%8B%E7%9B%B4" n3="%63%79%6F%6E%70%69" dan="13,14,15,14" rate="1912,1814,1962,1929" sx="M,M,M,M"/><TAIKYOKU oya="0"/><INIT seed="0,0,0,4,5,96" ten="250,250,250,250" oya="0" hai0="122,98,107,24,86,110,90,111,91,82,78,121,31" hai1="64,73,13,18,53,59,71,15,20,84,9,49,108" hai2="114,112,99,75,115,104,74,81,30,19,58,44,4" hai3="118,70,65,120,16,12,102,36,67,66,27,3,113"/><T17/><D17/><U61/><E73/><V43/><F30/><W48/><G36/><T34/><D91/><U2/><E108/><N who="0" m="41513" /><D90/><U119/><E2/><V63/><F19/><W72/><G72/><T55/><D55/><U62/><E119/><V21/><F21/><W85/><G70/><T57/><D57/><U128/><E128/><V92/><F104/><W23/><G3/><T95/><D95/><U132/><E132/><V97/><F4/><W46/><G113/><T8/><D8/><U89/><E61/><V14/><F14/><W94/><G118/><T28/><D31/><U131/><E131/><V47/><F81/><W11/><G120/><N who="0" m="46187" /><D98/><U45/><E71/><V126/><F97/><N who="3" m="59703" /><G85/><T1/><D1/><U25/><REACH who="1" step="1"/><E9/><REACH who="1" step="2"/><V124/><F75/><W68/><G68/><T26/><D107/><U6/><E6/><V29/><F74/><W5/><G67/><T69/><D69/><U0/><E0/><V37/><F47/><W100/><G66/><T129/><D129/><U50/><E50/><V76/><F114/><W79/><G65/><T116/><D116/><U105/><E105/><V117/><F112/><W135/><G135/><T54/><D54/><U51/><E51/><V130/><F115/><W109/><G109/><T35/><D35/><U42/><E42/><V87/><F130/><W101/><G79/><T7/><D7/><U83/><AGARI ba="0,1" hai="13,15,18,20,25,45,49,53,59,62,64,83,84,89" machi="83" ten="20,8000,1" yaku="1,1,0,1,7,1,8,1,53,1" doraHai="96" doraHaiUra="52" who="1" fromWho="1" sc="250,-40,240,90,250,-20,250,-20" /><INIT seed="1,0,0,3,1,71" ten="210,330,230,230" oya="1" hai0="66,131,22,124,55,95,27,25,28,74,7,32,38" hai1="83,135,132,109,30,15,85,54,98,60,53,51,104" hai2="41,106,34,107,40,110,43,56,65,117,29,4,112" hai3="67,73,10,68,102,96,58,99,108,21,20,72,14"/><U9/><E30/><V47/><F117/><W81/><G68/><T121/><D74/><U92/><E104/><V46/><F112/><W127/><G96/><T75/><D75/><U133/><E60/><V31/><F110/><W49/><G73/><T24/><D66/><U36/><E109/><V82/><F4/><W19/><G108/><T37/><D7/><U45/><E54/><V84/><F56/><W125/><G72/><T119/><D119/><U48/><E48/><V35/><F65/><W61/><G49/><T122/><D32/><U93/><E98/><V130/><F130/><W103/><G81/><T113/><D113/><U126/><E126/><N who="3" m="48138" /><G103/><T5/><D131/><U16/><REACH who="1" step="1"/><E36/><REACH who="1" step="2"/><V18/><F107/><AGARI ba="0,1" hai="10,14,19,20,21,58,61,67,99,102,107" m="48138" machi="107" ten="30,1000,0" yaku="18,1" doraHai="71" who="3" fromWho="2" sc="210,0,320,0,230,-10,230,20" /><INIT seed="2,0,0,4,0,127" ten="210,320,220,250" oya="2" hai0="58,21,82,90,75,124,109,134,43,120,48,98,71" hai1="1,49,26,18,100,105,121,10,94,45,80,106,133" hai2="11,108,41,126,19,17,62,33,107,28,125,57,63" hai3="29,7,135,52,101,132,59,76,27,50,122,15,99"/><V14/><F107/><W56/><G76/><T131/><D98/><U20/><E80/><V39/><F41/><W91/><G91/><T40/><D21/><U25/><E25/><N who="2" m="18575" /><F39/><W9/><G122/><T83/><D90/><U36/><E36/><V66/><F62/><W51/><G132/><T74/><D58/><U38/><E38/><V114/><F114/><W37/><G37/><T103/><D103/><U81/><E81/><N who="0" m="30729" /><D48/><U77/><E77/><V113/><F113/><W68/><G68/><T61/><D120/><U102/><E133/><V118/><F118/><W0/><G0/><T111/><D134/><U47/><E121/><V31/><F31/><W4/><G135/><T87/><D87/><U85/><E85/><V86/><F86/><W44/><G50/><T123/><D123/><U5/><E49/><V24/><F108/><N who="0" m="41546" /><D124/><N who="2" m="47722" /><F24/><W96/><G4/><AGARI ba="0,0" hai="4,11,14,17,19,57,63,66" m="47722,18575" machi="4" ten="30,1500,0" yaku="18,1" doraHai="127" who="2" fromWho="3" sc="210,0,320,0,220,15,250,-15" /><INIT seed="2,1,0,2,1,45" ten="210,320,235,235" oya="2" hai0="91,118,58,47,32,122,28,25,93,108,125,7,3" hai1="31,129,124,95,9,90,17,50,13,103,12,116,30" hai2="111,74,70,29,135,61,113,71,82,5,39,6,67" hai3="128,101,18,14,51,63,8,133,68,123,10,11,60"/><V38/><F29/><W80/><G68/><T81/><D122/><U52/><E103/><V53/><F82/><W105/><G123/><T85/><D118/><U106/><E106/><V75/><F113/><W64/><G133/><T54/><D125/><U119/><E124/><V20/><F20/><W97/><G128/><T34/><D108/><U102/><E102/><V73/><F135/><W19/><G80/><T55/><D7/><U2/><E2/><V110/><F53/><W66/><G14/><T56/><D47/><U120/><E120/><V100/><F100/><W36/><G36/><N who="2" m="13865" /><F61/><W15/><G15/><T24/><D3/><U23/><E129/><V44/><F44/><W88/><G105/><T94/><D81/><U127/><E127/><V69/><F67/><N who="3" m="25643" /><G101/><T126/><D126/><U46/><E119/><V89/><F89/><W109/><G109/><AGARI ba="1,0" hai="5,6,69,70,71,73,74,75,109,110,111" m="13865" machi="109" ten="50,12000,1" yaku="28,2,14,1,10,1" doraHai="45" who="2" fromWho="3" sc="210,0,320,0,235,123,235,-123" /><INIT seed="2,2,0,4,2,107" ten="210,320,358,112" oya="2" hai0="22,102,131,99,114,55,39,4,67,45,78,44,101" hai1="13,42,87,122,30,53,76,83,71,108,103,28,82" hai2="57,1,8,5,68,94,85,33,19,91,97,79,84" hai3="104,66,65,34,92,113,62,133,90,106,35,127,69"/><V112/><F112/><W3/><G90/><T54/><D114/><U21/><E71/><V6/><F68/><W47/><G92/><T119/><D67/><U63/><E42/><V51/><F33/><N who="3" m="12299" /><G65/><T49/><D4/><U88/><E108/><V120/><F120/><W117/><G117/><T46/><D119/><U70/><E122/><V18/><F6/><W15/><G15/><T121/><D121/><U20/><E103/><V9/><F9/><W12/><G12/><T17/><D39/><U130/><E130/><V24/><F85/><W77/><G113/><T86/><D131/><U123/><E123/><V60/><F51/><W110/><G47/><N who="0" m="17995" /><D99/><U37/><E37/><V31/><F79/><W115/><G115/><T14/><D55/><U16/><E70/><V61/><F97/><W80/><G110/><T105/><D105/><N who="3" m="40553" /><G133/><T116/><D116/><U25/><E53/><V27/><F60/><W132/><G132/><T93/><D78/><U128/><E128/><V59/><F59/><W64/><G64/><T29/><D29/><U7/><E63/><V96/><F96/><W111/><G111/><T0/><D102/><U72/><E7/><V58/><F58/><W50/><G50/><T89/><D101/><U118/><E118/><V134/><F134/><W26/><G26/><N who="2" m="9769" /><F31/><AGARI ba="2,0" hai="13,16,20,21,25,28,30,31,72,76,82,83,87,88" machi="31" ten="30,7700,0" yaku="7,1,52,1,54,2" doraHai="107" who="1" fromWho="2" sc="210,0,320,83,358,-83,112,0" /><INIT seed="3,0,0,2,3,64" ten="210,403,275,112" oya="3" hai0="24,1,58,85,8,130,107,36,28,84,70,120,3" hai1="91,82,135,110,109,111,41,27,7,80,105,2,104" hai2="71,116,81,88,35,97,126,56,87,108,31,44,51" hai3="29,83,95,127,115,67,62,40,75,133,119,93,69"/><W55/><G119/><T39/><D120/><U73/><E41/><V18/><F116/><W33/><G115/><T50/><D107/><U32/><E7/><V125/><F108/><W121/><G121/><T45/><D130/><U37/><E37/><V102/><F31/><W77/><G133/><T48/><D8/><U5/><E5/><V13/><F35/><W101/><G127/><T96/><D96/><U90/><E2/><V113/><F56/><W42/><G93/><T68/><D58/><U17/><E17/><V100/><F113/><W78/><G78/><T98/><D98/><U34/><E27/><V22/><F71/><W86/><G29/><T76/><D76/><U49/><E49/><V103/><REACH who="2" step="1"/><F97/><REACH who="2" step="2"/><W60/><G33/><T92/><D28/><U20/><E32/><V117/><F117/><W63/><G69/><T65/><D65/><U94/><E34/><V89/><F89/><W54/><G67/><T134/><D134/><U57/><E57/><V128/><F128/><W15/><G75/><T53/><D45/><U0/><E135/><V25/><F25/><W123/><G123/><T12/><D24/><U61/><E91/><V21/><F21/><W43/><G15/><T26/><D26/><U16/><E0/><V19/><F19/><W14/><G14/><T114/><D12/><U23/><E16/><V4/><F4/><W79/><G79/><T131/><D131/><U118/><E20/><V52/><AGARI ba="0,1" hai="13,18,22,44,51,52,81,87,88,100,102,103,125,126" machi="52" ten="30,7900,0" yaku="1,1,0,1,54,2,53,0" doraHai="64" doraHaiUra="129" who="2" fromWho="2" sc="210,-20,403,-20,265,89,112,-39" /><INIT seed="4,0,0,2,2,123" ten="190,383,354,73" oya="0" hai0="33,105,52,50,70,54,60,40,82,88,129,72,104" hai1="28,1,21,127,69,73,57,85,109,111,130,119,101" hai2="133,110,80,12,55,99,56,49,106,113,17,39,4" hai3="47,46,34,58,77,126,15,78,30,36,62,11,112"/><T31/><D129/><U38/><E73/><V89/><F39/><W124/><G30/><T37/><D31/><U96/><E69/><V53/><F133/><W95/><G34/><T135/><BYE who="3" /><D33/><U83/><E1/><V93/><F113/><W44/><G44/><T48/><D135/><U43/><E119/><V51/><F106/><W29/><G29/><T122/><D122/><U103/><E43/><V63/><F110/><UN n3="%63%79%6F%6E%70%69" /><W35/><G35/><T26/><D26/><U25/><E38/><V5/><F80/><W13/><G36/><T97/><D72/><U115/><E115/><V102/><F102/><W108/><G112/><T9/><D9/><U24/><E24/><V87/><F99/><W120/><G120/><T91/><D37/><U0/><E0/><V131/><F131/><W41/><G58/><T84/><D40/><U66/><E103/><V86/><F86/><W64/><G62/><T121/><D121/><U100/><E100/><V125/><F125/><W79/><G64/><N who="0" m="41223" /><D91/><N who="1" m="51647" /><E127/><V19/><F63/><W23/><G79/><T14/><D14/><U128/><E128/><V61/><F61/><W65/><G65/><T76/><D76/><U32/><E32/><V59/><REACH who="2" step="1"/><F17/><REACH who="2" step="2"/><W94/><G41/><T92/><D105/><U68/><E130/><V71/><F71/><W98/><G98/><T75/><D104/><U3/><E68/><V45/><F45/><W134/><G134/><T67/><D67/><U74/><E74/><V81/><F81/><W7/><G126/><T8/><D75/><U6/><E66/><V132/><F132/><W20/><G124/><RYUUKYOKU ba="0,1" sc="190,-10,383,-10,344,30,73,-10" hai2="4,5,12,19,49,51,53,55,56,59,87,89,93" /><INIT seed="5,1,1,2,4,129" ten="180,373,374,63" oya="1" hai0="16,53,46,96,112,54,6,9,64,44,80,21,109" hai1="121,130,37,42,10,56,62,84,29,72,102,41,23" hai2="71,125,39,68,61,12,30,66,26,40,91,104,78" hai3="103,18,38,120,45,50,113,123,127,87,25,115,8"/><U134/><E72/><V3/><F71/><W35/><G103/><T60/><D109/><U81/><E121/><N who="3" m="46666" /><G87/><T58/><D112/><N who="3" m="43081" /><G50/><T86/><D96/><U106/><E37/><V7/><F12/><N who="3" m="7431" /><G45/><T101/><D101/><U128/><E10/><N who="2" m="2431" /><F91/><W122/><G38/><T74/><D74/><U77/><E102/><V36/><F78/><W108/><N who="3" m="46674" /><W0/><DORA hai="32" /><G108/><T117/><D117/><U79/><E106/><V124/><F104/><W55/><G55/><T34/><D34/><U28/><E79/><V11/><F11/><W98/><G98/><T110/><D110/><U43/><E23/><V126/><F40/><W76/><G76/><T13/><D53/><U88/><E77/><V82/><F82/><W14/><G127/><T105/><D54/><U57/><E62/><V33/><AGARI ba="1,1" hai="26,30,33,36,39,61,66,68,124,125,126" m="2431" machi="33" ten="30,4000,0" yaku="18,1,23,1,52,1" doraHai="129,32" who="2" fromWho="2" sc="180,-11,373,-21,374,53,63,-11" /><INIT seed="6,0,0,2,5,117" ten="169,352,427,52" oya="2" hai0="83,81,16,28,108,14,127,24,37,22,13,84,36" hai1="126,31,29,26,133,11,87,116,86,76,38,67,79" hai2="10,46,64,0,97,115,54,95,107,57,70,102,66" hai3="45,100,27,109,32,135,41,51,103,124,78,40,71"/><V92/><F46/><W75/><G109/><T73/><D108/><U58/><E38/><V119/><F119/><W99/><G103/><T12/><D127/><U121/><E126/><V42/><F42/><W23/><G40/><T17/><D73/><U106/><E106/><V3/><F115/><W129/><G124/><T49/><D49/><U94/><E116/><V50/><F70/><W105/><G32/><T93/><D93/><U123/><E11/><V61/><F107/><W68/><G129/><T9/><D14/><U112/><E112/><V134/><F134/><W35/><G135/><T130/><D130/><U132/><E94/><V34/><F34/><W90/><G90/><T30/><D30/><U74/><E26/><V96/><F3/><W53/><G53/><T85/><D85/><U77/><E58/><V101/><F50/><W44/><G23/><T104/><D104/><U19/><E76/><V8/><F8/><W62/><G45/><T60/><D60/><U111/><E111/><V118/><F118/><W5/><G5/><AGARI ba="0,0" hai="0,5,10,54,57,61,64,66,92,95,96,97,101,102" machi="5" ten="40,2000,0" yaku="9,1" doraHai="117" who="2" fromWho="3" sc="169,0,352,0,427,20,52,-20" /><INIT seed="6,1,0,3,4,105" ten="169,352,447,32" oya="2" hai0="101,80,8,96,21,5,100,103,55,82,107,45,15" hai1="128,48,17,31,13,88,71,106,77,33,10,43,38" hai2="6,124,51,56,42,11,54,61,125,130,113,76,46" hai3="16,109,1,32,24,104,2,115,36,29,52,64,79"/><V123/><F123/><W116/><G36/><T40/><D55/><U75/><E71/><V30/><F113/><W93/><G109/><T114/><D114/><U22/><E106/><V66/><F130/><W131/><G104/><T74/><D82/><U58/><E38/><V78/><F30/><W72/><G115/><T37/><D21/><U20/><E128/><V25/><F25/><W83/><G131/><T129/><D129/><U86/><E33/><V39/><F78/><W73/><G64/><T41/><D41/><U135/><E31/><V23/><F23/><W63/><G93/><T92/><D92/><U57/><E57/><V120/><F76/><W27/><G116/><T91/><D91/><U111/><E111/><V117/><F120/><W19/><G2/><T35/><D35/><U134/><E58/><V50/><F117/><W87/><G1/><T9/><D9/><U59/><E59/><V68/><REACH who="2" step="1"/><F51/><REACH who="2" step="2"/><W0/><G0/><AGARI ba="1,1" hai="0,6,11,39,42,46,50,54,56,61,66,68,124,125" machi="0" ten="40,12000,1" yaku="1,1,2,1,24,2,53,1" doraHai="105" doraHaiUra="49" who="2" fromWho="3" sc="169,0,352,0,437,133,32,-123" owari="169,-23,352,15,570,67,-91,-59" /></mjloggm>