<mjloggm ver="2.3"><GO type="97"/><UN n0="%E5%AF%B8%E5%BF%97" n1="%6A%6D%6D%6A%31%31%30%34" n2="%E3%82%A6%E3%83%AB%E3%83%88%E3%83%A9%E7%AB%8B%E7%9B%B4" n3="%E3%81%8F%E3%82%8D%E3%81%B5%E3%81%AD%74%6B" dan="13,14,13,14" rate="1964,1950,1817,1900" sx="M,M,M,M"/><TAIKYOKU oya="0"/><INIT seed="0,0,0,0,2,56" ten="250,250,250,250" oya="0" hai0="57,65,19,37,30,35,52,112,109,114,83,133,3" hai1="108,12,111,132,43,120,98,25,15,127,75,92,126" hai2="77,107,6,20,95,21,67,118,53,39,113,110,117" hai3="73,55,129,50,40,48,130,72,102,105,29,135,101" shuffle="mt19937ar,607CC924,BDDDD5D8,9ED97D37,0D2A841B,C8829AFC,6D1C8880,F13BB05A,BD64D7C4"/><T27/><D37/><U51/><E75/><V64/><F95/><W68/><G68/><T54/><D3/><U14/><E43/><V124/><F77/><W31/><G55/><T94/><D133/><U16/><E98/><V62/><F53/><W58/><G58/><T85/><D94/><U49/><E51/><V81/><F81/><W42/><REACH who="3" step="1"/><G105/><REACH who="3" step="2"/><T59/><D57/><U47/><E132/><AGARI ba="0,1" hai="29,31,40,42,48,50,72,73,101,102,129,130,132,135" machi="132" ten="25,6400,0" yaku="1,1,2,1,22,2,53,0" doraHai="56" doraHaiUra="66" who="3" fromWho="1" sc="250,0,250,-64,250,0,240,74" /><INIT seed="1,0,0,0,3,46" ten="250,186,250,314" oya="1" hai0="30,88,115,8,62,32,56,75,124,119,54,61,27" hai1="17,131,5,23,103,127,15,68,76,12,83,89,72" hai2="93,107,122,85,135,105,98,4,24,80,22,39,36" hai3="47,82,94,42,0,9,59,55,92,73,49,102,18" shuffle="mt19937ar,2EC928A9,CA8B385D,BB0DE453,BF766504,81C82E98,F4D0182D,86418C5F,CE7DBB20"/><U38/><E68/><V45/><F39/><W29/><G29/><T78/><D119/><U53/><E38/><V2/><F2/><W79/><G102/><T52/><D115/><U100/><E127/><V33/><F4/><W109/><G109/><T14/><D124/><U116/><E116/><V28/><F122/><W120/><G120/><T1/><D1/><U57/><E131/><V106/><F135/><W91/><G91/><T111/><D111/><U37/><E37/><V44/><F22/><W87/><G73/><T104/><D104/><U110/><E110/><V63/><F63/><N who="3" m="36351" /><G0/><T35/><D78/><U6/><E6/><V3/><F3/><W90/><G90/><T134/><D75/><U11/><REACH who="1" step="1"/><E89/><REACH who="1" step="2"/><V58/><F36/><W126/><G126/><T25/><D134/><U118/><E118/><V130/><F130/><W26/><G9/><T70/><D70/><U97/><E97/><V86/><F98/><W125/><G125/><T31/><D88/><U95/><E95/><V108/><F93/><W43/><G43/><T66/><REACH who="0" step="1"/><D62/><AGARI ba="0,1" hai="5,11,12,15,17,23,53,57,62,72,76,83,100,103" machi="62" ten="30,2900,0" yaku="1,1,7,1,53,0" doraHai="46" doraHaiUra="64" who="1" fromWho="0" sc="250,-29,176,39,250,0,314,0" /><INIT seed="1,1,0,3,0,50" ten="221,215,250,314" oya="1" hai0="110,28,70,82,58,39,122,34,31,88,44,15,48" hai1="16,127,112,124,73,120,37,13,119,130,135,69,118" hai2="12,51,86,38,100,33,63,47,90,14,35,109,133" hai3="79,89,72,20,101,93,77,32,59,99,27,18,78" shuffle="mt19937ar,1AE39257,805CAE90,7A2FD8D8,848AC364,0285668C,5A30B945,29FBE299,23DA87D3"/><U1/><E13/><V68/><F14/><W117/><G117/><T67/><D70/><U61/><E61/><V126/><F100/><W4/><G4/><T94/><D39/><U54/><E54/><V107/><F107/><W19/><G32/><T66/><D110/><U123/><E16/><V7/><F109/><W56/><G72/><T64/><D122/><U84/><E84/><V128/><F38/><W102/><G19/><T111/><D111/><U26/><E26/><V116/><F116/><W2/><G2/><T74/><D34/><U42/><E42/><V62/><F126/><W96/><REACH who="3" step="1"/><G89/><REACH who="3" step="2"/><T17/><D74/><U60/><E119/><V0/><F0/><W55/><G55/><N who="0" m="30087" /><D58/><U106/><E124/><V76/><F35/><W95/><AGARI ba="1,1" hai="18,20,27,56,59,77,78,79,93,95,96,99,101,102" machi="95" ten="30,8000,1" yaku="1,1,0,1,9,1,8,1,53,1" doraHai="50" doraHaiUra="21" who="3" fromWho="3" sc="221,-21,215,-41,250,-21,304,93" /><INIT seed="2,0,0,5,4,82" ten="200,174,229,397" oya="2" hai0="30,62,80,42,131,94,63,91,16,75,102,129,78" hai1="44,103,120,46,99,117,114,121,8,118,20,25,71" hai2="108,29,11,54,128,21,34,97,49,89,70,56,58" hai3="14,38,119,122,51,28,84,116,4,26,53,57,59" shuffle="mt19937ar,08C12585,FA569F43,AACD8559,14EDF430,499B67B5,FA5EAE05,150BAD8F,BE53350A"/><V92/><F70/><W105/><G122/><N who="1" m="47210" /><E71/><V106/><F106/><W27/><G38/><T5/><D30/><U76/><E76/><V87/><F34/><W90/><G105/><T23/><D5/><U24/><E8/><V50/><F128/><N who="0" m="49226" /><D42/><U135/><E20/><V132/><F132/><W35/><G27/><N who="1" m="10314" /><E135/><V68/><F68/><W64/><G4/><T81/><D102/><U37/><E37/><V133/><F133/><W60/><G14/><N who="0" m="9623" /><D80/><AGARI ba="0,0" hai="26,28,35,51,53,57,59,60,64,80,84,90,116,119" machi="80" ten="30,2000,0" yaku="7,1,52,1" doraHai="82" who="3" fromWho="0" sc="200,-20,174,0,229,0,397,20" /><INIT seed="3,0,0,2,3,7" ten="180,174,229,417" oya="3" hai0="75,78,31,73,124,17,97,129,84,13,54,79,9" hai1="59,5,4,108,130,98,33,116,67,92,60,56,117" hai2="21,88,74,114,19,30,132,47,35,85,105,58,3" hai3="134,6,16,90,112,20,87,63,101,15,14,133,51" shuffle="mt19937ar,4CE0F9AA,BCAD0C01,972FB31F,EF806A71,D03CD9B5,711CE765,19184DEB,69959144"/><W77/><G112/><T1/><D31/><U120/><E33/><V32/><F3/><W135/><G101/><T26/><D124/><U126/><E126/><V2/><F2/><W70/><G77/><T118/><D118/><N who="1" m="45675" /><E120/><V82/><F74/><W111/><G111/><T80/><D129/><U44/><E130/><V131/><F105/><W81/><G51/><T12/><D26/><U11/><E108/><V110/><F131/><W99/><G99/><T27/><D27/><U10/><E44/><V66/><F110/><W106/><G106/><T38/><D38/><U68/><E4/><V115/><F132/><W104/><G104/><T69/><D69/><U49/><E49/><V76/><F47/><W25/><G6/><T107/><D1/><U61/><E5/><V127/><F127/><W0/><G0/><T94/><D107/><U125/><E125/><V83/><F35/><W89/><G89/><T40/><D40/><U103/><E68/><V72/><F30/><W86/><G86/><T34/><D34/><U122/><E122/><V91/><F32/><W37/><G37/><T46/><D79/><U23/><E23/><V119/><F119/><W42/><G42/><T18/><D46/><U100/><E103/><V71/><F71/><W29/><G29/><T53/><D75/><U24/><E24/><V102/><F102/><W123/><G123/><T48/><D73/><U95/><E92/><V65/><F114/><W96/><G135/><T43/><D43/><U109/><E109/><V57/><F115/><W55/><G134/><T64/><D64/><AGARI ba="0,0" hai="10,11,56,59,60,61,64,67,95,98,100" m="45675" machi="64" ten="30,3900,0" yaku="12,1,52,2" doraHai="7" who="1" fromWho="0" sc="180,-39,174,39,229,0,417,0" owari="141,-26,213,-14,229,-2,417,42" /></mjloggm>