<mjloggm ver="2.3"><GO type="41"/><UN n0="%E3%82%A6%E3%83%AB%E3%83%88%E3%83%A9%E7%AB%8B%E7%9B%B4" n1="%E8%85%B0%E9%AA%A8" n2="%E3%82%B7%E3%83%A5%E3%82%A6" n3="%E6%96%B0%E8%8C%B6%E3%81%AE%E3%81%8A%E3%81%98%E3%81%95%E3%82%93" dan="13,13,14,13" rate="1896,1817,1863,1858" sx="M,M,M,M"/><TAIKYOKU oya="0"/><INIT seed="0,0,0,3,1,41" ten="250,250,250,250" oya="0" hai0="95,54,77,84,59,40,7,111,88,29,65,85,4" hai1="24,47,82,19,23,16,52,83,86,3,97,27,89" hai2="35,94,15,125,130,56,63,75,62,39,10,129,17" hai3="12,132,66,78,72,51,31,38,117,113,14,87,26"/><T70/><D111/><U45/><E3/><V76/><F35/><W33/><G117/><T36/><D29/><U32/><E97/><V18/><F39/><W48/><G113/><T127/><D127/><U134/><E134/><V115/><F115/><W93/><G132/><T79/><D79/><U67/><E67/><V73/><F125/><W81/><G66/><T71/><D71/><U106/><E106/><V110/><F110/><W2/><G2/><T1/><D1/><U53/><E32/><V20/><F94/><W123/><G38/><T80/><D70/><U122/><E122/><V101/><F101/><W34/><G123/><T25/><D25/><U50/><E83/><V64/><F63/><W135/><G34/><T74/><D74/><U112/><E112/><V119/><F119/><W21/><G135/><T60/><REACH who="0" step="1"/><D65/><REACH who="0" step="2"/><U58/><E53/><V46/><F76/><W103/><G72/><T44/><AGARI ba="0,1" hai="4,7,36,40,44,54,59,60,77,80,84,85,88,95" machi="44" ten="30,12000,1" yaku="1,1,2,1,0,1,52,1,54,1,53,0" doraHai="41" doraHaiUra="6" who="0" fromWho="0" sc="240,130,250,-40,250,-40,250,-40" /><INIT seed="0,1,0,0,3,27" ten="370,210,210,210" oya="0" hai0="99,101,116,32,9,84,44,105,134,53,117,74,2" hai1="23,50,75,14,30,40,112,49,46,131,8,77,47" hai2="64,128,11,130,90,61,34,111,4,81,48,19,92" hai3="135,97,3,123,25,67,45,33,91,43,1,93,68"/><T132/><D32/><U58/><E112/><V31/><F111/><W96/><G135/><N who="0" m="51755" /><D9/><U107/><E131/><N who="2" m="50219" /><F81/><W118/><G118/><T39/><D2/><U18/><E107/><V12/><F48/><W26/><G123/><T54/><D39/><U104/><E104/><V88/><F90/><W70/><G33/><T17/><D17/><U10/><E58/><V94/><F94/><W110/><G110/><T72/><D53/><U28/><E77/><V78/><F78/><W108/><G108/><T121/><D54/><U129/><E75/><N who="0" m="28713" /><D44/><U95/><E129/><V124/><F124/><W89/><G67/><T80/><D121/><U79/><E79/><AGARI ba="1,0" hai="79,80,84,99,101,105,116,117" m="28713,51755" machi="79" ten="30,5800,0" yaku="20,1,34,2" doraHai="27" who="0" fromWho="1" sc="370,61,210,-61,210,0,210,0" /><INIT seed="0,2,0,0,5,13" ten="431,149,210,210" oya="0" hai0="25,42,5,24,51,112,44,36,86,2,17,134,7" hai1="106,15,3,55,87,98,29,123,121,91,76,80,135" hai2="62,108,9,61,60,102,95,89,16,50,4,83,40" hai3="14,114,104,120,52,117,90,30,103,68,113,107,73"/><T99/><D112/><U27/><E3/><V88/><F108/><W33/><G68/><T96/><D2/><U77/><E135/><V131/><F131/><W118/><G73/><T18/><D36/><U79/><E15/><N who="2" m="7279" /><F4/><N who="0" m="1610" /><D86/><U71/><E71/><V101/><F83/><W8/><G30/><T41/><D41/><U115/><E115/><N who="3" m="44042" /><G33/><T126/><D126/><U23/><REACH who="1" step="1"/><E55/><REACH who="1" step="2"/><V127/><F127/><W97/><G52/><T37/><D37/><U10/><E10/><V58/><F40/><W93/><G8/><T94/><D134/><U124/><E124/><V84/><F89/><W66/><G66/><T20/><D25/><U64/><E64/><V59/><F50/><W129/><G129/><T43/><D43/><U45/><E45/><V128/><F128/><W122/><G14/><T82/><D51/><U19/><E19/><V21/><F21/><W35/><G35/><T1/><D44/><U38/><E38/><V26/><F26/><W130/><G130/><T85/><D42/><U111/><E111/><V109/><F109/><W49/><G49/><T133/><D133/><U67/><E67/><V0/><F0/><W48/><G48/><T63/><D1/><U57/><E57/><AGARI ba="2,1" hai="57,58,59,60,61,62,84,88,95,101,102" m="7279" machi="57" ten="30,7700,0" yaku="8,1,52,1,54,2" doraHai="13" who="2" fromWho="1" sc="431,0,139,-83,210,93,210,0" /><INIT seed="1,0,0,0,1,129" ten="431,56,303,210" oya="1" hai0="50,46,114,121,6,19,16,86,31,116,78,14,109" hai1="62,56,9,95,41,84,73,1,135,8,24,12,104" hai2="93,34,5,26,15,77,45,7,120,72,27,32,11" hai3="49,126,53,123,115,100,106,58,83,54,117,65,69"/><U81/><E104/><V74/><F120/><W118/><G123/><T42/><D114/><U87/><E73/><V130/><F130/><W60/><G115/><T132/><D116/><N who="3" m="44649" /><G83/><N who="0" m="47479" /><D121/><U91/><E1/><V52/><F93/><W96/><G126/><T36/><D36/><U80/><E41/><V70/><F70/><W119/><N who="3" m="44657" /><W68/><DORA hai="131" /><G53/><T63/><D31/><U99/><E24/><V85/><F72/><W30/><G30/><T33/><D33/><U76/><E12/><V134/><F74/><W112/><G112/><T37/><D37/><U4/><E4/><V111/><F111/><W35/><G35/><T13/><D63/><U82/><E82/><V101/><F101/><W125/><G125/><T75/><D75/><U18/><E18/><V102/><F102/><W89/><G89/><T47/><D47/><AGARI ba="0,0" hai="47,49,54,58,60,65,68,69,96,100,106" m="44657" machi="47" ten="40,1300,0" yaku="12,1" doraHai="129,131" who="3" fromWho="0" sc="431,-13,56,0,303,0,210,13" /><INIT seed="2,0,0,1,0,35" ten="418,56,303,223" oya="2" hai0="75,40,119,94,18,102,21,44,86,125,32,2,130" hai1="31,92,8,90,68,108,114,110,17,52,121,98,36" hai2="122,101,33,135,73,60,63,96,106,20,41,128,78" hai3="3,30,74,39,53,5,45,26,1,13,120,93,67"/><V29/><F122/><W97/><G74/><T131/><D75/><U99/><E68/><V54/><F41/><W48/><G67/><T118/><D32/><U134/><E36/><V24/><F135/><W6/><G120/><T81/><D2/><U79/><E134/><V57/><F128/><N who="0" m="49194" /><D18/><U112/><E121/><V65/><F73/><W109/><G109/><N who="1" m="42090" /><E31/><V80/><F78/><W105/><G39/><T82/><D21/><U10/><E79/><V107/><F80/><N who="0" m="30826" /><D44/><U132/><E132/><V77/><F77/><W11/><G105/><T69/><D69/><U37/><E37/><V115/><F115/><N who="1" m="44073" /><E17/><V70/><F20/><W61/><G61/><T25/><D40/><U89/><E52/><V23/><F23/><W116/><G116/><N who="0" m="44587" /><D25/><U49/><E49/><V127/><F127/><W91/><REACH who="3" step="1"/><G6/><REACH who="3" step="2"/><T46/><D125/><U38/><E38/><V34/><F34/><AGARI ba="0,1" hai="1,3,5,11,13,26,30,34,45,48,53,91,93,97" machi="34" ten="30,8000,1" yaku="1,1,2,1,7,1,52,2,53,0" doraHai="35" doraHaiUra="76" who="3" fromWho="2" sc="418,0,56,0,303,-80,213,90" /><INIT seed="3,0,0,5,2,12" ten="418,56,223,303" oya="3" hai0="128,38,9,49,52,40,45,41,48,17,99,106,85" hai1="72,4,100,55,59,44,65,125,25,43,46,22,84" hai2="102,122,35,83,117,37,3,111,6,29,76,74,20" hai3="95,69,129,77,18,79,61,63,130,112,70,96,15"/><W109/><G112/><T14/><D128/><N who="3" m="49257" /><G109/><T98/><D106/><U32/><E72/><V30/><F117/><W56/><G69/><T107/><D107/><U124/><E100/><V5/><F111/><W135/><G70/><T71/><D71/><U26/><E65/><V13/><F122/><W21/><G63/><T60/><D60/><U51/><E32/><V94/><F37/><W92/><G135/><T42/><D38/><U75/><E75/><V105/><F105/><W36/><G36/><T104/><D104/><U87/><E4/><V2/><F35/><W54/><G95/><T88/><D48/><U123/><E123/><V89/><F102/><AGARI ba="0,0" hai="15,18,21,54,56,61,77,79,92,96,102" m="49257" machi="102" ten="30,2900,0" yaku="19,1,52,1" doraHai="12" who="3" fromWho="2" sc="418,0,56,0,223,-29,303,29" /><INIT seed="3,1,0,3,2,131" ten="418,56,194,332" oya="3" hai0="52,45,32,0,11,121,6,120,18,60,94,81,95" hai1="12,33,48,63,133,36,103,90,73,9,22,61,108" hai2="7,37,97,23,57,71,111,123,70,54,74,51,92" hai3="117,132,66,15,134,76,124,65,13,112,3,30,25"/><W84/><G117/><T16/><D32/><U128/><E73/><V68/><F111/><W126/><G112/><T109/><D109/><U40/><E36/><V78/><F37/><W62/><G3/><T17/><D81/><U64/><E33/><V83/><F123/><W67/><G76/><T46/><D60/><U116/><E116/><V102/><F71/><W127/><G84/><T113/><D52/><U31/><E103/><V118/><F118/><W21/><REACH who="3" step="1"/><G62/><REACH who="3" step="2"/><T24/><D113/><U69/><E63/><V2/><F2/><W55/><G55/><T110/><D110/><U98/><E108/><V53/><F53/><W122/><G122/><T56/><D120/><U105/><E61/><V47/><F78/><W82/><G82/><T96/><D121/><U88/><E64/><V87/><F83/><W14/><AGARI ba="1,1" hai="13,14,15,21,25,30,65,66,67,124,126,127,132,134" machi="14" ten="40,18000,2" yaku="1,1,0,1,29,2,18,1,52,2,53,0" doraHai="131" doraHaiUra="38" who="3" fromWho="3" sc="418,-61,56,-61,194,-61,322,193" owari="357,16,-5,-51,133,-27,515,62" /></mjloggm>