<mjloggm ver="2.3"><GO type="41"/><UN n0="%40%6B%6B%6B%6B" n1="%70%61%72%75%6F%31%31" n2="%E3%82%A6%E3%83%AB%E3%83%88%E3%83%A9%E7%AB%8B%E7%9B%B4" n3="%4A%6F%62%6C%61%63%6B" dan="14,14,14,13" rate="1968,1837,1919,1820" sx="M,M,M,M"/><TAIKYOKU oya="0"/><INIT seed="0,0,0,0,5,117" ten="250,250,250,250" oya="0" hai0="119,63,23,2,15,76,134,52,116,83,45,17,46" hai1="61,6,93,35,26,135,125,3,62,95,82,36,122" hai2="99,7,56,91,41,53,114,78,70,131,128,74,110" hai3="49,54,31,64,4,130,73,27,96,25,59,89,66"/><T57/><D2/><U22/><E36/><V14/><F78/><W75/><G25/><T67/><D134/><U37/><E37/><V60/><F74/><W47/><G130/><N who="2" m="49705" /><F91/><W86/><G4/><T68/><D119/><U33/><E125/><V1/><F99/><W24/><G24/><T9/><D116/><U20/><E135/><V105/><F105/><W101/><G75/><T120/><D120/><U107/><E107/><V126/><F1/><W34/><G73/><T18/><D67/><U127/><E127/><V8/><F126/><W111/><G111/><T10/><D68/><U72/><E122/><V71/><F110/><W132/><G132/><T113/><D113/><U87/><E72/><V102/><F102/><W39/><G39/><T43/><D43/><U97/><E3/><V44/><F114/><W38/><G38/><AGARI ba="0,0" hai="7,8,14,38,41,44,53,56,60,70,71" m="49705" machi="38" ten="30,1000,0" yaku="19,1" doraHai="117" who="2" fromWho="3" sc="250,0,250,0,250,10,250,-10" /><INIT seed="1,0,0,3,0,129" ten="250,250,260,240" oya="1" hai0="15,48,115,87,38,97,112,24,46,40,68,7,55" hai1="20,11,62,9,106,72,29,57,75,103,28,79,93" hai2="3,73,13,12,77,108,36,107,133,78,0,111,37" hai3="54,14,117,47,132,16,80,58,88,4,76,56,44"/><U82/><E106/><V8/><F8/><W126/><G117/><T26/><D68/><U124/><E124/><V65/><F65/><W31/><G126/><T122/><D122/><U91/><E75/><V100/><F100/><W52/><G31/><T101/><D115/><U127/><E127/><V135/><REACH who="2" step="1"/><F107/><REACH who="2" step="2"/><W89/><G4/><T120/><D7/><U74/><E103/><V121/><F121/><W86/><G44/><T45/><D120/><U60/><E9/><V2/><F2/><W134/><G47/><T119/><D112/><U130/><E11/><V94/><F94/><W99/><G99/><T85/><D15/><U64/><E93/><V35/><F35/><W30/><G30/><T41/><D119/><U50/><E29/><V110/><F110/><W96/><G96/><T98/><D98/><U125/><E125/><V128/><F128/><W25/><G25/><T69/><D69/><N who="1" m="42119" /><E130/><V66/><F66/><W21/><G56/><T84/><REACH who="0" step="1"/><D55/><REACH who="0" step="2"/><U113/><E113/><V19/><F19/><W83/><G54/><T95/><AGARI ba="0,2" hai="24,26,38,40,41,45,46,48,84,85,87,95,97,101" machi="95" ten="30,8000,1" yaku="1,1,2,1,0,1,53,2" doraHai="129" doraHaiUra="43" who="0" fromWho="0" sc="240,100,250,-40,250,-20,240,-20" /><INIT seed="2,0,0,3,0,79" ten="340,210,230,220" oya="2" hai0="95,76,43,29,89,113,4,31,103,107,105,66,23" hai1="100,44,124,108,41,11,116,119,49,53,85,99,73" hai2="47,42,111,78,37,40,8,62,114,34,50,132,55" hai3="22,125,122,56,28,24,27,134,92,81,127,128,102"/><V36/><F34/><W14/><G122/><T97/><D113/><U106/><E73/><V57/><F8/><W90/><G128/><T54/><D4/><U129/><E129/><V93/><F93/><W96/><G134/><T46/><D66/><U88/><E124/><N who="3" m="47690" /><G14/><T33/><D33/><U51/><E108/><V65/><F78/><W52/><G27/><T45/><D54/><U135/><E11/><V69/><F114/><W98/><G98/><T82/><D107/><U121/><E121/><V68/><F132/><W20/><G20/><T87/><D23/><U15/><E15/><V59/><F111/><W94/><G94/><T126/><D126/><U5/><E5/><V18/><F18/><W19/><G19/><T64/><D64/><U32/><E32/><V67/><F67/><W9/><G9/><T118/><D118/><U63/><E135/><V13/><F13/><W74/><G74/><T70/><D70/><U30/><E30/><V115/><F115/><W25/><G25/><T83/><D45/><AGARI ba="0,0" hai="36,37,40,42,45,47,50,55,57,59,62,65,68,69" machi="45" ten="40,18000,2" yaku="9,1,35,6" doraHai="79" who="2" fromWho="0" sc="340,-180,210,0,230,180,220,0" /><INIT seed="2,1,0,0,0,134" ten="160,210,410,220" oya="2" hai0="117,120,113,95,96,94,111,29,98,118,12,68,30" hai1="35,1,102,70,33,76,63,112,83,104,91,34,78" hai2="20,69,77,14,66,106,21,99,23,92,109,55,90" hai3="84,24,26,36,72,53,80,85,10,22,129,74,87"/><V28/><F66/><W15/><G36/><T32/><D32/><U116/><E116/><V48/><F69/><W4/><G129/><T56/><D68/><U100/><E112/><V6/><F106/><W82/><G72/><T71/><D71/><U103/><E1/><V2/><F2/><W62/><G74/><T86/><D12/><U43/><E104/><V93/><F77/><W110/><G110/><T13/><D13/><U5/><E5/><V60/><F60/><W105/><G105/><T64/><D111/><U16/><E43/><V73/><F73/><W46/><G26/><T122/><D86/><U0/><E0/><V127/><F127/><W54/><G46/><T41/><D56/><U31/><E31/><V50/><F109/><W128/><G128/><T39/><D64/><U45/><E70/><V44/><F28/><W123/><G123/><T130/><D41/><U119/><E119/><V61/><F61/><W37/><G37/><T88/><D39/><U114/><E114/><V9/><F50/><W8/><G8/><T38/><D38/><U27/><E63/><V52/><F93/><W124/><G62/><T75/><D75/><U51/><E51/><V40/><AGARI ba="1,0" hai="6,9,14,20,21,23,40,44,48,52,55,90,92,99" machi="40" ten="30,6000,0" yaku="0,1,8,1,54,1" doraHai="134" who="2" fromWho="2" sc="160,-21,210,-21,410,63,220,-21" /><INIT seed="2,2,0,4,2,48" ten="139,189,473,199" oya="2" hai0="6,28,85,75,100,51,49,62,86,12,36,35,107" hai1="82,92,80,120,87,14,77,42,97,11,47,41,89" hai2="8,73,113,61,131,108,23,93,33,59,98,115,116" hai3="102,52,126,94,53,55,133,17,110,9,91,123,129"/><V7/><F33/><W84/><G123/><T66/><D36/><U121/><E82/><V45/><F116/><W32/><G32/><T101/><D75/><U27/><E27/><V0/><F73/><W44/><G133/><T88/><D85/><U60/><E60/><V70/><F70/><W65/><G65/><T78/><D78/><U119/><E119/><V10/><F131/><W5/><G129/><T56/><D28/><U105/><E105/><V37/><F10/><W57/><G126/><T109/><D35/><U26/><E26/><V22/><F108/><W13/><G110/><T18/><D6/><U111/><E111/><V106/><F106/><W99/><G44/><T64/><D64/><U4/><REACH who="1" step="1"/><E42/><REACH who="1" step="2"/><N who="2" m="22735" /><F115/><W103/><G103/><T104/><D104/><U114/><E114/><V124/><F124/><W20/><G102/><N who="0" m="39531" /><D107/><U69/><E69/><V122/><F61/><W2/><REACH who="3" step="1"/><G99/><REACH who="3" step="2"/><T127/><D127/><U135/><E135/><V90/><F113/><W95/><G95/><N who="0" m="54679" /><D109/><U63/><E63/><AGARI ba="2,2" hai="2,5,9,13,17,20,52,53,55,57,63,84,91,94" machi="63" ten="30,12000,2" yaku="1,1,7,1,52,3,54,1,53,1" doraHai="48" doraHaiUra="81" who="3" fromWho="1" sc="139,0,179,-126,473,0,189,146" /><INIT seed="3,0,0,3,2,6" ten="139,53,473,335" oya="3" hai0="103,45,11,91,82,41,16,110,104,120,74,89,126" hai1="113,65,17,87,117,0,72,56,52,27,131,63,26" hai2="76,112,5,42,36,22,32,55,21,90,133,53,54" hai3="130,121,25,2,10,47,75,62,23,118,86,109,28"/><W122/><G75/><T106/><D120/><U46/><E113/><V116/><F32/><W128/><G47/><T40/><D126/><U4/><E72/><V18/><F116/><W71/><G118/><T79/><D40/><U67/><E117/><V124/><F124/><W12/><G71/><T29/><D29/><U107/><E107/><V125/><F125/><W96/><G62/><T35/><D35/><U95/><E131/><N who="3" m="50218" /><G96/><T3/><D3/><U61/><E46/><V92/><F42/><W101/><G101/><T80/><D80/><U1/><E17/><V127/><F36/><W8/><G86/><T49/><D110/><U100/><E65/><V68/><F68/><W38/><G38/><T33/><D33/><U14/><E14/><V34/><F55/><W60/><G60/><T102/><D102/><U59/><E0/><V108/><F54/><W135/><G135/><T69/><D69/><U134/><E134/><V84/><F53/><W13/><G109/><T93/><D103/><U132/><E132/><V83/><F108/><W50/><G50/><T48/><D48/><U20/><E20/><V94/><F133/><W58/><G2/><T119/><D89/><N who="1" m="53695" /><E100/><V123/><F90/><W66/><G66/><T31/><D31/><U115/><E115/><V73/><F112/><W98/><G98/><T39/><D119/><U99/><E99/><V78/><F73/><W44/><G44/><T37/><D37/><U114/><E114/><V77/><F127/><W30/><G58/><T43/><D39/><U97/><E97/><V57/><F57/><W105/><G122/><RYUUKYOKU ba="0,0" sc="139,-10,53,30,473,-10,335,-10" hai1="1,4,26,27,52,56,59,61,63,67" /><INIT seed="4,1,0,4,2,114" ten="129,83,463,325" oya="0" hai0="51,13,93,135,20,64,90,131,53,27,81,46,116" hai1="83,31,17,97,26,130,49,4,2,45,112,98,85" hai2="6,38,37,96,120,7,24,109,89,68,94,44,125" hai3="30,8,43,91,111,77,70,16,10,108,95,34,0"/><T18/><D116/><U28/><E112/><V107/><F7/><W42/><G70/><T84/><D135/><U67/><E130/><V133/><F44/><W33/><G77/><T78/><D131/><U62/><E2/><V65/><F24/><W132/><G132/><T75/><D64/><U80/><E4/><V11/><F89/><W19/><G95/><T101/><D101/><U123/><E123/><V115/><F94/><W87/><G87/><T25/><REACH who="0" step="1"/><D75/><REACH who="0" step="2"/><U60/><E67/><V113/><F65/><W119/><G119/><T69/><D69/><U118/><E118/><V100/><F100/><W35/><G43/><T103/><D103/><U86/><E62/><V92/><F133/><W134/><G42/><T128/><D128/><U74/><E60/><V1/><F115/><W39/><G134/><T122/><D122/><U5/><E74/><V124/><F68/><W82/><G39/><T48/><D48/><U14/><E49/><V55/><F120/><W58/><G58/><T129/><D129/><U52/><E45/><V79/><F113/><W59/><G59/><T40/><D40/><U63/><E63/><V71/><F38/><W54/><G54/><T73/><AGARI ba="1,1" hai="13,18,20,25,27,46,51,53,73,78,81,84,90,93" machi="73" ten="20,7800,0" yaku="1,1,0,1,7,1,53,1" doraHai="114" doraHaiUra="76" who="0" fromWho="0" sc="119,91,83,-27,463,-27,325,-27" /><INIT seed="4,2,0,4,0,111" ten="210,56,436,298" oya="0" hai0="83,91,101,23,11,41,75,113,69,112,3,61,90" hai1="47,134,116,28,31,27,35,68,77,52,1,85,10" hai2="125,30,103,4,89,84,97,120,43,71,46,81,115" hai3="39,50,135,131,117,80,78,17,123,36,13,64,5"/><T55/><D41/><U95/><E116/><V63/><F120/><W57/><G117/><T45/><D101/><U67/><E134/><V58/><F71/><W33/><G123/><T87/><D69/><U129/><E129/><V130/><F130/><W110/><G33/><T51/><D75/><U6/><E28/><V126/><F4/><W9/><G131/><T14/><D3/><U122/><E122/><V34/><F30/><W104/><G104/><T2/><D61/><U98/><E68/><V60/><F34/><W94/><G110/><T73/><D73/><U107/><E67/><V74/><F74/><W0/><G135/><T56/><D56/><U93/><E107/><V21/><F21/><W96/><G64/><T48/><D48/><U29/><E29/><V53/><F63/><W20/><G57/><T72/><D72/><U121/><E121/><V66/><F66/><W99/><G99/><T62/><D62/><U119/><E119/><V127/><F115/><N who="0" m="44106" /><D23/><U22/><E35/><V42/><F46/><W12/><G50/><T32/><D32/><U38/><E98/><V16/><F43/><W24/><G36/><T19/><D2/><U15/><E1/><V79/><F42/><W8/><G39/><T65/><D65/><U124/><E124/><V25/><F103/><W102/><G9/><T86/><D86/><AGARI ba="2,0" hai="0,5,8,12,13,17,20,24,78,80,86,94,96,102" machi="86" ten="30,1000,0" yaku="7,1" doraHai="111" who="3" fromWho="0" sc="210,-16,56,0,436,0,298,16" /><INIT seed="5,0,0,3,1,44" ten="194,56,436,314" oya="1" hai0="45,46,77,124,30,41,17,68,108,67,130,43,112" hai1="105,19,31,64,33,35,72,26,109,120,86,123,8" hai2="5,94,65,114,126,93,74,80,3,111,84,91,88" hai3="12,82,24,62,121,134,38,101,37,100,96,99,6"/><U21/><E72/><V132/><F5/><W42/><G121/><T113/><D77/><U131/><E105/><V4/><F4/><W47/><G134/><T119/><D30/><U14/><E64/><V63/><F3/><W104/><G82/><T102/><D102/><U7/><E86/><V29/><F29/><W16/><G62/><T51/><D17/><U28/><E131/><V110/><F63/><W11/><G24/><T66/><D119/><U116/><E116/><V1/><F1/><W15/><G15/><T81/><D81/><U50/><E50/><V95/><F65/><W55/><G55/><T98/><D98/><U103/><E103/><V22/><F22/><W97/><G97/><T36/><D130/><U135/><E109/><V128/><F128/><W115/><G115/><T61/><D108/><N who="2" m="41514" /><F114/><N who="0" m="44138" /><D67/><U9/><E135/><V78/><F132/><W48/><REACH who="3" step="1"/><G6/><REACH who="3" step="2"/><T118/><D118/><U59/><E59/><V56/><F56/><W73/><G73/><T89/><D89/><U92/><E92/><AGARI ba="0,1" hai="11,12,16,37,38,42,47,48,92,96,99,100,101,104" machi="92" ten="30,7700,0" yaku="1,1,7,1,52,1,54,1,53,0" doraHai="44" doraHaiUra="23" who="3" fromWho="1" sc="194,0,56,-77,436,0,304,87" owari="194,-21,-21,-52,436,54,391,19" /></mjloggm>