<mjloggm ver="2.3"><GO type="41"/><UN n0="%E2%96%A0%E2%96%A0%E2%96%A0" n1="%E3%83%96%E3%83%B3%E3%82%AC%E3%82%AF" n2="%E5%BC%93%E9%9F%B3" n3="%E3%82%A6%E3%83%AB%E3%83%88%E3%83%A9%E7%AB%8B%E7%9B%B4" dan="14,13,13,14" rate="1937,1899,1834,1962" sx="M,M,F,M"/><TAIKYOKU oya="0"/><INIT seed="0,0,0,5,3,91" ten="250,250,250,250" oya="0" hai0="119,31,55,79,61,97,50,34,19,20,30,82,72" hai1="105,99,36,131,71,95,47,22,28,54,75,48,5" hai2="44,132,53,106,109,9,128,1,64,73,88,8,3" hai3="112,102,90,23,38,18,87,85,37,96,39,89,45"/><T21/><D119/><U77/><E71/><V11/><F73/><W49/><G112/><T124/><D124/><U110/><E36/><V62/><F106/><W84/><G49/><T123/><D61/><U7/><E105/><V127/><F127/><W2/><G45/><T29/><D123/><U115/><E75/><V33/><F33/><W133/><G2/><T100/><D34/><U111/><E131/><V78/><F78/><W6/><G6/><T59/><REACH who="0" step="1"/><D19/><REACH who="0" step="2"/><U65/><E115/><V120/><F120/><W42/><G133/><T40/><D40/><U51/><E65/><V134/><F128/><W76/><G42/><T10/><D10/><U122/><E122/><V104/><F134/><W129/><G129/><T41/><D41/><U68/><E68/><V27/><F64/><W83/><G18/><T58/><D58/><U92/><E5/><V121/><F121/><W118/><G118/><T63/><D63/><U93/><E7/><V35/><F62/><W135/><G135/><T69/><D69/><U46/><E28/><V43/><F35/><W13/><G23/><T125/><D125/><U17/><E77/><V57/><F43/><W70/><G70/><T74/><D74/><U60/><E60/><V114/><F114/><W126/><G126/><T14/><D14/><N who="1" m="9527" /><E111/><V56/><F109/><W98/><G13/><T12/><D12/><U130/><E110/><V80/><F132/><W116/><G116/><T108/><D108/><U0/><E130/><V107/><F11/><W103/><G39/><T101/><D101/><N who="1" m="60647" /><E0/><V4/><F1/><W26/><G38/><RYUUKYOKU ba="0,1" sc="240,15,250,15,250,-15,250,-15" hai0="20,21,29,30,31,50,55,59,72,79,82,97,100" hai1="46,47,48,51,54,93,95" /><INIT seed="0,1,1,2,5,89" ten="255,265,235,235" oya="0" hai0="31,127,124,120,33,114,57,55,107,115,6,94,61" hai1="88,72,76,1,37,21,14,60,34,129,66,125,12" hai2="11,25,119,29,111,65,52,30,85,54,18,128,19" hai3="68,118,63,46,86,95,83,50,91,92,81,104,99"/><T70/><D107/><U110/><E1/><V39/><F39/><W56/><G68/><T122/><D6/><U123/><E34/><V113/><F113/><N who="0" m="43018" /><D33/><U28/><E123/><N who="0" m="47145" /><D31/><U58/><E37/><V132/><F65/><N who="3" m="39143" /><G104/><T44/><D94/><N who="3" m="35881" /><G118/><T80/><D80/><U96/><E72/><V82/><F119/><W77/><G99/><T20/><D20/><U45/><E76/><V17/><F29/><W108/><G108/><T36/><D70/><U116/><E110/><V106/><F111/><W78/><G83/><T73/><D73/><U71/><E116/><V35/><F106/><W3/><G3/><T87/><D87/><U48/><E71/><V64/><F85/><W117/><G117/><T41/><AGARI ba="1,1" hai="36,41,44,55,57,61,124,127" m="47145,43018" machi="41" ten="40,3900,0" yaku="34,2" doraHai="89" who="0" fromWho="0" sc="255,52,265,-14,235,-14,235,-14" /><INIT seed="0,2,0,1,2,61" ten="307,251,221,221" oya="0" hai0="66,12,87,68,39,85,72,73,126,133,52,35,111" hai1="8,110,37,29,23,104,121,77,74,59,16,127,64" hai2="117,105,65,120,96,25,38,48,102,70,106,30,75" hai3="57,18,53,100,67,60,128,109,56,40,107,42,10"/><T22/><D35/><U112/><E121/><V32/><F38/><W21/><G128/><T46/><D126/><U94/><E104/><V89/><F106/><W11/><G109/><T69/><D133/><U4/><E37/><V79/><F89/><W98/><G42/><T71/><D111/><U124/><E110/><V45/><F120/><W118/><G40/><T116/><D116/><U2/><E74/><V34/><F34/><W93/><G107/><T86/><D39/><U3/><E77/><V41/><F117/><W47/><G47/><T81/><D66/><U63/><E29/><V122/><F122/><W130/><G130/><T91/><D91/><U13/><E112/><V80/><F80/><W20/><G118/><T78/><D72/><U135/><E135/><V95/><F95/><W44/><G44/><T82/><D82/><U83/><E83/><V50/><F50/><N who="3" m="30775" /><G20/><T51/><D22/><U132/><E132/><V76/><F75/><W108/><G108/><T27/><D12/><AGARI ba="2,0" hai="10,11,12,18,21,57,60,67,93,98,100" m="30775" machi="12" ten="30,2000,0" yaku="8,1,52,1" doraHai="61" who="3" fromWho="0" sc="307,-26,251,0,221,0,221,26" /><INIT seed="1,0,0,0,3,28" ten="281,251,221,247" oya="1" hai0="65,33,35,26,97,75,56,112,57,50,72,101,68" hai1="90,21,43,24,0,83,60,47,49,18,106,129,6" hai2="20,4,95,116,39,131,27,58,32,80,121,105,48" hai3="23,14,22,79,71,10,66,128,8,7,25,130,107"/><U115/><E115/><V113/><F39/><W44/><G107/><T17/><D112/><U61/><E106/><V87/><F95/><W94/><G66/><T46/><D68/><U104/><E104/><V78/><F105/><W82/><G71/><T38/><D72/><U102/><E129/><N who="3" m="49770" /><G94/><T63/><D75/><U40/><E102/><V1/><F131/><W127/><G127/><T67/><D38/><U36/><E36/><V76/><F121/><W88/><G44/><T123/><D123/><U42/><E0/><V31/><F116/><W29/><G79/><T120/><D120/><U64/><E6/><V114/><F78/><W70/><G70/><T74/><D74/><U81/><E64/><V85/><F85/><N who="3" m="50231" /><G10/><T111/><D111/><U86/><REACH who="1" step="1"/><E83/><REACH who="1" step="2"/><V54/><F4/><W98/><G98/><T51/><D97/><U37/><E37/><V108/><F1/><W118/><G118/><T125/><D101/><U93/><E93/><V12/><F108/><W52/><G52/><AGARI ba="0,1" hai="18,21,24,40,42,43,47,49,52,60,61,81,86,90" machi="52" ten="40,12000,1" yaku="1,1,8,1,54,1,53,1" doraHai="28" doraHaiUra="41" who="1" fromWho="3" sc="281,0,241,130,221,0,247,-120" /><INIT seed="1,1,0,0,1,133" ten="281,371,221,127" oya="1" hai0="108,11,86,128,41,55,6,115,129,15,110,89,78" hai1="42,99,49,109,120,59,98,28,5,35,16,65,33" hai2="31,29,47,40,74,94,21,132,44,63,79,125,111" hai3="67,95,84,70,18,14,64,72,135,8,104,22,69"/><U58/><E120/><V76/><F132/><W82/><G104/><T4/><D41/><U53/><E5/><V127/><F63/><W71/><G135/><T107/><D107/><U1/><E1/><V45/><F40/><W30/><G72/><T39/><D39/><U126/><E35/><V97/><F74/><W93/><G30/><N who="2" m="11273" /><F111/><W134/><G22/><T23/><D78/><U119/><E119/><V80/><F80/><W46/><G46/><T112/><D23/><U37/><E37/><V56/><F56/><W13/><G134/><T121/><D55/><N who="1" m="32111" /><E33/><V9/><F9/><W48/><G48/><T0/><D86/><U66/><E28/><V34/><F21/><W32/><G32/><T118/><D89/><U3/><E3/><V10/><F10/><W7/><G82/><T123/><D4/><U114/><E42/><V117/><F117/><W62/><G84/><T90/><D90/><U61/><E114/><N who="0" m="43561" /><D0/><U81/><E81/><V87/><F87/><W24/><G24/><T25/><D118/><U96/><E109/><N who="0" m="42089" /><D25/><U130/><E130/><AGARI ba="1,0" hai="6,11,15,121,123,128,129,130" m="42089,43561" machi="130" ten="40,8000,1" yaku="19,1,14,1,34,2" doraHai="133" who="0" fromWho="1" sc="281,83,371,-83,221,0,127,0" /><INIT seed="2,0,0,2,1,25" ten="364,288,221,127" oya="2" hai0="127,82,8,111,135,65,76,73,68,33,48,20,120" hai1="64,43,116,119,88,60,124,106,19,92,126,81,10" hai2="41,56,59,70,17,18,39,66,51,103,7,24,30" hai3="16,123,110,4,28,97,93,40,78,57,1,13,69"/><V37/><F7/><W134/><G69/><T80/><D33/><U112/><E106/><V130/><F130/><W118/><G118/><N who="1" m="45098" /><E81/><V14/><F103/><W53/><G123/><T89/><D111/><U9/><E43/><V90/><F90/><W2/><G110/><T34/><D34/><U79/><E79/><V109/><F109/><W83/><G134/><T115/><D115/><U0/><E0/><V29/><F51/><W95/><G40/><T31/><D135/><U121/><E112/><V131/><F131/><W77/><G4/><T85/><D127/><N who="1" m="48683" /><E19/><V5/><F5/><W133/><G133/><T50/><D120/><U86/><E121/><V11/><F41/><W52/><G2/><T55/><D68/><AGARI ba="0,0" hai="9,10,60,64,68,86,88,92" m="48683,45098" machi="68" ten="30,2000,0" yaku="18,1,54,1" doraHai="25" who="1" fromWho="0" sc="364,-20,288,20,221,0,127,0" /><INIT seed="3,0,0,4,3,94" ten="344,308,221,127" oya="3" hai0="46,44,119,15,54,63,86,41,31,106,84,126,132" hai1="5,28,87,71,100,130,68,131,49,47,14,21,78" hai2="110,60,91,134,40,75,108,1,65,82,20,8,128" hai3="127,55,111,23,4,67,118,80,77,9,88,42,45"/><W125/><G118/><T52/><D119/><U95/><E28/><V133/><F40/><W30/><G67/><T72/><D72/><U34/><E34/><V105/><F105/><W123/><G55/><T90/><D106/><U51/><E5/><N who="2" m="1071" /><F20/><W50/><G123/><T25/><D132/><N who="2" m="50794" /><F128/><N who="1" m="49193" /><E14/><V22/><F22/><W35/><G35/><T69/><D126/><N who="3" m="48137" /><G111/><T37/><D46/><U124/><E124/><V117/><F117/><W73/><G88/><T66/><D15/><U7/><E7/><V81/><F91/><W18/><G30/><T29/><D86/><U32/><E21/><V92/><F92/><W102/><G102/><T101/><D101/><U114/><E114/><V24/><F24/><N who="3" m="14455" /><G4/><T83/><D31/><U12/><E12/><V58/><F75/><W85/><G9/><T116/><D116/><U10/><E10/><V59/><F59/><W0/><G0/><T120/><D120/><U27/><E27/><V2/><F2/><W99/><G73/><T11/><D11/><U13/><E13/><V39/><F39/><W98/><AGARI ba="0,0" hai="42,45,50,77,80,85,98,99" m="14455,48137" machi="98" ten="30,6000,0" yaku="18,1,52,2" doraHai="94" who="3" fromWho="3" sc="344,-20,308,-20,221,-20,127,60" /><INIT seed="3,1,0,1,0,30" ten="324,288,201,187" oya="3" hai0="93,73,81,83,76,41,79,27,22,126,16,1,18" hai1="105,92,121,108,13,64,60,0,7,15,3,94,104" hai2="90,131,42,65,21,71,86,24,82,135,31,62,70" hai3="72,39,91,97,100,38,69,77,66,26,63,33,32"/><W120/><G91/><T59/><D126/><U102/><E7/><V2/><F135/><W119/><G119/><T134/><D134/><U80/><E80/><V11/><F131/><W23/><G120/><T17/><D1/><U130/><E60/><V45/><F2/><N who="1" m="553" /><E64/><V19/><F11/><W14/><G14/><N who="1" m="5130" /><E121/><V46/><F46/><W88/><G88/><T118/><D118/><U98/><E98/><V101/><F101/><W85/><G85/><T84/><D41/><U111/><E102/><V58/><REACH who="2" step="1"/><F31/><REACH who="2" step="2"/><W129/><G129/><T107/><D107/><N who="1" m="41035" /><E130/><V43/><F43/><W35/><G100/><T25/><D22/><U116/><E116/><V48/><AGARI ba="1,1" hai="19,21,24,42,45,48,58,62,65,70,71,82,86,90" machi="48" ten="20,2700,0" yaku="1,1,0,1,7,1,53,0" doraHai="30" doraHaiUra="113" who="2" fromWho="2" sc="324,-8,288,-8,191,40,187,-14" /><INIT seed="4,0,0,3,1,40" ten="316,280,231,173" oya="0" hai0="36,122,23,37,8,103,69,96,89,61,80,132,55" hai1="90,11,105,134,60,30,107,33,75,20,45,28,125" hai2="7,13,77,85,2,67,52,102,82,35,64,3,78" hai3="129,131,124,86,16,118,116,38,6,113,93,79,62"/><T73/><D122/><U46/><E75/><V83/><F35/><W104/><G6/><T29/><D132/><U49/><E33/><V19/><F102/><W41/><G62/><T18/><D29/><N who="1" m="11371" /><E107/><V47/><F3/><W70/><G70/><T110/><D110/><U56/><E105/><V53/><F7/><W12/><G104/><T65/><D8/><U43/><E125/><V68/><F2/><W119/><G124/><T27/><D55/><N who="1" m="33823" /><E134/><V31/><F31/><W121/><G121/><T95/><D73/><U81/><E11/><V57/><F68/><W133/><G133/><T72/><REACH who="0" step="1"/><D89/><REACH who="0" step="2"/><U34/><E34/><V58/><F67/><W0/><G119/><T112/><D112/><U1/><E1/><V84/><F64/><W39/><G0/><T10/><D10/><U74/><E74/><V50/><F53/><W32/><G113/><T126/><D126/><U21/><E43/><V111/><F111/><W9/><G32/><T22/><D22/><AGARI ba="0,1" hai="13,19,22,47,50,52,57,58,77,78,82,83,84,85" machi="22" ten="30,8000,1" yaku="7,1,9,1,8,1,52,1,54,1" doraHai="40" who="2" fromWho="0" sc="306,-80,280,0,231,90,173,0" /><INIT seed="5,0,0,4,3,120" ten="226,280,321,173" oya="1" hai0="135,122,85,13,106,3,45,102,76,8,22,131,74" hai1="66,112,41,133,60,68,30,2,103,101,49,18,37" hai2="23,38,110,34,123,99,26,126,32,5,40,35,63" hai3="118,97,53,15,46,12,77,28,11,81,78,36,98"/><U1/><E37/><V86/><F123/><W79/><G118/><T71/><D3/><U70/><E30/><V42/><F5/><W130/><G130/><T67/><D131/><U116/><E116/><V96/><F38/><W64/><G64/><T89/><D135/><U111/><E70/><V61/><F86/><W107/><G28/><T90/><D90/><U69/><E69/><V10/><F10/><W109/><G109/><T47/><D122/><U62/><E133/><V128/><F110/><W58/><G36/><T51/><D22/><U117/><E62/><V95/><F128/><W113/><G46/><T121/><D121/><U48/><E111/><V9/><F9/><W80/><G113/><T87/><D74/><U54/><E41/><V33/><F33/><W27/><G27/><T19/><D71/><U65/><E65/><V14/><F14/><N who="3" m="5163" /><G107/><T94/><D106/><U59/><E49/><V50/><F50/><W115/><G11/><T82/><D102/><N who="1" m="38923" /><E117/><V4/><F35/><W124/><G115/><T29/><D29/><U24/><E112/><V84/><F34/><W114/><G114/><T119/><D119/><U57/><E68/><V108/><F42/><W6/><G6/><T25/><D25/><U0/><E0/><V16/><F40/><W100/><G100/><T91/><D67/><U134/><E134/><V39/><F32/><W83/><G124/><T21/><D76/><N who="3" m="19457" /><W52/><DORA hai="7" /><G58/><T132/><D132/><U44/><E59/><V92/><F39/><W93/><G93/><T55/><D8/><U104/><E104/><V105/><F108/><RYUUKYOKU ba="0,0" sc="226,10,280,10,321,-30,173,10" hai0="13,19,21,45,47,51,55,82,85,87,89,91,94" hai1="1,2,18,24,44,48,54,57,60,66" hai3="52,53,80,81,83,97,98" /><INIT seed="5,1,0,3,0,62" ten="236,290,291,183" oya="1" hai0="50,64,57,82,81,127,112,53,90,56,35,38,63" hai1="24,134,117,9,103,114,11,95,3,66,37,89,92" hai2="73,8,126,116,133,135,60,31,111,47,125,75,107" hai3="12,29,52,110,122,20,59,79,76,71,131,70,67"/><U17/><E117/><V7/><F107/><W54/><G71/><T40/><D112/><U102/><E37/><V49/><F31/><W14/><G70/><T118/><D118/><U109/><E3/><N who="2" m="127" /><F111/><W30/><G110/><T41/><D127/><N who="2" m="48650" /><F60/><N who="3" m="38303" /><G131/><T123/><D123/><U108/><E108/><V5/><F5/><W74/><G74/><N who="2" m="28169" /><F116/><W98/><G122/><T22/><D35/><U100/><E109/><V113/><F113/><W84/><G98/><T4/><D4/><U93/><E114/><V48/><F48/><W43/><G43/><AGARI ba="1,0" hai="43,47,49,133,135" m="28169,48650,127" machi="43" ten="30,1000,0" yaku="18,1" doraHai="62" who="2" fromWho="3" sc="236,0,290,0,291,13,183,-13" /><INIT seed="6,0,0,0,0,107" ten="236,290,304,170" oya="2" hai0="65,86,46,47,21,42,43,76,94,51,10,41,19" hai1="62,124,115,50,102,9,23,87,31,53,80,13,37" hai2="18,55,133,126,36,1,132,39,104,88,59,97,20" hai3="40,105,91,70,4,84,135,121,24,58,119,117,92"/><V8/><F1/><W75/><G70/><T0/><D0/><U123/><E37/><V129/><F8/><W101/><G4/><T45/><D65/><U44/><E115/><V114/><F114/><W64/><G40/><T29/><D29/><U81/><E124/><V127/><F104/><W16/><G121/><T60/><D60/><U122/><E102/><V100/><F100/><W134/><G58/><T79/><D10/><U22/><E62/><N who="2" m="36223" /><F129/><W99/><G64/><T72/><D72/><U15/><E31/><V83/><F83/><N who="1" m="31817" /><E87/><V98/><F98/><W89/><G75/><T3/><D3/><U106/><E106/><V68/><F68/><W5/><G5/><T109/><D109/><U35/><E35/><V48/><F48/><W14/><G24/><T7/><D7/><N who="1" m="3263" /><E15/><V2/><F2/><W71/><G71/><T125/><D51/><U27/><E27/><N who="2" m="14743" /><F126/><W6/><G6/><T77/><D125/><U30/><E30/><V82/><F127/><W11/><REACH who="3" step="1"/><G89/><REACH who="3" step="2"/><N who="0" m="53559" /><D43/><U112/><E112/><V32/><F39/><W56/><G56/><T130/><D130/><U110/><E110/><V73/><F36/><W118/><AGARI ba="0,1" hai="11,14,16,84,91,92,99,101,105,117,118,119,134,135" machi="118" ten="40,5200,0" yaku="1,1,0,1,54,1,53,0" doraHai="107" doraHaiUra="25" who="3" fromWho="3" sc="236,-13,290,-13,304,-26,160,62" /><INIT seed="7,0,0,1,0,104" ten="223,277,278,222" oya="3" hai0="125,106,128,62,63,101,53,25,12,48,77,10,64" hai1="96,82,97,36,91,19,13,8,126,15,1,87,22" hai2="109,0,6,49,55,102,130,11,60,42,34,70,122" hai3="20,135,121,132,24,3,127,21,28,111,17,108,46"/><W117/><G46/><T27/><D128/><U85/><E126/><V123/><F34/><W71/><G71/><T26/><D125/><U2/><E36/><V134/><F109/><N who="3" m="42059" /><G127/><T52/><D106/><U81/><E2/><V72/><F102/><W86/><G86/><T75/><D101/><U37/><E37/><V100/><F100/><W113/><G121/><N who="2" m="46089" /><F42/><W98/><G98/><T32/><D32/><U114/><E1/><V4/><F4/><W59/><G59/><T58/><D77/><U50/><E50/><V35/><F35/><W40/><G40/><T78/><D75/><U110/><E114/><V45/><F130/><W80/><G80/><T16/><D78/><U105/><E105/><V120/><F120/><W23/><G113/><T95/><D95/><U84/><E110/><V83/><F83/><N who="1" m="31753" /><E91/><V116/><F116/><W68/><G68/><T89/><D89/><U107/><E107/><V7/><F7/><AGARI ba="0,0" hai="7,8,13,15,19,22,84,85,87,96,97" m="31753" machi="7" ten="30,1000,0" yaku="8,1" doraHai="104" who="1" fromWho="2" sc="223,0,277,10,278,-10,222,0" /><INIT seed="8,0,0,2,2,107" ten="223,287,268,222" oya="0" hai0="122,57,49,125,68,45,0,33,127,83,135,53,108" hai1="10,103,72,77,69,100,18,43,99,74,66,62,37" hai2="36,67,82,26,20,23,12,5,104,121,4,2,59" hai3="86,123,114,73,120,132,3,110,54,60,79,116,17"/><T19/><D122/><N who="3" m="46633" /><G110/><T102/><D68/><U112/><E77/><V95/><F121/><W11/><G114/><T133/><D0/><U14/><E112/><V117/><F104/><W63/><G116/><T27/><D102/><U29/><E29/><V131/><F36/><W111/><G111/><T113/><D108/><U130/><E130/><V81/><F131/><W118/><G118/><T93/><D113/><U8/><E37/><V96/><F117/><W52/><G132/><N who="0" m="50763" /><D93/><U15/><E43/><V64/><F2/><W87/><G3/><T115/><D115/><U21/><E100/><V16/><F4/><W58/><G54/><N who="0" m="29999" /><D83/><N who="2" m="31754" /><F5/><W13/><G60/><T46/><D46/><U7/><E21/><V34/><F34/><W71/><G71/><T61/><D19/><U134/><E134/><V92/><F59/><W124/><G124/><N who="0" m="47691" /><D27/><U56/><E69/><V9/><F92/><AGARI ba="0,0" hai="7,8,10,14,15,18,56,62,66,72,74,92,99,103" machi="92" ten="30,3900,0" yaku="7,1,52,2" doraHai="107" who="1" fromWho="2" sc="223,0,287,39,268,-39,222,0" owari="223,-18,326,43,229,3,222,-28" /></mjloggm>