<mjloggm ver="2.3"><GO type="97"/><UN n0="%E9%95%B7%E9%87%8E%E6%97%A5%E5%A4%A7" n1="%6C%79%74%7A" n2="%4A%2E%43%61%65%73%61%72" n3="%E3%82%A6%E3%83%AB%E3%83%88%E3%83%A9%E7%AB%8B%E7%9B%B4" dan="14,14,13,13" rate="1930,1945,1909,1829" sx="M,M,M,M"/><TAIKYOKU oya="0"/><INIT seed="0,0,0,4,4,34" ten="250,250,250,250" oya="0" hai0="80,40,10,33,41,105,111,27,89,35,123,122,118" hai1="104,93,54,96,84,71,49,78,32,59,50,135,14" hai2="82,92,58,125,19,1,56,85,48,127,5,15,110" hai3="129,106,74,101,11,87,102,8,21,112,100,37,17"/><T131/><D118/><U0/><E71/><V28/><F110/><W119/><G74/><T75/><D105/><U108/><E32/><V116/><F116/><W107/><G37/><T94/><D131/><U44/><E104/><V133/><F28/><W12/><G107/><T114/><D114/><U98/><E135/><V45/><F133/><W62/><G106/><T91/><D10/><U66/><E0/><V99/><F5/><W73/><G73/><T24/><D75/><U130/><E108/><V81/><F1/><W128/><G119/><T13/><D13/><U69/><E69/><V46/><F46/><W23/><G112/><T97/><D97/><U67/><E98/><V64/><F64/><W55/><G128/><T42/><D42/><U60/><E14/><V29/><F29/><W86/><G129/><T109/><D80/><N who="1" m="47127" /><E130/><V7/><F7/><W72/><G72/><T22/><D22/><N who="3" m="8201" /><G11/><T4/><REACH who="0" step="1"/><D4/><REACH who="0" step="2"/><U39/><E39/><V30/><F82/><W20/><G20/><T25/><D25/><U31/><E96/><V68/><F30/><W57/><AGARI ba="0,1" hai="8,12,17,55,57,62,86,87,100,101,102" m="8201" machi="57" ten="30,1100,0" yaku="8,1" doraHai="34" who="3" fromWho="3" sc="240,-5,250,-3,250,-3,250,21" /><INIT seed="1,0,0,0,3,25" ten="235,247,247,271" oya="1" hai0="77,99,70,56,34,78,104,69,40,74,92,43,61" hai1="55,48,42,81,100,95,0,93,102,126,14,121,36" hai2="54,135,114,90,66,134,101,65,88,89,105,91,10" hai3="118,12,46,133,94,83,29,52,72,68,23,112,67"/><U5/><E0/><V110/><F110/><W18/><G112/><T58/><D104/><U30/><E126/><V41/><F114/><W73/><G67/><T84/><D34/><U38/><E121/><V122/><F122/><W35/><G68/><T60/><D84/><U31/><E42/><V108/><F108/><W51/><G133/><N who="2" m="50697" /><F41/><W19/><G19/><T16/><D92/><N who="1" m="35403" /><E81/><V15/><N who="2" m="23040" /><DORA hai="130" /><V26/><F54/><W125/><G94/><T79/><D79/><U33/><E33/><V7/><F26/><N who="3" m="18871" /><G83/><T111/><D111/><U21/><E38/><V109/><F109/><W11/><G11/><T1/><D1/><U98/><E36/><V2/><F2/><W123/><G123/><T20/><D20/><U103/><E98/><AGARI ba="0,0" hai="7,10,15,65,66,98,101,105" m="23040,50697" machi="98" ten="50,8000,1" yaku="20,1,52,3,54,1" doraHai="25,130" who="2" fromWho="1" sc="235,0,247,-80,247,80,271,0" /><INIT seed="2,0,0,0,1,0" ten="235,167,327,271" oya="2" hai0="119,21,5,59,54,112,133,76,115,122,71,82,13" hai1="91,64,101,126,128,14,69,44,23,117,107,72,86" hai2="3,124,42,46,92,34,88,25,134,58,19,114,110" hai3="52,10,96,84,2,73,45,18,131,103,98,28,6"/><V80/><F114/><W130/><G73/><T7/><D71/><U8/><E117/><V97/><F134/><W93/><G28/><T22/><D122/><U123/><E72/><V87/><F124/><W121/><G121/><T30/><D119/><U129/><E126/><V78/><F110/><W125/><G125/><T108/><D108/><U75/><E75/><V41/><F3/><W100/><G18/><T38/><D38/><U99/><E123/><V95/><F58/><W32/><G84/><T104/><D104/><U67/><E23/><V53/><F53/><W62/><G32/><T33/><D33/><U79/><E79/><V17/><F34/><W16/><G16/><T118/><D118/><U35/><E35/><V135/><F135/><W43/><G43/><T132/><D30/><U12/><E12/><V111/><F111/><W11/><G11/><T4/><D13/><U70/><E70/><V66/><F66/><W24/><G24/><T20/><D133/><U47/><E69/><V55/><F55/><W120/><G120/><T1/><D1/><U83/><E47/><V31/><F31/><W89/><G45/><T37/><D37/><U63/><E44/><V40/><F46/><W57/><REACH who="3" step="1"/><G89/><REACH who="3" step="2"/><T68/><D132/><U49/><E49/><V102/><F25/><W94/><AGARI ba="0,1" hai="2,6,10,52,57,62,93,94,96,98,100,103,130,131" machi="94" ten="30,12000,2" yaku="1,1,2,1,0,1,9,1,52,1,54,1,53,0" doraHai="0" doraHaiUra="65" who="3" fromWho="3" sc="235,-30,167,-30,327,-60,261,130" /><INIT seed="3,0,0,4,1,22" ten="205,137,267,391" oya="3" hai0="9,83,124,53,98,8,18,47,11,78,45,130,91" hai1="31,29,57,40,60,23,90,80,74,58,61,107,101" hai2="118,87,26,84,34,95,67,97,70,7,32,108,24" hai3="123,121,46,129,39,63,17,132,44,36,109,106,1"/><W134/><G17/><T85/><D124/><U76/><E40/><V30/><F118/><W112/><G106/><T10/><D130/><U3/><E3/><V55/><F7/><W28/><G28/><T125/><D125/><U64/><E107/><V117/><F117/><W12/><G12/><T38/><D38/><U96/><E90/><V100/><F108/><W73/><G73/><T126/><D126/><U94/><E23/><V93/><F55/><W119/><G1/><T92/><N who="0" m="2048" /><DORA hai="115" /><T21/><REACH who="0" step="1"/><D53/><REACH who="0" step="2"/><U35/><REACH who="1" step="1"/><E35/><REACH who="1" step="2"/><V14/><F34/><W54/><G119/><T43/><D43/><U114/><E114/><V122/><F32/><W88/><G112/><T77/><D77/><U82/><E82/><V72/><F72/><W89/><G54/><AGARI ba="0,2" hai="29,31,54,57,58,60,61,64,74,76,80,94,96,101" machi="54" ten="30,7700,0" yaku="1,1,7,1,53,2" doraHai="22,115" doraHaiUra="52,133" who="1" fromWho="3" sc="195,0,127,97,267,0,391,-77" owari="195,-20,224,-13,267,2,314,31" /></mjloggm>