<mjloggm ver="2.3"><GO type="97"/><UN n0="%7A%61%7A%61%7A%61" n1="%E9%A3%9B%E8%BB%8A%E3%81%A1%E3%82%85%E3%81%86" n2="%E5%B1%B1%E7%94%B0%E8%BC%AA%E5%AD%90" n3="%E3%82%A6%E3%83%AB%E3%83%88%E3%83%A9%E7%AB%8B%E7%9B%B4" dan="15,14,16,13" rate="1963,1907,1958,1829" sx="M,M,F,M"/><TAIKYOKU oya="0"/><INIT seed="0,0,0,1,3,10" ten="250,250,250,250" oya="0" hai0="108,98,66,48,110,21,65,122,86,102,74,35,79" hai1="69,131,118,124,73,25,9,87,134,37,90,109,113" hai2="121,29,123,78,83,70,24,13,43,99,4,95,59" hai3="18,94,49,72,2,14,58,38,6,104,81,52,97" shuffle="mt19937ar,C78B7400,1192B505,012F268E,BE397A04,C6AA04D7,342F7A48,C8242AA8,C6F98DC0,16528E0C,671709B2,7F973540,5DB00E74,6978FB23,DAFC1A95,29EC950D,B7938819,73194C5E,7E32B71F,7FDE5CEE,40D25738,211B1C77,2FB5553A,D3435BA8,CA8F9284,38277634,7F6EF488,4FE9C1A1,3B34052C,5B0BD767,869E47FA,0C1CBC82,F4D5DF35"/><T61/><D122/><U63/><RYUUKYOKU type="yao9" ba="0,0" sc="250,0,250,0,250,0,250,0" hai1="9,25,37,63,69,73,87,90,109,113,118,124,131,134" /><INIT seed="0,1,0,1,4,115" ten="250,250,250,250" oya="0" hai0="1,7,94,100,69,26,42,119,30,52,34,21,89" hai1="75,110,79,90,50,17,106,120,71,118,4,12,22" hai2="47,88,37,102,122,35,111,15,27,51,28,70,6" hai3="80,83,57,128,132,66,135,23,131,77,56,64,40" shuffle="mt19937ar,8579D045,1114676D,94B04D0B,CCA133F8,9E1ED7B7,6BB0A32C,3C8E3640,1C5C3757,6358FACA,E115A5BC,5ECF17AD,D0F9CD9C,F680D1EE,C1E270C9,F9C1DD1F,C56547E0,2D3BC35E,48329717,B64DD371,1EEF61DE,022B716C,0E9783BE,07ABDF28,3967B023,39B8EC88,ABD4A21C,96782337,E63F45D7,7D9B1C66,D65F8F23,2644D760,E99654C4"/><T63/><D42/><U43/><E120/><V45/><F122/><W54/><G23/><T19/><D100/><U2/><E71/><V84/><F70/><W104/><G104/><T39/><D39/><U68/><E106/><V86/><F102/><W81/><G77/><T3/><D119/><U105/><E68/><V10/><F111/><W101/><G101/><T53/><D53/><U123/><E110/><V0/><F37/><W59/><G40/><T48/><D63/><U121/><E105/><V129/><F129/><W62/><G54/><T127/><D69/><U60/><E118/><V134/><F134/><W112/><G62/><T58/><D127/><U8/><E75/><V31/><F31/><W33/><G33/><T29/><D29/><U73/><E73/><V55/><F45/><W92/><G92/><T125/><D7/><U24/><E2/><V18/><REACH who="2" step="1"/><F88/><REACH who="2" step="2"/><W107/><G112/><T113/><D113/><U124/><E123/><V93/><F93/><W98/><G107/><T96/><REACH who="0" step="1"/><D125/><REACH who="0" step="2"/><U91/><E124/><V130/><F130/><N who="3" m="49707" /><G98/><T44/><D44/><U74/><E121/><V49/><F49/><W46/><G46/><T95/><D95/><U36/><E60/><V61/><F61/><W133/><AGARI ba="1,2" hai="56,57,59,64,66,80,81,83,132,133,135" m="49707" machi="133" ten="50,12000,2" yaku="29,2,28,2,20,1,19,1" doraHai="115" who="3" fromWho="3" sc="240,-61,250,-31,240,-31,250,143" /><INIT seed="1,0,0,2,5,3" ten="179,219,209,393" oya="1" hai0="100,45,12,39,111,103,68,132,85,17,112,2,65" hai1="50,43,133,60,52,9,19,131,73,42,127,14,129" hai2="26,116,121,55,93,92,95,15,123,118,46,74,48" hai3="53,113,91,21,135,114,67,99,134,32,110,80,31" shuffle="mt19937ar,3AE6844E,625121E3,0A57117C,B01D85A6,298D3EC3,538BF7CB,4A42628F,3D350BD8,B968FC0B,79BB8B78,5B8436D9,15AFB165,BC62E484,4F1F9001,A12E26DC,FDDCDE3D,76A43B04,575835D7,988938A6,645E4488,A4850B11,E47D1F89,BCEC6C93,172FADEA,11603083,EEB0B7B9,6A99030C,9DB65A4D,2A67689B,7EB00350,937A0B00,D09FBE5E"/><U76/><E73/><V34/><F74/><W75/><G32/><T57/><D112/><U13/><E76/><V69/><F69/><W102/><G67/><T6/><D68/><U30/><E30/><V66/><F66/><W109/><G53/><T83/><D132/><N who="3" m="50729" /><G21/><T49/><D39/><U122/><E133/><V35/><F15/><W108/><G31/><T84/><D111/><U16/><E127/><V128/><F26/><W106/><G91/><T51/><D2/><U47/><E122/><V23/><F23/><W54/><G54/><T90/><D65/><U88/><E88/><V59/><F35/><W77/><AGARI ba="0,0" hai="75,77,80,99,102,106,108,109,110,113,114" m="50729" machi="77" ten="40,8000,1" yaku="14,1,20,1,23,1,34,2" doraHai="3" who="3" fromWho="3" sc="179,-20,219,-40,209,-20,393,80" /><INIT seed="2,0,0,3,1,52" ten="159,179,189,473" oya="2" hai0="134,4,130,60,5,46,99,75,61,74,123,49,103" hai1="86,40,131,38,58,111,95,120,35,24,19,31,79" hai2="39,2,114,63,107,54,133,47,32,3,16,100,44" hai3="34,36,12,1,132,33,102,128,51,59,0,67,127" shuffle="mt19937ar,61EEC304,CFDF36B8,1A263020,55B465A8,894B1C96,21439681,2F7E7368,97CDABB9,AF87395C,F0C3CEB3,A7D7570B,86DC615F,4FADD526,A5D7EBA0,E597D567,82D773E3,97793AC4,3D1DB3E3,7EB18107,6EA0CD87,336EE91A,D1809A1F,FB1FA294,F66441A7,BD5B9362,2CB32D01,D325FEB2,1A29A32A,870789B4,70FA652E,29A77B76,7A824469"/><V8/><F114/><W21/><G51/><T90/><D123/><U25/><E120/><V77/><F32/><W6/><G67/><T83/><D134/><U30/><E131/><V22/><F133/><W69/><G102/><T105/><D130/><U13/><E111/><V109/><F77/><W96/><G96/><T56/><D75/><U14/><E38/><V7/><F3/><W37/><G21/><T73/><D73/><U122/><E40/><V53/><F109/><W113/><G6/><T117/><D117/><U85/><E122/><V116/><F116/><W124/><G12/><T18/><D61/><U92/><E79/><V76/><F76/><W78/><G78/><T94/><D74/><U71/><E19/><V20/><F20/><W108/><G108/><T10/><D83/><U119/><E119/><V118/><F118/><W64/><G64/><T125/><D125/><U57/><E35/><N who="3" m="13322" /><G59/><T110/><D110/><U106/><E106/><V104/><F39/><N who="3" m="14923" /><G69/><AGARI ba="0,0" hai="13,14,24,25,30,31,57,58,69,71,85,86,92,95" machi="69" ten="25,6400,0" yaku="22,2,52,2" doraHai="52" who="1" fromWho="3" sc="159,0,179,64,189,0,473,-64" /><INIT seed="3,0,0,0,5,17" ten="159,243,189,409" oya="3" hai0="49,133,128,132,2,61,4,99,81,71,68,103,80" hai1="84,79,8,116,62,28,19,42,50,9,3,135,74" hai2="131,75,38,93,47,32,92,33,37,69,102,91,23" hai3="83,107,56,39,21,60,117,5,106,118,53,100,0" shuffle="mt19937ar,CF0BA299,E0045F3D,00A7EF79,BD4E6C4F,8BFED87E,E31C5F83,746FE149,27F951BF,CC0A3F4B,D3675C62,4884E32B,4E6D24B2,9CEEBB25,AB6FBB84,5E66B8F2,E3148CA6,9C109B32,17E2087C,6D76160D,86D7C3B2,8934CEA9,9E415C6C,E88D9B0E,5EE1231D,F034A9B9,463522AA,6B7836CA,3C1176D9,D00E0246,F9E7A918,3F65B5E7,6DB7B2CF"/><W66/><G39/><T104/><D2/><U43/><E74/><V121/><F75/><W55/><G5/><T82/><D4/><U64/><E135/><V54/><F69/><W72/><G106/><T10/><D10/><U31/><E3/><V52/><F121/><W94/><G107/><T134/><D128/><U98/><E98/><V27/><F131/><W108/><G83/><T67/><REACH who="0" step="1"/><D49/><REACH who="0" step="2"/><U44/><E9/><V36/><F102/><W16/><G0/><T6/><D6/><U30/><E8/><V122/><F122/><W130/><G130/><T57/><AGARI ba="0,1" hai="57,61,67,68,71,80,81,82,99,103,104,132,133,134" machi="57" ten="40,5200,0" yaku="1,1,0,1,20,1,53,0" doraHai="17" doraHaiUra="127" who="0" fromWho="0" sc="149,62,243,-13,189,-13,409,-26" owari="211,-14,230,-2,176,-22,383,38" /></mjloggm>