<mjloggm ver="2.3"><GO type="97"/><UN n0="%E5%88%9D%E7%AD%89%E9%81%8A%E6%B0%91" n1="%6D%69%79%61%36" n2="%E3%82%A6%E3%83%AB%E3%83%88%E3%83%A9%E7%AB%8B%E7%9B%B4" n3="%73%61%74%6F%74%74%69" dan="14,15,13,14" rate="1935,2044,1824,1899" sx="M,M,M,M"/><TAIKYOKU oya="0"/><INIT seed="0,0,0,0,5,37" ten="250,250,250,250" oya="0" hai0="127,62,102,111,40,78,67,107,59,2,91,57,97" hai1="25,69,88,108,126,100,95,56,16,29,123,130,117" hai2="54,82,68,96,65,24,15,135,49,86,119,8,35" hai3="27,133,80,53,51,75,17,3,52,93,112,61,4"/><T92/><D127/><U58/><E69/><V99/><F119/><W34/><G61/><T11/><D111/><U0/><E100/><V72/><F72/><W81/><G112/><T104/><D78/><U48/><E0/><V66/><F135/><W7/><G133/><T19/><D59/><U38/><E38/><V18/><F35/><W134/><G134/><T76/><D76/><U1/><E1/><V90/><F24/><W83/><G75/><T120/><D120/><U63/><E117/><V73/><F73/><W124/><G124/><T41/><D107/><U55/><E123/><V101/><F68/><W129/><G129/><T109/><D109/><U23/><E108/><V71/><F71/><W98/><G3/><T13/><REACH who="0" step="1"/><D2/><REACH who="0" step="2"/><U64/><E126/><V114/><F114/><W106/><G106/><T39/><D39/><U103/><E130/><V132/><F132/><W5/><G51/><T12/><D12/><U14/><E14/><V89/><F66/><W94/><G98/><AGARI ba="0,1" hai="11,13,19,40,41,57,62,67,91,92,97,98,102,104" machi="98" ten="30,11600,0" yaku="1,1,7,1,52,2,53,0" doraHai="37" doraHaiUra="116" who="0" fromWho="3" sc="240,126,250,0,250,0,250,-116" /><INIT seed="0,1,0,4,4,129" ten="366,250,250,134" oya="0" hai0="98,69,125,120,7,1,97,52,96,79,70,117,107" hai1="128,45,26,101,40,123,24,113,25,122,43,84,41" hai2="53,77,12,108,42,3,57,16,102,111,48,116,94" hai3="115,60,78,56,20,121,112,49,99,22,37,104,110"/><T82/><D120/><U88/><E113/><V119/><F3/><W133/><G37/><T0/><D117/><N who="2" m="45130" /><F77/><W86/><G49/><T114/><D114/><U31/><E128/><V17/><F42/><W83/><G121/><T73/><D125/><U5/><E31/><V38/><F38/><W75/><G110/><N who="2" m="42025" /><F12/><W105/><G112/><T13/><D107/><U131/><E131/><V11/><F11/><W18/><G115/><T46/><D13/><U87/><E5/><V27/><F27/><W4/><G4/><T72/><D72/><U127/><E127/><V89/><F102/><W109/><G109/><T95/><D95/><U100/><E45/><V59/><F59/><W33/><G33/><T64/><D64/><U67/><E67/><V63/><F48/><W85/><G20/><T23/><D23/><U32/><E32/><V29/><F29/><W68/><G68/><T81/><D81/><U47/><E47/><V118/><N who="2" m="45138" /><V71/><DORA hai="132" /><F71/><W126/><G126/><T66/><D66/><U6/><E6/><V65/><F65/><W44/><G44/><T91/><D7/><U92/><E122/><V76/><F76/><W9/><G9/><T28/><D46/><U134/><E123/><V36/><F36/><W51/><G51/><T62/><D0/><U34/><E34/><V50/><F50/><W10/><G10/><T8/><D8/><U106/><E40/><V93/><F93/><W15/><G105/><T90/><D1/><U35/><E35/><V124/><F124/><W54/><G133/><T58/><D28/><U21/><E134/><RYUUKYOKU ba="1,0" sc="366,10,250,-30,250,10,134,10" hai0="52,58,62,69,70,73,79,82,90,91,96,97,98" hai2="16,17,53,57,63,89,94" hai3="15,18,22,54,56,60,75,78,83,85,86,99,104" /><INIT seed="0,2,0,4,1,98" ten="376,220,260,144" oya="0" hai0="102,75,89,115,104,66,9,84,90,34,56,5,54" hai1="16,31,27,94,65,110,120,59,1,112,85,46,71" hai2="101,107,95,35,30,129,15,10,63,79,51,40,86" hai3="60,37,53,128,47,124,49,119,41,121,116,92,26"/><T39/><D39/><U62/><E1/><V117/><F107/><W70/><G26/><T22/><D115/><U13/><E120/><V4/><F35/><W48/><G92/><T73/><D34/><U134/><E112/><V99/><F30/><W78/><G78/><T55/><D66/><U87/><E134/><V67/><F129/><W44/><G121/><T125/><D125/><U20/><E110/><V113/><F117/><W45/><G124/><T0/><D22/><U21/><E71/><V133/><F113/><W2/><G2/><T50/><D54/><U88/><E46/><V52/><F133/><W108/><G108/><T82/><REACH who="0" step="1"/><D90/><REACH who="0" step="2"/><U19/><REACH who="1" step="1"/><E31/><REACH who="1" step="2"/><V68/><F40/><N who="3" m="22543" /><G128/><T18/><D18/><U64/><E64/><AGARI ba="2,2" hai="41,45,47,48,49,53,60,64,70,116,119" m="22543" machi="64" ten="30,2000,0" yaku="34,2" doraHai="98" who="3" fromWho="1" sc="366,0,210,-26,260,0,144,46" /><INIT seed="1,0,0,4,1,45" ten="366,184,260,190" oya="1" hai0="118,24,125,80,51,11,100,116,26,105,120,89,61" hai1="110,59,111,85,66,103,93,114,75,71,5,101,41" hai2="83,129,76,135,74,90,104,92,47,91,32,18,8" hai3="1,16,82,50,128,42,109,69,98,22,63,54,56"/><U30/><E75/><V43/><F32/><W70/><G1/><T123/><D125/><U73/><E71/><V94/><F104/><W97/><G109/><N who="1" m="41482" /><E73/><V49/><F129/><W84/><G128/><T23/><D11/><U88/><E114/><V126/><F126/><W58/><G70/><T134/><D134/><U28/><E41/><V46/><F135/><W78/><G69/><T96/><D26/><U133/><E5/><V127/><F127/><W62/><G62/><T87/><D61/><N who="1" m="38207" /><E133/><V7/><F18/><W99/><G42/><T29/><REACH who="0" step="1"/><D51/><REACH who="0" step="2"/><U10/><E10/><V112/><F112/><W31/><G31/><AGARI ba="0,1" hai="28,30,31,85,88,93,101,103" m="38207,41482" machi="31" ten="30,5800,0" yaku="14,1,10,1,54,1" doraHai="45" who="1" fromWho="3" sc="356,0,184,68,260,0,190,-58" /><INIT seed="1,1,0,5,1,72" ten="356,252,260,132" oya="1" hai0="85,65,22,28,101,13,43,35,81,103,97,71,54" hai1="125,29,61,115,135,119,68,56,74,129,133,127,108" hai2="78,26,52,27,25,111,77,38,5,89,76,55,6" hai3="117,107,34,126,93,94,84,11,67,123,37,32,30"/><U39/><E74/><V131/><F38/><W99/><G37/><T0/><D0/><U96/><E29/><V105/><F105/><W41/><G107/><T47/><D103/><U83/><E83/><V121/><F121/><W45/><G123/><T118/><D118/><U114/><E96/><V63/><F63/><W73/><G117/><T4/><D35/><U40/><E119/><V18/><F131/><W31/><G73/><T112/><D112/><N who="1" m="43051" /><E108/><V58/><F58/><W60/><G34/><T44/><D28/><U69/><E40/><V102/><F102/><W21/><G32/><T24/><D24/><U2/><E39/><V122/><F122/><W75/><G75/><T70/><D43/><U88/><E88/><V128/><F128/><W87/><G11/><T46/><D54/><N who="2" m="20522" /><F111/><W130/><G130/><T59/><D59/><U19/><E19/><V124/><F124/><N who="1" m="47689" /><E2/><V92/><F18/><W51/><G126/><T20/><D71/><N who="1" m="27211" /><E129/><V3/><F3/><W1/><G1/><T9/><D70/><U91/><E91/><V66/><F66/><AGARI ba="1,0" hai="56,61,66,133,135" m="27211,47689,43051" machi="66" ten="40,7700,0" yaku="18,1,34,2" doraHai="72" who="1" fromWho="2" sc="356,0,252,80,260,-80,132,0" /><INIT seed="1,2,0,0,3,70" ten="356,332,180,132" oya="1" hai0="104,93,32,121,90,134,98,36,26,125,57,123,59" hai1="53,22,30,73,86,47,87,7,119,116,103,16,60" hai2="14,110,131,58,55,37,45,75,12,29,10,68,46" hai3="50,96,92,85,111,117,2,18,130,126,54,43,38"/><U133/><E73/><V4/><F75/><W82/><G2/><T25/><D125/><U51/><E30/><V89/><F68/><W128/><G126/><T78/><D134/><U33/><E33/><V1/><F131/><W95/><G18/><T106/><D78/><U99/><E133/><V19/><F110/><W11/><G11/><T69/><D69/><U23/><E23/><V109/><F109/><W71/><G71/><T21/><D32/><U100/><E100/><V20/><F29/><W74/><G74/><T124/><D124/><U15/><E7/><V72/><F72/><W127/><G127/><T8/><D8/><U77/><E60/><V17/><F37/><W31/><G31/><T44/><D26/><U66/><E66/><V5/><F5/><W115/><G111/><T3/><D3/><U63/><E63/><V41/><F41/><W97/><G115/><T120/><D106/><U65/><E65/><V132/><F132/><W113/><G113/><T129/><D129/><N who="3" m="49769" /><G117/><T61/><D61/><U6/><E6/><V39/><F39/><W62/><G62/><T91/><D91/><U94/><REACH who="1" step="1"/><E77/><REACH who="1" step="2"/><V35/><F35/><W101/><G97/><T76/><D76/><U24/><E24/><V114/><F114/><W13/><G96/><T80/><D25/><U28/><E28/><V83/><F20/><W107/><G101/><T40/><D21/><U49/><E49/><N who="2" m="31087" /><F4/><W34/><G34/><T0/><D0/><U56/><E56/><N who="0" m="21577" /><D104/><U105/><E105/><V79/><F1/><W88/><G107/><T81/><AGARI ba="2,1" hai="36,40,44,80,81,90,93,98,120,121,123" m="21577" machi="81" ten="40,2700,0" yaku="13,1,52,1" doraHai="70" who="0" fromWho="0" sc="356,43,322,-15,180,-9,132,-9" /><INIT seed="2,0,0,5,4,121" ten="399,307,171,123" oya="2" hai0="108,71,26,106,116,131,44,19,122,76,56,20,124" hai1="64,134,59,120,1,53,55,48,30,4,85,66,43" hai2="100,46,69,87,117,39,47,28,2,38,25,90,0" hai3="11,51,79,27,74,77,78,49,6,62,22,128,34"/><V80/><F69/><W110/><G34/><T89/><D71/><U63/><E120/><V54/><F117/><W21/><G74/><T133/><D106/><U23/><E134/><V130/><F100/><W98/><G128/><T126/><D76/><U61/><E1/><V97/><F130/><W81/><G98/><T57/><D131/><U94/><E4/><V13/><F97/><W3/><G81/><T113/><D122/><U14/><E43/><V40/><F13/><W68/><G110/><T42/><D113/><U101/><E101/><V95/><F95/><W18/><REACH who="3" step="1"/><G22/><REACH who="3" step="2"/><T12/><D108/><U73/><E73/><V35/><F54/><W127/><G127/><T129/><D129/><U114/><E114/><V118/><F118/><W93/><G93/><T96/><D116/><U86/><E94/><V75/><F75/><W135/><G135/><T123/><D96/><U58/><E53/><V33/><F33/><W111/><G111/><T15/><D133/><U107/><E107/><V103/><F103/><W112/><G112/><T37/><D123/><U16/><REACH who="1" step="1"/><E30/><REACH who="1" step="2"/><V83/><F83/><W115/><G115/><T84/><D126/><U60/><E60/><V9/><F2/><W32/><G32/><T31/><D124/><U72/><E72/><V17/><F0/><W88/><G88/><T91/><D91/><U5/><E5/><V29/><F29/><W92/><G92/><T99/><D89/><U104/><E104/><V41/><F17/><W132/><G132/><T67/><D19/><U52/><E52/><V82/><F82/><W45/><G45/><AGARI ba="0,2" hai="14,16,23,45,48,55,58,59,61,63,64,66,85,86" machi="45" ten="30,12000,2" yaku="1,1,6,1,7,1,9,1,8,1,54,1,53,0" doraHai="121" doraHaiUra="102" who="1" fromWho="3" sc="399,0,297,140,171,0,113,-120" owari="399,15,437,44,171,-18,-7,-41" /></mjloggm>