<mjloggm ver="2.3"><GO type="193"/><UN n0="%52%65%63%6F%6E%71" n1="%42%6C%61%63%6B%69%65" n2="%E3%82%A6%E3%83%AB%E3%83%88%E3%83%A9%E7%AB%8B%E7%9B%B4" n3="%E3%81%8B%E3%82%89%E3%81%95%E3%82%93" dan="11,12,12,11" rate="1777,1687,1825,1686" sx="M,M,M,M"/><TAIKYOKU oya="0"/><INIT seed="0,0,0,3,3,11" ten="250,250,250,250" oya="0" hai0="10,76,123,13,40,131,27,112,88,35,48,95,87" hai1="59,77,8,62,66,2,38,57,65,102,133,124,109" hai2="83,64,34,30,17,106,0,71,32,135,70,122,6" hai3="132,98,97,26,50,37,100,29,12,9,104,108,114" shuffle="mt19937ar,A3B2BFD1,B570F5A5,84C4FBA7,EBAF609F,45495879,910FAA38,2A603735,DDFF2BE9"/><T3/><D112/><U128/><E38/><V85/><F85/><W86/><G37/><T19/><D123/><U127/><E109/><V60/><F83/><W115/><G108/><T78/><D131/><U55/><E128/><V129/><F129/><W63/><G132/><T105/><D105/><U14/><E133/><V53/><F53/><W107/><G86/><T46/><REACH who="0" step="1"/><D3/><REACH who="0" step="2"/><U99/><E2/><V49/><F106/><W130/><G107/><T54/><D54/><U121/><E121/><V118/><F0/><W80/><G104/><T22/><D22/><U18/><E55/><V4/><F122/><W74/><G130/><T89/><D89/><U94/><E77/><V93/><F135/><W33/><G115/><T101/><D101/><U68/><REACH who="1" step="1"/><E66/><REACH who="1" step="2"/><V90/><F64/><W92/><G114/><T61/><D61/><U5/><E5/><V113/><F60/><W91/><G63/><T120/><D120/><U125/><AGARI ba="0,2" hai="8,14,18,57,59,62,65,68,94,99,102,124,125,127" machi="125" ten="30,7900,0" yaku="1,1,0,1,18,1,52,1,53,0" doraHai="11" doraHaiUra="41" who="1" fromWho="1" sc="240,-39,240,99,250,-20,250,-20" /><INIT seed="1,0,0,4,0,67" ten="201,339,230,230" oya="1" hai0="63,92,55,86,113,103,28,41,89,11,39,131,93" hai1="72,133,58,29,102,118,117,49,15,18,33,78,64" hai2="107,116,108,130,3,2,21,112,23,46,51,98,45" hai3="115,69,127,132,54,85,124,87,70,24,94,80,13" shuffle="mt19937ar,D8F580D5,89F548B4,142AEC38,BF1748EF,8727645B,39BA627D,9A20F29E,294BD6D6"/><U53/><E33/><V9/><F98/><W104/><G115/><T75/><D113/><U90/><E102/><V76/><F112/><W62/><G104/><T100/><D131/><U96/><E133/><V81/><F51/><W82/><G132/><T109/><D109/><U20/><E29/><V121/><F9/><W128/><G128/><T123/><D123/><U31/><E31/><V50/><F50/><W60/><G94/><T125/><D125/><N who="3" m="48201" /><G24/><T83/><D28/><U61/><E78/><V73/><F76/><W101/><G101/><T77/><D39/><U44/><E72/><V10/><F81/><N who="3" m="31339" /><G13/><T122/><D122/><U134/><REACH who="1" step="1"/><E134/><REACH who="1" step="2"/><V40/><F121/><W111/><G111/><T14/><D75/><U135/><E135/><V79/><F73/><W25/><G25/><T91/><D100/><U16/><E16/><V48/><F108/><W7/><G7/><T105/><D103/><U5/><E5/><V27/><F79/><W1/><G1/><T17/><D77/><U34/><E34/><V26/><F130/><W66/><G54/><T114/><D55/><U22/><E22/><V59/><F10/><W0/><G0/><T71/><D11/><U36/><E36/><V119/><F40/><W47/><G47/><T35/><D41/><U110/><E110/><V32/><F32/><W19/><G19/><T129/><D35/><U120/><E120/><V52/><F107/><W57/><G57/><T43/><D129/><U30/><E30/><V84/><F59/><W38/><G38/><T97/><D105/><U37/><E37/><V74/><F74/><RYUUKYOKU ba="0,1" sc="201,-15,329,15,230,-15,230,15" hai1="15,18,20,44,49,53,58,61,64,90,96,117,118" hai3="60,62,66,69,70,85,87" /><INIT seed="1,1,1,3,5,113" ten="186,344,215,245" oya="1" hai0="43,72,101,86,20,127,129,122,109,9,68,133,19" hai1="103,39,59,10,53,50,80,97,70,35,75,98,12" hai2="82,131,110,78,13,47,52,37,99,29,126,36,123" hai3="74,48,116,81,79,18,93,7,107,104,66,15,124" shuffle="mt19937ar,92F7388D,E4D6791A,D9BCFB84,F5348AD6,7CFB8E5B,38B19C08,E3A66640,B096101A"/><U3/><E70/><V132/><F123/><W69/><G7/><T5/><D122/><U115/><E39/><V125/><F29/><W23/><G48/><T65/><D109/><U51/><E115/><V31/><F31/><W25/><G124/><N who="2" m="47721" /><F110/><W67/><G69/><T34/><D127/><U100/><E35/><V38/><F131/><W28/><G107/><T102/><D129/><U95/><E3/><V92/><F13/><W11/><G104/><T41/><D34/><U89/><E97/><V16/><F16/><W62/><G116/><T45/><D72/><U71/><E71/><V33/><F33/><W114/><G114/><T77/><D133/><U56/><E75/><N who="2" m="43359" /><F132/><W96/><REACH who="3" step="1"/><G62/><REACH who="3" step="2"/><T105/><D105/><U17/><E80/><V32/><F38/><W87/><G87/><T94/><D68/><U91/><E89/><AGARI ba="1,2" hai="11,15,18,23,25,28,66,67,74,79,81,89,93,96" machi="89" ten="30,2000,0" yaku="1,1,7,1,53,0" doraHai="113" doraHaiUra="30" who="3" fromWho="1" sc="186,0,344,-23,215,0,235,43" /><INIT seed="2,0,0,0,0,107" ten="186,321,215,278" oya="2" hai0="11,122,81,135,74,97,16,68,103,78,50,119,69" hai1="41,133,134,105,75,106,91,1,18,33,52,8,121" hai2="2,30,5,115,0,3,104,48,127,10,126,109,60" hai3="63,45,131,29,61,88,28,123,37,99,20,57,7" shuffle="mt19937ar,5B6164FC,2FD114F5,949AA99A,907ABBCD,772A4BD2,0132E603,1EA71530,33C62A11"/><V96/><F60/><W62/><G123/><T21/><D122/><U46/><E33/><V25/><F96/><W80/><G7/><T117/><D135/><N who="1" m="51723" /><E121/><V56/><F104/><W108/><G108/><T70/><D50/><N who="1" m="28759" /><E41/><V17/><F48/><W120/><G120/><T34/><D34/><U44/><E44/><V84/><F56/><W26/><G37/><T98/><D11/><U110/><E110/><V71/><F84/><W13/><G45/><T24/><REACH who="0" step="1"/><D103/><REACH who="0" step="2"/><U87/><E8/><V35/><F71/><W76/><G131/><T130/><D130/><U47/><E1/><N who="2" m="619" /><F115/><W125/><G20/><T39/><D39/><U77/><E105/><V66/><F109/><W58/><G13/><T38/><D38/><U111/><E106/><V86/><F66/><W94/><G125/><N who="2" m="47625" /><F86/><N who="3" m="48391" /><G26/><T114/><D114/><U12/><E87/><V102/><F102/><W4/><G4/><T40/><D40/><U85/><E111/><V15/><N who="2" m="627" /><V36/><DORA hai="90" /><F36/><W113/><G113/><T82/><D82/><U53/><E85/><V67/><F67/><W83/><G83/><T22/><D22/><U14/><E53/><V54/><F54/><W93/><G93/><T101/><D101/><U42/><E42/><V79/><F79/><W100/><G100/><T72/><D72/><U73/><E73/><V51/><F51/><W116/><G116/><AGARI ba="0,1" hai="16,21,24,68,69,70,74,78,81,97,98,116,117,119" machi="116" ten="50,12000,2" yaku="1,1,12,1,52,1,54,1,53,3" doraHai="107,90" doraHaiUra="112,27" who="0" fromWho="3" sc="176,130,321,0,215,0,278,-120" /><INIT seed="3,0,0,1,4,11" ten="306,321,215,158" oya="3" hai0="65,6,18,36,119,62,86,134,71,0,33,60,75" hai1="125,61,51,84,8,91,34,118,94,3,132,49,50" hai2="76,30,124,28,101,128,113,12,37,95,87,111,25" hai3="67,90,20,93,85,4,116,54,55,97,130,122,59" shuffle="mt19937ar,F94E858B,559474FD,EE202BE2,7547A6A0,01416985,4FDFB85E,D9393B56,2B2F17A9"/><W123/><G4/><T107/><D119/><U41/><E34/><V80/><F37/><W78/><G116/><T110/><D134/><U32/><E132/><V53/><F113/><W48/><G130/><T89/><D36/><U5/><E118/><V13/><F128/><W29/><G67/><T117/><D107/><U14/><E125/><V112/><F124/><W10/><G10/><T38/><D38/><U9/><E32/><V120/><F112/><W127/><G127/><T109/><D117/><U73/><E61/><V105/><F105/><W103/><G78/><T27/><D75/><U100/><E73/><V131/><F131/><W47/><G29/><N who="2" m="11369" /><F25/><W70/><G70/><T79/><D33/><U46/><E100/><V1/><F1/><W44/><G20/><T63/><D79/><U22/><E22/><V74/><F74/><W104/><REACH who="3" step="1"/><G47/><REACH who="3" step="2"/><T72/><D72/><U126/><E126/><V2/><F120/><W133/><G133/><T88/><D6/><AGARI ba="0,1" hai="3,5,6,8,9,14,41,46,49,50,51,84,91,94" machi="6" ten="30,2000,0" yaku="7,1,52,1" doraHai="11" who="1" fromWho="0" sc="306,-20,321,30,215,0,148,0" owari="286,4,351,34,215,-13,148,-25" /></mjloggm>