<mjloggm ver="2.3"><GO type="41"/><UN n0="%4B%61%55%4E%65" n1="%E3%82%A6%E3%83%AB%E3%83%88%E3%83%A9%E7%AB%8B%E7%9B%B4" n2="%E8%8D%92%E6%AD%A3%E7%BE%A9" n3="%E3%81%82%E3%81%82%EF%BC%BE%EF%BD%9E" dan="13,13,13,14" rate="1847,1848,1886,1984" sx="M,M,M,M"/><TAIKYOKU oya="0"/><INIT seed="0,0,0,3,0,83" ten="250,250,250,250" oya="0" hai0="14,116,42,38,58,60,102,66,0,132,29,92,61" hai1="63,8,71,91,28,22,90,95,121,120,62,33,44" hai2="124,31,73,2,126,100,59,40,56,125,112,119,88" hai3="15,24,110,76,68,104,75,128,72,133,101,89,11"/><T49/><D116/><U4/><E33/><V34/><F2/><W87/><G128/><T5/><D0/><U16/><E28/><V135/><F73/><W109/><G133/><T54/><D29/><U74/><E74/><V108/><F100/><W127/><G68/><T13/><D132/><U46/><E71/><V93/><F135/><W18/><G24/><T85/><D5/><U53/><E53/><V26/><F112/><W19/><G19/><T35/><D35/><U98/><E91/><V115/><F115/><W20/><G20/><T106/><D106/><U45/><E120/><V3/><F3/><W131/><G131/><T84/><D38/><U114/><E121/><V36/><F119/><W7/><G7/><T43/><D61/><U86/><E98/><V96/><F108/><N who="3" m="41579" /><G76/><T48/><D102/><U27/><E114/><V79/><F79/><W103/><G103/><T55/><D92/><U82/><E95/><V1/><F1/><W123/><G127/><T77/><D77/><U51/><E51/><N who="0" m="19529" /><D66/><U118/><E118/><V57/><F36/><W122/><G123/><T30/><D30/><U25/><E25/><V50/><REACH who="2" step="1"/><F40/><REACH who="2" step="2"/><N who="0" m="15402" /><D54/><AGARI ba="0,1" hai="26,31,34,50,54,56,57,59,88,93,96,124,125,126" machi="54" ten="40,8000,1" yaku="1,1,18,1,54,1,53,1" doraHai="83" doraHaiUra="23" who="2" fromWho="0" sc="250,-80,250,0,240,90,250,0" /><INIT seed="1,0,0,5,2,43" ten="170,250,330,250" oya="1" hai0="29,50,60,11,114,45,81,80,33,70,84,120,72" hai1="88,14,83,0,15,30,130,17,25,132,86,64,16" hai2="9,90,125,116,22,18,73,100,26,36,135,58,99" hai3="59,82,56,24,126,34,110,117,37,61,57,4,42"/><U76/><E0/><V71/><F71/><W47/><G110/><T103/><D114/><U77/><E64/><V53/><F36/><W6/><G126/><T97/><D72/><U49/><E130/><V55/><F73/><W68/><G117/><T5/><D33/><U41/><E132/><V31/><F116/><W118/><G118/><T1/><D29/><U93/><E25/><V62/><F125/><W12/><G82/><T101/><D70/><U40/><E30/><V92/><F135/><W96/><G96/><T39/><D39/><U2/><E2/><V35/><F35/><W134/><G134/><T38/><BYE who="3" /><D38/><U23/><E49/><V32/><F32/><W52/><G52/><T8/><D60/><U113/><E113/><V122/><F122/><W79/><G79/><T131/><D131/><U128/><E128/><V19/><F55/><W105/><G105/><T129/><D129/><U67/><E67/><V13/><REACH who="2" step="1"/><F100/><REACH who="2" step="2"/><W51/><G51/><T28/><D120/><U69/><E69/><V94/><F94/><W7/><G7/><AGARI ba="0,1" hai="7,9,13,18,19,22,26,31,53,58,62,90,92,99" machi="7" ten="30,3900,0" yaku="1,1,7,1,8,1,53,0" doraHai="43" doraHaiUra="124" who="2" fromWho="3" sc="170,0,250,0,320,49,250,-39" /><INIT seed="2,0,0,2,2,50" ten="170,250,369,211" oya="2" hai0="94,113,27,14,10,89,8,75,92,47,41,131,98" hai1="29,123,68,101,63,54,31,40,72,80,18,106,122" hai2="83,34,26,91,6,28,130,107,82,45,78,2,32" hai3="121,118,55,52,70,61,117,13,20,11,116,65,99"/><V104/><F82/><W1/><G1/><T95/><D113/><U23/><E40/><V129/><F91/><W53/><G53/><T74/><D131/><N who="2" m="50186" /><F34/><W93/><G93/><T37/><D27/><U24/><E68/><V135/><F135/><W128/><G128/><T66/><D66/><U85/><E72/><V119/><F119/><W79/><G79/><T46/><D46/><U114/><E114/><V76/><F76/><W108/><G108/><T125/><D125/><U42/><E42/><V21/><F32/><W39/><G39/><T44/><D44/><U49/><E63/><V110/><F45/><W38/><G38/><T88/><D95/><U57/><E101/><V15/><F2/><W96/><G96/><T100/><D100/><U67/><E106/><V115/><F115/><W103/><G103/><T59/><D59/><U33/><E67/><V0/><F0/><W43/><G43/><T87/><D8/><U5/><E5/><AGARI ba="0,0" hai="5,10,14,37,41,47,74,75,87,88,89,92,94,98" machi="5" ten="30,2000,0" yaku="7,1,54,1" doraHai="50" who="0" fromWho="1" sc="170,20,250,-20,369,0,211,0" /><INIT seed="3,0,0,0,4,37" ten="190,230,369,211" oya="3" hai0="99,59,75,104,70,40,53,34,64,8,89,86,91" hai1="68,5,111,4,3,49,26,121,114,33,23,115,81" hai2="54,131,100,45,122,11,0,16,118,116,65,57,120" hai3="85,101,9,66,88,133,69,52,13,18,98,15,50"/><W22/><G22/><T128/><D75/><U108/><E68/><V84/><F100/><W76/><G76/><T126/><D34/><U72/><E81/><V12/><F131/><W125/><G125/><T60/><D128/><U62/><E62/><N who="2" m="38095" /><F84/><W117/><G117/><T42/><D126/><U41/><E49/><N who="2" m="28975" /><F0/><W95/><G95/><T56/><D104/><U28/><E72/><V61/><F61/><W21/><G21/><T29/><D29/><U124/><E124/><V39/><F39/><W71/><G71/><T10/><D70/><U38/><E38/><V44/><F44/><W46/><G46/><T63/><D99/><U123/><E41/><N who="0" m="15977" /><D89/><U2/><E33/><V107/><F107/><W47/><G47/><T43/><N who="0" m="15985" /><T105/><DORA hai="90" /><D105/><U35/><E35/><V132/><F132/><W127/><G127/><T80/><AGARI ba="0,0" hai="8,10,53,56,59,60,63,64,80,86,91" m="15985" machi="80" ten="30,8000,1" yaku="8,1,52,4" doraHai="37,90" who="0" fromWho="0" sc="190,80,230,-20,369,-20,211,-40" /><INIT seed="4,0,0,4,2,4" ten="270,210,349,171" oya="0" hai0="25,55,50,95,79,24,71,72,80,19,108,106,116" hai1="111,118,44,61,128,67,3,87,92,43,124,51,63" hai2="27,81,126,1,98,54,53,39,115,30,127,15,109" hai3="105,102,28,120,16,100,23,22,90,60,18,89,29"/><T20/><D116/><U76/><E3/><V83/><F1/><W96/><G96/><T0/><D106/><UN n3="%E3%81%82%E3%81%82%EF%BC%BE%EF%BD%9E" /><U94/><E118/><V132/><F39/><W17/><G105/><T62/><D71/><U64/><E124/><N who="2" m="47659" /><F109/><W9/><G120/><T42/><D0/><U33/><E33/><V46/><F132/><W37/><G37/><T48/><D108/><U32/><E32/><V14/><F98/><W93/><G93/><N who="1" m="35946" /><E128/><V10/><F14/><W97/><G97/><T133/><D133/><U135/><E135/><V121/><F115/><W66/><G60/><N who="1" m="23114" /><E111/><V82/><F46/><W91/><G9/><T49/><D95/><U8/><E8/><V131/><F131/><W21/><REACH who="3" step="1"/><G66/><REACH who="3" step="2"/><T73/><D62/><U26/><E67/><V134/><F121/><W31/><AGARI ba="0,1" hai="16,17,18,21,22,23,28,29,31,89,90,91,100,102" machi="31" ten="40,32000,5" yakuman="40" doraHai="4" doraHaiUra="77" who="3" fromWho="3" sc="270,-160,210,-80,349,-80,161,330" /><INIT seed="5,0,0,5,4,73" ten="110,130,269,491" oya="1" hai0="114,34,40,55,134,92,119,77,57,118,127,105,64" hai1="104,53,103,69,26,123,132,88,15,100,72,37,117" hai2="56,11,60,33,110,66,120,87,135,98,35,83,102" hai3="46,20,112,41,113,21,14,49,24,10,29,97,52"/><U31/><E123/><V16/><F110/><W67/><G67/><T0/><D114/><N who="3" m="44137" /><G97/><T59/><D0/><U91/><E117/><V75/><F135/><W124/><G124/><T96/><D34/><U115/><E115/><V32/><F75/><W3/><G3/><T30/><D134/><U28/><E132/><V68/><F120/><W89/><G89/><N who="1" m="34378" /><E69/><V76/><F11/><W125/><G125/><T128/><D30/><N who="1" m="11307" /><E37/><V101/><F102/><N who="1" m="38953" /><E72/><V95/><REACH who="2" step="1"/><F16/><REACH who="2" step="2"/><N who="3" m="8279" /><G41/><T108/><D119/><U129/><E129/><V70/><AGARI ba="0,1" hai="32,33,35,56,60,66,68,70,76,83,87,95,98,101" machi="70" ten="40,5200,0" yaku="1,1,0,1,52,1,53,0" doraHai="73" doraHaiUra="8" who="2" fromWho="2" sc="110,-13,130,-26,259,62,491,-13" /><INIT seed="6,0,0,5,0,119" ten="97,104,321,478" oya="2" hai0="130,95,103,91,8,50,35,122,115,86,114,46,101" hai1="25,61,13,56,123,64,18,82,4,94,135,124,134" hai2="3,38,41,34,68,83,17,27,125,96,85,54,128" hai3="47,51,37,43,15,52,39,40,74,127,92,77,89"/><V132/><F3/><W9/><G127/><T1/><D35/><U99/><E124/><V70/><F125/><W117/><G117/><T79/><D79/><U84/><E4/><V55/><F96/><W58/><G74/><T7/><D130/><U72/><E25/><V57/><F55/><W45/><G77/><T5/><D7/><U112/><E72/><V31/><F128/><W22/><G22/><T69/><D69/><U109/><E109/><V23/><F132/><N who="1" m="50729" /><E84/><V16/><F41/><W110/><G110/><T2/><D2/><U21/><E82/><V19/><F38/><W11/><REACH who="3" step="1"/><G15/><REACH who="3" step="2"/><T59/><D122/><U107/><E123/><V118/><F34/><W0/><G0/><T62/><D115/><U44/><E112/><V111/><F111/><W76/><G76/><T121/><D121/><U28/><E21/><V67/><F118/><W63/><G63/><T131/><D114/><U20/><E28/><V65/><F70/><W53/><G53/><T14/><D131/><U108/><E108/><V33/><F68/><W133/><G133/><T129/><D129/><U88/><E107/><V6/><F33/><W71/><G71/><T98/><D1/><U10/><E20/><V113/><F113/><W102/><G102/><T24/><D24/><U73/><E73/><V105/><F105/><W42/><G42/><N who="0" m="24919" /><D98/><AGARI ba="0,1" hai="9,11,37,39,40,43,45,47,51,52,58,89,92,98" machi="98" ten="30,7700,0" yaku="1,1,7,1,9,1,54,1,53,0" doraHai="119" doraHaiUra="60" who="3" fromWho="0" sc="97,-77,104,0,321,0,468,87" /><INIT seed="7,0,0,0,1,44" ten="20,104,321,555" oya="3" hai0="87,96,37,110,46,91,97,89,57,94,112,3,47" hai1="118,108,48,82,98,92,135,9,39,83,22,111,68" hai2="90,86,103,18,29,73,17,105,100,99,77,109,59" hai3="128,38,20,132,66,114,26,84,104,25,70,27,119"/><W93/><G119/><T60/><D110/><U51/><E39/><V35/><F109/><W101/><G114/><T55/><D3/><U34/><E34/><V24/><F100/><W78/><G132/><T41/><D112/><U76/><E68/><V116/><F116/><W121/><G128/><T1/><D1/><U40/><E135/><V43/><F43/><W120/><G38/><T63/><D46/><U80/><E76/><V12/><F12/><W13/><G13/><T32/><D32/><U5/><E40/><V127/><F127/><W95/><G20/><T4/><D4/><U69/><E69/><V123/><F123/><W54/><G54/><T50/><D96/><U28/><E118/><V0/><F0/><W71/><G66/><T19/><D19/><U107/><E107/><V72/><F72/><W7/><G7/><T23/><D23/><U49/><E111/><V124/><F124/><W67/><G71/><T21/><D21/><U62/><E62/><V133/><F133/><W61/><G104/><T36/><D36/><U31/><E22/><V2/><F2/><W56/><G70/><T58/><D58/><U6/><E108/><V74/><F74/><W106/><G106/><T45/><D47/><U75/><E75/><V117/><F117/><W81/><REACH who="3" step="1"/><G101/><REACH who="3" step="2"/><T85/><D97/><U8/><E6/><V11/><F11/><N who="1" m="4169" /><E5/><V16/><F73/><W33/><G33/><T88/><REACH who="0" step="1"/><D89/><AGARI ba="0,1" hai="28,31,48,49,51,80,82,83,89,92,98" m="4169" machi="89" ten="30,7700,0" yaku="8,1,52,3" doraHai="44" who="1" fromWho="0" sc="20,-77,104,87,321,0,545,0" owari="-57,-56,191,-21,321,12,545,65" /></mjloggm>