<mjloggm ver="2.3"><GO type="41"/><UN n0="%E3%82%A6%E3%83%AB%E3%83%88%E3%83%A9%E7%AB%8B%E7%9B%B4" n1="%E3%83%A9%E3%83%A0%E3%81%A1%E3%82%83%E3%82%93%E2%98%86" n2="%E3%81%8B%E3%82%8B%E3%81%B1%E3%81%A3%E3%81%A1%E3%82%87" n3="%50%72%6F%6D%65%6E%61%64" dan="14,16,15,14" rate="1923,2008,1842,1977" sx="M,F,M,M"/><TAIKYOKU oya="0"/><INIT seed="0,0,0,0,5,9" ten="250,250,250,250" oya="0" hai0="116,87,27,6,0,51,118,17,130,63,37,78,21" hai1="61,94,132,80,12,73,14,91,95,69,59,109,127" hai2="84,53,114,98,112,48,117,45,1,58,115,111,22" hai3="75,76,36,38,16,67,103,92,131,135,106,110,32"/><T122/><D37/><U105/><E105/><V43/><F1/><W79/><G32/><T93/><D122/><U7/><E69/><V82/><F98/><W85/><G67/><T119/><D130/><U124/><E7/><V55/><F22/><W24/><G131/><T41/><D0/><U11/><E11/><V52/><F82/><W88/><G110/><T133/><D133/><U134/><E109/><V29/><F84/><W60/><G60/><T62/><D6/><U99/><E94/><V128/><F29/><W18/><G135/><N who="1" m="51754" /><E80/><V108/><F128/><W39/><G24/><T26/><D26/><U77/><E77/><V121/><F121/><W28/><G28/><T3/><D3/><U126/><E73/><V49/><F117/><W100/><G100/><T96/><D87/><U8/><E8/><V4/><F4/><W120/><G120/><T104/><D78/><U81/><E81/><V57/><F55/><AGARI ba="0,0" hai="12,14,55,59,61,91,95,99,124,126,127" m="51754" machi="55" ten="40,8000,1" yaku="18,1,20,1,52,2" doraHai="9" who="1" fromWho="2" sc="250,0,250,80,250,-80,250,0" /><INIT seed="1,0,0,3,4,23" ten="250,330,170,250" oya="1" hai0="0,76,37,111,51,112,46,43,11,115,63,74,118" hai1="101,70,15,33,14,94,29,40,108,20,8,126,56" hai2="129,75,27,72,7,65,92,54,91,71,49,134,105" hai3="38,87,35,98,135,81,36,17,2,107,99,61,6"/><U5/><E70/><V18/><F105/><W124/><G135/><T21/><D118/><U120/><E120/><V82/><F134/><W100/><G124/><T22/><D22/><U25/><E126/><V26/><F129/><W13/><G35/><T113/><D76/><U66/><E40/><V125/><F125/><W86/><G6/><T53/><D74/><U73/><E73/><V89/><F7/><W30/><G2/><T41/><D11/><U119/><E119/><V31/><F31/><W55/><G30/><T52/><D0/><U106/><E106/><V127/><F127/><W83/><G99/><T68/><D21/><U12/><E33/><V131/><F131/><W62/><G62/><T32/><D32/><U121/><E108/><V122/><F122/><W67/><G55/><T19/><D19/><U57/><E121/><V116/><F116/><W128/><G86/><T24/><D24/><N who="2" m="9258" /><F72/><W123/><G128/><T78/><D111/><U84/><E84/><N who="2" m="50327" /><F75/><W104/><G104/><T9/><D78/><U117/><E117/><V77/><F71/><W103/><G123/><T4/><D68/><U16/><E5/><V58/><F77/><W97/><G38/><T130/><D130/><U47/><E29/><V60/><F18/><W110/><G36/><T80/><D37/><U48/><E8/><V114/><F114/><W59/><G110/><T42/><D9/><U90/><E16/><V132/><F132/><W3/><G3/><T95/><D115/><U109/><E109/><V34/><F34/><W79/><G107/><T85/><D113/><U64/><E101/><RYUUKYOKU ba="0,0" sc="250,0,330,0,170,0,250,0" /><INIT seed="2,1,0,2,0,121" ten="250,330,170,250" oya="2" hai0="33,102,60,89,131,9,78,77,94,57,124,84,130" hai1="15,93,101,123,126,5,51,31,8,111,81,34,92" hai2="23,55,49,118,50,43,76,46,133,19,35,61,17" hai3="58,40,86,65,90,85,79,20,132,127,42,105,29"/><V113/><F118/><W108/><G105/><T28/><D28/><U117/><E117/><V107/><F113/><W56/><G127/><T62/><D33/><U48/><E123/><V32/><F107/><W122/><G122/><T39/><D39/><U25/><E126/><V134/><F19/><W7/><G7/><T82/><D124/><U110/><E81/><V27/><F76/><W36/><G36/><T100/><D9/><U21/><E34/><V11/><F11/><W87/><G132/><N who="2" m="50793" /><F61/><N who="3" m="38055" /><G79/><N who="0" m="30219" /><D60/><U129/><E129/><N who="0" m="49161" /><D57/><AGARI ba="1,0" hai="17,23,27,32,35,43,46,49,50,55,57" m="50793" machi="57" ten="30,1500,0" yaku="20,1" doraHai="121" who="2" fromWho="0" sc="250,-18,330,0,170,18,250,0" /><INIT seed="2,2,0,1,5,47" ten="232,330,188,250" oya="2" hai0="66,112,115,29,0,94,92,65,38,123,74,128,26" hai1="33,22,75,52,39,27,86,99,55,69,12,82,124" hai2="77,42,108,3,111,125,122,6,88,89,96,25,113" hai3="30,63,131,106,130,51,134,23,50,97,58,31,71"/><V98/><F122/><W7/><G71/><T100/><D26/><U79/><E124/><V103/><F125/><W120/><G120/><T32/><D123/><U16/><E69/><V95/><F25/><N who="3" m="16703" /><G134/><T90/><D29/><U57/><E39/><V35/><F35/><W109/><G109/><N who="2" m="42057" /><F113/><W8/><G31/><T135/><D0/><U132/><E132/><V84/><F42/><W83/><G83/><T17/><D17/><U121/><E121/><V1/><F1/><N who="3" m="111" /><G97/><T127/><D127/><U60/><E99/><V13/><F3/><W129/><G106/><T87/><D32/><U37/><E37/><V53/><F53/><AGARI ba="2,0" hai="50,51,53,58,63,129,130,131" m="111,16703" machi="53" ten="30,3900,0" yaku="19,1,52,2" doraHai="47" who="3" fromWho="2" sc="232,0,330,0,188,-45,250,45" /><INIT seed="3,0,0,5,5,58" ten="232,330,143,295" oya="3" hai0="51,131,126,111,14,122,15,108,86,39,64,55,124" hai1="114,103,135,59,43,88,61,62,34,38,50,46,0" hai2="66,92,130,12,42,31,73,109,116,81,115,2,22" hai3="129,90,23,48,11,57,63,97,101,69,56,47,134"/><W128/><G134/><T127/><D39/><U20/><E34/><V19/><F116/><W16/><G90/><T35/><D35/><U4/><E135/><V40/><F115/><W72/><G72/><T76/><D122/><U120/><E120/><V8/><F109/><W28/><G28/><T79/><D131/><N who="3" m="50249" /><G11/><T54/><D64/><U49/><E114/><V68/><F130/><W125/><G125/><T26/><D26/><U123/><E123/><V95/><F92/><N who="3" m="58535" /><G69/><T78/><D86/><U96/><E88/><V1/><F1/><W118/><G118/><T77/><N who="0" m="19968" /><DORA hai="53" /><T37/><D37/><U60/><E20/><V112/><F73/><W82/><G63/><T29/><D29/><U5/><E0/><V113/><F81/><W104/><G104/><T65/><D65/><U6/><REACH who="1" step="1"/><E59/><REACH who="1" step="2"/><V9/><F112/><W36/><G82/><T119/><D119/><U71/><E71/><V32/><F113/><W21/><G21/><T94/><D94/><AGARI ba="0,1" hai="4,5,6,38,43,46,49,50,60,61,62,94,96,103" machi="94" ten="40,8000,1" yaku="1,1,52,3,53,0" doraHai="58,53" doraHaiUra="17,83" who="1" fromWho="0" sc="232,-80,320,90,143,0,295,0" /><INIT seed="4,0,0,3,4,67" ten="152,410,143,295" oya="0" hai0="44,65,102,69,112,133,107,105,68,78,85,60,120" hai1="16,121,126,98,122,59,91,12,129,57,55,39,61" hai2="80,49,115,28,53,47,127,82,79,43,71,3,97" hai3="22,83,32,35,93,130,20,27,101,26,62,24,104"/><T19/><D120/><U90/><E39/><V95/><F127/><W33/><G104/><T94/><D133/><U37/><E37/><V29/><F3/><W89/><G101/><T10/><D112/><U131/><E126/><V74/><F115/><W63/><G83/><T1/><D69/><U18/><E59/><V42/><F82/><W77/><G77/><T99/><D44/><U6/><E6/><V128/><F128/><N who="1" m="49225" /><E98/><V88/><F71/><W111/><G111/><T125/><D125/><U7/><E7/><V123/><F123/><N who="1" m="47113" /><E18/><V117/><F117/><W21/><REACH who="3" step="1"/><G130/><REACH who="3" step="2"/><T75/><D75/><U56/><E90/><V36/><REACH who="2" step="1"/><F43/><REACH who="2" step="2"/><W9/><G9/><T118/><D118/><U134/><E134/><V100/><F100/><W106/><G106/><T113/><D113/><U72/><E91/><V45/><AGARI ba="0,2" hai="28,29,36,42,45,47,49,53,74,79,80,88,95,97" machi="45" ten="20,5200,0" yaku="1,1,0,1,7,1,54,1,53,0" doraHai="67" doraHaiUra="11" who="2" fromWho="2" sc="152,-26,410,-13,133,72,285,-13" /><INIT seed="5,0,0,4,3,4" ten="126,397,205,272" oya="1" hai0="65,10,55,29,6,58,52,30,25,26,18,11,87" hai1="37,109,113,14,76,5,112,7,111,83,80,90,8" hai2="51,20,73,81,124,95,17,108,92,63,98,128,68" hai3="42,110,36,133,135,56,70,32,114,99,12,71,88"/><U49/><E37/><V50/><F108/><N who="1" m="41545" /><E49/><V59/><F68/><W53/><G32/><T123/><D6/><N who="1" m="3351" /><E90/><V22/><F124/><W103/><G110/><T31/><D123/><U3/><E83/><V13/><F128/><W77/><G77/><T75/><D75/><N who="1" m="43039" /><E3/><V100/><F73/><W2/><G2/><T47/><D47/><U45/><E45/><V117/><F117/><W132/><G88/><T93/><D93/><U96/><E96/><V78/><F92/><W94/><G42/><T118/><D87/><U57/><E57/><V48/><F81/><W91/><G36/><T122/><D122/><U33/><E33/><V35/><F35/><W101/><G91/><T28/><N who="0" m="7680" /><DORA hai="104" /><T105/><D105/><U97/><E97/><V86/><F86/><W131/><G101/><T74/><D74/><U125/><E125/><V1/><F1/><W119/><G119/><T41/><D41/><U67/><E67/><N who="2" m="39423" /><F78/><W102/><G102/><T84/><D84/><U116/><E116/><V129/><F129/><W15/><G131/><T130/><D130/><U72/><E72/><V79/><F79/><W127/><G127/><T85/><D85/><U39/><E39/><V66/><F66/><W62/><G70/><T64/><D118/><U120/><E120/><V115/><F115/><AGARI ba="0,0" hai="5,7,112,113,115" m="43039,3351,41545" machi="115" ten="30,11600,0" yaku="15,1,10,1,52,2" doraHai="4,104" who="1" fromWho="2" sc="126,0,397,116,205,-116,272,0" /><INIT seed="5,1,0,1,1,14" ten="126,513,89,272" oya="1" hai0="46,109,33,31,129,66,83,111,76,19,124,117,131" hai1="9,45,41,52,61,69,113,36,29,114,80,133,101" hai2="112,127,35,10,73,13,119,72,47,62,24,22,65" hai3="103,116,104,135,64,37,87,125,126,79,67,68,27"/><U4/><E133/><V96/><F119/><W78/><G37/><T130/><D66/><N who="3" m="25129" /><G68/><T53/><D117/><U93/><E69/><V50/><F112/><N who="1" m="43113" /><E29/><N who="2" m="17559" /><F127/><N who="3" m="48651" /><G116/><T28/><D124/><U26/><E26/><V100/><F35/><W77/><G135/><T90/><D90/><U42/><E42/><N who="2" m="24951" /><F73/><W55/><G27/><T121/><D121/><U60/><E80/><V12/><F72/><W18/><G55/><T105/><D53/><U6/><E52/><V70/><F70/><W32/><G32/><T48/><D48/><U81/><E81/><V58/><F10/><W43/><G43/><T44/><D33/><U15/><E6/><V7/><F7/><W91/><G103/><T86/><D46/><U2/><E2/><V23/><F23/><W34/><G34/><T85/><D44/><U82/><E82/><V95/><AGARI ba="1,0" hai="12,13,58,62,65,95,96,100" m="24951,17559" machi="95" ten="30,2000,0" yaku="25,1,8,1" doraHai="14" who="2" fromWho="2" sc="126,-6,513,-11,89,23,272,-6" /><INIT seed="6,0,0,1,0,83" ten="120,502,112,266" oya="2" hai0="32,31,69,28,110,14,64,72,85,79,12,101,8" hai1="112,15,120,56,42,93,9,88,51,92,38,54,91" hai2="43,49,17,65,24,53,119,44,82,94,132,81,22" hai3="117,95,104,96,52,48,131,19,133,71,6,123,45"/><V10/><F119/><W20/><G117/><T84/><D72/><U35/><E35/><V111/><F111/><W7/><G123/><T11/><D69/><U98/><E120/><V41/><F132/><W105/><G71/><T58/><D32/><U78/><E78/><V89/><F65/><W114/><G133/><T2/><D2/><U63/><E112/><V127/><F127/><W128/><G114/><T113/><D101/><U55/><E38/><V5/><F5/><N who="3" m="1547" /><G95/><T99/><D99/><U62/><E42/><N who="2" m="15883" /><F10/><N who="0" m="3626" /><D79/><U74/><E74/><V21/><F21/><W50/><G50/><T46/><D46/><U61/><E55/><V39/><F39/><W90/><G90/><N who="1" m="34346" /><E98/><AGARI ba="0,0" hai="17,22,24,44,49,53,81,82,89,94,98" m="15883" machi="98" ten="30,1500,0" yaku="8,1" doraHai="83" who="2" fromWho="1" sc="120,0,502,-15,112,15,266,0" /><INIT seed="6,1,0,5,4,82" ten="120,487,127,266" oya="2" hai0="59,111,105,97,11,25,60,44,4,3,115,53,102" hai1="1,85,68,80,40,108,130,65,32,116,127,70,22" hai2="24,33,114,6,90,129,71,12,94,86,91,48,36" hai3="101,93,104,128,96,78,61,84,2,135,117,119,35"/><V63/><F36/><W79/><G2/><T21/><D111/><U41/><E32/><V133/><F133/><W81/><G35/><T20/><D115/><U50/><E1/><V7/><F114/><W30/><G30/><T131/><D131/><U126/><E68/><V132/><F129/><W103/><G61/><T19/><D44/><U99/><E70/><V123/><F123/><W17/><G17/><T38/><D38/><U47/><E65/><V13/><F132/><W83/><G135/><T107/><D21/><U14/><E41/><V134/><F134/><W54/><G54/><T121/><D121/><U113/><E116/><V69/><F69/><W10/><G10/><T49/><D49/><U75/><E75/><V89/><F71/><W76/><G128/><T72/><D72/><U26/><E108/><V64/><F33/><W122/><G122/><T120/><D120/><U112/><E14/><N who="2" m="5739" /><F24/><W18/><G18/><T73/><D73/><U27/><E27/><V58/><F48/><W77/><G83/><T67/><D53/><U37/><E37/><V39/><F39/><W28/><G28/><T55/><D55/><U100/><E130/><V8/><F8/><W34/><G34/><T9/><D9/><U56/><E112/><V92/><F91/><W74/><G103/><T42/><D42/><U66/><E113/><V95/><F95/><AGARI ba="1,0" hai="3,4,11,19,20,25,59,60,67,95,97,102,105,107" machi="95" ten="30,1000,0" yaku="7,1" doraHai="82" who="0" fromWho="2" sc="120,13,487,0,127,-13,266,0" /><INIT seed="7,0,0,2,0,29" ten="133,487,114,266" oya="3" hai0="59,62,133,103,113,32,24,121,72,34,4,117,18" hai1="53,10,97,118,90,132,70,74,35,129,20,6,52" hai2="26,21,5,125,120,40,96,27,86,79,115,49,95" hai3="82,48,2,89,55,111,94,126,122,106,75,71,60"/><W46/><G122/><T16/><D72/><U67/><E35/><N who="0" m="13353" /><D117/><U65/><E20/><V11/><F120/><W91/><G106/><T102/><D121/><U128/><E132/><V85/><F115/><W36/><G2/><T22/><D4/><U3/><E74/><V123/><F123/><W109/><G36/><T56/><D62/><N who="1" m="40247" /><E67/><V31/><F79/><N who="3" m="44415" /><G94/><T93/><D93/><N who="1" m="56503" /><E118/><V14/><F27/><W78/><G78/><T44/><D44/><U87/><E87/><V12/><F12/><W45/><G45/><T107/><D107/><U8/><E8/><V104/><F104/><W50/><G50/><T101/><D24/><U42/><E42/><V39/><F39/><W61/><G61/><T54/><D22/><U73/><E73/><V0/><F0/><W23/><G23/><T124/><D54/><U25/><E25/><V19/><F5/><W76/><G76/><T77/><D77/><U114/><E114/><V57/><F85/><W30/><G30/><T38/><D38/><U58/><E58/><N who="0" m="22057" /><D113/><U116/><E116/><V88/><F86/><W108/><G60/><T47/><D47/><U66/><E66/><V119/><F119/><W98/><G71/><T134/><D133/><U15/><E3/><V63/><F40/><W69/><G69/><T51/><D134/><U127/><E53/><N who="2" m="34223" /><F49/><W84/><G98/><T105/><D51/><U7/><E52/><V37/><F37/><W99/><G99/><T41/><D41/><U112/><E112/><V92/><F92/><N who="3" m="54311" /><G91/><T131/><D131/><N who="1" m="50251" /><E7/><V130/><F130/><W100/><G100/><N who="0" m="25603" /><T9/><DORA hai="68" /><D105/><RYUUKYOKU ba="0,0" sc="133,-30,487,10,114,10,266,10" hai1="6,10,15,127" hai2="11,14,19,21,26,31,88,95,96,125" hai3="46,48,55,108,109,111,126" /><INIT seed="7,1,0,5,2,60" ten="103,497,124,276" oya="3" hai0="94,22,126,115,92,76,108,65,53,27,86,135,111" hai1="45,5,118,103,109,104,127,30,38,17,24,98,84" hai2="18,49,91,19,39,20,56,4,28,41,120,77,7" hai3="66,107,80,121,52,125,63,35,83,36,25,81,96"/><W48/><G36/><T117/><D117/><U74/><E74/><V101/><F120/><W43/><G43/><T116/><D116/><U82/><E109/><V26/><F39/><W69/><G121/><T110/><D126/><U71/><E118/><V72/><F72/><W44/><G125/><T46/><D135/><U132/><E127/><V133/><F133/><W40/><G40/><T113/><D76/><U89/><E132/><V100/><F77/><W97/><REACH who="3" step="1"/><G107/><REACH who="3" step="2"/><T73/><D73/><U13/><E38/><V68/><F41/><W102/><G102/><T112/><D86/><U58/><E84/><V87/><F101/><W37/><G37/><T119/><D119/><U130/><E103/><V128/><F100/><W14/><G14/><T122/><D122/><U0/><E104/><V114/><F87/><W15/><G15/><T64/><D92/><U23/><E13/><V93/><F4/><W10/><G10/><T8/><D94/><U88/><E5/><V55/><F7/><W123/><G123/><T62/><D8/><U124/><E124/><V6/><F6/><W57/><G57/><N who="0" m="35119" /><D46/><U33/><E58/><V106/><F106/><W59/><G59/><T61/><D61/><U105/><E45/><V42/><F56/><W2/><G2/><T79/><D79/><U51/><E0/><V50/><F93/><W3/><G3/><T78/><D78/><U99/><E105/><V70/><F42/><W134/><G134/><T95/><D95/><U12/><E12/><V16/><F68/><W21/><G21/><T54/><D54/><U29/><E23/><RYUUKYOKU ba="1,1" sc="103,15,497,-15,124,-15,266,15" hai0="22,27,64,65,108,110,111,112,113,115" hai3="25,35,44,48,52,63,66,69,80,81,83,96,97" /><INIT seed="7,2,1,4,4,121" ten="118,482,109,281" oya="3" hai0="12,90,84,20,131,36,9,128,72,119,82,49,69" hai1="21,44,6,73,8,39,115,104,75,7,53,113,45" hai2="15,86,51,109,100,61,30,19,133,79,26,125,80" hai3="54,56,3,77,67,37,2,76,22,81,97,46,28"/><W94/><G37/><T83/><D69/><U47/><E104/><V63/><F133/><W57/><G46/><T71/><D71/><U60/><E21/><V78/><F125/><W106/><G106/><T64/><D64/><U55/><E39/><V93/><F109/><W68/><G68/><T110/><D110/><U35/><E35/><V13/><F79/><W31/><G67/><T116/><D20/><U40/><E40/><V87/><F15/><W117/><G117/><T124/><D49/><U27/><E27/><V96/><F87/><W14/><G2/><T70/><D70/><U129/><E129/><N who="0" m="49737" /><D36/><U18/><E18/><V132/><F132/><W32/><G32/><T43/><D43/><U29/><E29/><N who="3" m="11338" /><G3/><T98/><D98/><U52/><E60/><V42/><F30/><W1/><G1/><T38/><D38/><U0/><REACH who="1" step="1"/><E7/><REACH who="1" step="2"/><V102/><F26/><W41/><G41/><T4/><D124/><U85/><E85/><V74/><F63/><N who="3" m="36247" /><G57/><T122/><D122/><U135/><E135/><V58/><F74/><AGARI ba="2,2" hai="0,6,8,44,45,47,52,53,55,73,74,75,113,115" machi="74" ten="50,3200,0" yaku="1,1,54,1,53,0" doraHai="121" doraHaiUra="91" who="1" fromWho="2" sc="118,0,472,58,109,-38,281,0" owari="118,-28,530,63,71,-43,281,8" /></mjloggm>