<mjloggm ver="2.3"><GO type="193"/><UN n0="%E3%81%BC%E3%82%93%EF%BC%93" n1="%E3%82%A6%E3%83%AB%E3%83%88%E3%83%A9%E7%AB%8B%E7%9B%B4" n2="%4D%44%51%58%58%58" n3="%74%65%74%73%75%68%69%6B" dan="11,12,13,13" rate="1530,1777,1749,1689" sx="M,M,M,M"/><TAIKYOKU oya="0"/><INIT seed="0,0,0,4,3,77" ten="250,250,250,250" oya="0" hai0="131,60,130,78,129,35,90,119,91,47,89,50,17" hai1="58,31,120,34,96,21,98,72,7,64,106,105,65" hai2="126,123,103,2,27,87,133,30,54,51,84,57,23" hai3="81,42,18,1,36,13,25,97,55,115,124,39,61" shuffle="mt19937ar,B84EFFC6,28FBA8F9,680219B6,2127FEB0,7F58DD27,69D02E29,B427A959,D2137BDE"/><T113/><D35/><U6/><E21/><V109/><F2/><W111/><G115/><T100/><D60/><U20/><E20/><V53/><F123/><W45/><G1/><T76/><D17/><U74/><E58/><V102/><F126/><W75/><G124/><T8/><D8/><U134/><E34/><V0/><F0/><W67/><G111/><T83/><D50/><U132/><REACH who="1" step="1"/><E31/><REACH who="1" step="2"/><V52/><F133/><W73/><G25/><T16/><D113/><U94/><E94/><V41/><F109/><W48/><G18/><T128/><D47/><U82/><E82/><V59/><F41/><W46/><G13/><T107/><D16/><U116/><E116/><V112/><F112/><W14/><G14/><T29/><D29/><U37/><E37/><V11/><F11/><W40/><G81/><T79/><N who="0" m="33280" /><DORA hai="22" /><T104/><D119/><U95/><E95/><V114/><F114/><W43/><G43/><T92/><D83/><U68/><E68/><V5/><F59/><W26/><G75/><T24/><D24/><U135/><E135/><V80/><F57/><W88/><G73/><T86/><D100/><U10/><E10/><V93/><F80/><W66/><G39/><T101/><D101/><U99/><E99/><N who="2" m="59759" /><F103/><W33/><G33/><T108/><D108/><U62/><E62/><V38/><F38/><W63/><G36/><T118/><D118/><U9/><E9/><V28/><F5/><W70/><G70/><T125/><D125/><U15/><E15/><V121/><F30/><W19/><G42/><T49/><D49/><U12/><E12/><RYUUKYOKU ba="0,1" sc="250,15,240,15,250,-15,250,-15" hai0="76,78,79,86,89,90,91,92,104,107" hai1="6,7,64,65,72,74,96,98,105,106,120,132,134" /><INIT seed="0,1,1,3,1,51" ten="265,255,235,235" oya="0" hai0="123,115,135,37,60,70,93,88,80,107,127,38,78" hai1="17,39,130,3,42,85,108,15,27,117,4,118,97" hai2="114,104,68,116,103,33,36,95,18,43,30,21,64" hai3="113,0,90,102,82,24,87,74,13,105,121,134,119" shuffle="mt19937ar,B2EDB958,C2199966,793FFDED,22D5FCEB,72CF9F9F,BDCEC730,BBC8BF94,B9271B1C"/><T61/><D123/><U94/><E85/><V128/><F114/><W79/><G0/><T6/><D115/><U125/><E42/><V55/><F116/><W12/><G113/><T47/><D107/><U58/><E39/><V46/><F128/><W106/><G121/><T110/><D127/><U109/><E94/><V20/><F104/><W52/><G119/><N who="1" m="45578" /><E97/><V101/><F68/><W7/><G134/><T75/><D135/><U8/><E58/><V54/><F64/><W69/><G69/><T29/><D29/><U124/><E27/><V9/><F9/><W129/><G129/><T83/><D83/><U89/><E89/><V53/><F33/><W34/><G24/><T14/><D110/><N who="1" m="42603" /><E130/><V77/><F77/><W76/><G34/><T57/><D70/><U81/><E81/><V10/><F30/><W71/><G71/><T122/><D122/><U35/><E35/><V131/><F131/><W73/><G7/><T92/><D92/><U72/><E72/><V111/><F111/><W67/><G73/><T49/><D61/><U48/><E48/><N who="2" m="26719" /><F103/><W19/><G74/><T65/><D6/><U84/><E84/><V32/><F32/><W5/><G106/><T1/><D1/><U120/><E120/><V11/><F36/><W91/><G102/><T99/><REACH who="0" step="1"/><D14/><REACH who="0" step="2"/><U126/><E3/><V26/><F20/><W41/><G105/><T50/><D50/><U23/><E4/><V25/><F25/><W66/><G5/><T2/><D2/><U63/><E63/><V22/><F21/><AGARI ba="1,2" hai="8,15,17,21,23,124,125,126" m="42603,45578" machi="21" ten="40,8000,1" yaku="18,1,14,1,34,2" doraHai="51" who="1" fromWho="2" sc="255,0,255,103,235,-83,235,0" /><INIT seed="1,0,0,5,3,134" ten="255,358,152,235" oya="1" hai0="125,69,129,25,6,55,75,12,59,10,38,99,78" hai1="34,19,91,108,64,28,42,36,14,40,109,89,100" hai2="13,49,102,65,124,72,33,67,97,54,95,50,47" hai3="96,85,126,114,132,15,8,41,21,82,112,123,39" shuffle="mt19937ar,FFFD6485,37215325,027547CE,EA93B3D5,703CC659,631C5B75,6C4B86DE,1037F2CD"/><U57/><E28/><V113/><F33/><W98/><G41/><T11/><D69/><U24/><E24/><V86/><F72/><W0/><G39/><T31/><D38/><U17/><E34/><V81/><F113/><N who="3" m="43627" /><G0/><T107/><D107/><U77/><E77/><V115/><F115/><W90/><G21/><T4/><D99/><N who="3" m="37929" /><G15/><T58/><D75/><U23/><E100/><V48/><F50/><W94/><G8/><T88/><D129/><U51/><E36/><V66/><F66/><W71/><G71/><T93/><D78/><U101/><E101/><V16/><F49/><W103/><G132/><T62/><D59/><U43/><E19/><V29/><F29/><W92/><G123/><T128/><D128/><U2/><E2/><V87/><F124/><W35/><G35/><T56/><D56/><U133/><E133/><V22/><F86/><W79/><G103/><T7/><D125/><U110/><REACH who="1" step="1"/><E51/><REACH who="1" step="2"/><V127/><REACH who="2" step="1"/><F127/><REACH who="2" step="2"/><W70/><G126/><T44/><D44/><U52/><E52/><V83/><F83/><N who="3" m="49471" /><G70/><T20/><REACH who="0" step="1"/><D10/><REACH who="0" step="2"/><U131/><E131/><V27/><F27/><W60/><G79/><AGARI ba="0,3" hai="13,16,22,47,48,54,65,67,79,81,87,95,97,102" machi="79" ten="30,7700,0" yaku="1,1,7,1,8,1,54,1,53,0" doraHai="134" doraHaiUra="84" who="2" fromWho="3" sc="245,0,348,0,142,107,235,-77" /><INIT seed="2,0,0,4,2,54" ten="245,348,249,158" oya="2" hai0="117,24,5,87,43,9,113,77,104,31,64,118,112" hai1="103,65,60,11,131,100,83,119,8,44,47,129,13" hai2="56,37,58,132,19,34,46,108,124,0,89,7,70" hai3="84,125,130,57,75,21,45,99,109,18,105,120,52" shuffle="mt19937ar,1D6E967A,B52F1795,2AB7E204,60D1D5DF,FAAEEE0C,28A42950,E9763CD2,2D6EE1ED"/><V2/><F70/><W20/><G120/><T72/><D104/><U81/><E119/><N who="0" m="45577" /><D43/><U69/><E100/><V14/><F34/><W85/><G130/><N who="1" m="49674" /><E103/><V126/><F132/><W32/><G125/><N who="2" m="48233" /><F108/><W48/><G109/><T78/><D64/><U135/><E135/><V94/><F37/><W86/><G32/><N who="0" m="20583" /><D87/><U15/><E15/><V79/><F79/><W122/><G75/><T90/><D90/><U107/><E107/><V53/><F7/><W123/><G105/><T27/><D78/><U74/><E11/><N who="2" m="6623" /><F46/><N who="1" m="17449" /><E74/><V67/><F67/><W40/><G99/><T26/><D77/><U88/><E88/><V33/><F33/><W62/><REACH who="3" step="1"/><G18/><AGARI ba="0,0" hai="8,13,18,60,65,69,81,83" m="17449,49674" machi="18" ten="30,1000,0" yaku="19,1" doraHai="54" who="1" fromWho="3" sc="245,0,348,10,249,0,158,-10" /><INIT seed="3,0,0,2,1,117" ten="245,358,249,148" oya="3" hai0="90,93,112,123,118,49,76,50,22,52,45,54,23" hai1="96,72,102,3,38,89,122,126,98,110,115,59,99" hai2="79,128,80,92,39,127,97,85,77,121,71,43,5" hai3="27,4,103,104,26,16,51,67,100,106,15,56,53" shuffle="mt19937ar,7011484C,5B57B5AD,FBE6C4BC,FB3B1139,8B67309A,B99F5BF7,71417BDC,8F268F04"/><W111/><G111/><T28/><D118/><U129/><E59/><V11/><F71/><W31/><G4/><T133/><D112/><U29/><E29/><V107/><F107/><W113/><G113/><T25/><D133/><U2/><E89/><V30/><F30/><W70/><G106/><T47/><D76/><U124/><E102/><V44/><F127/><W12/><G104/><T81/><D81/><U65/><E65/><V8/><F128/><W21/><G67/><T91/><D123/><U17/><E17/><V134/><F134/><W68/><G68/><T64/><D64/><U10/><E10/><V69/><F69/><W14/><REACH who="3" step="1"/><G70/><REACH who="3" step="2"/><T9/><D9/><U114/><E114/><V73/><F11/><W46/><G46/><T42/><D42/><U60/><E115/><V0/><F79/><W74/><G74/><T36/><D36/><U48/><E72/><V24/><F73/><W108/><G108/><T75/><D75/><U119/><E38/><V131/><F44/><W40/><G40/><T66/><D66/><U87/><E110/><V125/><F43/><W63/><G63/><T58/><D58/><U6/><E60/><V132/><F39/><W37/><G37/><T35/><REACH who="0" step="1"/><D91/><REACH who="0" step="2"/><U41/><E119/><V55/><F132/><W62/><G62/><T84/><AGARI ba="0,2" hai="22,23,25,28,35,45,47,49,50,52,54,84,90,93" machi="84" ten="20,12000,2" yaku="1,1,2,1,0,1,7,1,9,1,54,1,53,1" doraHai="117" doraHaiUra="86" who="0" fromWho="0" sc="235,140,358,-30,249,-30,138,-60" owari="375,37,328,8,219,-13,78,-32" /></mjloggm>