<mjloggm ver="2.3"><GO type="137"/><UN n0="%4B%6F%62%6F" n1="%E3%81%AC%E3%81%BE%E3%81%88%E3%81%B3" n2="%E3%81%AD%E3%81%93%E3%81%9E%E3%81%86" n3="%E3%82%A6%E3%83%AB%E3%83%88%E3%83%A9%E7%AB%8B%E7%9B%B4" dan="11,12,13,15" rate="1626,1689,1889,1980" sx="M,M,M,M"/><TAIKYOKU oya="0"/><INIT seed="0,0,0,1,0,28" ten="250,250,250,250" oya="0" hai0="96,27,91,4,35,104,43,70,97,30,80,72,38" hai1="113,67,39,49,45,2,18,87,42,1,85,10,3" hai2="11,109,134,15,71,123,29,122,125,94,22,36,100" hai3="111,69,93,56,54,47,21,133,23,103,81,24,107"/><T128/><D91/><U19/><E113/><V16/><F36/><W124/><G69/><T88/><D97/><U46/><E67/><V116/><F71/><W7/><G107/><T89/><D89/><U50/><E39/><V57/><F57/><W127/><G47/><N who="0" m="24055" /><D88/><U130/><E130/><V20/><F100/><W102/><G81/><T126/><D128/><U114/><E114/><V68/><F94/><W98/><G102/><N who="0" m="62535" /><D4/><U37/><E37/><V25/><F68/><W53/><G23/><T44/><D44/><U83/><E83/><V9/><F109/><W135/><G111/><T121/><D121/><N who="2" m="46090" /><F116/><W52/><G7/><T108/><D108/><U60/><E60/><V110/><F110/><W79/><G56/><T33/><D70/><U106/><E106/><V13/><F134/><W90/><G90/><T74/><D126/><N who="3" m="48169" /><G79/><N who="0" m="44135" /><D35/><U61/><E61/><V0/><F125/><W77/><G77/><T115/><D115/><U99/><E99/><V12/><F0/><W6/><G6/><T41/><D41/><U26/><E26/><AGARI ba="0,0" hai="9,11,12,13,15,16,20,22,25,26,29" m="46090" machi="26" ten="30,3900,0" yaku="34,2,54,1" doraHai="28" who="2" fromWho="1" sc="250,0,250,-39,250,39,250,0" /><INIT seed="1,0,0,0,5,21" ten="250,211,289,250" oya="1" hai0="77,74,86,100,95,127,48,66,102,106,18,105,115" hai1="93,60,13,109,65,120,62,2,76,125,80,104,47" hai2="99,15,49,121,81,68,56,61,22,37,30,40,117" hai3="54,73,34,0,4,122,67,58,1,44,84,29,129"/><U110/><E120/><V23/><F117/><W118/><G73/><T24/><D66/><U78/><E104/><N who="0" m="40041" /><D48/><U51/><E2/><V39/><F121/><W82/><G122/><T9/><D9/><U69/><E62/><V6/><F37/><W57/><G118/><T98/><D24/><U3/><E3/><V12/><F30/><W50/><G129/><T7/><D18/><U103/><E125/><V92/><F39/><W79/><G4/><T88/><D7/><U134/><E134/><V131/><F68/><W16/><G29/><T19/><D127/><U5/><E103/><N who="0" m="39465" /><D115/><U96/><E96/><V20/><F131/><W111/><G34/><T72/><D19/><U59/><E93/><V91/><F40/><W75/><G1/><T113/><D113/><U45/><E80/><AGARI ba="0,0" hai="72,74,77,80,86,88,95,98" m="39465,40041" machi="80" ten="30,12000,2" yaku="35,5,54,1" doraHai="21" who="0" fromWho="1" sc="250,120,211,-120,289,0,250,0" /><INIT seed="2,0,0,0,1,80" ten="370,91,289,250" oya="2" hai0="45,43,71,108,61,106,24,9,123,51,95,90,69" hai1="55,62,92,58,101,52,122,135,40,47,54,99,66" hai2="74,89,124,91,117,94,5,13,65,2,14,67,56" hai3="119,70,29,100,97,53,49,105,129,121,110,11,134"/><V18/><F117/><W28/><G121/><T68/><D123/><U118/><E122/><V111/><F74/><W50/><G119/><T35/><D108/><U36/><E118/><V12/><F2/><W17/><G70/><T59/><D106/><U46/><E135/><V133/><F133/><W102/><G134/><T63/><D35/><U3/><E3/><V109/><F124/><W64/><G110/><N who="2" m="41993" /><F5/><W57/><G64/><N who="2" m="24649" /><F56/><W16/><G129/><T98/><D24/><U23/><E23/><N who="2" m="11719" /><F91/><W113/><G113/><T103/><D9/><U75/><E75/><V86/><AGARI ba="0,0" hai="13,14,86,89,94" m="11719,24649,41993" machi="86" ten="30,6000,0" yaku="14,1,10,1,52,1" doraHai="80" who="2" fromWho="2" sc="370,-20,91,-20,289,60,250,-20" /><INIT seed="2,1,0,2,0,61" ten="350,71,349,230" oya="2" hai0="69,119,91,125,114,14,11,44,93,109,116,57,105" hai1="62,94,47,13,122,58,37,118,128,84,110,123,21" hai2="0,18,24,76,115,100,112,32,6,67,33,23,63" hai3="64,5,9,15,80,73,40,106,55,20,34,124,70"/><V8/><F76/><W7/><G124/><T90/><D57/><U52/><E118/><N who="0" m="45097" /><D69/><U121/><E94/><V4/><F100/><W45/><G34/><N who="2" m="13417" /><F67/><W104/><G7/><N who="2" m="2601" /><F63/><W77/><G20/><T72/><D44/><U103/><E103/><V54/><F54/><W96/><G55/><T66/><D66/><N who="1" m="39255" /><E84/><V36/><F36/><W79/><G79/><T87/><D114/><N who="2" m="43562" /><F0/><W27/><G96/><N who="0" m="57399" /><D105/><U71/><E71/><V86/><F86/><W53/><G53/><T25/><D125/><U120/><N who="1" m="31232" /><DORA hai="46" /><U85/><E85/><V31/><F8/><W133/><G106/><T35/><D11/><U43/><E13/><V65/><F65/><W30/><G104/><T3/><D14/><U130/><E21/><V28/><AGARI ba="1,0" hai="18,23,24,28,31" m="43562,2601,13417" machi="28" ten="40,3900,0" yaku="34,2" doraHai="61,46" who="2" fromWho="2" sc="350,-14,71,-14,349,42,230,-14" /><INIT seed="2,2,0,0,5,91" ten="336,57,391,216" oya="2" hai0="96,102,122,107,57,65,40,28,80,90,101,124,125" hai1="83,74,98,9,34,134,24,76,117,88,22,41,17" hai2="86,52,64,18,32,49,25,113,44,114,21,100,116" hai3="7,51,6,61,29,115,131,39,110,54,42,94,15"/><V89/><F116/><W59/><G115/><T123/><D57/><U68/><E117/><V120/><F120/><N who="0" m="46122" /><D40/><U36/><E68/><V103/><F113/><W119/><G119/><T4/><D65/><U132/><E134/><V45/><BYE who="1" /><F114/><W70/><G131/><T33/><D28/><U47/><E47/><V11/><F64/><N who="3" m="41231" /><G29/><T108/><D33/><U37/><E37/><V12/><F32/><W118/><G118/><T133/><D4/><U105/><E105/><V55/><F55/><W81/><G81/><T23/><D23/><U30/><E30/><V1/><F1/><W60/><G15/><T14/><D14/><U58/><E58/><V95/><REACH who="2" step="1"/><F44/><REACH who="2" step="2"/><N who="3" m="23647" /><G6/><AGARI ba="2,1" hai="6,11,12,18,21,25,45,49,52,86,89,95,100,103" machi="6" ten="30,12000,1" yaku="1,1,7,1,8,1,52,1,54,1,53,0" doraHai="91" doraHaiUra="109" who="2" fromWho="3" sc="336,0,57,0,381,136,216,-126" /><INIT seed="2,3,0,3,1,14" ten="336,57,517,90" oya="2" hai0="94,70,82,13,103,8,134,68,48,128,99,105,45" hai1="121,52,123,28,33,85,86,95,129,18,4,49,83" hai2="12,63,73,69,25,130,104,91,74,76,42,81,112" hai3="40,122,124,88,96,115,111,66,7,51,75,109,35"/><V108/><F112/><W6/><G75/><T2/><D134/><U30/><E30/><V113/><F113/><W55/><G35/><T22/><D128/><U60/><E60/><V9/><F104/><W107/><G115/><T16/><D2/><U0/><E0/><V102/><F130/><W65/><G122/><T106/><D22/><U56/><E56/><V125/><F102/><W36/><G40/><T64/><D64/><N who="3" m="24681" /><G36/><T89/><D105/><U15/><E15/><V21/><F69/><W87/><G124/><T23/><D23/><U67/><E67/><V47/><F63/><W24/><G24/><T3/><D3/><U84/><E84/><V20/><F125/><W38/><G38/><T72/><D72/><U29/><E29/><V133/><F73/><W79/><G79/><T32/><D32/><U114/><E114/><V17/><F133/><W61/><G96/><T120/><D120/><U27/><E27/><V44/><F108/><N who="3" m="41547" /><G61/><T53/><REACH who="0" step="1"/><D106/><REACH who="0" step="2"/><U31/><E31/><V92/><F21/><W80/><G107/><T62/><D62/><U50/><E50/><V11/><F11/><W41/><G41/><T57/><D57/><AGARI ba="3,1" hai="6,7,51,55,57,80,87,88" m="41547,24681" machi="57" ten="30,2000,0" yaku="14,1,54,1" doraHai="14" who="3" fromWho="0" sc="326,-29,57,0,517,0,90,39" /><INIT seed="3,0,0,2,2,129" ten="297,57,517,129" oya="3" hai0="42,30,82,66,72,134,53,6,78,117,19,55,105" hai1="100,127,4,97,110,67,23,29,135,90,62,114,52" hai2="116,27,131,106,51,34,58,32,124,115,63,44,133" hai3="128,35,102,73,48,68,0,94,45,121,89,14,123"/><W28/><G0/><T38/><D117/><U8/><E8/><V120/><F116/><W64/><G73/><T118/><D30/><U125/><E125/><V20/><F120/><W22/><G128/><T13/><D19/><U9/><E9/><V93/><F115/><W98/><G35/><T96/><D13/><U61/><E61/><V21/><F106/><W87/><G68/><T130/><D66/><U107/><E107/><V85/><F124/><W79/><G64/><T92/><D118/><U41/><E41/><V11/><F131/><W77/><G123/><T5/><D130/><U39/><E39/><V95/><F133/><W84/><G121/><T74/><D6/><U26/><E26/><V122/><F122/><W50/><G87/><T70/><D70/><U91/><E91/><N who="2" m="53487" /><F95/><W10/><G28/><T86/><D5/><U80/><E80/><V43/><F34/><W37/><G22/><T65/><D65/><U24/><E24/><V101/><F32/><W60/><G60/><T71/><D71/><U99/><E99/><V112/><F27/><W81/><G37/><T46/><D74/><U88/><E88/><V3/><F3/><W12/><G12/><T1/><D1/><U75/><E75/><V83/><F112/><W59/><G59/><T17/><D17/><U113/><E113/><V54/><F101/><W126/><G126/><T16/><D16/><U132/><E132/><V36/><F36/><W33/><G33/><T69/><D69/><U119/><E119/><V47/><F11/><W49/><G45/><T31/><D134/><U76/><E76/><RYUUKYOKU ba="0,0" sc="297,-10,57,-10,517,-10,129,30" hai3="10,14,48,49,50,77,79,81,84,89,94,98,102" /><INIT seed="3,1,0,3,3,3" ten="287,47,507,159" oya="3" hai0="120,61,90,63,39,115,108,73,51,107,89,106,97" hai1="2,16,5,14,0,83,101,104,1,93,10,36,72" hai2="103,6,57,66,68,37,29,58,32,95,60,46,53" hai3="109,35,135,21,78,47,52,110,4,70,67,33,87"/><W22/><G67/><T112/><D51/><U116/><E116/><V45/><F32/><N who="3" m="12363" /><G70/><T91/><D73/><U71/><E71/><V128/><F29/><W127/><G87/><T80/><D80/><U30/><E30/><V132/><F95/><W76/><G127/><T40/><D97/><U113/><E113/><N who="0" m="43593" /><D40/><U27/><E27/><V13/><F103/><W85/><G85/><T12/><D12/><U86/><E86/><V96/><F96/><W56/><G47/><T26/><D26/><U131/><E131/><V44/><F128/><W119/><G119/><T50/><D50/><U54/><E54/><V75/><F75/><W111/><G135/><T31/><D31/><U49/><E49/><N who="2" m="30895" /><F13/><W28/><G4/><T74/><D74/><U42/><E42/><N who="2" m="22607" /><F6/><W98/><G98/><T23/><D23/><N who="3" m="8713" /><G28/><T7/><D7/><U129/><E129/><V121/><F121/><W102/><G102/><T24/><D24/><U25/><E25/><V100/><F100/><W8/><G8/><T122/><D39/><U77/><E77/><V69/><F132/><W17/><G17/><T38/><D38/><U15/><E15/><V65/><F69/><W123/><G123/><N who="0" m="47147" /><D108/><N who="3" m="27649" /><W125/><DORA hai="118" /><G125/><T105/><AGARI ba="1,0" hai="61,63,89,90,91,105,106,107" m="47147,43593" machi="105" ten="50,12000,2" yaku="28,2,11,1,52,3" doraHai="3,118" who="0" fromWho="0" sc="287,123,47,-31,507,-31,159,-61" /><INIT seed="4,0,0,3,1,113" ten="410,16,476,98" oya="0" hai0="48,55,65,1,124,16,38,42,79,87,18,130,121" hai1="93,110,106,125,133,19,84,72,81,40,94,89,41" hai2="122,135,31,29,98,82,66,7,22,116,21,111,100" hai3="83,107,60,104,63,0,28,11,9,52,75,8,67"/><T25/><D121/><U90/><E90/><V43/><F111/><W49/><G0/><T85/><D130/><U32/><E32/><V123/><F135/><W101/><G28/><T39/><D124/><U128/><E128/><V17/><F116/><W91/><G101/><T13/><D1/><U108/><E108/><V15/><F123/><W70/><G63/><T131/><D131/><U4/><E4/><V20/><F122/><W46/><REACH who="3" step="1"/><G91/><REACH who="3" step="2"/><T47/><D39/><U105/><E105/><V118/><F118/><W26/><G26/><T127/><D79/><AGARI ba="0,1" hai="8,9,11,46,49,52,60,67,70,75,79,83,104,107" machi="79" ten="40,5200,0" yaku="1,1,54,1,53,1" doraHai="113" doraHaiUra="58" who="3" fromWho="0" sc="410,-52,16,0,476,0,88,62" /><INIT seed="5,0,0,0,0,34" ten="358,16,476,150" oya="1" hai0="75,101,113,41,112,95,128,135,120,127,18,6,20" hai1="111,16,30,100,13,96,3,97,33,63,123,86,81" hai2="93,1,71,70,124,99,12,43,89,82,42,68,37" hai3="59,102,98,131,106,51,132,40,87,24,76,8,50"/><U36/><E36/><V104/><F124/><W130/><G132/><T0/><D101/><U79/><E79/><V25/><F25/><W114/><G114/><T32/><D95/><U15/><E15/><V90/><F104/><W69/><G69/><T64/><D41/><U65/><E65/><V103/><F1/><W73/><G73/><T67/><D18/><U122/><E122/><V84/><F37/><W2/><G24/><T66/><D20/><U47/><E47/><V14/><REACH who="2" step="1"/><F89/><REACH who="2" step="2"/><W23/><G2/><T134/><D134/><U116/><E116/><V107/><F107/><W108/><G106/><T92/><D135/><U44/><E44/><V85/><F85/><W133/><G87/><T49/><D0/><U35/><E35/><V55/><F55/><W45/><G133/><T27/><D32/><U31/><E31/><V117/><F117/><W115/><G40/><AGARI ba="0,1" hai="12,14,40,42,43,68,70,71,82,84,90,93,99,103" machi="40" ten="40,1300,0" yaku="1,1,53,0" doraHai="34" doraHaiUra="28" who="2" fromWho="3" sc="358,0,16,0,466,23,150,-13" /><INIT seed="6,0,0,0,1,92" ten="358,16,489,137" oya="2" hai0="121,1,50,27,98,21,36,99,114,44,79,132,58" hai1="135,26,53,82,60,61,51,108,112,134,20,45,95" hai2="30,78,28,66,11,29,0,75,133,62,120,110,126" hai3="90,14,65,31,13,77,76,6,17,67,91,22,129"/><V64/><F120/><W15/><G129/><T88/><D121/><U40/><E40/><V102/><F110/><W131/><G31/><T93/><D132/><U113/><E113/><V59/><F133/><W24/><G6/><T97/><D114/><U87/><E87/><V55/><F126/><W85/><G131/><T127/><D1/><U89/><E89/><V118/><F118/><W81/><REACH who="3" step="1"/><G91/><REACH who="3" step="2"/><T3/><D79/><AGARI ba="0,1" hai="13,14,15,17,22,24,65,67,76,77,79,81,85,90" machi="79" ten="40,8000,1" yaku="1,1,2,1,8,1,53,1" doraHai="92" doraHaiUra="84" who="3" fromWho="0" sc="358,-80,16,0,489,0,127,90" /><INIT seed="7,0,0,2,2,106" ten="278,16,489,217" oya="3" hai0="19,29,26,74,99,112,3,46,6,1,126,36,131" hai1="113,107,21,40,53,133,34,42,7,23,5,65,120" hai2="2,119,115,92,102,62,56,103,15,89,86,44,100" hai3="41,76,63,67,57,83,71,135,11,13,123,125,60"/><W111/><G123/><T31/><D19/><U33/><E33/><V37/><F119/><W28/><G111/><T109/><D29/><U129/><E129/><V49/><F115/><W72/><G125/><T91/><D91/><U51/><E51/><V38/><F2/><W50/><G135/><T43/><D112/><U20/><E20/><V25/><F25/><W108/><G108/><T90/><D109/><U17/><E17/><V58/><F15/><W10/><G28/><T30/><D90/><U130/><E130/><V78/><F78/><W4/><G11/><T88/><D88/><U16/><E16/><V12/><F12/><W32/><G32/><T132/><D131/><U61/><E61/><V122/><F122/><W77/><G77/><T66/><D66/><U24/><E24/><V128/><F128/><W85/><G63/><T118/><D118/><U70/><E70/><V27/><F27/><W81/><G81/><T45/><D31/><U82/><E82/><V0/><F0/><W9/><G9/><T134/><D126/><U98/><E98/><V87/><F87/><W14/><G14/><T117/><D99/><U104/><E104/><V47/><F37/><W79/><G79/><T54/><D117/><U95/><E95/><V55/><F38/><W18/><G18/><T8/><D30/><U105/><E105/><V94/><F94/><W39/><G39/><T97/><D26/><U52/><E52/><AGARI ba="0,0" hai="44,47,49,52,55,56,58,62,86,89,92,100,102,103" machi="52" ten="40,2600,0" yaku="8,1,54,1" doraHai="106" who="2" fromWho="1" sc="278,0,16,-26,489,26,217,0" owari="278,8,-10,-51,515,61,217,-18" /></mjloggm>