<mjloggm ver="2.3"><GO type="41"/><UN n0="%E3%82%A6%E3%83%AB%E3%83%88%E3%83%A9%E7%AB%8B%E7%9B%B4" n1="%E5%86%A5%E7%95%8C%E3%81%AE%E9%AD%94%E7%8E%8B" n2="%E3%82%B2%E3%83%BC%E3%83%86" n3="%E3%83%A9%E3%82%B9%E3%83%A9%E3%82%B9%33%E3%83%81%E3%83%A3" dan="13,15,17,13" rate="1854,1976,2051,1850" sx="M,M,M,M"/><TAIKYOKU oya="0"/><INIT seed="0,0,0,1,5,133" ten="250,250,250,250" oya="0" hai0="48,100,132,109,73,110,78,47,21,20,125,63,70" hai1="10,116,77,93,45,87,18,81,86,118,83,13,12" hai2="49,123,92,59,127,34,30,80,44,90,98,102,29" hai3="107,52,54,6,62,104,41,111,3,60,114,51,38" shuffle="mt19937ar,936079D1,DDF4D44F,DCA61ED4,8FD248F9,2A88DE50,E01C86B1,9680483B,618BF4C2"/><T85/><D73/><U22/><E93/><V135/><F123/><W14/><G3/><T56/><D70/><U84/><E45/><V4/><F135/><W120/><G114/><T101/><D132/><U88/><REACH who="1" step="1"/><E84/><REACH who="1" step="2"/><V24/><F92/><W32/><G120/><T134/><D134/><U15/><E15/><V5/><F44/><W99/><G14/><T43/><D100/><U126/><E126/><V75/><F127/><W58/><G107/><T36/><D101/><U28/><E28/><V130/><F30/><W8/><G104/><T1/><D125/><U33/><E33/><V76/><F102/><W82/><G32/><T68/><D1/><U115/><E115/><V2/><F2/><W25/><G111/><N who="0" m="42507" /><D36/><U122/><E122/><V105/><F105/><W113/><G38/><T69/><D21/><U96/><E96/><V121/><F98/><W17/><G113/><T112/><D112/><U91/><E91/><V53/><F90/><W16/><G99/><T72/><D20/><U19/><AGARI ba="0,1" hai="10,12,13,18,19,22,77,81,83,86,87,88,116,118" machi="19" ten="20,5200,0" yaku="1,1,0,1,7,1,54,1,53,0" doraHai="133" doraHaiUra="23" who="1" fromWho="1" sc="250,-26,240,62,250,-13,250,-13" /><INIT seed="1,0,0,5,4,128" ten="224,302,237,237" oya="1" hai0="37,60,52,43,19,22,95,89,108,3,126,111,65" hai1="116,70,79,124,34,57,0,16,32,25,80,72,47" hai2="14,24,17,15,66,56,135,94,20,86,59,103,101" hai3="28,84,104,35,74,114,18,90,91,82,58,77,11" shuffle="mt19937ar,70B8135F,9835D641,12AC7044,DCC8B1FD,D5AF03A0,687059F5,55B9DF43,C67B7AA1"/><U39/><E70/><V40/><F40/><W93/><G104/><T132/><D3/><U26/><E116/><V96/><F135/><W10/><G114/><T67/><D43/><U97/><E0/><V107/><F107/><W119/><G119/><T4/><D37/><U69/><E69/><V1/><F1/><W88/><G58/><N who="0" m="34887" /><D4/><U127/><E26/><V33/><F33/><W42/><G42/><T53/><D53/><U2/><E2/><V73/><F73/><W71/><G71/><T49/><D49/><U29/><E39/><V75/><F75/><W23/><G35/><T27/><D126/><N who="1" m="48171" /><E47/><V36/><F36/><W38/><G38/><T110/><D132/><U41/><E41/><V76/><F103/><W48/><G48/><T131/><D131/><U61/><E97/><AGARI ba="0,0" hai="19,22,27,65,67,89,95,97,108,110,111" m="34887" machi="97" ten="30,3900,0" yaku="25,1,14,1,54,1" doraHai="128" who="0" fromWho="1" sc="224,39,302,-39,237,0,237,0" /><INIT seed="2,0,0,2,5,3" ten="263,263,237,237" oya="2" hai0="72,108,81,45,89,99,127,15,132,84,5,117,74" hai1="0,95,86,69,77,39,116,61,1,17,27,82,96" hai2="76,42,92,106,43,64,120,78,71,53,67,46,100" hai3="90,24,28,98,91,112,114,36,35,111,75,13,118" shuffle="mt19937ar,EEDD4C12,FD827B63,77E36E10,14025713,D767DCEF,9ECC812D,B2079F4E,CFBAFD31"/><V70/><F120/><W94/><G118/><T30/><D30/><U97/><E116/><V50/><F106/><W52/><G75/><T68/><D68/><N who="2" m="26154" /><F92/><W57/><G36/><T105/><D117/><U119/><E39/><V102/><F100/><W38/><G38/><T131/><D45/><U19/><E119/><V4/><F102/><W113/><G111/><T49/><D49/><U123/><E123/><V83/><F83/><W133/><G133/><T79/><D15/><U21/><E97/><V59/><F4/><W48/><REACH who="3" step="1"/><G13/><REACH who="3" step="2"/><T66/><D74/><U107/><E0/><V8/><F43/><W126/><G126/><T58/><D127/><U110/><E1/><V31/><F42/><W47/><G47/><T62/><D108/><U7/><E110/><V29/><F46/><W109/><G109/><T134/><D132/><U34/><E34/><V6/><F67/><W80/><G80/><T65/><D134/><U63/><E69/><V55/><F64/><W93/><G93/><N who="0" m="54439" /><D66/><U18/><E107/><V60/><F55/><W54/><G54/><T73/><D73/><U128/><E128/><V37/><F37/><W56/><G56/><T33/><D131/><U130/><E130/><V121/><F121/><W16/><G16/><N who="1" m="6250" /><E7/><V32/><F6/><W12/><G12/><T129/><D5/><U44/><E44/><V11/><F59/><W135/><G135/><T85/><D129/><U87/><E87/><V25/><F31/><W51/><G51/><T40/><D85/><U2/><E2/><V125/><F125/><W101/><AGARI ba="0,1" hai="24,28,35,48,52,57,90,91,94,98,101,112,113,114" machi="101" ten="30,8000,1" yaku="1,1,0,1,11,1,54,1,53,1" doraHai="3" doraHaiUra="23" who="3" fromWho="3" sc="263,-20,263,-20,237,-40,227,90" /><INIT seed="3,0,0,0,3,127" ten="243,243,197,317" oya="3" hai0="114,72,32,106,84,116,100,90,131,2,56,76,11" hai1="66,23,30,33,132,121,115,75,133,6,60,87,92" hai2="88,21,34,28,110,17,74,61,16,5,99,107,123" hai3="39,120,20,67,65,22,128,78,101,38,96,81,36" shuffle="mt19937ar,EEC0FBF6,F68F9172,CB2F7AD9,21C40A9F,5477C97D,93A3DFD5,0C175D68,60862C55"/><W46/><G120/><T113/><D32/><U130/><E75/><V83/><F110/><W77/><G128/><T40/><D40/><U13/><E121/><V9/><F123/><W108/><G108/><T37/><D37/><U64/><E115/><N who="0" m="44041" /><D56/><U118/><E33/><V31/><F74/><W80/><G46/><T97/><D11/><U27/><E118/><V0/><F61/><W57/><G57/><T15/><D15/><U105/><E105/><V69/><F69/><W103/><G39/><T122/><D2/><U54/><E130/><V95/><F107/><W59/><G59/><T29/><D29/><U135/><E54/><V58/><F58/><W3/><REACH who="3" step="1"/><G96/><REACH who="3" step="2"/><T10/><D122/><U109/><E109/><V63/><F99/><W42/><G42/><T71/><D71/><U112/><E112/><V124/><F124/><W91/><G91/><T12/><D131/><U134/><E134/><V8/><F88/><W49/><G49/><T19/><D116/><U45/><E45/><V129/><F129/><W55/><G55/><T85/><D90/><N who="1" m="53343" /><E60/><V24/><F63/><W79/><G79/><T1/><D1/><AGARI ba="0,1" hai="1,3,20,22,36,38,65,67,77,78,80,81,101,103" machi="1" ten="25,4800,0" yaku="1,1,22,2,53,0" doraHai="127" doraHaiUra="7" who="3" fromWho="0" sc="243,-48,243,0,197,0,307,58" /><INIT seed="3,1,0,1,4,53" ten="195,243,197,365" oya="3" hai0="56,103,54,108,94,60,47,110,10,32,119,135,111" hai1="80,24,78,57,18,2,132,91,14,6,134,71,106" hai2="44,131,51,15,13,59,72,49,63,28,5,9,66" hai3="62,58,30,4,126,112,39,86,42,52,40,81,113" shuffle="mt19937ar,0EE70364,416C521E,8D3C187C,BAD5D3F0,95209291,3F3EB07C,7EDA92F2,CC9605C1"/><W25/><G126/><T12/><D32/><U45/><E71/><V67/><F72/><W26/><G4/><T89/><D119/><U115/><E106/><V29/><F131/><W75/><G75/><T122/><D122/><U43/><E115/><V98/><F67/><W129/><G129/><T101/><D47/><U127/><E127/><V124/><F124/><W84/><G26/><T21/><D21/><U27/><E2/><V107/><F51/><W105/><G105/><T88/><D135/><N who="1" m="51755" /><E6/><V123/><F123/><W61/><G61/><T100/><D94/><U0/><E0/><V17/><F98/><W117/><G117/><T102/><N who="0" m="26112" /><DORA hai="50" /><T104/><D104/><U20/><E91/><V74/><F74/><W16/><G16/><AGARI ba="1,0" hai="10,12,16,54,56,60,88,89,108,110,111" m="26112" machi="16" ten="60,8000,1" yaku="14,1,52,2,54,2" doraHai="53,50" who="0" fromWho="3" sc="195,83,243,0,197,0,365,-83" /><INIT seed="4,0,0,5,2,78" ten="278,243,197,282" oya="0" hai0="44,5,8,43,115,96,80,110,19,76,50,99,117" hai1="56,60,75,70,21,124,100,65,49,37,82,119,12" hai2="26,4,92,90,24,83,62,101,88,53,74,41,111" hai3="130,67,47,133,33,10,20,107,42,0,94,72,89" shuffle="mt19937ar,D3909A40,FB4BE60B,9C4D0D63,0A5E3F13,4818F193,8571F478,5C3723EE,3E418466"/><T86/><D117/><U134/><E119/><V135/><F111/><W103/><G33/><T73/><D110/><U91/><E134/><V132/><F41/><W109/><G109/><T63/><D115/><U38/><E100/><V66/><F4/><W77/><G133/><N who="2" m="51273" /><F53/><W93/><G107/><T81/><D19/><U55/><E124/><V23/><F101/><W7/><G103/><T108/><D63/><U120/><E120/><V69/><F92/><W2/><G2/><T28/><D28/><U27/><E12/><V127/><F127/><W14/><G130/><T9/><D108/><U32/><E32/><V112/><F112/><W29/><G67/><T122/><D122/><U39/><E91/><N who="2" m="34859" /><F23/><W36/><G89/><T118/><D118/><U97/><E97/><N who="0" m="37449" /><D73/><U68/><E68/><V104/><F104/><W16/><REACH who="3" step="1"/><G29/><REACH who="3" step="2"/><T85/><D5/><U121/><E121/><V125/><F125/><W30/><G30/><T35/><D35/><U98/><E98/><V25/><F74/><W87/><G87/><N who="0" m="33291" /><D76/><U17/><REACH who="1" step="1"/><E37/><REACH who="1" step="2"/><V116/><F116/><W59/><G59/><T6/><D6/><U15/><E15/><V54/><F54/><W61/><G61/><T84/><D84/><U128/><E128/><V106/><F106/><W114/><G114/><T71/><D71/><U126/><E126/><V52/><F52/><W64/><G64/><T48/><D48/><U34/><E34/><V31/><F31/><W95/><G95/><T123/><D123/><U113/><E113/><V1/><F1/><W51/><G51/><T11/><AGARI ba="0,2" hai="8,9,11,43,44,50,80,81" m="33291,37449" machi="11" ten="30,6000,0" yaku="8,1,52,2" doraHai="78" who="0" fromWho="0" sc="278,80,233,-20,197,-20,272,-20" /><INIT seed="4,1,0,2,0,95" ten="358,213,177,252" oya="0" hai0="108,53,73,29,120,23,65,102,66,32,110,20,16" hai1="33,83,50,21,114,41,78,125,43,90,30,27,89" hai2="57,8,24,129,11,107,79,22,77,46,34,40,123" hai3="7,93,31,115,104,49,72,92,71,103,59,96,84" shuffle="mt19937ar,5A21B5CB,7CDC53B5,F69C5174,F6CFE130,F38153FC,30B55145,3DB2248E,99D24A87"/><T42/><D73/><U47/><E125/><V91/><F107/><W19/><G71/><T4/><D4/><U18/><E114/><V122/><F34/><W69/><G69/><T64/><D42/><U1/><E1/><V60/><F129/><W62/><G72/><T6/><D6/><U36/><E36/><V124/><F124/><W126/><G126/><T2/><D2/><U15/><E43/><V45/><F123/><W116/><G116/><T74/><D74/><AGARI ba="1,0" hai="15,18,21,27,30,33,41,47,50,74,78,83,89,90" machi="74" ten="30,1000,0" yaku="7,1" doraHai="95" who="1" fromWho="0" sc="358,-13,213,13,177,0,252,0" /><INIT seed="5,0,0,5,0,130" ten="345,226,177,252" oya="1" hai0="23,37,87,109,86,57,11,133,54,135,96,41,134" hai1="16,13,79,34,39,129,58,70,132,15,64,94,117" hai2="112,100,52,101,19,118,110,29,84,66,0,81,12" hai3="107,120,26,73,128,30,127,78,90,102,3,53,83" shuffle="mt19937ar,E774CD27,8CBA4B65,ED4BD5A3,6847F050,7014D3DB,38E11A3E,6D222822,F46FFDBB"/><U18/><E39/><V9/><F110/><W77/><G120/><T68/><D68/><U28/><E117/><V125/><F125/><W85/><G3/><T62/><D109/><U119/><E70/><V116/><F0/><W42/><G127/><T45/><D11/><U60/><E119/><V46/><F118/><W97/><G128/><T48/><D96/><U10/><E129/><V95/><F116/><W36/><G53/><T55/><D23/><U75/><E132/><V40/><F112/><W106/><G106/><T93/><D93/><U47/><E47/><AGARI ba="0,0" hai="37,41,45,47,48,54,55,57,62,86,87,133,134,135" machi="47" ten="40,8000,1" yaku="20,1,52,3" doraHai="130" who="0" fromWho="1" sc="345,80,226,-80,177,0,252,0" /><INIT seed="6,0,0,4,1,65" ten="425,146,177,252" oya="2" hai0="98,61,85,133,0,75,37,7,128,123,54,113,115" hai1="45,40,130,74,86,39,3,71,127,34,109,82,93" hai2="35,80,83,129,84,6,78,88,24,66,104,62,91" hai3="67,60,51,121,87,81,100,119,19,1,124,53,72" shuffle="mt19937ar,88D38A82,BFA14773,2EB916A8,59A6FEB0,BA8FF93D,937B8DAF,5788DBD5,FD07352B"/><V92/><F129/><W52/><G119/><T50/><D61/><U28/><E93/><V112/><F112/><W10/><G121/><T89/><D98/><U57/><E86/><V95/><F104/><W134/><G72/><T126/><D7/><U11/><E57/><V14/><F35/><W5/><G134/><T44/><D89/><U73/><E109/><V42/><F42/><W90/><G124/><T69/><D85/><U47/><E47/><V106/><F106/><W105/><G19/><T38/><D50/><U135/><E135/><V25/><F14/><W13/><G1/><T58/><D58/><U131/><E127/><V111/><F6/><W12/><G12/><T2/><D54/><U122/><E122/><V48/><F48/><W132/><G132/><T118/><D44/><U15/><E15/><V23/><F111/><W21/><G21/><T20/><D20/><U9/><E9/><V108/><F108/><W33/><G33/><T26/><D26/><N who="2" m="10346" /><F23/><W41/><G41/><T55/><D55/><U79/><E28/><V18/><F18/><W49/><G49/><T27/><D27/><U103/><E103/><V117/><F117/><W101/><G105/><T17/><D17/><U16/><E16/><V30/><F30/><W102/><REACH who="3" step="1"/><G51/><REACH who="3" step="2"/><T110/><D2/><U22/><E22/><V31/><F31/><W97/><G97/><T56/><D115/><U68/><E34/><V76/><F84/><W114/><G114/><T59/><D113/><U77/><E73/><V70/><F78/><W63/><G63/><T32/><D75/><U8/><E77/><RYUUKYOKU ba="0,1" sc="425,-10,146,-10,177,-10,242,30" hai3="5,10,13,52,53,60,67,81,87,90,100,101,102" /><INIT seed="7,1,1,4,4,82" ten="415,136,167,272" oya="3" hai0="95,42,12,119,36,20,128,108,98,24,47,4,27" hai1="66,110,17,70,67,46,64,123,72,120,59,16,117" hai2="114,53,106,61,62,118,18,73,100,130,35,132,125" hai3="3,19,135,77,10,48,87,126,38,105,79,8,41" shuffle="mt19937ar,BFB4E38B,905CD6DC,8FDE70EC,41D4F24B,EF5F9ABD,5DC78BCC,49C32913,96A49EBE"/><W28/><G105/><T101/><D119/><U15/><E72/><V91/><F35/><W84/><G38/><T43/><D108/><U65/><E110/><V116/><F73/><W58/><G135/><T74/><D74/><U13/><E117/><V81/><F132/><W45/><G126/><T0/><D0/><U60/><E46/><V22/><F125/><W93/><G3/><T86/><D128/><U133/><E133/><V129/><F100/><W68/><G68/><T109/><D109/><U9/><REACH who="1" step="1"/><E70/><REACH who="1" step="2"/><V69/><F69/><W121/><G121/><T31/><D47/><U94/><E94/><V5/><F106/><W102/><G93/><T37/><D37/><U34/><E34/><V97/><F114/><W49/><G45/><T33/><D33/><U50/><E50/><V92/><F81/><W30/><G49/><T52/><D36/><U25/><E25/><N who="2" m="14551" /><F118/><W88/><G48/><T40/><D24/><U6/><E6/><V57/><F116/><W90/><G58/><T14/><D4/><U104/><E104/><V51/><F5/><W56/><G56/><T29/><D29/><U112/><E112/><V113/><F113/><W54/><G30/><T75/><D75/><U76/><E76/><V96/><F96/><W99/><G28/><T122/><D122/><U63/><E63/><N who="2" m="24075" /><F130/><W85/><G99/><T124/><D124/><U44/><E44/><N who="2" m="27879" /><F129/><W103/><G79/><T131/><D131/><U134/><E134/><V7/><F7/><W89/><G77/><T39/><D39/><U32/><E32/><V115/><F115/><W83/><G83/><RYUUKYOKU ba="1,2" sc="415,-15,126,15,167,15,272,-15" hai1="9,13,15,16,17,59,60,64,65,66,67,120,123" hai2="57,91,92,97" owari="420,52,141,-36,182,-22,257,6" /></mjloggm>