<mjloggm ver="2.3"><GO type="97"/><UN n0="%E3%82%A6%E3%83%AB%E3%83%88%E3%83%A9%E7%AB%8B%E7%9B%B4" n1="%E5%9C%B0%E7%8D%84%E3%83%A2%E3%83%BC%E3%83%89%E4%B8%AD" n2="%E9%87%91%E3%81%AE%E7%B3%B8%E9%8A%80%E3%81%AE%E7%B3%B8" n3="%61%6B%6B%31" dan="13,15,14,13" rate="1821,1976,1898,1855" sx="M,F,M,M"/><TAIKYOKU oya="0"/><INIT seed="0,0,0,2,3,100" ten="250,250,250,250" oya="0" hai0="65,114,9,108,107,54,63,132,83,32,38,1,6" hai1="12,129,18,61,30,104,91,115,20,44,43,72,126" hai2="131,15,87,62,97,118,55,53,128,88,84,28,7" hai3="122,69,26,127,19,41,49,82,125,76,52,124,75"/><T110/><D54/><U56/><E72/><V24/><F118/><W21/><G69/><N who="0" m="42175" /><D83/><U16/><E129/><N who="2" m="49739" /><F97/><W2/><G2/><T39/><D114/><U25/><E115/><V11/><F84/><W40/><REACH who="3" step="1"/><G122/><REACH who="3" step="2"/><T8/><D8/><U35/><E126/><V103/><F62/><W47/><AGARI ba="0,1" hai="19,21,26,40,41,47,49,52,75,76,82,124,125,127" machi="47" ten="30,8000,1" yaku="1,1,2,1,0,1,18,1,54,1,53,0" doraHai="100" doraHaiUra="89" who="3" fromWho="3" sc="250,-40,250,-20,250,-20,240,90" /><INIT seed="1,0,0,2,3,134" ten="210,230,230,330" oya="1" hai0="121,105,127,82,92,120,39,52,64,93,98,88,12" hai1="53,106,70,23,63,76,61,112,135,104,81,37,28" hai2="57,110,71,101,96,46,86,15,129,111,103,0,115" hai3="54,11,22,85,83,131,77,18,55,47,40,90,128"/><U7/><E112/><V10/><F0/><W109/><G109/><N who="2" m="41481" /><F71/><W59/><G11/><T16/><D39/><U8/><E37/><V84/><F46/><W133/><G133/><T65/><D127/><U6/><E135/><V33/><F33/><W25/><G77/><T24/><D24/><U102/><E63/><V130/><F57/><W74/><G74/><T107/><D82/><U78/><E7/><V3/><F3/><W113/><G113/><T45/><D93/><U1/><E102/><N who="2" m="38923" /><F115/><W20/><G22/><N who="0" m="11527" /><D64/><U9/><E9/><V118/><F96/><W126/><G126/><T13/><D13/><U89/><E28/><V29/><F29/><W119/><G119/><T94/><D94/><U26/><E26/><V124/><F124/><W67/><G59/><T32/><D65/><U60/><E70/><V117/><F15/><W35/><G67/><T125/><D125/><U79/><E23/><V73/><F73/><W36/><G35/><T17/><D17/><U122/><E1/><V100/><N who="2" m="38931" /><V56/><DORA hai="4" /><F56/><W68/><G68/><T34/><D34/><U30/><E30/><V48/><F48/><W14/><G14/><T19/><D19/><U95/><E61/><V49/><F49/><W69/><G69/><T75/><D75/><U97/><E60/><V62/><F62/><W114/><G114/><T51/><D32/><U58/><E6/><V41/><F41/><W50/><G36/><T5/><D5/><U66/><E66/><V116/><F10/><W31/><G31/><T87/><D87/><AGARI ba="0,0" hai="84,86,87,116,117,118,129,130" m="38931,41481" machi="87" ten="50,8000,1" yaku="28,2,14,1,34,2" doraHai="134,4" who="2" fromWho="0" sc="210,-80,230,0,230,80,330,0" /><INIT seed="2,0,0,4,3,43" ten="130,230,310,330" oya="2" hai0="133,66,12,44,114,61,7,78,29,87,119,124,2" hai1="130,33,34,110,104,71,5,46,35,70,9,17,65" hai2="16,121,72,15,120,32,53,81,19,4,52,103,108" hai3="49,96,59,107,132,42,118,128,122,51,105,85,10"/><V125/><BYE who="0" /><F32/><W28/><G118/><T11/><D11/><U24/><E104/><V41/><F103/><W129/><G122/><T126/><D126/><U58/><E110/><V93/><F125/><W79/><G132/><T45/><D45/><U26/><E130/><N who="3" m="50282" /><G28/><T23/><D23/><U62/><E46/><V115/><F108/><W106/><G10/><T68/><D68/><U20/><REACH who="1" step="1"/><E26/><REACH who="1" step="2"/><V83/><F120/><W14/><G107/><T54/><D54/><U31/><E31/><V47/><F121/><W95/><G105/><T117/><D117/><U113/><E113/><V21/><F115/><W3/><G106/><T99/><D99/><U60/><E60/><V116/><F116/><W0/><G14/><AGARI ba="0,1" hai="5,9,14,17,20,24,33,34,35,58,62,65,70,71" machi="14" ten="40,2600,0" yaku="1,1,53,1" doraHai="43" doraHaiUra="55" who="1" fromWho="3" sc="130,0,220,36,310,0,330,-26" /><INIT seed="3,0,0,4,5,98" ten="130,256,310,304" oya="3" hai0="129,59,47,40,94,22,27,89,127,72,8,45,88" hai1="60,95,86,31,67,65,120,0,21,105,28,6,34" hai2="128,62,134,49,96,125,55,102,132,52,103,17,131" hai3="119,106,20,133,4,76,57,77,15,112,12,90,19"/><W26/><G112/><T64/><D64/><U113/><E105/><V36/><F96/><W70/><G70/><T9/><D9/><U16/><E113/><V33/><F36/><W14/><G119/><T115/><D115/><U11/><E120/><V109/><F33/><W29/><G106/><T41/><D41/><U50/><E34/><V135/><F17/><W10/><G133/><T116/><D116/><U1/><E1/><V85/><F85/><W37/><G37/><T92/><D92/><U122/><E122/><V13/><F13/><N who="3" m="5319" /><G90/><T32/><D32/><U30/><E50/><V75/><F75/><W123/><G123/><T101/><D101/><N who="2" m="38410" /><F62/><W78/><G57/><T25/><D25/><U2/><E2/><V81/><F81/><W83/><G83/><T107/><D107/><U108/><E108/><V38/><F38/><W111/><G111/><T44/><D44/><U5/><E5/><V79/><F79/><W126/><G126/><T61/><D61/><U69/><E67/><V54/><F109/><W100/><G100/><T35/><D35/><U58/><E86/><V43/><F125/><W23/><AGARI ba="0,0" hai="12,14,15,19,20,23,26,29,76,77,78" m="5319" machi="23" ten="30,1500,0" yaku="8,1" doraHai="98" who="3" fromWho="3" sc="130,-5,256,-5,310,-5,304,15" owari="125,-27,251,-10,305,6,319,31" /></mjloggm>