<mjloggm ver="2.3"><GO type="41"/><UN n0="%E3%82%A6%E3%83%AB%E3%83%88%E3%83%A9%E7%AB%8B%E7%9B%B4" n1="%51%2E%48%61%73%73%69" n2="%E5%86%86%E7%AD%92" n3="%E6%9D%B1%E4%BA%9C%E3%81%AE%EF%BC%B2%EF%BC%AF%EF%BC%AD%E4%BA%BA" dan="13,13,13,14" rate="1851,1980,1880,1842" sx="M,M,M,M"/><TAIKYOKU oya="0"/><INIT seed="0,0,0,5,1,69" ten="250,250,250,250" oya="0" hai0="135,114,6,75,97,78,42,116,31,28,57,127,8" hai1="45,70,117,94,41,20,12,124,53,93,133,87,30" hai2="2,84,122,15,9,86,19,0,92,90,106,67,38" hai3="81,7,118,37,105,39,32,25,55,36,102,61,51" shuffle="mt19937ar,698D1716,092746CC,BFE93159,65BE4A49,BD6EF9DE,9465DC2B,277C8C79,2D8D93E4"/><T56/><D116/><U103/><E70/><V129/><F122/><W48/><G118/><T22/><D114/><U123/><E123/><V13/><F106/><W49/><G7/><T40/><D75/><U63/><E124/><V16/><F67/><W76/><G61/><T112/><D78/><U77/><E133/><V82/><F38/><W108/><G108/><T27/><D112/><U21/><E103/><V50/><F50/><W11/><G11/><T62/><D127/><U33/><E33/><V80/><F129/><W74/><G55/><T109/><D135/><U83/><E21/><V10/><REACH who="2" step="1"/><F92/><REACH who="2" step="2"/><W85/><G105/><T132/><D132/><U29/><E117/><V5/><F5/><W59/><G102/><T130/><D130/><U23/><E94/><V89/><AGARI ba="0,1" hai="0,2,9,10,13,15,16,19,80,82,84,86,89,90" machi="89" ten="20,12000,2" yaku="1,1,0,1,7,1,32,3,54,1,53,0" doraHai="69" doraHaiUra="134" who="2" fromWho="2" sc="250,-60,250,-30,240,130,250,-30" /><INIT seed="1,0,0,5,0,115" ten="190,220,370,220" oya="1" hai0="69,132,18,70,32,120,74,128,33,72,111,109,34" hai1="126,19,94,106,36,90,10,129,86,84,66,88,67" hai2="8,28,46,122,22,25,118,77,13,35,112,51,52" hai3="17,7,24,44,20,92,98,91,56,121,71,54,49" shuffle="mt19937ar,6C711D61,A9204F4C,FDAF339C,D9524EFE,BA95362D,39194296,C41ADC6B,738E97D9"/><U101/><E36/><V78/><F122/><W119/><G121/><T38/><D18/><U27/><E129/><V68/><F68/><W61/><G7/><T65/><D65/><U3/><E126/><V37/><F37/><W93/><G93/><T12/><D12/><U85/><E3/><V127/><F127/><W63/><G71/><N who="0" m="27147" /><D120/><U16/><E106/><V1/><F112/><W55/><G63/><T14/><D14/><N who="1" m="7255" /><E101/><V96/><F118/><AGARI ba="0,0" hai="17,20,24,44,49,54,55,56,61,91,92,98,118,119" machi="118" ten="40,8000,1" yaku="25,2,52,2" doraHai="115" who="3" fromWho="2" sc="190,0,220,0,370,-80,220,80" /><INIT seed="2,0,0,3,1,69" ten="190,220,290,300" oya="2" hai0="88,59,2,118,70,122,114,10,124,34,121,40,49" hai1="76,20,8,27,116,82,16,71,12,109,42,37,28" hai2="134,3,52,48,24,77,127,41,6,98,130,9,35" hai3="29,91,131,54,101,15,126,45,117,80,119,55,115" shuffle="mt19937ar,73697765,77B1C759,12B115BC,214873CD,2EDFFA11,029FF94A,DF006890,25744904"/><V18/><F77/><W0/><G0/><T132/><D34/><U11/><E109/><V106/><F134/><W39/><G115/><T93/><D70/><U60/><E116/><V75/><F75/><W19/><G126/><T96/><D114/><U65/><E42/><V53/><F127/><W7/><G131/><T110/><D124/><U56/><E71/><V72/><F72/><W58/><G101/><T105/><D105/><U112/><E112/><V26/><F130/><W36/><G7/><T103/><D118/><U90/><E37/><V97/><F41/><W120/><G29/><T43/><D122/><U108/><E108/><V99/><F106/><W67/><G120/><T50/><D110/><U64/><E90/><V5/><F5/><W68/><G80/><T57/><D121/><U123/><E123/><V83/><F83/><W86/><G86/><T14/><D2/><U4/><E65/><V51/><F35/><W95/><G91/><T84/><D132/><U47/><E47/><V111/><F111/><W85/><G85/><T100/><D43/><U104/><E104/><V129/><F129/><W23/><G95/><N who="0" m="58399" /><D103/><U81/><E76/><V31/><F31/><W135/><G135/><T73/><D73/><U17/><REACH who="1" step="1"/><E28/><REACH who="1" step="2"/><V92/><F92/><W25/><G117/><T1/><D40/><U46/><E46/><V133/><F133/><W66/><G119/><T22/><D59/><U33/><E33/><V94/><F94/><W13/><G68/><T113/><D57/><U62/><E62/><V30/><F30/><W102/><G102/><T89/><D113/><RYUUKYOKU ba="0,1" sc="190,-10,210,30,290,-10,300,-10" hai1="4,8,11,12,16,17,20,27,56,60,64,81,82" /><INIT seed="3,1,1,0,5,134" ten="180,240,280,290" oya="3" hai0="104,80,126,85,115,27,62,121,59,112,63,34,30" hai1="113,132,119,108,99,122,73,86,8,3,20,79,50" hai2="70,130,125,66,9,82,44,2,61,48,5,43,58" hai3="92,81,18,106,118,33,88,36,25,65,35,109,51" shuffle="mt19937ar,44CF7973,75AEF780,17D82A74,0B90B1ED,64303D24,3725D679,D1ADC7E4,3A0F9274"/><W116/><G106/><T56/><D104/><U28/><E86/><V95/><F130/><W54/><G36/><T103/><D103/><U19/><E99/><V23/><F23/><N who="3" m="13559" /><G116/><T131/><D121/><U49/><E113/><N who="0" m="43593" /><D131/><U6/><E108/><V78/><F95/><W64/><G118/><T76/><D126/><U96/><E132/><V26/><F26/><W129/><G129/><T123/><D123/><U72/><E28/><V1/><F125/><W100/><G33/><T133/><D133/><U0/><E0/><V21/><F21/><W77/><G35/><T128/><D128/><U7/><E7/><V90/><F90/><W74/><G100/><T68/><D68/><U53/><E122/><V15/><REACH who="2" step="1"/><F70/><REACH who="2" step="2"/><W22/><G22/><T87/><D27/><U29/><E119/><V69/><F69/><W71/><G71/><T94/><D34/><U117/><E117/><V67/><F67/><W32/><G32/><T93/><D30/><U110/><E29/><V55/><F55/><W4/><G92/><T45/><D94/><U97/><E20/><V135/><F135/><W127/><G127/><T47/><D93/><U46/><E53/><V91/><F91/><W12/><G88/><T42/><D42/><U14/><E97/><V17/><F17/><W40/><G40/><T41/><D41/><U107/><E96/><V52/><F52/><W83/><G109/><T60/><D85/><AGARI ba="1,2" hai="1,2,5,9,15,43,44,48,58,61,66,78,82,85" machi="85" ten="30,8000,1" yaku="1,1,7,1,25,2,53,1" doraHai="134" doraHaiUra="10" who="2" fromWho="0" sc="180,-83,240,0,270,103,290,0" /><INIT seed="4,0,0,0,5,101" ten="97,240,373,290" oya="0" hai0="9,84,127,109,56,91,90,79,60,99,58,55,23" hai1="119,92,93,80,126,47,0,102,110,82,38,66,15" hai2="88,111,8,115,131,21,95,103,125,98,18,87,34" hai3="29,50,68,63,24,42,28,13,12,33,104,71,121" shuffle="mt19937ar,2376A871,8C5C86A1,EF4DC419,4406EB1D,E663D557,7BB2E0A8,6E7E2F8E,DC74DA8D"/><T32/><D32/><U96/><E0/><V37/><F37/><W114/><G114/><T44/><D109/><U14/><E110/><V2/><F111/><W83/><G83/><T118/><D118/><U122/><E119/><V69/><F69/><W134/><G134/><T51/><D127/><U49/><E66/><V107/><F34/><W31/><G31/><T48/><D9/><U52/><E38/><V116/><F116/><W20/><G121/><T64/><D99/><U3/><E3/><V89/><F115/><W72/><G72/><T77/><D23/><U100/><E126/><V133/><F125/><W25/><G68/><T86/><D51/><U132/><E132/><V112/><F131/><W65/><G42/><T108/><D58/><U81/><E122/><V74/><F112/><W130/><G130/><T135/><D135/><U36/><E36/><V17/><F74/><W85/><G85/><T26/><D26/><U4/><E4/><V54/><F54/><W76/><G76/><T75/><D75/><U19/><E19/><V105/><F133/><W62/><G62/><T5/><D5/><U53/><E53/><V10/><F2/><W67/><G50/><T35/><D35/><U30/><E30/><V78/><F78/><W94/><G67/><T43/><D64/><U45/><E47/><V27/><F17/><W57/><G71/><T22/><D22/><U73/><E73/><V16/><F18/><W128/><G128/><T7/><D7/><U106/><E100/><V59/><F103/><W124/><G124/><T39/><D39/><U123/><E123/><RYUUKYOKU ba="0,0" sc="97,-10,240,30,373,-10,290,-10" hai1="14,15,45,49,52,80,81,82,92,93,96,102,106" /><INIT seed="5,1,0,3,4,33" ten="87,270,363,280" oya="1" hai0="112,135,52,56,50,32,100,89,81,114,1,14,120" hai1="108,82,11,17,36,46,123,21,37,39,64,90,68" hai2="16,125,80,69,128,75,88,24,131,65,124,111,47" hai3="45,103,129,22,119,40,110,28,4,38,29,109,73" shuffle="mt19937ar,42FB6627,D967D893,D0CE9747,9311AB65,F3ED3EEC,A96EE984,BDF29B1A,19EBD5D0"/><U104/><E104/><V86/><F111/><W79/><G103/><T72/><D32/><U34/><E123/><V98/><BYE who="0" /><F47/><W118/><G22/><T116/><D116/><N who="3" m="44585" /><G129/><N who="2" m="49737" /><F65/><UN n0="%E3%82%A6%E3%83%AB%E3%83%88%E3%83%A9%E7%AB%8B%E7%9B%B4" /><W84/><G84/><T94/><D100/><U102/><E34/><V91/><F69/><W57/><G57/><T87/><D120/><U9/><E102/><V43/><F43/><W26/><G4/><T134/><D14/><U67/><E108/><N who="3" m="41578" /><G26/><T60/><D60/><U71/><E46/><V70/><F70/><W95/><G95/><T61/><D61/><U74/><E71/><V77/><F16/><W105/><G105/><T59/><D59/><U76/><E90/><N who="2" m="34347" /><F24/><W126/><G126/><N who="2" m="48745" /><F98/><W83/><AGARI ba="1,0" hai="28,29,38,40,45,73,79,83" m="41578,44585" machi="83" ten="40,1500,0" yaku="12,1" doraHai="33" who="3" fromWho="3" sc="87,-5,270,-8,363,-5,280,18" /><INIT seed="6,0,0,1,0,97" ten="82,262,358,298" oya="2" hai0="104,82,73,92,37,0,58,94,134,4,79,13,2" hai1="114,106,5,128,87,59,33,28,131,12,47,88,18" hai2="10,57,9,67,21,102,112,113,123,26,76,119,14" hai3="65,99,91,75,115,23,46,20,31,43,117,19,83" shuffle="mt19937ar,7DA1881A,8D445434,9FF4AE34,32BD5D4D,CA67054B,12BC3542,B618C576,3137EFD1"/><V86/><F123/><W61/><G117/><T110/><D4/><U25/><E106/><V53/><F119/><W51/><G31/><T80/><D13/><U125/><E125/><V108/><F67/><W105/><G115/><N who="2" m="44105" /><F108/><W84/><G19/><T118/><D58/><U1/><E1/><V129/><F129/><W130/><G130/><N who="1" m="49706" /><E5/><V127/><F127/><W39/><G39/><T40/><D40/><U29/><E47/><V126/><F76/><W62/><G62/><T48/><D48/><U78/><E78/><V95/><F126/><W34/><G34/><T70/><D92/><N who="1" m="54303" /><E59/><V120/><F86/><W36/><G36/><T68/><D94/><U85/><E85/><V38/><F120/><W45/><G45/><T7/><D82/><U107/><E29/><N who="2" m="17615" /><F14/><W64/><G64/><T103/><D80/><U111/><E114/><V44/><F44/><W81/><G81/><T55/><D79/><U60/><E107/><V124/><F38/><W41/><G75/><T122/><D110/><U54/><E111/><V121/><F121/><W8/><G99/><T15/><D118/><U133/><E60/><N who="2" m="35887" /><F124/><W50/><G105/><T11/><D122/><U24/><E24/><V42/><F42/><W30/><G83/><T49/><D104/><U16/><E54/><V72/><F72/><W17/><G84/><T96/><D73/><U52/><E52/><V35/><F35/><W100/><G41/><T77/><D68/><U90/><E12/><V66/><F66/><W98/><G65/><T56/><D70/><U22/><E33/><V63/><F63/><W93/><G61/><RYUUKYOKU ba="0,0" sc="82,-10,262,-10,358,30,298,-10" hai2="9,10,95,102" /><INIT seed="6,1,0,3,4,3" ten="72,252,388,288" oya="2" hai0="79,90,19,39,118,67,18,131,92,12,59,40,56" hai1="75,74,96,113,31,130,27,128,104,95,98,99,100" hai2="36,11,94,30,89,86,9,124,51,48,132,107,5" hai3="84,76,2,6,47,26,42,53,32,25,35,87,28" shuffle="mt19937ar,92B3A12B,C56C2F88,CC33F2B4,C299A946,2AB549F0,55081BEB,B6517481,088B871A"/><V14/><F107/><W116/><G116/><T121/><D118/><U106/><E31/><V45/><F132/><W65/><G65/><T78/><D121/><U37/><E37/><V114/><F114/><W43/><G35/><T135/><D135/><U110/><E27/><V16/><F30/><W85/><G26/><T81/><D131/><N who="1" m="50219" /><E110/><V72/><F124/><W101/><G101/><T8/><D40/><U1/><E1/><V82/><F72/><N who="1" m="27689" /><E113/><V70/><F70/><W54/><G76/><T52/><D39/><U91/><E100/><V61/><F61/><W133/><G133/><T73/><D73/><U13/><E13/><N who="2" m="5295" /><F36/><W17/><G17/><T119/><D119/><U4/><E4/><V60/><F60/><W29/><G29/><T7/><D81/><U122/><E122/><V123/><F123/><W125/><G125/><T22/><D79/><U38/><E38/><V126/><F126/><W127/><G127/><T20/><D78/><U105/><AGARI ba="1,0" hai="91,95,96,98,99,104,105,106" m="27689,50219" machi="105" ten="40,5200,0" yaku="19,1,34,2" doraHai="3" who="1" fromWho="1" sc="72,-14,252,55,388,-27,288,-14" /><INIT seed="7,0,0,1,4,110" ten="58,307,361,274" oya="3" hai0="102,35,41,34,86,132,3,38,113,103,49,111,28" hai1="89,83,20,0,112,131,12,27,91,108,129,104,18" hai2="56,128,98,50,70,31,116,33,74,36,99,105,44" hai3="22,71,127,66,62,13,48,94,80,123,23,69,97" shuffle="mt19937ar,61ED2CEB,BC77F503,AB57A227,A7E3172A,A25C4201,E1B4311B,A7354BA8,57A2422D"/><W39/><G123/><T6/><D49/><U75/><E0/><V93/><F74/><W109/><G39/><T64/><D86/><U57/><E104/><V107/><F33/><W73/><G109/><T67/><D111/><U88/><E108/><V119/><F31/><W51/><G71/><T120/><D120/><U54/><E75/><V84/><F70/><W122/><G122/><T17/><D17/><U72/><E72/><V21/><F21/><W77/><G127/><T19/><D19/><U124/><E83/><V1/><F1/><W114/><G13/><T59/><D3/><U63/><E124/><V81/><F36/><W16/><G23/><T15/><D38/><U92/><E12/><V8/><F56/><W134/><G134/><T45/><D15/><U82/><E82/><V14/><F128/><N who="1" m="49225" /><E112/><V24/><F24/><W53/><G114/><T106/><D59/><U2/><E2/><V11/><F11/><W10/><G10/><T100/><D100/><U9/><E9/><V135/><F107/><W90/><G53/><T68/><D106/><U7/><E7/><V29/><F105/><W25/><AGARI ba="0,0" hai="16,22,25,48,51,62,66,69,73,77,80,90,94,97" machi="25" ten="20,3900,0" yaku="0,1,7,1,54,1" doraHai="110" who="3" fromWho="3" sc="58,-13,307,-13,361,-13,274,39" /><INIT seed="7,1,0,0,2,94" ten="45,294,348,313" oya="3" hai0="13,96,93,77,135,10,107,67,111,87,16,56,17" hai1="26,113,104,33,27,127,20,123,101,65,73,47,5" hai2="91,58,49,70,40,19,125,89,23,41,15,11,75" hai3="119,68,132,29,120,128,3,14,7,28,83,88,126" shuffle="mt19937ar,D30641BE,BB4ED97A,2AB9FE8E,DDD4FF05,FD9AB880,F30370A7,BD4B5156,2132C9BD"/><W100/><G68/><T112/><D111/><U109/><E109/><V122/><F70/><W48/><G119/><T84/><D107/><U34/><E73/><V12/><F75/><W39/><G120/><T50/><D112/><U53/><E65/><V21/><F125/><W115/><G39/><T18/><D135/><U116/><E127/><V86/><F122/><W60/><G3/><T117/><D117/><U45/><E5/><V44/><F58/><W71/><G126/><T61/><D87/><U46/><E123/><V95/><F40/><W90/><G132/><T81/><REACH who="0" step="1"/><D50/><REACH who="0" step="2"/><U124/><E113/><V57/><F89/><AGARI ba="1,1" hai="10,13,16,17,18,56,61,67,77,81,84,89,93,96" machi="89" ten="30,12000,2" yaku="1,1,2,1,7,1,8,1,52,1,54,1,53,0" doraHai="94" doraHaiUra="97" who="0" fromWho="2" sc="35,133,294,0,348,-123,313,0" owari="168,-33,294,9,225,-17,313,41" /></mjloggm>