<mjloggm ver="2.3"><GO type="193"/><UN n0="%E5%B9%B3%E5%85%AB%E6%9C%97" n1="%74%61%6B%61%68%61%74%61" n2="%E7%86%9F%E5%A5%B3%E5%A6%96%E7%B2%BE%6D%6B%6F%30" n3="%E3%82%A6%E3%83%AB%E3%83%88%E3%83%A9%E7%AB%8B%E7%9B%B4" dan="11,11,12,11" rate="1607,1684,1643,1728" sx="M,M,M,M"/><TAIKYOKU oya="0"/><INIT seed="0,0,0,1,4,16" ten="250,250,250,250" oya="0" hai0="29,37,17,40,131,75,47,87,56,121,81,104,134" hai1="28,125,99,60,129,72,68,46,74,84,95,12,62" hai2="59,105,1,126,63,2,112,82,24,132,31,94,42" hai3="97,49,21,91,65,57,117,35,48,96,51,92,34" shuffle="mt19937ar,4CC932B7,764D947B,4A6C28EB,A9C9C021,35D6D231,6DC32D75,83FBBCCF,08C29E1C"/><T30/><D121/><U71/><E129/><V58/><F112/><W38/><G38/><T122/><D122/><U7/><E125/><V5/><F105/><W25/><G117/><T0/><D131/><U64/><E28/><V102/><F126/><W113/><G113/><T89/><D134/><U43/><E84/><V85/><F132/><W20/><G35/><T66/><D104/><U45/><E45/><V80/><F1/><W100/><G34/><T106/><D106/><U90/><E7/><V123/><F123/><W8/><G8/><T76/><D0/><U98/><E98/><V18/><F80/><W53/><G65/><T67/><D17/><U109/><E109/><V19/><F5/><W103/><G25/><T107/><D107/><U108/><E108/><V10/><F2/><W111/><G111/><T55/><D66/><U4/><E4/><V128/><F128/><W13/><G13/><T114/><D67/><U77/><E77/><V133/><F133/><W69/><G69/><T118/><D114/><U23/><E62/><V88/><F42/><W93/><G91/><T22/><D22/><AGARI ba="0,0" hai="20,21,22,48,49,51,53,57,92,93,96,97,100,103" machi="22" ten="40,8000,1" yaku="9,1,8,1,52,3" doraHai="16" who="3" fromWho="0" sc="250,-80,250,0,250,0,250,80" /><INIT seed="1,0,0,3,0,56" ten="170,250,250,330" oya="1" hai0="118,20,80,55,66,96,84,24,116,22,61,122,75" hai1="68,36,21,79,1,64,52,27,19,90,58,51,91" hai2="48,25,71,134,111,83,89,73,95,102,131,44,81" hai3="38,45,43,10,35,76,67,133,120,92,72,115,112" shuffle="mt19937ar,70C70889,51593E28,A9C2A6E4,857C79D9,6221F90C,BD224383,4632C5AB,D69C50BE"/><U121/><E121/><V105/><F71/><W104/><G92/><T62/><D122/><U34/><E1/><V41/><F111/><W26/><G120/><T69/><D75/><U47/><E34/><V18/><F131/><W88/><G88/><T119/><D96/><U93/><E79/><V109/><F109/><W94/><G94/><T63/><D55/><U114/><E93/><V30/><F134/><W60/><G133/><T85/><D69/><U128/><E128/><V32/><F83/><N who="3" m="45447" /><G10/><T113/><D66/><U49/><E114/><V123/><F123/><W59/><G59/><T8/><D8/><U16/><E19/><V82/><F73/><W100/><G100/><T7/><D7/><U31/><E51/><V2/><F2/><W65/><G65/><T117/><N who="0" m="30208" /><DORA hai="126" /><T135/><D113/><U11/><E11/><V42/><F42/><W17/><G17/><T54/><D54/><U132/><E31/><V97/><REACH who="2" step="1"/><F18/><REACH who="2" step="2"/><W33/><G112/><T14/><D135/><U4/><E132/><V70/><F70/><N who="3" m="42343" /><G115/><T106/><D106/><U50/><E4/><V124/><F124/><W46/><G46/><T28/><REACH who="0" step="1"/><D80/><REACH who="0" step="2"/><U53/><REACH who="1" step="1"/><E36/><REACH who="1" step="2"/><V108/><F108/><W77/><G104/><T130/><D130/><U37/><E37/><V125/><F125/><W15/><G77/><T87/><D87/><AGARI ba="0,3" hai="25,30,32,41,44,48,81,82,87,89,95,97,102,105" machi="87" ten="30,2000,0" yaku="1,1,7,1,53,0" doraHai="56,126" doraHaiUra="107,74" who="2" fromWho="0" sc="160,-20,240,0,240,50,330,0" /><INIT seed="2,0,0,0,5,53" ten="140,240,290,330" oya="2" hai0="40,39,89,63,66,70,126,27,93,15,133,94,57" hai1="43,48,11,62,86,56,90,3,79,29,110,104,123" hai2="107,109,10,74,108,60,51,50,125,30,97,14,37" hai3="65,22,41,75,1,64,122,92,55,67,25,135,17" shuffle="mt19937ar,971F8132,0968A0F0,3521E164,0710693B,4C6710EB,9DE48752,613AA1BD,656BF4D4"/><V0/><F74/><W19/><G1/><T119/><D126/><U18/><E110/><N who="2" m="42603" /><F37/><W111/><G111/><T68/><D133/><U54/><E123/><V46/><F0/><W87/><G75/><T81/><D119/><U124/><E104/><V80/><F125/><W72/><G72/><T71/><D27/><U105/><E124/><V96/><F80/><W35/><G35/><T73/><D15/><U36/><E105/><V52/><F30/><W98/><G41/><T84/><REACH who="0" step="1"/><D73/><REACH who="0" step="2"/><U117/><E117/><V13/><F13/><W16/><G135/><T82/><D82/><U88/><E3/><V114/><F114/><W6/><G122/><T45/><AGARI ba="0,1" hai="39,40,45,57,63,66,68,70,71,81,84,89,93,94" machi="45" ten="40,5200,0" yaku="1,1,0,1,52,1,53,0" doraHai="53" doraHaiUra="128" who="0" fromWho="0" sc="130,62,240,-13,290,-26,330,-13" /><INIT seed="3,0,0,1,2,37" ten="192,227,264,317" oya="3" hai0="27,12,43,20,2,128,104,67,108,122,55,63,71" hai1="99,45,84,127,72,33,106,77,87,76,16,44,35" hai2="83,64,34,36,117,61,79,109,68,81,121,49,11" hai3="56,18,4,48,23,100,15,42,94,3,7,8,22" shuffle="mt19937ar,C74959DF,64688469,7979853C,3EF40740,781AFE83,939D38BA,CA77350C,94649D7F"/><W6/><G3/><T129/><D122/><U74/><E127/><V40/><F117/><W119/><G119/><T107/><D2/><U91/><E99/><V93/><F83/><W111/><G111/><T113/><D108/><U60/><E60/><V54/><F121/><W52/><G42/><T126/><D126/><U51/><E91/><V101/><F109/><W47/><G47/><T70/><D12/><U28/><E51/><V103/><F34/><W130/><G130/><N who="0" m="50283" /><D107/><U19/><REACH who="1" step="1"/><E28/><REACH who="1" step="2"/><V62/><F62/><W82/><G82/><T114/><D104/><AGARI ba="0,1" hai="16,19,33,35,44,45,72,74,76,77,84,87,104,106" machi="104" ten="25,8000,1" yaku="1,1,2,1,22,2,54,1,53,0" doraHai="37" doraHaiUra="59" who="1" fromWho="0" sc="192,-80,217,90,264,0,317,0" owari="112,-29,307,6,264,-9,317,32" /></mjloggm>