<mjloggm ver="2.3"><GO type="41"/><UN n0="%6B%75%72%6F%75%73%61" n1="%E3%82%A6%E3%83%AB%E3%83%88%E3%83%A9%E7%AB%8B%E7%9B%B4" n2="%6B%75%61%72%65%73%75" n3="%E3%83%9F%E3%82%B9%E3%83%88%E3%83%A9%E3%83%AB%E2%98%86" dan="14,14,14,14" rate="1919,1979,1899,2050" sx="M,M,M,F"/><TAIKYOKU oya="0"/><INIT seed="0,0,0,4,4,37" ten="250,250,250,250" oya="0" hai0="53,11,134,58,99,38,12,39,117,17,34,127,94" hai1="52,116,1,108,14,55,36,65,88,41,19,60,31" hai2="100,124,51,9,50,73,68,70,105,64,40,129,4" hai3="49,23,20,16,135,112,109,81,71,35,42,69,115"/><T46/><D117/><U113/><E1/><V54/><F73/><W122/><G35/><T26/><D134/><U77/><E77/><V130/><F100/><W101/><G135/><T74/><D74/><U92/><E31/><V5/><F105/><W62/><G109/><T76/><D76/><U0/><E0/><V90/><F90/><W82/><G122/><T118/><D118/><U126/><E116/><V56/><F5/><W98/><G23/><T3/><D3/><U86/><E108/><V121/><F121/><W84/><G81/><T15/><D127/><U133/><E133/><V128/><F9/><W66/><G69/><T123/><D123/><U114/><E126/><V111/><F124/><W10/><G10/><T6/><D39/><U22/><E36/><V30/><F30/><W21/><G21/><T75/><D75/><U13/><E13/><V106/><F4/><W97/><G97/><T103/><D26/><U67/><E41/><V24/><F24/><W132/><G132/><T93/><D34/><U104/><E104/><V44/><F106/><W27/><G82/><T119/><D119/><U33/><E33/><V120/><F120/><W25/><G84/><T43/><D99/><U32/><E32/><V8/><F8/><W102/><G27/><T125/><D103/><N who="3" m="39433" /><G98/><T57/><D125/><U18/><E18/><V80/><F80/><W48/><G48/><N who="0" m="30887" /><D58/><N who="1" m="37015" /><E67/><V47/><F111/><W96/><G96/><T45/><D45/><U95/><E95/><V110/><F110/><W85/><G85/><T83/><D83/><U91/><E91/><V7/><F7/><RYUUKYOKU ba="0,0" sc="250,0,250,0,250,0,250,0" hai0="6,11,12,15,17,38,43,46,93,94" hai1="14,19,22,52,55,86,88,92,113,114" hai2="40,44,47,50,51,54,56,64,68,70,128,129,130" hai3="16,20,25,42,49,62,66,71,112,115" /><INIT seed="0,1,0,0,5,45" ten="250,250,250,250" oya="0" hai0="91,28,124,38,53,52,135,120,10,67,96,16,37" hai1="130,32,46,87,104,68,126,116,2,75,108,8,134" hai2="89,4,77,123,133,1,40,20,112,73,47,51,127" hai3="71,100,109,25,94,23,9,39,113,6,101,78,106"/><T21/><D120/><U59/><E59/><V63/><F123/><W34/><G71/><T107/><D135/><U74/><E87/><V119/><F112/><W105/><G39/><T36/><D124/><U35/><E46/><V24/><F127/><W48/><G34/><T18/><D67/><U3/><E8/><V84/><F119/><W12/><G113/><T125/><D125/><U62/><E62/><V61/><F133/><W99/><G109/><T86/><D28/><U132/><E132/><V15/><F1/><W44/><G100/><T42/><D42/><U19/><E19/><V93/><F77/><W79/><G105/><T80/><D10/><U50/><E50/><V17/><F73/><W111/><G106/><T70/><D70/><U110/><E35/><V58/><F58/><W11/><G11/><AGARI ba="1,0" hai="4,11,15,17,20,24,40,47,51,61,63,84,89,93" machi="11" ten="40,2600,0" yaku="8,1,52,1" doraHai="45" who="2" fromWho="3" sc="250,0,250,0,250,29,250,-29" /><INIT seed="1,0,0,2,4,0" ten="250,250,279,221" oya="1" hai0="57,75,40,122,92,7,113,22,81,30,104,103,88" hai1="63,53,44,134,2,37,125,19,69,42,25,123,49" hai2="107,48,102,80,35,121,10,43,94,99,14,59,62" hai3="79,12,91,76,90,51,96,55,128,54,95,67,114"/><U72/><E72/><V85/><F35/><W33/><G33/><T73/><D122/><U61/><E123/><V50/><F121/><W132/><G114/><T133/><D113/><U71/><E19/><V34/><F107/><W117/><G128/><T6/><D40/><U24/><E25/><V118/><F34/><W17/><G132/><T56/><D133/><U21/><E2/><V86/><F43/><W84/><G117/><T66/><D75/><U124/><E134/><V115/><F115/><W27/><G27/><N who="0" m="16759" /><D104/><U129/><E21/><V105/><F105/><W16/><G17/><T130/><D130/><U135/><E24/><V11/><F11/><W29/><G29/><T116/><D116/><U120/><E120/><V108/><F108/><W31/><G31/><T98/><D73/><U112/><E112/><V4/><F118/><W5/><G67/><T109/><D109/><U15/><E15/><V18/><F18/><W3/><G55/><T87/><D57/><N who="1" m="32943" /><E129/><V97/><F97/><W38/><G38/><T45/><D45/><U26/><E26/><V39/><F39/><W65/><G65/><T106/><D106/><U47/><E47/><V36/><F36/><W8/><G84/><N who="2" m="32361" /><F80/><W93/><G93/><T77/><D77/><U52/><E135/><V64/><AGARI ba="0,0" hai="4,10,14,48,50,59,62,64,94,99,102" m="32361" machi="64" ten="30,2000,0" yaku="8,1,52,1" doraHai="0" who="2" fromWho="2" sc="250,-5,250,-10,279,20,221,-5" /><INIT seed="2,0,0,3,0,46" ten="245,240,299,216" oya="2" hai0="112,120,113,51,68,124,57,92,15,79,24,121,77" hai1="47,133,128,43,70,21,76,4,97,36,127,52,14" hai2="80,27,132,104,89,8,107,0,85,20,96,78,105" hai3="90,13,125,94,48,81,88,84,18,49,64,91,37"/><V73/><F0/><W62/><G37/><T101/><D68/><U55/><E70/><V53/><F8/><W29/><G29/><T83/><D24/><U1/><E127/><V126/><F53/><W98/><G125/><T111/><D15/><U116/><E116/><V31/><F126/><W100/><G91/><T122/><D124/><U5/><E128/><V69/><F69/><W56/><G90/><T82/><D57/><U42/><E133/><V130/><F132/><W131/><G131/><T110/><D92/><U35/><E35/><V71/><F71/><W99/><G98/><T34/><D34/><U6/><E1/><V26/><F26/><W63/><G62/><T60/><D60/><U22/><E36/><V39/><F39/><W12/><G12/><T93/><D93/><U117/><E117/><V134/><F134/><W54/><G64/><T65/><D65/><U95/><E76/><N who="0" m="29257" /><D101/><N who="1" m="60607" /><E14/><V135/><F130/><W67/><G67/><T50/><D83/><U74/><E74/><V103/><F135/><W118/><G118/><T41/><D41/><N who="1" m="15371" /><E55/><V11/><F11/><AGARI ba="0,0" hai="11,13,18,48,49,54,56,63,81,84,88,94,99,100" machi="11" ten="30,8000,1" yaku="7,1,8,1,52,2,54,1" doraHai="46" who="3" fromWho="2" sc="245,0,240,0,299,-80,216,80" /><INIT seed="3,0,0,4,0,12" ten="245,240,219,296" oya="3" hai0="89,67,7,95,131,108,48,111,25,121,129,106,53" hai1="120,99,100,60,57,123,27,86,49,124,92,22,88" hai2="96,103,3,127,94,45,85,68,64,107,55,80,42" hai3="52,10,126,91,41,66,118,105,19,56,14,84,76"/><W9/><G105/><T77/><D106/><U74/><E49/><V61/><F3/><W110/><G118/><T134/><D77/><U17/><E74/><V128/><F127/><W73/><G126/><T43/><D43/><U59/><E124/><V122/><F128/><W11/><G110/><N who="0" m="42027" /><D67/><U119/><E119/><V1/><F1/><W26/><G66/><T31/><D7/><U98/><E98/><V83/><F122/><W135/><G135/><T35/><D121/><U44/><E44/><V33/><F33/><W63/><G41/><T46/><D134/><U47/><E47/><V117/><F117/><W70/><G70/><T101/><D101/><U97/><E97/><AGARI ba="0,0" hai="25,31,35,46,48,53,89,95,97,129,131" m="42027" machi="97" ten="30,1000,0" yaku="14,1" doraHai="12" who="0" fromWho="1" sc="245,10,240,-10,219,0,296,0" /><INIT seed="4,0,0,1,0,39" ten="255,230,219,296" oya="0" hai0="66,26,61,0,109,93,122,96,108,21,33,24,81" hai1="67,76,88,15,114,75,68,25,102,40,28,65,5" hai2="4,45,130,22,105,64,32,47,69,35,8,18,104" hai3="98,85,83,107,51,92,56,80,48,13,14,3,126"/><T134/><D122/><U54/><E68/><V115/><F130/><W117/><G3/><T38/><D0/><U29/><E75/><V60/><F115/><W42/><G117/><T73/><D134/><U103/><E76/><V6/><F6/><W125/><G107/><T31/><D38/><U16/><E5/><V37/><F105/><W123/><G123/><T82/><D73/><U111/><E54/><V41/><F104/><W34/><G34/><T12/><D12/><U58/><E25/><V23/><F23/><W135/><G135/><T87/><D26/><U59/><E111/><N who="0" m="42569" /><D33/><U2/><E2/><V90/><F90/><W78/><G80/><T133/><D133/><U10/><E88/><V36/><F36/><W94/><G56/><N who="0" m="37159" /><D87/><U99/><E99/><V129/><F47/><N who="3" m="25719" /><G51/><T46/><D46/><U97/><E97/><V110/><F129/><W72/><G72/><T17/><D17/><U124/><E114/><V70/><F110/><W118/><G118/><T128/><D128/><U112/><E112/><V113/><F113/><W100/><G92/><T101/><AGARI ba="0,0" hai="21,24,31,81,82,93,96,101" m="37159,42569" machi="101" ten="30,3000,0" yaku="25,1,10,1" doraHai="39" who="0" fromWho="0" sc="255,30,230,-10,219,-10,296,-10" /><INIT seed="4,1,0,0,0,94" ten="285,220,209,286" oya="0" hai0="15,48,59,71,109,8,49,66,75,118,86,19,128" hai1="69,93,104,31,30,73,10,127,11,68,119,79,96" hai2="88,82,0,105,25,92,9,5,13,123,126,108,45" hai3="129,27,39,17,53,81,46,70,131,60,135,50,34"/><T51/><D118/><U77/><E104/><V74/><F105/><W114/><G114/><T63/><D75/><U42/><E42/><V84/><F123/><W22/><G34/><T103/><D109/><U44/><E44/><V106/><F106/><W132/><G81/><T58/><D128/><N who="3" m="49225" /><G39/><T91/><REACH who="0" step="1"/><D103/><REACH who="0" step="2"/><U40/><E73/><V117/><F108/><W3/><G132/><T113/><D113/><U87/><E119/><V28/><F117/><W83/><G135/><T89/><D89/><U115/><E115/><V18/><F74/><W90/><G90/><T43/><D43/><U26/><E40/><V16/><F126/><W76/><G76/><T61/><D61/><U121/><E79/><V97/><F45/><W101/><G60/><T112/><D112/><U102/><E127/><V125/><F125/><W23/><G101/><T33/><D33/><U133/><E133/><V36/><F36/><W98/><G46/><T67/><D67/><U24/><E102/><V32/><REACH who="2" step="1"/><F0/><REACH who="2" step="2"/><W107/><G3/><T7/><D7/><U1/><E1/><V55/><F55/><W100/><G53/><T2/><D2/><U38/><E38/><V41/><F41/><W124/><G124/><T20/><D20/><U57/><E121/><V80/><F80/><AGARI ba="1,2" hai="8,15,19,48,49,51,58,59,63,66,71,80,86,91" machi="80" ten="40,7700,0" yaku="1,1,53,2" doraHai="94" doraHaiUra="52" who="0" fromWho="2" sc="275,100,220,0,199,-80,286,0" /><INIT seed="4,2,0,4,0,93" ten="375,220,119,286" oya="0" hai0="66,57,2,39,102,4,5,47,126,78,48,97,99" hai1="125,60,100,14,42,113,123,79,112,21,104,118,12" hai2="65,80,129,130,8,25,20,75,114,18,87,33,44" hai3="0,105,58,59,31,24,3,17,74,84,27,135,116"/><T109/><D126/><U90/><E79/><V134/><F75/><W85/><G74/><T110/><D78/><U107/><E42/><V103/><F65/><W37/><G105/><N who="1" m="40522" /><E100/><V119/><F103/><W40/><G40/><T117/><D117/><U29/><E118/><V127/><F114/><N who="1" m="44137" /><E123/><V30/><F127/><W54/><G116/><T61/><D39/><U35/><E35/><V7/><F44/><W101/><G101/><T36/><D36/><U98/><E60/><V64/><F64/><W83/><G37/><T111/><D102/><U121/><E125/><V22/><F119/><W63/><G17/><T81/><D81/><U68/><E68/><V23/><F87/><W106/><G106/><T67/><D67/><U28/><E121/><V49/><F49/><W26/><G31/><N who="1" m="11850" /><E21/><N who="2" m="8299" /><F134/><W82/><G135/><T10/><D5/><U45/><E45/><V88/><F88/><W51/><G3/><T6/><D6/><U92/><AGARI ba="2,0" hai="12,14,90,92,98" m="11850,44137,40522" machi="92" ten="40,5200,0" yaku="15,1,11,1,52,1" doraHai="93" who="1" fromWho="1" sc="375,-28,220,58,119,-15,286,-15" /><INIT seed="5,0,0,2,2,2" ten="347,278,104,271" oya="1" hai0="131,116,21,122,53,18,64,45,61,10,74,120,58" hai1="66,100,28,115,65,36,14,104,33,135,77,60,128" hai2="121,16,97,63,95,47,49,87,75,110,54,81,73" hai3="118,24,132,99,94,17,12,48,117,124,4,44,37"/><U68/><E66/><V92/><F110/><W103/><G37/><T9/><D74/><U62/><E62/><V126/><F121/><N who="0" m="46698" /><D116/><U133/><E14/><V0/><F0/><W85/><G132/><T26/><D131/><U6/><E77/><V13/><F63/><W55/><G124/><T127/><D127/><U88/><E88/><V46/><F46/><W50/><G50/><AGARI ba="0,0" hai="9,10,18,21,26,45,50,53,58,61,64" m="46698" machi="50" ten="30,1000,0" yaku="13,1" doraHai="2" who="0" fromWho="3" sc="347,10,278,0,104,0,271,-10" /><INIT seed="6,0,0,0,5,46" ten="357,278,104,261" oya="2" hai0="53,12,47,77,126,28,63,60,71,103,84,100,106" hai1="37,14,17,74,119,67,39,58,76,16,10,80,55" hai2="31,102,73,0,124,82,96,42,68,24,117,113,101" hai3="40,94,75,65,123,62,21,3,45,70,118,7,32"/><V88/><F117/><W129/><G32/><T86/><D106/><U4/><E119/><V36/><F0/><W25/><G118/><T133/><D133/><U22/><E67/><V44/><F68/><W122/><G75/><T115/><D115/><U35/><E35/><V125/><F113/><W11/><G129/><T81/><D126/><N who="2" m="48746" /><F73/><W78/><G78/><T116/><D116/><U112/><E112/><V135/><F135/><W33/><G94/><T114/><D114/><U89/><E89/><V27/><F27/><W18/><REACH who="3" step="1"/><G33/><REACH who="3" step="2"/><T109/><D109/><U132/><E132/><V41/><F41/><W23/><G23/><T38/><D71/><U98/><E98/><V51/><F36/><AGARI ba="0,1" hai="3,7,11,18,21,25,36,40,45,62,65,70,122,123" machi="36" ten="30,3900,0" yaku="1,1,7,1,53,1" doraHai="46" doraHaiUra="1" who="3" fromWho="2" sc="357,0,278,0,104,-39,251,49" /><INIT seed="7,0,0,0,5,54" ten="357,278,65,300" oya="3" hai0="38,6,40,57,84,78,115,52,51,67,15,11,30" hai1="91,110,25,3,121,130,104,39,2,79,125,94,62" hai2="97,33,86,80,74,75,68,21,103,118,131,90,65" hai3="106,1,36,12,4,102,108,18,69,27,22,93,81"/><W56/><G69/><T123/><D123/><U50/><E39/><V41/><F33/><W48/><G36/><T96/><D115/><U111/><E104/><V64/><F118/><W60/><G106/><T16/><D38/><U72/><E121/><V34/><F34/><W42/><G1/><N who="1" m="10" /><E125/><V85/><F41/><W61/><G108/><T70/><D70/><U114/><E130/><V135/><F131/><W112/><G112/><T132/><D132/><U133/><E114/><V107/><F68/><W122/><G122/><T128/><D128/><U89/><E133/><V88/><F135/><W9/><G81/><N who="0" m="47159" /><D96/><N who="1" m="57423" /><E62/><V66/><REACH who="2" step="1"/><F21/><REACH who="2" step="2"/><W24/><G42/><T126/><D40/><U73/><E110/><V7/><F7/><W10/><G27/><T119/><D119/><U58/><E111/><V116/><F116/><W13/><G24/><T83/><D126/><U37/><E25/><V76/><F76/><W29/><G29/><T134/><D134/><U87/><E79/><V0/><F0/><W35/><G35/><T98/><D6/><U23/><E23/><V46/><F46/><W127/><G127/><T82/><D30/><U92/><E37/><V44/><F44/><W99/><G9/><T28/><D28/><U120/><E120/><V95/><AGARI ba="0,1" hai="64,65,66,74,75,80,85,86,88,90,95,97,103,107" machi="95" ten="30,4000,0" yaku="1,1,0,1,54,1,53,0" doraHai="54" doraHaiUra="71" who="2" fromWho="2" sc="357,-10,278,-10,55,50,300,-20" owari="347,44,268,-13,105,-39,280,8" /></mjloggm>