<mjloggm ver="2.3"><GO type="193"/><UN n0="%61%72%61%79%61" n1="%E3%81%9F%E3%81%8B%E3%81%B2%E3%81%A8" n2="%E3%82%A6%E3%83%AB%E3%83%88%E3%83%A9%E7%AB%8B%E7%9B%B4" n3="%54%41%4B%4F" dan="13,11,12,13" rate="1740,1590,1813,1806" sx="M,M,M,M"/><TAIKYOKU oya="0"/><INIT seed="0,0,0,4,2,5" ten="250,250,250,250" oya="0" hai0="130,93,57,12,29,21,50,86,73,41,62,103,84" hai1="14,127,34,120,106,113,71,53,22,76,67,97,20" hai2="89,102,3,121,115,105,25,116,39,65,31,132,124" hai3="108,42,77,61,72,1,58,81,64,56,98,38,32" shuffle="mt19937ar,9787AAA4,9F3EE54D,F70DE5FC,2E76687C,FCC71B75,B8EBC0B6,DE4268F8,5A022503"/><T128/><D73/><U82/><E120/><V123/><F89/><W63/><G108/><T30/><D41/><U36/><E34/><V55/><F55/><W59/><G32/><T2/><D2/><U45/><E106/><V54/><F54/><W18/><G1/><T44/><D103/><U111/><E71/><V91/><F91/><W60/><G98/><T74/><D74/><U75/><E67/><V100/><F25/><W68/><REACH who="3" step="1"/><G18/><REACH who="3" step="2"/><T9/><D30/><U114/><E97/><V24/><F121/><W90/><G90/><N who="0" m="53447" /><D130/><U23/><E111/><V135/><F102/><W133/><G133/><T10/><D128/><U70/><E113/><V78/><F100/><W37/><G37/><T134/><D134/><U85/><E114/><V118/><F135/><W80/><G80/><T87/><D29/><U126/><E36/><V15/><F31/><W109/><G109/><T26/><D26/><U52/><E126/><V99/><F24/><W4/><G4/><N who="0" m="3111" /><D10/><U119/><E127/><V112/><F124/><W110/><G110/><T94/><D94/><U46/><E82/><V66/><F132/><W49/><G49/><T40/><D21/><U107/><E22/><V83/><F123/><W8/><G8/><T131/><D131/><U43/><E23/><V11/><F115/><W104/><G104/><T122/><D122/><U47/><E107/><V117/><F3/><W16/><G16/><T33/><D33/><U129/><E20/><V28/><F112/><W35/><G35/><T79/><D79/><U92/><E129/><V17/><F78/><W13/><G13/><RYUUKYOKU ba="0,1" sc="250,15,250,-15,250,-15,240,15" hai0="40,44,50,57,62,86,87" hai3="38,42,56,58,59,60,61,63,64,68,72,77,81" /><INIT seed="0,1,1,2,5,85" ten="265,235,235,255" oya="0" hai0="26,13,40,131,100,91,65,55,14,82,107,8,17" hai1="104,102,6,33,95,125,68,27,57,83,81,32,76" hai2="9,1,10,124,127,88,2,118,75,34,23,130,53" hai3="54,60,84,20,128,133,39,44,62,111,120,47,15" shuffle="mt19937ar,F8D162A8,BC535A81,DFE49467,B6137E4A,DE117064,AEEBEE13,16A920DF,03E79B96"/><T46/><D131/><U98/><E68/><V22/><F53/><W11/><G128/><T51/><D65/><U7/><E125/><V30/><F130/><W0/><G120/><T49/><D100/><U71/><E71/><V58/><F58/><W19/><G133/><T3/><D107/><U94/><E81/><V45/><F45/><W106/><G106/><T24/><D3/><U28/><E33/><V52/><F52/><W99/><G111/><T103/><D103/><U4/><E95/><V115/><F75/><W110/><G110/><T21/><D91/><U31/><E31/><V96/><F96/><W114/><G114/><T119/><D119/><U69/><E69/><V38/><F38/><W73/><G73/><T48/><D82/><U105/><E57/><V74/><F74/><W126/><G126/><N who="2" m="48169" /><F88/><W101/><G0/><N who="2" m="105" /><F115/><W92/><G39/><T66/><D49/><U18/><E18/><V86/><F86/><W78/><G62/><T50/><D50/><U35/><E35/><V59/><F59/><N who="3" m="34935" /><G11/><N who="2" m="4105" /><F118/><W112/><G112/><T16/><D66/><U122/><E122/><V12/><F12/><W123/><G123/><T43/><D43/><U116/><E116/><V87/><F87/><W29/><G78/><T80/><D80/><U36/><E36/><V61/><F61/><W37/><G37/><T93/><D93/><U70/><E70/><V67/><F67/><W79/><G79/><T135/><D135/><U63/><E63/><V64/><F64/><W56/><G56/><AGARI ba="1,1" hai="8,13,14,16,17,21,24,26,40,46,48,51,55,56" machi="56" ten="30,5800,0" yaku="7,1,8,1,54,1" doraHai="85" who="0" fromWho="3" sc="265,71,235,0,235,0,255,-61" /><INIT seed="0,2,0,3,1,90" ten="336,235,235,194" oya="0" hai0="59,133,2,83,104,49,88,55,93,110,123,32,3" hai1="18,56,112,60,118,7,61,66,46,42,122,92,126" hai2="78,84,25,10,70,85,75,103,128,82,0,130,96" hai3="8,119,127,120,87,101,113,28,111,105,41,86,17" shuffle="mt19937ar,72187028,306DA77D,4E7F1C0D,762D10F7,49E016A4,B9496C29,A59D79AA,BD70F631"/><T97/><D123/><U135/><E122/><V16/><F70/><W39/><G119/><T4/><D133/><U5/><E118/><V106/><F0/><W67/><G120/><T57/><D110/><U34/><E135/><V48/><F48/><W36/><G113/><T115/><D115/><U77/><E112/><V44/><F44/><W81/><G111/><T31/><D4/><U40/><E34/><V33/><F33/><W52/><G127/><T129/><D129/><U69/><E77/><V14/><REACH who="2" step="1"/><F25/><REACH who="2" step="2"/><W107/><G36/><T12/><D12/><U58/><E46/><V94/><F94/><W35/><G39/><T62/><D83/><U89/><E69/><V51/><F51/><W95/><G41/><T53/><D104/><U114/><E114/><V11/><F11/><W102/><G35/><T27/><AGARI ba="2,1" hai="2,3,27,31,32,49,53,55,57,59,62,88,93,97" machi="27" ten="30,6000,0" yaku="0,1,52,1,54,1" doraHai="90" who="0" fromWho="0" sc="336,76,235,-22,225,-22,194,-22" /><INIT seed="0,3,0,1,1,92" ten="412,213,203,172" oya="0" hai0="98,93,19,105,71,40,128,132,75,47,37,38,7" hai1="36,33,126,53,17,52,133,114,34,43,1,10,51" hai2="108,45,30,127,12,55,56,99,3,5,135,112,65" hai3="35,119,79,24,4,9,100,58,32,15,130,82,8" shuffle="mt19937ar,51CABDF1,545D9DD4,5B0CEAB3,6D24D223,E6BE5CC9,3E761080,4DED869F,309C129C"/><T68/><D75/><U121/><E121/><V76/><F3/><W110/><G119/><T122/><D122/><U16/><E114/><V6/><F112/><W29/><G130/><T94/><D128/><U31/><E126/><V49/><F127/><W124/><G124/><T41/><D132/><U67/><E133/><V134/><F135/><W85/><G110/><T2/><D2/><U11/><E67/><V89/><F108/><W83/><G83/><T78/><D78/><U63/><E1/><V113/><F113/><W87/><G87/><T97/><D19/><U46/><E31/><V23/><F76/><W88/><G100/><T57/><D57/><U116/><E116/><V117/><F117/><W13/><G58/><T42/><D7/><U21/><E34/><V72/><F72/><W84/><G84/><T69/><D105/><U101/><E33/><V66/><F134/><W18/><REACH who="3" step="1"/><G79/><REACH who="3" step="2"/><T95/><REACH who="0" step="1"/><D47/><REACH who="0" step="2"/><U103/><E46/><V39/><F45/><W20/><AGARI ba="3,2" hai="4,8,9,13,15,18,20,24,29,32,35,82,85,88" machi="20" ten="20,8000,1" yaku="1,1,2,1,0,1,7,1,54,1,53,0" doraHai="92" doraHaiUra="61" who="3" fromWho="3" sc="402,-43,213,-23,203,-23,162,109" /><INIT seed="1,0,0,1,3,18" ten="359,190,180,271" oya="1" hai0="91,116,74,55,5,120,39,82,115,38,23,132,98" hai1="95,126,58,97,86,1,76,101,50,105,59,66,28" hai2="93,129,92,31,108,57,20,128,33,56,29,15,62" hai3="77,107,40,60,99,80,87,65,110,75,47,67,42" shuffle="mt19937ar,412BE17D,27794391,177CAEEB,E23AD9FD,9AFD8A7C,265F342A,0B62E2E0,8C9BC6D9"/><U51/><E1/><V30/><F33/><W117/><G117/><T64/><D116/><U10/><E126/><V78/><F78/><W32/><G110/><T24/><D115/><U118/><E118/><V90/><F108/><W83/><G32/><T4/><D64/><U85/><E28/><V124/><F124/><W22/><G67/><T100/><D120/><U44/><E10/><V34/><F34/><W8/><G8/><T109/><D109/><U113/><E113/><V112/><F112/><W121/><G121/><T53/><D132/><U48/><E66/><V9/><F90/><W84/><G75/><T14/><D39/><U19/><E105/><V134/><F62/><W81/><G81/><T11/><D38/><U25/><E76/><V45/><F45/><W70/><G107/><T94/><D4/><U41/><E41/><V114/><F114/><W96/><G42/><T36/><D36/><U37/><E37/><V88/><F134/><W2/><G2/><T63/><D63/><U106/><E106/><V130/><F20/><W13/><G40/><T122/><D122/><U27/><E44/><V72/><F72/><W35/><G35/><T127/><D127/><U52/><E19/><V12/><F9/><W102/><G102/><T49/><D74/><U111/><E111/><V103/><F103/><W89/><G47/><T73/><D73/><U0/><E0/><V131/><N who="2" m="33280" /><DORA hai="6" /><V135/><F135/><W46/><G46/><T68/><D68/><U133/><E133/><V26/><F26/><N who="1" m="9737" /><E59/><N who="2" m="22603" /><F88/><W16/><AGARI ba="0,0" hai="13,16,22,60,65,70,77,80,83,84,87,89,96,99" machi="16" ten="30,4000,0" yaku="0,1,52,1,54,1" doraHai="18,6" who="3" fromWho="3" sc="359,-10,190,-20,180,-10,271,40" /><INIT seed="2,0,0,4,0,31" ten="349,170,170,311" oya="2" hai0="41,15,54,45,28,122,91,80,90,44,1,49,72" hai1="76,66,73,117,53,78,55,68,105,82,124,63,64" hai2="97,67,83,96,19,118,133,116,120,33,92,70,22" hai3="113,62,84,101,123,69,29,94,134,99,27,25,71" shuffle="mt19937ar,47A0FC9F,2B45F762,A0FD3CB1,9A347176,26E6A9C0,C5A32AE2,0A7ABD24,03AC900A"/><V79/><F33/><W125/><G123/><T131/><D122/><U61/><E117/><V95/><F120/><W42/><G134/><T58/><D1/><U57/><E76/><V109/><F133/><W17/><G113/><T18/><D131/><U40/><E105/><V128/><F128/><W87/><G125/><T56/><D28/><U93/><E93/><V12/><F109/><W127/><G42/><T51/><D72/><U48/><E124/><V21/><F67/><W5/><G127/><T37/><D80/><U38/><E73/><V30/><F70/><W86/><G5/><T129/><D129/><U39/><E78/><V10/><F116/><W126/><G126/><T14/><D14/><U36/><REACH who="1" step="1"/><E82/><REACH who="1" step="2"/><V132/><F132/><W11/><G94/><N who="2" m="35881" /><F118/><W104/><G104/><T8/><REACH who="0" step="1"/><D58/><REACH who="0" step="2"/><U26/><E26/><N who="2" m="16719" /><F83/><W98/><G71/><T130/><D130/><U16/><E16/><N who="2" m="10503" /><F79/><W121/><G69/><T74/><D74/><U9/><E9/><V103/><F103/><W46/><G121/><T106/><D106/><U7/><E7/><V115/><F115/><W50/><G101/><T107/><D107/><U43/><E43/><AGARI ba="0,2" hai="8,15,18,37,41,43,44,45,49,51,54,56,90,91" machi="43" ten="30,3900,0" yaku="1,1,7,1,53,1" doraHai="31" doraHaiUra="6" who="0" fromWho="1" sc="339,59,160,-39,170,0,311,0" /><INIT seed="3,0,0,3,0,12" ten="398,121,170,311" oya="3" hai0="107,35,0,43,74,70,51,92,38,52,44,57,116" hai1="1,133,15,83,50,37,29,130,69,87,16,78,62" hai2="67,60,19,126,56,102,76,119,132,20,77,85,79" hai3="31,134,45,97,105,63,117,131,125,59,112,28,55" shuffle="mt19937ar,802365A0,320A1F05,B8AD7F31,8FC76819,D56E49F6,3B85F47F,9FBDEDE6,1A84297A"/><W13/><G117/><T49/><D107/><U46/><E37/><V7/><F119/><W11/><G112/><T110/><D74/><U123/><E1/><V127/><F7/><W106/><G125/><N who="2" m="47625" /><F102/><W75/><G75/><T82/><D0/><U58/><E123/><V53/><F132/><W40/><G134/><T93/><D116/><U121/><E133/><V84/><F53/><W111/><G131/><T90/><D35/><U71/><E130/><V120/><F120/><W39/><G111/><T22/><D110/><U10/><E121/><V91/><F91/><W9/><G9/><T26/><D70/><U94/><E29/><V128/><F128/><W42/><G42/><T32/><D32/><U54/><REACH who="1" step="1"/><E94/><REACH who="1" step="2"/><V122/><F122/><W14/><G106/><T86/><D38/><U68/><E68/><V114/><F114/><W99/><G105/><T4/><D4/><U108/><E108/><V3/><F3/><W66/><G39/><T6/><D6/><U21/><E21/><V135/><F135/><W17/><G31/><AGARI ba="0,1" hai="22,26,31,43,44,49,51,52,57,82,86,90,92,93" machi="31" ten="30,3900,0" yaku="7,1,8,1,54,1" doraHai="12" who="0" fromWho="3" sc="398,49,111,0,170,0,311,-39" owari="447,45,111,-29,170,-18,272,2" /></mjloggm>