<mjloggm ver="2.3"><GO type="193"/><UN n0="%EF%BC%88%E3%80%81%E3%80%81%EF%BC%89" n1="%E9%AD%94%E7%95%8C%E3%82%B3%E3%82%A2%E3%83%A9" n2="%E5%A4%A7%E6%A0%B9%E3%81%8A%E3%82%8D%E3%81%97" n3="%E3%82%A6%E3%83%AB%E3%83%88%E3%83%A9%E7%AB%8B%E7%9B%B4" dan="12,11,11,12" rate="1627,1525,1586,1774" sx="M,M,M,M"/><TAIKYOKU oya="0"/><INIT seed="0,0,0,1,4,113" ten="250,250,250,250" oya="0" hai0="11,27,111,99,71,4,56,82,40,7,35,124,94" hai1="5,47,123,25,10,12,133,66,39,48,107,75,20" hai2="55,21,46,77,105,17,2,88,101,74,30,78,68" hai3="37,52,120,45,41,53,23,9,132,22,70,91,64" shuffle="mt19937ar,053644CA,69F9A7E5,01DE082F,733DCA88,BDF2C1CC,C0BD88EE,C03BFF30,15CF4150"/><T19/><D71/><U26/><E123/><V60/><F2/><W112/><G22/><T122/><D40/><U31/><E75/><V116/><F116/><W44/><G23/><T72/><D82/><U103/><E66/><V18/><F68/><W33/><G9/><T118/><D72/><U131/><E39/><V114/><F114/><W97/><G33/><T58/><D122/><U125/><E125/><V59/><F74/><W63/><G91/><T110/><D124/><U67/><E67/><V65/><F105/><W49/><G97/><T57/><D19/><N who="2" m="7178" /><F101/><W115/><G120/><T32/><D27/><U51/><E133/><V62/><F62/><W8/><G8/><T96/><D94/><U119/><E119/><V36/><F36/><W93/><G93/><T134/><D11/><U61/><E131/><V130/><F88/><W76/><G76/><T29/><D29/><U13/><E107/><V102/><F102/><W109/><G109/><N who="0" m="41483" /><D134/><U127/><E127/><V98/><F130/><W16/><G16/><T28/><D28/><U100/><E61/><V108/><F108/><W15/><G15/><T73/><D73/><U43/><E25/><N who="2" m="16687" /><F98/><N who="0" m="37418" /><D118/><U50/><E13/><V0/><F0/><W6/><G6/><AGARI ba="0,0" hai="4,6,7,32,35,56,57,58" m="37418,41483" machi="6" ten="40,12000,1" yaku="28,2,14,1,10,1" doraHai="113" who="0" fromWho="3" sc="250,120,250,0,250,0,250,-120" /><INIT seed="0,1,0,3,2,134" ten="370,250,250,130" oya="0" hai0="35,5,117,69,34,7,15,64,1,81,56,78,21" hai1="32,129,18,127,2,53,93,89,24,102,4,6,126" hai2="76,104,96,42,54,28,22,71,132,37,111,91,33" hai3="73,120,55,115,108,3,26,100,67,38,25,128,87" shuffle="mt19937ar,585DF207,830285E9,32A4FB54,85659420,AEDC7035,622E7A0A,43BE9B86,257B6A50"/><T97/><D69/><U68/><E129/><V74/><F132/><W105/><G87/><T43/><D97/><U86/><E68/><V95/><F111/><W90/><G55/><T44/><D117/><U50/><E32/><V14/><F71/><W85/><G67/><T58/><D7/><U70/><E70/><V113/><F113/><W124/><G90/><T46/><D35/><U83/><E2/><V0/><F0/><W75/><G85/><T125/><D34/><U19/><E24/><V30/><F33/><W31/><G26/><T72/><D44/><N who="1" m="27847" /><E102/><V106/><F106/><W48/><G25/><T16/><D64/><U88/><E18/><N who="2" m="10583" /><F37/><W82/><G48/><T112/><D112/><U59/><E19/><V92/><F42/><W65/><G31/><T20/><D20/><U60/><E60/><V23/><F104/><W41/><G65/><T101/><D101/><U27/><E27/><V8/><F74/><N who="3" m="28171" /><G82/><T103/><D103/><U122/><E59/><V79/><F8/><W51/><G51/><T45/><D45/><U110/><E110/><V109/><F109/><W98/><G108/><T39/><REACH who="0" step="1"/><D125/><REACH who="0" step="2"/><N who="1" m="47627" /><E122/><V116/><F116/><W17/><G124/><T49/><D49/><U123/><E123/><V13/><F23/><W40/><G120/><T99/><D99/><AGARI ba="1,1" hai="4,6,83,86,88,89,93,99" m="47627,27847" machi="99" ten="30,8000,1" yaku="18,1,52,3,54,1" doraHai="134" who="1" fromWho="0" sc="360,-83,250,93,250,0,130,0" /><INIT seed="1,0,0,0,3,114" ten="277,343,250,130" oya="1" hai0="13,43,78,125,61,17,129,86,7,50,74,90,20" hai1="47,52,57,29,24,126,41,100,75,14,99,2,64" hai2="1,45,110,67,6,66,11,5,111,102,27,76,92" hai3="124,54,39,134,122,40,103,63,4,98,133,132,118" shuffle="mt19937ar,906CD4D3,DD85B273,CC2063BA,A5A10124,955CD83B,0633A391,653F7D32,CD7B15DB"/><U120/><E75/><V106/><F106/><W65/><BYE who="1" /><G4/><T88/><D61/><U130/><E130/><V95/><F6/><W131/><G98/><T79/><D129/><U104/><E104/><V19/><F45/><N who="3" m="23711" /><G103/><T22/><D125/><U49/><E49/><V18/><F76/><W30/><G30/><T69/><D69/><U82/><E82/><V135/><F135/><UN n1="%E9%AD%94%E7%95%8C%E3%82%B3%E3%82%A2%E3%83%A9" /><W31/><G31/><T53/><D43/><U93/><E120/><V28/><F102/><W128/><G122/><T71/><D71/><U35/><E2/><V117/><F117/><W37/><G37/><T127/><D7/><U77/><E126/><V44/><F44/><W23/><G23/><T16/><D127/><U0/><E0/><V91/><F67/><W70/><G124/><T116/><D74/><U105/><E77/><V46/><F46/><W48/><G118/><T113/><D113/><U59/><E47/><AGARI ba="0,0" hai="47,48,54,63,65,70,128,131,132,133,134" m="23711" machi="47" ten="30,3900,0" yaku="20,1,34,2" doraHai="114" who="3" fromWho="1" sc="277,0,343,-39,250,0,130,39" /><INIT seed="2,0,0,2,3,83" ten="277,304,250,169" oya="2" hai0="71,64,77,80,57,93,13,39,126,62,75,135,65" hai1="94,23,84,72,120,125,12,5,67,51,54,31,44" hai2="37,53,100,118,9,106,132,14,70,76,82,1,124" hai3="43,49,24,26,33,127,128,56,121,79,29,96,130" shuffle="mt19937ar,4D6DD35C,782A166C,44DB235F,DAE7AF56,60B783C3,A97D4207,3D64B360,9546A25A"/><V21/><F118/><W19/><G121/><T78/><D39/><U22/><E120/><V4/><F37/><W63/><G79/><T73/><D135/><U131/><E72/><V48/><F70/><W110/><G127/><T2/><D126/><U129/><E125/><V119/><F119/><W81/><G81/><T99/><D2/><U6/><E67/><V17/><F124/><W50/><G96/><T92/><D92/><U8/><E31/><V41/><F41/><W116/><G116/><T114/><D114/><U46/><E84/><V85/><F132/><W7/><G43/><T87/><D13/><U10/><E94/><V134/><F134/><W103/><G103/><T52/><D65/><U16/><E8/><V32/><F32/><W55/><G7/><N who="1" m="2570" /><E44/><V113/><F113/><W42/><G110/><T88/><D78/><U68/><E68/><V115/><F115/><W74/><G74/><T97/><REACH who="0" step="1"/><D97/><REACH who="0" step="2"/><U60/><E131/><N who="3" m="50218" /><G42/><T101/><D101/><U40/><E129/><V109/><F100/><W58/><G26/><T91/><D91/><U66/><E40/><V15/><F1/><W11/><G58/><T35/><D35/><U117/><E66/><V36/><F36/><W69/><G69/><T89/><D89/><U86/><E117/><V3/><F3/><W108/><G108/><T61/><AGARI ba="0,1" hai="52,57,61,62,64,71,73,75,77,80,87,88,93,99" machi="61" ten="20,12000,2" yaku="1,1,0,1,7,1,52,1,54,2,53,0" doraHai="83" doraHaiUra="111" who="0" fromWho="0" sc="267,130,304,-30,250,-60,169,-30" /><INIT seed="3,0,0,3,0,13" ten="397,274,190,139" oya="3" hai0="83,7,96,94,90,46,50,68,87,124,51,31,135" hai1="122,30,104,86,74,99,108,20,125,29,43,42,4" hai2="118,107,24,133,52,66,39,61,91,23,121,34,54" hai3="47,0,134,128,100,26,131,19,93,25,84,88,95" shuffle="mt19937ar,4503BF7A,F42B6474,85078756,1A5D9130,3E8E6071,46479A58,9A1EF156,6BB1E1BA"/><W110/><G0/><T35/><D68/><U117/><E122/><V98/><F118/><W28/><G47/><T114/><D7/><U60/><E117/><V79/><F39/><W8/><G134/><T78/><D135/><U67/><E74/><V101/><F34/><W58/><G58/><T14/><D124/><U44/><E125/><V21/><F121/><W102/><G110/><T126/><D126/><U5/><E108/><V130/><F133/><W27/><G28/><T57/><D31/><U77/><E104/><V56/><F130/><N who="3" m="49707" /><G8/><T113/><D35/><U127/><E127/><V103/><F103/><N who="3" m="39467" /><G95/><T80/><D57/><U17/><E99/><V48/><F24/><W38/><G38/><T92/><D14/><U32/><E32/><V59/><F79/><W81/><G81/><N who="0" m="47543" /><D46/><U2/><E77/><V64/><REACH who="2" step="1"/><F91/><REACH who="2" step="2"/><W116/><G116/><T119/><D119/><U111/><E111/><V76/><F76/><W11/><G11/><T62/><D62/><U18/><E2/><V40/><F40/><W73/><G73/><T97/><D50/><U15/><E43/><V120/><F120/><W16/><AGARI ba="0,1" hai="16,19,25,26,27,84,88,93" m="39467,49707" machi="16" ten="40,12000,1" yaku="19,1,52,2,54,2" doraHai="13" who="3" fromWho="3" sc="397,-40,274,-40,180,-40,139,130" /><INIT seed="3,1,0,5,3,25" ten="357,234,140,269" oya="3" hai0="41,33,38,67,127,86,57,1,48,23,55,70,110" hai1="69,2,17,79,35,65,101,132,128,131,49,130,42" hai2="34,115,37,107,59,11,58,40,4,9,125,93,31" hai3="54,14,83,113,123,68,109,129,39,5,53,18,28" shuffle="mt19937ar,C00C1B02,247CAF22,C9833A38,7C46B29D,BB33D6E6,A72EC8A8,12DEB5DD,4193EDCE"/><W99/><G68/><T94/><D1/><U32/><E132/><V134/><F115/><W51/><G39/><T118/><D33/><N who="1" m="12875" /><E2/><V92/><F107/><W61/><G123/><T97/><D118/><U24/><E101/><V82/><F134/><W126/><G113/><T10/><D86/><U84/><E42/><V46/><F125/><W12/><G126/><T13/><D10/><U133/><E133/><V80/><F34/><W104/><G104/><T85/><D127/><U15/><E79/><V27/><F4/><W47/><G99/><T62/><D85/><U22/><E69/><V91/><F91/><W63/><G83/><T72/><D72/><U8/><E65/><V90/><F90/><W36/><G36/><T100/><D110/><U73/><E73/><V75/><F75/><W19/><G109/><T29/><D13/><N who="3" m="5225" /><G5/><T77/><D77/><U120/><E120/><V108/><F108/><W76/><G76/><T105/><D23/><U111/><E111/><V121/><F121/><W98/><G98/><T112/><D112/><U102/><E102/><V87/><F82/><W50/><G28/><T114/><D114/><U81/><E49/><N who="2" m="26823" /><F80/><W71/><G71/><T0/><D105/><U7/><E81/><V95/><F87/><AGARI ba="1,0" hai="7,8,15,17,22,24,84,87,128,130,131" m="12875" machi="87" ten="40,1300,0" yaku="19,1" doraHai="25" who="1" fromWho="2" sc="357,0,234,16,140,-16,269,0" owari="357,36,250,-10,124,-28,269,2" /></mjloggm>