<mjloggm ver="2.3"><GO type="9"/><UN n0="%E3%81%9F%E3%81%BE%E3%81%94%E3%81%AA%E3%81%99" n1="%73%79%61%72%6F%2D%6D%75" n2="%E3%82%A6%E3%83%AB%E3%83%88%E3%83%A9%E7%AB%8B%E7%9B%B4" n3="%E3%82%AE%E3%83%AB%E3%83%95%E3%82%A9%E3%83%BC%E3%83%89%E5%8D%BF" dan="3,6,3,5" rate="1560,1637,1552,1595" sx="M,M,M,M"/><TAIKYOKU oya="0"/><INIT seed="0,0,0,4,2,42" ten="250,250,250,250" oya="0" hai0="101,29,120,37,133,15,30,59,94,111,130,27,93" hai1="35,108,66,0,99,17,25,73,18,39,134,104,100" hai2="28,23,57,90,70,48,131,26,71,76,77,9,47" hai3="122,41,52,103,113,4,40,80,69,7,6,97,10" shuffle="mt19937ar,06F9B7C8,DD132119,4D3D97C5,9669FCE7,AFDF7E31,1BC19153,1C7EBB26,B29535B0"/><T79/><D120/><U117/><E117/><V64/><F131/><W22/><G113/><T68/><D130/><U86/><E134/><V132/><F132/><W124/><G122/><T92/><D133/><U33/><E18/><V58/><F70/><W121/><G121/><T81/><D68/><U60/><E35/><V49/><F71/><W106/><G69/><T82/><D37/><U34/><E86/><V62/><F9/><W20/><G124/><T135/><D135/><U11/><E34/><V46/><F90/><W115/><G115/><T50/><D111/><U24/><E24/><V13/><F13/><W56/><G80/><T31/><D15/><U118/><E17/><V125/><F57/><W105/><G106/><T36/><D36/><U84/><E84/><V45/><F125/><W55/><G55/><T53/><D82/><U65/><E108/><V8/><F8/><W116/><G116/><T114/><D114/><U98/><E99/><V14/><F14/><W63/><REACH who="3" step="1"/><G10/><REACH who="3" step="2"/><T87/><REACH who="0" step="1"/><D101/><REACH who="0" step="2"/><U74/><E118/><V110/><F110/><W72/><G72/><T43/><D43/><AGARI ba="0,2" hai="4,6,7,20,22,40,41,43,52,56,63,97,103,105" machi="43" ten="40,8000,1" yaku="1,1,54,1,53,3" doraHai="42" doraHaiUra="2" who="3" fromWho="0" sc="240,-80,250,0,250,0,240,100" /><INIT seed="1,0,0,3,3,86" ten="160,250,250,340" oya="1" hai0="58,71,32,68,0,59,65,87,18,50,93,17,123" hai1="79,27,57,121,1,109,75,78,90,48,54,66,13" hai2="40,70,26,97,33,29,128,56,43,126,3,127,96" hai3="95,130,16,115,108,99,46,88,91,133,72,104,31" shuffle="mt19937ar,7FBA34B9,B093332A,B1C215FE,5C62F9CB,06C87B33,6B868DAA,DDCB719D,227D6BF1"/><U74/><E1/><V82/><F70/><W20/><G115/><T11/><D123/><U94/><E121/><V129/><F3/><W92/><G108/><T134/><D32/><U122/><E122/><V102/><F56/><W34/><G133/><T19/><D134/><U67/><E75/><V117/><F82/><W45/><G72/><T77/><D0/><U39/><E39/><V103/><F117/><W101/><G130/><T23/><D11/><U14/><E27/><V63/><F63/><W73/><G73/><T80/><D93/><U36/><E36/><V118/><F118/><W132/><G132/><T52/><REACH who="0" step="1"/><D23/><REACH who="0" step="2"/><U85/><E109/><V69/><F33/><W47/><G34/><T35/><D35/><U7/><E74/><V84/><F128/><W113/><G113/><T22/><D22/><U8/><E14/><V116/><F129/><W12/><REACH who="3" step="1"/><G31/><REACH who="3" step="2"/><T51/><D51/><U114/><E114/><V24/><F116/><W49/><G49/><T112/><D112/><U55/><E55/><V4/><F29/><W81/><G81/><T60/><AGARI ba="0,2" hai="17,18,19,50,52,58,59,60,65,68,71,77,80,87" machi="60" ten="30,4000,0" yaku="1,1,0,1,54,1,53,0" doraHai="86" doraHaiUra="111" who="0" fromWho="0" sc="150,60,250,-20,250,-10,330,-10" /><INIT seed="2,0,0,3,0,13" ten="210,230,240,320" oya="2" hai0="3,34,73,58,12,128,95,106,50,123,124,42,88" hai1="97,110,22,18,84,125,52,56,129,21,83,99,47" hai2="69,86,80,39,14,130,94,85,114,67,122,20,33" hai3="63,116,107,105,71,28,87,46,76,120,61,43,15" shuffle="mt19937ar,B21CF42A,4CC65114,1B538C3C,437326F5,7C03DE6A,44C958EF,FE0B1415,04E8FB10"/><V2/><F33/><W109/><G120/><T101/><D123/><U0/><E0/><V77/><F2/><W93/><G116/><T74/><D128/><U35/><E129/><V37/><F122/><W19/><G109/><T62/><D124/><U17/><E35/><V7/><F130/><W92/><G28/><T132/><D132/><U16/><E47/><V89/><F114/><W4/><G4/><T48/><D3/><U126/><E110/><V26/><F67/><W70/><G76/><T72/><D34/><U10/><E10/><V57/><F69/><W41/><G46/><T117/><D117/><U1/><E1/><V104/><F104/><W29/><G29/><T68/><D12/><U100/><E99/><V78/><F78/><W25/><G15/><T65/><D68/><U36/><E36/><V75/><F75/><W82/><G25/><T24/><D24/><U51/><E125/><V8/><REACH who="2" step="1"/><F57/><REACH who="2" step="2"/><W11/><G87/><T90/><D72/><U44/><E126/><V134/><F134/><W133/><G133/><T59/><D73/><U32/><E56/><V31/><AGARI ba="0,1" hai="7,8,14,20,26,31,37,39,77,80,85,86,89,94" machi="31" ten="20,3900,0" yaku="1,1,0,1,7,1,53,0" doraHai="13" doraHaiUra="112" who="2" fromWho="2" sc="210,-13,230,-13,230,49,320,-13" /><INIT seed="2,1,0,3,1,22" ten="197,217,279,307" oya="2" hai0="12,60,31,39,16,53,122,134,1,14,116,88,103" hai1="46,93,92,11,111,128,76,82,112,7,105,23,21" hai2="96,30,18,118,121,107,84,81,109,70,113,123,117" hai3="41,72,55,40,67,17,80,129,10,4,131,63,99" shuffle="mt19937ar,7C336F99,CDE2D19E,45930CC4,E7A27463,22B0F1DC,43425F85,7F91D736,086A21C1"/><V6/><F70/><W135/><G72/><T19/><D122/><N who="2" m="46602" /><F18/><N who="0" m="6698" /><D1/><U20/><E105/><V50/><F50/><W86/><G135/><T26/><D134/><U15/><E46/><V52/><F52/><W9/><G10/><T74/><D116/><N who="2" m="44650" /><F6/><W104/><G104/><T87/><D39/><U94/><E128/><N who="3" m="49226" /><G99/><T34/><D74/><U61/><E61/><V33/><F30/><W101/><G101/><T106/><D103/><U108/><REACH who="1" step="1"/><E112/><REACH who="1" step="2"/><V37/><F37/><W49/><G63/><T24/><D60/><U59/><E59/><V38/><F38/><W125/><G125/><T44/><D106/><U29/><E29/><V28/><F28/><W100/><G17/><T27/><D44/><U13/><E13/><N who="0" m="5225" /><D53/><U71/><E71/><V126/><F126/><W83/><G100/><T43/><D43/><U25/><E25/><N who="0" m="6401" /><T78/><DORA hai="114" /><D78/><U91/><E91/><V133/><F113/><W3/><G67/><T56/><D56/><U51/><E51/><V64/><F64/><W2/><G2/><T58/><D58/><U89/><E89/><V36/><F36/><W127/><G127/><T57/><D57/><U0/><E0/><V130/><F133/><W45/><G86/><AGARI ba="1,1" hai="7,11,15,20,21,23,76,82,86,92,93,94,108,111" machi="86" ten="40,5200,0" yaku="1,1,53,2" doraHai="22,114" doraHaiUra="132,120" who="1" fromWho="3" sc="197,0,207,65,279,0,307,-55" /><INIT seed="3,0,0,2,3,117" ten="197,272,279,252" oya="3" hai0="59,9,111,48,27,119,5,61,4,49,63,109,82" hai1="85,98,65,30,108,36,131,80,31,128,118,34,7" hai2="69,55,62,24,113,86,94,134,38,39,72,77,46" hai3="70,42,1,93,100,120,125,84,102,3,112,97,67" shuffle="mt19937ar,52623494,2782AA4B,F5FEE542,1331BE28,62484D44,DABEC98B,EDB299C5,CBD25A9A"/><W132/><G120/><T135/><D119/><U20/><E36/><V21/><F72/><W40/><G112/><T91/><D135/><U73/><E118/><V14/><F113/><W68/><G132/><T18/><D82/><U54/><E73/><V124/><F124/><W50/><G125/><T10/><D91/><U78/><E34/><V106/><F106/><W96/><G50/><T75/><D75/><U51/><E65/><V123/><F134/><W90/><G67/><T107/><D59/><U26/><E7/><V57/><F69/><W76/><G90/><T74/><D74/><U79/><E79/><V83/><F123/><W17/><G76/><T115/><D107/><U95/><E108/><V8/><F46/><W89/><G89/><T6/><D115/><U103/><E131/><V11/><F94/><W22/><G93/><T127/><D6/><U66/><E66/><V37/><REACH who="2" step="1"/><F14/><REACH who="2" step="2"/><W44/><G44/><T33/><D127/><U122/><E128/><V116/><F116/><W35/><G35/><T58/><D33/><U53/><E122/><V28/><AGARI ba="0,1" hai="8,11,21,24,28,37,38,39,55,57,62,77,83,86" machi="28" ten="30,2000,0" yaku="1,1,0,1,53,0" doraHai="117" doraHaiUra="15" who="2" fromWho="2" sc="197,-5,272,-5,269,30,252,-10" /><INIT seed="4,0,0,5,5,39" ten="192,267,299,242" oya="0" hai0="104,47,131,40,7,107,84,106,34,89,124,71,3" hai1="97,58,129,11,50,85,90,62,33,76,126,45,127" hai2="46,128,81,92,66,111,36,31,72,43,5,78,25" hai3="26,100,2,19,42,10,79,9,59,24,122,14,98" shuffle="mt19937ar,A49A0F65,DB83EBE8,BE6DDAE4,216C6234,F5BD0A45,8905BE51,F10F18C6,8E8367B1"/><T108/><D131/><U23/><E33/><V64/><F128/><W55/><G122/><T16/><D124/><U114/><E129/><V91/><F111/><W123/><G123/><T116/><D116/><U102/><E11/><V35/><REACH who="2" step="1"/><F5/><REACH who="2" step="2"/><W88/><G79/><T68/><D108/><U28/><E76/><V132/><F132/><W117/><G117/><T18/><D34/><U4/><E127/><V61/><F61/><W130/><G130/><T56/><D68/><U67/><E4/><V101/><F101/><W94/><G100/><T37/><D71/><U133/><E133/><V118/><F118/><W86/><G98/><AGARI ba="0,1" hai="25,31,35,36,43,46,64,66,72,78,81,91,92,98" machi="98" ten="30,7700,0" yaku="1,1,7,1,52,1,53,1" doraHai="39" doraHaiUra="29" who="2" fromWho="3" sc="192,0,267,0,289,87,242,-77" /><INIT seed="5,0,0,1,0,75" ten="192,267,376,165" oya="1" hai0="127,65,111,126,53,110,128,73,9,132,72,125,77" hai1="8,22,11,7,56,112,4,88,116,99,40,87,36" hai2="2,27,47,89,57,92,39,130,38,19,6,82,78" hai3="29,121,81,90,68,52,10,25,108,30,67,61,35" shuffle="mt19937ar,C867E701,07596318,CF80B513,177DA839,B6B5396F,0085F126,604984B7,5BD571DB"/><U131/><E116/><V18/><F130/><W20/><G121/><T101/><D65/><U98/><E131/><V42/><F38/><W26/><G108/><N who="0" m="41515" /><D9/><U24/><E40/><V134/><F134/><W60/><G10/><N who="1" m="3626" /><E36/><V71/><F71/><W13/><G13/><T70/><D128/><U119/><E112/><V102/><F102/><W123/><G123/><T45/><D70/><U21/><E56/><V49/><F6/><N who="1" m="2089" /><E119/><V79/><F2/><W58/><REACH who="3" step="1"/><G81/><REACH who="3" step="2"/><N who="0" m="45223" /><D45/><U15/><E15/><V94/><F27/><W122/><G122/><T85/><D53/><U14/><E14/><V17/><F39/><W100/><G100/><T117/><D132/><U64/><E24/><V96/><F57/><W32/><G32/><T50/><D117/><U124/><E124/><N who="0" m="31745" /><T105/><DORA hai="55" /><D50/><U44/><E44/><V1/><F1/><W86/><G86/><T93/><D73/><U80/><E64/><V23/><F23/><AGARI ba="0,1" hai="21,22,23,80,87,88,98,99" m="2089,3626" machi="23" ten="30,2900,0" yaku="8,1,54,1" doraHai="75,55" who="1" fromWho="2" sc="192,0,267,39,376,-29,155,0" /><INIT seed="5,1,0,2,4,5" ten="192,306,347,155" oya="1" hai0="18,63,104,48,81,32,69,13,105,130,116,37,124" hai1="51,98,91,119,79,67,26,42,52,21,111,11,22" hai2="57,75,29,74,35,4,30,46,96,45,17,82,38" hai3="78,7,97,115,93,120,101,0,89,83,2,133,134" shuffle="mt19937ar,E62ED4D1,C283E4CF,DB3A341C,B2C0ECF1,504124DD,22E0FB65,0FDEA5D9,1D59156D"/><U114/><E119/><V86/><F38/><W72/><G0/><T66/><D116/><U100/><E67/><V20/><F4/><W62/><G115/><T15/><D130/><U60/><E79/><V12/><F75/><W53/><G62/><T108/><D108/><U59/><E114/><V36/><F74/><W73/><G2/><T3/><D124/><U77/><E77/><V68/><F68/><W39/><G39/><T128/><D3/><U28/><E91/><V109/><F109/><W132/><G7/><T19/><D128/><U6/><E111/><V58/><F36/><W103/><G53/><T44/><D32/><U1/><E22/><V50/><F96/><W88/><G120/><T118/><D37/><U25/><E25/><V90/><F35/><W40/><G40/><T49/><D118/><U129/><E129/><V135/><F135/><W76/><REACH who="3" step="1"/><G89/><REACH who="3" step="2"/><T95/><D105/><U33/><E42/><N who="2" m="24887" /><F46/><W113/><G113/><T14/><D104/><U117/><E117/><V65/><F57/><W84/><G84/><T123/><D123/><U94/><REACH who="1" step="1"/><E33/><REACH who="1" step="2"/><V85/><F85/><W47/><G47/><T70/><D70/><U92/><E92/><V87/><F87/><W27/><G27/><T64/><D95/><U54/><E54/><V107/><F107/><W56/><G56/><T127/><D66/><U24/><E24/><V9/><F20/><W126/><G126/><T125/><D81/><AGARI ba="1,2" hai="72,73,76,78,81,83,88,93,97,101,103,132,133,134" machi="81" ten="40,12000,2" yaku="1,1,9,1,20,1,34,3,54,1,53,0" doraHai="5" doraHaiUra="80" who="3" fromWho="0" sc="192,-123,296,0,347,0,145,143" /><INIT seed="6,0,0,5,0,29" ten="69,296,347,288" oya="2" hai0="107,80,48,119,53,75,112,56,62,114,130,98,3" hai1="122,28,94,45,5,126,116,127,35,125,33,66,72" hai2="82,26,113,135,71,7,30,61,52,60,87,95,96" hai3="86,85,36,16,65,47,25,76,121,14,9,41,93" shuffle="mt19937ar,E8D98654,E68A640C,CDB6081D,A8C8B7FC,A736D571,E80EC8A3,C7BB1B4B,58391628"/><V108/><F71/><W97/><G121/><T10/><D119/><U49/><E72/><V18/><F7/><W123/><G123/><T31/><D130/><U78/><E78/><V105/><F105/><W32/><G32/><N who="1" m="12362" /><E28/><V58/><F30/><W8/><G65/><T27/><D75/><U57/><E122/><V42/><F42/><W24/><G76/><T74/><D74/><U21/><E5/><V102/><F18/><W69/><G69/><T51/><D80/><U19/><E94/><V92/><F95/><W134/><G134/><T90/><D112/><U46/><E116/><V70/><F113/><W88/><REACH who="3" step="1"/><G9/><REACH who="3" step="2"/><T63/><D114/><U54/><E66/><V84/><F70/><W100/><G100/><T117/><D117/><U124/><E124/><V50/><F102/><W1/><G1/><T91/><D10/><U0/><E0/><V118/><F135/><W99/><G99/><T12/><D3/><U132/><E132/><V115/><F96/><W43/><G43/><T110/><D110/><U128/><E128/><V20/><F108/><W64/><G64/><T59/><D12/><AGARI ba="0,1" hai="12,19,21,45,46,49,54,57,125,126,127" m="12362" machi="12" ten="40,8000,1" yaku="18,1,52,3" doraHai="29" who="1" fromWho="0" sc="69,-80,296,90,347,0,278,0" owari="-11,-51,386,48,347,15,278,-12" /></mjloggm>