<mjloggm ver="2.3"><GO type="41"/><UN n0="%E3%81%AB%E3%81%82%E3%82%93%E3%81%93" n1="%70%62%30%30%33" n2="%E3%81%BD%E3%82%8B%E3%81%9D%E3%83%BC" n3="%E3%82%A6%E3%83%AB%E3%83%88%E3%83%A9%E7%AB%8B%E7%9B%B4" dan="15,13,14,13" rate="2085,1821,1867,1921" sx="M,M,M,M"/><TAIKYOKU oya="0"/><INIT seed="0,0,0,5,1,17" ten="250,250,250,250" oya="0" hai0="51,88,36,91,135,113,107,110,70,108,7,38,78" hai1="39,16,58,46,63,79,86,122,100,116,19,80,89" hai2="55,9,105,120,52,6,118,31,66,103,22,96,50" hai3="3,119,1,87,34,28,82,93,54,114,75,25,94"/><T26/><D113/><U10/><E122/><V2/><F118/><W44/><G119/><T27/><D107/><U81/><E116/><V23/><F31/><W117/><G114/><T76/><D70/><U41/><E100/><V92/><F66/><W62/><G75/><T0/><D0/><U11/><E11/><V132/><F132/><W43/><G117/><T13/><D135/><U129/><E129/><V57/><F120/><W8/><G3/><T20/><D51/><U18/><E10/><V59/><F105/><W123/><G123/><T33/><D33/><U73/><E19/><V4/><F6/><W12/><G1/><T32/><D32/><U71/><E71/><V77/><F77/><N who="0" m="29802" /><D13/><U98/><E98/><V68/><F68/><W45/><G82/><T99/><D7/><U112/><REACH who="1" step="1"/><E112/><REACH who="1" step="2"/><V102/><F102/><W127/><G8/><T130/><D130/><U104/><E104/><V74/><F74/><W121/><G121/><T65/><D99/><U60/><E60/><AGARI ba="0,1" hai="2,4,9,22,23,50,52,55,57,59,60,92,96,103" machi="60" ten="30,7700,0" yaku="7,1,52,2,54,1" doraHai="17" who="2" fromWho="1" sc="250,0,240,-77,250,87,250,0" /><INIT seed="1,0,0,5,3,21" ten="250,163,337,250" oya="1" hai0="119,90,59,129,71,75,9,5,102,98,89,49,41" hai1="52,22,104,124,93,33,114,81,42,117,82,130,45" hai2="62,91,7,77,111,116,88,39,26,115,80,1,126" hai3="86,99,18,79,47,29,120,132,105,112,131,135,72"/><U54/><E117/><V35/><F116/><W110/><G18/><T20/><D119/><U113/><E33/><V134/><F39/><W96/><G47/><T73/><D71/><U122/><E122/><V32/><F126/><W57/><G57/><T43/><D129/><U10/><E130/><V63/><F115/><W106/><G131/><T25/><D75/><U74/><E74/><V11/><F134/><N who="3" m="51243" /><G29/><T12/><D73/><U78/><E124/><V133/><F111/><W14/><G14/><T70/><D70/><U53/><E104/><N who="3" m="40042" /><G112/><T48/><D48/><U125/><E125/><V68/><F35/><W4/><G4/><T28/><D43/><U24/><E114/><V66/><F63/><W23/><G23/><T87/><D41/><U123/><E123/><V107/><F107/><W44/><G44/><T60/><D49/><N who="1" m="26807" /><E10/><V51/><F51/><W15/><G15/><T3/><D3/><U95/><E113/><V97/><F26/><W6/><G6/><T13/><D13/><U46/><E46/><V2/><F32/><W55/><G120/><T40/><D40/><U83/><E78/><V8/><F8/><W31/><G72/><T108/><D5/><U17/><AGARI ba="0,0" hai="17,22,24,52,53,54,81,82,83,93,95" m="26807" machi="17" ten="30,6000,0" yaku="8,1,52,1,54,1" doraHai="21" who="1" fromWho="1" sc="250,-20,163,60,337,-20,250,-20" /><INIT seed="1,1,0,0,4,40" ten="230,223,317,230" oya="1" hai0="26,121,59,103,114,73,111,88,68,13,43,49,82" hai1="69,19,53,71,96,30,120,27,93,95,112,72,86" hai2="135,113,48,60,50,36,97,28,100,23,83,15,11" hai3="10,65,85,46,47,124,66,94,127,39,54,118,91"/><U14/><E120/><V132/><F36/><W115/><G39/><T79/><D68/><U76/><E112/><V17/><F83/><W21/><G115/><T1/><D114/><U129/><E129/><V45/><F113/><W67/><G118/><T29/><D1/><U133/><E133/><N who="2" m="51275" /><F60/><W81/><G10/><T44/><D121/><U119/><E119/><V51/><F28/><W84/><G21/><T33/><D111/><U58/><E72/><V18/><F18/><W24/><G24/><T62/><D103/><U99/><E71/><V80/><F80/><W35/><G35/><T74/><D13/><U130/><E69/><V117/><F23/><W105/><G105/><T64/><D74/><U2/><E2/><V122/><F117/><W22/><G22/><T63/><D63/><U32/><E130/><V98/><F122/><W77/><REACH who="3" step="1"/><G54/><REACH who="3" step="2"/><T104/><D104/><U9/><E76/><V110/><F110/><W109/><G109/><T42/><D33/><U3/><E3/><V7/><F11/><W16/><G16/><T106/><D106/><U57/><E53/><V38/><F38/><W37/><G37/><T61/><D26/><U4/><E19/><V8/><F17/><W92/><G92/><T75/><D29/><U125/><E32/><V101/><F101/><W56/><G56/><T89/><D59/><U41/><E30/><V55/><F100/><W5/><G5/><T108/><D108/><U128/><E128/><V12/><F12/><W52/><G52/><T134/><D82/><U31/><E31/><V6/><F6/><W78/><G78/><RYUUKYOKU ba="1,1" sc="230,-15,223,-15,317,15,220,15" hai2="7,8,15,45,48,50,51,55,97,98" hai3="46,47,65,66,67,77,81,84,85,91,94,124,127" /><INIT seed="2,2,1,5,5,49" ten="215,208,332,235" oya="2" hai0="110,70,90,35,46,74,106,4,48,71,37,53,98" hai1="112,8,122,130,13,77,42,73,5,135,127,80,61" hai2="23,58,116,43,47,114,96,128,11,131,38,94,55" hai3="86,69,111,88,129,76,103,75,25,95,7,14,33"/><V107/><F116/><W27/><G69/><T17/><D74/><U87/><E112/><V121/><F121/><W12/><G129/><N who="2" m="49737" /><F107/><W105/><G111/><T22/><D35/><U126/><E135/><V65/><F65/><W102/><G33/><T44/><D110/><U100/><E122/><V29/><F11/><W109/><G109/><T134/><D134/><U113/><E113/><V97/><F114/><W36/><G36/><T79/><D79/><U91/><E100/><V0/><F0/><W124/><G124/><T57/><D4/><U67/><E42/><V31/><F94/><W1/><G1/><T18/><D71/><U3/><E3/><V26/><F29/><W83/><G103/><T125/><D70/><U72/><E130/><V50/><AGARI ba="2,1" hai="23,26,31,38,43,47,50,55,58,96,97" m="49737" machi="50" ten="30,3000,0" yaku="19,1,52,1" doraHai="49" who="2" fromWho="2" sc="215,-12,208,-12,332,46,235,-12" /><INIT seed="2,3,0,5,5,12" ten="203,196,378,223" oya="2" hai0="26,99,79,95,129,86,52,122,125,87,85,22,58" hai1="94,117,127,67,39,119,88,113,101,70,75,132,82" hai2="71,83,6,41,110,115,4,40,32,43,72,36,134" hai3="77,60,102,44,18,16,98,27,130,0,51,20,23"/><V25/><F115/><W54/><G0/><T118/><D122/><U33/><E101/><V91/><F71/><W73/><G130/><T106/><D106/><U76/><E119/><V131/><F131/><W31/><G73/><T28/><D118/><U100/><E33/><V80/><F134/><W56/><G77/><T1/><D1/><U53/><E39/><V7/><F36/><W49/><G49/><T13/><D129/><U50/><E127/><V107/><F107/><W111/><G111/><T120/><D125/><U48/><E117/><V81/><F110/><W123/><G123/><T69/><D69/><U135/><E100/><V65/><F72/><W46/><G46/><T78/><D120/><U29/><E29/><V24/><F65/><W10/><G10/><T42/><D42/><U97/><E113/><V93/><F32/><W2/><G2/><T8/><D79/><U35/><E35/><V116/><F116/><W126/><G126/><T17/><D78/><U121/><E121/><V96/><AGARI ba="3,0" hai="4,6,7,24,25,40,41,43,80,81,83,91,93,96" machi="96" ten="40,12000,1" yaku="0,1,29,2,8,1" doraHai="12" who="2" fromWho="2" sc="203,-43,196,-43,378,129,223,-43" /><INIT seed="2,4,0,0,3,8" ten="160,153,507,180" oya="2" hai0="34,30,35,124,99,73,16,31,82,88,70,60,57" hai1="15,0,129,130,36,5,6,17,85,29,109,37,104" hai2="101,18,80,20,95,84,100,120,26,51,67,103,59" hai3="113,83,105,77,72,53,133,62,97,106,42,46,43"/><V90/><F120/><W131/><G131/><N who="1" m="50186" /><E104/><V94/><F67/><W3/><G3/><T11/><D70/><U79/><E29/><V127/><F127/><W66/><G133/><T108/><D124/><U110/><E0/><V4/><F4/><N who="1" m="1641" /><E85/><V93/><F93/><W27/><G27/><T9/><D35/><U122/><E79/><V87/><F87/><W102/><G106/><T41/><D34/><U28/><E28/><N who="0" m="10793" /><D73/><U7/><E122/><V56/><F56/><W33/><G33/><T54/><D108/><N who="1" m="41579" /><E17/><V69/><F69/><W45/><G113/><T12/><D41/><U91/><E91/><V68/><F68/><W96/><G96/><T23/><D99/><U92/><E92/><V118/><F94/><W135/><G43/><T65/><D65/><U112/><E112/><V107/><F95/><W55/><G42/><T117/><D117/><U32/><E32/><V1/><F118/><W63/><G66/><T21/><D21/><U14/><N who="1" m="1649" /><U121/><DORA hai="119" /><E121/><V114/><F107/><W75/><G97/><T126/><D126/><U61/><E61/><V52/><F114/><W39/><G105/><T40/><D40/><U98/><E98/><V116/><F116/><W89/><G77/><T134/><D134/><U38/><AGARI ba="4,0" hai="14,15,36,37,38" m="41579,1649,50186" machi="38" ten="50,12000,2" yaku="28,2,19,1,14,1,52,2" doraHai="8,119" who="1" fromWho="1" sc="160,-34,153,132,507,-64,180,-34" /><INIT seed="3,0,0,0,3,53" ten="126,285,443,146" oya="3" hai0="10,113,38,73,18,97,133,0,6,22,33,40,100" hai1="4,85,9,81,57,70,61,65,52,50,11,21,25" hai2="80,39,76,135,35,108,54,29,12,103,95,64,109" hai3="74,78,55,101,42,98,102,134,69,2,125,87,115"/><W26/><G69/><T32/><D133/><U36/><E36/><V128/><F39/><W17/><G2/><T37/><D113/><U45/><E70/><V116/><F135/><W99/><G134/><T48/><D73/><U132/><E4/><V106/><F106/><W82/><G115/><T14/><D33/><U13/><E13/><V92/><F128/><W20/><G42/><T90/><D32/><U23/><E21/><V121/><F121/><W84/><G125/><T49/><D90/><N who="1" m="51503" /><E132/><V34/><F64/><W3/><G3/><T104/><D49/><U119/><E119/><V31/><F12/><W122/><G122/><T88/><D48/><U56/><E45/><V30/><F103/><W7/><G7/><T75/><D40/><U63/><E61/><V118/><F54/><W28/><G28/><AGARI ba="0,0" hai="9,11,23,25,28,50,52,56,57,63,65" m="51503" machi="28" ten="30,7700,0" yaku="8,1,52,2,54,1" doraHai="53" who="1" fromWho="3" sc="126,0,285,77,443,0,146,-77" /><INIT seed="4,0,0,2,2,15" ten="126,362,443,69" oya="0" hai0="65,66,23,118,35,34,63,38,29,104,127,79,113" hai1="36,88,107,103,95,22,117,130,100,11,58,133,42" hai2="99,120,90,39,50,110,94,71,74,55,4,126,30" hai3="93,26,121,119,78,81,70,122,32,84,125,31,52"/><T24/><D118/><U6/><E117/><V97/><F74/><W59/><G70/><T64/><D38/><U80/><E107/><V77/><F71/><W28/><G119/><T43/><D104/><U16/><E130/><V49/><F77/><W46/><G125/><T7/><D127/><U132/><E36/><V27/><F110/><W45/><G31/><T98/><D43/><U21/><E42/><V76/><F76/><W83/><G83/><T129/><D79/><U112/><E58/><V108/><F39/><W48/><REACH who="3" step="1"/><G93/><REACH who="3" step="2"/><T106/><D29/><U3/><E80/><V51/><F126/><W17/><G17/><T101/><D129/><U124/><E124/><V82/><F82/><W109/><G109/><T68/><D7/><U111/><E111/><V135/><F4/><W0/><G0/><T12/><D68/><U54/><E3/><V60/><F108/><W14/><G14/><T85/><D12/><U47/><E6/><V128/><F30/><W56/><G56/><T25/><D25/><U13/><E112/><V96/><F128/><W57/><G57/><T105/><D113/><U1/><E1/><V20/><F27/><W41/><G41/><T102/><D106/><U87/><E133/><V9/><F94/><W19/><G19/><T131/><D105/><U67/><E132/><V37/><F135/><W92/><G92/><T69/><D131/><U53/><E16/><V33/><F37/><W61/><G61/><T2/><D63/><U73/><E95/><V18/><F60/><W8/><G8/><T134/><D134/><U62/><E62/><RYUUKYOKU ba="0,1" sc="126,-10,362,-10,443,-10,59,30" hai3="26,28,32,45,46,48,52,59,78,81,84,121,122" /><INIT seed="5,1,1,1,5,27" ten="116,352,433,89" oya="1" hai0="97,18,127,125,12,128,50,48,73,77,99,104,81" hai1="114,118,23,47,123,113,54,3,124,56,41,122,53" hai2="61,119,72,9,10,51,111,69,74,109,16,112,120" hai3="5,26,52,87,24,79,62,86,63,93,78,14,7"/><U98/><E3/><V39/><F119/><W6/><G14/><T19/><D128/><U80/><E118/><V126/><F39/><W91/><G26/><T133/><D133/><U49/><E124/><N who="0" m="47689" /><D19/><U82/><E98/><N who="0" m="37385" /><D104/><U94/><E94/><V85/><F126/><W95/><G24/><T32/><D32/><U130/><E130/><V75/><F112/><N who="1" m="43113" /><E23/><AGARI ba="1,1" hai="12,18,23,48,50,73,77,81" m="37385,47689" machi="23" ten="30,1000,0" yaku="18,1" doraHai="27" who="0" fromWho="1" sc="116,23,352,-13,433,0,89,0" /><INIT seed="6,0,0,4,3,99" ten="139,339,433,89" oya="2" hai0="122,49,6,130,30,69,38,89,0,111,14,119,126" hai1="98,58,53,7,59,102,8,81,23,79,104,107,63" hai2="116,36,121,16,52,82,47,74,57,132,5,21,86" hai3="70,112,17,117,80,85,25,26,115,44,20,71,29"/><V24/><F121/><W10/><G71/><T1/><D49/><U18/><E63/><V11/><F132/><W94/><G70/><T123/><D89/><U31/><E31/><V105/><F105/><W64/><G64/><T109/><D30/><U12/><E107/><V50/><F36/><W101/><G44/><T2/><D14/><U51/><E51/><V90/><F74/><W108/><G108/><T22/><D22/><U19/><E53/><V27/><F27/><W3/><G117/><T60/><D60/><U133/><E133/><V93/><F116/><W120/><G120/><T43/><D43/><U72/><REACH who="1" step="1"/><E19/><REACH who="1" step="2"/><V127/><F127/><W34/><G29/><T39/><D123/><U45/><E45/><V4/><F47/><W28/><G28/><T65/><D111/><U15/><AGARI ba="0,1" hai="7,8,12,15,18,23,58,59,72,79,81,98,102,104" machi="15" ten="20,5200,0" yaku="1,1,0,1,7,1,52,1,53,0" doraHai="99" doraHaiUra="131" who="1" fromWho="1" sc="139,-13,329,62,433,-26,89,-13" /><INIT seed="7,0,0,1,5,120" ten="126,391,407,76" oya="3" hai0="101,33,104,90,8,69,24,32,79,0,35,125,25" hai1="134,132,80,3,22,17,110,87,36,97,20,4,48" hai2="124,40,109,85,117,62,131,86,65,98,53,47,128" hai3="21,43,75,46,123,113,18,29,9,16,10,6,42"/><W37/><G123/><T72/><D90/><N who="1" m="51559" /><E36/><V122/><F109/><W95/><G113/><T89/><D89/><U71/><E71/><V58/><F117/><W78/><G9/><T108/><D25/><N who="1" m="14479" /><E22/><V56/><F98/><W1/><G43/><T61/><D125/><U60/><E97/><V68/><F124/><W103/><G29/><T115/><D115/><U66/><E48/><N who="2" m="30759" /><F68/><W13/><G18/><T23/><D23/><U63/><E66/><V19/><F19/><W100/><REACH who="3" step="1"/><G95/><REACH who="3" step="2"/><T74/><D8/><N who="1" m="2079" /><E110/><V54/><F122/><W102/><G102/><T112/><D108/><U77/><E77/><V81/><F40/><W129/><G129/><T114/><D114/><U57/><E57/><V126/><F126/><W59/><G59/><T105/><D112/><U76/><E76/><V38/><F131/><W50/><G50/><T51/><D79/><U2/><E2/><V116/><F128/><W133/><G133/><AGARI ba="0,1" hai="60,63,132,133,134" m="2079,14479,51559" machi="133" ten="30,1000,0" yaku="20,1" doraHai="120" who="1" fromWho="3" sc="126,0,391,20,407,0,66,-10" owari="126,-27,411,50,407,21,56,-44" /></mjloggm>