<mjloggm ver="2.3"><GO type="41"/><UN n0="%E3%82%A6%E3%83%AB%E3%83%88%E3%83%A9%E7%AB%8B%E7%9B%B4" n1="%E3%82%80%E3%81%86%E3%81%BF%E3%82%93%E6%A7%98" n2="%2D%72%6F%6E%2D" n3="%E7%84%A1%E9%A0%BC%E5%A0%82%E7%A9%BA%E6%B5%81" dan="14,15,14,15" rate="1913,1988,1950,2176" sx="M,M,F,M"/><TAIKYOKU oya="0"/><INIT seed="0,0,0,0,0,117" ten="250,250,250,250" oya="0" hai0="51,9,22,26,123,44,99,7,133,130,53,25,6" hai1="34,3,45,79,16,40,101,122,54,29,23,32,13" hai2="37,94,60,47,73,41,10,8,124,64,17,1,28" hai3="52,80,69,70,35,113,91,49,119,72,50,61,14"/><T120/><D130/><U81/><E3/><V39/><F28/><W67/><G35/><T116/><D116/><U89/><E101/><V77/><F37/><W90/><G113/><T62/><D133/><U125/><E125/><V66/><F124/><W58/><G70/><T96/><D96/><U21/><E89/><V4/><F94/><W114/><G114/><T105/><D105/><U128/><E128/><V132/><F132/><W83/><G119/><T95/><D62/><U19/><E29/><V27/><F60/><W74/><G50/><T104/><D104/><U129/><E54/><V111/><F111/><W12/><G80/><T86/><D86/><U30/><E30/><V43/><F43/><W121/><G121/><T106/><D106/><U134/><E129/><V24/><F24/><W126/><G126/><T75/><D75/><U0/><E122/><V108/><F108/><W71/><G71/><T92/><D92/><U103/><E0/><V57/><F57/><W48/><G48/><T102/><D7/><U112/><E103/><V98/><F98/><W20/><G12/><T18/><D26/><U15/><E134/><V100/><F100/><W88/><REACH who="3" step="1"/><G83/><REACH who="3" step="2"/><T42/><D42/><U93/><E112/><V31/><F10/><W55/><G55/><T82/><D82/><U33/><E33/><N who="2" m="20735" /><F17/><AGARI ba="0,1" hai="14,17,20,49,52,58,61,67,69,72,74,88,90,91" machi="17" ten="40,5200,0" yaku="1,1,54,2,53,0" doraHai="117" doraHaiUra="115" who="3" fromWho="2" sc="250,0,250,0,250,-52,240,62" /><INIT seed="1,0,0,5,2,35" ten="250,250,198,302" oya="1" hai0="79,108,0,88,85,93,76,117,56,110,12,86,4" hai1="21,84,91,41,11,74,66,122,19,55,67,120,100" hai2="80,135,95,82,116,57,52,3,43,121,6,49,130" hai3="25,92,24,37,105,111,131,129,103,87,32,39,18"/><U17/><E74/><V70/><F121/><W81/><G111/><N who="0" m="42539" /><D12/><U10/><E120/><V112/><F116/><W127/><G127/><T126/><D117/><U134/><E122/><V63/><F135/><W47/><G105/><T27/><D27/><N who="3" m="10313" /><G47/><T68/><D68/><U15/><E134/><V83/><F130/><N who="3" m="49675" /><G18/><T64/><D126/><U53/><E41/><V54/><F112/><W61/><G61/><N who="0" m="37927" /><D86/><U101/><E15/><V107/><F107/><W77/><G32/><T78/><D4/><U9/><E21/><V119/><F119/><W2/><G2/><AGARI ba="0,0" hai="0,2,76,78,79,85,88,93" m="37927,42539" machi="2" ten="30,7700,0" yaku="14,1,52,2,54,1" doraHai="35" who="0" fromWho="3" sc="250,77,250,0,198,0,302,-77" /><INIT seed="2,0,0,0,1,107" ten="327,250,198,225" oya="2" hai0="28,75,16,36,40,24,102,43,110,10,74,134,114" hai1="76,25,50,84,60,2,128,133,99,66,95,34,26" hai2="63,71,68,80,47,111,108,87,29,7,115,57,70" hai3="82,94,52,125,135,65,44,49,11,109,86,101,79"/><V96/><F115/><W91/><G109/><N who="2" m="42057" /><F7/><W117/><G117/><T37/><D110/><U45/><E2/><V23/><F96/><W0/><G135/><T123/><D123/><U27/><E133/><V104/><F104/><W121/><G121/><T88/><D102/><U56/><E128/><V54/><F47/><W55/><G125/><T20/><D134/><U89/><E34/><V33/><F33/><W127/><G127/><T97/><D114/><U106/><E106/><V73/><F73/><W81/><G101/><T129/><D129/><U22/><E76/><N who="2" m="46471" /><F68/><W67/><G81/><T126/><D126/><U35/><E99/><V53/><F53/><W119/><G119/><T132/><D132/><U103/><E103/><V13/><F29/><W4/><REACH who="3" step="1"/><G55/><REACH who="3" step="2"/><T19/><D40/><N who="1" m="24871" /><E35/><V90/><F90/><W5/><G5/><T14/><D43/><U78/><E78/><V116/><F116/><W32/><G32/><T31/><D37/><U15/><E15/><V18/><AGARI ba="0,1" hai="13,18,23,54,57,63,70,71" m="46471,42057" machi="18" ten="30,3000,0" yaku="14,1,10,1" doraHai="107" who="2" fromWho="2" sc="327,-10,250,-10,198,40,215,-10" /><INIT seed="2,1,0,2,3,13" ten="317,240,238,205" oya="2" hai0="38,100,69,118,97,85,71,119,67,52,63,57,37" hai1="87,15,70,128,114,23,86,50,77,111,90,55,48" hai2="31,94,103,26,72,109,6,66,33,127,49,107,44" hai3="42,113,120,126,112,83,99,78,36,22,104,110,130"/><V14/><F72/><N who="3" m="43463" /><G120/><T60/><D85/><U105/><E70/><V92/><F127/><W84/><G42/><T16/><D97/><U102/><E105/><V54/><F66/><W35/><G36/><T133/><D100/><U47/><E102/><V75/><F75/><W32/><G22/><T80/><D80/><U41/><E111/><V125/><F125/><W7/><G7/><T11/><D133/><U1/><E1/><V18/><F6/><W29/><G126/><T43/><D71/><U121/><E121/><V101/><F109/><W39/><G39/><T116/><D43/><U96/><E96/><V34/><F34/><N who="3" m="12843" /><G29/><T81/><D81/><U61/><E61/><V89/><F107/><W17/><G84/><T46/><D46/><U8/><E77/><V9/><REACH who="2" step="1"/><F94/><REACH who="2" step="2"/><W62/><G110/><T117/><D117/><U68/><E68/><V4/><F4/><W106/><G104/><T98/><D98/><AGARI ba="1,1" hai="9,14,18,26,31,33,44,49,54,89,92,98,101,103" machi="98" ten="30,5800,0" yaku="1,1,7,1,52,1,53,0" doraHai="13" doraHaiUra="65" who="2" fromWho="0" sc="317,-61,240,0,228,71,205,0" /><INIT seed="2,2,0,0,4,27" ten="256,240,299,205" oya="2" hai0="132,21,52,45,12,71,110,42,57,16,8,81,127" hai1="133,50,116,112,1,98,67,102,60,73,34,108,106" hai2="114,53,115,33,14,30,72,92,3,38,109,24,5" hai3="77,59,135,55,93,4,36,107,91,88,9,28,96"/><V49/><F38/><W85/><G36/><T131/><D71/><U87/><E116/><V104/><F104/><W25/><G135/><T2/><D132/><U101/><E101/><V86/><F72/><W128/><G77/><T37/><D127/><U94/><E133/><V74/><F74/><W120/><G120/><T130/><D110/><U97/><E112/><V13/><F3/><W124/><G124/><T111/><D81/><U113/><E108/><V15/><F109/><W58/><G128/><N who="0" m="49195" /><D2/><U48/><E113/><V78/><F5/><W0/><G107/><T17/><D111/><U121/><E1/><V89/><REACH who="2" step="1"/><F78/><REACH who="2" step="2"/><W80/><REACH who="3" step="1"/><G55/><REACH who="3" step="2"/><T56/><D52/><U44/><E73/><V125/><F125/><W100/><G100/><T103/><D103/><U75/><E75/><V62/><F62/><W66/><G66/><T122/><D122/><U6/><E60/><V69/><F69/><W23/><AGARI ba="2,2" hai="0,4,9,23,25,28,58,59,80,85,88,91,93,96" machi="23" ten="20,8000,1" yaku="1,1,0,1,7,1,52,1,54,1,53,0" doraHai="27" doraHaiUra="29" who="3" fromWho="3" sc="256,-22,240,-22,289,-42,195,106" /><INIT seed="3,0,0,0,4,10" ten="234,218,247,301" oya="3" hai0="5,87,45,77,97,134,108,123,65,48,117,124,4" hai1="58,25,94,115,39,81,14,42,6,121,100,76,3" hai2="32,103,31,15,13,70,37,113,86,128,120,69,104" hai3="106,61,101,49,112,91,54,93,122,23,57,51,135"/><W11/><G112/><T102/><D108/><U84/><E115/><V110/><F113/><W126/><G122/><T59/><D123/><U133/><E121/><V105/><F110/><W109/><G109/><T20/><D117/><U28/><E133/><V78/><F120/><W12/><G126/><T47/><D124/><U0/><E39/><V74/><F37/><W18/><G135/><T80/><D134/><U116/><E116/><V83/><F128/><W24/><G101/><T95/><D47/><U131/><E131/><V1/><F1/><W98/><REACH who="3" step="1"/><G106/><REACH who="3" step="2"/><T56/><D65/><U64/><E64/><V127/><F127/><W90/><G90/><T67/><D67/><U119/><E100/><V89/><F105/><W41/><G41/><T92/><D92/><U21/><E42/><V36/><F104/><W107/><G107/><T53/><D4/><AGARI ba="0,1" hai="4,11,12,18,23,24,49,51,54,57,61,91,93,98" machi="4" ten="30,18000,2" yaku="1,1,7,1,25,2,8,1,52,1,53,1" doraHai="10" doraHaiUra="88" who="3" fromWho="0" sc="234,-180,218,0,247,0,291,190" /><INIT seed="3,1,0,0,0,37" ten="54,218,247,481" oya="3" hai0="48,85,60,119,99,1,124,17,16,106,86,2,9" hai1="19,39,56,62,34,114,129,58,43,6,128,59,14" hai2="13,117,113,115,83,95,12,126,89,133,134,102,120" hai3="76,103,96,100,54,55,63,69,82,108,80,88,7"/><W0/><G103/><T94/><D106/><U122/><E34/><V73/><F117/><W20/><G108/><T28/><D119/><U35/><E35/><V116/><F116/><W31/><G0/><T4/><D124/><U65/><E6/><V21/><F126/><W70/><G7/><T40/><D28/><U91/><E114/><V98/><F120/><W44/><G100/><T47/><D2/><U127/><E127/><V79/><F21/><W135/><G135/><N who="2" m="51721" /><F13/><W30/><G44/><T72/><D72/><U109/><E109/><V11/><F12/><W24/><G31/><T45/><D60/><U71/><E122/><V46/><F11/><W3/><G3/><T118/><D118/><U8/><E91/><V78/><F46/><W61/><G69/><T87/><REACH who="0" step="1"/><D47/><REACH who="0" step="2"/><N who="1" m="24063" /><E71/><V68/><F68/><W33/><G70/><T121/><D121/><U125/><E125/><V131/><F131/><N who="1" m="50249" /><E62/><V26/><F79/><W49/><G76/><T57/><D57/><U81/><E65/><V104/><F26/><W97/><G24/><T75/><D75/><U27/><E59/><V50/><F50/><W111/><G49/><T5/><D5/><U101/><E27/><V66/><F66/><W29/><G30/><T53/><D53/><U15/><E58/><V74/><F74/><W93/><G55/><T130/><D130/><U110/><E56/><V77/><F77/><W112/><G54/><T23/><D23/><U67/><E110/><V10/><F10/><W51/><G111/><T92/><D92/><U123/><E8/><V64/><F64/><W90/><G29/><RYUUKYOKU ba="1,1" sc="44,15,218,-15,247,15,481,-15" hai0="1,4,9,16,17,40,45,48,85,86,87,94,99" hai2="73,78,83,89,95,98,102,104,113,115" /><INIT seed="4,2,1,3,2,97" ten="59,203,262,466" oya="0" hai0="117,107,57,134,25,17,70,32,33,15,62,101,52" hai1="96,128,65,114,121,40,30,124,28,100,39,71,105" hai2="55,49,38,110,48,87,20,72,51,5,99,60,115" hai3="119,129,26,47,91,14,83,111,135,132,12,93,89"/><T90/><D117/><U24/><E121/><V94/><F72/><W78/><G119/><T11/><D134/><N who="3" m="51241" /><G111/><T2/><D70/><U76/><E30/><V84/><F38/><W79/><G129/><T56/><D2/><U88/><E128/><V118/><F118/><W36/><G26/><T18/><D33/><N who="1" m="20615" /><E124/><V69/><F110/><W75/><G79/><T19/><D32/><U66/><E66/><V102/><F115/><W120/><G120/><T4/><D25/><U73/><E114/><V0/><F0/><W46/><G91/><T109/><D109/><U82/><E88/><V123/><F123/><W50/><G36/><T45/><D90/><U103/><E103/><V27/><F5/><W106/><G106/><T43/><D57/><U29/><E29/><N who="2" m="17639" /><F69/><W59/><G59/><AGARI ba="2,1" hai="48,49,51,55,59,60,84,87,94,99,102" m="17639" machi="59" ten="30,2000,0" yaku="8,1,52,1" doraHai="97" who="2" fromWho="3" sc="59,0,203,0,262,36,466,-26" /><INIT seed="5,0,0,1,2,118" ten="59,203,298,440" oya="1" hai0="32,79,63,38,116,5,14,0,51,28,60,80,50" hai1="134,42,21,13,29,27,93,105,7,37,119,114,26" hai2="125,107,23,4,103,113,131,68,75,132,100,101,18" hai3="86,2,34,44,77,76,70,61,96,40,53,69,73"/><U17/><E119/><V39/><F107/><W66/><G73/><T110/><D14/><U58/><E105/><V1/><F75/><W83/><G34/><T106/><D51/><U115/><E134/><V88/><F39/><W49/><G2/><T43/><D50/><U72/><E72/><V56/><F68/><W41/><G70/><T45/><D60/><U6/><E37/><V108/><F108/><W33/><G33/><T9/><D63/><U78/><E78/><V111/><F111/><W133/><G133/><T82/><D82/><U55/><E42/><V35/><F35/><W95/><G77/><T121/><D106/><U54/><E93/><V52/><F132/><W24/><G24/><N who="0" m="18439" /><D110/><U127/><E127/><V46/><F125/><W130/><G130/><T117/><D80/><U98/><E98/><V99/><F46/><W135/><G135/><T94/><D94/><U11/><E27/><N who="2" m="14839" /><F4/><N who="1" m="1577" /><E58/><V19/><F1/><W89/><AGARI ba="0,0" hai="40,41,44,49,53,61,66,69,76,83,86,89,95,96" machi="89" ten="20,1500,0" yaku="0,1,7,1" doraHai="118" who="3" fromWho="3" sc="59,-4,203,-7,298,-4,440,15" /><INIT seed="6,0,0,3,5,116" ten="55,196,294,455" oya="2" hai0="125,110,16,97,109,79,26,104,59,98,6,43,132" hai1="40,117,41,12,89,100,14,49,8,128,29,83,62" hai2="39,42,23,126,80,19,38,50,70,53,102,127,101" hai3="24,35,105,81,66,87,44,84,118,71,82,75,86"/><V31/><F70/><W37/><G75/><T34/><D125/><N who="2" m="47626" /><F31/><W1/><G1/><T73/><D132/><U21/><E117/><V131/><F80/><W129/><G105/><T7/><D34/><U69/><E128/><V65/><F65/><W123/><G118/><T20/><D79/><U5/><E100/><N who="2" m="38507" /><F42/><W106/><G66/><T0/><D104/><U78/><E69/><V46/><F131/><W68/><G82/><T10/><D73/><U108/><E108/><V45/><F45/><W18/><G81/><T115/><D43/><U22/><E41/><V112/><F112/><W47/><G44/><T119/><D119/><U30/><E62/><V56/><F46/><W32/><G47/><T54/><D115/><U133/><E40/><V96/><F96/><W60/><G68/><T107/><D107/><U130/><E30/><V2/><F2/><W113/><G106/><T88/><D7/><U33/><E29/><V92/><F92/><W28/><G71/><T103/><D103/><U67/><E67/><V124/><N who="2" m="47634" /><V111/><DORA hai="25" /><F111/><W9/><G113/><T122/><D122/><U134/><E130/><V52/><F53/><W57/><G129/><T51/><REACH who="0" step="1"/><D98/><REACH who="0" step="2"/><U55/><E133/><V91/><F91/><W15/><G32/><T85/><D85/><U61/><E134/><V121/><F121/><W135/><G123/><T11/><D11/><U114/><E89/><V64/><F39/><W95/><G135/><T72/><D72/><U3/><E33/><V120/><F38/><W77/><G37/><T36/><D36/><U58/><E114/><RYUUKYOKU ba="0,1" sc="45,30,196,-10,294,-10,455,-10" hai0="0,6,10,16,20,26,51,54,59,88,97,109,110" /><INIT seed="7,1,1,5,2,18" ten="75,186,284,445" oya="3" hai0="16,31,68,70,122,50,115,114,76,116,38,74,60" hai1="79,94,102,124,82,93,17,78,80,128,6,56,133" hai2="41,81,43,9,106,2,52,25,24,87,69,91,62" hai3="132,99,27,104,113,83,7,12,14,77,57,112,95"/><W15/><G95/><N who="1" m="36362" /><E6/><V103/><F106/><W127/><G99/><T123/><D31/><U32/><E32/><V61/><F103/><W35/><G83/><N who="1" m="31786" /><E17/><V45/><F2/><W0/><G132/><T8/><D76/><N who="1" m="29227" /><E56/><N who="2" m="34951" /><F69/><N who="0" m="26730" /><D74/><U58/><E58/><V73/><F73/><W47/><G104/><T55/><D8/><U72/><E133/><V96/><F9/><W20/><G77/><T49/><D16/><U111/><E72/><V48/><F62/><W109/><G109/><T129/><D38/><U67/><E67/><V134/><F134/><W26/><G35/><T63/><D116/><U110/><E124/><V23/><F43/><W42/><G42/><T37/><D37/><U34/><E34/><V10/><F10/><W105/><G105/><T97/><D97/><U108/><E128/><V84/><F96/><W53/><G0/><T89/><D89/><U119/><E102/><V4/><F4/><W64/><G7/><T22/><D22/><U65/><E65/><V100/><F100/><W40/><G40/><T1/><D1/><U90/><E90/><N who="2" m="51471" /><F23/><W28/><G20/><T30/><D30/><U135/><E135/><V85/><F91/><W39/><G39/><T51/><D129/><U130/><E130/><V13/><F13/><W54/><G12/><T126/><D126/><U66/><E66/><V59/><F59/><W11/><G57/><N who="0" m="34879" /><D63/><U21/><E21/><V88/><F88/><W121/><G127/><T33/><D33/><U36/><E36/><V107/><F107/><W125/><G125/><T120/><AGARI ba="1,1" hai="49,50,51,114,115,120,122,123" m="34879,26730" machi="120" ten="50,3200,0" yaku="34,2" doraHai="18" who="0" fromWho="0" sc="75,45,186,-9,284,-9,445,-17" owari="120,-38,177,-22,275,8,428,52" /></mjloggm>