<mjloggm ver="2.3"><GO type="97"/><UN n0="%E3%83%80%E3%83%8B%E5%B7%9D%E3%83%BB%E3%83%A8%E3%82%B4%E3%83%AC" n1="%E3%82%A6%E3%83%AB%E3%83%88%E3%83%A9%E7%AB%8B%E7%9B%B4" n2="%E5%B1%B1%E7%94%B0%E8%BC%AA%E5%AD%90" n3="%E3%81%9F%E3%82%8D%E3%81%9F%E3%82%8D%2E" dan="13,13,16,14" rate="1822,1827,1959,1933" sx="M,M,F,M"/><TAIKYOKU oya="0"/><INIT seed="0,0,0,2,2,63" ten="250,250,250,250" oya="0" hai0="17,125,84,31,21,115,122,131,56,7,19,49,14" hai1="9,68,86,106,2,6,104,0,92,65,120,8,35" hai2="124,133,15,98,76,29,22,99,93,110,134,119,3" hai3="10,26,58,89,130,13,90,75,11,39,43,127,126" shuffle="mt19937ar,64D75919,83F004D5,AFAE52A6,F6F25129,AB523F62,FEC2C2A0,1F419E07,8B84665A,AAA25E96,E251F9E0,0B2A355B,A4B3596F,8F1E7A2E,A08596EA,CAE616C6,1A672EB8,B42D1334,87082BF8,E6021780,A69A1249,EF43638B,C9E6358A,4D6D2240,86A691BF,4C79D289,65ACE04C,2D459723,36324726,3D6C3EA2,ECFFFA18,662F485E,401E2655"/><T121/><D115/><U28/><E86/><V129/><F3/><W100/><G75/><T108/><D7/><N who="1" m="1127" /><E92/><V113/><F113/><W20/><G100/><T95/><D31/><U32/><E120/><V57/><F119/><W4/><G58/><T91/><D125/><N who="3" m="47625" /><G43/><T73/><D73/><U112/><E112/><V102/><F124/><W5/><G39/><T40/><D131/><U71/><E71/><V70/><F70/><W82/><G82/><T51/><D108/><U83/><E83/><V72/><F110/><W38/><G38/><T81/><D19/><U88/><E88/><N who="3" m="33898" /><G130/><T33/><D33/><N who="1" m="12875" /><E28/><V50/><F29/><N who="3" m="17607" /><G11/><T30/><D30/><U79/><E79/><V96/><F76/><W48/><G48/><T52/><D81/><U111/><E111/><V55/><F129/><W116/><G116/><T101/><D101/><U109/><E109/><V42/><F72/><W87/><G87/><T69/><D69/><U12/><E12/><V78/><F42/><W85/><G85/><T47/><AGARI ba="0,0" hai="14,17,21,40,47,49,51,52,56,84,91,95,121,122" machi="47" ten="30,11700,0" yaku="0,1,25,2,54,1" doraHai="63" who="0" fromWho="0" sc="250,117,250,-39,250,-39,250,-39" /><INIT seed="0,1,0,2,4,131" ten="367,211,211,211" oya="0" hai0="68,87,33,113,58,26,123,15,21,1,132,60,59" hai1="57,81,133,38,122,47,27,22,100,110,89,24,0" hai2="117,29,76,92,30,101,135,128,37,126,19,116,106" hai3="11,12,129,70,18,120,54,80,94,78,115,44,52" shuffle="mt19937ar,E3C3ACC7,D983BD5B,F7603A3F,F295E122,2C2394A6,D7669313,31FDCF9D,61CE5022,3922BB49,4954FE89,BA2A06B8,8DCFF2D4,92A31112,458E96AA,0752F853,BD40EED5,8C0634DC,C5C04D4E,B158E12E,9A54F848,5056C6DA,F15EFCD0,DCF8E7B2,A4A0951C,AD0D3815,D8B157BC,7A575EB5,062E2D9D,E05C6C92,DC975A4A,DC29C5B7,F03DEA0B"/><T73/><D1/><U28/><E0/><V125/><F37/><W104/><G70/><T69/><D73/><U3/><E122/><V61/><F106/><W88/><G104/><T20/><D33/><U93/><E3/><V77/><F61/><W13/><G129/><T82/><D113/><U97/><E38/><V124/><F128/><W127/><G115/><T66/><D123/><U91/><E47/><V41/><F41/><W72/><G120/><T35/><D35/><U134/><E110/><V46/><F46/><W71/><G71/><T48/><D15/><U43/><E43/><V9/><F9/><W95/><G95/><T32/><D32/><U99/><E27/><V74/><F19/><W102/><G102/><T108/><D108/><U130/><E130/><V36/><F36/><W112/><G112/><T111/><D111/><U63/><E81/><N who="2" m="45207" /><F77/><W96/><G127/><T90/><D21/><U50/><E50/><V4/><F4/><W8/><G44/><T16/><REACH who="0" step="1"/><D132/><REACH who="0" step="2"/><N who="1" m="50795" /><E99/><N who="2" m="59623" /><F135/><W83/><G83/><T119/><D119/><AGARI ba="1,1" hai="29,30,116,117,119,124,125,126" m="59623,45207" machi="119" ten="40,2600,0" yaku="12,1,18,1" doraHai="131" who="2" fromWho="0" sc="357,-29,211,0,211,39,211,0" /><INIT seed="1,0,0,4,0,24" ten="328,211,250,211" oya="1" hai0="12,35,100,36,9,102,110,5,0,18,83,67,126" hai1="22,26,13,16,21,101,43,72,47,106,88,57,38" hai2="33,120,75,27,133,3,49,63,68,82,127,14,109" hai3="74,23,128,115,99,1,85,103,71,25,46,91,4" shuffle="mt19937ar,492FBEFD,0F86C67E,BB9F838D,67AE2FB7,0ACD72F5,6AD4D5CE,06ACDB24,EF0E28E9,68A78D02,6C4A4807,00C4A2CA,53CE731D,D2AE61EE,5D8BEFF1,C92A94AB,DE666F55,5A6ADF7C,6940536C,FED60FC7,F849DD29,8E185D44,3603ED66,7501BEC4,F6C9C50E,7B9CFF53,4939DBF4,E6801579,CEE61C88,0E5F66D8,1D292DED,52E6ED37,BA4F9B03"/><U10/><E72/><V39/><RYUUKYOKU type="yao9" ba="0,0" sc="328,0,211,0,250,0,211,0" hai2="3,14,27,33,39,49,63,68,75,82,109,120,127,133" /><INIT seed="1,1,0,2,5,80" ten="328,211,250,211" oya="1" hai0="68,95,118,127,31,70,122,13,1,44,14,11,98" hai1="5,61,41,40,106,10,4,27,24,82,121,29,84" hai2="67,0,90,54,16,120,57,117,69,58,18,78,123" hai3="129,17,23,50,107,71,101,110,52,39,74,38,83" shuffle="mt19937ar,61D3BC94,732842C7,E51FB4C4,03A944A3,A0DCB66C,1DC7346C,C8D7D1C4,B83CA12D,29D84858,8C2438BD,5D9BBE5F,3763EDE7,8793544C,2C941B7D,333D78F9,0456CCE8,C7F4CB1D,78FF1E58,1A23E496,2B8C928B,DA3F0B83,234BEBD0,3852B8AF,47E263CC,49FE6D25,90012025,CC3CD0AB,47C572B3,86CC73E7,5E5BCBE6,C83DECAD,9CAF2688"/><U92/><E106/><V53/><F0/><W48/><G71/><T87/><D1/><U60/><E92/><V64/><F78/><W32/><G32/><T8/><D31/><U77/><E121/><V105/><F105/><W128/><G50/><T76/><D122/><N who="2" m="46634" /><F90/><W88/><G101/><T25/><D25/><N who="1" m="9803" /><E29/><V86/><F86/><N who="3" m="50271" /><G107/><T73/><D73/><U97/><E97/><V62/><F62/><N who="1" m="24169" /><E10/><V93/><F69/><W133/><G74/><T119/><D76/><U21/><E21/><V30/><F93/><W109/><G133/><T65/><D65/><N who="2" m="25162" /><F30/><W36/><G23/><T131/><D87/><U56/><E56/><N who="2" m="21611" /><F117/><W66/><G17/><AGARI ba="1,0" hai="16,17,18,53,54" m="21611,25162,46634" machi="17" ten="30,3900,0" yaku="28,2,54,1" doraHai="80" who="2" fromWho="3" sc="328,0,211,0,250,42,211,-42" /><INIT seed="2,0,0,2,1,10" ten="328,211,292,169" oya="2" hai0="77,87,53,90,47,4,63,29,94,42,80,30,99" hai1="3,46,43,72,33,6,12,135,54,126,23,70,93" hai2="15,116,101,97,130,71,109,58,38,45,64,13,36" hai3="57,106,117,19,119,132,44,84,129,127,104,11,35" shuffle="mt19937ar,38237045,17613AB7,17ED0592,EC19B397,A485A5C0,6DABF3AB,DC055A1A,2D91AD22,3F47F060,A1E34669,6B4DF367,76CAF428,A9B5C121,DD7F6C48,7B41FA93,8B73E891,355183A0,3C56EAD9,9B29DAD1,879E5677,42539A6F,F9708F73,52B2241D,A07101C3,1D476A08,28CBF487,A6DC0232,1C8472C9,8EEC1E1E,90014C1C,98DEDBF6,EA29A804"/><V73/><F116/><W111/><G35/><T48/><D4/><U61/><E93/><V55/><F73/><W123/><G123/><T96/><D96/><U65/><E72/><V7/><F130/><W102/><G129/><T89/><D89/><U41/><E33/><V60/><F109/><W9/><G102/><T124/><D124/><U1/><E126/><V105/><F7/><W134/><G127/><T2/><D2/><U79/><E79/><V49/><F38/><W83/><G44/><T52/><D53/><U74/><E74/><V115/><F115/><W8/><G57/><AGARI ba="0,0" hai="29,30,42,47,48,52,57,63,77,80,87,90,94,99" machi="57" ten="40,2600,0" yaku="8,1,54,1" doraHai="10" who="0" fromWho="3" sc="328,26,211,0,292,0,169,-26" /><INIT seed="3,0,0,1,0,72" ten="354,211,292,143" oya="3" hai0="34,82,89,19,95,45,135,97,73,48,75,16,49" hai1="17,46,9,24,87,111,30,118,78,69,70,113,81" hai2="93,106,20,63,57,12,79,129,104,102,33,4,6" hai3="117,133,39,86,99,61,8,52,74,35,31,66,62" shuffle="mt19937ar,93409775,794E4471,E218D69C,CAAA9F4D,BFCA81DA,A2A44070,B270CDD3,CCAA33ED,2D7D8975,87CE5ED0,4090E2B7,3125077F,4B6BC731,D216D433,5A18B70B,D18CD3E5,DD64611D,7955A041,BAA8D8EB,594147C2,73B2659C,C41E54FA,AE2F25CE,743D941A,9BEE9917,E0903217,71EBE181,C67BC1F1,6D9E1AF3,83597FAE,38C58607,285B9E43"/><W128/><G133/><T88/><D34/><U96/><E113/><V134/><F33/><W120/><G39/><T37/><D37/><U15/><E111/><V26/><F134/><W110/><G74/><T124/><D135/><U127/><E127/><V109/><F109/><W103/><G120/><T77/><D75/><U29/><E29/><V83/><F129/><W0/><G110/><T18/><D124/><U25/><E25/><V112/><F112/><W76/><G128/><T91/><REACH who="0" step="1"/><D49/><REACH who="0" step="2"/><U5/><E118/><V27/><F27/><W42/><G117/><T94/><D94/><U56/><E24/><V60/><F93/><N who="3" m="58863" /><G35/><T50/><D50/><U115/><E115/><V44/><F44/><W67/><G0/><T11/><D11/><U107/><E46/><V105/><F102/><W131/><G131/><T71/><D71/><U114/><E114/><V28/><F60/><N who="3" m="23147" /><G31/><T64/><D64/><U1/><E30/><V43/><F43/><AGARI ba="0,1" hai="16,18,19,43,45,48,73,77,82,88,89,91,95,97" machi="43" ten="40,8000,1" yaku="1,1,52,1,54,2,53,0" doraHai="72" doraHaiUra="51" who="0" fromWho="2" sc="344,90,211,0,292,-80,143,0" owari="434,44,211,-14,212,-4,143,-26" /></mjloggm>