<mjloggm ver="2.3"><GO type="193"/><UN n0="%E3%82%A6%E3%83%AB%E3%83%88%E3%83%A9%E7%AB%8B%E7%9B%B4" n1="%6D%69%63%6B%65%79%E2%98%85" n2="%E3%81%8A%E3%81%86%E3%81%94%E3%82%93%E3%83%9E%E3%83%A0%E3%83%AB" n3="%69%6A%69%67%65%6E" dan="11,12,11,13" rate="1824,1660,1840,1758" sx="M,M,M,M"/><TAIKYOKU oya="0"/><INIT seed="0,0,0,5,4,103" ten="250,250,250,250" oya="0" hai0="76,114,122,109,31,97,100,56,116,120,0,61,51" hai1="126,68,48,29,92,67,10,5,38,95,132,86,94" hai2="22,37,112,113,123,16,79,106,91,32,43,42,26" hai3="49,73,27,54,118,124,115,1,66,35,63,58,9" shuffle="mt19937ar,0BD84121,7062D79B,FAFA7058,D937F8C3,D0CF5F34,F6A87627,A7EF38CB,67E515DA"/><T25/><D0/><U125/><E38/><V130/><F123/><W17/><G118/><T45/><D116/><U6/><E6/><V30/><F130/><W129/><G115/><T20/><D114/><U72/><E72/><V78/><F78/><W46/><G73/><T7/><D7/><U64/><E48/><V108/><F108/><W75/><G75/><T41/><D76/><U71/><E86/><V84/><F79/><W13/><G129/><T99/><D99/><U62/><E29/><V74/><F74/><W117/><G117/><T88/><D109/><U102/><E102/><V131/><F106/><W77/><G77/><T18/><D18/><U36/><E36/><V47/><F43/><W89/><G89/><T111/><D111/><U24/><E24/><V90/><F90/><W4/><G124/><N who="1" m="47722" /><E132/><V101/><F101/><W19/><G1/><T50/><D50/><U110/><E110/><V2/><F2/><W81/><G81/><T96/><D96/><U11/><E62/><V107/><F107/><W69/><G35/><T55/><REACH who="0" step="1"/><D88/><REACH who="0" step="2"/><U44/><E5/><V57/><F131/><W14/><G4/><T87/><D87/><U128/><E128/><V119/><F119/><W83/><G83/><T133/><D133/><U105/><E105/><AGARI ba="0,1" hai="20,25,31,41,45,51,55,56,61,97,100,105,120,122" machi="105" ten="30,5800,0" yaku="1,1,7,1,52,1,53,0" doraHai="103" doraHaiUra="12" who="0" fromWho="1" sc="240,68,250,-58,250,0,250,0" /><INIT seed="0,1,0,4,0,40" ten="308,192,250,250" oya="0" hai0="90,62,93,72,76,23,134,7,42,4,9,0,12" hai1="133,8,67,22,71,117,100,110,19,102,84,27,68" hai2="123,114,89,83,41,17,55,60,25,63,31,70,106" hai3="14,81,57,64,99,95,101,38,21,58,53,135,30" shuffle="mt19937ar,F8A22F01,01BA6B01,CC9AC832,008B7E0E,1E80F851,F008C841,7C80FEFC,2A326765"/><T107/><D107/><U87/><E117/><V74/><F106/><W73/><G135/><T69/><D134/><U82/><E133/><V16/><F123/><W94/><G38/><T79/><D42/><U92/><E110/><V33/><F114/><W119/><G119/><T120/><D120/><U103/><E92/><V49/><F41/><W88/><G64/><T112/><D112/><U47/><E47/><V122/><F70/><W113/><G113/><T85/><D72/><U124/><E124/><V104/><F104/><W116/><G116/><T48/><D48/><U65/><E87/><V50/><F50/><W1/><G1/><T105/><D105/><U91/><REACH who="1" step="1"/><E8/><REACH who="1" step="2"/><V39/><F122/><W132/><G132/><T130/><D130/><U56/><E56/><V43/><F43/><W2/><G73/><T115/><D115/><U78/><E78/><V32/><F74/><W129/><G129/><T24/><D79/><U97/><E97/><V34/><F83/><W126/><G126/><T36/><D76/><U20/><E20/><V52/><F34/><W121/><G121/><T3/><D36/><U29/><E29/><V109/><F33/><W28/><G81/><T59/><D69/><AGARI ba="1,1" hai="19,22,27,65,67,68,69,71,82,84,91,100,102,103" machi="69" ten="40,2600,0" yaku="1,1,53,1" doraHai="40" doraHaiUra="77" who="1" fromWho="0" sc="308,-29,182,39,250,0,250,0" /><INIT seed="1,0,0,2,3,135" ten="279,221,250,250" oya="1" hai0="74,43,17,117,40,25,51,130,82,36,6,85,106" hai1="93,28,103,18,79,89,88,61,97,58,52,50,7" hai2="41,81,131,134,114,86,69,77,108,101,62,33,90" hai3="105,42,5,46,38,47,48,4,109,55,49,68,118" shuffle="mt19937ar,9B552C3F,B2BF3FF0,A98050F4,2BDF3CDE,75040AA2,33BFD9D2,472F3C5B,605CED7E"/><U124/><E124/><V127/><F108/><W107/><G109/><T133/><D36/><U15/><E79/><V94/><F33/><W27/><G68/><T96/><D74/><U10/><E28/><V120/><F120/><W121/><G121/><T56/><D117/><U78/><E78/><V3/><F3/><W92/><G118/><T111/><D133/><U123/><E123/><V37/><F134/><W76/><G27/><T24/><D6/><U63/><E7/><V112/><F131/><W99/><G76/><N who="0" m="46279" /><D106/><U115/><E115/><N who="2" m="44075" /><F101/><W87/><G87/><T67/><D111/><U8/><E8/><V91/><F127/><W66/><G66/><T13/><D130/><U45/><E63/><V70/><F90/><W26/><G38/><T57/><D96/><U84/><E84/><N who="2" m="48175" /><F62/><W54/><G42/><AGARI ba="0,0" hai="10,15,18,42,45,50,52,58,61,88,89,93,97,103" machi="42" ten="30,11600,0" yaku="7,1,8,1,54,2" doraHai="135" who="1" fromWho="3" sc="279,0,221,116,250,0,250,-116" /><INIT seed="1,1,0,2,5,93" ten="279,337,250,134" oya="1" hai0="66,0,28,73,113,107,132,9,105,22,63,88,56" hai1="5,129,74,76,41,124,131,71,61,59,24,64,18" hai2="8,49,37,7,45,99,77,86,68,112,15,13,133" hai3="102,117,121,43,115,16,3,19,1,116,82,67,50" shuffle="mt19937ar,0D08908E,B7F54F65,0BAE5BF8,73E8FB80,7D4E0F91,609503D3,46A09D64,3523F5C6"/><U10/><E41/><V84/><F68/><W6/><G67/><T80/><D73/><U97/><E76/><V122/><F37/><W108/><G82/><T111/><D113/><U96/><E74/><V29/><F122/><W114/><G50/><T89/><D132/><U55/><E124/><V31/><F112/><N who="3" m="43051" /><G43/><T130/><D130/><N who="1" m="49675" /><E24/><V106/><F133/><W42/><G42/><T48/><D111/><U134/><E18/><N who="3" m="6698" /><G102/><T14/><D48/><N who="1" m="31207" /><E134/><V54/><F15/><AGARI ba="1,0" hai="5,10,15,61,64,71,96,97" m="31207,49675" machi="15" ten="30,5800,0" yaku="19,1,52,2" doraHai="93" who="1" fromWho="2" sc="279,0,337,61,250,-61,134,0" /><INIT seed="1,2,0,2,4,109" ten="279,398,189,134" oya="1" hai0="64,130,0,65,53,41,60,48,38,8,52,68,57" hai1="78,2,125,5,100,102,33,59,63,23,133,70,47" hai2="14,82,15,103,81,127,34,106,88,37,50,96,76" hai3="104,116,90,12,58,110,117,71,86,115,74,134,11" shuffle="mt19937ar,B0C7DA55,CD259039,08614B4B,F56ECE5D,6351B791,415C3658,71C369B4,83F68990"/><U131/><E70/><V30/><F127/><W44/><G104/><T39/><D8/><U67/><E125/><V77/><F37/><N who="0" m="13834" /><D0/><U28/><E33/><V83/><F83/><W32/><G32/><T122/><D130/><U24/><E131/><V85/><F34/><W1/><G71/><T55/><D122/><U75/><E133/><V128/><F30/><W89/><G1/><T21/><D21/><U29/><E29/><V87/><F128/><W22/><G74/><T27/><D27/><U3/><E47/><V126/><F126/><W26/><G110/><T95/><D95/><U132/><E132/><V80/><F50/><W105/><G105/><T79/><D79/><N who="2" m="30282" /><F15/><W121/><G121/><T91/><D91/><U84/><E75/><V112/><F14/><W113/><G134/><T61/><D41/><U94/><E5/><V72/><F112/><N who="3" m="43083" /><G44/><AGARI ba="2,0" hai="44,48,52,53,55,57,60,61,64,65,68" m="13834" machi="44" ten="30,12000,2" yaku="35,5,54,1" doraHai="109" who="0" fromWho="3" sc="279,126,398,0,189,0,134,-126" /><INIT seed="2,0,0,0,5,80" ten="405,398,189,8" oya="2" hai0="112,26,61,19,12,6,105,41,125,8,104,111,107" hai1="86,83,108,46,90,4,20,18,77,32,129,60,1" hai2="82,131,133,0,118,34,85,38,93,134,47,106,76" hai3="119,28,31,79,120,48,128,54,29,81,62,55,10" shuffle="mt19937ar,CBADA1A5,D572A672,44349FB9,65F800AC,EC1199C0,75E564E4,AB4D2F28,2E9AD3D9"/><V75/><F34/><W37/><G120/><T36/><D112/><U102/><E32/><V123/><F0/><W91/><G119/><T69/><D125/><U44/><E102/><V9/><F9/><W99/><G37/><T116/><D111/><U114/><E108/><V126/><F123/><W40/><G128/><T70/><D116/><U56/><E129/><V95/><F131/><W42/><G62/><T39/><D61/><U68/><E68/><V88/><F118/><W89/><G10/><T94/><D94/><N who="2" m="35850" /><F38/><W121/><G121/><T74/><D74/><U127/><E127/><V13/><F13/><W122/><G122/><T67/><D67/><U72/><E114/><V5/><F47/><W53/><G99/><T130/><D130/><U101/><E101/><V132/><F5/><W24/><G24/><T57/><D57/><U30/><E30/><V35/><F35/><W21/><G21/><T25/><D39/><U135/><E135/><N who="2" m="34563" /><V87/><DORA hai="50" /><F126/><W117/><G117/><T58/><D58/><U23/><E23/><V15/><F15/><W45/><G42/><T14/><D14/><U100/><E100/><V11/><F11/><W22/><G22/><N who="0" m="13535" /><D26/><N who="1" m="14615" /><E4/><V59/><F59/><W17/><G17/><T73/><D73/><U110/><E110/><V66/><F66/><W65/><G65/><T49/><D36/><U51/><E1/><V124/><F124/><W3/><G3/><T96/><D69/><U27/><E27/><V98/><F106/><N who="0" m="27138" /><T92/><DORA hai="63" /><D70/><U113/><E113/><V109/><F109/><W7/><G7/><T97/><D92/><AGARI ba="0,0" hai="75,76,82,85,87,88,92,98" m="34563,35850" machi="92" ten="40,18000,2" yaku="6,1,20,1,34,2,52,2,54,1" doraHai="80,50,63" who="2" fromWho="0" sc="405,-180,398,0,189,180,8,0" /><INIT seed="2,1,0,0,2,5" ten="225,398,369,8" oya="2" hai0="47,87,52,100,123,54,31,124,25,101,90,118,21" hai1="63,76,26,94,89,110,14,17,105,67,68,97,22" hai2="8,98,4,119,77,50,93,57,48,34,20,128,135" hai3="40,106,56,15,127,73,10,59,36,116,88,51,107" shuffle="mt19937ar,AE958434,8B3E48F7,69C895D7,635BDACE,14323BC4,63773766,A3FC215F,8D177102"/><V117/><F34/><W38/><G116/><T112/><D118/><U131/><E131/><V122/><F128/><W37/><G73/><T74/><D74/><U19/><E110/><V64/><F122/><W111/><G111/><T13/><D123/><U69/><E76/><V23/><F135/><W2/><G2/><T42/><D112/><U121/><E121/><V58/><F119/><W133/><G133/><T70/><D124/><U103/><E69/><V120/><F120/><W134/><G134/><T130/><D70/><U114/><E114/><V60/><F77/><W108/><G108/><T12/><D130/><U33/><E33/><V85/><F85/><W3/><G3/><T55/><D42/><U28/><E14/><N who="2" m="5383" /><F117/><W61/><G127/><T79/><D47/><U78/><REACH who="1" step="1"/><E78/><REACH who="1" step="2"/><V95/><F95/><W49/><G37/><T84/><D79/><U43/><E43/><V45/><F45/><W102/><G38/><T91/><D13/><U53/><E53/><N who="2" m="31911" /><F50/><W80/><G36/><T82/><REACH who="0" step="1"/><D12/><REACH who="0" step="2"/><U32/><E32/><V83/><F83/><AGARI ba="1,2" hai="21,25,31,52,54,55,82,83,84,87,90,91,100,101" machi="83" ten="40,8000,1" yaku="1,1,2,1,9,1,8,1,54,1,53,0" doraHai="5" doraHaiUra="132" who="0" fromWho="2" sc="215,103,388,0,369,-83,8,0" /><INIT seed="3,0,0,1,3,80" ten="318,388,286,8" oya="3" hai0="42,4,36,114,30,22,32,17,16,40,93,106,86" hai1="64,66,84,56,103,57,3,48,78,2,49,21,107" hai2="72,19,46,6,68,127,74,99,123,120,52,128,15" hai3="119,88,69,100,124,7,59,10,13,129,96,20,12" shuffle="mt19937ar,40644C58,29EB5EDF,39DF1A47,5D0481DA,D13C1106,865FEAFE,FF0C0939,46DD39FC"/><W67/><G119/><T14/><D106/><U25/><E107/><V135/><F68/><W116/><G116/><T118/><D118/><U101/><E3/><V51/><F127/><W121/><G121/><N who="2" m="46665" /><F128/><W79/><G124/><T117/><D117/><U8/><E2/><V23/><F135/><W31/><G69/><T122/><D122/><U133/><E8/><N who="2" m="4503" /><F99/><W105/><G129/><T34/><D36/><U18/><E133/><V54/><F54/><W97/><G79/><T75/><D75/><U24/><E24/><V41/><F41/><W5/><G67/><N who="1" m="25642" /><E57/><V71/><F71/><W50/><G12/><T65/><D65/><U1/><E1/><V26/><AGARI ba="0,0" hai="19,23,26,46,51,52,72,74" m="4503,46665" machi="26" ten="30,2000,0" yaku="13,1,54,1" doraHai="80" who="2" fromWho="2" sc="318,-5,388,-5,286,20,8,-10" owari="313,6,383,38,306,-4,-2,-40" /></mjloggm>