<mjloggm ver="2.3"><GO type="9"/><UN n0="%4E%6F%4E%61%6D%65" n1="%E3%82%A6%E3%83%AB%E3%83%88%E3%83%A9%E7%AB%8B%E7%9B%B4" n2="%54%2E%41%2E%53%2E" n3="%4B%49%E3%83%BC" dan="0,8,10,2" rate="1500,1685,1517,1313" sx="M,M,M,M"/><TAIKYOKU oya="0"/><INIT seed="0,0,0,0,2,40" ten="250,250,250,250" oya="0" hai0="58,51,43,63,62,33,76,84,93,98,78,104,89" hai1="59,100,125,112,46,107,120,44,113,106,18,29,85" hai2="69,66,105,0,75,28,7,133,14,135,37,5,21" hai3="31,45,79,9,109,17,48,99,60,70,35,30,42" shuffle="mt19937ar,4A1E0BB1,71438030,972A9D17,219674F2,1685459D,BE53D258,33DFE3AF,A0D1D00F"/><T34/><D43/><U15/><E29/><V1/><F75/><W130/><G99/><T41/><D41/><U13/><E120/><V88/><F105/><W81/><G109/><T25/><D25/><U73/><E73/><V55/><F37/><W83/><G130/><T121/><D121/><U118/><E118/><V64/><F69/><W4/><G17/><T114/><D114/><N who="1" m="44139" /><E125/><V74/><F74/><W101/><G101/><T117/><D51/><U24/><E85/><V52/><F14/><N who="1" m="5129" /><E59/><V128/><F21/><W2/><G35/><T87/><D117/><U115/><E115/><V90/><REACH who="2" step="1"/><F28/><REACH who="2" step="2"/><N who="3" m="10795" /><G79/><T19/><D19/><U126/><E126/><V96/><F96/><W27/><G27/><T38/><D38/><U12/><E24/><V108/><F108/><W124/><G124/><T56/><D78/><U49/><E49/><V103/><F103/><W127/><G127/><T77/><D77/><U32/><E32/><V97/><F97/><W92/><G92/><T54/><D58/><U80/><E80/><V131/><AGARI ba="0,1" hai="0,1,5,7,52,55,64,66,88,90,128,131,133,135" machi="131" ten="25,12000,2" yaku="1,1,0,1,22,2,54,2,53,0" doraHai="40" doraHaiUra="71" who="2" fromWho="2" sc="250,-60,250,-30,240,130,250,-30" /><INIT seed="1,0,0,5,3,55" ten="190,220,370,220" oya="1" hai0="120,135,101,22,15,27,24,8,123,99,79,81,11" hai1="84,52,97,73,3,47,48,54,50,28,46,71,128" hai2="16,32,25,65,105,124,96,41,130,92,116,2,103" hai3="37,9,45,95,86,91,125,21,40,127,10,31,80" shuffle="mt19937ar,0B8B0619,6C5899C4,E52F9D1D,6E123199,45A57955,32E52B63,9FFA6CDB,59EE0F4C"/><U108/><E73/><V121/><F121/><N who="0" m="46666" /><D135/><U14/><E3/><V29/><F116/><W78/><G21/><T19/><D11/><N who="3" m="4105" /><G31/><T102/><D27/><U112/><E112/><V51/><F2/><W122/><G122/><T107/><D102/><U134/><E71/><V131/><F65/><W88/><G91/><T104/><D104/><U4/><E134/><V111/><F51/><W90/><G90/><T114/><D114/><U69/><E69/><V64/><F64/><W76/><G76/><T110/><D110/><U87/><E108/><V20/><F111/><W74/><G74/><N who="0" m="43255" /><D24/><U49/><E28/><V82/><F82/><W60/><G60/><T63/><D63/><U61/><E97/><V106/><F41/><W56/><G56/><T118/><D118/><U72/><E72/><V57/><F57/><W13/><G13/><T132/><D8/><N who="1" m="4359" /><E128/><V36/><F36/><W53/><G53/><N who="1" m="20586" /><E61/><V34/><F34/><W83/><G83/><T6/><D132/><U1/><E1/><V35/><F35/><W109/><G109/><T115/><D115/><U119/><E119/><V26/><F106/><W42/><G42/><T59/><D59/><U133/><E133/><V38/><F38/><W68/><G68/><T100/><D100/><U70/><E70/><V18/><F105/><W126/><G95/><T7/><AGARI ba="0,0" hai="6,7,15,19,22,99,101,107" m="43255,46666" machi="7" ten="30,1100,0" yaku="13,1" doraHai="55" who="0" fromWho="0" sc="190,11,220,-5,370,-3,220,-3" /><INIT seed="2,0,0,4,2,12" ten="201,215,367,217" oya="2" hai0="79,103,33,107,16,47,65,96,78,74,55,9,66" hai1="77,106,105,19,128,122,68,95,39,35,31,69,90" hai2="121,10,24,8,134,37,60,123,71,92,72,75,135" hai3="18,97,43,58,14,81,50,11,93,98,113,36,83" shuffle="mt19937ar,93223C93,669880E8,C4547B0D,C9A01FCA,E8656DC0,890DAD67,55569D9B,3E79BC20"/><V30/><F37/><W29/><G29/><T88/><D33/><U25/><E39/><V110/><F71/><W62/><G36/><T2/><D2/><U28/><E77/><V41/><F41/><W52/><G113/><T67/><D79/><U130/><E122/><V42/><F42/><W94/><G93/><T27/><D27/><U17/><E25/><V49/><F92/><W129/><G129/><T32/><D32/><U111/><E90/><V102/><F60/><W82/><REACH who="3" step="1"/><G94/><REACH who="3" step="2"/><N who="0" m="56391" /><D47/><AGARI ba="0,1" hai="11,14,18,43,47,50,52,58,62,81,82,83,97,98" machi="47" ten="40,8000,1" yaku="1,1,8,1,52,1,54,1,53,0" doraHai="12" doraHaiUra="125" who="3" fromWho="0" sc="201,-80,215,0,367,0,207,90" /><INIT seed="3,0,0,0,4,21" ten="121,215,367,297" oya="3" hai0="28,135,9,51,50,20,34,5,111,7,11,94,132" hai1="134,123,13,46,31,68,71,65,14,62,44,112,6" hai2="66,76,29,124,56,16,100,57,47,61,69,1,91" hai3="97,131,4,133,108,115,15,3,80,63,2,88,86" shuffle="mt19937ar,8569AA14,99FD9B31,C7AD1D63,D84F38C8,3D983FE5,3F2C5051,EA414F3E,DD46B063"/><W40/><BYE who="0" /><G97/><UN n0="%4E%6F%4E%61%6D%65" /><T90/><D111/><U27/><E123/><V24/><F124/><W75/><G108/><T99/><D20/><U120/><E120/><V58/><F1/><N who="3" m="11" /><G115/><T19/><D19/><U87/><E112/><V52/><F76/><W110/><G110/><T78/><D78/><U127/><E127/><V92/><F100/><W96/><G133/><N who="0" m="51275" /><D51/><U95/><E71/><V70/><F70/><W125/><G125/><T55/><D55/><U77/><E134/><V119/><F119/><W26/><G26/><T12/><D12/><U60/><E60/><V30/><F30/><W79/><G63/><T93/><D50/><U38/><E38/><V22/><F29/><W89/><G40/><T101/><D101/><U118/><E118/><V67/><F67/><W130/><G89/><T104/><D104/><U74/><E74/><V129/><F129/><N who="3" m="49163" /><G96/><T72/><D72/><U59/><E68/><V109/><F109/><W64/><G64/><T10/><D99/><U114/><E114/><V105/><F105/><W48/><G48/><T85/><D85/><U23/><E13/><V81/><F81/><W39/><G39/><T42/><D42/><U25/><E25/><V33/><F33/><W37/><G37/><T103/><D103/><U35/><E35/><V98/><REACH who="2" step="1"/><F47/><REACH who="2" step="2"/><W128/><G128/><T18/><D18/><U45/><E45/><V122/><F122/><W102/><G102/><T126/><D90/><U107/><E107/><V121/><F121/><W84/><G84/><T53/><D126/><U116/><E116/><V113/><F113/><W117/><G117/><RYUUKYOKU ba="0,1" sc="121,-10,215,-10,357,30,297,-10" hai2="16,22,24,52,56,57,58,61,66,69,91,92,98" /><BYE who="0" /><UN n0="%4E%6F%4E%61%6D%65" /><INIT seed="4,1,1,5,1,134" ten="111,205,387,287" oya="0" hai0="115,65,6,83,99,10,23,41,51,67,119,64,133" hai1="128,102,91,122,130,81,68,60,61,29,4,5,114" hai2="131,15,93,20,103,112,77,135,132,13,52,1,26" hai3="27,25,80,105,127,71,98,16,69,54,66,0,34" shuffle="mt19937ar,770D8F27,F873781D,7CE33762,2EBFE866,D791A020,ED6F6373,52516B5A,131B060B"/><T40/><D40/><U96/><BYE who="0" /><E122/><V28/><F1/><W86/><G54/><T53/><D53/><U49/><E49/><V14/><F112/><W126/><G0/><T32/><D32/><U101/><E29/><V42/><F42/><W37/><G37/><T92/><D92/><U7/><E114/><V35/><F77/><N who="3" m="46351" /><G16/><T109/><D109/><U70/><E81/><V18/><F103/><N who="1" m="39433" /><E91/><V38/><F38/><W129/><G129/><N who="1" m="49770" /><E96/><V11/><F93/><W9/><G9/><T107/><D107/><U33/><E33/><V88/><F88/><W106/><G34/><T43/><D43/><U59/><E59/><V79/><F79/><W45/><G45/><T74/><D74/><U84/><E84/><V17/><F52/><W73/><G73/><T24/><D24/><N who="3" m="9289" /><G66/><T111/><D111/><U116/><E116/><V36/><F36/><W85/><G85/><T31/><D31/><U2/><E2/><V94/><F94/><W56/><G56/><T118/><D118/><U100/><E100/><V124/><F131/><W57/><G57/><T113/><D113/><U19/><E19/><V110/><F110/><W44/><G44/><T82/><D82/><U121/><E121/><V58/><F135/><W63/><G63/><AGARI ba="1,1" hai="4,5,7,60,61,63,68,70" m="49770,39433" machi="63" ten="40,5200,0" yaku="28,2,19,1" doraHai="134" who="1" fromWho="3" sc="111,0,205,65,387,0,287,-55" /><INIT seed="5,0,0,5,0,89" ten="111,270,387,232" oya="1" hai0="6,40,111,72,96,124,4,43,35,33,20,75,8" hai1="24,95,82,15,127,45,128,62,26,112,68,119,65" hai2="11,25,36,122,98,16,23,61,1,77,113,134,106" hai3="87,133,71,107,123,54,19,0,93,81,117,38,115" shuffle="mt19937ar,CEF1A351,751FD620,523A6D49,E35F87AB,7177A008,8F3CB902,EDE202FD,1AC40F14"/><U9/><E119/><V2/><F122/><W52/><G19/><T67/><D67/><U101/><E127/><V80/><F36/><W39/><G93/><T5/><D5/><U84/><E128/><V55/><F113/><W121/><G121/><T132/><D132/><U13/><E112/><V114/><F114/><W3/><G123/><T53/><D53/><N who="3" m="20585" /><G107/><T22/><D22/><U70/><E45/><V60/><F134/><W110/><G115/><T79/><D79/><U90/><E68/><V104/><F11/><W126/><G126/><T103/><D103/><U76/><E101/><V56/><F60/><W7/><G71/><T14/><D14/><U73/><REACH who="1" step="1"/><E15/><REACH who="1" step="2"/><V47/><F47/><W99/><G99/><T49/><D49/><U69/><E69/><V135/><F135/><W32/><G32/><T27/><D27/><U21/><E21/><V41/><F25/><W130/><G117/><T102/><D102/><U129/><E129/><V17/><F98/><W109/><G130/><T105/><D105/><U34/><E34/><V118/><F106/><W125/><G125/><T12/><D12/><U42/><E42/><V30/><F104/><W78/><G133/><T66/><D66/><U37/><E37/><N who="3" m="13834" /><G7/><AGARI ba="0,1" hai="7,9,13,24,26,62,65,70,73,76,82,84,90,95" machi="7" ten="30,11600,0" yaku="1,1,7,1,52,1,53,1" doraHai="89" doraHaiUra="64" who="1" fromWho="3" sc="111,0,260,126,387,0,232,-116" /><INIT seed="5,1,0,2,4,129" ten="111,386,387,116" oya="1" hai0="37,111,99,47,20,124,69,120,11,98,71,66,114" hai1="62,82,122,126,90,135,123,134,49,80,38,102,86" hai2="83,108,84,110,10,63,2,119,133,96,132,76,74" hai3="60,30,73,14,4,131,65,3,36,127,57,54,115" shuffle="mt19937ar,82BCDEE7,6AFD4FCC,3ABB7D89,45B734F5,F11745AF,9D4F59D4,251713E7,D5ED293A"/><U27/><E38/><V8/><F63/><W121/><G30/><T61/><D61/><U112/><E62/><V16/><F119/><W78/><G36/><T58/><D58/><U55/><E27/><V68/><F68/><W56/><G121/><T17/><D17/><U118/><E55/><V21/><F96/><W40/><G40/><T95/><D95/><U109/><E49/><V104/><F104/><W25/><G25/><T93/><D93/><U51/><E51/><V113/><F74/><W130/><G127/><T19/><D19/><U85/><E118/><V28/><F28/><W105/><G105/><T101/><D101/><U59/><E59/><V7/><F10/><W106/><G106/><T18/><D18/><U42/><E42/><V5/><F5/><W100/><G115/><T128/><D128/><N who="3" m="49193" /><G100/><T44/><D44/><U41/><E41/><V45/><F113/><W6/><G57/><T125/><D125/><U35/><E35/><V53/><F45/><W29/><G29/><T23/><D23/><U46/><E46/><V67/><F53/><W81/><G65/><T94/><D94/><U117/><E117/><V87/><F67/><W13/><G3/><T0/><D0/><U31/><E31/><V97/><F97/><W12/><AGARI ba="1,0" hai="4,6,12,13,14,54,56,60,73,78,81" m="49193" machi="12" ten="30,1100,0" yaku="19,1" doraHai="129" who="3" fromWho="3" sc="111,-4,386,-6,387,-4,116,14" /><INIT seed="6,0,0,2,5,61" ten="107,380,383,130" oya="2" hai0="65,86,56,71,80,14,83,79,50,41,89,111,92" hai1="29,3,47,4,16,90,55,130,51,60,24,99,72" hai2="108,15,116,36,10,45,6,25,84,91,102,9,68" hai3="128,34,69,74,43,110,117,18,22,12,75,32,97" shuffle="mt19937ar,16A4CF45,D3815991,5832D8F5,433D5AD6,1940A9B3,B414EBE5,3C82B881,306B1328"/><V77/><F116/><W52/><G97/><T67/><D67/><U11/><E72/><N who="3" m="27690" /><G117/><T73/><D73/><U85/><E99/><V134/><F102/><W49/><G69/><T64/><D64/><U21/><E60/><V2/><F108/><W17/><G43/><T131/><D131/><U62/><E62/><V19/><F68/><W129/><G110/><T66/><D66/><U133/><E130/><N who="3" m="50282" /><G18/><T27/><D27/><U109/><E133/><V132/><F25/><W5/><G5/><T93/><D93/><U100/><E100/><V96/><F96/><W28/><G28/><T35/><D35/><U13/><E109/><V33/><F33/><W54/><G54/><T107/><D107/><U88/><REACH who="1" step="1"/><E85/><REACH who="1" step="2"/><V118/><F118/><W114/><G114/><T57/><D57/><AGARI ba="0,1" hai="12,17,22,32,34,49,52,57" m="50282,27690" machi="57" ten="30,2000,0" yaku="19,1,54,1" doraHai="61" who="3" fromWho="0" sc="107,-20,370,0,383,0,130,30" /><INIT seed="7,0,0,4,5,30" ten="87,370,383,160" oya="3" hai0="6,88,56,32,87,117,68,62,51,50,52,14,44" hai1="19,90,78,33,113,46,92,86,66,93,16,60,130" hai2="27,96,4,119,122,21,97,89,131,2,104,135,64" hai3="34,29,54,80,10,55,134,124,100,5,3,39,98" shuffle="mt19937ar,547FFA66,A097A0AA,4E24D7C9,E5BA89D5,08364397,7F373DD2,87F948DC,A29FD035"/><W91/><G39/><T1/><D1/><U101/><E33/><V115/><F119/><W132/><G124/><T53/><D53/><U120/><E120/><V103/><F64/><W43/><G43/><T58/><D58/><N who="1" m="37143" /><E130/><V133/><F2/><W76/><G76/><T127/><D127/><U77/><E113/><V57/><F4/><W105/><G34/><T7/><D7/><U114/><E114/><V102/><F57/><W82/><G82/><T12/><D12/><U121/><E121/><V48/><F115/><W116/><G116/><T42/><D42/><U13/><E46/><V31/><F48/><W24/><G24/><T22/><D22/><N who="1" m="11535" /><E19/><V41/><F122/><W109/><G109/><T112/><D112/><U49/><E49/><V20/><F131/><W63/><G63/><T107/><D107/><U9/><E9/><V0/><F0/><W35/><G35/><T83/><D83/><U95/><E101/><V25/><F41/><W75/><G29/><T94/><D94/><AGARI ba="0,0" hai="77,78,86,90,92,93,94,95" m="11535,37143" machi="94" ten="30,2000,0" yaku="8,1,54,1" doraHai="30" who="1" fromWho="0" sc="87,-20,370,20,383,0,160,0" owari="67,-43,390,49,383,18,160,-24" /></mjloggm>