<mjloggm ver="2.3"><GO type="193"/><UN n0="%E3%81%B0%E3%81%A2" n1="%E3%81%A8%E3%82%82%E3%81%8B%E3%81%9A" n2="%E3%82%A6%E3%83%AB%E3%83%88%E3%83%A9%E7%AB%8B%E7%9B%B4" n3="%49%43%48%49%4E%45%4E" dan="10,11,12,10" rate="1453,1682,1796,1584" sx="M,M,M,M"/><TAIKYOKU oya="0"/><INIT seed="0,0,0,2,0,93" ten="250,250,250,250" oya="0" hai0="30,133,112,34,120,58,27,12,90,123,66,46,129" hai1="38,47,130,107,73,54,80,60,92,79,68,131,43" hai2="5,70,86,106,101,77,99,2,10,87,24,40,42" hai3="135,16,0,28,91,53,103,117,7,128,25,115,29" shuffle="mt19937ar,06B3B234,A628CB1D,46876C85,580FA5C5,D1C37A69,48245EED,B667BC5A,EC070A9D"/><T126/><D112/><U41/><E107/><V39/><F70/><W78/><G117/><T72/><D129/><U50/><E68/><V61/><F61/><W49/><G128/><N who="1" m="49194" /><E38/><V71/><F71/><W4/><G135/><T23/><D126/><U51/><E51/><V21/><F39/><W132/><G132/><T81/><D133/><U94/><E60/><V69/><F69/><W88/><G115/><T36/><D36/><U114/><E114/><V15/><F2/><W102/><G78/><T122/><D46/><U22/><E22/><V110/><F110/><W65/><G65/><T83/><D90/><N who="3" m="34345" /><G0/><T44/><D44/><U33/><E33/><V17/><REACH who="2" step="1"/><F77/><REACH who="2" step="2"/><W125/><G125/><T8/><D72/><U31/><E94/><V97/><F97/><W9/><G49/><T45/><D45/><U134/><E134/><V121/><F121/><W63/><G63/><T62/><REACH who="0" step="1"/><D34/><REACH who="0" step="2"/><U109/><E109/><V105/><F105/><W18/><G53/><T1/><D1/><U32/><E54/><V37/><F37/><W19/><G25/><T48/><D48/><U26/><E50/><V104/><F104/><W67/><G67/><T127/><D127/><U56/><E47/><V74/><F74/><W20/><G9/><T52/><D52/><U75/><E75/><V6/><F6/><AGARI ba="0,2" hai="6,8,12,23,27,30,58,62,66,81,83,120,122,123" machi="6" ten="40,2000,0" yaku="1,1,53,0" doraHai="93" doraHaiUra="84" who="0" fromWho="2" sc="240,40,250,0,240,-20,250,0" /><INIT seed="0,1,0,1,4,101" ten="280,250,220,250" oya="0" hai0="120,76,38,43,24,0,19,34,118,66,47,31,121" hai1="110,96,104,80,5,50,89,107,98,97,91,1,112" hai2="56,13,9,28,129,8,77,26,30,75,105,109,16" hai3="17,94,111,132,63,81,58,73,35,60,55,67,49" shuffle="mt19937ar,9F006701,B7536D2E,16FBA835,7B226A8C,72C9BB26,287A4EE1,834669EA,C65D3017"/><T64/><D118/><U23/><E112/><V44/><F77/><W124/><G35/><T48/><D76/><U57/><E110/><V46/><F75/><W78/><G111/><T125/><D125/><U130/><E130/><V83/><F83/><W42/><G124/><T51/><D19/><U92/><E1/><V128/><F109/><W10/><G132/><T40/><D0/><U90/><E5/><V2/><F56/><W106/><G106/><N who="1" m="40490" /><E23/><N who="2" m="13671" /><F44/><W69/><G94/><T134/><D134/><U113/><E113/><V95/><F46/><W27/><G27/><T65/><REACH who="0" step="1"/><D40/><REACH who="0" step="2"/><U108/><E108/><V37/><F2/><W25/><G25/><T32/><D32/><U85/><E50/><AGARI ba="1,1" hai="24,31,34,38,43,47,48,50,51,64,65,66,120,121" machi="50" ten="40,2000,0" yaku="1,1,53,0" doraHai="101" doraHaiUra="122" who="0" fromWho="1" sc="270,33,250,-23,220,0,250,0" /><INIT seed="0,2,0,2,5,43" ten="303,227,220,250" oya="0" hai0="130,101,82,67,47,50,57,114,40,124,121,49,83" hai1="59,41,70,66,16,15,3,28,25,98,132,88,69" hai2="78,75,63,62,96,118,39,117,111,29,131,99,55" hai3="17,61,1,54,134,113,126,103,36,133,4,60,76" shuffle="mt19937ar,CF9D4583,8B5B6957,C195F470,6FC3AAE3,15288EE7,901F5BB7,BB778F85,C87C48F5"/><T35/><D121/><U102/><E3/><V77/><F55/><W84/><G113/><T26/><D114/><U79/><E79/><V129/><F29/><W128/><G1/><T27/><D124/><U86/><E132/><N who="3" m="50794" /><G4/><T51/><D130/><N who="2" m="49674" /><F39/><W30/><G128/><T45/><D35/><U80/><E41/><V125/><F125/><W56/><G103/><T48/><N who="0" m="12800" /><DORA hai="52" /><T7/><D101/><U93/><E59/><V106/><F111/><W72/><G61/><N who="2" m="23049" /><F106/><W87/><G72/><T2/><D2/><U115/><E66/><V112/><F112/><W123/><G76/><N who="2" m="29289" /><F75/><W108/><G123/><T19/><D7/><U38/><E38/><V92/><F92/><W14/><G36/><T24/><D19/><U18/><E18/><V85/><F85/><N who="3" m="32843" /><G30/><T90/><D40/><U122/><E122/><V91/><F91/><W73/><G73/><T97/><D97/><AGARI ba="2,0" hai="96,97,99,117,118" m="29289,23049,49674" machi="97" ten="40,5200,0" yaku="28,2,19,1" doraHai="43,52" who="2" fromWho="0" sc="303,-58,227,0,220,58,250,0" /><INIT seed="1,0,0,0,2,92" ten="245,227,278,250" oya="1" hai0="123,36,116,22,43,47,68,32,88,27,93,124,65" hai1="45,66,79,52,100,62,78,126,12,51,112,91,61" hai2="113,53,6,26,87,114,102,106,3,41,13,85,120" hai3="9,1,101,56,98,64,50,30,37,132,35,128,134" shuffle="mt19937ar,11AB0341,AE0BAF67,A6179D12,FB4BF9A2,C0363FE1,E3B63134,7CCA1277,8E77A7D6"/><U46/><E112/><N who="2" m="43115" /><F3/><W77/><G37/><T49/><D116/><U16/><E126/><V25/><F41/><W55/><G35/><T80/><D124/><U117/><E117/><V81/><F53/><W75/><G30/><T20/><D123/><U58/><E100/><V107/><F87/><W2/><G77/><T115/><D115/><U95/><E61/><V108/><F108/><W110/><G75/><T97/><D80/><U129/><E129/><V54/><F54/><W7/><G128/><T104/><D104/><U10/><REACH who="1" step="1"/><E45/><REACH who="1" step="2"/><V84/><F102/><W105/><G2/><T82/><D82/><U131/><E131/><V83/><F120/><W19/><G110/><T57/><D27/><N who="2" m="10250" /><F83/><W90/><G64/><T96/><D32/><U34/><E34/><V24/><F24/><W73/><G73/><T14/><D14/><U21/><E21/><V29/><F29/><W118/><G118/><T70/><D68/><U42/><E42/><V135/><F81/><W89/><REACH who="3" step="1"/><G19/><REACH who="3" step="2"/><T5/><D5/><U122/><E122/><V28/><F28/><W39/><G39/><T121/><D121/><U133/><E133/><AGARI ba="0,2" hai="1,7,9,50,55,56,89,90,98,101,105,132,133,134" machi="133" ten="40,5200,0" yaku="1,1,20,1,52,1,53,0" doraHai="92" doraHaiUra="109" who="3" fromWho="1" sc="245,0,217,-52,278,0,240,72" /><INIT seed="2,0,0,2,2,9" ten="245,165,278,312" oya="2" hai0="102,11,26,105,65,40,85,74,70,112,135,128,49" hai1="99,81,56,21,51,61,73,58,59,19,62,1,63" hai2="131,98,2,3,113,75,124,44,36,24,6,41,53" hai3="92,130,91,117,33,32,123,48,119,54,79,10,103" shuffle="mt19937ar,2F9B4BAE,5EAC31BB,77D2D2E6,6472AB35,9F9145DE,8C117BBE,46942DEB,89E5B1A4"/><V118/><F113/><W121/><G121/><T82/><D112/><U8/><E99/><V96/><F118/><W64/><G123/><T37/><D37/><U46/><E1/><V5/><F124/><W66/><G103/><T97/><D135/><U39/><E8/><V29/><F131/><W71/><G71/><T4/><D128/><U83/><E73/><V88/><F75/><W25/><G79/><T43/><D26/><U101/><E101/><V76/><F76/><W34/><G25/><T129/><D129/><U16/><E39/><V78/><F78/><W27/><G130/><T107/><D105/><U87/><E87/><V126/><F126/><W125/><G27/><T45/><D74/><U42/><E21/><V57/><F3/><W94/><G125/><T13/><D43/><U122/><E122/><V67/><F67/><W18/><G119/><T72/><D72/><U60/><N who="1" m="15872" /><DORA hai="31" /><U35/><E35/><V20/><F2/><W106/><G106/><T111/><D111/><U47/><E47/><V28/><F28/><W109/><G109/><T14/><D65/><U50/><E50/><V100/><F88/><W93/><G91/><T133/><D133/><U134/><E134/><V95/><REACH who="2" step="1"/><F98/><REACH who="2" step="2"/><W90/><G117/><T84/><D70/><U23/><E23/><V7/><F7/><W22/><G90/><T127/><D127/><U52/><E42/><V77/><F77/><W132/><G132/><T55/><D40/><U68/><E68/><V80/><F80/><AGARI ba="0,1" hai="16,19,46,51,52,56,58,59,80,81,83" m="15872" machi="80" ten="60,7700,0" yaku="8,1,54,2" doraHai="9,31" who="1" fromWho="2" sc="245,0,165,87,268,-77,312,0" /><INIT seed="3,0,0,2,3,32" ten="245,252,191,312" oya="3" hai0="26,2,105,40,106,28,54,124,71,17,133,91,69" hai1="62,92,122,65,100,97,20,132,75,102,67,84,125" hai2="120,94,130,22,78,118,42,23,117,128,13,11,27" hai3="5,49,3,129,52,115,96,45,47,104,126,60,95" shuffle="mt19937ar,7060B6CB,8918B1E9,0F211C83,15C33B81,E710D925,D7D25F92,6B8789AD,1417137F"/><W48/><G115/><T35/><D124/><U108/><E125/><V74/><F78/><W109/><G126/><T51/><D40/><U8/><E75/><V88/><F74/><W10/><G129/><N who="2" m="49769" /><F42/><W131/><G109/><T63/><D133/><U113/><E132/><V116/><F88/><W7/><G131/><T41/><D41/><U1/><E108/><V72/><F94/><W37/><G37/><T82/><D2/><U59/><E113/><V87/><F87/><W39/><G39/><T9/><D63/><U18/><E122/><V68/><F72/><W36/><G36/><T93/><D82/><U19/><E67/><V55/><F55/><W121/><G121/><T58/><D105/><U43/><E43/><V112/><F68/><W44/><G5/><T0/><D0/><U24/><E84/><V98/><F98/><W64/><G104/><T21/><D9/><U85/><E85/><V114/><F120/><W99/><G99/><T110/><D106/><U127/><E102/><V80/><F80/><W81/><G81/><T50/><D51/><U101/><E1/><V12/><F23/><W89/><G48/><T6/><D6/><U25/><E8/><V76/><F76/><W33/><G33/><T86/><REACH who="0" step="1"/><D110/><REACH who="0" step="2"/><U46/><E127/><V15/><F11/><W56/><AGARI ba="0,1" hai="3,7,10,44,45,47,49,52,56,60,64,89,95,96" machi="56" ten="20,7800,0" yaku="0,1,7,1,52,1,54,1" doraHai="32" who="3" fromWho="3" sc="235,-26,252,-26,191,-26,312,88" owari="209,-14,226,-2,165,-23,400,39" /></mjloggm>