<mjloggm ver="2.3"><GO type="41"/><UN n0="%E3%82%A6%E3%83%AB%E3%83%88%E3%83%A9%E7%AB%8B%E7%9B%B4" n1="%E9%88%B4%E6%9C%A8%E3%81%82%E3%82%8D%E3%81%88" n2="%E7%9C%9F%E9%AF%89" n3="%E3%83%A9%E3%83%97%E3%83%A9%E3%82%B7%E3%82%A2%E3%83%B3" dan="14,14,15,15" rate="1949,1816,1854,2008" sx="M,F,M,M"/><TAIKYOKU oya="0"/><INIT seed="0,0,0,5,0,4" ten="250,250,250,250" oya="0" hai0="31,34,16,118,131,23,27,38,75,12,72,120,56" hai1="54,49,35,85,48,6,63,66,94,39,79,22,89" hai2="44,135,110,57,125,2,107,33,9,26,112,101,96" hai3="59,32,106,20,19,65,93,117,133,41,13,69,58"/><T0/><D120/><U86/><E39/><V102/><F57/><W3/><G106/><T130/><D38/><U77/><E35/><V103/><F112/><W30/><G117/><T91/><D118/><U126/><E126/><V45/><F125/><W128/><G41/><T115/><D115/><U73/><E73/><V134/><F110/><W92/><G128/><N who="0" m="49195" /><D0/><U36/><E36/><V122/><F122/><W40/><G40/><T83/><D56/><N who="1" m="37223" /><E6/><N who="2" m="1239" /><F96/><W11/><G133/><N who="2" m="50697" /><F107/><W111/><G111/><T68/><D68/><U99/><E22/><V127/><F127/><W67/><G69/><T74/><D91/><U95/><E95/><N who="3" m="36426" /><G3/><T108/><D108/><U129/><E129/><V21/><F33/><W55/><G32/><T60/><D60/><U119/><E119/><V124/><F124/><W71/><G71/><T84/><D84/><N who="1" m="32363" /><E48/><V80/><F80/><AGARI ba="0,0" hai="12,16,23,27,31,34,72,74,75,80,83" m="49195" machi="80" ten="40,3900,0" yaku="19,1,54,1" doraHai="4" who="0" fromWho="2" sc="250,39,250,0,250,-39,250,0" /><INIT seed="0,1,0,4,5,58" ten="289,250,211,250" oya="0" hai0="66,17,28,117,34,114,101,116,44,10,61,45,100" hai1="0,41,96,93,32,30,29,99,2,88,132,16,23" hai2="37,108,7,74,43,49,78,70,11,98,56,38,122" hai3="107,19,40,35,103,119,25,133,109,130,115,97,121"/><T92/><D114/><U67/><E132/><V13/><F70/><W57/><G40/><T39/><D34/><U80/><E41/><V20/><F122/><W87/><G87/><T105/><D105/><U53/><E67/><V12/><F108/><W55/><G19/><T36/><D28/><N who="1" m="10859" /><E32/><V123/><F123/><W1/><G25/><T95/><D17/><U27/><E0/><V71/><F71/><W72/><G55/><T76/><D10/><U5/><E2/><V65/><F98/><W125/><G57/><T69/><D76/><U134/><E134/><V129/><F129/><W85/><G97/><T63/><D69/><U86/><E5/><V75/><F78/><W83/><G85/><T89/><D89/><N who="1" m="55343" /><E99/><V24/><F43/><W26/><G83/><T64/><AGARI ba="1,0" hai="36,39,44,45,61,63,64,66,92,95,100,101,116,117" machi="64" ten="25,12000,1" yaku="0,1,22,2,52,2" doraHai="58" who="0" fromWho="0" sc="289,123,250,-41,211,-41,250,-41" /><INIT seed="0,2,0,1,1,129" ten="412,209,170,209" oya="0" hai0="124,121,102,120,90,75,31,4,57,77,51,39,38" hai1="86,105,45,131,63,134,70,110,127,112,24,32,111" hai2="48,50,18,116,93,76,96,101,132,30,88,49,69" hai3="113,89,60,2,47,72,19,117,54,28,20,64,67"/><T65/><D102/><U87/><E127/><V27/><F69/><W21/><G2/><T59/><D77/><U119/><E119/><V108/><F116/><W99/><G117/><T71/><D75/><U0/><E0/><V115/><F115/><W46/><G113/><T7/><D90/><U95/><E112/><V42/><F108/><N who="1" m="41513" /><E105/><V104/><F76/><W126/><G126/><T41/><D124/><U123/><E123/><V44/><F18/><W82/><G28/><T8/><D31/><N who="1" m="19559" /><E131/><V14/><F14/><W84/><G72/><T55/><D4/><U83/><E95/><V9/><F9/><W91/><G21/><T68/><D8/><U35/><E35/><V81/><F81/><W40/><G40/><T15/><D7/><U85/><E45/><V80/><F80/><W36/><G36/><N who="0" m="13867" /><D15/><U118/><E118/><V128/><F128/><W10/><G10/><T52/><D41/><U114/><E114/><V34/><REACH who="2" step="1"/><F132/><REACH who="2" step="2"/><W103/><G19/><T23/><D71/><U130/><E130/><V66/><F66/><W78/><G67/><T125/><D125/><U5/><E5/><V58/><F58/><W107/><G64/><T33/><D65/><N who="1" m="41279" /><E83/><V16/><F16/><W94/><G82/><T97/><D68/><U56/><E56/><V100/><F100/><W13/><G103/><T43/><D59/><U74/><E74/><V29/><F29/><W109/><G109/><T6/><D57/><U62/><E62/><V12/><F12/><W3/><G60/><T135/><D6/><U61/><E61/><V25/><F25/><W22/><G13/><RYUUKYOKU ba="2,1" sc="412,-15,209,15,160,15,209,-15" hai1="85,86,87,134" hai2="27,30,34,42,44,48,49,50,88,93,96,101,104" /><INIT seed="1,3,1,1,5,107" ten="397,224,175,194" oya="1" hai0="68,55,100,36,63,78,120,18,8,56,11,19,20" hai1="33,3,104,130,79,66,6,14,15,58,30,131,122" hai2="29,32,35,46,23,21,80,101,43,83,38,121,47" hai3="27,26,70,62,25,105,94,72,28,13,116,54,132"/><U51/><E122/><V98/><F29/><W42/><G105/><T76/><D68/><U16/><E104/><V113/><F101/><W49/><G116/><T69/><D69/><U106/><E106/><V71/><F71/><W37/><G132/><T109/><D36/><U64/><E79/><N who="0" m="30249" /><D109/><U77/><E77/><V95/><F95/><W4/><G42/><T7/><D7/><U61/><E51/><V96/><F43/><W111/><G37/><T39/><D39/><U108/><E108/><V84/><F38/><W75/><G111/><T73/><D73/><U134/><E134/><V22/><F84/><W5/><G28/><T114/><D114/><U102/><E102/><V97/><F121/><W44/><G94/><T123/><D120/><U45/><E45/><V124/><F124/><W103/><G103/><T92/><D123/><U48/><E48/><V89/><F89/><W110/><G110/><T24/><D19/><U81/><E81/><N who="2" m="31307" /><F113/><W91/><G91/><T125/><D125/><U9/><E66/><V0/><F0/><W82/><G82/><T17/><D17/><U59/><E59/><V127/><F127/><W88/><G88/><T31/><D18/><U128/><E16/><V119/><F119/><W52/><G70/><T40/><D40/><U50/><E50/><V74/><F74/><N who="3" m="28203" /><G13/><T85/><D85/><U67/><E64/><V115/><F115/><W2/><G2/><T53/><D53/><U117/><E117/><V1/><F1/><W126/><G126/><T34/><D34/><AGARI ba="3,1" hai="21,22,23,32,34,35,46,47,96,97,98" m="31307" machi="34" ten="40,2600,0" yaku="28,2" doraHai="107" who="2" fromWho="0" sc="397,-35,224,0,175,45,194,0" /><INIT seed="2,0,0,0,0,101" ten="362,224,220,194" oya="2" hai0="30,54,58,72,82,43,97,55,133,19,100,40,112" hai1="53,45,92,91,51,129,27,121,94,115,87,52,6" hai2="103,12,99,1,84,96,8,120,126,78,38,46,20" hai3="127,50,107,118,109,75,36,49,10,80,116,135,32"/><V56/><F1/><W124/><G10/><T47/><D112/><U33/><E115/><V132/><F120/><W83/><G75/><T34/><D133/><U15/><E129/><V119/><F119/><W3/><G3/><T111/><D111/><U14/><E121/><V102/><F132/><W98/><G98/><T88/><D30/><U13/><E33/><V86/><F126/><W81/><G36/><T37/><D34/><U65/><E6/><V29/><F56/><W73/><G73/><T105/><D43/><U31/><E65/><V17/><F78/><W2/><G2/><T44/><D44/><U131/><E131/><V70/><F70/><W5/><G5/><T71/><D71/><U68/><E68/><V134/><F134/><W110/><G32/><T95/><D19/><U41/><E27/><V39/><F46/><W93/><G93/><T9/><D9/><U114/><E114/><V59/><F59/><W28/><G107/><T60/><D55/><U61/><E31/><V42/><F42/><W108/><G28/><T64/><D54/><N who="1" m="21099" /><E61/><V67/><F67/><W123/><G123/><T106/><D72/><U113/><E113/><V24/><F39/><W21/><G21/><T104/><REACH who="0" step="1"/><D82/><AGARI ba="0,0" hai="13,14,15,41,45,51,82,87,91,92,94" m="21099" machi="82" ten="30,2000,0" yaku="8,1,54,1" doraHai="101" who="1" fromWho="0" sc="362,-20,224,20,220,0,194,0" /><INIT seed="3,0,0,1,4,51" ten="342,244,220,194" oya="3" hai0="2,10,19,94,20,4,87,108,21,31,39,83,130" hai1="129,57,66,97,38,88,134,125,58,62,33,74,35" hai2="49,43,36,95,135,89,32,114,100,46,0,52,76" hai3="34,41,84,113,14,117,9,115,107,7,18,102,65"/><W15/><G34/><T30/><D39/><U25/><E38/><V124/><F32/><W59/><G117/><T55/><D130/><U90/><E74/><V61/><F0/><W109/><G41/><T78/><D108/><U103/><E125/><V70/><F114/><W93/><G107/><T128/><D128/><U24/><E134/><V86/><F135/><W47/><G109/><T119/><D119/><U120/><E129/><V91/><F124/><W133/><G47/><T16/><D94/><U3/><E3/><V72/><F100/><W22/><G133/><T73/><D73/><U45/><E120/><V112/><F112/><W40/><G40/><T29/><D19/><U101/><E45/><V54/><F72/><W111/><G111/><T13/><REACH who="0" step="1"/><D55/><REACH who="0" step="2"/><N who="2" m="21034" /><F36/><W75/><G75/><T80/><D80/><U26/><E66/><V110/><F110/><W53/><G65/><T85/><D85/><U68/><E97/><N who="2" m="57583" /><F70/><W27/><G27/><AGARI ba="0,1" hai="2,4,10,13,16,20,21,27,29,30,31,78,83,87" machi="27" ten="40,2600,0" yaku="1,1,54,1,53,0" doraHai="51" doraHaiUra="126" who="0" fromWho="3" sc="332,36,244,0,220,0,194,-26" /><INIT seed="4,0,0,5,0,75" ten="368,244,220,168" oya="0" hai0="84,46,6,121,19,18,69,32,87,47,108,15,135" hai1="102,95,134,85,39,68,120,118,80,3,26,128,98" hai2="29,48,133,35,56,88,44,119,33,64,96,34,126" hai3="57,66,70,61,89,0,65,104,94,11,109,113,59"/><T51/><D69/><U43/><E118/><V86/><F29/><W23/><G104/><T9/><D32/><U45/><E120/><V20/><F119/><W92/><G113/><T7/><D121/><U130/><E134/><V117/><F117/><W55/><G109/><T52/><D135/><U83/><E68/><V24/><F133/><W123/><G123/><T76/><D108/><U79/><E3/><V21/><F126/><W103/><G103/><T27/><D47/><U42/><E43/><V30/><F96/><W72/><G72/><T2/><D2/><U81/><REACH who="1" step="1"/><E26/><REACH who="1" step="2"/><V60/><F24/><W115/><G70/><T91/><D27/><U41/><E41/><V125/><F125/><W54/><G115/><T124/><D124/><U71/><E71/><V77/><F30/><W36/><G36/><T116/><D116/><U8/><E8/><V37/><F37/><W25/><G0/><T99/><D9/><U58/><E58/><V10/><F10/><W14/><G11/><T82/><D7/><U53/><E53/><V93/><F20/><W4/><G4/><T31/><D6/><U100/><E100/><V28/><F21/><W132/><G132/><T131/><D131/><AGARI ba="0,1" hai="39,42,45,79,80,81,83,85,95,98,102,128,130,131" machi="131" ten="40,12000,2" yaku="1,1,19,1,52,1,53,3" doraHai="75" doraHaiUra="127" who="1" fromWho="0" sc="368,-120,234,130,220,0,168,0" /><INIT seed="5,0,0,3,3,84" ten="248,364,220,168" oya="1" hai0="37,89,130,73,108,44,1,0,102,111,95,24,109" hai1="129,101,74,71,93,113,6,17,92,39,106,53,40" hai2="55,56,42,62,135,127,45,119,58,98,132,50,121" hai3="11,63,81,77,65,120,23,99,54,107,125,34,3"/><U70/><E74/><V15/><F98/><W13/><G34/><T20/><D73/><U82/><E6/><V72/><F72/><W88/><G120/><T91/><D130/><U115/><E82/><V38/><F15/><W67/><G125/><T52/><D37/><U87/><E106/><V69/><F119/><W41/><G41/><T85/><D102/><U117/><E117/><V12/><F12/><W94/><G3/><T10/><D10/><U126/><E126/><V96/><F96/><W110/><G110/><T33/><D33/><U78/><E101/><V7/><F7/><W134/><G134/><N who="2" m="51241" /><F121/><W123/><G123/><T103/><D103/><U76/><E40/><V80/><F80/><W122/><G122/><T116/><D116/><U75/><E75/><V128/><F127/><W30/><G107/><T29/><REACH who="0" step="1"/><D91/><REACH who="0" step="2"/><U57/><E129/><V46/><F128/><W8/><G8/><T100/><D100/><U83/><E39/><V133/><F133/><W16/><G11/><T14/><D14/><U51/><E76/><V26/><F26/><W131/><G131/><T104/><D104/><U124/><E124/><V43/><F69/><W59/><REACH who="3" step="1"/><G30/><REACH who="3" step="2"/><T49/><AGARI ba="0,2" hai="0,1,20,24,29,44,49,52,85,89,95,108,109,111" machi="49" ten="40,8000,1" yaku="1,1,0,1,52,1,54,1,53,1" doraHai="84" doraHaiUra="90" who="0" fromWho="0" sc="238,100,364,-40,220,-20,158,-20" /><INIT seed="6,0,0,2,4,22" ten="338,324,200,138" oya="2" hai0="134,116,24,61,4,126,49,90,9,19,96,80,36" hai1="44,129,81,53,38,71,89,130,125,118,8,104,74" hai2="45,119,131,120,107,25,20,117,29,103,65,86,114" hai3="123,48,51,121,17,21,28,122,54,26,88,6,83"/><V3/><F3/><W113/><G6/><T32/><D36/><U59/><E118/><V127/><F120/><W33/><G113/><T110/><D110/><U128/><E125/><V97/><F127/><W2/><G2/><T78/><D126/><U68/><E104/><V14/><F114/><W63/><G63/><T132/><D61/><N who="1" m="36079" /><E8/><V31/><F131/><W124/><G124/><T76/><D49/><U1/><E1/><V40/><F65/><W15/><G54/><T77/><D116/><U79/><E89/><V55/><F55/><W115/><G115/><T47/><D47/><U35/><E35/><V95/><F14/><W58/><G58/><T5/><D9/><U99/><E99/><V10/><F10/><W82/><REACH who="3" step="1"/><G83/><REACH who="3" step="2"/><T67/><D4/><U102/><E44/><V135/><F135/><W84/><AGARI ba="0,1" hai="15,17,21,26,28,33,48,51,82,84,88,121,122,123" machi="84" ten="40,8000,1" yaku="1,1,2,1,0,1,52,1,54,1,53,0" doraHai="22" doraHaiUra="106" who="3" fromWho="3" sc="338,-20,324,-20,200,-40,128,90" /><INIT seed="7,0,0,2,1,39" ten="318,304,160,218" oya="3" hai0="32,86,46,83,38,16,54,11,97,98,47,20,2" hai1="106,28,119,42,40,108,35,18,114,130,60,117,128" hai2="64,102,71,62,74,125,52,118,31,79,129,87,29" hai3="127,6,115,22,94,109,105,70,5,49,131,33,41"/><W72/><G22/><T8/><D32/><U1/><E108/><V81/><F102/><W103/><G41/><N who="1" m="15978" /><E114/><V113/><F118/><N who="1" m="45065" /><E106/><V25/><F113/><W51/><G94/><T65/><D38/><U55/><E1/><V133/><F125/><W111/><G103/><T135/><D135/><U13/><E28/><V76/><F133/><W26/><G70/><T48/><D2/><U120/><E120/><V3/><F3/><W126/><G72/><T66/><D47/><U73/><E73/><V95/><F129/><W0/><G131/><T121/><D121/><U17/><E35/><V56/><F95/><W57/><G115/><T93/><D11/><N who="1" m="6335" /><E18/><V14/><F14/><W101/><G0/><T43/><D8/><U91/><E91/><V37/><F37/><W96/><G33/><T89/><D43/><U112/><E112/><V23/><F74/><W85/><G26/><N who="0" m="14599" /><D97/><U99/><E99/><V63/><REACH who="2" step="1"/><F29/><REACH who="2" step="2"/><W15/><G15/><T107/><D107/><U34/><E34/><V134/><F134/><W80/><G57/><AGARI ba="0,1" hai="55,57,60,128,130" m="6335,45065,15978" machi="57" ten="30,7700,0" yaku="12,1,52,3" doraHai="39" who="1" fromWho="3" sc="318,0,304,87,150,0,218,-77" owari="318,12,391,49,150,-25,141,-36" /></mjloggm>