<mjloggm ver="2.3"><GO type="11"/><UN n0="%4E%6F%4E%61%6D%65" n1="%E3%83%91%E3%83%B3%E3%83%97%E3%83%83%E3%83%88" n2="%E3%82%A6%E3%83%AB%E3%83%88%E3%83%A9%E7%AB%8B%E7%9B%B4" n3="%E4%BB%8A%E3%81%AF%E3%81%93%E3%82%8C%E3%81%8C%E7%B2%BE%E4%B8%80%E6%9D%AF" dan="0,4,8,11" rate="1500,1617,1673,1549" sx="M,M,M,M"/><TAIKYOKU oya="0"/><INIT seed="0,0,0,1,1,66" ten="250,250,250,250" oya="0" hai0="39,11,108,128,96,47,16,48,65,3,134,56,7" hai1="95,113,79,72,73,120,92,57,33,126,88,74,14" hai2="80,99,36,118,100,105,110,38,91,42,32,97,67" hai3="75,78,70,86,114,122,35,21,125,55,45,131,89" shuffle="mt19937ar,ABA4953E,6D0B5B0C,EC7B20B4,0D4D2681,A5F28705,306A614C,E520C134,18DA84DB"/><T26/><D108/><U49/><E33/><V53/><F110/><W123/><G114/><T0/><D134/><U69/><E120/><N who="3" m="46122" /><G35/><T116/><D116/><U41/><E41/><V106/><F32/><W17/><G75/><T34/><D39/><U124/><E14/><V8/><F8/><W58/><G45/><T23/><D34/><U37/><E37/><V25/><F25/><W20/><G78/><T133/><D96/><U24/><E24/><V104/><F42/><W130/><G125/><T107/><D128/><N who="3" m="49193" /><G17/><T129/><D133/><U103/><E103/><V30/><F100/><W71/><G89/><T132/><D3/><U84/><E79/><V121/><F91/><W83/><G83/><T51/><D132/><U82/><E113/><V13/><F121/><W60/><G86/><T46/><D107/><U102/><E102/><V77/><F80/><W2/><G2/><T12/><D0/><U44/><E44/><N who="0" m="16937" /><D129/><U109/><E109/><V61/><F77/><W93/><G93/><T40/><D40/><U59/><E126/><V4/><F104/><W22/><AGARI ba="0,0" hai="20,21,22,55,58,60,70,71" m="49193,46122" machi="22" ten="40,8000,1" yaku="13,1,19,1,52,2" doraHai="66" who="3" fromWho="3" sc="250,-40,250,-20,250,-20,250,80" /><INIT seed="1,0,0,2,2,31" ten="210,230,230,330" oya="1" hai0="3,108,22,4,9,90,128,52,53,11,73,67,100" hai1="24,92,25,64,81,112,27,132,129,94,78,16,20" hai2="111,5,107,19,88,51,48,55,83,42,106,84,47" hai3="18,125,1,8,87,98,109,131,54,135,28,40,12" shuffle="mt19937ar,1E0E360E,0EE2448A,4C5C4A4C,6CFD3653,47DF5E9C,28E0BE83,4EBE71DC,3184E4DA"/><U85/><E112/><V91/><F111/><W34/><G125/><T14/><D73/><U124/><E124/><V7/><F106/><W17/><G109/><T29/><D67/><U82/><E132/><V21/><F107/><W69/><G69/><T126/><D126/><U23/><E27/><V45/><REACH who="2" step="1"/><F91/><REACH who="2" step="2"/><W122/><G122/><T15/><D128/><U116/><E129/><V6/><F6/><W96/><G135/><T123/><D108/><U30/><E116/><V89/><F89/><W13/><G131/><T110/><D110/><U43/><E64/><V65/><F65/><W113/><G113/><T76/><D123/><U26/><E43/><V44/><F44/><W80/><G40/><T68/><D100/><U46/><E46/><V39/><F39/><W127/><G127/><T10/><D76/><U119/><E119/><V56/><F56/><W93/><G1/><T35/><D90/><U63/><E63/><V134/><F134/><W66/><G66/><T2/><D68/><U58/><E58/><V41/><F41/><W72/><G54/><T121/><D121/><U75/><REACH who="1" step="1"/><E25/><AGARI ba="0,1" hai="5,7,19,21,25,42,45,47,48,51,55,83,84,88" machi="25" ten="30,3900,0" yaku="1,1,7,1,8,1,53,0" doraHai="31" doraHaiUra="71" who="2" fromWho="1" sc="210,0,230,-39,220,49,330,0" /><INIT seed="2,0,0,1,4,48" ten="210,191,269,330" oya="2" hai0="14,22,101,100,28,78,86,133,108,12,39,120,122" hai1="18,127,73,49,116,92,56,3,113,51,134,23,60" hai2="31,17,41,57,63,55,30,37,46,89,90,81,99" hai3="72,85,67,94,40,130,98,95,36,7,126,68,66" shuffle="mt19937ar,E8A3BE59,CEA44E75,DF5E7595,B9A7E1AE,F14F9A44,8CC988C0,E2BACD35,FDB8D267"/><V114/><F114/><W50/><G72/><T93/><D39/><U5/><E73/><V112/><F112/><W77/><G36/><T75/><D133/><U70/><E70/><V58/><F90/><W0/><G130/><T74/><D108/><U21/><E113/><V124/><F124/><W106/><G126/><T27/><D75/><U19/><E127/><V76/><F76/><W61/><G106/><T87/><D122/><U13/><E134/><V103/><F81/><W82/><G67/><T111/><D111/><U38/><E38/><V62/><F89/><W11/><REACH who="3" step="1"/><G98/><REACH who="3" step="2"/><T125/><D120/><U9/><E116/><V59/><F17/><W96/><G96/><T20/><D125/><U83/><E83/><V88/><F59/><W15/><G15/><T131/><D74/><U29/><E92/><V121/><F121/><W2/><G2/><T52/><D131/><U69/><E69/><V105/><REACH who="2" step="1"/><F88/><REACH who="2" step="2"/><W104/><G104/><T33/><D78/><U54/><REACH who="1" step="1"/><E29/><REACH who="1" step="2"/><V1/><F1/><W34/><G34/><T47/><D33/><U135/><E135/><V110/><F110/><W118/><G118/><T32/><D32/><U44/><E44/><AGARI ba="0,3" hai="0,7,11,40,44,50,61,66,68,77,82,85,94,95" machi="44" ten="40,2600,0" yaku="1,1,53,1" doraHai="48" doraHaiUra="64" who="3" fromWho="1" sc="210,0,181,-26,259,0,320,56" /><INIT seed="3,0,0,5,1,3" ten="210,155,259,376" oya="3" hai0="134,106,59,9,133,40,112,75,91,68,34,121,71" hai1="103,69,32,26,129,51,74,113,85,60,120,114,56" hai2="90,17,58,4,125,5,8,108,123,66,2,44,95" hai3="132,80,70,38,20,55,94,99,82,12,25,130,81" shuffle="mt19937ar,1DC0F67D,9CF14EF7,05F9872D,F6FA4D4A,DD830B85,8AE4974B,FD7B83C0,2CD147B2"/><W63/><G38/><T31/><D75/><U41/><E74/><V14/><F2/><W127/><G130/><T78/><D112/><U47/><E120/><V52/><F123/><W116/><G116/><T49/><D121/><U48/><E129/><V23/><F125/><W107/><G132/><T118/><D106/><U101/><E114/><V50/><F108/><W110/><G110/><T61/><D118/><U19/><E113/><V36/><F36/><W89/><G107/><T22/><D9/><U21/><E32/><V16/><F66/><W105/><G105/><T15/><D34/><U10/><E69/><V35/><F44/><W115/><G115/><T0/><D91/><U124/><E124/><V54/><F54/><W119/><G119/><T72/><D78/><U65/><E51/><V42/><F42/><W102/><G127/><T73/><D71/><U1/><E85/><V18/><F35/><W93/><G70/><T79/><D68/><U39/><E39/><V24/><F18/><W27/><G12/><T28/><D79/><U92/><E92/><V43/><F43/><W64/><G64/><T104/><D0/><U109/><E109/><V62/><F50/><W13/><G13/><T30/><D104/><U6/><AGARI ba="0,0" hai="1,6,10,19,21,26,41,47,48,56,60,65,101,103" machi="6" ten="30,2000,0" yaku="0,1,52,1" doraHai="3" who="1" fromWho="1" sc="210,-5,155,20,259,-5,376,-10" /><INIT seed="4,0,0,0,5,33" ten="205,175,254,366" oya="0" hai0="2,10,3,7,126,52,80,38,42,6,11,113,4" hai1="32,85,79,72,134,17,127,70,121,22,89,65,46" hai2="68,129,21,104,128,53,115,13,60,102,91,58,19" hai3="20,37,99,88,47,9,133,55,0,131,105,122,45" shuffle="mt19937ar,21AF0AC4,1623BBD2,310BCE67,91C38D10,CC48FB2F,2942358C,70722741,68530CEE"/><T63/><D113/><U23/><E121/><V28/><F115/><W78/><G122/><T35/><D7/><U61/><E134/><V67/><F28/><W84/><G133/><T64/><D52/><U110/><E32/><V76/><F76/><W123/><G123/><T41/><D80/><U107/><E107/><V5/><F5/><W27/><G131/><N who="2" m="50249" /><F91/><W98/><G105/><T114/><D114/><U83/><E110/><V96/><F53/><W73/><G73/><T49/><D49/><U109/><E109/><V43/><F43/><W71/><G71/><AGARI ba="0,0" hai="13,19,21,58,60,67,68,71,96,102,104" m="50249" machi="71" ten="30,1000,0" yaku="19,1" doraHai="33" who="2" fromWho="3" sc="205,0,175,0,254,10,366,-10" /><INIT seed="5,0,0,1,1,85" ten="205,175,264,356" oya="1" hai0="91,37,61,62,119,125,9,47,15,102,90,101,99" hai1="82,13,18,104,14,128,80,122,60,23,131,66,39" hai2="1,64,105,29,68,117,113,0,58,28,132,83,17" hai3="63,74,84,35,19,67,75,65,78,5,53,103,94" shuffle="mt19937ar,FDB27C0C,0AEA2D6F,1A429251,48DDEE57,D19991F7,5E7A23B8,A99CD555,267E00D3"/><U98/><E122/><V43/><F68/><W16/><G19/><T27/><D119/><U88/><E39/><V44/><F105/><W76/><G35/><T108/><D37/><U71/><E13/><V89/><F1/><W95/><G53/><T12/><D125/><U59/><E71/><V31/><F0/><W126/><G126/><T51/><D108/><U81/><REACH who="1" step="1"/><E104/><REACH who="1" step="2"/><V92/><F117/><W100/><G5/><T20/><D9/><U73/><E73/><V32/><F132/><W120/><G120/><T116/><D116/><U69/><E69/><V49/><F113/><W127/><G127/><T56/><D62/><U40/><E40/><V72/><F72/><W10/><G75/><T135/><D135/><U86/><E86/><V97/><F43/><W26/><G10/><T24/><D15/><U36/><E36/><V130/><F97/><W46/><G46/><T93/><D12/><U110/><E110/><V114/><F44/><W21/><G74/><T33/><D33/><U3/><E3/><V87/><F32/><W25/><G63/><T11/><D11/><U4/><E4/><V52/><F114/><W115/><G115/><T8/><D8/><U45/><E45/><V41/><F41/><W50/><G84/><T54/><D24/><U34/><E34/><V123/><F123/><W129/><G50/><T57/><D27/><U109/><E109/><V133/><F133/><W96/><G21/><T2/><D20/><U111/><E111/><V6/><F87/><W42/><G42/><N who="0" m="25079" /><D2/><U118/><E118/><V22/><F22/><W48/><G48/><RYUUKYOKU ba="0,1" sc="205,-10,165,30,264,-10,356,-10" hai1="14,18,23,59,60,66,80,81,82,88,98,128,131" /><INIT seed="5,1,1,4,0,37" ten="195,195,254,346" oya="1" hai0="68,70,14,83,47,53,13,119,94,9,101,100,62" hai1="60,18,11,132,51,73,121,46,45,120,52,2,79" hai2="72,88,86,3,19,133,107,111,97,6,82,33,117" hai3="85,42,92,41,128,74,66,4,106,129,112,17,78" shuffle="mt19937ar,94256E43,1DB26548,FBB06851,C18B9EA4,3915DEA6,D144C531,8E9F558E,700E3035"/><U134/><E79/><V124/><F33/><W131/><G106/><T118/><D9/><U61/><E73/><V127/><F6/><W20/><G4/><T114/><D47/><N who="1" m="17931" /><E18/><V1/><F3/><W16/><G74/><T28/><D62/><N who="1" m="24171" /><E11/><V65/><F19/><N who="3" m="7243" /><G66/><T115/><D53/><U49/><E2/><V80/><F65/><W135/><G20/><T102/><D28/><U122/><E52/><V54/><F54/><W29/><G29/><T39/><D94/><U77/><E77/><V103/><F1/><W125/><G125/><T31/><D83/><U63/><N who="1" m="24179" /><U23/><DORA hai="126" /><E23/><V50/><F124/><W24/><G24/><T93/><D31/><U21/><E21/><V105/><F127/><W91/><G78/><T59/><D93/><U67/><E67/><V90/><F105/><W30/><G30/><T5/><D59/><U69/><E69/><N who="0" m="26729" /><D5/><U99/><E99/><V96/><F97/><W113/><G135/><AGARI ba="1,1" hai="49,51,120,121,122,132,134,135" m="24179,17931" machi="135" ten="50,12000,1" yaku="28,2,20,1,34,2" doraHai="37,126" who="1" fromWho="3" sc="195,0,195,133,254,0,346,-123" /><INIT seed="5,2,0,4,2,21" ten="195,328,254,223" oya="1" hai0="131,40,115,0,49,54,51,96,92,122,124,67,101" hai1="8,6,80,3,82,133,68,37,104,99,16,91,26" hai2="12,129,126,70,79,42,86,74,44,83,20,76,78" hai3="39,15,29,61,38,77,71,128,10,113,48,120,56" shuffle="mt19937ar,7CFF0166,4C974C8C,68D28AF2,B07FB94F,7CA38CB0,CCE987AE,BBA6FAA0,97DEE66C"/><U88/><E68/><V33/><F33/><W43/><G120/><T73/><D122/><U100/><E37/><V60/><F126/><W5/><G113/><T121/><D124/><U19/><E19/><V111/><F129/><W1/><G128/><T84/><D131/><U13/><E82/><V130/><F130/><W24/><G71/><T109/><D109/><U46/><E46/><V85/><F111/><W81/><G1/><T45/><D73/><U118/><E118/><V35/><F35/><W53/><G43/><T94/><D115/><U58/><E58/><V119/><F119/><W32/><REACH who="3" step="1"/><G61/><REACH who="3" step="2"/><T25/><D0/><U64/><E3/><V36/><F60/><W97/><G97/><T98/><D121/><U27/><E99/><V62/><F62/><W112/><G112/><T102/><D84/><AGARI ba="2,1" hai="5,10,15,24,29,32,38,39,48,53,56,77,81,84" machi="84" ten="30,3900,0" yaku="1,1,7,1,52,1,53,0" doraHai="21" doraHaiUra="95" who="3" fromWho="0" sc="195,-45,328,0,254,0,213,55" /><INIT seed="6,0,0,3,1,78" ten="150,328,254,268" oya="2" hai0="88,91,93,11,132,99,131,122,83,112,35,77,114" hai1="89,79,62,10,92,121,3,67,41,51,108,45,29" hai2="63,33,102,119,49,82,107,15,85,72,53,109,9" hai3="14,123,94,19,38,25,54,105,103,100,59,61,96" shuffle="mt19937ar,A50D0D78,243FA5CD,CEA3AEA8,1792498B,03458F37,1643BBDE,267715ED,571F074A"/><V116/><F33/><W0/><G123/><T32/><D35/><U71/><E121/><V52/><F72/><W42/><G0/><T124/><D32/><U5/><E108/><V127/><F109/><W135/><G135/><T7/><D122/><U43/><E29/><V118/><F127/><W73/><G73/><N who="0" m="43439" /><D11/><U113/><E113/><N who="0" m="43625" /><D7/><U17/><E17/><V21/><F21/><W26/><G105/><T68/><D68/><U70/><E70/><V106/><F63/><W13/><G13/><T64/><D64/><U1/><E79/><V30/><F30/><W60/><G60/><T95/><D132/><U130/><E1/><V86/><F52/><W115/><G115/><T97/><D131/><U27/><E27/><V23/><F23/><W74/><G74/><T117/><D124/><U87/><E130/><V20/><F20/><W69/><G69/><T47/><D47/><U129/><E129/><V34/><F34/><W37/><G103/><T24/><D24/><U8/><E10/><V31/><F102/><W18/><G42/><AGARI ba="0,0" hai="3,5,8,41,42,43,45,51,62,67,71,87,89,92" machi="42" ten="30,1000,0" yaku="7,1" doraHai="78" who="1" fromWho="3" sc="150,0,328,10,254,0,268,-10" /><INIT seed="7,0,0,1,4,62" ten="150,338,254,258" oya="3" hai0="48,122,129,69,44,113,9,97,91,35,84,127,106" hai1="31,90,73,30,60,39,83,103,82,23,2,126,71" hai2="18,42,19,21,102,87,125,94,13,132,95,59,57" hai3="111,101,27,81,68,36,65,20,12,72,7,11,110" shuffle="mt19937ar,0EC139E8,8EC9BA18,E7B4D806,24F5819B,A889DB40,4E59AAEC,A1E06624,EA49ED12"/><W104/><G36/><T56/><D122/><U15/><E2/><V76/><F125/><W6/><G6/><T10/><D35/><U135/><E39/><V53/><F132/><W123/><G123/><T98/><D113/><U115/><E115/><V99/><F42/><W32/><G20/><T121/><D129/><U22/><E73/><V96/><F76/><N who="3" m="44167" /><G32/><T33/><D69/><U47/><E15/><V108/><F108/><N who="3" m="41515" /><G27/><T24/><D121/><U28/><E135/><V51/><F19/><W78/><G78/><T120/><D127/><U134/><E126/><V26/><F26/><W46/><G46/><T75/><D75/><U133/><E47/><V117/><F117/><W70/><G65/><T34/><D106/><U3/><E133/><V64/><F64/><W105/><G101/><T16/><D34/><U25/><E25/><V109/><F109/><W40/><G40/><T80/><D33/><U86/><E103/><V43/><F43/><W74/><G74/><T49/><D10/><U1/><E134/><V29/><F29/><W116/><G116/><T119/><D119/><U63/><E31/><V128/><F128/><W61/><G61/><T45/><D56/><U37/><E37/><V41/><F41/><W93/><G93/><T14/><D24/><U77/><E30/><V52/><F52/><W89/><G89/><T8/><D8/><U92/><E28/><V114/><F114/><W55/><G55/><N who="0" m="30087" /><D120/><U100/><E90/><N who="2" m="53599" /><F59/><W124/><G124/><T79/><D79/><U85/><E63/><V58/><F58/><W88/><G88/><T131/><D131/><RYUUKYOKU ba="0,0" sc="150,10,338,-30,254,10,258,10" hai0="9,14,16,45,49,80,84,91,97,98" hai2="13,18,21,51,53,57,95,96,99,102" hai3="7,11,12,68,70,104,105" /><INIT seed="7,1,0,3,1,69" ten="160,308,264,268" oya="3" hai0="67,63,90,41,96,39,106,4,79,20,52,28,51" hai1="77,68,66,53,29,45,115,87,46,56,61,22,55" hai2="89,125,0,132,131,10,60,102,93,117,13,18,104" hai3="19,30,126,133,119,5,42,105,99,129,14,65,50" shuffle="mt19937ar,0AB066C2,6B583A5E,448311F9,B4D6B131,87366E8D,817F7010,8A12B2B7,E3AF8CCB"/><W84/><G119/><T33/><D4/><U15/><E87/><V91/><F117/><W127/><G65/><T47/><D33/><U83/><E115/><V80/><F0/><W57/><G5/><T75/><D79/><U78/><E83/><V44/><F104/><W17/><G30/><T113/><D75/><U70/><E70/><V3/><F3/><W2/><G2/><T108/><D108/><U59/><E78/><V43/><F125/><N who="3" m="47627" /><G84/><T31/><D20/><U36/><E77/><V25/><F131/><W94/><G105/><T58/><D113/><U116/><E116/><V16/><F132/><W109/><G109/><T54/><D54/><U64/><E64/><V130/><F130/><W120/><G129/><T134/><D134/><U103/><E103/><V62/><F102/><N who="3" m="60791" /><G120/><T76/><D76/><U97/><E97/><V12/><F80/><W21/><G19/><T118/><D106/><U24/><E15/><V112/><F25/><W9/><G133/><T40/><D40/><U34/><E34/><V32/><F32/><W82/><G82/><T74/><D74/><U92/><E29/><V101/><F101/><W135/><G135/><T49/><D49/><U7/><E7/><V72/><F72/><W37/><G9/><T121/><D121/><U107/><E107/><V73/><F73/><W98/><G98/><T48/><D48/><U128/><E66/><V23/><F112/><W26/><G26/><T71/><D118/><U8/><E128/><V1/><F1/><W124/><G124/><T6/><D6/><U27/><E27/><V110/><F110/><RYUUKYOKU ba="1,0" sc="160,30,308,-10,264,-10,268,-10" hai0="28,31,39,41,47,51,52,58,63,67,71,90,96" /><INIT seed="8,2,0,3,5,41" ten="190,298,254,258" oya="0" hai0="115,15,53,51,42,88,76,72,132,1,21,48,108" hai1="112,131,110,93,92,45,17,50,30,85,73,111,46" hai2="3,67,52,109,23,33,18,69,120,68,98,95,16" hai3="104,71,25,103,7,56,70,12,55,121,47,31,6" shuffle="mt19937ar,77B588B2,0290103E,55B65078,32ED614E,63F24D5F,63D5C7BD,AFF9876E,015A618D"/><T63/><D115/><U65/><E73/><V8/><F33/><W60/><G121/><T22/><D1/><U82/><E112/><V87/><F109/><W14/><G47/><N who="0" m="25719" /><D72/><U4/><E4/><V29/><F120/><W13/><G104/><T119/><D108/><U66/><E30/><V49/><F29/><W27/><G103/><T89/><D132/><U2/><E2/><V91/><F67/><W117/><G117/><T113/><D113/><U61/><E50/><V90/><F16/><W75/><G75/><T99/><D63/><U133/><E133/><V106/><F8/><W62/><G62/><T83/><D15/><U38/><E61/><V43/><F3/><W101/><G101/><T37/><D37/><U58/><E58/><V78/><F43/><W77/><G77/><T122/><D89/><U40/><E40/><V39/><F39/><W100/><G100/><T128/><D119/><U44/><E38/><V102/><F91/><W19/><G71/><T64/><D128/><U20/><E131/><V80/><F106/><W97/><G97/><T34/><D34/><U124/><E111/><V26/><F69/><W81/><G81/><T105/><D64/><N who="1" m="24683" /><E110/><V134/><F68/><W114/><G70/><T84/><D105/><U129/><E129/><V127/><F134/><W135/><G135/><T36/><D36/><U24/><E124/><V123/><F127/><W59/><G114/><T5/><D5/><U54/><E54/><V130/><F123/><W10/><G59/><N who="0" m="33215" /><D122/><U94/><E94/><AGARI ba="2,0" hai="21,22,76,83,84,88,94,99" m="33215,25719" machi="94" ten="30,2900,0" yaku="8,1,52,1" doraHai="41" who="0" fromWho="1" sc="190,35,298,-35,254,0,258,0" /><INIT seed="8,3,0,5,2,29" ten="225,263,254,258" oya="0" hai0="14,11,86,96,126,108,13,39,123,134,4,84,99" hai1="57,75,73,26,67,92,20,130,72,56,61,28,63" hai2="44,32,106,40,113,43,119,21,27,25,19,110,124" hai3="79,65,51,68,80,2,52,12,16,54,74,3,47" shuffle="mt19937ar,4AFD6E32,89DFB755,1A156BCD,CB9E9DFC,F6234E19,E470E09B,0511EA1E,4EF395CA"/><T60/><D123/><U18/><E130/><V69/><F106/><W49/><G68/><T116/><D116/><U102/><E18/><V120/><F69/><W76/><G76/><T7/><D39/><U82/><E82/><V87/><F120/><W117/><G117/><T127/><D108/><U85/><E75/><V45/><F119/><W37/><G65/><T9/><D134/><U33/><E85/><V36/><F110/><W48/><G37/><T78/><D78/><U132/><E132/><V22/><F32/><W109/><G109/><T71/><D71/><U95/><E95/><V55/><F113/><W97/><G97/><T104/><D60/><U83/><E83/><V66/><F66/><W58/><REACH who="3" step="1"/><G49/><REACH who="3" step="2"/><T41/><D41/><N who="2" m="15946" /><F36/><W31/><G31/><T128/><D128/><U53/><REACH who="1" step="1"/><E33/><REACH who="1" step="2"/><V35/><F35/><W5/><G5/><T46/><D46/><U133/><E133/><V111/><F111/><W1/><G1/><T24/><D104/><U135/><E135/><V10/><F45/><W115/><G115/><T103/><D103/><U70/><E70/><V105/><F105/><W118/><G118/><T93/><D93/><U34/><E34/><V23/><F44/><W59/><G59/><T8/><D8/><AGARI ba="3,2" hai="2,3,8,12,16,47,48,51,52,54,58,74,79,80" machi="8" ten="30,3900,0" yaku="1,1,7,1,53,1" doraHai="29" doraHaiUra="42" who="3" fromWho="0" sc="225,-48,253,0,254,0,248,68" owari="177,-32,253,-15,254,5,316,42" /></mjloggm>