<mjloggm ver="2.3"><GO type="41"/><UN n0="%EF%BC%B5%EF%BC%BA" n1="%E3%83%93%E3%83%AA%E3%82%B1%E3%83%B3%E5%A4%A9%E4%BD%BF" n2="%E3%82%A6%E3%83%AB%E3%83%88%E3%83%A9%E7%AB%8B%E7%9B%B4" n3="%E4%B8%80%E8%93%AE%E6%89%98%E7%94%9F%E2%98%86%E6%B8%85%E5%8E%9F" dan="14,14,14,13" rate="1902,1928,1914,1871" sx="M,M,M,M"/><TAIKYOKU oya="0"/><INIT seed="0,0,0,1,2,85" ten="250,250,250,250" oya="0" hai0="72,69,86,47,54,67,112,12,6,102,13,93,63" hai1="98,0,32,114,116,58,53,17,121,111,103,82,15" hai2="25,27,14,64,68,108,4,104,1,19,130,120,106" hai3="113,42,129,65,31,117,94,81,101,34,22,62,91"/><T124/><D112/><U89/><E116/><V20/><F64/><W126/><G113/><T59/><D124/><U134/><E121/><V105/><F68/><W78/><G117/><T2/><D72/><U128/><E32/><V33/><F120/><W43/><G126/><T84/><D84/><U8/><E0/><V24/><F130/><W97/><G129/><T51/><D6/><U110/><E114/><V40/><F40/><W21/><G101/><T52/><D2/><U35/><E128/><V16/><F108/><W83/><G34/><T23/><D23/><N who="3" m="8713" /><G31/><T109/><D109/><N who="1" m="41483" /><E35/><V5/><F19/><W96/><G96/><T77/><D102/><U76/><E134/><V10/><REACH who="2" step="1"/><F5/><REACH who="2" step="2"/><W39/><G39/><T131/><D131/><U45/><E45/><V28/><AGARI ba="0,1" hai="1,4,10,14,16,20,24,25,27,28,33,104,105,106" machi="28" ten="40,12000,2" yaku="1,1,2,1,0,1,24,2,54,1,53,0" doraHai="85" doraHaiUra="38" who="2" fromWho="2" sc="250,-60,250,-30,240,130,250,-30" /><INIT seed="1,0,0,1,4,17" ten="190,220,370,220" oya="1" hai0="108,25,21,92,4,122,50,133,16,28,31,53,2" hai1="39,129,45,54,132,6,5,103,110,18,98,62,64" hai2="72,59,121,30,0,91,56,118,14,35,83,44,9" hai3="26,95,3,57,37,79,113,125,82,73,74,70,1"/><U116/><E116/><V93/><F0/><W89/><G113/><T8/><D122/><U99/><E132/><V61/><F121/><W109/><G125/><T65/><D133/><U22/><E129/><V120/><F120/><W51/><G109/><T67/><D108/><U15/><E110/><V127/><F127/><W34/><G70/><T123/><D123/><U111/><E111/><V47/><F35/><W97/><G74/><T117/><D117/><U128/><E128/><V80/><F30/><W77/><G77/><T75/><D75/><U13/><E39/><V41/><F59/><W115/><G115/><T119/><D92/><U40/><E40/><V19/><F118/><W68/><G68/><T69/><D119/><U10/><E64/><V87/><F72/><W36/><G36/><T88/><D67/><U84/><E103/><V90/><F90/><W114/><G37/><T33/><D88/><U29/><E29/><V66/><F47/><W135/><G114/><T55/><D50/><AGARI ba="0,0" hai="9,14,19,41,44,50,56,61,66,80,83,87,91,93" machi="50" ten="30,2000,0" yaku="7,1,8,1" doraHai="17" who="2" fromWho="0" sc="190,-20,220,0,370,20,220,0" /><INIT seed="2,0,0,1,5,99" ten="170,220,390,220" oya="2" hai0="122,66,34,108,41,11,126,115,18,100,111,12,1" hai1="73,21,120,114,46,42,32,9,88,60,65,55,96" hai2="56,53,47,110,90,97,84,98,44,112,128,26,23" hai3="79,33,82,54,63,127,134,86,101,77,0,7,10"/><V6/><F112/><W5/><G33/><T91/><D115/><U74/><E32/><V135/><F128/><W102/><G127/><T14/><D126/><U62/><E114/><V70/><F70/><W22/><G134/><T50/><D122/><U48/><E120/><V87/><F135/><W78/><G7/><T125/><D125/><U92/><E9/><V119/><F119/><W130/><G130/><T103/><D66/><U59/><E21/><V80/><F6/><W2/><G2/><T3/><D34/><U25/><E25/><V81/><F47/><W72/><G72/><T51/><D91/><U57/><AGARI ba="0,0" hai="42,46,48,55,57,59,60,62,65,73,74,88,92,96" machi="57" ten="20,2700,0" yaku="0,1,7,1,54,1" doraHai="99" who="1" fromWho="1" sc="170,-7,220,27,390,-13,220,-7" /><INIT seed="3,0,0,3,1,116" ten="163,247,377,213" oya="3" hai0="2,57,30,48,37,113,35,44,106,3,43,87,40" hai1="107,70,132,91,63,0,118,86,5,51,24,71,52" hai2="81,133,11,28,135,102,20,75,67,68,111,89,17" hai3="105,122,19,131,31,130,109,73,26,112,93,110,117"/><W84/><G105/><T85/><D113/><U62/><E107/><V15/><F102/><W123/><G73/><T55/><D106/><U83/><E132/><N who="2" m="50763" /><F111/><N who="3" m="42507" /><G19/><T21/><D43/><U18/><E118/><V96/><F68/><W32/><G117/><T121/><D35/><U90/><E5/><V4/><F67/><W38/><G38/><T22/><D121/><N who="3" m="46089" /><G112/><T78/><D30/><U16/><E0/><V12/><F28/><W33/><G33/><T53/><D53/><U95/><E71/><V94/><F81/><W50/><G50/><T60/><D3/><U9/><E70/><V56/><F56/><W61/><G61/><T25/><D22/><U1/><E1/><V126/><F126/><W99/><G84/><T74/><D2/><U125/><E125/><V92/><F92/><W10/><G10/><T119/><D37/><U7/><E7/><V88/><F89/><AGARI ba="0,0" hai="26,31,32,89,93,99,130,131" m="46089,42507" machi="89" ten="30,12000,1" yaku="14,1,10,1,52,3" doraHai="116" who="3" fromWho="2" sc="163,0,247,0,377,-120,213,120" /><INIT seed="3,1,0,2,4,104" ten="163,247,257,333" oya="3" hai0="47,12,31,22,62,66,135,75,128,10,54,51,86" hai1="134,18,32,52,118,64,36,132,71,133,85,93,45" hai2="34,91,131,2,70,94,19,25,73,15,30,96,35" hai3="9,55,84,90,89,24,101,63,102,92,77,61,76"/><W108/><G108/><T72/><D128/><U16/><E32/><V125/><F70/><W14/><G24/><T103/><D135/><U127/><E118/><V11/><F131/><W82/><G77/><T60/><D103/><N who="3" m="39433" /><G55/><T0/><D0/><U23/><E127/><V59/><F125/><W106/><G106/><T42/><D42/><U87/><E36/><V68/><F68/><W123/><G123/><T21/><D86/><N who="1" m="32779" /><E93/><V124/><F124/><W57/><G57/><T46/><D46/><U67/><E71/><V65/><F35/><W120/><G120/><T7/><D62/><N who="3" m="23561" /><G92/><T27/><REACH who="0" step="1"/><D22/><REACH who="0" step="2"/><U95/><E23/><V115/><F115/><W83/><G83/><T114/><D114/><U98/><E67/><V111/><F111/><W109/><G109/><T122/><D122/><U26/><E64/><V5/><F59/><AGARI ba="1,1" hai="7,10,12,21,27,31,47,51,54,59,60,66,72,75" machi="59" ten="30,12000,2" yaku="1,1,7,1,52,2,53,2" doraHai="104" doraHaiUra="105" who="0" fromWho="2" sc="153,133,247,0,257,-123,333,0" /><INIT seed="4,0,0,4,3,111" ten="286,247,134,333" oya="0" hai0="89,30,79,16,39,13,2,104,19,109,56,53,108" hai1="15,112,57,11,58,92,117,82,45,49,134,66,124" hai2="7,37,125,81,26,32,8,67,54,59,86,101,90" hai3="18,20,123,110,0,77,22,122,62,106,76,52,34"/><T88/><D104/><U25/><E117/><V74/><F37/><W5/><G110/><N who="0" m="42603" /><D39/><U98/><E124/><V27/><F125/><W63/><G106/><T46/><D2/><U127/><E127/><V73/><F67/><W41/><G34/><T38/><D79/><N who="3" m="30281" /><G41/><N who="0" m="22839" /><D30/><U91/><E134/><V97/><F73/><W29/><G29/><T31/><D31/><U35/><E82/><V12/><F74/><W68/><G0/><T44/><D44/><U48/><E35/><V9/><F9/><W71/><G71/><T114/><D114/><U33/><E25/><V4/><F4/><W135/><G5/><T61/><D19/><U87/><E112/><V72/><F72/><W80/><G135/><T14/><D13/><U96/><E33/><V17/><F32/><W36/><G36/><T43/><D43/><U121/><E121/><N who="3" m="46090" /><G80/><T51/><D61/><U24/><E24/><V116/><F116/><W94/><G94/><T3/><D3/><U65/><E65/><V75/><F75/><W28/><G28/><T1/><D1/><U69/><E69/><V93/><REACH who="2" step="1"/><F7/><REACH who="2" step="2"/><W126/><G126/><T103/><D103/><U83/><E66/><V95/><F95/><W118/><G118/><T60/><D60/><AGARI ba="0,1" hai="8,12,17,26,27,54,59,60,81,86,90,93,97,101" machi="60" ten="30,3900,0" yaku="1,1,7,1,8,1,53,0" doraHai="111" doraHaiUra="113" who="2" fromWho="0" sc="286,-39,247,0,124,49,333,0" /><INIT seed="5,0,0,4,0,131" ten="247,247,173,333" oya="1" hai0="121,56,100,49,33,94,42,97,109,116,17,55,133" hai1="60,119,26,48,108,91,67,24,18,72,92,73,124" hai2="107,46,39,45,69,50,34,65,74,99,2,80,83" hai3="70,122,3,43,4,22,31,53,84,129,127,82,12"/><U128/><E119/><V54/><F2/><W112/><G122/><T59/><D116/><U0/><E128/><V118/><F118/><W115/><G129/><T134/><D109/><U86/><E0/><V64/><F34/><W36/><G70/><T58/><D121/><U15/><E124/><V98/><F74/><W27/><G27/><T41/><D33/><U13/><E108/><V90/><F107/><W114/><G127/><T71/><D71/><U104/><E104/><V120/><F120/><W130/><G3/><T93/><D17/><U10/><E73/><V14/><F69/><W7/><G130/><T102/><D49/><U117/><E72/><V68/><F68/><W8/><G36/><T40/><D55/><U21/><E117/><V6/><F39/><W96/><G43/><T16/><D16/><N who="1" m="8247" /><E48/><V11/><F46/><W61/><G96/><AGARI ba="0,0" hai="40,41,42,56,58,59,93,94,96,97,100,102,133,134" machi="96" ten="50,6400,0" yaku="9,1,52,2" doraHai="131" who="0" fromWho="3" sc="247,64,247,0,173,0,333,-64" /><INIT seed="6,0,0,4,5,40" ten="311,247,173,269" oya="2" hai0="46,128,49,121,29,129,135,38,45,132,83,53,63" hai1="80,78,74,62,9,97,57,21,107,22,20,115,28" hai2="71,79,124,33,94,31,91,26,87,4,1,59,34" hai3="35,120,16,119,8,51,27,118,58,86,123,43,2"/><V7/><F71/><W85/><G2/><T127/><D83/><U117/><E117/><V66/><F124/><W68/><G68/><T92/><D29/><U32/><E115/><V65/><F33/><W110/><G110/><T47/><D92/><U116/><E116/><V42/><F79/><W81/><G81/><T18/><BYE who="3" /><D18/><U109/><E109/><V106/><F106/><W3/><G3/><T55/><D121/><U88/><E32/><V126/><F126/><W60/><G60/><T131/><D38/><U98/><E9/><UN n3="%E4%B8%80%E8%93%AE%E6%89%98%E7%94%9F%E2%98%86%E6%B8%85%E5%8E%9F" /><V64/><F59/><W0/><G0/><T93/><D93/><U73/><E73/><V12/><F1/><W50/><G58/><N who="0" m="35279" /><D127/><U105/><E28/><V25/><F25/><W30/><G119/><T11/><D11/><U14/><E14/><V90/><F12/><W37/><G118/><T89/><D89/><U76/><E76/><V52/><F52/><W133/><G37/><T101/><D101/><U44/><E44/><AGARI ba="0,0" hai="44,45,46,47,49,55,128,129,131,132,135" m="35279" machi="44" ten="40,12000,2" yaku="19,1,34,2,52,4" doraHai="40" who="0" fromWho="1" sc="311,120,247,-120,173,0,269,0" /><INIT seed="7,0,0,3,3,16" ten="431,127,173,269" oya="3" hai0="74,108,15,51,46,39,24,52,4,22,130,110,93" hai1="101,2,125,124,87,105,107,31,72,48,113,65,99" hai2="49,61,55,67,96,25,23,106,103,38,17,43,84" hai3="97,1,21,56,53,135,120,0,18,118,13,127,90"/><W42/><G120/><T80/><D130/><U91/><E2/><V86/><F43/><W34/><G118/><T5/><D93/><U66/><E31/><V12/><F38/><W104/><G34/><T115/><D115/><U128/><E48/><V109/><F109/><W79/><G79/><T20/><D39/><U7/><E7/><V64/><F64/><W77/><G77/><T119/><D119/><U19/><E19/><V58/><REACH who="2" step="1"/><F25/><REACH who="2" step="2"/><W94/><G42/><T47/><D24/><U123/><E65/><V92/><F92/><W35/><G94/><T71/><D80/><U85/><E66/><V9/><F9/><W95/><G127/><T27/><D71/><U28/><E28/><V82/><F82/><W41/><G41/><T10/><D74/><U70/><E70/><V32/><F32/><W134/><G104/><T29/><D22/><U57/><E57/><V112/><F112/><W129/><G35/><T88/><D46/><U36/><E36/><V117/><F117/><W81/><G129/><T114/><D114/><U33/><E33/><V73/><F73/><W100/><G81/><T83/><D4/><U6/><E6/><V11/><F11/><W126/><G126/><N who="1" m="48746" /><E113/><V76/><F76/><W68/><G68/><T98/><REACH who="0" step="1"/><D98/><REACH who="0" step="2"/><N who="1" m="61623" /><E123/><V45/><AGARI ba="0,2" hai="12,17,23,45,49,55,58,61,67,84,86,96,103,106" machi="45" ten="20,8000,1" yaku="1,1,0,1,7,1,52,1,53,1" doraHai="16" doraHaiUra="44" who="2" fromWho="2" sc="421,-20,127,-20,163,100,269,-40" owari="401,50,107,-39,263,6,229,-17" /></mjloggm>