<mjloggm ver="2.3"><GO type="97"/><UN n0="%E3%82%A6%E3%83%AB%E3%83%88%E3%83%A9%E7%AB%8B%E7%9B%B4" n1="%E5%B0%82%E5%8B%99%E3%81%A7%E3%83%BC%E3%81%99" n2="%E4%B8%A6%E7%9B%9B" n3="%E9%B7%B9%E6%AD%A3%E3%81%AE%E5%80%85%EF%BC%9D%E5%AF%8C%E7%8C%AB" dan="13,13,13,14" rate="1815,1864,1802,1880" sx="M,M,M,M"/><TAIKYOKU oya="0"/><INIT seed="0,0,0,3,0,18" ten="250,250,250,250" oya="0" hai0="74,86,5,56,38,82,95,93,63,111,91,100,7" hai1="70,121,52,35,128,80,69,114,104,132,1,32,3" hai2="25,15,54,94,11,135,48,6,28,0,101,76,115" hai3="4,85,49,118,92,125,81,96,71,68,29,45,124" shuffle="mt19937ar,36FC506D,CA6840C3,73B5774E,947F0959,DBDD2C73,641BACEE,5D11DEC4,94ACC990"/><T123/><D38/><U66/><E66/><V102/><F115/><W109/><G109/><T122/><D111/><U130/><E80/><V60/><F60/><W107/><G107/><T127/><D5/><U39/><E52/><V53/><F76/><W34/><G4/><T75/><D7/><U42/><E42/><V134/><F94/><N who="0" m="35850" /><D63/><U116/><E104/><V59/><F54/><W64/><G64/><T40/><D56/><U20/><E20/><N who="2" m="15399" /><F0/><W36/><G36/><T17/><D17/><U110/><E39/><V14/><F14/><W41/><G29/><T47/><D47/><U98/><E98/><V113/><F113/><W87/><G34/><T79/><D40/><U129/><E110/><V61/><F61/><W43/><G43/><T55/><D55/><U26/><E114/><V30/><F30/><W2/><G2/><N who="1" m="522" /><E26/><V133/><AGARI ba="0,0" hai="6,11,15,48,53,59,101,102,133,134,135" m="15399" machi="133" ten="30,2000,0" yaku="20,1,52,1" doraHai="18" who="2" fromWho="2" sc="250,-10,250,-5,250,20,250,-5" /><INIT seed="1,0,0,0,1,107" ten="240,245,270,245" oya="1" hai0="72,54,55,35,56,76,65,115,94,37,91,17,10" hai1="23,96,1,24,53,90,25,8,128,34,26,20,104" hai2="132,43,6,36,116,77,73,40,102,64,129,45,12" hai3="29,89,66,135,110,82,21,124,41,92,100,49,97" shuffle="mt19937ar,F004DF84,D2452DCE,429EBB91,98057CE8,399C8168,B1C05085,E46B2CA2,A72B5469"/><U71/><E71/><V5/><F116/><W68/><G110/><T70/><D37/><U28/><E128/><V58/><F129/><W99/><G135/><T106/><D35/><U79/><E104/><V120/><F120/><W119/><G124/><T114/><D106/><U108/><E96/><V30/><F132/><W86/><G119/><T62/><D55/><U95/><E108/><V18/><F102/><W61/><G99/><T93/><D93/><U83/><E90/><V33/><F40/><W113/><G113/><T60/><D10/><U84/><E95/><V117/><F117/><W46/><G29/><T105/><D105/><U121/><E121/><V51/><F33/><W42/><G21/><T126/><D17/><U130/><E130/><V111/><F30/><W15/><G15/><T75/><D126/><U4/><E23/><V31/><F31/><W80/><G42/><T134/><D134/><U48/><REACH who="1" step="1"/><E34/><REACH who="1" step="2"/><V81/><F111/><W63/><REACH who="3" step="1"/><G61/><REACH who="3" step="2"/><T2/><D62/><U98/><E98/><V87/><F77/><W69/><G69/><T133/><D76/><U19/><E19/><V22/><F18/><W125/><G125/><T44/><D133/><U78/><E78/><V52/><F6/><W109/><G109/><T7/><D70/><U127/><E127/><V9/><F5/><W50/><G50/><N who="0" m="28999" /><D115/><U59/><AGARI ba="0,2" hai="1,4,8,20,24,25,26,28,48,53,59,79,83,84" machi="59" ten="20,7800,0" yaku="1,1,0,1,7,1,53,1" doraHai="107" doraHaiUra="27" who="1" fromWho="1" sc="240,-26,235,98,270,-26,235,-26" /><INIT seed="1,1,0,2,3,76" ten="214,333,244,209" oya="1" hai0="90,26,50,109,85,106,27,73,55,108,103,37,130" hai1="11,14,82,1,39,13,80,68,15,120,64,57,53" hai2="40,49,35,8,28,86,12,29,129,121,112,59,18" hai3="48,33,102,54,41,74,32,116,67,38,47,105,134" shuffle="mt19937ar,946C8EBA,F1653E54,C0C49E92,6ADF9215,CE4E58B9,51326D65,84935CC3,EBAEF859"/><U77/><E120/><V133/><F121/><W10/><G134/><T93/><D73/><U17/><E39/><V22/><F133/><W5/><G116/><T135/><D37/><U92/><E68/><V4/><F129/><W66/><G105/><T46/><D135/><U71/><E71/><V94/><F112/><W0/><G102/><T16/><D130/><U81/><E64/><V6/><F6/><W99/><G99/><T69/><D69/><U100/><E1/><V61/><F40/><W118/><G118/><T60/><D60/><N who="1" m="35887" /><E77/><V83/><F49/><W115/><G115/><T79/><D79/><U101/><E92/><V24/><F94/><W97/><G97/><T43/><D106/><U119/><E119/><V34/><F34/><W45/><G74/><T96/><D103/><AGARI ba="1,0" hai="11,13,14,15,17,80,81,82,100,101,103" m="35887" machi="103" ten="30,11600,0" yaku="8,1,52,3" doraHai="76" who="1" fromWho="0" sc="214,-119,333,119,244,0,209,0" /><INIT seed="1,2,0,2,2,128" ten="95,452,244,209" oya="1" hai0="88,111,23,69,73,0,119,28,125,96,61,65,97" hai1="81,60,82,29,68,21,58,107,90,32,52,22,34" hai2="123,70,132,98,37,100,27,6,110,80,103,11,127" hai3="71,41,99,93,129,26,19,1,95,47,94,35,75" shuffle="mt19937ar,EACE26BB,669A89C6,89DDD882,4E3754B9,27F764F4,4986FC8F,66994551,E9D44A97"/><U13/><E107/><V45/><F123/><W120/><BYE who="0" /><G129/><T38/><D38/><U20/><E68/><V53/><F70/><W40/><G75/><T109/><D109/><U51/><E32/><V91/><F127/><W9/><G120/><T112/><D112/><U130/><E130/><V85/><F110/><W115/><G115/><T134/><D134/><U63/><E34/><V83/><F27/><W33/><G71/><T48/><D48/><U89/><E29/><V122/><F122/><W12/><G99/><T62/><D62/><N who="1" m="23595" /><E13/><V126/><F126/><W14/><G1/><T72/><D72/><U135/><E135/><V77/><F132/><W133/><G133/><T31/><D31/><U16/><E16/><V64/><F64/><W43/><G26/><T113/><D113/><U39/><E39/><V76/><F91/><AGARI ba="2,0" hai="20,21,22,51,52,58,81,82,89,90,91" m="23595" machi="91" ten="30,2900,0" yaku="8,1,54,1" doraHai="128" who="1" fromWho="2" sc="95,0,452,35,244,-35,209,0" /><INIT seed="1,3,0,1,0,6" ten="95,487,209,209" oya="1" hai0="95,37,134,104,49,112,63,78,5,7,47,82,55" hai1="10,91,131,89,52,56,115,83,14,106,44,96,108" hai2="26,133,69,125,46,12,33,22,92,61,20,9,128" hai3="43,73,24,28,84,121,129,110,120,31,117,36,80" shuffle="mt19937ar,74B38F1A,942AEFD2,94CE404D,F7D72E59,FA3C3960,D802EA42,9F744991,7B4B0FDC"/><U42/><E131/><V132/><F128/><W21/><G110/><T38/><D38/><U50/><E115/><V27/><F125/><W13/><G73/><T123/><D123/><U53/><E108/><V48/><F33/><W65/><G129/><T66/><D66/><U64/><E106/><V114/><F114/><W30/><G117/><T2/><D2/><U88/><E96/><V77/><F77/><W19/><G65/><T107/><D107/><U103/><E103/><V8/><F69/><W101/><G101/><T81/><D81/><U124/><E124/><V79/><F61/><W70/><G70/><T93/><D93/><U94/><E83/><V25/><F79/><W1/><G1/><T40/><D40/><U35/><E35/><V118/><F118/><W130/><G130/><T3/><D3/><U85/><E64/><V75/><F75/><W135/><G135/><N who="2" m="51785" /><F92/><W17/><G43/><T34/><D34/><U57/><E53/><N who="2" m="29847" /><F12/><W119/><G36/><T39/><D39/><U0/><E0/><V23/><AGARI ba="3,0" hai="8,9,20,22,23,25,26,27" m="29847,51785" machi="23" ten="40,5200,0" yaku="20,1,52,2" doraHai="6" who="2" fromWho="2" sc="95,-16,487,-29,209,61,209,-16" /><INIT seed="2,0,0,5,5,101" ten="79,458,270,193" oya="2" hai0="33,5,88,95,67,0,92,126,19,36,79,80,111" hai1="72,52,134,102,98,108,97,34,30,68,77,35,32" hai2="11,12,25,114,40,16,74,43,24,4,135,130,104" hai3="64,76,21,18,107,84,56,115,13,122,28,62,53" shuffle="mt19937ar,495816E8,1E1DE78B,F7A79CC3,2F51EDBE,1BFE1E1E,A8FECEE9,1E908F7D,51BF57F7"/><V60/><F114/><W121/><G115/><T132/><D132/><U48/><E134/><V81/><F74/><W54/><G28/><T51/><D51/><U10/><E68/><V117/><F117/><W125/><G125/><T129/><D129/><U100/><E108/><V110/><F135/><W41/><G41/><T27/><D27/><U103/><E10/><V49/><F130/><W65/><G65/><T46/><D46/><U124/><E124/><V69/><F69/><W14/><G14/><T90/><D90/><U61/><E61/><V8/><F110/><W83/><REACH who="3" step="1"/><G107/><REACH who="3" step="2"/><T131/><D131/><U73/><E73/><V109/><F104/><W20/><G20/><T113/><D113/><U94/><E30/><V75/><F109/><W71/><G71/><T44/><D44/><U85/><E72/><V50/><F40/><W23/><G23/><T123/><D123/><AGARI ba="0,1" hai="13,18,21,53,54,56,62,64,76,83,84,121,122,123" machi="123" ten="40,1300,0" yaku="1,1,53,0" doraHai="101" doraHaiUra="39" who="3" fromWho="0" sc="79,-13,458,0,270,0,183,23" /><INIT seed="3,0,0,2,1,55" ten="66,458,270,206" oya="3" hai0="124,73,24,115,17,45,23,98,91,120,75,47,7" hai1="72,36,34,119,89,102,44,9,70,31,121,15,78" hai2="3,130,62,128,129,135,10,12,71,76,103,133,58" hai3="116,66,111,61,104,0,54,125,123,37,2,35,74" shuffle="mt19937ar,5D16415D,64243A8F,C34DF2C1,FFF73F49,C2379D7D,FEACEEAE,6FE65E5E,0784DEE8"/><W30/><RYUUKYOKU type="yao9" ba="0,0" sc="66,0,458,0,270,0,206,0" hai3="0,2,30,35,37,54,61,66,74,104,111,116,123,125" /><INIT seed="3,1,0,3,3,25" ten="66,458,270,206" oya="3" hai0="15,49,48,1,121,54,128,90,94,129,52,68,106" hai1="57,117,3,27,71,108,119,50,31,107,114,58,28" hai2="93,36,37,76,133,56,59,8,30,75,40,35,69" hai3="72,63,22,92,131,87,61,64,66,32,111,97,55" shuffle="mt19937ar,BF39724F,CA158DC4,98929FAC,E134E004,D9A6B269,3288542F,44C6F2CC,9E64BEFF"/><W100/><G32/><T82/><D82/><U53/><E107/><V122/><F69/><W84/><G72/><T7/><D7/><U112/><E71/><V135/><F122/><W132/><G131/><T124/><D124/><U104/><E104/><V99/><F75/><W134/><G111/><T33/><D33/><U125/><E3/><V126/><F76/><W0/><G0/><T2/><D2/><U62/><E125/><V12/><F126/><W45/><G22/><T116/><D116/><N who="1" m="44619" /><E108/><V47/><F37/><W20/><G20/><T10/><D10/><U19/><E19/><V88/><F59/><N who="3" m="35071" /><G45/><T23/><D23/><N who="1" m="15487" /><E31/><V113/><F113/><W5/><G5/><T103/><D103/><U74/><E74/><V34/><F56/><N who="3" m="36967" /><G66/><AGARI ba="1,0" hai="50,53,57,58,62,66,112,114" m="15487,44619" machi="66" ten="30,2000,0" yaku="12,1,52,1" doraHai="25" who="1" fromWho="3" sc="66,0,458,23,270,0,206,-23" owari="66,-33,481,48,270,2,183,-17" /></mjloggm>