<mjloggm ver="2.3"><GO type="41"/><UN n0="%E3%81%8B%E3%81%8B%E3%82%8D%E3%81%A3%E3%81%A8" n1="%E3%82%A6%E3%83%AB%E3%83%88%E3%83%A9%E7%AB%8B%E7%9B%B4" n2="%7A%65%66" n3="%E3%82%88%E3%81%97%E3%81%A4%E3%81%90%6F%68" dan="13,15,14,14" rate="1848,1967,1862,1932" sx="M,M,M,M"/><TAIKYOKU oya="0"/><INIT seed="0,0,0,4,4,46" ten="250,250,250,250" oya="0" hai0="45,74,55,7,63,76,50,59,89,6,121,77,117" hai1="1,65,82,115,13,128,39,91,15,18,49,106,135" hai2="70,109,22,110,14,100,72,29,30,5,3,99,129" hai3="31,10,2,104,19,107,78,35,62,90,83,94,120"/><T34/><D121/><U118/><E1/><V58/><F70/><W21/><G120/><T25/><D117/><U132/><E39/><V133/><F72/><W64/><G35/><T28/><D77/><U20/><E106/><N who="2" m="63775" /><F3/><W51/><G31/><T114/><D114/><U97/><E65/><V4/><F133/><N who="1" m="51273" /><E118/><V68/><F68/><W43/><G2/><T57/><D76/><U96/><E128/><V112/><F112/><W9/><G107/><T98/><D74/><U36/><E36/><V41/><F129/><W80/><G104/><T79/><D79/><U73/><E115/><V134/><F134/><W75/><G83/><T12/><D12/><U33/><E33/><V16/><F41/><W93/><G93/><T111/><D111/><N who="2" m="42506" /><F58/><W103/><G103/><T88/><D59/><U102/><E102/><V53/><F53/><W126/><G126/><T23/><D34/><U119/><E119/><V47/><F47/><W8/><G43/><T37/><D37/><U44/><E73/><V123/><F123/><W54/><G64/><N who="0" m="39023" /><D89/><U66/><E66/><V84/><F84/><W52/><G9/><T40/><D40/><N who="1" m="24711" /><E15/><V124/><F124/><W26/><G94/><AGARI ba="0,0" hai="6,7,23,25,28,45,50,55,88,94,98" m="39023" machi="94" ten="30,5800,0" yaku="8,1,52,1,54,1" doraHai="46" who="0" fromWho="3" sc="250,58,250,0,250,0,250,-58" /><INIT seed="0,1,0,5,1,8" ten="308,250,250,192" oya="0" hai0="114,33,115,53,15,7,124,127,101,30,64,95,103" hai1="96,126,89,78,23,2,5,106,49,116,52,37,76" hai2="113,26,81,119,85,6,41,55,99,11,98,54,69" hai3="97,77,62,118,13,112,70,22,122,14,105,130,34"/><T125/><D64/><U131/><E37/><V35/><F113/><N who="0" m="43018" /><D53/><U83/><E116/><V135/><F69/><W75/><G112/><T1/><D95/><U19/><E126/><V110/><F119/><W63/><G118/><T72/><D72/><U102/><E131/><V10/><F41/><W27/><G130/><T134/><D101/><U133/><E133/><V117/><F117/><W29/><G122/><T31/><D103/><U104/><E104/><V0/><F135/><W16/><G63/><T66/><D66/><U84/><E5/><V4/><F110/><W57/><G75/><T123/><D123/><U91/><E2/><V82/><F54/><W56/><G77/><T44/><D44/><U12/><REACH who="1" step="1"/><E78/><REACH who="1" step="2"/><V50/><F4/><W67/><REACH who="3" step="1"/><G14/><REACH who="3" step="2"/><T108/><D108/><U129/><E129/><V32/><F0/><W43/><G43/><T48/><D134/><U9/><E9/><V25/><F11/><W20/><G20/><T121/><D121/><U60/><E60/><V88/><F10/><W93/><G93/><T46/><D1/><U40/><E40/><V65/><F35/><W71/><G71/><T86/><D33/><U18/><E18/><V24/><F32/><W94/><G94/><T92/><D92/><U36/><E36/><V42/><F42/><W47/><G47/><AGARI ba="1,2" hai="12,19,23,47,49,52,76,83,84,89,91,96,102,106" machi="47" ten="30,7700,0" yaku="1,1,7,1,52,1,54,1,53,0" doraHai="8" doraHaiUra="132" who="1" fromWho="3" sc="308,0,240,100,250,0,182,-80" /><INIT seed="1,0,0,1,5,57" ten="308,340,250,102" oya="1" hai0="67,133,112,32,63,60,100,118,77,55,128,111,76" hai1="125,42,81,49,97,87,19,113,29,52,115,17,123" hai2="72,109,26,34,20,122,110,132,13,51,10,99,46" hai3="45,126,43,65,117,88,66,44,33,107,120,93,37"/><U53/><E123/><V24/><F122/><W12/><G33/><T36/><D112/><U86/><E125/><V114/><F72/><W58/><G120/><T50/><D118/><U119/><E119/><V16/><F114/><W131/><G117/><T78/><D36/><U94/><E29/><N who="2" m="19751" /><F132/><W98/><G107/><T129/><D32/><U59/><E42/><N who="2" m="25047" /><F99/><W105/><G126/><T35/><D35/><U25/><E53/><V15/><F10/><W80/><G131/><N who="0" m="50251" /><D133/><U8/><E19/><V102/><F102/><W69/><G69/><T71/><D100/><U73/><E73/><V135/><F135/><W104/><G45/><T121/><D121/><U95/><E115/><V130/><F130/><W68/><G68/><T27/><D27/><U82/><E113/><V134/><F134/><W101/><G105/><T1/><D1/><U47/><E97/><V14/><F13/><W4/><G80/><T75/><D75/><U127/><E127/><V62/><F62/><N who="0" m="23594" /><D71/><U5/><E25/><V28/><F26/><W30/><G30/><T6/><D6/><U3/><E17/><V54/><F28/><W106/><G106/><T116/><D116/><U2/><E2/><V21/><F16/><W31/><G31/><T79/><N who="0" m="19968" /><DORA hai="56" /><T74/><D74/><U41/><E82/><V61/><F61/><W70/><G70/><T39/><D39/><N who="1" m="21951" /><E81/><V11/><F15/><W18/><G4/><T23/><D23/><U108/><E3/><V40/><F20/><W103/><G103/><T64/><D111/><U9/><E108/><V22/><F109/><W48/><G37/><RYUUKYOKU ba="0,0" sc="308,30,340,-10,250,-10,102,-10" hai0="50,55,64,67" /><INIT seed="2,1,0,5,1,68" ten="338,330,240,92" oya="2" hai0="115,55,104,65,97,9,28,12,42,103,4,67,46" hai1="118,98,56,6,130,63,128,94,38,70,50,19,91" hai2="31,77,84,120,73,72,95,15,126,74,52,14,48" hai3="43,16,101,81,109,29,127,54,93,119,40,61,64"/><V20/><F120/><W78/><G119/><T32/><D115/><U26/><E6/><V24/><F126/><W100/><G127/><T60/><D32/><U135/><E118/><V11/><F11/><W53/><G109/><T123/><D28/><U82/><E135/><V71/><F71/><W87/><G29/><T129/><D123/><U33/><E50/><V86/><F86/><W18/><G101/><T37/><D129/><N who="1" m="49771" /><E70/><V83/><REACH who="2" step="1"/><F95/><REACH who="2" step="2"/><W131/><G131/><T13/><D104/><U117/><E117/><V96/><F96/><N who="3" m="59407" /><G64/><T89/><D97/><U23/><E33/><V49/><F49/><W112/><G112/><T116/><D116/><U108/><E108/><V125/><F125/><W111/><G111/><T22/><D65/><N who="1" m="39143" /><E82/><V57/><AGARI ba="1,1" hai="14,15,20,24,31,48,52,57,72,73,74,77,83,84" machi="57" ten="30,6000,0" yaku="1,1,0,1,54,1,53,0" doraHai="68" doraHaiUra="66" who="2" fromWho="2" sc="338,-21,330,-21,230,73,92,-21" /><INIT seed="2,2,0,3,2,48" ten="317,309,303,71" oya="2" hai0="34,133,38,14,83,19,124,4,115,117,106,87,80" hai1="58,2,62,119,51,10,43,96,64,127,33,3,63" hai2="90,56,17,53,35,21,39,55,11,5,122,54,29" hai3="98,86,68,88,6,129,89,40,69,85,45,15,74"/><V73/><F122/><W108/><G74/><T30/><D115/><U118/><E33/><V60/><F39/><W105/><G108/><T7/><D106/><U116/><E10/><V1/><F73/><W28/><G129/><T61/><D38/><U32/><E32/><V8/><F8/><W103/><G28/><T67/><D117/><U66/><E96/><V18/><F90/><W25/><G25/><T37/><D37/><U123/><E3/><V23/><F23/><W107/><G107/><T109/><D109/><U126/><E2/><V44/><F44/><W0/><G0/><T135/><D124/><N who="1" m="47659" /><E123/><V16/><REACH who="2" step="1"/><F21/><REACH who="2" step="2"/><W52/><G6/><T77/><D34/><U97/><E97/><V110/><F110/><W94/><G15/><T12/><D12/><U26/><E26/><AGARI ba="2,1" hai="1,5,11,16,17,18,26,29,35,53,54,55,56,60" machi="26" ten="40,12000,1" yaku="1,1,52,3,54,1,53,0" doraHai="48" doraHaiUra="134" who="2" fromWho="1" sc="317,0,309,-126,293,136,71,0" /><INIT seed="2,3,0,5,5,61" ten="317,183,429,71" oya="2" hai0="130,85,26,22,131,82,21,80,16,135,34,104,0" hai1="111,117,95,57,64,25,109,97,38,113,102,78,122" hai2="105,19,13,66,127,29,133,89,76,100,60,51,9" hai3="125,42,120,132,36,33,46,23,98,7,39,70,96"/><V86/><F127/><W93/><G120/><T44/><D104/><U40/><E122/><V54/><F133/><W10/><G125/><T17/><D34/><U41/><E113/><V126/><F126/><W53/><G70/><T20/><D0/><U32/><E117/><V12/><F76/><W63/><G132/><T72/><D135/><U58/><E78/><V83/><F29/><W103/><G33/><T14/><D72/><U88/><E102/><V15/><F105/><W47/><G23/><T4/><D4/><U84/><E84/><V49/><F100/><W28/><G28/><T128/><D44/><U87/><E87/><V123/><F123/><W124/><G124/><T35/><D35/><U43/><E38/><V77/><F77/><W27/><G27/><T8/><REACH who="0" step="1"/><D82/><REACH who="0" step="2"/><U79/><E32/><V94/><F83/><W107/><G47/><T62/><D62/><U59/><E79/><AGARI ba="3,1" hai="8,14,16,17,20,21,22,26,79,80,85,128,130,131" machi="79" ten="40,5200,0" yaku="1,1,19,1,54,1,53,0" doraHai="61" doraHaiUra="106" who="0" fromWho="1" sc="307,71,183,-61,429,0,71,0" /><INIT seed="3,0,0,5,4,53" ten="378,122,429,71" oya="3" hai0="21,55,6,27,2,54,80,132,59,94,40,15,121" hai1="67,86,111,97,62,122,99,76,46,96,34,19,33" hai2="66,35,127,36,8,57,78,107,63,51,128,114,102" hai3="110,84,45,43,24,74,3,118,108,134,10,31,14"/><W38/><G74/><T9/><D121/><U124/><E122/><V77/><F114/><W65/><G118/><T13/><D132/><U126/><E111/><N who="3" m="42538" /><G3/><T79/><D94/><U42/><E19/><V109/><F109/><W87/><G134/><T68/><D68/><U116/><E86/><V95/><F36/><W91/><G65/><T83/><D40/><U48/><E76/><N who="2" m="29291" /><F35/><N who="3" m="20967" /><G91/><T106/><D106/><U39/><E39/><V131/><F107/><W133/><G133/><T89/><D89/><U73/><E73/><V100/><F127/><N who="1" m="48681" /><E116/><V52/><F8/><W103/><G103/><T30/><D55/><U20/><E20/><V117/><F117/><W18/><AGARI ba="0,0" hai="10,14,18,38,43,45,84,87" m="20967,42538" machi="18" ten="30,3000,0" yaku="14,1,10,1" doraHai="53" who="3" fromWho="3" sc="378,-10,122,-10,429,-10,71,30" /><INIT seed="3,1,0,4,4,127" ten="368,112,419,101" oya="3" hai0="78,75,12,90,98,117,68,105,21,35,29,121,106" hai1="135,115,30,48,93,107,10,23,65,34,71,14,15" hai2="24,100,86,97,84,134,63,8,70,60,108,43,85" hai3="26,99,109,88,61,46,54,33,4,94,25,32,37"/><W79/><G79/><T103/><D121/><U16/><E115/><V6/><F108/><W11/><G109/><T5/><D117/><U80/><E107/><V39/><F134/><W1/><G33/><T128/><D105/><U28/><E135/><V118/><F118/><W40/><REACH who="3" step="1"/><G32/><REACH who="3" step="2"/><T120/><D35/><U66/><E34/><V132/><F132/><W45/><G45/><T110/><D110/><U3/><E3/><V119/><F119/><W73/><G73/><T89/><D75/><U27/><E71/><V64/><F70/><W18/><G18/><T36/><D68/><U87/><E30/><V72/><F72/><W19/><G19/><T55/><D78/><U7/><E28/><V124/><F6/><W116/><G116/><T69/><D5/><U112/><E112/><V42/><F124/><W44/><G44/><T52/><D69/><U53/><E15/><V101/><F24/><W77/><G77/><T114/><D12/><U41/><E93/><V125/><F125/><W2/><G2/><T51/><D106/><U83/><E83/><V74/><F74/><W38/><G38/><T131/><D36/><U49/><E41/><V31/><F39/><W57/><AGARI ba="1,1" hai="1,4,11,25,26,37,40,46,54,57,61,88,94,99" machi="57" ten="30,6000,0" yaku="1,1,0,1,54,1,53,0" doraHai="127" doraHaiUra="96" who="3" fromWho="3" sc="368,-21,112,-21,419,-21,91,73" /><INIT seed="3,2,0,4,1,121" ten="347,91,398,164" oya="3" hai0="125,65,98,39,7,32,89,116,82,104,93,105,48" hai1="20,3,78,51,41,8,97,135,58,56,101,27,22" hai2="83,118,107,23,53,5,133,11,64,77,87,90,0" hai3="91,6,34,33,12,73,113,26,131,46,126,2,28"/><W67/><G113/><T60/><D39/><U122/><E135/><V49/><F118/><W112/><G73/><T111/><D116/><U127/><E122/><V19/><F107/><W54/><G112/><T61/><D32/><U52/><E127/><V100/><F133/><W103/><G126/><T119/><D119/><U36/><E41/><V13/><F100/><W35/><G67/><T29/><D29/><U43/><E36/><V70/><F64/><W40/><G103/><T24/><D24/><U123/><E43/><V106/><F106/><W21/><G131/><T74/><D125/><U132/><E123/><V110/><F70/><W134/><G134/><T14/><D61/><U81/><E132/><V115/><F115/><W76/><G76/><T38/><D38/><U102/><E22/><V66/><F66/><W120/><G120/><T68/><D48/><U86/><E97/><V10/><F10/><N who="3" m="2391" /><G91/><T31/><D31/><U108/><E108/><V57/><REACH who="2" step="1"/><F110/><REACH who="2" step="2"/><W59/><G40/><T109/><D104/><U96/><E8/><V94/><F94/><W55/><G46/><T85/><D105/><U9/><E9/><V1/><F1/><W50/><G55/><T128/><D128/><U16/><E3/><V37/><F37/><W129/><G129/><T4/><D109/><U75/><E75/><V44/><F44/><W63/><G63/><T84/><D74/><U62/><E96/><V25/><F25/><W18/><AGARI ba="2,1" hai="12,18,21,26,28,33,34,35,50,54,59" m="2391" machi="18" ten="30,1500,0" yaku="24,1" doraHai="121" who="3" fromWho="3" sc="347,-7,91,-7,388,-7,164,31" /><INIT seed="3,3,0,2,0,80" ten="340,84,381,195" oya="3" hai0="13,41,71,101,130,67,26,115,109,85,57,124,65" hai1="117,49,20,81,96,25,105,17,12,116,91,99,45" hai2="7,6,3,42,119,102,24,48,55,110,84,68,93" hai3="28,72,83,108,62,87,90,100,36,106,133,112,121"/><W132/><G121/><T5/><D109/><U128/><E128/><V14/><F119/><N who="1" m="45641" /><E105/><V97/><F68/><W78/><G36/><T53/><D130/><U70/><E70/><V52/><F110/><W4/><G4/><T32/><D71/><U92/><E81/><V33/><F3/><W107/><G108/><T104/><D104/><U79/><E79/><V66/><F66/><W95/><G28/><T34/><D34/><U56/><E56/><V129/><F129/><W37/><G37/><T135/><D101/><U23/><E96/><V63/><F63/><W16/><G62/><T29/><D115/><U35/><E35/><V114/><F114/><W58/><G112/><T15/><D41/><N who="1" m="24751" /><E25/><V19/><F33/><W77/><G58/><T76/><D15/><U40/><E40/><V30/><F24/><W125/><G16/><T11/><D135/><N who="3" m="51785" /><G107/><T27/><D27/><U31/><E31/><V50/><F30/><W74/><G125/><T82/><D124/><U126/><E126/><V123/><F123/><W60/><G60/><AGARI ba="3,0" hai="5,11,13,26,29,32,53,57,60,65,67,76,82,85" machi="60" ten="30,2000,0" yaku="7,1,52,1" doraHai="80" who="0" fromWho="3" sc="340,29,84,0,381,0,195,-29" /><INIT seed="4,0,0,3,4,42" ten="369,84,381,166" oya="0" hai0="116,13,88,60,52,63,110,0,79,65,38,117,124" hai1="129,34,11,49,99,131,90,12,44,120,16,31,19" hai2="109,39,4,81,1,20,53,61,91,118,37,5,10" hai3="87,105,107,78,71,73,123,50,111,135,112,115,66"/><T89/><D0/><U97/><E120/><V64/><F109/><W102/><G71/><T62/><D38/><U80/><E31/><V68/><F118/><W51/><G66/><T8/><D110/><U33/><E19/><V3/><F20/><W67/><G67/><T41/><D41/><U108/><E108/><V36/><F53/><W9/><G111/><T22/><D124/><U18/><E18/><V59/><F68/><W56/><G123/><T93/><D65/><U40/><E97/><V32/><F32/><W47/><G135/><T43/><D43/><U119/><E119/><V132/><F132/><W127/><G127/><T114/><D117/><U86/><REACH who="1" step="1"/><E99/><REACH who="1" step="2"/><V26/><F5/><W100/><G107/><T14/><D116/><U122/><E122/><V83/><F4/><W7/><G7/><T126/><D126/><U77/><E77/><V134/><F134/><W21/><G105/><T84/><D79/><U98/><E98/><V28/><F28/><W133/><G78/><T48/><D89/><U95/><E95/><V6/><F91/><W92/><G92/><T54/><D114/><U35/><AGARI ba="0,1" hai="11,12,16,33,34,35,40,44,49,80,86,90,129,131" machi="35" ten="40,8000,1" yaku="1,1,0,1,52,1,54,1,53,0" doraHai="42" doraHaiUra="96" who="1" fromWho="1" sc="369,-40,74,90,381,-20,166,-20" /><INIT seed="5,0,0,5,3,15" ten="329,164,361,146" oya="1" hai0="39,26,27,35,107,54,56,52,53,46,13,69,55" hai1="51,87,83,57,108,28,113,22,30,121,65,75,128" hai2="29,37,63,72,82,79,36,130,78,61,60,94,124" hai3="105,90,135,84,100,59,96,85,93,45,47,17,4"/><U111/><E75/><V106/><F106/><W71/><G71/><T74/><D69/><U25/><E121/><V112/><F124/><W31/><G31/><T32/><D107/><U11/><E128/><V19/><F130/><W76/><G4/><T40/><D74/><U5/><E113/><V80/><F112/><W86/><G135/><T43/><D43/><U92/><E92/><V8/><F29/><W119/><G119/><T66/><D66/><U73/><E73/><V20/><F8/><W44/><G59/><T70/><D70/><U58/><E30/><V77/><F94/><W89/><G90/><T110/><D110/><N who="1" m="42027" /><E51/><V95/><F95/><W126/><G126/><T64/><D64/><U48/><E48/><V102/><F102/><W62/><G62/><T14/><D13/><N who="1" m="5359" /><E65/><V42/><F42/><W0/><G0/><T67/><D67/><U1/><E1/><V2/><F2/><W38/><G38/><T134/><D134/><U115/><E115/><V33/><F33/><W50/><G50/><T131/><D131/><U68/><E68/><V49/><F49/><W125/><G125/><T133/><D133/><U34/><E34/><V21/><F72/><W12/><REACH who="3" step="1"/><G76/><AGARI ba="0,0" hai="22,25,28,57,58,76,83,87" m="5359,42027" machi="76" ten="30,1500,0" yaku="10,1" doraHai="15" who="1" fromWho="3" sc="329,0,164,15,361,0,146,-15" /><INIT seed="5,1,0,1,5,117" ten="329,179,361,131" oya="1" hai0="98,131,86,45,14,102,108,10,70,96,20,27,48" hai1="16,104,103,119,33,22,2,46,11,34,17,31,127" hai2="105,118,129,85,68,92,106,40,69,53,15,115,91" hai3="71,124,74,63,134,121,89,0,76,100,41,1,49"/><U37/><E103/><V19/><F118/><W112/><G134/><T80/><D108/><U72/><E46/><V59/><F129/><W30/><G89/><T130/><D70/><U39/><E72/><V52/><F40/><W81/><G49/><T99/><D102/><U3/><E104/><V5/><F5/><W65/><G112/><T64/><D64/><U126/><E119/><V77/><F77/><W54/><G54/><T94/><D94/><U13/><E37/><V82/><F115/><W12/><G12/><T7/><D86/><U51/><E51/><V111/><F111/><W122/><G124/><N who="1" m="47658" /><E39/><V88/><F106/><W38/><G100/><T133/><D80/><U35/><E31/><V128/><F105/><W60/><G60/><T8/><D8/><U50/><E50/><N who="2" m="31127" /><F53/><W36/><G30/><T44/><D48/><U32/><N who="1" m="8704" /><DORA hai="97" /><U79/><E79/><V26/><F26/><AGARI ba="1,0" hai="2,3,11,13,16,17,22,26" m="8704,47658" machi="26" ten="60,12000,1" yaku="18,1,34,2,54,1" doraHai="117,97" who="1" fromWho="2" sc="329,0,179,123,361,-123,131,0" /><INIT seed="5,2,0,3,5,9" ten="329,302,238,131" oya="1" hai0="63,126,25,61,134,55,116,34,50,113,64,23,70" hai1="33,30,59,38,60,101,117,77,92,108,123,41,125" hai2="12,133,102,44,72,26,71,58,111,78,121,69,2" hai3="39,6,46,7,40,49,31,104,42,100,118,10,132"/><U13/><E123/><V131/><F121/><W47/><G132/><T11/><D116/><U32/><E117/><V87/><F2/><W88/><G118/><T53/><D134/><U68/><E68/><V14/><F133/><W51/><G31/><T75/><D75/><U66/><E125/><V122/><F122/><W19/><G39/><T8/><D126/><U0/><E0/><V115/><F111/><W84/><G104/><T65/><D34/><U80/><E108/><V18/><F72/><W97/><G100/><T129/><D55/><U28/><E32/><V95/><F131/><W54/><G97/><T89/><D89/><U52/><E38/><V17/><F115/><W35/><G35/><T105/><D105/><U109/><E41/><V112/><F112/><W130/><G130/><T114/><D129/><U94/><E109/><V27/><F44/><W110/><G110/><T81/><D81/><U67/><E33/><V103/><F58/><W120/><G120/><T5/><D5/><U21/><E30/><V79/><F95/><N who="1" m="36393" /><E101/><V37/><F37/><W91/><G19/><T15/><D113/><U85/><E28/><V57/><F57/><W90/><G54/><T62/><D70/><U106/><E106/><V45/><F45/><W128/><G128/><T96/><D114/><U43/><E43/><V93/><F93/><N who="3" m="54407" /><G7/><T56/><D96/><U24/><E24/><V73/><F73/><W20/><G20/><T74/><D74/><U99/><E99/><V22/><F22/><W4/><G4/><T86/><D23/><U76/><E76/><V124/><F124/><RYUUKYOKU ba="2,0" sc="329,-30,302,10,238,10,131,10" hai1="13,21,52,59,60,66,67,77,80,85" hai2="12,14,17,18,26,27,69,71,78,79,87,102,103" hai3="6,10,40,42,46,47,49,51,90,91" /><INIT seed="5,3,0,4,4,122" ten="299,312,248,141" oya="1" hai0="26,67,68,55,135,7,123,32,127,104,119,76,63" hai1="124,36,131,35,130,12,115,112,47,126,2,57,103" hai2="37,134,52,129,27,77,66,69,65,64,15,92,72" hai3="51,20,33,45,108,61,97,19,34,54,13,125,24"/><U49/><E2/><V121/><F121/><W0/><G0/><T14/><D119/><U111/><E103/><V109/><F109/><W50/><G125/><N who="1" m="48234" /><E12/><V91/><F37/><W84/><G108/><T1/><D123/><U81/><E81/><V102/><F102/><W94/><G84/><T99/><D127/><U83/><E83/><V96/><F69/><W3/><G3/><T48/><D135/><U16/><E16/><V73/><F134/><W40/><G61/><T87/><D1/><U62/><E36/><V117/><F117/><W25/><G33/><T42/><D42/><N who="1" m="24823" /><E35/><V85/><F129/><N who="1" m="49161" /><E111/><V46/><F77/><W8/><G34/><T74/><D74/><U22/><E22/><V28/><F15/><W11/><G11/><T78/><D87/><U17/><E17/><V118/><F85/><W79/><G79/><T71/><D7/><U114/><E114/><V80/><F118/><W6/><G24/><T132/><D14/><U100/><E100/><V53/><F80/><W93/><REACH who="3" step="1"/><G97/><REACH who="3" step="2"/><T59/><D99/><U56/><E56/><AGARI ba="3,1" hai="6,8,13,19,20,25,40,45,50,51,54,56,93,94" machi="56" ten="30,8000,1" yaku="1,1,2,1,7,1,8,1,53,1" doraHai="122" doraHaiUra="43" who="3" fromWho="1" sc="299,0,312,-89,248,0,131,99" /><INIT seed="6,0,0,3,3,46" ten="299,223,248,230" oya="2" hai0="67,109,33,18,60,34,128,93,111,30,24,32,104" hai1="39,44,59,98,90,116,87,48,88,86,43,92,51" hai2="120,38,28,75,83,22,57,5,89,47,70,23,53" hai3="91,12,118,74,3,112,45,65,64,77,73,100,35"/><V103/><F120/><W10/><G35/><T2/><D2/><U40/><E116/><V61/><F103/><W14/><G118/><T124/><D124/><U135/><E135/><V96/><F96/><W56/><G3/><T125/><D125/><U113/><E113/><V131/><F131/><W80/><G112/><T58/><D104/><U121/><E121/><V133/><F133/><W107/><G73/><T63/><D128/><U21/><E39/><V82/><F5/><W7/><G45/><T72/><D72/><U102/><E43/><N who="2" m="23031" /><F75/><W31/><G31/><T1/><D1/><U95/><E21/><V25/><F23/><W81/><G81/><T122/><D122/><U0/><E0/><V26/><F26/><W101/><G91/><N who="1" m="34858" /><E95/><V132/><F89/><W94/><G107/><T19/><D93/><U115/><E115/><V106/><F106/><W119/><G119/><T9/><D34/><U17/><E17/><V130/><F130/><W55/><G14/><T134/><D32/><U16/><E16/><V114/><F114/><W8/><G101/><T41/><D134/><U129/><E129/><V52/><F132/><W68/><G68/><T84/><D84/><U11/><E11/><V126/><F70/><W50/><REACH who="3" step="1"/><G10/><REACH who="3" step="2"/><T69/><D9/><U20/><E20/><V105/><F105/><W27/><G27/><T15/><D15/><U66/><E66/><N who="2" m="39215" /><F126/><W13/><G13/><T36/><D69/><U54/><AGARI ba="0,1" hai="40,44,48,51,54,59,86,87,92,98,102" m="34858" machi="54" ten="30,7900,0" yaku="8,1,52,2,54,1" doraHai="46" who="1" fromWho="1" sc="299,-20,223,89,248,-39,220,-20" /><INIT seed="7,0,0,5,1,0" ten="279,312,209,200" oya="3" hai0="59,54,14,3,51,88,111,99,89,46,63,72,118" hai1="43,55,90,85,74,29,134,27,40,114,130,80,95" hai2="57,78,83,25,81,84,56,94,125,20,64,45,104" hai3="23,117,2,128,100,71,135,123,62,108,33,98,91"/><W115/><RYUUKYOKU type="yao9" ba="0,0" sc="279,0,312,0,209,0,200,0" hai3="2,23,33,62,71,91,98,100,108,115,117,123,128,135" /><INIT seed="7,1,0,5,0,42" ten="279,312,209,200" oya="3" hai0="133,70,130,100,36,69,26,18,40,7,74,81,89" hai1="96,0,101,68,33,51,85,55,21,114,71,43,93" hai2="8,125,61,2,4,14,5,97,60,87,16,82,41" hai3="24,73,131,83,1,90,135,134,31,53,50,79,75"/><W56/><G1/><T54/><D133/><N who="3" m="50697" /><G131/><T105/><D130/><U47/><E33/><V128/><F128/><W11/><G11/><T48/><D7/><U38/><E0/><V102/><F125/><W45/><G90/><T22/><D105/><U107/><E114/><V95/><F41/><W3/><G3/><T30/><D100/><U132/><E132/><V104/><F104/><W78/><G78/><T76/><D30/><U39/><E39/><V27/><F27/><W34/><G73/><T37/><D36/><U117/><E117/><V17/><F17/><W126/><G126/><T57/><REACH who="0" step="1"/><D89/><REACH who="0" step="2"/><N who="1" m="53423" /><E71/><V111/><F111/><W119/><G119/><T94/><D94/><U49/><E68/><V9/><REACH who="2" step="1"/><F4/><REACH who="2" step="2"/><W28/><G28/><T112/><D112/><U98/><E107/><V80/><F80/><W84/><G75/><T129/><D129/><U67/><E101/><V108/><F108/><W72/><G72/><T124/><D124/><U52/><E38/><V46/><F46/><AGARI ba="1,2" hai="24,31,34,45,46,50,53,56,79,83,84" m="50697" machi="46" ten="30,5800,0" yaku="20,1,52,2" doraHai="42" who="3" fromWho="2" sc="269,0,312,0,199,-61,200,81" /><AGARI ba="1,0" hai="18,22,26,37,40,46,48,54,57,69,70,74,76,81" machi="46" ten="40,2600,0" yaku="1,1,52,1,53,0" doraHai="42" doraHaiUra="115" who="0" fromWho="2" sc="269,26,312,0,138,-26,281,0" /><INIT seed="7,2,0,4,2,16" ten="295,312,112,281" oya="3" hai0="113,41,110,17,87,33,104,0,88,98,128,59,35" hai1="54,30,125,122,131,19,18,103,3,68,66,21,40" hai2="37,129,97,43,1,11,46,111,49,84,52,57,105" hai3="96,39,82,108,51,80,29,123,12,124,81,2,10"/><W58/><G123/><T83/><D0/><U94/><E122/><V53/><F111/><W92/><G39/><T20/><D110/><U64/><E3/><V130/><F84/><W118/><G108/><T93/><D128/><U15/><E68/><V109/><F109/><W79/><G118/><T38/><D104/><U42/><E30/><V14/><F1/><W8/><G124/><T65/><D113/><U6/><E6/><V25/><F25/><W36/><G36/><T22/><D38/><U44/><E131/><V135/><F135/><W31/><G2/><T69/><D41/><N who="1" m="15979" /><E125/><V47/><F105/><W13/><G79/><T75/><D75/><U24/><E54/><V60/><REACH who="2" step="1"/><F97/><REACH who="2" step="2"/><W119/><G119/><T77/><D35/><U50/><E44/><V5/><AGARI ba="2,1" hai="5,11,14,37,43,46,47,49,52,53,57,60,129,130" machi="5" ten="30,8000,1" yaku="1,1,2,1,0,1,54,1,53,1" doraHai="16" doraHaiUra="55" who="2" fromWho="2" sc="295,-22,312,-22,102,96,281,-42" /><INIT seed="8,0,0,3,0,116" ten="273,290,198,239" oya="0" hai0="70,110,6,32,55,124,17,86,45,11,135,114,88" hai1="21,14,47,80,30,49,12,126,93,19,37,46,73" hai2="57,41,24,15,63,36,128,71,106,102,90,5,27" hai3="131,78,2,134,120,87,51,121,107,123,125,117,29"/><T0/><D114/><U115/><E126/><V35/><F128/><W79/><G125/><T74/><D74/><U13/><E115/><V103/><F90/><W33/><G117/><T72/><D72/><U23/><E37/><V38/><F57/><W89/><G134/><T112/><D112/><U8/><E73/><V40/><F15/><N who="1" m="5705" /><E80/><V76/><F76/><N who="3" m="29227" /><G131/><T84/><D124/><U20/><E93/><V100/><F5/><W122/><N who="3" m="31232" /><DORA hai="104" /><W48/><G107/><T3/><D70/><U58/><E30/><V127/><F127/><W133/><G133/><T118/><D118/><U105/><E105/><V108/><F108/><W4/><G33/><T9/><D32/><U91/><E91/><V96/><F38/><W44/><G29/><T1/><D135/><U82/><E82/><V101/><F41/><W97/><G97/><T66/><D66/><U28/><E28/><N who="2" m="19847" /><F27/><W68/><G68/><T54/><D86/><U81/><E81/><V111/><F111/><W34/><G34/><T60/><D110/><U61/><E49/><V16/><F16/><W26/><G26/><T85/><D85/><U18/><E18/><V119/><F119/><W62/><G62/><T109/><D109/><U95/><E95/><V92/><F92/><N who="3" m="54335" /><G44/><T98/><D98/><U113/><E113/><V132/><F132/><W31/><G31/><T56/><D45/><U67/><AGARI ba="0,0" hai="8,14,19,20,21,23,46,47,58,61,67" m="5705" machi="67" ten="30,1100,0" yaku="8,1" doraHai="116,104" who="1" fromWho="1" sc="273,-5,290,11,198,-3,239,-3" owari="268,7,301,39,195,-30,236,-16" /></mjloggm>