<mjloggm ver="2.3"><GO type="9"/><UN n0="%61%6E%67%65%6C%73" n1="%E6%83%85%E8%B7%AF%E9%87%9D%E5%AF%B8" n2="%E3%82%A6%E3%83%AB%E3%83%88%E3%83%A9%E7%AB%8B%E7%9B%B4" n3="%EF%BC%94%E4%BD%8D%E3%81%AF%E3%81%94%E3%81%BF" dan="4,5,5,0" rate="1651,1550,1692,1500" sx="M,M,M,F"/><TAIKYOKU oya="0"/><INIT seed="0,0,0,2,3,129" ten="250,250,250,250" oya="0" hai0="70,29,37,7,63,88,65,116,81,64,135,66,84" hai1="109,77,87,40,117,47,92,6,48,91,59,14,43" hai2="62,99,2,100,0,106,130,9,78,123,41,26,56" hai3="128,82,124,83,119,18,12,103,8,38,94,3,5" shuffle="mt19937ar,CEA1B41F,B89836FC,3176A5F3,ACCF249B,066633E2,AD837249,3ABC6B3F,39792EC7"/><T60/><D116/><U31/><E117/><V105/><F123/><W98/><G119/><T67/><D37/><U114/><E109/><V120/><F120/><W72/><G38/><T125/><D125/><U30/><E114/><V52/><F130/><W50/><G124/><T34/><D7/><U35/><E35/><V13/><F106/><W16/><G128/><T4/><D4/><U115/><E115/><V20/><F41/><W101/><G101/><T45/><D45/><U127/><E127/><V10/><F78/><W61/><G61/><T108/><D108/><U69/><E69/><V131/><F131/><W113/><G113/><T97/><D97/><U74/><E40/><V73/><F73/><W25/><G72/><T104/><D104/><U24/><E24/><V23/><F23/><N who="3" m="13543" /><G3/><T51/><D51/><U39/><E74/><V17/><REACH who="2" step="1"/><F10/><REACH who="2" step="2"/><W58/><G5/><AGARI ba="0,1" hai="0,2,5,9,13,17,20,26,52,56,62,99,100,105" machi="5" ten="30,12000,2" yaku="1,1,2,1,7,1,54,1,53,2" doraHai="129" doraHaiUra="32" who="2" fromWho="3" sc="250,0,250,0,240,130,250,-120" /><INIT seed="1,0,0,1,2,101" ten="250,250,370,130" oya="1" hai0="28,52,97,84,13,95,80,71,60,57,110,24,134" hai1="111,5,25,94,30,2,135,37,19,21,79,85,133" hai2="87,46,116,42,26,16,68,125,15,44,127,112,12" hai3="18,100,48,108,64,1,83,9,81,106,0,45,11" shuffle="mt19937ar,EF49B5BC,47244540,67462E67,E0730940,719EEAFF,0BD7E731,DA000E80,DF71A530"/><U78/><E37/><V99/><F68/><W41/><G108/><T122/><D110/><U33/><E111/><V132/><F116/><W31/><G64/><T50/><D122/><U39/><E39/><V59/><F132/><W104/><G31/><T89/><D71/><U22/><E94/><V32/><F112/><W65/><G65/><T126/><D134/><N who="1" m="51211" /><E85/><V63/><F99/><W55/><G100/><T102/><D13/><N who="2" m="5194" /><F87/><W58/><G18/><T120/><D120/><U14/><E22/><N who="2" m="13639" /><F32/><W96/><G96/><T105/><D50/><U70/><E70/><V115/><F115/><W17/><G17/><T3/><D3/><N who="3" m="1097" /><G41/><T23/><REACH who="0" step="1"/><D126/><REACH who="0" step="2"/><N who="2" m="48138" /><F42/><W56/><G48/><T129/><D129/><U107/><E107/><AGARI ba="0,1" hai="23,24,28,52,57,60,80,84,89,95,97,102,105,107" machi="107" ten="40,8000,1" yaku="1,1,52,2,54,1,53,0" doraHai="101" doraHaiUra="47" who="0" fromWho="1" sc="240,90,250,-80,370,0,130,0" /><INIT seed="2,0,0,4,2,60" ten="330,170,370,130" oya="2" hai0="81,99,46,104,14,55,113,5,76,102,66,101,62" hai1="23,40,11,7,57,50,45,30,103,25,82,48,16" hai2="80,122,117,87,21,58,47,118,32,38,18,17,85" hai3="0,2,78,43,97,93,39,69,3,94,91,15,31" shuffle="mt19937ar,EF2B0CF9,EF0449BC,C6551C66,08B5052F,24A254E3,2A987624,CE195BA3,25A810D7"/><V98/><F32/><W53/><G69/><T61/><D113/><U65/><E103/><V19/><F122/><W100/><G78/><T37/><D102/><U49/><E82/><V22/><F98/><W125/><G125/><T111/><D111/><U64/><E57/><V92/><F38/><W84/><G31/><T71/><D37/><U77/><E77/><V29/><F47/><W121/><G121/><T68/><D46/><U8/><E45/><V96/><F58/><W34/><G34/><T28/><D28/><U73/><E73/><V24/><F22/><W4/><G43/><T108/><D108/><U75/><E75/><V44/><F44/><W6/><G39/><T114/><D114/><U120/><E120/><V9/><F9/><W131/><G131/><T41/><D41/><U27/><E40/><V95/><F87/><W132/><G132/><T105/><D104/><U119/><E119/><V36/><F36/><W90/><G100/><T35/><D35/><U133/><E133/><V70/><F70/><W83/><G83/><T63/><D71/><U67/><REACH who="1" step="1"/><E7/><REACH who="1" step="2"/><V107/><F107/><W51/><REACH who="3" step="1"/><G15/><REACH who="3" step="2"/><T12/><D14/><U109/><E109/><V88/><REACH who="2" step="1"/><F92/><REACH who="2" step="2"/><W13/><G13/><T130/><D12/><U135/><E135/><V26/><F26/><W86/><G86/><T89/><D105/><U123/><E123/><V134/><F134/><W124/><G124/><T106/><D106/><U127/><E127/><V59/><F59/><AGARI ba="0,3" hai="0,2,3,4,6,51,53,59,84,90,91,93,94,97" machi="59" ten="40,5200,0" yaku="1,1,53,2" doraHai="60" doraHaiUra="1" who="3" fromWho="2" sc="330,0,160,0,360,-52,120,82" /><INIT seed="3,0,0,4,1,114" ten="330,160,308,202" oya="3" hai0="60,66,91,122,35,13,58,108,96,130,83,19,21" hai1="121,133,103,29,86,82,5,112,50,97,36,40,117" hai2="33,68,113,45,73,65,39,92,52,111,4,38,23" hai3="49,115,17,81,61,134,132,43,124,30,47,41,25" shuffle="mt19937ar,845ADC3B,49D502F7,3CE13679,3D0B099F,F63A6151,C09020AD,DB88E395,36891810"/><W71/><G115/><T48/><D35/><U55/><E112/><V128/><F33/><W125/><G81/><T14/><D122/><U44/><E133/><N who="3" m="51306" /><G17/><T123/><D123/><U119/><E121/><V69/><F73/><W64/><G25/><T0/><D0/><U26/><E5/><V62/><F23/><W31/><G30/><T42/><D14/><U76/><E29/><V75/><F4/><W78/><G31/><T110/><D108/><U99/><E26/><V131/><F92/><W59/><G78/><T27/><D110/><U135/><E135/><V118/><F75/><W107/><G107/><T106/><D106/><U15/><E15/><V10/><F10/><W11/><G11/><T57/><D13/><U32/><E32/><V101/><F101/><W80/><G80/><T85/><D96/><U98/><E103/><V94/><F94/><W2/><G2/><T127/><D83/><U3/><E3/><V1/><F1/><W54/><G41/><T12/><D27/><U8/><E8/><V74/><F74/><W20/><G20/><T77/><D21/><U34/><E34/><V102/><F102/><W24/><G24/><T51/><D12/><U63/><E63/><AGARI ba="0,0" hai="43,47,49,54,59,61,63,64,71,124,125" m="51306" machi="63" ten="30,5800,0" yaku="20,1,34,2" doraHai="114" who="3" fromWho="1" sc="330,0,160,-58,308,0,202,58" /><INIT seed="3,1,0,0,0,63" ten="330,102,308,260" oya="3" hai0="59,100,85,82,105,46,15,92,127,19,120,68,53" hai1="27,93,91,30,112,6,60,121,116,20,44,18,48" hai2="135,47,107,51,45,133,72,90,8,111,104,110,71" hai3="128,21,81,97,17,62,64,35,86,41,42,87,12" shuffle="mt19937ar,28C292A5,DE968F9B,9DC83FF3,5A592F76,A223ECA4,57322CD0,A2398171,36013A8D"/><W98/><G128/><T74/><D68/><U70/><E121/><V132/><F72/><W14/><G35/><T131/><D120/><U61/><E116/><V88/><F8/><W34/><G34/><T117/><D131/><U36/><E112/><V99/><F71/><W80/><G64/><T73/><D117/><U5/><E36/><V102/><F107/><W54/><G62/><T33/><D105/><U109/><E109/><N who="2" m="41483" /><F47/><W89/><G54/><AGARI ba="1,0" hai="45,51,54,88,90,99,102,104,132,133,135" m="41483" machi="54" ten="40,5200,0" yaku="20,1,14,1,54,1" doraHai="63" who="2" fromWho="3" sc="330,0,102,0,308,55,260,-55" /><INIT seed="4,0,0,5,4,29" ten="330,102,363,205" oya="0" hai0="98,124,74,64,73,4,78,131,31,85,66,9,91" hai1="134,117,75,67,70,123,36,39,23,61,28,94,71" hai2="121,86,81,60,127,69,27,17,38,52,72,104,6" hai3="125,5,45,15,59,8,100,132,109,77,44,130,95" shuffle="mt19937ar,180631BB,4ED6C0FC,527D583E,2425E1AA,E8FBA434,B95E7570,D56E6FBB,51EC6CDB"/><T135/><D124/><U24/><E123/><V21/><F127/><W126/><G109/><T50/><D135/><U20/><E117/><V47/><F104/><W10/><G130/><T133/><D133/><U99/><E134/><V32/><F72/><W3/><G132/><T88/><D31/><U54/><E75/><V56/><F121/><W26/><G77/><T68/><D68/><U93/><E54/><V82/><F6/><W35/><G35/><T49/><D131/><U101/><E71/><V87/><F69/><W13/><G26/><T55/><D78/><U102/><E20/><V128/><F128/><W48/><G3/><T57/><D74/><U40/><E40/><V80/><F32/><W14/><G59/><T16/><D73/><U79/><E79/><V111/><F111/><W12/><G44/><T53/><D98/><U63/><E63/><V7/><F7/><W110/><G110/><T22/><D4/><U0/><E0/><V42/><AGARI ba="0,0" hai="17,21,27,38,42,47,52,56,60,80,81,82,86,87" machi="42" ten="30,2000,0" yaku="0,1,54,1" doraHai="29" who="2" fromWho="2" sc="330,-10,102,-5,363,20,205,-5" /><INIT seed="5,0,0,1,4,64" ten="320,97,383,200" oya="1" hai0="91,99,124,134,135,26,62,96,28,38,93,2,120" hai1="18,42,104,44,24,74,5,15,1,89,87,7,110" hai2="132,10,17,55,109,78,31,4,92,116,52,84,114" hai3="105,113,85,79,68,30,36,67,3,118,0,41,25" shuffle="mt19937ar,4C353F72,0DD78259,68126D7B,3EBC072D,AA474905,1F448A55,BA382795,188C6754"/><U14/><E104/><V54/><F116/><W71/><G118/><T76/><D38/><U11/><E74/><V129/><F31/><W77/><G85/><T119/><D2/><N who="3" m="553" /><G113/><T111/><D119/><U90/><E110/><V9/><F109/><W61/><G79/><T75/><D111/><U106/><E106/><V94/><F114/><W123/><G77/><T53/><D53/><U126/><E126/><V130/><F132/><W70/><G105/><T88/><D62/><U16/><E1/><V49/><F49/><W34/><G123/><T60/><D60/><U81/><E24/><V40/><F40/><W39/><G39/><T6/><D6/><U128/><E128/><N who="2" m="49259" /><F4/><W58/><G58/><T72/><D26/><U131/><E131/><V48/><F48/><W20/><G20/><T117/><D28/><U46/><E90/><V45/><F45/><AGARI ba="0,0" hai="25,30,34,36,41,45,61,67,68,70,71" m="553" machi="45" ten="30,8000,1" yaku="33,2,52,3" doraHai="64" who="3" fromWho="2" sc="320,0,97,0,383,-80,200,80" /><INIT seed="6,0,0,0,3,48" ten="320,97,303,280" oya="2" hai0="12,61,67,34,59,82,99,75,56,104,14,37,45" hai1="129,122,83,110,118,68,131,46,1,92,54,21,30" hai2="16,77,74,132,117,127,23,55,106,124,116,100,71" hai3="97,60,65,133,96,20,40,114,91,47,63,4,98" shuffle="mt19937ar,E401F655,AD558AA4,C4D3CDEE,C00113C5,438E1B19,9ACE407C,CAA121E1,3758DED3"/><V73/><F71/><W111/><G114/><T64/><D34/><U0/><E83/><V86/><F100/><W36/><G111/><T134/><D134/><U57/><E92/><V22/><F106/><W95/><G133/><T15/><D104/><U120/><E30/><V105/><F105/><W35/><G35/><T89/><D75/><U69/><E21/><V128/><F132/><W39/><G4/><T53/><D37/><U103/><E103/><V28/><F28/><W94/><G20/><T3/><D3/><U50/><E1/><V24/><F22/><W31/><G31/><T112/><D112/><U10/><E10/><V126/><F128/><N who="1" m="49225" /><E0/><V43/><F43/><W108/><G108/><T33/><D33/><U123/><E110/><V121/><F121/><N who="1" m="30977" /><U90/><DORA hai="38" /><E90/><V26/><F26/><W6/><G6/><T32/><D32/><U81/><E81/><N who="2" m="47407" /><F55/><W130/><G130/><T113/><D113/><U72/><E72/><AGARI ba="0,0" hai="16,23,24,72,73,74,116,117,124,126,127" m="47407" machi="72" ten="40,3900,0" yaku="18,1,54,1" doraHai="48,38" who="2" fromWho="1" sc="320,0,97,-39,303,39,280,0" /><INIT seed="6,1,0,1,1,112" ten="320,58,342,280" oya="2" hai0="5,113,57,80,98,28,64,51,106,55,8,90,75" hai1="126,16,4,115,108,93,45,30,20,89,82,48,79" hai2="124,7,69,84,83,131,47,130,58,65,96,19,63" hai3="77,49,37,41,6,132,107,118,95,43,125,33,11" shuffle="mt19937ar,CC2BA9D8,A6FB3255,5942C55E,4DD4FBAA,74632F6B,1031871E,7F2F5D28,E3E4B79B"/><V29/><F124/><W120/><G107/><T17/><D113/><U40/><E115/><V76/><F7/><W123/><G33/><T111/><D28/><U68/><E68/><V71/><F29/><W21/><G125/><T119/><D111/><U100/><E108/><V59/><F96/><W70/><G70/><T109/><D109/><U105/><E126/><V60/><F19/><W117/><G132/><T15/><D64/><U85/><E4/><V24/><F24/><W13/><G77/><T127/><D127/><U129/><E30/><V62/><F47/><W73/><G73/><T102/><D5/><U94/><E129/><N who="2" m="49163" /><F62/><W92/><G37/><T104/><D104/><U3/><E3/><V44/><F44/><W27/><G49/><T26/><D26/><U134/><E134/><V38/><F38/><W101/><G101/><T18/><D18/><U114/><E114/><V32/><F32/><W42/><G27/><T22/><D8/><U35/><E35/><V122/><F122/><W53/><G53/><AGARI ba="1,0" hai="53,58,59,60,63,65,69,71,76,83,84" m="49163" machi="53" ten="30,1500,0" yaku="19,1" doraHai="112" who="2" fromWho="3" sc="320,0,58,0,342,18,280,-18" /><INIT seed="6,2,0,4,4,71" ten="320,58,360,262" oya="2" hai0="68,18,22,20,52,15,103,6,75,31,25,67,88" hai1="106,91,35,45,90,104,13,124,44,121,58,39,110" hai2="40,122,8,43,16,77,74,112,96,131,64,3,97" hai3="117,23,83,12,9,33,135,14,24,61,94,116,57" shuffle="mt19937ar,AA77DAB0,59C3BD25,37681D3B,046F65F0,DE39FF60,B002BE32,01A94A4E,60874D55"/><V109/><F122/><W113/><G83/><T100/><D75/><U30/><E121/><V60/><F3/><W119/><G113/><T2/><D2/><U32/><E110/><V125/><F77/><W41/><G135/><T21/><D6/><U1/><E1/><V27/><F74/><W101/><G41/><T102/><D68/><U62/><E124/><V28/><F125/><W82/><G82/><T123/><D67/><U26/><E26/><V65/><F131/><W107/><G107/><T128/><D123/><U0/><E0/><V84/><F84/><W129/><G129/><T37/><D128/><U80/><E80/><V114/><F109/><W29/><G33/><T47/><D88/><U92/><E92/><V98/><F8/><W120/><G120/><T48/><REACH who="0" step="1"/><D37/><REACH who="0" step="2"/><U50/><E50/><V72/><F72/><W78/><G78/><T99/><D99/><U126/><E126/><V55/><F64/><N who="3" m="38959" /><G9/><AGARI ba="2,1" hai="9,15,18,20,21,22,25,31,47,48,52,100,102,103" machi="9" ten="40,5200,0" yaku="1,1,8,1,54,1,53,0" doraHai="71" doraHaiUra="132" who="0" fromWho="3" sc="310,68,58,0,360,0,262,-58" /><INIT seed="7,0,0,5,2,4" ten="378,58,360,204" oya="3" hai0="16,14,123,40,134,110,77,78,48,47,9,59,86" hai1="111,38,21,53,126,101,96,90,91,1,34,68,127" hai2="13,8,32,2,72,131,23,99,80,18,128,84,109" hai3="62,129,44,22,7,102,56,67,118,107,121,125,75" shuffle="mt19937ar,6470ECF6,F4717E0B,C67A5B67,C77A3E4E,9BB126F0,6931707A,50E1A2D1,270EE105"/><W94/><G75/><T106/><D110/><U46/><E111/><V100/><F72/><W71/><G118/><T58/><D106/><U55/><E68/><V25/><F109/><W70/><G121/><T57/><D123/><U117/><E117/><V116/><F32/><W63/><G125/><T119/><D134/><U51/><E34/><V43/><F43/><W92/><G129/><N who="2" m="49737" /><F2/><W54/><G7/><T24/><D119/><U82/><E1/><V6/><F116/><W81/><G81/><T60/><D24/><U10/><E38/><V27/><F27/><W88/><G22/><T33/><D33/><U66/><E66/><V45/><F45/><W11/><G11/><T19/><D19/><U28/><E28/><V64/><F64/><W105/><G102/><T39/><D39/><U103/><E21/><V93/><F84/><W112/><G112/><T26/><D26/><U122/><E122/><V29/><F80/><W124/><G124/><T95/><D60/><U35/><E35/><V135/><F135/><W108/><G108/><T133/><D133/><U132/><E132/><V42/><F42/><W87/><G92/><T0/><D0/><U89/><E82/><V98/><F98/><W76/><G76/><T83/><D95/><U113/><E113/><V97/><F97/><W50/><G71/><T5/><D5/><AGARI ba="0,0" hai="5,6,8,13,18,23,25,29,93,99,100" m="49737" machi="5" ten="30,2000,0" yaku="19,1,52,1" doraHai="4" who="2" fromWho="0" sc="378,-20,58,0,360,20,204,0" owari="358,16,58,-44,380,48,204,-20" /></mjloggm>