<mjloggm ver="2.3"><GO type="9"/><UN n0="%E3%83%8F%E3%82%B3%E3%83%AF%E3%83%AC%E5%95%86%E4%BA%8B" n1="%E3%82%A6%E3%83%AB%E3%83%88%E3%83%A9%E7%AB%8B%E7%9B%B4" n2="%E3%81%95%E3%81%BC%E3%81%A6%E3%82%93" n3="%4E%6F%4E%61%6D%65" dan="6,6,8,0" rate="1539,1640,1653,1500" sx="M,M,M,M"/><TAIKYOKU oya="0"/><INIT seed="0,0,0,5,2,7" ten="250,250,250,250" oya="0" hai0="100,9,30,32,110,26,54,42,94,56,103,105,23" hai1="65,43,71,60,29,3,70,52,90,55,74,2,19" hai2="79,24,77,37,18,97,39,76,123,91,131,113,34" hai3="88,48,63,64,120,83,125,6,126,118,20,75,47" shuffle="mt19937ar,3C301563,A48474F5,AFB66F29,B5DC63FF,92E19FB0,2F2BEF9B,58C02800,C0907B16"/><T135/><D42/><U130/><E29/><V132/><F123/><W107/><G120/><T49/><D105/><U121/><E74/><V41/><F113/><W114/><G118/><T106/><D135/><U101/><E101/><V78/><F132/><W4/><G114/><T111/><D106/><U51/><E90/><V57/><F131/><W21/><G107/><T119/><D119/><U81/><E81/><V129/><F129/><W33/><G33/><T12/><D32/><U84/><E84/><V95/><F34/><W102/><G102/><T104/><D104/><U10/><E130/><V46/><F39/><W99/><G99/><T11/><D94/><U69/><E121/><V5/><F5/><W53/><G75/><T93/><D93/><U62/><E19/><V35/><F35/><W0/><G0/><T112/><D112/><U44/><E3/><V38/><F38/><W86/><G4/><T73/><D73/><U85/><E85/><V28/><F28/><W80/><G6/><T133/><D133/><U50/><E10/><N who="0" m="3593" /><D12/><U67/><E2/><V72/><F72/><W1/><G80/><T89/><D89/><U59/><E43/><V122/><F122/><W66/><G1/><T13/><D13/><U109/><E109/><AGARI ba="0,0" hai="23,26,30,49,54,56,100,103,109,110,111" m="3593" machi="109" ten="30,12000,1" yaku="14,1,10,1,52,3" doraHai="7" who="0" fromWho="1" sc="250,120,250,-120,250,0,250,0" /><INIT seed="0,1,0,1,2,85" ten="370,130,250,250" oya="0" hai0="7,50,135,108,70,84,110,12,76,73,104,2,38" hai1="59,120,47,1,44,20,101,88,3,32,14,89,16" hai2="67,127,9,58,54,40,42,11,96,113,100,30,0" hai3="15,86,62,28,56,68,22,25,29,45,46,118,91" shuffle="mt19937ar,5658D71A,BB1FAE06,8E9F76C7,6FDFE6E2,7FFD583A,24FEAFA2,7CA0D0A2,71947BE7"/><T109/><D135/><U107/><E32/><V61/><F113/><W117/><G118/><T119/><D119/><U4/><E120/><V98/><F127/><W69/><G117/><T90/><D104/><U133/><E133/><V66/><F0/><W64/><G68/><T99/><D70/><U53/><E101/><V27/><F98/><W60/><G28/><T131/><D38/><U17/><E107/><V132/><F132/><W36/><G36/><T106/><D2/><U5/><E1/><V13/><F11/><W71/><G69/><T39/><D39/><U24/><E3/><V125/><F125/><W21/><G21/><T128/><D50/><U33/><E33/><V79/><F79/><W74/><G74/><T6/><D12/><U92/><E92/><N who="2" m="58375" /><F54/><W83/><G15/><T103/><D7/><N who="1" m="2635" /><E44/><V55/><F55/><AGARI ba="1,0" hai="22,25,29,45,46,55,56,60,62,64,71,83,86,91" machi="55" ten="30,2000,0" yaku="7,1,52,1" doraHai="85" who="3" fromWho="2" sc="370,0,130,0,250,-23,250,23" /><INIT seed="1,0,0,0,5,52" ten="370,130,227,273" oya="1" hai0="59,131,55,102,73,74,20,132,50,68,88,116,53" hai1="15,121,93,100,32,47,128,135,108,5,112,25,80" hai2="94,43,123,130,118,21,45,63,19,82,87,42,12" hai3="65,126,111,125,36,127,113,98,11,119,54,79,16" shuffle="mt19937ar,E3294E86,4004BCD7,EF549FAA,CBD6AD2F,AA3AEE59,05EF06AE,09B1F7E9,2971F846"/><U7/><E80/><V34/><F123/><W41/><G113/><T35/><D116/><U49/><E112/><V120/><F118/><W69/><G119/><T14/><D35/><U129/><E121/><V2/><F120/><W31/><G31/><T115/><D115/><U101/><E135/><V83/><F34/><W103/><G111/><T67/><D131/><N who="1" m="50251" /><E108/><V107/><F2/><W78/><G54/><T17/><D132/><U18/><E93/><V46/><F107/><W44/><G69/><T72/><D102/><N who="1" m="39531" /><E25/><V106/><F106/><W117/><G65/><T92/><D68/><U91/><E91/><V97/><F130/><W114/><G117/><T60/><REACH who="0" step="1"/><D50/><REACH who="0" step="2"/><U133/><E32/><V30/><F30/><W124/><G114/><T3/><D3/><U76/><E133/><V29/><F29/><W39/><G39/><T48/><D48/><U10/><E76/><V134/><F134/><W28/><G28/><T33/><D33/><U4/><E4/><V8/><F63/><W71/><G71/><T40/><D40/><AGARI ba="0,1" hai="5,7,10,15,18,40,47,49" m="39531,50251" machi="40" ten="30,1500,0" yaku="19,1" doraHai="52" who="1" fromWho="0" sc="360,-15,130,25,227,0,273,0" /><INIT seed="1,1,0,2,1,9" ten="345,155,227,273" oya="1" hai0="34,39,5,132,90,58,48,61,65,41,91,63,53" hai1="124,97,81,55,111,80,51,6,120,102,8,106,84" hai2="135,74,86,100,44,54,46,92,89,131,56,16,60" hai3="114,123,88,52,93,115,79,125,45,22,96,62,75" shuffle="mt19937ar,8FF77CD3,7EE32D29,F0E79E0D,D4CBD9AC,F67F6009,0EAEDC27,BFF1EAEE,14C483D2"/><U66/><E66/><V128/><F74/><W71/><G123/><T42/><D34/><U25/><E25/><V69/><F69/><W130/><G125/><T4/><D132/><U129/><E120/><V43/><F100/><W118/><G130/><T31/><D31/><U0/><E129/><N who="2" m="49739" /><F135/><W133/><G133/><T70/><D91/><U83/><E124/><V126/><F126/><W73/><G118/><T26/><D26/><U82/><E111/><V119/><F119/><W36/><G79/><T32/><D32/><U10/><E10/><V87/><F87/><W50/><G36/><T24/><D90/><U14/><E0/><V116/><F116/><W127/><G127/><T94/><D24/><U18/><E6/><V113/><F113/><W23/><G73/><T28/><D28/><U13/><E13/><V20/><F43/><N who="0" m="16394" /><D94/><U38/><E38/><V101/><F101/><W68/><G75/><T47/><D4/><U11/><E11/><V104/><F104/><W30/><G68/><N who="0" m="42031" /><D5/><U17/><E17/><V35/><F35/><W95/><G93/><T49/><D70/><U12/><E12/><AGARI ba="1,0" hai="12,16,20,44,46,54,56,60,86,89,92" m="49739" machi="12" ten="30,3900,0" yaku="19,1,52,1,54,1" doraHai="9" who="2" fromWho="1" sc="345,0,155,-42,227,42,273,0" /><INIT seed="2,0,0,2,2,80" ten="345,113,269,273" oya="2" hai0="60,6,13,82,46,35,54,116,56,117,124,63,36" hai1="134,65,130,55,86,113,121,67,76,30,27,85,101" hai2="133,104,135,112,100,38,73,79,45,11,53,23,78" hai3="29,18,15,51,20,72,99,74,119,128,47,59,131" shuffle="mt19937ar,8D5E2037,859E3232,B0788745,B591327D,2944FBA0,9FBA4B7E,58159778,70C06763"/><V92/><F112/><W115/><G119/><N who="0" m="45643" /><D35/><U109/><E113/><V14/><F23/><W111/><G111/><T106/><D106/><U110/><E76/><V69/><F69/><W70/><G99/><T118/><N who="0" m="45651" /><T26/><DORA hai="1" /><D26/><U68/><E101/><V31/><F31/><W103/><G103/><T49/><D82/><U120/><E130/><N who="3" m="49706" /><G115/><T94/><D124/><U107/><E55/><V89/><F38/><W28/><G70/><T108/><D94/><U0/><E0/><V8/><F8/><W24/><G59/><T16/><D108/><N who="1" m="41579" /><E107/><V52/><F45/><W83/><G83/><T50/><D36/><U43/><E43/><V21/><F21/><N who="3" m="11487" /><G28/><T62/><D46/><U58/><E68/><V19/><F104/><W64/><G64/><N who="1" m="24650" /><E58/><V123/><F123/><N who="1" m="47177" /><E134/><N who="2" m="51211" /><F73/><W10/><G10/><N who="0" m="6199" /><D49/><U41/><E41/><AGARI ba="0,0" hai="20,24,29,41,47,51,72,74" m="11487,49706" machi="41" ten="30,1000,0" yaku="19,1" doraHai="80,1" who="3" fromWho="1" sc="345,0,113,-10,269,0,273,10" /><INIT seed="3,0,0,0,2,49" ten="345,103,269,283" oya="3" hai0="6,122,39,124,116,132,112,34,1,32,123,108,104" hai1="77,74,10,9,83,44,92,56,53,31,18,75,85" hai2="35,16,129,68,60,130,67,21,70,89,26,134,133" hai3="98,3,64,40,115,28,59,105,36,95,117,55,11" shuffle="mt19937ar,8A8B7BFC,5A75988C,23D2295B,505BF783,041A8C27,049084DE,943612F7,68D5C48D"/><W69/><G117/><T61/><RYUUKYOKU type="yao9" ba="0,0" sc="345,0,103,0,269,0,283,0" hai0="1,6,32,34,39,61,104,108,112,116,122,123,124,132" /><INIT seed="3,1,0,5,1,70" ten="345,103,269,283" oya="3" hai0="1,24,34,124,127,129,114,64,8,105,87,27,17" hai1="5,31,37,125,21,22,81,131,19,96,15,104,126" hai2="18,115,80,72,14,134,57,99,69,26,132,92,110" hai3="82,103,75,30,33,58,113,63,119,79,44,59,73" shuffle="mt19937ar,855AF909,7CAC5444,41360D3B,26CE847A,486F24D0,58DA7514,032955C4,87FEC4BD"/><W90/><G119/><T4/><D64/><U71/><E71/><V38/><F69/><W111/><G113/><T53/><D114/><U2/><E81/><V25/><F115/><W54/><G103/><T101/><D53/><U9/><E96/><V135/><F57/><W67/><G111/><T117/><D117/><U98/><E98/><V23/><F38/><W74/><G90/><T55/><D55/><U107/><E104/><V49/><F49/><W130/><G44/><T48/><D129/><U95/><E95/><V68/><F68/><W121/><G130/><T50/><D87/><U61/><E61/><V6/><F72/><W120/><G33/><T39/><D105/><U10/><E107/><V3/><F80/><W11/><G30/><N who="0" m="19783" /><D101/><U56/><E56/><V28/><F92/><W118/><G11/><N who="0" m="2447" /><D50/><U91/><E91/><V16/><F99/><W133/><G118/><T52/><D27/><U93/><E93/><V122/><F122/><W100/><G133/><N who="2" m="34049" /><V12/><DORA hai="51" /><F110/><W97/><G120/><T60/><D60/><U43/><E131/><V42/><F42/><W106/><REACH who="3" step="1"/><G121/><REACH who="3" step="2"/><T41/><D8/><U13/><E10/><N who="2" m="2399" /><F26/><W62/><AGARI ba="1,1" hai="54,58,59,62,63,67,73,74,75,79,82,97,100,106" machi="62" ten="20,7800,0" yaku="1,1,0,1,7,1,52,1,53,0" doraHai="70,51" doraHaiUra="36,20" who="3" fromWho="3" sc="345,-27,103,-27,269,-27,273,91" /><INIT seed="3,2,0,2,1,82" ten="318,76,242,364" oya="3" hai0="101,36,74,34,42,19,12,95,81,71,4,23,91" hai1="125,61,86,49,25,130,99,124,84,7,64,57,54" hai2="2,108,46,87,51,112,52,26,27,106,66,11,62" hai3="41,35,13,32,132,63,69,40,128,103,55,28,131" shuffle="mt19937ar,48F81FE9,75C44B87,1226507B,F3033BF0,D40E899A,4088B12C,30AC5FCD,F7C6967F"/><W31/><G132/><T102/><D71/><U38/><E38/><V75/><F112/><W59/><G103/><T129/><D34/><U109/><E7/><V92/><F106/><W48/><G13/><T133/><D129/><N who="3" m="49737" /><G69/><T17/><D133/><U120/><E130/><V58/><F75/><W47/><G41/><T114/><D114/><U110/><E99/><V78/><F108/><N who="1" m="41577" /><E25/><V3/><F3/><W18/><G18/><T105/><D105/><U113/><E113/><V67/><F67/><W79/><G79/><T116/><D116/><U37/><E37/><V83/><F2/><W123/><G123/><T134/><D134/><U72/><E72/><V107/><F107/><W21/><G21/><T104/><D104/><U9/><E9/><V68/><F68/><W56/><G59/><T8/><D36/><U6/><E6/><V94/><F11/><W22/><G22/><T33/><D33/><AGARI ba="2,0" hai="28,31,32,33,35,40,47,48,55,56,63" m="49737" machi="33" ten="30,1500,0" yaku="19,1" doraHai="82" who="3" fromWho="0" sc="318,-21,76,0,242,0,364,21" /><INIT seed="3,3,0,2,0,53" ten="297,76,242,385" oya="3" hai0="13,69,107,70,45,113,130,80,39,106,56,35,58" hai1="30,62,109,105,7,25,125,6,61,14,77,2,18" hai2="124,92,17,110,28,90,31,23,55,42,36,83,82" hai3="20,117,16,135,50,114,100,43,75,52,111,97,11" shuffle="mt19937ar,C12873D2,54C063DC,C903BD00,71340237,D8026C9C,BFC6C7AF,8DD727FB,F514A6E4"/><W98/><G117/><T29/><D80/><U121/><E105/><N who="0" m="39945" /><D113/><U33/><E77/><V3/><F3/><W86/><G114/><T85/><D85/><U26/><E62/><V102/><F124/><W87/><G135/><T9/><D130/><U103/><E61/><V96/><F110/><W120/><G111/><T22/><D39/><U89/><E89/><V60/><F36/><W118/><G120/><T93/><D93/><U5/><E103/><V67/><F42/><W34/><G34/><T99/><D99/><U72/><E72/><V95/><F17/><W126/><G75/><T0/><D45/><U49/><E49/><V1/><F1/><W32/><G32/><T91/><D91/><U51/><E51/><V71/><F55/><W10/><G126/><T19/><D70/><U79/><E79/><V24/><REACH who="2" step="1"/><F31/><REACH who="2" step="2"/><W44/><G43/><T15/><D69/><U40/><E40/><V127/><F127/><W115/><G118/><T8/><D13/><U41/><E41/><V78/><F78/><W48/><G115/><T59/><D9/><N who="3" m="3081" /><G48/><T73/><D73/><U134/><E125/><V108/><F108/><W68/><G68/><T88/><D88/><U123/><E109/><V131/><F131/><W101/><G100/><T38/><D38/><U57/><E123/><V84/><AGARI ba="3,1" hai="23,24,28,60,67,71,82,83,84,90,92,95,96,102" machi="84" ten="20,2700,0" yaku="1,1,0,1,7,1,53,0" doraHai="53" doraHaiUra="122" who="2" fromWho="2" sc="297,-10,76,-10,232,46,385,-16" /><INIT seed="4,0,0,5,1,105" ten="287,66,278,369" oya="0" hai0="11,67,57,100,10,13,122,76,92,77,104,47,0" hai1="51,15,128,27,43,88,118,52,35,72,58,5,18" hai2="33,16,34,113,60,135,109,31,123,37,39,111,103" hai3="54,61,32,131,114,119,112,130,132,127,102,129,70" shuffle="mt19937ar,469EC4FA,76C04020,D8EC068D,67225912,16C6F7DD,EF1F67CE,0ACBD9DB,62578D0A"/><T124/><D122/><U1/><E118/><V99/><F16/><W90/><G102/><T107/><D0/><U69/><E69/><V108/><F123/><W7/><G32/><N who="2" m="12393" /><F31/><W14/><G90/><T21/><D124/><U126/><E126/><V66/><F113/><N who="3" m="43627" /><G7/><T79/><D47/><U110/><E110/><N who="2" m="28163" /><V19/><DORA hai="24" /><F19/><W86/><G86/><T74/><D104/><U50/><E5/><V46/><F46/><W65/><G14/><T91/><D107/><U17/><E1/><V44/><F103/><W4/><G4/><T83/><D100/><U73/><E50/><V55/><F99/><W28/><G28/><T134/><D21/><U101/><E43/><N who="2" m="22639" /><F55/><W89/><G89/><T78/><D134/><U38/><E38/><V23/><F23/><W22/><G22/><T53/><D67/><U117/><E101/><V82/><F82/><W20/><G20/><T115/><D115/><U6/><E6/><V96/><F96/><W93/><G93/><T25/><D13/><U125/><E15/><V116/><F116/><W62/><G119/><T98/><REACH who="0" step="1"/><D25/><REACH who="0" step="2"/><U81/><E27/><V48/><F135/><W36/><G132/><T84/><D84/><N who="1" m="50191" /><E35/><V8/><F8/><W3/><G3/><T133/><D133/><U9/><E125/><V45/><F45/><W106/><G127/><T59/><D59/><U40/><E117/><V85/><F85/><W26/><G106/><T71/><D71/><U49/><E9/><V120/><F120/><W63/><G26/><T80/><D80/><U121/><E121/><V97/><F97/><W2/><G2/><RYUUKYOKU ba="0,1" sc="277,30,66,-10,278,-10,369,-10" hai0="10,11,53,57,74,76,77,78,79,83,91,92,98" /><INIT seed="4,1,1,4,3,95" ten="307,56,268,359" oya="0" hai0="0,14,45,66,130,52,96,129,87,8,24,134,111" hai1="110,86,71,2,35,100,19,22,106,25,85,63,30" hai2="10,79,56,116,126,127,27,18,132,124,55,28,57" hai3="89,5,15,77,1,62,17,119,93,98,128,20,31" shuffle="mt19937ar,15ED5281,352F1045,610AC838,C8DFA6E9,BD9F66AA,6AD4A24F,DA1DA3D3,D5D99030"/><T117/><D117/><U92/><E2/><V99/><F79/><W131/><G119/><T50/><D0/><U74/><E74/><V78/><F116/><W103/><G77/><T16/><D66/><U113/><E92/><V6/><F78/><W67/><G1/><T53/><D87/><U43/><E43/><V69/><F69/><W73/><G73/><T102/><D24/><U135/><E110/><V81/><F81/><W121/><G89/><T80/><D134/><U37/><E37/><V42/><F42/><W65/><G67/><T60/><D80/><U90/><E90/><V46/><F132/><W59/><G121/><T107/><REACH who="0" step="1"/><D111/><REACH who="0" step="2"/><U11/><E25/><V109/><F109/><W40/><G40/><T123/><D123/><U68/><E85/><V38/><F38/><W125/><G125/><N who="2" m="32001" /><V61/><DORA hai="72" /><F18/><W48/><G131/><T122/><D122/><U75/><E86/><V76/><F76/><W91/><G128/><T108/><D108/><U47/><E75/><V84/><F84/><W26/><G5/><T4/><D4/><U9/><E71/><V34/><F46/><W105/><G105/><T58/><AGARI ba="1,2" hai="8,14,16,45,50,52,53,58,60,96,102,107,129,130" machi="58" ten="30,12000,1" yaku="1,1,0,1,52,1,54,2,53,0" doraHai="95,72" doraHaiUra="120,115" who="0" fromWho="0" sc="297,143,56,-41,268,-41,359,-41" /><INIT seed="4,2,0,2,2,46" ten="440,15,227,318" oya="0" hai0="94,121,70,86,111,63,92,96,29,101,28,5,52" hai1="62,74,6,131,119,80,132,129,17,30,112,120,49" hai2="27,22,7,67,24,12,89,84,113,39,95,33,42" hai3="127,35,19,115,87,103,61,97,36,85,59,110,13" shuffle="mt19937ar,6FCC46A8,9717BBFA,405EACD0,7CD7D423,EAFD3C0F,278F3CFC,0B5CABFC,8E2D56EB"/><T8/><D121/><U90/><E30/><N who="0" m="11881" /><D111/><U25/><E6/><V91/><F33/><W134/><G36/><T128/><D70/><U0/><E0/><V58/><F113/><W106/><G110/><T105/><D128/><N who="1" m="49227" /><E62/><V4/><F39/><W60/><G35/><T82/><D105/><U32/><E32/><V3/><F3/><W55/><G55/><T9/><D5/><U31/><E31/><V34/><F34/><W114/><G134/><T21/><D92/><U107/><E107/><V23/><F42/><W71/><G127/><T99/><D21/><N who="1" m="13487" /><E120/><V122/><F122/><W76/><G61/><T50/><D63/><U18/><E18/><V44/><F44/><W65/><G59/><N who="0" m="33175" /><D96/><U109/><E119/><V57/><F67/><W77/><G87/><T11/><D11/><U98/><E109/><V38/><F38/><W117/><G85/><T26/><D26/><U118/><E118/><V130/><F130/><W125/><G117/><T20/><D20/><U54/><E112/><N who="3" m="43050" /><G125/><T47/><D47/><N who="1" m="27967" /><E132/><V66/><F66/><W69/><G69/><T16/><D16/><U64/><E64/><V51/><F51/><W53/><G53/><T72/><D72/><U48/><E48/><V93/><REACH who="2" step="1"/><F84/><REACH who="2" step="2"/><W68/><G68/><T116/><D116/><U56/><E74/><V126/><F126/><W1/><G1/><T14/><D14/><AGARI ba="2,1" hai="4,7,12,14,22,23,24,27,57,58,89,91,93,95" machi="14" ten="25,12000,2" yaku="1,1,22,2,8,1,53,2" doraHai="46" doraHaiUra="2" who="2" fromWho="0" sc="440,-126,15,0,217,136,318,0" /><INIT seed="5,0,0,1,3,47" ten="314,15,353,318" oya="1" hai0="17,106,15,12,103,128,111,102,56,7,127,66,98" hai1="116,71,48,125,126,68,13,54,72,73,97,21,108" hai2="76,1,28,84,9,64,10,63,119,132,33,49,122" hai3="24,110,91,75,36,23,99,82,59,35,81,53,114" shuffle="mt19937ar,6FE5ECA9,0947BFB4,F262E986,341EFFCB,C6F0B819,35BFB412,AB32A502,AC6B06C0"/><U129/><E116/><V77/><F119/><W40/><G110/><T22/><D127/><N who="1" m="48651" /><E108/><V104/><F104/><W115/><G35/><T123/><D111/><U29/><E97/><V14/><F122/><W95/><G75/><N who="1" m="28746" /><E129/><V131/><F131/><W55/><G36/><T58/><D128/><U27/><E13/><V109/><F109/><W87/><G40/><T118/><D123/><U18/><E18/><N who="2" m="8527" /><F1/><W100/><G55/><T11/><D118/><U86/><E86/><V26/><F33/><W90/><G90/><T107/><REACH who="0" step="1"/><D66/><REACH who="0" step="2"/><U16/><E29/><V88/><F132/><W112/><G100/><T65/><D65/><U5/><E5/><V52/><F10/><W43/><G87/><T4/><D4/><U74/><E74/><V34/><F64/><W42/><G43/><T94/><D94/><U121/><E121/><V0/><F0/><W92/><G95/><T31/><D31/><U51/><E54/><V80/><F63/><N who="3" m="36335" /><G42/><T2/><D2/><U117/><E117/><V6/><F6/><W135/><G135/><T89/><D89/><U25/><E25/><V133/><F133/><W130/><G130/><T105/><D105/><U50/><AGARI ba="0,1" hai="16,21,27,48,50,51,68,71" m="28746,48651" machi="50" ten="40,12000,1" yaku="18,1,52,3,54,1" doraHai="47" who="1" fromWho="1" sc="304,-40,15,130,353,-40,318,-40" /><INIT seed="5,1,0,3,2,99" ten="264,145,313,278" oya="1" hai0="34,26,48,100,53,96,63,101,72,71,64,81,66" hai1="33,35,125,30,28,120,82,122,56,91,16,47,127" hai2="38,107,67,69,58,128,80,133,57,17,102,19,20" hai3="98,4,13,2,41,89,52,79,134,14,23,60,29" shuffle="mt19937ar,850C9254,72473F08,031C911C,9D04F463,697EC433,0BB17D29,CBC854F7,726D78BB"/><U83/><E47/><V86/><F38/><W116/><G116/><T27/><D34/><U85/><E56/><V46/><F133/><W117/><G134/><T51/><D72/><U113/><E113/><V106/><F128/><W129/><G129/><T62/><D81/><U45/><E45/><V123/><F123/><W1/><G117/><T70/><REACH who="0" step="1"/><D53/><REACH who="0" step="2"/><U108/><E108/><V119/><F119/><W121/><G79/><T32/><D32/><N who="1" m="12363" /><E83/><V135/><F135/><W84/><G121/><N who="1" m="46698" /><E16/><V42/><F107/><W36/><G98/><AGARI ba="1,1" hai="26,27,48,51,62,63,64,66,70,71,96,98,100,101" machi="98" ten="25,8000,1" yaku="1,1,22,2,52,2,53,0" doraHai="99" doraHaiUra="31" who="0" fromWho="3" sc="254,93,145,0,313,0,278,-83" /><INIT seed="6,0,0,4,2,63" ten="347,145,313,195" oya="2" hai0="132,75,39,26,33,80,55,87,125,98,10,115,43" hai1="95,70,79,119,0,29,61,122,103,92,114,40,59" hai2="69,86,81,73,67,47,100,130,131,66,11,36,60" hai3="52,108,24,128,62,20,106,118,121,116,46,129,74" shuffle="mt19937ar,55E526E5,73A3C911,D34E4028,2D77A3A8,5017A494,7AFB351F,E2C9DD7B,EC561BDF"/><V19/><F19/><N who="3" m="12319" /><G74/><T49/><D115/><U127/><E0/><V71/><F86/><W28/><G106/><T14/><D125/><U57/><E79/><N who="2" m="44271" /><F100/><W1/><G46/><T2/><D132/><U12/><E12/><V48/><F11/><W89/><G89/><T88/><D75/><U31/><E61/><N who="2" m="40143" /><F48/><W133/><G133/><T44/><D2/><U102/><E127/><V94/><F94/><W104/><G104/><T13/><D98/><U111/><E111/><V99/><F99/><W93/><G93/><T134/><D134/><U58/><E40/><AGARI ba="0,0" hai="36,40,47,60,67,71,130,131" m="40143,44271" machi="40" ten="30,5800,0" yaku="23,1,52,2" doraHai="63" who="2" fromWho="1" sc="347,0,145,-58,313,58,195,0" /><INIT seed="6,1,0,1,4,79" ten="347,87,371,195" oya="2" hai0="75,95,63,129,60,4,47,102,99,126,44,131,110" hai1="31,111,68,67,118,124,76,113,112,107,15,114,81" hai2="0,98,54,5,33,49,127,90,70,78,77,11,6" hai3="71,109,16,41,45,119,69,13,9,65,39,104,103" shuffle="mt19937ar,AA5C570E,8EB10E53,84599D6C,8ABBD2AD,52D14182,73611AAC,7B7621CD,34AAD240"/><V92/><F127/><W128/><G128/><N who="0" m="49227" /><D110/><U73/><E15/><V122/><F122/><W96/><G109/><T123/><D123/><U38/><E111/><V2/><F70/><W52/><G119/><T82/><D4/><U117/><E31/><V101/><F33/><W14/><G65/><T55/><D126/><U1/><E124/><V91/><F49/><W35/><G35/><T18/><D18/><U134/><E134/><V94/><F54/><W3/><G3/><T8/><D8/><U125/><E125/><V28/><F28/><W34/><G14/><T100/><D100/><U120/><E120/><V84/><REACH who="2" step="1"/><F101/><REACH who="2" step="2"/><W72/><G72/><T50/><D47/><U115/><N who="1" m="29184" /><DORA hai="25" /><U51/><E51/><V88/><F88/><W61/><BYE who="2" /><REACH who="3" step="1"/><G34/><REACH who="3" step="2"/><T46/><D46/><U20/><E20/><V130/><F130/><W53/><G53/><UN n2="%E3%81%95%E3%81%BC%E3%81%A6%E3%82%93" /><T56/><D44/><U10/><E38/><V97/><F97/><W89/><G89/><T135/><D135/><U105/><E117/><V62/><F62/><W42/><G42/><T19/><D50/><U40/><E40/><V37/><F37/><W93/><G93/><T21/><D60/><N who="1" m="40039" /><E118/><V121/><F121/><W36/><G36/><T48/><D48/><U58/><E58/><AGARI ba="1,2" hai="9,13,16,39,41,45,52,58,61,69,71,96,103,104" machi="58" ten="40,12000,2" yaku="1,1,54,2,53,3" doraHai="79,25" doraHaiUra="66,57" who="3" fromWho="1" sc="347,0,87,-123,361,0,185,143" owari="347,15,-36,-54,361,46,328,-7" /></mjloggm>