<mjloggm ver="2.3"><GO type="97"/><UN n0="%E3%82%A6%E3%83%AB%E3%83%88%E3%83%A9%E7%AB%8B%E7%9B%B4" n1="%E5%B0%8F%E6%97%A9%E5%B7%9D%E5%A4%A7%E5%B0%89%E3%81%A9%E3%81%AE" n2="%E3%82%AA%E3%82%AA%E3%82%A6%E3%83%9F%E3%82%AC%E3%83%A9%E3%82%B9" n3="%E3%82%89%E3%81%B6%E3%81%98%E3%82%83%E3%82%93%E3%81%8D%E3%83%BC" dan="13,13,14,14" rate="1826,1966,2114,1966" sx="M,M,M,M"/><TAIKYOKU oya="0"/><INIT seed="0,0,0,5,4,70" ten="250,250,250,250" oya="0" hai0="103,74,129,46,33,26,61,36,2,31,47,116,21" hai1="128,132,32,92,14,1,37,89,115,91,43,88,126" hai2="10,72,78,127,40,34,55,96,83,17,62,81,13" hai3="131,3,64,106,77,67,7,86,39,124,102,101,38" shuffle="mt19937ar,931D3AC5,EFADE9CD,039D7EBD,5C39D3D2,062A3D14,28090EB4,5A51A74E,3FD2896C"/><T44/><D116/><U59/><E1/><V16/><F34/><W85/><G3/><T133/><D74/><U113/><E126/><V108/><F127/><W118/><G124/><T122/><D122/><U100/><E128/><V0/><F0/><W5/><G106/><T117/><D117/><U87/><E132/><V30/><F30/><W65/><G118/><T95/><D129/><U6/><E32/><V11/><F108/><W104/><G104/><T125/><D125/><U18/><E6/><N who="3" m="2058" /><G77/><T19/><D2/><U60/><E100/><N who="3" m="38506" /><G131/><T121/><D121/><U90/><E43/><V24/><F40/><W94/><G94/><T120/><D120/><U98/><E37/><AGARI ba="0,0" hai="37,38,39,64,65,67,85,86" m="38506,2058" machi="37" ten="40,8000,1" yaku="28,2,52,3" doraHai="70" who="3" fromWho="1" sc="250,0,250,-80,250,0,250,80" /><INIT seed="1,0,0,5,0,55" ten="250,170,250,330" oya="1" hai0="117,11,87,78,40,34,85,127,58,48,67,120,21" hai1="49,4,130,129,36,61,28,131,13,20,132,37,63" hai2="135,86,125,91,47,106,102,59,54,56,69,108,98" hai3="114,68,90,62,2,110,8,26,79,35,94,33,14" shuffle="mt19937ar,D31BA8B5,5A5C331A,2C0F494A,D2D835EA,42A82A13,BAA8B686,998EED06,E819F119"/><U100/><E132/><V51/><F135/><W113/><G2/><T23/><D34/><U116/><E116/><V27/><F69/><W45/><G79/><T128/><D117/><U9/><E100/><V95/><F125/><W12/><G110/><T1/><D127/><U103/><E103/><V50/><F108/><W43/><G35/><T19/><D1/><U60/><REACH who="1" step="1"/><E49/><REACH who="1" step="2"/><V122/><F122/><W82/><G114/><T126/><D120/><U30/><E30/><V46/><REACH who="2" step="1"/><F27/><AGARI ba="0,1" hai="4,9,13,20,27,28,36,37,60,61,63,129,130,131" machi="27" ten="50,4800,0" yaku="1,1,19,1,53,0" doraHai="55" doraHaiUra="53" who="1" fromWho="2" sc="250,0,160,58,250,-48,330,0" /><INIT seed="1,1,0,5,0,120" ten="250,218,202,330" oya="1" hai0="111,90,118,117,39,135,9,73,31,53,127,101,126" hai1="30,43,50,5,11,58,66,10,75,4,105,63,67" hai2="106,40,122,12,22,16,41,94,119,128,114,108,110" hai3="34,104,133,129,14,82,1,92,35,24,38,80,18" shuffle="mt19937ar,9378657A,D8FE1999,938ECA62,6BE61647,532E2787,0A8B6EFB,CA4A49C5,F28CA7A7"/><U91/><E75/><V55/><F106/><W84/><G38/><T98/><D39/><U76/><E105/><V69/><F119/><W99/><G1/><T116/><D31/><U107/><E107/><V64/><F122/><W68/><G68/><T130/><D73/><U60/><E76/><V124/><F114/><W96/><G129/><T23/><D9/><U45/><E30/><V8/><F124/><W36/><G36/><T13/><D53/><U57/><REACH who="1" step="1"/><E91/><REACH who="1" step="2"/><V87/><F128/><W15/><G104/><N who="0" m="63543" /><D130/><U20/><E20/><V27/><F22/><W71/><G35/><T78/><D78/><U89/><E89/><V131/><F131/><W103/><G34/><T37/><D90/><U81/><E81/><V109/><F94/><W47/><G80/><T121/><D121/><U26/><E26/><V6/><F87/><W7/><G24/><T102/><D23/><U77/><E77/><V28/><F27/><W132/><G84/><T100/><D118/><U70/><E70/><V25/><F28/><W65/><G82/><T51/><D117/><U33/><E33/><V2/><F25/><W125/><G99/><T95/><D116/><U61/><E61/><N who="2" m="40079" /><F55/><W32/><G32/><T46/><D127/><U49/><E49/><V44/><F108/><W113/><G125/><T79/><D111/><U83/><E83/><V74/><F74/><W85/><G85/><T54/><D126/><U42/><E42/><N who="2" m="16491" /><F110/><W97/><G96/><T134/><D79/><U3/><E3/><V112/><F109/><W56/><G97/><N who="0" m="59455" /><D13/><U86/><E86/><V93/><F12/><RYUUKYOKU ba="1,1" sc="250,-10,208,30,202,-10,330,-10" hai1="4,5,10,11,43,45,50,57,58,60,63,66,67" /><INIT seed="1,2,1,2,3,63" ten="240,238,192,320" oya="1" hai0="109,121,57,94,1,106,88,54,41,91,13,75,23" hai1="65,116,34,2,127,30,25,27,128,101,74,46,53" hai2="20,37,68,55,84,103,115,125,19,22,21,104,111" hai3="78,82,51,28,26,16,48,71,83,15,58,9,33" shuffle="mt19937ar,0129370B,42AA23C2,1731D765,FDBA9BF2,22EBCE6F,4348FCCB,C0481008,1C263C57"/><U5/><E116/><V52/><F125/><W73/><G71/><T107/><D1/><U35/><E127/><V7/><F115/><W79/><REACH who="3" step="1"/><G58/><REACH who="3" step="2"/><T10/><D57/><U42/><E46/><V43/><F68/><W98/><G98/><T118/><D118/><U49/><E128/><V12/><F111/><W114/><G114/><T14/><D109/><U96/><E96/><V18/><F104/><W32/><G32/><T99/><D106/><U102/><E35/><V70/><F70/><W110/><G110/><T89/><D107/><U77/><E34/><V64/><F103/><W29/><G29/><T120/><D120/><U130/><E30/><V105/><F105/><W44/><G44/><T93/><D99/><U60/><E102/><V129/><F129/><W66/><G66/><T31/><D31/><U119/><E65/><V50/><F64/><W67/><G67/><T24/><D121/><U39/><E101/><V134/><F134/><W76/><G76/><T97/><D97/><U56/><E77/><V135/><F135/><W85/><AGARI ba="2,2" hai="9,15,16,26,28,33,48,51,73,78,79,82,83,85" machi="85" ten="20,8000,1" yaku="1,1,0,1,7,1,54,1,53,1" doraHai="63" doraHaiUra="8" who="3" fromWho="3" sc="240,-22,238,-42,192,-22,310,106" /><INIT seed="2,0,0,0,1,99" ten="218,196,170,416" oya="2" hai0="32,105,70,62,56,10,95,45,74,94,71,83,28" hai1="59,64,8,52,96,100,22,87,50,103,11,85,37" hai2="7,49,0,14,25,102,75,97,114,47,88,21,101" hai3="5,128,46,12,120,91,9,112,108,86,124,41,81" shuffle="mt19937ar,0B05A56A,3057E311,DCBCCC6A,A13211CF,3DBF765E,7DF1D8F2,5A51EBBE,848F4C2B"/><V53/><F75/><W48/><G120/><T93/><D105/><U26/><E37/><V84/><F0/><W117/><G117/><T135/><D135/><U3/><E3/><V116/><F116/><W4/><G108/><T90/><D32/><U34/><E34/><V35/><F35/><W67/><G128/><T6/><D28/><N who="1" m="17495" /><E64/><V39/><F39/><W44/><G124/><T134/><D134/><U106/><E106/><V36/><F36/><W69/><G112/><T92/><D45/><U19/><E96/><V111/><F114/><W110/><G110/><T16/><D6/><U122/><E122/><V109/><F109/><W132/><G132/><T23/><D10/><N who="1" m="3627" /><E19/><N who="2" m="12479" /><F111/><W63/><G46/><T78/><N who="0" m="24064" /><DORA hai="54" /><T30/><D30/><U42/><E42/><V133/><F133/><W27/><G27/><T125/><D90/><U82/><E87/><V129/><F129/><W24/><G24/><T57/><D125/><U127/><E127/><V20/><F97/><W72/><G72/><T40/><D40/><U65/><E65/><V73/><F73/><W131/><G131/><T130/><D130/><U55/><E55/><V51/><F51/><W1/><G1/><T89/><D89/><AGARI ba="0,0" hai="50,52,59,82,85,89,100,103" m="3627,17495" machi="89" ten="30,8000,1" yaku="8,1,52,3,54,1" doraHai="99,54" who="1" fromWho="0" sc="218,-80,196,80,170,0,416,0" /><INIT seed="3,0,0,3,1,4" ten="138,276,170,416" oya="3" hai0="81,65,53,134,105,0,109,73,23,120,102,62,66" hai1="116,111,72,119,60,125,107,79,89,68,99,39,87" hai2="61,113,20,49,74,117,123,32,58,94,10,98,22" hai3="130,24,18,91,5,77,88,1,57,128,16,69,37" shuffle="mt19937ar,DE92DC0B,3CC47C14,86DBA978,8B0C3CA1,754F15DB,0B276F32,B000B28F,C23A9905"/><W106/><G69/><T75/><D53/><U13/><E111/><V115/><F117/><W132/><G37/><T47/><D23/><U44/><E125/><V110/><F32/><W59/><G106/><T78/><D66/><U38/><E119/><V8/><F110/><W46/><G77/><T100/><D47/><U12/><E116/><V54/><F74/><W93/><G46/><T80/><D62/><U95/><E39/><V34/><F34/><W96/><G5/><T76/><D65/><U112/><E112/><V17/><F123/><W86/><G1/><T92/><D0/><U42/><E68/><V31/><F115/><W6/><G6/><T40/><D40/><U50/><E60/><V90/><F113/><W121/><G132/><T85/><D109/><U70/><E38/><V45/><F31/><W26/><G86/><T135/><D120/><U15/><E70/><V56/><F56/><N who="3" m="21579" /><G121/><T118/><D118/><U63/><E63/><V51/><F51/><W133/><G133/><T64/><D64/><U126/><E126/><V83/><F22/><W55/><G55/><T28/><D28/><U21/><E21/><V84/><F20/><W122/><G91/><T3/><D3/><U108/><E108/><V129/><F17/><N who="3" m="6763" /><G122/><T36/><D36/><U101/><REACH who="1" step="1"/><E13/><REACH who="1" step="2"/><V67/><F61/><W127/><G127/><T131/><D131/><AGARI ba="0,1" hai="24,26,88,93,96,128,130,131" m="6763,21579" machi="131" ten="30,5800,0" yaku="19,1,54,2" doraHai="4" who="3" fromWho="0" sc="138,-58,266,0,170,0,416,68" owari="80,-32,266,2,170,-18,484,48" /></mjloggm>