<mjloggm ver="2.3"><GO type="193"/><UN n0="%E3%82%A6%E3%83%AB%E3%83%88%E3%83%A9%E7%AB%8B%E7%9B%B4" n1="%71%79%75" n2="%E3%83%A1%E3%83%AB%E3%82%BF%E3%83%BC" n3="%E3%81%9F%E3%81%8B%E3%81%97%EF%BC%96%EF%BC%90" dan="11,12,12,13" rate="1780,1785,1577,1772" sx="M,F,M,M"/><TAIKYOKU oya="0"/><INIT seed="0,0,0,0,5,87" ten="250,250,250,250" oya="0" hai0="91,61,69,38,125,100,107,50,76,94,64,35,128" hai1="26,24,22,78,115,4,42,122,48,67,3,7,114" hai2="44,89,33,86,25,34,23,47,121,99,59,29,6" hai3="81,2,32,104,8,110,120,28,84,134,66,112,97" shuffle="mt19937ar,4D321088,B19655EB,CD0ECFE7,5DD7FF08,050D0DF9,56A638E2,7FDA62FF,CAB22863"/><T55/><D38/><U124/><E122/><V130/><F121/><W0/><G112/><N who="1" m="43050" /><E124/><V52/><F130/><W41/><G120/><T20/><D128/><U108/><E3/><V16/><F34/><W21/><G110/><T60/><D125/><U109/><E78/><V39/><F39/><W31/><G134/><T68/><D76/><U73/><E73/><V17/><F99/><W14/><G32/><T15/><D35/><U85/><E67/><V46/><F6/><N who="1" m="2089" /><E85/><V131/><F131/><W103/><G0/><T1/><D1/><U51/><E42/><V77/><F77/><W118/><G118/><T93/><D107/><U30/><E26/><V106/><F106/><W119/><G2/><T74/><D74/><U49/><AGARI ba="0,0" hai="22,24,30,48,49,51,108,109" m="2089,43050" machi="49" ten="40,1500,0" yaku="11,1" doraHai="87" who="1" fromWho="1" sc="250,-7,250,15,250,-4,250,-4" /><INIT seed="1,0,0,1,3,107" ten="243,265,246,246" oya="1" hai0="125,11,102,72,61,112,38,8,2,109,45,28,93" hai1="12,17,6,127,32,63,101,41,31,83,34,81,14" hai2="70,68,80,18,49,132,10,47,118,84,134,24,82" hai3="36,59,69,48,94,67,46,129,87,78,30,98,15" shuffle="mt19937ar,907760CF,60CF2BBD,916BD5F8,8206B76E,F6C7D301,5A485FAD,1B2F0664,74DDD208"/><U105/><E127/><V119/><F10/><W97/><G129/><T110/><D11/><U13/><E101/><V124/><F84/><W27/><G36/><T121/><D93/><U66/><E105/><V35/><F35/><W65/><G69/><N who="2" m="26729" /><F49/><W1/><G1/><T114/><D61/><U64/><E41/><V75/><F47/><W60/><G15/><T122/><D102/><U96/><E96/><V126/><F24/><W133/><G133/><N who="2" m="51305" /><F18/><W76/><G98/><T111/><D28/><U90/><E63/><V0/><F0/><W77/><G87/><T19/><D19/><U25/><E34/><V9/><F9/><W86/><G86/><T50/><D50/><U57/><E57/><V58/><F58/><W135/><G135/><T106/><D8/><U42/><E42/><V103/><F103/><N who="3" m="60855" /><G67/><N who="1" m="25642" /><E6/><V88/><F88/><W29/><G27/><T33/><D45/><U123/><E123/><V4/><F4/><W85/><G85/><T56/><D56/><U53/><E90/><V99/><F99/><W116/><G116/><N who="2" m="44585" /><F75/><W89/><G89/><T43/><D43/><AGARI ba="0,0" hai="29,30,43,46,48,59,60,65,76,77,78" m="60855" machi="43" ten="30,1000,0" yaku="8,1" doraHai="107" who="3" fromWho="0" sc="243,-10,265,0,246,0,246,10" /><INIT seed="2,0,0,4,4,89" ten="233,265,246,256" oya="2" hai0="113,105,135,121,96,13,87,7,15,28,33,127,37" hai1="0,63,10,128,92,117,133,43,66,71,41,19,94" hai2="118,75,62,69,32,55,11,132,25,31,100,86,134" hai3="104,44,98,74,65,111,84,4,106,24,3,23,85" shuffle="mt19937ar,4610AFFF,1FCEC0DB,377F8F9C,396A4047,F90A60AC,D44BD467,89F64D20,6A8B6A1F"/><V101/><F118/><W17/><G111/><T73/><D37/><U108/><E117/><V82/><F75/><W116/><G74/><T97/><D73/><U16/><E108/><V58/><F11/><W114/><G114/><T21/><D121/><U70/><E128/><V47/><F69/><W14/><G116/><T115/><D33/><U124/><E133/><N who="2" m="51307" /><F47/><W76/><G3/><T22/><D135/><U9/><E124/><V99/><F99/><W81/><G106/><T35/><D35/><U130/><E130/><V57/><F57/><W88/><G104/><T109/><D105/><U131/><E131/><V36/><F36/><W80/><G98/><T68/><D68/><U64/><REACH who="1" step="1"/><E63/><REACH who="1" step="2"/><V39/><F39/><W46/><G65/><T51/><D109/><U126/><E126/><V122/><F122/><W77/><G76/><AGARI ba="0,1" hai="25,31,32,55,58,62,76,82,86,100,101" m="51307" machi="76" ten="30,1500,0" yaku="20,1" doraHai="89" who="2" fromWho="3" sc="233,0,255,0,246,25,256,-15" /><INIT seed="2,1,0,2,0,121" ten="233,255,271,241" oya="2" hai0="66,20,40,120,117,69,42,79,12,2,67,90,132" hai1="85,63,9,127,17,61,24,71,14,11,96,23,0" hai2="107,91,119,55,28,19,65,44,114,18,68,116,87" hai3="108,10,56,74,57,7,80,29,93,83,129,125,118" shuffle="mt19937ar,28C28A47,10FBD8F9,5D1D8017,470AFB79,D4E8E889,2F62073C,C29C61C9,2BD5757D"/><V39/><F114/><W88/><G118/><T73/><D2/><U46/><E127/><V76/><F107/><W6/><G125/><T113/><D73/><U128/><E128/><V75/><F68/><W95/><G129/><T86/><D79/><U32/><E0/><V49/><F119/><W3/><G74/><T104/><D104/><U103/><E32/><V21/><F116/><W131/><G131/><T82/><D117/><U4/><E71/><V106/><F106/><W52/><G108/><T70/><D120/><U81/><E11/><V15/><F39/><W54/><G29/><T41/><D113/><U135/><E46/><V53/><F75/><W37/><G37/><T77/><D132/><U124/><E124/><V25/><F76/><W36/><G36/><T59/><D69/><U109/><E109/><V101/><F101/><W123/><G123/><T105/><D105/><U26/><E26/><V30/><F65/><W100/><G100/><T51/><D70/><U111/><E111/><V58/><F55/><N who="3" m="21035" /><G3/><T38/><D38/><U16/><E135/><V126/><F126/><W72/><G72/><T64/><D77/><U8/><E4/><N who="3" m="1578" /><G10/><N who="1" m="4202" /><E17/><V112/><F58/><N who="3" m="22635" /><G95/><T45/><D59/><U78/><E103/><V27/><F112/><W43/><G43/><T34/><D34/><U102/><E24/><N who="2" m="9291" /><F19/><AGARI ba="1,0" hai="12,19,20,40,41,42,45,51,64,66,67,82,86,90" machi="19" ten="40,1300,0" yaku="8,1" doraHai="121" who="0" fromWho="2" sc="233,16,255,0,271,-16,241,0" /><INIT seed="3,0,0,2,4,67" ten="249,255,255,241" oya="3" hai0="114,117,49,82,33,15,10,78,20,92,107,62,94" hai1="3,61,112,127,105,24,95,22,39,9,73,16,115" hai2="25,96,45,13,111,133,6,102,64,77,66,135,7" hai3="44,2,108,51,34,63,134,70,57,69,68,113,98" shuffle="mt19937ar,29918F8B,0DCCE43A,B55517A3,AD5B0ED2,85506DEE,FFDB9F5F,B9B8CCA6,F057C459"/><W12/><G2/><T71/><D33/><U86/><E115/><V19/><F111/><W129/><G34/><T93/><D107/><U14/><E112/><V27/><F135/><W18/><G113/><T122/><D114/><U110/><E127/><V101/><F133/><W85/><G134/><T132/><D132/><U80/><E110/><V106/><F77/><W37/><G108/><T88/><D122/><U131/><E39/><V91/><F106/><W126/><G85/><N who="0" m="48343" /><D71/><U81/><E131/><V21/><F45/><W75/><G75/><T99/><D117/><U87/><E105/><V76/><F76/><W58/><G98/><T40/><D62/><U123/><E123/><V54/><F54/><N who="3" m="34231" /><G18/><N who="0" m="10335" /><D10/><U128/><E128/><V130/><F130/><W26/><G26/><T31/><D31/><U60/><E3/><V74/><F74/><W124/><G12/><T42/><D42/><U84/><E73/><V11/><F7/><W47/><G129/><T46/><AGARI ba="0,0" hai="40,46,49,88,92,93,94,99" m="10335,48343" machi="46" ten="30,2000,0" yaku="8,1,54,1" doraHai="67" who="0" fromWho="0" sc="249,20,255,-5,255,-5,241,-10" /><INIT seed="4,0,0,5,4,131" ten="269,250,250,231" oya="0" hai0="68,95,49,76,12,34,62,61,115,5,99,92,69" hai1="119,97,54,46,90,29,67,77,52,66,85,70,96" hai2="87,112,91,94,21,84,79,13,73,128,57,4,48" hai3="72,2,120,123,78,53,7,55,47,38,125,134,44" shuffle="mt19937ar,ED47D035,069E105E,C3F2FC69,091A38D8,F5C18F76,744461F6,41D6D81B,73D1A294"/><T42/><D34/><U24/><E119/><V102/><F112/><W64/><G72/><T28/><D69/><U132/><E132/><V118/><F118/><W14/><G78/><T121/><D68/><U88/><E70/><V1/><F1/><W45/><G14/><T41/><D121/><N who="3" m="46665" /><G7/><T18/><D5/><U127/><E127/><V8/><F128/><W89/><G89/><T35/><D28/><U17/><E17/><V75/><F75/><W31/><G2/><T71/><D35/><U83/><E46/><N who="3" m="18026" /><G31/><T101/><D71/><U80/><E67/><V43/><F73/><W51/><G125/><T27/><D27/><U93/><E66/><V74/><F74/><W9/><G9/><T98/><D115/><U60/><E60/><V100/><F21/><W82/><G82/><T104/><D76/><U116/><E116/><V0/><F0/><W23/><G23/><T108/><D108/><U37/><E37/><V16/><F4/><W107/><G107/><T32/><D32/><U130/><E130/><V122/><F122/><W63/><G38/><T33/><D33/><U20/><REACH who="1" step="1"/><E83/><REACH who="1" step="2"/><N who="2" m="47231" /><F43/><N who="0" m="16394" /><D49/><U133/><E133/><V117/><F117/><W124/><G124/><T22/><D104/><U111/><E111/><V10/><F10/><W3/><G3/><T58/><D58/><U19/><E19/><V40/><F40/><N who="3" m="25063" /><G134/><T86/><D86/><U65/><E65/><V26/><F26/><W11/><G11/><T6/><D6/><U135/><E135/><V81/><F81/><W106/><G106/><T25/><D25/><U103/><E103/><AGARI ba="0,1" hai="12,18,22,61,62,92,95,98,99,101,103" m="16394" machi="103" ten="30,1500,0" yaku="8,1" doraHai="131" who="0" fromWho="1" sc="269,25,240,-15,250,0,231,0" /><INIT seed="4,1,0,5,0,24" ten="294,225,250,231" oya="0" hai0="18,77,13,67,118,84,49,7,110,88,99,58,32" hai1="63,39,57,94,41,38,21,78,133,86,48,44,25" hai2="9,46,12,131,105,101,56,66,104,33,61,30,35" hai3="127,70,1,43,134,83,93,3,17,89,37,112,65" shuffle="mt19937ar,FE3F51CD,52B8133A,14B7D77B,4827E6DA,61DD8397,77F6E092,AE80F96D,B66AB6EE"/><T40/><D32/><U15/><E133/><V80/><F131/><W26/><G127/><T87/><D7/><U109/><E109/><V0/><F0/><W132/><G112/><T45/><D110/><U79/><E15/><V34/><F46/><W64/><G83/><T42/><D118/><U90/><E38/><V52/><F105/><W98/><G37/><T123/><D123/><U96/><E39/><V126/><F126/><W59/><G43/><T6/><D6/><U19/><REACH who="1" step="1"/><E96/><REACH who="1" step="2"/><V5/><F80/><W115/><G115/><T116/><D99/><U20/><E20/><V72/><F72/><W8/><G3/><T53/><D116/><U124/><E124/><V50/><F104/><W129/><G129/><T92/><D77/><U62/><E62/><V106/><F106/><W16/><G1/><T14/><D84/><U76/><E76/><V122/><F122/><W128/><G128/><T103/><D14/><U107/><E107/><V36/><F36/><W71/><G8/><N who="0" m="6439" /><D103/><U91/><E91/><V97/><F101/><W51/><G26/><T108/><D108/><U55/><AGARI ba="1,1" hai="19,21,25,41,44,48,55,57,63,78,79,86,90,94" machi="55" ten="20,5200,0" yaku="1,1,0,1,7,1,8,1,53,0" doraHai="24" doraHaiUra="95" who="1" fromWho="1" sc="294,-27,215,65,250,-14,231,-14" /><INIT seed="5,0,0,4,2,48" ten="267,280,236,217" oya="1" hai0="75,70,95,41,90,72,132,23,68,82,123,110,57" hai1="100,74,112,129,17,73,84,116,27,63,105,62,3" hai2="40,104,89,16,65,66,14,111,53,127,61,43,6" hai3="121,83,67,69,60,51,99,7,76,91,79,106,30" shuffle="mt19937ar,46057E66,FFE84050,771BCD73,14F8421E,3CC2883B,40ED68F6,4E01ADF2,C41A19F3"/><U108/><E112/><V12/><F104/><W88/><G121/><T97/><D123/><U34/><E116/><V0/><F111/><W122/><G122/><T54/><D110/><U109/><E3/><V102/><F127/><W119/><G119/><T10/><D132/><U124/><E109/><V8/><F0/><W120/><G120/><T46/><D10/><U33/><E108/><V26/><F102/><W28/><G7/><T19/><D75/><U32/><E124/><V131/><F131/><W11/><G11/><T103/><D72/><U77/><E129/><V58/><F65/><W50/><G106/><T42/><D82/><U44/><E100/><V101/><F101/><W71/><G99/><T81/><D81/><U4/><E105/><V35/><F35/><W55/><G83/><T20/><D103/><U86/><E77/><V135/><F135/><W5/><G5/><T130/><D130/><U38/><E4/><V45/><F26/><W18/><G18/><T2/><D2/><U13/><E73/><V37/><F37/><W118/><G118/><T126/><D126/><U1/><E74/><V29/><F89/><N who="3" m="34379" /><G71/><T98/><D98/><U85/><E1/><V128/><F29/><N who="3" m="11371" /><G69/><N who="0" m="26731" /><D46/><U24/><E38/><V94/><F94/><W125/><G125/><T49/><D20/><N who="1" m="11311" /><E44/><V93/><F93/><W36/><G36/><T39/><D39/><U31/><E31/><V117/><F117/><W15/><G15/><T64/><D64/><U133/><E133/><V96/><F96/><W59/><G67/><T25/><D97/><U92/><E92/><V80/><F128/><RYUUKYOKU ba="0,0" sc="267,10,280,10,236,-30,217,10" hai0="19,23,25,41,42,49,54,57,90,95" hai1="24,27,32,33,34,62,63,84,85,86" hai3="50,51,55,59,60,76,79" /><INIT seed="5,1,0,1,0,56" ten="277,290,206,227" oya="1" hai0="64,15,125,94,74,66,42,40,39,98,95,77,59" hai1="122,33,116,52,63,101,16,88,72,31,46,81,79" hai2="109,82,5,20,60,96,53,44,103,2,73,65,28" hai3="62,102,110,124,128,30,0,27,4,121,25,36,78" shuffle="mt19937ar,9D0C50CA,610780D6,405946DE,0D4D16A3,2B13A3B3,8362E0C8,C55F2710,4D1C3739"/><U34/><E116/><V118/><F118/><W123/><G36/><T127/><D77/><U80/><E122/><V21/><F73/><W115/><G78/><T129/><D74/><U24/><E101/><V38/><F109/><W43/><G43/><T70/><D70/><U6/><E6/><V57/><F38/><W9/><G102/><T86/><D86/><U55/><E34/><V29/><F2/><W120/><G62/><N who="0" m="37983" /><D66/><U75/><E16/><V113/><F113/><W58/><G58/><T68/><D68/><U37/><E37/><V10/><F82/><W50/><G50/><T107/><D39/><U17/><E17/><V41/><F53/><W12/><G110/><T23/><D107/><U84/><E46/><V134/><F134/><W114/><G124/><N who="0" m="47691" /><D129/><U130/><E63/><V47/><F41/><N who="0" m="15978" /><D98/><U18/><E72/><V132/><F10/><N who="3" m="2311" /><G128/><T48/><D48/><U117/><E117/><V83/><F83/><W45/><G45/><T26/><D15/><U35/><E130/><V69/><F69/><W131/><G131/><T19/><AGARI ba="1,0" hai="19,23,26,94,95" m="15978,47691,37983" machi="19" ten="30,2000,0" yaku="18,1,52,1" doraHai="56" who="0" fromWho="0" sc="277,23,290,-11,206,-6,227,-6" owari="300,30,279,3,200,-20,221,-13" /></mjloggm>