<mjloggm ver="2.3"><GO type="41"/><UN n0="%E9%A4%85%E8%82%8C%E5%AE%9F" n1="%6D%69%6E%6F%72%69%74%79" n2="%E3%82%A6%E3%83%AB%E3%83%88%E3%83%A9%E7%AB%8B%E7%9B%B4" n3="%E4%BF%8A%E6%95%8F%E5%B7%AE%E3%81%97" dan="15,16,15,13" rate="1962,2006,1978,1855" sx="M,F,M,M"/><TAIKYOKU oya="0"/><INIT seed="0,0,0,4,1,130" ten="250,250,250,250" oya="0" hai0="54,28,129,15,50,44,46,124,120,113,67,63,26" hai1="16,61,57,92,12,96,116,60,27,135,72,110,22" hai2="101,13,89,78,19,102,93,82,6,88,119,30,79" hai3="95,7,1,104,14,38,47,56,20,48,2,8,64"/><T3/><D113/><U53/><E116/><V17/><F119/><W126/><G104/><T105/><D3/><U83/><E110/><V39/><F39/><W31/><G38/><T66/><D120/><U107/><E107/><V74/><F30/><W97/><G126/><T106/><D124/><U99/><E135/><V62/><F6/><W75/><G75/><T32/><D129/><U94/><E72/><V4/><F4/><W84/><G84/><T125/><D125/><U36/><E36/><V11/><F79/><W87/><G87/><T58/><D67/><U52/><E83/><V115/><F115/><W80/><G80/><T134/><D134/><U10/><E92/><V45/><F45/><W103/><G47/><T111/><D111/><U18/><E94/><V128/><F128/><W69/><G69/><T90/><D90/><U70/><E70/><V42/><F42/><W9/><G9/><T0/><D0/><U21/><E10/><V71/><F19/><W81/><G81/><T41/><REACH who="0" step="1"/><D15/><REACH who="0" step="2"/><U40/><E40/><V68/><F89/><W131/><G131/><T122/><D122/><U35/><E35/><V118/><F118/><W59/><G56/><AGARI ba="0,1" hai="12,16,18,21,22,27,52,53,56,57,60,61,96,99" machi="56" ten="40,8000,1" yaku="9,1,8,1,54,2" doraHai="130" who="1" fromWho="3" sc="240,0,250,90,250,0,250,-80" /><INIT seed="1,0,0,3,4,3" ten="240,340,250,170" oya="1" hai0="79,91,22,19,92,123,76,66,77,128,68,109,38" hai1="71,120,81,111,28,95,89,42,8,124,133,36,15" hai2="6,90,121,63,43,112,49,75,105,26,78,119,61" hai3="83,115,108,45,50,101,39,41,31,52,131,69,56"/><U29/><E120/><V94/><F105/><W113/><G101/><T60/><D123/><U16/><E71/><V25/><F121/><W4/><G4/><T34/><D109/><U74/><E111/><V51/><F119/><W126/><G31/><T62/><D128/><U48/><E133/><V40/><F78/><W33/><G33/><T107/><D107/><U18/><E36/><V0/><F75/><W86/><G108/><T134/><D134/><U58/><E124/><V84/><F112/><N who="3" m="43083" /><G86/><T64/><D34/><U97/><E81/><V132/><F132/><W32/><G83/><T98/><D38/><U88/><E74/><V12/><F0/><W23/><G23/><T72/><D72/><U122/><E89/><V110/><F110/><W96/><G96/><T87/><D98/><U99/><E99/><V44/><F25/><W24/><G24/><N who="0" m="14431" /><D68/><U35/><E35/><V100/><F26/><W20/><G20/><T130/><D130/><U17/><E122/><V117/><F117/><W65/><G32/><T30/><D30/><N who="1" m="11883" /><E42/><V14/><F100/><W21/><G21/><T102/><D102/><U46/><E46/><N who="2" m="25799" /><F14/><W11/><G11/><AGARI ba="0,0" hai="6,11,12,43,44,51,61,63,84,90,94" m="25799" machi="11" ten="30,2000,0" yaku="8,1,52,1" doraHai="3" who="2" fromWho="3" sc="240,0,340,0,250,20,170,-20" /><INIT seed="2,0,0,5,2,39" ten="240,340,270,150" oya="2" hai0="113,45,10,4,7,85,48,15,9,124,40,74,117" hai1="47,29,69,108,105,111,27,130,42,73,46,17,82" hai2="50,12,5,91,109,134,59,1,25,14,64,114,83" hai3="16,75,61,76,119,87,11,44,31,71,104,116,13"/><V0/><F114/><W56/><G75/><T95/><D113/><U131/><E17/><V8/><F134/><W57/><G71/><T18/><D124/><U26/><E69/><V101/><F101/><W96/><G31/><T122/><D122/><U115/><E115/><V80/><F109/><N who="1" m="42057" /><E105/><V60/><F25/><W94/><G104/><T6/><D74/><U129/><E26/><V66/><F66/><W107/><G107/><T121/><D121/><U89/><E89/><V99/><F1/><W103/><G44/><T2/><REACH who="0" step="1"/><D117/><REACH who="0" step="2"/><U34/><E73/><V86/><F99/><W22/><G57/><T102/><D102/><U36/><E47/><V37/><F37/><W70/><G70/><T65/><D65/><U32/><E34/><V133/><F133/><W125/><G125/><T51/><D51/><U63/><E63/><V52/><F50/><W98/><G119/><T21/><D21/><U54/><E32/><V84/><REACH who="2" step="1"/><F64/><REACH who="2" step="2"/><N who="3" m="38951" /><G116/><T20/><D20/><U30/><E36/><V33/><F33/><W41/><G22/><T88/><AGARI ba="0,2" hai="2,4,6,7,9,10,15,18,40,45,48,85,88,95" machi="88" ten="30,7900,0" yaku="1,1,0,1,52,1,54,1,53,0" doraHai="39" doraHaiUra="106" who="0" fromWho="0" sc="230,99,340,-20,260,-39,150,-20" /><INIT seed="3,0,0,4,4,69" ten="329,320,221,130" oya="3" hai0="5,62,53,12,110,58,103,23,123,55,34,65,64" hai1="10,102,74,72,41,14,48,17,120,9,109,91,73" hai2="92,79,113,97,2,68,133,6,108,129,104,63,98" hai3="67,37,26,114,82,45,121,13,20,116,66,32,19"/><W117/><G121/><T7/><D123/><U40/><E102/><V128/><F6/><W29/><G114/><T84/><D34/><U124/><E120/><V25/><F2/><W33/><G33/><T57/><D110/><U15/><E109/><V81/><F108/><W49/><G82/><T94/><D23/><U0/><E0/><V61/><F113/><W50/><G50/><T46/><D46/><U76/><E124/><V126/><F68/><W105/><G105/><T47/><D47/><U106/><E106/><V39/><F25/><W51/><G51/><T35/><D35/><U127/><E127/><V119/><F126/><W132/><G132/><T28/><D28/><U43/><E48/><V93/><F133/><W18/><G18/><T107/><D107/><U56/><E56/><V96/><F104/><W86/><G86/><T16/><D16/><U87/><E76/><V130/><F119/><W36/><G67/><N who="0" m="25675" /><D12/><U131/><E131/><V60/><F39/><W71/><G66/><T88/><D103/><U80/><REACH who="1" step="1"/><E72/><AGARI ba="0,0" hai="60,61,63,72,79,81,92,93,96,97,98,128,129,130" machi="72" ten="50,6400,0" yaku="29,2,19,1" doraHai="69" who="2" fromWho="1" sc="329,0,320,-64,221,64,130,0" /><INIT seed="4,0,0,5,4,27" ten="329,256,285,130" oya="0" hai0="76,17,22,49,58,32,83,134,126,107,95,42,30" hai1="46,1,6,37,11,56,131,74,115,111,100,88,52" hai2="127,48,7,5,23,125,135,34,9,96,33,65,16" hai3="57,114,45,51,47,73,10,8,116,13,99,59,102"/><T120/><D120/><U44/><E111/><V29/><F65/><W70/><G116/><T98/><D107/><U54/><E100/><V0/><F48/><W130/><G70/><T4/><D4/><U71/><E71/><V43/><F96/><W26/><G73/><T82/><D134/><U91/><E131/><V118/><F43/><W78/><G130/><T92/><D126/><N who="2" m="48138" /><F135/><W75/><G75/><T3/><D3/><U64/><E115/><V103/><F103/><W109/><G78/><T113/><D113/><U72/><E64/><V90/><F90/><W86/><G86/><T55/><D42/><U97/><E74/><V108/><F108/><W101/><G109/><T87/><D83/><U53/><E56/><N who="3" m="21578" /><G114/><T129/><D129/><U84/><E72/><V68/><F68/><W79/><G79/><T123/><D123/><U2/><E37/><V77/><F77/><W80/><G80/><T119/><D119/><U15/><E97/><V20/><F7/><N who="3" m="3231" /><G99/><T112/><D112/><U38/><E38/><V110/><F110/><W61/><G10/><T40/><D40/><U117/><E117/><V89/><F89/><W14/><G14/><T132/><D132/><U63/><E91/><V60/><F118/><W106/><G106/><T24/><REACH who="0" step="1"/><D98/><REACH who="0" step="2"/><U21/><E1/><V28/><F0/><W35/><G61/><T62/><D62/><U69/><E63/><V36/><F5/><W128/><G128/><T67/><D67/><U104/><E104/><V18/><F60/><W105/><G105/><T124/><D124/><U121/><E2/><V81/><F81/><RYUUKYOKU ba="0,1" sc="319,30,256,-10,285,-10,130,-10" hai0="17,22,24,30,32,49,55,58,76,82,87,92,95" /><INIT seed="4,1,1,1,1,95" ten="349,246,275,120" oya="0" hai0="9,63,123,122,64,71,50,105,0,30,127,59,44" hai1="107,113,96,131,18,102,48,60,42,22,126,56,115" hai2="32,8,97,65,108,11,66,17,133,134,10,70,5" hai3="111,2,100,94,41,93,114,35,31,128,112,74,21"/><T103/><D127/><U3/><E126/><V101/><F32/><W99/><G35/><T40/><D30/><U69/><E3/><V47/><F47/><W7/><G41/><T82/><D82/><U24/><E69/><V26/><F108/><W13/><G2/><T51/><D51/><U54/><E131/><V14/><F26/><N who="3" m="16847" /><G111/><T46/><D103/><U19/><E42/><V49/><F49/><W132/><G74/><T129/><D105/><U28/><REACH who="1" step="1"/><E48/><REACH who="1" step="2"/><V23/><F70/><W12/><G128/><T36/><D129/><U4/><E4/><V68/><F5/><W118/><G118/><T130/><D130/><U55/><E55/><V33/><F68/><W80/><G132/><N who="2" m="50793" /><F33/><W20/><G7/><T16/><D0/><U29/><E29/><V61/><F61/><W121/><G121/><T72/><D122/><U85/><E85/><V1/><F1/><W6/><G6/><T98/><D123/><U79/><E79/><V91/><F66/><W106/><G80/><T116/><D64/><U77/><E77/><V39/><F65/><W57/><G57/><T67/><D71/><U38/><E38/><V43/><F43/><W120/><G120/><T34/><D67/><U87/><E87/><V52/><F39/><W92/><G20/><T53/><D59/><U110/><E110/><V76/><F76/><W83/><G83/><T135/><D36/><U78/><E78/><V15/><F52/><W104/><G104/><T119/><D53/><U89/><E89/><V62/><F62/><W90/><G90/><T58/><D63/><U86/><E86/><RYUUKYOKU ba="1,2" sc="349,-15,236,15,275,-15,120,15" hai1="18,19,22,24,28,54,56,60,96,102,107,113,115" hai3="12,13,92,93,94,99,100,106,112,114" /><INIT seed="5,2,2,0,1,81" ten="334,251,260,135" oya="1" hai0="18,114,108,23,82,4,105,48,5,88,75,109,67" hai1="34,27,1,13,71,51,87,127,37,7,93,49,63" hai2="121,43,95,11,96,129,113,66,24,97,91,106,134" hai3="44,30,31,6,73,12,89,42,46,131,119,94,8"/><U132/><E37/><V124/><F43/><W59/><G131/><T122/><D105/><U118/><E118/><V112/><F66/><W16/><G73/><T68/><D114/><N who="2" m="44138" /><F24/><W19/><G119/><T84/><D75/><U45/><E1/><V26/><F26/><W3/><G59/><T79/><D122/><U15/><E132/><V55/><F55/><W52/><G42/><T47/><D68/><U115/><E127/><V123/><F11/><W80/><G80/><T120/><D120/><N who="2" m="46154" /><F129/><W99/><G3/><T38/><D38/><U107/><E115/><V61/><F61/><W40/><G40/><T36/><D36/><U98/><E7/><V0/><F0/><W78/><G78/><T53/><D67/><N who="1" m="41471" /><E49/><V21/><F21/><W25/><G46/><T50/><D50/><U85/><E93/><V110/><F124/><W9/><G9/><T64/><D64/><U74/><E74/><V133/><F110/><W69/><G69/><T90/><D109/><U39/><E39/><V72/><F72/><W57/><G44/><T28/><D108/><U32/><E32/><V41/><F41/><W65/><G65/><T76/><D28/><N who="3" m="10793" /><G25/><N who="0" m="14583" /><D79/><U35/><E35/><V104/><F104/><W14/><G12/><N who="1" m="4682" /><E51/><AGARI ba="2,2" hai="6,8,14,16,19,51,52,57,89,94,99" m="10793" machi="51" ten="30,3900,0" yaku="8,1,54,2" doraHai="81" who="3" fromWho="1" sc="334,0,251,-45,260,0,135,65" /><INIT seed="6,0,0,1,3,49" ten="334,206,260,200" oya="2" hai0="26,114,116,128,69,110,31,100,96,56,134,108,125" hai1="82,39,105,51,14,79,117,12,115,8,74,75,73" hai2="107,97,106,0,90,23,58,87,81,27,3,6,95" hai3="24,118,61,59,54,129,113,38,1,46,50,41,28"/><V64/><F106/><W4/><G129/><T112/><D128/><U40/><E117/><V25/><F107/><W57/><G118/><T7/><D116/><U65/><E105/><V83/><F83/><W5/><G1/><T91/><D69/><U9/><E39/><V76/><F25/><W93/><G113/><N who="0" m="43627" /><D134/><U19/><E115/><V72/><F6/><W126/><G126/><T135/><D135/><U98/><E98/><V36/><F36/><W63/><G93/><T10/><D125/><U2/><E2/><V89/><F72/><W32/><REACH who="3" step="1"/><G38/><REACH who="3" step="2"/><T77/><D110/><U42/><E82/><V122/><F3/><W20/><G20/><T78/><D108/><U29/><E9/><V22/><F0/><W131/><G131/><T48/><D10/><U133/><E8/><V127/><F127/><W34/><G34/><T71/><D7/><U88/><E133/><V130/><F130/><W44/><G44/><T21/><D21/><U35/><E35/><V109/><F109/><W11/><G11/><T119/><D119/><U101/><E73/><V80/><F23/><W37/><G37/><T92/><D92/><U124/><E74/><V16/><F122/><W53/><AGARI ba="0,1" hai="4,5,24,28,32,41,46,50,53,54,57,59,61,63" machi="53" ten="20,12000,2" yaku="1,1,0,1,7,1,9,1,52,2,53,0" doraHai="49" doraHaiUra="104" who="3" fromWho="3" sc="334,-30,206,-30,260,-60,190,130" /><INIT seed="7,0,0,2,5,120" ten="304,176,200,320" oya="3" hai0="115,114,90,25,49,30,72,51,64,2,7,67,89" hai1="47,112,9,107,73,66,79,104,46,92,106,20,95" hai2="126,123,37,110,102,74,75,34,28,135,118,96,39" hai3="22,29,27,111,59,35,108,77,132,113,1,41,98"/><W53/><G113/><N who="0" m="43019" /><D72/><U101/><E66/><N who="0" m="25129" /><D2/><U76/><E9/><V65/><F65/><W133/><G1/><T54/><D7/><U60/><E60/><V24/><F123/><W19/><G41/><T85/><D85/><U69/><E112/><V11/><F11/><W125/><G125/><T5/><D5/><U42/><E69/><V70/><F126/><W81/><G98/><T100/><D100/><U43/><E73/><N who="2" m="27659" /><F70/><W83/><G35/><N who="0" m="20943" /><D51/><U109/><E20/><V78/><F78/><N who="1" m="29737" /><E101/><V31/><F31/><W44/><G29/><T121/><D121/><U93/><E109/><N who="3" m="42058" /><G44/><AGARI ba="0,0" hai="44,49,54,89,90" m="20943,25129,43019" machi="44" ten="30,2000,0" yaku="15,1,11,1" doraHai="120" who="0" fromWho="3" sc="304,20,176,0,200,0,320,-20" /><AGARI ba="0,0" hai="42,43,44,46,47,92,93,95,104,106,107" m="29737" machi="44" ten="40,2600,0" yaku="28,2" doraHai="120" who="1" fromWho="3" sc="324,0,176,26,200,0,300,-26" owari="324,43,202,-20,200,-30,274,7" /></mjloggm>