<mjloggm ver="2.3"><GO type="97"/><UN n0="%E3%82%A6%E3%83%AB%E3%83%88%E3%83%A9%E7%AB%8B%E7%9B%B4" n1="%E3%81%BA%E3%81%93%E3%81%A1%E3%82%83%E3%82%93" n2="%E5%88%87%E3%82%8A%E8%A3%82%E3%81%8D%E3%81%99%E3%81%9A" n3="%E3%82%A2%E3%83%9E%E3%82%BE%E3%83%B3%E9%AD%82" dan="13,13,15,15" rate="1811,1845,2030,1953" sx="M,M,M,M"/><TAIKYOKU oya="0"/><INIT seed="0,0,0,1,4,24" ten="250,250,250,250" oya="0" hai0="0,127,117,15,6,5,37,13,105,18,7,28,135" hai1="51,122,61,14,17,108,133,12,39,26,109,60,63" hai2="119,3,56,89,131,85,71,34,129,1,74,125,49" hai3="120,53,43,93,79,101,8,100,35,92,2,52,112"/><T72/><D105/><U55/><E39/><V58/><F71/><W115/><G120/><T86/><D72/><U111/><E122/><V11/><F74/><W76/><G35/><T123/><D37/><U48/><E133/><V62/><F34/><W124/><G43/><T98/><D98/><U96/><E96/><V83/><F125/><W66/><G66/><T130/><D123/><U106/><E106/><V73/><F73/><W88/><G8/><N who="0" m="2087" /><D86/><U102/><E102/><V90/><F119/><W114/><G2/><T65/><D65/><U91/><E91/><V132/><F132/><W118/><G118/><T40/><D40/><U75/><E75/><V81/><F11/><W113/><N who="3" m="29184" /><DORA hai="31" /><W44/><G44/><T121/><D121/><U57/><E51/><V32/><F32/><W110/><G124/><T116/><D127/><U20/><AGARI ba="0,0" hai="12,14,17,20,26,48,55,57,60,61,63,108,109,111" machi="20" ten="40,2700,0" yaku="0,1,14,1" doraHai="24,31" who="1" fromWho="1" sc="250,-13,250,27,250,-7,250,-7" /><INIT seed="1,0,0,5,4,41" ten="237,277,243,243" oya="1" hai0="102,34,87,20,126,117,128,106,75,53,6,17,66" hai1="127,65,123,63,18,108,62,8,94,91,51,134,98" hai2="24,16,68,71,0,119,85,131,72,103,42,99,52" hai3="25,7,74,110,19,132,121,124,13,115,57,28,23"/><U104/><E123/><V55/><F119/><W61/><G121/><T67/><D34/><U59/><E134/><V97/><F72/><W44/><G115/><T50/><D75/><U120/><E120/><V70/><F0/><W38/><G74/><T35/><D35/><U88/><E127/><V36/><F131/><W109/><G124/><T101/><D126/><U82/><E104/><V79/><F79/><W22/><G7/><T1/><D128/><U27/><E108/><N who="3" m="41578" /><G132/><T111/><D111/><U89/><E82/><V60/><F85/><W116/><G116/><T133/><D133/><U112/><E112/><V107/><F97/><W130/><G130/><T4/><D1/><U9/><E63/><V54/><F60/><W92/><G92/><T76/><D106/><U26/><E51/><V93/><F107/><W31/><G31/><T15/><D117/><U21/><REACH who="1" step="1"/><E27/><REACH who="1" step="2"/><V29/><F24/><W32/><G32/><T3/><D3/><U78/><E78/><V64/><F36/><W105/><G38/><T40/><D50/><U5/><E5/><V43/><F71/><W10/><G105/><T37/><D6/><U56/><E56/><V118/><F70/><W47/><G57/><T135/><D4/><U84/><E84/><V73/><F68/><W83/><G61/><T125/><D135/><U11/><AGARI ba="0,1" hai="8,9,11,18,21,26,59,62,65,88,89,91,94,98" machi="11" ten="30,11700,0" yaku="1,1,0,1,8,1,54,1,53,0" doraHai="41" doraHaiUra="114" who="1" fromWho="1" sc="237,-39,267,127,243,-39,243,-39" /><INIT seed="1,1,0,3,2,46" ten="198,394,204,204" oya="1" hai0="57,8,61,59,60,34,49,21,121,67,12,45,62" hai1="4,77,15,31,107,125,33,119,27,109,2,113,133" hai2="24,18,97,5,99,132,72,98,88,111,53,78,131" hai3="13,95,108,54,117,41,29,56,80,38,32,52,19"/><U76/><E107/><V85/><F111/><W69/><G108/><T124/><D34/><U47/><E109/><V96/><F5/><W28/><G69/><T71/><D21/><U51/><E113/><V6/><F6/><W90/><G32/><T93/><D93/><U106/><E106/><V63/><F131/><W22/><G80/><T129/><D12/><U16/><E119/><V73/><F63/><N who="0" m="24138" /><D8/><N who="1" m="2071" /><E125/><V25/><F53/><N who="3" m="20587" /><G56/><N who="0" m="21579" /><D121/><U86/><E86/><V65/><F18/><W7/><G7/><T75/><D75/><U110/><E110/><V58/><F58/><W66/><G66/><T55/><D124/><U1/><E1/><V14/><F72/><W10/><G10/><T114/><D129/><U118/><E133/><V115/><F132/><W43/><G38/><T112/><AGARI ba="1,0" hai="45,49,55,62,67,71,112,114" m="21579,24138" machi="112" ten="30,4000,0" yaku="34,2,52,1" doraHai="46" who="0" fromWho="0" sc="198,43,394,-21,204,-11,204,-11" /><INIT seed="2,0,0,1,3,120" ten="241,373,193,193" oya="2" hai0="32,80,53,89,93,87,99,58,114,124,107,78,131" hai1="96,22,133,38,116,30,100,134,125,97,19,64,20" hai2="10,15,106,122,45,3,70,81,115,2,61,56,4" hai3="103,43,13,65,63,127,117,0,102,23,55,27,25"/><V44/><F115/><W85/><G0/><T111/><D32/><U130/><E38/><V17/><F122/><W60/><G117/><T73/><D114/><U101/><E116/><V12/><F106/><W16/><G43/><T29/><D29/><U77/><E77/><V39/><F70/><W113/><G127/><T88/><D53/><U84/><E64/><V129/><F129/><W9/><G113/><T59/><D58/><U83/><E125/><V68/><F68/><W8/><G65/><T94/><D59/><U48/><E48/><V37/><F37/><W126/><G126/><T105/><D124/><U41/><E41/><V75/><F39/><W104/><G104/><N who="0" m="40011" /><D131/><U118/><E130/><V110/><F2/><W11/><G85/><N who="0" m="52367" /><D111/><U109/><E109/><V18/><F110/><W14/><G55/><T86/><AGARI ba="0,0" hai="73,78,80,86,87,89,94,99" m="52367,40011" machi="86" ten="30,12000,2" yaku="35,5,54,1" doraHai="120" who="0" fromWho="0" sc="241,120,373,-30,193,-60,193,-30" /><INIT seed="3,0,0,4,2,66" ten="361,343,133,163" oya="3" hai0="133,121,60,30,130,87,19,100,63,15,135,114,104" hai1="70,117,129,62,123,22,116,13,21,39,58,110,50" hai2="31,132,107,23,36,11,76,115,57,113,74,33,73" hai3="56,131,124,27,48,61,89,84,101,9,125,81,55"/><W32/><G101/><T118/><D118/><N who="1" m="45675" /><E39/><V18/><F76/><W51/><G9/><N who="0" m="6639" /><D121/><U134/><E123/><V108/><F57/><W77/><G131/><T5/><D130/><U119/><N who="1" m="45683" /><U96/><DORA hai="7" /><E129/><V45/><F45/><W112/><G112/><T127/><D127/><N who="3" m="48713" /><G89/><T105/><D5/><U78/><E78/><V53/><F53/><W75/><G75/><T111/><D111/><U49/><E110/><V98/><F108/><W47/><G47/><T8/><D8/><U65/><E134/><N who="0" m="51209" /><D114/><N who="2" m="43530" /><F36/><W102/><G102/><T64/><D100/><U2/><E2/><V10/><F132/><W122/><G122/><T52/><D30/><AGARI ba="0,0" hai="27,30,32,48,51,55,56,61,77,81,84" m="48713" machi="30" ten="30,1500,0" yaku="18,1" doraHai="66,7" who="3" fromWho="0" sc="361,-15,343,0,133,0,163,15" /><INIT seed="3,1,0,0,4,10" ten="346,343,133,178" oya="3" hai0="38,0,71,93,57,61,86,1,19,101,88,36,18" hai1="25,15,91,130,125,127,59,21,113,33,52,99,134" hai2="102,26,96,82,64,111,100,39,63,49,95,118,35" hai3="47,22,124,24,135,45,41,3,12,121,79,70,9"/><W44/><G70/><T56/><D101/><U73/><E73/><V48/><F111/><W128/><G3/><T27/><D71/><U87/><E113/><V110/><F110/><W43/><G121/><T4/><D57/><U42/><E42/><V51/><F118/><W11/><G128/><T16/><D27/><U92/><E130/><V28/><F39/><W55/><G124/><N who="1" m="47690" /><E33/><V2/><F2/><W85/><G135/><T46/><D4/><U31/><E134/><V69/><F82/><N who="3" m="47327" /><G55/><T7/><D7/><U29/><E15/><V13/><F102/><W109/><G109/><T97/><D38/><U72/><E72/><V94/><REACH who="2" step="1"/><F13/><REACH who="2" step="2"/><W34/><G12/><T78/><D1/><U132/><E132/><V106/><AGARI ba="1,1" hai="26,28,35,48,49,51,63,64,69,94,95,96,100,106" machi="106" ten="30,8000,1" yaku="1,1,2,1,0,1,25,2,53,0" doraHai="10" doraHaiUra="129" who="2" fromWho="2" sc="346,-21,343,-21,123,93,178,-41" owari="325,32,322,7,216,-13,137,-26" /></mjloggm>