<mjloggm ver="2.3"><GO type="97"/><UN n0="%E3%82%A6%E3%83%AB%E3%83%88%E3%83%A9%E7%AB%8B%E7%9B%B4" n1="%E5%88%9D%E7%80%AC%E5%B7%9D%E6%86%90" n2="%E3%82%B9%E3%83%91%E3%83%BC%E3%82%AF%E3%82%B9" n3="%4D%61%72%6C%69%6E" dan="13,13,15,14" rate="1807,1841,1955,1889" sx="M,M,F,M"/><TAIKYOKU oya="0"/><INIT seed="0,0,0,5,5,131" ten="250,250,250,250" oya="0" hai0="2,22,114,96,90,84,54,15,116,99,119,130,5" hai1="10,134,64,95,47,6,42,29,74,30,126,82,3" hai2="36,94,14,32,13,17,58,107,28,46,77,115,35" hai3="20,88,51,86,34,135,124,113,61,9,110,48,85"/><T59/><D2/><U40/><E126/><V12/><F94/><W129/><G34/><T70/><D70/><U133/><E95/><V27/><F58/><W24/><G113/><T43/><D114/><U41/><E64/><V39/><F107/><W69/><G129/><T38/><D130/><U72/><E47/><V71/><F71/><W92/><G124/><T62/><D99/><U18/><E18/><V111/><F77/><W76/><G110/><T11/><D38/><U31/><REACH who="1" step="1"/><E82/><REACH who="1" step="2"/><V37/><F46/><W50/><G92/><T44/><D44/><U102/><E102/><V78/><F115/><W16/><G16/><T23/><D43/><U0/><E0/><V105/><F17/><W128/><G128/><T125/><D125/><U8/><E8/><V52/><F12/><W68/><G9/><T80/><REACH who="0" step="1"/><D96/><REACH who="0" step="2"/><U93/><E93/><V109/><F109/><W98/><G98/><T87/><D87/><U89/><E89/><V57/><F111/><W101/><G86/><T123/><D123/><U1/><E1/><V67/><F105/><W26/><G88/><T120/><D120/><U55/><E55/><V103/><F52/><W53/><G85/><T83/><D83/><U75/><AGARI ba="0,2" hai="3,6,10,29,30,31,40,41,42,72,74,75,133,134" machi="75" ten="40,12000,2" yaku="1,1,0,1,29,2,52,2,53,0" doraHai="131" doraHaiUra="97" who="1" fromWho="1" sc="240,-60,240,140,250,-30,250,-30" /><INIT seed="1,0,0,3,3,45" ten="180,380,220,220" oya="1" hai0="94,99,86,22,102,124,24,6,51,12,82,33,83" hai1="39,103,118,14,67,0,11,49,35,7,110,27,17" hai2="95,53,48,76,92,56,13,4,104,100,117,78,128" hai3="75,15,119,66,98,71,59,90,31,57,9,52,1"/><U106/><E39/><V81/><F117/><W130/><G1/><T46/><D33/><U19/><E118/><V70/><F70/><W44/><G119/><T132/><D132/><U16/><E67/><V133/><F133/><W114/><G114/><T89/><D124/><U25/><E110/><V8/><F128/><W87/><G75/><T10/><D102/><U28/><E103/><V115/><F115/><W74/><G74/><T91/><D99/><U73/><E106/><V121/><F121/><W101/><G130/><T122/><D91/><U80/><E49/><V36/><F36/><W123/><G123/><T23/><D122/><U108/><E108/><V37/><F37/><W77/><G77/><T47/><D47/><U134/><E134/><V93/><REACH who="2" step="1"/><F81/><REACH who="2" step="2"/><W38/><G71/><T69/><D69/><U5/><E80/><V55/><F55/><W84/><G38/><T131/><D131/><U120/><E120/><V3/><F3/><W112/><G52/><T96/><D82/><U40/><E40/><V135/><F135/><W29/><G112/><T68/><D68/><U127/><E127/><V21/><F21/><W79/><G9/><T88/><REACH who="0" step="1"/><D24/><REACH who="0" step="2"/><N who="1" m="18823" /><E73/><V50/><F50/><W109/><G109/><T2/><D2/><N who="1" m="439" /><E27/><V61/><F61/><W107/><G107/><T65/><D65/><U62/><E25/><V113/><F113/><W32/><G32/><T20/><D20/><N who="1" m="11287" /><E62/><V129/><F129/><W63/><G63/><T26/><D26/><U116/><E116/><V42/><F42/><AGARI ba="0,2" hai="6,10,12,22,23,42,46,51,83,86,88,89,94,96" machi="42" ten="30,12000,2" yaku="1,1,7,1,8,1,52,1,54,1,53,2" doraHai="45" doraHaiUra="18" who="0" fromWho="2" sc="170,140,380,0,210,-120,220,0" /><INIT seed="2,0,0,5,0,47" ten="310,380,90,220" oya="2" hai0="44,113,86,23,110,6,10,84,123,97,17,131,3" hai1="115,92,90,60,107,96,43,18,129,78,121,108,15" hai2="89,133,48,120,122,39,105,31,62,52,82,61,114" hai3="109,36,28,24,87,127,55,51,11,46,132,70,2"/><V93/><F114/><W58/><G70/><T69/><D69/><U65/><E115/><V99/><F39/><W75/><G75/><T116/><D113/><U111/><E121/><V19/><F133/><W26/><G132/><T38/><D123/><U9/><E107/><V125/><F125/><W85/><G127/><T57/><D110/><N who="1" m="42027" /><E78/><V16/><F105/><W35/><G109/><T88/><D131/><U41/><E129/><V100/><F122/><W101/><G101/><T126/><D126/><U54/><E54/><V66/><F31/><W118/><G118/><T40/><D116/><U34/><E34/><V56/><F120/><W83/><G26/><T112/><D57/><AGARI ba="0,0" hai="9,15,18,41,43,57,60,65,90,92,96" m="42027" machi="57" ten="30,1000,0" yaku="14,1" doraHai="47" who="1" fromWho="0" sc="310,-10,380,10,90,0,220,0" /><INIT seed="3,0,0,3,4,46" ten="300,390,90,220" oya="3" hai0="112,121,59,33,96,135,32,122,63,71,67,38,26" hai1="62,114,36,79,47,65,133,64,43,92,66,42,81" hai2="75,91,86,16,44,11,29,74,118,61,87,117,1" hai3="18,77,108,4,109,80,28,98,94,128,7,17,49"/><W113/><G113/><T69/><D59/><U110/><E114/><V84/><F1/><W39/><G39/><T125/><D112/><U129/><E110/><N who="3" m="42602" /><G28/><T13/><D13/><U14/><E129/><V88/><F29/><W68/><G68/><T111/><D111/><U78/><E133/><V83/><F61/><W120/><G120/><T103/><D135/><U31/><E31/><V25/><F117/><W51/><G128/><T127/><D38/><U101/><E43/><V104/><F104/><W53/><G7/><T70/><D63/><U41/><E42/><V40/><F118/><W100/><G4/><T52/><D67/><U3/><E3/><V22/><F11/><W130/><G130/><T20/><D52/><U30/><E30/><V48/><REACH who="2" step="1"/><F87/><REACH who="2" step="2"/><N who="3" m="48527" /><G53/><T105/><D20/><U23/><E62/><V56/><F56/><W6/><G6/><T107/><D26/><U0/><E0/><V95/><AGARI ba="0,1" hai="16,22,25,40,44,48,74,75,83,84,86,88,91,95" machi="95" ten="20,12000,2" yaku="1,1,0,1,7,1,52,1,54,2,53,0" doraHai="46" doraHaiUra="126" who="2" fromWho="2" sc="300,-30,390,-30,80,130,220,-60" owari="270,2,360,36,210,-14,160,-24" /></mjloggm>