<mjloggm ver="2.3"><GO type="97"/><UN n0="%E6%B3%A2%E6%BA%9C" n1="%E5%BE%AE%E9%A2%A8%4C%47%4F" n2="%E3%82%A6%E3%83%AB%E3%83%88%E3%83%A9%E7%AB%8B%E7%9B%B4" n3="%E6%84%9B%E7%87%A6%E7%87%A6" dan="14,13,13,14" rate="1935,1899,1843,1920" sx="M,M,M,M"/><TAIKYOKU oya="0"/><INIT seed="0,0,0,5,2,109" ten="250,250,250,250" oya="0" hai0="127,72,121,115,91,23,31,47,57,87,61,125,14" hai1="10,65,45,50,101,27,51,110,13,82,74,105,102" hai2="9,62,73,96,132,112,113,81,0,64,44,123,59" hai3="17,66,3,8,39,7,22,28,107,131,67,119,30" shuffle="mt19937ar,0C230D92,A8F4C264,FD0157DD,43CDD5F0,7973953E,FAC83EB4,3C712E06,6A81F671"/><T122/><D72/><U130/><E110/><V85/><F123/><W117/><G39/><T63/><D31/><N who="3" m="11817" /><G67/><N who="0" m="39343" /><D23/><U79/><E27/><V53/><F73/><W4/><G66/><T34/><D34/><U89/><E65/><V33/><F33/><W48/><G48/><T84/><D14/><U126/><E105/><V11/><F96/><W76/><G76/><T116/><D87/><U100/><E89/><V52/><F132/><W120/><G107/><T55/><D84/><U58/><E58/><V111/><F111/><W97/><G97/><T21/><D21/><U36/><E126/><N who="0" m="48137" /><D91/><U70/><E70/><V68/><F44/><W26/><G131/><T37/><D116/><N who="3" m="44617" /><G7/><T98/><D98/><U106/><E130/><V134/><F85/><W2/><G120/><T80/><D80/><U54/><E106/><V78/><F81/><W104/><G104/><T129/><D129/><U6/><E100/><V108/><F78/><W77/><G77/><T60/><D122/><U49/><E102/><V103/><F103/><W16/><G17/><T90/><D90/><U56/><E101/><V88/><F88/><W83/><G83/><T42/><D121/><U1/><E13/><AGARI ba="0,0" hai="2,3,4,8,13,16,22,26" m="44617,11817" machi="13" ten="30,3900,0" yaku="34,2,54,1" doraHai="109" who="3" fromWho="1" sc="250,0,250,-39,250,0,250,39" /><INIT seed="1,0,0,0,3,50" ten="250,211,250,289" oya="1" hai0="49,55,8,60,5,35,104,27,71,26,135,78,1" hai1="126,44,56,22,133,0,18,53,73,17,114,51,45" hai2="10,128,132,87,125,81,2,61,12,117,134,40,32" hai3="75,131,68,54,124,7,113,58,62,101,63,29,13" shuffle="mt19937ar,4959AE9A,388A4D67,66DF7277,CFCC65E0,D760D2B6,A9ED29FF,C89F7D2C,607A0BD6"/><U96/><E114/><V82/><F2/><W15/><G75/><T67/><D104/><U123/><E123/><V88/><F32/><W57/><G68/><T83/><D135/><N who="2" m="51754" /><F117/><W130/><G124/><T118/><D118/><U122/><E133/><V112/><F125/><W107/><G29/><T3/><D3/><U77/><E126/><V90/><F112/><W80/><G80/><T25/><D35/><U64/><E0/><V16/><F128/><N who="3" m="49195" /><G7/><T41/><D41/><U116/><E116/><V120/><F120/><W65/><G113/><T34/><D34/><U33/><E33/><V85/><F40/><W103/><G107/><T110/><D110/><U14/><E77/><V97/><F97/><W91/><G91/><T94/><D94/><U99/><E73/><V119/><F119/><W121/><G121/><T74/><REACH who="0" step="1"/><D27/><REACH who="0" step="2"/><N who="1" m="14799" /><E122/><V105/><F105/><W127/><G127/><T28/><D28/><U43/><E43/><V93/><F93/><W106/><G106/><T48/><D48/><U115/><E115/><V20/><F61/><W86/><G13/><T42/><D42/><U108/><E108/><V98/><F98/><N who="1" m="37417" /><E64/><V70/><F70/><W38/><G38/><T9/><D9/><AGARI ba="0,1" hai="9,14,18,44,45,51,53,56" m="37417,14799" machi="9" ten="30,2900,0" yaku="8,1,52,1" doraHai="50" who="1" fromWho="0" sc="240,-29,211,39,250,0,289,0" /><AGARI ba="0,0" hai="9,10,12,16,20,81,82,85,87,88,90" m="51754" machi="9" ten="30,3900,0" yaku="20,1,54,2" doraHai="50" who="2" fromWho="0" sc="211,-39,250,0,250,39,289,0" /><INIT seed="1,1,0,0,2,120" ten="172,250,289,289" oya="1" hai0="56,19,134,22,118,100,41,119,104,40,53,99,80" hai1="90,72,109,5,26,128,83,59,30,52,88,79,135" hai2="12,2,43,102,97,55,13,107,46,7,106,105,27" hai3="75,60,68,78,61,131,84,21,123,24,42,37,69" shuffle="mt19937ar,04E2F695,30A8CF1A,73D73D18,F515F8B6,42249F18,544151C7,C273526D,97EF0B70"/><U108/><E128/><V70/><F70/><W101/><G75/><T58/><D134/><U126/><E5/><V0/><F55/><W29/><G131/><T28/><D28/><U39/><E39/><V76/><F13/><W17/><G123/><T23/><D80/><U31/><E135/><V63/><F12/><W3/><G3/><T65/><D119/><U92/><E126/><V96/><F63/><W130/><G130/><T49/><D118/><U62/><E31/><V132/><F132/><W82/><G69/><T122/><D122/><U15/><E15/><V47/><F27/><W8/><G68/><T127/><D127/><U133/><E133/><V91/><F76/><W77/><G77/><T125/><D125/><U34/><REACH who="1" step="1"/><E90/><REACH who="1" step="2"/><V95/><F7/><W71/><G37/><T10/><D10/><U1/><E1/><V57/><F2/><W4/><G4/><T129/><D129/><U111/><E111/><V25/><F0/><W73/><G8/><T51/><D23/><U117/><E117/><V114/><F91/><W113/><G29/><T87/><D87/><AGARI ba="1,1" hai="26,30,34,52,59,62,72,79,83,87,88,92,108,109" machi="87" ten="40,12000,1" yaku="1,1,52,2,54,2,53,0" doraHai="120" doraHaiUra="9" who="1" fromWho="0" sc="172,-123,240,133,289,0,289,0" /><INIT seed="1,2,0,2,4,49" ten="49,373,289,289" oya="1" hai0="6,33,129,125,59,22,67,55,48,51,38,34,46" hai1="1,94,127,68,5,115,57,52,17,45,76,119,44" hai2="100,90,81,35,88,102,134,106,36,29,13,101,87" hai3="27,4,10,14,70,71,122,64,25,63,105,74,89" shuffle="mt19937ar,C7A70CDB,E0381646,E8BF1824,B9824342,1FC8C940,7AD3E8C6,171F7E18,6521466E"/><U60/><E119/><V114/><F13/><W79/><G122/><T110/><D6/><U47/><E115/><V62/><F29/><W86/><G105/><T53/><D22/><U16/><E68/><V82/><F62/><W78/><G71/><T126/><D33/><U21/><E76/><N who="2" m="46503" /><F36/><W113/><G113/><T7/><D34/><U93/><E127/><N who="0" m="48649" /><D7/><U116/><E116/><V77/><F35/><W50/><G74/><T20/><D20/><U28/><E5/><V118/><F118/><W41/><G27/><T8/><D8/><U66/><E66/><V83/><F114/><W112/><G25/><T103/><D103/><N who="2" m="39498" /><F134/><W15/><G15/><T72/><D72/><U58/><E58/><V37/><F37/><W96/><G96/><T69/><D129/><U123/><E123/><V91/><F77/><W26/><G26/><T131/><D131/><U99/><E1/><V120/><F120/><W11/><G10/><T130/><D130/><U24/><E94/><V30/><F30/><W124/><G124/><T85/><D85/><U98/><E93/><V12/><F12/><W109/><G112/><T18/><D18/><AGARI ba="2,0" hai="16,17,18,21,24,28,44,45,47,52,57,60,98,99" machi="18" ten="40,12000,1" yaku="8,1,52,1,54,2" doraHai="49" who="1" fromWho="0" sc="49,-126,373,126,289,0,289,0" owari="-77,-48,499,50,289,4,289,-6" /></mjloggm>