<mjloggm ver="2.3"><GO type="41"/><UN n0="%E3%82%A6%E3%83%AB%E3%83%88%E3%83%A9%E7%AB%8B%E7%9B%B4" n1="%E3%83%97%E3%83%AB%E3%83%BC%E3%83%88%E3%83%BC%E3%83%B3" n2="%E6%89%8D%E7%89%99%E3%83%BB%E6%94%B9" n3="%E9%A2%A8%E8%BB%8A%E3%81%AE%E7%B5%B5%E7%90%86%E5%AD%90" dan="15,13,13,13" rate="1962,1878,1856,1917" sx="M,M,F,F"/><TAIKYOKU oya="0"/><INIT seed="0,0,0,2,4,12" ten="250,250,250,250" oya="0" hai0="25,53,96,66,107,17,81,130,118,80,79,67,106" hai1="112,7,122,72,45,125,51,58,37,86,77,2,47" hai2="60,73,22,83,0,30,95,70,26,93,78,128,111" hai3="20,116,33,42,82,101,110,35,15,31,131,52,85"/><T21/><D118/><U54/><E122/><V50/><F128/><W27/><G116/><T100/><D130/><U117/><E117/><V113/><F113/><W108/><G131/><T88/><D107/><U105/><E105/><V3/><F111/><W126/><G126/><T19/><D53/><U6/><E125/><V76/><F78/><W36/><G101/><T49/><D49/><U104/><E104/><V8/><F50/><W55/><G36/><T14/><D88/><U40/><E112/><V4/><F0/><W24/><G42/><T119/><D119/><U87/><E6/><V135/><REACH who="2" step="1"/><F135/><REACH who="2" step="2"/><W127/><G127/><T109/><D109/><U120/><E120/><V124/><F124/><W134/><G134/><T44/><D44/><U74/><E45/><V75/><F75/><W61/><G110/><T98/><D98/><U123/><E123/><V23/><F23/><W65/><G108/><T102/><D102/><U89/><E74/><V11/><F11/><W115/><G115/><T9/><D80/><U114/><E114/><V18/><F18/><W59/><G35/><T29/><D29/><U56/><E72/><AGARI ba="0,1" hai="9,14,17,19,21,25,66,67,72,79,81,96,100,106" machi="72" ten="30,5800,0" yaku="7,1,52,2" doraHai="12" who="0" fromWho="1" sc="250,68,250,-58,240,0,250,0" /><INIT seed="0,1,0,2,1,9" ten="318,192,240,250" oya="0" hai0="106,48,35,135,27,70,90,29,76,100,102,97,127" hai1="113,91,55,11,131,66,126,31,5,65,77,56,128" hai2="6,10,108,64,15,83,41,22,75,94,13,17,71" hai3="51,34,99,88,117,43,101,107,81,111,92,116,120"/><T50/><D127/><U25/><E126/><V129/><F129/><N who="1" m="49737" /><E77/><V105/><F108/><W73/><G111/><T53/><D135/><U85/><E113/><V123/><F123/><W61/><G34/><T84/><D76/><U28/><E65/><V110/><F110/><W68/><G120/><T95/><D100/><U79/><E79/><V18/><F41/><W8/><G68/><T119/><D119/><U132/><E132/><V62/><F105/><W63/><G73/><T69/><REACH who="0" step="1"/><D50/><REACH who="0" step="2"/><N who="1" m="30839" /><E66/><V2/><F94/><W47/><G117/><T0/><D0/><N who="1" m="423" /><E25/><V93/><F93/><AGARI ba="1,1" hai="28,31,85,91,93" m="423,30839,49737" machi="93" ten="30,1000,0" yaku="19,1" doraHai="9" who="1" fromWho="2" sc="308,0,192,23,240,-13,250,0" /><INIT seed="1,0,0,3,5,20" ten="308,215,227,250" oya="1" hai0="97,104,45,56,55,62,126,6,108,26,43,25,69" hai1="8,111,72,68,16,89,91,21,75,5,102,101,47" hai2="36,105,17,51,127,93,39,103,28,7,83,123,24" hai3="125,66,52,11,70,96,119,71,27,131,64,41,35"/><U98/><E68/><V114/><F123/><W78/><G131/><T48/><D126/><U49/><E101/><V58/><F105/><W132/><G132/><T65/><D108/><U54/><E111/><V95/><F7/><W110/><G110/><T115/><D115/><U76/><E72/><V15/><F127/><W19/><G119/><T63/><D6/><U74/><E74/><V60/><F83/><W33/><G125/><T117/><D117/><U73/><E73/><V130/><F130/><W133/><G133/><T100/><AGARI ba="0,0" hai="25,26,43,45,48,55,56,62,63,65,69,97,100,104" machi="100" ten="30,4000,0" yaku="0,1,52,2" doraHai="20" who="0" fromWho="0" sc="308,40,215,-20,227,-10,250,-10" /><INIT seed="2,0,0,2,1,87" ten="348,195,217,240" oya="2" hai0="68,77,127,7,41,44,39,2,81,38,79,45,48" hai1="17,13,78,37,5,58,61,22,124,115,93,131,98" hai2="42,75,1,101,116,82,57,11,134,99,96,132,92" hai3="35,125,111,128,64,49,91,40,55,85,100,76,126"/><V102/><F42/><W117/><G117/><T12/><D127/><U112/><E124/><V73/><F57/><W110/><G35/><T4/><D68/><U106/><E106/><N who="2" m="63783" /><F1/><W14/><G128/><T71/><D71/><U97/><E131/><V133/><F11/><W72/><G126/><T113/><D113/><U29/><E37/><V19/><F19/><W0/><G0/><T84/><D2/><U80/><E112/><V23/><F23/><W46/><G125/><T103/><D103/><U3/><E115/><V32/><F32/><W28/><G100/><T52/><D77/><U10/><E29/><V43/><F43/><W51/><G28/><T118/><D118/><U95/><E97/><V90/><F116/><W56/><G64/><T107/><D107/><U109/><E109/><V135/><N who="2" m="34304" /><DORA hai="16" /><V25/><F25/><W88/><G72/><N who="2" m="27721" /><F82/><W47/><G56/><T89/><D39/><U31/><E31/><V121/><F121/><W27/><G27/><T123/><D123/><U122/><E122/><V26/><F26/><W53/><G14/><T108/><D7/><U9/><E9/><V34/><F34/><W24/><G24/><T120/><D120/><U67/><E80/><V60/><F60/><W6/><G6/><T54/><D4/><U105/><E78/><V83/><F83/><N who="3" m="47335" /><G40/><T33/><D79/><U21/><E105/><V8/><F8/><W70/><G70/><T18/><D33/><U30/><E3/><V65/><F65/><W63/><G63/><T59/><D54/><U86/><E30/><V74/><N who="2" m="27729" /><V94/><DORA hai="114" /><F94/><RYUUKYOKU ba="0,0" sc="348,-15,195,-15,217,15,240,15" hai2="90,92,99,102" hai3="46,47,49,51,53,55,88,91,110,111" /><INIT seed="2,1,0,2,2,79" ten="333,180,232,255" oya="2" hai0="75,128,124,59,14,110,118,103,24,21,96,78,11" hai1="33,27,85,98,99,80,101,135,54,100,60,84,5" hai2="49,43,81,107,95,74,29,8,53,17,26,97,30" hai3="117,3,114,9,6,105,1,44,67,87,25,90,129"/><V2/><F107/><W82/><G105/><T57/><D124/><U92/><E5/><V119/><F119/><W94/><G117/><T102/><D118/><U77/><E33/><V51/><F43/><W12/><G129/><T58/><D128/><U34/><E34/><V61/><F61/><W120/><G120/><T88/><D110/><U123/><E123/><V126/><F126/><W76/><G114/><T68/><D68/><U32/><E32/><V16/><F17/><W36/><G67/><T93/><D78/><U47/><E27/><V62/><F62/><W38/><G25/><T35/><D75/><U108/><E108/><V20/><F2/><W13/><G3/><T127/><D35/><U73/><E47/><V10/><F10/><W69/><G69/><T19/><REACH who="0" step="1"/><D127/><REACH who="0" step="2"/><U39/><E39/><V86/><F74/><W122/><G122/><T109/><D109/><U65/><E54/><V66/><F66/><W40/><REACH who="3" step="1"/><G38/><REACH who="3" step="2"/><T15/><D15/><U7/><E65/><V42/><F42/><W132/><G132/><T31/><AGARI ba="1,2" hai="11,14,19,21,24,31,57,58,59,88,93,96,102,103" machi="31" ten="30,7900,0" yaku="1,1,0,1,8,1,54,1,53,0" doraHai="79" doraHaiUra="28" who="0" fromWho="0" sc="323,102,180,-21,232,-40,245,-21" /><INIT seed="3,0,0,5,5,43" ten="425,159,192,224" oya="3" hai0="63,84,18,41,58,119,55,39,26,69,4,93,13" hai1="102,21,60,129,61,50,88,1,117,71,35,128,49" hai2="86,109,79,80,95,16,37,111,89,72,10,92,47" hai3="33,5,78,123,91,15,121,105,31,77,0,81,115"/><W46/><G115/><T14/><D69/><U127/><E35/><V3/><F37/><W94/><G105/><T6/><D39/><U112/><E112/><V57/><F57/><W130/><G130/><N who="1" m="50282" /><E102/><V114/><F114/><W110/><G110/><N who="2" m="41993" /><F3/><W124/><G124/><T56/><D41/><U65/><E1/><V125/><F125/><W36/><G0/><T52/><D26/><U38/><E127/><V45/><F95/><W22/><G33/><T44/><D44/><U133/><E21/><V70/><F70/><W17/><G5/><T73/><D73/><U66/><E88/><V82/><F92/><W116/><G116/><T85/><D119/><U118/><E133/><V34/><F34/><W62/><G31/><T134/><D134/><U40/><E38/><V48/><F48/><N who="1" m="18537" /><E40/><V122/><F122/><W27/><G123/><T20/><D93/><U9/><E9/><V83/><F83/><W7/><G121/><T87/><D13/><AGARI ba="0,0" hai="10,13,16,45,47,72,79,80,82,86,89" m="41993" machi="13" ten="30,7700,0" yaku="14,1,52,2,54,1" doraHai="43" who="2" fromWho="0" sc="425,-77,159,0,192,77,224,0" /><INIT seed="4,0,0,3,4,39" ten="348,159,269,224" oya="0" hai0="25,50,14,111,72,16,86,40,10,81,68,1,80" hai1="8,29,18,45,85,99,71,65,133,124,119,23,4" hai2="92,43,70,58,27,98,5,129,28,56,13,2,130" hai3="54,67,36,9,120,107,64,42,97,108,32,76,104"/><T60/><D111/><U30/><E119/><V55/><F70/><W109/><G32/><T110/><D110/><U38/><E133/><V48/><F2/><W128/><G128/><N who="2" m="49257" /><F13/><W21/><G120/><T135/><D135/><U74/><E74/><V127/><F127/><W77/><G36/><T101/><D101/><U12/><E124/><V105/><F105/><W61/><G9/><T106/><D106/><U112/><E112/><V15/><F15/><W103/><G21/><T57/><D68/><U33/><E65/><V132/><F5/><W11/><G11/><T26/><D72/><U51/><E71/><V19/><F19/><W46/><G46/><N who="0" m="25927" /><D1/><U100/><E38/><V102/><F58/><W41/><G103/><T90/><D80/><U73/><E73/><V35/><F132/><W91/><G91/><T34/><D34/><U79/><E33/><V96/><F98/><W89/><G97/><T63/><D63/><U69/><E69/><V75/><F75/><W62/><G89/><T84/><D84/><U83/><E99/><V37/><F37/><W95/><G95/><T44/><D44/><U118/><E100/><V134/><F134/><W123/><G54/><AGARI ba="0,0" hai="10,14,16,25,26,54,57,60,81,86,90" m="25927" machi="54" ten="30,5800,0" yaku="8,1,52,1,54,1" doraHai="39" who="0" fromWho="3" sc="348,58,159,0,269,0,224,-58" /><INIT seed="4,1,0,3,3,107" ten="406,159,269,166" oya="0" hai0="15,55,82,85,128,74,24,52,50,109,81,76,26" hai1="79,101,108,83,94,112,84,64,42,118,7,121,14" hai2="43,92,100,73,29,13,9,46,116,115,95,133,57" hai3="5,27,53,28,80,124,31,22,102,93,21,59,71"/><T89/><D109/><U70/><E108/><V35/><F133/><W33/><G124/><T39/><D39/><U135/><E135/><V111/><F111/><W60/><G71/><T86/><D128/><U105/><E121/><V65/><F115/><W90/><G33/><T41/><D74/><U132/><E132/><V11/><F116/><W0/><G0/><T62/><D62/><U104/><E118/><V19/><F73/><W130/><G130/><T72/><D72/><U8/><E42/><V63/><F100/><W38/><G38/><T54/><D15/><U66/><E112/><V67/><F67/><W34/><G34/><T20/><D41/><U32/><E32/><V1/><F1/><W113/><G113/><T69/><D69/><U98/><REACH who="1" step="1"/><E70/><REACH who="1" step="2"/><V36/><F35/><W106/><G106/><AGARI ba="1,1" hai="7,8,14,64,66,79,83,84,94,98,101,104,105,106" machi="106" ten="40,5200,0" yaku="1,1,2,1,53,1" doraHai="107" doraHaiUra="88" who="1" fromWho="3" sc="406,0,149,65,269,0,166,-55" /><INIT seed="5,0,0,5,0,71" ten="406,214,269,111" oya="1" hai0="131,51,95,91,43,128,83,10,18,59,33,88,84" hai1="123,27,38,47,129,120,75,39,110,103,126,29,132" hai2="17,130,133,8,78,61,36,125,89,53,52,30,26" hai3="0,9,86,76,107,4,90,48,62,14,22,19,24"/><U101/><E75/><V112/><F78/><W119/><G119/><T115/><D33/><U69/><E69/><V121/><F121/><W122/><G122/><N who="1" m="46634" /><E47/><V82/><F130/><N who="0" m="49706" /><D115/><U97/><E129/><V67/><F112/><W63/><G107/><T109/><D109/><U11/><E110/><V28/><F36/><N who="1" m="13865" /><E11/><V13/><F30/><W55/><G76/><T116/><D116/><U70/><E70/><V117/><F117/><W85/><G85/><N who="0" m="50239" /><D59/><U50/><E50/><V54/><F82/><W66/><G66/><T99/><D51/><U87/><E87/><V72/><F72/><W34/><G34/><T96/><D43/><U56/><E56/><V77/><F77/><W65/><G65/><T20/><D10/><U46/><E46/><V102/><F102/><W98/><G98/><T135/><D84/><U37/><N who="1" m="13873" /><U40/><DORA hai="111" /><E40/><V105/><F105/><W58/><REACH who="3" step="1"/><G24/><REACH who="3" step="2"/><N who="0" m="14359" /><D96/><U2/><E2/><V44/><F67/><W6/><G6/><T68/><D68/><U16/><E103/><V94/><F26/><W31/><G31/><T41/><D41/><U104/><E16/><V73/><F28/><W1/><G1/><T134/><AGARI ba="0,1" hai="91,95,99,134,135" m="14359,50239,49706" machi="134" ten="30,2000,0" yaku="19,1,54,1" doraHai="71,111" who="0" fromWho="0" sc="406,30,214,-10,269,-5,101,-5" /><INIT seed="6,0,0,4,4,134" ten="436,204,264,96" oya="2" hai0="97,132,81,118,96,135,78,79,106,20,2,29,110" hai1="27,70,95,33,24,13,104,98,75,72,85,91,90" hai2="126,45,66,9,71,76,109,5,52,3,77,53,84" hai3="31,30,7,87,19,128,35,44,50,130,131,42,0"/><V119/><F119/><W114/><G114/><T51/><D2/><U22/><E70/><V23/><F23/><W12/><G35/><T133/><D110/><U62/><E62/><V57/><F71/><W129/><N who="3" m="33280" /><DORA hai="107" /><W125/><G125/><T113/><D113/><U123/><E104/><V60/><F126/><W94/><G0/><T121/><D121/><U4/><E123/><V25/><F109/><W68/><G68/><T103/><D118/><U99/><E33/><V28/><F45/><W124/><G7/><T86/><D97/><U6/><E22/><V64/><F64/><W10/><REACH who="3" step="1"/><G124/><REACH who="3" step="2"/><T69/><D69/><U112/><E112/><V8/><F8/><W122/><G122/><T93/><D133/><U37/><E37/><V61/><F3/><W82/><G82/><T65/><D81/><U18/><E6/><V67/><F5/><W16/><G16/><T105/><D135/><U47/><E4/><V43/><F9/><W102/><G102/><T88/><D103/><U58/><E47/><V120/><F120/><W48/><G48/><T54/><D51/><U117/><E117/><V108/><F108/><W41/><G41/><T116/><D20/><U34/><E34/><V46/><F43/><W1/><G1/><T55/><D116/><U63/><E27/><V89/><F46/><W111/><G111/><T49/><D49/><U101/><E24/><V56/><F25/><W15/><G15/><T21/><D21/><U17/><E13/><V127/><F28/><W92/><G92/><T80/><D132/><U83/><E101/><V74/><F127/><RYUUKYOKU ba="0,1" sc="436,-10,204,-10,264,-10,86,30" hai3="10,12,19,30,31,42,44,50,87,94" /><INIT seed="7,1,1,3,2,104" ten="426,194,254,116" oya="3" hai0="113,75,49,6,12,118,81,46,119,47,106,59,23" hai1="35,8,63,28,3,80,51,21,13,19,92,98,38" hai2="68,52,30,129,115,123,65,107,2,112,22,91,108" hai3="60,18,84,96,95,16,78,67,114,83,11,85,103"/><W57/><G114/><N who="2" m="43561" /><F108/><W55/><G11/><T100/><D106/><U36/><E51/><V66/><F2/><W131/><G131/><T37/><D100/><U117/><E117/><V45/><F129/><W34/><G34/><T94/><D94/><U132/><E132/><V69/><F123/><W89/><REACH who="3" step="1"/><G67/><REACH who="3" step="2"/><N who="2" m="25609" /><F107/><AGARI ba="1,2" hai="16,18,55,57,60,78,83,84,85,89,95,96,103,107" machi="107" ten="30,5800,0" yaku="1,1,7,1,54,1,53,0" doraHai="104" doraHaiUra="33" who="3" fromWho="2" sc="426,0,194,0,254,-61,106,81" /><INIT seed="7,2,0,3,4,24" ten="426,194,193,187" oya="3" hai0="114,133,93,21,119,57,60,45,63,97,67,65,110" hai1="74,92,120,39,118,124,107,50,101,10,127,64,132" hai2="29,9,88,135,81,48,102,44,71,130,28,68,54" hai3="13,38,99,2,76,62,98,33,106,20,8,26,129"/><W7/><G38/><T42/><D110/><U19/><E39/><V79/><F79/><W75/><G129/><T37/><D114/><U122/><E118/><V134/><F130/><W4/><G33/><T53/><D119/><U12/><E107/><V128/><F128/><W89/><G106/><T40/><D133/><N who="2" m="50698" /><F102/><W125/><G125/><N who="1" m="48202" /><E132/><V66/><F9/><W109/><G109/><T43/><D21/><U83/><E64/><N who="0" m="24649" /><D93/><U61/><E61/><N who="0" m="23625" /><D97/><N who="1" m="59559" /><E50/><AGARI ba="2,0" hai="37,40,42,43,45,50,53,57" m="23625,24649" machi="50" ten="30,8000,1" yaku="35,5" doraHai="24" who="0" fromWho="1" sc="426,86,194,-86,193,0,187,0" owari="512,61,108,-39,193,-1,187,-21" /></mjloggm>