<mjloggm ver="2.3"><GO type="41"/><UN n0="%E3%83%93%E3%83%AA%E3%82%B1%E3%83%B3%E5%A4%A9%E4%BD%BF" n1="%E3%83%9C%E3%82%B9%E3%82%B8%E3%83%A0" n2="%E3%81%84%E3%81%A4%E3%81%BB" n3="%E3%82%A6%E3%83%AB%E3%83%88%E3%83%A9%E7%AB%8B%E7%9B%B4" dan="14,16,14,13" rate="1869,2011,1982,1913" sx="M,M,F,M"/><TAIKYOKU oya="0"/><INIT seed="0,0,0,3,0,56" ten="250,250,250,250" oya="0" hai0="61,89,34,90,84,94,99,88,22,122,105,129,18" hai1="72,57,98,76,63,111,96,113,97,85,130,39,71" hai2="133,66,48,17,28,102,23,77,67,101,21,31,58" hai3="70,62,1,8,3,40,16,83,100,86,41,6,103"/><T127/><D122/><U52/><E39/><V59/><F77/><W123/><G123/><T7/><D34/><U19/><E113/><V120/><F120/><W114/><G114/><T87/><D127/><U4/><E72/><V35/><F35/><W75/><G75/><T0/><D129/><U118/><E118/><V2/><F2/><W115/><G115/><T44/><D105/><U68/><E130/><V117/><F117/><W91/><G1/><T46/><D0/><U13/><E4/><V43/><F43/><W107/><G41/><T73/><D7/><U45/><E111/><V109/><F109/><W135/><G135/><T108/><D108/><U37/><E37/><V27/><F133/><W51/><G107/><T24/><D73/><U112/><E45/><N who="0" m="17513" /><D61/><U64/><E112/><V110/><F110/><W53/><G40/><T30/><D30/><U124/><E124/><V11/><F11/><W69/><G51/><T119/><D119/><U55/><E71/><V54/><F31/><W29/><G29/><T14/><D14/><U20/><E68/><V74/><F74/><W132/><G132/><T38/><D38/><U126/><E126/><V49/><F23/><W121/><G121/><T131/><D131/><U92/><E76/><V80/><F28/><W32/><G32/><T106/><D106/><U25/><E13/><V93/><F102/><AGARI ba="0,0" hai="18,22,24,84,87,88,89,90,94,99,102" m="17513" machi="102" ten="30,2900,0" yaku="8,1,54,1" doraHai="56" who="0" fromWho="2" sc="250,29,250,0,250,-29,250,0" /><INIT seed="0,1,0,0,5,59" ten="279,250,221,250" oya="0" hai0="105,38,93,52,11,118,129,77,65,90,57,49,108" hai1="112,45,16,70,40,114,24,14,107,132,116,46,115" hai2="125,87,67,20,113,58,89,84,21,34,133,12,78" hai3="31,32,42,29,96,7,97,50,44,88,130,62,124"/><T19/><D118/><U83/><E116/><V6/><F34/><W122/><G122/><T26/><D105/><U8/><E107/><V1/><F113/><W18/><G124/><T48/><D38/><U119/><E119/><V5/><F125/><W64/><G130/><T98/><D129/><U102/><E102/><V54/><F1/><W61/><G64/><T131/><D131/><U23/><E132/><V117/><F133/><W81/><G32/><T63/><D108/><U41/><E70/><V22/><F67/><W4/><G18/><T25/><D77/><U72/><E72/><V109/><F117/><W35/><G35/><T3/><D3/><U100/><E100/><V99/><F99/><W55/><G55/><T128/><D128/><U60/><E83/><V92/><F109/><W0/><G0/><T73/><D73/><U79/><E79/><V69/><F69/><W47/><G81/><T120/><D120/><U37/><E60/><N who="3" m="23146" /><G47/><N who="1" m="17930" /><E37/><V17/><F78/><W51/><G51/><N who="0" m="19531" /><D65/><U101/><E101/><V56/><F84/><W76/><G76/><T2/><D2/><U135/><E135/><V33/><F33/><W75/><G75/><T15/><AGARI ba="1,0" hai="11,15,19,25,26,52,57,63,90,93,98" m="19531" machi="15" ten="30,6000,0" yaku="8,1,52,1,54,1" doraHai="59" who="0" fromWho="0" sc="279,63,250,-21,221,-21,250,-21" /><INIT seed="0,2,0,5,4,135" ten="342,229,200,229" oya="0" hai0="57,45,124,98,69,59,1,87,22,27,117,35,21" hai1="133,67,126,4,71,74,46,134,116,109,93,52,56" hai2="80,84,38,18,68,103,5,95,128,60,49,11,83" hai3="40,65,101,47,48,129,102,23,79,37,15,10,62"/><T32/><D117/><U91/><E74/><V99/><F38/><W111/><G129/><T34/><D69/><U36/><E4/><V2/><F128/><W51/><G111/><T50/><D1/><U6/><E6/><V78/><F83/><W64/><G79/><T76/><D98/><U17/><E17/><V90/><F18/><W63/><G15/><T75/><D124/><U131/><E131/><V55/><F60/><W28/><G10/><T106/><D75/><U122/><E109/><V108/><F108/><W7/><G7/><T19/><D106/><U39/><E116/><V97/><F68/><N who="3" m="42007" /><G101/><T24/><D76/><U125/><E67/><V82/><F82/><W43/><G102/><T112/><D87/><N who="1" m="52479" /><E71/><V8/><F8/><W58/><G23/><T25/><D112/><U13/><E13/><V96/><F78/><W107/><G107/><T31/><REACH who="0" step="1"/><D27/><REACH who="0" step="2"/><U0/><E0/><V14/><F2/><W20/><G28/><T26/><D26/><U42/><E122/><V9/><F9/><W89/><G89/><T61/><D61/><N who="1" m="35975" /><E36/><V110/><F110/><W118/><G118/><T130/><D130/><U16/><E16/><V86/><F86/><W70/><G70/><T29/><D29/><U104/><E104/><V92/><F103/><W105/><G105/><T30/><D30/><U85/><E85/><V53/><F53/><AGARI ba="2,1" hai="19,21,22,24,25,31,32,34,35,45,50,53,57,59" machi="53" ten="40,2000,0" yaku="1,1,53,0" doraHai="135" doraHaiUra="123" who="0" fromWho="2" sc="332,36,229,0,200,-26,229,0" /><INIT seed="0,3,0,4,2,21" ten="368,229,174,229" oya="0" hai0="81,78,60,74,68,97,45,129,25,79,73,36,59" hai1="86,88,111,39,114,1,64,120,72,62,113,53,65" hai2="24,128,28,83,51,110,98,84,42,30,38,109,4" hai3="7,43,133,87,107,16,49,6,131,9,69,41,5"/><T112/><D112/><N who="1" m="43115" /><E72/><V46/><F4/><W27/><G69/><T35/><D129/><U104/><E104/><V106/><F128/><W67/><G107/><T44/><D97/><U10/><E39/><V130/><F130/><W90/><G131/><T14/><D14/><U117/><E117/><V115/><F115/><W56/><G133/><T108/><D108/><N who="2" m="41578" /><F30/><W55/><G67/><T3/><D68/><U96/><E96/><V89/><F98/><W52/><G55/><T127/><D127/><U94/><E120/><V91/><F106/><W66/><G66/><T80/><D3/><U103/><E103/><V29/><F29/><W15/><G27/><T126/><D126/><U63/><E111/><V119/><F119/><W93/><AGARI ba="3,0" hai="5,6,7,9,15,16,41,43,49,52,56,87,90,93" machi="93" ten="30,7900,0" yaku="0,1,8,1,54,2" doraHai="21" who="3" fromWho="3" sc="368,-42,229,-23,174,-23,229,88" /><INIT seed="1,0,0,4,2,28" ten="326,206,151,317" oya="1" hai0="115,133,30,82,73,31,45,88,56,53,71,20,101" hai1="48,85,116,83,123,84,26,65,126,19,135,87,70" hai2="43,60,131,4,63,119,98,52,79,40,13,25,16" hai3="90,51,120,122,5,80,21,110,39,35,8,46,54"/><U10/><E116/><V112/><F119/><W9/><G35/><T86/><D71/><U91/><E123/><V38/><F112/><W76/><G110/><T64/><D115/><U121/><E121/><V132/><F131/><W36/><G36/><T32/><D133/><U17/><E135/><V59/><F132/><W103/><G103/><T74/><D64/><U24/><E126/><V109/><F109/><W118/><G118/><T72/><D101/><U130/><E130/><V134/><F134/><W106/><G106/><T3/><D3/><U67/><E70/><V29/><F79/><W108/><G108/><T47/><D31/><U92/><E48/><V113/><F4/><W42/><G90/><T23/><D20/><U114/><E114/><V129/><F113/><W93/><G93/><T99/><D23/><U11/><E83/><V1/><F1/><N who="3" m="47" /><G21/><T41/><D99/><U50/><E50/><V27/><F129/><W44/><G9/><N who="1" m="3082" /><E92/><V57/><F98/><W37/><G37/><T66/><D66/><N who="1" m="25099" /><E91/><V34/><F27/><AGARI ba="0,0" hai="17,19,24,26,27,84,85,87" m="25099,3082" machi="27" ten="30,5800,0" yaku="28,2,8,1" doraHai="28" who="1" fromWho="2" sc="326,0,206,58,151,-58,317,0" /><INIT seed="1,1,0,0,1,79" ten="326,264,93,317" oya="1" hai0="110,32,62,3,1,117,43,28,68,77,37,101,26" hai1="126,38,5,127,81,122,61,14,39,72,13,71,93" hai2="51,18,98,70,2,58,133,108,95,20,31,9,88" hai3="53,47,104,114,112,45,125,40,80,135,100,78,17"/><U94/><E122/><V27/><F70/><W123/><G123/><T109/><D117/><U66/><E39/><V97/><F108/><N who="0" m="41578" /><D101/><U67/><E38/><V54/><F133/><W8/><G40/><T92/><D92/><N who="1" m="35435" /><E67/><V48/><F2/><W128/><G100/><T65/><D77/><N who="1" m="44199" /><E5/><V131/><F131/><W35/><G53/><T87/><D87/><U57/><E71/><V105/><F105/><W121/><G17/><T129/><D129/><U50/><E50/><V55/><F9/><W0/><G8/><T64/><D64/><U22/><E22/><V124/><F124/><AGARI ba="1,0" hai="13,14,57,61,66,124,126,127" m="44199,35435" machi="124" ten="30,2900,0" yaku="18,1,52,1" doraHai="79" who="1" fromWho="2" sc="326,0,264,32,93,-32,317,0" /><INIT seed="1,2,0,2,1,62" ten="326,296,61,317" oya="1" hai0="20,24,21,132,123,111,39,81,22,32,12,15,70" hai1="43,52,89,121,27,5,96,61,134,10,133,116,129" hai2="77,45,67,72,91,95,120,63,25,66,101,34,56" hai3="29,104,108,6,28,42,60,2,76,115,79,38,3"/><U102/><E121/><V8/><F120/><W130/><G60/><T48/><D39/><U1/><E116/><V69/><F77/><W54/><G54/><T82/><D70/><U50/><E129/><V131/><F72/><W49/><G49/><T57/><D123/><U88/><E27/><V85/><F131/><W30/><G130/><T93/><D111/><U94/><E43/><V107/><F45/><W14/><G104/><T124/><D124/><U44/><REACH who="1" step="1"/><E61/><REACH who="1" step="2"/><V74/><F25/><W47/><G108/><T90/><D24/><U97/><E97/><V51/><F51/><W16/><G115/><T92/><D57/><U106/><E106/><V109/><F109/><W103/><G103/><T7/><D48/><U114/><E114/><V13/><F107/><W75/><G75/><T100/><D132/><AGARI ba="2,1" hai="1,5,10,44,50,52,88,89,94,96,102,132,133,134" machi="132" ten="40,12000,1" yaku="1,1,20,1,54,2,53,1" doraHai="62" doraHaiUra="98" who="1" fromWho="0" sc="326,-126,286,136,61,0,317,0" /><INIT seed="1,3,0,5,4,27" ten="200,422,61,317" oya="1" hai0="119,110,103,134,85,64,88,111,49,90,40,126,76" hai1="10,67,18,109,7,69,6,97,39,114,15,68,128" hai2="87,46,77,105,122,48,79,60,93,21,100,44,63" hai3="3,17,54,31,132,131,113,53,65,26,129,55,96"/><U123/><E123/><V91/><F105/><W13/><G3/><T75/><D119/><U118/><E118/><V12/><F122/><W23/><G113/><T58/><D64/><U37/><E114/><V108/><F108/><N who="0" m="41514" /><D58/><U41/><E109/><V116/><F116/><W133/><G65/><T115/><D49/><U74/><E74/><V51/><F100/><W20/><REACH who="3" step="1"/><G96/><REACH who="3" step="2"/><T25/><D40/><U99/><E97/><V82/><F79/><W45/><G45/><T73/><D25/><U33/><E99/><V135/><F46/><W80/><G80/><N who="0" m="47239" /><D115/><U121/><E67/><V0/><F0/><W102/><G102/><T16/><D16/><U19/><E19/><N who="2" m="10471" /><F135/><AGARI ba="3,1" hai="13,17,20,23,26,31,53,54,55,129,131,132,133,135" machi="135" ten="40,5200,0" yaku="1,1,20,1,52,1,53,0" doraHai="27" doraHaiUra="2" who="3" fromWho="2" sc="200,0,422,0,61,-61,307,71" /><INIT seed="2,0,0,5,1,39" ten="200,422,0,378" oya="2" hai0="111,23,83,76,69,116,118,21,59,84,89,74,0" hai1="14,7,112,109,68,58,12,125,130,61,103,48,13" hai2="79,52,26,113,56,78,25,64,77,24,115,71,126" hai3="17,81,46,45,70,87,93,102,44,51,105,31,124"/><V134/><F71/><W90/><G70/><T18/><D69/><U37/><E37/><V19/><F134/><W97/><G124/><T3/><D111/><U114/><E109/><V38/><F38/><W80/><G31/><T36/><D36/><U55/><E125/><V15/><F126/><W67/><G67/><T98/><D59/><U29/><E7/><V33/><F33/><W50/><G81/><T108/><D108/><U27/><E103/><V60/><F64/><W57/><G57/><T94/><D74/><U123/><E123/><V20/><AGARI ba="0,0" hai="15,19,20,24,25,26,52,56,60,77,78,79,113,115" machi="20" ten="30,3000,0" yaku="0,1,54,1" doraHai="39" who="2" fromWho="2" sc="200,-10,422,-10,0,30,378,-10" /><INIT seed="2,1,0,4,4,100" ten="190,412,30,368" oya="2" hai0="123,124,127,78,30,130,84,29,104,44,31,101,82" hai1="5,134,28,53,14,111,60,92,35,22,119,52,87" hai2="11,89,128,43,50,51,27,102,115,131,133,25,17" hai3="67,10,129,32,48,83,16,8,79,34,81,95,106"/><V109/><F115/><W114/><G67/><T72/><D123/><U93/><E119/><V73/><F73/><W94/><G48/><T69/><D69/><U36/><E36/><V62/><F102/><W91/><G91/><T85/><D130/><N who="2" m="49706" /><F133/><W113/><G129/><T20/><D20/><U9/><E134/><V63/><F89/><W42/><G42/><T39/><D44/><U125/><E35/><V103/><F103/><W75/><G75/><T122/><D39/><U0/><E0/><V41/><F109/><W77/><G16/><T108/><D108/><U45/><E111/><V47/><F11/><W118/><G118/><T55/><D55/><U2/><E2/><V86/><F86/><W135/><G135/><T1/><D1/><U12/><E87/><V6/><F6/><W38/><G38/><T70/><D70/><U56/><E125/><N who="0" m="48201" /><D122/><U61/><E45/><N who="2" m="25903" /><F17/><W68/><G68/><T40/><D40/><U23/><E28/><N who="0" m="7169" /><T13/><DORA hai="121" /><D13/><U80/><E14/><V74/><F74/><W105/><AGARI ba="1,0" hai="8,10,32,34,77,79,81,83,94,95,105,106,113,114" machi="105" ten="25,8000,1" yaku="0,1,22,2,52,2" doraHai="100,121" who="3" fromWho="3" sc="190,-21,412,-21,30,-41,368,83" owari="169,-23,391,19,-11,-51,451,55" /></mjloggm>