<mjloggm ver="2.3"><GO type="41"/><UN n0="%73%75%6D%32%32%35%35" n1="%61%6E%69%6B%69" n2="%E3%82%A6%E3%83%AB%E3%83%88%E3%83%A9%E7%AB%8B%E7%9B%B4" n3="%E3%83%9A%E3%83%9A%E3%83%9D%E3%83%B3%E3%82%BF" dan="15,14,13,14" rate="2040,1928,1862,1882" sx="M,M,M,M"/><TAIKYOKU oya="0"/><INIT seed="0,0,0,2,3,130" ten="250,250,250,250" oya="0" hai0="89,11,29,103,116,33,98,79,46,75,61,93,100" hai1="94,95,47,67,13,30,6,10,56,7,101,97,65" hai2="73,132,131,45,117,48,69,66,82,111,134,42,122" hai3="112,58,125,118,133,96,70,76,87,59,104,128,83"/><T50/><D116/><U124/><E124/><V3/><F3/><W9/><G118/><T91/><D11/><U18/><E30/><V40/><F117/><W78/><G112/><T25/><D61/><N who="1" m="38055" /><E67/><V55/><F82/><W28/><G125/><T52/><D79/><U107/><E107/><V17/><F17/><W24/><G128/><T114/><D75/><U81/><E81/><V102/><F102/><W0/><G70/><T108/><D114/><U15/><E47/><V106/><F106/><W68/><G68/><T35/><D108/><U86/><E15/><V90/><F90/><AGARI ba="0,0" hai="6,7,10,13,18,86,90,94,95,97,101" m="38055" machi="90" ten="30,1000,0" yaku="8,1" doraHai="130" who="1" fromWho="2" sc="250,0,250,10,250,-10,250,0" /><INIT seed="1,0,0,3,2,6" ten="250,260,240,250" oya="1" hai0="129,130,59,87,50,82,95,2,88,33,17,106,63" hai1="67,105,118,1,109,9,61,15,132,10,127,47,49" hai2="103,38,14,12,120,98,56,91,30,83,44,75,126" hai3="5,18,0,79,45,58,39,101,40,93,69,41,112"/><U89/><E105/><V25/><F120/><W70/><G112/><T90/><D33/><U7/><E118/><V80/><F126/><W43/><G79/><T11/><D106/><U46/><E127/><V135/><F83/><W4/><G18/><T71/><D50/><U121/><E121/><V32/><F135/><W123/><G123/><T24/><D71/><U3/><E109/><V73/><F73/><W128/><G128/><N who="0" m="49259" /><D24/><U36/><E132/><V96/><F96/><W102/><G58/><T131/><N who="0" m="49267" /><T119/><DORA hai="16" /><D119/><U111/><E111/><V84/><F75/><W54/><G54/><N who="0" m="34295" /><D95/><U125/><E125/><V78/><F78/><W68/><G93/><T8/><D2/><U117/><E117/><V19/><F14/><W134/><G0/><T34/><D34/><U64/><E36/><V94/><F56/><W27/><G134/><T55/><D17/><U92/><E1/><V74/><F74/><W22/><G39/><T76/><D55/><U20/><E64/><V110/><F110/><W115/><G115/><T53/><D53/><U52/><E3/><V122/><F122/><W23/><G45/><T13/><D13/><U65/><E46/><V57/><F57/><W113/><G27/><T81/><D90/><U51/><E51/><V77/><F44/><W99/><G113/><T86/><AGARI ba="0,0" hai="8,11,76,81,82,86,87,88" m="34295,49267" machi="86" ten="40,8000,1" yaku="19,1,52,2,54,1" doraHai="6,16" who="0" fromWho="0" sc="250,80,260,-40,240,-20,250,-20" /><INIT seed="2,0,0,2,2,73" ten="330,220,220,230" oya="2" hai0="71,109,59,104,99,83,39,15,126,24,101,100,115" hai1="64,89,50,58,80,42,6,49,23,19,131,21,119" hai2="116,0,30,36,38,120,54,43,132,56,63,7,45" hai3="25,133,107,12,53,92,91,97,117,65,75,128,85"/><V129/><F30/><W57/><G117/><T70/><D39/><U122/><E119/><V74/><F116/><W77/><G128/><T72/><D115/><U35/><E35/><V55/><F7/><W76/><G133/><T10/><D101/><U26/><E122/><V114/><F0/><W40/><G40/><T69/><D109/><U8/><E131/><V52/><F74/><W93/><G65/><T28/><D126/><U2/><E42/><N who="2" m="22727" /><F129/><W79/><G75/><T96/><D59/><U123/><E123/><V32/><F32/><W16/><G25/><T9/><D99/><U86/><E64/><N who="2" m="39015" /><F120/><W135/><G135/><T112/><D112/><U29/><REACH who="1" step="1"/><E58/><REACH who="1" step="2"/><V27/><F114/><W31/><G31/><T33/><D15/><AGARI ba="0,1" hai="2,6,8,15,19,21,23,26,29,49,50,80,86,89" machi="15" ten="30,7700,0" yaku="1,1,2,1,7,1,53,1" doraHai="73" doraHaiUra="84" who="1" fromWho="0" sc="330,-77,210,87,220,0,230,0" /><INIT seed="3,0,0,5,0,35" ten="253,297,220,230" oya="3" hai0="13,133,18,37,42,120,108,27,79,52,95,118,127" hai1="116,57,132,23,86,30,121,19,107,105,112,20,87" hai2="88,0,67,7,39,16,43,91,65,125,99,53,9" hai3="8,24,51,76,6,66,60,122,113,104,33,115,71"/><W135/><G122/><T110/><D118/><U89/><E121/><V34/><F34/><W97/><G76/><T11/><D120/><U74/><E74/><V75/><F75/><W28/><G51/><T63/><D79/><U58/><E30/><V81/><F125/><W72/><G72/><T70/><D127/><U68/><E112/><V83/><F91/><W50/><G50/><T131/><D133/><U14/><E116/><V41/><F53/><W124/><G124/><T22/><D131/><U117/><E117/><V49/><F49/><W100/><G135/><T128/><D128/><U4/><E4/><V69/><F81/><W129/><G129/><T134/><D134/><U114/><E114/><V1/><F1/><AGARI ba="0,0" hai="1,6,8,24,28,33,60,66,71,97,100,104,113,115" machi="1" ten="30,18000,2" yaku="7,1,25,2,23,2,52,1" doraHai="35" who="3" fromWho="2" sc="253,0,297,0,220,-180,230,180" /><INIT seed="3,1,0,3,1,96" ten="253,297,40,410" oya="3" hai0="49,91,61,53,15,55,38,30,25,123,16,93,73" hai1="54,45,48,37,36,34,59,126,101,2,17,103,6" hai2="115,119,64,58,82,69,39,130,94,81,57,131,105" hai3="125,86,24,5,102,12,80,71,26,87,70,4,46"/><W0/><G125/><T50/><D73/><U110/><E34/><V27/><F105/><W128/><G0/><T41/><D38/><U84/><E126/><V95/><F27/><W19/><G128/><T42/><D123/><U135/><E135/><V117/><F39/><W75/><G75/><T118/><D118/><U67/><E110/><V74/><F74/><W65/><G46/><T134/><D61/><N who="1" m="38335" /><E36/><V99/><F99/><W60/><G71/><T72/><D72/><U8/><E37/><V20/><F20/><W97/><G86/><T92/><D134/><U89/><E2/><V44/><F44/><W35/><G26/><T3/><D3/><U56/><E6/><V40/><F64/><W47/><G47/><N who="0" m="27839" /><D25/><U90/><E45/><V104/><F104/><W11/><G87/><N who="0" m="52351" /><D93/><N who="1" m="54439" /><E90/><V79/><F79/><W29/><G80/><T100/><D100/><N who="1" m="38475" /><E8/><V52/><F52/><W133/><REACH who="3" step="1"/><G133/><REACH who="3" step="2"/><T112/><D42/><U33/><E33/><V129/><F40/><W83/><G83/><T1/><D41/><U14/><E14/><V107/><F107/><AGARI ba="1,1" hai="4,5,11,12,19,24,29,35,60,65,70,97,102,107" machi="107" ten="30,18000,2" yaku="1,1,7,1,25,2,52,1,53,1" doraHai="96" doraHaiUra="63" who="3" fromWho="2" sc="253,0,297,0,40,-183,400,193" owari="253,-15,297,10,-143,-64,593,69" /></mjloggm>