<mjloggm ver="2.3"><GO type="41"/><UN n0="%70%65%61%73%6B%65" n1="%E3%82%A6%E3%83%AB%E3%83%88%E3%83%A9%E7%AB%8B%E7%9B%B4" n2="%52%65%76%69%6E" n3="%E3%81%9F%E3%81%8B%E3%81%97%EF%BC%A0%E5%8D%93%E7%90%83" dan="14,15,13,14" rate="1875,1998,1829,1974" sx="F,M,M,M"/><TAIKYOKU oya="0"/><INIT seed="0,0,0,5,5,75" ten="250,250,250,250" oya="0" hai0="8,22,134,108,40,11,93,61,33,60,4,9,21" hai1="124,117,97,83,110,3,16,132,15,14,79,131,74" hai2="87,73,67,27,54,17,41,104,84,81,85,114,2" hai3="30,76,126,133,96,34,123,51,94,13,6,1,57"/><T64/><D33/><U5/><E117/><V10/><F114/><W70/><G70/><T39/><D134/><U71/><E71/><V112/><F112/><W127/><G133/><T58/><D108/><U52/><E132/><V43/><F104/><W92/><G1/><T36/><D4/><U106/><E110/><V113/><F113/><W88/><G123/><T62/><D40/><U100/><E124/><N who="3" m="47658" /><G92/><T120/><D120/><U38/><E38/><V65/><F2/><W122/><G122/><T32/><D32/><U7/><E131/><V46/><F54/><N who="3" m="31967" /><G34/><T24/><D93/><U130/><E130/><V29/><F73/><W119/><G30/><T118/><D118/><U48/><E3/><V109/><F109/><W116/><G76/><T47/><D47/><U135/><E135/><V66/><F81/><W102/><G102/><T86/><D86/><U18/><E15/><N who="2" m="7415" /><F46/><W89/><G89/><T42/><D42/><U91/><E91/><V80/><F80/><W20/><G20/><AGARI ba="0,0" hai="20,27,29,41,43,65,66,67,84,85,87" m="7415" machi="20" ten="30,1000,0" yaku="8,1" doraHai="75" who="2" fromWho="3" sc="250,0,250,0,250,10,250,-10" /><INIT seed="1,0,0,1,1,30" ten="250,250,260,240" oya="1" hai0="37,129,81,69,66,32,110,34,94,40,126,70,72" hai1="83,44,104,125,71,93,21,108,124,14,20,43,135" hai2="9,131,111,115,123,134,62,60,132,101,75,119,59" hai3="0,79,102,3,33,19,82,106,63,49,97,113,88"/><U114/><E104/><V48/><F101/><W117/><G113/><T15/><D94/><U103/><E71/><N who="0" m="27145" /><D15/><U87/><E114/><V45/><F75/><W12/><G117/><T46/><D110/><U91/><E108/><V92/><F92/><W64/><G33/><N who="0" m="12907" /><D66/><U31/><E31/><V35/><F35/><W118/><G118/><T38/><D126/><N who="1" m="48747" /><E14/><V42/><F9/><W10/><G49/><T16/><D16/><U78/><E21/><V128/><F115/><W52/><G52/><T23/><D23/><U7/><E20/><V39/><F119/><W47/><G47/><T8/><D8/><U112/><E112/><V58/><F111/><W80/><G80/><T56/><D56/><U107/><E44/><V122/><F59/><W133/><G88/><T84/><D84/><U86/><E43/><V74/><F42/><W2/><G64/><T100/><D100/><U99/><E7/><V18/><F58/><W25/><G63/><T73/><D129/><U76/><E76/><V36/><F45/><W54/><G54/><T41/><D41/><U28/><E28/><V11/><F18/><W96/><G25/><T17/><D17/><U68/><E68/><V109/><F109/><W89/><G89/><T61/><D61/><U51/><E51/><V53/><F48/><W121/><G19/><T4/><D4/><U13/><E13/><V24/><F11/><W50/><G10/><T67/><D67/><U5/><E5/><V90/><F128/><W1/><G50/><N who="0" m="26951" /><D72/><U105/><E105/><V26/><F74/><W130/><N who="3" m="512" /><DORA hai="29" /><W127/><G130/><RYUUKYOKU ba="0,0" sc="250,15,250,15,260,-15,240,-15" hai0="37,38,73,81" hai1="78,83,86,87,91,93,99,103,107,135" /><INIT seed="1,1,0,3,5,55" ten="265,265,245,225" oya="1" hai0="110,74,0,97,134,59,95,28,23,108,99,61,30" hai1="65,6,46,121,82,89,22,124,84,114,76,41,122" hai2="123,56,69,64,4,33,77,85,126,5,116,42,91" hai3="62,130,34,45,94,72,17,13,112,47,57,66,40"/><U96/><E114/><V73/><F123/><W127/><G112/><T81/><D0/><U83/><E124/><V8/><F116/><W24/><G72/><T32/><D134/><U68/><E68/><V63/><F33/><W135/><G127/><T120/><D120/><U106/><E65/><V52/><F126/><W71/><G135/><T20/><D32/><U87/><E6/><V53/><F42/><W18/><G130/><T79/><D97/><U39/><E22/><V78/><F73/><W36/><G47/><T58/><D61/><U133/><E133/><V3/><F5/><W31/><G13/><T19/><D23/><U10/><E10/><V48/><REACH who="2" step="1"/><F53/><REACH who="2" step="2"/><W102/><G102/><T80/><D74/><U86/><E121/><V35/><F35/><W104/><G104/><T129/><D129/><U100/><E122/><V38/><F38/><W14/><G14/><T11/><D110/><U119/><E119/><V131/><F131/><W128/><G128/><T109/><D109/><U105/><E105/><V26/><F26/><W27/><G27/><N who="0" m="16487" /><D108/><U118/><E118/><V93/><AGARI ba="1,1" hai="3,4,8,48,52,56,63,64,69,77,78,85,91,93" machi="93" ten="20,8000,1" yaku="1,1,0,1,7,1,52,1,54,1,53,0" doraHai="55" doraHaiUra="117" who="2" fromWho="2" sc="265,-21,265,-41,235,93,225,-21" /><INIT seed="2,0,0,1,5,4" ten="244,224,328,204" oya="2" hai0="44,89,79,18,104,111,24,72,114,128,20,34,122" hai1="60,71,77,13,75,68,51,19,127,52,124,12,87" hai2="11,73,86,113,15,123,45,91,23,115,3,0,6" hai3="90,62,129,103,17,28,5,126,133,83,61,30,93"/><V67/><F123/><W35/><G133/><T119/><D104/><U85/><E13/><V100/><F73/><W105/><G129/><T33/><D119/><U80/><E60/><V121/><F121/><W25/><G126/><N who="1" m="48170" /><E85/><V117/><F117/><W47/><G30/><T7/><D111/><U27/><E27/><V9/><F100/><W53/><G105/><T125/><D125/><U38/><E38/><V65/><F45/><W58/><G103/><T98/><D122/><U70/><E87/><V109/><F109/><W74/><G5/><T49/><D128/><U48/><E52/><V22/><F86/><W120/><G120/><T95/><D114/><U40/><E40/><V66/><F91/><W41/><G62/><T108/><D108/><U107/><E107/><V59/><F59/><W82/><G74/><T78/><D78/><U54/><E54/><V92/><F92/><W88/><G90/><T42/><D7/><U84/><E84/><V94/><F94/><W96/><G17/><T102/><REACH who="0" step="1"/><D102/><REACH who="0" step="2"/><U112/><E112/><V50/><F6/><W2/><REACH who="3" step="1"/><G2/><REACH who="3" step="2"/><T55/><D55/><U101/><E101/><V110/><F110/><W56/><G56/><T106/><D106/><U57/><E57/><V36/><F0/><W76/><G76/><T134/><D134/><U37/><E77/><V130/><F130/><W29/><G29/><T26/><D26/><U116/><E116/><V39/><F3/><W99/><G99/><T31/><D31/><U69/><E69/><V97/><F97/><W135/><G135/><T63/><D63/><U10/><E70/><RYUUKYOKU ba="0,2" sc="234,15,224,-15,328,-15,194,15" hai0="18,20,24,33,34,42,44,49,72,79,89,95,98" hai3="25,28,35,41,47,53,58,61,82,83,88,93,96" /><INIT seed="3,1,2,3,2,67" ten="249,209,313,209" oya="3" hai0="89,21,9,55,38,39,0,29,118,19,53,52,88" hai1="112,24,108,85,94,111,51,50,110,96,78,119,10" hai2="86,13,75,7,15,92,95,3,35,28,135,98,102" hai3="60,41,62,72,114,83,32,54,133,1,58,87,80"/><W12/><G114/><T56/><D118/><U43/><E112/><V122/><F75/><W22/><G1/><T84/><D0/><U14/><E119/><V134/><F122/><W6/><G32/><T76/><D38/><U123/><E123/><V61/><F3/><W74/><G133/><N who="2" m="50697" /><F61/><W81/><G62/><T121/><D39/><U26/><E85/><V66/><F66/><W109/><G87/><T68/><D68/><U124/><E78/><V115/><F115/><W11/><G109/><T65/><D121/><U33/><E124/><V71/><F71/><W104/><G104/><T5/><D5/><N who="1" m="3407" /><E33/><V70/><F70/><W2/><G41/><T129/><D129/><U130/><E130/><V106/><F7/><W63/><G63/><N who="0" m="38119" /><D29/><U27/><E43/><V34/><F35/><W40/><REACH who="3" step="1"/><G40/><REACH who="3" step="2"/><T36/><D36/><U45/><E51/><V97/><F86/><W42/><G42/><T49/><D49/><U91/><E50/><V82/><F106/><W125/><G125/><T46/><D46/><AGARI ba="1,3" hai="24,26,27,45,46,91,94,96,108,110,111" m="3407" machi="46" ten="40,1300,0" yaku="14,1" doraHai="67" who="1" fromWho="0" sc="249,-16,209,46,313,0,199,0" /><INIT seed="4,0,0,4,1,27" ten="233,255,313,199" oya="0" hai0="26,118,39,106,12,67,71,113,100,56,133,85,76" hai1="129,109,91,44,95,92,8,22,14,33,79,2,13" hai2="78,10,28,29,6,62,111,57,7,34,31,72,134" hai3="48,32,69,77,102,101,50,99,41,25,108,58,59"/><T18/><D118/><U88/><E33/><V70/><F111/><W121/><G108/><T21/><D113/><U119/><E109/><V51/><F34/><W64/><G121/><T83/><D133/><U19/><E119/><V80/><F134/><W130/><G130/><T47/><D71/><U73/><E2/><V115/><F115/><W114/><G114/><T116/><D116/><U128/><E79/><V63/><F51/><W125/><G125/><T97/><D39/><U104/><E73/><V126/><F126/><W24/><G77/><T36/><D36/><U15/><E104/><V45/><F45/><W93/><G102/><T66/><D47/><U132/><E44/><V135/><F135/><W127/><G127/><T16/><REACH who="0" step="1"/><D56/><REACH who="0" step="2"/><U96/><E132/><V107/><F70/><W68/><G69/><T82/><D82/><U131/><E8/><AGARI ba="0,1" hai="8,12,16,18,21,26,66,67,76,83,85,97,100,106" machi="8" ten="30,12000,1" yaku="1,1,7,1,54,1,53,2" doraHai="27" doraHaiUra="60" who="0" fromWho="1" sc="223,130,255,-120,313,0,199,0" /><INIT seed="4,1,0,3,4,65" ten="353,135,313,199" oya="0" hai0="50,84,6,122,83,126,121,120,57,94,16,82,119" hai1="59,7,125,87,91,72,110,102,44,15,37,62,4" hai2="58,12,89,127,130,23,69,14,0,108,74,18,32" hai3="71,2,64,104,90,109,75,101,124,22,55,48,112"/><T17/><D119/><U132/><E72/><V105/><F108/><W103/><G109/><T100/><D126/><U78/><E78/><V61/><F69/><W8/><G124/><T52/><D6/><U88/><E125/><V76/><F127/><W51/><G112/><T79/><D100/><U21/><E110/><V1/><F32/><W107/><G75/><T106/><D106/><U96/><E132/><V20/><F105/><W118/><G118/><T45/><D94/><N who="1" m="58647" /><E37/><V24/><F130/><W133/><G133/><T9/><D9/><U43/><E43/><V117/><F117/><W70/><G104/><T31/><D31/><U66/><E44/><V115/><F115/><W81/><G107/><T93/><D93/><N who="1" m="54431" /><E91/><V113/><F113/><W28/><G2/><T73/><REACH who="0" step="1"/><D45/><REACH who="0" step="2"/><U41/><E7/><V99/><F74/><W13/><G28/><T35/><D35/><U67/><E4/><V135/><F135/><W95/><G8/><T86/><D86/><U49/><E21/><V5/><F0/><W85/><G22/><T134/><D134/><U10/><E10/><V36/><F1/><W29/><G29/><T38/><D38/><U54/><E15/><V53/><F36/><W26/><G13/><T98/><D98/><U128/><E128/><V97/><F97/><W46/><G46/><T19/><D19/><U77/><E77/><AGARI ba="1,1" hai="16,17,50,52,57,73,77,79,82,83,84,120,121,122" machi="77" ten="40,12000,1" yaku="1,1,54,2,53,1" doraHai="65" doraHaiUra="47" who="0" fromWho="1" sc="343,133,135,-123,313,0,199,0" /><INIT seed="4,2,0,0,2,13" ten="476,12,313,199" oya="0" hai0="92,75,26,131,81,126,103,42,39,120,11,24,74" hai1="61,128,44,30,28,40,91,76,53,123,20,122,90" hai2="8,112,36,97,101,82,34,106,63,115,5,104,111" hai3="87,57,118,17,94,64,60,12,15,129,98,22,117"/><T134/><D120/><U16/><E123/><V21/><F111/><W85/><G129/><T50/><D126/><U96/><E122/><V73/><F34/><W4/><G117/><T89/><D131/><U121/><E121/><V77/><F21/><W6/><G118/><T124/><D134/><U37/><E128/><V80/><F63/><W7/><REACH who="3" step="1"/><G12/><REACH who="3" step="2"/><T14/><D14/><U19/><E76/><V135/><F77/><W108/><G108/><T127/><D124/><U1/><E1/><V130/><F130/><W56/><G56/><T93/><D127/><U109/><E109/><V33/><F115/><W100/><AGARI ba="2,1" hai="4,6,7,15,17,22,57,60,64,85,87,94,98,100" machi="100" ten="30,7900,0" yaku="1,1,0,1,8,1,52,1,53,0" doraHai="13" doraHaiUra="79" who="3" fromWho="3" sc="476,-41,12,-22,313,-22,189,95" owari="435,54,-10,-51,291,9,284,-12" /></mjloggm>