<mjloggm ver="2.3"><GO type="41"/><UN n0="%E3%82%A6%E3%83%AB%E3%83%88%E3%83%A9%E7%AB%8B%E7%9B%B4" n1="%E3%83%A1%E3%82%A4%E3%83%89%E5%A4%A9%E4%BD%BF%E9%95%B7" n2="%50%72%6F%66%2E%47%33" n3="%E7%A5%9E%E6%A5%BD%E5%9D%82%E5%BD%A9" dan="14,15,13,13" rate="1943,1928,1805,1827" sx="M,M,M,F"/><TAIKYOKU oya="0"/><INIT seed="0,0,0,1,0,102" ten="250,250,250,250" oya="0" hai0="39,1,12,54,3,72,97,87,37,89,31,33,14" hai1="36,13,63,114,5,130,100,69,106,92,112,98,125" hai2="4,19,41,77,118,18,6,99,81,49,108,113,22" hai3="29,50,0,30,131,20,53,24,59,35,43,28,105"/><T82/><D3/><U46/><E125/><V71/><F108/><W117/><G117/><T70/><D1/><U79/><E79/><V16/><F113/><N who="1" m="43625" /><E5/><V23/><F71/><W8/><G131/><T66/><D72/><U75/><E13/><V42/><F118/><W110/><G110/><T133/><D12/><U96/><E75/><V60/><F60/><W51/><G105/><T44/><D14/><U135/><E135/><V62/><F62/><W86/><G35/><T48/><D133/><U119/><E119/><V57/><F99/><W17/><G0/><T11/><D11/><U78/><E78/><V83/><F57/><W10/><G86/><T101/><D70/><U65/><E130/><V38/><F38/><W132/><G132/><T32/><D66/><U129/><E129/><V124/><F124/><W40/><G40/><N who="2" m="15465" /><F49/><W128/><G128/><T134/><D134/><U122/><E122/><V47/><F47/><AGARI ba="0,0" hai="8,10,17,20,24,28,29,30,43,47,50,51,53,59" machi="47" ten="40,1300,0" yaku="8,1" doraHai="102" who="3" fromWho="2" sc="250,0,250,0,250,-13,250,13" /><INIT seed="1,0,0,4,3,42" ten="250,250,237,263" oya="1" hai0="31,17,47,30,128,127,46,89,49,69,3,23,12" hai1="122,77,36,119,37,48,125,91,66,38,87,52,80" hai2="13,106,53,92,55,14,118,82,40,117,64,60,129" hai3="135,97,9,8,111,120,131,54,103,79,107,16,95"/><U81/><E122/><V124/><F106/><W7/><G120/><T58/><D69/><U45/><E119/><V67/><F129/><W88/><G131/><T86/><D3/><U130/><E130/><V126/><F40/><W98/><G111/><T102/><D102/><U25/><E125/><V73/><F92/><W27/><G135/><T28/><D127/><N who="2" m="48682" /><F82/><W123/><G123/><T84/><D128/><U110/><E110/><V11/><F73/><W115/><G115/><T113/><D113/><U26/><REACH who="1" step="1"/><E66/><REACH who="1" step="2"/><V6/><F67/><W5/><G79/><T44/><D89/><U61/><E61/><V35/><F118/><W4/><REACH who="3" step="1"/><G54/><AGARI ba="0,1" hai="12,17,23,28,30,31,44,46,47,49,54,58,84,86" machi="54" ten="40,8000,1" yaku="8,1,52,3" doraHai="42" who="0" fromWho="3" sc="250,90,240,0,237,0,263,-80" /><INIT seed="2,0,0,0,0,108" ten="340,240,237,183" oya="2" hai0="132,128,107,94,53,122,32,102,38,90,17,125,46" hai1="57,75,39,127,77,67,97,2,135,69,54,48,74" hai2="124,88,116,134,58,78,104,68,1,73,7,56,64" hai3="119,36,113,62,133,26,44,85,93,109,12,120,20"/><V10/><F116/><W19/><G109/><T130/><D53/><U117/><E117/><V9/><F104/><W5/><G119/><T33/><D17/><U59/><E2/><V98/><F134/><W37/><G120/><T82/><D94/><U25/><E39/><V72/><F124/><W101/><G133/><T43/><D90/><U86/><E135/><V131/><F131/><W15/><G62/><T8/><D82/><U80/><E127/><V91/><F68/><W35/><G35/><T105/><D8/><U3/><E69/><V83/><F73/><W95/><G36/><T0/><D102/><U103/><E3/><V34/><F34/><W114/><G37/><T87/><D87/><U29/><E67/><V112/><F112/><N who="3" m="43115" /><G44/><T63/><D46/><U111/><E111/><V89/><F64/><W41/><G41/><T52/><D43/><U23/><REACH who="1" step="1"/><E57/><REACH who="1" step="2"/><V66/><F66/><W110/><G110/><T24/><D132/><U65/><E65/><V60/><F60/><W100/><G5/><T76/><D125/><U106/><AGARI ba="0,1" hai="23,25,29,48,54,59,74,75,77,80,86,97,103,106" machi="106" ten="20,2700,0" yaku="1,1,0,1,7,1,53,0" doraHai="108" doraHaiUra="70" who="1" fromWho="1" sc="340,-7,230,37,237,-13,183,-7" /><INIT seed="3,0,0,3,2,44" ten="333,267,224,176" oya="3" hai0="79,131,26,124,106,115,55,104,42,70,88,97,84" hai1="24,94,86,61,51,132,21,128,76,56,5,74,19" hai2="14,23,10,47,71,29,41,135,130,110,91,59,95" hai3="93,6,3,53,20,83,99,78,38,109,39,120,34"/><W33/><G120/><T9/><D70/><U37/><E37/><V122/><F110/><W77/><G34/><T117/><D42/><U46/><E74/><V80/><F135/><W127/><G33/><T123/><D26/><U18/><E132/><V17/><F130/><W11/><G127/><T1/><D1/><U65/><E5/><V102/><F122/><W4/><G109/><T48/><D123/><U13/><E128/><V69/><F102/><W100/><G78/><T8/><D131/><U72/><E72/><V85/><F59/><W82/><G83/><T63/><D117/><U31/><E76/><V35/><F35/><W125/><G125/><T112/><D63/><U66/><E13/><V126/><F126/><W43/><G20/><T50/><D79/><U111/><E111/><V118/><F118/><W28/><G28/><T36/><D36/><U81/><E66/><V57/><F57/><W114/><G114/><N who="0" m="43563" /><D55/><N who="1" m="30199" /><E81/><V113/><F113/><W108/><G108/><T90/><D90/><AGARI ba="0,0" hai="18,19,21,24,31,56,61,65,86,90,94" m="30199" machi="90" ten="30,2000,0" yaku="8,1,52,1" doraHai="44" who="1" fromWho="0" sc="333,-20,267,20,224,0,176,0" /><INIT seed="4,0,0,0,2,52" ten="313,287,224,176" oya="0" hai0="124,86,58,123,75,95,21,111,11,17,32,66,12" hai1="51,20,28,85,40,29,103,34,87,119,118,76,57" hai2="73,98,3,80,31,39,65,18,48,125,114,88,22" hai3="101,49,89,30,129,15,10,70,14,4,127,133,44"/><T56/><D32/><U45/><E34/><V110/><F110/><W132/><G70/><T47/><D75/><U38/><E119/><V7/><F125/><W134/><G101/><T90/><D123/><U23/><E103/><V81/><F39/><W74/><G74/><T99/><D111/><U72/><E72/><V5/><F114/><W64/><G64/><T97/><D124/><U83/><E87/><V126/><F126/><W82/><G127/><T128/><D128/><U71/><E71/><V8/><F7/><W24/><G129/><T121/><D121/><U54/><E118/><V13/><F73/><W115/><G115/><T35/><D35/><U6/><E6/><V27/><F65/><W107/><G107/><T108/><D108/><U77/><REACH who="1" step="1"/><E76/><REACH who="1" step="2"/><V60/><F98/><N who="0" m="37386" /><D66/><U117/><E117/><V67/><F88/><W79/><G89/><T130/><D130/><U59/><E59/><N who="0" m="22569" /><D47/><U46/><E46/><V116/><F116/><W93/><G44/><T63/><D63/><U78/><E78/><V19/><F60/><W69/><G134/><T112/><D112/><U91/><E91/><V122/><F67/><W41/><G133/><T61/><D61/><U62/><E62/><V104/><F122/><W102/><G132/><T68/><D68/><U42/><E42/><V33/><F104/><W43/><G69/><T92/><D92/><U50/><E50/><V55/><F19/><W37/><G49/><T1/><D1/><U0/><E0/><V36/><F36/><W113/><G43/><T100/><D100/><U120/><E120/><V131/><F131/><RYUUKYOKU ba="0,1" sc="313,10,277,10,224,10,176,-30" hai0="11,12,17,21,86,90,95" hai1="20,23,28,29,38,40,45,51,54,57,77,83,85" hai2="3,5,8,13,18,22,27,31,33,48,55,80,81" /><INIT seed="4,1,1,1,5,111" ten="323,287,234,146" oya="0" hai0="40,49,39,81,20,110,101,54,117,115,59,132,44" hai1="106,32,30,67,100,6,64,25,103,48,105,45,3" hai2="80,65,119,33,116,8,47,109,57,66,55,51,37" hai3="1,38,23,61,125,127,58,74,60,98,52,27,107"/><T95/><D117/><N who="2" m="45130" /><F8/><W112/><G74/><T62/><D110/><U83/><E83/><V41/><F80/><W10/><G38/><T31/><D132/><U118/><E118/><V86/><F33/><W14/><G1/><T78/><D115/><U71/><E6/><V50/><F86/><W94/><G107/><T26/><D95/><U84/><E3/><V24/><F24/><W7/><G61/><T75/><REACH who="0" step="1"/><D101/><REACH who="0" step="2"/><U53/><E103/><V82/><F109/><W46/><G112/><T91/><D91/><U104/><E100/><V76/><F82/><W29/><REACH who="3" step="1"/><G46/><REACH who="3" step="2"/><T114/><D114/><U96/><E45/><N who="2" m="23727" /><F76/><W13/><G13/><T102/><D102/><AGARI ba="1,3" hai="7,10,14,23,27,29,52,58,60,94,98,102,125,127" machi="102" ten="40,2600,0" yaku="1,1,54,1,53,0" doraHai="111" doraHaiUra="63" who="3" fromWho="0" sc="313,-29,287,0,234,0,136,59" /><INIT seed="5,0,0,0,3,81" ten="284,287,234,195" oya="1" hai0="14,130,111,70,131,75,1,67,18,23,105,46,135" hai1="104,48,22,101,5,19,120,51,93,124,95,49,66" hai2="0,43,113,129,42,44,112,65,63,87,30,127,114" hai3="58,76,96,45,69,40,47,110,57,39,74,109,28"/><U12/><E120/><V56/><F0/><W60/><G69/><T26/><D1/><U10/><E66/><V98/><F30/><W73/><G28/><T77/><D105/><U97/><REACH who="1" step="1"/><E124/><REACH who="1" step="2"/><V62/><F127/><W84/><G73/><T115/><D67/><U59/><E59/><N who="2" m="37087" /><F87/><W85/><G58/><T116/><D70/><U126/><E126/><V119/><F98/><W86/><G47/><T50/><D116/><U55/><E55/><N who="2" m="34207" /><F129/><W38/><G110/><T100/><D111/><U6/><E6/><V108/><F108/><W125/><G125/><T80/><D130/><U88/><E88/><V121/><F121/><W13/><G109/><T4/><D131/><U21/><E21/><V61/><F119/><W25/><G96/><T123/><D123/><U72/><E72/><V17/><F17/><W122/><G122/><T106/><D4/><U107/><E107/><V103/><F103/><W32/><G74/><T7/><D100/><U54/><E54/><V83/><F42/><W16/><G40/><T79/><D106/><U90/><E90/><V91/><F91/><W102/><G102/><T89/><D89/><U118/><E118/><V78/><F83/><W36/><G76/><T71/><D79/><U134/><E134/><V15/><F78/><W41/><G32/><T33/><D135/><U52/><E52/><V99/><F99/><W132/><G132/><T64/><D7/><U8/><E8/><V31/><F114/><W37/><G86/><T27/><D115/><U68/><E68/><V94/><F113/><W9/><G25/><AGARI ba="0,1" hai="5,10,12,19,22,25,48,49,51,93,95,97,101,104" machi="25" ten="40,2000,0" yaku="1,1,53,0" doraHai="81" doraHaiUra="133" who="1" fromWho="3" sc="284,0,277,30,234,0,195,-20" /><INIT seed="5,1,0,1,4,109" ten="284,307,234,175" oya="1" hai0="35,80,51,37,93,17,112,77,101,56,92,108,0" hai1="81,52,36,122,85,94,110,22,89,88,67,5,126" hai2="132,79,65,118,123,100,34,121,131,117,20,84,19" hai3="46,99,106,124,2,74,98,38,59,16,120,105,96"/><U75/><E122/><N who="2" m="46603" /><F100/><W95/><G74/><T119/><D35/><U53/><E36/><V54/><F84/><W26/><G2/><T43/><D108/><U21/><E75/><V71/><F79/><W128/><G120/><T27/><D119/><N who="2" m="45578" /><F54/><N who="1" m="21097" /><E110/><V14/><F65/><W61/><G128/><T73/><D51/><U130/><E130/><V9/><F71/><W29/><G124/><T83/><D56/><U32/><E126/><V114/><F131/><W4/><G4/><T103/><D83/><U44/><E5/><N who="2" m="3375" /><F132/><W129/><G129/><T39/><D101/><U87/><E67/><V58/><F58/><W28/><G46/><T24/><D103/><U127/><E127/><V76/><F76/><W57/><G38/><T68/><D68/><U62/><E62/><V30/><F114/><W45/><G45/><T113/><D39/><U42/><E42/><V102/><F102/><N who="3" m="60703" /><G106/><T60/><D43/><U15/><E44/><V7/><F7/><W49/><G105/><T63/><D37/><U8/><E81/><V72/><F72/><W13/><G49/><T11/><D63/><U48/><E48/><V70/><F70/><W66/><G59/><T91/><D60/><U1/><E89/><V23/><F19/><W97/><G26/><AGARI ba="1,0" hai="20,23,26,30,34" m="3375,45578,46603" machi="26" ten="30,2000,0" yaku="34,2" doraHai="109" who="2" fromWho="3" sc="284,0,307,0,234,23,175,-23" /><INIT seed="6,0,0,0,3,83" ten="284,307,257,152" oya="2" hai0="54,3,55,98,86,2,45,78,59,57,69,93,20" hai1="73,114,80,71,127,19,109,119,92,67,112,24,41" hai2="82,7,110,23,60,125,126,50,18,90,38,62,48" hai3="44,76,35,101,66,34,103,113,111,94,30,17,29"/><V135/><F38/><W8/><G111/><T6/><D69/><U39/><E109/><V95/><F82/><W133/><G35/><T99/><D3/><U16/><E119/><V74/><F74/><W116/><G116/><T37/><D37/><U75/><E39/><V132/><F7/><W36/><G133/><N who="2" m="51273" /><F110/><W128/><G128/><T104/><D104/><U5/><E41/><V121/><F121/><W91/><G76/><T58/><D6/><U70/><E5/><V40/><F60/><W100/><G34/><T108/><D2/><U134/><E134/><V88/><F62/><W107/><G107/><T27/><D108/><U89/><E73/><V46/><F50/><W9/><G66/><T47/><D99/><U120/><E67/><V106/><F106/><W43/><G113/><T79/><D79/><U87/><E112/><V13/><F90/><W32/><G32/><T129/><D129/><U31/><E75/><V0/><F0/><W51/><G36/><T53/><D98/><AGARI ba="0,0" hai="13,18,23,40,46,48,88,95,98,125,126" m="51273" machi="98" ten="30,2900,0" yaku="20,1,54,1" doraHai="83" who="2" fromWho="0" sc="284,-29,307,0,257,29,152,0" /><INIT seed="6,1,0,5,2,15" ten="255,307,286,152" oya="2" hai0="47,39,23,2,107,97,94,104,19,22,70,114,127" hai1="115,27,25,108,9,119,105,67,6,33,38,112,92" hai2="48,99,66,53,62,17,98,71,59,106,49,55,133" hai3="121,3,8,80,122,0,32,75,30,54,78,10,116"/><V82/><F133/><W86/><G116/><T11/><D70/><U16/><E105/><V76/><F106/><W135/><G135/><T83/><D23/><N who="1" m="13543" /><E38/><V68/><F68/><W31/><G75/><T103/><D114/><N who="1" m="43563" /><E67/><V110/><F17/><W81/><G32/><T120/><D127/><U102/><E119/><V4/><F4/><W96/><G54/><T100/><D120/><U12/><E92/><V64/><F64/><W111/><G111/><T69/><D69/><U45/><E45/><V125/><F125/><W20/><G20/><T5/><D100/><U131/><E102/><V117/><F117/><W58/><G58/><T57/><D57/><U26/><E131/><V109/><F110/><W87/><G78/><T118/><D118/><U1/><E108/><V101/><F109/><W42/><REACH who="3" step="1"/><G96/><REACH who="3" step="2"/><T93/><D47/><U129/><E129/><V91/><F101/><W43/><AGARI ba="1,1" hai="0,3,8,10,30,31,42,43,80,81,86,87,121,122" machi="43" ten="25,8000,1" yaku="1,1,2,1,0,1,22,2,53,0" doraHai="15" doraHaiUra="113" who="3" fromWho="3" sc="255,-21,307,-21,286,-41,142,93" /><INIT seed="7,0,0,2,4,64" ten="234,286,245,235" oya="3" hai0="52,71,24,99,31,110,104,129,18,116,11,113,41" hai1="112,63,32,101,123,73,93,84,83,105,40,127,121" hai2="43,128,26,2,37,25,114,1,56,33,96,119,61" hai3="85,77,21,122,130,124,62,135,16,42,82,100,134"/><W92/><G122/><T103/><D116/><U6/><E32/><V132/><F119/><W12/><G124/><T60/><D110/><U98/><E40/><V38/><F128/><W51/><G130/><T17/><D41/><U79/><E6/><V125/><F132/><W15/><G62/><T19/><D129/><U81/><E63/><V58/><F125/><W9/><G100/><T34/><D113/><U53/><E53/><V95/><F114/><W54/><G42/><T109/><D109/><U49/><E49/><V118/><F118/><W76/><G92/><T45/><D45/><U80/><E112/><V67/><F1/><W108/><G108/><T7/><D52/><U57/><E57/><V117/><F117/><W14/><G14/><N who="0" m="7391" /><D7/><U91/><E127/><V115/><F2/><W48/><G76/><T5/><D5/><U47/><E47/><V72/><F115/><W44/><REACH who="3" step="1"/><G51/><REACH who="3" step="2"/><T131/><D131/><U59/><E121/><V30/><F37/><W88/><G88/><T102/><D102/><U133/><E123/><V27/><F38/><W35/><G35/><T111/><D111/><U50/><E50/><V97/><F43/><W39/><G39/><T65/><AGARI ba="0,1" hai="18,19,24,31,34,60,65,71,99,103,104" m="7391" machi="65" ten="30,2000,0" yaku="25,1,52,1" doraHai="64" who="0" fromWho="0" sc="234,30,286,-5,245,-5,225,-10" /><INIT seed="8,0,0,5,3,4" ten="264,281,240,215" oya="0" hai0="58,45,123,15,53,82,79,18,13,34,72,85,66" hai1="10,0,94,62,31,22,121,86,127,117,71,114,46" hai2="27,112,49,14,57,109,64,30,63,134,38,132,108" hai3="36,29,51,50,87,56,122,55,97,28,73,70,33"/><T106/><D106/><U32/><E121/><V1/><F1/><W20/><G73/><T135/><D34/><U43/><E127/><V80/><F38/><W68/><G36/><T54/><D123/><U83/><E94/><V116/><F112/><W81/><G122/><T105/><D105/><U39/><E114/><V103/><F14/><W78/><G33/><T91/><D135/><N who="2" m="51754" /><F103/><W90/><G50/><T16/><D45/><U76/><E32/><N who="2" m="20575" /><F80/><W67/><G20/><N who="0" m="11279" /><D72/><U11/><E0/><V24/><F24/><W21/><G21/><N who="0" m="11487" /><D79/><U47/><E47/><V120/><F120/><W96/><G78/><T44/><D44/><U35/><E35/><V126/><F49/><W124/><G124/><T65/><D54/><U88/><E76/><V125/><F116/><W84/><G70/><T37/><D37/><U102/><E117/><V69/><F69/><W118/><G68/><T89/><D89/><U6/><E71/><V3/><F3/><W7/><G67/><T95/><D82/><U25/><E102/><V101/><F101/><W52/><G87/><T19/><D19/><U98/><E39/><V92/><F92/><W130/><G7/><T75/><D75/><U8/><E6/><V110/><AGARI ba="0,0" hai="57,63,64,108,109,110,125,126" m="20575,51754" machi="110" ten="40,1500,0" yaku="20,1" doraHai="4" who="2" fromWho="2" sc="264,-7,281,-4,240,15,215,-4" /><INIT seed="9,0,0,1,5,99" ten="257,277,255,211" oya="1" hai0="4,125,0,121,126,106,11,73,38,65,131,110,31" hai1="51,64,112,116,8,9,22,27,130,88,68,82,19" hai2="87,75,123,134,25,70,1,90,101,17,97,79,21" hai3="91,104,118,6,135,122,60,109,18,98,83,76,62"/><U16/><E116/><V7/><F123/><W30/><G122/><T47/><D121/><U89/><E112/><V78/><F134/><W50/><G109/><T37/><D110/><U15/><E68/><V48/><F70/><W36/><G135/><T39/><D65/><U61/><E51/><V132/><F132/><W40/><G36/><T28/><D73/><U100/><E100/><V42/><F75/><W10/><G30/><T45/><D106/><U93/><E82/><V108/><F108/><W124/><G118/><T95/><D95/><U67/><E61/><V77/><F1/><W24/><G62/><T66/><D66/><N who="1" m="25131" /><E130/><V13/><F48/><W119/><G50/><T2/><D131/><U81/><E81/><V71/><F71/><W34/><G60/><T32/><D32/><U72/><E72/><V55/><F42/><W49/><G40/><T92/><D92/><U105/><E105/><V96/><F55/><W117/><G49/><T44/><REACH who="0" step="1"/><D0/><REACH who="0" step="2"/><U12/><E93/><N who="2" m="54495" /><F101/><W43/><G104/><T35/><D35/><U56/><E56/><V52/><F52/><W41/><G34/><T127/><AGARI ba="0,1" hai="2,4,11,28,31,37,38,39,44,45,47,125,126,127" machi="127" ten="50,8000,1" yaku="1,1,0,1,29,2,18,1,53,0" doraHai="99" doraHaiUra="59" who="0" fromWho="0" sc="247,90,277,-40,255,-20,211,-20" owari="337,43,237,4,235,-16,191,-31" /></mjloggm>