<mjloggm ver="2.3"><GO type="41"/><UN n0="%E3%82%A6%E3%83%AB%E3%83%88%E3%83%A9%E7%AB%8B%E7%9B%B4" n1="%61%73%61%74%6F%6F" n2="%E3%81%A8%E3%83%BC%E3%82%84%E3%82%93" n3="%E7%A7%A6%E6%B0%8F" dan="14,14,14,14" rate="1930,1951,1854,1941" sx="M,M,M,F"/><TAIKYOKU oya="0"/><INIT seed="0,0,0,4,5,49" ten="250,250,250,250" oya="0" hai0="70,80,65,0,84,15,39,71,18,37,6,86,121" hai1="108,103,116,55,98,63,40,88,118,53,44,78,13" hai2="9,72,58,77,83,130,46,87,115,95,81,96,93" hai3="61,106,30,131,32,20,91,14,127,111,132,69,104"/><T89/><D121/><U102/><E78/><V34/><F34/><W36/><G36/><T125/><D125/><U105/><E108/><V2/><F115/><W128/><G111/><T85/><D6/><U101/><E105/><V73/><F130/><W25/><G127/><T5/><D5/><U38/><E63/><V24/><F2/><W68/><G91/><T122/><D0/><U92/><REACH who="1" step="1"/><E13/><REACH who="1" step="2"/><V57/><F72/><W35/><G61/><T19/><D122/><U7/><E7/><V82/><F73/><W51/><G14/><T28/><D15/><U120/><E120/><V135/><F135/><W75/><G75/><T17/><D65/><U94/><E94/><V11/><F93/><W22/><G132/><T123/><D123/><U41/><E41/><V10/><F82/><W56/><G106/><T42/><D42/><U3/><E3/><V124/><F81/><W62/><G62/><T48/><D80/><U97/><E97/><V27/><F124/><W50/><G104/><T59/><D39/><U113/><E113/><V43/><F95/><W26/><G30/><T112/><D37/><U31/><E31/><V16/><F96/><W54/><G54/><AGARI ba="0,1" hai="38,40,44,53,54,55,88,92,98,101,102,103,116,118" machi="54" ten="40,8000,1" yaku="1,1,52,3,54,1,53,0" doraHai="49" doraHaiUra="21" who="1" fromWho="3" sc="250,0,240,90,250,0,250,-80" /><INIT seed="1,0,0,2,2,33" ten="250,330,250,170" oya="1" hai0="117,57,34,81,102,15,41,80,92,126,42,26,125" hai1="101,49,37,35,77,39,96,103,2,23,108,113,40" hai2="14,21,72,64,75,114,73,17,71,5,8,22,19" hai3="107,32,95,119,89,130,20,38,4,97,78,10,7"/><U109/><E113/><V12/><F114/><W84/><G32/><T29/><D117/><U87/><E35/><V0/><F64/><W43/><G119/><T133/><D133/><U53/><E2/><V82/><REACH who="2" step="1"/><F71/><REACH who="2" step="2"/><W56/><G130/><T18/><D126/><U110/><E23/><V124/><F124/><W24/><G20/><T28/><D125/><U55/><E39/><V123/><F123/><W116/><G116/><T27/><D34/><U63/><E37/><V47/><F47/><W61/><G38/><T36/><D36/><U48/><E40/><V135/><F135/><W6/><G43/><T106/><D42/><U90/><E77/><AGARI ba="0,1" hai="0,5,8,12,14,17,19,21,22,72,73,75,77,82" machi="77" ten="40,12000,2" yaku="1,1,9,1,52,1,53,3" doraHai="33" doraHaiUra="105" who="2" fromWho="1" sc="250,0,330,-120,240,130,170,0" /><INIT seed="2,0,0,5,5,10" ten="250,210,370,170" oya="2" hai0="95,117,98,44,42,114,30,125,32,38,13,65,69" hai1="24,58,43,111,26,66,21,0,110,45,54,133,46" hai2="37,83,102,90,20,6,123,9,36,100,2,51,113" hai3="105,56,107,22,70,52,119,40,79,1,80,27,23"/><V86/><F113/><W8/><G119/><T3/><D3/><U92/><E0/><V116/><F123/><W12/><G1/><T101/><D114/><U55/><E133/><V106/><F116/><W19/><G70/><T124/><D117/><U31/><E66/><V35/><F35/><W82/><G40/><T73/><D73/><U132/><E132/><V48/><F37/><W61/><G23/><T16/><D30/><U89/><E54/><V50/><F36/><W93/><G93/><T4/><D4/><U72/><E72/><V25/><REACH who="2" step="1"/><F106/><REACH who="2" step="2"/><W5/><REACH who="3" step="1"/><G82/><REACH who="3" step="2"/><T131/><D32/><N who="1" m="20583" /><E111/><V77/><F77/><W67/><G67/><T7/><D7/><U122/><BYE who="0" /><E122/><V104/><F104/><W126/><G126/><T11/><D11/><U81/><E110/><V78/><F78/><W97/><G97/><T112/><D112/><U59/><E81/><UN n0="%E3%82%A6%E3%83%AB%E3%83%88%E3%83%A9%E7%AB%8B%E7%9B%B4" /><V84/><F84/><AGARI ba="0,2" hai="5,8,12,19,22,27,52,56,61,79,80,84,105,107" machi="84" ten="30,7700,0" yaku="1,1,7,1,52,1,54,1,53,0" doraHai="10" doraHaiUra="29" who="3" fromWho="2" sc="250,0,210,0,360,-77,160,97" /><INIT seed="3,0,0,2,2,121" ten="250,210,283,257" oya="3" hai0="28,113,40,76,98,125,26,38,33,131,51,95,119" hai1="70,15,36,79,8,108,112,83,0,135,20,24,22" hai2="59,41,2,47,80,110,37,42,49,109,58,90,39" hai3="77,78,106,126,69,130,97,52,88,48,54,32,34"/><W94/><G106/><T62/><D119/><U10/><E70/><V50/><F2/><W128/><G69/><T103/><D38/><N who="2" m="14346" /><F90/><W85/><G126/><T29/><D125/><U72/><E36/><V11/><F11/><W87/><G97/><T75/><D131/><N who="3" m="50217" /><G54/><T66/><D29/><U45/><E112/><V27/><F27/><W53/><G53/><T31/><D31/><U104/><E104/><V102/><F102/><W7/><G7/><T111/><D113/><U115/><E115/><V74/><F80/><N who="3" m="47255" /><G77/><T18/><D51/><N who="2" m="19466" /><F74/><W6/><G6/><T5/><D5/><U23/><E24/><V99/><F99/><W120/><G120/><T67/><D76/><U123/><E123/><V56/><F47/><AGARI ba="0,0" hai="32,34,47,48,52,87,88,94" m="47255,50217" machi="47" ten="30,5800,0" yaku="19,1,54,2" doraHai="121" who="3" fromWho="2" sc="250,0,210,0,283,-58,257,58" /><INIT seed="3,1,0,3,1,30" ten="250,210,225,315" oya="3" hai0="41,12,60,15,92,128,105,120,62,31,4,83,9" hai1="66,56,29,111,86,3,13,91,125,14,115,23,131" hai2="1,27,36,130,96,117,79,99,20,81,93,112,72" hai3="8,40,90,50,46,103,26,35,100,24,84,126,69"/><W110/><G69/><T16/><D105/><U102/><E115/><V52/><F112/><W119/><G119/><T48/><D120/><U33/><E3/><V71/><F117/><W88/><G90/><T22/><D128/><U108/><E131/><V43/><F1/><W82/><G126/><T21/><D83/><U37/><E37/><V109/><F71/><W47/><G110/><N who="1" m="42026" /><E125/><V104/><F109/><W107/><G107/><T5/><D5/><U57/><E102/><N who="3" m="38954" /><G35/><T18/><D31/><U80/><E33/><V59/><F130/><W65/><G65/><T70/><D70/><U97/><E97/><V95/><F104/><W129/><G47/><T63/><D92/><U113/><E113/><V11/><F93/><W34/><G34/><T38/><D38/><U133/><E29/><V75/><F75/><W127/><G127/><T73/><D73/><U17/><E66/><V89/><F96/><W44/><G44/><T123/><D123/><U106/><E106/><V49/><F36/><W85/><G85/><T58/><D41/><U28/><E28/><V116/><F116/><W134/><G129/><T64/><REACH who="0" step="1"/><D48/><REACH who="0" step="2"/><U61/><E80/><V77/><F43/><W54/><G40/><T67/><D67/><U94/><E94/><V55/><F72/><W6/><G6/><T78/><D78/><U32/><E32/><V25/><F79/><W7/><G7/><T53/><D53/><U135/><E91/><V76/><F77/><W45/><G88/><T68/><D68/><U118/><E118/><V114/><F76/><W42/><G42/><T101/><D101/><RYUUKYOKU ba="1,1" sc="240,30,210,-10,225,-10,315,-10" hai0="4,9,12,15,16,18,21,22,58,60,62,63,64" /><INIT seed="4,2,1,5,1,50" ten="270,200,215,305" oya="0" hai0="88,11,65,82,33,132,26,133,14,81,36,5,46" hai1="53,98,22,56,118,48,16,111,29,79,67,114,31" hai2="99,116,128,64,80,20,101,89,37,30,134,97,24" hai3="84,42,1,109,0,120,62,130,113,135,63,68,105"/><T2/><D65/><U66/><E111/><V86/><F128/><W55/><G109/><T100/><D100/><U47/><E118/><V127/><F134/><N who="0" m="51818" /><D36/><U103/><E79/><V96/><F127/><W27/><G105/><T106/><D106/><U126/><E126/><V75/><F37/><W70/><G135/><T60/><D60/><U49/><E114/><V28/><F116/><W108/><G108/><T32/><D46/><U12/><E67/><V4/><F30/><W8/><G42/><T77/><D26/><U107/><E66/><V71/><F4/><W125/><G27/><T17/><D88/><U83/><E83/><N who="0" m="31753" /><D77/><U35/><E35/><V39/><F39/><W122/><G125/><T59/><D59/><U6/><E6/><V57/><F75/><W69/><G63/><T93/><D93/><U41/><AGARI ba="2,1" hai="12,16,22,29,31,41,47,48,49,53,56,98,103,107" machi="41" ten="20,5200,0" yaku="0,1,7,1,52,1,54,1" doraHai="50" who="1" fromWho="1" sc="270,-28,200,68,215,-15,305,-15" /><INIT seed="5,0,0,4,0,86" ten="242,268,200,290" oya="1" hai0="55,80,89,130,1,27,6,113,7,17,31,18,96" hai1="32,42,46,66,129,9,65,45,22,8,94,24,106" hai2="104,0,83,51,20,70,79,61,117,114,39,135,119" hai3="111,21,76,95,3,19,41,16,14,82,124,116,52"/><U25/><E106/><V88/><F39/><W62/><G3/><T132/><D113/><U53/><E129/><V107/><F0/><W43/><G111/><T4/><D1/><U48/><E32/><V98/><F114/><W108/><G108/><T50/><D130/><U69/><E24/><V75/><F135/><W49/><G62/><T73/><D73/><U28/><E69/><V121/><F51/><W64/><G64/><T103/><D132/><U63/><E65/><V99/><F20/><W37/><G37/><T87/><D96/><N who="2" m="36906" /><F61/><W91/><G124/><T68/><D103/><U110/><E110/><V44/><F44/><N who="3" m="27687" /><G82/><T133/><D68/><U40/><E94/><V118/><F70/><W123/><G76/><T115/><D115/><U36/><E66/><V35/><F35/><W128/><G128/><T30/><D133/><U112/><E112/><V126/><F126/><W58/><G58/><T47/><REACH who="0" step="1"/><D31/><REACH who="0" step="2"/><U78/><E36/><V11/><F121/><W10/><G123/><T122/><D122/><U56/><E42/><V71/><F71/><W26/><G116/><T84/><D84/><AGARI ba="0,1" hai="10,14,16,19,21,26,41,43,84,91,95" m="27687" machi="84" ten="30,7700,0" yaku="8,1,52,1,54,2" doraHai="86" who="3" fromWho="0" sc="232,-77,268,0,200,0,290,87" /><INIT seed="6,0,0,5,0,122" ten="155,268,200,377" oya="2" hai0="24,46,21,52,117,65,97,37,133,40,74,4,41" hai1="93,116,89,2,79,30,130,94,131,83,77,99,8" hai2="84,109,17,82,118,67,63,28,19,22,48,80,15" hai3="13,64,98,107,38,86,111,72,105,78,10,95,125"/><V61/><F118/><W9/><G9/><T0/><D117/><U129/><E116/><V11/><F28/><W87/><G38/><T3/><D133/><U60/><E30/><V55/><F109/><W126/><G64/><T5/><D74/><U62/><E2/><V33/><F33/><W1/><G1/><T88/><D3/><U45/><E45/><V25/><F67/><W103/><G13/><T32/><D32/><U12/><E93/><V58/><REACH who="2" step="1"/><F80/><REACH who="2" step="2"/><N who="3" m="45127" /><G111/><T104/><D65/><U39/><E39/><V132/><F132/><W18/><G125/><T128/><D128/><U66/><E66/><V113/><F113/><W119/><G126/><T101/><D37/><U43/><E83/><V54/><F54/><W114/><G114/><T44/><D41/><U27/><E43/><V110/><F110/><W100/><G119/><T71/><D40/><U102/><E131/><V106/><F106/><W127/><G127/><T85/><D71/><U124/><E124/><V134/><F134/><W81/><G81/><T50/><D46/><U135/><E135/><V20/><F20/><W23/><G23/><T75/><D75/><U49/><E130/><V57/><F57/><W53/><G53/><T69/><D69/><U92/><E129/><V73/><F73/><W90/><G107/><T108/><D108/><U96/><E77/><AGARI ba="0,1" hai="11,15,17,19,22,25,48,55,58,61,63,77,82,84" machi="77" ten="30,5800,0" yaku="1,1,7,1,8,1,53,0" doraHai="122" doraHaiUra="91" who="2" fromWho="1" sc="155,0,268,-58,190,68,377,0" /><INIT seed="6,1,0,1,1,135" ten="155,210,258,377" oya="2" hai0="46,20,121,84,69,92,5,50,118,74,76,105,124" hai1="9,66,42,77,27,128,119,110,63,94,2,25,11" hai2="106,49,126,99,70,64,54,33,8,115,129,75,10" hai3="89,59,81,83,12,112,43,18,29,57,113,101,39"/><V73/><F33/><W61/><G101/><T103/><D69/><U26/><E110/><V102/><F115/><N who="3" m="44107" /><G29/><T104/><D20/><U98/><E119/><V19/><F129/><W114/><G114/><T15/><D50/><U45/><E128/><V34/><F34/><W41/><G59/><T107/><D46/><U97/><E77/><V122/><F122/><W86/><G81/><N who="0" m="45207" /><D15/><U65/><E2/><V131/><F131/><W7/><G7/><T14/><D14/><U95/><E63/><V125/><F19/><W40/><G39/><T91/><D5/><U134/><E45/><V47/><F64/><N who="3" m="38959" /><G43/><T16/><D16/><U35/><E35/><V67/><F67/><W82/><G83/><T21/><D21/><AGARI ba="1,0" hai="12,18,21,40,41,82,86,89" m="38959,44107" machi="21" ten="30,2000,0" yaku="15,1,11,1" doraHai="135" who="3" fromWho="0" sc="155,-23,210,0,258,0,377,23" /><INIT seed="7,0,0,4,4,117" ten="132,210,258,400" oya="3" hai0="30,72,33,40,123,96,42,19,61,111,45,90,36" hai1="129,128,112,79,4,14,28,97,29,114,44,10,25" hai2="103,8,71,104,17,134,43,21,93,119,3,64,74" hai3="88,2,115,24,87,118,133,59,35,106,91,77,80"/><W23/><G35/><T120/><D111/><U94/><E79/><V34/><F104/><W121/><G2/><T122/><D72/><U53/><E44/><V116/><F74/><W20/><G20/><T9/><D42/><U70/><E70/><V55/><F34/><W135/><G121/><T58/><D30/><U38/><E38/><V51/><F43/><W75/><G106/><T109/><D33/><U65/><E53/><V107/><F107/><W101/><G101/><T46/><D109/><U124/><E65/><V31/><F31/><W18/><G115/><N who="1" m="44074" /><E94/><V86/><F64/><W37/><G37/><T47/><D96/><U81/><E81/><V32/><F32/><W76/><G76/><T89/><D40/><U113/><E97/><V39/><F71/><W68/><G118/><T15/><REACH who="0" step="1"/><D36/><REACH who="0" step="2"/><U105/><E113/><V50/><F39/><W54/><G68/><T41/><D41/><U110/><E110/><V78/><F116/><W67/><G91/><T63/><D63/><U26/><E105/><V57/><F119/><W73/><G80/><T5/><D5/><U100/><E29/><V66/><F50/><W98/><G67/><AGARI ba="0,1" hai="9,15,19,45,46,47,58,61,67,89,90,120,122,123" machi="67" ten="50,8000,1" yaku="1,1,52,3,53,0" doraHai="117" doraHaiUra="132" who="0" fromWho="3" sc="122,90,210,0,258,0,400,-80" owari="212,-19,210,-29,258,6,320,42" /></mjloggm>