<mjloggm ver="2.3"><GO type="193"/><UN n0="%E3%82%A6%E3%83%AB%E3%83%88%E3%83%A9%E7%AB%8B%E7%9B%B4" n1="%6D%6F%63%6D%6F%63" n2="%E3%83%91%E3%83%B3%E3%81%97%E3%82%87%E3%81%86%E3%81%A0" n3="%44%49%43%45" dan="12,12,12,10" rate="1840,1733,1671,1799" sx="M,M,M,M"/><TAIKYOKU oya="0"/><INIT seed="0,0,0,4,2,16" ten="250,250,250,250" oya="0" hai0="96,31,94,97,103,130,104,71,13,52,135,30,17" hai1="6,123,116,119,118,125,28,72,92,49,60,5,82" hai2="67,57,78,8,33,50,134,76,22,88,4,91,2" hai3="68,69,121,126,43,27,1,81,85,21,83,54,117" shuffle="mt19937ar,18FFD992,0170C639,5DEB7FF8,EEF56673,FCF5235C,F53DD2C0,A2E2B5CF,6FF427DC"/><T59/><D71/><U7/><E92/><V62/><F134/><W107/><G117/><T66/><D66/><U25/><E72/><V11/><F33/><W77/><G107/><T89/><D135/><U124/><E82/><V9/><F50/><W127/><G1/><T47/><D47/><U129/><E60/><V93/><F4/><W106/><G106/><T37/><D37/><U114/><E49/><V112/><F112/><W20/><G43/><T46/><D46/><U45/><E45/><V18/><F2/><W56/><G121/><T29/><D130/><U3/><E123/><V102/><F102/><W64/><G27/><T55/><REACH who="0" step="1"/><D59/><REACH who="0" step="2"/><U75/><E114/><V131/><F131/><W84/><G64/><T65/><D65/><U73/><E129/><V101/><F101/><W32/><G56/><T53/><D53/><U74/><E3/><V90/><REACH who="2" step="1"/><F93/><REACH who="2" step="2"/><W10/><G32/><AGARI ba="0,2" hai="5,6,7,25,28,32,73,74,75,116,118,119,124,125" machi="32" ten="60,3900,0" yaku="29,2" doraHai="16" who="1" fromWho="3" sc="240,0,250,59,240,0,250,-39" /><INIT seed="1,0,0,4,4,103" ten="240,309,240,211" oya="1" hai0="84,33,112,104,122,30,115,45,97,91,108,132,76" hai1="114,29,118,12,102,70,17,78,101,73,36,81,90" hai2="49,51,8,130,48,5,133,71,109,1,117,126,135" hai3="14,15,10,68,43,127,89,86,28,60,67,50,4" shuffle="mt19937ar,D81B7236,3C8412EF,41B3D24D,44539C28,FA70B873,027F4835,0FEC96C0,16B9F4C5"/><U96/><E70/><V85/><F117/><W82/><G127/><T93/><D30/><U121/><E36/><V58/><F109/><W113/><G113/><T35/><D45/><U7/><E118/><V119/><F119/><W37/><G28/><T65/><D65/><U74/><E121/><V63/><F126/><W46/><G37/><T13/><D13/><AGARI ba="0,0" hai="4,10,13,14,15,43,46,50,60,67,68,82,86,89" machi="13" ten="30,1000,0" yaku="7,1" doraHai="103" who="3" fromWho="0" sc="240,-10,309,0,240,0,211,10" /><INIT seed="2,0,0,3,5,39" ten="230,309,240,221" oya="2" hai0="122,30,90,60,58,34,38,28,134,5,89,2,94" hai1="63,126,46,32,19,125,76,103,4,84,70,25,61" hai2="12,81,40,120,10,0,50,135,80,67,99,106,14" hai3="69,74,22,48,111,26,41,78,73,97,110,105,55" shuffle="mt19937ar,ACE43E24,D49388F6,AF49E28A,304014FF,94096CCD,A4B256C5,4977E996,34CAF225"/><V64/><F135/><W51/><G69/><T85/><D134/><U33/><E70/><V37/><F120/><W132/><G105/><T121/><D38/><U92/><E4/><V1/><F37/><W83/><G97/><T133/><D133/><U62/><E46/><V6/><F106/><W47/><G132/><T45/><D5/><U29/><E76/><V53/><F99/><W96/><G96/><T52/><D2/><U15/><E84/><V93/><F93/><W95/><G95/><T71/><D71/><U79/><E79/><V87/><F1/><W130/><G130/><T112/><D112/><U57/><E92/><V16/><F80/><W43/><G74/><T104/><D104/><U27/><E103/><V23/><F0/><W18/><REACH who="3" step="1"/><G51/><REACH who="3" step="2"/><N who="0" m="28783" /><D121/><U49/><E49/><V68/><F68/><W114/><G114/><T82/><D122/><U107/><E107/><V75/><F75/><W101/><G101/><T59/><D34/><U65/><E33/><V17/><F6/><W24/><G24/><T123/><D123/><U115/><E25/><V124/><F124/><N who="1" m="47721" /><E115/><V13/><F13/><W56/><G56/><N who="0" m="21547" /><D60/><U116/><E116/><V127/><F127/><W88/><G88/><T42/><D90/><U98/><E98/><V54/><F87/><W102/><G102/><T9/><D94/><U117/><E117/><V86/><F86/><W113/><G113/><T77/><D89/><U11/><AGARI ba="0,1" hai="11,15,19,27,29,32,57,61,62,63,65" m="47721" machi="11" ten="30,1100,0" yaku="18,1" doraHai="39" who="1" fromWho="1" sc="230,-3,309,21,240,-5,211,-3" /><INIT seed="3,0,0,4,3,28" ten="227,330,235,208" oya="3" hai0="92,73,129,111,15,31,128,80,19,62,76,53,18" hai1="23,68,98,52,60,6,17,109,132,112,89,36,50" hai2="20,97,106,115,134,74,59,21,85,4,10,35,3" hai3="47,83,99,1,67,64,107,103,38,108,122,135,26" shuffle="mt19937ar,C163398E,6709EAA7,C7A765CA,BFA1876C,5816C750,49F56411,6B653A4B,9D0C624A"/><W43/><G122/><T5/><D31/><U101/><E112/><V45/><F115/><W86/><G135/><T54/><D111/><U93/><E132/><V121/><F134/><W48/><G1/><T117/><D117/><U7/><E36/><V14/><F121/><W46/><G108/><T77/><D77/><U37/><E37/><V75/><F106/><W90/><REACH who="3" step="1"/><G26/><REACH who="3" step="2"/><T91/><D128/><U25/><E109/><V110/><F110/><W118/><G118/><T57/><D129/><U79/><E68/><V66/><F3/><W100/><G100/><T39/><D39/><U49/><E101/><V12/><F74/><W16/><G16/><T94/><D18/><U105/><E105/><V0/><F0/><W63/><G63/><T88/><D19/><U72/><E60/><V69/><F75/><W127/><G127/><T114/><D114/><U61/><E61/><N who="2" m="38207" /><F69/><W8/><G8/><T13/><D5/><U44/><E72/><V70/><F70/><W40/><AGARI ba="0,1" hai="38,40,43,46,47,48,64,67,83,86,90,99,103,107" machi="40" ten="20,3900,0" yaku="1,1,0,1,7,1,53,0" doraHai="28" doraHaiUra="130" who="3" fromWho="3" sc="227,-13,330,-13,235,-13,198,49" /><INIT seed="3,1,0,5,3,122" ten="214,317,222,247" oya="3" hai0="109,39,120,133,44,47,65,13,80,23,131,105,40" hai1="116,125,29,49,6,16,18,134,82,60,69,102,67" hai2="129,86,34,53,83,22,124,92,114,30,74,36,130" hai3="95,107,77,72,97,52,94,101,84,15,37,104,70" shuffle="mt19937ar,C8F3C829,18D06AB7,E5D97B40,B70E34F6,EAB1A722,2BE38C98,8551D3A8,5E830A6D"/><W28/><G70/><T0/><D0/><U26/><E125/><V111/><F36/><W132/><G37/><T81/><D105/><U7/><E116/><V12/><F74/><W55/><G28/><T119/><D120/><U117/><E117/><V71/><F71/><W25/><G25/><T56/><D119/><U20/><E134/><V66/><F114/><W63/><G132/><T21/><D133/><U57/><E102/><V33/><F124/><W46/><G72/><T10/><D47/><U93/><E69/><V123/><F123/><W19/><G104/><T135/><D135/><U118/><E118/><V64/><F92/><W32/><G32/><T8/><D131/><N who="2" m="50186" /><F111/><W112/><G112/><T58/><D109/><U4/><E93/><V50/><F34/><W68/><G107/><T121/><D121/><U31/><E82/><V85/><F33/><W3/><G3/><T87/><D10/><U96/><E96/><V88/><F86/><W1/><G1/><T17/><D81/><U24/><E49/><V54/><F30/><W76/><G68/><T59/><REACH who="0" step="1"/><D65/><REACH who="0" step="2"/><N who="2" m="25194" /><F50/><N who="3" m="28759" /><G94/><T5/><D5/><U27/><E20/><V75/><F75/><W41/><G41/><T115/><D115/><U128/><E128/><V108/><F108/><W2/><G2/><T61/><D61/><U11/><E11/><V110/><F110/><W113/><G113/><T126/><D126/><U78/><E67/><V90/><F90/><AGARI ba="1,1" hai="8,13,17,21,23,39,40,44,56,58,59,80,87,90" machi="90" ten="40,1300,0" yaku="1,1,53,0" doraHai="122" doraHaiUra="48" who="0" fromWho="2" sc="204,26,317,0,222,-16,247,0" owari="230,-12,317,31,206,-19,247,0" /></mjloggm>