<mjloggm ver="2.3"><GO type="41"/><UN n0="%E3%82%B1%E3%83%AD%E3%83%A6%E3%82%AD" n1="%E3%82%A4%E3%83%B3%E3%83%87%E3%82%A3" n2="%E3%82%A6%E3%83%AB%E3%83%88%E3%83%A9%E7%AB%8B%E7%9B%B4" n3="%E5%94%AF%E6%A8%B9" dan="13,13,15,14" rate="1827,1803,1955,1950" sx="M,M,M,M"/><TAIKYOKU oya="0"/><INIT seed="0,0,0,0,5,104" ten="250,250,250,250" oya="0" hai0="81,86,73,64,122,60,66,57,103,19,25,115,28" hai1="17,124,29,129,10,47,65,31,51,120,70,82,4" hai2="56,6,121,90,108,98,132,101,49,94,78,130,71" hai3="22,11,118,112,45,131,50,37,46,83,128,99,80"/><T44/><D122/><U72/><E120/><V41/><F121/><W68/><G68/><T27/><D115/><U133/><E124/><V3/><F71/><W114/><G118/><T87/><D103/><U9/><E129/><N who="3" m="49738" /><G99/><T93/><D73/><U24/><E133/><V33/><F49/><W8/><G22/><T95/><D44/><N who="3" m="17001" /><G50/><T30/><D19/><U135/><E135/><V36/><F98/><W38/><G37/><T111/><D111/><U91/><E65/><V23/><F108/><W89/><G89/><T20/><D20/><U58/><E70/><V59/><F90/><W61/><G61/><T32/><D32/><U62/><E91/><V76/><F36/><W16/><G38/><T1/><D1/><U48/><E48/><V126/><F23/><W127/><G16/><T55/><D60/><U123/><E123/><V42/><F33/><W92/><G92/><T34/><D34/><U43/><E17/><V14/><F3/><W35/><G127/><T12/><D55/><U77/><E31/><V97/><F126/><W2/><G2/><T109/><D109/><U74/><E9/><N who="3" m="3658" /><G35/><T125/><D125/><U54/><E10/><N who="2" m="4439" /><F132/><W69/><G69/><T0/><D0/><U7/><E72/><V18/><F18/><W117/><G117/><T39/><D39/><U40/><E40/><N who="2" m="15467" /><F130/><W113/><AGARI ba="0,0" hai="80,83,112,113,114" m="3658,17001,49738" machi="113" ten="40,5200,0" yaku="28,2,19,1" doraHai="104" who="3" fromWho="3" sc="250,-26,250,-13,250,-13,250,52" /><INIT seed="1,0,0,2,0,41" ten="224,237,237,302" oya="1" hai0="114,62,122,99,106,56,102,131,12,34,109,0,68" hai1="134,21,133,117,88,96,6,118,50,60,124,30,8" hai2="25,38,61,65,40,59,87,24,89,115,67,9,91" hai3="66,27,97,119,7,49,123,26,113,107,127,120,22"/><U42/><E60/><V69/><F115/><W94/><G107/><T126/><RYUUKYOKU type="yao9" ba="0,0" sc="224,0,237,0,237,0,302,0" hai0="0,12,34,56,62,68,99,102,106,109,114,122,126,131" /><INIT seed="1,1,0,1,0,57" ten="224,237,237,302" oya="1" hai0="132,50,39,100,47,46,104,21,30,61,77,12,17" hai1="9,8,84,33,20,56,76,110,92,69,10,14,64" hai2="129,97,49,26,4,53,66,6,101,67,16,78,93" hai3="112,79,74,125,111,59,0,58,116,27,23,121,15"/><U87/><E69/><V60/><F78/><W35/><G0/><T80/><D132/><U134/><E33/><V115/><F115/><W118/><G121/><T109/><D109/><U106/><E106/><V29/><F129/><W127/><G79/><T99/><D39/><U123/><E123/><V88/><F101/><W2/><G74/><T1/><D1/><U43/><E43/><V19/><F6/><W102/><G102/><T62/><D30/><U82/><E134/><V3/><F4/><W36/><G36/><T70/><D70/><U37/><E37/><V45/><F3/><W65/><G2/><T108/><D108/><U51/><E20/><N who="2" m="15559" /><F66/><W124/><G112/><T34/><D34/><U98/><E110/><V91/><F91/><W103/><G103/><T48/><D80/><U113/><E113/><V52/><F67/><W107/><G107/><T7/><D77/><U131/><E131/><V75/><F75/><W22/><G111/><T18/><D7/><U135/><E135/><V117/><F117/><N who="3" m="45163" /><G65/><T90/><D90/><N who="1" m="55575" /><E87/><V13/><F13/><W24/><G15/><T130/><D18/><N who="1" m="8519" /><E51/><V86/><F86/><W32/><G58/><AGARI ba="1,0" hai="16,19,45,49,52,53,58,60,88,93,97" m="15559" machi="58" ten="30,8000,1" yaku="8,1,52,1,54,3" doraHai="57" who="2" fromWho="3" sc="224,0,237,0,237,83,302,-83" /><INIT seed="2,0,0,1,2,88" ten="224,237,320,219" oya="2" hai0="109,115,22,99,75,124,81,127,1,113,44,14,104" hai1="34,70,13,4,26,56,132,93,90,61,72,80,60" hai2="11,69,6,27,15,95,114,111,130,101,123,48,2" hai3="97,52,119,68,23,20,51,47,43,30,117,77,67"/><V112/><F69/><W25/><G77/><N who="0" m="44223" /><D1/><U54/><E132/><V42/><F123/><W92/><G23/><T120/><D14/><U96/><E34/><V87/><F114/><N who="0" m="43530" /><D22/><U126/><E126/><N who="0" m="48169" /><D44/><U7/><E26/><V129/><F112/><W79/><G79/><T55/><D55/><U50/><E70/><V37/><F37/><W8/><G8/><T35/><D35/><U24/><E24/><V49/><F27/><W107/><G107/><T63/><D63/><U28/><E28/><V106/><F106/><W10/><G10/><T40/><D40/><U53/><E13/><V116/><F15/><W86/><G86/><T110/><D120/><U65/><E72/><V0/><F42/><W19/><G30/><T135/><D135/><U133/><E133/><V64/><F11/><W128/><G128/><T122/><D122/><U102/><E61/><V84/><F6/><W9/><G9/><T134/><D134/><U83/><E4/><V121/><F121/><W41/><G68/><T98/><D104/><U105/><E7/><V32/><F32/><W85/><G67/><T78/><D78/><U59/><E65/><V29/><F64/><W18/><G19/><T31/><D31/><U76/><E76/><V17/><F2/><W3/><G119/><T91/><D91/><U131/><E131/><V46/><F0/><W39/><G117/><T58/><D58/><U12/><E12/><V100/><F116/><W45/><G3/><T5/><D5/><U89/><E89/><V74/><F130/><W125/><G125/><T36/><D36/><U82/><E105/><RYUUKYOKU ba="0,0" sc="224,15,237,15,320,-15,219,-15" hai0="98,99,109,110" hai1="50,53,54,56,59,60,80,82,83,90,93,96,102" /><INIT seed="3,1,0,4,5,54" ten="239,252,305,204" oya="3" hai0="32,83,104,77,97,35,110,95,29,23,17,70,12" hai1="107,45,19,92,89,124,14,16,49,129,24,73,100" hai2="3,62,78,96,130,38,66,51,26,81,74,86,55" hai3="115,60,30,91,133,109,65,56,59,82,15,8,75"/><W27/><G133/><T121/><D121/><U132/><E73/><V112/><F38/><W119/><G115/><T20/><D70/><U43/><E132/><V85/><F3/><W10/><G119/><T135/><D135/><U28/><E129/><V6/><F130/><W116/><G116/><T114/><D104/><U36/><E124/><V94/><F112/><W7/><G109/><T113/><D110/><U98/><E36/><V63/><F6/><W131/><G131/><T1/><D1/><U72/><E72/><V122/><F74/><W68/><G10/><T13/><D29/><U111/><E14/><V0/><F0/><W37/><G37/><T79/><D17/><U46/><E46/><V42/><F42/><W118/><G118/><T87/><D95/><U52/><E43/><V57/><F86/><W84/><REACH who="3" step="1"/><G75/><REACH who="3" step="2"/><T101/><D114/><U44/><E111/><V71/><F122/><W106/><G106/><T5/><D113/><U53/><E107/><V64/><F71/><W69/><G69/><T123/><D123/><U103/><E44/><V31/><F66/><W90/><G90/><T76/><D101/><U67/><E67/><V99/><F64/><W22/><AGARI ba="1,1" hai="7,8,15,22,27,30,56,59,60,65,68,82,84,91" machi="22" ten="20,18000,2" yaku="1,1,0,1,7,1,52,2,53,1" doraHai="54" doraHaiUra="21" who="3" fromWho="3" sc="239,-61,252,-61,305,-61,194,193" /><INIT seed="3,2,0,1,4,124" ten="178,191,244,387" oya="3" hai0="101,125,116,58,123,127,39,71,35,122,14,119,113" hai1="16,111,2,28,11,114,5,61,104,97,118,76,102" hai2="88,27,110,50,96,89,32,93,25,55,87,43,109" hai3="8,98,130,134,65,42,30,108,21,46,54,78,23"/><W20/><G134/><T107/><D14/><U131/><E114/><V117/><F43/><W68/><G108/><N who="2" m="41577" /><F32/><W103/><G78/><T29/><D58/><U129/><E118/><N who="0" m="45097" /><D39/><U126/><E76/><V63/><F63/><W79/><G79/><T15/><D15/><U81/><E111/><V26/><F117/><W64/><G8/><T105/><D71/><U59/><E126/><N who="0" m="48137" /><D29/><U132/><E81/><N who="2" m="49263" /><F27/><W121/><G121/><N who="0" m="46091" /><D35/><U112/><E132/><V10/><F10/><W48/><G130/><N who="1" m="49674" /><E112/><V95/><F26/><N who="3" m="16711" /><G68/><T40/><D40/><U17/><E28/><V60/><F25/><W70/><G70/><T19/><D19/><U12/><E2/><V90/><F60/><W3/><G3/><T53/><D53/><AGARI ba="2,0" hai="5,11,12,16,17,53,59,61,97,102,104" m="49674" machi="53" ten="30,8000,1" yaku="19,1,52,3,54,1" doraHai="124" who="1" fromWho="0" sc="178,-86,191,86,244,0,387,0" /><INIT seed="4,0,0,4,5,72" ten="92,277,244,387" oya="0" hai0="20,16,134,86,12,32,57,28,91,69,47,60,94" hai1="38,98,45,31,85,1,54,71,0,4,50,104,10" hai2="53,41,106,6,119,97,115,11,34,95,29,44,112" hai3="23,101,124,103,127,13,129,7,55,83,90,51,22"/><T118/><D118/><U96/><E71/><V128/><F53/><W9/><G129/><T93/><D134/><U66/><E66/><V14/><F106/><W63/><G63/><T89/><D69/><U17/><E0/><V92/><F128/><W121/><G121/><T109/><D109/><U77/><E31/><V111/><F111/><W8/><G83/><T114/><D114/><N who="2" m="43562" /><F119/><W21/><G90/><T117/><D117/><U18/><E38/><N who="2" m="21559" /><F97/><W130/><G130/><T88/><D32/><U131/><E131/><V49/><F49/><W65/><G65/><N who="0" m="39055" /><D28/><U80/><E104/><V116/><F116/><W125/><G9/><T81/><D47/><AGARI ba="0,0" hai="7,8,13,21,22,23,47,51,55,101,103,124,125,127" machi="47" ten="50,1600,0" yaku="18,1" doraHai="72" who="3" fromWho="0" sc="92,-16,277,0,244,0,387,16" /><INIT seed="5,0,0,3,5,14" ten="76,277,244,403" oya="1" hai0="87,41,25,115,70,111,118,128,135,133,71,36,50" hai1="127,73,121,6,103,130,104,33,40,109,78,77,131" hai2="56,89,61,0,1,74,32,92,66,35,16,34,24" hai3="84,52,51,59,49,65,101,31,96,107,5,64,94"/><U39/><E121/><V99/><REACH who="2" step="1"/><F74/><REACH who="2" step="2"/><W93/><G31/><T57/><D111/><U54/><E109/><V120/><F120/><W21/><G5/><T114/><D87/><U98/><E127/><V88/><F88/><N who="3" m="53383" /><G107/><T68/><D25/><U100/><E100/><V43/><F43/><W125/><G101/><T106/><D106/><U85/><E85/><V3/><F3/><W9/><G125/><T80/><D80/><N who="1" m="45103" /><E78/><V55/><F55/><N who="3" m="32239" /><G9/><T86/><D86/><U102/><E54/><V123/><F123/><W37/><G21/><AGARI ba="0,1" hai="0,1,16,21,24,32,34,35,56,61,66,89,92,99" machi="21" ten="40,8000,1" yaku="21,2,52,1,54,1,53,1" doraHai="14" doraHaiUra="19" who="2" fromWho="3" sc="76,0,277,0,234,90,403,-80" /><INIT seed="6,0,0,5,4,69" ten="76,277,324,323" oya="2" hai0="85,31,39,30,117,108,37,91,98,56,122,105,116" hai1="99,45,16,115,89,131,103,114,113,92,28,65,88" hai2="14,67,36,94,133,66,10,81,101,13,48,130,111" hai3="96,46,83,53,3,27,135,110,70,32,58,25,126"/><V87/><F111/><W57/><G110/><T80/><D108/><U78/><E78/><V90/><F36/><N who="0" m="13898" /><D122/><U59/><E28/><V52/><F130/><W125/><G135/><T72/><D56/><N who="3" m="21609" /><G70/><T4/><D4/><U33/><E33/><V49/><F133/><W63/><G3/><T23/><D23/><U1/><E1/><V128/><F128/><W79/><G96/><T64/><D64/><N who="2" m="24618" /><F52/><W51/><G63/><T77/><D98/><U19/><E45/><V62/><F62/><W17/><G17/><N who="1" m="6730" /><E131/><V124/><F124/><N who="3" m="47723" /><G32/><T106/><D106/><U24/><E24/><V9/><F101/><W21/><G21/><T107/><D107/><U29/><E29/><V22/><F22/><W76/><G76/><T47/><D47/><U55/><E65/><V123/><F123/><W2/><G2/><T121/><D105/><U18/><N who="1" m="6738" /><U120/><DORA hai="102" /><E120/><V109/><F109/><W43/><G53/><T38/><N who="0" m="13906" /><T132/><DORA hai="50" /><D132/><U20/><E20/><V12/><F10/><W97/><G97/><T68/><D68/><U134/><E134/><V44/><F9/><W118/><G118/><N who="0" m="45675" /><D121/><U41/><E41/><V119/><F119/><W127/><N who="3" m="47731" /><W82/><DORA hai="129" /><G82/><AGARI ba="0,0" hai="30,31,72,77,80,82,85,91" m="45675,13906" machi="82" ten="50,8000,1" yaku="12,1,52,4" doraHai="69,102,50,129" who="0" fromWho="3" sc="76,80,277,0,324,0,323,-80" /><INIT seed="7,0,0,4,5,80" ten="156,277,324,243" oya="3" hai0="102,43,128,27,111,135,48,75,58,96,38,0,132" hai1="134,23,40,22,24,34,54,37,18,53,25,133,29" hai2="77,110,28,66,103,105,118,1,26,100,87,61,10" hai3="4,15,124,9,97,7,32,117,63,13,17,101,113"/><W92/><G117/><T30/><D75/><U71/><E71/><V91/><F118/><W70/><G124/><T94/><D111/><U19/><E34/><V104/><F77/><W55/><G113/><T62/><D0/><U33/><E33/><V39/><F39/><W20/><G32/><T68/><D128/><U59/><E59/><N who="2" m="37183" /><F104/><W16/><REACH who="3" step="1"/><G55/><REACH who="3" step="2"/><N who="0" m="32103" /><D27/><U98/><E29/><V73/><F26/><W120/><G120/><T86/><D30/><U81/><E81/><V106/><F28/><W36/><G36/><T109/><D109/><U123/><E123/><V130/><F110/><W93/><G93/><T45/><D86/><U69/><E98/><V12/><F105/><W129/><G129/><T122/><D122/><U6/><E69/><V3/><F106/><W47/><G47/><T49/><D38/><U65/><E37/><V51/><F73/><W72/><G72/><T41/><D135/><N who="1" m="51723" /><E40/><V67/><F130/><W5/><G5/><T115/><D132/><U76/><E65/><AGARI ba="0,1" hai="4,7,9,13,15,16,17,20,63,65,70,92,97,101" machi="65" ten="40,12000,1" yaku="1,1,54,1,53,2" doraHai="80" doraHaiUra="11" who="3" fromWho="1" sc="156,0,277,-120,324,0,233,130" owari="156,-34,157,-24,324,12,363,46" /></mjloggm>