<mjloggm ver="2.3"><GO type="41"/><UN n0="%E3%82%A6%E3%83%AB%E3%83%88%E3%83%A9%E7%AB%8B%E7%9B%B4" n1="%EF%BC%AE%EF%BD%99%EF%BD%8F%EF%BD%95%EF%BD%99%EF%BD%81" n2="%43%52%45%55%53" n3="%E3%83%A6%E3%82%AD%E3%83%92%E3%83%AD" dan="14,15,14,14" rate="1979,1968,1887,1841" sx="M,M,M,M"/><TAIKYOKU oya="0"/><INIT seed="0,0,0,5,4,41" ten="250,250,250,250" oya="0" hai0="34,51,80,6,108,40,67,21,28,113,66,120,18" hai1="85,38,118,61,76,36,72,8,58,31,92,125,64" hai2="54,107,49,68,46,43,121,102,74,62,1,22,35" hai3="12,44,110,106,55,30,29,87,90,134,71,130,122"/><T123/><D113/><U99/><E118/><V59/><F121/><W86/><G122/><T116/><D116/><U53/><E72/><V20/><F35/><W112/><G112/><T32/><D32/><U56/><E125/><V4/><F74/><W109/><G71/><T15/><D120/><U83/><E31/><V78/><F78/><W13/><G106/><T9/><D123/><U128/><E8/><V47/><F1/><W10/><G130/><T95/><D95/><U3/><E3/><V101/><F4/><W111/><G134/><T24/><D108/><U127/><E127/><V45/><F107/><W82/><G87/><T124/><D80/><U81/><E83/><V25/><F68/><W19/><G12/><T96/><D96/><U91/><REACH who="1" step="1"/><E128/><REACH who="1" step="2"/><V70/><F70/><W105/><REACH who="3" step="1"/><G105/><REACH who="3" step="2"/><T117/><D124/><U97/><E97/><V119/><F119/><W2/><G2/><N who="0" m="215" /><D117/><U129/><E129/><V65/><F25/><W17/><G17/><T69/><D69/><U104/><E104/><V89/><F43/><W52/><G52/><T77/><D67/><U115/><E115/><V135/><F135/><W37/><G37/><T57/><D66/><U48/><AGARI ba="0,2" hai="36,38,48,53,56,58,61,64,76,81,85,91,92,99" machi="48" ten="20,2700,0" yaku="1,1,0,1,7,1,53,0" doraHai="41" doraHaiUra="114" who="1" fromWho="1" sc="250,-13,240,47,250,-7,240,-7" /><INIT seed="1,0,0,2,1,122" ten="237,287,243,233" oya="1" hai0="97,50,32,125,30,107,113,119,115,127,23,135,52" hai1="55,117,86,82,118,98,109,49,94,91,101,21,75" hai2="68,133,123,124,87,62,120,24,46,85,73,71,64" hai3="92,1,78,74,22,72,83,114,33,69,9,126,80"/><U12/><E75/><V60/><F73/><W108/><G114/><T47/><D32/><U3/><E3/><V14/><F14/><W59/><G33/><T29/><D119/><U48/><E109/><V128/><F46/><W43/><G69/><T37/><D37/><U61/><E61/><V63/><F24/><W129/><G22/><T26/><D30/><U79/><E49/><V58/><F87/><W2/><G92/><T110/><D110/><U76/><E118/><V96/><F85/><W54/><G126/><N who="0" m="48139" /><D135/><U7/><E117/><V51/><F96/><W112/><G112/><T121/><D121/><N who="2" m="46666" /><F124/><W38/><G108/><T11/><D11/><N who="1" m="4223" /><E21/><V100/><F100/><AGARI ba="0,0" hai="23,26,29,47,50,52,97,100,107,113,115" m="48139" machi="100" ten="30,2000,0" yaku="18,1,54,1" doraHai="122" who="0" fromWho="2" sc="237,20,287,0,243,-20,233,0" /><INIT seed="2,0,0,4,5,68" ten="257,287,223,233" oya="2" hai0="102,52,86,58,12,2,82,122,120,97,66,74,56" hai1="38,44,96,116,9,65,37,5,50,63,40,93,33" hai2="51,24,60,127,46,109,55,111,53,123,125,61,113" hai3="35,26,64,101,80,130,29,71,57,110,47,75,128"/><V90/><F24/><W34/><G110/><N who="2" m="41993" /><F113/><W121/><G121/><T114/><D74/><U59/><E33/><V98/><F123/><W107/><G57/><T77/><D2/><U132/><E132/><V95/><F55/><W19/><G19/><T49/><D114/><U129/><E129/><N who="3" m="49770" /><G47/><T78/><D78/><U43/><E43/><V79/><F79/><N who="3" m="44159" /><G101/><T1/><D1/><U23/><E23/><V36/><F36/><W45/><G45/><T21/><D21/><U70/><E116/><V81/><F81/><W27/><G107/><T62/><REACH who="0" step="1"/><D12/><REACH who="0" step="2"/><U54/><E9/><V112/><F112/><W48/><G35/><T106/><AGARI ba="0,1" hai="49,52,56,58,62,66,77,82,86,97,102,106,120,122" machi="106" ten="20,8000,1" yaku="1,1,2,1,0,1,7,1,54,1,53,0" doraHai="68" doraHaiUra="135" who="0" fromWho="0" sc="247,90,287,-20,223,-40,233,-20" /><INIT seed="3,0,0,2,5,28" ten="337,267,183,213" oya="3" hai0="31,67,15,36,79,103,43,113,6,12,0,9,20" hai1="13,14,26,88,74,112,40,129,105,117,89,135,57" hai2="115,104,18,108,30,61,22,97,114,4,73,98,66" hai3="100,95,78,133,51,70,53,11,127,21,65,94,90"/><W92/><G133/><T120/><D67/><U130/><E112/><V47/><F73/><W102/><G127/><T10/><D103/><U93/><E74/><V2/><F108/><W84/><G70/><T49/><D49/><U83/><E105/><V72/><F72/><W69/><G69/><T111/><D79/><U23/><E135/><V50/><F97/><W125/><G125/><T68/><D68/><U5/><E117/><V81/><F81/><W33/><G65/><T86/><D86/><N who="1" m="50271" /><E40/><V32/><F50/><W118/><G33/><T42/><D36/><U122/><E122/><V107/><F47/><W123/><G123/><T34/><D120/><U106/><E106/><V41/><F41/><W17/><G118/><T121/><D121/><U109/><E5/><V63/><F63/><W7/><G78/><T77/><D77/><U99/><E57/><V46/><F46/><N who="3" m="27895" /><G11/><T60/><D60/><U64/><E64/><V39/><F39/><W37/><G7/><T80/><D43/><U116/><E109/><V8/><F107/><W126/><G37/><T48/><D42/><U58/><E58/><V101/><F61/><W96/><G126/><T55/><D111/><U134/><E116/><V25/><F66/><W24/><G96/><T35/><D0/><U76/><E76/><V124/><F124/><W82/><AGARI ba="0,0" hai="17,21,24,82,84,90,92,94,95,100,102" m="27895" machi="82" ten="30,1500,0" yaku="8,1" doraHai="28" who="3" fromWho="3" sc="337,-5,267,-5,183,-5,213,15" /><INIT seed="3,1,0,4,1,11" ten="332,262,178,228" oya="3" hai0="7,127,115,79,6,21,128,63,52,44,5,57,110" hai1="73,14,22,31,61,49,112,120,35,89,124,18,43" hai2="134,46,29,103,129,38,3,60,75,132,0,109,48" hai3="55,130,37,10,78,9,32,83,58,59,95,45,26"/><W1/><G130/><T104/><D104/><U50/><E120/><V23/><F103/><W25/><G95/><T90/><D128/><U47/><E112/><V53/><F129/><W125/><G125/><T81/><D127/><U40/><E73/><V98/><F98/><W39/><G32/><T107/><D107/><U66/><E124/><V121/><F121/><W99/><G99/><T72/><D110/><U82/><E31/><V65/><F109/><W20/><G1/><T42/><D115/><U118/><E118/><V102/><F102/><W119/><G119/><T101/><D101/><U84/><E35/><V8/><F75/><W133/><G133/><T96/><D96/><U113/><E113/><V80/><F80/><W34/><G34/><T85/><D21/><U16/><E18/><V17/><F29/><W70/><G70/><T56/><D56/><N who="3" m="21545" /><G55/><T71/><D71/><U131/><E131/><V54/><F54/><W74/><G45/><T111/><D111/><U13/><E61/><V76/><F76/><W123/><G123/><T117/><D117/><U100/><E66/><V51/><F51/><N who="1" m="19465" /><E100/><V87/><F87/><W93/><G93/><T91/><REACH who="0" step="1"/><D72/><REACH who="0" step="2"/><U77/><E47/><V24/><F38/><AGARI ba="1,1" hai="5,6,7,38,42,44,52,57,63,79,81,85,90,91" machi="38" ten="40,5200,0" yaku="1,1,2,1,54,1,53,0" doraHai="11" doraHaiUra="135" who="0" fromWho="2" sc="322,65,262,0,178,-55,228,0" /><INIT seed="4,0,0,1,0,40" ten="387,262,123,228" oya="0" hai0="108,60,36,19,68,134,20,105,39,8,16,5,66" hai1="46,73,58,27,131,104,49,14,92,103,121,89,116" hai2="42,93,120,3,87,127,85,30,6,67,74,22,65" hai3="56,71,122,75,129,12,55,48,78,111,124,64,7"/><T123/><D123/><U17/><E121/><V31/><F120/><W33/><G122/><RYUUKYOKU type="kaze4" ba="0,0" sc="387,0,262,0,123,0,228,0" /><INIT seed="4,1,0,3,2,21" ten="387,262,123,228" oya="0" hai0="75,112,53,58,16,5,64,113,54,110,8,24,109" hai1="78,95,1,32,36,19,93,3,135,101,26,87,50" hai2="13,80,0,129,88,108,103,120,56,106,29,28,77" hai3="2,124,123,84,14,130,97,55,7,81,22,37,132"/><T83/><D83/><U15/><E36/><V10/><F120/><W111/><G123/><T73/><D64/><U68/><E68/><V131/><F0/><W40/><G124/><T90/><D90/><U6/><E135/><V51/><F108/><N who="0" m="41578" /><D5/><U35/><E50/><V70/><F70/><W104/><G132/><T12/><D24/><U71/><E71/><V69/><F69/><W43/><G111/><T52/><D58/><U57/><E57/><V116/><F116/><W119/><G119/><T127/><D127/><U61/><E61/><V31/><F106/><W126/><G104/><T72/><AGARI ba="1,0" hai="8,12,16,52,53,54,72,73,75,112,113" m="41578" machi="72" ten="40,7800,0" yaku="10,1,54,2" doraHai="21" who="0" fromWho="0" sc="387,81,262,-27,123,-27,228,-27" /><INIT seed="4,2,0,0,3,87" ten="468,235,96,201" oya="0" hai0="97,122,78,6,104,126,83,37,50,10,70,36,89" hai1="90,71,16,124,60,114,110,128,91,127,94,24,61" hai2="23,86,45,67,49,64,9,51,46,92,19,11,20" hai3="106,113,76,133,58,108,123,31,93,82,105,112,57"/><T135/><D70/><U75/><E110/><V21/><F19/><W12/><G108/><T74/><D126/><N who="1" m="48171" /><E75/><V116/><F116/><W59/><G31/><T111/><D111/><U125/><E125/><V47/><F86/><W120/><G12/><T117/><D117/><U8/><E114/><N who="3" m="44138" /><G93/><T84/><D135/><U1/><E128/><V115/><F92/><W119/><G119/><T101/><D50/><N who="2" m="18954" /><F115/><W54/><G54/><T65/><D65/><AGARI ba="2,0" hai="9,11,20,21,23,45,46,47,64,65,67" m="18954" machi="65" ten="40,5200,0" yaku="28,2,8,1" doraHai="87" who="2" fromWho="0" sc="468,-58,235,0,96,58,201,0" /><INIT seed="5,0,0,3,4,11" ten="410,235,154,201" oya="1" hai0="77,5,6,14,81,125,42,72,2,124,97,57,112" hai1="132,129,40,23,53,90,56,82,32,107,25,16,60" hai2="27,75,29,70,73,94,4,26,79,68,37,9,22" hai3="0,50,83,31,12,115,100,92,134,36,130,104,35"/><U1/><E107/><V96/><F37/><W39/><G92/><T19/><D112/><U34/><E1/><V59/><F26/><W113/><G0/><T43/><D57/><U52/><E40/><N who="0" m="15401" /><D97/><U123/><E123/><V64/><F68/><W101/><G130/><T84/><D84/><U122/><E122/><V24/><F24/><N who="3" m="18919" /><G134/><T117/><D117/><U63/><E132/><V17/><F17/><W66/><G83/><T80/><D80/><U103/><E129/><V65/><F65/><W69/><G50/><T116/><D116/><U51/><E103/><V47/><F47/><W131/><G131/><T111/><D111/><U95/><E82/><V21/><F21/><W62/><G12/><T46/><D46/><U118/><E118/><V67/><F67/><W93/><G93/><T120/><D2/><U3/><E3/><V119/><F70/><W78/><G78/><T109/><D109/><U105/><E105/><V28/><F28/><W13/><G13/><T88/><D88/><U48/><E32/><V45/><F45/><W128/><G128/><T135/><D135/><U30/><E34/><V121/><F121/><W8/><G8/><N who="0" m="6599" /><D120/><U99/><E30/><V91/><F79/><W127/><G39/><T110/><D110/><U133/><E133/><V126/><F126/><AGARI ba="0,0" hai="5,6,72,77,81,124,125,126" m="6599,15401" machi="126" ten="30,2000,0" yaku="18,1,52,1" doraHai="11" who="0" fromWho="2" sc="410,20,235,0,154,-20,201,0" /><INIT seed="6,0,0,3,4,119" ten="430,235,134,201" oya="2" hai0="51,7,56,9,80,131,50,14,64,30,45,129,115" hai1="76,15,97,29,118,87,78,42,24,41,101,88,63" hai2="77,26,62,81,37,21,111,75,32,54,60,40,8" hai3="106,102,130,22,113,93,134,67,36,125,66,5,89"/><V132/><F32/><W49/><G36/><T74/><D30/><U52/><E118/><V4/><F132/><W11/><G134/><T55/><D115/><U2/><E2/><V10/><F111/><W69/><G113/><T57/><D74/><U84/><E15/><V122/><F10/><W117/><G117/><T94/><D80/><U114/><E114/><V105/><F105/><W39/><G39/><T33/><D33/><U25/><E29/><V53/><F60/><W13/><G125/><T35/><D35/><U17/><E101/><V16/><F62/><W127/><G127/><T59/><D94/><N who="1" m="56519" /><E87/><V6/><F6/><W38/><G38/><T31/><D31/><U44/><E84/><V135/><F135/><W116/><G116/><T12/><D12/><U109/><E109/><V90/><F90/><W1/><G1/><T104/><D104/><U82/><E82/><V79/><F79/><N who="1" m="30249" /><E44/><N who="2" m="23567" /><F122/><W103/><G69/><T3/><D3/><AGARI ba="0,0" hai="3,4,8,16,21,26,53,54,75,77,81" m="23567" machi="3" ten="30,2900,0" yaku="25,1,54,1" doraHai="119" who="2" fromWho="0" sc="430,-29,235,0,134,29,201,0" /><INIT seed="6,1,0,0,3,60" ten="401,235,163,201" oya="2" hai0="49,95,28,118,88,62,24,37,127,14,15,23,107" hai1="83,48,68,125,16,92,94,21,2,43,114,101,93" hai2="38,86,19,111,135,70,67,63,54,57,4,0,112" hai3="66,89,44,108,41,120,123,116,74,131,71,7,8"/><V65/><F0/><W85/><G116/><T134/><D37/><U90/><E2/><V97/><F4/><W5/><G108/><T18/><D107/><U124/><E68/><V115/><F86/><W91/><G131/><T80/><D127/><N who="1" m="48715" /><E114/><N who="2" m="43563" /><F97/><W6/><G74/><T47/><D80/><U72/><E101/><V53/><F19/><W117/><G117/><T58/><D134/><U100/><E100/><V76/><F76/><W98/><G98/><N who="0" m="57703" /><D28/><U33/><E33/><V96/><F96/><W27/><G27/><T78/><D78/><N who="1" m="44487" /><E90/><V31/><F31/><W81/><G91/><T119/><D15/><N who="1" m="9375" /><E94/><V56/><F135/><W52/><G8/><T109/><D14/><U39/><E39/><V34/><F34/><W50/><REACH who="3" step="1"/><G41/><REACH who="3" step="2"/><N who="0" m="24815" /><D109/><U113/><E113/><V11/><F111/><W1/><G1/><T129/><D129/><U104/><E104/><V20/><F11/><W26/><G26/><T106/><D106/><U84/><E84/><V121/><F20/><W77/><G77/><T42/><D42/><U36/><E36/><V22/><F22/><W46/><G46/><AGARI ba="1,1" hai="43,46,48,92,93" m="9375,44487,48715" machi="46" ten="30,2000,0" yaku="18,1,54,1" doraHai="60" who="1" fromWho="3" sc="401,0,235,33,163,0,191,-23" /><INIT seed="7,0,0,3,1,94" ten="401,268,163,168" oya="3" hai0="87,129,104,79,33,118,115,102,133,54,13,86,18" hai1="12,110,89,22,122,92,57,15,6,40,66,101,108" hai2="61,28,81,113,126,78,97,85,103,41,105,34,2" hai3="69,96,35,1,11,42,21,70,31,124,38,114,27"/><W74/><G124/><T29/><D118/><U30/><E40/><V37/><F126/><W46/><G114/><T76/><D129/><U99/><E122/><V65/><F113/><W117/><G117/><T51/><D33/><U0/><E0/><V82/><F85/><N who="0" m="32266" /><D104/><U109/><E6/><V80/><F78/><W67/><G67/><T9/><D133/><U100/><E100/><V58/><F2/><W44/><G44/><T75/><D75/><U63/><E89/><V23/><F41/><W121/><G121/><T39/><D39/><U52/><E52/><V4/><F4/><N who="3" m="1423" /><G96/><T77/><D115/><U127/><E127/><V14/><F37/><W17/><G74/><T10/><D29/><U73/><E73/><V43/><F43/><W7/><G7/><T3/><D3/><U134/><E134/><V36/><F36/><W48/><G38/><T107/><D107/><U71/><E71/><V49/><F49/><W106/><G106/><T32/><D32/><U125/><E125/><V111/><F111/><W132/><G132/><T88/><D102/><U47/><E47/><V24/><F14/><AGARI ba="0,0" hai="14,17,21,27,31,35,42,46,48,69,70" m="1423" machi="14" ten="30,1500,0" yaku="24,1" doraHai="94" who="3" fromWho="2" sc="401,0,268,0,163,-15,168,15" /><INIT seed="7,1,0,0,5,7" ten="401,268,148,183" oya="3" hai0="64,36,118,75,53,109,51,90,101,121,33,126,49" hai1="120,76,129,41,100,86,48,28,84,19,54,61,92" hai2="111,18,122,72,35,20,123,40,66,81,6,98,45" hai3="24,1,82,31,67,83,74,102,68,103,114,2,128"/><W9/><G128/><T88/><D36/><U115/><E129/><V96/><F111/><W62/><G114/><T17/><D33/><U12/><E28/><V56/><F35/><N who="3" m="20967" /><G102/><T14/><D75/><U47/><E120/><V5/><F56/><W131/><G83/><T130/><D109/><U52/><E115/><V71/><F20/><W112/><G112/><T58/><D130/><U29/><E29/><V0/><F18/><W46/><G131/><T117/><D117/><U135/><E135/><V80/><F80/><W32/><G32/><T116/><D121/><U26/><E26/><V113/><F113/><W10/><G103/><T23/><D126/><U73/><E73/><V119/><F119/><W97/><G97/><T63/><D101/><U4/><E4/><V125/><F6/><N who="3" m="1231" /><G46/><N who="0" m="27831" /><D118/><U27/><E27/><V30/><F30/><W60/><G60/><T34/><D34/><U108/><E61/><V37/><F125/><W99/><G99/><T85/><D116/><U50/><E108/><V8/><F96/><W44/><G44/><T65/><D51/><N who="1" m="27119" /><E92/><V104/><F98/><W105/><G105/><T15/><D65/><U13/><E100/><V106/><F122/><W57/><G57/><T22/><D85/><U55/><E86/><V16/><F16/><AGARI ba="1,0" hai="14,15,16,17,22,23,58,63,64,88,90" m="27831" machi="16" ten="30,3900,0" yaku="8,1,54,2" doraHai="7" who="0" fromWho="2" sc="401,42,268,0,148,-42,183,0" owari="443,54,268,7,106,-39,183,-22" /></mjloggm>