<mjloggm ver="2.3"><GO type="41"/><UN n0="%E3%82%B1%E3%83%AD%E3%83%A6%E3%82%AD" n1="%E3%82%A6%E3%83%AB%E3%83%88%E3%83%A9%E7%AB%8B%E7%9B%B4" n2="%E7%AB%8B%E7%9B%B4" n3="%E3%83%9D%E3%83%AB%E3%83%9D%E3%83%AB%38%30" dan="14,14,14,15" rate="1842,1932,1983,1994" sx="M,M,M,M"/><TAIKYOKU oya="0"/><INIT seed="0,0,0,3,2,46" ten="250,250,250,250" oya="0" hai0="111,83,106,134,29,70,93,25,42,43,28,78,8" hai1="121,9,67,76,0,32,61,92,63,120,17,55,68" hai2="74,15,113,71,58,119,31,129,10,27,44,110,112" hai3="77,114,48,30,72,127,34,40,53,56,81,133,2"/><T105/><D70/><U20/><E32/><V123/><F44/><W13/><G114/><T91/><D134/><U85/><E0/><V33/><F31/><W1/><G133/><T5/><D111/><U16/><E9/><V95/><F58/><W89/><G127/><T125/><D125/><U66/><E17/><V64/><F10/><W39/><G13/><T14/><D106/><U18/><E18/><V128/><F64/><W116/><G116/><T130/><D105/><U75/><E75/><V22/><F15/><W90/><G40/><N who="0" m="15403" /><D25/><U60/><E60/><V73/><F22/><W126/><G39/><T69/><D69/><U122/><E55/><V41/><F41/><W101/><G101/><T104/><D104/><U24/><E63/><V84/><F84/><W11/><G11/><BYE who="3" /><T36/><D130/><N who="2" m="50282" /><F71/><W103/><G103/><T124/><D36/><U80/><E67/><V108/><F27/><W115/><G115/><N who="2" m="44105" /><F95/><W45/><G45/><T19/><D5/><UN n3="%E3%83%9D%E3%83%AB%E3%83%9D%E3%83%AB%38%30" /><U107/><E107/><V86/><F86/><W97/><G126/><T4/><D4/><U132/><E132/><V57/><F57/><W6/><G30/><T21/><D21/><U135/><E135/><V23/><F23/><W102/><G34/><T26/><D26/><U117/><REACH who="1" step="1"/><E92/><REACH who="1" step="2"/><V51/><F33/><W50/><G1/><T54/><D54/><U79/><E79/><V94/><F94/><W118/><G2/><T38/><D124/><U47/><E47/><V99/><F123/><W52/><G6/><T131/><D131/><U98/><E98/><V49/><F119/><AGARI ba="0,1" hai="16,20,24,61,66,68,76,80,85,117,119,120,121,122" machi="119" ten="40,2600,0" yaku="1,1,54,1,53,0" doraHai="46" doraHaiUra="96" who="1" fromWho="2" sc="250,0,240,36,250,-26,250,0" /><INIT seed="1,0,0,4,0,28" ten="250,276,224,250" oya="1" hai0="94,99,88,124,103,1,67,30,69,122,114,17,109" hai1="24,38,54,66,43,76,22,18,39,111,9,112,78" hai2="113,51,4,31,25,5,132,34,123,71,46,80,84" hai3="21,108,126,7,77,128,70,11,110,64,125,72,83"/><U14/><E112/><V32/><F123/><W2/><G21/><T40/><D114/><U95/><E66/><V87/><F113/><W106/><G106/><T105/><D1/><U65/><E65/><V79/><F71/><W13/><G13/><T36/><D124/><N who="3" m="47721" /><G128/><T23/><D109/><N who="3" m="42089" /><G64/><T85/><D122/><U26/><E111/><V47/><F132/><W86/><G86/><T75/><D30/><U121/><E121/><V90/><F47/><W53/><G53/><T52/><D75/><U91/><E26/><V82/><REACH who="2" step="1"/><F34/><REACH who="2" step="2"/><W19/><G70/><T6/><D69/><U92/><E43/><AGARI ba="0,1" hai="4,5,25,31,32,43,46,51,79,80,82,84,87,90" machi="43" ten="30,8000,1" yaku="1,1,2,1,7,1,52,1,53,1" doraHai="28" doraHaiUra="41" who="2" fromWho="1" sc="250,0,276,-80,214,90,250,0" /><INIT seed="2,0,0,1,3,52" ten="250,196,304,250" oya="2" hai0="97,106,11,42,6,119,67,19,22,56,24,30,38" hai1="39,101,63,31,98,125,122,59,18,120,21,123,73" hai2="7,33,103,107,111,70,15,0,94,127,89,102,78" hai3="96,55,64,9,62,83,116,35,37,117,95,48,110"/><V34/><F70/><W134/><G37/><T8/><D119/><U124/><E73/><V74/><F0/><W20/><G35/><T86/><D86/><U32/><E39/><V77/><F127/><W75/><G75/><T126/><D126/><U87/><E87/><V41/><F41/><W85/><G134/><T14/><D42/><U36/><E36/><V105/><F111/><W90/><G9/><T132/><D38/><U45/><E45/><V58/><F7/><W72/><G72/><T60/><D132/><U17/><E32/><V12/><F94/><W113/><G113/><T114/><D106/><U65/><E31/><V129/><F74/><W61/><G20/><T28/><D114/><U40/><E40/><V4/><F4/><W99/><G99/><T82/><D82/><U53/><E53/><V76/><F89/><W88/><G62/><T49/><D49/><U3/><E3/><V47/><F47/><W44/><G110/><T131/><D97/><U108/><E108/><V80/><F78/><W135/><G135/><T16/><D131/><U2/><E2/><AGARI ba="0,0" hai="2,6,8,11,14,16,19,22,24,28,30,56,60,67" machi="2" ten="30,3900,0" yaku="7,1,52,1,54,1" doraHai="52" who="0" fromWho="1" sc="250,39,196,-39,304,0,250,0" /><INIT seed="3,0,0,5,2,29" ten="289,157,304,250" oya="3" hai0="20,131,129,101,124,108,82,118,96,48,50,106,80" hai1="52,75,89,100,21,105,90,37,117,54,5,98,40" hai2="116,16,9,122,70,112,11,128,66,125,34,13,14" hai3="103,8,91,10,135,49,15,93,22,58,2,71,32"/><W87/><G71/><T77/><D20/><U23/><E117/><V25/><F116/><W85/><G135/><T92/><D48/><U74/><E5/><V114/><F70/><W134/><G134/><T64/><D64/><U127/><E40/><V38/><F66/><W111/><G111/><T95/><D50/><U30/><E98/><V110/><F38/><W18/><G32/><T109/><D118/><U130/><E100/><V31/><F110/><N who="0" m="42602" /><D124/><U55/><E105/><V39/><F39/><W63/><G2/><T132/><D132/><U35/><E37/><V102/><F102/><W78/><G103/><T126/><D126/><U119/><E127/><V76/><F76/><W26/><G26/><T28/><D28/><U81/><E119/><V69/><F69/><W43/><G43/><T24/><D24/><U42/><E42/><V104/><F125/><W17/><G17/><T83/><D77/><U97/><E30/><V44/><F44/><W60/><G49/><T72/><D72/><U62/><E55/><V47/><F47/><W65/><G63/><T99/><D99/><U94/><E62/><V3/><F104/><W113/><G113/><N who="2" m="43625" /><F122/><W120/><G120/><T57/><D57/><U7/><E54/><V67/><F67/><W51/><G51/><T6/><D6/><U84/><E52/><V12/><F128/><AGARI ba="0,0" hai="80,82,83,92,95,96,101,106,128,129,131" m="42602" machi="128" ten="40,8000,1" yaku="19,1,14,1,34,2" doraHai="29" who="0" fromWho="2" sc="289,80,157,0,304,-80,250,0" /><INIT seed="4,0,0,0,3,40" ten="369,157,224,250" oya="0" hai0="96,0,94,42,78,67,88,112,64,93,7,126,90" hai1="80,86,15,70,24,101,18,46,25,98,110,114,99" hai2="120,129,38,89,21,107,92,26,91,4,113,84,105" hai3="27,109,111,14,79,60,72,132,36,71,83,2,53"/><T65/><D112/><U108/><E70/><V87/><F38/><W82/><G2/><T103/><D126/><U122/><E122/><V115/><F120/><W44/><G132/><T100/><D78/><U16/><E114/><N who="2" m="43531" /><F4/><W9/><G27/><T125/><D125/><U104/><E98/><V59/><F59/><W45/><G82/><T116/><D116/><U128/><E128/><V22/><F129/><W52/><G71/><T55/><D55/><U37/><E108/><V61/><F61/><W54/><G60/><T69/><D69/><U3/><E3/><V124/><F124/><W106/><G106/><N who="2" m="40457" /><F26/><W50/><G36/><T10/><REACH who="0" step="1"/><D42/><REACH who="0" step="2"/><U39/><E110/><V12/><F12/><W48/><REACH who="3" step="1"/><G54/><REACH who="3" step="2"/><T43/><D43/><U134/><E24/><V121/><F121/><W17/><AGARI ba="0,2" hai="9,14,17,44,45,48,50,52,53,72,79,83,109,111" machi="17" ten="20,16000,3" yaku="1,1,2,1,0,1,7,1,9,1,52,2,54,1,53,0" doraHai="40" doraHaiUra="32" who="3" fromWho="3" sc="359,-80,157,-40,224,-40,240,180" /><INIT seed="5,0,0,4,5,117" ten="279,117,184,420" oya="1" hai0="47,13,134,103,124,110,64,133,65,72,69,81,44" hai1="56,35,21,0,73,119,66,38,34,75,125,39,27" hai2="7,22,92,107,114,93,16,102,88,26,33,55,59" hai3="10,37,1,31,18,42,53,106,45,115,96,127,112"/><U132/><E21/><V109/><F109/><W19/><G31/><T101/><D110/><U14/><E14/><V48/><F7/><W4/><G127/><T118/><D118/><U51/><E51/><V123/><F114/><N who="3" m="43563" /><G53/><T63/><D65/><U89/><E56/><V84/><F107/><W95/><G106/><T32/><D13/><U5/><E66/><V87/><F33/><N who="1" m="12297" /><E89/><AGARI ba="0,0" hai="1,4,10,18,19,37,42,45,89,95,96" m="43563" machi="89" ten="30,1000,0" yaku="15,1" doraHai="117" who="3" fromWho="1" sc="279,0,117,-10,184,0,420,10" /><INIT seed="6,0,0,0,3,85" ten="279,107,184,430" oya="2" hai0="81,83,11,10,72,133,0,18,135,129,100,47,120" hai1="90,36,122,28,64,97,117,1,34,73,35,62,68" hai2="86,61,43,116,77,65,110,60,53,57,32,102,101" hai3="27,95,99,42,24,132,20,134,78,115,82,9,14"/><V113/><F116/><W3/><G3/><T16/><D120/><U45/><E117/><V38/><F32/><W111/><G111/><T67/><D67/><U126/><E73/><V125/><F110/><W118/><G118/><T26/><D100/><U22/><E1/><V103/><F125/><W87/><G27/><T8/><D47/><U51/><E126/><V123/><F123/><W131/><G131/><T23/><D129/><U107/><E122/><V29/><F29/><W69/><G69/><T127/><D127/><U44/><E44/><V80/><F113/><W63/><G63/><T84/><D72/><U58/><E22/><V89/><F43/><W130/><G42/><T2/><D18/><U56/><E56/><V121/><F38/><W13/><G130/><T39/><D39/><U104/><E104/><V59/><REACH who="2" step="1"/><F121/><REACH who="2" step="2"/><W112/><G115/><T71/><D71/><U96/><E28/><V30/><F30/><W15/><G112/><T93/><D93/><N who="1" m="56375" /><E97/><V105/><F105/><W55/><G99/><T50/><D81/><U17/><E107/><V108/><F108/><W4/><G82/><T5/><D5/><U31/><E31/><V91/><AGARI ba="0,1" hai="53,57,59,60,61,65,77,80,86,89,91,101,102,103" machi="91" ten="30,24000,3" yaku="1,1,0,1,8,1,52,2,53,3" doraHai="85" doraHaiUra="98" who="2" fromWho="2" sc="279,-80,107,-80,174,250,430,-80" /><INIT seed="6,1,0,5,0,132" ten="199,27,424,350" oya="2" hai0="31,2,35,92,54,105,108,106,42,29,52,100,112" hai1="111,33,90,123,115,102,7,80,20,103,86,84,44" hai2="45,49,81,50,66,110,79,107,67,48,36,91,24" hai3="10,101,75,59,94,41,47,72,46,26,68,122,57"/><V98/><F110/><W8/><G122/><T13/><D108/><U15/><E33/><V109/><F109/><W119/><G119/><T99/><D112/><U23/><E111/><V32/><F36/><W17/><G68/><T118/><D2/><U77/><E115/><V22/><F32/><W125/><G26/><T62/><D118/><U6/><E123/><V0/><F0/><W65/><G65/><T130/><D130/><U129/><E129/><V95/><F107/><W61/><G61/><T19/><D42/><U135/><E135/><V27/><F45/><W126/><G17/><T85/><D85/><U51/><E7/><V97/><F97/><W104/><G41/><T78/><D78/><U25/><E23/><V89/><F24/><W18/><G18/><T69/><D54/><U56/><E56/><V128/><F128/><W124/><G125/><T14/><D14/><U4/><E4/><V3/><F3/><W64/><G64/><T58/><D69/><U5/><E5/><V9/><F9/><W11/><G11/><T16/><D19/><U113/><E113/><V87/><F79/><W12/><G12/><T53/><D53/><U93/><E20/><V71/><F71/><W39/><G39/><T82/><D82/><U83/><E25/><V121/><F121/><W88/><G104/><T63/><D63/><U30/><E30/><AGARI ba="1,0" hai="22,27,30,48,49,50,66,67,81,87,89,91,95,98" machi="30" ten="40,2000,0" yaku="8,1" doraHai="132" who="2" fromWho="1" sc="199,0,27,-23,424,23,350,0" /><INIT seed="6,2,0,1,4,55" ten="199,4,447,350" oya="2" hai0="22,6,86,123,83,26,100,79,62,129,72,47,58" hai1="125,54,67,81,13,107,38,120,101,14,105,91,36" hai2="76,4,71,70,135,9,78,10,98,69,7,39,18" hai3="84,87,51,33,132,74,94,20,45,48,108,8,31"/><V122/><F122/><W90/><G74/><T24/><D123/><U66/><E81/><V115/><F39/><W3/><G33/><T53/><D129/><U5/><E120/><V92/><F135/><W28/><G108/><T134/><D134/><U126/><E101/><V37/><F37/><W46/><G3/><T73/><D6/><U17/><E5/><V111/><F18/><W12/><G84/><T64/><D100/><U65/><E54/><V117/><F117/><W50/><G132/><T95/><D95/><U112/><E38/><V60/><F60/><W57/><G57/><T32/><D32/><U34/><E36/><V128/><F128/><W61/><G61/><T102/><D102/><U85/><E34/><V11/><F111/><W113/><G20/><T68/><D47/><N who="3" m="17929" /><G113/><T23/><D23/><U99/><E99/><V110/><F110/><W116/><G116/><T21/><D21/><U106/><E112/><V133/><F115/><W103/><G103/><T43/><D43/><U40/><E40/><V88/><F133/><W97/><G97/><T56/><D26/><U35/><E35/><V82/><F78/><W119/><G119/><T127/><D127/><U96/><E96/><V27/><F27/><W16/><AGARI ba="2,0" hai="8,12,16,28,31,48,50,51,87,90,94" m="17929" machi="16" ten="30,2000,0" yaku="8,1,54,1" doraHai="55" who="3" fromWho="3" sc="199,-7,4,-7,447,-12,350,26" owari="192,-21,-3,-50,435,53,376,18" /></mjloggm>