<mjloggm ver="2.3"><GO type="41"/><UN n0="%E3%81%AF%E3%82%86%E3%81%86" n1="%E3%82%AF%E3%83%94%E3%83%BC%E3%83%89" n2="%E3%82%A6%E3%83%AB%E3%83%88%E3%83%A9%E7%AB%8B%E7%9B%B4" n3="%E6%B1%A0%E7%94%B0%E3%82%A1%E3%82%A1%E3%82%A2%E3%83%83%EF%BC%81%EF%BC%81" dan="14,14,13,14" rate="1949,1920,1841,1830" sx="F,M,M,F"/><TAIKYOKU oya="0"/><INIT seed="0,0,0,3,3,51" ten="250,250,250,250" oya="0" hai0="95,73,113,67,28,97,131,70,122,17,91,41,60" hai1="110,48,18,29,120,65,45,24,37,25,111,104,106" hai2="124,117,4,69,34,74,81,62,71,13,12,40,96" hai3="100,82,15,36,92,26,61,77,66,98,105,43,118"/><T86/><D113/><U78/><E120/><V21/><F12/><W121/><G118/><T27/><D122/><U14/><E37/><V123/><F71/><W112/><G112/><T93/><D131/><U85/><E65/><V22/><F22/><W53/><G121/><T59/><D73/><U5/><E25/><V87/><F74/><W42/><G36/><T49/><D17/><U19/><E18/><V134/><F117/><W115/><G115/><T44/><D70/><U2/><E85/><V3/><F3/><W50/><G105/><T56/><D56/><U72/><E78/><V109/><F34/><W32/><G15/><T11/><D11/><N who="1" m="2487" /><E72/><V89/><F40/><W108/><G26/><T76/><D76/><U20/><E104/><V119/><F119/><W125/><G32/><T8/><D8/><U128/><E106/><V33/><F33/><W46/><G108/><N who="1" m="41514" /><E45/><V107/><F109/><W30/><G30/><T80/><REACH who="0" step="1"/><D97/><REACH who="0" step="2"/><U55/><E128/><V38/><F96/><W63/><G98/><T88/><D88/><U68/><E68/><V39/><F89/><W75/><G77/><T6/><D6/><U7/><E7/><V54/><F4/><W102/><G75/><T83/><D83/><U16/><E19/><V52/><F81/><W0/><G82/><T84/><D84/><U127/><E16/><N who="2" m="10383" /><F87/><W1/><G102/><T126/><D126/><U103/><E127/><V99/><F124/><W23/><G100/><T47/><D47/><N who="1" m="28063" /><E103/><V114/><F99/><W135/><G125/><T9/><D9/><U101/><E101/><V116/><F123/><RYUUKYOKU ba="0,1" sc="240,15,250,15,250,-15,250,-15" hai0="27,28,41,44,49,59,60,67,80,86,91,93,95" hai1="14,20,24,29" /><INIT seed="0,1,1,2,5,66" ten="255,265,235,235" oya="0" hai0="33,7,92,37,114,10,108,64,61,5,57,121,28" hai1="129,43,88,39,55,45,69,11,59,8,134,123,109" hai2="62,42,131,78,41,75,31,6,124,111,107,34,18" hai3="52,50,103,60,4,89,100,65,74,13,30,77,25"/><T80/><D121/><U58/><E123/><V47/><F41/><W23/><G74/><T17/><D114/><U104/><E104/><V116/><F18/><W70/><G77/><T44/><D108/><U91/><E59/><V133/><F62/><W122/><G122/><T15/><D28/><U97/><E109/><V126/><F6/><W125/><G89/><T102/><D33/><U135/><E129/><V20/><F20/><W49/><G125/><T84/><D44/><U98/><E69/><V54/><F54/><W40/><G49/><T3/><D37/><U115/><E115/><V1/><F47/><W0/><G40/><T56/><D56/><U120/><E120/><V19/><F42/><W110/><G0/><T48/><D48/><N who="1" m="31079" /><E11/><V83/><F19/><W73/><G73/><T38/><D38/><U113/><E8/><V85/><F1/><W94/><G110/><T22/><D7/><U63/><E63/><V106/><F111/><W16/><G4/><T132/><D132/><N who="1" m="50731" /><E113/><V27/><F133/><W36/><G36/><T127/><D127/><N who="2" m="48682" /><F131/><W96/><G30/><T14/><D3/><U26/><E26/><V93/><F116/><W51/><G51/><T105/><D105/><U71/><E71/><V29/><F29/><W9/><G25/><T82/><D102/><U128/><E128/><V72/><F72/><W99/><G9/><T79/><D92/><U2/><E2/><V95/><F75/><W12/><G100/><T118/><D118/><U117/><E117/><V130/><F130/><W53/><G103/><T101/><D101/><U119/><E119/><RYUUKYOKU ba="1,1" sc="255,10,265,10,235,10,235,-30" hai0="5,10,14,15,17,22,57,61,64,79,80,82,84" hai1="39,43,45,88,91,97,98" hai2="27,31,34,78,83,85,93,95,106,107" /><INIT seed="0,2,1,4,5,105" ten="265,275,245,205" oya="0" hai0="10,33,67,59,64,70,82,106,73,126,48,54,108" hai1="53,124,38,50,84,21,89,88,86,113,27,97,47" hai2="6,104,35,98,32,78,76,130,36,49,109,68,69" hai3="93,134,30,85,110,75,91,58,135,62,87,133,19"/><T122/><D122/><U83/><E38/><V90/><F36/><W18/><G110/><T123/><D106/><U28/><E124/><V60/><F109/><W120/><G120/><T44/><D108/><U95/><E113/><V43/><F6/><W57/><G30/><T96/><D123/><U39/><E39/><V24/><F130/><W46/><G46/><T15/><D33/><U94/><E83/><V29/><F35/><W4/><G4/><T102/><D126/><U2/><E2/><V20/><F20/><W77/><G57/><T7/><D70/><U34/><E34/><V81/><F69/><W0/><G0/><T3/><D3/><U117/><E117/><V41/><F90/><W55/><G85/><AGARI ba="2,1" hai="21,27,28,47,50,53,84,85,86,88,89,94,95,97" machi="85" ten="30,3900,0" yaku="7,1,8,1,54,1" doraHai="105" who="1" fromWho="3" sc="265,0,275,55,245,0,205,-45" /><INIT seed="1,0,0,2,1,6" ten="265,330,245,160" oya="1" hai0="15,124,52,117,11,131,100,38,34,12,126,39,21" hai1="134,125,19,32,7,95,68,109,53,55,105,80,101" hai2="69,83,76,113,91,62,16,66,56,120,127,18,57" hai3="129,110,104,67,26,28,107,106,33,122,8,64,20"/><U115/><E32/><V9/><F120/><W78/><G122/><T94/><D117/><U4/><E68/><V88/><F113/><W111/><G78/><T92/><D34/><U10/><E115/><V114/><F114/><W90/><G33/><T45/><D131/><U121/><E105/><V35/><F35/><W65/><G129/><T27/><D39/><U25/><E121/><V5/><F127/><N who="0" m="48682" /><D38/><U72/><E125/><V123/><F123/><W14/><REACH who="3" step="1"/><G90/><REACH who="3" step="2"/><N who="2" m="34345" /><F69/><W97/><G97/><T135/><D135/><U22/><E134/><V96/><F96/><W74/><G74/><T102/><D102/><U43/><E101/><V99/><F99/><W41/><G41/><T54/><D100/><U47/><E72/><V103/><F103/><W29/><G29/><N who="0" m="17647" /><D15/><U71/><E43/><V75/><F75/><W77/><G77/><T84/><D84/><U82/><E71/><V108/><F108/><W116/><G116/><T51/><D54/><U130/><E109/><V36/><F76/><W37/><G37/><T61/><D61/><U13/><E53/><V70/><F36/><W44/><G44/><T3/><D3/><U98/><E55/><V50/><F70/><W40/><G40/><T73/><D73/><U46/><E47/><V31/><F62/><W81/><G81/><T63/><D63/><U93/><E46/><V60/><F83/><W1/><G1/><T85/><D85/><U2/><E130/><V58/><F58/><W133/><G133/><T128/><D128/><U79/><E82/><V24/><F56/><W119/><G119/><T30/><D30/><RYUUKYOKU ba="0,1" sc="265,15,330,-15,245,-15,150,15" hai0="11,12,45,51,52,92,94" hai3="8,14,20,26,28,64,65,67,104,106,107,110,111" /><INIT seed="2,1,1,2,3,86" ten="280,315,230,165" oya="2" hai0="96,53,103,2,100,39,94,3,21,9,84,124,27" hai1="104,62,133,114,24,110,97,34,61,87,77,65,119" hai2="10,106,134,64,127,81,55,90,41,76,118,60,121" hai3="45,52,20,14,23,132,43,82,7,125,85,66,37"/><V42/><F121/><W111/><G111/><T51/><D39/><U72/><E119/><V93/><F106/><W99/><G132/><T28/><D124/><U47/><E62/><V8/><F118/><W126/><G66/><T74/><D74/><U0/><E87/><N who="2" m="48551" /><F64/><W75/><G75/><T116/><D116/><U79/><E77/><V18/><F134/><W13/><G99/><T19/><D84/><U58/><E47/><V68/><F68/><W102/><G102/><N who="0" m="60695" /><D3/><U30/><E110/><V5/><F5/><W88/><G7/><T38/><D38/><U63/><E133/><V105/><F105/><W6/><G6/><T32/><D32/><U44/><E61/><V17/><F127/><N who="3" m="48651" /><G23/><N who="0" m="15487" /><D9/><N who="2" m="3690" /><F18/><N who="3" m="10319" /><G14/><N who="0" m="9463" /><D2/><U12/><E0/><V57/><F17/><W101/><G101/><T98/><D98/><AGARI ba="1,1" hai="41,42,55,57,60,90,93,98" m="3690,48551" machi="98" ten="30,2900,0" yaku="8,1,52,1" doraHai="86" who="2" fromWho="0" sc="280,-32,315,0,230,42,165,0" /><INIT seed="2,2,0,2,2,105" ten="248,315,272,165" oya="2" hai0="40,55,3,57,19,79,134,126,4,110,39,53,94" hai1="118,8,100,2,35,50,125,113,88,103,0,112,76" hai2="80,106,63,60,10,14,59,1,46,122,85,96,13" hai3="124,67,109,6,133,92,22,97,47,91,101,87,52"/><V38/><F1/><W32/><G109/><T51/><D110/><U117/><E35/><V58/><F122/><W7/><G32/><T72/><D126/><U120/><E125/><V11/><F38/><W135/><G67/><T64/><D134/><N who="3" m="51209" /><G124/><T25/><D39/><U95/><E8/><V71/><F71/><W116/><G22/><T75/><D40/><U81/><E50/><V23/><F46/><W89/><G116/><N who="1" m="44650" /><E0/><V131/><F131/><W54/><G89/><T115/><D115/><N who="1" m="44107" /><E2/><V102/><F23/><W84/><G84/><T9/><D64/><U36/><E36/><V26/><F26/><W42/><G6/><T127/><D127/><U15/><E15/><V12/><F60/><W108/><G7/><T107/><D53/><U129/><E129/><V20/><F20/><W111/><G47/><T17/><D25/><U48/><E48/><V121/><F121/><W123/><G42/><T28/><D28/><U21/><E21/><V49/><F49/><W62/><G123/><T30/><D30/><U83/><E120/><V61/><F61/><W93/><G54/><T56/><D55/><U27/><E27/><V16/><F63/><W43/><G43/><T130/><D51/><U33/><E33/><V29/><F29/><W5/><G5/><T31/><D31/><U66/><E66/><V132/><F132/><W70/><G70/><T34/><D130/><U82/><E76/><N who="2" m="46215" /><F12/><W44/><G44/><T41/><D34/><U128/><E128/><V37/><F37/><W74/><G74/><T90/><D72/><U99/><AGARI ba="2,0" hai="81,82,83,88,95,99,100,103" m="44107,44650" machi="99" ten="40,5200,0" yaku="34,2,54,1" doraHai="105" who="1" fromWho="1" sc="248,-15,315,58,272,-28,165,-15" /><INIT seed="3,0,0,3,1,90" ten="233,373,244,150" oya="3" hai0="119,123,102,18,47,99,116,97,50,43,6,79,66" hai1="30,124,1,120,34,113,23,135,132,19,81,70,49" hai2="111,20,21,73,37,107,130,78,114,35,126,112,15" hai3="117,118,80,10,68,91,110,100,3,26,52,108,62"/><W121/><G100/><T64/><D123/><U61/><E120/><V69/><F15/><W75/><G121/><T60/><D6/><U0/><E113/><V55/><F55/><W95/><G26/><T71/><D79/><U51/><E81/><V58/><F58/><N who="3" m="35143" /><G68/><T7/><D7/><U101/><E101/><V33/><F20/><W9/><G3/><T53/><D66/><N who="1" m="41295" /><E124/><V89/><F21/><W77/><G118/><T14/><D43/><U63/><E63/><V72/><F89/><W44/><G44/><T36/><D36/><U106/><E106/><V94/><F94/><W103/><G103/><T29/><D29/><U87/><E1/><V134/><F78/><W122/><G122/><T41/><D41/><U59/><E0/><V76/><F76/><W85/><G117/><T31/><D31/><U109/><E59/><V65/><F65/><W8/><G75/><T88/><D102/><U39/><E30/><V54/><F73/><W56/><G56/><N who="0" m="36871" /><D116/><U13/><E39/><V125/><F37/><W67/><G67/><T46/><D71/><U133/><E34/><V4/><F72/><W96/><G77/><T40/><D119/><U32/><E32/><V74/><F69/><W42/><G42/><T127/><D127/><U22/><E132/><V25/><F134/><W98/><G80/><T104/><D104/><U5/><E133/><V84/><F126/><W38/><G38/><T105/><D105/><U57/><E135/><V93/><F125/><W48/><G48/><T129/><D129/><U17/><E57/><V82/><F130/><W83/><G83/><RYUUKYOKU ba="0,0" sc="233,-10,373,-10,244,-10,150,30" hai3="8,9,10,85,91,95,96,98,108,110" /><INIT seed="3,1,0,1,4,37" ten="223,363,234,180" oya="3" hai0="65,46,127,105,35,27,17,122,117,131,34,10,39" hai1="81,75,68,0,32,6,96,20,57,3,63,71,22" hai2="78,76,36,108,123,100,116,109,62,113,54,111,14" hai3="8,130,42,98,89,41,58,121,99,7,59,13,24"/><W51/><G121/><T15/><D105/><U92/><E32/><V90/><F100/><W125/><G125/><T77/><D77/><U1/><E75/><V86/><F36/><W79/><G79/><N who="2" m="30249" /><F14/><W107/><G107/><T28/><D65/><U53/><E81/><N who="2" m="49487" /><F54/><N who="3" m="32095" /><G59/><T30/><D122/><U23/><E6/><V9/><F62/><W67/><G67/><T124/><D117/><U73/><E73/><V49/><F49/><W118/><G118/><T18/><D46/><U5/><REACH who="1" step="1"/><E5/><REACH who="1" step="2"/><V45/><F123/><W128/><G24/><T55/><D127/><U16/><E16/><V85/><F116/><W97/><G89/><AGARI ba="1,1" hai="0,1,3,20,22,23,53,57,63,68,71,89,92,96" machi="89" ten="50,1600,0" yaku="1,1,53,0" doraHai="37" doraHaiUra="119" who="1" fromWho="3" sc="223,0,353,29,234,0,180,-19" /><INIT seed="4,0,0,4,3,44" ten="223,382,234,161" oya="0" hai0="69,17,10,76,15,9,34,24,58,29,45,32,4" hai1="81,65,70,98,75,18,37,87,79,27,100,96,36" hai2="12,48,66,89,56,16,93,114,55,0,86,25,123" hai3="57,115,49,88,82,78,132,80,112,30,85,74,46"/><T92/><D69/><U111/><E111/><V91/><F0/><W109/><G30/><T60/><D76/><U135/><E98/><V35/><F123/><W20/><G20/><T53/><D34/><U125/><E135/><V124/><F124/><W21/><G21/><T104/><D104/><U129/><E18/><V43/><F114/><N who="3" m="43563" /><G132/><T131/><D131/><U59/><E59/><V41/><F66/><W121/><G57/><T7/><D10/><U64/><E64/><V120/><F120/><W19/><G19/><T28/><D28/><U67/><E65/><V106/><F106/><W113/><N who="3" m="43571" /><W38/><DORA hai="126" /><G38/><T117/><D117/><U62/><E125/><V97/><F25/><W95/><G121/><T2/><D2/><U103/><E37/><V72/><F72/><W77/><G109/><T130/><D130/><U73/><E36/><V1/><F1/><W90/><G90/><T6/><D92/><U107/><E129/><V8/><F35/><W116/><G116/><T13/><D13/><U52/><E67/><V33/><F33/><W105/><G105/><T128/><D128/><U54/><E107/><V50/><F50/><W42/><G77/><T133/><D133/><U122/><E79/><V110/><F110/><W23/><G23/><T108/><D108/><U71/><E70/><V101/><F101/><W3/><G3/><T14/><D14/><U99/><E100/><V102/><F102/><W94/><AGARI ba="0,0" hai="42,46,49,74,78,80,82,85,88,94,95" m="43571" machi="94" ten="40,5200,0" yaku="15,1,52,1,54,1" doraHai="44,126" who="3" fromWho="3" sc="223,-26,382,-13,234,-13,161,52" /><INIT seed="5,0,0,0,1,114" ten="197,369,221,213" oya="1" hai0="110,108,1,9,86,109,61,87,64,134,121,120,49" hai1="22,77,19,123,75,31,128,93,68,41,36,24,116" hai2="12,0,105,11,124,92,40,80,133,6,65,127,59" hai3="94,42,26,107,20,112,50,85,67,103,47,32,69"/><U98/><E123/><N who="0" m="47177" /><D1/><U131/><E68/><V51/><F105/><W10/><G107/><T82/><D9/><U7/><E7/><V45/><F133/><W99/><G32/><T25/><D25/><U16/><E41/><V33/><F33/><W3/><G112/><T2/><D2/><U96/><E36/><V35/><F35/><W14/><G3/><T91/><D49/><U88/><E98/><V39/><F92/><W4/><G85/><T58/><D58/><U101/><E101/><V90/><F90/><W70/><REACH who="3" step="1"/><G67/><REACH who="3" step="2"/><T54/><D64/><U73/><E75/><V119/><F0/><W44/><G44/><T18/><D134/><U52/><E73/><V104/><F104/><W21/><G21/><T89/><D61/><U28/><E22/><V113/><F113/><W48/><G48/><T122/><D122/><U63/><E63/><N who="2" m="38143" /><F39/><W56/><G56/><T78/><D54/><U117/><E52/><V15/><F51/><W76/><G76/><T17/><D78/><U81/><E77/><V53/><F45/><W100/><G100/><T13/><D87/><U102/><E102/><V125/><F53/><W62/><G62/><T23/><D91/><U130/><E88/><V72/><F40/><W46/><G46/><T83/><D83/><U71/><E81/><V8/><F80/><W79/><G79/><T135/><D135/><U38/><E38/><V115/><F72/><W43/><G43/><T74/><D74/><U111/><E130/><V37/><F37/><W132/><G132/><T66/><D66/><U60/><E128/><V126/><F127/><RYUUKYOKU ba="0,1" sc="197,15,369,-15,221,-15,203,15" hai0="13,17,18,23,82,86,89,108,109,110" hai3="4,10,14,20,26,42,47,50,69,70,94,99,103" /><INIT seed="6,1,1,0,4,107" ten="212,354,206,218" oya="2" hai0="32,15,83,68,126,67,3,113,118,20,115,116,56" hai1="37,40,121,34,52,122,59,6,25,127,12,105,10" hai2="63,85,82,45,13,92,84,102,41,36,95,91,81" hai3="19,54,69,2,86,0,114,24,53,79,101,104,9"/><V60/><F102/><W94/><G104/><T58/><D32/><U48/><E105/><V88/><F13/><W119/><G119/><N who="0" m="45611" /><D3/><U61/><E37/><V38/><F38/><W62/><G114/><N who="0" m="43531" /><D83/><AGARI ba="1,1" hai="36,41,45,60,63,81,82,83,84,85,88,91,92,95" machi="83" ten="40,3900,0" yaku="9,1,54,1" doraHai="107" who="2" fromWho="0" sc="212,-42,354,0,206,52,218,0" /><INIT seed="6,2,0,3,1,125" ten="170,354,258,218" oya="2" hai0="67,59,43,6,51,66,77,60,74,106,102,104,34" hai1="11,76,24,69,27,70,29,71,115,93,35,86,4" hai2="53,30,57,84,56,109,101,124,97,14,45,85,113" hai3="87,73,47,15,17,92,1,65,119,112,18,54,38"/><V12/><F109/><W50/><G73/><T110/><D34/><U52/><E115/><V46/><F30/><W134/><G1/><T126/><D110/><U83/><E93/><N who="2" m="58543" /><F113/><W20/><G119/><T58/><D126/><U82/><E82/><V9/><F124/><W91/><G112/><T103/><D104/><U36/><E36/><V96/><F96/><W37/><G134/><T98/><D103/><U117/><E117/><V32/><F32/><W26/><REACH who="3" step="1"/><G65/><REACH who="3" step="2"/><T89/><D74/><U114/><E114/><V16/><F14/><W10/><AGARI ba="2,1" hai="10,15,17,18,20,26,37,38,47,50,54,87,91,92" machi="10" ten="20,5200,0" yaku="1,1,2,1,0,1,7,1,53,0" doraHai="125" doraHaiUra="31" who="3" fromWho="3" sc="170,-15,354,-15,258,-28,208,68" /><INIT seed="7,0,0,0,4,121" ten="155,339,230,276" oya="3" hai0="77,48,44,72,84,66,106,22,29,63,135,64,114" hai1="50,32,103,65,10,23,55,83,98,57,112,111,76" hai2="47,78,120,7,94,45,31,130,134,3,38,52,54" hai3="97,19,75,90,42,105,37,85,49,25,82,12,43"/><W39/><G75/><T108/><D106/><U80/><E32/><V125/><F120/><W95/><G105/><T79/><D72/><U17/><E10/><V15/><F38/><W119/><G119/><T60/><D135/><U35/><E35/><V129/><F3/><W26/><G37/><T20/><D84/><N who="1" m="48135" /><E111/><V0/><F0/><W91/><G39/><T13/><D13/><N who="1" m="9647" /><E112/><V40/><F40/><N who="3" m="15403" /><G49/><T30/><D48/><U58/><E83/><V74/><F74/><W34/><G34/><T87/><D87/><U4/><E4/><V109/><F78/><W18/><G18/><T107/><D107/><U6/><E6/><V8/><F31/><W61/><G61/><T123/><D123/><U9/><E9/><AGARI ba="0,0" hai="9,12,19,25,26,82,85,90,91,95,97" m="15403" machi="9" ten="30,1500,0" yaku="8,1" doraHai="121" who="3" fromWho="1" sc="155,0,339,-15,230,0,276,15" /><INIT seed="7,1,0,1,5,77" ten="155,324,230,291" oya="3" hai0="64,127,16,49,76,36,53,110,59,71,46,67,84" hai1="48,90,122,62,115,128,125,108,11,85,101,21,17" hai2="88,82,69,39,95,8,97,61,5,73,91,56,35" hai3="3,18,86,120,117,28,72,43,102,7,119,22,55"/><W34/><G72/><T6/><D110/><U12/><E108/><V68/><F39/><W15/><G120/><T14/><D127/><U26/><E122/><V2/><F35/><W111/><G111/><T93/><D6/><U135/><E125/><V134/><F134/><W60/><G43/><T13/><D71/><U98/><E135/><V75/><F75/><W58/><G102/><T10/><D36/><U50/><E115/><V54/><REACH who="2" step="1"/><F91/><REACH who="2" step="2"/><W94/><G34/><T33/><D33/><U112/><E112/><V51/><F51/><W66/><G119/><T80/><D14/><U79/><E90/><V29/><F29/><W131/><G117/><T83/><D93/><U37/><E101/><V27/><F27/><W96/><G28/><T47/><D83/><U114/><E26/><V38/><F38/><W45/><G3/><T123/><D123/><U103/><E12/><V25/><F25/><W63/><G7/><T92/><D92/><U32/><E103/><V41/><F41/><W24/><G24/><T1/><D1/><U40/><E40/><V70/><F70/><W104/><G94/><T42/><D42/><U4/><E32/><V44/><F44/><AGARI ba="1,1" hai="10,13,16,44,46,47,49,53,59,64,67,76,80,84" machi="44" ten="40,5200,0" yaku="8,1,52,1,54,1" doraHai="77" who="0" fromWho="2" sc="155,65,324,0,220,-55,291,0" owari="220,-18,324,42,165,-33,291,9" /></mjloggm>