<mjloggm ver="2.3"><GO type="193"/><UN n0="%E3%82%A6%E3%83%AB%E3%83%88%E3%83%A9%E7%AB%8B%E7%9B%B4" n1="%79%61%73%75%6D%61%2E" n2="%E7%A5%9E%E8%9B%87" n3="%E3%81%82%E3%81%91%E3%81%BE%E3%81%95" dan="12,13,13,12" rate="1798,1715,1721,1695" sx="M,M,M,M"/><TAIKYOKU oya="0"/><INIT seed="0,0,0,5,0,131" ten="250,250,250,250" oya="0" hai0="129,2,60,17,63,78,134,114,27,43,124,130,41" hai1="118,57,14,0,42,54,109,105,37,51,94,88,29" hai2="96,128,121,20,69,3,34,132,87,23,56,90,11" hai3="86,15,4,115,19,73,18,53,39,58,104,116,46" shuffle="mt19937ar,837BFC8A,6EDD1F29,091F8CEC,A3EED80C,4A79CAC7,24BF07EC,08D5DF49,A58B81BE"/><T89/><D2/><U103/><E0/><V135/><F69/><W22/><G116/><T12/><D114/><U47/><E118/><V76/><F34/><W112/><G104/><T123/><D123/><U101/><E105/><V83/><F121/><W119/><G73/><T59/><D78/><U111/><E29/><V133/><F128/><N who="0" m="49258" /><D27/><U16/><E109/><V98/><F56/><W48/><G119/><T10/><D89/><U32/><E32/><V85/><F3/><W77/><G4/><T91/><D91/><U5/><E5/><V102/><F11/><W38/><G77/><T61/><D124/><U113/><E111/><V108/><F108/><W120/><G86/><T82/><D82/><U127/><E127/><V40/><F40/><N who="0" m="15434" /><D134/><U110/><E113/><V44/><F44/><W1/><G1/><T66/><AGARI ba="0,0" hai="10,12,17,59,60,61,63,66" m="15434,49258" machi="66" ten="30,1500,0" yaku="19,1" doraHai="131" who="0" fromWho="0" sc="250,15,250,-5,250,-5,250,-5" /><INIT seed="0,1,0,2,5,130" ten="265,245,245,245" oya="0" hai0="120,118,29,47,70,51,6,108,52,65,132,16,127" hai1="34,39,78,21,95,83,73,82,105,106,110,68,35" hai2="20,88,13,131,109,24,26,17,74,98,40,22,32" hai3="129,126,14,135,101,90,60,114,87,54,94,93,46" shuffle="mt19937ar,1FCAA996,721DCAA4,B79980F8,EB6FFD05,201F8DBE,4B68924D,1E0A4C16,0F5AA692"/><T67/><D29/><U37/><E68/><V134/><F131/><W85/><G114/><T86/><D6/><U64/><E64/><N who="0" m="24649" /><D70/><U56/><E110/><V97/><F40/><W119/><G129/><T7/><D7/><U10/><E83/><V91/><F109/><W44/><G119/><T50/><D108/><U113/><E113/><V96/><F74/><W19/><G126/><T33/><D33/><U0/><E21/><V92/><F134/><W23/><G135/><T102/><D132/><U69/><E56/><V99/><F32/><N who="1" m="12329" /><E95/><V115/><F115/><W42/><G42/><N who="0" m="24951" /><D127/><U25/><E25/><V41/><F41/><W38/><G38/><N who="1" m="14346" /><E69/><V133/><F133/><W121/><G121/><T55/><D118/><U76/><E76/><V125/><F125/><W49/><G60/><T61/><D120/><U107/><E10/><V111/><F111/><W45/><G101/><T89/><D102/><U122/><E122/><V103/><REACH who="2" step="1"/><F13/><REACH who="2" step="2"/><W116/><G116/><T57/><D86/><U75/><E75/><V71/><F71/><W31/><G31/><AGARI ba="1,1" hai="17,20,22,24,26,31,88,91,92,96,97,98,99,103" machi="31" ten="40,5200,0" yaku="1,1,8,1,54,1,53,0" doraHai="130" doraHaiUra="100" who="2" fromWho="3" sc="265,0,245,0,235,65,245,-55" /><INIT seed="1,0,0,0,5,66" ten="265,245,300,190" oya="1" hai0="77,132,91,9,64,6,43,85,33,96,4,115,93" hai1="76,128,123,1,127,109,34,17,72,26,18,95,94" hai2="70,40,102,50,63,49,10,84,32,134,89,25,19" hai3="133,107,103,88,100,48,0,58,38,75,27,23,112" shuffle="mt19937ar,96F24B19,6FDFCD8A,8FAC2976,877C2D4A,E7D91367,746967DB,78EC7C9B,3A88D633"/><U68/><E123/><V116/><F116/><W87/><G133/><T83/><D33/><U60/><E127/><V101/><F134/><W41/><G75/><T53/><D132/><U15/><E1/><V119/><F119/><W30/><G112/><T45/><D115/><U122/><E122/><V44/><F50/><W125/><G38/><T61/><D53/><U28/><E128/><V52/><F32/><W46/><G0/><T111/><D111/><U86/><E109/><V29/><F29/><W92/><G107/><T71/><REACH who="0" step="1"/><D9/><REACH who="0" step="2"/><U104/><E34/><V54/><F54/><W13/><G125/><T80/><D80/><U120/><E120/><V62/><F10/><W98/><G13/><T124/><D124/><U126/><E126/><V135/><F135/><W3/><G3/><T105/><D105/><U106/><E15/><V129/><F40/><W35/><G35/><T24/><D24/><U110/><E110/><V69/><F25/><W2/><G2/><T21/><D21/><U57/><E106/><V36/><F129/><W90/><REACH who="3" step="1"/><G58/><REACH who="3" step="2"/><T31/><D31/><U113/><E57/><V131/><F131/><W11/><G11/><T65/><D65/><U14/><E104/><V7/><F36/><AGARI ba="0,2" hai="4,6,36,43,45,61,64,71,77,83,85,91,93,96" machi="36" ten="30,3900,0" yaku="1,1,7,1,52,1,53,0" doraHai="66" doraHaiUra="108" who="0" fromWho="2" sc="255,59,245,0,300,-39,180,0" /><INIT seed="2,0,0,5,5,52" ten="314,245,261,180" oya="2" hai0="49,112,133,102,5,124,25,132,83,73,77,111,85" hai1="58,110,54,12,19,84,79,97,87,10,27,117,17" hai2="75,41,26,16,3,118,105,78,28,99,74,47,92" hai3="11,98,70,9,109,42,51,71,46,86,24,80,7" shuffle="mt19937ar,8FB21701,1E5A365B,2812A1F0,E653201B,2274A2E0,209C15F2,34491F68,FE2E8E51"/><V65/><F105/><W122/><G122/><T127/><D5/><U23/><E117/><V126/><F118/><W94/><G109/><T135/><D25/><U0/><E110/><V31/><F126/><N who="0" m="48170" /><D49/><U114/><E114/><V13/><F3/><W64/><G24/><T130/><D111/><U45/><E0/><V50/><F65/><W1/><G11/><T104/><D112/><U38/><E79/><V40/><F41/><W33/><G64/><T101/><D130/><U56/><E97/><V21/><F78/><W134/><G33/><T72/><D104/><U61/><REACH who="1" step="1"/><E56/><REACH who="1" step="2"/><V108/><F108/><W34/><G134/><T60/><D60/><U125/><E125/><V57/><F57/><W59/><G59/><T120/><D120/><U62/><E62/><V8/><REACH who="2" step="1"/><F31/><REACH who="2" step="2"/><W6/><G34/><T30/><D30/><U81/><E81/><V131/><F131/><W82/><G82/><T96/><D96/><U37/><E37/><V36/><F36/><W35/><G35/><T106/><D106/><U44/><E44/><V129/><F129/><W53/><G42/><AGARI ba="0,2" hai="10,12,17,19,23,27,38,42,45,54,58,61,84,87" machi="42" ten="40,2600,0" yaku="1,1,52,1,53,0" doraHai="52" doraHaiUra="90" who="1" fromWho="3" sc="314,0,235,46,251,0,180,-26" /><INIT seed="3,0,0,3,2,13" ten="314,281,251,154" oya="3" hai0="90,58,78,26,112,122,67,76,79,81,5,106,55" hai1="19,89,127,129,121,9,25,52,96,118,85,65,97" hai2="4,61,57,105,39,128,15,124,103,125,51,0,34" hai3="41,74,21,16,115,87,101,114,11,71,84,111,68" shuffle="mt19937ar,7D9AC51F,208D4475,8CA76CF7,20C4C8CB,FBEEF848,EA5948B1,9ABE1341,53EB1CE0"/><W66/><G74/><T27/><D106/><U123/><E65/><V93/><F0/><W40/><G11/><T31/><D122/><U94/><E127/><V95/><F39/><W20/><G20/><T108/><D108/><U18/><E129/><V32/><F105/><W59/><G101/><T50/><D112/><U3/><E118/><V14/><F51/><W53/><G111/><T88/><D5/><U29/><E3/><V69/><F69/><W126/><G126/><N who="2" m="48745" /><F103/><W22/><G22/><N who="0" m="15831" /><D27/><U6/><E123/><V131/><F4/><W70/><G66/><T130/><D130/><N who="2" m="49706" /><F57/><W77/><G77/><N who="0" m="29803" /><D67/><U43/><E121/><V91/><F61/><W28/><G28/><T64/><D64/><U119/><E119/><V23/><F23/><W63/><G115/><T35/><D35/><N who="2" m="13354" /><F91/><W45/><G114/><T109/><D109/><U75/><E75/><V107/><F107/><W132/><G41/><T116/><D116/><U83/><E43/><V113/><F113/><W73/><G73/><T135/><D90/><N who="1" m="55383" /><E52/><V82/><F82/><W92/><G92/><AGARI ba="0,0" hai="14,15,92,93,95" m="13354,49706,48745" machi="92" ten="40,8000,1" yaku="28,2,18,1,19,1" doraHai="13" who="2" fromWho="3" sc="314,0,281,0,251,80,154,-80" owari="314,6,281,-7,331,34,74,-33" /></mjloggm>