<mjloggm ver="2.3"><GO type="41"/><UN n0="%6B%61%75" n1="%E7%8F%8D%E7%AB%9C" n2="%63%63" n3="%E3%82%A6%E3%83%AB%E3%83%88%E3%83%A9%E7%AB%8B%E7%9B%B4" dan="14,13,13,14" rate="1911,1923,1912,1906" sx="M,M,M,M"/><TAIKYOKU oya="0"/><INIT seed="0,0,0,3,1,92" ten="250,250,250,250" oya="0" hai0="33,48,123,98,22,130,57,110,105,97,42,104,66" hai1="118,23,29,72,17,31,51,32,108,127,6,128,47" hai2="112,12,86,53,4,115,100,102,134,96,64,49,120" hai3="30,99,78,8,20,16,7,75,73,88,14,11,37"/><T65/><D123/><U106/><E72/><V109/><F120/><W15/><G37/><T45/><D33/><U25/><E118/><V13/><F64/><W79/><G75/><T124/><D124/><U107/><E127/><V35/><F35/><W121/><G73/><T1/><D1/><U2/><E128/><V69/><F69/><W126/><G126/><T77/><D77/><U21/><E108/><V26/><F26/><N who="3" m="16711" /><G121/><T0/><D0/><U74/><E74/><V67/><F67/><N who="0" m="25610" /><D105/><U54/><E23/><V114/><F86/><W84/><G84/><T19/><D104/><U116/><E31/><V55/><F109/><W135/><G135/><T62/><D110/><U9/><REACH who="1" step="1"/><E116/><REACH who="1" step="2"/><V10/><F134/><W95/><AGARI ba="0,1" hai="7,8,11,14,15,16,78,79,88,95,99" m="16711" machi="95" ten="30,7900,0" yaku="8,1,52,1,54,2" doraHai="92" who="3" fromWho="3" sc="250,-39,240,-20,250,-20,250,89" /><INIT seed="1,0,0,0,2,96" ten="211,220,230,339" oya="1" hai0="71,89,128,94,22,25,18,112,107,62,47,113,23" hai1="60,119,61,116,117,122,88,100,51,2,91,30,78" hai2="19,63,46,101,132,106,133,110,64,55,4,16,53" hai3="28,69,76,98,34,135,127,129,65,130,86,9,33"/><U40/><E2/><V93/><F106/><W39/><G98/><T115/><D107/><U7/><E122/><V6/><F110/><W15/><G39/><T75/><D75/><U134/><E7/><N who="2" m="2603" /><F46/><W99/><G28/><T74/><D74/><U105/><E78/><V12/><F101/><W42/><G42/><T111/><D111/><U121/><E121/><V20/><F93/><W27/><G27/><T118/><D118/><U123/><E123/><V85/><F85/><W8/><G99/><T56/><D71/><U104/><E30/><V1/><F1/><W29/><G29/><T126/><D126/><U67/><E134/><N who="2" m="51819" /><F19/><W31/><G86/><T43/><D22/><U73/><E73/><V90/><F90/><W24/><G76/><T79/><D79/><U44/><E105/><V83/><F83/><W13/><G135/><T87/><D47/><U95/><E104/><V3/><F3/><W38/><G38/><T57/><D43/><U77/><E77/><V11/><F20/><W120/><G120/><T50/><D57/><AGARI ba="0,0" hai="11,12,16,53,55,57,63,64" m="51819,2603" machi="57" ten="30,2000,0" yaku="20,1,54,1" doraHai="96" who="2" fromWho="0" sc="211,-20,220,0,230,20,339,0" /><INIT seed="2,0,0,4,3,84" ten="191,220,250,339" oya="2" hai0="14,80,4,96,61,54,113,75,27,47,34,78,121" hai1="2,8,114,10,130,115,92,125,1,31,62,106,93" hai2="127,29,35,73,72,58,87,103,105,44,60,123,3" hai3="88,68,95,50,109,43,17,52,102,38,42,28,112"/><V40/><F123/><W57/><G68/><T22/><D121/><U83/><E106/><V46/><F3/><W118/><G118/><T107/><D113/><U70/><E130/><V134/><F44/><W19/><G112/><T94/><D107/><U86/><E31/><V135/><F103/><W55/><G38/><T9/><D34/><U131/><E131/><V20/><F105/><W126/><G126/><T48/><D61/><U110/><E62/><V49/><F35/><W64/><G64/><T5/><D27/><U11/><E70/><V32/><F32/><W82/><G28/><T79/><D22/><U0/><E125/><V74/><F127/><W56/><G82/><T71/><D71/><U26/><E26/><N who="2" m="16583" /><F87/><N who="3" m="52639" /><G102/><T128/><D128/><U45/><E45/><V7/><F7/><W98/><G98/><T21/><D21/><U16/><E16/><N who="3" m="6218" /><G109/><T13/><D78/><U77/><E110/><V89/><F89/><W99/><G99/><T76/><D76/><U24/><REACH who="1" step="1"/><E24/><REACH who="1" step="2"/><V37/><F37/><W23/><G23/><T81/><D5/><U33/><E33/><V108/><F108/><W120/><G120/><T41/><D4/><U119/><E119/><V117/><F117/><W133/><G133/><N who="2" m="50697" /><F74/><W63/><AGARI ba="0,1" hai="42,43,50,52,55,56,57,63" m="6218,52639" machi="63" ten="30,8000,1" yaku="8,1,52,1,54,3" doraHai="84" who="3" fromWho="3" sc="191,-20,210,-20,250,-40,339,90" /><INIT seed="3,0,0,3,4,103" ten="171,190,210,429" oya="3" hai0="16,116,94,104,78,97,117,23,92,54,38,82,102" hai1="83,26,14,33,99,91,4,30,96,80,134,81,62" hai2="101,0,9,68,73,55,19,47,118,50,111,49,44" hai3="31,3,108,1,36,124,53,112,79,106,61,7,34"/><W89/><G36/><T129/><D38/><U87/><E134/><V135/><F118/><W20/><G79/><T115/><D129/><U88/><E62/><V114/><F111/><W90/><G34/><T67/><D67/><U13/><E4/><V66/><F114/><W125/><G112/><T127/><D127/><U74/><E14/><V110/><F135/><W65/><G53/><T128/><D128/><U45/><E45/><V18/><F110/><W8/><G3/><T10/><D10/><U28/><E13/><V17/><F73/><W126/><G106/><T131/><D131/><U27/><E74/><V132/><F132/><W48/><G48/><T51/><D115/><U32/><E83/><V119/><F119/><W113/><G113/><T12/><D116/><U72/><E72/><V40/><F68/><W100/><G100/><T75/><REACH who="0" step="1"/><D117/><REACH who="0" step="2"/><U98/><REACH who="1" step="1"/><E98/><REACH who="1" step="2"/><V57/><F66/><W133/><G133/><T5/><D5/><U122/><E122/><V93/><F0/><W41/><G108/><T39/><D39/><U105/><E105/><V84/><F84/><AGARI ba="0,2" hai="26,27,28,30,32,33,80,81,84,87,88,91,96,99" machi="84" ten="40,8000,1" yaku="1,1,32,3,54,1,53,0" doraHai="103" doraHaiUra="46" who="1" fromWho="2" sc="161,0,180,100,210,-80,429,0" /><INIT seed="4,0,0,5,0,91" ten="161,280,130,429" oya="0" hai0="6,93,5,90,64,42,125,35,75,83,67,47,4" hai1="13,32,124,127,49,78,118,61,100,36,103,120,123" hai2="134,119,87,109,51,113,98,26,76,62,55,16,39" hai3="114,57,17,3,2,0,95,63,30,8,7,92,115"/><T121/><D121/><U135/><E32/><V102/><F113/><N who="3" m="43019" /><G17/><T71/><D35/><U54/><E78/><V69/><F134/><W10/><G30/><T59/><D71/><U50/><E13/><V74/><F119/><W122/><G122/><N who="1" m="46634" /><E118/><V31/><F109/><W43/><G43/><T27/><D125/><N who="1" m="48203" /><E36/><V94/><F39/><W112/><G112/><T82/><D27/><U21/><E21/><N who="2" m="13607" /><F31/><W72/><G72/><T104/><D104/><U40/><E135/><V79/><F69/><W24/><G24/><T68/><D68/><U19/><E19/><V80/><F74/><W56/><G56/><T45/><D75/><U130/><E130/><V37/><F37/><W48/><G48/><N who="1" m="18538" /><E40/><V73/><F73/><W66/><G8/><T20/><D20/><U88/><E88/><N who="2" m="51303" /><F62/><W70/><G70/><T58/><D42/><U116/><E116/><V33/><F33/><W41/><G41/><T11/><D11/><U97/><E97/><V1/><F1/><AGARI ba="0,0" hai="0,1,2,3,7,10,57,63,66,92,95" m="43019" machi="1" ten="40,5200,0" yaku="15,1,52,2" doraHai="91" who="3" fromWho="2" sc="161,0,280,0,130,-52,429,52" /><INIT seed="5,0,0,4,1,91" ten="161,280,78,481" oya="1" hai0="95,47,5,46,34,30,129,81,135,76,104,25,73" hai1="4,107,75,20,61,15,68,58,59,133,1,65,17" hai2="134,11,55,79,41,127,117,50,119,102,67,126,88" hai3="125,62,122,3,113,53,82,16,27,35,33,131,70"/><U86/><E75/><V28/><F67/><W52/><G3/><T0/><D104/><U93/><E107/><V26/><F79/><W45/><G122/><T57/><D135/><U92/><E133/><V74/><F74/><W36/><G35/><T80/><D129/><U21/><E4/><V71/><F134/><W69/><G33/><T98/><D80/><U94/><E1/><V39/><F11/><W9/><G82/><T44/><D57/><U49/><E49/><V24/><F24/><W78/><G78/><T22/><D0/><U48/><E48/><V106/><F71/><W97/><G36/><T99/><D99/><U96/><E86/><V105/><F55/><W10/><G69/><T64/><D64/><U13/><E96/><N who="2" m="61639" /><F50/><N who="3" m="28751" /><G70/><T40/><D5/><U29/><E29/><V83/><F88/><W108/><G108/><T38/><REACH who="0" step="1"/><D34/><REACH who="0" step="2"/><U116/><REACH who="1" step="1"/><E116/><REACH who="1" step="2"/><N who="2" m="44619" /><F83/><W109/><G109/><T8/><D8/><U128/><E128/><V12/><F106/><W121/><G131/><T43/><D43/><U103/><E103/><AGARI ba="0,2" hai="22,25,30,38,40,44,46,47,73,76,81,95,98,103" machi="103" ten="30,3900,0" yaku="1,1,7,1,52,1,53,0" doraHai="91" doraHaiUra="51" who="0" fromWho="1" sc="151,59,270,-39,78,0,481,0" /><INIT seed="6,0,0,3,2,61" ten="210,231,78,481" oya="2" hai0="113,102,27,63,35,2,58,3,38,33,19,93,86" hai1="124,39,135,66,76,24,131,42,97,50,28,85,120" hai2="116,67,31,10,16,17,32,49,111,133,26,36,57" hai3="134,74,96,52,64,14,55,115,45,90,69,34,87"/><V46/><F116/><W70/><G74/><T101/><D38/><U112/><E120/><V109/><F36/><W73/><G73/><T7/><D113/><U80/><E112/><V78/><F78/><W5/><G34/><T30/><D33/><U129/><E97/><V21/><F17/><W8/><G69/><T9/><D3/><U79/><E39/><V0/><F133/><W48/><G134/><T62/><D62/><U100/><E100/><V84/><F84/><W105/><G115/><T126/><D126/><U82/><E135/><V99/><F99/><W110/><G110/><N who="2" m="41993" /><F67/><W59/><G70/><T11/><D86/><U12/><E12/><N who="2" m="9351" /><F57/><W37/><G37/><T89/><D89/><U83/><E50/><V77/><F77/><N who="1" m="29769" /><E42/><V106/><F106/><W20/><G105/><T119/><D93/><U88/><E124/><V91/><F91/><W118/><G96/><T40/><D40/><U127/><E127/><V107/><F107/><W114/><G114/><T128/><D119/><U51/><E51/><V123/><F123/><W92/><G118/><T71/><D71/><U60/><E66/><V43/><F10/><W130/><G64/><T1/><D19/><U47/><E47/><V41/><F0/><W15/><G55/><AGARI ba="0,0" hai="26,31,32,41,43,46,49,55" m="9351,41993" machi="55" ten="30,2900,0" yaku="10,1,54,1" doraHai="61" who="2" fromWho="3" sc="210,0,231,0,78,29,481,-29" /><INIT seed="6,1,0,4,3,116" ten="210,231,107,452" oya="2" hai0="1,94,51,86,132,121,52,89,105,130,19,28,59" hai1="107,43,20,57,73,101,108,25,48,37,95,65,38" hai2="92,96,5,32,87,14,97,15,11,99,13,64,22" hai3="12,93,4,30,45,135,2,16,27,110,120,10,115"/><V47/><F32/><N who="3" m="20575" /><G45/><T6/><D132/><U56/><E73/><V66/><F47/><W21/><G135/><T77/><D105/><U36/><E95/><V3/><F22/><W98/><G120/><T55/><D130/><U17/><E108/><V9/><F87/><W69/><G69/><T41/><D41/><U46/><REACH who="1" step="1"/><E65/><REACH who="1" step="2"/><N who="2" m="25195" /><F3/><W58/><G110/><T40/><D1/><U106/><E106/><V122/><F122/><W8/><G93/><T35/><D121/><U0/><E0/><V29/><F29/><W74/><G74/><T39/><D39/><U54/><E54/><V79/><F79/><W78/><G78/><T119/><D40/><U67/><E67/><V84/><F84/><W76/><G76/><T134/><D134/><U85/><E85/><V60/><F60/><W88/><G2/><T112/><D77/><U68/><E68/><V82/><F82/><W31/><G31/><T125/><D28/><U126/><E126/><V118/><F118/><W7/><G98/><AGARI ba="1,1" hai="17,20,25,36,37,38,43,46,48,56,57,98,101,107" machi="98" ten="40,1300,0" yaku="1,1,53,0" doraHai="116" doraHaiUra="109" who="1" fromWho="3" sc="210,0,221,26,107,0,452,-16" /><INIT seed="7,0,0,5,3,81" ten="210,247,107,436" oya="3" hai0="1,53,36,125,27,92,93,48,44,16,58,74,98" hai1="45,42,77,9,85,21,35,109,69,90,110,47,55" hai2="126,11,72,34,100,80,84,75,79,78,41,87,4" hai3="89,86,68,52,114,7,88,19,43,26,18,8,2"/><W13/><G68/><T71/><D1/><U50/><E35/><V25/><F126/><W37/><G43/><T15/><D74/><U5/><E69/><V131/><F131/><W0/><G37/><T32/><D125/><U101/><E101/><V124/><F124/><W39/><G39/><T115/><D71/><U130/><E130/><V24/><F100/><W28/><G89/><T10/><D115/><U103/><E103/><V118/><F118/><W60/><G114/><T112/><D112/><U61/><E21/><V82/><F25/><W117/><G117/><T102/><D36/><U104/><E104/><V116/><F116/><W83/><G2/><T56/><D32/><U57/><E77/><V127/><F127/><W63/><G0/><T135/><D135/><U97/><E97/><V91/><F41/><W111/><G111/><T65/><D27/><U132/><E47/><V40/><F40/><W59/><G60/><T70/><D70/><U6/><E6/><V49/><F49/><W14/><G14/><T134/><D134/><U66/><E66/><V62/><F62/><W51/><G63/><T12/><D65/><U133/><E132/><V105/><F105/><W113/><G113/><T17/><D92/><N who="1" m="54351" /><E133/><V73/><F24/><W64/><G64/><T106/><D106/><U122/><E122/><V23/><F23/><AGARI ba="0,0" hai="7,8,13,18,19,23,26,28,51,52,59,83,86,88" machi="23" ten="30,12000,1" yaku="7,1,8,1,52,1,54,2" doraHai="81" who="3" fromWho="2" sc="210,0,247,0,107,-120,436,120" /><AGARI ba="0,0" hai="10,12,15,16,17,23,44,48,53,56,58,93,98,102" machi="23" ten="30,3900,0" yaku="7,1,8,1,54,1" doraHai="81" who="0" fromWho="2" sc="210,39,247,0,-13,-39,556,0" owari="249,5,247,-15,-52,-55,556,65" /></mjloggm>