<mjloggm ver="2.3"><GO type="97"/><UN n0="%E3%82%AA%E3%82%AB%E3%83%AB%E3%83%88" n1="%E3%83%9C%E3%82%A4%E3%82%B9%E5%85%9A" n2="%E3%82%A6%E3%83%AB%E3%83%88%E3%83%A9%E7%AB%8B%E7%9B%B4" n3="%4E%49%4B%4F%E2%91%A4" dan="15,14,13,15" rate="2077,1885,1830,2005" sx="M,M,M,M"/><TAIKYOKU oya="0"/><INIT seed="0,0,0,0,3,92" ten="250,250,250,250" oya="0" hai0="128,22,85,23,58,112,97,45,43,84,130,55,21" hai1="70,123,56,74,108,114,20,77,28,81,72,110,31" hai2="7,27,105,61,14,5,109,121,1,134,111,50,93" hai3="8,37,76,19,15,113,53,117,11,24,95,78,42"/><T32/><D32/><U49/><E70/><V122/><F105/><W60/><G117/><T131/><D112/><U57/><E123/><V127/><F50/><W29/><G113/><T119/><D119/><U133/><E114/><V106/><F61/><W38/><G37/><T101/><D58/><U39/><E39/><V118/><F93/><W26/><G38/><T75/><D75/><U73/><E133/><V89/><F89/><W54/><G42/><T120/><D120/><U41/><E41/><V51/><F51/><W91/><G8/><T86/><D55/><U6/><E6/><V0/><F106/><W83/><G60/><T71/><D71/><U100/><E100/><V16/><F118/><W30/><G26/><T79/><D79/><U125/><E49/><V88/><F88/><W98/><G30/><T107/><D43/><U34/><E125/><V13/><F27/><W65/><G65/><T104/><D104/><U115/><E115/><V3/><F3/><W40/><G40/><T82/><REACH who="0" step="1"/><D82/><REACH who="0" step="2"/><U12/><E34/><V66/><F66/><W9/><G78/><T96/><D96/><U124/><E124/><V59/><F59/><W64/><G83/><T62/><D62/><U69/><E69/><V63/><F63/><W44/><G76/><T135/><D135/><U102/><E77/><V90/><F134/><W10/><G64/><T116/><D116/><U46/><E81/><V129/><F127/><W132/><G132/><T94/><D94/><U67/><E67/><V126/><F126/><W17/><G54/><T33/><D33/><U2/><E74/><RYUUKYOKU ba="0,1" sc="240,30,250,-10,250,-10,250,-10" hai0="21,22,23,45,84,85,86,97,101,107,128,130,131" /><INIT seed="0,1,1,3,0,107" ten="270,240,240,240" oya="0" hai0="40,16,65,88,62,87,23,51,41,64,80,77,57" hai1="78,119,69,75,72,97,95,49,117,81,1,63,20" hai2="61,39,130,123,91,19,10,128,114,38,14,58,3" hai3="22,82,93,31,79,116,120,52,90,132,134,127,42"/><T111/><D111/><U67/><E1/><V131/><F114/><W86/><G116/><T30/><D30/><U34/><E34/><V9/><F123/><W104/><G120/><T4/><D4/><U25/><E49/><V96/><F3/><W2/><G2/><T70/><D77/><U15/><E15/><V50/><F50/><W109/><G104/><T113/><D113/><U103/><E75/><V5/><F5/><W101/><G101/><T106/><D106/><U18/><AGARI ba="1,1" hai="18,20,25,63,67,69,72,78,81,95,97,103,117,119" machi="18" ten="20,2700,0" yaku="0,1,7,1,52,1" doraHai="107" who="1" fromWho="1" sc="270,-14,240,40,240,-8,240,-8" /><INIT seed="1,0,0,4,1,45" ten="256,280,232,232" oya="1" hai0="32,74,132,5,73,4,119,6,16,18,64,84,83" hai1="70,102,10,42,98,55,71,96,28,63,65,111,112" hai2="56,41,31,12,75,39,51,107,24,43,79,15,29" hai3="110,128,122,115,101,113,20,66,106,49,36,114,118"/><U129/><E112/><V77/><F107/><W26/><G36/><T52/><D119/><U117/><E117/><V47/><F39/><W121/><G118/><T72/><D32/><U69/><E10/><V38/><F38/><W37/><G37/><T67/><D132/><U40/><E129/><V92/><F75/><W60/><G128/><T8/><D8/><U68/><E111/><V33/><F33/><W134/><G134/><T133/><D133/><U19/><E19/><V2/><F2/><W109/><G101/><T46/><D67/><U86/><E86/><V100/><F56/><W21/><G106/><T94/><D94/><U11/><E11/><V53/><F53/><W108/><G49/><T135/><D64/><U131/><E131/><V99/><F43/><W54/><G54/><T59/><D46/><U17/><E17/><V34/><F29/><W13/><G13/><T23/><D135/><U127/><E127/><V125/><F125/><W44/><G44/><T105/><D105/><U7/><E7/><V27/><F27/><W116/><G116/><T91/><REACH who="0" step="1"/><D23/><REACH who="0" step="2"/><U80/><E80/><V97/><F97/><N who="1" m="37481" /><E102/><V58/><F79/><W126/><G126/><T82/><D82/><U9/><E9/><V62/><F77/><W35/><G35/><T87/><D87/><U85/><E85/><V103/><F103/><W76/><G76/><T57/><D57/><U50/><E71/><V48/><F48/><AGARI ba="0,1" hai="4,5,6,16,18,48,52,59,72,73,74,83,84,91" machi="48" ten="50,8000,1" yaku="1,1,52,1,54,2,53,0" doraHai="45" doraHaiUra="89" who="0" fromWho="2" sc="246,90,280,0,232,-80,232,0" /><INIT seed="2,0,0,2,5,104" ten="336,280,152,232" oya="2" hai0="25,41,21,117,68,112,51,73,8,110,33,92,72" hai1="70,1,57,40,102,93,36,58,0,79,34,12,60" hai2="13,65,42,38,6,15,49,67,4,114,88,97,85" hai3="61,91,129,134,107,118,123,64,124,75,55,81,20"/><V3/><F3/><W109/><G20/><T80/><D112/><U19/><E34/><V35/><F35/><W47/><G55/><T122/><D122/><U48/><E79/><V115/><F97/><W95/><G47/><T45/><D68/><U106/><E106/><V44/><F49/><W71/><G61/><T56/><D33/><U100/><E70/><V130/><F130/><W82/><G64/><T22/><D110/><U125/><E125/><V121/><F121/><W18/><G18/><T69/><D69/><U54/><E36/><V39/><F88/><W27/><G27/><T37/><D117/><U89/><E0/><V111/><F85/><N who="3" m="50607" /><G71/><T94/><D8/><U32/><E1/><V52/><F52/><W31/><G31/><T105/><D105/><U98/><E32/><V87/><F87/><W14/><G14/><T90/><D56/><U116/><E116/><V126/><F126/><W17/><G123/><T7/><D7/><U24/><E40/><V59/><F59/><W5/><G95/><T96/><D80/><U113/><E113/><V74/><F111/><W131/><G124/><T101/><D37/><U28/><E28/><V103/><F103/><W77/><G118/><T46/><D46/><U135/><E135/><V30/><F30/><W23/><G109/><T16/><D22/><U66/><E24/><V120/><F120/><W128/><G134/><T132/><D132/><U76/><E76/><V99/><F44/><W11/><G107/><T119/><D119/><U2/><E2/><V133/><F133/><W78/><G131/><T83/><D83/><RYUUKYOKU ba="0,0" sc="336,15,280,15,152,-15,232,-15" hai0="16,21,25,41,45,51,72,73,90,92,94,96,101" hai1="12,19,48,54,57,58,60,66,89,93,98,100,102" /><INIT seed="3,1,0,0,1,45" ten="351,295,137,217" oya="3" hai0="8,59,87,122,10,103,24,125,88,65,38,76,109" hai1="97,108,61,75,22,15,46,120,18,92,28,66,5" hai2="42,123,7,107,104,60,57,101,34,133,16,12,124" hai3="117,114,43,85,64,90,82,72,80,52,98,49,47"/><W4/><G114/><T53/><D122/><U40/><E75/><V121/><F34/><W135/><G117/><T115/><D38/><U20/><E120/><V54/><F123/><W110/><G135/><T27/><D115/><U55/><E5/><V129/><F121/><W63/><G110/><T112/><D112/><U102/><E108/><V23/><F133/><W19/><G4/><T48/><D103/><U70/><E28/><V37/><F129/><W36/><G72/><T21/><D109/><U68/><E55/><V106/><F124/><W69/><G98/><T51/><D125/><U100/><E70/><V29/><F42/><W131/><G131/><T58/><D76/><U99/><E99/><V74/><F74/><W56/><G19/><N who="0" m="12351" /><D27/><U81/><E81/><AGARI ba="1,0" hai="36,43,47,49,52,56,63,64,69,80,81,82,85,90" machi="81" ten="30,12000,1" yaku="7,1,24,2,52,1,54,1" doraHai="45" who="3" fromWho="1" sc="351,0,295,-123,137,0,217,123" /><INIT seed="3,2,0,1,3,103" ten="351,172,137,340" oya="3" hai0="55,93,30,81,23,46,121,119,74,120,127,41,38" hai1="9,61,27,85,22,87,49,83,16,89,108,66,114" hai2="82,10,109,126,102,28,20,95,45,112,91,117,4" hai3="118,18,131,35,31,98,1,54,134,105,129,80,56"/><W6/><G118/><T104/><D104/><U86/><E114/><V11/><F112/><W14/><G6/><T133/><D119/><U33/><E108/><V115/><F115/><W97/><G1/><T12/><D133/><U37/><E37/><V58/><F109/><W64/><G64/><T122/><D127/><U69/><E33/><V79/><F117/><W52/><G134/><T110/><D110/><U40/><E40/><V48/><F126/><W42/><G80/><T77/><D93/><U19/><E9/><V25/><F58/><W101/><G98/><T15/><REACH who="0" step="1"/><D55/><REACH who="0" step="2"/><U43/><E43/><V51/><F102/><W39/><G42/><T70/><D70/><U17/><E49/><V124/><F124/><W29/><G39/><T34/><D34/><U125/><E125/><V60/><F60/><N who="3" m="35847" /><G54/><T36/><D36/><U2/><REACH who="1" step="1"/><E2/><REACH who="1" step="2"/><V113/><F113/><W123/><G35/><T67/><D67/><U71/><E71/><V116/><F116/><W130/><G123/><T21/><D21/><AGARI ba="2,2" hai="14,18,21,29,31,97,101,105,129,130,131" m="35847" machi="21" ten="30,5800,0" yaku="19,1,52,1,54,1" doraHai="103" who="3" fromWho="0" sc="341,-64,162,0,137,0,340,84" owari="277,3,162,-19,137,-26,424,42" /></mjloggm>