<mjloggm ver="2.3"><GO type="41"/><UN n0="%E6%A5%B5%E6%9D%B1%E3%83%AC%E3%83%BC%E3%83%80%E3%83%BC" n1="%E3%81%93%E3%81%8A%E3%81%98" n2="%E3%82%B9%E3%83%97%E3%83%A9%E3%82%A4%E3%83%88" n3="%E3%82%A6%E3%83%AB%E3%83%88%E3%83%A9%E7%AB%8B%E7%9B%B4" dan="14,16,15,15" rate="1891,1999,2012,1976" sx="M,M,M,M"/><TAIKYOKU oya="0"/><INIT seed="0,0,0,3,1,118" ten="250,250,250,250" oya="0" hai0="64,124,67,17,83,46,55,102,12,39,75,78,30" hai1="49,122,26,51,101,114,19,129,133,121,74,18,58" hai2="104,50,1,47,126,32,88,16,94,103,7,92,69" hai3="73,70,28,109,77,9,13,117,89,107,5,116,131"/><T85/><D124/><U71/><E74/><V130/><F104/><W62/><G77/><T112/><D112/><U36/><E101/><V111/><F69/><W108/><G73/><T125/><D125/><U15/><E71/><V23/><F126/><W96/><G89/><T41/><D30/><U110/><E36/><V68/><F68/><W84/><G84/><T95/><D55/><U48/><E114/><V59/><F32/><W97/><G62/><T91/><REACH who="0" step="1"/><D102/><REACH who="0" step="2"/><U76/><E129/><V54/><F103/><W120/><G131/><T132/><D132/><U99/><E133/><V40/><F130/><W57/><G116/><T79/><D79/><U128/><E76/><V98/><F111/><W72/><G117/><T66/><D66/><U6/><E110/><V42/><F54/><W8/><G28/><T134/><D134/><U87/><E128/><V35/><F42/><W135/><G135/><T31/><D31/><U20/><E58/><V61/><F40/><W34/><G57/><T43/><D43/><U63/><E63/><V45/><F59/><W33/><G70/><T105/><D105/><U27/><E49/><V93/><F50/><W86/><G107/><T90/><D90/><U82/><E48/><V2/><F88/><W25/><G108/><T22/><AGARI ba="0,1" hai="12,17,22,39,41,46,64,67,75,78,83,85,91,95" machi="22" ten="20,3900,0" yaku="1,1,0,1,7,1,53,0" doraHai="118" doraHaiUra="52" who="0" fromWho="0" sc="240,49,250,-13,250,-13,250,-13" /><INIT seed="0,1,0,4,2,70" ten="289,237,237,237" oya="0" hai0="50,33,112,87,11,28,65,108,47,129,124,7,104" hai1="26,60,107,56,110,38,12,22,32,86,17,98,97" hai2="111,105,121,40,34,90,2,59,85,6,135,81,125" hai3="127,115,74,77,67,114,88,66,23,30,53,35,54"/><T106/><D112/><U130/><E130/><V75/><F121/><W79/><G23/><T133/><D133/><U96/><E110/><V122/><F122/><W117/><G30/><T57/><D129/><U84/><E107/><V36/><F105/><W123/><G123/><T1/><D124/><U131/><E131/><V76/><F111/><W82/><G82/><T37/><D108/><U8/><E32/><V71/><F71/><W80/><G80/><T102/><D102/><U46/><E46/><N who="2" m="23815" /><F59/><W62/><G62/><T39/><D87/><U10/><E10/><N who="2" m="2391" /><F34/><W55/><G35/><T68/><D68/><U42/><E42/><V69/><F69/><W24/><G24/><T78/><D78/><U109/><E109/><V44/><F44/><W20/><G20/><T41/><D106/><U128/><E128/><V29/><F29/><W73/><G55/><T5/><D104/><U21/><E21/><V16/><F16/><W95/><G95/><T14/><D7/><U9/><E9/><V120/><F120/><W93/><G93/><T43/><D43/><U91/><E38/><V132/><F125/><W3/><G127/><T100/><D14/><U31/><REACH who="1" step="1"/><E91/><REACH who="1" step="2"/><V134/><F135/><W113/><G113/><T101/><D101/><U4/><E4/><V0/><F0/><W72/><G3/><T45/><D100/><U52/><AGARI ba="1,1" hai="8,12,17,22,26,31,52,56,60,84,86,96,97,98" machi="52" ten="30,7900,0" yaku="1,1,0,1,8,1,54,1,53,0" doraHai="70" doraHaiUra="61" who="1" fromWho="1" sc="289,-40,227,92,237,-21,237,-21" /><INIT seed="1,0,0,4,0,126" ten="249,319,216,216" oya="1" hai0="61,26,16,121,64,80,94,111,63,62,46,9,125" hai1="129,88,120,2,86,51,15,122,89,70,52,47,112" hai2="20,100,130,60,54,11,49,77,14,106,56,12,127" hai3="90,38,98,93,108,101,0,35,92,8,22,75,36"/><U67/><E2/><V25/><F127/><W43/><G35/><T83/><D125/><U1/><E1/><V48/><F77/><W105/><G75/><T24/><D121/><U58/><E112/><V95/><F106/><W131/><G38/><T50/><D111/><U82/><E70/><V118/><F118/><W78/><G43/><N who="0" m="24927" /><D64/><U59/><E129/><V34/><F34/><W133/><G36/><T65/><D65/><U41/><E67/><V45/><F130/><W13/><G22/><N who="0" m="13383" /><D26/><U135/><E135/><V79/><F79/><W74/><G0/><T84/><D9/><U114/><E114/><V66/><F100/><W31/><G13/><T117/><D117/><U85/><E15/><V5/><F95/><W132/><G8/><T18/><D18/><U3/><E3/><V119/><F119/><W99/><G31/><T116/><D116/><U109/><E109/><V73/><F73/><W71/><G71/><T57/><D57/><U39/><REACH who="1" step="1"/><E58/><REACH who="1" step="2"/><V134/><F134/><N who="3" m="51819" /><G108/><T115/><D115/><U42/><E42/><V76/><F14/><W19/><G131/><T103/><D103/><U17/><E17/><V97/><F12/><W10/><G19/><T28/><D28/><U102/><E102/><V96/><F56/><W68/><G68/><T30/><D30/><U104/><E104/><V110/><F66/><W32/><G10/><T81/><D84/><U91/><E91/><V113/><F11/><W87/><G105/><T107/><D107/><U124/><E124/><V4/><F113/><W23/><G101/><T29/><D29/><U53/><E53/><RYUUKYOKU ba="0,1" sc="249,15,309,15,216,-15,216,-15" hai0="61,62,63,80,81,83,94" hai1="39,41,47,51,52,59,82,85,86,88,89,120,122" /><INIT seed="1,1,1,1,1,78" ten="264,324,201,201" oya="1" hai0="72,52,66,65,117,131,5,132,100,42,103,127,24" hai1="94,29,87,61,22,18,45,51,31,76,82,102,23" hai2="40,86,113,84,119,1,121,80,50,53,17,15,111" hai3="99,98,4,133,6,106,101,134,108,56,57,90,3"/><U38/><E38/><V81/><F121/><W95/><G108/><T126/><D117/><U46/><E61/><V10/><F119/><W0/><G57/><T79/><D42/><U71/><E71/><V44/><F111/><W19/><G19/><T48/><D132/><N who="3" m="50793" /><G56/><T55/><D131/><U7/><E7/><AGARI ba="1,1" hai="0,3,4,6,7,90,95,98,99,101,106" m="50793" machi="7" ten="30,1000,0" yaku="20,1" doraHai="78" who="3" fromWho="1" sc="264,0,324,-13,201,0,201,23" /><INIT seed="2,0,0,0,0,126" ten="264,311,201,224" oya="2" hai0="29,128,82,104,95,89,53,92,91,74,49,61,115" hai1="48,116,58,63,26,131,97,111,69,100,1,129,0" hai2="106,52,40,13,14,17,27,77,62,118,45,84,56" hai3="86,59,32,46,73,98,68,83,103,121,20,99,78"/><V43/><F118/><W81/><G68/><T55/><D115/><U36/><E36/><V51/><F106/><N who="3" m="63863" /><G59/><T132/><D104/><U2/><E116/><V7/><F27/><W38/><G20/><T5/><D132/><U90/><E90/><V107/><F107/><W33/><G46/><T130/><D5/><U80/><E80/><N who="2" m="47119" /><F7/><W135/><G38/><T54/><D29/><U3/><N who="1" m="512" /><DORA hai="50" /><U117/><E117/><V22/><F13/><W101/><G32/><T87/><D61/><U66/><E26/><V124/><F124/><W25/><G25/><T12/><D12/><U79/><E79/><V133/><F133/><W109/><G33/><T60/><D60/><U76/><E76/><V134/><F134/><W18/><G18/><T10/><D10/><U65/><E111/><V125/><F125/><W47/><G135/><T67/><D67/><AGARI ba="0,0" hai="14,17,22,40,43,45,51,52,56,62,67" m="47119" machi="67" ten="30,5800,0" yaku="8,1,52,1,54,1" doraHai="126,50" who="2" fromWho="0" sc="264,-58,311,0,201,58,224,0" /><INIT seed="2,1,0,0,3,134" ten="206,311,259,224" oya="2" hai0="61,21,115,119,66,76,75,109,2,34,46,27,29" hai1="11,19,77,123,48,43,122,73,53,125,84,129,50" hai2="103,90,52,85,116,126,98,124,5,33,69,41,133" hai3="16,28,6,14,135,118,88,96,38,112,70,108,51"/><V62/><F116/><W47/><G38/><T63/><D115/><U82/><E129/><V49/><F33/><W13/><G70/><T104/><D104/><U83/><E43/><V131/><F41/><W79/><G118/><T3/><D109/><U25/><E50/><V59/><F133/><W105/><G135/><T113/><D113/><U121/><E125/><N who="2" m="48235" /><F131/><W72/><G105/><T101/><D119/><U106/><E106/><N who="2" m="63863" /><F5/><W64/><G6/><T57/><D101/><U91/><E25/><V80/><F69/><W42/><G108/><T56/><D46/><U9/><REACH who="1" step="1"/><E19/><REACH who="1" step="2"/><V26/><F26/><W22/><G112/><T107/><D107/><U15/><E15/><V87/><F85/><W58/><G14/><T78/><D75/><U65/><E65/><V31/><F31/><W89/><G28/><T8/><D3/><U23/><E23/><V39/><F39/><W130/><G130/><T4/><D21/><U99/><E99/><V97/><F97/><W132/><G132/><T55/><AGARI ba="1,1" hai="2,4,8,27,29,34,55,56,57,61,63,66,76,78" machi="55" ten="20,1500,0" yaku="0,1,7,1" doraHai="134" who="0" fromWho="0" sc="206,28,301,-5,259,-8,224,-5" /><INIT seed="3,0,0,1,4,118" ten="234,296,251,219" oya="3" hai0="25,63,35,34,126,57,93,69,0,38,16,23,91" hai1="100,42,124,119,123,27,84,82,71,19,1,66,15" hai2="49,48,76,133,122,12,129,36,125,108,64,46,114" hai3="81,70,115,128,53,41,78,134,39,20,111,86,10"/><W127/><G115/><T121/><D38/><U83/><E119/><V28/><F12/><W106/><G106/><T60/><D121/><U97/><E1/><V96/><F28/><W88/><G70/><T59/><D0/><U55/><E42/><V74/><F96/><W5/><G127/><T50/><D126/><U31/><E124/><V67/><F76/><W62/><G128/><T22/><D69/><U8/><E71/><V32/><F46/><W120/><G134/><T87/><D23/><U109/><E109/><V65/><F48/><W116/><G116/><T131/><D131/><U130/><E130/><V45/><F49/><W135/><G135/><T4/><D4/><U85/><E66/><V79/><F45/><W51/><G111/><T95/><D95/><U117/><E117/><V29/><F79/><W101/><G120/><T52/><D50/><U24/><E123/><V98/><F67/><AGARI ba="0,0" hai="16,22,25,34,35,52,57,59,60,63,67,87,91,93" machi="67" ten="30,3900,0" yaku="7,1,54,2" doraHai="118" who="0" fromWho="2" sc="234,39,296,0,251,-39,219,0" /><INIT seed="4,0,0,1,2,79" ten="273,296,212,219" oya="0" hai0="54,94,121,35,50,24,117,3,109,9,88,30,118" hai1="16,42,101,0,68,15,74,41,123,62,100,99,75" hai2="6,46,104,91,132,52,124,116,73,21,27,48,4" hai3="65,32,28,129,26,18,95,11,38,107,17,76,13"/><T33/><D121/><U12/><E0/><V40/><F104/><W105/><G38/><T120/><D120/><U8/><E123/><V89/><F73/><W128/><G65/><T36/><D36/><U81/><E101/><V83/><F132/><W122/><G95/><T14/><D3/><U87/><E75/><V2/><F124/><W55/><G55/><T69/><D69/><U108/><E74/><V130/><F130/><N who="3" m="50283" /><G122/><T23/><D109/><U82/><E108/><V115/><F115/><W78/><G105/><T86/><D35/><U66/><E15/><V39/><F116/><W111/><G107/><T19/><REACH who="0" step="1"/><D33/><REACH who="0" step="2"/><U10/><E10/><V57/><F2/><W58/><G111/><T125/><D125/><U96/><E100/><V110/><F110/><W98/><G32/><T71/><D71/><U56/><E68/><V43/><F39/><W135/><G11/><T47/><AGARI ba="0,1" hai="9,14,19,23,24,30,47,50,54,86,88,94,117,118" machi="47" ten="20,12000,1" yaku="1,1,0,1,7,1,54,1,53,1" doraHai="79" doraHaiUra="5" who="0" fromWho="0" sc="263,130,296,-40,212,-40,219,-40" /><INIT seed="4,1,0,0,2,61" ten="393,256,172,179" oya="0" hai0="60,102,12,125,42,45,98,128,16,6,69,113,77" hai1="114,47,8,49,109,132,0,51,34,134,63,37,71" hai2="59,103,39,99,93,96,65,127,112,123,107,117,105" hai3="126,25,58,130,55,133,19,129,116,33,50,106,54"/><T4/><D113/><U84/><E34/><V27/><F39/><W95/><G106/><T131/><D125/><U83/><E109/><V79/><F123/><W115/><G33/><T18/><D77/><U121/><E121/><V81/><F127/><W108/><G126/><T86/><D86/><U52/><E37/><V85/><F112/><W122/><G122/><T5/><D12/><U74/><E74/><V76/><F117/><W64/><G116/><T9/><D9/><U94/><E94/><N who="2" m="58775" /><F59/><W110/><G115/><T90/><D90/><U73/><E73/><V1/><F65/><W72/><G72/><T14/><D14/><U48/><E114/><V78/><F27/><W75/><G75/><T31/><D31/><U97/><E97/><V100/><F1/><W101/><G95/><N who="0" m="58719" /><D60/><U44/><E0/><V82/><F76/><W15/><G101/><T40/><D69/><U62/><E8/><V88/><F81/><W70/><G25/><T3/><D3/><U23/><E23/><V124/><F124/><W80/><G80/><T104/><D104/><N who="2" m="40010" /><F100/><W7/><G7/><T53/><D53/><U46/><E84/><V36/><F36/><W13/><G13/><T17/><D45/><U24/><E83/><V135/><F135/><N who="1" m="51753" /><E24/><V10/><F10/><W66/><G133/><T21/><D21/><U22/><E22/><V29/><F29/><W20/><G70/><T38/><D38/><U87/><E87/><V118/><F118/><W41/><G41/><T119/><D119/><U30/><E30/><V11/><F11/><W26/><G26/><T111/><D111/><RYUUKYOKU ba="1,0" sc="393,15,256,-15,172,15,179,-15" hai0="4,5,6,16,17,18,40,42,128,131" hai2="78,79,82,85,88,93,99" /><INIT seed="4,2,0,3,0,116" ten="408,241,187,164" oya="0" hai0="62,93,98,80,1,126,23,64,135,44,71,15,130" hai1="42,24,26,90,33,40,132,73,117,58,83,122,17" hai2="29,94,70,18,50,47,118,56,133,124,0,97,14" hai3="109,67,48,102,128,65,41,82,52,28,6,43,37"/><T121/><D121/><U30/><E117/><V119/><F70/><W59/><G102/><T100/><D1/><U66/><E132/><V69/><F119/><W84/><G6/><T77/><D135/><U8/><E73/><V54/><F118/><W12/><G109/><T131/><D126/><U13/><E24/><V39/><F133/><W76/><G128/><N who="0" m="49195" /><D44/><U27/><E27/><V87/><F124/><W46/><G28/><T68/><D23/><U86/><REACH who="1" step="1"/><E122/><REACH who="1" step="2"/><V72/><F72/><W63/><G12/><T4/><D15/><U3/><E3/><V25/><F14/><W78/><G41/><T49/><D4/><U92/><E92/><V120/><F25/><W88/><REACH who="3" step="1"/><G67/><REACH who="3" step="2"/><T114/><D64/><U7/><E7/><V127/><F127/><W51/><G51/><T10/><D49/><U61/><AGARI ba="2,2" hai="8,13,17,26,30,33,40,42,58,61,66,83,86,90" machi="61" ten="30,2000,0" yaku="1,1,0,1,53,0" doraHai="116" doraHaiUra="103" who="1" fromWho="1" sc="408,-12,231,46,187,-7,154,-7" /><INIT seed="5,0,0,0,2,5" ten="396,277,180,147" oya="1" hai0="1,27,39,119,38,82,111,88,106,90,53,65,117" hai1="78,20,17,29,25,121,21,35,104,7,107,6,43" hai2="18,91,96,55,48,3,113,126,44,130,0,52,123" hai3="86,131,122,68,33,128,112,57,47,125,74,51,77"/><U30/><E43/><V13/><F123/><W66/><G74/><T31/><D1/><U41/><E41/><V62/><F130/><N who="3" m="49707" /><G33/><T72/><D106/><U127/><E78/><V70/><F126/><W46/><G86/><T71/><D119/><U101/><E101/><V109/><F109/><W110/><G77/><T49/><D111/><U95/><E95/><V34/><F113/><W134/><G110/><T79/><D117/><U120/><E107/><V92/><F34/><W61/><G122/><N who="1" m="47210" /><E104/><V22/><REACH who="2" step="1"/><F55/><REACH who="2" step="2"/><N who="3" m="31999" /><G112/><T129/><D129/><U133/><E127/><V11/><F11/><W84/><G125/><T67/><D67/><AGARI ba="0,1" hai="0,3,13,18,22,44,48,52,62,67,70,91,92,96" machi="67" ten="40,2600,0" yaku="1,1,54,1,53,0" doraHai="5" doraHaiUra="100" who="2" fromWho="0" sc="396,-26,277,0,170,36,147,0" /><INIT seed="6,0,0,0,0,49" ten="370,277,206,147" oya="2" hai0="1,12,98,104,18,88,39,134,53,32,127,4,17" hai1="77,29,99,122,7,47,33,111,21,135,75,80,94" hai2="3,50,14,74,131,34,91,40,45,83,10,9,15" hai3="90,66,26,119,92,89,123,112,117,13,103,19,20"/><V120/><F120/><W100/><G123/><T61/><D39/><U2/><E111/><V96/><F3/><W118/><G66/><T114/><D32/><U24/><E135/><V41/><F34/><W107/><G107/><T63/><D134/><U102/><E122/><V46/><F131/><W133/><G133/><T115/><D127/><U60/><E33/><V68/><F68/><W11/><G112/><N who="0" m="43051" /><D1/><U129/><E129/><V36/><F74/><W81/><G81/><T58/><D63/><U87/><E75/><V56/><F56/><W86/><REACH who="3" step="1"/><G90/><REACH who="3" step="2"/><T28/><D104/><U64/><E64/><V38/><F50/><W16/><AGARI ba="0,1" hai="11,13,16,19,20,26,86,89,92,100,103,117,118,119" machi="16" ten="30,7900,0" yaku="1,1,2,1,0,1,54,1,53,0" doraHai="49" doraHaiUra="79" who="3" fromWho="3" sc="370,-20,277,-20,206,-39,137,89" /><INIT seed="7,0,0,3,5,26" ten="350,257,167,226" oya="3" hai0="2,81,23,43,84,61,118,77,54,6,45,60,37" hai1="64,48,47,5,50,57,71,105,39,40,73,69,55" hai2="13,100,62,109,74,93,119,15,125,25,110,116,7" hai3="103,68,42,10,11,113,24,83,108,135,1,75,96"/><W111/><G68/><T63/><D118/><N who="2" m="45098" /><F93/><W114/><G42/><T52/><REACH who="0" step="1"/><D23/><REACH who="0" step="2"/><U101/><E105/><V92/><F100/><W112/><G135/><T34/><D34/><U17/><E101/><V41/><F74/><W59/><G75/><T91/><D91/><U58/><E73/><V95/><F92/><N who="3" m="58759" /><G83/><T38/><D38/><U53/><E5/><V76/><F95/><W65/><G24/><T128/><D128/><U33/><E33/><V49/><F76/><W117/><G117/><T107/><D107/><U87/><E17/><V3/><F25/><W85/><G85/><T115/><D115/><U94/><E87/><V98/><F98/><W124/><G124/><T14/><D14/><N who="2" m="5130" /><F125/><W20/><G20/><T102/><D102/><U72/><E94/><V82/><F82/><W67/><G1/><T4/><D4/><U44/><E72/><V56/><F3/><W99/><G99/><T70/><D70/><U126/><E126/><V31/><F110/><N who="3" m="42027" /><G10/><AGARI ba="0,1" hai="2,6,10,37,43,45,52,54,60,61,63,77,81,84" machi="10" ten="40,2600,0" yaku="1,1,54,1,53,0" doraHai="26" doraHaiUra="122" who="0" fromWho="3" sc="340,36,257,0,167,0,226,-26" owari="376,47,257,6,167,-33,200,-20" /></mjloggm>