<mjloggm ver="2.3"><GO type="41"/><UN n0="%E4%B8%89%E9%99%B8%E6%B5%B7%E5%B2%B8" n1="%E3%81%AE%E3%81%A9%E3%81%A3%E3%81%A1%2E" n2="%E3%82%A6%E3%83%AB%E3%83%88%E3%83%A9%E7%AB%8B%E7%9B%B4" n3="%E3%83%81%E3%83%81%E3%82%AB%E3%82%AB" dan="16,17,13,13" rate="2015,2086,1876,1833" sx="M,F,M,M"/><TAIKYOKU oya="0"/><INIT seed="0,0,0,2,1,118" ten="250,250,250,250" oya="0" hai0="13,50,81,57,95,115,25,90,28,4,133,119,24" hai1="51,22,108,79,67,88,8,37,109,124,68,43,69" hai2="99,98,111,120,60,93,73,10,91,92,40,21,61" hai3="36,32,58,83,55,72,59,26,41,114,130,80,103"/><T126/><D119/><U77/><E37/><V106/><F106/><W56/><G130/><T52/><D115/><U6/><E124/><V5/><F73/><W127/><G127/><T78/><D126/><U0/><E22/><V46/><F21/><W113/><G114/><T53/><D133/><U76/><E67/><V122/><F61/><W30/><G113/><T2/><D2/><U116/><E116/><V70/><F60/><W94/><G103/><T54/><D25/><U31/><E31/><V20/><F20/><W38/><G94/><T9/><D24/><U7/><E7/><V107/><F70/><W135/><G135/><T42/><D28/><U16/><E16/><V34/><F107/><W121/><G121/><T65/><D42/><U85/><E51/><V84/><F34/><W87/><G38/><T18/><D65/><U117/><E43/><V62/><F62/><W132/><G80/><T128/><D18/><U71/><REACH who="1" step="1"/><E117/><REACH who="1" step="2"/><V27/><F27/><W17/><G132/><T29/><D29/><U134/><E134/><V48/><F111/><W66/><G66/><T96/><REACH who="0" step="1"/><D128/><REACH who="0" step="2"/><U97/><E97/><V19/><F19/><W14/><G41/><T100/><D100/><U45/><E45/><V102/><REACH who="2" step="1"/><F99/><REACH who="2" step="2"/><W75/><G26/><T131/><D131/><U110/><E110/><V86/><F86/><AGARI ba="0,3" hai="4,9,13,50,52,53,54,57,78,81,86,90,95,96" machi="86" ten="30,11600,0" yaku="1,1,7,1,8,1,54,1,53,0" doraHai="118" doraHaiUra="101" who="0" fromWho="2" sc="240,146,240,0,240,-116,250,0" /><INIT seed="0,1,0,3,4,69" ten="386,240,124,250" oya="0" hai0="42,118,52,66,70,119,44,135,112,32,117,105,120" hai1="95,81,41,14,73,131,107,106,40,50,103,104,43" hai2="24,101,109,12,39,48,7,92,100,126,68,87,130" hai3="51,102,82,15,0,33,1,65,54,21,63,72,75"/><T30/><D105/><U128/><E14/><V16/><F68/><W22/><G33/><T88/><D112/><U127/><E127/><V129/><F126/><W110/><G63/><T49/><D120/><U122/><E122/><V37/><F24/><W31/><G72/><T10/><D135/><U4/><E4/><V20/><F7/><W78/><G1/><T76/><D76/><U2/><E2/><V18/><F48/><W13/><G0/><T56/><D10/><U99/><E73/><V34/><F34/><W38/><G13/><T26/><D70/><U80/><REACH who="1" step="1"/><E50/><REACH who="1" step="2"/><V79/><F18/><W62/><G31/><T29/><D30/><U85/><E85/><V47/><F47/><W113/><G113/><T111/><D111/><U96/><E96/><N who="2" m="59399" /><F101/><W114/><G110/><T98/><D98/><U17/><E17/><V27/><F109/><W84/><G75/><T61/><D119/><U55/><E55/><V19/><F87/><W9/><G114/><T124/><D124/><U121/><E121/><V125/><F125/><W108/><G108/><T77/><D118/><U123/><E123/><V59/><F59/><W71/><G102/><T5/><D5/><U132/><E132/><V8/><F79/><W36/><G38/><N who="0" m="21591" /><D77/><U45/><E45/><V94/><F94/><W23/><G36/><T93/><D117/><U74/><E74/><V6/><F6/><N who="3" m="3511" /><G51/><T64/><D49/><U116/><E116/><V53/><F53/><W97/><G97/><T28/><D28/><U90/><E90/><V67/><F67/><W46/><G54/><T133/><D133/><RYUUKYOKU ba="1,1" sc="386,0,230,0,124,0,250,0" hai0="26,29,32,52,56,61,64,66,88,93" hai1="40,41,43,80,81,95,99,103,104,106,107,128,131" hai2="8,12,16,19,20,27,37,39,129,130" hai3="21,22,23,46,62,65,71,78,82,84" /><INIT seed="0,2,1,5,3,100" ten="386,230,124,250" oya="0" hai0="87,97,69,5,112,120,44,53,85,102,71,81,132" hai1="18,135,107,88,39,43,108,106,99,13,123,76,125" hai2="2,15,78,19,33,34,129,80,55,65,133,121,86" hai3="83,105,27,70,6,126,0,104,119,127,115,96,30"/><T57/><D112/><U84/><E123/><V11/><F121/><W75/><G115/><T66/><D120/><U94/><E135/><V22/><F133/><W3/><G119/><T109/><D132/><U130/><E108/><V37/><F129/><W1/><G96/><T16/><D5/><U38/><E130/><V64/><F37/><W93/><G93/><T77/><D87/><U28/><E28/><V14/><F34/><N who="3" m="20831" /><G6/><T29/><D29/><U98/><E125/><N who="3" m="47626" /><G70/><T51/><D109/><U7/><E7/><N who="2" m="3455" /><F2/><N who="3" m="515" /><W67/><DORA hai="9" /><G67/><T8/><D66/><U124/><E124/><V117/><F33/><W20/><G20/><T89/><D71/><U72/><E98/><V101/><F117/><W63/><G63/><T113/><D69/><U122/><E122/><V12/><F101/><W79/><AGARI ba="2,1" hai="75,79,83,104,105" m="515,47626,20831" machi="79" ten="50,8000,1" yaku="18,1,23,1,52,2" doraHai="100,9" who="3" fromWho="3" sc="386,-42,230,-22,124,-22,250,96" /><INIT seed="1,0,0,5,0,9" ten="344,208,102,346" oya="1" hai0="84,21,12,135,113,115,19,129,90,26,128,131,55" hai1="52,4,119,33,103,100,38,95,54,123,92,104,20" hai2="46,23,44,91,82,17,69,57,108,6,106,116,72" hai3="45,101,30,87,47,99,36,86,94,15,79,74,53"/><U126/><E33/><V3/><F69/><W96/><G86/><T76/><D76/><U34/><E34/><V68/><F106/><W28/><G74/><T93/><D135/><U71/><E123/><V8/><F68/><W133/><G133/><T62/><D62/><U88/><E71/><V117/><F108/><W110/><G110/><T73/><D73/><U111/><E38/><V125/><F125/><W132/><G36/><T29/><REACH who="0" step="1"/><D55/><REACH who="0" step="2"/><U10/><E111/><V77/><F116/><W127/><G132/><T75/><D75/><U70/><E119/><V42/><F117/><W85/><G127/><T25/><D25/><U48/><E126/><V83/><F57/><W64/><G53/><T41/><D41/><U102/><E70/><V14/><REACH who="2" step="1"/><F42/><REACH who="2" step="2"/><W60/><G79/><T121/><D121/><U63/><E104/><V22/><F22/><AGARI ba="0,2" hai="12,19,21,22,26,29,84,90,93,113,115,128,129,131" machi="22" ten="40,5200,0" yaku="1,1,19,1,52,1,53,0" doraHai="9" doraHaiUra="97" who="0" fromWho="2" sc="334,72,208,0,92,-52,346,0" /><INIT seed="2,0,0,1,4,77" ten="406,208,40,346" oya="2" hai0="90,32,94,86,68,76,123,13,9,45,115,63,27" hai1="34,51,48,49,122,87,70,119,12,17,65,79,42" hai2="114,85,23,103,4,72,55,81,7,95,132,62,102" hai3="75,80,66,41,31,84,59,58,30,61,116,91,33"/><V92/><F72/><W67/><G116/><T20/><D115/><U22/><E34/><V121/><F121/><W53/><G33/><T64/><D32/><U82/><E119/><V73/><F73/><W10/><G75/><T6/><D123/><U112/><E112/><V111/><F23/><W44/><G10/><T128/><D128/><U89/><E122/><V131/><F131/><W25/><G25/><T47/><D76/><U2/><E2/><V104/><F104/><W126/><G126/><T101/><D101/><N who="2" m="38410" /><F114/><W50/><REACH who="3" step="1"/><G67/><REACH who="3" step="2"/><T39/><D39/><AGARI ba="0,1" hai="30,31,39,41,44,50,53,58,59,61,66,80,84,91" machi="39" ten="30,7700,0" yaku="1,1,2,1,7,1,52,1,53,0" doraHai="77" doraHaiUra="0" who="3" fromWho="0" sc="406,-77,208,0,40,0,336,87" /><INIT seed="3,0,0,3,1,58" ten="329,208,40,423" oya="3" hai0="38,20,76,96,105,14,121,2,91,64,98,54,50" hai1="49,13,56,103,133,24,107,82,60,110,87,88,17" hai2="130,42,41,135,10,32,97,126,112,125,68,75,93" hai3="95,40,65,100,0,113,22,5,30,19,106,45,4"/><W57/><G106/><T1/><D38/><U16/><E110/><V46/><F10/><W67/><G65/><T26/><D121/><U127/><E127/><V8/><F8/><W128/><G128/><T119/><D76/><U72/><E133/><V94/><F97/><N who="3" m="59455" /><G113/><T25/><D14/><U101/><E72/><V81/><F94/><W18/><G0/><T69/><D25/><U66/><E107/><V36/><F93/><W80/><G45/><T34/><D91/><U134/><E134/><V92/><F92/><W89/><G40/><T23/><D23/><U55/><E24/><V84/><F84/><N who="3" m="50311" /><G30/><T29/><D20/><N who="1" m="11279" /><E17/><N who="3" m="6154" /><G22/><T70/><D98/><U12/><E12/><V37/><F81/><W3/><G3/><T102/><D119/><U123/><E123/><V74/><F32/><W122/><G122/><T104/><D104/><U7/><E7/><V83/><F135/><W108/><G108/><T77/><D70/><U27/><E27/><V52/><F130/><W9/><G9/><T78/><D2/><U44/><AGARI ba="0,0" hai="44,49,55,56,60,66,82,87,88,101,103" m="11279" machi="44" ten="30,7900,0" yaku="8,1,52,1,54,2" doraHai="58" who="1" fromWho="1" sc="329,-20,208,79,40,-20,423,-39" /><INIT seed="4,0,0,5,3,33" ten="309,287,20,384" oya="0" hai0="87,42,114,116,117,68,4,41,7,30,108,27,122" hai1="110,93,86,135,79,22,12,16,76,88,128,103,101" hai2="65,52,0,100,61,28,34,118,94,104,63,1,13" hai3="3,32,124,62,131,51,43,82,74,98,64,89,57"/><T127/><D68/><U81/><E110/><V72/><F72/><W71/><G3/><N who="2" m="1097" /><F13/><W106/><G32/><T39/><D122/><U21/><E135/><V115/><F94/><W132/><G124/><T17/><D114/><U83/><E128/><V69/><F61/><W60/><G131/><T73/><D73/><U14/><E14/><V48/><F48/><W20/><G132/><T66/><D39/><U18/><E18/><V35/><F52/><W25/><G43/><N who="0" m="16395" /><D116/><U55/><E55/><V109/><F118/><W95/><G106/><T113/><D127/><U36/><E36/><V31/><F115/><W67/><G51/><T105/><D105/><U80/><E22/><V6/><F6/><N who="0" m="2090" /><D108/><U129/><E129/><V123/><F109/><W126/><G126/><T107/><D107/><U112/><E112/><V78/><F78/><AGARI ba="0,0" hai="12,16,21,76,78,79,80,81,83,86,88,93,101,103" machi="78" ten="40,5200,0" yaku="8,1,54,2" doraHai="33" who="1" fromWho="2" sc="309,0,287,52,20,-52,384,0" owari="309,-9,339,14,-32,-53,384,48" /></mjloggm>