<mjloggm ver="2.3"><GO type="41"/><UN n0="%E3%82%A6%E3%83%AB%E3%83%88%E3%83%A9%E7%AB%8B%E7%9B%B4" n1="%E2%96%A0%E2%96%A0%E2%96%A0" n2="%E8%82%A1%E3%81%AE%E2%86%93%E3%81%AE%E3%83%9D%E3%83%8B%E3%83%A7" n3="%E6%A3%AE%E6%B0%B8%E3%81%8A%E3%82%93%E3%81%98" dan="14,14,17,14" rate="1928,1927,2090,1872" sx="M,M,M,M"/><TAIKYOKU oya="0"/><INIT seed="0,0,0,5,1,49" ten="250,250,250,250" oya="0" hai0="125,6,34,89,13,21,79,59,17,111,58,41,7" hai1="66,11,126,84,22,45,20,135,8,5,28,128,60" hai2="92,68,31,117,18,91,10,118,95,1,119,93,52" hai3="37,99,50,77,115,76,130,132,24,69,36,107,3"/><T114/><D34/><U80/><E135/><V121/><F68/><W12/><G132/><T134/><D114/><U57/><E128/><V4/><F121/><W56/><G130/><T70/><D70/><U54/><E126/><V110/><F31/><W32/><G3/><T105/><D105/><U104/><E104/><V30/><F30/><W81/><G76/><T109/><D134/><U25/><E5/><N who="0" m="1545" /><D79/><U106/><E106/><V47/><F18/><W55/><G69/><T78/><D78/><U75/><E75/><V83/><F110/><N who="0" m="41994" /><D125/><U112/><E112/><V131/><F131/><W120/><G120/><T71/><D71/><U127/><E127/><V64/><F64/><W96/><G107/><T51/><D89/><U85/><E85/><N who="2" m="50623" /><F47/><AGARI ba="0,0" hai="13,17,21,41,47,51,58,59" m="41994,1545" machi="47" ten="30,2900,0" yaku="14,1,10,1" doraHai="49" who="0" fromWho="2" sc="250,29,250,0,250,-29,250,0" /><INIT seed="0,1,0,5,5,93" ten="279,250,221,250" oya="0" hai0="64,107,133,2,49,110,56,38,29,96,128,132,69" hai1="90,62,79,12,0,16,14,125,40,68,108,54,5" hai2="48,35,83,9,123,86,59,23,26,112,34,111,126" hai3="82,50,113,47,42,99,127,120,101,135,117,13,104"/><T36/><D2/><U51/><E0/><V32/><F112/><W37/><G113/><T88/><D69/><U17/><E108/><V45/><F123/><W131/><G117/><T53/><D64/><U58/><E125/><V28/><F111/><W114/><G127/><T1/><D1/><U20/><E79/><V77/><F126/><W55/><G114/><T4/><D110/><U105/><E105/><V76/><F9/><W122/><G131/><T118/><D118/><U130/><E130/><V43/><REACH who="2" step="1"/><F59/><REACH who="2" step="2"/><W67/><G135/><N who="0" m="51787" /><D128/><U71/><E5/><V89/><AGARI ba="1,1" hai="23,26,28,32,34,35,43,45,48,76,77,83,86,89" machi="89" ten="30,4000,0" yaku="1,1,0,1,53,1" doraHai="93" doraHaiUra="19" who="2" fromWho="2" sc="279,-21,250,-11,211,53,250,-11" /><INIT seed="1,0,0,4,5,10" ten="258,239,264,239" oya="1" hai0="93,37,101,1,116,19,121,135,36,89,69,35,53" hai1="117,41,122,128,14,113,134,32,31,54,12,44,20" hai2="7,30,21,0,45,47,38,114,39,4,67,70,115" hai3="102,27,85,119,88,87,99,23,2,9,75,49,95"/><U78/><E122/><V62/><F0/><W17/><G119/><T42/><D101/><U59/><E117/><V94/><F94/><W26/><G75/><T120/><D42/><U51/><E113/><N who="2" m="43019" /><F30/><W118/><G118/><T130/><D53/><U64/><E134/><V15/><F21/><W58/><G2/><T68/><D89/><U6/><E32/><V105/><F105/><W55/><G9/><T63/><D93/><U111/><E6/><N who="2" m="2091" /><F15/><N who="1" m="5673" /><E111/><V74/><F74/><W90/><G27/><T24/><D1/><U82/><E128/><V16/><F16/><W73/><G73/><T34/><D19/><U43/><E82/><V3/><F3/><W91/><AGARI ba="0,0" hai="17,23,26,49,55,58,85,87,88,90,91,95,99,102" machi="91" ten="30,4000,0" yaku="0,1,8,1,54,1" doraHai="10" who="3" fromWho="3" sc="258,-10,239,-20,264,-10,239,40" /><INIT seed="2,0,0,2,0,60" ten="248,219,254,279" oya="2" hai0="7,13,67,129,53,74,97,132,126,3,76,48,54" hai1="130,64,116,18,46,96,122,123,124,42,95,29,21" hai2="82,90,15,61,39,119,49,88,91,104,14,98,40" hai3="33,112,10,2,31,4,86,106,92,134,77,108,131"/><V71/><F119/><W59/><G108/><T20/><D3/><U8/><E116/><V133/><F39/><W30/><G131/><T45/><D129/><U94/><E130/><V69/><F133/><W109/><G134/><T19/><D132/><U68/><E124/><V24/><F82/><W43/><G109/><T6/><D126/><U110/><E8/><V111/><F111/><W121/><G106/><T16/><D74/><U35/><E110/><V118/><F118/><W73/><G121/><T12/><D76/><U72/><E72/><V56/><F24/><W37/><G73/><T113/><D113/><U135/><E35/><V28/><F28/><W11/><G11/><T120/><D120/><N who="1" m="46123" /><E29/><V23/><F23/><W5/><G5/><T80/><D80/><U87/><E135/><V44/><F71/><W79/><G79/><T62/><D97/><U78/><E68/><V0/><F0/><W25/><G31/><T75/><D75/><U51/><E64/><N who="2" m="38951" /><F69/><W101/><G37/><T22/><D54/><U41/><E87/><V115/><F115/><W66/><G43/><T105/><D105/><U55/><E78/><V32/><F32/><W103/><G77/><T99/><D99/><U26/><E95/><N who="2" m="56679" /><F104/><W17/><G112/><T107/><D107/><U58/><E46/><V1/><F1/><W52/><G33/><T100/><D100/><AGARI ba="0,0" hai="18,21,26,41,42,51,55,58,94,96,100" m="46123" machi="100" ten="30,1000,0" yaku="13,1" doraHai="60" who="1" fromWho="0" sc="248,-10,219,10,254,0,279,0" /><INIT seed="3,0,0,2,1,9" ten="238,229,254,279" oya="3" hai0="46,87,119,90,60,7,48,1,18,123,27,61,22" hai1="70,78,30,124,58,34,41,19,31,3,111,72,105" hai2="79,20,71,104,75,11,109,8,129,93,73,39,54" hai3="77,51,92,84,63,83,55,99,5,88,125,10,43"/><W134/><G134/><T106/><D106/><U65/><E19/><V23/><F104/><W113/><G113/><T6/><D123/><U118/><E58/><V126/><F71/><W21/><G125/><T116/><D116/><U29/><E65/><V108/><F93/><W103/><G63/><T82/><D119/><U97/><E41/><V107/><F107/><W25/><G43/><T56/><D1/><U32/><E31/><V76/><F54/><W26/><G21/><T47/><D60/><U2/><E30/><V13/><F129/><W81/><G81/><T114/><D114/><U96/><E29/><V121/><F39/><W74/><G51/><T15/><D48/><U115/><E34/><V44/><F44/><N who="0" m="16938" /><D27/><U28/><E28/><V16/><F121/><W40/><G40/><T122/><D122/><U42/><E96/><V132/><F132/><W4/><G55/><AGARI ba="0,0" hai="6,7,15,18,22,55,56,61,82,87,90" m="16938" machi="55" ten="30,2000,0" yaku="8,1,52,1" doraHai="9" who="0" fromWho="3" sc="238,20,229,0,254,0,279,-20" /><INIT seed="4,0,0,4,1,30" ten="258,229,254,259" oya="0" hai0="34,114,28,59,56,81,43,52,90,50,6,96,41" hai1="31,135,11,15,53,7,80,55,133,124,70,120,122" hai2="71,117,32,132,65,12,24,36,111,60,119,79,54" hai3="89,48,129,125,78,88,25,84,4,74,97,33,82"/><T61/><D114/><U86/><E70/><V0/><F111/><W26/><G125/><T126/><D126/><U20/><E124/><V127/><F127/><W113/><G113/><T22/><D34/><U87/><E87/><V102/><F0/><W63/><G129/><T115/><D115/><U131/><E131/><V1/><F1/><W13/><G33/><T45/><D6/><U8/><E55/><V67/><F36/><W108/><G108/><T130/><D130/><U49/><E11/><V107/><F79/><W92/><G63/><T17/><D28/><U27/><E135/><V118/><F12/><W2/><G2/><T76/><D59/><U21/><E21/><V69/><F54/><W91/><G48/><T9/><D9/><U3/><E133/><V105/><F132/><W94/><G91/><T57/><D57/><U51/><E51/><V93/><F93/><W44/><G44/><T62/><D62/><U85/><E85/><V37/><F37/><W46/><G46/><T109/><D109/><U98/><E98/><N who="2" m="61655" /><F107/><W72/><G72/><T39/><D39/><U75/><E75/><V101/><F101/><W134/><G134/><T128/><D128/><U16/><E3/><V29/><F67/><W83/><G82/><T23/><D76/><U38/><E38/><V5/><F5/><W123/><G123/><T73/><D73/><U100/><E100/><V58/><AGARI ba="0,0" hai="24,29,32,58,60,65,69,71,117,118,119" m="61655" machi="58" ten="30,2000,0" yaku="12,1,52,1" doraHai="30" who="2" fromWho="2" sc="258,-10,229,-5,254,20,259,-5" /><INIT seed="5,0,0,3,0,129" ten="248,224,274,254" oya="1" hai0="7,4,104,1,62,3,93,54,110,44,22,132,128" hai1="98,67,118,103,82,46,20,38,130,97,90,127,51" hai2="94,29,122,2,120,45,53,78,101,72,68,92,33" hai3="66,77,84,57,13,17,134,75,14,69,32,100,36"/><U105/><E130/><V61/><F2/><W126/><G126/><T76/><D128/><U106/><E127/><V125/><F125/><W89/><G36/><T48/><D104/><U31/><E118/><V131/><F131/><W59/><G32/><T117/><D110/><U43/><E67/><V27/><F78/><W113/><G113/><T80/><D117/><U56/><E82/><V55/><F72/><W9/><G100/><T115/><D3/><U133/><E133/><V28/><F101/><W124/><G124/><T35/><D35/><U119/><E119/><V40/><F68/><W85/><G75/><T0/><D0/><U26/><E98/><V12/><F12/><W50/><G50/><T107/><D107/><U6/><E90/><V63/><F45/><W21/><G66/><T123/><D115/><U30/><E6/><V34/><F27/><W88/><G69/><T8/><D123/><U121/><E121/><V96/><F96/><W64/><G64/><T114/><D114/><U71/><E71/><V16/><F40/><W25/><G134/><T42/><D132/><U41/><E106/><V91/><F91/><W5/><G77/><T109/><D109/><U83/><E83/><V18/><AGARI ba="0,0" hai="16,18,28,29,33,34,53,55,61,63,92,94,120,122" machi="18" ten="25,6400,0" yaku="0,1,22,2,54,1" doraHai="129" who="2" fromWho="2" sc="248,-16,224,-32,274,64,254,-16" /><INIT seed="6,0,0,4,3,119" ten="232,192,338,238" oya="2" hai0="125,101,10,131,26,94,121,47,113,20,4,63,77" hai1="100,92,18,16,49,120,123,89,1,93,68,31,99" hai2="107,106,66,23,32,69,103,85,51,79,70,44,36" hai3="124,115,109,96,110,126,39,50,65,130,117,38,14"/><V97/><F36/><N who="3" m="13867" /><G96/><T15/><D47/><U76/><E1/><V21/><F32/><W46/><G14/><T34/><D63/><U112/><E68/><V134/><F107/><W17/><G17/><T86/><D77/><U45/><E112/><V13/><F13/><W91/><G91/><T78/><D78/><U42/><E31/><V87/><F85/><W58/><G117/><T132/><D86/><U27/><E76/><V90/><F79/><W12/><G12/><T83/><D83/><U80/><E80/><V3/><F3/><W74/><G74/><T41/><D41/><U102/><E102/><V22/><F90/><W57/><G130/><T129/><D94/><U53/><E42/><V82/><F87/><W59/><G65/><T9/><D101/><U61/><E61/><V24/><F82/><W19/><G19/><T54/><D10/><U111/><E111/><N who="3" m="42506" /><G115/><T118/><D113/><U8/><E18/><V6/><F6/><W128/><G128/><T60/><D34/><U114/><E114/><V5/><F5/><W95/><G95/><T72/><D118/><U135/><E135/><V67/><F24/><W0/><G0/><T81/><D132/><U105/><E105/><V35/><F35/><W116/><G116/><T40/><D129/><U33/><E33/><V108/><F134/><W56/><N who="3" m="14848" /><DORA hai="122" /><W37/><N who="3" m="13875" /><W88/><DORA hai="7" /><G88/><T28/><D131/><U62/><E62/><V133/><F133/><W48/><G46/><T30/><D72/><U84/><E8/><V52/><F108/><W2/><G2/><T71/><D9/><RYUUKYOKU ba="0,0" sc="232,-30,192,10,338,10,238,10" hai1="16,27,45,49,53,84,89,92,93,99,100,120,123" hai2="21,22,23,44,51,52,66,67,69,70,97,103,106" hai3="48,50,124,126" /><INIT seed="6,1,0,1,4,76" ten="202,202,348,248" oya="2" hai0="129,15,131,34,47,123,105,28,82,91,96,117,126" hai1="63,88,42,36,90,22,125,16,116,48,103,32,10" hai2="54,128,9,75,108,87,70,13,19,8,97,0,57" hai3="89,66,33,119,67,24,18,69,11,50,118,26,95"/><V79/><F70/><W93/><G69/><T122/><D28/><U61/><E36/><V64/><F108/><W17/><G11/><T65/><D34/><U3/><E32/><V98/><F64/><W101/><G101/><N who="0" m="62631" /><D65/><U44/><E116/><V72/><F128/><N who="0" m="49226" /><D15/><N who="1" m="7287" /><E103/><V56/><F0/><W55/><G50/><T133/><D47/><U43/><E125/><V135/><F75/><W60/><G60/><N who="1" m="23114" /><E3/><V49/><F72/><W14/><G33/><T12/><D12/><U45/><E45/><V86/><F9/><W83/><G89/><N who="1" m="34410" /><E22/><V130/><F130/><W134/><G134/><T51/><D133/><U85/><E85/><V59/><F135/><W113/><G113/><T99/><D51/><U40/><AGARI ba="1,0" hai="40,42,43,44,48" m="34410,23114,7287" machi="40" ten="30,4000,0" yaku="8,1,54,2" doraHai="76" who="1" fromWho="1" sc="202,-11,202,43,348,-21,248,-11" /><INIT seed="7,0,0,1,5,94" ten="191,245,327,237" oya="3" hai0="128,125,71,34,96,90,36,17,38,30,100,127,39" hai1="54,89,59,51,45,18,7,3,95,103,81,31,11" hai2="110,86,98,67,20,29,70,119,99,92,27,42,19" hai3="1,60,5,49,37,97,123,68,79,75,65,24,23"/><W32/><G123/><T105/><D128/><U14/><E31/><V50/><F119/><W129/><G129/><T76/><D76/><U69/><E69/><V82/><F110/><W74/><G49/><T62/><D17/><U6/><E3/><V44/><F70/><W63/><G63/><T53/><D90/><U108/><E108/><V2/><F67/><W35/><G37/><T28/><D53/><U87/><E59/><V107/><F2/><W25/><G23/><T132/><D132/><U33/><E33/><V8/><F107/><W43/><G43/><T21/><D21/><U122/><E122/><V9/><F29/><N who="3" m="19495" /><G25/><N who="0" m="18703" /><D30/><U13/><E14/><V130/><F130/><W57/><G57/><T120/><D120/><U77/><E77/><N who="2" m="46415" /><F92/><W134/><G134/><T58/><D58/><U55/><E54/><V47/><F47/><W46/><G46/><T91/><D91/><U16/><E18/><V83/><F83/><W124/><G35/><T10/><D10/><AGARI ba="0,0" hai="8,9,10,19,20,27,42,44,50,98,99" m="46415" machi="10" ten="30,3900,0" yaku="8,1,52,2" doraHai="94" who="2" fromWho="0" sc="191,-39,245,0,327,39,237,0" owari="152,-35,245,5,366,46,237,-16" /></mjloggm>