<mjloggm ver="2.3"><GO type="97"/><UN n0="%E8%97%A4%E5%8E%9F%E6%95%8F%E6%98%8E" n1="%E3%82%A6%E3%83%AB%E3%83%88%E3%83%A9%E7%AB%8B%E7%9B%B4" n2="%52%41%44%49%41%4E%43%45" n3="%E5%81%8F%E9%A0%AD%E7%97%9B" dan="13,13,13,13" rate="1809,1829,1860,1877" sx="M,M,M,M"/><TAIKYOKU oya="0"/><INIT seed="0,0,0,2,4,78" ten="250,250,250,250" oya="0" hai0="53,92,93,83,66,52,20,29,91,135,9,121,79" hai1="1,129,56,130,14,118,7,33,45,24,70,96,74" hai2="125,101,15,88,116,43,37,26,41,124,46,109,98" hai3="0,38,22,80,16,17,48,73,42,81,134,68,71"/><T12/><D121/><U6/><E70/><V47/><F109/><W102/><G0/><T67/><D135/><U89/><E45/><V62/><F116/><W69/><G38/><T65/><D20/><U115/><E56/><V72/><F72/><W126/><G134/><T106/><D29/><U32/><E96/><V117/><F117/><W63/><G102/><T36/><D36/><U104/><E104/><V111/><F111/><W123/><G123/><T27/><D27/><U105/><E105/><V59/><F26/><W39/><G39/><T58/><D106/><U34/><E89/><V60/><F15/><W84/><G73/><T127/><D127/><N who="2" m="48714" /><F101/><W5/><G5/><N who="0" m="3119" /><D79/><U99/><E99/><V114/><F114/><W110/><G126/><T113/><D113/><U4/><E118/><V21/><F21/><W76/><G110/><T119/><D119/><U133/><E74/><V64/><F60/><W3/><G3/><T95/><D58/><U44/><E44/><N who="2" m="23599" /><F43/><W85/><G42/><T31/><D31/><N who="1" m="19559" /><E133/><V13/><F13/><W25/><G17/><T87/><AGARI ba="0,0" hai="52,53,65,66,67,83,87,91,92,93,95" m="3119" machi="87" ten="40,7800,0" yaku="8,1,52,1,54,1" doraHai="78" who="0" fromWho="0" sc="250,78,250,-26,250,-26,250,-26" /><INIT seed="0,1,0,5,4,113" ten="328,224,224,224" oya="0" hai0="49,44,55,10,112,88,102,127,61,13,53,47,90" hai1="97,72,26,37,86,122,79,52,105,73,103,7,60" hai2="107,21,81,125,92,59,119,42,28,5,124,75,34" hai3="38,93,131,51,9,0,16,70,135,78,111,57,39"/><T101/><D112/><U24/><E37/><V100/><F34/><W128/><G70/><T32/><D32/><U41/><E41/><V108/><F108/><W133/><G111/><T1/><D1/><U76/><E7/><V80/><F42/><W84/><G0/><T36/><D36/><U110/><E110/><V96/><F5/><W12/><G51/><N who="0" m="29183" /><D61/><U54/><E122/><V109/><F109/><W20/><G57/><T71/><D71/><U95/><E60/><V85/><F59/><W74/><G74/><N who="1" m="28778" /><E52/><V132/><F21/><W18/><G78/><N who="1" m="29738" /><E54/><V129/><F28/><W99/><G84/><T83/><D83/><N who="2" m="31818" /><F75/><W17/><G20/><T6/><D127/><N who="2" m="48714" /><F132/><N who="3" m="50763" /><G39/><T11/><D11/><U118/><E24/><V58/><F58/><W126/><G38/><T48/><D49/><U23/><E23/><V91/><F129/><N who="3" m="49739" /><G126/><T106/><D106/><U66/><E26/><V30/><F30/><W94/><G94/><T68/><D68/><U3/><E3/><V69/><F69/><W123/><G123/><T46/><D46/><U64/><E64/><V67/><F67/><W115/><G115/><T25/><D25/><U120/><E66/><V65/><F65/><W117/><G9/><T56/><D56/><U35/><E35/><V98/><F85/><W22/><G22/><T62/><D62/><U134/><E120/><V27/><F27/><W40/><G40/><T50/><D48/><U82/><E134/><V87/><F87/><W15/><G15/><T104/><D104/><U89/><E105/><V121/><F121/><W45/><G12/><T4/><D4/><RYUUKYOKU ba="1,0" sc="328,10,224,10,224,10,224,-30" hai0="6,10,13,44,50,53,88,90,101,102" hai1="82,86,89,95,97,103,118" hai2="91,92,96,98,100,107,119" /><INIT seed="0,2,0,3,2,96" ten="338,234,234,194" oya="0" hai0="18,118,41,52,127,77,114,26,134,58,11,53,56" hai1="39,133,102,5,86,14,88,4,20,131,123,55,13" hai2="66,121,112,115,93,95,120,75,25,125,44,0,126" hai3="12,50,28,19,71,117,106,7,42,82,87,57,6"/><T8/><D118/><U111/><E39/><V110/><F0/><W109/><G117/><T46/><D114/><N who="2" m="43562" /><F25/><W78/><G71/><T15/><D134/><U107/><E123/><N who="2" m="47179" /><F66/><W79/><G106/><T40/><D127/><N who="2" m="48650" /><F44/><W27/><G42/><N who="0" m="16491" /><D77/><U59/><E133/><V43/><F43/><W81/><G50/><N who="0" m="30743" /><D46/><U103/><E131/><V61/><F61/><W31/><G57/><T36/><D26/><U135/><E111/><V2/><F2/><W49/><G49/><N who="0" m="31023" /><D36/><U45/><E135/><V54/><F54/><W65/><G109/><T108/><D108/><U119/><E119/><V62/><F62/><W124/><G124/><T130/><D130/><U64/><E107/><V1/><F1/><W90/><G65/><T68/><D68/><U91/><E64/><V51/><F51/><W48/><G48/><T72/><D72/><U101/><E45/><V83/><F110/><W32/><G78/><AGARI ba="2,0" hai="75,78,83,93,95" m="48650,47179,43562" machi="78" ten="40,5200,0" yaku="18,1,34,2" doraHai="96" who="2" fromWho="3" sc="338,0,234,0,234,58,194,-58" /><INIT seed="1,0,0,3,2,110" ten="338,234,292,136" oya="1" hai0="29,6,16,5,32,49,39,92,115,84,0,57,22" hai1="135,17,73,68,111,122,36,106,69,51,116,78,48" hai2="25,74,15,88,114,81,9,52,35,80,40,26,93" hai3="131,21,14,43,82,104,108,4,102,20,103,61,113"/><U75/><E17/><V30/><F25/><W127/><G43/><T95/><D39/><U27/><E27/><V124/><F124/><W62/><G127/><T41/><D0/><U18/><E18/><V13/><F13/><W1/><G1/><T45/><D32/><U77/><E36/><V121/><F121/><W44/><G44/><T125/><D29/><U112/><E112/><V23/><F35/><W8/><G113/><T66/><D115/><U126/><E106/><V19/><F114/><W98/><G103/><T117/><D117/><U133/><E126/><V58/><F40/><W105/><G108/><T130/><D125/><U33/><E33/><V12/><F12/><W56/><G105/><T53/><D130/><U90/><E90/><V50/><F74/><W101/><G101/><T86/><D66/><U94/><E94/><N who="0" m="35881" /><D41/><U128/><E111/><V37/><F37/><W67/><G131/><T55/><D5/><U70/><E70/><V71/><F71/><W65/><REACH who="3" step="1"/><G82/><REACH who="3" step="2"/><T76/><D76/><U59/><E128/><V7/><F7/><W3/><G3/><T31/><D6/><U54/><E122/><V89/><F89/><W38/><G38/><T24/><D31/><U119/><E59/><AGARI ba="0,1" hai="4,8,14,20,21,56,59,61,62,65,67,98,102,104" machi="59" ten="30,8000,1" yaku="1,1,7,1,9,1,53,2" doraHai="110" doraHaiUra="60" who="3" fromWho="1" sc="338,0,234,-80,292,0,126,90" /><INIT seed="2,0,0,2,0,46" ten="338,154,292,216" oya="2" hai0="21,34,80,77,64,103,120,101,59,37,105,95,33" hai1="2,102,81,108,87,129,93,36,128,122,110,115,5" hai2="60,49,123,85,133,16,125,26,48,54,53,35,94" hai3="11,1,6,79,99,45,43,91,52,47,88,112,72"/><V117/><F117/><W23/><G112/><T57/><D37/><U50/><E36/><V31/><F123/><W118/><G118/><T104/><D120/><U86/><E5/><V3/><F3/><W78/><G23/><T27/><D34/><U62/><E62/><V10/><F125/><W20/><G20/><T116/><D33/><U83/><E2/><V100/><F133/><W82/><G79/><T71/><D71/><U119/><E119/><V24/><F60/><W70/><G70/><T97/><D116/><U58/><E58/><V30/><F31/><W44/><G44/><T76/><D105/><U0/><E0/><V42/><F42/><W106/><G106/><T65/><D104/><U92/><E50/><V124/><F124/><W132/><G99/><T12/><D103/><U13/><E13/><V39/><F39/><N who="3" m="21759" /><G132/><T14/><D12/><U90/><E122/><V29/><F29/><W68/><G68/><T9/><D80/><U75/><E115/><V18/><F100/><W51/><AGARI ba="0,0" hai="1,6,11,47,51,52,72,78,82,88,91" m="21759" machi="51" ten="30,7900,0" yaku="25,1,52,1,54,2" doraHai="46" who="3" fromWho="3" sc="338,-20,154,-20,292,-39,216,79" /><INIT seed="3,0,0,0,3,93" ten="318,134,253,295" oya="3" hai0="5,12,118,112,28,50,71,122,11,68,20,4,57" hai1="19,59,88,101,76,38,82,23,52,25,98,9,84" hai2="107,103,104,129,41,33,134,92,31,29,16,91,80" hai3="37,1,56,133,60,128,55,119,30,100,79,24,47"/><W46/><G119/><T115/><D122/><U110/><E38/><V130/><F41/><W43/><G1/><T36/><D36/><U13/><E110/><V116/><F116/><W74/><G128/><N who="2" m="49257" /><F33/><W51/><G133/><T77/><D77/><U109/><E109/><V22/><F134/><W90/><G90/><T27/><D118/><U120/><E120/><V64/><F64/><W61/><G100/><T42/><D4/><U81/><E101/><V73/><F73/><W10/><G10/><T62/><D42/><U89/><E82/><V114/><F80/><W108/><G108/><T18/><D50/><U67/><E67/><V106/><F114/><N who="0" m="43562" /><D5/><U63/><REACH who="1" step="1"/><E98/><REACH who="1" step="2"/><N who="2" m="57631" /><F103/><W99/><G99/><T94/><D94/><U65/><E65/><AGARI ba="0,1" hai="11,12,18,20,27,28,57,62,65,68,71" m="43562" machi="65" ten="30,1000,0" yaku="11,1" doraHai="93" who="0" fromWho="1" sc="318,20,124,-10,253,0,295,0" owari="338,34,114,-29,253,-10,295,5" /></mjloggm>