<mjloggm ver="2.3"><GO type="97"/><UN n0="%62%72%65%61%74%68%65" n1="%E3%82%A6%E3%83%AB%E3%83%88%E3%83%A9%E7%AB%8B%E7%9B%B4" n2="%48%49%4C%4C%EF%BC%A0" n3="%37%37%37%36%2E" dan="14,13,14,14" rate="1903,1824,1934,1954" sx="M,M,M,M"/><TAIKYOKU oya="0"/><INIT seed="0,0,0,1,2,107" ten="250,250,250,250" oya="0" hai0="59,12,10,92,76,127,123,6,86,58,32,9,121" hai1="106,31,115,104,5,57,79,17,101,97,128,16,38" hai2="118,88,37,91,99,105,90,21,65,69,48,18,19" hai3="45,93,13,20,52,100,89,122,46,116,30,43,63"/><T8/><D32/><U124/><E38/><V22/><F37/><W28/><G116/><T29/><D127/><U83/><E124/><V7/><F118/><W50/><G122/><T62/><D29/><U132/><E104/><V41/><F7/><W73/><G73/><T61/><D123/><U135/><E5/><V70/><F65/><W108/><G108/><T55/><D121/><U94/><E31/><V77/><F77/><W33/><G33/><T36/><D36/><U44/><E44/><V51/><F105/><W103/><G30/><T23/><D23/><N who="2" m="8714" /><F99/><W54/><G63/><T131/><D131/><U78/><E106/><V102/><F41/><W111/><G111/><T87/><D87/><N who="1" m="48631" /><E79/><V133/><F102/><W125/><G125/><T130/><D130/><U129/><E115/><V114/><F133/><N who="1" m="51273" /><E129/><V98/><F98/><W119/><G119/><T60/><D60/><U113/><E113/><V3/><F3/><W74/><G74/><T2/><D2/><U117/><E128/><V134/><F134/><W68/><G68/><N who="2" m="26217" /><F114/><W1/><G1/><T75/><D92/><U66/><E117/><V126/><F126/><W71/><G71/><T24/><D24/><U72/><E72/><V0/><F0/><W14/><G93/><T27/><D27/><U25/><E25/><V95/><F95/><W47/><G28/><T53/><D75/><U34/><E34/><V85/><F85/><W56/><G14/><T82/><AGARI ba="0,0" hai="6,8,9,10,12,53,55,58,59,61,62,76,82,86" machi="82" ten="30,6000,0" yaku="0,1,9,1,8,1" doraHai="107" who="0" fromWho="0" sc="250,60,250,-20,250,-20,250,-20" /><INIT seed="0,1,0,4,0,81" ten="310,230,230,230" oya="0" hai0="62,5,93,22,103,11,9,112,108,71,132,100,86" hai1="99,89,38,58,41,42,75,92,66,45,74,121,49" hai2="119,21,28,84,130,23,46,64,105,15,8,98,67" hai3="101,68,124,107,82,35,118,117,122,79,94,116,53"/><T91/><D112/><U24/><E121/><V131/><F119/><W129/><G35/><T128/><D128/><N who="2" m="49194" /><F46/><W13/><G68/><T77/><D132/><U123/><E123/><V29/><F105/><W113/><G122/><T60/><D77/><U65/><E42/><V39/><F98/><W111/><G111/><T25/><D11/><U44/><E44/><V95/><F39/><W102/><G129/><T34/><D34/><U83/><E66/><N who="2" m="25131" /><F28/><W54/><G124/><T76/><D76/><U109/><E109/><V73/><F29/><W135/><G135/><T80/><D71/><U14/><E24/><V72/><F72/><W114/><G107/><T2/><D108/><U10/><E38/><V6/><F73/><W126/><G126/><T19/><REACH who="0" step="1"/><D80/><REACH who="0" step="2"/><U88/><E75/><V59/><F21/><W47/><G114/><T63/><AGARI ba="1,1" hai="2,5,9,19,22,25,60,62,63,86,91,93,100,103" machi="63" ten="30,18000,2" yaku="1,1,2,1,0,1,52,1,53,3" doraHai="81" doraHaiUra="56" who="0" fromWho="0" sc="300,193,230,-61,230,-61,230,-61" /><INIT seed="0,2,0,0,1,115" ten="493,169,169,169" oya="0" hai0="106,62,121,8,39,60,31,87,99,77,67,63,46" hai1="122,49,79,89,65,27,10,128,13,78,88,19,92" hai2="1,44,75,33,93,51,56,18,2,20,80,5,132" hai3="120,112,12,108,72,103,68,111,118,23,123,73,41"/><T70/><D121/><N who="3" m="46665" /><G68/><T129/><D129/><U117/><E117/><V4/><F33/><W9/><G118/><T133/><D133/><U42/><E128/><V43/><F132/><W53/><G112/><T32/><D8/><U29/><E65/><V124/><F2/><W71/><G71/><T100/><D39/><U96/><E122/><V84/><F1/><W74/><G41/><T109/><D46/><U54/><E89/><V81/><F75/><W16/><G103/><T98/><D98/><U90/><E90/><N who="2" m="53447" /><F124/><W105/><G105/><T48/><D48/><U131/><E42/><V15/><F56/><W91/><G91/><T66/><D66/><U102/><E102/><V7/><AGARI ba="2,0" hai="4,5,7,15,18,20,43,44,51,80,81" m="53447" machi="7" ten="30,1100,0" yaku="8,1" doraHai="115" who="2" fromWho="2" sc="493,-7,169,-5,169,17,169,-5" /><INIT seed="1,0,0,5,1,54" ten="486,164,186,164" oya="1" hai0="21,77,135,20,128,125,116,126,0,57,6,123,35" hai1="92,79,61,76,63,104,62,22,66,122,11,65,85" hai2="98,102,74,50,112,68,97,130,118,27,48,73,12" hai3="134,51,18,38,86,99,29,58,84,34,43,49,96"/><U71/><E104/><V121/><F68/><W64/><G134/><T124/><D35/><U100/><E122/><V119/><F27/><W129/><G129/><T46/><D116/><U53/><E71/><V69/><F69/><W39/><G34/><T91/><D123/><U103/><E11/><V31/><F12/><W132/><G29/><T44/><D77/><N who="1" m="29771" /><E22/><N who="0" m="8809" /><D135/><U2/><E2/><V114/><F102/><N who="1" m="38953" /><E53/><V59/><F121/><W105/><G105/><T10/><D128/><U1/><E1/><V41/><F41/><W89/><G89/><AGARI ba="0,0" hai="61,62,63,65,66,85,89,92" m="38953,29771" machi="89" ten="30,1500,0" yaku="8,1" doraHai="54" who="1" fromWho="3" sc="486,0,164,15,186,0,164,-15" /><INIT seed="1,1,0,2,2,54" ten="486,179,186,149" oya="1" hai0="107,131,6,17,135,61,102,48,30,112,1,120,106" hai1="81,40,64,57,105,16,130,94,25,39,68,90,21" hai2="85,89,117,15,99,76,44,86,93,28,53,59,55" hai3="77,20,96,92,14,66,43,62,123,134,132,125,34"/><U23/><E105/><V70/><F70/><W26/><G123/><T29/><D112/><U19/><E68/><V0/><F0/><W133/><G125/><T27/><D30/><U129/><E81/><V22/><F117/><W63/><G77/><T67/><D120/><U103/><E103/><V50/><F76/><W126/><G126/><T79/><D79/><U47/><E64/><V101/><F101/><W46/><G14/><T88/><D102/><U42/><E42/><V127/><F127/><W108/><G34/><T13/><D6/><U119/><E119/><V111/><F111/><W37/><G108/><T78/><D1/><U128/><E57/><V116/><F116/><W121/><G121/><T31/><D31/><U58/><E58/><V91/><F91/><W110/><G110/><T100/><D100/><U18/><REACH who="1" step="1"/><E25/><REACH who="1" step="2"/><N who="2" m="16439" /><F99/><AGARI ba="1,1" hai="16,18,19,21,23,39,40,47,90,94,99,128,129,130" machi="99" ten="50,12000,1" yaku="1,1,19,1,54,1,53,1" doraHai="54" doraHaiUra="38" who="1" fromWho="2" sc="486,0,169,133,186,-123,149,0" /><INIT seed="1,2,0,3,5,135" ten="486,302,63,149" oya="1" hai0="98,32,92,125,41,17,11,20,75,123,12,23,101" hai1="124,133,114,66,39,99,56,2,52,81,107,77,25" hai2="73,126,44,102,105,34,83,9,6,62,13,127,134" hai3="47,129,68,119,103,110,60,1,58,8,50,78,85"/><U53/><E2/><V67/><F34/><W93/><G110/><T43/><D75/><U117/><E39/><V131/><F134/><W18/><G129/><T19/><D32/><U74/><E133/><V59/><F131/><W63/><G119/><T4/><D123/><U57/><E117/><V106/><F102/><W36/><G36/><T54/><D125/><N who="2" m="47626" /><F44/><W116/><G116/><T16/><D54/><U51/><E124/><V118/><F118/><W109/><G109/><T31/><D31/><U71/><E114/><V55/><F67/><W42/><G47/><T90/><D101/><U113/><E113/><V91/><F91/><W115/><G103/><T111/><D111/><U30/><E107/><N who="2" m="40971" /><F83/><W95/><G115/><T86/><D98/><U49/><E99/><V46/><F46/><W104/><G104/><T122/><D122/><U28/><E25/><V96/><F96/><W88/><G93/><T7/><D7/><U14/><E14/><V3/><F73/><W132/><G88/><T121/><D121/><U89/><E89/><V120/><F120/><W26/><G95/><T97/><D97/><U65/><E65/><V21/><F21/><AGARI ba="2,0" hai="4,11,12,16,17,19,20,21,23,41,43,86,90,92" machi="21" ten="40,2600,0" yaku="8,1,54,1" doraHai="135" who="0" fromWho="2" sc="486,32,302,0,63,-32,149,0" /><INIT seed="2,0,0,4,0,53" ten="518,302,31,149" oya="2" hai0="8,11,79,77,48,74,110,126,16,85,105,86,68" hai1="61,113,114,96,26,67,24,30,112,43,134,89,118" hai2="21,73,80,124,58,0,97,56,15,107,119,32,33" hai3="99,130,6,10,5,129,83,49,46,116,135,76,82"/><V106/><F0/><W88/><G135/><T95/><D68/><U27/><E118/><V69/><F69/><W39/><G39/><T35/><D35/><U44/><E134/><V90/><F119/><W66/><G116/><T18/><D105/><U70/><E89/><V100/><F107/><W3/><G66/><T47/><D74/><U7/><E7/><V41/><F41/><W93/><G6/><T72/><D72/><U36/><REACH who="1" step="1"/><E96/><REACH who="1" step="2"/><V91/><F91/><W101/><G101/><T51/><D126/><U38/><E38/><V128/><F124/><W92/><G130/><T98/><D79/><U34/><AGARI ba="0,1" hai="24,26,27,30,34,36,43,44,61,67,70,112,113,114" machi="34" ten="30,2000,0" yaku="1,1,0,1,53,0" doraHai="53" doraHaiUra="131" who="1" fromWho="1" sc="518,-5,292,30,31,-10,149,-5" /><INIT seed="3,0,0,3,4,73" ten="513,322,21,144" oya="3" hai0="6,66,102,1,25,107,23,88,93,28,34,30,114" hai1="101,29,105,126,11,78,77,118,43,8,67,71,133" hai2="35,49,3,68,20,27,58,108,55,10,7,89,19" hai3="60,42,91,54,123,74,5,130,104,81,65,59,31"/><W134/><G123/><T69/><D1/><U110/><E71/><V50/><F68/><W75/><G104/><T32/><D6/><U95/><E105/><V127/><F127/><W70/><G130/><T86/><D114/><U57/><E110/><V51/><F108/><W15/><G134/><T92/><D107/><U63/><E118/><V129/><F129/><W17/><G31/><T106/><D106/><U45/><E133/><V113/><F113/><W38/><G5/><T46/><D34/><U9/><E126/><V103/><F103/><W117/><G117/><T64/><D69/><U33/><E33/><V13/><REACH who="2" step="1"/><F89/><REACH who="2" step="2"/><W125/><G125/><T16/><D102/><U111/><E111/><V72/><F72/><W79/><G91/><T61/><D88/><U22/><E45/><V76/><F76/><W53/><G74/><T112/><D46/><U116/><E116/><V4/><F4/><W14/><G75/><T100/><D112/><U48/><E48/><V44/><F44/><W115/><G115/><T83/><D100/><U121/><E121/><V82/><F82/><W85/><G70/><T47/><D83/><U62/><E62/><V52/><F52/><W80/><G80/><T128/><D61/><U119/><E119/><V97/><F97/><W109/><G109/><T12/><D47/><U56/><E56/><V36/><F36/><W84/><G54/><T2/><D128/><U37/><E37/><V131/><F131/><W94/><G53/><T122/><D122/><U40/><E101/><V96/><F96/><W26/><G38/><T41/><D66/><RYUUKYOKU ba="0,1" sc="513,-10,322,-10,11,30,144,-10" hai2="3,7,10,13,19,20,27,35,49,50,51,55,58" owari="513,52,312,6,41,-36,134,-22" /></mjloggm>