<mjloggm ver="2.3"><GO type="193"/><UN n0="%E3%82%A6%E3%83%AB%E3%83%88%E3%83%A9%E7%AB%8B%E7%9B%B4" n1="%E7%88%BA%E7%A0%B2%E5%BC%BE%E2%85%A1" n2="%4E%61%6F%6E%61%6F" n3="%4F%50%54%49" dan="12,12,12,12" rate="1783,1708,1592,1703" sx="M,M,F,M"/><TAIKYOKU oya="0"/><INIT seed="0,0,0,3,4,101" ten="250,250,250,250" oya="0" hai0="94,122,59,115,57,71,74,91,23,132,70,117,88" hai1="48,18,42,14,116,128,112,60,126,86,30,85,43" hai2="25,31,9,35,124,33,7,114,87,99,133,37,22" hai3="123,89,44,113,52,28,11,1,17,77,40,102,76" shuffle="mt19937ar,BBE9812C,22727E5F,46C4048D,9C9EC1CF,93B21806,124C5C2F,28F70CAF,A022853E"/><T111/><D74/><U90/><E116/><V34/><F114/><W29/><G113/><T118/><D115/><U73/><E73/><V92/><F37/><W56/><G123/><T6/><D122/><U15/><E126/><V36/><F87/><W10/><G102/><T119/><D6/><U66/><E128/><V129/><F36/><W93/><G11/><T67/><D132/><U53/><E112/><V95/><F95/><W19/><G19/><T104/><D104/><U79/><E30/><V109/><F92/><W96/><G1/><T108/><D23/><U47/><E79/><V125/><F99/><W58/><G58/><N who="0" m="22027" /><D94/><U121/><E121/><V49/><F109/><N who="0" m="42058" /><D67/><U2/><E2/><N who="2" m="247" /><F49/><N who="3" m="26759" /><G10/><T0/><D0/><U82/><E85/><V103/><F103/><W106/><G17/><T69/><AGARI ba="0,0" hai="69,70,71,88,91,117,118,119" m="42058,22027" machi="69" ten="50,12000,1" yaku="28,2,14,1,10,1,54,1" doraHai="101" who="0" fromWho="0" sc="250,120,250,-40,250,-40,250,-40" /><INIT seed="0,1,0,3,5,58" ten="370,210,210,210" oya="0" hai0="11,73,132,61,9,50,0,129,45,131,118,97,70" hai1="126,121,43,125,6,124,51,52,112,10,12,104,4" hai2="42,108,27,68,13,37,96,15,75,87,17,19,26" hai3="88,119,39,103,86,130,120,48,135,59,76,134,74" shuffle="mt19937ar,A90A661A,B71C76AC,8289889D,F30C4AFA,CD9D1CD5,FD88AC02,0F03E028,67CC0E53"/><T44/><D73/><U20/><E104/><V92/><F68/><W36/><G119/><T53/><D118/><U91/><E121/><V62/><F108/><W22/><G120/><T35/><D35/><U28/><E112/><V117/><F75/><W64/><G130/><N who="0" m="49675" /><D0/><U30/><E43/><V105/><F42/><W127/><G103/><T98/><D132/><N who="3" m="50729" /><G127/><T31/><D31/><U32/><E91/><V5/><F37/><W78/><G74/><T66/><D45/><U83/><E83/><V81/><F105/><W41/><G22/><T102/><D98/><U55/><E51/><V46/><F117/><W38/><G41/><T82/><D82/><U7/><E55/><V63/><F46/><W114/><G114/><T24/><D24/><N who="1" m="18439" /><E52/><V40/><F40/><W85/><G85/><T56/><D44/><U80/><E80/><V122/><F122/><W29/><G29/><T47/><D47/><U95/><E95/><AGARI ba="1,0" hai="9,11,50,53,56,61,66,70,95,97,102" m="49675" machi="95" ten="30,2900,0" yaku="19,1,52,1" doraHai="58" who="0" fromWho="1" sc="370,32,210,-32,210,0,210,0" /><INIT seed="0,2,0,0,5,106" ten="402,178,210,210" oya="0" hai0="84,103,41,12,78,62,45,44,129,38,24,35,123" hai1="63,61,11,130,26,47,54,34,87,7,100,6,52" hai2="93,23,126,88,119,42,13,50,70,64,124,53,58" hai3="85,8,99,92,51,73,94,116,80,48,111,95,59" shuffle="mt19937ar,4F9DBA6C,6212B50E,AA687457,389E5DBF,7658DE67,95D7A796,19BDE3CB,D64700DE"/><T120/><D129/><U17/><E130/><V122/><F122/><W98/><G8/><T57/><D103/><U28/><E100/><V89/><F119/><W102/><G59/><T68/><D68/><U16/><E87/><V4/><F70/><W76/><G48/><T79/><D45/><U66/><E63/><V29/><F64/><W105/><G51/><T86/><D79/><U74/><E74/><V133/><F42/><W5/><G5/><T55/><D84/><U125/><E125/><N who="2" m="48235" /><F89/><N who="3" m="53295" /><G116/><T40/><D40/><U49/><E54/><V37/><F37/><W21/><G21/><T39/><D39/><U117/><E6/><V75/><F133/><W83/><G111/><T2/><D2/><U135/><E135/><V134/><F4/><W15/><G15/><T112/><D24/><U82/><E82/><V43/><F43/><W110/><G110/><T67/><D35/><U60/><E60/><V77/><F134/><W101/><G83/><N who="0" m="47479" /><D12/><U9/><E9/><V36/><F36/><W115/><G115/><T96/><D112/><U1/><REACH who="1" step="1"/><E117/><REACH who="1" step="2"/><V118/><F118/><W25/><G25/><T69/><D62/><U32/><E32/><V31/><F13/><W128/><G128/><T81/><D55/><U91/><E91/><V104/><F104/><AGARI ba="2,1" hai="73,76,80,94,95,98,99,101,102,104,105" m="53295" machi="104" ten="30,12000,2" yaku="24,1,35,5,52,1" doraHai="106" who="3" fromWho="2" sc="402,0,168,0,210,-126,210,136" /><INIT seed="1,0,0,4,5,56" ten="402,168,84,346" oya="1" hai0="72,117,124,70,27,40,0,118,135,61,11,26,110" hai1="53,71,16,127,112,49,46,66,86,4,80,119,32" hai2="104,106,116,81,37,69,92,59,43,131,47,100,123" hai3="88,13,67,89,21,6,78,76,94,108,44,45,31" shuffle="mt19937ar,F84F2B77,E6D35E61,551DAF23,B3FCDA04,BAA0A1D6,3CDAD4D4,CDE32629,47CA888A"/><U8/><E32/><V25/><F116/><W57/><G108/><T105/><D27/><U65/><E119/><V91/><F69/><W63/><G89/><T9/><D40/><U103/><E112/><V74/><F131/><W79/><G6/><T23/><D11/><U87/><E127/><V97/><F123/><W129/><G129/><T113/><D61/><U125/><E125/><V2/><F106/><W101/><G101/><T77/><D23/><U128/><E128/><V5/><F25/><N who="3" m="16815" /><G13/><T33/><D26/><U98/><E71/><V115/><F115/><W132/><G132/><T20/><D20/><U84/><E80/><V30/><F30/><W7/><G7/><T1/><D9/><U34/><E34/><V102/><F59/><W10/><G10/><T28/><D77/><N who="3" m="19713" /><W68/><DORA hai="36" /><G68/><T75/><D28/><U29/><E29/><V18/><F102/><W126/><G126/><T90/><D90/><U96/><E96/><AGARI ba="0,0" hai="44,45,57,63,67,88,94,96" m="19713,16815" machi="96" ten="30,3900,0" yaku="8,1,52,1,54,1" doraHai="56,36" who="3" fromWho="1" sc="402,0,168,-39,84,0,346,39" /><INIT seed="2,0,0,1,1,51" ten="402,129,84,385" oya="2" hai0="41,90,48,101,65,47,132,54,87,3,125,21,30" hai1="111,113,84,119,52,5,43,55,1,23,127,93,76" hai2="35,8,12,44,88,15,78,89,80,11,92,7,114" hai3="128,108,69,19,116,133,120,95,10,14,24,56,32" shuffle="mt19937ar,2A489DA7,911B8F9F,5C9755C6,C428D499,9EC143E6,01D0B92D,1FE43A63,07D66C54"/><V118/><F114/><W115/><G116/><T83/><D3/><U49/><E119/><V27/><F35/><W103/><G69/><T66/><D125/><U63/><E113/><V59/><F118/><W53/><G120/><T61/><D132/><U102/><E111/><V58/><F27/><W40/><G115/><T81/><D101/><U86/><E127/><V100/><F44/><W26/><G128/><T123/><D123/><U131/><E131/><V134/><F100/><W20/><G133/><T17/><D30/><U0/><E0/><V13/><F134/><W98/><G108/><T74/><D74/><U129/><E129/><V97/><F89/><W82/><G40/><T117/><D117/><U72/><E72/><V106/><F106/><W39/><G39/><T31/><D31/><U99/><E5/><V112/><F112/><W104/><G82/><T6/><D6/><U68/><E68/><V126/><F126/><W79/><G79/><T57/><D81/><N who="1" m="47143" /><E1/><V71/><F71/><W25/><G104/><T107/><REACH who="0" step="1"/><D107/><REACH who="0" step="2"/><U9/><E9/><V67/><F7/><W94/><G32/><T36/><D36/><U122/><E122/><V124/><F124/><W70/><G70/><T33/><D33/><U73/><E73/><V18/><F67/><W60/><REACH who="3" step="1"/><G94/><REACH who="3" step="2"/><T45/><D45/><N who="1" m="25791" /><E23/><AGARI ba="0,2" hai="10,14,19,20,23,24,25,26,53,56,60,95,98,103" machi="23" ten="40,5200,0" yaku="1,1,8,1,52,1,53,0" doraHai="51" doraHaiUra="110" who="3" fromWho="1" sc="392,0,129,-52,84,0,375,72" /><INIT seed="3,0,0,1,2,48" ten="392,77,84,447" oya="3" hai0="47,31,123,11,84,24,131,70,81,49,111,45,117" hai1="74,62,18,104,65,95,32,85,12,21,99,89,42" hai2="115,56,91,108,98,29,128,87,55,10,105,13,135" hai3="54,7,15,71,112,96,61,83,66,57,38,67,6" shuffle="mt19937ar,20586A78,DFD9F6AC,720DE982,5AFE87BB,E7062AEC,0934D302,C092803D,9A4CDAF9"/><W40/><G112/><T35/><D70/><U58/><E74/><V46/><F135/><W22/><G96/><T120/><D117/><U114/><E114/><V86/><F128/><W73/><G73/><T132/><D131/><U23/><E32/><V134/><F115/><W125/><G125/><T60/><D132/><U78/><E104/><V116/><F108/><W113/><G113/><T97/><D111/><U107/><E107/><V102/><F134/><W80/><G67/><T28/><D28/><U110/><E110/><V100/><F29/><W41/><G6/><T19/><D60/><U14/><E42/><V118/><F102/><W90/><G90/><T127/><D127/><U129/><E129/><V2/><F46/><W64/><G64/><T52/><D47/><U36/><E36/><V9/><F2/><W30/><G30/><T126/><D126/><U1/><E1/><V92/><F87/><W3/><G3/><T121/><D97/><U77/><REACH who="1" step="1"/><E99/><REACH who="1" step="2"/><V26/><F118/><W119/><G41/><T59/><D59/><U79/><E79/><V76/><F116/><W103/><G119/><T27/><D35/><U53/><E53/><V34/><F76/><W50/><G103/><T82/><D31/><U16/><AGARI ba="0,1" hai="12,14,16,18,21,23,58,62,65,77,78,85,89,95" machi="16" ten="30,12000,2" yaku="1,1,0,1,9,1,8,1,54,1,53,2" doraHai="48" doraHaiUra="17" who="1" fromWho="1" sc="392,-30,67,130,84,-30,447,-60" owari="362,11,197,-15,54,-35,387,39" /></mjloggm>