<mjloggm ver="2.3"><GO type="97"/><UN n0="%E3%82%A6%E3%83%AB%E3%83%88%E3%83%A9%E7%AB%8B%E7%9B%B4" n1="%E3%82%82%E3%81%A3%E3%81%A1%E3%82%87" n2="%53%48%49%53%55%4B%45" n3="%E3%81%A4%E3%81%98%E3%81%AE%E3%81%82%E3%82%84" dan="13,15,13,13" rate="1828,1905,1878,1816" sx="M,M,M,M"/><TAIKYOKU oya="0"/><INIT seed="0,0,0,2,2,117" ten="250,250,250,250" oya="0" hai0="54,130,64,111,94,83,38,128,22,104,99,33,98" hai1="122,16,52,74,49,7,97,68,35,77,112,42,81" hai2="62,72,56,30,48,23,90,118,20,70,135,31,127" hai3="123,107,93,9,47,39,46,26,78,110,103,61,50"/><T69/><D33/><U32/><E68/><V108/><F118/><W82/><G107/><T19/><D38/><U34/><E7/><V14/><F72/><W100/><G110/><T63/><D54/><U15/><E112/><V121/><F70/><W105/><G105/><T25/><D111/><U76/><E76/><V124/><F108/><W87/><G39/><T119/><D119/><U5/><E122/><V86/><F135/><W51/><G61/><T113/><D113/><U71/><E71/><V0/><F0/><W44/><G123/><T120/><D83/><U89/><E5/><V8/><F121/><W40/><G46/><T4/><D4/><U132/><E132/><V57/><F48/><W101/><G93/><T92/><D104/><U60/><E42/><V95/><F127/><W43/><G26/><T115/><D115/><U88/><E97/><V109/><F109/><W84/><G84/><T53/><D53/><U66/><E66/><N who="2" m="39239" /><F57/><W114/><G114/><T133/><D133/><U67/><E67/><V41/><F41/><W45/><G45/><T125/><D125/><U11/><REACH who="1" step="1"/><E60/><REACH who="1" step="2"/><V17/><F124/><W37/><G37/><T2/><D120/><U29/><E29/><AGARI ba="0,1" hai="8,14,17,20,23,29,30,31,86,90,95" m="39239" machi="29" ten="30,1000,0" yaku="8,1" doraHai="117" who="2" fromWho="1" sc="250,0,240,-10,250,20,250,0" /><INIT seed="1,0,0,1,2,76" ten="250,230,270,250" oya="1" hai0="114,89,1,58,11,24,37,51,60,79,104,122,19" hai1="67,6,31,81,101,110,94,134,124,7,90,80,43" hai2="75,32,116,135,40,4,15,107,70,133,96,69,22" hai3="27,45,3,121,2,10,26,106,5,103,25,35,127"/><U12/><E134/><N who="2" m="51211" /><F32/><W132/><G106/><T129/><D37/><U102/><E124/><V38/><F116/><W115/><G103/><N who="1" m="39434" /><E110/><V113/><F107/><W52/><G121/><T131/><D79/><U83/><E31/><V59/><F75/><W48/><G2/><T117/><D51/><U49/><E67/><V0/><F96/><W126/><G132/><T84/><D104/><U50/><E43/><V87/><F87/><W17/><G115/><T36/><D36/><U41/><E12/><V29/><F0/><W54/><G35/><T61/><D114/><U34/><E34/><V56/><F113/><W93/><G17/><T119/><D122/><U77/><E77/><V111/><F111/><W73/><G73/><T18/><D1/><U99/><E49/><V86/><F86/><W14/><G14/><T68/><D24/><U20/><E20/><V82/><F82/><W28/><G28/><T62/><D11/><U78/><E78/><V8/><F40/><W105/><G105/><T98/><D98/><U57/><E41/><V16/><F38/><W97/><REACH who="3" step="1"/><G54/><AGARI ba="0,0" hai="6,7,50,54,57,80,81,83,90,94,99" m="39434" machi="54" ten="30,11600,0" yaku="8,1,52,3" doraHai="76" who="1" fromWho="3" sc="250,0,230,116,270,0,250,-116" /><INIT seed="1,1,0,3,3,23" ten="250,346,270,134" oya="1" hai0="9,99,40,57,114,127,73,121,7,93,8,116,45" hai1="75,53,28,85,77,95,97,22,18,66,20,51,80" hai2="27,30,0,76,17,109,129,103,111,24,65,68,70" hai3="48,33,67,41,87,55,44,71,63,90,94,128,43"/><U36/><E36/><V133/><F0/><W6/><G128/><T72/><D116/><U113/><E113/><V125/><F129/><W16/><G33/><T29/><D114/><U61/><E75/><V82/><F133/><W2/><G2/><T50/><D121/><U26/><E66/><V54/><F125/><W100/><G6/><T62/><D127/><U122/><E122/><V81/><F103/><W47/><G100/><T86/><D86/><U105/><E105/><V89/><F89/><W56/><G47/><T123/><D123/><U35/><E61/><N who="2" m="39983" /><F70/><W120/><G43/><T38/><D38/><U3/><E3/><V79/><F54/><W21/><G120/><T32/><D72/><U31/><E20/><N who="2" m="13327" /><F79/><W15/><G15/><T119/><D73/><U118/><E35/><N who="2" m="20959" /><F76/><W88/><G90/><T112/><D112/><U130/><E118/><V126/><F126/><W1/><G1/><T106/><D119/><U74/><E74/><V10/><F10/><W115/><G115/><T46/><D46/><N who="1" m="27895" /><E130/><V64/><F64/><W14/><G71/><T135/><D135/><U101/><AGARI ba="1,0" hai="18,22,26,28,31,77,80,85,95,97,101" m="27895" machi="101" ten="30,3000,0" yaku="8,1,52,1" doraHai="23" who="1" fromWho="1" sc="250,-11,346,33,270,-11,134,-11" /><INIT seed="1,2,0,3,2,128" ten="239,379,259,123" oya="1" hai0="10,131,15,118,97,5,94,71,93,42,82,47,116" hai1="123,115,91,50,124,17,31,9,2,100,56,22,26" hai2="130,67,81,96,117,66,12,28,33,107,133,114,32" hai3="60,68,86,103,41,126,51,54,99,109,53,111,76"/><U112/><E123/><V88/><F130/><W77/><G126/><T20/><D71/><U29/><E100/><V85/><F117/><W45/><G68/><T127/><D127/><U49/><E124/><V57/><F114/><W16/><G60/><T92/><D131/><U79/><E79/><V44/><F44/><W40/><G40/><T80/><D97/><U89/><E2/><V30/><F12/><W0/><G0/><T64/><D64/><U106/><E106/><V95/><F107/><W18/><G54/><T73/><D20/><U105/><E105/><V132/><F32/><W72/><G72/><T75/><D118/><U43/><E43/><V84/><F85/><W46/><G86/><T23/><D23/><U8/><E8/><V3/><F3/><W59/><G77/><T104/><D104/><U13/><E31/><N who="2" m="11819" /><F57/><W74/><G74/><T37/><D37/><U87/><E87/><V27/><F27/><W6/><G6/><T78/><D116/><U70/><E70/><V119/><F33/><W11/><G76/><T65/><D75/><U34/><E34/><V125/><F125/><W4/><G4/><T7/><D82/><U121/><E115/><V98/><F119/><W120/><G120/><T24/><D24/><U25/><E25/><V48/><F48/><N who="1" m="18537" /><E112/><V36/><F36/><N who="3" m="21671" /><G46/><T38/><D7/><U134/><E121/><V83/><F98/><W113/><G113/><T1/><D15/><U52/><E26/><V122/><F122/><W62/><G62/><T135/><D65/><N who="2" m="24586" /><F83/><W61/><G61/><T101/><D101/><U39/><E13/><RYUUKYOKU ba="2,0" sc="239,15,379,-15,259,15,123,-15" hai0="1,5,10,38,42,47,73,78,80,92,93,94,135" hai2="81,84,88,95,96,132,133" /><INIT seed="2,3,0,4,4,38" ten="254,364,274,108" oya="2" hai0="121,62,39,25,123,20,78,60,5,111,67,70,116" hai1="28,48,21,13,61,107,95,40,106,41,7,133,58" hai2="0,118,63,55,29,80,105,31,46,33,125,130,66" hai3="4,18,12,89,65,72,87,113,75,79,102,51,43"/><V37/><F118/><W19/><G113/><T68/><D78/><U109/><E109/><V104/><F0/><W99/><G72/><T53/><D5/><U74/><E74/><V69/><F130/><W83/><G65/><T54/><D20/><U85/><E133/><V56/><F125/><W81/><G4/><T129/><D25/><N who="1" m="16431" /><E48/><N who="2" m="30823" /><F80/><W101/><G101/><T59/><D129/><U6/><E106/><N who="2" m="41067" /><F33/><W135/><G135/><T1/><D1/><U103/><E107/><V97/><F97/><W82/><G82/><T86/><D86/><U9/><E7/><V100/><F100/><W98/><G102/><T127/><D127/><U108/><E108/><V88/><F88/><W14/><G14/><T24/><D24/><U124/><E124/><V77/><F77/><W23/><REACH who="3" step="1"/><G19/><REACH who="3" step="2"/><T26/><D67/><N who="1" m="39351" /><E103/><V17/><F17/><W52/><G52/><T93/><D54/><U15/><E15/><V8/><F66/><W49/><G49/><N who="0" m="31151" /><D121/><U32/><E32/><V92/><F37/><W3/><G3/><T22/><D123/><U119/><E119/><V134/><F134/><W42/><G42/><T45/><D116/><U36/><E36/><V112/><F112/><W10/><G10/><T30/><D111/><U35/><E35/><V2/><F2/><W117/><G117/><T34/><D34/><U96/><E40/><V132/><F132/><W71/><G71/><N who="0" m="27179" /><D93/><U114/><E114/><V44/><F8/><W57/><G57/><T91/><D91/><U94/><E94/><V76/><F92/><W47/><AGARI ba="3,1" hai="12,18,23,43,47,51,75,79,81,83,87,89,98,99" machi="47" ten="30,4000,0" yaku="1,1,0,1,52,1,53,0" doraHai="38" doraHaiUra="64" who="3" fromWho="3" sc="254,-13,364,-13,274,-23,98,59" /><INIT seed="3,0,0,5,1,17" ten="241,351,251,157" oya="3" hai0="30,134,97,41,31,32,114,76,67,92,63,113,115" hai1="60,120,84,111,73,77,135,70,82,6,58,20,22" hai2="24,16,127,71,26,57,38,117,43,103,80,42,126" hai3="14,83,68,79,39,105,48,94,95,108,61,35,25"/><W124/><G105/><T121/><D134/><U110/><E135/><V65/><F117/><W40/><G39/><T116/><D116/><U44/><E120/><V28/><F71/><W50/><G124/><N who="2" m="47657" /><F103/><W69/><G108/><N who="1" m="41514" /><E6/><V87/><F16/><W12/><G69/><N who="0" m="42239" /><D121/><U2/><E2/><V104/><F104/><W56/><G68/><T100/><D32/><U85/><E44/><N who="2" m="23639" /><F43/><W78/><G78/><T47/><D76/><U33/><E33/><N who="2" m="20615" /><F26/><W23/><G35/><T34/><D34/><U125/><E70/><V7/><F7/><W130/><G130/><T118/><D118/><U107/><E107/><V51/><F65/><N who="3" m="39079" /><G79/><T11/><D11/><U90/><E125/><V52/><F87/><W49/><G40/><T112/><N who="0" m="29184" /><DORA hai="119" /><T131/><D131/><U75/><E85/><V15/><F15/><N who="3" m="5675" /><G83/><AGARI ba="0,0" hai="51,52,57,80,83" m="20615,23639,47657" machi="83" ten="30,2000,0" yaku="18,1,54,1" doraHai="17,119" who="2" fromWho="3" sc="241,0,351,0,251,20,157,-20" owari="241,-11,351,35,271,2,137,-26" /></mjloggm>