<mjloggm ver="2.3"><GO type="41"/><UN n0="%42%61%72%6F%6E" n1="%43%41%42%49%4E%38%35" n2="%31%33%3A%30%35%3A%31%37" n3="%E3%82%A6%E3%83%AB%E3%83%88%E3%83%A9%E7%AB%8B%E7%9B%B4" dan="14,14,15,15" rate="1909,1904,2078,1960" sx="M,M,M,M"/><TAIKYOKU oya="0"/><INIT seed="0,0,0,3,0,70" ten="250,250,250,250" oya="0" hai0="40,35,24,104,32,73,60,75,113,118,132,92,124" hai1="90,51,25,110,83,68,11,74,17,55,88,46,71" hai2="127,41,69,100,54,101,38,131,128,86,5,126,18" hai3="0,103,28,108,130,87,34,65,16,99,116,97,30"/><T29/><D118/><U53/><E110/><V49/><F5/><W114/><G116/><T81/><D113/><U82/><E55/><V117/><F117/><W66/><G0/><T112/><D112/><U6/><E74/><V122/><F122/><W58/><G114/><T21/><D124/><N who="2" m="47658" /><F69/><W93/><G34/><T134/><D104/><U79/><E79/><V98/><F86/><W23/><G130/><N who="2" m="49705" /><F18/><W78/><G108/><T72/><D92/><U33/><E33/><V123/><F123/><W95/><G87/><T52/><D35/><U133/><E133/><N who="0" m="51305" /><D32/><U91/><E71/><V119/><F119/><W120/><G78/><N who="0" m="44231" /><D40/><U42/><E42/><V15/><F15/><W64/><G120/><T67/><D67/><U77/><E77/><V102/><F54/><W7/><G7/><T94/><D94/><U61/><E61/><V8/><F49/><W45/><G45/><T9/><D9/><U56/><E56/><AGARI ba="0,0" hai="21,24,29,52,56,60,73,75" m="44231,51305" machi="56" ten="30,2900,0" yaku="20,1,54,1" doraHai="70" who="0" fromWho="1" sc="250,29,250,-29,250,0,250,0" /><INIT seed="0,1,0,0,1,5" ten="279,221,250,250" oya="0" hai0="0,71,75,58,68,114,88,132,31,55,124,73,119" hai1="109,9,49,112,85,10,63,46,100,14,1,104,81" hai2="6,123,86,56,62,54,91,94,130,17,82,42,116" hai3="105,18,51,131,80,107,84,43,3,25,52,69,115"/><T12/><D119/><U87/><E112/><V95/><F123/><W22/><G115/><T134/><D114/><U99/><E109/><V26/><F116/><W11/><G69/><T122/><D122/><U60/><E1/><V76/><F42/><W120/><G120/><T101/><D0/><U40/><E87/><V96/><F130/><W70/><G70/><T15/><D101/><U125/><E125/><V78/><F6/><W29/><G131/><T30/><D124/><U117/><E117/><V83/><F95/><W106/><G43/><T57/><D55/><U108/><E108/><V35/><F35/><W89/><G3/><T16/><D88/><U27/><E27/><V53/><F53/><W66/><G66/><T48/><D48/><U110/><E110/><V28/><F28/><W41/><G41/><T90/><D90/><U129/><E129/><V39/><F39/><W103/><G103/><T44/><D44/><U113/><E113/><V33/><F33/><W126/><G126/><T61/><D61/><U98/><E98/><V32/><F32/><W36/><G36/><T65/><D65/><U47/><E47/><V77/><REACH who="2" step="1"/><F83/><REACH who="2" step="2"/><W79/><G105/><T97/><REACH who="0" step="1"/><D97/><REACH who="0" step="2"/><U93/><E104/><V2/><F2/><W24/><G106/><T92/><D92/><U133/><E133/><V4/><F4/><W37/><G107/><T34/><D34/><U8/><REACH who="1" step="1"/><E14/><REACH who="1" step="2"/><V64/><F64/><W23/><G37/><T13/><D13/><U19/><E19/><AGARI ba="1,3" hai="12,15,16,19,30,31,57,58,68,71,73,75,132,134" machi="19" ten="25,18000,2" yaku="1,1,22,2,54,1,53,2" doraHai="5" doraHaiUra="67" who="0" fromWho="1" sc="269,213,211,-183,240,0,250,0" /><INIT seed="0,2,0,0,5,46" ten="482,28,240,250" oya="0" hai0="124,29,0,91,32,21,6,30,126,92,33,133,98" hai1="60,97,15,116,129,66,121,118,132,22,107,62,122" hai2="101,37,12,71,28,88,2,5,56,100,40,117,106" hai3="38,131,31,58,113,90,104,89,79,110,77,69,24"/><T67/><D67/><U39/><E66/><V80/><F117/><W3/><G58/><T10/><D133/><U83/><E39/><V73/><F71/><W23/><G69/><T115/><D115/><U44/><E107/><V87/><F28/><W103/><G31/><T84/><D84/><U11/><E97/><V135/><F135/><W82/><G23/><T49/><D49/><U108/><E83/><V120/><F120/><W102/><G24/><T109/><D109/><U35/><E35/><V63/><F2/><W51/><G3/><T7/><D7/><U48/><E22/><V9/><F73/><W99/><G38/><T134/><D134/><U85/><E85/><V127/><F127/><N who="0" m="48682" /><D30/><U52/><E15/><V123/><F123/><N who="1" m="47113" /><E11/><V76/><F76/><W13/><G51/><T54/><D54/><U114/><E132/><V61/><F106/><W78/><G13/><T65/><D65/><U43/><E129/><V25/><F25/><AGARI ba="2,0" hai="0,6,10,21,25,29,32,33,91,92,98" m="48682" machi="25" ten="30,1500,0" yaku="18,1" doraHai="46" who="0" fromWho="2" sc="482,21,28,0,240,-21,250,0" /><INIT seed="0,3,0,4,5,26" ten="503,28,219,250" oya="0" hai0="45,49,39,120,54,25,50,133,41,9,126,121,8" hai1="101,78,88,64,72,108,57,92,87,48,59,63,34" hai2="51,119,113,86,102,56,68,70,24,114,106,132,77" hai3="18,21,27,13,10,107,6,122,16,123,19,5,127"/><T131/><D126/><U17/><E34/><V44/><F119/><W11/><G107/><T104/><D104/><U42/><E108/><V100/><F132/><W116/><G116/><T1/><D133/><U15/><E101/><V46/><F106/><W3/><REACH who="3" step="1"/><G127/><REACH who="3" step="2"/><T80/><D131/><U71/><E72/><V117/><F117/><W37/><G37/><T73/><D39/><U105/><E105/><V125/><F125/><W99/><G99/><T23/><D121/><AGARI ba="3,1" hai="3,5,6,10,11,13,16,18,19,21,27,121,122,123" machi="121" ten="40,16000,3" yaku="1,1,13,1,34,3,54,1,53,3" doraHai="26" doraHaiUra="118" who="3" fromWho="0" sc="503,-169,28,0,219,0,240,179" /><INIT seed="1,0,0,0,1,26" ten="334,28,219,419" oya="1" hai0="15,134,74,111,34,16,114,24,108,61,46,58,121" hai1="85,94,105,56,116,22,89,20,19,21,57,52,117" hai2="91,41,47,78,65,70,131,103,0,113,54,40,42" hai3="73,87,28,29,12,101,33,17,59,6,7,90,83"/><U82/><E105/><V68/><F0/><W81/><G33/><T84/><D114/><U102/><E117/><V35/><F78/><W88/><G101/><T30/><D74/><U37/><E116/><V125/><F103/><W80/><G73/><T104/><D104/><U129/><E37/><V99/><F35/><W135/><G59/><T43/><D121/><U115/><E115/><V130/><F99/><W133/><G133/><T122/><D122/><U4/><E4/><N who="3" m="1578" /><G135/><T72/><D72/><U27/><E129/><N who="2" m="49163" /><F91/><N who="3" m="34859" /><G87/><T96/><D134/><U124/><E124/><V77/><F77/><W86/><G86/><T95/><D84/><U3/><E3/><V118/><F118/><W106/><G106/><T51/><D95/><U76/><E57/><V9/><F9/><AGARI ba="0,0" hai="9,12,17,28,29,80,81,83" m="34859,1578" machi="9" ten="30,7700,0" yaku="8,1,52,2,54,1" doraHai="26" who="3" fromWho="2" sc="334,0,28,0,219,-77,419,77" /><INIT seed="2,0,0,2,1,134" ten="334,28,142,496" oya="2" hai0="104,77,130,100,78,63,1,124,107,12,50,118,131" hai1="24,21,73,18,0,72,4,30,135,126,25,28,83" hai2="102,114,22,29,56,47,133,55,99,117,97,32,26" hai3="122,66,64,33,52,82,81,45,41,9,109,11,68"/><V6/><F117/><W13/><G33/><T91/><D118/><U115/><E83/><V61/><F133/><W111/><G122/><T110/><D1/><U86/><E86/><V123/><F114/><W20/><G68/><T129/><D110/><N who="3" m="41993" /><G20/><T127/><D63/><U15/><E73/><V98/><F123/><W120/><G120/><T2/><D2/><U60/><E60/><V89/><F6/><W105/><G105/><N who="0" m="40523" /><D50/><U62/><E62/><V108/><F108/><W90/><G52/><T53/><D53/><U76/><E76/><N who="0" m="29289" /><D12/><U85/><E85/><V67/><F89/><W116/><G116/><T14/><D14/><U70/><E70/><V80/><F32/><W69/><G90/><T128/><D128/><U121/><E72/><V59/><F47/><W112/><G112/><T84/><D100/><U57/><E57/><V93/><REACH who="2" step="1"/><F80/><AGARI ba="0,0" hai="80,84,91,124,127,129,130,131" m="29289,40523" machi="80" ten="40,8000,1" yaku="19,1,34,2,52,2" doraHai="134" who="0" fromWho="2" sc="334,80,28,0,142,-80,496,0" /><INIT seed="3,0,0,4,4,56" ten="414,28,62,496" oya="3" hai0="55,114,26,93,113,80,5,87,68,72,88,0,125" hai1="102,54,39,50,45,128,85,120,95,94,67,75,91" hai2="14,79,81,126,82,112,103,24,69,36,13,135,65" hai3="98,62,4,30,129,25,99,101,84,20,133,90,35"/><W100/><G129/><T18/><D125/><U44/><E128/><V118/><F126/><W78/><G78/><T46/><D68/><U73/><E120/><V122/><F118/><W92/><G133/><T51/><D5/><U6/><E67/><V42/><F135/><W41/><G35/><T66/><D0/><U130/><E130/><V33/><F122/><W38/><G4/><T58/><D72/><U76/><E6/><V115/><F103/><W21/><G41/><T47/><D66/><U43/><E76/><V29/><F42/><W107/><G38/><T31/><D18/><U23/><REACH who="1" step="1"/><E23/><REACH who="1" step="2"/><V57/><F112/><W9/><G21/><T96/><D114/><U60/><E60/><V119/><F115/><W83/><REACH who="3" step="1"/><G62/><REACH who="3" step="2"/><T48/><D113/><U106/><E106/><V37/><F119/><W7/><G7/><T127/><D127/><U10/><E10/><AGARI ba="0,2" hai="9,10,20,25,30,83,84,90,92,98,99,100,101,107" machi="10" ten="40,2000,0" yaku="1,1,53,0" doraHai="56" doraHaiUra="117" who="3" fromWho="1" sc="414,0,18,-20,62,0,486,40" owari="414,21,-2,-50,62,-34,526,63" /></mjloggm>