<mjloggm ver="2.3"><GO type="41"/><UN n0="%6C%65%67%65%6E%64" n1="%E3%82%A6%E3%83%AB%E3%83%88%E3%83%A9%E7%AB%8B%E7%9B%B4" n2="%6B%69%73%73%68%6F%74" n3="%E3%83%AB%E3%83%86%E3%83%86%E3%82%A3%E3%82%A2" dan="13,15,13,14" rate="1842,1981,1918,1920" sx="M,M,F,M"/><TAIKYOKU oya="0"/><INIT seed="0,0,0,5,1,125" ten="250,250,250,250" oya="0" hai0="112,48,59,8,50,57,16,26,120,105,91,130,12" hai1="27,72,128,95,47,101,92,63,135,4,93,20,74" hai2="100,44,90,43,132,54,118,13,131,14,94,37,52" hai3="24,35,96,88,98,75,32,10,115,109,19,110,2"/><T60/><D120/><U106/><E4/><V1/><F1/><W39/><G75/><N who="1" m="28714" /><E63/><V81/><F118/><W82/><G115/><T76/><D112/><U46/><E20/><V86/><F132/><W49/><G39/><T25/><D76/><U85/><E27/><V124/><F124/><W67/><G67/><T107/><D105/><U119/><E119/><V71/><F71/><W40/><G2/><T121/><D107/><U15/><E15/><V102/><F14/><N who="3" m="7639" /><G24/><T129/><D121/><U45/><E106/><V77/><F13/><W114/><G114/><T56/><D60/><U3/><E101/><V108/><F100/><W51/><G82/><T17/><D91/><U99/><E99/><N who="3" m="37930" /><G88/><T5/><D26/><U122/><E3/><V0/><F0/><W58/><G58/><T127/><D127/><U87/><E122/><V64/><F102/><W126/><G126/><T21/><D5/><U89/><E135/><V66/><F64/><W41/><G41/><T38/><D38/><U62/><E62/><V11/><F66/><W30/><G30/><T31/><D31/><U73/><E89/><V36/><F90/><W42/><G42/><T22/><D8/><U83/><E83/><V123/><F11/><W78/><G78/><T65/><D65/><U103/><E103/><V84/><F81/><W134/><G134/><T70/><D70/><U111/><E73/><V55/><F37/><W104/><G104/><T33/><D33/><N who="3" m="12873" /><G40/><T68/><D68/><U116/><E116/><V53/><N who="2" m="13312" /><DORA hai="34" /><V18/><F123/><W133/><G133/><T9/><D9/><RYUUKYOKU ba="0,0" sc="250,15,250,-15,250,-15,250,15" hai0="12,16,17,21,22,25,48,50,56,57,59,129,130" hai3="49,51,109,110" /><INIT seed="0,1,0,3,1,87" ten="265,235,235,265" oya="0" hai0="0,110,3,34,46,108,16,122,120,132,6,91,51" hai1="8,31,117,37,118,59,95,38,73,60,17,45,30" hai2="129,86,105,14,29,68,99,4,106,22,104,115,75" hai3="125,56,135,78,98,55,44,126,134,9,84,81,52"/><T40/><D132/><N who="3" m="50729" /><G9/><T74/><D74/><U93/><E73/><V131/><F75/><W39/><G98/><T54/><D34/><U27/><E117/><V62/><F115/><W97/><G97/><T127/><D127/><N who="3" m="48649" /><G56/><T48/><D91/><U15/><E118/><V82/><F99/><W130/><G39/><T10/><D0/><U64/><E38/><V21/><F29/><W124/><G124/><T92/><D92/><U80/><E80/><V65/><F4/><W49/><G55/><T66/><D66/><U67/><E67/><V2/><F2/><W133/><G133/><T72/><D72/><U112/><E112/><V100/><F100/><W33/><G33/><T89/><D89/><U71/><E59/><V85/><F86/><W128/><AGARI ba="1,0" hai="44,49,52,78,81,84,128,130" m="48649,50729" machi="128" ten="40,8000,1" yaku="30,2,20,1,18,1,54,1" doraHai="87" who="3" fromWho="3" sc="265,-41,235,-21,235,-21,265,83" /><INIT seed="1,0,0,5,1,53" ten="224,214,214,348" oya="1" hai0="84,101,94,67,45,97,16,44,11,114,116,120,23" hai1="102,72,76,105,35,29,9,25,18,10,74,109,112" hai2="129,87,37,3,8,60,128,99,117,81,24,65,12" hai3="54,126,131,2,69,83,50,88,22,107,47,30,28"/><U27/><E112/><V125/><F3/><W79/><G2/><T63/><D114/><U132/><E102/><V52/><F37/><W39/><G69/><T43/><D116/><U110/><E105/><V32/><F117/><W68/><G68/><T13/><D120/><U98/><E98/><V17/><F99/><W104/><G131/><N who="2" m="50249" /><F125/><W89/><G126/><T66/><D66/><U64/><E64/><V58/><F24/><W62/><G62/><T130/><D130/><U6/><E76/><N who="2" m="46503" /><F32/><W61/><G61/><T78/><D23/><N who="1" m="13559" /><E74/><V34/><F34/><W124/><G39/><T19/><D19/><U33/><E72/><V122/><F122/><W41/><G124/><T36/><D45/><U75/><E75/><V56/><F52/><W77/><G54/><T113/><D113/><U115/><E115/><V1/><F1/><W48/><G104/><T73/><D73/><U5/><E35/><V134/><F134/><W20/><G107/><T21/><D11/><N who="1" m="4107" /><E132/><V31/><F31/><W14/><G83/><T40/><D40/><U135/><E135/><V133/><F133/><W90/><G48/><T80/><D63/><U108/><AGARI ba="0,0" hai="5,6,27,29,33,108,109,110" m="4107,13559" machi="108" ten="40,12000,1" yaku="14,1,10,1,34,2" doraHai="53" who="1" fromWho="1" sc="224,-40,214,120,214,-40,348,-40" /><INIT seed="1,1,0,3,1,106" ten="184,334,174,308" oya="1" hai0="119,115,12,34,133,40,7,65,68,129,48,81,2" hai1="80,33,21,19,10,116,105,125,107,15,42,22,85" hai2="46,108,92,53,121,117,84,73,36,23,109,67,20" hai3="39,131,18,43,35,62,135,44,26,103,77,120,112"/><U17/><E33/><V98/><F67/><W101/><G120/><T64/><D119/><U114/><E116/><V89/><F117/><W102/><G112/><T13/><D115/><U69/><E69/><V97/><F121/><W95/><G135/><T51/><D129/><U104/><E114/><V14/><F20/><W47/><G131/><T99/><D133/><U41/><E125/><V49/><F36/><W60/><G47/><T130/><D34/><U11/><E85/><V52/><F53/><W83/><G95/><T50/><D130/><U124/><E80/><V122/><F122/><W100/><N who="3" m="26112" /><DORA hai="59" /><W75/><REACH who="3" step="1"/><G18/><REACH who="3" step="2"/><T0/><D2/><U56/><E124/><V28/><F92/><W30/><AGARI ba="1,1" hai="26,30,35,39,43,44,60,62,75,77,83" m="26112" machi="30" ten="40,12000,2" yaku="1,1,2,1,0,1,52,3,53,1" doraHai="106,59" doraHaiUra="76,4" who="3" fromWho="3" sc="184,-31,334,-61,174,-31,298,133" /><INIT seed="2,0,0,1,4,91" ten="153,273,143,431" oya="2" hai0="33,127,116,117,61,70,44,3,54,0,45,59,125" hai1="47,21,22,77,95,43,131,4,46,101,109,132,121" hai2="1,23,72,103,82,89,55,114,105,35,36,17,92" hai3="118,107,28,62,124,6,73,90,66,122,58,27,50"/><V111/><F36/><W120/><G118/><N who="0" m="45675" /><D33/><U57/><E121/><V119/><F35/><W81/><G124/><N who="0" m="47691" /><D0/><U41/><E131/><V19/><F119/><W7/><G107/><T76/><D3/><U20/><E132/><V94/><F1/><W84/><G73/><T80/><D80/><U97/><E109/><V48/><F114/><W99/><G120/><T12/><D12/><U16/><E4/><V15/><F105/><W14/><G14/><T86/><D86/><U126/><E126/><V134/><F134/><W56/><G99/><T30/><D30/><U64/><E77/><V53/><F72/><W96/><G96/><T112/><D76/><U31/><E31/><V13/><F82/><W106/><G106/><T135/><D112/><U51/><E16/><V75/><F75/><W108/><G108/><T65/><D135/><U78/><E78/><V88/><F111/><W5/><G122/><T115/><D115/><U34/><E34/><V26/><F103/><W83/><G83/><T25/><D25/><U60/><REACH who="1" step="1"/><E22/><REACH who="1" step="2"/><V39/><F23/><N who="3" m="15487" /><G7/><T24/><D24/><U29/><E29/><V67/><F26/><W9/><G9/><T79/><D79/><U129/><E129/><V63/><F19/><W38/><G6/><T32/><D32/><U93/><E93/><V11/><F92/><W87/><G5/><T69/><D69/><U98/><E98/><V42/><F94/><W102/><G87/><T71/><D71/><U110/><E110/><V74/><F17/><W123/><G123/><T37/><D37/><AGARI ba="0,1" hai="20,21,37,41,43,46,47,51,57,60,64,95,97,101" machi="37" ten="30,3900,0" yaku="1,1,7,1,52,1,53,0" doraHai="91" doraHaiUra="133" who="1" fromWho="0" sc="153,-39,263,49,143,0,431,0" /><INIT seed="3,0,0,4,4,52" ten="114,312,143,431" oya="3" hai0="51,87,60,30,17,96,109,69,44,105,50,65,70" hai1="88,99,113,28,19,93,114,126,9,3,16,42,100" hai2="37,10,40,122,59,76,15,1,68,130,61,20,132" hai3="23,119,63,81,133,49,5,41,29,57,78,13,24"/><W102/><G119/><T6/><D109/><U118/><E118/><V38/><F68/><W90/><G133/><T56/><D87/><U4/><E126/><V72/><F132/><W121/><G121/><T112/><D6/><U91/><E28/><V0/><F122/><W32/><G102/><T129/><D112/><U26/><E42/><V43/><F20/><W101/><G101/><T45/><D129/><U92/><E100/><V89/><F89/><W98/><G90/><T111/><D111/><U34/><E34/><V94/><F94/><W116/><G98/><T123/><D123/><U25/><E25/><V103/><F103/><W108/><G108/><T73/><D73/><U47/><E47/><V110/><F110/><W74/><G116/><T135/><D135/><U48/><E48/><V84/><F40/><W12/><G5/><T21/><D30/><U107/><E107/><V106/><F106/><W83/><G83/><T27/><D96/><U67/><E67/><V7/><F72/><W131/><G32/><T14/><D105/><U104/><E104/><V80/><F130/><W77/><G77/><T22/><D27/><U97/><REACH who="1" step="1"/><E26/><REACH who="1" step="2"/><V86/><F43/><W11/><G131/><T18/><D70/><U120/><E120/><V8/><F38/><W127/><G127/><T39/><D69/><U115/><AGARI ba="0,1" hai="3,4,9,16,19,88,91,92,93,97,99,113,114,115" machi="115" ten="30,12000,2" yaku="1,1,0,1,9,1,54,2,53,1" doraHai="52" doraHaiUra="35" who="1" fromWho="1" sc="114,-30,302,130,143,-30,431,-60" /><INIT seed="4,0,0,0,5,46" ten="84,432,113,371" oya="0" hai0="104,129,67,85,10,54,75,132,2,106,9,21,33" hai1="43,99,110,97,48,14,72,4,84,23,128,102,124" hai2="120,117,73,20,95,15,135,8,57,59,118,69,62" hai3="25,112,126,87,64,38,82,111,55,6,92,49,80"/><T122/><D75/><U29/><E72/><V17/><F73/><W32/><G38/><T96/><D122/><U121/><E121/><V114/><F120/><W100/><G111/><T7/><D132/><U108/><E108/><V60/><F114/><W79/><G112/><T44/><D129/><U41/><E110/><V68/><F135/><W19/><G6/><T47/><D33/><U115/><E115/><V91/><F62/><W1/><G1/><T53/><D67/><U12/><E128/><V127/><F127/><W51/><G126/><T131/><D131/><U40/><E84/><V86/><F8/><W35/><G64/><T34/><D34/><U105/><E97/><V133/><F133/><W70/><G70/><T76/><D21/><U16/><E124/><V24/><F24/><W119/><G82/><T28/><D28/><U134/><E29/><V89/><F91/><W5/><G5/><T45/><D76/><U37/><E37/><V123/><F123/><W39/><G39/><T56/><D85/><U125/><E125/><V116/><REACH who="2" step="1"/><F57/><REACH who="2" step="2"/><W83/><G25/><T98/><D10/><U90/><E90/><V61/><F61/><W66/><G79/><T94/><D54/><AGARI ba="0,1" hai="15,17,20,54,59,60,68,69,86,89,95,116,117,118" machi="54" ten="40,8000,1" yaku="1,1,12,1,53,3" doraHai="46" doraHaiUra="113" who="2" fromWho="0" sc="84,-80,432,0,103,90,371,0" /><INIT seed="5,0,0,0,5,113" ten="4,432,193,371" oya="1" hai0="37,32,118,134,29,15,90,84,122,92,56,35,54" hai1="9,107,108,12,17,50,130,97,47,96,3,82,67" hai2="95,39,36,21,119,132,110,87,125,0,23,64,40" hai3="38,11,83,85,133,71,123,20,48,126,89,27,22"/><U74/><E130/><V105/><F105/><W18/><G38/><T2/><D118/><U1/><E67/><V114/><F0/><W30/><G123/><T115/><D134/><U103/><E96/><V94/><F110/><W109/><G133/><T75/><D115/><U57/><E57/><V34/><F34/><W77/><G109/><T93/><D122/><U19/><E19/><V10/><F132/><W102/><G71/><T101/><D75/><U52/><E108/><V128/><F114/><W41/><G11/><T42/><D37/><U131/><E131/><V72/><F72/><W59/><G126/><T76/><D2/><U55/><E55/><V81/><F125/><W43/><G102/><T78/><D42/><U45/><E45/><V112/><F112/><W88/><G59/><T63/><D35/><U8/><E8/><V49/><F39/><W129/><G129/><T135/><D135/><U106/><E106/><V62/><F36/><W61/><G61/><T80/><D32/><U6/><E6/><V44/><F10/><W79/><G79/><T120/><D29/><U66/><E66/><V121/><F121/><W116/><G116/><T127/><D120/><U104/><E104/><V69/><F119/><W31/><G31/><T73/><D127/><U33/><E33/><V51/><F128/><W100/><G100/><T4/><D73/><U60/><E60/><V5/><F5/><W58/><G58/><T99/><D80/><U26/><E26/><V111/><F111/><W91/><G48/><T24/><D24/><U70/><E70/><V14/><F51/><RYUUKYOKU ba="0,0" sc="4,10,432,10,193,-30,371,10" hai0="4,15,54,56,63,76,78,84,90,92,93,99,101" hai1="1,3,9,12,17,47,50,52,74,82,97,103,107" hai3="18,20,22,27,30,41,43,77,83,85,88,89,91" /><INIT seed="5,1,0,1,5,134" ten="14,442,163,381" oya="1" hai0="96,74,83,7,63,93,121,48,106,53,54,118,105" hai1="73,97,47,75,122,41,3,39,89,95,52,51,116" hai2="15,5,58,24,13,43,72,68,98,113,100,16,76" hai3="69,42,84,4,11,131,61,22,90,79,66,119,6"/><U107/><E122/><V37/><F68/><W120/><G120/><T60/><D118/><U49/><E116/><V32/><F32/><W112/><G119/><T123/><D7/><U127/><E3/><V87/><F72/><W85/><G112/><T110/><D110/><U80/><E107/><N who="0" m="40969" /><D48/><U126/><E39/><V94/><F113/><W19/><G131/><T65/><D123/><U88/><E75/><V26/><F37/><W50/><G79/><T111/><D121/><U114/><E114/><V129/><F129/><W64/><G64/><T45/><D111/><U23/><E23/><N who="2" m="11679" /><F43/><W104/><G104/><T30/><D30/><U133/><E133/><V44/><F44/><W117/><G117/><T124/><D45/><U25/><E25/><V130/><F58/><W21/><G21/><T27/><D65/><U8/><E8/><N who="2" m="4239" /><F130/><W35/><G35/><T56/><D27/><U81/><E89/><V31/><F31/><W101/><G101/><T55/><D83/><AGARI ba="1,0" hai="24,26,76,83,87,94,98,100" m="4239,11679" machi="83" ten="30,2000,0" yaku="8,1,54,1" doraHai="134" who="2" fromWho="0" sc="14,-23,442,0,163,23,381,0" owari="-9,-51,442,54,186,-21,381,18" /></mjloggm>