<mjloggm ver="2.3"><GO type="41"/><UN n0="%E3%81%8F%E3%82%8A%E3%82%85%E3%83%BC" n1="%6E%69%6E%6A%69%6E" n2="%E3%82%A6%E3%83%AB%E3%83%88%E3%83%A9%E7%AB%8B%E7%9B%B4" n3="%E3%81%A4%E3%81%8D%E3%81%AE%E3%81%AD%E3%81%93" dan="13,13,13,15" rate="1911,1827,1849,1952" sx="M,M,M,M"/><TAIKYOKU oya="0"/><INIT seed="0,0,0,2,5,106" ten="250,250,250,250" oya="0" hai0="72,29,88,105,58,40,73,36,43,23,111,22,133" hai1="69,31,76,50,110,28,107,63,79,82,96,18,95" hai2="131,47,112,114,49,109,46,64,3,34,32,115,15" hai3="65,119,41,103,17,8,4,38,59,24,129,85,84"/><T52/><D105/><U130/><E110/><V62/><F3/><W83/><G119/><T35/><D35/><U77/><E130/><V14/><F109/><W6/><G129/><T92/><D111/><U16/><E107/><V48/><F131/><W11/><G103/><T55/><D133/><U120/><E120/><V12/><F62/><W44/><G84/><T66/><D66/><U81/><E69/><V90/><F90/><W51/><G11/><T13/><D23/><U67/><E67/><V45/><REACH who="2" step="1"/><F64/><REACH who="2" step="2"/><W99/><G65/><T108/><D108/><U61/><E61/><V21/><F21/><W122/><G122/><T98/><D36/><U123/><E63/><V33/><AGARI ba="0,1" hai="12,14,15,32,33,34,45,46,47,48,49,112,114,115" machi="33" ten="50,32000,5" yakuman="40" doraHai="106" doraHaiUra="101" who="2" fromWho="2" sc="250,-160,250,-80,240,330,250,-80" /><INIT seed="1,0,0,3,1,81" ten="90,170,570,170" oya="1" hai0="104,99,84,90,60,109,5,108,119,135,70,77,28" hai1="65,107,100,7,19,24,29,97,16,64,114,66,130" hai2="72,21,121,57,111,73,133,44,52,82,20,53,6" hai3="25,43,105,112,49,126,54,103,132,125,94,36,10"/><U58/><E114/><V26/><F121/><W76/><G112/><T91/><D119/><U85/><E130/><V3/><F111/><N who="0" m="42570" /><D28/><U33/><E7/><V106/><F106/><W62/><G132/><T13/><D70/><U88/><REACH who="1" step="1"/><E58/><REACH who="1" step="2"/><V17/><F6/><W47/><G125/><T31/><D5/><U41/><E41/><V110/><F110/><W50/><G43/><T42/><D42/><U122/><E122/><V75/><F133/><W51/><G126/><T45/><D135/><U123/><E123/><V79/><F3/><W68/><G68/><T34/><D45/><U8/><E8/><V128/><F128/><W56/><G10/><T0/><D0/><U118/><E118/><V102/><F44/><W14/><G56/><T71/><D71/><U101/><E101/><V12/><F102/><W124/><G103/><T93/><D104/><U1/><E1/><V83/><F57/><W59/><G105/><T11/><D11/><U2/><E2/><V80/><F79/><W67/><G59/><T55/><D77/><U92/><AGARI ba="0,1" hai="16,19,24,29,33,64,65,66,85,88,92,97,100,107" machi="92" ten="30,12000,1" yaku="1,1,0,1,52,1,54,2,53,0" doraHai="81" doraHaiUra="4" who="1" fromWho="1" sc="90,-40,160,130,570,-40,170,-40" /><INIT seed="1,1,0,4,1,56" ten="50,290,530,130" oya="1" hai0="93,34,101,6,64,94,129,52,89,21,102,55,116" hai1="48,9,80,100,104,30,122,59,86,4,125,78,128" hai2="68,67,126,45,110,71,117,12,38,88,31,115,90" hai3="70,40,1,81,120,76,18,98,134,85,57,132,131"/><U26/><E122/><V118/><F12/><W127/><G120/><T28/><D34/><U113/><E113/><V112/><F31/><W53/><G70/><T3/><D116/><U16/><E128/><V13/><F13/><W14/><G1/><T54/><D129/><U62/><E125/><V15/><F15/><W50/><G131/><T25/><D3/><U20/><E104/><V32/><F32/><W22/><G127/><T36/><D36/><U124/><E100/><V83/><F126/><W10/><G98/><T121/><D6/><U97/><E97/><V27/><F27/><W72/><G72/><T0/><D0/><U87/><E124/><V11/><F11/><W79/><G40/><T44/><D121/><U42/><E30/><V47/><F83/><W130/><G130/><T84/><D64/><N who="1" m="39007" /><E9/><V29/><F29/><W99/><G99/><T111/><D111/><U123/><E123/><V37/><F67/><W49/><G76/><T91/><REACH who="0" step="1"/><D44/><REACH who="0" step="2"/><N who="1" m="25623" /><E4/><V35/><F35/><W24/><G132/><T82/><D82/><U133/><E133/><V75/><F110/><W23/><G134/><T39/><D39/><U41/><E41/><V51/><F38/><W96/><G10/><T58/><D58/><U46/><E46/><V74/><F37/><W19/><G57/><T66/><D66/><U108/><E108/><V92/><F51/><W69/><G49/><T119/><D119/><U95/><E95/><AGARI ba="1,1" hai="45,47,68,71,74,75,88,90,92,95,112,115,117,118" machi="95" ten="25,3200,0" yaku="22,2,54,1" doraHai="56" who="2" fromWho="1" sc="40,0,290,-35,530,45,130,0" /><INIT seed="2,0,0,0,4,10" ten="40,255,575,130" oya="2" hai0="133,66,75,48,54,2,28,1,96,12,62,97,35" hai1="19,85,24,15,93,4,76,20,6,89,81,11,92" hai2="87,102,108,119,29,127,53,103,86,9,43,50,18" hai3="91,129,132,23,134,30,104,3,63,135,61,55,68"/><V52/><F119/><W69/><G129/><T56/><D75/><U26/><E93/><V126/><F29/><W31/><G3/><T65/><D2/><U105/><E105/><V112/><F112/><W39/><G39/><T70/><D1/><U22/><E26/><V42/><F108/><W73/><G73/><T95/><D133/><U37/><E37/><V36/><F36/><W130/><G104/><T21/><D35/><U80/><E80/><V107/><F107/><W114/><G114/><T98/><D66/><U49/><E22/><V110/><F110/><W77/><G77/><T101/><D28/><N who="3" m="10793" /><G130/><T123/><D123/><U46/><E24/><V99/><F99/><W88/><G23/><T83/><REACH who="0" step="1"/><D83/><REACH who="0" step="2"/><U116/><E116/><V113/><F113/><W131/><G131/><T74/><D74/><U14/><E81/><V60/><F126/><W0/><G0/><T84/><D84/><U111/><E76/><V121/><F127/><W16/><G16/><AGARI ba="0,1" hai="12,16,21,48,54,56,62,65,70,95,96,97,98,101" machi="16" ten="40,5200,0" yaku="1,1,52,1,54,1,53,0" doraHai="10" doraHaiUra="124" who="0" fromWho="3" sc="30,62,255,0,575,0,130,-52" /><INIT seed="3,0,0,2,4,91" ten="92,255,575,78" oya="3" hai0="4,96,109,95,111,82,68,12,118,131,21,85,13" hai1="70,9,76,92,77,97,27,66,69,49,0,79,38" hai2="1,116,90,15,121,122,19,123,75,87,11,39,24" hai3="23,119,110,40,124,22,107,45,18,72,126,101,100"/><W71/><G119/><T17/><D68/><U133/><E38/><V41/><F75/><W93/><G72/><T89/><D118/><U134/><E27/><V28/><F1/><W99/><G71/><T129/><D4/><U20/><E20/><V55/><F55/><W44/><G110/><N who="0" m="41995" /><D12/><U58/><E0/><V128/><F128/><W67/><G67/><T10/><D10/><U106/><E9/><V64/><F64/><W132/><G132/><N who="1" m="50794" /><E106/><V73/><F73/><W104/><G100/><AGARI ba="0,0" hai="13,17,21,82,85,89,95,96,100,129,131" m="41995" machi="100" ten="30,2000,0" yaku="14,1,52,1" doraHai="91" who="0" fromWho="3" sc="92,20,255,0,575,0,78,-20" /><INIT seed="4,0,0,0,5,89" ten="112,255,575,58" oya="0" hai0="24,49,10,41,5,3,107,69,91,105,92,15,81" hai1="94,88,29,17,11,123,38,95,71,50,101,120,130" hai2="33,83,26,51,47,4,30,58,28,34,124,16,90" hai3="121,70,112,18,133,87,6,72,102,75,23,7,129"/><T27/><D69/><U2/><E38/><V111/><F111/><W19/><G70/><T62/><D107/><U77/><E71/><V54/><F4/><W37/><G37/><T73/><D105/><U42/><E29/><V68/><F68/><W79/><G121/><T117/><D117/><U12/><E77/><V44/><F124/><W98/><G133/><T0/><D3/><U122/><E2/><V97/><F16/><W52/><G129/><T76/><D62/><U61/><E61/><V104/><F104/><W20/><G87/><T22/><D0/><U108/><E108/><V67/><F67/><W65/><G65/><T48/><D41/><U57/><E130/><V63/><F63/><W45/><G45/><T40/><D40/><U8/><E8/><V82/><F82/><W132/><G98/><T118/><D27/><U35/><E35/><V46/><F83/><W31/><G79/><T39/><D39/><U106/><E106/><V78/><F78/><W127/><G127/><T14/><D15/><U100/><E100/><V126/><F126/><W60/><G60/><T110/><D110/><U25/><E25/><V103/><F103/><W116/><G102/><T113/><D113/><U85/><E123/><V119/><F119/><W86/><G112/><T93/><D118/><U84/><E101/><V99/><F90/><W36/><G116/><T53/><D91/><U125/><E125/><V135/><F135/><W134/><G36/><T32/><D32/><U114/><E114/><V13/><F13/><W55/><G31/><N who="0" m="17815" /><D48/><U66/><E122/><V1/><F1/><RYUUKYOKU ba="0,0" sc="112,10,255,-30,575,10,58,10" hai0="5,10,14,49,53,73,76,81,92,93" hai2="26,28,30,33,34,44,46,47,51,54,58,97,99" hai3="6,7,18,19,20,23,52,55,72,75,86,132,134" /><INIT seed="4,1,0,0,4,123" ten="122,225,585,68" oya="0" hai0="112,47,109,43,4,114,14,62,13,108,63,70,23" hai1="94,102,28,22,93,125,24,31,76,10,57,0,2" hai2="100,80,74,11,97,34,65,110,21,27,1,69,51" hai3="78,67,130,84,20,115,17,118,98,48,73,30,85"/><T37/><D4/><U82/><E125/><V39/><F51/><W117/><G115/><N who="0" m="44075" /><D23/><U126/><E126/><V89/><F89/><W91/><G130/><T8/><D13/><U72/><E31/><V68/><F21/><W121/><G121/><T86/><D86/><U116/><E116/><V134/><F39/><W25/><G30/><T99/><D14/><U129/><E129/><V107/><F134/><W3/><G3/><T35/><D35/><U131/><E131/><V106/><F106/><W26/><G84/><T16/><D8/><U44/><E44/><V56/><F56/><W7/><G85/><T19/><D99/><U52/><E102/><V96/><F96/><W120/><G98/><T29/><D29/><U49/><REACH who="1" step="1"/><E10/><REACH who="1" step="2"/><V5/><F34/><W15/><G118/><T32/><D32/><U50/><E50/><V33/><F33/><W124/><G117/><T41/><D70/><U127/><E127/><V122/><F122/><W83/><G120/><T60/><D43/><U132/><E132/><V36/><F68/><W18/><G124/><T45/><D45/><U59/><E59/><V101/><F101/><W40/><G40/><T46/><D46/><U95/><AGARI ba="1,1" hai="0,2,22,24,28,49,52,57,72,76,82,93,94,95" machi="95" ten="30,7900,0" yaku="1,1,0,1,54,1,53,1" doraHai="123" doraHaiUra="77" who="1" fromWho="1" sc="122,-40,215,92,585,-21,68,-21" /><INIT seed="5,0,0,2,1,134" ten="82,307,564,47" oya="1" hai0="78,59,63,51,111,127,114,90,52,15,96,109,23" hai1="93,98,135,37,58,41,49,79,106,80,129,101,122" hai2="42,62,131,34,83,97,117,54,105,108,112,130,20" hai3="76,85,99,84,24,92,6,30,50,65,70,48,133"/><U26/><E135/><V18/><F34/><W66/><G133/><T40/><D78/><U13/><E122/><V81/><F117/><W121/><G121/><T11/><D114/><U22/><E129/><N who="2" m="49163" /><F42/><W116/><G6/><T8/><D111/><U115/><E115/><V74/><F74/><W103/><G116/><T60/><D109/><U46/><E13/><V126/><F126/><W119/><G119/><T61/><D127/><U21/><E106/><V32/><F32/><W124/><G124/><T56/><D40/><U0/><E0/><V35/><F35/><W72/><G72/><T89/><D90/><U44/><E58/><N who="2" m="35159" /><F112/><W118/><G118/><T73/><D73/><U5/><E5/><V110/><F83/><W75/><G75/><T19/><D59/><U7/><E7/><V14/><F81/><W77/><G70/><T95/><AGARI ba="0,0" hai="8,11,15,19,23,51,52,56,60,61,63,89,95,96" machi="95" ten="30,4000,0" yaku="0,1,8,1,54,1" doraHai="134" who="0" fromWho="0" sc="82,40,307,-20,564,-10,47,-10" /><INIT seed="6,0,0,3,3,46" ten="122,287,554,37" oya="2" hai0="23,76,17,123,65,72,77,102,135,92,0,130,47" hai1="33,82,115,22,118,108,5,52,79,93,90,66,100" hai2="58,40,97,75,45,80,94,24,120,21,74,53,84" hai3="32,134,26,14,63,104,25,50,125,1,43,85,10"/><V3/><F3/><W31/><G104/><T107/><D123/><U117/><E108/><V30/><F75/><W119/><G119/><T114/><D107/><U88/><E33/><V121/><F74/><W20/><G134/><T124/><D0/><U81/><E5/><V103/><F45/><W7/><G63/><T28/><D28/><U133/><E66/><V34/><F40/><W19/><G125/><T127/><D65/><U38/><E38/><V6/><F6/><W73/><G73/><T29/><D29/><U95/><E133/><V131/><F34/><W110/><G110/><T11/><D135/><U86/><E115/><V64/><F131/><W48/><G43/><T35/><D35/><U67/><E67/><V39/><F39/><W91/><G26/><T12/><D114/><U42/><E42/><V96/><F96/><W15/><REACH who="3" step="1"/><G14/><REACH who="3" step="2"/><T126/><D72/><U27/><E118/><V89/><F64/><W111/><G111/><T51/><D130/><U61/><E117/><V113/><F113/><W122/><G122/><T128/><D128/><U60/><E60/><AGARI ba="0,1" hai="21,24,30,53,58,60,80,84,89,94,97,103,120,121" machi="60" ten="30,1500,0" yaku="7,1" doraHai="46" who="2" fromWho="1" sc="122,0,287,-15,554,25,27,0" /><INIT seed="6,1,0,4,4,9" ten="122,272,579,27" oya="2" hai0="94,26,44,72,76,24,42,77,69,38,1,64,123" hai1="25,82,28,35,45,134,22,90,132,125,71,95,105" hai2="103,135,17,3,98,5,34,56,112,74,37,46,6" hai3="49,129,66,59,99,39,81,117,126,4,16,122,118"/><V87/><F74/><W88/><G122/><T83/><D1/><U18/><E105/><V62/><F34/><W113/><G39/><T111/><D123/><U97/><E71/><V7/><F3/><W54/><G129/><T10/><D111/><U33/><E125/><V108/><F108/><W47/><G126/><T116/><D116/><U2/><E2/><V12/><F46/><W19/><G4/><T29/><D94/><U61/><E82/><V102/><F37/><W50/><G118/><T58/><D58/><U41/><E61/><V89/><F98/><W68/><G68/><T36/><D76/><U96/><E96/><V86/><F112/><W67/><G113/><T65/><D65/><N who="3" m="24585" /><G117/><T93/><D93/><U131/><E131/><V100/><F89/><W121/><G121/><T21/><D38/><U63/><E63/><V91/><F135/><N who="1" m="51753" /><E28/><V13/><F17/><W92/><G81/><T30/><D10/><U110/><E110/><V78/><F78/><W124/><G124/><T119/><D119/><U20/><E20/><V115/><F115/><W8/><G8/><T73/><D72/><U60/><E60/><V23/><F23/><W133/><G133/><T114/><D114/><U109/><E109/><V52/><F87/><W107/><G107/><T55/><D69/><U48/><AGARI ba="1,0" hai="18,22,25,33,35,41,45,48,90,95,97" m="51753" machi="48" ten="30,1100,0" yaku="20,1" doraHai="9" who="1" fromWho="1" sc="122,-4,272,14,579,-6,27,-4" /><INIT seed="7,0,0,1,5,48" ten="118,286,573,23" oya="3" hai0="72,39,99,29,76,70,119,10,109,63,36,53,105" hai1="30,73,23,59,103,14,6,81,104,44,58,118,55" hai2="102,64,62,90,46,2,9,87,71,96,42,115,69" hai3="25,40,85,26,133,43,24,114,123,19,45,8,110"/><W89/><G123/><T50/><D119/><U7/><E118/><V0/><F71/><W51/><G133/><T47/><D109/><U100/><E104/><V52/><F9/><W22/><G110/><T97/><D72/><U32/><E32/><V34/><F34/><W27/><G114/><T1/><D76/><U16/><E73/><V35/><F52/><W111/><G111/><T82/><D82/><U131/><E81/><V74/><F74/><W57/><G57/><T91/><D97/><U38/><E38/><V129/><F35/><W86/><G43/><T88/><D29/><U113/><E131/><V11/><F11/><W83/><G8/><T31/><D31/><U13/><E113/><V28/><F28/><W126/><G126/><T80/><D91/><U54/><E44/><V33/><F33/><W134/><G134/><T4/><D70/><U41/><E41/><V107/><F129/><W108/><G108/><T49/><D63/><N who="1" m="36311" /><E30/><V94/><F115/><W37/><G37/><AGARI ba="0,0" hai="0,2,37,42,46,62,64,69,87,90,94,96,102,107" machi="37" ten="30,1000,0" yaku="7,1" doraHai="48" who="2" fromWho="3" sc="118,0,286,0,573,10,23,-10" owari="118,-28,286,9,583,68,13,-49" /></mjloggm>