<mjloggm ver="2.3"><GO type="1"/><UN n0="%E3%82%A6%E3%83%AB%E3%83%88%E3%83%A9%E7%AB%8B%E7%9B%B4" n1="%E5%A4%A7%E5%A3%B0%E9%9F%B3" n2="%6B%65%69%74%68" n3="%E3%81%8A%E3%81%AF%E3%81%8E%E3%81%86%E3%82%81%E3%81%88" dan="3,7,11,2" rate="1556,1558,1530,1260" sx="M,M,M,M"/><TAIKYOKU oya="0"/><INIT seed="0,0,0,1,4,74" ten="250,250,250,250" oya="0" hai0="5,86,11,60,15,65,26,12,114,132,109,34,24" hai1="66,130,8,106,68,67,7,42,121,1,44,116,4" hai2="46,93,6,113,135,98,78,120,104,80,125,14,30" hai3="38,17,131,51,75,77,10,90,118,92,56,112,133" shuffle="mt19937ar,B0C74B30,8C96254B,256F29F4,1E394610,3DA7DCD5,870B8955,4741E1B3,570137B1"/><T82/><D114/><U119/><E121/><V13/><F120/><W115/><G118/><T134/><D109/><U18/><E67/><V73/><F113/><W55/><G115/><T57/><D34/><U103/><E18/><V48/><F104/><W126/><G112/><T45/><D134/><U129/><E7/><V16/><F30/><W76/><G75/><T47/><D132/><U40/><E42/><V95/><F135/><W20/><G133/><T2/><D2/><U102/><E103/><V91/><F125/><W97/><G10/><T41/><D15/><U127/><E127/><V83/><F83/><W87/><G97/><T100/><D100/><U28/><E28/><V85/><F6/><W69/><G126/><T37/><REACH who="0" step="1"/><D45/><REACH who="0" step="2"/><U88/><E102/><V99/><F13/><W39/><G131/><T23/><D23/><U84/><E106/><V59/><F59/><W31/><G31/><T101/><D101/><U0/><E0/><V62/><F95/><W70/><G70/><T21/><D21/><U117/><E44/><V124/><F124/><W128/><G128/><T58/><D58/><U50/><E68/><V81/><F81/><W49/><G69/><T123/><D123/><U32/><E32/><V52/><F62/><W110/><G110/><T25/><D25/><U111/><E111/><V53/><F53/><W36/><G49/><T9/><D9/><AGARI ba="0,1" hai="9,14,16,46,48,52,73,78,80,85,91,93,98,99" machi="9" ten="30,7700,0" yaku="7,1,52,1,54,2" doraHai="74" who="2" fromWho="0" sc="240,-77,250,0,250,87,250,0" /><INIT seed="1,0,0,4,2,65" ten="163,250,337,250" oya="1" hai0="60,102,35,128,117,86,8,82,77,58,30,6,5" hai1="72,88,132,40,129,49,100,33,79,61,50,45,109" hai2="29,122,94,44,32,78,90,43,103,104,120,116,83" hai3="64,108,127,17,93,38,54,27,106,92,31,81,12" shuffle="mt19937ar,1B2CFE46,42DB5299,85D9C72B,86B2EF56,0202E9C5,BF8BD3B9,C6869D4B,E0323A7F"/><U39/><E33/><V121/><F90/><W85/><G106/><T123/><D117/><U23/><E132/><V57/><F94/><W55/><G38/><T53/><D123/><U119/><E119/><V97/><F57/><W13/><G127/><T68/><D128/><U113/><E113/><V118/><F43/><W11/><G13/><T25/><D102/><U115/><E115/><V112/><F44/><W10/><G10/><T7/><REACH who="0" step="1"/><D8/><REACH who="0" step="2"/><U37/><E129/><V3/><F112/><W73/><G73/><T135/><D135/><U126/><E72/><N who="2" m="43463" /><F3/><W76/><G108/><T34/><D34/><U1/><E109/><V41/><F41/><W16/><G64/><T69/><AGARI ba="0,1" hai="5,6,7,25,30,35,53,58,60,68,69,77,82,86" machi="69" ten="30,7900,0" yaku="1,1,0,1,52,2,53,0" doraHai="65" doraHaiUra="4" who="0" fromWho="0" sc="153,89,250,-39,337,-20,250,-20" /><INIT seed="2,0,0,0,0,1" ten="242,211,317,230" oya="2" hai0="94,110,49,85,79,115,67,98,129,88,38,134,121" hai1="20,23,108,80,68,22,6,10,54,96,101,40,97" hai2="43,78,29,3,93,21,42,39,112,34,12,51,126" hai3="69,18,132,120,11,0,113,63,15,55,41,16,53" shuffle="mt19937ar,93FE0315,798C4253,F6AF89E8,E48608BF,EE9C7789,3A14BACB,6515111F,010CCDA5"/><V86/><F112/><W116/><G120/><T64/><D38/><U92/><E68/><V37/><F3/><W47/><G116/><T7/><D121/><U72/><E108/><V104/><F104/><W61/><G132/><T91/><D115/><U35/><E35/><V48/><F34/><W74/><G74/><T90/><D134/><U56/><E40/><V131/><F126/><W130/><G130/><T5/><D129/><U62/><E72/><V125/><F131/><W65/><G113/><T111/><D49/><U28/><E80/><V114/><F114/><W14/><G61/><T135/><D135/><U76/><E76/><V106/><F106/><W33/><G33/><T133/><D133/><U57/><E28/><V71/><F125/><W109/><G109/><N who="0" m="41483" /><D79/><U102/><E62/><V122/><F71/><W95/><G95/><N who="0" m="54671" /><D90/><U100/><E54/><V2/><F2/><W124/><G124/><T36/><D36/><U103/><E92/><V32/><F32/><W89/><G89/><T24/><D24/><U105/><N who="1" m="26112" /><DORA hai="77" /><U107/><E6/><AGARI ba="0,0" hai="5,6,7,64,67,91,94,98" m="54671,41483" machi="6" ten="30,8000,1" yaku="14,1,52,3,54,1" doraHai="1,77" who="0" fromWho="1" sc="242,80,211,-80,317,0,230,0" /><INIT seed="3,0,0,4,3,55" ten="322,131,317,230" oya="3" hai0="122,130,47,88,58,65,74,93,112,33,3,92,89" hai1="1,27,117,132,37,127,115,135,77,50,51,52,106" hai2="91,114,4,110,35,111,81,87,61,15,19,71,32" hai3="10,21,60,98,57,22,44,128,102,123,118,103,36" shuffle="mt19937ar,6D55C985,FE8AD5D1,CE5B9DCB,5EDAE81C,8437068A,D4F78865,95E6C996,A6A4E0F6"/><W56/><G123/><T73/><D3/><U104/><E77/><V43/><F114/><W133/><G118/><T23/><D33/><U7/><E37/><V17/><F43/><W67/><G133/><T124/><D122/><U121/><E121/><V11/><F35/><W84/><G84/><T62/><D124/><U83/><E83/><V97/><F32/><W0/><G128/><T108/><D108/><N who="2" m="41514" /><F97/><W6/><G102/><T69/><D112/><U90/><E1/><V125/><F125/><W40/><G57/><T82/><D130/><U95/><E7/><V25/><F25/><W72/><REACH who="3" step="1"/><G72/><REACH who="3" step="2"/><T129/><D129/><U86/><E117/><V107/><F107/><AGARI ba="0,1" hai="0,6,10,21,22,36,40,44,56,60,67,98,103,107" machi="107" ten="30,12000,1" yaku="1,1,2,1,7,1,52,1,53,1" doraHai="55" doraHaiUra="101" who="3" fromWho="2" sc="322,0,131,0,317,-120,220,130" owari="322,7,131,-27,197,-15,350,35" /></mjloggm>