<mjloggm ver="2.3"><GO type="9"/><UN n0="%74%68%65%43%75%72%65" n1="%6D%65%72%6D%61%69%64" n2="%E3%82%A6%E3%83%AB%E3%83%88%E3%83%A9%E7%AB%8B%E7%9B%B4" n3="%74%65%68%65%68%65" dan="12,1,3,0" rate="1642,1382,1563,1500" sx="M,M,M,M"/><TAIKYOKU oya="0"/><INIT seed="0,0,0,0,2,128" ten="250,250,250,250" oya="0" hai0="108,116,130,47,66,100,62,34,33,117,118,50,55" hai1="61,94,110,85,38,25,46,109,2,124,41,7,105" hai2="30,49,90,60,29,115,127,71,99,23,79,86,15" hai3="76,3,27,101,69,112,9,121,87,89,54,126,63" shuffle="mt19937ar,EF1698B7,AE02DB4E,F20BEAAB,9F986D35,591E7409,82392743,3F18828B,0638CEEE"/><T45/><D100/><U129/><E61/><V57/><F71/><W17/><G121/><T98/><D98/><U106/><E124/><V70/><F70/><W35/><G112/><T56/><D130/><U67/><E129/><V133/><F115/><W102/><G126/><T43/><D108/><N who="1" m="41579" /><E25/><V92/><F127/><W24/><G76/><T80/><REACH who="0" step="1"/><D80/><REACH who="0" step="2"/><U39/><E67/><V18/><F99/><W64/><G102/><T48/><AGARI ba="0,1" hai="33,34,43,45,47,48,50,55,56,62,66,116,117,118" machi="48" ten="40,7800,0" yaku="1,1,2,1,0,1,53,0" doraHai="128" doraHaiUra="93" who="0" fromWho="0" sc="240,88,250,-26,250,-26,250,-26" /><INIT seed="0,1,0,3,3,84" ten="328,224,224,224" oya="0" hai0="17,127,10,112,90,60,44,14,25,123,55,114,49" hai1="89,50,106,97,31,12,59,71,39,107,0,69,124" hai2="16,63,104,35,74,22,94,21,20,15,131,52,2" hai3="103,58,121,9,7,43,45,27,108,33,62,100,19" shuffle="mt19937ar,5ED5CC53,F2EF312A,75E828B6,81AF9AD8,12A47675,EFC33B8E,FF21FB4E,5A96C5FF"/><T24/><D123/><U57/><E39/><V102/><F104/><W91/><G121/><T132/><D132/><U80/><E124/><V88/><F74/><W13/><G108/><T41/><D127/><U54/><E57/><N who="2" m="35239" /><F35/><W115/><G115/><T8/><D114/><U6/><E31/><V42/><F2/><W93/><G33/><T1/><D1/><U122/><E122/><V66/><F131/><W111/><G111/><T75/><D75/><U30/><E30/><V26/><F42/><W87/><G27/><T32/><D32/><U117/><E117/><V56/><F102/><W128/><G7/><T129/><D129/><U92/><E80/><V82/><F82/><W134/><G128/><T5/><D112/><U23/><E23/><V36/><F36/><W28/><G28/><T65/><D90/><U83/><E83/><V77/><F77/><W11/><G11/><T73/><D73/><U133/><E133/><V47/><F47/><W113/><G113/><T116/><D116/><U29/><E29/><V130/><F130/><W118/><G118/><T72/><D72/><U86/><E12/><V126/><F126/><W135/><G135/><T99/><D99/><U70/><REACH who="1" step="1"/><E97/><REACH who="1" step="2"/><N who="2" m="57543" /><F26/><W76/><G134/><T38/><D10/><AGARI ba="1,1" hai="0,6,10,50,54,59,69,70,71,86,89,92,106,107" machi="10" ten="40,2600,0" yaku="1,1,52,1,53,0" doraHai="84" doraHaiUra="119" who="1" fromWho="0" sc="328,-29,214,39,224,0,224,0" /><INIT seed="1,0,0,3,0,17" ten="299,253,224,224" oya="1" hai0="32,98,25,14,27,53,106,28,91,96,21,75,2" hai1="111,80,78,125,103,35,66,118,84,31,61,101,70" hai2="48,87,8,37,34,115,57,68,22,82,56,119,43" hai3="120,9,30,95,71,88,127,6,129,50,133,100,77" shuffle="mt19937ar,9CE26639,7C0C0357,1BA34BF9,C4013DDC,F615F576,304D885B,B5EF0706,A0C94B71"/><U67/><E125/><V1/><F68/><W5/><G120/><T20/><D75/><U64/><E118/><V92/><F34/><W49/><G71/><T63/><D2/><U114/><E114/><V4/><F119/><W69/><G69/><T52/><D98/><U41/><E41/><V7/><F37/><W108/><G108/><T89/><D106/><U97/><E111/><V26/><F4/><W105/><G133/><T123/><D32/><U0/><E0/><V51/><F92/><W124/><G129/><T39/><D39/><U93/><REACH who="1" step="1"/><E101/><REACH who="1" step="2"/><V62/><F115/><W131/><G131/><T113/><D123/><U85/><E85/><V19/><F43/><W86/><G100/><T58/><D113/><U107/><E107/><V94/><F94/><W81/><G105/><T13/><D96/><U65/><E65/><V116/><F116/><W121/><G121/><T117/><D117/><U59/><E59/><V99/><F99/><W44/><G127/><T90/><REACH who="0" step="1"/><D53/><REACH who="0" step="2"/><U122/><E122/><V12/><F1/><W132/><G124/><T10/><D10/><U45/><E45/><V109/><F109/><W104/><G132/><T55/><D55/><U128/><E128/><V60/><F57/><W135/><G9/><T47/><D47/><U76/><E76/><N who="2" m="46535" /><F56/><W72/><G135/><T83/><D83/><U29/><E29/><AGARI ba="0,2" hai="13,14,20,21,25,27,28,29,52,58,63,89,90,91" machi="29" ten="40,12000,2" yaku="1,1,9,1,8,1,52,2,54,1,53,0" doraHai="17" doraHaiUra="3" who="0" fromWho="1" sc="289,140,243,-120,224,0,224,0" /><INIT seed="2,0,0,3,3,47" ten="429,123,224,224" oya="2" hai0="123,65,108,124,121,26,45,1,83,44,70,114,120" hai1="115,55,14,28,113,84,95,119,60,10,11,9,92" hai2="23,74,42,57,35,129,107,16,122,72,5,99,32" hai3="39,27,93,48,111,17,2,96,101,43,110,22,69" shuffle="mt19937ar,7D0568B9,E67451EF,0F2AB824,249C6C3A,AD36108E,7DB511D7,5022BAED,AC1CE895"/><V29/><F122/><W76/><G39/><T59/><D83/><U58/><E28/><V19/><F5/><W24/><G2/><T135/><D26/><U54/><E119/><V36/><F129/><W49/><G69/><T102/><D102/><U56/><E14/><V25/><F36/><W79/><G43/><T81/><D81/><U98/><E84/><V33/><F42/><W6/><G6/><T112/><D1/><U4/><E4/><V13/><F107/><W8/><G8/><T86/><D86/><U30/><E30/><V109/><F99/><W71/><G71/><T15/><D15/><U87/><E87/><V80/><F109/><N who="3" m="41483" /><G27/><T100/><D100/><U78/><E78/><AGARI ba="0,0" hai="17,22,24,48,49,76,78,79,93,96,101" m="41483" machi="78" ten="30,3900,0" yaku="14,1,52,2" doraHai="47" who="3" fromWho="1" sc="429,0,123,-39,224,0,224,39" /><INIT seed="3,0,0,4,4,4" ten="429,84,224,263" oya="3" hai0="64,121,46,6,11,29,82,49,96,25,68,135,5" hai1="54,10,16,71,39,61,14,130,27,118,1,75,33" hai2="67,70,83,115,2,77,45,97,110,8,134,117,66" hai3="106,20,102,32,109,50,38,35,36,42,34,90,63" shuffle="mt19937ar,DA1150AD,19FFCF3D,4683F86B,C6C50A31,006A426E,C5DF335D,966DD8D8,E59DFC32"/><W92/><G109/><T15/><D121/><U93/><E1/><V18/><F67/><W129/><G129/><T114/><D135/><U23/><E33/><V131/><F18/><W98/><G63/><T86/><D114/><U31/><E39/><V9/><F97/><W124/><G124/><T119/><D96/><U0/><E75/><V65/><F65/><W72/><G72/><T73/><D64/><U128/><E118/><V21/><F21/><W37/><G20/><N who="0" m="15527" /><D68/><U132/><E132/><V107/><F9/><W126/><G126/><T125/><D73/><U76/><E76/><V80/><F8/><W17/><G17/><N who="0" m="8447" /><D119/><U122/><E122/><V74/><F66/><W87/><REACH who="3" step="1"/><G50/><REACH who="3" step="2"/><T101/><D125/><U112/><E112/><V24/><F77/><W26/><G26/><T113/><D113/><U58/><E71/><V28/><F24/><W51/><G51/><T88/><D101/><U19/><E93/><V78/><F78/><W53/><G53/><AGARI ba="0,1" hai="5,6,46,49,53,82,86,88" m="8447,15527" machi="53" ten="30,7700,0" yaku="25,1,8,1,52,1,54,1" doraHai="4" who="0" fromWho="3" sc="429,87,84,0,224,0,253,-77" /><INIT seed="4,0,0,0,3,107" ten="516,84,224,176" oya="0" hai0="129,95,33,8,28,32,73,67,37,13,71,29,88" hai1="76,135,99,68,9,5,15,0,47,97,60,16,27" hai2="90,69,2,92,7,53,78,56,77,72,52,96,38" hai3="64,50,111,120,24,14,61,94,106,101,17,118,87" shuffle="mt19937ar,B1829C47,DCD04872,D3402D03,3244B6A9,543AF27D,D96EF6CC,FAE7F5E1,81C36704"/><T115/><D73/><U58/><E68/><V89/><F69/><W124/><G118/><T112/><D37/><U121/><E47/><V82/><F38/><W46/><G111/><T20/><D67/><U91/><E76/><V36/><F36/><W1/><G120/><T128/><D71/><U55/><E121/><V30/><F30/><N who="0" m="11882" /><D88/><U25/><E135/><V49/><F78/><W57/><G24/><T41/><D95/><U122/><E122/><V123/><F123/><W42/><G1/><T63/><D63/><U26/><REACH who="1" step="1"/><E91/><REACH who="1" step="2"/><V103/><F89/><W3/><G124/><T62/><D41/><U119/><E119/><V40/><F90/><W39/><G3/><T54/><D62/><U133/><E133/><V10/><REACH who="2" step="1"/><F56/><REACH who="2" step="2"/><W59/><G59/><T127/><D127/><U85/><E85/><V22/><F22/><AGARI ba="0,2" hai="0,5,9,15,16,22,25,26,27,55,58,60,97,99" machi="22" ten="40,2600,0" yaku="1,1,54,1,53,0" doraHai="107" doraHaiUra="113" who="1" fromWho="2" sc="516,0,74,46,214,-26,176,0" /><INIT seed="5,0,0,5,5,31" ten="516,120,188,176" oya="1" hai0="72,19,58,9,127,27,35,64,66,23,104,8,112" hai1="80,56,17,92,25,20,79,67,75,57,117,21,76" hai2="36,120,34,39,109,111,96,100,3,16,69,85,61" hai3="12,10,107,91,102,70,134,73,59,106,115,87,77" shuffle="mt19937ar,D989FB0B,FA38E551,10A1DC6A,D7D222F0,669BE954,35F28E1C,FD42D30D,B38FD601"/><U54/><E67/><V114/><F85/><W128/><G70/><T32/><D104/><N who="3" m="39977" /><G59/><T4/><D72/><U5/><E5/><V98/><F61/><W47/><G10/><T50/><D127/><U14/><E92/><V78/><F69/><W42/><G12/><T74/><D74/><U110/><E117/><V71/><F71/><W49/><G47/><T55/><D112/><U1/><E1/><V62/><F114/><W113/><G49/><T26/><D26/><U28/><E79/><V97/><F62/><W105/><G42/><T6/><D9/><U15/><E110/><V130/><F16/><W103/><G134/><T123/><D123/><U24/><REACH who="1" step="1"/><E56/><REACH who="1" step="2"/><V81/><F120/><W45/><G128/><T101/><D66/><U86/><E86/><V126/><F130/><W13/><G45/><T43/><D64/><U40/><E40/><V68/><F3/><W88/><G13/><T0/><D43/><U29/><E29/><V93/><F111/><W135/><G135/><T131/><D131/><U89/><E89/><N who="3" m="34378" /><G105/><T118/><D118/><U22/><E22/><V52/><F109/><W37/><G37/><T133/><D133/><U48/><AGARI ba="0,1" hai="14,15,17,20,21,24,25,28,48,54,57,75,76,80" machi="48" ten="20,7800,0" yaku="1,1,0,1,7,1,53,1" doraHai="31" doraHaiUra="53" who="1" fromWho="1" sc="516,-26,110,88,188,-26,176,-26" /><INIT seed="5,1,0,4,2,14" ten="490,198,162,150" oya="1" hai0="78,89,87,53,70,15,68,22,117,61,59,73,48" hai1="56,5,135,85,9,55,7,65,28,86,90,107,10" hai2="93,12,21,39,27,45,40,71,69,127,25,132,133" hai3="66,124,72,103,92,114,36,47,88,35,41,113,18" shuffle="mt19937ar,540237F0,A9C112A9,FDF21641,7C6AF7FE,34E22B04,C914C539,84CFD75F,F9C1B0A8"/><U125/><E107/><V16/><F93/><W111/><G72/><T84/><D117/><U105/><E86/><V67/><F127/><W23/><G111/><T2/><D73/><U91/><E105/><V112/><F112/><W79/><G35/><T74/><D2/><U29/><E125/><V77/><F77/><W130/><G124/><T75/><D75/><U121/><E65/><V120/><F120/><W49/><G130/><T50/><D74/><U110/><E121/><V4/><F67/><W128/><G128/><T118/><D118/><U97/><E110/><V3/><F3/><W106/><G66/><T54/><D70/><U1/><E135/><N who="2" m="51787" /><F4/><W62/><G62/><T32/><D32/><U30/><E97/><V19/><F27/><W60/><G60/><T46/><D68/><U31/><N who="1" m="7680" /><DORA hai="51" /><U102/><E102/><V100/><F100/><W52/><G79/><T119/><D119/><U11/><E90/><V122/><F122/><W33/><G33/><T95/><D78/><U83/><REACH who="1" step="1"/><E1/><REACH who="1" step="2"/><V123/><F123/><W108/><G108/><T57/><D84/><U126/><E126/><V13/><F13/><W82/><G103/><T34/><D34/><U76/><E76/><V131/><F131/><W58/><G106/><T24/><D15/><U8/><N who="1" m="2560" /><DORA hai="101" /><U134/><E134/><V104/><F104/><W80/><G114/><T115/><D115/><U109/><E109/><V38/><F38/><W63/><G113/><T64/><D64/><U0/><E0/><V17/><F12/><N who="3" m="9671" /><G36/><T37/><D37/><U96/><E96/><AGARI ba="1,1" hai="41,47,49,52,58,63,80,82,88,92,96" m="9671" machi="96" ten="30,8000,1" yaku="8,1,52,2,54,2" doraHai="14,51,101" who="3" fromWho="1" sc="490,0,188,-83,162,0,150,93" /><INIT seed="6,0,0,1,3,77" ten="490,105,162,243" oya="2" hai0="32,41,11,18,40,35,30,79,83,21,78,119,120" hai1="135,24,37,99,106,14,88,17,10,129,46,56,107" hai2="70,65,125,126,54,113,132,73,112,102,22,2,100" hai3="28,121,5,115,26,92,47,12,15,13,82,80,16" shuffle="mt19937ar,84C05013,D751BB08,BE2D0674,326B3C89,5F650F60,D8AB0944,36B0ACB3,F3D61130"/><V116/><F2/><W130/><G121/><T97/><D120/><U6/><E37/><V118/><F65/><W53/><G115/><BYE who="1" /><N who="2" m="44105" /><F70/><W133/><G133/><T95/><D35/><U89/><E89/><V57/><F22/><W66/><G130/><T43/><D32/><U60/><E60/><V61/><F73/><W4/><G28/><T52/><D119/><N who="2" m="45610" /><F132/><W68/><G68/><T111/><D111/><U72/><E72/><V114/><N who="2" m="44113" /><V44/><DORA hai="3" /><F102/><W96/><G66/><T127/><D127/><N who="2" m="48650" /><F100/><N who="3" m="60423" /><G53/><T69/><D69/><U64/><E64/><V8/><F8/><N who="3" m="6151" /><G47/><AGARI ba="0,0" hai="44,47,54,57,61" m="48650,45610,44113" machi="47" ten="50,12000,1" yaku="15,1,18,1,34,2" doraHai="77,3" who="2" fromWho="3" sc="490,0,105,0,162,120,243,-120" /><INIT seed="6,1,0,0,0,31" ten="490,105,282,123" oya="2" hai0="81,110,61,98,117,95,64,71,89,13,84,62,28" hai1="94,19,121,27,93,122,129,0,116,65,4,101,88" hai2="6,118,91,26,99,45,15,57,107,63,130,21,40" hai3="58,43,73,135,39,76,72,52,77,34,87,56,42" shuffle="mt19937ar,1316C7E1,CEEFC278,EDB31253,E63AF95F,E86E6A75,1AD29998,A273AD94,ADFC1E5E"/><V36/><F118/><W50/><G135/><T80/><D110/><U8/><E8/><V128/><F15/><W112/><G112/><T30/><D13/><U46/><E46/><V25/><F6/><W131/><G131/><T108/><D61/><U119/><E119/><V82/><F107/><W106/><G106/><T24/><D108/><U97/><E97/><V33/><F33/><W41/><G39/><T1/><D1/><U90/><E90/><V7/><F7/><W37/><G37/><T11/><D11/><U55/><E55/><V104/><F104/><W115/><G115/><T18/><D117/><U60/><E60/><V14/><F14/><W105/><G105/><T5/><D5/><U123/><E123/><V38/><F38/><W78/><G87/><T12/><D81/><U20/><E20/><V109/><F109/><W75/><REACH who="3" step="1"/><G56/><REACH who="3" step="2"/><T23/><D24/><U74/><E74/><V100/><F25/><W83/><G83/><T66/><D66/><U67/><E67/><V96/><F82/><W92/><G92/><T32/><D32/><AGARI ba="1,1" hai="32,34,41,42,43,50,52,58,72,73,75,76,77,78" machi="32" ten="50,12000,2" yaku="1,1,29,2,52,2,54,1,53,0" doraHai="31" doraHaiUra="103" who="3" fromWho="0" sc="490,-123,105,0,282,0,113,133" /><INIT seed="7,0,0,0,5,8" ten="367,105,282,246" oya="3" hai0="89,41,106,40,111,97,131,130,105,48,66,103,53" hai1="22,64,49,76,3,9,43,118,30,27,90,2,135" hai2="120,62,93,52,77,7,46,67,26,94,44,124,74" hai3="71,78,5,14,84,104,96,45,47,39,107,38,92" shuffle="mt19937ar,76421C03,0798AD4B,1B1C1193,99E226CA,F18C3E0F,D5E45B82,4BE3E05C,ADE7DD71"/><W20/><G71/><T112/><D66/><U125/><E125/><V75/><F124/><W114/><G114/><T16/><D111/><U99/><E99/><V113/><F113/><W91/><G78/><T65/><D112/><U82/><E82/><V122/><F7/><W108/><G108/><T123/><D65/><U37/><E37/><V56/><F26/><W132/><G132/><T31/><D123/><N who="2" m="47146" /><F77/><W10/><G39/><T79/><D31/><U55/><E55/><V70/><F75/><W129/><G129/><N who="0" m="49163" /><D79/><U100/><E100/><V51/><F74/><W83/><G38/><T25/><D89/><U6/><E6/><V59/><F93/><W87/><G87/><T32/><D32/><U35/><E35/><V33/><F94/><W126/><G126/><T133/><D133/><U60/><E60/><N who="2" m="40295" /><F33/><W134/><G134/><T42/><D106/><U28/><E28/><V1/><F1/><W86/><G86/><T17/><D25/><U117/><E117/><V0/><F0/><W21/><G104/><T68/><D68/><U4/><E4/><V115/><F115/><W81/><G107/><T88/><D88/><U15/><E15/><V18/><F18/><W85/><G21/><T116/><D116/><U36/><E36/><V128/><F128/><W63/><G63/><T110/><D110/><U23/><E23/><V119/><F119/><W121/><G121/><T24/><D24/><U54/><E54/><AGARI ba="0,0" hai="44,46,51,52,54,56,59,62" m="40295,47146" machi="54" ten="30,7700,0" yaku="13,1,34,2,54,1" doraHai="8" who="2" fromWho="1" sc="367,0,105,-77,282,77,246,0" owari="367,46,28,-47,359,16,246,-15" /></mjloggm>