<mjloggm ver="2.3"><GO type="41"/><UN n0="%E3%82%A6%E3%83%AB%E3%83%88%E3%83%A9%E7%AB%8B%E7%9B%B4" n1="%E5%A4%AA%E9%99%BD%E3%81%AE%E7%94%B3%E3%81%97%E5%AD%90" n2="%E3%81%B6%E3%81%9F%EF%BC%A0%E3%81%A1%E3%82%85%E3%81%86" n3="%6D%6F%6F%6E%6F" dan="13,14,13,14" rate="1840,1894,1848,1884" sx="M,M,M,M"/><TAIKYOKU oya="0"/><INIT seed="0,0,0,0,4,130" ten="250,250,250,250" oya="0" hai0="26,21,28,75,129,124,101,46,12,74,128,103,39" hai1="84,34,126,10,43,90,91,102,25,110,88,53,8" hai2="57,7,69,14,0,44,38,77,123,108,17,27,96" hai3="115,48,16,50,35,99,63,89,113,98,83,61,94"/><T78/><D124/><U87/><E126/><V106/><F69/><W55/><G35/><T59/><D59/><U47/><E110/><V67/><F77/><W97/><G50/><T118/><D118/><U86/><E102/><N who="0" m="38921" /><D12/><U121/><E121/><V111/><F123/><W32/><G32/><T112/><D78/><U73/><E73/><V95/><F106/><W36/><G36/><T40/><D112/><U18/><E53/><V56/><F67/><W13/><G83/><T52/><D52/><U132/><E132/><V114/><F114/><W72/><G72/><T24/><D24/><U9/><E34/><V100/><F27/><W107/><G107/><T49/><D49/><N who="1" m="26879" /><E25/><V6/><F0/><W85/><G115/><T93/><D93/><U71/><E18/><V1/><F1/><W105/><G105/><T37/><D37/><U120/><E120/><V104/><F104/><W92/><G92/><T29/><D29/><U109/><E109/><N who="2" m="42059" /><F56/><N who="3" m="32871" /><G113/><T58/><D58/><U31/><E71/><V119/><F57/><W15/><G15/><T133/><D133/><U2/><E2/><V125/><F125/><W45/><G45/><T33/><D33/><U65/><E65/><V122/><F119/><W82/><G82/><T116/><D116/><U60/><E60/><V62/><F62/><W54/><G54/><T134/><D134/><U3/><E3/><V135/><F135/><W23/><AGARI ba="0,0" hai="13,16,23,61,63,85,89,94,97,98,99" m="32871" machi="23" ten="30,4000,0" yaku="25,1,8,1,54,1" doraHai="130" who="3" fromWho="3" sc="250,-20,250,-10,250,-10,250,40" /><INIT seed="1,0,0,1,0,9" ten="230,240,240,290" oya="1" hai0="30,28,25,38,116,68,131,27,64,5,20,32,8" hai1="103,129,63,11,21,45,54,86,109,44,36,80,58" hai2="111,102,15,71,107,29,47,31,59,60,114,127,51" hai3="85,34,82,115,61,123,3,42,40,110,1,14,70"/><U75/><E75/><V135/><F71/><W133/><G34/><T2/><D38/><U104/><E129/><V55/><F111/><W67/><G3/><T124/><D64/><U117/><E117/><V91/><F135/><W48/><G1/><T99/><D99/><U24/><E36/><V100/><F127/><W19/><G110/><T126/><D68/><U37/><E37/><V22/><F114/><W69/><G115/><T112/><D112/><U72/><E72/><V57/><F57/><W18/><G133/><T132/><D132/><U0/><E109/><V90/><F107/><W77/><G70/><T121/><D131/><U78/><E104/><V6/><F102/><W95/><G95/><T87/><D87/><U118/><E103/><V35/><F35/><W4/><G123/><T50/><D50/><U83/><E118/><V113/><F100/><W106/><G42/><T94/><D94/><U46/><E83/><V56/><F56/><W62/><G61/><T39/><D39/><U41/><E11/><N who="2" m="4599" /><F113/><W105/><G106/><T52/><D116/><U128/><E128/><V101/><F101/><W92/><G92/><T16/><D52/><U119/><E119/><V81/><F81/><W125/><G125/><N who="0" m="48235" /><D30/><N who="2" m="11274" /><F22/><W73/><G73/><T108/><D108/><U49/><REACH who="1" step="1"/><E0/><REACH who="1" step="2"/><V7/><F91/><W96/><G105/><T98/><D98/><U84/><E84/><V120/><F90/><W12/><G96/><T79/><D79/><U74/><E74/><V43/><F120/><AGARI ba="0,1" hai="2,5,8,16,20,25,27,28,32,120,121" m="48235" machi="120" ten="30,7700,0" yaku="18,1,34,2,54,1" doraHai="9" who="0" fromWho="2" sc="230,87,230,0,240,-77,290,0" /><INIT seed="2,0,0,4,0,128" ten="317,230,163,290" oya="2" hai0="12,135,123,3,115,96,69,75,97,105,103,59,86" hai1="30,130,55,7,22,90,107,52,72,19,50,60,78" hai2="57,61,24,88,14,84,120,25,127,89,16,114,2" hai3="112,129,35,74,91,93,13,66,131,76,53,77,49"/><V6/><F120/><W102/><G35/><T44/><D59/><U23/><E130/><N who="3" m="49674" /><G66/><T58/><D58/><U98/><E7/><V126/><F114/><W71/><G71/><T117/><D12/><U67/><E30/><V28/><F89/><W27/><G74/><T132/><D69/><U124/><E124/><N who="2" m="47659" /><F6/><W20/><G102/><N who="0" m="62663" /><D3/><U81/><E23/><N who="2" m="11671" /><F2/><W122/><G13/><T56/><D56/><U39/><E39/><V62/><F28/><N who="3" m="17511" /><G122/><T116/><D44/><U121/><E121/><V82/><F61/><W73/><G73/><T133/><D75/><U4/><E4/><V100/><F100/><W1/><G1/><T32/><D32/><U47/><E107/><V54/><AGARI ba="0,0" hai="24,25,54,57,62,82,84,88" m="11671,47659" machi="54" ten="30,6000,0" yaku="18,1,54,2" doraHai="128" who="2" fromWho="2" sc="317,-20,230,-20,163,60,290,-20" /><INIT seed="2,1,0,5,5,79" ten="297,210,223,270" oya="2" hai0="105,135,40,74,113,24,132,33,76,53,126,122,100" hai1="18,13,50,95,3,12,70,106,127,48,134,124,36" hai2="59,46,77,125,68,14,87,92,2,78,15,11,81" hai3="21,97,37,25,102,32,54,89,104,101,19,55,65"/><V131/><F68/><W8/><G101/><T38/><D53/><U45/><E106/><V84/><F131/><W117/><G117/><T20/><D20/><U58/><E70/><V66/><F125/><N who="1" m="48201" /><E3/><V111/><F111/><W41/><G65/><T34/><D24/><U31/><E31/><V83/><F92/><W4/><G32/><T118/><D34/><U71/><E71/><V26/><F46/><W67/><G67/><T108/><D100/><U73/><E73/><V94/><F94/><W44/><G89/><T130/><D76/><U35/><E35/><V5/><REACH who="2" step="1"/><F26/><REACH who="2" step="2"/><W52/><REACH who="3" step="1"/><G55/><REACH who="3" step="2"/><T28/><D40/><U29/><E134/><V133/><F133/><W85/><G85/><T128/><D132/><U0/><E95/><V112/><F112/><W9/><G9/><T16/><D130/><U6/><E58/><V99/><F99/><W62/><G62/><AGARI ba="1,2" hai="2,5,11,14,15,59,62,66,77,78,81,83,84,87" machi="62" ten="40,12000,1" yaku="1,1,9,1,52,2,53,0" doraHai="79" doraHaiUra="51" who="2" fromWho="3" sc="297,0,210,0,213,143,260,-123" /><INIT seed="2,2,0,0,0,94" ten="297,210,356,137" oya="2" hai0="25,24,66,30,77,123,100,73,26,126,68,10,82" hai1="111,27,36,98,21,130,89,50,113,40,16,57,134" hai2="124,106,107,63,3,78,54,79,128,81,65,118,71" hai3="12,64,95,112,135,97,0,116,34,41,99,43,23"/><V8/><F118/><W60/><G34/><T114/><D114/><U92/><E113/><V35/><F124/><W84/><G0/><T49/><D123/><U7/><E111/><V69/><F35/><W48/><G112/><T83/><D126/><U56/><E134/><V20/><F20/><W11/><G135/><T122/><D122/><U29/><E130/><V15/><F3/><W129/><G23/><T13/><D100/><U17/><E7/><V110/><F128/><W101/><G129/><T80/><D30/><U108/><E108/><V28/><F28/><W38/><G84/><T32/><D32/><U72/><E72/><V132/><F132/><W87/><G87/><T62/><REACH who="0" step="1"/><D49/><REACH who="0" step="2"/><U47/><E36/><V70/><F110/><W22/><G38/><T55/><D55/><U39/><E39/><V37/><F54/><W85/><G116/><T105/><D105/><U74/><E74/><V75/><F37/><W88/><G101/><T121/><D121/><U19/><AGARI ba="2,1" hai="16,17,19,21,27,29,40,47,50,56,57,89,92,98" machi="19" ten="30,7900,0" yaku="0,1,8,1,52,1,54,1" doraHai="94" who="1" fromWho="1" sc="287,-22,210,95,356,-41,137,-22" /><INIT seed="3,0,0,0,4,98" ten="265,305,315,115" oya="3" hai0="48,34,8,112,126,75,110,68,3,87,46,39,90" hai1="107,111,104,36,83,9,32,38,22,124,92,78,122" hai2="2,73,15,27,72,19,113,33,50,37,24,74,127" hai3="81,31,135,11,121,10,118,106,99,77,1,25,89"/><W7/><G121/><T94/><D110/><U85/><E32/><V6/><F37/><W23/><G118/><T18/><D68/><U100/><E122/><V45/><F113/><W28/><G135/><T14/><D126/><U117/><E124/><V133/><F127/><W42/><G10/><T128/><D128/><U5/><E111/><V108/><F133/><W49/><G89/><T20/><D75/><U67/><E117/><V105/><F105/><W44/><G99/><T134/><D134/><U95/><E67/><V101/><F101/><W0/><G106/><T97/><D34/><U84/><E22/><V35/><F6/><W114/><G31/><T60/><D39/><U52/><E52/><V131/><F2/><W103/><G103/><T79/><D60/><U16/><E5/><V13/><F33/><W115/><G0/><T69/><D69/><U70/><E70/><V91/><F35/><W109/><G109/><T4/><D112/><U26/><E100/><V123/><F131/><W17/><G28/><T76/><D87/><AGARI ba="0,0" hai="1,7,11,17,23,25,42,44,49,77,81,87,114,115" machi="87" ten="30,1500,0" yaku="7,1" doraHai="98" who="3" fromWho="0" sc="265,-15,305,0,315,0,115,15" /><INIT seed="3,1,0,0,3,104" ten="250,305,315,130" oya="3" hai0="17,74,38,42,2,68,26,41,119,15,96,105,60" hai1="40,111,130,124,23,47,43,64,77,73,112,116,110" hai2="10,30,24,121,20,129,37,109,49,50,18,67,76" hai3="3,131,97,123,78,54,70,33,1,22,128,125,29"/><W8/><G123/><T63/><D2/><N who="3" m="521" /><G54/><T7/><D7/><U51/><E112/><V134/><F37/><W16/><G70/><T133/><D26/><U6/><E6/><V71/><F76/><W0/><G97/><T66/><D119/><U45/><E116/><V19/><F134/><W9/><G78/><T81/><D133/><U108/><E23/><V32/><F67/><W59/><G59/><T56/><D38/><U117/><E117/><V132/><F71/><W57/><G57/><T34/><D34/><U5/><E5/><V114/><F114/><W90/><N who="3" m="529" /><W106/><DORA hai="107" /><G90/><T52/><D96/><U127/><E130/><N who="3" m="49706" /><G106/><T82/><D105/><U89/><E89/><V94/><F129/><W92/><G92/><T14/><D81/><N who="1" m="45231" /><E64/><V98/><F94/><W39/><G39/><AGARI ba="1,0" hai="39,40,43,45,47,51,108,110,111,124,127" m="45231" machi="39" ten="30,3900,0" yaku="14,1,52,2" doraHai="104,107" who="1" fromWho="3" sc="250,0,305,42,315,0,130,-42" /><INIT seed="4,0,0,3,2,120" ten="250,347,315,88" oya="0" hai0="70,93,104,61,88,102,111,13,9,46,10,14,39" hai1="127,53,118,73,47,83,112,32,2,94,67,69,132" hai2="34,44,56,40,79,103,123,85,134,28,26,116,51" hai3="126,62,81,16,11,133,97,110,43,25,121,6,36"/><T31/><D102/><U98/><E53/><V63/><F123/><W119/><G97/><T113/><D104/><U57/><E57/><V99/><F134/><W78/><G62/><T122/><D122/><U101/><E47/><V54/><F116/><W80/><G81/><T49/><D39/><U27/><E27/><V19/><F19/><W7/><G7/><T33/><D113/><U23/><E23/><V59/><F59/><W55/><G55/><T3/><D3/><U106/><E67/><V48/><F85/><W82/><G82/><T66/><D31/><U22/><E22/><V74/><F79/><W91/><G91/><T60/><D33/><U15/><E15/><V107/><REACH who="2" step="1"/><F74/><REACH who="2" step="2"/><N who="3" m="43095" /><G133/><T45/><D45/><U100/><E73/><V84/><F84/><W52/><G119/><T30/><D30/><U20/><E118/><V68/><F68/><W105/><G121/><T75/><D75/><U77/><E69/><V50/><AGARI ba="0,1" hai="26,28,34,40,44,48,50,51,54,56,63,99,103,107" machi="50" ten="20,5200,0" yaku="1,1,0,1,7,1,53,1" doraHai="120" doraHaiUra="96" who="2" fromWho="2" sc="250,-26,347,-13,305,62,88,-13" /><INIT seed="5,0,0,0,4,13" ten="224,334,367,75" oya="1" hai0="75,48,50,43,79,44,135,123,72,85,30,47,84" hai1="86,89,14,26,106,127,94,0,69,59,117,15,133" hai2="8,132,65,98,6,109,53,103,10,114,115,116,91" hai3="19,110,35,37,36,66,134,67,2,97,118,121,88"/><U21/><E69/><V73/><F73/><W7/><G110/><T17/><D123/><U24/><E0/><V52/><F116/><W32/><G7/><T5/><D5/><U95/><E117/><V63/><F109/><W28/><G118/><T39/><D30/><U111/><E106/><V119/><F91/><W46/><G28/><T27/><D39/><U122/><E111/><V124/><F132/><W70/><G70/><T29/><D29/><U34/><E122/><V49/><F119/><W4/><G4/><T120/><D120/><U57/><E133/><V100/><F124/><W107/><G107/><T104/><D104/><U23/><E127/><V125/><F125/><W130/><G121/><T9/><D135/><U99/><E34/><V12/><F10/><W131/><G46/><T42/><D84/><U58/><E26/><V129/><F129/><W74/><G97/><T16/><D75/><U83/><E95/><N who="2" m="58463" /><F49/><W101/><G101/><T113/><D72/><U22/><REACH who="1" step="1"/><E24/><REACH who="1" step="2"/><V87/><F115/><W25/><G25/><T126/><D126/><U77/><AGARI ba="0,1" hai="14,15,21,22,23,57,58,59,77,83,86,89,94,99" machi="77" ten="30,12000,1" yaku="1,1,2,1,0,1,8,1,53,1" doraHai="13" doraHaiUra="78" who="1" fromWho="1" sc="224,-40,324,130,367,-40,75,-40" /><INIT seed="5,1,0,1,1,127" ten="184,454,327,35" oya="1" hai0="135,75,61,94,70,100,32,2,122,95,45,9,103" hai1="31,124,85,113,52,39,107,48,60,33,104,106,101" hai2="28,51,3,56,59,81,23,38,128,24,118,98,83" hai3="120,57,133,90,117,13,19,131,14,25,35,77,7"/><U16/><E39/><V4/><F38/><W84/><G120/><T69/><D61/><U66/><E124/><V73/><F118/><W87/><G117/><T79/><D45/><U8/><E113/><V72/><F128/><W18/><G57/><T53/><D53/><U37/><E37/><V40/><F3/><W15/><G77/><T41/><D9/><U105/><E85/><V74/><F4/><W0/><G90/><T63/><D63/><U26/><E104/><V82/><REACH who="2" step="1"/><F98/><REACH who="2" step="2"/><W49/><G87/><T112/><D2/><U11/><E101/><V123/><F123/><W97/><G84/><T96/><D100/><U78/><E78/><V130/><F130/><W55/><G97/><T115/><D96/><U116/><E116/><V76/><F76/><W43/><G131/><T12/><D103/><U6/><E6/><V50/><F50/><W29/><G49/><T58/><D79/><U114/><E114/><V132/><F132/><W89/><G89/><T1/><D135/><U91/><E91/><V44/><AGARI ba="1,1" hai="23,24,28,40,44,51,56,59,72,73,74,81,82,83" machi="44" ten="40,5200,0" yaku="1,1,0,1,53,1" doraHai="127" doraHaiUra="36" who="2" fromWho="2" sc="184,-14,454,-27,317,65,35,-14" /><INIT seed="6,0,0,3,1,3" ten="170,427,382,21" oya="2" hai0="72,17,4,22,63,103,108,6,8,29,90,89,118" hai1="40,32,114,26,124,56,46,35,98,18,111,107,70" hai2="73,11,66,128,0,58,36,54,1,12,135,80,55" hai3="102,126,13,117,131,130,21,71,37,10,110,7,78"/><V97/><F36/><W129/><G71/><T9/><D72/><U119/><E56/><V88/><F135/><W57/><G37/><T51/><D63/><U79/><E18/><V64/><F128/><W43/><G43/><T65/><D65/><U132/><E46/><V120/><F55/><W39/><G39/><T60/><D60/><U68/><E40/><V112/><F112/><W93/><G57/><T52/><D103/><N who="1" m="62967" /><E111/><V95/><F120/><W33/><G93/><T45/><D29/><N who="1" m="19511" /><E35/><V133/><F133/><W14/><G78/><T5/><D108/><U99/><E99/><V69/><F69/><N who="1" m="26729" /><E132/><V44/><F44/><W96/><G96/><T2/><D118/><U105/><E105/><V94/><F94/><W41/><G41/><T115/><D115/><U87/><E87/><V85/><F73/><W19/><G102/><T48/><D48/><U62/><E62/><N who="2" m="36183" /><F1/><W82/><G82/><T74/><D74/><U30/><E119/><V81/><F0/><W125/><G117/><T91/><REACH who="0" step="1"/><D2/><REACH who="0" step="2"/><U75/><E75/><V38/><F38/><W28/><G110/><T34/><D34/><U23/><E114/><V104/><F64/><W116/><G116/><T24/><AGARI ba="0,1" hai="4,5,6,8,9,17,22,24,45,51,52,89,90,91" machi="24" ten="30,12000,2" yaku="1,1,0,1,8,1,52,3,54,1,53,0" doraHai="3" doraHaiUra="100" who="0" fromWho="0" sc="160,130,427,-30,382,-60,21,-30" owari="290,-11,397,50,322,12,-9,-51" /></mjloggm>