<mjloggm ver="2.3"><GO type="97"/><UN n0="%E6%98%8E%E5%A4%AA%E3%82%B9%E3%83%91%E3%82%B2%E3%83%86%E3%82%A3" n1="%E3%82%A6%E3%83%AB%E3%83%88%E3%83%A9%E7%AB%8B%E7%9B%B4" n2="%43%6E%74%72" n3="%E3%81%BE%E3%81%82%E3%82%8D" dan="14,13,15,14" rate="1879,1842,1991,1965" sx="M,M,M,M"/><TAIKYOKU oya="0"/><INIT seed="0,0,0,2,2,127" ten="250,250,250,250" oya="0" hai0="135,80,8,105,1,46,121,4,21,69,129,104,70" hai1="36,82,134,3,53,77,100,78,65,79,62,35,45" hai2="17,103,52,22,50,114,66,120,102,26,118,64,10" hai3="96,125,119,7,92,15,95,110,31,28,131,85,20" shuffle="mt19937ar,CB7D0A3B,2283EECC,E00C21A5,F56E4E22,824FE1EB,1C26F50C,1C74CF72,186C8382"/><T76/><D121/><U116/><E116/><V71/><F120/><W27/><G119/><T109/><D21/><U72/><E35/><V111/><F118/><W13/><G125/><T48/><D135/><U16/><E134/><V0/><F114/><W47/><G110/><T108/><D105/><U57/><E100/><V24/><F111/><N who="0" m="42570" /><D104/><U107/><E107/><V54/><F26/><W56/><G31/><T94/><D94/><U101/><E101/><N who="2" m="38411" /><F71/><W83/><G95/><T41/><D129/><U113/><E113/><V6/><F0/><W124/><G124/><T44/><D46/><U122/><E122/><V60/><F10/><W39/><G131/><T86/><AGARI ba="0,0" hai="1,4,8,41,44,48,69,70,76,80,86" m="42570" machi="86" ten="30,3000,0" yaku="14,1,10,1" doraHai="127" who="0" fromWho="0" sc="250,30,250,-10,250,-10,250,-10" /><INIT seed="0,1,0,2,4,34" ten="280,240,240,240" oya="0" hai0="57,128,130,45,108,55,77,31,6,93,132,123,67" hai1="2,112,20,27,7,134,53,115,35,76,41,10,86" hai2="26,33,133,110,84,131,120,135,52,98,119,80,13" hai3="88,94,118,11,32,102,15,63,43,104,103,83,25" shuffle="mt19937ar,4FE085E8,3DCC60ED,9DF27AC5,4D6F57FE,4C645588,3DB3496F,746FF2D1,8289B755"/><T113/><D123/><U21/><E41/><V109/><F120/><W124/><G118/><T39/><D113/><N who="1" m="43595" /><E53/><V58/><F119/><W37/><G104/><T54/><D77/><U5/><E76/><V61/><F131/><N who="0" m="50218" /><D31/><N who="1" m="19967" /><E86/><V117/><F117/><W111/><G111/><N who="2" m="42505" /><F13/><W0/><G124/><T3/><D108/><U60/><E60/><V78/><F98/><W44/><G63/><N who="0" m="38383" /><D132/><N who="2" m="50762" /><F26/><W79/><G25/><T9/><D93/><U68/><E134/><V49/><F33/><W51/><G32/><T48/><D39/><U74/><E74/><V90/><F61/><W19/><G0/><T101/><D101/><U17/><E68/><V100/><F100/><W56/><G37/><T12/><D55/><U129/><E129/><V116/><F116/><W40/><G40/><T30/><D30/><U73/><E73/><V106/><F106/><W122/><G122/><T23/><D23/><U46/><E46/><V89/><AGARI ba="1,0" hai="49,52,58,78,80,84,89,90" m="50762,42505" machi="89" ten="40,5200,0" yaku="14,1,20,1,54,1" doraHai="34" who="2" fromWho="2" sc="280,-27,240,-14,240,55,240,-14" /><INIT seed="1,0,0,3,1,44" ten="253,226,295,226" oya="1" hai0="75,90,52,99,29,114,10,36,125,91,7,54,32" hai1="86,16,98,21,3,4,107,72,110,85,115,96,129" hai2="132,94,15,97,17,37,56,23,120,119,103,62,58" hai3="64,71,50,41,49,18,69,28,105,33,67,24,127" shuffle="mt19937ar,78A53F31,D04F0090,4623F318,D6B65941,5BA980FB,3D5E1586,00739A6B,B9431413"/><U0/><E72/><V89/><F37/><W55/><G105/><T116/><D36/><U100/><E115/><V83/><F120/><W8/><G41/><T118/><D75/><U59/><E129/><V6/><F119/><W42/><G42/><T78/><D114/><U48/><E110/><V43/><F43/><W108/><G108/><T113/><D78/><U126/><E126/><V122/><F122/><W121/><G121/><T82/><D113/><U95/><E4/><V65/><F132/><W112/><G112/><T27/><D125/><U30/><E30/><V35/><F35/><W87/><G127/><T81/><D118/><U92/><E107/><V63/><F6/><W34/><G34/><T40/><D40/><U128/><E128/><V130/><F130/><W13/><G87/><T2/><D116/><U11/><E11/><V135/><F135/><W5/><G5/><T79/><D79/><U39/><E39/><V101/><REACH who="2" step="1"/><F83/><REACH who="2" step="2"/><W53/><G71/><T106/><D82/><U45/><E0/><V46/><F46/><W76/><G69/><T60/><D81/><U84/><E3/><V131/><F131/><W51/><REACH who="3" step="1"/><G76/><REACH who="3" step="2"/><T70/><D70/><U134/><E134/><V68/><F68/><W77/><G77/><T25/><D7/><U102/><E45/><V57/><F57/><W47/><G47/><T117/><D117/><U26/><E59/><V111/><F111/><W22/><G22/><T20/><D20/><U38/><E38/><V9/><F9/><W80/><G80/><T12/><D10/><U88/><E48/><V61/><F61/><RYUUKYOKU ba="0,2" sc="253,-30,226,10,285,10,216,10" hai1="16,21,26,84,85,86,88,92,95,96,98,100,102" hai2="15,17,23,56,58,62,63,65,89,94,97,101,103" hai3="8,13,18,24,28,33,49,50,51,53,55,64,67" /><INIT seed="1,1,2,1,3,118" ten="223,236,295,226" oya="1" hai0="19,121,16,127,106,51,62,35,13,1,45,20,33" hai1="69,75,85,21,71,56,90,70,57,10,8,97,109" hai2="74,129,53,0,101,80,42,133,59,77,117,34,52" hai3="123,95,68,92,130,112,135,65,107,54,83,98,125" shuffle="mt19937ar,054A2FD6,4F45B319,F3C9EB4B,9504994A,75D43C52,CB484BC0,96735D49,D7D6A423"/><U9/><E75/><V76/><F0/><W49/><G123/><T41/><D106/><U119/><E119/><V63/><F34/><W60/><G112/><T79/><D1/><U28/><E97/><V73/><F117/><W61/><G125/><T3/><D3/><U25/><REACH who="1" step="1"/><E109/><REACH who="1" step="2"/><V64/><F74/><W94/><G98/><T37/><D127/><U82/><AGARI ba="1,3" hai="8,9,10,21,25,28,56,57,69,70,71,82,85,90" machi="82" ten="40,7800,0" yaku="1,1,2,1,0,1,53,0" doraHai="118" doraHaiUra="2" who="1" fromWho="1" sc="223,-27,226,111,295,-27,226,-27" /><INIT seed="1,2,0,5,4,135" ten="196,337,268,199" oya="1" hai0="134,6,83,73,58,124,87,86,129,131,17,40,118" hai1="68,61,47,30,115,3,128,25,29,52,103,33,44" hai2="54,37,101,59,71,120,34,22,36,35,107,78,100" hai3="82,99,41,77,31,51,89,104,50,123,96,13,79" shuffle="mt19937ar,E3C9ECF1,B58786C0,945851A9,F166E559,0FBA99EC,B1A16E5D,E98FB9D5,DBF554B6"/><U130/><E3/><V46/><F71/><W88/><G123/><T26/><D118/><U102/><E115/><V38/><F120/><W55/><G41/><T132/><D6/><U45/><E30/><V109/><F109/><W28/><G104/><T64/><D40/><U20/><E20/><V116/><F116/><W23/><G23/><N who="0" m="13679" /><D73/><U62/><E68/><V66/><F66/><W76/><G82/><T15/><D15/><U90/><E90/><N who="3" m="34922" /><G13/><T121/><D121/><U91/><E91/><V1/><F1/><W32/><G32/><T97/><D97/><N who="3" m="37449" /><G55/><T108/><D108/><U122/><E122/><V53/><F54/><W56/><G56/><T70/><D70/><U16/><E16/><V57/><F53/><W9/><G9/><T85/><D58/><U125/><E52/><V117/><F59/><W133/><G133/><N who="0" m="51307" /><D64/><U112/><E61/><V127/><F57/><W113/><G113/><T105/><D105/><U19/><E62/><V49/><F107/><W126/><G126/><T60/><D60/><U43/><E112/><V67/><F127/><W7/><G7/><T0/><D0/><U93/><E125/><V114/><F67/><W69/><G69/><T111/><D124/><U21/><E43/><V63/><F114/><W2/><G2/><T18/><D111/><U92/><E102/><V65/><F101/><W48/><AGARI ba="2,0" hai="28,31,48,50,51,76,77,79" m="37449,34922" machi="48" ten="40,8000,1" yaku="28,2,8,1,54,1" doraHai="135" who="3" fromWho="3" sc="196,-22,337,-42,268,-22,199,86" /><INIT seed="2,0,0,4,4,97" ten="174,295,246,285" oya="2" hai0="51,54,80,133,7,65,20,32,4,6,62,18,81" hai1="1,124,135,45,41,117,36,49,8,83,28,103,37" hai2="88,5,105,125,42,104,98,13,112,90,53,66,89" hai3="68,11,128,116,33,19,55,60,99,0,84,120,29" shuffle="mt19937ar,3FF49153,E5B588C0,9FDA298D,11DD8694,E68A9458,225649AA,E15BE7E2,E80DFC16"/><V94/><F112/><W38/><G120/><T22/><D32/><U78/><E117/><V77/><F66/><W23/><G116/><T72/><D133/><U9/><E135/><V101/><F42/><W24/><G38/><T102/><D72/><U75/><E124/><V16/><F5/><W26/><G128/><T31/><D31/><U119/><E119/><V92/><F125/><W10/><G0/><T126/><D126/><U50/><E28/><V70/><F70/><W48/><G84/><T109/><D109/><U2/><E37/><V91/><F53/><W111/><G111/><T15/><D22/><U17/><E17/><V108/><F108/><W107/><G55/><T73/><D73/><U34/><E34/><V114/><F114/><W3/><G48/><T100/><D62/><U43/><E43/><V52/><F52/><W110/><G110/><T25/><D25/><U30/><E30/><V47/><F47/><W79/><G79/><T74/><D65/><U129/><E129/><V95/><F77/><W132/><G3/><T67/><D67/><U96/><E9/><V21/><REACH who="2" step="1"/><F95/><REACH who="2" step="2"/><W87/><G132/><T115/><D115/><U82/><E82/><N who="0" m="31849" /><D74/><U14/><E2/><V12/><F12/><W76/><G68/><T123/><D123/><U58/><E14/><V40/><F40/><W121/><G121/><T118/><D118/><U64/><E58/><AGARI ba="0,1" hai="4,6,7,15,18,20,51,54,58,100,102" m="31849" machi="58" ten="30,3900,0" yaku="8,1,52,2" doraHai="97" who="0" fromWho="1" sc="174,49,295,-39,236,0,285,0" /><INIT seed="3,0,0,4,3,42" ten="223,256,236,285" oya="3" hai0="9,5,100,11,73,25,35,77,102,132,93,17,7" hai1="103,4,98,34,75,41,79,26,99,20,33,30,90" hai2="50,112,22,44,74,61,43,115,28,64,53,68,13" hai3="63,128,0,81,85,96,1,113,127,62,104,114,135" shuffle="mt19937ar,504F82AF,515DDB8A,54699D36,3145A7C5,34CF8748,A4902FB1,47094992,441D549A"/><W121/><G121/><T95/><D132/><U66/><E75/><V51/><F74/><W14/><G135/><T57/><D73/><U110/><E79/><V60/><F13/><W38/><G38/><T70/><D70/><U131/><E131/><V27/><REACH who="2" step="1"/><F61/><REACH who="2" step="2"/><W2/><G128/><T97/><D77/><U133/><E133/><V82/><F82/><W69/><G63/><T23/><D35/><U54/><E34/><V6/><F6/><N who="0" m="2058" /><D57/><AGARI ba="0,1" hai="22,27,28,43,44,50,51,53,57,60,64,68,112,115" machi="57" ten="30,3900,0" yaku="1,1,7,1,52,1,53,0" doraHai="42" doraHaiUra="15" who="2" fromWho="0" sc="223,-39,256,0,226,49,285,0" /><INIT seed="4,0,0,0,0,115" ten="184,256,275,285" oya="0" hai0="101,95,61,90,6,15,117,14,31,80,48,57,123" hai1="46,16,17,66,129,21,105,8,92,76,77,40,81" hai2="53,74,84,1,22,51,94,68,121,135,25,38,134" hai3="131,54,19,63,122,124,111,88,71,37,69,87,114" shuffle="mt19937ar,13F916C3,52D34180,1DAC8F58,092855E6,8AAA2BF8,758F56EF,B19C0E16,A2F02CF5"/><T35/><D123/><U107/><E129/><V36/><F74/><W109/><G131/><T116/><D101/><U11/><E66/><V28/><F1/><W20/><G37/><T34/><D80/><U102/><E92/><V5/><F5/><W3/><G3/><T106/><D106/><U93/><E93/><V127/><F68/><W39/><G39/><T49/><D6/><U132/><E132/><N who="2" m="50731" /><F121/><W13/><G122/><T86/><D35/><U41/><E21/><V10/><F10/><W0/><G0/><T65/><D34/><U118/><E46/><N who="2" m="27895" /><F127/><W112/><G124/><T29/><D29/><U100/><E81/><V85/><F85/><W82/><G71/><T27/><D27/><U126/><E126/><V58/><F58/><N who="3" m="35287" /><G69/><T24/><D31/><U32/><E32/><V60/><F60/><W130/><G130/><T43/><D24/><U98/><E98/><V26/><F26/><W79/><G79/><T83/><D83/><U128/><E128/><V52/><F52/><W12/><G12/><T103/><D103/><U62/><E62/><V59/><F59/><W78/><G78/><T91/><D91/><AGARI ba="0,0" hai="22,25,28,36,38,84,91,94" m="27895,50731" machi="91" ten="30,1000,0" yaku="20,1" doraHai="115" who="2" fromWho="0" sc="184,-10,256,0,275,10,285,0" /><INIT seed="5,0,0,2,0,107" ten="174,256,285,285" oya="1" hai0="2,58,112,134,49,4,47,106,132,51,129,93,70" hai1="59,66,110,30,12,77,103,61,76,125,65,11,29" hai2="23,25,88,86,135,111,128,95,43,14,101,79,105" hai3="22,122,87,5,41,90,17,92,119,46,71,121,6" shuffle="mt19937ar,6EB7D7C9,854AD987,4F5728A1,3C12BFAF,94738E52,4B95BBB1,5933D717,CABD8F72"/><U99/><E125/><V56/><F111/><W44/><G71/><T36/><D106/><U85/><E65/><V8/><F135/><N who="0" m="51754" /><D70/><U32/><E110/><V91/><F128/><W1/><G119/><T108/><D108/><U35/><E35/><V124/><F124/><W53/><G53/><N who="0" m="32047" /><D129/><U126/><E126/><V73/><F43/><W16/><G17/><T42/><D112/><U97/><E32/><V89/><F56/><W60/><G60/><T78/><D78/><N who="1" m="30315" /><E85/><V55/><F55/><W15/><G46/><N who="0" m="23879" /><D93/><N who="1" m="58799" /><E99/><N who="2" m="61631" /><F23/><W68/><G68/><T52/><D4/><AGARI ba="0,0" hai="4,11,12,29,30,59,61,66" m="58799,30315" machi="4" ten="30,1500,0" yaku="8,1" doraHai="107" who="1" fromWho="0" sc="174,-15,256,15,285,0,285,0" /><INIT seed="5,1,0,1,1,33" ten="159,271,285,285" oya="1" hai0="107,102,64,0,42,4,56,82,9,65,86,50,28" hai1="15,57,135,71,5,48,100,80,132,3,88,74,54" hai2="117,109,118,101,2,37,91,131,58,62,95,44,17" hai3="40,96,8,47,18,77,60,122,123,66,41,75,19" shuffle="mt19937ar,0B1577C7,2C9EAC5F,327B2830,AD1A7A5A,14DE84CB,F51A1E26,FE8230F3,FB3FD848"/><U32/><E71/><V27/><F2/><W87/><G75/><T31/><D107/><U103/><E32/><V67/><F109/><W127/><G127/><T12/><D102/><U53/><E53/><V52/><F101/><W20/><G8/><T106/><D106/><U76/><E15/><V85/><F131/><W24/><G19/><T34/><D34/><U38/><E38/><V55/><F55/><W104/><G41/><T98/><D98/><U133/><E88/><V59/><F37/><W69/><G104/><T121/><D121/><U10/><AGARI ba="1,0" hai="3,5,10,48,54,57,74,76,80,100,103,132,133,135" machi="10" ten="40,7800,0" yaku="0,1,20,1,52,1" doraHai="33" who="1" fromWho="1" sc="159,-27,271,81,285,-27,285,-27" owari="132,-27,352,35,258,1,258,-9" /></mjloggm>