<mjloggm ver="2.3"><GO type="193"/><UN n0="%E3%82%A2%E3%83%A9%E3%83%93%E3%82%AB" n1="%E3%82%AA%E3%83%BC%E3%82%B7%E3%83%A3%E3%83%B3%E3%82%BA%31%33" n2="%E3%82%A6%E3%83%AB%E3%83%88%E3%83%A9%E7%AB%8B%E7%9B%B4" n3="%E6%9C%88%E5%85%89%E3%81%AE%E3%83%BB%E3%83%BB%E3%83%BB" dan="12,12,12,10" rate="1648,1718,1772,1704" sx="M,M,M,M"/><TAIKYOKU oya="0"/><INIT seed="0,0,0,4,0,129" ten="250,250,250,250" oya="0" hai0="122,85,84,132,134,60,135,32,17,131,116,127,81" hai1="98,126,74,97,40,64,20,56,43,95,16,45,94" hai2="79,86,13,7,104,77,90,107,28,61,15,59,105" hai3="29,115,63,27,65,109,24,71,108,102,38,112,26" shuffle="mt19937ar,99DD3F17,BDD5479D,7A663C2B,27FEFC55,ED41A2E2,150781CC,C4FDE077,05D60044"/><T70/><D32/><U75/><E126/><V2/><F28/><W25/><G38/><T53/><D127/><U34/><E34/><V42/><F42/><W37/><G37/><T66/><D131/><U58/><E64/><V0/><F7/><W118/><G102/><T72/><D122/><U51/><E51/><V21/><F21/><W54/><G54/><T133/><D116/><U69/><E69/><V124/><F59/><W82/><G82/><T93/><N who="0" m="34304" /><DORA hai="119" /><T23/><D53/><U57/><E45/><V41/><F61/><W50/><G50/><T88/><D72/><N who="1" m="27691" /><E20/><V46/><F46/><W52/><G52/><T80/><D85/><U30/><E30/><V96/><F41/><N who="1" m="15945" /><E16/><V10/><F86/><W6/><G6/><T39/><D39/><U1/><E1/><V99/><F124/><W120/><G118/><T92/><D81/><U73/><N who="1" m="27699" /><U9/><DORA hai="11" /><E9/><V35/><F35/><W5/><G5/><T33/><REACH who="0" step="1"/><D33/><REACH who="0" step="2"/><U78/><E78/><V121/><F121/><W49/><G120/><T91/><D91/><U110/><E110/><N who="3" m="42602" /><G49/><T117/><D117/><U12/><E12/><AGARI ba="0,1" hai="12,17,23,60,66,70,80,84,88,92,93" m="34304" machi="12" ten="70,24000,3" yaku="1,1,20,1,52,5,54,1,53,1" doraHai="129,119,11" doraHaiUra="113,68,83" who="0" fromWho="1" sc="240,250,250,-240,250,0,250,0" /><INIT seed="0,1,0,4,4,0" ten="490,10,250,250" oya="0" hai0="14,29,134,87,85,15,133,79,84,75,32,5,131" hai1="47,46,98,117,31,103,42,24,86,122,115,63,110" hai2="97,67,95,22,104,132,34,18,89,64,78,16,69" hai3="71,38,106,60,41,73,17,62,58,107,118,37,82" shuffle="mt19937ar,5E46637C,91BBBCFB,6A86CEE1,2234C545,950CA0E2,E1489B37,C4EC8E43,5ED984F4"/><T12/><D131/><U7/><E122/><V8/><F34/><W11/><G118/><T44/><D44/><U25/><E117/><V92/><F104/><W88/><G71/><T76/><D29/><U6/><E115/><V99/><F78/><N who="0" m="29738" /><D75/><U113/><E113/><V4/><F132/><N who="0" m="50794" /><D32/><U124/><E124/><V127/><F127/><W59/><G73/><T13/><N who="0" m="3584" /><DORA hai="40" /><T77/><D77/><U123/><E123/><V39/><F39/><W50/><G17/><T19/><D19/><U114/><E114/><V2/><F22/><W112/><G112/><T57/><D57/><U43/><E110/><V61/><REACH who="2" step="1"/><F67/><REACH who="2" step="2"/><W129/><G59/><T28/><D28/><U56/><E56/><V45/><F45/><W23/><G58/><T10/><D10/><U120/><E120/><V111/><F111/><W20/><G11/><T36/><D36/><U21/><E21/><V102/><AGARI ba="1,1" hai="2,4,8,16,18,61,64,69,89,92,95,97,99,102" machi="102" ten="20,16000,3" yaku="1,1,0,1,7,1,52,1,54,1,53,3" doraHai="0,40" doraHaiUra="35,93" who="2" fromWho="2" sc="490,-81,10,-41,240,173,250,-41" owari="409,16,-31,-43,413,41,209,-14" /></mjloggm>