<mjloggm ver="2.3"><GO type="41"/><UN n0="%E3%82%A6%E3%83%AB%E3%83%88%E3%83%A9%E7%AB%8B%E7%9B%B4" n1="%E3%83%AC%E3%83%AD%E3%83%88%E3%83%A9%E3%83%BC" n2="%70%61%67%75%7A" n3="%36%31" dan="13,14,13,15" rate="1857,1841,1908,1955" sx="M,M,M,M"/><TAIKYOKU oya="0"/><INIT seed="0,0,0,0,5,20" ten="250,250,250,250" oya="0" hai0="93,91,64,32,87,37,67,126,70,1,33,135,8" hai1="94,88,72,39,60,50,95,4,18,65,119,125,134" hai2="38,11,26,74,124,5,49,58,31,56,107,23,122" hai3="35,51,120,90,54,81,110,78,68,7,116,57,52"/><T24/><D37/><U59/><E39/><V25/><F38/><W77/><G116/><T121/><D121/><U71/><E119/><V113/><F74/><W103/><G68/><T118/><D118/><U10/><E72/><V12/><F113/><W69/><G69/><T104/><D104/><U17/><E134/><V76/><F122/><W2/><G35/><T75/><D75/><U13/><E95/><V80/><F107/><W48/><G120/><T34/><D135/><U100/><E100/><V19/><F124/><W112/><G112/><T46/><D46/><U105/><E105/><V27/><F49/><W130/><G103/><T106/><D106/><U97/><E125/><V96/><F96/><W86/><G110/><T89/><D89/><U36/><E36/><V111/><F111/><W41/><G41/><T43/><D43/><U44/><E71/><V42/><F42/><AGARI ba="0,0" hai="4,10,13,17,18,42,44,50,59,60,65,88,94,97" machi="42" ten="30,3900,0" yaku="7,1,8,1,54,1" doraHai="20" who="1" fromWho="2" sc="250,0,250,39,250,-39,250,0" /><INIT seed="1,0,0,5,2,135" ten="250,289,211,250" oya="1" hai0="63,53,134,132,116,41,76,110,80,81,38,6,2" hai1="73,42,94,75,104,32,26,120,49,59,9,95,86" hai2="25,67,102,71,93,92,17,45,60,10,33,7,121" hai3="117,78,131,37,89,57,96,30,4,11,72,118,51"/><U83/><E104/><V0/><F121/><W84/><G37/><T123/><D116/><N who="3" m="44649" /><G30/><T21/><D6/><U111/><E120/><V1/><F102/><W122/><G122/><T97/><D2/><U114/><E114/><V52/><F0/><W99/><G131/><T15/><D97/><U90/><E9/><V82/><F82/><N who="3" m="45383" /><G51/><T113/><D80/><U70/><E70/><V74/><F74/><W112/><G57/><T47/><D113/><U65/><E73/><V12/><F33/><W39/><G39/><T105/><D81/><U91/><E75/><V68/><F25/><W35/><G35/><T85/><D123/><U61/><E111/><V88/><F71/><W36/><G36/><T108/><D108/><U124/><E32/><V44/><F1/><N who="3" m="399" /><G112/><T54/><D38/><U115/><E115/><V64/><F64/><W130/><G130/><T8/><D110/><U126/><E26/><V119/><F119/><W48/><G48/><T31/><D31/><U16/><E16/><V23/><F7/><W98/><G84/><T28/><D85/><U58/><E86/><V66/><F66/><W56/><G56/><T19/><D28/><U101/><E49/><V40/><F10/><W14/><G14/><T77/><D8/><U24/><E24/><V79/><F79/><W46/><G46/><T29/><D77/><U69/><E58/><V125/><F40/><W129/><G129/><T34/><D76/><U106/><E59/><V127/><F93/><AGARI ba="0,0" hai="89,93,96,98,99" m="399,45383,44649" machi="93" ten="30,1000,0" yaku="12,1" doraHai="135" who="3" fromWho="2" sc="250,0,289,0,211,-10,250,10" /><INIT seed="2,0,0,2,2,21" ten="250,289,201,260" oya="2" hai0="132,62,108,46,63,128,59,124,117,36,28,135,64" hai1="73,121,125,35,27,105,102,90,111,8,81,134,10" hai2="72,15,55,6,42,70,11,76,89,5,93,20,57" hai3="52,66,24,23,41,112,84,13,44,49,18,61,29"/><V107/><F70/><W133/><G133/><N who="0" m="51275" /><D28/><U79/><E134/><V58/><F107/><W60/><G112/><T43/><D108/><U122/><E111/><V95/><F42/><W50/><G66/><N who="0" m="39263" /><D124/><U22/><E125/><V130/><F130/><W113/><G113/><T19/><D19/><U17/><E35/><V39/><F39/><W103/><G103/><T68/><D128/><U56/><E56/><V82/><F20/><N who="3" m="15495" /><G84/><T71/><D71/><U0/><E90/><V45/><F45/><AGARI ba="0,0" hai="13,18,23,41,44,45,49,50,52,60,61" m="15495" machi="45" ten="30,3900,0" yaku="8,1,52,1,54,1" doraHai="21" who="3" fromWho="2" sc="250,0,289,0,201,-39,260,39" /><INIT seed="3,0,0,3,3,134" ten="250,289,162,299" oya="3" hai0="130,1,39,103,61,122,78,21,8,53,126,65,104" hai1="24,10,127,12,69,68,2,87,19,16,55,5,29" hai2="119,51,75,23,35,54,79,14,97,11,105,95,27" hai3="109,98,38,0,72,50,9,93,43,131,81,46,129"/><W110/><G50/><T124/><D122/><U49/><E19/><V106/><F119/><W77/><G93/><T101/><D53/><U108/><E87/><V128/><F128/><N who="3" m="49227" /><G98/><N who="0" m="61495" /><D103/><U26/><E24/><V64/><F64/><W70/><G70/><N who="0" m="42287" /><D21/><U83/><E83/><V45/><F35/><W20/><G20/><T99/><D99/><U113/><E113/><V42/><F75/><W47/><G47/><T60/><D60/><U88/><E88/><V17/><F79/><W18/><G18/><T73/><D39/><U86/><E86/><V58/><F106/><W41/><G41/><T100/><D100/><U40/><E40/><V28/><F105/><W31/><G31/><T114/><D114/><U22/><E108/><N who="3" m="41578" /><G9/><T82/><D130/><U7/><E55/><V25/><F25/><W91/><G91/><T3/><D8/><U111/><E49/><V15/><F15/><W13/><G13/><T6/><D6/><U115/><E7/><V125/><F125/><AGARI ba="0,0" hai="1,3,73,78,82,124,125,126" m="42287,61495" machi="125" ten="30,8000,1" yaku="18,1,23,1,52,3" doraHai="134" who="0" fromWho="2" sc="250,80,289,0,162,-80,299,0" /><INIT seed="4,0,0,3,1,118" ten="330,289,82,299" oya="0" hai0="61,127,51,14,79,21,7,47,11,24,41,26,76" hai1="95,102,92,31,120,49,101,131,35,80,105,82,27" hai2="91,25,57,50,126,81,4,119,9,108,72,78,19" hai3="121,13,55,123,46,28,66,86,115,1,68,85,88"/><T60/><D127/><U43/><E131/><V36/><F126/><W97/><G1/><T29/><D26/><U107/><E43/><V98/><F119/><W74/><G74/><T116/><D116/><U130/><E130/><V106/><F108/><W113/><G28/><T129/><D129/><U39/><E39/><V112/><F36/><W124/><G124/><T103/><D103/><U44/><E44/><V53/><F112/><N who="3" m="43083" /><G13/><T63/><AGARI ba="0,0" hai="7,11,14,21,24,29,41,47,51,60,61,63,76,79" machi="63" ten="30,3000,0" yaku="0,1,8,1" doraHai="118" who="0" fromWho="0" sc="330,30,289,-10,82,-10,299,-10" /><INIT seed="4,1,0,0,2,47" ten="360,279,72,289" oya="0" hai0="29,18,99,121,126,49,115,62,27,34,22,83,68" hai1="67,134,4,7,131,102,32,123,1,55,119,19,51" hai2="15,28,16,113,122,56,73,87,66,77,104,114,91" hai3="111,45,86,65,125,127,107,108,124,43,95,14,112"/><T81/><D121/><U109/><E32/><V30/><F122/><W35/><G107/><T120/><D120/><U33/><E123/><V135/><F104/><W117/><G117/><T61/><D126/><U100/><E33/><V0/><F0/><W133/><G35/><T26/><D115/><U2/><E119/><V80/><F135/><W41/><G112/><T12/><D12/><U52/><E134/><V23/><F114/><W54/><G133/><T84/><D99/><U76/><E76/><V36/><F36/><W58/><G14/><T25/><D25/><U88/><E19/><V50/><F113/><W116/><G116/><T94/><D94/><U48/><E67/><V20/><F20/><W70/><G86/><T129/><D129/><U82/><E82/><V78/><F78/><W85/><G85/><T89/><D68/><U11/><E131/><V17/><F17/><W39/><G95/><T106/><D106/><U79/><E79/><V3/><F3/><W93/><G43/><T57/><D81/><U97/><E109/><V110/><F110/><W42/><G42/><T98/><D98/><U46/><E88/><V37/><F37/><W74/><G93/><T101/><D101/><U59/><E97/><V38/><F38/><W69/><G74/><T96/><D96/><U8/><AGARI ba="1,0" hai="1,2,4,7,8,11,46,48,51,52,55,59,100,102" machi="8" ten="30,8000,1" yaku="0,1,9,1,52,2,54,1" doraHai="47" who="1" fromWho="1" sc="360,-41,279,83,72,-21,289,-21" /><INIT seed="5,0,0,5,1,64" ten="319,362,51,268" oya="1" hai0="41,67,103,53,9,127,32,130,80,4,86,60,106" hai1="72,133,129,85,33,109,8,124,104,81,55,95,10" hai2="30,42,118,16,112,108,79,37,28,31,58,50,119" hai3="117,115,1,128,61,132,69,126,44,120,52,78,97"/><U134/><E33/><V62/><F108/><W114/><G1/><T17/><D127/><U25/><E109/><V65/><F37/><W24/><G117/><T12/><D32/><U135/><E104/><V54/><F112/><N who="3" m="43051" /><G120/><T68/><D130/><U23/><E129/><V49/><F42/><W27/><G128/><T102/><D41/><U73/><E95/><V100/><F49/><N who="3" m="28711" /><G78/><T89/><D106/><U19/><E124/><V88/><F79/><W40/><G40/><T92/><D53/><U5/><E55/><V57/><F100/><W75/><G75/><N who="1" m="28746" /><E5/><V91/><REACH who="2" step="1"/><F16/><REACH who="2" step="2"/><W74/><G126/><T21/><REACH who="0" step="1"/><D80/><REACH who="0" step="2"/><U59/><E59/><V34/><F34/><W29/><G132/><T22/><D22/><U51/><E51/><V66/><F66/><W116/><G116/><AGARI ba="0,2" hai="28,30,31,50,54,57,58,62,65,88,91,116,118,119" machi="116" ten="40,5200,0" yaku="1,1,54,1,53,1" doraHai="64" doraHaiUra="47" who="2" fromWho="3" sc="309,0,362,0,41,72,268,-52" /><INIT seed="6,0,0,2,0,103" ten="309,362,113,216" oya="2" hai0="40,76,111,10,17,48,102,78,75,119,101,7,62" hai1="39,63,113,67,3,13,135,18,132,57,133,59,91" hai2="131,2,37,126,49,90,106,9,33,71,24,11,95" hai3="43,31,82,28,21,47,51,94,4,5,85,134,87"/><V83/><F71/><W98/><G134/><T34/><D34/><U14/><E3/><V92/><F37/><W30/><G21/><T120/><D120/><U38/><E113/><V20/><F106/><W129/><G129/><T72/><D17/><U36/><E91/><V46/><F131/><W109/><G109/><T105/><D62/><U26/><E26/><V80/><F33/><W1/><G1/><T16/><D16/><U124/><E124/><V56/><F126/><W6/><REACH who="3" step="1"/><G82/><REACH who="3" step="2"/><N who="0" m="45319" /><D111/><U0/><E0/><V79/><F83/><W128/><G128/><T110/><D110/><U55/><E18/><V68/><F2/><W99/><G99/><T54/><D7/><U127/><REACH who="1" step="1"/><E127/><REACH who="1" step="2"/><V108/><F108/><W73/><G73/><T61/><D75/><U114/><E114/><V52/><F11/><W15/><G15/><T32/><D119/><U35/><E35/><V107/><F9/><W100/><AGARI ba="0,2" hai="4,5,6,28,30,31,43,47,51,85,87,94,98,100" machi="100" ten="30,12000,2" yaku="1,1,0,1,8,1,53,3" doraHai="103" doraHaiUra="27" who="3" fromWho="3" sc="309,-30,352,-30,113,-60,206,140" /><INIT seed="7,0,0,1,3,5" ten="279,322,53,346" oya="3" hai0="113,135,115,2,77,124,75,114,90,99,49,64,9" hai1="39,55,51,31,40,61,131,12,52,47,48,76,126" hai2="108,42,13,66,65,53,128,32,63,24,35,132,116" hai3="59,107,1,98,105,85,87,57,89,37,91,129,11"/><W93/><G37/><T104/><D64/><U121/><E121/><V14/><F116/><W17/><G129/><T22/><D22/><U44/><E131/><V43/><F128/><W123/><G123/><T96/><D49/><U73/><E31/><V95/><F132/><W4/><G17/><T80/><D2/><U36/><E73/><V50/><F108/><W92/><G98/><T23/><D23/><U119/><E76/><V82/><F82/><W69/><G69/><T84/><D9/><U130/><E130/><V28/><F95/><W68/><G68/><T56/><D56/><AGARI ba="0,0" hai="1,4,11,56,57,59,85,87,89,91,92,93,105,107" machi="56" ten="40,3900,0" yaku="9,1,52,1" doraHai="5" who="3" fromWho="0" sc="279,-39,322,0,53,0,346,39" owari="240,-16,322,12,53,-45,385,49" /></mjloggm>