<mjloggm ver="2.3"><GO type="41"/><UN n0="%E3%82%A2%E3%83%95%E3%83%AD%E3%82%B5%E3%83%A0%E3%83%A9%E3%82%A4" n1="%E3%81%93%E3%83%BC%E3%81%9F%E3%82%93" n2="%E3%82%A6%E3%83%AB%E3%83%88%E3%83%A9%E7%AB%8B%E7%9B%B4" n3="%E3%81%8B%E3%81%BB%E3%82%8A%E3%81%95%E3%82%93" dan="14,13,15,15" rate="1944,1811,1946,1953" sx="M,M,M,F"/><TAIKYOKU oya="0"/><INIT seed="0,0,0,2,3,112" ten="250,250,250,250" oya="0" hai0="69,126,57,111,20,43,21,9,104,131,29,113,3" hai1="36,67,125,39,18,24,49,17,64,70,33,133,26" hai2="61,99,79,66,96,30,75,12,118,94,22,107,11" hai3="14,102,7,124,4,60,98,93,81,80,88,19,46"/><T50/><D104/><U58/><E33/><V74/><F107/><W23/><G124/><T78/><D113/><U56/><E49/><V105/><F105/><W59/><G46/><T53/><D69/><U127/><REACH who="1" step="1"/><E70/><REACH who="1" step="2"/><V40/><F61/><W73/><G73/><T38/><D126/><U63/><E63/><V32/><F32/><W48/><G48/><T54/><D131/><U90/><E90/><V110/><F75/><W47/><G47/><T97/><D111/><U76/><E76/><V10/><F79/><W109/><G109/><T68/><D78/><U8/><E8/><V134/><F11/><W132/><G132/><AGARI ba="0,1" hai="17,18,24,26,36,39,56,58,64,67,125,127,132,133" machi="132" ten="25,3200,0" yaku="1,1,22,2,53,0" doraHai="112" doraHaiUra="120" who="1" fromWho="3" sc="250,0,240,42,250,0,250,-32" /><INIT seed="1,0,0,5,5,37" ten="250,282,250,218" oya="1" hai0="60,121,132,135,24,41,22,71,43,38,14,92,47" hai1="80,25,100,125,28,34,94,13,99,7,8,63,68" hai2="119,46,27,53,104,88,97,118,82,61,114,85,17" hai3="11,86,55,58,57,93,12,98,103,35,78,130,110"/><U120/><E125/><V107/><F114/><W122/><G122/><T77/><D121/><U72/><E120/><V32/><F104/><W40/><G35/><T39/><D77/><U87/><E72/><V126/><F126/><W129/><G110/><T117/><D14/><U90/><E68/><V0/><F0/><W75/><G75/><T112/><D112/><U67/><E63/><V6/><F6/><W83/><G40/><T50/><D117/><U18/><E67/><V108/><F108/><W69/><G69/><T66/><D92/><U81/><REACH who="1" step="1"/><E7/><REACH who="1" step="2"/><V59/><F118/><W70/><G70/><T89/><D135/><U79/><E79/><V91/><F119/><W124/><G124/><T96/><D132/><U64/><E64/><V116/><F116/><W133/><G133/><T113/><D113/><U42/><E42/><V131/><F61/><W30/><G55/><T9/><D38/><U101/><E101/><V52/><F53/><W111/><G111/><T56/><D39/><U45/><E45/><V16/><F52/><W33/><G58/><T15/><D71/><U106/><AGARI ba="0,1" hai="8,13,18,25,28,34,80,81,87,90,94,99,100,106" machi="106" ten="20,3900,0" yaku="1,1,0,1,7,1,53,0" doraHai="37" doraHaiUra="2" who="1" fromWho="1" sc="250,-13,272,49,250,-13,218,-13" /><INIT seed="1,1,0,4,5,10" ten="237,321,237,205" oya="1" hai0="24,55,104,67,62,108,99,34,33,116,113,45,46" hai1="98,73,0,1,131,19,133,44,94,119,79,58,74" hai2="101,85,59,115,92,109,125,2,30,18,40,3,102" hai3="78,36,120,86,23,80,65,123,22,70,100,129,56"/><U96/><E119/><V82/><F30/><W60/><G36/><T110/><D116/><U75/><E79/><V132/><F40/><W71/><G129/><T35/><D113/><U130/><E133/><V25/><F3/><W21/><REACH who="3" step="1"/><G100/><REACH who="3" step="2"/><T134/><D134/><U114/><E114/><V13/><F102/><W135/><G135/><T88/><D110/><U41/><E131/><V107/><F101/><W118/><G118/><T95/><D104/><U121/><E130/><V48/><F115/><W128/><G128/><T105/><D105/><U20/><E121/><AGARI ba="1,1" hai="21,22,23,56,60,65,70,71,78,80,86,120,121,123" machi="121" ten="40,2600,0" yaku="1,1,53,1" doraHai="10" doraHaiUra="53" who="3" fromWho="1" sc="237,0,321,-29,237,0,195,39" /><INIT seed="2,0,0,1,5,59" ten="237,292,237,234" oya="2" hai0="19,97,76,73,57,11,44,20,124,114,63,93,112" hai1="25,2,78,60,31,102,37,4,87,43,92,7,99" hai2="15,77,120,113,48,18,64,81,129,104,70,88,91" hai3="62,116,27,56,14,118,119,135,75,122,42,90,47"/><V74/><F120/><W54/><G75/><T13/><D124/><U123/><E123/><V17/><F113/><W131/><G122/><T50/><D76/><U89/><E78/><V34/><F104/><W108/><G27/><T79/><D79/><U66/><E43/><V105/><F105/><W12/><G108/><T28/><D73/><U127/><E37/><V83/><F34/><W84/><G135/><T24/><D50/><U46/><E46/><V9/><F129/><W51/><REACH who="3" step="1"/><G131/><REACH who="3" step="2"/><T35/><D35/><U26/><E127/><V132/><F132/><W133/><G133/><T8/><D44/><U16/><E26/><V98/><F74/><W6/><G6/><T103/><REACH who="0" step="1"/><D8/><REACH who="0" step="2"/><U100/><E2/><V21/><F9/><W32/><G32/><T68/><D68/><U5/><E25/><V36/><F70/><W71/><G71/><T94/><D94/><AGARI ba="0,2" hai="12,14,42,47,51,54,56,62,84,90,94,116,118,119" machi="94" ten="40,5200,0" yaku="1,1,52,1,53,1" doraHai="59" doraHaiUra="85" who="3" fromWho="0" sc="227,-52,292,0,237,0,224,72" /><INIT seed="3,0,0,3,1,60" ten="175,292,237,296" oya="3" hai0="43,110,53,95,81,21,7,22,45,126,37,5,35" hai1="74,33,93,114,56,89,103,71,55,30,99,108,78" hai2="63,48,67,135,91,90,111,57,17,54,80,66,124" hai3="75,131,47,94,100,77,84,13,20,109,0,8,38"/><W46/><G131/><T132/><D35/><U73/><E114/><V68/><F124/><W34/><G34/><T97/><D126/><U58/><E71/><V12/><F135/><W129/><G129/><T64/><D132/><U116/><E116/><V31/><F111/><W25/><G0/><T115/><D115/><U23/><E33/><V88/><F31/><W102/><G109/><T113/><D113/><U61/><E108/><V106/><F106/><W29/><G75/><T127/><D53/><U14/><E78/><V128/><F128/><W36/><G38/><T65/><D110/><U134/><E134/><V52/><F68/><W76/><G36/><T107/><D107/><U121/><E121/><V83/><F83/><N who="3" m="47207" /><G77/><T82/><D127/><U120/><E120/><V96/><F96/><N who="3" m="59415" /><G102/><N who="0" m="60735" /><D37/><U59/><E74/><V3/><F3/><W123/><G123/><T130/><D43/><U44/><E73/><V125/><F80/><N who="0" m="30826" /><D45/><U72/><E72/><V98/><F98/><W40/><G40/><T1/><D1/><U9/><E103/><V42/><F42/><W26/><G26/><T18/><D130/><U85/><E99/><V27/><F27/><W19/><AGARI ba="0,0" hai="8,13,19,20,25,29,46,47" m="59415,47207" machi="19" ten="30,1500,0" yaku="8,1" doraHai="60" who="3" fromWho="3" sc="175,-5,292,-5,237,-5,296,15" /><INIT seed="3,1,0,0,0,97" ten="170,287,232,311" oya="3" hai0="13,41,71,107,17,33,51,75,129,44,4,100,73" hai1="6,35,63,103,104,85,94,57,76,108,123,96,26" hai2="16,55,38,34,30,3,10,121,43,117,48,21,91" hai3="87,25,18,122,120,79,89,114,116,131,54,125,93"/><W49/><G116/><T66/><D129/><U90/><E123/><V22/><F43/><W95/><G131/><T46/><D33/><U124/><E108/><V109/><F38/><W20/><G114/><T36/><D4/><U59/><E124/><V92/><F117/><W60/><G125/><T112/><D112/><U115/><E115/><V128/><F109/><W88/><G79/><T72/><D66/><U56/><E6/><V32/><F128/><W82/><G82/><T102/><D107/><U40/><E40/><V7/><F22/><W130/><G130/><T11/><REACH who="0" step="1"/><D71/><REACH who="0" step="2"/><U67/><E35/><V118/><F118/><W23/><G20/><T133/><D133/><U99/><E26/><V31/><F121/><W45/><G60/><T134/><D134/><U132/><E132/><V81/><F32/><W29/><G29/><T24/><D24/><U2/><E2/><V15/><F34/><W47/><G122/><T1/><D1/><U111/><E111/><V52/><F31/><W74/><G120/><T113/><D113/><U0/><E0/><V12/><F3/><W106/><G106/><T83/><D83/><U14/><E14/><V50/><F30/><W64/><G64/><T42/><AGARI ba="1,1" hai="11,13,17,36,41,42,44,46,51,72,73,75,100,102" machi="42" ten="40,8000,1" yaku="1,1,0,1,52,2,53,0" doraHai="97" doraHaiUra="27" who="0" fromWho="0" sc="160,93,287,-21,232,-21,311,-41" /><INIT seed="4,0,0,1,0,64" ten="253,266,211,270" oya="0" hai0="10,130,12,34,80,18,94,8,84,116,6,53,7" hai1="58,135,45,72,75,105,46,44,20,59,86,52,87" hai2="106,83,119,127,24,109,19,14,103,133,91,97,77" hai3="122,32,40,81,33,4,89,1,74,104,123,51,111"/><T38/><D38/><U62/><E105/><V69/><F24/><W3/><G111/><T129/><D116/><U132/><E20/><V96/><F19/><W49/><G104/><T108/><D34/><N who="3" m="13417" /><G40/><T13/><D94/><U101/><E101/><V39/><F14/><W134/><G89/><T71/><D71/><U23/><E23/><V73/><F39/><W67/><G134/><N who="1" m="51242" /><E59/><V114/><F69/><W79/><G51/><T27/><D18/><U42/><E42/><V11/><F11/><W35/><G49/><T125/><D27/><U98/><E98/><N who="2" m="61815" /><F133/><W115/><G115/><T30/><D30/><U56/><E56/><V117/><F109/><W63/><G35/><T55/><D108/><U93/><E93/><N who="2" m="56383" /><F114/><W60/><G4/><T113/><D113/><U92/><E92/><V50/><F50/><W54/><G54/><T100/><D100/><U88/><E88/><V126/><F97/><W120/><G63/><T85/><REACH who="0" step="1"/><D80/><REACH who="0" step="2"/><U41/><E41/><V95/><F95/><W61/><G61/><T66/><D66/><U112/><E112/><V102/><F102/><W25/><G25/><T16/><D16/><U82/><E82/><V22/><F22/><W128/><G81/><T29/><D29/><U57/><E57/><V48/><F48/><W36/><G36/><T43/><D43/><U28/><E28/><V118/><AGARI ba="0,1" hai="73,77,83,117,118,119,126,127" m="56383,61815" machi="118" ten="40,5200,0" yaku="12,1,34,2" doraHai="64" who="2" fromWho="2" sc="243,-26,266,-13,211,62,270,-13" /><INIT seed="5,0,0,4,4,46" ten="217,253,273,257" oya="1" hai0="9,28,12,74,56,61,14,89,5,91,123,16,130" hai1="81,83,66,43,13,126,64,118,18,52,6,19,111" hai2="39,68,42,113,2,71,4,54,129,72,79,44,55" hai3="105,31,37,135,121,8,85,34,24,20,57,115,104"/><U120/><E120/><V35/><F35/><W90/><G121/><T45/><D123/><U33/><E33/><V98/><F98/><W32/><G135/><T59/><D74/><U106/><E106/><V29/><F29/><W10/><G115/><T1/><D28/><U78/><E118/><V122/><F122/><W80/><G37/><T99/><D1/><U26/><E43/><V108/><F108/><W112/><G112/><T117/><D117/><U38/><E38/><V128/><F113/><W102/><G105/><T3/><D3/><U65/><E111/><V58/><F55/><W131/><G131/><N who="2" m="50249" /><F4/><W7/><G10/><T22/><D130/><U133/><E133/><V73/><F2/><W62/><G102/><T27/><D27/><U92/><E126/><V124/><F124/><W17/><G104/><T103/><D45/><U109/><E109/><V53/><F53/><W0/><REACH who="3" step="1"/><G31/><REACH who="3" step="2"/><T48/><D103/><U94/><E6/><V25/><F39/><W30/><G30/><T87/><D99/><U114/><E114/><V36/><F72/><W63/><G63/><T110/><D110/><U41/><E26/><V88/><F25/><W15/><G15/><T51/><D61/><U69/><E13/><V76/><F73/><W95/><G95/><N who="0" m="54719" /><D91/><U11/><E92/><V86/><F79/><W67/><AGARI ba="0,1" hai="0,7,8,17,20,24,32,34,57,62,67,80,85,90" machi="67" ten="20,2700,0" yaku="1,1,0,1,7,1,53,0" doraHai="46" doraHaiUra="134" who="3" fromWho="3" sc="217,-7,253,-13,273,-7,247,37" /><INIT seed="6,0,0,1,3,38" ten="210,240,266,284" oya="2" hai0="12,52,118,107,99,44,20,8,111,80,85,102,127" hai1="59,37,7,114,92,89,61,13,67,4,28,16,40" hai2="43,35,124,62,98,84,133,100,23,110,1,41,32" hai3="17,50,126,120,125,82,69,11,53,51,70,76,29"/><V83/><F1/><W6/><G120/><T87/><D118/><U104/><E114/><V77/><F35/><W97/><G29/><T42/><D127/><U54/><E28/><V64/><F32/><W10/><G97/><T90/><D111/><U123/><E104/><V58/><F124/><N who="3" m="47723" /><G51/><T122/><D20/><U49/><E37/><V36/><F36/><W57/><G17/><T66/><D66/><U5/><E123/><V15/><F110/><W71/><G6/><T101/><D87/><AGARI ba="0,0" hai="10,11,50,53,57,69,70,71,76,82,87" m="47723" machi="87" ten="40,1300,0" yaku="18,1" doraHai="38" who="3" fromWho="0" sc="210,-13,240,0,266,0,284,13" /><INIT seed="7,0,0,2,2,131" ten="197,240,266,297" oya="3" hai0="124,26,109,53,66,10,135,20,44,86,41,30,129" hai1="132,97,23,101,37,8,21,6,88,75,27,74,80" hai2="95,54,114,71,79,15,108,90,50,24,125,115,81" hai3="58,48,9,69,56,72,111,130,11,57,105,43,64"/><W19/><G105/><T68/><D129/><U51/><E37/><V122/><F71/><W113/><G130/><T25/><D109/><U106/><E51/><V33/><F15/><W83/><G72/><T55/><D124/><U121/><E121/><V118/><F118/><W116/><G116/><T4/><D135/><U126/><E23/><V3/><F3/><W120/><G120/><T46/><D66/><U96/><E126/><V98/><F125/><W22/><G113/><N who="2" m="43017" /><F108/><W38/><G111/><T28/><D68/><U87/><E97/><V61/><F61/><N who="3" m="37927" /><G38/><T104/><D104/><U91/><E91/><V2/><F2/><W99/><G99/><T14/><D86/><U119/><E132/><V133/><F133/><W117/><G69/><T82/><D82/><U29/><REACH who="1" step="1"/><E119/><REACH who="1" step="2"/><V32/><F122/><W39/><G117/><T67/><D67/><U112/><E112/><V59/><F24/><N who="3" m="14431" /><G39/><T85/><D46/><U60/><E60/><V127/><F127/><W5/><G83/><T17/><D44/><U49/><E49/><V102/><F102/><W7/><G48/><T36/><D36/><U35/><E35/><V94/><F94/><W110/><G110/><T18/><D41/><U34/><E34/><V107/><F107/><W0/><G43/><T93/><D55/><U42/><E42/><V123/><F123/><W128/><G128/><T52/><D53/><U1/><AGARI ba="0,1" hai="1,6,8,21,27,29,74,75,80,87,88,96,101,106" machi="1" ten="20,5200,0" yaku="1,1,0,1,7,1,54,1,53,0" doraHai="131" doraHaiUra="89" who="1" fromWho="1" sc="197,-13,230,62,266,-13,297,-26" /><INIT seed="8,0,0,2,3,4" ten="184,292,253,271" oya="0" hai0="12,57,86,68,38,109,26,47,93,80,60,62,111" hai1="19,13,35,85,64,41,91,123,61,7,24,113,32" hai2="121,53,124,46,84,88,15,9,67,11,44,112,55" hai3="70,78,58,5,101,117,133,36,118,76,92,81,40"/><T122/><D122/><U51/><E123/><V69/><F69/><W29/><G70/><T134/><D134/><U128/><E7/><N who="2" m="3519" /><F121/><W0/><G29/><T6/><D68/><U71/><E113/><V50/><F112/><W95/><G58/><T45/><D38/><U1/><E1/><V59/><F124/><W87/><G133/><T17/><D26/><U126/><E126/><V106/><F106/><W130/><G36/><T14/><D93/><U23/><E128/><V31/><F31/><W107/><G40/><T42/><D42/><U131/><E131/><V96/><F96/><N who="3" m="61863" /><G5/><T115/><D62/><U75/><E75/><V97/><F97/><W77/><G0/><T104/><D104/><U43/><E24/><V119/><F67/><W34/><G34/><T72/><D72/><U98/><E98/><V135/><F135/><W22/><G22/><N who="0" m="11559" /><D115/><U25/><E25/><V33/><F33/><W18/><G18/><T79/><D14/><U99/><E99/><V65/><F65/><W27/><G27/><T82/><D82/><N who="1" m="49591" /><E43/><V108/><F119/><N who="3" m="45579" /><G130/><T10/><D6/><U48/><E41/><V89/><F108/><N who="0" m="41546" /><D47/><N who="2" m="17962" /><F55/><W21/><G21/><T8/><D45/><U132/><E132/><V90/><F84/><W100/><G100/><T54/><AGARI ba="0,0" hai="8,10,54,57,60,79,80,86" m="41546,11559" machi="54" ten="30,6000,0" yaku="10,1,52,2" doraHai="4" who="0" fromWho="0" sc="184,60,292,-20,253,-20,271,-20" /><INIT seed="8,1,0,0,0,134" ten="244,272,233,251" oya="0" hai0="90,66,130,104,82,84,86,114,91,57,95,1,58" hai1="44,105,34,94,126,115,8,35,131,97,6,18,13" hai2="83,22,23,80,78,111,121,37,33,17,24,30,15" hai3="93,135,81,118,100,68,119,107,76,103,112,71,31"/><T110/><D114/><U14/><E105/><V106/><F37/><W132/><G112/><T74/><D1/><U123/><E123/><V38/><F121/><W27/><G107/><T32/><D32/><U2/><E115/><V52/><F111/><W75/><G71/><T21/><D110/><U116/><E131/><V19/><F38/><W129/><G68/><T42/><D104/><U45/><E2/><V122/><F122/><W108/><G108/><T73/><D42/><U133/><E133/><N who="3" m="51274" /><G129/><T125/><D130/><U43/><E45/><V5/><F106/><W48/><G48/><T98/><D125/><U79/><E126/><V47/><F5/><W36/><G36/><T41/><D41/><U46/><E79/><V28/><F33/><N who="3" m="20735" /><G93/><T54/><D98/><U3/><E3/><V77/><F80/><W9/><G9/><T16/><D66/><U49/><E46/><V64/><F64/><W127/><G127/><T55/><D55/><U72/><E72/><V92/><F92/><W50/><G50/><N who="0" m="30935" /><D58/><U20/><E116/><AGARI ba="1,0" hai="75,76,81,100,103,116,118,119" m="20735,51274" machi="116" ten="30,2000,0" yaku="16,1,20,1" doraHai="134" who="3" fromWho="1" sc="244,0,272,-23,233,0,251,23" /><INIT seed="9,0,0,5,1,112" ten="244,249,233,274" oya="1" hai0="121,64,14,13,119,21,97,104,32,0,55,76,26" hai1="23,29,73,111,118,130,127,15,120,87,10,6,94" hai2="60,90,101,63,9,102,25,24,74,78,128,43,86" hai3="18,124,91,70,107,72,84,46,49,44,133,59,42"/><U17/><E73/><V19/><F74/><W114/><G114/><T3/><D64/><U16/><E120/><V110/><F78/><W69/><G72/><T116/><D76/><U56/><E111/><V93/><F110/><W95/><G107/><T62/><D121/><U67/><E130/><V123/><F123/><W66/><G133/><T48/><D62/><N who="2" m="23594" /><F43/><W115/><G115/><T45/><D32/><U2/><E67/><V134/><F134/><W106/><G106/><T47/><D104/><U41/><E41/><V4/><F4/><W20/><G124/><T65/><D65/><U8/><E56/><V88/><F90/><W98/><G66/><T28/><D97/><U5/><E94/><V53/><F53/><N who="3" m="32175" /><G70/><T125/><D47/><N who="3" m="17961" /><G69/><T39/><D39/><U122/><E87/><V61/><N who="2" m="23602" /><V31/><DORA hai="40" /><F128/><W85/><G42/><T52/><D55/><U22/><E127/><V113/><F113/><W100/><G100/><N who="2" m="38505" /><F31/><W83/><G83/><T89/><D89/><U68/><E68/><V38/><F38/><W105/><G105/><T129/><D125/><U35/><E122/><V12/><AGARI ba="0,0" hai="9,12,19,24,25,86,88,93" m="38505,23602" machi="12" ten="40,2700,0" yaku="8,1,54,1" doraHai="112,40" who="2" fromWho="2" sc="244,-7,249,-13,233,27,274,-7" /><INIT seed="10,0,0,5,1,133" ten="237,236,260,267" oya="2" hai0="72,82,107,92,83,57,13,125,27,96,91,94,116" hai1="42,65,44,81,131,110,109,64,63,17,36,80,43" hai2="99,66,15,30,68,88,10,129,90,132,22,95,16" hai3="106,123,58,97,29,6,0,56,14,67,113,77,86"/><V9/><F132/><W102/><G123/><T62/><D116/><U18/><E131/><V87/><F129/><W34/><G0/><T23/><D13/><U53/><E53/><V104/><F104/><W126/><G113/><T60/><D60/><U101/><E101/><V76/><F76/><W55/><G34/><T37/><D107/><U5/><E5/><V85/><F68/><W35/><G35/><T75/><D37/><U48/><E63/><V105/><F66/><W79/><G29/><T70/><D70/><U128/><E128/><V121/><F121/><W21/><G77/><T7/><D7/><U39/><E48/><V118/><F118/><W69/><G69/><T71/><D71/><U103/><E103/><V41/><F41/><W51/><G67/><N who="0" m="39375" /><D75/><U32/><REACH who="1" step="1"/><E32/><REACH who="1" step="2"/><V98/><F105/><W1/><G106/><T134/><D134/><U124/><E124/><V38/><F38/><W54/><G126/><T100/><D125/><U89/><E89/><V117/><F117/><W25/><G102/><T31/><D72/><U8/><E8/><V108/><F10/><W78/><G6/><T74/><D74/><U115/><E115/><V19/><F90/><W135/><G135/><T11/><D11/><U40/><E40/><V47/><F9/><W24/><G51/><T3/><D3/><U120/><E120/><V12/><F88/><W46/><G1/><T45/><D45/><AGARI ba="0,1" hai="17,18,36,39,42,43,44,45,64,65,80,81,109,110" machi="45" ten="25,3200,0" yaku="1,1,22,2,53,0" doraHai="133" doraHaiUra="28" who="1" fromWho="0" sc="237,-32,226,42,260,0,267,0" /><INIT seed="11,0,0,4,1,46" ten="205,268,260,267" oya="3" hai0="95,10,31,94,45,44,74,0,87,16,116,63,61" hai1="128,26,7,6,5,73,11,124,24,113,23,38,102" hai2="49,129,47,48,111,67,9,107,69,86,80,34,112" hai3="119,37,28,125,42,123,58,131,13,2,115,1,53"/><W126/><G123/><T39/><D74/><U12/><E38/><V78/><F107/><W59/><G115/><T30/><D39/><U103/><E73/><V99/><F111/><W84/><G28/><T71/><D71/><U64/><E113/><V72/><F112/><W54/><G37/><T100/><D116/><U36/><E36/><V79/><F47/><W68/><G42/><T93/><D100/><N who="1" m="38443" /><E128/><V118/><F99/><W104/><G68/><T4/><D87/><U76/><E124/><N who="3" m="47722" /><G104/><T109/><D109/><U32/><E32/><V43/><F43/><W91/><G119/><T65/><D65/><U90/><E76/><V114/><F114/><W51/><G13/><N who="0" m="7223" /><D0/><U120/><E120/><V66/><F118/><W98/><G98/><T19/><D4/><N who="1" m="1643" /><E64/><N who="2" m="24619" /><F69/><W121/><G121/><T22/><D31/><U29/><E90/><V60/><F34/><W133/><G131/><T27/><D30/><U81/><E26/><V14/><F129/><W50/><G133/><T96/><D96/><U18/><N who="1" m="1651" /><U55/><DORA hai="40" /><E81/><AGARI ba="0,0" hai="1,2,50,51,53,54,58,59,81,84,91" m="47722" machi="81" ten="30,5800,0" yaku="18,1,52,2" doraHai="46,40" who="3" fromWho="1" sc="205,0,268,-58,260,0,267,58" owari="205,-29,210,-19,260,6,325,42" /></mjloggm>