<mjloggm ver="2.3"><GO type="1"/><UN n0="%70%72%6F%70" n1="%4A%61%67%64" n2="%4E%6F%4E%61%6D%65" n3="%E3%82%A6%E3%83%AB%E3%83%88%E3%83%A9%E7%AB%8B%E7%9B%B4" dan="10,1,0,9" rate="1850,1541,1500,1732" sx="M,M,M,M"/><TAIKYOKU oya="0"/><INIT seed="0,0,0,1,1,26" ten="250,250,250,250" oya="0" hai0="66,93,73,7,20,117,33,97,19,112,6,64,102" hai1="22,65,37,105,79,75,10,54,27,106,94,50,3" hai2="23,135,103,59,95,132,56,121,34,90,131,60,58" hai3="111,28,109,41,69,16,57,98,127,0,120,88,99" shuffle="mt19937ar,4DF6B7F7,E1AC5E54,E84926D0,4DA6F356,A29434E0,5D3D1F67,A7C78D94,53D2B9B4"/><T25/><D117/><U13/><E37/><V62/><F34/><W15/><G0/><T55/><D112/><U49/><E65/><V29/><F103/><W80/><G69/><T17/><D73/><U46/><E94/><V104/><F121/><W119/><G41/><T14/><D33/><U1/><E50/><V96/><F104/><W126/><G119/><T129/><D129/><U8/><E75/><V124/><F131/><W91/><G57/><N who="2" m="14593" /><V9/><DORA hai="63" /><F9/><W134/><G120/><T4/><D55/><U84/><E84/><V11/><F124/><N who="3" m="47659" /><G28/><T92/><REACH who="0" step="1"/><D93/><REACH who="0" step="2"/><U70/><E79/><V107/><F107/><N who="1" m="40969" /><E70/><V130/><F130/><W42/><G42/><T24/><D24/><U45/><E13/><V61/><F11/><AGARI ba="0,1" hai="4,6,7,11,14,17,19,20,25,64,66,92,97,102" machi="11" ten="40,12000,1" yaku="1,1,8,1,52,2,53,0" doraHai="26,63" doraHaiUra="125,51" who="0" fromWho="2" sc="240,130,250,0,250,-120,250,0" /><INIT seed="0,1,0,4,3,112" ten="370,250,130,250" oya="0" hai0="68,51,121,37,40,130,17,16,84,59,111,13,75" hai1="28,89,122,21,30,27,25,127,123,42,73,38,15" hai2="119,47,70,91,9,79,60,49,83,24,88,93,36" hai3="126,1,56,48,74,55,44,45,135,61,115,103,67" shuffle="mt19937ar,3D12B38B,C838184D,EACA157E,82D11D7F,85848F2A,7E152EE6,BA6C4E1C,6C26C599"/><T77/><D121/><N who="1" m="46091" /><E73/><V113/><F113/><W18/><BYE who="2" /><G1/><T128/><D68/><U106/><E106/><V32/><F32/><W52/><G74/><T39/><D75/><U133/><E89/><V0/><F0/><W86/><G103/><T94/><D17/><N who="1" m="10431" /><E42/><V131/><F131/><N who="0" m="50218" /><D111/><U65/><E65/><V22/><F22/><W63/><G86/><T8/><D59/><U82/><E82/><V53/><F53/><W95/><G95/><T92/><D77/><U114/><E38/><N who="0" m="14345" /><D84/><U10/><E114/><V72/><F72/><W7/><G7/><T69/><D69/><U46/><E46/><AGARI ba="1,0" hai="8,13,16,40,46,51,92,94" m="14345,50218" machi="46" ten="30,2900,0" yaku="19,1,54,1" doraHai="112" who="0" fromWho="1" sc="370,32,250,-32,130,0,250,0" /><INIT seed="0,2,0,0,4,36" ten="402,218,130,250" oya="0" hai0="41,13,43,123,98,54,17,116,105,106,82,86,38" hai1="46,30,112,79,67,90,16,64,103,0,7,132,76" hai2="42,92,125,73,121,55,74,99,70,95,102,110,2" hai3="113,65,60,11,93,118,94,77,111,59,39,61,62" shuffle="mt19937ar,B4654E4A,3FD68A94,E161D306,5C54B981,F3D3CF67,09D70421,72D7E751,E056C48F"/><T6/><D123/><U91/><E46/><V47/><F47/><W50/><G39/><T120/><D38/><U58/><E30/><V31/><F31/><W8/><G118/><T129/><D120/><U85/><E112/><V72/><F72/><W51/><G113/><T19/><D116/><U9/><E16/><V131/><F131/><W4/><G77/><N who="1" m="29770" /><E58/><V56/><F56/><W80/><G80/><T15/><D6/><U96/><E132/><V124/><F124/><W104/><G104/><T52/><D98/><U5/><E85/><V1/><F1/><W87/><G111/><T115/><D115/><U88/><E0/><V53/><F53/><W21/><G21/><T75/><D86/><U18/><E18/><V22/><F22/><W24/><G24/><T107/><D82/><U10/><E103/><V49/><F49/><W68/><G87/><T135/><D135/><U14/><E14/><N who="0" m="5129" /><D75/><U25/><E25/><V3/><F3/><W84/><G84/><T66/><D66/><N who="1" m="25131" /><E96/><V97/><F97/><W71/><G4/><AGARI ba="2,0" hai="4,5,7,9,10,88,90,91" m="25131,29770" machi="4" ten="30,7700,0" yaku="28,2,8,1,54,1" doraHai="36" who="1" fromWho="3" sc="402,0,218,83,130,0,250,-83" /><INIT seed="1,0,0,4,5,134" ten="402,301,130,167" oya="1" hai0="119,131,20,97,85,102,29,30,83,70,37,52,25" hai1="44,106,108,15,57,46,67,7,62,104,64,113,8" hai2="103,73,33,82,81,69,87,89,55,5,32,80,39" hai3="4,23,17,42,110,126,6,91,68,45,34,86,90" shuffle="mt19937ar,146193C3,1AB46BCF,DDE2AD98,9374082E,907B9BCB,49F5F26F,7A14B865,C03F52EF"/><U48/><E108/><V92/><F92/><W130/><G34/><T122/><D119/><U40/><E113/><V13/><F13/><W120/><G68/><T58/><D122/><U117/><E117/><V111/><F111/><W28/><G120/><T95/><D131/><U84/><E84/><V112/><F112/><W114/><G110/><T123/><D70/><U21/><E21/><V59/><F59/><W65/><G65/><T94/><D123/><U76/><E76/><V60/><F60/><W77/><G28/><T22/><D37/><U133/><E133/><V132/><F132/><W66/><G66/><T129/><D129/><U107/><REACH who="1" step="1"/><E46/><REACH who="1" step="2"/><V24/><F24/><W50/><G130/><T127/><D127/><U100/><E100/><V105/><F105/><W9/><G114/><T72/><D72/><U63/><E63/><V88/><F88/><W109/><G126/><T1/><D22/><U116/><E116/><V36/><F36/><W74/><G109/><T10/><D10/><U0/><E0/><V3/><F3/><W78/><G74/><T128/><D1/><U61/><E61/><V75/><F75/><W14/><G6/><T2/><D128/><U125/><E125/><V135/><F135/><W43/><G43/><T31/><D2/><U41/><E41/><V93/><F93/><W53/><G42/><T54/><D95/><U18/><E18/><V121/><F121/><W19/><G19/><N who="0" m="12447" /><D58/><U11/><E11/><V124/><F124/><W115/><G115/><T38/><D38/><U51/><E51/><V35/><F35/><W26/><G77/><AGARI ba="0,1" hai="29,30,31,52,54,77,83,85,94,97,102" m="12447" machi="77" ten="30,3900,0" yaku="6,1,8,1,54,1" doraHai="134" who="0" fromWho="3" sc="402,49,291,0,130,0,167,-39" /><INIT seed="2,0,0,2,5,103" ten="451,291,130,128" oya="2" hai0="57,71,37,5,110,14,132,65,1,26,131,24,15" hai1="62,43,108,67,47,127,69,28,70,118,119,31,58" hai2="38,89,50,78,74,45,6,80,87,4,63,30,42" hai3="96,85,95,105,20,0,86,109,134,48,25,77,98" shuffle="mt19937ar,108A7716,C6CB5676,C94B7374,9A264BA4,12E3BD83,62AAB44C,D8F0166E,D58E5378"/><V129/><F129/><W13/><G0/><T72/><D37/><N who="1" m="21999" /><E31/><V21/><F21/><W93/><G48/><T41/><D72/><U130/><E28/><V49/><F49/><W100/><G13/><T51/><D71/><N who="1" m="27147" /><E108/><V82/><F82/><N who="3" m="47311" /><G20/><T8/><D110/><U12/><E12/><V104/><F104/><N who="3" m="63495" /><G25/><T88/><D131/><U55/><E130/><V111/><F111/><W61/><G61/><T75/><D75/><U34/><E34/><V81/><F81/><W120/><G120/><T52/><D1/><U56/><E127/><V29/><F29/><W32/><G32/><T79/><D79/><U17/><E17/><V64/><F64/><W40/><G40/><T76/><D65/><U3/><E3/><V112/><F112/><W18/><G18/><T126/><D41/><U84/><E84/><V94/><F94/><W124/><G124/><T106/><D126/><U115/><E115/><V90/><F90/><N who="3" m="53463" /><G109/><T16/><D24/><U54/><E54/><V117/><F117/><N who="1" m="44553" /><E55/><V60/><F60/><W125/><G125/><T59/><D26/><U123/><E123/><V113/><F113/><W102/><G134/><T101/><D106/><AGARI ba="0,0" hai="95,98,102,105,106" m="53463,63495,47311" machi="106" ten="30,16000,3" yaku="35,5,52,3" doraHai="103" who="3" fromWho="0" sc="451,-160,291,0,130,0,128,160" /><INIT seed="3,0,0,1,2,100" ten="291,291,130,288" oya="3" hai0="114,117,91,101,32,3,39,0,89,74,46,27,111" hai1="121,132,127,126,65,40,77,115,81,125,58,112,5" hai2="128,6,8,120,78,76,62,11,130,14,7,66,1" hai3="55,36,61,53,68,129,56,26,24,105,131,109,31" shuffle="mt19937ar,40BE5CCD,1C190EE4,9058BB50,EB15AC0A,B31A5C10,BCD289C9,678000E0,600480B7"/><W107/><G36/><T92/><D117/><U17/><E58/><V99/><F99/><W123/><G123/><T98/><D74/><N who="1" m="43191" /><E65/><V104/><F104/><W102/><G68/><T33/><D114/><N who="1" m="43563" /><E17/><V9/><F9/><W48/><G109/><T37/><D111/><U59/><E59/><V135/><F135/><W124/><G124/><N who="1" m="31746" /><U70/><DORA hai="119" /><E40/><V88/><F88/><W2/><G2/><T85/><D46/><U44/><E44/><V49/><F49/><W60/><G102/><T57/><D57/><U122/><E5/><V20/><F20/><N who="3" m="15751" /><G26/><T90/><D27/><U96/><E96/><V113/><F113/><W51/><G51/><T79/><D79/><U67/><E132/><V30/><F30/><W23/><G23/><T134/><D134/><U25/><E25/><V118/><F118/><W47/><G60/><AGARI ba="0,0" hai="60,67,70,121,122" m="31746,43563,43191" machi="60" ten="50,8000,1" yaku="18,1,23,1,52,2" doraHai="100,119" who="1" fromWho="3" sc="291,0,291,80,130,0,288,-80" owari="291,4,371,37,130,-27,208,-14" /></mjloggm>