<mjloggm ver="2.3"><GO type="193"/><UN n0="%E5%AE%89%E3%82%81%E3%81%90%E3%81%BF" n1="%48%69%72%6F%7A" n2="%E3%82%A6%E3%83%AB%E3%83%88%E3%83%A9%E7%AB%8B%E7%9B%B4" n3="%79%6B%30%39%30%36%32%30" dan="13,12,12,11" rate="1712,1689,1791,1655" sx="F,M,M,M"/><TAIKYOKU oya="0"/><INIT seed="0,0,0,5,0,2" ten="250,250,250,250" oya="0" hai0="65,54,118,107,108,94,8,25,134,7,122,11,37" hai1="135,42,9,117,91,31,18,92,38,114,12,49,0" hai2="43,110,5,57,61,119,77,32,17,1,109,133,106" hai3="6,70,39,15,115,16,59,126,113,132,51,26,22" shuffle="mt19937ar,36C4689E,741E231F,1BFD24F0,C4209900,C03D860A,4F86EFE0,EE26372C,B84BBBE0"/><T123/><D37/><U34/><E117/><V35/><F106/><W58/><G70/><T44/><D107/><U72/><E114/><V66/><F77/><W80/><G39/><T75/><D75/><U83/><E135/><V90/><F43/><W27/><G126/><T64/><D134/><U129/><E129/><V120/><F120/><W67/><G132/><T10/><D118/><U99/><E38/><V79/><F79/><W101/><G115/><T100/><D25/><U125/><E125/><V71/><F71/><W130/><G130/><T13/><D108/><N who="2" m="41578" /><F133/><W104/><G113/><T60/><D123/><U69/><E69/><V20/><F90/><W128/><G128/><T14/><D122/><U63/><E63/><V93/><F93/><W29/><G104/><T88/><D100/><U124/><E124/><V87/><F87/><W24/><G101/><T89/><D89/><U74/><E83/><V30/><F30/><W55/><G80/><T85/><D11/><U53/><E42/><V131/><F131/><W41/><G41/><T76/><D76/><U103/><E103/><V40/><F40/><W78/><G78/><T98/><D85/><U95/><E95/><V46/><F46/><W48/><G67/><T105/><D105/><U56/><E0/><V47/><F47/><W81/><G81/><T23/><D44/><U102/><E102/><V112/><F119/><W116/><G116/><T36/><D36/><U68/><E68/><V82/><F112/><W111/><G111/><T127/><D127/><U45/><E45/><V28/><F82/><W62/><G29/><RYUUKYOKU ba="0,0" sc="250,-10,250,30,250,-10,250,-10" hai1="9,12,18,31,34,49,53,56,72,74,91,92,99" /><INIT seed="1,1,0,2,2,132" ten="240,280,240,240" oya="1" hai0="48,83,54,115,86,55,88,36,100,46,52,42,40" hai1="127,77,91,118,111,22,128,80,59,104,66,24,82" hai2="106,102,18,29,72,62,70,99,21,4,108,56,68" hai3="101,38,113,107,85,134,57,76,79,9,23,15,117" shuffle="mt19937ar,DD0E661E,9A437633,D14C8320,338AD651,B04110D5,9F5E38C1,C2DAD659,D0D4DDB6"/><U49/><E118/><V120/><F72/><W26/><G113/><T8/><D115/><U7/><E104/><V123/><F4/><W71/><G71/><T74/><D74/><U28/><E7/><V129/><F29/><W31/><G134/><T61/><D100/><U34/><E128/><V14/><F129/><W96/><G38/><T112/><D112/><U135/><E135/><V32/><F32/><W84/><G117/><T103/><D103/><U97/><E34/><V60/><F108/><W10/><G57/><T53/><D8/><U33/><E33/><V3/><F3/><W25/><G25/><T130/><D36/><U93/><E111/><V58/><F120/><W2/><G2/><T1/><D1/><U47/><E66/><V125/><F123/><W95/><G107/><T122/><D122/><U19/><E59/><V6/><F6/><W37/><G37/><T13/><D13/><U35/><E77/><V16/><F18/><W41/><G41/><N who="0" m="15979" /><D130/><U94/><E94/><V5/><F5/><W69/><G69/><T121/><D121/><U78/><E78/><N who="3" m="29738" /><G10/><T75/><D75/><U51/><E47/><V116/><F116/><W124/><G124/><T39/><D39/><U92/><E92/><V133/><F133/><W114/><G114/><T126/><D126/><U43/><E127/><V45/><F125/><W98/><G98/><T27/><D27/><U50/><E43/><V110/><F110/><W105/><G105/><T109/><D109/><U30/><E35/><V73/><F73/><W89/><G101/><T65/><D65/><U81/><AGARI ba="1,0" hai="19,22,24,28,30,49,50,51,80,81,82,91,93,97" machi="81" ten="30,6000,0" yaku="5,1,0,1,8,1" doraHai="132" who="1" fromWho="1" sc="240,-21,280,63,240,-21,240,-21" /><INIT seed="1,2,0,1,1,105" ten="219,343,219,219" oya="1" hai0="100,116,106,66,54,20,22,35,78,94,53,11,2" hai1="57,15,1,75,133,45,0,50,71,21,28,85,69" hai2="7,55,49,76,87,19,113,128,117,25,41,122,132" hai3="107,109,90,5,104,118,12,103,65,24,92,121,135" shuffle="mt19937ar,420C609C,BC814475,67197C84,AE3FCE57,69542E85,074965F1,4F26292A,6C8ED689"/><U72/><E133/><V47/><F122/><W37/><G121/><T80/><D35/><U23/><E57/><V97/><F117/><W31/><G135/><T48/><D116/><U64/><E85/><V91/><F132/><W115/><G37/><T33/><D33/><U27/><E64/><V30/><F113/><W6/><G118/><T32/><D32/><U123/><E123/><V84/><F128/><W46/><G115/><T129/><D129/><U99/><E99/><V61/><F30/><W93/><G109/><T10/><D106/><N who="3" m="40489" /><G103/><T70/><D70/><U130/><E130/><V29/><F29/><W13/><G65/><T40/><D66/><U124/><E124/><V96/><F7/><N who="3" m="2571" /><G46/><T114/><D114/><U86/><E86/><V112/><F112/><W98/><G98/><T26/><D2/><U88/><E71/><V44/><F76/><W63/><G31/><T56/><D40/><U110/><E69/><V79/><F79/><W58/><G90/><T68/><D68/><U3/><E88/><V42/><F91/><W39/><G39/><T127/><D127/><U102/><E110/><V120/><F120/><W8/><G24/><T36/><D36/><U52/><E102/><V77/><F77/><W101/><G8/><N who="0" m="3115" /><D26/><U74/><E15/><N who="3" m="5706" /><G101/><T43/><D100/><U108/><E108/><V17/><F25/><W60/><G58/><T95/><D56/><U59/><REACH who="1" step="1"/><E59/><REACH who="1" step="2"/><N who="2" m="35071" /><F84/><W18/><G18/><N who="2" m="6665" /><F87/><W83/><G83/><T125/><D125/><U51/><E51/><AGARI ba="2,1" hai="41,42,44,47,49,51,96,97" m="6665,35071" machi="51" ten="30,1000,0" yaku="8,1" doraHai="105" who="2" fromWho="1" sc="219,0,333,-16,219,26,219,0" /><INIT seed="2,0,0,5,4,91" ten="219,317,245,219" oya="2" hai0="93,62,104,135,134,84,128,7,99,17,43,58,54" hai1="50,125,53,90,15,22,92,24,114,4,131,28,13" hai2="72,44,100,95,42,113,3,0,38,118,117,130,85" hai3="33,57,119,59,19,76,25,132,115,26,1,31,96" shuffle="mt19937ar,0FC9DECE,36805F8B,9C51C436,0BEEB174,9C68DC5D,51A384E6,EB20AE1D,980DB387"/><V126/><F72/><W40/><G119/><T77/><D104/><U18/><E114/><V20/><F113/><W107/><G1/><T89/><D128/><U123/><E123/><V81/><F130/><W9/><G115/><T106/><D43/><U48/><E125/><V97/><F126/><W133/><G76/><T71/><D71/><U75/><E75/><V32/><F32/><W12/><G40/><T14/><D7/><U56/><E131/><V105/><F3/><W68/><G68/><T51/><D62/><U65/><E65/><V2/><F2/><W66/><G66/><T109/><D109/><U120/><E120/><V34/><F34/><W41/><G41/><T6/><D6/><U39/><E39/><V16/><F0/><W74/><G74/><T116/><D116/><U87/><E4/><V108/><F108/><W124/><G124/><T45/><D45/><U46/><E28/><V30/><F30/><W49/><G26/><T86/><D106/><U67/><E67/><V70/><F70/><W127/><G127/><T79/><D134/><U61/><E50/><V60/><F60/><W35/><G49/><T36/><D36/><U63/><E46/><V122/><F122/><W98/><G35/><T102/><D135/><N who="3" m="51785" /><G107/><T29/><D29/><U69/><E69/><V103/><F105/><W101/><G101/><T52/><D54/><U129/><E129/><V80/><F103/><W23/><G33/><T83/><D86/><U21/><E15/><N who="2" m="9247" /><F85/><W112/><G112/><T78/><D79/><U82/><E82/><N who="2" m="31851" /><F117/><W64/><G64/><T47/><D47/><RYUUKYOKU ba="0,0" sc="219,0,317,0,245,0,219,0" hai0="14,17,51,52,58,77,78,83,84,89,93,99,102" hai1="13,18,21,22,24,48,53,56,61,63,87,90,92" hai2="38,42,44,95,97,100,118" hai3="9,12,19,23,25,31,57,59,96,98" /><INIT seed="2,1,0,5,2,1" ten="219,317,245,219" oya="2" hai0="102,34,16,59,49,10,44,74,23,4,38,43,128" hai1="5,14,13,110,94,113,100,6,26,92,101,79,66" hai2="99,130,58,90,17,65,82,7,118,3,122,129,112" hai3="18,27,0,54,47,20,88,46,86,95,48,132,63" shuffle="mt19937ar,5980A2DD,F5B56890,A9A3A61F,77B13620,CF847C04,4F6B7D47,1DD052CF,7EB1ABE9"/><V56/><F122/><W32/><G132/><T45/><D34/><U39/><E113/><V106/><F118/><W52/><G32/><T111/><D74/><U41/><E39/><V70/><F112/><W19/><G0/><T97/><D111/><U73/><E73/><V11/><F70/><W71/><G71/><T9/><D128/><N who="2" m="49258" /><F65/><W57/><REACH who="3" step="1"/><G47/><REACH who="3" step="2"/><T133/><D133/><U93/><E110/><V12/><F58/><W64/><G64/><T87/><D59/><U30/><E66/><V117/><F56/><W135/><G135/><T115/><D115/><U8/><E41/><V25/><F117/><W2/><G2/><T69/><D69/><U50/><E79/><V98/><F3/><W107/><G107/><T116/><D116/><U91/><E30/><AGARI ba="1,1" hai="18,19,20,27,30,46,48,52,54,57,63,86,88,95" machi="30" ten="30,8000,1" yaku="1,1,7,1,8,1,54,2,53,0" doraHai="1" doraHaiUra="28" who="3" fromWho="1" sc="219,0,317,-83,245,0,209,93" /><INIT seed="3,0,0,4,0,91" ten="219,234,245,302" oya="3" hai0="93,8,25,13,115,110,27,3,58,65,4,122,127" hai1="119,1,49,52,39,124,131,34,120,132,89,51,12" hai2="113,87,11,30,116,94,73,14,112,5,48,53,62" hai3="9,64,123,32,16,101,50,118,22,40,99,102,6" shuffle="mt19937ar,E07B91E2,D163A0C2,E208B660,EEDA4768,23357860,5EF023CF,FF1217B7,BD4E5AC7"/><W60/><G123/><T42/><D122/><U76/><E120/><V21/><F73/><W33/><G118/><T109/><D115/><U29/><E34/><V86/><F116/><W19/><G102/><T63/><D127/><U71/><E1/><V100/><F62/><W98/><G98/><T129/><D129/><U117/><E131/><V43/><F43/><W67/><G19/><T105/><D105/><U128/><E128/><V54/><F54/><W77/><G77/><T56/><D3/><U10/><E71/><V55/><F55/><W44/><G67/><T97/><D42/><U81/><E39/><V66/><F66/><W135/><G135/><T26/><REACH who="0" step="1"/><D56/><REACH who="0" step="2"/><U103/><E124/><V45/><F112/><W35/><G40/><T90/><AGARI ba="0,1" hai="4,8,13,25,26,27,58,63,65,90,93,97,109,110" machi="90" ten="30,8000,1" yaku="1,1,2,1,0,1,52,1,53,1" doraHai="91" doraHaiUra="57" who="0" fromWho="0" sc="209,90,234,-20,245,-20,302,-40" /><INIT seed="4,0,0,2,0,56" ten="299,214,225,262" oya="0" hai0="113,59,68,130,103,129,18,22,48,72,125,119,77" hai1="92,35,14,27,86,109,36,75,134,107,123,46,54" hai2="50,79,30,80,61,40,85,98,16,120,100,115,0" hai3="32,97,15,20,99,41,63,88,19,38,37,126,6" shuffle="mt19937ar,87F5581A,89932282,A80D51D6,98E8C269,CEAC5D71,1EC9AB0F,1F1578DF,6896FDFB"/><T78/><D68/><U24/><E107/><V84/><F0/><W25/><G32/><T8/><D119/><U108/><E109/><V31/><F120/><W101/><G126/><T7/><D125/><U71/><E108/><V1/><F1/><W47/><G38/><T2/><D113/><U122/><E71/><V3/><F3/><W106/><G6/><T131/><D72/><U62/><E75/><V64/><F115/><W42/><G42/><T39/><D39/><U93/><E134/><V55/><F40/><W29/><G29/><T69/><D69/><U83/><E35/><V94/><F84/><W45/><G45/><T43/><D103/><U116/><E36/><V91/><F79/><W73/><G73/><T28/><D28/><U114/><E116/><V127/><F127/><W12/><REACH who="3" step="1"/><G63/><REACH who="3" step="2"/><T135/><D135/><U26/><E114/><V81/><F31/><W111/><G111/><T117/><D117/><U23/><E123/><V124/><F124/><W13/><G13/><N who="0" m="9551" /><D43/><U95/><E122/><V70/><F30/><W21/><G21/><T11/><D8/><U53/><E14/><V90/><F16/><W76/><G76/><T112/><D112/><U58/><E46/><V10/><F10/><W34/><G34/><T51/><D48/><U4/><E4/><V17/><F17/><W49/><G49/><T57/><D51/><U133/><E133/><V44/><REACH who="2" step="1"/><F91/><REACH who="2" step="2"/><W9/><G9/><T5/><D5/><U96/><E23/><V89/><F89/><W87/><G87/><T52/><D59/><U82/><E96/><V33/><F33/><RYUUKYOKU ba="0,2" sc="299,10,214,-30,215,10,252,10" hai0="2,7,11,52,57,77,78,129,130,131" hai2="44,50,55,61,64,70,80,81,85,90,94,98,100" hai3="12,15,19,20,25,37,41,47,88,97,99,101,106" /><INIT seed="4,1,2,5,4,43" ten="309,184,225,262" oya="0" hai0="112,121,77,55,111,9,42,7,63,5,129,27,53" hai1="67,61,1,0,37,114,88,65,34,66,83,79,70" hai2="16,11,100,39,22,33,31,35,6,90,25,103,71" hai3="30,57,44,131,86,81,124,122,72,21,82,12,62" shuffle="mt19937ar,70813121,C8D80871,1B6C22AC,A02DCC4A,8D4BE4DC,63CDC5FE,8775DF2A,20484D90"/><T97/><D121/><U117/><E114/><V74/><F71/><W2/><G72/><T95/><D112/><U96/><E117/><V3/><F74/><W118/><G2/><T94/><D129/><U87/><E34/><V109/><F39/><W26/><G118/><T29/><D111/><U49/><E37/><V15/><F109/><W46/><G124/><T75/><D42/><U17/><E0/><V23/><F35/><W41/><G41/><T80/><D63/><U73/><E1/><V32/><F32/><W13/><G122/><T60/><D60/><U106/><E17/><V104/><F104/><W89/><G131/><T47/><D47/><N who="3" m="17961" /><G82/><T105/><D105/><U36/><E36/><V123/><F123/><W58/><G58/><T68/><D68/><U84/><E49/><V115/><F115/><W98/><G98/><T116/><D116/><U59/><E70/><V20/><F90/><W134/><G134/><T45/><D45/><U92/><E87/><V107/><F100/><AGARI ba="1,2" hai="59,61,65,66,67,73,79,83,84,88,92,96,100,106" machi="100" ten="40,5200,0" yaku="24,2,54,1" doraHai="43" who="1" fromWho="2" sc="309,0,184,75,225,-55,262,0" owari="309,31,259,-9,170,-23,262,1" /></mjloggm>