<mjloggm ver="2.3"><GO type="41"/><UN n0="%E3%83%A9%E3%83%9F%E3%82%BF%E3%82%B9" n1="%E3%82%A6%E3%83%AB%E3%83%88%E3%83%A9%E7%AB%8B%E7%9B%B4" n2="%E3%81%9B%E3%81%84%E3%81%A9%E3%81%86" n3="%E2%98%86%E3%81%99%E3%81%84%E3%81%99%E3%81%84%E2%98%86" dan="15,15,13,14" rate="1928,1969,1827,1993" sx="M,M,M,M"/><TAIKYOKU oya="0"/><INIT seed="0,0,0,5,3,102" ten="250,250,250,250" oya="0" hai0="134,133,84,88,74,78,41,89,100,67,30,114,73" hai1="16,79,3,25,12,6,34,111,37,135,31,57,132" hai2="62,70,71,87,110,40,2,61,58,69,64,99,77" hai3="21,50,108,90,129,36,115,85,13,81,32,112,19"/><T94/><D67/><U52/><E79/><V45/><F2/><W46/><G32/><T120/><D30/><U22/><E37/><V9/><F110/><W35/><G108/><T10/><D41/><U5/><E111/><V95/><F62/><W98/><G129/><T24/><D24/><U20/><E20/><V131/><F131/><W51/><G35/><T72/><D10/><N who="1" m="2367" /><E6/><V65/><F65/><W128/><G128/><T127/><D120/><U15/><E15/><V17/><F71/><W91/><G36/><T63/><D63/><AGARI ba="0,0" hai="12,16,22,25,31,34,52,57,63,132,135" m="2367" machi="63" ten="30,3900,0" yaku="24,1,54,2" doraHai="102" who="1" fromWho="0" sc="250,-39,250,39,250,0,250,0" /><INIT seed="1,0,0,1,5,6" ten="211,289,250,250" oya="1" hai0="51,34,124,37,104,128,36,106,18,48,66,44,41" hai1="40,23,86,116,27,5,68,69,122,102,129,29,3" hai2="64,121,25,114,58,1,8,110,107,112,57,117,76" hai3="30,31,130,43,97,71,84,62,88,99,55,26,90"/><U100/><E122/><V96/><F121/><W101/><G130/><T132/><D34/><U42/><E116/><V10/><F117/><W17/><G43/><T19/><D128/><U95/><E129/><V80/><F1/><W56/><G71/><T83/><D66/><U89/><E69/><V60/><F58/><W39/><G39/><T12/><D83/><U103/><E68/><V32/><F110/><W94/><G101/><T28/><D28/><U47/><REACH who="1" step="1"/><E47/><REACH who="1" step="2"/><V22/><F114/><W54/><G99/><T20/><D44/><U75/><E75/><V127/><F112/><W35/><G35/><T134/><D41/><U82/><E82/><V9/><F32/><W111/><G111/><T119/><D119/><U14/><E14/><V108/><F108/><W45/><G45/><T16/><D12/><U109/><E109/><V70/><F70/><W105/><G105/><T21/><REACH who="0" step="1"/><D19/><REACH who="0" step="2"/><U13/><E13/><V131/><F131/><W61/><G17/><T113/><D113/><U4/><E4/><V135/><F107/><W63/><G26/><T77/><D77/><U49/><E49/><V59/><F59/><N who="3" m="35063" /><G62/><T93/><D93/><AGARI ba="0,2" hai="30,31,55,56,63,84,88,90,93,94,97" m="35063" machi="93" ten="30,2000,0" yaku="8,1,54,1" doraHai="6" who="3" fromWho="0" sc="201,-20,279,0,250,0,250,40" /><INIT seed="2,0,0,4,2,18" ten="181,279,250,290" oya="2" hai0="13,67,98,126,23,34,15,46,74,88,4,83,22" hai1="30,38,11,106,41,7,24,33,123,8,52,45,134" hai2="53,95,105,99,85,119,47,110,129,42,59,121,69" hai3="62,48,64,56,55,89,79,93,124,130,12,10,5"/><V86/><F69/><W109/><G109/><T37/><D34/><U68/><E106/><V113/><F121/><W92/><G130/><T102/><D67/><U17/><E123/><V87/><F119/><W82/><G124/><T111/><D111/><U21/><E68/><V122/><F122/><W35/><G35/><T118/><D126/><U28/><E134/><V29/><F110/><W103/><G103/><T112/><D112/><U127/><E127/><V51/><F105/><W58/><REACH who="3" step="1"/><G89/><REACH who="3" step="2"/><T25/><D102/><U40/><E33/><V14/><F129/><W49/><G49/><T75/><D37/><U104/><E38/><V80/><F113/><W114/><G114/><T16/><D118/><U27/><E104/><V3/><F51/><W36/><G36/><T108/><D108/><U76/><E76/><V44/><F80/><W94/><G94/><N who="0" m="56647" /><D75/><AGARI ba="0,1" hai="5,10,12,48,55,56,58,62,64,75,79,82,92,93" machi="75" ten="30,2000,0" yaku="1,1,7,1,53,0" doraHai="18" doraHaiUra="70" who="3" fromWho="0" sc="181,-20,279,0,250,0,280,30" /><INIT seed="3,0,0,2,1,10" ten="161,279,250,310" oya="3" hai0="130,93,133,109,8,9,127,108,92,48,123,35,134" hai1="38,126,25,19,73,58,17,1,7,90,59,46,107" hai2="66,27,70,117,61,88,115,118,49,40,11,4,85" hai3="106,3,24,78,116,111,72,15,52,103,45,31,102"/><W122/><G116/><T129/><D48/><U67/><E107/><V76/><F115/><W124/><G3/><T96/><D35/><U64/><E73/><V44/><F27/><W32/><G122/><T14/><D96/><U51/><E38/><V71/><F70/><W34/><G32/><T16/><D123/><U82/><E1/><V99/><F99/><W30/><G31/><T84/><D84/><N who="1" m="50455" /><E7/><V80/><REACH who="2" step="1"/><F76/><REACH who="2" step="2"/><W89/><G78/><T112/><D112/><U87/><E25/><V2/><AGARI ba="0,1" hai="2,4,11,40,44,49,61,66,71,80,85,88,117,118" machi="2" ten="20,8000,1" yaku="1,1,2,1,0,1,7,1,54,1,53,0" doraHai="10" doraHaiUra="55" who="2" fromWho="2" sc="161,-20,279,-20,240,90,310,-40" /><INIT seed="4,0,0,0,4,128" ten="141,259,330,270" oya="0" hai0="68,102,38,71,15,18,62,39,47,80,48,118,7" hai1="1,2,76,101,74,50,110,5,122,40,4,35,94" hai2="27,59,120,64,98,37,134,93,131,16,55,117,69" hai3="85,106,57,81,66,132,133,13,60,103,96,42,112"/><T30/><D118/><U25/><E94/><V49/><F120/><W119/><G112/><T22/><D102/><U108/><E101/><V121/><F121/><W45/><G13/><T100/><D100/><U0/><E76/><V51/><F131/><W114/><G114/><T21/><D7/><N who="1" m="2635" /><E50/><V105/><F105/><W3/><G3/><T116/><D116/><U52/><E52/><V26/><F117/><W87/><G119/><T9/><D80/><U123/><E40/><V135/><F37/><W83/><G85/><T113/><D113/><U17/><E74/><V32/><F69/><W8/><G8/><T14/><D30/><N who="1" m="19919" /><E17/><V89/><F64/><W70/><G57/><T115/><D115/><U33/><E33/><V63/><F32/><W20/><G20/><T86/><D86/><U61/><E61/><V53/><F53/><W44/><G83/><T92/><D92/><U23/><E23/><N who="2" m="13671" /><F27/><W111/><G111/><AGARI ba="0,0" hai="0,1,2,108,110,111,122,123" m="19919,2635" machi="111" ten="40,2600,0" yaku="34,2" doraHai="128" who="1" fromWho="3" sc="141,0,259,26,330,0,270,-26" /><INIT seed="5,0,0,3,0,75" ten="141,285,330,244" oya="1" hai0="0,105,111,95,70,17,13,58,133,51,65,116,21" hai1="84,34,59,10,6,18,7,109,99,24,26,83,92" hai2="72,98,50,87,127,37,20,101,60,90,97,91,85" hai3="61,48,23,62,63,40,94,5,30,129,22,110,123"/><U46/><E109/><V27/><F37/><W131/><G123/><T4/><D111/><U45/><E59/><V120/><F120/><W31/><G110/><T104/><D116/><U76/><E34/><V1/><F1/><W135/><G94/><T81/><D133/><U102/><E7/><V86/><F72/><W114/><G5/><T42/><D70/><U96/><E96/><V39/><F39/><W88/><G88/><N who="2" m="33833" /><F127/><W74/><G74/><T118/><D118/><U66/><E66/><V100/><F60/><W25/><G135/><T32/><D32/><U16/><E24/><V134/><F134/><W2/><G2/><T119/><D119/><U9/><E18/><N who="2" m="12695" /><F50/><W89/><G89/><T28/><D0/><U52/><E6/><V126/><F126/><W57/><G57/><T36/><D4/><U106/><E106/><V11/><F11/><N who="1" m="4105" /><E52/><V103/><AGARI ba="0,0" hai="85,86,87,97,98,100,101,103" m="12695,33833" machi="103" ten="40,2700,0" yaku="8,1,54,1" doraHai="75" who="2" fromWho="2" sc="141,-7,285,-13,330,27,244,-7" /><INIT seed="6,0,0,1,5,46" ten="134,272,357,237" oya="2" hai0="78,97,27,6,21,0,39,44,80,42,56,106,57" hai1="91,121,129,34,51,36,101,66,100,83,105,127,76" hai2="98,131,45,125,23,123,89,19,7,24,108,109,77" hai3="37,85,22,110,107,32,130,84,35,95,13,74,68"/><V99/><F123/><W2/><G13/><T81/><D106/><U102/><E36/><V41/><F77/><W1/><G22/><T50/><D97/><U16/><E34/><V134/><F7/><W103/><G95/><T124/><D124/><U114/><E66/><V133/><F125/><W15/><G15/><T4/><D39/><U93/><E127/><V9/><F9/><W82/><G103/><T53/><D80/><U48/><E121/><V33/><F33/><W88/><G85/><T65/><D0/><U135/><E105/><V118/><F118/><W94/><G82/><T58/><D65/><U61/><E61/><V79/><F79/><W38/><G107/><T72/><REACH who="0" step="1"/><D42/><REACH who="0" step="2"/><U126/><E126/><V59/><F98/><W31/><G38/><T120/><D120/><U5/><E135/><N who="2" m="51723" /><F99/><W55/><G2/><T25/><D25/><U63/><E102/><V69/><F69/><W43/><G43/><T71/><D71/><U73/><E101/><V86/><F108/><W30/><G37/><T75/><D75/><U40/><E100/><V17/><F109/><W115/><G68/><T10/><D10/><U52/><E40/><V64/><F64/><W14/><G1/><T47/><D47/><U112/><E73/><V128/><F59/><W62/><G74/><T87/><D87/><U67/><E83/><N who="2" m="49375" /><F24/><W96/><G96/><T60/><D60/><U113/><E67/><V116/><F116/><W119/><G110/><T11/><D11/><U8/><E8/><V29/><F45/><W3/><G119/><T28/><AGARI ba="0,1" hai="4,6,21,27,28,44,50,53,56,57,58,72,78,81" machi="28" ten="30,7900,0" yaku="1,1,0,1,52,1,53,1" doraHai="46" doraHaiUra="18" who="0" fromWho="0" sc="124,89,272,-20,357,-39,237,-20" /><INIT seed="7,0,0,2,2,88" ten="213,252,318,217" oya="3" hai0="14,18,74,38,118,29,20,10,95,71,9,87,78" hai1="12,128,84,65,0,107,100,86,79,90,40,106,75" hai2="83,30,77,15,51,60,45,37,92,67,98,11,130" hai3="115,111,69,7,34,132,23,46,61,49,109,32,54"/><W127/><G132/><T35/><D118/><U97/><E12/><V57/><F37/><W52/><G115/><T42/><D71/><U55/><E55/><V24/><F130/><W110/><G127/><T80/><D38/><U124/><E65/><V117/><F117/><W58/><G69/><T16/><D42/><U96/><E0/><V113/><F113/><W31/><G7/><T131/><D131/><U122/><E40/><V27/><F27/><AGARI ba="0,0" hai="23,27,31,32,34,46,49,52,54,58,61,109,110,111" machi="27" ten="40,3900,0" yaku="10,1,54,1" doraHai="88" who="3" fromWho="2" sc="213,0,252,0,318,-39,217,39" /><INIT seed="7,1,0,4,0,4" ten="213,252,279,256" oya="3" hai0="104,93,59,16,26,85,39,96,32,71,24,15,23" hai1="121,109,80,7,98,122,6,87,60,107,69,134,113" hai2="28,35,67,118,52,110,128,108,20,117,82,66,95" hai3="99,62,75,19,102,70,57,33,41,88,58,37,51"/><W130/><G75/><T56/><D39/><U123/><E7/><V38/><F38/><W21/><G33/><T17/><D71/><U3/><E60/><V115/><F35/><W133/><G37/><T46/><D104/><U86/><E69/><V61/><F82/><W22/><G133/><T1/><D1/><U45/><E45/><V116/><F95/><W135/><G135/><T49/><D85/><U27/><E27/><V127/><F28/><W30/><G130/><T73/><D73/><U103/><E134/><V0/><F20/><W101/><G70/><T126/><D126/><U77/><E6/><V9/><F9/><W72/><G22/><N who="0" m="11551" /><D32/><U94/><E3/><V92/><F0/><W89/><G30/><T10/><D26/><U48/><E48/><V90/><F127/><W40/><G72/><T120/><D120/><U8/><E8/><V91/><F128/><W29/><G29/><T84/><D84/><U114/><E109/><V100/><F110/><W112/><G99/><T76/><D76/><U124/><E124/><V31/><F108/><W68/><G68/><T129/><D129/><U18/><E18/><V131/><F31/><W54/><G102/><N who="0" m="60687" /><D10/><U105/><E87/><V55/><F131/><W125/><G101/><T63/><D63/><U119/><E119/><V14/><F118/><W11/><G11/><T47/><D46/><U34/><E34/><V79/><F117/><W81/><G125/><T5/><D5/><U132/><E132/><V42/><F116/><W97/><G81/><T74/><D74/><U36/><E36/><V111/><F111/><RYUUKYOKU ba="1,0" sc="213,15,252,15,279,-15,256,-15" hai0="17,23,24,47,49,56,59" hai1="77,80,86,94,98,103,105,107,113,114,121,122,123" /><INIT seed="8,2,0,4,3,123" ten="228,267,264,241" oya="0" hai0="114,105,89,7,26,11,13,107,32,108,129,76,67" hai1="90,62,74,2,36,125,43,58,93,60,73,124,64" hai2="81,19,92,80,29,135,53,96,54,83,103,0,8" hai3="14,49,106,85,104,21,110,88,3,101,48,9,34"/><T65/><D114/><U46/><E2/><V115/><F115/><W15/><G34/><T84/><D76/><U52/><E74/><V16/><F29/><W40/><G3/><T63/><D129/><U1/><E1/><V109/><F109/><W4/><G101/><T102/><D65/><U42/><E73/><V121/><F121/><W78/><G78/><T55/><D55/><U72/><E72/><V45/><F135/><W22/><G104/><T97/><D108/><U82/><E82/><V18/><REACH who="2" step="1"/><F45/><REACH who="2" step="2"/><W23/><G110/><T79/><D79/><U128/><E128/><V37/><F37/><W10/><G106/><T131/><D131/><U27/><E36/><V50/><F50/><W35/><G40/><T75/><D75/><U132/><E46/><V38/><F38/><W17/><REACH who="3" step="1"/><G35/><REACH who="3" step="2"/><T130/><D130/><U126/><E132/><V118/><F118/><W68/><G68/><T113/><D113/><U117/><E117/><V28/><F28/><W12/><G12/><T133/><D133/><U25/><E43/><V119/><F119/><W56/><G56/><T57/><D32/><U71/><E42/><V69/><F69/><W100/><G100/><T41/><D41/><U91/><E91/><V5/><AGARI ba="2,2" hai="0,5,8,16,18,19,53,54,80,81,83,92,96,103" machi="5" ten="40,5200,0" yaku="1,1,0,1,54,1,53,0" doraHai="123" doraHaiUra="111" who="2" fromWho="2" sc="228,-28,267,-15,254,78,231,-15" owari="200,-30,252,5,332,43,216,-18" /></mjloggm>