<mjloggm ver="2.3"><GO type="193"/><UN n0="%E6%88%91%E9%81%93%37%37%37%E5%8F%B7%E7%B7%9A" n1="%61%75%64%72%65%79%35%34" n2="%56%61%6C%65%72%6F%6E%6E" n3="%E3%82%A6%E3%83%AB%E3%83%88%E3%83%A9%E7%AB%8B%E7%9B%B4" dan="10,10,13,12" rate="1460,1466,1803,1746" sx="M,M,M,M"/><TAIKYOKU oya="0"/><INIT seed="0,0,0,3,4,18" ten="250,250,250,250" oya="0" hai0="104,40,74,109,51,50,45,73,94,11,55,80,135" hai1="128,44,53,111,32,103,108,33,16,69,61,130,23" hai2="20,58,14,121,90,17,112,93,2,113,107,47,68" hai3="52,85,115,110,79,75,83,48,120,54,125,133,122" shuffle="mt19937ar,B4A0FCA5,AB7B1004,B5723178,35768B55,2C852E4D,F8DA32EE,F06FA034,A58A774D"/><T0/><D104/><U31/><E69/><V1/><F121/><N who="3" m="46699" /><G115/><T21/><D135/><U57/><E103/><V70/><F107/><W62/><G133/><T65/><D65/><U119/><E119/><V30/><F113/><W25/><G125/><T100/><D109/><N who="1" m="42059" /><E44/><V134/><F112/><W7/><G7/><T87/><D100/><U9/><E31/><V106/><F106/><W117/><G117/><T36/><D94/><U56/><E9/><V105/><F105/><W95/><G110/><T126/><D126/><U71/><E71/><V39/><F134/><W66/><G48/><T26/><D36/><U98/><E98/><V101/><F101/><W84/><G25/><T123/><D11/><U63/><E33/><V64/><F58/><N who="3" m="37207" /><G95/><T29/><D0/><U82/><E32/><V81/><F81/><W46/><G46/><T27/><D27/><N who="1" m="14823" /><E82/><V116/><F116/><W42/><G42/><T114/><D114/><U96/><E96/><V38/><F30/><W8/><G8/><T22/><D123/><U35/><E35/><V129/><F129/><N who="1" m="49769" /><E53/><AGARI ba="0,0" hai="52,53,54,75,79,83,84,85" m="37207,46699" machi="53" ten="30,2000,0" yaku="13,1,54,1" doraHai="18" who="3" fromWho="1" sc="250,0,250,-20,250,0,250,20" /><INIT seed="1,0,0,2,0,16" ten="250,230,250,270" oya="1" hai0="99,75,70,105,119,115,71,43,66,56,1,85,72" hai1="35,6,113,47,97,41,98,106,50,89,83,33,112" hai2="124,77,48,37,122,15,14,78,24,49,79,126,57" hai3="135,84,76,31,62,111,104,5,82,26,130,17,23" shuffle="mt19937ar,86DC05F0,B674A73F,29601571,D17F8B63,BDD5C8FB,08DC3277,D50244AD,01F4D5A2"/><U9/><E106/><V4/><F37/><W36/><G36/><T2/><D119/><U42/><E42/><V90/><F122/><W60/><G104/><T8/><D115/><U65/><E65/><V74/><F74/><W94/><G130/><T129/><D129/><U46/><E113/><V3/><F3/><W30/><G5/><T18/><D2/><U29/><E112/><V125/><F24/><W127/><G127/><T58/><D75/><U44/><E83/><V109/><F109/><W22/><G111/><T102/><D72/><U118/><E118/><V114/><F114/><W81/><G81/><T55/><D43/><U103/><E35/><V27/><F27/><N who="3" m="14799" /><G135/><T10/><D10/><U63/><E63/><N who="3" m="24106" /><G94/><T88/><D66/><U61/><E61/><V123/><F123/><W91/><G31/><T92/><D56/><U86/><E33/><V53/><F90/><AGARI ba="0,0" hai="23,26,30,76,82,84,90,91" m="24106,14799" machi="90" ten="30,3900,0" yaku="8,1,52,2" doraHai="16" who="3" fromWho="2" sc="250,0,230,0,250,-39,270,39" /><INIT seed="2,0,0,5,1,34" ten="250,230,211,309" oya="2" hai0="54,66,103,119,98,2,132,107,100,75,67,21,7" hai1="63,19,31,16,115,10,129,8,61,101,17,64,20" hai2="113,57,5,14,36,56,6,53,27,47,65,68,44" hai3="72,33,24,81,22,9,32,76,30,114,93,55,49" shuffle="mt19937ar,92BE00B7,685B1A44,83430ED6,B750A5FE,3CCAD5ED,24F27331,6688DA4D,18939BD8"/><V111/><F113/><W87/><G114/><T1/><D103/><U122/><E115/><V133/><F27/><W84/><G9/><T13/><D119/><U11/><E101/><V0/><F68/><W43/><G43/><T118/><D118/><U60/><E129/><V45/><F36/><W105/><G105/><T117/><D117/><U80/><E80/><V123/><F123/><W78/><G72/><T125/><D125/><U37/><E122/><V70/><F70/><W95/><G32/><T62/><D75/><U89/><E37/><V77/><F77/><W106/><G106/><T15/><D132/><U46/><E31/><V79/><F79/><W130/><G33/><T131/><D131/><U86/><E46/><V92/><F133/><W102/><G102/><T71/><D67/><U134/><E64/><V39/><F39/><W88/><G130/><T94/><D13/><U25/><REACH who="1" step="1"/><E134/><REACH who="1" step="2"/><V23/><F65/><W73/><G73/><T74/><D100/><U48/><E48/><V110/><F47/><N who="3" m="28095" /><G76/><T51/><D51/><U59/><E59/><V99/><F57/><W69/><G69/><T135/><D66/><U50/><E50/><V116/><F116/><W4/><G95/><T97/><D71/><U12/><E12/><V128/><F128/><W112/><G112/><T52/><D135/><U108/><E108/><N who="2" m="41515" /><F45/><W18/><G30/><T35/><D15/><U121/><E121/><V28/><F44/><W3/><G3/><T91/><D2/><U90/><E90/><N who="2" m="55703" /><F0/><W41/><G41/><T126/><D1/><U104/><E104/><V124/><F124/><RYUUKYOKU ba="0,1" sc="250,-15,220,15,211,-15,309,15" hai1="8,10,11,16,17,19,20,25,60,61,63,86,89" hai3="4,18,22,24,78,81,84,87,88,93" /><INIT seed="3,1,1,2,3,16" ten="235,235,196,324" oya="3" hai0="127,80,78,64,72,56,15,13,100,89,26,96,130" hai1="90,87,62,125,14,67,107,32,50,112,98,84,71" hai2="103,51,95,36,69,86,83,33,27,18,105,65,70" hai3="104,10,97,115,79,110,88,11,106,75,108,17,121" shuffle="mt19937ar,512CE750,DB4356D3,5EC981C6,411B2EF6,342E985E,AABD4130,E57A35B5,B70F200C"/><W118/><G79/><T68/><D68/><U48/><E112/><V46/><F36/><W44/><G75/><T133/><D133/><U117/><E125/><V101/><F105/><W54/><G121/><T59/><D127/><U31/><E14/><V129/><F129/><W19/><G115/><T52/><D26/><U60/><E117/><V47/><F70/><W20/><G19/><T128/><D59/><U9/><E9/><V6/><F69/><W81/><G11/><T85/><D64/><U24/><E60/><V92/><F6/><W22/><G10/><T82/><D130/><U34/><E34/><V73/><F73/><W57/><G44/><N who="2" m="16937" /><F33/><W135/><G17/><T74/><D80/><N who="1" m="49415" /><E87/><V111/><F65/><W29/><G29/><T43/><D43/><U21/><E21/><N who="3" m="8298" /><G135/><T45/><D72/><U120/><E120/><V12/><F111/><N who="3" m="42539" /><G118/><T134/><D128/><U2/><E2/><V131/><F27/><W109/><G109/><T23/><D23/><U123/><E123/><V1/><F1/><W124/><G124/><T8/><D134/><U126/><E126/><V63/><F131/><W119/><G119/><T91/><D45/><U55/><E55/><V38/><F38/><W102/><G102/><AGARI ba="1,1" hai="24,31,32,48,50,62,67,71,98,102,107" m="49415" machi="102" ten="30,1000,0" yaku="25,1" doraHai="16" who="1" fromWho="3" sc="235,0,235,23,196,0,324,-13" owari="235,-11,258,1,196,-20,311,30" /></mjloggm>