<mjloggm ver="2.3"><GO type="193"/><UN n0="%E9%BA%BB%E9%9B%80%E3%83%87%E3%82%AB" n1="%E3%82%A6%E3%83%AB%E3%83%88%E3%83%A9%E7%AB%8B%E7%9B%B4" n2="%73%63%68%77%61%6C%62%65" n3="%E3%82%8A%E3%81%AB%E3%82%83%E3%82%93" dan="12,12,12,11" rate="1748,1772,1634,1596" sx="M,M,M,M"/><TAIKYOKU oya="0"/><INIT seed="0,0,0,5,0,133" ten="250,250,250,250" oya="0" hai0="74,57,125,49,77,51,124,46,35,1,41,108,88" hai1="104,44,26,111,10,112,32,47,31,18,45,55,114" hai2="96,134,126,99,2,75,89,65,94,6,53,83,93" hai3="117,82,113,132,29,119,84,97,78,30,4,34,33" shuffle="mt19937ar,7EC68BB0,F0E53741,81DB0B2B,4F7AA91B,EB604655,35B0956F,3AB307A9,E23A7E20"/><T39/><D35/><U54/><E104/><V102/><F65/><W79/><G132/><T52/><D1/><U68/><E68/><V135/><F2/><W5/><G113/><T91/><D74/><U128/><E128/><V129/><F6/><W80/><G97/><T59/><D77/><U98/><E98/><V22/><F22/><W21/><REACH who="3" step="1"/><G21/><REACH who="3" step="2"/><T63/><D91/><U66/><E112/><V81/><F129/><W60/><G60/><N who="0" m="35879" /><D88/><U24/><E114/><V70/><F70/><W27/><G27/><T100/><D100/><U11/><E26/><V12/><F12/><W90/><G90/><T131/><D131/><U0/><E24/><V13/><F13/><W116/><G116/><T17/><D17/><U15/><E32/><V85/><F53/><W8/><G8/><T110/><D63/><U69/><E31/><V106/><F134/><W19/><G19/><T61/><D61/><U118/><E118/><V16/><F16/><W20/><G20/><T23/><D23/><U86/><E66/><V7/><F7/><W67/><G67/><T107/><D107/><U127/><E69/><V130/><F130/><W76/><G76/><T48/><D59/><U103/><E103/><N who="2" m="62823" /><F135/><W122/><G122/><T95/><D95/><U62/><E62/><V120/><F120/><W92/><G92/><T72/><D72/><U58/><E10/><V71/><F71/><W115/><G115/><T101/><D101/><U36/><E0/><V50/><F94/><W3/><G3/><T9/><D9/><U109/><E11/><V25/><F25/><W87/><AGARI ba="0,1" hai="4,5,29,30,33,34,78,79,80,82,84,87,117,119" machi="87" ten="25,8000,1" yaku="1,1,5,1,0,1,22,2,53,0" doraHai="133" doraHaiUra="105" who="3" fromWho="3" sc="250,-40,250,-20,250,-20,240,90" /><INIT seed="1,0,0,1,0,50" ten="210,230,230,330" oya="1" hai0="129,44,25,23,72,70,99,67,14,93,59,45,79" hai1="46,114,49,69,18,130,91,78,30,58,101,109,124" hai2="17,21,120,10,122,27,121,32,90,95,132,111,2" hai3="53,110,57,65,26,0,105,84,41,64,51,56,60" shuffle="mt19937ar,391F3921,321363DD,B7625B07,DAE590D2,67523551,4C05CCA5,3EF12000,EA865683"/><U71/><E69/><V82/><F82/><W1/><G26/><T92/><D129/><U38/><E71/><V36/><F36/><W83/><G105/><T63/><D70/><U62/><E38/><V55/><F132/><W19/><G0/><T9/><D72/><U68/><E68/><V96/><F32/><W28/><G1/><T117/><D117/><U98/><E114/><V22/><F111/><W13/><G28/><T43/><D79/><U126/><E130/><V86/><F2/><W42/><G110/><T103/><D93/><U112/><E109/><V52/><F10/><W66/><G84/><T89/><D43/><N who="3" m="16393" /><G83/><T5/><REACH who="0" step="1"/><D89/><REACH who="0" step="2"/><U97/><E91/><V8/><F96/><W15/><G19/><AGARI ba="0,1" hai="5,9,14,19,23,25,44,45,59,63,67,92,99,103" machi="19" ten="30,7700,0" yaku="1,1,2,1,7,1,8,1,53,0" doraHai="50" doraHaiUra="76" who="0" fromWho="3" sc="200,87,230,0,230,0,330,-77" /><INIT seed="2,0,0,3,4,32" ten="287,230,230,253" oya="2" hai0="98,111,17,85,51,64,42,38,116,25,9,29,13" hai1="89,36,107,74,39,47,31,4,97,67,70,101,84" hai2="114,79,35,23,33,104,50,129,94,28,66,134,109" hai3="72,118,40,82,90,68,49,93,78,54,59,121,128" shuffle="mt19937ar,079D2C53,70AFDDA3,8E20BD59,2A137CD8,4930752D,22C90753,BBF6D24B,4E4A70BC"/><V61/><F114/><W124/><G68/><T1/><D111/><U92/><E31/><V26/><F104/><W130/><G40/><T14/><D38/><U96/><E4/><V60/><F134/><W41/><G41/><T43/><D64/><U8/><E8/><V21/><F129/><W115/><G121/><T19/><D98/><U76/><E47/><V20/><F79/><W83/><G118/><T63/><D116/><U133/><E133/><V37/><F37/><W87/><G115/><T12/><D63/><U57/><E57/><V91/><F109/><W105/><G124/><T24/><D85/><U127/><E127/><V119/><F50/><W125/><G125/><T46/><D43/><U103/><E67/><V113/><F113/><W100/><REACH who="3" step="1"/><G83/><REACH who="3" step="2"/><T120/><D120/><U58/><E70/><V110/><F119/><W131/><G131/><T5/><REACH who="0" step="1"/><D25/><REACH who="0" step="2"/><U132/><E132/><V56/><F110/><W55/><G55/><T62/><D62/><U77/><E39/><V16/><F61/><W102/><G102/><T22/><AGARI ba="0,2" hai="1,5,9,12,13,14,17,19,22,24,29,42,46,51" machi="22" ten="30,7900,0" yaku="1,1,0,1,52,1,53,1" doraHai="32" doraHaiUra="27" who="0" fromWho="0" sc="277,99,230,-20,230,-39,243,-20" /><INIT seed="3,0,0,5,4,101" ten="376,210,191,223" oya="3" hai0="123,119,50,83,75,5,43,47,20,128,84,82,38" hai1="41,94,32,26,73,70,112,55,89,57,79,130,10" hai2="134,4,59,9,110,96,18,60,125,66,2,114,33" hai3="109,46,67,8,28,71,25,99,121,115,53,102,3" shuffle="mt19937ar,418841C1,200325DF,0C1E8218,F63BE08E,48559F83,36BDEC5F,53558AB9,DFC523DF"/><W93/><G121/><T132/><D123/><U111/><E70/><V116/><F116/><W24/><G115/><T13/><D119/><U54/><E112/><V135/><F114/><W36/><G109/><T100/><D132/><N who="2" m="50730" /><F96/><W34/><G24/><T133/><D133/><U129/><E111/><V17/><F66/><W104/><G36/><T27/><D128/><N who="1" m="49259" /><E41/><V16/><F59/><W30/><G30/><T117/><D117/><U1/><E79/><V64/><F64/><W92/><G3/><T131/><D131/><U72/><E73/><V37/><F60/><W52/><G8/><T61/><D75/><U42/><E42/><V122/><F37/><W39/><G39/><T98/><D83/><U95/><E72/><V21/><F110/><W76/><G76/><T0/><D61/><N who="1" m="36023" /><E55/><V81/><F81/><W78/><G78/><T51/><D0/><U65/><E65/><V44/><F44/><W87/><G87/><T69/><D69/><U49/><E49/><V74/><F74/><W77/><G77/><T35/><D35/><U105/><E105/><V124/><F122/><W14/><G46/><T6/><D82/><U97/><E94/><V58/><F33/><W88/><G92/><T68/><D68/><U80/><E80/><V118/><F58/><W85/><REACH who="3" step="1"/><G14/><REACH who="3" step="2"/><T126/><D84/><U19/><E32/><V62/><F118/><W22/><G22/><T48/><D13/><N who="1" m="7607" /><E1/><V108/><F108/><W56/><G56/><T127/><D98/><U90/><E26/><N who="2" m="14631" /><F62/><AGARI ba="0,1" hai="25,28,34,52,53,62,67,71,85,88,93,99,102,104" machi="62" ten="40,18000,2" yaku="1,1,25,2,52,1,54,2,53,0" doraHai="101" doraHaiUra="113" who="3" fromWho="2" sc="376,0,210,0,191,-180,213,190" owari="376,13,210,-14,11,-39,403,40" /></mjloggm>