<mjloggm ver="2.3"><GO type="97"/><UN n0="%E3%82%A6%E3%83%AB%E3%83%88%E3%83%A9%E7%AB%8B%E7%9B%B4" n1="%79%61%62%69%6D%61%79%61" n2="%6D%65%6C%6F%64%79%2E" n3="%E9%80%A2%E9%AD%94%E3%81%8C%E6%99%82" dan="13,13,14,15" rate="1827,1807,1906,1971" sx="M,M,M,M"/><TAIKYOKU oya="0"/><INIT seed="0,0,0,0,3,32" ten="250,250,250,250" oya="0" hai0="112,2,30,117,52,119,90,33,131,66,45,58,59" hai1="21,9,18,87,75,86,37,6,24,94,42,34,8" hai2="17,124,48,104,77,62,96,135,88,89,116,74,15" hai3="4,63,122,121,109,132,29,53,43,105,80,44,100"/><T46/><D30/><U107/><E75/><V28/><F28/><W71/><G132/><T56/><D33/><U16/><E107/><V57/><F116/><N who="0" m="44618" /><D2/><U26/><E37/><V120/><F135/><W82/><G109/><T39/><D90/><U14/><E42/><V12/><F120/><W129/><G129/><T106/><D106/><U70/><E70/><V13/><F124/><W111/><G111/><T22/><D22/><N who="1" m="13383" /><E94/><V85/><F89/><W101/><G29/><T38/><D112/><U19/><E87/><V11/><F48/><W51/><G101/><T134/><D134/><U95/><E95/><V65/><F77/><W84/><G4/><T110/><D110/><U27/><E86/><V126/><F74/><W79/><G82/><T67/><D131/><U41/><E41/><V25/><F126/><W114/><G114/><T115/><D115/><U103/><E103/><V36/><F25/><N who="1" m="9225" /><E34/><V72/><F72/><W40/><G100/><T47/><D52/><U118/><E118/><V83/><F36/><AGARI ba="0,0" hai="36,38,39,45,46,47,56,58,59,66,67" m="44618" machi="36" ten="40,12000,1" yaku="28,2,34,2" doraHai="32" who="0" fromWho="2" sc="250,120,250,0,250,-120,250,0" /><INIT seed="0,1,0,4,2,97" ten="370,250,130,250" oya="0" hai0="6,104,66,96,107,54,29,88,70,15,23,31,3" hai1="4,120,128,85,129,108,22,99,103,18,8,9,133" hai2="82,117,112,74,105,47,95,113,52,79,60,34,91" hai3="98,93,123,39,116,30,102,35,126,132,106,89,124"/><T58/><D3/><U24/><E120/><V72/><F34/><W50/><G39/><T2/><D2/><U21/><E133/><V49/><F105/><W109/><G116/><T78/><D70/><U80/><E108/><V86/><F117/><W13/><G109/><T83/><D66/><U110/><E110/><V62/><REACH who="2" step="1"/><F72/><REACH who="2" step="2"/><W64/><G35/><T73/><D104/><U36/><E36/><V33/><F33/><W32/><G32/><T11/><D23/><U55/><E128/><V77/><F77/><W114/><G106/><T92/><D107/><U67/><E129/><V41/><F41/><W68/><G123/><T75/><D75/><U125/><E125/><V87/><F87/><W90/><G126/><T45/><D45/><U46/><E4/><V51/><F51/><AGARI ba="1,1" hai="6,11,15,29,31,51,54,58,73,78,83,88,92,96" machi="51" ten="30,2900,0" yaku="7,1,54,1" doraHai="97" who="0" fromWho="2" sc="370,42,250,0,120,-32,250,0" /><INIT seed="0,2,0,0,4,22" ten="412,250,88,250" oya="0" hai0="114,25,135,17,15,66,84,20,100,5,87,60,112" hai1="105,104,63,72,81,58,74,56,6,18,10,0,48" hai2="34,107,33,26,132,110,123,117,128,118,109,45,59" hai3="79,42,23,98,32,16,88,125,19,121,9,78,35"/><T13/><D100/><U129/><E129/><V101/><F45/><W120/><G125/><T75/><D75/><U71/><E71/><V38/><F38/><W64/><G9/><T24/><D87/><U126/><E126/><V46/><F46/><W130/><G64/><T93/><D84/><U50/><E105/><V39/><F39/><W31/><G31/><T44/><D93/><U29/><E104/><V2/><F2/><W49/><G19/><T8/><D44/><U82/><E72/><V70/><F70/><W111/><G111/><N who="2" m="42505" /><F123/><N who="3" m="47179" /><G49/><T21/><D135/><U12/><E74/><V53/><F132/><W27/><G42/><T134/><D134/><U52/><E29/><N who="2" m="19639" /><F34/><N who="3" m="12843" /><G130/><T90/><D90/><U113/><E113/><V99/><F128/><W133/><G133/><T85/><D85/><U47/><E47/><V102/><F102/><W41/><G41/><T127/><D127/><U62/><E62/><AGARI ba="2,0" hai="53,59,62,99,101,107,117,118" m="19639,42505" machi="62" ten="30,2000,0" yaku="14,1,52,1" doraHai="22" who="2" fromWho="1" sc="412,0,250,-26,88,26,250,0" /><INIT seed="1,0,0,0,5,117" ten="412,224,114,250" oya="1" hai0="87,54,131,45,44,102,16,113,29,25,78,109,79" hai1="66,122,40,37,38,18,65,50,96,46,14,123,5" hai2="43,30,58,41,68,0,98,132,2,95,67,32,76" hai3="72,116,61,110,49,53,23,11,63,57,94,128,99"/><U6/><E37/><V62/><F132/><W73/><G110/><T86/><D109/><U81/><E38/><V35/><F76/><W3/><G128/><T69/><D69/><U12/><E81/><V42/><F35/><W97/><G97/><T107/><D102/><U27/><E96/><V121/><F121/><W85/><G85/><N who="0" m="32267" /><D29/><U10/><E5/><V8/><F8/><W133/><G133/><T24/><D107/><U105/><E105/><V47/><F47/><W20/><G73/><T125/><D125/><U33/><E33/><V127/><F127/><W75/><G72/><T91/><D91/><U77/><E77/><V84/><F84/><W120/><G120/><T134/><D134/><U55/><E65/><V93/><F93/><W26/><G75/><T52/><D131/><U100/><E66/><V129/><F129/><W64/><G63/><T22/><D25/><U90/><E100/><V108/><F108/><W71/><G26/><T92/><D92/><U112/><E27/><V119/><F119/><W70/><G70/><T104/><D104/><U1/><E112/><V89/><F30/><W51/><G116/><T135/><D135/><U59/><E90/><V103/><F32/><W17/><G3/><T39/><D113/><U80/><E80/><V4/><F4/><W126/><G126/><T7/><D7/><U115/><E115/><V36/><F103/><N who="3" m="60919" /><G51/><N who="0" m="28775" /><D39/><U82/><E82/><V56/><F36/><W15/><G71/><T9/><D9/><N who="1" m="6415" /><E1/><V118/><F118/><W101/><G101/><T28/><D28/><U124/><E124/><V74/><F74/><RYUUKYOKU ba="0,0" sc="412,0,224,0,114,0,250,0" hai0="16,22,24,45,54,78,79" hai1="6,10,14,40,46,50,55,59,122,123" hai2="0,2,41,42,43,56,58,62,67,68,89,95,98" hai3="11,15,17,20,23,49,53,57,61,64" /><INIT seed="1,1,0,3,3,124" ten="412,224,114,250" oya="1" hai0="119,23,99,130,120,40,5,17,34,114,83,131,41" hai1="31,86,33,103,51,126,107,112,111,16,98,54,20" hai2="36,15,37,116,39,73,58,91,26,106,132,95,96" hai3="10,123,24,122,21,125,50,129,28,42,118,11,105"/><U12/><E112/><V70/><F70/><W134/><G105/><T84/><D34/><U127/><E111/><V14/><F73/><W77/><G77/><T88/><D119/><U89/><E126/><V78/><F78/><W22/><G42/><T29/><D29/><U90/><E127/><V75/><F75/><W97/><G97/><T67/><D5/><U48/><E33/><V71/><F71/><W76/><G76/><T92/><D67/><U7/><E31/><V25/><F116/><W135/><G50/><T47/><D120/><U110/><E110/><V100/><F132/><W108/><G108/><T72/><D72/><U32/><E32/><V68/><F68/><W69/><G69/><T46/><D46/><U1/><E1/><V19/><F58/><W102/><G125/><T87/><D41/><U49/><E7/><V104/><F104/><W57/><G57/><T65/><D65/><U35/><E35/><V27/><REACH who="2" step="1"/><F19/><REACH who="2" step="2"/><W79/><G118/><T64/><D114/><U82/><REACH who="1" step="1"/><E90/><REACH who="1" step="2"/><V45/><F45/><AGARI ba="1,2" hai="12,16,20,45,48,49,51,54,82,86,89,98,103,107" machi="45" ten="30,11600,0" yaku="1,1,2,1,7,1,54,1,53,0" doraHai="124" doraHaiUra="56" who="1" fromWho="2" sc="412,0,214,139,104,-119,250,0" owari="412,42,353,10,-15,-42,250,-10" /></mjloggm>