<mjloggm ver="2.3"><GO type="9"/><UN n0="%E3%81%9D%E3%81%B5%E3%81%83%E3%81%82" n1="%E3%82%A6%E3%83%AB%E3%83%88%E3%83%A9%E7%AB%8B%E7%9B%B4" n2="%E9%BB%92%E7%99%BD%E7%8C%AB" n3="%54%75%67%75%6D%69" dan="9,3,4,2" rate="1422,1578,1696,1575" sx="M,M,F,M"/><TAIKYOKU oya="0"/><INIT seed="0,0,0,4,1,12" ten="250,250,250,250" oya="0" hai0="11,52,49,30,97,104,37,51,74,81,75,35,133" hai1="24,19,56,115,0,119,76,106,105,135,57,132,48" hai2="27,40,123,63,41,7,17,96,47,87,77,65,93" hai3="25,15,16,9,79,5,55,6,122,59,85,46,90" shuffle="mt19937ar,E0098A72,BB3E1D50,5DD6B901,EE83727B,E67EB5A8,918145B5,EF2B6E1F,1927CF03"/><T124/><D37/><U91/><E0/><V112/><F123/><W44/><G122/><T84/><D124/><U29/><E76/><V107/><F7/><W83/><G6/><T72/><D133/><N who="1" m="51275" /><E119/><V126/><F126/><W33/><G33/><T130/><D130/><U54/><E115/><V69/><F112/><W61/><G79/><T67/><D104/><U8/><E91/><V78/><F107/><W98/><G98/><T128/><D128/><U60/><E29/><V4/><F4/><W121/><G121/><T99/><D51/><U39/><E39/><V50/><F41/><W110/><G110/><T86/><D67/><U80/><E80/><V31/><F87/><W68/><G68/><T18/><D35/><U131/><E131/><V2/><F2/><W62/><G62/><T28/><D84/><U113/><E113/><V103/><F17/><W118/><G118/><T101/><D101/><U120/><E120/><V111/><F111/><W45/><G45/><T34/><D34/><AGARI ba="0,0" hai="27,31,34,40,47,50,63,65,69,77,78,93,96,103" machi="34" ten="30,1000,0" yaku="7,1" doraHai="12" who="2" fromWho="0" sc="250,-10,250,0,250,10,250,0" /><INIT seed="1,0,0,4,1,49" ten="240,250,260,250" oya="1" hai0="86,42,98,32,35,48,40,75,101,43,11,66,68" hai1="44,45,47,73,94,120,88,115,57,111,20,56,112" hai2="81,104,102,41,132,129,4,110,127,10,65,37,46" hai3="62,0,121,85,54,64,6,23,18,122,80,25,39" shuffle="mt19937ar,644480F6,B7900E1B,F6526301,4F838BB2,72BCC86C,267057FF,9B7F8E8E,5BCDE7C9"/><U106/><E73/><V124/><F81/><W123/><G39/><T36/><D75/><U26/><E106/><V107/><F65/><W87/><G6/><T19/><D36/><U126/><E120/><V95/><F95/><W125/><G0/><T69/><D66/><U89/><E126/><V103/><F110/><W1/><G1/><T3/><D86/><U52/><E111/><V12/><F129/><W93/><G125/><N who="2" m="48201" /><F132/><W130/><G130/><T116/><D116/><U109/><E57/><V82/><F82/><W113/><G113/><T63/><D63/><U38/><E38/><V133/><F133/><W114/><G114/><T5/><D19/><U117/><E117/><V16/><F4/><W96/><G87/><T99/><D48/><U78/><E78/><V131/><F131/><W14/><G54/><T58/><D58/><U55/><E109/><V60/><F60/><W84/><G25/><T119/><D119/><U13/><E13/><V31/><F31/><W118/><G118/><T28/><D28/><U74/><E74/><V34/><F34/><W128/><G128/><T79/><D79/><U108/><E108/><V30/><F30/><W91/><G121/><T27/><D27/><U70/><E70/><V61/><F61/><W8/><G85/><T53/><D53/><N who="1" m="20555" /><E56/><V22/><F10/><W15/><G8/><T21/><D21/><U77/><E77/><V9/><F9/><W59/><REACH who="3" step="1"/><G14/><REACH who="3" step="2"/><T92/><REACH who="0" step="1"/><D99/><REACH who="0" step="2"/><N who="1" m="57799" /><E115/><V29/><F29/><W76/><AGARI ba="0,2" hai="15,18,23,59,62,64,76,80,84,91,93,96,122,123" machi="76" ten="20,2700,0" yaku="1,1,0,1,7,1,53,0" doraHai="49" doraHaiUra="135" who="3" fromWho="3" sc="230,-7,250,-13,260,-7,240,47" /><INIT seed="2,0,0,3,3,30" ten="223,237,253,287" oya="2" hai0="125,93,79,96,127,36,122,4,134,39,135,101,87" hai1="22,62,73,47,82,117,0,104,37,115,34,44,77" hai2="99,9,10,67,129,132,38,25,131,27,89,40,13" hai3="1,121,48,118,86,51,72,120,59,57,113,123,103" shuffle="mt19937ar,60A958A5,55C6BF7E,FA5DADED,89B04446,1F21FC14,2E0508C6,BAF76A79,5791BE82"/><V84/><F67/><W102/><G118/><T35/><D122/><U15/><E47/><V14/><F99/><W64/><G72/><T114/><D114/><U29/><E15/><V66/><F66/><W81/><G1/><T70/><D70/><U106/><E22/><V133/><F40/><W69/><G64/><T2/><D2/><U126/><E62/><V110/><F38/><N who="0" m="14378" /><D79/><U98/><E117/><V75/><F89/><W108/><G69/><T97/><D97/><U3/><E115/><V6/><F84/><W109/><G113/><T100/><D100/><N who="3" m="38441" /><G86/><T58/><D58/><N who="3" m="22025" /><G81/><T112/><D112/><U85/><E85/><V116/><F75/><W18/><G18/><T92/><D4/><U54/><E54/><V111/><F116/><W43/><G43/><T33/><D87/><U21/><E21/><V94/><F94/><W11/><G11/><T45/><D93/><U71/><E71/><V88/><F88/><W5/><G5/><AGARI ba="0,0" hai="5,6,9,10,13,14,25,27,110,111,129,131,132,133" machi="5" ten="25,12000,1" yaku="22,2,34,3" doraHai="30" who="2" fromWho="3" sc="223,0,237,0,253,120,287,-120" /><INIT seed="2,1,0,0,1,116" ten="223,237,373,167" oya="2" hai0="27,43,84,133,36,86,68,57,120,83,85,29,73" hai1="15,88,20,101,48,77,97,65,50,94,22,14,98" hai2="11,130,39,42,30,61,74,32,112,16,53,119,126" hai3="93,63,2,81,135,91,17,129,60,87,104,111,132" shuffle="mt19937ar,9CBD6B2A,2E4BA551,0F94FD12,DA127DA8,13F77941,32FCCAEC,5C1DA48D,0A40A381"/><V18/><F119/><W58/><G111/><T4/><D133/><U128/><E77/><V26/><F112/><W35/><G104/><T72/><D68/><U3/><E65/><V107/><F74/><W52/><G2/><T9/><D36/><U110/><E3/><V5/><F107/><W127/><G35/><T56/><D43/><U10/><E110/><V114/><F114/><W123/><G123/><T125/><D125/><U103/><E128/><V102/><F102/><W23/><G127/><T71/><D71/><U89/><REACH who="1" step="1"/><E94/><REACH who="1" step="2"/><V76/><F76/><W100/><G129/><T99/><D120/><U54/><E54/><V67/><F126/><W108/><G108/><T95/><D73/><U47/><E47/><V96/><F53/><W28/><G93/><T34/><D72/><U80/><E80/><V109/><F109/><W37/><G135/><T46/><D46/><U21/><E21/><V121/><F130/><W134/><G132/><T75/><D75/><U13/><E13/><V44/><F96/><W1/><G134/><T0/><REACH who="0" step="1"/><D83/><REACH who="0" step="2"/><U124/><E124/><V66/><F121/><W106/><G81/><T7/><D7/><U79/><E79/><V90/><F90/><AGARI ba="1,2" hai="0,4,9,27,29,34,56,57,84,85,86,90,95,99" machi="90" ten="40,1300,0" yaku="1,1,53,0" doraHai="116" doraHaiUra="62" who="0" fromWho="2" sc="213,36,227,0,373,-16,167,0" /><INIT seed="3,0,0,4,5,86" ten="249,227,357,167" oya="3" hai0="30,14,108,18,85,133,71,105,46,74,123,43,111" hai1="58,119,78,81,102,104,67,124,59,110,49,72,84" hai2="41,109,103,83,118,73,47,114,79,75,3,82,23" hai3="21,55,29,9,87,50,2,42,54,56,129,120,10" shuffle="mt19937ar,56BF9F84,00724212,A6C0D51B,E1E4D646,584E8AC2,E9F0B8F3,F6FEE65F,947A6629"/><W92/><G120/><T60/><D123/><U68/><E119/><V7/><F23/><W25/><G129/><T6/><D133/><U27/><E49/><V51/><F103/><W91/><G2/><T0/><D0/><U89/><E27/><V112/><F118/><W11/><G42/><T16/><D6/><U117/><E117/><V34/><F34/><W4/><G4/><T48/><D74/><U65/><E124/><V127/><F127/><W126/><G126/><T12/><D105/><U63/><E65/><V122/><F122/><W26/><G26/><T24/><D85/><U97/><REACH who="1" step="1"/><E110/><REACH who="1" step="2"/><N who="0" m="42025" /><D71/><U64/><E64/><V38/><F51/><W35/><G35/><T61/><D24/><U57/><E57/><V131/><F109/><W39/><G39/><T66/><D66/><U95/><AGARI ba="0,1" hai="58,59,63,67,68,72,78,81,84,89,95,97,102,104" machi="95" ten="20,12000,2" yaku="1,1,0,1,7,1,24,2,52,1,53,1" doraHai="86" doraHaiUra="77" who="1" fromWho="1" sc="249,-30,217,130,357,-30,167,-60" /><INIT seed="4,0,0,1,3,131" ten="219,347,327,107" oya="0" hai0="76,67,43,134,64,132,62,81,116,90,82,13,75" hai1="87,69,83,44,72,3,98,68,117,33,15,110,39" hai2="112,46,133,130,94,85,126,57,1,102,35,2,12" hai3="51,38,29,127,25,108,16,135,96,125,10,20,36" shuffle="mt19937ar,54FB8156,2D40CD68,3AA24864,71A6DD9F,160C0064,399C7337,C8FB64E9,41037A34"/><T121/><D116/><U47/><E15/><V17/><F35/><W60/><G108/><T70/><D121/><U63/><E87/><V37/><F57/><W18/><G36/><T31/><D43/><U49/><E98/><V52/><F130/><W8/><G38/><T59/><D31/><U23/><E23/><V61/><F126/><W80/><G96/><T122/><D122/><U89/><E89/><V103/><F112/><W115/><G115/><T97/><D13/><U95/><E95/><V26/><F37/><W48/><G80/><T120/><D120/><U104/><E104/><V129/><F26/><W56/><G135/><N who="0" m="51755" /><D67/><U99/><E117/><V92/><F129/><W78/><G78/><T58/><D97/><U54/><E99/><V66/><F2/><W6/><G125/><T79/><D90/><U42/><E3/><V9/><F1/><W45/><G127/><T5/><D5/><U128/><E128/><V50/><F133/><W93/><G93/><T109/><D109/><U84/><E110/><V105/><F94/><W123/><G48/><T27/><D27/><U34/><E72/><AGARI ba="0,0" hai="58,59,62,64,70,72,75,76,79,81,82" m="51755" machi="72" ten="30,11600,0" yaku="20,1,52,3" doraHai="131" who="0" fromWho="1" sc="219,116,347,-116,327,0,107,0" /><INIT seed="4,1,0,3,3,123" ten="335,231,327,107" oya="0" hai0="97,102,113,50,41,91,87,111,114,44,17,109,12" hai1="77,26,42,124,88,76,110,106,134,80,128,30,0" hai2="18,54,108,5,2,74,62,46,27,31,85,132,66" hai3="11,49,33,64,126,8,107,115,52,95,21,69,43" shuffle="mt19937ar,B4DBCD9B,D9F3BECA,8649D2BA,C8248B9B,DCD3D7F4,93EF9EC9,A5BD8A13,4348BF1F"/><T61/><D61/><U104/><E0/><V4/><F74/><W130/><G33/><T105/><D91/><U81/><E42/><V14/><F132/><W72/><G69/><T94/><D87/><U59/><E59/><V22/><F2/><W55/><G72/><T57/><D57/><U38/><E38/><V10/><F108/><N who="0" m="41546" /><D17/><U32/><E110/><V122/><F122/><W70/><G107/><T3/><D3/><U36/><E36/><V16/><F18/><W112/><G126/><T71/><D71/><U93/><E124/><V118/><F118/><W125/><G130/><T120/><D120/><U82/><E128/><V129/><F129/><W75/><G75/><T7/><D7/><U98/><REACH who="1" step="1"/><E134/><REACH who="1" step="2"/><V101/><F66/><W68/><G125/><T79/><D79/><AGARI ba="1,1" hai="26,30,32,76,77,79,80,81,82,88,93,98,104,106" machi="79" ten="40,5200,0" yaku="1,1,2,1,54,1,53,0" doraHai="123" doraHaiUra="127" who="1" fromWho="0" sc="335,-55,221,65,327,0,107,0" /><INIT seed="5,0,0,2,2,89" ten="280,286,327,107" oya="1" hai0="119,66,57,22,23,84,117,122,100,132,108,52,78" hai1="7,135,113,130,12,104,27,64,101,74,25,79,28" hai2="48,69,68,44,105,30,11,88,42,14,94,81,40" hai3="19,75,92,21,63,15,129,107,36,16,115,80,87" shuffle="mt19937ar,AC887ADB,F07E46AF,A7D1FFEC,D92F93EF,DD72F805,26794D36,D017F038,852A060D"/><U82/><E113/><V49/><F105/><W65/><G36/><T41/><D100/><U127/><E127/><V35/><F81/><W39/><G39/><T106/><D106/><U120/><E120/><V110/><F110/><W103/><G107/><T111/><D132/><U61/><E135/><V98/><F35/><W9/><G115/><T54/><D122/><U77/><E77/><V112/><F30/><W133/><G129/><T114/><D114/><U5/><E130/><V62/><F112/><W17/><G75/><T85/><D78/><U124/><E124/><V86/><F62/><W31/><G133/><T72/><D72/><U26/><E28/><V121/><F121/><W99/><G21/><N who="0" m="7691" /><D41/><U56/><REACH who="1" step="1"/><E12/><REACH who="1" step="2"/><V102/><F42/><W6/><G31/><T1/><D1/><U2/><E2/><V0/><F0/><W128/><G128/><T59/><D66/><U76/><E76/><V47/><F40/><W3/><G3/><T73/><D73/><U10/><E10/><V90/><F11/><W37/><G65/><T53/><D85/><U123/><E123/><V70/><F14/><W95/><G87/><T38/><D38/><U134/><E134/><V45/><F86/><W97/><G37/><T32/><D32/><U125/><E125/><V4/><F4/><W118/><G6/><T46/><D46/><U83/><E83/><V8/><REACH who="2" step="1"/><F8/><REACH who="2" step="2"/><W131/><G9/><T96/><D96/><AGARI ba="0,2" hai="5,7,25,26,27,56,61,64,74,79,82,96,101,104" machi="96" ten="40,2000,0" yaku="1,1,53,0" doraHai="89" doraHaiUra="50" who="1" fromWho="0" sc="280,-20,276,40,317,0,107,0" /><INIT seed="5,1,0,2,5,93" ten="260,316,317,107" oya="1" hai0="55,29,133,110,91,25,54,37,38,115,59,132,121" hai1="26,21,44,39,135,2,70,51,47,112,3,61,9" hai2="129,83,98,1,14,99,84,46,33,80,48,12,32" hai3="69,79,118,28,109,71,63,94,107,114,106,4,31" shuffle="mt19937ar,421E56EF,3DCC7AD7,65C80BBE,4F123476,3B0B9AB1,1E6603B3,2FB55FFC,8D364066"/><U108/><E108/><V104/><F1/><W6/><G109/><T45/><D121/><U34/><E34/><V126/><F104/><W122/><G122/><T125/><D125/><U42/><E112/><V90/><F126/><W20/><G114/><T111/><D91/><U102/><E102/><V100/><F100/><W60/><G94/><T64/><D64/><U17/><E135/><V53/><F129/><W88/><G118/><T10/><D10/><U105/><E105/><V67/><F67/><W40/><G88/><T22/><D115/><U113/><E113/><V35/><F83/><W95/><G95/><T66/><D29/><U85/><E85/><V43/><F43/><W11/><G11/><T89/><D89/><U41/><REACH who="1" step="1"/><E9/><REACH who="1" step="2"/><V16/><F12/><W13/><G13/><T76/><D76/><U56/><E56/><V119/><F119/><W97/><G79/><T128/><D128/><U18/><E18/><V7/><REACH who="2" step="1"/><F7/><REACH who="2" step="2"/><W101/><G6/><T58/><D25/><U134/><E134/><N who="0" m="51817" /><D22/><AGARI ba="1,2" hai="14,16,22,32,33,35,46,48,53,80,84,90,98,99" machi="22" ten="40,8000,1" yaku="1,1,52,2,54,1,53,0" doraHai="93" doraHaiUra="0" who="2" fromWho="0" sc="260,-83,306,0,307,103,107,0" /><INIT seed="6,0,0,1,0,13" ten="177,306,410,107" oya="2" hai0="114,119,53,79,55,110,43,47,85,134,80,57,49" hai1="42,71,121,72,35,70,51,0,15,8,101,12,78" hai2="58,92,127,27,100,105,33,4,64,95,17,25,5" hai3="120,123,132,2,11,126,62,14,122,46,104,77,34" shuffle="mt19937ar,C2449470,30054420,616B5F77,D424B24E,87AE659B,A93575BA,A70BEEDE,1B888504"/><V115/><F127/><W18/><G104/><T125/><D119/><U106/><E51/><V39/><F39/><W113/><G77/><T130/><D114/><U7/><E15/><V20/><F115/><W133/><G113/><T29/><D110/><U24/><E12/><V108/><F105/><W103/><G103/><T76/><D125/><U66/><E42/><V16/><F108/><W88/><G126/><T81/><D134/><U50/><E50/><V21/><F33/><W36/><G34/><T31/><D130/><U37/><E37/><V135/><F135/><N who="3" m="51787" /><G2/><T131/><D131/><U1/><E1/><V41/><F41/><W83/><G36/><T48/><REACH who="0" step="1"/><D55/><REACH who="0" step="2"/><U22/><E121/><V75/><F75/><AGARI ba="0,1" hai="29,31,43,47,48,49,53,57,75,76,79,80,81,85" machi="75" ten="30,3900,0" yaku="1,1,2,1,7,1,53,0" doraHai="13" doraHaiUra="9" who="0" fromWho="2" sc="167,49,306,0,410,-39,107,0" /><INIT seed="7,0,0,2,5,68" ten="216,306,371,107" oya="3" hai0="135,14,60,74,63,98,116,129,107,17,130,1,105" hai1="101,46,65,67,126,62,31,32,33,58,78,89,0" hai2="11,102,10,124,92,112,81,121,103,34,113,2,127" hai3="57,132,71,44,85,95,120,16,111,88,128,38,59" shuffle="mt19937ar,E38A1818,80F85C31,802F7F35,CA8342EF,4D2E7A2C,CC56E4E6,90C652C5,2B60EED3"/><W106/><G120/><T4/><D116/><U55/><E0/><V29/><F81/><W49/><G71/><T133/><D74/><U131/><E78/><V76/><F76/><W24/><G106/><N who="0" m="40459" /><D98/><U66/><E101/><N who="2" m="38411" /><F92/><W109/><G128/><N who="0" m="49259" /><D1/><U115/><E131/><V48/><F48/><W37/><G132/><N who="0" m="50763" /><D4/><U40/><E89/><V54/><F54/><W45/><G57/><T119/><D17/><U21/><E33/><V56/><F56/><W123/><G59/><T114/><D119/><U93/><E32/><V53/><F53/><W77/><G77/><T73/><D73/><U27/><E55/><V47/><F47/><W13/><G123/><T72/><D72/><U125/><E58/><V64/><F121/><W79/><G24/><T39/><D39/><U134/><E134/><V80/><F64/><W28/><G79/><T84/><D84/><U99/><E67/><V91/><F2/><W7/><G28/><T90/><D90/><N who="1" m="55735" /><E66/><V20/><F34/><W97/><G7/><T69/><D69/><U15/><E65/><V36/><F36/><W5/><G5/><T35/><D14/><U61/><E15/><V122/><F122/><W19/><G97/><T50/><D50/><N who="1" m="26951" /><E115/><V87/><F113/><W41/><G45/><T52/><D52/><U18/><E18/><V118/><F112/><W108/><REACH who="3" step="1"/><G19/><REACH who="3" step="2"/><T9/><D114/><U100/><E100/><V6/><F6/><W23/><AGARI ba="0,1" hai="13,16,23,37,38,41,44,49,85,88,95,108,109,111" machi="23" ten="30,24000,3" yaku="1,1,2,1,0,1,10,1,52,2,54,2,53,1" doraHai="68" doraHaiUra="82" who="3" fromWho="3" sc="216,-80,306,-80,371,-80,97,250" owari="136,-36,226,-17,291,9,347,44" /></mjloggm>