<mjloggm ver="2.3"><GO type="97"/><UN n0="%6B%6D%6F%32" n1="%E9%9D%92%E8%89%B2%E3%82%B5%E3%83%B4%E3%82%A1%E3%83%B3" n2="%E3%82%A6%E3%83%AB%E3%83%88%E3%83%A9%E7%AB%8B%E7%9B%B4" n3="%61%6D%6E%65%73%69%61" dan="14,13,13,14" rate="1963,1893,1838,1886" sx="M,F,M,M"/><TAIKYOKU oya="0"/><INIT seed="0,0,0,2,4,87" ten="250,250,250,250" oya="0" hai0="11,5,0,23,112,54,119,118,28,27,123,26,94" hai1="44,16,42,130,102,36,56,18,110,17,3,58,40" hai2="52,122,133,31,96,19,99,90,59,45,6,9,12" hai3="107,66,7,120,83,129,60,111,14,15,70,92,73" shuffle="mt19937ar,C583B4E0,D726116D,4A095174,52BB231F,4E46F70C,57119417,A56DAAB3,4926BD9F"/><T21/><D112/><U1/><E130/><V131/><F122/><W67/><G129/><T100/><D123/><U84/><E102/><V95/><F131/><W89/><G120/><T86/><D54/><U135/><E135/><V34/><F133/><W33/><G107/><T47/><D47/><U13/><E110/><V61/><F45/><W22/><G111/><T2/><D2/><U49/><E42/><V80/><F80/><W41/><G33/><T134/><D134/><U10/><E36/><V72/><F72/><W103/><G41/><T79/><D79/><U30/><E30/><V8/><F31/><W74/><G15/><T77/><D77/><U85/><E1/><V68/><F68/><W25/><G67/><T117/><D117/><U125/><E3/><V46/><F46/><W24/><G83/><T104/><D104/><U32/><E32/><V69/><F69/><W88/><G73/><T38/><D38/><U35/><E35/><V91/><F34/><W50/><G74/><T75/><D75/><U39/><E39/><V81/><F81/><W82/><G82/><T65/><D65/><U109/><E109/><V62/><F9/><N who="3" m="4415" /><G50/><T114/><D114/><U101/><E101/><V20/><F62/><W51/><G51/><T116/><D86/><N who="1" m="33387" /><E125/><V48/><F48/><W115/><G115/><T97/><D119/><U76/><E76/><V71/><F71/><W126/><G126/><T121/><D121/><U57/><AGARI ba="0,0" hai="10,13,16,17,18,40,44,49,56,57,58" m="33387" machi="57" ten="30,2000,0" yaku="8,1,54,1" doraHai="87" who="1" fromWho="1" sc="250,-10,250,20,250,-5,250,-5" /><INIT seed="1,0,0,3,4,23" ten="240,270,245,245" oya="1" hai0="74,0,17,81,59,89,62,25,106,67,2,12,8" hai1="129,34,22,32,104,109,93,45,63,79,64,91,69" hai2="107,102,87,108,37,50,31,6,80,126,26,133,42" hai3="127,105,18,13,125,11,39,58,55,43,114,56,90" shuffle="mt19937ar,F41D570E,9DA2CE1A,2324B690,4EB6FC2D,A7164302,1CE215CC,09A8A185,BE56F0C3"/><U128/><E104/><V38/><F38/><W19/><G114/><T46/><D106/><U95/><E79/><V113/><F37/><W98/><G39/><T44/><D25/><U30/><E45/><V103/><F113/><W135/><G135/><T47/><REACH who="0" step="1"/><D89/><REACH who="0" step="2"/><U86/><E109/><V27/><F108/><W60/><G127/><T36/><D36/><U33/><REACH who="1" step="1"/><E95/><REACH who="1" step="2"/><V51/><F107/><W52/><G125/><T118/><D118/><U68/><E68/><V99/><F126/><W53/><G105/><T96/><D96/><U97/><E97/><V35/><F99/><W116/><G116/><T28/><D28/><U100/><E100/><V3/><F102/><W24/><G98/><T124/><D124/><U73/><E73/><V132/><F103/><W20/><G90/><T131/><D131/><U122/><E122/><V40/><F31/><W4/><G43/><T115/><D115/><U1/><E1/><V117/><F117/><W111/><G111/><T94/><D94/><U84/><E84/><V72/><F72/><W14/><REACH who="3" step="1"/><G60/><REACH who="3" step="2"/><T5/><D5/><U54/><E54/><V21/><F6/><W83/><G83/><T7/><D7/><U77/><E77/><AGARI ba="0,3" hai="0,2,8,12,17,44,46,47,59,62,67,74,77,81" machi="77" ten="40,1300,0" yaku="1,1,53,0" doraHai="23" doraHaiUra="82" who="0" fromWho="1" sc="230,43,260,-13,245,0,235,0" /><INIT seed="2,0,0,4,4,89" ten="273,247,245,235" oya="2" hai0="30,11,109,46,115,100,128,27,57,95,54,113,66" hai1="103,67,52,42,3,71,8,22,36,48,0,108,13" hai2="37,77,93,76,78,123,79,112,94,10,59,74,9" hai3="62,34,64,99,127,106,118,70,31,75,58,26,29" shuffle="mt19937ar,51808EDD,8380DCE9,0A9FE772,06A0B89A,78A883F4,78AEA24C,BD20032F,B7194D44"/><V33/><F33/><W107/><G58/><T40/><D109/><U124/><E108/><V55/><F37/><W110/><G110/><T18/><D128/><U114/><E114/><V21/><F123/><W6/><G29/><T50/><D66/><U38/><E103/><V73/><F112/><W105/><G118/><T80/><D80/><U91/><E22/><V111/><F111/><W24/><G24/><T126/><D126/><U102/><E102/><V68/><F68/><W85/><G85/><T117/><D117/><U49/><E124/><V61/><F73/><W28/><G28/><T4/><D18/><U7/><E71/><V56/><N who="2" m="19968" /><DORA hai="65" /><V88/><F74/><W45/><G127/><T51/><D100/><U23/><E67/><V82/><F59/><W81/><G81/><T19/><D19/><U1/><E91/><V87/><F21/><W44/><G75/><T32/><REACH who="0" step="1"/><D95/><AGARI ba="0,0" hai="9,10,55,56,61,82,87,88,93,94,95" m="19968" machi="95" ten="50,12000,1" yaku="8,1,52,3,54,1" doraHai="89,65" who="2" fromWho="0" sc="273,-120,247,0,245,120,235,0" /><INIT seed="2,1,0,4,4,38" ten="153,247,365,235" oya="2" hai0="48,67,64,102,11,117,84,88,52,1,18,33,98" hai1="54,2,7,56,28,4,107,30,80,31,27,91,105" hai2="122,134,114,85,83,128,34,9,70,75,32,125,49" hai3="118,89,82,131,115,46,23,113,87,111,116,35,21" shuffle="mt19937ar,03377DBA,1EA52EC8,9D3AADAA,3F302278,52949573,49DB666F,52F9D127,EDD8094C"/><V132/><F9/><W43/><G35/><T97/><D117/><U14/><E2/><V8/><F8/><W103/><G131/><T92/><D33/><U93/><E80/><V22/><F22/><W42/><G103/><T44/><D97/><U12/><E27/><V13/><F13/><W57/><G46/><T121/><D121/><U36/><E36/><V55/><F85/><W74/><G57/><T124/><D124/><U100/><E100/><V65/><F83/><W51/><G51/><T108/><D108/><U19/><E105/><V24/><F24/><W135/><G74/><T120/><D120/><U41/><E107/><V6/><F6/><W60/><G60/><T62/><D62/><N who="1" m="36119" /><E41/><N who="3" m="15370" /><G135/><T129/><D129/><U95/><E14/><V66/><F32/><W10/><G10/><T5/><REACH who="0" step="1"/><D18/><REACH who="0" step="2"/><U78/><E19/><V25/><F34/><W50/><G111/><T40/><D40/><U101/><E4/><V81/><F75/><W86/><G118/><T112/><D112/><N who="3" m="43081" /><G116/><T39/><D39/><U20/><E7/><V73/><F134/><W47/><G87/><T63/><D63/><U3/><E30/><V76/><F132/><W37/><G37/><T29/><D29/><U119/><E28/><V77/><F73/><W72/><G72/><T104/><AGARI ba="1,1" hai="1,5,11,44,48,52,64,67,84,88,92,98,102,104" machi="104" ten="20,8000,1" yaku="1,1,0,1,7,1,54,2,53,0" doraHai="38" doraHaiUra="127" who="0" fromWho="0" sc="143,93,247,-21,365,-41,235,-21" /><INIT seed="3,0,0,4,5,77" ten="236,226,324,214" oya="3" hai0="101,46,132,108,93,79,66,23,87,57,120,47,17" hai1="64,99,117,78,89,60,119,82,27,4,12,9,8" hai2="42,111,15,134,62,90,68,34,53,72,65,104,125" hai3="70,61,52,100,102,45,3,54,74,121,94,5,116" shuffle="mt19937ar,5533468F,96A09178,0AC40257,DAA002BB,54930C99,CD9FECFD,F3919DB8,9C4773E9"/><W36/><G116/><N who="1" m="44618" /><E27/><V127/><F72/><W76/><G121/><T20/><D120/><U81/><E99/><V0/><F0/><W6/><G6/><T16/><D108/><U95/><E95/><V51/><F111/><W30/><G30/><T71/><D71/><N who="1" m="42375" /><E89/><V129/><F34/><W123/><G123/><T115/><D132/><U25/><E25/><V73/><F134/><W135/><G135/><T63/><D115/><U33/><E33/><V109/><F109/><W113/><G113/><T69/><D69/><U18/><E78/><V91/><F90/><W35/><G35/><T14/><D101/><N who="3" m="39017" /><G94/><T43/><D43/><U44/><E44/><V59/><F73/><W84/><G84/><T103/><D103/><U112/><E112/><V21/><F104/><W118/><G118/><T130/><D130/><U98/><E98/><V58/><F129/><W105/><G105/><T28/><D28/><U55/><E55/><V83/><F21/><W26/><G26/><N who="0" m="14599" /><D93/><U49/><E49/><V41/><F15/><AGARI ba="0,0" hai="4,8,9,12,15,18,81,82" m="42375,44618" machi="15" ten="30,3900,0" yaku="12,1,52,2" doraHai="77" who="1" fromWho="2" sc="236,0,226,39,324,-39,214,0" /><INIT seed="4,0,0,4,1,101" ten="236,265,285,214" oya="0" hai0="125,42,47,43,30,68,28,130,44,126,38,62,89" hai1="40,60,82,66,116,2,56,85,35,5,92,51,106" hai2="119,50,10,49,117,32,25,29,37,48,22,16,88" hai3="109,110,111,52,15,90,115,75,19,67,84,39,91" shuffle="mt19937ar,C8212DA5,A915EC5B,801156BF,9C587305,C3FEF49A,8D58E3B5,DCC134F7,2C5897B8"/><T98/><D130/><U4/><E35/><V102/><F37/><W86/><G75/><T55/><D98/><U31/><E31/><V69/><F69/><W97/><G39/><N who="0" m="21599" /><D89/><U64/><E116/><V108/><F108/><W8/><G67/><N who="0" m="41079" /><D28/><U134/><E134/><V107/><F10/><W13/><G115/><T59/><D30/><U61/><E92/><V123/><F123/><W20/><G97/><T46/><D46/><U65/><E2/><V87/><F102/><W124/><G124/><T18/><D18/><U34/><E34/><V104/><F117/><W72/><G72/><T114/><D114/><U96/><E82/><V71/><F71/><W95/><G52/><T1/><D1/><U76/><E85/><V131/><F119/><W120/><G120/><T80/><D80/><U3/><E76/><V0/><F0/><W54/><G54/><T121/><D121/><U78/><E3/><V105/><F131/><W128/><G128/><T129/><D129/><U9/><E78/><V100/><F100/><W112/><G112/><T21/><D21/><U26/><E96/><V33/><REACH who="2" step="1"/><F29/><REACH who="2" step="2"/><W57/><G110/><T36/><D36/><U99/><E9/><V118/><F118/><W6/><G57/><T122/><D122/><U41/><E99/><V23/><F23/><W12/><REACH who="3" step="1"/><G15/><REACH who="3" step="2"/><T93/><D93/><AGARI ba="0,2" hai="16,22,25,32,33,48,49,50,87,88,93,104,105,107" machi="93" ten="50,12000,2" yaku="1,1,52,3,54,2,53,0" doraHai="101" doraHaiUra="132" who="2" fromWho="0" sc="236,-120,265,0,275,140,204,0" /><AGARI ba="0,0" hai="6,8,12,13,19,20,84,86,90,91,93,95,109,111" machi="93" ten="30,7700,0" yaku="1,1,2,1,7,1,9,1,53,0" doraHai="101" doraHaiUra="132" who="3" fromWho="0" sc="116,-77,265,0,415,0,204,77" owari="39,-36,265,-8,415,41,281,3" /></mjloggm>