<mjloggm ver="2.3"><GO type="41"/><UN n0="%53%48%49%41%4E" n1="%E3%83%9E%E3%82%B5%E3%83%A4" n2="%E3%81%82%E3%81%8D%E3%81%AB%E3%81%97%E3%81%AA" n3="%E3%82%A6%E3%83%AB%E3%83%88%E3%83%A9%E7%AB%8B%E7%9B%B4" dan="15,13,13,15" rate="1960,1826,1925,1972" sx="M,M,M,M"/><TAIKYOKU oya="0"/><INIT seed="0,0,0,2,3,53" ten="250,250,250,250" oya="0" hai0="115,114,71,128,29,43,61,103,6,120,28,60,66" hai1="122,106,117,49,118,46,110,18,98,85,34,11,13" hai2="26,109,41,10,17,55,86,97,45,15,113,14,107" hai3="27,116,74,2,101,69,36,112,42,111,48,63,94"/><T100/><D120/><U102/><E122/><V72/><F72/><W127/><G94/><T132/><D43/><U22/><E34/><V76/><F113/><W75/><G101/><T32/><D6/><U70/><E70/><V104/><F109/><W21/><G21/><T39/><D39/><U16/><E85/><V47/><F26/><W80/><G27/><T59/><D128/><U54/><REACH who="1" step="1"/><E110/><REACH who="1" step="2"/><V1/><F97/><W78/><G111/><T89/><D32/><U65/><E65/><V30/><F86/><W90/><G75/><T88/><D71/><U7/><E7/><V131/><F131/><W31/><G69/><T91/><D66/><U73/><E73/><V51/><F30/><W79/><G31/><T4/><D4/><U119/><E119/><V124/><F124/><W99/><G74/><T20/><D115/><U58/><E58/><V40/><F45/><W82/><G99/><T123/><D123/><U24/><AGARI ba="0,1" hai="11,13,16,18,22,24,46,49,54,98,102,106,117,118" machi="24" ten="20,5200,0" yaku="1,1,0,1,7,1,54,1,53,0" doraHai="53" doraHaiUra="130" who="1" fromWho="1" sc="250,-26,240,62,250,-13,250,-13" /><INIT seed="1,0,0,0,2,94" ten="224,302,237,237" oya="1" hai0="46,78,128,93,24,125,66,84,82,105,95,68,9" hai1="115,2,102,133,33,74,19,127,124,45,80,64,86" hai2="47,65,108,71,36,44,98,88,38,117,73,111,121" hai3="123,83,25,132,70,56,109,35,107,52,15,101,31"/><U23/><E74/><V119/><F121/><W134/><G123/><T92/><D105/><U55/><E33/><V30/><F73/><W18/><G70/><T4/><D128/><U5/><E115/><V50/><F30/><W51/><G109/><N who="2" m="42057" /><F65/><W75/><G83/><T11/><D125/><U110/><E110/><V22/><F22/><W13/><G75/><T120/><D120/><U0/><E64/><V48/><F71/><W131/><G131/><T32/><D32/><U90/><E102/><V8/><F8/><W87/><G87/><T96/><D66/><U26/><E133/><N who="3" m="51306" /><G18/><T77/><D68/><U89/><E5/><V41/><F117/><W122/><G122/><T97/><D24/><U72/><E72/><V14/><F14/><W126/><G126/><N who="1" m="48170" /><E90/><V21/><F21/><W116/><G116/><T129/><D46/><U17/><E19/><V81/><F119/><W7/><G7/><T99/><D129/><U114/><E114/><V62/><F62/><W76/><G76/><N who="0" m="29291" /><D4/><U27/><E27/><V10/><F81/><W40/><G25/><T63/><D63/><U69/><E69/><V118/><F118/><W16/><G35/><T60/><D60/><U3/><E3/><V106/><F10/><W43/><G31/><T103/><D103/><U1/><E1/><V61/><F61/><W79/><G79/><AGARI ba="0,0" hai="9,11,79,82,84,92,93,95,96,97,99" m="29291" machi="79" ten="30,7700,0" yaku="8,1,52,3" doraHai="94" who="0" fromWho="3" sc="224,77,302,0,237,0,237,-77" /><INIT seed="2,0,0,1,2,27" ten="301,302,237,160" oya="2" hai0="21,103,62,123,77,82,23,67,46,81,88,113,115" hai1="65,13,57,25,38,104,18,3,31,17,86,94,32" hai2="55,90,97,7,135,1,117,22,48,109,110,37,50" hai3="2,111,44,101,112,8,87,96,51,126,4,92,95"/><V128/><F135/><W36/><G112/><T15/><D123/><U131/><E104/><V69/><F117/><W99/><G126/><T39/><D103/><U61/><E38/><V12/><F37/><W60/><G111/><N who="2" m="42505" /><F1/><W102/><G36/><T78/><D46/><U40/><E40/><V120/><F69/><W64/><G87/><T45/><D39/><U72/><E72/><V125/><F120/><W107/><G107/><T59/><D45/><U19/><E3/><V73/><F55/><W132/><G132/><T58/><D15/><U49/><E131/><V70/><F128/><W68/><G44/><T26/><D23/><U20/><E49/><V127/><F70/><W134/><G51/><T28/><D58/><U124/><E124/><N who="2" m="47691" /><F73/><W30/><G134/><T98/><D115/><U80/><REACH who="1" step="1"/><E94/><REACH who="1" step="2"/><N who="2" m="56535" /><F22/><W133/><G133/><T130/><D130/><U53/><E53/><V5/><F5/><W0/><G0/><T42/><D113/><U91/><AGARI ba="0,1" hai="13,17,18,19,20,25,31,32,57,61,65,80,86,91" machi="91" ten="20,5200,0" yaku="1,1,0,1,7,1,52,1,53,0" doraHai="27" doraHaiUra="93" who="1" fromWho="1" sc="301,-13,292,62,237,-26,160,-13" /><INIT seed="3,0,0,4,2,118" ten="288,354,211,147" oya="3" hai0="116,80,132,61,91,58,100,85,79,12,48,92,10" hai1="131,102,24,46,32,5,42,2,67,107,134,44,39" hai2="73,41,50,21,68,20,29,27,6,54,43,9,38" hai3="97,101,105,81,82,128,16,98,93,125,33,127,56"/><W69/><G69/><T49/><D132/><U103/><E134/><V45/><F68/><W53/><G33/><T124/><D124/><N who="3" m="47689" /><G53/><T11/><D11/><U96/><E103/><V94/><F73/><W65/><G65/><T18/><D100/><U113/><E113/><V135/><F38/><W14/><G56/><T121/><D121/><U37/><E131/><V23/><F41/><W13/><G13/><T74/><REACH who="0" step="1"/><D116/><REACH who="0" step="2"/><U119/><E119/><V57/><F135/><W95/><G128/><T22/><D22/><U0/><E5/><V106/><F27/><W86/><G14/><T25/><D25/><U84/><E24/><V117/><F29/><W88/><G16/><T17/><D17/><U15/><E15/><V51/><F117/><W104/><G104/><T83/><D83/><U71/><E102/><AGARI ba="0,1" hai="81,82,86,88,93,95,97,98,101,102,105" m="47689" machi="102" ten="30,11600,0" yaku="18,1,34,2,54,1" doraHai="118" who="3" fromWho="1" sc="278,0,354,-116,211,0,147,126" /><INIT seed="3,1,0,3,5,109" ten="278,238,211,273" oya="3" hai0="0,116,107,120,26,82,61,33,68,1,35,101,99" hai1="96,51,6,98,106,87,59,100,38,94,86,89,78" hai2="71,9,32,36,104,118,18,27,133,129,66,28,42" hai3="73,2,122,58,43,40,21,111,88,7,19,102,67"/><W34/><G73/><T103/><D120/><U12/><E38/><V97/><F118/><W93/><G122/><T8/><D116/><U127/><E6/><V54/><F129/><W53/><G34/><T13/><D103/><N who="1" m="62823" /><E12/><V130/><F54/><W83/><G111/><T4/><D82/><N who="1" m="47447" /><E59/><V60/><F18/><W124/><G124/><T39/><D39/><U117/><E51/><V23/><F130/><W64/><G7/><T56/><D35/><U84/><E117/><V74/><F9/><W90/><G2/><T30/><D56/><U47/><E47/><V31/><F23/><W131/><G131/><T29/><REACH who="0" step="1"/><D30/><REACH who="0" step="2"/><U63/><E127/><V3/><F31/><W81/><G58/><T65/><AGARI ba="1,1" hai="0,1,4,8,13,26,29,33,61,65,68,99,101,107" machi="65" ten="30,8000,1" yaku="1,1,2,1,0,1,25,2,53,0" doraHai="109" doraHaiUra="121" who="0" fromWho="0" sc="268,93,238,-21,211,-21,273,-41" /><INIT seed="4,0,0,4,4,131" ten="361,217,190,232" oya="0" hai0="105,121,9,114,0,110,122,12,24,21,37,123,46" hai1="104,40,17,54,23,16,124,95,53,22,116,107,15" hai2="119,60,132,106,67,29,34,96,127,100,1,56,97" hai3="5,10,66,28,36,55,26,83,57,117,14,88,2"/><T128/><D105/><U92/><E116/><V47/><F127/><W61/><G36/><T89/><D128/><U43/><REACH who="1" step="1"/><E15/><REACH who="1" step="2"/><V98/><F119/><W86/><G117/><T120/><D120/><U49/><E49/><V27/><F1/><W87/><G2/><T59/><D0/><U70/><E70/><V115/><F100/><W82/><G26/><T32/><D123/><U135/><E135/><V38/><F132/><W101/><G28/><T133/><D133/><U39/><E39/><V64/><F38/><W20/><G101/><T25/><D37/><U91/><E91/><V111/><F111/><W90/><REACH who="3" step="1"/><G20/><REACH who="3" step="2"/><T108/><D122/><U79/><E79/><V103/><F103/><W118/><G118/><T42/><D110/><U125/><AGARI ba="0,2" hai="16,17,22,23,40,43,53,54,92,95,104,107,124,125" machi="125" ten="25,8000,1" yaku="1,1,0,1,22,2,54,1,53,0" doraHai="131" doraHaiUra="58" who="1" fromWho="1" sc="361,-40,207,100,190,-20,222,-20" /><INIT seed="5,0,0,2,4,26" ten="321,307,170,202" oya="1" hai0="19,44,134,114,22,7,126,14,110,82,29,45,85" hai1="17,63,67,81,36,39,104,5,59,72,23,68,77" hai2="123,113,120,111,64,124,4,76,86,18,16,117,105" hai3="61,30,112,108,88,95,58,48,38,37,97,8,9"/><U33/><E5/><V103/><F117/><W125/><G108/><T132/><D110/><U87/><E104/><V51/><F124/><W106/><G125/><T62/><D126/><U90/><E33/><V15/><F103/><W3/><G112/><T53/><D114/><U69/><E68/><V27/><F105/><W25/><G106/><T116/><D116/><U93/><REACH who="1" step="1"/><E69/><REACH who="1" step="2"/><V71/><F111/><W80/><G3/><T98/><D7/><U6/><E6/><V128/><F113/><W83/><G38/><T41/><D134/><U10/><E10/><V75/><F4/><W94/><G37/><T102/><D132/><U47/><E47/><V78/><F71/><W130/><G8/><T96/><D45/><U20/><E20/><V31/><F123/><W127/><G9/><T49/><D22/><U52/><E52/><V40/><F120/><W43/><G127/><T34/><D44/><U56/><E56/><V115/><F40/><W60/><G43/><T129/><D41/><U70/><E70/><V54/><F54/><W107/><G107/><T84/><D53/><U65/><E65/><V100/><F64/><W21/><G58/><T79/><D34/><U55/><E55/><V13/><F115/><W118/><G118/><T99/><D62/><N who="3" m="24169" /><G48/><T131/><D49/><U42/><E42/><V121/><F51/><W133/><G133/><T119/><D119/><U91/><E91/><V32/><F32/><W1/><G1/><T135/><D135/><U0/><E0/><V73/><F121/><W101/><G130/><T50/><D131/><U12/><AGARI ba="0,1" hai="12,17,23,36,39,59,63,67,72,77,81,87,90,93" machi="12" ten="20,7800,0" yaku="1,1,5,1,0,1,7,1,53,0" doraHai="26" doraHaiUra="46" who="1" fromWho="1" sc="321,-26,297,88,170,-26,202,-26" /><INIT seed="5,1,0,4,1,77" ten="295,385,144,176" oya="1" hai0="102,37,22,53,93,134,87,57,19,132,124,0,119" hai1="36,82,85,135,79,27,38,41,70,122,109,10,75" hai2="14,98,99,66,96,6,101,65,69,83,133,125,45" hai3="51,35,126,105,64,108,128,120,130,34,81,7,76"/><U20/><E122/><V91/><F125/><W74/><G51/><T55/><D124/><U114/><E70/><V56/><F69/><W40/><G40/><T116/><D37/><U26/><E41/><V88/><F133/><W50/><G50/><T86/><D0/><U90/><E135/><N who="0" m="51753" /><D102/><U4/><E109/><V78/><F45/><W9/><G126/><T73/><D73/><U49/><E49/><V106/><F56/><W58/><G58/><T72/><D72/><U1/><E114/><V80/><F99/><W113/><G64/><T48/><D93/><U8/><E10/><V13/><F6/><W17/><G17/><T3/><D3/><U94/><REACH who="1" step="1"/><E26/><REACH who="1" step="2"/><V33/><F101/><W63/><G108/><T42/><D42/><U44/><E44/><V127/><F127/><W100/><G120/><T29/><D55/><U97/><E97/><V111/><F111/><W16/><G113/><T52/><D53/><U32/><E32/><V18/><F33/><W92/><G35/><T39/><D39/><U129/><E129/><V89/><F98/><W110/><G34/><T25/><D119/><U2/><E2/><V107/><F96/><W21/><G110/><T11/><D116/><U24/><E24/><V62/><F106/><W131/><G105/><T104/><D104/><U47/><E47/><V71/><F107/><W12/><G63/><T31/><D11/><U15/><E15/><V84/><F62/><W59/><G59/><T46/><D57/><U112/><E112/><V5/><F71/><W43/><G43/><T60/><D60/><U67/><E67/><RYUUKYOKU ba="1,1" sc="295,15,375,15,144,-15,176,-15" hai0="19,22,25,29,31,46,48,52,86,87" hai1="1,4,8,20,27,36,38,75,79,82,85,90,94" /><INIT seed="5,2,1,4,5,26" ten="310,390,129,161" oya="1" hai0="9,112,106,88,81,69,60,15,0,35,129,31,24" hai1="28,120,12,123,117,43,127,75,84,118,114,121,119" hai2="85,5,102,16,59,100,97,54,49,30,45,135,80" hai3="66,50,70,13,57,82,73,33,89,4,72,101,107"/><U1/><E75/><V36/><F135/><W29/><G57/><T23/><D129/><U132/><E43/><V130/><F130/><W53/><G53/><T67/><D112/><U7/><E84/><V62/><F5/><W98/><G50/><T71/><D106/><U10/><E132/><V90/><F36/><W95/><G13/><T79/><D0/><U2/><E114/><V64/><F30/><W126/><G4/><T92/><D35/><U105/><E105/><V65/><F97/><W68/><G126/><T17/><D71/><U52/><E52/><V74/><F74/><W83/><G83/><T77/><D81/><U48/><E48/><V125/><F125/><W131/><G131/><T39/><REACH who="0" step="1"/><D39/><REACH who="0" step="2"/><U41/><E127/><V27/><F65/><W32/><G32/><T128/><D128/><U76/><E76/><V25/><F25/><N who="3" m="18607" /><G82/><T110/><D110/><U93/><E93/><V86/><F27/><W134/><G134/><T20/><D20/><U124/><E124/><V18/><F86/><AGARI ba="2,2" hai="9,15,17,23,24,31,60,67,69,77,79,86,88,92" machi="86" ten="30,7700,0" yaku="1,1,7,1,52,1,54,1,53,0" doraHai="26" doraHaiUra="42" who="0" fromWho="2" sc="300,103,390,0,129,-83,161,0" /><INIT seed="6,0,0,5,4,133" ten="403,390,46,161" oya="2" hai0="68,77,0,43,66,52,130,121,125,109,89,42,26" hai1="127,126,90,69,99,106,123,30,32,120,113,57,15" hai2="40,98,50,74,58,84,44,6,131,83,14,95,134" hai3="36,93,19,107,73,105,47,101,97,39,59,7,65"/><V85/><F134/><W82/><G19/><T8/><D109/><U31/><E69/><V13/><F131/><W96/><G59/><T118/><D130/><U4/><E113/><V60/><F74/><W17/><G65/><T135/><D135/><U129/><E129/><V34/><F34/><W119/><G17/><T64/><D118/><U92/><E106/><V33/><F33/><W78/><G7/><T111/><D68/><U12/><E57/><V102/><F85/><W128/><G128/><T75/><D26/><U63/><E63/><V94/><F95/><W87/><G47/><T67/><D8/><N who="1" m="4103" /><E15/><V132/><F6/><W112/><G39/><T122/><D0/><U37/><E37/><V62/><F60/><W56/><G56/><T10/><D77/><U103/><E103/><V21/><F21/><W115/><G36/><T20/><D75/><U9/><E9/><V54/><REACH who="2" step="1"/><F132/><REACH who="2" step="2"/><W35/><G35/><T27/><D20/><U86/><E86/><V3/><F3/><W79/><G119/><T49/><D121/><N who="1" m="46667" /><E32/><V71/><F71/><W114/><G97/><T11/><D122/><U108/><E108/><V76/><AGARI ba="0,1" hai="13,14,40,44,50,54,58,62,76,83,84,94,98,102" machi="76" ten="20,12000,1" yaku="1,1,0,1,7,1,8,1,53,1" doraHai="133" doraHaiUra="80" who="2" fromWho="2" sc="403,-40,390,-40,36,130,161,-40" /><INIT seed="6,1,0,3,1,55" ten="363,350,166,121" oya="2" hai0="130,131,102,63,28,124,70,26,15,39,57,98,112" hai1="68,106,86,61,18,82,125,10,45,91,42,33,105" hai2="0,89,56,23,74,110,117,12,25,88,92,75,85" hai3="41,37,30,122,81,4,16,76,128,123,134,3,111"/><V132/><F117/><W50/><G50/><T126/><D39/><U129/><E125/><N who="0" m="48233" /><D15/><U96/><E129/><N who="0" m="49161" /><D70/><U109/><E109/><V107/><F110/><W54/><G134/><T43/><D43/><U40/><E33/><V20/><F132/><W78/><G54/><T51/><D51/><U71/><E40/><V22/><F107/><W32/><G78/><T120/><D120/><U104/><E96/><V116/><F0/><W31/><G31/><T8/><D8/><U24/><E61/><V101/><F101/><W113/><G16/><T118/><D118/><U77/><E77/><V9/><F116/><W135/><G135/><T84/><D84/><U73/><E73/><V19/><F56/><W119/><G119/><T97/><D102/><U35/><E35/><V27/><F75/><W49/><G49/><T34/><D112/><U127/><E127/><V48/><F74/><N who="3" m="43159" /><G128/><T21/><D34/><U133/><E133/><V72/><F72/><W121/><G111/><T115/><D115/><U83/><E71/><V6/><F48/><W5/><G113/><T46/><D46/><U2/><E68/><V64/><F64/><AGARI ba="1,0" hai="21,26,28,57,63,64,97,98" m="49161,48233" machi="64" ten="30,3900,0" yaku="18,1,19,1,52,1" doraHai="55" who="0" fromWho="2" sc="363,42,350,0,166,-42,121,0" /><INIT seed="7,0,0,5,2,67" ten="405,350,124,121" oya="3" hai0="89,119,84,58,94,9,5,54,73,22,110,52,51" hai1="118,46,38,32,131,133,60,75,11,42,20,1,56" hai2="108,57,43,62,68,106,6,105,8,130,14,7,18" hai3="26,39,115,135,97,25,99,76,90,122,102,80,28"/><W104/><G122/><T96/><D110/><U91/><E133/><V37/><F108/><W29/><G39/><T81/><D73/><U126/><E131/><V16/><F68/><W44/><G135/><T74/><D74/><U121/><E126/><V107/><F130/><W2/><G2/><T45/><D22/><U55/><E118/><V134/><F134/><W85/><G115/><T87/><D119/><U100/><E121/><V116/><F43/><W61/><G44/><T124/><D124/><U24/><E32/><V40/><F40/><W117/><G117/><T95/><D95/><U127/><E127/><V27/><F37/><W113/><G113/><T101/><D87/><U21/><E100/><V12/><F27/><W72/><G97/><T36/><D36/><U103/><E103/><V13/><F116/><W63/><G26/><T34/><D34/><U88/><E75/><V129/><F129/><W4/><G4/><T0/><D58/><U31/><E1/><V86/><F86/><W120/><G120/><T123/><D123/><U3/><E3/><V10/><REACH who="2" step="1"/><F14/><REACH who="2" step="2"/><W70/><G70/><T64/><D0/><U35/><REACH who="1" step="1"/><E11/><REACH who="1" step="2"/><V66/><AGARI ba="0,2" hai="6,7,8,10,12,13,16,18,57,62,66,105,106,107" machi="66" ten="30,8000,1" yaku="1,1,2,1,0,1,9,1,54,1,53,0" doraHai="67" doraHaiUra="114" who="2" fromWho="2" sc="405,-20,340,-20,114,100,121,-40" owari="385,49,320,12,214,-19,81,-42" /></mjloggm>