<mjloggm ver="2.3"><GO type="41"/><UN n0="%E3%82%A6%E3%83%AB%E3%83%88%E3%83%A9%E7%AB%8B%E7%9B%B4" n1="%61%6E%6E%75%64%6F%6E" n2="%73%75%67%69%7A%61%6B%69" n3="%E3%83%80%E3%83%8B%E5%B7%9D%E3%83%BB%E3%83%A8%E3%82%B4%E3%83%AC" dan="15,13,13,14" rate="1978,1830,1908,1938" sx="M,M,M,M"/><TAIKYOKU oya="0"/><INIT seed="0,0,0,4,4,61" ten="250,250,250,250" oya="0" hai0="95,74,52,119,73,30,111,116,110,99,76,56,105" hai1="70,75,89,3,113,129,44,114,92,50,10,97,121" hai2="132,5,31,100,20,51,58,106,126,7,46,49,124" hai3="2,77,133,45,54,69,53,18,88,55,4,115,35"/><T128/><D30/><U78/><E121/><V79/><F79/><W84/><G115/><N who="1" m="44042" /><E129/><V43/><F100/><W19/><G69/><T130/><D105/><U67/><E3/><V25/><F106/><W117/><G35/><T39/><D39/><U81/><E10/><V41/><F132/><W13/><G133/><T66/><D56/><U32/><E32/><V11/><F41/><W22/><G117/><N who="0" m="45131" /><D52/><N who="1" m="29767" /><E70/><V48/><F7/><W96/><G96/><T47/><D47/><U28/><E28/><V38/><REACH who="2" step="1"/><F58/><REACH who="2" step="2"/><W118/><G77/><T122/><D122/><U87/><E75/><N who="0" m="28681" /><D76/><U93/><E93/><V63/><F63/><W57/><G118/><T65/><D128/><U91/><E78/><V112/><F112/><W135/><G135/><T102/><D130/><U23/><E23/><V68/><F68/><W1/><G57/><T82/><D82/><U109/><E109/><AGARI ba="0,1" hai="65,66,95,99,102,109,110,111" m="28681,45131" machi="109" ten="40,12000,1" yaku="14,1,10,1,52,2" doraHai="61" who="0" fromWho="1" sc="250,130,250,-120,240,0,250,0" /><INIT seed="0,1,0,1,0,132" ten="380,130,240,250" oya="0" hai0="96,17,75,114,77,121,35,50,95,115,118,51,29" hai1="15,57,106,46,52,20,78,58,19,4,5,123,68" hai2="120,49,45,72,2,54,101,85,47,110,48,30,86" hai3="34,109,59,82,88,102,126,74,111,127,105,27,56"/><T116/><D29/><U98/><E123/><V9/><F30/><N who="3" m="19807" /><G102/><T39/><D35/><U23/><E68/><V83/><F101/><W0/><G105/><T1/><D39/><U65/><E106/><V32/><F32/><W13/><G0/><T18/><D1/><U134/><E134/><V10/><F120/><W129/><G129/><T41/><D121/><U42/><E78/><V99/><F99/><W3/><G3/><T73/><D77/><U36/><E98/><V117/><F2/><W119/><G119/><T28/><D28/><U12/><E65/><V44/><F117/><W76/><G13/><T112/><D96/><U25/><E58/><N who="3" m="22058" /><G88/><T62/><D62/><U64/><E64/><V8/><F54/><W40/><G40/><T24/><D114/><U84/><E84/><V31/><F31/><W135/><G135/><T100/><D100/><U81/><E81/><V71/><F71/><W7/><G7/><T90/><D90/><U93/><E93/><V133/><F133/><W124/><AGARI ba="1,0" hai="74,76,82,109,111,124,126,127" m="22058,19807" machi="124" ten="40,8000,1" yaku="18,1,52,3" doraHai="132" who="3" fromWho="3" sc="380,-41,130,-21,240,-21,250,83" /><INIT seed="1,0,0,3,0,34" ten="339,109,219,333" oya="1" hai0="70,114,115,105,102,100,113,61,24,109,58,87,99" hai1="74,42,36,118,15,50,54,48,123,44,64,91,69" hai2="93,86,39,130,129,62,37,132,28,23,5,51,3" hai3="107,121,95,134,135,81,131,7,88,32,11,19,30"/><U79/><E123/><V45/><F132/><W76/><G107/><T63/><D70/><U89/><E118/><V119/><F119/><W27/><G121/><T127/><D127/><U117/><E117/><V12/><F62/><W59/><G19/><T2/><D109/><U10/><E74/><V78/><F78/><W60/><G131/><N who="2" m="50185" /><F28/><W96/><G81/><T38/><D38/><N who="2" m="14346" /><F23/><W53/><REACH who="3" step="1"/><G76/><REACH who="3" step="2"/><T97/><D24/><U73/><E79/><V65/><F65/><W57/><G57/><T77/><D58/><U26/><E73/><V33/><F33/><W110/><G110/><T0/><D63/><U92/><E26/><V4/><F93/><W67/><G67/><T41/><D61/><U108/><E92/><V80/><F45/><W8/><G8/><T111/><D111/><U124/><E108/><V85/><F80/><W55/><G55/><T128/><D41/><U25/><E25/><V6/><F51/><W43/><G43/><T112/><N who="0" m="29184" /><DORA hai="106" /><T94/><REACH who="0" step="1"/><D128/><REACH who="0" step="2"/><U22/><E42/><V14/><F3/><AGARI ba="0,2" hai="3,7,11,27,30,32,53,59,60,88,95,96,134,135" machi="3" ten="40,5200,0" yaku="1,1,52,1,54,1,53,0" doraHai="34,106" doraHaiUra="103,98" who="3" fromWho="2" sc="329,0,109,0,219,-52,323,72" /><INIT seed="2,0,0,1,3,6" ten="329,109,167,395" oya="2" hai0="16,117,48,90,98,9,28,106,127,113,61,104,72" hai1="120,30,109,64,12,108,33,31,74,25,15,112,67" hai2="83,114,105,85,92,52,23,123,97,34,122,35,66" hai3="37,128,76,42,49,133,70,94,95,44,80,96,69"/><V51/><F114/><W62/><G133/><T5/><D72/><U71/><E74/><V82/><F66/><W124/><G124/><T54/><D113/><U81/><E71/><V29/><F105/><W60/><G128/><T135/><D127/><U125/><E125/><V47/><F83/><W75/><G37/><T131/><D135/><U40/><E40/><V41/><F122/><W7/><G7/><T55/><D131/><U50/><E81/><V79/><F123/><W132/><G132/><T1/><D117/><U73/><E73/><V8/><F29/><W118/><G118/><T59/><D28/><U22/><E120/><V45/><F23/><W27/><G27/><T87/><D98/><U24/><E112/><V84/><F84/><W18/><G18/><T58/><REACH who="0" step="1"/><D16/><REACH who="0" step="2"/><U101/><E101/><V14/><F97/><W68/><REACH who="3" step="1"/><G95/><AGARI ba="0,1" hai="1,5,9,48,54,55,58,59,61,87,90,95,104,106" machi="95" ten="30,7700,0" yaku="1,1,2,1,7,1,52,1,53,0" doraHai="6" doraHaiUra="65" who="0" fromWho="3" sc="319,87,109,0,167,0,395,-77" /><INIT seed="3,0,0,3,2,128" ten="406,109,167,318" oya="3" hai0="69,94,5,114,80,82,135,110,70,124,120,4,89" hai1="16,132,76,83,15,64,115,131,61,73,48,12,54" hai2="50,0,91,66,122,45,95,129,103,99,86,14,60" hai3="29,90,37,22,97,77,47,31,28,43,24,53,92"/><W56/><REACH who="3" step="1"/><G77/><REACH who="3" step="2"/><T79/><D79/><U3/><E131/><V1/><F129/><W63/><AGARI ba="0,1" hai="22,24,28,29,31,37,43,47,53,56,63,90,92,97" machi="63" ten="20,12000,1" yaku="21,2,2,1,0,1,7,1,53,0" doraHai="128" doraHaiUra="72" who="3" fromWho="3" sc="406,-40,109,-40,167,-40,308,130" /><INIT seed="3,1,0,3,3,132" ten="366,69,127,438" oya="3" hai0="18,51,54,34,125,71,21,115,83,99,22,37,11" hai1="76,129,46,101,13,28,69,118,86,97,19,65,44" hai2="47,84,111,23,98,80,77,15,121,45,104,89,52" hai3="105,126,135,123,24,134,119,31,68,40,57,133,14"/><W26/><G68/><T72/><D37/><U128/><E118/><V107/><F121/><W27/><G123/><T5/><D71/><U113/><E113/><V120/><F120/><W50/><G119/><T48/><D48/><U42/><E69/><V59/><F111/><W41/><G105/><T55/><D55/><U108/><E65/><V117/><F117/><W3/><G3/><T7/><D83/><U67/><E108/><V6/><F104/><W9/><G31/><T100/><D99/><U75/><E75/><V36/><F36/><W131/><G131/><N who="1" m="50250" /><E67/><V63/><F107/><W116/><G116/><T112/><D100/><U29/><E76/><V62/><F62/><W16/><G126/><T94/><D54/><AGARI ba="1,0" hai="9,14,16,24,26,27,40,41,50,54,57,133,134,135" machi="54" ten="50,4800,0" yaku="20,1,54,1" doraHai="132" who="3" fromWho="0" sc="366,-51,69,0,127,0,438,51" /><INIT seed="3,2,0,0,4,17" ten="315,69,127,489" oya="3" hai0="88,76,104,86,1,135,125,128,44,22,119,99,112" hai1="45,24,52,70,37,134,60,39,46,117,100,3,94" hai2="47,23,54,33,93,73,87,122,74,90,0,129,28" hai3="25,75,108,13,92,48,61,124,81,123,12,102,121"/><W132/><G108/><T26/><D1/><U105/><E3/><V5/><F33/><W8/><G132/><T66/><D119/><U41/><E105/><V95/><F122/><W4/><G124/><T97/><D135/><U127/><E24/><V101/><F0/><W63/><G25/><T110/><D125/><U114/><E100/><V35/><F35/><W59/><G48/><T21/><D128/><U50/><E94/><V72/><F5/><W36/><G36/><T83/><D112/><U55/><E134/><V42/><F129/><W20/><G63/><T57/><D110/><U6/><E6/><V67/><F67/><W27/><G12/><T80/><D104/><U98/><E98/><N who="0" m="37385" /><D26/><U78/><E78/><V116/><F116/><W71/><G71/><T14/><D14/><U62/><E127/><V118/><F118/><W89/><G102/><T29/><D29/><U131/><E117/><V18/><F28/><W49/><G49/><T79/><D44/><N who="1" m="25871" /><E114/><V126/><F126/><W38/><G38/><N who="1" m="14346" /><E131/><V106/><F106/><W64/><G75/><T84/><D79/><U40/><E40/><V133/><F133/><W31/><REACH who="3" step="1"/><G81/><REACH who="3" step="2"/><T15/><D15/><U7/><E70/><V109/><F109/><W130/><G130/><T120/><D120/><U111/><E111/><V96/><F42/><W32/><G32/><T65/><D65/><U16/><E7/><V30/><F30/><W2/><G2/><T34/><D34/><U85/><E16/><V9/><F47/><N who="1" m="17929" /><E85/><AGARI ba="2,1" hai="4,8,13,20,27,31,59,61,64,85,89,92,121,123" machi="85" ten="30,11600,0" yaku="1,1,7,1,52,1,53,1" doraHai="17" doraHaiUra="82" who="3" fromWho="1" sc="315,0,69,-122,127,0,479,132" owari="315,12,-53,-55,127,-27,611,70" /></mjloggm>