<mjloggm ver="2.3"><GO type="41"/><UN n0="%E3%81%AE%E3%81%A9%E3%81%A3%E3%81%A1%2E" n1="%E3%82%A6%E3%83%AB%E3%83%88%E3%83%A9%E7%AB%8B%E7%9B%B4" n2="%E3%81%97%E3%82%85%E3%81%86%E3%81%A1%E3%82%83%E3%82%93%E2%99%AA" n3="%E7%A7%80%E2%91%A1" dan="16,15,16,14" rate="1949,1967,2006,1847" sx="F,M,M,M"/><TAIKYOKU oya="0"/><INIT seed="0,0,0,4,4,92" ten="250,250,250,250" oya="0" hai0="107,3,52,5,13,129,79,49,69,23,34,103,45" hai1="102,53,125,83,106,87,26,4,60,84,95,121,101" hai2="44,20,54,19,123,7,122,97,21,32,25,56,12" hai3="89,126,30,105,99,63,108,68,128,115,93,77,112"/><T82/><D34/><U42/><E121/><V66/><F32/><W124/><G30/><T39/><D69/><U17/><E106/><V67/><F44/><W78/><G68/><T85/><D129/><U114/><E125/><N who="3" m="48234" /><G63/><T51/><D3/><U1/><E114/><N who="3" m="43562" /><G128/><T116/><D116/><U104/><E104/><V86/><F123/><W9/><G9/><T50/><D39/><U73/><E1/><V2/><F2/><W18/><G18/><T0/><D0/><U15/><E4/><V119/><F119/><W91/><G105/><T37/><D37/><U58/><E42/><V55/><F122/><W11/><G11/><T46/><D5/><U16/><E26/><V28/><F7/><W8/><G8/><T109/><D13/><U76/><E17/><V62/><F67/><W131/><G131/><T96/><D23/><U48/><E60/><V24/><F12/><W57/><G57/><T120/><D120/><U71/><E71/><V75/><F75/><W81/><G108/><T113/><D109/><U33/><E73/><V31/><F19/><W47/><G47/><T22/><D113/><U74/><E74/><V117/><F117/><W88/><G81/><T90/><D22/><N who="1" m="11551" /><E33/><V41/><F41/><W43/><G43/><T130/><D130/><U135/><E58/><V110/><F110/><W65/><G65/><T111/><D111/><U64/><E64/><V59/><F66/><W98/><G93/><N who="0" m="54479" /><D46/><U134/><E53/><V10/><F10/><W38/><G38/><T36/><D36/><U132/><E48/><V70/><F70/><W133/><G133/><RYUUKYOKU ba="0,0" sc="250,10,250,10,250,-30,250,10" hai0="45,49,50,51,52,79,82,96,103,107" hai1="76,83,84,87,95,101,102,132,134,135" hai3="77,78,88,89,91,98,99" /><INIT seed="0,1,0,4,1,111" ten="260,260,220,260" oya="0" hai0="84,35,105,79,118,123,45,6,48,87,52,30,20" hai1="10,46,91,90,112,114,89,41,13,95,69,15,73" hai2="86,22,135,24,82,56,21,126,9,76,32,23,54" hai3="101,71,127,3,92,27,125,68,75,80,60,66,0"/><T12/><D123/><U122/><E69/><V17/><F126/><N who="3" m="48139" /><G92/><T98/><D118/><U119/><E73/><V29/><F135/><W7/><G101/><T109/><D35/><U93/><E122/><V117/><F117/><W74/><G27/><T36/><D36/><U4/><E15/><V16/><REACH who="2" step="1"/><F9/><REACH who="2" step="2"/><N who="3" m="2279" /><G3/><T100/><D109/><U58/><E119/><V77/><F77/><N who="3" m="44087" /><G75/><T115/><D79/><U11/><E11/><V134/><F134/><W104/><G104/><T64/><D105/><U102/><E102/><V42/><F42/><W110/><G110/><T97/><D100/><U8/><E8/><V25/><F25/><W121/><G121/><T108/><D108/><U34/><E34/><V18/><F18/><W2/><G2/><T94/><D20/><U38/><E93/><V78/><F78/><W53/><G53/><T31/><D94/><U63/><REACH who="1" step="1"/><E95/><REACH who="1" step="2"/><V88/><F88/><W28/><G28/><T50/><D31/><U103/><E103/><V72/><F72/><W131/><G71/><T49/><D30/><U83/><E83/><V55/><F55/><AGARI ba="1,2" hai="4,10,13,38,41,46,55,58,63,89,90,91,112,114" machi="55" ten="40,8000,1" yaku="1,1,52,2,53,1" doraHai="111" doraHaiUra="1" who="1" fromWho="2" sc="260,0,250,103,210,-83,260,0" /><INIT seed="1,0,0,5,0,46" ten="260,353,127,260" oya="1" hai0="67,70,92,105,119,24,85,82,3,20,101,102,45" hai1="71,29,100,133,89,16,135,65,113,68,32,103,77" hai2="30,99,124,14,118,61,48,84,2,12,130,17,40" hai3="91,58,87,11,44,106,49,62,43,121,64,127,33"/><U59/><E77/><V36/><F36/><W122/><G106/><T50/><D3/><U107/><E29/><V21/><F118/><W13/><G33/><T35/><D35/><U108/><E32/><V94/><F2/><W132/><G127/><T6/><D6/><U131/><E113/><V37/><F37/><W54/><G132/><T7/><D7/><U0/><E0/><V112/><F124/><W63/><G63/><T111/><D119/><U15/><E131/><V80/><F30/><W83/><REACH who="3" step="1"/><G43/><REACH who="3" step="2"/><T38/><D105/><U104/><E104/><V134/><F134/><W109/><G109/><T52/><D111/><U34/><E107/><V96/><F112/><W28/><G28/><T116/><D116/><U69/><E108/><V72/><F61/><W26/><G26/><T25/><D25/><U120/><E34/><V97/><F130/><W86/><G86/><T23/><D24/><U90/><E133/><V5/><F72/><W39/><G39/><T4/><D38/><U19/><E135/><V22/><F40/><W51/><G51/><T60/><D60/><U114/><E114/><V98/><F48/><W123/><G123/><T125/><D50/><U117/><E120/><V41/><F41/><W1/><G1/><T110/><D125/><U8/><E117/><V129/><F129/><W53/><G53/><T56/><D52/><U66/><E66/><V55/><F55/><W27/><G27/><T88/><D67/><U95/><E65/><V31/><F31/><W18/><AGARI ba="0,1" hai="11,13,18,44,49,54,58,62,64,83,87,91,121,122" machi="18" ten="20,12000,2" yaku="1,1,0,1,7,1,25,2,52,1,53,0" doraHai="46" doraHaiUra="75" who="3" fromWho="3" sc="260,-30,353,-60,127,-30,250,130" /><INIT seed="2,0,0,2,1,84" ten="230,293,97,380" oya="2" hai0="14,8,25,36,120,53,73,129,1,12,16,66,75" hai1="116,30,77,85,115,48,62,43,29,42,121,41,97" hai2="105,0,117,3,113,46,119,125,71,81,60,13,67" hai3="5,109,112,92,118,132,21,15,95,83,82,124,123"/><V57/><F105/><W35/><G35/><T122/><D1/><U58/><E116/><V114/><F57/><W94/><G123/><T104/><D104/><U111/><E115/><N who="2" m="44043" /><F13/><W87/><G112/><T39/><D129/><U64/><E111/><V133/><F81/><W31/><G118/><N who="2" m="45065" /><F46/><W107/><G107/><T106/><D106/><U110/><E110/><V86/><F86/><W47/><G109/><T98/><D98/><U51/><E121/><V76/><F76/><W80/><G47/><T26/><D66/><U108/><E108/><V7/><F133/><W101/><G132/><T99/><D99/><U10/><E10/><N who="2" m="2407" /><F3/><W20/><G101/><T22/><D122/><U79/><E97/><V24/><F24/><W18/><G5/><T17/><D120/><U11/><E11/><V91/><F91/><W102/><G102/><T27/><REACH who="0" step="1"/><D53/><REACH who="0" step="2"/><U52/><E64/><V70/><F71/><W4/><G87/><T34/><D34/><U96/><E96/><V100/><F100/><W68/><G68/><T45/><D45/><U9/><E85/><V33/><F33/><W40/><G40/><T90/><D90/><U63/><E43/><V127/><AGARI ba="0,1" hai="60,67,70,125,127" m="2407,45065,44043" machi="127" ten="40,2100,0" yaku="23,1" doraHai="84" who="2" fromWho="2" sc="220,-7,293,-7,97,31,380,-7" /><INIT seed="2,1,0,3,2,135" ten="213,286,128,373" oya="2" hai0="78,18,41,98,101,81,125,71,117,85,73,65,15" hai1="47,46,53,75,14,17,95,74,12,72,118,112,2" hai2="22,127,130,120,55,44,7,91,62,26,3,60,5" hai3="94,23,115,33,6,56,4,48,67,116,82,30,99"/><V42/><F120/><W110/><G116/><T28/><D117/><U108/><E2/><V111/><F3/><W83/><G110/><T105/><D41/><U52/><E118/><V103/><F103/><W119/><G119/><T43/><D43/><U36/><E112/><V1/><F1/><W96/><G33/><T122/><D122/><U38/><E108/><V93/><F111/><W123/><G123/><T134/><D134/><U31/><E31/><V29/><F130/><W13/><G115/><T104/><D104/><U64/><E64/><V66/><F55/><N who="1" m="21065" /><E95/><V25/><F25/><N who="3" m="16703" /><G48/><T40/><D40/><U124/><E17/><V133/><F133/><W27/><G27/><T57/><D71/><U126/><E14/><V131/><F131/><W20/><G99/><T10/><D28/><U100/><E12/><V114/><F114/><W8/><G20/><T70/><D70/><U19/><E19/><V113/><F113/><W87/><G87/><T35/><D35/><U88/><E100/><V86/><F66/><W37/><G37/><N who="1" m="14442" /><E88/><V68/><F68/><W89/><G4/><T50/><D65/><U39/><N who="1" m="14450" /><U128/><DORA hai="106" /><E128/><V76/><F42/><W102/><G89/><T24/><D24/><U51/><E51/><V9/><F44/><AGARI ba="1,0" hai="44,46,47,72,74,75,124,126" m="14450,21065" machi="44" ten="50,16000,3" yaku="28,2,52,5,54,1" doraHai="135,106" who="1" fromWho="2" sc="213,0,286,163,128,-163,373,0" owari="213,-19,449,56,-35,-54,373,17" /></mjloggm>