<mjloggm ver="2.3"><GO type="97"/><UN n0="%31%E6%9C%88%31%31%E6%97%A5" n1="%E3%82%A6%E3%83%AB%E3%83%88%E3%83%A9%E7%AB%8B%E7%9B%B4" n2="%62%75%6C%6C%62%75%6C%6C" n3="%E3%83%9D%E3%83%AB%E3%83%9D%E3%83%AB" dan="13,13,14,14" rate="1865,1835,1844,1915" sx="M,M,M,M"/><TAIKYOKU oya="0"/><INIT seed="0,0,0,0,5,94" ten="250,250,250,250" oya="0" hai0="28,114,90,57,45,69,19,134,81,33,77,110,35" hai1="78,55,34,84,109,38,135,92,91,116,131,95,119" hai2="128,80,39,41,58,40,102,47,112,4,53,60,32" hai3="113,126,85,21,2,130,83,27,50,122,52,76,7" shuffle="mt19937ar,E400296C,EDD1C65F,A0B7CD58,FCE09A86,C39DB356,5B05079E,8D046578,72815377,9DE03350,03C8AD23,E00247F7,F02AB0CD,53FB8868,F1E123A8,B8A177E0,761E7A2A,166B924C,35DBF6BF,233E294A,1E7CF636,1C199E39,559E1D62,0F911A4B,B52786D2,8BDDFFD2,E11D945E,0948E683,95DED3AC,358C5AF9,A6D906D2,6809F276,A2D8D977"/><T82/><D114/><U93/><E38/><V8/><F112/><W46/><G113/><T75/><D69/><U70/><E34/><V118/><F32/><W29/><G122/><T100/><D35/><U1/><E1/><V56/><F128/><W31/><G130/><T87/><D33/><U23/><E70/><V125/><F125/><W129/><G129/><T79/><D28/><U3/><E55/><V127/><F127/><W71/><G71/><T67/><D134/><U66/><E23/><V25/><F25/><W14/><G2/><T96/><D110/><U124/><E66/><V0/><F118/><W49/><G126/><T108/><D108/><U20/><E20/><V117/><F117/><N who="1" m="45129" /><E3/><V5/><F102/><W106/><G106/><T15/><D45/><U120/><E124/><V123/><F123/><W54/><G14/><T12/><D79/><U101/><E131/><V18/><F41/><W51/><G7/><T62/><REACH who="0" step="1"/><D19/><REACH who="0" step="2"/><U97/><E120/><V65/><F18/><W43/><REACH who="3" step="1"/><G31/><REACH who="3" step="2"/><T68/><D68/><U88/><E135/><V63/><F5/><W104/><G104/><AGARI ba="0,2" hai="12,15,57,62,67,75,77,81,82,87,90,96,100,104" machi="104" ten="30,11600,0" yaku="1,1,7,1,52,1,53,1" doraHai="94" doraHaiUra="61" who="0" fromWho="3" sc="240,136,250,0,250,0,240,-116" /><INIT seed="0,1,0,3,3,80" ten="376,250,250,124" oya="0" hai0="23,53,134,121,24,15,130,92,14,113,21,40,63" hai1="104,94,36,3,73,126,13,41,127,91,28,57,118" hai2="6,22,61,34,75,86,114,123,7,72,54,84,20" hai3="79,129,103,46,77,32,135,8,132,68,78,4,67" shuffle="mt19937ar,5C69257B,91BB3F0B,ECC53188,AD86A1B5,4388CD4A,A82D68D0,2F176C09,1FE8CF52,51C8C03F,4CDED98E,90167915,CC358BC6,BB2224CA,1C9A5508,7D2F87B7,37E160B3,CC409E30,A2DB3065,9D9E484C,ED73A468,49686BE3,7C484C7C,D544087A,3C224D09,8397C3D0,BA7EC330,C77C4B25,FC923D34,D1252265,A5627140,8054B254,7DBD9A26"/><T82/><D121/><U25/><E13/><V60/><F123/><W16/><G32/><T65/><D113/><U95/><E57/><V70/><F114/><W88/><G103/><T37/><D37/><U87/><E41/><V131/><F131/><W66/><G129/><T125/><D130/><U44/><E44/><V38/><F38/><W33/><G33/><T27/><D40/><U5/><E5/><V26/><F34/><W52/><G68/><T31/><D125/><N who="1" m="47627" /><E3/><V117/><F117/><W69/><G69/><T2/><D2/><U9/><E9/><V100/><F100/><W115/><G115/><T59/><D134/><N who="3" m="51241" /><G4/><N who="2" m="1577" /><F54/><W107/><G107/><T89/><D82/><N who="1" m="49655" /><E104/><V43/><F26/><W83/><G16/><N who="0" m="12327" /><D65/><N who="3" m="24585" /><G8/><T74/><D74/><N who="2" m="28202" /><F43/><W99/><G99/><AGARI ba="1,0" hai="14,15,23,27,31,53,59,63,89,92,99" m="12327" machi="99" ten="30,5800,0" yaku="25,1,8,1,54,1" doraHai="80" who="0" fromWho="3" sc="376,61,250,0,250,0,124,-61" /><INIT seed="0,2,0,4,0,95" ten="437,250,250,63" oya="0" hai0="88,74,62,54,19,52,112,59,36,123,30,78,31" hai1="16,106,15,66,84,39,14,125,101,90,105,6,83" hai2="111,10,102,18,21,89,130,133,41,40,46,25,135" hai3="82,50,8,99,71,127,120,87,11,96,128,98,45" shuffle="mt19937ar,A8E90572,A478B305,9FF28750,9A0A8CF6,E750D929,29DC54CB,9D54708D,C7201740,63B89FE6,33B1EC98,BFD23A4A,7B47D70D,4290911E,A6C757C6,7B7F7AD7,171FD67C,8D9C6813,B8748770,59BCA9F5,4B97EE28,021C6FBD,7A383095,E35A8687,BB4F76AE,53E84A9B,39A70EAC,05442F88,C5F72694,DA6763C4,115C2199,65F2E2D8,58B6A09E"/><T55/><D123/><U12/><E39/><V73/><F73/><W13/><G120/><T126/><D112/><U53/><E66/><V57/><F111/><W103/><G71/><T121/><D121/><U38/><E38/><V97/><F89/><W118/><G118/><T0/><D0/><U35/><E35/><V110/><F110/><W22/><G128/><T34/><D36/><U4/><E125/><V51/><F57/><W129/><G129/><T58/><D74/><U76/><E53/><V5/><F130/><W131/><G131/><T122/><D122/><U33/><E33/><V9/><F5/><W109/><G109/><T134/><D34/><U61/><E61/><V107/><REACH who="2" step="1"/><F41/><REACH who="2" step="2"/><N who="3" m="24879" /><G127/><T44/><D126/><U113/><E113/><V3/><F3/><W17/><G103/><T115/><D115/><U20/><E6/><V77/><F77/><AGARI ba="2,1" hai="8,11,13,17,22,77,82,87,96,98,99" m="24879" machi="77" ten="30,7700,0" yaku="8,1,52,3" doraHai="95" who="3" fromWho="2" sc="437,0,250,0,240,-83,63,93" /><INIT seed="1,0,0,1,2,90" ten="437,250,157,156" oya="1" hai0="103,102,81,86,106,135,100,105,34,9,70,128,97" hai1="39,73,43,68,95,31,42,60,32,94,38,50,84" hai2="133,56,89,124,123,24,76,44,69,47,26,55,49" hai3="118,22,65,51,19,46,4,116,113,91,99,15,8" shuffle="mt19937ar,B3DE3FB2,45A1DB5B,40482921,FBF088D4,C83DB6AE,087B5DFF,F59A43AA,769071B0,191586A3,62754114,0DE875F3,92E27F82,5FA8971B,698CC81F,989A3D33,DEE30F50,729B7B71,0FC6A0B2,5E6B7806,37B21B00,A2B2FFCC,840F835D,EABB55A9,251CECEE,8AB3ED14,031D06AD,83D7D7F5,65FB1E0D,8A0A4D13,B95A61A5,0DF6F3CA,CEB7BFB0"/><U83/><E73/><V41/><F123/><W101/><G65/><T1/><D34/><U12/><E32/><V131/><F124/><W16/><G113/><T36/><D70/><U52/><E31/><V18/><F131/><W25/><G91/><T61/><D36/><U132/><E39/><V82/><F133/><W29/><G51/><T107/><D61/><U114/><E38/><V21/><F69/><W127/><G127/><T45/><D45/><U30/><E68/><V35/><F35/><N who="3" m="20911" /><G46/><T13/><D1/><U75/><E75/><V17/><F89/><W104/><G104/><N who="0" m="40043" /><D13/><U79/><E60/><V130/><F130/><W121/><G101/><N who="0" m="39019" /><D9/><U2/><E132/><V5/><F5/><W122/><G99/><T119/><D119/><N who="3" m="45609" /><G19/><T115/><D135/><U66/><E66/><V110/><F110/><W125/><G125/><T108/><D128/><U67/><E67/><V54/><F41/><N who="1" m="15369" /><E114/><V11/><F11/><W28/><G28/><T85/><D115/><U80/><E30/><V117/><F117/><W14/><AGARI ba="0,0" hai="4,8,14,15,16,22,121,122" m="45609,20911" machi="14" ten="30,7900,0" yaku="12,1,34,2,54,1" doraHai="90" who="3" fromWho="3" sc="437,-20,250,-39,157,-20,156,79" /><INIT seed="2,0,0,5,2,35" ten="417,211,137,235" oya="2" hai0="55,34,56,41,64,97,3,111,46,70,17,125,131" hai1="109,47,44,100,77,71,36,32,48,130,84,105,42" hai2="16,49,24,102,94,28,89,18,129,103,62,5,123" hai3="51,53,74,95,75,30,121,114,4,66,118,88,85" shuffle="mt19937ar,D468B3E2,7DD5EB43,F4496641,6A0AACC2,18939DF5,1C6634D3,4710A22F,125BF6DD,16FEEF48,FDBEBC18,A354178D,8879E5A1,C234F9FE,D53C98AB,76BA2610,08249163,621211AB,8631B76B,78985ACE,F7350FF5,B6BDB21D,07AE0F75,473C4E38,874520F0,A85EAA51,73D003FA,8D0DB8BD,C7F19CC3,29F9B575,FA7139D0,B42A8108,B1990ECE"/><V14/><F123/><W25/><G121/><T81/><D34/><U96/><E32/><V134/><F129/><W22/><G22/><T68/><BYE who="3" /><D3/><U133/><E71/><V59/><F134/><W108/><G108/><T73/><D111/><U33/><E109/><V58/><F49/><W21/><G21/><T1/><D1/><UN n3="%E3%83%9D%E3%83%AB%E3%83%9D%E3%83%AB" /><U98/><E33/><V80/><F80/><W104/><G104/><T69/><D125/><U27/><E130/><V90/><F5/><W135/><G118/><T76/><D131/><U38/><E133/><V52/><F59/><W126/><G126/><T60/><D97/><U9/><E27/><V54/><F54/><W15/><G135/><T26/><D17/><U6/><E47/><V11/><F18/><W12/><G114/><T107/><D107/><U119/><E96/><V128/><F128/><W63/><G25/><T7/><D7/><U39/><E39/><V57/><F57/><W127/><G127/><T79/><D26/><U10/><E10/><V120/><F120/><W87/><G30/><T31/><D31/><U101/><E101/><V29/><F90/><W115/><G115/><T13/><D79/><U45/><E45/><V37/><F37/><W106/><G106/><T61/><D13/><N who="1" m="5303" /><E119/><V0/><F0/><W20/><G4/><T40/><D40/><U132/><E132/><V83/><F83/><AGARI ba="0,0" hai="36,38,42,44,48,77,83,84,98,100,105" m="5303" machi="83" ten="30,1000,0" yaku="25,1" doraHai="35" who="1" fromWho="2" sc="417,0,211,10,137,-10,235,0" /><INIT seed="3,0,0,0,4,33" ten="417,221,127,235" oya="3" hai0="122,124,64,102,66,17,51,8,45,53,87,77,68" hai1="40,49,19,3,12,119,104,48,67,47,90,41,58" hai2="24,85,82,71,86,112,11,114,125,23,55,14,28" hai3="79,133,97,32,111,37,43,65,63,123,109,50,74" shuffle="mt19937ar,344F4FD4,7D8433A1,2266E1C9,C60C7C55,F0A34812,A16C9FA7,D44F6870,43E96640,2A3987EE,3ABEBA93,7A0653C1,35404492,8C71DD8C,1FCCB469,9ECC5AE2,975BF0EA,3ED41C76,033E3339,F0965BF5,5A2FDB1D,457EE433,73E5CE32,B383A477,1F58D520,5F43A198,89452DC5,DB19B46F,37F148A7,F191EA12,ED13A1B6,EC12B415,D39DE625"/><W30/><G123/><T10/><D122/><U118/><E104/><V129/><F71/><W108/><G133/><T35/><D35/><U42/><E90/><V110/><F110/><W2/><G97/><T46/><D68/><U127/><E12/><V16/><F125/><W26/><G50/><N who="1" m="19562" /><E19/><V113/><F129/><W83/><G43/><N who="1" m="16458" /><E3/><V121/><F55/><W61/><G37/><T128/><D53/><U73/><E73/><V6/><F121/><W84/><G84/><T27/><D64/><U22/><E22/><V56/><F56/><W31/><G31/><T101/><D46/><U105/><E105/><V106/><F106/><W70/><G61/><T88/><D51/><N who="1" m="27127" /><E127/><V76/><REACH who="2" step="1"/><F86/><REACH who="2" step="2"/><W131/><G2/><T4/><D87/><U107/><E107/><V120/><F120/><W126/><G126/><T115/><D124/><U96/><E96/><V93/><F93/><W81/><G81/><T134/><D115/><U62/><AGARI ba="0,1" hai="58,62,67,118,119" m="27127,16458,19562" machi="62" ten="30,2000,0" yaku="34,2" doraHai="33" who="1" fromWho="1" sc="417,-5,221,30,117,-5,235,-10" owari="412,41,251,0,112,-29,225,-12" /></mjloggm>