<mjloggm ver="2.3"><GO type="97"/><UN n0="%E3%82%A6%E3%83%AB%E3%83%88%E3%83%A9%E7%AB%8B%E7%9B%B4" n1="%E3%81%82%E3%82%84%E3%81%B1%E3%82%93" n2="%E5%BC%BE%E4%B8%B8%E3%83%A9%E3%83%B3%E3%83%8A%E3%83%BC" n3="%E3%82%89%E3%81%98%E3%81%BE%E3%82%8B" dan="13,13,13,15" rate="1864,1811,1944,1941" sx="M,M,M,M"/><TAIKYOKU oya="0"/><INIT seed="0,0,0,5,3,94" ten="250,250,250,250" oya="0" hai0="9,26,55,7,4,129,56,98,126,89,8,38,15" hai1="82,6,54,57,92,49,11,120,60,99,46,31,33" hai2="51,104,100,128,45,21,86,36,97,87,91,117,78" hai3="34,5,122,22,40,118,20,110,68,43,73,16,113" shuffle="mt19937ar,3D677A1A,89338C32,2FD41342,BCE99CC1,2B71222D,5150C6A9,490FC627,1E001545"/><T19/><D38/><U17/><E120/><V77/><F117/><W37/><G73/><T130/><D126/><U66/><E82/><V124/><F124/><W0/><G68/><T23/><D55/><U134/><E134/><V52/><F128/><N who="0" m="49258" /><D56/><U135/><E135/><V1/><F1/><W79/><G79/><T24/><D89/><U62/><E17/><V65/><F65/><W125/><G125/><T119/><D119/><U74/><E74/><V115/><F115/><W112/><G37/><T27/><D98/><U14/><E33/><V107/><F36/><W95/><G95/><T80/><D80/><U28/><E62/><V88/><F107/><W18/><G43/><T70/><D70/><U102/><AGARI ba="0,0" hai="6,11,14,28,31,46,49,54,57,60,66,92,99,102" machi="102" ten="20,5200,0" yaku="0,1,7,1,8,1,52,1" doraHai="94" who="1" fromWho="1" sc="250,-26,250,52,250,-13,250,-13" /><INIT seed="1,0,0,2,0,133" ten="224,302,237,237" oya="1" hai0="128,119,49,84,10,8,95,19,78,111,43,129,130" hai1="14,135,107,52,81,66,1,88,125,62,29,101,121" hai2="55,73,100,77,32,99,127,104,18,16,108,42,31" hai3="37,64,86,92,65,39,23,116,12,93,3,115,60" shuffle="mt19937ar,523EC012,0960281E,9BE00DD0,813E2D63,A5AD7A64,7A0678C0,7A139F60,9F7C4822"/><U44/><E121/><V50/><F108/><W123/><G3/><T110/><D119/><U33/><E135/><V82/><F42/><W45/><G123/><T94/><D49/><U2/><E125/><V26/><REACH who="2" step="1"/><F127/><REACH who="2" step="2"/><W112/><G116/><T61/><D43/><U87/><E107/><V11/><F11/><N who="0" m="4138" /><D19/><U17/><E101/><V20/><F20/><W59/><G23/><T35/><D35/><U24/><E44/><AGARI ba="0,1" hai="16,18,26,31,32,44,50,55,73,77,82,99,100,104" machi="44" ten="30,3900,0" yaku="1,1,7,1,54,1,53,0" doraHai="133" doraHaiUra="109" who="2" fromWho="1" sc="224,0,302,-39,227,49,237,0" /><INIT seed="2,0,0,4,0,36" ten="224,263,276,237" oya="2" hai0="69,48,73,103,20,95,0,41,43,5,11,47,39" hai1="21,99,119,37,33,3,85,22,111,108,133,93,76" hai2="86,56,66,18,55,125,130,110,102,49,34,51,30" hai3="6,71,54,23,129,106,15,113,44,8,82,75,63" shuffle="mt19937ar,C41920B6,2B3E59DE,1989AB1E,49293A06,180E9808,60246978,57722905,6B2FA6DD"/><V92/><F130/><W26/><G106/><T7/><D69/><U50/><E119/><V121/><F121/><W58/><G129/><T19/><D5/><U124/><E33/><V53/><F125/><W126/><G126/><T128/><D73/><U42/><E3/><V16/><F110/><N who="1" m="42025" /><E124/><V46/><F34/><W12/><G113/><T97/><D128/><U127/><E127/><V84/><F30/><W135/><G135/><T72/><D72/><U52/><E133/><V80/><F66/><W38/><G71/><T88/><D103/><N who="1" m="60911" /><E76/><N who="2" m="46087" /><F86/><W1/><G82/><T25/><D39/><U114/><E85/><V79/><F79/><W45/><G45/><T89/><D89/><U83/><E83/><V74/><F74/><W87/><G87/><T24/><D24/><U60/><E114/><V116/><F116/><W62/><G62/><T115/><D115/><U32/><E32/><V68/><F68/><W98/><G98/><AGARI ba="0,0" hai="16,18,46,49,51,53,55,56,92,98,102" m="46087" machi="98" ten="30,2900,0" yaku="8,1,54,1" doraHai="36" who="2" fromWho="3" sc="224,0,263,0,276,29,237,-29" /><INIT seed="2,1,0,3,2,77" ten="224,263,305,208" oya="2" hai0="2,79,36,60,42,67,127,30,28,34,14,75,88" hai1="133,62,63,81,37,23,108,33,22,55,66,97,9" hai2="58,31,69,95,72,126,89,71,123,111,8,122,52" hai3="21,87,47,91,115,64,0,3,19,134,46,99,54" shuffle="mt19937ar,E35B34CD,0A28C5ED,CEFBAC7F,BF2EFF1C,22303970,584EFCC3,8152025E,B6C2D102"/><V20/><F72/><W44/><G134/><T4/><D88/><U93/><E133/><V118/><F118/><W48/><G115/><T59/><D59/><U100/><E33/><V70/><F126/><W124/><G124/><T51/><D51/><U86/><E37/><V102/><F102/><W49/><G99/><T117/><D127/><U53/><E108/><V11/><F111/><W26/><G64/><T5/><D60/><U128/><E128/><V125/><F125/><W7/><G7/><T40/><D67/><U65/><E9/><V76/><F76/><W29/><G29/><T107/><D107/><U35/><E35/><V73/><F73/><W92/><REACH who="3" step="1"/><G46/><REACH who="3" step="2"/><N who="0" m="23815" /><D5/><U110/><E110/><V45/><F45/><W96/><G96/><T109/><D30/><U74/><E74/><V119/><F31/><W12/><G12/><T56/><D14/><U84/><E84/><V17/><F119/><W39/><G39/><T106/><D28/><U41/><E41/><AGARI ba="1,1" hai="0,3,19,21,26,41,44,47,48,49,54,87,91,92" machi="41" ten="30,2000,0" yaku="1,1,7,1,53,0" doraHai="77" doraHaiUra="68" who="3" fromWho="1" sc="224,0,263,-23,305,0,198,33" /><INIT seed="3,0,0,0,4,49" ten="224,240,305,231" oya="3" hai0="61,81,64,76,97,65,30,100,124,21,83,24,96" hai1="9,131,95,45,28,80,135,29,102,130,1,63,109" hai2="13,128,91,78,118,22,20,69,70,74,0,98,31" hai3="117,43,73,133,86,116,23,36,34,103,7,90,88" shuffle="mt19937ar,D1DB987B,80C6DE6A,4E4A218B,13E4C8FC,6E62893F,10A86A35,E19A8E40,AD5A607B"/><W77/><G34/><T44/><D124/><U58/><E109/><V104/><F118/><W8/><G90/><T53/><D96/><U5/><E80/><V93/><F0/><W67/><G77/><T38/><D38/><U108/><E108/><V66/><F66/><W48/><G73/><T112/><D112/><U68/><E68/><V27/><F128/><W113/><G36/><T10/><D10/><U35/><E35/><V105/><F105/><W99/><G113/><T37/><D37/><U59/><E45/><V107/><F107/><W52/><G67/><T57/><D44/><U119/><E119/><V18/><F104/><W115/><G115/><T120/><D120/><U40/><E40/><V75/><F75/><W87/><G43/><T56/><D56/><U129/><E135/><V19/><F78/><W111/><G133/><T72/><D83/><U16/><E16/><V26/><F74/><W33/><G33/><AGARI ba="0,0" hai="13,18,19,20,22,26,27,31,33,69,70,91,93,98" machi="33" ten="30,1000,0" yaku="7,1" doraHai="49" who="2" fromWho="3" sc="224,0,240,0,305,10,231,-10" owari="224,-13,240,-1,315,32,221,-18" /></mjloggm>