<mjloggm ver="2.3"><GO type="193"/><UN n0="%E3%82%A6%E3%83%AB%E3%83%88%E3%83%A9%E7%AB%8B%E7%9B%B4" n1="%76%6F%73%74%72%6F" n2="%63%68%65%72%75%62%69%6D" n3="%77%61%68%61%68%61%37%37" dan="11,12,11,10" rate="1782,1790,1563,1369" sx="M,M,M,M"/><TAIKYOKU oya="0"/><INIT seed="0,0,0,5,4,76" ten="250,250,250,250" oya="0" hai0="12,109,89,32,101,24,49,43,67,19,1,135,96" hai1="124,95,91,129,64,78,127,92,100,66,81,74,126" hai2="82,36,2,62,37,6,68,117,45,112,4,79,128" hai3="63,133,31,113,98,130,7,34,106,40,27,33,94" shuffle="mt19937ar,7EFC4555,5FDD3131,C40318C8,4BBBDC6D,A84962E8,D46A6784,7E4C851C,D282294E"/><T103/><D1/><U87/><E100/><V110/><F112/><W18/><G113/><T26/><D67/><U70/><E70/><V30/><F117/><W83/><G106/><T69/><D69/><U52/><E129/><V116/><F128/><W48/><G130/><T97/><D135/><U86/><E52/><V51/><F116/><W61/><G133/><T119/><D32/><U132/><E132/><V56/><F110/><W54/><G34/><T123/><D89/><AGARI ba="0,0" hai="64,66,74,78,81,86,87,89,91,92,95,124,126,127" machi="89" ten="40,5200,0" yaku="9,1,18,1,52,1" doraHai="76" who="1" fromWho="0" sc="250,-52,250,52,250,0,250,0" /><INIT seed="1,0,0,0,0,132" ten="198,302,250,250" oya="1" hai0="51,67,5,69,38,27,20,126,66,10,98,46,56" hai1="120,115,28,61,125,94,42,87,89,62,81,47,73" hai2="40,19,104,45,64,0,118,80,57,32,17,31,135" hai3="35,85,14,6,7,79,122,22,44,36,13,123,53" shuffle="mt19937ar,6AF88A9E,E4B0F95D,F2F4BEB0,9C5B07C2,87B0E5F7,2B2A9412,48148E42,B3FFC155"/><U75/><E120/><V93/><F104/><W82/><G35/><T127/><D69/><U116/><E116/><V49/><F0/><W11/><G22/><T68/><D98/><U129/><E115/><V108/><F118/><W60/><G36/><T105/><D105/><U50/><E129/><V86/><F135/><W43/><G60/><T91/><D91/><U103/><E125/><N who="0" m="47625" /><D56/><U130/><E130/><V92/><F108/><W131/><G131/><T8/><D38/><U95/><E28/><V58/><F32/><W106/><G106/><T96/><D96/><U121/><E121/><V110/><F31/><W55/><G55/><N who="0" m="30199" /><D68/><U63/><E103/><V90/><F110/><W9/><REACH who="3" step="1"/><G53/><REACH who="3" step="2"/><T15/><D8/><U3/><E42/><V4/><F64/><W83/><G83/><T29/><AGARI ba="0,1" hai="5,10,15,20,27,29,66,67" m="30199,47625" machi="29" ten="30,7900,0" yaku="18,1,52,3" doraHai="132" who="0" fromWho="0" sc="198,89,302,-39,250,-20,240,-20" /><INIT seed="2,0,0,5,1,78" ten="287,263,230,220" oya="2" hai0="10,22,89,83,86,68,31,123,4,87,103,114,17" hai1="35,96,20,124,56,95,75,128,130,88,111,40,43" hai2="29,6,98,1,126,70,18,5,71,61,62,104,9" hai3="134,38,48,85,77,121,108,69,42,76,125,28,101" shuffle="mt19937ar,9064521D,AE7AA38F,90DA2C68,14BE9978,1818BA4D,9BCF68D8,7F029AE6,00659E3F"/><V135/><F29/><W52/><G134/><T82/><D68/><U105/><E35/><V81/><F135/><W51/><G125/><T50/><D103/><U23/><E75/><V110/><F126/><W129/><G129/><N who="1" m="49770" /><E124/><V94/><F104/><W63/><G121/><T32/><D32/><U8/><E111/><V67/><F110/><W39/><G108/><T84/><D31/><U115/><E115/><V33/><F33/><W53/><G101/><T92/><D123/><U90/><E105/><V59/><F61/><W133/><G133/><T44/><D10/><U37/><E37/><V19/><F6/><W58/><G69/><T100/><D4/><U112/><E112/><V116/><F116/><W15/><G15/><N who="0" m="9535" /><D100/><N who="1" m="60447" /><E56/><V12/><F19/><W117/><G28/><T21/><D21/><N who="1" m="8267" /><E8/><V132/><F132/><W107/><G117/><T34/><D34/><U3/><E3/><V120/><F120/><W79/><G107/><T14/><D14/><U60/><E60/><V99/><F81/><N who="0" m="30730" /><D114/><U64/><E64/><V102/><REACH who="2" step="1"/><F99/><REACH who="2" step="2"/><W27/><G27/><T57/><D57/><U131/><E131/><V45/><F45/><W122/><G122/><T46/><D46/><U54/><E40/><AGARI ba="0,1" hai="40,44,50,84,86,87,89,92" m="30730,9535" machi="40" ten="30,7700,0" yaku="8,1,52,3" doraHai="78" who="0" fromWho="1" sc="287,87,263,-77,220,0,220,0" /><INIT seed="3,0,0,3,0,62" ten="374,186,220,220" oya="3" hai0="92,131,88,39,1,30,52,54,106,71,42,47,11" hai1="16,120,59,28,5,14,107,118,112,121,124,58,86" hai2="115,50,125,81,134,117,37,4,89,126,10,68,116" hai3="15,87,8,18,113,94,133,35,93,73,51,103,3" shuffle="mt19937ar,66A1A6C1,6F6C6B38,74423CAE,F916CCE9,B4B92BAB,1D255BB8,1581508E,4AF6DE38"/><W102/><G113/><T63/><D106/><U70/><E107/><V76/><F37/><W80/><G3/><T77/><D77/><U12/><E112/><V65/><F50/><W82/><G35/><T122/><D122/><U108/><E70/><V26/><F115/><W100/><G133/><T110/><D131/><U40/><E40/><V20/><F89/><W31/><G51/><T24/><D110/><U74/><E74/><V29/><F76/><W13/><G31/><T21/><D11/><U61/><E108/><V128/><F81/><W36/><G36/><T9/><D9/><U41/><E41/><V79/><F79/><W132/><G132/><T78/><D78/><U57/><E124/><V101/><F101/><W91/><REACH who="3" step="1"/><G15/><REACH who="3" step="2"/><T2/><D2/><U127/><E127/><N who="2" m="48651" /><F134/><W119/><G119/><T97/><D1/><U23/><E118/><V44/><F128/><W123/><G123/><T17/><D30/><U49/><E28/><V130/><F130/><W56/><G56/><T105/><D71/><U0/><E0/><N who="2" m="263" /><F44/><W53/><G53/><T7/><D54/><U75/><E75/><V129/><F129/><W98/><G98/><T99/><D99/><U60/><E86/><V69/><F69/><W19/><G19/><T95/><D97/><U43/><E43/><V48/><F48/><W104/><G104/><T67/><D105/><U135/><E135/><V96/><F96/><W109/><G109/><T72/><D39/><U55/><E49/><V66/><F68/><W84/><G84/><T38/><D38/><U25/><E55/><V34/><F34/><RYUUKYOKU ba="0,1" sc="374,-15,186,-15,220,15,210,15" hai2="20,26,29,65,66,116,117" hai3="8,13,18,73,80,82,87,91,93,94,100,102,103" /><INIT seed="3,1,1,4,5,64" ten="359,171,235,225" oya="3" hai0="68,128,103,106,6,45,124,4,123,51,23,19,58" hai1="66,7,78,120,121,117,135,126,52,61,83,3,75" hai2="0,69,108,60,80,28,96,94,131,70,35,17,67" hai3="11,99,10,116,48,92,12,113,42,97,31,93,57" shuffle="mt19937ar,DB89DB7A,2B93DD5C,841D3894,F94BA11E,60EF9903,3F82B558,B38ACFC8,70755C76"/><W9/><G31/><T105/><D123/><U118/><E7/><V22/><F0/><W129/><G42/><T90/><D68/><U8/><E3/><V62/><F131/><W32/><G129/><T104/><D105/><U49/><E8/><V21/><F108/><W55/><G32/><T18/><D104/><U114/><E114/><V81/><F62/><W109/><G113/><T13/><D103/><U74/><E74/><V84/><F81/><W27/><G109/><T111/><D106/><U29/><E29/><V30/><F35/><W36/><G36/><T1/><D1/><U14/><E14/><V86/><F30/><W39/><G39/><T91/><D124/><U85/><E126/><V72/><F28/><W133/><G27/><N who="0" m="14839" /><D58/><U87/><E135/><V15/><F72/><W110/><G110/><T127/><D127/><U112/><E112/><V122/><F122/><W41/><G133/><T24/><D24/><U25/><E25/><V33/><F33/><W100/><G41/><T130/><D111/><U44/><E120/><V76/><F86/><W101/><REACH who="3" step="1"/><G12/><REACH who="3" step="2"/><T88/><D128/><U47/><E121/><V34/><F34/><W26/><G26/><T79/><D130/><U43/><E43/><V95/><F22/><W73/><G73/><T65/><D13/><U40/><E40/><V102/><REACH who="2" step="1"/><F95/><REACH who="2" step="2"/><W2/><G2/><T89/><D6/><U132/><E132/><V46/><F46/><W59/><G59/><AGARI ba="1,3" hai="15,17,21,59,60,67,69,70,76,80,84,94,96,102" machi="59" ten="30,8000,1" yaku="1,1,7,1,52,2,53,1" doraHai="64" doraHaiUra="56" who="2" fromWho="3" sc="359,0,171,0,225,113,215,-83" owari="359,36,171,-18,338,9,132,-27" /></mjloggm>