<mjloggm ver="2.3"><GO type="97"/><UN n0="%46%6F%6F%7A%79" n1="%66%6C%79%64" n2="%E3%82%A6%E3%83%AB%E3%83%88%E3%83%A9%E7%AB%8B%E7%9B%B4" n3="%E5%86%97%E8%AB%87%E7%AC%91%E6%AD%A2%EF%BC%81" dan="14,15,13,14" rate="1917,1955,1872,1906" sx="F,M,M,M"/><TAIKYOKU oya="0"/><INIT seed="0,0,0,2,3,125" ten="250,250,250,250" oya="0" hai0="102,54,121,68,106,128,124,88,116,123,81,4,104" hai1="113,15,129,75,105,91,135,71,21,90,55,89,107" hai2="62,59,49,63,43,93,9,46,2,6,27,80,110" hai3="79,132,131,95,20,22,134,84,33,47,118,34,41" shuffle="mt19937ar,E89513FC,45AC3CF5,35BEC4F2,970FB022,CFF547D5,FBB656BE,337FD656,2165517C"/><T37/><D68/><U61/><E75/><V101/><F110/><W56/><G118/><T86/><D37/><U115/><E135/><N who="3" m="51754" /><G56/><T52/><D116/><U133/><E133/><V53/><F27/><W130/><G79/><T50/><D124/><U44/><E71/><V98/><REACH who="2" step="1"/><F80/><REACH who="2" step="2"/><W26/><G26/><T74/><D123/><U45/><E113/><V7/><F7/><W32/><G22/><T31/><D4/><U28/><E115/><V94/><F94/><W24/><G24/><T64/><D121/><U69/><E107/><V12/><F12/><W18/><G18/><T14/><D31/><U119/><E105/><V77/><F77/><W65/><G20/><T117/><D14/><U30/><E15/><V29/><F29/><W114/><G114/><T97/><D117/><U76/><E21/><V25/><F25/><W73/><G73/><T87/><D106/><U1/><E30/><V19/><F19/><W0/><G0/><T60/><D74/><U5/><E5/><V120/><F120/><W67/><G95/><T66/><D104/><U39/><E1/><V48/><AGARI ba="0,1" hai="2,6,9,43,46,48,49,53,59,62,63,93,98,101" machi="48" ten="20,5200,0" yaku="1,1,0,1,7,1,53,1" doraHai="125" doraHaiUra="35" who="2" fromWho="2" sc="250,-26,250,-13,240,62,250,-13" /><INIT seed="1,0,0,5,2,132" ten="224,237,302,237" oya="1" hai0="109,37,8,18,81,103,13,104,127,54,89,114,49" hai1="77,121,15,31,86,91,125,120,115,21,112,102,28" hai2="45,2,84,36,61,105,1,20,29,9,52,67,111" hai3="66,98,32,44,72,25,50,41,75,62,53,133,79" shuffle="mt19937ar,6B925F0C,0C7D0559,193CB05A,693888F2,D854A22E,57C69134,EBE14D6C,6A8F44C3"/><U99/><E77/><V119/><F105/><W19/><G133/><T130/><D37/><U100/><E100/><V5/><F119/><W38/><G79/><T78/><D114/><U95/><E28/><V73/><F73/><W80/><G80/><T97/><D130/><U96/><E99/><V106/><F106/><W7/><G7/><T90/><D109/><U94/><E31/><V123/><F111/><W42/><G42/><T24/><D24/><U116/><E116/><V88/><F123/><W27/><G98/><T83/><D83/><U55/><E55/><V93/><F36/><W82/><G82/><T113/><D113/><N who="1" m="43595" /><E21/><V3/><F29/><W57/><G32/><T46/><D127/><U126/><E15/><V48/><REACH who="2" step="1"/><F20/><REACH who="2" step="2"/><N who="3" m="13471" /><G27/><T6/><REACH who="0" step="1"/><D6/><REACH who="0" step="2"/><U39/><E39/><V124/><F124/><AGARI ba="0,2" hai="86,91,94,95,96,102,120,121,124,125,126" m="43595" machi="124" ten="30,18000,2" yaku="18,1,34,2,52,3" doraHai="132" who="1" fromWho="2" sc="214,0,237,200,292,-180,237,0" /><INIT seed="1,1,0,2,2,22" ten="214,437,112,237" oya="1" hai0="14,19,45,51,56,41,115,8,13,37,71,119,95" hai1="32,52,76,127,112,88,65,3,124,126,120,133,75" hai2="62,97,2,100,4,80,128,78,106,94,21,98,57" hai3="96,33,101,89,66,105,123,5,125,0,55,43,85" shuffle="mt19937ar,C638888D,E4730EFC,AC850E3D,D33EC2F5,D29AB316,7E35C3C7,F09E5E13,66C4ADEB"/><U131/><E32/><V1/><F128/><W92/><G123/><T48/><D119/><U30/><E120/><V12/><F2/><W103/><G33/><T38/><D115/><U132/><E3/><V87/><F1/><W46/><G103/><T90/><D71/><U93/><E30/><V6/><F98/><W25/><G66/><T7/><D38/><U35/><E65/><V60/><F106/><W49/><G125/><T82/><D56/><U113/><E35/><V109/><F109/><W27/><REACH who="3" step="1"/><G43/><REACH who="3" step="2"/><T44/><D82/><N who="1" m="45343" /><E52/><N who="2" m="33831" /><F62/><W111/><G111/><T34/><D34/><U110/><E110/><V50/><F50/><W16/><G16/><AGARI ba="1,1" hai="4,6,12,16,21,78,80,87,94,97,100" m="33831" machi="16" ten="30,3900,0" yaku="8,1,54,2" doraHai="22" who="2" fromWho="3" sc="214,0,437,0,112,52,227,-42" /><INIT seed="2,0,0,2,4,30" ten="214,437,164,185" oya="2" hai0="14,2,87,26,56,44,50,20,7,72,97,38,133" hai1="33,135,73,58,17,5,94,113,15,35,4,81,75" hai2="41,11,16,127,104,65,86,71,8,118,103,64,119" hai3="68,100,109,59,114,120,63,84,101,99,52,76,95" shuffle="mt19937ar,06CCBE72,C394D532,02EC59ED,FDE54FCE,E8377867,BF2AAE40,CA5CC69D,5ABEBFF3"/><V85/><F41/><W130/><G120/><T123/><D72/><U98/><E113/><V102/><F16/><W12/><G130/><T131/><D2/><U19/><E19/><V62/><F127/><W61/><G109/><T129/><D38/><U92/><E92/><V79/><F79/><W78/><G101/><T24/><D133/><U117/><E117/><V82/><F82/><W34/><G34/><T29/><D87/><U110/><E75/><V66/><F62/><W0/><G0/><T70/><D97/><U124/><E81/><V21/><F21/><W74/><G74/><T116/><D70/><U88/><E73/><V18/><F18/><W51/><G114/><T10/><D56/><U69/><E69/><V115/><F71/><W22/><G68/><T105/><D105/><U27/><E124/><V48/><F48/><W122/><G122/><T3/><D50/><U77/><E77/><N who="3" m="29802" /><G84/><N who="2" m="32361" /><F104/><W28/><G12/><T1/><D44/><U132/><E110/><V39/><F39/><W121/><G121/><T106/><D106/><U57/><E57/><V134/><F115/><W25/><AGARI ba="0,0" hai="22,25,28,51,52,59,61,63,95,99,100" m="29802" machi="25" ten="30,2000,0" yaku="8,1,54,1" doraHai="30" who="3" fromWho="3" sc="214,-5,437,-5,164,-10,185,20" /><INIT seed="3,0,0,2,4,82" ten="209,432,154,205" oya="3" hai0="76,25,8,55,38,26,36,108,124,34,132,94,118" hai1="45,68,102,67,101,63,31,44,113,134,27,80,119" hai2="12,84,127,83,4,1,21,112,88,29,46,22,47" hai3="117,74,5,3,40,56,65,18,78,107,43,133,109" shuffle="mt19937ar,6DC69834,54040B89,90E8F8C3,8B61CC34,83E7C595,8A1DB784,EE8B534C,11D29116"/><W87/><G117/><T41/><D118/><U66/><E113/><V99/><F1/><W9/><G74/><T23/><D132/><U128/><E134/><V122/><F112/><W114/><G114/><T59/><D124/><U2/><E119/><V104/><F127/><W48/><G133/><T115/><D115/><U85/><E2/><V97/><F122/><W135/><G135/><T129/><D76/><U15/><E128/><V57/><F104/><W17/><G107/><T6/><D129/><U120/><E120/><V53/><F99/><W35/><G35/><T96/><D41/><U69/><E15/><V125/><F97/><W50/><G109/><T100/><D108/><U11/><E11/><N who="2" m="4199" /><F125/><W105/><G105/><T61/><D26/><U51/><E45/><N who="2" m="16907" /><F29/><W14/><G3/><T121/><D34/><U75/><E67/><V98/><F98/><W116/><G116/><T103/><D103/><U111/><E69/><V92/><F83/><N who="3" m="47607" /><G65/><T91/><D100/><U73/><E75/><V81/><F81/><W32/><G32/><T52/><D121/><U130/><E73/><V7/><F7/><W13/><G56/><T64/><D38/><U110/><E130/><V70/><F70/><W42/><G5/><T54/><D36/><U95/><E111/><V126/><F126/><W39/><G39/><T86/><D96/><U90/><E80/><V77/><F77/><W19/><G19/><N who="0" m="12543" /><D64/><U106/><E106/><V71/><F71/><W33/><G33/><T72/><D72/><U30/><E110/><V0/><F0/><W93/><G93/><T28/><D28/><RYUUKYOKU ba="0,0" sc="209,10,432,-30,154,10,205,10" hai0="6,8,52,54,55,59,61,86,91,94" hai2="21,22,53,57,84,88,92" hai3="9,13,14,17,18,40,42,43,48,50" /><INIT seed="3,1,0,5,0,83" ten="219,402,164,215" oya="3" hai0="63,112,99,89,58,20,94,115,12,106,41,25,114" hai1="70,51,40,54,87,52,110,86,79,67,30,130,27" hai2="13,107,38,121,19,134,64,23,35,46,135,4,118" hai3="0,133,18,78,131,7,42,66,48,33,104,100,47" shuffle="mt19937ar,401805C1,0DE85FBA,CFB83035,A9CD907A,D8FDD5B3,43A84B6D,749AE4AB,B2D41DC3"/><W90/><G133/><N who="2" m="50697" /><F107/><W1/><G131/><T82/><D41/><U59/><E70/><V122/><F64/><W77/><G33/><T10/><D106/><U28/><E130/><V50/><F38/><W68/><G0/><T103/><D82/><U69/><E69/><V22/><F50/><W85/><G7/><T43/><D43/><U61/><E40/><V95/><F46/><W53/><G1/><T92/><D92/><U119/><E119/><V15/><F95/><W120/><G120/><N who="2" m="46185" /><F35/><W93/><G104/><T124/><D124/><U49/><E110/><V96/><F96/><N who="3" m="59407" /><G68/><T56/><D63/><U24/><E79/><N who="3" m="30218" /><G66/><T9/><D103/><U101/><E67/><V132/><N who="2" m="50705" /><V16/><DORA hai="45" /><F4/><W65/><G65/><T5/><D10/><U17/><E17/><AGARI ba="1,0" hai="5,9,12,17,20,25,56,58,89,94,99,112,114,115" machi="17" ten="40,1300,0" yaku="11,1" doraHai="83,45" who="0" fromWho="1" sc="219,16,402,-16,164,0,215,0" owari="235,-1,386,38,164,-24,215,-13" /></mjloggm>