<mjloggm ver="2.3"><GO type="193"/><UN n0="%E3%82%BF%E3%83%A2" n1="%E3%82%A6%E3%83%AB%E3%83%88%E3%83%A9%E7%AB%8B%E7%9B%B4" n2="%E3%83%92%E3%83%AD%E3%82%B7%E3%83%9E%E7%B4%9A%EF%BC%92%E7%99%BA%E5%88%86" n3="%E9%9B%B7%E9%9B%BB%58" dan="12,12,12,12" rate="1650,1741,1752,1610" sx="M,M,M,M"/><TAIKYOKU oya="0"/><INIT seed="0,0,0,1,1,102" ten="250,250,250,250" oya="0" hai0="56,72,86,52,96,77,45,125,12,57,29,113,127" hai1="6,90,24,82,47,28,69,8,131,104,105,122,66" hai2="109,130,4,91,33,21,19,59,53,100,110,20,128" hai3="50,2,10,34,62,81,7,5,85,18,73,46,22" shuffle="mt19937ar,0A57116B,6F61A4C2,9877C7B3,F0EDA50C,DA36E289,3329A9A3,641FD9CE,E673765B"/><T42/><D113/><U1/><E122/><V84/><F33/><W40/><G34/><T97/><D29/><U112/><E112/><V14/><F100/><W114/><G114/><T64/><D72/><U51/><E131/><N who="2" m="50219" /><F4/><W119/><G7/><T54/><D12/><U43/><E69/><V133/><F133/><W75/><G119/><T23/><D64/><U38/><E66/><V118/><F118/><W95/><G62/><T129/><D129/><U30/><E30/><V117/><F117/><W94/><G75/><T101/><D23/><U74/><E51/><N who="2" m="31167" /><F21/><W37/><G73/><T27/><D27/><U17/><E17/><V65/><F65/><W49/><G37/><T80/><D96/><U103/><E103/><V111/><F111/><W9/><G10/><T60/><D42/><U41/><E41/><V44/><F44/><W98/><G50/><T15/><D15/><U76/><E90/><V78/><F78/><W39/><G39/><T99/><D99/><U63/><E63/><V108/><F108/><W68/><G98/><T71/><D71/><U121/><E121/><V16/><F19/><W25/><G68/><T13/><D13/><U83/><E83/><AGARI ba="0,0" hai="14,16,20,83,84,91,109,110" m="31167,50219" machi="83" ten="30,2000,0" yaku="19,1,54,1" doraHai="102" who="2" fromWho="1" sc="250,0,250,-20,250,20,250,0" /><INIT seed="1,0,0,4,0,132" ten="250,230,270,250" oya="1" hai0="62,81,48,53,35,58,127,59,108,100,135,95,38" hai1="56,99,86,52,107,7,74,91,123,117,66,50,23" hai2="55,121,131,6,122,10,13,109,54,26,101,32,34" hai3="44,42,21,97,12,78,73,40,128,0,88,105,43" shuffle="mt19937ar,BD053A62,FEFF9058,8B8A9432,873D3036,5271354C,2D25ABA1,805A0391,85EE31A9"/><U79/><E117/><V77/><F77/><W72/><G0/><T20/><D38/><U98/><E123/><V36/><F36/><W134/><G134/><T113/><D113/><U71/><E7/><V30/><F131/><W115/><G128/><T39/><D39/><U4/><E4/><V45/><F34/><W18/><G115/><T130/><D35/><U84/><E74/><V51/><F55/><W75/><G105/><T49/><D130/><U64/><E71/><V93/><REACH who="2" step="1"/><F109/><REACH who="2" step="2"/><W89/><G78/><T124/><D135/><U102/><E79/><V11/><F11/><W118/><G118/><T47/><D108/><U119/><E119/><V3/><F3/><W129/><G129/><T104/><D104/><U94/><E66/><V65/><F65/><W120/><G120/><T31/><D81/><U85/><E64/><V111/><F111/><W67/><G67/><T125/><D20/><U19/><REACH who="1" step="1"/><E99/><AGARI ba="0,1" hai="6,10,13,26,30,32,45,51,54,93,99,101,121,122" machi="99" ten="40,2600,0" yaku="1,1,53,1" doraHai="132" doraHaiUra="22" who="2" fromWho="1" sc="250,0,230,-26,260,36,250,0" /><INIT seed="2,0,0,3,2,106" ten="250,204,296,250" oya="2" hai0="108,7,61,76,85,122,128,77,112,2,18,90,110" hai1="84,134,124,49,13,9,66,47,31,23,74,14,69" hai2="62,117,99,17,46,24,5,35,116,123,41,92,28" hai3="135,43,40,15,65,103,70,21,59,25,4,19,44" shuffle="mt19937ar,82014EBB,69AB9BB3,EBB101F1,71956142,B398606C,419CE7CF,D1EF4F6F,9603AFE3"/><V81/><F123/><W64/><G135/><T93/><D112/><U78/><E74/><V12/><F5/><W26/><G70/><T50/><D122/><U51/><E134/><V115/><F115/><W91/><G103/><T55/><D128/><U126/><E66/><V109/><F109/><N who="0" m="42090" /><D61/><U39/><E69/><V10/><F81/><W48/><G43/><T127/><D127/><U132/><E132/><V67/><F67/><N who="3" m="25675" /><G4/><T87/><D18/><U53/><E39/><V129/><F129/><W11/><G59/><N who="0" m="33271" /><D85/><U58/><E124/><V36/><REACH who="2" step="1"/><F62/><REACH who="2" step="2"/><W22/><G91/><AGARI ba="0,1" hai="10,12,17,24,28,35,36,41,46,91,92,99,116,117" machi="91" ten="30,5800,0" yaku="1,1,2,1,7,1,53,0" doraHai="106" doraHaiUra="56" who="2" fromWho="3" sc="250,0,204,0,286,68,250,-58" /><INIT seed="2,1,0,2,1,124" ten="250,204,354,192" oya="2" hai0="105,7,68,22,13,80,3,132,99,35,2,133,73" hai1="5,48,40,98,47,42,102,74,76,119,30,95,15" hai2="110,70,96,75,45,32,65,8,97,64,127,123,90" hai3="71,12,122,81,107,39,88,87,41,67,60,29,126" shuffle="mt19937ar,08D3C9DE,77EF0D63,48A91594,9B43E9F4,E507B28C,38024B61,987C5610,7734A640"/><V125/><F123/><W106/><G126/><N who="2" m="48137" /><F75/><W0/><G0/><T63/><D35/><U117/><E74/><V121/><F121/><W9/><G122/><T46/><D46/><U59/><E42/><V66/><F70/><W14/><G39/><T78/><D68/><U24/><E76/><V134/><F32/><W36/><G29/><T129/><D63/><U114/><E114/><V109/><F134/><N who="0" m="51818" /><D105/><U17/><E5/><V131/><F131/><W23/><G36/><T28/><D99/><N who="2" m="37962" /><F90/><W112/><G41/><T4/><D28/><U50/><E119/><V86/><F86/><W128/><G128/><T85/><D22/><U101/><E117/><V130/><F130/><W55/><G112/><T21/><D129/><U57/><E30/><V10/><F45/><W83/><G83/><N who="0" m="45519" /><D21/><U16/><E102/><V77/><F77/><W6/><G23/><T18/><D18/><U120/><E120/><V135/><F135/><W116/><G116/><T69/><D69/><U26/><E17/><V27/><F27/><N who="1" m="10281" /><E50/><V94/><F94/><W72/><G14/><T1/><D13/><U52/><E40/><V44/><F44/><W54/><REACH who="3" step="1"/><G72/><REACH who="3" step="2"/><T49/><D49/><U38/><E38/><V108/><AGARI ba="1,1" hai="8,10,64,65,66,108,109,110" m="37962,48137" machi="108" ten="40,12000,1" yaku="28,2,14,1,10,1,18,1" doraHai="124" who="2" fromWho="2" sc="250,-41,204,-41,354,133,182,-41" /><INIT seed="2,2,0,2,2,22" ten="209,163,487,141" oya="2" hai0="55,26,7,116,115,135,24,65,114,90,79,63,88" hai1="127,53,16,134,119,120,83,102,89,5,101,70,60" hai2="125,3,18,75,133,80,44,113,56,48,14,126,38" hai3="94,122,118,10,91,25,32,66,8,128,54,117,100" shuffle="mt19937ar,DBE9B792,5140357F,1F5C1BC1,D0E73CFB,7416369C,7AC42FBE,BFDF29D1,94133AC9"/><V2/><F113/><W20/><G122/><T93/><D7/><U17/><E119/><V98/><F98/><W112/><G112/><T85/><D116/><U33/><E33/><V69/><F69/><W86/><G128/><T58/><D135/><U124/><E134/><V131/><F133/><W104/><G32/><T9/><D9/><U21/><E5/><V13/><F131/><W42/><G117/><T108/><D108/><U92/><E83/><V130/><F130/><W11/><G66/><T43/><D43/><U76/><E76/><N who="2" m="44063" /><F38/><W34/><G42/><T28/><D28/><U81/><E81/><V103/><F103/><W96/><G34/><T52/><D79/><U57/><E70/><V68/><F68/><W99/><G118/><T50/><D115/><U84/><E120/><V35/><F35/><W64/><G64/><T123/><D123/><U30/><E30/><V106/><F106/><W19/><REACH who="3" step="1"/><G54/><REACH who="3" step="2"/><N who="0" m="20523" /><D114/><U36/><E36/><V46/><F2/><W67/><G67/><T74/><D74/><U71/><E71/><V31/><F3/><W15/><G15/><T6/><D6/><U45/><E45/><V129/><F13/><W73/><G73/><T95/><D50/><U41/><E41/><V39/><F14/><W132/><G132/><T110/><D110/><U12/><REACH who="1" step="1"/><E17/><REACH who="1" step="2"/><V29/><F18/><W1/><G1/><T77/><D77/><U27/><E27/><V62/><F129/><W23/><G23/><T107/><D107/><U4/><E4/><V47/><F48/><W82/><G82/><T37/><D37/><U121/><E121/><RYUUKYOKU ba="2,2" sc="209,10,153,10,487,-30,131,10" hai0="24,26,58,63,65,85,88,90,93,95" hai1="12,16,21,53,57,60,84,89,92,101,102,124,127" hai3="8,10,11,19,20,25,86,91,94,96,99,100,104" /><INIT seed="3,3,2,0,4,27" ten="219,163,457,141" oya="3" hai0="18,4,3,92,46,36,96,53,34,108,23,57,5" hai1="76,8,117,55,62,51,88,106,29,16,14,125,6" hai2="98,48,43,133,60,1,26,72,78,64,70,116,105" hai3="38,100,97,130,104,75,24,25,58,56,129,122,93" shuffle="mt19937ar,DE7C0E79,10EB90A5,A6BBD04C,373501CD,205F0521,3F000097,B0E5E09C,E871E6CD"/><W71/><G122/><T121/><D121/><U67/><E106/><V63/><F116/><W19/><G75/><T101/><D108/><U74/><E76/><V99/><F1/><W80/><G38/><T49/><D34/><U32/><E74/><V59/><F133/><W0/><G0/><T115/><D115/><U37/><E37/><V47/><F105/><W42/><G42/><T35/><D35/><U89/><E117/><V40/><F40/><W127/><G71/><T110/><D110/><U123/><E123/><V95/><F99/><W135/><G135/><T2/><D36/><U113/><E113/><V17/><F72/><W54/><G80/><T131/><D131/><N who="3" m="50185" /><G127/><T22/><D2/><U94/><E125/><V79/><F26/><N who="3" m="10347" /><G19/><T124/><D124/><U119/><E119/><V86/><F17/><W13/><G13/><N who="0" m="9551" /><D3/><U28/><E32/><V102/><F86/><W81/><G81/><T50/><D23/><U73/><E73/><V120/><F120/><W84/><G84/><T66/><D66/><AGARI ba="3,2" hai="43,47,48,59,60,63,64,66,70,78,79,95,98,102" machi="66" ten="30,1000,0" yaku="7,1" doraHai="27" who="2" fromWho="0" sc="219,-19,163,0,457,39,141,0" owari="200,-5,163,-19,496,50,141,-26" /></mjloggm>