<mjloggm ver="2.3"><GO type="97"/><UN n0="%E7%8E%8B%E5%BA%9C%E4%B8%BC" n1="%E5%86%86%E6%A5%BD%EF%BC%A0%E6%A5%BD%E5%A4%A9" n2="%65%61%73%74%34%32%31" n3="%E3%82%A6%E3%83%AB%E3%83%88%E3%83%A9%E7%AB%8B%E7%9B%B4" dan="13,15,14,13" rate="1839,1963,1967,1804" sx="M,M,M,M"/><TAIKYOKU oya="0"/><INIT seed="0,0,0,5,2,26" ten="250,250,250,250" oya="0" hai0="94,99,41,32,39,77,127,64,11,53,91,84,115" hai1="23,68,20,3,108,48,0,21,49,51,14,62,85" hai2="34,118,66,33,128,119,4,102,19,67,69,114,80" hai3="95,27,28,30,8,111,129,52,112,93,74,125,18" shuffle="mt19937ar,486A976F,756FF1EA,18257E64,406B44B0,37AD4CFE,00CDB1BF,27DA8B98,490F2399"/><T98/><D115/><U35/><E108/><V6/><F114/><W37/><G74/><T120/><D120/><U122/><E122/><V81/><F19/><W15/><G37/><T50/><D127/><U104/><E104/><V126/><F126/><W92/><G125/><T107/><D64/><U5/><E35/><V2/><F2/><W42/><G112/><T97/><D39/><U89/><E68/><V57/><F57/><W7/><G42/><T44/><D107/><U96/><E62/><V61/><F61/><W45/><G129/><T105/><D105/><U54/><E96/><V40/><F102/><W56/><G45/><T101/><D32/><N who="2" m="12394" /><F40/><W12/><G27/><T124/><D124/><U55/><E14/><V9/><F9/><N who="3" m="6415" /><G111/><T113/><D113/><U78/><E78/><V116/><F69/><W130/><G130/><T29/><D77/><U59/><E59/><V100/><F100/><W76/><G76/><T24/><D41/><U90/><E5/><N who="2" m="2155" /><F128/><W103/><G103/><T46/><D101/><U17/><E17/><V47/><F47/><W87/><G87/><T110/><D44/><U25/><E85/><V1/><F1/><N who="1" m="585" /><E25/><V135/><F135/><W106/><G106/><T73/><D73/><U71/><E71/><V132/><F132/><W16/><G7/><T117/><D110/><U109/><E109/><V134/><F134/><W65/><G65/><AGARI ba="0,0" hai="65,66,67,80,81,116,118,119" m="2155,12394" machi="65" ten="40,5200,0" yaku="28,2,12,1" doraHai="26" who="2" fromWho="3" sc="250,0,250,0,250,52,250,-52" /><INIT seed="1,0,0,4,4,100" ten="250,250,302,198" oya="1" hai0="67,9,7,123,37,119,127,113,28,96,132,0,19" hai1="60,130,10,121,52,17,3,111,103,69,114,6,42" hai2="71,30,61,11,18,8,47,57,109,70,80,101,65" hai3="21,2,135,14,33,134,129,83,50,34,49,95,26" shuffle="mt19937ar,8B08A68C,F7AB292A,84FD29DE,E94EC672,D3037D34,A47DEBB5,2B0913DD,C90CD07F"/><U107/><E114/><V31/><F11/><W20/><G95/><T108/><D113/><U51/><E121/><V85/><F71/><W43/><G83/><T126/><D119/><U76/><E42/><V32/><F32/><W54/><G43/><T93/><D123/><U44/><E130/><V53/><F47/><W13/><G54/><T104/><D132/><U66/><E76/><V78/><F101/><W77/><G77/><T5/><D37/><U120/><E120/><V59/><F70/><W48/><G2/><T1/><D108/><U87/><E111/><V125/><F109/><W56/><G56/><T23/><D67/><U89/><E17/><V16/><F18/><W22/><G26/><T68/><D68/><U91/><REACH who="1" step="1"/><E87/><REACH who="1" step="2"/><V79/><F79/><W110/><G110/><T90/><D7/><U115/><E115/><V128/><F128/><W40/><G40/><T64/><D19/><U94/><E94/><V36/><F36/><W27/><G129/><T72/><D5/><U45/><E45/><V25/><F125/><W73/><G73/><T55/><D72/><U84/><E84/><V46/><F46/><W102/><G27/><N who="0" m="16511" /><D127/><U39/><E39/><V88/><F78/><W86/><G86/><T133/><D126/><U112/><E112/><V99/><F25/><W74/><G74/><T122/><D122/><U41/><E41/><V75/><F75/><W98/><G134/><T131/><D133/><U105/><E105/><V82/><F82/><W97/><G135/><T38/><D131/><U81/><E81/><V106/><F80/><W24/><G24/><RYUUKYOKU ba="0,1" sc="250,-10,240,30,302,-10,198,-10" hai1="3,6,10,44,51,52,60,66,69,89,91,103,107" /><INIT seed="1,1,1,0,5,104" ten="240,270,292,188" oya="1" hai0="116,19,38,100,119,27,68,83,67,34,11,16,4" hai1="60,25,94,93,103,45,124,17,9,21,70,80,115" hai2="74,84,122,31,108,1,133,96,8,66,86,56,77" hai3="6,26,58,0,65,53,85,134,99,75,73,48,123" shuffle="mt19937ar,1F977824,24557A19,A6376070,45A26FE6,3AE52DCF,7B601C9C,8C6BBEB0,D2F01CC8"/><U82/><E115/><V50/><F74/><W120/><G120/><T52/><D38/><U28/><E124/><V128/><F31/><W14/><G123/><T33/><D100/><U81/><E45/><V10/><F122/><W76/><G0/><T30/><D34/><U111/><E111/><V24/><F86/><W110/><G110/><T131/><D131/><U35/><E103/><V113/><F24/><W106/><G134/><T135/><D135/><U47/><E9/><V15/><F133/><W91/><G76/><T20/><D19/><U88/><E47/><V32/><F1/><W90/><G65/><T112/><D112/><U78/><E78/><V54/><F32/><W5/><G26/><T63/><D83/><U13/><E70/><V89/><F10/><W125/><G125/><T92/><D92/><U132/><E60/><V49/><F66/><W130/><G130/><T107/><D107/><U62/><E62/><V72/><F96/><W117/><G117/><T55/><D119/><U7/><E7/><V79/><F77/><W102/><G90/><T109/><D116/><U44/><E44/><V121/><F121/><W61/><G61/><T23/><D23/><U46/><E46/><V95/><F113/><W40/><G40/><T98/><D98/><U18/><E132/><V36/><F36/><W51/><G51/><T43/><D43/><U97/><E18/><N who="2" m="8551" /><F108/><W39/><G39/><T57/><D68/><U126/><E126/><V118/><F118/><W37/><G37/><T127/><D127/><U69/><E69/><V114/><F114/><W71/><G71/><RYUUKYOKU ba="1,1" sc="240,-10,270,30,292,-10,188,-10" hai1="13,17,21,25,28,35,80,81,82,88,93,94,97" /><INIT seed="1,2,1,2,1,103" ten="230,300,282,178" oya="1" hai0="61,121,31,11,10,27,107,9,84,51,130,86,53" hai1="111,64,8,105,16,69,35,116,92,20,89,37,14" hai2="18,104,62,99,80,91,6,96,4,28,127,2,109" hai3="100,34,23,119,60,1,133,67,78,106,47,90,132" shuffle="mt19937ar,C6D3CF29,85836246,ED673F1C,4458CA68,A6491AAC,CFE27750,1356E63F,8E3A5BB6"/><U122/><E37/><V15/><F28/><W22/><G1/><T120/><D130/><U36/><E116/><V45/><F2/><W40/><G78/><T71/><D71/><U0/><E36/><V57/><F96/><N who="3" m="61703" /><G90/><T131/><D131/><U135/><E122/><N who="0" m="47209" /><D61/><U95/><E35/><V58/><F57/><N who="3" m="37263" /><G34/><N who="0" m="20863" /><D107/><U42/><E42/><V77/><F45/><AGARI ba="2,1" hai="9,10,11,45,51,53,84,86" m="20863,47209" machi="45" ten="30,1000,0" yaku="13,1" doraHai="103" who="0" fromWho="2" sc="230,26,300,0,282,-16,178,0" /><INIT seed="2,0,0,2,5,3" ten="256,300,266,178" oya="2" hai0="63,16,11,121,52,21,50,112,8,82,101,76,2" hai1="66,96,129,89,104,67,111,88,30,59,25,24,0" hai2="22,124,94,117,26,77,65,118,87,130,109,74,73" hai3="53,123,134,55,48,54,115,27,56,4,100,49,28" shuffle="mt19937ar,E519BBBE,E03E5E09,CCF0155F,03C83A5B,ADA3ACB8,6269FB9C,3E5A7BE3,6577B9F7"/><V39/><F39/><W51/><G123/><T29/><D121/><U64/><E0/><V110/><F65/><W81/><G115/><T135/><D112/><U80/><E59/><V1/><F1/><W125/><G125/><T116/><D135/><U38/><E38/><V12/><F12/><W90/><G100/><T98/><D63/><U62/><E62/><V93/><F22/><W91/><G134/><T20/><D116/><N who="2" m="44650" /><F26/><W19/><G19/><T126/><D126/><U127/><E127/><V15/><F15/><W120/><G120/><T133/><D133/><U79/><E30/><V34/><F34/><W78/><G56/><T70/><D70/><U114/><E114/><V46/><F46/><W103/><G103/><T68/><D68/><U13/><E13/><V40/><F40/><W41/><G41/><T92/><D29/><U10/><E10/><V131/><F87/><W85/><REACH who="3" step="1"/><G4/><REACH who="3" step="2"/><T61/><D101/><U58/><E58/><V42/><F42/><W83/><G83/><T36/><D36/><U99/><E80/><N who="2" m="45103" /><F124/><W122/><G122/><T102/><D61/><U6/><E6/><V108/><F74/><W33/><AGARI ba="0,1" hai="27,28,33,48,49,51,53,54,55,78,81,85,90,91" machi="33" ten="30,8000,1" yaku="1,1,0,1,53,3" doraHai="3" doraHaiUra="44" who="3" fromWho="3" sc="256,-20,300,-20,266,-40,168,90" /><INIT seed="3,0,0,2,2,6" ten="236,280,226,258" oya="3" hai0="134,122,41,126,64,117,127,129,60,46,17,78,118" hai1="120,47,107,100,72,109,0,89,11,128,37,10,82" hai2="48,30,53,55,74,27,115,69,19,23,20,98,68" hai3="49,31,36,132,112,119,28,39,95,116,121,7,38" shuffle="mt19937ar,379BDB03,510E7117,E7BB56FD,3262D14B,4B30E5A4,77D495EA,C1D224E2,8D683E8E"/><W111/><G7/><T66/><D122/><U86/><E120/><V61/><F74/><W73/><G121/><T18/><D78/><U3/><E128/><V88/><F115/><W16/><G73/><T2/><D129/><U131/><E131/><V99/><F69/><W70/><G70/><T67/><D2/><U135/><E72/><V124/><F68/><W25/><G112/><T79/><D79/><U123/><E123/><V63/><F55/><W51/><G95/><T91/><D134/><U104/><E135/><V9/><F99/><W102/><G102/><T90/><D60/><U33/><E33/><V24/><F9/><W106/><G106/><T94/><D90/><U92/><E109/><V77/><F77/><W93/><G93/><T29/><D29/><N who="3" m="11337" /><G132/><T133/><D133/><U12/><E104/><V4/><F4/><W40/><G40/><T96/><D118/><N who="3" m="45097" /><G111/><T42/><D117/><U57/><E107/><V50/><F50/><N who="3" m="18955" /><G25/><T101/><D101/><U34/><E100/><V5/><F5/><W59/><G59/><T80/><D80/><U113/><E82/><V125/><F61/><W52/><G16/><T62/><D62/><U22/><E113/><V32/><F32/><W103/><G103/><T110/><D110/><U14/><E57/><N who="2" m="35247" /><F48/><W83/><G83/><T1/><D1/><U21/><E92/><AGARI ba="0,0" hai="19,20,23,24,27,30,88,92,98,124,125" m="35247" machi="92" ten="30,2000,0" yaku="25,1,54,1" doraHai="6" who="2" fromWho="1" sc="236,0,280,-20,226,20,258,0" /><INIT seed="4,0,0,3,5,99" ten="236,260,246,258" oya="0" hai0="36,10,82,113,134,119,126,17,103,35,116,131,29" hai1="25,68,97,3,73,80,132,40,123,31,42,28,121" hai2="12,0,51,61,15,8,57,114,100,83,52,86,78" hai3="79,34,26,127,72,81,117,1,112,33,62,69,13" shuffle="mt19937ar,36BA9834,2D12B84F,F2FDEC60,99D6BF80,19774580,5E767FEC,AFE324DD,B47BF1AF"/><T64/><D36/><U45/><E68/><V133/><F133/><W129/><G13/><T122/><D122/><U102/><E42/><V23/><F114/><W19/><G19/><T76/><D113/><U20/><E3/><V50/><F0/><W44/><G44/><T21/><D134/><U77/><E28/><V120/><F120/><W60/><G60/><T43/><D43/><U5/><E5/><V90/><F78/><W11/><G26/><N who="0" m="18871" /><D64/><U74/><E74/><V93/><F23/><W4/><G112/><T125/><D131/><U107/><REACH who="1" step="1"/><E132/><REACH who="1" step="2"/><V96/><F12/><W46/><G117/><T106/><D119/><U104/><E104/><V58/><F58/><W55/><G69/><T32/><D32/><U24/><E24/><V18/><AGARI ba="0,1" hai="8,15,18,50,51,52,57,61,83,86,90,93,96,100" machi="18" ten="20,8000,1" yaku="0,1,7,1,8,1,52,1,54,1" doraHai="99" who="2" fromWho="2" sc="236,-40,250,-20,246,90,258,-20" owari="196,-20,230,-12,336,33,238,-1" /></mjloggm>