<mjloggm ver="2.3"><GO type="41"/><UN n0="%75%6C%74%72%61" n1="%E3%82%A6%E3%83%AB%E3%83%88%E3%83%A9%E7%AB%8B%E7%9B%B4" n2="%6E%6F%62%75%74%6F%72%61" n3="%6C%61%6E%31%32%33" dan="14,14,14,15" rate="1879,1978,1866,1928" sx="M,M,M,M"/><TAIKYOKU oya="0"/><INIT seed="0,0,0,2,1,84" ten="250,250,250,250" oya="0" hai0="104,41,97,44,63,79,72,110,66,42,130,135,134" hai1="4,105,24,101,128,89,123,8,18,29,6,52,93" hai2="86,9,81,82,11,38,26,131,40,74,109,99,14" hai3="108,91,31,49,10,23,133,113,107,20,33,120,19"/><T1/><D1/><U129/><E101/><V132/><F132/><N who="0" m="50730" /><D130/><N who="1" m="50283" /><E105/><V61/><F131/><W100/><G133/><T64/><D72/><U27/><E123/><V30/><F74/><W34/><G120/><T75/><D75/><U47/><E18/><V56/><F40/><N who="0" m="15466" /><D79/><U102/><E102/><V118/><F38/><W95/><G113/><T13/><D13/><U0/><E6/><V45/><F45/><W70/><G107/><T126/><D104/><U62/><E29/><V80/><F118/><W114/><G100/><T7/><D7/><U65/><E65/><N who="0" m="25193" /><D97/><N who="1" m="57519" /><E27/><V115/><F115/><W3/><G114/><T15/><D15/><U124/><E24/><V54/><F11/><W58/><G3/><T67/><D44/><U22/><E22/><V92/><F26/><W125/><G23/><T53/><D53/><U119/><E47/><V106/><F30/><W85/><G20/><T90/><D90/><U111/><E8/><V25/><F25/><W78/><G78/><T59/><D126/><U127/><E4/><V51/><F106/><W121/><G121/><T98/><D98/><U122/><E0/><V117/><F86/><W73/><G125/><T46/><D46/><U37/><E124/><V50/><F117/><W21/><G73/><T103/><D103/><U43/><E119/><V71/><F71/><W112/><G21/><T5/><D5/><U2/><E127/><V57/><F57/><W83/><G70/><T68/><D68/><U69/><E2/><V39/><F51/><W35/><G112/><T94/><D94/><U88/><E69/><V12/><F50/><RYUUKYOKU ba="0,0" sc="250,30,250,-10,250,-10,250,-10" hai0="59,63,67,110" /><INIT seed="0,1,0,2,2,97" ten="280,240,240,240" oya="0" hai0="90,12,80,5,73,117,54,78,9,113,110,66,133" hai1="48,95,19,125,41,52,88,104,42,24,32,3,26" hai2="67,70,99,84,130,98,13,51,112,118,27,76,81" hai3="61,7,8,49,46,50,82,22,91,135,21,18,120"/><T60/><D117/><U93/><E104/><V14/><F118/><W55/><G135/><T127/><D133/><U59/><E3/><V126/><F112/><W96/><G120/><T129/><D113/><U92/><E125/><V75/><F126/><W94/><G61/><T11/><D127/><U79/><E79/><V111/><F130/><W122/><G122/><T77/><D129/><U43/><E32/><V85/><F111/><W103/><G49/><T33/><D33/><U30/><E30/><V107/><F67/><W38/><G38/><T87/><D110/><U20/><REACH who="1" step="1"/><E26/><REACH who="1" step="2"/><V28/><F107/><W65/><G65/><T102/><D77/><U37/><E37/><V6/><F76/><W39/><G39/><T62/><D78/><U34/><E34/><V124/><F124/><W58/><G7/><T123/><D123/><U17/><E17/><V29/><F75/><W40/><G18/><T86/><D73/><U109/><E109/><V108/><F27/><W53/><G8/><T106/><D66/><U72/><E72/><V45/><F108/><W69/><G69/><T101/><D11/><U56/><E56/><V134/><F134/><W4/><G4/><T116/><D106/><U105/><E105/><V64/><F70/><W83/><G58/><T47/><D116/><U57/><E57/><V131/><F131/><W119/><G119/><T89/><D47/><U44/><E44/><V71/><F64/><W63/><G63/><T121/><D121/><U128/><E128/><V1/><F71/><W100/><G21/><T36/><D36/><U68/><E68/><RYUUKYOKU ba="1,1" sc="280,-10,230,30,240,-10,240,-10" hai1="19,20,24,41,42,43,48,52,59,88,92,93,95" /><INIT seed="1,2,1,2,1,99" ten="270,260,230,230" oya="1" hai0="92,36,18,87,124,14,30,38,112,17,79,81,50" hai1="68,24,23,33,61,128,49,131,21,4,66,6,78" hai2="101,58,57,52,71,42,13,53,122,76,109,11,9" hai3="5,133,119,44,65,98,135,73,134,132,125,93,56"/><U126/><E33/><V34/><F34/><W91/><G5/><T113/><D30/><U118/><E118/><V70/><F76/><W22/><G119/><T0/><D0/><U102/><E78/><V10/><F42/><W75/><G125/><T84/><D124/><U46/><E126/><V1/><F1/><W104/><G104/><T108/><D108/><U7/><E102/><V110/><F122/><W86/><G44/><T15/><D50/><U74/><E74/><N who="3" m="28170" /><G22/><T105/><D105/><U82/><E82/><V89/><F89/><N who="3" m="55599" /><G56/><N who="2" m="21609" /><F101/><W40/><G65/><T19/><D87/><U97/><E97/><V88/><F88/><W117/><G117/><T67/><D92/><U80/><E80/><V85/><F85/><W26/><G26/><T106/><D106/><U121/><E121/><V31/><F31/><W3/><G40/><T27/><D67/><U25/><E23/><V123/><F13/><W54/><G54/><N who="2" m="21097" /><F123/><W69/><G69/><AGARI ba="2,1" hai="9,10,11,69,70,71,109,110" m="21097,21609" machi="69" ten="40,5200,0" yaku="28,2,54,1" doraHai="99" who="2" fromWho="3" sc="270,0,260,0,230,68,230,-58" /><INIT seed="2,0,0,0,0,35" ten="270,260,298,172" oya="2" hai0="121,124,38,87,68,82,36,131,43,17,21,117,71" hai1="119,41,30,81,85,16,0,98,129,83,134,97,33" hai2="14,86,67,63,74,135,52,79,62,66,103,120,70" hai3="77,50,126,29,100,75,84,45,88,42,69,122,73"/><V51/><F120/><W112/><G122/><T22/><D121/><U3/><E119/><V40/><F74/><W31/><G126/><T34/><D117/><U53/><E41/><V94/><F135/><W110/><G110/><T91/><D124/><U114/><E114/><V80/><F40/><W127/><G127/><T5/><D131/><U26/><E134/><V89/><F103/><W125/><G125/><T7/><D34/><U90/><E129/><V130/><F130/><W93/><G69/><T99/><D99/><U48/><E98/><V65/><F70/><W18/><G18/><T105/><D105/><U20/><E97/><N who="2" m="57551" /><F14/><W32/><G112/><T56/><D56/><AGARI ba="0,0" hai="51,52,56,62,63,65,66,67,79,80,86" m="57551" machi="56" ten="30,2900,0" yaku="8,1,54,1" doraHai="35" who="2" fromWho="0" sc="270,-29,260,0,298,29,172,0" /><INIT seed="2,1,0,5,1,69" ten="241,260,327,172" oya="2" hai0="77,5,31,93,112,44,0,104,14,6,7,124,19" hai1="54,13,8,32,9,118,4,51,45,72,35,39,18" hai2="29,59,43,37,62,66,61,107,94,128,47,92,117" hai3="109,133,86,127,36,16,125,60,73,134,80,91,23"/><V103/><F117/><W27/><G73/><T132/><D104/><U12/><E118/><V123/><F123/><W3/><G3/><T2/><D77/><U84/><E72/><V22/><F128/><W88/><G60/><T101/><D101/><U50/><E39/><V90/><F107/><W129/><G109/><T52/><D112/><U130/><E130/><V79/><F79/><N who="3" m="46367" /><G36/><T40/><D124/><N who="3" m="47689" /><G129/><T135/><D93/><U25/><E25/><V71/><F103/><W111/><G111/><T42/><D31/><U55/><REACH who="1" step="1"/><E84/><REACH who="1" step="2"/><V41/><F41/><W121/><G121/><T89/><D40/><U78/><E78/><V113/><F113/><W110/><G110/><T83/><D42/><U26/><E26/><V34/><F34/><W15/><G27/><T75/><D75/><U24/><E24/><V33/><F33/><W126/><N who="3" m="47697" /><W17/><DORA hai="120" /><G17/><T65/><D19/><U74/><E74/><V56/><F29/><W122/><G122/><T48/><D0/><U115/><E115/><V58/><F22/><W1/><G1/><T67/><D2/><U30/><E30/><V97/><REACH who="2" step="1"/><F94/><REACH who="2" step="2"/><W114/><G114/><T21/><D21/><U95/><E95/><V100/><F100/><W119/><G119/><T70/><D14/><U108/><E108/><V76/><F76/><W99/><G99/><T46/><D7/><U64/><E64/><AGARI ba="1,2" hai="37,43,47,56,58,59,61,62,64,66,71,90,92,97" machi="64" ten="30,18000,2" yaku="1,1,7,1,52,1,53,3" doraHai="69,120" doraHaiUra="11,53" who="2" fromWho="1" sc="241,0,250,-183,317,203,172,0" /><INIT seed="2,2,0,2,1,0" ten="241,67,520,172" oya="2" hai0="18,101,98,11,7,58,19,77,56,29,2,46,37" hai1="57,111,109,93,44,117,107,100,64,131,126,122,33" hai2="85,90,52,54,116,67,31,68,40,120,48,63,51" hai3="38,127,124,47,92,26,60,49,119,115,69,112,94"/><V30/><F116/><W21/><G119/><T130/><D130/><U42/><E107/><V4/><F120/><W83/><G38/><T34/><D77/><U91/><E100/><V8/><F40/><N who="3" m="24807" /><G83/><T123/><D123/><U22/><E33/><V9/><F90/><W1/><G1/><T89/><D34/><U99/><E122/><V125/><F85/><W65/><G26/><T41/><D29/><U80/><E117/><V121/><F125/><N who="3" m="48203" /><G21/><T118/><D118/><U62/><E126/><V129/><F121/><W82/><G82/><T96/><D89/><U108/><E131/><V16/><F129/><W97/><G97/><T14/><D19/><U132/><E132/><V15/><F31/><W13/><G13/><T103/><D103/><U50/><E80/><V35/><F30/><W3/><G3/><T86/><D86/><U36/><E22/><V12/><REACH who="2" step="1"/><F35/><REACH who="2" step="2"/><W128/><G128/><T72/><D72/><U84/><E84/><V79/><F79/><W133/><G133/><T87/><D87/><U81/><E81/><V106/><F106/><W23/><G23/><T66/><D98/><U27/><E36/><V102/><F102/><W43/><G43/><T75/><D101/><U88/><E91/><V134/><F134/><W61/><G61/><T17/><D96/><U76/><E76/><V135/><F135/><W74/><G74/><T25/><D75/><U10/><E10/><V5/><F5/><W45/><G45/><T24/><D11/><U20/><E20/><V73/><F73/><W95/><AGARI ba="2,1" hai="60,65,69,92,94,95,112,115" m="48203,24807" machi="95" ten="40,1500,0" yaku="18,1" doraHai="0" who="3" fromWho="3" sc="241,-6,67,-6,510,-9,172,31" /><INIT seed="3,0,0,3,3,118" ten="235,61,501,203" oya="3" hai0="121,0,19,131,105,63,108,32,33,79,123,104,90" hai1="103,83,65,53,41,80,2,78,69,92,23,112,28" hai2="36,29,115,84,122,38,82,75,93,55,96,57,37" hai3="94,62,128,129,25,26,97,89,72,68,132,24,110"/><W111/><G72/><T50/><D79/><U3/><E112/><V52/><F75/><W58/><G68/><T88/><D63/><U77/><E41/><V17/><F115/><W14/><G14/><T126/><D50/><U7/><E65/><V39/><F29/><W95/><G95/><T99/><D0/><U54/><E69/><V116/><F116/><W18/><G18/><T70/><D70/><U30/><E23/><V71/><F71/><W13/><G13/><T102/><D19/><U45/><E92/><V86/><N who="2" m="9216" /><DORA hai="34" /><V130/><F130/><N who="3" m="50283" /><G132/><T134/><D131/><U22/><E22/><V48/><F122/><N who="0" m="46602" /><D33/><U133/><E133/><V127/><F127/><W20/><G20/><T47/><D32/><U1/><E7/><V51/><F17/><W76/><G76/><N who="1" m="29290" /><E103/><V5/><F5/><W66/><AGARI ba="0,0" hai="24,25,26,58,62,66,89,94,97,110,111" m="50283" machi="66" ten="40,2100,0" yaku="19,1" doraHai="118,34" who="3" fromWho="3" sc="235,-7,61,-7,501,-7,203,21" /><INIT seed="3,1,0,4,4,22" ten="228,54,494,224" oya="3" hai0="45,60,125,40,46,81,121,85,134,9,6,99,65" hai1="101,89,80,38,110,123,76,131,24,113,122,124,63" hai2="5,117,39,72,88,3,32,41,114,116,37,26,118" hai3="57,95,33,34,50,103,115,1,73,108,18,75,49"/><W36/><G1/><T133/><D121/><U48/><E38/><V13/><F13/><W59/><G115/><T102/><D125/><U61/><E113/><V91/><F114/><W97/><G36/><T70/><D40/><U119/><E119/><V44/><F39/><W11/><G108/><T84/><D6/><U94/><E101/><V100/><F100/><W12/><G33/><T52/><D9/><U31/><E110/><V58/><F58/><W74/><G34/><T130/><D130/><U55/><E124/><V71/><F71/><W112/><REACH who="3" step="1"/><G112/><REACH who="3" step="2"/><T90/><D134/><U53/><E123/><V106/><F3/><W104/><G104/><T68/><D133/><U77/><E122/><V105/><F106/><W69/><G69/><T135/><D135/><U92/><E131/><V51/><F105/><W7/><G7/><T120/><D120/><U67/><E67/><V107/><F37/><W21/><G21/><T29/><D70/><U83/><E48/><AGARI ba="1,1" hai="11,12,18,48,49,50,57,59,73,74,75,95,97,103" machi="48" ten="40,2000,0" yaku="1,1,53,0" doraHai="22" doraHaiUra="25" who="3" fromWho="1" sc="228,0,54,-23,494,0,214,33" /><INIT seed="3,2,0,4,1,4" ten="228,31,494,247" oya="3" hai0="40,83,91,116,89,74,45,44,112,25,120,102,22" hai1="90,100,69,1,106,111,99,79,71,6,124,82,15" hai2="38,103,72,86,35,54,76,34,97,126,119,37,17" hai3="0,114,55,96,78,65,9,20,42,117,52,36,84"/><W19/><G114/><T51/><D120/><U105/><E15/><V125/><F119/><W11/><G117/><T132/><D116/><U62/><E90/><V93/><F72/><W118/><G118/><T133/><D112/><U32/><E124/><N who="2" m="47723" /><F54/><N who="3" m="20523" /><G36/><N who="2" m="13929" /><F17/><W77/><G42/><T46/><D102/><U128/><E128/><V87/><F76/><N who="3" m="29291" /><G0/><T57/><D74/><U131/><E131/><V64/><F64/><W98/><G65/><T95/><D83/><U68/><E62/><V123/><F123/><W10/><G84/><AGARI ba="2,0" hai="34,35,84,86,87,93,97,103" m="13929,47723" machi="84" ten="30,1000,0" yaku="18,1" doraHai="4" who="2" fromWho="3" sc="228,0,31,0,494,16,247,-16" /><INIT seed="4,0,0,1,2,101" ten="228,31,510,231" oya="0" hai0="74,42,82,75,79,121,81,2,40,35,65,14,67" hai1="43,113,117,52,9,124,123,29,133,77,3,58,23" hai2="84,5,88,7,94,60,26,100,132,57,27,45,131" hai3="37,21,103,70,13,96,24,128,48,98,63,119,64"/><T80/><D121/><U39/><E117/><V1/><F131/><W97/><G119/><T10/><D35/><U99/><E123/><V107/><F132/><W69/><G37/><T54/><D2/><U30/><E77/><V25/><F1/><W31/><G128/><T51/><D74/><U8/><E43/><V116/><F116/><W120/><G120/><T86/><D75/><U111/><E39/><V122/><F122/><W87/><G70/><T72/><D82/><U66/><E66/><V127/><F127/><W12/><G48/><T114/><D114/><U135/><E111/><V130/><F130/><W33/><G87/><T56/><D72/><U68/><E99/><N who="3" m="37962" /><G21/><T92/><D92/><U90/><E90/><V91/><F107/><N who="3" m="63991" /><G13/><T20/><D20/><U118/><E68/><V34/><F100/><W0/><G12/><T17/><D81/><U22/><E118/><V134/><F34/><W104/><G0/><T76/><D76/><U59/><E3/><V61/><F61/><W11/><G11/><T89/><D79/><U44/><E44/><V18/><F45/><W38/><G38/><T47/><REACH who="0" step="1"/><D42/><REACH who="0" step="2"/><U129/><E129/><V53/><F18/><W109/><G109/><T126/><D126/><U125/><E113/><V32/><F32/><W106/><AGARI ba="0,1" hai="24,31,33,63,64,69,104,106" m="63991,37962" machi="106" ten="30,7900,0" yaku="25,1,52,3" doraHai="101" who="3" fromWho="3" sc="218,-39,31,-20,510,-20,231,89" /><INIT seed="5,0,0,3,1,67" ten="179,11,490,320" oya="1" hai0="14,79,76,125,124,5,101,84,131,26,56,10,64" hai1="111,20,104,119,8,59,88,39,96,21,40,97,23" hai2="93,92,24,44,98,45,102,28,16,17,53,132,120" hai3="71,29,112,54,126,95,90,68,49,94,133,86,25"/><U15/><E119/><V51/><F120/><W82/><G112/><T12/><D131/><U122/><E122/><V123/><F123/><W74/><G133/><T62/><D101/><U30/><E111/><V2/><F132/><W13/><G126/><T46/><D26/><U63/><E30/><V113/><F2/><W32/><G13/><T47/><D14/><U72/><E72/><V91/><F113/><W127/><G127/><N who="0" m="48715" /><D84/><U85/><E104/><V83/><F83/><W18/><G18/><T55/><D64/><N who="1" m="39039" /><E39/><V58/><F45/><AGARI ba="0,0" hai="5,10,12,45,46,47,55,56,62,76,79" m="48715" machi="45" ten="30,1000,0" yaku="18,1" doraHai="67" who="0" fromWho="2" sc="179,10,11,0,490,-10,320,0" /><INIT seed="6,0,0,3,0,69" ten="189,11,480,320" oya="2" hai0="102,84,26,5,134,118,110,36,64,45,125,116,79" hai1="30,82,4,29,113,121,106,10,13,87,73,17,99" hai2="88,60,34,63,44,92,120,50,33,101,53,104,2" hai3="128,48,40,31,16,3,109,66,54,6,22,130,98"/><V52/><F120/><W135/><G109/><T35/><D110/><U19/><E73/><V12/><F2/><W20/><G31/><N who="1" m="11786" /><E99/><V85/><F101/><W80/><G66/><T28/><D5/><N who="1" m="3279" /><E106/><V90/><F104/><W41/><G98/><T7/><D7/><U132/><E87/><V62/><F53/><W59/><G22/><T21/><D21/><U78/><E82/><V65/><F12/><W58/><G135/><T74/><D102/><U95/><E78/><V43/><F43/><N who="3" m="16459" /><G6/><T11/><D134/><U9/><E95/><V81/><REACH who="2" step="1"/><F65/><REACH who="2" step="2"/><W123/><G123/><T68/><D64/><U112/><E121/><V57/><F57/><N who="3" m="32967" /><G3/><T14/><D116/><U70/><E132/><V117/><F117/><W24/><G80/><T100/><D118/><U71/><E71/><V115/><F115/><N who="1" m="44105" /><E70/><V18/><F18/><W75/><G58/><T131/><D68/><U127/><E127/><V126/><F126/><W49/><G59/><T96/><D125/><U108/><E108/><V76/><F76/><W103/><G103/><T8/><D79/><U37/><E37/><V114/><F114/><W72/><G49/><T25/><D36/><U93/><E93/><V83/><F83/><W42/><N who="3" m="16467" /><W47/><DORA hai="124" /><G47/><T122/><D100/><U39/><E39/><V0/><F0/><AGARI ba="0,1" hai="0,4,9,17,19" m="44105,3279,11786" machi="0" ten="30,3900,0" yaku="15,1,34,2" doraHai="69,124" who="1" fromWho="2" sc="189,0,11,49,470,-39,320,0" /><INIT seed="7,0,0,0,4,68" ten="189,60,431,320" oya="3" hai0="70,120,99,98,4,40,10,87,96,79,34,76,81" hai1="59,11,38,106,58,57,9,125,83,80,33,51,64" hai2="129,47,128,54,117,123,65,78,25,131,127,94,15" hai3="28,63,26,135,90,45,42,53,55,130,118,43,112"/><W107/><G118/><T91/><D34/><U77/><E33/><V113/><F123/><W74/><G74/><T108/><D70/><U49/><E77/><N who="0" m="29769" /><D40/><U27/><E27/><V105/><F117/><W93/><G107/><T2/><D2/><U13/><E13/><V18/><F105/><W104/><G104/><T60/><D60/><U19/><E19/><V0/><F78/><W8/><G8/><T101/><D4/><U71/><E106/><V67/><F0/><W82/><G82/><N who="0" m="49655" /><D10/><U35/><E59/><V88/><F25/><W122/><G122/><T39/><D39/><U44/><E71/><V116/><F116/><W5/><G5/><T24/><D24/><U36/><E35/><V46/><F127/><W37/><G42/><T16/><D16/><U86/><E86/><N who="2" m="52503" /><F113/><W103/><G63/><T102/><D120/><U72/><E72/><V73/><F73/><W6/><G112/><T17/><D17/><U62/><E62/><V23/><F47/><W109/><G6/><T114/><D114/><U52/><E44/><V84/><F84/><N who="3" m="52423" /><G109/><T132/><D108/><U111/><E111/><V31/><F31/><W14/><G14/><T97/><D132/><U100/><E100/><N who="0" m="38505" /><D99/><U41/><E41/><V85/><F85/><W124/><G135/><T32/><D32/><U29/><E29/><V121/><F121/><W30/><G30/><T56/><D56/><U115/><E115/><V22/><F22/><N who="3" m="15447" /><G103/><T133/><D133/><U21/><E21/><V48/><AGARI ba="0,0" hai="15,18,23,46,48,54,65,67,128,129,131" m="52503" machi="48" ten="40,2700,0" yaku="19,1,54,1" doraHai="68" who="2" fromWho="2" sc="189,-7,60,-7,431,27,320,-13" owari="182,-22,53,-45,458,56,307,11" /></mjloggm>