<mjloggm ver="2.3"><GO type="41"/><UN n0="%E3%82%A6%E3%83%AB%E3%83%88%E3%83%A9%E7%AB%8B%E7%9B%B4" n1="%E3%82%A2%E3%82%B9%E3%82%BF%E3%83%8A" n2="%E6%A1%94%E6%A2%97%E5%B1%8B" n3="%E7%8F%BE%E4%BA%BA%E7%A5%9E%E5%A5%B3%E5%AD%90%E9%AB%98%E7%94%9F%E2%99%AA" dan="15,13,15,14" rate="2002,1890,1991,2052" sx="M,M,M,F"/><TAIKYOKU oya="0"/><INIT seed="0,0,0,2,5,61" ten="250,250,250,250" oya="0" hai0="108,5,118,17,110,131,22,1,16,56,62,86,125" hai1="119,72,20,88,60,106,35,2,63,120,27,126,28" hai2="104,77,66,13,47,98,6,114,134,70,84,48,117" hai3="97,12,57,14,43,123,135,29,95,15,31,89,116"/><T90/><D118/><U132/><E119/><V100/><F117/><W87/><G116/><RYUUKYOKU type="kaze4" ba="0,0" sc="250,0,250,0,250,0,250,0" /><INIT seed="0,1,0,4,0,21" ten="250,250,250,250" oya="0" hai0="0,121,101,96,8,32,43,23,15,95,11,39,94" hai1="116,113,82,77,88,35,56,10,49,131,75,57,84" hai2="90,118,114,111,104,67,120,117,17,132,68,134,100" hai3="107,59,106,86,9,115,78,13,27,24,69,22,76"/><T29/><D121/><U109/><E116/><N who="2" m="44651" /><F120/><W89/><G115/><T41/><D32/><U66/><E35/><V83/><F68/><W7/><G69/><T48/><D39/><U50/><E113/><V42/><F67/><W55/><G106/><T93/><D0/><U52/><E131/><V81/><F42/><W127/><G107/><T80/><D80/><N who="2" m="30794" /><F114/><W92/><G127/><T3/><D3/><U12/><E109/><V28/><F28/><W135/><G135/><N who="2" m="51753" /><F111/><W99/><G86/><T60/><D60/><U6/><E66/><V71/><F71/><W53/><G53/><T16/><D11/><U72/><REACH who="1" step="1"/><E77/><REACH who="1" step="2"/><N who="3" m="29802" /><G22/><T74/><D23/><U38/><E38/><V61/><F17/><W1/><G1/><T45/><D29/><U130/><E130/><V62/><F90/><W4/><G4/><T2/><D2/><U133/><E133/><V63/><F104/><W128/><G128/><T70/><D70/><U20/><E20/><V40/><F40/><W108/><G108/><T44/><D43/><U30/><E30/><V87/><F100/><W25/><G25/><T51/><D41/><U36/><E36/><V37/><F37/><W126/><G126/><T97/><D101/><U119/><E119/><V58/><F58/><W33/><G33/><T46/><D46/><U19/><E19/><V47/><F47/><W103/><G103/><T85/><D45/><U124/><E124/><V34/><F34/><W122/><G122/><T125/><D44/><U31/><E31/><V102/><F102/><W64/><G64/><T105/><D125/><U129/><E129/><RYUUKYOKU ba="1,1" sc="250,-30,240,10,250,10,250,10" hai1="6,10,12,49,50,52,56,57,72,75,82,84,88" hai2="61,62,63,87" hai3="7,9,13,24,27,55,59,89,92,99" /><INIT seed="1,2,1,5,3,44" ten="220,250,260,260" oya="1" hai0="65,135,66,11,128,81,52,123,126,29,67,98,17" hai1="30,43,39,33,82,41,28,73,0,114,8,35,6" hai2="79,54,87,84,2,101,88,9,115,46,3,83,100" hai3="125,89,108,38,63,78,85,48,109,70,107,32,69"/><U1/><E114/><V131/><F131/><W106/><G32/><T121/><D128/><U51/><E41/><V111/><F115/><W5/><G38/><T19/><D29/><U4/><E39/><V116/><F111/><N who="3" m="42571" /><G78/><T25/><D126/><U95/><E95/><V96/><F116/><W50/><G125/><T47/><D135/><U61/><E61/><V75/><F9/><W90/><G5/><T105/><D81/><U62/><E62/><V120/><F120/><N who="0" m="46154" /><D25/><U130/><E130/><V97/><F3/><W24/><G24/><T18/><D11/><N who="1" m="2439" /><E51/><N who="3" m="19498" /><G90/><T59/><D47/><U23/><E73/><V40/><F2/><W56/><G56/><T129/><D129/><U71/><E71/><N who="3" m="27146" /><G63/><N who="0" m="36327" /><D65/><U20/><E35/><V104/><F46/><W7/><G7/><T102/><AGARI ba="2,1" hai="17,18,19,66,67,98,102,105" m="36327,46154" machi="102" ten="40,2700,0" yaku="13,1,54,1" doraHai="44" who="0" fromWho="0" sc="220,43,250,-15,260,-9,260,-9" /><INIT seed="2,0,0,3,2,94" ten="263,235,251,251" oya="2" hai0="2,39,51,98,43,126,83,121,61,90,3,27,63" hai1="122,0,71,45,112,129,37,124,93,91,95,35,125" hai2="19,67,73,81,135,75,88,31,46,21,26,128,22" hai3="103,82,100,53,29,116,69,74,102,58,48,5,117"/><V12/><F128/><W76/><G69/><T108/><D39/><U134/><E93/><V89/><F135/><W52/><G5/><T111/><D121/><U96/><E45/><V92/><F67/><W18/><G29/><T131/><D83/><U115/><E91/><V113/><F113/><W64/><G64/><T57/><D27/><U59/><E115/><V8/><F46/><W68/><G68/><T44/><D131/><U84/><E96/><V32/><F32/><W65/><G65/><N who="0" m="39087" /><D63/><U62/><E62/><V25/><F81/><W17/><REACH who="3" step="1"/><G53/><REACH who="3" step="2"/><T123/><D3/><U107/><E124/><V119/><F119/><AGARI ba="0,1" hai="17,18,48,52,58,74,76,82,100,102,103,116,117,119" machi="119" ten="40,8000,1" yaku="1,1,2,1,54,1,53,1" doraHai="94" doraHaiUra="55" who="3" fromWho="2" sc="263,0,235,0,251,-80,241,90" /><INIT seed="3,0,0,0,0,10" ten="263,235,171,331" oya="3" hai0="75,52,129,88,37,79,14,41,123,68,34,8,2" hai1="74,24,103,99,125,50,20,132,55,64,108,61,26" hai2="11,120,121,67,33,111,22,54,0,36,12,70,4" hai3="73,82,56,5,69,1,47,102,85,32,63,29,87"/><W38/><G69/><T95/><D34/><U107/><E108/><V116/><F111/><W115/><G115/><T122/><D68/><U60/><E125/><V94/><F116/><W78/><G102/><T3/><D41/><U109/><E109/><V23/><F36/><W77/><G77/><T114/><D37/><U30/><E132/><V16/><F33/><W48/><G29/><T76/><D114/><U81/><E74/><V89/><F54/><W65/><G32/><T90/><D8/><U49/><E81/><V119/><F119/><W43/><G48/><T27/><D95/><U39/><E39/><V35/><F35/><W18/><REACH who="3" step="1"/><G18/><REACH who="3" step="2"/><T135/><D79/><U113/><E113/><V131/><F70/><W66/><G66/><T17/><D76/><U97/><E64/><V7/><F67/><W117/><G117/><T19/><D17/><U40/><E30/><V53/><F16/><W15/><G15/><T58/><D19/><U84/><E103/><V31/><F12/><W6/><G6/><T104/><D14/><U92/><E50/><V51/><F7/><W62/><G62/><T128/><D3/><U130/><E49/><V25/><F0/><W42/><G42/><T98/><D2/><U72/><E40/><V59/><F4/><W46/><G46/><T133/><D58/><U44/><E44/><V127/><F59/><W96/><G96/><T112/><D112/><U83/><E99/><V101/><F51/><W93/><G93/><T106/><D98/><U86/><E97/><V21/><F94/><W118/><G118/><T9/><D133/><RYUUKYOKU ba="0,1" sc="263,-10,235,-10,171,-10,321,30" hai3="1,5,38,43,47,56,63,65,73,78,82,85,87" /><INIT seed="3,1,1,2,4,22" ten="253,225,161,351" oya="3" hai0="19,129,111,58,133,18,27,103,107,34,6,128,62" hai1="21,93,135,80,125,77,123,37,57,131,99,76,118" hai2="45,33,30,44,7,17,31,110,108,82,88,66,54" hai3="73,65,109,74,101,84,12,14,28,15,113,130,36"/><W35/><G113/><T60/><D103/><U29/><E37/><V1/><F66/><W39/><G65/><T47/><D107/><U134/><E123/><V119/><F119/><W49/><G101/><T92/><D92/><U124/><E118/><V97/><F1/><W11/><G11/><T40/><D6/><U25/><E57/><V78/><F7/><W122/><G122/><T114/><D114/><U26/><E80/><V94/><F17/><N who="0" m="6154" /><D58/><U52/><E52/><V68/><F68/><W3/><G3/><T59/><D59/><U43/><E43/><V8/><F8/><W89/><G49/><N who="0" m="26855" /><D111/><N who="2" m="42538" /><F54/><W55/><G55/><T63/><D133/><U50/><E50/><V2/><F2/><W87/><G109/><T83/><D83/><U115/><E115/><V20/><F33/><W120/><G35/><T48/><D48/><U106/><E106/><V90/><F90/><W24/><G36/><T23/><D34/><U70/><E70/><V51/><F20/><N who="3" m="15367" /><G39/><T42/><D42/><U41/><E41/><N who="2" m="25007" /><F44/><W132/><G120/><T75/><D63/><U121/><E121/><V98/><F98/><W38/><G38/><T16/><D62/><U96/><E131/><N who="0" m="50249" /><D60/><U85/><E85/><AGARI ba="1,1" hai="30,31,78,82,85,88,94,97" m="25007,42538" machi="85" ten="30,2000,0" yaku="14,1,54,1" doraHai="22" who="2" fromWho="1" sc="253,0,225,-23,161,33,351,0" /><INIT seed="4,0,0,3,3,76" ten="253,202,194,351" oya="0" hai0="28,116,2,91,74,103,128,92,40,129,88,93,95" hai1="8,86,127,16,102,49,124,82,100,58,20,132,120" hai2="46,47,0,7,96,83,13,131,14,73,6,78,64" hai3="42,45,114,54,51,110,134,33,9,55,79,111,108"/><T61/><D2/><U112/><E120/><V26/><F131/><N who="0" m="50250" /><D40/><U31/><E132/><V99/><F26/><W69/><G33/><T113/><D28/><U48/><E31/><V38/><F64/><W117/><G9/><T35/><D35/><U89/><E8/><N who="2" m="2119" /><F7/><W12/><G12/><N who="2" m="4713" /><F47/><W59/><G114/><T77/><D61/><U24/><E112/><V43/><AGARI ba="0,0" hai="38,43,46,73,78,83,96,99" m="4713,2119" machi="43" ten="30,2000,0" yaku="25,1,52,1" doraHai="76" who="2" fromWho="2" sc="253,-10,202,-5,194,20,351,-5" /><INIT seed="5,0,0,1,1,104" ten="243,197,214,346" oya="1" hai0="48,13,109,39,59,112,8,50,79,86,53,45,28" hai1="52,74,26,114,125,2,62,135,127,123,132,0,78" hai2="49,80,4,115,11,108,58,133,30,24,100,12,120" hai3="107,126,122,54,47,41,1,131,134,81,16,117,25"/><U84/><E123/><V102/><F108/><W31/><G122/><T43/><D109/><U92/><E114/><V70/><F70/><W68/><G1/><T77/><D112/><U106/><E106/><V36/><F120/><W75/><G107/><T113/><D113/><U57/><E26/><V37/><F115/><W33/><G68/><T116/><D116/><U65/><E65/><V15/><F133/><N who="1" m="51273" /><E92/><V34/><F80/><W44/><G134/><T129/><D129/><U99/><E99/><V5/><F37/><W29/><G131/><T72/><D28/><U38/><E38/><V97/><F36/><W82/><G117/><T3/><D86/><U90/><E90/><V66/><F97/><W119/><G119/><T55/><D79/><U9/><E84/><V103/><F66/><W18/><G29/><T121/><D121/><U10/><E10/><V14/><REACH who="2" step="1"/><F11/><REACH who="2" step="2"/><W23/><G81/><T95/><D39/><U85/><E9/><V42/><F42/><W56/><G82/><T110/><D110/><U40/><E40/><V91/><F91/><W20/><G41/><T27/><D43/><U93/><E93/><V124/><F124/><N who="1" m="47689" /><E85/><V69/><F69/><W61/><G126/><T63/><D95/><U89/><E89/><V118/><F118/><W7/><G33/><T21/><D3/><U96/><E96/><V60/><F60/><W64/><G61/><T83/><D63/><U101/><E101/><V76/><F76/><W71/><G64/><T87/><D87/><U17/><E17/><V130/><F130/><W67/><G18/><N who="0" m="12727" /><D8/><U19/><E19/><RYUUKYOKU ba="0,1" sc="243,10,197,10,204,10,346,-30" hai0="13,45,48,50,53,55,59,72,77,83" hai1="0,2,52,57,62,74,78" hai2="4,5,12,14,15,24,30,34,49,58,100,102,103" /><INIT seed="5,1,1,5,5,73" ten="253,207,214,316" oya="1" hai0="6,9,65,82,41,113,47,29,30,91,55,34,127" hai1="70,42,107,76,97,68,11,2,28,8,38,17,119" hai2="75,132,18,103,85,51,90,74,69,112,135,89,120" hai3="126,58,110,21,96,43,111,92,61,106,50,67,27"/><U24/><E119/><V60/><F120/><W7/><G106/><T45/><D65/><U128/><E11/><V125/><F125/><W78/><G126/><T35/><D127/><U100/><E128/><V86/><F51/><W12/><G110/><T105/><D105/><U56/><E56/><V129/><F129/><W54/><G111/><T44/><D113/><U80/><E17/><V72/><F112/><W116/><G116/><T121/><D121/><U36/><E24/><V71/><F18/><W108/><G108/><T15/><D41/><U23/><E23/><V0/><F103/><W104/><G104/><T22/><D22/><U20/><E20/><V39/><F39/><W31/><G43/><T48/><D35/><U59/><E59/><V37/><F37/><N who="1" m="14441" /><E28/><N who="0" m="10857" /><D34/><U1/><E42/><V26/><F0/><N who="1" m="105" /><E8/><V5/><F5/><W81/><G12/><T130/><D130/><U131/><E131/><V25/><F75/><AGARI ba="1,1" hai="68,70,75,76,80,97,100,107" m="105,14441" machi="75" ten="30,5800,0" yaku="33,2,52,1" doraHai="73" who="1" fromWho="2" sc="253,0,207,71,214,-61,316,0" /><INIT seed="5,2,0,1,1,89" ten="253,278,153,316" oya="1" hai0="42,79,70,4,32,7,6,116,22,73,26,39,48" hai1="112,69,11,92,43,128,13,119,55,78,20,5,110" hai2="9,111,129,46,131,23,10,77,90,12,106,49,16" hai3="51,18,121,82,67,1,102,50,68,21,100,62,108"/><U127/><E119/><V125/><F106/><W74/><G108/><T97/><D70/><U17/><E69/><V24/><F111/><W101/><G1/><T8/><D116/><U0/><E110/><V114/><F77/><W124/><G121/><T34/><D48/><U117/><E117/><V96/><F125/><W61/><G124/><T71/><D71/><U28/><E127/><V134/><F134/><W81/><G74/><T118/><D118/><U35/><E112/><V27/><F114/><W93/><G93/><T3/><D97/><U56/><E128/><N who="2" m="49227" /><F46/><W126/><G126/><T53/><D53/><U59/><E78/><V63/><F49/><N who="3" m="18443" /><G68/><T135/><D135/><U133/><E133/><V52/><F27/><W33/><G33/><T105/><D105/><U14/><E43/><V30/><F96/><W86/><G67/><T37/><D34/><U65/><E65/><V40/><F40/><W36/><G36/><T109/><D32/><U60/><E56/><N who="2" m="35207" /><F90/><N who="3" m="51535" /><G62/><T75/><D39/><U98/><E35/><AGARI ba="2,0" hai="9,10,12,16,23,24,30,35" m="35207,49227" machi="35" ten="30,3900,0" yaku="19,1,54,2" doraHai="89" who="2" fromWho="1" sc="253,0,278,-45,153,45,316,0" /><INIT seed="6,0,0,0,0,55" ten="253,233,198,316" oya="2" hai0="117,124,22,91,10,125,49,86,29,45,62,90,13" hai1="73,85,30,46,20,88,100,131,39,118,98,102,97" hai2="53,130,109,72,44,54,24,25,66,112,27,107,121" hai3="3,35,8,82,76,18,38,0,116,31,56,51,84"/><V93/><F107/><W75/><G116/><T134/><D117/><U114/><E118/><V43/><F121/><W19/><G38/><T64/><D134/><U115/><E39/><V37/><F112/><N who="1" m="43049" /><E46/><V36/><F72/><W67/><G75/><T68/><D22/><U106/><E30/><V99/><F130/><W2/><G8/><T65/><D29/><U57/><E20/><V111/><F66/><W71/><G71/><T58/><D65/><U81/><E73/><V135/><F37/><W33/><G51/><T92/><D91/><U34/><E34/><V126/><F126/><W79/><G79/><T23/><D23/><U1/><E1/><V12/><F12/><W42/><G42/><T94/><D94/><N who="1" m="58711" /><E57/><V26/><N who="2" m="6144" /><DORA hai="5" /><V122/><F135/><W15/><G15/><T123/><D123/><U132/><E132/><V120/><F122/><W103/><G31/><T83/><D68/><U14/><E14/><V80/><F80/><W61/><REACH who="3" step="1"/><G103/><REACH who="3" step="2"/><T78/><D124/><U74/><E74/><V127/><F127/><W48/><G48/><T95/><D125/><U47/><E47/><V105/><F120/><W6/><G6/><N who="0" m="3287" /><D78/><U77/><E131/><V60/><F36/><W40/><G40/><AGARI ba="0,1" hai="40,45,49,58,62,64,83,86,90,92,95" m="3287" machi="40" ten="30,3900,0" yaku="8,1,52,2" doraHai="55,5" who="0" fromWho="3" sc="253,49,233,0,198,0,306,-39" /><INIT seed="7,0,0,4,4,70" ten="302,233,198,267" oya="3" hai0="72,95,56,14,19,87,76,52,21,128,88,94,33" hai1="120,127,93,97,50,82,20,1,22,38,44,5,13" hai2="119,86,9,79,98,12,35,100,81,92,4,46,47" hai3="104,74,26,65,45,32,68,11,114,129,61,135,57"/><W28/><G74/><T130/><D33/><U106/><E120/><V96/><F119/><W2/><G57/><T30/><D30/><U0/><E106/><V73/><F35/><W123/><G123/><T8/><D72/><U25/><E38/><V55/><F73/><W122/><G122/><T24/><D76/><U83/><E0/><V89/><REACH who="2" step="1"/><F55/><REACH who="2" step="2"/><W43/><G32/><T110/><D110/><U113/><E113/><V133/><F133/><W117/><G135/><T36/><D128/><U48/><E127/><V108/><F108/><W101/><G129/><T107/><D130/><U99/><E1/><V7/><F7/><N who="3" m="1527" /><G117/><T69/><D52/><U84/><E5/><V3/><F3/><W90/><G114/><T17/><D69/><U124/><E124/><V112/><F112/><W67/><G68/><T34/><D34/><U118/><E118/><V91/><F91/><W16/><G90/><T102/><D88/><U6/><E6/><V85/><F85/><W71/><G71/><T125/><D87/><U77/><E84/><V115/><F115/><W126/><G126/><T49/><D125/><U53/><E53/><V103/><F103/><W40/><G101/><T29/><D102/><U131/><E131/><V111/><F111/><W51/><G65/><T37/><D107/><AGARI ba="0,1" hai="4,9,12,46,47,79,81,86,89,92,96,98,100,107" machi="107" ten="30,2000,0" yaku="1,1,7,1,53,0" doraHai="70" doraHaiUra="63" who="2" fromWho="0" sc="302,-20,233,0,188,30,267,0" /><INIT seed="8,0,0,0,5,81" ten="282,233,218,267" oya="0" hai0="114,16,77,71,68,83,121,49,44,54,63,3,65" hai1="132,124,57,34,26,20,70,73,119,118,28,87,75" hai2="48,33,37,112,10,92,67,115,38,109,29,117,111" hai3="125,82,131,47,105,120,46,122,25,58,12,43,128"/><T22/><D3/><U14/><E70/><V93/><F10/><W50/><G105/><T110/><D121/><N who="3" m="46697" /><G25/><T91/><D114/><N who="2" m="43562" /><F29/><W123/><N who="3" m="46705" /><W72/><DORA hai="51" /><G12/><T130/><D130/><N who="3" m="49705" /><G72/><T103/><D103/><U17/><E124/><V80/><F33/><W94/><G82/><T24/><D91/><U6/><E132/><V4/><F4/><W106/><G106/><T55/><D110/><N who="2" m="41994" /><F80/><W78/><G78/><T108/><D108/><U101/><E101/><V99/><F99/><W102/><G125/><T69/><D83/><U41/><E41/><V86/><F86/><W0/><G0/><T15/><D77/><U8/><E57/><V53/><F67/><W31/><G31/><T64/><D24/><U66/><E66/><V19/><F19/><W11/><G11/><T7/><D7/><U1/><REACH who="1" step="1"/><E87/><REACH who="1" step="2"/><V133/><F133/><W27/><G58/><N who="0" m="35287" /><D69/><U126/><E126/><V21/><F37/><W89/><G102/><T56/><D68/><U18/><E18/><V107/><F38/><W85/><G47/><T5/><D71/><U36/><E36/><V127/><F127/><W98/><G98/><T134/><D134/><U95/><E95/><N who="2" m="36427" /><F107/><W2/><G94/><T116/><D5/><U90/><E90/><V97/><F97/><W60/><G89/><T76/><D76/><U96/><E96/><V104/><F104/><W88/><G88/><T79/><D79/><U13/><E13/><V42/><F42/><W30/><G2/><T52/><D65/><U62/><E62/><V84/><F84/><W113/><G85/><T32/><D64/><RYUUKYOKU ba="0,1" sc="282,-10,223,30,218,-10,267,-10" hai1="1,6,8,14,17,20,26,28,34,73,75,118,119" /><INIT seed="9,1,1,0,3,127" ten="272,253,208,257" oya="1" hai0="80,124,129,94,45,52,65,69,51,110,126,113,62" hai1="59,81,82,134,54,1,133,10,7,42,20,89,92" hai2="121,46,112,109,9,132,3,102,104,108,50,78,30" hai3="96,61,71,44,73,83,99,36,85,107,88,11,115"/><U29/><E42/><V23/><F121/><W26/><G115/><T41/><D110/><N who="2" m="42602" /><F50/><W57/><G71/><T114/><D129/><U103/><E103/><V77/><F102/><W28/><G107/><T55/><D94/><U106/><E106/><V111/><N who="2" m="42610" /><V37/><DORA hai="63" /><F104/><W75/><G75/><T105/><D80/><U5/><E5/><N who="2" m="1215" /><F78/><W84/><G73/><T76/><D76/><U66/><E20/><V25/><F77/><W32/><G11/><T40/><D105/><U93/><E29/><V39/><F46/><W4/><G4/><T24/><D24/><U0/><E0/><V49/><F49/><W38/><G84/><T97/><D97/><N who="1" m="57487" /><E93/><V87/><F87/><W130/><G130/><T122/><D122/><U58/><E58/><V47/><F112/><N who="0" m="43114" /><D41/><U2/><E2/><V64/><F64/><W100/><G100/><T131/><D131/><U90/><E90/><V13/><F39/><W21/><G32/><T91/><D91/><U8/><E8/><V95/><F95/><W98/><REACH who="3" step="1"/><G44/><REACH who="3" step="2"/><T34/><D34/><U15/><E10/><V31/><F47/><W12/><G12/><T116/><D116/><U35/><E15/><V68/><F68/><W120/><G120/><T117/><D117/><U43/><E35/><N who="2" m="20943" /><F37/><W60/><G60/><T56/><D69/><U33/><E59/><V67/><F13/><W19/><G19/><T123/><D123/><U16/><E1/><V18/><F18/><W70/><G70/><T79/><D124/><U101/><E101/><V17/><F17/><W6/><G6/><T48/><D126/><RYUUKYOKU ba="1,2" sc="272,-10,253,-10,208,-10,247,30" hai3="21,26,28,36,38,57,61,83,85,88,96,98,99" /><INIT seed="10,2,2,3,1,26" ten="262,243,198,277" oya="2" hai0="44,16,125,61,82,0,3,70,31,96,23,14,119" hai1="121,120,56,91,30,54,15,55,116,88,117,4,21" hai2="40,107,36,10,101,17,7,85,12,32,111,74,133" hai3="66,62,127,35,93,49,67,19,105,41,11,94,118"/><V99/><F133/><W129/><G118/><N who="1" m="45674" /><E4/><V65/><F111/><W22/><G105/><T87/><D119/><U83/><E55/><V58/><F74/><W51/><G35/><T48/><D31/><U42/><E42/><V98/><F99/><W112/><G112/><T39/><D39/><U90/><E83/><V79/><F32/><W5/><G129/><T84/><D84/><U38/><E38/><V50/><F36/><W100/><G127/><T132/><D125/><U86/><E86/><V126/><F126/><W20/><G20/><T81/><D132/><U8/><E21/><V134/><F134/><W68/><G67/><T37/><D37/><U77/><E77/><V103/><F103/><W1/><G100/><T92/><D61/><N who="1" m="35991" /><E30/><V131/><F131/><W25/><REACH who="3" step="1"/><G51/><REACH who="3" step="2"/><T76/><D23/><U78/><E121/><V113/><F113/><W53/><G53/><T95/><D48/><U2/><E120/><V43/><F65/><W109/><G109/><T52/><D52/><U130/><E130/><V97/><F107/><W115/><G115/><T47/><D47/><AGARI ba="2,3" hai="1,5,11,19,22,25,41,47,49,62,66,68,93,94" machi="47" ten="40,1300,0" yaku="1,1,53,0" doraHai="26" doraHaiUra="124" who="3" fromWho="0" sc="262,-19,243,0,198,0,267,49" owari="243,4,243,-16,198,-30,316,42" /></mjloggm>