<mjloggm ver="2.3"><GO type="97"/><UN n0="%79%61%73%79%6F%6B%75" n1="%E3%81%B4%E3%81%AE%E3%81%97" n2="%E3%82%A6%E3%83%AB%E3%83%88%E3%83%A9%E7%AB%8B%E7%9B%B4" n3="%46%65%64%23%36%38" dan="14,13,13,13" rate="1922,1875,1815,1864" sx="M,M,M,M"/><TAIKYOKU oya="0"/><INIT seed="0,0,0,1,5,70" ten="250,250,250,250" oya="0" hai0="9,72,98,81,95,93,22,105,15,63,125,124,57" hai1="107,132,0,47,68,74,58,39,48,19,35,94,129" hai2="52,82,91,128,44,130,26,73,69,17,49,92,46" hai3="71,45,53,36,10,40,110,51,117,34,29,88,2" shuffle="mt19937ar,8F77BCF9,AD6ABEB1,742B1E1A,B35BE980,4AD2276B,A252BBA0,03821296,5BEAB129,8E1165E2,B16E4ABB,5C5AFB32,EB500A5E,177D188B,173C1EEA,D710349D,4C66AF5A,E2974C0E,7C4F4099,277E8124,6508EB05,84DD483B,031ED759,D3B50205,327123F2,D2B8152B,B889E0FD,28888938,A0033BC7,872561E4,92A372FB,7B3135EB,3FA16877"/><T118/><D118/><U84/><E68/><V14/><F69/><W112/><G117/><T38/><D105/><U54/><E107/><V116/><F26/><W86/><G112/><T104/><D104/><U21/><E35/><V56/><F116/><W16/><G71/><T5/><D22/><U13/><E74/><V108/><F82/><W90/><G110/><T120/><D120/><U37/><E132/><V77/><F77/><W102/><G102/><T11/><D11/><U65/><E0/><V30/><F30/><W28/><G34/><T18/><D5/><U87/><E129/><N who="2" m="49771" /><F73/><W78/><G78/><N who="0" m="44231" /><D98/><U85/><REACH who="1" step="1"/><E94/><REACH who="1" step="2"/><V101/><F108/><W7/><G2/><T24/><D95/><U106/><E106/><V97/><F101/><W75/><G75/><T50/><D93/><U64/><E64/><V20/><AGARI ba="0,1" hai="14,17,20,44,46,49,52,56,91,92,97" m="49771" machi="20" ten="30,2000,0" yaku="19,1,54,1" doraHai="70" who="2" fromWho="2" sc="250,-10,240,-5,250,30,250,-5" /><INIT seed="1,0,0,5,2,39" ten="240,235,280,245" oya="1" hai0="46,103,71,5,126,89,84,17,117,77,128,54,47" hai1="107,63,104,125,91,34,30,106,2,105,130,45,93" hai2="133,62,37,127,50,112,16,131,1,25,134,60,80" hai3="98,110,116,75,111,26,28,87,48,41,78,114,49" shuffle="mt19937ar,EDB0CA9A,B275BEC4,BC200820,E855BF00,49CAEFD9,2437BAFA,06C8C105,58175E76,3977EFA8,856F79EB,CB4470A0,9F9D3BC4,ABC408D7,59EC7170,C810ECD6,2068498B,293CB62A,FA55E1B7,C362AF0F,2F79B1C1,3F8E008E,0EF30CA8,A73D06BE,64605870,E85FC7EA,D9114338,8D5F3518,63F8E926,40C7F6D7,BBEAB267,E5D626D7,29DED4CE"/><U74/><E2/><V27/><F1/><W8/><G116/><T67/><D117/><U29/><E125/><V73/><F37/><W70/><G114/><T69/><D126/><U115/><E115/><V42/><F80/><N who="3" m="45151" /><G70/><T9/><D77/><U4/><E130/><V66/><F73/><W32/><G87/><T79/><D79/><U53/><E74/><V120/><F120/><W33/><G98/><T123/><D128/><U6/><E30/><V100/><F100/><W96/><G96/><T68/><D67/><U58/><N who="1" m="27136" /><DORA hai="64" /><U132/><E132/><N who="2" m="50795" /><F131/><W7/><G33/><T31/><D31/><U12/><E45/><N who="2" m="25911" /><F127/><W13/><G41/><T99/><D17/><U118/><E118/><V85/><F85/><W101/><G101/><T10/><D54/><U36/><E36/><V43/><F43/><W135/><G135/><T18/><D18/><U51/><E63/><V21/><F112/><W97/><G97/><T124/><D124/><U119/><E119/><V38/><F38/><W129/><G129/><T3/><D10/><U108/><E108/><AGARI ba="0,0" hai="7,8,13,26,28,32,48,49,108,110,111" m="45151" machi="108" ten="30,1000,0" yaku="14,1" doraHai="39,64" who="3" fromWho="1" sc="240,0,235,-10,280,0,245,10" /><INIT seed="2,0,0,5,1,32" ten="240,225,280,255" oya="2" hai0="62,103,4,17,71,1,131,118,106,51,6,13,27" hai1="113,94,99,97,91,82,88,128,79,45,60,33,80" hai2="121,0,119,29,52,23,58,111,89,28,65,120,31" hai3="98,110,44,87,132,61,115,127,39,76,67,68,73" shuffle="mt19937ar,7BCC6050,371FC87B,391D04FF,5EECFF5D,1D363380,983622FB,0CECBE10,AD1A4889,A2BDAAED,6BC87F9A,0C1E24AB,B9101869,3A910532,83E158ED,E62986F7,41EE8A9B,F5AB5A18,6872CD27,A55209E7,62413BD9,56113D9A,4ED6B827,05DFB239,59BAF10E,27AB8CEB,37CAB307,36244F3C,CAA7773D,85C2E67C,BC953346,F53C5FB7,C8BE0831"/><V20/><F65/><W25/><G110/><T9/><D6/><U56/><E33/><V75/><F75/><W8/><G87/><T22/><D118/><U10/><E113/><V24/><F0/><W35/><G115/><T116/><D116/><U48/><E10/><V43/><F43/><W92/><G132/><T19/><D131/><U42/><E128/><V30/><F119/><W102/><G127/><T12/><D51/><U18/><E18/><V36/><F36/><W126/><G126/><T74/><D74/><U14/><E14/><V64/><F64/><W59/><G8/><T16/><D71/><U63/><E60/><V53/><F111/><W123/><G73/><T7/><D62/><U117/><E117/><V124/><F124/><W41/><G76/><T135/><D103/><U122/><E122/><V86/><F23/><W38/><G123/><T3/><D106/><U72/><E72/><V107/><F107/><W49/><REACH who="3" step="1"/><G68/><REACH who="3" step="2"/><T130/><D135/><U47/><E79/><V55/><F120/><W114/><G114/><T112/><D112/><U134/><E134/><V104/><F121/><W15/><G15/><T101/><D130/><U108/><E108/><V109/><F109/><W5/><G5/><T93/><D3/><U85/><E85/><V96/><F96/><W129/><G129/><T37/><D7/><U105/><E105/><V21/><F104/><W70/><G70/><T81/><D4/><U46/><E42/><V26/><F58/><W34/><G34/><T2/><D1/><U69/><E69/><V90/><F86/><W11/><G11/><RYUUKYOKU ba="0,1" sc="240,-15,225,-15,280,15,245,15" hai2="20,21,24,26,28,29,30,31,52,53,55,89,90" hai3="25,35,38,39,41,44,49,59,61,67,92,98,102" /><INIT seed="2,1,1,1,1,48" ten="225,210,295,260" oya="2" hai0="127,46,49,47,68,123,41,58,89,5,106,81,87" hai1="86,100,69,40,108,10,61,76,36,54,2,3,82" hai2="124,135,24,23,132,122,91,7,32,67,52,80,64" hai3="14,115,50,116,104,45,31,94,18,56,105,107,113" shuffle="mt19937ar,E2330C85,9AACF263,CAAC452D,FB45E05D,70585A3B,331BC5CC,DEDF497F,CD435F45,DCF9C678,6E31E31A,B6E0DDAD,727DF240,336A2F71,2E014295,8FCEF186,6A913958,B8731D9C,F7F11E4A,CCC6B853,5D73540A,C5C49A1C,6532B14C,F8FD334E,22747AB8,0C2DB369,D16AC46C,A736637A,C73DE528,93468209,95244143,5D1E5FF7,7ACEE891"/><V83/><F32/><W28/><G116/><T59/><D123/><U33/><E100/><V70/><F7/><W42/><G56/><T21/><D106/><U112/><E112/><N who="3" m="43082" /><G94/><T130/><D68/><U85/><E33/><V30/><F122/><W103/><G103/><T53/><D130/><U134/><E134/><N who="2" m="51243" /><F70/><W120/><G120/><T109/><D127/><U37/><E36/><V96/><F124/><W11/><AGARI ba="1,1" hai="11,14,18,28,31,42,45,50,104,105,107" m="43082" machi="11" ten="40,1500,0" yaku="11,1" doraHai="48" who="3" fromWho="3" sc="225,-5,210,-5,295,-8,260,28" /><INIT seed="3,0,0,4,0,1" ten="220,205,287,288" oya="3" hai0="49,26,67,121,133,78,69,114,0,123,113,75,84" hai1="68,97,48,29,63,20,7,61,93,90,24,4,35" hai2="96,25,5,125,37,21,45,88,128,106,95,59,126" hai3="104,130,122,101,80,62,60,71,14,2,135,82,54" shuffle="mt19937ar,1ECEA529,520D3577,8C0FF630,025A57B3,BC3439C4,6495658D,2B8EDF42,47665C3E,07104FC6,D0CE8AE2,FC8FF833,59C424EC,BBF7D753,0EBD0EEC,BD4AE1DE,5916D880,DDAC3A60,D3A1DC2D,77074133,AD80CBC2,FD69DFA2,7B8A81D0,C59A5D17,87DF0E4E,35D762C7,C6B44568,6EDC70A6,84671CA1,2548BC18,C5759CD3,5092769F,C825B610"/><W41/><G122/><N who="0" m="46603" /><D0/><U70/><E35/><V33/><F33/><W56/><G2/><T8/><D75/><U27/><E24/><V83/><F5/><W91/><G41/><T99/><D133/><U64/><REACH who="1" step="1"/><E48/><REACH who="1" step="2"/><V89/><F25/><W132/><G135/><T129/><D49/><U28/><E28/><V10/><F125/><W118/><G132/><T34/><D34/><U112/><E112/><V111/><F126/><W107/><G62/><T6/><D114/><U46/><E46/><V38/><F45/><W39/><G60/><T117/><D113/><U11/><E11/><V116/><F10/><W40/><G39/><T76/><D8/><U110/><E110/><V103/><F111/><W53/><G118/><T85/><D6/><U134/><E134/><V81/><F116/><W55/><G130/><T57/><D117/><U22/><E22/><V102/><F21/><W66/><G14/><T47/><D129/><U94/><E94/><V3/><F3/><W124/><G124/><T79/><D47/><U50/><E50/><V98/><F128/><W15/><G15/><T73/><D26/><U77/><E77/><V131/><F131/><W18/><G107/><T12/><D79/><U16/><E16/><V19/><F19/><W108/><G104/><T31/><D12/><U119/><E119/><V23/><F23/><W74/><G18/><T36/><D78/><U120/><E120/><V87/><F38/><W9/><G108/><T30/><D76/><U43/><E43/><V58/><F37/><W44/><G40/><T65/><D36/><U92/><E92/><RYUUKYOKU ba="0,1" sc="220,-15,195,15,287,15,288,-15" hai1="4,7,20,27,29,61,63,64,68,70,90,93,97" hai2="58,59,81,83,87,88,89,95,96,98,102,103,106" owari="205,-19,210,-14,312,31,273,2" /></mjloggm>