<mjloggm ver="2.3"><GO type="97"/><UN n0="%E3%82%A6%E3%83%AB%E3%83%88%E3%83%A9%E7%AB%8B%E7%9B%B4" n1="%E6%9E%97%E7%94%B0%E3%81%95%E3%82%93" n2="%E3%81%82%E3%81%9F%E3%82%89%E3%82%93%E3%81%A8%E3%81%84%E3%81%A6" n3="%66%6C%79%64" dan="13,13,14,15" rate="1829,1874,1882,1967" sx="M,M,M,M"/><TAIKYOKU oya="0"/><INIT seed="0,0,0,5,5,1" ten="250,250,250,250" oya="0" hai0="50,51,74,106,127,3,34,94,41,48,128,54,134" hai1="124,59,2,42,45,72,6,80,89,24,36,105,76" hai2="47,98,114,4,23,37,104,11,75,110,16,43,108" hai3="92,52,8,130,121,122,62,117,69,67,73,112,66" shuffle="mt19937ar,66AC377A,9829426F,30E14D9F,213BBDC6,37629F1F,BCB86EE0,87E82AC9,99357801"/><T88/><D34/><U57/><E124/><V33/><F114/><W30/><G112/><T13/><D106/><U53/><E105/><V123/><F123/><N who="3" m="47115" /><G73/><T58/><D74/><U49/><E24/><V10/><F75/><W99/><G117/><T22/><D3/><U119/><E119/><V100/><F33/><W97/><G130/><T86/><D128/><U25/><E25/><V79/><F79/><W126/><G30/><T27/><D127/><U132/><E132/><V44/><F44/><W40/><G126/><T65/><D65/><U55/><E89/><V96/><F96/><N who="3" m="36939" /><G92/><T29/><D134/><U111/><E111/><V82/><F82/><W77/><G77/><T116/><D116/><U0/><REACH who="1" step="1"/><E6/><REACH who="1" step="2"/><V87/><F108/><W135/><G135/><T56/><D13/><U18/><E18/><V19/><F110/><W91/><G91/><T81/><D81/><U64/><E64/><V102/><F104/><W84/><G84/><T26/><D26/><U14/><E14/><V68/><F87/><W103/><G103/><T120/><D120/><U28/><E28/><V31/><F31/><W125/><G125/><T133/><D133/><U113/><E113/><V78/><F102/><W131/><G131/><T35/><D35/><U17/><E17/><V21/><F100/><W107/><G107/><T63/><REACH who="0" step="1"/><D58/><REACH who="0" step="2"/><U71/><E71/><V109/><F68/><W60/><G69/><T12/><D12/><U118/><E118/><V95/><F109/><W83/><G67/><T20/><D20/><U90/><E90/><V5/><F23/><W115/><G66/><RYUUKYOKU ba="0,2" sc="240,15,240,15,250,-15,250,-15" hai0="22,27,29,41,48,50,51,54,56,63,86,88,94" hai1="0,2,36,42,45,49,53,55,57,59,72,76,80" /><INIT seed="0,1,2,5,1,7" ten="255,255,235,235" oya="0" hai0="108,98,57,21,96,128,67,27,87,18,11,78,66" hai1="41,31,72,82,115,16,89,94,133,5,93,126,63" hai2="92,90,68,29,48,88,32,127,132,102,58,101,49" hai3="113,71,6,134,97,24,51,25,99,130,47,2,124" shuffle="mt19937ar,6EDE7B2B,606C5AFF,F88A6F87,BB9488D7,80653BA4,859C6F77,7D71AE01,02D0155B"/><T118/><D118/><U42/><E126/><V112/><F127/><W75/><G124/><T121/><D121/><U104/><E104/><V8/><F112/><W15/><G113/><T100/><D128/><U73/><E133/><V43/><F132/><W22/><G71/><T106/><D108/><U12/><E115/><V4/><F68/><W129/><G134/><T40/><D40/><U59/><E73/><V26/><F43/><N who="3" m="25087" /><G75/><T10/><D96/><U111/><E111/><V114/><F114/><W135/><G135/><T110/><D110/><U95/><E31/><V61/><F102/><W56/><G2/><T53/><D67/><U131/><E5/><V120/><F101/><W28/><G25/><T34/><D66/><U105/><E105/><V62/><F120/><W33/><G33/><T13/><D34/><U30/><E30/><V20/><F32/><W39/><G39/><T44/><D44/><U60/><E131/><N who="3" m="50186" /><G56/><T35/><D35/><U91/><E72/><V9/><F58/><W85/><G85/><T125/><D125/><U70/><E70/><V116/><F116/><W64/><G64/><T23/><D87/><N who="1" m="50423" /><E91/><N who="2" m="34859" /><F92/><N who="1" m="23553" /><U122/><DORA hai="65" /><E122/><V55/><F4/><W119/><G119/><T117/><D117/><U81/><E81/><V83/><F83/><W46/><G46/><T17/><REACH who="0" step="1"/><D78/><REACH who="0" step="2"/><U19/><E42/><V77/><F77/><W50/><G99/><T3/><D3/><U86/><E41/><V38/><F38/><W79/><G97/><T109/><D109/><U69/><E86/><V103/><F55/><W107/><G79/><T54/><D54/><RYUUKYOKU ba="1,3" sc="245,30,255,-10,235,-10,235,-10" hai0="10,11,13,17,18,21,23,27,53,57,98,100,106" /><INIT seed="0,2,3,1,1,99" ten="275,245,225,225" oya="0" hai0="102,70,45,34,93,103,100,104,120,29,43,81,33" hai1="125,127,71,79,10,66,15,61,96,18,134,110,106" hai2="52,56,4,68,58,77,133,83,92,5,20,91,128" hai3="88,73,51,89,2,80,27,55,59,74,67,40,94" shuffle="mt19937ar,4B0E94F4,5882D115,544A54CB,5B5C1086,64F30726,2CC44EBF,F28CC709,56BDAECF"/><T23/><D104/><U114/><E110/><V13/><F68/><W63/><G2/><T7/><D70/><U132/><E79/><V60/><F133/><N who="1" m="51305" /><E114/><V98/><F128/><W107/><G107/><T108/><D120/><U105/><E96/><V24/><F13/><W31/><G80/><T122/><D122/><U37/><E37/><V17/><REACH who="2" step="1"/><F58/><REACH who="2" step="2"/><N who="3" m="37367" /><G73/><AGARI ba="2,4" hai="4,5,17,20,24,52,56,60,73,77,83,91,92,98" machi="73" ten="30,8000,1" yaku="1,1,7,1,25,2,54,1,53,0" doraHai="99" doraHaiUra="111" who="2" fromWho="3" sc="275,0,245,0,215,126,225,-86" /><INIT seed="1,0,0,3,1,7" ten="275,245,341,139" oya="1" hai0="49,9,135,32,75,19,17,91,111,13,18,80,59" hai1="92,37,115,22,31,86,27,16,122,134,108,25,40" hai2="20,78,77,38,133,106,43,70,128,120,104,119,93" hai3="44,52,54,99,46,105,101,5,26,126,82,30,90" shuffle="mt19937ar,2CB3591A,ACBD7040,B38A8CB8,AD6524CF,74A91297,9CB5BDDF,A752F884,0189A71D"/><U65/><E122/><V74/><F20/><W11/><G126/><T66/><D32/><U117/><E117/><V94/><F120/><W96/><G96/><T29/><D29/><U64/><E115/><V50/><F50/><W21/><G82/><T79/><D135/><U3/><E134/><V88/><F133/><W24/><G24/><T6/><D111/><U129/><E108/><V14/><F14/><W116/><G116/><T63/><D91/><N who="1" m="53367" /><E37/><V56/><F70/><W8/><G90/><T112/><D112/><U98/><E129/><V2/><F88/><W58/><G54/><T132/><D132/><U51/><E3/><V41/><F128/><W4/><G4/><T39/><D39/><U124/><E124/><V53/><F38/><W97/><G97/><T72/><REACH who="0" step="1"/><D49/><REACH who="0" step="2"/><U84/><E98/><V103/><F119/><W1/><REACH who="3" step="1"/><G11/><REACH who="3" step="2"/><T102/><D102/><U125/><E125/><V87/><F103/><W69/><G69/><T35/><D35/><U114/><E114/><V100/><F100/><W109/><G109/><T127/><D127/><U55/><E40/><V121/><F43/><W131/><G131/><T71/><D71/><U110/><E110/><V10/><F41/><W42/><G42/><T118/><D118/><U57/><E84/><AGARI ba="0,2" hai="6,9,13,17,18,19,59,63,66,72,75,79,80,84" machi="84" ten="40,5200,0" yaku="1,1,52,1,53,1" doraHai="7" doraHaiUra="73" who="0" fromWho="1" sc="265,72,245,-52,341,0,129,0" /><INIT seed="2,0,0,0,1,68" ten="337,193,341,129" oya="2" hai0="33,80,90,47,11,130,8,48,18,83,105,7,59" hai1="118,93,70,37,69,55,38,6,30,107,129,77,86" hai2="131,62,50,52,34,46,95,20,87,74,102,104,117" hai3="99,36,60,22,128,58,111,21,135,24,49,57,39" shuffle="mt19937ar,C37C7911,E96E3E9F,80F76E24,47276BE9,C8AF1B39,1DBE3BDF,8BD35886,47C120C8"/><V16/><F117/><W127/><G127/><T9/><D33/><U109/><E118/><V113/><F113/><W78/><G78/><T12/><D105/><U84/><E109/><V94/><F34/><W56/><G111/><T66/><D130/><U96/><E129/><V61/><F131/><W82/><G128/><T10/><D59/><U121/><E121/><V54/><F74/><W81/><G99/><T134/><D66/><U40/><E107/><V73/><F73/><W25/><G49/><T103/><D103/><U43/><E6/><V91/><F54/><W106/><G106/><T41/><D134/><U124/><E30/><V110/><F104/><W71/><G71/><T89/><D7/><U35/><E35/><V15/><F110/><W116/><G116/><T13/><D13/><U97/><E124/><V85/><F85/><W32/><G32/><T72/><D72/><U17/><E17/><V44/><F46/><W63/><REACH who="3" step="1"/><G58/><REACH who="3" step="2"/><T27/><D89/><U4/><E77/><V51/><F50/><W123/><G123/><T92/><REACH who="0" step="1"/><D27/><REACH who="0" step="2"/><U76/><E76/><V67/><F67/><W98/><G98/><AGARI ba="0,2" hai="8,9,10,11,12,18,41,47,48,80,83,90,92,98" machi="98" ten="40,5200,0" yaku="1,1,2,1,8,1,53,0" doraHai="68" doraHaiUra="3" who="0" fromWho="3" sc="327,72,193,0,341,0,119,-52" /><AGARI ba="0,0" hai="15,16,20,44,51,52,61,62,87,91,94,95,98,102" machi="98" ten="40,7700,0" yaku="8,1,54,2" doraHai="68" who="2" fromWho="3" sc="399,0,193,0,341,77,67,-77" owari="399,15,193,-16,418,42,-10,-41" /></mjloggm>