<mjloggm ver="2.3"><GO type="9"/><UN n0="%E3%82%A6%E3%83%AB%E3%83%88%E3%83%A9%E7%AB%8B%E7%9B%B4" n1="%6B%6F%75%2D%73" n2="%EF%BC%A9%EF%BC%A4%E3%81%8D%E3%81%AA%E3%81%93%E3%81%95%E3%82%93" n3="%E7%A0%94%E4%BF%AE%E4%B8%AD" dan="6,11,5,5" rate="1666,1633,1636,1580" sx="M,M,M,M"/><TAIKYOKU oya="0"/><INIT seed="0,0,0,2,4,63" ten="250,250,250,250" oya="0" hai0="124,46,34,93,10,84,80,132,117,86,111,82,101" hai1="87,68,95,48,106,118,27,42,24,36,103,130,37" hai2="116,110,7,109,126,41,98,67,81,70,22,78,131" hai3="89,9,1,85,77,43,75,62,69,59,91,0,122" shuffle="mt19937ar,BC976497,8134ADA6,79FECB62,0768A598,B52A8AD4,A0317F05,CB435C1F,AFF83C70"/><T58/><D34/><U73/><E118/><V2/><F116/><W97/><G122/><T61/><D117/><U49/><E106/><V51/><F98/><W52/><G69/><T94/><D46/><U99/><E73/><V45/><F126/><W38/><G77/><T33/><D33/><U119/><E119/><V55/><F131/><W133/><G75/><T90/><D10/><U19/><E130/><V121/><F55/><W32/><G133/><T114/><D114/><U11/><E68/><V17/><F121/><W83/><G32/><T125/><D58/><U35/><E37/><N who="2" m="21679" /><F110/><W12/><G43/><T13/><D61/><U23/><E36/><V88/><F51/><W28/><G28/><T30/><D13/><U96/><E42/><V127/><F127/><N who="0" m="48714" /><D30/><U29/><E11/><N who="2" m="2551" /><F109/><W102/><G38/><T120/><D111/><U20/><E35/><V6/><F6/><W57/><G91/><N who="0" m="53479" /><D120/><U25/><E25/><V134/><F134/><W50/><G102/><T129/><D132/><U26/><E26/><V54/><F54/><W71/><G97/><N who="0" m="59575" /><D129/><U65/><E65/><V47/><F47/><W92/><G71/><T115/><D115/><U18/><E29/><V72/><F17/><W3/><G3/><T39/><D39/><U31/><E49/><V15/><F22/><W21/><G21/><T56/><D56/><U74/><E31/><V4/><F15/><W105/><G92/><AGARI ba="0,0" hai="80,82,86,90,92" m="59575,53479,48714" machi="92" ten="30,5800,0" yaku="18,1,34,2" doraHai="63" who="0" fromWho="3" sc="250,58,250,0,250,0,250,-58" /><INIT seed="0,1,0,5,2,4" ten="308,250,250,192" oya="0" hai0="80,60,99,93,41,10,66,0,29,110,36,108,117" hai1="37,14,85,128,8,109,132,112,45,91,57,96,21" hai2="101,56,11,98,42,111,48,52,20,62,76,1,34" hai3="113,50,18,69,35,125,64,13,5,54,71,90,121" shuffle="mt19937ar,900F11A8,75034991,4FD373ED,F9ADEF4C,7B65696B,C92C3E97,C19FB639,95882BB3"/><T103/><D41/><U133/><E128/><V51/><F34/><W78/><G113/><T19/><D36/><U24/><E112/><V73/><F111/><N who="0" m="42538" /><D29/><N who="1" m="17551" /><E37/><V77/><F20/><W86/><G35/><T100/><D117/><U16/><E45/><V53/><F42/><W28/><G28/><T134/><D134/><N who="1" m="51819" /><E96/><V89/><F62/><W15/><G125/><T129/><D129/><U58/><E109/><V124/><F124/><W22/><G64/><T40/><D40/><U44/><E44/><V9/><F73/><W12/><G121/><T49/><D49/><U79/><E79/><N who="2" m="30283" /><F1/><W104/><G104/><T119/><D119/><U84/><E84/><V38/><F38/><W127/><G127/><T2/><D103/><U33/><E33/><V123/><F123/><W94/><G78/><T25/><D80/><AGARI ba="1,0" hai="8,14,16,57,58,80,85,91" m="51819,17551" machi="80" ten="30,3900,0" yaku="20,1,52,1,54,1" doraHai="4" who="1" fromWho="0" sc="308,-42,250,42,250,0,192,0" /><INIT seed="1,0,0,5,3,64" ten="266,292,250,192" oya="1" hai0="13,51,16,89,34,110,132,67,20,17,94,85,18" hai1="68,129,104,87,52,75,109,1,106,133,103,91,21" hai2="3,60,44,27,120,98,78,54,8,114,22,108,101" hai3="124,12,30,57,0,58,128,113,77,73,62,83,93" shuffle="mt19937ar,23DAF7A1,34485F5B,3E131A51,3756C9F3,60452A51,D8DC19F9,51C34C69,8E2851EB"/><U32/><E32/><V116/><F120/><W45/><G113/><T92/><D34/><U97/><E133/><V23/><F116/><W102/><G0/><T26/><D132/><U126/><E106/><V66/><F114/><W48/><G57/><T43/><D67/><U80/><E129/><V19/><F78/><W50/><G50/><T81/><D110/><U84/><E75/><V46/><F23/><W115/><G124/><T37/><D37/><U33/><E33/><V36/><F36/><W107/><G107/><T117/><D117/><U63/><E1/><V70/><F108/><W41/><G128/><T56/><D18/><U55/><E68/><V5/><REACH who="2" step="1"/><F54/><REACH who="2" step="2"/><W130/><G130/><T118/><D118/><U25/><E109/><V24/><F24/><W100/><G115/><T10/><D43/><U59/><E21/><V6/><F6/><W2/><G41/><T127/><D127/><U47/><E25/><V42/><F42/><W111/><G111/><T86/><D86/><U79/><E126/><V61/><F61/><W95/><G62/><T7/><D7/><U135/><E135/><V15/><F15/><W28/><G12/><T74/><D74/><U49/><E79/><V38/><F38/><W69/><G73/><T65/><REACH who="0" step="1"/><D65/><REACH who="0" step="2"/><U11/><E87/><V72/><F72/><W29/><G69/><T99/><D99/><U96/><E96/><V53/><F53/><AGARI ba="0,2" hai="10,13,16,17,20,26,51,53,56,81,85,89,92,94" machi="53" ten="40,5200,0" yaku="1,1,8,1,54,1,53,0" doraHai="64" doraHaiUra="105" who="0" fromWho="2" sc="256,72,292,0,240,-52,192,0" /><INIT seed="2,0,0,3,5,97" ten="328,292,188,192" oya="2" hai0="70,43,49,104,46,1,66,9,84,117,109,62,126" hai1="65,92,128,8,69,122,81,22,4,18,67,77,94" hai2="53,125,38,135,83,91,31,133,78,131,30,32,124" hai3="60,88,20,50,130,6,93,28,71,0,10,41,47" shuffle="mt19937ar,4C2658F5,5E28BA77,A944CB03,1ADB6D80,3937C37F,EF5F5B4F,3486A8C6,5AF3D2E4"/><V110/><F38/><W99/><G130/><T24/><D117/><U129/><E69/><V37/><F37/><W59/><G71/><T42/><D104/><U95/><E122/><V120/><F120/><W85/><G85/><T98/><D126/><N who="2" m="48746" /><F91/><W16/><G28/><T86/><D43/><U73/><E129/><V123/><F123/><W52/><G20/><T13/><D1/><U115/><E115/><V114/><F114/><W87/><REACH who="3" step="1"/><G87/><REACH who="3" step="2"/><T14/><D86/><U45/><E128/><V51/><F131/><W103/><G103/><T25/><D84/><U80/><E80/><V121/><F121/><W116/><G116/><T21/><D70/><U54/><E67/><V119/><F119/><W29/><G29/><T11/><D66/><U108/><E65/><V102/><F102/><W57/><G57/><T63/><D21/><U134/><E134/><N who="2" m="51211" /><F32/><W89/><G89/><T101/><D101/><U100/><E108/><V72/><F110/><W113/><G113/><T39/><D109/><U44/><E100/><V61/><F61/><W5/><G5/><T75/><D62/><U132/><E132/><V27/><F27/><W76/><G76/><T56/><D25/><U74/><E74/><V48/><F48/><W112/><G112/><T111/><D24/><U33/><E33/><V118/><F118/><W82/><G82/><T96/><D75/><U2/><REACH who="1" step="1"/><E54/><REACH who="1" step="2"/><V7/><F7/><W40/><G40/><T68/><D68/><U12/><AGARI ba="0,2" hai="2,4,8,12,18,22,44,45,73,77,81,92,94,95" machi="12" ten="30,7900,0" yaku="1,1,2,1,0,1,53,1" doraHai="97" doraHaiUra="19" who="1" fromWho="1" sc="328,-20,282,99,188,-39,182,-20" /><INIT seed="3,0,0,5,0,87" ten="308,381,149,162" oya="3" hai0="89,46,93,11,128,120,114,63,56,111,6,80,22" hai1="91,110,70,115,34,50,116,51,117,30,38,122,69" hai2="18,71,112,21,37,59,65,64,107,54,81,102,47" hai3="31,20,95,4,73,68,85,133,66,77,62,101,53" shuffle="mt19937ar,C22ED581,D0D125A2,A3D2CB40,A80F3B48,6A132ECB,82DA1598,A5D54360,FDEEF880"/><W79/><G79/><T123/><D114/><U12/><E110/><V48/><F112/><W60/><G4/><T113/><D113/><U98/><E122/><V92/><F107/><W74/><G74/><T104/><D104/><U106/><E38/><V88/><F81/><W78/><G78/><T121/><D111/><U25/><E12/><V5/><F102/><W99/><G73/><T109/><D109/><U9/><E9/><V83/><F83/><W67/><G53/><T124/><D80/><U43/><E43/><V94/><F94/><W127/><G127/><T16/><D46/><U82/><E82/><V13/><F5/><W132/><G85/><T41/><D41/><U96/><E96/><V39/><F65/><W100/><G100/><T42/><D42/><U10/><E10/><V7/><F7/><W130/><G77/><T84/><D124/><U75/><E75/><V2/><F2/><W76/><G76/><T28/><D28/><U97/><E97/><V57/><F57/><N who="3" m="37135" /><G130/><T134/><D128/><U40/><E40/><V8/><F8/><W14/><G14/><T15/><D134/><U90/><E90/><V49/><F47/><W72/><G72/><T105/><D105/><U108/><E108/><V44/><F44/><W58/><G58/><T26/><REACH who="0" step="1"/><D123/><REACH who="0" step="2"/><U86/><E86/><N who="2" m="52247" /><F48/><W45/><G45/><T135/><D135/><U0/><E0/><V35/><F35/><W19/><G19/><T61/><D61/><AGARI ba="0,1" hai="13,18,21,37,39,49,54,59,61,64,71" m="52247" machi="61" ten="30,3900,0" yaku="25,1,52,1,54,1" doraHai="87" who="2" fromWho="0" sc="298,-39,381,0,149,49,162,0" /><BYE who="3" /><INIT seed="4,0,0,3,1,19" ten="259,381,198,162" oya="0" hai0="114,54,118,44,35,32,64,22,63,8,45,14,31" hai1="124,61,110,77,123,129,130,84,72,7,3,134,101" hai2="52,98,48,10,25,4,34,103,17,105,0,60,20" hai3="21,12,58,71,82,67,88,73,28,2,18,5,53" shuffle="mt19937ar,55D6EB1B,97E0F5C7,6A2E6DC3,D15A71C8,01013390,6648D429,8BA63735,BF14A420"/><T115/><D118/><U120/><E120/><V42/><F42/><W62/><G62/><T111/><D111/><U78/><E78/><V92/><F105/><W6/><G6/><T112/><D32/><U76/><E76/><V106/><F106/><W126/><G126/><T37/><D35/><U113/><E113/><V59/><F60/><W15/><G15/><T135/><D37/><U26/><E26/><V127/><REACH who="2" step="1"/><F34/><REACH who="2" step="2"/><W29/><G29/><T132/><D31/><U27/><E27/><V51/><F51/><W81/><G81/><T121/><D121/><U85/><E85/><V91/><F91/><W119/><G119/><T13/><D22/><U1/><E1/><V56/><F56/><W97/><G97/><T104/><D104/><U55/><E55/><V66/><F66/><W89/><G89/><T24/><D24/><U125/><E125/><AGARI ba="0,1" hai="0,4,10,17,20,25,48,52,59,92,98,103,125,127" machi="125" ten="40,5200,0" yaku="1,1,52,1,54,1,53,0" doraHai="19" doraHaiUra="30" who="2" fromWho="1" sc="259,0,381,-52,188,62,162,0" /><INIT seed="5,0,0,4,4,110" ten="259,329,250,162" oya="1" hai0="42,37,22,18,109,20,15,3,26,44,123,129,59" hai1="51,92,55,91,53,128,70,39,134,124,119,113,120" hai2="38,101,68,85,131,0,97,104,71,63,80,126,57" hai3="64,107,14,62,89,12,61,16,10,4,40,73,115" shuffle="mt19937ar,7002683B,665BD2AC,431C4E77,86F210FD,C9DB856B,2F1A04FB,040A065A,A28A6ECE"/><U50/><E50/><V1/><F131/><W84/><G84/><T88/><D3/><U98/><E98/><V47/><F57/><W108/><G108/><T79/><D79/><U32/><E32/><V41/><F85/><W102/><G102/><T72/><D72/><U21/><E21/><V81/><F81/><W58/><G58/><T93/><D129/><U114/><E114/><V49/><F49/><W52/><G52/><T87/><D109/><U65/><E65/><V94/><F94/><W116/><G116/><T23/><D123/><U111/><E111/><V90/><F90/><W11/><G11/><T66/><D66/><U19/><E19/><V132/><F126/><W82/><G82/><T24/><REACH who="0" step="1"/><D59/><REACH who="0" step="2"/><U56/><E56/><V100/><F132/><W46/><G46/><T125/><D125/><U75/><E75/><V27/><F101/><W2/><G2/><T45/><D45/><U77/><E77/><V5/><F27/><AGARI ba="0,1" hai="15,18,20,22,23,24,26,27,37,42,44,87,88,93" machi="27" ten="40,2600,0" yaku="1,1,54,1,53,0" doraHai="110" doraHaiUra="25" who="0" fromWho="2" sc="249,36,329,0,250,-26,162,0" /><INIT seed="6,0,0,1,5,3" ten="285,329,224,162" oya="2" hai0="84,69,104,126,108,79,71,135,38,88,18,8,70" hai1="83,20,129,39,131,37,41,22,42,33,14,67,43" hai2="7,130,51,36,12,57,103,13,105,25,97,80,133" hai3="35,49,23,40,72,32,6,86,68,125,60,26,29" shuffle="mt19937ar,F1B93A1E,54A3A39A,AFCDFF8C,9ACE1F77,0AE97733,D8BB76FB,1FAE2E85,362F73FF"/><V98/><F36/><W24/><G24/><T44/><D104/><U4/><E4/><V94/><F80/><W45/><G45/><T81/><D108/><U113/><E113/><V17/><F130/><W78/><G78/><T16/><D126/><U75/><E75/><V53/><F133/><W27/><G27/><T19/><D135/><U118/><E118/><V31/><F17/><W54/><G54/><T119/><D119/><U34/><E34/><V101/><REACH who="2" step="1"/><F7/><REACH who="2" step="2"/><W55/><G55/><T2/><D8/><U28/><E28/><V5/><F5/><W111/><G111/><T121/><D121/><U122/><E122/><V109/><F109/><W21/><G21/><AGARI ba="0,1" hai="12,13,21,25,31,51,53,57,94,97,98,101,103,105" machi="21" ten="30,2900,0" yaku="1,1,7,1,53,0" doraHai="3" doraHaiUra="59" who="2" fromWho="3" sc="285,0,329,0,214,39,162,-29" /><INIT seed="6,1,0,2,0,124" ten="285,329,253,133" oya="2" hai0="47,122,105,38,130,62,109,56,72,99,123,41,113" hai1="134,78,6,92,100,87,21,58,44,64,1,34,26" hai2="48,126,68,114,7,115,49,118,42,31,20,61,55" hai3="33,70,45,59,80,8,98,119,116,67,93,79,12" shuffle="mt19937ar,F6BA924D,778422DB,78823632,263108D6,9803F4EF,1CEE8748,B01C5C2D,0F4255F1"/><V0/><F0/><W94/><G94/><T120/><D72/><U76/><E76/><V101/><F101/><W17/><G17/><T96/><D105/><U57/><E57/><V16/><F7/><W132/><G132/><T35/><D35/><U89/><E89/><V65/><F31/><W29/><G29/><T4/><D4/><U60/><E60/><V110/><F118/><W51/><G51/><T3/><D3/><U28/><E28/><V90/><F126/><W128/><G128/><T36/><D96/><U23/><E23/><V66/><F90/><W83/><G83/><T74/><D99/><U127/><E127/><V53/><F110/><W52/><G52/><N who="2" m="20041" /><F65/><W112/><G112/><N who="2" m="43049" /><F42/><W77/><G77/><T125/><D74/><U131/><E131/><V129/><F129/><W32/><G32/><T84/><D125/><U75/><E75/><V88/><F88/><W71/><G71/><T25/><D130/><U69/><E69/><V2/><F2/><W63/><G63/><T24/><D113/><U103/><E103/><V18/><F20/><W107/><G107/><T108/><D84/><U15/><E15/><V19/><AGARI ba="1,0" hai="16,18,19,48,49,61,66,68" m="43049,20041" machi="19" ten="40,7800,0" yaku="15,1,54,2" doraHai="124" who="2" fromWho="2" sc="285,-27,329,-27,253,81,133,-27" /><INIT seed="6,2,0,0,0,39" ten="258,302,334,106" oya="2" hai0="100,124,101,44,97,57,25,65,54,95,113,83,112" hai1="82,37,30,45,22,84,122,64,128,2,50,91,111" hai2="94,96,19,89,35,5,26,67,63,47,90,79,0" hai3="33,126,6,121,16,20,109,131,119,132,66,86,36" shuffle="mt19937ar,B61EAF32,225033FE,E2BC5ED8,F7BB1BAF,534C46BB,072103B9,0A27A3EA,472704FE"/><V15/><F79/><W40/><G40/><T59/><D124/><U34/><E34/><V68/><F47/><W133/><G133/><T70/><D70/><U46/><E46/><V77/><F77/><W49/><G49/><T53/><D65/><U115/><E115/><V41/><F0/><W27/><G27/><T17/><D44/><U99/><E99/><V1/><F1/><W4/><G4/><T110/><D110/><U62/><E62/><V73/><F73/><W103/><G103/><T127/><D127/><U55/><E122/><V88/><F5/><W31/><G31/><T24/><D83/><U58/><E2/><V51/><F35/><W48/><G48/><T130/><D130/><U23/><E30/><V108/><F108/><W129/><G129/><T75/><D75/><U102/><E102/><V21/><F26/><W118/><G118/><T78/><D78/><U76/><E128/><V114/><F114/><W56/><G56/><T61/><D101/><U107/><E107/><V13/><F51/><W80/><G80/><T98/><D98/><U52/><E37/><V60/><F60/><W10/><G10/><T3/><D3/><U71/><E71/><V72/><F72/><W29/><G29/><T123/><D123/><U116/><E64/><V14/><REACH who="2" step="1"/><F41/><REACH who="2" step="2"/><W12/><G12/><T135/><D135/><U11/><E116/><V69/><F69/><W74/><G74/><T117/><D117/><U38/><E111/><V93/><F93/><W43/><G43/><T28/><D24/><U18/><E76/><V81/><F81/><W92/><G92/><RYUUKYOKU ba="2,1" sc="258,-10,302,-10,324,30,106,-10" hai2="13,14,15,19,21,63,67,68,88,89,90,94,96" /><INIT seed="6,3,1,5,2,132" ten="248,292,354,96" oya="2" hai0="86,29,12,14,108,89,90,84,54,107,103,97,43" hai1="8,19,76,35,39,75,17,5,63,34,109,24,72" hai2="78,127,21,85,106,13,129,82,112,48,83,125,110" hai3="33,113,3,73,70,37,114,96,28,99,61,124,25" shuffle="mt19937ar,0ECAE471,EFEBB79A,2E51600F,AC61A6CB,BD04F27E,D109B73C,92004A5F,48E20B53"/><V123/><F123/><W133/><G133/><T87/><D43/><U100/><E39/><V52/><F106/><W65/><G65/><T122/><D122/><U91/><E100/><V120/><F120/><W30/><G30/><T15/><D29/><U49/><E75/><V116/><F116/><W135/><G135/><T94/><D108/><U81/><E34/><V115/><F110/><W92/><G92/><T55/><REACH who="0" step="1"/><D107/><REACH who="0" step="2"/><U26/><E109/><V134/><F134/><W36/><G36/><T128/><D128/><U57/><E35/><V121/><F121/><W119/><G119/><T27/><D27/><U51/><E26/><V95/><F129/><W41/><G41/><T10/><D10/><U117/><E24/><V38/><F38/><W64/><G64/><T98/><D98/><U53/><E117/><V31/><F31/><W11/><G11/><T0/><D0/><U6/><E6/><V93/><F21/><W42/><G42/><T4/><D4/><U16/><REACH who="1" step="1"/><E91/><AGARI ba="3,2" hai="12,14,15,54,55,84,86,87,89,90,91,94,97,103" machi="91" ten="40,2600,0" yaku="1,1,8,1,53,0" doraHai="132" doraHaiUra="60" who="0" fromWho="1" sc="238,55,292,-35,354,0,96,0" /><INIT seed="7,0,0,2,2,90" ten="293,257,354,96" oya="3" hai0="111,17,105,23,52,134,20,33,32,82,103,81,126" hai1="26,15,7,110,107,68,87,127,47,13,48,22,14" hai2="40,94,0,39,34,65,51,63,21,38,135,27,57" hai3="118,77,109,36,72,30,131,49,114,45,19,2,44" shuffle="mt19937ar,57C0B62A,C4F2B975,87B7B0DB,B61E5A96,0E95E2BF,2EBAE4BA,37421765,BF07D4D3"/><W70/><G70/><T46/><D111/><U80/><E107/><V50/><F0/><W53/><G53/><T1/><D1/><U59/><E68/><V73/><F34/><W99/><G99/><T86/><D126/><U41/><E59/><V125/><F73/><W9/><G9/><T74/><D134/><U123/><E123/><V69/><F135/><W133/><G133/><T108/><D108/><U71/><E71/><V16/><F125/><W4/><G4/><T35/><D103/><U43/><E110/><V11/><F11/><W76/><G76/><T62/><D105/><U130/><E43/><V78/><F78/><W66/><G66/><T31/><D74/><U89/><E130/><V91/><F39/><W106/><G106/><T124/><D124/><U56/><E56/><V24/><F24/><W84/><G84/><T132/><D132/><U18/><REACH who="1" step="1"/><E127/><REACH who="1" step="2"/><V88/><F38/><W101/><G101/><T5/><D5/><AGARI ba="0,1" hai="5,7,13,14,15,18,22,26,41,47,48,80,87,89" machi="5" ten="40,5200,0" yaku="1,1,2,1,8,1,53,0" doraHai="90" doraHaiUra="100" who="1" fromWho="0" sc="293,-52,247,62,354,0,96,0" owari="241,-16,309,11,354,45,96,-40" /></mjloggm>