<mjloggm ver="2.3"><GO type="41"/><UN n0="%4C%61%73%6B%26%59%75" n1="%E3%82%A2%E3%82%BA%E3%83%8A%E3%83%96%E3%83%AB" n2="%E3%82%AF%E3%83%9E%E3%82%B4%E3%83%AD%E3%83%BC" n3="%E3%82%A6%E3%83%AB%E3%83%88%E3%83%A9%E7%AB%8B%E7%9B%B4" dan="14,13,15,13" rate="1998,2136,1965,1869" sx="M,M,M,M"/><TAIKYOKU oya="0"/><INIT seed="0,0,0,2,1,0" ten="250,250,250,250" oya="0" hai0="26,31,25,126,32,79,6,129,73,104,105,131,75" hai1="10,57,101,122,98,19,106,132,23,64,62,135,116" hai2="91,120,82,13,3,110,58,17,43,1,48,94,109" hai3="56,4,35,44,21,115,60,92,103,37,121,76,24"/><T128/><D126/><U89/><E122/><V14/><F120/><W78/><G35/><T81/><D75/><U50/><E116/><V2/><F82/><W36/><G36/><T70/><D26/><U127/><E127/><V63/><F48/><W87/><G44/><T59/><D59/><U7/><E89/><V46/><F46/><W8/><G37/><T51/><D51/><U15/><REACH who="1" step="1"/><E50/><REACH who="1" step="2"/><V99/><F43/><W12/><G121/><T66/><D6/><U90/><E90/><V41/><F41/><W112/><G112/><T80/><D80/><U28/><E28/><V72/><F72/><W113/><G113/><T134/><D134/><U29/><E29/><V49/><F49/><W97/><G115/><T119/><D119/><U40/><E40/><V118/><F118/><W108/><G108/><N who="2" m="41577" /><F17/><W133/><G133/><T55/><D55/><AGARI ba="0,1" hai="1,2,3,13,14,55,58,63,91,94,99" m="41577" machi="55" ten="40,1300,0" yaku="14,1" doraHai="0" who="2" fromWho="0" sc="250,-13,240,0,250,23,250,0" /><INIT seed="1,0,0,2,3,118" ten="237,240,273,250" oya="1" hai0="124,92,131,34,122,94,4,132,109,117,26,98,86" hai1="6,74,82,14,16,81,37,29,1,112,129,40,52" hai2="97,19,10,120,125,119,8,83,69,111,126,68,42" hai3="80,88,27,20,3,31,24,51,48,70,57,32,116"/><U5/><E112/><V85/><F119/><W44/><G70/><T15/><D117/><U21/><E129/><V71/><F111/><W23/><G3/><T11/><D131/><U73/><E73/><V35/><F35/><W22/><G116/><T100/><D109/><U33/><E74/><V45/><F97/><W121/><G121/><T72/><D72/><U99/><E37/><V55/><F55/><W39/><G39/><T78/><D132/><U47/><E40/><V130/><F130/><W43/><G32/><T61/><D124/><N who="2" m="47722" /><F19/><W65/><G31/><T36/><D36/><U107/><E107/><V56/><F56/><W91/><G80/><T75/><D75/><U103/><E6/><V93/><F93/><W18/><G18/><T28/><D61/><U76/><E76/><N who="2" m="46311" /><F120/><W50/><G65/><T79/><REACH who="0" step="1"/><D122/><REACH who="0" step="2"/><U38/><E38/><AGARI ba="0,1" hai="8,10,38,42,45,68,69,71" m="46311,47722" machi="38" ten="40,1300,0" yaku="18,1" doraHai="118" who="2" fromWho="1" sc="227,0,240,-13,273,23,250,0" /><INIT seed="2,0,0,0,0,66" ten="227,227,296,250" oya="2" hai0="47,86,113,12,129,106,101,4,19,35,130,107,64" hai1="120,48,93,8,28,123,80,37,5,17,18,45,26" hai2="36,122,114,40,81,110,14,22,124,94,56,84,39" hai3="71,1,111,41,24,69,31,0,126,65,75,58,125"/><V85/><F122/><N who="1" m="46633" /><E37/><V55/><F114/><W99/><G41/><T112/><D35/><N who="1" m="20887" /><E80/><V82/><F110/><W132/><G111/><T109/><D109/><U103/><E103/><V27/><F124/><N who="3" m="47723" /><G75/><T89/><D64/><U57/><E57/><V104/><F104/><W61/><G99/><T46/><D4/><U6/><E93/><V95/><F39/><W134/><G1/><T76/><D76/><U128/><E128/><N who="0" m="49257" /><D106/><U83/><E83/><N who="2" m="31755" /><F40/><W50/><G0/><T78/><D78/><U121/><E121/><V3/><F3/><W72/><G72/><T97/><D86/><N who="2" m="33386" /><F14/><W10/><G10/><N who="0" m="6551" /><D89/><U127/><E127/><V29/><F36/><W77/><G77/><T70/><D70/><N who="3" m="26633" /><G50/><AGARI ba="0,0" hai="22,27,29,50,55,56,94,95" m="33386,31755" machi="50" ten="30,1500,0" yaku="8,1" doraHai="66" who="2" fromWho="3" sc="227,0,227,0,296,15,250,-15" /><INIT seed="2,1,0,2,4,65" ten="227,227,311,235" oya="2" hai0="9,67,71,8,17,38,32,50,80,115,113,46,108" hai1="106,125,126,89,114,81,92,52,100,134,120,51,16" hai2="30,79,117,85,109,59,18,54,42,58,39,27,13" hai3="26,68,36,101,0,135,76,24,37,61,4,63,105"/><V22/><F117/><W12/><G12/><T69/><D108/><U84/><E114/><V99/><F109/><W74/><G63/><T3/><D32/><U83/><E120/><V93/><F39/><W95/><G95/><T94/><D38/><U131/><E134/><V87/><F42/><W132/><G26/><T44/><D80/><U97/><E131/><V53/><F79/><W56/><G56/><T73/><D73/><U40/><E40/><V48/><F54/><W72/><G24/><T103/><D94/><U121/><E121/><V75/><F59/><W91/><G91/><T45/><D50/><U11/><E126/><V111/><F75/><N who="3" m="28715" /><G76/><T82/><D82/><N who="1" m="49303" /><E106/><V104/><F104/><W55/><G55/><T133/><D133/><N who="3" m="51273" /><G4/><T60/><D103/><U43/><E43/><V116/><F116/><W86/><G86/><T19/><D3/><U98/><E98/><V129/><F129/><W112/><G0/><T90/><D90/><U96/><E96/><V70/><F70/><N who="0" m="26634" /><D60/><U33/><E125/><V57/><F57/><W31/><G112/><N who="0" m="43083" /><D67/><U102/><E33/><V34/><F111/><W128/><G128/><T10/><AGARI ba="1,0" hai="8,9,10,17,19,44,45,46" m="43083,26634" machi="10" ten="40,8000,1" yaku="28,2,52,3" doraHai="65" who="0" fromWho="0" sc="227,83,227,-21,311,-41,235,-21" /><INIT seed="3,0,0,0,3,47" ten="310,206,270,214" oya="3" hai0="25,87,60,15,57,63,51,103,94,20,48,31,56" hai1="43,8,129,38,96,2,58,1,49,75,122,101,121" hai2="114,4,30,9,40,116,119,109,130,76,113,37,24" hai3="5,32,134,120,62,61,46,26,72,73,11,44,21"/><W12/><G32/><T39/><D39/><U112/><E75/><V115/><F76/><W14/><G120/><T108/><D108/><U42/><E112/><V35/><F40/><W126/><G73/><T83/><D15/><U110/><E110/><V66/><F66/><W67/><G72/><T131/><D131/><U29/><E129/><V77/><F77/><W55/><G126/><T117/><D117/><U27/><E38/><V135/><F37/><W52/><G134/><T84/><D103/><U128/><E128/><V10/><F130/><W89/><G89/><N who="0" m="53543" /><D60/><N who="3" m="23145" /><G14/><T16/><D31/><U95/><E122/><V7/><F135/><W13/><G13/><T45/><D45/><N who="3" m="17513" /><G67/><N who="0" m="39399" /><D57/><U123/><E123/><V59/><F59/><W78/><G78/><AGARI ba="0,0" hai="16,20,25,48,51,78,83,87" m="39399,53543" machi="78" ten="30,7700,0" yaku="8,1,52,2,54,1" doraHai="47" who="0" fromWho="3" sc="310,77,206,0,270,0,214,-77" /><INIT seed="4,0,0,2,3,98" ten="387,206,270,137" oya="0" hai0="112,2,135,24,100,97,78,29,101,102,133,115,89" hai1="64,53,39,1,14,92,77,62,117,35,88,6,119" hai2="45,128,86,110,84,25,121,107,106,67,23,71,28" hai3="10,18,134,125,87,3,105,56,93,124,34,73,70"/><T11/><D78/><U127/><E35/><V32/><F121/><W63/><G70/><T9/><D89/><U75/><E1/><V91/><F128/><W7/><G73/><T94/><D2/><U65/><E39/><V61/><F110/><W111/><G105/><T13/><D9/><U52/><E127/><N who="3" m="48714" /><G34/><N who="0" m="20775" /><D11/><U37/><E37/><V22/><F84/><W50/><G50/><T132/><D13/><U57/><E119/><V26/><F45/><W44/><G134/><T103/><AGARI ba="0,0" hai="94,97,100,101,102,103,112,115,132,133,135" m="20775" machi="103" ten="40,12000,1" yaku="20,1,52,4" doraHai="98" who="0" fromWho="0" sc="387,120,206,-40,270,-40,137,-40" /><INIT seed="4,1,0,2,5,0" ten="507,166,230,97" oya="0" hai0="46,23,31,52,45,93,24,123,66,41,135,22,87" hai1="14,56,21,43,64,20,65,4,33,27,71,32,90" hai2="92,115,121,125,101,63,114,61,108,5,97,91,12" hai3="54,130,8,44,58,98,129,119,11,107,68,120,132"/><T70/><D123/><U109/><E109/><V16/><F108/><W122/><G98/><T72/><D72/><U50/><E71/><V103/><F121/><N who="3" m="46699" /><G107/><T113/><D113/><N who="2" m="43018" /><F125/><W15/><G8/><T51/><D135/><U34/><E43/><V67/><F5/><N who="3" m="3567" /><G68/><T83/><D93/><U6/><E90/><V105/><F105/><W48/><G119/><T57/><D22/><U111/><E65/><V47/><F47/><W74/><G74/><T39/><D70/><U13/><E111/><V96/><F67/><W37/><G132/><T17/><D66/><U55/><E64/><V84/><F97/><W126/><G126/><T95/><D95/><U112/><E112/><V99/><F99/><W89/><G89/><T53/><D31/><U9/><E27/><V38/><F38/><W79/><G79/><T88/><D57/><U35/><N who="1" m="8704" /><DORA hai="134" /><U104/><E104/><N who="2" m="63527" /><F103/><W77/><G77/><T128/><REACH who="0" step="1"/><D128/><REACH who="0" step="2"/><U36/><E36/><V133/><F133/><W2/><G37/><T3/><D3/><U1/><E1/><V106/><F106/><W29/><G29/><T42/><AGARI ba="1,1" hai="17,23,24,39,41,42,45,46,51,52,53,83,87,88" machi="42" ten="20,18000,2" yaku="1,1,0,1,7,1,54,2,53,1" doraHai="0,134" doraHaiUra="60,18" who="0" fromWho="0" sc="497,193,166,-61,230,-61,97,-61" /><INIT seed="4,2,0,0,4,122" ten="690,105,169,36" oya="0" hai0="128,43,53,98,87,103,47,25,88,73,6,65,127" hai1="15,94,5,1,58,135,76,71,79,101,17,48,10" hai2="2,8,42,100,126,33,49,129,45,92,7,46,77" hai3="96,60,74,123,105,62,41,39,89,109,13,11,120"/><T113/><D73/><U40/><E71/><V78/><F129/><W93/><G74/><T4/><D128/><U68/><E68/><V108/><F126/><W23/><G105/><T118/><D118/><U26/><E135/><V21/><F108/><W63/><G23/><T38/><D127/><U28/><E101/><V22/><F33/><W9/><G41/><T97/><D113/><U85/><E40/><V99/><F46/><W50/><G50/><T37/><D65/><U133/><E133/><V124/><F124/><W64/><G39/><T3/><D53/><U132/><E132/><V72/><F72/><W16/><G64/><T131/><D131/><U75/><E75/><V95/><F92/><W44/><G44/><T54/><D54/><U115/><E115/><V12/><F2/><W31/><G31/><T59/><D59/><U18/><E58/><V20/><AGARI ba="2,0" hai="7,8,12,20,21,22,42,45,49,77,78,95,99,100" machi="20" ten="30,2000,0" yaku="0,1,8,1" doraHai="122" who="2" fromWho="2" sc="690,-12,105,-7,169,26,36,-7" /><INIT seed="5,0,0,3,5,66" ten="678,98,195,29" oya="1" hai0="79,50,78,72,57,5,87,33,4,20,65,96,112" hai1="102,76,32,29,56,60,75,88,18,113,73,52,22" hai2="8,127,70,34,25,1,28,36,49,132,24,9,90" hai3="31,91,110,123,23,85,44,69,84,117,59,14,10"/><U21/><E32/><V0/><F36/><W45/><G123/><T51/><D33/><U42/><E76/><V120/><F70/><W67/><G69/><T74/><D96/><U124/><E124/><V82/><F127/><W119/><G110/><T61/><D112/><U19/><E113/><V47/><F120/><W26/><G85/><T128/><D128/><U135/><E135/><V16/><F132/><W17/><G67/><T39/><D39/><U116/><E116/><V130/><F130/><W133/><G133/><T95/><D95/><U58/><E42/><V7/><F82/><W129/><G129/><T53/><D51/><U101/><E29/><N who="2" m="19751" /><F90/><W103/><G103/><T55/><D55/><U35/><E35/><N who="2" m="20879" /><F49/><W71/><G71/><T30/><D74/><U121/><E121/><V97/><F97/><W107/><G107/><T108/><D72/><U62/><E52/><V86/><F86/><W109/><G109/><T99/><D108/><U100/><E100/><V106/><F47/><W131/><G131/><T54/><D99/><U48/><REACH who="1" step="1"/><E48/><REACH who="1" step="2"/><V3/><F106/><W80/><REACH who="3" step="1"/><G59/><REACH who="3" step="2"/><T111/><D57/><U98/><E98/><V83/><F83/><W40/><G40/><T15/><D111/><U2/><E2/><V125/><F125/><W41/><G41/><T94/><D50/><U46/><E46/><AGARI ba="0,2" hai="10,14,17,23,26,31,44,45,46,80,84,91,117,119" machi="46" ten="40,1300,0" yaku="1,1,53,0" doraHai="66" doraHaiUra="118" who="3" fromWho="1" sc="678,0,88,-13,195,0,19,33" /><INIT seed="6,0,0,5,1,37" ten="678,75,195,52" oya="2" hai0="40,135,113,51,45,106,77,82,107,86,87,89,24" hai1="75,120,52,72,80,95,122,99,105,44,126,6,8" hai2="2,13,70,11,9,36,1,67,112,127,3,46,90" hai3="41,19,28,92,12,74,96,116,129,73,22,76,78"/><V34/><F34/><W97/><G116/><T68/><D68/><U27/><E105/><V64/><F127/><W103/><G129/><T30/><D135/><U32/><E126/><V57/><F112/><W115/><G115/><T38/><D113/><U49/><E32/><V42/><F70/><W124/><G124/><T119/><D119/><U29/><E80/><V5/><F90/><W81/><G28/><T83/><D38/><U109/><E109/><V71/><F71/><W16/><G96/><T65/><D65/><U50/><E27/><V63/><REACH who="2" step="1"/><F67/><REACH who="2" step="2"/><W123/><G123/><T18/><D89/><U98/><E122/><V121/><F121/><W108/><G108/><T134/><D134/><U118/><E120/><V60/><F60/><W17/><G78/><T128/><D77/><U20/><E118/><V91/><F91/><W33/><G33/><T88/><D88/><U94/><E75/><V93/><F93/><W114/><G114/><T58/><D107/><U31/><E72/><V100/><F100/><W47/><G74/><T43/><D106/><U21/><E94/><V131/><F131/><W54/><REACH who="3" step="1"/><G54/><REACH who="3" step="2"/><T4/><D128/><U66/><E52/><V101/><F101/><W125/><G125/><T25/><D43/><U84/><E66/><V39/><F39/><AGARI ba="0,2" hai="12,16,17,19,22,39,41,47,73,76,81,92,97,103" machi="39" ten="30,8000,1" yaku="1,1,7,1,52,1,54,1,53,1" doraHai="37" doraHaiUra="79" who="3" fromWho="2" sc="678,0,75,0,185,-80,42,100" /><INIT seed="7,0,0,4,4,64" ten="678,75,105,142" oya="3" hai0="122,20,40,47,133,23,63,74,92,121,89,24,91" hai1="80,102,129,44,88,56,17,132,115,134,12,48,32" hai2="29,110,86,108,67,55,8,25,79,34,90,130,28" hai3="41,43,13,0,27,35,76,57,15,50,84,123,135"/><W10/><G50/><T81/><D133/><U52/><E32/><V72/><F130/><W77/><G57/><T61/><D122/><U99/><E129/><V38/><F29/><W106/><G84/><N who="0" m="50319" /><D121/><U127/><E127/><V2/><F67/><W70/><G77/><T31/><D74/><U5/><E5/><V109/><F55/><W105/><G76/><T117/><D117/><U4/><E4/><V54/><F54/><W112/><G27/><N who="0" m="16871" /><D40/><U101/><E115/><V118/><F118/><W51/><G10/><T85/><D47/><U9/><E56/><V78/><F38/><W19/><G51/><T7/><D7/><U22/><E22/><V37/><F37/><W68/><G19/><AGARI ba="0,0" hai="19,23,24,61,63,85,91,92" m="16871,50319" machi="19" ten="30,1000,0" yaku="8,1" doraHai="64" who="0" fromWho="3" sc="678,10,75,0,105,0,142,-10" owari="688,78,75,-42,105,-29,132,-7" /></mjloggm>