<mjloggm ver="2.3"><GO type="97"/><UN n0="%E3%82%A6%E3%83%AB%E3%83%88%E3%83%A9%E7%AB%8B%E7%9B%B4" n1="%E3%81%8D%E3%81%82%E3%81%84" n2="%61%6C%70%73%5D" n3="%6C%69%6E%6B%32%32%32%32" dan="13,14,13,13" rate="1831,1906,1905,1982" sx="M,M,M,M"/><TAIKYOKU oya="0"/><INIT seed="0,0,0,5,0,50" ten="250,250,250,250" oya="0" hai0="72,18,95,115,19,58,113,110,65,4,91,71,48" hai1="101,114,70,39,25,124,73,32,75,16,22,28,131" hai2="68,46,23,47,126,24,83,98,1,129,121,123,43" hai3="26,119,92,8,107,109,135,42,108,9,3,57,56" shuffle="mt19937ar,FC204E53,AABA55EC,0E8B9D3C,64BE01B6,836F6EE7,19C92C5D,A2C2C30B,ED5BFD98"/><T118/><D72/><U66/><E39/><V33/><F1/><W81/><G107/><T36/><D36/><U59/><E114/><V79/><F68/><W7/><G119/><T38/><D38/><U49/><E131/><V20/><F126/><W132/><G42/><T128/><D71/><U104/><E124/><V34/><F129/><W120/><G81/><T117/><D128/><U102/><E70/><V122/><F20/><W27/><G92/><T133/><D4/><U44/><E66/><V105/><F105/><W69/><G69/><T5/><D5/><U112/><E59/><V125/><F98/><W55/><G120/><T94/><D48/><U31/><E112/><V116/><F116/><W62/><G56/><T78/><D58/><U30/><E32/><V52/><F125/><W54/><G57/><T61/><D91/><U90/><E90/><V53/><F53/><W86/><G7/><T29/><D29/><U134/><E134/><V67/><F67/><W60/><G86/><T0/><D78/><U14/><E25/><V82/><F82/><W97/><G97/><T37/><D37/><U17/><E17/><V6/><F6/><W11/><G11/><T130/><D130/><U80/><E104/><V21/><F43/><W103/><G103/><T77/><D133/><U76/><REACH who="1" step="1"/><E75/><REACH who="1" step="2"/><V45/><F24/><W15/><G27/><T96/><D65/><U88/><E88/><V84/><F121/><W64/><G26/><T127/><D127/><U87/><E87/><V10/><F122/><W35/><G64/><T74/><D74/><U93/><E93/><RYUUKYOKU ba="0,1" sc="250,-10,240,30,250,-10,250,-10" hai1="14,16,22,28,30,31,44,49,73,76,80,101,102" /><INIT seed="1,1,1,1,0,135" ten="240,270,240,240" oya="1" hai0="81,9,3,42,6,2,116,80,122,20,126,118,73" hai1="37,21,19,30,15,17,62,79,83,38,105,41,18" hai2="106,71,27,114,4,7,113,64,24,108,119,96,32" hai3="13,98,133,86,76,124,89,63,44,33,104,51,60" shuffle="mt19937ar,90D4DF2D,2D22022C,7F96D7DC,41CB352E,01AC92B1,B2B00382,28C290DC,918C6377"/><U69/><E105/><V5/><F113/><W65/><G33/><T74/><D20/><U91/><E91/><V130/><F119/><W134/><G76/><T36/><D122/><U11/><E30/><V45/><F130/><W87/><G13/><T35/><D35/><U129/><E129/><V67/><F114/><W78/><G78/><T109/><D109/><U111/><E111/><V25/><F32/><W46/><G104/><T85/><D3/><U43/><E69/><V22/><F108/><W16/><G98/><T107/><D107/><U40/><E62/><V123/><F123/><W125/><G89/><T12/><D12/><U28/><E28/><V48/><F106/><W59/><G63/><T1/><D1/><U31/><E31/><V26/><F71/><W47/><G51/><T95/><D95/><U97/><E97/><V93/><F22/><W68/><G16/><T52/><D52/><U34/><E34/><V94/><N who="2" m="6656" /><DORA hai="56" /><V61/><F61/><W110/><G68/><T66/><D66/><U57/><E57/><V88/><REACH who="2" step="1"/><F93/><REACH who="2" step="2"/><W120/><G120/><T72/><D116/><U58/><E21/><V115/><F115/><W100/><G110/><T102/><D118/><U49/><E37/><V8/><F8/><W103/><G134/><T23/><D23/><U84/><E38/><V70/><F70/><W121/><G133/><T14/><D36/><U127/><E127/><N who="3" m="48714" /><G121/><T82/><D126/><U101/><E101/><AGARI ba="1,2" hai="44,46,47,59,60,65,86,87,100,101,103" m="48714" machi="101" ten="30,8000,1" yaku="18,1,52,4" doraHai="135,56" who="3" fromWho="1" sc="240,0,270,-83,230,0,240,103" /><INIT seed="2,0,0,3,1,30" ten="240,187,230,343" oya="2" hai0="87,25,36,57,67,49,60,112,64,17,20,106,68" hai1="62,70,4,69,34,21,107,77,113,8,47,119,101" hai2="10,22,38,88,79,1,109,128,55,130,126,26,118" hai3="98,66,131,14,111,85,133,100,19,115,18,50,41" shuffle="mt19937ar,B52F0348,9E584268,54543F92,32A6D445,D4BF046B,2A864DAC,6EF67F3D,A9DC8486"/><V52/><F38/><W86/><G111/><T120/><D112/><U61/><E119/><V65/><F118/><W0/><G0/><T75/><D75/><U59/><E113/><V43/><F43/><W29/><G115/><T94/><D120/><U73/><E47/><V90/><F126/><W2/><G2/><T28/><D36/><U114/><E21/><V129/><F1/><W71/><G29/><T123/><D106/><U12/><E114/><V93/><F10/><W39/><G39/><T74/><D74/><U104/><E101/><V35/><F35/><W45/><G71/><T92/><D123/><U48/><E34/><V117/><F117/><W51/><G66/><T91/><D67/><U110/><E110/><V89/><F65/><W53/><G86/><T135/><D135/><U102/><E48/><V58/><F79/><W96/><G85/><T63/><D63/><U27/><E27/><V6/><F6/><W5/><G51/><T54/><D92/><U80/><E102/><V97/><F109/><W125/><G125/><T3/><D3/><U9/><E9/><V11/><F11/><W7/><G7/><T116/><D116/><U132/><E132/><V31/><REACH who="2" step="1"/><F55/><REACH who="2" step="2"/><N who="3" m="30159" /><G5/><T16/><AGARI ba="0,1" hai="16,17,20,25,28,49,54,57,60,64,68,87,91,94" machi="16" ten="30,2000,0" yaku="0,1,54,1" doraHai="30" who="0" fromWho="0" sc="240,30,187,-5,220,-10,343,-5" /><INIT seed="3,0,0,3,2,91" ten="270,182,210,338" oya="3" hai0="46,5,11,40,28,25,129,120,104,7,76,103,79" hai1="99,13,32,102,82,126,1,114,12,53,115,71,111" hai2="4,34,45,57,80,18,27,61,10,122,98,85,113" hai3="65,90,2,56,83,59,23,26,101,133,35,88,6" shuffle="mt19937ar,E92B1D7D,A03E3C4A,8588398B,A5DB34A6,C15ED263,2C8E8A7D,D1A1E4A6,1917C07E"/><W50/><G35/><T37/><D120/><U118/><E71/><V119/><F122/><W112/><G112/><T74/><D7/><U128/><E32/><V77/><F119/><W84/><G133/><T30/><D79/><U17/><E118/><V73/><F34/><W21/><G101/><T48/><D48/><U116/><E1/><V52/><F113/><W31/><G2/><T49/><D49/><U125/><E116/><V86/><F45/><W22/><G6/><T89/><D89/><U54/><E82/><V105/><F105/><W94/><G50/><T43/><D43/><U70/><E70/><V93/><F4/><W36/><G36/><T130/><D25/><U58/><E111/><V16/><F18/><W44/><G44/><T0/><D30/><U106/><E128/><V95/><F10/><W15/><G15/><N who="1" m="5706" /><E17/><V96/><F96/><N who="3" m="57415" /><G59/><T39/><D28/><U68/><E68/><V123/><F123/><W100/><G100/><T64/><D64/><U19/><E19/><V117/><F117/><W107/><G107/><T81/><D39/><U38/><E38/><V134/><F134/><W42/><G42/><T9/><D9/><U109/><E109/><V33/><F33/><W121/><G121/><T72/><D72/><U135/><E135/><V92/><REACH who="2" step="1"/><F98/><AGARI ba="0,0" hai="0,5,11,37,40,46,74,76,81,98,103,104,129,130" machi="98" ten="40,8000,1" yaku="25,2,23,2" doraHai="91" who="0" fromWho="2" sc="270,80,182,0,210,-80,338,0" owari="350,35,182,-17,130,-27,338,9" /></mjloggm>