<mjloggm ver="2.3"><GO type="41"/><UN n0="%E3%81%A1%E3%82%87%E3%81%A3%E3%81%A8%E3%83%AB%E3%83%BC%E3%83%B3" n1="%E3%82%A6%E3%83%AB%E3%83%88%E3%83%A9%E7%AB%8B%E7%9B%B4" n2="%E3%81%88%E3%81%99%E3%81%BA%E3%82%89%E3%82%93%E3%81%95%EF%BD%9E" n3="%EF%BC%B5%EF%BC%BA" dan="13,14,15,14" rate="1842,1931,1944,1868" sx="M,M,F,M"/><TAIKYOKU oya="0"/><INIT seed="0,0,0,4,2,41" ten="250,250,250,250" oya="0" hai0="52,25,3,123,127,7,19,70,8,77,88,65,47" hai1="79,63,18,46,4,38,61,2,57,135,131,24,39" hai2="84,0,56,64,112,9,89,12,1,17,76,82,30" hai3="49,102,99,21,85,34,43,86,31,29,26,98,94"/><T91/><D123/><U87/><E4/><V16/><F112/><W14/><G14/><T66/><D77/><U93/><E2/><V114/><F114/><W72/><G72/><T115/><D115/><U73/><E73/><V119/><F119/><W71/><G71/><T81/><D81/><U134/><E79/><V51/><F30/><W113/><G113/><T122/><D122/><U95/><E24/><V11/><F1/><W106/><G31/><T116/><D116/><U67/><E18/><V36/><F36/><W90/><G34/><T20/><D127/><U104/><E104/><V22/><F0/><W55/><G43/><T124/><D124/><U6/><E6/><V117/><F117/><W32/><REACH who="3" step="1"/><G32/><REACH who="3" step="2"/><T60/><REACH who="0" step="1"/><D66/><REACH who="0" step="2"/><U110/><E67/><V35/><F64/><W111/><G111/><T121/><D121/><U42/><E110/><V109/><F109/><W107/><G107/><T27/><D27/><U28/><E28/><V120/><F120/><W13/><G13/><T118/><D118/><U33/><E33/><V97/><F35/><W5/><G5/><T100/><D100/><U74/><E74/><V48/><F17/><W128/><G128/><T83/><D83/><U101/><E131/><V96/><F16/><W44/><AGARI ba="0,2" hai="21,26,29,44,49,55,85,86,90,94,98,99,102,106" machi="44" ten="20,5200,0" yaku="1,1,0,1,7,1,52,1,53,0" doraHai="41" doraHaiUra="129" who="3" fromWho="3" sc="240,-26,250,-13,250,-13,240,72" /><INIT seed="1,0,0,1,4,37" ten="214,237,237,312" oya="1" hai0="75,104,63,130,25,109,122,89,13,69,80,123,53" hai1="96,127,7,10,78,94,99,101,100,34,119,107,103" hai2="92,59,134,41,121,81,115,82,26,65,24,11,68" hai3="15,40,22,133,72,27,110,124,131,28,38,66,76"/><U85/><E34/><V91/><F121/><W128/><G15/><T74/><D104/><N who="1" m="63495" /><E119/><V23/><F68/><W35/><G22/><T1/><D1/><U16/><E7/><V105/><F105/><W19/><G19/><T61/><D130/><N who="3" m="49705" /><G110/><T125/><D109/><U42/><E16/><V6/><F115/><W108/><G108/><T43/><D25/><U21/><E21/><V117/><F117/><W77/><G66/><T14/><D69/><U95/><E10/><V70/><F70/><W90/><G133/><T9/><D9/><U39/><E39/><V71/><F134/><W129/><G124/><T47/><D125/><U44/><E42/><V111/><F111/><W102/><G102/><T4/><D4/><U113/><E44/><V46/><F71/><W29/><G29/><T112/><D47/><U86/><E113/><V57/><F65/><W56/><G56/><N who="2" m="21577" /><F6/><W58/><G58/><T116/><D112/><U49/><E49/><N who="2" m="26831" /><F11/><W5/><G5/><T54/><D116/><U93/><E127/><V83/><F23/><W55/><G27/><T64/><D64/><U12/><E12/><V51/><F51/><W84/><G28/><T114/><D114/><U132/><E132/><V62/><F62/><W45/><G35/><T120/><D120/><U36/><E36/><V97/><AGARI ba="0,0" hai="24,26,81,82,83,91,92,97" m="26831,21577" machi="97" ten="30,2000,0" yaku="8,1,52,1" doraHai="37" who="2" fromWho="2" sc="214,-5,237,-10,237,20,312,-5" /><INIT seed="2,0,0,1,1,93" ten="209,227,257,307" oya="2" hai0="23,76,83,48,37,57,73,71,6,46,16,43,28" hai1="122,110,113,105,9,52,53,84,82,109,55,103,91" hai2="102,131,8,114,135,15,96,39,121,45,13,10,119" hai3="20,125,126,77,32,94,79,67,35,31,22,12,72"/><V58/><F121/><W117/><G12/><T18/><D71/><U87/><E113/><V107/><F114/><W74/><G67/><T36/><D28/><U44/><E122/><V34/><F34/><N who="3" m="12843" /><G31/><T17/><D6/><U2/><E2/><V59/><F119/><W100/><G94/><T88/><D37/><U62/><E9/><V41/><F135/><W128/><G100/><T65/><D36/><U66/><E84/><V50/><F131/><W68/><G68/><T116/><D116/><U75/><E75/><N who="3" m="28714" /><G128/><T42/><D42/><U115/><E115/><V60/><F60/><W5/><G5/><T0/><D0/><U1/><E1/><V108/><F50/><W85/><G85/><T11/><D11/><U49/><E62/><V4/><REACH who="2" step="1"/><F108/><REACH who="2" step="2"/><W129/><G129/><T104/><D48/><U97/><REACH who="1" step="1"/><E66/><REACH who="1" step="2"/><V112/><F112/><W38/><G117/><T25/><D65/><U81/><E81/><V69/><F69/><W19/><G38/><T30/><D83/><U130/><E130/><V92/><F92/><W99/><G126/><T21/><D104/><U7/><E7/><AGARI ba="0,2" hai="4,7,8,10,13,15,39,41,45,58,59,96,102,107" machi="7" ten="30,11600,0" yaku="1,1,7,1,9,1,52,1,53,0" doraHai="93" doraHaiUra="134" who="2" fromWho="1" sc="209,0,217,-116,247,136,307,0" /><INIT seed="2,1,0,4,2,33" ten="209,101,383,307" oya="2" hai0="130,41,117,75,58,66,101,61,59,0,36,15,25" hai1="31,10,19,28,126,24,51,76,114,123,131,5,4" hai2="92,90,112,23,18,39,65,106,42,104,109,46,115" hai3="40,132,81,73,88,57,78,99,56,87,16,107,54"/><V119/><F119/><W37/><G132/><T22/><D75/><U6/><E51/><V44/><F65/><W2/><G2/><T111/><D117/><U53/><E53/><V7/><F7/><N who="1" m="2633" /><E76/><V105/><F109/><W103/><G40/><T100/><D111/><U21/><E114/><V85/><REACH who="2" step="1"/><F46/><REACH who="2" step="2"/><W29/><G54/><T95/><D66/><U62/><E123/><V133/><F133/><W49/><G49/><T93/><D36/><U129/><E62/><V14/><AGARI ba="1,1" hai="14,18,23,39,42,44,85,90,92,104,105,106,112,115" machi="14" ten="30,3000,0" yaku="1,1,0,1,53,0" doraHai="33" doraHaiUra="67" who="2" fromWho="2" sc="209,-11,101,-11,373,43,307,-11" /><INIT seed="2,2,0,0,1,24" ten="198,90,416,296" oya="2" hai0="31,120,113,94,66,21,56,107,39,2,6,38,89" hai1="11,69,127,71,25,86,70,88,55,8,53,13,93" hai2="97,41,102,134,54,37,72,19,78,51,44,119,126" hai3="122,98,79,115,124,130,30,61,95,10,77,103,65"/><V75/><F119/><W50/><G130/><T111/><D107/><U74/><E74/><V33/><F134/><W106/><G124/><T109/><D120/><U43/><E127/><V46/><F126/><W16/><G115/><T52/><D113/><U3/><E43/><V80/><F33/><W32/><G50/><T49/><D66/><U18/><E3/><V22/><F80/><W14/><G95/><T45/><D45/><U108/><E108/><V42/><F78/><W101/><G101/><T67/><D67/><U34/><REACH who="1" step="1"/><E11/><REACH who="1" step="2"/><V76/><F75/><W48/><G122/><T20/><D111/><U17/><E17/><V15/><F72/><W29/><G48/><T59/><D2/><U129/><E129/><V5/><F42/><W7/><G7/><T0/><D39/><U87/><E87/><V1/><F5/><W26/><REACH who="3" step="1"/><G30/><AGARI ba="2,1" hai="8,13,18,25,30,34,53,55,69,70,71,86,88,93" machi="30" ten="40,8000,1" yaku="1,1,52,1,54,1,53,1" doraHai="24" doraHaiUra="85" who="1" fromWho="3" sc="198,0,80,96,416,0,296,-86" /><INIT seed="3,0,0,5,2,47" ten="198,176,416,210" oya="3" hai0="67,48,10,73,0,33,14,38,20,91,133,18,22" hai1="129,112,66,130,55,59,104,107,35,39,114,82,95" hai2="119,43,99,27,90,36,63,101,98,41,12,11,100" hai3="5,127,103,70,54,50,72,62,42,23,76,77,71"/><W80/><G77/><T113/><D38/><U118/><E35/><V8/><F119/><W28/><G127/><T7/><D113/><U125/><E82/><V110/><F110/><W121/><G121/><T74/><D133/><U96/><E66/><V45/><F43/><W53/><G42/><T105/><D105/><U115/><E39/><V108/><F108/><W24/><G103/><T46/><D67/><U40/><E40/><V19/><F27/><W134/><G5/><T97/><D33/><U135/><E59/><V16/><F63/><W52/><G134/><T85/><D22/><U4/><E55/><V37/><F36/><W44/><REACH who="3" step="1"/><G62/><REACH who="3" step="2"/><T32/><D74/><U78/><E4/><V120/><F120/><W56/><G56/><T75/><D73/><U102/><E135/><V123/><F101/><W1/><G1/><T58/><D58/><U86/><E118/><V81/><F100/><W25/><G25/><T57/><D57/><U84/><E125/><V6/><F123/><W89/><G89/><T68/><D75/><U131/><E78/><V60/><F60/><W92/><G92/><T15/><D7/><U109/><E109/><V93/><F6/><W124/><G124/><T31/><D31/><U94/><REACH who="1" step="1"/><E95/><REACH who="1" step="2"/><V29/><F93/><W65/><G65/><T17/><D0/><U26/><E26/><V34/><F41/><W128/><G128/><T3/><D3/><U30/><E30/><V83/><F29/><W122/><G122/><T117/><D117/><U126/><E126/><V61/><F61/><W106/><G106/><AGARI ba="0,2" hai="84,86,94,96,102,104,106,107,112,114,115,129,130,131" machi="106" ten="50,12000,2" yaku="1,1,19,1,34,3,53,1" doraHai="47" doraHaiUra="88" who="1" fromWho="3" sc="198,0,166,140,416,0,200,-120" /><INIT seed="4,0,0,3,0,64" ten="198,306,416,80" oya="0" hai0="83,89,41,15,63,23,58,135,92,12,28,118,67" hai1="9,99,95,13,109,56,112,53,17,71,73,97,133" hai2="46,93,69,68,27,127,123,129,87,36,108,42,125" hai3="81,91,39,100,4,31,107,75,115,94,43,76,105"/><T26/><D118/><U101/><E73/><V40/><F108/><W19/><G19/><T119/><D119/><U0/><E0/><V62/><F62/><W120/><G120/><T74/><D135/><U114/><E109/><V70/><F123/><W78/><G4/><T30/><D30/><U7/><E133/><V66/><F27/><W57/><G57/><T61/><D41/><U38/><E38/><V8/><F66/><W54/><G54/><T90/><D63/><U51/><E99/><V84/><F129/><W32/><G31/><T52/><D67/><U126/><E7/><V3/><F93/><W25/><G25/><T103/><D103/><U85/><E85/><V11/><F42/><W47/><G32/><T45/><D45/><U116/><E116/><V60/><F60/><W18/><G78/><T14/><D92/><U132/><E132/><V37/><F37/><W111/><G115/><N who="1" m="44074" /><E126/><N who="2" m="48139" /><F3/><W117/><G100/><T59/><REACH who="0" step="1"/><D58/><REACH who="0" step="2"/><U34/><E34/><V20/><F40/><W50/><G111/><T130/><D130/><U128/><E128/><V106/><F36/><W113/><G113/><T29/><D29/><U16/><E17/><V44/><F44/><W77/><G117/><T124/><D124/><U104/><E95/><V24/><F46/><W79/><G39/><T49/><D49/><U2/><E2/><V21/><F106/><W88/><G18/><T98/><D98/><U134/><E134/><V55/><F55/><W102/><G105/><T122/><D122/><U131/><E131/><V110/><F110/><W48/><G107/><T86/><D86/><RYUUKYOKU ba="0,1" sc="188,15,306,15,416,-15,80,-15" hai0="12,14,15,23,26,28,52,59,61,74,83,89,90" hai1="9,13,16,51,53,56,71,97,101,104" /><INIT seed="4,1,1,5,1,1" ten="203,321,401,65" oya="0" hai0="112,7,98,93,38,107,66,61,88,109,34,82,8" hai1="22,57,26,83,55,122,41,28,97,4,128,111,27" hai2="53,79,95,116,48,81,69,108,44,15,74,110,60" hai3="127,71,131,21,94,102,90,96,130,47,119,68,29"/><T58/><D109/><U124/><E122/><V113/><F113/><W39/><G119/><T14/><D34/><U54/><E111/><V76/><F76/><W52/><G127/><T120/><D120/><U45/><E124/><V91/><F15/><W126/><G126/><T59/><D112/><U49/><E128/><N who="3" m="49194" /><G21/><T105/><D38/><U117/><E117/><V10/><F116/><W77/><G29/><T123/><D123/><U18/><E55/><V125/><F125/><W36/><G77/><T75/><D59/><U134/><E134/><V50/><F69/><N who="3" m="26699" /><G102/><T100/><D75/><U43/><E27/><V30/><F30/><W65/><G65/><T24/><D24/><U32/><E32/><V89/><F89/><W73/><G73/><T121/><D121/><U12/><E28/><V103/><F103/><W63/><G47/><T17/><D107/><U133/><E133/><V31/><F110/><W25/><G25/><T2/><D82/><U87/><E97/><V62/><F31/><W114/><G114/><T3/><REACH who="0" step="1"/><D17/><REACH who="0" step="2"/><U132/><E132/><V101/><F108/><W106/><G106/><T42/><D42/><U84/><E43/><V78/><F74/><W11/><G11/><T80/><D80/><U104/><E104/><V135/><F81/><W118/><G118/><T67/><D67/><U20/><E83/><V46/><F10/><W115/><G115/><T16/><D16/><U9/><REACH who="1" step="1"/><E22/><REACH who="1" step="2"/><V40/><F135/><W6/><G96/><AGARI ba="1,3" hai="2,3,7,8,14,58,61,66,88,93,96,98,100,105" machi="96" ten="30,12000,1" yaku="1,1,7,1,52,1,54,1,53,1" doraHai="1" doraHaiUra="86" who="0" fromWho="3" sc="193,153,311,0,401,0,65,-123" owari="346,15,311,-9,401,50,-58,-56" /></mjloggm>