<mjloggm ver="2.3"><GO type="193"/><UN n0="%E3%82%A6%E3%83%AB%E3%83%88%E3%83%A9%E7%AB%8B%E7%9B%B4" n1="%E3%81%97%E3%81%97%E3%81%BE%E3%82%8B" n2="%61%74%6F%6D%65" n3="%E5%A4%9A%E7%89%8C%28%3B%2D%5F%2D%29" dan="12,13,10,12" rate="1766,1756,1470,1652" sx="M,M,M,F"/><TAIKYOKU oya="0"/><INIT seed="0,0,0,1,5,18" ten="250,250,250,250" oya="0" hai0="33,105,23,116,17,36,68,58,52,39,90,67,41" hai1="87,70,10,125,86,12,103,89,13,113,53,84,46" hai2="95,32,108,88,29,71,85,94,96,40,0,82,48" hai3="60,73,35,21,38,110,56,55,2,98,22,66,124" shuffle="mt19937ar,F3B53720,E818E9BA,5FAA6500,20741C06,ECB70822,42DAF8EC,EEDC14A4,011501FB"/><T11/><D33/><U111/><E111/><V3/><F71/><W8/><G35/><T19/><D105/><U83/><E70/><V129/><F108/><W112/><G73/><T100/><D116/><U123/><E125/><V45/><F129/><W69/><G112/><T81/><D100/><U126/><E126/><V62/><F29/><W120/><G38/><T75/><D67/><U27/><E113/><V127/><F32/><W42/><G124/><T115/><D68/><U117/><E117/><V15/><F127/><W28/><G120/><T109/><D109/><U99/><E123/><V80/><F3/><W31/><G42/><T92/><D115/><U130/><E13/><V133/><F0/><W65/><G110/><T135/><D135/><U1/><E130/><V7/><F133/><W93/><G69/><T44/><D36/><U37/><E1/><V43/><F62/><W61/><G2/><T4/><D81/><U5/><E27/><V9/><F43/><W64/><G60/><T118/><D75/><U132/><E132/><V97/><F85/><W119/><G8/><T114/><D114/><U72/><E72/><V102/><AGARI ba="0,0" hai="7,9,15,40,45,48,80,82,88,94,95,96,97,102" machi="102" ten="20,5200,0" yaku="0,1,7,1,8,1,54,1" doraHai="18" who="2" fromWho="2" sc="250,-26,250,-13,250,52,250,-13" /><INIT seed="1,0,0,5,3,125" ten="224,237,302,237" oya="1" hai0="34,96,37,10,126,15,66,33,13,104,39,22,24" hai1="62,99,81,67,112,127,128,12,83,11,80,74,50" hai2="86,76,79,90,115,131,29,135,6,134,23,35,130" hai3="111,87,38,106,109,53,114,8,68,133,21,46,103" shuffle="mt19937ar,85BEFA0B,FDFD7127,993C78D9,DE3AB3D3,1A08DDBC,7D98AB86,8CF008CB,CFBE0DCB"/><U7/><E127/><V84/><F35/><W61/><G114/><T113/><D66/><U31/><E112/><V89/><F6/><W95/><G133/><N who="2" m="50697" /><F23/><W82/><G106/><T56/><D56/><U14/><E74/><V3/><F29/><W52/><G103/><T91/><D39/><U98/><E128/><N who="2" m="49195" /><F3/><W0/><G21/><T36/><D34/><U92/><E31/><V47/><F47/><W75/><G95/><T4/><D22/><U124/><E50/><V54/><F54/><W77/><G87/><N who="2" m="33321" /><F115/><W121/><G121/><T108/><D113/><U60/><E124/><V70/><F70/><W72/><G52/><T51/><D4/><U28/><E28/><V110/><F110/><N who="3" m="41995" /><G53/><T43/><D108/><U123/><E67/><V45/><F45/><W97/><G97/><T41/><D96/><U118/><E99/><V120/><F120/><W32/><G75/><T78/><D33/><U100/><E123/><V101/><F101/><W19/><G19/><T88/><D126/><U20/><E118/><V18/><F18/><AGARI ba="0,0" hai="7,11,12,14,18,20,60,62,80,81,83,92,98,100" machi="18" ten="40,2000,0" yaku="8,1" doraHai="125" who="1" fromWho="2" sc="224,0,237,20,302,-20,237,0" /><INIT seed="1,1,0,0,2,78" ten="224,257,282,237" oya="1" hai0="135,57,81,12,46,11,23,113,13,121,117,53,125" hai1="55,2,33,9,0,15,58,123,37,116,54,8,79" hai2="28,107,100,80,95,19,56,94,26,92,47,131,40" hai3="63,17,101,115,75,88,45,43,35,24,29,76,93" shuffle="mt19937ar,2FF3BBED,3998DE48,ABB16403,2471F8DB,DF9E8B7C,5CF47BE2,21E5F125,FB92BF3A"/><U70/><E70/><V132/><F107/><W72/><G115/><T129/><D113/><U48/><E123/><V39/><F132/><W110/><G101/><T124/><D117/><U27/><E116/><V42/><F131/><W67/><G110/><T60/><D135/><U30/><E37/><V44/><F100/><W69/><G76/><T32/><D32/><U1/><E79/><V62/><F19/><W126/><G17/><T68/><D129/><U34/><E34/><V104/><F104/><W18/><G18/><T99/><D99/><U128/><E128/><V91/><F26/><W130/><G130/><T59/><D23/><U36/><E36/><V51/><F28/><W7/><G7/><T6/><D13/><U103/><E103/><V114/><F114/><W109/><G126/><N who="0" m="48747" /><D121/><U3/><N who="1" m="512" /><DORA hai="90" /><U73/><E73/><V64/><REACH who="2" step="1"/><F80/><REACH who="2" step="2"/><W98/><REACH who="3" step="1"/><G109/><REACH who="3" step="2"/><T65/><D81/><U61/><REACH who="1" step="1"/><E15/><REACH who="1" step="2"/><V83/><F83/><W86/><G86/><AGARI ba="1,3" hai="39,40,42,44,47,51,56,62,64,86,91,92,94,95" machi="86" ten="30,8000,1" yaku="1,1,7,1,52,3,53,0" doraHai="78,90" doraHaiUra="119,118" who="2" fromWho="3" sc="224,0,247,0,272,113,227,-83" /><INIT seed="2,0,0,5,0,7" ten="224,247,385,144" oya="2" hai0="97,70,100,92,106,33,74,15,11,124,8,26,81" hai1="72,53,94,23,95,9,80,29,0,49,52,88,109" hai2="24,111,108,1,132,50,67,46,2,118,32,126,85" hai3="64,19,89,6,75,58,133,27,10,122,71,90,91" shuffle="mt19937ar,D60CC74E,91DD1283,6F5B7A9B,5B7AAC8E,03423B5E,408AD6AF,1F8485C5,06F74139"/><V21/><F67/><W66/><G75/><T61/><D15/><U79/><E109/><N who="2" m="42059" /><F118/><W25/><G122/><T18/><D124/><U98/><E29/><V119/><F119/><W59/><G133/><T40/><D40/><U47/><E23/><V65/><F65/><N who="3" m="25195" /><G71/><T120/><D120/><U96/><E0/><V37/><F37/><W131/><G131/><T43/><D70/><U69/><E69/><V113/><F113/><W12/><G6/><T55/><D43/><U83/><E83/><V102/><F102/><W3/><G3/><N who="2" m="1033" /><F132/><W57/><AGARI ba="0,0" hai="10,12,19,25,27,57,58,59,89,90,91" m="25195" machi="57" ten="40,2700,0" yaku="8,1,52,1" doraHai="7" who="3" fromWho="3" sc="224,-7,247,-7,385,-13,144,27" /><INIT seed="3,0,0,3,5,86" ten="217,240,372,171" oya="3" hai0="6,61,51,66,134,98,57,24,4,34,93,121,83" hai1="77,60,46,111,2,1,48,123,90,63,26,62,89" hai2="106,72,8,67,3,42,119,64,104,105,115,5,39" hai3="103,95,13,47,59,35,117,78,80,118,125,28,75" shuffle="mt19937ar,E9EE33ED,1FAB2762,1D8FE505,6F090AEF,F3CF4F50,DBC15F95,ED86EA2C,CC5EBB3C"/><W112/><G112/><T131/><D134/><U132/><E123/><V31/><F64/><W11/><G125/><T84/><D131/><U7/><E132/><V92/><F119/><W0/><G0/><T20/><D34/><U12/><E111/><V122/><F115/><W32/><G103/><N who="0" m="60879" /><D51/><U85/><E26/><V94/><F67/><W38/><G32/><T70/><D70/><U69/><E69/><V113/><F113/><W52/><G35/><T71/><D71/><U129/><E129/><V65/><F65/><W82/><G80/><T17/><D121/><U127/><E127/><V56/><F31/><W130/><G130/><T100/><D100/><U45/><E2/><V41/><F122/><W22/><G95/><T37/><D37/><U29/><E29/><V15/><F56/><W73/><G75/><T135/><D135/><U53/><E1/><V126/><F126/><W55/><G28/><T50/><D50/><U68/><E68/><V96/><F15/><W109/><G109/><T114/><D114/><U49/><E12/><V97/><F72/><W91/><G22/><T110/><D110/><U99/><E7/><V58/><F58/><W33/><G33/><T116/><D116/><U27/><E27/><V81/><F81/><W44/><G38/><T101/><D101/><U25/><E25/><V107/><F39/><W18/><G91/><AGARI ba="0,0" hai="4,6,17,20,24,57,61,66,83,84,91" m="60879" machi="91" ten="30,2000,0" yaku="8,1,52,1" doraHai="86" who="0" fromWho="3" sc="217,20,240,0,372,0,171,-20" owari="237,-11,240,-1,372,37,151,-25" /></mjloggm>