<mjloggm ver="2.3"><GO type="41"/><UN n0="%53%61%6B%75%72%61%E2%99%AA" n1="%E3%82%A6%E3%83%AB%E3%83%88%E3%83%A9%E7%AB%8B%E7%9B%B4" n2="%6C%61%6E%31%32%33" n3="%E3%81%93%E3%83%BC%E3%81%9F%E3%82%93" dan="13,15,14,13" rate="2000,1948,1881,1809" sx="F,M,M,M"/><TAIKYOKU oya="0"/><INIT seed="0,0,0,0,5,110" ten="250,250,250,250" oya="0" hai0="4,66,12,22,34,91,57,17,114,100,54,108,58" hai1="21,79,31,105,32,123,15,24,60,26,29,98,106" hai2="107,124,81,45,49,64,23,56,133,6,127,72,30" hai3="87,120,0,97,86,95,61,43,111,76,38,65,13"/><T62/><D34/><U69/><E123/><V35/><F107/><W90/><G111/><T85/><D100/><U115/><E15/><V36/><F35/><W3/><G120/><T121/><D121/><U132/><E79/><V28/><F6/><W92/><G43/><T47/><D47/><U75/><E75/><V10/><F10/><W122/><G38/><T118/><D118/><U104/><E132/><V14/><F133/><W59/><G122/><T55/><D108/><U40/><E40/><V112/><F81/><W78/><G13/><T116/><D116/><U68/><E115/><V71/><F72/><W96/><G3/><T125/><D125/><N who="2" m="48202" /><F14/><W2/><G2/><T88/><D91/><U103/><REACH who="1" step="1"/><E69/><REACH who="1" step="2"/><V113/><F36/><W135/><G0/><T51/><D114/><N who="2" m="44138" /><F71/><W50/><G135/><T94/><REACH who="0" step="1"/><D4/><REACH who="0" step="2"/><U73/><E73/><V84/><F84/><W82/><G78/><T131/><D131/><U109/><E109/><V130/><F130/><W77/><G77/><T20/><D20/><U7/><E7/><V11/><F23/><W128/><G128/><T1/><D1/><U74/><E74/><V9/><F11/><W48/><G87/><T83/><D83/><U99/><E99/><V129/><F9/><W16/><G82/><T70/><D70/><U37/><E37/><V25/><F129/><W8/><G76/><T46/><D46/><U126/><E126/><V19/><F19/><W63/><G86/><T27/><D27/><U117/><E117/><V33/><F30/><W101/><G16/><T134/><D134/><U53/><E53/><AGARI ba="0,2" hai="12,17,22,51,53,54,55,57,58,62,66,85,88,94" machi="53" ten="40,18000,2" yaku="1,1,6,1,25,2,8,1,54,1,53,1" doraHai="110" doraHaiUra="80" who="0" fromWho="1" sc="240,200,240,-180,250,0,250,0" /><INIT seed="0,1,0,4,3,22" ten="440,60,250,250" oya="0" hai0="132,108,127,113,8,3,55,69,65,1,9,110,116" hai1="53,42,19,13,117,12,73,27,107,45,61,135,82" hai2="32,93,130,75,94,60,74,102,66,124,96,21,17" hai3="6,84,5,70,20,120,131,37,76,109,104,105,115"/><T72/><D116/><U118/><E107/><V11/><F32/><W98/><G98/><T23/><D72/><U67/><E135/><V112/><F112/><W57/><G76/><T100/><D113/><U29/><E53/><V121/><F121/><W63/><G84/><T16/><D132/><U41/><E82/><V33/><F33/><W49/><G49/><T97/><D127/><U15/><E73/><V103/><F124/><W106/><G20/><T81/><D81/><U80/><E80/><V78/><F11/><W43/><G43/><T34/><D34/><U86/><E86/><V111/><F111/><N who="0" m="42538" /><D65/><U35/><E19/><V77/><F130/><W85/><G85/><T87/><D69/><U4/><E4/><V56/><F75/><W122/><G37/><T40/><D40/><U50/><REACH who="1" step="1"/><E42/><REACH who="1" step="2"/><V90/><F74/><W38/><G5/><T52/><D55/><U123/><E123/><V114/><F114/><W28/><G6/><T24/><D52/><U62/><E62/><V18/><F17/><W36/><G63/><T47/><D87/><U30/><E30/><V0/><F0/><N who="0" m="74" /><D47/><U83/><E83/><V101/><F90/><W59/><G109/><T44/><D44/><U89/><E89/><V58/><F58/><AGARI ba="1,1" hai="12,13,15,27,29,35,41,45,50,58,61,67,117,118" machi="58" ten="40,2600,0" yaku="1,1,52,1,53,0" doraHai="22" doraHaiUra="125" who="1" fromWho="2" sc="440,0,50,39,250,-29,250,0" /><INIT seed="1,0,0,0,1,29" ten="440,89,221,250" oya="1" hai0="50,93,16,42,10,39,32,24,31,105,56,111,73" hai1="90,102,57,95,109,119,48,19,110,30,68,52,128" hai2="96,41,20,122,53,115,34,26,12,8,101,88,81" hai3="98,45,22,18,51,117,107,11,25,14,77,4,13"/><U64/><E102/><V46/><F122/><W54/><G117/><T112/><D39/><U114/><E119/><V127/><F127/><W87/><G107/><T37/><D37/><U71/><E114/><V113/><F53/><W9/><G98/><T84/><D73/><U63/><E128/><V120/><F120/><W43/><G87/><T132/><D105/><U28/><E19/><N who="2" m="8583" /><F46/><W65/><G65/><T91/><D112/><N who="2" m="43082" /><F41/><W2/><G77/><T135/><D111/><N who="1" m="42507" /><E71/><V59/><F59/><W124/><G124/><T67/><D42/><U40/><E40/><V133/><F133/><W99/><G99/><AGARI ba="0,0" hai="28,30,48,52,57,63,64,68,90,95,99" m="42507" machi="99" ten="30,5800,0" yaku="14,1,10,1,54,1" doraHai="29" who="1" fromWho="3" sc="440,0,89,58,221,0,250,-58" /><INIT seed="1,1,0,4,4,99" ten="440,147,221,192" oya="1" hai0="78,16,69,93,125,10,113,1,124,75,83,52,87" hai1="8,108,3,85,44,104,112,94,88,60,59,5,12" hai2="110,28,50,106,126,79,67,6,95,55,80,30,7" hai3="0,24,36,48,86,73,122,70,98,90,105,135,81"/><U18/><E112/><V134/><F110/><W42/><G0/><T116/><D69/><U34/><E34/><V20/><F106/><W117/><G122/><T57/><D113/><U51/><E104/><V61/><F134/><W38/><G70/><T29/><D116/><U111/><E3/><V23/><F126/><W15/><G135/><T33/><D33/><U82/><E5/><N who="2" m="1547" /><F95/><N who="3" m="54743" /><G117/><T58/><D29/><N who="2" m="11370" /><F61/><W115/><G24/><T31/><D31/><U123/><E123/><V129/><F67/><W77/><G15/><T26/><D1/><U41/><REACH who="1" step="1"/><E82/><REACH who="1" step="2"/><V21/><F129/><W25/><G115/><T74/><D124/><U102/><E102/><V32/><F32/><W35/><G35/><T89/><D125/><U49/><E49/><V127/><F127/><W39/><G25/><T91/><D26/><U2/><E2/><V96/><F80/><W9/><G48/><T22/><D83/><U66/><AGARI ba="1,1" hai="8,12,18,41,44,51,59,60,66,85,88,94,108,111" machi="66" ten="30,11700,0" yaku="1,1,0,1,54,1,53,1" doraHai="99" doraHaiUra="84" who="1" fromWho="1" sc="440,-40,137,130,221,-40,192,-40" /><INIT seed="1,2,0,0,4,67" ten="400,267,181,152" oya="1" hai0="65,18,48,80,26,12,59,32,61,36,105,122,37" hai1="51,86,99,6,33,9,62,106,47,121,101,104,10" hai2="111,40,89,127,94,38,120,13,109,66,116,114,8" hai3="125,35,2,56,19,100,27,73,14,98,63,42,54"/><U78/><E121/><V11/><F127/><W17/><G73/><T81/><D105/><U84/><E33/><V24/><F120/><W52/><G2/><T43/><D122/><U90/><E104/><V23/><F116/><W71/><G125/><T119/><D119/><U39/><E39/><V130/><F40/><W5/><G5/><T49/><D36/><U107/><E107/><V132/><F38/><W21/><G35/><T85/><D37/><U70/><E78/><V110/><F66/><W72/><G72/><T103/><D103/><U3/><E10/><V102/><F102/><W53/><G42/><T64/><D65/><U55/><E62/><V91/><F132/><W118/><G71/><T28/><D80/><U25/><E25/><V88/><F130/><W87/><G87/><T131/><D131/><U45/><E86/><V123/><F123/><W30/><G118/><T92/><D92/><U83/><REACH who="1" step="1"/><E45/><REACH who="1" step="2"/><V108/><N who="2" m="28160" /><DORA hai="4" /><V29/><F114/><W128/><G128/><T113/><D113/><U46/><E46/><V79/><F79/><W31/><G31/><T41/><D41/><U7/><E7/><N who="2" m="3231" /><F11/><N who="3" m="6367" /><G30/><T76/><D43/><U57/><E57/><V77/><F77/><W58/><G58/><T129/><D129/><U95/><E95/><AGARI ba="2,1" hai="23,24,29,88,89,91,94,95" m="3231,28160" machi="95" ten="60,7700,0" yaku="14,1,52,1,54,1" doraHai="67,4" who="2" fromWho="1" sc="400,0,257,-83,181,93,152,0" /><AGARI ba="2,0" hai="19,21,27,52,53,54,56,63,95,98,100" m="6367" machi="95" ten="30,3900,0" yaku="8,1,52,1,54,1" doraHai="67,4" who="3" fromWho="1" sc="400,0,174,-39,274,0,152,39" /><INIT seed="2,0,0,2,5,31" ten="400,135,274,191" oya="2" hai0="23,55,114,96,54,95,91,92,89,123,125,49,108" hai1="20,70,53,34,115,28,15,78,68,80,72,133,116" hai2="42,66,127,75,46,109,65,25,118,119,41,1,7" hai3="2,103,90,38,29,121,117,110,12,19,112,58,13"/><V64/><F75/><W87/><G2/><T22/><D114/><U106/><E116/><N who="2" m="44587" /><F1/><W120/><G117/><T107/><D108/><U60/><E115/><V44/><F7/><W6/><G38/><T124/><D123/><U9/><E106/><V59/><F25/><W10/><G112/><T100/><D124/><U128/><E20/><V135/><F127/><W0/><G110/><T126/><D126/><U131/><E133/><V76/><F76/><W94/><G103/><T88/><D54/><U21/><E21/><V45/><F109/><W37/><G37/><T8/><D125/><U97/><E97/><V85/><F85/><W36/><G36/><T101/><D8/><U81/><E81/><V99/><F99/><W17/><G29/><T27/><D23/><U130/><E53/><V63/><F135/><W93/><G0/><T3/><D3/><U14/><E60/><V52/><AGARI ba="0,0" hai="41,42,44,45,46,52,59,63,64,65,66" m="44587" machi="52" ten="40,7800,0" yaku="34,2,54,1" doraHai="31" who="2" fromWho="2" sc="400,-26,135,-26,274,78,191,-26" /><INIT seed="2,1,0,5,2,62" ten="374,109,352,165" oya="2" hai0="92,59,70,109,26,33,41,10,4,47,66,98,135" hai1="2,133,55,120,118,23,114,106,37,76,91,108,44" hai2="130,73,110,6,43,101,126,75,80,112,86,36,85" hai3="53,64,94,84,58,29,9,90,38,34,54,65,111"/><V72/><F112/><W88/><G38/><T25/><D70/><U12/><E91/><V48/><F36/><W132/><G34/><T107/><D107/><U127/><E12/><V99/><F6/><W93/><G29/><T24/><D109/><U134/><E23/><V18/><F18/><W63/><G111/><T61/><D135/><U60/><E76/><N who="2" m="44039" /><F43/><W121/><G121/><T117/><D33/><U16/><E16/><V30/><F30/><W5/><G132/><T116/><D117/><U28/><E28/><V68/><F68/><W74/><G74/><N who="2" m="28169" /><F48/><W131/><G131/><T100/><D116/><U52/><E106/><N who="2" m="63807" /><F110/><W87/><G54/><T13/><D25/><U81/><E2/><V15/><F15/><W51/><G63/><T104/><REACH who="0" step="1"/><D104/><REACH who="0" step="2"/><U3/><E134/><V19/><F130/><W77/><G77/><T42/><D42/><N who="1" m="22607" /><E133/><V83/><F126/><W102/><G102/><T71/><D71/><U50/><E127/><V56/><F56/><W17/><G17/><T31/><D31/><U21/><E120/><V46/><F19/><W27/><G27/><T128/><D128/><U89/><E108/><V45/><F45/><W113/><G113/><T97/><D97/><U103/><E114/><V7/><F46/><W11/><G11/><T79/><D79/><U22/><E118/><V82/><F7/><W95/><G95/><T78/><D78/><U49/><E22/><V122/><F122/><W57/><G57/><T67/><D67/><U32/><E21/><V14/><F14/><AGARI ba="1,1" hai="5,9,14,51,53,58,64,65,84,87,88,90,93,94" machi="14" ten="30,12000,2" yaku="7,1,9,1,8,1,52,2,54,1" doraHai="62" who="3" fromWho="2" sc="364,0,109,0,352,-123,165,133" /><INIT seed="3,0,0,2,1,52" ten="364,109,229,298" oya="3" hai0="80,8,4,25,33,28,75,19,122,3,114,74,51" hai1="97,17,50,45,49,83,121,88,130,66,108,62,115" hai2="57,93,106,54,113,36,7,81,64,132,103,5,73" hai3="116,35,79,119,1,44,120,90,34,13,70,42,68"/><W58/><G1/><T129/><D122/><U126/><E115/><V76/><F132/><W55/><G120/><T41/><D129/><U46/><E121/><V9/><F113/><W30/><G79/><T86/><D114/><U85/><E126/><V123/><F123/><W37/><G13/><T91/><D19/><U135/><E130/><V72/><F36/><W39/><G39/><T71/><D71/><U27/><E135/><V110/><F110/><W96/><G35/><T59/><D59/><N who="1" m="37215" /><E108/><V99/><F64/><W128/><G128/><T65/><D65/><U98/><E27/><V29/><F29/><W133/><G133/><T61/><D61/><U67/><E67/><V11/><F106/><W131/><G131/><T127/><D127/><U89/><E17/><V95/><F93/><W12/><G12/><T111/><REACH who="0" step="1"/><D111/><REACH who="0" step="2"/><U112/><E112/><V117/><F117/><W100/><G70/><T92/><D92/><N who="1" m="56455" /><E98/><V53/><F7/><W15/><G68/><T104/><D104/><U6/><E6/><V21/><F5/><W0/><G0/><T118/><D118/><U38/><E38/><V10/><F73/><W2/><G2/><T48/><D48/><AGARI ba="0,1" hai="45,46,48,49,50,83,85,89" m="56455,37215" machi="48" ten="30,3900,0" yaku="8,1,52,1,54,1" doraHai="52" who="1" fromWho="0" sc="354,-39,109,49,229,0,298,0" /><INIT seed="4,0,0,3,2,86" ten="315,158,229,298" oya="0" hai0="56,12,65,19,47,127,52,30,42,72,131,35,118" hai1="111,89,119,63,25,126,84,43,115,88,110,80,15" hai2="67,76,18,62,66,37,132,99,87,71,14,81,120" hai3="114,27,53,45,3,20,50,17,98,135,26,74,21"/><T7/><D72/><U95/><E119/><V109/><F120/><W44/><G3/><T58/><D118/><U60/><E111/><V91/><F109/><W112/><G74/><T41/><D127/><U54/><E110/><V123/><F123/><W29/><G135/><T94/><D131/><U28/><E126/><V82/><F132/><W6/><G6/><T78/><D78/><U103/><E103/><V32/><F32/><W75/><G75/><T5/><D30/><U57/><E115/><V23/><F67/><W100/><REACH who="3" step="1"/><G45/><REACH who="3" step="2"/><T61/><D47/><U46/><E15/><V113/><F113/><W2/><G2/><T68/><D68/><U92/><E25/><V55/><F37/><W0/><G0/><T49/><D35/><U134/><E134/><V105/><F55/><W83/><G83/><T106/><D5/><U51/><E28/><V116/><F116/><W90/><G90/><T70/><D70/><U4/><E4/><V79/><F79/><W13/><G13/><T117/><D7/><U38/><REACH who="1" step="1"/><E80/><REACH who="1" step="2"/><V102/><REACH who="2" step="1"/><F76/><REACH who="2" step="2"/><W69/><G69/><T124/><D117/><U85/><AGARI ba="0,3" hai="38,43,46,51,54,57,60,63,84,85,88,89,92,95" machi="85" ten="20,16000,3" yaku="1,1,2,1,0,1,7,1,9,1,52,2,54,1,53,0" doraHai="86" doraHaiUra="77" who="1" fromWho="1" sc="315,-80,148,190,219,-40,288,-40" /><INIT seed="5,0,0,0,5,8" ten="235,338,179,248" oya="1" hai0="14,113,49,106,79,35,125,18,10,20,75,37,71" hai1="65,99,3,82,104,55,41,59,13,98,52,117,17" hai2="74,88,63,7,128,42,39,133,64,38,50,32,16" hai3="21,12,134,23,77,53,91,44,81,89,85,11,48"/><U61/><E3/><V116/><F74/><W96/><G134/><T58/><D71/><U9/><E117/><V112/><F32/><W69/><G69/><T122/><D37/><U70/><E41/><V109/><F116/><W30/><G30/><T115/><D35/><U130/><E130/><V135/><F7/><W90/><G96/><T76/><D122/><U68/><E68/><N who="2" m="42015" /><F109/><W127/><G127/><T62/><D106/><U126/><E126/><V107/><F107/><W28/><G28/><T97/><D97/><N who="1" m="36875" /><E70/><V45/><F88/><W56/><G56/><T51/><D75/><U119/><E119/><V22/><F128/><W26/><G26/><N who="0" m="14615" /><D125/><U54/><E104/><V95/><F95/><W103/><G103/><T2/><D113/><U66/><E82/><V110/><F110/><W92/><G92/><T84/><D115/><U83/><E83/><V67/><F67/><AGARI ba="0,0" hai="9,13,17,52,54,55,59,61,65,66,67" m="36875" machi="67" ten="30,5800,0" yaku="8,1,52,1,54,1" doraHai="8" who="1" fromWho="2" sc="235,0,338,58,179,-58,248,0" /><INIT seed="5,1,0,3,0,93" ten="235,396,121,248" oya="1" hai0="21,26,94,69,40,84,56,41,92,42,49,113,85" hai1="96,32,116,58,86,90,34,57,108,72,38,67,5" hai2="82,119,29,87,74,23,2,0,52,134,44,133,97" hai3="4,125,102,18,105,47,53,1,50,55,77,107,10"/><U64/><E72/><V80/><F74/><W31/><G125/><T124/><D69/><U70/><E38/><V60/><F119/><W25/><G18/><T45/><D113/><U6/><E86/><V104/><F29/><W36/><G36/><T120/><D120/><U112/><E90/><V129/><F23/><W63/><G77/><T114/><D56/><U126/><E70/><V46/><F129/><W127/><G127/><T54/><D114/><U51/><E51/><N who="2" m="28775" /><F46/><W24/><G24/><T76/><D94/><U89/><E89/><N who="2" m="51431" /><F82/><W135/><G135/><N who="2" m="51721" /><F60/><W20/><G63/><T100/><D124/><U33/><E126/><V59/><F59/><W22/><G22/><T43/><D76/><U9/><E34/><V15/><F15/><W12/><G1/><T13/><D13/><U14/><E14/><V88/><F104/><W16/><G31/><T48/><D48/><U8/><E112/><V103/><F103/><W131/><G131/><T117/><D117/><U28/><E28/><V75/><F75/><W78/><G78/><T3/><D3/><U99/><E116/><V91/><F91/><W39/><G39/><T115/><D115/><U71/><E71/><V66/><F66/><W106/><REACH who="3" step="1"/><G55/><REACH who="3" step="2"/><T130/><D130/><U110/><AGARI ba="1,1" hai="5,6,8,9,32,33,57,58,64,67,96,99,108,110" machi="110" ten="25,12000,1" yaku="0,1,22,2,52,2" doraHai="93" who="1" fromWho="1" sc="235,-41,396,133,121,-41,238,-41" /><INIT seed="5,2,0,3,0,49" ten="194,529,80,197" oya="1" hai0="34,33,76,87,32,90,83,102,61,82,103,47,44" hai1="133,56,3,72,6,20,41,15,59,38,16,81,134" hai2="24,22,17,107,63,106,86,58,120,25,99,96,5" hai3="68,116,64,50,10,53,126,110,52,97,45,42,123"/><U23/><E56/><V113/><F120/><W121/><G97/><T105/><D105/><U19/><E41/><V62/><F113/><W54/><G10/><T104/><D104/><U2/><E38/><V93/><F5/><W74/><G74/><T79/><D90/><U69/><E59/><V28/><F86/><W129/><G110/><T31/><D61/><U35/><E69/><V94/><F58/><W55/><G116/><T70/><D31/><U27/><E81/><V91/><F24/><W48/><G129/><T9/><D9/><N who="1" m="2263" /><E3/><V12/><F107/><W92/><G92/><T57/><D57/><U115/><E72/><V11/><REACH who="2" step="1"/><F106/><REACH who="2" step="2"/><W13/><G126/><T60/><D70/><U18/><E115/><V132/><F132/><N who="1" m="50793" /><E35/><V67/><F67/><W109/><G109/><T71/><D71/><U1/><E1/><V80/><F80/><W14/><G14/><T135/><D82/><U39/><E39/><V111/><F111/><W85/><G13/><T7/><D83/><U131/><E131/><V73/><F73/><W65/><G85/><T122/><D135/><U37/><E37/><V36/><F36/><W51/><G65/><T108/><D87/><U43/><E15/><V114/><F114/><W127/><N who="3" m="13824" /><DORA hai="124" /><W0/><G0/><T30/><D79/><U8/><E27/><V29/><F29/><W119/><G127/><T117/><D30/><U118/><E118/><V95/><F95/><W128/><G119/><T125/><D117/><U78/><E78/><V26/><F26/><W84/><G84/><T89/><D76/><U88/><E8/><RYUUKYOKU ba="2,1" sc="194,-10,529,-10,70,30,197,-10" hai2="11,12,17,22,25,28,62,63,91,93,94,96,99" /><INIT seed="6,3,1,5,3,125" ten="184,519,100,187" oya="2" hai0="86,79,40,120,19,78,77,88,71,118,28,10,38" hai1="35,85,111,47,115,90,73,5,68,81,99,27,128" hai2="134,49,36,127,98,37,11,32,57,30,2,15,75" hai3="60,82,89,95,6,21,124,33,66,46,107,8,4"/><V87/><F127/><W13/><G107/><T56/><D71/><U129/><E68/><V83/><F134/><W101/><G124/><T133/><D118/><U14/><E111/><V61/><F75/><W70/><G33/><T55/><D120/><U22/><E35/><V80/><F2/><W116/><G116/><T132/><D38/><U42/><E115/><V91/><F49/><W29/><G101/><T23/><D10/><U24/><E73/><V50/><F50/><W96/><G46/><T18/><D133/><U59/><E59/><V100/><F80/><W84/><G29/><T69/><D40/><U20/><E99/><V16/><F30/><W130/><G21/><T117/><D69/><U65/><E65/><V131/><F32/><W126/><G126/><T76/><D117/><U39/><E22/><V54/><REACH who="2" step="1"/><F131/><REACH who="2" step="2"/><W64/><G130/><N who="1" m="50282" /><E20/><V74/><F74/><W93/><G66/><T58/><D132/><U1/><E1/><V7/><F7/><W119/><G119/><T9/><D23/><U104/><E5/><V103/><F103/><W67/><G67/><T51/><D28/><U112/><E14/><V106/><AGARI ba="3,2" hai="11,15,16,36,37,54,57,61,83,87,91,98,100,106" machi="106" ten="20,12000,1" yaku="1,1,0,1,7,1,54,1,53,1" doraHai="125" doraHaiUra="12" who="2" fromWho="2" sc="184,-43,519,-43,90,149,187,-43" /><INIT seed="6,4,0,3,2,80" ten="141,476,239,144" oya="2" hai0="26,56,42,135,133,61,126,24,29,110,23,3,90" hai1="123,35,53,78,128,95,60,122,83,4,43,77,64" hai2="117,6,104,105,130,127,62,85,112,102,66,9,36" hai3="74,70,81,28,125,57,113,114,121,73,96,20,103"/><V32/><F117/><W131/><G121/><N who="1" m="46090" /><E35/><V72/><F36/><W55/><G70/><T108/><D110/><U33/><E33/><V58/><F32/><W59/><G131/><T47/><D3/><U87/><E43/><V118/><F118/><W50/><G125/><T7/><D126/><U38/><E38/><V46/><F72/><W30/><G20/><T79/><D108/><U34/><E34/><V51/><F127/><W69/><G69/><T2/><D79/><U40/><E40/><V17/><F102/><W63/><G81/><T111/><D111/><U25/><E25/><V71/><F130/><W119/><G74/><T107/><D107/><U100/><E53/><V106/><F112/><N who="3" m="43115" /><G73/><T37/><D7/><U76/><E4/><V10/><F17/><W68/><G68/><T0/><D90/><N who="1" m="53727" /><E100/><V97/><F97/><W19/><G19/><T65/><D2/><U89/><E89/><V22/><F22/><W39/><G39/><T1/><D0/><U99/><E99/><V21/><F21/><W49/><G119/><T5/><D24/><U45/><E45/><V8/><F71/><W134/><G134/><T86/><D5/><U13/><E13/><V120/><F120/><W18/><G18/><T84/><REACH who="0" step="1"/><D1/><REACH who="0" step="2"/><U91/><E128/><V75/><F6/><W88/><G30/><T94/><D94/><U132/><E78/><V129/><F129/><W15/><G28/><T82/><D82/><U12/><E77/><V109/><F109/><W52/><G15/><T27/><D27/><U116/><E76/><V54/><F75/><W44/><G103/><RYUUKYOKU ba="4,1" sc="131,15,476,-15,239,15,144,-15" hai0="23,26,29,37,42,47,56,61,65,84,86,133,135" hai2="8,9,10,46,51,54,58,62,66,85,104,105,106" /><INIT seed="6,5,1,0,0,47" ten="146,461,254,129" oya="2" hai0="71,6,12,25,21,81,36,62,109,40,41,127,63" hai1="2,13,128,50,97,125,53,102,104,94,116,120,92" hai2="34,80,124,19,65,56,7,8,61,26,134,60,37" hai3="89,77,22,45,108,90,114,101,38,88,33,9,130"/><V44/><F124/><W28/><G108/><T119/><D127/><U72/><E116/><V48/><F134/><W107/><G33/><T84/><D36/><U91/><E2/><V58/><F37/><W52/><G77/><T17/><D71/><U57/><E125/><V66/><F80/><W112/><G130/><T135/><D135/><U49/><E72/><V99/><F99/><N who="3" m="61887" /><G9/><N who="0" m="4151" /><D109/><U121/><E128/><V85/><F85/><W76/><G76/><N who="0" m="46119" /><D119/><U82/><E82/><V131/><F131/><W16/><G38/><T68/><D68/><U126/><E126/><V133/><F133/><W39/><G39/><T96/><D96/><N who="1" m="57375" /><E13/><N who="2" m="5279" /><F34/><W105/><G28/><T3/><D3/><U27/><E27/><V51/><F44/><W10/><G10/><T15/><D15/><U30/><E30/><V5/><F5/><W18/><G22/><AGARI ba="5,1" hai="19,22,26,48,51,56,58,60,61,65,66" m="5279" machi="22" ten="30,5800,0" yaku="8,1,52,2" doraHai="47" who="2" fromWho="3" sc="146,0,461,0,254,83,129,-73" /><INIT seed="6,6,0,1,0,104" ten="146,461,337,56" oya="2" hai0="92,49,81,52,114,124,50,6,15,69,110,19,13" hai1="123,47,108,53,96,9,65,62,60,32,107,98,16" hai2="36,51,80,40,78,130,133,66,89,8,112,75,125" hai3="122,121,42,115,103,88,14,31,84,71,106,4,132"/><V93/><F112/><W12/><G71/><T67/><D110/><U134/><E32/><V73/><F133/><W97/><G132/><T7/><D114/><U131/><E108/><V61/><F130/><W76/><G115/><T41/><D124/><U55/><E107/><V11/><F36/><W86/><G42/><T0/><D67/><U45/><E131/><V5/><F125/><W33/><G76/><T120/><D69/><U70/><E70/><V10/><F5/><W21/><G86/><T82/><D120/><U109/><E109/><V24/><F24/><W135/><G135/><T26/><D0/><U43/><E65/><V83/><F51/><W95/><G33/><T94/><D26/><U105/><E105/><V3/><F40/><W77/><G77/><T119/><D119/><U85/><E85/><V87/><F3/><W91/><G91/><T29/><D19/><U30/><E30/><V46/><F46/><W118/><G118/><T100/><D41/><U127/><E43/><V63/><REACH who="2" step="1"/><F66/><REACH who="2" step="2"/><W20/><G122/><T25/><D25/><U116/><E127/><V111/><F111/><W58/><G121/><T64/><D64/><U48/><E134/><V126/><F126/><W35/><G4/><T23/><D29/><U101/><E123/><V37/><F37/><W28/><G35/><T18/><D7/><U22/><E48/><V34/><F34/><W72/><G72/><T113/><D49/><U117/><E117/><V57/><F57/><W129/><G58/><T38/><D6/><U54/><E116/><V79/><AGARI ba="6,1" hai="8,10,11,61,63,73,75,78,79,80,83,87,89,93" machi="79" ten="30,12000,1" yaku="1,1,0,1,9,1,52,2,53,0" doraHai="104" doraHaiUra="27" who="2" fromWho="2" sc="146,-46,461,-46,327,148,56,-46" /><INIT seed="6,7,0,4,4,79" ten="100,415,475,10" oya="2" hai0="39,66,11,17,49,57,60,83,1,29,52,37,21" hai1="15,110,125,74,103,96,102,124,105,115,44,90,109" hai2="48,111,42,13,62,4,127,18,40,86,133,41,46" hai3="122,5,87,101,108,68,117,64,45,119,23,73,94"/><V53/><F111/><N who="1" m="42505" /><E15/><V93/><F127/><N who="1" m="48713" /><E44/><V81/><F133/><W14/><G108/><T12/><D1/><U34/><E34/><V77/><F4/><W107/><G73/><T112/><D112/><U134/><E74/><V6/><F6/><W95/><G68/><T19/><D29/><U116/><E116/><V26/><F26/><W98/><G64/><T72/><D37/><U70/><E70/><V123/><F123/><W56/><G122/><T0/><D39/><U89/><E134/><V75/><F75/><W131/><G45/><T65/><D0/><U67/><E67/><V10/><F93/><W16/><G56/><AGARI ba="7,0" hai="10,13,18,40,41,42,46,48,53,56,62,77,81,86" machi="56" ten="40,3900,0" yaku="8,1,52,1" doraHai="79" who="2" fromWho="3" sc="100,0,415,0,475,60,10,-60" owari="100,-30,415,22,535,63,-50,-55" /></mjloggm>