<mjloggm ver="2.3"><GO type="41"/><UN n0="%E5%9C%92%E8%8A%B1%E5%92%B2" n1="%E3%82%81%E3%81%8B%E3%81%B6%E9%96%A3%E4%B8%8B" n2="%74%61%6B%61%33%30%77" n3="%E3%82%A6%E3%83%AB%E3%83%88%E3%83%A9%E7%AB%8B%E7%9B%B4" dan="14,14,14,14" rate="1910,1903,1875,1927" sx="F,M,M,M"/><TAIKYOKU oya="0"/><INIT seed="0,0,0,1,4,72" ten="250,250,250,250" oya="0" hai0="105,8,127,101,96,28,99,25,91,31,23,52,126" hai1="55,58,17,132,87,71,60,109,22,12,59,84,86" hai2="9,122,46,76,66,56,40,65,50,18,41,83,81" hai3="133,14,113,97,114,7,47,20,21,82,4,124,6"/><T38/><D38/><U98/><E132/><V2/><F122/><W68/><G68/><T118/><D118/><U88/><E109/><V44/><F83/><W11/><G97/><T43/><D43/><U51/><E71/><V89/><F56/><W64/><G64/><T85/><D99/><U39/><E39/><V78/><F2/><W10/><G47/><N who="2" m="17961" /><F50/><W110/><G82/><T119/><D8/><N who="3" m="3113" /><G133/><T104/><D105/><U42/><E42/><N who="2" m="16491" /><F81/><W33/><G33/><T27/><D119/><U77/><E98/><V90/><F18/><W134/><G134/><T62/><D91/><N who="2" m="34826" /><F9/><W30/><G110/><T102/><D101/><U3/><E88/><V121/><F121/><W15/><G113/><T95/><D85/><U106/><E3/><V45/><N who="2" m="17969" /><V107/><DORA hai="63" /><F107/><W24/><G114/><T67/><D104/><U108/><E108/><V29/><F29/><N who="3" m="17543" /><G124/><T16/><D27/><AGARI ba="0,0" hai="4,6,7,14,15,21,27,30" m="17543,3113" machi="27" ten="30,12000,2" yaku="8,1,35,5" doraHai="72,63" who="3" fromWho="0" sc="250,-120,250,0,250,0,250,120" /><INIT seed="1,0,0,4,1,63" ten="130,250,250,370" oya="1" hai0="27,22,112,30,32,128,53,1,99,113,62,115,81" hai1="16,72,106,66,17,24,135,131,9,31,46,108,89" hai2="44,28,48,23,104,61,132,38,56,103,25,93,107" hai3="42,64,126,12,130,60,19,15,3,0,88,43,124"/><U117/><E117/><V75/><F75/><W29/><G29/><T111/><D1/><U18/><E106/><V86/><F38/><W47/><G130/><T90/><D111/><U58/><E72/><V41/><F132/><W114/><G114/><T102/><D128/><U13/><E131/><V34/><F34/><W54/><G54/><T49/><D32/><U39/><E135/><V40/><F40/><W105/><G105/><T83/><D90/><U133/><E133/><V116/><F116/><W2/><G88/><T8/><D8/><U127/><E108/><V7/><F7/><W76/><G76/><T94/><REACH who="0" step="1"/><D62/><REACH who="0" step="2"/><N who="1" m="38231" /><E127/><V51/><F51/><W67/><G3/><T35/><D35/><U14/><E9/><V50/><F50/><W6/><G2/><T121/><D121/><U26/><E39/><V91/><F103/><W11/><G0/><T79/><D79/><U59/><E89/><V125/><F125/><N who="3" m="48235" /><G60/><T92/><D92/><U68/><E68/><V110/><F110/><W96/><G96/><T85/><D85/><U80/><E80/><V119/><F119/><W120/><G120/><T71/><D71/><U45/><E31/><V101/><F101/><W95/><G95/><T97/><D97/><U20/><E59/><AGARI ba="0,1" hai="22,27,30,49,53,59,81,83,94,99,102,112,113,115" machi="59" ten="40,1300,0" yaku="1,1,53,0" doraHai="63" doraHaiUra="5" who="0" fromWho="1" sc="120,23,250,-13,250,0,370,0" /><INIT seed="2,0,0,5,5,115" ten="143,237,250,370" oya="2" hai0="70,128,86,102,26,89,107,93,32,120,38,106,66" hai1="34,44,116,69,30,1,41,60,83,54,67,2,105" hai2="48,119,88,56,16,50,129,109,22,124,71,31,91" hai3="117,127,29,6,87,35,12,64,21,133,80,134,90"/><V72/><F72/><W68/><G35/><T122/><D38/><U99/><E83/><V23/><F71/><W114/><G114/><T40/><D128/><U77/><E77/><V82/><F129/><W125/><G64/><T47/><D40/><U118/><E54/><N who="2" m="31815" /><F119/><N who="1" m="45609" /><E44/><V73/><F124/><N who="3" m="47691" /><G68/><T135/><D47/><U13/><E41/><V101/><F73/><W46/><G46/><T92/><D135/><U62/><E62/><V28/><F109/><W132/><G117/><T45/><D45/><U110/><E110/><V104/><F104/><W20/><G29/><N who="2" m="11337" /><F101/><W78/><G78/><T85/><D26/><N who="1" m="18775" /><E13/><N who="2" m="9487" /><F50/><W121/><G80/><T103/><D32/><U51/><E51/><V33/><F33/><W126/><G126/><T61/><D103/><AGARI ba="0,0" hai="1,2,60,67,69,99,103,105" m="18775,45609" machi="103" ten="30,8000,1" yaku="25,1,23,1,52,3" doraHai="115" who="1" fromWho="0" sc="143,-80,237,80,250,0,370,0" /><INIT seed="3,0,0,3,3,128" ten="63,317,250,370" oya="3" hai0="9,56,17,44,124,84,129,99,113,49,92,94,37" hai1="81,53,63,71,97,118,111,27,65,21,127,121,0" hai2="12,25,46,2,120,55,69,117,105,34,14,6,24" hai3="103,82,100,13,54,122,106,1,66,42,75,101,31"/><W86/><G1/><T108/><D129/><U114/><E121/><V50/><F69/><W61/><G122/><T116/><D108/><U62/><E114/><V19/><F120/><W58/><G75/><T59/><D124/><U93/><E127/><V95/><F105/><W123/><G123/><T45/><D37/><U18/><E118/><V38/><F117/><W16/><G31/><T40/><D45/><U3/><E111/><V5/><F38/><W28/><G28/><T48/><D113/><U64/><E81/><V52/><F34/><W73/><G73/><T79/><D48/><U125/><E125/><V83/><F2/><W33/><G33/><T130/><D116/><U132/><E132/><V72/><F72/><W39/><G42/><T41/><D40/><U90/><REACH who="1" step="1"/><E53/><REACH who="1" step="2"/><V107/><F55/><W135/><G135/><T8/><D130/><U88/><E88/><V112/><F112/><W22/><G39/><T133/><D133/><U115/><E115/><V80/><F80/><W77/><G106/><T76/><D76/><U20/><E20/><V102/><F83/><W36/><G36/><T26/><D79/><U23/><E23/><V15/><F107/><W110/><G110/><T104/><D104/><U85/><E85/><V131/><F131/><W126/><G126/><T109/><D109/><U57/><AGARI ba="0,1" hai="0,3,18,21,27,57,62,63,64,65,71,90,93,97" machi="57" ten="20,2700,0" yaku="1,1,0,1,7,1,53,0" doraHai="128" doraHaiUra="43" who="1" fromWho="1" sc="63,-7,307,37,250,-7,370,-13" /><INIT seed="4,0,0,4,5,83" ten="56,344,243,357" oya="0" hai0="4,128,53,23,62,2,77,105,25,110,18,92,24" hai1="38,81,76,6,63,82,54,31,106,73,17,102,1" hai2="78,28,12,131,120,121,51,94,34,9,30,90,107" hai3="42,98,5,66,100,133,44,37,75,118,65,36,21"/><T86/><D128/><U119/><E38/><V126/><F131/><W72/><G118/><T13/><D105/><U48/><E119/><V112/><F107/><W60/><G133/><T52/><D110/><U71/><E31/><V108/><F108/><W0/><G65/><T132/><D132/><U58/><E1/><V89/><F112/><W7/><G21/><T20/><D2/><U129/><E129/><V79/><F126/><W59/><G36/><T124/><D124/><U14/><E6/><N who="2" m="3127" /><F34/><W85/><G7/><T95/><D4/><U46/><E71/><V26/><F121/><W57/><G57/><N who="0" m="35111" /><D53/><U70/><E70/><V104/><F104/><W3/><G3/><T123/><D123/><U115/><E115/><V113/><F113/><W49/><G37/><T55/><D55/><U43/><E106/><V19/><F120/><W91/><G5/><T33/><D33/><U47/><E102/><V15/><F51/><W117/><G0/><T64/><D64/><U135/><E135/><V27/><F15/><W40/><G117/><T61/><D61/><U88/><E48/><V35/><F19/><W32/><G32/><T84/><D77/><N who="2" m="29194" /><F94/><N who="0" m="35882" /><D13/><U116/><E116/><V125/><F125/><W97/><G75/><T99/><D99/><N who="3" m="37897" /><G72/><T11/><D11/><N who="1" m="6367" /><E43/><V109/><F109/><W68/><G68/><T69/><D69/><U45/><E46/><V114/><F114/><W56/><G100/><T127/><D127/><U80/><E73/><V22/><F35/><W87/><G42/><T67/><D67/><U103/><E54/><V111/><F111/><W29/><G66/><RYUUKYOKU ba="0,0" sc="56,15,344,-15,243,15,357,-15" hai0="18,20,23,24,25,84,86" hai2="22,26,27,28,30,89,90" /><INIT seed="4,1,0,2,3,34" ten="71,329,258,342" oya="0" hai0="94,27,131,28,95,111,54,77,97,59,1,46,39" hai1="128,41,71,87,12,75,0,35,40,126,52,14,122" hai2="2,23,70,74,91,78,55,100,127,29,15,32,106" hai3="63,64,72,43,4,10,22,56,24,81,30,65,104"/><T96/><D131/><U119/><E75/><V68/><F32/><W114/><G104/><T61/><D111/><U45/><E122/><V107/><F106/><W16/><G114/><T48/><D39/><U83/><E119/><V86/><F74/><W25/><G43/><T129/><D129/><U9/><E71/><V8/><F2/><W11/><G65/><T132/><D132/><U67/><E128/><V116/><F116/><W84/><G72/><T105/><D105/><U19/><E35/><V108/><F108/><W92/><G92/><T51/><D77/><U47/><E67/><V21/><F127/><W33/><REACH who="3" step="1"/><G4/><REACH who="3" step="2"/><T79/><D79/><AGARI ba="1,1" hai="10,11,16,22,24,25,30,33,56,63,64,79,81,84" machi="79" ten="30,8000,1" yaku="1,1,2,1,7,1,54,1,53,1" doraHai="34" doraHaiUra="73" who="3" fromWho="0" sc="71,-83,329,0,258,0,332,93" owari="-12,-51,329,13,258,-14,425,52" /></mjloggm>