<mjloggm ver="2.3"><GO type="97"/><UN n0="%48%49%52%4F%33%32%36" n1="%E5%AE%A2%42" n2="%E3%82%A6%E3%83%AB%E3%83%88%E3%83%A9%E7%AB%8B%E7%9B%B4" n3="%E4%BA%8C%E9%9A%8E%E5%A0%82%E4%BA%9C%E6%A8%B9%E3%81%AE%E4%BD%BF%E8%80%85" dan="14,14,13,14" rate="1869,1854,1844,1884" sx="M,M,M,M"/><TAIKYOKU oya="0"/><INIT seed="0,0,0,0,3,99" ten="250,250,250,250" oya="0" hai0="133,129,131,10,28,3,77,66,80,89,103,87,102" hai1="16,112,115,84,6,83,63,9,92,30,110,70,68" hai2="94,57,60,135,17,48,14,121,86,59,134,118,52" hai3="132,97,73,127,23,64,111,1,31,109,71,46,101" shuffle="mt19937ar,403B6B83,DBDB7B5B,ABF7BE2B,5C54FF2C,DAD85D8C,779CACA3,79138B1B,EE8C60AF"/><T119/><D119/><U106/><E106/><V32/><F32/><W2/><G132/><T8/><D28/><U130/><E30/><V43/><F118/><W21/><G127/><T7/><D66/><U54/><E110/><V5/><F5/><W61/><G73/><T39/><D39/><U116/><E116/><V74/><F74/><W58/><G46/><T25/><D25/><U37/><E37/><V123/><F94/><N who="3" m="58551" /><G71/><T44/><D44/><U11/><E130/><N who="0" m="49673" /><D133/><N who="2" m="50698" /><F86/><W90/><G90/><T69/><D69/><U117/><E117/><V19/><F19/><W120/><G120/><N who="2" m="46153" /><F17/><W104/><G104/><T34/><D34/><U85/><E70/><V27/><F14/><W96/><G96/><T128/><N who="0" m="49681" /><T76/><DORA hai="55" /><D10/><U79/><E68/><V100/><F27/><N who="3" m="16879" /><G23/><T95/><D77/><U122/><E122/><V47/><F100/><W38/><G38/><T72/><AGARI ba="0,0" hai="3,7,8,72,76,80,87,89,95,102,103" m="49681" machi="72" ten="40,7800,0" yaku="19,1,52,2" doraHai="99,55" who="0" fromWho="0" sc="250,78,250,-26,250,-26,250,-26" /><INIT seed="0,1,0,0,5,48" ten="328,224,224,224" oya="0" hai0="110,73,119,76,104,112,2,117,82,108,33,101,8" hai1="127,11,5,75,40,23,81,26,45,46,0,128,9" hai2="92,91,118,116,102,135,130,21,10,71,25,89,74" hai3="18,19,58,31,85,103,4,35,62,96,30,129,72" shuffle="mt19937ar,34E1E221,F6FE44DF,5CCF8A5D,44065610,B69AACE9,AFC9ECDB,02FA04A0,2141AD4F"/><T114/><D33/><U22/><E128/><V100/><F71/><W105/><G129/><T131/><D131/><U121/><E121/><V87/><F130/><W70/><G72/><T54/><D54/><U134/><E134/><V60/><F74/><W83/><G4/><N who="0" m="1047" /><D101/><U67/><E127/><V24/><F60/><W113/><G113/><N who="0" m="43627" /><D104/><U29/><E67/><V106/><F106/><W12/><G70/><T51/><D51/><U68/><E68/><V15/><F135/><W56/><G58/><T115/><N who="0" m="43635" /><T49/><DORA hai="88" /><D49/><U111/><E11/><V13/><F21/><W17/><G103/><T55/><D55/><U80/><E22/><V3/><F87/><W133/><G85/><T98/><D98/><U120/><E75/><V94/><REACH who="2" step="1"/><F10/><REACH who="2" step="2"/><W39/><G133/><T20/><D20/><U77/><E23/><V37/><F37/><W78/><G39/><T50/><D50/><U34/><E9/><V86/><F86/><W123/><G105/><T59/><D59/><U6/><E34/><V57/><F57/><W90/><G35/><T84/><D84/><U41/><E120/><V42/><F42/><W66/><G56/><T14/><D14/><U69/><E40/><V27/><F27/><W28/><G12/><T64/><D64/><U16/><E26/><V36/><F36/><W99/><G123/><T32/><D32/><U44/><E41/><V107/><F107/><W65/><G65/><T124/><D124/><U52/><E69/><V109/><F109/><AGARI ba="1,1" hai="73,76,82,108,109,110,117,119" m="43635,1047" machi="109" ten="40,7700,0" yaku="14,1,10,1,23,1" doraHai="48,88" who="0" fromWho="2" sc="328,90,224,0,214,-80,224,0" /><INIT seed="0,2,0,5,5,5" ten="418,224,134,224" oya="0" hai0="115,105,14,13,41,112,121,107,70,119,73,102,51" hai1="79,130,60,88,62,2,43,25,113,33,97,114,72" hai2="8,21,27,66,64,61,90,124,76,84,91,89,98" hai3="93,133,31,57,34,56,9,134,15,85,75,6,92" shuffle="mt19937ar,AEB0D6C9,DD75B9B7,1AFFF8EF,C97E4626,04DC0413,68BE8DC9,6C4ED2A6,F474240F"/><T77/><D119/><U24/><E2/><V126/><F98/><W74/><G85/><T30/><D121/><U42/><E130/><V46/><F46/><W23/><G34/><T0/><D70/><U122/><E72/><N who="3" m="27690" /><G23/><T69/><D0/><U7/><E79/><V49/><F49/><W40/><G40/><N who="1" m="15402" /><E7/><V44/><F44/><W86/><G31/><T36/><D36/><U125/><E122/><V45/><F45/><W16/><G6/><T127/><D69/><U135/><E135/><N who="3" m="51722" /><G86/><T37/><D37/><U100/><E125/><V116/><F116/><W17/><G17/><T54/><D41/><U58/><E33/><V68/><F64/><W48/><G48/><T38/><D30/><U131/><E131/><V12/><F76/><W52/><G56/><T53/><D38/><U132/><E58/><V67/><F67/><W108/><G108/><T39/><D73/><U10/><E132/><V111/><F111/><W4/><G4/><T81/><D77/><U101/><E114/><V117/><F117/><W28/><G28/><T47/><D39/><U3/><E113/><V1/><F1/><W82/><G82/><T128/><D112/><U29/><E3/><V83/><F12/><W103/><G103/><T18/><D81/><U11/><E29/><N who="2" m="17647" /><F8/><N who="1" m="3113" /><E101/><V32/><F32/><W87/><G87/><T118/><D115/><U94/><E100/><V65/><F65/><W22/><G22/><T63/><D102/><U26/><AGARI ba="2,0" hai="24,25,26,60,62,88,94,97" m="3113,15402" machi="26" ten="30,8000,1" yaku="8,1,52,3,54,1" doraHai="5" who="1" fromWho="1" sc="418,-42,224,86,134,-22,224,-22" /><INIT seed="1,0,0,5,5,55" ten="376,310,112,202" oya="1" hai0="50,134,83,47,2,106,109,115,111,7,27,10,128" hai1="116,46,124,9,19,119,78,54,36,121,56,3,77" hai2="24,0,25,89,26,40,118,99,66,43,1,130,30" hai3="76,75,102,14,117,135,29,58,80,59,96,73,49" shuffle="mt19937ar,D63BEBE5,70C7D346,593A24DA,4C1EE9A2,8B9F12CB,8537DFAB,9BD70A2C,2BFCC4E2"/><U32/><E121/><V17/><F66/><W105/><G73/><T41/><D115/><U63/><E32/><V60/><F60/><W52/><G135/><T68/><D134/><U125/><E116/><V51/><F118/><W57/><G117/><T113/><D106/><U62/><E119/><V114/><F114/><W13/><REACH who="3" step="1"/><G29/><REACH who="3" step="2"/><T64/><D113/><U4/><E125/><V81/><F130/><W65/><G65/><T97/><D128/><U34/><E124/><V95/><F81/><W104/><G104/><T20/><D64/><U53/><E34/><V87/><F30/><W92/><G92/><T12/><D68/><U131/><E131/><V35/><F35/><W38/><G38/><T70/><D70/><U112/><E36/><V100/><F1/><W132/><G132/><T71/><D2/><U18/><E112/><V82/><F0/><W91/><G91/><T79/><D71/><U84/><E3/><V23/><REACH who="2" step="1"/><F51/><REACH who="2" step="2"/><W120/><G120/><T127/><D127/><U6/><E56/><AGARI ba="0,2" hai="13,14,49,52,56,57,58,59,75,76,80,96,102,105" machi="56" ten="40,12000,2" yaku="1,1,52,4,54,1,53,1" doraHai="55" doraHaiUra="101" who="3" fromWho="1" sc="376,0,310,-120,102,0,192,140" /><INIT seed="2,0,0,4,3,31" ten="376,190,102,332" oya="2" hai0="63,98,128,113,135,124,33,21,64,11,102,88,28" hai1="129,83,3,134,27,30,105,19,59,56,47,43,16" hai2="94,35,17,57,29,111,26,74,114,52,81,127,58" hai3="49,72,68,80,131,112,106,65,133,126,122,97,4" shuffle="mt19937ar,3909B4C1,CF9AEECF,2D673AA2,B88452CF,B079CD70,6A95D343,81511D79,F6F58350"/><V101/><F114/><W109/><RYUUKYOKU type="yao9" ba="0,0" sc="376,0,190,0,102,0,332,0" hai3="4,49,65,68,72,80,97,106,109,112,122,126,131,133" /><INIT seed="2,1,0,0,1,34" ten="376,190,102,332" oya="2" hai0="85,114,41,87,16,88,50,35,42,120,112,17,4" hai1="72,32,47,26,51,20,39,126,6,68,67,121,111" hai2="37,10,131,122,22,36,108,7,13,11,9,84,103" hai3="18,83,94,119,110,78,53,12,66,48,97,57,89" shuffle="mt19937ar,D41A289F,90D93D2B,092E702E,7E79BC2B,807FD85E,505646CA,DC641F93,CA85DFD1"/><V56/><F122/><W23/><G119/><T60/><D35/><U43/><E72/><V95/><F37/><W58/><G110/><T74/><D74/><U71/><E111/><V132/><F36/><W1/><G1/><T105/><D105/><U61/><E121/><V81/><F108/><W135/><G135/><T52/><D120/><U38/><E32/><V113/><F132/><W25/><G66/><T69/><D112/><U96/><E126/><V33/><F33/><W55/><G83/><T14/><D114/><U73/><E73/><V0/><F113/><W64/><G64/><T28/><D28/><U40/><E6/><V8/><F131/><W24/><G78/><T5/><D85/><U82/><E82/><V107/><F107/><W15/><G25/><T21/><D60/><AGARI ba="1,0" hai="12,15,18,23,24,48,53,55,57,58,60,89,94,97" machi="60" ten="30,7700,0" yaku="7,1,25,2,8,1" doraHai="34" who="3" fromWho="0" sc="376,-80,190,0,102,0,332,80" /><INIT seed="3,0,0,1,4,54" ten="296,190,102,412" oya="3" hai0="67,110,81,4,46,20,9,1,118,75,51,31,22" hai1="114,72,82,86,95,76,107,66,61,40,14,102,127" hai2="119,11,21,50,36,39,49,33,80,41,23,73,38" hai3="131,109,132,56,77,98,92,123,59,91,19,55,29" shuffle="mt19937ar,47FCDE3D,84FDDE29,571B509B,917CE77F,358AA94F,594CF795,C2E6E055,D96970E1"/><W129/><G123/><T48/><D110/><U25/><E114/><V103/><F33/><W101/><G132/><T88/><D118/><U52/><E40/><V65/><F119/><W71/><G71/><T27/><D67/><U122/><E122/><V96/><F65/><W7/><G7/><T37/><D75/><U35/><E127/><V117/><F117/><W108/><G77/><T89/><D37/><U58/><E35/><V105/><F11/><W69/><G29/><T15/><D48/><U57/><E25/><V12/><F12/><W28/><G28/><T26/><D1/><U130/><E130/><N who="3" m="49674" /><G69/><T83/><D81/><U16/><E107/><V126/><F126/><W0/><G19/><T135/><D83/><U42/><E42/><V62/><F62/><N who="3" m="36127" /><G59/><T124/><D135/><U93/><E102/><V45/><REACH who="2" step="1"/><F50/><REACH who="2" step="2"/><W104/><G0/><T120/><D120/><U34/><E34/><V13/><F13/><W64/><G64/><T87/><D124/><U30/><E66/><V3/><F3/><W47/><G109/><T97/><D97/><U44/><E14/><V63/><F63/><W60/><G60/><T74/><D74/><U111/><E72/><V134/><F134/><W18/><G108/><T112/><D112/><U106/><E111/><V90/><F90/><W100/><G91/><T8/><D8/><U133/><E61/><V99/><F99/><W128/><G128/><T53/><REACH who="0" step="1"/><D87/><REACH who="0" step="2"/><U2/><E86/><V121/><F121/><W125/><G98/><T84/><D84/><U43/><E133/><V79/><AGARI ba="0,2" hai="21,23,36,38,39,41,45,49,73,79,80,96,103,105" machi="79" ten="40,2700,0" yaku="1,1,0,1,53,0" doraHai="54" doraHaiUra="115" who="2" fromWho="2" sc="286,-7,190,-7,92,47,412,-13" owari="279,3,183,-17,139,-26,399,40" /></mjloggm>