<mjloggm ver="2.3"><GO type="41"/><UN n0="%E3%83%94%E3%82%A2%E3%82%AD%E3%83%A3%E3%82%B9%E5%AD%90" n1="%E3%82%86%E3%82%8A" n2="%6E%6F%62%75%74%6F%72%61" n3="%E3%82%A6%E3%83%AB%E3%83%88%E3%83%A9%E7%AB%8B%E7%9B%B4" dan="14,14,14,14" rate="1950,1838,1827,1919" sx="F,F,M,M"/><TAIKYOKU oya="0"/><INIT seed="0,0,0,3,4,87" ten="250,250,250,250" oya="0" hai0="30,18,118,134,120,35,11,93,48,32,115,46,61" hai1="105,50,22,111,98,126,125,26,36,135,43,58,54" hai2="78,97,33,27,37,116,47,40,10,7,117,130,79" hai3="109,12,15,94,9,52,92,45,19,76,2,114,51"/><T62/><D118/><U124/><E111/><V113/><F113/><W86/><G2/><T100/><D120/><U20/><E135/><V108/><F108/><W80/><G109/><T59/><D115/><U42/><E36/><V72/><F79/><W110/><G110/><T38/><D38/><U17/><REACH who="1" step="1"/><E22/><REACH who="1" step="2"/><V88/><F117/><W127/><G114/><T71/><D134/><U39/><E39/><V53/><F116/><W29/><G127/><T90/><D35/><U85/><E85/><V91/><F33/><W0/><G0/><T121/><D32/><U103/><AGARI ba="0,1" hai="17,20,26,42,43,50,54,58,98,103,105,124,125,126" machi="103" ten="40,8000,1" yaku="1,1,0,1,18,1,53,1" doraHai="87" doraHaiUra="49" who="1" fromWho="1" sc="250,-40,240,90,250,-20,250,-20" /><INIT seed="1,0,0,3,4,98" ten="210,330,230,230" oya="1" hai0="18,12,128,13,90,80,117,61,81,88,55,108,51" hai1="110,17,26,10,39,96,56,85,109,71,125,135,119" hai2="131,14,87,83,50,67,19,9,60,25,24,66,32" hai3="22,65,121,93,33,92,59,94,111,36,8,2,124"/><U5/><E119/><V73/><F73/><W52/><G33/><T63/><D117/><U34/><E71/><V35/><F131/><W102/><G121/><T43/><D108/><N who="1" m="41579" /><E39/><V95/><F95/><W116/><G111/><T101/><D128/><U134/><E125/><V0/><F0/><W41/><G65/><T114/><D43/><U122/><E122/><V89/><F67/><W84/><G124/><T23/><D101/><U75/><E75/><V99/><F35/><W82/><G116/><T4/><D114/><U106/><E85/><V28/><F99/><W118/><G118/><T29/><D29/><U105/><E56/><V78/><F78/><W115/><G115/><T58/><D63/><U20/><E34/><V42/><F24/><W45/><G22/><T72/><D72/><U68/><E68/><V74/><F74/><W30/><G30/><T126/><D61/><U46/><E46/><V54/><F42/><W129/><G129/><T62/><D62/><U21/><E21/><V40/><F40/><W130/><G130/><T1/><D126/><U15/><E96/><V132/><F60/><W53/><G59/><T31/><D31/><U7/><E7/><V44/><F66/><W27/><G45/><T103/><D4/><U113/><E113/><V47/><REACH who="2" step="1"/><F47/><REACH who="2" step="2"/><W97/><G41/><T100/><D55/><U16/><E17/><V133/><AGARI ba="0,1" hai="9,14,19,25,28,32,44,50,54,83,87,89,132,133" machi="133" ten="30,8000,1" yaku="1,1,2,1,0,1,25,2,53,0" doraHai="98" doraHaiUra="91" who="2" fromWho="2" sc="210,-20,330,-40,220,90,230,-20" /><INIT seed="2,0,0,5,5,121" ten="190,290,310,210" oya="2" hai0="124,56,89,129,46,33,127,108,117,11,64,10,135" hai1="5,14,112,57,47,107,123,81,87,25,35,85,80" hai2="84,119,16,101,132,128,134,8,58,91,120,133,111" hai3="22,42,32,95,3,60,100,45,62,88,78,17,27"/><V96/><F120/><W105/><G3/><T1/><D33/><U51/><E123/><V23/><F119/><W12/><G78/><T75/><D75/><U38/><E112/><V102/><F8/><W34/><G100/><T93/><D46/><U31/><E107/><V59/><F128/><W86/><G105/><T65/><D129/><U53/><E38/><V92/><F102/><W36/><G34/><T94/><D117/><U66/><E14/><V13/><REACH who="2" step="1"/><F111/><REACH who="2" step="2"/><W74/><G74/><T19/><D10/><U18/><E5/><V73/><F73/><W6/><G6/><T115/><D108/><U54/><E18/><V40/><F40/><W48/><G36/><T24/><D19/><U4/><E4/><V20/><F20/><N who="3" m="11303" /><G32/><T9/><D11/><U67/><E53/><V82/><AGARI ba="0,1" hai="13,16,23,58,59,82,84,91,92,96,101,132,133,134" machi="82" ten="30,18000,2" yaku="1,1,0,1,20,1,54,1,53,3" doraHai="121" doraHaiUra="131" who="2" fromWho="2" sc="190,-60,290,-60,300,190,210,-60" /><INIT seed="2,1,0,0,3,111" ten="130,230,490,150" oya="2" hai0="13,91,48,112,130,116,52,89,124,96,12,113,32" hai1="68,0,108,83,54,74,42,62,67,132,47,135,53" hai2="134,72,45,78,30,103,70,121,40,104,99,49,129" hai3="46,10,3,76,100,94,61,44,37,110,16,26,86"/><V56/><F121/><W51/><G37/><T60/><D32/><U75/><E0/><V22/><F129/><W122/><G122/><T24/><D24/><U114/><E83/><V55/><F134/><N who="1" m="51241" /><E75/><V73/><F70/><W95/><G110/><T34/><D34/><U27/><E27/><V123/><F123/><W126/><G126/><T4/><D60/><U39/><E74/><V115/><F115/><N who="0" m="44106" /><D4/><U29/><E29/><V59/><F59/><W18/><G61/><T35/><D35/><U11/><E11/><V66/><F66/><W92/><G26/><T77/><D77/><U58/><E114/><V1/><F1/><W128/><G10/><T43/><D43/><U33/><E33/><V6/><F6/><W93/><G3/><T101/><D101/><U2/><E2/><V98/><F98/><W82/><G128/><T118/><D130/><U97/><E97/><V107/><F107/><W23/><G23/><T127/><D96/><U71/><E108/><V15/><F30/><W102/><N who="3" m="24064" /><DORA hai="90" /><W50/><G100/><T65/><D65/><U106/><E106/><V36/><REACH who="2" step="1"/><F78/><REACH who="2" step="2"/><W64/><G64/><T8/><D91/><U14/><E71/><V87/><F87/><W131/><G131/><T125/><D89/><U120/><E120/><V79/><F79/><W63/><G102/><T84/><D84/><U133/><N who="1" m="51249" /><U105/><DORA hai="19" /><E105/><V69/><F69/><W85/><G85/><T17/><D12/><U119/><E68/><V31/><F31/><W21/><G86/><T7/><D7/><U38/><E67/><V20/><F20/><RYUUKYOKU ba="1,1" sc="130,15,230,-15,480,15,150,-15" hai0="8,13,17,48,52,116,118,124,125,127" hai2="15,22,36,40,45,49,55,56,72,73,99,103,104" /><INIT seed="2,2,1,3,5,123" ten="145,215,495,135" oya="2" hai0="94,25,77,105,102,22,91,80,96,79,9,32,76" hai1="67,97,134,64,23,8,118,107,29,69,82,116,58" hai2="49,124,37,6,100,38,61,56,40,11,60,125,74" hai3="31,95,81,128,92,112,117,27,13,10,34,7,14"/><V24/><F74/><W54/><G117/><T41/><D32/><U65/><E134/><V52/><F100/><W115/><G81/><T86/><D41/><U48/><E82/><V131/><F24/><W111/><G54/><T33/><D33/><U88/><E8/><V90/><F90/><W75/><G75/><T103/><D9/><U120/><E120/><V70/><F11/><N who="3" m="4351" /><G95/><T72/><REACH who="0" step="1"/><D103/><REACH who="0" step="2"/><U109/><E118/><V68/><F6/><N who="3" m="3415" /><G92/><T45/><D45/><U44/><E116/><V59/><F40/><W55/><G55/><T17/><AGARI ba="2,2" hai="17,22,25,72,76,77,79,80,86,91,94,96,102,105" machi="17" ten="20,8000,1" yaku="1,1,0,1,7,1,24,2,53,0" doraHai="123" doraHaiUra="62" who="0" fromWho="0" sc="135,106,215,-22,495,-42,135,-22" /><INIT seed="3,0,0,5,2,129" ten="241,193,453,113" oya="3" hai0="122,100,126,120,52,21,8,50,105,117,103,102,26" hai1="123,55,23,15,57,81,18,54,88,125,11,80,34" hai2="133,73,72,128,30,22,134,96,56,84,71,107,91" hai3="53,4,0,92,38,24,75,74,121,113,42,115,62"/><W6/><G121/><T49/><D117/><U69/><E69/><V47/><F71/><W79/><G6/><T131/><D131/><U135/><E123/><V39/><F128/><W89/><G24/><T37/><D37/><U33/><E135/><N who="2" m="51723" /><F56/><W20/><G20/><T106/><D126/><U17/><E125/><V65/><F65/><W127/><G53/><T59/><D122/><U7/><E33/><V41/><F96/><W118/><G62/><T132/><D132/><U67/><E34/><V43/><F43/><W104/><G104/><T98/><D120/><U119/><E119/><V9/><F9/><N who="3" m="2183" /><G74/><T114/><D114/><U68/><E68/><V111/><F111/><W77/><G127/><T63/><D8/><U1/><E67/><V40/><F40/><W28/><G118/><T85/><D85/><U70/><E70/><V29/><F107/><W108/><G108/><T5/><D5/><U94/><E18/><V14/><F14/><W64/><G64/><T12/><D12/><U32/><E32/><V109/><F109/><W101/><G115/><T31/><D103/><U97/><E54/><V99/><F99/><AGARI ba="0,0" hai="21,26,31,49,50,52,59,63,98,99,100,102,105,106" machi="99" ten="40,2600,0" yaku="9,1,54,1" doraHai="129" who="0" fromWho="2" sc="241,26,193,0,453,-26,113,0" /><INIT seed="4,0,0,5,3,79" ten="267,193,427,113" oya="0" hai0="71,61,97,26,121,75,4,126,93,116,83,46,127" hai1="101,64,65,40,53,122,50,89,37,98,66,135,62" hai2="80,63,110,81,0,85,43,78,107,129,23,119,84" hai3="92,103,33,44,88,12,104,42,124,128,5,72,34"/><T125/><D121/><U113/><E135/><V29/><F0/><W73/><G124/><T45/><D116/><U133/><E133/><V6/><F119/><W1/><G128/><T102/><D4/><U32/><E32/><V36/><F110/><W31/><G1/><T82/><D75/><U41/><E122/><V74/><F107/><W67/><G67/><N who="1" m="25674" /><E89/><V69/><F6/><W13/><G103/><T10/><D61/><U16/><E101/><V11/><F63/><W22/><G104/><T25/><D71/><U48/><E16/><V86/><F11/><W109/><G109/><T47/><D10/><U52/><E98/><V7/><F69/><W99/><G33/><T106/><D106/><U90/><E90/><V94/><F7/><W28/><G34/><T21/><REACH who="0" step="1"/><D25/><REACH who="0" step="2"/><U114/><E113/><V60/><F60/><W58/><G72/><T19/><AGARI ba="0,1" hai="19,21,26,45,46,47,82,83,93,97,102,125,126,127" machi="19" ten="40,18000,2" yaku="1,1,2,1,0,1,18,1,52,2,53,0" doraHai="79" doraHaiUra="118" who="0" fromWho="0" sc="257,190,193,-60,427,-60,113,-60" /><INIT seed="4,1,0,5,3,39" ten="447,133,367,53" oya="0" hai0="44,31,92,3,37,46,74,25,109,10,80,57,93" hai1="15,129,96,43,84,104,82,123,24,126,131,111,12" hai2="9,135,73,41,107,27,42,118,121,29,2,134,13" hai3="99,40,125,59,91,76,26,52,21,98,45,114,130"/><T4/><D109/><U65/><E65/><V17/><F121/><W62/><G114/><T51/><D37/><U60/><E60/><V30/><F118/><W20/><G125/><T112/><D112/><U124/><E123/><V48/><F107/><W89/><G130/><N who="1" m="49674" /><E24/><V108/><F73/><W36/><G76/><T67/><D74/><U0/><E0/><V33/><F108/><W38/><G38/><T132/><D80/><U97/><E111/><V83/><F83/><W77/><G77/><T64/><D132/><N who="2" m="50730" /><F48/><W116/><G116/><T8/><D10/><U50/><E12/><V88/><F30/><W101/><G21/><T7/><D4/><U90/><E15/><V34/><F34/><W86/><G86/><T75/><D75/><U87/><E87/><V122/><F122/><W16/><REACH who="3" step="1"/><G99/><REACH who="3" step="2"/><N who="1" m="37962" /><E104/><AGARI ba="1,1" hai="16,20,26,36,40,45,52,59,62,89,91,98,101,104" machi="104" ten="30,12000,2" yaku="1,1,7,1,52,1,54,2,53,1" doraHai="39" doraHaiUra="71" who="3" fromWho="1" sc="447,0,133,-123,367,0,43,133" /><INIT seed="5,0,0,1,1,80" ten="447,10,367,176" oya="1" hai0="86,75,120,1,81,36,46,78,109,121,123,28,71" hai1="77,56,70,102,0,93,98,10,44,18,11,85,53" hai2="39,23,4,107,124,52,106,134,73,117,87,88,112" hai3="34,103,69,48,40,111,16,79,9,84,7,95,125"/><U6/><E70/><V55/><F117/><W3/><G69/><T27/><D109/><U131/><E131/><V42/><F4/><W15/><G111/><T129/><D129/><U119/><E119/><V115/><F124/><W24/><G125/><T51/><D71/><U76/><E44/><V14/><F73/><W127/><G127/><T41/><D1/><U90/><E18/><V110/><F110/><W62/><G103/><T2/><D2/><U82/><REACH who="1" step="1"/><E11/><REACH who="1" step="2"/><V20/><F39/><W132/><G16/><T126/><D126/><U22/><E22/><V130/><F130/><W49/><G9/><T65/><D36/><U13/><E13/><V60/><F14/><W25/><G15/><T21/><D65/><U47/><E47/><V99/><F20/><W5/><G3/><T26/><D26/><U89/><E89/><V104/><F88/><W92/><G34/><T30/><D30/><U108/><E108/><V128/><F23/><W72/><G79/><T63/><D63/><AGARI ba="0,1" hai="0,6,10,53,56,63,76,77,82,85,90,93,98,102" machi="63" ten="30,5800,0" yaku="1,1,7,1,52,1,53,0" doraHai="80" doraHaiUra="116" who="1" fromWho="0" sc="447,-58,0,68,367,0,176,0" /><INIT seed="5,1,0,1,2,59" ten="389,68,367,176" oya="1" hai0="33,53,1,29,108,21,40,52,111,100,98,117,42" hai1="70,128,105,58,121,73,2,37,126,75,129,116,114" hai2="50,133,72,4,62,124,44,13,77,99,48,36,34" hai3="87,63,115,9,89,6,120,11,18,24,31,127,78"/><U26/><RYUUKYOKU type="yao9" ba="1,0" sc="389,0,68,0,367,0,176,0" hai1="2,26,37,58,70,73,75,105,114,116,121,126,128,129" /><INIT seed="5,2,0,5,3,75" ten="389,68,367,176" oya="1" hai0="42,59,102,2,14,18,134,22,104,33,81,6,1" hai1="57,108,85,56,23,114,118,21,46,9,41,86,125" hai2="60,90,96,131,107,19,67,135,95,78,25,74,52" hai3="122,34,99,97,121,12,91,38,113,44,100,31,16"/><U128/><E118/><V116/><F116/><W0/><G0/><T65/><D42/><U79/><E128/><V50/><F131/><W3/><G3/><T20/><D65/><U70/><E70/><V36/><F135/><W24/><G113/><T72/><D59/><N who="1" m="22603" /><E114/><V5/><F36/><W105/><G97/><T58/><D58/><U101/><E101/><V120/><F5/><W82/><G91/><T48/><D48/><N who="1" m="26703" /><E125/><V88/><F120/><W35/><G35/><T77/><D33/><U73/><E73/><V43/><F107/><W10/><G82/><T84/><D134/><U76/><E108/><V29/><F29/><W11/><REACH who="3" step="1"/><G11/><REACH who="3" step="2"/><T103/><D1/><U98/><E9/><V45/><F90/><W115/><G115/><T64/><D2/><U62/><E98/><V26/><F96/><W68/><G68/><T109/><D109/><U83/><E62/><V15/><F60/><W80/><G80/><AGARI ba="2,1" hai="21,23,76,79,80,83,85,86" m="26703,22603" machi="80" ten="30,5800,0" yaku="8,1,52,2" doraHai="75" who="1" fromWho="3" sc="389,0,68,74,367,0,166,-64" /><INIT seed="5,3,0,2,0,107" ten="389,142,367,102" oya="1" hai0="34,12,24,44,121,0,26,30,134,29,8,133,89" hai1="130,16,74,105,92,71,51,58,11,80,93,77,70" hai2="76,110,94,56,81,25,101,104,55,116,23,38,19" hai3="97,22,82,119,112,98,40,9,83,42,2,39,43"/><U126/><E105/><V103/><F38/><W73/><G119/><T118/><D44/><U53/><E130/><V47/><F116/><W6/><G112/><T52/><D118/><U13/><REACH who="1" step="1"/><E126/><REACH who="1" step="2"/><V36/><F104/><W48/><G39/><T88/><D121/><U68/><AGARI ba="3,1" hai="11,13,16,51,53,58,68,70,71,74,77,80,92,93" machi="68" ten="30,12000,1" yaku="1,1,2,1,0,1,52,1,54,1,53,0" doraHai="107" doraHaiUra="122" who="1" fromWho="1" sc="389,-43,132,139,367,-43,102,-43" /><INIT seed="5,4,0,2,5,33" ten="346,271,324,59" oya="1" hai0="61,31,42,102,24,82,51,108,13,135,110,77,3" hai1="73,93,63,44,52,16,118,25,113,23,48,87,106" hai2="120,98,38,133,95,104,105,64,17,35,55,94,121" hai3="57,26,45,131,29,125,5,22,70,101,96,20,88"/><U58/><E118/><V18/><F38/><W89/><G70/><T91/><D3/><U97/><E106/><V56/><F35/><W129/><G45/><T119/><D102/><U84/><E73/><V109/><F64/><W41/><G41/><T76/><D135/><U107/><E107/><V122/><F109/><W72/><G72/><T100/><D100/><N who="1" m="60463" /><E113/><V69/><F69/><W59/><G5/><T30/><D119/><U6/><E6/><V103/><F133/><W11/><G11/><T114/><D61/><U27/><E27/><V68/><F68/><W75/><G75/><T9/><D24/><U83/><E83/><V128/><F128/><W60/><G125/><T65/><D82/><U15/><E25/><V37/><F37/><W85/><G129/><T54/><D31/><U32/><E32/><V92/><REACH who="2" step="1"/><F105/><REACH who="2" step="2"/><W34/><G131/><T47/><D108/><U117/><E117/><V126/><F126/><W46/><G34/><T78/><D110/><U66/><AGARI ba="4,1" hai="15,16,23,44,48,52,58,63,66,84,87" m="60463" machi="66" ten="30,6000,0" yaku="8,1,54,2" doraHai="33" who="1" fromWho="1" sc="346,-24,271,82,314,-24,59,-24" /><INIT seed="5,5,0,0,1,122" ten="322,353,290,35" oya="1" hai0="21,42,44,82,69,11,116,70,64,12,117,108,51" hai1="61,123,7,79,31,85,54,110,26,39,40,19,15" hai2="133,118,58,104,20,88,23,87,120,38,114,60,121" hai3="81,52,0,16,25,111,75,80,125,135,105,6,99"/><U27/><E123/><V107/><F38/><W13/><G81/><T62/><D70/><U92/><E39/><V131/><F118/><W98/><G80/><T126/><D126/><U95/><E40/><V4/><F131/><W45/><G75/><T102/><D102/><U113/><E113/><V97/><F133/><W73/><G73/><T71/><D71/><U84/><E7/><V109/><F4/><W101/><G98/><T35/><D35/><U43/><E43/><V66/><F114/><W93/><G135/><T30/><D108/><U8/><E110/><V37/><F109/><W76/><G111/><T128/><D128/><U33/><E27/><V2/><F37/><W67/><G76/><T47/><D44/><U89/><E79/><V22/><F2/><W1/><G125/><T50/><D50/><U10/><E54/><V55/><F66/><W96/><G67/><T72/><D82/><U9/><REACH who="1" step="1"/><E61/><REACH who="1" step="2"/><V94/><F121/><W74/><G74/><T119/><D72/><U112/><E112/><V32/><F120/><W59/><G25/><T127/><D127/><U129/><E129/><V77/><F32/><W29/><G6/><T90/><D119/><U65/><E65/><V132/><F132/><W103/><G1/><T130/><D130/><U28/><E28/><V18/><F77/><W86/><G0/><T83/><D30/><U63/><E63/><V78/><F78/><W100/><G29/><T48/><D117/><U36/><E36/><V46/><F55/><W91/><G52/><T124/><D124/><U53/><E53/><V134/><F134/><RYUUKYOKU ba="5,1" sc="322,-10,343,30,290,-10,35,-10" hai1="8,9,10,15,19,26,31,33,84,85,89,92,95" /><INIT seed="5,6,1,3,4,9" ten="312,373,280,25" oya="1" hai0="28,3,77,73,88,62,98,123,61,107,67,122,31" hai1="16,104,45,115,74,70,40,126,90,101,95,94,113" hai2="117,35,33,44,114,32,43,119,11,92,111,48,4" hai3="20,55,76,23,89,84,17,116,66,13,128,65,120"/><U47/><E70/><V42/><F111/><W132/><G120/><N who="0" m="46123" /><D3/><U108/><E74/><V69/><F69/><W26/><G128/><T106/><D73/><U91/><E108/><V49/><F92/><W22/><G132/><T78/><D98/><U21/><E126/><V2/><REACH who="2" step="1"/><F114/><REACH who="2" step="2"/><N who="1" m="43529" /><E104/><V60/><F60/><W105/><G105/><T8/><D106/><U125/><E125/><V87/><F87/><W39/><G116/><T103/><D62/><U41/><E41/><V80/><F80/><W12/><G39/><T54/><D61/><U96/><E40/><V93/><F93/><N who="3" m="54439" /><G66/><T0/><D67/><U85/><E91/><V19/><F19/><W37/><G37/><T86/><D88/><U57/><E57/><V52/><F52/><W118/><G65/><T36/><D36/><U24/><AGARI ba="6,2" hai="16,21,24,45,47,85,90,94,95,96,101" m="43529" machi="24" ten="30,3000,0" yaku="15,1,54,1" doraHai="9" who="1" fromWho="1" sc="312,-16,373,68,270,-16,25,-16" /><INIT seed="5,7,0,1,3,105" ten="296,441,254,9" oya="1" hai0="113,102,108,37,65,48,40,79,54,106,29,84,72" hai1="86,100,50,118,96,6,131,45,47,61,1,123,130" hai2="129,64,74,2,21,78,66,127,53,9,13,107,62" hai3="14,120,94,73,10,42,17,104,134,7,76,30,87"/><U125/><E123/><V95/><F127/><W57/><G104/><T119/><D108/><U59/><E125/><V49/><F129/><N who="1" m="49161" /><E118/><V26/><F2/><W80/><G120/><T70/><D119/><U132/><E86/><V114/><F107/><W63/><G134/><T115/><D29/><U5/><E132/><V133/><F114/><N who="0" m="43530" /><D84/><U16/><E16/><V44/><F133/><W75/><G30/><T69/><D65/><N who="1" m="39103" /><E1/><V4/><F95/><W27/><G42/><T77/><D77/><U110/><E110/><V60/><F62/><W111/><G111/><T51/><D37/><U15/><E15/><V22/><F22/><W85/><G27/><T20/><D20/><U97/><E45/><V116/><F116/><W11/><G87/><T33/><D33/><U39/><E39/><V122/><F122/><W126/><G94/><T67/><D67/><U90/><E90/><V23/><F23/><W135/><G135/><T81/><D40/><N who="1" m="24935" /><E100/><V99/><F99/><AGARI ba="7,0" hai="5,6,96,97,99" m="24935,39103,49161" machi="99" ten="30,1500,0" yaku="19,1" doraHai="105" who="1" fromWho="2" sc="296,0,441,36,254,-36,9,0" /><INIT seed="5,8,0,5,0,54" ten="296,477,218,9" oya="1" hai0="87,2,118,65,83,60,38,25,10,105,8,59,77" hai1="49,71,86,22,108,39,98,99,31,80,33,69,84" hai2="130,74,88,3,0,111,13,133,15,125,7,5,97" hai3="120,107,82,64,70,34,46,61,115,95,68,103,24"/><U43/><E39/><V122/><F74/><W12/><G120/><T90/><D38/><U67/><E33/><V29/><F88/><W47/><G95/><T9/><D118/><U85/><E71/><V53/><F97/><N who="1" m="36873" /><E69/><V94/><F53/><W73/><G70/><T102/><D105/><U11/><E67/><V121/><F94/><W14/><G14/><T6/><D102/><U52/><E43/><V81/><F81/><W75/><G12/><T19/><D77/><N who="1" m="46095" /><E11/><V89/><F89/><W20/><G20/><T1/><D1/><U96/><N who="1" m="36881" /><U57/><DORA hai="58" /><E108/><V56/><F56/><W128/><G47/><T55/><REACH who="0" step="1"/><D65/><REACH who="0" step="2"/><U26/><AGARI ba="8,1" hai="22,26,31,49,52,57,85,86" m="46095,36881" machi="26" ten="40,7800,0" yaku="8,1,52,1,54,1" doraHai="54,58" who="1" fromWho="1" sc="286,-34,477,112,218,-34,9,-34" owari="252,5,589,70,184,-22,-25,-53" /></mjloggm>