<mjloggm ver="2.3"><GO type="41"/><UN n0="%E3%82%A6%E3%83%AB%E3%83%88%E3%83%A9%E7%AB%8B%E7%9B%B4" n1="%73%65%69%69%67%61%33" n2="%E8%99%B9%E5%B7%9D%E3%82%8A%E3%82%8A%E3%81%8B" n3="%73%61%6B%73%68%72" dan="13,15,14,13" rate="1919,2038,1888,1846" sx="M,M,F,M"/><TAIKYOKU oya="0"/><INIT seed="0,0,0,2,2,116" ten="250,250,250,250" oya="0" hai0="98,36,59,38,80,78,128,109,102,11,131,133,111" hai1="63,112,33,82,77,56,9,10,3,113,19,84,0" hai2="47,21,115,41,88,22,104,48,127,108,69,126,14" hai3="70,37,50,30,93,73,43,110,99,119,34,66,51"/><T71/><D71/><U124/><E33/><V20/><F115/><N who="1" m="44105" /><E124/><N who="2" m="47659" /><F69/><W101/><G119/><T75/><D59/><U18/><E10/><V135/><F104/><W16/><G110/><N who="0" m="41995" /><D11/><U74/><E74/><V49/><F108/><W97/><G73/><T117/><D117/><U120/><E120/><V4/><F135/><W94/><G66/><T64/><D64/><U31/><E31/><V35/><F35/><W130/><G70/><T62/><D62/><U118/><E118/><V52/><F4/><W105/><G130/><N who="0" m="49707" /><D133/><U26/><E26/><V54/><F14/><W134/><G134/><T29/><D29/><U44/><E44/><V68/><F68/><W87/><G30/><T7/><D7/><N who="1" m="1255" /><E3/><V72/><F72/><W67/><G34/><T6/><D6/><U123/><E123/><V57/><F41/><W2/><G43/><T53/><D53/><AGARI ba="0,0" hai="18,19,53,56,63,77,82,84" m="1255,44105" machi="53" ten="30,1000,0" yaku="11,1" doraHai="116" who="1" fromWho="0" sc="250,-10,250,10,250,0,250,0" /><INIT seed="1,0,0,5,3,80" ten="240,260,250,250" oya="1" hai0="100,104,107,23,27,8,135,25,131,49,69,14,67" hai1="53,30,113,116,39,108,22,91,52,127,47,98,2" hai2="133,37,36,3,40,62,54,92,103,85,99,68,19" hai3="97,134,15,74,88,60,41,112,13,96,55,1,64"/><U119/><E113/><V51/><F133/><W5/><G74/><T77/><D67/><U81/><E2/><V73/><F73/><W57/><G112/><T43/><D69/><U38/><E127/><V46/><F3/><W50/><G134/><T29/><D135/><U128/><E128/><V86/><F37/><W122/><G1/><T82/><D27/><U31/><E81/><V95/><F68/><W20/><G122/><T130/><D100/><U11/><E11/><V26/><F62/><W35/><G35/><T121/><D121/><U132/><E132/><V129/><F129/><W78/><G78/><T72/><D49/><U28/><E22/><V90/><F26/><W115/><G115/><T66/><D43/><U71/><E71/><V32/><F19/><N who="3" m="10351" /><G15/><T45/><D45/><U21/><E21/><V101/><F32/><W17/><G5/><T106/><REACH who="0" step="1"/><D66/><REACH who="0" step="2"/><U42/><E39/><V111/><F103/><W102/><G102/><T83/><D83/><U24/><E24/><V7/><F111/><W109/><G109/><T124/><D124/><U10/><E108/><V12/><F7/><AGARI ba="0,1" hai="7,8,14,23,25,29,72,77,82,104,106,107,130,131" machi="7" ten="40,2600,0" yaku="1,1,53,1" doraHai="80" doraHaiUra="16" who="0" fromWho="2" sc="230,36,260,0,250,-26,250,0" /><INIT seed="2,0,0,0,5,115" ten="266,260,224,250" oya="2" hai0="47,35,38,1,46,26,40,59,90,31,95,39,104" hai1="88,17,3,63,52,127,133,77,33,65,112,117,51" hai2="99,34,0,45,69,72,11,48,82,37,86,108,83" hai3="68,98,27,25,74,105,21,126,92,9,107,57,101"/><V121/><F69/><W94/><G68/><T109/><D104/><U122/><E112/><V24/><F121/><W16/><G74/><T135/><D1/><U85/><E122/><V125/><F125/><W79/><G79/><T114/><D114/><U118/><E77/><V100/><F108/><W119/><G126/><T41/><D109/><U66/><E127/><V116/><F37/><W73/><G73/><T32/><D135/><U56/><E33/><V15/><F0/><W89/><G119/><T5/><D5/><U7/><E133/><V23/><F34/><W124/><G124/><T49/><D35/><U110/><E110/><V6/><F82/><W71/><G9/><T106/><D106/><U93/><E66/><V103/><F72/><W55/><G71/><T130/><D130/><U14/><E7/><V134/><F134/><W2/><G27/><T18/><D18/><U75/><E3/><V12/><F12/><W60/><REACH who="3" step="1"/><G2/><REACH who="3" step="2"/><T8/><D8/><U111/><E75/><V29/><F116/><W36/><G36/><T30/><D26/><U61/><E111/><V42/><REACH who="2" step="1"/><F99/><AGARI ba="0,1" hai="16,21,25,55,57,60,89,92,94,98,99,101,105,107" machi="99" ten="30,8000,1" yaku="1,1,7,1,25,2,54,1,53,0" doraHai="115" doraHaiUra="76" who="3" fromWho="2" sc="266,0,260,0,224,-80,240,90" /><INIT seed="3,0,0,3,1,13" ten="266,260,144,330" oya="3" hai0="3,92,84,72,88,8,21,57,17,58,59,36,118" hai1="123,30,11,7,99,82,69,2,48,103,93,26,86" hai2="55,52,16,41,102,5,120,113,63,43,85,124,32" hai3="50,111,18,65,37,23,130,35,104,45,46,6,39"/><W125/><G35/><T56/><D72/><U24/><E69/><V53/><F120/><W19/><G65/><T76/><D36/><U129/><E123/><V44/><F113/><W109/><G104/><T33/><D33/><U133/><E129/><V110/><F110/><N who="3" m="41995" /><G6/><T22/><D118/><U90/><E133/><V4/><F32/><W79/><G79/><T73/><D3/><U0/><E0/><V28/><F28/><W51/><G130/><T78/><D73/><U80/><E30/><V14/><F124/><W116/><G116/><T34/><D34/><U38/><E38/><N who="3" m="14346" /><G23/><N who="0" m="8715" /><D57/><U29/><E29/><V77/><F63/><W20/><G20/><T94/><D94/><U91/><REACH who="1" step="1"/><E48/><REACH who="1" step="2"/><N who="3" m="18474" /><G125/><T67/><D67/><U70/><E70/><V40/><F44/><AGARI ba="0,1" hai="18,19,44,45,46" m="18474,14346,41995" machi="44" ten="40,18000,2" yaku="28,2,14,1,10,1,52,2" doraHai="13" who="3" fromWho="2" sc="266,0,250,0,144,-180,330,190" owari="266,7,250,-15,-36,-54,520,62" /></mjloggm>