<mjloggm ver="2.3"><GO type="97"/><UN n0="%77%61%6C%6B" n1="%39%39%39%39%71%71%71%71" n2="%E3%82%A6%E3%83%AB%E3%83%88%E3%83%A9%E7%AB%8B%E7%9B%B4" n3="%6B%65%69%35" dan="15,14,13,14" rate="1928,1927,1823,1907" sx="M,M,M,M"/><TAIKYOKU oya="0"/><INIT seed="0,0,0,5,0,50" ten="250,250,250,250" oya="0" hai0="75,99,2,14,6,29,65,114,122,53,74,116,30" hai1="93,78,69,96,89,38,110,59,43,129,68,109,41" hai2="134,83,26,51,25,9,11,54,112,131,111,13,27" hai3="121,10,0,45,17,118,55,135,31,5,60,44,15" shuffle="mt19937ar,A88E1621,1213E6C3,D3BB41F9,716FD799,BB35EC48,A7BA1BE7,BE97B590,C623A0A9"/><T19/><D116/><U46/><E129/><V24/><F112/><W76/><G118/><T1/><D122/><U67/><E78/><V73/><F131/><W4/><G121/><T23/><D114/><U104/><E104/><V42/><F111/><N who="1" m="42505" /><E43/><V39/><F134/><W35/><G135/><T120/><D120/><U124/><E124/><V82/><N who="2" m="6656" /><DORA hai="7" /><V28/><F28/><W87/><G35/><T57/><D65/><U85/><E96/><V80/><F73/><W47/><G31/><T119/><D119/><U133/><E133/><V21/><F42/><W115/><G115/><T103/><D29/><U49/><E67/><V8/><F39/><W127/><G127/><T52/><D30/><U77/><E77/><V117/><F117/><W94/><G0/><T37/><D37/><U63/><E63/><V95/><F95/><W123/><G123/><T84/><D84/><U130/><E130/><V101/><F101/><W100/><G100/><T128/><D128/><U12/><E12/><V22/><F13/><W71/><G71/><T107/><D53/><AGARI ba="0,0" hai="38,41,46,49,53,59,68,69,85,89,93" m="42505" machi="53" ten="30,2000,0" yaku="14,1,52,1" doraHai="50,7" who="1" fromWho="0" sc="250,-20,250,20,250,0,250,0" /><INIT seed="1,0,0,3,4,89" ten="230,270,250,250" oya="1" hai0="5,57,93,106,43,108,128,54,15,32,18,42,122" hai1="35,115,52,75,12,129,68,132,86,83,56,45,49" hai2="76,58,134,119,30,26,126,40,77,44,8,97,111" hai3="65,87,82,19,28,84,6,99,79,0,73,16,81" shuffle="mt19937ar,BA733E61,88AE61E6,F77C37A2,FE2D024A,A3E9BCFC,02C27B18,41BB8305,1EB7A532"/><U91/><E132/><V1/><F119/><W80/><G28/><T107/><D32/><U100/><E129/><V69/><F69/><W36/><G36/><T102/><D122/><U70/><E35/><V120/><F120/><W9/><G65/><T74/><D74/><U67/><E115/><V23/><F134/><W110/><G110/><T51/><D5/><U121/><E121/><V60/><F111/><W10/><G73/><T114/><D114/><U103/><E75/><V78/><F126/><W38/><G38/><T24/><D24/><U112/><E112/><V130/><F130/><W118/><G118/><T59/><D128/><U13/><E70/><V66/><F1/><W94/><G82/><T27/><D27/><U48/><E68/><V61/><F61/><W46/><G46/><N who="0" m="28023" /><D106/><U90/><E90/><V11/><REACH who="2" step="1"/><F97/><REACH who="2" step="2"/><W98/><G99/><N who="0" m="59759" /><D108/><U2/><E2/><V47/><F47/><W62/><G62/><T95/><D107/><U131/><E131/><V63/><F63/><W4/><G0/><T123/><D123/><U20/><E67/><V85/><F85/><W71/><G71/><T64/><D64/><U113/><E113/><V105/><F105/><W104/><G104/><T3/><D3/><U72/><E72/><V25/><F25/><W21/><G98/><T88/><D59/><U33/><E33/><V53/><F53/><W135/><G135/><T39/><D57/><U55/><E13/><V92/><F92/><W17/><G94/><T50/><D95/><U34/><E34/><V22/><F22/><W124/><G21/><T96/><D96/><RYUUKYOKU ba="0,1" sc="230,-15,270,15,240,15,250,-15" hai1="12,20,45,48,49,52,55,56,83,86,91,100,103" hai2="8,11,23,26,30,40,44,58,60,66,76,77,78" /><INIT seed="1,1,1,5,3,70" ten="215,285,255,235" oya="1" hai0="64,94,107,102,1,116,10,19,8,87,66,5,4" hai1="97,65,36,62,61,17,96,2,40,15,9,129,46" hai2="88,35,86,48,41,54,85,113,122,6,14,95,67" hai3="135,25,44,110,7,81,29,42,23,22,75,16,132" shuffle="mt19937ar,CBA4E8A3,202CBCF6,7994BBB9,B6B5F756,AF441A2B,E60F9F48,D95AA15C,E150B725"/><U115/><E129/><V126/><F35/><W59/><G110/><T80/><D107/><U32/><E115/><V63/><F122/><W24/><G7/><T55/><D116/><U121/><E32/><V60/><F113/><W39/><REACH who="3" step="1"/><G59/><REACH who="3" step="2"/><T45/><D19/><U30/><E121/><V123/><F123/><W131/><G131/><T103/><D45/><U18/><E2/><V117/><F117/><W21/><G21/><T52/><D94/><U33/><E33/><V38/><F6/><W34/><G34/><T76/><D80/><U12/><E30/><V47/><F126/><W125/><G125/><T101/><D1/><U11/><REACH who="1" step="1"/><E62/><REACH who="1" step="2"/><V57/><F63/><W118/><G118/><T0/><D0/><U112/><E112/><V84/><REACH who="2" step="1"/><F14/><REACH who="2" step="2"/><W104/><G104/><T72/><D4/><U114/><E114/><V13/><F13/><W127/><G127/><T124/><D5/><U134/><E134/><V105/><F105/><W28/><G28/><T106/><D106/><U3/><E3/><V130/><F130/><W43/><G43/><T51/><D124/><U93/><E93/><V78/><F78/><AGARI ba="1,4" hai="16,22,23,24,25,29,39,42,44,75,78,81,132,135" machi="78" ten="40,5200,0" yaku="1,1,52,1,54,1,53,0" doraHai="70" doraHaiUra="100" who="3" fromWho="2" sc="215,0,275,0,245,-55,225,95" /><INIT seed="2,0,0,3,0,30" ten="215,275,190,320" oya="2" hai0="115,22,39,40,98,3,110,130,72,2,32,80,35" hai1="118,96,5,69,93,77,10,50,23,117,76,85,45" hai2="89,81,0,14,103,87,105,55,82,54,92,120,9" hai3="127,59,84,95,106,79,29,46,125,15,65,52,27" shuffle="mt19937ar,227ED940,F9659BB5,2D70D516,EC210EAE,10F2BD39,1B961621,C1A3004B,EA094169"/><V121/><F0/><W132/><G106/><T44/><D115/><U63/><E23/><V49/><F105/><W116/><G116/><T47/><D22/><U20/><E20/><V128/><F128/><W16/><G65/><T134/><D130/><U68/><E68/><V31/><F31/><W131/><G131/><T126/><D47/><U19/><E19/><V34/><F34/><N who="0" m="12842" /><D134/><U21/><E21/><V133/><F133/><W18/><G46/><T75/><D126/><N who="3" m="48137" /><G132/><T104/><D110/><U53/><E118/><V114/><F114/><W26/><G79/><N who="0" m="44135" /><D75/><U62/><E117/><V90/><F103/><AGARI ba="0,0" hai="2,3,39,40,44,98,103,104" m="44135,12842" machi="103" ten="30,8000,1" yaku="33,2,52,3" doraHai="30" who="0" fromWho="2" sc="215,80,275,0,190,-80,320,0" /><INIT seed="3,0,0,0,3,102" ten="295,275,110,320" oya="3" hai0="74,14,79,130,121,93,15,46,13,86,71,117,42" hai1="24,87,52,126,132,31,33,72,11,133,58,123,26" hai2="115,1,63,113,98,105,38,111,25,34,114,92,19" hai3="75,64,36,48,100,3,83,101,5,12,50,37,8" shuffle="mt19937ar,7A91F2BD,D343896C,38733643,CC0CFF30,CCC7C9F3,B7D9DA82,F87B0315,76DCA5F1"/><W78/><G64/><T27/><D117/><U6/><E123/><V107/><F38/><W76/><G12/><T40/><D121/><U95/><E72/><V43/><F43/><W91/><G78/><T128/><D71/><U85/><E26/><V81/><F1/><W99/><G91/><T82/><D27/><U44/><E44/><V125/><F63/><W0/><G0/><T103/><D46/><U110/><E110/><V104/><F34/><W119/><G119/><T21/><D21/><U49/><E126/><V4/><F4/><W96/><G50/><T88/><REACH who="0" step="1"/><D103/><REACH who="0" step="2"/><U62/><E133/><V84/><F25/><W59/><G101/><T77/><D77/><U55/><E132/><V17/><F17/><W53/><REACH who="3" step="1"/><G99/><REACH who="3" step="2"/><T80/><D80/><U94/><E95/><AGARI ba="0,2" hai="3,5,8,36,37,48,53,59,75,76,83,95,96,100" machi="95" ten="30,11600,0" yaku="1,1,2,1,7,1,53,1" doraHai="102" doraHaiUra="2" who="3" fromWho="1" sc="285,0,275,-116,110,0,310,136" owari="285,4,159,-19,110,-29,446,44" /></mjloggm>