<mjloggm ver="2.3"><GO type="41"/><UN n0="%E3%82%A6%E3%83%AB%E3%83%88%E3%83%A9%E7%AB%8B%E7%9B%B4" n1="%E3%81%AA%E3%81%BB%E3%81%A8" n2="%E9%9D%92%E6%9C%A8%E8%8C%82" n3="%E4%B8%8B%E6%89%8B%E3%81%AE%E6%A8%AA%E5%A5%BD%E3%81%8D%E2%99%AA" dan="15,13,14,16" rate="1975,1922,1843,2029" sx="M,M,M,M"/><TAIKYOKU oya="0"/><INIT seed="0,0,0,0,0,66" ten="250,250,250,250" oya="0" hai0="98,29,103,92,40,121,57,32,93,77,23,128,22" hai1="110,5,43,61,135,109,11,37,124,79,72,80,44" hai2="4,116,113,19,94,108,75,54,97,60,82,88,47" hai3="112,7,53,16,46,62,129,35,10,67,115,14,17"/><T83/><D128/><U102/><E135/><V1/><F116/><W87/><G35/><T58/><D121/><U81/><E124/><V30/><F113/><W24/><G129/><T38/><D32/><U85/><E102/><V2/><F108/><W63/><G17/><T31/><D38/><U71/><E81/><V123/><F123/><W73/><G73/><T134/><D40/><U8/><E85/><V68/><F30/><W78/><G78/><T42/><D42/><U55/><E55/><V76/><F19/><W111/><G111/><T133/><D133/><U91/><E91/><V107/><F4/><W52/><G87/><T127/><D134/><U12/><E11/><V21/><F21/><W33/><G7/><T56/><D127/><U65/><REACH who="1" step="1"/><E12/><REACH who="1" step="2"/><V41/><F1/><W50/><G53/><T120/><D120/><U104/><E104/><V69/><F2/><W3/><G3/><T99/><D83/><U20/><E20/><N who="0" m="7721" /><D77/><U48/><E48/><V130/><F130/><W119/><G119/><T100/><AGARI ba="0,1" hai="29,31,56,57,58,92,93,98,99,100,103" m="7721" machi="100" ten="30,1500,0" yaku="8,1" doraHai="66" who="0" fromWho="0" sc="250,25,240,-5,250,-5,250,-5" /><INIT seed="0,1,0,0,2,3" ten="275,235,245,245" oya="0" hai0="119,55,43,115,50,112,123,134,114,6,87,111,56" hai1="34,107,96,25,106,110,88,9,92,5,127,19,65" hai2="86,82,99,118,73,89,26,61,91,120,35,62,78" hai3="54,70,28,32,76,130,100,95,104,4,7,64,113"/><T41/><D87/><U16/><E110/><V46/><F120/><W133/><G113/><T42/><D123/><U21/><E127/><V23/><F35/><W17/><G76/><T52/><D119/><U33/><E65/><V105/><F118/><W74/><G74/><T57/><D111/><U39/><E39/><V85/><F46/><W128/><G95/><T125/><D6/><N who="3" m="2089" /><G17/><T13/><D13/><U135/><E135/><V27/><F105/><W75/><G54/><T98/><D98/><U11/><E11/><V8/><F8/><W90/><G90/><T131/><D125/><U48/><E19/><V109/><F109/><W97/><G75/><T84/><D84/><U124/><E124/><V72/><F99/><W80/><G80/><T18/><D18/><U12/><REACH who="1" step="1"/><E48/><REACH who="1" step="2"/><V40/><F40/><W117/><G133/><T10/><D134/><U60/><E60/><V126/><F126/><W36/><G36/><T102/><D10/><U122/><E122/><V44/><F78/><W24/><G117/><T121/><D121/><U59/><E59/><V0/><F82/><W94/><G94/><T58/><D102/><U66/><E66/><V132/><F132/><W22/><G22/><T37/><D37/><U63/><E63/><AGARI ba="1,1" hai="24,28,32,63,64,70,97,100,104,128,130" m="2089" machi="63" ten="30,7700,0" yaku="25,1,52,3" doraHai="3" who="3" fromWho="1" sc="275,0,225,-80,245,0,245,90" /><INIT seed="1,0,0,4,3,66" ten="275,145,245,335" oya="1" hai0="24,51,106,100,71,105,119,97,8,27,84,57,23" hai1="114,48,94,121,116,19,55,5,53,112,58,128,132" hai2="86,96,125,4,82,99,64,67,104,72,88,134,85" hai3="110,36,98,28,13,80,30,43,107,37,92,87,6"/><U122/><E5/><V93/><F134/><W26/><G110/><T7/><D119/><U22/><E132/><V16/><F4/><W1/><G1/><T111/><D111/><U61/><E116/><V129/><F129/><W31/><G107/><T101/><D84/><U9/><E9/><V109/><F109/><W77/><G43/><T73/><D73/><U75/><E75/><V130/><F130/><W56/><G26/><T79/><D79/><U115/><E94/><V20/><F125/><W60/><G13/><T39/><D39/><U42/><E128/><V83/><F72/><W3/><G3/><T2/><D51/><U63/><E22/><V133/><F133/><W52/><REACH who="3" step="1"/><G6/><REACH who="3" step="2"/><T40/><D40/><U90/><E19/><V81/><F104/><W47/><G47/><T65/><D27/><U25/><E25/><N who="2" m="14471" /><F99/><W120/><G120/><N who="1" m="46186" /><E90/><AGARI ba="0,1" hai="28,30,31,36,37,52,56,60,77,80,87,90,92,98" machi="90" ten="40,2600,0" yaku="1,1,54,1,53,0" doraHai="66" doraHaiUra="102" who="3" fromWho="1" sc="275,0,145,-26,245,0,325,36" /><INIT seed="2,0,0,1,1,85" ten="275,119,245,361" oya="2" hai0="84,112,30,106,3,83,31,29,53,90,0,113,36" hai1="128,72,94,26,116,22,89,60,117,81,73,93,78" hai2="39,55,120,50,61,4,121,47,44,48,122,110,21" hai3="42,91,97,96,1,82,66,41,63,6,67,131,12"/><V57/><F4/><W68/><G1/><T107/><D36/><U104/><E60/><V37/><F21/><W133/><G133/><T23/><D23/><U54/><E54/><V126/><F126/><W100/><G67/><T76/><D53/><U49/><E49/><V130/><F130/><W71/><G71/><T25/><D25/><U69/><E69/><V59/><F110/><W16/><G6/><T38/><D38/><U118/><E22/><V88/><F88/><W103/><G103/><T95/><D106/><U127/><E26/><V74/><F74/><W64/><G64/><T102/><D3/><U134/><E104/><V15/><F15/><W51/><G131/><T124/><D0/><U18/><E18/><V70/><F70/><W101/><G101/><T40/><D40/><U58/><E58/><V79/><F79/><W5/><G5/><T13/><D13/><U10/><E10/><V28/><F28/><W115/><G115/><T7/><D7/><U35/><E35/><V65/><F57/><W19/><G19/><T14/><D14/><U52/><E52/><AGARI ba="0,0" hai="37,39,44,47,48,50,52,55,59,61,65,120,121,122" machi="52" ten="40,12000,1" yaku="9,1,34,3,54,1" doraHai="85" who="2" fromWho="1" sc="275,0,119,-120,245,120,361,0" owari="275,-12,-1,-50,365,46,361,16" /></mjloggm>