<mjloggm ver="2.3"><GO type="41"/><UN n0="%E3%82%B9%E3%83%BC%E3%83%8B" n1="%77%2E%63%2E" n2="%45%58" n3="%E3%82%A6%E3%83%AB%E3%83%88%E3%83%A9%E7%AB%8B%E7%9B%B4" dan="15,13,15,15" rate="2055,1815,1838,1964" sx="M,M,M,M"/><TAIKYOKU oya="0"/><INIT seed="0,0,0,0,1,45" ten="250,250,250,250" oya="0" hai0="86,82,52,119,113,34,10,30,53,118,78,38,12" hai1="26,57,66,47,41,81,22,111,116,91,107,114,36" hai2="98,73,103,44,124,100,60,55,24,126,72,87,21" hai3="70,28,14,101,11,131,64,42,15,61,105,6,104"/><T97/><D38/><U128/><E116/><V125/><F87/><W117/><G117/><T65/><D65/><U43/><E107/><V102/><F98/><W2/><G131/><T88/><D113/><U3/><E114/><V8/><F8/><W23/><G42/><T50/><D53/><U79/><E3/><V16/><F60/><W35/><G15/><T5/><D30/><U25/><E128/><V75/><F55/><W96/><G23/><T17/><D34/><U32/><E32/><V4/><F44/><W18/><G18/><T39/><D39/><U76/><E43/><V54/><F54/><W84/><G84/><T85/><D97/><U108/><E66/><V29/><REACH who="2" step="1"/><F4/><REACH who="2" step="2"/><W71/><G14/><T56/><D5/><U37/><E57/><V63/><F63/><W112/><G112/><T134/><D134/><U51/><E91/><V48/><F48/><W129/><G129/><T20/><D10/><U68/><E22/><V127/><N who="2" m="32256" /><DORA hai="1" /><V0/><F0/><W7/><G7/><T133/><D133/><U40/><E47/><V83/><F83/><AGARI ba="0,1" hai="12,17,20,50,52,56,78,82,83,85,86,88,118,119" machi="83" ten="30,11600,0" yaku="7,1,52,1,54,2" doraHai="45,1" who="0" fromWho="2" sc="250,126,250,0,240,-116,250,0" /><INIT seed="0,1,0,1,3,133" ten="376,250,124,250" oya="0" hai0="135,60,70,104,26,13,84,118,83,86,67,66,55" hai1="82,99,90,134,89,30,92,105,62,48,35,85,14" hai2="42,121,25,50,103,29,115,119,75,19,71,17,39" hai3="79,120,22,34,73,56,78,74,93,72,3,114,33"/><T2/><D2/><U31/><E35/><V127/><F121/><W94/><G3/><T11/><D118/><U116/><E116/><V98/><F119/><W110/><G114/><T122/><D135/><U59/><E134/><V21/><F115/><W18/><G56/><T123/><D104/><U9/><E105/><V5/><F71/><W57/><G57/><T77/><D67/><U1/><E1/><V96/><F75/><W12/><G120/><T40/><D40/><U23/><E48/><V41/><F5/><W107/><G107/><T80/><D26/><U54/><E23/><V24/><F39/><W65/><G65/><T112/><D55/><U130/><E130/><V28/><F50/><W100/><G110/><T37/><D37/><U63/><REACH who="1" step="1"/><E62/><REACH who="1" step="2"/><V20/><REACH who="2" step="1"/><F103/><REACH who="2" step="2"/><W38/><G38/><T131/><D112/><U15/><E15/><V124/><AGARI ba="1,2" hai="17,19,20,21,24,25,28,29,41,42,96,98,124,127" machi="124" ten="25,16000,3" yaku="1,1,2,1,0,1,22,2,52,2,53,2" doraHai="133" doraHaiUra="16" who="2" fromWho="2" sc="376,-81,240,-41,114,183,250,-41" /><INIT seed="1,0,0,2,4,87" ten="295,199,297,209" oya="1" hai0="125,0,89,109,94,26,33,114,74,63,64,53,60" hai1="84,121,6,32,122,36,128,127,85,130,37,110,102" hai2="34,134,5,90,132,40,72,112,107,108,91,44,101" hai3="129,111,66,22,16,49,131,82,18,45,120,25,126"/><U11/><E32/><V58/><F72/><W100/><G120/><N who="1" m="46186" /><E102/><V59/><F34/><W75/><G66/><T81/><D0/><U28/><E28/><V54/><F108/><W19/><G111/><T123/><D109/><U65/><E65/><V71/><F71/><W83/><G100/><T96/><D123/><U30/><E30/><V41/><F112/><W79/><G83/><T48/><D114/><U46/><E46/><V31/><F31/><W4/><G4/><T95/><D33/><U104/><E104/><V67/><F5/><W76/><G76/><T39/><D39/><N who="1" m="14923" /><E110/><V68/><F68/><W3/><G3/><T50/><D74/><U93/><E93/><V47/><F67/><W88/><G25/><T117/><D117/><U55/><E55/><V73/><F73/><W17/><G22/><T133/><D81/><U7/><E11/><V14/><F14/><W8/><G8/><T99/><D26/><U97/><E97/><V116/><F116/><W13/><G75/><T1/><D1/><U98/><E98/><V27/><F27/><W15/><G79/><T23/><D23/><U124/><E84/><V115/><F115/><W118/><G118/><T78/><D78/><U51/><E85/><V24/><F24/><W103/><G103/><T105/><D105/><U70/><E70/><V135/><F101/><W119/><G119/><T2/><D2/><U9/><E9/><V69/><F107/><W57/><G19/><T80/><D64/><U29/><E29/><V113/><F113/><W12/><G18/><T42/><D96/><U77/><E77/><RYUUKYOKU ba="0,0" sc="295,0,199,0,297,0,209,0" /><INIT seed="2,1,0,1,0,108" ten="295,199,297,209" oya="2" hai0="119,0,11,122,114,121,1,32,87,90,57,5,99" hai1="131,78,61,56,50,132,10,117,129,44,134,14,4" hai2="133,28,128,101,95,15,81,47,12,37,111,49,74" hai3="79,52,113,6,105,36,55,127,48,38,75,116,98"/><V9/><F37/><W45/><G116/><T24/><D99/><U27/><E117/><V3/><F28/><W69/><G6/><T107/><D107/><U73/><E73/><V83/><F74/><W20/><G79/><T17/><D119/><U51/><E78/><V7/><F111/><W71/><G75/><T22/><D57/><U16/><E27/><V54/><F128/><N who="1" m="49225" /><E44/><V104/><F133/><N who="1" m="51305" /><E4/><V89/><F104/><W42/><G105/><T53/><D53/><AGARI ba="1,0" hai="10,14,16,50,51,53,56,61" m="51305,49225" machi="53" ten="30,3900,0" yaku="19,1,20,1,54,1" doraHai="108" who="1" fromWho="0" sc="295,-42,199,42,297,0,209,0" /><INIT seed="3,0,0,2,2,53" ten="253,241,297,209" oya="3" hai0="72,22,77,11,26,73,68,81,43,95,30,88,54" hai1="40,35,51,127,64,46,70,107,113,39,118,67,61" hai2="85,37,15,21,128,42,131,48,98,132,134,17,99" hai3="52,75,82,65,126,89,1,55,109,34,79,87,36"/><W135/><G34/><T49/><D68/><U56/><E113/><V57/><F37/><W83/><G126/><T123/><D123/><U24/><E107/><V5/><F5/><W110/><G135/><N who="2" m="51753" /><F85/><W91/><G36/><T2/><D43/><U58/><E24/><V94/><F94/><W84/><G1/><T3/><D11/><U12/><E35/><V120/><F120/><W38/><G38/><T62/><D62/><U7/><E7/><V20/><F20/><W124/><G124/><T104/><D104/><U66/><E12/><V92/><F92/><W102/><G102/><T116/><D116/><U97/><E118/><V78/><F78/><W33/><G33/><T129/><D129/><N who="2" m="49738" /><F42/><W122/><G122/><T63/><D63/><N who="1" m="40223" /><E127/><V44/><F44/><W25/><G79/><T9/><D9/><U86/><E86/><V13/><F13/><W10/><G10/><T0/><D73/><U112/><E97/><V121/><F121/><W6/><G6/><T100/><D100/><U59/><E112/><V29/><F29/><W47/><G47/><T114/><D114/><U106/><E106/><V76/><F76/><W45/><G45/><T18/><D30/><U119/><E119/><V125/><F125/><W103/><G103/><T28/><D28/><U27/><E27/><V41/><F41/><W130/><G130/><T32/><D32/><U108/><E39/><V115/><F115/><W101/><G101/><T23/><D23/><U93/><E93/><V19/><F19/><W69/><G25/><T60/><D3/><U105/><E105/><V8/><F21/><RYUUKYOKU ba="0,0" sc="253,-10,241,-10,297,30,209,-10" hai2="8,15,17,48,57,98,99" /><INIT seed="4,1,0,0,1,109" ten="243,231,327,199" oya="0" hai0="62,120,63,87,39,129,45,92,38,134,30,104,67" hai1="128,100,102,132,114,19,135,127,3,70,95,28,33" hai2="94,44,90,5,41,121,116,6,98,64,117,50,1" hai3="36,119,118,24,113,16,115,82,79,97,2,107,105"/><T65/><D104/><U31/><E70/><V122/><F64/><W131/><G2/><T93/><D30/><U81/><E3/><V74/><F74/><N who="3" m="43383" /><G36/><T15/><D120/><U80/><E33/><V55/><F41/><W88/><G24/><T103/><D134/><U99/><E19/><V123/><REACH who="2" step="1"/><F1/><REACH who="2" step="2"/><W112/><G131/><T52/><D129/><U56/><E128/><V21/><F21/><W7/><G7/><AGARI ba="1,1" hai="5,6,7,44,50,55,90,94,98,116,117,121,122,123" machi="7" ten="50,1600,0" yaku="1,1,53,0" doraHai="109" doraHaiUra="53" who="2" fromWho="3" sc="243,0,231,0,317,29,199,-19" /><INIT seed="5,0,0,5,3,91" ten="243,231,346,180" oya="1" hai0="88,28,80,67,5,120,130,2,66,34,118,96,111" hai1="37,65,99,57,92,64,16,12,98,112,0,85,38" hai2="105,69,121,56,126,78,14,81,110,117,101,50,62" hai3="123,75,51,36,18,86,77,4,27,31,30,83,6"/><U15/><E0/><V73/><F121/><W95/><G36/><T29/><D118/><U124/><E124/><V35/><F117/><W9/><G123/><T70/><D111/><U119/><E119/><V134/><F110/><W59/><G75/><T7/><D120/><U94/><E112/><V106/><F126/><W10/><G18/><T129/><D70/><U125/><E125/><V100/><F100/><W103/><G51/><T63/><D63/><U13/><E85/><V131/><F131/><N who="0" m="50186" /><D2/><U24/><E24/><V122/><F122/><W87/><G59/><T44/><D44/><U114/><E114/><V42/><F134/><W74/><G74/><T90/><D34/><U39/><E57/><V55/><F101/><W109/><G109/><T46/><D46/><U58/><E58/><V104/><F35/><W20/><G31/><N who="0" m="11851" /><D80/><U115/><E115/><V21/><F69/><W72/><G72/><T48/><D48/><U61/><E61/><V76/><F76/><W8/><REACH who="3" step="1"/><G86/><REACH who="3" step="2"/><T113/><D113/><U135/><E135/><V102/><F73/><W133/><G133/><T1/><D1/><U108/><E108/><V32/><F32/><W116/><G116/><T41/><D41/><U49/><E49/><V47/><F42/><W52/><G52/><T132/><D132/><U22/><E64/><N who="0" m="24617" /><D96/><AGARI ba="0,1" hai="4,6,8,9,10,20,27,30,77,83,87,95,96,103" machi="96" ten="40,8000,1" yaku="1,1,8,1,52,1,53,2" doraHai="91" doraHaiUra="3" who="3" fromWho="0" sc="243,-80,231,0,346,0,170,90" /><INIT seed="6,0,0,1,5,110" ten="163,231,346,260" oya="2" hai0="8,122,79,87,31,81,52,47,78,86,36,77,12" hai1="67,49,116,135,37,98,43,80,125,119,106,39,9" hai2="75,53,20,2,62,107,14,55,34,46,91,19,25" hai3="65,0,127,95,18,113,48,105,117,40,16,44,108"/><V24/><F75/><W73/><G105/><T112/><D122/><U85/><E67/><V129/><F107/><W30/><G108/><T56/><D31/><U115/><E135/><V54/><F2/><W27/><G117/><T111/><D111/><U120/><E9/><V104/><F104/><W63/><G73/><T64/><D112/><U5/><E5/><V11/><F129/><W101/><G127/><T66/><D36/><U13/><E13/><V131/><F131/><W128/><G128/><T130/><D130/><U133/><E133/><V88/><F34/><W45/><G45/><T50/><D87/><U60/><E125/><V132/><F132/><W96/><G113/><T61/><REACH who="0" step="1"/><D66/><REACH who="0" step="2"/><U17/><E120/><V100/><F62/><W82/><G63/><T29/><D29/><U134/><E115/><V109/><F109/><W94/><G65/><T59/><D59/><U121/><E134/><V99/><F46/><W72/><G44/><T84/><D84/><U90/><E121/><V4/><F99/><W124/><G96/><T21/><D21/><U15/><E37/><V74/><F74/><W92/><G124/><T76/><D76/><U42/><E39/><V70/><F70/><W1/><G72/><T23/><D23/><U126/><E126/><V123/><F123/><W38/><G38/><T26/><D26/><N who="2" m="10346" /><F100/><W28/><G101/><T7/><AGARI ba="0,1" hai="7,8,12,47,50,52,56,61,64,77,78,79,81,86" machi="7" ten="20,8000,1" yaku="1,1,0,1,7,1,8,1,54,1,53,0" doraHai="110" doraHaiUra="89" who="0" fromWho="0" sc="153,90,231,-20,346,-40,260,-20" /><INIT seed="7,0,0,1,4,64" ten="243,211,306,240" oya="3" hai0="119,44,85,108,36,52,134,81,16,65,107,37,68" hai1="122,76,60,126,1,105,70,88,132,25,131,34,18" hai2="2,49,22,20,4,26,35,95,38,42,121,56,79" hai3="51,69,96,48,58,115,24,123,118,101,72,133,87"/><W75/><G123/><T62/><D107/><U97/><E122/><V113/><F121/><W117/><G69/><T67/><D119/><U100/><E126/><V103/><F38/><W104/><G133/><T7/><D7/><U84/><E1/><V21/><F79/><W82/><G115/><T30/><D30/><U125/><E125/><V8/><F113/><W59/><G24/><T74/><D74/><U111/><E111/><V128/><F128/><W55/><G75/><T39/><D108/><U5/><E131/><V77/><F77/><W130/><G72/><T12/><D67/><U71/><E5/><V0/><F0/><W78/><REACH who="3" step="1"/><G130/><REACH who="3" step="2"/><T116/><D134/><U31/><E132/><V109/><F109/><W106/><G106/><T14/><D116/><U91/><E18/><V3/><F26/><W124/><G124/><T27/><D27/><U86/><E71/><V127/><F127/><W9/><G9/><T83/><D16/><U98/><E76/><V28/><F2/><W41/><G41/><T6/><D6/><U53/><E53/><AGARI ba="0,1" hai="48,51,53,55,58,59,78,82,87,96,101,104,117,118" machi="53" ten="40,3900,0" yaku="1,1,9,1,53,0" doraHai="64" doraHaiUra="110" who="3" fromWho="1" sc="243,0,211,-39,306,0,230,49" /><INIT seed="7,1,0,3,1,68" ten="243,172,306,279" oya="3" hai0="22,128,118,65,112,6,104,135,105,7,56,21,103" hai1="58,133,48,115,18,127,35,67,87,20,41,134,34" hai2="50,1,91,47,53,79,62,111,63,82,122,3,119" hai3="121,30,109,39,5,60,52,2,74,16,116,71,66"/><W125/><G121/><T110/><D110/><U49/><E115/><V106/><F111/><W11/><G109/><T114/><D118/><U19/><E127/><V26/><F119/><W93/><G116/><T77/><D77/><U98/><E98/><V81/><F106/><N who="0" m="41066" /><D103/><U73/><E73/><V90/><F122/><W107/><G107/><T123/><D123/><U40/><E58/><V88/><F26/><W78/><G125/><T59/><D65/><U9/><E67/><V99/><F99/><W61/><G30/><T86/><D86/><U64/><E64/><V108/><F108/><W31/><G31/><T129/><D135/><U76/><E87/><V42/><F42/><W4/><G4/><N who="0" m="1579" /><D56/><U51/><E76/><V101/><F101/><W32/><G32/><N who="1" m="12330" /><E20/><N who="0" m="7785" /><D59/><U24/><E9/><V46/><F46/><W13/><G93/><T89/><D89/><U69/><E24/><V92/><F92/><W45/><G60/><T8/><D8/><U70/><E70/><V0/><REACH who="2" step="1"/><F82/><REACH who="2" step="2"/><N who="3" m="45399" /><G16/><N who="1" m="6186" /><E69/><V28/><F28/><W117/><G117/><T85/><D85/><AGARI ba="1,1" hai="0,1,3,47,50,53,62,63,79,81,85,88,90,91" machi="85" ten="50,3200,0" yaku="1,1,54,1,53,0" doraHai="68" doraHaiUra="100" who="2" fromWho="0" sc="243,-35,172,0,296,45,279,0" owari="208,-19,172,-33,341,44,279,8" /></mjloggm>