<mjloggm ver="2.3"><GO type="41"/><UN n0="%E3%82%B7%E3%83%A7%E3%82%BF" n1="%E5%86%86%E7%AD%92" n2="%E3%82%A6%E3%83%AB%E3%83%88%E3%83%A9%E7%AB%8B%E7%9B%B4" n3="%E3%81%86%E3%81%A9%E3%82%93%52" dan="14,17,15,13" rate="1997,2069,1980,1852" sx="M,M,M,M"/><TAIKYOKU oya="0"/><INIT seed="0,0,0,4,1,62" ten="250,250,250,250" oya="0" hai0="110,34,52,33,19,51,11,25,59,44,14,92,87" hai1="93,104,99,79,6,18,84,68,12,66,45,76,0" hai2="77,21,35,130,131,20,124,9,58,67,120,98,56" hai3="2,38,129,41,10,86,37,57,16,24,111,122,125"/><T81/><D110/><U15/><E0/><V72/><F35/><W135/><G135/><T40/><D25/><U17/><E104/><V31/><F9/><W30/><G111/><T117/><D117/><U83/><E6/><V32/><F120/><W43/><G129/><T60/><D92/><U61/><E45/><V54/><F77/><AGARI ba="0,0" hai="11,14,19,33,34,40,44,51,52,59,60,77,81,87" machi="77" ten="30,2900,0" yaku="7,1,54,1" doraHai="62" who="0" fromWho="2" sc="250,29,250,0,250,-29,250,0" /><INIT seed="0,1,0,0,0,36" ten="279,250,221,250" oya="0" hai0="30,88,72,110,89,79,22,91,17,133,1,119,31" hai1="8,70,78,92,85,123,57,20,122,39,87,125,38" hai2="3,86,115,59,28,4,131,25,19,112,107,84,18" hai3="76,34,103,42,32,26,7,101,11,124,99,2,108"/><T96/><D1/><U65/><E70/><V135/><F107/><W14/><G108/><T66/><D110/><U67/><E125/><V80/><F86/><W45/><G124/><T71/><D119/><U93/><E20/><V75/><F75/><W102/><G2/><T51/><D72/><U90/><E57/><V41/><F4/><W117/><G117/><T68/><D79/><U82/><E8/><V27/><F3/><W105/><G76/><T81/><D133/><U63/><E93/><V114/><F59/><W104/><G104/><T60/><D68/><U126/><E126/><V116/><F135/><W37/><REACH who="3" step="1"/><G32/><REACH who="3" step="2"/><T120/><D120/><U109/><E109/><V52/><F116/><W77/><G77/><T48/><D81/><U16/><E123/><V24/><F115/><W55/><G55/><T54/><D54/><U47/><E122/><V43/><F114/><W95/><G95/><T56/><D71/><U53/><E53/><V21/><F112/><W62/><G62/><T64/><D66/><U46/><E63/><V29/><F52/><W13/><G13/><T106/><D106/><U6/><E67/><V49/><F27/><W94/><G94/><T10/><D96/><U129/><E92/><V83/><F131/><W0/><G0/><T132/><D132/><U35/><E129/><V118/><F118/><W44/><G44/><T98/><D98/><U40/><E65/><V134/><F134/><W128/><G128/><T121/><D121/><U50/><E47/><V127/><F127/><W100/><G100/><T15/><D91/><U12/><E90/><RYUUKYOKU ba="1,1" sc="279,-10,250,-10,221,-10,240,30" hai3="7,11,14,26,34,37,42,45,99,101,102,103,105" /><INIT seed="1,2,1,4,1,57" ten="269,240,211,270" oya="1" hai0="59,99,95,2,116,6,87,89,112,19,73,71,75" hai1="108,48,130,17,15,128,3,28,121,132,114,110,55" hai2="45,135,22,115,78,91,103,16,124,125,72,26,37" hai3="10,63,74,129,83,43,42,70,12,51,122,54,65"/><U38/><E38/><V50/><F37/><W131/><G122/><T46/><D116/><U24/><E121/><V90/><F115/><W4/><G74/><T66/><D71/><U44/><E3/><V93/><F135/><W25/><G25/><T5/><D112/><U127/><E114/><V118/><F118/><W53/><G83/><T109/><D109/><N who="1" m="42091" /><E132/><V14/><F78/><W106/><G106/><T111/><D111/><U84/><E84/><V61/><F72/><W92/><G92/><T68/><D68/><U104/><E104/><V119/><F119/><W32/><G32/><T82/><D2/><U105/><E105/><V18/><F103/><W81/><G81/><T40/><D75/><U88/><E88/><V94/><F91/><W34/><G34/><T98/><D73/><U85/><E85/><V117/><F117/><W47/><REACH who="3" step="1"/><G54/><REACH who="3" step="2"/><T60/><D82/><U41/><E55/><N who="2" m="30159" /><F93/><W107/><G107/><T113/><D113/><U0/><E127/><V13/><F124/><W123/><G123/><T20/><D87/><U134/><E134/><V69/><F125/><W1/><G1/><T56/><D99/><U86/><E0/><V33/><F33/><W80/><G80/><T27/><D98/><U30/><E86/><V29/><F94/><W76/><G76/><T96/><D96/><U77/><E77/><V23/><F90/><W102/><G102/><T133/><D89/><U64/><E24/><V31/><F26/><W35/><G35/><T36/><D95/><U67/><E130/><AGARI ba="2,2" hai="4,10,12,42,43,47,51,53,63,65,70,129,130,131" machi="130" ten="40,12000,2" yaku="1,1,19,1,52,1,53,3" doraHai="57" doraHaiUra="126" who="3" fromWho="1" sc="269,0,240,-126,211,0,260,146" /><INIT seed="2,0,0,0,4,120" ten="269,114,211,406" oya="2" hai0="1,100,18,102,113,124,66,30,2,111,115,84,109" hai1="59,24,96,119,33,15,11,94,123,32,49,129,17" hai2="3,52,55,70,131,121,53,29,77,42,90,78,73" hai3="134,47,88,86,0,95,67,34,92,116,19,63,79"/><V38/><F121/><W7/><G116/><T51/><D124/><U58/><E119/><V27/><F131/><W56/><G134/><T22/><D30/><U26/><E129/><V117/><F117/><W114/><G114/><N who="0" m="43531" /><D66/><U35/><E123/><V110/><F70/><W45/><G34/><T98/><D84/><U61/><E49/><V14/><F3/><N who="0" m="1034" /><D51/><U108/><E58/><V72/><F42/><W20/><G0/><T122/><D122/><U50/><E50/><V112/><F38/><W28/><G7/><T74/><D74/><U25/><E96/><V105/><F105/><W135/><G135/><T23/><D18/><U40/><E94/><V54/><F54/><W133/><G133/><T10/><D10/><U16/><E40/><V85/><F112/><W4/><G4/><T68/><D68/><U118/><E118/><V101/><F101/><N who="0" m="39018" /><D98/><U127/><E127/><V31/><F14/><N who="3" m="9335" /><G28/><T5/><D5/><U130/><E130/><V12/><F12/><W8/><G8/><T36/><D36/><U39/><E39/><V21/><F73/><W106/><G106/><T99/><D99/><U44/><E17/><V48/><F72/><W6/><G6/><T9/><D9/><U46/><REACH who="1" step="1"/><E108/><AGARI ba="0,0" hai="22,23,108,109,111" m="39018,1034,43531" machi="108" ten="40,12000,2" yaku="28,2,14,1,52,3" doraHai="120" who="0" fromWho="1" sc="269,120,114,-120,211,0,406,0" owari="389,19,-6,-51,211,-19,406,51" /></mjloggm>