<mjloggm ver="2.3"><GO type="193"/><UN n0="%E3%82%A6%E3%83%AB%E3%83%88%E3%83%A9%E7%AB%8B%E7%9B%B4" n1="%73%61%6C%74%79%64%6F%67" n2="%65%6D%61%6E%6F%4E" n3="%E3%81%8B%E3%81%A3%E3%81%A4%E3%81%89" dan="12,13,11,12" rate="1804,1785,1626,1699" sx="M,M,M,M"/><TAIKYOKU oya="0"/><INIT seed="0,0,0,5,4,76" ten="250,250,250,250" oya="0" hai0="107,52,48,37,91,101,117,36,63,77,84,19,0" hai1="85,29,40,67,81,57,124,7,51,113,94,123,100" hai2="105,135,14,38,59,30,21,20,126,26,70,41,118" hai3="43,131,55,82,83,16,58,119,106,95,64,99,90" shuffle="mt19937ar,D6CF5A1A,531E79CD,439ED8F1,F7CF65C1,A1057640,AD04762B,3B54F76A,CFCBB8C5"/><T65/><D0/><U75/><E123/><V10/><F105/><W98/><G106/><T134/><D77/><U104/><E113/><V71/><F38/><W68/><G119/><T62/><D117/><U11/><E124/><V42/><F71/><W3/><G3/><T66/><D134/><U33/><E75/><V31/><F70/><W125/><G43/><T73/><D73/><U32/><E104/><V92/><F135/><W79/><G125/><T44/><D101/><U2/><E33/><V28/><F126/><W69/><G131/><T18/><D107/><U114/><E114/><V102/><F118/><W12/><G69/><T45/><D19/><U103/><E32/><V1/><F1/><W127/><G68/><T60/><D18/><U74/><E29/><N who="2" m="17607" /><F21/><N who="3" m="11399" /><G64/><N who="0" m="24683" /><D84/><U121/><E74/><V4/><F59/><W5/><G79/><T80/><D91/><U110/><E121/><V34/><F34/><W115/><G115/><T93/><D93/><U46/><E110/><V25/><F25/><W47/><G5/><T22/><D22/><U61/><REACH who="1" step="1"/><E94/><REACH who="1" step="2"/><V96/><AGARI ba="0,1" hai="4,10,14,28,30,31,41,42,92,96,102" m="17607" machi="96" ten="30,1100,0" yaku="8,1" doraHai="76" who="2" fromWho="2" sc="250,-5,240,-3,250,21,250,-3" /><INIT seed="1,0,0,2,2,75" ten="245,237,271,247" oya="1" hai0="95,61,3,70,80,39,114,20,93,127,22,119,109" hai1="129,89,27,101,34,48,73,103,128,62,85,116,7" hai2="108,52,46,26,1,47,9,66,38,8,23,56,107" hai3="65,13,98,67,28,40,78,130,123,117,10,81,19" shuffle="mt19937ar,A1791B5C,4C3C0027,2ECFA9B4,FC174079,55A80F19,C25E7C77,9ED2886E,1F838B62"/><U16/><E73/><V29/><F107/><W49/><G123/><T43/><D3/><U133/><E116/><V31/><F66/><W0/><G117/><T30/><D114/><U77/><E133/><V126/><F126/><W72/><G28/><T112/><D112/><U17/><E7/><V11/><F1/><W104/><G130/><N who="1" m="50282" /><E62/><N who="2" m="36103" /><F38/><W87/><G72/><T4/><D119/><U57/><E34/><V79/><F108/><W115/><G0/><T37/><D109/><U121/><E121/><V102/><F102/><N who="1" m="38921" /><E27/><V21/><F79/><W6/><G115/><T53/><D127/><U110/><E110/><V18/><F29/><W106/><G98/><T55/><D30/><U54/><E89/><V2/><F2/><W118/><G19/><T97/><D61/><U135/><E135/><V44/><F23/><W83/><G83/><AGARI ba="0,0" hai="16,17,48,54,57,77,83,85" m="38921,50282" machi="83" ten="30,5800,0" yaku="19,1,52,1,54,1" doraHai="75" who="1" fromWho="3" sc="245,0,237,58,271,0,247,-58" /><INIT seed="1,1,0,0,1,51" ten="245,295,271,189" oya="1" hai0="126,7,91,120,78,70,121,49,22,43,44,41,114" hai1="30,84,54,96,18,82,11,99,57,28,53,75,12" hai2="129,3,6,69,113,76,40,117,45,73,93,32,39" hai3="13,128,110,59,9,19,61,60,68,26,62,130,104" shuffle="mt19937ar,591C6ACF,33797018,ACF14C95,D47C505C,460E3963,AD89EEC4,FA95127E,26D6474F"/><U20/><E75/><V1/><F93/><W112/><G104/><T21/><D70/><U52/><E57/><V111/><F117/><W55/><G112/><T89/><D114/><U15/><E30/><V24/><F113/><W5/><G68/><T10/><D78/><N who="1" m="46167" /><E28/><N who="2" m="19463" /><F129/><W36/><G36/><T16/><D43/><U33/><E33/><V103/><F69/><W125/><G110/><T101/><D101/><U35/><E35/><V94/><F94/><W31/><G125/><T83/><D126/><U14/><E14/><V119/><F119/><W29/><G29/><T131/><D131/><N who="3" m="50217" /><G5/><AGARI ba="1,0" hai="5,11,12,15,18,20,52,53,54,96,99" m="46167" machi="5" ten="30,12000,1" yaku="8,1,52,3,54,1" doraHai="51" who="1" fromWho="3" sc="245,0,295,123,271,0,189,-123" /><INIT seed="1,2,0,5,1,28" ten="245,418,271,66" oya="1" hai0="43,86,63,89,135,101,21,13,110,36,1,111,0" hai1="68,118,97,100,122,70,98,94,76,11,73,103,102" hai2="19,82,88,27,59,72,5,96,51,127,44,15,14" hai3="48,3,38,108,39,115,8,66,116,7,69,125,80" shuffle="mt19937ar,0A74A98E,3520F9C5,9E8A4BB4,251F4CFD,80896C09,B8B16E85,7F18E7A0,653953B7"/><U123/><E11/><N who="2" m="4463" /><F72/><W119/><G48/><T117/><D101/><N who="1" m="39019" /><E70/><V95/><F127/><W53/><G53/><T20/><D43/><U26/><E68/><V78/><F78/><W54/><G54/><T77/><D36/><U40/><E40/><N who="2" m="24967" /><F82/><W22/><G22/><T6/><D63/><U113/><E26/><V16/><F59/><W114/><G125/><T106/><D106/><N who="1" m="63855" /><E118/><V124/><F124/><W121/><G121/><T25/><D117/><N who="3" m="45129" /><G80/><T62/><D62/><U12/><E12/><V60/><F60/><N who="3" m="40135" /><G108/><T64/><D64/><U30/><E30/><V37/><F37/><AGARI ba="2,0" hai="3,7,8,37,38,39,114,115" m="40135,45129" machi="37" ten="30,2000,0" yaku="12,1,23,1" doraHai="28" who="3" fromWho="2" sc="245,0,418,0,271,-26,66,26" /><INIT seed="2,0,0,1,0,91" ten="245,418,245,92" oya="2" hai0="117,86,113,6,108,127,27,38,106,72,1,22,4" hai1="90,57,25,42,67,32,21,58,115,41,104,19,122" hai2="48,132,66,15,125,30,99,7,100,63,52,62,80" hai3="59,96,20,46,36,34,37,130,40,49,29,70,85" shuffle="mt19937ar,FFC636DE,95C07845,4A605760,8FF35F78,CDEE152C,817031B1,2D070F9C,7204B0A5"/><V79/><F30/><W14/><G70/><T124/><D86/><U92/><E104/><V103/><F125/><W123/><G34/><T77/><D6/><U24/><E122/><V45/><F132/><W93/><G123/><T11/><D22/><U116/><E116/><V16/><F7/><W97/><G130/><T50/><D27/><N who="1" m="14783" /><E32/><V68/><F63/><W94/><G85/><T9/><D9/><U2/><E2/><V110/><F99/><W73/><G73/><T78/><D78/><U18/><E18/><V134/><F134/><W55/><G37/><T128/><D50/><U83/><E83/><V129/><F129/><W69/><G69/><T31/><D31/><U112/><E115/><V114/><F114/><W71/><G71/><T64/><D64/><U95/><E112/><V118/><F118/><W5/><G5/><T126/><D77/><U10/><E67/><V89/><F110/><W43/><G43/><N who="1" m="16394" /><E90/><V47/><F47/><W35/><G35/><T131/><D124/><U56/><E10/><N who="2" m="6263" /><F79/><W133/><G133/><T51/><D126/><U17/><E17/><V0/><F0/><W3/><G3/><T98/><D128/><U39/><E39/><V102/><F102/><W54/><G54/><T105/><D105/><U119/><E119/><V23/><F23/><W111/><G111/><T8/><D8/><U84/><E84/><AGARI ba="0,0" hai="45,48,52,62,66,68,80,84,89,100,103" m="6263" machi="84" ten="30,5800,0" yaku="25,1,54,2" doraHai="91" who="2" fromWho="1" sc="245,0,418,-58,245,58,92,0" /><INIT seed="2,1,0,5,5,41" ten="245,360,303,92" oya="2" hai0="131,50,120,28,101,24,74,22,65,10,38,25,106" hai1="89,12,19,128,29,105,99,121,33,117,53,48,134" hai2="52,115,127,78,64,122,68,71,133,135,17,72,23" hai3="73,70,49,91,57,11,34,90,36,61,92,31,130" shuffle="mt19937ar,4ABCD7C7,6E16C515,F808DE88,1BF07EAB,FC033F00,34FE3841,B5745809,54A53BAF"/><V93/><F122/><W20/><G36/><T113/><D38/><U3/><E117/><V21/><F115/><W104/><G73/><T80/><D113/><U60/><E3/><V132/><F72/><W107/><G70/><N who="2" m="26665" /><F78/><W14/><G34/><T82/><D120/><U35/><E121/><V119/><F119/><W110/><G110/><T32/><D131/><U56/><E134/><V126/><F64/><W0/><G0/><T112/><D65/><U118/><E128/><V100/><F100/><W102/><G130/><T26/><D112/><U16/><E118/><V13/><F93/><W76/><G76/><T42/><D74/><U51/><E35/><V108/><F108/><W116/><G116/><T30/><D10/><N who="1" m="6167" /><E105/><V81/><F81/><W40/><G107/><T46/><REACH who="0" step="1"/><D26/><REACH who="0" step="2"/><U97/><E33/><V84/><F84/><W87/><G104/><T88/><D88/><U9/><E89/><V15/><F52/><W7/><G87/><T44/><D44/><U4/><E99/><AGARI ba="1,1" hai="22,24,25,28,30,32,42,46,50,80,82,99,101,106" machi="99" ten="40,2600,0" yaku="1,1,52,1,53,0" doraHai="41" doraHaiUra="66" who="0" fromWho="1" sc="235,39,360,-29,303,0,92,0" /><INIT seed="3,0,0,1,0,99" ten="274,331,303,92" oya="3" hai0="50,74,12,68,95,10,4,73,98,57,28,127,85" hai1="84,36,121,96,2,91,108,67,75,86,78,22,122" hai2="21,90,49,46,123,128,51,62,120,48,72,114,56" hai3="64,89,94,93,110,105,82,47,26,59,107,39,112" shuffle="mt19937ar,779596A5,58B2AC59,D04A8445,9E611B4D,934B84D7,14AB8C81,23231F60,90151223"/><W7/><G112/><T70/><D127/><U126/><E36/><V119/><F72/><W3/><G110/><T125/><D125/><U44/><E2/><V106/><F106/><W37/><G3/><T19/><D74/><U66/><E126/><V15/><F114/><W31/><G7/><T77/><D73/><U116/><E44/><V63/><F119/><W29/><G26/><T131/><D131/><U16/><E116/><V35/><F35/><W97/><G82/><T43/><D70/><U14/><E108/><V109/><F109/><W117/><G117/><T104/><D68/><U134/><E134/><V5/><F128/><W71/><G71/><T132/><D132/><U18/><E122/><V33/><F33/><W54/><G64/><N who="1" m="24618" /><E75/><V111/><F111/><W34/><G34/><T76/><D104/><N who="3" m="40009" /><G97/><T9/><D28/><N who="3" m="10825" /><G47/><T42/><D77/><U130/><E78/><V88/><F46/><W0/><G89/><N who="2" m="34409" /><F5/><W8/><G0/><T1/><D85/><N who="1" m="32875" /><E130/><V118/><F118/><W115/><G8/><T129/><D76/><U69/><E69/><V40/><F40/><W20/><G115/><T6/><D129/><U11/><E121/><N who="2" m="46667" /><F56/><W23/><G20/><T17/><D57/><U32/><E32/><V30/><F15/><W101/><G59/><T81/><D81/><U100/><E22/><V45/><F45/><W113/><G54/><T58/><D42/><U27/><E27/><AGARI ba="0,0" hai="21,27,30,48,49,51,62,63" m="46667,34409" machi="27" ten="40,2600,0" yaku="13,1,54,1" doraHai="99" who="2" fromWho="1" sc="274,0,331,-26,303,26,92,0" owari="274,-8,305,6,329,33,92,-31" /></mjloggm>