<mjloggm ver="2.3"><GO type="41"/><UN n0="%6F%6B%65%72%61" n1="%E5%A4%A7%E9%81%93%E5%AF%BA%E3%81%A8%E3%82%82%E3%82%88" n2="%E5%85%AB%E8%A7%92%E5%BD%A2" n3="%E3%82%A6%E3%83%AB%E3%83%88%E3%83%A9%E7%AB%8B%E7%9B%B4" dan="13,13,14,13" rate="1906,1804,1943,1851" sx="M,M,M,M"/><TAIKYOKU oya="0"/><INIT seed="0,0,0,5,2,67" ten="250,250,250,250" oya="0" hai0="79,110,100,43,53,39,96,23,3,129,121,84,59" hai1="54,90,109,47,77,30,20,94,93,38,89,27,9" hai2="17,41,111,55,68,86,133,21,81,99,44,35,115" hai3="114,116,34,19,48,95,97,42,113,91,132,10,70"/><T119/><D121/><U122/><E122/><V14/><F68/><W88/><G34/><T18/><D119/><U104/><E104/><V69/><F115/><W73/><G73/><T85/><D3/><U2/><E109/><V72/><F72/><W49/><G116/><T123/><D123/><U98/><E77/><V11/><F55/><W87/><G132/><T22/><D129/><U64/><E64/><V36/><F35/><W128/><G128/><T74/><D74/><U62/><E62/><V83/><F111/><W0/><G70/><T12/><D110/><U117/><E117/><V16/><F133/><W51/><G42/><T6/><D6/><U45/><E38/><V120/><F120/><W105/><G105/><T50/><D79/><U61/><E2/><V75/><F99/><W112/><G0/><T127/><D127/><U32/><E9/><V4/><F69/><W124/><G124/><T66/><D66/><U76/><E76/><V102/><F102/><W103/><G87/><T134/><D134/><U106/><E106/><V80/><F75/><W65/><G65/><T135/><D135/><U15/><E61/><V5/><REACH who="2" step="1"/><F86/><REACH who="2" step="2"/><W57/><G57/><T46/><REACH who="0" step="1"/><D22/><REACH who="0" step="2"/><U40/><E20/><V63/><F63/><W8/><G8/><T56/><D56/><U82/><E45/><V131/><F131/><W29/><G10/><T25/><D25/><AGARI ba="0,2" hai="4,5,11,14,16,17,21,25,36,41,44,80,81,83" machi="25" ten="40,5200,0" yaku="1,1,54,1,53,1" doraHai="67" doraHaiUra="7" who="2" fromWho="0" sc="240,-52,250,0,240,72,250,0" /><INIT seed="1,0,0,2,4,15" ten="188,250,312,250" oya="1" hai0="114,22,109,44,61,23,126,11,121,0,131,62,130" hai1="14,82,40,6,108,92,35,123,31,30,133,94,100" hai2="73,125,80,54,79,68,47,12,53,81,49,134,27" hai3="122,90,88,89,59,28,75,72,17,95,83,8,9"/><U33/><E123/><V20/><F68/><W112/><G122/><T2/><D121/><U74/><E133/><V113/><F113/><W43/><G112/><T51/><D114/><U19/><E6/><V16/><F134/><W120/><G120/><T55/><D11/><U116/><E116/><V38/><F38/><W13/><G28/><T86/><D86/><U118/><E118/><V96/><F125/><W63/><G43/><T135/><D135/><U66/><E66/><V101/><F81/><W99/><G9/><T105/><D105/><U76/><E40/><V26/><F54/><W41/><G41/><T10/><D10/><U50/><E50/><V110/><REACH who="2" step="1"/><F110/><REACH who="2" step="2"/><W128/><G128/><N who="0" m="49195" /><D109/><U36/><E36/><V34/><F34/><W127/><G127/><T84/><D126/><U115/><E33/><V98/><F98/><W70/><G70/><T103/><D84/><U93/><E35/><V58/><F58/><W78/><G75/><T18/><D103/><U29/><E108/><V45/><F45/><W42/><G42/><T69/><D69/><U91/><E115/><V124/><F124/><W117/><G117/><T5/><D5/><U7/><E100/><V52/><F52/><AGARI ba="0,1" hai="8,13,17,52,59,63,72,78,83,88,89,90,95,99" machi="52" ten="30,7700,0" yaku="7,1,52,1,54,2" doraHai="15" who="3" fromWho="2" sc="188,0,250,0,302,-77,250,87" /><INIT seed="2,0,0,0,1,90" ten="188,250,225,337" oya="2" hai0="55,22,1,0,56,58,111,131,92,104,33,6,98" hai1="110,113,116,43,17,66,74,124,107,64,40,9,77" hai2="30,15,91,103,68,109,49,23,54,34,88,31,7" hai3="35,97,16,133,51,71,75,59,117,24,123,27,60"/><V70/><F34/><W105/><G75/><T130/><D33/><U108/><E116/><V50/><F103/><W57/><G123/><T78/><D104/><U95/><E107/><V119/><F119/><W134/><G117/><T87/><D22/><U28/><E28/><V106/><F106/><W120/><G120/><T121/><D121/><U112/><E124/><V21/><F15/><W53/><G71/><T89/><D6/><U73/><E77/><V19/><F19/><W39/><G39/><T63/><D111/><U126/><E126/><V5/><F54/><W2/><G2/><T118/><D58/><U102/><E102/><V11/><REACH who="2" step="1"/><F109/><REACH who="2" step="2"/><W4/><G35/><T18/><D118/><U72/><E17/><V86/><F86/><W48/><G16/><T80/><REACH who="0" step="1"/><D18/><REACH who="0" step="2"/><U3/><E110/><V52/><F52/><W114/><G53/><T42/><D42/><U44/><E108/><V85/><F85/><W100/><G105/><T83/><D83/><U93/><E43/><V62/><F62/><W99/><G60/><T36/><D36/><U76/><E113/><V20/><F20/><W127/><G127/><T79/><D79/><U132/><E112/><V69/><F69/><W25/><G114/><T84/><D84/><U81/><E76/><V45/><F45/><W115/><G115/><T82/><D82/><U122/><E81/><V10/><AGARI ba="0,2" hai="5,7,10,11,21,23,30,31,49,50,68,70,88,91" machi="10" ten="25,12000,1" yaku="1,1,0,1,22,2,54,1,53,0" doraHai="90" doraHaiUra="13" who="2" fromWho="2" sc="178,-40,250,-40,215,140,337,-40" /><INIT seed="2,1,0,2,4,26" ten="138,210,355,297" oya="2" hai0="65,64,40,70,59,30,93,122,128,91,126,118,127" hai1="61,98,57,82,111,77,22,31,116,20,101,4,100" hai2="123,21,117,42,32,33,43,113,76,104,7,25,34" hai3="74,133,103,63,95,23,124,115,49,78,85,89,97"/><V105/><F117/><W107/><G63/><T29/><D122/><U120/><E120/><V102/><F123/><W69/><G69/><T56/><D40/><U35/><E116/><V3/><F76/><W46/><G115/><T44/><D118/><U96/><E111/><V62/><F113/><W60/><G60/><T86/><D44/><U88/><E4/><V52/><F102/><N who="1" m="39529" /><E35/><V11/><F43/><W84/><G49/><T92/><D70/><U38/><E38/><V5/><F42/><W125/><G46/><T13/><D13/><U51/><E51/><V83/><F83/><N who="3" m="45527" /><G23/><T14/><D14/><U75/><E75/><V2/><F62/><W66/><G66/><N who="0" m="25707" /><D93/><U67/><E77/><V17/><F52/><W94/><G133/><T132/><D132/><U27/><E20/><V18/><F105/><W50/><G50/><T15/><D15/><U106/><E106/><V1/><F104/><W37/><G37/><T41/><D41/><U8/><E8/><V129/><F129/><W135/><G135/><T48/><D128/><U71/><E71/><V99/><F99/><W16/><G16/><T0/><D0/><U79/><E79/><V130/><F130/><W28/><G28/><N who="0" m="10859" /><D48/><U55/><E67/><V134/><F134/><W112/><G112/><T39/><D39/><U10/><E10/><N who="2" m="2351" /><F2/><W80/><G107/><T19/><D19/><AGARI ba="1,0" hai="3,7,11,17,18,19,21,25,32,33,34" m="2351" machi="19" ten="30,12000,1" yaku="35,5" doraHai="26" who="2" fromWho="0" sc="138,-123,210,0,355,123,297,0" /><INIT seed="2,2,0,1,2,114" ten="15,210,478,297" oya="2" hai0="106,105,109,97,71,74,87,82,90,99,107,85,73" hai1="100,65,0,42,2,83,20,11,80,119,116,43,76" hai2="117,132,52,91,127,134,34,28,111,89,7,94,13" hai3="33,19,23,122,6,41,108,58,38,79,24,68,131"/><V62/><F111/><W60/><G68/><T115/><D71/><U124/><E100/><V15/><F127/><W121/><G108/><T46/><D46/><U112/><E124/><V84/><F28/><W26/><G131/><T120/><D109/><U37/><E112/><V49/><F34/><W21/><G79/><T1/><D1/><U135/><E135/><V75/><F62/><W53/><G33/><T35/><D35/><U54/><E65/><V64/><F64/><W22/><G22/><T48/><D48/><U32/><E32/><V16/><F75/><W123/><G6/><T14/><D14/><U95/><E95/><V96/><F7/><W30/><G41/><T59/><D59/><U130/><E130/><V118/><F13/><W31/><G38/><T101/><D115/><U133/><E133/><N who="2" m="51307" /><F91/><W88/><G19/><T102/><D120/><U129/><E129/><V67/><F96/><W63/><G63/><T66/><D66/><U45/><E43/><V110/><F67/><W17/><G17/><T81/><D107/><U9/><E54/><V77/><F77/><AGARI ba="2,0" hai="73,74,77,81,82,85,87,90,97,99,101,102,105,106" machi="77" ten="30,16000,3" yaku="7,1,9,1,35,6" doraHai="114" who="0" fromWho="2" sc="15,166,210,0,478,-166,297,0" /><INIT seed="3,0,0,1,5,98" ten="181,210,312,297" oya="3" hai0="120,1,79,26,109,29,73,35,94,111,31,51,56" hai1="123,38,13,5,127,39,103,33,4,10,126,60,130" hai2="119,129,104,72,91,55,53,124,90,20,121,23,42" hai3="134,84,61,125,34,132,116,113,32,75,46,93,18"/><W28/><G116/><T74/><D1/><U112/><E33/><V21/><F121/><W115/><G75/><T66/><D120/><U89/><E123/><V87/><F104/><W78/><G46/><T22/><D79/><U8/><E112/><V80/><F72/><W92/><G61/><T11/><D11/><U71/><E130/><V47/><F124/><N who="1" m="47657" /><E89/><V63/><F119/><W15/><G125/><T6/><D6/><U59/><E71/><V45/><F129/><W100/><G28/><T3/><D3/><N who="1" m="31" /><E103/><V81/><F63/><W95/><G100/><T77/><D77/><U122/><E122/><V17/><F17/><W64/><G64/><AGARI ba="0,0" hai="5,10,13,38,39,59,60,64" m="31,47657" machi="64" ten="30,1000,0" yaku="18,1" doraHai="98" who="1" fromWho="3" sc="181,0,210,10,312,0,297,-10" /><INIT seed="4,0,0,2,4,90" ten="181,220,312,287" oya="0" hai0="14,110,74,69,89,106,126,95,83,125,93,4,133" hai1="51,6,121,79,113,65,122,88,54,12,37,28,123" hai2="64,92,21,108,53,104,9,97,43,107,39,17,8" hai3="58,60,56,73,114,45,63,40,24,85,50,27,52"/><T48/><D69/><U57/><E37/><V84/><F108/><W87/><G73/><T72/><D48/><U135/><E135/><V105/><F64/><W31/><G114/><T25/><D25/><U96/><E79/><V30/><F30/><W47/><G27/><T68/><D68/><U117/><E117/><V55/><F84/><W77/><G77/><T124/><D4/><U109/><E109/><V10/><F43/><W119/><G119/><T115/><D110/><U78/><E78/><V103/><REACH who="2" step="1"/><F39/><REACH who="2" step="2"/><W112/><G112/><T46/><D115/><U118/><E113/><V15/><AGARI ba="0,1" hai="8,9,10,15,17,21,53,55,92,97,103,104,105,107" machi="15" ten="40,8000,1" yaku="1,1,2,1,0,1,52,1,53,0" doraHai="90" doraHaiUra="23" who="2" fromWho="2" sc="181,-40,220,-20,302,90,287,-20" /><INIT seed="5,0,0,4,2,79" ten="141,200,392,267" oya="1" hai0="101,85,60,128,73,5,69,68,28,53,13,62,61" hai1="2,100,42,117,58,67,10,0,54,114,111,130,46" hai2="38,112,12,89,43,29,118,23,129,102,25,24,18" hai3="75,78,106,99,127,8,31,27,125,41,82,92,35"/><U44/><E117/><V33/><F118/><W63/><G41/><T22/><D73/><U21/><E130/><V88/><F112/><W49/><G49/><T91/><D128/><U32/><E114/><V40/><F102/><W119/><G119/><T3/><D3/><U121/><E121/><V51/><F38/><W105/><G8/><T131/><D101/><U70/><E32/><V57/><F129/><W86/><G63/><T77/><D131/><U45/><E111/><V134/><F134/><W109/><G109/><T113/><D113/><U11/><E100/><V72/><F72/><W94/><G27/><T87/><D53/><U47/><E67/><V6/><F6/><W84/><G31/><T55/><D55/><U26/><E70/><V1/><F1/><W39/><G39/><T14/><D68/><U65/><E65/><V36/><F36/><W30/><G30/><T34/><D34/><U16/><E16/><V19/><F43/><W115/><G35/><T98/><D69/><U50/><E0/><V123/><F123/><W80/><G115/><T96/><D77/><U4/><E2/><V116/><F116/><W104/><G75/><T122/><D85/><U71/><E71/><V48/><F48/><W59/><G59/><T17/><D122/><U37/><REACH who="1" step="1"/><E4/><REACH who="1" step="2"/><V52/><F40/><W7/><G7/><T74/><D28/><U95/><E95/><N who="3" m="36394" /><G99/><T93/><REACH who="0" step="1"/><D74/><REACH who="0" step="2"/><U135/><E135/><V66/><F66/><W120/><G120/><T103/><D103/><U124/><E124/><V64/><F64/><W90/><AGARI ba="0,2" hai="78,80,82,84,86,90,104,105,106,125,127" m="36394" machi="90" ten="40,8000,1" yaku="34,2,52,2" doraHai="79" who="3" fromWho="3" sc="131,-20,190,-40,392,-20,267,100" /><INIT seed="6,0,0,5,2,113" ten="111,150,372,367" oya="2" hai0="105,82,102,116,63,70,99,19,121,129,22,51,14" hai1="112,37,97,125,58,110,126,80,120,104,87,131,85" hai2="0,6,7,24,25,65,3,57,91,124,18,45,118" hai3="17,38,39,11,77,115,74,10,1,92,79,41,36"/><V27/><F118/><W123/><G123/><T103/><D121/><U109/><E37/><V5/><F45/><W13/><G79/><T29/><D129/><U117/><E58/><V52/><F65/><W81/><G92/><T54/><D103/><U56/><E56/><V122/><F91/><W71/><G71/><T34/><D82/><U20/><E20/><V78/><F78/><W4/><REACH who="3" step="1"/><G115/><REACH who="3" step="2"/><T93/><D93/><U73/><E112/><V96/><F122/><W32/><G32/><T33/><D33/><U90/><E120/><V101/><F124/><N who="1" m="47721" /><E131/><V31/><F31/><W69/><G69/><T76/><D76/><N who="1" m="44047" /><E104/><V61/><REACH who="2" step="1"/><F18/><REACH who="2" step="2"/><W106/><G106/><AGARI ba="0,2" hai="0,3,5,6,7,24,25,27,52,57,61,96,101,106" machi="106" ten="40,7700,0" yaku="1,1,2,1,54,1,53,0" doraHai="113" doraHaiUra="16" who="2" fromWho="3" sc="111,0,150,0,362,97,357,-77" /><INIT seed="6,1,0,3,2,18" ten="111,150,459,280" oya="2" hai0="20,65,83,12,89,106,9,62,135,24,10,125,131" hai1="88,78,110,30,25,60,32,86,75,132,14,126,51" hai2="84,17,66,80,101,31,47,7,81,120,129,130,54" hai3="94,118,8,122,91,117,97,82,19,63,79,35,69"/><V27/><F120/><W37/><G37/><T49/><D106/><U76/><E126/><V119/><F119/><W5/><G35/><T77/><D125/><U87/><E132/><V61/><F101/><W70/><G122/><T13/><D135/><U124/><E124/><V111/><F111/><W102/><G69/><T107/><D107/><U105/><E105/><V99/><F99/><W0/><G70/><T1/><D1/><U134/><E134/><V23/><F81/><W98/><G63/><T28/><D131/><U56/><E110/><V34/><F7/><W112/><G112/><T96/><D49/><U95/><E51/><V6/><F6/><W73/><G98/><T4/><D96/><U108/><E108/><V41/><F54/><W21/><REACH who="3" step="1"/><G102/><REACH who="3" step="2"/><T127/><D127/><U74/><E14/><AGARI ba="1,1" hai="0,5,8,14,19,21,73,79,82,91,94,97,117,118" machi="14" ten="30,8000,1" yaku="1,1,2,1,7,1,52,1,53,1" doraHai="18" doraHaiUra="11" who="3" fromWho="1" sc="111,0,150,-83,459,0,270,93" /><INIT seed="7,0,0,1,4,132" ten="111,67,459,363" oya="3" hai0="33,26,94,10,101,98,71,2,40,23,61,115,110" hai1="59,91,66,28,133,31,68,48,51,128,3,16,79" hai2="36,126,27,37,45,29,70,7,22,103,82,53,50" hai3="107,12,95,8,106,52,73,34,49,127,114,32,20"/><W57/><G73/><T130/><D110/><U113/><E133/><V102/><F70/><W44/><G20/><T108/><D108/><U77/><E68/><V21/><F82/><W85/><G114/><T75/><D115/><U5/><E113/><V83/><F37/><W81/><G95/><T54/><D130/><U119/><E119/><V30/><F36/><W104/><G57/><T42/><D75/><U123/><E128/><V9/><F126/><W0/><G0/><T135/><D135/><U78/><E123/><V112/><F83/><W18/><REACH who="3" step="1"/><G127/><REACH who="3" step="2"/><T13/><D33/><U89/><E3/><V121/><F112/><W120/><G120/><T72/><D2/><U88/><E5/><V39/><F121/><W17/><G17/><T47/><D72/><U41/><E41/><V86/><F39/><W63/><G63/><T87/><D71/><U43/><E43/><V58/><F58/><W76/><AGARI ba="0,1" hai="8,12,18,32,34,44,49,52,76,81,85,104,106,107" machi="76" ten="30,6000,0" yaku="1,1,0,1,54,1,53,0" doraHai="132" doraHaiUra="56" who="3" fromWho="3" sc="111,-20,67,-20,459,-20,353,70" /><INIT seed="7,1,0,4,3,47" ten="91,47,439,423" oya="3" hai0="25,26,125,75,116,52,100,49,82,31,88,78,71" hai1="34,8,51,40,43,5,4,127,65,96,106,14,85" hai2="44,64,108,53,60,68,11,99,111,59,133,107,134" hai3="27,130,97,115,35,93,117,104,45,9,50,81,119"/><W0/><G104/><T123/><D116/><U48/><E34/><V2/><F44/><W109/><G109/><N who="2" m="42057" /><F11/><W87/><G27/><T118/><D118/><U37/><E37/><V10/><F10/><W91/><G35/><T42/><D123/><U29/><E127/><V54/><F2/><W24/><G24/><T70/><D125/><U95/><E106/><V90/><F68/><W32/><G32/><T110/><D110/><U30/><E85/><V6/><F6/><W57/><G57/><T105/><D42/><N who="1" m="15915" /><E65/><V98/><F90/><W38/><G38/><T33/><D25/><U23/><E4/><V94/><F107/><W17/><G117/><T135/><D135/><N who="2" m="51722" /><F94/><W66/><G119/><T20/><D33/><U102/><E23/><V67/><F67/><W92/><G66/><T121/><D121/><U89/><E102/><V103/><F103/><W122/><G122/><T55/><D100/><U36/><E36/><V16/><F16/><W39/><G39/><T84/><D105/><U77/><E77/><V112/><F112/><W74/><G74/><T113/><D113/><U72/><E72/><V76/><F76/><N who="3" m="46503" /><G115/><T101/><D101/><U69/><E69/><V21/><F21/><W19/><G93/><N who="0" m="54407" /><D70/><U73/><E73/><V83/><F83/><W63/><G63/><T13/><D71/><U28/><AGARI ba="1,0" hai="5,8,14,28,29,30,48,51,89,95,96" m="15915" machi="28" ten="30,4000,0" yaku="8,1,52,2" doraHai="47" who="1" fromWho="1" sc="91,-11,47,43,439,-11,423,-21" owari="80,-42,90,-31,428,53,402,20" /></mjloggm>