<mjloggm ver="2.3"><GO type="41"/><UN n0="%E3%81%8A%E3%81%97%E3%82%83%E3%81%BE%E3%83%9C%E3%83%BC%E3%82%A4" n1="%E3%82%A2%E3%82%B9%E3%82%BF%E3%83%8A" n2="%E3%82%A6%E3%83%AB%E3%83%88%E3%83%A9%E7%AB%8B%E7%9B%B4" n3="%E6%9D%91%E5%B2%A1%E9%9A%86" dan="14,13,15,14" rate="1966,1889,2004,1953" sx="M,M,M,M"/><TAIKYOKU oya="0"/><INIT seed="0,0,0,2,2,76" ten="250,250,250,250" oya="0" hai0="98,54,36,57,81,37,111,31,18,92,127,88,134" hai1="133,125,85,44,101,114,77,93,53,12,115,113,73" hai2="63,49,128,123,51,69,95,27,91,56,106,62,96" hai3="65,40,79,107,86,26,71,121,50,6,25,97,72"/><T122/><D122/><U82/><E12/><V118/><F123/><W10/><G72/><T20/><D134/><U29/><E29/><V16/><F118/><W38/><G38/><T99/><D127/><U55/><E125/><V124/><F124/><W14/><G121/><T100/><D31/><U129/><E133/><V43/><F128/><W117/><G117/><T3/><D3/><U120/><E120/><V5/><F106/><W130/><G130/><T109/><D81/><U13/><E13/><V24/><F69/><W9/><G71/><T102/><D102/><U131/><E44/><V87/><F5/><W4/><G65/><T15/><D99/><N who="1" m="59631" /><E53/><N who="2" m="34063" /><F63/><W41/><G107/><T32/><D100/><U47/><E55/><V52/><F43/><W35/><G97/><T17/><D17/><U66/><E47/><N who="2" m="27711" /><F51/><W30/><G50/><N who="0" m="30935" /><D32/><U61/><E73/><V80/><F16/><W22/><G41/><T19/><D19/><U45/><E45/><V90/><AGARI ba="0,0" hai="24,27,80,87,90,91,95,96" m="27711,34063" machi="90" ten="30,4000,0" yaku="8,1,52,1,54,1" doraHai="76" who="2" fromWho="2" sc="250,-20,250,-10,250,40,250,-10" /><INIT seed="1,0,0,0,2,20" ten="230,240,290,240" oya="1" hai0="58,48,26,81,6,10,130,101,134,77,106,133,129" hai1="49,61,127,32,13,56,88,95,21,123,34,108,83" hai2="44,11,39,27,50,80,52,36,118,105,46,19,116" hai3="30,82,65,71,31,16,8,5,41,131,47,75,94"/><U103/><E123/><V122/><F105/><W28/><G131/><N who="0" m="50187" /><D101/><U126/><E103/><V33/><F122/><W125/><G125/><N who="1" m="47626" /><E83/><V99/><F99/><W119/><G119/><T73/><D106/><U17/><E108/><V109/><F109/><W60/><G94/><T42/><D58/><U3/><E3/><V76/><F11/><W79/><G16/><T23/><D48/><U117/><E117/><V62/><F62/><W45/><G45/><T96/><D42/><U0/><E0/><V98/><F98/><W67/><G65/><T7/><D96/><N who="1" m="57447" /><E49/><V1/><F1/><W100/><G100/><T15/><D6/><U104/><E104/><V57/><F39/><W97/><G97/><T29/><AGARI ba="0,0" hai="7,10,15,23,26,29,73,77,81,133,134" m="50187" machi="29" ten="30,2000,0" yaku="19,1,52,1" doraHai="20" who="0" fromWho="0" sc="230,20,240,-10,290,-5,240,-5" /><INIT seed="2,0,0,2,3,37" ten="250,230,285,235" oya="2" hai0="55,108,39,15,66,121,113,133,109,73,97,59,16" hai1="28,88,63,54,81,38,112,77,36,1,56,89,120" hai2="132,100,0,34,42,41,64,24,35,2,46,14,105" hai3="125,26,92,72,78,98,62,103,111,7,44,119,51"/><V29/><F35/><W76/><G119/><T69/><D121/><U130/><E112/><V60/><F14/><W94/><G111/><N who="0" m="42571" /><D73/><U93/><E1/><V18/><F18/><W102/><G125/><T118/><D113/><U117/><E117/><V12/><F12/><W95/><G72/><T123/><D123/><U8/><E120/><V57/><F132/><W82/><G7/><T20/><D133/><U110/><E110/><V19/><F19/><W79/><G82/><T48/><D97/><U67/><E130/><V131/><F131/><W83/><G83/><T70/><D118/><U5/><E28/><V74/><F74/><W27/><G62/><N who="0" m="38239" /><D39/><U53/><E38/><V127/><F127/><W31/><G31/><T32/><D32/><U11/><E36/><V99/><REACH who="2" step="1"/><F46/><AGARI ba="0,0" hai="15,16,20,46,48,55,69,70" m="38239,42571" machi="46" ten="30,2000,0" yaku="14,1,54,1" doraHai="37" who="0" fromWho="2" sc="250,20,230,0,285,-20,235,0" /><INIT seed="3,0,0,4,5,90" ten="270,230,265,235" oya="3" hai0="80,20,110,1,36,75,16,88,135,134,63,77,42" hai1="18,73,89,117,3,61,92,76,74,24,111,114,10" hai2="12,50,116,46,84,53,105,129,130,113,39,94,86" hai3="78,79,66,95,99,23,97,59,123,131,29,32,0"/><W108/><G123/><T68/><D1/><U87/><E114/><V34/><F105/><W125/><G0/><T7/><D7/><U56/><E111/><V109/><F34/><W60/><G32/><T126/><D110/><U106/><E106/><V2/><F2/><W62/><G108/><T101/><D101/><U17/><E117/><V37/><F109/><W27/><G125/><T11/><D11/><U45/><E76/><V112/><F12/><W13/><G131/><N who="2" m="50185" /><F116/><W69/><G13/><N who="0" m="9231" /><D126/><U57/><E45/><V40/><F86/><W81/><G81/><T104/><D104/><U8/><E57/><N who="2" m="32951" /><F84/><W98/><G79/><T100/><D100/><U132/><E17/><V15/><F15/><W26/><G78/><T38/><D42/><U64/><E132/><N who="0" m="50729" /><D63/><U9/><REACH who="1" step="1"/><E3/><REACH who="1" step="2"/><V115/><F39/><W70/><G70/><T49/><D68/><U19/><E19/><V107/><F107/><W128/><G128/><T124/><D124/><U58/><E58/><V31/><F31/><W85/><G29/><T55/><D38/><U119/><E119/><V44/><F44/><W52/><REACH who="3" step="1"/><G23/><AGARI ba="0,1" hai="8,9,10,18,23,24,56,61,64,73,74,87,89,92" machi="23" ten="40,5200,0" yaku="1,1,52,1,53,1" doraHai="90" doraHaiUra="91" who="1" fromWho="3" sc="270,0,220,62,265,0,235,-52" /><INIT seed="4,0,0,1,1,42" ten="270,282,265,183" oya="0" hai0="31,3,99,5,118,54,85,35,107,122,119,105,120" hai1="100,112,67,134,76,98,129,90,25,10,113,7,93" hai2="102,74,33,108,43,8,66,47,81,29,71,55,70" hai3="40,60,59,116,82,58,56,21,20,18,37,11,127"/><T79/><D3/><U64/><E129/><V123/><F123/><W61/><G116/><T83/><D5/><U94/><E134/><V88/><F108/><W2/><G127/><T110/><D31/><U49/><E76/><V41/><F41/><W26/><G82/><T126/><D54/><U1/><E25/><V17/><F29/><W117/><G117/><N who="0" m="44555" /><D35/><U115/><REACH who="1" step="1"/><E49/><REACH who="1" step="2"/><N who="2" m="29119" /><F33/><W121/><G121/><N who="0" m="46699" /><D110/><U86/><AGARI ba="0,1" hai="1,7,10,64,67,86,90,93,94,98,100,112,113,115" machi="86" ten="30,7900,0" yaku="1,1,0,1,15,1,11,1,53,0" doraHai="42" doraHaiUra="30" who="1" fromWho="1" sc="270,-39,272,89,265,-20,183,-20" /><INIT seed="5,0,0,2,3,79" ten="231,361,245,163" oya="1" hai0="132,18,49,53,118,67,83,116,90,108,44,125,51" hai1="106,21,131,60,97,85,2,6,121,82,41,126,25" hai2="129,43,77,95,96,36,88,134,80,38,84,42,127" hai3="4,33,39,124,72,28,13,3,31,133,26,81,109"/><U113/><E121/><V105/><F105/><W128/><G39/><T99/><D108/><U78/><E126/><V114/><F38/><W10/><G109/><T46/><D125/><U45/><E131/><V73/><F127/><W93/><G124/><T94/><D132/><U102/><E113/><V61/><F134/><W30/><G133/><T68/><D68/><U103/><E103/><V66/><F129/><W100/><G128/><T75/><D67/><U9/><E60/><V15/><F114/><W57/><G57/><T8/><D8/><U20/><REACH who="1" step="1"/><E25/><REACH who="1" step="2"/><V71/><F36/><AGARI ba="0,1" hai="2,6,9,20,21,36,41,45,78,82,85,97,102,106" machi="36" ten="30,12000,1" yaku="1,1,2,1,7,1,52,1,53,1" doraHai="79" doraHaiUra="37" who="1" fromWho="2" sc="231,0,351,130,245,-120,163,0" /><INIT seed="5,1,0,1,2,85" ten="231,481,125,163" oya="1" hai0="28,80,53,116,128,111,120,103,15,26,78,127,5" hai1="105,27,37,81,30,36,76,59,51,60,64,79,66" hai2="18,47,117,90,44,71,119,14,118,124,121,22,129" hai3="123,40,125,4,84,109,2,45,68,19,7,133,93"/><U63/><E105/><V39/><F71/><W56/><G123/><T106/><D111/><U11/><E11/><V73/><F73/><W55/><G109/><T9/><D120/><U41/><E51/><V6/><F121/><W83/><G68/><T65/><D65/><U1/><E1/><V75/><F75/><W24/><G133/><T29/><D116/><U10/><E10/><V95/><F124/><W87/><G125/><T52/><D128/><U74/><E76/><V92/><F129/><W70/><G70/><T108/><D108/><U21/><REACH who="1" step="1"/><E41/><REACH who="1" step="2"/><V69/><F6/><W8/><G7/><T107/><D127/><U100/><E100/><V88/><F69/><AGARI ba="1,1" hai="21,27,30,36,37,59,60,63,64,66,69,74,79,81" machi="69" ten="30,2900,0" yaku="1,1,7,1,53,0" doraHai="85" doraHaiUra="42" who="1" fromWho="2" sc="231,0,471,42,125,-32,163,0" /><INIT seed="5,2,0,5,0,52" ten="231,513,93,163" oya="1" hai0="134,57,30,77,25,100,15,127,36,69,37,63,74" hai1="90,86,93,80,107,42,64,5,20,91,47,7,131" hai2="130,117,67,129,110,76,9,84,92,82,96,70,4" hai3="1,17,108,11,94,32,79,38,19,111,121,128,133"/><U85/><E131/><N who="2" m="50187" /><F67/><W115/><G128/><T99/><D134/><U48/><E107/><V89/><F70/><W27/><G121/><T122/><D127/><U8/><E64/><V26/><F26/><W50/><G38/><T120/><D15/><U34/><E34/><V51/><F51/><W62/><G133/><T109/><D109/><U3/><E7/><V119/><F9/><W81/><G115/><T54/><D69/><U104/><E104/><V43/><F43/><W14/><G1/><T60/><D60/><U56/><E20/><V103/><F4/><W95/><G62/><T55/><D77/><U59/><AGARI ba="2,0" hai="3,5,8,42,47,48,56,59,80,85,86,90,91,93" machi="59" ten="30,6000,0" yaku="0,1,52,2" doraHai="52" who="1" fromWho="1" sc="231,-22,513,66,93,-22,163,-22" /><INIT seed="5,3,0,4,1,102" ten="209,579,71,141" oya="1" hai0="105,13,50,2,15,114,31,111,59,11,49,95,90" hai1="110,64,128,62,91,77,112,118,54,79,122,47,8" hai2="0,80,6,107,126,82,12,72,51,5,21,96,7" hai3="20,68,70,133,84,40,39,123,125,17,99,74,116"/><U38/><E122/><V67/><F0/><W78/><G123/><T73/><D111/><U66/><E118/><V65/><F126/><W120/><G120/><T55/><D73/><U108/><E112/><V89/><F51/><W86/><G125/><T10/><D114/><U18/><E128/><V29/><F72/><W109/><G109/><N who="1" m="42090" /><E91/><V58/><F107/><W94/><G116/><T4/><D105/><U61/><E18/><N who="2" m="10439" /><F29/><W37/><G133/><T132/><D31/><U97/><E97/><V69/><F69/><W106/><G39/><T87/><D132/><U36/><E8/><V71/><F71/><W30/><G30/><T52/><D11/><U83/><E79/><V42/><F42/><W14/><G74/><T32/><D32/><U19/><E19/><V104/><F104/><W85/><G106/><T41/><D41/><U101/><E101/><V23/><F23/><W92/><G70/><T56/><AGARI ba="3,0" hai="2,4,10,13,15,49,50,52,55,56,59,87,90,95" machi="56" ten="20,5200,0" yaku="0,1,7,1,9,1,54,1" doraHai="102" who="0" fromWho="0" sc="209,61,579,-29,71,-16,141,-16" /><INIT seed="6,0,0,2,0,60" ten="270,550,55,125" oya="2" hai0="80,105,71,44,5,42,17,43,67,12,101,114,73" hai1="19,82,75,55,88,121,66,135,99,50,109,25,62" hai2="100,116,81,26,95,36,120,65,4,123,40,64,10" hai3="74,98,9,89,2,94,122,22,3,61,117,6,77"/><V21/><F116/><W0/><G117/><T38/><D114/><U31/><E109/><V128/><F36/><W103/><G122/><T13/><D43/><U90/><E121/><V8/><F123/><W47/><G77/><T112/><D112/><U46/><E135/><V27/><F120/><W107/><G74/><T15/><D5/><U91/><E19/><N who="2" m="12607" /><F128/><W24/><G47/><T49/><D38/><U119/><E119/><V84/><F40/><W132/><G132/><T14/><D14/><U20/><E99/><N who="2" m="59519" /><F27/><W51/><G51/><T68/><D105/><U30/><E75/><V110/><F110/><W106/><G107/><T126/><D101/><U79/><E79/><N who="2" m="46143" /><F4/><W115/><G115/><T97/><D97/><U35/><E35/><V92/><F92/><W83/><G83/><T18/><D80/><U134/><E134/><V113/><F113/><W57/><G106/><T58/><D73/><U76/><E82/><V86/><F86/><W108/><G108/><T23/><D71/><U7/><E7/><V37/><F37/><W63/><G103/><T28/><D68/><U41/><E76/><V102/><F102/><W96/><G98/><T69/><D69/><U127/><E41/><V111/><F111/><W54/><REACH who="3" step="1"/><G63/><REACH who="3" step="2"/><N who="0" m="38391" /><D42/><U52/><E25/><V72/><F72/><W87/><G87/><T34/><D34/><U130/><E130/><V59/><F59/><W93/><G93/><T32/><D44/><U124/><E46/><V16/><F16/><AGARI ba="0,1" hai="0,2,3,6,9,16,22,24,54,57,61,89,94,96" machi="16" ten="30,8000,1" yaku="1,1,7,1,25,2,54,1,53,0" doraHai="60" doraHaiUra="133" who="3" fromWho="2" sc="270,0,550,0,55,-80,115,90" owari="270,7,550,65,-25,-53,205,-19" /></mjloggm>