<mjloggm ver="2.3"><GO type="41"/><UN n0="%75%6C%74%72%61" n1="%77%69%6E%37%37%37" n2="%E5%86%86%E6%A5%BD%EF%BC%A0%E6%A5%BD%E5%A4%A9" n3="%E3%82%A6%E3%83%AB%E3%83%88%E3%83%A9%E7%AB%8B%E7%9B%B4" dan="13,13,15,13" rate="1812,1894,1908,1843" sx="M,M,M,M"/><TAIKYOKU oya="0"/><INIT seed="0,0,0,4,5,0" ten="250,250,250,250" oya="0" hai0="1,79,45,117,103,35,105,64,78,81,4,130,7" hai1="128,25,15,68,8,96,39,107,14,113,88,31,27" hai2="40,6,62,47,90,56,28,134,17,106,123,33,11" hai3="63,61,2,131,95,121,18,109,86,46,29,43,80"/><T135/><D35/><U50/><E68/><V36/><F106/><W55/><G29/><T38/><D117/><U93/><E39/><V26/><F134/><W12/><G2/><T67/><D1/><U57/><E113/><V91/><F17/><W21/><G131/><T85/><D135/><U54/><E128/><V9/><F123/><W60/><G109/><T98/><D130/><U115/><E115/><V92/><F11/><W24/><G95/><T65/><REACH who="0" step="1"/><D79/><REACH who="0" step="2"/><U23/><E107/><V19/><F19/><W76/><G121/><T77/><D77/><U97/><E8/><V34/><F34/><W100/><G24/><T74/><D74/><U126/><E126/><V73/><F73/><W127/><G127/><T52/><D52/><U37/><E37/><V87/><F87/><W84/><G84/><T51/><D51/><U41/><E41/><AGARI ba="0,1" hai="4,7,38,41,45,64,65,67,78,81,85,98,103,105" machi="41" ten="40,7700,0" yaku="1,1,52,2,53,0" doraHai="0" doraHaiUra="48" who="0" fromWho="1" sc="240,87,250,-77,250,0,250,0" /><INIT seed="0,1,0,2,0,37" ten="327,173,250,250" oya="0" hai0="127,32,45,126,41,79,93,122,95,82,44,22,119" hai1="120,65,102,0,132,35,69,83,124,13,19,91,50" hai2="105,31,94,21,18,53,9,109,34,40,3,64,46" hai3="48,8,26,52,49,39,135,27,118,56,16,63,33"/><T108/><D122/><U103/><E120/><V112/><F105/><W51/><G39/><T78/><D119/><U72/><E35/><V14/><F112/><W38/><G38/><T17/><D32/><U110/><E0/><V77/><F109/><W84/><G33/><T6/><D6/><U106/><E110/><V30/><F77/><W10/><G118/><T87/><D108/><U47/><E103/><V25/><F64/><W12/><G135/><T115/><D115/><U68/><E65/><V74/><F74/><W80/><G10/><T73/><D79/><AGARI ba="1,0" hai="8,12,16,26,27,48,49,51,52,56,63,79,80,84" machi="79" ten="40,5200,0" yaku="8,1,54,2" doraHai="37" who="3" fromWho="0" sc="327,-55,173,0,250,0,250,55" /><INIT seed="1,0,0,2,5,131" ten="272,173,250,305" oya="1" hai0="64,72,6,112,102,65,100,97,86,81,119,40,63" hai1="76,69,2,54,36,56,83,122,127,84,52,61,94" hai2="104,59,125,3,55,12,28,23,114,66,47,51,26" hai3="133,0,128,120,67,50,19,1,38,75,29,27,117"/><U30/><E122/><V109/><F104/><W79/><G50/><T78/><D119/><U68/><E2/><V80/><F3/><W34/><G67/><T11/><D112/><U130/><E130/><V98/><F114/><W24/><G79/><T126/><D126/><U90/><E127/><V46/><F125/><W13/><G13/><T134/><D40/><U22/><E36/><V18/><F98/><W124/><G19/><T8/><D72/><U115/><E115/><V129/><F129/><W15/><G15/><T113/><D113/><U82/><E82/><V92/><F92/><W44/><G27/><T96/><D6/><U95/><E95/><V111/><F80/><W39/><G44/><T91/><D78/><U4/><E4/><V17/><F17/><W37/><G75/><T93/><D134/><U42/><E42/><V33/><REACH who="2" step="1"/><F66/><REACH who="2" step="2"/><W107/><G124/><T14/><D65/><U7/><E7/><V74/><F74/><W135/><G128/><T10/><D93/><U88/><E90/><V41/><F41/><W106/><G1/><T53/><D53/><U132/><E132/><N who="3" m="50762" /><G0/><T103/><REACH who="0" step="1"/><D14/><REACH who="0" step="2"/><U57/><E30/><V32/><F32/><W20/><G34/><T118/><D118/><U110/><E22/><V45/><AGARI ba="0,2" hai="12,18,23,26,28,33,45,46,47,51,55,59,109,111" machi="45" ten="30,4000,0" yaku="1,1,0,1,53,1" doraHai="131" doraHaiUra="49" who="2" fromWho="2" sc="262,-10,173,-20,240,60,305,-10" /><INIT seed="2,0,0,1,5,76" ten="252,153,300,295" oya="2" hai0="5,21,1,90,15,74,16,105,9,24,42,104,23" hai1="36,45,44,91,133,7,14,132,84,65,124,41,59" hai2="57,40,63,101,99,0,22,6,29,48,31,54,119" hai3="128,19,95,98,127,106,121,61,80,100,75,10,27"/><V56/><F119/><W46/><G121/><T67/><D74/><U88/><E124/><V52/><F40/><W86/><G127/><T33/><D42/><U120/><E120/><V103/><F103/><W111/><G46/><T89/><D67/><U68/><E45/><V71/><F22/><W82/><G61/><T13/><D13/><U110/><E110/><V122/><F71/><W28/><G19/><T64/><D64/><U8/><E68/><V53/><F53/><W60/><G10/><T51/><D51/><U77/><E65/><V11/><REACH who="2" step="1"/><F122/><REACH who="2" step="2"/><W79/><G60/><T50/><D23/><U131/><E131/><V107/><AGARI ba="0,1" hai="0,6,11,29,31,48,52,54,56,57,63,99,101,107" machi="107" ten="20,12000,1" yaku="1,1,2,1,0,1,7,1,54,1,53,0" doraHai="76" doraHaiUra="113" who="2" fromWho="2" sc="252,-40,153,-40,290,130,295,-40" /><INIT seed="2,1,0,1,0,80" ten="212,113,420,255" oya="2" hai0="62,96,37,67,75,19,15,63,41,65,116,60,110" hai1="56,87,112,105,0,69,64,14,4,126,113,117,94" hai2="109,53,47,34,127,25,120,20,70,21,79,42,31" hai3="88,86,58,61,27,107,5,77,16,99,38,108,1"/><V83/><F120/><W132/><G38/><T114/><D114/><U95/><E64/><V22/><F70/><W124/><G124/><T71/><D116/><U39/><E56/><V9/><F127/><W130/><G130/><T45/><D75/><U13/><E4/><V92/><F53/><W12/><G132/><T32/><D110/><U97/><E87/><V50/><F109/><W10/><G108/><T129/><D129/><U44/><E44/><V28/><F28/><W89/><G27/><T26/><D96/><U135/><E0/><V66/><F66/><W29/><G29/><T59/><D62/><U46/><E46/><V74/><F34/><W73/><G73/><T68/><D59/><U43/><E43/><V103/><F9/><W93/><G107/><T36/><D26/><U122/><E95/><V91/><F103/><W115/><G77/><T106/><D106/><U52/><E94/><V81/><F81/><N who="3" m="49231" /><G1/><T48/><REACH who="0" step="1"/><D32/><REACH who="0" step="2"/><U104/><E113/><V49/><F25/><W6/><G115/><T40/><D40/><U102/><E105/><V85/><F31/><W84/><G99/><T101/><D101/><U125/><E112/><V57/><F57/><W55/><AGARI ba="1,1" hai="5,6,10,12,16,55,58,61,84,89,93" m="49231" machi="55" ten="30,8000,1" yaku="8,1,52,2,54,2" doraHai="80" who="3" fromWho="3" sc="202,-21,113,-21,420,-41,255,93" /><INIT seed="3,0,0,2,2,7" ten="181,92,379,348" oya="3" hai0="107,92,98,12,9,53,122,105,116,22,101,50,81" hai1="46,52,68,134,25,42,131,49,106,41,40,128,108" hai2="80,82,117,64,20,115,132,43,78,13,89,135,54" hai3="73,65,3,36,133,66,28,10,26,121,17,126,100"/><W59/><G36/><T8/><D122/><U15/><E106/><V24/><F64/><W71/><G73/><T83/><D116/><U37/><E25/><V125/><F43/><W1/><G121/><T60/><D107/><U86/><E86/><V11/><F117/><W85/><G71/><T104/><D105/><U16/><E68/><V33/><F115/><W0/><G100/><T21/><D104/><U94/><E94/><V61/><F33/><W96/><G96/><T129/><D129/><U93/><E93/><V29/><F125/><W90/><G126/><T69/><D69/><U70/><E70/><V130/><F130/><N who="1" m="49705" /><E108/><V118/><F118/><W97/><G97/><T34/><D34/><U75/><E75/><V19/><F89/><W56/><G133/><N who="2" m="51273" /><F78/><W23/><G65/><T51/><D12/><U88/><E134/><V6/><F6/><W109/><G109/><T114/><D114/><U76/><E76/><V123/><F123/><W84/><G66/><T55/><D60/><U113/><E113/><V102/><F102/><W14/><REACH who="3" step="1"/><G85/><REACH who="3" step="2"/><T110/><D98/><U91/><E42/><V32/><F32/><W79/><G79/><T47/><D110/><U58/><E41/><V74/><F74/><W77/><G77/><T48/><D101/><U31/><E31/><V63/><F63/><W111/><G111/><T112/><D112/><U72/><E72/><V38/><F38/><W35/><G35/><T30/><D55/><U120/><E120/><V124/><F124/><W99/><G99/><T45/><D53/><U67/><E67/><V4/><F54/><RYUUKYOKU ba="0,1" sc="181,-15,92,15,379,-15,338,15" hai1="15,16,37,40,46,49,52,58,88,91" hai3="0,1,3,10,14,17,23,26,28,56,59,84,90" /><INIT seed="3,1,1,2,0,29" ten="166,107,364,353" oya="3" hai0="97,135,106,16,92,69,116,119,50,102,125,103,120" hai1="58,55,44,40,83,38,85,131,26,79,9,96,76" hai2="25,34,67,127,23,90,118,20,68,15,18,59,88" hai3="128,30,51,82,47,56,99,54,60,74,2,107,122"/><W110/><G2/><T64/><D120/><U4/><E131/><V19/><F118/><W129/><G122/><T98/><D50/><U81/><E96/><V104/><F104/><W87/><G74/><T46/><D46/><U70/><E70/><V53/><F68/><W130/><G30/><T61/><D135/><U124/><E124/><V33/><F67/><W48/><G110/><T75/><D75/><U37/><E26/><V109/><F109/><W41/><G99/><T11/><D125/><U22/><E22/><V12/><F25/><W115/><G107/><T94/><D106/><U112/><E112/><V62/><F127/><W49/><REACH who="3" step="1"/><G115/><REACH who="3" step="2"/><T95/><D95/><U7/><E7/><V134/><F134/><W8/><G8/><T63/><D63/><U117/><E117/><V5/><F5/><W100/><G100/><T21/><REACH who="0" step="1"/><D11/><REACH who="0" step="2"/><U73/><E9/><V45/><F45/><W101/><G101/><T108/><D108/><U43/><E4/><V126/><F126/><W6/><G6/><T123/><D123/><U91/><E43/><V35/><AGARI ba="1,3" hai="12,15,18,19,20,23,33,34,35,53,59,62,88,90" machi="35" ten="30,12000,2" yaku="0,1,9,1,52,3,54,1" doraHai="29" who="2" fromWho="2" sc="156,-31,107,-31,364,153,343,-61" /><INIT seed="4,0,0,2,0,79" ten="125,76,517,282" oya="0" hai0="102,53,8,72,85,1,129,20,41,26,132,11,73" hai1="23,127,44,68,108,101,59,12,74,47,36,96,24" hai2="94,131,71,52,65,3,92,17,98,4,116,30,125" hai3="122,121,134,109,77,34,62,6,50,57,21,56,97"/><T18/><D129/><U51/><E74/><V48/><F131/><W49/><G34/><T45/><D132/><U104/><E108/><V80/><F125/><W117/><G77/><T42/><D72/><U81/><E127/><V110/><F110/><W103/><G6/><T35/><D35/><U111/><E111/><V107/><F30/><W126/><G109/><T40/><D73/><U13/><E68/><V55/><F116/><W61/><G21/><T27/><D1/><U89/><E36/><V54/><F107/><W2/><G2/><T76/><D102/><U99/><E59/><V66/><F71/><W60/><G97/><T9/><D27/><U58/><E58/><N who="3" m="22634" /><G103/><T113/><D113/><U64/><E64/><V114/><F48/><N who="3" m="18539" /><G126/><T15/><D45/><U16/><E47/><V7/><F17/><W33/><G33/><T93/><D53/><U75/><E75/><V82/><F3/><W124/><G124/><T123/><D123/><N who="3" m="47113" /><G134/><T43/><D15/><U38/><E38/><V95/><F98/><W83/><G83/><N who="2" m="31785" /><F114/><W25/><G25/><T19/><D19/><U100/><E81/><V5/><AGARI ba="0,0" hai="4,5,7,52,54,55,65,66,92,94,95" m="31785" machi="5" ten="40,16000,3" yaku="29,2,28,2,8,1,52,3,54,1" doraHai="79" who="2" fromWho="2" sc="125,-80,76,-40,517,160,282,-40" /><INIT seed="5,0,0,0,3,119" ten="45,36,677,242" oya="1" hai0="77,72,40,134,13,36,75,4,20,28,118,43,31" hai1="30,88,52,108,11,100,133,59,53,67,92,39,44" hai2="91,98,69,85,131,6,17,62,22,78,102,66,129" hai3="86,48,84,126,117,60,61,68,82,5,122,95,38"/><U81/><E108/><V14/><F78/><W94/><G38/><T65/><D118/><U18/><E133/><V24/><F6/><W12/><G68/><T135/><D36/><U115/><E115/><V21/><F98/><W54/><G122/><T42/><D77/><U76/><E39/><V0/><F102/><W8/><G126/><T116/><D116/><U99/><E30/><N who="0" m="11305" /><D65/><U23/><E11/><V16/><REACH who="2" step="1"/><F0/><REACH who="2" step="2"/><W37/><G5/><T9/><D20/><U35/><E35/><V87/><F87/><W83/><G86/><T107/><D107/><U19/><E100/><V114/><F114/><W47/><G84/><T132/><AGARI ba="0,1" hai="4,9,13,40,42,43,72,75,132,134,135" m="11305" machi="132" ten="40,1500,0" yaku="20,1" doraHai="119" who="0" fromWho="0" sc="45,25,36,-7,667,-4,242,-4" /><INIT seed="6,0,0,5,4,15" ten="70,29,663,238" oya="2" hai0="54,43,26,116,52,131,61,38,125,24,76,110,119" hai1="62,102,57,21,9,58,0,78,40,65,2,23,123" hai2="59,39,51,20,47,48,60,25,29,106,3,82,46" hai3="28,55,128,130,32,98,115,113,94,111,112,56,53"/><V14/><F106/><W129/><G94/><T81/><D110/><U100/><E123/><V80/><F3/><W88/><G98/><T41/><D125/><U104/><E104/><V117/><F39/><W92/><G92/><T99/><D99/><U18/><E78/><V84/><F117/><N who="0" m="45130" /><D131/><U34/><E34/><V72/><F14/><W70/><G88/><T89/><D89/><U1/><E40/><N who="0" m="15433" /><D38/><U33/><E33/><V126/><F72/><W30/><G32/><T86/><D61/><U6/><E23/><V97/><F97/><W17/><G111/><T135/><D135/><U7/><E58/><V74/><F74/><W134/><G70/><T63/><D63/><U71/><E71/><V91/><F126/><W22/><G134/><T49/><D54/><U44/><E44/><AGARI ba="0,0" hai="24,26,44,49,52,76,81,86" m="15433,45130" machi="44" ten="30,2000,0" yaku="12,1,54,1" doraHai="15" who="0" fromWho="1" sc="70,20,29,-20,663,0,238,0" /><INIT seed="7,0,0,0,3,102" ten="90,9,663,238" oya="3" hai0="134,105,103,15,18,70,31,68,86,77,106,130,55" hai1="53,35,97,74,94,83,95,26,87,63,108,61,79" hai2="23,135,9,100,116,96,118,6,2,45,76,21,5" hai3="36,128,39,107,13,73,40,14,78,124,52,22,133"/><W58/><G78/><T46/><D31/><U25/><E108/><V85/><F135/><W33/><G22/><T4/><D4/><U12/><E35/><V115/><F5/><W129/><G40/><T82/><D134/><U27/><E74/><V29/><F115/><W132/><G58/><T111/><D111/><U43/><E43/><V101/><F101/><W88/><G52/><T60/><D103/><U84/><E97/><V20/><F29/><W69/><G88/><T110/><D110/><U32/><E53/><V127/><F127/><W91/><G91/><T72/><D72/><U30/><E32/><V0/><F0/><W109/><G14/><T8/><D130/><U48/><E48/><V119/><F45/><W28/><G13/><T44/><D70/><U122/><E30/><V117/><F76/><W64/><G28/><T81/><D81/><U7/><E122/><V38/><F85/><N who="1" m="32841" /><E83/><V98/><F38/><W125/><G64/><T62/><D62/><N who="1" m="23563" /><E79/><V54/><F54/><W10/><G10/><T57/><REACH who="0" step="1"/><D68/><REACH who="0" step="2"/><U113/><E113/><V131/><F131/><W47/><G109/><T34/><D34/><U112/><E112/><V49/><F100/><W114/><G33/><T99/><D99/><U66/><E12/><V75/><F75/><W123/><G114/><T92/><D92/><N who="1" m="35371" /><E7/><V56/><F6/><W89/><G69/><T3/><D3/><U80/><E80/><V37/><F2/><W93/><G132/><T104/><AGARI ba="0,1" hai="8,15,18,44,46,55,57,60,77,82,86,104,105,106" machi="104" ten="30,8000,1" yaku="1,1,0,1,52,3,53,0" doraHai="102" doraHaiUra="19" who="0" fromWho="0" sc="80,90,9,-20,663,-20,238,-40" owari="170,-23,-11,-51,643,74,198,0" /></mjloggm>