<mjloggm ver="2.3"><GO type="41"/><UN n0="%E3%82%A6%E3%83%AB%E3%83%88%E3%83%A9%E7%AB%8B%E7%9B%B4" n1="%74%6F%72%69%30%36%31%32" n2="%E3%81%8A%E3%81%8A%E3%81%8D%E3%81%AB" n3="%E3%83%89%E3%83%AA%E3%82%A3%E3%81%AE%E3%81%A7%E3%81%97%36" dan="15,14,13,15" rate="1978,1997,1837,1954" sx="M,M,M,M"/><TAIKYOKU oya="0"/><INIT seed="0,0,0,2,0,124" ten="250,250,250,250" oya="0" hai0="57,22,52,11,112,5,21,48,109,100,43,55,4" hai1="110,36,128,97,34,105,53,67,71,129,98,106,50" hai2="84,75,45,32,2,127,40,65,33,73,26,38,111" hai3="126,70,0,132,90,69,15,113,101,135,82,81,114"/><T122/><D122/><U125/><E125/><V91/><F111/><W12/><G126/><T117/><D117/><U94/><E36/><V80/><F127/><W18/><G0/><T130/><D112/><U54/><E110/><V121/><F121/><W86/><G101/><T51/><D109/><U41/><E41/><V8/><F65/><W9/><G82/><T6/><D43/><U72/><E72/><V118/><F118/><W92/><G81/><T77/><D77/><U19/><E34/><V123/><F123/><W78/><G78/><T76/><D76/><U44/><E19/><V79/><F26/><W59/><G59/><T133/><D133/><N who="3" m="51273" /><G15/><T39/><D39/><U107/><E97/><V56/><F56/><W47/><G47/><T42/><D42/><U24/><E24/><V49/><F75/><W31/><G31/><T30/><D100/><U61/><REACH who="1" step="1"/><E54/><REACH who="1" step="2"/><V14/><F38/><W10/><G114/><T60/><D30/><U62/><E62/><V83/><F2/><W46/><G113/><T102/><D60/><U13/><E13/><V119/><F119/><W29/><G18/><AGARI ba="0,1" hai="8,14,18,32,33,40,45,49,73,79,80,83,84,91" machi="18" ten="30,1000,0" yaku="7,1" doraHai="124" who="2" fromWho="3" sc="250,0,240,0,250,20,250,-10" /><INIT seed="1,0,0,0,0,37" ten="250,240,270,240" oya="1" hai0="13,76,18,43,9,40,63,10,69,99,20,7,56" hai1="68,75,119,51,53,135,133,85,127,45,126,54,92" hai2="103,35,72,32,79,87,42,52,132,5,44,108,107" hai3="38,105,113,28,131,62,109,2,55,111,47,30,34"/><U33/><E75/><V50/><F72/><W59/><G113/><T95/><D76/><U110/><E33/><V122/><F122/><W101/><G2/><T66/><D69/><U112/><E112/><V114/><F114/><W115/><G115/><T94/><D10/><U86/><E119/><V128/><F5/><W23/><G34/><T6/><D6/><U97/><E68/><V130/><F132/><N who="1" m="50761" /><E54/><V15/><F15/><W27/><G30/><T78/><D78/><U49/><E49/><N who="2" m="26775" /><F107/><W65/><G131/><N who="2" m="50217" /><F103/><W61/><G101/><T25/><D95/><U123/><E123/><V134/><F134/><W73/><G105/><T93/><D93/><U74/><E74/><V90/><F79/><W12/><G12/><T21/><D21/><U89/><E110/><N who="3" m="41994" /><G73/><T98/><D98/><U3/><E3/><V125/><F108/><W117/><G117/><T24/><D24/><U70/><E70/><V106/><F106/><W88/><G88/><AGARI ba="0,0" hai="7,9,13,18,20,25,40,43,56,63,66,88,94,99" machi="88" ten="30,8000,1" yaku="7,1,8,1,52,2,54,1" doraHai="37" who="0" fromWho="3" sc="250,80,240,0,270,0,240,-80" /><INIT seed="2,0,0,2,1,5" ten="330,240,270,160" oya="2" hai0="93,96,67,63,101,19,69,28,100,116,71,90,44" hai1="53,132,131,99,119,133,113,15,92,2,25,60,77" hai2="84,106,134,7,30,23,37,47,85,57,27,31,95" hai3="73,127,35,125,36,13,21,121,72,104,78,110,115"/><V111/><F106/><W122/><G35/><T59/><D116/><U41/><E2/><V76/><F134/><W49/><G49/><T91/><D69/><U135/><E119/><V40/><F111/><W94/><G21/><T114/><D71/><U61/><E113/><V52/><F76/><W107/><G13/><T6/><D114/><U103/><E131/><V105/><F105/><N who="3" m="40523" /><G36/><T12/><D6/><U8/><E77/><V102/><F30/><W124/><G115/><T82/><D44/><U80/><E80/><V55/><F55/><W0/><G0/><T46/><D46/><U128/><E128/><V70/><F70/><W66/><G66/><T81/><D28/><U34/><E41/><V45/><F45/><W87/><G110/><T129/><D129/><U42/><E42/><V18/><F7/><W62/><G62/><T120/><D120/><N who="3" m="46185" /><G78/><T74/><D59/><U83/><E53/><V33/><F33/><W14/><G14/><T4/><D63/><U56/><E56/><V43/><F31/><W29/><G29/><T97/><D19/><N who="1" m="8679" /><E25/><V38/><F38/><W64/><G64/><T22/><D12/><U88/><E34/><V48/><F40/><W39/><G39/><T20/><D20/><U109/><E109/><V3/><F3/><W9/><G9/><T118/><D22/><U24/><E24/><V26/><F26/><W117/><G117/><T79/><D67/><U54/><E54/><V58/><F58/><W50/><G50/><T11/><D118/><U16/><E16/><V1/><F1/><W130/><G130/><T51/><D51/><RYUUKYOKU ba="0,0" sc="330,-30,240,10,270,10,160,10" hai1="60,61,83,88,92,99,103,132,133,135" hai2="18,23,27,37,43,47,48,52,57,84,85,95,102" hai3="72,73,87,94,124,125,127" /><INIT seed="2,1,0,5,3,24" ten="300,250,280,170" oya="2" hai0="19,90,58,43,84,63,133,52,87,34,22,30,59" hai1="2,119,121,56,77,70,16,64,83,29,91,23,4" hai2="1,48,82,113,0,85,46,14,130,124,89,57,110" hai3="78,54,45,103,44,86,61,65,107,92,125,47,76"/><V41/><F113/><W73/><G125/><T115/><D115/><U80/><E121/><V112/><F124/><W72/><G107/><T120/><D120/><U25/><E70/><V66/><F112/><W96/><G54/><T37/><D133/><U28/><E119/><V55/><F130/><W126/><G126/><T49/><D37/><U118/><E118/><V15/><F66/><W135/><G135/><T21/><D34/><U117/><E117/><V69/><F69/><W39/><G39/><T60/><D60/><N who="1" m="37895" /><E2/><V128/><F128/><W111/><G111/><T33/><D33/><U13/><E91/><V71/><F71/><W12/><G12/><N who="2" m="4649" /><F0/><W67/><G86/><T114/><D114/><U79/><E80/><V109/><F1/><W7/><G7/><T75/><D75/><U53/><E53/><V35/><F35/><W3/><G3/><T42/><D19/><U98/><E98/><V31/><F31/><N who="1" m="11849" /><E83/><V68/><F68/><W123/><G123/><T26/><D22/><U95/><E95/><V17/><F110/><W11/><G11/><AGARI ba="1,0" hai="4,11,13,16,23,25,77,79" m="11849,37895" machi="11" ten="30,8000,1" yaku="8,1,52,3,54,1" doraHai="24" who="1" fromWho="3" sc="300,0,250,83,280,0,170,-83" /><INIT seed="3,0,0,4,2,66" ten="300,333,280,87" oya="3" hai0="117,76,91,57,22,0,87,14,16,26,52,132,135" hai1="120,68,127,55,67,96,36,17,19,79,93,101,128" hai2="111,6,130,45,83,71,110,5,118,46,4,82,23" hai3="11,94,72,77,70,42,95,103,49,104,62,90,47"/><W39/><G104/><T24/><D0/><U114/><E36/><V2/><F118/><W41/><G11/><T100/><D100/><U78/><E120/><V108/><F23/><W54/><G103/><T115/><D76/><U13/><E114/><V43/><F2/><W84/><G95/><N who="0" m="54783" /><D117/><U99/><E128/><V88/><F130/><W74/><G77/><T25/><D115/><U18/><E127/><V69/><F43/><W122/><G122/><T80/><D80/><N who="2" m="30762" /><F88/><W58/><REACH who="3" step="1"/><G41/><REACH who="3" step="2"/><T53/><D135/><U31/><E101/><V29/><F29/><W32/><G32/><T48/><D132/><U37/><E31/><V112/><F112/><W65/><AGARI ba="0,1" hai="39,42,47,49,54,58,62,65,70,72,74,84,90,94" machi="65" ten="30,18000,2" yaku="1,1,0,1,24,2,52,1,53,1" doraHai="66" doraHaiUra="38" who="3" fromWho="3" sc="300,-60,333,-60,280,-60,77,190" /><INIT seed="3,1,0,1,3,120" ten="240,273,220,267" oya="3" hai0="40,76,38,91,117,10,114,95,77,58,109,63,116" hai1="61,130,65,33,12,11,28,27,64,23,42,90,49" hai2="131,8,3,9,15,115,43,128,104,41,31,87,135" hai3="84,30,119,69,105,21,113,132,20,94,123,71,92"/><W86/><G123/><T46/><D114/><U82/><E130/><N who="2" m="49707" /><F104/><W79/><G105/><T34/><D34/><U44/><E33/><V54/><F115/><W75/><G113/><T45/><D109/><U100/><E100/><V106/><F31/><W32/><G75/><T78/><D10/><U16/><E61/><V112/><F112/><W52/><G32/><T85/><REACH who="0" step="1"/><D46/><REACH who="0" step="2"/><U74/><E74/><V127/><F8/><W80/><G119/><T19/><D19/><U48/><E48/><V96/><F127/><W7/><G132/><T110/><D110/><U51/><E51/><V55/><F3/><W62/><G30/><T67/><AGARI ba="1,1" hai="38,40,45,58,63,67,76,77,78,85,91,95,116,117" machi="67" ten="30,4000,0" yaku="1,1,0,1,53,1" doraHai="120" doraHaiUra="81" who="0" fromWho="0" sc="230,53,273,-11,220,-11,267,-21" /><INIT seed="4,0,0,2,4,114" ten="283,262,209,246" oya="0" hai0="23,102,75,123,67,96,108,101,28,7,85,81,10" hai1="120,115,87,135,53,33,9,16,62,86,134,69,17" hai2="105,50,46,18,34,24,107,127,20,90,41,3,100" hai3="47,129,49,12,99,68,0,66,72,54,25,64,4"/><T125/><D75/><U111/><E115/><V128/><F3/><W29/><G72/><T2/><D123/><U19/><E120/><V57/><F127/><W5/><G0/><T97/><D125/><U89/><E33/><V13/><F128/><W35/><G129/><T76/><D108/><U38/><E38/><V26/><F26/><W37/><G37/><T1/><D1/><U94/><E111/><V70/><F70/><W36/><G36/><T58/><D97/><U40/><E40/><V73/><F73/><W22/><G66/><T44/><D44/><U63/><E69/><V56/><F90/><W110/><G110/><T103/><D96/><U11/><E86/><V84/><F84/><W39/><G39/><T126/><D126/><U61/><REACH who="1" step="1"/><E53/><REACH who="1" step="2"/><V98/><REACH who="2" step="1"/><F107/><REACH who="2" step="2"/><W130/><G68/><T118/><D85/><U88/><E88/><V121/><F121/><W8/><G130/><T113/><D76/><U21/><E21/><V71/><F71/><W79/><G22/><T104/><D104/><U83/><E83/><V45/><F45/><W32/><G47/><T55/><D81/><U15/><E15/><V6/><F6/><W95/><G5/><T93/><D23/><U91/><E91/><V133/><F133/><AGARI ba="0,2" hai="9,11,16,17,19,61,62,63,87,89,94,133,134,135" machi="133" ten="50,6400,0" yaku="1,1,20,1,54,1,53,0" doraHai="114" doraHaiUra="78" who="1" fromWho="2" sc="283,0,252,84,199,-64,246,0" /><INIT seed="5,0,0,2,2,30" ten="283,336,135,246" oya="1" hai0="81,15,4,111,70,134,135,65,100,92,3,97,48" hai1="86,120,0,39,109,50,125,57,107,90,25,42,17" hai2="67,113,94,35,131,47,10,19,59,128,69,66,71" hai3="60,126,27,38,76,46,87,55,108,2,12,54,31"/><U127/><E120/><V5/><F19/><W91/><G108/><T26/><D3/><U20/><E0/><V114/><F94/><W105/><G105/><T14/><D111/><U112/><E112/><N who="2" m="43115" /><F5/><W133/><G2/><T11/><D65/><N who="2" m="24586" /><F10/><W13/><G76/><T88/><D70/><N who="2" m="26634" /><F35/><W95/><G12/><T28/><D48/><U43/><E107/><V51/><F59/><W29/><G13/><T82/><D15/><U74/><E109/><V64/><N who="2" m="24594" /><V8/><DORA hai="80" /><F8/><W34/><G95/><T102/><D102/><U106/><E106/><V93/><F93/><W110/><G34/><N who="0" m="20759" /><D100/><U24/><E74/><V36/><F36/><W121/><G29/><T119/><D82/><N who="1" m="49495" /><E39/><V122/><F122/><W44/><G38/><T49/><D81/><U63/><E24/><V22/><F22/><W116/><G27/><T18/><D4/><U61/><E127/><V124/><F124/><W115/><G126/><T73/><D73/><U79/><E125/><V53/><AGARI ba="0,0" hai="47,51,53,128,131" m="26634,24594,43115" machi="53" ten="40,8000,1" yaku="15,1,11,1,34,2" doraHai="30,80" who="2" fromWho="2" sc="283,-20,336,-40,135,80,246,-20" /><INIT seed="6,0,0,4,3,15" ten="263,296,215,226" oya="2" hai0="21,53,61,54,16,86,130,28,114,50,105,64,12" hai1="2,109,42,41,123,77,80,128,106,112,56,30,107" hai2="83,32,118,4,6,82,5,97,100,90,29,7,79" hai3="135,43,63,31,87,113,57,69,45,134,49,58,36"/><V19/><F118/><W14/><G31/><T52/><D105/><U34/><E2/><V129/><F129/><W3/><G3/><T76/><D130/><U46/><E128/><V26/><N who="2" m="1024" /><DORA hai="48" /><V121/><F121/><W108/><G87/><T127/><D127/><U70/><E70/><V119/><F119/><W85/><G85/><T111/><D111/><U25/><E109/><V35/><F35/><W92/><G92/><T125/><D125/><U60/><E112/><V122/><F122/><W71/><G14/><T40/><D114/><U95/><E95/><V116/><F116/><W23/><G23/><T124/><D124/><U47/><E47/><V120/><F120/><W67/><G108/><T20/><D28/><U33/><E33/><V18/><F90/><W27/><G27/><T65/><D21/><U110/><E42/><V24/><F24/><W55/><G113/><T44/><D61/><U62/><E62/><V9/><F9/><W51/><G36/><T101/><D101/><U68/><E123/><V103/><F103/><W98/><G98/><T72/><D72/><U22/><E34/><V104/><REACH who="2" step="1"/><F79/><REACH who="2" step="2"/><W39/><G39/><T75/><D75/><U96/><E110/><V11/><F11/><W73/><G73/><T74/><D74/><U38/><E77/><V8/><F8/><W91/><G91/><T93/><D76/><U126/><E25/><V131/><F131/><W84/><G84/><T117/><D117/><U89/><E126/><V66/><F66/><W99/><G99/><T115/><D115/><U1/><E96/><V78/><F78/><RYUUKYOKU ba="0,1" sc="263,10,296,-30,205,10,226,10" hai0="12,16,20,40,44,50,52,53,54,64,65,86,93" hai2="18,19,26,29,32,82,83,97,100,104" hai3="43,45,49,51,55,57,58,63,67,69,71,134,135" /><INIT seed="6,1,1,0,0,98" ten="273,266,215,236" oya="2" hai0="24,49,30,33,23,133,4,80,103,48,108,132,74" hai1="16,120,107,3,131,75,83,91,17,40,105,124,64" hai2="52,38,43,95,99,44,114,111,125,45,106,27,55" hai3="63,76,54,13,126,42,112,51,84,104,89,101,102"/><V82/><F111/><W59/><G104/><N who="1" m="40010" /><E3/><V36/><F106/><W47/><G126/><T29/><D108/><U116/><E116/><V21/><F125/><W28/><G112/><T92/><D4/><U57/><E40/><V68/><F114/><W88/><G28/><T119/><D119/><U67/><E124/><V22/><F82/><N who="3" m="47175" /><G13/><T117/><D117/><U110/><E110/><V66/><F68/><W41/><G42/><T81/><D30/><U15/><E57/><V20/><F38/><W87/><G89/><T130/><D130/><U70/><E70/><V122/><F122/><W60/><G60/><T69/><D69/><U37/><E37/><V90/><F66/><W121/><G121/><T53/><D74/><U6/><E6/><V97/><F97/><W10/><G10/><T77/><D77/><N who="1" m="44479" /><E91/><V18/><REACH who="2" step="1"/><F55/><REACH who="2" step="2"/><W78/><G78/><T34/><D53/><U93/><E64/><V8/><F8/><W85/><G85/><T50/><D34/><U109/><E67/><V39/><F39/><W86/><G86/><T11/><D11/><U127/><E109/><V128/><F128/><W135/><G135/><N who="0" m="51787" /><D33/><U72/><E127/><V19/><F19/><W79/><G79/><T12/><D80/><AGARI ba="1,2" hai="41,47,51,54,59,63,80,87,88,101,102" m="47175" machi="80" ten="30,7700,0" yaku="8,1,52,2,54,1" doraHai="98" who="3" fromWho="0" sc="273,-80,266,0,205,0,236,100" /><INIT seed="7,0,0,0,0,18" ten="193,266,205,336" oya="3" hai0="60,88,33,55,79,131,44,129,101,0,77,59,4" hai1="36,99,126,90,7,15,128,120,39,109,82,35,75" hai2="98,1,110,86,70,16,121,78,23,96,107,113,58" hai3="73,92,50,29,13,66,19,10,11,130,51,21,48"/><W89/><G73/><T41/><D33/><U81/><E35/><V45/><F70/><W134/><G134/><T124/><D101/><U2/><E109/><V62/><F121/><W26/><G130/><N who="0" m="49675" /><D124/><U72/><E120/><V31/><F107/><W8/><G66/><T83/><D4/><U47/><E128/><V61/><F110/><W71/><G71/><T103/><D103/><U102/><E2/><V85/><F1/><W112/><G112/><T57/><D0/><U94/><E126/><V40/><F31/><W74/><G74/><T53/><D59/><U28/><E28/><V105/><F105/><W37/><G37/><N who="0" m="21551" /><D53/><U42/><E39/><V87/><F113/><W24/><G24/><T22/><D22/><U17/><E7/><V30/><F30/><W27/><G27/><T108/><D108/><U118/><E118/><V135/><F135/><W95/><G95/><T49/><D60/><U67/><E67/><V116/><F116/><W14/><G29/><T127/><D127/><U133/><E133/><V84/><F78/><W119/><G119/><T6/><D6/><U46/><E46/><V34/><F34/><W122/><G122/><T114/><D114/><U32/><E32/><V104/><F104/><W20/><G26/><T12/><D12/><U93/><E75/><V52/><F62/><W63/><G63/><T125/><D125/><U3/><E3/><V9/><N who="2" m="21504" /><DORA hai="65" /><V97/><F9/><W69/><G10/><T91/><D79/><U117/><E117/><V54/><F54/><W68/><G11/><T25/><D25/><U43/><E72/><AGARI ba="0,0" hai="49,55,57,72,77,83,88,91" m="21551,49675" machi="72" ten="30,3900,0" yaku="6,1,19,1,54,1" doraHai="18,65" who="0" fromWho="1" sc="193,39,266,-39,205,0,336,0" owari="232,3,227,-17,205,-29,336,43" /></mjloggm>