<mjloggm ver="2.3"><GO type="97"/><UN n0="%E3%81%8D%E3%81%82%E3%81%84" n1="%66%75%67%61%6B%75" n2="%E3%82%A6%E3%83%AB%E3%83%88%E3%83%A9%E7%AB%8B%E7%9B%B4" n3="%E3%83%81%E3%83%A7%E3%83%B3%E5%A4%AA" dan="14,14,13,13" rate="1925,1896,1815,1830" sx="M,M,M,M"/><TAIKYOKU oya="0"/><INIT seed="0,0,0,0,0,47" ten="250,250,250,250" oya="0" hai0="106,50,57,99,68,39,36,65,107,129,104,101,42" hai1="116,109,95,84,62,110,56,87,19,1,29,81,40" hai2="119,0,7,66,14,132,89,111,112,12,63,94,117" hai3="9,105,91,53,92,103,73,128,78,6,58,74,100" shuffle="mt19937ar,F8F84710,86BAEF38,67C49B19,D16C4404,4A1C667C,36C3C5B1,6472F848,49F72EDE"/><T5/><D129/><U55/><E116/><N who="2" m="44619" /><F0/><W11/><G128/><T49/><D5/><U122/><E122/><V114/><F132/><W4/><G74/><T135/><D135/><U72/><E1/><V121/><F111/><N who="1" m="42505" /><E40/><V90/><F121/><W127/><G73/><T120/><D120/><U10/><E29/><V71/><F90/><W23/><G78/><T31/><D31/><U33/><E33/><V61/><F61/><W28/><G127/><T27/><D27/><U108/><N who="1" m="42513" /><U125/><DORA hai="124" /><E125/><V85/><F7/><W34/><G34/><T77/><D77/><N who="1" m="44199" /><E95/><V130/><F130/><W96/><G92/><T102/><D99/><U45/><E45/><V60/><F60/><W17/><G28/><T3/><D3/><U76/><E76/><V115/><AGARI ba="0,0" hai="12,14,63,66,71,85,89,94,112,114,115" m="44619" machi="115" ten="40,1500,0" yaku="12,1" doraHai="47,124" who="2" fromWho="2" sc="250,-7,250,-4,250,15,250,-4" /><INIT seed="1,0,0,4,4,134" ten="243,246,265,246" oya="1" hai0="76,108,91,67,53,110,103,98,126,80,131,77,73" hai1="86,1,5,34,89,113,35,69,66,24,40,87,74" hai2="44,18,97,13,57,95,48,29,47,111,105,6,7" hai3="132,8,56,118,109,124,0,42,100,127,9,27,128" shuffle="mt19937ar,832DE14D,4739D800,2B217B1B,3F71F85C,35AD02EC,84CB4A04,AA192255,275E0F62"/><U96/><E113/><V19/><F105/><W28/><G118/><T101/><D67/><U14/><E74/><V32/><F32/><W99/><G132/><T2/><D2/><U115/><E115/><V116/><F29/><W61/><G128/><T49/><D131/><U125/><E1/><V81/><F81/><W68/><G109/><T33/><D33/><U112/><E112/><V117/><F111/><N who="0" m="42538" /><D77/><U93/><E40/><V75/><F75/><W82/><G42/><T63/><D63/><U85/><E69/><V26/><F117/><W23/><G82/><T65/><D65/><U78/><E66/><V60/><F26/><W31/><G31/><T114/><D114/><U72/><E72/><V84/><F84/><W90/><G90/><T106/><D91/><U43/><E78/><V17/><F116/><W54/><G68/><T135/><D101/><U12/><E35/><V59/><F60/><W30/><G30/><T133/><D49/><U120/><E34/><V11/><F7/><W16/><G28/><T10/><D53/><U37/><E37/><V102/><REACH who="2" step="1"/><F47/><REACH who="2" step="2"/><W92/><REACH who="3" step="1"/><G8/><REACH who="3" step="2"/><T119/><D10/><U36/><E5/><AGARI ba="0,2" hai="0,5,9,16,23,27,54,56,61,92,99,100,124,127" machi="5" ten="40,8000,1" yaku="1,1,2,1,52,2,54,1,53,0" doraHai="134" doraHaiUra="129" who="3" fromWho="1" sc="243,0,246,-80,255,0,236,100" /><INIT seed="2,0,0,5,5,60" ten="243,166,255,336" oya="2" hai0="53,115,109,71,73,44,81,15,54,39,133,36,69" hai1="10,82,111,102,131,30,22,91,70,100,74,118,107" hai2="77,7,50,64,134,13,65,61,47,5,8,19,116" hai3="38,56,51,114,128,106,46,59,129,117,33,87,99" shuffle="mt19937ar,7F8E762B,E431A670,98EA09AF,D0B9518F,213864B3,727CCC46,903F7934,D89FE482"/><V78/><F61/><W34/><G114/><T25/><D25/><U119/><E70/><N who="0" m="26633" /><D73/><U72/><E10/><V132/><F116/><W101/><G117/><T86/><D81/><U120/><E30/><V122/><F122/><W24/><G38/><N who="0" m="14379" /><D86/><U113/><E22/><V29/><F29/><W85/><G85/><T12/><D44/><U55/><E55/><N who="0" m="21001" /><D115/><U42/><E113/><V32/><F32/><W88/><G24/><T62/><D62/><U90/><E82/><V97/><F97/><W96/><G96/><T14/><D133/><N who="2" m="51306" /><F7/><W20/><G20/><T28/><D28/><U68/><E68/><V48/><F5/><W98/><G98/><T41/><D41/><U17/><E17/><V40/><F50/><W75/><G75/><T121/><D109/><U0/><E0/><V108/><F108/><W57/><G34/><T66/><D66/><AGARI ba="0,0" hai="8,13,19,40,47,48,64,65,66,77,78" m="51306" machi="66" ten="30,11600,0" yaku="20,1,52,3" doraHai="60" who="2" fromWho="0" sc="243,-116,166,0,255,116,336,0" /><INIT seed="2,1,0,0,4,6" ten="127,166,371,336" oya="2" hai0="110,21,77,27,5,125,43,3,106,87,84,128,2" hai1="16,89,124,75,53,32,64,121,79,42,61,39,35" hai2="36,109,88,15,9,1,107,92,73,58,63,117,7" hai3="55,95,54,111,31,129,59,114,8,23,90,133,30" shuffle="mt19937ar,ABD05359,F777395F,4EA2E9A4,DFDA92F2,DDD4133D,68A29ACF,D0E83664,27DE0639"/><V94/><F107/><W70/><G70/><T14/><D106/><U57/><E124/><V131/><F36/><W12/><G114/><T101/><D125/><U40/><E121/><V66/><F73/><W51/><G133/><T135/><D135/><U72/><E89/><V34/><F34/><W29/><G129/><T0/><D128/><U127/><E127/><V10/><F117/><W123/><G123/><T44/><D110/><U116/><E116/><V47/><F131/><W62/><G111/><T74/><D101/><U78/><E39/><V50/><F109/><W76/><G76/><T120/><D120/><U118/><E118/><V85/><F9/><W112/><G23/><T56/><D56/><U67/><E57/><V108/><F108/><W105/><G105/><T115/><D115/><U81/><E81/><N who="2" m="49199" /><F1/><W4/><G112/><T68/><D68/><U99/><E99/><V104/><F104/><W83/><G83/><T19/><D74/><U113/><E113/><V119/><F119/><W25/><G25/><T18/><D77/><U20/><E75/><V96/><F96/><N who="3" m="57463" /><G51/><T71/><D71/><U122/><E72/><V48/><F48/><W13/><G13/><T91/><D5/><U33/><E122/><V41/><AGARI ba="1,0" hai="7,10,15,41,47,50,58,63,66,92,94" m="49199" machi="41" ten="30,6000,0" yaku="8,1,52,1,54,1" doraHai="6" who="2" fromWho="2" sc="127,-21,166,-21,371,63,336,-21" /><INIT seed="2,2,0,0,0,62" ten="106,145,434,315" oya="2" hai0="59,39,35,1,104,102,19,119,106,114,118,116,57" hai1="58,14,85,121,45,21,128,49,132,81,72,29,18" hai2="84,48,71,25,55,9,97,88,120,115,23,127,107" hai3="86,117,3,60,123,87,91,76,112,122,12,50,34" shuffle="mt19937ar,45D13F63,3E8BF167,EBDE7036,2607C8A2,491C2415,662186EB,8CE2B702,0B2B9139"/><V31/><F120/><W131/><G3/><T126/><D114/><U64/><E121/><V80/><F115/><W32/><G112/><T82/><D39/><U20/><E128/><V37/><F37/><W15/><G76/><T47/><D1/><U6/><E132/><V96/><F71/><W129/><G60/><T94/><D35/><U124/><E124/><V44/><F127/><W28/><G28/><T0/><D0/><U83/><E72/><V79/><F107/><N who="0" m="41002" /><D126/><U105/><E105/><V56/><F79/><W61/><G61/><T135/><D135/><U41/><E6/><V130/><F130/><W7/><G50/><T30/><D30/><U70/><E70/><V17/><F56/><N who="0" m="21578" /><D47/><U43/><E43/><V125/><F125/><W66/><G7/><T2/><D2/><U63/><E85/><V27/><REACH who="2" step="1"/><F9/><REACH who="2" step="2"/><W40/><G123/><T22/><D82/><U93/><E93/><V110/><F110/><W54/><G122/><T113/><D113/><U16/><REACH who="1" step="1"/><E29/><REACH who="1" step="2"/><V101/><F101/><W13/><G131/><T11/><D102/><U4/><E4/><V133/><F133/><W73/><G129/><T33/><D94/><U111/><E111/><V100/><F100/><W42/><G42/><T69/><D69/><U134/><E134/><V26/><F26/><AGARI ba="2,2" hai="14,16,18,20,21,26,41,45,49,58,63,64,81,83" machi="26" ten="30,12000,2" yaku="1,1,7,1,8,1,52,1,54,1,53,1" doraHai="62" doraHaiUra="53" who="1" fromWho="2" sc="106,0,135,146,424,-126,315,0" /><INIT seed="3,0,0,4,5,55" ten="106,281,298,315" oya="3" hai0="135,11,108,32,79,35,7,29,99,30,4,76,15" hai1="109,85,97,94,59,92,89,51,38,3,57,127,18" hai2="132,124,70,47,50,119,20,81,86,16,13,37,41" hai3="80,117,93,21,10,26,28,75,113,6,90,98,33" shuffle="mt19937ar,1E67DC86,2C0BA057,2C48DA90,97666F75,B81E631F,58E0809E,F17E2F81,0F3AC646"/><W128/><G117/><T0/><D99/><U104/><E38/><V39/><F119/><W78/><G128/><T66/><D66/><U68/><E68/><V22/><F124/><W25/><G113/><T53/><D53/><U112/><E112/><V43/><F132/><W129/><G129/><T44/><D44/><U48/><E3/><V82/><F70/><W5/><G10/><N who="0" m="2311" /><D76/><U72/><E72/><V131/><F131/><W24/><G24/><N who="0" m="18471" /><D79/><U83/><E109/><V23/><F82/><W17/><AGARI ba="0,0" hai="5,6,17,21,25,26,28,33,75,78,80,90,93,98" machi="17" ten="20,2100,0" yaku="0,1,7,1" doraHai="55" who="3" fromWho="3" sc="106,-7,281,-7,298,-7,315,21" owari="99,-30,274,-8,291,4,336,34" /></mjloggm>