<mjloggm ver="2.3"><GO type="97"/><UN n0="%E3%81%8A%E3%81%9D%E3%83%BC" n1="%E8%B6%85%E5%B9%BC%E5%A5%B3" n2="%E3%82%A6%E3%83%AB%E3%83%88%E3%83%A9%E7%AB%8B%E7%9B%B4" n3="%E5%B7%A6%E8%84%9A" dan="15,15,13,14" rate="1988,2025,1863,1952" sx="M,F,M,M"/><TAIKYOKU oya="0"/><INIT seed="0,0,0,4,2,25" ten="250,250,250,250" oya="0" hai0="84,9,60,87,73,102,14,104,113,71,46,32,101" hai1="54,129,21,26,65,7,36,128,15,39,3,94,118" hai2="13,67,109,130,43,57,22,111,110,83,81,117,49" hai3="127,1,75,42,17,41,44,66,31,121,53,116,90" shuffle="mt19937ar,FD60C5E6,AAD55525,7B812490,C6259E82,DB4B3609,A9FFCB13,9E02504E,4A2B2D55"/><T62/><D73/><U19/><E118/><V134/><F83/><W63/><G75/><T24/><D46/><U27/><E65/><V37/><F81/><W69/><G116/><T99/><D101/><U133/><E133/><V38/><F117/><W106/><G106/><T12/><D113/><U55/><E94/><V132/><F13/><W29/><G1/><T56/><D60/><U97/><E97/><V77/><F22/><W124/><G121/><T114/><D114/><U74/><E74/><V122/><F77/><W40/><G17/><T28/><D12/><U5/><E3/><V125/><F122/><W82/><G53/><T78/><D78/><U80/><E80/><V59/><F125/><N who="3" m="48203" /><G44/><T16/><D56/><N who="2" m="21578" /><F67/><AGARI ba="0,0" hai="9,14,16,24,28,32,62,67,71,84,87,99,102,104" machi="67" ten="40,12000,1" yaku="25,2,52,1,54,1" doraHai="25" who="0" fromWho="2" sc="250,120,250,0,250,-120,250,0" /><INIT seed="0,1,0,2,0,78" ten="370,250,130,250" oya="0" hai0="28,66,21,93,12,36,55,125,40,94,47,87,118" hai1="39,10,122,37,7,11,58,101,35,80,67,135,5" hai2="102,72,25,64,31,70,88,104,106,42,119,63,127" hai3="110,131,6,59,43,91,96,8,34,120,83,52,30" shuffle="mt19937ar,6B7C35AC,588B69E5,32BC7787,477AE8BE,1CD1AF65,B9F1B445,DE4909C3,6FBA7ACA"/><T100/><D118/><U89/><E122/><V16/><F119/><W97/><G120/><T103/><D66/><U4/><E35/><V98/><F72/><W45/><G131/><T0/><D0/><U23/><E135/><V85/><F106/><W17/><G110/><T117/><D117/><U60/><E101/><V51/><F127/><W107/><G17/><T73/><D73/><U44/><E44/><V46/><F16/><W128/><G128/><T90/><D125/><U92/><E39/><V20/><F51/><W129/><G129/><T115/><D115/><U69/><E37/><V22/><F46/><W33/><G107/><T79/><D94/><U38/><E38/><V29/><F42/><W84/><G30/><T124/><D124/><U108/><E69/><V114/><F114/><W99/><G45/><T15/><D55/><U71/><E71/><V134/><F134/><W9/><G43/><T123/><D123/><U132/><E132/><V111/><F111/><W48/><REACH who="3" step="1"/><G8/><REACH who="3" step="2"/><T13/><D28/><U57/><E11/><V54/><F54/><W130/><G130/><T121/><D121/><U113/><E10/><V2/><F2/><AGARI ba="1,1" hai="2,6,9,33,34,48,52,59,83,84,91,96,97,99" machi="2" ten="40,8000,1" yaku="1,1,52,1,54,1,53,1" doraHai="78" doraHaiUra="50" who="3" fromWho="2" sc="370,0,250,0,130,-83,240,93" /><INIT seed="1,0,0,3,3,72" ten="370,250,47,333" oya="1" hai0="115,54,57,93,7,92,77,81,15,4,5,79,96" hai1="37,94,52,112,50,27,89,23,134,109,1,110,51" hai2="47,28,121,88,8,21,26,126,36,95,22,135,41" hai3="53,107,124,104,17,65,20,60,103,2,83,133,68" shuffle="mt19937ar,57F47293,5FBCFB2F,0457BC26,1D68EB61,20B8E588,A7B3AEB2,718A38E8,C771A316"/><U56/><E112/><V80/><F126/><W61/><G2/><T11/><D115/><U33/><E37/><V16/><F135/><W102/><G124/><T62/><D81/><U48/><E33/><V43/><F121/><W3/><G3/><T74/><D74/><U86/><E1/><V14/><F43/><W35/><G35/><T69/><D69/><U132/><E132/><V118/><F118/><W63/><G133/><T90/><D92/><U24/><E134/><V128/><F128/><W98/><G53/><T31/><D31/><U76/><E76/><AGARI ba="0,0" hai="4,5,7,11,15,54,57,62,76,77,79,90,93,96" machi="76" ten="40,8000,1" yaku="8,1,52,3" doraHai="72" who="0" fromWho="1" sc="370,80,250,-80,47,0,333,0" /><INIT seed="2,0,0,4,5,83" ten="450,170,47,333" oya="2" hai0="29,12,18,51,73,121,81,32,130,42,102,75,105" hai1="49,36,44,125,95,24,40,101,132,100,131,87,3" hai2="76,103,15,70,119,79,14,37,93,65,69,20,92" hai3="5,22,7,113,104,66,89,97,117,57,94,118,134" shuffle="mt19937ar,3EE5FA91,BC05B30B,3CCB0692,4734913A,4549C32A,4CA353B2,A650C219,7A5A39EC"/><V4/><F37/><W30/><G134/><T16/><D121/><U72/><E132/><V80/><F119/><W39/><G39/><T56/><D130/><U98/><E72/><V10/><F69/><W123/><G123/><T28/><D105/><U133/><E3/><V26/><F70/><W11/><G104/><T1/><D1/><U107/><E133/><V114/><F65/><W0/><G7/><T64/><D102/><U85/><E131/><V120/><F114/><W127/><G127/><T74/><D32/><U9/><E125/><V86/><F120/><W48/><G113/><T19/><D12/><U128/><E36/><V60/><F60/><W21/><G66/><T110/><D110/><U46/><E46/><V68/><F68/><W129/><G129/><T84/><D42/><U6/><E24/><V115/><F115/><W111/><G111/><T47/><D47/><U17/><E6/><V25/><F79/><W58/><G58/><T13/><D13/><N who="1" m="7343" /><E128/><V53/><F53/><W50/><G118/><T35/><D35/><U124/><E124/><V38/><F38/><W23/><G117/><T109/><D109/><U8/><E8/><V59/><F59/><W112/><G57/><T27/><D27/><N who="2" m="10250" /><F103/><N who="1" m="39497" /><E107/><V106/><F106/><W99/><G112/><T90/><REACH who="0" step="1"/><D51/><REACH who="0" step="2"/><U54/><E40/><V43/><F43/><W91/><G30/><T126/><D126/><U88/><AGARI ba="0,1" hai="44,49,54,85,87,88,95,98" m="39497,7343" machi="88" ten="30,7900,0" yaku="8,1,52,2,54,1" doraHai="83" who="1" fromWho="1" sc="440,-20,170,89,47,-39,333,-20" /><INIT seed="3,0,0,4,5,11" ten="420,259,8,313" oya="3" hai0="134,46,23,17,133,15,39,124,3,106,32,18,96" hai1="90,33,57,78,35,101,131,111,102,108,44,128,122" hai2="22,110,76,58,37,48,66,75,83,2,14,53,6" hai3="91,72,52,41,113,105,97,16,34,36,80,85,73" shuffle="mt19937ar,0A77DE9A,A6A879EB,3A82407C,E24E1D9A,D8C9CC2C,DDC78B22,1E3DFFC5,021071E7"/><W45/><G113/><T21/><D32/><N who="1" m="12363" /><E44/><V92/><F37/><W114/><G34/><T93/><D106/><U77/><E57/><V0/><F110/><N who="1" m="42025" /><E90/><V81/><F81/><W54/><G114/><T56/><D3/><U43/><E43/><V120/><F120/><W40/><G40/><T98/><D56/><U24/><E24/><V31/><F66/><W119/><G119/><T88/><D98/><U74/><E74/><V38/><F38/><W100/><G73/><T67/><D67/><U130/><E122/><V59/><F59/><W5/><G5/><T69/><D69/><U62/><E62/><V30/><F2/><W104/><G104/><T4/><D46/><U28/><E28/><V71/><F71/><W51/><G36/><T116/><D39/><U118/><E118/><V7/><F0/><W13/><G72/><T26/><D116/><U125/><E125/><V63/><F63/><W55/><G41/><T50/><D50/><U123/><E123/><V82/><F82/><W107/><G107/><T109/><D109/><U84/><E84/><V95/><F30/><W79/><G79/><AGARI ba="0,0" hai="77,78,79,101,102,128,130,131" m="42025,12363" machi="79" ten="40,8000,1" yaku="28,2,19,1,14,1" doraHai="11" who="1" fromWho="3" sc="420,0,259,80,8,0,313,-80" owari="420,42,339,9,8,-39,233,-12" /></mjloggm>