<mjloggm ver="2.3"><GO type="41"/><UN n0="%E3%83%81%E3%83%81%E3%82%AB%E3%82%AB" n1="%E3%82%A6%E3%83%AB%E3%83%88%E3%83%A9%E7%AB%8B%E7%9B%B4" n2="%E2%98%86%E3%82%B9%E3%82%BF%E3%83%BC%E3%83%9F%E3%83%BC%E2%98%86" n3="%6E%6F%62%75%74%6F%72%61" dan="13,14,13,14" rate="1817,1959,1827,1855" sx="M,M,M,M"/><TAIKYOKU oya="0"/><INIT seed="0,0,0,2,3,3" ten="250,250,250,250" oya="0" hai0="32,87,29,89,121,122,24,90,115,102,44,96,53" hai1="75,15,79,100,117,30,35,50,86,7,40,134,103" hai2="56,98,26,123,2,78,113,51,110,9,13,47,11" hai3="17,16,57,84,135,85,10,0,41,1,25,49,65"/><T114/><D115/><U108/><E75/><V131/><F123/><W76/><G135/><T70/><D114/><U66/><E66/><V39/><F113/><W31/><G1/><T125/><D125/><U119/><E30/><V116/><F39/><W33/><G65/><T36/><D53/><U128/><E35/><V82/><F116/><W54/><G41/><T67/><D87/><U88/><E134/><V105/><F105/><W111/><G111/><T60/><D122/><U45/><E108/><V80/><F110/><W52/><G54/><T127/><D127/><U112/><E112/><V58/><F131/><W92/><G76/><T130/><D130/><U104/><E128/><V132/><F132/><W46/><G46/><T124/><D124/><U99/><E103/><V120/><F120/><W14/><G92/><T48/><D48/><U77/><E77/><V22/><F98/><W73/><G73/><T107/><REACH who="0" step="1"/><D121/><REACH who="0" step="2"/><U6/><E79/><V97/><F97/><W37/><G37/><T63/><D63/><U95/><E117/><V38/><F38/><W93/><G93/><T74/><D74/><U5/><REACH who="1" step="1"/><E119/><REACH who="1" step="2"/><V126/><F126/><W101/><G101/><T21/><D21/><U55/><E55/><V61/><F61/><W19/><REACH who="3" step="1"/><G0/><REACH who="3" step="2"/><T118/><D118/><U106/><E106/><V62/><F62/><W91/><G91/><T18/><D18/><AGARI ba="0,3" hai="10,14,16,17,18,19,25,31,33,49,52,57,84,85" machi="18" ten="40,5200,0" yaku="1,1,54,2,53,0" doraHai="3" doraHaiUra="34" who="3" fromWho="0" sc="240,-52,240,0,250,0,240,82" /><INIT seed="1,0,0,5,1,40" ten="188,240,250,322" oya="1" hai0="69,33,99,5,94,114,89,97,14,96,74,113,102" hai1="71,9,95,47,56,130,11,78,36,76,88,51,61" hai2="125,6,105,50,12,87,67,75,44,60,55,8,84" hai3="22,64,23,90,83,19,116,38,86,48,21,72,101"/><U111/><E36/><V13/><F105/><W106/><G38/><T27/><D74/><U119/><E71/><V135/><F75/><W4/><G116/><T73/><D73/><U1/><E1/><V35/><F135/><W17/><G64/><T45/><D96/><N who="1" m="57447" /><E119/><V68/><F125/><W66/><G66/><T37/><D69/><U91/><E91/><V104/><F104/><W121/><G121/><T30/><D14/><U65/><E130/><V118/><F118/><W131/><G131/><T39/><D37/><U124/><E124/><V70/><F70/><W54/><G72/><T52/><D5/><U53/><E111/><V134/><F134/><W123/><G123/><T46/><D39/><U109/><E109/><V115/><F115/><W7/><G101/><T42/><D42/><U34/><E34/><V16/><REACH who="2" step="1"/><F35/><REACH who="2" step="2"/><W62/><G106/><T79/><D114/><U28/><E28/><V112/><F112/><W29/><G29/><T32/><D113/><U81/><E81/><V126/><F126/><W25/><G23/><AGARI ba="0,1" hai="6,8,12,13,16,23,44,50,55,60,67,68,84,87" machi="23" ten="30,7700,0" yaku="1,1,7,1,52,1,54,1,53,0" doraHai="40" doraHaiUra="107" who="2" fromWho="3" sc="188,0,240,0,240,87,322,-77" /><INIT seed="2,0,0,3,0,57" ten="188,240,327,245" oya="2" hai0="12,55,41,134,95,91,45,116,100,3,2,89,75" hai1="10,33,48,13,93,66,130,83,105,20,70,23,106" hai2="85,32,30,92,54,49,113,103,0,74,90,124,44" hai3="125,56,122,84,8,119,81,72,68,29,112,132,120"/><V63/><F113/><W53/><G72/><T6/><D75/><U80/><E130/><V111/><F0/><W128/><G68/><T102/><D134/><U88/><E33/><V78/><F124/><W50/><G119/><T51/><D116/><U86/><E105/><V4/><F4/><W37/><G125/><T98/><D3/><U34/><E106/><V11/><F11/><W19/><G128/><T15/><D2/><U101/><E34/><V35/><F111/><W31/><G132/><T114/><D114/><U40/><E70/><V26/><F35/><W107/><G37/><T129/><D129/><U18/><E66/><V135/><F135/><W9/><G107/><T117/><D117/><U5/><E101/><V7/><F7/><W27/><G112/><T60/><D89/><U43/><E20/><V131/><F131/><W62/><G122/><T97/><D100/><U58/><E58/><V24/><F24/><W73/><G73/><T16/><D6/><U77/><E48/><V65/><F103/><W110/><G110/><T99/><D102/><U108/><E108/><V39/><F39/><W127/><G127/><T17/><D17/><U28/><E28/><V21/><F32/><W67/><G31/><T79/><D79/><U71/><E71/><V115/><F115/><W82/><G19/><T87/><D16/><U121/><E121/><V94/><F74/><W118/><G118/><T46/><D46/><U42/><REACH who="1" step="1"/><E77/><REACH who="1" step="2"/><V126/><F78/><W1/><G29/><T36/><D36/><U38/><E38/><V25/><F126/><W61/><G120/><RYUUKYOKU ba="0,1" sc="188,15,230,15,327,-15,245,-15" hai0="12,15,41,45,51,55,60,87,91,95,97,98,99" hai1="5,10,13,18,23,40,42,43,80,83,86,88,93" /><INIT seed="3,1,1,2,1,60" ten="203,245,312,230" oya="3" hai0="118,44,125,20,116,75,49,38,14,86,124,13,111" hai1="115,120,32,74,83,127,4,113,1,88,23,76,24" hai2="84,48,43,80,105,46,103,51,29,94,78,129,54" hai3="56,63,39,40,9,16,68,28,62,123,100,18,107"/><W42/><G123/><T81/><D75/><U33/><E120/><V93/><F129/><W89/><G39/><T131/><D38/><U55/><E127/><N who="0" m="48713" /><D20/><U91/><E4/><V132/><F132/><W19/><G100/><T10/><D131/><U36/><E1/><V128/><F128/><W34/><G107/><T25/><D25/><U35/><E36/><V37/><F37/><W57/><G28/><T72/><D72/><U106/><E55/><V30/><F105/><W122/><G34/><T97/><D97/><U134/><E106/><V104/><F104/><W0/><G68/><T17/><D13/><U53/><E53/><V66/><F66/><W27/><G122/><T15/><D14/><U22/><E134/><V31/><REACH who="2" step="1"/><F103/><REACH who="2" step="2"/><W110/><G110/><T59/><D111/><U119/><E119/><V133/><F133/><W11/><G0/><T45/><D59/><AGARI ba="1,2" hai="29,30,31,43,46,48,51,54,59,78,80,84,93,94" machi="59" ten="40,2600,0" yaku="1,1,8,1,53,0" doraHai="60" doraHaiUra="92" who="2" fromWho="0" sc="203,-29,245,0,302,49,230,0" /><INIT seed="4,0,0,0,1,100" ten="174,245,351,230" oya="0" hai0="10,18,56,25,79,26,111,39,52,72,57,6,90" hai1="126,78,101,43,109,2,32,50,129,89,130,21,98" hai2="127,40,65,44,112,23,54,9,19,103,20,11,45" hai3="92,42,3,12,35,75,73,110,24,94,63,116,29"/><T37/><D111/><U55/><E32/><V134/><F112/><W82/><G110/><T70/><D70/><U28/><E2/><V71/><F134/><W46/><G116/><T81/><D57/><U135/><E109/><V64/><F127/><W66/><G12/><T15/><D90/><U86/><E78/><V36/><F103/><W1/><G94/><T91/><D91/><U97/><E43/><V104/><F104/><W38/><G92/><T76/><D79/><U88/><E126/><V27/><F65/><W85/><G85/><T67/><D67/><U122/><E135/><V119/><F119/><W22/><G22/><T31/><D18/><U34/><E34/><V47/><F47/><W123/><G123/><T14/><D14/><U4/><E122/><V133/><F133/><W5/><G5/><T102/><D102/><U53/><E4/><V77/><F77/><W120/><G120/><T84/><D72/><U68/><E68/><V106/><F106/><W16/><G16/><T128/><D128/><N who="1" m="49259" /><E97/><V48/><F71/><N who="3" m="42463" /><G82/><T114/><D114/><U17/><E28/><V105/><F105/><W69/><G69/><T107/><D107/><N who="1" m="63927" /><E50/><V74/><F74/><AGARI ba="0,0" hai="1,3,24,29,35,38,42,46,73,74,75" m="42463" machi="74" ten="30,2000,0" yaku="33,2" doraHai="100" who="3" fromWho="2" sc="174,0,245,0,351,-20,230,20" /><INIT seed="5,0,0,4,3,52" ten="174,245,331,250" oya="1" hai0="41,44,49,115,66,12,5,25,24,122,94,86,103" hai1="9,104,77,121,67,119,15,114,97,116,108,89,74" hai2="68,17,65,29,40,28,1,90,83,34,6,8,99" hai3="22,45,78,2,51,19,48,93,7,57,102,16,60"/><U59/><E121/><V32/><F40/><W56/><G78/><T31/><D122/><U54/><E108/><V111/><F111/><W88/><G7/><T135/><D135/><U123/><E123/><V42/><F42/><W26/><G2/><T53/><D115/><U132/><E132/><V20/><F99/><N who="3" m="57767" /><G102/><T4/><D24/><U96/><E114/><V3/><F90/><W106/><BYE who="2" /><G106/><T80/><D66/><U113/><E113/><V92/><F92/><W0/><G0/><T70/><D70/><U36/><E36/><V134/><F134/><W71/><G71/><T18/><D94/><U62/><E97/><V128/><F128/><W75/><G75/><T105/><D41/><U118/><E77/><V112/><F112/><W98/><G98/><T10/><D103/><U46/><E74/><V73/><F73/><W35/><G35/><T69/><D69/><U43/><E89/><V82/><F82/><W126/><G126/><T58/><D44/><U64/><E96/><V47/><F47/><W72/><G72/><T91/><REACH who="0" step="1"/><D105/><REACH who="0" step="2"/><U101/><E101/><V125/><F125/><W95/><G95/><T110/><D110/><U100/><E100/><V55/><F55/><N who="3" m="30095" /><G60/><T37/><D37/><N who="1" m="21871" /><E104/><V81/><F81/><W76/><G51/><UN n2="%E2%98%86%E3%82%B9%E3%82%BF%E3%83%BC%E3%83%9F%E3%83%BC%E2%98%86" /><T13/><D13/><U131/><E131/><V130/><F130/><W129/><G129/><T133/><D133/><U79/><E79/><V30/><F83/><W33/><G76/><T39/><D39/><U120/><E120/><V124/><F124/><W38/><G38/><T23/><AGARI ba="0,1" hai="4,5,10,12,18,23,25,31,49,53,58,80,86,91" machi="23" ten="20,8000,1" yaku="1,1,0,1,7,1,8,1,52,1,53,0" doraHai="52" doraHaiUra="107" who="0" fromWho="0" sc="164,90,245,-40,331,-20,250,-20" /><INIT seed="6,0,0,5,4,7" ten="254,205,311,230" oya="2" hai0="5,80,35,36,120,60,50,108,42,27,17,69,62" hai1="23,38,127,89,28,99,74,126,8,31,94,134,53" hai2="78,131,102,96,73,57,81,70,91,76,101,98,18" hai3="103,51,29,37,55,82,122,125,85,46,32,118,128"/><V116/><F70/><W95/><G122/><T123/><D108/><U107/><E107/><V68/><F68/><W13/><G118/><T34/><D5/><U110/><E74/><V44/><F44/><W2/><G125/><N who="1" m="47626" /><E110/><V83/><F57/><W1/><G29/><T63/><D36/><U132/><E53/><V104/><F18/><W3/><G32/><T77/><D34/><U79/><E79/><V39/><F39/><W112/><G37/><T106/><D35/><U15/><E38/><V119/><F131/><W0/><N who="3" m="0" /><DORA hai="111" /><W88/><G128/><T4/><D4/><N who="1" m="3463" /><E23/><V12/><F12/><W47/><G13/><T58/><D106/><U61/><E61/><V117/><F91/><W105/><G105/><T130/><D69/><U21/><E21/><V10/><F10/><W114/><G103/><T65/><D130/><U33/><E33/><V24/><F24/><W22/><G22/><T97/><D123/><U45/><E45/><V66/><F66/><W9/><G9/><T49/><D60/><U19/><E19/><V43/><F43/><W84/><REACH who="3" step="1"/><G46/><REACH who="3" step="2"/><T93/><D120/><U30/><AGARI ba="0,1" hai="28,30,31,89,94,99,132,134" m="3463,47626" machi="30" ten="40,2700,0" yaku="18,1,52,1" doraHai="7,111" who="1" fromWho="1" sc="254,-7,205,37,311,-13,220,-7" /><INIT seed="7,0,0,2,3,126" ten="247,242,298,213" oya="3" hai0="83,102,113,6,77,4,37,52,104,21,71,68,44" hai1="124,20,49,92,99,61,35,111,114,55,2,56,109" hai2="130,50,1,88,120,7,41,47,105,94,91,81,93" hai3="80,118,22,63,107,48,15,90,62,0,125,116,101"/><W129/><G0/><T12/><D71/><U19/><E35/><V69/><F69/><W43/><G125/><T28/><D68/><U40/><E2/><V78/><F105/><W96/><G129/><T112/><D102/><U34/><E34/><V128/><F120/><W98/><G118/><T66/><D66/><U67/><E124/><V103/><F103/><W29/><G116/><T134/><D104/><U32/><E32/><V74/><F1/><W57/><G43/><N who="0" m="22639" /><D134/><U65/><E114/><N who="0" m="44137" /><D12/><U9/><E9/><V106/><F106/><W30/><G63/><T39/><D39/><U132/><E132/><V45/><F7/><N who="0" m="2602" /><D21/><U36/><E36/><V82/><F82/><W133/><G48/><T25/><D25/><U24/><E40/><V122/><F122/><W85/><G133/><T38/><D38/><U53/><E53/><V110/><F110/><W23/><G96/><T8/><D8/><U31/><E31/><V10/><F10/><W27/><G15/><T60/><D60/><U123/><E123/><V58/><F58/><W64/><REACH who="3" step="1"/><G30/><REACH who="3" step="2"/><T89/><D28/><U33/><E49/><V72/><F72/><W79/><G79/><T46/><D89/><N who="2" m="34378" /><F47/><W97/><G97/><T135/><D135/><U11/><E99/><V100/><F100/><W5/><G5/><T16/><D16/><U87/><E61/><V121/><F121/><W18/><G18/><T14/><D14/><U73/><E19/><V59/><F59/><W75/><G75/><N who="0" m="43455" /><D46/><U117/><E73/><V26/><F26/><W108/><G108/><T42/><D42/><U51/><E111/><RYUUKYOKU ba="0,1" sc="247,10,242,-30,298,10,203,10" hai0="52" hai2="41,45,50,74,78,81,93,94,128,130" hai3="22,23,27,29,57,62,64,80,85,90,98,101,107" /><INIT seed="7,1,1,5,3,133" ten="257,212,308,213" oya="3" hai0="135,94,125,47,56,34,13,36,12,76,55,37,95" hai1="4,89,19,44,23,132,126,131,51,54,41,20,86" hai2="29,5,32,111,53,109,11,33,130,102,91,25,48" hai3="106,50,81,120,110,99,67,134,1,2,97,0,115"/><W84/><G120/><T122/><D135/><U9/><E132/><V77/><F130/><W62/><G134/><T92/><D122/><U119/><E131/><V8/><F8/><W93/><G115/><T98/><D34/><U107/><E107/><V108/><F102/><W69/><G110/><T113/><D113/><U22/><E119/><V57/><F77/><W49/><G106/><T68/><D68/><U66/><E66/><V129/><F129/><W121/><G121/><T30/><D98/><U43/><E126/><V64/><F64/><W17/><G17/><T28/><D76/><U90/><E90/><V18/><F33/><W82/><G82/><T3/><D56/><U85/><E85/><V127/><F127/><W14/><G14/><N who="0" m="5739" /><D3/><U114/><E114/><V78/><F78/><W123/><G123/><T88/><D88/><U75/><E75/><V79/><F79/><W83/><G83/><T101/><D101/><U40/><E4/><V74/><F74/><W105/><G105/><T42/><D55/><U10/><REACH who="1" step="1"/><E19/><REACH who="1" step="2"/><V24/><F18/><W35/><G35/><T96/><D125/><U117/><E117/><V72/><F72/><W100/><REACH who="3" step="1"/><G99/><REACH who="3" step="2"/><T124/><D96/><U87/><E87/><V38/><F111/><W46/><G46/><T21/><D124/><U7/><E7/><V16/><F5/><W27/><G27/><N who="0" m="16495" /><D30/><U112/><E112/><V63/><F109/><W15/><G15/><T128/><D128/><U61/><E61/><V103/><F63/><W65/><G65/><T104/><D104/><U39/><E39/><V45/><F108/><RYUUKYOKU ba="1,3" sc="257,10,202,10,308,-30,203,10" hai0="36,37,42,47,92,94,95" hai1="9,10,20,22,23,40,41,43,44,51,54,86,89" hai3="0,1,2,49,50,62,67,69,81,84,93,97,100" /><INIT seed="7,2,3,1,0,82" ten="267,212,278,213" oya="3" hai0="10,16,124,7,33,34,56,8,98,55,49,84,65" hai1="70,86,9,23,123,73,110,45,50,115,2,134,131" hai2="25,120,94,18,52,62,0,30,112,14,28,12,130" hai3="31,81,60,61,85,71,100,133,80,132,58,107,3"/><W122/><G122/><T90/><D34/><U68/><E73/><V88/><F120/><W127/><G3/><T54/><D33/><U106/><E123/><V38/><F38/><W22/><G71/><T41/><D65/><U21/><E106/><V125/><F0/><W104/><G100/><T99/><D41/><U77/><E110/><V135/><F135/><N who="3" m="51787" /><G127/><T40/><D40/><N who="1" m="24871" /><E134/><V57/><F125/><W67/><G61/><N who="0" m="35991" /><D124/><U15/><E2/><V24/><F130/><W51/><G51/><T105/><D105/><U42/><E42/><V74/><F74/><W66/><G66/><T72/><D72/><U103/><E103/><V126/><F126/><W78/><G81/><N who="0" m="49423" /><D7/><N who="1" m="3519" /><E131/><V101/><F112/><W43/><G43/><T75/><D75/><U46/><E46/><V53/><F101/><W87/><G87/><T47/><D8/><U114/><E23/><V64/><F14/><AGARI ba="2,3" hai="10,14,16,47,49,55,98,99" m="49423,35991" machi="14" ten="30,7700,0" yaku="25,1,8,1,52,1,54,1" doraHai="82" who="0" fromWho="2" sc="267,113,212,0,278,-83,213,0" owari="380,48,212,-19,195,-30,213,1" /></mjloggm>