<mjloggm ver="2.3"><GO type="41"/><UN n0="%E3%81%BF%E3%81%B2%E3%82%83%E3%81%88%E3%82%8B" n1="%E5%86%A5%E7%95%8C%E3%81%AE%E9%AD%94%E7%8E%8B" n2="%E3%88%B1%E3%81%9F%E3%82%8B%E3%81%9F%E3%82%8B" n3="%E3%82%A6%E3%83%AB%E3%83%88%E3%83%A9%E7%AB%8B%E7%9B%B4" dan="13,14,14,14" rate="1839,1975,1894,1912" sx="M,M,M,M"/><TAIKYOKU oya="0"/><INIT seed="0,0,0,4,3,64" ten="250,250,250,250" oya="0" hai0="132,17,25,9,35,30,130,29,68,88,86,19,52" hai1="96,117,97,65,121,16,123,45,23,104,42,31,115" hai2="93,53,109,105,48,51,133,15,102,43,41,92,83" hai3="63,27,91,107,116,110,50,6,112,74,67,61,10"/><T108/><D132/><U13/><E117/><V122/><F122/><W20/><G116/><T12/><D68/><U4/><E115/><V79/><F105/><W56/><G112/><T62/><D130/><U118/><E118/><V44/><F133/><W94/><G107/><T71/><D108/><U125/><E125/><V7/><F109/><W38/><G38/><T82/><D71/><U34/><E4/><V70/><F70/><W55/><G74/><T60/><D35/><U47/><E47/><V2/><F2/><W24/><G110/><T77/><D77/><U22/><E65/><V28/><F28/><W37/><G37/><T127/><D127/><U73/><E73/><V46/><F53/><W113/><G113/><T85/><D86/><U33/><E33/><V89/><F102/><W101/><G101/><T90/><D90/><U98/><E34/><V78/><F89/><W0/><G20/><N who="0" m="13455" /><D60/><U126/><E126/><V18/><F7/><W100/><G100/><T32/><D32/><U134/><E134/><V111/><F111/><W1/><G1/><T59/><AGARI ba="0,0" hai="9,12,19,29,30,52,59,62,82,85,88" m="13455" machi="59" ten="30,6000,0" yaku="8,1,54,2" doraHai="64" who="0" fromWho="0" sc="250,60,250,-20,250,-20,250,-20" /><INIT seed="0,1,0,2,3,126" ten="310,230,230,230" oya="0" hai0="40,73,21,92,131,63,104,132,80,101,120,62,70" hai1="35,64,82,117,22,68,59,125,4,118,13,29,11" hai2="0,102,100,108,3,123,98,93,95,45,76,128,110" hai3="113,14,49,60,24,58,105,26,81,52,66,47,90"/><T65/><D120/><U77/><E68/><V8/><F123/><W67/><G105/><T72/><D132/><U43/><E125/><V31/><F31/><W20/><G113/><T17/><D40/><U38/><E35/><V55/><F45/><W27/><G67/><T33/><D80/><U7/><E7/><V28/><F28/><W19/><G81/><T89/><D63/><U107/><E107/><V134/><F55/><W83/><G83/><T74/><D33/><U111/><E43/><V50/><F50/><W44/><G90/><T10/><D10/><U121/><E38/><V54/><F54/><W5/><REACH who="3" step="1"/><G47/><REACH who="3" step="2"/><T91/><D104/><U84/><E121/><V37/><F134/><W112/><G112/><T41/><D41/><U85/><E118/><V39/><F76/><W18/><G18/><T94/><D101/><U6/><E117/><V25/><F8/><AGARI ba="1,1" hai="5,8,14,19,20,24,26,27,44,49,52,58,60,66" machi="8" ten="40,5200,0" yaku="1,1,8,1,54,1,53,0" doraHai="126" doraHaiUra="69" who="3" fromWho="2" sc="310,0,230,0,230,-55,220,65" /><INIT seed="1,0,0,5,3,60" ten="310,230,175,285" oya="1" hai0="96,118,89,19,17,47,126,108,33,3,125,78,134" hai1="53,68,110,105,114,116,86,121,7,42,66,40,74" hai2="88,58,75,111,131,29,15,37,112,113,18,28,128" hai3="55,9,99,56,10,94,120,72,101,48,80,102,50"/><U43/><E74/><V2/><F37/><W63/><G120/><T6/><D78/><U41/><E105/><V45/><F75/><W84/><G72/><T61/><D61/><U133/><E7/><V67/><F45/><W123/><G101/><T11/><D47/><U100/><E100/><V38/><F38/><W54/><G123/><T39/><D96/><U30/><E30/><N who="2" m="11883" /><F88/><W87/><G87/><T90/><D39/><U82/><E121/><V79/><F79/><W26/><G26/><T124/><D118/><U44/><E116/><V129/><F58/><N who="3" m="33095" /><G50/><T91/><D134/><U8/><E8/><N who="2" m="6503" /><F111/><W34/><G34/><T104/><D104/><U64/><E110/><V21/><F67/><N who="1" m="25641" /><E133/><V51/><F51/><W127/><G102/><T27/><D108/><U32/><E32/><V132/><F132/><W97/><G63/><T12/><D33/><U73/><E73/><V1/><F21/><W69/><G10/><T81/><D81/><U98/><E98/><V122/><F122/><W22/><G9/><T62/><D3/><AGARI ba="0,0" hai="1,2,3,112,113,128,129,131" m="6503,11883" machi="3" ten="40,5200,0" yaku="19,1,34,2" doraHai="60" who="2" fromWho="0" sc="310,-52,230,0,175,52,285,0" /><INIT seed="2,0,0,1,0,45" ten="258,230,227,285" oya="2" hai0="132,96,112,81,59,39,29,92,6,64,25,2,128" hai1="22,134,116,108,107,129,88,51,98,109,26,105,72" hai2="11,15,9,83,86,30,4,95,133,90,125,40,38" hai3="16,53,1,58,73,121,97,89,82,69,122,49,135"/><V80/><F133/><W77/><G1/><T28/><D39/><U10/><E116/><V3/><F125/><W104/><G69/><T110/><D112/><U57/><E72/><V62/><F30/><W36/><G36/><T111/><D128/><U126/><E134/><V76/><F62/><W18/><G135/><T5/><D81/><U118/><E118/><V124/><F124/><W101/><G18/><T106/><D106/><U42/><E126/><V52/><F38/><W12/><REACH who="3" step="1"/><G89/><REACH who="3" step="2"/><T120/><D132/><U117/><E117/><V46/><F40/><W19/><G19/><T37/><D37/><U14/><E129/><V17/><F76/><W65/><G65/><T31/><D120/><U7/><E42/><V47/><F80/><W43/><G43/><T123/><D123/><U119/><E119/><V24/><F95/><W100/><G100/><T44/><D2/><U68/><E68/><V32/><F32/><W127/><G127/><T91/><D110/><N who="1" m="42603" /><E88/><V55/><F24/><W41/><G41/><T27/><D44/><U102/><E102/><V85/><F3/><W20/><AGARI ba="0,1" hai="12,16,20,49,53,58,73,77,82,97,101,104,121,122" machi="20" ten="20,8000,1" yaku="1,1,0,1,7,1,52,1,54,1,53,0" doraHai="45" doraHaiUra="87" who="3" fromWho="3" sc="258,-20,230,-20,227,-40,275,90" /><INIT seed="3,0,0,1,4,60" ten="238,210,187,365" oya="3" hai0="99,8,106,109,116,95,121,71,33,0,10,45,77" hai1="118,12,18,50,6,52,132,100,97,41,67,74,73" hai2="14,5,91,122,20,66,130,15,64,51,78,133,108" hai3="26,21,98,115,13,27,86,7,105,92,85,11,93"/><W55/><G115/><T76/><D121/><U44/><E118/><V103/><F122/><W90/><G105/><T114/><D116/><U124/><E132/><V120/><F120/><W101/><G55/><T131/><D131/><U43/><E6/><V81/><F130/><W31/><G26/><T117/><D117/><U30/><E124/><V2/><F133/><W3/><G3/><T38/><D114/><U129/><E129/><V22/><F2/><W135/><G135/><T63/><D109/><U96/><E96/><AGARI ba="0,0" hai="7,11,13,21,27,31,85,86,90,92,93,96,98,101" machi="96" ten="30,2900,0" yaku="7,1,8,1" doraHai="60" who="3" fromWho="1" sc="238,0,210,-29,187,0,365,29" /><INIT seed="3,1,0,3,3,24" ten="238,181,187,394" oya="3" hai0="91,63,87,89,86,85,79,43,27,126,0,6,28" hai1="69,13,75,130,42,62,53,92,90,12,112,113,115" hai2="119,49,3,96,124,102,31,32,36,94,33,71,128" hai3="25,123,40,2,84,133,51,16,73,129,18,46,52"/><W17/><G73/><T118/><D118/><U14/><E75/><V20/><F119/><W19/><G123/><T121/><D121/><U38/><E38/><V131/><F36/><W122/><G122/><T83/><D126/><U99/><E42/><V10/><F71/><W98/><G2/><T111/><D111/><U55/><E130/><V80/><F124/><W104/><G129/><N who="2" m="49737" /><F80/><W22/><G133/><T61/><D43/><U77/><E77/><V66/><F66/><W95/><G104/><T103/><D6/><U134/><E134/><V125/><F49/><W65/><G65/><T34/><D0/><U70/><REACH who="1" step="1"/><E62/><REACH who="1" step="2"/><V88/><F125/><W54/><REACH who="3" step="1"/><G84/><REACH who="3" step="2"/><T57/><D103/><AGARI ba="1,2" hai="16,17,18,19,22,25,40,46,51,52,54,95,98,103" machi="103" ten="40,18000,2" yaku="1,1,2,1,8,1,54,2,53,1" doraHai="24" doraHaiUra="47" who="3" fromWho="0" sc="238,-183,171,0,187,0,384,203" /><INIT seed="3,2,0,4,5,52" ten="55,171,187,587" oya="3" hai0="49,118,125,58,50,33,82,124,28,127,3,32,123" hai1="61,53,41,78,73,30,47,76,26,56,38,34,114" hai2="119,64,31,81,96,40,106,12,75,130,23,46,91" hai3="70,94,20,17,132,135,129,107,4,89,85,35,27"/><W104/><G70/><T51/><D82/><U67/><E114/><V11/><F119/><W37/><G37/><T77/><D77/><U2/><E2/><V102/><F130/><W115/><G115/><T15/><D118/><U39/><E39/><V60/><F31/><W74/><G74/><T57/><D3/><U92/><E73/><V110/><F23/><W131/><G4/><T105/><D15/><U13/><E13/><V44/><F110/><W14/><G14/><T9/><D9/><U66/><E66/><V0/><F0/><W69/><G35/><T99/><D123/><U19/><E19/><V121/><F121/><W126/><G69/><T122/><D122/><U16/><E16/><V10/><F75/><W72/><G72/><T18/><D18/><U6/><E6/><V63/><F91/><W62/><G62/><T116/><D116/><U43/><E43/><V8/><F81/><W101/><G107/><T87/><D87/><U84/><E67/><V108/><F108/><W68/><G68/><T25/><D33/><U111/><E111/><V21/><F21/><W79/><G79/><T42/><D42/><U86/><E86/><V134/><F134/><N who="3" m="51243" /><G101/><AGARI ba="2,0" hai="25,28,32,49,50,51,57,58,99,101,105,124,125,127" machi="101" ten="50,6400,0" yaku="18,1,52,2" doraHai="52" who="0" fromWho="3" sc="55,70,171,0,187,0,587,-70" /><INIT seed="4,0,0,0,2,38" ten="125,171,187,517" oya="0" hai0="85,62,127,99,28,69,79,23,43,81,64,24,26" hai1="84,67,30,121,116,57,14,74,125,103,32,108,78" hai2="124,133,25,77,91,19,83,11,5,55,36,117,59" hai3="15,56,120,50,90,123,98,7,93,21,122,118,42"/><T73/><D127/><U13/><E121/><V107/><F124/><W22/><G118/><T12/><D12/><U111/><E125/><V100/><F117/><W135/><G135/><T66/><D66/><U106/><E116/><V29/><F133/><W45/><G56/><T72/><D43/><U86/><E57/><V48/><F36/><W102/><G7/><T131/><D131/><U1/><E67/><V97/><F91/><W18/><G90/><T58/><D69/><U34/><E30/><V52/><F19/><W40/><G22/><T129/><D129/><U87/><E1/><V89/><F89/><W126/><G126/><T75/><D72/><U53/><E53/><AGARI ba="0,0" hai="15,18,21,40,42,45,50,53,93,98,102,120,122,123" machi="53" ten="40,5200,0" yaku="13,1,52,2" doraHai="38" who="3" fromWho="1" sc="125,0,171,-52,187,0,517,52" /><INIT seed="5,0,0,5,3,31" ten="125,119,187,569" oya="1" hai0="12,114,10,36,27,38,124,115,39,85,123,110,65" hai1="133,89,13,116,125,94,107,95,121,102,66,128,47" hai2="78,1,77,71,126,49,69,91,103,20,11,37,22" hai3="29,63,9,99,25,32,75,134,135,15,92,90,88"/><U40/><E121/><V86/><F37/><N who="0" m="9474" /><T112/><DORA hai="44" /><D65/><U109/><E116/><V117/><F117/><W4/><G75/><T82/><D110/><U111/><E66/><V21/><F103/><W43/><G43/><T0/><D123/><U34/><E34/><V73/><F126/><W96/><G63/><T5/><D27/><U70/><E70/><V23/><F20/><W30/><G30/><T53/><D53/><U108/><E125/><V104/><F104/><W80/><G80/><T127/><D85/><U6/><E128/><V26/><F26/><W24/><G24/><T81/><D12/><U76/><E76/><V118/><F118/><W84/><G84/><T28/><D28/><U64/><E64/><V83/><F49/><W130/><G130/><T8/><D5/><U67/><E67/><V35/><F35/><W52/><G52/><T113/><N who="0" m="29184" /><DORA hai="61" /><T33/><D0/><U131/><E131/><V50/><F73/><W54/><G54/><T16/><D33/><U42/><E47/><V17/><F1/><W122/><G122/><T106/><D106/><U58/><E58/><V41/><F69/><W100/><G100/><T72/><D72/><U87/><E107/><V60/><F71/><W56/><G56/><T2/><D2/><U120/><E120/><V46/><F60/><W7/><G7/><T68/><D68/><U55/><E55/><V129/><F129/><W93/><AGARI ba="0,0" hai="4,9,15,25,29,32,88,90,92,93,96,99,134,135" machi="93" ten="30,7900,0" yaku="0,1,9,1,52,1,54,1" doraHai="31,44,61" who="3" fromWho="3" sc="125,-20,119,-39,187,-20,569,79" /><INIT seed="6,0,0,2,5,126" ten="105,80,167,648" oya="2" hai0="25,6,112,80,48,32,86,96,97,76,57,116,13" hai1="128,4,81,115,63,91,107,41,113,121,105,64,123" hai2="118,21,44,17,87,47,19,102,15,133,65,109,101" hai3="8,53,54,89,22,23,20,94,124,132,104,58,77"/><V108/><F118/><W60/><G104/><T84/><D116/><U93/><E4/><V134/><F65/><W29/><G124/><T122/><D112/><N who="1" m="43083" /><E41/><V3/><F3/><W88/><G132/><N who="2" m="50793" /><F87/><W56/><G77/><T75/><D122/><N who="1" m="46603" /><E63/><V62/><F62/><N who="3" m="36111" /><G8/><T59/><D75/><U61/><E61/><V92/><F92/><W110/><G110/><N who="2" m="42601" /><F19/><W12/><G12/><T36/><D36/><U103/><E64/><V73/><F73/><W43/><G43/><T1/><D1/><U67/><E67/><V5/><F5/><W74/><G74/><T71/><D71/><U9/><E9/><V66/><F66/><W37/><G37/><T42/><D25/><U28/><E28/><V120/><F120/><W82/><G82/><T55/><D32/><U100/><E81/><V27/><F27/><N who="3" m="16615" /><G89/><T33/><D33/><U70/><E70/><V85/><F85/><AGARI ba="0,0" hai="22,23,54,58,60,85,88,94" m="16615,36111" machi="85" ten="30,2000,0" yaku="8,1,54,1" doraHai="126" who="3" fromWho="2" sc="105,0,80,0,167,-20,648,20" /><INIT seed="7,0,0,2,5,121" ten="105,80,147,668" oya="3" hai0="54,113,100,88,46,99,34,5,87,33,1,25,71" hai1="70,26,48,73,135,67,85,10,112,56,58,128,62" hai2="60,125,4,27,110,134,44,91,22,24,116,124,84" hai3="6,17,77,81,9,47,53,45,51,12,122,96,39"/><W104/><G122/><T50/><D113/><U32/><E73/><V40/><F110/><W19/><G104/><T66/><D5/><U129/><E112/><V57/><F116/><W31/><G31/><T30/><D1/><U133/><E10/><V90/><F134/><N who="1" m="51209" /><E85/><V38/><F4/><W36/><G36/><T86/><D34/><U52/><E32/><V15/><F15/><W109/><G109/><T20/><D20/><U23/><E23/><V78/><F78/><W127/><G127/><N who="2" m="48713" /><F22/><W102/><G39/><T65/><D86/><U95/><E95/><N who="2" m="54727" /><F91/><W28/><G28/><T93/><REACH who="0" step="1"/><D71/><REACH who="0" step="2"/><U61/><E26/><V7/><F7/><W117/><G117/><T72/><D72/><U37/><E37/><V21/><F21/><W59/><G6/><T29/><D29/><U105/><E105/><AGARI ba="0,1" hai="25,30,33,46,50,54,65,66,87,88,93,99,100,105" machi="105" ten="30,3900,0" yaku="1,1,7,1,54,1,53,0" doraHai="121" doraHaiUra="3" who="0" fromWho="1" sc="95,49,80,-39,147,0,668,0" owari="144,-26,41,-46,147,-5,668,77" /></mjloggm>