<mjloggm ver="2.3"><GO type="193"/><UN n0="%E6%9C%AB%E5%B0%BE%45" n1="%E3%81%82%E3%82%8B%E3%81%B1%E3%81%8B%E3%81%B1%E3%81%8B" n2="%E5%9B%9B%E8%91%89" n3="%E3%82%A6%E3%83%AB%E3%83%88%E3%83%A9%E7%AB%8B%E7%9B%B4" dan="12,12,12,12" rate="1650,1653,1645,1802" sx="M,M,F,M"/><TAIKYOKU oya="0"/><INIT seed="0,0,0,0,5,13" ten="250,250,250,250" oya="0" hai0="112,23,106,30,9,98,58,33,94,51,103,134,128" hai1="130,109,129,88,24,34,36,133,21,72,49,84,132" hai2="59,10,22,28,55,27,46,47,37,114,89,53,4" hai3="123,108,90,38,125,48,93,52,86,131,77,15,40" shuffle="mt19937ar,F5ACFCF3,AD3E3131,397BD2D4,6E2F530F,B5ADA469,8475D160,ED54307E,600B1769"/><T7/><D112/><U31/><E36/><V120/><F120/><W126/><G123/><T74/><D74/><U39/><E39/><V62/><F114/><W87/><G40/><T122/><D122/><U110/><E72/><V75/><F75/><W20/><G38/><T50/><D134/><N who="1" m="51819" /><E34/><V66/><F89/><W83/><G131/><N who="1" m="50186" /><E49/><N who="0" m="18441" /><D128/><U64/><E64/><V32/><F32/><W26/><G108/><N who="1" m="41578" /><E84/><V1/><F37/><W60/><G60/><T2/><D33/><U119/><E88/><V111/><REACH who="2" step="1"/><F111/><REACH who="2" step="2"/><W79/><G79/><T97/><D106/><U45/><E45/><AGARI ba="0,1" hai="1,4,10,22,27,28,45,46,47,53,55,59,62,66" machi="45" ten="40,5200,0" yaku="1,1,2,1,53,1" doraHai="13" doraHaiUra="19" who="2" fromWho="1" sc="250,0,250,-52,240,62,250,0" /><INIT seed="1,0,0,4,5,90" ten="250,198,302,250" oya="1" hai0="124,89,56,39,116,130,54,71,34,73,49,1,80" hai1="75,53,9,92,5,94,50,7,29,59,100,42,43" hai2="37,104,84,101,77,14,17,69,0,18,26,52,24" hai3="87,99,65,22,115,96,111,40,79,98,27,114,3" shuffle="mt19937ar,DB921258,4AD68906,F569EADB,924B315B,FDEF5F92,C2FE08AF,4E8EFA86,C9EED1B1"/><U81/><E75/><V91/><F37/><W135/><G3/><T83/><D116/><U23/><E81/><N who="0" m="31305" /><D34/><U76/><E76/><V30/><F69/><W64/><G79/><T60/><D1/><U19/><E100/><V113/><F113/><W13/><G87/><T8/><D73/><U74/><E74/><V93/><F0/><W95/><G115/><T48/><D71/><U129/><E129/><V55/><F77/><W61/><G114/><T112/><D39/><U122/><E122/><V45/><F104/><W85/><G135/><T72/><D72/><U125/><E125/><V119/><F119/><W4/><G111/><T6/><D112/><U109/><E109/><V20/><F101/><W36/><G36/><T35/><D35/><U33/><E33/><V123/><F123/><W97/><G40/><N who="1" m="15402" /><E9/><V25/><F45/><W16/><G85/><T66/><D130/><U105/><E29/><V41/><F41/><W102/><G61/><T103/><D124/><U46/><E46/><V21/><REACH who="2" step="1"/><F26/><REACH who="2" step="2"/><W28/><REACH who="3" step="1"/><G4/><REACH who="3" step="2"/><N who="1" m="1610" /><E105/><V82/><F82/><W107/><G107/><T127/><D127/><U110/><E110/><V58/><F58/><W120/><G120/><T126/><D126/><U106/><E106/><V131/><F131/><W86/><G86/><T68/><D6/><U128/><E128/><V62/><F62/><W38/><G38/><T15/><D60/><U121/><E121/><V117/><F117/><W32/><AGARI ba="0,2" hai="13,16,22,27,28,32,64,65,95,96,97,98,99,102" machi="32" ten="30,7900,0" yaku="1,1,0,1,52,1,54,1,53,0" doraHai="90" doraHaiUra="108" who="3" fromWho="3" sc="250,-20,198,-39,292,-20,240,99" /><INIT seed="2,0,0,3,2,101" ten="230,159,272,339" oya="2" hai0="121,37,87,132,88,95,48,75,86,81,8,3,9" hai1="59,73,61,35,114,83,34,16,104,29,105,41,25" hai2="117,109,118,28,72,42,67,32,125,21,134,66,11" hai3="106,64,17,22,65,98,108,31,30,123,40,7,45" shuffle="mt19937ar,EE97636D,0D02DED5,1827949C,6481A6A3,02E71FF6,132969E7,77DB5316,50A7AD33"/><V39/><F72/><W26/><G123/><T82/><D121/><U135/><E114/><V50/><F11/><W51/><G106/><T92/><D132/><U56/><E135/><V76/><F76/><W15/><G98/><T1/><D37/><U122/><E122/><V24/><F134/><W5/><G108/><T62/><D62/><U23/><E41/><V116/><F109/><W47/><G47/><T53/><D75/><U27/><E35/><V110/><F110/><W130/><G130/><T19/><D19/><U84/><E73/><V93/><F93/><W80/><G80/><T46/><D1/><U74/><E74/><V133/><F133/><W43/><G43/><T38/><D3/><U44/><E44/><V63/><F125/><W18/><G7/><T12/><D38/><U129/><E129/><V79/><F79/><W13/><G5/><T70/><D70/><U49/><E49/><V94/><F94/><W102/><G102/><T103/><D103/><U113/><E113/><V97/><F97/><W100/><G100/><T126/><D126/><U127/><E127/><V91/><F91/><W89/><G89/><T71/><D71/><U14/><E14/><N who="3" m="5130" /><G30/><T6/><D9/><U131/><E131/><V90/><F90/><AGARI ba="0,0" hai="6,8,12,46,48,53,81,82,86,87,88,90,92,95" machi="90" ten="30,7700,0" yaku="7,1,9,1,8,1,54,1" doraHai="101" who="0" fromWho="2" sc="230,77,159,0,272,-77,339,0" /><INIT seed="3,0,0,4,2,107" ten="307,159,195,339" oya="3" hai0="112,30,115,89,43,127,48,113,45,86,62,90,131" hai1="0,31,50,37,87,116,106,40,95,42,53,124,20" hai2="19,46,54,3,6,28,57,12,129,23,92,76,44" hai3="91,109,59,101,17,93,118,34,105,98,29,77,2" shuffle="mt19937ar,7485C560,026344B9,AEAB13A5,8EC909E7,2ED7FA3F,F1608104,EDF91C7A,FCCCD0A7"/><W33/><G2/><T117/><D117/><U70/><E106/><V1/><F129/><W11/><G118/><T7/><D7/><U83/><E116/><V114/><F114/><W126/><G77/><T39/><D131/><U75/><E70/><V52/><F76/><W22/><G126/><T73/><D127/><U32/><E124/><V79/><F79/><W24/><G109/><T128/><D128/><U13/><E32/><V4/><F92/><W14/><G59/><T61/><D30/><U102/><E0/><V74/><F74/><W104/><G104/><T134/><D134/><U66/><E66/><V71/><F71/><W36/><G36/><T133/><D133/><U5/><E75/><V41/><F3/><W125/><G125/><T38/><D62/><U81/><E37/><V119/><F119/><W26/><G26/><T100/><D100/><U68/><E68/><V108/><F108/><W84/><AGARI ba="0,0" hai="11,14,17,22,24,29,33,34,84,91,93,98,101,105" machi="84" ten="20,2100,0" yaku="0,1,7,1" doraHai="107" who="3" fromWho="3" sc="307,-7,159,-7,195,-7,339,21" owari="300,5,152,-25,188,-16,360,36" /></mjloggm>