<mjloggm ver="2.3"><GO type="97"/><UN n0="%E7%8B%82%E4%BA%BA" n1="%E3%81%8D%E3%81%82%E3%81%84" n2="%E3%82%A6%E3%83%AB%E3%83%88%E3%83%A9%E7%AB%8B%E7%9B%B4" n3="%7A%65%6C%64%69%6E%61" dan="15,14,13,14" rate="1913,1929,1821,1943" sx="M,M,M,M"/><TAIKYOKU oya="0"/><INIT seed="0,0,0,4,4,54" ten="250,250,250,250" oya="0" hai0="29,16,129,101,65,55,84,98,88,81,3,90,85" hai1="131,19,45,113,31,11,80,82,36,15,70,32,5" hai2="86,63,94,26,107,57,4,125,49,121,91,97,111" hai3="123,104,92,117,109,35,79,119,34,66,102,43,50" shuffle="mt19937ar,B85B87F0,7A561171,B44ABAD4,3DBC780F,B309619F,9B36AC1D,E8F3E888,825D2707"/><T61/><D3/><U23/><E70/><V73/><F121/><W135/><G104/><T38/><D38/><U72/><E113/><V132/><F4/><W76/><G66/><T110/><D129/><U52/><E131/><V13/><F13/><W53/><G43/><T96/><D29/><U6/><E36/><V69/><F69/><W18/><G135/><T127/><D127/><U115/><E115/><V62/><F125/><W28/><G123/><T112/><D65/><U10/><E72/><V51/><F132/><W78/><G109/><T25/><D112/><U14/><E32/><V108/><F73/><W27/><G18/><T103/><D110/><N who="2" m="42026" /><F26/><W124/><G124/><T8/><D103/><U33/><E33/><V60/><F107/><W77/><G35/><T116/><D101/><U1/><E31/><V58/><F97/><W120/><N who="3" m="19968" /><DORA hai="24" /><W68/><G68/><T56/><D116/><U41/><E41/><V37/><F37/><W64/><G64/><T130/><D130/><U114/><E114/><V40/><F51/><W2/><G2/><T83/><D25/><U71/><E71/><V128/><F128/><W59/><REACH who="3" step="1"/><G120/><REACH who="3" step="2"/><T39/><D39/><U122/><E122/><V22/><F22/><W42/><G42/><T118/><D118/><U106/><E106/><V99/><F99/><AGARI ba="0,1" hai="27,28,34,50,53,59,92,99,102,117,119" m="19968" machi="99" ten="50,8000,1" yaku="1,1,52,2,53,1" doraHai="54,24" doraHaiUra="30,7" who="3" fromWho="2" sc="250,0,250,0,250,-80,240,90" /><INIT seed="1,0,0,0,3,37" ten="250,250,170,330" oya="1" hai0="62,29,105,123,39,95,30,31,104,18,83,47,52" hai1="102,124,70,113,125,71,107,46,74,33,118,109,66" hai2="133,130,78,51,100,34,81,116,7,132,27,63,2" hai3="11,40,25,80,44,16,94,89,98,68,131,128,36" shuffle="mt19937ar,FAE38157,71A29BF6,E4DD1E88,F9EED653,B8E3CCD6,B9237635,92525296,2124C958"/><U14/><E33/><V101/><F116/><W86/><G68/><N who="1" m="26154" /><E66/><V112/><F63/><W48/><G36/><T115/><D115/><U134/><E113/><V57/><F112/><W23/><REACH who="3" step="1"/><G11/><REACH who="3" step="2"/><T5/><D123/><U127/><E118/><V121/><F121/><W6/><G6/><T92/><D5/><U53/><E109/><V28/><F130/><W108/><G108/><T73/><D39/><U54/><E134/><N who="2" m="51819" /><F7/><W69/><G69/><T64/><D31/><U0/><E0/><V56/><F2/><W93/><G93/><T106/><D30/><U75/><E107/><V111/><F111/><W84/><G84/><T41/><D29/><U32/><E32/><V1/><F1/><W90/><AGARI ba="0,1" hai="16,23,25,40,44,48,80,86,89,90,94,98,128,131" machi="90" ten="30,8000,1" yaku="1,1,0,1,52,1,54,1,53,1" doraHai="37" doraHaiUra="43" who="3" fromWho="3" sc="250,-20,250,-40,170,-20,320,90" /><INIT seed="2,0,0,4,1,77" ten="230,210,150,410" oya="2" hai0="22,67,102,113,116,99,2,135,56,54,131,86,132" hai1="4,60,133,111,97,79,44,128,0,98,71,43,25" hai2="46,63,18,14,129,61,80,30,53,68,27,103,36" hai3="88,52,9,117,107,108,82,110,119,75,93,106,114" shuffle="mt19937ar,119B14B1,E412E3CF,124C4B17,9454A043,904F8BE9,84D32709,4DDEECCA,2C3E80D1"/><V85/><F129/><W12/><G114/><T59/><D2/><U130/><E111/><N who="3" m="42538" /><G52/><T24/><D131/><U95/><E133/><N who="0" m="51273" /><D113/><U121/><E121/><V78/><F68/><W33/><G33/><T83/><D67/><U115/><E115/><V38/><F103/><W1/><G1/><T123/><D54/><U23/><E60/><V28/><F38/><W5/><G82/><T48/><D48/><U6/><E71/><V40/><F53/><W134/><G75/><T84/><D84/><U20/><E0/><V41/><F41/><W37/><G37/><T42/><D42/><U49/><E79/><V55/><F55/><W17/><G134/><T39/><D39/><U118/><E118/><N who="3" m="45066" /><G5/><T69/><D116/><U62/><E62/><V81/><F81/><W105/><G105/><N who="0" m="63711" /><D123/><U101/><E130/><V109/><F109/><W70/><G70/><T72/><D72/><U7/><E128/><V126/><F126/><W8/><G8/><T104/><D104/><U87/><E25/><V19/><F19/><W94/><G94/><T45/><D69/><U31/><E31/><V65/><F65/><W3/><G3/><T92/><D92/><U29/><E29/><V89/><F78/><W91/><G93/><T73/><D73/><U50/><E50/><V21/><REACH who="2" step="1"/><F30/><REACH who="2" step="2"/><W58/><G58/><T34/><D59/><U35/><E101/><V16/><F16/><W10/><G17/><N who="0" m="12367" /><D56/><U57/><E57/><V47/><F47/><W15/><G107/><T112/><D45/><U66/><E44/><V122/><F122/><W64/><G106/><T26/><D112/><RYUUKYOKU ba="0,1" sc="230,-10,210,-10,140,30,410,-10" hai2="14,18,21,27,28,36,40,46,61,63,80,85,89" /><INIT seed="2,1,1,0,5,44" ten="220,200,170,400" oya="2" hai0="0,8,12,118,123,126,24,39,89,18,71,43,22" hai1="32,110,120,99,127,128,76,90,131,30,94,31,117" hai2="59,81,135,125,95,132,84,41,78,124,35,4,7" hai3="15,104,133,58,55,119,14,75,116,92,13,10,83" shuffle="mt19937ar,680F550D,F2D8818C,8CB6886C,167F69B8,38B1F6D1,B9E55AE3,75DD4091,75C68BC8"/><V108/><F35/><W113/><G104/><T91/><D123/><U106/><E120/><V33/><F33/><W19/><G133/><N who="2" m="51273" /><F41/><W48/><G113/><T66/><D118/><U115/><E117/><V53/><F95/><W26/><G92/><T69/><D0/><U6/><E115/><V25/><F25/><W86/><G75/><T42/><D42/><U49/><E106/><V45/><F45/><W17/><G119/><T102/><D102/><U88/><E32/><V97/><F97/><W46/><G116/><T56/><D71/><U11/><E76/><V82/><F82/><W5/><G26/><T112/><D69/><U23/><E90/><V16/><F16/><N who="3" m="6219" /><G58/><T52/><D112/><U63/><E63/><N who="2" m="36335" /><F108/><W67/><G67/><T79/><D66/><U77/><E110/><V114/><F114/><W36/><G36/><T96/><D96/><U73/><E31/><V72/><F72/><W29/><G29/><T121/><D121/><U38/><E30/><V111/><F111/><W93/><G93/><T103/><D103/><U129/><E38/><V65/><F65/><W109/><G109/><T105/><D105/><U107/><E107/><V54/><F54/><W87/><G87/><T21/><D24/><U28/><E73/><V37/><F37/><W98/><G98/><T62/><D22/><U3/><E94/><V60/><F60/><W34/><G34/><T101/><D21/><U2/><E99/><V57/><F57/><W80/><G80/><T9/><D39/><U20/><E20/><V50/><F50/><W70/><G70/><T130/><D101/><RYUUKYOKU ba="1,1" sc="220,-15,200,-15,170,15,400,15" hai2="4,7,78,81,84,124,125" hai3="5,10,13,14,15,46,48,55,83,86" /><INIT seed="2,2,1,1,1,99" ten="205,185,185,415" oya="2" hai0="90,129,82,105,122,103,69,16,20,104,45,5,51" hai1="117,67,118,64,25,43,65,94,133,134,41,23,116" hai2="112,115,89,6,40,27,79,107,120,128,87,58,62" hai3="111,83,3,66,30,47,15,132,108,113,86,75,22" shuffle="mt19937ar,C227A6C9,230F32FA,8BC91897,2D337374,AF95396E,0A68A36A,16F98802,40969401"/><V131/><F40/><N who="1" m="15433" /><E94/><V74/><F107/><W52/><G3/><T110/><D69/><U12/><E12/><V73/><F6/><W19/><G75/><N who="2" m="28681" /><F27/><W17/><G132/><N who="1" m="50794" /><E25/><V78/><F58/><W93/><G93/><T123/><D5/><U88/><E23/><V26/><F62/><W14/><G30/><T35/><D35/><U18/><E18/><V71/><F71/><W109/><G66/><T50/><D105/><U85/><E85/><V34/><F34/><W95/><G95/><T10/><D10/><U119/><N who="1" m="30208" /><DORA hai="126" /><U2/><E88/><V29/><F26/><W84/><G113/><N who="2" m="43593" /><F29/><W124/><G124/><T100/><D104/><U56/><E2/><V91/><F120/><W44/><G84/><T127/><D123/><U55/><E67/><V92/><F89/><W106/><G106/><T59/><D122/><U121/><E121/><V96/><F79/><W42/><G19/><T32/><D16/><U80/><E80/><AGARI ba="2,1" hai="78,80,87,91,92,96,128,131" m="43593,28681" machi="80" ten="40,12000,1" yaku="34,2,52,2" doraHai="99,126" who="2" fromWho="1" sc="205,0,185,-126,185,136,415,0" /><INIT seed="2,3,0,5,3,73" ten="205,59,321,415" oya="2" hai0="90,82,57,84,115,15,52,36,44,108,11,62,130" hai1="0,87,79,101,41,31,100,74,95,23,83,8,88" hai2="28,30,64,92,39,113,50,104,75,7,56,128,132" hai3="37,29,122,76,114,38,17,59,25,111,78,61,107" shuffle="mt19937ar,5FCED23F,610D77D5,68197FD0,15B87035,37FE8810,94E382FB,CA2936D5,2AFB3AF3"/><V94/><F104/><W47/><G107/><T63/><D115/><U53/><E31/><V123/><F39/><W131/><G122/><T34/><D108/><U102/><E23/><V119/><F123/><W32/><G111/><T126/><D126/><U69/><E69/><V124/><F113/><W77/><G131/><T68/><D34/><U35/><E35/><V134/><F119/><W48/><G17/><T20/><D130/><U118/><E118/><V93/><F75/><W22/><G32/><T4/><D20/><U6/><E53/><V72/><F72/><W14/><G14/><T91/><D68/><U49/><E49/><V33/><F128/><W112/><G112/><T54/><D36/><U105/><REACH who="1" step="1"/><E41/><REACH who="1" step="2"/><V58/><F33/><W9/><G114/><T133/><D63/><U43/><E43/><V3/><F124/><W10/><G38/><T106/><D54/><U55/><E55/><V19/><F50/><W45/><G37/><T86/><D44/><N who="3" m="16969" /><G48/><T13/><D11/><U12/><E12/><V42/><F42/><W98/><G10/><T60/><D60/><U110/><E110/><V46/><F46/><W116/><G9/><T21/><D15/><U81/><E81/><V18/><F30/><W51/><G51/><T5/><D13/><U71/><E71/><V26/><F28/><W67/><G116/><T16/><D62/><U27/><E27/><V85/><F26/><W70/><G70/><T96/><D21/><U127/><E127/><V89/><F56/><W2/><G2/><T40/><D57/><U24/><E24/><V109/><F58/><RYUUKYOKU ba="3,1" sc="205,-15,49,15,321,-15,415,15" hai1="0,6,8,74,79,83,87,88,95,100,101,102,105" hai3="22,25,29,59,61,67,76,77,78,98" /><INIT seed="3,4,1,5,5,76" ten="190,64,306,430" oya="3" hai0="35,91,22,14,98,106,46,80,43,113,122,26,116" hai1="132,111,27,42,81,112,50,15,130,84,57,24,95" hai2="117,12,121,101,3,36,115,67,38,60,48,83,82" hai3="70,53,125,123,62,63,17,4,65,2,44,129,59" shuffle="mt19937ar,4CC789C2,6774DF9A,3034FC08,B7E73F91,2DBDC9CC,A7A1E3B5,86B89513,47B5FDAB"/><W66/><G123/><T23/><D116/><U108/><E112/><V79/><F3/><W85/><G129/><T92/><D113/><U31/><E130/><V120/><F79/><W45/><G125/><T51/><D122/><N who="2" m="47210" /><F117/><W94/><G17/><T8/><D106/><U73/><E73/><V109/><F115/><W10/><G94/><T18/><D35/><U64/><E132/><V7/><F101/><W104/><G104/><T96/><D96/><U71/><E71/><V89/><F89/><W25/><G25/><T87/><REACH who="0" step="1"/><D26/><REACH who="0" step="2"/><U69/><E69/><N who="2" m="42215" /><F109/><W47/><G70/><T54/><D54/><U75/><E75/><V127/><F127/><W0/><G53/><T33/><D33/><U72/><E72/><V128/><F128/><W52/><G85/><T34/><D34/><U90/><E111/><V88/><F48/><W110/><G110/><T49/><D49/><U56/><E108/><V9/><F88/><AGARI ba="4,2" hai="8,14,18,22,23,43,46,51,80,87,88,91,92,98" machi="88" ten="30,12000,2" yaku="1,1,7,1,8,1,52,1,54,1,53,1" doraHai="76" doraHaiUra="5" who="0" fromWho="2" sc="180,152,64,0,306,-132,430,0" owari="332,8,64,-34,174,-18,430,44" /></mjloggm>