<mjloggm ver="2.3"><GO type="41"/><UN n0="%E3%81%8A%E3%81%8B%E3%81%BD%E3%82%93" n1="%E3%81%B6%E3%81%85%E3%81%93" n2="%E3%81%AE%E3%81%A9%E3%81%A3%E3%81%A1%2E" n3="%E3%82%A6%E3%83%AB%E3%83%88%E3%83%A9%E7%AB%8B%E7%9B%B4" dan="13,15,16,15" rate="1959,1962,2001,1983" sx="M,F,F,M"/><TAIKYOKU oya="0"/><INIT seed="0,0,0,2,4,9" ten="250,250,250,250" oya="0" hai0="106,27,104,87,8,38,2,14,131,51,12,59,126" hai1="91,118,5,3,61,71,77,43,97,113,15,92,4" hai2="130,69,16,26,48,0,70,102,119,23,90,29,101" hai3="63,41,47,120,50,21,79,7,24,55,117,39,123"/><T95/><D38/><U10/><E118/><V62/><F119/><W75/><G117/><T46/><D126/><U103/><E113/><V52/><F130/><W31/><G7/><T25/><D131/><U109/><E109/><V99/><F0/><W22/><G79/><T54/><D2/><U78/><E43/><V36/><F36/><W121/><G75/><T108/><D108/><U67/><E3/><V128/><F128/><W116/><G116/><T107/><D87/><U73/><E4/><V72/><F72/><W112/><G63/><T115/><D95/><U45/><E73/><V134/><F134/><W33/><REACH who="3" step="1"/><G112/><REACH who="3" step="2"/><T35/><D115/><U125/><E125/><V129/><F129/><W84/><G84/><T60/><D35/><U42/><REACH who="1" step="1"/><E103/><REACH who="1" step="2"/><V66/><F101/><W111/><G111/><T20/><D20/><U132/><E132/><V6/><F102/><W74/><G74/><T18/><REACH who="0" step="1"/><D12/><REACH who="0" step="2"/><U89/><E89/><V81/><F90/><W135/><G135/><T58/><D58/><AGARI ba="0,3" hai="21,22,24,31,33,39,41,47,50,55,58,120,121,123" machi="58" ten="40,5200,0" yaku="1,1,13,1,53,1" doraHai="9" doraHaiUra="37" who="3" fromWho="0" sc="240,-52,240,0,250,0,240,82" /><INIT seed="1,0,0,5,5,100" ten="188,240,250,322" oya="1" hai0="120,116,17,15,93,38,130,62,121,112,34,132,53" hai1="58,105,40,104,128,113,19,26,50,59,83,117,74" hai2="72,60,21,9,55,92,20,79,5,10,57,95,54" hai3="75,61,64,36,69,4,84,118,81,47,127,135,122"/><U123/><E123/><N who="0" m="47177" /><D34/><U7/><E117/><V63/><F79/><W111/><G122/><T6/><D93/><U35/><E113/><V39/><F39/><W119/><G75/><T11/><D38/><U90/><E7/><V89/><F72/><W107/><G4/><T82/><D82/><U87/><E74/><V108/><F108/><W3/><G3/><N who="0" m="479" /><D53/><U31/><E19/><V8/><F5/><W99/><G84/><T37/><D62/><U129/><E40/><V109/><F109/><W86/><G86/><T13/><D37/><U110/><E110/><V103/><F103/><N who="3" m="62975" /><G81/><T18/><D116/><N who="3" m="44585" /><G111/><T25/><D112/><U77/><E77/><V45/><F92/><W97/><G97/><T65/><D65/><U88/><E90/><V71/><F71/><W70/><G70/><T114/><D114/><U41/><E41/><V131/><F95/><W101/><G101/><T80/><D80/><U27/><E27/><V73/><F89/><W91/><G91/><T67/><D67/><U68/><E68/><V42/><F73/><W32/><G32/><T1/><D1/><U66/><E66/><V43/><F43/><W23/><G64/><T76/><D76/><U126/><E126/><V49/><F42/><W102/><G127/><T29/><D18/><U28/><E28/><V30/><F30/><W125/><G125/><T94/><D29/><U134/><E134/><V98/><F55/><W46/><G135/><T0/><D132/><U78/><E78/><V106/><F54/><W22/><G36/><T16/><D0/><U44/><E35/><V52/><F52/><RYUUKYOKU ba="0,0" sc="188,0,240,0,250,0,322,0" /><INIT seed="2,1,0,5,0,103" ten="188,240,250,322" oya="2" hai0="112,90,11,16,63,98,18,42,55,114,86,39,119" hai1="80,22,68,26,87,25,100,34,5,128,73,123,79" hai2="129,120,1,99,71,54,53,13,75,3,8,125,70" hai3="10,30,59,89,81,76,124,27,108,57,110,47,122"/><V115/><F115/><W93/><G122/><T56/><D119/><U41/><E68/><V64/><F120/><W72/><G124/><T50/><D98/><U107/><E123/><V97/><F75/><W23/><G47/><T19/><D39/><U91/><E128/><V132/><F129/><W4/><G57/><T105/><D105/><U134/><E134/><V95/><F132/><W17/><G59/><T85/><D85/><U77/><E77/><V44/><F125/><W0/><G93/><T33/><D33/><U49/><E5/><V135/><F135/><W121/><G89/><T111/><D114/><U36/><E34/><V58/><F44/><W31/><REACH who="3" step="1"/><G121/><REACH who="3" step="2"/><T52/><D112/><U118/><E91/><V126/><F126/><W29/><AGARI ba="1,1" hai="0,4,10,17,23,27,29,30,31,72,76,81,108,110" machi="29" ten="30,4000,0" yaku="1,1,2,1,0,1,53,0" doraHai="103" doraHaiUra="83" who="3" fromWho="3" sc="188,-11,240,-11,250,-21,312,53" /><INIT seed="3,0,0,0,0,23" ten="177,229,229,365" oya="3" hai0="103,68,35,92,64,2,72,33,48,8,19,46,123" hai1="57,126,127,84,1,82,109,118,61,10,135,94,97" hai2="102,21,49,63,101,107,130,31,26,111,87,119,12" hai3="128,52,56,13,53,47,5,44,96,20,122,3,6"/><W36/><G122/><T28/><D72/><U34/><E34/><V129/><F119/><W115/><G115/><T132/><D123/><U42/><E42/><V67/><F111/><W65/><G128/><N who="2" m="49257" /><F107/><W85/><G3/><T98/><D132/><U59/><E1/><V70/><F49/><W16/><G96/><T108/><D108/><U32/><E32/><V30/><F30/><W81/><G36/><T76/><D76/><U45/><E45/><N who="3" m="17482" /><G65/><T120/><D120/><U7/><E97/><V74/><F74/><W39/><G39/><T112/><D112/><U79/><E118/><V25/><F12/><W83/><G83/><T93/><D64/><U91/><E82/><V99/><F87/><W114/><G114/><T54/><D68/><U60/><E84/><V95/><F25/><W89/><G53/><T15/><D2/><U22/><E135/><V125/><F125/><W55/><G55/><T134/><D134/><U9/><E109/><V78/><F78/><W71/><G71/><T69/><D69/><U88/><E79/><V121/><F121/><W4/><G5/><T104/><REACH who="0" step="1"/><D33/><REACH who="0" step="2"/><U73/><E73/><V116/><F116/><W18/><G52/><T58/><D58/><U117/><E59/><V0/><F0/><W75/><G56/><T106/><D106/><U66/><E57/><V105/><F105/><W80/><G75/><T77/><D77/><U27/><E117/><V100/><AGARI ba="0,1" hai="21,26,31,63,67,70,95,99,100,101,102" m="49257" machi="100" ten="30,2000,0" yaku="19,1,52,1" doraHai="23" who="2" fromWho="2" sc="167,-5,229,-5,229,30,365,-10" /><INIT seed="4,0,0,1,1,79" ten="162,224,259,355" oya="0" hai0="21,16,98,17,132,3,6,15,113,76,57,8,19" hai1="40,135,0,115,71,20,130,97,47,42,126,83,13" hai2="22,1,37,14,89,10,60,68,54,23,84,121,129" hai3="99,48,46,69,11,63,91,36,93,120,90,12,117"/><T52/><D76/><U32/><E0/><V61/><F121/><W104/><G117/><T134/><D113/><U86/><E32/><V75/><F75/><W111/><G36/><T74/><D74/><U64/><E71/><V95/><F37/><W56/><G69/><T29/><D98/><U9/><E64/><V102/><F1/><W103/><G111/><T58/><D58/><U38/><E42/><V114/><F114/><W92/><G104/><T2/><D2/><U26/><E115/><V73/><F73/><W51/><G120/><T28/><D28/><U43/><E43/><V101/><F129/><W94/><G103/><N who="2" m="39433" /><F68/><W96/><G93/><T105/><D105/><U34/><E34/><V107/><F107/><W80/><G46/><T7/><D7/><U31/><E38/><V39/><F39/><W70/><G70/><T24/><REACH who="0" step="1"/><D3/><REACH who="0" step="2"/><U41/><E31/><V66/><F66/><W67/><G56/><T77/><D77/><U45/><E130/><V18/><F60/><AGARI ba="0,1" hai="6,8,15,16,17,19,21,24,29,52,57,60,132,134" machi="60" ten="40,7700,0" yaku="1,1,54,2,53,0" doraHai="79" doraHaiUra="118" who="0" fromWho="2" sc="152,87,224,0,259,-77,355,0" /><INIT seed="4,1,0,1,4,88" ten="239,224,182,355" oya="0" hai0="30,73,56,69,114,33,92,94,0,48,77,52,79" hai1="6,123,58,133,9,122,15,35,85,90,34,103,28" hai2="134,84,1,50,105,37,124,89,23,40,67,116,120" hai3="60,71,38,106,100,93,22,113,39,131,51,41,108"/><T45/><D114/><U10/><E133/><V64/><F134/><W97/><G108/><T80/><D69/><U8/><E103/><V74/><F74/><W11/><G113/><T76/><D0/><U68/><E68/><V13/><F1/><W61/><G131/><T49/><D30/><U118/><E58/><V98/><F120/><W82/><G61/><T24/><D33/><U42/><E42/><V102/><F37/><W12/><G22/><T43/><D24/><U32/><E90/><V78/><F78/><W72/><G72/><T110/><D110/><U59/><E85/><V65/><F116/><W121/><G82/><T31/><D31/><U111/><E59/><V25/><F13/><W70/><G121/><T27/><D27/><U63/><E63/><V127/><F50/><W19/><G70/><T132/><D132/><U17/><E111/><V83/><REACH who="2" step="1"/><F40/><REACH who="2" step="2"/><W101/><G51/><T20/><D77/><U26/><E118/><V87/><F87/><W75/><G75/><T46/><D79/><U16/><E123/><V91/><F91/><W81/><G41/><T115/><D115/><U86/><E86/><V14/><F14/><W95/><G39/><T66/><REACH who="0" step="1"/><D20/><REACH who="0" step="2"/><N who="1" m="15431" /><E122/><V125/><F125/><W3/><G3/><T109/><D109/><U128/><E128/><V112/><F112/><W7/><G12/><T21/><D21/><N who="1" m="11423" /><E17/><AGARI ba="1,2" hai="17,23,25,64,65,67,83,84,89,98,102,105,124,127" machi="17" ten="40,1300,0" yaku="1,1,53,0" doraHai="88" doraHaiUra="29" who="2" fromWho="1" sc="229,0,224,-16,172,36,355,0" /><INIT seed="5,0,0,5,0,103" ten="229,208,208,355" oya="1" hai0="14,131,123,5,101,80,82,54,43,113,110,119,124" hai1="116,74,6,68,67,115,93,22,11,109,41,75,128" hai2="4,76,13,134,8,121,2,12,30,48,24,58,90" hai3="91,60,114,33,86,59,0,69,17,52,26,47,108"/><U135/><E116/><V25/><F121/><W44/><G108/><T79/><D110/><U104/><E109/><V61/><F134/><W88/><G0/><T133/><D119/><U18/><E93/><V53/><F76/><W32/><G32/><T45/><D133/><U95/><E95/><V77/><F77/><W1/><G1/><T94/><D123/><U85/><E85/><V71/><F90/><W83/><G114/><T100/><D113/><U10/><E41/><V81/><F81/><W42/><G69/><T78/><D124/><U55/><E55/><V16/><F2/><W111/><G111/><T46/><D131/><U20/><E115/><V34/><F25/><W3/><G3/><T87/><D94/><U99/><E135/><V125/><F125/><W130/><G130/><T57/><D57/><U36/><E128/><V126/><F126/><W92/><G42/><T63/><D63/><U96/><E18/><V117/><F117/><W40/><G40/><T62/><D62/><U73/><E74/><V132/><F132/><W118/><G118/><T72/><D54/><U120/><E120/><V84/><F84/><N who="3" m="52231" /><G33/><T122/><D122/><U19/><E19/><V102/><F102/><W129/><G129/><T105/><D105/><U37/><E67/><V23/><REACH who="2" step="1"/><F71/><REACH who="2" step="2"/><W65/><G91/><T49/><REACH who="0" step="1"/><D46/><REACH who="0" step="2"/><U107/><REACH who="1" step="1"/><E68/><REACH who="1" step="2"/><V50/><AGARI ba="0,3" hai="4,8,12,13,16,23,24,30,34,48,50,53,58,61" machi="50" ten="30,7900,0" yaku="1,1,2,1,0,1,54,1,53,0" doraHai="103" doraHaiUra="89" who="2" fromWho="2" sc="219,-20,198,-39,198,109,355,-20" /><INIT seed="6,0,0,2,3,54" ten="199,159,307,335" oya="2" hai0="63,22,19,127,6,45,100,25,37,120,10,133,106" hai1="14,81,0,38,95,109,42,58,121,32,88,29,98" hai2="60,48,123,93,43,112,77,94,89,90,113,101,27" hai3="79,111,52,130,115,47,132,84,12,122,82,18,125"/><V66/><F123/><W134/><G111/><T44/><D120/><U9/><E109/><V107/><F77/><W23/><G122/><T8/><D127/><U114/><E121/><V67/><F107/><W36/><G125/><T40/><D133/><N who="3" m="51305" /><G130/><T41/><D100/><U85/><E114/><N who="2" m="44139" /><F101/><W118/><G115/><T15/><D106/><U70/><E70/><V20/><F43/><N who="3" m="23015" /><G52/><T57/><D6/><U28/><E0/><V124/><F124/><W4/><G4/><T61/><D61/><U26/><E29/><N who="2" m="17639" /><F48/><W87/><G118/><T65/><REACH who="0" step="1"/><D25/><REACH who="0" step="2"/><U30/><E26/><V51/><F60/><W5/><G5/><T2/><D2/><U116/><E116/><V39/><F39/><AGARI ba="0,1" hai="8,10,15,19,22,37,39,40,41,44,45,57,63,65" machi="39" ten="30,7700,0" yaku="1,1,7,1,9,1,52,1,53,0" doraHai="54" doraHaiUra="75" who="0" fromWho="2" sc="189,87,159,0,307,-77,335,0" /><INIT seed="7,0,0,2,2,99" ten="276,159,230,335" oya="3" hai0="98,63,9,28,117,26,109,25,39,83,18,11,34" hai1="6,90,106,21,127,95,57,75,133,100,33,67,112" hai2="2,87,52,93,129,62,126,0,23,36,22,71,29" hai3="30,107,37,86,64,76,19,15,89,130,134,128,111"/><W1/><G1/><T14/><D109/><U94/><E33/><V72/><F72/><W24/><G37/><T45/><D117/><U118/><E6/><V17/><F36/><W47/><G76/><T61/><D83/><U13/><E13/><V91/><F126/><W97/><G64/><T123/><D123/><U20/><E67/><V38/><F38/><W10/><G47/><T51/><D39/><U12/><E12/><V119/><F119/><W92/><G134/><T78/><D78/><U32/><E32/><V81/><F129/><W56/><G56/><T46/><D45/><U43/><E57/><V8/><F71/><W132/><G132/><T88/><D25/><U121/><E43/><V16/><F29/><W122/><G122/><T82/><D9/><U79/><E21/><N who="2" m="7691" /><F0/><W4/><G4/><T116/><D116/><U59/><E20/><V125/><F125/><W124/><G124/><T40/><REACH who="0" step="1"/><D98/><REACH who="0" step="2"/><N who="1" m="61719" /><E118/><V70/><F8/><W27/><G27/><T50/><D50/><U135/><E127/><V48/><F2/><W80/><G24/><T49/><D49/><U69/><E59/><N who="2" m="35175" /><F70/><W110/><G110/><T120/><D120/><U3/><E69/><V55/><F81/><W102/><G111/><T73/><D73/><U60/><E3/><V84/><F84/><AGARI ba="0,1" hai="11,14,18,26,28,34,40,46,51,61,63,82,84,88" machi="84" ten="40,2600,0" yaku="1,1,54,1,53,0" doraHai="99" doraHaiUra="113" who="0" fromWho="2" sc="266,36,159,0,230,-26,335,0" owari="302,10,159,-34,204,-20,335,44" /></mjloggm>