<mjloggm ver="2.3"><GO type="41"/><UN n0="%E7%9C%89%E6%A4%BF%E7%B7%92%E4%BF%A1" n1="%E3%82%A6%E3%83%AB%E3%83%88%E3%83%A9%E7%AB%8B%E7%9B%B4" n2="%E7%94%9F%E7%B2%8B%E3%81%AE%E7%85%BD%E3%83%A9%E3%83%BC" n3="%E3%81%AA%E3%81%86%E3%82%8D%E3%81%86" dan="14,15,13,14" rate="1966,1950,1888,1897" sx="M,M,M,M"/><TAIKYOKU oya="0"/><INIT seed="0,0,0,3,3,125" ten="250,250,250,250" oya="0" hai0="66,5,10,87,121,93,68,39,34,67,73,1,127" hai1="8,12,111,124,11,22,37,40,80,50,104,21,134" hai2="60,6,65,35,135,57,106,55,28,26,95,98,122" hai3="75,82,62,43,100,29,132,45,36,61,13,24,18"/><T53/><D121/><U102/><E102/><V74/><F122/><W83/><G100/><T112/><D112/><U3/><E104/><V108/><F74/><W129/><G75/><T78/><D127/><U47/><E124/><V64/><F108/><W84/><G82/><T54/><D34/><U118/><E118/><V14/><F135/><W25/><G132/><T131/><D73/><U91/><E134/><V69/><F106/><W72/><G72/><T81/><D39/><U113/><E111/><V123/><F123/><W58/><G62/><T7/><D7/><U20/><E3/><V86/><F86/><W79/><G29/><T4/><D4/><U51/><E37/><V32/><F32/><W116/><G116/><T30/><D30/><U114/><E114/><V77/><F77/><W117/><G117/><T99/><D68/><U126/><E126/><V38/><F38/><W90/><G79/><T41/><D41/><U46/><E113/><V17/><F6/><W130/><G13/><T16/><D16/><U15/><E80/><V9/><REACH who="2" step="1"/><F69/><REACH who="2" step="2"/><W133/><G133/><T71/><D71/><U48/><E40/><V2/><F2/><W107/><G107/><T109/><D109/><U70/><E70/><V19/><F19/><W97/><G97/><T49/><D1/><U103/><E103/><AGARI ba="0,1" hai="9,14,17,26,28,35,55,57,60,64,65,95,98,103" machi="103" ten="30,2000,0" yaku="1,1,7,1,53,0" doraHai="125" doraHaiUra="120" who="2" fromWho="1" sc="250,0,250,-20,240,30,250,0" /><INIT seed="1,0,0,2,1,8" ten="250,230,270,250" oya="1" hai0="82,7,76,132,86,102,39,29,6,60,16,74,115" hai1="43,98,131,125,17,92,56,4,123,65,124,41,95" hai2="113,34,53,47,96,64,26,73,110,18,58,119,114" hai3="12,63,105,103,107,20,30,36,44,10,90,19,127"/><U2/><E123/><V93/><F119/><W55/><G36/><T9/><D115/><N who="2" m="44042" /><F73/><W37/><G37/><T80/><D132/><U112/><E4/><V87/><F64/><W57/><G127/><N who="1" m="48714" /><E2/><V68/><F68/><W66/><G90/><T89/><D39/><U21/><E112/><V67/><F110/><W84/><G105/><T133/><D133/><U97/><E131/><V100/><F67/><W52/><G44/><T111/><D111/><U32/><E32/><V126/><F126/><W108/><G108/><T69/><D29/><U77/><E77/><V35/><F47/><W27/><REACH who="3" step="1"/><G84/><REACH who="3" step="2"/><T83/><D102/><N who="1" m="60711" /><E56/><V0/><F87/><W79/><G79/><T120/><D120/><U33/><E65/><V28/><F0/><W24/><G24/><T117/><D69/><U78/><E78/><V22/><F28/><W54/><G54/><T61/><D74/><U13/><E33/><V31/><F31/><W11/><G11/><T45/><D76/><U72/><E72/><V48/><AGARI ba="0,1" hai="18,22,26,34,35,48,53,58,93,96,100" m="44042" machi="48" ten="30,1100,0" yaku="11,1" doraHai="8" who="2" fromWho="2" sc="250,-3,230,-5,270,21,240,-3" /><INIT seed="2,0,0,2,0,124" ten="247,225,291,237" oya="2" hai0="98,18,14,59,93,69,12,4,9,16,113,7,128" hai1="37,90,57,30,10,106,49,26,21,75,118,131,47" hai2="79,46,41,54,34,119,36,114,116,60,74,99,122" hai3="83,11,97,27,1,68,25,44,70,101,19,117,135"/><V64/><F34/><W108/><G27/><T125/><D113/><U130/><E118/><V134/><F114/><W17/><G117/><T22/><D125/><U58/><E106/><V67/><F122/><W82/><G44/><T3/><D69/><U115/><E115/><V52/><F74/><W48/><G48/><T87/><D128/><N who="1" m="49195" /><E37/><V80/><F80/><W45/><G45/><T15/><D3/><U5/><E90/><V43/><F79/><W28/><G135/><T6/><D15/><N who="1" m="5583" /><E75/><V51/><F99/><W133/><G133/><T86/><REACH who="0" step="1"/><D59/><REACH who="0" step="2"/><U81/><E81/><V23/><F134/><W0/><G83/><T56/><D56/><U109/><E109/><V40/><F116/><W84/><G108/><T77/><D77/><U95/><E95/><V73/><F119/><W104/><G70/><T103/><AGARI ba="0,1" hai="4,6,7,9,12,14,16,18,22,86,87,93,98,103" machi="103" ten="30,7900,0" yaku="1,1,0,1,8,1,54,1,53,0" doraHai="124" doraHaiUra="53" who="0" fromWho="0" sc="237,89,225,-20,291,-39,237,-20" /><INIT seed="3,0,0,1,4,49" ten="326,205,252,217" oya="3" hai0="134,7,69,37,94,129,104,87,28,114,117,107,48" hai1="90,47,108,14,123,21,44,2,97,125,127,79,36" hai2="115,72,62,80,75,17,31,46,15,93,119,112,32" hai3="116,71,23,27,50,126,100,13,39,61,53,92,74"/><W76/><G39/><T122/><D37/><U111/><E2/><V9/><F119/><W84/><G74/><T128/><D69/><U101/><E36/><V77/><F75/><W95/><G126/><N who="1" m="48138" /><E123/><V135/><F135/><W33/><G33/><T60/><D60/><U85/><E14/><V42/><F32/><W12/><G116/><T109/><D28/><U63/><E21/><V106/><F106/><W73/><G73/><T35/><D48/><U6/><E63/><V67/><F31/><W105/><G105/><N who="0" m="40523" /><D7/><U131/><E6/><V41/><F41/><W20/><G71/><T5/><D5/><U91/><E101/><V70/><REACH who="2" step="1"/><F93/><REACH who="2" step="2"/><W1/><G95/><T132/><D117/><U88/><E131/><V118/><F118/><W43/><G92/><T10/><D35/><U57/><E108/><V51/><AGARI ba="0,1" hai="9,15,17,42,46,51,62,67,70,72,77,80,112,115" machi="51" ten="20,5200,0" yaku="1,1,0,1,7,1,53,1" doraHai="49" doraHaiUra="11" who="2" fromWho="2" sc="326,-13,205,-13,242,62,217,-26" /><INIT seed="4,0,0,5,2,98" ten="313,192,304,191" oya="0" hai0="109,122,61,125,23,20,127,94,22,130,75,118,100" hai1="84,38,60,8,95,49,104,115,31,1,26,126,52" hai2="116,32,132,97,30,113,83,39,18,114,78,85,40" hai3="124,50,27,93,121,33,91,111,99,129,34,42,74"/><T108/><D118/><U3/><E104/><V54/><F116/><W76/><G34/><T11/><D75/><U79/><E38/><V5/><F5/><W123/><G129/><T41/><D122/><U87/><E126/><N who="0" m="48137" /><D130/><U44/><E115/><N who="2" m="44043" /><F40/><W88/><G111/><N who="0" m="42571" /><D41/><U4/><E3/><V37/><F132/><W120/><G124/><T29/><D61/><U24/><E24/><N who="2" m="18503" /><F18/><W96/><G50/><T105/><D105/><U72/><E60/><V106/><F54/><W77/><G42/><T70/><D70/><U0/><E0/><V92/><F106/><W73/><G33/><T82/><D82/><U89/><E72/><N who="3" m="27754" /><G27/><N who="0" m="16615" /><D11/><U71/><E71/><V133/><F133/><W69/><G69/><T43/><D43/><U55/><E55/><V12/><F39/><W131/><G131/><T47/><D47/><U53/><E53/><V35/><F37/><W25/><G25/><T15/><D15/><U59/><E44/><V66/><F12/><W46/><G46/><T64/><D64/><U110/><E110/><V90/><F66/><W9/><G9/><T62/><D62/><U112/><E112/><V80/><F80/><W56/><G56/><T67/><D67/><U19/><E31/><V28/><F28/><W21/><G21/><T45/><D45/><U65/><E65/><V103/><F35/><W102/><G96/><AGARI ba="0,0" hai="22,23,94,96,100" m="16615,42571,48137" machi="96" ten="30,5800,0" yaku="18,1,10,1,52,1" doraHai="98" who="0" fromWho="3" sc="313,58,192,0,304,0,191,-58" /><INIT seed="4,1,0,0,1,28" ten="371,192,304,133" oya="0" hai0="72,135,23,92,42,50,64,68,109,117,19,78,57" hai1="27,124,61,80,127,103,125,86,118,49,130,14,129" hai2="7,113,4,88,35,112,52,55,134,120,132,119,18" hai3="26,39,114,81,104,21,9,34,84,79,69,70,91"/><T67/><D117/><U56/><E103/><V40/><F119/><W94/><G39/><T17/><D135/><N who="2" m="51754" /><F120/><W47/><G104/><T30/><D109/><U93/><E93/><V6/><F18/><W101/><G114/><N who="2" m="44137" /><F40/><W38/><G101/><T22/><D68/><U90/><E118/><V15/><F15/><W33/><G9/><T51/><D30/><U71/><E14/><V43/><F43/><W32/><G47/><T3/><D3/><U8/><E8/><V123/><F123/><W48/><G48/><T111/><D111/><U59/><E49/><V63/><F63/><W110/><G38/><T85/><D72/><U29/><E71/><V16/><F16/><W44/><G44/><T74/><D74/><U37/><E37/><V95/><F35/><W45/><G45/><T58/><D92/><U106/><E106/><V128/><F128/><N who="1" m="49257" /><E61/><V2/><F2/><W20/><G20/><AGARI ba="1,0" hai="20,27,29,56,59,80,86,90,124,125,127" m="49257" machi="20" ten="40,2600,0" yaku="18,1,19,1" doraHai="28" who="1" fromWho="3" sc="371,0,192,29,304,0,133,-29" /><INIT seed="5,0,0,0,3,87" ten="371,221,304,104" oya="1" hai0="104,48,67,42,118,75,53,35,40,23,119,96,44" hai1="123,114,102,16,7,79,95,0,54,97,88,26,105" hai2="73,3,27,57,71,51,84,24,98,133,19,120,2" hai3="113,22,127,33,131,122,134,20,31,29,62,110,56"/><U86/><E7/><V116/><F73/><W64/><G33/><T43/><D35/><U90/><E0/><V91/><F71/><W81/><G122/><T38/><D75/><U68/><E68/><V77/><F120/><W132/><G110/><T55/><D104/><U39/><E39/><V80/><F116/><W34/><G34/><T78/><D78/><U128/><E123/><V41/><F133/><W124/><G81/><T108/><D96/><U50/><E128/><V126/><F126/><N who="3" m="48171" /><G113/><T65/><D23/><N who="3" m="8745" /><G131/><T85/><D85/><U107/><E114/><V82/><F19/><W70/><G70/><T37/><D108/><U49/><E107/><V94/><F3/><W36/><G36/><N who="0" m="13931" /><D53/><U111/><E105/><V63/><F2/><W101/><G101/><T32/><D32/><U58/><E111/><V92/><F92/><W15/><G15/><T135/><D135/><AGARI ba="0,0" hai="29,31,56,62,64,132,134,135" m="8745,48171" machi="135" ten="30,2000,0" yaku="20,1,18,1" doraHai="87" who="3" fromWho="0" sc="371,-20,221,0,304,0,104,20" /><INIT seed="6,0,0,0,5,7" ten="351,221,304,124" oya="2" hai0="32,42,22,133,25,12,115,17,14,73,51,64,3" hai1="20,127,78,9,135,60,36,49,0,124,21,88,76" hai2="101,114,24,87,18,125,95,90,103,43,96,97,84" hai3="45,11,59,93,27,106,55,131,68,39,46,80,94"/><V130/><F43/><W19/><G68/><T16/><D73/><U66/><E49/><V1/><F1/><W44/><G106/><T63/><D3/><U128/><E36/><V71/><F71/><W91/><G39/><T119/><D115/><U40/><E40/><V116/><F116/><W56/><G131/><T72/><D72/><U113/><E128/><V99/><F130/><W98/><G80/><T111/><D111/><U92/><E113/><V58/><F114/><W67/><G67/><T57/><D133/><U89/><E135/><V8/><F125/><N who="1" m="48201" /><E21/><V75/><F75/><W102/><G55/><T74/><D74/><U48/><E20/><V13/><F24/><W79/><G79/><N who="1" m="30250" /><E48/><V122/><F122/><W15/><REACH who="3" step="1"/><G27/><REACH who="3" step="2"/><N who="0" m="14791" /><D119/><U69/><E92/><V37/><F37/><W2/><G2/><T34/><D34/><U132/><E132/><V38/><F38/><W26/><G26/><T81/><D32/><U85/><E0/><V41/><F41/><W109/><G109/><T83/><D25/><U70/><E70/><V129/><F129/><W120/><G120/><T54/><D12/><U77/><E69/><V35/><F35/><W126/><G126/><T100/><D64/><U61/><E66/><V112/><F112/><W121/><G121/><T52/><D54/><U47/><E47/><V110/><F110/><W117/><G117/><T50/><D52/><U4/><E61/><V33/><F33/><W6/><G6/><T105/><D63/><U108/><E60/><V31/><F58/><W86/><AGARI ba="0,1" hai="11,15,19,44,45,46,56,59,86,91,93,94,98,102" machi="86" ten="30,7900,0" yaku="1,1,0,1,8,1,52,1,53,0" doraHai="7" doraHaiUra="28" who="3" fromWho="3" sc="351,-20,221,-20,304,-39,114,89" /><INIT seed="7,0,0,0,0,28" ten="331,201,265,203" oya="3" hai0="99,131,97,98,76,124,13,128,29,117,54,48,102" hai1="86,77,125,50,2,118,18,74,107,55,92,36,108" hai2="73,3,81,94,115,70,101,69,59,121,65,34,116" hai3="51,24,47,75,7,53,15,37,22,95,123,12,1"/><W35/><G75/><T9/><D117/><U90/><E36/><V25/><F116/><W4/><G123/><T104/><D76/><U64/><E118/><V46/><F121/><W85/><G37/><T111/><D29/><U72/><E108/><V68/><F94/><W20/><G1/><T19/><D111/><U129/><E64/><V134/><F101/><W114/><G114/><T91/><D124/><U103/><E2/><V78/><F46/><W30/><G15/><T113/><D113/><U6/><E6/><V105/><F115/><W120/><G120/><T16/><D19/><U112/><E112/><V45/><F45/><W31/><G31/><T66/><D66/><U133/><E125/><V71/><F59/><W80/><G95/><T8/><D8/><U58/><E129/><N who="0" m="49737" /><D91/><U132/><E18/><V87/><F87/><W56/><G47/><AGARI ba="0,0" hai="9,13,16,47,48,54,97,98,99,102,104" m="49737" machi="47" ten="30,2000,0" yaku="19,1,54,1" doraHai="28" who="0" fromWho="3" sc="331,20,201,0,265,0,203,-20" owari="351,45,201,-20,265,7,183,-32" /></mjloggm>