<mjloggm ver="2.3"><GO type="41"/><UN n0="%E3%82%AB%E3%83%BC%E3%83%88" n1="%E3%81%AF%E3%81%98%E3%82%81%E3%81%A1%E3%82%83%E3%82%93" n2="%E3%82%A6%E3%83%AB%E3%83%88%E3%83%A9%E7%AB%8B%E7%9B%B4" n3="%E3%83%A6%E3%82%A6%E3%82%AD%E3%83%BB%EF%BC%AD" dan="14,13,13,13" rate="1819,1868,1839,1827" sx="M,M,M,M"/><TAIKYOKU oya="0"/><INIT seed="0,0,0,1,3,23" ten="250,250,250,250" oya="0" hai0="22,20,80,31,56,8,82,108,19,21,95,91,7" hai1="39,107,10,57,17,129,72,81,75,111,116,70,100" hai2="44,123,73,16,84,122,64,51,18,89,78,106,38" hai3="65,6,127,63,124,133,66,86,79,102,11,41,34"/><T32/><D32/><U103/><E39/><V1/><F38/><W77/><G34/><T15/><D108/><U60/><E70/><V128/><F1/><W67/><G102/><T35/><D56/><U9/><E116/><V96/><F64/><N who="3" m="24683" /><G41/><T33/><D82/><U92/><E129/><V61/><F61/><W2/><G133/><T42/><D42/><U58/><E111/><V98/><F51/><W85/><G63/><T26/><D80/><U45/><E107/><V115/><F44/><W53/><G53/><T29/><D95/><U105/><E105/><V24/><F106/><W76/><N who="3" m="24691" /><W36/><DORA hai="28" /><G36/><T74/><D91/><U120/><E120/><V37/><F37/><W93/><G93/><T94/><D94/><U69/><E69/><V130/><F89/><W54/><G54/><T52/><D52/><U55/><E45/><V135/><F135/><W30/><G30/><N who="0" m="19671" /><D74/><U46/><E46/><V43/><F43/><W101/><G101/><T114/><D114/><U47/><E47/><V118/><F84/><W112/><G112/><T40/><D40/><U25/><E92/><V4/><F115/><W49/><G49/><T27/><D31/><U50/><E75/><V90/><F73/><W117/><G117/><T59/><D59/><U131/><E131/><V99/><F118/><W88/><G88/><T119/><D119/><U0/><E0/><AGARI ba="0,0" hai="0,7,8,15,19,20,21,22,27,29,35" m="19671" machi="0" ten="30,24000,3" yaku="24,1,35,5,52,4" doraHai="23,28" who="0" fromWho="1" sc="250,240,250,-240,250,0,250,0" /><INIT seed="0,1,0,5,0,11" ten="490,10,250,250" oya="0" hai0="135,7,29,131,125,74,123,117,132,12,44,122,82" hai1="4,130,112,21,63,121,23,43,100,64,103,48,80" hai2="70,120,26,118,35,22,38,84,2,34,91,54,124" hai3="9,116,65,32,102,76,104,113,129,33,13,75,97"/><T73/><D117/><U50/><E121/><V10/><F54/><W55/><G116/><T17/><D44/><U107/><E107/><V101/><F101/><W99/><G113/><T57/><D57/><N who="1" m="36975" /><E4/><V25/><F91/><W83/><G129/><T0/><D82/><U85/><E130/><V81/><F84/><W77/><G65/><T49/><D74/><U94/><E112/><V98/><F81/><W45/><G77/><T127/><D73/><U89/><E43/><V62/><F98/><W119/><G119/><T109/><D49/><N who="1" m="19051" /><E103/><V71/><F62/><W66/><G66/><T56/><D56/><U24/><E24/><V18/><F70/><W31/><G99/><AGARI ba="1,0" hai="21,23,80,85,89,94,99,100" m="19051,36975" machi="99" ten="30,1000,0" yaku="8,1" doraHai="11" who="1" fromWho="3" sc="490,0,10,13,250,0,250,-13" /><INIT seed="1,0,0,5,1,57" ten="490,23,250,237" oya="1" hai0="35,28,131,63,97,127,132,78,111,65,42,53,115" hai1="81,100,60,96,109,17,70,20,62,69,68,89,59" hai2="126,32,38,122,95,117,3,110,13,94,108,99,121" hai3="91,41,118,5,124,26,46,93,74,123,23,112,101"/><U87/><E109/><V105/><F13/><W83/><G123/><T11/><D111/><U55/><E96/><V82/><F82/><W88/><G112/><T40/><D115/><U54/><E100/><V47/><F47/><W119/><G124/><T49/><D127/><U48/><REACH who="1" step="1"/><E55/><REACH who="1" step="2"/><V92/><F110/><W34/><G101/><T27/><D131/><U104/><E104/><V8/><F99/><W10/><G119/><T37/><D132/><U107/><E107/><V1/><F122/><W129/><G118/><T130/><D130/><U2/><E2/><V120/><F3/><W12/><G129/><T4/><D97/><U113/><E113/><V67/><F121/><W14/><G74/><T24/><D37/><U114/><E114/><V0/><F120/><W106/><G106/><T75/><D75/><U36/><E36/><V73/><F108/><W7/><G93/><T98/><D98/><U25/><AGARI ba="0,1" hai="17,20,25,48,54,59,60,62,68,69,70,81,87,89" machi="25" ten="30,11700,0" yaku="1,1,0,1,52,2,53,0" doraHai="57" doraHaiUra="90" who="1" fromWho="1" sc="490,-39,13,127,250,-39,237,-39" /><INIT seed="1,1,0,4,4,48" ten="451,140,211,198" oya="1" hai0="3,83,34,114,19,8,126,110,17,52,53,5,22" hai1="134,12,87,86,127,71,31,122,119,4,115,113,78" hai2="50,91,112,49,44,9,65,38,23,60,123,40,47" hai3="89,14,69,117,105,135,80,102,27,76,2,66,101"/><U106/><E71/><V43/><F9/><W55/><G117/><T51/><D114/><U21/><E119/><V100/><F100/><W20/><G135/><T16/><D34/><U70/><E70/><N who="2" m="42279" /><F23/><W104/><G2/><T121/><D121/><U130/><E122/><V125/><F91/><W94/><G14/><N who="0" m="5391" /><D110/><U107/><E107/><V26/><F26/><W131/><G66/><T132/><D3/><U45/><E106/><V29/><F29/><W77/><G69/><T118/><D118/><U109/><E134/><V35/><F35/><W96/><G131/><T108/><D108/><U133/><E133/><V46/><F123/><W37/><G37/><T13/><D132/><U85/><E109/><V54/><F112/><W56/><G20/><T84/><D126/><AGARI ba="1,0" hai="38,40,43,44,46,47,49,50,54,125,126" m="42279" machi="126" ten="30,3900,0" yaku="34,2,52,1" doraHai="48" who="2" fromWho="0" sc="451,-42,140,0,211,42,198,0" /><INIT seed="2,0,0,3,4,84" ten="409,140,253,198" oya="2" hai0="131,4,95,56,130,133,36,123,33,19,7,54,8" hai1="124,46,45,127,13,14,27,17,83,97,108,41,94" hai2="65,92,81,112,18,96,113,32,80,104,72,132,30" hai3="107,11,105,119,48,21,79,61,89,135,74,58,40"/><V63/><F18/><W37/><G119/><T66/><D123/><U121/><E121/><V114/><F30/><W99/><G135/><T26/><D36/><U53/><E108/><V57/><F32/><W103/><G37/><T64/><D133/><U67/><E67/><N who="0" m="25641" /><D95/><U50/><E83/><V39/><F39/><W31/><G107/><T117/><D117/><U88/><E27/><V134/><F104/><W90/><G11/><T109/><D109/><U75/><E75/><V6/><F81/><W10/><G10/><T34/><D19/><U24/><E24/><V129/><F129/><N who="0" m="49162" /><D26/><U29/><E29/><V82/><F82/><W91/><G79/><T16/><D16/><U115/><E115/><V38/><F38/><W23/><G74/><T20/><D20/><U42/><E42/><V62/><F6/><N who="0" m="2090" /><D8/><U59/><E46/><V43/><F43/><W9/><G9/><T128/><D128/><U116/><E116/><V118/><F118/><W49/><G31/><T85/><D85/><U68/><E68/><V15/><F15/><W126/><G40/><T60/><AGARI ba="0,0" hai="33,34,54,56,60" m="2090,49162,25641" machi="60" ten="30,1100,0" yaku="19,1" doraHai="84" who="0" fromWho="0" sc="409,11,140,-3,253,-5,198,-3" /><INIT seed="3,0,0,1,3,51" ten="420,137,248,195" oya="3" hai0="15,6,2,94,42,3,98,108,26,97,8,19,91" hai1="111,69,38,64,102,53,49,119,101,4,107,130,95" hai2="128,87,37,56,131,75,79,112,93,65,110,78,66" hai3="21,11,103,83,35,24,116,115,96,100,89,70,77"/><W82/><G70/><T114/><D108/><U10/><E38/><V120/><F37/><W80/><G35/><T32/><D114/><U92/><E111/><V58/><F110/><W81/><G11/><T18/><D42/><U84/><E119/><V104/><F93/><N who="3" m="56367" /><G21/><T5/><D98/><U125/><E69/><V13/><F13/><W118/><G24/><T122/><D122/><U30/><E107/><V14/><F14/><W106/><G115/><T135/><D135/><U31/><E64/><V73/><F112/><W28/><G28/><N who="1" m="10794" /><E125/><V88/><F104/><W22/><G22/><T85/><D97/><U46/><E130/><V27/><F27/><W63/><G63/><T124/><D124/><U71/><E71/><V60/><F120/><W34/><G34/><T54/><D54/><U90/><E95/><V62/><F87/><N who="3" m="48527" /><G116/><T129/><D129/><U45/><E45/><V74/><F88/><W132/><G118/><T50/><D50/><U109/><E109/><V33/><F33/><W72/><G132/><T55/><D55/><U117/><E117/><V1/><REACH who="2" step="1"/><F75/><REACH who="2" step="2"/><W126/><G126/><T68/><D32/><U43/><E43/><V86/><F86/><W134/><G134/><T123/><D123/><U20/><E102/><N who="3" m="38954" /><G106/><T44/><D68/><U59/><E101/><V57/><F57/><W127/><G127/><T9/><D44/><U40/><E40/><V25/><F25/><W52/><G72/><T76/><D26/><U16/><E59/><V36/><F36/><W105/><G105/><T48/><D48/><U61/><E61/><V12/><F12/><RYUUKYOKU ba="0,1" sc="420,-15,137,-15,238,15,195,15" hai2="1,56,58,60,62,65,66,73,74,78,79,128,131" hai3="52,81,82,83" /><INIT seed="3,1,1,1,4,127" ten="405,122,253,210" oya="3" hai0="134,39,30,113,47,123,112,21,52,49,35,61,23" hai1="115,91,108,5,94,26,54,116,69,128,31,102,60" hai2="25,63,78,85,97,27,66,72,122,96,46,125,22" hai3="118,67,117,34,68,59,84,74,111,132,80,73,55"/><W57/><G34/><T43/><D123/><U50/><E116/><V93/><F72/><W99/><G132/><T92/><D134/><U135/><E135/><V36/><F125/><W70/><G111/><T56/><D92/><U38/><E38/><V12/><F36/><W41/><G41/><T37/><D35/><U83/><E108/><V51/><F122/><W95/><G117/><T11/><D11/><U17/><E5/><V104/><F104/><W126/><G126/><T131/><D30/><U121/><E121/><V77/><F12/><W124/><G124/><T6/><D6/><U103/><E115/><N who="0" m="44105" /><D21/><U28/><E60/><V114/><F114/><W48/><G118/><T89/><D89/><U7/><E69/><V65/><F63/><W14/><G14/><T98/><D23/><U40/><E40/><N who="2" m="25031" /><F27/><W87/><G70/><T88/><D131/><U44/><E7/><V120/><F120/><W42/><G68/><T71/><D88/><U33/><E17/><V29/><F85/><W129/><G42/><T86/><D86/><U16/><E83/><V76/><F96/><W15/><G129/><T8/><D8/><U10/><E31/><V119/><F119/><W81/><G80/><T100/><D98/><U19/><E10/><V2/><F2/><W110/><G99/><T0/><D0/><U105/><E105/><V75/><F75/><W3/><G3/><T106/><D71/><U20/><E33/><V101/><AGARI ba="1,1" hai="22,25,29,65,66,76,77,78,93,97,101" m="25031" machi="101" ten="30,1100,0" yaku="8,1" doraHai="127" who="2" fromWho="2" sc="405,-4,122,-4,253,24,210,-6" /><INIT seed="4,0,0,5,4,64" ten="401,118,277,204" oya="0" hai0="23,89,128,50,134,124,63,15,100,19,135,118,70" hai1="24,34,7,38,74,122,72,106,91,41,22,125,53" hai2="9,16,65,117,95,48,67,83,20,3,30,109,6" hai3="13,101,127,62,103,61,76,33,25,86,47,45,49"/><T28/><D118/><U92/><E106/><V10/><F109/><W130/><G127/><T42/><D100/><N who="3" m="38473" /><G33/><T18/><D124/><U85/><E92/><V94/><F117/><W71/><G13/><T84/><D28/><U126/><E122/><V102/><F30/><W104/><G104/><T116/><D116/><U112/><E34/><V120/><F120/><W114/><G114/><T81/><D128/><U8/><E112/><V39/><F39/><W131/><G25/><T93/><D42/><U29/><E126/><V36/><F36/><W96/><G96/><T82/><D50/><U21/><E21/><V87/><F102/><W119/><G76/><T54/><D54/><U46/><E53/><V1/><F48/><W133/><G86/><T78/><D19/><U132/><E132/><N who="0" m="50729" /><D78/><U107/><E107/><V31/><F31/><W52/><G133/><T5/><D5/><U66/><E66/><AGARI ba="0,0" hai="15,18,23,63,66,70,81,82,84,89,93" m="50729" machi="66" ten="30,2900,0" yaku="20,1,52,1" doraHai="64" who="0" fromWho="1" sc="401,29,118,-29,277,0,204,0" /><INIT seed="4,1,0,3,5,94" ten="430,89,277,204" oya="0" hai0="72,59,11,107,125,57,3,63,112,27,25,116,111" hai1="92,37,53,131,76,64,83,121,30,15,7,105,98" hai2="95,117,41,135,24,5,82,97,120,122,1,49,42" hai3="88,77,71,60,80,54,87,78,106,48,99,119,81"/><T40/><D116/><U129/><E105/><V33/><F117/><W74/><G119/><T9/><D40/><U0/><E0/><V62/><F42/><W91/><G71/><T2/><D63/><U79/><E37/><V6/><F135/><W50/><G60/><T14/><D107/><U18/><E7/><V13/><F1/><W102/><G54/><T43/><D43/><U19/><E30/><V75/><F33/><W86/><G50/><T65/><D65/><U17/><E64/><V23/><F62/><W8/><G48/><T44/><D44/><U90/><E53/><V4/><F13/><W66/><G66/><T85/><D85/><N who="3" m="32265" /><G8/><T109/><D72/><AGARI ba="1,0" hai="72,74,77,78,80,81,88,91,99,102,106" m="32265" machi="72" ten="30,12000,2" yaku="35,5,52,1,54,1" doraHai="94" who="3" fromWho="0" sc="430,-123,89,0,277,0,204,123" /><INIT seed="5,0,0,0,4,85" ten="307,89,277,327" oya="1" hai0="54,114,27,56,89,122,134,20,5,72,26,98,82" hai1="117,9,73,102,95,109,128,83,74,10,11,46,76" hai2="87,50,84,29,123,64,121,45,113,108,2,131,13" hai3="70,80,90,94,12,40,130,125,4,17,96,52,62"/><U65/><E117/><V30/><F2/><W60/><G130/><T14/><D114/><U19/><E128/><V39/><F39/><W97/><G125/><T36/><D134/><U6/><E109/><V135/><F131/><W31/><G40/><T34/><D122/><U112/><E112/><V1/><F1/><W15/><G31/><T23/><D36/><U78/><E65/><V129/><F129/><W41/><G41/><T59/><D72/><U51/><E19/><V118/><F113/><W61/><G70/><T67/><D34/><U21/><E21/><V75/><F75/><W120/><G120/><T99/><D67/><U43/><E102/><V81/><F118/><W133/><G133/><T49/><D82/><U93/><E6/><V100/><F108/><W7/><G80/><AGARI ba="0,0" hai="9,10,11,43,46,51,73,74,76,78,80,83,93,95" machi="80" ten="40,2000,0" yaku="9,1" doraHai="85" who="1" fromWho="3" sc="307,0,89,20,277,0,327,-20" /><INIT seed="5,1,0,2,2,30" ten="307,109,277,307" oya="1" hai0="109,52,2,43,14,19,114,113,99,96,112,119,27" hai1="6,39,69,36,76,91,4,130,98,105,33,9,93" hai2="65,57,56,126,67,72,59,89,47,135,85,55,23" hai3="104,48,66,31,64,128,73,26,120,118,81,133,124"/><U35/><E69/><V13/><F72/><W29/><G120/><T32/><D109/><U123/><E123/><V68/><F68/><W101/><G48/><T8/><D119/><U21/><E21/><V53/><F126/><W34/><G118/><T16/><D43/><U92/><E105/><V45/><F23/><W18/><G124/><T17/><D2/><U54/><E76/><V131/><F13/><W125/><G125/><T75/><D75/><U10/><E130/><V20/><F20/><W108/><G128/><T95/><D52/><N who="2" m="20042" /><F131/><W58/><G18/><N who="0" m="8519" /><D95/><U122/><E54/><V110/><F110/><W86/><G133/><T0/><D0/><U42/><E42/><V60/><F135/><W49/><G108/><T51/><D51/><U50/><E50/><V100/><F100/><W129/><G129/><T80/><D80/><U63/><E122/><V41/><F41/><W3/><G3/><T70/><D70/><U24/><E24/><V106/><F106/><W87/><G73/><T44/><D44/><N who="2" m="16970" /><F60/><W117/><G117/><T103/><D103/><U132/><E132/><V25/><F25/><W121/><G121/><T79/><D79/><U71/><E71/><V38/><F38/><W134/><G134/><T5/><D5/><U15/><E63/><V82/><AGARI ba="1,0" hai="56,57,59,65,67,82,85,89" m="16970,20042" machi="82" ten="30,2000,0" yaku="8,1,54,1" doraHai="30" who="2" fromWho="2" sc="307,-6,109,-11,277,23,307,-6" /><INIT seed="6,0,0,5,4,42" ten="301,98,300,301" oya="2" hai0="52,26,20,78,108,40,8,36,96,134,4,107,74" hai1="131,60,73,50,113,83,77,11,135,112,33,82,7" hai2="79,57,128,12,132,109,125,35,23,3,75,102,44" hai3="88,43,9,68,34,98,103,13,90,114,92,24,126"/><V115/><F102/><W129/><G68/><T124/><D108/><U89/><E33/><V116/><F57/><W17/><G126/><T28/><D124/><U72/><E131/><V87/><F87/><W10/><G129/><T58/><D134/><U49/><E60/><V117/><F12/><W111/><G111/><T66/><D66/><U53/><E135/><V84/><F23/><W130/><G130/><T61/><D74/><U37/><E37/><V30/><F44/><W6/><G114/><T120/><D120/><U99/><E99/><V31/><F84/><W2/><G43/><T119/><D119/><U41/><E41/><V97/><F97/><W0/><G0/><T81/><D78/><U25/><E25/><V29/><F30/><W39/><G39/><T70/><D81/><U1/><E50/><V32/><F29/><W69/><G69/><T48/><D70/><U21/><E21/><V133/><F31/><W110/><G110/><T67/><D107/><U105/><E105/><V65/><F65/><W80/><G80/><T85/><D85/><U122/><E122/><V59/><F59/><W62/><G62/><T64/><D96/><U93/><E93/><V104/><F79/><W94/><G94/><T63/><D40/><U123/><E123/><V51/><F51/><W95/><G95/><T22/><D36/><U76/><E89/><V106/><F128/><W47/><G47/><AGARI ba="0,0" hai="1,7,11,47,49,53,72,73,76,77,82,83,112,113" machi="47" ten="40,2600,0" yaku="9,1,52,1" doraHai="42" who="1" fromWho="3" sc="301,0,98,26,300,0,301,-26" /><INIT seed="7,0,0,2,0,71" ten="301,124,300,275" oya="3" hai0="128,12,48,44,51,111,86,34,98,23,42,24,61" hai1="96,101,69,5,88,46,40,33,38,118,108,122,113" hai2="66,70,114,26,13,62,59,10,9,123,92,22,56" hai3="35,103,17,19,91,124,54,131,130,72,127,49,105"/><W102/><G35/><T116/><D111/><U73/><E5/><V110/><F110/><W29/><G72/><T55/><D116/><U83/><E88/><V135/><F123/><W14/><G29/><N who="0" m="17567" /><D34/><U45/><E83/><V132/><F92/><W58/><G91/><T31/><D128/><N who="3" m="49193" /><G105/><T39/><D31/><U120/><E96/><V99/><F99/><W119/><G119/><T16/><D39/><U80/><E101/><N who="3" m="38410" /><G14/><T63/><D98/><U90/><E90/><V18/><F114/><W28/><G28/><T68/><D86/><U79/><E118/><V133/><F10/><W89/><G89/><T4/><D4/><AGARI ba="0,0" hai="4,9,13,18,22,26,56,59,62,66,70,132,133,135" machi="4" ten="40,1300,0" yaku="20,1" doraHai="71" who="2" fromWho="0" sc="301,-13,124,0,300,13,275,0" owari="288,9,124,-38,313,41,275,-12" /></mjloggm>