<mjloggm ver="2.3"><GO type="193"/><UN n0="%E3%82%A6%E3%83%AB%E3%83%88%E3%83%A9%E7%AB%8B%E7%9B%B4" n1="%E3%82%B5%E3%83%BC%E3%83%90%E3%83%A1%E3%83%B3%E3%83%86" n2="%43%61%6C%6B%61%6E" n3="%E3%82%B3%E3%82%BB%E3%83%89%E3%83%A9%E3%82%B4%E3%83%B3" dan="11,14,13,12" rate="1767,1792,1728,1721" sx="M,M,M,M"/><TAIKYOKU oya="0"/><INIT seed="0,0,0,4,1,70" ten="250,250,250,250" oya="0" hai0="55,77,40,105,119,21,57,87,95,0,66,44,54" hai1="62,127,9,132,114,107,99,3,98,67,97,69,126" hai2="120,23,8,93,60,33,85,68,25,80,76,115,73" hai3="102,11,110,108,59,91,7,17,16,130,71,13,51" shuffle="mt19937ar,D97F0AD7,78EE35A6,E4B16BDC,6D69D707,244AA277,30B7803C,4E46D242,AA167983"/><T125/><D105/><U94/><E107/><V112/><F120/><W49/><G71/><T38/><D0/><U82/><E82/><V113/><F33/><W83/><G102/><T15/><D119/><U12/><E3/><V121/><F121/><W109/><G130/><T65/><D125/><N who="1" m="47627" /><E114/><V18/><F8/><W123/><G123/><T135/><D135/><U53/><E53/><V116/><F116/><W45/><G59/><T63/><D55/><U134/><E94/><V131/><F131/><W129/><G129/><T103/><D77/><U19/><AGARI ba="0,0" hai="9,12,19,62,67,69,97,98,99,132,134" m="47627" machi="19" ten="40,1500,0" yaku="18,1" doraHai="70" who="1" fromWho="1" sc="250,-7,250,15,250,-4,250,-4" /><INIT seed="1,0,0,0,3,69" ten="243,265,246,246" oya="1" hai0="120,74,17,86,130,111,5,57,131,99,21,27,35" hai1="65,61,119,135,53,88,116,77,40,32,81,60,125" hai2="18,80,101,26,72,54,128,52,49,114,75,47,90" hai3="62,95,39,109,19,122,11,25,7,67,41,63,71" shuffle="mt19937ar,A4AF7730,4B46726C,05DB81CE,5C0B5254,2936BE16,C4CA9365,4E86C69E,0F7515D7"/><U102/><E32/><V100/><F114/><W31/><G122/><T48/><D74/><U82/><E102/><V12/><F72/><W42/><G109/><T3/><D99/><U118/><E40/><V20/><F75/><W64/><G39/><T105/><D105/><U68/><E125/><V110/><F110/><W4/><G95/><T106/><D86/><U58/><E135/><V59/><F128/><N who="0" m="49194" /><D106/><U79/><REACH who="1" step="1"/><E88/><REACH who="1" step="2"/><V104/><F104/><W22/><G4/><T127/><D111/><U132/><E132/><V113/><F113/><W24/><G63/><T134/><D134/><U50/><E50/><V6/><F101/><W92/><G67/><T51/><D127/><U37/><E37/><V85/><F100/><W23/><REACH who="3" step="1"/><G92/><REACH who="3" step="2"/><T9/><D120/><U123/><E123/><V78/><F6/><W34/><G34/><T126/><D126/><U10/><E10/><V70/><F70/><W117/><G117/><T33/><D48/><U73/><E73/><V16/><F78/><AGARI ba="0,2" hai="53,58,60,61,65,68,77,78,79,81,82,116,118,119" machi="78" ten="40,2000,0" yaku="1,1,53,0" doraHai="69" doraHaiUra="36" who="1" fromWho="2" sc="243,0,255,40,246,-20,236,0" /><INIT seed="1,1,0,0,2,98" ten="243,295,226,236" oya="1" hai0="6,111,110,94,132,61,58,29,13,108,27,118,37" hai1="86,135,103,55,71,84,25,23,14,12,44,30,53" hai2="73,1,99,88,49,113,24,48,52,112,8,60,127" hai3="26,17,72,66,5,67,56,9,35,11,92,119,54" shuffle="mt19937ar,B421633E,C0A1FD45,876FA57B,DFD945D9,7F84B643,3B2DF928,59449A20,B29B0035"/><U102/><E71/><V62/><F73/><W16/><G72/><T90/><D37/><U68/><E68/><V32/><F48/><N who="3" m="30791" /><G119/><T117/><D132/><U131/><E135/><V95/><F127/><W43/><G43/><T34/><D13/><N who="1" m="5227" /><E131/><V20/><F32/><W101/><G35/><T15/><D15/><U64/><E64/><N who="3" m="24618" /><G5/><T74/><D74/><U89/><E86/><V91/><F91/><W10/><G26/><T87/><REACH who="0" step="1"/><D6/><REACH who="0" step="2"/><U75/><E75/><V96/><F8/><N who="3" m="2051" /><W36/><DORA hai="42" /><G36/><T45/><D45/><U2/><E2/><V109/><F1/><W46/><G46/><T97/><D97/><AGARI ba="1,1" hai="16,17,92,97,101" m="2051,24618,30791" machi="97" ten="40,5200,0" yaku="8,1,52,1,54,1" doraHai="98,42" who="3" fromWho="0" sc="233,-55,295,0,226,0,236,65" /><INIT seed="2,0,0,3,4,71" ten="178,295,226,301" oya="2" hai0="26,66,88,3,114,134,62,125,7,48,64,87,40" hai1="65,43,123,57,38,22,93,115,124,29,17,45,120" hai2="13,90,12,32,94,104,108,23,89,102,84,121,50" hai3="95,69,79,128,101,11,113,1,105,76,117,14,72" shuffle="mt19937ar,A55B178F,A2F6FEAE,9EC5DA56,C21128FB,5DB1E6F6,75B08850,4BF37630,06B5A6FD"/><V58/><F32/><W100/><G117/><T63/><D114/><U34/><E115/><V20/><F121/><W60/><G69/><T74/><D74/><U78/><E124/><V135/><F104/><W28/><G1/><T80/><D125/><U0/><E0/><V9/><F102/><W131/><G113/><T106/><D106/><U81/><E93/><V42/><F135/><W56/><G28/><T112/><D112/><U6/><E6/><V75/><F75/><W67/><G105/><T122/><D122/><U85/><E29/><V30/><F108/><W15/><G72/><T46/><D134/><U73/><E34/><V2/><F2/><W16/><G14/><N who="2" m="5737" /><F9/><W4/><G4/><T5/><D26/><U52/><E65/><V55/><F42/><W44/><G44/><T70/><REACH who="0" step="1"/><D3/><REACH who="0" step="2"/><U119/><E73/><V25/><F23/><W107/><G107/><T116/><D116/><U98/><E119/><V97/><F89/><W18/><G131/><T8/><D8/><U31/><E123/><V21/><F21/><W68/><G128/><T77/><D77/><N who="3" m="29769" /><G68/><AGARI ba="0,1" hai="5,7,40,46,48,62,63,64,66,68,70,80,87,88" machi="68" ten="30,7700,0" yaku="1,1,7,1,9,1,54,1,53,0" doraHai="71" doraHaiUra="10" who="0" fromWho="3" sc="168,87,295,0,226,0,301,-77" /><INIT seed="3,0,0,5,0,19" ten="255,295,226,224" oya="3" hai0="50,38,25,5,78,100,16,18,119,105,7,94,70" hai1="30,109,13,4,75,22,83,129,93,81,15,42,111" hai2="56,20,59,51,95,98,1,69,107,96,97,32,3" hai3="63,29,88,26,106,47,55,58,54,71,0,118,14" shuffle="mt19937ar,4D18B22E,422C7CB3,E5561E5D,FCCE9E48,17031184,0DF1985F,B99AD30F,965377ED"/><W35/><G118/><T103/><D70/><U124/><E129/><V131/><F69/><W67/><G106/><T64/><D38/><U23/><E124/><V8/><F32/><W49/><G0/><T84/><D105/><U17/><E93/><V36/><F36/><W46/><G14/><N who="1" m="5130" /><E4/><N who="0" m="1609" /><D18/><U115/><E115/><V121/><F107/><W123/><G123/><T76/><D64/><U33/><E75/><V68/><F68/><W37/><G37/><T44/><D119/><U11/><E11/><V62/><F8/><W41/><G41/><T24/><D24/><N who="1" m="18631" /><E42/><V128/><F95/><W74/><G74/><T65/><D65/><U72/><E23/><V80/><F80/><W99/><REACH who="3" step="1"/><G55/><REACH who="3" step="2"/><T102/><D94/><AGARI ba="0,1" hai="26,29,35,46,47,49,54,58,63,67,71,88,94,99" machi="94" ten="40,7700,0" yaku="1,1,2,1,54,1,53,0" doraHai="19" doraHaiUra="114" who="3" fromWho="0" sc="255,-77,295,0,226,0,214,87" owari="178,-22,295,5,226,-12,301,29" /></mjloggm>