<mjloggm ver="2.3"><GO type="193"/><UN n0="%6D%69%6C%61%6E%32%31" n1="%E3%82%A6%E3%83%AB%E3%83%88%E3%83%A9%E7%AB%8B%E7%9B%B4" n2="%65%62%69%66%75%72%61%69" n3="%E4%B9%85%E5%9C%B0%E9%99%A2%E7%BE%8E%E8%8F%AF" dan="11,11,12,10" rate="1604,1786,1623,1783" sx="M,M,M,F"/><TAIKYOKU oya="0"/><INIT seed="0,0,0,1,1,9" ten="250,250,250,250" oya="0" hai0="69,14,116,90,86,18,17,75,123,135,96,126,36" hai1="10,5,84,4,48,26,113,57,125,67,72,91,30" hai2="109,115,41,47,7,119,133,31,63,76,55,25,15" hai3="114,98,106,29,130,81,23,73,102,108,112,51,65" shuffle="mt19937ar,F86CFEA6,A4745B4A,99F6F67E,E8B08984,EA4BAF5B,77698759,72FF2DFC,DECB5058"/><T83/><D69/><U78/><E72/><V118/><F115/><W100/><G108/><T1/><D116/><N who="2" m="44586" /><F133/><W46/><G130/><T124/><D123/><U131/><E78/><V87/><F109/><W49/><G65/><T117/><D117/><U82/><E125/><N who="0" m="48233" /><D1/><U110/><E110/><V94/><F63/><W37/><G37/><T61/><D135/><U12/><E131/><V60/><F60/><W97/><G51/><T54/><D36/><U24/><E113/><V39/><F76/><W43/><G81/><T103/><D54/><U77/><E77/><V66/><F55/><W107/><REACH who="3" step="1"/><G73/><REACH who="3" step="2"/><T35/><D75/><U64/><E64/><V19/><F66/><W80/><G80/><T27/><D61/><U2/><E67/><V62/><F94/><W33/><G33/><T8/><D35/><U6/><E2/><V127/><F127/><W28/><G28/><T132/><D132/><U58/><E30/><V50/><F31/><W92/><G92/><T85/><D85/><U11/><E48/><V68/><F62/><W99/><G99/><T44/><D44/><U129/><E129/><V20/><F68/><W0/><G0/><T74/><D74/><U134/><E134/><V71/><F71/><W120/><G120/><T122/><D122/><U56/><E82/><V38/><F87/><W104/><G104/><T111/><D111/><U45/><E84/><V22/><F7/><W101/><G101/><T21/><D103/><U34/><E6/><V95/><F95/><W89/><G89/><T32/><D32/><U128/><E91/><V52/><F41/><RYUUKYOKU ba="0,1" sc="250,10,250,-30,250,10,240,10" hai0="8,14,17,18,21,27,83,86,90,96" hai2="15,19,20,22,25,38,39,47,50,52" hai3="23,29,43,46,49,97,98,100,102,106,107,112,114" /><INIT seed="0,1,1,4,0,74" ten="260,220,260,250" oya="0" hai0="124,106,65,22,121,11,62,48,83,127,6,32,33" hai1="122,0,40,67,18,119,135,26,115,81,51,64,39" hai2="116,102,111,25,1,80,10,87,120,88,107,35,36" hai3="68,131,101,125,130,104,53,71,99,128,97,84,109" shuffle="mt19937ar,3B9EAE67,3C767FE3,5C920282,1461C064,BAA5E8EF,5CF2FC72,F8ED6C98,22437618"/><T49/><D106/><U129/><E18/><V75/><F120/><W98/><G109/><T58/><D83/><U19/><E26/><V61/><F36/><W28/><G125/><N who="0" m="48203" /><D22/><U59/><E19/><V57/><F116/><W96/><G28/><T46/><D11/><U105/><E81/><V54/><F111/><W133/><G133/><T9/><D9/><U114/><E59/><V91/><F35/><N who="0" m="13386" /><D6/><U43/><E51/><N who="0" m="19529" /><D121/><U123/><E105/><V113/><F113/><W2/><G53/><T82/><D82/><U16/><E16/><V134/><F134/><W56/><G84/><T52/><D46/><U103/><E135/><V17/><F107/><W50/><G50/><T89/><D89/><U37/><E0/><V70/><F70/><N who="3" m="26667" /><G56/><T100/><D100/><U34/><E34/><V79/><F102/><W112/><G112/><T73/><D73/><U12/><E103/><V63/><F1/><AGARI ba="1,1" hai="1,2,96,97,98,99,101,104,128,130,131" m="26667" machi="1" ten="40,1300,0" yaku="19,1" doraHai="74" who="3" fromWho="2" sc="260,0,220,0,260,-16,250,26" /><INIT seed="1,0,0,2,5,8" ten="260,220,244,276" oya="1" hai0="39,113,76,14,66,47,109,111,103,36,12,13,55" hai1="115,110,11,124,106,112,40,134,98,128,49,94,10" hai2="17,79,69,102,51,4,63,3,95,31,64,34,33" hai3="119,54,121,58,2,70,48,73,37,46,27,68,116" shuffle="mt19937ar,2B795382,9B1AD041,0CE415B9,F1113848,7BC7F8F7,B05B92C1,3904C2E5,6D198E6C"/><U45/><E106/><V26/><F3/><W123/><G2/><T96/><D76/><U41/><E124/><V77/><F4/><W101/><G27/><T65/><D113/><U78/><E128/><V107/><F34/><W120/><G101/><T104/><D55/><U60/><E134/><V24/><F51/><N who="3" m="31071" /><G73/><T83/><D83/><U50/><E110/><N who="0" m="41993" /><D47/><U122/><E122/><V80/><F80/><W117/><G37/><AGARI ba="0,0" hai="12,13,14,36,37,39,65,66,96,103,104" m="41993" machi="37" ten="40,8000,1" yaku="14,1,52,3" doraHai="8" who="0" fromWho="3" sc="260,80,220,0,244,0,276,-80" /><INIT seed="2,0,0,5,2,29" ten="340,220,244,196" oya="2" hai0="72,73,71,10,37,87,88,84,66,132,126,76,123" hai1="13,54,124,113,26,129,128,2,44,51,103,53,106" hai2="36,43,34,69,95,12,121,59,133,38,11,62,0" hai3="16,119,40,18,107,109,120,118,104,86,98,135,61" shuffle="mt19937ar,8890E98F,7CAEE202,37E4C0DF,F3C431B3,10AC673E,BD6B91C3,271108AF,0016CE2C"/><V82/><F121/><W111/><G40/><T21/><D37/><U28/><E2/><V6/><F133/><W35/><G120/><T114/><D66/><U48/><E113/><V32/><F69/><W89/><G135/><T3/><D21/><U41/><E103/><V81/><F38/><W125/><G61/><T39/><D39/><U67/><E106/><V105/><F105/><W117/><G98/><T74/><D71/><U93/><E93/><V116/><F116/><W91/><G86/><T45/><D45/><U100/><E100/><V50/><F36/><W55/><G55/><T77/><D10/><U130/><E67/><V85/><F0/><W20/><G125/><T99/><D3/><U30/><E124/><V14/><F14/><W134/><G134/><T9/><D9/><U22/><E30/><V46/><F95/><W52/><G52/><T17/><D17/><N who="3" m="6761" /><G20/><T75/><N who="0" m="18944" /><DORA hai="56" /><T79/><D123/><U83/><E83/><V8/><F8/><W31/><G31/><T27/><D27/><U25/><E25/><V102/><F102/><W64/><G64/><T24/><D24/><U122/><E122/><V60/><F82/><W80/><G80/><T57/><D57/><U4/><E4/><V101/><F101/><W1/><G1/><T115/><D126/><U70/><E13/><V78/><F60/><W90/><G35/><T5/><D5/><U110/><E70/><V33/><F33/><W7/><G7/><T96/><D132/><U97/><E129/><V49/><F49/><W112/><G112/><N who="0" m="43051" /><D88/><N who="3" m="22529" /><W108/><AGARI ba="0,0" hai="104,107,108,109,111,117,118,119" m="22529,6761" machi="108" ten="50,12000,2" yaku="4,1,28,2,14,1,54,2" doraHai="29,56" who="3" fromWho="3" sc="340,-30,220,-30,244,-60,196,120" /><INIT seed="3,0,0,3,1,8" ten="310,190,184,316" oya="3" hai0="55,69,46,50,123,86,100,28,43,41,51,91,33" hai1="105,25,36,76,2,68,23,84,11,101,95,47,98" hai2="64,5,18,53,80,54,49,16,45,88,106,113,114" hai3="85,0,107,48,96,26,3,78,135,63,40,38,22" shuffle="mt19937ar,628595DF,C5EEB708,42365C02,526AECF7,4165217A,EE9D95C1,49C1BF8B,1C811592"/><W74/><G74/><T20/><D69/><U116/><E68/><V70/><F106/><W118/><G118/><T127/><D33/><U81/><E116/><V1/><F70/><W72/><G72/><T103/><D123/><U19/><E36/><V120/><F120/><W66/><G38/><T122/><D122/><U110/><E47/><V92/><F64/><W90/><G135/><T32/><D32/><U111/><E2/><V24/><F113/><W82/><G78/><T17/><D28/><U131/><E131/><V39/><F114/><W34/><G34/><T129/><D129/><U7/><E7/><V117/><F117/><W130/><G130/><T126/><D126/><U99/><E11/><V61/><F39/><W13/><G13/><N who="0" m="9263" /><D127/><U56/><E56/><N who="2" m="32815" /><F1/><W71/><G48/><T35/><D35/><U62/><E62/><V27/><F5/><W30/><REACH who="3" step="1"/><G40/><REACH who="3" step="2"/><N who="0" m="15435" /><D50/><U115/><E115/><V52/><F80/><AGARI ba="0,1" hai="46,51,55,80,86,91,100,103" m="15435,9263" machi="80" ten="30,2000,0" yaku="8,1,52,1" doraHai="8" who="0" fromWho="2" sc="310,30,190,0,184,-20,306,0" owari="340,34,190,-16,164,-24,306,6" /></mjloggm>