<mjloggm ver="2.3"><GO type="97"/><UN n0="%61%73%61%6B%69%74%79" n1="%E3%81%8A%E3%83%BC%E3%81%84%E7%88%B6" n2="%6C%69%67%68%74%69%6E%67" n3="%E3%82%A6%E3%83%AB%E3%83%88%E3%83%A9%E7%AB%8B%E7%9B%B4" dan="13,14,15,13" rate="1811,1823,2025,1850" sx="M,M,M,M"/><TAIKYOKU oya="0"/><INIT seed="0,0,0,1,2,103" ten="250,250,250,250" oya="0" hai0="30,28,58,22,49,67,34,68,128,35,61,55,4" hai1="1,74,0,39,132,42,95,53,36,77,83,75,52" hai2="47,37,56,62,81,73,117,79,88,16,32,10,94" hai3="109,64,125,69,26,2,27,115,90,76,25,7,80" shuffle="mt19937ar,271FF584,001420D6,06CA4061,F2C109BA,E9C37B91,049A5FA8,96A9D470,0E2717F5"/><T9/><D128/><U89/><E132/><V86/><F117/><W51/><G64/><T114/><D114/><U123/><E123/><V15/><F32/><W99/><G69/><T23/><D30/><U8/><E95/><V65/><F47/><W71/><G71/><T126/><D126/><U104/><E89/><V59/><F37/><N who="1" m="14409" /><E42/><V127/><F127/><W29/><G125/><T18/><D28/><U63/><E63/><V87/><REACH who="2" step="1"/><F59/><REACH who="2" step="2"/><W121/><G115/><T45/><D68/><U41/><E41/><V96/><AGARI ba="0,1" hai="10,15,16,56,62,65,73,79,81,86,87,88,94,96" machi="96" ten="20,12000,2" yaku="1,1,2,1,0,1,7,1,54,2,53,0" doraHai="103" doraHaiUra="110" who="2" fromWho="2" sc="250,-60,250,-30,240,130,250,-30" /><INIT seed="1,0,0,1,1,47" ten="190,220,370,220" oya="1" hai0="12,28,85,95,98,131,44,102,78,74,72,132,35" hai1="130,43,9,26,82,122,71,34,27,70,5,24,16" hai2="123,46,80,107,33,100,65,42,109,8,84,112,125" hai3="3,116,23,63,48,93,52,77,11,99,104,14,60" shuffle="mt19937ar,EDA6BE8A,E0E73B5A,0E9DC432,94B5F604,2B36CED0,D62E6D95,6B952A03,497034CD"/><U10/><E130/><V7/><F123/><W45/><G116/><T32/><D132/><U87/><E122/><V121/><F109/><W126/><G126/><T97/><D131/><U1/><E43/><V36/><F121/><W20/><G104/><T2/><D2/><U105/><E105/><V22/><F125/><W6/><G77/><T69/><D69/><U59/><E59/><V21/><F33/><W61/><REACH who="3" step="1"/><G3/><REACH who="3" step="2"/><T73/><D78/><U49/><E34/><V51/><F107/><W55/><G55/><T39/><D35/><U135/><E135/><V13/><F65/><W53/><G53/><T38/><D72/><U89/><REACH who="1" step="1"/><E49/><REACH who="1" step="2"/><V30/><F51/><W91/><AGARI ba="0,2" hai="6,11,14,20,23,45,48,52,60,61,63,91,93,99" machi="91" ten="30,8000,1" yaku="1,1,0,1,8,1,52,1,54,1,53,0" doraHai="47" doraHaiUra="101" who="3" fromWho="3" sc="190,-20,210,-40,370,-20,210,100" /><INIT seed="2,0,0,1,3,75" ten="170,170,350,310" oya="2" hai0="127,38,61,85,66,56,40,119,126,25,27,47,59" hai1="57,117,105,22,16,29,9,67,31,39,4,110,18" hai2="51,111,69,94,65,123,96,33,107,24,7,72,134" hai3="124,26,92,79,71,23,100,125,76,89,103,131,41" shuffle="mt19937ar,9FB2468F,E855CE74,67CDDBB4,868F0D4B,BA5CC0D3,D6130CC7,80CDE67D,CB47238D"/><V83/><F123/><W109/><G71/><T64/><D85/><U74/><E117/><V113/><F113/><W52/><G41/><T10/><D10/><U60/><E105/><V116/><F116/><W121/><G121/><T84/><D84/><U93/><E39/><V81/><F134/><W48/><G131/><T11/><D11/><U35/><E18/><V20/><F107/><W115/><G115/><T118/><D27/><U17/><E17/><V12/><F33/><W58/><G109/><T78/><D25/><U28/><E110/><V21/><F111/><W46/><G46/><T54/><D78/><N who="3" m="29737" /><G124/><T36/><D119/><U14/><E74/><V15/><F69/><W128/><G128/><T133/><D118/><U101/><E101/><V90/><F65/><W91/><G125/><N who="0" m="47627" /><D133/><U88/><E35/><V135/><F135/><W86/><G91/><T49/><D59/><U34/><E34/><V45/><F72/><W32/><G32/><T98/><D98/><U8/><REACH who="1" step="1"/><E4/><REACH who="1" step="2"/><V130/><F130/><W53/><G53/><T82/><D36/><U1/><E1/><V108/><F108/><W43/><G43/><T129/><D129/><U77/><E77/><V63/><F7/><W70/><G70/><N who="0" m="42255" /><D66/><U114/><E114/><V80/><F12/><W102/><G102/><T95/><D82/><U3/><E3/><V13/><F13/><W44/><G44/><T2/><D2/><U50/><E50/><V104/><F15/><W19/><AGARI ba="0,1" hai="19,23,26,48,52,58,86,89,92,100,103" m="29737" machi="19" ten="30,8000,1" yaku="8,1,52,3,54,1" doraHai="75" who="3" fromWho="3" sc="170,-20,160,-20,350,-40,310,90" /><INIT seed="3,0,0,4,1,93" ten="150,140,310,400" oya="3" hai0="73,54,36,38,112,15,86,100,65,52,14,95,79" hai1="106,66,76,59,32,110,104,108,4,131,31,16,87" hai2="0,45,23,20,123,124,57,5,35,42,94,111,6" hai3="41,40,61,11,105,89,24,47,60,68,121,119,72" shuffle="mt19937ar,4CED0CE7,EA02B5A2,9C898447,25A4E053,159ED474,60768807,DE4D39CA,6FD0542C"/><W12/><G105/><T28/><D65/><U19/><E131/><V71/><F71/><W67/><G72/><T39/><D73/><U126/><E126/><V63/><F124/><W49/><G121/><T17/><D28/><U133/><E133/><V122/><F35/><W18/><G119/><T50/><D54/><U107/><E4/><V88/><F111/><N who="1" m="42537" /><E87/><V62/><F0/><W116/><G116/><T13/><D112/><U2/><E76/><V25/><F63/><W8/><G61/><T64/><D64/><U115/><E115/><V127/><F127/><W125/><G125/><T117/><D117/><U55/><E66/><V82/><F82/><W98/><G24/><T27/><D79/><U80/><E80/><V113/><F113/><W30/><G30/><T46/><D86/><U51/><E2/><V7/><F23/><W44/><G44/><T1/><D1/><U101/><E101/><V10/><F10/><W83/><G83/><T114/><D114/><U118/><E118/><V77/><F77/><W53/><G11/><T3/><D3/><U132/><E132/><V84/><F45/><W48/><G48/><T135/><D135/><U97/><E97/><V29/><REACH who="2" step="1"/><F42/><REACH who="2" step="2"/><N who="3" m="24823" /><G60/><T130/><D130/><U78/><E78/><V103/><F103/><W81/><G41/><T120/><D120/><U37/><E37/><V43/><F43/><W128/><G40/><T75/><D75/><U58/><E58/><V85/><F85/><W34/><G8/><N who="0" m="6311" /><D27/><AGARI ba="0,1" hai="16,19,27,31,32,51,55,59,104,106,107" m="42537" machi="27" ten="40,2600,0" yaku="14,1,54,1" doraHai="93" who="1" fromWho="0" sc="150,-26,140,36,300,0,400,0" owari="124,-28,176,-17,300,5,400,40" /></mjloggm>