<mjloggm ver="2.3"><GO type="41"/><UN n0="%E5%B0%8F%E6%B1%9F%E6%88%B8%E3%81%AE%E3%83%96%E3%83%A9%E3%83%94" n1="%E5%AD%90%E7%88%B5" n2="%79%61%73%75%6F%7A%7A" n3="%E3%82%A6%E3%83%AB%E3%83%88%E3%83%A9%E7%AB%8B%E7%9B%B4" dan="13,14,15,15" rate="1825,1903,2070,2001" sx="M,M,M,M"/><TAIKYOKU oya="0"/><INIT seed="0,0,0,1,2,21" ten="250,250,250,250" oya="0" hai0="125,50,40,111,109,24,60,80,77,29,115,26,42" hai1="5,105,103,64,92,106,14,67,43,102,59,28,8" hai2="98,56,65,108,55,116,90,84,68,110,47,70,124" hai3="20,121,23,96,30,38,112,12,114,15,120,83,131"/><T101/><D29/><U78/><E106/><V97/><F124/><W41/><G96/><N who="2" m="36969" /><F65/><W93/><G93/><T134/><D125/><U61/><E105/><V25/><F47/><W54/><G83/><T89/><D115/><U113/><E113/><V63/><F116/><W122/><G41/><T126/><D126/><U62/><E92/><N who="2" m="54343" /><F25/><N who="0" m="9834" /><D101/><U73/><E73/><V45/><F45/><W135/><G38/><T35/><D35/><U19/><E78/><V10/><F10/><W99/><G122/><T100/><D100/><N who="1" m="38443" /><E28/><V88/><F88/><W16/><G114/><T17/><D89/><U4/><E43/><N who="0" m="16425" /><D60/><N who="1" m="23147" /><E59/><V72/><F72/><W91/><G112/><T86/><D17/><U129/><E129/><V76/><F76/><W133/><G131/><T104/><D104/><U37/><E37/><V75/><F75/><W49/><G120/><T71/><D71/><U34/><E34/><V31/><F31/><W53/><G121/><T32/><D32/><U6/><AGARI ba="0,0" hai="4,5,6,8,14,19,64,67" m="23147,38443" machi="6" ten="30,1100,0" yaku="8,1" doraHai="21" who="1" fromWho="1" sc="250,-5,250,11,250,-3,250,-3" /><INIT seed="1,0,0,1,0,73" ten="245,261,247,247" oya="1" hai0="74,85,3,86,38,103,18,95,128,100,94,14,104" hai1="6,35,57,87,90,122,82,60,27,2,112,118,53" hai2="132,40,134,31,121,5,56,123,99,135,45,91,63" hai3="88,93,70,9,11,89,24,102,98,66,77,125,43"/><U20/><E112/><V30/><F5/><W109/><G125/><T84/><D3/><U72/><E118/><V55/><F91/><W59/><G70/><T7/><D7/><U54/><E122/><V1/><F1/><W12/><G43/><T110/><D38/><U97/><E35/><V115/><F99/><W21/><G109/><T75/><D18/><U124/><E124/><V16/><F115/><W37/><G37/><T64/><D64/><U25/><E2/><V15/><F31/><N who="3" m="17807" /><G77/><T22/><D22/><U0/><E0/><V78/><F30/><W58/><G11/><T50/><D50/><U28/><E6/><V29/><F29/><W19/><G59/><T47/><D14/><U42/><E42/><V76/><F121/><W80/><G80/><T117/><D47/><U49/><E72/><N who="0" m="27689" /><D110/><U131/><E131/><V32/><F32/><W48/><G48/><T116/><D128/><U111/><E111/><V119/><F119/><N who="0" m="45642" /><D104/><U108/><E108/><V71/><F71/><W113/><G113/><T101/><AGARI ba="0,0" hai="84,85,86,94,95,100,101,103" m="45642,27689" machi="101" ten="40,8000,1" yaku="28,2,34,2" doraHai="73" who="0" fromWho="0" sc="245,80,261,-40,247,-20,247,-20" /><INIT seed="2,0,0,1,1,98" ten="325,221,227,227" oya="2" hai0="2,125,92,132,101,25,124,119,24,82,112,40,100" hai1="28,32,3,99,97,116,48,62,52,17,29,81,108" hai2="135,22,104,10,55,46,65,34,73,87,118,67,56" hai3="36,121,5,120,4,77,123,47,63,117,33,102,105"/><V134/><F34/><W44/><G77/><T93/><D2/><U109/><E116/><V76/><F73/><W129/><G33/><T43/><D119/><U68/><E3/><V26/><F104/><W94/><G117/><T89/><D82/><U37/><E37/><V128/><F118/><W7/><G105/><T27/><D89/><U72/><E68/><V18/><F128/><W127/><G129/><T114/><REACH who="0" step="1"/><D25/><REACH who="0" step="2"/><U61/><E81/><N who="2" m="47527" /><F134/><AGARI ba="0,1" hai="24,27,40,43,92,93,100,101,112,114,124,125,132,134" machi="134" ten="25,8000,1" yaku="1,1,22,2,52,2,53,0" doraHai="98" doraHaiUra="106" who="0" fromWho="2" sc="315,90,221,0,227,-80,227,0" /><INIT seed="3,0,0,0,3,64" ten="405,221,147,227" oya="3" hai0="131,39,59,16,40,31,6,29,105,0,52,38,94" hai1="89,12,2,11,65,13,87,116,90,76,28,129,81" hai2="25,21,23,109,54,10,33,103,58,73,104,107,61" hai3="108,110,53,124,82,68,102,80,111,5,14,18,7"/><W117/><G102/><T75/><D105/><U35/><E116/><V74/><F109/><W84/><G117/><T133/><D75/><U26/><E129/><V99/><F104/><W71/><G53/><T48/><D133/><U62/><E2/><V128/><F128/><W27/><G124/><T67/><D131/><U95/><E11/><V127/><F127/><W42/><G42/><T37/><D0/><U119/><E89/><V91/><F33/><W9/><G82/><T51/><D6/><N who="3" m="2057" /><G27/><T135/><D135/><U32/><E35/><V34/><F34/><W125/><G125/><T69/><D16/><U123/><E123/><V79/><F10/><W132/><G132/><T1/><D1/><U63/><E63/><V93/><F23/><W122/><G122/><T88/><D48/><U47/><E47/><V41/><F41/><W60/><G60/><N who="0" m="40167" /><D37/><U44/><E44/><V112/><F79/><AGARI ba="0,0" hai="9,14,18,68,71,79,80,84,108,110,111" m="2057" machi="79" ten="30,11600,0" yaku="14,1,10,1,52,2" doraHai="64" who="3" fromWho="2" sc="405,0,221,0,147,-116,227,116" /><INIT seed="3,1,0,4,4,90" ten="405,221,31,343" oya="3" hai0="135,85,30,134,77,55,128,14,35,61,52,98,33" hai1="1,26,27,122,13,114,28,43,53,117,97,109,16" hai2="92,36,32,41,116,107,8,100,115,132,56,31,20" hai3="68,106,79,24,65,130,50,67,81,131,15,93,63"/><W102/><G106/><T84/><D128/><N who="3" m="49193" /><G65/><T25/><D77/><U44/><E114/><V38/><F116/><W58/><G24/><T11/><D35/><U69/><E122/><V86/><F32/><W37/><G37/><T29/><D29/><U105/><E117/><V54/><F132/><N who="0" m="50730" /><D98/><U74/><E1/><V110/><F115/><W113/><G113/><T45/><D45/><U80/><E69/><V21/><F110/><W89/><G102/><T17/><D61/><U82/><E109/><V60/><F38/><W46/><G15/><T71/><D71/><U120/><E120/><V119/><F119/><W133/><G133/><T57/><D57/><U7/><E7/><V104/><F104/><W49/><G68/><T78/><D85/><U34/><E27/><V103/><F107/><W18/><G18/><T124/><D124/><U83/><E53/><V10/><F36/><W126/><G126/><T73/><D73/><U72/><E105/><V121/><F121/><W125/><G125/><T51/><D51/><U6/><E6/><V70/><F70/><W9/><G46/><T75/><D75/><U96/><E74/><V12/><F31/><W101/><G101/><T66/><D66/><U47/><E72/><V2/><F103/><W48/><G79/><T99/><D99/><N who="1" m="37963" /><E43/><V23/><F41/><W0/><G81/><AGARI ba="1,0" hai="11,14,17,25,30,33,52,55,78,81,84" m="50730" machi="81" ten="30,2000,0" yaku="20,1,54,1" doraHai="90" who="0" fromWho="3" sc="405,23,221,0,31,0,343,-23" /><INIT seed="4,0,0,2,4,79" ten="428,221,31,320" oya="0" hai0="105,15,65,54,114,28,81,117,50,29,25,120,89" hai1="82,133,124,126,64,43,113,107,84,7,108,10,2" hai2="102,121,75,48,18,131,23,68,55,127,85,106,13" hai3="100,104,1,61,9,78,36,73,111,39,27,3,12"/><T74/><D105/><U57/><E107/><V135/><F68/><W59/><G111/><T122/><D117/><U6/><E108/><V21/><F121/><W47/><G100/><T37/><D37/><U14/><E133/><V46/><F75/><W45/><G104/><T99/><D65/><U17/><E43/><V60/><F135/><W71/><G71/><T70/><D70/><U119/><E119/><V112/><F112/><W110/><G110/><T35/><D114/><U86/><E113/><V97/><F131/><W19/><G39/><T98/><D29/><U33/><E86/><V4/><F4/><W118/><G118/><T101/><D15/><U40/><E40/><V22/><F127/><N who="1" m="48681" /><E33/><V132/><F132/><W94/><G3/><T51/><D51/><U134/><E134/><V80/><REACH who="2" step="1"/><F60/><REACH who="2" step="2"/><W34/><G73/><T125/><D125/><U20/><E7/><V41/><F41/><W56/><G61/><T24/><D74/><U30/><E6/><V38/><F38/><W109/><G36/><T72/><D72/><U5/><E5/><V26/><F26/><W69/><G27/><T96/><D25/><U123/><E123/><V116/><F116/><W67/><G69/><T83/><D101/><U93/><E2/><V52/><F52/><W66/><G1/><T0/><D0/><U31/><E64/><V128/><F128/><W11/><G67/><T62/><D62/><U63/><E63/><V8/><F8/><W58/><G66/><T130/><D130/><U42/><E10/><N who="3" m="3594" /><G109/><T88/><D122/><U129/><E129/><V115/><F115/><RYUUKYOKU ba="0,1" sc="428,-10,221,-10,21,30,320,-10" hai2="13,18,21,22,23,46,48,55,80,85,97,102,106" /><INIT seed="5,1,1,5,4,90" ten="418,211,51,310" oya="1" hai0="84,118,102,104,91,65,18,10,71,99,67,87,117" hai1="20,40,92,119,51,21,9,31,82,70,49,33,112" hai2="50,81,8,128,109,54,13,83,55,22,101,39,111" hai3="107,88,74,43,17,134,121,60,59,131,24,123,61"/><U75/><E70/><V16/><F39/><W46/><G107/><T29/><D10/><U95/><E119/><V113/><F128/><W12/><G74/><T96/><D18/><U64/><E33/><V19/><F113/><W63/><G131/><T23/><D23/><N who="1" m="8779" /><E75/><V5/><F54/><W114/><G24/><T68/><D29/><U80/><E40/><V45/><F19/><W97/><G114/><T1/><D1/><U15/><E112/><V77/><F101/><W38/><G134/><T62/><D96/><U126/><E64/><V4/><F4/><W57/><G123/><T41/><D41/><U100/><E31/><V79/><F83/><N who="1" m="31785" /><E100/><V27/><REACH who="2" step="1"/><F79/><REACH who="2" step="2"/><W11/><G121/><T122/><D122/><U133/><E133/><V37/><F37/><W98/><G38/><T44/><D118/><U35/><E35/><V32/><F32/><W3/><G43/><T93/><D117/><U0/><E0/><V135/><F135/><W69/><G3/><T34/><D34/><U103/><E103/><V6/><F6/><W127/><G17/><T25/><D102/><U36/><E36/><V124/><F124/><W26/><G127/><T120/><D120/><U56/><E126/><V85/><AGARI ba="1,2" hai="5,8,13,16,22,27,45,50,55,77,81,85,109,111" machi="85" ten="20,5200,0" yaku="1,1,0,1,7,1,54,1,53,0" doraHai="90" doraHaiUra="89" who="2" fromWho="2" sc="418,-14,211,-27,41,75,310,-14" /><INIT seed="6,0,0,2,1,60" ten="404,184,116,296" oya="2" hai0="68,51,46,52,28,3,82,9,20,33,18,49,53" hai1="42,103,61,11,59,115,121,36,6,86,120,104,128" hai2="92,71,1,26,98,14,112,132,131,10,97,129,78" hai3="34,21,41,90,84,109,30,100,74,7,62,17,108"/><V83/><F1/><W102/><G74/><T63/><D68/><U95/><E104/><V93/><F71/><W25/><G41/><T125/><D125/><U5/><E128/><N who="2" m="49227" /><F26/><W77/><G77/><T45/><D33/><U55/><E115/><V29/><F29/><W4/><G100/><T54/><D3/><U89/><E103/><V58/><F58/><W57/><G102/><T38/><D38/><U35/><E35/><V0/><F0/><W67/><G7/><T75/><D28/><U70/><E70/><V43/><F43/><W64/><G4/><T76/><D9/><U12/><E36/><V130/><N who="2" m="49235" /><V66/><DORA hai="85" /><F112/><W2/><G2/><T99/><D99/><N who="2" m="37898" /><F132/><W69/><G69/><T81/><D63/><U16/><REACH who="1" step="1"/><E42/><REACH who="1" step="2"/><V88/><F66/><W106/><G67/><T134/><D134/><U111/><E111/><V27/><F27/><W31/><G106/><T124/><D124/><U48/><E48/><V56/><F56/><W114/><G114/><T79/><D51/><U126/><E126/><V113/><F113/><W37/><G37/><T65/><D65/><U107/><E107/><V39/><F39/><W116/><G108/><T123/><D49/><U40/><E40/><V8/><F14/><N who="3" m="9399" /><G109/><T73/><D46/><U50/><E50/><V32/><F32/><W110/><G110/><T15/><D45/><U133/><E133/><V72/><F93/><N who="3" m="54471" /><G31/><T87/><D54/><U44/><E44/><V91/><F92/><W24/><G24/><T122/><D53/><U135/><E135/><V13/><F13/><W22/><G34/><RYUUKYOKU ba="0,1" sc="404,-30,174,10,116,10,296,10" hai1="5,6,11,12,16,55,59,61,86,89,95,120,121" hai2="8,10,72,78,83,88,91" hai3="22,25,30,57,62,64,116" /><INIT seed="6,1,1,2,5,53" ten="374,184,126,306" oya="2" hai0="80,46,22,128,104,45,19,8,89,14,130,83,121" hai1="123,87,99,113,42,132,60,12,86,37,71,70,105" hai2="129,54,50,78,44,81,93,40,62,32,18,68,116" hai3="102,4,16,34,73,117,17,82,72,90,36,119,55"/><V103/><F116/><W58/><G36/><T15/><D104/><U95/><E105/><V134/><F129/><N who="0" m="49770" /><D121/><U94/><E123/><V126/><F126/><W120/><G120/><T11/><D89/><U110/><E110/><V133/><F32/><W5/><G102/><T43/><D22/><U20/><E132/><N who="2" m="50795" /><F18/><W24/><G90/><T66/><D66/><U1/><E1/><V10/><F10/><N who="0" m="3626" /><D19/><U13/><E113/><V88/><F103/><W92/><G24/><T3/><D43/><U85/><E37/><V107/><F107/><W122/><G34/><T51/><D51/><U27/><E42/><V39/><F68/><W59/><G122/><T30/><D30/><U114/><E114/><V112/><F112/><W74/><G74/><T52/><D52/><U6/><E6/><V41/><F62/><W26/><G55/><T75/><D3/><U101/><E71/><V48/><F39/><W2/><G2/><T84/><D84/><U108/><E108/><V131/><F131/><W125/><G26/><T49/><D49/><U61/><E70/><V9/><F9/><W47/><G47/><N who="0" m="17931" /><D75/><U23/><E95/><V65/><F65/><W28/><G92/><T21/><D21/><N who="1" m="8267" /><E27/><V77/><F48/><W64/><G64/><T97/><D97/><U115/><E115/><V7/><F7/><W63/><G28/><T109/><D109/><U0/><E0/><V29/><F29/><W76/><G63/><AGARI ba="1,1" hai="12,13,60,61,63,85,86,87,94,99,101" m="8267" machi="63" ten="30,1000,0" yaku="8,1" doraHai="53" who="1" fromWho="3" sc="374,0,184,23,126,0,306,-13" /><INIT seed="7,0,0,5,3,87" ten="374,207,126,293" oya="3" hai0="69,59,83,134,132,4,13,29,58,98,53,102,65" hai1="113,41,124,40,79,12,123,112,80,33,126,3,93" hai2="86,17,99,75,47,67,72,81,10,129,71,90,23" hai3="106,42,103,46,85,50,28,38,37,114,119,84,115"/><W120/><G103/><T78/><D29/><U100/><E3/><V16/><F129/><W24/><G106/><T130/><D130/><U52/><E33/><V48/><F72/><W104/><G104/><T57/><D13/><U117/><E123/><V18/><F75/><W63/><G85/><T1/><D4/><U36/><E36/><N who="3" m="13930" /><G84/><T55/><D1/><U88/><E117/><V74/><F74/><W73/><G73/><T133/><D83/><U44/><E100/><V22/><F71/><W5/><G5/><T0/><D0/><U108/><E108/><V77/><F67/><W8/><G8/><T116/><D78/><U95/><E95/><V32/><F32/><W105/><G105/><N who="0" m="63703" /><D116/><U6/><E6/><V7/><F7/><W26/><G119/><T60/><AGARI ba="0,0" hai="53,55,57,58,59,60,65,69,132,133,134" m="63703" machi="60" ten="40,1500,0" yaku="20,1" doraHai="87" who="0" fromWho="0" sc="374,15,207,-4,126,-4,293,-7" owari="389,49,203,-20,122,-38,286,9" /></mjloggm>