<mjloggm ver="2.3"><GO type="41"/><UN n0="%E3%82%A6%E3%83%AB%E3%83%88%E3%83%A9%E7%AB%8B%E7%9B%B4" n1="%E3%83%88%E3%83%A9%EF%BC%92" n2="%EF%BC%8F%EF%BC%88%5E%6F%5E%EF%BC%89%EF%BC%BC" n3="%56%61%6E%67%75%61%72%64" dan="14,14,13,15" rate="1930,1882,1905,1940" sx="M,M,M,M"/><TAIKYOKU oya="0"/><INIT seed="0,0,0,2,3,112" ten="250,250,250,250" oya="0" hai0="71,49,27,73,127,20,64,75,48,99,1,101,15" hai1="109,129,28,33,87,94,82,25,92,32,23,113,22" hai2="38,61,52,105,114,118,70,62,102,117,128,34,54" hai3="37,107,57,84,95,16,79,93,133,45,119,96,55"/><T13/><D1/><U72/><E113/><V89/><F114/><W104/><G37/><T46/><D127/><U53/><E72/><V18/><F128/><W14/><G45/><T26/><D64/><U88/><E129/><V115/><F115/><W126/><G126/><T78/><D71/><U135/><E109/><V106/><F34/><W111/><G111/><T50/><D46/><U76/><E135/><V0/><F0/><W40/><G40/><T24/><D78/><U56/><E33/><V11/><F38/><W134/><G95/><T30/><D30/><U65/><E94/><V121/><F121/><W123/><G84/><T43/><D43/><U125/><E65/><N who="2" m="41263" /><F62/><W10/><G79/><T36/><D36/><U3/><E3/><V21/><F11/><W5/><G5/><T6/><D20/><U17/><E17/><V4/><F4/><W77/><G77/><T69/><D69/><U35/><E35/><V7/><F7/><W91/><G123/><T51/><N who="0" m="12800" /><DORA hai="90" /><T60/><D60/><U8/><E8/><V67/><F67/><W108/><G108/><T124/><D124/><U44/><E44/><V63/><F89/><W98/><G96/><T41/><D41/><U86/><E125/><V31/><F31/><W132/><G119/><N who="2" m="45577" /><F63/><AGARI ba="0,0" hai="10,14,16,55,57,63,91,93,98,104,107,132,133,134" machi="63" ten="40,5200,0" yaku="20,1,52,1,54,1" doraHai="112,90" who="3" fromWho="2" sc="250,0,250,0,250,-52,250,52" /><AGARI ba="0,0" hai="22,23,25,28,32,53,56,63,76,82,86,87,88,92" machi="63" ten="30,3900,0" yaku="7,1,52,1,54,1" doraHai="112,90" who="1" fromWho="2" sc="250,0,250,39,198,-39,302,0" /><INIT seed="1,0,0,2,1,26" ten="250,289,159,302" oya="1" hai0="121,124,72,119,73,25,56,44,97,43,37,87,68" hai1="67,60,20,113,126,116,31,32,86,16,71,118,36" hai2="8,128,133,69,110,112,81,96,131,89,47,77,114" hai3="35,120,61,135,48,5,46,132,12,33,74,2,101"/><U30/><E36/><V88/><F69/><W50/><G74/><T23/><D68/><U100/><E113/><N who="2" m="43627" /><F8/><W95/><G120/><T10/><D119/><U117/><E32/><V63/><F47/><W62/><G2/><T18/><D121/><U109/><E126/><V53/><F63/><W99/><G50/><T98/><D124/><U0/><E109/><V94/><F53/><W76/><G76/><T55/><D87/><U85/><E0/><V108/><F133/><N who="3" m="51275" /><G12/><T130/><D130/><N who="2" m="49706" /><F89/><W24/><G5/><T80/><D10/><U52/><E100/><V123/><F123/><W104/><G104/><T105/><D105/><U78/><E52/><V102/><F102/><W70/><G70/><T42/><D44/><U91/><E91/><V39/><F39/><W1/><G1/><T57/><D37/><U27/><REACH who="1" step="1"/><E78/><REACH who="1" step="2"/><V122/><F122/><W19/><G35/><T111/><D55/><U45/><E45/><V134/><F134/><W82/><G33/><T11/><D43/><U9/><E9/><V79/><F79/><W115/><G115/><T28/><D42/><U75/><E75/><AGARI ba="0,1" hai="75,77,81,88,94,96,108,110" m="49706,43627" machi="75" ten="30,8000,1" yaku="11,1,19,1,34,2,54,1" doraHai="26" who="2" fromWho="1" sc="250,0,279,-80,159,90,302,0" /><INIT seed="2,0,0,2,2,48" ten="250,199,249,302" oya="2" hai0="20,6,58,69,39,108,114,96,102,129,115,110,59" hai1="54,10,89,78,104,11,44,87,81,64,82,112,73" hai2="135,41,85,0,22,83,38,61,43,8,125,92,9" hai3="57,84,97,17,29,121,113,126,67,131,31,50,12"/><V36/><F0/><W55/><G121/><T70/><D20/><U15/><E104/><V120/><F120/><W32/><G126/><T34/><D6/><U128/><E112/><V68/><F125/><W86/><G113/><T13/><D13/><U72/><E128/><V75/><F75/><W116/><G116/><T30/><D96/><U132/><E132/><V80/><F135/><W93/><G131/><T95/><D95/><U130/><E10/><V18/><F68/><W25/><G31/><T88/><D102/><U99/><E130/><V3/><F3/><W76/><G67/><T56/><D129/><U124/><E124/><V122/><F122/><W52/><G76/><T1/><D1/><U4/><E99/><V2/><F2/><W21/><REACH who="3" step="1"/><G55/><REACH who="3" step="2"/><T100/><D114/><U77/><E64/><V47/><F41/><W74/><G74/><T66/><D115/><U28/><E28/><V123/><F43/><W101/><AGARI ba="0,1" hai="12,17,21,25,29,32,50,52,57,84,86,93,97,101" machi="101" ten="20,8000,1" yaku="1,1,0,1,7,1,52,1,54,1,53,0" doraHai="48" doraHaiUra="79" who="3" fromWho="3" sc="250,-20,199,-20,249,-40,292,90" /><INIT seed="3,0,0,4,1,40" ten="230,179,209,382" oya="3" hai0="88,47,116,65,10,121,126,13,45,78,75,79,123" hai1="61,97,94,9,105,6,104,27,85,29,12,3,134" hai2="109,51,52,89,120,80,66,128,106,115,131,132,34" hai3="19,23,28,76,91,31,67,108,14,35,43,26,50"/><W48/><G67/><T55/><D116/><U93/><E134/><V83/><F132/><W103/><G103/><T0/><D0/><U72/><E72/><V17/><F115/><W87/><G76/><T124/><D65/><U30/><E30/><V113/><F113/><W77/><G77/><T111/><D75/><U32/><E85/><V86/><F106/><W22/><G108/><T64/><D64/><U25/><E25/><V1/><F1/><W96/><G96/><T38/><D111/><U58/><E93/><N who="2" m="54455" /><F109/><W127/><G127/><T56/><D38/><U107/><E3/><V63/><F120/><W74/><G74/><T7/><D79/><U20/><E32/><V11/><F17/><W36/><G36/><T2/><D78/><U81/><E81/><V110/><F11/><W15/><G15/><T112/><D2/><U59/><REACH who="1" step="1"/><E61/><REACH who="1" step="2"/><V122/><F34/><W46/><G35/><T42/><D112/><U114/><E114/><V8/><F110/><W69/><G31/><T99/><D121/><U102/><AGARI ba="0,1" hai="6,9,12,20,27,29,58,59,94,97,102,104,105,107" machi="102" ten="30,2000,0" yaku="1,1,0,1,53,0" doraHai="40" doraHaiUra="39" who="1" fromWho="1" sc="230,-5,169,30,209,-5,382,-10" /><INIT seed="4,0,0,3,5,135" ten="225,199,204,372" oya="0" hai0="95,40,74,23,92,5,19,21,8,1,4,0,6" hai1="58,14,126,108,9,132,51,86,79,12,89,134,59" hai2="50,75,85,65,33,25,54,87,82,93,76,90,77" hai3="78,31,98,17,81,56,35,104,43,10,72,114,125"/><T99/><D74/><U133/><E108/><V68/><F68/><W124/><G43/><T15/><D40/><U113/><E113/><V83/><F65/><W107/><G114/><T61/><D61/><U88/><E14/><V42/><F42/><W66/><G10/><T32/><D99/><U73/><E73/><V62/><F62/><W94/><G66/><T121/><D121/><U20/><E20/><N who="0" m="7753" /><D92/><U109/><E109/><V71/><F71/><W116/><G56/><N who="1" m="21546" /><E51/><V80/><F33/><W39/><G17/><T63/><D95/><U29/><E29/><V120/><F120/><W112/><G39/><T27/><D63/><U48/><E48/><V110/><F110/><W129/><G112/><T60/><D60/><U96/><E96/><V2/><F2/><W69/><G69/><T118/><D118/><U3/><E3/><V128/><F128/><W26/><G129/><T70/><D70/><U123/><E123/><V11/><F11/><W36/><G36/><T24/><D24/><U119/><E119/><V49/><F54/><W102/><REACH who="3" step="1"/><G116/><REACH who="3" step="2"/><T117/><D117/><U30/><E30/><AGARI ba="0,1" hai="0,1,4,5,6,8,15,19,27,30,32" m="7753" machi="30" ten="30,12000,1" yaku="35,5" doraHai="135" who="0" fromWho="1" sc="225,130,199,-120,204,0,362,0" /><INIT seed="4,1,0,0,0,73" ten="355,79,204,362" oya="0" hai0="95,40,7,12,61,56,112,68,88,57,134,87,133" hai1="119,75,120,89,132,37,27,25,125,62,16,19,17" hai2="67,58,101,94,55,92,115,117,96,59,43,0,50" hai3="121,21,18,130,3,53,39,109,124,83,102,90,31"/><T47/><D112/><U107/><E37/><V23/><F115/><W11/><G109/><T36/><D68/><U78/><E75/><V42/><F117/><W14/><G39/><T10/><REACH who="0" step="1"/><D57/><REACH who="0" step="2"/><U13/><E119/><V105/><F59/><W114/><G114/><T113/><D113/><U4/><E107/><V128/><F105/><W118/><G118/><T129/><D129/><U66/><E120/><V28/><F128/><W64/><G130/><T70/><D70/><U80/><E125/><V84/><F58/><W33/><G121/><T29/><D29/><U32/><E132/><V74/><F28/><W65/><G31/><T2/><D2/><U81/><E32/><V60/><F0/><W91/><G3/><T76/><D76/><U1/><E1/><V97/><F101/><W46/><G33/><T127/><D127/><U54/><E66/><AGARI ba="1,1" hai="7,10,12,36,40,47,56,61,66,87,88,95,133,134" machi="66" ten="40,7700,0" yaku="1,1,54,1,53,1" doraHai="73" doraHaiUra="5" who="0" fromWho="1" sc="345,90,79,-80,204,0,362,0" owari="435,54,-1,-50,204,-20,362,16" /></mjloggm>