<mjloggm ver="2.3"><GO type="11"/><UN n0="%4E%6F%4E%61%6D%65" n1="%4B%55%4E%41%47%49" n2="%E3%82%A6%E3%83%AB%E3%83%88%E3%83%A9%E7%AB%8B%E7%9B%B4" n3="%4E%6F%4E%61%6D%65" dan="0,3,1,0" rate="1500,1556,1534,1500" sx="M,M,M,M"/><TAIKYOKU oya="0"/><INIT seed="0,0,0,0,3,122" ten="250,250,250,250" oya="0" hai0="44,116,52,55,135,128,43,93,97,94,32,15,98" hai1="80,121,29,19,134,12,56,70,5,9,50,68,123" hai2="28,49,101,46,0,8,99,64,58,18,118,103,110" hai3="124,79,81,25,13,102,96,4,111,60,82,75,6" shuffle="mt19937ar,13712A20,75E0D82A,12A445CE,F611A14D,DE269A6E,C9337210,49F12848,C8A9CDE8"/><T120/><D120/><U69/><E134/><V91/><F28/><W35/><G111/><T16/><D135/><U114/><E114/><V132/><F0/><W66/><G124/><T31/><D128/><U1/><E29/><V67/><F132/><W37/><G37/><T11/><D116/><U85/><E56/><V40/><F110/><W133/><G133/><T104/><D104/><U126/><E126/><V41/><F41/><W3/><G82/><T72/><D72/><U34/><E34/><V2/><F2/><W61/><G61/><T89/><D31/><U7/><E7/><V74/><F74/><W105/><G13/><T53/><D32/><U119/><E119/><V131/><F118/><W106/><G6/><T45/><REACH who="0" step="1"/><D43/><REACH who="0" step="2"/><U42/><E123/><V10/><F131/><W115/><G106/><T59/><D59/><U63/><E121/><V38/><F38/><W14/><G75/><T84/><D84/><U125/><E42/><V83/><F58/><W62/><G35/><T78/><D78/><U90/><E125/><V24/><F67/><W39/><G79/><T129/><D129/><U21/><E85/><N who="2" m="50623" /><F64/><W73/><G39/><T117/><D117/><U86/><REACH who="1" step="1"/><E63/><REACH who="1" step="2"/><V30/><F30/><W22/><G62/><T109/><D109/><U65/><E65/><V88/><F40/><W23/><G66/><T107/><D107/><U127/><E127/><V26/><F46/><W71/><G60/><T47/><D47/><U57/><E57/><V77/><F49/><AGARI ba="0,2" hai="1,5,9,12,19,21,49,50,68,69,70,80,86,90" machi="49" ten="40,1300,0" yaku="1,1,53,0" doraHai="122" doraHaiUra="27" who="1" fromWho="2" sc="240,0,240,33,250,-13,250,0" /><INIT seed="1,0,0,5,1,133" ten="240,273,237,250" oya="1" hai0="100,77,97,38,128,107,22,71,104,51,7,94,121" hai1="91,40,26,49,90,73,31,35,12,122,117,84,11" hai2="92,1,54,33,20,5,16,44,120,130,99,79,30" hai3="103,134,32,115,123,106,2,118,116,59,65,63,10" shuffle="mt19937ar,AC5981A8,5B7495B3,B65012B8,F80931EC,2673B064,52B71C60,5488309F,828909B6"/><U23/><E122/><V78/><F120/><W105/><G123/><T46/><D121/><RYUUKYOKU type="kaze4" ba="0,0" sc="240,0,273,0,237,0,250,0" /><INIT seed="1,1,0,4,3,27" ten="240,273,237,250" oya="1" hai0="105,103,82,135,48,50,11,114,89,88,42,106,39" hai1="52,5,113,36,26,129,7,22,19,57,110,76,94" hai2="98,68,54,18,58,38,83,97,124,73,3,55,109" hai3="17,127,41,69,91,121,72,46,71,95,87,99,24" shuffle="mt19937ar,3AD37E83,5DAA1382,2657FEF3,D624B97B,388A7810,3D03F783,B3232B29,F2B358DB"/><U78/><E113/><V32/><F3/><W118/><G121/><T115/><D39/><U4/><E36/><V29/><F38/><W64/><G72/><T59/><D103/><U0/><E129/><V108/><F68/><W16/><G127/><T80/><D11/><U84/><E110/><V13/><F83/><W60/><G118/><T47/><D135/><U62/><E0/><V37/><F73/><W86/><G71/><T35/><D35/><U44/><E44/><V8/><F37/><W101/><G17/><T45/><D59/><U33/><E33/><V81/><F81/><W61/><G61/><T117/><REACH who="0" step="1"/><D42/><REACH who="0" step="2"/><U123/><E123/><V25/><F124/><W1/><G101/><T133/><D133/><U20/><E20/><V15/><F109/><W74/><G41/><T92/><D92/><U56/><E56/><V65/><F108/><W104/><G95/><T77/><D77/><U21/><E21/><V116/><F116/><AGARI ba="1,1" hai="45,47,48,50,80,82,88,89,105,106,114,115,116,117" machi="116" ten="25,8000,1" yaku="1,1,22,2,53,2" doraHai="27" doraHaiUra="100" who="0" fromWho="2" sc="230,93,273,0,237,-83,250,0" /><INIT seed="2,0,0,4,5,1" ten="323,273,154,250" oya="2" hai0="39,102,115,48,21,123,57,104,66,130,93,14,69" hai1="40,108,103,124,125,98,51,46,25,2,26,135,101" hai2="54,60,37,75,5,106,10,15,81,100,111,12,107" hai3="83,17,50,29,132,71,134,32,58,34,82,118,8" shuffle="mt19937ar,BCDBA950,09C3B320,6F506E1E,900CF262,A2981CB1,38A9EB96,BFDC46BF,D7123D55"/><V23/><F37/><W72/><G118/><T24/><D69/><U122/><E108/><V95/><F75/><W109/><G71/><T119/><D104/><U73/><E122/><V79/><F107/><W68/><G68/><T56/><D39/><U20/><E135/><V112/><F106/><W116/><G116/><T33/><D123/><U49/><E20/><V127/><F112/><W63/><G109/><T27/><D119/><U31/><E46/><V84/><F111/><W59/><G72/><T80/><D115/><U91/><E73/><V53/><F127/><W121/><G121/><T87/><D33/><U105/><E101/><V18/><REACH who="2" step="1"/><F60/><REACH who="2" step="2"/><W55/><G134/><T67/><D130/><U28/><E125/><V30/><F30/><W4/><G132/><T65/><D66/><U52/><E124/><V74/><F74/><W128/><G128/><T62/><D65/><U96/><E31/><V133/><F133/><W42/><G29/><T44/><D62/><U19/><E28/><V99/><AGARI ba="0,1" hai="5,10,12,15,18,23,53,54,79,81,84,95,99,100" machi="99" ten="30,12000,1" yaku="1,1,0,1,8,1,52,1,53,1" doraHai="1" doraHaiUra="88" who="2" fromWho="2" sc="323,-40,273,-40,144,130,250,-40" /><INIT seed="2,1,0,1,1,31" ten="283,233,274,210" oya="2" hai0="32,59,18,122,77,39,109,15,80,21,13,69,100" hai1="28,92,68,48,127,23,53,112,123,129,105,38,16" hai2="135,104,75,90,44,133,10,46,2,37,106,24,116" hai3="125,78,26,113,11,52,1,62,132,14,81,93,30" shuffle="mt19937ar,6A586F22,344D3ADC,E2914810,076E6AD4,7B11D7D9,9EBD3CB9,262E1572,13E97372"/><V73/><F24/><W110/><G1/><T82/><D39/><U74/><E28/><V87/><F10/><W54/><G110/><T9/><D69/><U57/><E92/><V5/><F5/><W83/><G132/><T121/><D109/><U61/><E16/><V55/><F2/><W86/><G125/><T118/><D118/><U131/><E23/><V126/><F55/><W119/><G119/><T84/><D100/><U17/><E17/><V12/><F12/><W47/><G113/><T35/><D59/><U20/><E20/><V124/><F116/><W97/><G83/><T64/><D64/><U130/><E105/><V99/><F37/><W6/><G62/><T134/><D134/><N who="2" m="51210" /><F44/><W7/><G7/><T67/><D67/><N who="1" m="41071" /><E74/><N who="2" m="28171" /><F46/><W89/><REACH who="3" step="1"/><G47/><REACH who="3" step="2"/><T108/><D108/><U34/><E112/><V115/><F115/><W65/><G65/><T3/><D3/><U36/><E123/><V102/><F106/><W19/><G19/><T96/><D122/><U49/><E127/><V114/><F114/><W25/><G25/><T79/><D121/><U71/><E71/><V41/><F41/><W88/><G88/><T107/><D107/><U66/><E34/><AGARI ba="1,1" hai="6,11,14,26,30,34,52,54,78,81,86,89,93,97" machi="34" ten="30,7700,0" yaku="1,1,7,1,52,1,53,1" doraHai="31" doraHaiUra="91" who="3" fromWho="1" sc="283,0,233,-80,274,0,200,90" /><INIT seed="3,0,0,3,0,96" ten="283,153,274,290" oya="3" hai0="93,112,26,23,5,56,53,67,2,102,48,100,1" hai1="105,52,113,89,3,11,0,31,69,50,66,91,54" hai2="124,16,73,58,70,86,62,115,51,97,22,107,18" hai3="37,44,132,87,111,57,35,76,12,19,43,64,21" shuffle="mt19937ar,609DD250,A049AEA3,9BC3EBBE,B5CCA67B,B2471A25,300735F8,A4F9C5AE,17E52612"/><W131/><G35/><T92/><D112/><U4/><E113/><V125/><F73/><W83/><G131/><T122/><D122/><U61/><E105/><V123/><F115/><W65/><G132/><T77/><D77/><U84/><E31/><V103/><F123/><W33/><G33/><T81/><D81/><U15/><E54/><V108/><F70/><W74/><G74/><T133/><D133/><U134/><E134/><V88/><F51/><W121/><G121/><T78/><D78/><U106/><E106/><V14/><F18/><W46/><G111/><T9/><D2/><U79/><E79/><V71/><F71/><W13/><G13/><T114/><D114/><U17/><E4/><V109/><F108/><W32/><G32/><T75/><D75/><U118/><E118/><V135/><F109/><W98/><G98/><T110/><D110/><U34/><E34/><V28/><F28/><W104/><G104/><T99/><D67/><U127/><E127/><V41/><F41/><W130/><G130/><T38/><D38/><U7/><E7/><V27/><F27/><W129/><G129/><T24/><D23/><U85/><E85/><V39/><F39/><W90/><G76/><T6/><D6/><U47/><REACH who="1" step="1"/><E91/><REACH who="1" step="2"/><V10/><F135/><W128/><G128/><T60/><D93/><AGARI ba="0,1" hai="0,3,11,15,17,47,50,52,61,66,69,84,89,93" machi="93" ten="30,3900,0" yaku="1,1,2,1,7,1,53,0" doraHai="96" doraHaiUra="20" who="1" fromWho="0" sc="283,-39,143,49,274,0,290,0" /><INIT seed="4,0,0,3,2,12" ten="244,192,274,290" oya="0" hai0="6,120,21,30,93,57,10,42,9,49,117,75,129" hai1="65,15,94,19,56,127,55,70,86,66,37,43,109" hai2="97,7,34,50,59,53,40,126,68,133,52,101,115" hai3="26,119,135,89,79,62,125,102,51,90,72,36,98" shuffle="mt19937ar,274CE9F7,A4ADD6C9,67F6EBDD,5B2F6B3C,AC921F87,F0ED34EA,CF7FF98B,4C56751C"/><T29/><D75/><U60/><E127/><V18/><F34/><W100/><G119/><T84/><D117/><U77/><E109/><V35/><F35/><W104/><G36/><T64/><D120/><U38/><E66/><V32/><F32/><W71/><G125/><T91/><D129/><U116/><E116/><V111/><F7/><W67/><G135/><T22/><D10/><U128/><E128/><V23/><F68/><W14/><G51/><T27/><D42/><U96/><E77/><V88/><F126/><W31/><G14/><T8/><D6/><U82/><E82/><V46/><F133/><W78/><G78/><T17/><D30/><U124/><E124/><V1/><F1/><W39/><G39/><T110/><D110/><U118/><E118/><V122/><F122/><W80/><REACH who="3" step="1"/><G102/><REACH who="3" step="2"/><T99/><D99/><U45/><E38/><V92/><F111/><W76/><G76/><T44/><D44/><U106/><E96/><V105/><F115/><W83/><G83/><T33/><D33/><AGARI ba="0,1" hai="26,31,33,62,67,71,72,79,80,89,90,98,100,104" machi="33" ten="30,7700,0" yaku="1,1,7,1,25,2,53,0" doraHai="12" doraHaiUra="11" who="3" fromWho="0" sc="244,-77,192,0,274,0,280,87" /><INIT seed="5,0,0,4,4,135" ten="167,192,274,367" oya="1" hai0="5,108,58,130,45,2,62,43,65,74,12,105,112" hai1="110,53,113,42,103,70,29,10,17,30,80,93,115" hai2="22,102,39,68,7,124,111,73,76,133,134,18,46" hai3="126,25,1,6,59,4,109,8,48,123,55,67,77" shuffle="mt19937ar,A56B547B,524089BB,EF493022,C60A051F,934FDFEB,C3F86E7A,64BA5370,12730D99"/><U0/><E70/><V83/><F18/><W47/><G109/><T117/><D108/><U72/><E110/><V13/><F22/><W118/><G123/><T84/><D74/><U57/><E42/><V86/><F13/><W19/><G118/><T66/><D117/><U56/><E103/><V132/><F7/><W121/><G121/><T92/><D105/><U24/><E93/><V114/><F111/><W75/><G126/><T41/><D2/><U88/><E88/><V87/><F68/><W15/><G1/><T28/><D28/><U50/><E56/><V26/><F26/><W16/><G75/><T38/><D112/><N who="1" m="43083" /><E0/><V36/><F114/><W120/><G120/><T96/><D130/><U51/><E51/><V99/><F46/><W23/><G77/><T89/><D43/><U54/><E80/><V44/><F44/><W14/><G25/><T116/><D116/><U9/><E72/><V127/><F39/><W34/><G34/><T64/><D5/><U119/><E119/><V60/><F36/><W95/><G95/><T100/><REACH who="0" step="1"/><D12/><REACH who="0" step="2"/><U37/><E37/><V82/><F60/><AGARI ba="0,1" hai="4,6,8,14,15,16,19,23,47,48,55,59,60,67" machi="60" ten="40,1300,0" yaku="8,1" doraHai="135" who="3" fromWho="2" sc="157,0,192,0,274,-13,367,23" /><INIT seed="6,0,0,1,3,3" ten="157,192,261,390" oya="2" hai0="87,132,117,96,33,37,51,54,120,55,110,42,47" hai1="38,86,29,128,34,12,82,98,125,18,4,99,113" hai2="122,56,15,81,0,14,94,25,17,35,5,66,61" hai3="116,26,36,6,108,83,11,2,62,100,58,90,119" shuffle="mt19937ar,CBA8436D,75A8A0C1,06D7C5C1,B748C074,3E80DB2F,3D36B92B,92CAED3A,F6718935"/><V31/><F81/><W16/><G108/><T57/><D96/><U77/><E125/><V130/><F122/><W124/><G36/><T103/><D87/><U78/><E128/><V70/><F130/><W21/><G124/><T118/><D103/><U80/><E113/><V102/><F0/><W50/><G100/><T69/><D33/><U23/><E38/><V112/><F112/><W44/><G83/><T48/><D110/><U1/><E34/><V101/><F70/><W73/><G73/><T121/><D69/><U41/><E29/><V97/><F102/><W65/><G90/><T13/><D13/><U39/><E39/><V133/><F133/><W68/><G68/><T129/><D129/><U10/><REACH who="1" step="1"/><E41/><AGARI ba="0,0" hai="2,6,11,16,21,26,41,44,50,58,62,65,116,119" machi="41" ten="30,2000,0" yaku="7,1,52,1" doraHai="3" who="3" fromWho="1" sc="157,0,192,-20,261,0,390,20" /><INIT seed="7,0,0,0,1,32" ten="157,172,261,410" oya="3" hai0="14,102,86,87,25,54,109,123,59,51,15,97,105" hai1="106,58,91,3,36,17,77,68,134,121,103,27,7" hai2="55,11,42,94,82,111,129,113,66,47,62,23,116" hai3="76,41,30,130,38,22,6,125,37,118,24,69,18" shuffle="mt19937ar,147AF46A,636A04E7,8C9E914B,DD6BE28B,CFB0935E,C24F748A,17F4F449,4A6A73A9"/><W8/><G118/><T52/><D123/><U74/><E91/><V9/><F23/><W80/><G69/><T108/><D109/><U117/><E58/><V50/><F94/><W70/><G70/><T12/><D108/><U73/><E17/><V39/><F9/><W96/><G130/><T89/><D25/><U115/><E27/><V100/><F100/><W92/><G125/><T81/><D15/><U31/><E7/><V75/><F111/><W26/><G41/><T84/><D105/><U101/><E31/><V83/><F82/><W72/><G96/><T21/><D54/><U93/><E101/><V64/><F83/><W132/><G132/><T57/><D57/><U5/><E93/><V10/><F75/><W44/><G44/><T110/><D110/><U127/><E103/><V71/><F11/><W40/><G40/><T114/><D114/><U46/><E77/><V34/><F10/><W133/><G133/><T53/><D53/><U65/><E46/><V0/><F34/><W1/><G92/><T16/><REACH who="0" step="1"/><D14/><REACH who="0" step="2"/><U43/><E121/><V104/><F104/><W60/><G26/><T107/><AGARI ba="0,1" hai="12,16,21,51,52,59,81,84,86,87,89,97,102,107" machi="107" ten="20,5200,0" yaku="1,1,2,1,0,1,7,1,53,0" doraHai="32" doraHaiUra="29" who="0" fromWho="0" sc="147,62,172,-13,261,-13,410,-26" owari="209,-19,159,-34,248,5,384,48" /></mjloggm>