<mjloggm ver="2.3"><GO type="41"/><UN n0="%E3%82%A6%E3%83%AB%E3%83%88%E3%83%A9%E7%AB%8B%E7%9B%B4" n1="%E3%83%9D%E3%83%AB%E3%83%9D%E3%83%AB%38%30" n2="%6B%69%6B%75%31%39%37%32" n3="%6A%63%62%61%69%6C%65%79" dan="14,15,16,14" rate="1926,1956,2005,1913" sx="M,M,M,M"/><TAIKYOKU oya="0"/><INIT seed="0,0,0,5,0,1" ten="250,250,250,250" oya="0" hai0="100,5,109,10,3,20,37,9,133,36,129,29,115" hai1="107,120,26,55,7,35,59,80,40,70,110,125,69" hai2="99,127,18,84,118,122,98,93,130,6,22,17,32" hai3="105,113,19,78,61,2,27,38,4,124,79,63,85"/><T8/><D115/><U131/><E40/><V92/><F32/><W42/><G105/><T97/><D129/><U112/><E80/><V15/><F122/><W103/><G113/><T117/><D117/><U74/><E7/><V45/><F130/><W58/><G103/><T43/><D133/><U39/><E26/><V47/><F118/><W123/><G38/><T132/><D132/><U134/><E55/><V11/><F84/><W31/><G42/><T116/><D116/><U30/><E30/><V33/><F33/><W51/><G124/><T54/><D109/><U28/><E28/><V75/><F75/><W76/><G61/><T24/><D36/><U46/><E59/><V0/><F18/><W102/><G102/><T62/><D54/><U82/><E82/><V101/><F127/><W60/><G63/><T81/><D62/><U106/><E46/><V86/><F86/><W53/><G60/><T56/><D56/><U44/><E44/><V12/><F0/><W50/><G123/><T41/><D41/><U94/><E94/><V88/><AGARI ba="0,0" hai="6,11,12,15,17,22,45,47,88,92,93,98,99,101" machi="88" ten="20,8000,1" yaku="0,1,7,1,8,1,52,1,54,1" doraHai="1" who="2" fromWho="2" sc="250,-40,250,-20,250,80,250,-20" /><INIT seed="1,0,0,3,1,34" ten="210,230,330,230" oya="1" hai0="112,5,107,100,19,42,21,11,68,7,60,55,120" hai1="15,30,44,67,35,89,10,53,103,81,52,125,63" hai2="64,135,26,123,70,50,36,110,80,13,118,4,41" hai3="74,124,6,104,43,59,23,122,61,93,16,126,106"/><U129/><E129/><V31/><F118/><W25/><G122/><T86/><D112/><U98/><E125/><N who="3" m="48234" /><G74/><T91/><D7/><U3/><E3/><V29/><F36/><W56/><G43/><T95/><D42/><U87/><E35/><V90/><F29/><W78/><G78/><T115/><D115/><U108/><E30/><V84/><F123/><W49/><G49/><T28/><D28/><U121/><E121/><V51/><F135/><W12/><G93/><T22/><D120/><U92/><E108/><V24/><F110/><W69/><G69/><T82/><D107/><N who="3" m="41001" /><G61/><T40/><D40/><U65/><E65/><V101/><F101/><W127/><G127/><T116/><D68/><U9/><E9/><AGARI ba="0,0" hai="6,9,12,16,23,25,56,59" m="41001,48234" machi="9" ten="30,2000,0" yaku="18,1,54,1" doraHai="34" who="3" fromWho="1" sc="210,0,230,-20,330,0,230,20" /><INIT seed="2,0,0,1,5,40" ten="210,210,330,250" oya="2" hai0="22,105,111,73,118,102,6,123,110,9,63,53,117" hai1="106,45,12,68,16,109,13,18,33,3,35,114,51" hai2="90,128,1,31,80,78,82,49,69,134,58,32,93" hai3="71,38,55,133,59,14,34,57,76,129,30,19,88"/><V94/><F69/><W56/><G71/><T44/><D102/><U48/><E68/><V125/><F1/><W61/><G129/><T41/><D105/><U108/><E106/><V87/><F128/><W132/><G76/><T112/><D73/><U28/><E3/><V26/><F125/><W21/><G38/><T65/><D22/><U47/><REACH who="1" step="1"/><E28/><REACH who="1" step="2"/><V84/><F134/><W91/><G30/><T104/><D104/><U79/><E79/><V92/><F58/><W119/><G59/><N who="0" m="35311" /><D112/><AGARI ba="0,1" hai="12,13,16,18,33,35,45,47,48,51,108,109,112,114" machi="112" ten="25,12000,2" yaku="1,1,22,2,52,2,54,1,53,0" doraHai="40" doraHaiUra="126" who="1" fromWho="0" sc="210,-120,200,130,330,0,250,0" /><INIT seed="3,0,0,4,0,44" ten="90,330,330,250" oya="3" hai0="89,7,1,2,63,59,121,104,45,108,107,94,9" hai1="131,106,20,76,35,8,37,27,82,4,115,93,66" hai2="105,22,113,26,116,122,43,30,34,127,50,10,75" hai3="52,40,65,25,68,123,48,79,17,96,14,125,111"/><W114/><G123/><T80/><D121/><U83/><E106/><V124/><F105/><W53/><G114/><T84/><D108/><U62/><E37/><V47/><F75/><W67/><G79/><T5/><D45/><U74/><E115/><V32/><F113/><W100/><G25/><T70/><D70/><U54/><E35/><V85/><F116/><W87/><G87/><T49/><D63/><U132/><E83/><V31/><F122/><W0/><G0/><T120/><D120/><U19/><E93/><V102/><F102/><W61/><G125/><N who="2" m="48201" /><F31/><W24/><G24/><T72/><D72/><U56/><E132/><V130/><F130/><W134/><G67/><T77/><D77/><U118/><E118/><V36/><F10/><W92/><G134/><T6/><D80/><U109/><E109/><V13/><F13/><W98/><G111/><T128/><D128/><U99/><E99/><V95/><F36/><W18/><G98/><T58/><D58/><U21/><E21/><V28/><F30/><W69/><G68/><T135/><D135/><U81/><E81/><V88/><AGARI ba="0,0" hai="22,26,28,32,34,43,47,50,85,88,95" m="48201" machi="88" ten="30,4000,0" yaku="18,1,52,1,54,1" doraHai="44" who="2" fromWho="2" sc="90,-10,330,-10,330,40,250,-20" /><INIT seed="4,0,0,2,0,82" ten="80,320,370,230" oya="0" hai0="45,127,1,11,27,75,0,21,97,104,17,12,37" hai1="106,7,96,86,77,68,35,103,29,51,28,41,113" hai2="31,8,62,49,115,83,36,90,122,128,134,23,93" hai3="125,10,91,109,57,61,22,126,30,117,121,85,13"/><T135/><D127/><N who="3" m="48649" /><G109/><T114/><D114/><U43/><E68/><V56/><F115/><W46/><G117/><T132/><D75/><U81/><E113/><V40/><F36/><W98/><G98/><T63/><D97/><U19/><E35/><V5/><F122/><W101/><G101/><T105/><D63/><U99/><E99/><V25/><F83/><N who="3" m="49599" /><G46/><T72/><D72/><U89/><E41/><V64/><F134/><N who="0" m="51242" /><D45/><U80/><E7/><V55/><F128/><W14/><G121/><T102/><D37/><U120/><E120/><V59/><F40/><W116/><G116/><T66/><D66/><U52/><E43/><V26/><F26/><N who="3" m="16727" /><G10/><T53/><D53/><AGARI ba="0,0" hai="13,14,53,57,61" m="16727,49599,48649" machi="53" ten="30,2000,0" yaku="18,1,52,1" doraHai="82" who="3" fromWho="0" sc="80,-20,320,0,370,0,230,20" /><INIT seed="5,0,0,0,1,0" ten="60,320,370,250" oya="1" hai0="48,90,61,58,16,93,6,126,119,134,37,1,70" hai1="62,67,33,17,77,87,9,76,131,7,54,57,25" hai2="113,123,60,108,47,15,80,132,50,96,38,99,125" hai3="5,65,59,14,20,19,46,83,49,71,31,104,73"/><U78/><E131/><V98/><F38/><W109/><G71/><T40/><D37/><U41/><E41/><V63/><F123/><W100/><G73/><T69/><D119/><U86/><E33/><V117/><F108/><W115/><G104/><T118/><D118/><U3/><E67/><V122/><F117/><W133/><G100/><T45/><D126/><U112/><E112/><V18/><F122/><W84/><G31/><T88/><D134/><U130/><E130/><V120/><F132/><W103/><G103/><T116/><D116/><U39/><E39/><V11/><F125/><W68/><G68/><T2/><D69/><U94/><E94/><V56/><F113/><W27/><G109/><T128/><D70/><U51/><E51/><V101/><F80/><W42/><G115/><T10/><D128/><U85/><E25/><V127/><F127/><W23/><G133/><T4/><D2/><U36/><E36/><V53/><F120/><W29/><G65/><N who="0" m="39095" /><D1/><U8/><E17/><V74/><F74/><W55/><G5/><N who="0" m="2155" /><D93/><U64/><E64/><V35/><F35/><W12/><G12/><AGARI ba="0,0" hai="10,12,16,40,45,48,88,90" m="2155,39095" machi="12" ten="30,12000,2" yaku="8,1,52,3,54,2" doraHai="0" who="0" fromWho="3" sc="60,120,320,0,370,0,250,-120" /><INIT seed="6,0,0,4,0,1" ten="180,320,370,130" oya="2" hai0="18,51,76,93,98,37,111,63,115,53,48,130,29" hai1="59,9,11,132,134,69,88,128,13,39,68,16,78" hai2="107,41,66,89,67,32,125,26,22,72,58,129,7" hai3="21,81,17,55,108,5,34,50,57,99,6,54,33"/><V49/><F72/><W91/><G108/><T112/><D37/><U38/><E128/><V52/><F32/><W116/><G116/><T35/><D111/><U82/><E59/><V61/><F107/><W131/><G131/><T96/><D130/><U114/><E114/><N who="0" m="43561" /><D29/><U126/><E126/><V100/><F100/><W23/><G33/><T135/><D35/><U101/><E101/><V24/><F125/><W42/><G42/><T102/><D135/><N who="1" m="51755" /><E78/><V120/><F120/><W75/><G75/><T8/><D76/><U105/><E105/><V117/><F117/><W119/><G34/><T94/><D63/><U122/><E122/><V127/><F127/><W2/><G2/><T109/><D109/><U44/><E44/><N who="2" m="25743" /><F26/><N who="3" m="14639" /><G119/><T123/><D123/><U64/><E64/><V30/><F129/><W86/><G23/><T133/><D133/><U121/><E121/><V46/><F89/><N who="3" m="51407" /><G54/><T31/><D53/><U56/><E56/><V104/><F104/><W4/><G99/><T85/><D85/><N who="1" m="50231" /><E38/><V79/><F79/><W10/><G10/><T90/><D31/><U28/><E28/><V74/><F74/><W106/><G106/><T47/><D47/><U70/><E39/><V83/><F83/><W73/><G73/><T87/><D98/><U0/><E70/><V45/><F45/><W14/><G14/><AGARI ba="0,0" hai="8,14,18,48,51,87,90,93,94,96,102" m="43561" machi="14" ten="30,1000,0" yaku="15,1" doraHai="1" who="0" fromWho="3" sc="180,10,320,0,370,0,130,-10" /><INIT seed="7,0,0,4,1,33" ten="190,320,370,120" oya="3" hai0="101,125,71,41,21,30,67,104,128,88,79,32,44" hai1="90,110,45,60,49,66,12,116,40,8,76,18,13" hai2="25,121,5,93,81,85,119,107,42,135,47,51,82" hai3="123,43,15,27,106,74,105,78,77,54,94,84,130"/><W92/><G123/><T64/><D79/><U3/><E110/><V133/><F107/><W132/><G130/><T114/><D21/><U28/><E116/><V97/><F119/><W91/><G132/><N who="2" m="50761" /><F5/><W69/><G69/><T55/><D88/><U59/><E28/><V70/><F70/><W89/><G43/><T100/><D100/><U2/><E76/><N who="3" m="29290" /><G74/><T35/><D55/><U24/><E24/><V58/><F85/><N who="3" m="52271" /><G54/><T62/><D67/><U113/><E113/><V37/><F25/><W31/><G15/><T124/><D128/><U111/><E111/><V39/><F121/><W117/><G117/><T122/><D122/><U38/><E90/><N who="2" m="55479" /><F58/><W75/><G75/><T56/><D56/><U96/><E96/><V98/><F98/><N who="3" m="57695" /><G27/><N who="0" m="18527" /><D35/><U95/><E95/><V9/><F9/><W19/><G31/><T7/><D44/><U103/><E103/><V11/><F11/><W52/><G19/><T23/><D41/><U127/><E38/><AGARI ba="0,0" hai="37,38,39,42,47,51,81,82" m="55479,50761" machi="38" ten="30,1000,0" yaku="20,1" doraHai="33" who="2" fromWho="1" sc="190,0,320,-10,370,10,120,0" owari="190,-21,310,11,380,48,120,-38" /></mjloggm>