<mjloggm ver="2.3"><GO type="97"/><UN n0="%EF%BC%88%E2%89%A7%E2%96%BD%E2%89%A6%EF%BC%89" n1="%28%6F%5F%E2%96%A1%5F%29%6F" n2="%52%6F%6F%72" n3="%E6%9C%AC%E7%89%A9%E5%A5%B3%E5%AD%90%E9%AB%98%E7%94%9F" dan="15,14,13,15" rate="1991,1906,1815,2042" sx="M,M,M,F"/><TAIKYOKU oya="0"/><INIT seed="0,0,0,0,1,105" ten="250,250,250,250" oya="0" hai0="106,38,108,59,99,103,115,111,79,120,28,20,125" hai1="75,19,74,121,124,37,93,71,133,40,100,126,95" hai2="113,44,10,46,52,0,32,3,60,65,131,80,101" hai3="134,18,135,11,41,16,22,123,4,98,67,77,112"/><T42/><D120/><U127/><E71/><V132/><F32/><W17/><G112/><T96/><D115/><U45/><E121/><V73/><F113/><W107/><G123/><T2/><D2/><U118/><E118/><V117/><F117/><W49/><G67/><T9/><D9/><U69/><E69/><V90/><F101/><N who="3" m="62903" /><G77/><T66/><D79/><U33/><E133/><N who="3" m="50698" /><G41/><T109/><D125/><U56/><E33/><V89/><F132/><W97/><G97/><N who="0" m="61807" /><D42/><U63/><E19/><V30/><F0/><N who="3" m="391" /><G49/><T50/><D38/><U54/><E100/><V6/><F44/><W55/><G55/><N who="0" m="32247" /><D66/><U84/><E84/><V70/><F65/><W64/><G64/><T128/><D128/><U26/><E26/><AGARI ba="0,0" hai="16,17,18,22,26" m="391,50698,62903" machi="26" ten="30,2000,0" yaku="20,1,54,1" doraHai="105" who="3" fromWho="1" sc="250,0,250,-20,250,0,250,20" /><AGARI ba="0,0" hai="20,26,28,96,99,108,109,111" m="32247,61807" machi="26" ten="30,2900,0" yaku="14,1,10,1" doraHai="105" who="0" fromWho="1" sc="250,29,230,-29,250,0,270,0" /><INIT seed="0,1,0,0,4,123" ten="279,201,250,270" oya="0" hai0="26,135,51,104,95,69,128,55,127,76,1,48,22" hai1="35,94,21,116,19,0,54,16,15,56,40,78,39" hai2="88,131,8,4,50,130,64,117,92,47,59,103,121" hai3="63,68,84,43,67,87,65,133,100,37,41,2,20"/><T3/><D104/><U30/><E0/><V6/><F121/><W108/><G2/><T83/><D69/><U112/><E112/><V99/><F117/><W89/><G100/><T18/><D128/><N who="2" m="49194" /><F103/><W126/><G133/><T60/><D127/><U11/><E116/><V101/><F101/><W31/><G67/><T120/><D120/><U105/><E105/><V44/><F8/><W102/><G126/><T119/><D119/><U122/><E122/><V9/><F4/><W28/><G102/><T115/><D115/><U86/><E35/><V49/><F64/><W32/><G32/><T129/><D135/><U97/><E39/><V23/><F23/><W72/><G72/><T132/><D132/><U57/><E40/><V77/><F77/><W74/><G74/><T33/><D33/><U17/><E78/><V71/><F71/><W62/><G62/><T53/><D129/><U38/><E38/><V24/><F24/><W134/><G134/><T70/><D70/><U93/><E86/><V36/><F36/><W61/><G61/><T7/><D60/><N who="1" m="35863" /><E57/><V79/><F79/><W85/><G41/><T45/><D7/><N who="1" m="3583" /><E97/><V13/><F59/><N who="3" m="37119" /><G43/><T113/><D113/><U29/><E29/><V25/><F25/><AGARI ba="1,0" hai="16,17,19,21,25,30,93,94" m="3583,35863" machi="25" ten="30,2000,0" yaku="8,1,54,1" doraHai="123" who="1" fromWho="2" sc="279,0,201,23,250,-23,270,0" /><INIT seed="1,0,0,1,3,33" ten="279,224,227,270" oya="1" hai0="12,43,103,66,71,102,114,49,119,45,64,62,127" hai1="79,60,113,17,92,35,77,22,61,84,16,86,88" hai2="101,9,27,15,53,126,31,67,131,8,23,59,112" hai3="132,26,98,0,32,75,48,25,106,118,7,125,38"/><U121/><E121/><V44/><F112/><W55/><G38/><T30/><D114/><U34/><E113/><V109/><F131/><W124/><G118/><T52/><D119/><U50/><E50/><V39/><F39/><W21/><G75/><T83/><D127/><N who="3" m="48713" /><G132/><T5/><D30/><U107/><E107/><V65/><F109/><W94/><G106/><T100/><D83/><N who="1" m="47215" /><E35/><V117/><F117/><W24/><G32/><T3/><D3/><U105/><E105/><V93/><F8/><N who="3" m="2151" /><G21/><T129/><D129/><U96/><E34/><V2/><F44/><N who="3" m="28039" /><G24/><T104/><D104/><U14/><E17/><V87/><F2/><W63/><G63/><N who="1" m="24138" /><E79/><V6/><F126/><W76/><G76/><T18/><D5/><U120/><E120/><V42/><F42/><W99/><G99/><AGARI ba="0,0" hai="14,16,22,86,88,92,96,99" m="24138,47215" machi="99" ten="30,5800,0" yaku="8,1,54,2" doraHai="33" who="1" fromWho="3" sc="279,0,224,58,227,0,270,-58" /><INIT seed="1,1,0,5,5,59" ten="279,282,227,212" oya="1" hai0="106,96,98,25,0,69,52,100,120,18,6,129,80" hai1="125,68,123,101,113,21,115,47,97,110,42,62,32" hai2="66,36,55,23,16,63,3,20,130,12,89,30,111" hai3="90,103,56,65,118,50,95,8,78,75,73,54,134"/><U53/><E123/><V28/><F36/><W45/><G118/><T72/><D120/><U76/><E32/><V14/><F3/><W15/><G134/><T117/><D117/><U119/><E119/><V77/><F77/><W38/><G103/><T44/><D69/><U64/><E76/><V41/><F41/><W83/><G73/><T71/><D71/><U5/><E5/><V39/><F39/><W86/><G38/><T9/><D129/><U24/><E53/><V7/><F130/><W1/><G1/><T26/><D98/><U88/><E125/><V35/><F35/><W46/><REACH who="3" step="1"/><G65/><REACH who="3" ten="279,282,227,202" step="2"/><T13/><D72/><U58/><E101/><V94/><F66/><W87/><G87/><T34/><D100/><U61/><E115/><V48/><F7/><AGARI ba="1,1" hai="7,8,15,45,46,50,54,56,75,78,83,86,90,95" machi="7" ten="30,3900,0" yaku="1,1,7,1,53,1" doraHai="59" doraHaiUra="4" who="3" fromWho="2" sc="279,0,282,0,227,-42,202,52" /><INIT seed="2,0,0,4,1,96" ten="279,282,185,254" oya="2" hai0="109,127,52,4,43,108,5,60,78,65,11,95,86" hai1="56,21,62,113,8,6,93,70,59,17,102,128,77" hai2="125,66,103,71,23,54,26,58,14,106,28,122,19" hai3="36,90,40,82,37,10,39,30,44,27,64,63,129"/><V0/><F0/><W126/><G126/><T99/><D127/><U131/><E113/><V22/><F122/><W16/><G129/><N who="1" m="49738" /><E77/><V81/><F81/><W134/><G134/><T132/><D132/><U84/><E70/><V24/><F125/><W97/><G10/><T33/><D33/><U114/><E114/><V15/><F26/><W29/><G82/><N who="0" m="47447" /><D43/><U85/><E102/><V38/><F38/><W45/><G45/><T110/><D11/><U67/><E93/><V83/><F83/><W101/><G90/><N who="0" m="55799" /><D52/><N who="1" m="34055" /><E59/><AGARI ba="0,0" hai="4,5,59,60,65,108,109,110" m="55799,47447" machi="59" ten="30,1000,0" yaku="14,1" doraHai="96" who="0" fromWho="1" sc="279,10,282,-10,185,0,254,0" /><INIT seed="3,0,0,0,1,86" ten="289,272,185,254" oya="3" hai0="101,37,70,119,36,45,114,62,27,53,31,110,57" hai1="109,111,68,104,22,134,12,83,89,78,120,125,130" hai2="133,90,60,84,112,47,95,19,126,87,128,75,97" hai3="91,59,43,96,88,67,44,30,76,116,92,52,69"/><W4/><G116/><T55/><D119/><U35/><E35/><V0/><F0/><W24/><G76/><T58/><D114/><U13/><E68/><V80/><F112/><W63/><G4/><T115/><D115/><U131/><E120/><V32/><F32/><W7/><G7/><T28/><D70/><U20/><E104/><V94/><F75/><W81/><G81/><T72/><D72/><U117/><E117/><V3/><F3/><W98/><G98/><T93/><D110/><N who="1" m="41995" /><E125/><V100/><F60/><W61/><G96/><N who="0" m="59535" /><D36/><U40/><E78/><V17/><F126/><W77/><G77/><T118/><D37/><U121/><E40/><V71/><F71/><W82/><G82/><T129/><D118/><U21/><E121/><V123/><F123/><W11/><G11/><T122/><D122/><U25/><E25/><V103/><F100/><W48/><G92/><T29/><D45/><U38/><E134/><V16/><F133/><W6/><G6/><T1/><D1/><U5/><E38/><V14/><F47/><W73/><G73/><T8/><D8/><N who="1" m="4111" /><E13/><V2/><F2/><W15/><G15/><T46/><D46/><U49/><E49/><V108/><F108/><W54/><G43/><T105/><D105/><U132/><E132/><V56/><F56/><W64/><G64/><N who="0" m="38991" /><D58/><U106/><E106/><V33/><F33/><AGARI ba="0,0" hai="24,30,33,44,48,52,54,59,61,63,67,69,88,91" machi="33" ten="30,12000,1" yaku="7,1,52,2,54,2" doraHai="86" who="3" fromWho="2" sc="289,0,272,0,185,-120,254,120" owari="289,9.0,272,-13.0,65,-43.0,374,47.0" /></mjloggm>