<mjloggm ver="2.3"><GO type="169"/><UN n0="%E3%80%9D%73%68%69%6E" n1="%EF%BC%8A%E7%B4%85%E7%83%8F%EF%BC%8A" n2="%43%2F%50" n3="%EF%BC%88%E2%89%A7%E2%96%BD%E2%89%A6%EF%BC%89" dan="16,16,16,18" rate="2087,2116,2065,2229" sx="M,F,M,M"/><TAIKYOKU oya="0"/><INIT seed="0,0,0,3,1,24" ten="250,250,250,250" oya="0" hai0="128,69,133,19,13,21,108,52,47,41,83,79,119" hai1="101,27,98,116,131,50,127,51,12,31,62,68,25" hai2="63,86,9,84,118,59,87,2,36,88,126,80,99" hai3="3,7,74,93,65,14,94,40,130,124,29,58,121"/><T49/><D119/><U95/><E116/><V112/><F36/><W11/><G74/><T37/><D69/><U4/><E131/><V92/><F112/><W0/><G130/><T6/><D128/><U135/><E135/><V18/><F126/><W34/><G124/><T5/><D133/><U15/><E127/><V57/><F118/><W105/><G40/><T102/><D102/><U67/><E27/><V107/><F107/><W45/><G105/><T114/><D114/><U106/><E95/><V120/><F120/><W43/><G121/><T46/><REACH who="0" step="1"/><D108/><REACH who="0" ten="240,250,250,250" step="2"/><U96/><E96/><V134/><F134/><W53/><G0/><T89/><D89/><U109/><E109/><V73/><F2/><W55/><G3/><T82/><D82/><U16/><E4/><V85/><F73/><AGARI ba="0,1" hai="5,6,13,19,21,37,41,46,47,49,52,73,79,83" machi="73" ten="30,5800,0" yaku="1,1,7,1,54,1,53,0" doraHai="24" doraHaiUra="110" who="0" fromWho="2" sc="240,68,250,0,250,-58,250,0" /><INIT seed="0,1,0,3,2,115" ten="308,250,192,250" oya="0" hai0="46,53,47,54,113,50,122,93,77,92,64,68,102" hai1="23,118,40,10,33,128,59,95,74,5,106,16,79" hai2="96,103,78,41,35,75,133,83,73,27,28,39,13" hai3="130,125,84,55,123,31,62,38,17,25,112,87,91"/><T8/><D122/><U116/><E106/><V20/><F13/><W42/><G112/><T100/><D113/><U119/><E33/><V14/><F14/><W98/><G123/><T131/><D77/><U57/><E128/><V1/><F20/><W29/><G125/><T11/><D131/><U97/><E40/><V132/><F1/><W114/><G38/><T69/><REACH who="0" step="1"/><D50/><REACH who="0" ten="298,250,192,250" step="2"/><U19/><E79/><V82/><F75/><W86/><G130/><T94/><D94/><U85/><E74/><V18/><F82/><W101/><G114/><T109/><D109/><U108/><E108/><V120/><F120/><W15/><G86/><T129/><D129/><U66/><E85/><V67/><F83/><W88/><G87/><T7/><D7/><U43/><E5/><V45/><F78/><W111/><G84/><T30/><D30/><U22/><E95/><V0/><F73/><W49/><G111/><T71/><D71/><U121/><E121/><V135/><F96/><W56/><G31/><T127/><D127/><U58/><E97/><V134/><F134/><W21/><G49/><T107/><D107/><U126/><E126/><V89/><F28/><W4/><G4/><T80/><D80/><U76/><E76/><V105/><F105/><W12/><G29/><T65/><AGARI ba="1,1" hai="8,11,46,47,53,54,64,65,68,69,92,93,100,102" machi="65" ten="25,9600,0" yaku="1,1,0,1,22,2,53,0" doraHai="115" doraHaiUra="37" who="0" fromWho="0" sc="298,109,250,-33,192,-33,250,-33" /><INIT seed="0,2,0,4,5,87" ten="407,217,159,217" oya="0" hai0="4,35,114,13,95,5,59,131,23,50,30,112,21" hai1="47,98,123,12,127,75,108,83,41,132,116,102,7" hai2="48,42,25,62,36,6,14,81,69,78,124,128,77" hai3="15,134,58,8,105,16,88,70,67,110,64,20,103"/><T115/><D131/><U54/><E116/><V119/><F36/><W130/><G130/><T9/><D95/><U19/><E123/><V0/><F0/><W31/><G70/><T94/><D94/><U92/><E108/><V61/><F128/><W122/><G122/><T46/><D59/><U49/><E132/><V60/><F69/><W18/><G110/><T68/><D68/><U91/><E127/><V37/><F37/><W135/><G31/><T3/><D50/><U85/><E75/><V96/><F124/><W27/><G58/><T65/><D46/><U11/><REACH who="1" step="1"/><E7/><REACH who="1" ten="407,207,159,217" step="2"/><V126/><F119/><W129/><G129/><T97/><D5/><U34/><E34/><V43/><F126/><W76/><G134/><T82/><D35/><U39/><E39/><V71/><F6/><W26/><G135/><T121/><D4/><U80/><E80/><V33/><F81/><W74/><G74/><T133/><D82/><U2/><E2/><V40/><F33/><W86/><G76/><T125/><D3/><U57/><E57/><V113/><F77/><W79/><G79/><T107/><D133/><U93/><E93/><V63/><F78/><W99/><G27/><T45/><D125/><U51/><E51/><V72/><F48/><W22/><G22/><T106/><D23/><U120/><E120/><V32/><F72/><W24/><G26/><T29/><D21/><U100/><E100/><V89/><F32/><W117/><G117/><T17/><D115/><U109/><E109/><V66/><N who="2" m="15872" /><DORA hai="38" /><V28/><F25/><W101/><G103/><T73/><D114/><RYUUKYOKU ba="2,1" sc="407,-15,207,15,159,-15,217,15" hai1="11,12,19,41,47,49,54,83,85,91,92,98,102" hai3="8,15,16,18,20,24,64,67,86,88,99,101,105" /><INIT seed="1,3,1,0,2,62" ten="392,222,144,232" oya="1" hai0="47,6,71,45,3,18,92,77,22,41,106,40,120" hai1="116,126,96,50,75,81,15,110,97,43,119,103,63" hai2="17,131,19,1,36,48,134,59,118,91,26,86,51" hai3="20,89,129,128,94,107,109,124,74,100,2,68,8"/><U83/><E126/><V117/><F36/><W90/><G74/><T121/><D71/><U122/><E122/><N who="0" m="47209" /><D106/><U49/><E15/><V7/><F131/><W0/><G124/><T104/><D104/><U42/><E63/><V38/><F38/><W127/><G127/><T31/><D77/><U69/><E69/><V13/><F134/><W25/><G68/><T9/><D31/><U60/><E60/><V29/><F1/><W33/><G33/><T78/><D78/><U16/><E103/><V76/><F76/><W57/><G107/><T88/><D47/><U112/><E110/><V65/><F117/><W27/><G109/><T12/><D45/><U108/><E108/><V123/><F118/><W35/><G35/><T53/><D53/><U58/><E58/><V55/><F123/><W56/><G100/><T64/><D64/><U67/><E112/><V98/><F65/><W11/><G94/><T82/><D82/><U102/><E102/><V61/><F61/><W93/><G93/><T115/><D115/><U135/><E67/><V132/><F48/><W54/><REACH who="3" step="1"/><G20/><REACH who="3" ten="392,222,144,222" step="2"/><T66/><D66/><U113/><E113/><V14/><F98/><AGARI ba="3,2" hai="3,6,9,12,18,22,40,41,88,92,98" m="47209" machi="98" ten="30,2000,0" yaku="13,1,54,1" doraHai="62" who="0" fromWho="2" sc="392,49,222,0,144,-29,222,0" /><INIT seed="2,0,0,3,3,109" ten="441,222,115,222" oya="2" hai0="115,121,42,37,114,94,49,15,32,112,46,67,124" hai1="96,3,134,54,39,88,58,62,97,66,43,82,44" hai2="128,108,36,70,98,105,63,92,18,78,40,57,110" hai3="11,103,5,91,75,68,74,83,133,10,118,69,100"/><V90/><F70/><W101/><G118/><T55/><D32/><U21/><E134/><V26/><F105/><W30/><G133/><T99/><D121/><U50/><E3/><V89/><F128/><W130/><G30/><T123/><D123/><U107/><E107/><V16/><F78/><W85/><G130/><T25/><D25/><U23/><E97/><V87/><F40/><W41/><G41/><T64/><D15/><U61/><E61/><V111/><F36/><W106/><G106/><T48/><D124/><U0/><E0/><V129/><F129/><W53/><G53/><T45/><REACH who="0" step="1"/><D37/><REACH who="0" ten="431,222,115,222" step="2"/><U76/><E39/><V102/><F26/><W22/><G22/><T24/><D24/><U31/><E31/><V86/><F102/><AGARI ba="0,1" hai="42,45,46,48,49,55,64,67,94,99,102,112,114,115" machi="102" ten="40,8000,1" yaku="1,1,52,3,53,0" doraHai="109" doraHaiUra="135" who="0" fromWho="2" sc="431,90,222,0,115,-80,222,0" /><INIT seed="3,0,0,2,3,23" ten="521,222,35,222" oya="3" hai0="49,36,7,104,17,84,75,55,47,119,22,80,34" hai1="108,38,87,99,8,25,134,77,93,106,61,68,70" hai2="52,86,45,62,71,81,39,91,103,107,100,58,0" hai3="76,51,127,123,72,30,9,90,32,11,133,15,56"/><W130/><G123/><T96/><D34/><U43/><E108/><V126/><F0/><W6/><G127/><T120/><D75/><U65/><E134/><V42/><F126/><W98/><G133/><T63/><D120/><U121/><E121/><V118/><F118/><W82/><G130/><T73/><D73/><U53/><E38/><V59/><F107/><W97/><G11/><T110/><D110/><U12/><E43/><V4/><F71/><W114/><G114/><T27/><D119/><U92/><E106/><V132/><F4/><W128/><G128/><T2/><D36/><U79/><E70/><V131/><F132/><W122/><G122/><T31/><D2/><U21/><E53/><V5/><F5/><W44/><G56/><T40/><D7/><U115/><E87/><V101/><F131/><W66/><G66/><T74/><D74/><U88/><E93/><V14/><F14/><W102/><G90/><T85/><D104/><U89/><E89/><V129/><F129/><W29/><G32/><T94/><D31/><U113/><E113/><V10/><F10/><W78/><G78/><T124/><D80/><U41/><E41/><V26/><REACH who="2" step="1"/><F59/><REACH who="2" ten="521,222,25,222" step="2"/><W117/><G117/><T19/><D124/><U33/><E115/><V69/><F69/><W28/><REACH who="3" step="1"/><G102/><REACH who="3" ten="521,222,25,212" step="2"/><T116/><D116/><U109/><E109/><V64/><F64/><W35/><G35/><T67/><D67/><U24/><E33/><V18/><F18/><W125/><G125/><T50/><D17/><N who="1" m="10407" /><E8/><V60/><F60/><W37/><G37/><T112/><D63/><U57/><E68/><RYUUKYOKU ba="0,2" sc="521,-30,222,10,25,10,212,10" hai1="24,25,57,61,65,77,79,88,92,99" hai2="26,39,42,45,52,58,62,81,86,91,100,101,103" hai3="6,9,15,28,29,30,44,51,72,76,82,97,98" /><INIT seed="3,1,2,1,2,115" ten="491,232,35,222" oya="3" hai0="18,123,56,121,34,8,80,22,101,72,9,83,42" hai1="21,57,14,33,47,91,6,26,49,38,112,119,23" hai2="93,78,95,127,122,39,53,67,51,76,81,46,55" hai3="32,132,117,114,29,28,82,126,20,69,41,100,94"/><W31/><G32/><T35/><D101/><U103/><E112/><V90/><F127/><W97/><G114/><T27/><D42/><U99/><E33/><N who="0" m="12297" /><D56/><U111/><E111/><V129/><F129/><W84/><G126/><T58/><D58/><U79/><E79/><V108/><F108/><W105/><G132/><T107/><D107/><U71/><E71/><V52/><F122/><N who="0" m="46602" /><D83/><U61/><E38/><V109/><F109/><W110/><G69/><T54/><D80/><U113/><E91/><V96/><F39/><W4/><G117/><T12/><D54/><N who="2" m="21098" /><F67/><W134/><G134/><T24/><D72/><U130/><E119/><V73/><F73/><W59/><G59/><T16/><D8/><U50/><E57/><V77/><F81/><W10/><G41/><T66/><D66/><U62/><E62/><V89/><F95/><W30/><G110/><T60/><D60/><U17/><E61/><V124/><F124/><W11/><G105/><T102/><D102/><AGARI ba="1,2" hai="46,51,55,76,77,78,89,90,93,96,102" m="21098" machi="102" ten="30,2000,0" yaku="8,1,54,1" doraHai="115" who="2" fromWho="0" sc="491,-23,232,0,35,43,222,0" /><INIT seed="4,0,0,4,0,62" ten="468,232,78,222" oya="0" hai0="116,53,16,48,87,65,100,55,69,54,70,107,18" hai1="33,111,80,97,31,42,103,67,50,106,89,94,41" hai2="124,22,117,38,56,57,91,125,52,99,85,128,88" hai3="14,49,35,77,81,28,101,20,72,13,114,121,130"/><T134/><D116/><U34/><E111/><V113/><F38/><W37/><G37/><T115/><D115/><U12/><E80/><V127/><F113/><W40/><G121/><T1/><D1/><U43/><E31/><V110/><F110/><W120/><G120/><T83/><D134/><U133/><E133/><V24/><F57/><W19/><G114/><T78/><D48/><U36/><E36/><V60/><F128/><W109/><G109/><T64/><D107/><U96/><E50/><V118/><F99/><W95/><G130/><T93/><D70/><U46/><E46/><V131/><F131/><W45/><G35/><T6/><D6/><U90/><E90/><N who="2" m="34347" /><F85/><W47/><G28/><AGARI ba="0,0" hai="22,24,28,52,56,60,117,118,124,125,127" m="34347" machi="28" ten="40,5200,0" yaku="18,1,54,2" doraHai="62" who="2" fromWho="3" sc="468,0,232,0,78,52,222,-52" /><INIT seed="5,0,0,3,0,96" ten="468,232,130,170" oya="1" hai0="128,28,73,106,105,130,75,72,89,79,57,102,134" hai1="15,114,35,117,61,87,100,135,116,56,132,51,115" hai2="121,101,76,34,99,113,131,88,14,125,112,62,85" hai3="39,93,43,44,12,17,52,78,97,50,3,80,81"/><U42/><E35/><V29/><F121/><W69/><G69/><T1/><D1/><U120/><E15/><V36/><F36/><W54/><G3/><T124/><D28/><U110/><E87/><V16/><F76/><W119/><G119/><N who="1" m="45642" /><E120/><V67/><F29/><W108/><G108/><T64/><D124/><U86/><E86/><V9/><F125/><W24/><G24/><T71/><D79/><U83/><E83/><N who="3" m="31818" /><G78/><T77/><D77/><U103/><E110/><V92/><F34/><W40/><G43/><T31/><D89/><U19/><E19/><V0/><F0/><W82/><G39/><T109/><D31/><U13/><E13/><V58/><REACH who="2" step="1"/><F131/><REACH who="2" ten="468,232,120,170" step="2"/><W10/><G82/><AGARI ba="0,1" hai="9,14,16,58,62,67,82,85,88,92,99,101,112,113" machi="82" ten="40,8000,1" yaku="1,1,2,1,52,1,54,2,53,0" doraHai="96" doraHaiUra="68" who="2" fromWho="3" sc="468,0,232,0,120,90,170,-80" /><INIT seed="6,0,0,4,3,86" ten="468,232,210,90" oya="2" hai0="87,123,21,102,64,7,94,57,105,67,19,10,82" hai1="61,23,60,75,116,77,16,63,114,120,104,115,111" hai2="30,27,6,99,33,25,34,76,96,78,32,93,74" hai3="43,85,55,92,13,24,62,2,47,84,26,37,54"/><V31/><F34/><W40/><G2/><T88/><D105/><U107/><E111/><V89/><F74/><W0/><G0/><T3/><D123/><U15/><E116/><V121/><F121/><W134/><G134/><T50/><D102/><U68/><E68/><V14/><F96/><W132/><G132/><T91/><D50/><U83/><REACH who="1" step="1"/><E120/><REACH who="1" ten="468,222,210,90" step="2"/><V5/><REACH who="2" step="1"/><F5/><REACH who="2" ten="468,222,200,90" step="2"/><W53/><G62/><T49/><D7/><U125/><E125/><V79/><F79/><W36/><G13/><T51/><D3/><U81/><E81/><V124/><F124/><W109/><G109/><T52/><D82/><U98/><E98/><V71/><F71/><W112/><G112/><AGARI ba="0,2" hai="15,16,23,60,61,63,75,77,83,104,107,112,114,115" machi="112" ten="40,5200,0" yaku="1,1,15,1,54,1,53,0" doraHai="86" doraHaiUra="4" who="1" fromWho="3" sc="468,0,222,72,200,0,90,-52" /><INIT seed="7,0,0,0,2,96" ten="468,294,200,38" oya="3" hai0="84,109,72,99,60,118,22,6,77,25,133,58,40" hai1="104,113,54,101,75,21,68,66,13,107,80,19,79" hai2="44,81,76,129,2,120,62,0,92,71,88,95,134" hai3="115,69,103,47,108,38,57,110,106,4,17,36,91"/><W70/><G4/><T64/><D72/><U73/><E73/><V130/><F44/><W112/><G17/><T85/><D118/><U48/><E66/><V67/><F95/><W125/><G91/><T82/><D109/><N who="3" m="42089" /><G125/><T114/><D114/><N who="3" m="43561" /><G57/><T116/><D133/><U102/><E113/><V10/><F134/><W90/><G90/><T93/><D6/><U7/><E7/><V37/><F120/><W111/><N who="3" m="42097" /><W39/><DORA hai="35" /><G47/><T124/><D124/><U87/><E107/><V5/><F37/><N who="3" m="9475" /><W42/><DORA hai="11" /><G42/><T9/><D40/><U50/><E104/><V51/><F51/><W31/><G31/><T121/><D121/><U29/><E29/><V23/><F23/><W117/><G117/><T26/><D116/><U34/><E34/><V1/><F129/><W119/><G119/><T18/><D26/><U53/><E75/><V28/><F28/><W94/><G94/><T131/><D131/><U97/><E97/><AGARI ba="0,0" hai="69,70,97,103,106" m="9475,43561,42097" machi="97" ten="60,12000,1" yaku="10,1,15,1,23,1,52,1" doraHai="96,35,11" who="3" fromWho="1" sc="468,0,294,-120,200,0,38,120" /><INIT seed="7,1,0,5,2,133" ten="468,174,200,158" oya="3" hai0="69,90,50,119,18,109,7,8,30,108,36,25,80" hai1="40,84,125,117,27,5,114,64,35,131,87,41,15" hai2="66,52,99,33,28,23,45,2,118,24,79,130,123" hai3="103,107,29,20,120,6,21,74,121,91,122,135,53"/><W60/><G74/><T49/><D69/><U77/><E114/><V19/><F118/><W58/><G135/><T42/><D36/><U105/><E105/><V72/><F2/><W14/><G29/><T113/><D119/><U10/><E117/><V78/><F130/><W70/><G70/><T1/><D113/><U62/><E131/><V98/><F123/><W0/><G0/><T86/><D50/><U88/><E77/><V101/><F72/><W4/><G91/><T132/><D132/><U116/><E116/><V13/><F98/><W65/><G65/><T17/><D17/><U61/><E87/><V124/><F124/><W85/><G85/><T128/><D128/><U115/><E125/><V94/><F66/><W26/><G26/><T71/><D71/><U126/><E126/><V134/><F134/><W81/><G81/><T127/><D127/><U22/><E35/><V76/><F76/><W73/><G73/><T111/><D18/><N who="1" m="12759" /><E115/><V67/><F67/><W11/><REACH who="3" step="1"/><G6/><REACH who="3" ten="468,174,200,148" step="2"/><T34/><D109/><U75/><E75/><V56/><F45/><W89/><G89/><T48/><D111/><U83/><E64/><V55/><F55/><W12/><G12/><T68/><D68/><U46/><E46/><V57/><F57/><W93/><G93/><T32/><D86/><U95/><E95/><V16/><F19/><W97/><AGARI ba="1,1" hai="4,11,14,20,21,53,58,60,97,103,107,120,121,122" machi="97" ten="40,3900,0" yaku="1,1,0,1,53,0" doraHai="133" doraHaiUra="63" who="3" fromWho="3" sc="468,-14,174,-14,200,-14,148,52" /><INIT seed="7,2,0,1,0,28" ten="454,160,186,200" oya="3" hai0="17,91,22,109,18,119,16,84,1,23,99,128,58" hai1="67,115,50,114,125,129,53,112,95,105,70,69,8" hai2="25,44,63,35,13,130,92,19,90,21,57,51,116" hai3="79,62,135,0,39,5,87,54,48,98,56,7,72"/><W11/><G39/><T77/><D1/><U71/><E105/><V27/><F130/><W30/><G135/><T88/><D109/><U107/><E107/><V14/><F116/><W60/><G72/><T6/><D6/><U49/><E8/><V10/><F35/><W134/><G134/><T65/><D119/><U108/><E95/><V47/><F47/><W33/><G7/><T74/><D74/><U80/><E80/><V78/><F78/><W64/><G98/><T15/><D128/><U34/><E129/><V46/><F46/><W110/><G110/><T68/><D68/><N who="1" m="26219" /><E34/><V106/><F106/><W97/><G97/><T12/><D18/><U61/><E108/><V31/><F31/><W52/><G79/><T132/><D132/><U45/><E50/><V122/><F122/><W29/><G87/><T81/><D99/><U3/><E3/><V103/><F103/><W59/><G33/><T104/><D104/><U66/><E66/><N who="2" m="39279" /><F14/><W101/><G101/><T42/><D42/><U100/><E100/><V55/><F10/><W36/><G36/><T20/><D20/><U120/><E125/><V40/><F40/><W124/><G124/><T75/><D75/><U24/><E24/><V26/><F25/><W82/><G82/><T121/><D121/><AGARI ba="2,0" hai="45,49,53,61,67,71,112,114,115,120,121" m="26219" machi="121" ten="40,5200,0" yaku="15,1,34,2" doraHai="28" who="1" fromWho="0" sc="454,-58,160,58,186,0,200,0" owari="396,49.0,218,2.0,186,-31.0,200,-20.0" /></mjloggm>