<mjloggm ver="2.3"><GO type="169"/><UN n0="%76%65%74%6F%6F" n1="%EF%BC%88%E2%89%A7%E2%96%BD%E2%89%A6%EF%BC%89" n2="%E3%81%97%E3%81%8A%E3%82%84%E3%81%A0%E3%82%93" n3="%74%6A%2D%6D%69%63%72%6F" dan="16,16,16,16" rate="2017,2085,2159,2078" sx="M,M,M,M"/><TAIKYOKU oya="0"/><INIT seed="0,0,0,1,2,117" ten="250,250,250,250" oya="0" hai0="114,100,134,104,54,9,75,133,14,122,91,1,97" hai1="12,31,87,59,62,124,78,35,8,56,27,41,66" hai2="81,119,15,123,73,79,4,98,112,93,49,88,52" hai3="33,45,30,67,108,25,102,16,40,94,47,74,32"/><T89/><D1/><U11/><E124/><V55/><F119/><W3/><G3/><T127/><D114/><U86/><E41/><V110/><F112/><W20/><G74/><T37/><D37/><U116/><E116/><V80/><F110/><W103/><G108/><T118/><D118/><U70/><E8/><V106/><F81/><W96/><G67/><T85/><D127/><U10/><E10/><V53/><F106/><W90/><G47/><T26/><D26/><U107/><E107/><V120/><F4/><W18/><G33/><T39/><D39/><U5/><E78/><V77/><F77/><W84/><G32/><T92/><D54/><U19/><E5/><V125/><F125/><W22/><G22/><T6/><D75/><U24/><E24/><V113/><F113/><W38/><REACH who="3" step="1"/><G103/><REACH who="3" ten="250,250,250,240" step="2"/><T13/><D100/><U42/><E35/><V51/><REACH who="2" step="1"/><F15/><REACH who="2" ten="250,250,240,240" step="2"/><W57/><G57/><T48/><D14/><U2/><E59/><V129/><F129/><W115/><G115/><T64/><D104/><AGARI ba="0,2" hai="16,18,20,25,30,38,40,45,84,90,94,96,102,104" machi="104" ten="30,3900,0" yaku="1,1,7,1,54,1,53,0" doraHai="117" doraHaiUra="121" who="3" fromWho="0" sc="250,-39,250,0,240,0,240,59" /><INIT seed="1,0,0,4,1,16" ten="211,250,240,299" oya="1" hai0="9,61,84,5,128,50,106,69,30,33,79,36,123" hai1="70,109,124,38,132,4,125,81,34,7,29,135,53" hai2="47,77,18,103,90,76,28,98,6,48,129,39,94" hai3="120,46,63,54,104,115,0,1,89,110,100,44,119"/><U131/><E38/><V130/><F39/><W55/><G115/><T102/><D128/><N who="2" m="49258" /><F6/><N who="1" m="2089" /><E70/><V56/><F28/><W22/><G120/><T17/><D36/><U116/><E131/><V121/><F121/><W15/><G63/><T83/><D123/><U49/><E81/><V65/><F103/><W8/><G100/><T41/><D106/><U80/><E80/><V13/><F56/><W88/><G104/><T37/><D102/><U64/><E64/><V133/><F65/><W92/><G92/><T42/><D69/><U74/><E74/><V40/><F133/><N who="1" m="51273" /><E116/><V112/><F112/><W23/><G119/><T126/><D61/><U21/><E109/><V2/><F2/><W86/><G86/><T95/><D95/><U59/><E34/><V96/><F96/><W19/><G110/><T12/><D37/><U75/><E75/><V31/><F31/><W111/><G111/><T10/><D41/><U66/><E66/><V73/><F73/><W72/><G72/><T62/><D62/><U93/><E93/><V71/><F71/><W11/><G15/><T3/><D33/><U122/><E122/><V26/><F26/><AGARI ba="0,0" hai="21,26,29,49,53,59,124,125" m="51273,2089" machi="26" ten="30,2900,0" yaku="20,1,52,1" doraHai="16" who="1" fromWho="2" sc="211,0,250,29,240,-29,299,0" /><INIT seed="1,1,0,3,5,16" ten="211,279,211,299" oya="1" hai0="34,99,52,91,5,14,28,68,122,49,86,128,113" hai1="108,67,65,54,116,72,50,79,119,59,20,87,97" hai2="82,102,30,10,132,51,135,61,19,81,25,0,11" hai3="32,111,129,125,35,1,103,80,96,105,55,13,37"/><U39/><E39/><V70/><F102/><W47/><G1/><T98/><D113/><U42/><E72/><V84/><F51/><W110/><G125/><T46/><D68/><U66/><E42/><V109/><F109/><W31/><G129/><T21/><D128/><U126/><E126/><V100/><F100/><W26/><G80/><T76/><D122/><U23/><E97/><V92/><F92/><W9/><G35/><T15/><D76/><U22/><REACH who="1" step="1"/><E108/><REACH who="1" ten="211,269,211,299" step="2"/><V4/><F132/><W124/><G124/><T45/><D99/><U74/><E74/><V78/><F135/><W64/><G110/><T12/><D98/><U24/><E24/><V134/><F134/><W3/><G111/><T27/><D34/><U133/><E133/><V117/><F25/><W94/><G37/><T48/><D5/><U131/><E131/><V90/><F4/><W36/><G26/><T38/><D38/><U123/><E123/><V104/><F117/><W83/><G32/><T41/><REACH who="0" step="1"/><D12/><REACH who="0" ten="201,269,211,299" step="2"/><U56/><E56/><V58/><F58/><W43/><G13/><T93/><AGARI ba="1,2" hai="14,15,21,27,28,41,45,46,48,49,52,86,91,93" machi="93" ten="20,12000,2" yaku="1,1,2,1,0,1,7,1,8,1,52,1,54,1,53,0" doraHai="16" doraHaiUra="73" who="0" fromWho="0" sc="201,143,269,-61,211,-31,299,-31" /><INIT seed="2,0,0,3,1,130" ten="344,208,180,268" oya="2" hai0="24,77,4,32,92,28,8,17,65,29,54,106,0" hai1="83,75,41,118,1,117,76,49,96,7,100,124,23" hai2="3,108,126,33,38,20,134,39,79,122,132,88,127" hai3="81,69,6,129,121,46,97,90,18,62,70,58,102"/><V2/><F122/><W57/><G121/><T10/><D106/><U109/><E124/><N who="2" m="47659" /><F79/><W60/><G129/><T110/><D65/><U73/><E109/><V35/><F20/><W36/><G6/><T5/><D54/><U63/><E73/><V111/><F88/><W55/><G18/><T82/><D92/><U91/><E91/><V50/><F50/><W59/><G90/><T56/><D56/><N who="3" m="21609" /><G81/><T84/><D110/><N who="2" m="42026" /><F38/><W27/><G27/><T12/><D29/><U67/><E23/><V85/><F85/><W133/><G97/><T53/><D53/><U15/><E96/><V128/><F128/><W94/><G94/><T52/><D52/><U68/><E76/><V78/><F78/><W74/><G74/><T80/><D80/><U99/><E83/><V43/><F43/><N who="3" m="22887" /><G102/><T34/><D5/><U11/><E75/><V30/><F30/><W40/><G40/><T25/><D25/><U42/><E42/><V98/><F39/><W115/><G115/><T103/><D103/><U113/><E113/><V135/><F98/><W64/><G133/><T114/><D114/><U116/><E116/><V125/><N who="2" m="47667" /><V61/><DORA hai="120" /><F61/><W31/><G31/><T48/><D34/><AGARI ba="0,0" hai="2,3,33,34,35,132,134,135" m="42026,47667" machi="34" ten="60,48000,5" yaku="28,2,20,1,18,1,14,1,10,1,31,2,34,2,52,6" doraHai="130,120" who="2" fromWho="0" sc="344,-480,208,0,180,480,268,0" owari="-136,-64.0,208,-19.0,660,76.0,268,7.0" /></mjloggm>