<mjloggm ver="2.3"><GO type="169" lobby="0"/><UN n0="%E3%81%B2%E3%81%BD%E3%81%8D%E3%82%88%E3%81%97" n1="%EF%BC%88%E2%89%A7%E2%96%BD%E2%89%A6%EF%BC%89" n2="%E6%80%96%E3%81%8F%E3%81%AA%E3%81%84%E3%81%8A" n3="%E5%AF%9B%E3%83%94%E3%82%A8%E3%83%AD" dan="18,17,18,16" rate="2184.93,2150.87,2213.37,2104.01" sx="M,M,M,M"/><TAIKYOKU oya="0"/><INIT seed="0,0,0,1,0,112" ten="250,250,250,250" oya="0" hai0="67,126,103,50,74,94,35,34,110,4,16,31,70" hai1="20,30,22,1,24,15,43,77,95,135,65,10,25" hai2="39,83,88,51,32,130,41,92,81,104,17,131,13" hai3="75,86,113,84,111,7,101,99,8,9,102,96,18"/><T87/><D74/><U38/><E135/><V66/><F104/><W127/><G75/><T56/><D70/><U3/><E65/><V106/><F106/><W49/><G113/><T54/><D4/><U19/><E77/><V76/><F32/><W116/><G111/><T0/><D0/><U89/><E43/><V68/><F39/><W21/><G49/><T85/><D126/><U97/><REACH who="1" step="1"/><E38/><REACH who="1" ten="250,240,250,250" step="2"/><V93/><F76/><W118/><G127/><T134/><D67/><U98/><E98/><V125/><F125/><W36/><G36/><T61/><D110/><U78/><E78/><V119/><F66/><W40/><G40/><T27/><D134/><U6/><AGARI ba="0,1" hai="1,3,6,10,15,19,20,22,24,25,30,89,95,97" machi="6" ten="20,2700,0" yaku="1,1,0,1,7,1,53,0" doraHai="112" doraHaiUra="48" who="1" fromWho="1" sc="250,-13,240,37,250,-7,250,-7" /><INIT seed="1,0,0,2,5,71" ten="237,277,243,243" oya="1" hai0="65,100,95,4,79,41,7,3,89,105,1,53,115" hai1="80,23,13,19,9,68,125,127,35,18,98,119,94" hai2="61,75,104,114,54,0,34,96,86,6,74,82,59" hai3="47,66,64,21,63,5,113,121,22,73,84,69,49"/><U101/><E119/><V109/><F34/><W91/><G73/><T52/><D115/><U92/><E68/><V8/><F114/><W78/><G121/><T58/><D105/><U25/><E35/><V62/><F109/><W93/><G78/><T128/><D128/><U118/><E118/><V43/><F43/><W77/><G77/><T28/><D79/><U45/><E80/><V88/><REACH who="2" step="1"/><F62/><REACH who="2" ten="237,277,233,243" step="2"/><W48/><G113/><T132/><D41/><U16/><E45/><V24/><F24/><W97/><G47/><T26/><D132/><U135/><E135/><V30/><F30/><W133/><G63/><T56/><D26/><U60/><E60/><V130/><F130/><W108/><G108/><T126/><D28/><U44/><E44/><V117/><F117/><W17/><G133/><T42/><D42/><U90/><REACH who="1" step="1"/><E19/><REACH who="1" ten="237,267,233,243" step="2"/><V51/><F51/><W123/><G17/><T116/><D116/><U11/><E11/><V32/><F32/><W112/><G48/><T31/><D31/><U134/><E134/><V2/><F2/><W55/><G49/><T103/><D3/><U85/><AGARI ba="0,2" hai="9,13,16,18,23,25,85,90,92,94,98,101,125,127" machi="85" ten="30,6000,0" yaku="1,1,0,1,54,1,53,0" doraHai="71" doraHaiUra="124" who="1" fromWho="1" sc="237,-20,267,80,233,-20,243,-20" /><INIT seed="1,1,0,5,4,16" ten="217,347,213,223" oya="1" hai0="46,111,68,44,133,88,26,67,108,30,21,91,123" hai1="73,45,69,85,118,9,93,48,109,31,20,29,1" hai2="78,100,86,19,51,6,15,72,54,119,110,5,131" hai3="34,129,17,37,62,130,94,89,7,134,36,14,22"/><U25/><E73/><V55/><F119/><W18/><G34/><T120/><D133/><U128/><E69/><V10/><F131/><N who="3" m="50187" /><G134/><T58/><D68/><U96/><E128/><V75/><F110/><N who="0" m="42026" /><D67/><U4/><E118/><V50/><F100/><W27/><G62/><T24/><D58/><U124/><E85/><V71/><F72/><W92/><G7/><T135/><D135/><U56/><E56/><N who="2" m="32855" /><F75/><W33/><G33/><T42/><D26/><U63/><E63/><V40/><F40/><W64/><G64/><T122/><D46/><U39/><E39/><AGARI ba="1,0" hai="21,24,30,39,42,44,88,91,120,122,123" m="42026" machi="39" ten="40,8000,1" yaku="13,1,14,1,52,1,54,1" doraHai="16" who="0" fromWho="1" sc="217,83,347,-83,213,0,223,0" /><INIT seed="2,0,0,1,3,49" ten="300,264,213,223" oya="2" hai0="42,4,98,107,31,109,56,28,100,36,13,84,9" hai1="35,23,27,30,81,57,38,108,103,85,5,26,62" hai2="121,94,122,52,116,55,53,95,75,125,78,130,106" hai3="68,8,92,59,44,111,10,88,7,123,89,58,61"/><V129/><F106/><W113/><G123/><T72/><D109/><U43/><E108/><V91/><F116/><W82/><G111/><T65/><D72/><U76/><E103/><V134/><F134/><W105/><G105/><T99/><D36/><U51/><E5/><V33/><F33/><W97/><G113/><T102/><D42/><U124/><E38/><V79/><F125/><W128/><G128/><N who="2" m="49257" /><F95/><W110/><G110/><T117/><D117/><U54/><E124/><V45/><F45/><W41/><G68/><T118/><D84/><U131/><E131/><V86/><F75/><W19/><G19/><T90/><D90/><U18/><REACH who="1" step="1"/><E43/><REACH who="1" ten="300,254,213,223" step="2"/><V66/><F66/><W73/><G7/><T3/><D118/><U69/><E69/><V119/><F119/><W34/><G41/><T11/><D65/><U135/><E135/><V1/><F1/><W48/><G34/><T47/><D3/><U40/><E40/><V67/><F67/><W25/><G73/><T77/><D107/><U80/><E80/><N who="2" m="47391" /><F78/><W101/><G82/><T74/><D77/><U71/><E71/><V60/><F60/><AGARI ba="0,1" hai="18,23,26,27,30,35,51,54,57,60,62,76,81,85" machi="60" ten="40,2600,0" yaku="1,1,52,1,53,0" doraHai="49" doraHaiUra="132" who="1" fromWho="2" sc="300,0,254,36,213,-26,223,0" /><INIT seed="3,0,0,2,3,29" ten="300,290,187,223" oya="3" hai0="49,89,47,65,102,46,73,55,22,128,56,116,1" hai1="5,122,11,111,107,15,45,96,117,54,59,44,51" hai2="42,93,119,87,77,67,98,110,26,81,9,129,20" hai3="135,92,86,126,41,105,43,71,25,76,8,13,83"/><W100/><G71/><T66/><D73/><U104/><E122/><V17/><F119/><W31/><G126/><T21/><D1/><U123/><E123/><V28/><F129/><W95/><G135/><T91/><D128/><U85/><E111/><V64/><F110/><W75/><G75/><T68/><D68/><U124/><E124/><V30/><F42/><W103/><G105/><T48/><D55/><U63/><E117/><V0/><F0/><W99/><G92/><T131/><D131/><U97/><E45/><V69/><F69/><W58/><G58/><T35/><D56/><U101/><E85/><V118/><F118/><W3/><G103/><T84/><D84/><U74/><E74/><V53/><F53/><W33/><REACH who="3" step="1"/><G3/><REACH who="3" ten="300,290,187,213" step="2"/><T109/><D116/><U36/><E107/><V38/><F67/><W7/><AGARI ba="0,1" hai="7,8,13,25,31,33,41,43,76,83,86,95,99,100" machi="7" ten="20,18000,2" yaku="1,1,2,1,0,1,7,1,52,1,53,1" doraHai="29" doraHaiUra="27" who="3" fromWho="3" sc="300,-60,290,-60,187,-60,213,190" /><INIT seed="3,1,0,0,4,44" ten="240,230,127,403" oya="3" hai0="125,39,8,55,34,110,98,42,119,17,61,58,64" hai1="85,135,102,115,96,95,37,114,28,47,74,73,89" hai2="126,16,12,121,118,32,59,27,101,52,84,108,46" hai3="62,107,9,97,63,134,127,92,104,77,88,70,66"/><W67/><G127/><T26/><D110/><U19/><E28/><V128/><F108/><W100/><G134/><T78/><D119/><U65/><E65/><V123/><F118/><W129/><G129/><T5/><D125/><U130/><E130/><V53/><F101/><W22/><G77/><T131/><D131/><U79/><E19/><V13/><F126/><W0/><G22/><T38/><D42/><U56/><E56/><V54/><F46/><W106/><G0/><T11/><D11/><U2/><E2/><V60/><F84/><W113/><G9/><T35/><D78/><U48/><E37/><V1/><F1/><W4/><G4/><T49/><D35/><U132/><E47/><V57/><F128/><W103/><REACH who="3" step="1"/><G113/><REACH who="3" ten="240,230,127,393" step="2"/><T117/><D5/><U36/><E79/><V94/><F32/><W122/><G122/><T50/><D8/><U112/><E135/><V82/><F123/><W69/><AGARI ba="1,1" hai="62,63,66,67,69,70,88,92,97,100,103,104,106,107" machi="69" ten="30,11700,0" yaku="1,1,0,1,9,1,54,1,53,0" doraHai="44" doraHaiUra="124" who="3" fromWho="3" sc="240,-40,230,-40,127,-40,393,130" /><INIT seed="3,2,0,1,5,84" ten="200,190,87,523" oya="3" hai0="116,64,59,121,124,38,75,87,42,28,96,91,67" hai1="97,2,52,109,112,26,61,0,73,106,128,92,93" hai2="82,19,118,30,131,54,12,47,98,68,6,125,80" hai3="101,23,65,17,86,36,48,110,63,33,62,89,1"/><W102/><G36/><T107/><D124/><U134/><E112/><V81/><F118/><W74/><G33/><T46/><D121/><U70/><E73/><V130/><F68/><W24/><G74/><T53/><D75/><U45/><E134/><V9/><F30/><W44/><G1/><T94/><D28/><U76/><E76/><V39/><F125/><W103/><G110/><T69/><D69/><U123/><E123/><V66/><F66/><W132/><G132/><T90/><D116/><U113/><E113/><V4/><F98/><W31/><G31/><T114/><D107/><U50/><E109/><V88/><F39/><W126/><G126/><T40/><D40/><U119/><E106/><V41/><F41/><N who="3" m="24591" /><G65/><T13/><D13/><U7/><E119/><V58/><F47/><W21/><G21/><T14/><D14/><U55/><E0/><V85/><F131/><W16/><G17/><T60/><D114/><U49/><E128/><V29/><F29/><W104/><G104/><T111/><D111/><U18/><E2/><V95/><REACH who="2" step="1"/><F130/><REACH who="2" ten="200,190,77,523" step="2"/><W72/><G72/><T3/><D64/><U105/><E70/><V115/><F115/><W34/><G34/><T122/><D67/><U43/><E43/><V78/><F78/><W51/><G51/><AGARI ba="2,1" hai="4,6,9,12,19,51,54,58,80,81,82,85,88,95" machi="51" ten="40,8000,1" yaku="1,1,8,1,52,1,54,1,53,0" doraHai="84" doraHaiUra="22" who="2" fromWho="3" sc="200,0,190,0,77,96,523,-86" /><INIT seed="4,0,0,4,1,19" ten="200,190,173,437" oya="0" hai0="23,84,127,11,7,106,8,105,18,13,12,27,87" hai1="55,108,110,97,39,1,95,32,29,17,52,61,111" hai2="49,3,88,132,60,21,28,51,53,101,30,37,69" hai3="75,82,33,70,116,100,122,117,128,113,76,123,120"/><T9/><D127/><U114/><E39/><V45/><F3/><W54/><G33/><T42/><D42/><U10/><E114/><V35/><F101/><W98/><G70/><T126/><D126/><U20/><E61/><V77/><F77/><W80/><G54/><T85/><REACH who="0" step="1"/><D9/><REACH who="0" ten="190,190,173,437" step="2"/><U25/><E10/><V92/><F132/><W133/><G133/><T58/><D58/><U65/><E1/><V107/><F69/><W41/><G41/><T26/><D26/><U56/><E56/><V102/><F37/><W0/><G122/><T99/><D99/><U57/><E57/><V36/><F36/><W62/><G98/><T115/><D115/><U79/><E65/><V50/><F45/><W22/><G113/><T131/><D131/><U90/><REACH who="1" step="1"/><E79/><REACH who="1" ten="190,180,173,437" step="2"/><V118/><F60/><W104/><G62/><T93/><D93/><U38/><E38/><V48/><F92/><W68/><G120/><T124/><D124/><U94/><E94/><V67/><F67/><W40/><G123/><T43/><D43/><U72/><E72/><V135/><F135/><W66/><G66/><T119/><D119/><U71/><E71/><V63/><F118/><W91/><G75/><T103/><D103/><U112/><E112/><V125/><F125/><W96/><G100/><T15/><D15/><AGARI ba="0,2" hai="15,17,20,25,29,32,52,55,90,95,97,108,110,111" machi="15" ten="40,8000,1" yaku="1,1,52,1,54,1,53,1" doraHai="19" doraHaiUra="14" who="1" fromWho="0" sc="190,-80,180,100,173,0,437,0" /><INIT seed="5,0,0,1,0,75" ten="110,280,173,437" oya="1" hai0="72,91,71,65,112,21,127,39,7,24,77,129,54" hai1="87,51,99,113,63,44,25,108,102,33,93,42,2" hai2="56,73,97,22,37,128,31,4,88,53,79,122,120" hai3="62,82,49,20,83,106,133,131,68,11,17,95,61"/><U107/><E2/><V12/><F37/><W98/><G106/><T100/><D54/><U43/><E113/><V135/><F135/><W80/><G133/><T84/><D65/><U1/><E1/><V124/><F124/><W27/><G68/><T19/><D71/><U130/><E130/><V41/><F128/><W10/><G131/><T40/><D129/><U5/><E5/><V35/><F41/><W74/><G74/><T110/><D100/><U121/><E121/><V105/><F35/><W123/><G123/><T115/><D110/><U47/><E108/><V52/><F105/><W30/><G49/><T57/><D57/><U70/><E63/><N who="3" m="24074" /><G30/><T109/><D109/><U134/><E70/><V28/><F53/><W60/><G60/><T29/><D29/><U55/><E134/><V38/><F38/><W114/><G114/><T94/><D127/><U116/><E55/><V92/><F120/><W18/><G18/><T59/><D59/><U66/><E66/><V13/><F31/><W126/><G126/><T125/><D125/><U132/><E107/><V45/><F56/><W32/><G32/><T111/><D111/><U81/><E33/><V15/><F4/><W3/><G3/><T101/><D101/><AGARI ba="0,0" hai="10,11,17,20,27,80,82,83,95,98,101" m="24074" machi="101" ten="30,1000,0" yaku="8,1" doraHai="75" who="3" fromWho="0" sc="110,-10,280,0,173,0,437,10" /><INIT seed="6,0,0,0,4,60" ten="100,280,173,447" oya="2" hai0="80,70,62,98,125,69,21,106,104,7,130,33,43" hai1="54,107,65,118,101,72,84,36,126,24,132,30,9" hai2="64,23,58,66,11,39,63,8,78,56,2,41,91" hai3="49,134,76,29,37,133,68,99,59,22,1,42,18"/><V53/><F78/><W57/><G68/><T73/><D21/><U93/><E72/><V121/><F121/><W119/><G1/><T92/><D125/><U0/><E36/><V87/><F2/><W71/><G71/><T135/><D130/><U20/><E118/><V95/><F41/><W82/><G119/><T128/><D135/><U123/><E123/><V48/><F39/><W117/><G29/><T129/><D43/><U96/><E126/><V14/><F66/><W3/><G3/><T35/><D92/><U31/><E132/><V102/><F102/><W5/><G99/><T100/><D70/><U44/><E65/><V113/><F113/><W88/><G5/><T86/><D7/><U45/><E30/><V131/><F131/><N who="0" m="50250" /><D86/><U15/><E0/><V77/><F77/><W38/><G76/><N who="0" m="44047" /><D106/><U90/><E54/><V115/><F115/><W116/><G42/><T97/><D97/><U74/><E74/><V124/><F124/><W27/><G133/><T10/><D10/><U51/><E51/><V34/><F34/><W114/><G134/><T110/><D110/><U13/><E9/><V112/><F112/><W61/><G49/><T32/><D32/><U40/><E40/><V127/><F127/><W47/><G38/><T52/><D52/><U17/><E31/><V16/><AGARI ba="0,0" hai="8,11,14,16,23,48,53,56,58,63,64,87,91,95" machi="16" ten="30,18000,2" yaku="0,1,25,2,8,1,52,1,54,1" doraHai="60" who="2" fromWho="2" sc="100,-60,280,-60,173,180,447,-60" /><INIT seed="6,1,0,5,2,30" ten="40,220,353,387" oya="2" hai0="117,106,119,6,21,127,3,26,15,51,83,126,53" hai1="86,4,32,96,47,75,52,130,60,98,84,116,46" hai2="85,31,79,65,72,113,69,41,90,94,89,124,118" hai3="73,22,112,23,87,19,33,18,34,78,36,103,71"/><V56/><F118/><N who="0" m="45066" /><D106/><U61/><E75/><V131/><F131/><W12/><G71/><T50/><D83/><U10/><E130/><V121/><F121/><W88/><G36/><T100/><D53/><U49/><E116/><V17/><F124/><N who="0" m="47658" /><D100/><U101/><E47/><V62/><F113/><W91/><G112/><T42/><D42/><U29/><E98/><V63/><F31/><W35/><G103/><T1/><D51/><U13/><E86/><V5/><F5/><W82/><REACH who="3" step="1"/><G73/><REACH who="3" ten="40,220,353,377" step="2"/><T7/><D50/><U16/><E49/><V134/><F72/><W54/><G54/><T99/><D99/><U104/><E52/><N who="2" m="34055" /><F41/><W55/><G55/><T20/><D15/><AGARI ba="1,1" hai="12,15,18,19,22,23,33,34,35,78,82,87,88,91" machi="15" ten="40,12000,2" yaku="1,1,9,1,52,3,54,1,53,0" doraHai="30" doraHaiUra="24" who="3" fromWho="0" sc="40,-123,220,0,353,0,377,133" owari="-83,-58.0,220,-18.0,353,15.0,510,61.0" /></mjloggm>