<mjloggm ver="2.3"><GO type="169"/><UN n0="%E3%82%B6%E3%83%BC%E3%83%89" n1="%74%6A%2D%6D%69%63%72%6F" n2="%E2%98%85%E3%81%AA%E3%82%8A%E3%81%BD%E3%81%9F%E2%98%85" n3="%EF%BC%88%E2%89%A7%E2%96%BD%E2%89%A6%EF%BC%89" dan="16,16,16,16" rate="2047,2082,2058,2116" sx="M,M,F,M"/><TAIKYOKU oya="0"/><INIT seed="0,0,0,2,0,94" ten="250,250,250,250" oya="0" hai0="25,71,85,59,3,63,97,66,21,4,31,110,47" hai1="98,100,102,107,91,5,43,61,130,88,33,96,119" hai2="133,26,45,27,42,65,0,2,56,44,15,39,70" hai3="122,118,17,77,115,1,69,46,60,41,40,35,83"/><T55/><D110/><U6/><E33/><V114/><F114/><W108/><G122/><T8/><D47/><U121/><E121/><V49/><F15/><W76/><G115/><T72/><D72/><U103/><E119/><V104/><F104/><W24/><G118/><T36/><D36/><U12/><E130/><V131/><F131/><W128/><G128/><T101/><D85/><U73/><E73/><V30/><F133/><W51/><G1/><T20/><D71/><U117/><E117/><V28/><F28/><W52/><G108/><T99/><D101/><U54/><E43/><V126/><F126/><W92/><G35/><T68/><REACH who="0" step="1"/><D21/><REACH who="0" ten="240,250,250,250" step="2"/><U62/><E102/><V53/><F45/><W105/><G69/><T123/><D123/><U84/><E84/><V74/><F74/><W95/><G46/><T124/><D124/><U16/><E5/><V116/><F116/><W106/><G41/><T111/><D111/><U90/><E6/><V14/><F70/><W79/><G40/><T127/><D127/><U89/><E103/><V125/><F44/><W67/><G76/><T13/><D13/><U32/><E32/><V129/><F42/><W58/><G77/><T86/><D86/><U120/><E120/><V135/><F39/><W113/><G113/><T132/><D132/><U112/><E112/><V64/><F135/><W81/><G79/><T50/><AGARI ba="0,1" hai="3,4,8,20,25,31,50,55,59,63,66,68,97,99" machi="50" ten="20,12000,1" yaku="1,1,0,1,7,1,52,2,53,0" doraHai="94" doraHaiUra="9" who="0" fromWho="0" sc="240,130,250,-40,250,-40,250,-40" /><INIT seed="0,1,0,4,3,83" ten="370,210,210,210" oya="0" hai0="105,71,119,48,61,99,7,78,132,1,110,8,69" hai1="109,80,0,112,107,65,76,58,50,23,39,27,64" hai2="62,37,31,88,74,77,32,9,123,111,134,124,63" hai3="92,46,118,114,54,66,35,95,49,67,56,98,130"/><T30/><D119/><U129/><E39/><V70/><F123/><W102/><G118/><T21/><D132/><U14/><E107/><V52/><F37/><W91/><G114/><T90/><D110/><U15/><E0/><V59/><F111/><W6/><G130/><T17/><D78/><U68/><E68/><V126/><F134/><W115/><G115/><T19/><D48/><U125/><E109/><V42/><F42/><W128/><G128/><T116/><D116/><U108/><E108/><V3/><F32/><W55/><G35/><T120/><D120/><U75/><E112/><V84/><F31/><W53/><G6/><T103/><D90/><U82/><E129/><V94/><F74/><W38/><G38/><T57/><D30/><U34/><E34/><V24/><F24/><W40/><REACH who="3" step="1"/><G56/><REACH who="3" ten="370,210,210,200" step="2"/><T117/><D117/><U28/><E58/><V60/><F70/><W45/><G45/><T10/><D69/><U96/><E125/><N who="2" m="48235" /><F77/><W11/><G11/><T86/><D71/><U2/><E76/><V25/><F25/><W81/><G81/><T104/><D8/><U72/><E82/><V135/><F135/><W22/><G22/><T79/><D21/><U133/><E80/><V127/><F127/><W97/><AGARI ba="1,1" hai="40,46,49,53,54,55,66,67,91,92,95,97,98,102" machi="97" ten="30,7900,0" yaku="1,1,0,1,8,1,53,1" doraHai="83" doraHaiUra="41" who="3" fromWho="3" sc="370,-40,210,-21,210,-21,200,92" /><INIT seed="1,0,0,3,3,35" ten="330,189,189,292" oya="1" hai0="20,33,104,115,122,59,25,63,21,12,22,47,88" hai1="39,94,18,52,69,61,127,76,75,129,83,118,96" hai2="132,73,91,41,100,65,16,99,77,90,107,44,28" hai3="27,58,124,60,123,117,102,114,5,113,38,17,110"/><U19/><E118/><V51/><F28/><W26/><G38/><T9/><D115/><U128/><E39/><V70/><F132/><W6/><G123/><T57/><D104/><U125/><E69/><V62/><F73/><W71/><G71/><T55/><D122/><U3/><E61/><V64/><F77/><W7/><G117/><T0/><D0/><U111/><E3/><V81/><F81/><W45/><G124/><N who="1" m="47690" /><E52/><V131/><F65/><W103/><G110/><T56/><D33/><U93/><E19/><V2/><F131/><N who="1" m="50249" /><E18/><V106/><F106/><W101/><G45/><T120/><D120/><U82/><E111/><V11/><REACH who="2" step="1"/><F16/><REACH who="2" ten="330,189,179,292" step="2"/><W80/><G114/><T30/><D63/><U31/><E31/><V40/><F40/><W98/><G113/><T66/><D66/><U29/><E29/><V67/><F67/><W1/><G17/><T134/><D134/><U97/><E83/><V50/><F50/><W13/><G80/><T116/><D116/><U133/><E133/><V34/><F34/><W8/><G60/><T112/><D112/><U36/><E36/><V85/><F85/><W42/><G42/><T86/><D30/><U4/><E4/><AGARI ba="0,1" hai="2,4,11,41,44,51,62,64,70,90,91,99,100,107" machi="4" ten="40,5200,0" yaku="1,1,52,1,53,1" doraHai="35" doraHaiUra="43" who="2" fromWho="1" sc="330,0,189,-52,179,62,292,0" /><INIT seed="2,0,0,1,3,110" ten="330,137,241,292" oya="2" hai0="106,77,89,120,61,81,41,75,34,22,68,97,93" hai1="123,24,39,33,132,43,88,20,49,127,117,74,17" hai2="64,16,10,98,51,58,87,84,32,105,76,114,72" hai3="12,118,79,47,27,37,124,94,86,70,7,96,3"/><V126/><F32/><W56/><G70/><T59/><D68/><U14/><E117/><V54/><F126/><W45/><G3/><T44/><D120/><U112/><E127/><V122/><F122/><W80/><G124/><T128/><D128/><U30/><E123/><V113/><F72/><W95/><G118/><T134/><D134/><U82/><E132/><V90/><F64/><W83/><G37/><T131/><D131/><U85/><E74/><V65/><F65/><W2/><G2/><T103/><D34/><U23/><E39/><V133/><F133/><W66/><G27/><T38/><D22/><U21/><REACH who="1" step="1"/><E112/><REACH who="1" ten="330,127,241,292" step="2"/><V67/><F67/><W129/><G129/><T5/><D5/><U36/><E36/><V18/><F114/><W53/><G7/><T130/><D130/><U73/><E73/><V29/><F113/><W26/><G96/><T46/><D46/><AGARI ba="0,1" hai="14,17,20,21,23,24,30,33,43,46,49,82,85,88" machi="46" ten="40,5200,0" yaku="1,1,54,1,53,1" doraHai="110" doraHaiUra="28" who="1" fromWho="0" sc="330,-52,127,62,241,0,292,0" /><INIT seed="3,0,0,2,4,44" ten="278,189,241,292" oya="3" hai0="87,67,130,69,13,54,59,57,115,30,79,4,125" hai1="110,36,107,37,35,61,15,133,27,96,12,90,48" hai2="74,72,63,70,50,93,33,58,66,26,71,22,78" hai3="77,103,34,32,109,24,121,111,100,51,45,8,128"/><W60/><G121/><T40/><D115/><U108/><E133/><V38/><F33/><W135/><G135/><T29/><D130/><U2/><E2/><V89/><F38/><W5/><G77/><T117/><D125/><U76/><E76/><V127/><F127/><W39/><G39/><T14/><D117/><U1/><E1/><V42/><F78/><W6/><G60/><N who="0" m="38287" /><D69/><U31/><E61/><V80/><F80/><W94/><G128/><T106/><D106/><U73/><E73/><V84/><F71/><W7/><G8/><N who="0" m="4231" /><D14/><U19/><E15/><V43/><F43/><W0/><G0/><T122/><D40/><U118/><E118/><V92/><F93/><W65/><G65/><T55/><D55/><U124/><E124/><V113/><F113/><W49/><G24/><T23/><D23/><U41/><E37/><V98/><F84/><W95/><G6/><T18/><D18/><U91/><E36/><V88/><F89/><W116/><G45/><T104/><D122/><U16/><E96/><V20/><F20/><W131/><G131/><T99/><D99/><U119/><E19/><V132/><F132/><W21/><G116/><T64/><D64/><U56/><E107/><V10/><F10/><W82/><G21/><T123/><D123/><U46/><E56/><V3/><F3/><W114/><G114/><T52/><D104/><U83/><E119/><V112/><F112/><W75/><G75/><T102/><D102/><U105/><E105/><V25/><F25/><W17/><G17/><T86/><D79/><U47/><E27/><V81/><F26/><RYUUKYOKU ba="0,0" sc="278,-10,189,-10,241,-10,292,30" hai3="5,7,32,34,49,51,82,94,95,100,103,109,111" /><INIT seed="3,1,0,1,0,0" ten="268,179,231,322" oya="3" hai0="120,57,64,24,31,101,66,71,25,60,39,11,125" hai1="130,69,53,113,20,106,109,26,135,124,98,70,58" hai2="104,32,89,7,126,93,81,99,29,132,78,80,73" hai3="105,129,42,76,5,23,103,12,75,21,9,14,3"/><W111/><G105/><T112/><D120/><U118/><E113/><V4/><F132/><W15/><G103/><T10/><D112/><U6/><E135/><V134/><F134/><W122/><G122/><T97/><D39/><U49/><E109/><V44/><F126/><W85/><G75/><T38/><D38/><U37/><E37/><V84/><F44/><W16/><G111/><T131/><D131/><U17/><E124/><V46/><F46/><W33/><G129/><T50/><D125/><U52/><E130/><V110/><F110/><W59/><G42/><T30/><D30/><U8/><E118/><V94/><F94/><W91/><G33/><T54/><D64/><U108/><E108/><V47/><F47/><W100/><G100/><T92/><REACH who="0" step="1"/><D24/><REACH who="0" ten="258,179,231,322" step="2"/><U116/><E116/><V62/><F29/><W22/><G76/><T19/><D19/><U128/><E128/><V28/><F28/><W65/><G65/><T121/><D121/><U51/><E106/><V95/><F104/><W48/><G48/><T13/><D13/><U119/><E119/><V79/><F32/><AGARI ba="1,1" hai="10,11,25,31,32,50,54,57,60,66,71,92,97,101" machi="32" ten="30,2000,0" yaku="1,1,7,1,53,0" doraHai="0" doraHaiUra="133" who="0" fromWho="2" sc="258,33,179,0,231,-23,322,0" /><INIT seed="4,0,0,1,3,84" ten="291,179,208,322" oya="0" hai0="16,85,126,19,90,69,14,118,102,117,41,131,125" hai1="104,59,79,31,110,97,24,91,58,132,116,49,27" hai2="103,1,18,127,2,68,47,101,112,40,99,123,105" hai3="61,87,36,9,38,122,33,89,92,93,95,100,52"/><T113/><D69/><U57/><E116/><N who="0" m="44649" /><D41/><U39/><E39/><V70/><F123/><W25/><G122/><T124/><D102/><U73/><E132/><V80/><F18/><N who="0" m="6698" /><D14/><U65/><E110/><V13/><F13/><W37/><G100/><T111/><D113/><U42/><E104/><V88/><F80/><W15/><G61/><T56/><D131/><U71/><E71/><V32/><F40/><W134/><G134/><T26/><D26/><U4/><E4/><V17/><F17/><W10/><G15/><T96/><D56/><U48/><E42/><V74/><F105/><W44/><G25/><T20/><D20/><U12/><E12/><V35/><F112/><W72/><G72/><T77/><D111/><U107/><E58/><V43/><F43/><W98/><G98/><T66/><D66/><U30/><E97/><V45/><F99/><W7/><G7/><T5/><D5/><U6/><E6/><V135/><F135/><W81/><REACH who="3" step="1"/><G33/><REACH who="3" ten="291,179,208,312" step="2"/><T55/><D96/><U86/><E73/><V83/><F74/><W76/><G76/><T46/><D77/><U3/><E79/><V60/><F60/><W64/><G64/><T114/><D114/><U106/><E65/><V53/><F35/><W109/><G109/><T23/><D23/><U51/><E107/><V82/><F32/><W29/><G29/><T94/><D46/><U108/><E106/><V8/><F47/><W120/><G120/><T54/><AGARI ba="0,1" hai="54,55,85,90,94,124,125,126" m="6698,44649" machi="54" ten="40,7800,0" yaku="18,1,52,1,54,1" doraHai="84" who="0" fromWho="0" sc="291,88,179,-26,208,-26,312,-26" /><INIT seed="4,1,0,0,5,34" ten="379,153,182,286" oya="0" hai0="62,21,106,30,88,60,72,80,123,36,33,101,78" hai1="66,37,65,131,0,103,7,99,31,57,130,1,81" hai2="105,4,8,54,95,19,16,89,111,116,91,132,51" hai3="40,55,82,6,92,20,73,52,9,134,100,71,11"/><T13/><D123/><U2/><E37/><V98/><F111/><W124/><G71/><T15/><D36/><U5/><E31/><V86/><F132/><W97/><G134/><T122/><D122/><U12/><E81/><V119/><F105/><W43/><G124/><T69/><D33/><U10/><E7/><V107/><F107/><W27/><G73/><T77/><D77/><U94/><REACH who="1" step="1"/><E57/><REACH who="1" ten="379,143,182,286" step="2"/><V126/><F126/><W135/><G82/><T41/><D30/><U84/><E84/><V38/><F38/><W120/><G120/><T117/><D69/><U115/><E115/><V29/><F29/><N who="3" m="17639" /><G135/><T28/><D28/><U59/><E59/><V67/><F86/><W24/><G6/><T125/><D72/><U76/><E76/><V85/><F85/><W127/><G127/><T23/><D78/><U102/><E102/><V61/><F4/><W18/><G100/><T56/><D80/><U22/><E22/><V64/><F19/><W58/><G58/><T118/><D101/><U90/><E90/><V53/><F16/><W63/><G18/><T121/><D56/><U68/><E68/><V46/><F91/><W70/><G70/><T17/><D125/><U108/><E108/><V104/><F89/><W112/><G112/><T133/><D121/><U39/><E39/><V45/><F67/><AGARI ba="1,1" hai="0,1,2,5,10,12,65,66,67,94,99,103,130,131" machi="67" ten="50,8000,1" yaku="1,1,52,3,53,1" doraHai="34" doraHaiUra="96" who="1" fromWho="2" sc="379,0,143,93,182,-83,286,0" /><INIT seed="5,0,0,0,0,20" ten="379,236,99,286" oya="1" hai0="77,75,1,30,9,0,34,57,132,50,118,37,74" hai1="53,59,114,109,100,61,14,106,55,24,84,92,72" hai2="110,95,10,125,28,96,78,86,19,101,126,60,11" hai3="38,88,33,129,56,131,25,52,22,42,65,79,119"/><U13/><E72/><V35/><F110/><W99/><G33/><T15/><D118/><U5/><E109/><V71/><F35/><W80/><G65/><T112/><D112/><U8/><E114/><V17/><F28/><W93/><G119/><T18/><D132/><U66/><E106/><V104/><F71/><W62/><G42/><T98/><D37/><U108/><E108/><V76/><F60/><W39/><G39/><T115/><D115/><U64/><E13/><V69/><F69/><W116/><G38/><T3/><D98/><N who="1" m="59463" /><E84/><V54/><F54/><W68/><G68/><T111/><D111/><U105/><E105/><V121/><F121/><W87/><REACH who="3" step="1"/><G116/><REACH who="3" ten="379,236,99,276" step="2"/><T46/><D34/><U127/><E64/><V85/><F104/><W40/><G40/><T128/><D57/><U26/><E127/><N who="2" m="48651" /><F86/><W107/><G107/><T134/><D74/><U7/><E7/><V83/><F78/><W21/><G21/><T32/><D77/><U44/><E66/><V117/><F117/><W70/><G70/><T133/><D75/><U23/><E23/><V113/><F113/><W130/><G130/><T41/><D128/><U135/><E135/><V45/><F45/><W6/><G6/><T90/><D133/><U31/><E44/><V124/><N who="2" m="48659" /><V16/><AGARI ba="0,1" hai="10,11,16,17,19,76,83,85,95,96,101" m="48659" machi="16" ten="50,6400,0" yaku="4,1,18,1,54,1" doraHai="20" who="2" fromWho="2" sc="379,-16,236,-32,99,74,276,-16" /><INIT seed="6,0,0,2,3,135" ten="363,204,173,260" oya="2" hai0="121,18,132,115,87,94,129,123,30,47,111,113,35" hai1="11,27,13,119,70,133,76,104,54,124,106,36,5" hai2="100,12,31,14,24,61,77,91,130,51,63,90,56" hai3="128,42,3,108,74,131,120,93,34,68,22,29,45"/><V52/><F130/><N who="3" m="49707" /><G74/><T44/><D129/><U21/><E36/><V66/><F77/><W105/><G105/><T1/><D111/><U53/><E70/><V126/><F100/><W96/><G68/><T125/><D1/><U33/><E119/><V38/><F38/><W40/><G3/><T109/><D109/><U88/><E33/><V98/><F126/><W17/><G120/><T107/><D125/><U57/><E76/><V32/><F63/><W49/><G108/><T101/><D107/><U50/><E124/><V7/><F98/><W97/><G34/><T19/><D132/><U2/><E2/><V62/><F62/><W23/><G29/><T110/><D110/><U55/><E133/><V112/><F112/><N who="0" m="43082" /><D30/><U64/><E64/><V82/><F82/><W58/><G58/><T46/><D35/><U99/><E106/><V78/><F78/><W9/><G42/><T134/><D134/><U116/><E104/><V73/><F73/><W81/><G81/><T0/><D0/><U92/><REACH who="1" step="1"/><E116/><REACH who="1" ten="363,194,173,260" step="2"/><V43/><F43/><W4/><G40/><T20/><D123/><U6/><E6/><V117/><F117/><W85/><G4/><T48/><D121/><U26/><E26/><V83/><F7/><W41/><G41/><T60/><D18/><AGARI ba="0,1" hai="5,11,13,18,21,27,50,53,54,55,57,88,92,99" machi="18" ten="30,7700,0" yaku="1,1,7,1,8,1,54,1,53,0" doraHai="135" doraHaiUra="72" who="1" fromWho="0" sc="363,-77,194,87,173,0,260,0" /><INIT seed="7,0,0,3,1,59" ten="286,281,173,260" oya="3" hai0="82,104,52,47,123,85,34,62,102,80,100,79,12" hai1="63,135,16,32,81,105,48,37,46,19,26,57,74" hai2="106,28,93,30,1,2,64,33,94,122,66,84,67" hai3="124,134,51,35,78,25,116,13,58,132,69,87,20"/><W95/><G69/><T43/><D123/><U119/><E37/><V117/><F106/><W10/><G35/><T125/><D34/><U115/><E105/><V55/><F117/><W61/><G51/><N who="0" m="27135" /><D125/><U49/><E115/><V121/><F33/><W103/><G116/><T41/><D104/><U15/><E119/><V91/><F55/><W118/><G118/><T18/><D41/><U21/><E135/><N who="3" m="51754" /><G124/><T90/><D80/><U4/><E32/><V92/><F91/><N who="3" m="53759" /><G78/><T120/><D120/><N who="2" m="46186" /><F84/><W131/><G131/><T53/><D79/><U31/><E74/><V45/><F45/><W27/><G103/><N who="0" m="39467" /><D62/><U98/><E81/><V5/><F5/><N who="3" m="3279" /><G20/><AGARI ba="0,0" hai="12,18,20,52,53,82,85,90" m="39467,27135" machi="20" ten="30,2000,0" yaku="8,1,54,1" doraHai="59" who="0" fromWho="3" sc="286,20,281,0,173,0,260,-20" owari="306,41.0,281,8.0,173,-33.0,240,-16.0" /></mjloggm>