<mjloggm ver="2.3"><GO type="41"/><UN n0="%E3%82%A6%E3%83%AB%E3%83%88%E3%83%A9%E7%AB%8B%E7%9B%B4" n1="%EF%BC%B0%EF%BC%AB" n2="%73%69%67%65%6E%6F%72%69" n3="%E5%9D%8A%E3%82%84%E3%82%BF%E3%82%AF" dan="15,14,15,14" rate="1996,1929,1992,1947" sx="M,M,M,M"/><TAIKYOKU oya="0"/><INIT seed="0,0,0,2,2,58" ten="250,250,250,250" oya="0" hai0="91,45,86,105,125,29,104,30,66,48,4,50,12" hai1="6,87,17,25,116,57,108,24,47,0,20,3,52" hai2="54,22,2,41,113,64,79,92,65,74,127,94,112" hai3="5,39,32,14,134,93,132,53,69,77,43,117,80"/><T103/><D125/><U83/><E116/><V73/><F2/><W8/><G117/><T85/><D103/><U34/><E108/><V135/><F41/><W95/><G69/><T51/><D66/><U63/><E6/><V40/><F40/><W88/><G32/><T106/><D45/><U131/><E131/><V81/><F127/><W97/><G53/><T7/><D12/><U111/><E111/><V16/><F54/><W123/><G123/><T126/><D126/><U35/><E35/><V37/><F37/><W99/><G43/><T119/><D119/><U11/><E47/><V10/><F10/><W21/><G21/><T98/><D98/><U120/><E120/><V90/><F135/><W55/><G55/><T27/><D27/><U109/><E109/><V122/><F122/><W114/><G114/><T46/><D46/><U15/><E25/><V62/><F74/><W18/><G39/><T78/><D78/><U102/><E102/><V19/><F94/><W36/><G36/><T49/><N who="0" m="12800" /><DORA hai="26" /><T118/><D118/><U75/><E75/><V1/><F1/><W128/><G128/><T115/><D115/><U129/><E34/><V67/><F19/><W42/><G18/><T76/><D76/><U130/><E130/><V33/><F33/><W9/><G9/><T28/><D91/><U31/><REACH who="1" step="1"/><E129/><REACH who="1" step="2"/><V121/><F121/><W23/><G42/><T68/><D68/><U96/><E96/><N who="2" m="57367" /><F112/><W44/><G44/><T124/><D124/><U60/><E60/><V56/><F113/><W70/><G134/><T82/><D86/><U110/><E110/><RYUUKYOKU ba="0,1" sc="250,10,240,10,250,10,250,-30" hai0="4,7,28,29,30,82,85,104,105,106" hai1="0,3,11,15,17,20,24,31,52,57,63,83,87" hai2="16,22,56,62,64,65,67,73,79,81" /><INIT seed="0,1,1,1,5,22" ten="260,250,260,220" oya="0" hai0="110,109,123,13,2,77,8,61,57,52,54,126,27" hai1="16,105,62,87,121,84,24,82,89,108,65,18,83" hai2="38,3,132,15,64,60,101,93,31,73,115,118,39" hai3="25,41,20,102,95,45,26,14,135,78,68,11,55"/><T4/><D123/><U66/><E121/><V74/><F115/><W19/><G68/><T36/><D36/><U94/><E105/><V134/><F3/><W33/><G78/><T133/><D126/><U125/><E125/><V23/><F118/><W76/><G76/><T90/><D133/><N who="2" m="51306" /><F93/><W72/><G72/><N who="2" m="27753" /><F101/><W98/><G135/><T47/><D77/><U97/><E108/><N who="0" m="41577" /><D90/><U43/><E43/><V85/><F85/><W59/><G33/><T10/><D27/><N who="3" m="10249" /><G41/><T79/><D79/><U116/><E116/><V120/><F120/><W114/><G45/><T99/><D99/><U119/><E119/><V104/><F104/><W80/><G80/><T111/><N who="0" m="41585" /><T5/><DORA hai="106" /><D47/><U51/><E51/><V71/><F31/><W131/><G131/><T127/><D127/><U17/><E24/><V124/><F124/><W75/><G75/><T35/><D35/><U37/><E37/><V67/><F39/><W21/><G114/><T49/><D49/><AGARI ba="1,1" hai="11,14,19,20,21,49,55,59,95,98,102" m="10249" machi="49" ten="30,7700,0" yaku="8,1,52,3" doraHai="22,106" who="3" fromWho="0" sc="260,-80,250,0,260,0,220,90" /><INIT seed="1,0,0,2,1,63" ten="180,250,260,310" oya="1" hai0="98,72,29,46,7,0,44,102,121,128,113,118,79" hai1="30,105,134,127,108,5,20,82,6,13,126,15,51" hai2="54,87,122,131,55,64,77,65,69,60,101,99,100" hai3="132,43,57,19,83,33,59,42,22,70,61,111,27"/><U40/><E105/><V31/><F122/><W97/><G111/><T12/><D118/><U94/><E108/><V90/><F131/><W74/><G132/><T107/><D113/><U110/><E110/><V4/><F4/><N who="1" m="1641" /><E134/><V2/><F2/><W133/><G133/><T104/><D128/><U89/><E82/><N who="2" m="47567" /><F69/><W92/><G70/><T130/><D130/><U9/><E30/><V71/><F71/><W117/><G33/><T85/><D121/><U14/><E20/><V16/><F31/><W3/><G3/><T88/><D107/><U25/><E25/><V68/><F68/><W81/><G74/><T48/><D29/><U109/><E109/><V21/><F90/><N who="3" m="55447" /><G59/><T93/><D0/><U135/><E135/><V62/><F62/><W1/><G1/><T91/><D91/><U36/><E36/><V34/><F34/><W124/><G117/><T125/><D125/><N who="1" m="47627" /><E40/><N who="3" m="15402" /><G124/><T106/><D106/><U8/><E51/><V129/><F129/><W96/><G96/><AGARI ba="0,0" hai="8,9,13,14,15,89,94,96" m="47627,1641" machi="96" ten="30,1500,0" yaku="18,1" doraHai="63" who="1" fromWho="3" sc="180,0,250,15,260,0,310,-15" /><INIT seed="1,1,0,3,5,109" ten="180,265,260,295" oya="1" hai0="134,133,100,108,61,47,81,99,15,68,34,128,105" hai1="28,117,38,5,50,102,82,70,87,92,48,22,101" hai2="126,42,114,29,95,74,43,121,19,86,111,55,62" hai3="7,85,14,8,113,135,17,66,76,98,11,33,115"/><U18/><E38/><V23/><F74/><W120/><G120/><T49/><D108/><U32/><E117/><V64/><F121/><W57/><G33/><T21/><D128/><U30/><E70/><V2/><F2/><W37/><G37/><T56/><D34/><U16/><E32/><V122/><F122/><W52/><G66/><T12/><D68/><U79/><E5/><V89/><F111/><W97/><G135/><T60/><D81/><U65/><E65/><V125/><F29/><N who="1" m="11369" /><E18/><V116/><F55/><W41/><G41/><T110/><D110/><U59/><E59/><N who="2" m="36959" /><F116/><W130/><G130/><T46/><D56/><U44/><E92/><V88/><F114/><W3/><G76/><T58/><D47/><U6/><E6/><V63/><F125/><W73/><G73/><T51/><D58/><U24/><E50/><V13/><F126/><W71/><G71/><T129/><D129/><U36/><E36/><V69/><F69/><W67/><G67/><T96/><D46/><U4/><E4/><V119/><F119/><W31/><G31/><T20/><REACH who="0" step="1"/><D100/><REACH who="0" step="2"/><U132/><E132/><V127/><F127/><W107/><G57/><T1/><D1/><U84/><E84/><N who="2" m="52615" /><F63/><W27/><G85/><T26/><D26/><U124/><E124/><V118/><F118/><W53/><G27/><T90/><D90/><U75/><E75/><V123/><F123/><W91/><G91/><T10/><D10/><U103/><E103/><V25/><F25/><W45/><G45/><T78/><D78/><U112/><E112/><N who="3" m="43082" /><G107/><AGARI ba="1,1" hai="12,15,20,21,49,51,60,61,96,99,105,107,133,134" machi="107" ten="25,3200,0" yaku="1,1,22,2,53,0" doraHai="109" doraHaiUra="40" who="0" fromWho="3" sc="170,45,265,0,260,0,295,-35" /><INIT seed="2,0,0,0,0,17" ten="215,265,260,260" oya="2" hai0="76,26,81,6,58,70,80,44,50,78,10,105,112" hai1="130,87,51,42,14,85,125,41,33,9,1,65,88" hai2="11,61,31,57,115,118,29,96,27,38,67,73,39" hai3="24,99,77,93,124,110,126,89,83,94,49,23,16"/><V100/><F118/><W18/><G110/><T121/><D70/><U60/><E1/><V117/><F117/><W109/><G109/><T119/><D105/><U2/><E2/><V127/><F115/><W134/><G134/><T21/><D112/><U13/><E33/><V75/><F127/><N who="3" m="48683" /><G49/><T68/><D68/><U36/><E125/><V32/><F29/><N who="3" m="17567" /><G94/><T91/><D58/><U108/><E36/><V64/><F64/><W30/><G30/><T47/><D121/><U120/><E120/><V15/><F39/><W43/><G43/><T131/><D131/><U20/><E130/><V55/><F38/><W34/><G34/><T84/><D119/><U132/><E132/><V69/><F55/><W102/><G89/><T7/><D91/><U98/><E108/><V45/><F45/><W35/><G35/><T62/><D62/><U66/><E41/><V111/><F111/><W0/><G0/><T54/><D47/><U123/><E123/><V86/><F57/><W37/><G37/><T104/><D104/><U56/><E42/><V116/><F116/><W4/><G4/><T22/><D26/><U122/><E51/><V52/><F52/><W48/><G48/><T5/><REACH who="0" step="1"/><D10/><REACH who="0" step="2"/><U101/><E122/><V12/><F11/><W128/><G128/><T133/><D133/><U19/><E66/><V8/><F8/><W3/><G3/><T103/><D103/><U25/><E88/><V97/><F100/><W106/><G106/><T40/><D40/><U92/><REACH who="1" step="1"/><E14/><REACH who="1" step="2"/><V59/><F12/><W71/><G71/><T107/><D107/><U53/><E53/><RYUUKYOKU ba="0,2" sc="205,10,255,10,260,-30,260,10" hai0="5,6,7,21,22,44,50,54,76,78,80,81,84" hai1="9,13,19,20,25,56,60,65,85,87,92,98,101" hai3="16,18,77,83,93,99,102" /><INIT seed="3,1,2,0,2,65" ten="215,265,230,270" oya="3" hai0="28,50,119,97,27,40,106,21,86,109,115,11,8" hai1="2,17,131,95,124,94,104,125,30,59,38,133,64" hai2="45,26,116,20,53,84,19,102,79,62,132,70,100" hai3="128,74,113,39,76,91,63,114,13,123,3,66,90"/><W117/><G117/><T111/><D119/><U31/><E104/><V80/><F116/><W54/><G123/><T89/><D115/><U46/><E2/><V99/><F132/><W71/><G39/><T67/><D67/><U103/><E133/><V134/><F134/><W105/><G3/><T120/><D120/><U34/><E131/><V29/><F19/><W14/><G105/><T16/><D97/><U48/><E38/><V4/><F4/><W68/><G54/><T52/><D40/><U35/><E17/><V55/><F70/><N who="3" m="26667" /><G66/><T83/><D106/><U42/><E103/><V10/><F10/><W77/><G63/><T58/><D11/><U57/><E64/><V75/><F75/><W22/><G22/><T69/><D69/><U98/><E98/><V56/><REACH who="2" step="1"/><F99/><REACH who="2" step="2"/><W43/><G74/><T118/><D118/><U49/><E31/><V1/><F1/><W33/><G128/><T78/><D8/><U135/><E30/><V32/><F32/><W15/><G33/><T60/><D28/><U6/><E135/><V101/><F101/><W93/><G93/><T37/><D60/><U110/><E6/><V24/><F24/><W72/><G72/><T108/><D37/><U44/><E42/><V85/><F85/><W25/><G25/><T7/><D7/><U129/><REACH who="1" step="1"/><E129/><REACH who="1" step="2"/><V81/><F81/><W18/><G18/><T9/><D9/><U130/><E130/><V112/><F112/><N who="3" m="43115" /><G43/><T47/><D111/><AGARI ba="1,4" hai="34,35,44,46,48,49,57,59,94,95,110,111,124,125" machi="111" ten="25,8000,1" yaku="1,1,22,2,53,2" doraHai="65" doraHaiUra="121" who="1" fromWho="0" sc="215,-83,255,123,220,0,270,0" /><INIT seed="4,0,0,5,0,99" ten="132,378,220,270" oya="0" hai0="100,41,60,11,74,96,72,103,94,91,89,19,49" hai1="102,52,76,66,44,0,113,28,17,98,93,31,84" hai2="108,53,27,87,37,59,120,40,45,126,6,117,38" hai3="35,10,97,118,18,73,3,50,82,116,62,123,68"/><T55/><D74/><U130/><E0/><V95/><F120/><W33/><G123/><T106/><D72/><U34/><E66/><V132/><F108/><W88/><G50/><T43/><D106/><U83/><E34/><V46/><F126/><W105/><G35/><T85/><D60/><U119/><E119/><V131/><F131/><W2/><G33/><T104/><D104/><U109/><E109/><V64/><F64/><W5/><G68/><T26/><D43/><U14/><E130/><V110/><F110/><W78/><G62/><T67/><D41/><U24/><E24/><V128/><F128/><W21/><G2/><T7/><D67/><U70/><E70/><V25/><F6/><W80/><G80/><N who="0" m="49319" /><D7/><U121/><E121/><V71/><F71/><W115/><G115/><T58/><D26/><U127/><E127/><V90/><F132/><W92/><REACH who="3" step="1"/><G105/><REACH who="3" step="2"/><T134/><D134/><U135/><E135/><V16/><F38/><W12/><AGARI ba="0,1" hai="3,5,10,12,18,21,73,78,82,88,92,97,116,118" machi="12" ten="20,8000,1" yaku="1,1,2,1,0,1,7,1,54,1,53,0" doraHai="99" doraHaiUra="30" who="3" fromWho="3" sc="132,-40,378,-20,220,-20,260,90" /><INIT seed="5,0,0,5,0,47" ten="92,358,200,350" oya="1" hai0="39,102,67,40,14,26,96,77,60,33,35,22,83" hai1="58,89,36,7,57,104,113,132,42,71,41,76,82" hai2="25,32,46,30,101,9,106,91,110,75,31,117,135" hai3="55,93,69,109,4,126,28,63,108,43,18,118,87"/><U85/><E71/><V65/><F110/><W92/><G43/><T51/><D14/><U119/><E119/><V116/><F75/><W127/><G4/><T115/><D115/><U66/><E104/><V94/><F135/><W79/><G28/><T27/><D27/><U15/><E132/><V64/><F31/><W56/><G118/><T98/><D39/><U111/><E111/><N who="3" m="42570" /><G18/><T72/><D98/><U59/><E36/><V88/><F9/><W103/><G103/><T8/><D8/><N who="1" m="4511" /><E113/><V44/><F106/><W125/><G69/><T45/><D22/><U122/><E122/><V80/><F101/><W97/><G97/><T6/><D6/><U114/><E114/><V124/><F30/><W133/><G133/><T121/><D26/><U38/><E38/><V11/><F11/><W74/><G74/><T1/><D1/><U13/><E13/><V21/><F21/><W100/><G100/><T19/><D19/><U12/><E12/><V16/><F25/><W54/><G54/><T99/><D121/><U24/><E24/><V50/><F16/><W3/><G3/><T53/><D40/><N who="1" m="15467" /><E76/><V34/><F117/><W107/><G107/><T20/><D20/><U131/><E66/><V0/><F116/><W95/><G79/><T10/><D10/><U78/><E78/><V37/><F0/><W17/><G17/><T84/><D72/><U29/><E29/><V120/><F37/><W52/><G55/><T70/><REACH who="0" step="1"/><D102/><REACH who="0" step="2"/><U23/><E23/><V123/><F120/><W61/><G87/><T62/><D62/><AGARI ba="0,1" hai="52,56,61,62,63,92,93,95,125,126,127" m="42570" machi="62" ten="40,2600,0" yaku="18,1,54,1" doraHai="47" who="3" fromWho="0" sc="82,-26,358,0,200,0,350,36" /><INIT seed="6,0,0,4,3,33" ten="56,358,200,386" oya="2" hai0="23,24,18,19,79,121,1,29,132,113,124,67,12" hai1="37,63,74,100,95,3,36,105,77,98,49,96,104" hai2="65,71,89,131,20,51,21,6,62,115,117,118,32" hai3="101,73,58,53,9,119,126,41,38,64,16,54,112"/><V78/><F32/><W52/><G73/><T93/><D67/><U30/><E3/><V47/><F78/><W22/><G119/><T43/><D79/><U2/><E2/><V120/><F120/><W111/><G111/><T68/><D43/><U4/><E4/><V15/><F115/><W69/><G112/><T108/><D68/><U0/><E0/><V84/><F131/><W44/><G126/><T56/><D93/><U59/><E30/><V40/><F20/><W87/><G101/><T123/><D56/><U107/><E36/><V135/><F135/><W125/><G9/><T86/><D86/><U61/><E37/><V76/><F76/><W55/><G87/><T26/><D113/><U31/><E31/><V5/><F5/><W128/><G128/><T34/><D108/><U94/><E49/><V109/><F109/><W46/><G125/><T133/><D124/><U7/><E7/><V17/><REACH who="2" step="1"/><F6/><REACH who="2" step="2"/><W13/><G46/><T35/><D1/><U106/><E77/><V80/><AGARI ba="0,1" hai="15,17,21,40,47,51,62,65,71,80,84,89,117,118" machi="80" ten="20,7800,0" yaku="1,1,2,1,0,1,7,1,53,0" doraHai="33" doraHaiUra="127" who="2" fromWho="2" sc="56,-26,358,-26,190,88,386,-26" /><INIT seed="6,1,0,2,2,61" ten="30,332,278,360" oya="2" hai0="75,135,122,91,39,37,59,88,125,108,81,9,69" hai1="33,123,119,64,28,13,60,107,68,66,10,57,42" hai2="110,104,103,74,113,116,76,22,17,56,67,78,115" hai3="71,49,80,118,79,5,48,41,2,85,99,23,134"/><V53/><F116/><W128/><G118/><T52/><D122/><U77/><E119/><V70/><F110/><W36/><G71/><T86/><D108/><U100/><E123/><V40/><F40/><W90/><G134/><T121/><D121/><U95/><E77/><V83/><F76/><W55/><G128/><T96/><D75/><U102/><E42/><V111/><F111/><W30/><G2/><T84/><D135/><U21/><E33/><V44/><F44/><N who="3" m="25615" /><G5/><T20/><D125/><U117/><E117/><V89/><F89/><W63/><G63/><T27/><D96/><N who="1" m="59423" /><E107/><V62/><F103/><W26/><G36/><T4/><D69/><U47/><E47/><V82/><F82/><W105/><G105/><T129/><D129/><U127/><E102/><V133/><F104/><W73/><G73/><T14/><D39/><U109/><E127/><V93/><F93/><N who="3" m="56759" /><G49/><T50/><D37/><U16/><E109/><V34/><F34/><W72/><G72/><T8/><D8/><U29/><E68/><V19/><F133/><W124/><G124/><T31/><REACH who="0" step="1"/><D86/><REACH who="0" step="2"/><U7/><E7/><V6/><F6/><W97/><G97/><T15/><D15/><U101/><E10/><V45/><F45/><W94/><G85/><T120/><D120/><U87/><E87/><V43/><F43/><W92/><G26/><T112/><D112/><N who="2" m="43082" /><F22/><W51/><G23/><T58/><D58/><N who="1" m="36887" /><E101/><V18/><F70/><W12/><G12/><T35/><D35/><U32/><E32/><V3/><F3/><W24/><G24/><T106/><D106/><U131/><E131/><RYUUKYOKU ba="1,1" sc="20,10,332,10,278,10,360,-30" hai0="4,9,14,20,27,31,50,52,59,81,84,88,91" hai1="13,16,21,28,29,57,66" hai2="17,18,19,53,56,62,67,74,78,83" /><INIT seed="6,2,1,3,5,98" ten="30,342,288,330" oya="2" hai0="32,77,99,20,120,73,7,60,121,105,67,72,13" hai1="28,109,54,85,31,131,100,2,87,50,11,51,3" hai2="117,46,106,36,92,122,24,59,65,4,52,33,135" hai3="27,101,66,111,12,18,108,74,94,47,43,128,30"/><V58/><F122/><W130/><G74/><T93/><D20/><U23/><E109/><V29/><F106/><W118/><G118/><T76/><D13/><U127/><E100/><V86/><F117/><W53/><G66/><T57/><D7/><U48/><E23/><V6/><F135/><W61/><G61/><T82/><D32/><U116/><E11/><V8/><F65/><W134/><G53/><T17/><D17/><U88/><E116/><V112/><F112/><W123/><G123/><T119/><D119/><U129/><E54/><V0/><F6/><W107/><G107/><T91/><D57/><U14/><E14/><V9/><F9/><N who="3" m="6415" /><G134/><T96/><D60/><U39/><E39/><V62/><F58/><W35/><G101/><N who="0" m="62631" /><D67/><U97/><E50/><V37/><REACH who="2" step="1"/><F46/><REACH who="2" step="2"/><W10/><G111/><T113/><D113/><U64/><E64/><V124/><F124/><W68/><G108/><T63/><D63/><U133/><E133/><V103/><F103/><W41/><G47/><T71/><D71/><U95/><E127/><V90/><AGARI ba="2,2" hai="0,4,8,24,29,33,36,37,52,59,62,86,90,92" machi="90" ten="30,11700,0" yaku="1,1,0,1,54,1,53,1" doraHai="98" doraHaiUra="26" who="2" fromWho="2" sc="30,-41,342,-41,278,143,330,-41" owari="-11,-51,301,10,421,52,289,-11" /></mjloggm>