<mjloggm ver="2.3"><GO type="97"/><UN n0="%47%59%41%47%41" n1="%EF%BC%88%E2%89%A7%E2%96%BD%E2%89%A6%EF%BC%89" n2="%E3%82%A8%E3%83%AB%E2%98%86" n3="%E8%B6%85%E9%BB%92%E6%AD%B4%E5%8F%B2" dan="13,15,14,15" rate="1800,1991,1952,2006" sx="M,M,M,M"/><TAIKYOKU oya="0"/><INIT seed="0,0,0,5,0,126" ten="250,250,250,250" oya="0" hai0="30,18,33,42,62,135,78,13,14,74,37,87,88" hai1="108,121,49,24,76,101,70,28,109,21,117,31,75" hai2="9,112,94,67,113,54,29,20,97,4,39,56,134" hai3="12,10,8,131,93,125,36,99,23,58,77,104,40"/><T26/><D135/><U127/><E70/><V1/><F39/><W130/><G104/><T64/><D37/><U11/><E121/><V22/><F134/><W107/><G107/><T110/><D42/><U46/><E117/><V102/><F22/><W59/><G125/><T95/><D74/><U124/><E101/><V16/><F29/><W80/><G23/><T85/><D110/><N who="1" m="42603" /><E28/><V114/><F67/><W34/><G34/><T119/><D119/><U98/><E98/><V25/><REACH who="2" step="1"/><F114/><REACH who="2" ten="250,250,240,250" step="2"/><W69/><G36/><T116/><D116/><U48/><E11/><V50/><AGARI ba="0,1" hai="1,4,9,16,20,25,50,54,56,94,97,102,112,113" machi="50" ten="20,12000,2" yaku="1,1,2,1,0,1,7,1,54,1,53,1" doraHai="126" doraHaiUra="92" who="2" fromWho="2" sc="250,-60,250,-30,240,130,250,-30" /><INIT seed="1,0,0,1,0,18" ten="190,220,370,220" oya="1" hai0="69,131,52,59,100,31,123,5,78,15,84,127,116" hai1="101,133,43,90,16,112,102,86,47,58,70,105,61" hai2="17,74,29,60,2,56,117,104,49,75,125,64,97" hai3="124,13,76,72,54,36,42,115,55,89,91,1,66"/><U92/><E112/><V63/><F117/><W11/><G1/><T12/><D116/><U37/><E133/><V88/><F2/><W85/><G66/><T45/><D123/><U53/><E105/><V98/><F125/><W14/><G91/><T10/><D127/><U99/><E70/><V28/><F49/><W27/><G115/><T79/><D69/><U32/><E32/><V135/><F135/><W129/><G76/><T95/><D131/><U83/><REACH who="1" step="1"/><E16/><REACH who="1" ten="190,210,370,220" step="2"/><V26/><F104/><W80/><G124/><T65/><D31/><U111/><E111/><V119/><F17/><W114/><G114/><T23/><D100/><AGARI ba="0,1" hai="37,43,47,53,58,61,83,86,90,92,99,100,101,102" machi="100" ten="30,2900,0" yaku="1,1,7,1,53,0" doraHai="18" doraHaiUra="62" who="1" fromWho="0" sc="190,-29,210,39,370,0,220,0" /><INIT seed="1,1,0,0,4,53" ten="161,249,370,220" oya="1" hai0="98,42,104,13,56,107,35,28,103,8,54,50,38" hai1="105,79,43,55,27,46,11,83,71,108,133,129,78" hai2="77,65,96,119,114,131,66,80,62,20,88,23,117" hai3="18,110,72,82,121,4,36,63,30,44,39,74,84"/><U92/><E105/><V89/><F131/><W118/><G121/><T67/><D107/><U7/><E71/><V51/><F114/><W2/><G30/><T9/><D13/><N who="1" m="5375" /><E133/><V128/><F128/><W24/><G4/><T17/><D17/><U126/><E129/><V21/><F51/><W101/><G101/><T33/><D33/><U22/><E126/><V102/><F66/><W91/><G2/><T125/><D35/><U111/><E92/><V135/><F135/><W90/><G118/><T86/><D28/><N who="1" m="17527" /><E83/><V47/><F47/><W15/><G24/><T57/><D125/><U41/><E55/><V94/><F119/><W123/><G123/><T16/><D67/><U34/><E34/><V32/><F32/><W124/><G124/><T60/><D60/><U106/><E106/><V87/><REACH who="2" step="1"/><F117/><REACH who="2" ten="161,249,360,220" step="2"/><W61/><G61/><T97/><D38/><N who="1" m="21815" /><E43/><V132/><F132/><W58/><G39/><T130/><D42/><U14/><E111/><V25/><F25/><W85/><G110/><T0/><D130/><U99/><E108/><V73/><F73/><W127/><G74/><T31/><D50/><U64/><E64/><V29/><F29/><W52/><G72/><T93/><D104/><U95/><E14/><V69/><AGARI ba="1,1" hai="20,21,23,62,65,69,77,80,87,88,89,94,96,102" machi="69" ten="30,7900,0" yaku="1,1,0,1,54,1,53,1" doraHai="53" doraHaiUra="75" who="2" fromWho="2" sc="161,-21,249,-40,360,92,220,-21" /><INIT seed="2,0,0,0,4,96" ten="140,209,452,199" oya="2" hai0="80,86,110,59,58,7,56,99,11,102,116,88,29" hai1="32,38,103,39,112,93,0,78,68,10,19,115,98" hai2="94,69,100,34,9,31,63,36,79,131,119,125,47" hai3="97,77,109,120,122,53,65,51,73,41,95,57,3"/><V13/><F119/><W134/><G3/><T85/><D110/><U20/><E32/><V48/><F79/><W27/><G109/><T61/><D29/><U35/><E35/><V117/><F36/><W101/><G134/><T70/><D70/><U108/><E108/><V129/><F117/><W64/><G73/><T14/><D116/><U92/><E68/><V81/><F81/><W111/><G77/><T4/><D4/><U127/><E78/><V40/><F31/><W82/><G82/><T124/><D124/><U2/><E127/><V60/><F125/><W76/><G76/><T66/><REACH who="0" step="1"/><D86/><REACH who="0" ten="130,209,452,199" step="2"/><U23/><E115/><V24/><F69/><W18/><G111/><T114/><D114/><U91/><E112/><V16/><F129/><W28/><G28/><T8/><D8/><U25/><E10/><V83/><F131/><W52/><G122/><T130/><D130/><U135/><E135/><V12/><F34/><W42/><G120/><T44/><D44/><U54/><E23/><V55/><F47/><W67/><G53/><T15/><D15/><U43/><E54/><V26/><F55/><W71/><G71/><T49/><D49/><U104/><E39/><V22/><F48/><W89/><G41/><T132/><D132/><U90/><E43/><V30/><F40/><W126/><G126/><T133/><D133/><U107/><E38/><V72/><F30/><W37/><G37/><T87/><D87/><N who="1" m="52319" /><E0/><V105/><F12/><W106/><G42/><T21/><D21/><U118/><E2/><V50/><F13/><W17/><G27/><T123/><D123/><RYUUKYOKU ba="0,1" sc="130,15,209,-15,452,-15,199,15" hai0="7,11,14,56,58,59,61,66,80,85,88,99,102" hai3="17,18,51,52,57,64,65,67,89,95,97,101,106" /><INIT seed="3,1,1,4,2,43" ten="145,194,437,214" oya="3" hai0="124,95,12,2,23,133,94,93,114,113,3,127,109" hai1="71,74,111,59,134,32,8,90,92,27,129,66,77" hai2="42,100,9,86,30,52,87,55,69,84,64,108,39" hai3="118,26,117,75,21,58,106,20,62,28,57,38,128"/><W131/><G75/><T5/><D5/><U34/><E71/><V29/><F100/><W132/><G106/><T121/><D133/><U49/><E134/><V79/><F64/><W61/><G132/><T53/><D53/><U104/><E104/><V103/><F69/><W0/><G38/><T11/><D11/><U46/><E129/><V17/><F103/><W24/><G28/><T68/><D68/><U82/><E111/><V44/><F108/><W37/><G37/><T97/><D109/><U31/><E8/><V10/><F79/><W119/><G119/><T123/><D23/><U98/><E34/><V105/><F105/><W33/><G33/><T115/><D97/><U41/><E66/><V73/><F73/><W47/><G0/><N who="0" m="43" /><D12/><U1/><E1/><V110/><F110/><W96/><G96/><T85/><D85/><U88/><E59/><V56/><F9/><W99/><G99/><T126/><AGARI ba="1,1" hai="93,94,95,113,114,115,121,123,124,126,127" m="43" machi="126" ten="50,12000,2" yaku="29,2,28,2,11,1,18,1" doraHai="43" who="0" fromWho="0" sc="145,133,194,-31,437,-31,214,-61" owari="278,8.0,163,-24.0,406,51.0,153,-35.0" /></mjloggm>