<mjloggm ver="2.3"><GO type="41"/><UN n0="%E7%9C%9F%E7%94%B0%E5%B9%B8%E6%9D%91%E2%80%A0" n1="%E6%9C%A8%E7%B6%BF%E8%B1%86%E8%85%90" n2="%E3%83%A1%E3%83%B3%E3%82%BF%E3%83%BC%E3%83%A0" n3="%E3%82%A6%E3%83%AB%E3%83%88%E3%83%A9%E7%AB%8B%E7%9B%B4" dan="14,14,13,15" rate="1925,1937,1830,2003" sx="F,F,M,M"/><TAIKYOKU oya="0"/><INIT seed="0,0,0,4,1,1" ten="250,250,250,250" oya="0" hai0="61,101,6,78,41,52,106,42,10,135,57,59,49" hai1="105,17,83,9,62,117,86,18,119,51,85,47,123" hai2="63,99,70,50,89,28,75,76,34,121,80,11,48" hai3="8,25,58,27,126,132,5,127,16,54,100,79,107"/><T74/><D135/><U37/><E123/><V26/><F121/><W129/><G100/><T90/><D90/><U53/><E105/><V30/><F30/><W15/><G107/><T21/><D21/><U91/><E37/><V87/><F99/><W68/><G68/><T31/><D31/><U125/><E125/><N who="3" m="47626" /><G132/><T116/><D116/><U96/><E96/><V13/><F70/><W71/><G71/><T103/><D78/><U112/><E112/><V40/><F63/><N who="3" m="36311" /><G79/><T65/><D74/><U111/><E111/><V20/><F34/><W22/><G129/><T118/><D118/><U35/><E35/><V113/><F113/><W67/><G67/><T110/><D110/><U77/><E117/><V81/><REACH who="2" step="1"/><F40/><REACH who="2" ten="250,250,240,250" step="2"/><N who="0" m="15466" /><D106/><U32/><E32/><V12/><F12/><AGARI ba="0,1" hai="5,8,12,15,16,22,25,27" m="36311,47626" machi="12" ten="30,3900,0" yaku="18,1,52,1,54,1" doraHai="1" who="3" fromWho="2" sc="250,0,250,0,240,-39,250,49" /><AGARI ba="0,0" hai="6,10,12,49,52,57,59,61,65,101,103" m="15466" machi="12" ten="30,5800,0" yaku="8,1,52,1,54,1" doraHai="1" who="0" fromWho="2" sc="250,58,250,0,201,-58,299,0" /><INIT seed="0,1,0,1,2,35" ten="308,250,143,299" oya="0" hai0="87,18,31,89,38,58,108,84,36,32,128,74,67" hai1="10,44,113,70,96,115,39,119,33,23,121,129,90" hai2="40,118,73,61,71,50,69,3,101,37,53,41,7" hai3="100,11,103,46,55,82,6,77,133,78,109,30,68"/><T8/><D128/><U76/><E129/><V20/><F73/><W34/><G68/><N who="2" m="26185" /><F101/><W9/><G133/><T135/><D74/><U16/><E70/><V43/><F20/><W51/><G109/><T131/><D135/><U132/><E132/><V95/><F7/><W120/><G120/><T62/><D131/><U5/><E121/><V86/><F86/><W111/><G111/><T88/><D32/><U105/><E33/><V59/><F95/><W104/><G104/><T29/><D108/><U42/><E76/><V49/><F3/><W19/><G78/><T93/><D38/><U81/><E81/><V47/><F118/><W102/><G30/><T26/><D36/><U110/><E110/><V107/><F107/><W21/><G34/><T1/><D1/><U79/><E79/><V66/><F37/><W27/><REACH who="3" step="1"/><G6/><REACH who="3" ten="308,250,143,289" step="2"/><T15/><REACH who="0" step="1"/><D26/><REACH who="0" ten="298,250,143,289" step="2"/><U52/><E119/><V125/><F125/><W126/><G126/><T83/><AGARI ba="1,2" hai="8,15,18,29,31,58,62,67,83,84,87,88,89,93" machi="83" ten="20,18000,2" yaku="1,1,2,1,0,1,7,1,8,1,54,1,53,0" doraHai="35" doraHaiUra="17" who="0" fromWho="0" sc="298,203,250,-61,143,-61,289,-61" /><INIT seed="0,2,0,1,2,27" ten="501,189,82,228" oya="0" hai0="115,12,23,50,41,113,90,48,117,33,55,10,126" hai1="26,1,98,134,104,16,11,61,70,135,37,71,14" hai2="47,6,102,107,87,17,133,44,79,56,63,3,38" hai3="103,49,131,25,106,129,0,91,78,127,2,101,124"/><T73/><D73/><U122/><E122/><V66/><F133/><N who="1" m="50697" /><E37/><V74/><F17/><W22/><G78/><T34/><D117/><U7/><E26/><V42/><F47/><W99/><G49/><T5/><D126/><N who="3" m="48169" /><G101/><T8/><D41/><U29/><E61/><V119/><F119/><W32/><G32/><T59/><D50/><U132/><N who="1" m="50705" /><U92/><DORA hai="93" /><E104/><V81/><F87/><W52/><G91/><T64/><D64/><U36/><E36/><V24/><F24/><W88/><G52/><T125/><D125/><U118/><E118/><V80/><F80/><W57/><G57/><T96/><D23/><N who="1" m="11671" /><E71/><V123/><F123/><W28/><G88/><T43/><D43/><U58/><E58/><V82/><F82/><W13/><G13/><T108/><D108/><U89/><E70/><V76/><F79/><W54/><G54/><T19/><D34/><U4/><E4/><V97/><F6/><W69/><G69/><T94/><REACH who="0" step="1"/><D33/><REACH who="0" ten="491,189,82,228" step="2"/><U77/><E77/><V39/><REACH who="2" step="1"/><F38/><REACH who="2" ten="491,189,72,228" step="2"/><W45/><G45/><T31/><D31/><AGARI ba="2,2" hai="1,7,11,29,31,89,92,98" m="11671,50705" machi="31" ten="40,8000,1" yaku="20,1,52,3,54,1" doraHai="27,93" who="1" fromWho="0" sc="491,-86,189,106,72,0,228,0" /><INIT seed="1,0,0,1,2,35" ten="405,295,72,228" oya="1" hai0="104,27,59,91,122,68,120,33,37,84,70,83,102" hai1="28,10,81,109,107,18,82,115,93,12,24,40,124" hai2="90,98,21,64,87,125,16,123,5,74,58,36,51" hai3="57,96,99,13,23,103,32,46,116,41,118,126,56"/><U130/><E115/><V47/><F123/><N who="0" m="47146" /><D37/><U8/><E107/><V52/><F74/><W127/><G32/><T114/><D59/><N who="3" m="22601" /><G23/><T25/><D114/><U94/><E130/><V105/><F125/><N who="3" m="47627" /><G13/><T66/><D66/><U78/><E124/><V85/><F5/><W49/><G99/><N who="0" m="61535" /><D33/><U77/><E109/><V45/><F105/><AGARI ba="0,0" hai="41,46,49,96,103,105,116,118" m="47627,22601" machi="105" ten="30,1000,0" yaku="18,1" doraHai="35" who="3" fromWho="2" sc="405,0,295,0,72,-10,228,10" /><INIT seed="2,0,0,3,0,108" ten="405,295,62,238" oya="2" hai0="50,122,109,118,90,33,11,97,57,80,119,6,81" hai1="78,58,9,114,20,67,29,61,111,88,69,116,83" hai2="8,134,7,130,22,1,106,85,13,120,113,16,10" hai3="47,65,36,43,104,89,51,5,40,35,12,32,37"/><V99/><F106/><W3/><G104/><T101/><D122/><U46/><E116/><N who="0" m="44585" /><D109/><U73/><E111/><V34/><F120/><W129/><G12/><N who="0" m="5239" /><D33/><U55/><E114/><V100/><F34/><W4/><G51/><T127/><D90/><U110/><E46/><V103/><F134/><W31/><G89/><T26/><D26/><U74/><E110/><V82/><F130/><W66/><G31/><T77/><D77/><U48/><E9/><V39/><F39/><W49/><G49/><T107/><D127/><U79/><E79/><V64/><F64/><W19/><G19/><T70/><D70/><U53/><E53/><AGARI ba="0,0" hai="50,53,57,80,81,97,101,107" m="5239,44585" machi="53" ten="30,1000,0" yaku="12,1" doraHai="108" who="0" fromWho="1" sc="405,10,295,-10,62,0,238,0" /><INIT seed="3,0,0,0,5,135" ten="415,285,62,238" oya="3" hai0="118,51,87,1,48,95,2,50,32,28,17,83,122" hai1="115,5,42,23,75,4,0,123,85,68,11,30,93" hai2="90,58,16,19,60,106,101,99,132,92,96,131,36" hai3="117,130,81,129,47,9,109,89,26,15,44,105,54"/><W66/><G105/><T29/><D122/><U88/><E123/><V108/><F131/><N who="3" m="50187" /><G117/><T45/><D118/><U12/><E115/><V31/><F132/><W91/><G66/><T38/><D32/><U56/><E68/><V59/><F108/><W49/><G109/><T71/><D71/><U39/><E4/><V3/><F3/><W113/><G113/><T128/><D128/><U116/><E116/><V100/><F36/><W35/><G81/><T76/><D95/><U20/><E75/><V21/><F59/><W125/><G47/><T112/><D112/><U127/><E56/><V22/><F106/><W64/><G64/><T55/><D38/><U37/><E37/><V103/><F96/><W63/><G63/><T33/><D33/><U84/><E84/><V67/><REACH who="2" step="1"/><F31/><REACH who="2" ten="415,285,52,238" step="2"/><N who="3" m="19959" /><G125/><T94/><D29/><U69/><E69/><V111/><F111/><W121/><G121/><T57/><D28/><U78/><E127/><V25/><F25/><W62/><G62/><N who="0" m="36159" /><D2/><U40/><E39/><V43/><F43/><W134/><G134/><T102/><D1/><U52/><E30/><V27/><F27/><W82/><G82/><T18/><D83/><U73/><E0/><V86/><F86/><W46/><G46/><T80/><D45/><U6/><E40/><V114/><F114/><W133/><G133/><T70/><D70/><U24/><E42/><V107/><F107/><W41/><G41/><T72/><D72/><U14/><E24/><V10/><F10/><W74/><G74/><T110/><D110/><U126/><E73/><V8/><F8/><W34/><G34/><RYUUKYOKU ba="0,1" sc="415,10,285,-30,52,10,238,10" hai0="17,18,48,50,51,76,80,87,94,102" hai2="16,19,21,22,58,60,67,90,92,99,100,101,103" hai3="9,15,44,49,54,89,91" /><INIT seed="3,1,1,5,1,109" ten="425,255,62,248" oya="3" hai0="54,103,85,88,25,41,48,86,134,63,121,120,87" hai1="92,35,40,12,10,30,4,133,47,28,95,51,91" hai2="16,107,0,55,71,102,72,130,27,122,61,76,18" hai3="23,8,125,31,135,65,58,13,106,29,44,116,124"/><W96/><G116/><T14/><D41/><U32/><E133/><V97/><F130/><W52/><G135/><T108/><D108/><U80/><E80/><V49/><F122/><W38/><G65/><T59/><D103/><U132/><E132/><V73/><F0/><W20/><G44/><T94/><D134/><U79/><E79/><V111/><F111/><W9/><G38/><T74/><D74/><U101/><E101/><V114/><F114/><W82/><G106/><T99/><D25/><U1/><E1/><V66/><F76/><W83/><G96/><T68/><D68/><U70/><E70/><V22/><REACH who="2" step="1"/><F18/><REACH who="2" ten="425,255,52,248" step="2"/><W11/><G124/><T21/><D121/><U17/><E17/><V36/><F36/><W60/><G125/><T46/><D120/><U3/><E3/><V78/><F78/><W75/><G75/><T90/><D90/><U113/><E113/><V50/><F50/><W64/><G29/><T62/><D46/><AGARI ba="1,2" hai="16,22,27,46,49,55,61,66,71,72,73,97,102,107" machi="46" ten="30,3900,0" yaku="1,1,7,1,54,1,53,0" doraHai="109" doraHaiUra="53" who="2" fromWho="0" sc="425,-42,255,0,52,62,248,0" /><INIT seed="4,0,0,0,1,41" ten="383,255,114,248" oya="0" hai0="98,75,25,3,92,52,58,105,1,72,19,48,81" hai1="23,44,67,103,126,14,7,36,100,113,43,84,109" hai2="30,68,6,32,108,94,66,121,135,47,17,114,74" hai3="18,111,27,88,104,77,128,106,8,31,73,38,118"/><T22/><D105/><N who="3" m="40553" /><G18/><T131/><D131/><U33/><E33/><V83/><F108/><W4/><G27/><T116/><D116/><U76/><E109/><V125/><F6/><W40/><G31/><T112/><D112/><U50/><E113/><V60/><F114/><W49/><G49/><T82/><D82/><N who="1" m="47175" /><E126/><V5/><F125/><W35/><G35/><T89/><REACH who="0" step="1"/><D81/><REACH who="0" ten="373,255,114,248" step="2"/><U90/><E103/><V63/><F83/><N who="3" m="45487" /><G88/><T26/><D26/><U65/><E90/><V20/><F74/><AGARI ba="0,1" hai="1,3,19,22,25,48,52,58,72,74,75,89,92,98" machi="74" ten="40,3900,0" yaku="1,1,54,1,53,0" doraHai="41" doraHaiUra="78" who="0" fromWho="2" sc="373,49,255,0,114,-39,248,0" /><INIT seed="4,1,0,1,5,82" ten="422,255,75,248" oya="0" hai0="9,130,43,27,50,17,89,22,13,110,55,63,5" hai1="14,56,31,115,39,38,47,25,133,99,123,54,29" hai2="80,33,16,100,60,83,58,96,51,134,68,98,116" hai3="11,113,74,86,75,65,70,69,7,126,4,41,66"/><T42/><D110/><U131/><E123/><V76/><F116/><W95/><G95/><T34/><D130/><U127/><E131/><V44/><F134/><W94/><G94/><T30/><D63/><U2/><E2/><V120/><F120/><W6/><G11/><T40/><D89/><U37/><E133/><V93/><F33/><W135/><G135/><T71/><D71/><U28/><E127/><V106/><F68/><W35/><G6/><T124/><D124/><U12/><E47/><V102/><F80/><W49/><G126/><T26/><D43/><U122/><E25/><V88/><F102/><W45/><G49/><T46/><AGARI ba="1,0" hai="5,9,13,17,22,26,27,30,34,40,42,46,50,55" machi="46" ten="20,2100,0" yaku="0,1,7,1" doraHai="82" who="0" fromWho="0" sc="422,24,255,-8,75,-8,248,-8" /><INIT seed="4,2,0,0,3,69" ten="446,247,67,240" oya="0" hai0="134,16,46,55,23,126,94,83,78,48,72,30,119" hai1="27,29,98,71,66,25,114,110,39,24,28,18,63" hai2="64,45,124,93,90,116,80,99,111,70,26,68,8" hai3="50,42,44,62,104,74,125,109,107,22,1,118,56"/><T76/><D119/><U113/><E110/><V88/><F111/><W60/><G74/><T12/><D134/><U77/><E77/><V120/><F120/><W96/><G1/><T117/><D117/><U112/><E98/><V52/><F116/><W47/><G118/><T20/><D126/><U49/><E49/><V33/><F124/><W86/><G125/><T15/><D78/><U38/><E18/><V35/><F8/><W0/><G0/><T59/><D94/><U40/><E40/><V91/><F80/><W67/><G86/><N who="0" m="48487" /><D59/><U75/><E75/><V14/><F14/><N who="0" m="5162" /><D72/><U85/><E85/><V73/><F73/><W51/><G109/><T65/><D65/><U95/><E95/><V128/><F128/><W34/><G34/><T58/><D58/><U13/><E13/><V10/><F10/><W89/><G62/><T130/><D130/><U5/><E5/><V105/><F105/><W97/><G22/><N who="0" m="8235" /><D30/><AGARI ba="2,0" hai="24,25,27,28,29,30,38,39,63,66,71,112,113,114" machi="30" ten="50,8000,1" yaku="15,1,11,1,52,2" doraHai="69" who="1" fromWho="0" sc="446,-86,247,86,67,0,240,0" /><INIT seed="5,0,0,1,4,2" ten="360,333,67,240" oya="1" hai0="104,31,96,59,43,45,112,56,64,131,68,8,41" hai1="67,28,94,128,52,17,32,38,42,25,135,97,102" hai2="70,121,125,87,115,89,6,133,22,33,50,62,7" hai3="108,65,51,83,26,130,36,30,99,93,9,100,24"/><U66/><E128/><V11/><F33/><W5/><G36/><T60/><D131/><U34/><E34/><V23/><F121/><W98/><G130/><T129/><D129/><U21/><E135/><V55/><F133/><W84/><G108/><T109/><D109/><U101/><E101/><V127/><F11/><W132/><G132/><T40/><D112/><U106/><E106/><V124/><F115/><W85/><G65/><T95/><D104/><U53/><E67/><V13/><F13/><W122/><G122/><T134/><D134/><U82/><E82/><V1/><F1/><W49/><G98/><T77/><D77/><U18/><E18/><V80/><F62/><W78/><G84/><T10/><D31/><U57/><E57/><V14/><F70/><W117/><G117/><T92/><D68/><U29/><E29/><V111/><F111/><W16/><G26/><T63/><D45/><U37/><E37/><V71/><F71/><W123/><G123/><T69/><D69/><U118/><E66/><V75/><F75/><W35/><REACH who="3" step="1"/><G16/><REACH who="3" ten="360,333,67,230" step="2"/><T72/><D72/><U3/><E118/><V116/><F116/><W61/><G61/><T86/><D86/><U81/><E3/><AGARI ba="0,1" hai="3,5,9,24,30,35,49,51,78,83,85,93,99,100" machi="3" ten="30,3900,0" yaku="1,1,7,1,52,1,53,0" doraHai="2" doraHaiUra="103" who="3" fromWho="1" sc="360,0,333,-39,67,0,230,49" /><INIT seed="6,0,0,3,0,67" ten="360,294,67,279" oya="2" hai0="123,85,76,58,83,49,22,100,70,65,27,38,35" hai1="5,37,60,96,82,30,127,44,92,131,53,0,26" hai2="135,8,115,109,64,33,118,9,50,128,20,14,111" hai3="71,62,74,7,23,52,116,54,134,113,101,91,28"/><V78/><F33/><W88/><G74/><T98/><D123/><U56/><E127/><V24/><F78/><W124/><G116/><T103/><D38/><U117/><E117/><V21/><F118/><W130/><G101/><T79/><D70/><U126/><E126/><V12/><F64/><N who="3" m="41367" /><G124/><T40/><D76/><U86/><E131/><V114/><F50/><W132/><G7/><T97/><D35/><U112/><E112/><N who="2" m="43051" /><F128/><W2/><G2/><T39/><D39/><U19/><E5/><V59/><F59/><W108/><G108/><N who="2" m="41545" /><F135/><N who="3" m="51755" /><G113/><T94/><D65/><U63/><E0/><V25/><F20/><W93/><G130/><T73/><D58/><U90/><E63/><V41/><F41/><W48/><G48/><T45/><D73/><U84/><E37/><V72/><F72/><W6/><G6/><T13/><D13/><N who="2" m="5226" /><F21/><W89/><G93/><T11/><D11/><AGARI ba="0,0" hai="8,9,11,24,25" m="5226,41545,43051" machi="11" ten="40,18000,2" yaku="28,2,15,1,10,1,34,2" doraHai="67" who="2" fromWho="0" sc="360,-180,294,0,67,180,279,0" /><INIT seed="6,1,0,3,3,54" ten="180,294,247,279" oya="2" hai0="51,101,127,22,34,60,24,116,134,30,6,7,8" hai1="98,130,128,44,75,35,95,87,3,123,11,83,92" hai2="43,107,93,110,97,15,102,63,38,19,103,115,105" hai3="59,40,79,9,78,33,18,1,84,104,118,108,23"/><V29/><F110/><W21/><G104/><T31/><D116/><U53/><E35/><V119/><F119/><W41/><G33/><T36/><D134/><U57/><E123/><V48/><F29/><W132/><G108/><T17/><D36/><U45/><E75/><V125/><F125/><W88/><G1/><T13/><D127/><U0/><E0/><V82/><F38/><W86/><G132/><T111/><D111/><U117/><E117/><V62/><F115/><W100/><G100/><T99/><D60/><N who="2" m="23082" /><F82/><W76/><G59/><T10/><D51/><N who="1" m="30911" /><E11/><N who="2" m="6655" /><F107/><W122/><G122/><T114/><D114/><U131/><E3/><V52/><F43/><N who="3" m="16459" /><G118/><T67/><D67/><U28/><E28/><V26/><F105/><W55/><G55/><T2/><REACH who="0" step="1"/><D34/><REACH who="0" ten="170,294,247,279" step="2"/><U49/><E131/><V94/><F26/><W61/><G61/><T106/><AGARI ba="1,1" hai="2,6,7,8,10,13,17,22,24,30,31,99,101,106" machi="106" ten="20,5200,0" yaku="1,1,2,1,0,1,7,1,53,0" doraHai="54" doraHaiUra="124" who="0" fromWho="0" sc="170,65,294,-14,247,-27,279,-14" /><INIT seed="7,0,0,3,4,68" ten="235,280,220,265" oya="3" hai0="50,48,127,4,23,70,75,10,85,19,57,113,109" hai1="101,126,9,14,64,43,73,103,102,100,26,44,118" hai2="107,47,61,117,66,56,95,13,112,41,128,86,67" hai3="108,30,99,37,94,55,131,2,54,31,76,90,25"/><W5/><G131/><T60/><D75/><U80/><E126/><V63/><F107/><W49/><G108/><T45/><D113/><U27/><E118/><V42/><F128/><W82/><G37/><T72/><D127/><U89/><E64/><V69/><F117/><W133/><G133/><T87/><D72/><U125/><E125/><V81/><F112/><W119/><G119/><T74/><D74/><U78/><E89/><V20/><F95/><W33/><G5/><T17/><D17/><U11/><E11/><V110/><F110/><W132/><G2/><T96/><D96/><U3/><E14/><V91/><F47/><W29/><G132/><T16/><D19/><U46/><E46/><V115/><F115/><W59/><G54/><N who="0" m="33847" /><D70/><U40/><E40/><V52/><F66/><W12/><REACH who="3" step="1"/><G12/><REACH who="3" ten="235,280,220,255" step="2"/><N who="0" m="5191" /><D109/><U83/><E3/><V122/><F122/><W51/><G51/><N who="0" m="19499" /><D45/><U0/><E44/><V39/><F39/><W84/><AGARI ba="0,1" hai="25,29,30,31,33,49,55,59,76,82,84,90,94,99" machi="84" ten="20,3900,0" yaku="1,1,0,1,7,1,53,0" doraHai="68" doraHaiUra="15" who="3" fromWho="3" sc="235,-13,280,-13,220,-13,255,49" owari="222,-18.0,267,7.0,207,-29.0,304,40.0" /></mjloggm>