<mjloggm ver="2.3"><GO type="169" lobby="0"/><UN n0="%E8%B7%AF%E5%9C%B0%E8%A3%8F%E3%81%AE%E3%81%B2%E3%81%BE%E3%82%8F%E3%82%8A" n1="%E9%9D%9E%E5%8A%B9%E7%8E%87%E6%89%93%E6%B3%95" n2="%EF%BC%88%E2%89%A7%E2%96%BD%E2%89%A6%EF%BC%89" n3="%E3%81%AF%E3%81%9B%E3%81%99%E3%81%91%EF%BC%8E" dan="17,16,17,17" rate="2130.29,2096.21,2138.20,2154.11" sx="M,M,M,M"/><TAIKYOKU oya="0"/><INIT seed="0,0,0,0,5,101" ten="250,250,250,250" oya="0" hai0="99,27,22,68,122,112,79,81,58,103,33,12,49" hai1="32,88,117,107,50,125,51,129,96,1,65,69,83" hai2="55,44,24,123,61,53,126,38,66,13,75,17,108" hai3="19,116,36,40,73,110,11,10,62,120,98,127,128"/><T104/><D112/><U85/><E1/><V118/><F123/><W3/><G62/><T74/><D122/><U92/><E117/><V42/><F75/><W97/><G40/><T21/><D68/><U102/><E32/><V93/><F126/><W67/><G67/><T90/><D12/><U78/><E125/><V28/><F108/><W16/><G127/><T23/><D33/><U20/><E129/><V59/><F93/><W115/><G120/><T131/><D131/><U89/><E89/><V134/><F134/><W14/><G128/><T80/><D80/><U6/><E6/><V9/><REACH who="2" step="1"/><F118/><REACH who="2" ten="250,250,240,250" step="2"/><W57/><G73/><T18/><REACH who="0" step="1"/><D90/><REACH who="0" ten="240,250,240,250" step="2"/><U133/><E133/><V77/><F77/><W34/><G116/><T54/><AGARI ba="0,2" hai="18,21,22,23,27,49,54,58,74,79,81,99,103,104" machi="54" ten="30,12000,1" yaku="1,1,2,1,0,1,52,1,53,1" doraHai="101" doraHaiUra="52" who="0" fromWho="0" sc="240,140,250,-40,240,-40,250,-40" /><INIT seed="0,1,0,3,5,119" ten="380,210,200,210" oya="0" hai0="81,52,28,60,96,103,100,72,22,104,7,123,74" hai1="17,44,57,82,3,26,32,23,84,93,115,35,131" hai2="101,66,39,33,77,11,124,16,70,1,86,98,59" hai3="48,80,24,91,36,2,89,9,49,76,0,92,10"/><T79/><D123/><U132/><E3/><V129/><F33/><W14/><G36/><T43/><D103/><U107/><E107/><V62/><F129/><W90/><G0/><T111/><D43/><U126/><E131/><V38/><F124/><W30/><G2/><T109/><D7/><U94/><E126/><V127/><F127/><W25/><G92/><T4/><D4/><U8/><E115/><V112/><F112/><W125/><G125/><T51/><D60/><U130/><E130/><V5/><F70/><W34/><G25/><T68/><D68/><U18/><E132/><V133/><F133/><W106/><G106/><T58/><D74/><U64/><E35/><V113/><F113/><W122/><G10/><T71/><D71/><U37/><E32/><V13/><F86/><W73/><REACH who="3" step="1"/><G122/><REACH who="3" ten="380,210,200,200" step="2"/><T21/><REACH who="0" step="1"/><D28/><REACH who="0" ten="370,210,200,200" step="2"/><U40/><E37/><V42/><F39/><W61/><G61/><T99/><D99/><U134/><E134/><V121/><F121/><W50/><G50/><T54/><D54/><U65/><E40/><V110/><F38/><W88/><N who="3" m="22528" /><DORA hai="56" /><W102/><G102/><T63/><D63/><U55/><E55/><V97/><F42/><W12/><G12/><T47/><D47/><U128/><E44/><V67/><F101/><W6/><AGARI ba="1,2" hai="6,9,14,24,30,34,48,49,73,76,80" m="22528" machi="6" ten="40,16000,3" yaku="1,1,0,1,54,1,53,5" doraHai="119,56" doraHaiUra="85,31" who="3" fromWho="3" sc="370,-81,210,-41,200,-41,200,183" /><INIT seed="1,0,0,3,4,118" ten="289,169,159,383" oya="1" hai0="36,94,110,65,23,45,15,116,71,82,92,22,125" hai1="19,95,72,48,121,97,75,51,33,40,62,13,111" hai2="47,87,25,128,20,78,8,73,134,58,43,103,18" hai3="120,131,93,57,77,127,109,35,132,29,56,100,83"/><U30/><E111/><V126/><F128/><W26/><G109/><T5/><D110/><U61/><E75/><V69/><F134/><W6/><G132/><T119/><D125/><U86/><E72/><V112/><F69/><W2/><G127/><T74/><D119/><U88/><E33/><V85/><F112/><W129/><G120/><T27/><D116/><U59/><E30/><V4/><F126/><W96/><G6/><T11/><D71/><U124/><E124/><V55/><F103/><W37/><G37/><T44/><D65/><U99/><E121/><V114/><F114/><W24/><G2/><T31/><D23/><N who="1" m="11759" /><E40/><V79/><F79/><W17/><G17/><T122/><D122/><U12/><E12/><V67/><F67/><W46/><G26/><T21/><D21/><U70/><E70/><V32/><F32/><W91/><G100/><T104/><D104/><U135/><E135/><V76/><F76/><W107/><G107/><T10/><D36/><U84/><E84/><V28/><F78/><W90/><G90/><T9/><D74/><U39/><E39/><N who="2" m="22015" /><F73/><N who="3" m="43439" /><G46/><T50/><D45/><U130/><E130/><AGARI ba="0,0" hai="24,29,35,56,57,91,93,96,129,130,131" m="43439" machi="130" ten="30,1000,0" yaku="19,1" doraHai="118" who="3" fromWho="1" sc="289,0,169,-10,159,0,383,10" /><INIT seed="2,0,0,4,3,117" ten="289,159,159,393" oya="2" hai0="94,73,72,112,60,32,43,109,107,126,53,35,95" hai1="56,17,3,89,104,92,78,59,68,1,119,28,33" hai2="110,101,45,105,30,24,20,124,23,83,64,127,96" hai3="16,97,61,121,7,77,19,131,58,125,5,6,130"/><V51/><F110/><W118/><G118/><T87/><D112/><U100/><E119/><V62/><F83/><W46/><G125/><T65/><D107/><U103/><E68/><V47/><F20/><W55/><G77/><T75/><D126/><U135/><E78/><V123/><F47/><W134/><G134/><T41/><D109/><U54/><E28/><V21/><F21/><W40/><G97/><T26/><D53/><U128/><E33/><V106/><F106/><W27/><G121/><T42/><D26/><U120/><E104/><V80/><F80/><W67/><G67/><T48/><D48/><U71/><E71/><V37/><F37/><W85/><G85/><T39/><D39/><U8/><E128/><N who="3" m="49194" /><G27/><T0/><D0/><U4/><E3/><V108/><F108/><W74/><G74/><T70/><REACH who="0" step="1"/><D87/><REACH who="0" ten="279,159,159,393" step="2"/><U76/><E135/><V50/><F50/><AGARI ba="0,1" hai="5,6,7,16,19,40,46,50,55,58,61" m="49194" machi="50" ten="30,2000,0" yaku="19,1,54,1" doraHai="117" who="3" fromWho="2" sc="279,0,159,0,159,-20,393,30" /><INIT seed="3,0,0,2,4,114" ten="279,159,139,423" oya="3" hai0="57,12,132,116,22,17,105,60,74,120,58,113,8" hai1="83,82,95,99,11,102,1,49,135,70,46,128,25" hai2="13,59,20,97,111,76,75,15,3,23,69,106,131" hai3="115,56,52,61,123,126,100,112,37,78,89,122,93"/><W2/><G2/><T26/><D120/><U80/><E70/><V55/><F69/><W21/><G126/><T133/><D113/><U42/><E128/><V16/><F3/><W0/><G0/><T39/><D39/><U29/><E135/><N who="0" m="51785" /><D74/><U7/><REACH who="1" step="1"/><E82/><REACH who="1" ten="279,149,139,423" step="2"/><V19/><F131/><W109/><G115/><T90/><D105/><U45/><E45/><V71/><F71/><W66/><G112/><T127/><D127/><U72/><E72/><V36/><F75/><W38/><G123/><T129/><D129/><U47/><E47/><V92/><F111/><W94/><G109/><T54/><D58/><U41/><E41/><V30/><F36/><W134/><G122/><T67/><D90/><U43/><E43/><V5/><F76/><W65/><G134/><T10/><D67/><U24/><E24/><V32/><F106/><W28/><G37/><T119/><D10/><U73/><E73/><V85/><F59/><W88/><G38/><T81/><D81/><U40/><E40/><V27/><F92/><W86/><G78/><T108/><D108/><U44/><E44/><V64/><F64/><W87/><G100/><T84/><D84/><U79/><E79/><V110/><F85/><W34/><G34/><AGARI ba="0,1" hai="1,7,11,25,29,34,42,46,49,80,83,95,99,102" machi="34" ten="30,2000,0" yaku="1,1,7,1,53,0" doraHai="114" doraHaiUra="63" who="1" fromWho="3" sc="279,0,149,30,139,0,423,-20" /><INIT seed="4,0,0,2,5,90" ten="279,179,139,403" oya="0" hai0="26,104,29,53,33,91,106,5,71,84,21,0,109" hai1="47,28,119,120,92,57,134,49,97,61,58,96,100" hai2="85,23,55,74,34,65,78,80,127,17,126,117,43" hai3="68,112,121,118,36,124,52,39,48,63,95,27,83"/><T64/><D109/><U107/><E119/><V12/><F117/><W93/><G118/><T123/><D123/><U86/><E120/><V44/><F34/><W88/><G121/><T135/><D135/><U24/><E134/><V25/><F65/><W32/><G124/><N who="2" m="47657" /><F55/><W2/><G112/><T9/><D53/><U110/><E86/><V130/><F130/><W20/><G2/><T108/><D108/><U115/><E110/><V99/><F99/><W1/><G1/><T38/><D38/><U3/><E3/><V103/><F103/><W105/><G105/><T87/><D87/><U66/><E58/><V82/><F25/><W62/><G32/><T14/><D64/><U98/><E115/><V18/><F18/><N who="3" m="12695" /><G68/><T16/><D71/><U76/><E76/><N who="2" m="46279" /><F44/><N who="3" m="27655" /><G36/><T89/><D89/><U45/><E107/><V54/><F54/><W131/><G39/><T13/><D13/><U132/><E132/><V128/><F128/><W94/><G131/><T114/><D114/><U122/><E122/><V133/><F133/><W37/><G37/><T69/><D69/><U73/><E47/><V70/><F70/><W51/><G51/><T41/><D41/><AGARI ba="0,0" hai="12,17,23,41,43,74,78,80" m="46279,47657" machi="41" ten="30,1000,0" yaku="18,1" doraHai="90" who="2" fromWho="0" sc="279,-10,179,0,139,10,403,0" /><INIT seed="5,0,0,2,5,2" ten="269,179,149,403" oya="1" hai0="133,132,101,21,55,61,48,107,52,94,124,99,96" hai1="45,54,105,84,134,42,116,6,97,26,117,4,53" hai2="86,49,43,68,19,47,38,32,9,29,102,66,90" hai3="125,33,115,91,112,15,30,110,106,50,83,121,120"/><U67/><E67/><V34/><F102/><W98/><G33/><T95/><D124/><U0/><E0/><V119/><F119/><W56/><G30/><T31/><D61/><U24/><E105/><V58/><F29/><W64/><G125/><T122/><D122/><U37/><E97/><V71/><F71/><W82/><G110/><T28/><D55/><U128/><E84/><V114/><F114/><N who="3" m="43563" /><G15/><T111/><D111/><U35/><E35/><V46/><F68/><W3/><G3/><T135/><D21/><U92/><E92/><V129/><F129/><W22/><G22/><T76/><D76/><U1/><E1/><V63/><F19/><W40/><G40/><T79/><D79/><U70/><E70/><V87/><F9/><W108/><G108/><T57/><REACH who="0" step="1"/><D107/><REACH who="0" ten="259,179,149,403" step="2"/><U13/><E42/><V104/><F104/><W44/><G121/><T18/><D18/><U10/><E117/><V27/><F34/><W77/><G120/><T75/><D75/><U65/><E116/><V8/><F32/><W23/><G23/><T51/><D51/><U88/><E65/><V130/><F49/><W12/><G77/><T103/><AGARI ba="0,1" hai="28,31,48,52,57,94,95,96,99,101,103,132,133,135" machi="103" ten="30,8000,1" yaku="1,1,0,1,9,1,20,1,54,1,53,0" doraHai="2" doraHaiUra="16" who="0" fromWho="0" sc="259,90,179,-40,149,-20,403,-20" /><INIT seed="6,0,0,1,4,132" ten="349,139,129,383" oya="2" hai0="109,120,127,36,69,134,78,20,122,57,3,93,115" hai1="14,100,31,129,19,110,23,11,58,56,28,61,5" hai2="105,79,98,46,13,68,121,33,10,90,102,96,65" hai3="49,6,135,59,95,84,75,88,62,94,99,106,86"/><V44/><F121/><W97/><G135/><T118/><RYUUKYOKU type="yao9" ba="0,0" sc="349,0,139,0,129,0,383,0" hai0="3,20,36,57,69,78,93,109,115,118,120,122,127,134" /><INIT seed="6,1,0,3,4,108" ten="349,139,129,383" oya="2" hai0="71,54,129,34,95,74,23,3,117,19,72,66,25" hai1="44,128,98,27,4,51,131,14,35,106,125,115,100" hai2="107,133,109,121,113,65,15,24,5,68,76,59,111" hai3="42,16,64,50,102,112,62,124,53,77,83,6,80"/><V29/><F107/><W43/><G124/><T84/><D129/><N who="1" m="49739" /><E125/><V22/><F68/><W26/><G112/><T96/><D117/><U69/><E69/><V67/><F121/><W52/><G102/><T38/><D3/><U127/><E127/><V134/><F76/><W123/><G123/><T70/><D38/><U92/><E115/><V2/><F113/><W10/><G80/><T101/><D34/><U120/><E120/><V122/><F122/><W0/><G53/><T18/><D71/><U40/><E106/><V86/><F86/><W36/><G36/><T55/><D70/><U99/><E99/><V90/><F90/><W88/><G64/><N who="2" m="24649" /><F59/><W87/><G62/><T28/><D66/><U132/><E132/><N who="2" m="50795" /><F2/><W11/><G77/><T94/><D74/><U13/><E4/><V118/><F118/><W32/><G32/><T1/><D1/><U57/><E57/><V73/><F73/><W126/><G126/><T41/><D72/><U33/><E35/><V49/><F49/><W116/><G116/><T79/><D79/><U78/><E78/><V119/><F119/><W7/><G7/><T103/><D103/><U20/><E33/><V60/><F60/><W114/><G114/><T104/><D104/><U97/><E98/><V110/><F5/><W21/><G11/><T39/><D84/><U12/><E12/><AGARI ba="1,0" hai="12,15,22,24,29,109,110,111" m="50795,24649" machi="12" ten="40,3900,0" yaku="10,1,20,1" doraHai="108" who="2" fromWho="1" sc="349,0,139,-42,129,42,383,0" /><INIT seed="6,2,0,3,0,102" ten="349,97,171,383" oya="2" hai0="106,46,20,18,91,119,44,66,38,134,67,105,117" hai1="70,110,95,84,15,30,2,57,51,132,14,85,120" hai2="4,88,97,35,40,108,86,11,122,93,62,21,80" hai3="29,8,25,49,45,115,52,50,98,74,94,12,73"/><V96/><F35/><W23/><G115/><T123/><D123/><U112/><E110/><V116/><F116/><N who="0" m="44618" /><D134/><U81/><E2/><V63/><F122/><W34/><G50/><T130/><D91/><U6/><E70/><V101/><F108/><W79/><G79/><T90/><D90/><U16/><E120/><V36/><F21/><W26/><G26/><N who="0" m="14615" /><D130/><U59/><E112/><V56/><F97/><W104/><G34/><T22/><D22/><U135/><E30/><V61/><F40/><W32/><G32/><T87/><D87/><U28/><E28/><V69/><F36/><W125/><G125/><T55/><D55/><U9/><E95/><V37/><F37/><W77/><G77/><T118/><N who="0" m="44626" /><T65/><DORA hai="64" /><D38/><U78/><E84/><V100/><F100/><W33/><G33/><T31/><D31/><U103/><E103/><V41/><F41/><W133/><G133/><N who="1" m="51274" /><E51/><V0/><REACH who="2" step="1"/><F69/><REACH who="2" ten="349,97,161,383" step="2"/><W24/><G23/><AGARI ba="2,1" hai="6,9,14,15,16,23,57,59,78,81,85" m="51274" machi="23" ten="30,2000,0" yaku="20,1,54,1" doraHai="102,64" who="1" fromWho="3" sc="349,0,97,36,161,0,383,-26" /><INIT seed="7,0,0,2,5,100" ten="349,133,161,357" oya="3" hai0="19,66,87,43,79,134,60,105,4,135,47,115,110" hai1="122,41,120,31,89,118,113,49,42,67,90,111,51" hai2="74,126,50,70,40,133,29,124,78,104,62,45,121" hai3="6,68,23,0,16,72,57,93,48,58,63,22,14"/><W34/><G72/><T85/><D110/><U96/><E31/><V98/><F121/><N who="1" m="46697" /><E96/><V108/><F108/><W53/><G34/><T3/><D105/><U86/><E111/><V73/><F133/><N who="0" m="50698" /><D115/><U125/><E86/><V88/><F29/><W27/><G68/><N who="0" m="42055" /><D19/><U17/><E67/><N who="2" m="41335" /><F78/><W28/><G93/><T83/><D87/><U61/><E61/><V59/><F59/><W71/><G71/><T38/><D4/><U35/><E35/><V55/><F104/><W116/><G116/><T84/><D84/><U80/><E80/><V101/><F101/><W9/><G63/><T81/><D81/><U131/><E118/><V112/><F112/><W12/><REACH who="3" step="1"/><G58/><REACH who="3" ten="349,133,161,347" step="2"/><T2/><AGARI ba="0,1" hai="2,3,38,43,47,79,83,85" m="42055,50698" machi="2" ten="30,1100,0" yaku="20,1" doraHai="100" who="0" fromWho="0" sc="349,21,133,-3,161,-3,347,-5" owari="370,47.0,130,-37.0,158,-24.0,342,14.0" /></mjloggm>