<mjloggm ver="2.3"><GO type="169"/><UN n0="%E3%81%A1%E3%81%8F%E3%81%8D" n1="%E6%9D%A5%E6%A0%96%E9%B3%A5" n2="%EF%BC%88%E2%89%A7%E2%96%BD%E2%89%A6%EF%BC%89" n3="%E3%81%8A%EF%BC%81%E3%81%AA%E3%81%AB%EF%BD%9E%EF%BC%9F" dan="18,16,18,16" rate="2122,2066,2239,2130" sx="M,M,M,M"/><TAIKYOKU oya="0"/><INIT seed="0,0,0,1,5,51" ten="250,250,250,250" oya="0" hai0="54,120,24,83,11,12,7,79,35,19,64,48,116" hai1="101,130,105,59,66,108,20,30,42,43,126,70,88" hai2="69,135,104,91,109,34,15,0,68,75,55,31,16" hai3="81,76,47,89,58,33,26,22,21,17,117,77,4"/><T131/><D120/><U82/><E108/><V46/><F75/><W2/><G33/><T124/><D116/><U18/><E126/><V23/><F104/><W13/><G117/><T36/><D36/><U95/><E70/><V6/><F109/><W86/><G47/><T111/><D111/><U73/><E130/><V38/><F135/><W3/><G3/><T113/><D113/><U32/><E32/><V28/><F38/><W92/><G2/><T60/><D131/><U121/><E121/><V37/><F37/><W72/><G76/><T80/><D124/><U112/><E112/><V134/><F134/><W107/><G107/><T49/><D49/><U115/><E115/><V62/><F34/><W96/><G58/><N who="0" m="36887" /><D79/><U65/><E30/><N who="2" m="11307" /><F69/><W84/><G4/><T94/><D94/><U133/><E133/><V93/><F68/><W71/><G71/><T103/><D103/><U9/><E9/><V14/><F0/><W8/><G8/><T25/><D35/><U102/><E73/><V129/><F129/><W41/><G41/><N who="1" m="15370" /><E82/><N who="0" m="31273" /><D7/><U106/><E105/><V57/><F6/><W74/><G74/><T27/><D27/><N who="1" m="14743" /><E106/><V98/><F46/><AGARI ba="0,0" hai="11,12,19,24,25,46,48,54" m="31273,36887" machi="46" ten="30,2900,0" yaku="8,1,52,1" doraHai="51" who="0" fromWho="2" sc="250,29,250,0,250,-29,250,0" /><INIT seed="0,1,0,4,0,118" ten="279,250,221,250" oya="0" hai0="117,49,5,41,66,68,132,16,74,2,124,86,3" hai1="64,21,42,112,99,38,29,114,113,63,121,51,67" hai2="24,94,44,9,92,30,69,87,56,10,14,39,8" hai3="23,96,34,36,12,43,128,88,35,25,81,77,15"/><T33/><D117/><U48/><E29/><V108/><F69/><W19/><G128/><T50/><D74/><U6/><E6/><V20/><F108/><W105/><G15/><T131/><D33/><U97/><E21/><V104/><F104/><W126/><G126/><T73/><D73/><U127/><E127/><V122/><F122/><W82/><G43/><T31/><D31/><U130/><E130/><V83/><F14/><W32/><G36/><T7/><D124/><U103/><E121/><V133/><F133/><W13/><G105/><T107/><D107/><U80/><E80/><V28/><F28/><W1/><G1/><T95/><D68/><U18/><E18/><V55/><F44/><W40/><G40/><T22/><D41/><U91/><E91/><V65/><F65/><N who="1" m="25161" /><E63/><V27/><F27/><W109/><G109/><T60/><D132/><U59/><E59/><V26/><F26/><W61/><G61/><T17/><D60/><U116/><E116/><V89/><REACH who="2" step="1"/><F39/><REACH who="2" ten="279,250,211,250" step="2"/><W100/><G13/><T52/><D66/><U70/><E70/><V85/><F85/><N who="3" m="50231" /><G12/><T57/><D131/><U102/><E99/><V76/><F76/><W110/><G110/><T75/><D3/><U79/><E97/><V135/><F135/><W46/><G46/><T54/><D2/><U115/><E79/><V45/><F45/><W62/><G96/><T101/><D75/><U134/><E134/><V120/><F120/><W129/><G129/><T93/><D86/><U58/><E58/><V4/><F4/><W111/><G111/><T90/><D57/><U11/><E115/><RYUUKYOKU ba="1,1" sc="279,-10,250,-10,211,30,250,-10" hai2="8,9,10,20,24,30,55,56,83,87,89,92,94" /><INIT seed="1,2,1,0,4,30" ten="269,240,241,240" oya="1" hai0="25,80,65,105,70,86,35,12,72,19,55,45,28" hai1="3,2,74,85,117,124,59,82,17,34,50,68,6" hai2="10,9,37,11,4,135,0,123,58,99,62,49,1" hai3="110,84,128,16,66,53,81,98,75,100,14,26,93"/><U27/><E68/><V57/><F123/><W132/><G110/><T108/><D108/><U130/><E74/><V38/><F135/><W79/><G132/><T120/><D120/><U18/><E117/><V76/><F76/><W133/><G128/><T56/><D105/><U96/><E124/><V89/><F49/><W119/><G133/><T33/><D72/><U122/><E122/><V90/><F99/><W67/><G26/><T52/><D70/><U94/><E130/><V69/><F69/><W95/><G119/><T113/><D113/><U36/><E36/><N who="2" m="13931" /><F62/><W40/><G40/><T97/><D97/><U83/><E83/><V15/><F15/><W112/><G112/><T78/><D45/><U51/><E3/><N who="2" m="1099" /><F4/><W91/><G53/><T13/><D35/><U107/><E107/><V88/><AGARI ba="2,1" hai="9,10,11,57,58,88,89,90" m="1099,13931" machi="88" ten="40,5200,0" yaku="28,2,54,1" doraHai="30" who="2" fromWho="2" sc="269,-15,240,-28,241,68,240,-15" /><INIT seed="2,0,0,2,4,119" ten="254,212,309,225" oya="2" hai0="25,58,72,40,130,82,86,68,12,8,60,33,125" hai1="36,34,28,106,18,20,55,118,104,134,46,24,51" hai2="48,11,26,127,4,0,83,14,80,27,122,131,87" hai3="100,123,103,74,59,95,42,97,61,65,41,67,121"/><V93/><F131/><W90/><G74/><T43/><D130/><U47/><E134/><V54/><F127/><W112/><G112/><T85/><D72/><U44/><E118/><V81/><F122/><W105/><G67/><T78/><D68/><U111/><E111/><V108/><F108/><W64/><G64/><N who="0" m="38935" /><D33/><U19/><E19/><V98/><F87/><W3/><G3/><T17/><D125/><U30/><E30/><V89/><REACH who="2" step="1"/><F0/><REACH who="2" ten="254,212,299,225" step="2"/><W23/><G121/><T49/><D86/><U101/><E36/><V6/><F6/><W115/><G123/><T32/><D85/><U22/><E34/><V75/><F75/><W128/><G128/><T120/><D32/><U52/><E106/><V63/><F63/><W94/><G115/><T109/><D120/><U15/><E104/><V37/><F37/><W29/><G105/><T66/><D109/><U31/><E101/><V117/><F117/><W129/><G129/><T84/><D49/><U91/><E91/><V56/><AGARI ba="0,1" hai="4,11,14,26,27,48,54,56,80,81,83,89,93,98" machi="56" ten="30,6000,0" yaku="1,1,0,1,8,1,53,0" doraHai="119" doraHaiUra="99" who="2" fromWho="2" sc="254,-20,212,-20,299,70,225,-20" /><INIT seed="2,1,0,4,3,62" ten="234,192,369,205" oya="2" hai0="44,53,34,95,135,109,76,71,24,120,115,118,122" hai1="96,63,103,114,6,108,89,54,5,1,98,10,80" hai2="22,134,27,77,127,117,65,81,0,113,37,85,2" hai3="30,104,61,110,124,20,23,101,58,107,9,133,116"/><V42/><F117/><W8/><G116/><T87/><D118/><U19/><E108/><V67/><F113/><W15/><G110/><T105/><D109/><U100/><E114/><V78/><F127/><W111/><G111/><T94/><D71/><U93/><E80/><V88/><F134/><W119/><G119/><T132/><D105/><U51/><E63/><V28/><F2/><W18/><G124/><T7/><D7/><U59/><E1/><V11/><F0/><W55/><G133/><T66/><D115/><U97/><E89/><V33/><F11/><W130/><G130/><T123/><D34/><U16/><E19/><V73/><F33/><W26/><G104/><T29/><D29/><U50/><E50/><V69/><F69/><W4/><G107/><T64/><D24/><U43/><E43/><V46/><F78/><W57/><G101/><N who="1" m="38986" /><E93/><AGARI ba="1,0" hai="22,27,28,37,42,46,65,67,73,77,81,85,88,93" machi="93" ten="30,11600,0" yaku="7,1,52,2,54,1" doraHai="62" who="2" fromWho="1" sc="234,0,192,-119,369,119,205,0" /><INIT seed="2,2,0,1,2,41" ten="234,73,488,205" oya="2" hai0="25,72,120,109,36,130,35,68,5,27,47,85,78" hai1="71,98,58,80,9,7,93,18,4,31,69,50,88" hai2="15,96,82,64,66,1,99,26,21,101,14,75,79" hai3="70,90,107,128,89,133,104,97,73,135,119,53,57"/><V74/><F1/><W117/><G70/><T100/><D85/><U111/><E111/><V8/><F75/><W34/><G34/><T86/><D86/><U84/><E31/><V29/><F15/><W122/><G73/><T127/><D25/><U45/><E58/><V6/><REACH who="2" step="1"/><F99/><REACH who="2" ten="234,73,478,205" step="2"/><W123/><G97/><T17/><D72/><U102/><E18/><V114/><F114/><W46/><G57/><T48/><D17/><U20/><E20/><V94/><AGARI ba="2,1" hai="6,8,14,21,26,29,64,66,74,79,82,94,96,101" machi="94" ten="20,7800,0" yaku="1,1,0,1,7,1,53,1" doraHai="41" doraHaiUra="19" who="2" fromWho="2" sc="234,-28,73,-28,478,94,205,-28" /><INIT seed="2,3,0,5,4,120" ten="206,45,572,177" oya="2" hai0="52,87,99,45,62,20,17,56,22,0,13,9,81" hai1="39,75,121,102,79,58,129,125,126,43,71,35,24" hai2="84,72,65,18,6,69,70,42,7,93,61,33,60" hai3="96,36,54,23,26,83,131,31,12,15,113,105,97"/><V27/><F72/><W48/><G36/><T63/><D0/><U25/><E121/><V98/><F42/><W49/><G113/><T135/><D135/><U57/><E71/><V78/><F78/><W85/><G131/><T53/><D99/><N who="3" m="37961" /><G105/><T5/><D5/><U67/><E67/><V134/><F134/><W2/><G2/><T103/><D103/><U118/><E118/><V130/><F84/><W38/><G38/><T10/><D10/><U32/><E102/><V1/><F1/><W80/><G80/><T47/><D63/><U14/><E129/><V50/><F50/><N who="3" m="19563" /><G54/><T68/><D68/><U44/><E14/><V76/><F69/><W29/><G29/><T109/><D53/><U128/><E128/><V74/><F70/><W86/><G86/><T46/><D20/><U124/><E79/><AGARI ba="3,0" hai="12,15,23,26,31,79,83,85" m="19563,37961" machi="79" ten="30,1000,0" yaku="8,1" doraHai="120" who="3" fromWho="1" sc="206,0,45,-19,572,0,177,19" /><INIT seed="3,0,0,1,4,75" ten="206,26,572,196" oya="3" hai0="84,8,12,120,58,92,77,76,67,13,36,103,46" hai1="117,24,17,124,9,51,86,48,61,21,57,27,54" hai2="33,116,114,118,74,91,31,111,107,96,4,56,38" hai3="10,73,34,78,35,80,59,85,83,112,53,133,99"/><W113/><G133/><T122/><D122/><U23/><E117/><V49/><F38/><W14/><G99/><N who="0" m="59879" /><D36/><U127/><E9/><V94/><F74/><W7/><G35/><T109/><D120/><U82/><E127/><V128/><F107/><W66/><G34/><T55/><D109/><U64/><E124/><V123/><F111/><W134/><G66/><T50/><D84/><U130/><E64/><V6/><F6/><W106/><G106/><T42/><D13/><U18/><REACH who="1" step="1"/><E130/><REACH who="1" ten="206,16,572,196" step="2"/><V1/><F128/><W121/><G134/><T89/><D67/><U43/><E43/><V87/><F123/><W11/><G121/><T79/><D42/><U126/><E126/><V70/><F118/><W2/><G11/><T132/><D132/><U41/><E41/><V129/><F116/><W16/><G2/><T101/><D8/><U45/><E45/><V93/><F1/><W63/><REACH who="3" step="1"/><G7/><REACH who="3" ten="206,16,572,186" step="2"/><T52/><D46/><U47/><E47/><V98/><F4/><W65/><G65/><T20/><D55/><U108/><E108/><V104/><F129/><W32/><G32/><T22/><D52/><U15/><E15/><V131/><F33/><W102/><G102/><T62/><D12/><U37/><E37/><V81/><F131/><W115/><G115/><T119/><D101/><U110/><E110/><V125/><F114/><W71/><G71/><T90/><D119/><U95/><E95/><V29/><F93/><W105/><G105/><T40/><D40/><U39/><E39/><V30/><F104/><W44/><G44/><T72/><D20/><U135/><E135/><RYUUKYOKU ba="0,2" sc="206,-15,16,15,572,-15,186,15" hai1="17,18,21,23,24,27,48,51,54,57,61,82,86" hai3="10,14,16,53,59,63,73,78,80,83,85,112,113" /><INIT seed="3,1,2,0,3,133" ten="191,31,557,201" oya="3" hai0="29,106,126,3,18,19,68,91,72,110,71,63,35" hai1="51,104,117,130,33,15,13,92,80,62,22,98,10" hai2="96,134,5,107,125,61,119,76,54,131,78,135,86" hai3="77,88,85,65,73,12,49,103,24,101,58,81,37"/><W50/><G37/><T31/><D72/><U59/><E33/><V100/><F119/><W14/><G24/><T4/><D106/><U38/><E38/><V55/><F5/><W47/><G101/><T123/><D123/><U99/><E117/><V120/><F120/><W43/><G103/><T11/><D110/><U122/><E122/><V26/><F26/><W74/><G74/><T66/><D68/><U114/><E114/><V21/><F21/><W20/><G20/><T0/><D0/><U2/><E130/><V52/><F131/><W69/><G69/><T93/><D126/><U111/><E111/><V70/><F125/><W64/><G64/><T40/><D40/><U57/><E2/><V67/><F86/><W94/><REACH who="3" step="1"/><G50/><REACH who="3" ten="191,31,557,191" step="2"/><T1/><D66/><N who="1" m="39247" /><E104/><V116/><F116/><W112/><G112/><T53/><D71/><U45/><E80/><V132/><AGARI ba="1,3" hai="52,54,55,61,67,70,76,78,96,100,107,132,134,135" machi="132" ten="40,5200,0" yaku="0,1,20,1,54,1" doraHai="133" who="2" fromWho="2" sc="191,-14,31,-14,557,85,191,-27" /><INIT seed="4,0,0,1,5,45" ten="177,17,642,164" oya="0" hai0="0,14,135,127,43,10,103,116,113,102,132,21,66" hai1="76,118,22,53,106,26,27,20,46,31,90,108,129" hai2="36,84,71,82,131,109,61,49,47,69,52,63,104" hai3="6,130,1,81,9,114,92,85,94,98,78,15,86"/><T40/><D116/><U73/><E118/><V80/><F109/><W64/><G130/><T41/><D113/><U111/><E106/><V8/><F104/><W72/><G114/><T88/><D127/><U77/><E129/><V23/><F36/><W29/><G29/><T19/><D66/><U133/><E133/><N who="0" m="51273" /><D0/><U68/><E68/><V100/><F100/><N who="0" m="38442" /><D88/><U62/><E73/><V17/><F69/><W55/><G64/><T4/><D21/><U3/><E3/><V44/><F71/><W13/><G94/><T89/><D89/><U5/><E5/><AGARI ba="0,0" hai="4,5,10,14,19,40,41,43" m="38442,51273" machi="5" ten="40,2000,0" yaku="20,1" doraHai="45" who="0" fromWho="1" sc="177,20,17,-20,642,0,164,0" owari="197,0.0,-3,-50.0,642,74.0,164,-24.0" /></mjloggm>