<mjloggm ver="2.3"><GO type="169"/><UN n0="%E3%83%96%E3%83%BC%E3%83%BC%E3%83%BC%E3%83%B3" n1="%E3%83%A4%E3%82%AD%E3%83%B3" n2="%32%2D%31%30" n3="%EF%BC%88%E2%89%A7%E2%96%BD%E2%89%A6%EF%BC%89" dan="16,16,16,16" rate="2089,2067,2034,2076" sx="M,M,M,M"/><TAIKYOKU oya="0"/><INIT seed="0,0,0,1,3,79" ten="250,250,250,250" oya="0" hai0="44,65,130,20,123,91,98,99,37,117,89,97,5" hai1="13,53,48,39,41,126,42,29,35,54,33,67,31" hai2="87,84,27,88,124,105,72,71,60,101,23,30,73" hai3="95,115,100,92,38,70,19,119,24,46,9,122,52"/><T49/><D117/><U7/><E39/><V36/><F36/><W59/><G70/><T128/><D123/><U111/><E67/><V86/><F124/><W85/><G119/><T127/><D37/><U32/><E126/><V22/><F101/><W76/><G115/><T45/><D127/><U63/><E63/><V50/><F105/><W108/><G108/><T21/><D65/><U118/><E118/><V8/><F71/><W68/><G68/><T93/><D5/><U26/><E111/><V0/><F60/><W64/><G64/><T109/><D109/><U116/><E54/><V11/><F50/><W34/><G34/><T40/><D45/><U3/><E3/><V114/><F114/><W134/><G100/><T94/><REACH who="0" step="1"/><D99/><REACH who="0" ten="240,250,250,250" step="2"/><U43/><E7/><V56/><F56/><W104/><G59/><T17/><D17/><U121/><E121/><V1/><F1/><W110/><G19/><T61/><D61/><U10/><E116/><V47/><F47/><W58/><G46/><T96/><D96/><U131/><E31/><V102/><F30/><W103/><G58/><T129/><AGARI ba="0,1" hai="20,21,40,44,49,89,91,93,94,97,98,128,129,130" machi="129" ten="30,11700,0" yaku="1,1,0,1,9,1,19,1,53,0" doraHai="79" doraHaiUra="106" who="0" fromWho="0" sc="240,127,250,-39,250,-39,250,-39" /><INIT seed="0,1,0,2,0,101" ten="367,211,211,211" oya="0" hai0="88,20,100,85,84,87,114,135,95,79,10,31,125" hai1="43,83,77,75,108,42,32,89,0,25,40,15,71" hai2="116,1,38,39,67,98,134,6,64,80,96,18,62" hai3="119,123,112,129,132,52,130,13,120,53,65,47,8"/><T73/><D114/><U55/><E0/><V26/><F134/><W58/><G112/><T30/><D135/><U37/><E108/><V109/><F109/><W118/><G132/><T60/><D125/><U74/><E71/><V4/><F116/><N who="3" m="44587" /><G65/><T91/><D73/><U133/><E133/><V49/><F80/><W90/><G90/><N who="0" m="34347" /><D79/><U24/><E75/><V117/><F117/><W124/><G124/><T11/><D60/><U105/><E89/><V12/><F26/><W16/><G47/><T3/><D3/><U29/><E24/><V122/><F62/><N who="3" m="36167" /><G53/><T48/><D48/><U131/><E55/><V126/><F49/><W44/><G44/><T102/><D20/><U86/><E37/><V68/><F39/><W9/><G8/><N who="0" m="3115" /><D95/><U72/><E74/><V61/><F38/><W28/><G28/><AGARI ba="1,0" hai="28,30,31,84,85,87,100,102" m="3115,34347" machi="28" ten="30,11600,0" yaku="28,2,8,1,54,1" doraHai="101" who="0" fromWho="3" sc="367,119,211,0,211,0,211,-119" /><INIT seed="0,2,0,3,4,8" ten="486,211,211,92" oya="0" hai0="13,80,52,25,77,87,54,89,28,69,124,10,33" hai1="62,103,5,116,22,3,133,53,55,20,73,81,71" hai2="83,56,75,131,102,4,34,14,122,51,64,92,129" hai3="41,118,29,135,111,84,109,78,30,38,128,123,82"/><T19/><D124/><U12/><E116/><V126/><F122/><W108/><G118/><T110/><D110/><U60/><E133/><V40/><F34/><W101/><G123/><T105/><D105/><U99/><E3/><V61/><F75/><W106/><G135/><T18/><D69/><U31/><E73/><V63/><F83/><W114/><G128/><N who="2" m="49225" /><F126/><W65/><G114/><T7/><REACH who="0" step="1"/><D77/><REACH who="0" ten="476,211,211,92" step="2"/><U119/><E71/><V134/><F134/><W16/><G65/><T26/><D26/><U88/><E119/><V97/><F64/><W6/><G106/><T66/><D66/><U90/><E81/><V107/><F107/><W121/><G121/><T112/><D112/><U74/><E74/><V39/><F92/><W72/><G72/><T86/><D86/><U35/><E99/><V50/><F97/><W42/><G84/><T104/><D104/><U2/><E62/><V94/><F94/><W1/><G82/><T44/><D44/><U127/><E60/><V98/><F63/><W57/><G78/><T79/><D79/><U125/><E127/><V96/><F96/><W115/><G115/><T100/><D100/><U43/><E103/><V58/><F61/><W46/><G101/><T45/><D45/><U68/><E68/><V70/><F70/><W113/><G113/><T120/><D120/><U37/><E125/><V132/><F98/><W93/><G93/><T15/><D15/><U0/><E12/><V17/><F14/><W59/><G46/><T27/><D27/><N who="1" m="16871" /><E0/><V91/><F132/><W76/><G1/><T21/><D21/><U32/><E2/><RYUUKYOKU ba="2,1" sc="476,30,211,-10,211,-10,92,-10" hai0="7,10,13,18,19,25,28,33,52,54,80,87,89" /><INIT seed="0,3,1,4,4,0" ten="506,201,201,82" oya="0" hai0="24,42,65,31,10,70,16,96,5,82,17,15,129" hai1="113,1,105,112,8,132,118,45,85,77,67,120,53" hai2="109,88,103,35,110,69,81,62,55,44,47,60,14" hai3="38,57,48,3,108,2,115,32,122,51,75,95,100"/><T117/><D117/><U28/><E118/><V135/><F35/><W30/><G115/><N who="1" m="44106" /><E105/><V11/><F103/><W111/><G38/><T13/><D129/><U12/><E1/><V29/><F29/><W90/><G75/><T101/><D42/><U9/><E67/><V23/><F23/><W20/><G32/><N who="0" m="20583" /><D82/><N who="1" m="47311" /><E120/><V36/><F135/><W98/><G122/><T39/><D15/><U19/><E28/><V59/><F36/><W7/><G100/><T123/><D39/><U34/><E34/><V124/><F69/><W54/><G48/><T78/><D78/><U22/><E132/><V94/><F81/><W106/><G106/><N who="0" m="63783" /><D123/><U131/><E131/><V66/><F66/><W6/><G2/><T130/><D130/><U104/><E104/><V61/><F47/><W21/><G3/><T128/><D128/><U26/><E12/><V86/><F44/><W52/><G54/><T114/><D114/><U74/><E74/><V107/><F107/><W99/><G99/><T46/><D46/><U63/><E45/><V121/><F121/><W119/><G119/><T133/><D133/><U27/><E27/><V71/><F14/><W37/><G37/><T134/><D134/><U125/><E53/><V56/><F55/><W50/><G50/><T41/><D41/><U43/><E43/><V4/><F94/><W83/><G83/><T40/><D40/><U64/><E26/><V76/><F76/><W68/><G30/><T126/><D126/><U58/><E125/><V89/><F124/><W18/><G51/><T116/><D116/><U79/><E79/><V91/><F86/><RYUUKYOKU ba="3,1" sc="506,15,201,15,201,-15,82,-15" hai0="5,10,13,16,17,65,70" hai1="8,9,19,22,58,63,64" /><INIT seed="0,4,1,2,0,81" ten="521,216,186,67" oya="0" hai0="20,73,115,71,7,55,24,21,107,34,51,46,77" hai1="85,10,97,16,95,72,121,9,91,88,3,50,99" hai2="27,28,18,45,22,19,89,65,11,125,66,54,31" hai3="93,78,94,33,15,62,53,104,67,118,101,119,14"/><T106/><D115/><U44/><E121/><V124/><F89/><W37/><G37/><T60/><D34/><U79/><E3/><V48/><F125/><W57/><G33/><T126/><D7/><U68/><E68/><V63/><F124/><W134/><G134/><T103/><D126/><U90/><E72/><V52/><F54/><W59/><G104/><T6/><D6/><U113/><E113/><V5/><F31/><W96/><G78/><T98/><D107/><U43/><E79/><V87/><F87/><W102/><G119/><T74/><D77/><U23/><E99/><V112/><F112/><W42/><G42/><T116/><D116/><U70/><E70/><V17/><REACH who="2" step="1"/><F63/><REACH who="2" ten="521,216,176,67" step="2"/><W100/><G118/><T8/><D74/><U64/><E64/><V0/><AGARI ba="4,2" hai="0,5,11,17,18,19,22,27,28,45,48,52,65,66" machi="0" ten="30,8000,1" yaku="1,1,2,1,0,1,54,1,53,1" doraHai="81" doraHaiUra="1" who="2" fromWho="2" sc="521,-44,216,-24,176,112,67,-24" /><INIT seed="1,0,0,1,2,92" ten="477,192,288,43" oya="1" hai0="88,12,78,68,27,87,134,118,72,24,123,85,101" hai1="82,75,90,56,70,19,33,110,99,80,131,115,9" hai2="7,124,114,102,112,73,129,130,34,51,108,117,43" hai3="132,32,8,81,31,60,97,59,125,67,38,18,128"/><U35/><E70/><V55/><F34/><W116/><G116/><T74/><D68/><U91/><E115/><N who="2" m="44075" /><F7/><W37/><G132/><T28/><D118/><U104/><E131/><N who="2" m="50187" /><F117/><W40/><G128/><T29/><D101/><U133/><E133/><V6/><F6/><W30/><G125/><T77/><D123/><U84/><E110/><V120/><F120/><W109/><G109/><T94/><D12/><U61/><E75/><V103/><F108/><W0/><G32/><T2/><D2/><U16/><E35/><V25/><F73/><W26/><G0/><T46/><D134/><U100/><E33/><V62/><F25/><W3/><G3/><T1/><D1/><U45/><E9/><V23/><F23/><W79/><G8/><T41/><D74/><U89/><E45/><V42/><F102/><W22/><G37/><T111/><D72/><U36/><E36/><V119/><F103/><W4/><G4/><T113/><D113/><U13/><E13/><V53/><F119/><W57/><G57/><T96/><D27/><U65/><E90/><V5/><F5/><W66/><G66/><T11/><D11/><U50/><E91/><V49/><F124/><W58/><G59/><T47/><D111/><U93/><E104/><V127/><F127/><W83/><G38/><T107/><D107/><U106/><E106/><V10/><F10/><W20/><G26/><T44/><D24/><U105/><E105/><V52/><F62/><N who="3" m="38359" /><G30/><N who="0" m="11883" /><D41/><AGARI ba="0,0" hai="41,42,43,49,51,52,53,55" m="50187,44075" machi="41" ten="40,12000,2" yaku="28,2,11,1,19,1,34,2,54,1" doraHai="92" who="2" fromWho="0" sc="477,-120,192,0,288,120,43,0" /><INIT seed="2,0,0,1,2,114" ten="357,192,408,43" oya="2" hai0="111,78,20,104,8,110,133,120,65,24,134,124,34" hai1="115,72,105,119,88,19,39,66,30,33,98,15,97" hai2="69,18,118,64,126,13,108,107,29,48,51,47,84" hai3="113,5,38,89,117,122,32,58,22,3,40,44,75"/><V71/><F107/><W60/><G113/><T14/><D104/><U45/><E115/><V56/><F29/><W35/><G122/><T123/><D34/><U129/><E72/><V103/><F103/><W61/><G61/><T6/><D124/><U76/><E76/><V83/><F126/><W102/><G102/><T36/><D65/><U86/><E66/><V12/><F12/><W94/><G75/><T26/><D78/><U70/><E70/><V53/><F108/><N who="0" m="41514" /><D36/><U55/><E33/><V25/><F25/><N who="0" m="9834" /><D20/><U101/><E30/><V52/><F64/><W87/><G22/><T27/><D27/><U59/><E98/><V73/><F73/><W7/><G7/><T81/><D81/><U43/><E19/><V74/><F74/><W23/><G23/><T85/><D85/><U9/><E9/><V116/><F69/><W2/><G2/><T17/><D6/><U99/><E15/><V37/><F71/><W62/><G62/><T31/><D31/><U54/><E99/><V77/><F37/><W0/><G0/><T127/><D127/><U28/><E28/><V135/><F135/><AGARI ba="0,0" hai="8,14,17,120,123,133,134,135" m="9834,41514" machi="135" ten="30,7700,0" yaku="20,1,14,1,34,2" doraHai="114" who="0" fromWho="2" sc="357,77,192,0,408,-77,43,0" /><INIT seed="3,0,0,4,3,112" ten="434,192,331,43" oya="3" hai0="36,0,131,72,14,16,41,53,78,31,83,63,24" hai1="4,33,117,1,91,52,106,5,128,73,49,114,26" hai2="104,67,56,11,102,18,133,87,109,64,19,60,132" hai3="2,43,22,134,48,77,122,68,45,25,76,7,40"/><W58/><G68/><T74/><D0/><U29/><E114/><V88/><F109/><W115/><G115/><T125/><D125/><U70/><E73/><V113/><F113/><W13/><G122/><T20/><D131/><U89/><E106/><V10/><F67/><W98/><G134/><N who="2" m="51817" /><F102/><W6/><G2/><T85/><D36/><U47/><E70/><V27/><F104/><W123/><G123/><T66/><D53/><U116/><E128/><V127/><F127/><W130/><G130/><T35/><REACH who="0" step="1"/><D41/><REACH who="0" ten="424,192,331,43" step="2"/><U57/><E1/><V17/><F27/><W9/><G40/><T96/><D96/><U108/><E108/><V75/><F75/><W118/><G118/><N who="1" m="45674" /><E47/><V38/><F38/><W28/><G6/><AGARI ba="0,1" hai="4,5,6,26,29,33,49,52,57,89,91" m="45674" machi="6" ten="30,8000,1" yaku="12,1,52,3,54,1" doraHai="112" who="1" fromWho="3" sc="424,0,192,90,331,0,43,-80" owari="424,53.0,282,-12.0,331,13.0,-37,-54.0" /></mjloggm>