<mjloggm ver="2.3"><GO type="169" lobby="0"/><UN n0="%73%61%77%6C%79" n1="%EF%BC%88%E2%89%A7%E2%96%BD%E2%89%A6%EF%BC%89" n2="%E3%81%84%E3%81%97%E3%81%97%E3%82%93%49%44%E7%B4%9B%E5%A4%B1" n3="%68%61%67%69%31%30%32%39" dan="17,17,16,16" rate="2241.18,2139.68,2119.95,2055.21" sx="M,M,M,M"/><TAIKYOKU oya="0"/><INIT seed="0,0,0,5,5,5" ten="250,250,250,250" oya="0" hai0="125,1,35,81,92,106,25,23,74,77,110,116,29" hai1="133,85,60,32,89,129,126,61,83,121,37,44,51" hai2="105,102,113,132,13,24,118,12,70,68,33,43,103" hai3="67,36,22,26,11,58,48,134,66,9,45,128,30"/><T54/><D116/><U41/><E121/><V107/><F43/><N who="3" m="24639" /><G36/><T15/><D106/><U47/><E129/><V2/><F2/><W19/><G128/><T104/><D104/><U108/><E133/><V99/><F113/><W90/><G134/><T7/><D125/><U91/><E126/><V4/><F132/><W40/><G40/><T87/><D110/><U46/><E108/><V52/><F118/><W109/><G109/><T71/><D71/><U6/><E32/><V10/><F103/><W64/><G90/><T0/><D74/><U21/><E6/><V86/><F107/><W14/><G58/><T98/><D54/><U82/><E46/><V93/><F70/><W65/><G65/><T34/><D34/><U16/><E47/><V53/><F68/><W100/><G100/><T112/><D112/><U3/><E3/><V124/><F124/><W119/><G119/><T97/><D97/><U73/><E37/><V84/><F53/><W55/><G55/><T42/><D42/><U88/><E73/><V28/><F52/><W75/><G75/><T63/><D63/><N who="1" m="24139" /><E85/><V78/><F105/><W18/><G18/><T79/><D79/><U135/><E135/><V101/><F78/><W111/><G111/><T69/><D69/><U20/><E16/><N who="2" m="8215" /><F102/><W8/><AGARI ba="0,0" hai="8,9,11,14,19,22,26,30,64,66,67" m="24639" machi="8" ten="30,7900,0" yaku="8,1,52,3" doraHai="5" who="3" fromWho="3" sc="250,-39,250,-20,250,-20,250,79" /><INIT seed="1,0,0,3,3,14" ten="211,230,230,329" oya="1" hai0="92,9,97,45,38,18,0,17,29,47,61,107,6" hai1="118,43,64,124,80,62,39,125,114,78,134,74,10" hai2="77,79,46,22,48,36,93,121,104,33,89,106,102" hai3="19,4,63,112,52,105,26,99,117,116,71,27,59"/><U113/><E118/><N who="3" m="45674" /><G112/><T101/><D29/><U20/><E134/><V57/><F33/><W54/><G4/><T88/><D61/><U32/><E32/><V100/><F36/><W53/><G71/><T110/><D110/><U68/><E20/><V25/><F104/><W85/><G85/><T55/><D55/><N who="3" m="21065" /><G19/><T108/><D108/><U120/><E120/><V81/><F106/><W87/><G87/><T37/><D37/><U28/><E28/><V133/><F121/><W86/><G86/><T115/><D115/><N who="1" m="44043" /><E10/><V98/><F133/><W42/><G42/><T24/><D24/><U1/><E1/><V58/><F79/><W56/><G59/><N who="2" m="22537" /><F77/><W135/><G135/><T66/><D66/><U30/><E30/><N who="2" m="17719" /><F81/><W21/><G21/><T73/><D73/><U49/><E49/><V109/><F109/><W76/><G76/><T16/><REACH who="0" step="1"/><D38/><REACH who="0" ten="201,230,230,329" step="2"/><U122/><E122/><V11/><F48/><W12/><G26/><T70/><D70/><U83/><E83/><V72/><F72/><W7/><G27/><T126/><D126/><U8/><E124/><V51/><F51/><W84/><G63/><T44/><D44/><N who="1" m="23679" /><E125/><V131/><F46/><W50/><G50/><T60/><D60/><U2/><E80/><V40/><F40/><W23/><G54/><T91/><D91/><U132/><E132/><V96/><F89/><W3/><G105/><T128/><D128/><U129/><E129/><V35/><F131/><W94/><G94/><T103/><D103/><U82/><E2/><V13/><F102/><W69/><G3/><T5/><D5/><U95/><E95/><RYUUKYOKU ba="0,1" sc="201,15,230,15,230,-15,329,-15" hai0="0,6,9,16,17,18,45,47,88,92,97,101,107" hai1="8,62,64,68,74,78,82" /><INIT seed="1,1,1,3,1,30" ten="216,245,215,314" oya="1" hai0="125,0,99,42,93,105,33,111,67,35,73,56,37" hai1="71,87,59,77,107,57,49,121,85,113,102,44,23" hai2="91,131,114,92,84,69,110,45,41,100,28,24,17" hai3="16,21,68,123,36,117,8,104,14,54,11,101,132"/><U19/><E71/><V65/><F110/><W62/><G123/><T128/><D111/><U108/><E121/><V116/><F116/><W25/><G36/><T12/><D0/><U109/><E113/><V122/><F122/><W29/><G117/><T3/><D3/><U20/><E107/><V6/><F114/><W86/><G132/><T55/><D105/><U88/><E102/><V9/><F131/><W79/><G54/><T5/><D73/><U119/><E119/><V130/><F130/><W31/><G31/><T83/><D128/><U50/><E77/><V81/><F17/><W127/><G127/><T135/><D135/><U134/><E134/><V52/><F69/><W103/><G104/><T106/><D106/><U133/><E133/><V22/><F65/><W95/><G62/><T75/><D125/><U120/><E120/><V39/><F52/><W90/><G68/><T40/><D67/><U63/><E63/><V115/><F115/><W66/><G66/><T43/><D37/><U97/><E19/><V34/><F22/><N who="3" m="11543" /><G79/><T72/><D72/><U27/><E44/><V32/><F32/><W48/><G48/><T112/><D112/><U82/><E109/><V98/><REACH who="2" step="1"/><F9/><AGARI ba="1,1" hai="8,9,11,21,25,29,86,90,95,101,103" m="11543" machi="9" ten="30,2000,0" yaku="8,1,54,1" doraHai="30" who="3" fromWho="2" sc="216,0,245,0,215,-23,314,33" /><INIT seed="2,0,0,2,2,17" ten="216,245,192,347" oya="2" hai0="101,31,56,53,99,59,117,65,76,3,107,18,48" hai1="111,127,42,96,37,0,62,97,13,61,88,22,39" hai2="14,34,90,83,113,87,123,19,121,11,33,5,135" hai3="69,89,63,102,126,112,86,46,64,94,55,104,20"/><V7/><F113/><W79/><G112/><T8/><D117/><U78/><E0/><V30/><F135/><W1/><G1/><T26/><D76/><U2/><E2/><V50/><F123/><W52/><G126/><T125/><D125/><U15/><E127/><V21/><F121/><W128/><G128/><T108/><D108/><U77/><E42/><V81/><F81/><W84/><G46/><T122/><D122/><U71/><E71/><V103/><F103/><W36/><G36/><T98/><D98/><U118/><E118/><V67/><F67/><W120/><G120/><T73/><D73/><U100/><E100/><V58/><F34/><W24/><G104/><T4/><D18/><U131/><E131/><V134/><F33/><W80/><REACH who="3" step="1"/><G102/><REACH who="3" ten="216,245,192,337" step="2"/><T130/><D130/><U51/><E111/><V109/><F109/><W92/><G92/><T105/><D105/><U10/><E39/><V116/><F116/><W23/><G23/><T12/><D3/><U49/><E37/><V70/><F134/><W32/><G32/><T95/><D107/><U44/><E44/><V75/><F21/><W68/><G68/><T47/><D65/><U60/><E22/><AGARI ba="0,1" hai="4,8,12,22,26,31,47,48,53,56,59,95,99,101" machi="22" ten="30,3900,0" yaku="7,1,8,1,52,1" doraHai="17" who="0" fromWho="1" sc="216,49,245,-39,192,0,337,0" /><INIT seed="3,0,0,0,5,6" ten="265,206,192,337" oya="3" hai0="15,50,43,79,90,63,24,45,40,55,26,49,124" hai1="78,95,18,53,135,88,98,16,25,97,9,56,57" hai2="52,111,86,134,109,80,70,28,122,76,133,31,65" hai3="99,117,66,73,54,82,119,96,2,67,102,115,8"/><W62/><G115/><T129/><D129/><U92/><E78/><V100/><F122/><W64/><G96/><T23/><D124/><U89/><E135/><N who="2" m="51723" /><F100/><W83/><G62/><T44/><D79/><U105/><E105/><V4/><F65/><W3/><G54/><T35/><D35/><U132/><E132/><V30/><F70/><W17/><G73/><T87/><D63/><U60/><E25/><V37/><F37/><W128/><G128/><T94/><D55/><N who="1" m="33855" /><E9/><V93/><F93/><W29/><G29/><T77/><D77/><U74/><E74/><V5/><F52/><W108/><G108/><AGARI ba="0,0" hai="4,5,28,30,31,76,80,86,108,109,111" m="51723" machi="108" ten="40,2600,0" yaku="14,1,20,1" doraHai="6" who="2" fromWho="3" sc="265,0,206,0,192,26,337,-26" /><INIT seed="4,0,0,1,5,101" ten="265,206,218,311" oya="0" hai0="102,33,97,121,26,85,71,4,114,58,69,134,7" hai1="65,122,96,23,82,0,43,81,88,42,25,90,17" hai2="32,83,92,123,61,84,3,1,39,14,15,117,51" hai3="94,75,119,49,72,56,16,100,99,133,107,135,95"/><T2/><D114/><U47/><E0/><V52/><F39/><W64/><G119/><T126/><D126/><U118/><E118/><V30/><F117/><W110/><G110/><T27/><D134/><N who="3" m="51209" /><G16/><T86/><D121/><U48/><E122/><V36/><F36/><W11/><G11/><T132/><D132/><U105/><E65/><V125/><F32/><W21/><G21/><T53/><D71/><U62/><E62/><V111/><F61/><N who="3" m="37927" /><G49/><T37/><D69/><U60/><E60/><V12/><F30/><W103/><G103/><T20/><D37/><U45/><E105/><V63/><F111/><W46/><G46/><T73/><D73/><AGARI ba="0,0" hai="72,73,75,94,95,99,100,107" m="37927,51209" machi="73" ten="30,2000,0" yaku="20,1,52,1" doraHai="101" who="3" fromWho="0" sc="265,-20,206,0,218,0,311,20" /><INIT seed="5,0,0,5,3,109" ten="245,206,218,331" oya="1" hai0="116,112,108,61,23,110,117,84,6,7,115,94,16" hai1="24,35,128,90,62,8,0,47,92,11,19,37,74" hai2="85,76,9,63,58,96,126,82,52,46,12,56,22" hai3="14,25,95,133,44,50,125,78,83,107,69,101,91"/><U33/><E74/><V135/><F135/><W121/><G121/><T34/><D84/><U93/><E128/><V66/><F126/><W54/><G69/><T42/><D61/><U67/><E37/><V59/><F22/><W53/><G125/><T21/><D34/><U118/><E118/><N who="0" m="45673" /><D94/><U20/><E35/><V131/><F131/><W98/><G133/><T104/><D42/><U100/><E33/><V87/><F96/><W49/><G25/><N who="0" m="14503" /><D104/><U18/><E93/><V32/><F32/><W70/><G70/><T17/><D7/><U124/><E124/><V40/><F87/><N who="3" m="52735" /><G50/><T5/><D5/><U77/><E100/><V36/><REACH who="2" step="1"/><F66/><REACH who="2" ten="245,206,208,331" step="2"/><W30/><G98/><T13/><D6/><AGARI ba="0,1" hai="6,9,12,36,40,46,52,56,58,59,63,76,82,85" machi="6" ten="30,8000,1" yaku="1,1,2,1,7,1,54,1,53,1" doraHai="109" doraHaiUra="57" who="2" fromWho="0" sc="245,-80,206,0,208,90,331,0" /><INIT seed="6,0,0,4,4,5" ten="165,206,298,331" oya="2" hai0="95,109,6,46,45,52,72,61,113,124,50,9,35" hai1="104,59,131,71,56,99,103,39,97,119,48,116,70" hai2="27,68,102,108,112,120,10,54,49,125,63,34,128" hai3="41,11,62,57,1,51,74,73,67,110,65,21,107"/><V36/><F120/><W13/><G110/><T135/><D113/><U78/><E39/><V69/><F102/><W133/><G107/><T32/><D109/><U29/><E131/><V96/><F96/><W85/><G133/><T40/><D135/><U38/><E38/><V132/><F132/><W25/><G1/><T114/><D114/><U33/><E78/><V55/><F36/><W129/><G67/><T77/><D124/><U16/><E29/><V60/><F49/><W26/><G26/><T3/><D95/><U81/><E33/><V76/><F27/><W17/><G85/><T121/><D121/><U12/><E81/><V123/><F76/><W117/><G129/><T42/><D61/><U15/><E48/><V8/><F34/><W88/><G88/><T86/><D42/><U90/><E90/><V22/><F123/><W91/><G91/><T118/><D86/><U64/><E64/><V75/><F112/><W44/><REACH who="3" step="1"/><G117/><REACH who="3" ten="165,206,298,321" step="2"/><T58/><D118/><U53/><E104/><V111/><F128/><W2/><G2/><T101/><D101/><U98/><E103/><V7/><F111/><W66/><G66/><T87/><D87/><U83/><E119/><V4/><F108/><W106/><G106/><T43/><D43/><U105/><E116/><V28/><F125/><W92/><G92/><T122/><D122/><U18/><E105/><V115/><F115/><W100/><G100/><T93/><D93/><U130/><E130/><V82/><F82/><W80/><G80/><N who="0" m="45095" /><D40/><U79/><E83/><V94/><F94/><W134/><G134/><T84/><D84/><RYUUKYOKU ba="0,1" sc="165,15,206,-15,298,-15,321,15" hai0="3,6,9,32,35,45,46,50,52,58" hai3="11,13,17,21,25,41,44,51,57,62,65,73,74" /><INIT seed="7,1,1,3,0,26" ten="180,191,283,336" oya="3" hai0="115,35,70,48,2,123,28,112,31,54,53,95,69" hai1="109,117,134,72,86,17,103,76,11,37,44,65,60" hai2="84,126,36,30,27,78,79,108,0,46,129,25,102" hai3="38,39,87,88,121,20,90,49,4,33,107,119,23"/><W29/><G119/><T34/><D123/><U133/><E109/><V50/><F36/><W120/><G107/><T15/><D2/><U22/><E72/><V3/><F108/><W13/><G90/><T125/><D125/><U118/><E103/><V135/><F126/><W91/><G91/><T113/><D15/><N who="1" m="9535" /><E11/><V111/><F135/><N who="1" m="51721" /><E37/><V55/><F3/><W12/><G39/><T51/><D112/><U106/><E44/><V97/><F46/><W74/><G38/><T99/><D95/><U101/><E101/><V89/><F102/><W73/><G74/><T32/><D32/><U40/><E40/><V124/><F124/><W63/><G33/><T131/><REACH who="0" step="1"/><D99/><REACH who="0" ten="170,191,283,336" step="2"/><U81/><E106/><V132/><F97/><W75/><G121/><T71/><D71/><AGARI ba="1,2" hai="60,65,71,76,81,86,117,118" m="51721,9535" machi="71" ten="30,1000,0" yaku="20,1" doraHai="26" who="1" fromWho="0" sc="170,-13,191,33,283,0,336,0" owari="157,-34.0,224,-18.0,283,8.0,336,44.0" /></mjloggm>