<mjloggm ver="2.3"><GO type="169" lobby="0"/><UN n0="%EF%BC%88%E2%89%A7%E2%96%BD%E2%89%A6%EF%BC%89" n1="%E3%81%82%E3%81%8D%E3%81%B4%E3%82%87%E3%82%93" n2="%EF%BC%A6%EF%BC%B8%E9%9B%80%E5%A3%AB" n3="%E3%82%A2%E3%82%AB%E2%98%86%E3%82%A6%E3%83%BC%E3%83%94%E3%83%B3" dan="19,16,18,17" rate="2257.06,2045.04,2199.00,2115.74" sx="M,M,M,M"/><TAIKYOKU oya="0"/><INIT seed="0,0,0,3,0,135" ten="250,250,250,250" oya="0" hai0="112,73,0,110,62,8,89,119,6,23,17,76,63" hai1="1,74,32,28,14,26,117,85,125,78,127,35,102" hai2="10,9,113,80,51,38,81,116,105,134,84,108,123" hai3="45,56,96,106,118,61,104,100,27,60,12,79,21"/><T18/><D119/><U59/><E1/><V15/><F38/><W19/><G118/><T133/><D112/><U16/><E117/><V101/><F113/><W43/><G79/><T66/><D133/><U114/><E114/><V70/><F70/><W128/><G128/><T93/><D110/><U126/><E74/><V50/><F105/><W52/><G61/><T107/><D107/><U20/><E102/><V103/><F108/><W34/><G106/><T91/><D62/><U120/><E120/><V94/><F94/><W67/><G34/><T122/><D122/><U82/><REACH who="1" step="1"/><E59/><REACH who="1" ten="250,240,250,250" step="2"/><V39/><F103/><W131/><G131/><T46/><D73/><U25/><E25/><V37/><F101/><W2/><G2/><T124/><D0/><U92/><E92/><V68/><F123/><W111/><G111/><T33/><D93/><U86/><E86/><V55/><F84/><W54/><REACH who="3" step="1"/><G27/><REACH who="3" ten="250,240,250,240" step="2"/><T97/><D97/><U99/><E99/><V49/><F116/><W11/><G11/><AGARI ba="0,2" hai="11,14,16,20,26,28,32,35,78,82,85,125,126,127" machi="11" ten="40,12000,2" yaku="1,1,18,1,52,3,54,1,53,0" doraHai="135" doraHaiUra="121" who="1" fromWho="3" sc="250,0,240,140,250,0,240,-120" /><INIT seed="1,0,0,3,5,62" ten="250,380,250,120" oya="1" hai0="135,114,100,47,45,20,116,122,102,101,80,81,18" hai1="57,108,120,98,52,131,25,40,111,118,109,11,87" hai2="50,27,78,13,71,29,96,99,54,75,132,133,19" hai3="77,10,14,8,73,12,65,31,38,6,60,106,68"/><U72/><E72/><V43/><F43/><W123/><G123/><T30/><D116/><U63/><E120/><V88/><F71/><W128/><G128/><T134/><D114/><U0/><E118/><V124/><F124/><W2/><G106/><T48/><D30/><U35/><E131/><V117/><F117/><W49/><G38/><T56/><D56/><U15/><E40/><V64/><F75/><W127/><G127/><T17/><D122/><U4/><E98/><V23/><F78/><W67/><G31/><T58/><D58/><U44/><E44/><N who="0" m="16969" /><D48/><U41/><E41/><V39/><F39/><W53/><G65/><T110/><D110/><U121/><E121/><V34/><F64/><W104/><G104/><T42/><D20/><U126/><E126/><V26/><F26/><W97/><G97/><T84/><D84/><U1/><E87/><V94/><F96/><W82/><REACH who="3" step="1"/><G8/><REACH who="3" ten="250,380,250,110" step="2"/><T61/><D135/><U37/><E37/><V21/><F133/><W113/><G113/><T9/><D134/><U5/><E4/><V93/><F132/><W90/><G90/><T66/><D9/><U70/><E70/><V16/><F88/><W85/><G85/><T28/><D28/><AGARI ba="0,1" hai="0,1,5,11,15,25,28,35,52,57,63,108,109,111" machi="28" ten="40,7700,0" yaku="14,1,10,1,54,1" doraHai="62" who="1" fromWho="0" sc="250,-77,380,87,250,0,110,0" /><INIT seed="1,1,0,4,4,84" ten="173,467,250,110" oya="1" hai0="80,91,17,29,34,23,19,106,42,67,20,94,55" hai1="95,32,61,24,128,0,92,110,133,5,15,37,45" hai2="40,123,112,14,66,65,77,30,54,134,127,59,38" hai3="93,103,89,73,118,2,21,72,101,69,25,52,8"/><U87/><E0/><V99/><F30/><W46/><G69/><T62/><D106/><U63/><E128/><V129/><F77/><W90/><G118/><T85/><D42/><U107/><E107/><V117/><F123/><W49/><G73/><T78/><D55/><U76/><E32/><V7/><F112/><W81/><G2/><T27/><D34/><U71/><E24/><V75/><F75/><W10/><G72/><T131/><D131/><U57/><E71/><V41/><F38/><W51/><G81/><T135/><D135/><U120/><E120/><V1/><F41/><N who="3" m="24783" /><G8/><T13/><D29/><U125/><E133/><V36/><F36/><W113/><G10/><T104/><D104/><U130/><E130/><V82/><F40/><W98/><G103/><T126/><D126/><U3/><E3/><V43/><F43/><W121/><G113/><T28/><D28/><U116/><E116/><V48/><F1/><W114/><G114/><T44/><D44/><U108/><E45/><V97/><F127/><W96/><G96/><T4/><D4/><U102/><E37/><V60/><F117/><W18/><G121/><T22/><D22/><U86/><E125/><V122/><F122/><W74/><G74/><T9/><D9/><N who="1" m="4527" /><E102/><V100/><F100/><W79/><G79/><T26/><D13/><U50/><E76/><V6/><F134/><W12/><G12/><T33/><D33/><U35/><E35/><V88/><F129/><W31/><G31/><T115/><D115/><U64/><E63/><N who="2" m="38143" /><F6/><W105/><G105/><T11/><D78/><U109/><E50/><RYUUKYOKU ba="1,0" sc="173,-15,467,15,250,-15,110,15" hai1="57,61,64,86,87,92,95,108,109,110" hai3="18,21,25,51,52,89,90,93,98,101" /><INIT seed="1,2,0,0,0,99" ten="158,482,235,125" oya="1" hai0="74,37,70,125,124,132,32,101,82,67,43,61,1" hai1="79,110,80,118,116,66,129,117,53,33,19,50,107" hai2="3,120,47,21,102,27,69,81,16,40,51,62,95" hai3="83,96,41,72,34,119,114,94,59,75,52,89,77"/><U45/><E33/><V108/><F108/><W60/><G119/><T31/><D1/><U112/><E112/><V38/><F3/><W55/><G34/><T20/><D132/><U17/><E110/><V130/><F130/><W87/><G114/><T104/><D20/><U39/><E129/><V133/><F133/><W131/><G131/><T121/><D121/><U18/><E66/><V57/><F69/><W13/><G41/><T2/><D2/><U88/><E107/><V23/><F81/><W12/><G75/><T49/><D49/><U54/><E39/><V29/><F38/><W8/><G12/><T103/><D82/><U123/><E123/><V15/><F120/><W71/><G71/><T6/><D74/><U11/><E88/><V113/><F113/><W42/><G42/><T135/><D6/><U111/><E111/><V92/><REACH who="2" step="1"/><F102/><REACH who="2" ten="158,482,225,125" step="2"/><W78/><G72/><T26/><D135/><U126/><E126/><N who="0" m="48745" /><D104/><U56/><E117/><V10/><F10/><W91/><REACH who="3" step="1"/><G55/><AGARI ba="2,1" hai="15,16,21,23,27,29,40,47,51,55,57,62,92,95" machi="55" ten="30,7700,0" yaku="1,1,7,1,8,1,54,1,53,0" doraHai="99" doraHaiUra="97" who="2" fromWho="3" sc="158,0,482,0,225,93,125,-83" /><INIT seed="2,0,0,2,0,55" ten="158,482,318,42" oya="2" hai0="46,126,47,44,33,59,60,24,0,9,23,119,134" hai1="74,25,41,112,3,77,90,93,53,10,64,49,116" hai2="95,61,17,86,131,98,87,79,2,92,65,63,34" hai3="97,129,32,101,70,29,21,110,13,67,75,1,133"/><V27/><F2/><W123/><G1/><T132/><D33/><U80/><E116/><V16/><F131/><W19/><G123/><T56/><D119/><U109/><E112/><V6/><F6/><W51/><G75/><T30/><D126/><U100/><E64/><V122/><F122/><W72/><G72/><T121/><D121/><U104/><E41/><V120/><F120/><W115/><G129/><T38/><D38/><U135/><E135/><N who="0" m="51753" /><D60/><U88/><E90/><N who="2" m="53335" /><F34/><W83/><G115/><T18/><D0/><U99/><E25/><V125/><F125/><W35/><G133/><T20/><D9/><U39/><E39/><V113/><F27/><AGARI ba="0,0" hai="18,20,23,24,27,30,44,46,47,56,59" m="51753" machi="27" ten="30,3900,0" yaku="20,1,52,2" doraHai="55" who="0" fromWho="2" sc="158,39,482,0,318,-39,42,0" /><INIT seed="3,0,0,0,4,52" ten="197,482,279,42" oya="3" hai0="128,13,127,4,36,61,51,3,2,57,117,104,77" hai1="44,70,35,33,5,50,78,58,99,98,121,122,21" hai2="101,0,25,130,43,55,87,53,8,23,76,111,123" hai3="93,67,47,18,79,83,68,72,82,38,102,110,26"/><W92/><G110/><T56/><D36/><U94/><E70/><V65/><F123/><W64/><G83/><T66/><D117/><U88/><E78/><V113/><F43/><W118/><G118/><T119/><D119/><U46/><E121/><V40/><F40/><W120/><G120/><T6/><D104/><U69/><E69/><V135/><F113/><W11/><G102/><T129/><D77/><U54/><E122/><V132/><F0/><N who="0" m="42" /><D13/><U28/><E33/><V115/><F111/><W86/><G72/><T30/><D30/><U73/><E35/><V62/><F101/><W124/><G124/><T59/><D51/><U106/><E73/><V90/><F76/><W126/><G126/><T9/><D9/><U12/><E106/><V75/><F8/><W20/><G11/><T97/><D97/><U131/><E99/><V42/><F87/><W71/><G71/><N who="0" m="42447" /><D127/><U89/><E89/><V22/><F90/><W116/><G116/><T15/><D15/><U125/><E125/><V133/><F75/><W29/><G29/><T107/><D107/><U103/><E5/><V81/><F133/><W63/><REACH who="3" step="1"/><G67/><REACH who="3" ten="197,482,279,32" step="2"/><T1/><D1/><U31/><E28/><V105/><F65/><W95/><G95/><T134/><D134/><U100/><E31/><V114/><F105/><W109/><G109/><T19/><D19/><U32/><E100/><V112/><F132/><W39/><G39/><T85/><D85/><U34/><E103/><V17/><F135/><W74/><G74/><T27/><D4/><U49/><E94/><V108/><F114/><W16/><G16/><RYUUKYOKU ba="0,1" sc="197,-10,482,-10,279,-10,32,30" hai3="18,20,26,38,47,63,64,68,79,82,86,92,93" /><INIT seed="3,1,1,5,4,89" ten="187,472,269,62" oya="3" hai0="100,55,78,123,19,57,96,72,34,13,102,90,77" hai1="56,61,74,40,84,86,31,63,131,58,115,83,94" hai2="50,119,117,85,69,112,109,62,12,18,41,59,46" hai3="47,27,54,23,80,43,108,120,2,49,105,68,129"/><W64/><G120/><T66/><D34/><U122/><E122/><V38/><F112/><W0/><G105/><T71/><D123/><U104/><E104/><V10/><F109/><W45/><G108/><T95/><D71/><U42/><E115/><V32/><F32/><W39/><G129/><T70/><D70/><U51/><E74/><V3/><F3/><W114/><G114/><T33/><D66/><N who="1" m="39207" /><E31/><V79/><F79/><N who="0" m="30218" /><D33/><U21/><E131/><V67/><F85/><W135/><G135/><T17/><D72/><U7/><E7/><V26/><F26/><W35/><G35/><T28/><D28/><U1/><E1/><V5/><F5/><W127/><G80/><T65/><D65/><N who="1" m="39159" /><E86/><V4/><F4/><W60/><REACH who="3" step="1"/><G127/><REACH who="3" ten="187,472,269,52" step="2"/><T87/><D13/><U53/><E83/><V15/><F12/><W48/><G48/><N who="0" m="30951" /><D102/><U52/><E51/><V125/><F125/><W106/><G106/><T99/><D100/><U126/><E126/><V103/><F103/><W73/><G73/><T101/><D101/><U76/><E76/><V113/><F113/><W97/><G97/><AGARI ba="1,2" hai="17,19,87,90,95,96,97,99" m="30951,30218" machi="97" ten="30,2000,0" yaku="8,1,52,1" doraHai="89" who="0" fromWho="3" sc="187,43,472,0,269,0,52,-23" /><INIT seed="4,0,0,1,1,91" ten="230,472,269,29" oya="0" hai0="128,97,19,43,70,1,125,63,67,8,18,116,44" hai1="127,9,21,35,118,13,79,123,38,80,135,14,55" hai2="25,61,85,36,106,16,133,29,11,6,33,49,78" hai3="2,112,84,119,76,24,45,117,89,58,98,69,31"/><T96/><D116/><U88/><E118/><V5/><F36/><W102/><G69/><T86/><D128/><U27/><E123/><V82/><F106/><W71/><G71/><T94/><D125/><U34/><E38/><V74/><F133/><W129/><G112/><T40/><D86/><U130/><E135/><V59/><F49/><W101/><G2/><T105/><D105/><U51/><E127/><V115/><F115/><W22/><G129/><T77/><D77/><U17/><E130/><V26/><F74/><W122/><G122/><T134/><D134/><U53/><E14/><V72/><F72/><W52/><G76/><T108/><D108/><U20/><E20/><V7/><F25/><W3/><G45/><T81/><D81/><U64/><E64/><V99/><F99/><W109/><G101/><T95/><D96/><U113/><E113/><V42/><F42/><W68/><G68/><T75/><D75/><U93/><E79/><V10/><F16/><W114/><G3/><T107/><D107/><U65/><E65/><V92/><F82/><W110/><G114/><T23/><D1/><U131/><E131/><V28/><F78/><W57/><G117/><T100/><D44/><U66/><E66/><V48/><F29/><W83/><G119/><T15/><REACH who="0" step="1"/><D95/><REACH who="0" ten="220,472,269,29" step="2"/><U104/><E80/><V56/><F92/><N who="3" m="58695" /><G110/><T126/><D126/><U37/><E104/><V60/><F85/><W30/><G109/><T111/><D111/><U121/><E121/><V87/><F87/><W47/><G31/><T46/><D46/><U39/><E93/><V4/><F28/><RYUUKYOKU ba="0,1" sc="220,15,472,-15,269,-15,29,15" hai0="8,15,18,19,23,40,43,63,67,70,94,97,100" hai3="22,24,30,47,52,57,58,83,84,89" /><INIT seed="4,1,1,3,0,52" ten="235,457,254,44" oya="0" hai0="121,117,16,79,83,98,65,84,50,22,72,29,93" hai1="25,94,35,56,43,9,82,14,75,127,73,37,11" hai2="68,34,101,17,32,26,30,55,134,49,128,12,53" hai3="63,74,106,15,104,46,78,33,67,113,112,108,118"/><T99/><D121/><U130/><E37/><V61/><F128/><W91/><G108/><T125/><D117/><U88/><E43/><V97/><F134/><W105/><G118/><T48/><D125/><U6/><E127/><V1/><F1/><W20/><G33/><T5/><D5/><U103/><E130/><V24/><F24/><W126/><G126/><T13/><D29/><U102/><E75/><V96/><F96/><W124/><G124/><T28/><D28/><U95/><E35/><V116/><F34/><W80/><G91/><T122/><D122/><U44/><E44/><V42/><F116/><W40/><G20/><T120/><D120/><U135/><E135/><V86/><F86/><W90/><G90/><T110/><D65/><U58/><E25/><V123/><F68/><W27/><G15/><T70/><D70/><U59/><E11/><V89/><F89/><W131/><G27/><T64/><D64/><U119/><E119/><V21/><F61/><W132/><G132/><T92/><D110/><U51/><E51/><N who="0" m="19497" /><D72/><U2/><E2/><V19/><F19/><W10/><G10/><T36/><D36/><U87/><E73/><V8/><F32/><W41/><G131/><T45/><D45/><U115/><E115/><N who="3" m="44106" /><G46/><T77/><D77/><U76/><E76/><V114/><F114/><W38/><G38/><T60/><D60/><U54/><E54/><V107/><F123/><W69/><AGARI ba="1,1" hai="40,41,63,67,69,74,78,80,104,105,106" m="44106" machi="69" ten="40,1500,0" yaku="15,1" doraHai="52" who="3" fromWho="3" sc="235,-8,457,-5,254,-5,44,28" /><INIT seed="5,0,0,4,0,29" ten="227,452,249,72" oya="1" hai0="112,105,3,93,126,114,21,133,14,22,2,80,69" hai1="51,6,39,110,45,73,122,28,50,64,23,0,108" hai2="128,56,96,63,52,38,17,60,90,15,30,47,132" hai3="98,125,127,83,33,113,26,11,91,49,115,70,16"/><U62/><E122/><V5/><F132/><W85/><G70/><T130/><D105/><U89/><E73/><V48/><F128/><W18/><G49/><T35/><D69/><U119/><E119/><V9/><F30/><N who="3" m="19671" /><G98/><T121/><D130/><U129/><E129/><V99/><F38/><W7/><G91/><T120/><D133/><U44/><E89/><V81/><F60/><W13/><G83/><T36/><D36/><U84/><E84/><N who="2" m="50447" /><F5/><W55/><G55/><AGARI ba="0,0" hai="9,15,17,47,48,52,55,56,63,96,99" m="50447" machi="55" ten="30,3900,0" yaku="25,1,8,1,54,1" doraHai="29" who="2" fromWho="3" sc="227,0,452,0,249,39,72,-39" /><INIT seed="6,0,0,1,0,55" ten="227,452,288,33" oya="2" hai0="88,58,95,68,122,9,31,42,108,103,0,8,51" hai1="2,119,87,61,83,25,129,112,74,43,117,115,106" hai2="30,47,10,33,44,67,37,127,130,14,125,120,73" hai3="84,100,35,90,91,96,126,105,116,12,134,56,128"/><V32/><F73/><W81/><G35/><N who="2" m="13385" /><F30/><W80/><G116/><T4/><D68/><U6/><E106/><V111/><F37/><W124/><G12/><T53/><D108/><U97/><E74/><V82/><F82/><W99/><G56/><T78/><D122/><U132/><E97/><V98/><F98/><W113/><G134/><T109/><D109/><U94/><E132/><V27/><F27/><W131/><G113/><N who="1" m="43594" /><E94/><V11/><F11/><W23/><G23/><T60/><D31/><U63/><E25/><V28/><F28/><W21/><G21/><T17/><D78/><N who="1" m="46583" /><E43/><V13/><F13/><W57/><G57/><T38/><D38/><U49/><E6/><V59/><F120/><W15/><G15/><T39/><D39/><U133/><E133/><V101/><F111/><W69/><G69/><T22/><D103/><U24/><E24/><V64/><F101/><W118/><G118/><T45/><D4/><U7/><E7/><V46/><F14/><W5/><G5/><T107/><D107/><U65/><E119/><V121/><F121/><W18/><G18/><T52/><D0/><U16/><E2/><V114/><F10/><N who="0" m="4202" /><D22/><U77/><E117/><V135/><F135/><W62/><G62/><T29/><D29/><U123/><E123/><V76/><F114/><W50/><G105/><T34/><D17/><U41/><E16/><V79/><F59/><W72/><G100/><T20/><D20/><U92/><E77/><N who="2" m="29771" /><F130/><W104/><G104/><T102/><D102/><U48/><E129/><V3/><F3/><W19/><G131/><T93/><D34/><RYUUKYOKU ba="0,0" sc="227,-10,452,-10,288,30,33,-10" hai2="44,46,47,64,67,125,127" /><INIT seed="6,1,0,2,2,25" ten="217,442,318,23" oya="2" hai0="82,59,11,3,20,6,64,40,115,71,70,34,52" hai1="51,127,92,67,89,122,29,76,27,74,31,85,10" hai2="26,83,43,15,66,81,93,12,38,107,126,120,98" hai3="30,41,21,58,95,129,94,96,39,17,101,45,116"/><V106/><F120/><W56/><G116/><T132/><D34/><U103/><E67/><V62/><F126/><W99/><G129/><T9/><D132/><U19/><E127/><V18/><F106/><W128/><G128/><T131/><D131/><U88/><E122/><V24/><F107/><W57/><G17/><T46/><D115/><U80/><E103/><V118/><F15/><W86/><G86/><T90/><D64/><U35/><E89/><V32/><F26/><W119/><G119/><T36/><D11/><U102/><E102/><V111/><F111/><W37/><G37/><T55/><D20/><U72/><E35/><V100/><F118/><W65/><G99/><T117/><D117/><U134/><E134/><V97/><F97/><W47/><G47/><T53/><REACH who="0" step="1"/><D59/><REACH who="0" ten="207,442,318,23" step="2"/><U124/><E124/><V61/><F66/><W16/><G95/><T7/><D7/><U8/><E10/><V4/><F4/><W110/><G110/><T14/><D14/><U121/><E8/><V60/><F12/><W133/><G133/><T91/><D91/><U77/><E121/><V109/><F32/><W63/><REACH who="3" step="1"/><G30/><REACH who="3" ten="207,442,318,13" step="2"/><T87/><AGARI ba="1,2" hai="3,6,9,36,40,46,52,53,55,70,71,82,87,90" machi="87" ten="30,4000,0" yaku="1,1,0,1,54,1,53,0" doraHai="25" doraHaiUra="28" who="0" fromWho="0" sc="207,63,442,-11,318,-21,13,-11" /><INIT seed="7,0,0,4,3,31" ten="270,431,297,2" oya="3" hai0="9,62,80,98,2,71,109,36,67,90,27,41,45" hai1="87,113,40,28,86,130,131,77,29,73,66,119,117" hai2="20,43,38,49,81,100,114,55,94,58,85,47,74" hai3="79,22,39,4,115,6,106,76,37,96,14,8,19"/><W134/><G115/><T42/><D109/><U125/><E113/><V123/><F114/><W121/><G121/><T26/><D41/><U59/><E40/><V102/><F74/><W93/><G106/><T124/><D124/><U72/><E125/><V51/><F94/><W75/><G134/><T78/><D90/><U52/><E66/><V107/><F123/><W54/><G6/><T92/><D92/><U132/><E132/><V70/><F70/><W60/><G75/><T5/><REACH who="0" step="1"/><D98/><REACH who="0" ten="260,431,297,2" step="2"/><U89/><E117/><V1/><F38/><W50/><G39/><T46/><D46/><U11/><E119/><V68/><F107/><W61/><G37/><T69/><D69/><U35/><E73/><AGARI ba="0,1" hai="2,5,9,26,27,36,42,45,62,67,71,73,78,80" machi="73" ten="30,12000,2" yaku="1,1,7,1,25,2,53,2" doraHai="31" doraHaiUra="21" who="0" fromWho="1" sc="260,130,431,-120,297,0,2,0" owari="390,49.0,311,11.0,297,-10.0,2,-50.0" /></mjloggm>