<mjloggm ver="2.3"><GO type="137"/><UN n0="%52%59%4F%4A%49" n1="%E3%83%88%E3%83%84%E3%83%88%E3%83%84" n2="%EF%BC%88%E2%89%A7%E2%96%BD%E2%89%A6%EF%BC%89" n3="%61%63%69%72%75%79" dan="10,11,11,10" rate="1468,1572,1937,1397" sx="M,M,M,F"/><TAIKYOKU oya="0"/><INIT seed="0,0,0,0,5,13" ten="250,250,250,250" oya="0" hai0="104,80,133,129,86,23,66,24,39,135,70,108,90" hai1="17,94,43,83,81,19,46,41,25,56,9,120,116" hai2="54,0,3,21,106,5,27,37,67,74,92,96,119" hai3="99,75,48,65,30,73,62,95,76,7,134,112,110"/><T33/><D104/><U47/><E116/><V28/><F74/><W59/><G112/><T115/><D115/><U58/><E120/><V53/><F119/><W32/><G134/><N who="0" m="51211" /><D39/><U102/><E102/><V72/><F72/><W20/><G48/><T1/><D33/><U35/><E9/><V97/><F37/><W84/><G110/><T6/><D129/><U124/><E94/><V49/><F67/><W100/><G7/><T118/><D118/><U45/><E124/><V93/><F106/><W71/><G71/><T10/><D66/><U15/><E35/><V44/><F54/><W127/><G127/><T51/><D51/><U121/><E121/><V61/><F61/><W40/><G40/><N who="1" m="15434" /><E15/><V125/><F125/><W64/><G65/><T101/><D101/><U36/><E25/><V52/><F53/><W131/><G131/><T34/><D34/><U50/><E36/><V123/><F123/><W105/><G105/><T107/><D107/><U111/><E111/><V130/><F130/><W132/><G132/><T126/><D126/><U38/><E38/><V11/><REACH who="2" step="1"/><F0/><REACH who="2" step="2"/><W82/><G20/><T77/><D108/><U85/><E50/><V91/><F91/><W68/><G59/><N who="1" m="22570" /><E85/><V4/><F4/><W63/><G62/><T122/><D122/><U88/><E88/><V117/><F117/><W55/><G55/><T109/><D109/><U14/><E14/><V12/><F12/><W103/><G100/><T57/><D70/><U8/><E8/><V22/><F22/><W18/><G18/><AGARI ba="0,1" hai="17,18,19,45,46,47,81,83" m="22570,15434" machi="18" ten="30,12000,2" yaku="28,2,8,1,52,3" doraHai="13" who="1" fromWho="3" sc="250,0,250,130,240,0,250,-120" /><INIT seed="1,0,0,2,2,89" ten="250,380,240,130" oya="1" hai0="75,10,34,116,108,127,109,98,63,28,16,7,84" hai1="1,113,72,87,81,36,38,69,24,126,25,114,93" hai2="104,22,80,5,112,55,20,56,74,133,42,12,61" hai3="57,8,77,118,103,68,88,54,17,6,59,15,85"/><U96/><E72/><V92/><F104/><W121/><G121/><T26/><D75/><U128/><E69/><V110/><F133/><W39/><G39/><T70/><D116/><U65/><E1/><V119/><F119/><W3/><G118/><T51/><D127/><U33/><E126/><V2/><F2/><W101/><G68/><T94/><D70/><U67/><E128/><V117/><F117/><W18/><G17/><T130/><D130/><U106/><E106/><V66/><F112/><W31/><G31/><T0/><D84/><U4/><E36/><V41/><F110/><N who="0" m="42602" /><D63/><U53/><E38/><V111/><F111/><W91/><G77/><T82/><D82/><U122/><E122/><V14/><F74/><W50/><G59/><T35/><D51/><U21/><E114/><V120/><F120/><W9/><REACH who="3" step="1"/><G91/><REACH who="3" step="2"/><N who="0" m="55647" /><D35/><U79/><E113/><V100/><F56/><W73/><G73/><T105/><D105/><U47/><E4/><V115/><F5/><W30/><G30/><T86/><D86/><U64/><E33/><V46/><F115/><W134/><G134/><T102/><D102/><N who="1" m="60687" /><E21/><V44/><F20/><W23/><G23/><T129/><D129/><U37/><E37/><V71/><F22/><W132/><G132/><T48/><D48/><AGARI ba="0,1" hai="24,25,47,48,53,64,65,67,79,81,87" m="60687" machi="48" ten="30,2900,0" yaku="8,1,52,1" doraHai="89" who="1" fromWho="0" sc="250,-29,380,39,240,0,120,0" /><INIT seed="1,1,0,5,3,63" ten="221,419,240,120" oya="1" hai0="1,96,18,50,60,106,3,74,76,37,105,133,42" hai1="47,89,120,109,110,21,6,15,59,48,81,97,39" hai2="86,53,61,98,131,4,23,57,90,128,71,31,66" hai3="126,130,119,12,107,132,36,38,45,75,62,0,58"/><U29/><E120/><V24/><F4/><W33/><RYUUKYOKU type="yao9" ba="1,0" sc="221,0,419,0,240,0,120,0" hai3="0,12,33,36,38,45,58,62,75,107,119,126,130,132" /><INIT seed="1,2,0,0,0,105" ten="221,419,240,120" oya="1" hai0="131,60,88,58,69,25,93,106,111,64,1,47,92" hai1="113,13,107,26,62,101,78,52,53,80,22,86,121" hai2="115,75,35,110,132,55,99,109,61,94,4,120,100" hai3="44,12,97,46,36,37,127,126,82,65,90,54,9"/><U87/><E121/><V130/><F120/><W57/><G97/><T63/><D1/><U50/><E113/><V124/><F115/><W3/><G3/><T20/><D106/><U117/><E117/><V51/><F35/><W116/><G90/><T33/><D33/><U95/><E107/><V103/><F132/><W123/><G123/><T125/><D131/><U84/><E13/><V8/><F130/><W23/><G23/><T16/><D111/><N who="2" m="42506" /><F124/><N who="3" m="47659" /><G82/><T15/><D125/><U129/><E129/><V14/><F61/><W24/><G24/><T77/><D77/><U114/><E114/><V34/><F34/><W31/><G31/><T79/><D79/><U2/><E2/><V96/><F75/><W56/><G9/><T74/><D74/><U6/><E6/><V118/><F118/><W11/><G11/><T81/><D47/><N who="3" m="17961" /><G12/><T42/><D42/><U83/><E101/><N who="2" m="60567" /><F99/><W134/><G134/><T29/><D81/><U91/><E62/><V66/><F66/><W98/><G116/><T28/><D63/><U18/><E50/><V59/><AGARI ba="2,0" hai="4,8,14,51,55,59,100,103" m="60567,42506" machi="59" ten="30,1100,0" yaku="14,1" doraHai="105" who="2" fromWho="2" sc="221,-5,419,-7,240,17,120,-5" /><INIT seed="2,0,0,3,0,105" ten="216,412,257,115" oya="2" hai0="20,30,62,48,33,29,68,43,66,76,6,134,83" hai1="5,110,118,94,45,72,25,4,53,44,35,78,125" hai2="54,127,82,98,58,63,24,61,111,34,65,92,121" hai3="23,27,12,130,99,104,102,88,107,106,81,80,28"/><V71/><F121/><W55/><G12/><T86/><D134/><U124/><E118/><V126/><F111/><W59/><G130/><T32/><D6/><U116/><E116/><V57/><F82/><W67/><G67/><T47/><REACH who="0" step="1"/><D20/><REACH who="0" step="2"/><U122/><E122/><V51/><F34/><AGARI ba="0,1" hai="29,30,32,33,34,43,47,48,62,66,68,76,83,86" machi="34" ten="40,2600,0" yaku="1,1,2,1,53,0" doraHai="105" doraHaiUra="112" who="0" fromWho="2" sc="206,36,412,0,257,-26,115,0" /><INIT seed="3,0,0,2,3,24" ten="242,412,231,115" oya="3" hai0="43,105,122,30,15,68,5,103,58,27,132,135,11" hai1="45,107,115,16,111,3,117,60,12,110,69,39,100" hai2="67,106,22,70,62,57,34,88,133,21,26,48,56" hai3="10,23,90,38,33,49,8,99,25,92,4,28,130"/><W95/><G38/><T55/><D68/><U101/><E3/><V104/><F133/><N who="0" m="51274" /><D43/><U17/><E117/><V6/><F6/><W54/><G95/><T61/><D105/><U84/><E115/><V29/><F70/><W81/><G130/><T134/><N who="0" m="51282" /><T129/><DORA hai="44" /><D122/><U82/><E69/><V52/><REACH who="2" step="1"/><F88/><REACH who="2" step="2"/><W80/><G33/><N who="0" m="20703" /><D103/><N who="1" m="39499" /><E107/><AGARI ba="0,1" hai="21,22,26,29,34,48,52,56,57,62,67,104,106,107" machi="107" ten="40,8000,1" yaku="1,1,52,2,54,1,53,0" doraHai="24,44" doraHaiUra="75,72" who="2" fromWho="1" sc="242,0,412,-80,221,90,115,0" /><INIT seed="4,0,0,4,3,116" ten="242,332,311,115" oya="0" hai0="54,130,81,5,7,40,105,121,129,11,65,41,135" hai1="134,34,128,71,109,89,72,19,73,14,51,78,117" hai2="15,126,124,95,107,62,21,56,20,101,127,49,94" hai3="55,50,4,99,67,32,96,48,114,10,70,108,37"/><T33/><D105/><U88/><E117/><V97/><F49/><W133/><G108/><T98/><D33/><U63/><E109/><V57/><F57/><W75/><G75/><T125/><D121/><U23/><E34/><V111/><F111/><W120/><G37/><T119/><D65/><U43/><E134/><V79/><F79/><W46/><G133/><T16/><D119/><U18/><E128/><N who="0" m="49257" /><D135/><U64/><E43/><N who="0" m="16457" /><D125/><U131/><E131/><V84/><F15/><W36/><G36/><T87/><D98/><U30/><E30/><V3/><F3/><W113/><G32/><T38/><D38/><U118/><E118/><V132/><F132/><W85/><G48/><T115/><D115/><N who="3" m="44041" /><G67/><T13/><D54/><U52/><E73/><V59/><F59/><W92/><G70/><T60/><D60/><U8/><E78/><AGARI ba="0,0" hai="5,7,11,13,16,78,81,87" m="16457,49257" machi="78" ten="30,2900,0" yaku="19,1,54,1" doraHai="116" who="0" fromWho="1" sc="242,29,332,-29,311,0,115,0" /><INIT seed="4,1,0,2,5,109" ten="271,303,311,115" oya="0" hai0="87,33,122,38,81,39,16,93,128,3,97,123,12" hai1="5,68,18,127,56,82,107,90,88,106,114,91,104" hai2="121,100,65,11,67,111,72,124,48,13,94,54,117" hai3="34,130,6,98,62,85,133,29,1,47,131,73,19"/><T64/><D33/><U45/><E114/><V132/><F121/><W79/><G133/><T105/><D3/><U20/><E127/><V129/><F72/><W125/><G125/><T66/><D128/><N who="3" m="49193" /><G34/><T63/><D105/><U4/><E68/><V113/><F124/><W51/><G29/><T27/><D27/><U116/><E116/><V21/><F117/><W71/><G71/><T9/><D39/><U55/><E45/><V7/><F111/><W23/><G73/><T80/><D38/><U49/><REACH who="1" step="1"/><E82/><REACH who="1" step="2"/><V52/><F113/><W60/><G98/><T25/><D123/><U0/><E0/><V31/><F132/><W77/><G1/><T28/><D122/><U53/><E53/><V57/><F129/><W102/><G6/><T24/><D81/><U115/><E115/><V95/><F54/><W10/><G10/><T30/><D64/><N who="2" m="24650" /><F100/><W17/><G102/><N who="0" m="60719" /><D66/><U40/><E40/><V74/><F74/><W15/><G17/><T135/><D135/><U99/><E99/><V103/><F103/><W78/><G85/><T8/><D8/><U2/><E2/><V26/><AGARI ba="1,1" hai="7,11,13,21,26,31,48,52,57,94,95" m="24650" machi="26" ten="30,2000,0" yaku="8,1,54,1" doraHai="109" who="2" fromWho="2" sc="271,-11,293,-6,311,33,115,-6" /><INIT seed="5,0,0,2,2,115" ten="260,287,344,109" oya="1" hai0="66,61,110,132,134,58,133,49,91,52,15,122,125" hai1="31,8,104,4,10,92,41,45,78,12,32,14,19" hai2="37,86,3,89,119,80,96,117,108,129,113,85,6" hai3="112,75,130,57,40,54,103,76,28,21,39,0,124"/><U46/><E104/><V100/><F108/><W105/><G112/><T114/><D110/><U50/><E32/><V56/><F37/><W62/><G0/><T87/><D114/><U69/><E31/><V7/><F113/><W26/><G75/><T29/><D29/><U64/><E69/><V63/><F129/><W43/><G76/><T9/><D122/><U84/><E64/><V30/><F30/><W101/><G130/><T2/><D125/><U98/><E78/><V55/><F86/><W126/><G39/><T59/><D2/><U27/><E27/><V17/><F17/><W118/><G105/><T135/><N who="0" m="34304" /><DORA hai="82" /><T38/><D38/><U65/><E65/><V73/><F73/><W127/><REACH who="3" step="1"/><G118/><REACH who="3" step="2"/><T97/><D97/><U68/><E68/><V123/><F123/><W111/><G111/><T79/><D79/><U74/><E74/><V131/><F131/><W77/><G77/><T20/><D20/><U16/><E4/><V106/><F7/><W11/><G11/><T51/><D9/><U81/><E41/><AGARI ba="0,1" hai="21,26,28,40,41,43,54,57,62,101,103,124,126,127" machi="41" ten="40,2600,0" yaku="1,1,18,1,53,0" doraHai="115,82" doraHaiUra="35,95" who="3" fromWho="1" sc="260,0,287,-26,344,0,99,36" /><INIT seed="6,0,0,0,3,128" ten="260,261,344,135" oya="2" hai0="109,127,97,61,25,16,86,44,106,69,126,65,115" hai1="49,7,12,26,67,73,62,74,28,58,63,82,119" hai2="100,6,43,107,33,46,89,59,9,34,84,5,15" hai3="48,123,20,13,68,37,79,24,95,17,108,45,52"/><V129/><F129/><W30/><G123/><T117/><D109/><U135/><E119/><V29/><F5/><W4/><G108/><T36/><D117/><U125/><E125/><V132/><F29/><W75/><G4/><T90/><D115/><U102/><E102/><V31/><F31/><W22/><G68/><T77/><D77/><U11/><E49/><V80/><F59/><W70/><G70/><T103/><D36/><U85/><E135/><V114/><F132/><W50/><G37/><T93/><D44/><U47/><E47/><V111/><F114/><W78/><G50/><T120/><REACH who="0" step="1"/><D120/><REACH who="0" step="2"/><U0/><E0/><V105/><F111/><W53/><G53/><T18/><D18/><U64/><E28/><V94/><F46/><W38/><G38/><T118/><D118/><U40/><E40/><V35/><F43/><W121/><G121/><T96/><D96/><U112/><E112/><V110/><F110/><W42/><G42/><T66/><D66/><U56/><E26/><V71/><F6/><W122/><G122/><T8/><D8/><U23/><REACH who="1" step="1"/><E23/><AGARI ba="0,1" hai="16,23,25,61,65,69,86,90,93,97,103,106,126,127" machi="23" ten="40,5200,0" yaku="1,1,54,1,53,1" doraHai="128" doraHaiUra="19" who="0" fromWho="1" sc="250,62,261,-52,344,0,135,0" /><INIT seed="7,0,0,5,0,59" ten="312,209,344,135" oya="3" hai0="49,84,25,24,87,5,98,19,91,40,70,46,135" hai1="39,119,18,54,123,90,30,43,131,108,66,102,86" hai2="34,126,73,11,56,9,117,61,33,103,1,134,45" hai3="58,32,36,127,124,4,77,14,26,110,7,106,37"/><W12/><G106/><T71/><D135/><U8/><E123/><V83/><F117/><W62/><G77/><T20/><D5/><N who="3" m="2121" /><G110/><T94/><REACH who="0" step="1"/><D25/><REACH who="0" step="2"/><U130/><E108/><V121/><F134/><W13/><G26/><T6/><D6/><U120/><E119/><V53/><F121/><W88/><G88/><T122/><D122/><U21/><E120/><V85/><F1/><W133/><G133/><T104/><D104/><U82/><E131/><V16/><F126/><N who="3" m="48171" /><G32/><T64/><D64/><AGARI ba="0,1" hai="12,13,14,36,37,58,62,64" m="48171,2121" machi="64" ten="30,2900,0" yaku="18,1,52,1" doraHai="59" who="3" fromWho="0" sc="302,-29,209,0,344,0,135,39" /><INIT seed="7,1,0,2,0,19" ten="273,209,344,174" oya="3" hai0="58,59,56,63,42,23,5,64,128,39,133,62,85" hai1="53,55,22,122,115,82,97,20,98,116,34,74,46" hai2="76,49,92,81,100,105,109,21,119,95,113,61,12" hai3="27,3,51,118,35,29,41,88,44,89,24,43,66"/><W75/><G118/><T30/><D85/><U103/><E122/><V120/><F119/><W0/><G75/><T45/><D5/><U28/><E116/><V71/><F109/><W132/><G66/><T8/><D30/><U31/><E115/><V101/><F120/><W57/><G57/><T111/><D8/><U129/><E129/><V123/><F123/><W102/><G102/><N who="2" m="39529" /><F105/><W48/><G132/><T67/><D23/><N who="1" m="8747" /><E34/><V68/><F113/><W4/><G35/><T80/><D80/><U127/><E74/><N who="2" m="43159" /><F49/><N who="3" m="19019" /><G4/><T134/><D111/><U108/><E127/><V7/><F71/><W65/><G65/><N who="0" m="25163" /><D128/><U10/><E108/><V37/><F37/><W54/><G54/><N who="1" m="20490" /><E46/><V14/><F68/><W11/><G44/><T121/><D121/><U86/><E10/><V1/><F1/><N who="3" m="587" /><G11/><T13/><D13/><U84/><E103/><V90/><F14/><W32/><G32/><T110/><D110/><U33/><E33/><V114/><F12/><W40/><G29/><N who="1" m="11338" /><E82/><V9/><F9/><W2/><N who="3" m="595" /><W125/><DORA hai="130" /><G125/><T73/><D73/><U69/><E69/><V47/><F47/><W112/><G112/><T96/><D96/><AGARI ba="1,0" hai="84,86,96,97,98" m="11338,20490,8747" machi="96" ten="30,12000,2" yaku="28,2,8,1,52,3" doraHai="19,130" who="1" fromWho="0" sc="273,-123,209,123,344,0,174,0" owari="150,-35,332,13,344,45,174,-23" /></mjloggm>