<mjloggm ver="2.3"><GO type="169"/><UN n0="%E3%83%AA%E3%83%BC%E3%83%81%EF%BC%91" n1="%EF%BC%88%E2%89%A7%E2%96%BD%E2%89%A6%EF%BC%89" n2="%E3%81%97%E3%81%8A%E3%82%84%E3%81%A0%E3%82%93" n3="%E5%88%BB%E5%AD%90%E5%B8%82%E6%B0%91" dan="16,16,16,16" rate="2123,2079,2136,2077" sx="M,M,M,M"/><TAIKYOKU oya="0"/><INIT seed="0,0,0,3,3,0" ten="250,250,250,250" oya="0" hai0="106,121,14,31,42,113,25,50,23,55,99,94,73" hai1="13,109,134,5,48,59,91,84,29,65,127,33,118" hai2="103,93,61,97,131,10,16,54,27,34,28,8,119" hai3="17,89,117,52,76,78,104,108,45,135,96,3,116"/><T74/><D106/><U47/><E118/><V9/><F119/><W30/><G30/><T110/><D121/><U18/><E127/><V79/><F79/><W115/><G3/><T82/><D113/><U80/><E134/><V71/><F131/><W15/><G115/><T92/><D110/><U20/><E109/><V85/><F85/><W86/><G108/><T26/><D42/><U43/><E33/><V60/><F60/><W57/><G135/><T101/><D26/><U21/><E5/><V68/><F54/><W2/><G2/><T70/><D70/><U40/><E40/><V12/><REACH who="2" step="1"/><F61/><REACH who="2" ten="250,250,240,250" step="2"/><W102/><G116/><T36/><D74/><U19/><E65/><V77/><F77/><W66/><G66/><T69/><D73/><U124/><E124/><V107/><F107/><W32/><G117/><T37/><D82/><U4/><E59/><V90/><F90/><W126/><G57/><T41/><D94/><U51/><E91/><V125/><F125/><W130/><G126/><T111/><D69/><AGARI ba="0,1" hai="8,9,10,12,16,27,28,34,68,69,71,93,97,103" machi="69" ten="40,2600,0" yaku="1,1,54,1,53,0" doraHai="0" doraHaiUra="87" who="2" fromWho="0" sc="250,-26,250,0,240,36,250,0" /><INIT seed="1,0,0,4,4,74" ten="224,250,276,250" oya="1" hai0="59,44,38,46,13,97,127,36,42,109,54,107,102" hai1="90,53,113,0,134,110,69,27,129,82,3,99,51" hai2="72,1,15,66,48,70,122,130,11,4,84,112,76" hai3="20,21,77,61,2,37,75,52,114,57,96,26,93"/><U9/><E113/><V7/><F122/><W115/><G37/><T32/><D32/><U128/><E69/><V103/><F72/><W105/><G105/><T68/><D68/><U56/><E134/><V6/><F112/><W43/><G43/><T87/><D127/><U23/><E110/><V126/><F103/><W33/><G2/><T104/><D109/><U63/><E51/><V31/><F126/><W135/><G33/><T86/><D107/><U64/><E64/><V78/><F31/><W49/><G21/><T98/><D98/><U125/><E125/><V132/><F132/><W100/><G49/><T29/><D29/><U133/><E133/><V50/><F84/><W55/><G55/><T83/><D87/><N who="1" m="50551" /><E99/><V119/><F119/><W62/><G62/><T81/><D44/><U89/><E89/><V35/><F35/><W124/><G124/><T121/><D38/><U116/><E9/><V41/><F50/><W118/><G118/><T58/><D121/><U39/><E39/><V65/><F70/><W40/><G135/><T47/><D46/><U117/><E117/><V10/><F6/><W24/><G115/><T108/><D108/><U79/><E79/><V5/><F7/><W16/><G114/><T85/><D54/><U71/><E71/><V18/><F4/><W30/><G40/><T120/><D120/><U14/><E116/><V19/><F5/><W80/><G30/><T111/><D111/><U95/><E0/><V88/><F1/><W123/><G123/><T34/><D36/><U92/><E3/><V12/><F66/><W45/><G45/><RYUUKYOKU ba="0,0" sc="224,-10,250,-10,276,-10,250,30" hai3="16,20,24,26,52,57,61,75,77,80,93,96,100" /><INIT seed="2,1,0,5,4,23" ten="214,240,266,280" oya="2" hai0="6,52,128,31,29,76,30,110,37,56,111,102,100" hai1="119,112,11,125,81,4,50,13,65,3,28,8,10" hai2="91,43,57,64,116,45,134,95,58,90,26,66,133" hai3="93,19,85,33,131,126,20,1,104,53,9,123,97"/><V17/><F116/><W12/><G104/><T68/><D37/><U62/><E119/><V59/><F90/><W70/><G70/><T39/><D68/><U38/><E38/><V2/><F2/><W7/><G123/><T18/><D39/><U79/><E112/><V41/><F17/><W74/><G74/><T109/><D128/><U42/><E125/><V124/><F124/><W82/><G131/><T61/><D6/><U120/><E28/><V69/><F69/><W34/><G53/><T0/><D0/><U118/><E3/><V73/><F73/><W44/><G44/><T121/><D121/><U51/><E120/><V46/><F91/><W75/><G75/><T54/><D76/><U113/><E113/><V127/><F95/><W108/><G108/><T72/><D72/><U60/><E60/><V88/><F88/><W15/><G1/><T55/><D18/><U115/><E115/><V94/><F94/><W32/><G126/><T63/><D56/><N who="1" m="37063" /><E51/><V86/><F59/><W22/><G93/><T87/><D87/><N who="1" m="48575" /><E118/><V78/><F127/><W129/><G129/><T77/><D77/><U27/><E27/><V96/><F78/><N who="3" m="46295" /><G97/><T89/><D89/><U40/><E40/><V101/><F86/><W71/><G71/><T35/><D35/><U98/><E98/><V122/><F96/><W114/><G114/><T84/><D84/><U106/><E106/><V5/><F122/><W48/><G48/><T47/><D47/><AGARI ba="1,0" hai="4,8,10,11,13,42,47,50" m="48575,37063" machi="47" ten="30,2000,0" yaku="25,1,8,1" doraHai="23" who="1" fromWho="0" sc="214,-23,240,23,266,0,280,0" /><INIT seed="3,0,0,5,5,97" ten="191,263,266,280" oya="3" hai0="42,22,9,57,104,0,43,17,33,125,110,23,68" hai1="126,65,61,115,26,31,105,118,58,89,131,32,60" hai2="38,16,73,13,14,35,72,18,69,71,2,45,85" hai3="36,122,119,134,93,41,99,103,107,121,92,39,124"/><W62/><G119/><T4/><D68/><U12/><E115/><V106/><F2/><W46/><G36/><T21/><D33/><U78/><E118/><V108/><F35/><W20/><G124/><T15/><D125/><U47/><E105/><V55/><F106/><W56/><G134/><T127/><D127/><U82/><E131/><V7/><F7/><W80/><G80/><T75/><D75/><U135/><E135/><V109/><F85/><W25/><G93/><T29/><D104/><U37/><E89/><V50/><F38/><W52/><REACH who="3" step="1"/><G107/><REACH who="3" ten="191,263,266,270" step="2"/><T84/><D29/><AGARI ba="0,1" hai="20,25,29,39,41,46,52,56,62,92,99,103,121,122" machi="29" ten="30,12000,1" yaku="1,1,2,1,7,1,52,1,54,1,53,0" doraHai="97" doraHaiUra="10" who="3" fromWho="0" sc="191,-120,263,0,266,0,270,130" /><INIT seed="3,1,0,0,1,109" ten="71,263,266,400" oya="3" hai0="73,93,78,67,129,54,97,115,72,121,35,76,31" hai1="125,6,10,133,71,47,100,8,5,57,134,40,63" hai2="43,91,98,88,123,30,58,116,19,25,87,48,15" hai3="59,33,51,118,75,0,122,3,111,108,2,74,82"/><W94/><G122/><T89/><D67/><U42/><E71/><V96/><F123/><W55/><G118/><T49/><D121/><U22/><E100/><V56/><F116/><W132/><G33/><T44/><D129/><U16/><E125/><V28/><F58/><W39/><G39/><T107/><D31/><N who="2" m="11818" /><F25/><W12/><G132/><N who="1" m="50794" /><E8/><N who="2" m="6631" /><F91/><W66/><G66/><T1/><D35/><U117/><E117/><V45/><F56/><W32/><G32/><T105/><D1/><N who="1" m="303" /><E6/><V84/><F84/><W18/><G94/><AGARI ba="1,0" hai="43,45,48,87,88,94,96,98" m="6631,11818" machi="94" ten="30,2000,0" yaku="8,1,54,1" doraHai="109" who="2" fromWho="3" sc="71,0,263,0,266,23,400,-23" /><INIT seed="4,0,0,3,3,65" ten="71,263,289,377" oya="0" hai0="74,17,54,102,64,81,38,91,72,24,75,3,80" hai1="1,107,125,71,132,82,43,48,110,118,105,45,59" hai2="114,111,90,122,106,85,46,39,135,113,36,40,96" hai3="88,8,2,62,127,77,47,42,29,124,12,70,6"/><T112/><D3/><U30/><E118/><V11/><F122/><W87/><G29/><T61/><D38/><U41/><E1/><V31/><F111/><W93/><G77/><T66/><D102/><U7/><E110/><V104/><F36/><W83/><G93/><T63/><D112/><N who="2" m="43114" /><F135/><W28/><G28/><T98/><D54/><U99/><E7/><V37/><F37/><W44/><G2/><T52/><D52/><U128/><E48/><V23/><F96/><W86/><G86/><T55/><D55/><U97/><E82/><N who="2" m="49463" /><F11/><W49/><G47/><T101/><D91/><U26/><E26/><AGARI ba="0,0" hai="23,26,31,39,40,46,104,106" m="49463,43114" machi="26" ten="30,1000,0" yaku="15,1" doraHai="65" who="2" fromWho="1" sc="71,0,263,-10,289,10,377,0" /><INIT seed="5,0,0,2,3,80" ten="71,253,299,377" oya="1" hai0="90,89,3,95,81,100,69,126,18,91,39,135,15" hai1="101,55,37,57,34,13,56,54,10,58,4,16,33" hai2="61,88,26,124,50,122,60,118,21,106,96,6,113" hai3="134,97,77,83,28,114,32,1,128,25,47,125,2"/><U93/><E37/><V132/><F122/><W87/><G114/><T45/><D3/><U112/><E112/><V59/><F118/><W53/><G128/><T40/><D69/><U109/><E109/><V36/><F36/><W92/><G125/><T107/><D126/><U129/><E129/><V123/><F123/><W41/><G53/><T104/><D135/><U17/><E34/><V23/><F124/><W86/><G134/><T115/><D115/><U79/><E33/><V65/><F6/><W44/><G87/><T24/><D24/><U121/><E79/><V9/><F9/><W73/><G73/><T31/><D31/><U67/><E67/><V116/><F116/><W19/><G19/><N who="1" m="7242" /><E121/><V64/><F132/><W70/><G70/><T66/><D66/><N who="2" m="25706" /><F106/><W78/><G78/><T20/><D100/><U0/><E0/><V22/><F26/><W76/><G76/><T94/><D107/><U48/><E48/><V130/><F130/><W98/><G98/><AGARI ba="0,0" hai="4,10,13,54,55,56,57,58,93,98,101" m="7242" machi="98" ten="30,2900,0" yaku="8,1,54,1" doraHai="80" who="1" fromWho="3" sc="71,0,253,29,299,0,377,-29" /><INIT seed="5,1,0,0,5,25" ten="71,282,299,348" oya="1" hai0="75,117,18,12,129,127,34,51,101,48,0,32,29" hai1="79,89,57,60,17,28,21,2,77,116,16,1,110" hai2="122,96,47,11,13,43,133,24,9,30,106,107,65" hai3="36,70,7,131,100,118,114,92,76,6,55,61,95"/><U45/><E116/><V69/><F122/><W85/><G36/><T83/><D117/><U120/><E120/><V93/><F133/><W23/><G118/><T98/><D0/><U62/><E110/><V123/><F123/><W40/><G40/><T20/><D129/><U94/><E45/><V39/><F9/><W26/><G114/><T119/><D127/><U31/><E1/><V14/><F14/><W10/><G70/><T49/><D119/><U41/><E41/><V124/><F124/><W27/><G27/><T53/><D34/><U112/><E2/><V108/><F108/><W130/><G100/><T115/><D115/><U86/><E112/><V4/><F65/><W38/><G38/><T66/><D66/><N who="1" m="39183" /><E62/><V35/><REACH who="2" step="1"/><F69/><REACH who="2" ten="71,282,289,348" step="2"/><W73/><G130/><T81/><D53/><U33/><E33/><V113/><F113/><W128/><G128/><T74/><D74/><U80/><E17/><V42/><F42/><W134/><G73/><T59/><D75/><U99/><E77/><V91/><AGARI ba="1,1" hai="4,11,13,24,30,35,39,43,47,91,93,96,106,107" machi="91" ten="20,5200,0" yaku="1,1,0,1,7,1,52,1,53,0" doraHai="25" doraHaiUra="54" who="2" fromWho="2" sc="71,-14,282,-27,289,65,348,-14" /><INIT seed="6,0,0,3,2,44" ten="57,255,354,334" oya="2" hai0="32,15,17,83,71,3,50,112,84,82,130,115,90" hai1="34,78,110,9,85,79,107,64,22,14,105,99,43" hai2="74,98,63,118,100,93,95,111,89,106,127,45,47" hai3="42,81,131,97,1,7,31,67,103,58,77,92,69"/><V54/><F74/><W8/><G131/><T38/><D3/><U132/><E34/><V96/><F118/><W119/><G119/><T52/><D38/><U59/><E110/><V2/><F2/><W104/><G31/><T129/><D32/><U80/><E132/><V11/><F111/><W60/><G42/><T117/><D71/><U121/><E121/><V88/><F127/><W91/><G69/><T86/><D117/><U122/><E122/><V120/><F11/><W24/><G24/><T134/><D134/><U125/><E125/><V37/><F120/><W94/><G91/><T26/><D26/><U114/><E114/><N who="0" m="43561" /><D84/><AGARI ba="0,0" hai="1,7,8,58,60,67,77,81,84,92,94,97,103,104" machi="84" ten="30,1000,0" yaku="7,1" doraHai="44" who="3" fromWho="0" sc="57,-10,255,0,354,0,334,10" /><INIT seed="7,0,0,5,5,50" ten="47,255,354,344" oya="3" hai0="44,29,80,115,86,21,31,101,120,61,24,98,27" hai1="0,113,9,53,85,49,8,131,16,47,72,90,3" hai2="10,112,93,63,130,92,96,57,133,34,48,100,55" hai3="41,23,129,40,78,33,104,5,15,77,74,18,117"/><W66/><G117/><T119/><D120/><U75/><E131/><V25/><F130/><W125/><G129/><T30/><D119/><U67/><E113/><V124/><F124/><W69/><G104/><T36/><D115/><U6/><E67/><N who="2" m="39407" /><F34/><W2/><G125/><T122/><D122/><U123/><E123/><V62/><F62/><W38/><G69/><T94/><D36/><U87/><E87/><V126/><F112/><W35/><G66/><T22/><D44/><U46/><E46/><N who="2" m="28055" /><F126/><W14/><G2/><T58/><D31/><U32/><E32/><V91/><F133/><W106/><G106/><T134/><D134/><U110/><E110/><V71/><F71/><W89/><G38/><T68/><D68/><U26/><E26/><V109/><F109/><W103/><G103/><T70/><D70/><U111/><E111/><V95/><F25/><W76/><G74/><T54/><D86/><U59/><E59/><V56/><F56/><W7/><G89/><T60/><D80/><U79/><E79/><N who="3" m="20226" /><W88/><DORA hai="19" /><G88/><T83/><REACH who="0" step="1"/><D83/><REACH who="0" ten="37,255,354,344" step="2"/><U73/><E73/><V37/><F37/><W1/><G1/><T107/><D107/><U114/><E114/><V20/><F100/><W17/><G33/><T43/><D43/><N who="3" m="16457" /><G35/><T39/><D39/><U116/><E116/><V82/><F82/><W51/><G51/><AGARI ba="0,1" hai="21,22,24,27,29,30,51,54,58,60,61,94,98,101" machi="51" ten="30,12000,2" yaku="1,1,7,1,9,1,8,1,52,3,53,0" doraHai="50,19" doraHaiUra="84,102" who="0" fromWho="3" sc="37,130,255,0,354,0,344,-120" owari="167,-33.0,255,6.0,354,45.0,224,-18.0" /></mjloggm>