<mjloggm ver="2.3"><GO type="137"/><UN n0="%79%61%66%75%66%75%66%75" n1="%EF%BC%88%E2%89%A7%E2%96%BD%E2%89%A6%EF%BC%89" n2="%E3%81%94%E3%82%93%E3%81%9F%E3%81%B7%E3%82%93" n3="%E3%82%BF%E3%83%83%E3%83%84%E3%82%A3%E3%83%BC%E2%98%86%E2%98%85%E2%98%86" dan="12,12,10,11" rate="1713,1882,1493,1565" sx="M,M,M,M"/><TAIKYOKU oya="0"/><INIT seed="0,0,0,0,2,109" ten="250,250,250,250" oya="0" hai0="132,127,8,100,122,95,119,21,15,6,65,22,4" hai1="81,2,57,117,94,131,126,102,70,11,129,55,61" hai2="26,123,79,99,92,134,82,13,115,98,58,83,97" hai3="14,49,74,80,118,34,56,116,41,72,37,5,103"/><T18/><D122/><U7/><E117/><V78/><F123/><W3/><G34/><T125/><D119/><U69/><E126/><N who="0" m="48137" /><D65/><U71/><REACH who="1" step="1"/><E81/><REACH who="1" step="2"/><V28/><F134/><W29/><G80/><T121/><D121/><U62/><E62/><V51/><F115/><W19/><G118/><T107/><D107/><U52/><E52/><N who="2" m="32031" /><F92/><W90/><G116/><T108/><D95/><U25/><E25/><V133/><F133/><W17/><G29/><T77/><D132/><U88/><E88/><V32/><F13/><W31/><G90/><T43/><D100/><U38/><E38/><V89/><F32/><W9/><G14/><T87/><D77/><N who="2" m="29194" /><F28/><W104/><G37/><T135/><D135/><U113/><E113/><V124/><F124/><W10/><G103/><T85/><D108/><U35/><E35/><V16/><F89/><W27/><G104/><T39/><D39/><U120/><E120/><V106/><F106/><W0/><G31/><T93/><D93/><U59/><E59/><V112/><F112/><W96/><G27/><T130/><D43/><U84/><E84/><V66/><F66/><W101/><G41/><T111/><D87/><U53/><E53/><V46/><F46/><W50/><G56/><T40/><D40/><U23/><E23/><AGARI ba="0,1" hai="16,23,26,82,83,97,98,99" m="29194,32031" machi="23" ten="30,3900,0" yaku="8,1,54,2" doraHai="109" who="2" fromWho="1" sc="250,0,240,-39,250,49,250,0" /><INIT seed="1,0,0,3,2,58" ten="250,201,299,250" oya="1" hai0="98,122,118,44,45,131,65,108,97,73,96,31,29" hai1="74,128,126,17,6,70,3,68,28,8,127,82,106" hai2="102,64,52,103,91,16,59,39,63,75,124,25,89" hai3="24,95,1,57,43,62,23,7,38,77,86,26,4"/><U101/><E128/><V109/><F75/><W18/><G38/><T36/><D118/><U49/><E28/><V107/><F39/><W72/><G1/><T34/><D73/><U50/><E17/><V56/><F124/><N who="1" m="47657" /><E106/><V132/><F132/><W133/><G72/><T35/><D108/><U117/><E117/><V69/><F109/><W88/><G133/><T134/><D134/><U9/><E101/><V5/><F5/><W114/><G77/><T76/><D36/><U53/><E8/><V104/><F69/><N who="1" m="26729" /><E53/><V105/><F59/><W40/><G43/><T130/><D76/><AGARI ba="0,0" hai="3,6,9,49,50,74,76,82" m="26729,47657" machi="76" ten="30,1500,0" yaku="18,1" doraHai="58" who="1" fromWho="0" sc="250,-15,201,15,299,0,250,0" /><INIT seed="1,1,0,4,1,109" ten="235,216,299,250" oya="1" hai0="1,130,118,50,28,54,48,97,126,46,120,99,81" hai1="64,6,89,133,72,108,96,31,104,103,9,19,78" hai2="7,124,33,107,129,11,60,63,38,30,13,134,55" hai3="77,47,43,56,16,135,49,57,2,80,117,15,51"/><U121/><E121/><V32/><F107/><W100/><G2/><T23/><D118/><U8/><E108/><V82/><F38/><W39/><G117/><T44/><D1/><U37/><E133/><V106/><F134/><W3/><G135/><T20/><D120/><U94/><E37/><V40/><F106/><W10/><G3/><T35/><D130/><U59/><E31/><V22/><F129/><W90/><G100/><T79/><D126/><U132/><E132/><V111/><F124/><W119/><G90/><T127/><D35/><U69/><E69/><V92/><F111/><W66/><G119/><T123/><D123/><U114/><E114/><V131/><F131/><W61/><REACH who="3" step="1"/><G57/><REACH who="3" step="2"/><T83/><D127/><U125/><E125/><V29/><F40/><W27/><G27/><T70/><D79/><U95/><E59/><V98/><F82/><W75/><AGARI ba="1,1" hai="10,15,16,39,43,47,49,51,56,61,66,75,77,80" machi="75" ten="20,5200,0" yaku="1,1,0,1,7,1,54,1,53,0" doraHai="109" doraHaiUra="17" who="3" fromWho="3" sc="235,-14,216,-27,299,-14,240,65" /><INIT seed="2,0,0,2,4,7" ten="221,189,285,305" oya="2" hai0="105,65,87,18,115,28,81,66,88,130,20,31,47" hai1="78,107,68,14,35,33,126,100,24,76,46,10,97" hai2="72,106,53,13,43,99,9,63,116,133,112,48,91" hai3="2,40,30,103,12,94,27,41,49,59,122,71,92"/><V42/><F116/><W52/><G71/><T83/><D105/><U22/><E126/><V39/><F72/><W36/><G2/><T5/><D115/><U75/><E68/><V93/><F112/><W37/><G122/><T127/><D127/><U34/><E46/><V85/><F39/><W82/><G12/><T4/><D130/><U119/><E119/><V98/><F133/><W132/><G82/><T121/><D121/><U23/><E75/><V54/><F106/><W26/><G132/><T19/><D47/><U50/><E50/><V134/><F134/><W80/><G80/><T44/><D44/><U55/><E55/><V125/><F125/><W61/><G103/><T8/><D87/><U25/><E25/><V95/><F63/><W62/><G30/><T56/><D56/><U111/><E111/><V3/><F3/><W114/><G114/><T29/><D20/><U51/><E51/><V110/><F110/><W60/><G49/><T90/><D31/><U128/><E128/><V6/><F53/><W113/><G113/><T64/><D64/><U17/><REACH who="1" step="1"/><E23/><REACH who="1" step="2"/><V109/><F109/><W16/><G59/><T79/><REACH who="0" step="1"/><D79/><REACH who="0" step="2"/><U129/><E129/><V45/><F98/><W74/><G74/><T123/><D123/><U58/><E58/><V104/><REACH who="2" step="1"/><F104/><REACH who="2" step="2"/><W77/><G62/><T38/><D38/><U117/><E117/><V120/><F120/><W70/><G61/><T0/><D0/><U124/><E124/><V73/><F73/><W1/><G60/><T32/><D32/><U67/><E67/><V57/><F57/><W11/><G37/><RYUUKYOKU ba="0,3" sc="211,10,179,10,275,10,305,-30" hai0="4,5,8,18,19,28,29,65,66,81,83,88,90" hai1="10,14,17,22,24,33,34,35,76,78,97,100,107" hai2="6,9,13,42,43,45,48,54,85,91,93,95,99" /><INIT seed="2,1,3,2,1,66" ten="221,189,285,275" oya="2" hai0="84,97,119,77,99,101,11,85,12,3,30,112,10" hai1="88,70,94,5,32,95,109,31,7,123,93,43,60" hai2="132,13,16,120,87,89,59,78,58,48,2,0,45" hai3="96,35,126,131,79,114,53,106,46,9,49,83,25"/><V44/><F120/><W29/><G114/><T65/><D112/><U68/><E123/><V38/><F132/><W73/><G126/><T61/><D119/><U115/><E115/><V41/><F78/><W102/><REACH who="3" step="1"/><G131/><REACH who="3" step="2"/><T51/><D3/><U121/><E121/><V72/><F0/><W127/><G127/><T128/><D128/><U75/><E109/><V47/><F2/><W118/><G118/><T18/><D77/><U113/><E113/><V37/><F72/><W104/><G104/><T21/><D30/><U4/><E75/><V33/><F33/><W50/><G50/><T92/><D97/><U107/><E107/><V26/><F37/><W135/><G135/><T15/><D21/><U108/><E108/><V22/><F38/><W34/><G34/><T81/><D51/><U8/><E32/><V27/><F48/><W86/><G86/><T76/><D76/><U116/><E116/><V62/><F41/><W6/><G6/><T133/><D133/><U40/><E31/><V57/><REACH who="2" step="1"/><F62/><REACH who="2" step="2"/><W39/><G39/><T42/><D42/><U71/><E60/><V56/><N who="2" m="14848" /><DORA hai="1" /><V74/><F74/><W90/><G90/><T82/><D82/><AGARI ba="1,5" hai="13,16,22,26,27,44,45,47,82,87,89" m="14848" machi="82" ten="50,9600,0" yaku="1,1,8,1,54,1,53,0" doraHai="66,1" doraHaiUra="91,122" who="2" fromWho="0" sc="221,-99,189,0,275,149,265,0" /><INIT seed="2,2,0,0,5,76" ten="122,189,424,265" oya="2" hai0="125,19,67,38,87,108,84,51,93,3,85,118,26" hai1="8,30,117,45,54,91,101,83,95,110,37,75,48" hai2="10,63,124,133,29,22,4,104,97,89,56,52,42" hai3="9,120,57,106,69,121,17,73,131,126,132,88,74"/><V16/><F124/><W2/><G9/><T18/><D38/><U44/><E117/><V99/><F42/><W0/><G57/><T70/><D3/><N who="3" m="1065" /><G17/><T82/><D118/><U100/><E110/><V53/><F133/><W31/><G31/><T79/><D108/><U36/><E30/><V122/><F122/><N who="3" m="47211" /><G88/><N who="0" m="53383" /><D125/><U102/><E45/><V112/><F112/><W32/><G126/><T27/><D70/><U61/><E8/><V127/><F127/><W81/><G81/><N who="0" m="47295" /><D67/><U34/><E34/><V119/><F119/><W64/><G64/><T98/><D51/><U111/><E111/><V116/><F104/><W14/><G14/><T6/><D6/><U90/><E61/><V41/><F116/><W71/><G106/><T96/><D19/><U35/><E35/><V94/><F41/><W50/><G50/><T39/><D39/><U49/><E48/><V128/><F128/><W109/><G131/><T105/><D105/><U135/><E36/><V78/><F29/><W24/><G109/><T13/><D27/><U92/><E37/><V5/><F78/><W59/><G24/><T47/><D47/><U113/><E113/><V40/><F40/><W134/><G59/><T77/><D26/><U46/><E46/><V80/><F10/><AGARI ba="2,0" hai="10,13,18,77,82,87,96,98" m="47295,53383" machi="10" ten="30,7700,0" yaku="8,1,52,2,54,1" doraHai="76" who="0" fromWho="2" sc="122,83,189,0,424,-83,265,0" /><INIT seed="3,0,0,1,5,131" ten="205,189,341,265" oya="3" hai0="101,100,57,76,105,82,38,13,127,1,124,83,20" hai1="40,80,70,22,87,114,99,46,4,44,33,48,117" hai2="17,129,29,34,26,123,111,75,95,19,116,102,110" hai3="30,71,14,56,104,88,118,134,96,47,28,23,74"/><W112/><G118/><T59/><D38/><U45/><E114/><V120/><F95/><W53/><G74/><T51/><D1/><U39/><E117/><V27/><F116/><W109/><G112/><T78/><D51/><U32/><E70/><V63/><F75/><W67/><G71/><T93/><D13/><U25/><E4/><V90/><F63/><W97/><G109/><N who="2" m="41481" /><F102/><N who="0" m="39530" /><D20/><U132/><E99/><V121/><F90/><W128/><G67/><T49/><D49/><U35/><E132/><V69/><F69/><W122/><G104/><T65/><D65/><U119/><E119/><V103/><F103/><W24/><G122/><N who="2" m="31233" /><V94/><DORA hai="0" /><F94/><W125/><G128/><T5/><D5/><U12/><E12/><V108/><N who="2" m="41489" /><V66/><DORA hai="31" /><F66/><W98/><G125/><N who="0" m="48203" /><D105/><U37/><E37/><V16/><F27/><W107/><G47/><T106/><D106/><U91/><REACH who="1" step="1"/><E39/><REACH who="1" step="2"/><V42/><F129/><W84/><G107/><T58/><D93/><U62/><E62/><V11/><F42/><W6/><G14/><AGARI ba="0,1" hai="11,14,16,17,19,26,29,34" m="31233,41489" machi="14" ten="60,12000,2" yaku="14,1,13,1,34,2,52,1,54,1" doraHai="131,0,31" who="2" fromWho="3" sc="205,0,179,0,341,130,265,-120" /><INIT seed="4,0,0,2,5,77" ten="205,179,471,145" oya="0" hai0="125,82,1,23,106,40,41,56,45,128,43,42,51" hai1="96,9,22,39,17,3,63,57,93,122,132,34,110" hai2="127,113,70,80,16,28,0,107,7,75,116,4,30" hai3="115,49,100,123,81,118,117,21,38,114,73,31,72"/><T32/><D1/><U91/><E122/><V71/><F113/><N who="3" m="43019" /><G38/><T85/><D106/><U86/><E110/><V78/><F127/><W105/><G49/><T14/><D32/><U24/><E34/><V18/><F116/><N who="3" m="44651" /><G31/><T35/><D35/><U135/><E39/><V54/><F0/><W11/><G11/><T53/><D128/><U67/><E3/><V89/><F107/><W111/><G21/><T99/><D125/><U129/><E129/><V2/><F2/><W12/><G12/><T48/><D99/><U55/><E9/><V15/><F71/><W13/><G13/><T109/><D109/><U134/><REACH who="1" step="1"/><E86/><REACH who="1" step="2"/><V29/><F70/><W26/><G26/><T108/><D108/><U52/><AGARI ba="0,1" hai="17,22,24,52,55,57,63,67,91,93,96,132,134,135" machi="52" ten="40,8000,1" yaku="1,1,2,1,0,1,20,1,54,1,53,0" doraHai="77" doraHaiUra="27" who="1" fromWho="1" sc="205,-40,169,90,471,-20,145,-20" /><INIT seed="5,0,0,4,3,134" ten="165,259,451,125" oya="1" hai0="109,10,131,7,70,85,91,57,53,1,67,119,111" hai1="102,28,24,54,56,120,14,25,122,84,0,112,74" hai2="3,128,43,92,30,33,66,34,17,93,52,73,117" hai3="71,15,72,100,8,51,98,135,39,124,61,105,83"/><U96/><E74/><V129/><F73/><W113/><G39/><T62/><D119/><U110/><E0/><V63/><F3/><W6/><G113/><T80/><REACH who="0" step="1"/><D131/><REACH who="0" step="2"/><N who="2" m="50250" /><F117/><W18/><G135/><T58/><D58/><U22/><E112/><V104/><F104/><W4/><G124/><T81/><D81/><U89/><E110/><V133/><F133/><W26/><G51/><AGARI ba="0,1" hai="1,7,10,51,53,57,62,67,70,80,85,91,109,111" machi="51" ten="30,3900,0" yaku="1,1,7,1,53,1" doraHai="134" doraHaiUra="60" who="0" fromWho="3" sc="155,49,259,0,451,0,125,-39" /><INIT seed="6,0,0,4,3,4" ten="204,259,451,86" oya="2" hai0="28,19,62,83,113,130,20,119,55,88,6,91,131" hai1="103,69,104,40,44,5,7,106,77,99,68,107,8" hai2="49,47,23,48,95,112,1,67,72,98,36,3,25" hai3="124,128,121,108,76,21,75,37,34,9,66,22,118"/><V74/><F67/><W41/><G66/><T127/><D113/><U102/><E77/><V84/><F112/><W35/><G118/><T117/><D28/><U70/><E103/><V81/><F36/><W63/><G121/><T13/><D83/><U133/><E133/><V60/><F3/><W58/><G108/><T97/><D97/><U18/><E18/><V61/><F1/><W71/><G128/><N who="0" m="49195" /><D6/><U56/><E56/><V111/><F111/><W78/><G124/><T79/><D79/><U132/><E132/><V101/><F72/><W16/><G71/><T64/><D55/><U85/><E85/><V87/><F74/><W38/><G38/><T15/><D127/><U109/><E109/><V10/><F10/><W65/><G75/><T93/><D13/><U42/><E5/><V2/><F2/><W116/><G116/><N who="0" m="44619" /><D93/><U43/><REACH who="1" step="1"/><E44/><REACH who="1" step="2"/><V115/><F115/><W53/><G35/><T110/><D110/><U11/><E11/><V59/><F47/><W129/><G34/><T50/><D50/><U0/><AGARI ba="0,1" hai="0,7,8,40,42,43,68,69,70,99,102,104,106,107" machi="0" ten="40,5200,0" yaku="1,1,0,1,52,1,53,0" doraHai="4" doraHaiUra="126" who="1" fromWho="1" sc="204,-13,249,62,451,-26,86,-13" /><INIT seed="7,0,0,0,5,25" ten="191,311,425,73" oya="3" hai0="46,86,9,96,58,13,116,62,31,95,11,92,90" hai1="72,93,57,1,113,117,73,104,126,131,70,20,64" hai2="43,27,71,47,91,68,38,56,106,75,30,129,7" hai3="120,4,42,124,28,77,35,133,115,16,10,121,29"/><W132/><G77/><T34/><D116/><U94/><E57/><V36/><F129/><W114/><G42/><T66/><D46/><U81/><E20/><V52/><F7/><W103/><G35/><T89/><D13/><U83/><E64/><V53/><F75/><W130/><G103/><T59/><REACH who="0" step="1"/><D59/><REACH who="0" step="2"/><U122/><E117/><V102/><F68/><W111/><G130/><T44/><D44/><U45/><E45/><V127/><F71/><W8/><G124/><T50/><D50/><U134/><E70/><V23/><F36/><W55/><G4/><T84/><D84/><U109/><E131/><V105/><F127/><W74/><G74/><T48/><D48/><U37/><E126/><V85/><F102/><W61/><G61/><T100/><D100/><U118/><E118/><V97/><F97/><W119/><G55/><T69/><D69/><U24/><E37/><V63/><F53/><W76/><G119/><T88/><D88/><U0/><E73/><V99/><F99/><W14/><G76/><T80/><D80/><AGARI ba="0,1" hai="23,27,30,38,43,47,52,56,63,80,85,91,105,106" machi="80" ten="30,3900,0" yaku="7,1,52,1,54,1" doraHai="25" who="2" fromWho="0" sc="181,-39,311,0,425,49,73,0" owari="142,-26,311,11,474,58,73,-43" /></mjloggm>