<mjloggm ver="2.3"><GO type="169" lobby="0"/><UN n0="%73%70%6F%69%6C%65%64" n1="%E6%B0%91%E8%8A%B8" n2="%EF%BC%88%E2%89%A7%E2%96%BD%E2%89%A6%EF%BC%89" n3="%E3%80%93%E6%9D%BE%E4%BA%95%EF%BC%A3%EF%BC%B3%E3%80%93" dan="17,18,17,18" rate="2131.95,2152.76,2197.85,2217.51" sx="F,M,M,M"/><TAIKYOKU oya="0"/><INIT seed="0,0,0,1,5,94" ten="250,250,250,250" oya="0" hai0="47,49,115,44,15,73,117,34,61,111,77,38,80" hai1="17,134,92,63,75,91,89,42,4,84,102,98,90" hai2="48,10,125,54,87,22,113,1,5,20,105,101,130" hai3="95,24,104,76,7,88,126,46,107,37,62,131,25"/><T33/><D117/><U133/><E4/><V16/><F113/><W64/><G131/><T81/><D115/><U41/><E75/><V11/><F130/><W19/><G126/><T32/><D111/><U114/><E114/><V23/><F125/><W70/><G76/><T93/><D80/><U59/><E84/><V74/><F74/><W52/><G7/><T21/><D38/><U78/><E78/><V124/><F124/><W116/><G116/><T112/><D112/><U122/><E122/><V31/><F31/><W120/><G25/><T103/><D61/><U29/><E29/><V128/><F128/><W83/><G83/><T109/><D109/><U13/><E134/><V99/><F87/><W110/><G110/><T30/><D49/><U36/><E36/><V71/><F71/><W3/><G3/><T66/><D66/><N who="1" m="39295" /><E133/><V85/><F85/><W45/><G120/><T118/><D118/><U28/><E28/><V129/><F129/><W86/><G37/><T9/><D21/><AGARI ba="0,0" hai="13,17,21,41,42,89,90,91,92,98,102" m="39295" machi="21" ten="30,2000,0" yaku="8,1,52,1" doraHai="94" who="1" fromWho="0" sc="250,-20,250,20,250,0,250,0" /><INIT seed="1,0,0,5,1,119" ten="230,270,250,250" oya="1" hai0="62,51,13,134,20,114,34,110,30,35,133,49,39" hai1="31,45,46,48,9,120,73,58,6,59,26,7,93" hai2="126,125,107,1,115,8,32,75,3,4,109,28,78" hai3="10,83,2,43,104,71,100,111,27,102,37,53,36"/><U42/><E73/><V122/><F107/><W123/><G71/><T77/><D114/><U67/><E120/><V19/><F115/><W105/><G53/><T44/><D110/><U54/><E93/><V86/><F86/><W22/><G83/><T97/><D77/><U69/><E69/><V57/><F109/><W63/><G63/><T95/><D39/><U18/><E18/><V94/><F94/><W76/><G76/><T127/><D62/><U70/><E70/><V15/><F57/><W81/><G81/><T56/><D56/><U40/><E67/><V85/><F85/><W128/><G111/><T116/><D116/><U5/><E9/><N who="2" m="6639" /><F78/><W74/><G74/><T68/><D68/><U101/><E101/><V41/><F41/><N who="1" m="15977" /><E59/><V52/><F75/><W113/><G113/><T91/><D91/><U117/><E117/><V132/><F122/><W80/><G80/><T79/><D95/><U12/><E12/><N who="2" m="5127" /><F52/><W92/><G43/><T47/><D79/><U21/><AGARI ba="0,0" hai="5,6,7,21,26,31,45,46,48,54,58" m="15977" machi="21" ten="30,1500,0" yaku="8,1" doraHai="119" who="1" fromWho="1" sc="230,-5,270,15,250,-5,250,-5" /><INIT seed="1,1,0,5,0,90" ten="225,285,245,245" oya="1" hai0="43,39,40,103,12,18,62,8,129,17,27,119,133" hai1="95,109,19,45,66,106,4,100,44,2,91,118,56" hai2="102,25,75,125,116,127,53,30,96,70,92,83,6" hai3="110,99,80,73,107,33,47,61,0,41,38,55,122"/><U113/><E113/><V31/><F116/><W64/><G110/><T11/><D119/><U112/><E112/><V9/><F70/><W94/><G122/><T81/><D133/><U58/><E118/><V65/><F65/><W54/><G33/><T42/><D129/><U87/><E109/><V29/><F25/><W35/><G35/><T98/><D81/><U82/><E106/><V52/><F83/><W7/><G107/><T126/><D126/><N who="2" m="48138" /><F75/><W60/><G60/><T49/><D39/><U51/><E2/><AGARI ba="1,0" hai="2,6,9,29,30,31,52,53,92,96,102" m="48138" machi="2" ten="30,3900,0" yaku="18,1,52,1,54,1" doraHai="90" who="2" fromWho="1" sc="225,0,285,-42,245,42,245,0" /><INIT seed="2,0,0,1,2,7" ten="225,243,287,245" oya="2" hai0="82,130,36,42,52,77,100,116,81,123,68,11,89" hai1="5,102,39,18,6,59,90,50,60,71,29,65,2" hai2="28,46,93,127,75,106,108,31,94,17,76,128,33" hai3="104,38,133,14,113,8,107,69,92,132,49,20,72"/><V3/><F106/><W125/><G38/><T67/><D123/><U109/><E39/><V87/><F3/><W114/><G69/><T84/><D130/><U9/><E102/><V43/><F128/><W53/><G72/><T79/><D116/><U96/><E29/><V66/><F66/><W117/><G20/><T91/><D100/><U99/><E5/><V51/><F127/><W121/><G121/><T62/><D36/><U47/><E109/><V34/><F34/><W26/><G26/><T111/><D42/><U16/><E71/><V4/><F4/><N who="3" m="3335" /><G117/><T22/><D22/><U44/><E44/><V0/><F0/><W115/><G92/><N who="2" m="35433" /><F75/><W120/><G120/><T61/><D11/><U19/><REACH who="1" step="1"/><E90/><REACH who="1" ten="225,233,287,245" step="2"/><V126/><F31/><W131/><G131/><T80/><D111/><U27/><E27/><V25/><F25/><W83/><G125/><T86/><D81/><U101/><E101/><V1/><F28/><W78/><G107/><T23/><D89/><U119/><E119/><V15/><F108/><W105/><G105/><T54/><D91/><U41/><AGARI ba="0,1" hai="2,6,9,16,18,19,41,47,50,59,60,65,96,99" machi="41" ten="30,7900,0" yaku="1,1,0,1,52,1,54,1,53,0" doraHai="7" doraHaiUra="98" who="1" fromWho="1" sc="225,-20,233,89,287,-39,245,-20" /><INIT seed="3,0,0,0,3,34" ten="205,322,248,225" oya="3" hai0="30,104,124,111,57,106,119,41,85,126,26,110,47" hai1="82,130,134,90,4,91,99,17,33,28,80,25,6" hai2="11,56,113,117,93,62,8,125,96,23,79,36,89" hai3="29,40,59,48,54,83,18,86,95,63,112,43,46"/><W129/><G129/><T127/><D57/><U88/><E130/><V55/><F117/><W70/><G112/><T100/><D85/><U131/><E131/><V42/><F113/><W22/><G29/><T123/><D123/><U52/><E134/><V13/><F125/><W5/><G5/><T103/><D103/><U108/><E108/><N who="0" m="41513" /><D100/><U116/><E116/><V38/><F79/><W3/><G3/><T105/><D119/><U74/><E99/><V1/><F42/><W76/><G95/><T92/><D92/><U77/><E82/><V44/><F44/><W94/><G94/><T58/><D58/><U0/><E52/><V66/><F66/><N who="3" m="39295" /><G70/><T75/><D75/><U2/><E4/><V10/><F1/><W122/><G122/><T45/><D41/><U24/><REACH who="1" step="1"/><E6/><REACH who="1" ten="205,312,248,225" step="2"/><V87/><F96/><W12/><AGARI ba="0,1" hai="12,18,22,40,43,46,48,54,76,83,86" m="39295" machi="12" ten="30,1500,0" yaku="8,1" doraHai="34" who="3" fromWho="3" sc="205,-5,312,-5,248,-5,225,25" /><INIT seed="3,1,0,4,0,65" ten="200,307,243,250" oya="3" hai0="127,118,80,0,135,75,2,67,53,120,70,112,105" hai1="46,129,78,29,103,122,115,133,126,113,74,66,30" hai2="14,4,55,40,34,86,51,19,104,71,37,123,16" hai3="48,92,95,93,31,28,110,125,128,119,109,116,10"/><W62/><G125/><T9/><RYUUKYOKU type="yao9" ba="1,0" sc="200,0,307,0,243,0,250,0" hai0="0,2,9,53,67,70,75,80,105,112,118,120,127,135" /><INIT seed="3,2,0,5,2,77" ten="200,307,243,250" oya="3" hai0="113,103,51,125,39,70,96,60,127,3,120,41,73" hai1="79,53,31,83,20,126,133,7,63,86,25,87,2" hai2="124,23,28,55,118,0,65,56,58,111,21,48,1" hai3="64,97,36,95,115,62,72,27,38,98,91,105,8"/><W67/><G115/><T11/><D120/><U94/><E133/><V117/><F124/><W123/><G123/><T19/><D113/><U40/><E126/><V54/><F65/><W43/><G67/><N who="0" m="41319" /><D51/><U18/><E40/><V22/><F28/><W80/><G8/><T84/><D84/><U129/><E129/><V33/><F33/><W75/><G75/><T6/><D19/><U121/><E121/><V114/><F114/><W128/><G128/><T29/><D29/><U12/><E2/><V116/><REACH who="2" step="1"/><F111/><REACH who="2" ten="200,307,233,250" step="2"/><W85/><G64/><T102/><D125/><U26/><E31/><V44/><F44/><W9/><G38/><T16/><D127/><U104/><E104/><V14/><F14/><W88/><G36/><T32/><D39/><U37/><E37/><V93/><F93/><W13/><G105/><T134/><D32/><U15/><E15/><V68/><F68/><W4/><G72/><T108/><D73/><U78/><E94/><V52/><F52/><W119/><G119/><T30/><D108/><U46/><E46/><V42/><F42/><W99/><G43/><T100/><D41/><U135/><E53/><V10/><F10/><W132/><G132/><T112/><D134/><U107/><E135/><V81/><F81/><W109/><G109/><T89/><D112/><U69/><E107/><V49/><AGARI ba="2,1" hai="0,1,21,22,23,48,49,54,55,56,58,116,117,118" machi="49" ten="40,5200,0" yaku="1,1,0,1,9,1,53,0" doraHai="77" doraHaiUra="61" who="2" fromWho="2" sc="200,-15,307,-15,233,68,250,-28" /><INIT seed="4,0,0,4,0,6" ten="185,292,301,222" oya="0" hai0="68,37,46,69,33,120,61,71,22,21,78,27,15" hai1="133,76,44,50,86,116,124,58,101,67,95,77,87" hai2="32,91,42,35,49,9,47,108,28,121,19,56,59" hai3="1,31,65,90,100,53,115,70,36,40,99,110,113"/><T105/><D105/><U130/><E116/><V117/><F108/><W79/><G110/><T24/><D120/><U0/><E0/><V43/><F121/><W30/><G90/><T13/><D33/><U64/><E124/><V16/><F117/><W63/><G79/><N who="1" m="30282" /><E133/><V111/><F111/><W5/><G53/><T12/><D78/><U114/><E130/><V134/><F134/><W125/><G125/><T14/><N who="0" m="3584" /><DORA hai="107" /><T97/><D97/><N who="1" m="59583" /><E114/><N who="3" m="43530" /><G40/><T51/><D37/><U4/><E4/><V55/><F35/><W129/><G36/><T41/><REACH who="0" step="1"/><D61/><REACH who="0" ten="175,292,301,222" step="2"/><U82/><E87/><V23/><F32/><W104/><G129/><T66/><D66/><U45/><E67/><V2/><F2/><W57/><G1/><T81/><D81/><U132/><E132/><V109/><F109/><W83/><G83/><T54/><D54/><N who="1" m="32087" /><E64/><V10/><F55/><N who="3" m="34239" /><G5/><T62/><D62/><AGARI ba="0,1" hai="30,31,62,65,70,99,100,104" m="34239,43530" machi="62" ten="30,1000,0" yaku="15,1" doraHai="6,107" who="3" fromWho="0" sc="175,-10,292,0,301,0,222,20" /><INIT seed="5,0,0,1,2,117" ten="165,292,301,242" oya="1" hai0="51,74,87,20,113,97,134,69,110,77,2,28,8" hai1="111,5,25,94,104,7,107,88,15,95,79,85,91" hai2="96,120,131,42,100,116,47,103,83,21,34,118,81" hai3="23,73,90,135,130,54,11,65,56,105,112,38,61"/><U115/><E79/><V44/><F34/><W86/><G73/><T122/><D110/><U27/><E115/><V14/><F14/><W46/><G105/><T53/><D74/><U114/><E114/><V1/><F1/><W3/><G112/><T93/><D113/><U109/><E15/><V108/><F108/><W22/><G135/><T40/><D40/><U36/><REACH who="1" step="1"/><E85/><REACH who="1" ten="165,282,301,242" step="2"/><V123/><F118/><W126/><G86/><T99/><D77/><U60/><E60/><V10/><F116/><W121/><G61/><T124/><D87/><U29/><E29/><V59/><F120/><W18/><G121/><T50/><D122/><U6/><E6/><V127/><F123/><W129/><G18/><T62/><D28/><U9/><E9/><V26/><F10/><W71/><G11/><T57/><D8/><U49/><E49/><V32/><F26/><W58/><G38/><AGARI ba="0,1" hai="5,7,25,27,36,38,88,91,94,95,104,107,109,111" machi="38" ten="25,9600,0" yaku="1,1,22,2,54,1,53,0" doraHai="117" doraHaiUra="106" who="1" fromWho="3" sc="165,0,282,106,301,0,242,-96" /><INIT seed="5,1,0,2,3,30" ten="165,388,301,146" oya="1" hai0="14,23,65,117,8,49,56,92,46,90,67,63,58" hai1="27,15,45,2,64,101,0,77,53,85,12,13,41" hai2="76,17,42,125,66,70,108,20,71,28,47,111,82" hai3="43,57,121,68,72,48,5,128,37,3,26,93,18"/><U122/><E122/><V135/><F135/><W25/><G121/><T1/><D1/><U62/><E53/><V36/><F125/><W44/><G72/><T106/><D106/><U129/><E129/><V99/><F28/><W21/><G68/><T131/><D23/><U109/><E109/><V114/><F114/><W89/><G128/><T123/><D117/><U78/><E101/><V39/><F39/><W31/><G5/><T16/><D131/><U126/><E126/><V51/><F99/><W69/><G69/><T110/><D110/><U118/><E118/><V55/><F71/><W104/><G3/><T97/><D123/><U84/><E0/><V107/><F107/><W7/><G7/><T80/><D80/><U130/><E2/><V133/><F133/><W32/><G104/><T19/><D19/><U74/><E27/><V60/><F17/><W124/><G57/><T94/><D94/><U102/><E102/><V120/><F20/><W79/><G79/><N who="1" m="30218" /><E74/><V29/><F29/><W10/><G124/><T87/><D97/><U73/><E73/><N who="2" m="43279" /><F120/><W127/><G127/><T4/><D4/><U98/><E98/><V59/><AGARI ba="1,0" hai="36,42,47,51,55,59,60,66,70,108,111" m="43279" machi="59" ten="30,1100,0" yaku="24,1" doraHai="30" who="2" fromWho="2" sc="165,-4,388,-6,301,14,146,-4" /><INIT seed="6,0,0,0,3,110" ten="161,382,315,142" oya="2" hai0="65,113,133,21,130,94,20,82,43,80,95,16,34" hai1="18,131,40,35,37,121,77,104,107,114,41,10,127" hai2="14,74,63,52,25,28,7,119,135,90,125,49,76" hai3="30,53,55,1,72,67,15,84,46,57,102,48,19"/><V126/><F119/><W85/><G72/><T59/><D34/><U24/><E77/><V105/><F105/><W134/><G1/><T64/><D43/><U87/><E87/><V132/><F63/><W91/><G134/><N who="2" m="51241" /><F90/><W68/><G30/><T0/><D0/><U103/><E103/><V56/><F7/><W9/><G102/><T123/><D133/><U36/><E104/><V109/><F14/><W88/><G84/><T69/><D69/><U5/><E107/><V101/><F101/><W97/><G68/><T71/><D71/><U6/><E6/><V44/><F56/><W29/><G29/><T33/><D33/><U70/><E70/><V60/><F60/><W8/><G67/><T4/><D4/><U38/><E5/><V124/><F109/><W89/><G97/><T81/><D59/><U106/><E106/><V122/><F122/><W128/><G128/><T42/><D123/><U11/><E131/><V2/><F2/><W50/><REACH who="3" step="1"/><G85/><REACH who="3" ten="161,382,315,132" step="2"/><T66/><D130/><U58/><E121/><V98/><F98/><W54/><G54/><T73/><D42/><U45/><E40/><V23/><F74/><W39/><G39/><T27/><D73/><U99/><E99/><V75/><F75/><W51/><G51/><T83/><D66/><U26/><E37/><V61/><F61/><W12/><G12/><T17/><D65/><U47/><E38/><V92/><F49/><W111/><G111/><T100/><D64/><U115/><E36/><V129/><F129/><W22/><AGARI ba="0,1" hai="8,9,15,19,22,46,48,50,53,55,57,88,89,91" machi="22" ten="30,7900,0" yaku="1,1,0,1,8,1,54,1,53,0" doraHai="110" doraHaiUra="79" who="3" fromWho="3" sc="161,-20,382,-20,315,-39,132,89" /><INIT seed="7,0,0,2,2,122" ten="141,362,276,221" oya="3" hai0="103,50,123,64,84,72,63,78,91,32,52,61,70" hai1="36,114,29,28,17,34,11,19,37,102,57,7,49" hai2="1,108,9,69,105,127,43,23,124,96,44,56,119" hai3="26,38,67,133,104,71,0,5,82,4,89,53,116"/><W39/><G116/><T58/><D32/><U121/><E121/><V62/><F119/><W95/><G104/><T101/><D123/><U75/><E75/><V128/><F128/><W27/><G39/><T129/><D129/><U126/><E102/><N who="2" m="62663" /><F23/><W60/><G38/><T134/><D134/><U112/><E126/><N who="2" m="48171" /><F69/><W88/><G133/><T98/><D98/><U33/><E49/><N who="2" m="26783" /><F108/><W24/><G0/><T40/><D40/><U68/><E17/><V45/><F45/><W59/><G82/><T25/><D25/><U100/><E100/><V13/><F1/><W74/><G74/><T48/><D48/><U80/><E7/><V21/><F21/><W16/><G89/><T107/><D107/><U87/><E11/><V12/><F9/><W66/><G16/><T109/><D63/><U35/><E87/><V79/><F79/><W81/><G81/><T92/><REACH who="0" step="1"/><D109/><REACH who="0" ten="131,362,276,221" step="2"/><U76/><E37/><V65/><AGARI ba="0,1" hai="12,13,56,62,65" m="26783,48171,62663" machi="65" ten="30,1100,0" yaku="18,1" doraHai="122" who="2" fromWho="2" sc="131,-3,362,-3,276,21,221,-5" owari="128,-37.0,359,45.0,297,10.0,216,-18.0" /></mjloggm>