<mjloggm ver="2.3"><GO type="169" lobby="0"/><UN n0="%70%65%72%6F%32" n1="%EF%BC%88%E2%89%A7%E2%96%BD%E2%89%A6%EF%BC%89" n2="%E3%81%BE%E3%81%8A%E3%82%89%E3%82%93" n3="%67%69%6A%79%75%74%75" dan="16,18,16,17" rate="2070.84,2272.93,2124.90,2106.50" sx="M,M,F,M"/><TAIKYOKU oya="0"/><INIT seed="0,0,0,1,2,123" ten="250,250,250,250" oya="0" hai0="69,92,121,89,111,11,55,30,56,8,113,90,45" hai1="102,36,135,134,75,126,114,124,77,4,49,80,19" hai2="95,42,85,34,117,47,91,129,125,15,128,110,10" hai3="84,50,68,79,38,112,99,108,26,119,72,101,31"/><T70/><D113/><U22/><E36/><V40/><F34/><W25/><G119/><T66/><D121/><U27/><E114/><V118/><F125/><N who="1" m="48233" /><E102/><V106/><F106/><W109/><G38/><T133/><D133/><N who="1" m="50699" /><E49/><N who="2" m="26855" /><F42/><W87/><G68/><T44/><D111/><N who="3" m="42569" /><G112/><T63/><D69/><U83/><E83/><V51/><F51/><W98/><G50/><T74/><D74/><U71/><E71/><V115/><F115/><W9/><G72/><T52/><D30/><U6/><AGARI ba="0,0" hai="4,6,19,22,27,75,77,80" m="50699,48233" machi="6" ten="40,2700,0" yaku="18,1,20,1" doraHai="123" who="1" fromWho="1" sc="250,-13,250,27,250,-7,250,-7" /><INIT seed="1,0,0,1,5,63" ten="237,277,243,243" oya="1" hai0="39,69,102,104,77,119,68,27,44,107,78,85,12" hai1="123,34,134,52,33,51,35,122,19,109,32,59,103" hai2="121,135,80,72,118,131,60,47,1,93,20,79,105" hai3="115,48,5,46,23,117,76,37,66,94,26,17,132"/><U3/><E3/><V97/><F1/><W128/><G115/><T38/><D119/><U120/><E134/><V0/><F0/><W22/><G132/><T30/><D12/><U45/><N who="1" m="8192" /><DORA hai="70" /><U89/><E103/><V111/><F135/><W74/><G117/><T16/><D30/><U114/><E114/><V82/><F118/><W99/><G5/><T67/><D44/><U43/><E109/><V95/><F121/><W36/><G128/><T83/><D102/><U57/><E89/><V100/><F131/><W125/><G125/><T21/><D78/><U112/><E112/><V116/><F116/><W7/><G7/><T28/><D28/><U92/><E92/><V53/><F111/><W75/><G66/><T110/><D110/><U8/><REACH who="1" step="1"/><E43/><REACH who="1" ten="237,267,243,243" step="2"/><V13/><F93/><W56/><G94/><T58/><D104/><U31/><E31/><V84/><F105/><W98/><G26/><T124/><D107/><U126/><E126/><V81/><F72/><W71/><G75/><T87/><D124/><U42/><E42/><V29/><F29/><W49/><G74/><T10/><D83/><U133/><E133/><V106/><F106/><W65/><G76/><T91/><D77/><U15/><AGARI ba="0,1" hai="8,15,19,45,51,52,57,59,120,122,123" m="8192" machi="15" ten="70,12000,1" yaku="1,1,0,1,54,1,53,1" doraHai="63,70" doraHaiUra="11,130" who="1" fromWho="1" sc="237,-40,267,130,243,-40,243,-40" /><INIT seed="1,1,0,0,4,131" ten="197,397,203,203" oya="1" hai0="42,27,20,39,110,35,124,17,37,103,24,55,101" hai1="94,129,34,57,28,56,65,49,105,115,4,108,122" hai2="132,23,46,9,6,68,47,43,13,60,69,114,81" hai3="83,29,118,123,116,125,70,102,90,18,113,59,16"/><U58/><E105/><V117/><F117/><N who="3" m="45163" /><G70/><T67/><D110/><U76/><E122/><V11/><F23/><W74/><G123/><T14/><D124/><U75/><E115/><V61/><F114/><W3/><G3/><T7/><D67/><U19/><E129/><V44/><F43/><W119/><G125/><T21/><D55/><U32/><E4/><V64/><F81/><W112/><N who="3" m="45171" /><W41/><DORA hai="82" /><G41/><T40/><D35/><U33/><E65/><V121/><F121/><W62/><G29/><T31/><D14/><U135/><E28/><V79/><F79/><N who="3" m="44535" /><G102/><T87/><D87/><U120/><E120/><V85/><F85/><W126/><G126/><T95/><D7/><U88/><E75/><V106/><F64/><N who="3" m="39007" /><G90/><T91/><D31/><U92/><E33/><V54/><F54/><W97/><G97/><T30/><D30/><U104/><E32/><V130/><F130/><W71/><G71/><T96/><D91/><U100/><E88/><V109/><F109/><W10/><G18/><T12/><D17/><U38/><E19/><N who="2" m="8623" /><F69/><W93/><G93/><T111/><D95/><U5/><E34/><V26/><F106/><W72/><G72/><T86/><D111/><U78/><E104/><V77/><F68/><W36/><G36/><T133/><D86/><U128/><E38/><V63/><F77/><W2/><G2/><T25/><D96/><U73/><E78/><V107/><F107/><W51/><G51/><T48/><D48/><U8/><E76/><V89/><F89/><W22/><G10/><T50/><D50/><U99/><E49/><RYUUKYOKU ba="1,0" sc="197,-10,397,-10,203,-10,203,30" hai3="16,22,112,113" /><INIT seed="2,2,0,3,1,45" ten="187,387,193,233" oya="2" hai0="103,97,39,2,50,88,37,9,5,0,3,18,63" hai1="31,40,101,33,69,111,8,14,26,120,105,68,108" hai2="126,67,46,55,28,36,7,79,21,95,122,77,30" hai3="66,49,96,65,117,32,75,56,41,29,127,132,80"/><V82/><F122/><W114/><G117/><T10/><D63/><U98/><E40/><V124/><F7/><W107/><G32/><T15/><D50/><U123/><E14/><V81/><F67/><W42/><G29/><N who="2" m="11369" /><F21/><W51/><G114/><T104/><REACH who="0" step="1"/><D88/><REACH who="0" ten="177,387,193,233" step="2"/><U100/><E100/><V85/><F95/><W112/><G51/><T93/><D93/><U115/><E115/><V131/><F36/><AGARI ba="2,1" hai="0,2,3,5,9,10,15,18,36,37,39,97,103,104" machi="36" ten="40,8000,1" yaku="1,1,53,3" doraHai="45" doraHaiUra="35" who="0" fromWho="2" sc="177,96,387,0,193,-86,233,0" /><INIT seed="3,0,0,1,4,77" ten="273,387,107,233" oya="3" hai0="79,98,18,66,3,56,124,78,31,33,128,39,4" hai1="15,53,35,102,37,100,44,10,57,74,47,76,20" hai2="38,19,59,87,110,106,36,6,112,23,21,107,117" hai3="126,45,90,12,26,103,14,104,133,84,108,125,28"/><W135/><G45/><N who="1" m="17482" /><E74/><V63/><F112/><W91/><G103/><T60/><D39/><U27/><E35/><V131/><F6/><W41/><G41/><T73/><D128/><U52/><E76/><V71/><F71/><W127/><G104/><T2/><D124/><U62/><E53/><V65/><F117/><W7/><G108/><T118/><D118/><U46/><E46/><V132/><F110/><W81/><G91/><T130/><D130/><U5/><E37/><V70/><F131/><W123/><G123/><T97/><D18/><AGARI ba="0,0" hai="5,10,15,18,20,27,52,57,62,100,102" m="17482" machi="18" ten="30,2000,0" yaku="8,1,54,1" doraHai="77" who="1" fromWho="0" sc="273,-20,387,20,107,0,233,0" /><INIT seed="4,0,0,5,2,54" ten="253,407,107,233" oya="0" hai0="34,51,28,47,113,129,26,33,134,92,65,74,16" hai1="90,64,118,13,112,46,107,106,85,128,36,103,102" hai2="110,87,63,50,43,9,94,59,39,127,68,15,45" hai3="6,30,37,71,27,31,38,133,100,79,57,49,105"/><T125/><D113/><U41/><E118/><V75/><F75/><W14/><G71/><T5/><D74/><U86/><E64/><V10/><F127/><W20/><G31/><T82/><D134/><U55/><E112/><V97/><F110/><W131/><G133/><T96/><D129/><U126/><E126/><V77/><F68/><W17/><G131/><T40/><D125/><U73/><E73/><V119/><F39/><W22/><G6/><T81/><D33/><U21/><E128/><V42/><F42/><W72/><G100/><T35/><D35/><U7/><E86/><V114/><F114/><W109/><G105/><T3/><D65/><U11/><E107/><V116/><F116/><W44/><G109/><T111/><D111/><U120/><E106/><V98/><F119/><W83/><G57/><T0/><D16/><U91/><E91/><V66/><F10/><W117/><G117/><T122/><D122/><U48/><E21/><V58/><F58/><W24/><G14/><T62/><D62/><U56/><REACH who="1" step="1"/><E120/><REACH who="1" ten="253,397,107,233" step="2"/><V19/><F77/><W32/><REACH who="3" step="1"/><G20/><REACH who="3" ten="253,397,107,223" step="2"/><T67/><D34/><U93/><AGARI ba="0,2" hai="7,11,13,36,41,46,48,55,56,85,90,93,102,103" machi="93" ten="20,12000,2" yaku="1,1,2,1,0,1,7,1,52,1,53,1" doraHai="54" doraHaiUra="53" who="1" fromWho="1" sc="253,-60,397,140,107,-30,223,-30" /><INIT seed="5,0,0,3,0,70" ten="193,537,77,193" oya="1" hai0="60,50,45,86,76,53,58,103,82,135,106,102,115" hai1="32,124,23,48,12,123,75,129,96,78,84,112,22" hai2="66,52,80,54,92,134,39,110,91,109,77,87,114" hai3="65,122,27,6,105,9,47,49,18,72,37,19,119"/><U5/><E32/><V63/><F134/><W93/><G122/><T133/><D115/><U7/><E75/><V11/><F114/><W46/><G105/><T40/><REACH who="0" step="1"/><D106/><REACH who="0" ten="183,537,77,193" step="2"/><U33/><E112/><V13/><F109/><W1/><G119/><T120/><D120/><U95/><E123/><V20/><F110/><W21/><G72/><T117/><D117/><U64/><E129/><V28/><F28/><W108/><G108/><T69/><D69/><U0/><E124/><V73/><F20/><W100/><G65/><T104/><D104/><U24/><E22/><V42/><F42/><W31/><G31/><T132/><AGARI ba="0,1" hai="40,45,50,53,58,60,76,82,86,102,103,132,133,135" machi="132" ten="30,4000,0" yaku="1,1,0,1,20,1,53,0" doraHai="70" doraHaiUra="116" who="0" fromWho="0" sc="183,50,537,-20,77,-10,193,-10" /><INIT seed="6,0,0,5,4,12" ten="233,517,67,183" oya="2" hai0="53,77,26,8,130,23,20,105,40,71,10,28,127" hai1="21,93,24,118,97,96,66,117,115,133,45,85,46" hai2="16,44,121,51,80,126,2,4,54,114,30,7,81" hai3="3,47,9,5,17,108,36,70,15,112,131,125,0"/><V100/><F121/><W76/><G70/><T67/><D105/><U134/><E66/><V119/><F119/><W113/><G76/><T110/><D110/><U42/><E85/><V79/><F30/><W101/><G101/><T32/><D130/><U87/><E87/><V38/><F38/><W102/><G102/><T92/><D127/><U91/><E97/><V116/><F116/><W74/><G74/><T82/><D92/><U14/><E14/><V57/><F126/><W109/><G47/><N who="1" m="17930" /><E42/><N who="2" m="24983" /><F2/><N who="3" m="555" /><G36/><T135/><D40/><U84/><E84/><N who="2" m="48159" /><F100/><W128/><G125/><T99/><D99/><U111/><E111/><N who="3" m="42570" /><G5/><N who="2" m="2121" /><F81/><W41/><G41/><T13/><D71/><U6/><E118/><V31/><F31/><W37/><G37/><T29/><D28/><U83/><E117/><V129/><F129/><AGARI ba="0,0" hai="9,15,17,112,113,128,129,131" m="42570,555" machi="129" ten="40,8000,1" yaku="19,1,34,2,52,1" doraHai="12" who="3" fromWho="2" sc="233,0,517,0,67,-80,183,80" owari="233,-17.0,517,62.0,-13,-51.0,263,6.0" /></mjloggm>