<mjloggm ver="2.3"><GO type="1"/><UN n0="%E8%BC%94%E3%83%AB%74%6F%6E" n1="%E3%8C%B6%E3%8D%91%E3%8D%8D%E3%8D%8A%E3%8C%AB" n2="%EF%BC%88%E2%89%A7%E2%96%BD%E2%89%A6%EF%BC%89" n3="%4E%6F%4E%61%6D%65" dan="10,8,9,0" rate="1519,1658,1727,1500" sx="M,M,M,M"/><TAIKYOKU oya="0"/><INIT seed="0,0,0,4,1,17" ten="250,250,250,250" oya="0" hai0="4,37,61,14,50,68,32,58,70,100,1,83,115" hai1="55,69,23,2,134,73,120,94,54,66,33,85,25" hai2="9,44,88,34,19,10,39,11,75,46,86,67,59" hai3="107,114,21,98,104,105,125,27,111,84,133,13,18"/><T12/><D115/><U132/><E120/><V57/><F75/><W99/><G114/><T78/><D37/><U30/><E73/><V48/><F34/><W116/><G116/><T36/><D32/><U101/><E2/><V112/><F112/><W74/><G111/><T60/><D36/><U119/><E119/><V71/><F39/><W82/><G74/><T90/><D70/><U28/><E69/><V8/><F71/><W15/><G107/><T53/><D68/><U89/><E66/><V110/><F110/><W102/><G104/><T47/><D1/><U0/><E0/><V29/><F29/><W56/><G56/><N who="2" m="21577" /><F67/><W72/><G72/><T40/><D100/><U123/><E123/><V7/><F7/><W20/><G105/><T79/><D4/><U131/><E131/><V118/><F118/><W62/><G99/><T5/><D61/><U122/><E122/><V45/><F8/><N who="3" m="6439" /><G62/><T97/><D5/><U108/><E108/><V135/><F135/><N who="1" m="51753" /><E101/><V65/><F65/><W51/><G21/><T3/><D3/><U31/><E33/><V109/><F109/><W63/><G133/><T38/><D38/><U42/><E42/><N who="2" m="24599" /><F19/><AGARI ba="0,0" hai="19,23,25,28,30,31,54,55,85,89,94" m="51753" machi="19" ten="30,2000,0" yaku="20,1,52,1" doraHai="17" who="1" fromWho="2" sc="250,0,250,20,250,-20,250,0" /><INIT seed="1,0,0,1,2,20" ten="250,270,230,250" oya="1" hai0="31,123,45,78,7,0,34,112,3,97,133,36,30" hai1="101,24,119,65,55,96,62,76,70,19,74,44,118" hai2="28,71,48,86,41,82,5,124,109,63,29,61,89" hai3="93,32,84,64,47,12,106,131,134,73,102,92,69"/><U46/><E46/><N who="2" m="25679" /><F71/><W128/><G73/><T51/><D112/><U127/><E127/><V8/><F109/><W87/><G32/><T121/><D36/><U105/><E76/><V75/><F75/><W126/><G126/><T114/><D114/><U26/><E74/><V14/><F124/><W95/><G106/><T117/><D117/><U104/><E104/><V115/><F115/><W39/><G102/><T25/><D133/><U83/><E83/><V130/><F130/><N who="3" m="49707" /><G134/><T60/><D60/><AGARI ba="0,0" hai="5,8,14,28,29,60,61,63,82,86,89" m="25679" machi="60" ten="30,1000,0" yaku="8,1" doraHai="20" who="2" fromWho="0" sc="250,-10,270,0,230,10,250,0" /><INIT seed="2,0,0,1,2,110" ten="240,270,240,250" oya="2" hai0="108,31,91,109,71,22,21,43,98,27,34,59,93" hai1="89,87,42,115,57,23,54,60,37,113,76,117,64" hai2="125,92,15,8,116,128,104,11,69,48,58,72,62" hai3="49,61,56,16,2,1,88,83,38,102,14,118,68"/><V53/><F116/><W50/><G118/><T4/><D71/><U12/><E117/><V96/><F128/><W20/><G38/><T19/><D43/><U26/><E76/><V130/><F130/><W3/><G68/><T6/><D59/><U90/><E89/><V30/><F125/><W95/><G102/><T63/><D63/><U66/><E66/><V134/><F134/><W111/><G111/><N who="0" m="42571" /><D34/><U17/><E42/><V112/><F112/><W73/><G73/><T35/><D35/><U46/><E46/><V85/><F72/><W103/><G50/><T75/><D75/><U51/><E37/><V122/><F122/><W94/><G103/><T81/><D81/><U39/><E39/><V80/><F30/><W99/><G94/><T9/><D9/><U67/><E67/><V126/><F126/><W106/><G106/><T45/><D45/><U24/><E24/><AGARI ba="0,0" hai="4,6,19,21,22,24,27,31,91,93,98" m="42571" machi="24" ten="30,1000,0" yaku="14,1" doraHai="110" who="0" fromWho="1" sc="240,10,270,-10,240,0,250,0" /><INIT seed="3,0,0,1,4,11" ten="250,260,240,250" oya="3" hai0="111,115,13,71,59,51,92,84,106,52,35,43,104" hai1="3,16,130,20,101,55,29,121,87,113,61,0,110" hai2="23,99,65,50,18,62,112,74,38,72,21,58,69" hai3="34,48,47,1,24,97,79,96,27,15,82,94,135"/><W85/><G34/><T36/><D35/><U109/><E113/><V53/><F112/><W116/><G116/><T122/><D122/><U41/><E121/><V75/><F38/><W88/><G1/><T73/><D115/><U132/><E132/><V81/><F99/><W77/><G97/><T95/><D73/><U128/><E29/><V37/><F37/><W28/><G77/><T119/><D119/><U56/><E101/><V114/><F114/><W123/><G123/><T44/><D111/><N who="1" m="42507" /><E41/><V83/><REACH who="2" step="1"/><F21/><REACH who="2" step="2"/><N who="3" m="15375" /><G27/><AGARI ba="0,1" hai="18,23,27,50,53,58,62,65,69,72,74,75,81,83" machi="27" ten="40,2600,0" yaku="1,1,53,1" doraHai="11" doraHaiUra="17" who="2" fromWho="3" sc="250,0,260,0,230,36,250,-26" /><INIT seed="4,0,0,3,5,91" ten="250,260,266,224" oya="0" hai0="4,101,55,71,5,43,135,33,132,16,116,109,63" hai1="56,36,9,25,28,79,58,53,64,133,117,42,57" hai2="19,123,110,92,99,60,2,39,74,95,15,107,35" hai3="126,38,129,78,7,23,82,10,104,72,31,124,70"/><T20/><D116/><U96/><E117/><V120/><F2/><N who="3" m="375" /><G104/><T100/><D33/><U88/><E133/><N who="0" m="51273" /><D109/><U121/><E121/><V48/><F110/><W134/><G70/><T111/><D111/><U128/><E128/><V11/><F39/><W45/><G129/><T21/><D71/><U1/><E79/><V81/><F35/><W90/><G134/><T47/><D43/><U97/><E64/><V93/><F60/><W77/><G77/><T12/><D20/><U94/><E42/><V76/><REACH who="2" step="1"/><F48/><REACH who="2" step="2"/><W17/><G38/><T83/><D63/><U103/><E36/><V125/><F125/><N who="3" m="48235" /><G90/><T105/><D105/><U84/><E103/><AGARI ba="0,1" hai="11,15,19,74,76,81,92,93,95,99,103,107,120,123" machi="103" ten="40,8000,1" yaku="1,1,52,3,53,0" doraHai="91" doraHaiUra="127" who="2" fromWho="1" sc="250,0,260,-80,256,90,224,0" owari="250,5,180,-32,346,45,224,-18" /></mjloggm>