<mjloggm ver="2.3"><GO type="169"/><UN n0="%6D%61%63%6A%72" n1="%EF%BC%88%E2%89%A7%E2%96%BD%E2%89%A6%EF%BC%89" n2="%E3%81%97%E3%82%85%E3%81%86%E3%81%A1%E3%82%83%E3%82%93%E2%99%AA" n3="%E3%81%B5%E3%81%8B%E3%81%BF" dan="17,18,16,17" rate="2178,2190,2052,2214" sx="M,M,M,F"/><TAIKYOKU oya="0"/><INIT seed="0,0,0,5,4,85" ten="250,250,250,250" oya="0" hai0="63,7,68,49,54,62,44,55,33,67,79,82,124" hai1="41,104,9,53,114,135,6,69,38,4,17,96,25" hai2="24,11,61,22,28,5,32,37,29,123,132,100,21" hai3="73,105,43,118,42,58,89,81,16,66,71,127,131"/><T90/><D124/><U133/><E69/><V80/><F123/><W20/><G105/><T99/><D33/><U45/><E114/><V121/><F121/><W129/><G118/><T52/><D7/><U120/><E120/><V57/><F132/><N who="1" m="50761" /><E53/><V59/><F37/><W50/><G71/><T102/><D62/><U92/><E104/><V107/><F59/><W74/><G127/><T26/><D26/><U65/><E65/><V91/><F107/><W126/><G126/><T103/><D90/><N who="1" m="55319" /><E25/><V93/><F100/><W84/><G66/><T0/><D0/><U64/><E64/><V108/><F108/><W10/><G58/><T76/><D76/><U46/><E46/><V14/><F80/><W117/><G117/><T75/><REACH who="0" step="1"/><D99/><REACH who="0" ten="240,250,250,250" step="2"/><U2/><E6/><V35/><F35/><W111/><G111/><T56/><D56/><U15/><E17/><V116/><F29/><W122/><G122/><T101/><AGARI ba="0,1" hai="44,49,52,54,55,63,67,68,75,79,82,101,102,103" machi="101" ten="30,6000,0" yaku="1,1,0,1,54,1,53,0" doraHai="85" doraHaiUra="39" who="0" fromWho="0" sc="240,70,250,-20,250,-20,250,-20" /><INIT seed="0,1,0,5,1,133" ten="310,230,230,230" oya="0" hai0="34,61,3,31,123,108,127,33,22,42,101,51,111" hai1="94,58,28,32,92,88,6,96,122,21,73,70,93" hai2="54,118,116,16,10,40,79,56,25,112,50,113,60" hai3="8,134,131,132,43,105,126,114,53,46,47,72,14"/><T75/><D75/><U91/><E73/><V12/><F79/><W81/><G105/><T129/><D123/><U23/><E70/><V65/><F40/><W52/><G114/><T20/><D3/><U49/><E122/><V19/><F19/><W71/><G71/><T90/><D129/><U5/><E32/><N who="0" m="12393" /><D101/><U2/><E2/><V130/><F25/><W59/><G131/><T104/><D104/><U78/><E78/><V0/><F0/><W48/><G81/><T29/><D61/><U37/><E37/><V100/><F100/><W36/><G72/><T121/><D121/><U45/><E58/><V86/><F86/><W84/><G84/><T1/><D1/><U11/><E11/><V64/><F130/><W18/><REACH who="3" step="1"/><G126/><REACH who="3" ten="310,230,230,220" step="2"/><T83/><D127/><U82/><E82/><V135/><F135/><W9/><G9/><T98/><D83/><U17/><E92/><V38/><F38/><W41/><G41/><T7/><D42/><N who="1" m="24759" /><E93/><V62/><F113/><W35/><G35/><T85/><D85/><U4/><E94/><V68/><REACH who="2" step="1"/><F112/><REACH who="2" ten="310,230,220,220" step="2"/><W87/><G87/><T106/><D98/><U74/><E96/><V110/><F110/><W120/><G120/><T77/><D77/><U67/><E74/><V39/><F39/><W97/><G97/><T13/><D108/><U57/><E91/><V15/><F15/><W24/><G24/><T107/><D90/><U117/><E88/><V125/><F125/><W89/><G89/><T44/><D111/><U124/><E124/><V102/><F102/><W119/><G119/><T63/><D106/><U95/><E117/><RYUUKYOKU ba="1,2" sc="310,-15,230,-15,220,15,220,15" hai2="10,12,16,50,54,56,60,62,64,65,68,116,118" hai3="8,14,18,36,43,46,47,48,52,53,59,132,134" /><INIT seed="1,2,2,1,5,132" ten="295,215,235,235" oya="1" hai0="0,81,113,79,133,78,1,15,123,90,49,74,37" hai1="38,86,103,23,57,127,68,54,92,88,87,43,27" hai2="124,9,59,76,85,58,66,41,56,129,73,121,28" hai3="131,39,33,6,16,42,22,93,25,36,82,50,7"/><U91/><E68/><V130/><F121/><W65/><G131/><N who="2" m="50185" /><F73/><W60/><G33/><T14/><D37/><U34/><E34/><V31/><F66/><W4/><G82/><T2/><D113/><U24/><E127/><V48/><F124/><W84/><G50/><T94/><D133/><U98/><E38/><V122/><F9/><W32/><G32/><T109/><D78/><U61/><E43/><V8/><F8/><W13/><G42/><T118/><D118/><U95/><REACH who="1" step="1"/><E23/><REACH who="1" ten="295,205,235,235" step="2"/><V100/><F122/><W135/><G135/><T62/><D123/><U89/><E89/><V114/><F114/><W110/><G39/><T96/><D109/><U21/><E21/><V126/><F126/><W64/><G36/><T18/><D90/><U102/><E102/><V115/><F100/><W40/><G40/><T75/><D79/><U19/><E19/><V111/><F115/><W45/><G110/><T108/><D18/><U104/><AGARI ba="2,3" hai="24,27,54,57,61,86,87,88,91,92,95,98,103,104" machi="104" ten="20,12000,1" yaku="1,1,0,1,7,1,9,1,54,1,53,0" doraHai="132" doraHaiUra="3" who="1" fromWho="1" sc="295,-42,205,156,235,-42,235,-42" /><INIT seed="1,3,0,3,4,35" ten="253,361,193,193" oya="1" hai0="85,9,3,134,112,55,93,1,123,28,92,27,41" hai1="61,40,4,103,44,17,14,104,99,113,110,60,95" hai2="124,86,118,107,91,131,36,2,18,68,120,52,97" hai3="132,58,108,96,90,74,32,80,13,100,87,38,130"/><U56/><E113/><V79/><F120/><W109/><G32/><T119/><D112/><U89/><E4/><V84/><F118/><W51/><G38/><T101/><D119/><U45/><E110/><N who="3" m="42602" /><G13/><T39/><D123/><U71/><E71/><V127/><F36/><W75/><G51/><T115/><D115/><U48/><E45/><V30/><F131/><W114/><G58/><T125/><D134/><U88/><E104/><V57/><F68/><W29/><G29/><T117/><D117/><U46/><E44/><V23/><F30/><W98/><G114/><T7/><D125/><N who="2" m="48202" /><F79/><W133/><G130/><T128/><D128/><U21/><REACH who="1" step="1"/><E61/><REACH who="1" ten="253,351,193,193" step="2"/><N who="2" m="36007" /><F107/><N who="3" m="63879" /><G98/><T37/><D7/><U0/><E0/><V12/><F2/><W76/><G74/><T54/><D3/><U20/><E20/><V126/><F126/><W25/><G25/><T102/><D27/><U6/><E6/><V105/><F105/><W69/><G69/><T49/><D1/><U83/><E83/><AGARI ba="3,1" hai="75,76,80,83,87,90,132,133" m="63879,42602" machi="83" ten="30,3900,0" yaku="14,1,34,2" doraHai="35" who="3" fromWho="1" sc="253,0,351,-48,193,0,193,58" /><INIT seed="2,0,0,1,4,9" ten="253,303,193,251" oya="2" hai0="99,62,5,61,4,6,47,31,29,93,66,135,84" hai1="2,76,23,83,37,55,130,69,3,97,118,68,24" hai2="79,87,45,119,75,134,78,44,11,60,95,94,13" hai3="63,131,110,111,25,53,101,124,50,103,128,41,48"/><V92/><F119/><W114/><G25/><T132/><D84/><U109/><E37/><V49/><F134/><N who="0" m="51242" /><D47/><U56/><E118/><V19/><F75/><W39/><G103/><N who="0" m="60911" /><D62/><U125/><E97/><V120/><F120/><W40/><G101/><T26/><D26/><U46/><E46/><V100/><F100/><W67/><G114/><T89/><D89/><U106/><E106/><V35/><F35/><W22/><G124/><T54/><D54/><U133/><E125/><V113/><F113/><W38/><G53/><T8/><D8/><U18/><E133/><V116/><F116/><W112/><G112/><T123/><D123/><U28/><E69/><AGARI ba="0,0" hai="4,5,6,29,31,61,66,69" m="60911,51242" machi="69" ten="30,1000,0" yaku="20,1" doraHai="9" who="0" fromWho="1" sc="253,10,303,-10,193,0,251,0" /><INIT seed="3,0,0,3,5,50" ten="263,293,193,251" oya="3" hai0="73,101,33,46,4,118,117,11,113,54,65,21,56" hai1="99,42,31,110,45,95,85,91,103,38,116,26,89" hai2="17,67,9,58,40,44,55,72,104,83,28,25,16" hai3="6,131,63,79,62,134,93,109,13,7,30,130,97"/><W43/><G134/><T78/><D33/><U24/><E110/><V29/><F104/><W14/><G30/><T60/><D113/><U122/><E122/><V36/><F67/><W90/><G79/><T53/><D101/><U1/><E116/><V18/><F9/><W8/><G43/><T123/><D123/><U41/><E1/><V75/><F83/><W100/><G109/><T105/><D105/><U115/><E115/><V135/><F135/><W0/><G100/><T39/><D21/><U66/><E41/><V84/><F84/><W106/><G106/><T129/><D129/><N who="3" m="49161" /><G6/><T57/><D78/><U86/><E66/><V87/><F87/><W80/><G80/><T74/><D74/><U15/><E31/><V68/><F68/><W48/><G48/><T19/><D73/><U51/><E38/><V52/><F29/><W121/><G121/><T12/><D4/><U35/><E35/><V10/><F10/><W32/><G32/><T23/><D11/><U120/><E120/><V112/><F112/><W128/><N who="3" m="49169" /><W37/><DORA hai="64" /><G37/><T3/><D3/><U47/><E103/><V127/><F127/><W132/><G132/><T81/><D81/><N who="1" m="49327" /><E86/><V22/><REACH who="2" step="1"/><F55/><REACH who="2" ten="263,293,183,251" step="2"/><W126/><G126/><T96/><D65/><U59/><E99/><V107/><F107/><W5/><G5/><T124/><D96/><U133/><E133/><V27/><F27/><W71/><G71/><T102/><D124/><U20/><E26/><V49/><AGARI ba="0,1" hai="16,17,18,22,25,28,36,40,44,49,52,58,72,75" machi="49" ten="30,12000,2" yaku="1,1,0,1,52,1,54,2,53,1" doraHai="50,64" doraHaiUra="2,70" who="2" fromWho="2" sc="263,-30,293,-30,183,130,251,-60" /><INIT seed="4,0,0,1,5,85" ten="233,263,313,191" oya="0" hai0="41,68,78,113,16,33,92,1,104,112,109,86,59" hai1="101,108,70,58,121,127,19,12,6,61,135,38,17" hai2="42,28,27,66,97,76,43,69,47,74,18,60,132" hai3="57,93,5,75,15,56,36,111,54,129,119,89,55"/><T117/><D68/><U94/><E38/><V73/><F132/><W44/><G75/><T116/><D104/><U125/><E121/><V35/><F43/><W52/><G111/><T105/><D105/><U98/><E70/><V82/><F18/><W22/><G119/><T45/><D33/><U134/><E108/><V34/><F97/><W128/><G36/><T23/><D1/><U32/><E6/><V120/><F120/><W48/><G5/><T130/><D109/><U51/><E51/><V62/><F62/><W88/><G15/><T49/><D130/><N who="3" m="50281" /><G22/><T102/><D59/><N who="3" m="22601" /><G93/><T63/><D63/><U67/><E32/><N who="2" m="20511" /><F74/><W25/><G25/><T11/><D11/><N who="1" m="6303" /><E19/><V29/><F29/><W126/><G126/><AGARI ba="0,0" hai="58,61,67,94,98,101,125,126,127,134,135" m="6303" machi="126" ten="30,1000,0" yaku="18,1" doraHai="85" who="1" fromWho="3" sc="233,0,263,10,313,0,191,-10" /><INIT seed="5,0,0,3,0,8" ten="233,273,313,181" oya="1" hai0="28,12,68,47,106,34,84,88,97,42,33,0,19" hai1="27,7,98,35,127,58,79,3,101,54,122,115,16" hai2="38,83,22,31,89,129,100,77,108,76,63,92,135" hai3="60,21,114,73,96,132,105,128,70,41,24,50,6"/><U99/><E122/><V43/><F108/><W78/><G6/><T80/><D0/><U116/><E116/><V107/><F135/><W93/><G105/><T67/><D28/><U4/><E115/><V1/><F1/><W49/><G114/><T134/><D134/><U61/><E127/><V95/><F129/><W14/><G132/><T113/><D113/><U52/><E79/><V75/><F77/><W46/><G128/><T23/><D68/><U26/><E3/><V30/><F107/><W25/><G78/><T53/><D53/><U90/><E35/><V72/><F75/><W94/><G73/><T39/><REACH who="0" step="1"/><D67/><REACH who="0" ten="223,273,313,181" step="2"/><U11/><E54/><V65/><F30/><W40/><G70/><T87/><D87/><U118/><E118/><V126/><F31/><W124/><G124/><T71/><D71/><U13/><E90/><V74/><F89/><N who="3" m="55343" /><G60/><T48/><D48/><U125/><E125/><V120/><F63/><W133/><G133/><T56/><D56/><U45/><E45/><V119/><F126/><W32/><G32/><T37/><D37/><U86/><E86/><V62/><F38/><W9/><G50/><T10/><D10/><U85/><E85/><V130/><F119/><W64/><G64/><T36/><D36/><U112/><E112/><V17/><F65/><W103/><G9/><T111/><D111/><U121/><E121/><V69/><F120/><W123/><G123/><T18/><D18/><U55/><E55/><V20/><F17/><N who="3" m="10423" /><G41/><T91/><D91/><U57/><E58/><V81/><F43/><W117/><G117/><T82/><D82/><RYUUKYOKU ba="0,1" sc="223,15,273,-15,313,-15,181,15" hai0="12,19,23,33,34,39,42,47,80,84,88,97,106" hai3="24,25,40,46,49,94,103" /><INIT seed="6,1,1,2,0,101" ten="238,258,298,196" oya="2" hai0="67,82,28,107,95,104,26,71,123,24,117,110,14" hai1="99,60,56,54,114,10,120,83,35,76,3,43,4" hai2="131,8,20,30,87,125,62,61,49,41,134,92,53" hai3="46,39,22,79,0,122,109,65,106,77,133,38,105"/><V7/><F134/><W124/><G109/><T2/><D2/><U96/><E114/><V21/><F131/><W80/><G122/><T130/><D110/><U57/><E35/><V32/><F125/><W12/><G0/><T33/><D123/><U73/><E120/><V25/><F41/><W86/><G124/><T119/><D130/><U121/><E121/><V78/><F32/><W72/><G133/><T111/><D111/><U50/><REACH who="1" step="1"/><E43/><REACH who="1" ten="238,248,298,196" step="2"/><V113/><F113/><W16/><G65/><AGARI ba="1,2" hai="3,4,10,50,54,56,57,60,65,73,76,83,96,99" machi="65" ten="30,3900,0" yaku="1,1,2,1,7,1,53,0" doraHai="101" doraHaiUra="127" who="1" fromWho="3" sc="238,0,248,62,298,0,196,-42" /><INIT seed="7,0,0,4,5,21" ten="238,310,298,154" oya="3" hai0="118,72,126,76,24,43,104,40,89,54,93,32,58" hai1="103,25,130,88,119,125,45,8,31,12,85,50,129" hai2="87,108,81,70,2,66,113,69,128,17,37,91,96" hai3="124,26,56,98,112,105,84,9,121,83,22,115,86"/><W59/><G121/><T51/><D104/><U5/><E103/><V29/><F108/><W34/><G34/><T111/><D111/><U6/><E119/><V30/><F37/><W123/><G123/><T0/><D118/><U16/><E125/><V92/><F113/><N who="3" m="43595" /><G124/><T116/><D0/><U20/><E130/><V102/><F128/><W63/><G9/><T109/><D109/><U67/><E67/><V107/><F2/><W49/><G49/><T1/><D1/><U42/><E129/><V99/><F17/><N who="3" m="12623" /><G83/><AGARI ba="0,0" hai="5,6,8,12,16,20,25,31,42,45,50,83,85,88" machi="83" ten="30,8000,1" yaku="7,1,8,1,52,1,54,2" doraHai="21" who="1" fromWho="3" sc="238,0,310,80,298,0,154,-80" owari="238,-16.0,390,49.0,298,10.0,74,-43.0" /></mjloggm>