<mjloggm ver="2.3"><GO type="41"/><UN n0="%E3%81%97%E3%81%A3%E3%81%A8%E3%82%8A%E3%83%81%E3%83%A7%E3%82%B3" n1="%4E%65%6A%69%72%65%6E%6F" n2="%EF%BC%88%E2%89%A7%E2%96%BD%E2%89%A6%EF%BC%89" n3="%E3%83%99%E3%83%AB%E3%82%AB%E3%81%AE%E3%82%A8%E3%83%BC%E3%82%B9" dan="15,13,14,13" rate="1990,1858,2072,2061" sx="M,M,M,M"/><TAIKYOKU oya="0"/><INIT seed="0,0,0,3,5,86" ten="250,250,250,250" oya="0" hai0="12,128,58,99,38,93,10,75,8,50,129,120,48" hai1="84,60,113,107,20,23,65,53,116,82,34,110,54" hai2="121,127,18,130,114,6,11,135,43,70,73,102,76" hai3="4,85,94,2,14,36,69,101,31,112,42,123,19"/><T0/><D120/><U105/><E116/><V28/><F18/><W57/><G69/><T21/><D75/><U35/><E110/><V72/><F43/><W37/><G112/><T124/><D38/><U97/><E113/><V1/><F114/><W3/><G3/><T64/><D124/><U13/><E107/><V83/><F121/><W88/><G123/><T52/><D64/><U7/><E105/><V26/><F127/><W111/><G111/><T39/><D39/><U17/><E97/><V133/><F130/><N who="0" m="50282" /><D48/><U87/><E7/><V22/><F102/><W59/><G37/><T115/><D115/><U40/><E40/><V98/><F98/><W90/><G101/><N who="0" m="60655" /><D0/><U126/><E126/><V118/><F118/><W132/><G132/><N who="2" m="50761" /><F70/><W32/><G32/><T104/><D104/><U41/><E41/><V47/><F47/><W46/><G31/><T62/><D62/><U25/><E35/><V51/><F51/><W125/><G125/><T134/><D134/><U45/><E34/><V29/><F73/><W5/><G2/><T109/><D109/><U81/><E45/><V122/><F122/><W100/><G100/><T92/><D92/><U89/><E60/><V131/><F131/><W80/><G57/><T117/><D117/><U44/><E65/><V103/><F103/><W79/><G59/><T68/><D68/><U24/><E44/><V95/><F95/><W108/><G108/><T61/><D61/><U66/><E66/><V30/><AGARI ba="0,0" hai="1,6,11,22,26,28,29,30,72,76,83" m="50761" machi="30" ten="30,1100,0" yaku="20,1" doraHai="86" who="2" fromWho="2" sc="250,-5,250,-3,250,11,250,-3" /><INIT seed="1,0,0,3,2,120" ten="245,247,261,247" oya="1" hai0="104,51,21,87,48,56,6,34,107,42,135,76,0" hai1="32,61,16,52,129,40,15,66,74,117,64,102,121" hai2="94,108,5,20,128,110,106,84,46,97,90,71,115" hai3="72,59,113,118,49,126,44,27,123,11,14,10,130"/><U8/><E121/><V92/><F71/><W105/><G72/><T39/><D34/><U13/><E117/><V75/><F5/><W99/><G113/><T73/><D87/><U47/><E74/><V18/><F115/><W24/><G130/><T134/><D39/><U79/><E32/><V95/><F128/><W116/><G126/><T112/><D112/><U77/><E129/><V88/><F75/><W4/><G123/><T63/><D21/><U83/><E102/><V28/><F28/><W23/><G105/><N who="0" m="40523" /><D76/><U33/><E33/><V60/><F60/><W3/><G99/><T58/><D73/><U86/><E77/><V122/><F122/><W38/><G38/><T17/><D17/><U82/><E82/><N who="2" m="49175" /><F46/><W124/><G124/><T93/><D93/><U91/><E79/><V54/><F54/><W43/><G59/><T125/><D125/><U30/><E30/><V29/><F29/><W81/><G81/><T45/><D58/><U96/><E96/><V55/><F55/><W133/><G133/><N who="0" m="50699" /><D6/><U98/><E98/><V101/><F20/><W111/><G23/><T12/><D0/><U114/><E114/><V7/><F7/><W62/><G62/><T89/><D63/><U65/><E15/><V31/><F31/><W67/><G11/><T100/><D12/><U41/><E61/><V26/><F90/><W132/><G132/><T9/><D89/><U85/><E85/><V109/><F18/><W78/><G3/><T70/><D70/><U119/><E119/><N who="3" m="45610" /><G78/><T131/><D131/><U35/><E35/><V36/><F36/><W69/><G69/><RYUUKYOKU ba="0,0" sc="245,-15,247,15,261,15,247,-15" hai1="8,13,16,40,41,47,52,64,65,66,83,86,91" hai2="26,92,94,95,97,101,106,108,109,110" /><INIT seed="1,1,0,1,3,24" ten="230,262,276,232" oya="1" hai0="59,68,135,63,44,93,122,48,38,72,23,42,99" hai1="134,83,133,96,22,46,70,107,8,113,92,118,62" hai2="130,16,109,60,30,36,6,11,41,67,108,120,66" hai3="7,65,0,26,88,40,82,29,76,123,58,37,100"/><U2/><E118/><V86/><F120/><W25/><G123/><T116/><D122/><U73/><E113/><V12/><F130/><W27/><G100/><T15/><D116/><U124/><E124/><V13/><F86/><W106/><G106/><T80/><D135/><N who="1" m="51723" /><E46/><N who="2" m="23847" /><F60/><N who="3" m="38039" /><G37/><T105/><D105/><U112/><E112/><V54/><F54/><W55/><G0/><T5/><D72/><U126/><E126/><V89/><F89/><W51/><G76/><T4/><D80/><U28/><E22/><N who="2" m="11527" /><F30/><W90/><G7/><T114/><D114/><U87/><E73/><V121/><F121/><W102/><G102/><N who="0" m="60783" /><D68/><U35/><E8/><V17/><F6/><W127/><G40/><T94/><D94/><U1/><E92/><V52/><F52/><W119/><G119/><T84/><D84/><U49/><E49/><V81/><F81/><W85/><G90/><T45/><D38/><U39/><E39/><V131/><F131/><W101/><G101/><T115/><D115/><U3/><E96/><V95/><F95/><W53/><G53/><N who="0" m="34287" /><D44/><U129/><E129/><V61/><F61/><W34/><G34/><T33/><D33/><U104/><E87/><V110/><AGARI ba="1,0" hai="11,13,17,66,67,108,109,110" m="11527,23847" machi="110" ten="30,2000,0" yaku="14,1,54,1" doraHai="24" who="2" fromWho="2" sc="230,-6,262,-11,276,23,232,-6" /><INIT seed="2,0,0,2,0,129" ten="224,251,299,226" oya="2" hai0="104,134,118,69,41,42,45,6,3,131,61,112,135" hai1="0,71,63,27,5,28,119,99,103,64,85,43,121" hai2="106,101,132,92,66,13,34,29,113,44,100,65,35" hai3="1,39,59,88,46,40,86,55,91,123,10,18,47"/><V102/><F113/><W130/><G130/><T87/><D112/><U83/><E119/><V80/><F106/><W128/><G128/><T84/><D131/><U81/><E43/><V20/><F92/><W62/><G123/><T74/><D74/><U96/><E121/><V31/><F80/><W115/><G115/><T9/><D104/><U58/><E83/><V95/><F95/><W105/><G105/><T78/><D118/><U127/><E127/><V53/><F13/><W90/><G47/><T109/><D109/><U67/><E67/><N who="2" m="25611" /><F20/><W19/><REACH who="3" step="1"/><G86/><REACH who="3" step="2"/><T97/><D84/><U48/><E99/><V51/><F132/><W25/><G25/><T126/><D134/><U94/><E0/><V50/><F50/><W76/><G76/><T77/><D135/><U33/><E5/><AGARI ba="0,1" hai="1,5,10,18,19,39,40,46,55,59,62,88,90,91" machi="5" ten="40,2600,0" yaku="1,1,54,1,53,0" doraHai="129" doraHaiUra="89" who="3" fromWho="1" sc="224,0,251,-26,299,0,216,36" /><INIT seed="3,0,0,2,3,10" ten="224,225,299,252" oya="3" hai0="90,135,13,123,118,40,61,39,80,124,130,75,125" hai1="120,11,27,114,9,81,50,108,76,96,77,34,122" hai2="109,102,65,6,12,26,0,116,14,112,62,48,16" hai3="93,69,131,91,89,25,63,28,57,74,29,58,56"/><W129/><G74/><T73/><D123/><U8/><E114/><V51/><F116/><W20/><G29/><T37/><D118/><U33/><E108/><V97/><F112/><W83/><G83/><T59/><D130/><N who="3" m="49673" /><G93/><T54/><D135/><U121/><E96/><V1/><F109/><W79/><G79/><T7/><D40/><U86/><E27/><V78/><F78/><W132/><G132/><T32/><D32/><U35/><E50/><V30/><F1/><W18/><G28/><T101/><D101/><U127/><E127/><N who="0" m="48713" /><D90/><AGARI ba="0,0" hai="8,9,11,33,34,35,76,77,81,86,90,120,121,122" machi="90" ten="50,3200,0" yaku="29,2" doraHai="10" who="1" fromWho="0" sc="224,-32,225,32,299,0,252,0" /><INIT seed="4,0,0,0,3,107" ten="192,257,299,252" oya="0" hai0="6,48,13,60,117,51,112,39,135,128,126,14,67" hai1="133,15,7,23,24,123,85,103,65,21,53,49,5" hai2="50,129,33,83,86,71,44,57,99,16,92,32,43" hai3="118,98,81,62,17,130,37,52,105,113,34,121,70"/><T9/><D39/><U69/><E123/><V111/><F111/><W28/><G28/><T76/><D117/><U84/><E133/><V11/><F71/><W30/><G30/><T4/><D135/><U120/><E120/><V1/><F129/><W18/><G18/><T100/><D100/><U29/><E103/><V12/><F57/><W101/><G17/><T19/><D128/><U35/><E69/><V63/><F63/><W78/><G130/><T127/><D112/><U131/><E65/><V68/><F1/><W109/><G118/><T114/><D114/><U96/><E131/><V79/><REACH who="2" step="1"/><F68/><REACH who="2" step="2"/><W88/><G113/><T8/><D60/><U87/><E35/><V82/><F82/><W45/><G34/><T22/><D126/><U64/><E64/><V0/><F0/><W66/><G121/><T77/><D127/><U132/><E132/><V25/><F25/><W104/><G109/><T36/><D67/><U91/><E15/><V75/><F75/><W74/><G105/><T38/><D19/><U93/><REACH who="1" step="1"/><E21/><AGARI ba="0,1" hai="4,6,8,9,13,14,21,22,36,38,48,51,76,77" machi="21" ten="25,2400,0" yaku="22,2" doraHai="107" who="0" fromWho="1" sc="192,34,257,-24,289,0,252,0" /><INIT seed="4,1,0,4,0,44" ten="226,233,289,252" oya="0" hai0="8,34,72,30,90,16,74,89,87,92,123,113,52" hai1="25,82,20,53,97,108,95,33,49,7,22,24,91" hai2="6,54,110,17,4,128,14,15,35,94,32,73,101" hai3="84,116,131,42,100,83,47,117,104,23,27,93,64"/><T66/><D123/><U115/><E108/><V46/><F73/><W56/><G131/><T79/><D66/><U29/><E7/><V135/><F128/><W119/><G104/><T38/><D38/><U75/><E115/><V69/><F135/><W121/><G121/><T132/><D132/><U21/><E33/><V37/><F69/><W50/><G100/><T98/><D113/><U43/><E43/><V1/><F110/><W31/><G93/><T13/><D79/><U107/><E107/><V9/><F1/><W0/><G0/><T10/><D10/><U102/><E75/><V120/><F120/><W118/><G64/><T129/><D129/><U126/><E126/><V85/><F4/><W105/><G105/><T70/><D70/><U114/><E114/><V67/><F67/><W5/><G5/><T60/><D30/><U41/><E41/><V88/><F101/><W76/><N who="3" m="30208" /><DORA hai="122" /><W127/><REACH who="3" step="1"/><G56/><REACH who="3" step="2"/><T19/><D92/><U78/><E102/><V51/><REACH who="2" step="1"/><F37/><REACH who="2" step="2"/><W111/><G111/><T58/><D72/><U71/><E71/><V124/><F124/><AGARI ba="1,2" hai="23,27,31,42,47,50,76,83,84,124,127" m="30208" machi="124" ten="70,8000,1" yaku="1,1,52,1,53,1" doraHai="44,122" doraHaiUra="61,26" who="3" fromWho="2" sc="226,0,233,0,279,-83,242,103" /><INIT seed="5,0,0,0,0,41" ten="226,233,196,345" oya="1" hai0="92,80,53,28,70,134,73,106,39,96,8,56,3" hai1="88,104,81,64,91,116,20,121,40,125,13,5,89" hai2="129,107,51,26,7,124,22,63,67,99,34,27,25" hai3="0,93,21,6,47,33,128,46,19,59,102,29,100"/><U77/><E121/><V36/><F124/><W127/><G127/><T71/><D106/><U115/><E125/><V45/><F129/><W135/><G135/><T79/><D28/><U130/><E116/><V118/><F118/><W69/><G69/><T95/><D134/><U66/><E130/><V24/><F36/><W35/><G35/><T105/><D105/><U15/><E104/><V16/><F7/><W58/><G33/><T103/><D39/><U78/><E115/><V57/><F34/><W60/><G29/><T14/><D3/><U30/><E40/><V110/><F110/><W72/><G72/><T11/><D92/><U112/><E112/><V23/><F99/><N who="3" m="59503" /><G0/><T90/><D103/><U126/><E126/><V119/><F107/><W111/><G6/><T68/><REACH who="0" step="1"/><D14/><REACH who="0" step="2"/><N who="1" m="5131" /><E5/><V117/><REACH who="2" step="1"/><F23/><REACH who="2" step="2"/><W97/><G111/><T87/><D87/><N who="1" m="48559" /><E20/><V54/><AGARI ba="0,2" hai="16,22,24,25,26,27,45,51,54,57,63,67,117,119" machi="54" ten="30,7900,0" yaku="1,1,0,1,52,1,54,1,53,0" doraHai="41" doraHaiUra="131" who="2" fromWho="2" sc="216,-20,233,-39,186,99,345,-20" /><INIT seed="6,0,0,2,0,52" ten="196,194,285,325" oya="2" hai0="94,38,20,73,122,30,105,23,48,22,82,4,44" hai1="134,9,31,96,93,34,119,66,0,83,63,40,14" hai2="32,116,99,135,117,37,5,95,108,45,70,78,54" hai3="90,55,24,53,75,56,2,85,33,65,47,8,62"/><V133/><F32/><W89/><G75/><T28/><D122/><U129/><E119/><N who="2" m="45643" /><F70/><W113/><G113/><T114/><D105/><U80/><E129/><V57/><F5/><W26/><G33/><T128/><D128/><U60/><E134/><N who="2" m="51211" /><F78/><W41/><G2/><T86/><D114/><U112/><E112/><V39/><F108/><W100/><G100/><T13/><D73/><U76/><E0/><V118/><F118/><W43/><G8/><N who="0" m="4231" /><D94/><U12/><E34/><V130/><F130/><W106/><G106/><T42/><D38/><U101/><E31/><V71/><F45/><W132/><G132/><T104/><D104/><U79/><E40/><N who="3" m="15434" /><G90/><AGARI ba="0,0" hai="20,22,23,28,30,42,44,48,82,86,90" m="4231" machi="90" ten="30,1000,0" yaku="8,1" doraHai="52" who="0" fromWho="3" sc="196,10,194,0,285,0,325,-10" /><INIT seed="7,0,0,4,3,75" ten="206,194,285,315" oya="3" hai0="43,68,128,21,48,124,93,70,58,120,38,28,65" hai1="52,109,135,44,0,60,119,88,61,41,115,114,42" hai2="91,108,8,27,24,76,37,79,117,89,45,30,63" hai3="5,11,99,49,40,55,71,32,1,123,67,95,92"/><W103/><G123/><T126/><D120/><U3/><E109/><V121/><F121/><W57/><G32/><T118/><D118/><U7/><E7/><V62/><F117/><W97/><G40/><N who="1" m="15466" /><E119/><V104/><F104/><W106/><G71/><T22/><D128/><U78/><E78/><N who="2" m="29739" /><F108/><W116/><G116/><T125/><D93/><U25/><E25/><N who="2" m="9803" /><F37/><W69/><REACH who="3" step="1"/><G99/><REACH who="3" step="2"/><T18/><D68/><U83/><E135/><V9/><F30/><W36/><G36/><T133/><D38/><U94/><E83/><V107/><F107/><W59/><G59/><T10/><D58/><N who="1" m="34887" /><E44/><V96/><F45/><W39/><G39/><T82/><D70/><U15/><E61/><AGARI ba="0,1" hai="1,5,11,49,55,57,61,67,69,92,95,97,103,106" machi="61" ten="40,3900,0" yaku="1,1,53,1" doraHai="75" doraHaiUra="6" who="3" fromWho="1" sc="206,0,194,-39,285,0,305,49" owari="206,-19,155,-34,285,9,354,44" /></mjloggm>