<mjloggm ver="2.3"><GO type="169" lobby="0"/><UN n0="%E6%AF%94%E5%98%89%E7%A7%80%E4%BB%81" n1="%E3%83%A1%E3%82%B1%E3%83%A1%E3%82%B1%4D%6B%2D%E2%85%A1" n2="%EF%BC%88%E2%89%A7%E2%96%BD%E2%89%A6%EF%BC%89" n3="%E3%81%82%E3%81%A4%E3%81%82%E3%81%A4%E6%B9%AF%E8%B1%86%E8%85%90" dan="16,16,17,17" rate="2132.91,2086.31,2164.77,2159.97" sx="M,M,M,M"/><TAIKYOKU oya="0"/><INIT seed="0,0,0,5,3,31" ten="250,250,250,250" oya="0" hai0="8,5,73,106,47,27,0,120,11,97,93,4,63" hai1="38,114,44,126,123,61,55,72,29,48,83,90,46" hai2="9,128,109,7,80,127,104,71,117,40,103,12,121" hai3="115,25,20,124,64,70,78,84,28,19,74,36,69"/><T125/><D106/><U112/><E123/><V24/><F121/><W107/><G115/><T108/><D73/><U35/><E126/><V54/><F71/><W23/><G36/><T53/><D108/><U95/><E61/><V43/><F109/><W88/><G124/><T98/><D125/><U2/><E2/><V65/><F65/><W86/><G107/><T39/><D120/><U21/><E21/><V122/><F127/><W81/><G64/><T119/><D119/><U94/><E38/><V52/><F122/><W42/><G42/><T132/><D39/><U10/><E10/><V17/><F117/><W87/><REACH who="3" step="1"/><G88/><REACH who="3" ten="250,250,250,240" step="2"/><T15/><D93/><U135/><E94/><V1/><F104/><W79/><G79/><T13/><D98/><U110/><E110/><V75/><F43/><W76/><G76/><T41/><D97/><U18/><E112/><V89/><F40/><W91/><G91/><T59/><D41/><U32/><E90/><V99/><F89/><W101/><G101/><T49/><D53/><U58/><E95/><V113/><F54/><W33/><G33/><T3/><D8/><U129/><E55/><V102/><F52/><W22/><G22/><T82/><D11/><U62/><E32/><V34/><F113/><W6/><G6/><T105/><D5/><U96/><E35/><V56/><F7/><W51/><G51/><T130/><D4/><U134/><E96/><V92/><F102/><W26/><AGARI ba="0,1" hai="19,20,23,25,26,28,69,70,74,78,81,84,86,87" machi="26" ten="30,7900,0" yaku="1,1,0,1,53,2" doraHai="31" doraHaiUra="66" who="3" fromWho="3" sc="250,-39,250,-20,250,-20,240,89" /><INIT seed="1,0,0,4,3,44" ten="211,230,230,329" oya="1" hai0="28,113,105,1,134,99,67,111,24,45,12,83,13" hai1="34,65,121,112,39,130,75,109,72,110,73,26,17" hai2="38,6,104,53,54,127,115,80,16,69,27,123,68" hai3="81,88,100,49,95,55,74,18,131,31,32,108,59"/><U92/><E121/><V84/><F104/><W94/><G108/><N who="1" m="41578" /><E39/><V76/><F38/><W89/><G131/><T35/><D111/><U11/><E65/><V0/><F123/><W116/><G116/><T62/><D1/><U118/><E118/><V93/><F115/><W52/><G74/><T90/><D113/><U79/><E112/><V7/><F127/><W128/><G128/><T135/><D45/><U85/><E34/><V5/><F0/><W114/><G114/><T40/><D40/><U42/><E42/><V66/><F66/><W22/><G32/><T86/><D135/><U60/><E60/><V30/><F30/><W117/><G117/><T41/><D41/><U103/><E26/><V64/><F64/><W50/><G31/><T122/><D134/><U129/><E17/><V82/><F82/><W98/><G94/><T133/><D133/><U106/><E11/><V3/><F3/><W10/><G81/><T57/><D122/><U124/><E124/><V48/><F93/><W15/><G10/><T61/><D61/><U58/><E58/><AGARI ba="0,0" hai="15,18,22,49,50,52,55,58,59,88,89,95,98,100" machi="58" ten="30,12000,2" yaku="7,1,9,1,8,1,52,2,54,2" doraHai="44" who="3" fromWho="1" sc="211,0,230,-120,230,0,329,120" /><INIT seed="2,0,0,3,5,68" ten="211,110,230,449" oya="2" hai0="124,19,4,70,95,56,130,50,91,83,85,94,44" hai1="48,106,23,89,133,80,75,33,13,114,6,115,118" hai2="49,36,54,43,14,111,17,41,105,18,35,52,62" hai3="123,120,122,12,108,134,93,112,30,45,98,65,16"/><V32/><F105/><W24/><G108/><T79/><D70/><U127/><E33/><V77/><F77/><W57/><G112/><T128/><D124/><U129/><E106/><V59/><F111/><W107/><G107/><T25/><D4/><U76/><E118/><V61/><F36/><W39/><G134/><T92/><D56/><U20/><E133/><V11/><F18/><W88/><G65/><T55/><D25/><U86/><E127/><V22/><F22/><W121/><G57/><T66/><D66/><U71/><E71/><V102/><F102/><W126/><G126/><T2/><D2/><U29/><E129/><V26/><F61/><W99/><G99/><T47/><D47/><U40/><E29/><V100/><F100/><W116/><G116/><T90/><REACH who="0" step="1"/><D19/><REACH who="0" ten="201,110,230,449" step="2"/><U15/><E115/><V132/><F132/><W21/><G122/><T69/><D69/><U5/><E114/><V67/><F67/><W60/><G60/><T34/><D34/><U104/><E6/><V72/><F26/><W3/><G3/><T42/><D42/><U37/><E5/><V8/><F35/><W81/><G45/><T96/><D96/><U74/><E15/><N who="2" m="7423" /><F32/><W0/><G0/><T78/><D78/><U110/><E13/><V109/><F109/><W73/><G12/><T84/><D84/><U9/><E110/><V131/><F43/><W82/><G16/><T97/><D97/><U117/><E76/><V58/><F41/><W46/><G73/><T1/><D1/><U135/><E75/><V27/><F72/><W101/><G101/><T38/><D38/><RYUUKYOKU ba="0,1" sc="201,15,110,-15,230,-15,449,15" hai0="44,50,55,79,83,85,90,91,92,94,95,128,130" hai3="21,24,30,39,46,81,82,88,93,98,120,121,123" /><INIT seed="3,1,1,1,2,46" ten="216,95,215,464" oya="3" hai0="36,45,110,30,126,107,31,35,15,75,56,53,84" hai1="74,34,14,113,51,134,122,100,42,50,20,4,70" hai2="10,82,12,135,94,68,21,65,67,85,66,80,73" hai3="131,58,7,127,32,57,64,123,60,91,78,117,96"/><W55/><G123/><T128/><D107/><U115/><E34/><V86/><F135/><W76/><G117/><T43/><D75/><U9/><E122/><V71/><F73/><W27/><G127/><T72/><D110/><U103/><E134/><V44/><F44/><W95/><G131/><T13/><D72/><U118/><E70/><V109/><F109/><W133/><G133/><T6/><D128/><U112/><E74/><V61/><F21/><W77/><G7/><T16/><D126/><U116/><E42/><V26/><F26/><W17/><G32/><T114/><D35/><U41/><E41/><V23/><F23/><N who="3" m="13807" /><G77/><T49/><D114/><U105/><E20/><V0/><F0/><W87/><G87/><T124/><D124/><U88/><E105/><V39/><F39/><W89/><G91/><T92/><D6/><U125/><E125/><V48/><F85/><W59/><G59/><T38/><D15/><U3/><E3/><V81/><F71/><W5/><G5/><T62/><D38/><U11/><E11/><V130/><F130/><W33/><G33/><T93/><D36/><U24/><E24/><V19/><F68/><W121/><G121/><T22/><D84/><U79/><E79/><V63/><F86/><W119/><G119/><N who="1" m="45610" /><E88/><V69/><F69/><W108/><G108/><T129/><REACH who="0" step="1"/><D129/><REACH who="0" ten="206,95,215,464" step="2"/><U29/><E29/><AGARI ba="1,2" hai="13,16,22,29,30,31,43,45,49,53,56,62,92,93" machi="29" ten="40,8000,1" yaku="1,1,2,1,8,1,52,1,54,1,53,0" doraHai="46" doraHaiUra="120" who="0" fromWho="1" sc="206,103,95,-83,215,0,464,0" /><INIT seed="4,0,0,1,4,97" ten="309,12,215,464" oya="0" hai0="54,39,126,35,34,123,25,105,58,82,77,40,112" hai1="71,42,81,41,85,16,106,9,73,4,11,27,31" hai2="90,118,115,26,60,43,56,125,38,59,76,131,67" hai3="132,83,108,100,80,13,69,122,74,95,104,98,24"/><T5/><D123/><U33/><E71/><V44/><F118/><W70/><G108/><T19/><D105/><U99/><E73/><V46/><F131/><W14/><G122/><T119/><D119/><U48/><E11/><V110/><F110/><W61/><G132/><T127/><D5/><U124/><E124/><N who="0" m="47657" /><D40/><U57/><E57/><V117/><F76/><W68/><G104/><T2/><D39/><U109/><E48/><V134/><F134/><W62/><G24/><T55/><D2/><U121/><E121/><V28/><F117/><W91/><G74/><N who="0" m="43319" /><D112/><U86/><E86/><V36/><F115/><W120/><G120/><T32/><D58/><U15/><E109/><V111/><F111/><W17/><G83/><T29/><D19/><U64/><E64/><V18/><F18/><W128/><G17/><T75/><D75/><U8/><E99/><V3/><F3/><W113/><G113/><T63/><D63/><U51/><E51/><V130/><F59/><W92/><G80/><T37/><D37/><U89/><REACH who="1" step="1"/><E106/><REACH who="1" ten="309,2,215,464" step="2"/><V88/><F125/><W21/><G70/><T87/><D87/><U45/><E45/><V79/><F44/><W6/><G69/><T93/><D93/><U50/><E50/><V49/><F49/><W47/><G47/><T72/><D72/><U7/><E7/><V129/><F38/><W66/><G92/><T23/><AGARI ba="0,1" hai="23,25,29,32,34,35,54,55" m="43319,47657" machi="23" ten="40,2100,0" yaku="18,1" doraHai="97" who="0" fromWho="0" sc="309,31,2,-7,215,-7,464,-7" owari="340,14.0,-5,-51.0,208,-19.0,457,56.0" /></mjloggm>