<mjloggm ver="2.3"><GO type="41"/><UN n0="%6A%61%6E%6B%69%63%68%69" n1="%E3%83%96%E3%83%A9%E3%83%83%E3%82%AF%E3%82%B8%E3%83%A7%E3%83%BC%E3%82%AF" n2="%E5%B8%AB%E8%B5%B0%E4%B8%83" n3="%EF%BC%88%E2%89%A7%E2%96%BD%E2%89%A6%EF%BC%89" dan="14,15,14,15" rate="1875,1966,1935,2021" sx="M,M,M,M"/><TAIKYOKU oya="0"/><INIT seed="0,0,0,3,1,115" ten="250,250,250,250" oya="0" hai0="20,104,2,75,101,95,23,99,44,111,57,19,107" hai1="125,124,76,28,123,60,70,92,67,41,6,59,122" hai2="86,109,119,1,78,93,18,129,54,131,90,61,118" hai3="7,35,84,130,55,43,31,71,40,94,38,65,77"/><T51/><D75/><U33/><E76/><V37/><F37/><W47/><G130/><N who="2" m="49673" /><F1/><W45/><G7/><T132/><D2/><U58/><E92/><V116/><F18/><W79/><G55/><T126/><D126/><N who="1" m="48747" /><E6/><V127/><F127/><W16/><G35/><T39/><D132/><U5/><E5/><V30/><F30/><W134/><G134/><T8/><D111/><U135/><E135/><V113/><F113/><W11/><G31/><T42/><D8/><U120/><E28/><V112/><F112/><W66/><G77/><T83/><D83/><U91/><E33/><V17/><F17/><W14/><G71/><T27/><D23/><U49/><E91/><V105/><F105/><W89/><REACH who="3" step="1"/><G79/><REACH who="3" ten="250,250,250,240" step="2"/><T48/><D107/><U63/><E63/><V102/><F61/><W12/><G12/><T87/><D57/><U13/><E13/><V72/><F54/><W73/><G73/><T82/><REACH who="0" step="1"/><D104/><REACH who="0" ten="240,250,250,240" step="2"/><U68/><E59/><V53/><F109/><W121/><G121/><T29/><D29/><U34/><E34/><V88/><F72/><W22/><G22/><T133/><D133/><U74/><E74/><V21/><F21/><W100/><G100/><T3/><D3/><U85/><E85/><V110/><F110/><W4/><G4/><T97/><D97/><U81/><E81/><N who="2" m="47415" /><F53/><W9/><G9/><T62/><D62/><U117/><E117/><V64/><F64/><W25/><G25/><T108/><D108/><U128/><E128/><V32/><F32/><W24/><G24/><T15/><D15/><U103/><E103/><V114/><F114/><RYUUKYOKU ba="0,2" sc="240,0,250,0,250,0,240,0" hai0="19,20,27,39,42,44,48,51,82,87,95,99,101" hai1="41,49,58,60,67,68,70,120,122,123" hai2="88,90,93,102,116,118,119" hai3="11,14,16,38,40,43,45,47,65,66,84,89,94" /><INIT seed="0,1,2,2,3,38" ten="240,250,250,240" oya="0" hai0="0,76,80,47,41,20,120,72,5,15,42,109,113" hai1="58,44,45,7,106,64,121,132,131,122,49,117,96" hai2="30,90,79,18,22,126,11,65,94,59,35,24,70" hai3="52,99,103,101,71,78,43,60,125,86,46,8,13"/><T36/><D120/><N who="1" m="46187" /><E96/><V10/><F79/><W9/><G125/><T37/><D113/><U123/><E7/><V93/><F126/><W124/><G124/><T111/><D20/><U69/><E106/><V25/><F70/><W91/><G78/><T104/><D15/><U53/><N who="1" m="46195" /><U92/><DORA hai="128" /><E92/><V102/><F102/><N who="3" m="38923" /><G99/><T127/><D104/><U81/><E81/><V75/><F75/><W88/><G71/><T107/><D107/><U133/><E131/><V115/><F115/><W77/><G77/><T3/><D127/><U112/><E117/><V39/><F39/><W97/><G97/><T68/><D68/><U17/><E17/><V28/><F18/><N who="3" m="8487" /><G9/><T40/><D47/><N who="1" m="17995" /><E112/><V110/><F93/><N who="3" m="54423" /><G91/><T2/><REACH who="0" step="1"/><D5/><REACH who="0" ten="230,250,250,240" step="2"/><U85/><E85/><V26/><F35/><W105/><G105/><T108/><AGARI ba="1,3" hai="0,2,3,36,37,40,41,42,72,76,80,108,109,111" machi="108" ten="50,48000,5" yaku="1,1,2,1,0,1,29,2,14,1,10,1,52,3,53,3" doraHai="38,128" doraHaiUra="32,29" who="0" fromWho="0" sc="230,513,250,-161,250,-161,240,-161" /><INIT seed="0,2,0,0,4,13" ten="743,89,89,79" oya="0" hai0="36,5,49,51,33,120,80,3,116,29,57,100,35" hai1="106,22,130,114,115,55,78,72,111,27,56,37,14" hai2="98,53,68,91,50,67,30,132,52,101,90,97,81" hai3="77,82,9,25,48,102,18,125,62,41,87,7,94"/><T93/><D120/><U46/><E106/><V6/><F132/><W60/><G125/><T1/><D116/><U70/><E70/><V86/><F68/><W99/><G25/><T108/><D36/><U96/><E111/><V117/><F117/><W107/><G107/><T40/><D108/><U124/><E124/><V85/><F67/><W83/><G83/><T126/><D126/><U45/><E130/><V16/><F30/><W110/><G110/><T128/><D128/><U54/><E54/><V59/><F6/><W75/><G75/><T104/><D104/><U63/><E96/><N who="2" m="36971" /><F53/><W88/><G102/><T84/><D100/><U133/><E133/><V15/><F101/><W92/><G92/><T61/><D93/><U44/><E37/><V32/><F32/><W129/><G129/><T76/><D35/><U17/><E72/><V28/><F28/><W79/><G79/><T47/><D51/><U4/><E78/><N who="2" m="46263" /><F86/><W8/><G7/><T66/><REACH who="0" step="1"/><D5/><REACH who="0" ten="733,89,89,79" step="2"/><U2/><E2/><V21/><AGARI ba="2,1" hai="15,16,21,50,52,59,90,91" m="46263,36971" machi="21" ten="30,7900,0" yaku="8,1,52,1,54,2" doraHai="13" who="2" fromWho="2" sc="733,-41,89,-22,89,95,79,-22" /><INIT seed="1,0,0,3,0,27" ten="692,67,184,57" oya="1" hai0="4,20,92,39,126,5,52,35,32,74,67,114,84" hai1="109,3,88,128,71,43,14,18,116,34,37,100,117" hai2="55,86,10,66,129,9,59,46,81,50,113,31,82" hai3="49,89,91,112,98,110,76,85,132,45,44,30,127"/><U78/><E3/><V22/><F129/><W102/><G112/><T41/><D114/><U68/><E34/><V33/><F33/><W61/><G132/><T28/><D74/><U42/><E128/><V96/><F96/><W133/><G133/><T111/><D111/><U58/><E109/><V8/><F113/><W87/><G110/><T53/><D126/><U7/><E7/><V79/><F82/><W118/><G127/><T83/><D67/><U51/><E78/><V115/><F115/><W65/><G118/><T70/><D70/><U6/><E6/><N who="0" m="2665" /><D35/><U13/><E100/><V0/><F0/><W75/><G75/><T97/><D32/><U125/><E125/><V15/><F15/><W19/><G76/><N who="0" m="46183" /><D41/><U120/><E120/><V101/><F101/><W60/><G102/><N who="0" m="60711" /><D39/><U134/><E134/><V11/><N who="2" m="2560" /><DORA hai="104" /><V93/><F93/><W77/><G65/><T135/><D135/><U123/><E123/><V124/><F124/><W26/><G77/><T36/><D36/><U94/><E37/><V121/><F121/><W103/><G103/><T80/><D80/><U131/><E131/><V90/><F66/><W106/><G106/><T73/><D73/><U122/><E122/><V25/><REACH who="2" step="1"/><F79/><REACH who="2" ten="692,67,174,57" step="2"/><W2/><G2/><T48/><D48/><U99/><E116/><V95/><F95/><W63/><G49/><T12/><D12/><U38/><E117/><V16/><F16/><W62/><G19/><T56/><D56/><AGARI ba="0,1" hai="22,25,31,46,50,55,56,59,81,86,90" m="2560" machi="56" ten="50,6400,0" yaku="1,1,8,1,52,1,53,0" doraHai="27,104" doraHaiUra="72,105" who="2" fromWho="0" sc="692,-64,67,0,174,74,57,0" /><INIT seed="2,0,0,2,4,24" ten="628,67,248,57" oya="2" hai0="64,47,22,20,14,93,119,132,123,122,18,50,82" hai1="99,95,129,27,75,7,134,120,133,21,55,98,124" hai2="8,34,57,115,76,89,35,79,65,66,33,114,116" hai3="46,101,6,28,112,16,87,1,81,85,74,107,45"/><V53/><F116/><W84/><G112/><T36/><D119/><U59/><E75/><V32/><N who="2" m="8704" /><DORA hai="19" /><V67/><F8/><W100/><G28/><T56/><D36/><U44/><E129/><V49/><REACH who="2" step="1"/><F89/><REACH who="2" ten="628,67,238,57" step="2"/><W102/><G107/><T135/><D123/><U125/><E120/><V37/><F37/><W72/><G81/><T29/><D82/><U88/><E134/><V63/><F63/><W69/><G1/><T111/><D122/><U110/><E133/><V43/><F43/><W121/><G121/><T131/><D135/><U103/><E124/><V126/><F126/><W3/><G3/><T26/><D131/><U73/><E125/><V0/><F0/><W25/><G6/><T71/><D132/><U39/><E7/><V80/><F80/><W70/><G25/><T104/><D104/><U54/><E39/><V78/><AGARI ba="0,1" hai="49,53,57,65,66,67,76,78,79,114,115" m="8704" machi="78" ten="70,18000,2" yaku="1,1,0,1,29,2,53,3" doraHai="24,19" doraHaiUra="2,62" who="2" fromWho="2" sc="628,-60,67,-60,238,190,57,-60" owari="568,66.0,7,-39.0,428,23.0,-3,-50.0" /></mjloggm>