<mjloggm ver="2.3"><GO type="169"/><UN n0="%EF%BC%88%E2%89%A7%E2%96%BD%E2%89%A6%EF%BC%89" n1="%E3%81%99%E3%81%9F%E3%83%BC%E3%82%89%E3%81%84%E3%81%A8%E3%81%B3%E3%83%BC" n2="%E9%B7%B9%EF%BC%93" n3="%E2%98%85%E3%81%AA%E3%82%8A%E3%81%BD%E3%81%9F%E2%98%85" dan="17,16,17,16" rate="2125,2034,2141,2040" sx="M,F,M,F"/><TAIKYOKU oya="0"/><INIT seed="0,0,0,5,4,47" ten="250,250,250,250" oya="0" hai0="91,14,124,5,8,28,56,16,129,114,99,72,35" hai1="31,39,88,108,113,51,116,81,48,69,18,50,12" hai2="67,2,77,58,52,66,19,29,112,121,63,96,92" hai3="122,87,25,4,30,105,54,97,117,26,57,80,109"/><T62/><D72/><U23/><E39/><V128/><F121/><W110/><G117/><T123/><D114/><U125/><E116/><V85/><F128/><W126/><G122/><T45/><D123/><U75/><E69/><V78/><F112/><W106/><G4/><T3/><D129/><U22/><E113/><V89/><F2/><W135/><G135/><T100/><D124/><U84/><E75/><V61/><F29/><W43/><G43/><T120/><D91/><U90/><E125/><V127/><F127/><W115/><G115/><T94/><D45/><U44/><E108/><N who="3" m="41578" /><G97/><T36/><D36/><U41/><E90/><V103/><F19/><W107/><G30/><T132/><D132/><U76/><E76/><V53/><F67/><W13/><G13/><T21/><D120/><U27/><AGARI ba="0,0" hai="12,18,22,23,27,31,41,44,48,50,51,81,84,88" machi="27" ten="30,12000,2" yaku="0,1,8,1,52,3,54,1" doraHai="47" who="1" fromWho="1" sc="250,-60,250,120,250,-30,250,-30" /><INIT seed="1,0,0,3,3,116" ten="190,370,220,220" oya="1" hai0="19,76,53,121,58,94,81,8,40,54,35,33,49" hai1="25,99,105,18,106,82,102,128,77,46,37,24,64" hai2="120,132,29,4,109,62,108,6,84,41,127,124,107" hai3="66,20,88,126,69,110,27,115,92,1,61,39,68"/><U122/><E128/><V100/><F132/><W70/><G115/><T45/><D121/><U26/><E106/><V48/><F29/><W44/><G1/><T60/><D94/><U23/><E64/><V22/><F22/><W79/><G79/><T93/><D93/><U9/><E9/><V31/><F31/><W67/><G126/><N who="2" m="48169" /><F120/><W114/><G114/><T11/><D35/><U47/><E122/><V73/><F73/><W85/><G110/><N who="2" m="42601" /><F62/><W74/><G74/><T83/><D33/><U129/><E129/><V112/><F84/><W56/><G39/><T0/><D0/><U32/><E37/><V65/><F65/><W113/><G113/><T119/><D119/><U17/><E32/><V7/><F112/><W14/><G44/><T97/><D97/><U50/><E47/><N who="2" m="25711" /><F100/><W89/><G89/><T63/><D19/><U3/><E18/><V131/><F131/><W30/><REACH who="3" step="1"/><G14/><REACH who="3" ten="190,370,220,210" step="2"/><T72/><REACH who="0" step="1"/><D81/><REACH who="0" ten="180,370,220,210" step="2"/><U90/><E3/><V2/><F107/><W38/><G38/><T16/><D16/><U57/><E17/><V135/><F135/><W15/><G15/><T103/><D103/><U55/><E102/><V134/><F134/><W75/><G75/><T95/><D95/><U36/><E105/><V51/><F2/><W43/><G43/><T52/><D52/><AGARI ba="0,2" hai="20,27,30,52,56,61,66,67,68,69,70,85,88,92" machi="52" ten="40,8000,1" yaku="1,1,54,2,53,1" doraHai="116" doraHaiUra="80" who="3" fromWho="0" sc="180,-80,370,0,220,0,210,100" /><INIT seed="2,0,0,1,4,3" ten="100,370,220,310" oya="2" hai0="76,0,70,84,107,127,15,41,120,34,82,94,14" hai1="25,114,105,45,36,96,91,28,16,52,57,83,54" hai2="22,90,63,53,42,115,31,78,116,55,64,135,112" hai3="62,111,38,72,40,100,39,133,44,10,132,87,110"/><V13/><F116/><W97/><G72/><T123/><D120/><U106/><E114/><V23/><F135/><N who="3" m="51787" /><G87/><T5/><D123/><U30/><E105/><V125/><F78/><W67/><G10/><T32/><D107/><U101/><E36/><V8/><F125/><W93/><G38/><T99/><D70/><AGARI ba="0,0" hai="39,40,44,62,67,70,93,97,100,110,111" m="51787" machi="70" ten="30,1000,0" yaku="20,1" doraHai="3" who="3" fromWho="0" sc="100,-10,370,0,220,0,310,10" /><INIT seed="3,0,0,3,1,22" ten="90,370,220,320" oya="3" hai0="62,37,59,106,50,102,17,97,112,46,31,34,48" hai1="113,86,96,8,79,122,99,49,77,73,108,130,30" hai2="20,90,68,129,84,45,29,67,38,66,74,2,64" hai3="125,92,87,52,13,83,103,58,81,28,27,82,80"/><W60/><G125/><T98/><D112/><U51/><E113/><V42/><F74/><W16/><N who="3" m="20480" /><DORA hai="105" /><W89/><G103/><T132/><D132/><U131/><E8/><V15/><F2/><W32/><G13/><T11/><D98/><U117/><E30/><V53/><F129/><W119/><REACH who="3" step="1"/><G16/><REACH who="3" ten="90,370,220,310" step="2"/><T5/><D17/><U39/><E130/><V126/><F126/><W0/><G0/><T9/><D9/><U120/><E131/><V133/><F133/><W26/><G26/><T21/><D11/><U115/><E122/><V70/><F15/><W41/><G41/><T12/><D5/><U114/><E120/><V128/><F128/><W88/><G88/><T56/><D102/><U33/><E115/><V134/><F134/><W57/><G57/><T3/><D56/><U127/><E114/><V10/><F70/><W118/><AGARI ba="0,1" hai="27,28,32,52,58,60,87,89,92,118,119" m="20480" machi="118" ten="40,12000,1" yaku="1,1,0,1,52,1,54,1,53,0" doraHai="22,105" doraHaiUra="94,6" who="3" fromWho="3" sc="90,-40,370,-40,220,-40,310,130" /><INIT seed="3,1,0,5,5,33" ten="50,330,180,440" oya="3" hai0="27,2,133,52,13,59,4,92,16,46,76,43,72" hai1="54,118,132,125,48,23,85,69,44,32,51,78,86" hai2="81,80,97,47,122,102,103,12,73,15,89,57,60" hai3="117,113,94,11,77,5,83,49,98,45,90,42,10"/><W104/><G113/><T53/><D133/><U40/><E32/><V70/><F122/><W8/><G117/><T36/><D27/><U124/><E69/><V20/><F70/><W123/><G104/><T37/><D37/><U50/><E132/><V3/><F3/><W66/><G123/><T68/><D68/><U22/><E118/><V28/><F73/><W9/><G66/><T65/><D92/><U119/><E119/><V91/><F47/><W74/><REACH who="3" step="1"/><G10/><REACH who="3" ten="50,330,180,430" step="2"/><N who="0" m="2327" /><D65/><U130/><E125/><V67/><F67/><W121/><G121/><T24/><D24/><U135/><E124/><V75/><F15/><AGARI ba="1,1" hai="5,8,9,11,15,42,45,49,74,77,83,90,94,98" machi="15" ten="30,2900,0" yaku="1,1,7,1,53,0" doraHai="33" doraHaiUra="110" who="3" fromWho="2" sc="50,0,330,0,180,-32,430,42" /><INIT seed="3,2,0,4,5,118" ten="50,330,148,472" oya="3" hai0="85,126,9,111,101,75,31,83,133,129,58,87,35" hai1="7,86,121,27,29,16,11,18,91,90,105,97,55" hai2="60,108,2,43,6,74,100,96,134,135,51,1,59" hai3="72,5,56,41,93,103,131,104,4,23,19,63,10"/><W40/><G104/><T78/><D111/><U125/><E125/><V88/><F74/><W0/><G72/><T116/><D116/><U17/><E121/><V89/><F108/><W120/><G120/><T48/><D126/><U25/><E55/><V37/><F37/><W30/><G131/><T124/><D124/><U61/><E61/><V82/><F43/><W8/><G30/><T114/><D114/><U117/><E117/><V57/><F51/><W52/><G103/><T24/><D133/><N who="2" m="50698" /><F6/><W69/><G93/><T94/><D129/><U13/><E29/><V36/><F36/><W49/><G69/><T3/><D101/><U119/><E119/><V128/><F128/><W44/><G41/><T53/><REACH who="0" step="1"/><D94/><REACH who="0" ten="40,330,148,472" step="2"/><N who="1" m="56543" /><E105/><V84/><F100/><W98/><G98/><T92/><D92/><AGARI ba="2,1" hai="7,11,13,16,17,18,25,27,86,90,92" m="56543" machi="92" ten="30,2000,0" yaku="8,1,54,1" doraHai="118" who="1" fromWho="0" sc="40,-26,330,36,148,0,472,0" /><INIT seed="4,0,0,0,5,134" ten="14,366,148,472" oya="0" hai0="35,74,23,86,118,89,125,117,7,36,79,45,122" hai1="70,27,127,57,2,8,39,66,124,105,133,1,22" hai2="84,20,18,17,24,12,82,91,48,68,129,61,102" hai3="65,101,0,13,115,15,135,11,75,31,25,46,59"/><T126/><D35/><U111/><E105/><V6/><F129/><W37/><G75/><T123/><D7/><U88/><E39/><V62/><F102/><W14/><G135/><T56/><D56/><U64/><E133/><V30/><F68/><W53/><G115/><T130/><D130/><U94/><E70/><V132/><F132/><W93/><G0/><T114/><D23/><U16/><E111/><V47/><F6/><W96/><G65/><N who="1" m="25194" /><E57/><V121/><F121/><N who="0" m="46090" /><D114/><U4/><E8/><N who="2" m="6279" /><F30/><W52/><G37/><T76/><D45/><U32/><E32/><V19/><F19/><N who="3" m="8639" /><G46/><T113/><D36/><U119/><E119/><N who="0" m="45577" /><D113/><U43/><E43/><AGARI ba="0,0" hai="18,20,24,43,47,48,61,62,82,84,91" m="6279" machi="43" ten="30,1000,0" yaku="8,1" doraHai="134" who="2" fromWho="1" sc="14,0,366,-10,148,10,472,0" /><INIT seed="5,0,0,1,4,60" ten="14,356,158,472" oya="1" hai0="68,99,79,107,122,14,25,15,124,83,2,41,27" hai1="7,110,17,6,35,19,134,90,30,119,39,18,121" hai2="38,21,72,58,63,132,106,10,62,28,20,126,133" hai3="26,11,65,59,104,52,42,4,87,9,91,76,45"/><U93/><E39/><V112/><F38/><W78/><G104/><T36/><D122/><U44/><E121/><V115/><F106/><W105/><G105/><T88/><D124/><U96/><E119/><V8/><F72/><W98/><G98/><T102/><BYE who="3" /><D2/><U43/><E134/><N who="2" m="51819" /><F126/><W103/><G103/><T69/><D36/><UN n3="%E2%98%85%E3%81%AA%E3%82%8A%E3%81%BD%E3%81%9F%E2%98%85" /><U85/><E110/><V46/><F46/><W108/><G26/><T24/><D41/><U100/><E35/><V95/><F95/><N who="3" m="54783" /><G42/><T86/><REACH who="0" step="1"/><D79/><REACH who="0" ten="4,356,158,472" step="2"/><U89/><E30/><V16/><F115/><W32/><G78/><T77/><D77/><U84/><E43/><V23/><F112/><W118/><G76/><T5/><D5/><U55/><E44/><V75/><F75/><W74/><G4/><T12/><AGARI ba="0,1" hai="12,14,15,24,25,27,68,69,83,86,88,99,102,107" machi="12" ten="30,4000,0" yaku="1,1,0,1,54,1,53,0" doraHai="60" doraHaiUra="130" who="0" fromWho="0" sc="4,50,356,-20,158,-10,472,-10" /><INIT seed="6,0,0,2,3,109" ten="54,336,148,462" oya="2" hai0="118,134,53,20,120,17,38,5,24,45,124,83,132" hai1="36,75,93,129,100,15,64,119,22,79,18,29,78" hai2="123,117,40,58,74,77,108,8,88,112,1,89,133" hai3="49,82,72,51,97,70,13,46,41,34,76,81,92"/><V11/><F123/><W94/><G34/><T55/><D120/><U101/><E119/><V42/><F117/><W50/><G70/><T28/><D118/><U127/><E36/><V110/><F133/><W62/><G62/><T121/><D121/><U9/><E127/><V2/><F58/><W111/><G111/><T27/><D124/><U126/><E129/><V63/><F63/><W96/><G13/><T73/><D5/><U0/><E126/><V7/><F77/><W60/><G60/><T98/><D98/><U54/><E64/><V37/><F74/><W4/><G4/><T31/><D17/><U128/><E75/><V113/><F7/><W26/><G26/><T12/><D12/><U131/><E54/><V125/><F125/><W23/><G23/><T43/><D73/><U16/><E29/><V56/><F56/><W99/><G82/><T95/><D83/><U90/><E0/><V10/><F10/><W67/><G67/><T44/><D95/><U102/><E131/><V6/><F6/><W69/><G69/><T39/><REACH who="0" step="1"/><D20/><REACH who="0" ten="44,336,148,462" step="2"/><U68/><E128/><V25/><F25/><W66/><G94/><T48/><D48/><U114/><E22/><V14/><F14/><W61/><G92/><T65/><D65/><U91/><E15/><V33/><F33/><W52/><G66/><T85/><D85/><U19/><E18/><V87/><F37/><W84/><G72/><T80/><D80/><U59/><E19/><V21/><F21/><W35/><G35/><T116/><D116/><U107/><E16/><V135/><F87/><W130/><G130/><RYUUKYOKU ba="0,1" sc="44,10,336,-30,148,10,462,10" hai0="24,27,28,31,38,39,43,44,45,53,55,132,134" hai2="1,2,8,11,40,42,88,89,108,110,112,113,135" hai3="41,46,49,50,51,52,61,76,81,84,96,97,99" /><INIT seed="6,1,1,1,1,65" ten="54,306,158,472" oya="2" hai0="25,89,33,8,31,4,16,110,18,47,38,48,19" hai1="27,21,99,1,77,93,40,111,15,71,3,2,51" hai2="133,13,115,91,11,20,107,129,7,122,9,82,53" hai3="119,102,90,41,22,26,94,132,57,86,131,72,121"/><V62/><F122/><W50/><G121/><T32/><D110/><U92/><E77/><V78/><F107/><W96/><G119/><T34/><D38/><U105/><E105/><V0/><F115/><W97/><G72/><T74/><D74/><U24/><E111/><V98/><F133/><W52/><G131/><T23/><D89/><U37/><E37/><V68/><F129/><W81/><G132/><T73/><D73/><U36/><E36/><V88/><F20/><W10/><G10/><T58/><D58/><U130/><E130/><V126/><F126/><W43/><G96/><T45/><REACH who="0" step="1"/><D48/><REACH who="0" ten="44,306,158,472" step="2"/><U5/><E51/><V66/><F91/><W112/><G112/><T67/><D67/><U17/><E99/><V135/><F135/><W101/><G102/><T35/><N who="0" m="8192" /><DORA hai="46" /><T127/><D127/><U124/><E124/><V44/><F88/><W60/><G50/><T85/><D85/><U56/><E56/><V59/><F98/><W75/><G75/><T54/><D54/><U12/><E40/><V84/><F44/><W108/><G108/><T29/><D29/><AGARI ba="1,2" hai="22,26,29,41,43,52,57,60,81,86,90,94,97,101" machi="29" ten="30,3900,0" yaku="7,1,8,1,54,1" doraHai="65,46" who="3" fromWho="0" sc="44,-42,306,0,158,0,472,62" /><INIT seed="7,0,0,1,0,31" ten="2,306,158,534" oya="3" hai0="65,5,39,78,116,107,4,123,21,22,47,69,32" hai1="64,85,115,38,1,57,82,110,43,130,117,15,125" hai2="8,70,102,67,127,41,26,113,30,19,95,77,59" hai3="25,131,58,133,132,61,28,55,101,16,24,74,37"/><W121/><G121/><T87/><D78/><U68/><E15/><V126/><F113/><W98/><G74/><T106/><D87/><U118/><E1/><V66/><F77/><W14/><G37/><T2/><D47/><U84/><E85/><V80/><F80/><W103/><G131/><T48/><D48/><U96/><E84/><V119/><F119/><W54/><G54/><T63/><D39/><U13/><E96/><V83/><F83/><W33/><G25/><T49/><D49/><U81/><E13/><V35/><F41/><W92/><REACH who="3" step="1"/><G103/><REACH who="3" ten="2,306,158,524" step="2"/><T124/><D123/><U94/><E117/><V100/><F102/><W3/><G3/><T109/><D116/><U111/><E118/><V114/><F100/><W44/><G44/><T20/><D124/><U91/><E125/><V99/><F127/><W50/><G50/><T46/><D109/><U105/><E38/><V97/><F126/><W128/><G128/><T27/><D46/><U17/><E130/><V34/><F114/><W79/><G79/><T40/><D40/><U93/><E43/><V60/><F99/><W52/><G52/><T9/><D5/><U134/><E115/><V104/><F104/><W75/><G75/><T76/><D76/><U88/><E105/><V42/><F42/><W108/><G108/><T135/><D135/><U56/><E134/><V112/><F112/><W51/><G51/><T129/><D129/><U0/><E0/><V122/><F122/><W90/><G90/><T71/><D71/><U45/><E45/><V10/><F70/><W53/><G53/><T120/><D120/><RYUUKYOKU ba="0,1" sc="2,15,306,-15,158,-15,524,15" hai0="2,4,9,20,21,22,27,32,63,65,69,106,107" hai3="14,16,24,28,33,55,58,61,92,98,101,132,133" /><INIT seed="7,1,1,1,1,64" ten="17,291,143,539" oya="3" hai0="32,60,62,51,7,101,71,68,13,106,31,121,66" hai1="27,89,61,84,87,40,6,53,36,24,115,114,65" hai2="3,127,80,99,56,133,43,129,113,105,90,34,38" hai3="46,108,75,5,48,10,1,8,67,123,97,74,26"/><W41/><G123/><T54/><D121/><U15/><E40/><V20/><F56/><W58/><G108/><T22/><D22/><U16/><E6/><V11/><F90/><W18/><G97/><N who="0" m="61743" /><D54/><U70/><E53/><V29/><F43/><W94/><G94/><T132/><D51/><U47/><E47/><V91/><F38/><W109/><G109/><T44/><D132/><U124/><E36/><V42/><F133/><W120/><G120/><T73/><D13/><U107/><E87/><V79/><F34/><W82/><G82/><T17/><D17/><U122/><E107/><V59/><F59/><W100/><G100/><T72/><D44/><U125/><E122/><V95/><F29/><W12/><G26/><N who="0" m="18551" /><D7/><U83/><E27/><V78/><F20/><W4/><G4/><T50/><D50/><U37/><E37/><V57/><F42/><W33/><G33/><T52/><D52/><U2/><E24/><V77/><F57/><W25/><G25/><T93/><D93/><U0/><E0/><V98/><F91/><W112/><G112/><N who="1" m="43050" /><E2/><V103/><F3/><W104/><G104/><T128/><D128/><U96/><E96/><V39/><F99/><W49/><G49/><T118/><D118/><U130/><E130/><V23/><F129/><W92/><G92/><T69/><D60/><U88/><E89/><V134/><F98/><W63/><AGARI ba="1,1" hai="1,5,8,10,12,18,41,46,48,58,63,67,74,75" machi="63" ten="30,1500,0" yaku="0,1" doraHai="64" who="3" fromWho="3" sc="17,-6,291,-6,143,-6,539,28" owari="11,-49.0,285,9.0,137,-26.0,567,66.0" /></mjloggm>