<mjloggm ver="2.3"><GO type="169" lobby="0"/><UN n0="%E6%A1%9C%E4%BA%95%E3%82%A2%E3%82%BD%E3%82%B3" n1="%EF%BC%88%E2%89%A7%E2%96%BD%E2%89%A6%EF%BC%89" n2="%E7%8B%AC%E6%AD%A9" n3="%E3%83%AC%E3%83%87%E3%82%B9%E3%83%9E" dan="16,17,18,16" rate="2181.40,2148.40,2250.50,2054.05" sx="M,M,M,M"/><TAIKYOKU oya="0"/><INIT seed="0,0,0,4,5,71" ten="250,250,250,250" oya="0" hai0="131,77,95,8,27,60,79,25,16,134,87,78,10" hai1="29,116,39,66,103,58,67,19,55,128,68,54,127" hai2="109,73,130,15,50,9,46,44,26,13,23,117,17" hai3="4,97,106,118,82,48,133,47,107,112,121,125,81"/><T36/><D36/><U105/><E116/><V72/><F117/><W37/><G118/><T56/><D131/><U80/><E128/><V64/><F130/><W70/><G112/><T53/><D134/><U123/><E123/><V57/><F109/><W135/><G121/><T100/><D100/><U30/><E127/><V86/><F15/><W85/><G125/><T41/><D41/><U113/><E113/><V111/><F111/><W14/><G70/><T89/><D25/><U104/><E80/><V6/><F46/><W43/><G82/><T122/><D122/><U24/><E68/><V35/><F35/><W102/><G107/><T1/><D1/><U115/><E115/><V42/><F64/><W63/><G63/><T51/><D60/><U108/><E108/><V98/><F57/><W32/><G32/><T120/><D120/><U7/><E58/><V49/><F49/><W93/><G106/><T101/><D101/><U59/><E59/><V38/><F50/><W62/><G62/><T45/><D45/><U69/><E69/><V3/><F3/><W99/><G99/><T119/><D119/><U94/><E105/><V126/><F98/><W20/><G20/><AGARI ba="0,0" hai="8,10,16,20,27,51,53,56,77,78,79,87,89,95" machi="20" ten="40,3900,0" yaku="8,1,54,1" doraHai="71" who="0" fromWho="3" sc="250,39,250,0,250,0,250,-39" /><INIT seed="0,1,0,5,4,23" ten="289,250,250,211" oya="0" hai0="79,117,63,37,5,135,112,65,64,133,114,21,125" hai1="105,72,27,10,26,54,121,128,34,85,4,25,29" hai2="52,22,49,1,18,6,15,86,70,89,113,20,9" hai3="61,82,69,50,17,98,101,90,2,107,8,91,42"/><T58/><D79/><U97/><E72/><V47/><F113/><N who="0" m="43626" /><D5/><U123/><E128/><V119/><F119/><W126/><G126/><T93/><D93/><U62/><E121/><V103/><F103/><W55/><G42/><T71/><D21/><U43/><E123/><V36/><F70/><W131/><G131/><T130/><D117/><U92/><E43/><V3/><F36/><W80/><G61/><N who="0" m="40335" /><D130/><U59/><E85/><V28/><F28/><W19/><G69/><T68/><D125/><U13/><E105/><V77/><F77/><W87/><G2/><T45/><D58/><U16/><E4/><V67/><F67/><W0/><G0/><T31/><D31/><U75/><E75/><V33/><F33/><W53/><G53/><T56/><D56/><U44/><E44/><V32/><F32/><W51/><G8/><T94/><D94/><U83/><E83/><V99/><F99/><W38/><G55/><T46/><D46/><U7/><E7/><V30/><F30/><W115/><G115/><T134/><D45/><U96/><E96/><V100/><F100/><AGARI ba="1,0" hai="10,13,16,25,26,27,29,34,54,59,62,92,97,100" machi="100" ten="30,8000,1" yaku="7,1,52,3,54,1" doraHai="23" who="1" fromWho="2" sc="289,0,250,83,250,-83,211,0" /><INIT seed="1,0,0,2,2,121" ten="289,333,167,211" oya="1" hai0="112,124,114,3,51,12,10,20,55,71,131,117,74" hai1="30,25,59,32,40,62,115,132,26,77,107,60,82" hai2="46,39,44,89,28,7,101,100,106,93,76,97,2" hai3="58,122,98,14,73,120,43,116,95,0,125,17,19"/><U108/><E115/><V13/><F2/><W113/><G0/><T128/><D74/><U69/><E107/><V27/><F76/><W111/><G113/><T64/><D117/><U52/><E132/><V66/><F66/><W86/><G73/><T4/><D124/><U123/><E123/><V42/><F46/><W6/><G125/><T85/><D64/><U130/><E130/><N who="0" m="49705" /><D71/><U110/><E40/><V67/><F67/><W63/><G116/><T15/><D85/><U48/><E25/><V72/><F72/><W56/><G43/><T133/><D133/><U49/><E69/><V126/><F126/><W34/><G34/><T35/><D35/><U105/><E105/><V135/><F135/><W80/><G6/><T37/><D37/><U129/><E129/><V9/><REACH who="2" step="1"/><F106/><REACH who="2" ten="289,333,157,211" step="2"/><W57/><G122/><T127/><D127/><U81/><E77/><V84/><F84/><W36/><G86/><T96/><D96/><U53/><E82/><V29/><F29/><W11/><G80/><T88/><D3/><U103/><E81/><V119/><F119/><W24/><G98/><T91/><D112/><U18/><E18/><V1/><F1/><W31/><G17/><N who="0" m="10279" /><D114/><U41/><E41/><V83/><F83/><W92/><G19/><T33/><D33/><AGARI ba="0,1" hai="7,9,13,27,28,33,39,42,44,89,93,97,100,101" machi="33" ten="30,2000,0" yaku="1,1,7,1,53,0" doraHai="121" doraHaiUra="134" who="2" fromWho="0" sc="289,-20,333,0,157,30,211,0" /><INIT seed="2,0,0,0,1,82" ten="269,333,187,211" oya="2" hai0="84,109,41,2,107,23,103,64,39,114,77,102,65" hai1="119,10,108,40,8,97,116,124,63,33,19,127,74" hai2="111,126,52,12,58,117,100,43,98,113,122,106,130" hai3="21,20,14,22,70,89,34,93,96,131,51,104,121"/><V128/><F122/><W11/><G34/><T120/><D2/><U75/><E33/><V79/><F117/><N who="1" m="45129" /><E40/><V28/><F113/><W17/><G121/><T123/><D114/><U88/><E63/><V9/><F43/><W87/><G70/><T69/><D109/><U31/><E31/><V71/><F71/><W29/><G131/><N who="2" m="50217" /><F111/><W59/><G29/><T0/><D77/><U16/><E108/><V132/><F132/><W135/><G135/><T47/><D0/><U67/><E67/><V48/><F28/><W60/><G51/><T133/><D133/><U90/><E97/><V53/><F53/><W30/><G30/><T42/><D69/><U56/><E56/><V27/><F27/><W86/><G104/><T110/><D110/><U101/><E101/><V94/><F79/><W35/><G35/><T44/><D23/><U38/><E38/><V24/><F24/><W5/><G5/><T32/><D32/><U115/><E115/><V85/><F126/><N who="1" m="48169" /><E8/><V6/><F85/><W91/><G91/><N who="1" m="34858" /><E10/><V125/><F125/><W15/><G15/><T81/><D39/><U49/><E49/><V68/><F68/><W80/><G80/><T61/><D81/><U134/><E134/><V18/><F6/><W105/><G105/><AGARI ba="0,0" hai="9,12,18,48,52,58,94,98,100,105,106" m="50217" machi="105" ten="30,2900,0" yaku="19,1,54,1" doraHai="82" who="2" fromWho="3" sc="269,0,333,0,187,29,211,-29" /><INIT seed="2,1,0,3,2,33" ten="269,333,216,182" oya="2" hai0="71,98,133,91,81,55,131,126,4,104,24,27,78" hai1="65,38,97,84,53,77,118,67,108,7,46,36,90" hai2="103,112,12,30,2,114,69,19,25,130,66,115,11" hai3="134,57,117,23,21,0,85,135,79,113,42,58,59"/><V18/><F103/><W95/><G117/><T129/><D71/><U45/><E118/><V86/><F86/><W6/><G42/><T43/><D43/><U20/><E108/><V124/><F66/><W111/><G111/><T37/><D37/><U120/><E120/><V13/><F69/><W92/><G113/><T52/><D4/><U9/><E38/><V107/><F107/><W32/><G32/><T16/><D126/><U125/><E125/><V127/><F130/><N who="0" m="49674" /><D133/><N who="3" m="50697" /><G79/><T1/><D1/><U14/><E36/><V96/><F96/><W48/><G48/><T123/><D123/><U70/><E70/><V28/><F2/><W22/><G85/><N who="0" m="48311" /><D27/><U72/><E72/><V116/><F116/><W47/><G47/><T51/><D51/><N who="1" m="28919" /><E45/><V29/><REACH who="2" step="1"/><F25/><REACH who="2" ten="269,333,206,182" step="2"/><W101/><G101/><N who="0" m="62519" /><D91/><U39/><E90/><V87/><F87/><W82/><G0/><T106/><D106/><U60/><E84/><V68/><F68/><W122/><G122/><T83/><D83/><U34/><E67/><V119/><F119/><W49/><G82/><T109/><D109/><U121/><E65/><V93/><F93/><N who="3" m="35915" /><G49/><T80/><D80/><U105/><E39/><V61/><F61/><W89/><G89/><T26/><D26/><U15/><E60/><V8/><AGARI ba="1,1" hai="8,11,12,13,18,19,28,29,30,112,114,115,124,127" machi="8" ten="40,18000,2" yaku="1,1,0,1,9,1,34,3,53,0" doraHai="33" doraHaiUra="94" who="2" fromWho="2" sc="269,-61,333,-61,206,193,182,-61" /><INIT seed="2,2,0,4,1,99" ten="208,272,399,121" oya="2" hai0="61,80,40,73,91,101,10,120,90,0,122,127,114" hai1="32,8,83,62,134,58,95,129,31,128,53,42,75" hai2="14,113,117,88,126,27,50,54,132,7,33,65,39" hai3="107,52,59,3,121,109,36,25,6,92,123,110,1"/><V66/><F117/><W106/><G36/><T112/><D61/><U20/><E32/><V9/><F113/><W46/><G46/><T57/><D57/><U2/><E42/><V51/><F132/><W49/><G25/><T60/><D60/><U56/><E56/><V68/><F126/><W4/><G92/><T38/><D127/><U116/><E116/><V11/><F68/><W72/><G72/><T130/><D130/><U96/><E134/><V45/><F39/><W98/><G98/><T94/><D40/><U82/><E2/><V74/><F74/><W28/><G28/><T84/><D10/><U23/><E8/><V24/><F88/><N who="0" m="33834" /><D73/><U78/><E82/><V81/><F81/><W41/><G41/><T22/><D22/><U76/><E76/><V103/><F33/><W131/><G131/><N who="1" m="50250" /><E31/><V64/><F11/><W67/><G67/><T102/><D0/><N who="3" m="73" /><G4/><T35/><D35/><U125/><E125/><V111/><F51/><W108/><G6/><T133/><D38/><U48/><E48/><V29/><F29/><W77/><G77/><N who="0" m="46095" /><D94/><U105/><E105/><AGARI ba="2,0" hai="49,52,59,105,106,107,108,109,110,121,123" m="73" machi="105" ten="40,2600,0" yaku="14,1,54,1" doraHai="99" who="3" fromWho="1" sc="208,0,272,-32,399,0,121,32" /><INIT seed="3,0,0,1,4,76" ten="208,240,399,153" oya="3" hai0="107,48,22,58,62,61,9,8,99,25,5,128,36" hai1="85,14,79,124,120,49,132,102,16,106,93,17,74" hai2="53,116,13,19,50,33,109,29,30,39,119,23,101" hai3="88,57,87,64,0,42,131,28,113,54,83,59,63"/><W35/><G113/><T84/><D36/><U71/><E71/><V31/><F39/><W115/><G115/><T118/><D118/><U34/><E34/><V24/><F101/><W96/><G0/><T72/><D72/><U40/><E120/><V125/><F109/><W73/><G42/><T66/><D128/><U121/><E121/><V10/><F125/><W91/><G73/><T67/><D48/><U100/><E124/><V68/><F68/><W122/><G122/><T105/><D84/><U77/><E106/><V20/><F33/><W32/><G131/><T86/><D86/><U56/><E74/><V112/><F112/><W78/><G28/><T75/><D75/><U104/><E104/><V98/><F98/><W4/><G4/><T133/><D133/><U135/><E135/><V69/><F69/><W94/><REACH who="3" step="1"/><G78/><REACH who="3" ten="208,240,399,143" step="2"/><T6/><D6/><U92/><E77/><V15/><F116/><W37/><G37/><T111/><D5/><U108/><E79/><V114/><F119/><W27/><G27/><T2/><D25/><U126/><E126/><V65/><F114/><W90/><G90/><T21/><D2/><U26/><E26/><V82/><F31/><W127/><G127/><T80/><D111/><U70/><E108/><V1/><F30/><W123/><G123/><T41/><D41/><U95/><E40/><V47/><F1/><W110/><G110/><T7/><D7/><U18/><E132/><V81/><F65/><W129/><G129/><T55/><D67/><U46/><E18/><AGARI ba="0,1" hai="10,13,15,18,19,20,23,24,29,47,50,53,81,82" machi="18" ten="30,7700,0" yaku="7,1,8,1,52,2" doraHai="76" who="2" fromWho="1" sc="208,0,240,-77,399,87,143,0" /><INIT seed="4,0,0,1,5,56" ten="208,163,486,143" oya="0" hai0="123,32,42,9,35,97,127,114,122,15,116,90,92" hai1="83,80,72,20,62,121,30,79,76,130,112,129,48" hai2="21,31,99,111,63,52,8,77,107,102,1,5,51" hai3="36,46,50,10,115,132,69,18,75,13,106,19,37"/><T26/><D116/><U65/><E121/><V23/><F111/><W96/><G75/><T126/><D42/><U124/><E124/><N who="0" m="47657" /><D114/><U17/><E48/><V64/><F77/><W53/><G115/><T104/><D104/><U66/><E30/><V70/><REACH who="2" step="1"/><F31/><REACH who="2" ten="208,163,476,143" step="2"/><W33/><G132/><T38/><D122/><U7/><E79/><V27/><F27/><W41/><G33/><T29/><D123/><U125/><E76/><V85/><F85/><W78/><G78/><T86/><D86/><U12/><E125/><V68/><F68/><W39/><G69/><T2/><D35/><U45/><E72/><V55/><F55/><W81/><G53/><T88/><D26/><U109/><E112/><V0/><F0/><W24/><G24/><T128/><D2/><U89/><E109/><V119/><F119/><W134/><G134/><T4/><D29/><U6/><E130/><V117/><F117/><W34/><G34/><T67/><D32/><U133/><E129/><V58/><AGARI ba="0,1" hai="1,5,8,21,23,51,52,58,63,64,70,99,102,107" machi="58" ten="20,8000,1" yaku="1,1,0,1,7,1,52,1,54,1,53,0" doraHai="56" doraHaiUra="84" who="2" fromWho="2" sc="208,-40,163,-20,476,90,143,-20" /><INIT seed="5,0,0,2,4,76" ten="168,143,566,123" oya="1" hai0="55,95,129,26,72,128,123,106,108,15,125,9,124" hai1="64,50,8,6,65,38,79,28,101,118,66,89,97" hai2="116,86,93,59,87,69,35,14,115,17,18,110,126" hai3="16,112,24,12,92,42,68,45,21,49,70,71,119"/><U130/><E38/><V91/><F35/><W94/><G112/><T44/><D106/><U82/><E118/><V57/><F69/><W7/><G119/><T30/><D108/><U100/><E130/><N who="0" m="50281" /><D72/><U105/><E28/><V122/><F122/><W107/><G107/><T73/><D73/><U53/><E101/><V29/><F29/><W33/><REACH who="3" step="1"/><G7/><REACH who="3" ten="168,143,566,113" step="2"/><N who="0" m="3519" /><D123/><U120/><E120/><V109/><F115/><W62/><G62/><T25/><D124/><U81/><E79/><V1/><F126/><W4/><G4/><T98/><D125/><U56/><REACH who="1" step="1"/><E89/><REACH who="1" ten="168,133,566,113" step="2"/><V41/><F91/><W135/><G135/><T48/><D30/><AGARI ba="0,2" hai="12,16,21,24,30,33,42,45,49,68,70,71,92,94" machi="30" ten="40,5200,0" yaku="1,1,54,1,53,1" doraHai="76" doraHaiUra="36" who="3" fromWho="0" sc="168,-52,133,0,566,0,113,72" /><INIT seed="6,0,0,0,5,70" ten="116,133,566,185" oya="2" hai0="28,62,124,34,64,112,103,84,59,75,90,67,45" hai1="132,12,128,77,72,104,63,106,40,43,100,1,129" hai2="31,6,92,134,80,85,105,52,87,21,41,71,23" hai3="27,56,33,65,91,94,88,101,36,89,113,126,95"/><V5/><F105/><N who="1" m="40553" /><E1/><V107/><F107/><W32/><G113/><T58/><D112/><U4/><E100/><V127/><F71/><W16/><G126/><T26/><D124/><U109/><E109/><V49/><F134/><W93/><G101/><T2/><D2/><U57/><E132/><V61/><F61/><W135/><G135/><T96/><D75/><U119/><E119/><V25/><F41/><W114/><G114/><T117/><D117/><U44/><E44/><V122/><F122/><W79/><G79/><T78/><D78/><U73/><E12/><V110/><F110/><W7/><G7/><T66/><D103/><U130/><E4/><V22/><F127/><W120/><G120/><T116/><D96/><U99/><E99/><V47/><F5/><W30/><G16/><T19/><D116/><U38/><E38/><V111/><F111/><W121/><G36/><T83/><D58/><U10/><E10/><V11/><F92/><W18/><G18/><T54/><REACH who="0" step="1"/><D19/><REACH who="0" ten="106,133,566,185" step="2"/><U8/><E77/><N who="2" m="46223" /><F87/><W102/><G121/><T29/><D29/><U39/><E73/><V51/><F31/><W55/><G102/><T3/><D3/><U108/><E72/><V133/><F133/><W35/><G30/><T60/><D60/><U97/><E108/><V125/><F125/><W98/><G98/><T115/><D115/><U42/><E97/><V9/><F6/><W53/><G56/><T46/><AGARI ba="0,1" hai="26,28,34,45,46,54,59,62,64,66,67,83,84,90" machi="46" ten="30,4000,0" yaku="1,1,0,1,53,1" doraHai="70" doraHaiUra="50" who="0" fromWho="0" sc="106,50,133,-10,566,-20,185,-10" /><INIT seed="7,0,0,0,5,45" ten="156,123,546,175" oya="3" hai0="32,115,53,84,2,86,29,128,105,50,75,93,38" hai1="0,89,36,72,79,60,61,16,120,99,25,100,91" hai2="113,119,82,4,126,33,96,92,21,26,39,101,116" hai3="133,66,135,62,52,117,19,59,14,107,131,10,70"/><W121/><G117/><T28/><D38/><U18/><E0/><V6/><F39/><W46/><G121/><T108/><D108/><U129/><E36/><V63/><F33/><W68/><G131/><T78/><D2/><U124/><E129/><V90/><F126/><W55/><G107/><T40/><D128/><U12/><E124/><V51/><F113/><W88/><G88/><N who="1" m="33866" /><E120/><V104/><F63/><N who="1" m="24137" /><E72/><V134/><F134/><N who="3" m="51211" /><G46/><T49/><D75/><U132/><E132/><V44/><F116/><W69/><AGARI ba="0,0" hai="10,14,19,52,55,59,62,66,68,69,70" m="51211" machi="69" ten="40,3900,0" yaku="20,1,54,1" doraHai="45" who="3" fromWho="3" sc="156,-13,123,-13,546,-13,175,39" /><INIT seed="7,1,0,1,4,6" ten="143,110,533,214" oya="3" hai0="45,0,124,26,121,41,21,1,104,113,125,85,8" hai1="63,92,90,76,100,109,20,106,36,55,96,49,48" hai2="114,115,133,74,86,32,62,22,9,38,132,57,108" hai3="93,37,135,99,112,129,91,103,33,50,28,68,2"/><W117/><G37/><N who="0" m="21679" /><D104/><U10/><E109/><V29/><F74/><W105/><G117/><T67/><D121/><U46/><E36/><V44/><F32/><W98/><G68/><T66/><D113/><N who="2" m="43018" /><F86/><W81/><G112/><T54/><D54/><U12/><E76/><V83/><F83/><W39/><G39/><T16/><D85/><U134/><E134/><V122/><F122/><W82/><G2/><N who="0" m="1131" /><D8/><U60/><E20/><V59/><F9/><W11/><G11/><T97/><D97/><U80/><E49/><V87/><F87/><W5/><G5/><T78/><D78/><U35/><E35/><V131/><F131/><W56/><G129/><T3/><D3/><U73/><E73/><V51/><F38/><W94/><G105/><T52/><D52/><U119/><E119/><V89/><F89/><W25/><G135/><T71/><D71/><U58/><E58/><V69/><F108/><W19/><G19/><T102/><D102/><U47/><E47/><V95/><F95/><W42/><G56/><T31/><D31/><U88/><E80/><V84/><F84/><W23/><G33/><T30/><D30/><U13/><E13/><V27/><F69/><W7/><G7/><T34/><D34/><U118/><E118/><V72/><F72/><W17/><G28/><T4/><D4/><N who="1" m="3143" /><E106/><V110/><F110/><W126/><G81/><T79/><D79/><U53/><E53/><N who="2" m="34159" /><F57/><W130/><G82/><T61/><D67/><U65/><E65/><V64/><F64/><W107/><G130/><T127/><D66/><U70/><E70/><V14/><F133/><RYUUKYOKU ba="1,0" sc="143,15,110,15,533,-15,214,-15" hai0="16,21,26,61,124,125,127" hai1="46,48,55,60,63,88,90,92,96,100" owari="158,-24.0,125,-37.0,518,61.0,199,0.0" /></mjloggm>