<mjloggm ver="2.3"><GO type="41"/><UN n0="%E3%82%82%E3%81%A3%E3%81%97%E3%83%BC" n1="%E7%A5%9E%E5%9F%9F%E3%81%AE%E6%89%8B%E6%B7%AB%E4%BC%9D%E8%AA%AC" n2="%E3%81%BA%E3%82%8A%E3%81%8B%E3%82%93" n3="%E3%82%A6%E3%83%AB%E3%83%88%E3%83%A9%E7%AB%8B%E7%9B%B4" dan="15,14,15,15" rate="2008,1905,2005,2001" sx="M,M,M,M"/><TAIKYOKU oya="0"/><INIT seed="0,0,0,4,4,8" ten="250,250,250,250" oya="0" hai0="91,80,33,133,32,0,24,34,59,38,104,58,110" hai1="123,46,95,1,41,71,49,87,31,27,39,120,105" hai2="86,117,50,93,115,63,128,109,84,119,130,131,10" hai3="92,101,135,7,81,127,100,35,72,82,125,14,13"/><T61/><D104/><U51/><E105/><V114/><F50/><W129/><G35/><T36/><D0/><U16/><E71/><V64/><F10/><W5/><G92/><T90/><D133/><U48/><E1/><V88/><F63/><W44/><G44/><T26/><D110/><U20/><E87/><N who="2" m="33323" /><F64/><W78/><G78/><T3/><D3/><U56/><E95/><V70/><F70/><W54/><G54/><T102/><D102/><U11/><E11/><V28/><F28/><W17/><G17/><T126/><D126/><U62/><REACH who="1" step="1"/><E31/><REACH who="1" ten="250,240,250,250" step="2"/><V134/><F134/><W19/><G135/><T53/><D80/><U85/><E85/><N who="2" m="52367" /><F109/><W47/><G72/><T106/><D106/><U116/><E116/><AGARI ba="0,1" hai="114,115,116,117,119,128,130,131" m="52367,33323" machi="116" ten="40,8000,1" yaku="12,1,19,1,34,2,54,1" doraHai="8" who="2" fromWho="1" sc="250,0,240,-80,250,90,250,0" /><INIT seed="1,0,0,0,0,103" ten="250,160,340,250" oya="1" hai0="105,132,95,81,6,120,127,33,108,18,35,37,62" hai1="50,58,118,76,68,128,44,111,9,23,70,27,67" hai2="29,80,102,114,20,113,107,53,99,3,1,64,19" hai3="121,100,38,116,4,94,130,85,119,47,90,49,65"/><U134/><E118/><N who="3" m="45098" /><G121/><T91/><D37/><U60/><E76/><V96/><F29/><W104/><G38/><T32/><D108/><U74/><E111/><V88/><F64/><W78/><G65/><T52/><D6/><U125/><E74/><V110/><F110/><W123/><G123/><T14/><D120/><U57/><E125/><V135/><F135/><W42/><G78/><T124/><D132/><U30/><E134/><V83/><F53/><W7/><G130/><T98/><D81/><U122/><E128/><V56/><F56/><W129/><G129/><T11/><D105/><U69/><E122/><V106/><F106/><W15/><G15/><T112/><D112/><N who="2" m="43114" /><F83/><W84/><G84/><T5/><D5/><N who="3" m="2121" /><G100/><T109/><D109/><U82/><E9/><V101/><F101/><W31/><G31/><T28/><D28/><U25/><E82/><V34/><F34/><W97/><G97/><T133/><D133/><U36/><E27/><N who="2" m="14751" /><F99/><W13/><G13/><T12/><D12/><U54/><REACH who="1" step="1"/><E58/><REACH who="1" ten="250,150,340,250" step="2"/><V55/><F80/><W2/><G2/><T40/><D127/><U59/><E59/><V41/><F3/><W63/><G63/><T16/><D124/><U87/><E87/><V72/><F1/><W66/><G66/><T126/><D126/><U39/><AGARI ba="0,1" hai="23,25,30,36,39,44,50,54,57,60,67,68,69,70" machi="39" ten="40,7800,0" yaku="1,1,0,1,53,1" doraHai="103" doraHaiUra="24" who="1" fromWho="1" sc="250,-26,150,88,340,-26,250,-26" /><INIT seed="1,1,0,1,5,79" ten="224,238,314,224" oya="1" hai0="56,16,46,9,22,131,113,89,115,34,117,73,67" hai1="40,86,62,30,83,37,135,44,104,96,112,35,49" hai2="78,13,110,48,58,5,64,12,47,118,97,133,119" hai3="82,68,87,95,63,114,100,4,55,1,29,25,127"/><U111/><E112/><V130/><F110/><W18/><G114/><T106/><D117/><U65/><E135/><V88/><F133/><W27/><G127/><T102/><D34/><U108/><E37/><V69/><F69/><W57/><G68/><T17/><D73/><U109/><E35/><V41/><F119/><W98/><G1/><T123/><D131/><U81/><E30/><V31/><F118/><W92/><G4/><T2/><D123/><U36/><E86/><V53/><F5/><W50/><G92/><T42/><D102/><N who="1" m="62535" /><E36/><V61/><F31/><W134/><G134/><T99/><D106/><U93/><E93/><N who="2" m="56487" /><F78/><W32/><G18/><T11/><D2/><U60/><E60/><N who="2" m="37911" /><F130/><W28/><G28/><T74/><D74/><U129/><E129/><V75/><F75/><W125/><G125/><T10/><D115/><U6/><E6/><V70/><F70/><AGARI ba="1,0" hai="40,44,49,62,65,70,81,83,108,109,111" m="62535" machi="70" ten="30,11600,0" yaku="14,1,10,1,52,2" doraHai="79" who="1" fromWho="2" sc="224,0,238,119,314,-119,224,0" /><INIT seed="1,2,0,5,0,80" ten="224,357,195,224" oya="1" hai0="108,59,12,89,18,76,19,13,52,75,66,43,40" hai1="67,33,107,55,29,8,130,60,26,5,38,86,84" hai2="46,94,28,31,97,135,132,24,27,45,56,77,133" hai3="104,102,117,15,112,6,105,74,128,73,81,49,22"/><U53/><E107/><V3/><F3/><W116/><G22/><T125/><D108/><U64/><E38/><V21/><F77/><W51/><G15/><T103/><D103/><U92/><E130/><V121/><F121/><W54/><G6/><T37/><D125/><U93/><E64/><V114/><F114/><W32/><G32/><T39/><D66/><U98/><E93/><V48/><F56/><W88/><G51/><T16/><D76/><U111/><E111/><V82/><F82/><W14/><G14/><T90/><D75/><U44/><E44/><V47/><F27/><W119/><G112/><T35/><D35/><U79/><E79/><V123/><F123/><W65/><G65/><T127/><D127/><U118/><E118/><V91/><REACH who="2" step="1"/><F28/><REACH who="2" ten="224,357,185,224" step="2"/><W124/><G124/><T106/><D13/><U129/><E129/><V9/><F9/><W58/><G128/><T68/><D12/><U10/><E10/><V25/><F25/><W0/><G0/><T23/><D68/><U42/><E8/><V57/><F57/><W72/><G102/><T20/><D59/><U34/><E5/><V78/><F78/><W100/><G100/><T122/><D122/><U83/><E26/><V113/><F113/><W95/><REACH who="3" step="1"/><G81/><REACH who="3" ten="224,357,185,214" step="2"/><T1/><D1/><U134/><E83/><V71/><F71/><W87/><AGARI ba="2,2" hai="49,54,58,72,73,74,87,88,95,104,105,116,117,119" machi="87" ten="40,12000,2" yaku="1,1,2,1,0,1,12,1,52,1,54,1,53,0" doraHai="80" doraHaiUra="96" who="3" fromWho="3" sc="224,-32,357,-62,185,-32,214,146" /><INIT seed="2,0,0,1,3,80" ten="192,295,153,360" oya="2" hai0="58,126,73,28,19,109,93,110,105,47,24,79,63" hai1="59,121,116,18,99,51,67,39,65,54,66,135,101" hai2="9,72,52,91,70,13,48,115,122,2,64,60,27" hai3="34,87,61,35,92,15,71,100,55,81,94,129,6"/><V25/><F115/><W1/><G1/><T14/><D105/><U85/><E116/><V75/><F122/><W124/><G35/><T133/><D73/><U46/><E121/><V127/><F2/><W131/><G34/><T83/><D47/><U107/><E135/><V29/><F127/><W103/><G71/><T38/><D38/><U43/><E18/><V11/><F27/><W119/><G55/><T77/><D126/><U118/><E118/><V113/><F113/><W12/><G61/><T68/><D68/><U62/><REACH who="1" step="1"/><E85/><REACH who="1" ten="192,285,153,360" step="2"/><V112/><F112/><W32/><G119/><T53/><D133/><U22/><E22/><V86/><F75/><W104/><G124/><T111/><D19/><U21/><E21/><V98/><F72/><W89/><G32/><T82/><D111/><U95/><E95/><N who="3" m="36394" /><G6/><T108/><D93/><U50/><AGARI ba="0,1" hai="39,43,46,50,51,54,59,62,65,66,67,99,101,107" machi="50" ten="30,4000,0" yaku="1,1,0,1,53,1" doraHai="80" doraHaiUra="97" who="1" fromWho="1" sc="192,-10,285,50,153,-20,360,-10" /><INIT seed="3,0,0,3,0,83" ten="182,335,133,350" oya="3" hai0="50,4,73,133,112,108,71,14,63,3,59,61,1" hai1="68,93,55,97,47,38,18,5,53,22,91,9,87" hai2="7,75,120,58,43,85,118,54,128,40,45,27,115" hai3="25,28,74,19,26,67,107,20,13,11,109,117,123"/><W135/><G74/><T23/><D73/><U15/><E68/><V41/><F75/><W116/><G107/><T86/><D108/><U69/><E69/><V52/><F115/><W99/><G99/><T88/><D133/><U10/><E10/><V100/><F118/><W127/><G67/><T62/><D71/><U34/><E34/><V6/><F128/><W31/><G123/><T80/><D112/><U65/><E65/><V21/><F120/><W111/><G135/><T76/><D76/><U0/><E38/><V124/><F124/><W106/><G106/><T103/><D103/><U122/><E122/><V36/><F100/><W92/><G92/><T64/><D64/><U121/><E121/><V33/><F33/><N who="3" m="20623" /><G127/><T82/><D82/><U81/><REACH who="1" step="1"/><E47/><REACH who="1" ten="182,325,133,350" step="2"/><V42/><F58/><W48/><G48/><T32/><D32/><U35/><E35/><V101/><F36/><W51/><G51/><T60/><D50/><U129/><E129/><V44/><F45/><W17/><G116/><T89/><D59/><U105/><E105/><V57/><F44/><W134/><G117/><T2/><D63/><U79/><AGARI ba="0,1" hai="0,5,9,15,18,22,53,55,79,81,87,91,93,97" machi="79" ten="20,5200,0" yaku="1,1,0,1,7,1,52,1,53,0" doraHai="83" doraHaiUra="29" who="1" fromWho="1" sc="182,-13,325,62,133,-13,350,-26" /><INIT seed="4,0,0,1,1,92" ten="169,387,120,324" oya="0" hai0="113,76,119,59,19,34,63,1,10,45,42,11,57" hai1="134,111,30,52,58,127,107,115,108,116,6,122,71" hai2="103,98,120,0,23,102,8,100,53,126,48,88,62" hai3="118,99,18,86,97,67,78,91,130,75,101,68,73"/><T20/><D119/><U26/><E107/><V22/><F120/><W96/><G67/><T41/><D34/><U84/><E122/><V83/><F126/><W133/><G68/><T32/><D32/><U106/><E71/><V89/><F0/><W65/><G65/><T5/><D113/><U55/><E106/><V36/><F36/><W54/><G118/><T121/><D121/><U13/><E116/><V49/><F8/><W105/><G54/><T95/><D11/><U131/><E134/><V56/><F49/><W50/><G50/><T35/><D35/><U69/><E127/><V28/><F83/><N who="3" m="47479" /><G18/><T44/><D76/><U7/><E84/><V3/><F3/><W128/><G133/><T66/><D59/><U104/><E69/><V64/><F28/><W93/><G97/><T129/><D129/><AGARI ba="0,0" hai="73,75,91,93,96,99,101,105,128,129,130" m="47479" machi="129" ten="30,8000,1" yaku="19,1,34,2,52,2" doraHai="92" who="3" fromWho="0" sc="169,-80,387,0,120,0,324,80" /><INIT seed="5,0,0,0,4,109" ten="89,387,120,404" oya="1" hai0="29,48,104,49,32,99,125,106,13,12,76,36,10" hai1="89,102,107,65,28,35,91,42,60,56,64,62,4" hai2="103,122,72,22,19,20,83,30,133,113,90,114,80" hai3="81,43,132,25,129,94,69,100,51,26,59,85,126"/><U118/><E118/><V105/><F122/><W108/><G69/><T55/><D36/><U73/><E73/><V117/><F117/><W61/><G108/><T31/><D76/><U74/><E74/><V88/><F30/><W92/><G126/><T33/><D10/><U57/><E4/><V7/><F7/><W66/><G129/><T75/><D75/><U8/><E42/><V112/><F133/><W120/><G120/><T116/><D116/><U16/><E35/><V17/><F103/><W27/><G132/><T18/><D99/><U15/><REACH who="1" step="1"/><E28/><REACH who="1" ten="89,377,120,404" step="2"/><V40/><F40/><W123/><G123/><T52/><D125/><U44/><E44/><V131/><F131/><W115/><G43/><T127/><D127/><U82/><E82/><N who="2" m="31275" /><F72/><W37/><G81/><T45/><D45/><U130/><E130/><V87/><F105/><W68/><G94/><T39/><D39/><U24/><E24/><N who="2" m="14351" /><F87/><W3/><G37/><T111/><D111/><U23/><E23/><V50/><F50/><W95/><G51/><T93/><D93/><U78/><E78/><V46/><F46/><W128/><G128/><T41/><D41/><U86/><E86/><V96/><F96/><AGARI ba="0,1" hai="8,15,16,56,57,60,62,64,65,89,91,96,102,107" machi="96" ten="40,12000,1" yaku="1,1,9,1,54,1,53,1" doraHai="109" doraHaiUra="9" who="1" fromWho="2" sc="89,0,377,130,120,-120,404,0" /><INIT seed="5,1,0,5,2,49" ten="89,507,0,404" oya="1" hai0="126,73,121,36,62,19,55,4,114,64,93,10,104" hai1="99,48,87,96,125,38,84,102,123,120,108,83,100" hai2="98,8,113,6,40,128,31,14,58,43,53,29,2" hai3="50,88,63,56,46,37,42,107,69,106,15,111,70"/><U7/><E38/><V23/><F128/><W101/><G101/><N who="1" m="39018" /><E7/><V131/><F131/><W30/><G30/><N who="2" m="11273" /><F2/><W78/><G78/><T130/><D130/><U68/><E48/><N who="2" m="31015" /><F113/><W71/><G111/><T32/><D104/><U122/><E68/><V67/><F98/><N who="1" m="37417" /><E108/><V59/><F23/><W54/><G106/><T11/><D32/><U5/><E5/><V33/><F33/><W35/><G107/><T86/><D4/><U116/><E116/><V52/><F67/><W44/><G35/><T12/><D64/><U61/><E61/><AGARI ba="1,0" hai="6,8,14,40,43,52,59,61" m="31015,11273" machi="61" ten="30,7700,0" yaku="8,1,52,2,54,1" doraHai="49" who="2" fromWho="1" sc="89,0,507,-80,0,80,404,0" /><INIT seed="6,0,0,3,3,51" ten="89,427,80,404" oya="2" hai0="63,77,3,58,109,56,76,67,40,100,61,26,82" hai1="65,130,31,123,68,116,20,132,129,93,39,6,60" hai2="42,101,64,9,85,89,35,10,92,97,52,53,133" hai3="22,81,44,121,32,48,13,127,98,17,36,29,45"/><V46/><F35/><W4/><G121/><T114/><D109/><U37/><E116/><V14/><F133/><W8/><G127/><T94/><D3/><U11/><E132/><V62/><F10/><W79/><G98/><N who="0" m="59479" /><D114/><U33/><E123/><V5/><F42/><W23/><G36/><T95/><D40/><U91/><E33/><V55/><F46/><W110/><G110/><T115/><D115/><U19/><E31/><V113/><F113/><W71/><G71/><T106/><D106/><U119/><E119/><V34/><F34/><W21/><G32/><T90/><D82/><U28/><E28/><V120/><F120/><W88/><G29/><T7/><D26/><N who="1" m="14623" /><E93/><N who="2" m="58543" /><F64/><W117/><G117/><T50/><D50/><U75/><E75/><V135/><F135/><W73/><G73/><T122/><D7/><U124/><E91/><V118/><F118/><W2/><G79/><T57/><D122/><U72/><E72/><V12/><F12/><W66/><G66/><N who="0" m="39207" /><D58/><AGARI ba="0,0" hai="5,9,14,52,53,55,58,62,85,89,92" m="58543" machi="58" ten="30,12000,1" yaku="8,1,52,3,54,1" doraHai="51" who="2" fromWho="0" sc="89,-120,427,0,80,120,404,0" owari="-31,-53.0,427,53.0,200,-20.0,404,20.0" /></mjloggm>