<mjloggm ver="2.3"><GO type="41"/><UN n0="%E3%82%A6%E3%83%AB%E3%83%88%E3%83%A9%E7%AB%8B%E7%9B%B4" n1="%E9%BA%BB%E9%9B%80" n2="%E3%81%86%E3%81%83%E3%81%A1%E3%82%83%E3%82%93" n3="%70%61%72%6F%70%75%6E" dan="15,13,13,14" rate="2005,1930,1884,1849" sx="M,M,M,M"/><TAIKYOKU oya="0"/><INIT seed="0,0,0,0,2,103" ten="250,250,250,250" oya="0" hai0="61,57,118,36,26,93,50,49,3,30,42,76,65" hai1="44,19,102,56,121,13,60,35,106,89,41,125,25" hai2="78,123,96,112,129,1,40,51,4,104,47,24,108" hai3="83,79,58,88,131,127,9,37,75,107,12,48,105"/><T8/><D118/><U27/><E121/><V98/><F123/><W73/><G37/><T81/><D36/><U64/><E125/><V32/><F112/><W54/><G75/><T72/><D42/><U39/><E35/><V68/><F68/><W69/><G69/><T95/><D8/><U113/><E113/><V116/><F108/><W53/><G127/><T59/><D3/><U92/><E102/><V101/><F129/><W66/><G66/><T85/><D72/><U28/><E28/><V29/><F116/><W55/><G131/><T132/><D132/><U91/><E91/><V110/><F110/><W31/><G31/><T6/><D6/><U80/><E80/><V0/><F78/><W135/><G135/><T46/><D46/><U119/><E119/><V128/><F128/><W115/><G115/><T134/><D134/><U62/><E62/><V21/><F4/><W77/><G77/><T33/><D57/><U11/><REACH who="1" step="1"/><E106/><REACH who="1" ten="250,240,250,250" step="2"/><V16/><REACH who="2" step="1"/><F96/><AGARI ba="0,1" hai="11,13,19,25,27,39,41,44,56,60,64,89,92,96" machi="96" ten="30,7700,0" yaku="1,1,2,1,7,1,53,1" doraHai="103" doraHaiUra="10" who="1" fromWho="2" sc="250,0,240,87,250,-77,250,0" /><INIT seed="1,0,0,5,5,9" ten="250,327,173,250" oya="1" hai0="93,131,16,128,132,76,123,126,112,31,13,98,26" hai1="23,17,21,91,135,56,59,4,109,33,52,121,53" hai2="111,79,55,25,68,118,101,58,63,106,102,47,39" hai3="44,28,5,45,133,54,48,85,22,12,116,10,19"/><U104/><E121/><V117/><F111/><W105/><G105/><T67/><D112/><U134/><E104/><V86/><F68/><W95/><G116/><T49/><D67/><U127/><E33/><V125/><F125/><W43/><G133/><N who="1" m="50698" /><E127/><V11/><F106/><W90/><G28/><T46/><D126/><U83/><E109/><V110/><F110/><W97/><G97/><T42/><D76/><U24/><E4/><V99/><F118/><W34/><G34/><T2/><D2/><U64/><E64/><V81/><F117/><W7/><G10/><T0/><D0/><U1/><E1/><V35/><F35/><W38/><AGARI ba="0,0" hai="5,7,12,19,22,38,43,44,45,48,54,85,90,95" machi="38" ten="20,2700,0" yaku="0,1,7,1,52,1" doraHai="9" who="3" fromWho="3" sc="250,-7,327,-13,173,-7,250,27" /><INIT seed="2,0,0,4,4,1" ten="243,314,166,277" oya="2" hai0="82,28,81,100,49,84,125,9,103,117,80,132,121" hai1="29,32,130,46,35,131,123,33,51,127,89,34,5" hai2="27,74,115,75,45,83,110,43,4,122,77,111,120" hai3="2,72,16,58,61,68,95,104,124,21,8,10,18"/><V98/><F115/><W20/><G72/><T87/><D28/><U96/><E123/><V25/><F98/><W14/><G104/><T41/><D121/><N who="2" m="46698" /><F75/><W63/><G68/><T13/><D117/><U26/><E127/><V47/><F43/><W101/><G124/><T134/><D125/><U57/><E57/><V59/><F59/><W69/><G69/><T60/><D60/><U17/><E17/><V86/><F74/><W119/><G119/><T23/><D23/><U112/><E112/><V53/><F4/><W129/><G129/><T126/><D126/><U128/><E96/><V54/><F86/><W52/><G63/><T6/><D41/><U42/><E89/><V108/><F83/><W135/><G135/><T40/><D40/><U79/><E79/><V30/><F77/><W106/><G106/><T65/><D65/><U24/><E24/><N who="2" m="9291" /><F30/><W97/><G2/><T48/><D134/><U19/><E19/><V94/><F94/><W0/><G0/><T99/><D132/><U3/><E3/><V55/><AGARI ba="0,0" hai="45,47,53,54,55,108,110,111" m="9291,46698" machi="55" ten="40,12000,1" yaku="28,2,14,1,10,1" doraHai="1" who="2" fromWho="2" sc="243,-40,314,-40,166,120,277,-40" /><INIT seed="2,1,0,0,0,32" ten="203,274,286,237" oya="2" hai0="21,119,63,16,48,31,15,69,52,44,9,101,109" hai1="86,88,55,54,5,62,12,38,70,4,79,124,46" hai2="72,67,100,50,29,134,89,106,19,34,76,75,0" hai3="47,132,113,41,104,61,78,114,2,131,98,74,28"/><V18/><F134/><W92/><G132/><T123/><D123/><U121/><E121/><V130/><F130/><W39/><G28/><T45/><D119/><U128/><E128/><V66/><F106/><W7/><G61/><T108/><D101/><U129/><E129/><V57/><F100/><N who="3" m="62487" /><G92/><T10/><D63/><U118/><E118/><V33/><F29/><W83/><G131/><T42/><D69/><U11/><E124/><V93/><F76/><W30/><G30/><T127/><D127/><U122/><E122/><V36/><F36/><W82/><G82/><T43/><D43/><U25/><E79/><V1/><F50/><W117/><G117/><T94/><D94/><U112/><E112/><V24/><F57/><W87/><G87/><T102/><D102/><U95/><E25/><V56/><F56/><W71/><G71/><T35/><D35/><U126/><E126/><V58/><F58/><W6/><G6/><T105/><D105/><U3/><E5/><V91/><F93/><W40/><G40/><T14/><D31/><U53/><E38/><V103/><F103/><W96/><G96/><T115/><D115/><N who="3" m="44041" /><G7/><T120/><D120/><U51/><E70/><V125/><F125/><W133/><G133/><T110/><REACH who="0" step="1"/><D14/><REACH who="0" ten="193,274,286,237" step="2"/><U135/><E62/><V22/><F24/><W49/><G49/><AGARI ba="1,1" hai="9,10,15,16,21,42,44,45,48,49,52,108,109,110" machi="49" ten="40,8000,1" yaku="1,1,2,1,14,1,54,2,53,0" doraHai="32" doraHaiUra="64" who="0" fromWho="3" sc="193,93,274,0,286,0,237,-83" /><INIT seed="3,0,0,4,1,103" ten="286,274,286,154" oya="3" hai0="131,77,30,134,45,32,107,133,79,22,125,123,84" hai1="89,106,75,97,47,73,124,81,63,83,20,28,112" hai2="78,36,34,65,54,51,19,90,91,56,98,17,1" hai3="55,10,64,92,87,18,121,49,16,113,44,58,9"/><W35/><G121/><T82/><D32/><U99/><E112/><V71/><F36/><W111/><G35/><T110/><D30/><U115/><E115/><V14/><F34/><W25/><G113/><T7/><D22/><U40/><E124/><V88/><F1/><W135/><G135/><N who="0" m="51723" /><D7/><U41/><E41/><V13/><F78/><W117/><G117/><T102/><D45/><U42/><E42/><V95/><F71/><W85/><G111/><T101/><D123/><U29/><E63/><V4/><F65/><W62/><G25/><T3/><D3/><U6/><E40/><V46/><F46/><W132/><G132/><T60/><D60/><U72/><E47/><V129/><F129/><W38/><G38/><T67/><D67/><U5/><E20/><V80/><F80/><W2/><G2/><T0/><D0/><U69/><E75/><V108/><F108/><W27/><G27/><T61/><D61/><U43/><E43/><V11/><F14/><W104/><G104/><T93/><D110/><U39/><E39/><V23/><F23/><W53/><G64/><T74/><D125/><U105/><E89/><AGARI ba="0,0" hai="4,11,13,17,19,51,54,56,88,89,90,91,95,98" machi="89" ten="40,2600,0" yaku="8,1,54,1" doraHai="103" who="2" fromWho="1" sc="286,0,274,-26,286,26,154,0" /><INIT seed="4,0,0,3,2,100" ten="286,248,312,154" oya="0" hai0="16,134,99,47,116,25,44,22,51,92,96,57,69" hai1="130,58,75,40,5,36,127,19,37,113,67,79,48" hai2="85,65,28,26,89,110,86,45,27,123,83,122,13" hai3="73,106,42,60,124,70,38,133,111,115,78,24,114"/><T30/><D69/><U135/><E113/><N who="3" m="43018" /><G111/><T14/><D116/><U102/><E135/><V18/><F110/><W15/><G15/><T82/><D134/><U72/><E127/><V121/><F65/><N who="3" m="41255" /><G124/><T64/><D82/><U131/><E5/><V68/><F68/><W98/><G133/><T81/><D81/><U4/><E4/><V20/><F45/><N who="3" m="23767" /><G24/><T71/><D71/><U93/><E19/><V54/><F85/><W125/><G125/><T108/><D108/><U31/><E31/><V12/><F27/><W103/><G78/><T84/><D84/><U77/><E102/><V52/><REACH who="2" step="1"/><F12/><REACH who="2" ten="286,248,302,154" step="2"/><W9/><G9/><AGARI ba="0,1" hai="9,13,18,20,26,28,52,54,83,86,89,121,122,123" machi="9" ten="40,5200,0" yaku="1,1,2,1,54,1,53,0" doraHai="100" doraHaiUra="97" who="2" fromWho="3" sc="286,0,248,0,302,62,154,-52" /><INIT seed="5,0,0,5,5,47" ten="286,248,364,102" oya="1" hai0="50,61,40,82,28,120,119,25,23,1,45,126,46" hai1="21,78,116,115,29,58,8,111,83,53,17,38,114" hai2="35,117,52,62,127,66,109,6,19,13,20,88,89" hai3="33,129,68,3,105,95,41,133,123,57,130,24,55"/><U80/><E116/><V96/><F117/><W110/><G123/><T73/><D119/><U74/><E38/><V34/><F109/><W22/><G110/><T81/><D120/><U26/><E111/><V87/><F127/><W51/><G105/><T70/><D126/><U37/><E37/><V56/><F35/><W7/><G68/><T107/><D107/><U2/><E83/><V10/><F34/><W63/><G133/><T92/><D1/><U0/><E8/><V94/><F66/><W36/><G36/><T134/><D134/><U118/><E29/><V76/><F76/><W112/><G33/><T42/><D73/><U75/><E75/><V39/><F39/><W5/><G3/><T16/><D28/><U121/><E121/><V65/><F65/><W125/><G95/><T100/><D61/><U9/><E9/><V99/><REACH who="2" step="1"/><F89/><REACH who="2" ten="286,248,354,102" step="2"/><W84/><G125/><T85/><D70/><U11/><E118/><V18/><F18/><W27/><G112/><T122/><D122/><U131/><E17/><V69/><F69/><W90/><G27/><AGARI ba="0,1" hai="6,10,13,19,20,27,52,56,62,87,88,94,96,99" machi="27" ten="30,8000,1" yaku="1,1,7,1,8,1,54,2,53,0" doraHai="47" doraHaiUra="108" who="2" fromWho="3" sc="286,0,248,0,354,90,102,-80" /><INIT seed="6,0,0,1,0,78" ten="286,248,444,22" oya="2" hai0="22,134,96,111,20,98,72,37,38,33,12,25,79" hai1="55,106,133,60,43,69,19,124,52,73,100,65,10" hai2="56,15,115,108,57,121,99,132,46,66,59,128,94" hai3="67,90,21,105,62,0,117,53,87,84,85,45,29"/><V58/><F121/><W31/><G117/><T5/><D33/><U8/><E133/><V18/><F115/><W13/><G105/><T95/><D111/><U83/><E124/><V130/><F132/><W104/><G104/><T27/><D79/><U114/><E114/><V28/><F108/><W70/><G0/><T14/><D95/><U64/><E64/><V71/><F28/><W80/><G13/><T7/><D134/><U126/><E126/><V49/><F71/><W3/><G3/><T102/><D102/><U51/><E43/><V101/><F66/><W9/><G9/><T88/><D88/><U32/><E32/><V2/><F2/><W129/><G129/><N who="2" m="49769" /><F59/><W24/><G31/><T26/><D26/><U11/><E100/><V30/><F30/><W44/><G53/><T39/><REACH who="0" step="1"/><D37/><REACH who="0" ten="276,248,444,22" step="2"/><U118/><E106/><V63/><F101/><W47/><AGARI ba="0,1" hai="21,24,29,44,45,47,62,67,70,80,84,85,87,90" machi="47" ten="30,2000,0" yaku="0,1,52,1" doraHai="78" who="3" fromWho="3" sc="276,-5,248,-5,444,-10,22,30" /><INIT seed="7,0,0,3,2,40" ten="271,243,434,52" oya="3" hai0="46,122,100,116,60,26,27,30,99,14,18,50,67" hai1="19,95,63,87,98,118,8,39,112,28,42,6,104" hai2="58,24,2,20,109,69,12,17,57,15,43,123,133" hai3="84,97,131,38,103,71,92,51,91,86,74,56,115"/><W73/><G71/><T128/><D122/><U31/><E112/><V13/><F109/><W11/><G38/><T45/><D116/><U82/><E118/><V33/><F69/><W25/><G131/><T134/><D134/><U94/><E104/><V44/><F133/><W48/><G115/><T9/><D128/><U49/><E39/><V76/><F123/><W21/><G11/><T35/><D50/><U125/><E125/><V81/><F2/><W68/><G68/><T59/><D27/><U126/><E126/><V83/><F33/><W47/><G56/><T79/><D79/><U93/><E63/><V75/><REACH who="2" step="1"/><F81/><REACH who="2" ten="271,243,424,52" step="2"/><W62/><G62/><T32/><REACH who="0" step="1"/><D32/><REACH who="0" ten="261,243,424,52" step="2"/><U61/><E82/><V22/><F22/><W96/><G51/><AGARI ba="0,2" hai="12,13,15,17,20,24,43,44,51,57,58,75,76,83" machi="51" ten="40,2600,0" yaku="1,1,52,1,53,0" doraHai="40" doraHaiUra="114" who="2" fromWho="3" sc="261,0,243,0,424,46,52,-26" owari="261,6.0,243,-16.0,470,57.0,26,-47.0" /></mjloggm>