<mjloggm ver="2.3"><GO type="169" lobby="0"/><UN n0="%EF%BC%88%E2%89%A7%E2%96%BD%E2%89%A6%EF%BC%89" n1="%E3%82%82%E3%81%A3%E3%81%97%E3%83%BC" n2="%E9%9D%9E%E5%8A%B9%E7%8E%87%E6%89%93%E6%B3%95" n3="%E3%82%AA%E3%82%BA%E3%82%B0%E3%83%AB%E3%83%BC%E3%83%97" dan="17,17,16,16" rate="2154.18,2133.39,2066.66,2125.35" sx="M,M,M,M"/><TAIKYOKU oya="0"/><INIT seed="0,0,0,1,1,113" ten="250,250,250,250" oya="0" hai0="133,122,129,29,56,19,30,33,68,119,0,54,43" hai1="53,116,12,90,75,70,82,22,4,86,69,13,55" hai2="52,3,135,117,126,108,48,16,84,79,107,73,76" hai3="31,93,130,91,118,9,37,5,96,123,104,80,60"/><T34/><D122/><U36/><E36/><V25/><F107/><W114/><G114/><T47/><D68/><U97/><E75/><V17/><F3/><W35/><G37/><T58/><D0/><U27/><E116/><V109/><F73/><W65/><G123/><T120/><D120/><U64/><E97/><V121/><F121/><W94/><G104/><T24/><D119/><U51/><E55/><V44/><F117/><W42/><G42/><T83/><D133/><U41/><E41/><V132/><F126/><W110/><G118/><T10/><D129/><U106/><E106/><V59/><F59/><W103/><G130/><T26/><D54/><U87/><E87/><V125/><F125/><W71/><G80/><T2/><D83/><U88/><E90/><V63/><F63/><W28/><G35/><T39/><REACH who="0" step="1"/><D19/><REACH who="0" ten="240,250,250,250" step="2"/><U7/><E70/><V128/><F128/><W89/><G71/><T20/><D20/><U23/><E23/><N who="2" m="13543" /><F17/><W111/><G111/><N who="2" m="42569" /><F79/><W32/><G32/><T124/><D124/><U77/><E77/><V98/><F98/><W18/><G18/><T6/><AGARI ba="0,1" hai="2,6,10,24,26,29,30,33,34,39,43,47,56,58" machi="6" ten="30,6000,0" yaku="1,1,0,1,9,1,53,0" doraHai="113" doraHaiUra="105" who="0" fromWho="0" sc="240,70,250,-20,250,-20,250,-20" /><INIT seed="0,1,0,4,4,3" ten="310,230,230,230" oya="0" hai0="85,30,60,39,109,82,125,135,76,46,117,123,90" hai1="14,73,5,98,81,52,25,45,29,130,23,53,20" hai2="131,101,24,93,56,67,69,71,68,54,103,10,0" hai3="49,28,33,119,102,114,127,106,47,95,80,32,107"/><T31/><D123/><U4/><E130/><V13/><F131/><W77/><G119/><T15/><D117/><U87/><E73/><V8/><F24/><W36/><G114/><T116/><D116/><U111/><E111/><V40/><F40/><W108/><G108/><T104/><D104/><U58/><E98/><V9/><F67/><W43/><G127/><T75/><D109/><U18/><E45/><V129/><F129/><W79/><G79/><T1/><D1/><U121/><E121/><V38/><F38/><W83/><G83/><T124/><D135/><U92/><E92/><V128/><F128/><W99/><G49/><T118/><D118/><U88/><E53/><V91/><F0/><W55/><G55/><T37/><D60/><AGARI ba="1,0" hai="4,5,14,18,20,23,25,29,52,58,60,81,87,88" machi="60" ten="30,12000,2" yaku="7,1,8,1,52,2,54,2" doraHai="3" who="1" fromWho="0" sc="310,-123,230,123,230,0,230,0" /><INIT seed="1,0,0,2,5,12" ten="187,353,230,230" oya="1" hai0="108,103,101,30,37,56,82,59,50,112,104,13,106" hai1="27,94,79,85,64,117,19,39,123,92,116,46,113" hai2="53,89,62,118,134,91,29,52,7,36,111,25,87" hai3="15,44,14,34,72,40,63,38,99,115,11,74,51"/><U1/><E1/><V20/><F118/><W95/><G34/><T129/><D37/><U67/><E113/><V66/><F36/><W76/><G115/><T23/><D112/><U10/><E123/><V75/><F75/><W58/><G38/><T131/><D108/><U8/><E39/><V107/><F107/><N who="0" m="41002" /><D82/><U88/><E46/><V90/><F111/><W17/><G76/><T47/><D30/><U128/><E128/><N who="0" m="49225" /><D23/><N who="1" m="13823" /><E117/><V42/><F42/><W105/><G15/><T119/><D13/><U96/><E116/><V135/><F7/><W16/><G105/><T31/><D31/><U133/><E133/><N who="2" m="50699" /><F87/><W114/><G114/><T33/><D33/><U84/><E79/><V98/><F98/><W122/><G122/><T71/><D71/><AGARI ba="0,0" hai="20,25,29,52,53,62,66,71,89,90,91" m="50699" machi="71" ten="30,2000,0" yaku="20,1,54,1" doraHai="12" who="2" fromWho="0" sc="187,-20,353,0,230,20,230,0" /><INIT seed="2,0,0,4,5,130" ten="167,353,250,230" oya="2" hai0="40,93,113,131,122,7,123,84,62,114,3,8,89" hai1="71,47,30,66,77,54,57,118,15,98,29,27,43" hai2="119,80,61,38,26,59,17,90,83,9,120,125,25" hai3="133,69,60,111,134,10,48,58,46,100,53,50,117"/><V110/><F119/><W18/><G100/><T42/><D131/><U41/><E118/><V82/><F38/><W94/><G94/><T65/><D42/><U124/><E124/><V108/><F120/><W129/><G18/><T14/><D40/><U92/><E77/><V102/><F102/><W99/><G10/><T91/><D3/><U11/><E66/><V78/><F125/><W45/><G99/><T81/><D122/><U24/><E71/><V13/><F78/><W39/><G117/><T0/><D0/><U19/><E27/><V70/><F70/><W1/><G1/><T115/><D123/><U44/><E43/><V75/><F75/><W72/><G72/><T96/><REACH who="0" step="1"/><D115/><REACH who="0" ten="157,353,250,230" step="2"/><U20/><E41/><V4/><F108/><W21/><G129/><T64/><D64/><U32/><E32/><V16/><F110/><W86/><G111/><T87/><D87/><U116/><E116/><V105/><F105/><W28/><G86/><T52/><D52/><U85/><E85/><V23/><F90/><W103/><G39/><T101/><D101/><U2/><E2/><V109/><F109/><W67/><G103/><T121/><D121/><U95/><E54/><N who="2" m="34039" /><F26/><N who="3" m="16463" /><G50/><T73/><D73/><U22/><E24/><V37/><F37/><W49/><G49/><T12/><D12/><U128/><E15/><V104/><F104/><W97/><G97/><T126/><D126/><U68/><E98/><V127/><F127/><W31/><G31/><AGARI ba="0,1" hai="4,9,13,16,17,23,25,31,80,82,83" m="34039" machi="31" ten="30,2900,0" yaku="8,1,54,1" doraHai="130" who="2" fromWho="3" sc="157,0,353,0,250,39,230,-29" /><INIT seed="2,1,0,2,1,6" ten="157,353,289,201" oya="2" hai0="44,65,8,7,22,41,26,117,106,2,114,42,80" hai1="45,98,88,76,94,52,4,115,37,82,84,96,71" hai2="3,61,39,121,101,112,119,36,73,68,64,133,135" hai3="51,53,69,79,19,104,132,89,32,74,100,11,33"/><V131/><RYUUKYOKU type="yao9" ba="1,0" sc="157,0,353,0,289,0,201,0" hai2="3,36,39,61,64,68,73,101,112,119,121,131,133,135" /><INIT seed="2,2,0,2,2,35" ten="157,353,289,201" oya="2" hai0="44,127,40,108,96,13,45,118,135,56,121,3,107" hai1="64,59,114,61,58,102,8,22,66,84,65,52,72" hai2="63,17,128,33,30,4,71,85,20,106,103,70,100" hai3="122,120,123,0,83,76,55,124,78,115,82,88,74"/><V16/><F128/><W47/><G115/><T73/><D121/><U31/><E72/><V112/><F112/><W87/><G124/><T93/><D127/><U11/><E114/><V110/><F110/><W116/><G116/><T9/><D118/><U132/><E132/><V133/><F133/><W49/><G78/><T46/><D73/><U86/><E102/><V111/><F111/><W41/><G0/><T69/><D69/><U10/><E59/><V81/><F4/><W98/><G98/><T25/><D108/><U43/><E43/><V79/><F33/><W62/><G62/><T97/><D135/><U2/><E2/><V54/><F71/><W95/><G83/><T42/><D3/><U36/><E36/><V23/><F30/><W130/><G130/><T131/><D131/><U105/><E105/><V19/><F70/><W113/><G113/><T68/><D68/><U126/><E126/><V134/><F134/><W39/><REACH who="3" step="1"/><G123/><REACH who="3" ten="157,353,289,191" step="2"/><T67/><D97/><U89/><E61/><V57/><REACH who="2" step="1"/><F106/><REACH who="2" ten="157,353,279,191" step="2"/><W77/><G77/><T6/><D107/><U109/><E109/><V90/><F90/><W34/><G34/><T15/><D96/><U37/><E89/><V50/><F50/><W101/><G101/><AGARI ba="2,2" hai="16,17,19,20,23,54,57,63,79,81,85,100,101,103" machi="101" ten="40,12000,1" yaku="1,1,8,1,54,1,53,2" doraHai="35" doraHaiUra="18" who="2" fromWho="3" sc="157,0,353,0,279,146,191,-126" /><INIT seed="2,3,0,2,0,46" ten="157,353,425,65" oya="2" hai0="13,32,50,30,120,103,73,118,35,94,84,100,115" hai1="52,119,134,23,49,70,41,15,108,55,47,21,19" hai2="75,65,4,2,62,48,77,82,78,25,131,53,87" hai3="107,85,76,44,27,1,113,3,56,102,26,40,112"/><V104/><F104/><W114/><G102/><T88/><D73/><U9/><E70/><V80/><F131/><W90/><G107/><T20/><D120/><U22/><E108/><V123/><F123/><W71/><G76/><T126/><D115/><U10/><E119/><V8/><F25/><N who="3" m="9227" /><G56/><T38/><D38/><U12/><REACH who="1" step="1"/><E134/><REACH who="1" ten="157,343,425,65" step="2"/><V17/><F17/><AGARI ba="3,1" hai="9,10,12,15,17,19,21,22,23,41,47,49,52,55" machi="17" ten="40,12000,2" yaku="1,1,2,1,9,1,8,1,52,1,54,1,53,0" doraHai="46" doraHaiUra="61" who="1" fromWho="2" sc="157,0,343,139,425,-129,65,0" /><INIT seed="3,0,0,4,0,42" ten="157,482,296,65" oya="3" hai0="117,72,53,88,93,56,58,85,128,63,26,60,61" hai1="86,10,127,34,119,71,54,24,135,95,124,99,120" hai2="121,4,48,133,33,31,43,51,68,3,17,130,111" hai3="123,6,108,7,77,46,41,107,55,94,90,92,80"/><W74/><G107/><T113/><D117/><U134/><E71/><V39/><F68/><W0/><G123/><T57/><D128/><U14/><E119/><V67/><F67/><W83/><G108/><T13/><D113/><U40/><E120/><V106/><F106/><W116/><G116/><T28/><D72/><U129/><E40/><V16/><F39/><W59/><G83/><T81/><D13/><U131/><E86/><V19/><F43/><W110/><G110/><T125/><D125/><N who="1" m="48203" /><E54/><V11/><F111/><W79/><G79/><T105/><D105/><U91/><E24/><N who="2" m="18663" /><F51/><W1/><G7/><T102/><D102/><U118/><E34/><V64/><F48/><W109/><G109/><T47/><D81/><U66/><E66/><V50/><F50/><W78/><G78/><T132/><D132/><N who="1" m="50731" /><E118/><V25/><F64/><W52/><G55/><T9/><D53/><U18/><AGARI ba="0,0" hai="10,14,18,91,95,99,129,131" m="50731,48203" machi="18" ten="40,8000,1" yaku="30,2,18,1,20,1" doraHai="42" who="1" fromWho="1" sc="157,-20,482,80,296,-20,65,-40" /><INIT seed="4,0,0,2,0,109" ten="137,562,276,25" oya="0" hai0="126,85,1,55,135,42,52,47,16,60,90,95,67" hai1="86,82,84,37,130,34,12,2,81,97,73,129,122" hai2="105,33,83,45,15,36,134,88,18,8,44,38,72" hai3="112,71,98,10,118,35,7,53,96,119,93,5,57"/><T91/><D1/><U25/><E2/><V68/><F68/><W117/><G71/><T50/><D135/><U41/><E122/><V0/><F105/><W13/><G35/><T65/><D126/><U27/><E41/><V89/><F33/><W127/><G127/><T40/><D40/><U59/><E37/><V26/><F134/><W49/><G7/><T116/><D116/><U124/><E124/><V19/><F0/><W54/><G54/><N who="0" m="20523" /><D60/><U6/><E97/><V128/><F128/><W17/><G5/><T24/><D91/><U9/><E73/><V133/><F133/><W62/><G62/><T48/><D48/><U64/><E34/><V75/><F15/><W31/><G31/><T115/><D115/><U70/><E70/><V110/><F83/><W3/><G3/><T106/><D106/><U51/><E81/><V121/><F121/><W94/><G112/><T87/><D85/><U132/><E86/><V69/><F69/><W120/><G120/><T131/><D131/><U113/><E132/><V61/><F61/><W22/><G10/><T20/><AGARI ba="0,0" hai="16,20,24,42,47,50,65,67,87,90,95" m="20523" machi="20" ten="30,6000,0" yaku="8,1,54,2" doraHai="109" who="0" fromWho="0" sc="137,60,562,-20,276,-20,25,-20" /><INIT seed="4,1,0,0,4,121" ten="197,542,256,5" oya="0" hai0="34,75,85,88,84,38,42,51,74,73,105,17,4" hai1="16,37,103,83,61,26,90,63,62,120,56,7,2" hai2="72,104,127,22,64,65,46,123,86,52,43,108,109" hai3="97,40,102,20,114,116,81,113,33,96,53,107,101"/><T115/><D34/><U0/><E37/><N who="2" m="21871" /><F72/><W134/><G33/><T27/><D105/><U11/><E0/><V55/><F104/><W110/><G116/><T32/><D38/><U44/><E44/><V35/><F35/><W89/><G40/><T14/><D115/><N who="3" m="44041" /><G53/><N who="2" m="20553" /><F86/><N who="3" m="50383" /><G20/><T9/><D42/><U5/><E5/><V124/><F22/><W41/><G41/><T60/><D60/><U95/><E62/><V30/><F30/><W67/><G67/><N who="2" m="25673" /><F123/><W125/><G134/><T47/><D32/><U79/><E120/><V13/><F13/><W112/><N who="3" m="44049" /><W80/><DORA hai="100" /><G80/><T76/><D27/><U93/><E26/><V98/><F98/><W58/><G58/><T92/><D14/><U36/><E36/><V119/><F119/><W70/><G70/><T10/><D10/><U19/><E2/><V126/><AGARI ba="1,0" hai="108,109,124,126,127" m="25673,20553,21871" machi="126" ten="40,12000,2" yaku="18,1,34,2,52,2,54,1" doraHai="121,100" who="2" fromWho="2" sc="197,-61,542,-31,256,123,5,-31" owari="136,-26.0,511,61.0,379,18.0,-26,-53.0" /></mjloggm>