<mjloggm ver="2.3"><GO type="169" lobby="0"/><UN n0="%E6%AD%A6%E5%A3%AB%E6%B2%A2%E7%A7%80%E8%A1%8C" n1="%E2%84%83%2D%75%74%65" n2="%EF%BC%88%E2%89%A7%E2%96%BD%E2%89%A6%EF%BC%89" n3="%E3%83%97%E3%83%AD%E3%82%B8%E3%83%A3%E3%83%B3%E6%B0%8F" dan="17,16,18,16" rate="2144.99,2097.06,2193.61,2152.63" sx="M,M,M,M"/><TAIKYOKU oya="0"/><INIT seed="0,0,0,0,2,122" ten="250,250,250,250" oya="0" hai0="16,20,129,56,107,2,124,12,80,97,121,78,41" hai1="55,84,37,5,87,50,101,72,77,74,36,116,11" hai2="39,61,93,73,128,135,64,75,111,32,51,79,86" hai3="15,85,31,117,57,114,67,109,126,47,24,105,35"/><T60/><D121/><U90/><E116/><V45/><F32/><W43/><G109/><T112/><D112/><U52/><E101/><V7/><F111/><W108/><G108/><T125/><D129/><U123/><E123/><V8/><F39/><W4/><G126/><N who="0" m="48747" /><D2/><U49/><E90/><V54/><F128/><W100/><G117/><T28/><D41/><U27/><E27/><V76/><F135/><W10/><G114/><T65/><D28/><U119/><E119/><V99/><F86/><W130/><G130/><T94/><D107/><U6/><REACH who="1" step="1"/><E11/><REACH who="1" ten="250,240,250,250" step="2"/><V118/><F118/><W26/><G26/><T25/><D25/><U14/><E14/><V91/><F76/><AGARI ba="0,1" hai="5,6,36,37,49,50,52,55,72,74,76,77,84,87" machi="76" ten="25,12000,2" yaku="1,1,22,2,54,1,53,2" doraHai="122" doraHaiUra="83" who="1" fromWho="2" sc="250,0,240,130,250,-120,250,0" /><INIT seed="1,0,0,0,1,119" ten="250,370,130,250" oya="1" hai0="79,43,93,81,26,36,115,44,58,124,38,103,108" hai1="48,50,102,30,14,20,80,28,128,1,41,133,98" hai2="134,94,71,11,65,67,47,104,123,120,90,130,31" hai3="72,42,15,129,5,64,69,51,111,2,118,86,35"/><U25/><E1/><V10/><F104/><W27/><G15/><T56/><D115/><U46/><E133/><V22/><F134/><W45/><G86/><T19/><D38/><U107/><E128/><V91/><F130/><W97/><G111/><T12/><D108/><U57/><E80/><V85/><F47/><W73/><G129/><T96/><D26/><U78/><E78/><V112/><F112/><W95/><G118/><T0/><D0/><U113/><E113/><V106/><F106/><W39/><G51/><T109/><D109/><U40/><E14/><V8/><F90/><W23/><G35/><T100/><D100/><U32/><E57/><V52/><F52/><W18/><G64/><T83/><D83/><U135/><E135/><V6/><F6/><W114/><G69/><T110/><D110/><U131/><E131/><V76/><F76/><W70/><G70/><T3/><D3/><U82/><E82/><V4/><F4/><W88/><REACH who="3" step="1"/><G114/><REACH who="3" ten="250,370,130,240" step="2"/><T68/><D68/><U101/><E48/><V75/><F75/><W99/><G99/><T13/><D13/><U117/><E117/><V33/><F33/><W92/><G92/><T55/><D93/><U122/><E32/><V63/><REACH who="2" step="1"/><F67/><REACH who="2" ten="250,370,120,240" step="2"/><W9/><AGARI ba="0,2" hai="2,5,9,18,23,27,39,42,45,72,73,88,95,97" machi="9" ten="30,7900,0" yaku="1,1,0,1,54,1,53,1" doraHai="119" doraHaiUra="37" who="3" fromWho="3" sc="250,-20,370,-39,120,-20,240,99" /><INIT seed="2,0,0,1,2,131" ten="230,331,100,339" oya="2" hai0="51,117,66,31,128,60,110,89,16,17,1,37,42" hai1="91,61,15,87,11,84,57,40,58,73,94,24,0" hai2="72,65,103,35,50,4,122,63,12,81,39,108,80" hai3="54,126,18,97,115,25,14,5,62,90,74,55,19"/><V129/><F122/><W29/><G126/><T111/><D128/><U7/><E73/><V85/><F129/><W104/><G74/><T124/><D117/><U102/><E40/><V118/><F39/><W83/><G115/><T34/><D37/><U53/><E102/><V93/><F35/><W30/><G104/><T59/><D124/><U27/><E0/><V76/><F118/><W123/><G123/><T133/><D1/><U130/><E130/><V52/><F108/><N who="0" m="41514" /><D89/><N who="1" m="53543" /><E58/><V75/><F4/><W23/><G5/><T13/><D34/><U36/><E36/><V64/><F12/><W10/><G83/><AGARI ba="0,0" hai="7,11,15,24,27,53,57,61,83,87,91" m="53543" machi="83" ten="30,1000,0" yaku="8,1" doraHai="131" who="1" fromWho="3" sc="230,0,331,10,100,0,339,-10" /><INIT seed="3,0,0,5,5,14" ten="230,341,100,329" oya="3" hai0="18,83,67,118,91,41,43,117,132,58,94,80,21" hai1="1,82,109,35,60,85,100,115,127,87,77,52,15" hai2="65,72,120,59,119,84,33,110,73,0,107,74,11" hai3="38,62,99,130,104,48,106,78,90,96,5,20,51"/><W61/><G38/><T93/><D132/><U3/><E115/><V30/><F119/><W134/><G134/><T12/><D118/><U4/><E35/><V103/><F120/><W24/><G130/><T25/><D117/><U105/><E109/><V42/><F110/><W66/><G78/><T28/><D43/><U16/><E4/><N who="2" m="1415" /><F84/><W88/><G5/><T44/><D93/><U112/><E112/><V13/><F13/><W26/><G20/><T7/><D7/><U31/><E31/><V111/><F59/><W45/><G45/><T70/><D70/><U101/><E105/><V76/><F111/><W9/><G9/><T47/><D44/><U69/><E69/><V55/><F55/><W22/><G22/><T63/><D12/><U39/><E39/><V64/><F42/><W102/><G102/><T36/><REACH who="0" step="1"/><D28/><REACH who="0" ten="220,341,100,329" step="2"/><U54/><E15/><V89/><F30/><W128/><REACH who="3" step="1"/><G128/><REACH who="3" ten="220,341,100,319" step="2"/><T32/><D32/><U29/><E29/><V19/><F33/><W10/><G10/><T50/><D50/><U57/><E1/><V121/><F121/><W17/><G17/><T46/><D46/><U124/><E3/><V123/><F19/><W113/><G113/><T71/><D71/><U34/><E34/><V116/><F116/><W98/><G98/><AGARI ba="0,2" hai="18,21,25,36,41,47,58,63,67,80,83,91,94,98" machi="98" ten="30,3900,0" yaku="1,1,7,1,52,1,53,0" doraHai="14" doraHaiUra="135" who="0" fromWho="3" sc="220,59,341,0,100,0,319,-39" /><INIT seed="4,0,0,5,4,18" ten="279,341,100,280" oya="0" hai0="24,82,91,94,129,87,42,77,29,79,109,110,117" hai1="67,130,14,51,113,102,45,27,2,40,8,127,47" hai2="16,13,73,68,25,75,38,28,33,39,41,56,19" hai3="65,20,114,124,3,98,76,49,66,72,111,80,92"/><T118/><D42/><U30/><E2/><V104/><F68/><W119/><G111/><N who="0" m="42507" /><D129/><U116/><E116/><N who="0" m="44649" /><D24/><U53/><E130/><V86/><F104/><W83/><G119/><T52/><D29/><U107/><E127/><V43/><F39/><W70/><G114/><T17/><D17/><U54/><E113/><V15/><F38/><W34/><G34/><T112/><D112/><U7/><E67/><V31/><F86/><W134/><G134/><T126/><D126/><U21/><E107/><V60/><F60/><W0/><G124/><T32/><D32/><U71/><E102/><V55/><F33/><W85/><G49/><T62/><D62/><U135/><E71/><V122/><F25/><W128/><G128/><T81/><D52/><N who="1" m="20075" /><E135/><V90/><F55/><W5/><G66/><T120/><D120/><U48/><E48/><V132/><F132/><W61/><G5/><T88/><D94/><U44/><AGARI ba="0,0" hai="7,8,14,21,27,30,40,44,45,47,51" m="20075" machi="44" ten="30,4000,0" yaku="8,1,52,1,54,1" doraHai="18" who="1" fromWho="1" sc="279,-20,341,40,100,-10,280,-10" /><INIT seed="5,0,0,0,2,0" ten="259,381,90,270" oya="1" hai0="127,128,49,108,76,100,8,13,121,118,17,3,23" hai1="11,111,86,42,80,6,50,10,18,134,131,15,29" hai2="85,58,56,102,95,109,43,35,36,103,33,115,28" hai3="45,66,133,14,70,46,53,67,1,91,84,78,69"/><U93/><E134/><V57/><F109/><W73/><G133/><T117/><D121/><U129/><E29/><V16/><F115/><W41/><G1/><T101/><D108/><U63/><E93/><V51/><F36/><N who="3" m="21671" /><G14/><T21/><D128/><U135/><E135/><V40/><F28/><W122/><G91/><T65/><D127/><U89/><E63/><V19/><F51/><N who="3" m="28919" /><G84/><T25/><D76/><U119/><E111/><V71/><F71/><N who="3" m="27147" /><G78/><T55/><D65/><N who="3" m="24585" /><G73/><T59/><D3/><U72/><E72/><V38/><F85/><W68/><G68/><T90/><D23/><U20/><E119/><V125/><F95/><W123/><AGARI ba="0,0" hai="122,123" m="24585,27147,28919,21671" machi="123" ten="30,2000,0" yaku="34,2" doraHai="0" who="3" fromWho="3" sc="259,-5,381,-10,90,-5,270,20" /><INIT seed="6,0,0,0,4,132" ten="254,371,85,290" oya="2" hai0="82,131,85,31,97,20,123,34,59,78,114,36,134" hai1="124,88,106,55,8,116,94,11,102,42,91,126,117" hai2="109,6,120,90,29,133,4,96,5,69,86,25,84" hai3="115,9,62,67,33,92,68,76,26,19,73,119,37"/><V15/><F120/><W7/><G119/><T93/><D123/><U99/><E42/><V39/><F133/><W24/><G37/><T23/><D131/><U51/><E8/><V127/><F39/><W27/><G115/><T101/><D114/><U103/><E11/><V18/><F69/><W60/><G73/><T47/><D134/><U17/><E17/><V110/><F96/><W100/><G76/><T107/><D34/><U118/><E91/><V129/><F129/><W130/><G130/><T64/><D36/><U112/><E112/><V46/><F46/><W53/><G19/><T14/><D47/><N who="1" m="28159" /><E106/><V135/><F135/><W71/><G33/><T111/><D111/><N who="2" m="42506" /><F90/><W125/><G68/><T41/><D41/><U12/><E12/><V28/><F127/><AGARI ba="0,0" hai="88,94,99,102,103,116,117,118,124,126,127" m="28159" machi="127" ten="40,8000,1" yaku="18,1,52,3,54,1" doraHai="132" who="1" fromWho="2" sc="254,0,371,80,85,-80,290,0" /><INIT seed="7,0,0,0,2,18" ten="254,451,5,290" oya="3" hai0="32,129,95,76,92,133,110,131,128,13,34,10,104" hai1="90,117,85,98,23,75,21,24,127,93,91,88,5" hai2="122,16,124,51,114,41,8,53,63,100,105,33,101" hai3="29,70,102,52,50,94,14,31,43,67,0,118,6"/><W112/><G0/><T125/><D110/><U54/><E75/><V134/><F41/><W1/><G1/><T60/><D104/><U17/><E5/><V87/><F63/><W47/><G118/><T78/><D133/><U83/><E127/><V96/><F87/><W82/><G112/><T25/><D125/><U55/><E117/><V35/><F96/><N who="3" m="59671" /><G70/><T73/><D60/><U45/><E45/><V66/><F53/><N who="1" m="19977" /><E23/><V97/><F51/><N who="3" m="27135" /><G82/><N who="0" m="45327" /><D78/><AGARI ba="0,0" hai="17,21,24,78,83,85,88,90,91,93,98" m="19977" machi="78" ten="30,3900,0" yaku="8,1,52,1,54,1" doraHai="18" who="1" fromWho="0" sc="254,-39,451,39,5,0,290,0" owari="215,-18.0,490,58.0,5,-49.0,290,9.0" /></mjloggm>