<mjloggm ver="2.3"><GO type="169" lobby="0"/><UN n0="%E9%BA%A6%E5%AD%90%74%7A" n1="%E5%B7%9D%E4%BA%95" n2="%E5%AF%9B%E3%83%94%E3%82%A8%E3%83%AD" n3="%EF%BC%88%E2%89%A7%E2%96%BD%E2%89%A6%EF%BC%89" dan="16,16,16,17" rate="2082.71,2012.98,2065.13,2166.97" sx="M,M,M,M"/><TAIKYOKU oya="0"/><INIT seed="0,0,0,1,4,2" ten="250,250,250,250" oya="0" hai0="66,106,35,20,38,63,36,59,56,128,12,27,86" hai1="98,87,50,46,80,9,72,115,118,119,52,67,120" hai2="17,92,113,45,100,47,133,84,79,37,6,25,21" hai3="83,39,43,18,114,82,96,44,135,81,32,41,124"/><T15/><D106/><U62/><E120/><V55/><F113/><W125/><G114/><T131/><D35/><U111/><E72/><V16/><F133/><W33/><G135/><T3/><D3/><U51/><E115/><V49/><F37/><N who="0" m="14442" /><D86/><U78/><E111/><V7/><F17/><W58/><G43/><T68/><D15/><U101/><E9/><V31/><F31/><W28/><G28/><T29/><D12/><U130/><E50/><N who="2" m="29151" /><F79/><W4/><G18/><T77/><D77/><U65/><E65/><V0/><F0/><W122/><G122/><T99/><D99/><U11/><E11/><V108/><F108/><W24/><G24/><T132/><D132/><U117/><E130/><AGARI ba="0,0" hai="20,27,29,56,59,63,66,68,128,130,131" m="14442" machi="130" ten="30,1500,0" yaku="19,1" doraHai="2" who="0" fromWho="1" sc="250,15,250,-15,250,0,250,0" /><INIT seed="0,1,0,5,0,70" ten="265,235,250,250" oya="0" hai0="128,114,86,125,17,83,104,84,45,120,115,23,72" hai1="51,55,119,96,4,108,62,106,111,63,82,32,36" hai2="1,33,61,56,50,19,13,42,74,49,88,24,52" hai3="129,85,9,66,100,107,99,126,53,25,35,102,133"/><T81/><D120/><U93/><E106/><V134/><F1/><W117/><G117/><T6/><D6/><U76/><E32/><V116/><F74/><W97/><G133/><T34/><D34/><U28/><E28/><V101/><F101/><W54/><G126/><T60/><D60/><U7/><E119/><V14/><F116/><W59/><G129/><T39/><D125/><U12/><E7/><V69/><F134/><W21/><G35/><T71/><D71/><U10/><E36/><V127/><F127/><W131/><G131/><T46/><D104/><U3/><E3/><V92/><F69/><W47/><G47/><T90/><D72/><U8/><E8/><V98/><F33/><W135/><G135/><T67/><D67/><U16/><E4/><V29/><F29/><W77/><G9/><T57/><D57/><U95/><E95/><V91/><F91/><W103/><G66/><T75/><D75/><U65/><E65/><V113/><F113/><W27/><G107/><T89/><D128/><U79/><E79/><V15/><F42/><W40/><G40/><T130/><D130/><U41/><E41/><V80/><F80/><N who="3" m="47247" /><G54/><T43/><REACH who="0" step="1"/><D45/><REACH who="0" ten="255,235,250,250" step="2"/><U30/><E62/><V48/><F24/><AGARI ba="1,1" hai="17,23,24,39,43,46,81,83,84,86,89,90,114,115" machi="24" ten="30,18000,2" yaku="1,1,2,1,7,1,9,1,52,1,53,1" doraHai="70" doraHaiUra="20" who="0" fromWho="2" sc="255,193,235,0,250,-183,250,0" /><INIT seed="0,2,0,4,1,96" ten="448,235,67,250" oya="0" hai0="90,112,74,88,66,27,100,22,49,44,117,135,11" hai1="18,119,60,91,33,67,131,51,50,28,6,31,46" hai2="12,25,24,80,107,9,122,124,110,55,14,109,35" hai3="132,56,54,43,76,47,130,127,126,1,103,79,37"/><T86/><D74/><U73/><E119/><V116/><F107/><W78/><G132/><T38/><D38/><U65/><E73/><V61/><F122/><W115/><G115/><T26/><D26/><U8/><E131/><V42/><F116/><W20/><G130/><T123/><D123/><U39/><E39/><V69/><F124/><N who="3" m="47659" /><G1/><T120/><D120/><U93/><E18/><V77/><F42/><W81/><G20/><T58/><D135/><U129/><E129/><V30/><F24/><W94/><G81/><T85/><D11/><U23/><E33/><V133/><F133/><W59/><G54/><T102/><D112/><U7/><E23/><V21/><F35/><W32/><G32/><T52/><D117/><U62/><E8/><V2/><F2/><W17/><G17/><N who="0" m="12751" /><D58/><U63/><E46/><V45/><F45/><W0/><G0/><T71/><D66/><U128/><E128/><V4/><F69/><W48/><G37/><T89/><D71/><U57/><E57/><V13/><F61/><W95/><G95/><N who="0" m="54671" /><D90/><U84/><E67/><V10/><F4/><N who="1" m="1577" /><E65/><V68/><F68/><W64/><G64/><T15/><D15/><U29/><AGARI ba="2,0" hai="28,29,31,50,51,60,62,63,84,91,93" m="1577" machi="29" ten="40,1500,0" yaku="8,1" doraHai="96" who="1" fromWho="1" sc="448,-9,235,21,67,-6,250,-6" /><INIT seed="1,0,0,2,5,49" ten="439,256,61,244" oya="1" hai0="128,59,116,132,9,47,91,50,63,106,123,12,131" hai1="25,96,38,81,134,107,130,29,3,119,71,45,118" hai2="44,15,122,35,90,73,104,2,41,86,74,88,36" hai3="37,20,111,76,124,23,109,68,135,115,87,94,7"/><U100/><E130/><N who="0" m="49705" /><D106/><U117/><E134/><V78/><F2/><W97/><G37/><T51/><D132/><U53/><E81/><V126/><F122/><W42/><G42/><T33/><D33/><U66/><E3/><V32/><F126/><W67/><G7/><N who="0" m="3135" /><D116/><U75/><E75/><V55/><F104/><W61/><G115/><T133/><D133/><U120/><E120/><V22/><F90/><N who="3" m="55511" /><G124/><T85/><D47/><U34/><E53/><V101/><F101/><W127/><G127/><T18/><D18/><U10/><E10/><V129/><F129/><W54/><G54/><N who="0" m="34295" /><D123/><U89/><E89/><V108/><F108/><N who="3" m="41547" /><G135/><T121/><D121/><U80/><E80/><AGARI ba="0,0" hai="20,23,61,67,68,76,80,87" m="41547,55511" machi="80" ten="30,1000,0" yaku="14,1" doraHai="49" who="3" fromWho="1" sc="439,0,256,-10,61,0,244,10" /><AGARI ba="0,0" hai="50,51,80,85,91" m="34295,3135,49705" machi="80" ten="30,2000,0" yaku="19,1,52,1" doraHai="49" who="0" fromWho="1" sc="439,20,246,-20,61,0,254,0" /><INIT seed="2,0,0,1,1,12" ten="459,226,61,254" oya="2" hai0="102,119,124,65,82,47,116,104,128,41,94,126,127" hai1="37,13,91,69,7,2,110,130,76,96,58,16,111" hai2="32,92,73,68,62,75,87,56,86,101,79,72,36" hai3="44,35,40,26,66,9,109,133,97,108,42,77,107"/><V112/><F112/><W122/><G122/><T27/><D104/><U93/><E69/><V63/><F36/><W100/><G133/><T46/><D65/><U131/><E37/><V84/><F32/><W1/><G77/><T33/><D82/><U118/><E76/><V3/><F3/><W89/><G89/><T28/><D128/><N who="1" m="49195" /><E118/><N who="0" m="45097" /><D41/><U43/><E43/><V59/><F79/><W67/><G42/><T52/><D52/><U21/><E58/><V70/><F101/><W123/><G123/><T90/><D102/><U34/><E34/><V114/><F92/><W80/><G80/><T132/><D132/><U60/><E60/><N who="2" m="23083" /><F114/><W55/><G55/><T57/><D57/><AGARI ba="0,0" hai="56,57,59,68,70,72,73,75,84,86,87" m="23083" machi="57" ten="40,3900,0" yaku="28,2" doraHai="12" who="2" fromWho="0" sc="459,-39,226,0,61,39,254,0" /><INIT seed="2,1,0,2,5,70" ten="420,226,100,254" oya="2" hai0="79,3,16,78,49,87,68,128,57,115,5,110,101" hai1="29,43,129,60,7,113,53,51,90,105,23,124,130" hai2="98,11,30,91,15,112,117,132,121,92,4,106,94" hai3="83,71,131,84,55,54,109,95,22,41,32,45,27"/><V25/><F121/><W0/><G0/><T119/><D115/><U99/><E113/><V102/><F117/><W39/><G131/><T86/><D128/><U24/><E129/><V81/><F112/><W73/><G109/><T36/><D68/><U44/><E130/><V107/><F132/><W12/><G71/><T69/><D69/><U104/><E124/><V63/><F63/><W108/><G108/><T20/><D101/><U6/><E105/><V67/><F67/><W50/><G32/><T38/><D110/><U21/><E21/><V35/><REACH who="2" step="1"/><F81/><REACH who="2" ten="420,226,90,254" step="2"/><W135/><G135/><T9/><D119/><U13/><E60/><V77/><F77/><W17/><G73/><T34/><D79/><U74/><E74/><V126/><F126/><W96/><G50/><T59/><D49/><U64/><E64/><V2/><F2/><W89/><REACH who="3" step="1"/><G27/><REACH who="3" ten="420,226,90,244" step="2"/><T127/><D127/><U18/><E51/><V62/><F62/><W65/><G65/><T52/><D3/><U26/><E24/><V103/><F103/><AGARI ba="1,2" hai="12,17,22,39,41,45,54,55,83,84,89,95,96,103" machi="103" ten="30,3900,0" yaku="1,1,7,1,52,1,53,0" doraHai="70" doraHaiUra="118" who="3" fromWho="2" sc="420,0,226,0,90,-42,244,62" /><INIT seed="3,0,0,5,4,102" ten="420,226,48,306" oya="3" hai0="19,4,80,107,64,0,133,69,118,91,62,128,116" hai1="81,94,97,27,124,98,73,111,115,39,110,103,21" hai2="87,23,99,30,61,131,22,55,54,38,126,123,119" hai3="70,31,48,63,8,11,2,17,46,95,12,42,26"/><W35/><G95/><T92/><D133/><U18/><E39/><V47/><F119/><W84/><G84/><T77/><D128/><U82/><E115/><V68/><F131/><W105/><G70/><T89/><D89/><U58/><E124/><V71/><F126/><W20/><G63/><T43/><D43/><U112/><E112/><V5/><F123/><W44/><G44/><T49/><D49/><U132/><E132/><V45/><F5/><N who="3" m="1079" /><G11/><T88/><D91/><U121/><E121/><V96/><F87/><W3/><G3/><T25/><D4/><U66/><E73/><V1/><F1/><W93/><G93/><T37/><D37/><U52/><E66/><V129/><F129/><W101/><G101/><T7/><D7/><U56/><E58/><V104/><F38/><W127/><G127/><T32/><D0/><U14/><E14/><V40/><F40/><W85/><G85/><T120/><D120/><U36/><E98/><V100/><F100/><W50/><G50/><T53/><D64/><U74/><E36/><V13/><F61/><W51/><G51/><T117/><D69/><U60/><REACH who="1" step="1"/><E74/><REACH who="1" ten="420,216,48,306" step="2"/><V34/><F13/><W15/><G12/><T113/><D113/><U16/><E16/><V67/><F67/><W79/><G79/><T72/><D77/><U57/><E57/><V24/><F68/><W65/><G65/><T108/><D117/><U33/><E33/><V109/><F71/><W134/><G134/><T41/><D116/><U125/><E125/><V9/><F34/><W75/><G75/><T6/><D118/><U114/><E114/><RYUUKYOKU ba="0,1" sc="420,-15,216,15,48,-15,306,15" hai1="18,21,27,52,56,60,81,82,94,97,103,110,111" hai3="15,17,20,26,31,35,42,46,48,105" /><INIT seed="3,1,1,2,1,67" ten="405,231,33,321" oya="3" hai0="22,106,108,12,65,98,130,64,116,48,3,47,125" hai1="62,102,54,115,16,43,124,6,9,50,24,26,97" hai2="123,11,44,120,127,58,37,111,5,7,33,18,41" hai3="35,29,15,51,68,23,113,134,63,76,119,128,88"/><W94/><G119/><T73/><D116/><U81/><E115/><V13/><F111/><W4/><G113/><T104/><D73/><U52/><E124/><V28/><F127/><W78/><G134/><T92/><D125/><U133/><E133/><V114/><F114/><W107/><G107/><T17/><D3/><U75/><E62/><V1/><F58/><W38/><G38/><T70/><D108/><U105/><E75/><V110/><F110/><W96/><G128/><T45/><D45/><U72/><E72/><V85/><F85/><W103/><G35/><T56/><D56/><U101/><E81/><V40/><F40/><W30/><G103/><T126/><D130/><U14/><E102/><V46/><F46/><W118/><G118/><T10/><D126/><U95/><E105/><V61/><F61/><W82/><G82/><T27/><D104/><U112/><E112/><V19/><F19/><N who="3" m="10751" /><G4/><N who="0" m="3143" /><D70/><U100/><E100/><V83/><F83/><W132/><G132/><T117/><D106/><U25/><E6/><V57/><F57/><W122/><G122/><N who="2" m="46633" /><F1/><W77/><G51/><T109/><D117/><U86/><E86/><V60/><F60/><W20/><G63/><T93/><D109/><U80/><E80/><V34/><F34/><W0/><G0/><T31/><D93/><U89/><E101/><V36/><F36/><W129/><G129/><T84/><D17/><U90/><E90/><V74/><F74/><W39/><G39/><T99/><D65/><U135/><E135/><V53/><F53/><W59/><G94/><T32/><D64/><U21/><E9/><RYUUKYOKU ba="1,1" sc="405,-15,231,15,33,15,321,-15" hai1="14,16,21,24,25,26,43,50,52,54,89,95,97" hai2="5,7,11,13,18,28,33,37,41,44" /><INIT seed="4,2,1,1,2,125" ten="390,246,48,306" oya="0" hai0="79,51,129,35,36,34,4,38,32,62,41,60,6" hai1="46,21,101,65,85,5,40,8,72,7,82,37,90" hai2="52,0,107,111,88,105,96,106,26,122,50,99,119" hai3="47,14,56,53,91,80,10,76,77,118,12,29,126"/><T13/><D129/><U127/><E127/><V121/><F111/><W27/><G118/><T74/><D79/><U103/><E5/><V134/><F119/><W87/><G126/><T18/><D74/><U17/><E65/><V120/><F134/><W73/><G47/><T58/><D51/><U93/><E93/><V25/><F0/><W19/><G14/><T117/><D117/><U55/><E55/><V71/><F71/><W123/><G123/><T109/><D109/><U64/><E64/><V39/><F39/><W84/><G73/><T63/><D58/><U108/><E72/><V132/><F132/><W97/><G97/><T83/><D83/><U110/><E108/><V100/><F100/><W33/><REACH who="3" step="1"/><G87/><REACH who="3" ten="390,246,48,296" step="2"/><T31/><D36/><U102/><E110/><V43/><F43/><W1/><G1/><T11/><REACH who="0" step="1"/><D31/><REACH who="0" ten="380,246,48,296" step="2"/><U24/><REACH who="1" step="1"/><E103/><REACH who="1" ten="380,236,48,296" step="2"/><V20/><F120/><W44/><G44/><AGARI ba="2,4" hai="4,6,11,13,18,32,34,35,38,41,44,60,62,63" machi="44" ten="50,4800,0" yaku="1,1,2,1,53,0" doraHai="125" doraHaiUra="23" who="0" fromWho="3" sc="380,94,236,0,48,0,296,-54" /><INIT seed="4,3,0,2,1,24" ten="474,236,48,242" oya="0" hai0="43,12,40,37,26,115,132,75,80,126,62,51,4" hai1="48,99,65,78,76,98,58,102,13,117,54,49,108" hai2="110,38,111,8,87,101,9,122,2,121,67,10,20" hai3="39,100,55,88,25,125,135,59,19,77,1,103,105"/><T120/><D120/><N who="2" m="46186" /><F87/><W41/><G1/><T52/><D4/><U60/><E108/><N who="2" m="41515" /><F67/><W123/><G77/><T129/><D12/><U91/><E117/><V56/><F56/><W42/><G105/><T61/><D80/><U90/><E49/><V17/><F101/><W84/><G123/><T118/><D26/><U81/><E13/><N who="2" m="9263" /><F38/><W71/><G71/><T16/><D75/><U27/><E27/><V57/><F57/><W131/><G59/><T128/><D37/><U32/><E32/><V14/><F2/><W18/><G39/><T34/><D62/><U92/><E99/><V70/><F70/><W83/><G103/><T23/><D61/><U33/><E33/><V46/><F46/><W5/><G100/><T69/><D43/><U31/><E31/><V104/><F104/><W94/><G42/><T73/><D40/><U66/><E66/><V79/><F79/><N who="1" m="30249" /><E81/><V63/><F63/><W114/><G83/><T112/><D69/><U124/><E124/><V86/><F86/><W74/><G125/><T119/><D126/><U30/><E30/><V36/><F36/><W28/><G84/><T96/><D96/><U72/><E72/><V89/><F89/><W3/><G88/><T6/><D52/><U45/><AGARI ba="3,0" hai="45,48,54,58,60,65,90,91,92,98,102" m="30249" machi="45" ten="30,1100,0" yaku="8,1" doraHai="24" who="1" fromWho="1" sc="474,-8,236,20,48,-6,242,-6" /><INIT seed="5,0,0,5,0,134" ten="466,256,42,236" oya="1" hai0="116,63,133,83,104,4,15,135,120,128,30,107,111" hai1="1,126,25,112,131,122,125,95,44,61,75,3,53" hai2="29,60,65,97,42,71,72,113,13,48,110,117,52" hai3="47,70,109,119,32,38,62,115,106,68,33,5,92"/><U80/><E122/><V17/><F72/><W58/><G109/><T127/><D111/><U40/><E112/><V114/><F110/><W82/><G106/><T23/><D116/><U124/><E131/><V54/><F117/><W49/><G119/><T50/><D120/><U93/><E25/><V123/><F123/><W18/><G115/><N who="2" m="44041" /><F29/><W76/><G38/><T14/><D30/><U108/><E108/><V34/><F34/><W20/><G5/><T130/><D50/><U39/><E75/><V19/><F97/><W21/><G33/><T79/><D63/><U69/><E80/><V96/><F96/><W57/><G32/><T90/><D90/><U105/><E105/><V8/><F19/><W45/><G92/><N who="1" m="35402" /><E53/><V6/><F6/><W103/><G103/><T46/><D4/><U56/><E56/><V118/><F118/><W2/><G70/><T66/><D83/><U98/><E98/><V67/><F67/><AGARI ba="0,0" hai="1,3,39,40,44,61,67,69,124,125,126" m="35402" machi="67" ten="40,12000,1" yaku="18,1,52,3" doraHai="134" who="1" fromWho="2" sc="466,0,256,120,42,-120,236,0" owari="466,56.0,376,18.0,-78,-58.0,236,-16.0" /></mjloggm>