<mjloggm ver="2.3"><GO type="41"/><UN n0="%E7%89%8C%E3%83%91%E3%82%A4%E6%93%8D%E4%BD%9C%E6%B8%88" n1="%6E%61%6E%61%35%35%33%38" n2="%6B%6F%63%68%61%6E" n3="%EF%BC%88%E2%89%A7%E2%96%BD%E2%89%A6%EF%BC%89" dan="14,13,13,15" rate="1837,1874,1802,2060" sx="M,F,M,M"/><TAIKYOKU oya="0"/><INIT seed="0,0,0,3,3,86" ten="250,250,250,250" oya="0" hai0="71,81,83,91,2,47,96,69,37,123,98,119,20" hai1="76,93,64,114,110,126,21,92,16,58,132,106,101" hai2="39,28,128,59,32,84,129,104,50,1,14,49,51" hai3="130,103,74,111,125,66,77,78,72,100,44,108,121"/><T53/><D123/><U41/><E114/><V75/><F1/><W35/><G35/><T12/><D119/><U34/><E110/><N who="3" m="42026" /><G66/><T22/><D2/><U60/><E132/><V55/><F39/><W68/><G68/><T135/><D71/><U23/><E126/><V54/><F104/><W112/><G44/><T5/><D69/><U29/><E34/><V17/><F75/><N who="3" m="28715" /><G121/><T31/><D37/><U52/><E41/><V80/><F28/><W48/><G48/><N who="0" m="28831" /><D135/><U117/><E76/><N who="3" m="29290" /><G112/><T127/><D127/><U116/><E29/><V113/><F32/><W15/><G15/><T38/><D38/><U85/><E23/><N who="0" m="8745" /><D31/><U90/><E64/><V45/><F113/><W122/><G122/><T105/><D105/><U120/><E106/><V82/><F51/><W62/><G62/><T63/><D63/><U4/><E4/><V46/><F59/><W102/><G125/><T13/><D5/><U65/><E65/><V0/><F0/><W67/><G67/><T24/><D24/><U25/><E120/><V10/><REACH who="2" step="1"/><F84/><REACH who="2" step="2"/><W99/><G130/><AGARI ba="0,1" hai="10,14,17,45,46,49,50,54,55,80,82,128,129,130" machi="130" ten="40,8000,1" yaku="1,1,2,1,9,1,19,1,53,0" doraHai="86" doraHaiUra="133" who="2" fromWho="3" sc="250,0,250,0,240,90,250,-80" /><INIT seed="1,0,0,3,0,101" ten="250,250,330,170" oya="1" hai0="40,133,21,114,100,4,102,17,93,97,53,5,126" hai1="16,129,99,25,118,61,82,22,24,9,108,68,0" hai2="90,18,49,59,74,76,87,83,67,46,11,103,111" hai3="125,3,15,57,12,71,30,23,81,35,84,73,130"/><U37/><E118/><V10/><F111/><W113/><G113/><T65/><D114/><U112/><E112/><V64/><F103/><W45/><G130/><T89/><D133/><U96/><E129/><V120/><F120/><W41/><G71/><T26/><D126/><U58/><E37/><V2/><F2/><W131/><G125/><T77/><D77/><U80/><E68/><V128/><F128/><W135/><G131/><T119/><D119/><U95/><E99/><V39/><F39/><W75/><G135/><T28/><D65/><N who="1" m="39095" /><E0/><V122/><F122/><W105/><G105/><T85/><D40/><U55/><E55/><V116/><F116/><W44/><G3/><T20/><D53/><U50/><E50/><V132/><F132/><W106/><G106/><T51/><D51/><U107/><E107/><V121/><F121/><W19/><G35/><T48/><D48/><U13/><E108/><V34/><F34/><W86/><G41/><T69/><D69/><U54/><E54/><V27/><F59/><W32/><G57/><T56/><D56/><U72/><E72/><V117/><F117/><W123/><G73/><T91/><D91/><N who="1" m="55423" /><E25/><V134/><F134/><W109/><G75/><T43/><D43/><U124/><E124/><V79/><F74/><W33/><G123/><T8/><D8/><N who="2" m="3114" /><F67/><W98/><G109/><T38/><D38/><U14/><E14/><V66/><F66/><W104/><G12/><N who="0" m="9255" /><D102/><U62/><E62/><V63/><F63/><W94/><G15/><T42/><D42/><U60/><E60/><V6/><F64/><W52/><G104/><AGARI ba="0,0" hai="4,5,21,26,28,85,89,93,97,100,104" m="9255" machi="104" ten="30,2000,0" yaku="6,1,52,1" doraHai="101" who="0" fromWho="3" sc="250,20,250,0,330,0,170,-20" /><INIT seed="2,0,0,0,2,29" ten="270,250,330,150" oya="2" hai0="36,5,77,119,125,31,8,91,30,26,28,35,109" hai1="98,39,79,75,53,101,49,21,2,76,23,41,42" hai2="57,40,131,74,22,60,62,78,6,51,90,20,83" hai3="11,126,84,0,107,52,16,17,66,128,18,108,61"/><V94/><F131/><W127/><G128/><T121/><D36/><U124/><E2/><V12/><F60/><W120/><G107/><T132/><D77/><N who="1" m="29771" /><E75/><V19/><F6/><N who="3" m="1479" /><G120/><T25/><D91/><U71/><E71/><V93/><F22/><N who="1" m="8201" /><E39/><V88/><F51/><W129/><G129/><T100/><D121/><U96/><E124/><N who="3" m="47658" /><G108/><T65/><D125/><U7/><E7/><V86/><F40/><N who="1" m="15465" /><E101/><V92/><REACH who="2" step="1"/><F74/><REACH who="2" step="2"/><W3/><G3/><T47/><D119/><U64/><E64/><AGARI ba="0,1" hai="12,19,20,57,62,64,78,83,86,88,90,92,93,94" machi="64" ten="40,12000,1" yaku="1,1,2,1,8,1,54,1,53,0" doraHai="29" doraHaiUra="68" who="2" fromWho="1" sc="270,0,250,-120,320,130,150,0" /><INIT seed="2,1,0,2,2,52" ten="270,130,450,150" oya="2" hai0="112,0,111,125,38,70,58,129,32,18,83,67,63" hai1="42,53,103,117,108,55,88,100,47,132,128,31,62" hai2="85,130,95,81,107,123,56,50,94,87,12,96,20" hai3="114,3,28,89,118,135,78,133,13,127,21,69,102"/><V45/><F123/><W98/><G3/><T68/><D112/><U66/><E117/><V23/><F130/><W65/><G118/><T124/><D111/><U79/><E128/><V74/><F74/><W80/><G89/><T6/><D38/><U134/><E108/><V41/><F107/><W77/><G114/><T119/><D129/><U76/><E31/><V75/><F75/><W73/><G78/><N who="1" m="29738" /><E47/><V101/><F95/><W97/><G127/><N who="0" m="48715" /><D32/><U27/><E42/><V2/><F2/><W29/><G98/><T34/><D34/><U61/><E27/><V93/><F94/><W86/><G73/><T121/><D119/><U71/><E88/><N who="2" m="51247" /><F87/><W14/><G86/><T44/><D121/><U115/><E115/><V16/><F56/><W10/><G77/><T7/><D83/><U30/><E30/><V5/><F5/><N who="0" m="1546" /><D0/><U36/><E36/><V116/><F116/><W46/><G80/><T57/><D44/><U91/><E91/><V64/><F64/><W49/><G65/><T4/><N who="0" m="1554" /><T33/><DORA hai="11" /><D33/><U39/><E39/><V120/><F120/><W113/><G46/><T105/><D105/><U84/><E84/><V25/><F25/><W26/><G26/><T82/><D82/><U22/><E22/><AGARI ba="1,0" hai="12,16,20,22,23,41,45,50,93,96,101" m="51247" machi="22" ten="30,11600,0" yaku="8,1,52,1,54,2" doraHai="52,11" who="2" fromWho="1" sc="270,0,130,-119,450,119,150,0" /><INIT seed="2,2,0,3,5,25" ten="270,11,569,150" oya="2" hai0="56,135,3,11,37,101,118,60,18,69,100,108,46" hai1="90,85,79,8,104,62,124,16,35,120,86,2,70" hai2="45,42,89,88,52,127,20,74,55,94,65,49,14" hai3="77,78,31,26,36,59,125,32,97,34,114,61,93"/><V129/><F74/><W96/><G36/><T40/><D108/><U24/><E124/><V53/><F127/><W133/><G125/><T80/><D69/><U44/><E120/><V51/><F129/><W106/><G133/><T71/><D71/><U10/><E104/><V48/><F65/><W84/><G114/><T111/><D111/><U105/><E105/><V82/><F82/><W12/><G34/><T98/><D135/><U134/><E2/><V19/><F89/><W76/><G12/><T47/><D47/><U123/><E134/><V7/><F7/><W92/><G106/><T6/><D118/><U66/><E123/><V81/><F81/><W63/><G84/><AGARI ba="2,0" hai="14,19,20,42,45,48,49,51,52,53,55,84,88,94" machi="84" ten="40,7700,0" yaku="8,1,54,2" doraHai="25" who="2" fromWho="3" sc="270,0,11,0,569,83,150,-83" /><INIT seed="2,3,0,1,5,27" ten="270,11,652,67" oya="2" hai0="31,3,99,135,86,92,32,98,105,134,71,58,120" hai1="80,122,47,68,59,24,35,82,121,22,115,95,70" hai2="29,76,90,107,114,36,81,102,72,50,129,25,88" hai3="79,21,53,113,61,124,83,106,118,1,108,131,20"/><V51/><F36/><W48/><G1/><T112/><D112/><U104/><E104/><V8/><F114/><W100/><G113/><T37/><D120/><N who="1" m="46187" /><E35/><V12/><F129/><W77/><G131/><T52/><D71/><N who="1" m="27179" /><E115/><V2/><F2/><W130/><G130/><T126/><D37/><U39/><E59/><V75/><F75/><W42/><G106/><T69/><D69/><U103/><E103/><V65/><F65/><W132/><G100/><T16/><D126/><U123/><N who="1" m="46195" /><U45/><DORA hai="23" /><E95/><V14/><F14/><W116/><G124/><T94/><D3/><U74/><E74/><V119/><F119/><W6/><G116/><T60/><D105/><U5/><E5/><V46/><F51/><W73/><G48/><T17/><D86/><U89/><E89/><V84/><F102/><W15/><G73/><T44/><D44/><N who="1" m="16971" /><E39/><V40/><F72/><W96/><G118/><T19/><D31/><AGARI ba="3,0" hai="22,24,31,80,82" m="16971,27179,46195" machi="31" ten="50,6400,0" yaku="13,1,52,2" doraHai="27,23" who="1" fromWho="0" sc="270,-73,11,73,652,0,67,0" /><INIT seed="3,0,0,1,2,57" ten="197,84,652,67" oya="3" hai0="121,114,6,3,83,69,71,91,47,54,63,96,100" hai1="28,20,74,30,21,4,110,17,94,102,72,37,19" hai2="5,127,84,134,108,131,33,64,41,126,135,1,65" hai3="14,58,129,95,116,120,92,132,15,68,118,76,82"/><W0/><G120/><T113/><D121/><U39/><E94/><V128/><F33/><W62/><G0/><T45/><D3/><U93/><E93/><V67/><F108/><W24/><G132/><N who="2" m="50729" /><F41/><W85/><G68/><N who="0" m="26187" /><D6/><U112/><E4/><V49/><F49/><W51/><G129/><N who="2" m="49737" /><F84/><W87/><G51/><T59/><D83/><U80/><E80/><V35/><F35/><W86/><G24/><T46/><D91/><U7/><E7/><V117/><F117/><W27/><G27/><T115/><D96/><U38/><E102/><V2/><F5/><W40/><G40/><T61/><D100/><U111/><REACH who="1" step="1"/><E39/><REACH who="1" step="2"/><V90/><F90/><W52/><G118/><T10/><D10/><U13/><E13/><V133/><F133/><W8/><G116/><T105/><D105/><U123/><E123/><V106/><F106/><W130/><G130/><T99/><D99/><U103/><E103/><V16/><F16/><N who="3" m="8263" /><G95/><T34/><D34/><U55/><E55/><V124/><AGARI ba="0,1" hai="1,2,64,65,67,124,126,127" m="49737,50729" machi="124" ten="50,32000,5" yakuman="39" doraHai="57" who="2" fromWho="2" sc="197,-80,74,-80,652,330,67,-160" owari="117,-8.0,-6,-41.0,982,108.0,-93,-59.0" /></mjloggm>