<mjloggm ver="2.3"><GO type="169"/><UN n0="%E5%88%BB%E5%AD%90%E5%B8%82%E6%B0%91" n1="%EF%BC%88%E2%89%A7%E2%96%BD%E2%89%A6%EF%BC%89" n2="%6B%65%69%2E" n3="%E3%81%AF%E3%81%90%E3%82%8C%E3%83%9F%E3%83%B3%E3%83%88" dan="16,18,16,16" rate="2009,2237,2015,2061" sx="M,M,M,F"/><TAIKYOKU oya="0"/><INIT seed="0,0,0,4,2,18" ten="250,250,250,250" oya="0" hai0="130,21,89,108,51,24,2,55,8,95,92,120,43" hai1="126,6,129,70,49,48,60,74,39,61,13,29,81" hai2="12,27,103,62,67,106,119,123,132,90,79,135,110" hai3="52,50,38,22,0,75,42,121,78,45,84,111,73"/><T133/><D120/><U53/><E39/><V80/><F123/><W83/><G0/><T26/><D133/><N who="2" m="51274" /><F110/><W77/><G111/><T32/><D32/><U105/><E105/><V36/><F36/><W1/><G121/><T104/><D104/><U47/><E70/><N who="2" m="42359" /><F119/><W124/><G1/><T98/><D108/><U117/><E81/><V37/><F37/><W31/><G124/><T30/><D130/><U34/><E34/><V16/><F27/><W44/><REACH who="3" step="1"/><G78/><REACH who="3" ten="250,250,250,240" step="2"/><T134/><D134/><U128/><E126/><V65/><F79/><W96/><G96/><T87/><D98/><U114/><E129/><V71/><F71/><W113/><G113/><T115/><D115/><U101/><E128/><V118/><F118/><W20/><G20/><N who="0" m="15623" /><D2/><U85/><E117/><V100/><F106/><W15/><G15/><T40/><D8/><U59/><E13/><V82/><F65/><W91/><G91/><T17/><D95/><U4/><E114/><V54/><F90/><W131/><G131/><T46/><AGARI ba="0,1" hai="17,21,26,40,43,46,51,55,87,89,92" m="15623" machi="46" ten="30,6000,0" yaku="8,1,52,2" doraHai="18" who="0" fromWho="0" sc="250,70,250,-20,250,-20,240,-20" /><INIT seed="0,1,0,4,5,114" ten="320,230,230,220" oya="0" hai0="62,23,110,65,135,58,133,53,118,25,90,70,39" hai1="33,115,111,48,120,124,30,44,3,126,31,67,72" hai2="27,122,129,66,78,1,7,41,83,5,117,100,98" hai3="47,69,6,42,35,119,87,107,71,68,105,94,19"/><T21/><D110/><U50/><E120/><V9/><F122/><W13/><G35/><T112/><D112/><U26/><E115/><V91/><F129/><W17/><G6/><T54/><D39/><U81/><E111/><V96/><F5/><W80/><G94/><T89/><D118/><U134/><E3/><V34/><F91/><N who="0" m="34826" /><D70/><U88/><E31/><V22/><F34/><W109/><G109/><T123/><D123/><U40/><E67/><V32/><F32/><W97/><G119/><T74/><D74/><U99/><E134/><N who="0" m="51209" /><D23/><U55/><E72/><V79/><F117/><W63/><G63/><T73/><D73/><U95/><REACH who="1" step="1"/><E81/><REACH who="1" ten="320,220,230,220" step="2"/><V130/><F83/><W18/><G13/><T24/><D24/><U56/><AGARI ba="1,1" hai="26,30,33,40,44,48,50,55,56,88,95,99,124,126" machi="56" ten="30,7900,0" yaku="1,1,2,1,0,1,54,1,53,0" doraHai="114" doraHaiUra="125" who="1" fromWho="1" sc="320,-40,220,92,230,-21,220,-21" /><INIT seed="1,0,0,2,1,115" ten="280,312,209,199" oya="1" hai0="130,59,43,121,119,81,107,117,61,62,47,53,0" hai1="16,87,34,94,46,82,120,101,39,70,88,134,71" hai2="51,65,23,13,25,111,35,14,54,2,129,50,132" hai3="41,40,116,49,42,5,60,78,21,124,131,19,113"/><U63/><E120/><V9/><F35/><W22/><G113/><T75/><D107/><U112/><E34/><V27/><F111/><W80/><G131/><T7/><D130/><U11/><E112/><V67/><F129/><W79/><G124/><T58/><D121/><U110/><E110/><V102/><F102/><W74/><G5/><T108/><D108/><U96/><E134/><V100/><F100/><W99/><G99/><T90/><D7/><U68/><E63/><V45/><F132/><W29/><G79/><T93/><D0/><U103/><E103/><V92/><F92/><W30/><G60/><T125/><D125/><U95/><E39/><V32/><F32/><W36/><G36/><T105/><D105/><U86/><E46/><V97/><F97/><W44/><G116/><T8/><D8/><U77/><REACH who="1" step="1"/><E70/><REACH who="1" ten="280,302,209,199" step="2"/><V84/><F45/><W128/><G128/><T106/><D47/><U98/><E98/><V52/><F84/><W33/><G33/><T10/><D43/><U127/><E127/><V89/><F23/><W20/><REACH who="3" step="1"/><G19/><REACH who="3" ten="280,302,209,189" step="2"/><T114/><D114/><U15/><AGARI ba="0,2" hai="11,15,16,68,71,77,82,86,87,88,94,95,96,101" machi="15" ten="30,11700,0" yaku="1,1,0,1,54,2,53,0" doraHai="115" doraHaiUra="38" who="1" fromWho="1" sc="280,-39,302,137,209,-39,189,-39" /><INIT seed="1,1,0,1,5,114" ten="241,439,170,150" oya="1" hai0="48,21,111,107,83,62,110,67,120,10,3,44,121" hai1="38,39,49,19,94,30,99,93,2,29,89,7,64" hai2="132,102,80,20,50,52,68,124,15,134,24,51,76" hai3="96,34,25,8,86,100,115,82,45,33,55,123,118"/><U77/><E2/><V16/><F68/><W0/><G123/><N who="0" m="47179" /><D107/><U5/><E77/><V90/><F102/><W133/><G115/><T103/><D103/><U58/><E39/><V105/><F105/><W66/><G133/><N who="2" m="51305" /><F124/><W92/><G66/><T97/><D97/><N who="1" m="57519" /><E19/><V47/><F90/><W41/><G55/><N who="0" m="30087" /><D21/><U87/><E87/><N who="2" m="48519" /><F51/><W129/><G129/><T101/><D101/><N who="1" m="60663" /><E38/><V98/><F98/><W69/><G69/><N who="0" m="42231" /><D83/><U1/><E1/><V63/><F24/><W135/><G135/><T42/><D10/><U91/><E91/><V106/><F106/><W71/><G71/><T65/><D3/><U128/><E7/><V23/><F23/><W125/><G125/><T127/><D127/><U109/><E5/><V28/><F28/><W46/><G0/><T9/><D9/><U35/><E29/><V56/><F47/><W4/><G8/><T13/><D13/><U18/><E30/><V78/><F78/><W22/><G4/><T112/><D112/><U14/><E14/><V130/><F50/><W108/><G34/><T26/><D26/><U37/><E35/><V53/><F130/><W104/><G33/><T27/><D27/><U59/><E128/><V95/><F95/><W70/><G92/><T117/><D42/><U119/><E18/><V88/><F88/><W12/><G41/><T54/><D65/><AGARI ba="1,0" hai="15,16,20,52,53,56,63,65" m="48519,51305" machi="65" ten="30,3900,0" yaku="20,1,54,2" doraHai="114" who="2" fromWho="0" sc="241,-42,439,0,170,42,150,0" /><INIT seed="2,0,0,0,2,61" ten="199,439,212,150" oya="2" hai0="35,53,23,83,108,99,38,88,68,134,104,119,30" hai1="126,128,50,86,95,90,98,46,8,72,49,66,6" hai2="122,37,121,91,63,131,28,130,116,54,45,123,89" hai3="36,4,106,26,64,113,40,111,75,67,14,47,19"/><V117/><F28/><W10/><G106/><T107/><D38/><U97/><E72/><V82/><F37/><W81/><G113/><T33/><D68/><U124/><E128/><N who="2" m="49195" /><F45/><W100/><G100/><T133/><D108/><U5/><E50/><V3/><F3/><W110/><G26/><T80/><D23/><U24/><E24/><V17/><F17/><W58/><G19/><T62/><D119/><N who="2" m="45642" /><F54/><W132/><G58/><T9/><D9/><U1/><E6/><V73/><F63/><W76/><REACH who="3" step="1"/><G132/><REACH who="3" ten="199,439,212,140" step="2"/><T71/><D134/><U92/><E5/><V32/><F32/><W48/><G48/><T22/><D35/><U57/><E49/><V52/><F52/><W42/><G42/><T101/><D133/><U18/><E18/><V94/><F94/><W85/><G85/><T39/><D39/><U44/><E92/><V29/><F29/><W31/><G31/><T60/><D107/><U127/><E95/><V93/><F93/><W0/><G0/><T125/><D33/><U115/><E1/><V20/><F20/><W55/><G55/><T112/><D53/><U15/><E126/><V51/><F51/><W11/><G11/><T96/><D125/><U70/><E127/><V105/><F105/><W78/><G78/><AGARI ba="0,1" hai="73,78,82,89,91,121,122,123" m="45642,49195" machi="78" ten="40,7700,0" yaku="19,1,34,2" doraHai="61" who="2" fromWho="3" sc="199,0,439,0,212,87,140,-77" /><INIT seed="2,1,0,2,4,77" ten="199,439,299,63" oya="2" hai0="81,41,87,31,27,32,134,84,51,70,118,45,121" hai1="61,75,9,119,58,0,1,5,12,114,43,74,72" hai2="7,107,124,42,21,44,135,16,30,2,83,63,20" hai3="76,60,86,90,17,13,128,103,24,95,18,127,79"/><V50/><F107/><W67/><G128/><T10/><D121/><U38/><E119/><V34/><F135/><W33/><G127/><T122/><D122/><U28/><E114/><V120/><F34/><W3/><G3/><T130/><D130/><U66/><REACH who="1" step="1"/><E28/><REACH who="1" ten="199,429,299,63" step="2"/><V99/><F120/><W46/><G103/><T131/><D118/><U126/><E126/><V123/><F124/><W57/><G46/><AGARI ba="1,1" hai="0,1,5,9,12,38,43,46,58,61,66,72,74,75" machi="46" ten="40,2600,0" yaku="1,1,53,1" doraHai="77" doraHaiUra="36" who="1" fromWho="3" sc="199,0,429,39,299,0,63,-29" /><INIT seed="3,0,0,0,0,105" ten="199,468,299,34" oya="3" hai0="2,28,94,38,33,3,7,82,8,85,111,131,60" hai1="69,99,13,0,122,128,1,66,115,23,129,31,5" hai2="96,78,72,40,87,123,45,67,93,126,73,47,98" hai3="30,43,49,109,15,4,120,59,84,88,117,55,12"/><W20/><G117/><T100/><D38/><U86/><E115/><V124/><F67/><W29/><G120/><T56/><D111/><U89/><E122/><V77/><F40/><W37/><G109/><T46/><D131/><U24/><E99/><V64/><F64/><W121/><G121/><T58/><D2/><U27/><E27/><V95/><F123/><W39/><G39/><T90/><D46/><U91/><E91/><V51/><F51/><W50/><G37/><T110/><D110/><U53/><E53/><V116/><REACH who="2" step="1"/><F87/><REACH who="2" ten="199,468,289,34" step="2"/><W107/><G107/><T14/><D60/><U75/><E86/><V32/><F32/><W133/><G133/><T134/><D33/><U70/><E66/><V16/><F16/><N who="3" m="10247" /><G49/><T127/><D134/><U97/><E128/><V35/><F35/><W103/><G43/><T62/><D62/><U80/><E129/><V54/><F54/><W65/><G65/><T83/><D85/><U81/><E70/><V17/><F17/><W113/><G113/><T118/><D118/><AGARI ba="0,1" hai="45,47,72,73,77,78,93,95,96,98,116,118,124,126" machi="118" ten="25,12000,2" yaku="1,1,22,2,52,2,53,2" doraHai="105" doraHaiUra="106" who="2" fromWho="0" sc="199,-120,468,0,289,130,34,0" /><INIT seed="4,0,0,3,3,9" ten="79,468,419,34" oya="0" hai0="121,16,25,61,12,93,51,35,102,123,118,129,58" hai1="36,103,10,88,42,78,24,96,104,22,64,77,99" hai2="128,108,105,125,40,54,46,27,32,1,65,83,106" hai3="33,75,133,84,29,11,69,107,109,86,38,113,30"/><T3/><D118/><U0/><E64/><V53/><F108/><W44/><G109/><T62/><D3/><U43/><E0/><V95/><F1/><W48/><G38/><T97/><D129/><U28/><E10/><V71/><F128/><W52/><G75/><T70/><D70/><U56/><E56/><V115/><F115/><W41/><G69/><T50/><D123/><U5/><E5/><V134/><F134/><W37/><G133/><T135/><D121/><U15/><E15/><V26/><F125/><W122/><G122/><T7/><D135/><U127/><E127/><V114/><F114/><W20/><G107/><T111/><D111/><U131/><E131/><V132/><F132/><W19/><G113/><T31/><D7/><U94/><REACH who="1" step="1"/><E43/><REACH who="1" ten="79,458,419,34" step="2"/><V80/><F40/><W6/><G11/><T13/><D13/><U82/><E82/><V130/><F65/><W92/><G6/><T74/><D62/><U49/><E49/><V21/><F130/><W119/><G119/><T59/><D59/><U14/><E14/><V34/><F71/><W39/><G41/><T117/><D117/><U4/><E4/><V87/><F83/><W57/><G57/><T47/><D51/><U124/><E124/><V73/><F80/><W112/><G112/><T98/><D58/><U116/><E116/><V60/><F27/><W17/><G39/><T85/><D61/><U63/><E63/><V8/><F26/><W23/><G37/><T2/><D2/><U126/><E126/><V67/><F60/><W91/><G48/><T110/><D50/><U55/><E55/><RYUUKYOKU ba="0,1" sc="79,-10,458,30,419,-10,34,-10" hai1="22,24,28,36,42,77,78,88,94,96,99,103,104" /><INIT seed="5,1,1,4,4,83" ten="69,488,409,24" oya="1" hai0="23,45,27,97,75,132,41,70,18,125,115,103,54" hai1="55,110,39,124,86,130,99,37,42,7,30,69,16" hai2="66,5,112,10,57,119,48,1,46,100,84,74,47" hai3="43,14,51,104,85,93,24,117,126,65,106,6,77"/><U123/><E123/><V101/><F119/><W59/><G126/><T129/><D75/><U63/><E69/><V82/><F74/><W4/><G117/><T34/><D70/><U29/><E39/><V71/><F112/><W26/><G106/><T131/><D125/><U38/><E38/><V107/><F71/><W15/><G104/><T35/><D54/><U76/><E7/><N who="3" m="2602" /><G65/><T33/><D132/><U20/><E130/><N who="0" m="49673" /><D115/><U8/><E37/><V111/><F111/><W72/><G72/><T56/><D56/><U96/><E110/><V87/><F107/><W108/><G108/><T121/><D121/><U11/><E42/><V113/><F113/><W80/><G93/><N who="0" m="58799" /><D45/><U90/><E124/><V122/><F122/><W120/><G120/><T98/><D98/><U133/><E96/><V61/><F46/><N who="3" m="26079" /><G59/><T12/><D41/><U52/><E99/><V91/><F1/><W102/><G102/><N who="2" m="39529" /><F5/><W68/><G68/><T73/><D73/><U49/><E133/><V9/><F9/><W116/><G116/><T25/><AGARI ba="1,1" hai="12,18,23,25,27,33,34,35" m="58799,49673" machi="25" ten="40,1500,0" yaku="19,1" doraHai="83" who="0" fromWho="0" sc="69,28,488,-8,409,-5,24,-5" /><INIT seed="6,0,0,2,3,72" ten="97,480,404,19" oya="2" hai0="64,77,115,4,6,15,85,96,71,87,104,21,116" hai1="42,129,5,92,80,66,46,10,0,112,14,69,100" hai2="113,83,63,94,118,110,123,133,45,117,17,13,134" hai3="28,73,70,95,127,102,7,60,23,124,120,34,31"/><V130/><F45/><W99/><G120/><T24/><D115/><U88/><E129/><V16/><F63/><W52/><G73/><T81/><D116/><U59/><E69/><V18/><F94/><W98/><G7/><T26/><D71/><U74/><E112/><V3/><F83/><W68/><G34/><T75/><D64/><U125/><E125/><N who="3" m="48202" /><G98/><T33/><D33/><U76/><E100/><V37/><F37/><W114/><G114/><T39/><D39/><N who="1" m="21855" /><E59/><V111/><F113/><W65/><G70/><T62/><D62/><U67/><E14/><V58/><F58/><W109/><G109/><N who="2" m="41481" /><F3/><W121/><G121/><T105/><D75/><U1/><E1/><V128/><F123/><W50/><G23/><T61/><D21/><U51/><E51/><V97/><F97/><AGARI ba="0,0" hai="0,5,10,66,67,74,76,80,88,92,97" m="21855" machi="97" ten="30,3900,0" yaku="25,1,52,1,54,1" doraHai="72" who="1" fromWho="2" sc="97,0,480,39,404,-39,19,0" /><INIT seed="7,0,0,2,0,26" ten="97,519,365,19" oya="3" hai0="40,126,135,56,79,46,105,101,98,120,3,132,87" hai1="0,8,57,11,53,13,123,54,74,27,17,80,75" hai2="29,118,19,121,31,76,22,51,38,110,71,107,7" hai3="49,97,72,134,90,39,78,35,66,50,16,15,116"/><W47/><G116/><T91/><D126/><U102/><E123/><V95/><F118/><W129/><G35/><T77/><D56/><U131/><E102/><V103/><F107/><W73/><G66/><T114/><D3/><U62/><E131/><V89/><F38/><W70/><G70/><T86/><D120/><U10/><E27/><V113/><F103/><W37/><G129/><T117/><D114/><U65/><E0/><V111/><F71/><W122/><G122/><T43/><D43/><U61/><E54/><V124/><F124/><W68/><G68/><T1/><D1/><U94/><E94/><V18/><F7/><W109/><G134/><N who="0" m="51243" /><D117/><U127/><E80/><V20/><F76/><N who="0" m="29258" /><D91/><U69/><E127/><V9/><F9/><W33/><G33/><T21/><D21/><U99/><E13/><V112/><F121/><W125/><G125/><T52/><D52/><U108/><E99/><V81/><F81/><W88/><G109/><T41/><D41/><U23/><E108/><V85/><F51/><AGARI ba="0,0" hai="40,46,51,86,87,98,101,105" m="29258,51243" machi="51" ten="30,1000,0" yaku="20,1" doraHai="26" who="0" fromWho="2" sc="97,10,519,0,365,-10,19,0" owari="107,-29.0,519,61.0,355,16.0,19,-48.0" /></mjloggm>