<mjloggm ver="2.3"><GO type="97"/><UN n0="%64%65%6F%6E%65" n1="%E6%9C%80%E5%BE%8C%E3%81%AE%E5%88%87%E3%82%8A%E7%89%8C" n2="%E3%81%82%E3%81%A4%E3%81%BF" n3="%EF%BC%88%E2%89%A7%E2%96%BD%E2%89%A6%EF%BC%89" dan="14,14,13,15" rate="1889,1999,1866,1967" sx="M,M,M,M"/><TAIKYOKU oya="0"/><INIT seed="0,0,0,0,0,38" ten="250,250,250,250" oya="0" hai0="37,130,72,27,19,59,128,51,52,13,40,48,11" hai1="99,69,104,53,6,74,65,131,127,18,66,84,112" hai2="107,106,58,39,95,113,16,55,119,123,73,14,98" hai3="134,126,9,97,31,28,63,90,102,88,57,118,34"/><T67/><D72/><U79/><E74/><V46/><F73/><W124/><G118/><T121/><D121/><U30/><E131/><N who="0" m="50217" /><D37/><U122/><E122/><V45/><F123/><W7/><G134/><T47/><D27/><U15/><E127/><N who="3" m="48682" /><G34/><T77/><D77/><U115/><E30/><N who="3" m="11306" /><G102/><T93/><D93/><U2/><E69/><V36/><F113/><N who="1" m="43593" /><E6/><V76/><F119/><W120/><G97/><T75/><D75/><U111/><E2/><V49/><F76/><W29/><N who="3" m="11314" /><W32/><DORA hai="4" /><G32/><T70/><D70/><U8/><E111/><V89/><F39/><W129/><G120/><T61/><D67/><U110/><E110/><V10/><REACH who="2" step="1"/><F46/><REACH who="2" ten="250,250,240,250" step="2"/><W43/><G129/><T23/><D51/><U94/><E79/><V22/><F22/><AGARI ba="0,1" hai="11,13,19,22,23,40,47,48,52,59,61" m="50217" machi="22" ten="30,11600,0" yaku="19,1,52,2,54,1" doraHai="38,4" who="0" fromWho="2" sc="250,126,250,0,240,-116,250,0" /><INIT seed="0,1,0,5,0,48" ten="376,250,124,250" oya="0" hai0="49,13,93,10,128,127,68,8,15,45,74,135,41" hai1="118,55,24,3,53,130,11,22,6,14,2,84,82" hai2="38,92,58,54,83,67,98,71,63,59,5,90,99" hai3="81,109,44,86,16,73,112,25,107,116,108,89,96"/><T34/><D74/><U39/><E118/><V17/><F38/><W9/><G116/><T69/><D34/><U100/><E39/><V102/><F5/><W125/><G112/><T60/><D135/><U12/><E130/><V105/><F83/><W79/><G125/><T32/><D127/><U31/><E100/><V18/><REACH who="2" step="1"/><F71/><REACH who="2" ten="376,250,114,250" step="2"/><W66/><G81/><T0/><D68/><U88/><REACH who="1" step="1"/><E14/><REACH who="1" ten="376,240,114,250" step="2"/><V77/><F77/><W97/><G79/><T123/><D15/><U65/><E65/><V94/><F94/><W75/><G66/><T56/><D13/><U27/><E27/><V129/><F129/><W4/><G25/><T7/><D93/><U57/><E57/><V87/><F87/><W50/><G86/><T133/><D128/><U72/><E72/><V80/><F80/><W132/><G75/><T131/><D56/><U111/><E111/><V47/><F47/><W114/><G73/><T101/><D45/><U78/><E78/><V33/><F33/><W122/><G109/><T124/><D32/><U110/><E110/><V95/><F95/><N who="3" m="56431" /><G108/><T35/><D131/><U70/><E70/><V36/><F36/><W121/><G114/><T30/><D69/><U106/><E106/><V19/><F19/><W126/><G16/><T40/><D35/><U85/><E85/><V29/><F29/><W52/><G126/><T46/><D124/><U76/><E76/><V61/><AGARI ba="1,2" hai="17,18,54,58,59,61,63,67,90,92,98,99,102,105" machi="61" ten="20,5200,0" yaku="1,1,0,1,7,1,52,1,53,0" doraHai="48" doraHaiUra="20" who="2" fromWho="2" sc="376,-27,240,-14,114,75,250,-14" /><INIT seed="1,0,0,3,1,59" ten="349,226,189,236" oya="1" hai0="57,67,84,94,58,44,0,125,69,33,120,45,107" hai1="37,103,20,104,29,77,27,71,95,26,111,15,17" hai2="60,30,51,25,124,4,80,116,66,123,61,76,64" hai3="8,112,56,92,14,89,70,40,55,108,1,110,100"/><U34/><E37/><V50/><F123/><W114/><G70/><T19/><D125/><U2/><E104/><V90/><F116/><W16/><G100/><T65/><D107/><U113/><E113/><V52/><F124/><W130/><G40/><T109/><D0/><U119/><E119/><V21/><F4/><W68/><G68/><T54/><D33/><U28/><E77/><V72/><F90/><W127/><G1/><T121/><D109/><N who="3" m="42089" /><G130/><T74/><D74/><U99/><E111/><V88/><F88/><W63/><G127/><T98/><D84/><AGARI ba="0,0" hai="8,14,16,55,56,63,84,89,92,112,114" m="42089" machi="84" ten="30,3900,0" yaku="14,1,52,1,54,1" doraHai="59" who="3" fromWho="0" sc="349,-39,226,0,189,0,236,39" /><INIT seed="2,0,0,4,4,29" ten="310,226,189,275" oya="2" hai0="102,54,51,64,109,130,4,6,90,83,59,97,14" hai1="94,121,45,118,93,34,49,13,128,76,99,110,26" hai2="84,37,88,20,36,92,78,95,135,48,115,91,133" hai3="70,40,58,85,71,35,82,120,57,69,28,103,24"/><V17/><F115/><W106/><G120/><T129/><D109/><U60/><E118/><V15/><F78/><W112/><G112/><T0/><D0/><U30/><E110/><V52/><F135/><W19/><G40/><T72/><D64/><U21/><E121/><V2/><F2/><W25/><G103/><T105/><D14/><U77/><E128/><N who="0" m="49257" /><D72/><U119/><E119/><V100/><F100/><W65/><G106/><T53/><D53/><U18/><E60/><V39/><F133/><W31/><G19/><T75/><D90/><U96/><E94/><V9/><F9/><W107/><G107/><T68/><D68/><U62/><E99/><V124/><F124/><W79/><REACH who="3" step="1"/><G65/><REACH who="3" ten="310,226,189,265" step="2"/><T38/><D105/><U41/><REACH who="1" step="1"/><E62/><REACH who="1" ten="310,216,189,265" step="2"/><V116/><F116/><W126/><G126/><T5/><D102/><AGARI ba="0,2" hai="13,18,21,26,30,34,41,45,49,76,77,93,96,102" machi="102" ten="30,8000,1" yaku="1,1,2,1,7,1,52,1,53,1" doraHai="29" doraHaiUra="23" who="1" fromWho="0" sc="310,-80,216,100,189,0,265,0" /><INIT seed="3,0,0,0,1,102" ten="230,316,189,265" oya="3" hai0="112,124,8,117,59,118,10,127,130,125,79,126,15" hai1="121,97,25,131,64,17,41,67,69,48,43,98,76" hai2="24,37,23,33,11,87,132,32,123,133,104,84,81" hai3="115,100,42,96,105,45,28,122,92,9,107,21,71"/><W31/><G122/><T56/><D79/><U3/><E121/><V128/><F104/><W101/><G115/><T77/><D77/><U2/><E2/><V57/><F37/><W65/><G9/><N who="0" m="3691" /><D112/><U99/><E3/><V74/><F74/><W38/><G21/><T39/><D124/><U72/><E69/><V109/><F123/><W83/><G83/><T60/><D39/><U0/><E0/><V66/><F109/><W29/><REACH who="3" step="1"/><G100/><REACH who="3" ten="230,316,189,255" step="2"/><T46/><D125/><U55/><E72/><V52/><F128/><W110/><G110/><T106/><D130/><U91/><E131/><V86/><F81/><W18/><G18/><T49/><D126/><U51/><E76/><V20/><F11/><W62/><AGARI ba="0,1" hai="28,29,31,38,42,45,62,65,71,92,96,101,105,107" machi="62" ten="30,11700,0" yaku="1,1,0,1,52,2,53,0" doraHai="102" doraHaiUra="80" who="3" fromWho="3" sc="230,-39,316,-39,189,-39,255,127" owari="191,-21.0,277,8.0,150,-35.0,382,48.0" /></mjloggm>