<mjloggm ver="2.3"><GO type="41"/><UN n0="%E8%99%B9%E5%B7%9D%E3%82%8A%E3%82%8A%E3%81%8B" n1="%E3%82%A6%E3%83%AB%E3%83%88%E3%83%A9%E7%AB%8B%E7%9B%B4" n2="%E6%88%A6%E5%8A%9B%E5%A4%96%E3%83%9D%E3%83%BC%E3%82%AF%E2%99%82" n3="%63%6F%75%6C%64" dan="15,15,15,14" rate="1952,1981,2012,1949" sx="F,M,M,M"/><TAIKYOKU oya="0"/><INIT seed="0,0,0,2,0,68" ten="250,250,250,250" oya="0" hai0="90,6,96,49,79,9,131,55,32,50,120,0,74" hai1="38,47,84,93,61,130,26,39,88,97,33,34,111" hai2="121,126,86,11,17,115,43,57,77,10,65,15,30" hai3="54,7,8,35,94,60,62,71,56,85,42,44,37"/><T1/><D32/><U117/><E117/><V118/><F115/><W5/><G35/><T114/><D114/><U91/><E130/><V95/><F121/><W2/><G7/><T40/><D120/><U127/><E127/><V36/><F126/><W80/><G94/><T105/><D131/><U52/><E111/><V48/><F30/><W110/><G110/><T67/><D67/><U133/><E133/><V81/><F95/><W14/><G71/><T99/><D90/><U64/><E34/><V51/><F11/><W135/><G135/><T132/><D1/><U101/><E91/><V16/><F17/><W112/><G112/><T134/><D105/><U119/><E119/><V24/><F24/><W106/><G106/><T41/><D40/><U66/><E66/><V73/><F73/><W20/><G20/><T123/><D123/><U70/><E47/><V103/><F103/><W102/><G102/><T78/><D79/><U59/><E26/><V13/><F13/><W3/><G62/><T18/><D78/><AGARI ba="0,0" hai="2,3,5,8,14,37,42,44,54,56,60,78,80,85" machi="78" ten="30,2000,0" yaku="7,1,52,1" doraHai="68" who="3" fromWho="0" sc="250,-20,250,0,250,0,250,20" /><INIT seed="1,0,0,0,3,35" ten="230,250,250,270" oya="1" hai0="132,113,91,5,61,103,77,129,128,25,116,102,80" hai1="119,48,44,40,49,56,16,120,26,127,93,90,42" hai2="111,95,46,82,73,2,70,13,105,87,81,122,53" hai3="97,76,68,108,66,133,78,51,117,85,47,109,54"/><U65/><E127/><V64/><F105/><W118/><G68/><T0/><D113/><U11/><E120/><V20/><F122/><W1/><G66/><T23/><D116/><N who="3" m="44649" /><G1/><T131/><D61/><U60/><E119/><V124/><F124/><W52/><G133/><T32/><D32/><U27/><E42/><V59/><F111/><N who="3" m="42571" /><G85/><T30/><D91/><U112/><E112/><V101/><F73/><W83/><G83/><T72/><D132/><U17/><E49/><V92/><F2/><W107/><G54/><T31/><D31/><U114/><E114/><V33/><F33/><W18/><G18/><N who="1" m="7274" /><E11/><AGARI ba="0,0" hai="0,5,11,23,25,30,72,77,80,102,103,128,129,131" machi="11" ten="40,2600,0" yaku="19,1,52,1" doraHai="35" who="0" fromWho="1" sc="230,26,250,-26,250,0,270,0" /><INIT seed="2,0,0,2,5,26" ten="256,224,250,270" oya="2" hai0="87,7,9,117,63,128,113,70,95,56,4,67,126" hai1="133,46,86,85,88,50,130,39,99,15,64,43,5" hai2="102,118,112,110,84,44,116,29,105,114,65,71,69" hai3="27,1,93,108,34,89,31,62,80,75,45,11,32"/><V124/><F105/><W81/><G108/><T12/><D117/><U129/><E64/><V38/><F102/><W53/><G75/><T134/><D134/><U8/><E133/><V96/><F96/><W49/><G62/><T19/><D126/><U35/><E35/><V28/><F84/><W33/><G33/><T51/><D113/><U13/><E13/><V74/><F65/><W120/><G120/><T48/><D70/><U6/><E6/><N who="0" m="2089" /><D128/><U47/><E99/><V52/><F44/><W72/><G1/><T60/><D60/><U37/><E86/><V122/><F74/><W111/><G111/><T103/><D103/><U24/><E24/><V30/><F110/><W22/><G11/><T73/><D73/><U78/><E78/><V59/><F38/><W94/><G81/><T79/><D79/><U41/><REACH who="1" step="1"/><E50/><REACH who="1" ten="256,214,250,270" step="2"/><V100/><F124/><W83/><G72/><T76/><D76/><U107/><E107/><V101/><F122/><W18/><G32/><T2/><D2/><U132/><E132/><V125/><F125/><W97/><G94/><AGARI ba="0,1" hai="5,8,15,37,39,41,43,46,47,85,88,94,129,130" machi="94" ten="40,5200,0" yaku="1,1,9,1,54,1,53,0" doraHai="26" doraHaiUra="17" who="1" fromWho="3" sc="256,0,214,62,250,0,270,-52" /><INIT seed="3,0,0,2,4,129" ten="256,276,250,218" oya="3" hai0="109,1,39,110,82,123,119,61,121,122,48,32,67" hai1="70,54,33,78,89,9,120,116,41,46,76,47,134" hai2="0,95,59,15,57,51,50,113,108,103,36,118,117" hai3="34,101,88,81,80,132,20,106,86,69,6,18,128"/><W105/><G69/><N who="0" m="42223" /><D32/><U56/><E78/><V124/><F0/><W104/><G34/><T64/><D1/><U35/><E76/><V42/><F15/><W126/><G6/><T13/><D13/><U96/><E46/><V40/><F95/><W107/><G128/><T98/><D98/><U114/><E89/><V94/><F94/><W7/><G7/><T100/><D100/><U77/><E96/><V92/><F92/><N who="3" m="54295" /><G20/><T17/><D17/><U115/><E77/><V31/><F31/><W24/><G24/><T60/><D82/><N who="3" m="31849" /><G18/><T125/><D119/><U53/><E9/><V73/><F73/><W111/><G126/><T22/><D22/><U131/><E131/><V55/><F103/><W23/><G23/><T90/><D125/><U83/><E83/><V85/><F124/><W11/><G11/><T45/><D39/><U5/><E5/><V87/><F36/><W30/><G30/><T14/><D121/><U71/><E120/><V72/><F72/><W10/><G10/><T16/><D122/><U43/><E116/><V112/><F55/><W2/><G2/><T25/><D25/><U133/><E47/><V93/><F93/><W12/><G12/><T91/><D14/><U37/><E37/><V84/><F118/><W29/><G29/><T66/><D16/><U127/><E127/><V75/><F75/><W99/><G111/><T26/><D110/><U38/><E38/><V8/><F117/><W49/><G49/><N who="2" m="18441" /><F108/><W19/><G19/><T28/><D28/><U68/><E68/><V3/><F8/><W130/><G130/><T97/><D109/><RYUUKYOKU ba="0,0" sc="256,-15,276,15,250,-15,218,15" hai1="33,35,41,43,53,54,56,70,71,114,115,133,134" hai3="99,101,104,105,106,107,132" /><INIT seed="3,1,0,5,2,86" ten="241,291,235,233" oya="3" hai0="55,19,96,3,101,105,54,134,79,103,83,47,27" hai1="51,10,39,46,17,82,65,35,123,74,22,34,15" hai2="77,50,75,90,48,42,76,21,116,111,114,117,93" hai3="132,1,11,91,5,69,7,29,107,81,26,126,84"/><W102/><G69/><T0/><D134/><U88/><E39/><V120/><F114/><W119/><G132/><T8/><D103/><U125/><E123/><V64/><F111/><W78/><G119/><T122/><D122/><U67/><E74/><V130/><F120/><W129/><G129/><T28/><D3/><U24/><E35/><V53/><F130/><W70/><G70/><T115/><D47/><U131/><E34/><V118/><F75/><W62/><G62/><T97/><D96/><U32/><E32/><V52/><F64/><W43/><G7/><T100/><D100/><U71/><E71/><V128/><F21/><W110/><G110/><T18/><D19/><U135/><E135/><V36/><F36/><W66/><G66/><T38/><D38/><U72/><E72/><V31/><F31/><W9/><G9/><T25/><D28/><U121/><E121/><V37/><F37/><W104/><G102/><T23/><D27/><U57/><E57/><V30/><F30/><W63/><G63/><T68/><D68/><U2/><E2/><V85/><F42/><W92/><G43/><T112/><D8/><U40/><E125/><V106/><F106/><W108/><G108/><T95/><D0/><U44/><E44/><V98/><F128/><W16/><G16/><T59/><D105/><U45/><E45/><N who="2" m="27663" /><F98/><W4/><G4/><T49/><D55/><U56/><E131/><V127/><F127/><W133/><G133/><T60/><D115/><U113/><E113/><V89/><F89/><W41/><G126/><T109/><D112/><U80/><E40/><RYUUKYOKU ba="1,0" sc="241,-10,291,-10,235,30,233,-10" hai2="50,53,76,77,85,90,93,116,117,118" /><INIT seed="4,2,0,1,4,122" ten="231,281,265,223" oya="0" hai0="125,128,43,135,124,60,58,65,131,1,91,18,134" hai1="105,45,104,71,106,46,28,81,12,20,85,103,22" hai2="5,113,44,117,68,57,63,61,126,108,90,119,75" hai3="25,15,37,3,87,132,133,129,76,52,77,114,127"/><T21/><D1/><U54/><E71/><V41/><F75/><W8/><G37/><T80/><D43/><U38/><E103/><V24/><F90/><W102/><G3/><T116/><D91/><U30/><E12/><V64/><F24/><W92/><G25/><N who="0" m="14519" /><D80/><U111/><E22/><V34/><F5/><W73/><G73/><T107/><D107/><U93/><E93/><V98/><F98/><W27/><G27/><T53/><D65/><U78/><E20/><V120/><F34/><W35/><G35/><T99/><D99/><U40/><E28/><V6/><F6/><W36/><G36/><T0/><D0/><U109/><E30/><V29/><F29/><W2/><G2/><T11/><D11/><U39/><E54/><N who="2" m="33975" /><F126/><N who="0" m="48746" /><D116/><N who="2" m="44618" /><F113/><W130/><G114/><T50/><D50/><U47/><E47/><V79/><F79/><W16/><G127/><T26/><D26/><U66/><E66/><V17/><F17/><W42/><G42/><AGARI ba="2,0" hai="38,39,40,42,45,46,78,81,85,104,105,106,109,111" machi="42" ten="40,5200,0" yaku="9,1,52,2" doraHai="122" who="1" fromWho="3" sc="231,0,281,58,265,0,223,-58" /><INIT seed="5,0,0,0,5,87" ten="231,339,265,165" oya="1" hai0="16,133,43,61,44,40,102,68,4,116,35,22,18" hai1="97,108,21,79,112,69,49,65,19,2,101,95,54" hai2="111,59,36,25,41,23,92,58,129,17,84,50,74" hai3="55,13,63,51,105,37,76,14,39,73,72,38,52"/><U124/><E2/><V135/><F74/><W98/><G76/><T82/><D35/><U78/><E124/><V114/><F111/><W134/><G134/><T15/><D116/><U93/><E112/><V3/><F3/><W57/><G73/><T94/><D133/><U118/><E118/><V7/><F7/><W122/><G72/><T119/><D4/><U106/><E106/><V120/><F120/><W24/><G24/><T75/><D119/><U110/><E65/><V125/><F125/><W62/><G122/><T9/><D75/><U131/><E69/><V100/><F129/><W66/><G105/><T86/><D61/><U1/><E1/><V47/><F114/><W26/><G26/><N who="0" m="14663" /><D44/><U127/><E127/><V132/><F132/><W60/><G98/><N who="0" m="59735" /><D68/><U104/><E131/><V123/><F123/><W46/><G14/><T99/><D99/><U128/><E128/><V56/><F135/><W85/><G85/><T27/><D27/><U107/><E107/><V45/><F45/><W67/><G13/><T88/><AGARI ba="0,0" hai="9,15,18,40,43,82,86,88" m="59735,14663" machi="88" ten="30,7900,0" yaku="8,1,52,1,54,2" doraHai="87" who="0" fromWho="0" sc="231,79,339,-39,265,-20,165,-20" /><INIT seed="6,0,0,1,3,22" ten="310,300,245,145" oya="2" hai0="111,131,55,1,100,73,7,6,76,71,97,117,93" hai1="126,48,67,25,114,70,13,79,44,3,16,19,52" hai2="83,53,125,46,98,43,77,113,127,132,36,96,24" hai3="60,18,35,129,121,94,8,85,80,57,68,134,90"/><V45/><F113/><W82/><G121/><T31/><D117/><U65/><E3/><V5/><F5/><W116/><G68/><T133/><D133/><U2/><E2/><V17/><F132/><W42/><G116/><T75/><D71/><U78/><E114/><V61/><F46/><W37/><G134/><T63/><D131/><U120/><E120/><V92/><F53/><W66/><G129/><T39/><D39/><U81/><E126/><N who="2" m="48139" /><F61/><W115/><G115/><T99/><D55/><U74/><E79/><V124/><F92/><W105/><G105/><T119/><D63/><U23/><E70/><V12/><F12/><W101/><G101/><T122/><D100/><U56/><E44/><V10/><F10/><AGARI ba="0,0" hai="10,13,16,19,23,25,48,52,56,65,67,74,78,81" machi="10" ten="30,7700,0" yaku="7,1,52,1,54,2" doraHai="22" who="1" fromWho="2" sc="310,0,300,77,245,-77,145,0" /><INIT seed="7,0,0,5,2,15" ten="310,377,168,145" oya="3" hai0="84,63,99,134,74,57,87,40,18,60,122,93,65" hai1="50,92,28,36,82,106,53,111,61,54,109,102,88" hai2="20,37,85,103,13,90,110,7,95,78,113,12,69" hai3="10,64,5,24,34,128,75,25,135,51,17,112,30"/><W49/><G75/><T117/><D122/><U62/><E36/><V123/><F110/><W45/><G135/><T77/><D134/><U97/><E28/><V6/><F69/><W11/><G128/><T101/><D40/><U132/><E132/><V19/><F37/><W119/><G119/><T16/><D74/><U56/><E82/><N who="2" m="47319" /><F113/><W33/><G112/><T67/><D117/><U23/><E23/><V4/><F123/><W124/><G64/><T2/><D2/><U55/><E55/><V42/><F42/><W32/><G49/><T72/><D72/><U80/><E80/><V121/><F103/><W44/><G44/><T38/><D38/><U22/><E22/><V27/><F121/><W89/><G89/><T68/><REACH who="0" step="1"/><D77/><REACH who="0" ten="300,377,168,145" step="2"/><U116/><E116/><V83/><F83/><W47/><G124/><T130/><D130/><U3/><E3/><V76/><F76/><W46/><G51/><T58/><D58/><U96/><E62/><V91/><F91/><W35/><REACH who="3" step="1"/><G5/><REACH who="3" ten="300,377,168,135" step="2"/><T118/><D118/><U31/><E109/><V59/><F90/><W29/><G29/><T8/><D8/><U81/><E111/><V52/><F7/><W1/><G1/><T100/><D100/><U105/><E31/><V133/><F133/><W14/><G14/><N who="2" m="5737" /><F6/><W41/><G41/><T127/><D127/><U98/><E50/><N who="2" m="31127" /><F4/><W94/><G94/><AGARI ba="0,2" hai="19,20,27,94,95" m="31127,5737,47319" machi="94" ten="30,3900,0" yaku="8,1,52,1,54,1" doraHai="15" who="2" fromWho="3" sc="300,0,377,0,168,59,135,-39" owari="300,10.0,377,47.0,227,-17.0,96,-40.0" /></mjloggm>