<mjloggm ver="2.3"><GO type="41"/><UN n0="%E3%82%A6%E3%83%AB%E3%83%88%E3%83%A9%E7%AB%8B%E7%9B%B4" n1="%E5%A4%A2%E8%BF%BD%E4%BA%BA" n2="%E3%81%BE%E3%81%81%E3%81%A3%E3%81%9F%E3%82%8A%E3%81%A8" n3="%47%61%6E" dan="15,14,13,13" rate="1993,1981,1833,1830" sx="M,M,M,M"/><TAIKYOKU oya="0"/><INIT seed="0,0,0,1,2,41" ten="250,250,250,250" oya="0" hai0="82,29,33,127,64,34,40,92,123,96,105,46,22" hai1="24,15,116,6,11,43,78,118,107,103,129,10,5" hai2="131,109,104,80,42,85,86,49,106,90,19,47,56" hai3="134,83,87,65,9,32,122,16,27,72,62,102,88"/><T133/><D105/><U75/><E75/><V12/><F131/><W57/><G134/><T31/><D123/><U70/><E70/><V48/><F109/><W53/><G72/><T74/><D133/><U68/><E68/><V81/><F56/><W84/><G32/><T94/><D127/><U101/><E78/><V99/><F99/><W115/><G102/><T67/><D82/><U79/><E79/><V21/><F49/><W51/><G115/><T18/><D74/><U108/><E43/><V95/><REACH who="2" step="1"/><F95/><REACH who="2" ten="250,250,240,250" step="2"/><W125/><G122/><T126/><D96/><U0/><E107/><V98/><F98/><W100/><G125/><T2/><D126/><U25/><E108/><V23/><F23/><W44/><G100/><T37/><D92/><U111/><E111/><V132/><F132/><W38/><G38/><T73/><D94/><U52/><E129/><V121/><F121/><W54/><G9/><T28/><D34/><U35/><E35/><V130/><F130/><W120/><G120/><T66/><D33/><U7/><E118/><V59/><F59/><W20/><REACH who="3" step="1"/><G87/><REACH who="3" ten="250,250,240,240" step="2"/><T13/><D73/><U77/><E116/><V114/><F114/><W89/><G89/><AGARI ba="0,2" hai="12,19,21,42,47,48,80,81,85,86,89,90,104,106" machi="89" ten="30,7700,0" yaku="1,1,7,1,9,1,52,1,53,0" doraHai="41" doraHaiUra="60" who="2" fromWho="3" sc="250,0,250,0,240,97,240,-77" /><INIT seed="1,0,0,5,1,94" ten="250,250,337,163" oya="1" hai0="30,124,96,28,130,56,110,38,48,10,82,68,8" hai1="90,6,128,31,132,57,117,39,121,77,20,15,55" hai2="127,99,73,92,66,103,53,133,86,1,45,78,19" hai3="80,3,51,26,122,107,120,61,75,135,101,116,129"/><U126/><E39/><V40/><F1/><W131/><G51/><T93/><D68/><U47/><E121/><N who="3" m="46698" /><G61/><T76/><D38/><U29/><E126/><V104/><F127/><W70/><G26/><T108/><D124/><U44/><E132/><V32/><F32/><W118/><G70/><T115/><D115/><U13/><E128/><N who="3" m="49226" /><G3/><T17/><D130/><U98/><E77/><V2/><F133/><W0/><G0/><T24/><D48/><U25/><E117/><V60/><F2/><W97/><G135/><T64/><D56/><U111/><E111/><N who="0" m="42537" /><D64/><U113/><E113/><V35/><F35/><W42/><G42/><T21/><D28/><U72/><E72/><V22/><F53/><W4/><G4/><T105/><D30/><U18/><E31/><V27/><F73/><W102/><G102/><N who="0" m="60687" /><D105/><U46/><E6/><V74/><F74/><AGARI ba="0,0" hai="8,10,17,21,24,74,76,82" m="60687,42537" machi="74" ten="30,2000,0" yaku="14,1,52,1" doraHai="94" who="0" fromWho="2" sc="250,20,250,0,337,-20,163,0" /><INIT seed="2,0,0,0,4,116" ten="270,250,317,163" oya="2" hai0="39,19,101,84,24,10,67,15,12,17,123,26,117" hai1="16,97,25,134,49,28,75,70,85,82,8,91,121" hai2="102,23,60,76,52,127,36,132,47,98,56,0,40" hai3="118,20,109,48,2,80,34,45,74,65,57,124,88"/><V31/><F132/><W110/><G34/><T7/><D39/><U90/><E70/><V113/><F0/><W78/><G2/><T21/><D117/><U83/><E134/><V77/><F113/><W62/><G20/><T99/><D67/><U120/><E75/><V92/><F127/><W11/><G11/><T108/><D84/><U63/><E63/><V79/><F31/><W55/><G118/><T95/><D123/><U44/><E97/><V29/><F29/><W30/><G30/><T107/><D108/><N who="3" m="41577" /><G124/><T72/><D72/><U46/><E28/><V104/><REACH who="2" step="1"/><F23/><REACH who="2" ten="270,250,307,163" step="2"/><W69/><G69/><T122/><D21/><U96/><E25/><V68/><F68/><W42/><G65/><T33/><D26/><U130/><E130/><V114/><F114/><W27/><G27/><T89/><D24/><U112/><E112/><V93/><AGARI ba="0,1" hai="36,40,47,52,56,60,76,77,79,92,93,98,102,104" machi="93" ten="30,11700,0" yaku="1,1,0,1,54,1,53,1" doraHai="116" doraHaiUra="50" who="2" fromWho="2" sc="270,-39,250,-39,307,127,163,-39" /><INIT seed="2,1,0,4,5,135" ten="231,211,434,124" oya="2" hai0="79,39,96,43,98,53,40,117,19,89,78,42,9" hai1="107,91,109,49,44,24,134,104,84,64,31,25,61" hai2="93,129,26,45,12,120,121,75,13,77,33,28,5" hai3="58,59,32,57,41,90,14,68,16,1,65,94,38"/><V67/><F129/><W85/><G1/><T8/><D39/><U101/><E109/><V86/><F75/><W48/><G32/><T112/><D112/><U131/><E131/><V83/><F67/><W125/><G38/><T71/><D71/><U108/><E134/><V111/><F111/><W11/><G68/><T92/><D117/><U3/><E3/><V62/><F62/><W23/><G65/><T76/><D19/><U105/><E101/><V126/><F45/><W30/><G41/><T100/><D53/><U70/><E31/><V113/><F113/><W118/><G118/><T2/><REACH who="0" step="1"/><D2/><REACH who="0" ten="221,211,434,124" step="2"/><U18/><E18/><V60/><F120/><W73/><G30/><T82/><D82/><U74/><E108/><V55/><F5/><W21/><G48/><T22/><D22/><U35/><E35/><V88/><F121/><W46/><G23/><T36/><D36/><U54/><E54/><V47/><BYE who="1" /><F55/><W51/><G21/><T97/><D97/><U115/><E115/><V29/><F33/><W132/><G132/><T130/><D130/><U10/><E10/><V119/><F119/><W66/><G66/><T123/><D123/><U52/><E52/><V27/><F29/><W102/><G11/><T87/><D87/><U6/><E6/><V56/><F28/><UN n1="%E5%A4%A2%E8%BF%BD%E4%BA%BA" /><W103/><G73/><T122/><D122/><U69/><E69/><V99/><F47/><W34/><G34/><T80/><D80/><N who="1" m="49543" /><E74/><V81/><F83/><W133/><G46/><T124/><D124/><U17/><E17/><V0/><F126/><W4/><G125/><T15/><D15/><RYUUKYOKU ba="1,1" sc="221,15,211,15,434,-15,124,-15" hai0="8,9,40,42,43,76,78,79,89,92,96,98,100" hai1="24,25,44,49,61,64,70,104,105,107" /><INIT seed="3,2,1,3,0,127" ten="236,226,419,109" oya="3" hai0="21,65,38,129,62,55,75,32,95,85,49,28,94" hai1="7,59,4,73,30,114,90,8,12,37,57,76,86" hai2="77,70,10,34,118,54,56,58,68,124,78,79,110" hai3="102,88,132,6,111,116,36,108,80,41,66,99,64"/><W93/><G116/><T104/><D32/><U0/><E37/><V24/><F118/><W35/><G35/><T16/><D104/><U11/><E114/><V43/><F124/><W48/><G6/><T126/><D75/><U47/><E30/><V112/><F112/><W22/><G36/><T26/><D38/><U2/><E47/><V1/><F43/><W19/><G48/><T33/><D126/><U17/><E76/><V133/><F110/><N who="3" m="42027" /><G41/><T119/><D119/><U81/><E73/><V120/><F133/><W117/><G132/><T39/><D39/><U3/><E17/><V87/><F58/><W25/><G117/><T101/><D33/><U105/><E105/><V15/><F1/><W130/><G130/><T92/><D129/><U9/><E12/><V71/><F120/><W123/><G123/><T13/><D101/><U42/><E42/><V98/><F98/><N who="3" m="57639" /><G80/><T46/><D46/><U109/><E109/><V131/><F24/><W128/><G128/><T121/><D121/><U27/><E27/><V107/><F34/><W5/><G5/><AGARI ba="2,1" hai="0,2,3,4,5,7,8,9,11,57,59,81,86,90" machi="5" ten="40,1300,0" yaku="9,1" doraHai="127" who="1" fromWho="3" sc="236,0,226,29,419,0,109,-19" /><INIT seed="4,0,0,3,1,95" ten="236,255,419,90" oya="0" hai0="112,77,19,117,51,119,89,82,63,128,31,5,13" hai1="24,103,8,125,134,26,131,56,99,62,118,35,15" hai2="7,94,32,92,12,80,65,84,96,72,10,54,83" hai3="64,101,66,135,105,113,104,16,74,25,45,132,58"/><T43/><D128/><U38/><E131/><V76/><F32/><W44/><G74/><T11/><D112/><U75/><E134/><N who="3" m="51242" /><G113/><T18/><D117/><U40/><E125/><V46/><F65/><N who="3" m="25195" /><G58/><T126/><D126/><U0/><E0/><V37/><F37/><W115/><G115/><T116/><D119/><U69/><E69/><V130/><F130/><W47/><G101/><T79/><D116/><U22/><E75/><V57/><F46/><W109/><G109/><T60/><D31/><U100/><E35/><V49/><F72/><W133/><N who="3" m="51250" /><W91/><DORA hai="88" /><G91/><T20/><D63/><U102/><E40/><V9/><F83/><W97/><G97/><T41/><D60/><U6/><E38/><V123/><F123/><W90/><G90/><T4/><D43/><U114/><E114/><V2/><F96/><W27/><G16/><AGARI ba="0,0" hai="2,7,9,10,12,16,49,54,57,76,80,84,92,94" machi="16" ten="30,7700,0" yaku="7,1,52,2,54,1" doraHai="95,88" who="2" fromWho="3" sc="236,0,255,0,419,77,90,-77" /><INIT seed="5,0,0,0,2,75" ten="236,255,496,13" oya="1" hai0="135,103,68,20,8,9,5,7,3,81,45,116,40" hai1="93,123,11,16,31,96,100,85,119,18,102,132,128" hai2="22,111,92,65,117,69,28,17,19,43,84,51,21" hai3="87,73,55,34,44,47,94,25,52,63,42,30,67"/><U80/><E123/><V48/><F117/><W125/><G125/><T24/><D68/><U90/><E119/><V112/><F111/><W105/><G105/><T113/><D116/><U23/><E132/><V134/><F134/><W0/><G0/><T26/><D135/><U82/><E128/><V74/><F74/><W41/><G73/><T91/><D113/><U58/><E31/><V13/><F28/><W124/><G94/><T36/><D103/><U66/><E80/><V129/><F129/><W33/><G87/><T39/><D81/><U27/><E66/><V120/><F120/><W57/><G124/><T106/><D106/><U76/><E58/><V115/><F43/><W88/><G88/><T97/><D97/><U2/><E2/><V61/><F84/><W77/><G77/><T108/><D91/><U49/><E49/><V121/><F92/><W133/><G34/><T38/><D108/><U56/><E56/><V109/><F109/><W54/><REACH who="3" step="1"/><G133/><REACH who="3" ten="236,255,496,3" step="2"/><T14/><D26/><U83/><E83/><V6/><F121/><W50/><G50/><T53/><D53/><U29/><E11/><V130/><F130/><W12/><G12/><T89/><D89/><U126/><E126/><V110/><F110/><W32/><G32/><T127/><D127/><U60/><E60/><V46/><F51/><W15/><G15/><T72/><D72/><U78/><E102/><V118/><F118/><W4/><G4/><T101/><D101/><U79/><AGARI ba="0,1" hai="16,18,23,27,29,76,78,79,82,85,90,93,96,100" machi="79" ten="30,18000,2" yaku="0,1,8,1,52,3,54,1" doraHai="75" who="1" fromWho="1" sc="236,-60,255,190,496,-60,3,-60" owari="176,-22.0,445,54.0,436,24.0,-57,-56.0" /></mjloggm>