<mjloggm ver="2.3"><GO type="169"/><UN n0="%E5%B7%A3%E4%BD%9C%E3%82%8A%E3%83%89%E3%83%A9%E3%82%B4%E3%83%B3" n1="%E3%83%8D%E3%82%B4%E3%81%95%E3%81%BE" n2="%E3%82%84%E3%82%93%E3%82%8F%E3%82%8A" n3="%EF%BC%88%E2%89%A7%E2%96%BD%E2%89%A6%EF%BC%89" dan="16,16,16,16" rate="2043,2147,2034,2127" sx="M,M,M,M"/><TAIKYOKU oya="0"/><INIT seed="0,0,0,0,1,96" ten="250,250,250,250" oya="0" hai0="121,0,43,16,13,91,19,2,133,67,7,124,80" hai1="76,131,50,56,119,20,79,113,52,18,63,30,75" hai2="45,31,68,57,106,60,72,126,112,66,38,8,37" hai3="135,95,65,118,49,108,83,103,47,104,35,78,86"/><T122/><D67/><U74/><E119/><V15/><F72/><W92/><G35/><T89/><D43/><U17/><E131/><V127/><F112/><W134/><G118/><T123/><D133/><N who="3" m="50697" /><G65/><T14/><D124/><U54/><E113/><V107/><F31/><W58/><G58/><T25/><D80/><U61/><E74/><V94/><F94/><N who="3" m="35883" /><G49/><T4/><D123/><U77/><E75/><V64/><F106/><W102/><G47/><T128/><REACH who="0" step="1"/><D25/><REACH who="0" ten="240,250,250,250" step="2"/><N who="1" m="16679" /><E63/><V111/><F60/><W53/><G53/><T82/><D82/><U22/><E22/><V48/><F64/><W90/><G108/><T21/><D21/><U73/><E73/><V26/><F66/><W29/><G29/><T98/><D98/><U34/><E34/><V33/><F111/><W69/><G69/><T100/><D100/><N who="3" m="38441" /><G104/><T109/><D109/><U39/><E39/><V97/><F37/><W81/><G81/><T87/><D87/><U3/><E3/><V11/><F38/><W115/><G115/><T51/><D51/><U32/><E32/><V129/><F48/><W88/><AGARI ba="0,1" hai="78,83,86,88,90" m="38441,35883,50697" machi="88" ten="40,12000,2" yaku="20,1,34,2,52,3,54,1" doraHai="96" who="3" fromWho="3" sc="240,-60,250,-30,250,-30,250,130" /><INIT seed="1,0,0,1,1,96" ten="180,220,220,380" oya="1" hai0="56,85,12,17,121,43,102,95,48,50,129,122,62" hai1="73,124,14,116,37,97,74,11,99,0,72,81,110" hai2="16,118,31,6,61,127,75,130,126,132,131,113,54" hai3="33,105,26,80,134,106,66,42,45,128,32,35,19"/><U15/><E116/><V53/><F75/><W79/><G134/><T67/><D129/><N who="2" m="49162" /><F31/><N who="3" m="19575" /><G19/><T22/><D43/><U57/><E37/><V7/><F118/><W52/><G52/><N who="2" m="20073" /><F132/><W100/><G66/><T10/><D10/><U119/><E119/><V21/><F61/><W88/><G88/><N who="0" m="53647" /><D102/><U44/><E44/><V28/><F28/><W109/><G128/><T125/><D125/><N who="2" m="47626" /><F113/><W63/><G63/><T65/><D65/><U77/><E124/><V34/><F34/><W115/><G115/><T8/><D67/><U103/><E72/><V23/><F23/><W123/><G35/><T90/><D22/><U91/><E73/><V5/><F5/><W59/><G33/><T69/><D69/><U71/><E71/><V64/><F64/><W46/><G46/><T1/><D62/><U84/><E0/><V13/><AGARI ba="0,0" hai="6,7,13,16,21" m="47626,20073,49162" machi="13" ten="40,8000,1" yaku="19,1,18,1,54,2" doraHai="96" who="2" fromWho="2" sc="180,-20,220,-40,220,80,380,-20" /><INIT seed="2,0,0,2,0,5" ten="160,180,300,360" oya="2" hai0="44,26,91,130,12,68,63,60,101,20,21,41,47" hai1="13,111,132,118,43,81,109,29,106,58,105,23,72" hai2="100,131,94,40,30,50,37,54,31,10,51,107,125" hai3="34,122,119,24,57,27,102,9,36,103,19,16,133"/><V124/><F107/><N who="1" m="40969" /><E43/><V3/><F131/><W35/><G36/><T64/><D130/><U62/><E118/><V126/><F37/><W48/><G119/><T67/><D101/><N who="3" m="38409" /><G122/><T85/><D12/><U25/><E13/><V66/><F66/><W123/><G123/><T121/><D121/><U127/><E72/><V61/><F40/><W112/><G112/><T79/><D79/><U46/><E46/><N who="2" m="27991" /><F61/><W59/><G133/><T7/><D7/><U22/><E81/><V128/><F51/><W92/><G35/><T45/><D41/><U108/><E132/><V90/><F100/><W84/><G34/><T75/><D75/><U115/><E115/><V104/><F104/><W17/><G48/><T87/><D26/><N who="3" m="9769" /><G9/><T71/><REACH who="0" step="1"/><D87/><REACH who="0" ten="150,180,300,360" step="2"/><U2/><E2/><V18/><F128/><W11/><G11/><T95/><AGARI ba="0,1" hai="20,21,44,45,47,60,63,64,67,68,71,85,91,95" machi="95" ten="30,7900,0" yaku="1,1,2,1,0,1,9,1,53,0" doraHai="5" doraHaiUra="120" who="0" fromWho="0" sc="150,89,180,-20,300,-39,360,-20" /><INIT seed="3,0,0,3,3,85" ten="239,160,261,340" oya="3" hai0="61,72,127,86,5,77,16,111,54,128,71,66,29" hai1="2,120,33,38,103,20,102,75,132,73,108,59,51" hai2="93,68,6,94,58,39,70,35,112,89,9,83,115" hai3="126,131,42,100,121,45,105,130,107,27,80,15,106"/><W10/><G121/><T36/><D36/><U53/><E120/><V4/><F39/><W135/><G135/><T55/><D111/><U84/><E108/><V24/><F83/><W88/><G27/><T37/><D37/><U40/><E132/><V92/><F4/><W17/><G126/><T78/><D72/><U47/><E33/><V23/><F35/><W63/><G63/><T69/><D5/><U48/><E2/><V114/><F58/><W133/><G100/><T79/><D29/><U81/><E38/><V60/><F60/><W14/><G14/><T1/><D1/><U13/><E73/><V21/><F24/><W118/><G118/><T8/><D127/><U25/><E75/><V124/><F124/><W43/><G133/><T56/><D128/><N who="3" m="49193" /><G45/><T49/><D55/><U28/><REACH who="1" step="1"/><E13/><REACH who="1" ten="239,150,261,340" step="2"/><V7/><F115/><W97/><G80/><T116/><D116/><U95/><E95/><AGARI ba="0,1" hai="10,15,17,42,43,88,95,97,105,106,107" m="49193" machi="95" ten="40,7700,0" yaku="19,1,52,1,54,1" doraHai="85" who="3" fromWho="1" sc="239,0,150,-77,261,0,340,87" /><INIT seed="3,1,0,5,4,73" ten="239,73,261,427" oya="3" hai0="91,40,60,31,80,93,15,63,65,55,85,6,4" hai1="102,84,41,106,33,121,23,49,128,76,115,61,86" hai2="132,7,68,29,45,14,125,92,123,32,105,79,78" hai3="71,131,89,77,98,13,26,38,27,97,119,18,30"/><W34/><G38/><T117/><D117/><U130/><E121/><V126/><F105/><W87/><G71/><T135/><D135/><U56/><E33/><V127/><F68/><W75/><G119/><T52/><D31/><U22/><E115/><V53/><F132/><W36/><G36/><T62/><D65/><U110/><E110/><V83/><F83/><W46/><G46/><T94/><D40/><U124/><E124/><V0/><F0/><W108/><G26/><T96/><D94/><U72/><E72/><V10/><F92/><W11/><G131/><N who="1" m="50218" /><E106/><V44/><F123/><W67/><G67/><T25/><D25/><U74/><E102/><V82/><F82/><W20/><G108/><T37/><D37/><U101/><E101/><V120/><F120/><W16/><G77/><N who="2" m="29193" /><F53/><N who="0" m="20554" /><D15/><U111/><E111/><V109/><F109/><W35/><G75/><T12/><D12/><U66/><E41/><V129/><F129/><W28/><G35/><T113/><D113/><U104/><E104/><V90/><F90/><AGARI ba="1,0" hai="4,6,60,62,63,80,85,90,91,93,96" m="20554" machi="90" ten="30,2000,0" yaku="8,1,54,1" doraHai="73" who="0" fromWho="2" sc="239,23,73,0,261,-23,427,0" /><INIT seed="4,0,0,3,2,72" ten="262,73,238,427" oya="0" hai0="126,51,127,12,135,22,6,49,86,87,55,94,21" hai1="107,101,68,62,70,17,92,45,80,5,110,77,129" hai2="102,112,134,121,83,108,54,133,28,38,34,18,63" hai3="100,128,29,113,97,81,35,59,57,26,84,66,104"/><T120/><D120/><U109/><E5/><V14/><F38/><W123/><G123/><T117/><D117/><U32/><E32/><V78/><F108/><W132/><G132/><T8/><D135/><U95/><E129/><V115/><F121/><W30/><G113/><N who="2" m="43593" /><F102/><W56/><G30/><T67/><D67/><U41/><E107/><V42/><F42/><W9/><G128/><T64/><D64/><U79/><E17/><V4/><F4/><W16/><G66/><T37/><D37/><U24/><E24/><N who="2" m="18695" /><F63/><W47/><G47/><N who="0" m="28095" /><D51/><U39/><E62/><V118/><F54/><W98/><G98/><T44/><D44/><U111/><E101/><V46/><F46/><W23/><G9/><T27/><D94/><U124/><E124/><N who="0" m="47657" /><D22/><U61/><E61/><V31/><F118/><W65/><G65/><T99/><D99/><U116/><E116/><V73/><F31/><AGARI ba="0,0" hai="6,8,12,21,27,31,86,87" m="47657,28095" machi="31" ten="30,1500,0" yaku="18,1" doraHai="72" who="0" fromWho="2" sc="262,15,73,0,238,-15,427,0" /><INIT seed="4,1,0,0,3,53" ten="277,73,223,427" oya="0" hai0="72,114,23,5,99,101,95,60,66,102,33,64,63" hai1="104,40,58,14,113,117,4,77,8,70,105,46,18" hai2="108,19,1,15,25,34,84,82,55,29,26,100,128" hai3="107,31,85,47,10,103,20,115,129,86,21,87,119"/><T88/><D33/><U11/><E70/><V37/><F37/><W67/><G119/><T109/><D72/><U93/><E117/><V22/><F100/><N who="0" m="38506" /><D114/><U127/><E113/><V24/><F108/><W126/><G115/><T16/><D5/><U71/><E71/><V134/><F55/><W130/><G126/><T89/><D89/><U57/><E127/><V36/><F36/><W52/><G67/><N who="0" m="25643" /><D109/><U41/><E104/><V131/><F84/><W39/><G10/><T42/><D42/><U28/><E105/><V62/><F62/><W56/><G39/><T43/><D43/><U78/><E28/><V96/><F96/><N who="3" m="61927" /><G31/><T94/><D94/><U122/><E122/><V76/><F82/><W0/><G0/><T51/><D51/><U112/><E112/><V124/><F124/><W125/><G125/><T116/><D116/><U121/><E121/><V75/><F1/><W48/><G47/><T118/><D118/><U73/><E73/><V90/><F75/><W17/><G17/><T98/><D99/><U120/><E120/><V32/><F32/><W81/><G81/><T106/><D106/><U54/><E93/><V80/><F80/><W132/><G132/><T79/><D79/><N who="1" m="30219" /><E40/><V97/><F76/><W135/><G135/><T49/><D49/><N who="1" m="28983" /><E41/><V7/><F134/><W83/><G83/><T3/><D3/><U59/><E8/><V50/><F50/><W9/><G9/><T27/><AGARI ba="1,0" hai="16,23,27,60,63,88,95,98" m="25643,38506" machi="27" ten="30,6000,0" yaku="8,1,54,2" doraHai="53" who="0" fromWho="0" sc="277,63,73,-21,223,-21,427,-21" /><INIT seed="4,2,0,5,1,92" ten="340,52,202,406" oya="0" hai0="16,22,3,59,130,111,103,69,81,13,105,115,37" hai1="71,21,118,129,30,50,2,9,42,55,104,6,35" hai2="45,74,101,84,91,66,86,28,46,12,116,51,61" hai3="8,134,119,64,83,120,97,39,52,53,93,38,62"/><T88/><D115/><U26/><E118/><V73/><F116/><W40/><G119/><T4/><D69/><U123/><E71/><V109/><F109/><W99/><G134/><T70/><D70/><U100/><E123/><V63/><F101/><W23/><G120/><T17/><D37/><U114/><E129/><V36/><F36/><W112/><G112/><T47/><D130/><U122/><E114/><V106/><F106/><W128/><G128/><T78/><D59/><U76/><E76/><V10/><F28/><W124/><G124/><T44/><D3/><U29/><E122/><V31/><F31/><W20/><G40/><T72/><D4/><U113/><E113/><V5/><F74/><W87/><G8/><T94/><D17/><U58/><E42/><V0/><F0/><W11/><G11/><T107/><D107/><U121/><E121/><V54/><F73/><W131/><G131/><T90/><D90/><U49/><E104/><V77/><F45/><W14/><G39/><T56/><D56/><U41/><E100/><V82/><REACH who="2" step="1"/><F66/><REACH who="2" ten="340,52,192,406" step="2"/><W34/><G38/><T67/><D67/><U102/><E102/><V57/><F57/><W127/><G64/><T32/><D111/><U25/><REACH who="1" step="1"/><E41/><REACH who="1" ten="340,42,192,406" step="2"/><V18/><F18/><W133/><G127/><T126/><D126/><U125/><E125/><V89/><F89/><W135/><G133/><T27/><D103/><U96/><E96/><V15/><F15/><W80/><G135/><T24/><D105/><U108/><E108/><V79/><F79/><N who="3" m="46495" /><G99/><N who="0" m="57799" /><D13/><U85/><E85/><V117/><F117/><W68/><G14/><RYUUKYOKU ba="2,2" sc="340,10,42,10,192,10,406,-30" hai0="16,22,24,27,32,44,47,72,78,81" hai1="2,6,9,21,25,26,29,30,35,49,50,55,58" hai2="5,10,12,46,51,54,61,63,77,82,84,86,91" /><INIT seed="4,3,2,5,0,120" ten="350,52,202,376" oya="0" hai0="4,93,112,46,3,87,57,81,34,135,109,104,63" hai1="54,24,73,125,44,74,6,37,117,55,30,105,59" hai2="75,48,134,7,71,18,133,99,77,41,79,20,19" hai3="25,8,39,126,2,78,70,69,131,80,33,50,86"/><T97/><D34/><U67/><E117/><V100/><F71/><W51/><G39/><T9/><D104/><U68/><E105/><V47/><F7/><W128/><G126/><T88/><D112/><U56/><E125/><V28/><F28/><N who="3" m="19599" /><G2/><T27/><D135/><N who="2" m="51722" /><F75/><W22/><G22/><T31/><D109/><U108/><E6/><V132/><N who="2" m="51730" /><V10/><DORA hai="62" /><F10/><W115/><G8/><T76/><D46/><U95/><E108/><V29/><F29/><W45/><G50/><T119/><D119/><U26/><E95/><N who="2" m="58495" /><F19/><W32/><G32/><T35/><D63/><U123/><E123/><V116/><F116/><W14/><G115/><T127/><REACH who="0" step="1"/><D57/><REACH who="0" ten="340,52,202,376" step="2"/><U90/><E59/><V64/><F47/><W91/><G69/><T84/><D84/><U129/><E68/><V17/><F41/><W83/><G70/><T43/><D43/><U11/><E56/><V23/><F23/><W12/><G45/><T121/><D121/><U52/><E44/><V82/><F20/><W130/><G51/><T40/><D40/><U58/><E58/><V110/><F48/><W36/><G36/><T60/><D60/><U94/><E37/><V85/><F110/><W103/><G131/><T101/><D101/><U13/><E129/><N who="3" m="49770" /><G103/><T53/><D53/><U122/><E52/><V49/><F49/><W113/><G113/><T66/><D66/><U89/><E67/><V107/><F64/><W92/><G86/><T5/><D5/><U102/><E102/><V38/><F38/><W124/><G124/><AGARI ba="3,3" hai="3,4,9,27,31,35,76,81,87,88,93,97,124,127" machi="124" ten="40,3900,0" yaku="1,1,54,1,53,0" doraHai="120,62" doraHaiUra="106,111" who="0" fromWho="3" sc="340,78,52,0,202,0,376,-48" /><INIT seed="4,4,0,3,2,58" ten="418,52,202,328" oya="0" hai0="122,125,88,14,20,33,71,26,115,100,8,46,21" hai1="112,119,43,105,51,89,16,24,7,37,82,99,11" hai2="52,135,35,84,133,81,34,59,3,103,107,91,5" hai3="9,79,61,28,83,49,69,80,1,76,39,17,65"/><T29/><D100/><U102/><E119/><V53/><F103/><W0/><G39/><T111/><D122/><U48/><E37/><V118/><F107/><W73/><G28/><T97/><D115/><U44/><E112/><V109/><F109/><W66/><G66/><T131/><D111/><U63/><E51/><V85/><F5/><W38/><G49/><T101/><D125/><U108/><E108/><V56/><F91/><W12/><REACH who="3" step="1"/><G38/><REACH who="3" ten="418,52,202,318" step="2"/><T134/><D134/><U95/><E48/><V19/><F118/><W30/><G30/><T57/><D29/><U22/><E63/><V18/><F81/><W98/><G98/><T78/><D97/><U4/><E82/><V106/><F106/><W60/><G60/><T10/><D33/><U15/><E44/><V27/><F27/><W72/><AGARI ba="4,1" hai="0,1,9,12,17,61,65,69,72,73,76,79,80,83" machi="72" ten="20,8000,1" yaku="1,1,0,1,7,1,9,1,52,1,53,0" doraHai="58" doraHaiUra="116" who="3" fromWho="3" sc="418,-44,52,-24,202,-24,318,102" /><INIT seed="5,0,0,5,0,34" ten="374,28,178,420" oya="1" hai0="132,21,95,106,105,110,60,70,104,38,87,44,120" hai1="81,133,29,112,28,36,96,1,37,14,90,131,86" hai2="51,129,53,98,115,11,74,135,12,83,94,30,8" hai3="56,42,48,47,130,17,127,13,88,67,31,7,82"/><U107/><E112/><V114/><F135/><W119/><G130/><T80/><D110/><U117/><E117/><V26/><F129/><W66/><G119/><T43/><D132/><U92/><E133/><V57/><F83/><W75/><G127/><T125/><D125/><U32/><E131/><V25/><F74/><W15/><G31/><T54/><D120/><U41/><E107/><V59/><F59/><W111/><G111/><T20/><D95/><U99/><E99/><V100/><F11/><N who="3" m="4351" /><G75/><T78/><REACH who="0" step="1"/><D54/><REACH who="0" ten="364,28,178,420" step="2"/><U118/><E118/><V85/><F115/><W93/><G82/><T33/><D33/><U2/><E14/><V102/><F114/><W128/><G128/><T113/><D113/><U65/><E65/><AGARI ba="0,1" hai="20,21,38,43,44,60,65,70,78,80,87,104,105,106" machi="65" ten="40,1300,0" yaku="1,1,53,0" doraHai="34" doraHaiUra="49" who="0" fromWho="1" sc="364,23,28,-13,178,0,420,0" /><INIT seed="6,0,0,3,1,103" ten="387,15,178,420" oya="2" hai0="18,64,40,38,71,77,57,62,128,101,94,14,74" hai1="31,69,56,106,4,134,67,121,29,5,82,49,10" hai2="25,132,58,126,102,123,20,42,89,47,1,35,41" hai3="91,99,75,98,116,112,105,118,115,129,125,88,27"/><V61/><F123/><W34/><G129/><T76/><D74/><U52/><E121/><V43/><F1/><W70/><G75/><T22/><D128/><U45/><E134/><V100/><F35/><W81/><G70/><T63/><D40/><U51/><E5/><V120/><F120/><W113/><G125/><T11/><D38/><U37/><E106/><V110/><F132/><W39/><G39/><T107/><D94/><U124/><E124/><V80/><F126/><W12/><G12/><T122/><D122/><U48/><E48/><V9/><F9/><W13/><G13/><T131/><D131/><U30/><E82/><V117/><F117/><N who="3" m="45163" /><G81/><T50/><D50/><U111/><E111/><V73/><F47/><W15/><G15/><T114/><D114/><U53/><E37/><V8/><F8/><W93/><G105/><T109/><D109/><U21/><E21/><V119/><F119/><W85/><G91/><T127/><D127/><U17/><E17/><N who="2" m="12431" /><F73/><W32/><G32/><T84/><D84/><U86/><E86/><N who="2" m="50375" /><F110/><W79/><G79/><T83/><D11/><U6/><REACH who="1" step="1"/><E10/><REACH who="1" ten="387,5,178,420" step="2"/><V46/><F46/><W78/><G78/><T60/><D83/><U59/><E59/><V97/><F58/><W36/><G36/><T108/><D108/><U24/><BYE who="0" /><E24/><V135/><F135/><W133/><G133/><T55/><D55/><U95/><E95/><V26/><F26/><W23/><G34/><T130/><D130/><U72/><E72/><V54/><F97/><UN n0="%E5%B7%A3%E4%BD%9C%E3%82%8A%E3%83%89%E3%83%A9%E3%82%B4%E3%83%B3" /><W2/><G2/><T3/><D57/><U104/><E104/><V92/><F92/><RYUUKYOKU ba="0,1" sc="387,-30,5,10,178,10,420,10" hai1="4,6,29,30,31,45,49,51,52,53,56,67,69" hai2="41,42,43,54,61,100,102" hai3="23,27,85,88,93,98,99,112,113,115" /><INIT seed="6,1,1,0,3,78" ten="357,15,188,430" oya="2" hai0="84,8,88,64,115,18,70,67,122,104,101,81,127" hai1="10,48,110,102,87,43,30,73,58,86,100,24,53" hai2="40,56,82,99,85,20,121,45,19,119,59,47,71" hai3="36,0,124,51,35,22,118,3,117,17,4,34,31"/><V29/><F71/><W114/><G36/><T80/><D122/><U95/><E110/><V38/><F119/><N who="3" m="45579" /><G51/><T39/><D39/><U68/><E68/><V129/><F121/><W50/><G50/><T65/><D70/><U91/><E73/><V116/><F129/><W128/><G128/><T83/><D115/><U125/><E125/><V61/><F116/><W74/><G74/><T49/><D127/><U9/><E43/><V13/><F29/><W7/><G124/><T12/><REACH who="0" step="1"/><D49/><REACH who="0" ten="347,15,188,430" step="2"/><U113/><E113/><V41/><F61/><W16/><G114/><T72/><D72/><U93/><E93/><V21/><F99/><AGARI ba="1,2" hai="8,12,18,64,65,67,80,81,83,84,88,99,101,104" machi="99" ten="40,8000,1" yaku="1,1,52,3,54,1,53,0" doraHai="78" doraHaiUra="120" who="0" fromWho="2" sc="347,103,15,0,188,-83,430,0" /><INIT seed="7,0,0,4,1,115" ten="450,15,105,430" oya="3" hai0="111,57,58,24,92,100,101,29,103,114,73,55,52" hai1="124,68,6,135,0,107,49,125,122,34,12,128,25" hai2="20,40,16,130,37,89,75,109,17,110,74,39,54" hai3="131,91,126,41,88,33,4,102,94,30,63,46,59"/><W81/><G131/><T96/><D73/><U71/><E107/><V93/><F130/><W19/><G126/><T113/><D111/><U134/><E128/><V85/><F74/><W69/><G69/><T123/><D123/><U62/><E122/><V79/><F17/><W61/><G4/><T65/><D65/><U26/><E49/><V95/><F95/><W121/><G121/><T86/><D86/><U21/><E62/><V70/><F70/><W44/><G33/><N who="0" m="20647" /><D52/><U9/><E68/><V18/><F18/><W108/><G108/><T80/><D80/><U32/><E71/><V7/><F7/><W14/><G30/><T5/><D5/><U36/><E36/><V82/><F39/><W90/><G81/><T120/><D120/><U67/><E67/><V84/><F75/><W27/><G27/><N who="1" m="10250" /><E12/><V1/><F1/><W51/><G44/><T117/><D55/><U8/><E8/><V112/><F54/><N who="3" m="34039" /><G63/><T53/><D53/><U64/><E64/><V72/><F72/><W22/><G102/><T104/><D104/><U2/><E21/><V119/><F40/><W66/><G66/><T3/><D114/><U31/><E31/><V48/><F112/><W10/><G10/><T38/><D113/><U42/><E42/><V118/><F48/><W78/><G78/><T56/><D38/><U15/><E15/><N who="2" m="9247" /><F37/><W23/><G23/><T99/><D3/><N who="1" m="1067" /><E9/><V87/><F109/><W45/><G45/><T43/><D43/><U106/><E106/><V47/><F110/><W76/><G76/><T35/><D103/><U77/><E77/><V132/><F79/><RYUUKYOKU ba="0,0" sc="450,-10,15,-10,105,-10,430,30" hai3="14,19,22,41,46,51,88,90,91,94" /><INIT seed="7,1,0,5,3,66" ten="440,5,95,460" oya="3" hai0="86,99,50,134,102,55,49,44,38,43,113,92,70" hai1="127,26,75,85,28,64,33,79,95,94,9,15,8" hai2="41,23,69,116,83,73,122,88,110,91,132,106,18" hai3="22,71,78,84,81,62,90,117,6,16,129,101,17"/><W51/><G117/><T115/><D134/><U119/><E75/><V89/><F116/><W32/><G32/><T97/><D70/><U3/><E119/><V93/><F106/><W56/><G129/><T42/><D42/><U10/><E127/><V123/><F41/><W7/><G71/><T82/><D99/><U65/><E3/><V59/><F110/><W48/><G101/><T25/><D25/><U1/><E1/><V34/><F34/><W40/><G90/><N who="0" m="51543" /><D55/><U47/><E47/><V77/><F69/><W46/><G48/><T126/><D126/><U128/><E128/><V130/><F59/><W19/><G22/><T135/><D135/><U121/><E121/><N who="2" m="46091" /><F130/><W12/><G12/><T4/><D4/><U31/><E15/><N who="2" m="9695" /><F132/><W0/><G0/><T104/><D104/><U120/><E120/><V14/><F14/><W36/><G36/><T27/><D27/><U111/><E111/><V98/><AGARI ba="1,0" hai="73,77,83,88,89,91,93,98" m="9695,46091" machi="98" ten="30,2000,0" yaku="13,1,54,1" doraHai="66" who="2" fromWho="2" sc="440,-6,5,-6,95,23,460,-11" owari="434,23.0,-1,-50.0,118,-28.0,449,55.0" /></mjloggm>