<mjloggm ver="2.3"><GO type="169"/><UN n0="%E3%81%99%E3%81%9F%E3%83%BC%E3%82%89%E3%81%84%E3%81%A8%E3%81%B3%E3%83%BC" n1="%E2%84%83%2D%75%74%65" n2="%EF%BC%88%E2%89%A7%E2%96%BD%E2%89%A6%EF%BC%89" n3="%78%72%63%35%32%34%32%38" dan="16,17,18,16" rate="2049,2143,2183,2118" sx="F,M,M,M"/><TAIKYOKU oya="0"/><INIT seed="0,0,0,3,1,46" ten="250,250,250,250" oya="0" hai0="49,133,39,15,101,1,89,29,97,120,4,32,84" hai1="48,67,73,103,116,122,2,26,88,40,37,105,123" hai2="82,35,76,92,43,78,22,86,5,71,61,17,135" hai3="58,112,109,18,95,27,130,108,70,28,75,59,66"/><T98/><D39/><U94/><E116/><V52/><F35/><W102/><G112/><T128/><D120/><U21/><E73/><V79/><F135/><W74/><G130/><T13/><D128/><U100/><E37/><V30/><F30/><W64/><G18/><T7/><D133/><U115/><E2/><V125/><F125/><W8/><G8/><T121/><D121/><U3/><E3/><V62/><F5/><W38/><G38/><T106/><D97/><U65/><E115/><V47/><F92/><W60/><G75/><T11/><D29/><N who="1" m="17615" /><E105/><V51/><F71/><W72/><G72/><T69/><D32/><U33/><E33/><V31/><F31/><W90/><G102/><N who="1" m="38954" /><E123/><V25/><REACH who="2" step="1"/><F43/><REACH who="2" ten="250,250,240,250" step="2"/><W129/><G129/><T57/><D69/><U99/><E122/><V54/><F54/><W118/><G70/><T23/><D4/><U104/><E104/><V63/><AGARI ba="0,1" hai="17,22,25,47,51,52,61,62,63,76,78,79,82,86" machi="63" ten="30,8000,1" yaku="1,1,0,1,8,1,52,1,54,1,53,0" doraHai="46" doraHaiUra="36" who="2" fromWho="2" sc="250,-40,250,-20,240,90,250,-20" /><INIT seed="1,0,0,3,4,98" ten="210,230,330,230" oya="1" hai0="108,24,47,16,9,2,77,7,54,58,53,61,119" hai1="60,48,71,128,25,50,94,116,19,27,124,76,84" hai2="135,96,51,107,92,122,104,32,26,103,75,33,46" hai3="127,114,72,97,117,6,66,36,109,0,90,70,132"/><U82/><E116/><V91/><F122/><W29/><RYUUKYOKU type="yao9" ba="0,0" sc="210,0,230,0,330,0,230,0" hai3="0,6,29,36,66,70,72,90,97,109,114,117,127,132" /><INIT seed="1,1,0,0,2,32" ten="210,230,330,230" oya="1" hai0="128,124,39,88,43,132,33,116,123,100,45,44,37" hai1="104,98,119,131,56,134,25,91,94,22,105,102,86" hai2="101,112,96,59,60,125,76,108,35,74,64,87,31" hai3="70,19,5,17,41,75,27,66,55,83,127,48,7"/><U15/><E134/><V21/><F74/><W10/><G127/><T13/><D123/><U89/><E131/><V111/><F125/><W97/><G7/><T106/><D124/><U93/><E119/><V23/><F112/><W81/><G97/><T6/><D116/><U29/><E15/><V4/><F4/><W51/><G75/><T71/><D71/><U40/><E40/><V12/><F12/><W52/><G66/><T77/><D33/><U99/><REACH who="1" step="1"/><E56/><REACH who="1" ten="210,220,330,230" step="2"/><V53/><F59/><W18/><G41/><T68/><D13/><U78/><E78/><V114/><F76/><W120/><G120/><T90/><D77/><U8/><E8/><V28/><F114/><W80/><G70/><T3/><D68/><U130/><E130/><V107/><F111/><W11/><G11/><T9/><D128/><U30/><E30/><V54/><F31/><W79/><G79/><T14/><D14/><U34/><E34/><V118/><F108/><W85/><G10/><T67/><D132/><U57/><E57/><N who="2" m="36879" /><F118/><W133/><G5/><T50/><D9/><U126/><E126/><V62/><F35/><W122/><G133/><T20/><D6/><U103/><E103/><V82/><F28/><W38/><G122/><T110/><D100/><U24/><E24/><V46/><F23/><W135/><G27/><T109/><D20/><U42/><E42/><V63/><F21/><W1/><G135/><T36/><D43/><U61/><E61/><N who="2" m="23051" /><F46/><W73/><G73/><T16/><D44/><U26/><E26/><V115/><F115/><W49/><G38/><T0/><D37/><RYUUKYOKU ba="1,1" sc="210,-15,220,15,330,15,230,-15" hai1="22,25,29,86,89,91,93,94,98,99,102,104,105" hai2="53,54,82,87,96,101,107" /><INIT seed="1,2,1,1,0,120" ten="195,235,345,215" oya="1" hai0="123,126,59,114,1,39,63,35,34,111,77,49,14" hai1="73,28,7,74,48,118,30,26,23,45,85,91,128" hai2="109,68,105,131,103,15,36,115,27,117,104,76,134" hai3="24,80,66,29,132,51,100,90,8,58,71,107,124"/><U33/><E118/><V84/><F36/><W113/><G113/><T110/><D39/><U133/><E133/><V11/><F68/><W54/><G132/><T18/><D123/><U0/><E128/><V9/><F134/><W97/><G8/><T83/><D1/><U19/><E7/><V81/><F117/><W20/><G124/><T125/><D49/><U101/><E101/><V25/><F115/><W108/><G108/><N who="0" m="41515" /><D114/><U130/><E130/><V46/><F109/><W64/><G71/><T62/><D62/><U22/><E0/><V70/><F70/><W93/><G80/><T53/><D14/><U43/><E33/><N who="0" m="12297" /><D18/><U41/><E41/><V16/><F16/><W38/><G38/><T87/><AGARI ba="2,1" hai="53,59,63,77,83,87,125,126" m="12297,41515" machi="87" ten="40,8000,1" yaku="14,1,52,3" doraHai="120" who="0" fromWho="0" sc="195,96,235,-42,345,-22,215,-22" /><INIT seed="2,0,0,1,5,112" ten="291,193,323,193" oya="2" hai0="46,9,29,60,103,95,102,81,118,67,99,88,5" hai1="42,19,125,11,40,41,113,2,104,51,55,114,62" hai2="119,83,132,53,37,17,130,127,115,68,44,58,122" hai3="3,124,64,6,56,117,111,109,123,27,126,59,120"/><V28/><F115/><W65/><G27/><T10/><D29/><U96/><E125/><N who="3" m="48234" /><G6/><T4/><D46/><U89/><E62/><V14/><F122/><N who="3" m="46635" /><G3/><T84/><D118/><U63/><E63/><V97/><F119/><W133/><G117/><T121/><D121/><U45/><E2/><V94/><F127/><W74/><G74/><T18/><D103/><U48/><E104/><V15/><F28/><W52/><G133/><T134/><D134/><U7/><E7/><V36/><F132/><W87/><G87/><T43/><D43/><U31/><E31/><V50/><F15/><W20/><G20/><T92/><D81/><U49/><E114/><V129/><F83/><W80/><G80/><T76/><D76/><U66/><E113/><V0/><F0/><W75/><G75/><T25/><D10/><U38/><E11/><N who="2" m="6367" /><F68/><W107/><G107/><T32/><D32/><U26/><E26/><V70/><F70/><W72/><G72/><T106/><D106/><U135/><E135/><V13/><F13/><W100/><G100/><T110/><D9/><U101/><E101/><N who="2" m="60599" /><F58/><N who="3" m="22059" /><G52/><T24/><D5/><U23/><E55/><V16/><F16/><W108/><AGARI ba="0,0" hai="64,65,108,109,111" m="22059,46635,48234" machi="108" ten="40,12000,2" yaku="28,2,14,1,18,1,34,2" doraHai="112" who="3" fromWho="3" sc="291,-30,193,-30,323,-60,193,120" /><INIT seed="3,0,0,2,0,84" ten="261,163,263,313" oya="3" hai0="53,32,36,24,74,110,76,43,99,97,58,125,105" hai1="63,123,13,66,96,121,33,51,25,114,78,85,115" hai2="30,109,102,118,79,117,64,5,49,55,26,69,73" hai3="119,48,18,45,103,88,90,28,22,113,92,116,122"/><W21/><G113/><T108/><D74/><U3/><E3/><V9/><F102/><W91/><G122/><T128/><D76/><U124/><E124/><V98/><F98/><N who="3" m="59847" /><G119/><T70/><D70/><U27/><E121/><V60/><F79/><W101/><G116/><T52/><D105/><U132/><E132/><V40/><F40/><N who="3" m="24615" /><G101/><T57/><D32/><U15/><E123/><V71/><F71/><W130/><G130/><T56/><D128/><U82/><E115/><V54/><F73/><W68/><G68/><T61/><D125/><U133/><E133/><V59/><F55/><N who="0" m="21066" /><D43/><U47/><E114/><V77/><F77/><W34/><G34/><T83/><D36/><U89/><E33/><V50/><F50/><W35/><G35/><T8/><D8/><U135/><E135/><V111/><F118/><W120/><G120/><T6/><D6/><U39/><E39/><V62/><F117/><W41/><G41/><T19/><D61/><U37/><E37/><V10/><F49/><W93/><G28/><T87/><D19/><U23/><E51/><V7/><F7/><W67/><G67/><T14/><D14/><U29/><E47/><V20/><REACH who="2" step="1"/><F5/><REACH who="2" ten="261,163,253,313" step="2"/><W46/><G46/><T127/><D127/><U75/><E75/><V65/><F65/><W44/><G44/><T2/><D99/><U12/><E96/><V72/><F72/><W16/><G93/><T134/><D97/><U86/><E66/><V81/><F81/><W129/><G129/><T31/><D83/><N who="1" m="49375" /><E63/><V4/><F4/><W42/><G42/><T95/><D134/><U112/><E112/><RYUUKYOKU ba="0,1" sc="261,-30,163,10,253,10,313,10" hai1="12,13,15,23,25,27,29,78,82,85" hai2="9,10,20,26,30,54,59,60,62,64,69,109,111" hai3="16,18,21,22,88,90,91" /><INIT seed="3,1,1,2,0,14" ten="231,173,263,323" oya="3" hai0="84,107,110,41,95,65,88,34,38,130,129,19,112" hai1="24,1,29,11,30,113,57,127,75,44,104,39,117" hai2="58,83,89,90,68,2,134,72,51,108,23,50,6" hai3="114,21,94,60,22,128,101,120,118,47,56,91,77"/><W28/><G118/><T124/><D34/><U100/><E113/><V17/><F68/><W20/><G120/><T13/><D107/><U96/><E127/><V46/><F134/><W55/><G114/><T86/><D112/><U62/><E117/><V53/><F108/><W52/><G128/><N who="0" m="49259" /><D110/><U80/><E39/><V93/><F2/><W135/><G135/><T97/><D124/><U71/><E44/><V119/><F6/><W61/><G101/><T15/><D65/><N who="1" m="41399" /><E57/><V36/><F36/><W66/><G77/><T45/><D13/><U31/><E75/><V74/><F119/><W32/><G32/><T116/><D116/><U26/><E80/><V132/><F132/><W78/><G78/><T10/><AGARI ba="1,1" hai="10,15,19,38,41,45,84,86,88,95,97" m="49259" machi="10" ten="30,4000,0" yaku="19,1,52,1,54,1" doraHai="14" who="0" fromWho="0" sc="231,53,173,-11,263,-11,323,-21" /><INIT seed="4,0,0,0,1,63" ten="284,162,252,302" oya="0" hai0="64,14,79,113,59,39,70,69,19,40,21,32,17" hai1="129,4,128,0,76,118,2,24,7,46,124,53,43" hai2="55,88,27,72,95,90,71,94,103,111,15,93,65" hai3="112,82,47,34,134,78,58,12,135,89,38,54,102"/><T133/><D32/><U107/><E118/><V44/><F72/><W80/><G112/><T101/><D113/><U110/><E110/><V33/><F111/><W92/><G34/><T56/><D101/><U1/><E107/><V18/><F103/><W31/><G31/><T84/><D133/><N who="3" m="50697" /><G102/><T120/><D120/><U23/><E53/><V68/><F33/><W99/><G12/><T130/><D130/><N who="1" m="50283" /><E76/><V57/><F27/><W73/><G38/><T3/><D3/><U132/><E132/><V109/><F109/><W115/><G47/><T52/><D40/><U119/><E119/><V75/><F75/><W121/><G121/><T25/><D39/><U116/><E116/><V114/><F114/><W30/><G30/><T22/><D79/><U62/><E62/><N who="2" m="38095" /><F68/><W108/><G108/><T96/><D96/><U74/><E74/><V35/><F35/><W49/><G115/><T51/><REACH who="0" step="1"/><D84/><REACH who="0" ten="274,162,252,302" step="2"/><U26/><E0/><V9/><F71/><W45/><G73/><T29/><D29/><U60/><E1/><V83/><F90/><W123/><G78/><T125/><D125/><U77/><E124/><V28/><F28/><W48/><G123/><T91/><D91/><U50/><E77/><V16/><F88/><W42/><AGARI ba="0,1" hai="42,45,48,49,54,58,80,82,89,92,99" m="50697" machi="42" ten="30,1100,0" yaku="20,1" doraHai="63" who="3" fromWho="3" sc="274,-5,162,-3,252,-3,302,21" /><INIT seed="5,0,0,2,4,127" ten="269,159,249,323" oya="1" hai0="131,109,104,62,129,41,107,102,91,86,93,51,43" hai1="57,24,92,14,80,29,72,125,56,81,69,94,82" hai2="50,49,121,130,42,35,118,71,54,60,18,25,5" hai3="77,33,2,108,97,105,134,117,4,17,55,34,100"/><U40/><E72/><V124/><F121/><W101/><G108/><T23/><D109/><U106/><E106/><V66/><F118/><W64/><G134/><T61/><D104/><U28/><E69/><V59/><F124/><W135/><G55/><T132/><D132/><U111/><E125/><V88/><F5/><W1/><G17/><T26/><D102/><U112/><E111/><V68/><F35/><W36/><G101/><T58/><D107/><U39/><E112/><V65/><F25/><W38/><G64/><N who="2" m="24681" /><F18/><W21/><G21/><T122/><D122/><U47/><E14/><V133/><F88/><W37/><G77/><T126/><D126/><U79/><E79/><V46/><F133/><W22/><G22/><T31/><D51/><N who="2" m="19466" /><F130/><N who="0" m="49674" /><D61/><U70/><E70/><V84/><F84/><W120/><G120/><T27/><D26/><U8/><E8/><V83/><F83/><W76/><G135/><T115/><D115/><U45/><E45/><V19/><F19/><W78/><G100/><T30/><D30/><U96/><E29/><V99/><F99/><W44/><G97/><T90/><D91/><U13/><E13/><V128/><F128/><W103/><G103/><T52/><AGARI ba="0,0" hai="23,27,31,41,43,52,58,62,86,90,93" m="49674" machi="52" ten="30,8000,1" yaku="19,1,52,3,54,1" doraHai="127" who="0" fromWho="0" sc="269,80,159,-40,249,-20,323,-20" /><INIT seed="6,0,0,2,4,103" ten="349,119,229,303" oya="2" hai0="87,98,130,68,32,92,135,49,37,102,67,21,41" hai1="99,117,60,57,76,23,62,30,17,116,115,134,7" hai2="38,122,47,90,6,121,42,66,50,54,93,5,100" hai3="101,59,56,18,45,8,81,128,75,85,20,4,105"/><V52/><F100/><W88/><G75/><T29/><D37/><U126/><E115/><V71/><F6/><W12/><G128/><T72/><D72/><U46/><E134/><V73/><F73/><W89/><G45/><T33/><D67/><U2/><E126/><V124/><F5/><W97/><REACH who="3" step="1"/><G89/><REACH who="3" ten="349,119,229,293" step="2"/><T43/><D130/><U55/><E46/><N who="2" m="23895" /><F90/><W22/><G22/><T61/><D33/><U0/><E76/><V27/><F124/><W114/><G114/><T109/><D32/><U91/><E117/><V120/><F120/><W58/><G58/><T127/><D21/><U119/><E119/><V63/><F93/><W95/><G95/><T113/><D92/><U110/><E116/><V3/><F121/><W83/><G83/><T26/><D113/><U16/><E110/><V112/><F122/><W13/><AGARI ba="0,1" hai="4,8,12,13,18,20,56,59,81,85,88,97,101,105" machi="13" ten="20,8000,1" yaku="1,1,0,1,7,1,52,1,54,1,53,0" doraHai="103" doraHaiUra="132" who="3" fromWho="3" sc="349,-20,119,-20,229,-40,293,90" /><INIT seed="7,0,0,0,3,54" ten="329,99,189,383" oya="3" hai0="88,129,110,65,89,98,126,32,132,61,111,12,66" hai1="48,95,108,73,121,84,69,130,49,51,64,74,9" hai2="102,1,81,59,119,71,20,31,47,46,78,103,7" hai3="101,118,2,113,25,50,55,30,124,115,67,14,60"/><W134/><G118/><T112/><D32/><U38/><E108/><V90/><F71/><N who="3" m="42471" /><G2/><T83/><D126/><U15/><E121/><V70/><F70/><W63/><G63/><T96/><D129/><U53/><E130/><V33/><F33/><N who="3" m="20687" /><G124/><T43/><D132/><U79/><E38/><V120/><F103/><W52/><G14/><T76/><D43/><U34/><E34/><V91/><F7/><W45/><G134/><T100/><D12/><U44/><E69/><V36/><F36/><W37/><G37/><T123/><D123/><U86/><E64/><V22/><F22/><W41/><G101/><T28/><D28/><U105/><E105/><V8/><F81/><W39/><G50/><T16/><D100/><U80/><E74/><V26/><F102/><W133/><G133/><T127/><D61/><U87/><E73/><V62/><F62/><W109/><G109/><T6/><D6/><U93/><E86/><V117/><F120/><W10/><G10/><T72/><D127/><U13/><E13/><V135/><F135/><W57/><G57/><T35/><D35/><U99/><E93/><V82/><F117/><W56/><G56/><T68/><D68/><U4/><REACH who="1" step="1"/><E87/><REACH who="1" ten="329,89,189,383" step="2"/><N who="2" m="48599" /><F119/><W122/><G122/><T40/><D72/><U19/><E19/><V42/><F1/><W125/><G125/><T21/><D16/><U75/><E75/><V24/><F31/><W107/><G107/><T97/><D110/><U106/><E106/><V0/><F0/><W11/><G39/><T131/><D111/><U5/><E5/><V114/><F26/><W3/><G3/><RYUUKYOKU ba="0,1" sc="329,-10,89,30,189,-10,383,-10" hai1="4,9,15,44,48,49,51,53,79,80,84,95,99" owari="319,12.0,119,-38.0,179,-22.0,383,48.0" /></mjloggm>