<mjloggm ver="2.3"><GO type="169"/><UN n0="%E3%81%8C%E3%82%84%54" n1="%E3%82%B3%E3%83%AD%E3%83%A9%E3%83%89" n2="%EF%BC%88%E2%89%A7%E2%96%BD%E2%89%A6%EF%BC%89" n3="%6B%65%69%2E" dan="16,16,18,16" rate="2097,2091,2171,2039" sx="M,M,M,M"/><TAIKYOKU oya="0"/><INIT seed="0,0,0,5,0,99" ten="250,250,250,250" oya="0" hai0="84,23,47,110,133,100,68,120,86,80,81,108,5" hai1="128,109,51,115,8,16,50,27,26,36,65,101,112" hai2="72,116,79,90,12,124,18,126,66,92,58,6,103" hai3="15,28,52,102,25,60,123,9,49,41,74,129,19"/><T88/><D120/><U93/><E36/><V97/><F116/><W131/><G123/><T32/><D32/><U119/><E119/><V14/><F6/><W105/><G74/><T42/><D68/><U7/><E65/><V56/><F72/><W82/><G82/><T104/><D133/><U10/><E109/><N who="0" m="42089" /><D5/><U21/><E128/><N who="3" m="49226" /><G41/><T76/><D23/><U37/><E37/><V70/><F70/><W31/><G60/><T77/><D104/><U33/><E33/><V95/><F126/><W113/><G25/><T63/><D63/><U67/><E26/><V46/><F124/><W0/><G0/><T43/><D100/><U122/><E122/><V130/><F130/><W87/><G87/><N who="0" m="48527" /><D47/><U59/><E7/><V13/><F46/><W61/><G61/><T4/><BYE who="3" /><D4/><U127/><E127/><V85/><F66/><W135/><G135/><T53/><D53/><U98/><E67/><V91/><F56/><W1/><G1/><T94/><AGARI ba="0,0" hai="42,43,76,81,84,86,88,94" m="48527,42089" machi="94" ten="30,6000,0" yaku="14,1,10,1,54,1" doraHai="99" who="0" fromWho="0" sc="250,60,250,-20,250,-20,250,-20" /><INIT seed="0,1,0,4,3,49" ten="310,230,230,230" oya="0" hai0="96,109,41,38,113,8,126,125,2,36,105,129,37" hai1="75,56,74,123,111,43,83,19,102,131,53,77,127" hai2="94,61,54,44,118,40,11,33,26,100,55,101,87" hai3="85,50,90,99,27,1,70,135,103,106,107,64,16"/><T30/><D113/><U80/><E123/><V31/><F118/><W46/><G46/><T86/><D129/><U79/><E131/><V45/><F11/><W23/><G23/><T72/><D72/><U92/><E111/><V29/><F44/><W82/><G82/><T112/><D109/><U17/><E127/><N who="0" m="48649" /><D112/><U110/><E110/><V132/><F132/><W15/><G15/><T104/><D30/><N who="2" m="11274" /><F33/><W108/><G108/><T98/><D41/><UN n3="%6B%65%69%2E" /><U81/><E43/><V34/><F34/><W119/><G119/><T6/><D86/><U7/><E80/><V78/><F26/><W10/><G135/><T25/><D25/><U67/><E67/><V122/><F122/><W68/><G106/><AGARI ba="1,0" hai="2,6,8,36,37,38,96,98,104,105,106" m="48649" machi="106" ten="40,2000,0" yaku="18,1" doraHai="49" who="0" fromWho="3" sc="310,23,230,0,230,0,230,-23" /><INIT seed="0,2,0,5,2,106" ten="333,230,230,207" oya="0" hai0="126,125,113,83,63,112,65,56,115,5,75,128,31" hai1="34,93,20,27,119,134,60,58,111,22,97,96,0" hai2="89,40,42,102,11,132,50,36,6,117,23,8,33" hai3="2,24,107,28,55,47,26,69,52,81,32,82,51"/><T114/><N who="0" m="28672" /><DORA hai="66" /><T120/><D120/><U109/><E119/><V64/><F33/><W30/><G107/><T84/><D128/><U90/><E0/><V62/><F36/><W67/><G2/><T4/><D31/><N who="1" m="19839" /><E96/><V78/><F117/><W44/><G67/><T72/><D4/><U41/><E41/><V110/><F102/><W15/><G15/><T129/><D5/><U104/><E104/><V88/><F78/><W19/><G19/><T101/><D101/><U70/><E70/><V53/><F11/><W87/><G69/><T118/><D118/><U59/><E134/><V46/><F132/><W105/><G105/><T79/><D129/><U86/><E97/><V73/><F73/><W74/><G74/><T21/><D21/><U18/><E60/><V130/><F130/><W92/><G92/><T37/><D37/><U77/><E77/><V116/><F116/><W124/><G124/><AGARI ba="2,0" hai="56,63,65,72,75,79,83,84,124,125,126" m="28672" machi="124" ten="70,12000,1" yaku="18,1,52,2" doraHai="106,66" who="0" fromWho="3" sc="333,126,230,0,230,0,207,-126" /><INIT seed="0,3,0,4,3,52" ten="459,230,230,81" oya="0" hai0="91,99,59,97,96,121,34,78,80,129,62,60,119" hai1="73,128,42,127,106,120,64,117,35,12,16,71,79" hai2="122,18,31,101,89,47,55,7,134,86,72,130,27" hai3="15,25,108,111,126,22,56,124,14,88,104,17,90"/><T67/><D121/><U75/><E120/><V82/><F122/><W103/><G103/><T123/><D123/><U8/><E117/><V2/><F72/><W116/><G104/><T10/><D119/><U112/><E106/><V23/><F101/><W61/><G116/><T109/><D129/><U131/><E35/><V11/><F134/><W133/><G15/><T58/><D34/><U39/><E127/><N who="3" m="48682" /><G25/><T33/><D33/><U135/><E135/><V9/><F130/><N who="1" m="49705" /><E79/><V48/><REACH who="2" step="1"/><F9/><REACH who="2" ten="459,230,220,81" step="2"/><W115/><G133/><T69/><D10/><U110/><E73/><V29/><AGARI ba="3,1" hai="2,7,11,18,23,27,29,31,47,48,55,82,86,89" machi="29" ten="30,7900,0" yaku="1,1,2,1,0,1,53,1" doraHai="52" doraHaiUra="20" who="2" fromWho="2" sc="459,-42,230,-23,220,98,81,-23" /><INIT seed="1,0,0,0,2,102" ten="417,207,318,58" oya="1" hai0="43,94,2,33,82,65,134,107,48,38,112,14,103" hai1="44,122,60,99,131,100,8,37,10,21,125,86,123" hai2="30,124,111,47,50,54,9,16,12,127,26,20,40" hai3="63,46,128,109,42,78,118,81,64,120,27,56,52"/><U97/><E131/><V23/><F111/><W39/><G120/><T87/><D2/><U72/><E72/><V113/><F113/><W114/><G114/><T49/><D33/><U53/><E125/><V34/><F23/><W19/><G109/><T13/><D112/><U58/><E86/><V29/><F29/><W83/><G128/><T55/><D38/><U132/><E132/><V68/><F68/><W110/><G110/><T41/><D107/><U5/><E97/><V117/><F117/><W31/><G19/><T126/><D65/><U89/><E89/><V91/><F91/><W88/><G118/><T130/><D130/><U75/><E75/><V115/><F115/><W104/><G78/><T96/><D134/><U7/><E21/><V61/><F34/><W0/><G0/><T101/><D101/><U32/><E32/><V17/><F17/><W57/><G104/><T1/><D1/><U45/><E8/><V121/><F121/><W85/><G57/><N who="0" m="32999" /><D126/><U35/><E35/><V6/><F6/><W3/><G3/><T129/><D129/><U18/><E18/><V67/><F67/><W59/><G27/><T84/><D84/><U24/><E24/><V11/><F11/><W135/><G31/><T80/><D49/><U25/><E25/><V73/><F73/><W108/><G135/><T51/><D51/><U74/><E74/><V105/><F105/><W93/><G108/><T28/><D28/><U77/><E122/><V95/><F95/><W66/><G66/><T92/><D92/><U71/><E123/><V106/><F106/><W15/><G15/><RYUUKYOKU ba="0,0" sc="417,-15,207,-15,318,15,58,15" hai2="9,12,16,20,26,30,40,47,50,54,61,124,127" hai3="39,42,46,52,56,59,63,64,81,83,85,88,93" /><INIT seed="2,1,0,2,0,4" ten="402,192,333,73" oya="2" hai0="134,69,135,124,18,87,16,81,118,38,110,125,96" hai1="15,33,49,101,76,109,128,50,106,102,61,9,90" hai2="53,108,78,122,98,35,56,111,62,82,68,46,67" hai3="58,105,92,107,1,104,119,10,65,28,25,117,22"/><V13/><F35/><W31/><G31/><T20/><D110/><N who="2" m="42026" /><F122/><W121/><G121/><T5/><D118/><U123/><E33/><V41/><F98/><W77/><G77/><N who="0" m="46511" /><D38/><U44/><E76/><V32/><F32/><W83/><G83/><T70/><D96/><U34/><E34/><V120/><F120/><W73/><G73/><T71/><D5/><U37/><E123/><V60/><F13/><W66/><G66/><T84/><D84/><U3/><E15/><V55/><F82/><W112/><G112/><T86/><D86/><U52/><E109/><V42/><F78/><W95/><G65/><T85/><D85/><U40/><E106/><V21/><F21/><W127/><G127/><N who="0" m="48715" /><D18/><U72/><E3/><V51/><AGARI ba="1,0" hai="41,42,46,51,53,55,56,60,62,67,68" m="42026" machi="51" ten="30,11700,0" yaku="14,1,10,1,34,2" doraHai="4" who="2" fromWho="2" sc="402,-40,192,-40,333,120,73,-40" /><INIT seed="2,2,0,2,2,50" ten="362,152,453,33" oya="2" hai0="55,110,76,68,133,15,120,127,17,49,11,43,23" hai1="51,58,2,62,12,97,19,10,126,109,26,28,119" hai2="75,96,1,48,38,59,102,63,108,21,99,103,18" hai3="93,92,107,16,90,86,3,54,116,118,77,80,123"/><V42/><F1/><W124/><G123/><T105/><D120/><U14/><E119/><V111/><F75/><W125/><G107/><T106/><D68/><U25/><E109/><N who="2" m="42059" /><F38/><W31/><G31/><T114/><D110/><U85/><E126/><N who="3" m="48746" /><G3/><T132/><D127/><U74/><E74/><V4/><F4/><W45/><G16/><N who="0" m="8319" /><D43/><U6/><E51/><V129/><F129/><W46/><G46/><N who="0" m="28087" /><D76/><U13/><E85/><V35/><F35/><W122/><G122/><T83/><D83/><U39/><E39/><V94/><F42/><W128/><G45/><T8/><D8/><U20/><E97/><V84/><F96/><N who="3" m="57367" /><G93/><T117/><D117/><N who="3" m="45161" /><G54/><T73/><D73/><U37/><E37/><V5/><F99/><W9/><G9/><T95/><D95/><U41/><E41/><V0/><F94/><W61/><G61/><T91/><D91/><U29/><E62/><V134/><F63/><W135/><G135/><N who="0" m="51787" /><D114/><U104/><E104/><V64/><F134/><W40/><G40/><T56/><D56/><U22/><E58/><V69/><F59/><W36/><G36/><T121/><D121/><U57/><E57/><V24/><F69/><W101/><G101/><T131/><D131/><AGARI ba="2,0" hai="77,80,86,128,131" m="45161,57367,48746" machi="131" ten="40,5200,0" yaku="18,1,34,2" doraHai="50" who="3" fromWho="0" sc="362,-58,152,0,453,0,33,58" /><INIT seed="3,0,0,2,3,131" ten="304,152,453,91" oya="3" hai0="64,42,56,81,103,28,84,90,86,26,133,60,127" hai1="51,31,101,17,4,41,87,129,117,72,23,135,0" hai2="7,14,34,93,66,114,88,130,21,74,15,76,49" hai3="134,120,113,47,13,32,11,105,82,6,18,104,118"/><W70/><G120/><T123/><D123/><U110/><E72/><V3/><F34/><W91/><G118/><T50/><D127/><U128/><E117/><V22/><F114/><W33/><G113/><T97/><D133/><U132/><E110/><V95/><F130/><N who="1" m="50281" /><E31/><V111/><F111/><W92/><G70/><T102/><D86/><U57/><E101/><V67/><F3/><W53/><G82/><T124/><D124/><U38/><E38/><V99/><F74/><W122/><G134/><N who="1" m="51242" /><E87/><V58/><F76/><W37/><G122/><T96/><D102/><U108/><E108/><V85/><F7/><W27/><G37/><T16/><D103/><U8/><E57/><V35/><F35/><W45/><G33/><T83/><D28/><U112/><E112/><V125/><F58/><W24/><G32/><T29/><D29/><U1/><E1/><V44/><F85/><W94/><G47/><N who="0" m="25975" /><D83/><U62/><E62/><V55/><F44/><W9/><G45/><T10/><D97/><U78/><E78/><V100/><F99/><W19/><G104/><T80/><D96/><U71/><E71/><V39/><F100/><W48/><G105/><T73/><D80/><U107/><E107/><V52/><F39/><W36/><G36/><T5/><D73/><U79/><E79/><V30/><F30/><W98/><G98/><T25/><D81/><U65/><E65/><V116/><F116/><W20/><G91/><T68/><D90/><U63/><E63/><V119/><F119/><W69/><G69/><T43/><D68/><U77/><E77/><V109/><F109/><RYUUKYOKU ba="0,0" sc="304,0,152,0,453,0,91,0" /><INIT seed="4,1,0,3,5,99" ten="304,152,453,91" oya="0" hai0="90,53,63,39,2,26,50,112,132,7,74,103,110" hai1="61,36,54,101,60,116,123,8,42,22,65,129,104" hai2="57,14,0,11,43,46,115,59,133,3,130,83,98" hai3="80,56,27,70,35,17,113,6,13,28,88,58,95"/><T82/><D112/><U96/><E116/><V75/><F115/><W49/><G70/><T1/><D39/><U79/><E123/><V25/><F25/><W78/><G113/><T45/><D132/><U120/><E120/><V34/><F34/><W97/><G6/><T85/><D110/><U76/><E129/><V67/><F130/><W102/><G49/><T135/><D135/><U94/><E8/><V9/><F133/><W48/><G48/><T100/><D74/><U31/><E104/><V81/><F75/><W41/><G41/><T4/><D1/><U72/><E72/><V111/><F111/><W10/><REACH who="3" step="1"/><G102/><REACH who="3" ten="304,152,453,81" step="2"/><N who="0" m="38955" /><D2/><U91/><E36/><V87/><F0/><W52/><G52/><N who="0" m="29775" /><D26/><U117/><E42/><V38/><F43/><W68/><G68/><T19/><D19/><U134/><E134/><V24/><F3/><W122/><G122/><T127/><D127/><U109/><E109/><V126/><F38/><W66/><G66/><T16/><D16/><U47/><E65/><V62/><F67/><W12/><G12/><T107/><D107/><U15/><E117/><V106/><F126/><W77/><G77/><T86/><D53/><U40/><E54/><V20/><F106/><W51/><G51/><T64/><D64/><U5/><E40/><V30/><F62/><W131/><G131/><T29/><D63/><U37/><E61/><V69/><F69/><W55/><G55/><T108/><D108/><U71/><E60/><V89/><F46/><W93/><G93/><N who="0" m="54479" /><D29/><U84/><E71/><V121/><F30/><W119/><G119/><T105/><D105/><RYUUKYOKU ba="1,1" sc="304,15,152,-15,453,-15,81,15" hai0="4,7,82,86" hai3="10,13,17,27,28,35,56,58,78,80,88,95,97" /><INIT seed="4,2,1,3,0,13" ten="319,137,438,96" oya="0" hai0="99,49,0,108,50,42,67,105,131,66,48,124,16" hai1="20,114,32,74,21,82,57,133,88,87,7,132,35" hai2="19,39,23,86,81,91,44,130,119,83,76,55,37" hai3="121,102,61,29,68,3,45,97,56,54,1,14,127"/><T120/><D120/><U128/><E128/><V15/><F130/><W98/><G121/><T104/><D0/><U24/><E7/><V117/><F55/><W106/><G98/><T89/><D131/><U6/><E6/><V75/><REACH who="2" step="1"/><F44/><REACH who="2" ten="319,137,428,96" step="2"/><W62/><G45/><T27/><D108/><U34/><E132/><V84/><F84/><W60/><G127/><T107/><D124/><U129/><E133/><V90/><F90/><W93/><G54/><T30/><D42/><U38/><E87/><V111/><F111/><W12/><G68/><T31/><D89/><U5/><E88/><V41/><F41/><W46/><G46/><T103/><D66/><U36/><E129/><V79/><F79/><W71/><G71/><T28/><D67/><U123/><E123/><V52/><F52/><W40/><G40/><T96/><D103/><U77/><E77/><V110/><F110/><W69/><G69/><T65/><D65/><U78/><E78/><V11/><F11/><W80/><G102/><T26/><D26/><U94/><E24/><V58/><F58/><W118/><G56/><T126/><D126/><U18/><E57/><V122/><F122/><W112/><G118/><AGARI ba="2,2" hai="15,19,23,37,39,75,76,81,83,86,91,117,118,119" machi="118" ten="40,8000,1" yaku="1,1,12,1,52,1,53,1" doraHai="13" doraHaiUra="9" who="2" fromWho="3" sc="319,0,137,0,428,106,96,-86" /><INIT seed="5,0,0,0,1,74" ten="319,137,534,10" oya="1" hai0="15,44,97,45,6,43,57,31,121,25,67,23,127" hai1="13,104,94,114,69,20,96,100,24,17,111,36,82" hai2="123,3,79,103,75,29,120,106,11,90,35,1,40" hai3="28,37,21,105,63,107,99,5,78,71,12,125,101"/><U27/><E36/><V84/><F40/><W52/><G37/><T62/><D121/><U14/><E69/><V109/><F109/><W49/><G125/><T85/><D127/><U55/><E111/><V122/><F11/><W32/><G32/><T77/><D97/><U129/><E114/><V91/><F91/><W113/><G113/><T9/><D43/><U50/><E129/><V8/><F8/><W22/><G107/><T64/><D64/><U38/><E38/><V56/><F56/><W83/><G28/><T54/><D67/><U4/><E104/><V86/><F86/><W30/><G30/><T53/><D53/><U119/><E119/><V65/><F65/><W46/><G71/><T61/><D61/><U134/><E134/><V70/><F70/><W33/><G33/><T117/><D117/><U7/><E82/><AGARI ba="0,0" hai="6,9,15,23,25,31,44,45,54,57,62,77,82,85" machi="82" ten="40,2600,0" yaku="8,1,52,1" doraHai="74" who="0" fromWho="1" sc="319,26,137,-26,534,0,10,0" /><INIT seed="6,0,0,3,0,40" ten="345,111,534,10" oya="2" hai0="67,100,90,30,120,115,106,88,119,71,53,129,42" hai1="45,125,59,0,12,108,31,25,35,16,87,44,121" hai2="4,109,61,46,24,6,104,66,26,29,114,98,134" hai3="38,127,69,3,33,22,63,77,99,81,73,126,68"/><V82/><F109/><W131/><G131/><T102/><D120/><U18/><E121/><V1/><F1/><W57/><G33/><T122/><D122/><U78/><E108/><V51/><F134/><W65/><G3/><T60/><D129/><U64/><E0/><V34/><F26/><W116/><G116/><T70/><D70/><U123/><E123/><V27/><F27/><W13/><G99/><T11/><D119/><U20/><E125/><N who="3" m="47626" /><G38/><T8/><D115/><U23/><E35/><V111/><F111/><W113/><G113/><T84/><D42/><U91/><E78/><V89/><F114/><W28/><G28/><T52/><D30/><U86/><E31/><V17/><F17/><AGARI ba="0,0" hai="13,17,22,57,63,65,68,69,73,77,81" m="47626" machi="17" ten="30,1000,0" yaku="18,1" doraHai="40" who="3" fromWho="2" sc="345,0,111,0,534,-10,10,10" /><INIT seed="7,0,0,0,0,56" ten="345,111,524,20" oya="3" hai0="39,73,124,112,130,37,105,76,123,95,83,21,60" hai1="118,34,46,99,91,93,51,94,53,4,75,82,43" hai2="97,100,87,6,92,90,116,69,66,14,65,42,28" hai3="79,134,36,74,108,1,120,33,16,70,109,3,5"/><W40/><G120/><T64/><D123/><U55/><E34/><V85/><F116/><W52/><G70/><T41/><D105/><U71/><E71/><V103/><F28/><W88/><G33/><T54/><D112/><U107/><E107/><V49/><F69/><W119/><G119/><T122/><D130/><U113/><E118/><V26/><F26/><W72/><G134/><T106/><D124/><U19/><E113/><V11/><F42/><W78/><G40/><T59/><D106/><U44/><E4/><V30/><F49/><W35/><G35/><T0/><D0/><U29/><E29/><V104/><F30/><W31/><G31/><T121/><D121/><U68/><E68/><V23/><F23/><W102/><G102/><T86/><D122/><U114/><E114/><V132/><F132/><W27/><G36/><T101/><D41/><U115/><E115/><V111/><F111/><N who="3" m="42571" /><G88/><T84/><D39/><U89/><E19/><V98/><F87/><W10/><G1/><T38/><D38/><U13/><E13/><V96/><F96/><W12/><G27/><T45/><D37/><U7/><E7/><V77/><F77/><N who="3" m="29195" /><G52/><N who="1" m="20042" /><E75/><V61/><F100/><W57/><G57/><T131/><D84/><U18/><E91/><V126/><F97/><W25/><G25/><T63/><D59/><U2/><E2/><V50/><F98/><W8/><AGARI ba="0,0" hai="3,5,8,10,12,16,72,74" m="29195,42571" machi="8" ten="30,3000,0" yaku="10,1,54,1" doraHai="56" who="3" fromWho="3" sc="345,-10,111,-10,524,-10,20,30" /><INIT seed="7,1,0,2,2,65" ten="335,101,514,50" oya="3" hai0="20,117,18,131,109,56,106,35,75,37,58,81,40" hai1="66,80,44,90,129,55,28,132,13,92,0,32,91" hai2="127,6,31,120,63,57,2,64,45,134,73,113,27" hai3="99,94,3,87,84,112,7,47,26,43,122,71,34"/><W22/><G122/><T77/><D117/><U67/><E0/><V115/><F120/><W5/><G34/><T49/><D106/><U19/><E132/><V74/><F134/><W70/><G112/><T72/><D35/><U30/><E129/><V118/><F127/><W133/><G133/><T29/><D75/><U126/><E126/><V95/><F118/><W15/><G3/><T53/><D131/><U42/><E80/><V17/><F17/><W14/><G47/><T93/><D29/><N who="1" m="11371" /><E42/><V128/><F128/><W121/><G43/><T107/><D56/><U52/><E32/><V41/><F95/><W38/><G38/><T76/><D76/><U10/><E90/><V50/><F6/><N who="3" m="2059" /><G121/><T125/><D93/><U114/><E114/><N who="2" m="43531" /><F2/><W39/><G39/><T4/><D4/><U36/><E36/><V78/><F78/><W104/><G104/><T33/><D33/><AGARI ba="1,0" hai="27,31,33,41,45,50,57,63,64,73,74" m="43531" machi="33" ten="30,1000,0" yaku="15,1" doraHai="65" who="2" fromWho="0" sc="335,-13,101,0,514,13,50,0" owari="322,12.0,101,-30.0,527,63.0,50,-45.0" /></mjloggm>