<mjloggm ver="2.3"><GO type="41"/><UN n0="%EF%BC%88%E2%89%A7%E2%96%BD%E2%89%A6%EF%BC%89" n1="%E6%98%8E%E6%99%82" n2="%52%6F%6E%72%6F%6E" n3="%E3%83%AC%E3%82%A4%E3%83%A9%E3%81%95%E3%82%93" dan="15,14,13,13" rate="2009,1889,1841,1840" sx="M,M,M,F"/><TAIKYOKU oya="0"/><INIT seed="0,0,0,4,0,104" ten="250,250,250,250" oya="0" hai0="134,82,15,48,43,3,18,22,20,93,11,102,129" hai1="92,91,31,45,94,117,101,51,41,36,62,8,29" hai2="114,69,44,26,12,80,14,132,118,0,106,119,16" hai3="79,10,99,19,67,100,131,50,27,53,30,126,60"/><T83/><D129/><U25/><E117/><N who="2" m="44555" /><F69/><W77/><G126/><T59/><D134/><U120/><E120/><V71/><F132/><W84/><G131/><T115/><D115/><U124/><E124/><V47/><F71/><W76/><G19/><T112/><D112/><U57/><E36/><V125/><F114/><W130/><G130/><T81/><D3/><U21/><E101/><V97/><F125/><W128/><G128/><T95/><D102/><U113/><E113/><V39/><F0/><W72/><G10/><T9/><D9/><U127/><E127/><V24/><F97/><W23/><G84/><T90/><D95/><U123/><E123/><V2/><F106/><W73/><G67/><T37/><D37/><U56/><E31/><V133/><F2/><W32/><G60/><T109/><D109/><U103/><E8/><N who="2" m="6151" /><F133/><W34/><G34/><T5/><D5/><U116/><E116/><V63/><F63/><W111/><G111/><T28/><D28/><U75/><E103/><V78/><F14/><W35/><G35/><T38/><D38/><U42/><E42/><N who="2" m="22623" /><F47/><W74/><G79/><T122/><D122/><U87/><E62/><V6/><F6/><W108/><G108/><T68/><D68/><U85/><E75/><AGARI ba="0,0" hai="24,26,75,78,80" m="22623,6151,44555" machi="75" ten="30,3900,0" yaku="12,1,52,1,54,1" doraHai="104" who="2" fromWho="1" sc="250,0,250,-39,250,39,250,0" /><INIT seed="1,0,0,1,0,104" ten="250,211,289,250" oya="1" hai0="12,43,65,101,88,21,116,36,13,71,55,23,57" hai1="106,127,19,53,112,56,46,89,2,125,76,86,115" hai2="117,133,75,45,67,35,39,103,44,79,80,78,24" hai3="61,123,93,120,22,74,54,14,66,59,32,26,98"/><U10/><E106/><V96/><F117/><W91/><G32/><T7/><D116/><U102/><E46/><V94/><F133/><W70/><G14/><T135/><D135/><U28/><E102/><V126/><F126/><N who="1" m="48137" /><E76/><V6/><F67/><W109/><G109/><T87/><D101/><U90/><E28/><V15/><F79/><W38/><G38/><T95/><D71/><U73/><E86/><V1/><F15/><W51/><REACH who="3" step="1"/><G74/><REACH who="3" ten="250,211,289,240" step="2"/><T40/><D36/><U9/><E73/><V0/><F39/><W108/><G108/><T20/><D7/><N who="1" m="1271" /><E115/><V128/><F6/><W92/><G92/><T134/><D134/><U33/><E112/><V60/><F0/><W131/><G131/><T47/><D12/><N who="1" m="7575" /><E33/><V132/><F128/><W122/><G122/><T84/><D13/><U130/><E130/><V63/><F132/><W121/><G121/><T107/><D107/><U105/><E105/><V37/><F35/><W29/><AGARI ba="0,1" hai="22,26,29,51,54,59,61,66,70,91,93,98,120,123" machi="29" ten="20,2700,0" yaku="1,1,0,1,7,1,53,0" doraHai="104" doraHaiUra="82" who="3" fromWho="3" sc="250,-7,211,-13,289,-7,240,37" /><INIT seed="2,0,0,3,1,10" ten="243,198,282,277" oya="2" hai0="86,5,126,122,131,21,0,50,80,69,67,2,134" hai1="63,111,115,13,39,106,112,58,30,129,31,1,52" hai2="62,113,125,94,100,95,72,107,22,12,78,38,60" hai3="34,64,77,130,132,61,7,135,75,117,82,16,88"/><V121/><F121/><W98/><G117/><T45/><D122/><U97/><E39/><V83/><F113/><W53/><G34/><T103/><D126/><U6/><E1/><V14/><F125/><W46/><G7/><T92/><D131/><U68/><E129/><V48/><F38/><W51/><G130/><T104/><D104/><U81/><E111/><V3/><F107/><W35/><G35/><T43/><D134/><N who="3" m="51241" /><G61/><N who="2" m="23657" /><F3/><W120/><G64/><T33/><D33/><U91/><E68/><V41/><F72/><W116/><G116/><T65/><D69/><U110/><E110/><V47/><F22/><W79/><G79/><N who="0" m="46367" /><D2/><U84/><E112/><V27/><F27/><W59/><G120/><T11/><D0/><U18/><E115/><V54/><F100/><W114/><G114/><T99/><D21/><U8/><E106/><V29/><F29/><W73/><G73/><T26/><D26/><U90/><REACH who="1" step="1"/><E6/><REACH who="1" ten="243,188,282,277" step="2"/><V124/><F124/><W74/><G59/><T123/><D123/><U105/><E105/><V133/><F133/><W71/><G71/><T25/><D5/><U108/><E108/><V37/><F37/><W87/><G98/><T66/><D99/><U102/><E102/><V9/><F78/><W42/><G75/><T56/><D103/><U28/><E28/><V118/><F118/><W17/><G42/><T32/><D43/><U85/><E85/><V36/><F41/><W44/><G44/><T119/><D45/><U89/><E89/><V20/><F36/><W23/><G23/><T76/><D76/><U96/><E96/><V93/><F20/><RYUUKYOKU ba="0,1" sc="243,-15,188,15,282,-15,277,15" hai1="8,13,18,30,31,52,58,63,81,84,90,91,97" hai3="16,17,46,51,53,74,77,82,87,88" /><INIT seed="3,1,1,1,5,36" ten="228,203,267,292" oya="3" hai0="24,33,58,11,35,56,34,6,122,76,101,53,77" hai1="39,49,131,60,75,67,5,65,120,50,80,116,32" hai2="17,41,72,111,84,128,119,13,14,20,103,31,28" hai3="42,90,38,12,63,10,19,134,94,81,18,37,106"/><W91/><G106/><T22/><D101/><U15/><E120/><V66/><F119/><W107/><G107/><T55/><D122/><U104/><E116/><V98/><F72/><W82/><G91/><T129/><D129/><U16/><E104/><V47/><F128/><W45/><G63/><T135/><D135/><U123/><E123/><V117/><F117/><W43/><G19/><T95/><D95/><U73/><E131/><V99/><F111/><W89/><G89/><T105/><D105/><U127/><E32/><V96/><F66/><W130/><G130/><T132/><D132/><U97/><E127/><V48/><F103/><W118/><G118/><T62/><D22/><U110/><E39/><V93/><F14/><W23/><G134/><T27/><D27/><U59/><E5/><V40/><F84/><W4/><G43/><N who="2" m="16457" /><F93/><W30/><G30/><N who="2" m="11305" /><F48/><W21/><G38/><T79/><D24/><U100/><E110/><V115/><F115/><W64/><G64/><T78/><D34/><U88/><E67/><V44/><AGARI ba="1,1" hai="13,17,20,44,47,96,98,99" m="11305,16457" machi="44" ten="40,8000,1" yaku="8,1,52,3" doraHai="36" who="2" fromWho="2" sc="228,-21,203,-21,267,93,292,-41" /><INIT seed="4,0,0,2,1,40" ten="207,182,360,251" oya="0" hai0="73,46,81,91,62,98,120,17,115,129,45,116,123" hai1="29,105,66,5,19,3,12,26,92,61,95,21,52" hai2="103,113,100,36,99,10,39,70,67,50,126,35,119" hai3="121,51,96,37,112,125,80,109,135,106,59,104,30"/><T28/><D116/><U31/><E105/><V14/><F119/><W58/><G109/><T7/><D115/><U27/><E5/><V18/><F35/><W20/><G37/><T16/><D129/><U13/><E3/><V108/><F108/><W69/><G69/><T128/><D128/><U2/><E2/><V130/><F113/><W90/><G104/><T94/><D123/><U132/><E132/><V124/><F130/><W77/><G112/><T11/><D120/><U76/><E76/><V88/><F67/><W49/><G121/><T44/><D28/><U111/><E111/><V24/><F70/><W4/><G4/><T114/><D114/><U42/><E42/><V78/><F24/><W60/><G106/><T32/><D32/><U110/><E110/><V15/><F78/><W33/><G33/><T85/><D62/><U65/><E65/><V57/><F15/><W22/><G59/><T1/><REACH who="0" step="1"/><D73/><REACH who="0" ten="197,182,360,251" step="2"/><U47/><E61/><V23/><F126/><W68/><G125/><T134/><D134/><U82/><E66/><V75/><F124/><W117/><G135/><T127/><D127/><U56/><E31/><V89/><F75/><W122/><G117/><T0/><D0/><U118/><E118/><V97/><F39/><W38/><G38/><T48/><D48/><U34/><E34/><V93/><F36/><W53/><G122/><T64/><D64/><U86/><E29/><V131/><F131/><W8/><G49/><T71/><D71/><U55/><E27/><V63/><F50/><W83/><G51/><T9/><D9/><U74/><E74/><RYUUKYOKU ba="0,1" sc="197,30,182,-10,360,-10,251,-10" hai0="1,7,11,16,17,44,45,46,81,85,91,94,98" /><INIT seed="4,1,1,1,5,128" ten="227,172,350,241" oya="0" hai0="126,102,19,9,98,129,52,20,81,59,7,112,62" hai1="43,93,15,77,34,40,117,14,133,100,109,61,75" hai2="95,45,85,97,30,48,106,1,16,88,115,11,113" hai3="22,89,82,130,8,122,55,32,68,116,10,64,42"/><T70/><D129/><U12/><E34/><V44/><F30/><W67/><G130/><T39/><D39/><U36/><E117/><V99/><F1/><W76/><G116/><T107/><D112/><N who="2" m="43082" /><F106/><W118/><G118/><T24/><D126/><U86/><E36/><V53/><F45/><W58/><G32/><T101/><D101/><U114/><E114/><V33/><F33/><W5/><G68/><T87/><D70/><U91/><E109/><V94/><F95/><W27/><G42/><T66/><D66/><U25/><E61/><V41/><F41/><W72/><G122/><T56/><D56/><U121/><E121/><V92/><F94/><W0/><G10/><T80/><REACH who="0" step="1"/><D87/><REACH who="0" ten="217,172,350,241" step="2"/><U46/><E100/><V37/><F37/><W135/><G64/><T71/><D71/><U124/><E124/><V60/><F60/><W78/><G67/><T103/><D103/><U90/><E43/><V50/><F50/><W13/><G58/><T38/><D38/><U17/><E40/><V134/><F134/><W54/><G72/><T73/><D73/><U18/><E46/><V57/><F57/><W131/><G131/><T83/><D83/><U51/><E75/><V79/><F79/><W26/><G76/><T108/><D108/><U6/><E77/><V65/><F65/><W111/><G111/><T84/><D84/><U21/><E91/><V2/><F85/><W110/><G89/><T120/><D120/><U96/><E86/><V119/><F88/><W3/><G110/><T47/><D47/><U35/><E90/><V31/><F119/><W4/><G78/><RYUUKYOKU ba="1,2" sc="217,30,172,-10,350,-10,241,-10" hai0="7,9,19,20,24,52,59,62,80,81,98,102,107" /><INIT seed="4,2,2,2,5,76" ten="247,162,340,231" oya="0" hai0="67,13,70,107,55,73,60,131,92,91,41,123,127" hai1="43,46,40,49,14,12,71,26,102,39,44,36,128" hai2="50,133,21,62,0,54,17,53,103,63,117,4,83" hai3="64,86,7,57,72,95,33,11,42,59,104,80,51"/><T20/><D123/><U77/><E77/><V118/><F103/><W23/><G104/><T116/><D107/><U58/><E128/><V10/><F133/><W78/><G33/><T99/><D116/><U69/><E102/><V96/><F96/><W109/><G109/><T94/><D73/><U52/><E26/><V28/><F28/><W87/><G95/><T32/><D32/><U120/><E12/><V75/><F53/><W29/><G64/><T93/><D131/><U114/><E14/><V121/><F121/><W19/><G29/><T61/><D127/><U65/><E120/><V108/><F108/><W115/><G115/><T125/><D125/><U37/><E114/><V56/><F83/><W81/><G72/><T82/><D41/><N who="1" m="15947" /><E65/><V18/><F75/><W74/><G74/><T97/><D55/><U25/><E25/><N who="2" m="14511" /><F18/><W113/><G113/><T2/><D2/><U84/><E84/><V47/><F47/><AGARI ba="2,2" hai="36,37,39,44,46,47,49,52,58,69,71" m="15947" machi="47" ten="40,12000,2" yaku="35,5,54,1" doraHai="76" who="1" fromWho="2" sc="247,0,162,146,340,-126,231,0" /><INIT seed="5,0,0,3,3,3" ten="247,308,214,231" oya="1" hai0="46,71,90,15,27,106,117,104,73,80,20,95,66" hai1="70,4,12,107,28,36,63,22,11,121,61,68,78" hai2="126,56,135,125,60,102,39,25,77,57,59,114,98" hai3="32,7,118,87,120,19,48,83,18,133,124,37,13"/><U115/><E107/><V34/><F39/><W38/><G120/><T6/><D117/><U53/><E36/><V64/><F77/><W9/><G32/><T127/><D127/><U35/><E121/><V110/><F110/><W84/><G37/><T86/><D71/><U26/><E115/><V119/><F119/><W54/><G38/><T132/><D132/><U130/><E78/><V41/><F41/><W50/><G118/><T67/><D106/><U14/><E130/><V8/><F135/><W74/><G74/><T24/><D104/><U0/><E14/><V103/><F114/><W45/><G133/><T79/><D46/><U47/><E47/><V49/><F49/><W109/><G109/><T113/><D113/><U105/><E105/><V111/><F111/><W81/><G124/><N who="2" m="47721" /><F8/><W76/><REACH who="3" step="1"/><G50/><REACH who="3" ten="247,308,214,221" step="2"/><T116/><D116/><U99/><E63/><V101/><F34/><W93/><G93/><T69/><D95/><U16/><E99/><V17/><F98/><W5/><G5/><T122/><D6/><U51/><E61/><V72/><F72/><W1/><G1/><T88/><D73/><U89/><E51/><V82/><F82/><W30/><G30/><T40/><D80/><U10/><E53/><V2/><F2/><W52/><G52/><T65/><D122/><U96/><E11/><V62/><F64/><W58/><G58/><T33/><D66/><U108/><E108/><V134/><F134/><W44/><G44/><T21/><D67/><U94/><AGARI ba="0,1" hai="0,4,10,12,16,22,26,28,35,68,70,89,94,96" machi="94" ten="30,12000,1" yaku="0,1,24,2,52,1,54,1" doraHai="3" who="1" fromWho="1" sc="247,-40,308,130,214,-40,221,-40" /><INIT seed="5,1,0,5,5,36" ten="207,438,174,181" oya="1" hai0="132,62,102,14,27,52,86,105,112,5,39,49,20" hai1="73,70,3,124,59,77,48,87,78,99,58,129,7" hai2="76,108,101,24,15,97,18,51,40,98,89,4,32" hai3="25,106,54,121,56,115,126,21,69,57,19,74,114"/><U111/><E70/><V91/><F108/><W83/><G106/><T29/><D39/><U9/><E129/><V55/><F76/><W13/><G121/><T16/><D112/><N who="3" m="43049" /><G69/><T80/><D132/><U41/><E111/><V8/><F32/><W26/><G126/><T119/><D119/><U134/><E124/><V63/><F63/><N who="3" m="36247" /><G57/><N who="0" m="35111" /><D105/><U107/><E134/><V116/><F116/><W93/><G93/><T109/><D109/><U61/><E107/><V123/><F123/><W65/><G65/><T38/><D38/><U130/><E130/><V22/><F98/><W60/><G60/><T122/><D122/><U117/><E117/><V81/><F81/><W113/><N who="3" m="43057" /><W118/><DORA hai="103" /><G118/><T110/><D110/><U71/><E71/><V100/><F101/><W2/><G2/><T94/><D102/><U46/><E61/><V42/><F100/><W120/><G120/><T88/><D49/><U67/><E67/><V35/><F35/><W53/><G53/><T0/><D0/><U33/><E3/><V92/><REACH who="2" step="1"/><F89/><REACH who="2" ten="207,438,164,181" step="2"/><W64/><G64/><T104/><D88/><U47/><E77/><AGARI ba="1,1" hai="13,19,21,25,26,74,77,83" m="36247,43057" machi="77" ten="40,1300,0" yaku="15,1" doraHai="36,103" who="3" fromWho="1" sc="207,0,438,-16,164,0,181,26" /><INIT seed="6,0,0,5,3,113" ten="207,422,164,207" oya="2" hai0="11,85,30,115,100,19,105,56,97,119,58,55,2" hai1="127,49,62,73,31,28,124,99,98,17,38,117,50" hai2="23,10,82,33,52,9,29,37,92,24,135,63,131" hai3="60,111,32,26,75,83,67,125,88,35,133,14,106"/><V94/><F135/><W68/><G111/><T126/><D115/><U8/><E38/><V27/><F131/><W3/><G3/><T4/><D126/><N who="1" m="48171" /><E73/><V101/><F37/><W80/><G125/><T66/><D30/><N who="1" m="11307" /><E62/><V79/><F27/><W81/><G106/><T104/><D104/><U89/><E117/><V7/><F33/><W45/><G75/><T134/><D119/><U59/><E59/><N who="2" m="35303" /><F7/><W108/><G108/><T120/><D134/><U39/><E39/><V84/><F94/><W95/><G133/><T114/><D114/><U64/><E64/><V5/><F5/><W109/><G109/><T72/><D4/><U54/><E89/><V47/><F47/><W96/><G45/><T93/><D72/><U90/><E90/><V116/><F116/><W57/><G26/><T123/><D66/><U25/><E50/><V41/><F41/><W6/><REACH who="3" step="1"/><G68/><REACH who="3" ten="207,422,164,197" step="2"/><T61/><D2/><U112/><E112/><V71/><F71/><W53/><G53/><T40/><D55/><U42/><E42/><V130/><F130/><W70/><G70/><T129/><D129/><U118/><E118/><V87/><F84/><W78/><G78/><T51/><D85/><U91/><E25/><V43/><F43/><W77/><G77/><T21/><D40/><U121/><E54/><V13/><F13/><W122/><G122/><T86/><D123/><U110/><E121/><V12/><F12/><W107/><G107/><T18/><D105/><U1/><E110/><V132/><F132/><W76/><G76/><T46/><D120/><U36/><E1/><V128/><F128/><RYUUKYOKU ba="0,1" sc="207,-15,422,-15,164,15,197,15" hai2="9,10,23,24,29,79,82,87,92,101" hai3="6,14,32,35,57,60,67,80,81,83,88,95,96" /><INIT seed="6,1,1,1,1,12" ten="192,407,179,212" oya="2" hai0="78,46,64,69,98,38,47,51,102,125,86,44,131" hai1="66,126,3,25,29,31,49,48,18,77,81,21,127" hai2="76,8,39,23,16,88,10,58,113,30,116,41,26" hai3="53,92,90,52,0,14,4,135,75,45,85,111,24"/><V22/><F116/><W13/><G111/><T112/><D112/><U108/><E66/><V54/><F113/><W43/><G75/><T129/><D125/><N who="1" m="47627" /><E108/><V105/><F105/><W79/><G79/><T56/><D38/><U70/><E3/><V118/><F118/><W32/><G135/><T33/><D33/><U110/><E70/><V37/><F76/><W124/><G124/><T59/><D69/><U103/><E103/><V6/><F41/><W28/><G0/><T40/><D78/><U62/><E62/><N who="2" m="36183" /><F37/><W74/><G74/><T117/><D86/><N who="1" m="48431" /><E110/><V122/><F39/><W84/><G84/><T87/><D87/><U91/><E91/><V42/><F122/><W134/><G134/><T119/><D119/><U123/><E123/><V67/><F42/><W95/><G13/><T99/><D117/><U115/><E115/><V97/><F67/><W2/><G2/><T96/><D102/><U60/><E60/><V120/><F120/><W121/><G121/><T73/><D73/><U80/><E80/><V83/><F6/><W82/><G4/><T132/><D132/><U27/><E31/><V106/><F106/><W133/><G14/><T109/><D109/><U68/><E68/><V34/><F34/><AGARI ba="1,1" hai="18,21,25,27,29,34,48,49" m="48431,47627" machi="34" ten="30,2000,0" yaku="18,1,52,1" doraHai="12" who="1" fromWho="2" sc="192,0,407,33,179,-23,212,0" /><INIT seed="7,0,0,5,4,89" ten="192,440,156,212" oya="3" hai0="120,42,122,85,70,17,133,83,26,73,71,5,101" hai1="51,113,22,44,69,67,37,123,127,53,65,31,135" hai2="110,36,87,28,39,118,93,126,124,117,48,79,18" hai3="60,96,61,21,82,16,49,62,77,132,7,20,125"/><W64/><G132/><T78/><D133/><U2/><E2/><V43/><F28/><W130/><G130/><T59/><D101/><U75/><E75/><V86/><F18/><W98/><G125/><N who="2" m="48233" /><F48/><W11/><G21/><T54/><D42/><U102/><E102/><V106/><F106/><W4/><G64/><T119/><D119/><N who="2" m="45578" /><F43/><W99/><G49/><T131/><D131/><U13/><E135/><V107/><F107/><W58/><G58/><T90/><D5/><U97/><E127/><V52/><F110/><W111/><G111/><T29/><D17/><U105/><E37/><N who="2" m="14411" /><F79/><W6/><G77/><T76/><D76/><U115/><E105/><V25/><F25/><W14/><REACH who="3" step="1"/><G82/><REACH who="3" ten="192,440,156,202" step="2"/><T27/><D83/><U116/><E116/><V23/><F23/><W128/><G128/><T108/><D78/><U45/><E22/><V56/><F56/><W3/><AGARI ba="0,1" hai="3,4,6,7,11,14,16,20,60,61,62,96,98,99" machi="3" ten="30,6000,0" yaku="1,1,0,1,54,1,53,0" doraHai="89" doraHaiUra="112" who="3" fromWho="3" sc="192,-20,440,-20,156,-20,202,70" /><INIT seed="7,1,0,0,2,95" ten="172,420,136,272" oya="3" hai0="76,43,31,120,29,129,87,4,41,28,134,5,66" hai1="114,62,27,123,16,20,59,82,67,65,39,3,93" hai2="33,110,77,86,121,98,8,125,79,107,88,103,100" hai3="47,132,18,64,119,2,78,74,89,91,122,0,12"/><W17/><G119/><T97/><D120/><U34/><E123/><V32/><F121/><W55/><G122/><T63/><D134/><U26/><E39/><V99/><F110/><W11/><G132/><T117/><D117/><U10/><E114/><V102/><F125/><W101/><G101/><N who="2" m="39017" /><F8/><W58/><G64/><T57/><D129/><U37/><E67/><V85/><F32/><W106/><G106/><T124/><D124/><U23/><E37/><V81/><F33/><W7/><G47/><T113/><D113/><U105/><E34/><V94/><F86/><W51/><G74/><T19/><D97/><U21/><E105/><V133/><F133/><W15/><G78/><AGARI ba="1,0" hai="77,78,79,81,85,88,94,98,99,103,107" m="39017" machi="78" ten="30,16000,3" yaku="35,5,52,2,54,1" doraHai="95" who="2" fromWho="3" sc="172,0,420,0,136,163,272,-163" owari="172,-23.0,420,52.0,299,10.0,109,-39.0" /></mjloggm>