<mjloggm ver="2.3"><GO type="169" lobby="0"/><UN n0="%EF%BC%88%E2%89%A7%E2%96%BD%E2%89%A6%EF%BC%89" n1="%E9%B3%B3%E6%8B%B3" n2="%E5%9F%BA%E7%A4%8E%E8%AB%96" n3="%E3%80%93%E6%9D%BE%E4%BA%95%EF%BC%A3%EF%BC%B3%E3%80%93" dan="17,16,17,18" rate="2177.14,2087.49,2154.43,2216.23" sx="M,M,M,M"/><TAIKYOKU oya="0"/><INIT seed="0,0,0,0,4,129" ten="250,250,250,250" oya="0" hai0="17,36,135,110,43,124,111,123,101,28,65,29,26" hai1="112,50,69,84,96,34,24,91,102,81,21,105,31" hai2="125,39,46,87,62,75,113,85,11,120,67,12,48" hai3="115,77,128,106,4,7,117,16,40,0,127,107,93"/><T90/><D123/><U97/><E112/><V52/><F120/><W20/><G115/><T82/><D124/><U9/><E96/><V14/><F125/><W27/><G127/><T95/><D65/><U104/><E69/><V64/><F75/><W2/><G117/><T10/><D101/><U74/><E74/><V19/><F113/><W42/><G128/><T22/><D82/><U5/><E50/><V132/><F39/><W30/><G77/><T88/><D135/><U61/><E61/><V47/><F132/><W54/><G0/><T68/><D68/><U6/><E6/><V49/><F14/><W131/><G131/><T44/><D90/><U56/><E56/><N who="2" m="36935" /><F67/><W114/><G114/><T60/><D60/><U15/><REACH who="1" step="1"/><E34/><REACH who="1" ten="250,240,250,250" step="2"/><V57/><F57/><W134/><G4/><T3/><D3/><U18/><E18/><V45/><F45/><W35/><G7/><T59/><D59/><U73/><E73/><V8/><F8/><W100/><G35/><T80/><D10/><U89/><E89/><V118/><F118/><W1/><G1/><T58/><D58/><U76/><E76/><V51/><F51/><W86/><G2/><T25/><D17/><U99/><E99/><V13/><F13/><W83/><G16/><T78/><D29/><U94/><AGARI ba="0,1" hai="5,9,15,21,24,31,81,84,91,94,97,102,104,105" machi="94" ten="20,2700,0" yaku="1,1,0,1,7,1,53,0" doraHai="129" doraHaiUra="33" who="1" fromWho="1" sc="250,-13,240,37,250,-7,250,-7" /><INIT seed="1,0,0,0,3,86" ten="237,277,243,243" oya="1" hai0="15,44,88,50,110,117,36,103,113,76,129,29,121" hai1="133,59,108,85,131,109,107,71,99,97,46,41,105" hai2="25,45,42,81,40,2,30,128,125,80,72,23,19" hai3="65,16,75,83,21,52,67,63,53,66,122,4,32"/><U127/><E71/><V120/><F120/><W33/><G122/><T64/><D121/><U101/><E127/><V115/><F125/><W48/><G4/><T82/><D117/><U28/><E28/><V0/><F128/><W116/><G116/><T22/><D113/><U31/><E31/><V26/><F115/><W35/><G63/><T7/><D36/><U27/><E27/><V10/><F42/><W12/><REACH who="3" step="1"/><G48/><REACH who="3" ten="237,277,243,233" step="2"/><T62/><D50/><N who="1" m="26959" /><E131/><V47/><F0/><W78/><AGARI ba="0,1" hai="12,16,21,32,33,35,52,53,65,66,67,75,78,83" machi="78" ten="40,8000,1" yaku="1,1,0,1,54,2,53,0" doraHai="86" doraHaiUra="84" who="3" fromWho="3" sc="237,-20,277,-40,243,-20,233,90" /><INIT seed="2,0,0,2,0,71" ten="217,237,223,323" oya="2" hai0="54,64,5,77,100,68,114,38,96,45,119,113,53" hai1="98,134,43,74,128,105,133,8,63,26,104,79,87" hai2="37,21,30,94,75,88,49,107,112,6,52,12,15" hai3="19,102,132,39,92,81,78,84,42,60,85,101,67"/><V131/><F112/><N who="0" m="43114" /><D77/><U125/><E74/><V127/><F107/><W118/><G118/><T57/><D5/><U124/><E63/><V59/><F75/><W13/><G132/><N who="1" m="50794" /><E26/><V82/><F127/><N who="1" m="48713" /><E8/><N who="2" m="4119" /><F37/><W11/><G39/><T51/><D96/><U69/><E69/><V62/><F131/><W72/><G42/><N who="0" m="22743" /><D100/><U31/><E31/><V61/><F82/><W16/><G19/><T91/><D91/><U121/><E43/><V48/><F48/><W58/><G72/><T9/><D53/><U89/><E121/><V83/><F83/><N who="3" m="47223" /><G92/><T73/><D73/><U7/><E7/><V93/><F93/><W14/><G14/><T55/><D9/><U70/><E70/><V22/><F30/><W29/><G29/><T111/><D55/><U90/><E128/><V44/><F15/><W27/><G27/><T135/><D135/><U28/><E28/><V103/><F103/><W50/><G50/><T17/><D17/><U95/><E79/><AGARI ba="0,0" hai="11,13,16,58,60,67,79,81,85,101,102" m="47223" machi="79" ten="30,2000,0" yaku="8,1,54,1" doraHai="71" who="3" fromWho="1" sc="217,0,237,-20,223,0,323,20" /><INIT seed="3,0,0,3,0,134" ten="217,217,223,343" oya="3" hai0="79,113,129,102,67,57,26,81,116,80,101,9,114" hai1="62,21,4,12,38,63,96,83,20,65,7,105,44" hai2="130,119,112,53,73,126,33,42,17,131,13,37,66" hai3="133,75,123,60,104,58,0,109,15,24,30,86,71"/><W120/><G75/><N who="0" m="43135" /><D26/><U31/><E62/><V54/><F73/><W5/><G133/><T94/><D9/><U117/><E117/><V22/><F33/><W43/><G0/><T32/><D32/><U41/><E83/><V36/><F112/><N who="0" m="43114" /><D116/><U10/><E4/><V35/><F35/><W29/><G71/><T127/><D129/><U100/><REACH who="1" step="1"/><E31/><REACH who="1" ten="217,207,223,343" step="2"/><V82/><F82/><W70/><G60/><N who="0" m="38287" /><D81/><U6/><E6/><V14/><F119/><W68/><G5/><T99/><D127/><U11/><E11/><V8/><F126/><W59/><G30/><T103/><AGARI ba="0,1" hai="94,99,101,102,103" m="38287,43114,43135" machi="103" ten="30,1100,0" yaku="11,1" doraHai="134" who="0" fromWho="0" sc="217,21,207,-3,223,-3,343,-5" /><INIT seed="4,0,0,5,1,94" ten="238,204,220,338" oya="0" hai0="85,112,19,127,14,77,118,110,36,93,9,67,72" hai1="126,120,73,95,51,43,96,71,88,39,122,125,70" hai2="1,48,31,23,16,41,102,11,99,45,132,98,3" hai3="13,92,15,116,105,64,119,46,104,61,63,123,52"/><T24/><D118/><U66/><E73/><V25/><F132/><W135/><G135/><T101/><D36/><U7/><E39/><V62/><F1/><W21/><G123/><T27/><D112/><U114/><E7/><V90/><F102/><W2/><G2/><T29/><D127/><N who="1" m="48651" /><E114/><V35/><F90/><W121/><G121/><N who="1" m="46698" /><E66/><V8/><F62/><W80/><G80/><N who="0" m="47247" /><D72/><U91/><E91/><V59/><F59/><W37/><G37/><T42/><D67/><U60/><E60/><V133/><F133/><W124/><G124/><T34/><D34/><U103/><E103/><V76/><F76/><W38/><G119/><T6/><D6/><U12/><E12/><N who="2" m="9607" /><F11/><W17/><G116/><T4/><D9/><U20/><E20/><V54/><F41/><W130/><G13/><T22/><D42/><U128/><E128/><V131/><F131/><W106/><G130/><T0/><D14/><U111/><E111/><V75/><F75/><W113/><G113/><T74/><D110/><U33/><E33/><V84/><F84/><W32/><G32/><N who="0" m="20519" /><D74/><U89/><E89/><V83/><F83/><W108/><G108/><T78/><D78/><U81/><E81/><V40/><F40/><W58/><G38/><T5/><D0/><U30/><E30/><V28/><F28/><W109/><G109/><T87/><D101/><U53/><E43/><V56/><F56/><AGARI ba="0,0" hai="51,53,56,70,71,88,95,96" m="46698,48651" machi="56" ten="30,3900,0" yaku="18,1,52,1,54,1" doraHai="94" who="1" fromWho="2" sc="238,0,204,39,220,-39,338,0" /><INIT seed="5,0,0,1,2,53" ten="238,243,181,338" oya="1" hai0="51,31,17,88,18,93,49,61,44,68,130,115,69" hai1="22,65,120,60,41,91,27,0,113,24,123,81,23" hai2="38,45,131,133,135,19,12,37,87,117,2,15,57" hai3="109,33,59,127,76,70,92,11,46,58,6,20,94"/><U124/><E0/><V62/><F117/><W134/><G33/><T9/><D130/><U77/><E113/><V118/><F2/><W114/><G70/><T95/><D115/><U129/><E124/><V82/><F118/><W72/><G109/><T100/><D31/><U104/><E104/><V90/><F131/><W86/><G114/><T42/><D69/><U47/><E91/><V13/><F19/><W36/><G20/><T21/><D68/><U101/><E101/><V110/><F110/><W64/><G64/><T103/><D61/><U8/><E8/><V56/><F62/><W107/><G107/><T105/><D105/><U43/><E129/><V55/><F55/><W89/><G134/><N who="2" m="51209" /><F45/><W121/><G121/><T85/><D95/><U79/><E41/><V74/><F74/><W5/><G5/><T14/><REACH who="0" step="1"/><D51/><REACH who="0" ten="228,243,181,338" step="2"/><U29/><E120/><V71/><F71/><W75/><G94/><T112/><D112/><U83/><E123/><V7/><F7/><W3/><G127/><T73/><D73/><U66/><E65/><V4/><F4/><W1/><G1/><T16/><D16/><N who="1" m="12359" /><E66/><V108/><F108/><W48/><G75/><T106/><D106/><U80/><E60/><V35/><F35/><W30/><G30/><T98/><D98/><U67/><E67/><V96/><F96/><W40/><G48/><AGARI ba="0,1" hai="23,27,29,43,47,48,77,79,80,81,83" m="12359" machi="48" ten="30,2900,0" yaku="8,1,54,1" doraHai="53" who="1" fromWho="3" sc="228,0,243,39,181,0,338,-29" /><INIT seed="5,1,0,5,2,130" ten="228,282,181,309" oya="1" hai0="9,114,81,88,91,19,2,40,6,11,64,101,27" hai1="45,110,66,42,59,124,30,20,104,26,119,28,121" hai2="117,13,100,16,120,98,47,50,52,65,134,7,62" hai3="48,0,10,87,126,132,23,21,111,123,79,109,127"/><U125/><E121/><V92/><F117/><W56/><G123/><T107/><D114/><U129/><E119/><V32/><F120/><W82/><G132/><T18/><D40/><U115/><E104/><V34/><F7/><N who="3" m="1383" /><G21/><N who="0" m="13759" /><D107/><U128/><E115/><V22/><REACH who="2" step="1"/><F134/><REACH who="2" ten="228,282,171,309" step="2"/><W3/><G111/><T94/><D6/><U60/><E110/><V15/><F15/><W73/><G3/><T108/><D2/><U37/><REACH who="1" step="1"/><E28/><REACH who="1" ten="228,272,171,309" step="2"/><V135/><F135/><W96/><G109/><T63/><D108/><U90/><E90/><V76/><F76/><W116/><G116/><T99/><D91/><U12/><E12/><V85/><F85/><W74/><G87/><N who="0" m="50287" /><D18/><U77/><E77/><V131/><F131/><AGARI ba="1,2" hai="20,26,30,37,42,45,59,60,66,124,125,128,129,131" machi="131" ten="40,7700,0" yaku="1,1,19,1,53,1" doraHai="130" doraHaiUra="25" who="1" fromWho="2" sc="228,0,272,100,171,-80,309,0" /><INIT seed="5,2,0,1,3,19" ten="228,372,91,309" oya="1" hai0="8,16,21,98,58,9,36,59,14,90,87,46,15" hai1="4,133,12,115,134,42,123,65,34,45,79,44,55" hai2="5,132,48,106,13,82,7,31,109,86,102,100,103" hai3="60,70,93,131,1,71,23,116,22,50,113,11,88"/><U56/><E123/><V89/><F109/><W112/><G131/><T120/><D120/><U76/><E34/><V128/><F128/><W119/><G50/><T53/><D98/><U67/><E115/><N who="3" m="44106" /><G1/><T41/><D15/><U107/><E107/><V26/><F132/><N who="1" m="50793" /><E4/><V104/><F48/><W118/><G11/><T25/><D53/><U49/><E12/><V127/><F127/><W17/><G60/><T135/><D135/><U91/><E91/><V24/><F24/><N who="3" m="14415" /><G23/><T57/><REACH who="0" step="1"/><D14/><REACH who="0" ten="218,372,91,309" step="2"/><U97/><E97/><AGARI ba="2,1" hai="70,71,88,93,97,116,118,119" m="14415,44106" machi="97" ten="40,8000,1" yaku="12,1,15,1,52,1,54,1" doraHai="19" who="3" fromWho="1" sc="218,0,372,-86,91,0,309,96" /><INIT seed="6,0,0,4,1,123" ten="218,286,91,405" oya="2" hai0="99,18,24,2,94,3,23,119,100,36,55,84,108" hai1="30,4,131,67,31,12,117,83,14,128,85,124,50" hai2="133,7,9,75,132,114,17,113,48,15,63,91,51" hai3="79,90,34,78,97,135,125,40,87,95,60,58,43"/><V33/><F75/><W127/><G34/><T46/><D119/><U104/><E117/><V64/><F33/><W5/><G5/><T35/><D35/><U37/><E37/><V126/><F91/><W25/><G25/><T38/><D38/><U69/><E104/><V59/><F7/><W82/><G135/><N who="2" m="51785" /><F126/><N who="3" m="48139" /><G79/><T134/><D134/><U102/><E124/><V106/><F106/><W92/><G92/><T71/><D71/><U45/><E102/><V8/><F8/><W105/><G105/><T73/><D73/><U98/><E98/><V89/><F89/><W76/><G76/><T54/><D36/><U16/><E4/><V52/><F64/><AGARI ba="0,0" hai="40,43,58,60,64,78,82,87,90,95,97" m="48139" machi="64" ten="30,1000,0" yaku="18,1" doraHai="123" who="3" fromWho="2" sc="218,0,286,0,91,-10,405,10" /><INIT seed="7,0,0,1,3,90" ten="218,286,81,415" oya="3" hai0="125,135,94,74,123,131,65,89,75,105,38,43,91" hai1="76,34,111,110,124,51,87,47,8,48,99,104,13" hai2="2,3,59,118,45,56,55,117,24,46,113,57,73" hai3="70,37,9,6,1,36,54,49,26,61,41,31,19"/><W28/><G28/><T108/><D65/><U103/><E34/><V78/><F24/><W128/><G128/><T80/><D43/><U119/><E119/><V72/><F78/><W11/><G41/><T14/><D14/><U71/><E71/><V120/><F55/><W122/><G122/><T44/><D44/><U7/><E124/><V93/><F93/><W52/><G19/><T18/><D18/><U53/><E51/><V15/><F15/><W40/><G11/><T96/><D38/><U81/><AGARI ba="0,0" hai="7,8,13,47,48,53,76,81,87,99,103,104,110,111" machi="81" ten="30,1100,0" yaku="0,1" doraHai="90" who="1" fromWho="1" sc="218,-3,286,11,81,-3,415,-5" owari="215,-18.0,297,10.0,78,-42.0,410,50.0" /></mjloggm>