<mjloggm ver="2.3"><GO type="41"/><UN n0="%E3%81%A1%E3%82%87%E3%81%B3%E5%90%89" n1="%E9%81%93%E6%88%90" n2="%E2%96%A0%E2%96%A0%E2%96%A0" n3="%EF%BC%88%E2%89%A7%E2%96%BD%E2%89%A6%EF%BC%89" dan="14,14,14,15" rate="1943,1826,1903,1992" sx="M,M,M,M"/><TAIKYOKU oya="0"/><INIT seed="0,0,0,1,1,17" ten="250,250,250,250" oya="0" hai0="86,110,129,118,98,96,31,101,119,92,99,39,90" hai1="60,62,48,91,56,89,53,115,81,55,111,112,84" hai2="76,1,72,116,34,70,122,30,130,19,25,15,37" hai3="35,10,123,3,21,23,12,114,63,128,80,106,27"/><T117/><D39/><U103/><E111/><V13/><F76/><W4/><G114/><N who="1" m="43562" /><E103/><V32/><F72/><W24/><G106/><T95/><D31/><U85/><E55/><V64/><F37/><W132/><G132/><T38/><D38/><U66/><E66/><V74/><F64/><W5/><G128/><T16/><D16/><U33/><E33/><N who="2" m="20687" /><F70/><W20/><G123/><T102/><D110/><U125/><E125/><V82/><F82/><AGARI ba="0,0" hai="48,53,56,60,62,81,82,84,85,89,91" m="43562" machi="82" ten="30,1000,0" yaku="11,1" doraHai="17" who="1" fromWho="2" sc="250,0,250,10,250,-10,250,0" /><INIT seed="1,0,0,1,5,124" ten="250,260,240,250" oya="1" hai0="4,68,91,11,135,47,66,62,64,80,112,69,10" hai1="76,107,27,39,31,117,20,53,55,5,22,78,105" hai2="101,19,104,65,77,95,73,56,75,14,111,90,16" hai3="40,0,54,113,70,127,86,2,109,59,72,110,28"/><U108/><E117/><V7/><F111/><N who="3" m="42507" /><G127/><T116/><D116/><U32/><E108/><V103/><F7/><W8/><G70/><T23/><D112/><U93/><E39/><V43/><F19/><W61/><G72/><T21/><D135/><U44/><E5/><V92/><F104/><W81/><G113/><T84/><D47/><U34/><E44/><V126/><F126/><W30/><G40/><T1/><D10/><U119/><E119/><V17/><F17/><W87/><G87/><T96/><D96/><U79/><E93/><V9/><F43/><W3/><G8/><T42/><D42/><U122/><E122/><V121/><F121/><W6/><G6/><T123/><D123/><U94/><E94/><V50/><F77/><AGARI ba="0,0" hai="0,2,3,28,30,54,59,61,77,81,86" m="42507" machi="77" ten="40,1300,0" yaku="14,1" doraHai="124" who="3" fromWho="2" sc="250,0,260,0,240,-13,250,13" /><INIT seed="2,0,0,1,1,56" ten="250,260,227,263" oya="2" hai0="91,105,37,133,75,132,87,23,42,50,103,2,79" hai1="82,102,7,107,109,71,32,108,131,97,99,130,66" hai2="3,81,96,28,10,104,74,0,70,17,14,77,114" hai3="94,78,26,101,124,22,122,47,72,18,127,5,110"/><V30/><F114/><W80/><G122/><T33/><D33/><U90/><E32/><V49/><F70/><W73/><G110/><N who="1" m="42602" /><E7/><V40/><F3/><W45/><G72/><T76/><D2/><U8/><E8/><V85/><F0/><W41/><G5/><T27/><D37/><U116/><E116/><V115/><F115/><W19/><G19/><T39/><D39/><U38/><E38/><V6/><F74/><W31/><G31/><T129/><D75/><U83/><E66/><V13/><F96/><N who="3" m="59543" /><G41/><T12/><D12/><U54/><E54/><V43/><F104/><W128/><G128/><N who="1" m="49194" /><E71/><V35/><F35/><W100/><G100/><T92/><D129/><U68/><E68/><V65/><F65/><W106/><G106/><T16/><D50/><U15/><E15/><V121/><F121/><W112/><G112/><T59/><D59/><U134/><E134/><N who="0" m="51817" /><D42/><N who="2" m="15914" /><F49/><W48/><G48/><T88/><D91/><U21/><E21/><AGARI ba="0,0" hai="6,10,13,14,17,21,28,30,77,81,85" m="15914" machi="21" ten="30,1500,0" yaku="8,1" doraHai="56" who="2" fromWho="1" sc="250,0,260,-15,227,15,263,0" /><INIT seed="2,1,0,2,0,79" ten="250,245,242,263" oya="2" hai0="131,59,125,67,7,116,135,3,17,106,74,94,128" hai1="9,130,93,126,99,55,53,13,107,40,86,103,114" hai2="122,32,18,83,98,115,69,68,81,4,60,52,50" hai3="2,42,124,38,43,73,84,109,27,82,127,76,78"/><V20/><F115/><W49/><G109/><T89/><D106/><U100/><E114/><V30/><F122/><W6/><G38/><T0/><D135/><U120/><E130/><N who="0" m="49705" /><D125/><N who="3" m="48201" /><G27/><T14/><D7/><U33/><E33/><V96/><F4/><W19/><G19/><T63/><D116/><U22/><E126/><V87/><F87/><W66/><G66/><T102/><D102/><U132/><E120/><V88/><F30/><W71/><G71/><T85/><D74/><U108/><E132/><V16/><F32/><W133/><G133/><T56/><D59/><U45/><E108/><V112/><F112/><W51/><G6/><T113/><D113/><U44/><E107/><V48/><F20/><AGARI ba="1,0" hai="0,3,14,17,20,56,63,67,85,89,94" m="49705" machi="20" ten="30,1000,0" yaku="19,1" doraHai="79" who="0" fromWho="2" sc="250,13,245,0,242,-13,263,0" /><INIT seed="3,0,0,1,5,127" ten="263,245,229,263" oya="3" hai0="97,115,125,101,135,91,26,24,9,58,1,29,33" hai1="35,20,18,113,25,30,103,92,62,106,134,10,112" hai2="17,64,65,123,57,31,43,82,122,7,59,100,79" hai3="93,74,3,128,109,6,42,37,32,108,131,102,83"/><W15/><G32/><T77/><D125/><U8/><E134/><V56/><F7/><W38/><G15/><T69/><D69/><U34/><E106/><V130/><F43/><W46/><G38/><T107/><D135/><U45/><E45/><V104/><F31/><W119/><G119/><T11/><D115/><U76/><E76/><V78/><F100/><W39/><G39/><T132/><D132/><U88/><E62/><V85/><F104/><W73/><G102/><T40/><D1/><U48/><E48/><V84/><F17/><W54/><G54/><T12/><D26/><U68/><E68/><V87/><F130/><N who="3" m="49707" /><G93/><T118/><D118/><U80/><E35/><V89/><F89/><W23/><G23/><T51/><D12/><U120/><E103/><V0/><F0/><W36/><G36/><T52/><D77/><N who="2" m="29194" /><F82/><W114/><G114/><T70/><D70/><U19/><E80/><V61/><F61/><W27/><G27/><T95/><D40/><U124/><E124/><V44/><F44/><W110/><G83/><T53/><D53/><U116/><E116/><V41/><F41/><W63/><G63/><T66/><D66/><AGARI ba="0,0" hai="56,57,59,64,65,66,84,85,87,122,123" m="29194" machi="66" ten="40,2600,0" yaku="28,2" doraHai="127" who="2" fromWho="0" sc="263,-26,245,0,229,26,263,0" /><INIT seed="4,0,0,2,5,65" ten="237,245,255,263" oya="0" hai0="97,81,17,3,128,44,26,8,9,113,40,95,35" hai1="109,23,36,27,102,52,33,101,125,66,119,11,38" hai2="89,124,107,0,62,7,84,88,121,10,106,78,93" hai3="1,21,132,55,70,58,30,5,135,116,118,28,71"/><T49/><D113/><U59/><E109/><V16/><F124/><W115/><G115/><T24/><D128/><U130/><E119/><N who="3" m="45610" /><G1/><T12/><D35/><U92/><E125/><V41/><F78/><W31/><G5/><T45/><D81/><U18/><E130/><V86/><F121/><W25/><G55/><T123/><D123/><U105/><E105/><V94/><F41/><W79/><G58/><T50/><D8/><U39/><E66/><V87/><F87/><W96/><G96/><T42/><D3/><U14/><E33/><V82/><F82/><W133/><G79/><T6/><D6/><U90/><E90/><AGARI ba="0,0" hai="9,12,17,24,26,40,42,44,45,49,50,90,95,97" machi="90" ten="30,5800,0" yaku="7,1,9,1,8,1" doraHai="65" who="0" fromWho="1" sc="237,58,245,-58,255,0,263,0" /><INIT seed="4,1,0,0,0,64" ten="295,187,255,263" oya="0" hai0="31,118,48,68,39,45,46,21,67,135,9,17,130" hai1="133,27,127,76,37,92,50,81,82,113,35,3,51" hai2="85,132,106,126,134,62,101,42,53,71,115,87,18" hai3="12,11,75,86,63,69,41,124,23,29,66,83,129"/><T123/><D123/><U91/><E3/><V14/><F115/><W117/><G117/><T7/><D118/><U131/><E113/><V77/><F42/><W89/><G129/><T26/><D130/><U6/><E37/><V96/><F126/><W120/><G120/><T79/><D39/><U4/><E131/><V114/><F114/><W32/><G124/><T110/><D135/><N who="2" m="51754" /><F77/><W97/><G75/><T5/><D79/><U70/><E133/><V105/><F105/><W125/><G125/><T44/><D110/><U22/><E127/><V65/><F53/><W104/><G41/><T10/><D48/><N who="1" m="18475" /><E35/><V98/><F96/><W95/><G104/><T13/><REACH who="0" step="1"/><D9/><AGARI ba="1,0" hai="9,14,18,62,65,71,85,87,98,101,106" m="51754" machi="9" ten="30,2000,0" yaku="20,1,52,1" doraHai="64" who="2" fromWho="0" sc="295,-23,187,0,255,23,263,0" /><INIT seed="5,0,0,3,1,60" ten="272,187,278,263" oya="1" hai0="95,72,121,46,61,84,27,127,36,43,128,97,4" hai1="59,77,50,2,18,88,22,20,54,65,37,87,122" hai2="96,134,21,71,68,92,80,117,42,116,9,53,6" hai3="51,23,133,45,86,58,10,94,19,28,64,29,66"/><U120/><E37/><V129/><F134/><W83/><G133/><T118/><D72/><U67/><E2/><V131/><F42/><N who="3" m="25015" /><G94/><T8/><D118/><U32/><E32/><V70/><F80/><W41/><G41/><T98/><D127/><U57/><E122/><V101/><F21/><N who="1" m="8297" /><E77/><V76/><F76/><N who="3" m="46439" /><G10/><T44/><D27/><U47/><E120/><V78/><F53/><W17/><G17/><T132/><D132/><U52/><E18/><V85/><F85/><W135/><G135/><T31/><D31/><N who="3" m="11849" /><G58/><N who="1" m="22026" /><E54/><V13/><REACH who="2" step="1"/><F78/><REACH who="2" ten="272,187,268,263" step="2"/><W81/><G81/><AGARI ba="0,1" hai="47,50,52,65,67,81,87,88" m="22026,8297" machi="81" ten="30,12000,1" yaku="8,1,52,2,54,2" doraHai="60" who="1" fromWho="3" sc="272,0,187,130,268,0,263,-120" /><INIT seed="5,1,0,2,5,10" ten="272,317,268,143" oya="1" hai0="33,97,55,109,116,130,88,25,108,65,75,35,9" hai1="47,27,127,85,32,15,26,43,39,106,72,68,64" hai2="133,36,54,1,96,6,78,93,98,122,46,107,74" hai3="112,102,82,121,31,113,17,70,24,115,5,18,66"/><U67/><E106/><V134/><F122/><W86/><G121/><T73/><D116/><U12/><E72/><V2/><F98/><W21/><G102/><T77/><D65/><N who="1" m="25163" /><E39/><V44/><F44/><W20/><G5/><T16/><D77/><U14/><E68/><V3/><F107/><W62/><REACH who="3" step="1"/><G20/><REACH who="3" ten="272,317,268,133" step="2"/><T49/><D35/><U118/><E32/><V50/><F6/><W4/><G4/><T119/><D33/><U89/><E118/><V13/><F133/><W41/><G41/><T19/><D119/><U48/><E127/><V129/><F134/><W104/><G104/><T103/><D103/><U105/><E105/><V58/><F129/><W42/><G42/><T63/><D130/><U8/><E8/><V123/><F123/><W79/><AGARI ba="1,1" hai="17,18,21,24,31,62,66,70,79,82,86,112,113,115" machi="79" ten="30,7900,0" yaku="1,1,0,1,15,1,53,1" doraHai="10" doraHaiUra="81" who="3" fromWho="3" sc="272,-21,317,-40,268,-21,133,92" /><INIT seed="6,0,0,2,4,24" ten="251,277,247,225" oya="2" hai0="62,78,60,118,5,123,97,55,63,69,82,81,33" hai1="46,21,67,0,80,75,53,101,36,93,64,54,113" hai2="111,104,131,116,10,43,57,74,102,87,73,48,117" hai3="29,124,86,130,3,11,9,20,13,132,61,18,133"/><V25/><F131/><W41/><G41/><T14/><D123/><U90/><E0/><V106/><F10/><W88/><G130/><T45/><D33/><U94/><E113/><V121/><F57/><W109/><G109/><T58/><D118/><N who="2" m="45674" /><F25/><N who="3" m="16551" /><G61/><T30/><D30/><U112/><E112/><V125/><F48/><W59/><G59/><T44/><D69/><U27/><E36/><V51/><F51/><W56/><G56/><T31/><D31/><U119/><E119/><V23/><F23/><N who="3" m="11727" /><G124/><T68/><D68/><U71/><E46/><N who="0" m="18025" /><D97/><U120/><E71/><V128/><F43/><W1/><G1/><T38/><D38/><U16/><E120/><V42/><F42/><W52/><G52/><T110/><D110/><U76/><E54/><V15/><F15/><W85/><G85/><N who="0" m="48311" /><D82/><U83/><E83/><V47/><F47/><W91/><G3/><T96/><D96/><U127/><E53/><V26/><F26/><W103/><G103/><T105/><D105/><N who="2" m="40554" /><F111/><W100/><G100/><T84/><D84/><U22/><E67/><V135/><F102/><W49/><G49/><T8/><AGARI ba="0,0" hai="5,8,14,55,58,60,62,63" m="48311,18025" machi="8" ten="30,1100,0" yaku="8,1" doraHai="24" who="0" fromWho="0" sc="251,11,277,-3,247,-5,225,-3" /><INIT seed="7,0,0,5,1,62" ten="262,274,242,222" oya="3" hai0="79,4,34,59,43,124,55,39,7,133,35,91,3" hai1="0,60,14,107,36,61,105,112,101,93,84,40,73" hai2="113,82,27,88,81,110,74,46,77,134,48,64,111" hai3="80,10,23,11,98,100,47,106,104,135,87,130,125"/><W17/><G135/><T86/><D79/><U5/><E73/><V72/><F113/><W85/><G130/><T26/><D133/><U25/><E112/><V97/><F134/><W58/><G125/><T114/><D114/><U89/><E0/><V12/><F27/><W50/><G106/><T90/><D124/><U109/><E109/><V1/><F1/><W2/><G58/><T71/><D71/><U9/><E25/><V122/><F122/><W65/><G65/><T8/><D7/><U45/><REACH who="1" step="1"/><E101/><REACH who="1" ten="262,264,242,222" step="2"/><V28/><F74/><W96/><G2/><T13/><D3/><U117/><E117/><V129/><F129/><W32/><G32/><T121/><D26/><U83/><E83/><V51/><F12/><W69/><G69/><T30/><D121/><U19/><E19/><V63/><F28/><W41/><G98/><T127/><D30/><U126/><E126/><V15/><F15/><W78/><REACH who="3" step="1"/><G87/><REACH who="3" ten="262,264,242,212" step="2"/><T123/><D127/><U128/><E128/><V56/><F97/><W22/><G22/><T95/><D123/><U20/><E20/><V75/><F75/><W18/><G18/><T57/><D34/><U102/><E102/><V131/><F131/><W108/><G108/><T119/><D35/><U53/><E53/><V33/><F33/><W99/><G99/><T67/><D55/><U24/><E24/><AGARI ba="0,2" hai="10,11,17,23,24,41,47,50,78,80,85,96,100,104" machi="24" ten="30,2900,0" yaku="1,1,7,1,53,0" doraHai="62" doraHaiUra="54" who="3" fromWho="1" sc="262,0,264,-29,242,0,212,49" /><INIT seed="7,1,0,3,2,96" ten="262,235,242,261" oya="3" hai0="67,77,93,71,88,98,111,112,27,0,2,63,126" hai1="61,59,94,49,43,83,74,72,118,54,121,26,52" hai2="33,37,132,89,69,73,62,80,92,129,14,12,100" hai3="75,125,107,127,101,4,18,116,84,134,35,65,7"/><W122/><G75/><T57/><D111/><U23/><E121/><V21/><F33/><W15/><G122/><T117/><D117/><U13/><E118/><V29/><F37/><W58/><G116/><T46/><D126/><N who="3" m="48137" /><G134/><T28/><D77/><U9/><E43/><V3/><F3/><W34/><G84/><T53/><D112/><U47/><E94/><V102/><F129/><W104/><G58/><T70/><D46/><U130/><E130/><V86/><F132/><W97/><G65/><T128/><D128/><U133/><E133/><V119/><F119/><W45/><G45/><T22/><REACH who="0" step="1"/><D70/><REACH who="0" ten="252,235,242,261" step="2"/><U91/><E91/><N who="2" m="51655" /><F69/><W120/><G120/><T79/><D79/><U5/><REACH who="1" step="1"/><E83/><REACH who="1" ten="252,225,242,261" step="2"/><V16/><F73/><W135/><G135/><T51/><AGARI ba="1,2" hai="0,2,22,27,28,51,53,57,63,67,71,88,93,98" machi="51" ten="20,12000,2" yaku="1,1,0,1,7,1,54,1,53,2" doraHai="96" doraHaiUra="32" who="0" fromWho="0" sc="252,143,225,-31,242,-31,261,-61" owari="395,50.0,194,-31.0,211,1.0,200,-20.0" /></mjloggm>