<mjloggm ver="2.3"><GO type="41"/><UN n0="%E3%83%87%E3%83%A2%E3%83%89%E3%83%AA" n1="%E3%82%A6%E3%83%AB%E3%83%88%E3%83%A9%E7%AB%8B%E7%9B%B4" n2="%E3%82%B5%E3%83%BB%E3%82%BB%E3%83%9C%E3%83%BC" n3="%E3%82%B5%E3%83%BC%E3%82%BB%E3%83%B3" dan="15,15,15,14" rate="2001,2000,1946,1866" sx="M,M,M,M"/><TAIKYOKU oya="0"/><INIT seed="0,0,0,1,1,86" ten="250,250,250,250" oya="0" hai0="46,118,3,120,129,116,25,0,121,110,1,122,132" hai1="53,66,69,22,123,40,111,133,18,11,125,16,63" hai2="109,47,44,82,50,96,107,68,61,34,135,56,65" hai3="80,58,108,31,42,101,55,64,81,114,92,30,2"/><T27/><D46/><U77/><E123/><V4/><F34/><W13/><G114/><T98/><D98/><U54/><E125/><V126/><F126/><W9/><G2/><T6/><D132/><U19/><E133/><V95/><F135/><W131/><G131/><T15/><D129/><U45/><E111/><V100/><F109/><W37/><G64/><T104/><D104/><U57/><E77/><V128/><F128/><W119/><G108/><T10/><REACH who="0" step="1"/><D110/><REACH who="0" step="2"/><U23/><E11/><V105/><F107/><W17/><G119/><AGARI ba="0,1" hai="0,1,3,6,10,15,25,27,116,118,119,120,121,122" machi="119" ten="50,12000,1" yaku="1,1,2,1,34,3,53,0" doraHai="86" doraHaiUra="89" who="0" fromWho="3" sc="240,130,250,0,250,0,250,-120" /><INIT seed="0,1,0,4,5,81" ten="370,250,250,130" oya="0" hai0="4,85,110,117,73,96,2,3,20,50,126,109,89" hai1="71,0,108,46,101,9,84,95,78,33,76,31,52" hai2="102,18,61,16,13,44,133,47,34,97,51,90,70" hai3="83,53,17,66,112,94,54,23,88,106,7,75,32"/><T30/><D73/><U15/><E0/><V1/><F1/><W114/><G106/><T59/><D117/><U123/><E71/><V100/><F34/><W104/><G32/><T119/><D119/><U122/><E33/><V64/><F133/><W65/><G104/><T124/><D96/><U130/><E31/><V6/><F6/><W129/><G7/><T21/><D2/><U113/><E113/><V36/><F36/><W86/><G129/><T41/><D4/><U105/><E105/><V5/><F5/><W132/><G132/><T134/><D134/><U120/><E130/><V98/><F90/><W55/><G114/><T29/><D41/><U28/><E28/><N who="0" m="10857" /><D50/><U60/><E15/><V116/><F116/><W37/><G37/><T27/><D59/><U12/><E12/><V40/><F47/><W135/><G135/><T19/><D21/><U127/><E9/><V69/><F69/><W82/><G112/><T42/><D42/><U35/><E35/><V24/><F24/><W38/><G38/><T107/><D107/><U10/><E10/><V56/><F70/><W74/><G74/><T39/><D39/><U125/><E46/><V25/><F25/><W43/><G43/><T67/><D67/><N who="3" m="25609" /><G75/><T115/><D115/><U118/><E118/><V77/><F13/><AGARI ba="1,0" hai="13,17,23,53,54,55,82,83,86,88,94" m="25609" machi="13" ten="30,3900,0" yaku="8,1,52,1,54,1" doraHai="81" who="3" fromWho="2" sc="370,0,250,0,250,-42,130,42" /><INIT seed="1,0,0,1,1,103" ten="370,250,208,172" oya="1" hai0="120,33,29,126,14,95,98,11,116,89,7,42,26" hai1="131,77,20,83,30,78,16,37,49,57,127,130,72" hai2="23,92,62,66,76,3,124,12,129,112,38,117,51" hai3="56,2,31,36,121,97,96,73,28,128,45,41,24"/><U27/><E37/><V40/><F3/><W75/><G121/><T34/><D116/><U133/><E78/><V70/><F38/><W81/><G28/><T110/><D110/><U32/><E127/><V104/><F104/><W106/><G2/><T61/><D120/><U79/><E79/><V102/><F117/><W93/><G128/><T60/><D34/><U123/><E123/><V90/><F124/><W4/><G4/><T99/><D126/><U118/><E118/><V87/><F129/><W10/><G10/><T19/><D42/><U134/><E130/><V109/><F109/><W91/><G81/><T47/><D47/><U64/><E131/><V68/><F112/><W100/><REACH who="3" step="1"/><G56/><REACH who="3" step="2"/><T84/><D7/><U122/><E122/><V85/><F70/><W6/><G6/><T108/><D108/><U35/><E30/><V107/><F68/><W67/><G67/><T86/><D29/><U0/><E0/><V15/><F66/><W17/><G17/><T58/><D58/><U46/><E35/><AGARI ba="0,1" hai="24,31,35,36,41,45,73,75,91,93,96,97,100,106" machi="35" ten="30,3900,0" yaku="1,1,7,1,52,1,53,0" doraHai="103" doraHaiUra="55" who="3" fromWho="1" sc="370,0,250,-39,208,0,162,49" /><INIT seed="2,0,0,2,2,48" ten="370,211,208,211" oya="2" hai0="87,26,44,25,59,32,36,39,3,121,42,16,131" hai1="96,114,47,29,9,71,62,78,50,89,61,37,82" hai2="113,94,117,2,11,67,33,86,15,107,93,91,68" hai3="35,101,122,104,57,17,31,108,56,106,12,95,51"/><V24/><F107/><W109/><G122/><T84/><D121/><U0/><E114/><V10/><F113/><W92/><G31/><T43/><D3/><U30/><E37/><V124/><F117/><W28/><G28/><T40/><D32/><U6/><E30/><V65/><F33/><W128/><G35/><T79/><D87/><U98/><E29/><V112/><F24/><W8/><G128/><T55/><D26/><U18/><E18/><V5/><F112/><W27/><G27/><T13/><D25/><U77/><E77/><V70/><F124/><W97/><G95/><T118/><D131/><U135/><E71/><V125/><F125/><W58/><REACH who="3" step="1"/><G51/><REACH who="3" step="2"/><T132/><D118/><U64/><E50/><V4/><REACH who="2" step="1"/><F94/><REACH who="2" step="2"/><W63/><G63/><N who="0" m="36351" /><D36/><U19/><E62/><V52/><F52/><W123/><G123/><T21/><D39/><U134/><E61/><V46/><F46/><W72/><G72/><T115/><D115/><U119/><E47/><V20/><F20/><W105/><AGARI ba="0,2" hai="8,12,17,56,57,58,92,97,101,104,105,106,108,109" machi="105" ten="40,2700,0" yaku="1,1,0,1,53,0" doraHai="48" doraHaiUra="130" who="3" fromWho="3" sc="370,-7,211,-7,198,-13,201,47" /><INIT seed="3,0,0,5,3,125" ten="363,204,185,248" oya="3" hai0="58,95,132,110,55,105,78,106,134,21,24,129,7" hai1="74,29,45,83,11,20,43,81,90,35,75,126,5" hai2="13,63,108,99,120,31,8,107,89,52,72,44,54" hai3="36,68,46,4,2,25,76,93,79,113,23,40,91"/><W87/><G113/><T128/><D78/><U15/><E126/><V96/><F72/><W60/><G4/><T49/><D95/><U48/><E35/><V61/><F31/><W47/><G46/><T3/><D3/><U112/><E112/><V1/><F1/><W85/><G2/><T53/><D7/><U92/><E75/><V124/><F124/><W17/><REACH who="3" step="1"/><G87/><REACH who="3" step="2"/><T100/><D134/><U51/><E74/><V0/><F44/><W109/><G109/><T14/><D132/><U6/><E6/><V131/><F0/><W27/><G27/><T62/><D110/><U84/><E51/><V16/><F108/><W41/><G41/><T127/><D127/><U117/><E117/><V97/><F120/><W50/><G50/><T12/><D14/><U94/><E81/><V10/><F13/><W26/><G26/><AGARI ba="0,1" hai="5,11,15,20,26,29,43,45,48,83,84,90,92,94" machi="26" ten="40,1300,0" yaku="8,1" doraHai="125" who="1" fromWho="3" sc="363,0,204,23,185,0,238,-13" /><INIT seed="4,0,0,2,0,64" ten="363,227,185,225" oya="0" hai0="115,7,21,53,54,94,131,100,124,1,63,118,77" hai1="32,24,43,125,37,113,59,99,101,57,23,9,36" hai2="26,34,89,65,126,98,71,95,66,104,97,93,12" hai3="74,80,41,128,46,47,68,56,110,121,50,122,133"/><T105/><D118/><U135/><E32/><V55/><F126/><W52/><G74/><T39/><D39/><U8/><E125/><V82/><F82/><W90/><G128/><T129/><D124/><U108/><E37/><V61/><F66/><W62/><G80/><T132/><D105/><U88/><E108/><V11/><F55/><W112/><G110/><T25/><D77/><U31/><E135/><V33/><F104/><W72/><G72/><T30/><D132/><U109/><E109/><V76/><F76/><W60/><G133/><T27/><D115/><U83/><E36/><V13/><F26/><W19/><G90/><T3/><D27/><U10/><E43/><V75/><F75/><W92/><G92/><T79/><D79/><U119/><E113/><V15/><REACH who="2" step="1"/><F11/><REACH who="2" step="2"/><W45/><G112/><T40/><D54/><U120/><E119/><V22/><F22/><W58/><G121/><T67/><D53/><U86/><REACH who="1" step="1"/><E120/><REACH who="1" step="2"/><V96/><F96/><W20/><G122/><T49/><D131/><U130/><E130/><V123/><F123/><W85/><G68/><T29/><D129/><U116/><E116/><V38/><F38/><W73/><G73/><T51/><D40/><U28/><E28/><V103/><AGARI ba="0,2" hai="12,13,15,33,34,61,65,71,89,93,95,97,98,103" machi="103" ten="30,4000,0" yaku="1,1,0,1,52,1,53,0" doraHai="64" doraHaiUra="69" who="2" fromWho="2" sc="363,-20,217,-10,175,60,225,-10" /><INIT seed="5,0,0,3,5,67" ten="343,207,235,215" oya="1" hai0="123,32,82,40,10,9,28,130,85,87,34,102,51" hai1="63,104,6,11,114,95,56,111,112,117,58,36,20" hai2="135,83,68,8,99,92,79,65,107,127,53,93,81" hai3="115,29,132,27,19,98,62,134,4,7,122,37,76"/><U1/><E104/><V74/><F107/><W133/><G122/><T125/><D123/><U106/><E106/><V121/><F121/><W39/><G76/><T57/><D102/><U55/><E117/><V22/><F83/><W120/><G120/><T50/><D28/><U44/><E111/><V100/><F127/><W13/><G98/><T89/><D125/><U110/><E110/><V14/><F93/><W131/><G62/><T69/><D69/><U124/><E124/><V49/><F135/><W80/><G80/><T59/><D82/><U24/><E58/><V38/><F38/><W71/><G71/><T103/><D103/><U30/><E95/><V86/><F22/><N who="3" m="11631" /><G39/><T2/><D89/><U54/><REACH who="1" step="1"/><E55/><REACH who="1" step="2"/><V26/><F53/><W94/><G94/><T33/><D57/><U31/><E31/><V52/><F52/><W105/><G105/><T42/><D59/><U3/><E3/><V77/><F92/><W35/><G37/><T15/><D2/><U12/><E12/><V90/><F14/><W128/><G115/><T25/><D15/><U75/><E75/><V108/><F74/><W23/><G35/><T70/><D33/><U60/><E60/><V61/><F61/><W96/><G96/><T119/><D34/><U91/><E91/><V129/><F90/><W45/><G45/><T126/><D32/><U84/><E84/><V16/><F86/><W88/><G88/><T48/><D87/><U66/><E66/><V46/><F65/><W21/><G21/><T109/><D85/><U118/><E118/><V17/><F108/><W0/><G0/><RYUUKYOKU ba="0,1" sc="343,-15,197,15,235,-15,215,15" hai1="1,6,11,20,24,30,36,44,54,56,63,112,114" hai3="4,7,23,27,29,128,131,132,133,134" /><INIT seed="5,1,1,2,4,63" ten="328,212,220,230" oya="1" hai0="10,64,47,116,30,29,134,121,83,90,15,81,24" hai1="19,8,36,45,59,65,104,23,42,132,71,106,60" hai2="99,122,114,4,38,128,16,115,112,57,14,37,119" hai3="32,98,66,12,76,117,102,88,7,48,72,22,67"/><U105/><E8/><N who="2" m="6215" /><F122/><W28/><G32/><T68/><D116/><U111/><E111/><V93/><F119/><W100/><G117/><T103/><D134/><U80/><E132/><V1/><F128/><W78/><G72/><T135/><D135/><U25/><REACH who="1" step="1"/><E80/><REACH who="1" step="2"/><V84/><F1/><W95/><G100/><T46/><D103/><U94/><E94/><V101/><F4/><W73/><G102/><T74/><D81/><U0/><E0/><V26/><F26/><N who="3" m="16471" /><G73/><T54/><D74/><U118/><E118/><V110/><F110/><W41/><G7/><T39/><D83/><U85/><E85/><V33/><F33/><W82/><G82/><T133/><D24/><U49/><E49/><V31/><F31/><W77/><G12/><T18/><D15/><U61/><E61/><V129/><F129/><W62/><G62/><T87/><D30/><U124/><E124/><V96/><F84/><W55/><G41/><T2/><D29/><U13/><E13/><V113/><F113/><W79/><G79/><T34/><D133/><U43/><E43/><V5/><F5/><W52/><G48/><T123/><D2/><U44/><E44/><V131/><F131/><W11/><G11/><T70/><D10/><U35/><E35/><V20/><F20/><W130/><G130/><T125/><D125/><U3/><E3/><V9/><F9/><W21/><G21/><T120/><D120/><U91/><E91/><N who="2" m="55359" /><F57/><AGARI ba="1,2" hai="19,23,25,36,42,45,57,59,60,65,71,104,105,106" machi="57" ten="40,3900,0" yaku="1,1,52,1,53,0" doraHai="63" doraHaiUra="126" who="1" fromWho="2" sc="328,0,202,62,220,-42,230,0" /><INIT seed="5,2,0,2,3,16" ten="328,264,178,230" oya="1" hai0="74,14,3,19,22,130,82,114,26,110,34,102,116" hai1="134,21,69,12,123,54,117,108,115,72,52,6,67" hai2="46,91,49,51,129,127,73,39,42,105,71,131,79" hai3="53,23,128,62,88,15,112,18,80,75,104,99,27"/><U107/><E123/><V93/><F105/><W100/><G128/><N who="2" m="49225" /><F71/><W68/><G112/><T45/><D130/><U33/><E33/><V101/><F101/><W29/><G75/><T4/><D116/><U61/><E117/><V44/><F127/><W133/><G133/><T103/><D110/><U13/><E115/><V50/><F46/><W11/><G68/><T60/><D60/><U59/><E134/><V81/><F93/><W43/><G43/><T57/><D57/><U120/><E120/><V77/><F79/><W37/><G37/><T122/><D114/><U94/><E107/><V124/><F124/><W70/><G70/><T2/><D45/><U25/><E72/><V135/><F135/><W65/><G65/><T10/><D2/><U83/><E83/><V20/><F91/><W119/><G119/><T106/><D106/><U90/><E108/><V24/><F39/><W7/><G62/><T66/><D66/><U56/><E69/><V38/><F38/><W63/><G63/><T47/><D47/><U30/><E30/><AGARI ba="2,0" hai="20,24,30,42,44,49,50,51,73,77,81" m="49225" machi="30" ten="30,2000,0" yaku="19,1,52,1" doraHai="16" who="2" fromWho="1" sc="328,0,264,-26,178,26,230,0" /><INIT seed="6,0,0,1,0,34" ten="328,238,204,230" oya="2" hai0="117,51,108,2,84,126,28,133,85,59,56,77,62" hai1="88,41,121,60,75,46,89,127,97,10,15,110,107" hai2="38,36,123,93,119,14,125,4,94,25,68,33,69" hai3="81,105,61,3,43,87,31,114,115,76,116,7,130"/><V66/><F123/><W104/><G116/><T101/><D108/><U8/><E75/><V82/><F119/><W21/><G43/><T11/><D117/><U71/><E110/><V58/><F125/><W23/><G31/><T120/><D120/><U74/><E74/><V39/><F58/><W135/><G61/><T35/><D101/><U48/><E127/><V9/><F82/><W118/><G118/><T92/><D126/><U80/><E121/><V57/><F57/><W73/><G135/><T65/><D77/><U52/><E107/><V18/><F66/><W54/><G54/><T26/><D92/><N who="1" m="56455" /><E71/><V45/><F45/><W70/><G70/><T19/><D133/><U124/><E124/><V0/><F69/><W103/><G130/><T63/><D51/><U13/><E60/><V27/><F68/><W109/><G109/><T30/><D30/><U67/><E67/><V42/><F42/><W37/><G37/><T98/><D98/><U79/><E79/><V64/><F64/><W32/><G32/><T12/><D2/><U99/><E41/><V122/><F122/><W96/><G105/><T29/><D29/><U78/><E78/><V112/><F36/><W134/><G134/><T24/><D24/><N who="2" m="9290" /><F33/><W20/><REACH who="3" step="1"/><G73/><REACH who="3" step="2"/><T95/><D95/><N who="2" m="36362" /><F38/><W53/><G53/><AGARI ba="0,1" hai="11,12,19,26,28,35,53,56,59,62,63,65,84,85" machi="53" ten="30,1000,0" yaku="7,1" doraHai="34" who="0" fromWho="3" sc="328,20,238,0,204,0,220,-10" /><INIT seed="7,0,0,2,3,16" ten="348,238,204,210" oya="3" hai0="52,44,42,107,129,105,38,57,0,87,104,51,5" hai1="98,70,2,28,34,25,18,79,106,61,119,29,124" hai2="110,83,123,117,131,114,20,132,62,24,109,3,74" hai3="82,80,116,120,69,134,19,64,9,39,6,133,14"/><W37/><G116/><T65/><D129/><U103/><E29/><V55/><F117/><W40/><G120/><T115/><D115/><U27/><E2/><V41/><F41/><W17/><G69/><T84/><D0/><U95/><E119/><V23/><F83/><N who="3" m="31787" /><G64/><T96/><D5/><U60/><E79/><V7/><F74/><W100/><G100/><T93/><REACH who="0" step="1"/><D65/><REACH who="0" step="2"/><U75/><E75/><V92/><F131/><W127/><G127/><T102/><AGARI ba="0,1" hai="38,42,44,51,52,57,84,87,93,96,102,104,105,107" machi="102" ten="30,7900,0" yaku="1,1,2,1,0,1,54,1,53,0" doraHai="16" doraHaiUra="32" who="0" fromWho="0" sc="338,89,238,-20,204,-20,210,-39" owari="427,53,218,2,184,-22,171,-33" /></mjloggm>