<mjloggm ver="2.3"><GO type="169"/><UN n0="%E7%AB%8B%E8%8F%AF%E5%A5%8F" n1="%E3%81%BF%E3%82%84%E3%81%93%E3%82%93%EF%BC%99%E6%AD%B3" n2="%EF%BC%88%E2%89%A7%E2%96%BD%E2%89%A6%EF%BC%89" n3="%E3%83%8F%E3%83%94%E3%83%8A%E5%90%8D%E6%8E%9B%E4%B8%81" dan="16,16,17,16" rate="2073,2064,2104,2070" sx="F,F,M,M"/><TAIKYOKU oya="0"/><INIT seed="0,0,0,0,3,67" ten="250,250,250,250" oya="0" hai0="7,50,131,27,20,52,115,75,72,15,116,89,51" hai1="35,108,25,2,134,122,101,40,18,36,38,93,17" hai2="66,119,16,64,21,78,59,29,3,111,110,82,8" hai3="42,31,68,24,94,55,87,1,54,10,14,12,109"/><T9/><D115/><U132/><E2/><V126/><F119/><W125/><G42/><T86/><D116/><U69/><E122/><V88/><F126/><W103/><G125/><T85/><D50/><U60/><E108/><N who="2" m="41515" /><F29/><W135/><G109/><T127/><D127/><U47/><E38/><V45/><F45/><W41/><G135/><N who="1" m="51754" /><E101/><V58/><F3/><W32/><G1/><T22/><D131/><U95/><E35/><V96/><F8/><W28/><G41/><T11/><D11/><U30/><E30/><V19/><F64/><W46/><G31/><T118/><D118/><U49/><E36/><V124/><F124/><W98/><G68/><T37/><D37/><U13/><E25/><N who="2" m="14503" /><F19/><N who="1" m="7177" /><E13/><V61/><F58/><W39/><G14/><T112/><D112/><U120/><E120/><V121/><F121/><W62/><G12/><T99/><D75/><U130/><E130/><V114/><F114/><W97/><G28/><N who="0" m="17511" /><D72/><U105/><E105/><V26/><F26/><W34/><G24/><T57/><D22/><U100/><E100/><V33/><F33/><W0/><G32/><T123/><D123/><U53/><E40/><V76/><F96/><W63/><G34/><T79/><D79/><U106/><E106/><V80/><F78/><W5/><G0/><T71/><D71/><U6/><E6/><V43/><F76/><W129/><G5/><T128/><D128/><U44/><E44/><V84/><F43/><W107/><G129/><T117/><D117/><U83/><E83/><AGARI ba="0,0" hai="59,61,66,80,82,83,84,88" m="14503,41515" machi="83" ten="30,3900,0" yaku="14,1,54,2" doraHai="67" who="2" fromWho="1" sc="250,0,250,-39,250,39,250,0" /><INIT seed="1,0,0,0,5,81" ten="250,211,289,250" oya="1" hai0="50,4,53,96,56,107,85,62,59,112,1,80,2" hai1="15,69,26,46,76,102,114,0,109,101,38,58,41" hai2="95,7,30,13,124,100,70,115,122,92,127,78,99" hai3="63,119,54,71,37,34,22,5,89,94,111,67,73"/><U51/><E0/><V17/><F70/><W65/><G73/><T40/><D112/><U6/><E114/><V45/><F115/><W110/><G34/><T64/><D40/><U87/><E69/><V103/><F122/><W21/><G119/><T24/><D24/><U97/><E109/><N who="3" m="41482" /><G37/><T86/><D4/><U36/><E26/><V75/><F30/><W19/><G5/><T23/><D23/><U123/><E123/><V77/><F7/><W44/><G22/><T117/><D117/><U27/><E27/><V42/><F75/><W9/><G9/><T60/><D50/><U134/><E134/><V104/><F77/><W90/><G90/><T31/><D31/><U28/><E28/><V121/><F78/><W113/><G113/><T98/><D80/><N who="1" m="47495" /><E58/><V130/><F121/><W39/><G71/><T11/><D11/><N who="1" m="4599" /><E102/><V83/><F103/><W128/><G128/><T72/><D72/><U74/><E74/><V52/><F130/><W32/><G32/><T10/><D10/><U49/><E49/><V91/><F100/><W8/><G8/><T131/><D131/><U79/><E79/><V125/><F125/><W16/><G39/><T48/><D48/><U20/><E20/><V18/><F127/><W135/><G135/><T82/><D82/><U116/><E116/><V66/><F83/><W126/><G126/><T55/><D107/><AGARI ba="0,0" hai="36,38,41,46,51,97,101,107" m="4599,47495" machi="107" ten="30,2900,0" yaku="25,1,52,1" doraHai="81" who="1" fromWho="0" sc="250,-29,211,29,289,0,250,0" /><INIT seed="1,1,0,2,1,8" ten="221,240,289,250" oya="1" hai0="57,117,27,12,111,21,2,47,81,112,10,87,66" hai1="88,32,90,121,28,63,3,119,35,97,124,59,26" hai2="49,118,98,100,34,19,22,38,99,51,44,132,106" hai3="16,20,110,55,64,86,103,133,134,104,60,54,78"/><U84/><E121/><V33/><F118/><W56/><G110/><T18/><D111/><U53/><E119/><V92/><F38/><W67/><G104/><T24/><D117/><U129/><E3/><V73/><F73/><W42/><G103/><T30/><D112/><U61/><E129/><V75/><F75/><W122/><G122/><T68/><D68/><U9/><E124/><V71/><F71/><W74/><G74/><T123/><D123/><U48/><E35/><V72/><F72/><W127/><G127/><T14/><D47/><U43/><E43/><V45/><F132/><N who="3" m="50795" /><G42/><T69/><D69/><U128/><E128/><V101/><F44/><W0/><G0/><T131/><D131/><U40/><E9/><V62/><F62/><W94/><G67/><T108/><D108/><U23/><E32/><V79/><F79/><W25/><G94/><T4/><D66/><U105/><E40/><V13/><REACH who="2" step="1"/><F49/><REACH who="2" ten="221,240,279,250" step="2"/><W46/><G46/><T109/><D109/><U29/><E63/><V70/><F70/><W125/><G125/><T95/><D57/><U91/><E48/><V6/><F6/><W82/><AGARI ba="1,1" hai="16,20,25,54,55,56,60,64,78,82,86" m="50795" machi="82" ten="30,2000,0" yaku="20,1,54,1" doraHai="8" who="3" fromWho="3" sc="221,-6,240,-11,279,-6,250,33" /><INIT seed="2,0,0,5,3,62" ten="215,229,273,283" oya="2" hai0="107,67,53,1,112,111,101,110,33,83,102,114,24" hai1="109,2,18,79,65,44,104,20,105,81,108,133,121" hai2="28,99,89,22,4,69,25,90,128,135,77,54,66" hai3="103,132,129,98,35,74,39,43,72,6,40,93,117"/><V30/><F135/><W106/><G117/><T31/><D1/><U71/><E2/><V87/><F128/><W63/><G132/><T50/><D83/><U42/><E133/><V48/><F4/><W5/><G129/><T36/><D36/><U29/><E29/><V127/><F127/><W47/><G35/><T97/><D102/><U126/><E126/><V95/><F30/><W7/><G40/><T100/><D100/><U68/><E121/><V32/><F77/><W130/><G130/><T10/><D10/><U76/><E20/><V17/><F69/><W119/><G119/><T38/><D38/><U21/><E21/><V13/><F66/><W115/><G115/><T85/><D85/><U80/><E18/><V55/><REACH who="2" step="1"/><F48/><REACH who="2" ten="215,229,263,283" step="2"/><W52/><G106/><T88/><D67/><U122/><E122/><V118/><F118/><W116/><G116/><T61/><D50/><U16/><E16/><V96/><F96/><W64/><G64/><T123/><D114/><U134/><E134/><V46/><F46/><W11/><G5/><T70/><D112/><U26/><E44/><V131/><F131/><W82/><G7/><T49/><D123/><U8/><E65/><V37/><F37/><W92/><G6/><T60/><D70/><U94/><E68/><V12/><F12/><W9/><G39/><T0/><D97/><U57/><E71/><V15/><F15/><W78/><G47/><T86/><D31/><U27/><E104/><V58/><F58/><W56/><G98/><T113/><D107/><U59/><E105/><V51/><F51/><W75/><G78/><RYUUKYOKU ba="0,1" sc="215,-10,229,-10,263,30,283,-10" hai2="13,17,22,25,28,32,54,55,87,89,90,95,99" /><INIT seed="2,1,1,3,3,100" ten="205,219,293,273" oya="2" hai0="96,132,102,125,42,123,121,60,17,51,24,120,54" hai1="47,116,5,89,22,77,83,91,71,19,13,108,8" hai2="33,128,118,126,115,48,0,127,78,53,131,38,16" hai3="84,105,82,50,35,65,37,86,113,32,70,41,55"/><V43/><F0/><W26/><G113/><T104/><D125/><N who="2" m="47626" /><F33/><W52/><G37/><T76/><D132/><U97/><E116/><V28/><F28/><W29/><G41/><T3/><D3/><U25/><E108/><V10/><F78/><W34/><G55/><T61/><D76/><U15/><E71/><V64/><F115/><W1/><G1/><T39/><D42/><U18/><E47/><N who="2" m="24055" /><F118/><W27/><G65/><T74/><D39/><U56/><E56/><N who="2" m="32807" /><F64/><W7/><G7/><T88/><D74/><U106/><E77/><V103/><F103/><W110/><G26/><T23/><REACH who="0" step="1"/><D88/><REACH who="0" ten="195,219,293,273" step="2"/><U112/><E91/><V68/><F68/><W109/><G70/><T36/><D36/><U2/><E112/><V85/><F85/><W101/><G84/><T87/><D87/><U14/><E89/><V73/><F73/><W114/><G114/><T92/><D92/><U69/><E69/><V119/><F119/><W98/><G86/><T4/><D4/><U135/><E83/><V94/><F94/><W49/><G49/><T75/><D75/><U57/><E2/><V134/><F134/><W66/><G82/><T63/><D63/><U46/><E5/><V90/><F90/><W9/><G50/><T20/><D20/><U93/><E22/><V130/><F131/><W40/><G34/><T31/><D31/><U72/><E135/><V67/><F130/><W107/><G35/><T117/><D117/><U62/><E72/><V79/><F128/><W30/><G30/><T124/><D124/><U12/><E93/><V59/><F79/><W6/><G32/><RYUUKYOKU ba="1,2" sc="195,30,219,-10,293,-10,273,-10" hai0="17,23,24,51,54,60,61,96,102,104,120,121,123" /><INIT seed="3,2,2,2,4,132" ten="225,209,283,263" oya="3" hai0="67,37,19,89,106,128,123,56,51,85,31,35,65" hai1="114,12,116,86,46,25,126,11,122,117,121,75,77" hai2="71,91,97,48,42,39,134,130,129,104,80,18,111" hai3="20,41,30,79,103,72,127,9,93,84,82,3,52"/><W100/><G41/><T7/><D123/><N who="1" m="47115" /><E46/><N who="2" m="25687" /><F39/><W28/><G3/><T73/><D37/><U119/><E75/><V0/><F0/><W62/><G9/><T90/><D73/><U88/><E77/><V58/><F71/><W69/><G69/><T83/><D106/><U4/><E25/><V5/><F5/><W131/><G30/><T27/><D7/><U120/><E120/><V76/><F134/><W43/><G43/><T107/><D107/><U96/><E96/><V68/><F68/><W45/><G28/><T21/><D128/><N who="2" m="49258" /><F111/><W1/><G131/><T15/><REACH who="0" step="1"/><D90/><REACH who="0" ten="215,209,283,263" step="2"/><U8/><E114/><V2/><F104/><W17/><G72/><T115/><D115/><U6/><E88/><V36/><F36/><W26/><G79/><T47/><D47/><U49/><E4/><V53/><F91/><W74/><G45/><T64/><D64/><U101/><E6/><V94/><F2/><W16/><G1/><T133/><D133/><U24/><E117/><V63/><F76/><W60/><G74/><T66/><D66/><U10/><E116/><V118/><F118/><W22/><G103/><T112/><D112/><U40/><E101/><N who="2" m="60599" /><F80/><W98/><G82/><T32/><D32/><U102/><E102/><V124/><F124/><W78/><G127/><T33/><D33/><U105/><E105/><V109/><F109/><W125/><G125/><T87/><D87/><U57/><E86/><V99/><F99/><W55/><G84/><T108/><D108/><U81/><E81/><V95/><F95/><W70/><G78/><T110/><D110/><U61/><E126/><RYUUKYOKU ba="2,3" sc="215,15,209,-15,283,15,263,-15" hai0="15,19,21,27,31,35,51,56,65,67,83,85,89" hai2="18,53,58,63" /><INIT seed="4,3,3,5,1,23" ten="230,194,298,248" oya="0" hai0="105,122,124,130,35,119,79,134,5,128,24,109,9" hai1="6,68,56,7,81,44,51,102,85,64,63,74,17" hai2="89,78,25,10,110,42,16,45,75,60,77,26,126" hai3="114,12,94,97,48,117,135,108,13,67,38,129,27"/><T125/><D105/><U37/><E74/><V65/><F110/><W1/><G108/><T59/><D109/><U83/><E102/><V91/><F126/><N who="0" m="48746" /><D79/><N who="2" m="30218" /><F75/><W11/><G117/><T98/><D119/><U82/><E85/><V100/><F100/><W131/><G135/><T111/><D111/><U121/><E121/><V50/><F65/><W15/><G114/><T90/><D59/><U21/><E68/><V99/><F60/><W70/><G38/><T43/><D43/><N who="1" m="24991" /><E37/><V28/><F28/><W32/><G48/><T57/><D57/><U69/><E69/><V47/><F47/><W55/><G55/><T58/><D58/><U36/><E36/><V41/><F41/><W22/><G32/><T19/><D122/><U127/><E127/><V104/><F104/><W14/><G67/><T66/><D66/><U18/><E18/><V123/><F123/><W40/><G40/><T31/><D19/><U93/><E93/><N who="2" m="56751" /><F91/><N who="3" m="55519" /><G70/><T49/><D49/><U61/><E61/><V52/><F42/><W3/><G11/><T62/><D62/><U76/><E76/><V118/><F118/><W54/><G54/><T96/><D134/><U87/><E87/><V34/><F34/><W84/><G84/><T106/><D106/><U115/><E115/><V88/><F88/><W46/><G46/><T33/><D33/><U2/><E2/><V107/><F107/><W86/><G86/><T53/><D53/><U113/><E113/><V30/><F30/><W72/><G72/><T39/><D39/><U101/><E101/><V103/><F103/><W95/><N who="3" m="3072" /><DORA hai="133" /><W132/><G132/><RYUUKYOKU ba="3,3" sc="230,-15,194,15,298,15,248,-15" hai1="6,7,17,21,56,63,64,81,82,83" hai2="10,16,25,26,45,50,52" /><INIT seed="5,4,3,4,2,89" ten="215,209,313,233" oya="1" hai0="20,91,27,74,102,84,98,95,9,72,120,1,103" hai1="53,24,126,131,67,16,115,94,96,78,121,99,17" hai2="100,18,93,101,122,61,45,33,49,97,48,124,29" hai3="88,105,125,50,42,119,22,11,116,62,14,56,0"/><U104/><E121/><V44/><F124/><W54/><G105/><T68/><D68/><U39/><E39/><V86/><F122/><W52/><G125/><T36/><D36/><U118/><E118/><N who="3" m="45098" /><G0/><T70/><D70/><U77/><E126/><V114/><F114/><W6/><G22/><T132/><D120/><U12/><E115/><V76/><F33/><W32/><G32/><T58/><D132/><U59/><E131/><V83/><F29/><W2/><G2/><T41/><D41/><U111/><E67/><V80/><F61/><W7/><G42/><T23/><D23/><N who="1" m="13415" /><E96/><V85/><F18/><N who="3" m="8543" /><G88/><T108/><D108/><U87/><E104/><V133/><F101/><W65/><G54/><T28/><D103/><N who="1" m="60919" /><E87/><V46/><F133/><W82/><G82/><T51/><D1/><U117/><E111/><V110/><F110/><W123/><G123/><T63/><D51/><N who="1" m="31167" /><E117/><V60/><F60/><W73/><G73/><T55/><REACH who="0" step="1"/><D9/><AGARI ba="4,3" hai="9,12,17,77,78" m="31167,60919,13415" machi="9" ten="30,5800,0" yaku="8,1,52,1,54,1" doraHai="89" who="1" fromWho="0" sc="215,-70,209,100,313,0,233,0" /><INIT seed="5,5,0,4,1,30" ten="145,309,313,233" oya="1" hai0="35,22,68,27,15,70,96,21,34,119,90,131,79" hai1="38,23,1,40,39,18,95,76,9,75,77,61,72" hai2="106,55,8,74,24,135,121,123,112,59,13,84,97" hai3="62,81,60,12,92,122,130,32,113,103,54,94,5"/><U16/><E61/><V36/><F36/><W88/><G122/><T43/><D119/><U17/><E23/><V3/><F3/><W108/><G108/><T66/><D131/><U11/><E95/><V45/><F74/><N who="1" m="28201" /><E40/><V133/><F121/><W100/><G130/><T6/><D79/><N who="1" m="30283" /><E1/><V73/><F73/><W86/><G32/><T69/><D66/><U127/><E127/><V111/><F123/><W44/><G113/><T134/><D43/><U63/><E63/><N who="3" m="24106" /><G92/><T52/><D134/><U7/><E7/><V132/><F135/><W51/><G94/><T33/><D96/><U50/><E50/><V124/><F133/><W125/><G125/><T117/><D117/><U89/><E89/><V56/><F124/><W19/><G5/><T0/><D90/><U118/><E118/><V115/><F132/><W14/><G14/><T120/><D120/><U114/><E114/><V129/><F13/><W83/><G83/><T57/><D0/><U37/><AGARI ba="5,0" hai="9,11,16,17,18,37,38,39" m="30283,28201" machi="37" ten="40,7800,0" yaku="28,2,54,1" doraHai="30" who="1" fromWho="1" sc="145,-31,309,93,313,-31,233,-31" /><INIT seed="5,6,0,2,0,67" ten="114,402,282,202" oya="1" hai0="1,133,73,113,86,96,56,111,78,48,70,129,116" hai1="45,79,16,8,126,47,76,100,61,108,15,35,125" hai2="102,34,89,58,22,43,52,23,60,90,19,38,13" hai3="119,97,46,40,94,49,85,114,107,9,83,59,101"/><U54/><E35/><V98/><F34/><W11/><G114/><T88/><D1/><U66/><E100/><V26/><F43/><W121/><G121/><T2/><D2/><U80/><E108/><V18/><REACH who="2" step="1"/><F38/><REACH who="2" ten="114,402,272,202" step="2"/><W110/><G110/><T32/><D32/><U128/><E128/><V37/><F37/><W82/><G119/><T77/><D111/><U44/><E54/><V105/><AGARI ba="6,1" hai="13,18,19,22,23,26,52,58,60,89,90,98,102,105" machi="105" ten="20,5200,0" yaku="1,1,0,1,7,1,54,1,53,0" doraHai="67" doraHaiUra="64" who="2" fromWho="2" sc="114,-19,402,-32,272,80,202,-19" /><INIT seed="6,0,0,3,3,44" ten="95,370,352,183" oya="2" hai0="26,128,0,7,116,59,21,58,33,10,34,16,22" hai1="92,96,129,14,105,120,27,41,69,19,48,39,122" hai2="17,15,101,62,93,73,51,64,119,53,115,123,80" hai3="42,24,83,121,127,71,31,107,65,111,88,97,8"/><V87/><F123/><N who="1" m="47145" /><E105/><V130/><F119/><W126/><G121/><T125/><D59/><U102/><E69/><V45/><F130/><W13/><G111/><T84/><D58/><U104/><E102/><V49/><F115/><W135/><G42/><T55/><D55/><U82/><E82/><V60/><F73/><W5/><G135/><T91/><D116/><U86/><E86/><V63/><F64/><W110/><G110/><T37/><D37/><U67/><E67/><V32/><F32/><N who="0" m="12394" /><D91/><N who="1" m="55327" /><E27/><V4/><F101/><N who="3" m="62895" /><G65/><T108/><D84/><U56/><E104/><V74/><F74/><W30/><G24/><N who="0" m="14375" /><D108/><U36/><E129/><V112/><F93/><W103/><G71/><T117/><D128/><U76/><E76/><V98/><F98/><W131/><G131/><T29/><D117/><U18/><E56/><N who="2" m="32831" /><F87/><N who="3" m="50303" /><G103/><T47/><D47/><N who="1" m="25711" /><E14/><V61/><F15/><W89/><G89/><T54/><D54/><U94/><E94/><V23/><F63/><W133/><G133/><T90/><D90/><U35/><E35/><V77/><F62/><W28/><G13/><T2/><D125/><U12/><E12/><AGARI ba="0,0" hai="0,2,7,10,12,22,26,29" m="14375,12394" machi="12" ten="30,12000,2" yaku="35,5,54,1" doraHai="44" who="0" fromWho="1" sc="95,120,370,-120,352,0,183,0" /><INIT seed="7,0,0,4,0,22" ten="215,250,352,183" oya="3" hai0="24,108,87,75,55,109,128,40,14,80,2,97,42" hai1="76,85,110,74,121,93,7,79,114,122,94,117,48" hai2="53,61,105,67,120,12,133,11,63,6,56,5,31" hai3="15,4,84,124,113,88,123,20,62,35,86,77,100"/><W19/><G123/><N who="1" m="47114" /><E48/><N who="2" m="30759" /><F105/><W99/><G113/><T27/><D2/><U73/><E7/><N who="2" m="3199" /><F120/><W70/><G124/><T65/><D75/><N who="1" m="28683" /><E110/><V37/><F133/><W125/><G35/><T23/><D128/><U66/><E66/><V10/><F37/><W26/><G125/><T112/><D112/><U89/><E114/><V69/><F69/><W41/><G41/><T38/><D38/><U130/><E130/><V16/><F31/><W46/><G46/><T51/><D65/><U13/><E13/><N who="2" m="7223" /><F67/><W47/><G47/><T30/><D109/><U34/><E34/><V58/><F58/><W126/><G126/><T82/><D108/><U78/><E117/><V36/><F36/><W57/><G70/><T54/><D97/><U52/><E52/><N who="0" m="20009" /><D51/><U28/><E28/><V104/><F104/><W118/><G118/><T95/><D42/><U50/><E50/><V43/><F43/><W102/><G77/><T3/><D3/><U45/><E45/><V72/><F72/><W81/><G4/><AGARI ba="0,0" hai="4,5,6,61,63" m="7223,3199,30759" machi="4" ten="30,2000,0" yaku="8,1,54,1" doraHai="22" who="2" fromWho="3" sc="215,0,250,0,352,20,183,-20" owari="215,-18.0,250,5.0,372,47.0,163,-34.0" /></mjloggm>