<mjloggm ver="2.3"><GO type="41"/><UN n0="%E6%98%9F%E9%99%8D%E3%82%8B%E5%A4%9C" n1="%E3%83%8F%E3%82%AF%E3%82%B5%E3%83%B3%E3%83%80%E3%83%BC" n2="%E3%82%A6%E3%83%AB%E3%83%88%E3%83%A9%E7%AB%8B%E7%9B%B4" n3="%E3%82%B5%E3%83%A0%E3%83%A9%E3%82%A4%E3%83%80%E3%83%BC%E3%80%82" dan="15,14,15,13" rate="2174,1902,1996,1835" sx="F,M,M,M"/><TAIKYOKU oya="0"/><INIT seed="0,0,0,5,2,132" ten="250,250,250,250" oya="0" hai0="80,52,110,117,20,37,23,109,124,67,82,17,60" hai1="1,30,75,116,77,130,39,7,48,57,16,50,43" hai2="35,44,134,3,59,69,15,33,94,64,78,104,112" hai3="24,6,103,100,125,41,49,40,89,86,90,71,84"/><T119/><D37/><U107/><E116/><V111/><F94/><W58/><G71/><T95/><D95/><U9/><E107/><V114/><F15/><W55/><G6/><T28/><D28/><U113/><E130/><V108/><F59/><W87/><G24/><T66/><D52/><U36/><E113/><V21/><F21/><W29/><G29/><T65/><D60/><U122/><E122/><V72/><F44/><W93/><G125/><T45/><D124/><U105/><E105/><V54/><F54/><W46/><G41/><T81/><D45/><N who="1" m="23783" /><E39/><V4/><F104/><W53/><G53/><T99/><D99/><U8/><E57/><V102/><F102/><W106/><G106/><T38/><D38/><U128/><E128/><V127/><F134/><W63/><G87/><T97/><D97/><U79/><E79/><V27/><F127/><W91/><G91/><T88/><D88/><U25/><E30/><V120/><F112/><W14/><REACH who="3" step="1"/><G14/><REACH who="3" ten="250,250,250,240" step="2"/><T0/><D0/><U83/><E25/><V26/><F27/><W13/><G13/><AGARI ba="0,1" hai="1,7,8,9,13,16,48,50,75,77,83" m="23783" machi="13" ten="30,2000,0" yaku="25,1,54,1" doraHai="132" who="1" fromWho="3" sc="250,0,250,30,250,0,240,-20" /><INIT seed="1,0,0,4,5,127" ten="250,280,250,220" oya="1" hai0="22,67,41,134,31,35,7,122,100,34,110,18,83" hai1="51,17,62,120,63,131,84,48,39,37,90,104,23" hai2="123,94,85,33,43,132,97,49,12,13,125,96,15" hai3="114,129,4,78,115,88,133,92,108,76,30,50,65"/><U124/><E124/><V69/><F69/><W109/><G65/><T119/><D119/><U68/><E120/><V6/><F33/><W64/><G64/><T82/><D67/><U121/><E121/><V14/><F125/><W8/><G30/><T105/><D122/><U77/><E77/><N who="3" m="29802" /><G50/><T16/><D7/><U54/><E104/><V57/><F123/><W91/><G133/><T27/><D134/><U52/><E23/><V107/><F107/><W21/><G21/><T25/><D41/><U61/><E84/><V75/><F132/><W11/><G129/><T59/><D59/><N who="1" m="33159" /><E17/><V103/><F6/><W0/><G11/><T70/><D70/><U112/><E112/><V45/><F12/><W44/><G44/><T89/><D22/><U130/><E90/><N who="3" m="34346" /><G92/><T3/><D3/><U46/><E68/><V72/><F13/><W29/><G29/><T19/><D31/><U1/><E1/><V56/><F15/><W66/><G66/><T87/><D27/><U36/><AGARI ba="0,0" hai="36,37,39,46,51,54,61,62,63,130,131" m="33159" machi="36" ten="40,12000,1" yaku="34,2,52,2,54,1" doraHai="127" who="1" fromWho="1" sc="250,-40,280,120,250,-40,220,-40" /><INIT seed="1,1,0,1,5,129" ten="210,400,210,180" oya="1" hai0="117,126,44,21,123,79,88,43,36,13,53,2,4" hai1="33,105,103,115,110,26,38,99,50,48,62,74,130" hai2="116,0,76,122,67,95,133,83,128,49,8,9,65" hai3="58,19,32,46,114,22,90,121,82,5,84,135,119"/><U104/><E130/><V18/><F128/><W55/><G32/><T28/><D117/><U112/><E38/><V20/><F122/><W134/><G121/><T109/><D123/><U52/><E74/><V64/><F116/><W102/><G119/><T37/><D37/><U34/><E110/><V92/><F49/><W15/><G114/><T111/><D126/><U77/><E77/><V70/><F70/><W80/><G102/><T57/><D2/><U89/><E89/><V125/><F0/><W120/><G5/><T27/><D79/><U31/><E34/><V56/><F56/><W132/><G46/><T61/><D4/><U131/><E131/><V100/><F125/><W107/><G107/><T108/><D13/><U42/><E104/><V35/><F35/><W113/><G113/><T91/><AGARI ba="1,0" hai="21,27,28,36,43,44,53,57,61,88,91,108,109,111" machi="91" ten="40,5200,0" yaku="0,1,14,1,54,1" doraHai="129" who="0" fromWho="0" sc="210,55,400,-27,210,-14,180,-14" /><INIT seed="2,0,0,4,0,4" ten="265,373,196,166" oya="2" hai0="95,12,80,67,0,125,61,62,100,55,78,60,111" hai1="45,84,120,70,30,94,28,17,82,34,75,86,13" hai2="87,33,1,76,14,92,101,19,114,18,96,9,109" hai3="124,77,83,27,131,74,107,58,113,132,68,65,90"/><V102/><F33/><W42/><G68/><T23/><D0/><U3/><E3/><V134/><F114/><W99/><G113/><T85/><D125/><U38/><E70/><V97/><F1/><W135/><G124/><T29/><D111/><U73/><E120/><V8/><F109/><W119/><G42/><T103/><D67/><U2/><E2/><V57/><F134/><N who="3" m="51243" /><G27/><T50/><D95/><U79/><E34/><V128/><F128/><W52/><G65/><T10/><D23/><U5/><E5/><V39/><F39/><W25/><G25/><T123/><D29/><U31/><E84/><V48/><F48/><W116/><G131/><T71/><D71/><U47/><E94/><N who="2" m="58519" /><F57/><W11/><G11/><N who="2" m="4169" /><F14/><W32/><G32/><T35/><D35/><U81/><E38/><V129/><F129/><W16/><G16/><N who="2" m="6185" /><F87/><W66/><G66/><T130/><D123/><U21/><E86/><V44/><F44/><W91/><G116/><T115/><D115/><U53/><E53/><V105/><F105/><W43/><G43/><T93/><D130/><U106/><E106/><V118/><F118/><W64/><G64/><T89/><D12/><U20/><E20/><V7/><F7/><W127/><G119/><T121/><D121/><U56/><E56/><V117/><F117/><W72/><G72/><T41/><D41/><U26/><E13/><V46/><F46/><W6/><G6/><T51/><D55/><U22/><E22/><V37/><F37/><W63/><G127/><T133/><D133/><U88/><E75/><V59/><F59/><W104/><G104/><RYUUKYOKU ba="0,0" sc="265,-30,373,10,196,10,166,10" hai1="17,21,26,28,30,31,45,47,73,79,81,82,88" hai2="76,92,97,102" hai3="52,58,63,74,77,83,90,91,99,107" /><INIT seed="2,1,0,0,1,87" ten="235,383,206,176" oya="2" hai0="109,8,11,18,84,35,70,96,82,67,111,105,83" hai1="92,64,28,7,51,116,97,34,55,54,102,27,91" hai2="10,44,108,69,104,113,133,39,66,5,132,103,126" hai3="100,129,106,80,71,53,85,14,4,122,26,23,60"/><V41/><F113/><W78/><G122/><T56/><D35/><U43/><E116/><V2/><F126/><W47/><G129/><T68/><D68/><U118/><E118/><V101/><F101/><W37/><G106/><T57/><D70/><U135/><E135/><V3/><F3/><W52/><G100/><T15/><D83/><U1/><E1/><V0/><F0/><W36/><G71/><T25/><D105/><U130/><E7/><V30/><F30/><W128/><G128/><T90/><D96/><U32/><E130/><V59/><F59/><W93/><G93/><T62/><D25/><U107/><E64/><V125/><F125/><W61/><G37/><T12/><REACH who="0" step="1"/><D57/><REACH who="0" ten="225,383,206,176" step="2"/><U49/><E34/><V86/><F86/><W124/><G124/><T76/><D76/><U73/><E73/><V120/><F120/><W40/><G85/><T112/><D112/><U98/><E32/><V29/><F132/><W31/><G80/><T117/><D117/><U79/><E79/><V134/><F133/><W38/><G78/><T58/><D58/><U65/><E27/><V50/><F134/><W127/><G127/><T48/><D48/><U110/><E49/><V20/><F50/><W45/><G60/><T121/><D121/><U63/><E51/><V16/><F104/><W95/><G61/><T89/><D89/><U114/><E63/><V21/><F103/><W42/><G95/><T94/><D94/><U6/><E102/><V115/><F115/><W131/><G131/><T77/><D77/><U46/><E114/><V88/><F69/><W19/><G4/><AGARI ba="1,1" hai="4,8,11,12,15,18,56,62,67,82,84,90,109,111" machi="4" ten="40,5200,0" yaku="1,1,6,1,52,1,53,0" doraHai="87" doraHaiUra="72" who="0" fromWho="3" sc="225,65,383,0,206,0,176,-55" /><INIT seed="3,0,0,2,0,50" ten="290,383,206,121" oya="3" hai0="4,102,55,97,24,76,133,96,28,113,8,54,108" hai1="58,43,90,130,19,114,31,78,85,52,23,116,107" hai2="42,122,15,115,126,92,49,14,72,134,83,47,84" hai3="91,0,128,69,34,62,13,26,131,118,27,71,38"/><W10/><G38/><T41/><D133/><U6/><E114/><V81/><F115/><W103/><G118/><T79/><D108/><U21/><E107/><V22/><F122/><W74/><G74/><T95/><D41/><U48/><E6/><V98/><F134/><W33/><G103/><T110/><D110/><U63/><E78/><V44/><F126/><W109/><G109/><T16/><D97/><U35/><E35/><N who="3" m="13322" /><G91/><T39/><D39/><U129/><E31/><V89/><F72/><W100/><G100/><T67/><D67/><U82/><E116/><V30/><F83/><W77/><G77/><N who="0" m="29771" /><D28/><U93/><E82/><V37/><F81/><W132/><G132/><T29/><D29/><U9/><E9/><V65/><F65/><N who="3" m="41143" /><G71/><T125/><D125/><U45/><E21/><V94/><F94/><W2/><G13/><N who="0" m="5255" /><D113/><U80/><E80/><V12/><F84/><W5/><G2/><T56/><D56/><U53/><E43/><V101/><F101/><W64/><G64/><T7/><D7/><U36/><E36/><V105/><F105/><W112/><G112/><T32/><D32/><U111/><E111/><V60/><F60/><W124/><G124/><T119/><D119/><U25/><AGARI ba="0,0" hai="19,23,25,45,48,52,53,58,63,85,90,93,129,130" machi="25" ten="30,7900,0" yaku="0,1,52,2,54,1" doraHai="50" who="1" fromWho="1" sc="290,-20,383,79,206,-20,121,-39" /><INIT seed="4,0,0,5,0,80" ten="270,462,186,82" oya="0" hai0="75,99,43,107,120,106,111,121,98,14,79,9,12" hai1="25,53,55,48,89,131,84,30,70,129,68,41,134" hai2="109,65,85,16,116,81,26,6,45,69,52,57,93" hai3="115,95,38,50,22,28,36,77,119,56,113,8,35"/><T4/><D43/><U19/><E134/><V47/><F109/><W78/><G35/><T0/><D111/><U40/><E19/><V2/><F69/><W18/><G28/><T61/><D61/><U112/><E112/><N who="3" m="43082" /><G8/><T34/><D34/><U27/><E27/><V122/><F2/><W102/><G119/><T114/><D114/><U88/><E89/><V46/><F116/><W58/><G102/><N who="0" m="62807" /><D12/><U5/><E5/><V128/><F128/><N who="1" m="49225" /><E55/><V21/><F122/><W83/><G50/><T74/><D14/><U7/><E7/><V94/><F65/><W125/><G125/><T86/><D86/><U92/><E53/><V123/><F6/><W133/><G133/><T71/><D71/><N who="1" m="27179" /><E48/><N who="2" m="30855" /><F123/><N who="0" m="47178" /><D79/><AGARI ba="0,0" hai="16,21,26,45,46,47,79,81,85,93,94" m="30855" machi="79" ten="30,7700,0" yaku="8,1,52,1,54,2" doraHai="80" who="2" fromWho="0" sc="270,-77,462,0,186,77,82,0" /><INIT seed="5,0,0,5,0,97" ten="193,462,263,82" oya="1" hai0="87,67,94,56,83,14,116,119,48,118,68,23,16" hai1="98,111,77,125,17,43,7,110,31,130,61,60,90" hai2="115,32,132,103,62,28,109,85,133,100,75,24,121" hai3="64,53,91,18,3,38,51,131,15,126,134,29,102"/><U1/><E125/><V66/><F75/><W41/><G3/><T101/><D68/><U0/><E77/><V25/><F121/><W55/><G126/><T135/><D135/><N who="2" m="51786" /><F109/><N who="1" m="41481" /><E31/><N who="2" m="19559" /><F85/><W86/><G38/><T106/><D106/><U95/><E130/><V57/><F115/><W52/><G134/><T89/><D67/><U76/><E76/><V27/><F27/><W59/><G131/><T124/><D124/><U92/><E43/><V13/><F13/><W6/><G29/><T45/><D56/><U5/><E17/><V19/><F19/><W26/><G26/><T78/><D78/><U20/><E20/><AGARI ba="0,0" hai="20,25,28,57,62,66,100,103" m="19559,51786" machi="20" ten="30,3900,0" yaku="20,1,52,2" doraHai="97" who="2" fromWho="1" sc="193,0,462,-39,263,39,82,0" /><INIT seed="6,0,0,0,5,36" ten="193,423,302,82" oya="2" hai0="11,10,79,43,3,117,65,102,134,95,116,18,56" hai1="86,89,132,61,20,118,67,45,99,100,120,49,70" hai2="24,58,125,106,2,53,88,105,12,54,112,13,77" hai3="57,29,33,129,123,94,37,90,97,4,73,52,104"/><V9/><F2/><W74/><G123/><T28/><D79/><U39/><E39/><V19/><F77/><W35/><G129/><T85/><D28/><U92/><E132/><V76/><F76/><W50/><G4/><T23/><D134/><U128/><E128/><V32/><F106/><W110/><G110/><T103/><D103/><U83/><E20/><V31/><F105/><W91/><G37/><T46/><D11/><U121/><E118/><V17/><F125/><W69/><G69/><T42/><D46/><U133/><E133/><V40/><F112/><W41/><G104/><T124/><D124/><U60/><E60/><V22/><F40/><W107/><G107/><T8/><D8/><U55/><AGARI ba="0,0" hai="45,49,55,61,67,70,83,86,89,92,99,100,120,121" machi="55" ten="30,1100,0" yaku="0,1" doraHai="36" who="1" fromWho="1" sc="193,-3,423,11,302,-5,82,-3" /><INIT seed="7,0,0,3,2,61" ten="190,434,297,79" oya="3" hai0="22,21,9,12,56,96,35,97,68,47,33,54,32" hai1="76,134,124,93,38,6,45,7,57,112,108,36,106" hai2="109,28,133,91,20,82,70,39,62,25,29,2,8" hai3="51,5,42,44,81,121,0,100,24,43,4,23,119"/><W17/><G121/><T73/><D73/><U72/><E106/><V103/><F39/><W46/><G119/><T15/><D47/><U66/><E108/><V110/><F29/><W48/><G0/><T58/><D68/><U63/><E45/><V87/><F133/><W27/><G100/><T74/><D74/><U3/><E93/><V31/><F31/><W34/><G34/><T85/><D85/><U128/><E134/><V50/><F50/><W107/><G107/><T64/><D64/><U114/><E76/><V129/><F129/><W30/><REACH who="3" step="1"/><G81/><REACH who="3" ten="190,434,297,69" step="2"/><T18/><D35/><U60/><E3/><V19/><F103/><W26/><G26/><T41/><D33/><U132/><E132/><V88/><F2/><W49/><G49/><T118/><D32/><U101/><E101/><V116/><F116/><W14/><G14/><T123/><D12/><U65/><E128/><V95/><F109/><W83/><G83/><T102/><D15/><U99/><E38/><V16/><F110/><W55/><G55/><T117/><D54/><U84/><E36/><V11/><F11/><W115/><G115/><T75/><D9/><U78/><E112/><V98/><REACH who="2" step="1"/><F8/><REACH who="2" ten="190,434,287,69" step="2"/><W79/><G79/><T113/><D113/><U80/><E78/><V122/><F122/><W77/><G77/><T59/><D123/><U130/><E114/><V126/><F126/><W120/><G120/><T1/><D118/><U86/><E124/><V105/><F105/><W67/><G67/><AGARI ba="0,2" hai="16,19,20,25,28,62,67,70,82,87,88,91,95,98" machi="67" ten="40,8000,1" yaku="1,1,52,1,54,2,53,0" doraHai="61" doraHaiUra="71" who="2" fromWho="3" sc="190,0,434,0,287,100,69,-80" owari="190,-21.0,434,53.0,387,19.0,-11,-51.0" /></mjloggm>