<mjloggm ver="2.3"><GO type="41"/><UN n0="%53%68%61%72%6B" n1="%EF%BC%88%E2%89%A7%E2%96%BD%E2%89%A6%EF%BC%89" n2="%E3%82%82%E3%81%A3%E3%81%97%E3%83%BC" n3="%E7%8D%85%E5%AD%90%E2%97%8E" dan="14,13,13,14" rate="1825,2020,1817,1805" sx="M,M,M,F"/><TAIKYOKU oya="0"/><INIT seed="0,0,0,5,0,23" ten="250,250,250,250" oya="0" hai0="47,134,103,55,127,45,97,124,59,106,121,109,10" hai1="28,131,115,22,34,36,12,39,91,100,123,101,73" hai2="93,90,4,50,111,108,120,85,95,116,110,102,94" hai3="53,125,24,31,46,71,114,63,98,75,88,25,69"/><T129/><D121/><U20/><E123/><V15/><F4/><W51/><G114/><T64/><D134/><U65/><E73/><V30/><F120/><W67/><G125/><N who="0" m="48203" /><D129/><U128/><E115/><V112/><F112/><W126/><G126/><T78/><D64/><U132/><E132/><V33/><F33/><W107/><G75/><T118/><D118/><U16/><E65/><V1/><F1/><W35/><G25/><T38/><D78/><U26/><E34/><V37/><F30/><W32/><G32/><T8/><D109/><U86/><E101/><V80/><F15/><W44/><G71/><T19/><D38/><U130/><REACH who="1" step="1"/><E100/><REACH who="1" step="2"/><V119/><F37/><W117/><G117/><N who="2" m="45129" /><F50/><W60/><G60/><N who="0" m="35967" /><D8/><U43/><E43/><V122/><F122/><W104/><REACH who="3" step="1"/><G46/><REACH who="3" step="2"/><T40/><D40/><U68/><E68/><V5/><F5/><W58/><G58/><T66/><D66/><U21/><E21/><V105/><F105/><W84/><G84/><T76/><D10/><U133/><E133/><V0/><F0/><W77/><G77/><T52/><D76/><U70/><E70/><V17/><F17/><W14/><G14/><T99/><D99/><AGARI ba="0,2" hai="80,85,90,93,94,95,99,102,108,110,111" m="45129" machi="99" ten="40,8000,1" yaku="14,1,12,1,34,2" doraHai="23" who="2" fromWho="0" sc="250,-80,240,0,250,100,240,0" /><INIT seed="1,0,0,0,5,118" ten="170,240,350,240" oya="1" hai0="12,101,112,47,64,120,85,134,5,71,67,109,9" hai1="22,103,82,38,13,58,124,59,63,1,60,21,33" hai2="17,44,79,4,129,29,84,41,68,15,34,81,89" hai3="75,99,42,122,31,119,113,96,61,54,45,20,126"/><U135/><E33/><V108/><F68/><W65/><G119/><T97/><D112/><U30/><E1/><V132/><F132/><W19/><G113/><T66/><D71/><U39/><E135/><V77/><F129/><W49/><G126/><T52/><D134/><U23/><E124/><V123/><F4/><W125/><G125/><T48/><D109/><U27/><E103/><V102/><F108/><W86/><G75/><T104/><REACH who="0" step="1"/><D85/><REACH who="0" step="2"/><U69/><E69/><V130/><F130/><W91/><G31/><T115/><D115/><U0/><E30/><V70/><F70/><W32/><G32/><T2/><D2/><U83/><E0/><V72/><F34/><W3/><G3/><T43/><D43/><U111/><E111/><V62/><F29/><W10/><G42/><T131/><D131/><U8/><E27/><V98/><F72/><W93/><G122/><AGARI ba="0,1" hai="5,9,12,47,48,52,64,66,67,97,101,104,120,122" machi="122" ten="40,8000,1" yaku="1,1,52,2,54,1,53,0" doraHai="118" doraHaiUra="35" who="0" fromWho="3" sc="160,90,240,0,350,0,240,-80" /><INIT seed="2,0,0,4,5,89" ten="250,240,350,160" oya="2" hai0="8,9,13,125,14,106,133,63,124,36,55,100,56" hai1="25,110,82,23,114,107,130,10,98,46,48,112,68" hai2="105,33,84,21,109,94,123,24,93,38,22,27,104" hai3="91,129,71,40,79,128,11,49,126,80,95,32,51"/><V28/><F123/><W73/><G71/><T81/><D36/><U69/><E130/><N who="3" m="50282" /><G32/><T45/><D133/><U127/><E127/><N who="0" m="48713" /><D81/><U60/><E110/><V26/><F38/><W17/><G126/><T85/><D85/><U87/><E10/><N who="0" m="4201" /><D45/><U102/><E114/><V67/><F67/><W39/><G39/><T74/><D74/><U30/><E60/><V52/><F109/><W50/><G17/><T75/><D75/><U120/><E120/><V92/><F84/><N who="3" m="52711" /><G11/><T4/><D4/><U131/><E112/><V41/><F41/><AGARI ba="0,0" hai="40,41,49,50,51,73,79,80" m="52711,50282" machi="41" ten="30,2000,0" yaku="19,1,52,1" doraHai="89" who="3" fromWho="2" sc="250,0,240,0,350,-20,160,20" /><INIT seed="3,0,0,3,0,111" ten="250,240,330,180" oya="3" hai0="25,126,15,11,96,108,0,102,59,55,26,56,9" hai1="120,36,105,48,52,10,5,41,133,40,112,104,80" hai2="12,14,109,100,75,45,129,16,123,49,131,77,86" hai3="35,106,57,70,61,53,31,103,65,33,94,84,62"/><W97/><REACH who="3" step="1"/><G31/><REACH who="3" step="2"/><T88/><D126/><U30/><E120/><V46/><F123/><W18/><G18/><T73/><D73/><U127/><E30/><V2/><F75/><W79/><G79/><T63/><D108/><U58/><E127/><V91/><F77/><W64/><G64/><T1/><D1/><U32/><E133/><V47/><F2/><W3/><G3/><T92/><D0/><U6/><E6/><V29/><F109/><W44/><G44/><T81/><D9/><U17/><E5/><V51/><F29/><W39/><G39/><T37/><D37/><U101/><E17/><V4/><F4/><W82/><G82/><T66/><D15/><U38/><E80/><V74/><F12/><W67/><G67/><T114/><D11/><U60/><E10/><V28/><F28/><W71/><G71/><T93/><D25/><U110/><E38/><V134/><F74/><W27/><G27/><T24/><D26/><U98/><E36/><V117/><F134/><W72/><G72/><T19/><D24/><U83/><E110/><V135/><F135/><W43/><G43/><T116/><D19/><U122/><E40/><V69/><F69/><W20/><G20/><T119/><D66/><U68/><E41/><V121/><F121/><W8/><G8/><T107/><D56/><U118/><E58/><V76/><F76/><W78/><G78/><T115/><D81/><U95/><E83/><V42/><F42/><W130/><G130/><T50/><D59/><U21/><E68/><V13/><F131/><W7/><G7/><T99/><D63/><RYUUKYOKU ba="0,1" sc="250,-10,240,-10,330,-10,170,30" hai3="33,35,53,57,61,62,65,70,84,94,97,103,106" /><INIT seed="3,1,1,1,2,69" ten="240,230,320,200" oya="3" hai0="116,104,15,122,97,109,18,96,85,88,103,38,112" hai1="121,29,28,40,23,24,131,44,115,77,35,32,107" hai2="71,100,0,51,27,13,76,12,55,128,61,14,129" hai3="117,46,20,8,70,83,49,36,132,110,2,72,126"/><W68/><G117/><T114/><D116/><U82/><E121/><V120/><F0/><W16/><G132/><T91/><D122/><U47/><E115/><N who="0" m="44073" /><D109/><U22/><E131/><N who="2" m="50251" /><F120/><W92/><G110/><T67/><D67/><U59/><E107/><V19/><F76/><W64/><G126/><T134/><D134/><U111/><E111/><V37/><F100/><W39/><G92/><N who="0" m="56327" /><D38/><U56/><E77/><V80/><F80/><W133/><G133/><T78/><D78/><U130/><E130/><V48/><F37/><W53/><G83/><N who="0" m="49599" /><D15/><U43/><E82/><V52/><F71/><W98/><G72/><T17/><AGARI ba="1,1" hai="17,18,97,103,104" m="49599,56327,44073" machi="17" ten="30,2000,0" yaku="11,1,54,1" doraHai="69" who="0" fromWho="0" sc="240,33,230,-6,320,-6,200,-11" /><INIT seed="4,0,0,0,0,54" ten="273,224,314,189" oya="0" hai0="53,89,97,13,4,126,42,14,16,69,71,119,114" hai1="84,67,77,101,131,65,106,62,133,5,108,70,1" hai2="130,38,63,91,102,76,29,95,31,15,48,73,22" hai3="78,115,80,121,118,59,134,75,104,103,92,2,6"/><T33/><D33/><U30/><E108/><V122/><F122/><W93/><G118/><T66/><D119/><U12/><E133/><V34/><F38/><W40/><G134/><T20/><D114/><U8/><E131/><V26/><F130/><W113/><G121/><T68/><D126/><U46/><E30/><V90/><F73/><W56/><G40/><T98/><D42/><U9/><E67/><V74/><F74/><W86/><G2/><T64/><D4/><U28/><E28/><V61/><F76/><W81/><G6/><T94/><D98/><U23/><E23/><V52/><F102/><W116/><G116/><T96/><D96/><U45/><E101/><V88/><F34/><W10/><G10/><T125/><D125/><U37/><E106/><V79/><F79/><W49/><G49/><T18/><REACH who="0" step="1"/><D53/><REACH who="0" step="2"/><U132/><E132/><V110/><F110/><W51/><G104/><T117/><D117/><U85/><E5/><V87/><F61/><W35/><G35/><T82/><D82/><U50/><E62/><V21/><F63/><W43/><G103/><T123/><D123/><U27/><E70/><V107/><F107/><W111/><G111/><T83/><D83/><U25/><E65/><V39/><F39/><W57/><G43/><T120/><D120/><U99/><E37/><V36/><F36/><W58/><N who="3" m="14848" /><DORA hai="0" /><W7/><G7/><T60/><D60/><U24/><E99/><V41/><F41/><W127/><G127/><T17/><D17/><U128/><E128/><V47/><F31/><W55/><G55/><T32/><D32/><RYUUKYOKU ba="0,1" sc="263,15,224,-15,314,15,189,-15" hai0="13,14,16,18,20,64,66,68,69,71,89,94,97" hai2="15,21,22,26,29,47,48,52,87,88,90,91,95" /><INIT seed="4,1,1,1,2,76" ten="278,209,329,174" oya="0" hai0="62,109,44,37,32,18,65,6,34,81,38,59,91" hai1="41,85,47,0,116,101,52,110,40,87,53,71,2" hai2="97,57,15,120,72,127,11,130,25,73,4,115,123" hai3="69,92,118,107,46,45,7,51,84,128,117,132,19"/><T22/><D6/><U134/><E116/><V20/><F115/><W108/><G108/><T100/><D100/><U35/><E35/><V9/><F130/><W96/><G128/><T42/><D109/><U79/><E110/><V99/><F127/><W83/><G69/><T50/><D34/><U3/><E134/><V55/><F73/><W82/><G132/><T39/><D32/><U78/><E71/><V23/><F72/><W13/><G107/><T29/><D29/><U122/><E101/><V105/><F11/><W114/><G114/><T14/><D37/><U58/><E122/><V104/><F104/><W112/><G112/><T27/><D27/><U93/><E93/><V103/><F23/><W17/><G118/><T30/><D30/><U133/><E133/><V111/><F111/><W98/><G117/><T90/><D90/><U129/><E129/><V88/><F88/><N who="3" m="53255" /><G7/><T31/><REACH who="0" step="1"/><D31/><REACH who="0" step="2"/><U56/><E0/><V54/><F123/><W124/><G124/><T67/><D67/><U21/><E21/><V16/><F120/><W102/><G102/><T8/><D8/><U43/><E2/><V63/><F103/><W119/><G119/><T106/><D106/><U95/><E3/><V121/><F105/><W26/><G26/><T113/><D113/><U64/><E64/><V60/><F121/><W36/><G36/><T68/><D68/><U1/><E1/><V49/><REACH who="2" step="1"/><F63/><REACH who="2" step="2"/><W80/><G51/><T75/><D75/><U66/><E78/><V5/><F5/><W74/><G74/><T125/><D125/><U28/><E79/><V10/><F10/><RYUUKYOKU ba="1,3" sc="268,15,209,-15,319,15,174,-15" hai0="14,18,22,38,39,42,44,50,59,62,65,81,91" hai2="4,9,15,16,20,25,49,54,55,57,60,97,99" /><INIT seed="4,2,3,1,5,84" ten="283,194,334,159" oya="0" hai0="129,59,7,74,28,83,115,10,70,53,100,133,105" hai1="64,49,46,27,135,20,73,134,9,131,97,118,60" hai2="26,30,25,104,91,92,14,109,78,112,116,125,106" hai3="66,32,72,124,89,31,50,58,3,68,63,94,117"/><T21/><D70/><N who="1" m="42247" /><E73/><V36/><F36/><W96/><G117/><T55/><D115/><U98/><E9/><V6/><F112/><W17/><G124/><T47/><D133/><N who="1" m="50699" /><E131/><V5/><F125/><W35/><G72/><T69/><D69/><U8/><E8/><V86/><F116/><W51/><G3/><T39/><D129/><U12/><E12/><V37/><F109/><W42/><G17/><T29/><D105/><U75/><E75/><V122/><F37/><W103/><G31/><T102/><D74/><U88/><E118/><V44/><F122/><W56/><G68/><T79/><D79/><U127/><E127/><V126/><F126/><W120/><G120/><T34/><D34/><U76/><E76/><V43/><F78/><W101/><G35/><T2/><D83/><U38/><E38/><V123/><F123/><W111/><G32/><T13/><D39/><U67/><E67/><V1/><F1/><W41/><G111/><T82/><D82/><U54/><E88/><V85/><F106/><W11/><G11/><T62/><D2/><U48/><E48/><N who="3" m="18474" /><G56/><N who="0" m="35087" /><D47/><U33/><E33/><V15/><F44/><W132/><G132/><T71/><D71/><U90/><E90/><V114/><F91/><W0/><G0/><T16/><D7/><U19/><AGARI ba="2,3" hai="19,20,27,46,49,54,97,98" m="50699,42247" machi="19" ten="30,1100,0" yaku="20,1" doraHai="84" who="1" fromWho="1" sc="283,-7,194,47,334,-5,159,-5" /><INIT seed="5,0,0,4,5,17" ten="276,241,329,154" oya="1" hai0="39,69,3,7,112,88,8,48,113,42,55,25,96" hai1="116,95,34,94,20,54,65,81,109,133,40,5,80" hai2="91,105,41,14,107,115,93,23,104,9,68,132,19" hai3="82,98,56,83,60,13,89,37,108,118,130,126,16"/><U124/><E34/><V18/><F68/><W45/><G108/><T120/><D69/><U30/><E116/><V67/><F132/><W122/><G118/><T79/><D79/><U74/><E109/><V114/><F67/><W121/><G130/><T76/><D76/><U2/><E133/><V59/><F41/><W49/><G126/><T38/><D120/><U24/><E124/><V134/><F134/><W129/><G129/><T21/><D42/><U10/><E74/><V26/><F59/><W51/><G37/><T78/><D78/><U101/><E40/><V62/><F62/><W72/><G51/><T123/><D123/><U84/><E65/><V110/><F110/><W86/><G72/><T85/><D96/><U103/><E54/><V90/><F93/><W57/><G57/><T4/><D4/><U70/><E70/><V119/><F119/><W46/><G46/><T43/><D43/><U52/><E52/><V135/><F135/><W73/><G73/><T27/><D27/><U106/><E80/><V0/><F0/><W15/><G15/><T6/><D6/><U53/><E53/><V29/><F29/><W117/><G117/><T22/><D38/><U47/><E47/><V32/><F32/><W66/><G98/><T128/><D39/><U58/><E58/><V31/><F31/><W131/><G131/><T71/><D71/><U28/><E28/><V64/><F64/><W11/><G82/><N who="0" m="49207" /><D25/><U44/><E44/><V99/><F99/><W100/><G100/><N who="1" m="38474" /><E106/><V33/><F33/><W75/><G75/><T77/><D128/><U35/><E35/><RYUUKYOKU ba="0,0" sc="276,-30,241,10,329,10,154,10" hai1="2,5,10,20,24,30,81,84,94,95" hai2="9,14,18,19,23,26,90,91,104,105,107,114,115" hai3="11,13,16,45,49,56,60,66,83,86,89,121,122" /><INIT seed="5,1,0,1,5,52" ten="246,251,339,164" oya="1" hai0="3,67,99,39,47,46,76,60,77,70,111,31,121" hai1="84,126,133,79,106,103,57,116,24,129,92,59,51" hai2="118,28,49,105,114,124,64,113,102,27,41,5,97" hai3="10,25,15,61,1,78,72,20,18,100,86,9,62"/><U35/><E116/><V38/><F38/><W23/><G72/><T96/><D111/><U81/><E106/><V95/><F118/><W21/><G100/><T83/><D3/><U6/><E133/><V104/><F124/><W11/><G78/><T0/><D0/><U82/><E126/><V42/><F5/><N who="3" m="1199" /><G86/><T91/><D31/><U32/><E129/><V40/><F64/><W13/><G62/><T55/><D121/><U12/><E35/><V135/><F135/><W71/><G61/><T73/><D76/><U87/><E32/><V16/><F49/><W54/><G54/><T89/><D47/><U122/><E122/><V50/><F50/><W7/><G71/><T58/><D89/><N who="1" m="51343" /><E24/><AGARI ba="1,0" hai="7,10,11,13,15,18,20,21,23,24,25" m="1199" machi="24" ten="30,8000,1" yaku="35,5" doraHai="52" who="3" fromWho="1" sc="246,0,251,-83,339,0,164,83" /><INIT seed="6,0,0,5,3,101" ten="246,168,339,247" oya="2" hai0="5,39,80,84,130,76,43,22,48,64,135,65,117" hai1="23,109,58,79,30,104,24,102,132,71,55,50,31" hai2="120,111,51,60,19,98,77,96,35,3,99,105,46" hai3="27,110,133,34,67,12,89,20,66,126,122,94,85"/><V95/><F120/><W112/><G110/><T52/><D135/><U13/><E109/><V40/><F35/><W124/><G122/><T88/><D130/><U86/><E132/><V75/><F3/><W68/><G133/><T38/><D38/><U42/><E71/><V78/><F111/><W125/><G34/><T56/><D5/><U32/><E42/><V16/><F75/><W37/><G37/><T61/><D117/><U4/><E4/><V127/><F127/><W81/><G12/><T7/><D7/><U119/><E119/><V2/><F2/><W54/><G54/><T6/><D6/><U97/><E13/><V128/><F105/><W103/><G112/><T21/><D39/><U25/><E86/><V36/><F128/><W87/><G103/><T93/><D43/><U17/><REACH who="1" step="1"/><E79/><REACH who="1" step="2"/><V8/><F78/><N who="3" m="46263" /><G68/><T45/><REACH who="0" step="1"/><D65/><REACH who="0" step="2"/><U1/><E1/><V33/><F36/><W53/><G53/><T118/><D118/><U106/><E106/><V74/><F40/><W57/><G57/><T0/><D0/><U18/><AGARI ba="0,2" hai="17,18,23,24,25,30,31,32,50,55,58,97,102,104" machi="18" ten="30,7900,0" yaku="1,1,0,1,52,1,53,1" doraHai="101" doraHaiUra="49" who="1" fromWho="1" sc="236,-20,158,99,339,-39,247,-20" /><INIT seed="7,0,0,5,4,11" ten="216,257,300,227" oya="3" hai0="2,51,33,84,83,69,14,107,60,96,55,34,111" hai1="63,117,110,127,10,114,94,126,59,125,68,26,37" hai2="6,54,9,120,45,80,46,38,121,70,8,115,82" hai3="106,98,57,128,52,47,67,39,87,53,48,49,89"/><W100/><G128/><T20/><D2/><U30/><E110/><V97/><F115/><W66/><REACH who="3" step="1"/><G39/><REACH who="3" step="2"/><T129/><D129/><U31/><E37/><V27/><F38/><W76/><G76/><T79/><D111/><U74/><E114/><V118/><F118/><W44/><G44/><T71/><D71/><U105/><E68/><V25/><F70/><W62/><G62/><T124/><D69/><U134/><E117/><V58/><F46/><W109/><G109/><T42/><D42/><U108/><E63/><V24/><F45/><W78/><G78/><T1/><D60/><U0/><E108/><V56/><F120/><W35/><G35/><T21/><D1/><U5/><E0/><V12/><F121/><W17/><G17/><N who="0" m="10295" /><D33/><U130/><E130/><V15/><F6/><W92/><AGARI ba="0,1" hai="47,48,49,52,53,57,66,67,87,89,92,98,100,106" machi="92" ten="20,18000,2" yaku="1,1,0,1,7,1,54,1,53,2" doraHai="11" doraHaiUra="50" who="3" fromWho="3" sc="216,-60,257,-60,300,-60,217,190" owari="156,-34,197,-20,240,4,407,50" /></mjloggm>