<mjloggm ver="2.3"><GO type="41"/><UN n0="%6B%6D%74%35%33%39" n1="%E3%81%B8%E3%81%AA%E3%81%B8%E3%81%AA%40%E7%8C%AB" n2="%E3%82%A6%E3%83%AB%E3%83%88%E3%83%A9%E7%AB%8B%E7%9B%B4" n3="%E3%81%86%E3%82%8B%E3%81%8A%E3%81%84" dan="13,14,15,13" rate="1914,1918,1991,1879" sx="M,M,M,M"/><TAIKYOKU oya="0"/><INIT seed="0,0,0,1,5,104" ten="250,250,250,250" oya="0" hai0="40,99,12,83,100,78,70,28,101,102,27,38,91" hai1="35,67,126,76,111,73,122,54,21,46,50,65,18" hai2="123,108,97,127,109,94,130,20,95,44,66,96,36" hai3="116,62,30,69,33,2,32,79,92,4,7,132,117"/><T129/><D70/><U34/><E122/><V49/><F36/><W15/><G2/><T135/><D135/><U5/><E126/><V25/><F66/><W52/><G92/><T0/><D0/><U61/><E111/><V124/><F49/><W13/><G132/><T81/><D38/><U26/><E5/><V88/><F44/><W58/><G69/><T113/><D40/><U63/><E76/><V3/><F3/><W64/><G64/><T37/><D37/><U9/><E9/><V55/><F55/><W48/><G48/><T112/><D12/><U77/><E77/><V121/><F20/><W86/><G79/><T41/><D41/><U125/><E125/><N who="2" m="48203" /><F25/><W72/><G30/><T22/><D129/><U84/><E73/><V75/><F75/><W118/><G86/><T119/><D119/><U17/><E84/><V45/><F45/><W1/><G1/><T98/><D91/><U120/><E120/><N who="2" m="46155" /><F130/><W14/><G72/><T47/><D47/><U87/><E87/><V59/><F59/><W93/><REACH who="3" step="1"/><G93/><REACH who="3" step="2"/><T80/><REACH who="0" step="1"/><D78/><REACH who="0" step="2"/><U114/><E46/><V10/><F10/><W133/><G133/><T110/><D110/><U90/><E90/><AGARI ba="0,2" hai="88,90,94,95,96,97,108,109" m="46155,48203" machi="90" ten="30,7700,0" yaku="18,1,34,2,54,1" doraHai="104" who="2" fromWho="1" sc="240,0,250,-77,250,97,240,0" /><INIT seed="1,0,0,5,3,70" ten="240,173,347,240" oya="1" hai0="68,83,54,101,77,128,20,38,34,86,134,132,23" hai1="96,91,72,14,82,108,100,64,12,10,117,75,51" hai2="78,2,24,60,121,30,79,114,105,43,87,120,16" hai3="7,57,122,73,92,98,89,84,126,95,97,102,65"/><U112/><E117/><V27/><F105/><W124/><G7/><T99/><D34/><U66/><E112/><V29/><F60/><W127/><G65/><T81/><D128/><U129/><E129/><V40/><F87/><W133/><G57/><T1/><D1/><U3/><E3/><V13/><F2/><W18/><G18/><T33/><D33/><U9/><E108/><V17/><REACH who="2" step="1"/><F13/><REACH who="2" step="2"/><W19/><G122/><T4/><D86/><U90/><E96/><V115/><AGARI ba="0,1" hai="16,17,24,27,29,30,40,43,78,79,114,115,120,121" machi="115" ten="25,12000,2" yaku="1,1,2,1,0,1,22,2,54,1,53,0" doraHai="70" doraHaiUra="44" who="2" fromWho="2" sc="240,-30,173,-60,337,130,240,-30" /><INIT seed="2,0,0,2,2,134" ten="210,113,467,210" oya="2" hai0="82,87,76,88,61,90,20,8,125,135,45,96,104" hai1="24,11,109,44,46,112,41,48,15,119,95,3,99" hai2="127,83,101,5,131,50,67,7,122,25,4,120,22" hai3="130,27,10,80,93,98,13,94,102,123,117,33,89"/><V58/><F101/><W21/><G117/><T49/><D135/><U2/><E112/><V100/><F120/><W126/><G123/><T66/><D20/><U75/><E119/><V37/><F37/><W39/><G33/><T128/><D128/><U56/><E109/><V59/><F122/><W47/><G130/><T43/><D104/><U73/><E56/><V23/><F131/><W132/><G132/><T62/><D62/><U124/><E124/><V92/><F127/><W53/><G80/><T71/><D125/><U19/><E24/><V9/><F23/><W121/><G126/><T0/><REACH who="0" step="1"/><D96/><REACH who="0" step="2"/><U103/><REACH who="1" step="1"/><E46/><REACH who="1" step="2"/><V85/><F59/><W14/><G47/><T68/><D68/><U107/><E107/><V30/><F58/><W16/><G121/><T18/><D18/><U69/><E69/><V54/><F30/><W133/><G16/><T79/><D79/><U86/><E86/><V65/><F85/><W78/><G133/><T26/><D26/><U77/><E77/><V111/><F25/><W6/><G27/><T17/><D17/><U115/><E115/><V116/><F116/><W31/><G78/><T91/><D91/><U42/><E42/><V12/><F5/><AGARI ba="0,2" hai="0,5,8,43,45,49,61,66,71,76,82,87,88,90" machi="5" ten="40,2600,0" yaku="1,1,54,1,53,0" doraHai="134" doraHaiUra="110" who="0" fromWho="2" sc="200,46,103,0,467,-26,210,0" /><INIT seed="3,0,0,2,3,10" ten="246,103,441,210" oya="3" hai0="4,106,17,72,70,29,66,58,5,19,24,55,41" hai1="12,49,25,75,74,6,14,107,23,97,80,83,122" hai2="96,135,130,54,105,65,73,20,42,46,90,129,98" hai3="44,79,100,15,18,108,11,91,60,67,57,1,99"/><W77/><G108/><T118/><D106/><U50/><E122/><V3/><F3/><W71/><G91/><T9/><D72/><U39/><E39/><V113/><F65/><W133/><G133/><T30/><D70/><U78/><E107/><V81/><F54/><W51/><G71/><T117/><D66/><U76/><E97/><V48/><F113/><W26/><G26/><T56/><D41/><U86/><E86/><V69/><F69/><W87/><G87/><T8/><D24/><U32/><E32/><V7/><F7/><W38/><G38/><T127/><REACH who="0" step="1"/><D55/><REACH who="0" step="2"/><U101/><E101/><V36/><F42/><W33/><G33/><T21/><D21/><U131/><E131/><V104/><F20/><W94/><G1/><T132/><D132/><U103/><E103/><V119/><F135/><W35/><G35/><T82/><D82/><U13/><REACH who="1" step="1"/><E6/><REACH who="1" step="2"/><V43/><F129/><W52/><AGARI ba="0,2" hai="11,15,18,44,51,52,57,60,67,77,79,94,99,100" machi="52" ten="20,12000,1" yaku="0,1,7,1,8,1,52,1,54,1" doraHai="10" who="3" fromWho="3" sc="236,-40,93,-40,441,-40,210,140" /><INIT seed="3,1,0,2,1,49" ten="196,53,401,350" oya="3" hai0="108,112,80,35,17,2,110,67,133,121,66,44,72" hai1="60,65,135,15,6,42,102,34,0,21,115,48,29" hai2="78,118,25,93,95,82,86,50,62,32,120,124,97" hai3="53,71,103,106,39,7,111,3,125,94,13,132,69"/><W59/><G106/><T41/><D35/><U43/><E115/><V77/><F32/><W28/><G3/><T5/><D17/><U64/><E135/><V63/><F118/><W8/><G39/><T85/><D133/><U54/><E102/><V23/><F120/><W33/><G132/><T116/><D116/><U70/><E64/><V134/><F134/><W16/><G125/><T114/><D121/><U100/><E100/><V19/><F124/><W36/><G36/><N who="0" m="21543" /><D66/><U18/><E54/><V92/><F97/><W24/><G111/><N who="0" m="42539" /><D67/><U101/><E48/><V109/><F109/><W9/><G103/><T1/><D85/><U26/><REACH who="1" step="1"/><E101/><REACH who="1" step="2"/><V117/><F117/><W10/><G94/><N who="2" m="36457" /><F50/><W87/><G87/><T89/><D89/><U128/><E128/><V130/><F130/><W45/><G45/><T122/><D122/><U52/><E52/><V73/><F73/><W107/><G107/><T131/><D131/><U88/><E88/><N who="2" m="51287" /><F95/><W27/><G53/><T47/><D47/><U37/><E37/><V68/><F68/><W79/><G69/><T51/><D51/><U96/><E96/><V4/><F63/><W74/><G71/><T126/><D126/><U38/><E38/><V22/><F62/><W14/><G59/><T20/><D72/><U91/><E91/><V129/><F129/><W31/><G74/><T76/><D112/><U55/><E55/><V113/><F113/><W61/><G61/><T104/><D114/><U83/><E83/><V99/><F99/><W123/><G123/><T57/><D80/><U119/><E119/><V12/><F78/><RYUUKYOKU ba="1,1" sc="196,-10,43,30,401,-10,350,-10" hai1="0,6,15,18,21,26,29,34,42,43,60,65,70" /><INIT seed="4,2,1,3,5,113" ten="186,73,391,340" oya="0" hai0="41,131,80,97,12,120,134,73,59,125,84,87,27" hai1="82,40,34,104,79,54,76,32,56,72,42,18,135" hai2="16,3,109,129,4,57,89,133,118,127,51,8,81" hai3="10,2,110,78,46,53,60,58,107,91,26,74,77"/><T67/><D120/><U48/><E104/><V13/><F127/><W23/><G110/><T114/><D114/><U123/><E135/><V5/><F133/><W105/><G105/><T119/><D134/><U17/><E123/><V44/><F109/><W75/><G107/><T69/><D69/><U124/><E124/><V121/><F121/><W99/><G74/><T35/><D125/><U33/><REACH who="1" step="1"/><E79/><REACH who="1" step="2"/><V36/><F129/><W15/><G77/><T66/><D131/><U39/><E39/><V63/><F36/><W47/><G78/><T29/><D73/><U88/><E88/><V130/><F130/><W37/><G91/><T49/><D87/><U132/><E132/><V115/><F115/><W52/><G37/><T6/><D97/><U7/><E7/><V90/><F5/><W61/><G99/><T116/><D6/><U38/><E38/><V92/><F4/><W31/><G75/><T43/><D12/><U71/><E71/><V100/><F3/><W65/><G2/><T93/><D93/><U111/><E111/><V0/><F0/><W68/><REACH who="3" step="1"/><G53/><REACH who="3" step="2"/><T106/><D106/><U21/><E21/><V112/><F112/><W102/><G102/><T20/><D20/><U45/><E45/><V24/><F100/><W101/><G101/><T30/><D41/><AGARI ba="2,3" hai="17,18,32,33,34,40,41,42,48,54,56,72,76,82" machi="41" ten="40,1300,0" yaku="1,1,53,0" doraHai="113" doraHaiUra="22" who="1" fromWho="0" sc="186,-19,63,49,391,0,330,0" /><INIT seed="5,0,0,2,0,0" ten="167,112,391,330" oya="1" hai0="25,112,59,78,62,132,110,60,30,38,128,39,53" hai1="115,43,98,79,28,108,36,91,92,64,69,35,57" hai2="74,8,54,126,135,42,48,89,133,111,73,120,77" hai3="70,51,1,88,7,34,31,105,84,80,47,22,9"/><U56/><E115/><V11/><F42/><W81/><G70/><T125/><D112/><U13/><E108/><V2/><F111/><W61/><G105/><T3/><D3/><U75/><E75/><V68/><F68/><W16/><G34/><T72/><D110/><U96/><E79/><V29/><F120/><W50/><G31/><T127/><D78/><U5/><E43/><V116/><F116/><W107/><G107/><T32/><D72/><U93/><E36/><V131/><F77/><W37/><G61/><T46/><D62/><U109/><E109/><V18/><F74/><W100/><G100/><T106/><D106/><U33/><E28/><V94/><F73/><W101/><G101/><T102/><D102/><U103/><E69/><V113/><F29/><W85/><G47/><T87/><D132/><U67/><E35/><V24/><F113/><W66/><G66/><N who="1" m="25130" /><E33/><V121/><F2/><W19/><G37/><T40/><D39/><U76/><E76/><V14/><F121/><W130/><G130/><T63/><D63/><U45/><E45/><V15/><F131/><W44/><G44/><T82/><D128/><U114/><E114/><V4/><F133/><W12/><G19/><T119/><D119/><U124/><E124/><N who="0" m="47689" /><D87/><U118/><E118/><V99/><F126/><W49/><G49/><T90/><D82/><U23/><E23/><V122/><F135/><W20/><G22/><T86/><D86/><U104/><E104/><V26/><F122/><W95/><G84/><T71/><D71/><U6/><E13/><V10/><F10/><W41/><G41/><RYUUKYOKU ba="0,0" sc="167,0,112,0,391,0,330,0" hai0="25,30,32,38,40,46,53,59,60,90" hai1="5,6,56,57,91,92,93,96,98,103" hai2="4,8,11,14,15,18,24,26,48,54,89,94,99" hai3="1,7,9,12,16,20,50,51,80,81,85,88,95" /><INIT seed="5,1,0,3,0,128" ten="167,112,391,330" oya="1" hai0="86,125,76,34,40,105,13,18,4,26,63,132,83" hai1="52,19,116,73,115,46,47,95,106,89,31,7,67" hai2="77,98,111,12,90,135,53,59,57,42,6,68,54" hai3="93,96,60,103,32,23,37,22,48,130,28,78,102"/><U1/><E116/><V94/><F68/><W121/><G37/><T30/><D105/><U114/><E73/><V16/><F111/><W120/><G78/><T101/><D101/><U71/><E106/><V64/><F6/><W20/><G130/><T80/><D125/><U50/><E67/><V69/><F69/><W41/><G60/><T44/><D63/><U62/><E71/><V82/><F42/><W27/><G102/><T39/><D80/><U79/><E79/><V107/><F107/><W123/><G41/><T100/><D100/><U17/><E31/><V104/><F104/><W97/><G97/><T122/><D122/><U2/><E62/><V36/><F36/><W74/><G48/><T134/><REACH who="0" step="1"/><D4/><REACH who="0" step="2"/><U108/><E108/><V35/><F82/><W33/><G74/><T43/><D43/><U5/><E7/><V15/><F64/><W119/><G119/><T21/><AGARI ba="1,1" hai="13,18,21,26,30,34,39,40,44,76,83,86,132,134" machi="21" ten="30,8000,1" yaku="1,1,0,1,52,2,53,1" doraHai="128" doraHaiUra="25" who="0" fromWho="0" sc="157,93,112,-41,391,-21,330,-21" /><INIT seed="6,0,0,2,2,37" ten="250,71,370,309" oya="2" hai0="95,131,94,111,93,64,36,58,123,67,87,26,41" hai1="103,6,126,19,61,84,106,10,110,23,52,54,98" hai2="9,129,79,72,83,115,135,88,101,63,16,119,12" hai3="39,3,21,60,42,33,102,76,107,113,91,45,0"/><V31/><F119/><W71/><G91/><T62/><D123/><U77/><E126/><V74/><F74/><W43/><G21/><T49/><D111/><U122/><E122/><V124/><F124/><W2/><G76/><T121/><D121/><U125/><E125/><V40/><F129/><W116/><G116/><T34/><D36/><U17/><E110/><V114/><F101/><W90/><G90/><T28/><D131/><U50/><E61/><V104/><F104/><W99/><G113/><N who="2" m="43017" /><F135/><W8/><G42/><T25/><D25/><U27/><E19/><V132/><F132/><W100/><G100/><T51/><D51/><U85/><E77/><V133/><F133/><W75/><G8/><T29/><D29/><U105/><E105/><V78/><F31/><W44/><G44/><T32/><D32/><U80/><E80/><V1/><F1/><W97/><G97/><T92/><N who="0" m="24064" /><DORA hai="55" /><T127/><D127/><U81/><E81/><V108/><F108/><W53/><G53/><T66/><REACH who="0" step="1"/><D87/><REACH who="0" step="2"/><U109/><E109/><V18/><F72/><W73/><REACH who="3" step="1"/><G33/><REACH who="3" step="2"/><T38/><D38/><U117/><E117/><V35/><F35/><W20/><G20/><T89/><D89/><U65/><E65/><AGARI ba="0,2" hai="0,2,3,39,43,45,60,65,71,73,75,99,102,107" machi="65" ten="40,8000,1" yaku="1,1,33,3,52,1,53,0" doraHai="37,55" doraHaiUra="82,5" who="3" fromWho="1" sc="240,0,71,-80,370,0,299,100" owari="240,-16,-9,-51,370,17,399,50" /></mjloggm>