<mjloggm ver="2.3"><GO type="41" lobby="0"/><UN n0="%61%63%75%74%65" n1="%E7%A9%BA%E6%BE%84%E3%81%BF%E3%81%AE" n2="%E3%82%A6%E3%83%AB%E3%83%88%E3%83%A9%E7%AB%8B%E7%9B%B4" n3="%77%73%78" dan="13,14,16,13" rate="1959.18,1940.18,2068.46,1837.77" sx="M,M,M,M"/><TAIKYOKU oya="0"/><INIT seed="0,0,0,5,2,57" ten="250,250,250,250" oya="0" hai0="120,72,13,114,98,9,126,132,102,117,16,10,32" hai1="49,4,131,95,3,54,24,86,43,35,71,58,51" hai2="93,31,5,83,82,18,99,107,40,21,78,106,42" hai3="79,70,29,19,37,39,30,53,121,1,116,55,90"/><T17/><D117/><U104/><E104/><V133/><F133/><W12/><G116/><T94/><D120/><U100/><E71/><V8/><F31/><W27/><G1/><T11/><D132/><U135/><E135/><V97/><F97/><W7/><G79/><T44/><D72/><U130/><E4/><V84/><F82/><W69/><G7/><T48/><D32/><U68/><E3/><V60/><F106/><W76/><G76/><T33/><D33/><U115/><E68/><V41/><F107/><W64/><G64/><T113/><D126/><U112/><E35/><V52/><F8/><W109/><G27/><T15/><REACH who="0" step="1"/><D9/><REACH who="0" ten="240,250,250,250" step="2"/><U77/><E112/><V50/><F5/><W56/><G121/><T81/><D81/><U14/><E115/><V67/><F83/><W128/><G30/><T88/><D88/><U108/><E108/><V2/><F78/><W89/><G29/><T46/><D46/><U80/><E100/><V110/><F110/><W0/><G109/><T123/><D123/><U119/><E119/><V127/><F127/><W124/><G124/><T34/><D34/><U23/><E131/><V101/><F18/><W129/><G19/><T85/><D85/><U26/><E130/><V66/><F84/><W125/><G125/><T59/><D59/><U105/><E105/><V28/><F28/><W91/><G56/><T45/><D45/><N who="1" m="25791" /><E95/><V38/><F93/><W62/><G129/><T61/><D61/><U36/><E36/><V73/><F60/><W87/><G62/><T122/><D122/><U111/><E111/><V63/><F63/><RYUUKYOKU ba="0,1" sc="240,15,250,15,250,-15,250,-15" hai0="10,11,13,15,16,17,44,48,94,98,102,113,114" hai1="14,23,24,26,51,54,58,77,80,86" /><INIT seed="0,1,1,3,4,112" ten="255,265,235,235" oya="0" hai0="91,31,13,37,11,87,74,27,22,29,130,30,103" hai1="4,28,98,36,50,17,125,100,56,84,18,19,10" hai2="3,104,132,123,39,14,134,45,102,129,117,85,57" hai3="113,62,60,135,24,115,77,41,127,116,96,105,95"/><T81/><D37/><U43/><E36/><V44/><F3/><W47/><G105/><T40/><D40/><U80/><E125/><V110/><F123/><W69/><G127/><T111/><D103/><U114/><E28/><V92/><F104/><W131/><G77/><T108/><D74/><U38/><E38/><V88/><F102/><W12/><G69/><T97/><D97/><U93/><E114/><V9/><F129/><W8/><G131/><T133/><D130/><U73/><E73/><V67/><F110/><N who="0" m="42026" /><D133/><U122/><E122/><V7/><F39/><W106/><G135/><T1/><D1/><U53/><E43/><V66/><F134/><W124/><G106/><T109/><N who="0" m="42034" /><T15/><DORA hai="61" /><D15/><U54/><E54/><V52/><F132/><W101/><G124/><T90/><D90/><U0/><REACH who="1" step="1"/><E19/><AGARI ba="1,1" hai="11,13,19,22,27,29,30,31,81,87,91" m="42034" machi="19" ten="40,3900,0" yaku="14,1,10,1" doraHai="112,61" who="0" fromWho="1" sc="255,52,265,-42,235,0,235,0" /><INIT seed="0,2,0,5,5,31" ten="307,223,235,235" oya="0" hai0="82,72,33,23,48,87,0,35,93,44,132,43,119" hai1="45,66,108,42,84,6,39,85,8,52,121,75,61" hai2="123,41,65,120,63,68,4,126,13,51,46,116,29" hai3="130,86,134,69,78,38,56,36,60,22,79,74,10"/><T102/><D119/><U97/><E108/><V107/><F116/><W89/><G69/><T24/><D132/><U2/><E75/><V112/><F112/><W128/><G74/><T17/><D72/><U9/><E9/><V50/><F107/><W125/><G10/><T27/><D0/><U30/><E30/><V133/><F13/><W32/><G22/><T71/><D71/><U58/><E121/><V47/><F4/><W34/><G134/><T37/><D37/><U70/><REACH who="1" step="1"/><E97/><REACH who="1" ten="307,213,235,235" step="2"/><V83/><F133/><W122/><G122/><T90/><REACH who="0" step="1"/><D27/><REACH who="0" ten="297,213,235,235" step="2"/><U54/><E54/><V55/><F120/><W94/><G38/><T28/><D28/><U53/><E53/><V114/><F123/><W124/><G36/><T16/><D16/><U26/><E26/><V19/><F19/><W127/><G79/><T49/><D49/><AGARI ba="2,2" hai="2,6,8,39,42,45,49,52,58,61,66,70,84,85" machi="49" ten="30,8000,1" yaku="1,1,7,1,24,2,54,1,53,0" doraHai="31" doraHaiUra="101" who="1" fromWho="0" sc="297,-86,213,106,235,0,235,0" /><INIT seed="1,0,0,1,5,1" ten="211,319,235,235" oya="1" hai0="10,134,52,94,71,50,73,121,29,113,95,102,101" hai1="39,133,78,118,85,46,0,120,127,7,96,97,53" hai2="61,57,76,111,112,128,49,25,23,8,31,32,109" hai3="90,20,70,99,2,104,100,45,43,27,19,86,11"/><U91/><E118/><V40/><F128/><W35/><G70/><T75/><D71/><U130/><E130/><V4/><F112/><W58/><G35/><T135/><D29/><U123/><E133/><N who="0" m="50697" /><D10/><U105/><E127/><V18/><F76/><W47/><G58/><T125/><D125/><U132/><E78/><V82/><F82/><W34/><G34/><T131/><D113/><U12/><E0/><V108/><F49/><W119/><G119/><T26/><D26/><U63/><E132/><V66/><F40/><W74/><G74/><N who="0" m="28171" /><D131/><U87/><E39/><V106/><F106/><W38/><G2/><T24/><D24/><U88/><E105/><V48/><F48/><W22/><G20/><T72/><N who="0" m="28179" /><T79/><DORA hai="41" /><D79/><U68/><E68/><V83/><F32/><W67/><G11/><T37/><D37/><U115/><E115/><V84/><F31/><W21/><G21/><T114/><D114/><U59/><E120/><V6/><F8/><W44/><G67/><T77/><D77/><U5/><E123/><V129/><F129/><W51/><G38/><T124/><D124/><U65/><E12/><V54/><F66/><W60/><G60/><T62/><D62/><U107/><E107/><V98/><F61/><W81/><AGARI ba="0,0" hai="19,22,27,43,44,45,47,51,81,86,90,99,100,104" machi="81" ten="20,8000,1" yaku="0,1,7,1,52,3" doraHai="1,41" who="3" fromWho="3" sc="211,-20,319,-40,235,-20,235,80" /><INIT seed="2,0,0,5,2,76" ten="191,279,215,315" oya="2" hai0="131,23,66,27,54,19,75,90,113,77,62,134,119" hai1="95,87,26,132,29,101,56,2,48,37,112,3,126" hai2="103,93,13,60,49,33,86,21,78,123,63,117,82" hai3="127,99,97,130,50,100,16,34,8,129,91,102,35"/><V59/><F33/><W88/><G127/><T22/><D75/><U17/><E37/><V0/><F0/><W106/><G50/><T14/><D77/><U120/><E126/><V125/><F125/><W98/><G98/><T30/><D113/><U39/><E112/><V47/><F123/><W92/><G34/><T31/><D119/><U96/><E39/><V38/><F38/><W64/><G35/><T73/><D73/><U94/><E132/><V109/><F117/><W122/><G122/><T12/><D134/><U44/><E3/><V61/><F109/><W5/><G64/><T1/><D1/><U18/><E2/><V52/><F103/><W42/><G42/><T108/><D108/><U40/><E120/><V36/><F93/><W15/><G5/><T124/><D124/><U105/><E105/><V9/><F21/><W46/><G46/><T84/><D131/><AGARI ba="0,0" hai="8,15,16,88,91,92,97,99,100,102,106,129,130,131" machi="131" ten="40,5200,0" yaku="19,1,54,2" doraHai="76" who="3" fromWho="0" sc="191,-52,279,0,215,0,315,52" /><INIT seed="3,0,0,4,4,9" ten="139,279,215,367" oya="3" hai0="78,126,58,59,102,74,134,2,21,73,1,28,87" hai1="88,98,19,122,50,113,42,17,135,80,84,4,64" hai2="14,62,123,60,90,82,24,96,99,32,25,23,114" hai3="107,22,77,91,108,61,51,125,16,35,79,115,111"/><W119/><G35/><T47/><D73/><U132/><E122/><V83/><F32/><W116/><G107/><T40/><D74/><U38/><E38/><V53/><F114/><W127/><G115/><T129/><D1/><U11/><E64/><V31/><F123/><W128/><G61/><T105/><D2/><U46/><E113/><V43/><F43/><W70/><G70/><T76/><D105/><U97/><E98/><V72/><F72/><W65/><G65/><T12/><D102/><U71/><E97/><V52/><F23/><W68/><G68/><T37/><D129/><U110/><E110/><N who="3" m="42026" /><G51/><T15/><D134/><N who="1" m="51243" /><E71/><V0/><F0/><AGARI ba="0,0" hai="0,4,11,17,19,42,46,50,80,84,88" m="51243" machi="0" ten="30,2000,0" yaku="20,1,54,1" doraHai="9" who="1" fromWho="2" sc="139,0,279,20,215,-20,367,0" /><INIT seed="4,0,0,2,0,28" ten="139,299,195,367" oya="0" hai0="13,35,56,65,125,61,14,70,6,18,128,98,17" hai1="31,94,93,67,60,120,73,11,114,15,37,97,90" hai2="4,59,79,66,103,107,129,113,8,49,30,100,92" hai3="41,133,84,131,75,43,127,57,126,72,116,81,117"/><T29/><D128/><U76/><E37/><V48/><F107/><W2/><G2/><T89/><D125/><U108/><E120/><V121/><F121/><W50/><G131/><T40/><D40/><U58/><E108/><V130/><F113/><W77/><G133/><T21/><D70/><U51/><E76/><V88/><F129/><W82/><G57/><T19/><D35/><U87/><E73/><V118/><F118/><W111/><G50/><T39/><D39/><U96/><E31/><V80/><F130/><W32/><G111/><T104/><D6/><U16/><E114/><V135/><F135/><W25/><G25/><N who="0" m="16559" /><D104/><U91/><REACH who="1" step="1"/><E51/><REACH who="1" ten="139,289,195,367" step="2"/><V42/><F30/><W95/><G77/><T132/><D132/><U71/><E71/><V0/><F48/><W78/><G78/><T102/><D102/><U12/><E12/><V45/><F103/><W24/><G75/><T63/><D63/><U86/><AGARI ba="0,1" hai="11,15,16,58,60,67,86,87,90,91,93,94,96,97" machi="86" ten="20,12000,2" yaku="1,1,0,1,7,1,9,1,8,1,54,1,53,0" doraHai="28" doraHaiUra="115" who="1" fromWho="1" sc="139,-60,289,130,195,-30,367,-30" /><INIT seed="5,0,0,2,4,45" ten="79,419,165,337" oya="1" hai0="66,98,55,10,107,123,99,114,1,38,18,37,133" hai1="95,54,0,7,44,71,65,59,9,29,82,51,105" hai2="11,91,49,74,50,64,130,27,126,53,5,56,89" hai3="96,57,90,110,67,86,36,24,42,127,118,75,13"/><U41/><E105/><V87/><F74/><W128/><G75/><T43/><D55/><U19/><E29/><V60/><F126/><W85/><G127/><T77/><D18/><U76/><E19/><V125/><F125/><W48/><G118/><T83/><D98/><U63/><E95/><V31/><F130/><W121/><G128/><T35/><D123/><U34/><E34/><V20/><F64/><W23/><G36/><T58/><D58/><U70/><REACH who="1" step="1"/><E65/><REACH who="1" ten="79,409,165,337" step="2"/><V62/><F62/><W135/><G67/><T111/><D66/><U52/><E52/><V119/><F119/><W81/><G121/><T6/><D35/><U88/><E88/><V132/><F132/><W2/><G135/><T4/><D133/><U92/><E92/><V79/><F79/><W104/><G104/><T129/><D129/><U14/><E14/><V108/><F108/><W40/><G13/><T131/><D131/><U124/><E124/><V112/><F112/><W109/><G110/><T80/><D111/><U39/><E39/><V12/><F91/><W33/><G33/><T26/><D114/><U46/><E46/><V3/><F3/><W122/><G2/><T25/><D77/><U78/><E78/><V68/><F68/><W72/><G122/><T17/><D17/><U8/><E8/><V134/><F134/><W93/><G109/><T94/><D107/><U21/><E21/><V32/><F32/><W73/><G23/><T16/><D37/><U28/><E28/><V69/><F69/><W120/><G90/><N who="0" m="55767" /><D1/><U97/><E97/><V22/><F22/><W30/><G96/><RYUUKYOKU ba="0,1" sc="79,-15,409,15,165,15,337,-15" hai1="0,7,9,41,44,51,54,59,63,70,71,76,82" hai2="5,11,12,20,27,31,49,50,53,56,60,87,89" /><INIT seed="5,1,1,3,4,79" ten="64,424,180,322" oya="1" hai0="13,86,74,110,62,40,115,102,76,73,132,77,95" hai1="33,117,108,63,42,128,59,29,27,88,35,134,85" hai2="75,1,28,70,60,87,135,68,4,80,0,119,12" hai3="111,8,94,100,55,84,19,45,114,124,92,121,129"/><U120/><E117/><V125/><F119/><W5/><G121/><T15/><D62/><U116/><E116/><V89/><F125/><W52/><G124/><T98/><D40/><U50/><E120/><V46/><F135/><W56/><G111/><T3/><D3/><U49/><E134/><V31/><F75/><N who="0" m="28682" /><D15/><U34/><E128/><V14/><F1/><W107/><G129/><T99/><D13/><U47/><E50/><V51/><F0/><W32/><G32/><T90/><D132/><U67/><REACH who="1" step="1"/><E108/><REACH who="1" ten="64,414,180,322" step="2"/><V37/><F37/><W9/><G5/><T93/><D110/><U38/><E38/><V54/><F4/><W39/><G39/><T25/><D115/><U20/><E20/><V6/><F6/><W17/><G114/><T130/><D130/><U26/><E26/><V105/><F12/><W123/><G123/><T53/><D25/><U66/><E66/><V21/><F14/><W112/><G112/><T2/><D2/><U58/><E58/><V109/><F109/><W64/><G64/><T97/><D53/><U104/><E104/><V65/><F105/><W78/><G107/><T30/><D30/><U24/><E24/><V101/><F21/><W118/><G56/><T36/><D36/><U131/><E131/><V72/><F31/><W22/><G22/><T11/><D11/><U10/><E10/><V91/><F28/><W44/><G118/><T18/><D18/><U133/><E133/><V83/><F65/><W103/><G8/><T61/><D61/><U113/><E113/><V81/><F60/><W41/><G9/><T16/><D16/><RYUUKYOKU ba="1,2" sc="64,15,414,15,180,-15,322,-15" hai0="76,77,86,90,93,95,97,98,99,102" hai1="27,29,33,34,35,42,47,49,59,63,67,85,88" /><INIT seed="5,2,2,5,4,44" ten="79,429,165,307" oya="1" hai0="67,104,121,14,38,25,98,78,43,18,58,56,0" hai1="125,54,92,7,39,110,2,81,62,99,6,124,131" hai2="53,40,130,97,51,76,20,32,115,128,60,26,61" hai3="105,94,71,9,109,95,107,49,114,118,69,86,50"/><U90/><E39/><V79/><F32/><W119/><G109/><T102/><D0/><U17/><E110/><V93/><F40/><W45/><G9/><T55/><D121/><U103/><E131/><V91/><F115/><W3/><G114/><T112/><D112/><U28/><E28/><V132/><F132/><W31/><G45/><T48/><D78/><N who="2" m="29738" /><F128/><W59/><G59/><T52/><D25/><U96/><E81/><V21/><F130/><W15/><G15/><T42/><D38/><U80/><E80/><V75/><F75/><W120/><G31/><T100/><D67/><U46/><E2/><V27/><F27/><W133/><G86/><T10/><REACH who="0" step="1"/><D100/><REACH who="0" ten="69,429,165,307" step="2"/><U116/><E116/><V24/><F24/><W22/><G3/><T68/><D68/><U16/><E103/><V84/><F26/><W122/><G133/><T111/><D111/><U23/><E125/><V73/><F73/><W85/><G85/><T87/><D87/><U47/><E124/><V66/><F66/><W113/><G113/><T74/><D74/><U4/><E99/><V89/><F84/><W65/><REACH who="3" step="1"/><G65/><REACH who="3" ten="69,429,165,297" step="2"/><T72/><D72/><U123/><E123/><V127/><F127/><W117/><G117/><T135/><D135/><U34/><E96/><V57/><F91/><W70/><G70/><T33/><D33/><U1/><E90/><V83/><F83/><W82/><G82/><T13/><D13/><U11/><E34/><V19/><F97/><W5/><G5/><T29/><D29/><U129/><E1/><V8/><F89/><W12/><G12/><T106/><D106/><RYUUKYOKU ba="2,4" sc="69,15,429,-15,165,-15,297,15" hai0="10,14,18,42,43,48,52,55,56,58,98,102,104" hai3="22,49,50,69,71,94,95,105,107,118,119,120,122" /><INIT seed="6,3,4,5,3,6" ten="84,414,150,312" oya="2" hai0="25,100,74,12,91,118,15,106,135,114,82,132,3" hai1="1,78,17,112,39,44,23,67,20,116,95,103,46" hai2="122,19,79,56,104,28,127,115,68,128,34,76,30" hai3="62,5,84,73,54,90,72,117,37,61,97,86,129"/><V2/><F68/><W80/><G37/><T130/><D3/><U52/><E112/><V57/><F104/><W42/><G42/><T96/><D25/><U88/><E103/><V16/><F2/><W111/><G111/><T81/><D15/><U102/><E102/><V50/><F34/><W48/><G117/><T77/><D118/><U101/><E101/><V60/><F115/><W71/><G97/><N who="0" m="61711" /><D12/><U0/><E67/><V109/><F109/><W123/><G123/><T89/><D114/><U13/><E78/><N who="2" m="29739" /><F122/><W110/><G110/><T98/><D130/><U94/><E116/><V51/><F128/><W29/><G29/><N who="2" m="11369" /><F127/><W41/><G41/><T108/><D108/><U38/><E95/><V14/><F19/><W10/><G129/><T83/><D74/><U21/><E1/><V92/><F92/><W69/><G73/><T18/><D18/><U65/><E0/><V9/><F56/><W22/><G72/><T99/><D77/><U64/><E39/><V113/><F113/><W24/><G71/><T124/><D124/><U119/><E38/><V27/><F27/><W47/><G69/><T63/><D63/><U107/><E107/><V35/><F35/><W53/><G62/><T87/><D91/><U126/><E126/><V85/><F85/><W105/><G86/><T36/><D36/><U11/><E119/><V66/><AGARI ba="3,4" hai="9,14,16,50,51,57,60,66" m="11369,29739" machi="66" ten="30,6000,0" yaku="8,1,52,1,54,1" doraHai="6" who="2" fromWho="2" sc="84,-23,414,-23,150,109,312,-23" /><INIT seed="6,4,0,2,0,119" ten="61,391,259,289" oya="2" hai0="82,108,86,90,74,36,124,81,106,133,79,51,66" hai1="35,10,62,9,26,0,2,41,68,50,103,45,135" hai2="100,55,27,12,132,19,71,96,101,37,46,64,89" hai3="117,30,13,77,15,110,92,61,76,34,116,78,32"/><V20/><F132/><W16/><G110/><T67/><D66/><U56/><E68/><V38/><F100/><W43/><G43/><T69/><D67/><U65/><E135/><V72/><F72/><W112/><G61/><T114/><D69/><U122/><E122/><V102/><F102/><W113/><G92/><T17/><D36/><U40/><E103/><V80/><F64/><W83/><G83/><T97/><D133/><U23/><E35/><V104/><F71/><W134/><G134/><T4/><D4/><U60/><E60/><V42/><F55/><W54/><G54/><T63/><D63/><U57/><E57/><V39/><F80/><W44/><G44/><T105/><D51/><U130/><E130/><V75/><F75/><W1/><G1/><T126/><D17/><U98/><E98/><V125/><F89/><W99/><G99/><T5/><D5/><U95/><E95/><V48/><F125/><N who="0" m="48234" /><D97/><U18/><E41/><V123/><REACH who="2" step="1"/><F27/><REACH who="2" ten="61,391,249,289" step="2"/><W29/><G77/><T52/><D52/><U131/><E131/><V7/><F7/><W25/><G25/><T128/><D128/><U49/><E2/><V70/><F70/><W6/><G6/><T118/><D118/><U14/><E0/><V94/><F94/><W47/><G47/><T24/><D24/><U8/><REACH who="1" step="1"/><E50/><REACH who="1" ten="61,381,249,289" step="2"/><V107/><F107/><N who="0" m="40970" /><D108/><U121/><E121/><AGARI ba="4,2" hai="12,19,20,37,38,39,42,46,48,96,101,104,121,123" machi="121" ten="40,7700,0" yaku="1,1,52,2,53,0" doraHai="119" doraHaiUra="59" who="2" fromWho="1" sc="61,0,381,-89,249,109,289,0" /><INIT seed="6,5,0,1,1,79" ten="61,292,358,289" oya="2" hai0="6,5,90,126,51,24,54,68,37,105,95,101,35" hai1="103,83,70,16,53,31,94,42,108,76,12,60,99" hai2="107,23,114,113,75,28,132,109,121,110,7,98,88" hai3="64,100,45,49,65,36,61,48,58,8,74,46,27"/><V40/><F75/><W73/><G100/><T135/><D37/><U119/><E119/><V9/><F121/><W56/><G8/><T77/><D68/><U32/><E108/><N who="2" m="41579" /><F40/><W66/><G27/><T57/><D77/><U15/><E42/><V67/><F67/><N who="3" m="25675" /><G74/><T26/><D135/><U17/><E70/><V72/><F72/><W106/><G73/><T86/><D126/><U118/><E118/><V102/><F132/><W52/><G106/><T11/><D35/><U33/><E33/><V82/><F23/><W96/><G96/><T123/><D123/><U14/><E32/><V10/><F28/><W78/><G78/><T93/><D105/><U87/><REACH who="1" step="1"/><E31/><REACH who="1" ten="61,282,358,289" step="2"/><V21/><F21/><W47/><G36/><T13/><REACH who="0" step="1"/><D5/><REACH who="0" ten="51,282,358,289" step="2"/><U30/><E30/><V127/><F127/><W20/><G20/><T81/><D81/><U29/><E29/><V124/><F124/><W55/><AGARI ba="5,2" hai="45,46,47,48,49,52,55,56,58,61,66" m="25675" machi="55" ten="30,12000,2" yaku="8,1,35,5,54,1" doraHai="79" who="3" fromWho="3" sc="51,-35,282,-35,358,-65,289,155" /><INIT seed="7,0,0,4,4,41" ten="16,247,293,444" oya="3" hai0="123,76,48,82,44,74,54,124,28,56,113,133,5" hai1="26,118,116,81,71,29,119,55,49,73,114,52,111" hai2="97,17,129,8,77,112,59,91,103,86,125,37,88" hai3="65,18,68,98,90,23,72,0,42,79,4,110,9"/><W101/><G110/><T117/><D117/><U69/><E73/><V75/><F125/><W63/><G79/><T13/><D123/><U70/><E81/><V24/><F129/><W62/><G72/><T128/><D124/><U108/><E26/><V126/><F126/><W132/><G132/><T78/><D128/><U3/><E3/><V6/><F112/><W31/><G31/><T15/><D133/><U67/><E29/><V22/><F75/><W64/><G90/><T53/><D113/><U11/><E11/><V58/><F37/><W19/><G42/><T33/><D76/><U30/><E30/><V46/><F77/><W80/><G80/><T85/><D74/><U115/><E114/><V43/><F91/><W25/><G25/><T106/><D106/><U89/><E89/><V131/><F131/><W39/><G23/><T47/><D33/><U93/><E93/><V84/><F84/><W121/><G39/><T105/><D28/><U66/><E115/><V27/><F27/><W95/><G121/><T83/><D83/><U50/><E108/><V51/><F97/><W92/><G95/><T100/><D5/><U20/><E20/><V61/><F103/><W7/><G4/><T16/><D105/><U2/><E2/><V36/><F36/><W104/><G104/><T60/><D100/><U135/><E135/><V12/><REACH who="2" step="1"/><F61/><REACH who="2" ten="16,247,283,444" step="2"/><W102/><G102/><T57/><REACH who="0" step="1"/><D13/><REACH who="0" ten="6,247,283,444" step="2"/><U122/><E122/><V127/><F127/><W45/><G101/><T96/><D96/><U35/><E111/><V32/><F32/><W21/><G98/><T14/><D14/><RYUUKYOKU ba="0,2" sc="6,15,247,-15,283,15,444,-15" hai0="15,16,44,47,48,53,54,56,57,60,78,82,85" hai2="6,8,12,17,22,24,43,46,51,58,59,86,88" owari="21,-48.0,232,-17.0,298,10.0,449,55.0" /></mjloggm>