<mjloggm ver="2.3"><GO type="41"/><UN n0="%E3%83%8A%E3%82%AB%E3%82%B6%E3%83%AF" n1="%E3%83%8D%E3%83%89%E3%83%B4%E3%82%A7%E3%83%89" n2="%6B%6F%75%64%61%69%30%33" n3="%E3%82%A6%E3%83%AB%E3%83%88%E3%83%A9%E7%AB%8B%E7%9B%B4" dan="13,15,14,15" rate="1938,1920,1951,1985" sx="M,M,M,M"/><TAIKYOKU oya="0"/><INIT seed="0,0,0,3,5,19" ten="250,250,250,250" oya="0" hai0="131,18,58,34,32,1,113,39,27,36,7,21,98" hai1="76,64,106,11,17,41,45,69,89,109,135,38,62" hai2="13,93,20,91,47,8,88,40,107,122,15,35,53" hai3="95,120,116,129,124,43,42,25,134,114,102,16,60"/><T72/><D72/><U56/><E106/><V104/><F35/><W5/><G116/><T48/><D113/><U30/><E135/><V6/><F122/><W99/><G114/><T0/><D131/><U52/><E109/><V44/><F53/><W123/><G134/><T71/><D71/><U26/><E76/><V115/><F115/><W121/><G129/><T92/><D7/><U65/><E65/><V70/><F70/><W3/><G124/><T130/><D130/><U73/><E73/><V57/><F57/><W101/><G101/><T117/><D117/><U28/><E89/><V126/><F126/><W75/><G75/><T133/><D133/><U77/><E77/><V87/><F47/><W67/><G5/><T22/><D48/><U23/><REACH who="1" step="1"/><E11/><REACH who="1" ten="250,240,250,250" step="2"/><V80/><F91/><W61/><G3/><T54/><D0/><U12/><E12/><V74/><F15/><W112/><G112/><T118/><D1/><U110/><E110/><V90/><F90/><W127/><G127/><T37/><D118/><U9/><E9/><V82/><F74/><W103/><G103/><T10/><D10/><U59/><E59/><V2/><F107/><W83/><G61/><AGARI ba="0,1" hai="17,23,26,28,30,38,41,45,52,56,61,62,64,69" machi="61" ten="30,7700,0" yaku="1,1,7,1,52,1,54,1,53,0" doraHai="19" doraHaiUra="33" who="1" fromWho="3" sc="250,0,240,87,250,0,250,-77" /><INIT seed="1,0,0,2,0,13" ten="250,327,250,173" oya="1" hai0="109,68,93,42,90,19,25,124,45,127,14,39,63" hai1="50,108,44,79,64,67,53,84,105,115,38,116,31" hai2="91,60,35,87,28,96,123,73,74,17,125,12,66" hai3="11,5,76,113,41,110,7,94,23,118,77,32,128"/><U89/><E105/><V101/><F123/><W51/><G32/><T129/><D25/><U37/><E31/><V27/><F125/><W102/><G118/><T107/><D107/><U106/><E116/><V8/><F91/><W120/><G113/><T47/><D109/><U30/><E30/><V80/><F87/><W22/><G120/><T103/><D103/><U131/><E106/><V54/><F54/><W114/><G110/><T40/><D63/><U104/><E104/><V121/><F80/><W55/><G41/><T18/><D68/><U65/><E131/><V49/><F49/><W29/><G114/><T71/><D71/><U117/><E117/><V34/><F34/><W83/><G128/><T43/><D129/><U132/><E115/><V95/><REACH who="2" step="1"/><F121/><REACH who="2" ten="250,327,240,173" step="2"/><W2/><G77/><T99/><D39/><U119/><E119/><V111/><F111/><W26/><G76/><T122/><D122/><U85/><E108/><V52/><F52/><W33/><G83/><T126/><REACH who="0" step="1"/><D18/><REACH who="0" ten="240,327,240,173" step="2"/><U78/><E37/><V4/><F4/><W134/><G7/><T112/><D112/><U10/><E38/><V62/><F62/><W82/><G5/><T16/><D16/><U69/><E69/><AGARI ba="0,2" hai="8,12,17,27,28,35,60,66,69,73,74,95,96,101" machi="69" ten="30,3900,0" yaku="1,1,7,1,52,1,53,0" doraHai="13" doraHaiUra="48" who="2" fromWho="1" sc="240,0,327,-39,240,59,173,0" /><INIT seed="2,0,0,0,2,32" ten="240,288,299,173" oya="2" hai0="56,27,13,83,119,109,45,133,122,95,85,66,105" hai1="6,98,75,14,68,12,25,28,7,23,10,123,29" hai2="73,9,77,11,69,65,100,113,127,86,19,67,128" hai3="41,30,94,89,108,92,4,31,117,43,79,111,53"/><V8/><F113/><W46/><G117/><T33/><D122/><U78/><E68/><V72/><F100/><W15/><G79/><T60/><D105/><U114/><E98/><V21/><F127/><W91/><G15/><N who="1" m="5674" /><E75/><V90/><F128/><W93/><G4/><N who="1" m="1578" /><E78/><V76/><F73/><W87/><G87/><T51/><D85/><U58/><E58/><V64/><F69/><W125/><G125/><T20/><D83/><U22/><E123/><V3/><F3/><W129/><G129/><T118/><D109/><U16/><E114/><V17/><F72/><W131/><G131/><T81/><D133/><U57/><E57/><V39/><F39/><W47/><G93/><T96/><D81/><U44/><E44/><V18/><REACH who="2" step="1"/><F21/><REACH who="2" ten="240,288,289,173" step="2"/><N who="1" m="7689" /><E10/><V126/><F126/><W130/><G130/><T110/><D118/><U34/><E29/><V82/><AGARI ba="0,1" hai="8,9,11,17,18,19,64,65,67,76,77,82,86,90" machi="82" ten="40,12000,1" yaku="1,1,0,1,29,2,8,1,53,0" doraHai="32" doraHaiUra="55" who="2" fromWho="2" sc="240,-40,288,-40,289,130,173,-40" /><INIT seed="2,1,0,4,2,66" ten="200,248,419,133" oya="2" hai0="81,35,48,84,64,25,62,110,117,72,113,29,80" hai1="79,7,98,69,61,134,20,76,16,74,108,119,56" hai2="100,73,115,93,43,103,49,26,57,8,86,27,127" hai3="24,12,107,104,67,58,109,90,126,41,52,118,9"/><V1/><F73/><W19/><G118/><T50/><D117/><U39/><E119/><V114/><F127/><W21/><G126/><T13/><D113/><U23/><E134/><V96/><F1/><W94/><G109/><T130/><D110/><U53/><E7/><V46/><F8/><W3/><G41/><T5/><D130/><U128/><E39/><V65/><F103/><W45/><G45/><T99/><D99/><U30/><E108/><V120/><F120/><W14/><G14/><T105/><D105/><U47/><E74/><V111/><F111/><W6/><G67/><T121/><D121/><U18/><E30/><V129/><F129/><W91/><G91/><T42/><D80/><U116/><E116/><V92/><F115/><W44/><G44/><T71/><D72/><U4/><E4/><V122/><F122/><W15/><G15/><T82/><D82/><U102/><E47/><V123/><F114/><W36/><G36/><T87/><D84/><U33/><E33/><V32/><F32/><W89/><G89/><T77/><D42/><U101/><E128/><V97/><F86/><W95/><G95/><T40/><D40/><U78/><E69/><V112/><F123/><W55/><G55/><T0/><D0/><U83/><E83/><V135/><F112/><W34/><G34/><T54/><D54/><U133/><E133/><V17/><F135/><W59/><G59/><T38/><D38/><U131/><E131/><V106/><F57/><W37/><G37/><T10/><AGARI ba="1,0" hai="5,10,13,25,29,35,48,50,62,64,71,77,81,87" machi="10" ten="30,2000,0" yaku="0,1,52,1" doraHai="66" who="0" fromWho="0" sc="200,23,248,-6,419,-11,133,-6" /><INIT seed="3,0,0,4,5,55" ten="223,242,408,127" oya="3" hai0="106,4,31,57,95,45,60,62,130,132,7,128,2" hai1="37,116,73,66,8,13,16,113,21,122,134,105,54" hai2="11,22,28,41,59,17,61,123,47,121,75,78,52" hai3="30,36,20,74,129,29,93,26,35,33,110,12,0"/><W63/><G74/><T34/><D106/><U68/><E37/><V1/><F28/><W9/><G36/><T72/><D72/><U107/><E73/><V104/><F104/><W112/><G93/><T15/><D45/><U67/><E122/><N who="2" m="46603" /><F75/><W80/><G80/><T51/><D2/><U85/><E134/><V70/><F78/><W119/><G119/><T49/><D132/><U65/><E113/><V56/><F70/><W101/><G101/><T94/><D15/><U50/><E68/><V115/><F115/><W84/><G84/><T111/><D31/><U43/><E43/><V14/><F59/><W64/><G112/><T86/><D86/><U92/><E116/><V118/><F118/><W103/><G103/><T18/><D18/><U71/><E71/><V88/><F88/><W90/><G90/><T79/><D79/><U39/><E39/><N who="2" m="21951" /><F1/><W133/><G133/><T53/><D60/><U82/><E92/><N who="0" m="35369" /><D34/><U126/><E126/><V76/><F76/><W48/><G63/><T91/><D91/><N who="1" m="51639" /><E21/><AGARI ba="0,0" hai="11,14,17,21,22,52,56,61" m="21951,46603" machi="21" ten="30,3900,0" yaku="13,1,52,1,54,1" doraHai="55" who="2" fromWho="1" sc="223,0,242,-39,408,39,127,0" /><INIT seed="4,0,0,5,0,82" ten="223,203,447,127" oya="0" hai0="35,8,102,127,50,106,87,76,15,4,75,66,41" hai1="79,60,31,17,33,29,112,46,124,51,58,63,107" hai2="19,28,94,25,111,6,72,68,88,13,55,78,84" hai3="119,97,22,34,61,108,64,95,103,62,115,104,134"/><T14/><D75/><U109/><E107/><V128/><F128/><W135/><G119/><T129/><D129/><U21/><E33/><V71/><F6/><W57/><G108/><T132/><D127/><U98/><E124/><V65/><F65/><W100/><G115/><T118/><D118/><U39/><E109/><V18/><F55/><W59/><G34/><T9/><D35/><U81/><E39/><V122/><F122/><W47/><G47/><T110/><D110/><U125/><E125/><V70/><F111/><W2/><G2/><T20/><D20/><U83/><E112/><V69/><F68/><W90/><G104/><T37/><D37/><U91/><E98/><V113/><F113/><W52/><REACH who="3" step="1"/><G22/><REACH who="3" ten="223,203,447,117" step="2"/><T74/><D132/><AGARI ba="0,1" hai="52,57,59,61,62,64,90,95,97,100,103,132,134,135" machi="132" ten="40,8000,1" yaku="1,1,2,1,20,1,54,1,53,0" doraHai="82" doraHaiUra="73" who="3" fromWho="0" sc="223,-80,203,0,447,0,117,90" /><INIT seed="5,0,0,4,0,88" ten="143,203,447,207" oya="1" hai0="70,24,69,49,6,18,103,46,109,43,105,102,135" hai1="101,59,36,118,64,83,60,56,2,54,3,120,68" hai2="44,5,29,130,128,87,112,92,125,22,8,94,124" hai3="107,73,26,114,42,16,122,117,77,31,119,85,7"/><U11/><E120/><V127/><F44/><W32/><G73/><T21/><D109/><U51/><E36/><V1/><F87/><W58/><G107/><T40/><D135/><U98/><E118/><N who="3" m="45066" /><G7/><T63/><D6/><U50/><E83/><V132/><F112/><W53/><G42/><T57/><D103/><U47/><E11/><V55/><F55/><W82/><G122/><T25/><D102/><U129/><E129/><N who="2" m="49771" /><F29/><W81/><G81/><T100/><D100/><U0/><REACH who="1" step="1"/><E51/><REACH who="1" ten="143,193,447,207" step="2"/><V17/><F132/><W27/><G114/><T35/><D105/><AGARI ba="0,1" hai="0,2,3,47,50,54,56,59,60,64,68,98,101,105" machi="105" ten="40,7700,0" yaku="1,1,2,1,53,1" doraHai="88" doraHaiUra="66" who="1" fromWho="0" sc="143,-77,193,87,447,0,207,0" /><INIT seed="5,1,0,2,2,20" ten="66,280,447,207" oya="1" hai0="44,72,10,82,26,85,89,25,121,79,130,118,71" hai1="35,86,115,61,63,76,107,91,84,51,58,53,96" hai2="94,6,105,93,18,27,99,80,131,119,46,40,135" hai3="22,13,31,32,111,39,81,129,108,14,110,23,65"/><U122/><E122/><V45/><F131/><W77/><G65/><T36/><D118/><U69/><E35/><V78/><F135/><W30/><G39/><T52/><D121/><U74/><E115/><V92/><F6/><W4/><G81/><T88/><D71/><U127/><E127/><V15/><F119/><W133/><G77/><T66/><D66/><U1/><E1/><V98/><F27/><N who="0" m="10250" /><D72/><U8/><E69/><V62/><F62/><W59/><G59/><T12/><D130/><U67/><E8/><V0/><F0/><W116/><G129/><T38/><D36/><U109/><E109/><V113/><F113/><W43/><G116/><T47/><D38/><U123/><E123/><V11/><F105/><W49/><G108/><T120/><D120/><U97/><E107/><V103/><F40/><W106/><G43/><T100/><D100/><U112/><E112/><V21/><F11/><W95/><G106/><T124/><D124/><U60/><E74/><V42/><F42/><W17/><G17/><BYE who="3" /><N who="0" m="8343" /><D44/><U56/><E76/><V128/><F128/><W101/><G101/><T37/><D37/><UN n3="%E3%82%A6%E3%83%AB%E3%83%88%E3%83%A9%E7%AB%8B%E7%9B%B4" /><U3/><E3/><V75/><F93/><W64/><G64/><T57/><D47/><U19/><E19/><V34/><F34/><W70/><G32/><T73/><D73/><U90/><E97/><V2/><F2/><W29/><G70/><T102/><D102/><AGARI ba="1,0" hai="15,18,21,45,46,75,78,80,92,94,98,99,102,103" machi="102" ten="30,2000,0" yaku="7,1,9,1" doraHai="20" who="2" fromWho="0" sc="66,-23,280,0,447,23,207,0" /><INIT seed="6,0,0,1,5,100" ten="43,280,470,207" oya="2" hai0="111,7,15,81,126,54,93,102,21,66,110,130,0" hai1="53,12,135,120,65,85,90,37,123,119,23,127,5" hai2="22,98,132,92,20,122,25,72,59,79,52,105,133" hai3="115,64,107,55,121,96,134,51,36,28,83,32,88"/><V125/><F122/><N who="1" m="46633" /><E37/><V31/><F105/><W29/><G36/><T97/><D0/><U10/><E65/><V68/><F68/><W116/><G116/><T69/><D126/><U114/><E127/><V108/><F125/><W77/><G121/><T27/><D130/><U40/><E135/><N who="2" m="51787" /><F108/><W99/><G134/><T84/><D54/><U61/><E119/><V89/><F79/><W50/><G64/><T131/><D66/><U124/><E114/><V30/><F72/><W82/><G32/><T78/><D69/><U33/><E40/><V80/><F80/><W86/><G115/><T2/><D131/><U18/><E33/><N who="2" m="20687" /><F31/><W74/><G99/><T67/><D67/><U24/><E124/><V49/><AGARI ba="0,0" hai="20,22,49,52,59,89,92,98" m="20687,51787" machi="49" ten="30,3000,0" yaku="20,1,54,1" doraHai="100" who="2" fromWho="2" sc="43,-10,280,-10,470,30,207,-10" /><INIT seed="6,1,0,2,1,63" ten="33,270,500,197" oya="2" hai0="30,65,18,88,75,123,47,118,11,19,100,107,2" hai1="50,122,111,68,103,76,48,95,121,43,20,104,94" hai2="52,22,132,66,96,6,34,59,27,101,56,80,124" hai3="85,86,99,5,112,46,49,87,28,109,35,110,134"/><V105/><F34/><W16/><G5/><T7/><D123/><N who="1" m="47115" /><E68/><V33/><F33/><W45/><G28/><T108/><D118/><U91/><E111/><V39/><F39/><W71/><G35/><T17/><D108/><U128/><E76/><V0/><F124/><W10/><G71/><T77/><D30/><U9/><E128/><V129/><F132/><W84/><N who="3" m="22016" /><DORA hai="114" /><W26/><G112/><T8/><D47/><N who="1" m="25727" /><E50/><V57/><F80/><W89/><G134/><T106/><D100/><U69/><E69/><V23/><F129/><W67/><G67/><T42/><D42/><U102/><E104/><V3/><F66/><W131/><G131/><T81/><D65/><U24/><E9/><V115/><F3/><W113/><G113/><T31/><D31/><N who="1" m="17799" /><E91/><V120/><F115/><W127/><G127/><T133/><D133/><U117/><E117/><V98/><F120/><W53/><G46/><T73/><D8/><U116/><E116/><V14/><F0/><W12/><REACH who="3" step="1"/><G26/><REACH who="3" ten="33,270,500,187" step="2"/><T93/><REACH who="0" step="1"/><D73/><REACH who="0" ten="23,270,500,187" step="2"/><U125/><E125/><V135/><F135/><W32/><G32/><T4/><D4/><U51/><E51/><V130/><F6/><W21/><G21/><T41/><D41/><U60/><E60/><V55/><F23/><W72/><G72/><T40/><D40/><U1/><E103/><V70/><F101/><W92/><AGARI ba="1,2" hai="10,12,16,45,49,53,89,92,99,109,110" m="22016" machi="92" ten="40,5200,0" yaku="1,1,0,1,54,1,53,0" doraHai="63,114" doraHaiUra="79,36" who="3" fromWho="3" sc="23,-14,270,-14,500,-27,187,75" /><INIT seed="7,0,0,0,3,102" ten="9,256,473,262" oya="3" hai0="78,88,67,100,126,108,97,79,20,68,55,125,39" hai1="128,69,80,43,14,99,23,114,86,63,12,15,7" hai2="71,103,90,56,52,135,30,124,110,61,77,34,5" hai3="9,2,127,105,89,60,122,92,38,131,46,74,32"/><W84/><G122/><T113/><D108/><U40/><E128/><V64/><F103/><W109/><G32/><T83/><D55/><U11/><E114/><V45/><F77/><W50/><G105/><T111/><D67/><U35/><E35/><V49/><F5/><W4/><G109/><T21/><D68/><U1/><E99/><V117/><F117/><W129/><G74/><T133/><D21/><U3/><E23/><V134/><F124/><W119/><G38/><T0/><D20/><U24/><E24/><N who="2" m="18759" /><F110/><W18/><G119/><T96/><D0/><U13/><N who="1" m="3584" /><DORA hai="44" /><U132/><E3/><V26/><F26/><W66/><G18/><T106/><D39/><U57/><E69/><V116/><F116/><W53/><REACH who="3" step="1"/><G127/><REACH who="3" ten="9,256,473,252" step="2"/><T16/><D111/><U62/><E132/><V42/><F135/><W6/><G6/><T72/><D16/><U70/><E7/><V48/><F134/><W115/><G115/><T101/><D133/><U31/><E31/><V41/><F45/><W107/><G107/><T85/><D113/><U104/><E104/><V10/><F64/><W120/><G120/><T19/><D19/><U22/><E70/><AGARI ba="0,1" hai="2,4,9,46,50,53,60,66,70,84,89,92,129,131" machi="70" ten="40,7700,0" yaku="1,1,52,1,53,1" doraHai="102,44" doraHaiUra="87,95" who="3" fromWho="1" sc="9,0,256,-77,473,0,252,87" /><INIT seed="7,1,0,4,4,108" ten="9,179,473,339" oya="3" hai0="83,66,96,92,1,87,75,27,29,82,17,105,55" hai1="134,44,65,53,56,9,46,3,73,12,90,114,112" hai2="28,45,36,91,116,128,122,93,35,19,39,68,113" hai3="110,43,63,81,76,6,74,126,103,22,18,0,86"/><W111/><G126/><T119/><D119/><U60/><E73/><V30/><F116/><W50/><G103/><T47/><D1/><U102/><E3/><V85/><F128/><W88/><G63/><T107/><D66/><U32/><E32/><V118/><F118/><W5/><G0/><T2/><D2/><U52/><E102/><V26/><F30/><W77/><G111/><T41/><D55/><N who="1" m="21067" /><E90/><V58/><F68/><W101/><G101/><T34/><D75/><U94/><E94/><V54/><F113/><N who="1" m="43625" /><E134/><V109/><F122/><W64/><G74/><T124/><D124/><U78/><E78/><N who="3" m="30314" /><G64/><T11/><D82/><U97/><E97/><V69/><F69/><W127/><G127/><T79/><D17/><AGARI ba="1,0" hai="9,12,17,44,46,56,60,65" m="43625,21067" machi="17" ten="30,8000,1" yaku="15,1,52,3,54,1" doraHai="108" who="1" fromWho="0" sc="9,-83,179,83,473,0,339,0" owari="-74,-57.0,262,-14.0,473,57.0,339,14.0" /></mjloggm>