<mjloggm ver="2.3"><GO type="97"/><UN n0="%E7%94%B0%E6%9D%91%E3%82%86%E3%81%8B%E3%82%8A%E2%99%AA" n1="%EF%BC%88%E2%89%A7%E2%96%BD%E2%89%A6%EF%BC%89" n2="%E8%BF%85%E9%9B%B7%E5%86%86%E9%8C%90" n3="%E5%8E%9F%E7%94%B0%E3%81%B2%E3%81%A8%E3%81%BF%E3%80%82" dan="14,15,13,13" rate="1879,1993,1847,1893" sx="M,M,M,F"/><TAIKYOKU oya="0"/><INIT seed="0,0,0,3,0,56" ten="250,250,250,250" oya="0" hai0="123,27,91,6,5,39,114,90,42,58,116,12,15" hai1="96,63,62,31,33,35,93,69,81,2,8,86,87" hai2="18,38,7,79,107,10,21,97,94,85,17,83,29" hai3="122,14,88,26,19,102,53,60,80,135,23,3,57"/><T34/><D123/><U68/><E2/><V66/><F38/><W78/><G3/><T67/><D116/><U77/><E69/><V41/><F41/><W0/><G0/><T115/><D42/><U50/><E68/><V130/><F107/><W47/><G135/><T109/><D39/><U71/><E71/><V37/><F37/><W128/><G122/><T24/><D58/><U127/><E127/><V112/><F112/><W44/><G128/><T103/><D103/><N who="1" m="60815" /><E35/><V76/><F76/><W46/><G102/><T124/><D67/><U61/><E33/><V113/><F113/><W54/><G54/><T118/><D118/><U131/><E131/><V99/><F130/><W55/><G55/><T73/><D34/><U28/><E8/><V72/><F72/><W104/><G104/><T119/><D119/><U75/><E75/><V100/><F99/><W126/><G126/><T82/><D73/><U25/><E25/><V92/><F92/><W108/><G108/><T13/><D13/><U89/><E50/><V40/><F40/><W98/><G78/><T30/><D124/><U65/><E65/><V133/><F133/><W32/><G32/><T132/><D132/><U43/><E43/><V117/><F117/><W121/><G121/><T52/><D109/><U16/><E16/><V4/><F66/><W70/><G70/><T120/><D120/><U45/><E45/><V49/><F49/><W59/><G59/><T74/><D74/><U51/><E51/><V110/><F110/><W22/><G26/><T9/><D115/><U125/><E125/><V111/><F111/><RYUUKYOKU ba="0,0" sc="250,-10,250,30,250,-10,250,-10" hai1="28,31,61,62,63,77,81,86,87,89" /><INIT seed="1,1,0,3,0,73" ten="240,280,240,240" oya="1" hai0="71,87,88,83,78,131,90,98,95,10,115,17,108" hai1="46,15,84,96,14,58,35,64,51,6,111,134,105" hai2="45,104,50,61,26,99,91,85,36,37,132,41,47" hai3="79,116,40,23,126,133,119,110,109,7,11,101,66"/><U29/><E35/><V32/><F132/><W59/><G133/><T54/><D115/><U0/><E0/><V75/><F75/><W8/><G40/><T100/><D71/><U107/><E134/><V22/><F32/><W13/><G101/><T27/><D108/><N who="3" m="41577" /><G126/><T67/><D67/><U55/><E111/><V112/><F112/><W60/><G23/><N who="0" m="13807" /><D131/><U69/><E69/><V48/><F61/><W43/><G43/><T72/><D72/><U106/><E29/><V77/><F104/><W42/><G42/><T25/><D25/><U127/><E127/><V16/><F99/><W53/><G66/><T74/><D74/><U129/><E129/><V31/><F37/><W49/><G49/><T117/><D117/><N who="3" m="45129" /><G8/><T114/><D114/><U80/><E64/><V103/><F36/><W62/><G62/><T39/><D39/><U130/><E130/><V28/><F103/><W18/><G7/><T63/><D10/><U19/><E6/><V20/><F31/><W128/><G128/><T33/><D33/><U92/><E92/><V1/><F1/><W102/><G102/><T21/><D21/><N who="1" m="11511" /><E107/><V86/><F41/><W4/><G4/><T34/><D34/><U123/><E106/><V135/><F135/><W30/><G30/><T121/><D121/><U124/><E123/><V93/><F47/><W81/><G81/><T5/><D5/><U89/><E124/><V118/><F45/><W82/><G82/><T12/><D12/><U52/><E15/><N who="2" m="9247" /><F118/><W24/><G24/><T2/><D2/><U56/><E55/><V3/><F3/><W113/><G113/><RYUUKYOKU ba="1,0" sc="240,0,280,0,240,0,240,0" hai0="54,63,78,83,87,88,90,95,98,100" hai1="46,51,52,56,58,80,84,89,96,105" hai2="22,26,28,48,50,77,85,86,91,93" hai3="11,13,18,53,59,60,79" /><INIT seed="1,2,0,3,4,102" ten="240,280,240,240" oya="1" hai0="2,21,126,130,72,82,100,27,34,88,55,61,14" hai1="106,132,35,7,23,16,80,64,13,84,50,128,90" hai2="4,135,101,104,120,46,131,92,115,47,93,119,77" hai3="103,8,1,74,57,30,110,65,85,116,11,10,5"/><U125/><E35/><V95/><F119/><W51/><G116/><T18/><D2/><U12/><E106/><V37/><F120/><W58/><G74/><T117/><D117/><U94/><E132/><V68/><F68/><W108/><G30/><T62/><D100/><U6/><E125/><V0/><F135/><W39/><G39/><T40/><D126/><U41/><E64/><V134/><F134/><W32/><G32/><T48/><D40/><U109/><E109/><N who="3" m="42090" /><G65/><T112/><D112/><U20/><E128/><V83/><F131/><W81/><G51/><T124/><D130/><U59/><E80/><V98/><F115/><W73/><G73/><T45/><D124/><U129/><E129/><V111/><F111/><W17/><G103/><T26/><D72/><U31/><E41/><V25/><F25/><N who="0" m="9226" /><D34/><U70/><E70/><V86/><REACH who="2" step="1"/><F37/><REACH who="2" ten="240,280,230,240" step="2"/><W133/><G133/><T9/><D21/><U44/><E31/><V105/><F105/><W54/><G10/><AGARI ba="2,1" hai="0,4,10,46,47,77,83,86,92,93,95,98,101,104" machi="10" ten="40,2600,0" yaku="1,1,52,1,53,0" doraHai="102" doraHaiUra="36" who="2" fromWho="3" sc="240,0,280,0,230,42,240,-32" /><INIT seed="2,0,0,3,3,34" ten="240,280,272,208" oya="2" hai0="125,12,62,13,19,4,116,55,67,124,126,68,37" hai1="8,46,20,121,107,32,82,109,50,101,102,105,133" hai2="58,129,66,114,64,117,47,3,91,96,108,26,39" hai3="29,89,135,22,111,119,61,131,41,73,93,48,63"/><V16/><F117/><W30/><G73/><T79/><D116/><U60/><E32/><V54/><F114/><W94/><G119/><T83/><D37/><U115/><E115/><V43/><F129/><W112/><G131/><T35/><D35/><U70/><E121/><V10/><F108/><W2/><G2/><T100/><D100/><U122/><E122/><V103/><F91/><W75/><G75/><T86/><D4/><U45/><E109/><V95/><F26/><W118/><G118/><T27/><REACH who="0" step="1"/><D55/><REACH who="0" ten="230,280,272,208" step="2"/><N who="1" m="30159" /><E102/><V123/><F123/><W15/><G111/><T23/><AGARI ba="0,1" hai="12,13,19,23,27,62,67,68,79,83,86,124,125,126" machi="23" ten="40,5200,0" yaku="1,1,0,1,18,1,53,0" doraHai="34" doraHaiUra="106" who="0" fromWho="0" sc="230,62,280,-13,272,-26,208,-13" /><INIT seed="3,0,0,4,1,41" ten="292,267,246,195" oya="3" hai0="107,22,80,2,72,15,119,39,89,74,96,29,131" hai1="28,38,114,70,127,130,48,128,124,57,101,117,34" hai2="31,16,59,105,58,66,73,134,121,115,0,111,83" hai3="112,47,91,8,32,64,50,5,56,98,68,82,60"/><W78/><G32/><T62/><D2/><U81/><E114/><V7/><F115/><W67/><G112/><T1/><D1/><U90/><E117/><V69/><F105/><W20/><G68/><T46/><D119/><U122/><E122/><V40/><F121/><W37/><G37/><T108/><D74/><U123/><E123/><V87/><F73/><W94/><G20/><T77/><D62/><U93/><E38/><V51/><F134/><W113/><G113/><T99/><D131/><N who="1" m="50219" /><E70/><V23/><F111/><W103/><G60/><T3/><D3/><U44/><E57/><V86/><F69/><W4/><G56/><T71/><D71/><U75/><E101/><V118/><F118/><W95/><G5/><T109/><D107/><U14/><E14/><V43/><F0/><W63/><G63/><T10/><D89/><U116/><E116/><V21/><F7/><W135/><G135/><T61/><D61/><U9/><E9/><V19/><F31/><W120/><G120/><T106/><D106/><U104/><E104/><V133/><F133/><W125/><G125/><N who="1" m="48202" /><E28/><V54/><F66/><W110/><G110/><N who="0" m="42603" /><D29/><U17/><E34/><V12/><F59/><W92/><G67/><T53/><D22/><U88/><E88/><N who="2" m="51295" /><F87/><N who="3" m="48599" /><G64/><T126/><D126/><U18/><E75/><V27/><AGARI ba="0,0" hai="12,16,19,21,23,27,40,43,51,54,58" m="51295" machi="27" ten="30,4000,0" yaku="8,1,54,2" doraHai="41" who="2" fromWho="2" sc="292,-10,267,-10,246,40,195,-20" /><INIT seed="4,0,0,2,3,98" ten="282,257,286,175" oya="0" hai0="59,50,45,109,70,17,64,20,124,79,43,28,33" hai1="73,31,135,1,123,19,7,75,130,58,44,68,76" hai2="11,106,89,81,131,127,5,61,57,13,30,120,15" hai3="46,95,67,80,54,114,133,55,93,116,128,36,22"/><T16/><D70/><U69/><E123/><V62/><F120/><W53/><G114/><T113/><D113/><U119/><E119/><V8/><F30/><W108/><G116/><T107/><D107/><U83/><E130/><V132/><F131/><W40/><G128/><T103/><D124/><U24/><E135/><V6/><F127/><W82/><G108/><T85/><D109/><U2/><E73/><V14/><F132/><W87/><G133/><T100/><D33/><U23/><E58/><V126/><F126/><W94/><G67/><T110/><D28/><U84/><E1/><V104/><F104/><W78/><G22/><T63/><D110/><U48/><E75/><V74/><F106/><W66/><G66/><T35/><D35/><U88/><E76/><V121/><F121/><W3/><G3/><T134/><D134/><U0/><E0/><V21/><F74/><W10/><G10/><T65/><D65/><U49/><E49/><V27/><F57/><W4/><G4/><T34/><D34/><U112/><E112/><V60/><F15/><W51/><REACH who="3" step="1"/><G82/><REACH who="3" ten="282,257,286,165" step="2"/><N who="0" m="47327" /><D17/><U52/><E7/><V90/><F81/><W26/><G26/><AGARI ba="0,1" hai="16,20,26,43,45,50,59,63,64,100,103" m="47327" machi="26" ten="30,11600,0" yaku="8,1,52,2,54,1" doraHai="98" who="0" fromWho="3" sc="282,126,257,0,286,0,165,-116" owari="408,50.0,257,-14.0,286,9.0,49,-45.0" /></mjloggm>