<mjloggm ver="2.3"><GO type="43"/><UN n0="%E2%98%85%E3%81%B0%E3%81%8F%E3%81%8A%E2%98%85" n1="%EF%BC%88%E2%89%A7%E2%96%BD%E2%89%A6%EF%BC%89" n2="%32%30%30%32%74%61%74%69" n3="%E9%9D%92%E9%B3%B3%E7%84%A1%E6%88%91" dan="19,14,14,14" rate="2011,2074,1871,2109" sx="M,M,M,M"/><TAIKYOKU oya="0"/><INIT seed="0,0,0,2,4,97" ten="250,250,250,250" oya="0" hai0="76,103,87,36,128,41,79,73,104,78,8,25,23" hai1="61,96,109,62,74,24,64,102,115,10,120,131,40" hai2="29,89,75,93,124,12,69,3,44,43,31,28,22" hai3="18,54,7,67,57,71,58,68,111,113,110,30,119"/><T53/><D128/><U17/><E120/><V51/><F75/><W52/><G30/><T47/><D73/><U98/><E74/><V122/><F122/><W5/><G18/><T125/><D125/><U19/><E131/><V66/><F124/><W88/><G88/><T80/><D53/><N who="3" m="20585" /><G119/><T4/><D104/><U134/><E115/><V6/><F3/><W92/><G92/><T56/><D56/><N who="3" m="21609" /><G113/><T59/><D59/><U130/><E130/><V132/><F132/><W108/><G67/><T95/><D95/><U34/><E64/><V126/><F126/><W2/><G2/><T81/><D103/><U9/><E102/><V55/><F55/><W83/><G83/><T84/><D78/><U33/><E24/><N who="2" m="16407" /><F66/><W35/><G35/><T70/><D25/><U121/><E121/><V117/><F117/><W20/><G20/><T91/><D23/><U112/><E112/><V32/><F32/><W38/><G38/><T37/><D37/><U85/><E85/><N who="2" m="52399" /><F69/><AGARI ba="0,0" hai="5,7,68,69,71,108,110,111" m="21609,20585" machi="69" ten="40,5200,0" yaku="28,2,14,1" doraHai="97" who="3" fromWho="2" sc="250,0,250,0,250,-52,250,52" /><INIT seed="1,0,0,5,0,35" ten="250,250,198,302" oya="1" hai0="114,42,93,33,38,124,40,73,118,2,90,75,13" hai1="45,123,103,127,92,88,19,95,130,70,105,51,128" hai2="117,80,65,55,8,111,36,0,121,29,63,134,72" hai3="57,18,67,3,16,116,60,1,99,23,49,9,61"/><U113/><E70/><V31/><F121/><W64/><G116/><T66/><D33/><U47/><E123/><V43/><F117/><W17/><G23/><T86/><D118/><U5/><E113/><V69/><F111/><W83/><G9/><T110/><D114/><U24/><E127/><V122/><F134/><W34/><G34/><T94/><D110/><U104/><E5/><N who="2" m="1063" /><F55/><W119/><G119/><T52/><D2/><U120/><E120/><V85/><F85/><W132/><G132/><T74/><D66/><U82/><E19/><V20/><F20/><W102/><G83/><T37/><D124/><U112/><E24/><V32/><F32/><W27/><G49/><T109/><D109/><U30/><E30/><V100/><F100/><W125/><G27/><T11/><D52/><U76/><E112/><V56/><F56/><W97/><G125/><T87/><D38/><U10/><E10/><V41/><F41/><W77/><G77/><T79/><D37/><U71/><E71/><V50/><F50/><W108/><G108/><T107/><D79/><U96/><E51/><V62/><F62/><W48/><G48/><T39/><D39/><U14/><E45/><N who="2" m="23783" /><F122/><W135/><G135/><T129/><D42/><U81/><E47/><V53/><F53/><W84/><G84/><T131/><D40/><U106/><E14/><V89/><F89/><W58/><G99/><T91/><REACH who="0" step="1"/><D107/><AGARI ba="0,0" hai="1,3,16,17,18,57,58,60,61,64,67,97,102,107" machi="107" ten="40,5200,0" yaku="9,1,52,2" doraHai="35" who="3" fromWho="0" sc="250,-52,250,0,198,0,302,52" /><INIT seed="2,0,0,4,3,15" ten="198,250,198,354" oya="2" hai0="51,79,86,93,49,112,130,90,58,68,84,52,2" hai1="12,1,108,78,106,23,87,29,13,121,53,81,17" hai2="102,31,82,126,63,71,3,115,14,92,20,9,105" hai3="7,83,30,97,94,45,117,124,129,64,135,6,134"/><V104/><F115/><W96/><G117/><T8/><D130/><U54/><E106/><V125/><F3/><W18/><G30/><T72/><D112/><U67/><E121/><V48/><F82/><W74/><G64/><T61/><D72/><U60/><E108/><V89/><F102/><W26/><G45/><T114/><D114/><U107/><E107/><V95/><F95/><W98/><G94/><T59/><D68/><U0/><E29/><V66/><F48/><W122/><G122/><T62/><D2/><U10/><E0/><V4/><F20/><W27/><G124/><N who="2" m="47721" /><F31/><W88/><G129/><T37/><D37/><U123/><E1/><V70/><F70/><W133/><G27/><T69/><D69/><U21/><E123/><V50/><F50/><W56/><G56/><T101/><D101/><U57/><E23/><V85/><AGARI ba="0,0" hai="4,9,14,63,66,71,85,89,92,104,105" m="47721" machi="85" ten="30,1500,0" yaku="18,1" doraHai="15" who="2" fromWho="2" sc="198,-5,250,-5,198,15,354,-5" /><INIT seed="2,1,0,2,1,133" ten="193,245,213,349" oya="2" hai0="39,82,107,37,67,35,3,128,55,102,46,49,106" hai1="98,85,111,101,119,6,47,121,0,61,53,8,25" hai2="92,76,135,87,78,32,34,93,125,90,10,79,59" hai3="108,113,58,7,13,42,9,17,117,66,124,75,57"/><V73/><F135/><W109/><G117/><T4/><D35/><U50/><E119/><V43/><F73/><W105/><G75/><T94/><D128/><U100/><E121/><V11/><F125/><W62/><G124/><T74/><D67/><U16/><E111/><N who="3" m="42570" /><G105/><T19/><D4/><U118/><E118/><V104/><F104/><W14/><G42/><T127/><D3/><U12/><E25/><V24/><F34/><W122/><G122/><T91/><D127/><U115/><E115/><V54/><F43/><W80/><G80/><T126/><D126/><U30/><E30/><V114/><F114/><W110/><G110/><T38/><D102/><U31/><E31/><V2/><F2/><W27/><G27/><T36/><N who="0" m="9728" /><DORA hai="33" /><T95/><D95/><N who="2" m="36426" /><F32/><W84/><G84/><T22/><D82/><U86/><E61/><N who="2" m="36087" /><F24/><W29/><G29/><T89/><D74/><U99/><E101/><V48/><F48/><W77/><G77/><N who="2" m="19713" /><V5/><DORA hai="131" /><F5/><W72/><G72/><T88/><REACH who="0" step="1"/><D94/><AGARI ba="1,0" hai="10,11,87,90,94" m="19713,36087,36426" machi="94" ten="30,1500,0" yaku="8,1" doraHai="133,33,131" who="2" fromWho="0" sc="193,-18,245,0,213,18,349,0" /><INIT seed="2,2,0,3,3,107" ten="175,245,231,349" oya="2" hai0="133,76,35,105,22,50,98,88,78,63,70,99,52" hai1="11,53,68,120,27,28,91,43,34,31,4,44,67" hai2="26,29,18,17,9,55,134,128,12,21,8,111,75" hai3="5,16,102,112,86,122,121,119,46,87,36,83,61"/><V129/><F55/><W1/><G119/><T0/><D133/><U95/><E120/><V59/><F59/><W13/><G112/><T125/><D125/><U132/><E132/><V19/><F134/><W41/><G102/><T81/><D0/><U82/><E31/><V2/><F75/><W32/><G32/><T66/><D35/><U51/><E82/><V118/><F118/><W30/><G30/><T131/><D131/><N who="2" m="50250" /><F111/><W92/><G61/><T15/><D78/><U104/><E104/><V110/><F110/><W69/><G69/><T37/><D105/><U74/><E74/><V130/><N who="2" m="50258" /><V77/><DORA hai="6" /><F77/><W127/><G127/><T85/><D76/><U42/><E67/><V123/><F123/><W100/><G100/><T101/><D101/><U47/><E68/><V96/><F96/><W103/><G103/><T23/><D98/><U115/><E115/><V135/><F135/><W73/><G73/><T71/><D99/><U40/><E47/><V84/><F84/><W72/><G87/><T25/><D70/><U90/><REACH who="1" step="1"/><E95/><REACH who="1" step="2"/><V58/><F58/><W93/><G92/><N who="0" m="54287" /><D66/><U126/><E126/><V48/><F48/><W116/><G93/><T124/><D50/><U106/><E106/><V54/><F54/><W109/><G72/><T33/><D52/><U94/><E94/><V117/><F117/><W60/><G116/><T57/><D71/><U89/><E89/><V20/><F2/><AGARI ba="2,1" hai="2,4,11,27,28,34,40,42,43,44,51,53,90,91" machi="2" ten="40,8000,1" yaku="1,1,52,1,53,3" doraHai="107,6" doraHaiUra="38,65" who="1" fromWho="2" sc="175,0,235,96,231,-86,349,0" /><INIT seed="3,0,0,3,3,80" ten="175,331,145,349" oya="3" hai0="130,115,22,98,62,35,19,84,14,125,58,72,59" hai1="68,118,108,53,79,0,76,94,64,12,99,31,123" hai2="65,2,133,36,117,57,10,132,110,95,121,38,1" hai3="41,63,52,21,49,45,86,114,89,34,97,83,88"/><W91/><G34/><T18/><D125/><U135/><E0/><V85/><F117/><W131/><G114/><T7/><D130/><U28/><E118/><V48/><F110/><W66/><G131/><T37/><D72/><U134/><E123/><V107/><F107/><W60/><G41/><T120/><D37/><N who="2" m="14442" /><F121/><W25/><G97/><T46/><D35/><U100/><E108/><V104/><F104/><W50/><G50/><T113/><D7/><U82/><E53/><N who="2" m="31911" /><F65/><W61/><REACH who="3" step="1"/><G66/><REACH who="3" step="2"/><T78/><D113/><U55/><E64/><V4/><F1/><W54/><G54/><T39/><D115/><U122/><E55/><V6/><F2/><W119/><G119/><T74/><D120/><U81/><E122/><V5/><F10/><W128/><G128/><T32/><D32/><U77/><E99/><V13/><F13/><W92/><G92/><T111/><D98/><U33/><E94/><V27/><F27/><W69/><G69/><T96/><D96/><U116/><E68/><V42/><F42/><W3/><G3/><T23/><D14/><U67/><E12/><V20/><F20/><W51/><G51/><T43/><D23/><U71/><E67/><V15/><F15/><W17/><AGARI ba="0,1" hai="17,21,25,45,49,52,60,61,63,83,86,88,89,91" machi="17" ten="30,11700,0" yaku="1,1,0,1,8,1,52,1,53,0" doraHai="80" doraHaiUra="90" who="3" fromWho="3" sc="175,-39,331,-39,145,-39,339,127" /><INIT seed="3,1,0,0,4,68" ten="136,292,106,466" oya="3" hai0="49,9,79,64,63,95,113,123,94,83,47,78,14" hai1="2,134,97,39,107,34,114,96,13,132,124,110,33" hai2="16,69,5,37,52,29,43,104,32,135,10,121,111" hai3="126,82,42,7,133,98,24,117,28,23,119,40,26"/><W128/><G126/><T116/><D123/><U62/><E2/><V100/><F111/><W6/><G128/><T0/><D0/><U51/><E114/><V99/><F121/><W57/><G133/><N who="1" m="51306" /><E124/><V73/><F135/><W55/><G119/><T1/><D1/><U131/><E131/><V17/><F69/><W84/><G117/><T102/><D113/><U36/><E110/><V60/><F73/><W41/><G98/><N who="1" m="37994" /><E107/><V89/><F89/><W15/><G26/><T77/><D102/><U48/><E62/><V118/><F118/><W70/><G15/><T130/><D130/><U127/><E13/><V27/><F52/><W65/><G65/><T3/><D3/><U81/><E81/><V125/><F60/><W112/><G70/><T19/><D83/><U56/><E127/><V90/><F125/><W115/><G112/><T25/><D25/><U59/><E56/><V87/><F5/><W122/><G122/><T129/><D129/><U80/><E80/><V20/><F10/><W101/><G101/><T53/><REACH who="0" step="1"/><D116/><REACH who="0" step="2"/><U91/><E91/><V38/><F43/><N who="3" m="16459" /><G115/><T31/><D31/><U88/><E88/><V8/><F8/><W76/><G42/><T18/><D18/><U103/><E103/><V4/><F16/><W45/><G7/><T46/><D46/><U72/><E72/><V58/><F4/><W85/><G45/><T74/><D74/><U106/><E106/><V12/><F58/><AGARI ba="1,1" hai="9,14,19,47,49,53,58,63,64,77,78,79,94,95" machi="58" ten="40,2600,0" yaku="1,1,8,1,53,0" doraHai="68" doraHaiUra="22" who="0" fromWho="2" sc="126,39,292,0,106,-29,466,0" /><INIT seed="4,0,0,5,1,8" ten="165,292,77,466" oya="0" hai0="118,92,100,11,104,91,21,4,131,120,6,46,64" hai1="36,7,125,127,27,35,12,29,55,89,123,83,39" hai2="101,75,31,69,78,28,61,32,15,26,90,71,60" hai3="37,65,122,62,132,99,87,81,17,121,102,106,63"/><T16/><D120/><U112/><E123/><N who="3" m="47114" /><G37/><T76/><D118/><U108/><E108/><V80/><F31/><W33/><G33/><T72/><D131/><U68/><E68/><V43/><F101/><W77/><G132/><T41/><D64/><U48/><E112/><V105/><F105/><W96/><G96/><T30/><D30/><U84/><E7/><V66/><F43/><W56/><G63/><T44/><D100/><U58/><E12/><V40/><F40/><W94/><G17/><T74/><D104/><AGARI ba="0,0" hai="56,62,65,77,81,87,94,99,102,104,106" m="47114" machi="104" ten="30,1000,0" yaku="13,1" doraHai="8" who="3" fromWho="0" sc="165,-10,292,0,77,0,466,10" /><INIT seed="5,0,0,3,4,60" ten="155,292,77,476" oya="1" hai0="56,130,90,12,81,70,115,67,127,68,54,22,41" hai1="111,8,42,4,77,46,100,32,95,97,79,10,108" hai2="86,104,52,6,55,94,113,80,64,102,105,44,31" hai3="84,28,18,14,83,58,125,107,19,76,48,24,11"/><U131/><E32/><V92/><F113/><W89/><G125/><T122/><D41/><U135/><E135/><V63/><F6/><W103/><G107/><T33/><D33/><U66/><E131/><V119/><F119/><W71/><G71/><T123/><D115/><U38/><E66/><V124/><F124/><W1/><G103/><T13/><D130/><U5/><E5/><V40/><F105/><W26/><G1/><T50/><D127/><U118/><E118/><V85/><F104/><W25/><G76/><T87/><D70/><U23/><E10/><V93/><F102/><W132/><G132/><T74/><D74/><U128/><E23/><V78/><F31/><W27/><G24/><T15/><REACH who="0" step="1"/><D22/><REACH who="0" step="2"/><U121/><E128/><V61/><F86/><W37/><G28/><T47/><D47/><U109/><E121/><V39/><REACH who="2" step="1"/><F63/><AGARI ba="0,1" hai="12,13,15,50,54,56,63,67,68,81,87,90,122,123" machi="63" ten="40,2600,0" yaku="1,1,52,1,53,0" doraHai="60" doraHaiUra="29" who="0" fromWho="2" sc="145,36,292,0,77,-26,476,0" /><INIT seed="6,0,0,4,1,19" ten="181,292,51,476" oya="2" hai0="65,106,35,79,135,30,69,125,115,96,57,52,39" hai1="60,86,33,26,113,103,101,130,64,12,123,118,37" hai2="62,104,13,129,124,92,98,78,48,46,58,7,1" hai3="51,29,28,61,132,72,53,55,120,11,67,36,16"/><V76/><F104/><W108/><G72/><T56/><D39/><U59/><E37/><V47/><F1/><W45/><G108/><T134/><D125/><U128/><E118/><V74/><F124/><W122/><G132/><N who="0" m="50731" /><D115/><U75/><E75/><V38/><F129/><N who="1" m="49769" /><E123/><V54/><F74/><W17/><G36/><T3/><D3/><U73/><E73/><V90/><F38/><W107/><G107/><T100/><D79/><N who="2" m="30250" /><F62/><W80/><G80/><T82/><D82/><U23/><E113/><V2/><F2/><W111/><G111/><T42/><D42/><U131/><E131/><V116/><F116/><W97/><G61/><N who="0" m="40111" /><D52/><U44/><E60/><V66/><F66/><W68/><G67/><T25/><AGARI ba="0,0" hai="25,30,35,56,57,96,100,106" m="40111,50731" machi="25" ten="30,2000,0" yaku="25,1,20,1" doraHai="19" who="0" fromWho="0" sc="181,20,292,-5,51,-10,476,-5" /><INIT seed="7,0,0,1,1,55" ten="201,287,41,471" oya="3" hai0="63,84,110,104,40,87,13,120,57,96,77,115,112" hai1="95,17,2,35,59,121,34,97,27,66,45,46,53" hai2="15,113,101,105,85,36,14,103,93,133,29,114,8" hai3="73,61,25,3,62,123,11,42,79,20,26,70,82"/><W67/><G123/><T125/><D120/><U23/><E2/><V124/><F36/><W99/><G61/><T41/><D110/><U37/><E121/><V18/><F105/><W130/><G130/><T31/><D125/><U54/><E37/><V92/><F29/><W72/><G99/><T51/><D31/><U116/><E116/><V131/><F85/><W90/><G90/><T75/><D75/><U126/><E126/><V71/><F124/><W98/><G98/><T74/><D74/><U39/><E39/><V89/><F71/><W22/><G42/><T0/><D0/><U43/><E43/><V5/><F131/><W10/><G10/><T128/><D128/><U68/><E68/><V33/><F33/><W32/><G11/><T65/><D13/><U69/><E69/><V109/><F109/><W86/><G32/><T24/><D24/><U88/><E35/><V80/><F80/><W117/><G117/><T102/><D77/><U118/><E34/><V132/><F89/><W78/><G78/><T127/><D127/><U21/><E118/><V52/><F52/><N who="1" m="20073" /><E23/><V56/><F8/><W64/><G3/><T108/><D108/><U12/><E12/><V76/><F76/><W9/><G22/><T28/><D28/><U91/><E21/><V81/><F81/><W44/><G82/><T1/><D1/><U135/><E27/><V119/><F119/><W16/><G26/><T107/><D107/><U30/><E30/><V94/><F18/><W83/><G16/><T100/><D104/><U6/><E17/><V19/><F19/><W48/><G70/><RYUUKYOKU ba="0,0" sc="201,0,287,0,41,0,471,0" owari="201,-20,287,9,41,-46,471,57" /></mjloggm>