<mjloggm ver="2.3"><GO type="169" lobby="0"/><UN n0="%E3%83%90%E3%83%AB%E3%81%B0%E3%82%8B" n1="%6D%69%6E%32%30%30%32" n2="%4B%E3%80%82" n3="%EF%BC%88%E2%89%A7%E2%96%BD%E2%89%A6%EF%BC%89" dan="16,16,17,17" rate="2062,2092,2190,2139" sx="M,F,M,M"/><TAIKYOKU oya="0"/><INIT seed="0,0,0,5,1,80" ten="250,250,250,250" oya="0" hai0="66,34,19,81,28,130,62,70,105,128,79,48,85" hai1="96,122,133,120,38,45,30,11,59,37,114,68,65" hai2="8,41,69,56,101,64,93,29,71,14,18,117,58" hai3="6,20,32,54,24,98,15,94,39,88,110,17,116"/><T49/><D105/><U92/><E133/><V7/><F117/><W123/><G116/><T104/><D104/><U12/><E68/><V43/><F71/><W97/><G123/><T99/><D99/><U44/><E114/><V3/><F69/><W84/><G110/><T87/><D19/><U108/><E108/><V78/><F78/><W16/><G39/><T61/><D61/><U26/><E38/><V115/><F115/><W134/><G134/><T91/><D28/><U82/><E82/><V132/><F132/><W106/><G106/><T83/><REACH who="0" step="1"/><D34/><REACH who="0" ten="240,250,250,250" step="2"/><U77/><E30/><V0/><F29/><W75/><G32/><T51/><AGARI ba="0,1" hai="48,49,51,62,66,70,79,81,83,85,87,91,128,130" machi="51" ten="30,12000,1" yaku="1,1,2,1,0,1,52,2,53,0" doraHai="80" doraHaiUra="89" who="0" fromWho="0" sc="240,130,250,-40,250,-40,250,-40" /><INIT seed="0,1,0,1,5,125" ten="370,210,210,210" oya="0" hai0="83,97,121,73,93,105,90,49,44,17,106,53,22" hai1="109,23,101,45,88,133,71,127,18,38,99,47,29" hai2="111,82,58,119,48,6,4,77,86,60,32,3,36" hai3="75,78,85,135,1,114,50,67,113,79,39,123,117"/><T84/><D73/><U104/><E127/><V31/><F36/><W70/><G39/><T51/><D121/><U108/><E133/><V14/><F111/><N who="1" m="42569" /><E38/><V26/><F119/><W56/><G1/><T110/><D51/><U131/><E71/><V122/><F122/><W129/><G70/><T5/><D5/><U94/><E29/><V27/><F3/><W69/><G69/><T13/><REACH who="0" step="1"/><D110/><REACH who="0" ten="360,210,210,210" step="2"/><U96/><E131/><V42/><F6/><W74/><G50/><T132/><D132/><U126/><E126/><V8/><F48/><W64/><G129/><T120/><D120/><U65/><E65/><V92/><F4/><W37/><G67/><T87/><D87/><U52/><E52/><V95/><F86/><W7/><G85/><T28/><D28/><U46/><E46/><V102/><F31/><W34/><G64/><T103/><AGARI ba="1,1" hai="13,17,22,44,49,53,83,84,90,93,97,103,105,106" machi="103" ten="20,7800,0" yaku="1,1,0,1,7,1,53,1" doraHai="125" doraHaiUra="10" who="0" fromWho="0" sc="360,91,210,-27,210,-27,210,-27" /><INIT seed="0,2,0,4,1,102" ten="451,183,183,183" oya="0" hai0="110,51,125,50,67,14,25,129,34,103,132,96,79" hai1="6,73,10,89,9,24,75,32,0,104,17,106,82" hai2="127,122,41,134,98,62,94,44,100,16,92,88,56" hai3="131,70,83,57,66,33,47,2,65,64,91,53,114"/><T108/><D125/><U31/><E89/><V12/><F127/><W135/><G114/><T59/><D79/><U1/><E17/><V90/><F122/><W7/><G33/><T81/><D81/><U126/><E126/><V128/><F128/><W40/><G135/><T71/><D14/><U93/><E93/><V3/><F3/><W29/><G29/><N who="0" m="19759" /><D132/><U11/><E11/><V52/><F134/><W105/><G105/><N who="1" m="40554" /><E82/><V15/><F15/><W117/><G117/><T118/><D118/><U115/><E115/><V123/><F123/><W49/><G131/><T113/><D129/><U74/><E74/><V63/><F63/><W119/><G119/><T8/><D8/><U39/><E39/><V42/><F94/><W18/><G18/><T54/><D50/><U85/><E85/><V38/><F42/><W26/><G7/><AGARI ba="2,0" hai="0,1,6,7,9,10,24,31,32,73,75" m="40554" machi="7" ten="30,8000,1" yaku="33,2,52,3" doraHai="102" who="1" fromWho="3" sc="451,0,183,86,183,0,183,-86" /><INIT seed="1,0,0,0,4,133" ten="451,269,183,97" oya="1" hai0="9,49,42,84,67,19,5,22,39,12,123,38,20" hai1="70,51,126,98,29,87,28,50,11,81,35,48,129" hai2="59,7,37,58,8,47,31,21,52,2,115,116,15" hai3="63,72,60,62,91,0,45,41,44,73,32,93,64"/><U71/><E129/><V99/><F116/><W17/><G0/><T92/><D67/><U30/><E35/><V135/><F135/><W54/><G32/><T82/><D92/><U1/><E126/><V6/><F115/><W112/><G112/><T90/><D123/><U43/><E43/><V68/><F68/><W46/><G64/><T103/><D103/><U94/><E1/><V86/><F99/><W134/><G134/><T111/><D111/><U125/><E125/><V78/><F37/><W120/><G120/><T3/><D22/><U102/><REACH who="1" step="1"/><E11/><REACH who="1" ten="451,259,183,97" step="2"/><V27/><F2/><W66/><G41/><T127/><D127/><U107/><E107/><V96/><F8/><W105/><G105/><T130/><D130/><U104/><E104/><V18/><F96/><W13/><G66/><T128/><D128/><U56/><E56/><V124/><F124/><W83/><G54/><T113/><D113/><U40/><E40/><V118/><F59/><W117/><G117/><T114/><D114/><U33/><E33/><V75/><F58/><W97/><REACH who="3" step="1"/><G83/><REACH who="3" ten="451,259,183,87" step="2"/><T76/><D3/><U106/><E106/><V108/><F118/><W109/><G109/><T132/><D82/><U36/><E36/><V80/><F108/><W65/><G65/><T24/><D39/><U110/><E110/><V25/><F52/><W53/><G53/><T100/><D38/><U14/><E14/><V10/><F15/><W85/><G85/><T55/><D42/><U34/><E34/><N who="2" m="20863" /><F86/><W74/><G74/><T57/><D132/><U61/><E61/><V95/><F80/><W89/><G89/><AGARI ba="0,2" hai="28,29,30,48,50,51,70,71,81,87,89,94,98,102" machi="89" ten="40,3900,0" yaku="1,1,6,1,53,0" doraHai="133" doraHaiUra="122" who="1" fromWho="3" sc="451,0,259,59,183,0,87,-39" /><INIT seed="1,1,0,5,0,76" ten="451,318,183,48" oya="1" hai0="37,108,88,0,85,40,119,86,92,20,33,8,124" hai1="9,46,105,133,13,98,132,18,51,27,94,61,45" hai2="131,135,28,123,129,95,82,41,10,126,113,71,50" hai3="48,36,30,72,116,47,25,75,64,111,106,109,115"/><U117/><E105/><V54/><F123/><W130/><G115/><T84/><D33/><U67/><E27/><V32/><F71/><W6/><G130/><N who="2" m="49673" /><F113/><W53/><G116/><T93/><D40/><U43/><E46/><V70/><F70/><W62/><G106/><T22/><D37/><U97/><E117/><V121/><F41/><W11/><G36/><T3/><D124/><U112/><E112/><V2/><F121/><W55/><G55/><T90/><D108/><N who="3" m="41545" /><G62/><T83/><D119/><U66/><E98/><V102/><F135/><N who="1" m="51785" /><E61/><V96/><F126/><W5/><G64/><T87/><D8/><U99/><E99/><V31/><F32/><N who="3" m="20559" /><G5/><T77/><D86/><U68/><E68/><V12/><F82/><W78/><G78/><T104/><D104/><U7/><E7/><V122/><F122/><W74/><G74/><T19/><D22/><U73/><E73/><V15/><F54/><W23/><G23/><T91/><D77/><U101/><AGARI ba="1,0" hai="9,13,18,43,45,51,66,67,94,97,101" m="51785" machi="101" ten="30,1500,0" yaku="20,1" doraHai="76" who="1" fromWho="1" sc="451,-6,318,18,183,-6,48,-6" /><INIT seed="1,2,0,2,2,81" ten="445,336,177,42" oya="1" hai0="1,32,123,126,78,133,52,23,63,29,15,72,39" hai1="62,132,14,101,69,53,110,56,107,120,71,104,88" hai2="17,61,24,96,129,3,111,26,115,113,43,73,82" hai3="37,35,117,128,114,134,135,55,49,87,100,54,0"/><U89/><E120/><V13/><F3/><W79/><G114/><N who="2" m="43529" /><F111/><W85/><G117/><T65/><D39/><U47/><E110/><V18/><F43/><W76/><G37/><T10/><D126/><U108/><E108/><V27/><F129/><W86/><G128/><T74/><D78/><N who="3" m="29737" /><G35/><T122/><D133/><N who="3" m="50697" /><G0/><T6/><D65/><U94/><E132/><V102/><F73/><W7/><G7/><T58/><D74/><U77/><E77/><V41/><F41/><W127/><G127/><T2/><D2/><U131/><E131/><V83/><F61/><W75/><G75/><T70/><D72/><U38/><E107/><N who="2" m="63943" /><F18/><W124/><G124/><T103/><D1/><U59/><E104/><V20/><AGARI ba="2,0" hai="13,17,20,24,26,27,82,83" m="63943,43529" machi="20" ten="30,1100,0" yaku="11,1" doraHai="81" who="2" fromWho="2" sc="445,-5,336,-7,177,17,42,-5" /><INIT seed="2,0,0,3,0,122" ten="440,329,194,37" oya="2" hai0="43,64,29,132,54,107,39,133,123,130,53,36,0" hai1="16,12,81,57,51,1,112,106,37,72,21,73,131" hai2="26,45,113,124,118,128,129,55,5,93,89,28,98" hai3="115,3,60,42,134,6,109,90,59,75,70,40,14"/><V135/><F118/><W2/><G70/><T61/><D0/><U74/><E37/><V92/><F113/><W44/><G75/><T23/><D107/><U20/><E1/><V62/><F124/><W125/><G125/><T83/><D23/><U50/><E112/><V25/><F5/><W101/><G115/><T110/><D83/><U86/><E106/><V15/><F135/><W35/><G35/><T38/><D29/><U126/><E126/><V56/><F15/><W13/><G101/><T33/><D33/><U104/><E104/><V19/><F45/><W88/><G134/><T4/><D4/><U82/><E131/><N who="2" m="50251" /><F19/><W78/><G78/><T94/><D123/><U69/><E69/><V95/><F26/><W22/><G109/><T58/><D110/><U127/><E127/><V76/><F76/><W77/><G77/><T49/><D130/><U8/><E82/><V7/><F7/><W79/><G79/><T65/><D94/><U27/><E27/><V68/><F68/><W67/><G3/><T34/><D34/><AGARI ba="0,0" hai="25,28,34,55,56,62,89,92,93,95,98" m="50251" machi="34" ten="30,1500,0" yaku="19,1" doraHai="122" who="2" fromWho="0" sc="440,-15,329,0,194,15,37,0" /><INIT seed="2,1,0,4,0,47" ten="425,329,209,37" oya="2" hai0="77,81,90,134,132,73,35,97,82,33,16,17,95" hai1="119,131,6,1,100,67,98,121,72,87,124,42,46" hai2="79,64,110,123,92,34,96,12,59,27,52,41,86" hai3="68,70,54,57,38,37,62,85,99,4,103,80,11"/><V128/><F123/><W104/><G38/><T26/><D82/><U45/><E72/><V43/><F128/><W53/><G54/><T8/><D8/><U84/><E131/><V65/><F110/><W126/><G37/><T61/><D61/><U93/><E121/><V3/><F3/><W44/><G44/><T21/><REACH who="0" step="1"/><D17/><REACH who="0" ten="415,329,209,37" step="2"/><U113/><E113/><V29/><F79/><W49/><G62/><T19/><D19/><U13/><E6/><V71/><F71/><W14/><REACH who="3" step="1"/><G126/><REACH who="3" ten="415,329,209,27" step="2"/><T88/><D88/><AGARI ba="1,2" hai="4,11,14,49,53,57,68,70,80,85,88,99,103,104" machi="88" ten="30,8000,1" yaku="1,1,2,1,7,1,52,1,54,1,53,0" doraHai="47" doraHaiUra="133" who="3" fromWho="0" sc="415,-83,329,0,209,0,27,103" /><INIT seed="3,0,0,5,3,98" ten="332,329,209,130" oya="3" hai0="74,58,56,124,10,80,128,122,78,101,32,110,103" hai1="125,19,135,22,134,113,41,67,9,115,106,11,93" hai2="130,92,76,83,42,40,88,109,54,33,99,72,100" hai3="75,49,117,62,26,81,65,66,95,119,107,73,43"/><W0/><G0/><T4/><D122/><U6/><E106/><V129/><F33/><W36/><G107/><T24/><D124/><U30/><E67/><V84/><F54/><W20/><G36/><T96/><D128/><N who="2" m="49258" /><F109/><W53/><G43/><T13/><D110/><U29/><E93/><AGARI ba="0,0" hai="40,42,72,76,83,84,88,92,93,99,100" m="49258" machi="93" ten="30,3900,0" yaku="19,1,52,1,54,1" doraHai="98" who="2" fromWho="1" sc="332,0,329,-39,209,39,130,0" /><INIT seed="4,0,0,4,3,15" ten="332,290,248,130" oya="0" hai0="40,68,1,104,114,6,24,91,90,83,30,131,84" hai1="27,48,130,85,78,73,57,74,106,20,42,98,96" hai2="75,13,124,113,5,63,87,119,99,26,4,133,107" hai3="112,89,93,71,25,9,121,67,77,14,129,59,58"/><T36/><D68/><U65/><E106/><V94/><F75/><W117/><G117/><T19/><D104/><U12/><E12/><V46/><F119/><W109/><G109/><T128/><D114/><U18/><E130/><N who="0" m="49705" /><D40/><U111/><E74/><V7/><F113/><W82/><G129/><T123/><D36/><U2/><E2/><V69/><F107/><W72/><G121/><T56/><D56/><U115/><E73/><V53/><F133/><W3/><G3/><T76/><D123/><U51/><E111/><V92/><F124/><W22/><G112/><T43/><D43/><U10/><E10/><V110/><F110/><W118/><G118/><T8/><D19/><U21/><E115/><V49/><F69/><W62/><G22/><AGARI ba="0,0" hai="1,6,8,22,24,30,76,83,84,90,91" m="49705" machi="22" ten="30,1500,0" yaku="19,1" doraHai="15" who="0" fromWho="3" sc="332,15,290,0,248,0,130,-15" /><INIT seed="4,1,0,3,3,127" ten="347,290,248,115" oya="0" hai0="62,2,128,16,105,22,70,3,122,28,4,58,95" hai1="124,55,116,126,14,99,24,108,37,109,101,133,0" hai2="119,33,45,9,34,75,86,48,19,47,80,26,68" hai3="132,93,17,60,73,31,44,30,106,79,52,102,131"/><T103/><D105/><U76/><E0/><V36/><F68/><W72/><G106/><T50/><D4/><U1/><E1/><V43/><F75/><W85/><G132/><T98/><D128/><U71/><E71/><V6/><F119/><W91/><G131/><T49/><D28/><U32/><E37/><V42/><F19/><W117/><G117/><T114/><D114/><U112/><E76/><V90/><REACH who="2" step="1"/><F26/><REACH who="2" ten="347,290,238,115" step="2"/><W113/><G113/><T120/><D70/><U78/><E24/><V53/><F53/><W89/><G73/><T35/><D120/><U69/><E55/><V84/><F84/><W115/><G72/><T63/><D16/><U110/><E69/><V15/><AGARI ba="1,1" hai="6,9,15,33,34,36,42,43,45,47,48,80,86,90" machi="15" ten="20,2700,0" yaku="1,1,0,1,7,1,53,0" doraHai="127" doraHaiUra="25" who="2" fromWho="2" sc="347,-14,290,-8,238,40,115,-8" /><INIT seed="5,0,0,5,3,5" ten="333,282,278,107" oya="1" hai0="71,90,91,100,49,82,43,24,64,99,51,8,88" hai1="31,17,113,110,78,6,86,30,84,14,123,89,68" hai2="63,127,80,29,118,35,125,13,116,74,15,101,108" hai3="65,16,1,4,81,26,98,42,2,121,66,0,105"/><U109/><E68/><V44/><F108/><N who="1" m="41577" /><E123/><V41/><F101/><W77/><G121/><T50/><D24/><U33/><E113/><V18/><F63/><W94/><G105/><T23/><D23/><N who="1" m="11703" /><E33/><V119/><F35/><W76/><G42/><T87/><D43/><U135/><E135/><V27/><F29/><N who="1" m="10761" /><E78/><V103/><F103/><W12/><G76/><T10/><D64/><U37/><E37/><V102/><F102/><W104/><G104/><T131/><D71/><U69/><E69/><V3/><F3/><W40/><G26/><T28/><D100/><U38/><E38/><V55/><F27/><W128/><G40/><T93/><D28/><U46/><E46/><V83/><F41/><W124/><G66/><T79/><D131/><U61/><E61/><V62/><F62/><W85/><G128/><T106/><D106/><U54/><E54/><V95/><F55/><W25/><G65/><T112/><D112/><U111/><E111/><V122/><F44/><W96/><G124/><T53/><D53/><U9/><E89/><V126/><F122/><W19/><G25/><T60/><D60/><U45/><E45/><V134/><F134/><W132/><G132/><T57/><D57/><U47/><E47/><V21/><F125/><W32/><G32/><T67/><D67/><U34/><E34/><V133/><F126/><W115/><G115/><T70/><D70/><U73/><E73/><V114/><F127/><W20/><G77/><T58/><D58/><U120/><E120/><V7/><F133/><W59/><G59/><T97/><D79/><U129/><E129/><RYUUKYOKU ba="0,0" sc="333,15,282,15,278,-15,107,-15" hai0="8,10,49,50,51,82,87,88,90,91,93,97,99" hai1="6,9,84,86" /><INIT seed="5,1,0,5,2,42" ten="348,297,263,92" oya="1" hai0="21,87,96,112,53,57,85,64,9,6,47,3,27" hai1="33,51,77,50,34,29,4,23,134,19,83,30,95" hai2="99,54,117,108,61,128,98,88,11,119,80,129,130" hai3="28,78,66,94,43,20,101,92,36,31,97,70,55"/><U118/><E118/><N who="2" m="45067" /><F108/><W37/><G78/><T46/><D64/><U93/><E134/><V5/><F61/><W132/><G132/><T7/><D96/><U22/><E4/><N who="0" m="1577" /><D112/><U122/><E122/><V84/><F54/><W25/><G31/><N who="0" m="17903" /><D9/><U110/><E19/><V59/><F59/><W16/><G43/><T65/><D65/><U52/><E77/><V44/><F44/><N who="0" m="16938" /><D3/><AGARI ba="1,0" hai="3,5,11,80,84,88,98,99,128,129,130" m="45067" machi="3" ten="40,2600,0" yaku="19,1,54,1" doraHai="42" who="2" fromWho="0" sc="348,-29,297,0,263,29,92,0" /><INIT seed="6,0,0,3,3,50" ten="319,297,292,92" oya="2" hai0="77,72,20,1,0,16,91,105,97,128,63,112,5" hai1="70,4,135,22,76,120,52,43,90,82,10,19,127" hai2="69,130,33,29,93,115,107,75,62,99,84,67,129" hai3="121,51,14,56,44,13,111,35,27,126,46,15,8"/><V92/><F75/><W131/><G121/><T78/><D112/><U40/><E70/><V18/><F18/><W119/><G119/><T24/><D128/><N who="2" m="49258" /><F115/><W110/><G126/><T6/><D105/><U122/><E127/><V79/><F79/><W32/><G131/><T2/><D63/><U133/><E90/><V58/><F84/><W12/><G56/><T41/><D41/><U7/><E7/><V106/><F69/><W98/><G98/><T31/><D31/><U26/><E43/><V34/><F93/><W88/><G88/><T108/><D72/><N who="1" m="43271" /><E40/><V100/><F29/><W103/><G103/><T45/><D97/><U37/><E37/><V83/><F83/><W89/><G89/><T102/><D91/><U74/><E74/><V132/><F132/><N who="1" m="50761" /><E52/><V48/><F48/><W42/><G44/><T86/><D45/><U36/><E36/><V95/><F95/><W123/><G123/><T66/><D102/><U9/><E9/><V65/><F65/><W39/><G39/><T3/><D66/><U117/><E117/><V57/><F57/><W25/><G111/><T94/><D77/><U124/><E124/><V28/><F28/><W54/><G110/><T134/><D108/><U21/><E21/><V11/><F11/><W113/><G113/><T71/><D71/><U38/><E38/><V61/><F61/><W81/><G42/><T125/><D125/><U55/><E55/><V109/><F109/><W60/><G60/><T80/><D134/><U64/><E64/><V68/><F68/><W114/><N who="3" m="3072" /><DORA hai="116" /><W53/><G114/><T47/><D78/><RYUUKYOKU ba="0,0" sc="319,-15,297,15,292,15,92,-15" hai1="4,10,19,22,26,120,122" hai2="33,34,58,62,67,92,99,100,106,107" /><INIT seed="6,1,0,5,4,62" ten="304,312,307,77" oya="2" hai0="22,15,12,23,74,131,100,66,82,113,125,118,60" hai1="69,14,8,31,135,70,117,132,5,24,106,68,50" hai2="128,112,122,53,107,11,129,39,58,86,121,115,13" hai3="34,42,80,71,49,134,75,90,77,48,26,83,16"/><V43/><F107/><W41/><G134/><N who="1" m="51242" /><E106/><V123/><F86/><W91/><G71/><T94/><D131/><N who="2" m="50250" /><F13/><W87/><G91/><T76/><D113/><N who="2" m="43594" /><F11/><W7/><G7/><T33/><D33/><N who="1" m="20711" /><E50/><N who="2" m="31031" /><F43/><W35/><G41/><T45/><D15/><U130/><E130/><V133/><F133/><W40/><G42/><T57/><D12/><U36/><E36/><AGARI ba="1,0" hai="36,39,121,122,123" m="31031,43594,50250" machi="36" ten="40,12000,1" yaku="19,1,15,1,34,2" doraHai="62" who="2" fromWho="1" sc="304,0,312,-123,307,123,77,0" /><INIT seed="6,2,0,1,5,107" ten="304,189,430,77" oya="2" hai0="38,87,61,43,33,88,70,115,93,56,58,54,51" hai1="65,10,11,35,75,25,133,7,16,90,119,76,99" hai2="135,17,40,71,62,122,81,79,91,85,59,127,96" hai3="120,24,98,55,63,31,84,101,73,57,89,117,18"/><V53/><F122/><W13/><G117/><T113/><D33/><U109/><E109/><V97/><F135/><W39/><G39/><T118/><D118/><U49/><E133/><V30/><F127/><W77/><G120/><T20/><D20/><U78/><E119/><V132/><F132/><W15/><G18/><T45/><D58/><U108/><E75/><V1/><F1/><W46/><G46/><T110/><D110/><U41/><E65/><AGARI ba="2,0" hai="38,43,45,51,54,56,61,65,70,87,88,93,113,115" machi="65" ten="40,5200,0" yaku="24,2,54,1" doraHai="107" who="0" fromWho="1" sc="304,58,189,-58,430,0,77,0" /><INIT seed="7,0,0,4,0,46" ten="362,131,430,77" oya="3" hai0="97,115,104,116,59,27,18,82,126,20,83,130,36" hai1="57,67,69,39,31,114,40,6,80,5,28,119,54" hai2="108,124,58,21,85,63,118,135,94,35,52,4,13" hai3="117,125,128,14,62,2,68,121,129,56,49,34,113"/><W110/><RYUUKYOKU type="yao9" ba="0,0" sc="362,0,131,0,430,0,77,0" hai3="2,14,34,49,56,62,68,110,113,117,121,125,128,129" /><INIT seed="7,1,0,4,3,69" ten="362,131,430,77" oya="3" hai0="49,4,72,130,123,113,56,112,14,121,38,132,99" hai1="84,61,8,116,90,124,35,118,42,120,75,65,6" hai2="63,129,126,103,54,100,32,21,114,128,102,81,44" hai3="87,46,85,105,40,36,64,134,11,62,19,18,68"/><W1/><G105/><T31/><D31/><U37/><E75/><V17/><F32/><W96/><G96/><T88/><D72/><U117/><E35/><V10/><F114/><N who="0" m="44138" /><D132/><U47/><E124/><V3/><F126/><W58/><G134/><T101/><D130/><N who="2" m="50282" /><F81/><W53/><G1/><T41/><D14/><U107/><E107/><V122/><F122/><W24/><G11/><T110/><D4/><U2/><E120/><V26/><F44/><W76/><G24/><T93/><D101/><U89/><E84/><N who="3" m="32330" /><G76/><T108/><D108/><U119/><E119/><V55/><F63/><W86/><N who="3" m="32338" /><W92/><DORA hai="57" /><G92/><T70/><D70/><AGARI ba="1,0" hai="2,6,8,37,42,47,61,65,70,89,90,116,117,118" machi="70" ten="40,5200,0" yaku="12,1,52,2" doraHai="69,57" who="1" fromWho="0" sc="362,-55,131,55,430,0,77,0" owari="307,11.0,186,-21.0,430,52.0,77,-42.0" /></mjloggm>