<mjloggm ver="2.3"><GO type="41"/><UN n0="%E5%8D%97%E5%9B%BD%EF%BC%91%EF%BC%91" n1="%EF%BC%88%E2%89%A7%E2%96%BD%E2%89%A6%EF%BC%89" n2="%E5%AD%90%E7%AB%9C%EF%BC%90%EF%BC%93%EF%BC%90%EF%BC%98" n3="%6E%61%6E%61%35%35%33%38" dan="14,15,14,13" rate="1902,2044,1970,1864" sx="M,M,M,F"/><TAIKYOKU oya="0"/><INIT seed="0,0,0,0,1,38" ten="250,250,250,250" oya="0" hai0="76,112,73,120,127,16,11,121,104,125,80,134,102" hai1="74,26,106,33,8,17,50,98,89,135,113,75,59" hai2="31,77,88,62,40,103,111,130,42,54,9,116,90" hai3="10,70,30,52,66,95,7,25,109,12,65,32,92"/><T23/><D112/><U60/><E113/><V3/><F103/><W24/><G109/><T48/><D11/><U29/><E135/><V27/><F77/><W115/><G115/><T71/><D71/><U101/><E50/><V69/><F111/><W13/><G70/><T55/><D134/><U78/><E89/><V105/><F105/><W119/><G119/><T4/><D4/><U41/><E41/><N who="2" m="15979" /><F69/><W93/><G13/><T133/><D133/><U44/><E44/><V129/><F116/><W2/><G2/><T114/><D114/><U99/><E99/><V57/><F3/><W100/><G100/><T124/><D102/><U37/><E37/><V46/><F46/><W0/><G0/><T110/><D104/><U35/><E35/><V96/><F9/><W122/><G122/><T15/><REACH who="0" step="1"/><D110/><REACH who="0" step="2"/><U64/><E101/><V67/><F96/><W118/><G118/><T97/><D97/><U43/><E98/><V61/><F67/><W94/><G66/><T85/><D85/><U86/><E106/><V132/><F132/><W128/><G65/><T34/><D34/><U53/><E86/><V45/><F45/><AGARI ba="0,1" hai="15,16,23,45,48,55,73,76,80,120,121,124,125,127" machi="45" ten="40,7700,0" yaku="1,1,18,1,54,1,53,0" doraHai="38" doraHaiUra="28" who="0" fromWho="2" sc="240,87,250,0,250,-77,250,0" /><INIT seed="0,1,0,1,1,19" ten="327,250,173,250" oya="0" hai0="120,133,45,56,24,79,62,13,98,41,58,100,78" hai1="90,46,92,128,4,122,44,88,76,101,106,21,109" hai2="59,68,20,48,57,107,11,66,83,52,102,74,39" hai3="125,8,17,16,55,26,115,35,12,116,43,47,134"/><T80/><D120/><U18/><E122/><V71/><F39/><W7/><G116/><T36/><D133/><U42/><E128/><V97/><F11/><W38/><G134/><T69/><D69/><U124/><E124/><V23/><F71/><W51/><G125/><T81/><D13/><N who="1" m="9423" /><E106/><V34/><F34/><W50/><G115/><T2/><D2/><U10/><E109/><V31/><F68/><W89/><G38/><T86/><D62/><U64/><E64/><V0/><F0/><W91/><G35/><T40/><D40/><U104/><E104/><V117/><F117/><W127/><G127/><T25/><D25/><U32/><E32/><V99/><F31/><W111/><G111/><T3/><D3/><U61/><E61/><N who="2" m="38207" /><F74/><W60/><G60/><T73/><REACH who="0" step="1"/><D24/><REACH who="0" step="2"/><U82/><E42/><V70/><F70/><W112/><G112/><T5/><D5/><U6/><E4/><V72/><F72/><W27/><G27/><T93/><AGARI ba="1,1" hai="36,41,45,56,58,73,78,79,80,81,86,93,98,100" machi="93" ten="20,3900,0" yaku="1,1,0,1,7,1,53,0" doraHai="19" doraHaiUra="49" who="0" fromWho="0" sc="317,52,250,-14,173,-14,250,-14" /><INIT seed="0,2,0,1,3,89" ten="369,236,159,236" oya="0" hai0="76,114,106,132,123,29,48,43,63,73,39,32,80" hai1="84,86,14,67,133,28,71,20,128,117,2,42,87" hai2="118,53,38,85,35,33,27,46,65,51,109,26,101" hai3="0,68,60,45,98,104,79,96,108,56,13,130,57"/><T105/><D114/><U83/><E117/><V92/><F118/><W10/><G130/><T21/><D123/><U1/><E128/><V19/><F65/><W6/><G108/><T16/><D132/><U116/><E116/><V41/><F109/><W22/><G79/><T17/><D39/><U124/><E133/><V25/><F19/><W107/><G68/><T44/><D32/><U15/><E124/><V102/><F102/><W103/><G45/><T113/><D113/><U95/><E42/><V99/><REACH who="2" step="1"/><F85/><REACH who="2" step="2"/><W11/><G103/><T110/><D110/><U75/><E84/><V40/><F40/><W50/><G98/><T31/><D17/><U91/><E86/><V90/><F90/><W23/><G96/><T37/><D37/><U122/><E91/><V129/><F129/><W131/><G131/><T8/><D8/><U69/><E87/><V64/><F64/><W74/><G74/><T72/><D72/><U34/><E67/><V52/><F52/><W62/><G6/><T70/><D70/><U125/><E69/><V7/><F7/><W30/><G30/><T82/><D82/><U5/><E83/><V54/><F54/><W88/><G88/><T121/><D121/><U59/><E71/><V49/><F49/><W119/><G50/><T12/><REACH who="0" step="1"/><D63/><REACH who="0" step="2"/><U135/><E135/><V112/><F112/><W47/><G119/><T127/><D127/><U94/><E125/><V134/><F134/><W3/><G62/><T78/><D78/><U77/><E77/><V61/><F61/><W24/><G60/><T100/><D100/><U93/><E122/><RYUUKYOKU ba="2,2" sc="359,15,236,-15,149,15,236,-15" hai0="12,16,21,29,31,43,44,48,73,76,80,105,106" hai2="25,26,27,33,35,38,41,46,51,53,92,99,101" /><INIT seed="0,3,2,2,3,84" ten="374,221,164,221" oya="0" hai0="95,26,37,53,134,3,110,129,58,52,22,65,61" hai1="71,106,88,93,63,59,43,96,49,81,4,100,107" hai2="7,48,105,30,16,70,18,109,42,54,82,98,114" hai3="83,86,108,66,122,132,38,32,8,35,12,15,56"/><T124/><D3/><U77/><E71/><V99/><F70/><W94/><G108/><T34/><D34/><U101/><E4/><V25/><F114/><W47/><G122/><T10/><D37/><U51/><E43/><V27/><F42/><W123/><G132/><T68/><D134/><U5/><E5/><V135/><F7/><W17/><G38/><T115/><D115/><U74/><E101/><V104/><F135/><W126/><G126/><T24/><D10/><U69/><E69/><V73/><F109/><W103/><G47/><T45/><D110/><U31/><E31/><V62/><F62/><W40/><G40/><T79/><D79/><U112/><E112/><V36/><F36/><W41/><G41/><T44/><D124/><U19/><E19/><V92/><F99/><W75/><G75/><T33/><D33/><U67/><REACH who="1" step="1"/><E107/><REACH who="1" step="2"/><V89/><F105/><W6/><G123/><T78/><D68/><U80/><E80/><V46/><F104/><W21/><G103/><T2/><D2/><U13/><E13/><V85/><F73/><W28/><G94/><T97/><D129/><U57/><E57/><V111/><F111/><W116/><G28/><T20/><D45/><U128/><E128/><V90/><F30/><W29/><G116/><T133/><D44/><U125/><E125/><V120/><F120/><W130/><G29/><N who="0" m="17543" /><D133/><U0/><E0/><V102/><F102/><W127/><G130/><T119/><D119/><U9/><E9/><V118/><F118/><W39/><G127/><T76/><D58/><U121/><E121/><V60/><F18/><RYUUKYOKU ba="3,3" sc="374,-10,211,30,164,-10,221,-10" hai1="49,51,59,63,67,74,77,81,88,93,96,100,106" /><INIT seed="1,4,3,0,0,28" ten="364,241,154,211" oya="1" hai0="37,92,55,133,62,100,9,69,105,77,83,65,58" hai1="52,44,64,127,123,102,71,124,2,33,108,115,31" hai2="86,80,106,18,1,126,14,111,76,82,118,114,85" hai3="96,88,91,134,72,74,117,0,43,110,11,135,45"/><U93/><E123/><V121/><F1/><W8/><G110/><T99/><D37/><U5/><E115/><V70/><F70/><W48/><G0/><T24/><D133/><N who="3" m="50697" /><G117/><T27/><D9/><N who="3" m="3657" /><G96/><T60/><REACH who="0" step="1"/><D105/><REACH who="0" step="2"/><U116/><E116/><V26/><F106/><W21/><G21/><T12/><D12/><U94/><E2/><V36/><F36/><W49/><G49/><T68/><D68/><U40/><E71/><V17/><F118/><W119/><G119/><T59/><D59/><U7/><E108/><V53/><F111/><W3/><G3/><T16/><D16/><U98/><E5/><V101/><F18/><W39/><G39/><T89/><D89/><AGARI ba="4,4" hai="43,45,48,72,74,88,89,91" m="3657,50697" machi="89" ten="30,2000,0" yaku="20,1,54,1" doraHai="28" who="3" fromWho="0" sc="354,-32,241,0,154,0,211,72" /><INIT seed="2,0,0,4,5,128" ten="322,241,154,283" oya="2" hai0="25,81,104,38,41,3,78,94,134,91,109,34,86" hai1="135,82,68,120,31,28,35,71,124,10,101,70,16" hai2="5,24,59,55,103,54,110,7,14,93,37,95,80" hai3="66,83,74,108,100,118,32,8,114,92,49,9,63"/><V132/><F37/><W113/><G118/><T84/><D3/><U121/><E101/><V19/><F24/><W126/><G32/><T102/><D41/><U23/><E124/><V73/><F110/><W48/><G108/><T89/><D38/><U47/><E10/><N who="3" m="4202" /><G126/><T17/><D34/><U33/><E47/><V26/><F26/><W44/><G74/><T50/><D50/><N who="3" m="19561" /><G44/><T79/><D17/><U11/><E11/><V96/><F93/><W60/><G83/><T2/><D25/><N who="1" m="14567" /><E82/><V88/><F73/><W30/><G30/><N who="1" m="11306" /><E33/><V0/><F0/><W65/><G92/><T122/><D2/><U40/><E40/><V46/><F46/><W67/><G100/><T21/><D21/><U106/><E35/><V20/><F59/><W52/><G52/><N who="2" m="20009" /><F132/><W43/><G43/><T127/><D134/><U87/><E135/><V62/><F62/><AGARI ba="0,0" hai="60,62,63,65,66,67,113,114" m="19561,4202" machi="62" ten="40,2600,0" yaku="28,2" doraHai="128" who="3" fromWho="2" sc="322,0,241,0,154,-26,283,26" /><INIT seed="3,0,0,4,4,113" ten="322,241,128,309" oya="3" hai0="79,4,106,83,76,69,65,58,127,17,128,25,82" hai1="91,105,71,45,98,42,16,50,34,88,70,54,27" hai2="120,122,74,68,48,18,72,61,39,26,85,103,75" hai3="86,40,13,89,90,124,97,80,62,44,116,77,95"/><W96/><G116/><T60/><D106/><U119/><E119/><V15/><F39/><W22/><G124/><T93/><D127/><U104/><E34/><V109/><F109/><W99/><G62/><T107/><D107/><U0/><E0/><V66/><F103/><W20/><G13/><T12/><D4/><U110/><E110/><V108/><F108/><W32/><G32/><T41/><D41/><U19/><E104/><V78/><F26/><W112/><G112/><T100/><D128/><U35/><E35/><V64/><F64/><W10/><G10/><T134/><D25/><U37/><E105/><V30/><F30/><W56/><G56/><T92/><D69/><U51/><E51/><V43/><F48/><N who="3" m="26631" /><G95/><T133/><D100/><U121/><E121/><N who="2" m="46699" /><F43/><W1/><G1/><T132/><D82/><U63/><E71/><V81/><F75/><W115/><G115/><T52/><D79/><U118/><E70/><V59/><F68/><W24/><G20/><AGARI ba="0,0" hai="15,18,20,59,61,66,72,74,78,81,85" m="46699" machi="20" ten="30,1000,0" yaku="13,1" doraHai="113" who="2" fromWho="3" sc="322,0,241,0,128,10,309,-10" /><INIT seed="4,0,0,2,0,125" ten="322,241,138,299" oya="0" hai0="49,44,46,127,121,14,10,25,68,123,124,116,47" hai1="110,23,50,21,57,19,114,22,66,76,88,103,71" hai2="67,54,75,3,90,134,77,129,56,52,28,29,59" hai3="24,72,86,101,1,102,64,37,122,119,108,39,131"/><T87/><D68/><U93/><E110/><V85/><F3/><W98/><G108/><T41/><D116/><U128/><E71/><V36/><F36/><W105/><G119/><T73/><D73/><U33/><E33/><V8/><F8/><W30/><G122/><T34/><D25/><U7/><E76/><V79/><F134/><W9/><G86/><T117/><D34/><U48/><E7/><V61/><F67/><W126/><G102/><T0/><D0/><U96/><E114/><V74/><F129/><W91/><G91/><T40/><D117/><U45/><E128/><V4/><F4/><N who="3" m="1167" /><G126/><N who="0" m="48171" /><D87/><U118/><E118/><V81/><F75/><W113/><G64/><T120/><D49/><U80/><E19/><AGARI ba="0,0" hai="10,14,19,40,41,44,46,47,120,121,123" m="48171" machi="19" ten="40,2000,0" yaku="18,1" doraHai="125" who="0" fromWho="1" sc="322,20,241,-20,138,0,299,0" /><INIT seed="4,1,0,5,4,75" ten="342,221,138,299" oya="0" hai0="108,43,48,107,31,52,19,82,53,116,95,90,98" hai1="135,27,128,73,24,29,96,3,113,105,20,4,87" hai2="59,66,130,13,32,42,70,115,14,23,11,50,100" hai3="54,74,49,125,16,38,7,63,15,84,6,61,88"/><T64/><D107/><U2/><E73/><V5/><F32/><W124/><G38/><T26/><D64/><U36/><E36/><V132/><F70/><W86/><G74/><T22/><D116/><U58/><E135/><V46/><F100/><W81/><G84/><T122/><D122/><U92/><E128/><V21/><F132/><W69/><G63/><T106/><D106/><U101/><E113/><V57/><F130/><W62/><G61/><T65/><D65/><U9/><E2/><V111/><F111/><W85/><G86/><T51/><D31/><U117/><E117/><V0/><F0/><W12/><G12/><T25/><D25/><U1/><E1/><V55/><F115/><W67/><G125/><T103/><D108/><U78/><E58/><N who="2" m="22027" /><F66/><W80/><G80/><T99/><D43/><U17/><E105/><V133/><F133/><W118/><G124/><T41/><D41/><U8/><E8/><N who="2" m="4239" /><F42/><W126/><G126/><T112/><D112/><U71/><E71/><V104/><F104/><W10/><G118/><T114/><D114/><U56/><E56/><AGARI ba="1,0" hai="6,7,10,15,16,49,54,56,62,67,69,81,85,88" machi="56" ten="30,3900,0" yaku="7,1,54,2" doraHai="75" who="3" fromWho="1" sc="342,0,221,-42,138,0,299,42" /><INIT seed="5,0,0,0,2,52" ten="342,179,138,341" oya="1" hai0="70,125,50,71,78,67,4,117,30,3,36,123,118" hai1="25,43,9,28,101,119,24,85,113,35,40,34,0" hai2="92,58,54,29,32,45,57,94,72,37,79,77,65" hai3="75,47,7,91,10,48,109,120,102,131,89,114,17"/><U16/><E119/><V11/><F32/><W76/><G120/><T8/><D123/><U90/><E113/><V55/><F29/><W83/><G114/><T21/><D125/><U124/><E124/><V26/><F26/><W56/><G109/><T135/><D135/><U31/><E101/><V20/><F20/><W38/><G131/><T1/><D36/><U88/><E90/><V130/><F130/><W22/><G102/><T44/><D78/><N who="2" m="29706" /><F37/><W14/><G56/><N who="2" m="21609" /><F72/><W99/><G99/><T106/><D1/><U134/><E134/><V19/><F65/><W66/><G66/><T84/><D106/><U23/><E9/><V132/><F132/><W42/><REACH who="3" step="1"/><G48/><REACH who="3" step="2"/><T107/><D50/><U53/><E53/><N who="2" m="19979" /><F45/><W74/><G74/><T63/><D44/><U5/><E35/><V18/><F11/><W110/><G110/><T12/><D8/><U104/><E34/><V64/><F64/><W59/><G59/><T86/><D67/><U51/><E51/><V96/><F94/><W60/><G60/><T128/><D63/><U33/><E104/><V6/><F6/><W121/><G121/><T122/><D107/><U46/><E46/><V105/><F105/><W82/><G82/><T111/><D122/><U129/><E129/><V98/><F98/><W2/><AGARI ba="0,1" hai="2,7,10,14,17,22,38,42,47,75,76,83,89,91" machi="2" ten="20,8000,1" yaku="1,1,0,1,7,1,25,2,53,0" doraHai="52" doraHaiUra="127" who="3" fromWho="3" sc="342,-20,179,-40,138,-20,331,90" /><INIT seed="6,0,0,5,2,63" ten="322,139,118,421" oya="2" hai0="102,129,119,53,85,46,115,83,72,22,9,71,125" hai1="54,0,123,62,127,98,51,3,111,109,27,29,79" hai2="118,128,49,45,120,77,126,108,59,134,114,28,6" hai3="121,116,89,90,36,50,41,67,25,20,16,73,107"/><V38/><F77/><W112/><G121/><T81/><D119/><U37/><E123/><V106/><F28/><W130/><G116/><T66/><D72/><U33/><E37/><V86/><F86/><W68/><G130/><T75/><D75/><U14/><E127/><V64/><F6/><W44/><G107/><T39/><D125/><U42/><E79/><V32/><F64/><W100/><G100/><T117/><D102/><U110/><E98/><V92/><F92/><W52/><G112/><T47/><D115/><U97/><E97/><V13/><F13/><W70/><G73/><T58/><D117/><U55/><E14/><V26/><F26/><W78/><G78/><T23/><D9/><U12/><E12/><V19/><F19/><W30/><G30/><T80/><D129/><U113/><E113/><V35/><F59/><N who="3" m="33175" /><G70/><T43/><D46/><U135/><E135/><V93/><F93/><W2/><G2/><T82/><D85/><U101/><E101/><V132/><F49/><W15/><G25/><T61/><N who="0" m="20992" /><DORA hai="4" /><T131/><REACH who="0" step="1"/><D131/><REACH who="0" step="2"/><U10/><E111/><V105/><F45/><W11/><G11/><T122/><D122/><U34/><E110/><V88/><F132/><W94/><G94/><T133/><D133/><U56/><E109/><V124/><F124/><W17/><G17/><T96/><D96/><U48/><E10/><V65/><F106/><W31/><G31/><T95/><D95/><U69/><E29/><V103/><F103/><W91/><G91/><T18/><D18/><U7/><E7/><V1/><F88/><W5/><G5/><RYUUKYOKU ba="0,1" sc="312,15,139,-15,118,-15,421,15" hai0="22,23,39,43,47,53,58,61,66,71" hai3="15,16,20,36,41,44,67,68,89,90" /><INIT seed="7,1,1,5,4,117" ten="327,124,103,436" oya="3" hai0="68,105,39,32,100,60,55,26,107,104,63,17,23" hai1="54,13,37,116,41,22,79,0,16,70,69,120,64" hai2="42,38,90,103,112,96,7,3,74,1,123,20,59" hai3="91,113,132,85,36,9,29,71,48,11,92,34,53"/><W89/><G132/><T94/><D39/><U18/><E0/><V8/><F3/><W40/><G71/><T78/><D32/><U56/><E116/><V127/><F90/><W77/><G77/><T24/><D78/><U86/><E120/><V133/><F123/><W25/><G113/><T95/><D68/><U131/><E131/><V128/><F74/><W44/><G91/><T134/><D134/><U47/><E64/><V81/><F133/><W62/><G62/><T12/><D12/><U72/><E72/><V118/><F118/><W83/><G83/><T51/><D51/><U75/><E75/><V65/><F81/><W66/><G66/><T130/><D130/><U80/><E18/><V76/><F76/><W45/><AGARI ba="1,1" hai="9,11,25,29,34,36,40,44,45,48,53,85,89,92" machi="45" ten="20,2100,0" yaku="0,1,7,1" doraHai="117" who="3" fromWho="3" sc="327,-8,124,-8,103,-8,436,34" owari="319,12.0,116,-28.0,95,-40.0,470,56.0" /></mjloggm>