<mjloggm ver="2.3"><GO type="41"/><UN n0="%E3%81%AA%E3%81%BE%E3%81%AF%E3%81%92%E3%83%AA%E3%83%BC%E3%83%81%E2%98%86" n1="%64%73%73%64%73%62" n2="%EF%BC%88%E2%89%A7%E2%96%BD%E2%89%A6%EF%BC%89" n3="%6F%63%68%69%32%32" dan="14,14,15,14" rate="1987,2032,2023,1873" sx="M,M,M,M"/><TAIKYOKU oya="0"/><INIT seed="0,0,0,5,0,9" ten="250,250,250,250" oya="0" hai0="115,20,29,109,90,33,35,65,13,101,58,85,107" hai1="132,125,57,131,123,18,19,40,48,69,104,73,116" hai2="7,1,32,95,56,26,37,60,87,130,97,74,0" hai3="78,98,117,94,81,30,83,127,3,80,122,34,42"/><T108/><D115/><U11/><E69/><V111/><F74/><W67/><G3/><T96/><D65/><U47/><E73/><V14/><F37/><W75/><G122/><T59/><D59/><U121/><E104/><V91/><F130/><W70/><G117/><T53/><D29/><U6/><E116/><V8/><F111/><N who="0" m="42570" /><D20/><U99/><E131/><V93/><F26/><W120/><G127/><T44/><D44/><U61/><E125/><V54/><REACH who="2" step="1"/><F32/><REACH who="2" ten="250,250,240,250" step="2"/><W22/><G120/><T31/><D31/><U15/><E121/><V21/><F21/><W55/><G34/><T71/><D71/><U68/><E68/><V52/><F52/><W77/><G55/><T76/><D35/><U25/><E123/><V16/><F16/><W88/><G42/><T49/><D33/><U17/><E132/><V10/><F10/><W5/><G5/><T72/><D72/><U27/><REACH who="1" step="1"/><E99/><REACH who="1" ten="250,240,240,250" step="2"/><V89/><AGARI ba="0,2" hai="0,1,7,8,14,54,56,60,87,89,91,93,95,97" machi="89" ten="20,8000,1" yaku="1,1,0,1,7,1,52,1,53,1" doraHai="9" doraHaiUra="4" who="2" fromWho="2" sc="250,-40,240,-20,240,100,250,-20" /><INIT seed="1,0,0,4,4,70" ten="210,220,340,230" oya="1" hai0="90,82,102,84,35,61,79,117,23,3,40,100,89" hai1="10,123,73,91,78,111,76,54,26,83,116,119,94" hai2="17,11,92,95,110,2,81,85,6,69,115,130,25" hai3="47,19,133,16,106,93,41,50,114,1,20,52,97"/><U80/><E123/><V12/><F69/><W134/><G114/><T55/><D35/><U59/><E111/><V122/><F122/><W8/><G106/><T71/><D3/><U32/><E10/><V99/><F115/><W51/><G1/><T33/><D33/><U118/><E32/><V9/><F130/><W43/><G8/><T34/><D34/><U4/><E4/><V24/><F110/><W31/><G31/><T63/><D117/><U14/><E14/><V104/><F104/><W127/><G127/><T21/><D40/><U86/><E26/><V112/><F112/><W103/><G43/><T53/><D71/><U125/><E54/><V75/><F95/><W5/><G5/><T124/><D124/><U107/><E59/><V18/><F75/><W13/><REACH who="3" step="1"/><G19/><REACH who="3" ten="210,220,340,220" step="2"/><T0/><D0/><U108/><E108/><V42/><F18/><W120/><G120/><T44/><D23/><U96/><E125/><V72/><F42/><W27/><G27/><T109/><D21/><U45/><E45/><AGARI ba="0,1" hai="13,16,20,41,45,47,50,51,52,93,97,103,133,134" machi="45" ten="40,5200,0" yaku="1,1,54,2,53,0" doraHai="70" doraHaiUra="56" who="3" fromWho="1" sc="210,0,220,-52,340,0,220,62" /><INIT seed="2,0,0,3,0,117" ten="210,168,340,282" oya="2" hai0="64,1,66,133,82,116,38,45,97,65,99,90,78" hai1="37,110,120,51,9,26,84,100,109,28,107,126,106" hai2="61,79,25,56,131,114,67,129,49,24,93,34,124" hai3="12,46,41,121,20,52,130,134,125,86,89,71,42"/><V74/><F114/><W104/><G104/><T18/><D1/><U119/><E37/><V111/><F124/><W95/><G71/><T32/><D32/><U96/><E119/><V5/><F111/><W80/><G125/><T123/><D116/><U10/><E126/><V76/><F5/><W44/><G130/><N who="2" m="49673" /><F74/><W55/><G134/><T11/><D133/><U47/><E107/><V132/><F132/><W94/><G121/><T31/><D31/><U77/><E109/><V101/><F49/><W72/><G72/><T108/><D108/><U57/><E110/><V14/><F14/><W22/><G80/><T60/><D60/><U63/><E120/><V59/><F59/><W62/><G62/><T87/><D123/><U128/><E128/><V39/><F39/><W91/><G86/><N who="0" m="48471" /><D45/><U68/><E68/><V36/><F36/><W29/><G29/><T103/><D103/><U30/><E51/><V17/><F34/><W6/><G12/><N who="0" m="7455" /><D38/><U118/><E47/><V112/><F112/><W4/><AGARI ba="0,0" hai="4,6,20,22,41,42,44,46,52,55,89,91,94,95" machi="4" ten="25,8000,1" yaku="0,1,22,2,8,1,54,1" doraHai="117" who="3" fromWho="3" sc="210,-20,168,-20,340,-40,282,80" /><INIT seed="3,0,0,1,1,90" ten="190,148,300,362" oya="3" hai0="4,57,28,77,85,63,34,42,86,30,111,33,41" hai1="126,109,92,5,75,7,107,133,19,3,37,115,58" hai2="81,16,6,70,95,91,122,114,94,89,124,93,56" hai3="36,52,104,116,50,110,66,26,130,119,20,21,47"/><W69/><G104/><T125/><D4/><U45/><E107/><V84/><F70/><W62/><G110/><T10/><D10/><U22/><E75/><V44/><F114/><W101/><G130/><T24/><D125/><U8/><E115/><V135/><F124/><W68/><G68/><T54/><D111/><U60/><E109/><V48/><F122/><W35/><G35/><T118/><D118/><U106/><E106/><V100/><F135/><W2/><G2/><T27/><REACH who="0" step="1"/><D86/><REACH who="0" ten="180,148,300,362" step="2"/><U121/><E7/><V128/><F128/><W131/><G119/><T9/><D9/><U11/><E11/><V78/><F6/><W132/><G131/><T40/><D40/><U123/><E126/><V74/><F74/><W15/><G116/><T87/><D87/><U59/><E133/><V71/><F100/><W0/><G101/><T17/><D17/><U98/><E123/><V99/><F78/><W72/><G72/><T53/><D53/><U129/><E121/><V88/><F99/><W61/><G132/><T67/><D67/><U43/><E129/><V117/><F117/><W108/><G108/><T51/><D51/><U64/><E8/><V32/><F16/><W73/><G73/><T29/><D29/><U103/><E5/><V39/><F84/><W38/><G38/><T1/><D1/><U65/><E3/><V134/><F39/><W13/><G0/><T112/><D112/><U18/><E18/><V31/><F134/><W79/><G36/><T49/><D49/><U96/><E64/><V14/><F48/><W113/><G113/><T82/><AGARI ba="0,1" hai="24,27,28,30,33,34,41,42,54,57,63,77,82,85" machi="82" ten="30,8000,1" yaku="1,1,5,1,0,1,9,1,53,1" doraHai="90" doraHaiUra="80" who="0" fromWho="0" sc="180,90,148,-20,300,-20,362,-40" /><INIT seed="4,0,0,1,3,34" ten="270,128,280,322" oya="0" hai0="48,117,133,76,122,7,39,26,116,97,3,51,128" hai1="85,21,74,113,57,102,65,24,42,70,91,19,6" hai2="81,135,101,20,108,10,83,104,84,5,46,61,32" hai3="118,9,38,99,49,105,127,92,64,47,8,58,33"/><T14/><D122/><U56/><E74/><V107/><F108/><W4/><G33/><T106/><D39/><U110/><E110/><V86/><F32/><W54/><G105/><T45/><D76/><U80/><E113/><V25/><F135/><W132/><G118/><T29/><D133/><U134/><E134/><V75/><F75/><W98/><G132/><T73/><D73/><U59/><E42/><V78/><F101/><W79/><G79/><T90/><D14/><U0/><E102/><V94/><F94/><W126/><G9/><T23/><D128/><U124/><E124/><V12/><F61/><W72/><G72/><T100/><D90/><U103/><E103/><V121/><F46/><W114/><G114/><T129/><D129/><U60/><REACH who="1" step="1"/><E70/><REACH who="1" ten="270,118,280,322" step="2"/><V2/><F121/><W89/><G127/><T66/><D117/><U35/><E35/><V95/><F107/><W36/><G126/><T43/><D116/><U1/><E1/><V63/><F104/><W40/><G38/><T109/><D109/><U37/><E37/><V112/><F2/><W13/><G64/><T67/><D67/><U120/><E120/><V28/><F112/><W131/><G131/><T115/><D66/><U87/><E87/><AGARI ba="0,1" hai="4,8,13,36,40,47,49,54,58,87,89,92,98,99" machi="87" ten="30,1000,0" yaku="7,1" doraHai="34" who="3" fromWho="1" sc="270,0,118,-10,280,0,322,20" /><INIT seed="5,0,0,5,2,5" ten="270,108,280,342" oya="1" hai0="33,68,46,83,85,128,100,29,130,18,111,108,26" hai1="109,122,10,71,110,126,15,62,65,121,81,56,1" hai2="78,35,58,79,34,63,43,115,12,132,134,3,8" hai3="21,73,48,25,97,113,31,6,22,94,82,117,2"/><U59/><E1/><V64/><F3/><W45/><G113/><T105/><D68/><U127/><E81/><V16/><F43/><W87/><G73/><T118/><D118/><U92/><E92/><V53/><F115/><W0/><G117/><T90/><D46/><U93/><E93/><V86/><F64/><W24/><G2/><T120/><D120/><N who="1" m="46187" /><E15/><V99/><F99/><W101/><G0/><T75/><D75/><U131/><E10/><V30/><F86/><W123/><G6/><T39/><D39/><U60/><E131/><N who="0" m="50217" /><D18/><U70/><E65/><V116/><F116/><W42/><G123/><T4/><D4/><U125/><E60/><V124/><F124/><W13/><G13/><T76/><D76/><N who="2" m="29226" /><F30/><W80/><G87/><T41/><D105/><U44/><E44/><V95/><F95/><W37/><REACH who="3" step="1"/><G37/><REACH who="3" ten="270,108,280,332" step="2"/><T7/><D7/><U69/><E62/><V9/><F8/><W129/><G129/><T119/><D119/><U57/><AGARI ba="0,1" hai="56,57,59,69,70,71,109,110,125,126,127" m="46187" machi="57" ten="50,18000,2" yaku="29,2,28,2,18,1,34,2" doraHai="5" who="1" fromWho="1" sc="270,-60,108,190,280,-60,332,-60" /><INIT seed="5,1,0,1,1,73" ten="210,298,220,272" oya="1" hai0="33,53,6,40,65,106,105,27,10,132,120,123,103" hai1="91,62,95,14,90,128,32,122,100,118,82,24,36" hai2="30,5,28,83,18,58,78,124,115,135,41,55,21" hai3="104,51,66,109,68,64,134,108,130,50,12,70,42"/><U127/><E36/><V107/><F107/><W84/><G104/><T112/><D112/><U113/><E118/><V81/><F135/><W19/><G134/><T44/><D132/><U85/><E122/><N who="0" m="46633" /><D65/><U52/><E113/><V114/><F124/><W47/><G84/><T49/><D103/><U48/><E127/><V131/><F5/><W71/><G12/><N who="0" m="5207" /><D53/><U119/><E119/><V2/><F2/><W4/><G19/><T74/><D74/><U25/><E128/><V75/><F131/><W3/><G4/><T80/><D80/><U20/><E100/><V7/><F7/><W126/><G126/><T77/><D77/><U54/><E32/><V117/><F117/><W102/><G102/><T0/><D0/><U133/><E133/><V8/><F41/><W110/><G3/><T31/><AGARI ba="1,0" hai="27,31,33,40,44,49,105,106" m="5207,46633" machi="31" ten="30,1100,0" yaku="13,1" doraHai="73" who="0" fromWho="0" sc="210,14,298,-6,220,-4,272,-4" /><INIT seed="6,0,0,3,5,105" ten="224,292,216,268" oya="2" hai0="91,135,118,108,26,10,62,76,25,63,77,48,57" hai1="54,51,80,68,65,125,111,24,93,102,116,110,109" hai2="0,113,112,119,67,53,1,17,83,92,30,104,15" hai3="128,94,64,99,40,126,29,75,131,72,96,97,101"/><V56/><F119/><W34/><G40/><T47/><D108/><U43/><E116/><V37/><F104/><W69/><G69/><T14/><D118/><U106/><E125/><V71/><F37/><W81/><G64/><T42/><D135/><U46/><E106/><V28/><F92/><N who="3" m="58503" /><G34/><T88/><D76/><U2/><E2/><N who="2" m="1131" /><F71/><W120/><G29/><N who="2" m="11369" /><F67/><W22/><G22/><T35/><D35/><U13/><E65/><V61/><F83/><W78/><G120/><T124/><D77/><U16/><E68/><V50/><F61/><N who="0" m="23050" /><D57/><U59/><E80/><V60/><F60/><W21/><G21/><T66/><D124/><U52/><E59/><V85/><F85/><N who="3" m="48311" /><G126/><T19/><D66/><U36/><E36/><V6/><F56/><W12/><G12/><T5/><D19/><U49/><E49/><V18/><F53/><W103/><G99/><T133/><D133/><U121/><E121/><V44/><F50/><W58/><G58/><T107/><D107/><U95/><E54/><V123/><F44/><W74/><AGARI ba="0,0" hai="72,74,75,94,97,103,128,131" m="48311,58503" machi="74" ten="40,8000,1" yaku="34,2,52,3" doraHai="105" who="3" fromWho="3" sc="224,-20,292,-20,216,-40,268,80" /><INIT seed="7,0,0,5,5,20" ten="204,272,176,348" oya="3" hai0="69,135,13,9,27,22,125,4,40,21,105,25,33" hai1="132,28,18,61,127,35,65,23,26,42,36,5,34" hai2="46,8,45,109,92,121,24,88,37,123,85,99,122" hai3="55,74,107,75,71,100,29,77,68,111,133,51,96"/><W43/><G43/><T128/><D105/><U93/><E132/><V90/><F109/><W60/><G133/><T131/><D69/><U98/><E127/><V124/><F124/><W63/><G111/><T78/><D135/><U62/><E5/><V110/><F110/><W31/><G71/><T126/><D33/><U30/><E36/><V44/><F8/><W103/><G103/><T95/><D78/><U66/><E42/><V129/><F129/><N who="0" m="49738" /><D40/><U53/><E34/><V73/><F73/><W67/><G63/><T12/><D95/><U89/><E35/><V83/><REACH who="2" step="1"/><F24/><REACH who="2" ten="204,272,166,348" step="2"/><N who="0" m="9290" /><D22/><U50/><E28/><V86/><F86/><W94/><G75/><T79/><D79/><U115/><E30/><V41/><AGARI ba="0,1" hai="37,41,44,45,46,83,85,88,90,92,99,121,122,123" machi="41" ten="40,8000,1" yaku="1,1,0,1,13,1,54,1,53,1" doraHai="20" doraHaiUra="91" who="2" fromWho="2" sc="204,-20,272,-20,166,90,348,-40" owari="184,-32.0,252,-15.0,256,6.0,308,41.0" /></mjloggm>