<mjloggm ver="2.3"><GO type="169"/><UN n0="%E3%81%A6%E3%82%93%E3%81%BD%E3%81%84%E3%82%93%E3%81%A8" n1="%E8%B6%85%E3%83%92%E3%83%A2%E3%83%AA%E3%83%AD" n2="%E3%83%AA%E3%83%84%E3%83%9F%E3%82%B5%E3%83%B3" n3="%EF%BC%88%E2%89%A7%E2%96%BD%E2%89%A6%EF%BC%89" dan="16,17,17,16" rate="2032,2094,2151,2070" sx="F,F,M,M"/><TAIKYOKU oya="0"/><INIT seed="0,0,0,5,3,117" ten="250,250,250,250" oya="0" hai0="3,75,9,93,11,77,15,120,33,27,82,87,112" hai1="38,86,1,29,4,91,119,99,85,90,124,123,111" hai2="66,32,36,26,102,81,88,135,35,52,68,56,65" hai3="23,95,127,31,83,13,42,63,134,17,20,46,104"/><T45/><D112/><U41/><E119/><V79/><F36/><W53/><G104/><T101/><D3/><U12/><E1/><V5/><F135/><W92/><G127/><T49/><D120/><U69/><E69/><V34/><F102/><W64/><G53/><T37/><D37/><U71/><E71/><V98/><F68/><W7/><G7/><T132/><D132/><U129/><E129/><V60/><F5/><W103/><G83/><T128/><D128/><U114/><E29/><V116/><F116/><W18/><G31/><T122/><D122/><U125/><E38/><V72/><REACH who="2" step="1"/><F26/><REACH who="2" ten="250,250,240,250" step="2"/><W30/><G103/><T55/><D101/><U74/><E4/><V14/><F14/><W131/><G134/><T43/><D15/><U106/><E12/><V19/><F19/><W121/><G17/><T115/><D115/><U84/><E114/><V113/><F113/><W67/><G131/><T16/><D16/><U22/><E124/><V24/><F24/><W61/><G13/><T48/><D27/><U118/><E125/><V51/><F51/><W0/><G18/><T126/><D126/><U57/><E118/><V73/><F73/><W94/><G0/><T107/><D75/><U2/><E74/><V97/><F97/><W80/><G121/><T110/><D48/><U28/><E99/><V109/><F109/><W47/><G30/><T62/><D49/><U54/><E28/><V10/><F10/><W89/><G23/><T40/><D9/><U50/><E22/><V21/><F21/><W25/><G20/><T100/><D11/><U70/><E123/><RYUUKYOKU ba="0,1" sc="250,-10,250,-10,240,30,250,-10" hai2="32,34,35,52,56,60,65,66,72,79,81,88,98" /><INIT seed="1,1,1,2,0,5" ten="240,240,270,240" oya="1" hai0="72,85,86,55,75,3,19,123,62,51,8,90,112" hai1="70,13,0,11,73,129,53,74,128,24,1,42,110" hai2="92,56,98,121,50,34,93,40,101,52,39,102,63" hai3="131,57,35,36,26,7,37,100,78,67,20,82,105"/><U16/><E70/><V118/><F121/><W45/><G131/><N who="1" m="50250" /><E110/><V23/><F118/><W115/><G115/><T58/><D112/><U27/><E42/><V116/><F34/><W124/><G35/><T109/><D109/><U117/><E117/><V81/><F116/><W130/><G130/><T31/><D123/><U111/><E111/><V94/><F39/><W133/><G133/><T71/><D31/><U61/><E61/><V6/><F81/><W125/><G7/><T91/><D71/><U114/><E114/><V4/><F23/><W14/><G14/><T104/><D62/><U134/><E53/><V46/><F94/><W95/><G95/><T30/><D30/><U28/><E134/><V12/><F12/><W89/><G67/><T18/><D104/><U77/><E27/><V76/><F76/><W59/><G78/><T120/><D120/><U97/><E97/><AGARI ba="1,1" hai="4,6,40,46,50,52,56,63,92,93,97,98,101,102" machi="97" ten="40,5200,0" yaku="9,1,8,1,54,1" doraHai="5" who="2" fromWho="1" sc="240,0,240,-55,270,65,240,0" /><INIT seed="2,0,0,0,4,59" ten="240,185,335,240" oya="2" hai0="2,110,107,134,52,54,126,50,29,49,58,32,105" hai1="1,16,83,76,89,22,99,25,45,40,9,65,132" hai2="33,42,108,124,69,23,131,75,118,91,129,115,6" hai3="53,71,39,57,102,66,133,51,31,19,12,101,103"/><V55/><F6/><W82/><G133/><T121/><D121/><U106/><E132/><V114/><F23/><W35/><G39/><T37/><D134/><U84/><E65/><V26/><F26/><W48/><G48/><T125/><D37/><U17/><E1/><V38/><F91/><W93/><G82/><T3/><D110/><U123/><E123/><V80/><F80/><W73/><G73/><T30/><REACH who="0" step="1"/><D58/><REACH who="0" ten="230,185,335,240" step="2"/><U8/><E17/><V104/><F38/><W7/><G19/><T41/><D41/><U92/><REACH who="1" step="1"/><E106/><REACH who="1" ten="230,175,335,240" step="2"/><V78/><F104/><W67/><G7/><T64/><D64/><U77/><E77/><V24/><F78/><W43/><G67/><T13/><D13/><U128/><E128/><V47/><F129/><W120/><G12/><T100/><D100/><U97/><E97/><V96/><F96/><W122/><G120/><T34/><AGARI ba="0,2" hai="2,3,29,30,32,34,49,50,52,54,105,107,125,126" machi="34" ten="25,8000,1" yaku="1,1,0,1,22,2,54,1,53,0" doraHai="59" doraHaiUra="119" who="0" fromWho="0" sc="230,100,175,-20,335,-40,240,-20" /><INIT seed="3,0,0,2,0,120" ten="330,155,295,220" oya="3" hai0="20,10,119,113,102,12,107,41,131,63,77,57,76" hai1="3,134,13,105,93,1,61,40,96,49,50,19,109" hai2="55,71,29,108,78,51,128,45,94,69,67,91,68" hai3="104,65,14,101,100,42,132,39,0,38,28,70,80"/><W56/><G0/><T88/><D119/><U111/><E105/><V73/><F29/><W8/><G70/><T90/><D41/><U53/><E134/><V60/><F73/><W75/><G132/><T34/><D34/><U127/><E127/><V83/><F78/><W18/><G28/><T35/><D35/><U126/><E126/><V6/><F83/><W125/><G125/><T103/><D20/><N who="1" m="11375" /><E61/><V26/><F26/><W99/><G101/><N who="0" m="38411" /><D107/><U43/><E3/><V66/><F6/><W81/><G75/><T121/><D121/><U129/><E1/><V24/><F24/><W72/><G72/><T5/><D131/><U135/><E135/><V92/><F92/><W82/><REACH who="3" step="1"/><G42/><REACH who="3" ten="330,155,295,210" step="2"/><N who="1" m="15914" /><E129/><V22/><F128/><W2/><G2/><T15/><D113/><U52/><E50/><V32/><F69/><W106/><G106/><T133/><D133/><U114/><E49/><V30/><F51/><W85/><G85/><T62/><D62/><AGARI ba="0,1" hai="8,14,18,38,39,56,62,65,80,81,82,99,100,104" machi="62" ten="40,2000,0" yaku="1,1,53,0" doraHai="120" doraHaiUra="17" who="3" fromWho="0" sc="330,-20,155,0,295,0,210,30" /><INIT seed="3,1,0,3,0,80" ten="310,155,295,240" oya="3" hai0="88,95,90,100,39,72,91,74,67,12,117,1,130" hai1="18,94,131,78,44,87,0,109,20,15,105,106,96" hai2="120,54,51,103,24,17,10,58,62,69,101,49,53" hai3="55,66,133,19,21,77,129,85,38,98,36,83,70"/><W110/><G133/><T27/><D1/><U63/><E0/><V112/><F112/><W46/><G129/><T2/><D2/><U50/><E131/><V65/><F120/><W121/><G121/><T13/><D117/><U116/><E109/><V45/><F10/><W123/><G123/><T61/><D39/><U7/><E116/><V32/><F17/><W28/><G28/><T79/><D130/><U34/><E34/><V16/><REACH who="2" step="1"/><F32/><REACH who="2" ten="310,155,285,240" step="2"/><W31/><G110/><T60/><D13/><U122/><E122/><V33/><F33/><W71/><G31/><T134/><D12/><U8/><E18/><V104/><F104/><W124/><G19/><T125/><D134/><U35/><E35/><V118/><F118/><W56/><G21/><AGARI ba="1,1" hai="16,21,24,45,49,51,53,54,58,62,65,69,101,103" machi="21" ten="40,8000,1" yaku="1,1,54,1,53,2" doraHai="80" doraHaiUra="47" who="2" fromWho="3" sc="310,0,155,0,285,93,240,-83" /><INIT seed="4,0,0,0,5,128" ten="310,155,378,157" oya="0" hai0="65,12,71,33,7,21,88,81,11,32,52,64,20" hai1="17,28,61,134,78,97,48,131,49,4,10,89,16" hai2="132,19,91,42,99,75,104,76,56,84,74,41,54" hai3="24,118,27,100,46,59,109,80,126,44,47,110,35"/><T1/><D71/><U113/><E131/><V92/><F75/><W66/><G118/><T30/><D33/><U0/><E78/><V87/><F87/><W119/><G119/><T57/><D32/><U123/><E123/><V135/><F19/><W50/><G126/><T38/><D38/><U96/><E28/><V40/><F56/><W51/><G100/><T25/><D1/><U67/><E113/><V90/><F54/><W120/><G120/><T3/><D3/><U29/><E29/><V55/><F55/><W14/><G80/><T63/><D21/><U114/><E114/><V73/><F91/><W62/><G35/><T127/><D127/><U2/><E89/><V70/><F70/><W112/><G112/><T85/><AGARI ba="0,0" hai="7,11,12,20,25,30,52,57,63,64,65,81,85,88" machi="85" ten="30,11700,0" yaku="0,1,8,1,54,2" doraHai="128" who="0" fromWho="0" sc="310,117,155,-39,378,-39,157,-39" /><INIT seed="4,1,0,3,0,83" ten="427,116,339,118" oya="0" hai0="96,58,12,76,47,46,117,110,16,17,71,59,57" hai1="63,74,32,105,123,9,103,121,23,6,42,78,73" hai2="64,27,102,124,118,134,125,99,45,21,24,109,70" hai3="43,51,56,108,84,11,26,115,34,36,135,41,97"/><T126/><D117/><U30/><E23/><V61/><F109/><W120/><G108/><T65/><D110/><U60/><E60/><V79/><F134/><W116/><G116/><T22/><D126/><N who="2" m="48746" /><F118/><W14/><G36/><T28/><D28/><U100/><E100/><V50/><F79/><W67/><G135/><T39/><D39/><U53/><E53/><N who="2" m="29903" /><F21/><W113/><G120/><T18/><D96/><U54/><E54/><V38/><F38/><W25/><G97/><T4/><D76/><U82/><E73/><V55/><F55/><N who="3" m="31871" /><G67/><T20/><D65/><U114/><E114/><N who="3" m="43530" /><G34/><T107/><D71/><U87/><E32/><V119/><F119/><W89/><G41/><T81/><D22/><U33/><E42/><V72/><F72/><W48/><G48/><T106/><D20/><U98/><E63/><V8/><F8/><W7/><G43/><T49/><D49/><U127/><E127/><V95/><AGARI ba="1,0" hai="24,27,61,64,70,95,99,102" m="29903,48746" machi="95" ten="30,1100,0" yaku="18,1" doraHai="83" who="2" fromWho="2" sc="427,-6,116,-4,339,14,118,-4" /><INIT seed="5,0,0,3,5,82" ten="421,112,353,114" oya="1" hai0="103,56,26,42,104,23,17,77,2,128,7,55,125" hai1="89,61,79,54,15,71,48,36,64,40,46,59,126" hai2="86,62,122,84,20,52,88,123,45,6,34,95,106" hai3="68,135,80,63,90,76,24,13,133,28,92,70,69"/><U43/><E79/><V67/><F34/><W75/><G13/><T87/><D128/><U49/><E126/><V124/><F106/><W99/><REACH who="3" step="1"/><G63/><REACH who="3" ten="421,112,353,104" step="2"/><T65/><D125/><U105/><E105/><V29/><F124/><W116/><G116/><T9/><D104/><U109/><E109/><V74/><F74/><W94/><G94/><T132/><D132/><U12/><E89/><V117/><F117/><W35/><AGARI ba="0,1" hai="24,28,35,68,69,70,75,76,80,90,92,99,133,135" machi="35" ten="40,2700,0" yaku="1,1,0,1,53,0" doraHai="82" doraHaiUra="83" who="3" fromWho="3" sc="421,-7,112,-13,353,-7,104,37" /><INIT seed="6,0,0,3,2,11" ten="414,99,346,141" oya="2" hai0="0,79,3,37,27,30,96,135,54,19,131,26,24" hai1="113,107,67,63,46,1,100,9,76,18,80,85,132" hai2="51,5,31,84,47,78,36,58,134,105,35,10,115" hai3="128,68,124,117,42,48,116,39,69,59,97,82,133"/><V94/><F115/><W61/><G82/><T73/><D37/><U89/><E113/><V55/><F105/><W130/><G97/><T129/><D135/><U83/><E132/><V86/><F134/><W98/><G39/><T127/><D127/><U102/><E46/><V91/><F35/><W64/><G98/><T60/><D30/><U123/><E123/><V50/><F31/><W112/><G112/><T118/><D118/><N who="3" m="45673" /><G124/><T110/><D110/><U65/><E107/><V108/><F108/><W4/><G4/><T120/><D120/><U21/><E9/><V57/><F36/><W93/><G93/><T33/><D33/><U20/><E1/><N who="0" m="585" /><D96/><U38/><E38/><V17/><F5/><W62/><G133/><T49/><D60/><U13/><E21/><V125/><F125/><W23/><G23/><N who="0" m="13439" /><D79/><U41/><E41/><V14/><F51/><W44/><G69/><T122/><D73/><U53/><E53/><AGARI ba="0,0" hai="42,44,48,53,59,61,62,64,68,128,130" m="45673" machi="53" ten="30,2000,0" yaku="34,2" doraHai="11" who="3" fromWho="1" sc="414,0,99,-20,346,0,141,20" /><INIT seed="7,0,0,0,1,112" ten="414,79,346,161" oya="3" hai0="135,1,110,18,65,77,44,12,132,86,76,113,129" hai1="26,99,0,56,109,72,81,30,66,41,13,70,98" hai2="92,57,16,94,3,121,19,25,60,62,43,23,101" hai3="63,2,59,8,100,39,61,42,97,87,34,126,131"/><W89/><G34/><T82/><D110/><U79/><E109/><V21/><F121/><W49/><G39/><T134/><D129/><U111/><E111/><V128/><F128/><W114/><G114/><T117/><D117/><U24/><E0/><V84/><F3/><W116/><G116/><T122/><D113/><U69/><E41/><V104/><F43/><W107/><G126/><T4/><D122/><U15/><E56/><V118/><F118/><W130/><G130/><T54/><D65/><U119/><E119/><V47/><F47/><W33/><G33/><T115/><D115/><U31/><E81/><V78/><F104/><W6/><G131/><T37/><D1/><U27/><E79/><V74/><F74/><W125/><G125/><T108/><D108/><U58/><E58/><V95/><F101/><W48/><G42/><N who="0" m="22607" /><D54/><U28/><E72/><V127/><F127/><W102/><G102/><T50/><D50/><U36/><E36/><V85/><F78/><W7/><G7/><T10/><D77/><U123/><E123/><V29/><F29/><W73/><G73/><T67/><D67/><U91/><E91/><V68/><F68/><N who="1" m="26217" /><E66/><V17/><F57/><W105/><G59/><T22/><D4/><U64/><E64/><V20/><F25/><W53/><G2/><T45/><D45/><U83/><E83/><V40/><F40/><W32/><G89/><T103/><D103/><U14/><AGARI ba="0,0" hai="13,14,15,24,26,27,28,30,31,98,99" m="26217" machi="14" ten="40,8000,1" yaku="29,2,28,2" doraHai="112" who="1" fromWho="1" sc="414,-20,79,80,346,-20,161,-40" owari="394,49.0,159,-24.0,326,13.0,121,-38.0" /></mjloggm>