<mjloggm ver="2.3"><GO type="169" lobby="0"/><UN n0="%E9%9D%9E%E5%8A%B9%E7%8E%87%E6%89%93%E6%B3%95" n1="%E3%82%82%E3%81%A3%E3%81%97%E3%83%BC" n2="%E3%82%AA%E3%82%BA%E3%82%B0%E3%83%AB%E3%83%BC%E3%83%97" n3="%EF%BC%88%E2%89%A7%E2%96%BD%E2%89%A6%EF%BC%89" dan="16,17,16,17" rate="2068.93,2139.33,2119.33,2152.01" sx="M,M,M,M"/><TAIKYOKU oya="0"/><INIT seed="0,0,0,1,2,72" ten="250,250,250,250" oya="0" hai0="109,74,12,121,60,56,18,41,63,26,114,10,0" hai1="32,122,35,11,51,75,91,97,59,25,70,49,53" hai2="104,82,46,40,1,112,93,65,79,58,21,126,7" hai3="73,102,76,125,106,44,36,132,90,37,61,101,47"/><T124/><D114/><U133/><E70/><V8/><F104/><W3/><G3/><T23/><D121/><U50/><E122/><V6/><F112/><W55/><G125/><T86/><D74/><U30/><E133/><V62/><F126/><W107/><G132/><T16/><D0/><U22/><E75/><V28/><F7/><W4/><G4/><T48/><D124/><U87/><E97/><V14/><F93/><W103/><G90/><T99/><D109/><U71/><E71/><V42/><F46/><W69/><G69/><T105/><D86/><U80/><REACH who="1" step="1"/><E11/><REACH who="1" ten="250,240,250,250" step="2"/><V34/><F34/><AGARI ba="0,1" hai="22,25,30,32,34,35,49,50,51,53,59,80,87,91" machi="34" ten="40,2600,0" yaku="1,1,2,1,53,0" doraHai="72" doraHaiUra="116" who="1" fromWho="2" sc="250,0,240,36,250,-26,250,0" /><INIT seed="1,0,0,5,4,74" ten="250,276,224,250" oya="1" hai0="132,94,7,79,122,113,126,120,119,101,19,98,92" hai1="124,16,67,82,121,61,115,100,12,111,64,85,30" hai2="22,107,53,15,128,125,105,130,54,68,66,71,6" hai3="91,27,78,49,2,102,23,93,25,123,38,81,62"/><U103/><E115/><V14/><F22/><W31/><G38/><T55/><D7/><U65/><E121/><N who="0" m="46697" /><D19/><U87/><E124/><V11/><F66/><W99/><G2/><T84/><D55/><N who="2" m="21002" /><F125/><W9/><G123/><T13/><D13/><N who="2" m="4618" /><F6/><W33/><G9/><T46/><D46/><U18/><E30/><V58/><F58/><W134/><G134/><T112/><D126/><U29/><E29/><V77/><F11/><W80/><G62/><T0/><D0/><U110/><E61/><V88/><F88/><W44/><G91/><N who="0" m="53351" /><D132/><U109/><E87/><V42/><F42/><W17/><REACH who="3" step="1"/><G78/><REACH who="3" ten="250,276,224,240" step="2"/><T48/><D48/><U24/><E24/><V83/><F77/><W131/><G131/><N who="2" m="50217" /><F83/><W70/><G70/><AGARI ba="0,1" hai="68,70,71,105,107" m="50217,4618,21002" machi="70" ten="40,5200,0" yaku="28,2,19,1" doraHai="74" who="2" fromWho="3" sc="250,0,276,0,224,62,240,-52" /><INIT seed="2,0,0,1,4,64" ten="250,276,286,188" oya="2" hai0="98,76,75,78,50,106,89,39,62,32,119,87,53" hai1="19,60,34,29,104,108,109,13,122,56,102,97,36" hai2="65,73,1,95,128,6,118,16,116,40,23,31,7" hai3="125,103,4,17,114,30,130,8,69,51,3,68,57"/><V107/><F107/><W0/><G0/><T86/><D32/><U132/><E36/><V115/><F73/><W111/><G30/><T101/><D39/><U10/><E132/><V74/><F74/><W121/><G121/><T27/><D119/><U131/><E131/><V33/><F40/><W82/><G130/><T80/><D27/><U26/><REACH who="1" step="1"/><E122/><REACH who="1" ten="250,266,286,188" step="2"/><V15/><F128/><W21/><G114/><T112/><D112/><U9/><E9/><N who="2" m="2255" /><F115/><W91/><G125/><T37/><D37/><U28/><E28/><V24/><F65/><AGARI ba="0,1" hai="10,13,19,26,29,34,56,60,65,97,102,104,108,109" machi="65" ten="40,1300,0" yaku="1,1,53,0" doraHai="64" doraHaiUra="44" who="1" fromWho="2" sc="250,0,266,23,286,-13,188,0" /><INIT seed="3,0,0,0,1,103" ten="250,289,273,188" oya="3" hai0="8,48,44,4,19,74,51,9,64,86,50,42,71" hai1="135,90,133,85,41,125,120,134,87,82,38,124,37" hai2="14,11,36,129,131,70,32,79,0,34,60,83,30" hai3="102,113,54,15,39,40,49,75,67,5,63,118,110"/><W29/><G75/><T35/><D74/><U100/><E120/><V81/><F36/><N who="1" m="13929" /><E41/><V119/><F0/><W7/><G118/><T61/><D35/><U31/><E31/><V3/><F119/><W66/><G113/><T62/><D62/><U16/><E100/><V106/><F3/><W101/><G110/><T24/><D9/><U12/><E87/><V56/><F70/><W59/><G29/><T78/><D19/><U77/><E77/><V28/><F81/><W55/><G39/><T46/><D46/><U53/><E53/><V26/><F30/><W45/><G40/><T122/><D24/><U57/><E57/><V111/><F34/><W99/><G101/><T20/><D20/><AGARI ba="0,0" hai="12,16,20,82,85,90,124,125,133,134,135" m="13929" machi="20" ten="40,2600,0" yaku="20,1,54,1" doraHai="103" who="1" fromWho="0" sc="250,-26,289,26,273,0,188,0" /><INIT seed="4,0,0,2,1,92" ten="224,315,273,188" oya="0" hai0="88,132,1,55,115,63,73,15,24,40,6,81,80" hai1="9,7,131,30,129,85,125,89,51,37,104,54,64" hai2="4,95,32,123,52,65,106,66,101,86,90,36,130" hai3="10,62,46,83,69,93,68,53,112,20,49,122,43"/><T31/><D1/><U103/><E37/><V113/><F36/><W105/><G105/><T16/><D6/><U114/><E64/><V67/><F32/><W94/><G122/><T99/><D40/><U124/><E30/><V50/><F123/><W75/><G112/><T27/><D73/><U48/><E114/><V34/><F34/><W59/><G10/><N who="0" m="6263" /><D132/><U74/><E74/><V108/><F113/><W133/><G133/><T70/><D70/><U97/><E85/><V42/><F42/><W79/><G20/><N who="0" m="15751" /><D27/><U56/><E89/><V0/><F108/><W72/><G72/><T33/><D33/><U84/><E84/><V107/><F0/><W102/><REACH who="3" step="1"/><G93/><REACH who="3" ten="224,315,273,178" step="2"/><N who="0" m="56743" /><D115/><U78/><E9/><V128/><F107/><W134/><G134/><T111/><D111/><U35/><E35/><V98/><REACH who="2" step="1"/><F4/><REACH who="2" ten="224,315,263,178" step="2"/><W76/><G76/><T38/><D38/><U109/><E78/><V23/><F23/><W58/><G58/><AGARI ba="0,2" hai="55,58,63,80,81" m="56743,15751,6263" machi="58" ten="30,11600,0" yaku="8,1,52,1,54,2" doraHai="92" who="0" fromWho="3" sc="224,136,315,0,263,0,178,-116" /><AGARI ba="0,0" hai="50,52,58,65,66,67,86,90,95,98,101,106,128,130" machi="58" ten="40,5200,0" yaku="1,1,52,1,54,1,53,0" doraHai="92" doraHaiUra="135" who="2" fromWho="3" sc="360,0,315,0,263,52,62,-52" /><INIT seed="4,1,0,1,0,126" ten="360,315,315,10" oya="0" hai0="75,91,2,46,129,47,103,130,81,116,93,45,37" hai1="44,100,80,59,27,38,107,133,99,50,32,70,101" hai2="63,110,60,40,56,11,5,55,26,62,64,34,21" hai3="82,30,54,98,112,135,102,134,10,73,51,96,0"/><T106/><D116/><U79/><E133/><N who="3" m="50698" /><G30/><T94/><D2/><U87/><E101/><V117/><F34/><W35/><G35/><T57/><D37/><U132/><E132/><V122/><F117/><W25/><G25/><T16/><D106/><U125/><E125/><V92/><F110/><W120/><G120/><T69/><D69/><U12/><E70/><V88/><F122/><W8/><G8/><T111/><D111/><U58/><E38/><V115/><F40/><W74/><G112/><T104/><D104/><U67/><E67/><V68/><F115/><W13/><G0/><T29/><D29/><U24/><E12/><V109/><F109/><W124/><G124/><T9/><D103/><U28/><REACH who="1" step="1"/><E24/><REACH who="1" ten="360,305,315,10" step="2"/><V118/><F68/><W15/><G15/><N who="0" m="7279" /><D75/><N who="3" m="28681" /><G102/><T61/><D129/><U119/><E119/><V41/><F64/><W114/><G114/><T49/><D130/><U4/><E4/><V53/><F118/><W123/><G123/><T6/><D6/><U90/><E90/><V105/><F5/><N who="3" m="3279" /><G82/><T31/><D81/><U52/><AGARI ba="1,1" hai="27,28,32,44,50,52,58,59,79,80,87,99,100,107" machi="52" ten="20,8000,1" yaku="1,1,0,1,7,1,54,1,53,1" doraHai="126" doraHaiUra="72" who="1" fromWho="1" sc="360,-41,305,93,315,-21,10,-21" owari="319,12.0,398,50.0,294,-11.0,-11,-51.0" /></mjloggm>