<mjloggm ver="2.3"><GO type="41"/><UN n0="%EF%BC%88%E2%89%A7%E2%96%BD%E2%89%A6%EF%BC%89" n1="%E9%9B%BB%E6%B0%97%E7%8A%AC%28%27%CF%89%27%29" n2="%52%79%6F%39%38%37%34" n3="%E3%82%B8%E3%83%A5%E3%83%A9%E3%82%A4" dan="15,15,15,14" rate="2003,1955,1997,1914" sx="M,M,M,M"/><TAIKYOKU oya="0"/><INIT seed="0,0,0,3,3,134" ten="250,250,250,250" oya="0" hai0="57,118,105,2,112,89,129,68,5,30,70,44,50" hai1="91,54,15,95,16,74,48,131,13,14,61,66,117" hai2="47,31,111,17,78,87,114,88,125,27,53,35,86" hai3="12,23,52,58,93,69,0,71,8,67,1,107,113"/><T97/><D118/><U75/><E117/><V65/><F114/><W26/><G107/><T84/><D112/><U11/><E131/><V64/><F111/><W76/><G113/><T77/><D129/><U46/><E75/><V3/><F3/><W94/><G76/><T121/><D121/><U109/><E74/><V132/><F132/><W85/><G1/><T63/><D77/><U119/><E109/><V56/><F47/><W10/><G0/><T98/><D30/><U38/><E38/><V96/><F125/><W22/><G67/><T126/><D126/><U82/><E82/><V32/><F32/><W130/><G130/><T124/><D124/><U110/><E110/><V51/><F17/><N who="3" m="10535" /><G69/><T116/><D116/><U21/><E21/><V73/><F73/><W33/><G33/><T100/><D98/><U29/><E29/><V106/><F78/><W90/><G71/><T24/><D24/><U55/><E55/><V7/><F7/><W25/><G94/><T28/><D28/><U40/><E119/><V9/><F9/><N who="3" m="3691" /><G23/><T34/><D34/><U79/><E79/><V62/><F106/><W102/><G102/><T99/><D2/><U101/><E101/><V42/><F65/><W92/><G93/><N who="0" m="54439" /><D5/><U49/><E66/><V128/><F128/><W81/><G92/><T83/><D83/><U72/><E72/><V41/><F96/><W59/><G58/><T104/><D99/><N who="1" m="57855" /><E61/><AGARI ba="0,0" hai="25,26,52,59,61,81,85,90" m="3691,10535" machi="61" ten="30,2000,0" yaku="8,1,54,1" doraHai="134" who="3" fromWho="1" sc="250,0,250,-20,250,0,250,20" /><INIT seed="1,0,0,3,5,118" ten="250,230,250,270" oya="1" hai0="34,74,30,7,42,21,44,77,9,123,58,110,80" hai1="127,45,108,5,103,64,54,114,91,59,1,23,94" hai2="104,117,116,76,92,72,12,131,71,48,8,35,49" hai3="66,107,26,78,83,47,4,3,73,6,129,65,56"/><U122/><E122/><V13/><F104/><W132/><G107/><T134/><D110/><U111/><E114/><V67/><F35/><W130/><G132/><T105/><D134/><U27/><E127/><V36/><F36/><W93/><G26/><N who="0" m="18775" /><D21/><U40/><E64/><V95/><F131/><N who="3" m="50187" /><G93/><T25/><D58/><U109/><E1/><V2/><F2/><W85/><G47/><T115/><D25/><U124/><E124/><V10/><F67/><N who="3" m="25611" /><G73/><T55/><D115/><U88/><E5/><N who="3" m="2154" /><G3/><N who="0" m="255" /><D55/><U81/><E81/><V125/><F125/><W120/><G56/><T41/><D41/><U100/><E91/><V50/><F72/><W31/><G31/><T63/><D63/><N who="1" m="36343" /><E40/><V14/><F76/><W119/><G119/><N who="2" m="45641" /><F71/><W43/><G43/><T99/><D99/><N who="1" m="57799" /><E45/><V15/><N who="2" m="3584" /><DORA hai="69" /><V75/><F75/><W38/><G38/><N who="0" m="21591" /><D105/><U52/><E52/><V70/><F70/><W133/><G133/><T135/><D135/><U86/><E86/><V53/><F53/><W22/><G22/><T126/><D126/><U121/><E103/><V18/><F8/><W24/><G24/><T32/><D32/><U101/><E101/><V19/><F10/><W128/><G128/><T0/><D0/><U82/><E100/><V84/><F84/><W97/><G97/><T51/><D51/><N who="2" m="13058" /><V16/><AGARI ba="0,0" hai="16,18,19,92,95" m="13058,3584,45641" machi="16" ten="60,8000,1" yaku="4,1,28,2,54,1" doraHai="118,69" who="2" fromWho="2" sc="250,-20,230,-40,250,80,270,-20" /><INIT seed="2,0,0,5,2,3" ten="230,190,330,250" oya="2" hai0="62,70,10,96,77,131,17,76,86,129,71,53,95" hai1="122,92,63,4,28,50,64,74,69,15,116,110,134" hai2="85,20,48,32,51,101,73,90,24,11,9,91,98" hai3="55,61,67,125,109,123,46,47,102,79,39,128,16"/><V33/><F73/><W99/><G123/><T41/><D41/><U30/><E74/><V35/><F91/><W115/><G109/><T7/><D17/><U34/><E116/><V72/><F72/><W65/><G128/><N who="0" m="49227" /><D53/><U106/><E106/><V100/><F100/><W14/><G125/><T42/><D42/><U112/><E112/><V18/><F51/><W26/><G26/><T97/><D62/><U27/><E110/><V132/><F132/><W31/><G31/><T107/><D107/><U82/><E82/><V22/><F22/><W103/><G115/><T113/><D113/><U19/><E134/><V126/><F126/><W81/><G39/><T38/><D38/><U60/><E60/><V45/><F101/><W25/><G25/><T68/><D86/><U130/><E130/><V49/><F98/><N who="0" m="37994" /><D95/><U111/><E111/><V75/><F49/><W8/><G103/><T5/><D10/><U54/><E122/><V78/><F48/><W135/><G135/><T108/><D108/><U118/><E118/><V36/><F45/><W23/><G55/><T93/><D93/><U37/><E37/><V119/><F36/><W2/><G2/><T57/><D57/><U104/><E104/><V87/><F75/><W43/><G8/><T105/><D105/><U83/><E92/><N who="2" m="54351" /><F119/><W80/><G43/><T40/><D40/><U114/><E114/><V89/><F11/><W117/><G117/><T52/><D52/><U13/><E54/><V29/><F9/><W58/><G67/><T21/><D21/><U66/><E66/><V84/><F20/><W6/><G23/><RYUUKYOKU ba="0,0" sc="230,30,190,-10,330,-10,250,-10" hai0="5,7,68,70,71,76,77" /><INIT seed="3,1,0,3,5,12" ten="260,180,320,240" oya="3" hai0="30,119,18,29,130,105,37,2,20,31,35,113,98" hai1="72,91,121,34,10,76,45,107,122,43,85,75,110" hai2="82,92,54,4,38,11,14,131,6,16,32,79,60" hai3="118,128,8,96,80,64,23,56,73,99,7,109,74"/><W127/><G118/><T5/><D37/><U104/><E110/><V24/><F38/><W129/><G127/><T94/><D105/><U59/><E34/><V93/><F131/><N who="3" m="50251" /><G23/><T78/><D119/><U111/><E111/><V61/><F32/><W46/><G109/><T36/><D36/><U135/><E135/><V51/><F24/><W103/><G46/><T108/><D108/><U58/><E10/><V3/><F3/><N who="3" m="127" /><G99/><T41/><D35/><U71/><E71/><V28/><F28/><W47/><G47/><T44/><D113/><U125/><E125/><V48/><F48/><W116/><G116/><T101/><D130/><U57/><E45/><N who="2" m="28015" /><F6/><W62/><G80/><T81/><D5/><U50/><E50/><V53/><F4/><W33/><G33/><T120/><D2/><U17/><E43/><V123/><F82/><W1/><G1/><T84/><D120/><U68/><E107/><AGARI ba="1,0" hai="56,62,64,73,74,96,103,107" m="127,50251" machi="107" ten="30,1500,0" yaku="19,1" doraHai="12" who="3" fromWho="1" sc="260,0,180,-18,320,0,240,18" /><INIT seed="3,2,0,1,0,34" ten="260,162,320,258" oya="3" hai0="83,16,85,59,53,29,54,135,30,14,26,69,98" hai1="123,96,49,68,70,40,118,122,52,84,103,74,46" hai2="107,22,133,81,36,76,23,121,1,101,41,6,47" hai3="71,13,24,126,125,108,115,106,19,45,114,75,27"/><W11/><G71/><T32/><D69/><U7/><E118/><V0/><F133/><W89/><G106/><T63/><D135/><U51/><E74/><N who="2" m="43159" /><F23/><W102/><G102/><T110/><D110/><U130/><E130/><V64/><F22/><W109/><G75/><T97/><D53/><U55/><E7/><V124/><F64/><W99/><G45/><T2/><D2/><N who="2" m="1130" /><F6/><W105/><G105/><T43/><D43/><U94/><E84/><V134/><F134/><W72/><G72/><T50/><D30/><U44/><E40/><V42/><F42/><W112/><G99/><T57/><D57/><U61/><REACH who="1" step="1"/><E70/><REACH who="1" ten="260,152,320,258" step="2"/><V73/><F121/><W100/><G100/><T15/><D98/><U10/><E10/><V8/><F73/><W66/><G89/><T38/><D97/><U91/><E91/><V9/><F8/><W33/><G66/><AGARI ba="2,1" hai="44,46,49,51,52,55,61,66,68,94,96,103,122,123" machi="66" ten="40,5200,0" yaku="1,1,9,1,54,1,53,0" doraHai="34" doraHaiUra="80" who="1" fromWho="3" sc="260,0,152,68,320,0,258,-58" /><INIT seed="4,0,0,5,0,15" ten="260,220,320,200" oya="0" hai0="113,5,130,11,69,24,92,81,0,80,121,98,134" hai1="53,126,54,55,63,6,96,1,44,33,60,117,27" hai2="109,68,62,17,52,93,120,21,39,8,30,114,104" hai3="124,89,118,125,18,4,67,135,91,36,107,112,75"/><T101/><D121/><U28/><E117/><V45/><F120/><W2/><G118/><T25/><D134/><U38/><E126/><N who="3" m="48746" /><G36/><T65/><D130/><U66/><E66/><V122/><F122/><W34/><G34/><T32/><D113/><U83/><E83/><V9/><F109/><W31/><G31/><T51/><D51/><U46/><E96/><V123/><F123/><W42/><G42/><T76/><D32/><U110/><E110/><V26/><F114/><W88/><G112/><T127/><D127/><U10/><REACH who="1" step="1"/><E38/><REACH who="1" ten="260,210,320,200" step="2"/><V103/><F39/><W61/><G135/><T132/><D132/><U77/><E77/><V40/><F104/><W111/><G111/><T119/><D119/><U70/><E70/><V16/><F68/><N who="3" m="42095" /><G107/><T71/><D71/><U22/><E22/><V131/><F131/><W43/><G75/><T74/><D80/><U12/><E12/><V97/><F9/><N who="3" m="2199" /><G43/><T115/><D115/><U7/><E7/><V85/><F8/><W48/><G48/><T3/><D3/><U29/><E29/><V37/><REACH who="2" step="1"/><F85/><REACH who="2" ten="260,210,310,200" step="2"/><W94/><G94/><T84/><D84/><U99/><E99/><V47/><F47/><AGARI ba="0,2" hai="1,6,10,27,28,33,44,46,47,53,54,55,60,63" machi="47" ten="40,1300,0" yaku="1,1,53,0" doraHai="15" doraHaiUra="19" who="1" fromWho="2" sc="260,0,210,33,310,-13,200,0" /><INIT seed="5,0,0,0,0,97" ten="260,243,297,200" oya="1" hai0="100,104,131,107,63,2,103,21,3,46,70,123,31" hai1="69,91,106,9,43,102,89,55,53,73,16,83,1" hai2="94,41,82,125,99,61,35,4,109,23,92,66,128" hai3="52,81,108,44,19,135,14,12,127,29,85,98,76"/><U38/><E69/><V15/><F35/><W27/><G108/><T10/><D70/><U40/><E1/><V49/><F109/><W65/><G135/><T6/><D2/><U75/><E38/><V62/><F128/><W68/><G127/><T48/><D131/><U74/><E106/><V11/><F125/><W54/><G65/><T51/><D123/><U28/><E28/><V124/><F124/><W20/><G68/><T132/><D132/><U47/><E47/><V34/><F34/><W18/><G98/><T30/><D63/><U133/><E133/><V58/><F92/><W71/><G71/><T25/><D31/><U50/><E102/><N who="0" m="38953" /><D107/><U79/><E55/><V105/><F105/><W42/><G19/><T36/><D104/><U101/><E101/><N who="2" m="60663" /><F62/><W37/><REACH who="3" step="1"/><G14/><REACH who="3" ten="260,243,297,190" step="2"/><N who="0" m="5463" /><D36/><U119/><E16/><V112/><F66/><W7/><G7/><T39/><D39/><U86/><E119/><V67/><F67/><W59/><G59/><T45/><D3/><U120/><E120/><V32/><F58/><W95/><G95/><T117/><D117/><U5/><E5/><V80/><F4/><W115/><G115/><T26/><D25/><U93/><E93/><V24/><F24/><W17/><G17/><T64/><D64/><U121/><E121/><V90/><F112/><W116/><G116/><T33/><D33/><AGARI ba="0,1" hai="12,18,20,27,29,33,37,42,44,52,54,76,81,85" machi="33" ten="30,3900,0" yaku="1,1,7,1,54,1,53,0" doraHai="97" doraHaiUra="134" who="3" fromWho="0" sc="260,-39,243,0,297,0,190,49" /><INIT seed="6,0,0,0,3,17" ten="221,243,297,239" oya="2" hai0="79,76,67,106,89,123,75,21,52,8,71,43,35" hai1="111,7,11,46,37,53,26,50,94,31,41,85,74" hai2="5,133,98,91,108,32,54,122,119,93,88,59,13" hai3="95,27,102,90,107,40,51,25,19,104,112,56,131"/><V118/><F122/><W0/><G0/><T117/><D35/><U34/><E111/><V128/><F32/><W48/><G112/><T44/><D123/><U72/><E85/><V113/><F113/><W101/><G131/><T77/><D117/><U115/><E115/><V130/><F108/><W126/><G126/><T2/><D106/><U125/><E94/><V39/><F39/><W57/><G95/><T68/><D75/><U92/><E92/><V66/><F66/><W1/><G1/><T6/><D89/><U29/><E29/><V69/><F69/><W103/><G90/><T47/><D67/><U30/><E30/><V38/><F38/><W18/><G103/><T86/><D86/><U55/><E125/><V82/><F133/><W81/><G40/><T49/><REACH who="0" step="1"/><D21/><REACH who="0" ten="211,243,297,239" step="2"/><U127/><E127/><V80/><F119/><W116/><G116/><T45/><D45/><U124/><E124/><V16/><F118/><W135/><G135/><T120/><D120/><U84/><E84/><V4/><F91/><W134/><G134/><T100/><D100/><U61/><E34/><V87/><F130/><W96/><G96/><T114/><D114/><U14/><E74/><V23/><F128/><W73/><G73/><T20/><D20/><U99/><E99/><V63/><F87/><W28/><G81/><AGARI ba="0,1" hai="4,5,13,16,23,54,59,63,80,81,82,88,93,98" machi="81" ten="40,12000,1" yaku="8,1,52,1,54,2" doraHai="17" who="2" fromWho="3" sc="211,0,243,0,297,130,239,-120" /><INIT seed="6,1,0,3,2,88" ten="211,243,427,119" oya="2" hai0="20,54,48,5,91,123,94,8,82,118,61,126,108" hai1="74,129,27,21,81,114,99,4,75,34,120,35,45" hai2="69,25,92,63,106,43,109,100,134,67,131,14,9" hai3="110,90,46,132,78,51,80,133,103,135,6,112,102"/><V18/><F106/><W64/><G64/><T79/><D123/><U22/><E114/><V53/><F43/><W105/><G6/><T56/><D108/><U66/><E66/><V1/><F109/><W52/><G112/><T60/><D126/><U3/><E129/><V40/><F40/><W33/><G110/><T36/><D36/><U119/><E119/><V115/><F115/><W59/><G33/><T19/><D118/><U87/><E4/><V10/><F131/><W113/><G113/><T98/><D8/><U111/><E3/><V44/><F134/><W107/><G90/><T97/><D97/><U101/><E35/><V86/><F25/><W73/><REACH who="3" step="1"/><G46/><REACH who="3" ten="211,243,427,109" step="2"/><T49/><D5/><U72/><E45/><V89/><F100/><AGARI ba="1,1" hai="51,52,59,73,78,80,100,102,103,105,107,132,133,135" machi="100" ten="40,8000,1" yaku="1,1,2,1,20,1,54,1,53,0" doraHai="88" doraHaiUra="58" who="3" fromWho="2" sc="211,0,243,0,427,-83,109,93" /><INIT seed="7,0,0,0,4,16" ten="211,243,344,202" oya="3" hai0="52,0,91,41,118,124,27,31,49,122,61,66,2" hai1="5,1,106,116,80,22,120,96,72,30,68,82,79" hai2="43,7,37,21,97,93,62,101,114,10,128,94,89" hai3="90,104,84,54,133,55,12,86,127,51,110,58,109"/><W14/><G104/><T105/><D122/><U9/><E68/><V47/><F128/><W102/><G102/><T92/><D118/><U44/><E120/><V81/><F81/><W36/><G36/><T38/><D105/><U99/><E116/><V131/><F131/><W35/><G35/><T40/><D124/><U98/><E44/><V119/><F119/><W112/><G127/><T132/><D132/><U29/><E82/><V20/><F62/><W24/><G24/><T50/><D38/><U56/><E56/><V134/><F134/><W83/><G133/><T88/><D0/><U130/><E130/><V46/><F46/><W76/><G112/><T77/><D2/><U103/><E30/><V95/><F114/><W11/><G11/><T3/><D3/><U135/><E135/><V42/><F42/><W32/><G32/><T39/><D40/><U4/><E5/><V113/><F113/><W111/><REACH who="3" step="1"/><G54/><REACH who="3" ten="211,243,344,192" step="2"/><T57/><D39/><U75/><E103/><V73/><F101/><W123/><G123/><T117/><D117/><U34/><E34/><V108/><F10/><W60/><G60/><T6/><D61/><U28/><E106/><V67/><F37/><W121/><G121/><T74/><D52/><U87/><E9/><V59/><F43/><W63/><G63/><T71/><D41/><U18/><E1/><V19/><F67/><W85/><G85/><T78/><D66/><U70/><E87/><V100/><F100/><W13/><G13/><T8/><D27/><U53/><E53/><V45/><F73/><W23/><G23/><T65/><D74/><RYUUKYOKU ba="0,1" sc="211,-10,243,-10,344,-10,192,30" hai3="12,14,51,55,58,76,83,84,86,90,109,110,111" /><INIT seed="7,1,1,4,1,102" ten="201,233,334,222" oya="3" hai0="79,40,61,119,1,52,41,8,14,84,15,93,42" hai1="3,124,128,23,106,44,60,47,33,69,53,48,103" hai2="21,131,81,5,67,30,29,71,105,58,94,97,46" hai3="32,89,27,20,107,51,70,43,9,114,10,109,4"/><W22/><G70/><T45/><D119/><U31/><E33/><V87/><F71/><W7/><G114/><T72/><D72/><U117/><E3/><V24/><F105/><W133/><G107/><T77/><D1/><U74/><E74/><V86/><F30/><W49/><G133/><T115/><D115/><U73/><E73/><V132/><F132/><W122/><G122/><T36/><D36/><U118/><E103/><N who="2" m="60855" /><F131/><W19/><G109/><T13/><D8/><U80/><E106/><V90/><F5/><N who="3" m="2123" /><G32/><T108/><D108/><U28/><E80/><V99/><F46/><N who="3" m="25823" /><G51/><N who="0" m="28783" /><D61/><U26/><E128/><V68/><F68/><W78/><G78/><T123/><D123/><U113/><E69/><V62/><F81/><W54/><G54/><T120/><D120/><U82/><E53/><V63/><F63/><W91/><G22/><T11/><D11/><AGARI ba="1,1" hai="9,10,11,19,20,27,89,91" m="25823,2123" machi="11" ten="30,1500,0" yaku="8,1" doraHai="102" who="3" fromWho="0" sc="201,-18,233,0,334,0,222,28" /><INIT seed="7,2,0,0,1,101" ten="183,233,334,250" oya="3" hai0="102,66,57,115,52,77,89,76,105,26,117,59,35" hai1="10,70,30,87,99,56,97,64,84,118,5,28,49" hai2="21,38,80,121,47,78,74,127,23,7,24,14,122" hai3="106,2,91,37,6,41,60,83,116,9,62,40,0"/><W95/><G116/><T55/><D117/><U107/><E118/><V68/><F68/><W22/><G2/><T12/><D115/><U129/><E129/><V48/><F38/><W81/><G40/><T112/><D112/><U124/><E124/><V133/><F127/><W53/><G22/><T92/><D66/><U31/><E70/><V1/><F1/><W108/><G108/><T120/><D120/><N who="2" m="46186" /><F133/><W65/><G53/><T15/><D35/><U17/><E107/><V45/><F7/><W134/><G134/><T135/><D135/><U4/><E17/><N who="2" m="10423" /><F48/><W32/><G32/><T36/><D36/><U73/><E73/><V18/><AGARI ba="2,0" hai="18,23,24,45,47,74,78,80" m="10423,46186" machi="18" ten="30,1100,0" yaku="13,1" doraHai="101" who="2" fromWho="2" sc="183,-5,233,-5,334,17,250,-7" owari="178,-32.0,228,-17.0,351,45.0,243,4.0" /></mjloggm>