<mjloggm ver="2.3"><GO type="169"/><UN n0="%EF%BC%88%E2%89%A7%E2%96%BD%E2%89%A6%EF%BC%89" n1="%E5%9C%B0%E7%8D%84%E3%83%A2%E3%83%BC%E3%83%89%E4%B8%AD" n2="%E9%9C%A7%E3%81%AE%E6%B5%AE%E8%88%9F" n3="%E5%94%AF%E4%B8%98%E6%A9%98%E8%91%89" dan="18,16,18,16" rate="2190,2073,2197,2119" sx="M,F,M,F"/><TAIKYOKU oya="0"/><INIT seed="0,0,0,0,5,32" ten="250,250,250,250" oya="0" hai0="7,111,85,90,58,76,64,4,53,120,121,49,34" hai1="18,105,65,16,125,23,40,28,10,81,46,59,97" hai2="43,24,86,61,133,2,104,99,48,83,92,102,54" hai3="118,112,47,80,9,22,29,26,88,135,39,55,117"/><T33/><D76/><U12/><E125/><V51/><F133/><W103/><G112/><T87/><D111/><U115/><E115/><V17/><F104/><W52/><G135/><T113/><D113/><U41/><E28/><V93/><F93/><W131/><G131/><T36/><D36/><U6/><E18/><V73/><F73/><W13/><G103/><T60/><D34/><U127/><E127/><V82/><F2/><W50/><G55/><T31/><D120/><U134/><E134/><V123/><F123/><W128/><G39/><T132/><D132/><U89/><E105/><V126/><F126/><W101/><G101/><T70/><D121/><U57/><E65/><V98/><F98/><W11/><G11/><T100/><D100/><U130/><E130/><V15/><F24/><W63/><G63/><T3/><D3/><U109/><E109/><V108/><F108/><W78/><G78/><T107/><D107/><U19/><E19/><V35/><F35/><W14/><G14/><T5/><REACH who="0" step="1"/><D90/><REACH who="0" ten="240,250,250,250" step="2"/><U96/><E89/><V56/><F102/><W122/><G122/><T20/><D20/><U21/><E21/><V25/><F82/><W42/><G128/><T129/><D129/><U119/><E81/><V8/><F83/><W27/><G80/><T71/><D71/><U114/><E114/><V45/><F92/><W94/><G94/><T44/><D44/><U106/><E106/><V30/><F45/><W72/><G47/><T37/><D37/><U38/><E46/><V68/><F68/><W0/><G22/><T62/><D62/><U110/><E38/><RYUUKYOKU ba="0,1" sc="240,30,250,-10,250,-10,250,-10" hai0="4,5,7,31,33,49,53,58,60,64,70,85,87" /><INIT seed="0,1,1,1,1,81" ten="270,240,240,240" oya="0" hai0="110,41,1,102,129,23,4,108,74,56,34,76,60" hai1="42,26,105,101,27,96,86,68,2,49,122,119,90" hai2="80,57,20,18,82,17,125,37,66,135,64,3,73" hai3="130,120,131,78,36,128,6,91,35,45,92,103,31"/><T53/><D34/><U132/><E119/><V97/><F3/><W63/><G120/><T116/><D116/><U25/><E122/><V112/><F112/><W58/><G6/><T11/><D129/><U14/><E2/><V133/><F37/><W44/><G103/><T127/><D127/><U54/><E68/><V87/><F125/><W89/><G78/><T111/><D102/><U9/><E42/><V107/><F73/><W67/><G36/><T38/><D23/><U79/><E79/><V70/><F70/><W0/><G0/><T115/><D115/><U123/><E123/><V12/><F80/><W29/><G91/><T24/><D24/><U118/><E118/><V50/><F18/><W40/><G40/><T51/><D38/><U94/><E132/><N who="2" m="50763" /><F97/><N who="3" m="57487" /><G35/><T106/><D106/><U5/><REACH who="1" step="1"/><E27/><REACH who="1" ten="270,230,240,240" step="2"/><V48/><F107/><W39/><G39/><T62/><D41/><U114/><E114/><V75/><F75/><W93/><G131/><T71/><D71/><U69/><E69/><V113/><F113/><W15/><G130/><T13/><D1/><U21/><E21/><V47/><F20/><W22/><G128/><T124/><D124/><U16/><E16/><V117/><F17/><W10/><G22/><T126/><D126/><U104/><E104/><V98/><F117/><W46/><G31/><T52/><D76/><U61/><E61/><N who="0" m="23657" /><D74/><U77/><E77/><V134/><F134/><W99/><G29/><T88/><D53/><U109/><E109/><V7/><F64/><W85/><G63/><T55/><D55/><U43/><E43/><V33/><F66/><RYUUKYOKU ba="1,2" sc="270,15,230,15,240,-15,240,-15" hai0="4,11,13,51,52,56,88,108,110,111" hai1="5,9,14,25,26,49,54,86,90,94,96,101,105" /><INIT seed="0,2,2,2,1,118" ten="285,245,225,225" oya="0" hai0="121,37,68,79,85,7,128,84,74,30,43,24,12" hai1="92,112,114,117,40,109,51,22,5,3,36,28,57" hai2="58,61,119,98,14,89,64,93,18,46,62,60,123" hai3="73,23,100,126,125,38,42,0,69,47,71,81,17"/><T90/><D68/><U8/><E117/><V25/><F119/><W53/><G0/><T120/><D74/><U88/><E109/><V133/><F133/><W11/><G11/><T1/><D1/><U80/><E80/><V4/><F123/><W56/><G100/><T2/><D2/><U72/><E72/><V127/><F127/><N who="3" m="48651" /><G81/><T15/><D79/><U96/><E36/><V130/><F130/><W122/><G73/><T106/><D106/><U124/><E124/><V9/><F46/><W111/><G111/><T110/><D110/><U83/><E83/><V76/><F76/><W116/><G116/><T65/><D128/><U39/><E39/><V82/><F82/><W66/><G66/><T26/><D65/><U78/><E78/><V86/><F86/><W29/><G29/><T44/><D7/><U67/><E40/><V41/><F41/><W134/><G134/><T135/><D135/><U131/><E131/><V19/><F19/><W94/><G94/><N who="0" m="54599" /><D85/><U132/><E132/><V10/><REACH who="2" step="1"/><F25/><REACH who="2" ten="285,245,215,225" step="2"/><N who="3" m="14575" /><G122/><T129/><D129/><U101/><E28/><V115/><F115/><W104/><G104/><T113/><D113/><U35/><E112/><V27/><F27/><N who="0" m="10282" /><D30/><U6/><E114/><V70/><F70/><W49/><AGARI ba="2,3" hai="38,42,47,49,53,56,69,71" m="14575,48651" machi="49" ten="30,1100,0" yaku="18,1" doraHai="118" who="3" fromWho="3" sc="285,-7,245,-5,215,-5,225,47" /><INIT seed="1,0,0,1,3,54" ten="278,240,210,272" oya="1" hai0="126,94,11,67,22,64,114,61,88,15,57,121,35" hai1="86,129,12,122,128,3,23,131,72,53,60,130,103" hai2="6,32,104,110,26,44,111,29,13,9,46,75,119" hai3="71,10,20,124,30,85,45,4,2,133,41,95,84"/><U38/><E122/><V62/><F119/><W17/><G71/><T31/><D114/><U16/><E3/><V120/><F120/><W51/><G133/><T27/><D121/><U117/><E117/><V68/><F104/><W33/><G124/><T25/><D126/><U5/><E72/><V123/><F75/><W1/><G1/><T82/><D82/><U21/><E5/><V50/><F123/><W105/><G95/><T118/><D118/><U127/><E127/><V96/><F96/><W63/><G105/><T74/><D74/><U116/><E116/><V69/><F46/><W93/><G93/><T89/><D67/><U80/><E38/><V47/><F44/><W65/><G63/><T87/><D89/><U56/><N who="1" m="33280" /><DORA hai="24" /><U115/><E103/><V132/><F132/><W107/><G65/><T58/><D58/><U48/><E115/><V66/><REACH who="2" step="1"/><F69/><REACH who="2" ten="278,240,200,272" step="2"/><W18/><G107/><T98/><D98/><U55/><E55/><AGARI ba="0,1" hai="6,9,13,26,29,32,47,50,55,62,66,68,110,111" machi="55" ten="40,8000,1" yaku="1,1,2,1,52,1,53,1" doraHai="54,24" doraHaiUra="109,7" who="2" fromWho="1" sc="278,0,240,-80,200,90,272,0" /><INIT seed="2,0,0,1,1,16" ten="278,160,290,272" oya="2" hai0="76,44,127,75,0,71,88,4,51,114,123,63,45" hai1="67,31,113,105,104,24,62,65,61,57,73,133,58" hai2="100,18,9,131,99,35,14,59,42,38,64,30,125" hai3="52,70,2,13,23,122,21,130,91,40,84,33,50"/><V134/><F134/><W97/><G2/><T77/><D123/><U82/><E133/><V28/><F131/><W6/><G33/><T34/><D34/><U116/><E113/><V129/><F129/><W54/><G70/><T85/><D114/><U32/><E116/><V37/><F125/><W81/><G122/><T87/><D75/><U53/><E73/><V3/><F3/><W103/><G130/><T106/><D106/><U83/><E105/><V96/><F96/><W25/><G40/><T49/><D127/><U43/><E104/><V90/><F90/><W8/><G25/><T120/><D71/><U27/><E43/><V108/><F108/><W111/><G111/><T26/><D63/><U74/><E74/><V20/><F35/><W66/><G66/><T22/><D4/><U15/><E27/><V10/><F42/><W102/><G54/><N who="0" m="29991" /><D87/><U109/><E109/><V80/><F80/><W72/><G72/><T126/><D0/><U86/><E86/><V115/><F115/><W132/><G132/><T119/><D119/><U48/><REACH who="1" step="1"/><E15/><REACH who="1" ten="278,150,290,272" step="2"/><V118/><F118/><W101/><G97/><T29/><D126/><U124/><E124/><V95/><F38/><W60/><G60/><T117/><D117/><U41/><E41/><V11/><F37/><W46/><AGARI ba="0,1" hai="6,8,13,21,23,46,50,52,81,84,91,101,102,103" machi="46" ten="30,8000,1" yaku="0,1,8,1,52,2,54,1" doraHai="16" who="3" fromWho="3" sc="278,-20,150,-20,290,-40,272,90" /><INIT seed="3,0,0,4,0,109" ten="258,130,250,362" oya="3" hai0="35,20,126,32,75,40,46,13,110,93,30,87,45" hai1="28,4,18,70,73,89,23,130,114,65,29,119,78" hai2="26,84,104,121,67,68,3,128,94,34,19,42,115" hai3="76,106,12,48,92,118,27,60,96,9,31,100,122"/><W95/><G122/><T83/><D110/><U15/><E119/><V55/><F104/><W25/><G118/><T58/><D126/><U39/><E39/><V37/><F3/><W51/><G76/><T57/><D75/><U64/><E130/><V41/><F121/><W1/><G1/><T49/><D32/><U85/><E114/><V43/><F37/><W22/><G106/><T91/><D35/><U103/><E103/><V117/><F117/><W77/><G77/><N who="0" m="46575" /><D46/><U88/><E4/><V134/><F134/><W98/><G27/><N who="0" m="16743" /><D13/><U113/><E113/><V66/><F128/><W21/><G21/><T132/><D132/><U127/><E127/><V54/><F115/><W120/><G60/><T16/><D16/><U82/><E89/><V86/><F68/><W102/><G120/><T61/><D61/><U2/><E2/><V97/><F34/><W14/><G14/><T105/><D105/><U112/><E112/><V33/><F33/><W108/><G108/><T133/><D133/><U6/><E6/><AGARI ba="0,0" hai="6,9,12,22,25,31,48,51,92,95,96,98,100,102" machi="6" ten="30,5800,0" yaku="7,1,9,1,8,1" doraHai="109" who="3" fromWho="1" sc="258,0,130,-58,250,0,362,58" /><INIT seed="3,1,0,1,2,90" ten="258,72,250,420" oya="3" hai0="129,78,115,60,17,106,97,119,89,44,29,130,28" hai1="82,104,15,74,105,3,10,47,116,123,80,54,19" hai2="37,125,131,77,81,117,33,93,113,86,20,41,100" hai3="5,85,8,107,38,32,70,95,83,75,61,12,103"/><W16/><G32/><T13/><D78/><U36/><E123/><V34/><F113/><W59/><G38/><T63/><D44/><U4/><E116/><V48/><F117/><W126/><G70/><T133/><D133/><U84/><E74/><V72/><F37/><W55/><G107/><T25/><D29/><U14/><E3/><V18/><F131/><W68/><G68/><T45/><D45/><U35/><E35/><V11/><F125/><W114/><G126/><T23/><D115/><U73/><E73/><V43/><F11/><W120/><G75/><T22/><D119/><U24/><E24/><V135/><F135/><W53/><G120/><T26/><D13/><U121/><E82/><V58/><F34/><W94/><G103/><N who="0" m="62831" /><D89/><U134/><E121/><V132/><F33/><W0/><G114/><T42/><D42/><U39/><E39/><V49/><F132/><W66/><G66/><T50/><D50/><N who="2" m="19562" /><F58/><N who="3" m="35023" /><G5/><T110/><D130/><U98/><E134/><V128/><F72/><W21/><G8/><T127/><D129/><U30/><E30/><V56/><F56/><W7/><G7/><T27/><D127/><U71/><E71/><V64/><F64/><W101/><G101/><T76/><D28/><U46/><E36/><V2/><F2/><W31/><G31/><T87/><D63/><U118/><E118/><V112/><F112/><W79/><G0/><T69/><D60/><AGARI ba="1,0" hai="12,16,21,55,59,60,79,83,85,94,95" m="35023" machi="60" ten="30,11600,0" yaku="8,1,52,2,54,1" doraHai="90" who="3" fromWho="0" sc="258,-119,72,0,250,0,420,119" /><INIT seed="3,2,0,4,1,59" ten="139,72,250,539" oya="3" hai0="7,70,9,101,56,97,5,6,72,28,50,93,42" hai1="4,82,109,49,87,89,98,66,47,90,106,43,119" hai2="65,95,1,57,18,131,122,79,12,81,25,91,38" hai3="108,69,133,104,76,19,23,40,60,84,96,44,121"/><W113/><G121/><T88/><D72/><U118/><E109/><V29/><F1/><W112/><G133/><T134/><D70/><U123/><E123/><V74/><F122/><W10/><G10/><T132/><D28/><U46/><E4/><V100/><F38/><W85/><G85/><T99/><D9/><U92/><E106/><V73/><F131/><W128/><G128/><T67/><D42/><U39/><REACH who="1" step="1"/><E66/><REACH who="1" ten="139,62,250,539" step="2"/><V114/><F65/><W124/><G108/><T52/><REACH who="0" step="1"/><D67/><REACH who="0" ten="129,62,250,539" step="2"/><U61/><E61/><V94/><F74/><W126/><G60/><T130/><D130/><U24/><E24/><V125/><F25/><W58/><G112/><T34/><D34/><U8/><E8/><V31/><F73/><W103/><G113/><T77/><D77/><U3/><E3/><V75/><F79/><W117/><G76/><T26/><D26/><U0/><E0/><V2/><F75/><W86/><G69/><T53/><D53/><AGARI ba="2,2" hai="39,43,46,47,49,53,82,87,89,90,92,98,118,119" machi="53" ten="40,1300,0" yaku="1,1,53,0" doraHai="59" doraHaiUra="22" who="1" fromWho="0" sc="129,-19,62,39,250,0,539,0" /><INIT seed="4,0,0,4,0,10" ten="110,101,250,539" oya="0" hai0="102,33,2,81,126,119,113,124,128,54,105,4,56" hai1="78,42,49,17,13,43,99,23,93,121,68,96,107" hai2="123,64,80,98,65,90,132,85,47,75,31,125,67" hai3="44,69,61,127,74,79,66,70,91,7,84,117,72"/><T3/><D119/><U40/><E121/><V87/><F123/><W16/><G70/><T39/><D39/><U77/><E68/><V27/><F132/><W46/><G79/><T35/><D128/><U51/><E107/><V24/><F125/><N who="0" m="48234" /><D113/><U135/><E135/><V26/><F75/><W45/><G7/><T116/><D116/><U104/><E104/><V0/><F0/><N who="0" m="42" /><D4/><U34/><E34/><V76/><F98/><N who="1" m="37417" /><E93/><N who="2" m="54479" /><F47/><W112/><G112/><T19/><D102/><U30/><E30/><AGARI ba="0,0" hai="24,26,27,30,31,64,65,67,76,80,87" m="54479" machi="30" ten="30,1000,0" yaku="8,1" doraHai="10" who="2" fromWho="1" sc="110,0,101,-10,250,10,539,0" /><INIT seed="5,0,0,5,2,16" ten="110,91,260,539" oya="1" hai0="49,103,92,47,25,41,123,23,77,27,113,132,88" hai1="26,66,134,43,87,20,135,129,6,67,61,52,75" hai2="46,114,64,48,70,118,83,42,37,10,56,39,98" hai3="8,130,15,24,12,69,90,33,55,131,17,54,59"/><U57/><E75/><V60/><F118/><W7/><G69/><T127/><D127/><U109/><E129/><V0/><F114/><W120/><G120/><T34/><D123/><U112/><E112/><V4/><F98/><W2/><G90/><T89/><D113/><U19/><E109/><V45/><F83/><W38/><G38/><T35/><D132/><N who="1" m="50731" /><E43/><V111/><F111/><W100/><G100/><T73/><D73/><U128/><E128/><V5/><F5/><W18/><G55/><T63/><D77/><U105/><E105/><V1/><F1/><W124/><G124/><T116/><D116/><U21/><E6/><V101/><F101/><W68/><G68/><T29/><D35/><U91/><E21/><V53/><REACH who="2" step="1"/><F46/><REACH who="2" ten="110,91,250,539" step="2"/><W119/><G7/><T30/><D103/><U81/><AGARI ba="0,1" hai="19,20,26,52,57,61,66,67,81,87,91" m="50731" machi="81" ten="30,6000,0" yaku="20,1,52,1,54,1" doraHai="16" who="1" fromWho="1" sc="110,-20,91,70,250,-20,539,-20" /><INIT seed="5,1,0,4,2,8" ten="90,161,230,519" oya="1" hai0="104,87,51,50,109,135,54,2,106,20,117,3,125" hai1="10,17,27,43,47,63,102,59,90,91,55,110,58" hai2="25,19,66,80,68,98,65,70,85,77,105,83,35" hai3="52,114,73,119,86,101,40,45,69,129,21,26,18"/><U41/><E110/><V81/><F70/><W107/><G73/><T76/><D109/><U22/><E102/><V71/><F71/><W108/><G69/><T38/><D117/><U74/><E74/><V36/><F36/><W14/><G108/><T42/><D38/><U120/><E120/><V127/><F127/><W75/><G75/><T56/><D125/><U89/><E47/><V23/><F35/><W88/><G107/><T11/><D135/><U48/><REACH who="1" step="1"/><E10/><REACH who="1" ten="90,151,230,519" step="2"/><V131/><F131/><W126/><G101/><T103/><D103/><U5/><E5/><V46/><F46/><W34/><G45/><T0/><D11/><U62/><E62/><V30/><F105/><W92/><G126/><T78/><D106/><U94/><E94/><V64/><F68/><W61/><G92/><T33/><D104/><U29/><E29/><V130/><F130/><W44/><G61/><T133/><D133/><U84/><E84/><V49/><F30/><W95/><G86/><T112/><D87/><U122/><E122/><V39/><F39/><W37/><G44/><T79/><D42/><U57/><E57/><V53/><F98/><W4/><G40/><T1/><D56/><U96/><E96/><V12/><F85/><W72/><G72/><T123/><D123/><U9/><E9/><N who="2" m="6543" /><F77/><W116/><G37/><T124/><D78/><U7/><E7/><V32/><F81/><W6/><G6/><T67/><D79/><U16/><E16/><N who="2" m="12519" /><F80/><W100/><G129/><T93/><D76/><U121/><E121/><V97/><F97/><W134/><G95/><T111/><D93/><RYUUKYOKU ba="1,1" sc="90,-10,151,30,230,-10,519,-10" hai1="17,22,27,41,43,48,55,58,59,63,89,90,91" /><INIT seed="5,2,1,4,5,26" ten="80,181,220,509" oya="1" hai0="123,81,62,38,47,60,40,52,7,14,78,111,77" hai1="134,73,44,120,67,126,13,106,128,117,20,57,45" hai2="48,32,10,119,93,97,1,88,37,43,125,39,94" hai3="31,86,83,2,99,76,116,129,34,0,90,28,53"/><U95/><E106/><V55/><F119/><W115/><G34/><T135/><D111/><U18/><E73/><V127/><F32/><W130/><G115/><T103/><D135/><U124/><E117/><V70/><F70/><W15/><G116/><T29/><D123/><U23/><E120/><V46/><F94/><N who="3" m="56791" /><G15/><T24/><D103/><U87/><E134/><V109/><F109/><W50/><G2/><T63/><D52/><U54/><E67/><V74/><F74/><W65/><G0/><T85/><D77/><U98/><E87/><V121/><F121/><W19/><G19/><T36/><D36/><U56/><E23/><V72/><F72/><W68/><G68/><T49/><D38/><U21/><E21/><V89/><F89/><W110/><G65/><T96/><D96/><U61/><E57/><V92/><F92/><W5/><G5/><T104/><D104/><U80/><E80/><V107/><F107/><W105/><G110/><T112/><D112/><U71/><E71/><V82/><F82/><W42/><G86/><T17/><D7/><U22/><E22/><V30/><F1/><W6/><G6/><T84/><D84/><U113/><E113/><V91/><F10/><W69/><G69/><T101/><D101/><U131/><E98/><V118/><F118/><W108/><G83/><T27/><REACH who="0" step="1"/><D29/><REACH who="0" ten="70,181,220,509" step="2"/><U16/><E54/><V12/><F30/><W75/><G31/><T3/><D3/><U51/><E18/><V66/><F55/><W4/><G53/><T11/><AGARI ba="2,2" hai="11,14,17,24,27,40,47,49,60,62,63,78,81,85" machi="11" ten="30,12000,2" yaku="1,1,0,1,8,1,53,3" doraHai="26" doraHaiUra="58" who="0" fromWho="0" sc="70,146,181,-62,220,-32,509,-32" /><INIT seed="6,0,0,1,3,63" ten="216,119,188,477" oya="2" hai0="124,102,84,26,111,92,42,128,95,110,9,67,73" hai1="132,33,15,58,117,51,11,36,10,28,17,30,89" hai2="40,91,32,2,69,121,6,50,45,115,134,49,31" hai3="87,86,82,118,44,72,12,76,65,75,39,7,57"/><V129/><F121/><W23/><G118/><T105/><D73/><U60/><E36/><V3/><F69/><W18/><G7/><T37/><D105/><U56/><E117/><V21/><F32/><W16/><G75/><T99/><D124/><U0/><E33/><V96/><F115/><W19/><G72/><T8/><D128/><U126/><E126/><V24/><F129/><W55/><G87/><T93/><D37/><U25/><E132/><V114/><F134/><W103/><G103/><T74/><D42/><U101/><E101/><V71/><F114/><W68/><G68/><T14/><D74/><U122/><E122/><V27/><F71/><W116/><G39/><T61/><D26/><U85/><E0/><V81/><F27/><W80/><G80/><T123/><D123/><U47/><E11/><V106/><F6/><W107/><G107/><T109/><D84/><U62/><E62/><V125/><F125/><W41/><G41/><T38/><D38/><U78/><E58/><V113/><F113/><W120/><G57/><N who="0" m="37295" /><D9/><U131/><E78/><V135/><F135/><W104/><G76/><T52/><D52/><N who="1" m="29823" /><E25/><V127/><F127/><W22/><G86/><T5/><D111/><U34/><E34/><V83/><F50/><W59/><G120/><T66/><D110/><U133/><E131/><V98/><F106/><W100/><G104/><N who="0" m="63583" /><D109/><U48/><E48/><V88/><F91/><W29/><G100/><T79/><D79/><U20/><E10/><V53/><F88/><W35/><G116/><T108/><D108/><U112/><E133/><V90/><F90/><RYUUKYOKU ba="0,0" sc="216,30,119,-10,188,-10,477,-10" hai0="5,8,14,66,92,93,95" /><INIT seed="7,1,0,4,3,46" ten="246,109,178,467" oya="3" hai0="9,26,4,106,47,39,114,135,34,113,8,115,62" hai1="16,1,80,12,74,24,32,85,118,52,107,103,91" hai2="55,75,56,7,121,124,49,110,33,131,78,20,70" hai3="111,90,116,81,23,127,61,38,65,77,50,54,123"/><W40/><G123/><T128/><D106/><U41/><E118/><V71/><F33/><W87/><G116/><T17/><D135/><U130/><E1/><V45/><F110/><W42/><G38/><T2/><D128/><U104/><E130/><V96/><F131/><W122/><G122/><T48/><D39/><U51/><E41/><V102/><F121/><W94/><G127/><T36/><D36/><U64/><E64/><V31/><F124/><W119/><G119/><T14/><D62/><U22/><E74/><V97/><F7/><W69/><G23/><T25/><D34/><U13/><E13/><V10/><F10/><W30/><G30/><T126/><D126/><U92/><E32/><V79/><F75/><W82/><G82/><T53/><AGARI ba="1,0" hai="2,4,8,9,14,17,25,26,47,48,53,113,114,115" machi="53" ten="30,7900,0" yaku="0,1,15,1,11,1,52,1" doraHai="46" who="0" fromWho="0" sc="246,82,109,-21,178,-21,467,-40" owari="328,13.0,88,-41.0,157,-24.0,427,52.0" /></mjloggm>