<mjloggm ver="2.3"><GO type="169" lobby="0"/><UN n0="%E5%A4%AA%E3%81%8F%E3%81%AA%E3%81%84%E3%81%8A" n1="%73%68%6F%65%73" n2="%E4%BF%BA%E3%81%A4%E3%81%88%E3%81%88%E3%81%88%EF%BD%9E" n3="%EF%BC%88%E2%89%A7%E2%96%BD%E2%89%A6%EF%BC%89" dan="18,16,17,17" rate="2164.57,2040.38,2184.69,2170.62" sx="F,M,F,M"/><TAIKYOKU oya="0"/><INIT seed="0,0,0,3,5,133" ten="250,250,250,250" oya="0" hai0="27,108,46,90,16,92,64,19,38,22,59,58,99" hai1="6,43,86,52,7,5,85,42,122,107,106,84,33" hai2="124,15,98,56,129,82,11,132,49,45,0,12,115" hai3="23,44,78,20,125,127,1,18,57,21,55,62,60"/><T79/><D79/><U72/><E33/><V126/><F115/><W24/><G1/><T65/><D108/><U77/><E122/><V91/><F132/><W34/><G34/><T29/><D38/><U131/><E131/><V63/><F129/><W123/><G123/><T70/><D70/><U76/><E72/><V37/><F37/><W134/><G134/><T50/><D59/><U113/><E113/><V81/><F0/><W69/><G78/><N who="1" m="30314" /><E52/><N who="2" m="29743" /><F98/><W80/><G80/><N who="2" m="30825" /><F91/><W96/><G96/><T10/><D58/><U83/><E83/><V97/><F97/><W128/><G128/><T2/><D2/><U25/><E25/><V71/><F71/><W94/><G94/><T121/><D121/><U109/><E109/><V53/><F11/><W39/><G69/><T13/><REACH who="0" step="1"/><D29/><REACH who="0" ten="240,250,250,250" step="2"/><U41/><AGARI ba="0,1" hai="5,6,7,41,42,43,84,85,86,106,107" m="30314" machi="41" ten="40,12000,2" yaku="29,2,28,2,26,2" doraHai="133" who="1" fromWho="1" sc="240,-60,250,130,250,-30,250,-30" /><INIT seed="1,0,0,1,3,122" ten="180,380,220,220" oya="1" hai0="13,75,104,43,19,44,83,100,16,97,80,48,95" hai1="21,32,12,58,108,62,39,20,90,101,114,66,17" hai2="34,70,27,51,129,98,118,63,81,29,33,45,106" hai3="128,92,116,113,52,23,87,8,69,25,41,99,79"/><U3/><E39/><V53/><F118/><W91/><G69/><T85/><D75/><U56/><E32/><V65/><F129/><W89/><G113/><T110/><D110/><U61/><E108/><V93/><F81/><W24/><G128/><T135/><D135/><U117/><E117/><V130/><F130/><W115/><G115/><T46/><D104/><U111/><E114/><V40/><F34/><W26/><G116/><T73/><D73/><U50/><E3/><V49/><F106/><W14/><G41/><T84/><D44/><U126/><E111/><V105/><F105/><W5/><G79/><N who="0" m="46111" /><D13/><U4/><E101/><V6/><F6/><W37/><G37/><T31/><D31/><U2/><E2/><V64/><F64/><W109/><G109/><T132/><D132/><U120/><E4/><V103/><REACH who="2" step="1"/><F53/><REACH who="2" ten="180,380,210,220" step="2"/><W88/><G52/><T54/><D54/><U82/><E66/><V76/><F76/><AGARI ba="0,1" hai="16,19,43,46,48,76,83,85,95,97,100" m="46111" machi="76" ten="30,2000,0" yaku="8,1,54,1" doraHai="122" who="0" fromWho="2" sc="180,30,380,0,210,-20,220,0" /><INIT seed="2,0,0,4,0,17" ten="210,380,190,220" oya="2" hai0="21,1,48,43,115,16,94,125,119,30,5,83,14" hai1="70,49,110,10,90,28,122,82,118,65,31,27,25" hai2="84,81,117,75,88,77,111,107,78,11,112,45,60" hai3="23,38,68,126,71,32,97,58,51,62,98,56,8"/><V24/><F117/><W108/><G32/><T104/><D115/><U0/><E118/><V34/><F112/><W12/><G38/><T52/><D119/><U123/><E49/><V73/><F107/><W39/><G39/><T37/><D104/><U7/><E65/><V113/><F113/><W127/><G51/><T6/><D125/><N who="3" m="47625" /><G58/><N who="0" m="33031" /><D1/><U135/><E70/><N who="3" m="26666" /><G108/><T132/><D132/><U134/><E110/><V18/><F111/><W80/><G80/><T2/><D2/><U131/><E90/><V15/><F60/><W54/><G23/><N who="0" m="11671" /><D37/><U3/><E131/><V102/><F102/><W101/><G101/><T133/><D133/><N who="1" m="50699" /><E3/><V57/><F57/><W103/><G103/><T53/><D43/><U79/><E79/><V91/><F45/><W26/><G26/><N who="1" m="9738" /><E82/><V61/><F61/><W92/><G92/><T93/><D83/><U36/><E36/><V9/><F77/><W87/><G87/><T64/><D64/><U128/><E128/><V50/><F50/><W74/><G74/><T35/><D35/><U89/><E89/><N who="2" m="34379" /><F73/><W129/><G129/><T13/><D53/><U120/><AGARI ba="0,0" hai="0,7,10,28,31,120,122,123" m="9738,50699" machi="120" ten="40,8000,1" yaku="13,1,20,1,34,2" doraHai="17" who="1" fromWho="1" sc="210,-20,380,80,190,-40,220,-20" /><INIT seed="3,0,0,2,5,11" ten="190,460,150,200" oya="3" hai0="96,56,61,132,86,64,76,130,101,14,23,5,36" hai1="65,95,13,118,99,80,71,40,128,49,48,67,117" hai2="98,126,70,110,0,91,53,122,22,78,51,123,35" hai3="33,107,20,8,54,119,116,21,10,30,26,9,112"/><W17/><G107/><T88/><D36/><U108/><E128/><V77/><F35/><W43/><G43/><T94/><D130/><U109/><E80/><V32/><F32/><W66/><G66/><T12/><D132/><U84/><E84/><V131/><F70/><W46/><G46/><T92/><D5/><U31/><E31/><V47/><F0/><W37/><G37/><T134/><D134/><U60/><E67/><V125/><F131/><W52/><G112/><T1/><D1/><U73/><E73/><V102/><F91/><W115/><G115/><T57/><D76/><U83/><E83/><V127/><F110/><N who="1" m="42601" /><E13/><N who="0" m="5225" /><D57/><U75/><E75/><V63/><F63/><W106/><G106/><T90/><D23/><U3/><E3/><V82/><F22/><W85/><G33/><T38/><D38/><U25/><E25/><V59/><F59/><W45/><G21/><T100/><AGARI ba="0,0" hai="56,61,64,86,88,90,92,94,96,100,101" m="5225" machi="100" ten="30,8000,1" yaku="8,1,52,3,54,1" doraHai="11" who="0" fromWho="0" sc="190,80,460,-20,150,-20,200,-40" /><INIT seed="4,0,0,3,5,3" ten="270,440,130,160" oya="0" hai0="25,67,74,59,41,6,105,9,133,38,131,60,96" hai1="71,23,39,12,107,91,128,111,42,130,21,109,95" hai2="14,40,135,120,52,5,66,99,76,10,103,106,90" hai3="26,127,33,7,62,58,81,123,112,121,122,0,113"/><T75/><D133/><U37/><E71/><V8/><F135/><W44/><G127/><T43/><D131/><N who="1" m="50219" /><E107/><V77/><F120/><W117/><G117/><T88/><D25/><U50/><E50/><V102/><F66/><N who="3" m="39255" /><G81/><T83/><D105/><U36/><E42/><V63/><F40/><W53/><G53/><T65/><D65/><U31/><E31/><V20/><F20/><N who="1" m="7753" /><E12/><N who="2" m="5135" /><F106/><W22/><G33/><T79/><D74/><U124/><E124/><V93/><F102/><W87/><G44/><T61/><D61/><U94/><E91/><V11/><F103/><W82/><G22/><T45/><D43/><U110/><AGARI ba="0,0" hai="36,37,39,94,95,109,110,111" m="7753,50219" machi="110" ten="50,6400,0" yaku="28,2,19,1" doraHai="3" who="1" fromWho="1" sc="270,-32,440,64,130,-16,160,-16" /><INIT seed="5,0,0,0,5,117" ten="238,504,114,144" oya="1" hai0="12,73,52,33,89,74,66,132,50,101,67,91,131" hai1="57,121,63,113,95,30,56,24,93,46,10,51,26" hai2="20,85,123,92,47,106,25,58,36,118,119,38,80" hai3="49,90,71,88,54,94,27,39,102,53,70,107,122"/><U14/><E121/><V11/><F106/><W76/><G39/><T62/><D33/><U60/><E113/><V134/><F134/><W13/><G76/><T42/><D101/><U125/><E125/><V124/><F124/><W97/><G122/><T103/><D103/><U17/><E57/><V9/><F123/><W65/><G65/><T135/><D42/><U59/><E59/><V84/><F58/><W78/><G78/><T37/><D37/><U1/><E1/><V86/><F92/><N who="1" m="35401" /><E30/><V69/><F69/><W22/><G13/><T0/><D0/><U68/><E68/><V8/><F80/><W2/><G2/><T6/><D131/><U109/><E109/><V23/><F25/><N who="1" m="9833" /><E56/><V18/><F18/><W116/><G116/><N who="2" m="44585" /><F47/><W127/><G127/><T43/><D132/><U19/><E17/><V128/><F128/><W75/><G71/><T126/><D126/><U115/><E115/><V35/><F35/><W96/><G70/><T105/><D105/><U81/><E81/><V82/><F82/><W99/><G49/><T77/><D50/><U32/><E32/><V61/><F61/><W7/><G107/><T130/><D62/><U83/><E83/><V40/><F40/><AGARI ba="0,0" hai="10,14,19,40,46,51,60,63" m="9833,35401" machi="40" ten="30,1500,0" yaku="8,1" doraHai="117" who="1" fromWho="2" sc="238,0,504,15,114,-15,144,0" /><INIT seed="5,1,0,1,5,98" ten="238,519,99,144" oya="1" hai0="66,122,33,73,52,48,36,86,25,56,47,102,105" hai1="41,121,26,58,11,72,80,42,12,7,20,14,68" hai2="81,24,85,53,18,39,82,123,38,77,75,107,91" hai3="6,74,114,112,131,126,135,49,129,90,97,44,113"/><U13/><E121/><V83/><F123/><W60/><G74/><T55/><D73/><U104/><E68/><V22/><F107/><W92/><G126/><T27/><D122/><U10/><E104/><V15/><F83/><W5/><G60/><T99/><D99/><U127/><E127/><V40/><F40/><N who="3" m="24711" /><G135/><T19/><D36/><U46/><E14/><V115/><F115/><W3/><G3/><T125/><D66/><U71/><E71/><V30/><REACH who="2" step="1"/><F53/><REACH who="2" ten="238,519,89,144" step="2"/><W76/><G76/><T70/><D52/><U32/><E80/><V101/><F101/><W64/><G64/><T124/><D102/><U111/><E111/><V2/><F2/><W120/><G120/><T108/><D105/><U4/><E72/><V89/><F89/><W35/><G35/><AGARI ba="1,1" hai="15,18,22,24,30,35,38,39,75,77,81,82,85,91" machi="35" ten="30,7700,0" yaku="1,1,7,1,53,2" doraHai="98" doraHaiUra="79" who="2" fromWho="3" sc="238,0,519,0,89,90,144,-80" /><INIT seed="6,0,0,0,4,20" ten="238,519,179,64" oya="2" hai0="106,66,110,13,18,6,9,122,33,102,116,113,2" hai1="17,129,64,16,100,8,41,95,105,90,103,88,39" hai2="61,35,42,93,3,46,123,87,24,114,135,77,65" hai3="84,128,119,50,115,30,44,94,124,117,132,82,54"/><V28/><F123/><W34/><G132/><T109/><D66/><U67/><E129/><V59/><F135/><W134/><G134/><T14/><D102/><U4/><E41/><V107/><F114/><W25/><G128/><T68/><D68/><U19/><E39/><V72/><F3/><W127/><G115/><T121/><D106/><U29/><E29/><V79/><F107/><W130/><G130/><T55/><D55/><U10/><E105/><V70/><F72/><W81/><G94/><T74/><D74/><U56/><E90/><V11/><F11/><N who="1" m="4137" /><E4/><V85/><F70/><W21/><G82/><T23/><D113/><U27/><E27/><V60/><F60/><W75/><G75/><T86/><D86/><N who="1" m="52631" /><E67/><V101/><F87/><W5/><G5/><T15/><D33/><U62/><AGARI ba="0,0" hai="16,17,19,56,62,64,100,103" m="52631,4137" machi="62" ten="30,4000,0" yaku="8,1,54,2" doraHai="20" who="1" fromWho="1" sc="238,-10,519,40,179,-20,64,-10" /><INIT seed="7,0,0,4,1,91" ten="228,559,159,54" oya="3" hai0="15,81,104,127,102,92,89,110,109,43,90,134,13" hai1="66,112,24,5,84,34,7,41,26,107,61,45,74" hai2="132,86,88,19,51,44,58,59,55,49,113,40,67" hai3="25,121,20,1,75,29,48,98,65,115,95,18,77"/><W133/><G121/><T71/><D71/><U93/><E107/><V53/><F113/><W103/><G133/><T129/><D43/><U37/><E74/><V76/><F132/><W0/><G115/><T96/><D134/><U101/><E112/><V39/><F19/><W111/><G111/><N who="0" m="42507" /><D15/><U46/><E46/><V21/><F21/><W64/><G48/><T122/><D13/><U56/><E26/><V4/><F4/><W60/><G18/><T69/><D69/><U12/><E12/><V106/><F106/><W117/><G117/><T125/><D122/><U31/><E101/><V87/><F76/><W14/><G14/><T11/><D11/><U79/><E79/><V82/><F86/><W120/><G120/><T100/><D129/><U72/><E72/><V80/><F67/><W126/><G126/><N who="0" m="48139" /><D81/><AGARI ba="0,0" hai="39,40,44,49,51,53,55,58,59,80,81,82,87,88" machi="81" ten="30,3900,0" yaku="7,1,9,1,54,1" doraHai="91" who="2" fromWho="0" sc="228,-39,559,0,159,39,54,0" owari="189,-21.0,559,66.0,198,0.0,54,-45.0" /></mjloggm>