<mjloggm ver="2.3"><GO type="41"/><UN n0="%6B%6B%31%32%35" n1="%E7%8C%AB%E8%A6%8B%E8%9B%8D%EF%BC%88%E5%BC%8F%E5%85%AC%E8%AA%8D%EF%BC%89" n2="%E3%82%A6%E3%83%AB%E3%83%88%E3%83%A9%E7%AB%8B%E7%9B%B4" n3="%E3%82%BC%E3%83%AD%E3%81%AE%E3%83%AB%E3%82%A4%E3%82%BA" dan="15,13,15,13" rate="2009,1934,1999,1926" sx="M,F,M,F"/><TAIKYOKU oya="0"/><INIT seed="0,0,0,1,5,4" ten="250,250,250,250" oya="0" hai0="95,0,68,91,94,49,52,121,87,12,133,76,115" hai1="38,63,27,118,8,125,72,134,35,100,97,73,14" hai2="83,129,5,110,18,3,48,62,116,9,98,43,80" hai3="17,15,45,56,2,114,59,82,104,109,47,120,36"/><T122/><D68/><U34/><E118/><V81/><F116/><W79/><G114/><T26/><D115/><U93/><E38/><V74/><F129/><W84/><G104/><T55/><D0/><U123/><E123/><V21/><F110/><W1/><G109/><T10/><D133/><U11/><E134/><V124/><F124/><W42/><G47/><T103/><D55/><U65/><E125/><V31/><F31/><W23/><G120/><T108/><D108/><U107/><E14/><V99/><F74/><N who="1" m="28777" /><E93/><V119/><F119/><W69/><G69/><T132/><D132/><U70/><E34/><V135/><F135/><W29/><G29/><AGARI ba="0,0" hai="8,11,27,29,35,63,65,70,97,100,107" m="28777" machi="29" ten="30,3900,0" yaku="25,1,52,2" doraHai="4" who="1" fromWho="3" sc="250,0,250,39,250,0,250,-39" /><INIT seed="1,0,0,1,3,108" ten="250,289,250,211" oya="1" hai0="13,122,77,73,129,60,16,2,43,123,105,67,128" hai1="33,101,119,3,55,45,46,11,75,10,103,63,93" hai2="9,66,71,107,1,18,25,116,49,99,84,131,134" hai3="89,94,72,64,98,133,56,6,20,27,82,88,7"/><U86/><E86/><V83/><F116/><W79/><G89/><T132/><D105/><U87/><E75/><V135/><F131/><N who="0" m="50250" /><D2/><U14/><E119/><V8/><F66/><W62/><REACH who="3" step="1"/><G133/><REACH who="3" step="2"/><T41/><D132/><U12/><E3/><V34/><F1/><W5/><G5/><T95/><D77/><U126/><E126/><V40/><F135/><W19/><AGARI ba="0,1" hai="6,7,19,20,27,56,62,64,72,79,82,88,94,98" machi="19" ten="20,5200,0" yaku="1,1,0,1,7,1,54,1,53,0" doraHai="108" doraHaiUra="30" who="3" fromWho="3" sc="250,-13,289,-26,250,-13,201,62" /><INIT seed="2,0,0,2,5,99" ten="237,263,237,263" oya="2" hai0="62,3,114,52,0,25,49,112,71,94,4,105,33" hai1="45,88,91,116,120,93,70,46,78,131,117,77,108" hai2="11,89,97,16,58,9,38,107,36,103,31,106,95" hai3="51,86,63,135,84,76,56,7,61,125,64,42,14"/><V12/><F106/><W130/><G130/><T39/><D39/><U60/><E131/><V55/><F31/><W123/><G123/><T73/><D73/><U66/><E120/><V134/><F134/><W121/><G121/><T122/><D122/><U133/><E133/><V13/><F107/><W26/><G135/><T57/><D105/><U44/><E108/><V53/><F89/><W83/><G125/><T23/><D33/><U28/><E28/><V87/><F87/><W17/><G26/><T19/><D3/><U128/><E128/><V32/><F32/><W119/><G119/><T98/><D0/><U20/><E20/><V50/><REACH who="2" step="1"/><F55/><REACH who="2" step="2"/><W40/><G86/><T85/><D85/><U10/><E117/><V48/><F48/><W90/><G51/><T132/><D132/><U115/><E116/><V67/><F67/><W75/><G90/><T8/><D114/><U2/><E115/><V41/><F41/><W92/><G75/><T109/><D112/><U69/><E91/><V43/><F43/><W18/><G42/><T24/><D109/><U110/><E110/><V6/><AGARI ba="0,1" hai="6,9,11,12,13,16,36,38,50,53,58,95,97,103" machi="6" ten="20,18000,2" yaku="1,1,0,1,7,1,52,1,54,1,53,2" doraHai="99" doraHaiUra="68" who="2" fromWho="2" sc="237,-60,263,-60,227,190,263,-60" /><INIT seed="2,1,0,0,2,131" ten="177,203,417,203" oya="2" hai0="88,103,92,84,94,109,104,13,17,9,53,10,86" hai1="24,46,127,128,81,22,110,117,120,64,8,2,23" hai2="28,76,43,101,20,77,126,70,31,26,91,134,18" hai3="130,61,123,29,107,125,37,106,1,32,45,5,124"/><V97/><F70/><W0/><G130/><T105/><D109/><U83/><E128/><V118/><F118/><W58/><G123/><T52/><D103/><U98/><E120/><V60/><F60/><W59/><G61/><T96/><D96/><U63/><E117/><V100/><F43/><W27/><G58/><T41/><D41/><U49/><E110/><V78/><F126/><N who="3" m="48747" /><G59/><T39/><D39/><U66/><E127/><V65/><F65/><N who="1" m="25193" /><E2/><N who="3" m="1130" /><G5/><T133/><D133/><U132/><E8/><V93/><F134/><W67/><G67/><T95/><D10/><U79/><E63/><V121/><F121/><W51/><G51/><T57/><D53/><N who="1" m="29879" /><E132/><V102/><AGARI ba="1,0" hai="18,20,26,28,31,76,77,78,91,93,97,100,101,102" machi="102" ten="30,3000,0" yaku="0,1,8,1" doraHai="131" who="2" fromWho="2" sc="177,-11,203,-11,417,33,203,-11" /><INIT seed="2,2,0,5,0,44" ten="166,192,450,192" oya="2" hai0="66,28,80,79,52,93,96,118,46,78,81,90,116" hai1="98,54,53,85,32,74,91,61,100,77,83,30,14" hai2="134,135,59,18,76,132,19,12,115,122,40,37,124" hai3="16,8,68,10,114,71,64,35,57,55,128,41,17"/><V103/><F122/><W1/><G35/><T110/><D66/><U56/><E32/><V87/><F115/><W106/><G106/><T3/><D3/><U4/><E30/><V84/><F124/><W23/><G41/><T2/><D2/><U48/><E4/><V27/><F103/><W73/><G73/><T112/><D28/><U125/><E125/><V131/><F131/><W121/><G121/><T7/><D112/><U63/><E14/><V102/><F102/><W133/><G114/><T5/><D110/><U123/><E123/><V101/><F101/><W45/><G45/><T51/><D118/><U107/><REACH who="1" step="1"/><E54/><REACH who="1" step="2"/><V21/><F40/><W31/><G31/><T82/><D116/><U9/><E9/><V94/><F37/><W13/><G10/><T75/><REACH who="0" step="1"/><D81/><AGARI ba="2,1" hai="48,53,56,61,63,74,77,81,83,85,91,98,100,107" machi="81" ten="30,3900,0" yaku="1,1,7,1,52,1,53,0" doraHai="44" doraHaiUra="25" who="1" fromWho="0" sc="166,-45,182,55,450,0,192,0" /><INIT seed="3,0,0,5,2,114" ten="121,237,450,192" oya="3" hai0="46,21,124,119,72,4,99,86,42,18,116,69,39" hai1="5,79,80,84,60,104,127,88,134,59,123,35,41" hai2="100,102,29,83,70,113,101,33,107,82,125,106,97" hai3="43,25,103,96,26,63,22,131,27,77,109,7,31"/><W68/><G131/><T36/><D72/><U129/><E123/><V94/><F29/><W71/><G77/><T12/><D69/><U44/><E129/><V73/><F70/><W34/><G43/><T32/><D32/><U108/><E108/><V8/><F8/><W11/><G71/><T91/><D39/><U122/><E122/><V133/><F33/><W81/><G81/><T37/><D37/><U50/><E134/><V56/><F56/><W85/><G85/><T2/><D124/><U45/><E127/><V115/><F125/><W16/><G109/><T14/><D2/><U93/><E104/><N who="2" m="39979" /><F133/><W111/><G111/><T0/><D0/><U126/><E126/><V9/><F9/><W128/><G128/><T57/><D99/><U17/><E35/><V117/><F117/><W132/><G132/><T66/><D66/><U78/><E5/><V40/><F40/><W3/><G63/><T24/><D57/><U61/><E44/><V19/><F19/><W74/><G74/><T48/><D36/><U23/><E59/><V105/><F105/><N who="3" m="63719" /><G68/><T67/><D67/><U87/><REACH who="1" step="1"/><E79/><REACH who="1" step="2"/><N who="2" m="44399" /><F115/><W130/><G130/><T89/><D4/><U62/><E62/><V65/><F113/><W20/><G20/><T75/><D119/><U6/><E6/><V15/><F65/><W49/><G49/><T38/><D116/><U135/><E135/><V1/><F1/><W121/><G121/><T76/><D48/><U28/><E28/><V47/><F47/><W120/><G120/><T10/><D46/><U54/><E54/><V51/><F51/><W55/><G55/><RYUUKYOKU ba="0,1" sc="121,-15,227,15,450,-15,192,15" hai1="17,23,41,45,50,60,61,78,80,84,87,88,93" hai3="3,7,11,16,22,25,26,27,31,34" /><INIT seed="3,1,1,4,3,110" ten="106,242,435,207" oya="3" hai0="61,18,47,33,12,88,109,6,113,118,30,54,22" hai1="26,32,1,29,49,122,45,5,114,85,74,97,2" hai2="10,39,129,80,106,112,27,71,36,91,38,19,63" hai3="65,134,125,78,119,13,111,60,15,31,79,75,96"/><W116/><G134/><T24/><D118/><U70/><E74/><V108/><F106/><W56/><G31/><T127/><D109/><U55/><E70/><V0/><F108/><W23/><G111/><T82/><D127/><U101/><E122/><V50/><F112/><W3/><G3/><T121/><D121/><U124/><E124/><V21/><F129/><W40/><G125/><T105/><D105/><U120/><E120/><V51/><F71/><W81/><G40/><T104/><D104/><U28/><E28/><V103/><F103/><W83/><G96/><T128/><D128/><U11/><E85/><V130/><F130/><W100/><G100/><T92/><D82/><U77/><E77/><V35/><F35/><W7/><G15/><T62/><D113/><U115/><REACH who="1" step="1"/><E2/><REACH who="1" step="2"/><V44/><F0/><W90/><G90/><T95/><D95/><AGARI ba="1,2" hai="1,5,11,26,29,32,45,49,55,95,97,101,114,115" machi="95" ten="30,12000,2" yaku="1,1,2,1,7,1,52,2,53,1" doraHai="110" doraHaiUra="89" who="1" fromWho="0" sc="106,-123,232,143,435,0,207,0" owari="-17,-52,375,18,435,53,207,-19" /></mjloggm>