<mjloggm ver="2.3"><GO type="169"/><UN n0="%68%69%67%68%31%35%31%35" n1="%EF%BC%88%E2%89%A7%E2%96%BD%E2%89%A6%EF%BC%89" n2="%E3%83%90%E3%83%AB%E3%81%B0%E3%82%8B" n3="%E3%81%92%E3%82%93%E3%81%9F%E3%82%8D" dan="17,17,16,16" rate="2163,2102,2036,2055" sx="M,M,M,M"/><TAIKYOKU oya="0"/><INIT seed="0,0,0,4,3,133" ten="250,250,250,250" oya="0" hai0="41,76,11,49,104,129,110,63,62,37,65,38,39" hai1="100,0,22,75,55,32,103,47,54,20,112,13,113" hai2="57,128,120,5,124,43,42,61,131,9,89,125,121" hai3="126,122,87,92,90,46,101,116,4,36,127,118,12"/><T72/><D104/><U98/><E32/><V64/><F89/><W97/><G122/><N who="2" m="47209" /><F9/><W33/><G33/><T24/><D129/><N who="2" m="49738" /><F5/><W107/><G4/><T99/><D99/><U8/><E75/><V68/><F68/><W88/><G12/><T108/><D24/><U44/><E0/><V69/><F69/><W123/><G123/><T94/><D94/><N who="1" m="58455" /><E103/><V115/><F115/><W67/><G67/><T111/><D11/><U134/><E112/><V81/><F81/><N who="3" m="49263" /><G46/><N who="1" m="17450" /><E113/><V51/><F51/><W78/><G36/><T25/><D49/><U93/><E134/><V59/><F59/><W91/><G78/><T83/><D41/><AGARI ba="0,0" hai="41,42,43,57,61,64,124,125" m="49738,47209" machi="41" ten="40,8000,1" yaku="19,1,34,2,52,2" doraHai="133" who="2" fromWho="0" sc="250,-80,250,0,250,80,250,0" /><INIT seed="1,0,0,3,5,7" ten="170,250,330,250" oya="1" hai0="92,106,14,27,65,48,36,32,28,99,73,127,9" hai1="122,118,58,101,114,116,129,91,105,124,134,72,75" hai2="1,120,41,42,64,26,51,61,44,16,17,31,74" hai3="4,38,20,70,25,34,100,128,3,45,107,57,97"/><U102/><E58/><V22/><F74/><N who="1" m="28201" /><E122/><V110/><F120/><W80/><G128/><T40/><D106/><U115/><E129/><V111/><F1/><W76/><G70/><T78/><D36/><U15/><E15/><V37/><F37/><W135/><G34/><T60/><D127/><U53/><E53/><V93/><F93/><W81/><G135/><T63/><D40/><U86/><E124/><V59/><REACH who="2" step="1"/><F42/><REACH who="2" ten="170,250,320,250" step="2"/><W47/><G38/><T95/><D92/><N who="1" m="54391" /><E134/><V67/><F67/><W12/><G3/><T82/><D65/><U52/><E105/><V62/><F62/><W10/><G107/><T133/><D133/><U121/><E121/><V33/><F33/><W23/><G81/><T29/><D95/><U83/><E83/><V66/><F66/><W43/><G80/><T132/><D82/><U46/><E118/><V85/><F85/><W79/><G43/><T35/><D132/><U109/><E116/><V119/><F119/><W123/><G123/><T18/><D35/><U77/><E115/><V88/><F88/><W39/><G39/><T130/><D32/><U56/><E114/><V90/><F90/><W104/><G104/><T98/><D63/><N who="1" m="36231" /><E77/><V0/><F0/><W113/><G79/><T71/><D78/><U94/><E94/><V50/><F50/><W84/><G76/><T30/><D48/><U24/><E101/><V126/><F126/><W68/><G100/><T8/><D60/><U125/><E102/><V108/><AGARI ba="0,1" hai="16,17,22,26,31,41,44,51,59,61,64,108,110,111" machi="108" ten="30,12000,2" yaku="1,1,0,1,14,1,54,1,53,2" doraHai="7" doraHaiUra="13" who="2" fromWho="2" sc="170,-30,250,-60,320,130,250,-30" /><INIT seed="2,0,0,2,5,35" ten="140,190,450,220" oya="2" hai0="106,3,96,33,119,98,70,105,82,107,122,55,1" hai1="135,0,8,5,20,32,134,52,64,88,76,37,43" hai2="62,11,58,27,26,6,118,45,65,114,13,29,30" hai3="101,100,59,46,116,22,129,15,9,83,38,123,71"/><V112/><F118/><W24/><G71/><T73/><D122/><U74/><E32/><V120/><F120/><W67/><G123/><T57/><D70/><U34/><E34/><V127/><F127/><W16/><G116/><T124/><D33/><U102/><E102/><V68/><F68/><W126/><G126/><T63/><D119/><U7/><E64/><V36/><F36/><W10/><G129/><T115/><D115/><U113/><E113/><V92/><F45/><W18/><G9/><T25/><D124/><U48/><E7/><V86/><F27/><W2/><G2/><T111/><D25/><U19/><E88/><N who="2" m="53271" /><F114/><W23/><G10/><T130/><D111/><U28/><E28/><N who="2" m="10859" /><F26/><W97/><G83/><T94/><D130/><U40/><E37/><V132/><F132/><N who="1" m="50729" /><E76/><V95/><F112/><W108/><G108/><T12/><D12/><N who="1" m="9319" /><E74/><V93/><AGARI ba="0,0" hai="6,11,13,58,62,65,93,95" m="10859,53271" machi="93" ten="30,3000,0" yaku="8,1,54,1" doraHai="35" who="2" fromWho="2" sc="140,-10,190,-10,450,30,220,-10" /><INIT seed="2,1,0,0,2,29" ten="130,180,480,210" oya="2" hai0="86,91,8,82,79,115,58,52,12,130,2,55,6" hai1="116,64,65,124,9,60,81,22,66,87,53,21,107" hai2="97,68,41,34,133,43,45,23,90,101,73,72,134" hai3="88,98,109,39,131,1,32,24,36,93,10,96,62"/><V80/><F68/><W57/><G131/><T33/><D115/><U61/><E107/><V76/><F23/><N who="1" m="8713" /><E124/><V49/><F90/><W70/><G109/><T110/><D110/><U7/><E116/><V69/><F69/><W111/><G111/><T37/><D37/><U105/><E105/><V132/><F41/><W122/><G70/><T121/><D121/><U28/><E28/><V59/><F59/><W108/><G108/><T78/><D130/><U103/><E103/><V25/><F73/><W15/><G1/><T129/><D129/><U119/><E119/><V13/><F13/><W11/><G98/><T40/><D40/><U48/><E9/><V54/><F43/><W123/><G10/><T20/><D33/><U67/><E7/><V16/><F97/><W31/><G123/><T118/><D118/><U85/><E66/><V104/><F101/><W26/><G26/><T106/><D106/><U5/><E5/><V95/><F104/><W112/><G112/><T113/><D113/><U94/><E94/><V3/><F95/><W126/><G126/><T27/><D2/><U84/><E81/><V74/><F3/><W128/><G122/><T117/><D117/><U75/><E75/><V56/><F74/><W135/><G128/><T30/><REACH who="0" step="1"/><D55/><REACH who="0" ten="120,180,480,210" step="2"/><U125/><E125/><V17/><F132/><W35/><G135/><T77/><D77/><U44/><AGARI ba="1,1" hai="44,48,53,60,61,64,65,67,84,85,87" m="8713" machi="44" ten="40,1500,0" yaku="8,1" doraHai="29" who="1" fromWho="1" sc="120,-5,180,28,480,-8,210,-5" /><INIT seed="3,0,0,2,3,132" ten="115,208,472,205" oya="3" hai0="73,121,80,54,96,114,46,23,0,133,33,75,3" hai1="15,51,55,76,41,59,49,129,30,135,39,42,107" hai2="128,105,71,53,81,118,78,85,25,91,16,102,11" hai3="98,94,8,62,28,131,82,14,120,1,18,130,95"/><W10/><G120/><T115/><D121/><U125/><E107/><V22/><F128/><N who="3" m="49195" /><G28/><T108/><D33/><U52/><E39/><V2/><F71/><W34/><G34/><T123/><D123/><U50/><E135/><V12/><F118/><W21/><G82/><T103/><D133/><U109/><E129/><V127/><F2/><W83/><G83/><T110/><D23/><U63/><E109/><N who="0" m="42089" /><D46/><U48/><E30/><V6/><F53/><W13/><G1/><N who="0" m="587" /><D54/><N who="1" m="34295" /><E76/><V38/><F38/><W106/><G62/><T119/><D119/><U26/><E26/><V29/><F78/><W84/><G106/><T56/><D56/><N who="1" m="32775" /><E15/><V19/><F105/><W17/><G84/><T89/><D80/><U37/><E37/><V101/><F29/><W47/><G47/><T61/><D61/><U67/><E67/><V90/><F85/><W32/><G32/><T72/><D89/><U31/><E31/><V87/><F91/><N who="3" m="55647" /><G95/><AGARI ba="0,0" hai="72,73,75,95,96,103,114,115" m="587,42089" machi="95" ten="40,1300,0" yaku="14,1" doraHai="132" who="0" fromWho="3" sc="115,13,208,0,472,0,205,-13" /><INIT seed="4,0,0,1,1,45" ten="128,208,472,192" oya="0" hai0="69,63,8,48,31,112,22,82,92,100,101,16,89" hai1="119,85,60,130,128,124,61,52,1,127,115,110,5" hai2="114,105,133,68,59,50,10,125,12,23,87,32,116" hai3="131,107,27,91,120,123,98,62,42,134,97,37,54"/><T29/><D112/><U19/><E119/><V99/><F68/><W126/><G37/><T81/><D8/><N who="1" m="2095" /><E110/><V9/><F32/><W122/><G42/><T58/><D69/><U56/><E115/><V24/><F133/><W18/><G134/><T11/><D11/><U36/><E36/><V74/><F74/><W79/><G131/><N who="1" m="50218" /><E19/><V90/><F114/><W129/><G129/><T57/><D81/><U84/><E61/><V113/><F9/><W41/><G41/><T43/><D82/><U111/><E111/><V83/><F125/><AGARI ba="0,0" hai="52,56,60,84,85,124,125,127" m="50218,2095" machi="125" ten="30,3900,0" yaku="18,1,19,1,54,1" doraHai="45" who="1" fromWho="2" sc="128,0,208,39,472,-39,192,0" /><INIT seed="5,0,0,4,4,106" ten="128,247,433,192" oya="1" hai0="130,31,77,11,37,125,64,109,30,28,38,122,39" hai1="0,16,17,67,128,79,92,48,20,49,104,121,123" hai2="124,69,45,115,46,43,68,56,93,58,65,70,15" hai3="76,129,19,35,132,107,119,94,27,8,32,50,98"/><U82/><E104/><V78/><F78/><W52/><G119/><T44/><D109/><U4/><E128/><V91/><F124/><W10/><G107/><T89/><D125/><U42/><E0/><V51/><F15/><W22/><G129/><T81/><D130/><U116/><E116/><V53/><F93/><W2/><G132/><T24/><D24/><U33/><E33/><V59/><F91/><W5/><G76/><T25/><D25/><U111/><E4/><V54/><F115/><W26/><G10/><T118/><D118/><U97/><E111/><V75/><F75/><W99/><G27/><T101/><D101/><U40/><E67/><V13/><F13/><W23/><G23/><T135/><D64/><U3/><E3/><V1/><F1/><W61/><G61/><T85/><D135/><U41/><E123/><V60/><F46/><W95/><G95/><T9/><D122/><U80/><E121/><V126/><F126/><W131/><G99/><T108/><D108/><U6/><E6/><V57/><AGARI ba="0,0" hai="43,45,51,53,54,56,57,58,59,60,65,68,69,70" machi="57" ten="40,12000,2" yaku="0,1,35,6" doraHai="106" who="2" fromWho="2" sc="128,-30,247,-60,433,120,192,-30" /><INIT seed="6,0,0,4,2,54" ten="98,187,553,162" oya="2" hai0="124,32,110,43,37,71,40,97,36,65,117,119,94" hai1="126,45,11,107,128,115,103,73,86,0,114,101,44" hai2="72,118,35,27,106,105,24,84,64,75,98,21,130" hai3="23,25,13,26,38,88,39,19,102,57,116,99,132"/><V129/><F118/><N who="0" m="45066" /><D32/><U15/><E73/><V113/><F64/><W127/><G116/><T1/><D1/><U49/><E128/><N who="2" m="49259" /><F113/><N who="1" m="43017" /><E126/><V76/><F84/><W122/><G127/><T17/><D124/><U29/><E0/><V18/><F76/><W134/><G122/><T79/><D79/><U59/><E29/><N who="2" m="19903" /><F106/><W48/><G39/><N who="0" m="14923" /><D94/><U91/><E107/><V61/><F61/><W78/><G38/><T74/><D97/><U41/><E103/><AGARI ba="0,0" hai="18,21,24,72,75,98,103,105" m="19903,49259" machi="103" ten="30,1500,0" yaku="19,1" doraHai="54" who="2" fromWho="1" sc="98,0,187,-15,553,15,162,0" /><INIT seed="6,1,0,3,4,111" ten="98,172,568,162" oya="2" hai0="80,47,22,18,76,65,20,130,29,120,97,64,119" hai1="108,134,14,41,13,38,122,27,127,52,75,23,114" hai2="24,103,77,9,74,45,109,0,53,44,57,135,93" hai3="68,78,32,10,132,86,62,124,4,91,3,102,7"/><V49/><F135/><W66/><G132/><T55/><D120/><U94/><E122/><V15/><F109/><W6/><G124/><T31/><D130/><U8/><E75/><V50/><F0/><W46/><G32/><T71/><D119/><U36/><E108/><V125/><F125/><W73/><G102/><T128/><D128/><U83/><E83/><V79/><F24/><W56/><G68/><T107/><D107/><U19/><E41/><V60/><F74/><W113/><G46/><N who="2" m="18025" /><F103/><W35/><G35/><T30/><D97/><U51/><E134/><V69/><F93/><W126/><G126/><T1/><D1/><U104/><E104/><V133/><F69/><W11/><G73/><T110/><D110/><U42/><E127/><V34/><F34/><W100/><G100/><T131/><D131/><U121/><E121/><V61/><F133/><W90/><G78/><N who="2" m="29705" /><F61/><W58/><G3/><T59/><D71/><U70/><E70/><V43/><F43/><W2/><G2/><T40/><D40/><U89/><E42/><V48/><F48/><W96/><G62/><T87/><D47/><N who="1" m="27775" /><E38/><V12/><F12/><W17/><G56/><T25/><REACH who="0" step="1"/><D22/><REACH who="0" ten="88,172,568,162" step="2"/><U92/><E23/><V117/><F117/><W112/><G58/><T39/><D39/><U116/><E36/><V84/><F84/><W33/><G33/><T54/><D54/><U101/><E116/><V37/><F37/><W26/><G86/><T129/><D129/><U67/><E101/><V28/><F53/><W98/><G98/><T16/><D16/><U72/><E19/><V95/><F28/><RYUUKYOKU ba="1,1" sc="88,30,172,-10,568,-10,162,-10" hai0="18,20,25,29,30,31,55,59,64,65,76,80,87" /><INIT seed="7,2,1,4,1,90" ten="118,162,558,152" oya="3" hai0="122,5,55,134,19,133,107,38,79,52,69,18,40" hai1="13,7,89,121,96,76,46,77,109,95,72,88,129" hai2="126,45,42,100,15,85,21,123,128,132,115,56,11" hai3="4,83,102,2,23,70,67,110,17,91,3,74,125"/><W120/><G120/><T10/><D122/><U14/><E72/><V108/><F108/><W131/><G110/><T119/><D119/><U16/><E121/><V39/><F128/><W20/><G131/><T48/><D107/><U51/><E109/><V87/><F132/><N who="0" m="50794" /><D69/><U68/><E68/><V49/><F123/><W66/><G125/><T124/><D124/><U86/><E7/><V101/><F21/><W54/><G102/><T32/><D32/><U12/><E16/><N who="0" m="6185" /><D38/><U116/><E116/><V75/><F75/><W103/><G103/><T114/><D114/><U8/><E129/><V113/><F56/><W93/><G70/><T81/><D40/><N who="1" m="25031" /><E8/><V80/><F126/><W130/><G130/><T111/><D48/><U30/><E30/><V27/><F39/><W33/><G33/><T35/><D35/><U44/><E13/><V34/><F27/><W117/><G117/><T82/><D111/><U26/><E26/><V57/><F34/><W41/><G2/><N who="0" m="311" /><D82/><U106/><E106/><V84/><F57/><W0/><G0/><T37/><D37/><U135/><E135/><V29/><F80/><W31/><G83/><T36/><D36/><U78/><E14/><V61/><F61/><W1/><G1/><T25/><D25/><U22/><E12/><V47/><F47/><W24/><G41/><T118/><D118/><U64/><E22/><V104/><F104/><W92/><G3/><T94/><D94/><N who="3" m="36457" /><G4/><T71/><D71/><U112/><E95/><V53/><F101/><W43/><G43/><T9/><D9/><U127/><E127/><V99/><F100/><RYUUKYOKU ba="2,1" sc="118,30,162,-10,558,-10,152,-10" hai0="52,55,79,81" owari="148,-25.0,152,-5.0,558,66.0,142,-36.0" /></mjloggm>