<mjloggm ver="2.3"><GO type="169" lobby="0"/><UN n0="%E3%81%84%E3%81%A1%E3%81%8B%E3%82%8F%E2%99%AA" n1="%E6%B0%97%E6%A5%BD%E3%81%AB%E6%89%93%E3%81%A4" n2="%EF%BC%88%E2%89%A7%E2%96%BD%E2%89%A6%EF%BC%89" n3="%E5%A5%88%E8%90%BD%E3%81%AE%E7%8E%8B" dan="17,16,17,17" rate="2207.12,2132.67,2125.47,2117.83" sx="M,M,M,M"/><TAIKYOKU oya="0"/><INIT seed="0,0,0,2,3,34" ten="250,250,250,250" oya="0" hai0="74,15,133,111,125,115,82,49,23,36,99,50,132" hai1="2,59,120,30,127,25,65,72,129,22,69,1,75" hai2="113,118,79,5,117,90,20,28,109,123,70,121,27" hai3="114,32,64,87,12,21,48,104,81,14,71,102,60"/><T84/><D74/><U94/><E120/><N who="2" m="46155" /><F70/><W19/><G114/><T93/><D36/><U105/><E105/><V42/><F42/><W68/><G32/><T95/><D115/><U92/><E127/><V57/><F57/><W85/><G85/><T16/><D125/><U0/><E69/><V3/><F79/><W62/><G48/><T110/><D50/><U41/><E129/><V54/><F90/><W6/><G102/><N who="0" m="60783" /><D49/><U47/><E41/><V13/><F54/><W58/><G104/><T88/><D82/><U51/><E47/><V61/><F61/><W83/><G83/><T8/><D23/><U67/><E51/><V53/><F53/><W18/><G6/><T106/><D106/><U45/><E45/><V56/><F56/><W44/><G44/><T77/><D77/><U134/><E59/><V89/><F113/><W33/><G33/><T63/><D63/><U101/><E92/><V116/><F89/><W9/><G62/><T131/><D131/><U10/><E94/><V40/><F40/><W37/><G37/><T86/><D86/><U11/><E101/><V98/><F98/><W76/><AGARI ba="0,0" hai="9,12,14,18,19,21,58,60,64,68,71,76,81,87" machi="76" ten="20,1500,0" yaku="0,1,7,1" doraHai="34" who="3" fromWho="3" sc="250,-7,250,-4,250,-4,250,15" /><INIT seed="1,0,0,5,3,47" ten="243,246,246,265" oya="1" hai0="78,114,100,118,89,30,98,28,72,9,62,109,52" hai1="67,50,37,94,33,96,24,79,135,95,87,104,63" hai2="55,134,130,21,119,71,83,40,70,60,110,80,32" hai3="38,128,39,92,10,65,132,112,68,45,34,0,102"/><U44/><E135/><V88/><F32/><W121/><G92/><T73/><D114/><U127/><E127/><V35/><F35/><W106/><G112/><T97/><D109/><U61/><E37/><V17/><F119/><W25/><G132/><T81/><D73/><U53/><E104/><V19/><F134/><W31/><G45/><T57/><D118/><U48/><E33/><V123/><F123/><W43/><G43/><T36/><D36/><U108/><E108/><V4/><F110/><W85/><G85/><T59/><D9/><U3/><E3/><V91/><F4/><N who="3" m="1287" /><G128/><T51/><D89/><U103/><E24/><V23/><F40/><W101/><G101/><T12/><D12/><U54/><E67/><V56/><F130/><W116/><G121/><T125/><D125/><U117/><E117/><V113/><F113/><W129/><G129/><T5/><D5/><U27/><E27/><N who="2" m="14783" /><F70/><W69/><G69/><T84/><D72/><U6/><E6/><V1/><F71/><W18/><G116/><T133/><D133/><U11/><E11/><V120/><F1/><W64/><G64/><N who="0" m="38991" /><D100/><U107/><E107/><V76/><F120/><W99/><G18/><T86/><D86/><U13/><E13/><N who="2" m="9647" /><F76/><W93/><G106/><T22/><D22/><U20/><E20/><V75/><F75/><W26/><G26/><T131/><D131/><U105/><E105/><V14/><F14/><W2/><G2/><T82/><D82/><AGARI ba="0,0" hai="55,56,60,80,82,83,88,91" m="9647,14783" machi="82" ten="30,2000,0" yaku="8,1,54,1" doraHai="47" who="2" fromWho="0" sc="243,-20,246,0,246,20,265,0" /><INIT seed="2,0,0,4,5,1" ten="223,246,266,265" oya="2" hai0="3,131,130,24,78,99,57,125,89,73,10,121,30" hai1="20,96,103,110,53,92,12,56,122,113,126,39,88" hai2="81,6,109,9,75,123,44,71,74,32,63,26,101" hai3="17,49,134,116,21,48,59,105,102,114,91,22,27"/><V41/><F123/><W64/><G116/><T31/><D121/><U43/><E122/><V69/><F101/><W65/><G134/><T84/><D99/><U104/><E113/><V11/><F11/><W16/><G114/><T129/><D125/><U5/><E126/><V97/><F97/><W124/><G124/><T51/><D78/><U42/><E110/><V35/><F109/><W68/><G68/><N who="2" m="26185" /><F63/><W76/><G76/><T62/><D51/><N who="1" m="30783" /><E39/><N who="2" m="21567" /><F26/><W135/><G135/><T82/><D73/><N who="2" m="27658" /><F81/><W107/><G102/><T117/><D24/><U29/><E103/><V111/><F111/><W66/><G27/><T47/><D47/><U86/><E96/><V100/><F100/><W36/><G36/><T106/><D106/><U13/><E104/><V19/><F19/><W55/><G66/><T2/><D10/><N who="1" m="4175" /><E13/><V115/><F115/><W79/><G79/><T46/><D46/><U83/><E83/><V58/><F58/><W34/><G59/><T77/><D77/><U38/><E38/><V87/><F87/><W37/><G37/><T0/><REACH who="0" step="1"/><D117/><REACH who="0" ten="213,246,266,265" step="2"/><U4/><E86/><V18/><F18/><W61/><G105/><T67/><AGARI ba="0,1" hai="0,2,3,30,31,57,62,67,82,84,89,129,130,131" machi="67" ten="40,12000,2" yaku="1,1,2,1,0,1,19,1,53,2" doraHai="1" doraHaiUra="25" who="0" fromWho="0" sc="213,130,246,-30,266,-60,265,-30" /><INIT seed="3,0,0,0,0,6" ten="343,216,206,235" oya="3" hai0="40,114,108,58,85,89,52,100,53,34,63,97,125" hai1="131,116,76,124,81,130,112,21,30,92,37,10,22" hai2="41,64,5,78,17,132,96,15,11,90,83,79,54" hai3="50,7,91,16,72,113,101,111,84,127,19,73,0"/><W134/><G113/><T13/><D34/><U70/><E112/><V77/><F132/><W46/><G101/><T39/><D108/><U119/><E37/><V49/><F64/><W43/><G134/><T4/><D125/><U45/><E70/><V12/><F41/><W2/><G127/><T74/><D74/><N who="1" m="43159" /><E124/><V23/><F96/><W80/><G111/><T55/><D114/><U33/><E45/><V62/><F62/><W103/><G103/><T14/><D14/><U18/><E92/><V123/><F123/><W44/><G44/><T106/><D40/><U68/><E68/><V9/><F90/><W82/><G2/><T1/><D13/><N who="1" m="7479" /><E33/><V122/><F122/><W26/><G26/><T102/><D39/><U117/><E30/><V29/><F29/><W104/><G104/><T8/><D102/><U126/><E126/><V133/><F133/><W107/><G107/><T42/><REACH who="0" step="1"/><D42/><REACH who="0" ten="333,216,206,235" step="2"/><U36/><E36/><V3/><F3/><W94/><G73/><T98/><D98/><U115/><E115/><V110/><F110/><W56/><G72/><T135/><D135/><U65/><E65/><V27/><F27/><W28/><G0/><T69/><D69/><U121/><E121/><V128/><F23/><AGARI ba="0,1" hai="21,22,23,116,117,119,130,131" m="7479,43159" machi="23" ten="40,2600,0" yaku="12,1,52,1" doraHai="6" who="1" fromWho="2" sc="333,0,216,36,206,-26,235,0" /><INIT seed="4,0,0,1,4,60" ten="333,252,180,235" oya="0" hai0="119,83,45,87,100,113,37,101,130,133,126,97,91" hai1="114,40,58,124,104,88,17,98,70,5,6,30,34" hai2="47,54,134,79,0,105,21,44,41,32,39,51,68" hai3="64,122,15,120,23,95,55,66,53,20,3,29,38"/><T73/><D119/><U132/><E124/><V102/><F32/><W69/><G3/><T90/><D126/><U18/><E132/><V13/><F0/><W7/><G38/><T50/><D37/><U82/><E70/><V10/><F134/><W67/><G69/><T72/><D130/><U106/><E40/><V8/><F79/><W121/><G95/><T86/><D133/><U111/><E111/><V112/><F112/><W74/><G74/><N who="0" m="28779" /><D45/><U135/><E135/><V19/><REACH who="2" step="1"/><F68/><REACH who="2" ten="333,252,170,235" step="2"/><W65/><N who="3" m="16384" /><DORA hai="92" /><W93/><G93/><N who="0" m="56511" /><D50/><U103/><E34/><V2/><F2/><W31/><G121/><T99/><D113/><U108/><E114/><V94/><F94/><W117/><G122/><T1/><D1/><U75/><E108/><V22/><F22/><N who="3" m="8235" /><G120/><T24/><D24/><U56/><E75/><V11/><F11/><N who="3" m="4607" /><G117/><T125/><D125/><U16/><E106/><V110/><F110/><W14/><G14/><T42/><D101/><U26/><E103/><V57/><F57/><W118/><G118/><T80/><D100/><U76/><E56/><V12/><F12/><W131/><G131/><T128/><D128/><U35/><E58/><V96/><AGARI ba="0,1" hai="8,10,13,19,21,39,41,44,47,51,54,96,102,105" machi="96" ten="30,7900,0" yaku="1,1,0,1,52,1,53,1" doraHai="60,92" doraHaiUra="49,109" who="2" fromWho="2" sc="333,-39,252,-20,170,89,235,-20" /><INIT seed="5,0,0,0,5,41" ten="294,232,259,215" oya="1" hai0="16,77,19,131,117,100,114,15,40,132,18,92,101" hai1="87,29,116,96,106,27,8,44,6,59,0,125,34" hai2="105,36,66,129,109,63,37,124,97,72,80,123,93" hai3="25,104,30,31,57,26,83,86,35,128,88,75,135"/><U22/><E116/><V60/><F123/><W103/><G128/><T65/><D77/><U95/><E125/><V119/><F119/><W121/><G121/><T111/><D111/><U20/><E59/><V5/><F105/><W49/><G135/><T23/><D131/><U74/><E74/><V52/><F129/><W43/><G75/><T76/><D76/><U73/><E73/><V78/><F109/><W89/><G104/><T62/><D100/><U64/><E64/><V9/><F124/><W71/><G103/><T21/><D40/><U1/><E1/><V127/><F63/><W4/><G71/><T69/><D114/><U90/><E106/><V118/><F127/><W110/><G4/><T47/><D47/><U42/><REACH who="1" step="1"/><E96/><REACH who="1" ten="294,222,259,215" step="2"/><V67/><F118/><W107/><G107/><T54/><D117/><U11/><E11/><V32/><F67/><W12/><G110/><T53/><D132/><U84/><E84/><V70/><F66/><W13/><G57/><T45/><D65/><U98/><E98/><V115/><F72/><W7/><G86/><T102/><D69/><U51/><AGARI ba="0,1" hai="0,6,8,20,22,27,29,34,42,44,51,87,90,95" machi="51" ten="20,12000,1" yaku="1,1,0,1,7,1,52,1,53,1" doraHai="41" doraHaiUra="91" who="1" fromWho="1" sc="294,-40,222,130,259,-40,215,-40" /><INIT seed="5,1,0,3,4,72" ten="254,352,219,175" oya="1" hai0="14,62,94,16,114,63,48,11,7,73,87,82,112" hai1="57,74,92,96,80,51,18,133,116,26,127,75,38" hai2="70,2,130,69,27,44,42,1,115,0,125,109,59" hai3="135,20,28,54,56,126,119,15,103,33,93,45,81"/><U71/><E116/><V40/><F109/><W124/><G119/><T50/><D94/><U55/><E127/><V21/><F125/><W52/><G135/><T19/><D73/><U3/><E133/><V134/><F134/><W105/><G105/><T53/><D50/><U121/><E121/><V100/><F100/><W83/><G33/><T5/><D19/><U89/><E3/><V37/><F130/><W108/><G108/><T24/><D112/><U117/><E117/><V66/><F42/><W101/><G126/><T32/><D32/><U39/><E71/><V85/><F115/><W104/><G104/><T58/><D114/><U67/><E67/><V34/><F34/><W107/><G107/><T86/><D86/><U9/><E75/><V99/><F99/><N who="3" m="59631" /><G103/><T30/><D30/><U79/><REACH who="1" step="1"/><E26/><REACH who="1" ten="254,342,219,175" step="2"/><V95/><F69/><W4/><G124/><T41/><D24/><U36/><E36/><V6/><F70/><W78/><G15/><AGARI ba="1,1" hai="9,15,18,38,39,51,55,57,74,79,80,89,92,96" machi="15" ten="40,3900,0" yaku="1,1,52,1,53,0" doraHai="72" doraHaiUra="97" who="1" fromWho="3" sc="254,0,342,52,219,0,175,-42" /><INIT seed="5,2,0,3,5,62" ten="254,394,219,133" oya="1" hai0="9,56,45,120,95,11,109,7,67,93,89,55,107" hai1="25,12,31,66,27,97,15,75,38,110,24,122,39" hai2="82,71,46,84,132,57,53,30,102,126,124,133,49" hai3="134,65,99,130,18,128,32,1,28,98,3,114,108"/><U48/><E122/><V77/><F71/><W63/><G108/><T26/><D107/><U33/><E110/><V116/><F116/><W60/><G114/><T43/><D109/><U72/><E48/><N who="2" m="30887" /><F30/><W85/><G134/><N who="2" m="51817" /><F102/><W81/><G18/><T14/><D9/><U68/><E97/><V23/><F23/><W36/><G36/><T129/><D26/><U73/><E33/><V4/><F4/><W91/><G28/><T94/><D67/><U8/><E31/><V103/><F103/><W5/><G32/><T78/><D78/><U76/><E76/><V22/><F22/><W88/><G5/><T100/><D100/><U0/><E0/><V111/><F111/><W50/><G50/><N who="0" m="26943" /><D129/><U47/><E8/><V92/><F92/><W51/><G51/><N who="0" m="30847" /><D120/><U21/><E21/><V125/><F125/><W35/><G35/><T113/><D113/><U112/><E112/><V42/><AGARI ba="2,0" hai="42,46,49,77,82,84,124,126" m="51817,30887" machi="42" ten="30,1100,0" yaku="20,1" doraHai="62" who="2" fromWho="2" sc="254,-5,394,-7,219,17,133,-5" /><INIT seed="6,0,0,2,2,104" ten="249,387,236,128" oya="2" hai0="2,41,12,56,60,55,130,86,40,61,20,9,101" hai1="30,38,128,100,65,118,97,11,103,4,18,62,36" hai2="34,88,87,71,44,119,82,109,74,96,7,37,132" hai3="123,122,49,70,91,79,120,42,108,99,33,31,15"/><V27/><F71/><W47/><G108/><T107/><D2/><N who="1" m="407" /><E100/><V24/><F132/><W92/><G70/><T121/><D130/><U134/><E118/><V59/><F119/><W80/><G15/><T95/><D121/><U43/><E18/><V72/><F109/><W127/><G127/><T102/><D20/><U57/><E134/><V19/><F7/><W105/><G105/><T117/><D61/><U5/><E5/><V69/><F27/><W13/><G13/><T50/><D107/><U66/><E66/><V93/><F69/><W52/><G42/><N who="0" m="16491" /><D60/><U3/><E3/><V26/><F44/><W116/><G116/><T124/><D124/><U63/><E63/><V106/><F37/><W90/><G90/><N who="0" m="53719" /><D117/><U113/><E128/><V125/><F125/><W51/><G51/><T54/><D54/><U73/><E38/><V133/><F19/><AGARI ba="0,0" hai="9,12,19,50,55,56,101,102" m="53719,16491" machi="19" ten="30,1000,0" yaku="8,1" doraHai="104" who="0" fromWho="2" sc="249,10,387,0,236,-10,128,0" /><INIT seed="7,0,0,2,1,117" ten="259,387,226,128" oya="3" hai0="2,92,116,41,3,119,101,60,54,103,67,7,57" hai1="134,16,121,12,114,107,62,45,113,86,106,94,120" hai2="80,109,95,132,34,90,128,59,63,71,30,32,28" hai3="66,110,115,108,122,64,11,10,4,118,75,51,93"/><W97/><G118/><T22/><D41/><U38/><E134/><V13/><F71/><W98/><G75/><T48/><D116/><U77/><E62/><V135/><F109/><N who="3" m="42091" /><G115/><N who="1" m="44042" /><E38/><V58/><F132/><W61/><G51/><T9/><D3/><U44/><E106/><V111/><F135/><W100/><G98/><T88/><D22/><N who="1" m="11527" /><E107/><V37/><F37/><W112/><G112/><T49/><D49/><U15/><E15/><V74/><F111/><W130/><G130/><T21/><D21/><U104/><E104/><V79/><F128/><W26/><G26/><T39/><D39/><U20/><E20/><V82/><F74/><W36/><G36/><T81/><D81/><N who="1" m="47407" /><E94/><V65/><F58/><N who="3" m="36919" /><G66/><T68/><REACH who="0" step="1"/><D119/><REACH who="0" ten="249,387,226,128" step="2"/><U17/><E17/><V105/><F32/><W102/><G102/><T70/><D70/><U27/><E27/><V47/><F34/><W42/><G42/><T126/><D126/><U87/><E87/><AGARI ba="0,1" hai="2,7,9,48,54,57,60,67,68,87,88,92,101,103" machi="87" ten="30,3900,0" yaku="1,1,7,1,54,1,53,0" doraHai="117" doraHaiUra="129" who="0" fromWho="1" sc="249,49,387,-39,226,0,128,0" owari="298,10.0,348,44.0,226,-17.0,128,-37.0" /></mjloggm>