<mjloggm ver="2.3"><GO type="41"/><UN n0="%E3%82%A6%E3%83%AB%E3%83%88%E3%83%A9%E7%AB%8B%E7%9B%B4" n1="%E5%A4%A7%E5%9B%9B%E5%85%83" n2="%E3%82%B5%E3%83%90%E3%82%A8%E3%83%96" n3="%E8%8B%A5%E4%BA%BA%E3%81%82%E3%81%8D%E3%82%89" dan="15,14,15,13" rate="2002,1876,1951,1845" sx="M,F,M,M"/><TAIKYOKU oya="0"/><INIT seed="0,0,0,2,4,55" ten="250,250,250,250" oya="0" hai0="115,50,105,36,24,23,20,29,42,64,21,83,94" hai1="0,35,76,129,34,41,123,61,98,68,46,27,18" hai2="69,111,49,116,16,112,128,5,107,90,74,4,84" hai3="103,102,117,104,100,58,15,66,114,79,26,130,127"/><T13/><D36/><U92/><E123/><V77/><F112/><W89/><G114/><T39/><D105/><U47/><E0/><V37/><F69/><W75/><G117/><T62/><D39/><U28/><E129/><V17/><F37/><W120/><G130/><T132/><D115/><U10/><E34/><V48/><F128/><W85/><G120/><T51/><D132/><U118/><E76/><V59/><F116/><W8/><G127/><T54/><D83/><U91/><E118/><V43/><F107/><W19/><G79/><T33/><D42/><U119/><E41/><V131/><F74/><W97/><G75/><T101/><D13/><U52/><E119/><V99/><F131/><W106/><G26/><T72/><D72/><U45/><E18/><N who="2" m="7275" /><F111/><W108/><G108/><T25/><D25/><U86/><E10/><V113/><F113/><W71/><G71/><T60/><D64/><U125/><E125/><V30/><F30/><W96/><G102/><T3/><D3/><U133/><E133/><V81/><F43/><W80/><G66/><T38/><D38/><U9/><E9/><V14/><F14/><W124/><G124/><T87/><D101/><U93/><E68/><V65/><F48/><W31/><G31/><T109/><D109/><U53/><REACH who="1" step="1"/><E61/><REACH who="1" ten="250,240,250,250" step="2"/><N who="2" m="38079" /><F49/><W32/><G32/><T73/><D51/><U63/><E63/><V57/><F57/><AGARI ba="0,1" hai="8,15,19,57,58,80,85,89,96,97,100,103,104,106" machi="57" ten="40,5200,0" yaku="9,1,52,2" doraHai="55" who="3" fromWho="2" sc="250,0,240,0,250,-52,250,62" /><INIT seed="1,0,0,5,0,75" ten="250,240,198,312" oya="1" hai0="51,12,20,3,70,74,80,128,108,6,134,28,105" hai1="55,9,22,43,10,61,100,73,67,14,42,125,35" hai2="104,126,103,91,82,32,71,84,112,120,111,29,127" hai3="115,129,19,96,116,16,114,72,18,119,58,5,38"/><U15/><E73/><V63/><F120/><W62/><G38/><T88/><D70/><U56/><E35/><V133/><F112/><W13/><G129/><T66/><D105/><U94/><E125/><N who="2" m="47627" /><F32/><W68/><G68/><T49/><D66/><U17/><E94/><V65/><F29/><W98/><G72/><T41/><D128/><U101/><E43/><V86/><F111/><W23/><G5/><T48/><D41/><U109/><E109/><V21/><F21/><W77/><G77/><T47/><D47/><U132/><E42/><V102/><F133/><W130/><G130/><T24/><D3/><U121/><E121/><V53/><F104/><W113/><G23/><T131/><D131/><U0/><E0/><V1/><F1/><W117/><G13/><T93/><D134/><U79/><E79/><N who="2" m="46175" /><F53/><AGARI ba="0,0" hai="16,18,19,53,58,62,96,98,113,114,115,116,117,119" machi="53" ten="50,8000,1" yaku="29,2,12,1,54,1" doraHai="75" who="3" fromWho="2" sc="250,0,240,0,198,-80,312,80" /><INIT seed="2,0,0,3,5,87" ten="250,240,118,392" oya="2" hai0="52,23,13,62,99,39,85,28,121,115,22,11,59" hai1="104,29,15,84,60,114,108,80,51,70,65,113,95" hai2="8,92,66,102,79,90,118,9,5,111,116,54,37" hai3="32,61,133,2,41,63,71,42,74,131,109,21,12"/><V19/><F37/><W36/><G2/><T98/><D39/><U27/><E104/><V14/><F102/><W40/><G32/><T89/><D115/><U130/><E108/><V57/><F66/><W110/><G74/><T38/><D38/><U128/><E51/><V0/><F79/><W76/><G76/><T58/><D58/><U33/><E95/><V69/><F69/><W77/><G77/><T48/><D62/><U47/><E47/><V6/><F111/><N who="3" m="42507" /><G131/><N who="1" m="50218" /><E15/><V68/><F68/><W10/><G21/><T44/><D59/><U72/><E72/><V56/><F56/><W107/><G107/><T117/><D117/><U26/><E26/><V50/><REACH who="2" step="1"/><F5/><REACH who="2" ten="250,240,108,392" step="2"/><W100/><G71/><T18/><D121/><U30/><E114/><V103/><F103/><W75/><G100/><T129/><D129/><U53/><E113/><V86/><AGARI ba="0,1" hai="0,6,8,9,14,19,50,54,57,86,90,92,116,118" machi="86" ten="20,7800,0" yaku="1,1,0,1,7,1,52,1,53,0" doraHai="87" doraHaiUra="97" who="2" fromWho="2" sc="250,-26,240,-26,108,88,392,-26" /><INIT seed="2,1,0,4,0,121" ten="224,214,196,366" oya="2" hai0="5,62,77,63,31,71,18,82,1,55,58,73,19" hai1="16,112,111,36,66,92,24,81,45,125,23,38,117" hai2="98,133,126,109,93,89,70,116,53,34,127,25,97" hai3="110,130,7,37,56,94,86,20,102,72,78,14,95"/><V54/><F116/><W129/><G37/><T50/><D31/><U30/><E117/><V46/><F70/><W47/><G72/><T124/><D124/><N who="2" m="47658" /><F133/><W22/><G47/><T67/><D5/><U51/><E125/><V26/><F98/><W123/><G123/><T122/><D1/><U108/><E112/><V84/><F97/><W10/><G102/><T131/><D122/><U91/><E81/><V12/><F12/><W85/><G56/><T8/><D8/><U27/><E66/><V28/><F25/><W105/><G105/><T15/><D15/><U80/><E80/><V134/><F134/><W104/><G104/><T59/><D131/><U29/><E29/><V135/><F135/><W57/><G57/><T43/><D43/><U61/><E61/><V42/><F109/><N who="1" m="42057" /><E92/><V21/><F34/><W33/><G95/><T107/><D107/><U88/><E51/><AGARI ba="1,0" hai="21,26,28,42,46,51,53,54,84,89,93" m="47658" machi="51" ten="30,1500,0" yaku="18,1" doraHai="121" who="2" fromWho="1" sc="224,0,214,-18,196,18,366,0" /><INIT seed="2,2,0,5,3,97" ten="224,196,214,366" oya="2" hai0="64,10,13,35,14,106,73,74,45,29,47,54,90" hai1="37,121,44,81,78,94,85,98,103,23,133,56,25" hai2="31,6,127,125,82,48,18,4,79,9,21,42,131" hai3="105,118,33,69,16,61,96,62,130,86,38,66,84"/><V132/><F31/><W27/><G118/><T91/><D29/><U122/><E133/><V5/><F132/><W50/><G38/><T26/><D64/><U30/><E56/><V112/><F112/><W114/><G114/><T7/><D26/><U24/><E24/><V135/><F135/><W22/><G61/><T65/><D65/><U107/><E44/><V126/><F131/><W111/><G111/><T68/><D106/><U71/><E71/><V108/><F108/><W76/><G76/><T43/><D10/><U11/><E11/><V134/><F134/><W52/><G33/><T3/><D7/><U80/><E80/><V36/><F36/><W39/><G39/><T57/><D57/><U83/><E83/><V59/><F42/><W41/><G41/><T17/><D17/><U53/><E53/><N who="2" m="32167" /><F82/><W88/><G130/><T102/><D43/><U117/><E37/><V113/><F79/><W116/><G116/><T2/><D54/><U120/><REACH who="1" step="1"/><E107/><REACH who="1" ten="224,186,214,366" step="2"/><V40/><F113/><W115/><G115/><T0/><D68/><U101/><E101/><V93/><F93/><W72/><G72/><T110/><D110/><U8/><E8/><V109/><F109/><W1/><G105/><T19/><D74/><U12/><E12/><N who="2" m="9415" /><F40/><W49/><G1/><AGARI ba="2,1" hai="1,4,5,6,9,125,126,127" m="9415,32167" machi="1" ten="30,1500,0" yaku="18,1" doraHai="97" who="2" fromWho="3" sc="224,0,186,0,214,31,366,-21" /><INIT seed="2,3,0,0,2,25" ten="224,186,245,345" oya="2" hai0="71,124,0,47,120,65,44,116,125,49,84,93,42" hai1="110,95,55,61,87,82,132,127,103,1,122,45,113" hai2="20,133,4,31,29,67,114,123,69,79,99,129,64" hai3="131,126,36,33,70,115,130,109,98,134,128,10,63"/><V119/><F123/><W21/><G36/><T5/><D84/><U54/><E113/><V48/><F119/><W46/><G115/><T23/><D93/><U53/><E122/><V13/><F114/><W73/><G73/><T101/><D101/><U18/><E110/><V80/><F69/><W111/><G33/><T135/><D5/><U121/><E121/><V58/><F129/><W108/><G98/><T106/><D0/><U74/><E74/><V2/><F2/><W57/><G10/><T14/><D106/><U60/><E132/><V72/><F99/><W30/><G21/><T91/><D91/><U107/><E107/><V68/><F133/><W76/><G76/><T97/><D97/><N who="1" m="59839" /><E127/><V50/><F68/><W118/><G30/><N who="2" m="11273" /><F72/><W22/><G22/><T100/><D120/><U96/><E96/><V81/><F79/><W12/><G12/><T3/><D23/><U83/><E1/><V88/><F80/><N who="1" m="30761" /><E87/><N who="2" m="50287" /><F4/><W75/><G134/><T28/><D135/><U6/><E6/><V66/><F58/><W86/><G75/><T40/><D3/><U89/><E89/><V92/><F92/><W19/><G70/><T17/><D71/><U43/><E18/><AGARI ba="3,0" hai="13,18,20,48,50,64,66,67" m="50287,11273" machi="18" ten="30,12000,1" yaku="8,1,52,3,54,1" doraHai="25" who="2" fromWho="1" sc="224,0,186,-129,245,129,345,0" /><INIT seed="2,4,0,0,1,91" ten="224,57,374,345" oya="2" hai0="128,61,14,120,22,117,105,70,89,46,57,11,36" hai1="123,55,113,40,106,63,94,19,64,42,2,26,115" hai2="76,133,124,38,3,92,5,45,28,50,33,71,86" hai3="73,81,4,110,118,132,20,58,131,67,130,88,135"/><V53/><F71/><W66/><G118/><T125/><D22/><U108/><E2/><V97/><F124/><W127/><G4/><T107/><D70/><U111/><E106/><V21/><F133/><N who="3" m="51275" /><G110/><N who="1" m="42026" /><E26/><N who="2" m="16463" /><F38/><W37/><G37/><T72/><D72/><U134/><E19/><V17/><F33/><W0/><G0/><T44/><D128/><N who="3" m="49193" /><G20/><T13/><D36/><U85/><E134/><V98/><F3/><W48/><G48/><T18/><D117/><U9/><E9/><V15/><F5/><W27/><G27/><T82/><D14/><U78/><E123/><V47/><F47/><W77/><G58/><T95/><D120/><U96/><E55/><V6/><F6/><W23/><G23/><T68/><D68/><N who="1" m="42015" /><E78/><V10/><F76/><W84/><G127/><T114/><D125/><U103/><E85/><V29/><F29/><W87/><G73/><T109/><D109/><U24/><E24/><V34/><F34/><W60/><G60/><T122/><D122/><U35/><E35/><V54/><F54/><W59/><G59/><T126/><D57/><U69/><E69/><V93/><F86/><W41/><G41/><AGARI ba="4,0" hai="40,41,42,94,96,103,113,115" m="42015,42026" machi="41" ten="30,2000,0" yaku="14,1,52,1" doraHai="91" who="1" fromWho="3" sc="224,0,57,32,374,0,345,-32" /><INIT seed="3,0,0,1,0,76" ten="224,89,374,313" oya="3" hai0="133,31,51,35,43,75,24,68,77,96,123,94,58" hai1="36,64,32,93,41,69,10,49,71,57,13,109,105" hai2="120,33,74,27,70,119,17,47,97,134,128,126,84" hai3="99,110,39,95,135,50,53,2,22,107,0,104,18"/><W26/><G39/><T118/><D123/><U79/><E105/><V101/><F120/><W80/><G135/><T60/><D118/><U100/><E109/><V19/><F119/><W98/><G110/><T45/><D133/><U59/><E32/><V85/><F74/><W6/><G6/><T20/><D68/><U129/><E36/><V28/><F134/><W11/><G11/><T38/><D35/><U103/><E129/><V61/><F128/><W106/><G80/><T67/><D77/><U5/><E71/><V34/><F34/><W40/><G40/><T37/><REACH who="0" step="1"/><D75/><REACH who="0" ten="214,89,374,313" step="2"/><U92/><E69/><V90/><F126/><W62/><G62/><T82/><D82/><U73/><E73/><V46/><F70/><W44/><REACH who="3" step="1"/><G98/><REACH who="3" ten="214,89,374,303" step="2"/><T81/><D81/><U87/><E79/><V130/><F61/><W124/><G124/><T86/><D86/><U54/><E87/><V8/><F130/><W14/><G14/><T88/><AGARI ba="0,2" hai="20,24,31,37,38,43,45,51,58,60,67,88,94,96" machi="88" ten="20,8000,1" yaku="1,1,0,1,7,1,54,1,53,1" doraHai="76" doraHaiUra="89" who="0" fromWho="0" sc="214,100,89,-20,374,-20,303,-40" /><INIT seed="4,0,0,2,0,12" ten="314,69,354,263" oya="0" hai0="56,4,127,78,121,124,59,107,109,135,13,66,16" hai1="94,108,115,128,130,98,129,64,34,19,120,114,87" hai2="99,71,73,42,95,9,18,123,118,90,35,54,83" hai3="44,96,97,82,67,65,57,126,43,0,88,48,84"/><T133/><D107/><U131/><E34/><V62/><F123/><W117/><G0/><T63/><D121/><U45/><E120/><V39/><F35/><W111/><G117/><T68/><D4/><U119/><E64/><V132/><F118/><W86/><G111/><T15/><D15/><U60/><E108/><V20/><F132/><N who="0" m="50762" /><D78/><U92/><E119/><V134/><F134/><W101/><G126/><N who="0" m="48171" /><D109/><U80/><E60/><V102/><F9/><AGARI ba="0,0" hai="9,13,16,56,59,63,66,68" m="48171,50762" machi="9" ten="30,11600,0" yaku="20,1,18,1,52,1,54,1" doraHai="12" who="0" fromWho="2" sc="314,116,69,0,354,-116,263,0" /><INIT seed="4,1,0,3,4,73" ten="430,69,238,263" oya="0" hai0="69,51,107,7,75,92,100,59,124,111,62,82,70" hai1="13,22,43,46,117,45,86,129,122,130,132,125,19" hai2="55,121,85,101,9,110,53,56,39,76,64,67,126" hai3="96,2,0,52,3,93,60,12,58,40,83,28,17"/><T48/><D107/><U115/><E122/><V114/><F110/><W54/><G28/><T74/><D7/><U38/><E117/><V34/><F121/><W90/><G40/><T105/><D105/><U41/><E125/><V24/><F39/><W29/><G29/><T35/><D35/><U36/><E132/><V16/><F126/><W112/><G112/><T118/><D124/><U47/><E115/><V78/><F114/><W4/><G4/><T131/><D82/><U98/><E98/><V57/><F34/><W79/><G54/><N who="2" m="20489" /><F101/><W95/><G95/><T15/><D100/><U20/><E47/><V89/><F64/><W27/><G27/><T14/><D92/><U26/><REACH who="1" step="1"/><E86/><REACH who="1" ten="430,59,238,263" step="2"/><V123/><F123/><W133/><G133/><T44/><D118/><U94/><E94/><N who="2" m="54575" /><F67/><W37/><G37/><T65/><D65/><U25/><E25/><V66/><F66/><W18/><REACH who="3" step="1"/><G12/><REACH who="3" ten="430,59,238,253" step="2"/><T33/><D14/><U71/><E71/><V8/><F24/><W50/><G50/><T63/><D51/><U135/><E135/><V10/><F16/><AGARI ba="1,2" hai="13,16,19,20,22,26,36,38,41,43,45,46,129,130" machi="16" ten="40,5200,0" yaku="1,1,9,1,54,1,53,0" doraHai="73" doraHaiUra="120" who="1" fromWho="2" sc="430,0,59,75,238,-55,253,0" /><INIT seed="5,0,0,2,2,73" ten="430,134,183,253" oya="1" hai0="27,30,93,55,38,46,48,124,23,106,121,112,33" hai1="102,50,19,118,40,61,43,28,32,92,126,72,86" hai2="35,39,98,127,68,63,15,85,57,2,52,116,76" hai3="5,79,74,107,12,75,45,80,37,22,18,81,4"/><U60/><E118/><V108/><F2/><W101/><G107/><T128/><D106/><U31/><E126/><V70/><F108/><W130/><G130/><T44/><D128/><U8/><E72/><V96/><F116/><W36/><G101/><T20/><D124/><U66/><E32/><V16/><F127/><W82/><G82/><T21/><D112/><U49/><E66/><V87/><F35/><W69/><G69/><T53/><D121/><U134/><E134/><V65/><F39/><W132/><G132/><T41/><D93/><U100/><E8/><N who="2" m="6247" /><F68/><W14/><G14/><T115/><D115/><U6/><E92/><V84/><F70/><W111/><G111/><T62/><D62/><U24/><E24/><V133/><F133/><W13/><G13/><T119/><D119/><U42/><E19/><V29/><F29/><N who="1" m="11337" /><E6/><V34/><F34/><W123/><G123/><T7/><D7/><U94/><E94/><V104/><F104/><W11/><G11/><T64/><D64/><U17/><E17/><V59/><F76/><W131/><G37/><T67/><D67/><U54/><E86/><N who="2" m="22019" /><V95/><DORA hai="110" /><F95/><W9/><G131/><T58/><D33/><U0/><E0/><V99/><F99/><W88/><G9/><T26/><D30/><U113/><E113/><V83/><F83/><W10/><G10/><T122/><D122/><U56/><E61/><AGARI ba="0,0" hai="52,57,59,61,63,65,96,98" m="22019,6247" machi="61" ten="30,3900,0" yaku="8,1,54,2" doraHai="73,110" who="2" fromWho="1" sc="430,0,134,-39,183,39,253,0" /><INIT seed="6,0,0,2,1,127" ten="430,95,222,253" oya="2" hai0="125,66,7,131,88,128,102,31,17,11,51,48,108" hai1="19,46,86,20,1,130,41,59,115,83,129,61,68" hai2="111,22,123,118,124,40,23,87,36,18,113,32,57" hai3="12,24,14,2,67,44,28,80,72,97,15,81,49"/><V35/><F123/><W55/><G2/><T6/><D102/><U43/><E1/><V120/><F118/><W109/><G109/><T10/><D66/><U38/><E115/><V64/><F120/><W100/><G67/><T69/><D69/><U95/><E95/><V60/><F60/><W98/><G72/><T85/><D31/><U37/><E68/><V89/><F89/><W122/><G122/><T126/><D17/><U13/><E43/><V77/><F113/><W16/><G16/><T58/><D58/><U90/><REACH who="1" step="1"/><E37/><REACH who="1" ten="430,85,222,253" step="2"/><V133/><F36/><W27/><G81/><T26/><D108/><U119/><E119/><V92/><F111/><W96/><G80/><T8/><D125/><U91/><E91/><V62/><F124/><W112/><G100/><T30/><D126/><U82/><E82/><V53/><F77/><W78/><G78/><T65/><D88/><U9/><E9/><V107/><F40/><W47/><G112/><T25/><D11/><U63/><E63/><V114/><F107/><W71/><G71/><T75/><D10/><U42/><E42/><V45/><F114/><W73/><G73/><T103/><D8/><U39/><E39/><V135/><F135/><W117/><G117/><T76/><D75/><U93/><E93/><V106/><F133/><W110/><G110/><T101/><D76/><U105/><E105/><V33/><F106/><W74/><G74/><T121/><D121/><U94/><E94/><V99/><F62/><W52/><G28/><T70/><D70/><U116/><E116/><V5/><F5/><W134/><G134/><RYUUKYOKU ba="0,1" sc="430,-15,85,15,222,-15,253,15" hai1="13,19,20,38,41,46,59,61,83,86,90,129,130" hai3="12,14,15,24,27,44,47,49,52,55,96,97,98" /><INIT seed="7,1,1,1,2,37" ten="415,100,207,268" oya="3" hai0="110,47,129,73,59,80,11,34,22,95,31,133,91" hai1="57,18,131,45,43,106,4,92,65,100,123,90,36" hai2="16,8,46,118,5,27,87,21,67,79,30,6,24" hai3="108,119,15,96,81,134,53,17,99,19,77,66,102"/><W14/><G119/><T86/><D34/><U111/><E111/><V97/><F118/><W62/><G108/><T26/><D110/><U109/><E123/><V13/><F67/><W2/><G2/><T23/><D73/><U98/><E131/><V32/><F97/><W76/><G53/><T120/><D120/><U124/><E124/><V114/><F114/><W128/><G128/><T103/><D129/><U39/><E4/><N who="2" m="1643" /><F87/><W94/><G134/><T74/><D74/><U121/><E121/><V126/><F79/><W82/><G96/><N who="0" m="59807" /><D11/><U38/><E109/><V28/><F46/><W48/><G48/><T55/><D23/><U127/><E127/><V85/><F85/><W42/><G42/><T7/><D7/><U107/><E18/><N who="3" m="6666" /><G62/><N who="0" m="36223" /><D133/><U125/><E125/><V1/><F126/><W93/><G66/><T54/><D54/><U78/><E78/><N who="3" m="30314" /><G93/><T49/><D49/><U130/><E130/><V64/><F64/><W104/><G104/><T113/><D113/><U84/><REACH who="1" step="1"/><E107/><REACH who="1" ten="415,90,207,268" step="2"/><V63/><F63/><AGARI ba="1,2" hai="36,38,39,43,45,57,63,65,84,90,92,98,100,106" machi="63" ten="40,5200,0" yaku="1,1,2,1,52,1,53,0" doraHai="37" doraHaiUra="0" who="1" fromWho="2" sc="415,0,90,75,207,-55,268,0" owari="415,51.0,165,-23.0,152,-35.0,268,7.0" /></mjloggm>