<mjloggm ver="2.3"><GO type="41"/><UN n0="%E3%82%A6%E3%83%AB%E3%83%88%E3%83%A9%E7%AB%8B%E7%9B%B4" n1="%E3%82%B3%E3%83%8B%E3%83%95%E3%82%A1%E3%83%BC%E3%82%B9" n2="%64%61%6D%65%70%6F%73" n3="%E3%81%AE%E3%81%B6%E3%81%AA%E3%81%8C%EF%BC%97%EF%BC%93" dan="15,13,13,14" rate="1953,1957,1846,1889" sx="M,M,F,F"/><TAIKYOKU oya="0"/><INIT seed="0,0,0,3,2,7" ten="250,250,250,250" oya="0" hai0="54,49,39,92,16,85,66,129,50,0,59,42,24" hai1="89,4,75,61,44,78,126,79,82,125,133,132,22" hai2="87,80,8,123,23,28,1,122,11,98,48,41,103" hai3="121,17,65,73,102,109,57,83,21,96,3,104,47"/><T43/><D0/><U63/><E44/><V105/><F1/><W120/><G3/><T95/><D39/><U14/><E89/><V13/><F123/><W112/><G112/><T62/><D129/><U35/><E35/><V55/><F41/><W119/><G119/><T18/><D50/><U91/><E91/><V64/><F64/><W90/><G47/><T6/><D6/><U117/><E117/><V124/><F124/><N who="1" m="47721" /><E78/><V106/><F105/><W36/><G36/><T74/><D74/><U70/><E70/><V45/><F122/><W72/><G120/><T69/><D85/><U33/><E33/><V111/><F111/><W37/><G37/><T93/><REACH who="0" step="1"/><D24/><REACH who="0" ten="240,250,250,250" step="2"/><U20/><E61/><V34/><F34/><W100/><G121/><T32/><D32/><U19/><E63/><V25/><REACH who="2" step="1"/><F13/><REACH who="2" ten="240,250,240,250" step="2"/><N who="3" m="9391" /><G73/><T116/><D116/><U115/><E75/><V76/><AGARI ba="0,2" hai="8,11,23,25,28,45,48,55,76,80,87,98,103,106" machi="76" ten="20,8000,1" yaku="1,1,0,1,7,1,52,2,53,0" doraHai="7" doraHaiUra="110" who="2" fromWho="2" sc="240,-40,250,-20,240,100,250,-20" /><INIT seed="1,0,0,5,4,24" ten="200,230,340,230" oya="1" hai0="38,79,83,48,28,132,1,99,110,19,86,16,3" hai1="42,25,111,88,72,34,122,97,102,128,17,57,56" hai2="4,91,52,65,114,29,116,32,9,104,74,126,123" hai3="130,23,131,30,50,27,84,100,113,35,109,59,98"/><U119/><E119/><V11/><F104/><W68/><G68/><T85/><D38/><U121/><E72/><V106/><F106/><W8/><G113/><T15/><D132/><U63/><E128/><N who="3" m="49194" /><G109/><T62/><D110/><U39/><E111/><V43/><F74/><W41/><G84/><T61/><D99/><U133/><E133/><V21/><F32/><W6/><G35/><T118/><D118/><U77/><E77/><V54/><F65/><W108/><G108/><T14/><D48/><U58/><E63/><V89/><F43/><W44/><G59/><T129/><D129/><U82/><E42/><V134/><F114/><W26/><G26/><T53/><D53/><U87/><E39/><V120/><F116/><W135/><G135/><T94/><D94/><U71/><E71/><V0/><F134/><W33/><G33/><T31/><D83/><U92/><REACH who="1" step="1"/><E17/><REACH who="1" ten="200,220,340,230" step="2"/><V20/><F126/><W105/><G6/><T78/><AGARI ba="0,1" hai="1,3,14,15,16,19,28,31,61,62,78,79,85,86" machi="78" ten="25,12000,2" yaku="0,1,22,2,52,2,54,1" doraHai="24" who="0" fromWho="0" sc="200,130,220,-60,340,-30,230,-30" /><INIT seed="2,0,0,0,0,18" ten="330,160,310,200" oya="2" hai0="60,118,105,85,50,65,47,28,66,17,77,57,12" hai1="83,129,26,15,70,58,90,104,27,42,92,6,133" hai2="53,11,106,89,101,22,110,131,39,21,109,59,69" hai3="49,119,64,112,130,24,121,99,102,67,84,5,2"/><V36/><F69/><W98/><G130/><T34/><D105/><U45/><E129/><V100/><F11/><W44/><G121/><T32/><D28/><U123/><E123/><V127/><F131/><W122/><G122/><T80/><D66/><U14/><E104/><V33/><F33/><W126/><G119/><T37/><D37/><N who="2" m="14410" /><F89/><W25/><G99/><T29/><D29/><U8/><E70/><V3/><F3/><W125/><G112/><T94/><D94/><U117/><E117/><V52/><F127/><N who="3" m="48651" /><G84/><T78/><D118/><U124/><E133/><V91/><F91/><W75/><G75/><T48/><D48/><U41/><E124/><V128/><F59/><W38/><G38/><T96/><D96/><U9/><E58/><V56/><F56/><W132/><G132/><T13/><D13/><U134/><E83/><V68/><F68/><W71/><G71/><T43/><REACH who="0" step="1"/><D77/><REACH who="0" ten="320,160,310,200" step="2"/><U16/><E134/><V93/><F106/><N who="3" m="63831" /><G67/><T0/><D0/><U35/><E35/><V79/><F79/><W4/><G64/><T108/><D108/><N who="2" m="41578" /><F93/><W23/><G2/><T46/><D46/><U120/><E45/><V114/><F128/><W76/><G76/><T115/><D115/><U95/><E92/><V72/><F114/><W135/><G135/><T30/><D30/><U10/><E120/><V1/><F1/><W62/><G25/><T19/><D19/><N who="1" m="8647" /><E26/><V31/><F31/><N who="3" m="17823" /><G62/><T81/><D81/><U51/><E27/><V107/><F107/><W86/><G86/><T63/><D63/><U82/><E82/><V97/><F72/><W87/><G87/><RYUUKYOKU ba="0,1" sc="320,15,160,-15,310,-15,200,15" hai0="12,17,32,34,43,47,50,57,60,65,78,80,85" hai3="4,5,44,49" /><INIT seed="3,1,1,1,3,117" ten="335,145,295,215" oya="3" hai0="99,130,107,13,6,123,8,100,98,58,85,131,82" hai1="106,96,103,54,112,80,41,60,89,33,127,40,104" hai2="78,14,35,135,102,88,116,73,47,90,64,95,120" hai3="45,5,17,62,25,49,27,52,67,97,81,61,119"/><W26/><G119/><T36/><D36/><U10/><E112/><V9/><F35/><W71/><G5/><T0/><D99/><U23/><E33/><V118/><F64/><W93/><G81/><T55/><D13/><U30/><E127/><V115/><F115/><W66/><G17/><T51/><D123/><U53/><E10/><V92/><F135/><W105/><G105/><T72/><REACH who="0" step="1"/><D72/><REACH who="0" ten="325,145,295,215" step="2"/><U122/><E106/><V31/><F73/><W4/><G4/><T29/><D29/><U69/><E122/><V63/><F31/><W94/><REACH who="3" step="1"/><G97/><REACH who="3" ten="325,145,295,205" step="2"/><T37/><D37/><U59/><E96/><V42/><F116/><W108/><G108/><T18/><D18/><U74/><E104/><V28/><F118/><W68/><AGARI ba="1,3" hai="25,26,27,45,49,52,61,62,66,67,68,71,93,94" machi="68" ten="30,11700,0" yaku="1,1,0,1,9,1,54,1,53,0" doraHai="117" doraHaiUra="132" who="3" fromWho="3" sc="325,-40,145,-40,295,-40,205,150" /><INIT seed="3,2,0,3,5,117" ten="285,105,255,355" oya="3" hai0="90,50,119,68,56,48,24,44,15,135,96,64,17" hai1="63,128,16,6,27,0,80,97,124,31,123,39,10" hai2="88,75,130,126,121,87,82,59,2,122,79,70,114" hai3="49,81,32,41,134,29,95,85,104,60,4,129,40"/><W47/><G104/><T33/><D68/><U9/><E39/><V11/><F70/><W58/><G4/><T61/><D119/><U86/><E124/><V131/><F59/><W43/><G134/><T19/><D135/><U23/><E128/><N who="2" m="49195" /><F126/><W92/><G129/><T101/><D33/><U127/><E127/><V116/><F116/><W62/><G62/><T51/><D90/><U36/><E36/><V111/><F111/><W14/><G14/><T74/><D74/><U103/><E123/><N who="2" m="47115" /><F11/><W38/><G38/><T55/><D24/><U89/><E63/><V118/><F118/><W73/><G73/><T110/><D110/><U34/><E10/><V53/><F53/><W65/><G41/><T12/><D55/><U77/><E31/><V54/><F2/><W102/><G40/><T106/><D44/><U71/><E34/><V133/><F54/><W20/><G32/><T84/><D56/><U72/><E71/><V67/><F133/><W115/><G29/><T25/><D64/><U76/><E72/><V125/><F67/><W5/><G65/><T112/><D61/><U42/><E42/><V91/><F125/><W21/><G60/><T93/><D50/><U45/><E45/><V13/><F114/><W26/><G115/><T35/><D112/><U22/><E23/><V57/><F57/><W107/><G58/><T100/><D35/><U52/><E52/><V1/><F1/><W132/><G132/><T7/><D51/><U18/><E18/><N who="0" m="6665" /><D48/><U28/><E28/><V69/><F69/><W30/><G49/><T37/><D37/><U66/><E66/><RYUUKYOKU ba="2,0" sc="285,-10,105,30,255,-10,355,-10" hai1="0,6,9,16,22,27,76,77,80,86,89,97,103" /><INIT seed="4,3,0,4,4,30" ten="275,135,245,345" oya="0" hai0="60,33,58,132,133,39,84,66,48,40,27,23,47" hai1="85,31,98,37,19,109,28,116,16,108,76,0,111" hai2="74,53,36,107,117,127,57,17,125,22,123,54,41" hai3="13,94,29,5,78,102,113,15,77,112,35,11,45"/><T1/><D1/><U124/><E0/><V93/><F107/><W75/><G75/><T49/><D84/><U119/><E37/><V121/><F74/><W26/><G45/><T103/><D103/><U130/><E98/><V86/><F36/><W81/><G81/><T99/><D99/><U101/><E101/><V7/><F7/><W55/><G55/><T97/><D97/><U56/><E56/><V134/><F41/><W14/><G94/><T110/><D23/><U80/><E124/><N who="2" m="47691" /><F86/><W90/><G90/><T131/><D27/><U96/><E96/><V21/><F93/><W118/><G118/><T18/><D18/><U61/><E61/><N who="2" m="36015" /><F117/><W79/><REACH who="3" step="1"/><G102/><REACH who="3" ten="275,135,245,335" step="2"/><T24/><D47/><U114/><E80/><V2/><F54/><W3/><AGARI ba="3,1" hai="3,5,11,13,14,15,26,29,35,77,78,79,112,113" machi="3" ten="40,8000,1" yaku="1,1,2,1,0,1,52,1,53,0" doraHai="30" doraHaiUra="82" who="3" fromWho="3" sc="275,-43,135,-23,245,-23,335,99" /><INIT seed="5,0,0,2,4,107" ten="232,112,222,434" oya="1" hai0="36,45,58,65,47,118,86,82,124,105,43,71,59" hai1="51,38,95,96,2,125,16,63,77,114,76,98,68" hai2="27,97,79,70,94,4,34,131,100,92,88,121,117" hai3="102,23,122,129,15,22,32,83,8,35,60,69,127"/><U113/><E2/><V12/><F70/><W62/><G102/><T24/><D105/><U26/><E38/><V55/><F121/><W39/><G122/><T20/><D118/><U120/><E120/><V116/><F131/><W110/><G39/><T132/><D132/><U61/><E125/><V41/><F79/><N who="1" m="30281" /><E51/><V111/><F111/><W66/><G127/><T119/><D119/><U5/><E5/><V18/><F41/><W112/><G129/><T6/><D124/><U87/><E68/><V21/><F55/><W84/><G62/><N who="1" m="23562" /><E113/><V67/><F67/><W85/><G85/><T104/><D65/><U57/><E57/><V14/><F34/><W31/><G112/><T54/><D71/><U99/><E114/><V17/><F4/><W42/><G110/><T73/><D6/><U78/><N who="1" m="30289" /><U128/><DORA hai="56" /><E128/><V46/><F46/><W48/><G48/><T37/><D43/><U7/><E7/><V13/><REACH who="2" step="1"/><F18/><REACH who="2" ten="232,112,212,434" step="2"/><W90/><G42/><T25/><D37/><U40/><E40/><V115/><F115/><W75/><G35/><T72/><D36/><U103/><E16/><V29/><F29/><W134/><G32/><T53/><D47/><U28/><E103/><V109/><F109/><W101/><G101/><T44/><D44/><U50/><E50/><V91/><F91/><W1/><G90/><T108/><D45/><U52/><E52/><V10/><F10/><W9/><G8/><T19/><D54/><U3/><E3/><V64/><F64/><W49/><G1/><T130/><D53/><U30/><E26/><N who="0" m="10345" /><D130/><U74/><E74/><RYUUKYOKU ba="0,1" sc="232,-15,112,15,212,15,434,-15" hai1="28,30,87,95,96,98,99" hai2="12,13,14,17,21,27,88,92,94,97,100,116,117" /><INIT seed="5,1,1,0,2,6" ten="217,127,227,419" oya="1" hai0="47,18,132,135,66,76,20,43,26,124,79,83,10" hai1="4,27,45,122,70,53,130,116,59,34,74,9,109" hai2="57,46,7,11,37,117,38,42,105,63,133,56,50" hai3="55,82,134,69,98,0,110,129,61,87,85,16,121"/><U49/><E116/><V22/><F117/><W99/><G0/><T3/><D66/><U95/><E122/><V120/><F120/><W111/><G121/><T19/><D124/><U78/><E70/><V92/><F105/><W114/><G87/><T108/><D108/><U24/><E109/><V112/><F112/><W71/><G114/><T65/><D65/><U107/><E107/><V39/><F133/><W89/><G71/><T127/><D127/><U28/><E130/><V15/><F63/><W75/><G129/><T51/><D79/><U104/><E104/><V14/><F92/><W113/><G69/><T131/><D131/><U96/><E78/><V25/><REACH who="2" step="1"/><F14/><REACH who="2" ten="217,127,217,419" step="2"/><W77/><G113/><T21/><D132/><U13/><E24/><V126/><F126/><W17/><G134/><T93/><D135/><U115/><E115/><V102/><F102/><W64/><G110/><T91/><D3/><U23/><E34/><V97/><F97/><W100/><G98/><T119/><D119/><U2/><E2/><V84/><F84/><W80/><G111/><T123/><D123/><U40/><E74/><V54/><F54/><W60/><G55/><T94/><D94/><U88/><REACH who="1" step="1"/><E40/><REACH who="1" ten="217,117,217,419" step="2"/><V48/><F48/><W12/><G77/><T58/><D51/><U29/><E29/><AGARI ba="1,3" hai="7,11,15,22,25,29,37,38,39,42,46,50,56,57" machi="29" ten="40,5200,0" yaku="1,1,52,1,53,1" doraHai="6" doraHaiUra="5" who="2" fromWho="1" sc="217,0,117,-55,217,85,419,0" /><INIT seed="6,0,0,2,5,113" ten="217,62,302,419" oya="2" hai0="69,99,23,39,101,128,28,115,80,75,62,66,33" hai1="5,65,110,96,42,59,83,89,123,81,41,6,105" hai2="100,15,116,76,63,103,122,124,86,120,51,37,30" hai3="77,126,106,127,16,90,95,29,21,111,2,43,109"/><V85/><F37/><W74/><G106/><T84/><D23/><U71/><E110/><V22/><F51/><W64/><G29/><T94/><D115/><U7/><E123/><V67/><F124/><N who="3" m="47659" /><G2/><T134/><D134/><U93/><E71/><V125/><F125/><W68/><G43/><T35/><D128/><U57/><E105/><V102/><F76/><W3/><G3/><T107/><D39/><U25/><E25/><V53/><F53/><W132/><G132/><T58/><D58/><U4/><N who="1" m="1536" /><DORA hai="87" /><U50/><E57/><V121/><F116/><W97/><G77/><T61/><D61/><U72/><E72/><V119/><F119/><W92/><G74/><T70/><D70/><U31/><E31/><V88/><F85/><N who="3" m="52303" /><G64/><T27/><D75/><U38/><E38/><V20/><F30/><W45/><G45/><T108/><D108/><U73/><E73/><V44/><F44/><W18/><G68/><T79/><D35/><U46/><REACH who="1" step="1"/><E41/><REACH who="1" ten="217,52,302,419" step="2"/><V14/><F122/><W118/><G109/><T26/><D26/><U52/><E52/><V54/><F54/><W55/><G55/><T1/><D107/><U82/><E82/><V32/><F121/><W78/><G111/><T11/><D69/><U8/><E8/><V47/><F120/><W24/><G24/><T49/><D11/><U60/><AGARI ba="0,1" hai="42,46,50,59,60,65,81,83,89,93,96" m="1536" machi="60" ten="40,8000,1" yaku="1,1,0,1,8,1,52,1,53,0" doraHai="113,87" doraHaiUra="19,135" who="1" fromWho="1" sc="217,-20,52,90,302,-40,419,-20" /><INIT seed="7,0,0,2,4,53" ten="197,142,262,399" oya="3" hai0="131,52,128,27,77,108,13,118,98,33,80,19,23" hai1="84,9,18,117,47,119,97,70,74,105,55,26,41" hai2="91,30,120,45,71,25,51,28,50,83,43,58,62" hai3="56,21,16,17,111,104,42,1,123,114,122,86,107"/><W121/><G1/><T99/><D108/><U81/><E70/><V61/><F120/><W68/><G68/><T88/><D118/><U95/><E117/><V31/><F71/><W29/><G42/><T90/><D33/><U96/><E119/><V100/><F100/><W82/><G111/><T103/><D27/><U89/><E26/><V35/><F61/><W72/><G72/><T92/><D99/><U113/><E113/><V20/><F51/><W2/><G2/><T12/><D12/><U78/><E55/><V44/><F44/><W87/><G87/><T11/><D11/><U38/><E9/><V133/><F133/><W129/><G114/><T59/><D128/><U76/><E18/><V126/><F35/><W116/><G129/><T39/><D39/><U22/><E22/><V135/><F135/><W64/><G116/><T132/><D132/><U106/><REACH who="1" step="1"/><E76/><REACH who="1" ten="197,132,262,399" step="2"/><V85/><F126/><W48/><G21/><T94/><D131/><U75/><E75/><V32/><F32/><W110/><G110/><T65/><D65/><AGARI ba="0,1" hai="20,25,28,30,31,43,45,50,58,62,65,83,85,91" machi="65" ten="30,3900,0" yaku="7,1,8,1,52,1" doraHai="53" who="2" fromWho="0" sc="197,-39,132,0,262,49,399,0" owari="158,-24.0,132,-37.0,311,11.0,399,50.0" /></mjloggm>