<mjloggm ver="2.3"><GO type="41"/><UN n0="%E3%82%A6%E3%83%AB%E3%83%88%E3%83%A9%E7%AB%8B%E7%9B%B4" n1="%69%6B%6B%61%6E%6E%2B" n2="%E3%83%9D%E3%83%9D%E3%83%AD%E7%95%B0%E4%B8%96%E7%95%8C" n3="%E3%83%84%E3%82%AB%E3%83%B3%E3%82%B3%E3%83%95%E5%A4%A7%E4%BD%90" dan="15,13,15,13" rate="2016,1866,1961,1844" sx="M,M,M,M"/><TAIKYOKU oya="0"/><INIT seed="0,0,0,3,5,97" ten="250,250,250,250" oya="0" hai0="23,44,96,24,109,73,68,98,3,81,54,75,0" hai1="13,102,33,119,71,106,28,88,4,135,111,12,79" hai2="66,18,87,95,39,127,2,60,93,114,123,74,29" hai3="17,133,122,112,84,117,80,20,128,50,25,116,21"/><T40/><D68/><U41/><E119/><V121/><F114/><W62/><G112/><T7/><D54/><U37/><E71/><V65/><F74/><W38/><G38/><T5/><D109/><U11/><E79/><V9/><F39/><W86/><G133/><T125/><D125/><U10/><E135/><V110/><F110/><W26/><G128/><T69/><D69/><U22/><E33/><V77/><F29/><W85/><G50/><T124/><D124/><U89/><E111/><V57/><F127/><W48/><G48/><T46/><D23/><U107/><E107/><V59/><F2/><W42/><G42/><T56/><D56/><U134/><E134/><V32/><F32/><W53/><G80/><T99/><D24/><U67/><E67/><V61/><F9/><W91/><G122/><T104/><D81/><U49/><E37/><V43/><F18/><N who="3" m="12439" /><G117/><T27/><D27/><U8/><E8/><V94/><F43/><W72/><G72/><T126/><D98/><U90/><E49/><V113/><F113/><W34/><G34/><T118/><D126/><U14/><E41/><V16/><F16/><W92/><G116/><T115/><D40/><U47/><E47/><V103/><F95/><W19/><G19/><T63/><D118/><U70/><E70/><V129/><F77/><W30/><G17/><T120/><D115/><U58/><E58/><AGARI ba="0,0" hai="21,26,30,53,58,62,84,85,86,91,92" m="12439" machi="58" ten="30,1000,0" yaku="8,1" doraHai="97" who="3" fromWho="1" sc="250,0,250,-10,250,0,250,10" /><INIT seed="1,0,0,5,4,63" ten="250,240,250,260" oya="1" hai0="69,43,38,23,93,50,89,26,103,59,41,126,71" hai1="8,51,29,94,108,82,18,79,52,135,75,127,32" hai2="24,13,123,107,121,45,10,99,120,70,55,19,60" hai3="25,53,36,4,98,130,106,95,49,128,87,47,96"/><U91/><E127/><V37/><F107/><W35/><G4/><T84/><D38/><U21/><E135/><V17/><F99/><W3/><G3/><T1/><D1/><U100/><E108/><V131/><F131/><N who="3" m="50219" /><G106/><T125/><D69/><U80/><E80/><V112/><F112/><W129/><G36/><T73/><D73/><U7/><E100/><V122/><F24/><W101/><N who="3" m="50227" /><W88/><DORA hai="5" /><G101/><T132/><D71/><U109/><E109/><V83/><F83/><W65/><G65/><T68/><D68/><U62/><E62/><V31/><F31/><AGARI ba="0,0" hai="25,31,35,47,49,53,87,88,95,96,98" m="50227" machi="31" ten="40,2600,0" yaku="19,1,54,1" doraHai="63,5" who="3" fromWho="2" sc="250,0,240,0,250,-26,260,26" /><INIT seed="2,0,0,0,0,67" ten="250,240,224,286" oya="2" hai0="103,62,60,93,96,118,13,2,81,133,121,21,104" hai1="109,64,111,27,106,63,99,115,66,58,57,42,55" hai2="19,78,10,82,91,114,74,31,69,33,39,14,110" hai3="128,12,51,88,5,130,40,44,73,97,83,94,117"/><V135/><F114/><W127/><G117/><T108/><D2/><U35/><E115/><V36/><F135/><W38/><G127/><T9/><D121/><U122/><E35/><V98/><F69/><W45/><G73/><T105/><D133/><U123/><E27/><V79/><F79/><W76/><G76/><T29/><D108/><N who="1" m="41547" /><E106/><V48/><F110/><W37/><G83/><T100/><D104/><U28/><E28/><V102/><F91/><W71/><G44/><T0/><D0/><U116/><E99/><V1/><F1/><W24/><G24/><T53/><D105/><U113/><E113/><V8/><F48/><W16/><G5/><T47/><D103/><U20/><E20/><V125/><F125/><W50/><G50/><T124/><D124/><U119/><E42/><V49/><F49/><W75/><G75/><T107/><D107/><U18/><E18/><V56/><F56/><W6/><G71/><T87/><D29/><U112/><E112/><V134/><F134/><W52/><G6/><T32/><D21/><U22/><E22/><V84/><F74/><W85/><G97/><T72/><D72/><U43/><E43/><V41/><F41/><W70/><G70/><T95/><D32/><U65/><E58/><V101/><F10/><N who="3" m="6167" /><G40/><T86/><D96/><U68/><E68/><V61/><F61/><W90/><G90/><T126/><D62/><U92/><E92/><N who="2" m="58567" /><F102/><W34/><G34/><T17/><D60/><U4/><E4/><V25/><F33/><W3/><G3/><T80/><D100/><U129/><E129/><AGARI ba="0,0" hai="37,38,45,51,52,85,88,94,128,129,130" m="6167" machi="129" ten="30,7700,0" yaku="19,1,54,3" doraHai="67" who="3" fromWho="1" sc="250,0,240,-77,224,0,286,77" /><INIT seed="3,0,0,5,2,23" ten="250,163,224,363" oya="3" hai0="36,47,25,7,101,8,52,127,109,41,124,56,49" hai1="42,95,53,131,81,134,51,91,113,6,10,77,112" hai2="30,76,65,86,39,4,105,126,68,43,119,61,46" hai3="50,129,24,57,108,21,121,106,67,33,48,22,55"/><W60/><G121/><T63/><D101/><U62/><E134/><V115/><F115/><W59/><G106/><T45/><D8/><U98/><E131/><V44/><F119/><W94/><G129/><T90/><D7/><U73/><E62/><V80/><F105/><W12/><G108/><T125/><D90/><U38/><E38/><V116/><F116/><W123/><G123/><T11/><D11/><U104/><E42/><V17/><F126/><W78/><G33/><T71/><D25/><U74/><E74/><V40/><F4/><W130/><G130/><T28/><D28/><U135/><E135/><V13/><F30/><N who="3" m="17679" /><G78/><T26/><D26/><U34/><E34/><V9/><REACH who="2" step="1"/><F39/><REACH who="2" ten="250,163,214,363" step="2"/><W128/><G128/><T117/><D117/><U93/><E104/><V132/><F132/><W122/><G122/><T72/><D72/><U79/><E79/><V96/><F96/><W82/><G82/><T3/><D3/><U19/><E6/><V58/><F58/><W15/><G94/><T97/><D97/><U20/><E95/><V103/><F103/><W133/><G133/><T100/><D100/><U31/><E93/><V29/><F29/><W37/><G37/><T114/><D114/><U32/><E31/><V85/><F85/><W111/><G57/><N who="0" m="35239" /><D109/><U27/><E113/><V35/><F35/><W75/><G111/><T87/><D87/><U14/><E112/><V69/><F69/><W88/><G75/><T5/><D5/><U64/><E32/><V70/><F70/><W110/><G110/><T107/><D71/><U89/><E98/><V1/><F1/><RYUUKYOKU ba="0,1" sc="250,-10,163,-10,214,30,363,-10" hai2="9,13,17,40,43,44,46,61,65,68,76,80,86" /><INIT seed="4,1,1,0,3,125" ten="240,153,244,353" oya="0" hai0="101,107,57,50,120,2,121,78,22,116,80,69,119" hai1="26,103,40,0,68,34,128,67,82,66,30,29,9" hai2="105,1,75,126,130,110,10,52,5,3,31,6,124" hai3="92,95,39,123,24,135,41,102,23,62,132,11,85"/><T33/><D22/><U65/><E103/><V35/><F75/><W7/><G123/><T16/><D16/><U83/><E68/><V114/><F105/><W98/><G39/><T118/><D57/><U73/><E40/><V59/><F114/><W43/><G62/><T99/><D50/><U38/><E38/><V133/><F110/><W84/><G43/><T4/><D69/><U64/><N who="1" m="16896" /><DORA hai="117" /><U113/><E113/><V55/><F133/><N who="3" m="51275" /><G41/><T19/><D19/><U96/><E30/><V76/><F76/><W94/><G84/><T21/><D21/><U42/><E42/><V115/><F115/><W45/><G45/><T18/><D18/><U60/><E60/><V104/><F104/><N who="3" m="63575" /><G85/><T100/><D100/><U63/><E63/><V71/><F71/><W122/><G23/><T17/><D17/><U93/><E73/><V79/><F79/><W61/><G61/><T112/><D112/><U27/><E27/><V28/><F35/><W81/><G81/><T108/><D33/><U111/><E111/><V106/><F106/><W131/><G24/><T37/><D37/><U53/><E53/><V89/><F3/><N who="3" m="511" /><G122/><T54/><D54/><U134/><E134/><V90/><F1/><W49/><G49/><T70/><D70/><U47/><E47/><V109/><F109/><W25/><G25/><T97/><D97/><U77/><E82/><V20/><F55/><W32/><G32/><T13/><D108/><U14/><E0/><V51/><F52/><W91/><G91/><T12/><D120/><U88/><E83/><V87/><F51/><W56/><G56/><RYUUKYOKU ba="1,1" sc="240,-10,153,-10,244,-10,353,30" hai3="92,94,95,131" /><INIT seed="5,2,1,3,1,118" ten="230,143,234,383" oya="1" hai0="123,134,25,23,3,10,88,73,107,57,91,46,55" hai1="52,116,48,101,36,84,34,38,16,45,44,95,135" hai2="6,58,125,81,93,92,76,51,40,110,120,49,98" hai3="97,0,7,119,72,14,56,133,71,85,70,79,9"/><U106/><E116/><V39/><F110/><W32/><G119/><T63/><D107/><U74/><E106/><V86/><F125/><W31/><G72/><T66/><D73/><U42/><E74/><V64/><F39/><W104/><G0/><T128/><D128/><U62/><E135/><V27/><F120/><W108/><G108/><T131/><D131/><U68/><E34/><V75/><F6/><W82/><G133/><T33/><D33/><U61/><E38/><V13/><F13/><W129/><G129/><T67/><D134/><U109/><E109/><V124/><F124/><W102/><G32/><T78/><D78/><U127/><E127/><V83/><F27/><W21/><G31/><T8/><D3/><U87/><E68/><V20/><F20/><W80/><G21/><T132/><D132/><U53/><E53/><V114/><F114/><W94/><G82/><T90/><D123/><U54/><E54/><V117/><F117/><W103/><G56/><T43/><D43/><U5/><E5/><V126/><F126/><W105/><G103/><T50/><REACH who="0" step="1"/><D67/><REACH who="0" ten="220,143,234,383" step="2"/><U24/><E101/><V65/><F40/><W60/><G104/><T29/><AGARI ba="2,2" hai="8,10,23,25,29,46,50,55,57,63,66,88,90,91" machi="29" ten="30,8000,1" yaku="1,1,2,1,0,1,8,1,54,1,53,0" doraHai="118" doraHaiUra="100" who="0" fromWho="0" sc="220,106,143,-42,234,-22,383,-22" /><INIT seed="6,0,0,2,5,120" ten="326,101,212,361" oya="2" hai0="122,54,127,3,35,61,45,38,131,43,29,67,37" hai1="108,70,34,27,109,28,1,24,9,125,106,135,36" hai2="99,5,96,46,26,107,128,132,15,65,10,66,78" hai3="11,119,86,102,103,62,89,60,53,48,69,97,84"/><V49/><F128/><W73/><G73/><T115/><D29/><N who="1" m="19751" /><E70/><V88/><F132/><W12/><G119/><T95/><D95/><U7/><E36/><V13/><F78/><W40/><G69/><T92/><D92/><U71/><E106/><V98/><F107/><W50/><G40/><T83/><D83/><U20/><E71/><V56/><F26/><W0/><G0/><T31/><D31/><U25/><E135/><V4/><F88/><W118/><G118/><T44/><D35/><N who="1" m="20879" /><E125/><V57/><F57/><W79/><G79/><T77/><D77/><U17/><AGARI ba="0,0" hai="1,7,9,17,20,27,108,109" m="20879,19751" machi="17" ten="30,7900,0" yaku="34,2,52,2" doraHai="120" who="1" fromWho="1" sc="326,-20,101,79,212,-39,361,-20" /><INIT seed="7,0,0,3,2,36" ten="306,180,173,341" oya="3" hai0="90,101,67,124,126,85,38,0,129,84,73,110,128" hai1="102,80,61,120,2,8,43,127,123,57,21,87,108" hai2="3,46,99,104,134,77,116,37,66,69,29,122,6" hai3="98,4,64,96,30,47,125,105,1,112,13,82,115"/><W26/><G125/><N who="0" m="48235" /><D67/><U11/><E127/><V22/><F116/><W95/><G64/><T83/><D0/><U27/><E108/><V97/><F77/><W48/><G1/><T53/><D53/><U49/><E102/><V7/><F69/><W103/><G82/><N who="0" m="49431" /><D38/><U63/><E123/><V119/><F119/><W133/><G133/><T70/><D70/><U76/><E120/><V19/><F122/><W32/><G4/><T10/><D10/><U117/><E117/><V12/><F66/><W135/><G135/><T51/><D51/><U72/><E2/><V56/><F134/><W45/><G13/><T86/><D110/><U16/><E49/><V118/><F118/><W62/><G62/><T71/><D71/><U58/><E43/><V93/><F104/><W40/><REACH who="3" step="1"/><G47/><REACH who="3" ten="306,180,173,331" step="2"/><T94/><D73/><U68/><E72/><V44/><F3/><W35/><G35/><T107/><D107/><U109/><E109/><V88/><F37/><W41/><G41/><T23/><D23/><U42/><E42/><V39/><F39/><W55/><G55/><T78/><D86/><U18/><E68/><V130/><F130/><W50/><G50/><T113/><D113/><U60/><E60/><V15/><F97/><AGARI ba="0,1" hai="78,83,85,94,97,101,128,129" m="49431,48235" machi="97" ten="30,3900,0" yaku="18,1,34,2" doraHai="36" who="0" fromWho="2" sc="306,49,180,0,173,-39,331,0" owari="355,46.0,180,-22.0,134,-37.0,331,13.0" /></mjloggm>