<mjloggm ver="2.3"><GO type="169"/><UN n0="%E3%81%B2%E3%81%BD%E3%81%8D%E3%82%88%E3%81%97" n1="%E5%8F%8D%E9%99%BD%E5%AD%90%E3%81%95%E3%82%93" n2="%EF%BC%88%E2%89%A7%E2%96%BD%E2%89%A6%EF%BC%89" n3="%E5%AF%9B%E3%83%94%E3%82%A8%E3%83%AD" dan="17,16,16,16" rate="2183,2077,2091,2061" sx="M,M,M,M"/><TAIKYOKU oya="0"/><INIT seed="0,0,0,1,5,64" ten="250,250,250,250" oya="0" hai0="28,104,67,72,107,35,22,8,106,119,53,17,110" hai1="56,98,112,21,75,122,25,123,87,9,115,132,129" hai2="134,85,10,60,34,90,127,54,82,37,36,84,13" hai3="103,45,42,128,12,58,86,93,65,89,6,66,94"/><T27/><D119/><U39/><E39/><V14/><F34/><W49/><G128/><T26/><D72/><U62/><E75/><V4/><F134/><W105/><G105/><T46/><D110/><U92/><E87/><V5/><F127/><W29/><G29/><T91/><D8/><U59/><E9/><V33/><F33/><W15/><G6/><T20/><D91/><U19/><E132/><V23/><F4/><W97/><G66/><T78/><D78/><U73/><E73/><V114/><F114/><N who="1" m="43561" /><E129/><V121/><F121/><N who="1" m="46089" /><E62/><AGARI ba="0,0" hai="12,15,42,45,49,58,62,65,86,89,93,94,97,103" machi="62" ten="40,1300,0" yaku="8,1" doraHai="64" who="3" fromWho="1" sc="250,0,250,-13,250,0,250,13" /><INIT seed="1,0,0,2,5,14" ten="250,237,250,263" oya="1" hai0="53,45,54,118,37,94,20,34,125,127,107,63,72" hai1="66,68,115,89,132,44,75,74,18,121,86,2,112" hai2="78,30,90,95,88,7,130,48,50,36,111,59,11" hai3="114,128,49,80,100,71,42,41,92,51,39,56,106"/><U84/><E2/><V46/><F130/><W122/><G71/><T10/><D107/><U79/><E121/><V25/><F111/><W97/><G122/><T57/><D34/><U0/><E0/><V120/><F120/><W123/><G123/><T69/><D72/><U99/><E68/><V60/><F78/><W32/><G32/><T65/><D10/><U134/><E66/><V15/><F36/><W29/><G29/><T116/><D94/><N who="1" m="56783" /><E44/><V26/><F90/><W31/><G31/><T76/><D76/><U85/><E18/><V27/><F30/><W110/><G114/><N who="1" m="43562" /><E79/><V47/><F47/><W108/><G39/><T73/><D20/><U81/><E81/><V43/><F50/><W98/><G80/><T93/><D73/><AGARI ba="0,0" hai="73,74,75,84,85,86,132,134" m="43562,56783" machi="73" ten="40,3900,0" yaku="34,2" doraHai="14" who="1" fromWho="0" sc="250,-39,237,39,250,0,263,0" /><INIT seed="1,1,0,4,5,114" ten="211,276,250,263" oya="1" hai0="128,134,127,55,103,101,0,27,82,78,100,96,123" hai1="84,54,1,112,18,32,9,39,49,44,129,119,110" hai2="115,30,15,64,58,17,26,75,59,99,37,56,72" hai3="107,24,109,16,117,118,5,86,89,29,69,93,87"/><U11/><E119/><N who="3" m="45578" /><G107/><T131/><D0/><U14/><E112/><V80/><F37/><W79/><G69/><T4/><D4/><U116/><E32/><V83/><F115/><W76/><G109/><T53/><D127/><U45/><E116/><V57/><F72/><W3/><G16/><T102/><D134/><U41/><E129/><N who="0" m="49737" /><D27/><U104/><E104/><V126/><F75/><W105/><G105/><N who="0" m="63623" /><D123/><U48/><E110/><V61/><F126/><W92/><G3/><T60/><D60/><U46/><E84/><AGARI ba="1,0" hai="53,55,78,82,84,101,102,103" m="63623,49737" machi="84" ten="30,1000,0" yaku="19,1" doraHai="114" who="0" fromWho="1" sc="211,13,276,-13,250,0,263,0" /><INIT seed="2,0,0,5,1,45" ten="224,263,250,263" oya="2" hai0="13,111,69,1,98,87,102,34,15,4,30,128,65" hai1="75,127,106,93,37,68,95,107,46,77,19,59,66" hai2="72,23,31,51,91,99,114,129,82,80,132,26,115" hai3="60,119,48,74,112,28,92,84,109,6,17,29,18"/><V11/><F132/><W88/><G74/><T79/><D111/><U61/><E127/><V16/><F129/><W90/><G119/><T3/><D128/><U122/><E122/><V110/><F110/><W39/><G39/><T41/><D41/><N who="1" m="22831" /><E95/><N who="2" m="56831" /><F72/><W123/><G123/><T124/><D3/><U125/><E19/><N who="3" m="7178" /><G6/><T14/><D1/><U116/><E93/><V108/><F108/><W62/><G109/><T85/><D4/><U76/><E125/><V0/><F0/><W103/><G103/><T105/><D79/><U56/><E77/><V73/><F73/><W101/><G101/><T20/><D20/><U71/><E116/><V2/><F2/><W43/><G90/><T126/><D126/><U104/><E59/><V81/><F115/><W86/><G86/><T97/><D97/><U134/><E56/><V38/><F38/><W35/><G35/><T100/><D100/><U67/><E134/><V42/><F114/><W53/><G112/><T21/><D21/><U47/><E47/><N who="2" m="26103" /><F82/><W52/><G43/><T24/><D124/><U44/><E44/><V55/><F55/><N who="3" m="21067" /><G48/><T57/><REACH who="0" step="1"/><D57/><REACH who="0" ten="214,263,250,263" step="2"/><U54/><E71/><V50/><F50/><W22/><G22/><T7/><D7/><U27/><E68/><V12/><AGARI ba="0,1" hai="11,12,16,23,26,31,80,81" m="26103,56831" machi="12" ten="30,6000,0" yaku="8,1,52,1,54,1" doraHai="45" who="2" fromWho="2" sc="214,-20,263,-20,250,70,263,-20" /><INIT seed="2,1,0,2,4,26" ten="194,243,320,243" oya="2" hai0="86,12,67,32,8,69,66,6,118,27,34,121,133" hai1="47,108,135,131,15,11,89,75,3,21,25,53,61" hai2="65,104,46,60,114,49,10,98,23,92,120,132,2" hai3="64,13,37,74,99,36,19,127,109,124,14,1,91"/><V7/><F120/><W76/><G1/><T126/><D121/><U39/><E75/><V94/><F114/><W130/><G64/><T48/><D118/><U122/><E3/><V80/><F132/><W112/><G112/><T117/><D133/><U43/><E122/><V128/><F128/><W20/><G109/><T90/><D117/><U31/><E135/><V129/><F129/><W113/><G113/><T17/><D126/><U44/><E131/><V110/><F110/><W101/><G130/><T134/><D134/><U38/><E108/><V57/><F80/><N who="3" m="45079" /><G13/><T28/><D34/><U68/><E39/><V54/><F104/><N who="3" m="63551" /><G91/><T24/><D69/><U45/><E89/><V79/><F79/><W59/><G59/><T40/><D40/><U73/><E73/><V30/><REACH who="2" step="1"/><F98/><REACH who="2" ten="194,243,310,243" step="2"/><W81/><G81/><T71/><D71/><U125/><E125/><AGARI ba="1,1" hai="14,19,20,36,37,124,125,127" m="63551,45079" machi="125" ten="30,1000,0" yaku="18,1" doraHai="26" who="3" fromWho="1" sc="194,0,243,-13,310,0,243,23" /><INIT seed="3,0,0,3,2,51" ten="194,230,310,266" oya="3" hai0="104,66,25,72,133,115,88,130,77,95,75,101,29" hai1="127,84,67,128,100,50,113,21,30,93,106,20,15" hai2="103,54,109,90,47,10,7,123,41,13,68,9,129" hai3="45,62,76,59,49,91,12,28,11,38,114,5,131"/><W78/><G38/><T92/><D133/><U119/><E113/><V86/><F68/><W105/><G105/><T57/><D130/><U82/><E128/><V16/><F129/><W24/><G114/><T87/><D115/><U135/><E106/><V2/><F123/><W69/><G69/><T89/><D66/><U58/><E135/><V102/><F109/><W0/><G0/><T94/><D57/><U99/><E127/><V132/><F132/><W39/><G39/><T27/><D27/><U108/><E108/><V125/><F125/><W81/><G131/><T110/><D110/><U35/><E119/><V85/><F85/><N who="3" m="50607" /><G28/><T73/><D25/><U126/><E126/><V1/><F1/><W60/><G24/><T112/><D29/><U134/><E134/><V71/><F71/><W117/><G117/><T55/><D55/><N who="1" m="32119" /><E35/><V37/><REACH who="2" step="1"/><F54/><REACH who="2" ten="194,230,300,266" step="2"/><N who="3" m="33911" /><G62/><T48/><D112/><U61/><E61/><V19/><F19/><W32/><G32/><T83/><D48/><U124/><E124/><V8/><F8/><W14/><G14/><T64/><D64/><U33/><E67/><V18/><F18/><W79/><G79/><T56/><D56/><U80/><E30/><V118/><F118/><W121/><G121/><T42/><D42/><AGARI ba="0,1" hai="5,11,12,42,45,49,76,78" m="33911,50607" machi="42" ten="30,2900,0" yaku="8,1,52,1" doraHai="51" who="3" fromWho="0" sc="194,-29,230,0,300,0,266,39" /><INIT seed="3,1,0,1,1,113" ten="165,230,300,305" oya="3" hai0="128,15,57,122,118,58,8,9,91,1,11,41,12" hai1="71,32,67,29,89,100,103,20,2,33,21,101,61" hai2="16,115,46,126,27,106,102,10,83,0,87,50,59" hai3="38,56,4,7,75,116,39,105,82,104,34,111,63"/><W3/><G34/><T51/><D118/><U47/><E2/><V134/><F115/><W96/><G116/><T135/><D122/><U123/><E123/><V78/><F134/><W17/><G111/><T5/><D135/><U94/><E47/><V121/><F121/><W64/><G17/><T133/><D133/><U90/><E90/><V40/><F126/><W53/><G38/><T99/><D128/><U92/><E94/><V81/><F0/><W42/><G39/><T108/><D108/><U43/><E43/><V31/><F106/><W88/><G42/><T52/><D41/><U13/><E21/><N who="2" m="15855" /><F102/><W114/><G114/><T30/><D30/><U109/><E109/><V70/><F70/><W119/><G119/><T62/><D1/><U22/><E22/><V132/><F81/><W93/><G64/><T23/><D99/><U124/><E124/><V129/><F129/><W65/><G65/><T68/><D68/><U60/><E60/><V80/><F80/><W112/><G112/><T85/><D15/><U98/><REACH who="1" step="1"/><E13/><REACH who="1" ten="165,220,300,305" step="2"/><N who="2" m="7223" /><F132/><W6/><REACH who="3" step="1"/><G3/><REACH who="3" ten="165,220,300,295" step="2"/><T25/><D23/><U44/><E44/><V24/><F59/><W77/><AGARI ba="1,2" hai="4,6,7,53,56,63,75,77,82,88,93,96,104,105" machi="77" ten="30,11700,0" yaku="1,1,2,1,0,1,54,1,53,0" doraHai="113" doraHaiUra="35" who="3" fromWho="3" sc="165,-40,220,-40,300,-40,295,140" /><INIT seed="3,2,0,4,1,109" ten="125,180,260,435" oya="3" hai0="45,30,100,91,134,26,112,50,124,4,17,119,97" hai1="35,52,99,129,16,48,117,31,65,83,64,15,74" hai2="27,0,1,43,123,84,21,18,57,128,29,106,47" hai3="81,23,2,19,135,33,60,89,11,5,53,39,131"/><W12/><G39/><T44/><D119/><U118/><E129/><V67/><F123/><W36/><G36/><T32/><D134/><U58/><E99/><V61/><F106/><W70/><G33/><T95/><D124/><U56/><E35/><V34/><F84/><W55/><G135/><T133/><D133/><U90/><E31/><V46/><F128/><W66/><G131/><T72/><D72/><U104/><E104/><V69/><F69/><W127/><G127/><T101/><D4/><U7/><E7/><V98/><F98/><W94/><REACH who="3" step="1"/><G81/><REACH who="3" ten="125,180,260,425" step="2"/><T92/><D101/><U115/><E117/><V40/><F34/><W75/><G75/><T59/><D17/><U111/><E118/><V68/><F18/><W120/><G120/><T63/><D100/><U114/><E74/><V71/><F29/><W79/><G79/><T130/><D130/><U80/><E111/><V85/><F85/><AGARI ba="2,1" hai="2,5,11,12,19,23,53,55,60,66,70,85,89,94" machi="85" ten="30,5800,0" yaku="1,1,7,1,53,1" doraHai="109" doraHaiUra="13" who="3" fromWho="2" sc="125,0,180,0,260,-64,425,74" /><INIT seed="3,3,0,3,1,48" ten="125,180,196,499" oya="3" hai0="62,21,7,96,94,31,10,65,124,113,61,63,103" hai1="50,75,46,28,83,76,127,114,118,26,20,72,12" hai2="57,99,110,4,39,37,134,82,93,14,52,32,44" hai3="34,105,122,135,91,74,87,129,2,27,77,29,104"/><W18/><G2/><T131/><D124/><U84/><E127/><V119/><F32/><W111/><G122/><T116/><D131/><U60/><E114/><V69/><F69/><W23/><G129/><T16/><D116/><U3/><E3/><V117/><F134/><W53/><G135/><T67/><D113/><U79/><E118/><V43/><F39/><W33/><G33/><T95/><D31/><U81/><E60/><V90/><F110/><W30/><G30/><T101/><D7/><U0/><E0/><V78/><F14/><W102/><G102/><T35/><D10/><U64/><E64/><V89/><F89/><W19/><G19/><T6/><D6/><U66/><E66/><V17/><F17/><W115/><G77/><T1/><D1/><U9/><E84/><V36/><F36/><W59/><G74/><T22/><D35/><U42/><E12/><V121/><F4/><W108/><G115/><T58/><D22/><U120/><REACH who="1" step="1"/><E9/><REACH who="1" ten="125,170,196,499" step="2"/><V100/><F121/><AGARI ba="3,1" hai="20,26,28,42,46,50,72,75,76,79,81,83,120,121" machi="121" ten="40,5200,0" yaku="1,1,2,1,9,1,53,0" doraHai="48" doraHaiUra="109" who="1" fromWho="2" sc="125,0,170,71,196,-61,499,0" /><INIT seed="4,0,0,1,0,67" ten="125,241,135,499" oya="0" hai0="17,28,133,43,11,39,114,131,19,40,117,59,128" hai1="35,3,20,112,98,94,55,68,50,101,99,89,29" hai2="83,123,92,25,75,127,51,119,53,126,104,125,69" hai3="52,93,54,44,134,62,122,37,95,130,84,105,26"/><T77/><D117/><U115/><E3/><V80/><F123/><W15/><G105/><T71/><D114/><N who="1" m="43563" /><E35/><V45/><F119/><W32/><G32/><T21/><D39/><U1/><E1/><V113/><F104/><W5/><G26/><T22/><D133/><U56/><E68/><V74/><F113/><W46/><G37/><T85/><D59/><U4/><E4/><V2/><F2/><W135/><G122/><T41/><D28/><U81/><E81/><N who="2" m="31307" /><F25/><W87/><G62/><T18/><D77/><U132/><E132/><V63/><F92/><W108/><G5/><T14/><D85/><N who="1" m="52527" /><E101/><V38/><F38/><W76/><G15/><T49/><D71/><U70/><E70/><V27/><F27/><AGARI ba="0,0" hai="20,27,29,50,55,56,98,99" m="52527,43563" machi="27" ten="30,2000,0" yaku="15,1,11,1" doraHai="67" who="1" fromWho="2" sc="125,0,241,20,135,-20,499,0" /><INIT seed="5,0,0,0,4,99" ten="125,261,115,499" oya="1" hai0="57,16,89,22,96,28,53,64,48,69,83,21,1" hai1="133,14,45,37,75,39,86,51,129,18,108,111,65" hai2="92,77,5,15,63,13,110,94,123,116,109,126,131" hai3="76,66,119,40,61,71,80,54,6,34,23,91,35"/><U17/><E75/><V87/><F123/><W134/><G40/><T97/><D1/><U3/><E3/><V46/><F116/><W112/><G6/><T101/><D69/><U113/><E133/><V62/><F131/><W127/><G91/><T72/><D72/><U79/><E129/><V114/><F126/><W78/><G78/><T30/><D64/><U25/><E65/><V67/><F114/><W132/><G112/><T121/><D22/><N who="1" m="13527" /><E113/><V41/><F77/><W59/><G127/><T7/><D7/><U38/><E86/><V128/><F128/><W93/><G93/><N who="0" m="58543" /><D121/><U85/><E85/><V47/><F87/><N who="3" m="48519" /><G23/><T36/><D36/><U135/><E79/><V105/><F67/><W52/><G119/><T26/><D83/><U42/><E135/><N who="3" m="51754" /><G54/><T90/><D89/><U125/><E125/><V20/><F5/><W56/><G71/><T124/><D124/><U31/><E31/><V2/><F20/><W106/><G106/><T58/><D28/><U43/><E42/><V4/><F4/><W115/><G115/><T81/><D30/><U70/><E70/><V55/><F41/><W44/><G44/><N who="0" m="27783" /><D81/><U102/><E39/><V29/><F29/><W118/><G118/><T33/><D33/><U24/><E38/><V95/><F2/><W19/><G19/><T84/><D84/><U8/><E37/><V68/><F68/><W88/><G88/><T32/><D32/><U60/><E111/><N who="2" m="42507" /><F105/><W107/><G107/><T74/><D74/><U12/><E108/><V122/><F122/><W103/><G34/><T73/><D73/><U120/><E120/><RYUUKYOKU ba="0,0" sc="125,30,261,-10,115,-10,499,-10" hai0="16,21,26,57,58,90,96" /><INIT seed="6,1,0,3,0,103" ten="155,251,105,489" oya="2" hai0="120,75,43,111,25,28,2,99,9,106,68,80,74" hai1="31,128,127,34,98,81,17,1,29,21,61,38,108" hai2="87,12,126,27,46,134,49,130,91,37,54,47,32" hai3="112,82,52,44,18,10,36,105,63,73,78,65,67"/><V8/><F134/><W33/><G33/><T19/><D111/><U23/><E38/><V50/><F130/><W97/><G112/><T88/><D120/><U100/><E108/><V84/><F126/><W41/><G105/><T70/><D43/><U135/><E1/><V121/><F121/><W13/><G97/><T15/><D2/><U24/><E127/><V16/><F37/><W95/><G95/><T60/><D60/><U104/><E135/><V102/><F102/><W85/><G73/><T62/><D62/><U123/><E128/><V129/><F129/><W40/><G40/><T64/><D64/><U90/><E123/><V58/><F91/><W113/><G113/><T109/><D75/><U11/><E31/><V101/><F101/><W35/><G35/><T4/><D19/><U86/><E11/><V71/><F71/><W79/><G79/><T45/><D45/><U92/><E17/><V6/><F58/><W72/><G72/><T39/><D74/><U3/><E3/><V77/><F77/><W89/><G89/><T55/><D109/><U69/><E81/><V22/><F32/><W124/><G124/><T26/><D80/><U56/><REACH who="1" step="1"/><E69/><REACH who="1" ten="155,241,105,489" step="2"/><V110/><REACH who="2" step="1"/><F110/><REACH who="2" ten="155,241,95,489" step="2"/><W66/><G78/><T20/><D70/><U83/><E83/><V122/><F122/><W14/><G82/><T48/><D68/><U0/><E0/><V7/><F7/><W131/><G131/><T118/><D39/><U133/><E133/><V59/><F59/><W107/><G36/><T76/><D4/><U51/><E51/><V53/><AGARI ba="1,2" hai="6,8,12,16,22,27,46,47,49,50,53,54,84,87" machi="53" ten="20,18000,2" yaku="1,1,0,1,7,1,9,1,8,1,54,1,53,0" doraHai="103" doraHaiUra="125" who="2" fromWho="2" sc="155,-61,241,-61,95,203,489,-61" /><INIT seed="6,2,0,5,4,19" ten="94,180,298,428" oya="2" hai0="53,94,9,56,83,42,61,26,25,73,133,91,10" hai1="76,121,30,23,110,80,75,95,126,130,124,134,109" hai2="15,86,132,32,33,22,81,120,103,127,92,4,128" hai3="54,2,8,35,102,87,98,79,44,63,71,74,72"/><V104/><F120/><W60/><G35/><T119/><D133/><U82/><E121/><V7/><F132/><W20/><G71/><T46/><D119/><U17/><E134/><V67/><F104/><W99/><G99/><T29/><D73/><U24/><E130/><V49/><F128/><W115/><G115/><T107/><D83/><U88/><E82/><V38/><F38/><W118/><G118/><T77/><D77/><U47/><E47/><V40/><F67/><W101/><G101/><T51/><D107/><U68/><E30/><V12/><F127/><N who="1" m="48681" /><E68/><V45/><F33/><W14/><G2/><T37/><D37/><U27/><E27/><V21/><F32/><W114/><G87/><AGARI ba="2,0" hai="17,23,24,75,76,80,87,88,95,109,110" m="48681" machi="87" ten="30,3900,0" yaku="18,1,52,1,54,1" doraHai="19" who="1" fromWho="3" sc="94,0,180,45,298,0,428,-45" /><INIT seed="7,0,0,2,1,101" ten="94,225,298,383" oya="3" hai0="126,49,18,135,37,50,36,93,43,3,42,47,122" hai1="106,111,98,14,48,128,15,91,2,60,57,5,121" hai2="88,31,120,86,44,61,94,74,118,54,0,87,9" hai3="25,16,84,114,79,17,83,62,108,104,75,35,40"/><W99/><G40/><T10/><D122/><U56/><E121/><V70/><F118/><W13/><G114/><T117/><D117/><U131/><E111/><V89/><F120/><W123/><G123/><T100/><D126/><U59/><E60/><V24/><F74/><W45/><G45/><T68/><D68/><U65/><E65/><V107/><F107/><W6/><G108/><T81/><D135/><U96/><E48/><V55/><F44/><W73/><G62/><T26/><D37/><U33/><E33/><V113/><F113/><W80/><G6/><T22/><D43/><U85/><E2/><V58/><F70/><W27/><G27/><T21/><D93/><U11/><E15/><V38/><F38/><W110/><G110/><T115/><D115/><U130/><REACH who="1" step="1"/><E106/><REACH who="1" ten="94,215,298,383" step="2"/><V95/><F0/><W116/><G13/><T12/><D100/><U67/><E67/><V125/><F125/><W39/><G35/><T119/><D119/><U52/><E52/><V134/><F134/><W20/><G104/><T109/><D109/><U92/><AGARI ba="0,1" hai="5,11,14,56,57,59,85,91,92,96,98,128,130,131" machi="92" ten="40,8000,1" yaku="1,1,0,1,19,1,53,1" doraHai="101" doraHaiUra="82" who="1" fromWho="1" sc="94,-20,215,90,298,-20,383,-40" owari="74,-43.0,305,11.0,278,-12.0,343,44.0" /></mjloggm>