<mjloggm ver="2.3"><GO type="41"/><UN n0="%E6%9C%88%E6%A1%82%E6%A8%B9" n1="%E3%82%82%E3%82%82%E3%82%93" n2="%E3%82%A6%E3%83%AB%E3%83%88%E3%83%A9%E7%AB%8B%E7%9B%B4" n3="%E3%83%9D%E3%82%A4%E6%8D%A8%E3%81%A6%E7%A6%81%E6%AD%A2" dan="13,13,15,15" rate="1942,1823,2024,1989" sx="M,M,M,M"/><TAIKYOKU oya="0"/><INIT seed="0,0,0,3,2,53" ten="250,250,250,250" oya="0" hai0="68,101,95,115,13,90,46,54,80,108,98,7,25" hai1="48,89,52,1,100,123,21,70,63,128,16,85,121" hai2="2,20,84,73,51,34,56,135,114,19,134,91,125" hai3="41,75,93,33,47,35,71,37,97,24,133,132,43"/><T130/><D115/><U18/><E1/><V5/><F73/><W58/><G75/><T30/><D68/><U119/><E119/><V42/><F34/><W129/><G71/><T28/><D130/><U77/><E100/><V78/><F78/><W94/><G43/><T113/><D113/><U110/><E128/><V131/><F131/><W3/><G3/><T117/><D117/><U0/><E0/><V61/><F114/><W126/><G129/><T23/><D7/><U22/><E77/><V49/><F5/><W72/><G72/><T57/><D46/><N who="1" m="27671" /><E70/><V87/><F2/><W82/><G82/><T59/><D108/><U9/><E110/><V66/><F87/><W6/><G6/><T122/><D122/><U62/><E123/><V112/><F112/><W29/><G35/><T60/><D13/><N who="1" m="7215" /><E121/><V31/><F42/><W26/><G26/><T67/><D101/><U102/><E102/><V116/><F116/><W39/><G39/><T32/><D80/><N who="1" m="49319" /><E21/><V118/><F118/><W79/><G79/><T64/><D32/><U69/><E69/><V65/><F20/><W103/><G126/><T92/><D92/><U120/><E120/><V107/><F125/><W8/><G94/><T106/><D106/><U81/><E81/><V96/><F107/><W50/><G8/><T124/><D124/><U111/><E111/><V99/><F91/><W27/><G27/><AGARI ba="0,0" hai="18,22,27,62,63" m="49319,7215,27671" machi="27" ten="30,7700,0" yaku="25,1,8,1,54,2" doraHai="53" who="1" fromWho="3" sc="250,0,250,77,250,0,250,-77" /><INIT seed="1,0,0,5,4,55" ten="250,327,250,173" oya="1" hai0="92,78,35,19,135,20,59,85,83,119,62,96,90" hai1="8,12,32,53,130,28,46,129,69,48,109,25,60" hai2="58,100,37,10,65,11,5,18,26,27,39,67,125" hai3="61,56,121,36,91,74,99,122,104,106,107,71,132"/><U73/><E73/><V134/><F100/><W123/><G74/><T113/><D113/><U40/><E109/><V38/><F125/><W81/><G71/><T50/><D119/><U21/><E32/><V133/><F18/><W77/><G36/><T4/><D35/><U0/><E0/><V117/><F5/><W72/><G132/><T22/><D135/><U2/><E2/><V23/><F39/><W84/><G61/><T79/><D4/><U120/><E120/><V64/><F64/><W98/><G56/><T105/><D105/><U86/><E86/><V68/><F23/><W66/><G66/><T57/><D50/><U126/><E126/><V131/><F131/><N who="1" m="50185" /><E69/><V112/><F112/><W128/><G128/><T95/><D62/><U103/><E103/><V101/><F101/><W75/><G75/><T17/><D22/><U114/><E114/><V45/><F68/><W13/><G13/><N who="0" m="9263" /><D19/><N who="1" m="8583" /><E60/><V108/><F108/><W1/><G1/><T41/><D41/><AGARI ba="0,0" hai="21,25,28,40,41,46,48,53" m="8583,50185" machi="41" ten="30,1500,0" yaku="19,1" doraHai="55" who="1" fromWho="0" sc="250,-15,327,15,250,0,173,0" /><INIT seed="1,1,0,5,4,57" ten="235,342,250,173" oya="1" hai0="98,14,10,66,55,41,94,26,21,64,63,3,58" hai1="25,20,18,69,119,118,45,24,31,103,48,52,127" hai2="71,2,128,4,12,65,33,70,124,6,100,53,40" hai3="120,16,101,32,82,0,29,77,54,75,133,121,1"/><U113/><E69/><V74/><F53/><W49/><G133/><T109/><D109/><U59/><E113/><V80/><F12/><W62/><G101/><T28/><D3/><U61/><E127/><V86/><F6/><W111/><G111/><T125/><D41/><U102/><E119/><V23/><F23/><W95/><G95/><T84/><D84/><U112/><E112/><V104/><F86/><W46/><G1/><T79/><D79/><U56/><E118/><V97/><F124/><W108/><G0/><T116/><D116/><U11/><E11/><V134/><F134/><W81/><G108/><T50/><D50/><U90/><E90/><V130/><F33/><W30/><G32/><T73/><D73/><U13/><E25/><V87/><F87/><W15/><G82/><T8/><D8/><N who="1" m="6439" /><E56/><V99/><F99/><W85/><G75/><T42/><D125/><U89/><E89/><V47/><F130/><W105/><G105/><T122/><D122/><U67/><AGARI ba="1,0" hai="20,24,31,45,48,52,59,61,67,102,103" m="6439" machi="67" ten="30,6000,0" yaku="8,1,52,1,54,1" doraHai="57" who="1" fromWho="1" sc="235,-21,342,63,250,-21,173,-21" /><INIT seed="1,2,0,2,5,1" ten="214,405,229,152" oya="1" hai0="122,117,87,13,112,130,32,76,8,17,124,4,56" hai1="50,60,69,131,41,36,127,86,49,3,11,42,88" hai2="10,30,120,62,113,37,97,59,23,43,71,108,5" hai3="63,118,67,92,19,55,44,12,95,65,101,109,7"/><U111/><E131/><V106/><F71/><W135/><G118/><T2/><D117/><U21/><E127/><V134/><F120/><W38/><G135/><T105/><D122/><U96/><E96/><V98/><F134/><W70/><G109/><T66/><D105/><U93/><E36/><V132/><F108/><W20/><G67/><T91/><D124/><U85/><E111/><V126/><F126/><W18/><G101/><T116/><D116/><U99/><E69/><V31/><F132/><W79/><G79/><T114/><D76/><U35/><E35/><V74/><F74/><W52/><G19/><T77/><D77/><U89/><E60/><V123/><F123/><W72/><G72/><T53/><D66/><U81/><E3/><V16/><F43/><N who="1" m="16393" /><E11/><V73/><F73/><W39/><G39/><T128/><D32/><U26/><E85/><V25/><F37/><W48/><G38/><T82/><D130/><U47/><E47/><V90/><F113/><W40/><G40/><T94/><D128/><U9/><E9/><V102/><F97/><W107/><G107/><T34/><D34/><U80/><E80/><V83/><F83/><W119/><G119/><T51/><REACH who="0" step="1"/><D82/><REACH who="0" ten="204,405,229,152" step="2"/><U54/><E54/><V28/><F90/><W125/><G55/><T33/><D33/><U129/><E129/><V45/><F106/><W104/><G104/><T57/><D57/><U58/><E58/><V103/><F59/><N who="3" m="37119" /><G125/><T68/><D68/><U61/><E61/><V110/><F62/><W84/><G70/><T29/><D29/><AGARI ba="2,1" hai="21,26,29,49,50,81,86,88,89,93,99" m="16393" machi="29" ten="30,2900,0" yaku="8,1,54,1" doraHai="1" who="1" fromWho="0" sc="204,-35,405,45,229,0,152,0" /><INIT seed="1,3,0,5,5,119" ten="169,450,229,152" oya="1" hai0="120,132,21,70,103,76,102,99,35,61,104,6,91" hai1="60,16,131,55,115,31,84,32,105,82,92,65,12" hai2="122,44,9,40,126,72,57,14,11,127,81,124,63" hai3="123,129,39,45,100,13,113,17,56,64,66,41,7"/><U86/><E115/><V22/><F72/><W42/><G113/><T50/><D35/><U134/><E105/><V116/><F116/><W117/><G117/><T36/><D91/><U46/><E31/><V59/><F81/><W53/><G129/><T28/><D103/><U54/><E32/><V130/><F130/><W71/><G7/><T121/><D132/><U25/><E131/><V27/><F57/><W1/><G1/><T133/><D133/><U43/><E134/><V101/><F101/><W78/><G41/><T68/><D36/><U109/><E25/><V112/><F112/><W33/><G33/><T19/><D6/><U37/><E92/><V20/><F14/><W23/><G78/><T26/><D50/><U107/><E107/><V8/><F27/><W2/><G2/><T80/><D28/><U77/><E86/><V96/><F96/><W93/><G71/><T118/><D118/><U18/><E109/><V15/><F15/><W67/><G123/><N who="0" m="47179" /><D61/><U106/><E106/><V88/><F88/><W90/><G100/><T49/><D49/><U3/><E3/><V69/><F122/><W30/><G30/><T38/><D38/><U111/><E111/><V125/><N who="2" m="32256" /><DORA hai="108" /><V74/><F74/><AGARI ba="3,0" hai="19,21,26,68,70,74,76,80,99,102,104" m="47179" machi="74" ten="30,7700,0" yaku="13,1,52,3" doraHai="119,108" who="0" fromWho="2" sc="169,86,450,0,229,-86,152,0" /><INIT seed="2,0,0,3,1,9" ten="255,450,143,152" oya="2" hai0="8,130,48,116,30,64,47,121,115,59,100,14,117" hai1="50,83,98,65,32,79,120,67,43,132,11,72,88" hai2="40,58,92,55,26,34,127,68,1,31,3,12,128" hai3="35,49,81,113,125,70,42,103,29,91,134,129,57"/><V124/><F68/><W6/><G70/><T0/><D121/><U37/><E120/><V108/><F40/><W110/><G113/><T119/><D115/><U86/><E32/><V114/><F114/><W75/><G134/><T73/><D73/><U51/><E132/><V104/><F104/><W90/><G129/><T60/><D130/><U63/><E67/><V122/><F122/><W101/><G125/><N who="2" m="48201" /><F128/><W22/><G110/><T28/><D100/><U15/><E98/><V20/><F92/><W95/><G35/><T16/><REACH who="0" step="1"/><D0/><REACH who="0" ten="245,450,143,152" step="2"/><N who="2" m="74" /><F108/><W82/><G103/><T78/><D78/><U107/><E72/><V41/><F41/><AGARI ba="0,1" hai="8,14,16,28,30,41,47,48,59,60,64,116,117,119" machi="41" ten="40,8000,1" yaku="1,1,12,1,52,1,54,1,53,0" doraHai="9" doraHaiUra="23" who="0" fromWho="2" sc="245,90,450,0,143,-80,152,0" /><INIT seed="3,0,0,3,1,8" ten="335,450,63,152" oya="3" hai0="124,44,47,67,54,117,85,72,84,110,89,16,134" hai1="131,112,6,115,53,103,3,87,69,132,80,125,39" hai2="42,0,66,30,11,38,135,119,73,79,93,60,59" hai3="107,92,37,95,55,12,43,31,94,48,105,97,120"/><W65/><G120/><T71/><D117/><U10/><E103/><V27/><F119/><W116/><G116/><T127/><D110/><U61/><E125/><V88/><F135/><W104/><G65/><T101/><D134/><U56/><E132/><V76/><F73/><W4/><G31/><T18/><D72/><U33/><E131/><V64/><F42/><W2/><G2/><T24/><D101/><U49/><E33/><V36/><F36/><W102/><G43/><T113/><D113/><U28/><E28/><V86/><F38/><W19/><G4/><T77/><D67/><U25/><E25/><V34/><F0/><W126/><G37/><T75/><D75/><U9/><E39/><V99/><F11/><W100/><G126/><N who="0" m="48171" /><D71/><U111/><E111/><V108/><F108/><W29/><G29/><T7/><D7/><U70/><E70/><V81/><REACH who="2" step="1"/><F64/><REACH who="2" ten="335,450,53,152" step="2"/><W13/><G97/><T121/><D121/><U62/><E10/><V82/><F82/><W15/><REACH who="3" step="1"/><G19/><REACH who="3" ten="335,450,53,142" step="2"/><T90/><D18/><U128/><E3/><V63/><F63/><W23/><G23/><N who="0" m="13415" /><D54/><U50/><E53/><V20/><F20/><W130/><G130/><T51/><D51/><U40/><E50/><V41/><F41/><W32/><G32/><T22/><D22/><U78/><E40/><V98/><F98/><W129/><G129/><T68/><D68/><U91/><E49/><V114/><F114/><W83/><G83/><N who="0" m="47215" /><D85/><U21/><E128/><V57/><F57/><AGARI ba="0,2" hai="12,13,15,48,55,57,92,94,95,100,102,104,105,107" machi="57" ten="50,18000,2" yaku="1,1,29,2,52,3,53,1" doraHai="8" doraHaiUra="45" who="3" fromWho="2" sc="335,0,450,0,53,-180,142,200" owari="335,-6.0,450,55.0,-127,-63.0,342,14.0" /></mjloggm>