<mjloggm ver="2.3"><GO type="41"/><UN n0="%74%2D%61%67%65" n1="%E3%82%A6%E3%83%AB%E3%83%88%E3%83%A9%E7%AB%8B%E7%9B%B4" n2="%4D%43%E3%83%8F%E3%83%9E%E3%83%BC%28%E6%9C%AC%E4%BA%BA" n3="%66%75%6B%75%64%6F%6D%65" dan="14,15,14,14" rate="1831,2011,1897,1864" sx="M,M,M,M"/><TAIKYOKU oya="0"/><INIT seed="0,0,0,1,2,44" ten="250,250,250,250" oya="0" hai0="95,96,98,105,109,11,84,119,43,129,128,15,31" hai1="5,130,112,64,83,36,73,115,88,135,32,16,26" hai2="21,25,8,85,69,22,107,99,13,80,6,56,131" hai3="66,3,7,103,90,86,76,126,2,10,57,50,33"/><T48/><D119/><U37/><E5/><V41/><F69/><W71/><G33/><T23/><D105/><U60/><E130/><N who="0" m="50281" /><D31/><U62/><E135/><V34/><F131/><W79/><G2/><T92/><D23/><N who="1" m="13671" /><E32/><V54/><F41/><W101/><G101/><T114/><D114/><N who="1" m="43563" /><E62/><V123/><F123/><W9/><G103/><T27/><D27/><U124/><E124/><V108/><F99/><N who="0" m="37930" /><D84/><N who="1" m="50207" /><E73/><V38/><F107/><W127/><G126/><T68/><D68/><AGARI ba="0,0" hai="36,37,60,64,68" m="50207,43563,13671" machi="68" ten="30,3900,0" yaku="11,1,54,2" doraHai="44" who="1" fromWho="0" sc="250,-39,250,39,250,0,250,0" /><INIT seed="1,0,0,1,0,52" ten="211,289,250,250" oya="1" hai0="134,94,1,108,85,26,100,124,121,88,119,45,126" hai1="131,47,78,57,99,132,127,86,128,110,69,9,91" hai2="21,97,74,13,133,36,81,90,118,8,123,75,32" hai3="89,73,2,51,102,115,71,67,39,3,27,49,55"/><U80/><E69/><V129/><F123/><W82/><G39/><T96/><D1/><U112/><E47/><V64/><F118/><W37/><G37/><T34/><D45/><U12/><E112/><V84/><F32/><W103/><G71/><T58/><D119/><U19/><E127/><V93/><F36/><W120/><G67/><T24/><D121/><U10/><E132/><V41/><F41/><W42/><G42/><T130/><D108/><U35/><E35/><V14/><F64/><W5/><G73/><T20/><D34/><U30/><E30/><V113/><F133/><W72/><G72/><T83/><D134/><U48/><E110/><V92/><F113/><W114/><G120/><T68/><D68/><U29/><E29/><V22/><F93/><W105/><G55/><T43/><D43/><U107/><E10/><V76/><F129/><N who="1" m="49737" /><E48/><V15/><F74/><W25/><G5/><T104/><D130/><U87/><E87/><V79/><F75/><W17/><G105/><T0/><D0/><U31/><E31/><V70/><F70/><W109/><G109/><T135/><D135/><U33/><E33/><V66/><F8/><W46/><G46/><T101/><D104/><U95/><E107/><V117/><F117/><W56/><G17/><T111/><D111/><U40/><E40/><V116/><F116/><W28/><G28/><T122/><D122/><U54/><E54/><V16/><F66/><W125/><G125/><N who="0" m="48235" /><D26/><U23/><E9/><V106/><F106/><W59/><G82/><T63/><D83/><U50/><E50/><V4/><F81/><RYUUKYOKU ba="0,0" sc="211,-15,289,15,250,-15,250,15" hai1="12,19,23,57,78,80,86,91,95,99" hai3="2,3,25,27,49,51,56,59,89,102,103,114,115" /><INIT seed="1,1,0,2,4,126" ten="196,304,235,265" oya="1" hai0="95,6,47,69,29,73,15,64,91,90,72,60,13" hai1="122,54,37,118,10,44,53,124,58,45,55,24,71" hai2="86,28,0,96,70,36,106,87,22,133,97,68,103" hai3="85,50,100,51,5,40,31,3,130,56,16,79,93"/><U43/><E124/><V46/><F0/><W35/><G35/><T125/><D125/><U117/><E10/><V105/><F133/><W4/><G31/><T75/><D29/><U67/><E24/><V66/><F66/><W63/><G3/><T26/><D26/><U127/><E127/><V116/><F116/><W88/><G79/><T84/><D47/><U11/><E11/><V101/><F28/><W109/><G109/><T9/><D15/><U89/><E89/><V20/><REACH who="2" step="1"/><F46/><REACH who="2" ten="196,304,225,265" step="2"/><W8/><G40/><T132/><D132/><U80/><E118/><V115/><F115/><W114/><G114/><T61/><D72/><U108/><E117/><V112/><F112/><W129/><G100/><T48/><D64/><U135/><E108/><V83/><F83/><W104/><G4/><T82/><D6/><U33/><E80/><V99/><F99/><W111/><G5/><T39/><D82/><U65/><E135/><V102/><F102/><W25/><G111/><T27/><D69/><U12/><E33/><V21/><F21/><N who="3" m="13479" /><G8/><T123/><D9/><U62/><E122/><V52/><F52/><N who="3" m="34183" /><G104/><T2/><D123/><U14/><E67/><V120/><F120/><W38/><G38/><AGARI ba="1,1" hai="20,22,36,38,68,70,86,87,96,97,101,103,105,106" machi="38" ten="25,8000,1" yaku="1,1,22,2,53,2" doraHai="126" doraHaiUra="81" who="2" fromWho="3" sc="196,0,304,0,225,93,265,-83" /><INIT seed="2,0,0,5,4,74" ten="196,304,318,182" oya="2" hai0="123,128,11,120,92,96,101,78,57,50,63,48,89" hai1="124,29,47,62,99,25,121,126,122,34,43,56,23" hai2="13,113,22,86,1,108,15,39,33,55,130,106,67" hai3="100,45,111,131,38,24,132,40,19,41,71,103,94"/><V30/><F113/><W112/><G71/><T93/><D128/><U104/><E23/><V35/><F1/><W81/><G131/><T129/><D129/><U46/><E46/><V20/><F39/><W83/><G112/><T51/><D11/><U69/><E99/><V88/><F106/><W21/><G132/><T109/><D109/><U65/><E56/><V75/><F108/><W52/><G111/><T135/><D135/><U105/><E105/><V87/><F130/><W73/><G40/><T14/><D14/><U53/><E53/><V37/><F75/><W133/><G133/><T26/><D26/><U118/><E104/><V79/><F37/><W54/><G83/><T66/><REACH who="0" step="1"/><D78/><REACH who="0" ten="186,304,318,182" step="2"/><U32/><E32/><V115/><F35/><W6/><G6/><T102/><D102/><U90/><E90/><V76/><F33/><W9/><G9/><T16/><D16/><U64/><E122/><V12/><F12/><W8/><G8/><T61/><D61/><U59/><E121/><V28/><F115/><W0/><G0/><T17/><D17/><U91/><E34/><V98/><F15/><W10/><G10/><T95/><D95/><U77/><E25/><V60/><F13/><W49/><G103/><T42/><D42/><U5/><E43/><V85/><F30/><W27/><G27/><T18/><D18/><U31/><E29/><V119/><F28/><W70/><G38/><T58/><D58/><U134/><E31/><V127/><F79/><N who="3" m="44271" /><G70/><T3/><D3/><U72/><E69/><V110/><F76/><W36/><G36/><T116/><D116/><RYUUKYOKU ba="0,1" sc="186,15,304,-15,318,-15,182,15" hai0="48,50,51,57,63,66,89,92,93,96,101,120,123" hai3="19,21,24,41,45,49,52,54,94,100" /><INIT seed="3,1,1,4,5,124" ten="201,289,303,197" oya="3" hai0="16,5,35,75,27,104,34,46,3,19,105,17,118" hai1="84,119,126,63,37,96,133,36,11,55,97,129,32" hai2="69,48,52,92,40,87,83,59,57,67,95,47,58" hai3="15,101,0,56,90,18,81,110,131,71,42,14,121"/><W122/><G0/><T89/><D75/><U78/><E32/><N who="0" m="12329" /><D89/><U135/><E11/><V13/><F69/><W128/><G71/><T102/><D46/><U60/><E126/><V76/><F13/><W9/><G101/><T91/><D91/><U23/><E23/><V106/><F106/><W111/><G42/><T80/><D80/><U127/><E127/><V6/><F6/><N who="3" m="3383" /><G90/><T33/><D102/><U50/><E119/><V61/><F67/><W22/><G81/><T114/><D104/><U117/><E117/><V38/><F38/><W107/><G107/><T88/><D88/><U1/><E1/><V2/><F2/><W115/><G115/><T93/><D93/><AGARI ba="1,1" hai="40,47,48,52,57,58,59,61,76,83,87,92,93,95" machi="93" ten="40,2600,0" yaku="8,1,54,1" doraHai="124" who="2" fromWho="0" sc="201,-29,289,0,303,39,197,0" /><INIT seed="4,0,0,3,0,99" ten="172,289,342,197" oya="0" hai0="82,25,14,35,76,119,97,133,18,69,26,68,121" hai1="123,34,44,58,23,1,10,71,134,51,28,27,20" hai2="4,8,32,103,9,49,77,46,128,102,113,88,5" hai3="64,105,66,86,89,45,2,33,39,79,48,87,38"/><T22/><D121/><U36/><E71/><V95/><F32/><W54/><G105/><T73/><D119/><U47/><E123/><V61/><F113/><W40/><G2/><T52/><D133/><U108/><E108/><V94/><F128/><W129/><G33/><T91/><D26/><U17/><E134/><V59/><F77/><W16/><G129/><T90/><D35/><U132/><E132/><V111/><F111/><W96/><G38/><T100/><D91/><U24/><E36/><V55/><F95/><W65/><G79/><T6/><D90/><U50/><E58/><V107/><F107/><W29/><G29/><T131/><D131/><U124/><E124/><V7/><F8/><W0/><G0/><T135/><D135/><U98/><E98/><N who="2" m="57671" /><F9/><W120/><G120/><T130/><D130/><U37/><E37/><V117/><F117/><W70/><G70/><T92/><REACH who="0" step="1"/><D52/><AGARI ba="0,0" hai="4,5,7,46,49,52,55,59,61,102,103" m="57671" machi="52" ten="30,8000,1" yaku="8,1,52,2,54,2" doraHai="99" who="2" fromWho="0" sc="172,-80,289,0,342,80,197,0" /><INIT seed="5,0,0,2,5,20" ten="92,289,422,197" oya="1" hai0="6,35,44,98,23,85,117,114,27,67,9,71,24" hai1="64,48,11,70,87,21,111,32,103,86,40,15,100" hai2="88,61,10,72,79,41,4,52,112,101,132,37,49" hai3="76,124,46,12,89,129,30,95,57,28,8,116,53"/><U25/><E32/><V92/><F132/><W75/><G129/><T94/><D117/><U43/><E64/><V19/><F101/><N who="1" m="38985" /><E70/><V113/><F19/><W128/><G116/><T3/><D114/><N who="2" m="44138" /><F61/><W83/><G124/><T91/><D35/><U59/><E111/><V60/><F60/><W31/><G128/><T55/><D23/><U106/><E106/><V104/><F104/><W65/><G46/><T77/><D67/><U82/><E59/><N who="2" m="33167" /><F41/><N who="1" m="15945" /><E48/><V51/><F51/><W18/><G65/><T119/><D71/><U123/><E123/><V126/><F126/><W34/><G34/><T0/><D0/><U81/><E81/><V2/><F79/><W105/><G105/><T50/><REACH who="0" step="1"/><D119/><REACH who="0" ten="82,289,422,197" step="2"/><U17/><E82/><AGARI ba="0,1" hai="3,6,9,24,27,44,50,55,77,82,85,91,94,98" machi="82" ten="40,8000,1" yaku="1,1,2,1,52,2,53,1" doraHai="20" doraHaiUra="84" who="0" fromWho="1" sc="82,90,289,-80,422,0,197,0" /><INIT seed="6,0,0,0,2,91" ten="172,209,422,197" oya="2" hai0="132,120,88,38,25,72,6,7,117,18,26,98,51" hai1="44,77,127,9,32,100,52,118,133,15,19,69,106" hai2="46,0,86,112,55,119,128,61,5,114,33,123,121" hai3="49,45,83,2,75,84,124,43,85,111,28,113,103"/><V36/><F33/><W66/><G113/><T92/><D38/><U59/><E69/><V24/><F24/><W63/><G2/><T99/><D120/><U68/><E68/><V80/><F5/><W16/><G124/><T135/><D72/><U31/><E118/><V90/><F0/><W101/><G111/><T82/><D117/><U23/><E127/><V40/><F119/><W22/><G28/><T39/><D39/><U11/><E133/><N who="0" m="51273" /><D99/><U56/><E77/><V107/><F107/><W93/><G75/><T95/><D82/><U76/><E76/><V12/><F12/><N who="3" m="9479" /><G66/><T34/><D34/><U131/><E131/><V53/><F128/><W130/><G63/><T35/><D35/><U78/><E78/><V48/><F61/><W87/><G130/><T37/><D37/><U17/><E100/><N who="3" m="38474" /><G83/><T67/><D67/><U8/><E106/><V115/><F55/><W74/><G74/><T116/><D116/><U105/><E105/><V109/><F109/><W57/><G57/><T81/><D51/><N who="1" m="28775" /><E32/><V97/><F121/><W27/><G27/><N who="0" m="10251" /><D18/><N who="1" m="10719" /><E31/><V102/><F80/><W71/><G71/><T62/><D62/><U96/><E96/><V126/><F97/><W58/><G58/><AGARI ba="0,0" hai="8,9,11,17,19,56,58,59" m="10719,28775" machi="58" ten="30,2000,0" yaku="8,1,54,1" doraHai="91" who="1" fromWho="3" sc="172,0,209,20,422,0,197,-20" /><INIT seed="7,0,0,0,4,59" ten="172,229,422,177" oya="3" hai0="53,73,102,69,97,22,68,35,132,104,115,15,37" hai1="75,92,88,83,0,125,42,112,23,72,39,62,51" hai2="32,66,77,78,127,129,47,106,131,45,6,74,40" hai3="33,85,99,107,8,9,101,38,117,36,34,17,2"/><W31/><G117/><T135/><D37/><U120/><E39/><V87/><F106/><W50/><G2/><T16/><D35/><U48/><E0/><V118/><F118/><W95/><G31/><T76/><D115/><U11/><E120/><V28/><F6/><W27/><G36/><T84/><D73/><U121/><E121/><V103/><F103/><W29/><G38/><T79/><D53/><U128/><E75/><V122/><F74/><W105/><G34/><T64/><D79/><U70/><E125/><V1/><F127/><W54/><G17/><T10/><D76/><U133/><E128/><V3/><F28/><W98/><G85/><T110/><D84/><U61/><E133/><V60/><F87/><W113/><G113/><T93/><D104/><U21/><E70/><V63/><F122/><W20/><G20/><T89/><D102/><U80/><E11/><V114/><F32/><W86/><G86/><T109/><D10/><U124/><E124/><V12/><F114/><W24/><G24/><T134/><REACH who="0" step="1"/><D69/><REACH who="0" ten="162,229,422,177" step="2"/><U7/><E72/><V55/><F66/><W96/><G107/><T52/><D52/><U43/><E112/><V49/><F60/><AGARI ba="0,1" hai="15,16,22,60,64,68,89,93,97,109,110,132,134,135" machi="60" ten="40,8000,1" yaku="1,1,20,1,52,1,54,1,53,0" doraHai="59" doraHaiUra="111" who="0" fromWho="2" sc="162,90,229,0,422,-80,177,0" owari="252,5.0,229,-17.0,342,44.0,177,-32.0" /></mjloggm>