<mjloggm ver="2.3"><GO type="97"/><UN n0="%E6%AF%9B%E7%8E%89%E3%83%9E%E3%83%95%E3%83%A9%E3%83%BC" n1="%EF%BC%88%E2%89%A7%E2%96%BD%E2%89%A6%EF%BC%89" n2="%E6%83%91%E6%98%9F%E6%B3%A8" n3="%E3%83%90%E3%83%AD%E3%83%B3%EF%BC%88%EF%BC%9E%CF%89%EF%BC%9C%EF%BC%89" dan="14,15,15,16" rate="1911,1966,1897,2069" sx="M,M,M,M"/><TAIKYOKU oya="0"/><INIT seed="0,0,0,5,0,75" ten="250,250,250,250" oya="0" hai0="61,86,129,39,65,114,43,76,96,106,95,28,45" hai1="64,128,131,115,68,77,50,1,36,111,10,14,85" hai2="24,100,126,11,27,70,78,87,40,107,37,16,17" hai3="19,105,13,88,23,47,32,102,66,48,22,31,112"/><T73/><D114/><U21/><E36/><V0/><F70/><W9/><G112/><T25/><D129/><N who="1" m="49739" /><E115/><V33/><F107/><W83/><G83/><T41/><D73/><U20/><E111/><V101/><F100/><W35/><G66/><T93/><D41/><U94/><E1/><V90/><F101/><W132/><G132/><T55/><D55/><U97/><E50/><V127/><F33/><W84/><G102/><T58/><D106/><U134/><E134/><V133/><F0/><W42/><G105/><T56/><D56/><U79/><E97/><V135/><F40/><W121/><G121/><T92/><D96/><U123/><E123/><V29/><F37/><W6/><G31/><T15/><D15/><U44/><E44/><V82/><F135/><W2/><REACH who="3" step="1"/><G22/><REACH who="3" ten="250,250,250,240" step="2"/><N who="1" m="8810" /><E64/><V60/><F133/><W120/><G120/><T108/><D108/><U62/><E68/><V118/><F29/><W52/><G52/><T5/><D86/><U72/><E72/><V12/><F87/><W81/><AGARI ba="0,1" hai="2,6,9,13,19,23,32,35,42,47,48,81,84,88" machi="81" ten="20,5200,0" yaku="1,1,0,1,7,1,54,1,53,0" doraHai="75" doraHaiUra="74" who="3" fromWho="3" sc="250,-26,250,-13,250,-13,240,62" /><INIT seed="1,0,0,4,5,98" ten="224,237,237,302" oya="1" hai0="122,70,64,9,135,86,89,96,117,97,15,55,60" hai1="35,95,52,81,28,101,39,123,102,110,133,32,47" hai2="46,119,27,59,125,128,91,63,17,61,127,54,79" hai3="42,0,3,22,84,29,108,44,88,56,26,23,11"/><U13/><E123/><V1/><F79/><W6/><G108/><T130/><D122/><U66/><E133/><V103/><F1/><W20/><G56/><T105/><D117/><U12/><E110/><V111/><F119/><W16/><G0/><T85/><D130/><U94/><E66/><V78/><F111/><W126/><G29/><T57/><D135/><U77/><E39/><V131/><F78/><W8/><G8/><T120/><D120/><U24/><E35/><V5/><F5/><W65/><G65/><T82/><D86/><N who="1" m="48431" /><E32/><V90/><F46/><W41/><G126/><N who="2" m="48137" /><F63/><W100/><G100/><N who="1" m="38506" /><E24/><V134/><F103/><W2/><G2/><T80/><D105/><U87/><E28/><V37/><F134/><W93/><G41/><T115/><D115/><U99/><E87/><V112/><F37/><AGARI ba="0,0" hai="3,6,11,16,20,22,23,26,37,42,44,84,88,93" machi="37" ten="30,3900,0" yaku="7,1,54,2" doraHai="98" who="3" fromWho="2" sc="224,0,237,0,237,-39,302,39" /><INIT seed="2,0,0,5,3,10" ten="224,237,198,341" oya="2" hai0="131,58,37,2,45,130,83,31,77,57,74,116,38" hai1="97,61,73,67,64,50,7,85,19,124,17,3,81" hai2="0,48,113,55,18,34,70,112,60,15,108,21,89" hai3="65,23,114,117,111,134,76,95,86,87,25,126,125"/><V14/><F34/><W105/><G105/><T133/><D116/><U40/><E124/><N who="3" m="47722" /><G117/><T129/><D133/><U59/><E73/><V71/><F0/><W52/><G134/><T92/><D2/><U68/><E3/><V99/><F108/><W128/><G111/><T122/><D122/><U20/><E7/><V91/><F113/><W36/><G36/><T54/><D31/><U49/><E97/><V98/><F112/><W72/><G114/><T53/><D92/><U123/><E123/><V35/><F35/><W127/><G65/><T120/><D120/><U4/><E4/><V8/><F71/><W109/><G109/><T1/><D1/><U5/><E5/><N who="2" m="3343" /><F60/><W11/><G127/><T121/><D45/><N who="1" m="25767" /><E68/><V13/><F70/><W29/><G72/><T16/><D16/><N who="1" m="6219" /><E50/><V39/><F39/><N who="0" m="14858" /><D121/><U66/><E20/><V63/><F63/><W118/><G118/><T56/><AGARI ba="0,0" hai="53,54,56,57,58,74,77,83,129,130,131" m="14858" machi="56" ten="40,1500,0" yaku="19,1" doraHai="10" who="0" fromWho="0" sc="224,15,237,-4,198,-7,341,-4" /><INIT seed="3,0,0,5,3,72" ten="239,233,191,337" oya="3" hai0="107,83,63,40,0,115,114,71,59,49,67,21,46" hai1="12,9,43,11,84,36,44,118,58,102,103,39,111" hai2="4,47,23,96,17,94,13,93,37,132,127,31,60" hai3="56,61,35,66,78,95,52,87,121,82,104,89,131"/><W85/><G121/><T19/><D0/><U129/><E39/><V134/><F127/><W1/><G1/><T80/><D107/><U33/><E33/><V98/><F60/><W7/><G104/><T110/><D110/><U42/><E111/><V48/><F37/><W14/><G35/><T25/><D71/><U41/><E129/><V76/><F31/><W122/><G122/><T70/><D70/><U91/><E118/><V16/><F4/><W128/><G66/><T90/><D90/><U73/><E73/><V26/><F134/><W124/><G124/><T106/><D106/><U45/><E58/><V74/><F132/><W75/><G75/><T79/><REACH who="0" step="1"/><D83/><REACH who="0" ten="229,233,191,337" step="2"/><U54/><E91/><V92/><F74/><AGARI ba="0,1" hai="19,21,25,40,46,49,59,63,67,74,79,80,114,115" machi="74" ten="40,5200,0" yaku="1,1,2,1,52,1,53,0" doraHai="72" doraHaiUra="29" who="0" fromWho="2" sc="229,62,233,0,191,-52,337,0" owari="291,9.0,233,-17.0,139,-36.0,337,44.0" /></mjloggm>