<mjloggm ver="2.3"><GO type="169" lobby="0"/><UN n0="%41%6B%61%2D%75%72%61" n1="%EF%BC%88%E2%89%A7%E2%96%BD%E2%89%A6%EF%BC%89" n2="%E4%BF%BA%E3%81%A4%E3%81%88%E3%81%88%E3%81%88%EF%BD%9E" n3="%E5%8C%97%E9%81%93%E5%B1%B1" dan="16,18,17,17" rate="2100.18,2252.84,2161.36,2134.90" sx="M,M,M,M"/><TAIKYOKU oya="0"/><INIT seed="0,0,0,2,5,91" ten="250,250,250,250" oya="0" hai0="28,10,8,101,3,38,89,121,24,93,41,119,12" hai1="122,111,31,88,27,73,60,82,52,9,51,2,39" hai2="16,109,113,22,46,108,7,55,84,102,26,75,104" hai3="34,105,64,114,30,44,66,23,50,115,77,47,62"/><T74/><D119/><U11/><E122/><V132/><F75/><W13/><G105/><T17/><D74/><U79/><E39/><V95/><F113/><W116/><G77/><T68/><D68/><U1/><E111/><N who="2" m="42571" /><F132/><W4/><G116/><T100/><D121/><U80/><E60/><V134/><F134/><W83/><G83/><T19/><D41/><U107/><E107/><V63/><F7/><W87/><G87/><T36/><D3/><U92/><E80/><V15/><F104/><W6/><G34/><T61/><D61/><U48/><E48/><N who="2" m="29079" /><F63/><W65/><G62/><T54/><D54/><U45/><E2/><V49/><F49/><W76/><G76/><T96/><D36/><U130/><E130/><V29/><F84/><W69/><G69/><T21/><D38/><U126/><E1/><V53/><F53/><W58/><G58/><T14/><AGARI ba="0,0" hai="8,10,12,14,17,19,21,24,28,89,93,96,100,101" machi="14" ten="30,11700,0" yaku="0,1,9,1,8,1,52,1" doraHai="91" who="0" fromWho="0" sc="250,117,250,-39,250,-39,250,-39" /><INIT seed="0,1,0,1,3,90" ten="367,211,211,211" oya="0" hai0="130,133,71,46,131,65,126,119,19,55,26,44,15" hai1="29,107,121,28,54,6,134,115,52,48,98,41,69" hai2="105,100,45,18,66,8,32,84,59,127,128,0,64" hai3="22,34,135,132,47,21,114,103,57,78,118,68,89"/><T24/><D119/><U60/><E121/><V2/><F32/><W85/><G68/><T30/><D126/><U33/><E115/><V14/><F127/><W123/><G34/><T12/><D133/><U42/><E134/><V82/><F128/><N who="0" m="49194" /><D24/><U129/><E129/><V16/><F45/><N who="0" m="17514" /><D19/><U120/><E120/><V112/><F112/><W97/><G114/><T5/><D5/><U93/><E107/><V72/><F72/><W83/><G123/><T95/><D55/><U70/><E6/><V36/><F36/><W109/><G118/><T51/><D51/><U77/><E33/><V73/><F73/><W91/><G132/><T104/><D104/><U87/><E70/><V25/><F2/><W40/><G135/><T62/><D95/><U111/><E69/><V63/><F0/><W113/><G57/><T79/><D79/><U38/><E38/><V67/><F105/><W23/><G113/><T39/><D39/><U20/><E48/><V125/><F100/><W75/><G47/><T76/><D76/><U37/><E37/><V74/><F74/><W53/><G53/><T11/><D11/><U81/><E54/><N who="2" m="34295" /><F125/><W96/><G75/><T17/><D17/><U49/><E49/><V92/><F92/><W27/><G78/><T116/><D116/><U56/><E93/><V124/><F124/><W102/><G27/><T50/><D50/><U7/><E77/><N who="2" m="46159" /><F25/><W43/><G102/><T3/><D3/><U31/><E56/><V58/><F18/><W101/><G101/><T61/><D62/><AGARI ba="1,0" hai="8,14,16,58,62,64,66,67" m="46159,34295" machi="62" ten="30,2000,0" yaku="8,1,54,1" doraHai="90" who="2" fromWho="0" sc="367,-23,211,0,211,23,211,0" /><INIT seed="1,0,0,0,1,65" ten="344,211,234,211" oya="1" hai0="47,107,4,60,133,54,43,95,97,110,123,68,11" hai1="15,22,23,46,42,16,105,120,101,85,19,37,99" hai2="3,52,128,50,111,92,12,58,100,13,24,2,130" hai3="121,116,53,113,30,10,96,56,82,66,41,45,40"/><U55/><E120/><V36/><F36/><W25/><G113/><T131/><D107/><U0/><E0/><V74/><F74/><W75/><G121/><T83/><D110/><U129/><E129/><V62/><F111/><W91/><G116/><T18/><D131/><N who="2" m="50218" /><F24/><W134/><G134/><T14/><D83/><U9/><E55/><N who="2" m="34143" /><F2/><W64/><G10/><T59/><D133/><U57/><E57/><N who="2" m="32919" /><F3/><W39/><G75/><T124/><D123/><U61/><E61/><V108/><F108/><W89/><G89/><T34/><D34/><U21/><REACH who="1" step="1"/><E85/><REACH who="1" ten="344,201,234,211" step="2"/><V79/><F79/><W8/><G96/><AGARI ba="0,1" hai="12,13,92,96,100" m="32919,34143,50218" machi="96" ten="30,2000,0" yaku="19,1,54,1" doraHai="65" who="2" fromWho="3" sc="344,0,201,0,234,30,211,-20" /><INIT seed="2,0,0,2,2,38" ten="344,201,264,191" oya="2" hai0="65,116,78,43,17,92,120,94,27,100,103,49,117" hai1="77,46,132,15,39,80,3,127,56,118,55,23,7" hai2="97,119,61,129,89,72,102,98,106,45,135,128,31" hai3="96,112,122,109,57,67,101,105,114,131,59,113,44"/><V16/><F119/><N who="0" m="45642" /><D65/><U107/><E118/><V130/><F72/><W104/><G122/><T18/><D78/><U81/><E107/><V32/><F135/><W2/><G2/><T13/><D120/><U12/><E132/><V51/><F61/><W36/><G109/><T1/><D1/><U75/><E127/><V5/><F5/><W90/><G131/><T111/><D111/><U24/><E80/><V68/><F68/><W134/><G134/><T8/><D27/><U69/><E69/><V28/><F32/><W64/><G90/><T53/><D43/><N who="1" m="22911" /><E24/><V58/><F58/><W62/><G104/><T26/><D26/><U66/><E66/><V0/><F0/><W9/><G9/><T42/><D42/><U29/><E29/><V121/><F121/><W93/><G105/><T35/><D35/><U4/><E23/><V50/><F31/><W95/><G95/><N who="0" m="36395" /><D17/><U110/><E110/><V84/><F28/><W115/><G115/><T34/><D34/><U37/><E37/><V70/><F70/><W30/><G30/><T83/><D83/><U60/><E7/><V41/><F16/><W79/><G79/><T108/><D108/><U73/><E73/><V14/><F14/><W25/><G25/><T52/><D53/><U76/><E76/><V86/><F97/><W99/><G99/><T126/><D126/><U19/><E19/><V85/><F89/><W47/><REACH who="3" step="1"/><G36/><AGARI ba="0,0" hai="36,41,45,50,51,84,85,86,98,102,106,128,129,130" machi="36" ten="50,4800,0" yaku="19,1,52,1" doraHai="38" who="2" fromWho="3" sc="344,0,201,0,264,48,191,-48" /><INIT seed="2,1,0,0,0,68" ten="344,201,312,143" oya="2" hai0="43,60,115,105,123,45,111,14,25,64,88,79,7" hai1="9,127,26,80,77,130,49,132,52,103,91,135,33" hai2="104,128,51,23,70,120,100,4,47,39,124,87,18" hai3="56,65,62,117,38,81,55,85,131,22,116,112,82"/><V96/><F120/><W98/><G131/><T93/><D105/><U86/><E130/><V102/><F128/><W134/><G134/><N who="1" m="51242" /><E127/><V75/><F75/><W129/><G129/><T24/><D115/><U71/><E71/><V0/><F70/><W37/><G112/><T108/><D123/><U2/><E103/><V57/><F124/><W41/><G98/><T84/><D79/><U59/><E77/><V3/><F100/><W31/><G82/><T34/><D34/><U99/><E99/><V119/><F119/><W110/><G110/><N who="0" m="42027" /><D7/><N who="1" m="1271" /><E26/><V63/><F87/><W109/><G109/><T53/><D53/><U10/><E10/><V113/><F4/><W42/><G31/><T78/><D78/><U32/><AGARI ba="1,0" hai="32,33,49,52,59,80,86,91" m="1271,51242" machi="32" ten="30,2000,0" yaku="20,1,54,1" doraHai="68" who="1" fromWho="1" sc="344,-6,201,23,312,-11,143,-6" /><INIT seed="3,0,0,3,1,68" ten="338,224,301,137" oya="3" hai0="75,96,40,88,46,102,0,53,82,108,123,71,81" hai1="135,124,128,44,133,98,92,5,100,131,16,80,113" hai2="83,90,64,24,33,4,15,106,132,95,70,118,63" hai3="119,7,101,8,122,38,14,19,116,35,57,69,85"/><W36/><G69/><T58/><D71/><U121/><E113/><V129/><F118/><W22/><G122/><T47/><D123/><U120/><E5/><V28/><F129/><N who="1" m="49737" /><E44/><V127/><F127/><W107/><G35/><T103/><D0/><U42/><E42/><V72/><F132/><N who="1" m="50761" /><E124/><V73/><F106/><W51/><G85/><T41/><D108/><U110/><E110/><V60/><F60/><W54/><G116/><T66/><D66/><U12/><E80/><V74/><F4/><W49/><G119/><T78/><D47/><U130/><N who="1" m="49745" /><U26/><DORA hai="111" /><E26/><V105/><F15/><W29/><G29/><T21/><D41/><U112/><E112/><V43/><F43/><W34/><G34/><T52/><D46/><U10/><AGARI ba="0,0" hai="10,12,16,92,98,100,120,121" m="50761,49745" machi="10" ten="50,6400,0" yaku="19,1,20,1,54,1" doraHai="68,111" who="1" fromWho="1" sc="338,-16,224,64,301,-16,137,-32" /><INIT seed="4,0,0,2,0,30" ten="322,288,285,105" oya="0" hai0="91,105,32,26,46,80,58,102,106,42,132,73,23" hai1="39,120,43,16,45,78,74,89,0,65,41,56,20" hai2="12,129,90,27,128,75,7,47,115,57,15,82,11" hai3="107,77,122,94,54,88,48,112,135,70,93,2,31"/><T34/><D132/><U99/><E120/><V49/><F115/><W59/><G107/><T64/><D64/><U84/><E0/><V133/><F133/><W55/><G135/><T9/><D58/><U3/><E3/><V40/><F27/><W72/><G70/><T113/><D113/><U81/><E43/><V92/><F57/><W24/><G112/><T100/><D9/><U21/><E99/><V126/><F126/><W37/><G37/><T67/><D67/><U69/><E69/><V85/><F75/><W86/><G2/><T18/><D106/><U62/><REACH who="1" step="1"/><E16/><REACH who="1" ten="322,278,285,105" step="2"/><V127/><F127/><W87/><G122/><T1/><D1/><U98/><E98/><V101/><F101/><W116/><G116/><T10/><D102/><U95/><AGARI ba="0,1" hai="20,21,39,41,45,56,62,65,74,78,81,84,89,95" machi="95" ten="20,2700,0" yaku="1,1,0,1,7,1,53,0" doraHai="30" doraHaiUra="125" who="1" fromWho="1" sc="322,-13,278,37,285,-7,105,-7" /><INIT seed="5,0,0,3,5,66" ten="309,315,278,98" oya="1" hai0="64,120,15,79,59,133,115,123,20,74,104,95,55" hai1="29,98,40,0,106,44,54,60,6,49,111,4,11" hai2="50,51,10,69,134,22,65,94,92,8,2,100,30" hai3="32,129,9,135,36,126,72,18,37,43,27,48,116"/><U52/><E111/><V26/><F134/><W62/><G72/><T90/><D104/><U109/><E109/><V63/><F50/><W3/><G116/><T112/><D133/><U91/><E29/><V105/><F51/><W23/><G135/><T89/><D64/><U39/><E6/><V82/><F82/><W103/><G129/><T17/><D79/><U130/><E130/><V128/><F128/><W16/><G126/><T19/><D74/><U53/><E60/><V85/><F2/><W35/><G103/><T70/><D19/><U119/><E119/><V57/><F105/><W67/><G48/><N who="0" m="31207" /><D70/><U71/><E71/><V7/><F69/><W58/><G43/><T102/><D102/><U114/><E114/><N who="0" m="43561" /><D90/><U132/><E132/><V80/><F7/><W24/><G3/><T56/><D56/><U118/><E118/><V110/><F110/><W25/><G9/><N who="2" m="3689" /><F100/><W75/><G75/><T13/><D15/><U78/><E78/><AGARI ba="0,0" hai="22,26,30,57,63,65,78,80,85,92,94" m="3689" machi="78" ten="30,1000,0" yaku="8,1" doraHai="66" who="2" fromWho="1" sc="309,0,315,-10,278,10,98,0" /><INIT seed="6,0,0,2,2,116" ten="309,305,288,98" oya="2" hai0="131,49,123,46,18,40,5,25,65,19,95,50,107" hai1="23,3,41,78,9,37,117,64,62,48,43,80,71" hai2="59,54,89,85,108,52,28,113,21,15,20,10,101" hai3="81,86,76,7,98,38,57,92,96,83,79,63,72"/><V55/><F113/><W8/><G38/><T102/><D107/><U75/><E117/><V100/><F108/><W53/><REACH who="3" step="1"/><G92/><REACH who="3" ten="309,305,288,88" step="2"/><T111/><D95/><U34/><E37/><V115/><F115/><W104/><G104/><T44/><D111/><U128/><E128/><V135/><F135/><W87/><G87/><T51/><D131/><U74/><E74/><V68/><F68/><W130/><G130/><T90/><D46/><U67/><E75/><V133/><F133/><W109/><G109/><T2/><D44/><U121/><E71/><V12/><F59/><W0/><AGARI ba="0,1" hai="0,7,8,53,57,63,72,76,79,81,83,86,96,98" machi="0" ten="20,5200,0" yaku="1,1,0,1,7,1,53,1" doraHai="116" doraHaiUra="33" who="3" fromWho="3" sc="309,-13,305,-13,288,-26,88,62" /><INIT seed="7,0,0,3,2,13" ten="296,292,262,150" oya="3" hai0="117,6,15,114,62,32,21,109,64,46,110,75,25" hai1="74,85,124,79,84,55,91,87,40,26,1,30,18" hai2="41,17,115,88,24,120,129,116,60,122,68,48,118" hai3="81,77,27,89,94,59,72,66,9,71,102,51,28"/><W3/><G71/><T92/><D75/><U65/><E1/><V121/><F129/><W57/><G102/><T86/><D117/><N who="2" m="45162" /><F115/><W104/><G104/><T93/><D114/><U76/><E124/><V45/><F24/><W127/><G127/><T12/><D46/><U56/><E74/><V50/><F88/><W133/><G66/><T54/><D32/><U73/><E73/><V83/><F83/><W19/><G51/><T53/><D64/><U69/><E69/><V134/><F17/><W112/><G112/><T61/><D25/><U29/><E65/><N who="2" m="40999" /><F134/><W95/><G133/><T78/><D6/><U82/><E40/><V5/><F5/><W103/><G103/><T58/><D78/><N who="1" m="29739" /><E18/><V44/><F44/><W90/><G90/><T70/><D70/><U33/><E33/><V49/><AGARI ba="0,0" hai="41,45,48,49,50,120,121,122" m="40999,45162" machi="49" ten="40,5200,0" yaku="13,1,34,2" doraHai="13" who="2" fromWho="2" sc="296,-13,292,-13,262,52,150,-26" owari="283,8.0,279,-12.0,314,42.0,124,-38.0" /></mjloggm>