<mjloggm ver="2.3"><GO type="41"/><UN n0="%EF%BC%88%E2%89%A7%E2%96%BD%E2%89%A6%EF%BC%89" n1="%6A%6F%68%75%6B%75" n2="%E3%81%97%E3%82%89%E3%81%9F%E3%81%8D%E6%98%A5" n3="%E6%A1%9C%E9%BE%8D" dan="14,14,14,15" rate="2048,1906,2001,2022" sx="M,M,M,M"/><TAIKYOKU oya="0"/><INIT seed="0,0,0,5,5,33" ten="250,250,250,250" oya="0" hai0="101,20,134,96,109,25,74,119,129,126,37,114,78" hai1="1,91,94,19,108,66,130,27,81,121,38,95,24" hai2="29,9,77,4,123,61,17,28,56,2,34,87,23" hai3="92,100,44,7,86,43,115,8,13,60,83,68,106"/><T55/><D55/><U30/><BYE who="0" /><E38/><V127/><F123/><W6/><G115/><T35/><D35/><U48/><E121/><V14/><F77/><W54/><G106/><T47/><D47/><U120/><E120/><V112/><F112/><W58/><G68/><T41/><D41/><U110/><E130/><V21/><F87/><W18/><G100/><T5/><D5/><U22/><E66/><V53/><F127/><W84/><G92/><T103/><D103/><U46/><E1/><V116/><F116/><W36/><REACH who="3" step="1"/><G86/><REACH who="3" step="2"/><UN n0="%EF%BC%88%E2%89%A7%E2%96%BD%E2%89%A6%EF%BC%89" /><T80/><D101/><U62/><E81/><V52/><F29/><W15/><G15/><T10/><D114/><U16/><E110/><V90/><F90/><AGARI ba="0,1" hai="6,7,8,13,18,36,43,44,54,58,60,83,84,90" machi="90" ten="30,2000,0" yaku="1,1,7,1,53,0" doraHai="33" doraHaiUra="72" who="3" fromWho="2" sc="250,0,250,0,250,-20,240,30" /><INIT seed="1,0,0,1,4,19" ten="250,250,230,270" oya="1" hai0="118,39,45,4,41,25,68,90,100,14,57,113,67" hai1="56,62,21,121,63,77,98,28,94,122,95,15,120" hai2="106,78,126,54,32,66,73,2,74,70,0,22,8" hai3="87,96,133,43,46,17,44,110,75,72,20,79,130"/><U93/><E77/><V107/><F32/><W80/><G110/><T131/><D118/><U84/><E84/><V55/><F78/><W129/><G133/><T76/><D113/><U109/><E109/><V30/><F8/><W40/><G96/><T85/><D131/><N who="3" m="50185" /><G46/><T134/><D76/><U58/><E98/><V86/><F86/><W117/><G117/><T88/><D134/><U105/><E105/><V112/><F30/><W37/><G43/><T52/><D100/><U82/><E82/><V23/><F66/><W116/><G116/><T12/><D25/><AGARI ba="0,0" hai="17,20,25,37,40,44,72,75,79,80,87" m="50185" machi="25" ten="30,2000,0" yaku="19,1,52,1" doraHai="19" who="3" fromWho="0" sc="250,-20,250,0,230,0,270,20" /><INIT seed="2,0,0,4,3,31" ten="230,250,230,290" oya="2" hai0="88,60,7,21,50,33,62,106,38,126,52,94,118" hai1="4,83,90,125,129,22,115,127,92,47,109,66,96" hai2="79,131,130,84,45,61,123,68,78,133,110,72,1" hai3="29,19,107,128,91,74,13,17,100,89,10,55,53"/><V76/><F1/><W70/><G74/><T48/><D118/><U82/><E115/><V73/><F45/><W75/><G75/><N who="2" m="28745" /><F68/><W54/><G128/><N who="2" m="49193" /><F61/><W44/><G70/><T59/><D106/><U20/><E129/><V56/><F56/><W39/><G29/><T6/><D38/><U81/><E66/><V120/><F133/><W93/><G107/><T9/><D126/><N who="1" m="48139" /><E109/><V80/><F110/><W36/><G100/><T12/><D33/><U119/><E119/><V105/><F105/><W27/><G39/><T95/><D6/><U63/><E63/><V5/><F5/><W112/><G112/><T2/><D62/><U98/><E4/><V101/><F101/><W102/><G36/><T42/><D42/><U34/><E34/><V14/><F14/><W85/><G102/><T104/><D104/><U51/><E98/><V124/><F124/><W58/><G44/><T108/><D108/><U3/><E3/><V71/><F71/><W11/><G91/><AGARI ba="0,0" hai="76,78,79,80,84,91,120,123" m="49193,28745" machi="91" ten="40,7700,0" yaku="19,1,34,2" doraHai="31" who="2" fromWho="3" sc="230,0,250,0,230,77,290,-77" /><INIT seed="2,1,0,1,3,95" ten="230,250,307,213" oya="2" hai0="49,8,117,134,9,127,59,4,3,116,121,62,93" hai1="92,124,29,37,39,96,54,110,125,26,130,52,97" hai2="107,48,33,12,63,119,70,65,16,24,41,100,129" hai3="2,25,69,123,46,83,79,61,1,66,80,126,101"/><V21/><F119/><N who="0" m="45642" /><D121/><U85/><E110/><V131/><F41/><W27/><G123/><T57/><D134/><U53/><E130/><N who="2" m="49675" /><F48/><W94/><G126/><N who="1" m="48746" /><E85/><V28/><F100/><W72/><G83/><T74/><D74/><U91/><E91/><V99/><F107/><W64/><G46/><T14/><D127/><U30/><E92/><V68/><F68/><W75/><G75/><T118/><N who="0" m="45650" /><T51/><DORA hai="104" /><D93/><U109/><E109/><V58/><F58/><N who="0" m="22026" /><D62/><U22/><E30/><V113/><F113/><W71/><G27/><T34/><D34/><U76/><E76/><V35/><F99/><AGARI ba="1,0" hai="22,26,29,37,39,52,53,54,96,97,99" m="48746" machi="99" ten="30,8000,1" yaku="18,1,52,3,54,1" doraHai="95,104" who="1" fromWho="2" sc="230,0,250,83,307,-83,213,0" /><INIT seed="3,0,0,5,3,34" ten="230,333,224,213" oya="3" hai0="59,40,11,5,12,79,10,39,119,23,125,50,78" hai1="127,28,84,95,104,73,17,53,83,25,76,19,118" hai2="87,16,77,45,66,21,33,117,15,88,60,1,6" hai3="101,92,2,93,44,129,67,68,61,4,65,31,107"/><W111/><G129/><T26/><D119/><U7/><E118/><V131/><F117/><W3/><G111/><T41/><D125/><U109/><E127/><V49/><F131/><W102/><G4/><T55/><D11/><U52/><E104/><V35/><F77/><W74/><G74/><T38/><D38/><U105/><E105/><V97/><F97/><W42/><G107/><T29/><REACH who="0" step="1"/><D39/><REACH who="0" step="2"/><U48/><E109/><V124/><F124/><W120/><G120/><T71/><D71/><U56/><E7/><V13/><F35/><W80/><G68/><T18/><D18/><U110/><E110/><V86/><F33/><W116/><G116/><T135/><D135/><U103/><E17/><V46/><F6/><W37/><G31/><T99/><D99/><U0/><E19/><V36/><F36/><W62/><G37/><T72/><D72/><U90/><E28/><V64/><F16/><W81/><G44/><T30/><D30/><U126/><E126/><V85/><F21/><W82/><REACH who="3" step="1"/><G82/><REACH who="3" step="2"/><T32/><D32/><U133/><E83/><V132/><F46/><W96/><G96/><T128/><D128/><U115/><E73/><V113/><F132/><W134/><G134/><T100/><D100/><U24/><E103/><V69/><F69/><W122/><G122/><T54/><D54/><U112/><E52/><V91/><F66/><W63/><G63/><T108/><D108/><U121/><E53/><V98/><F60/><W27/><G27/><T70/><D70/><U114/><E133/><V51/><F64/><W57/><G57/><T58/><D58/><RYUUKYOKU ba="0,2" sc="220,15,333,-15,224,-15,203,15" hai0="5,10,12,23,26,29,40,41,50,55,59,78,79" hai3="2,3,42,61,62,65,67,80,81,92,93,101,102" /><INIT seed="3,1,2,2,4,5" ten="235,318,209,218" oya="3" hai0="109,74,126,82,102,98,128,0,16,135,1,32,66" hai1="113,89,125,85,94,46,99,87,56,30,43,49,3" hai2="45,4,92,116,96,59,97,22,13,120,2,7,24" hai3="111,39,93,8,58,23,17,34,28,62,61,100,9"/><W76/><G111/><T86/><D32/><U124/><E113/><V60/><F116/><W36/><G34/><T122/><D122/><U104/><E3/><V106/><F120/><W107/><G107/><T15/><D74/><U127/><E30/><V81/><F2/><W29/><G39/><T69/><D109/><U134/><E134/><V38/><F106/><W33/><G33/><T132/><D126/><U35/><E35/><V54/><F81/><W114/><G36/><T83/><D128/><U75/><E75/><V37/><F97/><N who="3" m="59439" /><G76/><N who="0" m="46407" /><D83/><U95/><E104/><V20/><F20/><W44/><G44/><T64/><D98/><U26/><E26/><V65/><F37/><W68/><G68/><T115/><D102/><U27/><E27/><V6/><F38/><W78/><G78/><T131/><D131/><U40/><E40/><V84/><F84/><W72/><G72/><T112/><D0/><U10/><E95/><V51/><F13/><W121/><G121/><T53/><D1/><U105/><E105/><V70/><F70/><W47/><G47/><T80/><D69/><U18/><E56/><V129/><F129/><W12/><G114/><N who="0" m="43563" /><D80/><U67/><E67/><N who="0" m="25641" /><D53/><U130/><E130/><V88/><F4/><W103/><G103/><T90/><D90/><U117/><E117/><V55/><F65/><N who="3" m="39095" /><G62/><T79/><D79/><U42/><REACH who="1" step="1"/><E42/><REACH who="1" step="2"/><V63/><REACH who="2" step="1"/><F63/><REACH who="2" step="2"/><W123/><G123/><T48/><D48/><U73/><E73/><V77/><F77/><W21/><G29/><AGARI ba="1,4" hai="6,7,22,24,29,45,51,54,55,59,60,88,92,96" machi="29" ten="30,7700,0" yaku="1,1,7,1,8,1,54,1,53,0" doraHai="5" doraHaiUra="11" who="2" fromWho="3" sc="235,0,308,0,199,120,218,-80" /><INIT seed="4,0,0,2,5,121" ten="235,308,319,138" oya="0" hai0="63,35,67,46,111,20,91,112,34,26,102,110,105" hai1="131,27,95,41,50,119,108,10,96,55,30,79,33" hai2="113,72,43,98,103,9,116,109,97,82,1,76,123" hai3="23,38,29,89,59,78,120,74,129,69,107,16,44"/><T124/><D46/><U51/><E119/><V104/><F123/><W92/><G107/><T24/><D112/><U134/><E79/><V8/><F43/><W3/><G3/><T22/><D91/><U25/><E25/><V36/><F36/><W54/><G69/><N who="0" m="42239" /><D124/><U32/><E32/><V118/><F1/><W62/><G120/><T4/><D4/><U101/><E41/><V58/><F58/><W127/><G127/><T84/><D84/><U71/><E71/><V75/><F113/><W21/><G129/><T37/><D37/><U42/><E131/><V85/><F8/><W81/><G29/><N who="0" m="19751" /><D35/><U90/><E10/><V40/><F9/><W125/><G125/><T126/><D126/><U45/><E101/><N who="2" m="62511" /><F109/><N who="0" m="41482" /><D26/><U100/><E108/><V80/><F40/><W64/><G38/><T14/><D14/><U130/><E130/><V56/><F56/><W70/><G44/><T39/><D39/><U31/><E31/><V28/><F28/><W11/><G70/><T73/><D73/><N who="2" m="28234" /><F82/><W47/><G47/><T66/><D66/><U114/><E114/><V2/><F2/><W15/><REACH who="3" step="1"/><G64/><REACH who="3" step="2"/><T133/><D133/><U68/><E134/><V128/><F128/><W135/><G135/><T86/><D86/><AGARI ba="0,1" hai="11,15,16,21,23,54,59,62,74,78,81,86,89,92" machi="86" ten="30,7700,0" yaku="1,1,7,1,54,1,53,1" doraHai="121" doraHaiUra="77" who="3" fromWho="0" sc="235,-77,308,0,319,0,128,87" /><INIT seed="5,0,0,0,3,44" ten="158,308,319,215" oya="1" hai0="41,106,30,95,71,60,36,135,42,127,23,82,133" hai1="45,104,50,38,72,84,59,114,65,69,58,33,88" hai2="51,47,70,2,124,81,24,6,103,76,11,109,39" hai3="13,130,28,40,123,61,49,111,34,128,5,99,74"/><U17/><E104/><V7/><F109/><W63/><G123/><T89/><D106/><U73/><E33/><V80/><F70/><W90/><G111/><T0/><D0/><U77/><E38/><V29/><F103/><W129/><G74/><T56/><D71/><U115/><E69/><V75/><F124/><W43/><G34/><T102/><D102/><U96/><E96/><V118/><F118/><W1/><G28/><T83/><D127/><U12/><E77/><V14/><F81/><N who="0" m="30730" /><D23/><N who="1" m="11687" /><E65/><V15/><F7/><W19/><G1/><T21/><D21/><U86/><E86/><V101/><F101/><W112/><G5/><T113/><D30/><U125/><E125/><V93/><F93/><N who="3" m="56759" /><G112/><N who="1" m="43050" /><E72/><V48/><F15/><W98/><G98/><N who="0" m="57711" /><D36/><U78/><E78/><V122/><F14/><W31/><G31/><T18/><D18/><U27/><E27/><V46/><F46/><N who="3" m="25799" /><G43/><T91/><D113/><U10/><E10/><AGARI ba="0,0" hai="10,13,19,61,63,128,129,130" m="25799,56759" machi="10" ten="30,2000,0" yaku="19,1,52,1" doraHai="44" who="3" fromWho="1" sc="158,0,308,-20,319,0,215,20" /><INIT seed="6,0,0,3,4,116" ten="158,288,319,235" oya="2" hai0="28,33,43,114,83,57,55,130,6,56,71,105,117" hai1="104,53,129,36,81,20,72,35,74,12,48,102,133" hai2="70,94,18,90,75,115,134,100,64,26,8,52,3" hai3="38,111,47,65,54,58,112,125,15,34,22,62,77"/><V82/><F100/><W21/><G111/><T60/><D130/><U49/><E129/><V63/><F115/><W121/><G34/><T17/><D117/><U86/><E133/><V124/><F134/><W27/><G121/><T79/><D114/><U37/><E35/><V39/><F39/><W126/><G112/><T30/><D105/><U13/><E104/><V80/><F124/><N who="3" m="47723" /><G77/><T61/><D71/><U96/><E96/><V128/><F128/><W101/><G101/><T108/><D108/><U24/><E102/><V78/><F80/><W59/><G15/><T97/><D33/><U7/><E7/><V10/><F3/><W92/><G92/><T99/><D6/><U1/><E1/><V46/><F26/><W103/><G103/><T119/><D119/><U123/><E24/><V2/><F2/><W14/><G14/><T19/><D43/><U11/><E11/><V68/><F18/><N who="3" m="12727" /><G22/><T45/><D55/><U41/><E41/><V29/><F29/><W67/><G59/><T44/><REACH who="0" step="1"/><D83/><REACH who="0" step="2"/><U88/><E53/><V110/><F70/><W0/><G54/><T4/><D4/><U87/><E81/><V107/><F110/><W32/><G32/><T84/><D84/><U23/><REACH who="1" step="1"/><E88/><REACH who="1" step="2"/><V113/><F107/><W120/><G67/><T66/><D66/><U135/><E135/><V50/><F113/><W118/><G118/><T93/><D93/><U73/><E73/><V76/><F78/><AGARI ba="0,2" hai="17,19,28,30,44,45,56,57,60,61,78,79,97,99" machi="78" ten="25,6400,0" yaku="1,1,22,2,8,1,53,0" doraHai="116" doraHaiUra="122" who="0" fromWho="2" sc="148,84,278,0,319,-64,235,0" /><INIT seed="7,0,0,4,5,41" ten="232,278,255,235" oya="3" hai0="34,105,30,22,33,0,58,78,61,66,126,5,123" hai1="71,63,102,70,38,11,62,91,111,89,2,20,77" hai2="120,13,94,132,101,67,84,98,131,86,116,37,1" hai3="99,15,88,74,112,31,48,23,49,128,107,117,39"/><W135/><G117/><T53/><D123/><U57/><E111/><V103/><F1/><W65/><G74/><T134/><D105/><U113/><E113/><V69/><F37/><W130/><G39/><T82/><D134/><U10/><E38/><V47/><F116/><W93/><G112/><T129/><D129/><N who="3" m="49769" /><G135/><T114/><D114/><U115/><E115/><V26/><F132/><W44/><G107/><T25/><D126/><U50/><E20/><V28/><F131/><W108/><G65/><T110/><D110/><U106/><E77/><V97/><F120/><W54/><G108/><T85/><D0/><U8/><E106/><V18/><F69/><W64/><G64/><T80/><D5/><U96/><E2/><V36/><F67/><W45/><G15/><T83/><D34/><U109/><E109/><V16/><F36/><W27/><G49/><T35/><D35/><U121/><E121/><V51/><F98/><W95/><G95/><T56/><REACH who="0" step="1"/><D33/><REACH who="0" step="2"/><U59/><E71/><V12/><F103/><W90/><G90/><T92/><D92/><U19/><E70/><V72/><F28/><W7/><G7/><T87/><D87/><N who="2" m="33322" /><F72/><W76/><G76/><T4/><D4/><U68/><E68/><V52/><F26/><W40/><G40/><T60/><AGARI ba="0,1" hai="22,25,30,53,56,58,60,61,66,78,80,82,83,85" machi="60" ten="20,5200,0" yaku="1,1,0,1,7,1,8,1,53,0" doraHai="41" doraHaiUra="122" who="0" fromWho="0" sc="222,62,278,-13,255,-13,235,-26" /><INIT seed="8,0,0,5,2,131" ten="284,265,242,209" oya="0" hai0="93,101,64,12,103,120,96,10,111,134,27,118,119" hai1="49,23,45,43,68,106,99,59,40,88,81,75,26" hai2="100,42,130,11,70,129,21,104,13,98,31,30,2" hai3="44,86,28,124,48,108,4,32,110,89,65,123,122"/><T51/><D120/><N who="3" m="46121" /><G4/><T1/><D1/><U16/><E68/><V82/><F70/><W0/><G0/><T92/><D64/><U7/><E7/><N who="2" m="1527" /><F42/><N who="3" m="24599" /><G28/><T117/><D111/><N who="3" m="42537" /><G32/><T84/><D51/><U6/><E43/><V113/><F82/><N who="3" m="49367" /><G65/><T79/><D27/><U87/><E6/><V121/><F121/><W3/><G3/><T97/><D79/><U36/><E75/><V38/><F38/><W63/><G63/><T53/><D84/><U76/><E59/><V72/><F72/><W9/><G9/><T95/><D53/><U77/><REACH who="1" step="1"/><E36/><REACH who="1" step="2"/><V125/><F130/><W14/><G14/><T8/><D12/><U71/><E71/><V35/><F129/><W60/><G60/><T39/><D39/><U19/><E19/><N who="2" m="10479" /><F125/><AGARI ba="0,1" hai="124,125" m="49367,42537,24599,46121" machi="125" ten="40,1300,0" yaku="13,1" doraHai="131" who="3" fromWho="2" sc="284,0,255,0,242,-13,209,23" /><INIT seed="9,0,0,5,3,128" ten="284,255,229,232" oya="1" hai0="119,24,22,77,36,71,94,9,53,47,51,44,42" hai1="124,50,102,10,85,17,25,117,103,126,63,132,4" hai2="87,5,75,93,43,70,40,104,97,29,62,98,52" hai3="121,11,125,78,32,114,82,129,19,2,38,34,30"/><U65/><E85/><V90/><F5/><W59/><G38/><T72/><D71/><U74/><E74/><V83/><F29/><W135/><G114/><T35/><D119/><U60/><E117/><V116/><F116/><W18/><G121/><T6/><D35/><N who="3" m="13353" /><G59/><T14/><D94/><U37/><E37/><V15/><F15/><N who="3" m="7551" /><G82/><T84/><D72/><U20/><E50/><V108/><F108/><W12/><G78/><T55/><D55/><U49/><E49/><V112/><F112/><W134/><G129/><T92/><D77/><U54/><E54/><V105/><F105/><W16/><G2/><T130/><D130/><U48/><E48/><V21/><F98/><W113/><G113/><T33/><D33/><U100/><E132/><N who="3" m="50730" /><G125/><N who="1" m="48234" /><E65/><V46/><F104/><W131/><G131/><T8/><D36/><U133/><E133/><V61/><F70/><W58/><G30/><T101/><D44/><U111/><E111/><V81/><F75/><W95/><G95/><T99/><D47/><U64/><E64/><V69/><F69/><W96/><G96/><T13/><D92/><U26/><E26/><V88/><F81/><W41/><G41/><T23/><D42/><U27/><E27/><V0/><F0/><AGARI ba="0,0" hai="0,4,10,17,20,25,60,63,100,102,103" m="48234" machi="0" ten="30,1500,0" yaku="18,1" doraHai="128" who="1" fromWho="2" sc="284,0,255,15,229,-15,232,0" /><INIT seed="9,1,0,1,1,30" ten="284,270,214,232" oya="1" hai0="133,113,27,112,62,29,18,37,118,40,5,39,117" hai1="119,81,66,63,16,114,97,53,84,94,104,75,89" hai2="86,74,55,8,21,88,28,54,2,126,78,26,85" hai3="42,82,61,93,100,58,11,15,34,14,44,134,77"/><U71/><E114/><N who="0" m="44137" /><D5/><U33/><E33/><V36/><F36/><N who="0" m="13898" /><D40/><U127/><E119/><N who="0" m="45577" /><D62/><U110/><E127/><V48/><F126/><W9/><G134/><T105/><D105/><U132/><E132/><V45/><F74/><W52/><G34/><N who="0" m="20799" /><D18/><U69/><E110/><V68/><F68/><W20/><G42/><T90/><D90/><U41/><E71/><V129/><F129/><W72/><G44/><T24/><D24/><U0/><E41/><N who="2" m="24623" /><F2/><W76/><G77/><T50/><D50/><U115/><E0/><V57/><F8/><W47/><G47/><T96/><D133/><U6/><E6/><V116/><F116/><W111/><G20/><T49/><D49/><U1/><E115/><V79/><F86/><W123/><G111/><T92/><D92/><U108/><E108/><V121/><F121/><W65/><G123/><T32/><D32/><U19/><E1/><V106/><F106/><W3/><G3/><T122/><D96/><U124/><E124/><V73/><F73/><W22/><G22/><T131/><D122/><U125/><E125/><V98/><F98/><W95/><G100/><T25/><D25/><U56/><E104/><V70/><F70/><W135/><G135/><T83/><D83/><U128/><E75/><V13/><F13/><W46/><G46/><T43/><D43/><U10/><E10/><V23/><F21/><W17/><REACH who="3" step="1"/><G65/><REACH who="3" step="2"/><T102/><D102/><U120/><E120/><V101/><F101/><W7/><AGARI ba="1,1" hai="7,9,11,14,15,17,52,58,61,72,76,82,93,95" machi="7" ten="20,8000,1" yaku="1,1,2,1,0,1,7,1,54,1,53,0" doraHai="30" doraHaiUra="103" who="3" fromWho="3" sc="284,-21,270,-41,214,-21,222,93" owari="263,6.0,229,-17.0,193,-31.0,315,42.0" /></mjloggm>