<mjloggm ver="2.3"><GO type="97"/><UN n0="%E6%B5%B7%E5%BA%95%E3%81%AE%E3%83%88%E3%82%B7" n1="%E3%82%A6%E3%83%AB%E3%83%88%E3%83%A9%E7%AB%8B%E7%9B%B4" n2="%68%65%61%74%68%6C%65%30" n3="%E3%83%9F%E3%83%81%E3%83%A0%E3%83%8D" dan="14,15,14,14" rate="1841,1962,1888,1876" sx="M,M,M,M"/><TAIKYOKU oya="0"/><INIT seed="0,0,0,0,4,129" ten="250,250,250,250" oya="0" hai0="9,27,0,80,40,84,22,41,24,104,114,58,65" hai1="120,46,43,64,25,3,123,68,45,86,42,59,110" hai2="51,92,37,11,7,108,62,17,55,89,96,23,101" hai3="30,21,33,35,85,115,71,102,78,15,53,119,49"/><T118/><D104/><U126/><E86/><V8/><F37/><W67/><G115/><T98/><D114/><U100/><E100/><V18/><F108/><W61/><G119/><T106/><D118/><U132/><E25/><N who="0" m="9801" /><D106/><U91/><E91/><V88/><F23/><W26/><G78/><N who="0" m="46103" /><D0/><U97/><E97/><V56/><F18/><W122/><G122/><T131/><D131/><U14/><E14/><N who="2" m="5407" /><F17/><W48/><G102/><T50/><D22/><U44/><E3/><V2/><F2/><W70/><G70/><T57/><D9/><U4/><E4/><V105/><F11/><W94/><G15/><T6/><D6/><U87/><E87/><V31/><F31/><W72/><G72/><T60/><D98/><U93/><E68/><V130/><F105/><W69/><G69/><T19/><D19/><U107/><E93/><V66/><F130/><W76/><G49/><T5/><D5/><U10/><E107/><V16/><F16/><W12/><G12/><T63/><D50/><N who="1" m="26903" /><E10/><V79/><F79/><W54/><G54/><AGARI ba="0,0" hai="40,41,54,57,58,60,63,65" m="46103,9801" machi="54" ten="30,1500,0" yaku="8,1" doraHai="129" who="0" fromWho="3" sc="250,15,250,0,250,0,250,-15" /><INIT seed="0,1,0,5,2,21" ten="265,250,250,235" oya="0" hai0="6,25,92,0,40,43,126,123,18,121,79,101,64" hai1="53,86,120,32,57,99,4,62,100,58,13,83,117" hai2="56,5,44,20,135,133,65,104,77,31,113,19,39" hai3="130,61,45,131,69,51,60,55,74,63,82,127,3"/><T70/><D79/><U67/><E120/><V27/><F104/><W116/><G3/><T38/><D126/><U68/><E117/><V14/><F113/><W24/><G116/><T59/><D70/><U105/><E4/><V72/><F77/><W23/><G69/><T76/><D76/><U132/><E13/><V128/><F72/><W107/><G107/><T12/><D38/><U91/><E132/><N who="2" m="50763" /><F5/><W106/><G106/><T81/><D81/><U10/><E10/><V103/><F103/><W93/><G74/><T112/><D112/><U85/><E53/><V115/><F115/><W96/><G82/><T110/><D110/><U17/><E17/><V22/><F44/><W89/><REACH who="3" step="1"/><G127/><REACH who="3" ten="265,250,250,225" step="2"/><T66/><D123/><U46/><E86/><V47/><F128/><W97/><G97/><T98/><D121/><U119/><E119/><V29/><F39/><W102/><G102/><T73/><D73/><U95/><E95/><V78/><F78/><W52/><G52/><T8/><D0/><U122/><E122/><V124/><F124/><W11/><G11/><T7/><D7/><U84/><E84/><V87/><F87/><W28/><AGARI ba="1,1" hai="23,24,28,45,51,55,60,61,63,89,93,96,130,131" machi="28" ten="30,4000,0" yaku="1,1,0,1,52,1,53,0" doraHai="21" doraHaiUra="134" who="3" fromWho="3" sc="265,-21,250,-11,250,-11,225,53" /><INIT seed="1,0,0,5,5,38" ten="244,239,239,278" oya="1" hai0="109,12,19,8,36,17,4,5,42,39,60,105,121" hai1="115,41,11,81,59,128,22,107,56,73,51,24,18" hai2="118,71,99,64,120,1,27,86,53,108,10,14,89" hai3="32,82,122,0,29,61,91,46,52,57,28,69,127"/><U125/><E107/><V76/><F120/><W119/><G0/><T30/><D105/><U110/><E115/><V78/><F118/><W72/><G122/><T63/><D109/><U90/><E110/><V6/><F108/><W132/><G69/><T79/><D79/><U96/><E125/><V131/><F131/><W133/><G119/><T112/><D112/><U55/><E128/><V43/><F71/><W84/><G127/><T87/><D121/><U75/><E75/><V9/><F64/><W103/><G103/><T83/><D30/><U100/><E100/><V58/><F27/><W101/><G101/><T116/><D116/><U35/><E73/><V15/><F99/><W31/><G72/><T33/><D33/><U66/><E35/><V48/><F1/><W85/><G85/><T21/><D87/><N who="1" m="50543" /><E96/><V88/><F89/><W26/><REACH who="3" step="1"/><G46/><REACH who="3" ten="244,239,239,268" step="2"/><T54/><D83/><U16/><E59/><V44/><F78/><W126/><G126/><T98/><D98/><U37/><E66/><V45/><F76/><W102/><G102/><T20/><D39/><U129/><E37/><V111/><F111/><W62/><G62/><T104/><D63/><U40/><E129/><V92/><F45/><W50/><G50/><T67/><D60/><U97/><E97/><V13/><F9/><W74/><G74/><T68/><D8/><U47/><E47/><V93/><F93/><W23/><G23/><T70/><D21/><U49/><E49/><AGARI ba="0,1" hai="6,10,13,14,15,43,44,48,49,53,58,86,88,92" machi="49" ten="30,7700,0" yaku="7,1,8,1,52,1,54,1" doraHai="38" who="2" fromWho="1" sc="244,0,239,-77,239,87,268,0" /><INIT seed="2,0,0,3,4,23" ten="244,162,326,268" oya="2" hai0="128,109,114,116,110,16,125,34,22,37,117,61,135" hai1="59,42,68,4,9,78,57,73,36,29,0,124,70" hai2="83,14,48,79,131,130,71,107,111,38,103,84,96" hai3="88,49,105,50,31,72,52,24,108,15,62,43,85"/><V86/><F38/><W97/><G72/><T119/><D37/><U2/><E59/><V20/><F71/><N who="1" m="27177" /><E57/><V101/><F101/><W76/><G108/><N who="0" m="41579" /><D61/><U12/><E12/><V8/><F111/><W56/><G76/><T66/><D66/><U33/><E124/><V51/><F20/><N who="3" m="15751" /><G105/><T47/><D47/><N who="1" m="24007" /><E29/><V133/><F84/><W39/><G39/><T67/><D67/><U11/><E11/><V95/><F133/><W99/><G15/><N who="0" m="9503" /><D125/><U94/><E94/><V98/><F131/><W75/><G75/><T18/><D135/><U100/><E100/><V113/><F130/><W32/><G32/><T45/><D45/><U54/><E54/><V30/><F30/><W77/><G77/><T87/><D87/><U80/><E2/><V122/><F98/><N who="3" m="37387" /><G43/><T5/><D5/><U115/><E115/><V127/><F127/><W74/><G74/><T93/><D93/><AGARI ba="0,0" hai="49,50,52,56,62,85,88,93" m="37387,15751" machi="93" ten="30,7700,0" yaku="8,1,52,1,54,2" doraHai="23" who="3" fromWho="0" sc="244,-77,162,0,326,0,268,77" /><INIT seed="3,0,0,2,0,69" ten="167,162,326,345" oya="3" hai0="60,10,23,5,42,18,66,19,127,13,101,49,126" hai1="92,16,78,109,57,15,62,135,86,97,64,27,96" hai2="117,133,134,31,85,94,41,110,39,67,53,44,83" hai3="37,88,24,59,47,1,111,9,113,107,75,63,14"/><W3/><G75/><T73/><D73/><U48/><E135/><N who="2" m="51723" /><F110/><W124/><G107/><T33/><D33/><U58/><E109/><V77/><F117/><W112/><G111/><T70/><D101/><U46/><E27/><V132/><F132/><W11/><G37/><T43/><D49/><U87/><E57/><V0/><F0/><W55/><G47/><T25/><REACH who="0" step="1"/><D19/><REACH who="0" ten="157,162,326,345" step="2"/><U72/><E72/><V35/><F35/><W118/><G118/><T100/><D100/><N who="1" m="60423" /><E97/><V81/><F31/><W91/><G113/><T51/><D51/><U80/><E86/><V125/><F125/><AGARI ba="0,1" hai="5,10,13,18,23,25,42,43,60,66,70,125,126,127" machi="125" ten="40,2600,0" yaku="1,1,18,1,53,0" doraHai="69" doraHaiUra="84" who="0" fromWho="2" sc="157,36,162,0,326,-26,345,0" owari="193,-21.0,162,-34.0,300,10.0,345,45.0" /></mjloggm>