<mjloggm ver="2.3"><GO type="41"/><UN n0="%E6%AC%A1%E5%9B%9E%E3%81%AB%E7%B6%9A%E3%81%8F%EF%BC%81" n1="%E5%8D%81%E5%8F%B6" n2="%E5%B9%B3%E4%BA%95%E7%90%86%E5%A4%AE" n3="%EF%BC%88%E2%89%A7%E2%96%BD%E2%89%A6%EF%BC%89" dan="13,14,17,15" rate="1849,1866,2114,2060" sx="F,M,F,M"/><TAIKYOKU oya="0"/><INIT seed="0,0,0,3,2,104" ten="250,250,250,250" oya="0" hai0="69,105,113,93,88,98,108,16,45,80,17,99,11" hai1="41,50,94,79,46,26,72,58,44,56,5,117,3" hai2="13,22,135,74,103,126,36,43,83,107,53,59,63" hai3="81,31,34,60,61,132,32,49,52,115,18,131,116"/><T25/><D113/><U100/><E117/><V0/><F0/><W96/><G115/><T133/><D69/><U23/><E46/><V8/><F36/><W6/><G116/><T129/><D133/><U76/><E5/><V28/><F43/><W14/><G132/><T2/><D129/><U62/><E3/><V121/><F121/><W130/><G6/><T123/><D123/><U127/><E127/><V37/><F37/><W4/><G4/><T95/><D108/><U40/><E40/><V33/><F33/><N who="3" m="12907" /><G96/><T124/><D124/><U87/><E72/><V119/><F126/><W39/><G81/><T134/><D134/><U89/><E58/><V30/><F119/><W71/><G31/><T1/><D105/><U51/><E51/><V67/><F22/><N who="3" m="11607" /><G71/><T64/><D64/><U47/><E47/><V24/><F24/><W97/><G97/><T102/><D80/><U112/><E112/><V38/><F38/><W92/><G92/><T128/><D128/><N who="3" m="49193" /><G39/><T109/><D109/><U15/><E15/><V42/><F107/><W48/><G48/><T82/><D82/><U68/><E68/><V110/><F83/><W66/><G66/><T75/><D75/><U27/><E100/><V54/><F103/><W10/><G10/><T85/><D85/><U101/><E101/><V125/><F67/><W20/><G20/><T91/><D45/><AGARI ba="0,0" hai="45,49,52,60,61" m="49193,11607,12907" machi="45" ten="30,2000,0" yaku="19,1,54,1" doraHai="104" who="3" fromWho="0" sc="250,-20,250,0,250,0,250,20" /><INIT seed="1,0,0,4,3,83" ten="230,250,250,270" oya="1" hai0="127,29,61,91,92,56,82,0,128,54,122,32,24" hai1="93,135,40,13,102,22,124,38,103,126,111,105,8" hai2="80,17,133,84,48,77,4,7,26,9,65,64,101" hai3="97,23,113,16,27,86,108,71,28,57,2,19,75"/><U51/><E38/><V89/><F133/><W115/><G71/><T31/><D0/><U100/><E135/><V104/><F104/><W43/><G75/><T98/><D128/><U79/><E105/><V60/><F101/><W63/><G2/><T59/><D127/><N who="1" m="48683" /><E79/><V132/><F132/><W88/><G108/><T15/><D122/><U81/><E81/><V25/><F77/><W118/><G118/><T42/><D42/><U46/><E22/><V107/><F107/><W110/><G110/><T130/><D130/><U74/><E74/><V45/><F4/><W123/><G123/><T85/><D15/><U72/><E72/><V1/><F17/><N who="3" m="6731" /><G115/><T50/><D24/><U21/><E21/><V120/><F120/><W55/><G113/><T96/><D32/><U30/><E30/><V94/><F80/><N who="3" m="49223" /><G43/><T119/><D119/><U20/><E20/><V131/><F131/><W3/><G3/><T78/><REACH who="0" step="1"/><D98/><AGARI ba="0,0" hai="23,27,28,55,57,63,97,98" m="49223,6731" machi="98" ten="30,7700,0" yaku="8,1,52,1,54,2" doraHai="83" who="3" fromWho="0" sc="230,-77,250,0,250,0,270,77" /><INIT seed="2,0,0,5,0,35" ten="153,250,250,347" oya="2" hai0="92,89,119,115,63,18,34,107,104,56,53,118,12" hai1="87,84,93,3,31,65,75,72,42,16,68,37,85" hai2="2,43,88,79,124,62,14,69,5,77,26,70,48" hai3="111,100,120,121,81,112,13,129,20,96,82,45,44"/><V126/><F14/><W128/><G13/><T25/><D115/><U19/><E31/><V125/><F26/><W21/><G112/><T1/><D34/><U55/><E65/><V11/><F62/><W38/><G111/><T29/><D29/><U30/><E68/><N who="2" m="26219" /><F88/><W51/><G38/><T130/><D130/><N who="3" m="50281" /><G100/><T105/><D25/><U27/><E93/><V17/><F17/><W135/><G96/><T134/><D134/><U116/><E55/><V127/><N who="2" m="32256" /><DORA hai="131" /><V9/><F9/><W32/><G32/><T52/><D53/><U74/><E27/><V97/><F97/><W47/><G51/><T99/><REACH who="0" step="1"/><D1/><REACH who="0" step="2"/><U117/><E30/><V15/><F15/><W83/><G135/><T24/><D24/><U54/><E54/><V80/><F2/><W108/><G108/><T46/><D46/><U73/><E3/><V57/><F43/><W61/><G61/><T133/><D133/><U71/><E42/><V28/><F28/><W114/><G114/><T98/><D98/><U60/><E60/><V0/><F0/><W66/><G66/><T94/><D94/><U95/><E95/><V123/><F80/><W22/><AGARI ba="0,1" hai="20,21,22,44,45,47,81,82,83,120,121" m="50281" machi="22" ten="40,8000,1" yaku="29,2,28,2,19,1" doraHai="35,131" who="3" fromWho="3" sc="143,-20,250,-20,250,-40,347,90" /><INIT seed="3,0,0,0,4,30" ten="123,230,210,437" oya="3" hai0="3,59,106,108,84,1,52,74,34,75,93,2,103" hai1="22,126,98,25,37,133,94,66,115,83,68,51,91" hai2="4,17,47,90,27,79,46,92,69,10,124,15,87" hai3="88,121,16,53,0,114,77,107,23,28,70,55,96"/><W131/><G121/><T123/><D34/><U120/><E120/><V49/><F69/><W5/><G70/><T125/><D123/><U109/><E115/><V116/><F116/><W73/><G114/><T44/><D108/><U76/><E109/><V134/><F134/><W20/><G131/><T110/><D110/><U40/><E133/><V36/><F36/><W26/><G73/><T117/><D117/><U7/><E126/><V57/><F79/><W18/><G77/><T64/><D125/><U65/><E37/><V9/><F124/><W111/><G111/><T113/><D113/><U63/><E7/><V102/><F102/><W71/><G71/><T99/><D64/><U58/><E66/><V6/><F27/><W60/><G107/><T82/><D44/><N who="2" m="16938" /><F10/><W105/><G105/><T12/><D12/><U132/><E132/><V97/><F97/><W42/><G42/><T122/><D106/><U127/><E127/><V35/><F35/><W86/><G96/><T24/><D24/><U135/><E135/><V29/><F29/><W118/><G28/><T89/><REACH who="0" step="1"/><D122/><REACH who="0" step="2"/><U21/><E68/><V31/><F15/><N who="3" m="9247" /><G118/><T8/><D8/><U95/><E25/><V128/><F9/><W19/><G26/><T119/><D119/><U32/><E65/><V129/><F129/><W72/><G23/><T43/><D43/><U130/><E40/><V48/><F128/><W80/><G53/><T100/><D100/><U56/><E22/><V39/><F39/><W62/><G55/><T38/><D38/><U13/><E130/><V61/><F4/><W33/><G5/><RYUUKYOKU ba="0,1" sc="113,30,230,-10,210,-10,437,-10" hai0="1,2,3,52,59,74,75,82,84,89,93,99,103" /><INIT seed="4,1,1,5,0,87" ten="143,220,200,427" oya="0" hai0="82,86,16,118,106,32,90,99,132,105,128,107,112" hai1="0,84,74,45,127,42,21,48,117,97,83,110,116" hai2="23,122,134,7,101,29,70,31,103,36,33,111,12" hai3="102,3,78,72,34,43,5,56,96,81,73,41,39"/><T1/><D118/><U120/><E110/><V9/><F111/><W89/><G34/><T114/><D32/><U92/><E120/><V64/><F36/><W38/><G73/><T65/><D1/><U46/><E127/><V20/><F122/><W124/><G124/><T95/><D65/><U135/><E135/><V121/><F121/><W100/><G89/><N who="0" m="51415" /><D132/><U125/><E125/><V104/><F134/><W30/><G38/><T131/><D16/><U130/><E130/><AGARI ba="1,1" hai="90,95,99,105,106,107,112,114,128,130,131" m="51415" machi="130" ten="40,12000,1" yaku="19,1,34,2,52,2" doraHai="87" who="0" fromWho="1" sc="143,133,220,-123,200,0,427,0" /><INIT seed="4,2,0,2,4,51" ten="276,97,200,427" oya="0" hai0="69,22,60,102,42,26,112,124,115,117,77,65,83" hai1="104,39,74,76,85,34,122,5,4,96,109,98,54" hai2="86,79,23,37,72,125,127,17,16,50,88,64,78" hai3="108,28,7,19,13,8,52,12,128,14,57,73,55"/><T1/><D117/><U0/><E39/><V18/><F37/><W133/><G108/><T41/><D1/><U45/><E109/><V27/><F64/><W20/><G73/><N who="0" m="43439" /><D102/><U121/><E34/><V99/><F99/><W36/><G36/><T93/><D93/><U82/><E0/><V53/><F72/><W32/><G133/><T134/><D134/><U80/><E122/><V68/><F68/><W6/><G128/><T15/><D15/><N who="3" m="5705" /><G32/><T31/><D124/><N who="2" m="47690" /><F78/><W59/><G28/><T66/><D66/><U114/><E114/><AGARI ba="2,0" hai="22,26,31,41,42,60,65,69,112,114,115" m="43439" machi="114" ten="30,1500,0" yaku="15,1" doraHai="51" who="0" fromWho="1" sc="276,21,97,-21,200,0,427,0" /><INIT seed="4,3,0,4,5,124" ten="297,76,200,427" oya="0" hai0="98,88,20,123,71,7,52,102,70,24,65,121,58" hai1="83,0,50,31,126,43,105,42,8,40,55,69,29" hai2="37,92,87,23,108,77,75,54,119,129,97,111,89" hai3="53,80,94,63,110,34,47,57,72,81,49,10,114"/><T33/><D33/><U125/><E105/><V5/><F37/><W22/><G110/><T45/><D7/><U16/><E69/><V117/><F5/><W93/><G34/><T19/><D45/><U68/><E68/><V112/><F23/><W12/><G114/><T48/><D88/><U46/><E0/><V18/><F18/><N who="3" m="8471" /><G22/><T133/><D133/><U76/><E126/><V64/><F54/><N who="3" m="30015" /><G72/><T95/><REACH who="0" step="1"/><D65/><REACH who="0" step="2"/><U135/><E135/><V90/><F64/><W103/><G103/><T14/><D14/><U25/><E125/><V62/><F108/><W127/><G127/><T118/><D118/><U39/><E39/><V104/><F111/><W59/><G81/><T73/><D73/><U91/><E76/><V96/><F77/><W38/><G80/><T85/><D85/><U74/><E74/><V13/><F87/><W51/><G38/><T4/><D4/><U106/><E106/><V78/><F104/><W100/><G100/><T84/><D84/><N who="1" m="50591" /><E25/><V30/><F78/><W113/><G113/><T134/><D134/><U79/><E79/><V26/><F112/><W36/><G36/><T41/><D41/><U82/><E82/><V17/><F75/><W61/><G94/><T107/><D107/><U2/><E2/><V56/><F92/><W120/><G93/><T115/><D115/><U128/><E31/><V66/><F30/><W35/><G35/><T101/><D101/><U132/><E29/><V28/><F28/><W32/><G32/><T122/><AGARI ba="3,1" hai="19,20,24,48,52,58,70,71,95,98,102,121,122,123" machi="122" ten="30,12000,1" yaku="1,1,0,1,54,1,53,2" doraHai="124" doraHaiUra="67" who="0" fromWho="0" sc="287,139,76,-43,200,-43,427,-43" /><INIT seed="4,4,0,4,5,133" ten="426,33,157,384" oya="0" hai0="29,42,20,75,92,15,84,103,97,32,106,40,41" hai1="56,123,55,118,64,53,16,65,104,54,39,82,100" hai2="26,73,91,47,127,23,10,96,135,112,52,129,113" hai3="81,12,14,126,78,27,102,74,105,132,89,43,111"/><T101/><D75/><U121/><E118/><V115/><F73/><W80/><G111/><T8/><D32/><U25/><E39/><V48/><F135/><W93/><G132/><T114/><D114/><U30/><E82/><V37/><F129/><W117/><G43/><T116/><D116/><U59/><E30/><V107/><F37/><W87/><G117/><T18/><D29/><U108/><E108/><V86/><F10/><W109/><G109/><T124/><D124/><U46/><E46/><V28/><F127/><W71/><G71/><T83/><D103/><U72/><E72/><V2/><F2/><W9/><G126/><T22/><REACH who="0" step="1"/><D106/><REACH who="0" step="2"/><U62/><E100/><V90/><F107/><W3/><G27/><T7/><D7/><U57/><E104/><V24/><F115/><W98/><G81/><T70/><D70/><U120/><E62/><V31/><F113/><W49/><G49/><T63/><D63/><U122/><N who="1" m="31232" /><DORA hai="38" /><U0/><E0/><V35/><F112/><W33/><G33/><T4/><D4/><AGARI ba="4,1" hai="3,4,9,12,14,74,78,80,87,89,93,98,102,105" machi="4" ten="40,2600,0" yaku="24,2" doraHai="133,38" who="3" fromWho="0" sc="416,-38,33,0,157,0,384,48" /><INIT seed="5,0,0,5,3,36" ten="378,33,157,432" oya="1" hai0="100,18,3,9,62,93,107,4,33,88,43,58,32" hai1="99,44,131,74,20,48,85,87,45,84,104,79,112" hai2="76,57,114,46,35,60,127,51,80,38,53,66,19" hai3="98,108,117,73,16,126,78,37,25,75,40,50,81"/><U63/><E112/><V52/><F35/><W118/><G108/><T101/><D43/><U0/><E131/><V7/><F127/><W113/><G113/><T27/><D107/><U14/><E0/><V134/><F114/><W119/><G126/><T120/><D120/><U71/><E74/><V102/><F38/><W128/><G128/><T92/><D33/><U122/><E79/><V83/><F102/><W30/><G98/><N who="0" m="57607" /><D93/><U34/><E34/><V64/><F7/><W94/><G94/><T13/><D3/><U15/><E122/><V91/><F134/><W110/><G110/><T54/><D32/><U67/><E20/><AGARI ba="0,0" hai="4,9,13,18,20,27,54,58,62,100,101" m="57607" machi="20" ten="30,3900,0" yaku="25,1,8,1,54,1" doraHai="36" who="0" fromWho="1" sc="378,39,33,-39,157,0,432,0" owari="417,22.0,-6,-51.0,157,-24.0,432,53.0" /></mjloggm>