<mjloggm ver="2.3"><GO type="41"/><UN n0="%E3%83%AA%E3%83%BC%E3%83%81%EF%BC%91" n1="%E3%83%81%E3%83%AD%E3%83%AB%E3%83%81%E3%83%A7%E3%82%B3" n2="%53%4D%39" n3="%EF%BC%88%E2%89%A7%E2%96%BD%E2%89%A6%EF%BC%89" dan="15,15,13,15" rate="2062,1938,1813,2025" sx="M,F,M,M"/><TAIKYOKU oya="0"/><INIT seed="0,0,0,3,1,41" ten="250,250,250,250" oya="0" hai0="33,42,67,50,13,70,130,66,28,134,117,133,82" hai1="9,110,52,1,29,34,98,74,96,32,78,51,16" hai2="64,15,90,22,68,69,99,97,58,23,127,57,11" hai3="109,81,27,53,89,93,108,7,92,39,119,17,30"/><T38/><D38/><U86/><E110/><N who="3" m="42602" /><G119/><T115/><D117/><U10/><E74/><V135/><F135/><N who="0" m="51722" /><D115/><U46/><E34/><V37/><F37/><W49/><G39/><T21/><D70/><U4/><E29/><V0/><F68/><W47/><G17/><N who="0" m="10415" /><D130/><U71/><E32/><V128/><F128/><W91/><G7/><T121/><D121/><U63/><E71/><V122/><F122/><W131/><G131/><T6/><D6/><U95/><E78/><V60/><F127/><W24/><G81/><T56/><D82/><U65/><E86/><V5/><F90/><N who="3" m="34315" /><G27/><N who="0" m="18591" /><D56/><U43/><E95/><V100/><F100/><W94/><G94/><T2/><D2/><U26/><E26/><V14/><F69/><W31/><G31/><T35/><D35/><AGARI ba="0,0" hai="24,30,35,47,49,53,92,93" m="34315,42602" machi="35" ten="30,2000,0" yaku="14,1,52,1" doraHai="41" who="3" fromWho="0" sc="250,-20,250,0,250,0,250,20" /><INIT seed="1,0,0,3,2,96" ten="230,250,250,270" oya="1" hai0="44,95,74,0,35,94,14,80,63,25,38,128,133" hai1="46,52,59,54,19,13,99,12,15,86,64,37,1" hai2="28,10,34,8,78,135,29,65,131,61,130,30,111" hai3="27,120,43,77,115,79,108,83,60,101,42,57,48"/><U9/><E1/><V71/><F135/><W32/><G115/><T39/><D0/><U85/><E64/><V72/><F111/><W107/><G120/><T89/><D133/><U121/><E121/><V122/><F122/><W3/><G3/><T88/><D128/><U100/><E54/><V103/><F103/><W124/><G108/><T84/><D63/><U66/><E66/><V87/><F87/><W58/><G124/><T33/><D74/><U116/><E116/><V92/><F92/><W31/><G48/><T50/><D80/><U4/><E15/><V91/><F91/><W112/><G112/><T118/><D118/><U119/><E46/><V69/><F69/><W105/><G77/><T132/><D132/><U16/><E4/><V7/><F34/><W110/><G110/><T106/><D106/><U109/><E37/><V11/><REACH who="2" step="1"/><F7/><REACH who="2" ten="230,250,240,270" step="2"/><W24/><G24/><T21/><D35/><U81/><E109/><V23/><F23/><W123/><G123/><T26/><D33/><U36/><E119/><V67/><F67/><W104/><G101/><T53/><D26/><U70/><E70/><V75/><F75/><W102/><G102/><T56/><D25/><U2/><E81/><AGARI ba="0,1" hai="8,10,11,28,29,30,61,65,71,72,78,81,130,131" machi="81" ten="50,1600,0" yaku="1,1,53,0" doraHai="96" doraHaiUra="18" who="2" fromWho="1" sc="230,0,250,-16,240,26,270,0" /><INIT seed="2,0,0,5,2,105" ten="230,234,266,270" oya="2" hai0="32,38,44,33,36,107,77,72,129,25,68,92,31" hai1="114,130,91,70,15,21,51,24,37,99,109,28,52" hai2="80,131,29,3,17,86,63,7,46,124,111,96,85" hai3="4,2,122,79,40,19,76,47,11,35,115,113,98"/><V61/><F124/><W1/><G122/><T49/><D129/><U93/><E130/><V30/><F131/><W118/><G118/><T58/><D107/><U42/><E109/><V95/><F3/><W82/><G35/><T66/><D33/><U60/><E114/><N who="3" m="43530" /><G19/><T34/><D32/><U12/><E42/><V20/><F7/><W59/><G59/><T41/><D68/><U97/><E37/><V74/><F74/><N who="3" m="43287" /><G98/><T8/><D8/><U90/><E60/><V100/><F46/><W22/><G22/><T13/><D13/><U67/><E67/><V6/><F6/><W94/><G94/><T128/><D128/><U62/><E62/><N who="2" m="23563" /><F111/><W50/><G79/><T117/><D58/><U89/><E70/><V104/><F104/><W45/><G45/><T26/><D66/><U57/><E91/><N who="2" m="51623" /><F86/><W43/><G43/><T48/><D38/><U119/><E119/><V54/><F54/><W56/><G56/><T73/><D117/><U101/><E101/><V135/><F135/><W9/><G9/><T78/><D77/><U75/><E75/><V126/><F126/><W116/><G116/><T65/><D78/><U18/><E28/><V71/><F71/><W106/><G106/><T110/><D65/><U132/><E132/><V112/><F112/><W5/><G5/><T83/><D83/><U53/><E53/><V127/><F127/><W103/><G103/><T55/><D36/><U81/><E81/><V87/><F87/><W125/><G125/><T14/><D73/><U88/><E90/><V134/><F134/><W123/><G123/><T64/><D72/><RYUUKYOKU ba="0,0" sc="230,-30,234,10,266,10,270,10" hai1="12,15,18,21,24,51,52,57,88,89,93,97,99" hai2="17,20,29,30,95,96,100" hai3="1,2,4,11,40,47,50" /><INIT seed="2,1,0,1,1,106" ten="200,244,276,280" oya="2" hai0="60,96,129,23,102,16,0,32,1,113,63,44,20" hai1="130,33,119,52,101,94,24,48,21,89,56,108,46" hai2="37,10,53,98,92,57,88,18,3,26,90,72,121" hai3="114,95,41,126,87,84,51,97,135,120,7,109,34"/><V127/><F121/><W83/><G34/><T58/><D32/><U128/><E108/><V91/><F37/><W65/><G120/><T125/><D113/><U11/><E119/><V75/><F3/><W29/><G114/><T103/><D125/><U36/><E33/><V25/><F127/><W86/><G126/><T19/><D129/><U124/><E124/><V80/><F10/><W73/><G109/><T93/><D44/><U77/><E101/><V100/><F80/><W59/><G135/><T62/><D58/><U76/><E11/><V54/><F18/><W43/><G29/><T68/><D68/><U69/><E69/><V78/><F78/><W71/><G71/><T64/><D64/><U15/><E15/><V42/><F42/><W131/><G131/><N who="1" m="50218" /><E46/><V122/><F122/><W79/><G7/><T50/><D103/><U123/><E36/><V27/><REACH who="2" step="1"/><F54/><REACH who="2" ten="200,244,266,280" step="2"/><W99/><G99/><T133/><D0/><U9/><E123/><V17/><F17/><W117/><G117/><T67/><D1/><U85/><E9/><V66/><F66/><W105/><G65/><T8/><D67/><U31/><AGARI ba="1,1" hai="21,24,31,48,52,56,76,77,85,89,94" m="50218" machi="31" ten="30,2000,0" yaku="19,1,54,1" doraHai="106" who="1" fromWho="1" sc="200,-6,244,33,266,-11,280,-6" /><INIT seed="3,0,0,0,3,6" ten="194,277,255,274" oya="3" hai0="63,133,78,14,120,95,67,7,44,61,45,22,112" hai1="3,79,108,60,104,82,102,47,87,28,15,91,62" hai2="55,92,106,101,121,10,111,86,69,110,42,0,40" hai3="46,13,32,119,80,64,41,105,72,34,118,131,52"/><W38/><G131/><T73/><D120/><U70/><E3/><V132/><F69/><W51/><G105/><T11/><D133/><U122/><E108/><N who="2" m="41515" /><F132/><W115/><G115/><T128/><D112/><U43/><E122/><V117/><F117/><W24/><G64/><T53/><D128/><U1/><E1/><V56/><F106/><W124/><G124/><T134/><D134/><U5/><E28/><V76/><F121/><W103/><G103/><T31/><D73/><U88/><E70/><V21/><F21/><W113/><G113/><T96/><D78/><U59/><E62/><N who="0" m="23561" /><D67/><N who="1" m="39327" /><E102/><V135/><F135/><W20/><G13/><T127/><D53/><U98/><E98/><N who="2" m="59591" /><F55/><W26/><G118/><T2/><D2/><U12/><E104/><V29/><F56/><W81/><G119/><T129/><D129/><U116/><E116/><V8/><F29/><W33/><G72/><T27/><D127/><U9/><E15/><V16/><F0/><W65/><G65/><T100/><AGARI ba="0,0" hai="7,11,14,22,27,31,44,45,95,96,100" m="23561" machi="100" ten="30,2000,0" yaku="8,1,52,1" doraHai="6" who="0" fromWho="0" sc="194,20,277,-5,255,-5,274,-10" /><INIT seed="4,0,0,3,5,31" ten="214,272,250,264" oya="0" hai0="94,45,72,41,2,65,12,37,86,99,1,3,64" hai1="101,79,24,133,57,10,118,93,0,88,135,123,23" hai2="128,95,106,76,5,80,116,55,49,44,103,7,82" hai3="104,13,107,70,134,28,109,22,8,19,115,40,43"/><T131/><D72/><U113/><E118/><V56/><F128/><W66/><G109/><T16/><D86/><U62/><E123/><V30/><F30/><W91/><G134/><T51/><D37/><U111/><E111/><V61/><F116/><W34/><G115/><T71/><D131/><U26/><E79/><V35/><F35/><W68/><G34/><T126/><D126/><U122/><E122/><V53/><F106/><W78/><G78/><T63/><D65/><U39/><E39/><V97/><REACH who="2" step="1"/><F80/><REACH who="2" ten="214,272,240,264" step="2"/><W33/><G107/><T89/><REACH who="0" step="1"/><D1/><REACH who="0" ten="204,272,240,264" step="2"/><U96/><E0/><V25/><F25/><W117/><G117/><T67/><D67/><U9/><E26/><V132/><F132/><W130/><G66/><T120/><D120/><U15/><E135/><V6/><F6/><W14/><G130/><T74/><D74/><AGARI ba="0,2" hai="5,7,44,49,53,55,56,61,74,76,82,95,97,103" machi="74" ten="30,2000,0" yaku="1,1,7,1,53,0" doraHai="31" doraHaiUra="32" who="2" fromWho="0" sc="204,-20,272,0,240,40,264,0" /><INIT seed="5,0,0,4,5,34" ten="184,272,280,264" oya="1" hai0="113,63,51,21,108,26,96,74,92,45,37,67,15" hai1="16,57,110,65,100,17,24,119,46,102,3,76,79" hai2="75,135,41,126,120,31,35,131,91,83,61,112,132" hai3="14,116,54,94,114,68,95,6,39,49,124,133,20"/><U123/><E119/><V85/><F41/><W43/><G116/><T98/><D37/><U89/><E123/><V128/><F61/><W70/><G124/><T104/><D74/><U47/><E24/><N who="2" m="18919" /><F75/><W77/><G133/><N who="2" m="51273" /><F120/><W103/><G114/><T134/><D108/><U27/><E27/><V81/><F112/><W59/><G77/><T62/><D113/><U69/><E69/><V60/><F60/><W30/><G70/><T87/><D67/><U111/><E65/><V36/><F36/><W90/><G68/><T8/><D98/><U109/><E57/><V5/><F5/><W44/><G6/><N who="0" m="3479" /><D87/><U130/><E89/><V105/><F105/><W88/><G103/><N who="0" m="60807" /><D104/><U12/><E130/><N who="2" m="49707" /><F83/><W29/><G94/><T115/><D115/><U118/><E118/><V127/><AGARI ba="0,0" hai="81,85,91,126,127" m="49707,51273,18919" machi="127" ten="40,8000,1" yaku="30,2,20,1,19,1" doraHai="34" who="2" fromWho="2" sc="184,-20,272,-40,280,80,264,-20" /><INIT seed="6,0,0,2,5,52" ten="164,232,360,244" oya="2" hai0="11,112,12,50,54,68,100,96,18,15,47,123,0" hai1="124,77,31,62,104,101,121,59,91,58,32,98,48" hai2="49,23,13,42,84,110,39,97,127,8,4,29,81" hai3="85,125,126,26,103,132,30,106,57,35,134,63,135"/><V36/><F49/><W70/><G85/><T128/><D123/><U20/><E124/><N who="3" m="47722" /><G70/><T105/><D128/><U17/><E121/><V114/><F127/><W80/><G80/><T87/><D112/><U83/><E91/><V74/><F114/><W10/><G10/><T118/><D118/><U66/><E31/><V131/><F97/><N who="3" m="61807" /><G63/><T99/><D96/><U113/><E32/><V41/><F74/><W55/><G55/><T24/><D68/><U21/><E113/><V38/><F110/><W111/><G57/><T78/><D24/><U45/><E21/><V69/><F69/><W115/><G115/><T34/><D34/><U122/><E122/><V82/><F131/><W117/><G117/><T6/><D18/><U16/><E20/><V89/><F82/><W9/><G9/><T64/><D64/><U119/><E59/><V19/><REACH who="2" step="1"/><F29/><REACH who="2" ten="164,232,350,244" step="2"/><W116/><G116/><T109/><D109/><AGARI ba="0,1" hai="26,30,35,109,111,132,134,135" m="61807,47722" machi="109" ten="40,5200,0" yaku="20,1,18,1,23,1" doraHai="52" who="3" fromWho="0" sc="164,-52,232,0,350,0,244,62" /><INIT seed="7,0,0,1,5,112" ten="112,232,350,306" oya="3" hai0="100,12,79,116,39,123,68,55,102,130,77,47,4" hai1="103,41,37,49,75,17,86,101,25,124,66,42,54" hai2="109,23,95,57,67,83,56,10,91,113,44,85,70" hai3="33,114,2,18,63,78,1,34,28,51,46,72,11"/><W120/><G120/><T8/><D123/><U62/><E75/><V15/><F113/><W48/><G114/><T32/><D32/><U108/><E108/><V60/><F109/><W98/><G63/><T20/><D68/><U22/><E124/><V58/><F44/><W9/><G98/><T126/><D126/><U24/><E42/><V84/><F23/><W61/><G61/><T134/><D134/><U59/><E86/><V82/><REACH who="2" step="1"/><F85/><REACH who="2" ten="112,232,340,306" step="2"/><W7/><G46/><T65/><D130/><U106/><E106/><V38/><F38/><W74/><G78/><T64/><D39/><U89/><E89/><V110/><F110/><W107/><G28/><T94/><D100/><U3/><E3/><V105/><F105/><W29/><G29/><T135/><D135/><U52/><E54/><V115/><F115/><W43/><G107/><T16/><D77/><U88/><E88/><V125/><F125/><W128/><G128/><T132/><D79/><U14/><E103/><V19/><AGARI ba="0,1" hai="10,15,19,56,57,58,60,67,70,82,83,84,91,95" machi="19" ten="30,2000,0" yaku="1,1,0,1,53,0" doraHai="112" doraHaiUra="30" who="2" fromWho="2" sc="112,-5,232,-5,340,30,306,-10" owari="107,-39.0,227,-17.0,370,46.0,296,10.0" /></mjloggm>