<mjloggm ver="2.3"><GO type="41"/><UN n0="%E5%A4%A7%E8%B0%B7%E9%9B%85%E6%81%B5" n1="%E7%94%B0%E4%B8%AD%E7%A7%80%E5%A4%AA" n2="%EF%BC%88%E2%89%A7%E2%96%BD%E2%89%A6%EF%BC%89" n3="%E3%83%84%E3%82%AD%E3%83%84%E3%82%AD%E3%83%9E%E3%82%B7%E3%83%B3" dan="15,14,15,13" rate="2060,1871,2020,1875" sx="F,M,M,M"/><TAIKYOKU oya="0"/><INIT seed="0,0,0,2,4,5" ten="250,250,250,250" oya="0" hai0="59,131,83,86,51,18,66,70,36,34,88,12,92" hai1="43,75,58,26,119,114,62,13,122,80,14,40,1" hai2="28,73,16,94,65,79,25,125,113,15,6,107,84" hai3="98,60,37,17,41,42,74,97,7,4,31,2,81"/><T115/><D115/><U30/><E114/><V116/><F113/><W99/><G31/><T57/><D131/><U96/><E1/><V78/><F107/><W56/><G17/><T61/><D34/><U11/><E119/><V23/><F116/><W19/><G19/><T47/><D36/><U68/><E68/><V35/><F125/><W104/><G104/><T129/><D129/><U89/><E122/><V123/><F123/><W132/><G132/><T71/><D71/><U110/><E110/><V117/><F117/><W135/><G135/><T8/><REACH who="0" step="1"/><D92/><REACH who="0" ten="240,250,250,250" step="2"/><N who="1" m="56335" /><E80/><V45/><F94/><W67/><G81/><T95/><D95/><U90/><E75/><V85/><F73/><W102/><G74/><T111/><D111/><U133/><E133/><V69/><F69/><W20/><G102/><T128/><D128/><U46/><E90/><V50/><F35/><W108/><G108/><T72/><D72/><U127/><E127/><V109/><F109/><W100/><G100/><T120/><D120/><U63/><E40/><AGARI ba="0,1" hai="8,12,18,40,47,51,57,59,61,66,70,83,86,88" machi="40" ten="30,11600,0" yaku="1,1,7,1,52,1,54,1,53,0" doraHai="5" doraHaiUra="126" who="0" fromWho="1" sc="240,126,250,-116,250,0,250,0" /><INIT seed="0,1,0,0,4,59" ten="366,134,250,250" oya="0" hai0="128,54,114,48,17,104,97,87,31,85,22,89,122" hai1="120,103,132,41,111,53,82,124,76,18,72,116,15" hai2="69,101,88,100,78,99,102,107,130,125,129,45,75" hai3="64,33,67,131,96,56,80,25,74,26,115,47,118"/><T10/><D122/><U39/><E120/><V109/><F69/><W21/><G118/><T133/><D133/><U60/><E116/><V55/><F45/><W61/><G115/><T86/><D114/><U40/><E132/><V7/><F7/><W70/><G70/><T6/><D128/><N who="2" m="49258" /><F55/><W58/><G47/><T121/><D121/><U112/><E112/><V83/><F109/><W119/><G119/><T66/><D66/><U32/><E32/><V84/><F125/><W134/><G134/><T14/><D31/><U71/><E111/><V42/><F42/><W98/><G74/><T13/><D104/><U0/><E0/><V1/><F1/><W43/><G43/><T19/><D19/><U81/><E124/><V8/><F8/><W79/><G131/><T46/><REACH who="0" step="1"/><D97/><REACH who="0" ten="356,134,250,250" step="2"/><U105/><E39/><V68/><F68/><W9/><G33/><T51/><D51/><U27/><E105/><V3/><F3/><W49/><G49/><T28/><D28/><U23/><E71/><V20/><F20/><W44/><G9/><T113/><D113/><U29/><E23/><V135/><F135/><W2/><G2/><T106/><D106/><U73/><E29/><V11/><F11/><W35/><G35/><T126/><D126/><U5/><E5/><V117/><F117/><W95/><G21/><T92/><AGARI ba="1,1" hai="6,10,13,14,17,22,46,48,54,85,86,87,89,92" machi="92" ten="20,7800,0" yaku="1,1,0,1,7,1,8,1,53,0" doraHai="59" doraHaiUra="108" who="0" fromWho="0" sc="356,91,134,-27,250,-27,250,-27" /><INIT seed="0,2,0,4,1,104" ten="447,107,223,223" oya="0" hai0="111,9,83,11,70,44,88,20,37,98,18,132,38" hai1="127,24,102,69,31,61,60,80,52,71,92,112,85" hai2="4,99,41,54,129,86,74,2,15,55,82,114,27" hai3="45,62,17,51,120,22,43,76,87,81,47,63,90"/><T73/><D132/><U131/><E112/><V118/><F114/><W109/><G120/><T75/><D70/><U125/><E131/><V105/><F129/><W33/><G33/><T53/><D111/><U3/><E3/><V93/><F2/><W89/><G109/><T40/><D37/><U124/><E102/><V49/><F118/><W119/><G119/><T100/><D53/><U130/><E92/><V26/><F105/><W30/><G30/><T66/><D66/><U28/><E130/><V128/><F128/><W21/><G45/><T19/><D19/><U7/><E7/><V113/><F113/><W91/><G22/><T58/><D58/><N who="1" m="34887" /><E61/><V123/><F123/><W57/><REACH who="3" step="1"/><G57/><REACH who="3" ten="447,107,223,213" step="2"/><T107/><D9/><U77/><E31/><V56/><F56/><W39/><G39/><T117/><D117/><U68/><E68/><V5/><F27/><AGARI ba="2,1" hai="17,21,27,43,47,51,62,63,76,81,87,89,90,91" machi="27" ten="40,5200,0" yaku="1,1,8,1,53,1" doraHai="104" doraHaiUra="16" who="3" fromWho="2" sc="447,0,107,0,223,-58,213,68" /><INIT seed="1,0,0,4,3,1" ten="447,107,165,281" oya="1" hai0="90,66,62,95,51,120,36,113,115,30,18,91,105" hai1="61,26,99,11,40,41,10,28,29,89,92,53,3" hai2="31,49,37,129,33,81,106,12,14,130,21,16,117" hai3="133,22,55,76,34,134,39,121,132,124,93,107,43"/><U85/><E28/><V110/><F37/><W102/><G107/><T17/><D36/><U109/><E109/><V71/><F71/><W123/><G34/><T125/><D125/><U9/><E3/><V6/><F106/><W44/><G76/><T103/><D105/><U131/><E131/><N who="2" m="50187" /><F117/><W77/><G77/><T46/><D120/><U57/><REACH who="1" step="1"/><E99/><REACH who="1" ten="447,97,165,281" step="2"/><V98/><F98/><W58/><G124/><T116/><D116/><U52/><E52/><V108/><F81/><W60/><G22/><AGARI ba="0,1" hai="9,10,11,22,26,29,40,41,53,57,61,85,89,92" machi="22" ten="40,3900,0" yaku="1,1,8,1,53,0" doraHai="1" doraHaiUra="114" who="1" fromWho="3" sc="447,0,97,49,165,0,281,-39" /><INIT seed="1,1,0,2,5,105" ten="447,146,165,242" oya="1" hai0="38,2,120,77,26,121,15,34,19,7,79,12,98" hai1="10,8,80,66,84,57,90,92,71,52,67,4,28" hai2="111,95,68,94,122,100,46,11,76,83,108,55,59" hai3="22,29,107,51,124,16,21,88,33,73,106,103,41"/><U87/><E28/><V64/><F122/><N who="0" m="47210" /><D38/><U37/><E37/><V9/><F46/><W115/><G115/><T61/><D61/><N who="1" m="36007" /><E71/><V82/><F64/><N who="1" m="24617" /><E4/><V3/><F68/><W23/><G33/><T93/><D34/><U60/><E60/><V69/><F69/><W30/><G103/><N who="0" m="60879" /><D26/><U58/><E58/><V125/><F59/><W56/><G106/><T75/><D75/><U101/><E101/><V129/><F100/><W1/><G107/><T133/><D133/><U114/><E114/><V89/><F3/><W25/><G1/><T78/><D19/><U27/><E27/><V39/><F39/><W117/><G73/><T13/><D2/><U119/><E119/><V5/><F5/><AGARI ba="1,0" hai="5,7,12,13,15,77,78,79" m="60879,47210" machi="5" ten="40,1300,0" yaku="13,1" doraHai="105" who="0" fromWho="2" sc="447,16,146,0,165,-16,242,0" /><INIT seed="2,0,0,5,1,30" ten="463,146,149,242" oya="2" hai0="117,16,44,93,99,26,49,20,90,0,7,73,27" hai1="34,6,35,41,131,101,51,75,67,59,97,112,86" hai2="96,95,84,5,79,76,13,3,58,56,135,2,39" hai3="118,110,109,120,9,61,65,66,40,129,12,121,46"/><V18/><F39/><W119/><G12/><T103/><D73/><U77/><E75/><V107/><F135/><W52/><G9/><T24/><D117/><N who="3" m="44553" /><G129/><T74/><D74/><U45/><E112/><V78/><F107/><W68/><G65/><T83/><D0/><U80/><E131/><V130/><F130/><W113/><G52/><N who="0" m="29735" /><D7/><U72/><E72/><V111/><F111/><N who="3" m="42507" /><G113/><T57/><D57/><N who="2" m="22122" /><F5/><W48/><AGARI ba="0,0" hai="40,46,48,61,66,68,120,121" m="42507,44553" machi="48" ten="30,4000,0" yaku="14,1,34,2" doraHai="30" who="3" fromWho="3" sc="463,-10,146,-10,149,-20,242,40" /><INIT seed="3,0,0,3,2,46" ten="453,136,129,282" oya="3" hai0="55,124,135,120,7,115,6,36,106,111,66,68,134" hai1="116,64,69,118,128,24,85,18,103,15,123,89,3" hai2="28,75,94,22,0,125,100,9,67,37,126,16,1" hai3="121,5,109,45,104,19,87,41,86,97,132,62,63"/><W30/><G121/><T38/><D55/><U8/><E123/><V54/><F75/><W14/><G30/><T80/><D120/><U108/><E108/><V17/><F37/><N who="0" m="14442" /><D80/><U117/><E103/><V12/><F67/><W78/><G5/><T32/><D32/><U44/><E44/><V4/><F54/><W96/><G132/><N who="0" m="50731" /><D111/><U88/><E64/><V70/><F70/><W65/><G109/><T95/><D95/><U31/><E69/><V61/><F61/><N who="3" m="23051" /><G65/><T79/><D79/><U11/><E128/><V133/><F100/><W110/><G104/><T49/><D49/><U60/><E60/><V52/><F52/><W10/><G110/><T40/><D40/><U23/><E85/><N who="3" m="32266" /><G78/><T101/><D124/><N who="2" m="47722" /><F133/><W81/><G81/><T130/><D130/><U83/><REACH who="1" step="1"/><E83/><REACH who="1" ten="453,126,129,282" step="2"/><V51/><F94/><W129/><G129/><T77/><D66/><U58/><E58/><V72/><F72/><W112/><G112/><T2/><D68/><U73/><E73/><V25/><F51/><AGARI ba="0,1" hai="10,14,19,41,45,51,96,97" m="32266,23051" machi="51" ten="30,2900,0" yaku="8,1,52,1" doraHai="46" who="3" fromWho="2" sc="453,0,126,0,129,-29,282,39" /><INIT seed="3,1,0,2,5,92" ten="453,126,100,321" oya="3" hai0="133,135,45,112,36,46,48,106,134,114,60,2,26" hai1="97,24,124,55,0,11,8,105,6,81,39,25,99" hai2="43,56,88,59,119,100,72,82,115,50,91,23,71" hai3="125,122,94,95,63,30,84,34,15,93,18,131,75"/><W107/><G122/><T58/><D2/><U17/><E39/><V86/><F119/><W7/><G107/><T85/><D85/><U104/><E104/><V121/><F115/><N who="0" m="44074" /><D106/><U116/><E116/><V78/><F71/><W47/><G75/><T89/><D89/><N who="2" m="34378" /><F72/><W102/><G7/><T27/><D36/><U41/><E41/><V103/><F121/><W54/><G30/><T101/><D101/><N who="2" m="38986" /><F23/><W42/><G34/><T68/><D68/><U33/><E105/><V9/><F9/><W77/><G102/><T132/><N who="0" m="33792" /><DORA hai="111" /><T12/><D12/><U40/><E40/><V108/><F108/><W117/><G117/><T51/><D58/><U126/><E81/><V129/><F129/><W62/><G84/><T3/><D60/><U128/><E128/><V65/><F65/><W113/><G131/><T74/><D74/><U37/><E37/><V21/><F21/><W127/><G113/><T10/><D10/><U31/><E11/><V22/><F22/><W118/><G118/><T35/><D3/><U83/><E0/><V29/><F29/><W123/><G123/><T67/><D67/><U57/><E8/><V16/><F59/><W14/><G77/><T110/><D110/><U87/><E57/><V80/><F56/><W1/><G1/><T32/><D32/><U53/><E33/><V4/><F86/><W20/><G63/><T66/><D66/><U76/><E87/><V69/><F69/><W130/><G130/><T49/><D35/><U13/><E31/><V120/><F78/><W79/><G79/><T38/><D38/><U98/><E76/><RYUUKYOKU ba="1,0" sc="453,30,126,-10,100,-10,321,-10" hai0="26,27,45,46,48,49,51" /><INIT seed="4,2,0,3,0,16" ten="483,116,90,311" oya="0" hai0="1,0,28,109,53,132,23,62,118,61,119,116,64" hai1="123,94,52,4,113,84,51,125,121,7,99,122,65" hai2="34,54,3,59,13,72,128,14,67,134,71,100,117" hai3="6,49,8,2,37,107,55,22,97,131,15,91,58"/><T135/><D109/><U41/><E125/><V80/><F3/><N who="0" m="1098" /><D53/><U40/><E84/><V50/><F34/><W43/><G91/><T32/><D32/><U38/><E65/><V133/><F128/><W29/><G131/><T110/><D110/><U83/><E83/><V79/><F117/><W68/><G68/><T26/><D64/><U12/><E113/><V98/><F67/><W85/><G85/><T77/><D77/><U103/><E38/><V76/><F76/><W73/><G73/><T60/><D60/><U56/><REACH who="1" step="1"/><E12/><REACH who="1" ten="483,106,90,311" step="2"/><V19/><F71/><W114/><G114/><T96/><D119/><U33/><E33/><V18/><F13/><W126/><G126/><T75/><D118/><U42/><AGARI ba="2,1" hai="4,7,40,41,42,51,52,56,94,99,103,121,122,123" machi="42" ten="40,5200,0" yaku="1,1,0,1,54,1,53,0" doraHai="16" doraHaiUra="35" who="1" fromWho="1" sc="483,-28,106,68,90,-15,311,-15" /><INIT seed="5,0,0,5,0,48" ten="455,174,75,296" oya="1" hai0="19,110,121,0,56,124,50,84,91,13,78,71,79" hai1="44,37,92,111,94,133,88,118,24,128,1,55,11" hai2="130,112,54,61,32,74,65,69,4,46,127,114,38" hai3="42,98,17,9,131,119,15,31,2,108,113,107,68"/><U103/><E118/><V35/><F74/><W60/><G42/><T49/><D110/><U100/><E111/><V129/><F4/><W132/><G108/><T105/><D105/><U45/><E37/><V89/><F89/><W51/><G119/><T40/><D71/><U22/><E1/><V64/><F127/><W16/><G2/><T81/><D124/><U70/><E70/><V67/><F32/><W90/><G113/><N who="2" m="43625" /><F35/><W77/><G77/><T3/><D121/><U95/><E11/><V86/><F86/><W18/><G31/><T76/><D40/><U72/><E72/><V101/><F101/><N who="1" m="38985" /><E133/><V57/><F69/><W135/><G107/><T52/><REACH who="0" step="1"/><D50/><REACH who="0" ten="445,174,75,296" step="2"/><N who="1" m="29127" /><E128/><N who="2" m="49259" /><F38/><W117/><G131/><T125/><D125/><U104/><E104/><V66/><F66/><W28/><G117/><T82/><D82/><U75/><E75/><V26/><F26/><W34/><G51/><AGARI ba="0,1" hai="46,51,54,57,61,64,65,67" m="49259,43625" machi="51" ten="30,12000,2" yaku="15,1,11,1,19,1,34,2,52,1" doraHai="48" who="2" fromWho="3" sc="445,0,174,0,75,130,296,-120" /><INIT seed="6,0,0,2,1,79" ten="445,174,205,176" oya="2" hai0="11,107,28,101,56,31,125,72,61,12,30,37,117" hai1="20,100,95,21,104,54,132,119,89,80,62,103,43" hai2="41,92,70,18,45,111,53,29,48,69,102,14,87" hai3="25,19,65,120,81,135,99,51,4,130,82,49,129"/><V47/><F29/><W63/><G120/><T33/><D72/><U124/><E119/><V77/><F111/><W123/><G123/><T114/><D114/><U131/><E124/><V74/><F74/><W67/><G4/><T55/><D125/><U22/><E131/><N who="3" m="50186" /><G99/><T133/><D133/><U105/><E132/><V15/><F102/><N who="1" m="38953" /><E104/><V57/><F45/><W78/><G78/><T9/><D37/><U76/><E105/><V115/><F115/><W26/><G135/><T90/><D117/><U40/><E76/><V121/><F121/><W85/><G85/><T17/><D33/><U10/><E10/><V58/><F58/><N who="3" m="37111" /><G67/><T23/><D90/><U88/><E80/><N who="3" m="30826" /><G19/><T113/><D113/><U59/><E89/><N who="2" m="53311" /><F77/><W112/><G112/><T128/><D128/><U1/><E1/><V3/><F3/><W110/><G110/><T64/><D64/><U50/><E62/><N who="2" m="36143" /><F70/><W73/><G73/><T127/><D127/><U66/><E66/><V96/><F69/><W98/><G98/><AGARI ba="0,0" hai="20,21,22,40,43,50,54,59,88,95,98" m="38953" machi="98" ten="30,2000,0" yaku="8,1,54,1" doraHai="79" who="1" fromWho="3" sc="445,0,174,20,205,0,176,-20" /><INIT seed="7,0,0,3,5,91" ten="445,194,205,156" oya="3" hai0="50,36,31,122,12,132,41,103,76,117,24,105,93" hai1="43,8,80,124,71,127,94,75,116,19,78,16,48" hai2="82,74,100,95,112,115,27,96,53,84,129,62,77" hai3="7,110,58,35,46,68,87,0,37,134,54,17,126"/><W83/><G35/><T128/><D117/><U57/><E71/><V60/><F129/><W32/><G32/><T29/><D122/><U56/><E116/><V102/><F102/><W22/><G68/><T3/><D3/><U72/><E72/><V108/><F108/><W5/><G134/><T88/><D128/><U67/><E94/><V107/><F27/><W64/><G126/><N who="1" m="48170" /><E8/><V11/><F11/><W97/><G110/><T30/><D132/><U63/><E43/><V33/><F33/><W4/><G0/><T120/><D120/><U47/><E47/><V18/><F18/><W9/><G37/><T101/><D101/><U81/><E81/><V21/><F21/><W130/><G130/><T86/><D76/><U49/><E49/><V14/><F14/><N who="3" m="7375" /><G97/><T28/><D36/><U98/><E98/><V70/><F70/><W79/><G22/><T38/><D38/><U52/><AGARI ba="0,0" hai="16,19,48,52,56,57,63,67,75,78,80" m="48170" machi="52" ten="30,4000,0" yaku="18,1,54,2" doraHai="91" who="1" fromWho="1" sc="445,-10,194,40,205,-10,156,-20" owari="435,53.0,234,3.0,195,-20.0,136,-36.0" /></mjloggm>