<mjloggm ver="2.3"><GO type="41"/><UN n0="%E3%82%A6%E3%83%AB%E3%83%88%E3%83%A9%E7%AB%8B%E7%9B%B4" n1="%E3%82%AF%E3%83%81%E3%83%8A%E3%82%B7" n2="%71%75%61%6E%2D%74%75%6D" n3="%E3%81%B3%E3%81%B3%E3%82%93%E3%81%B0%E3%83%BB%E6%94%B9" dan="15,14,14,13" rate="2008,1983,1922,1878" sx="M,M,M,F"/><TAIKYOKU oya="0"/><INIT seed="0,0,0,2,2,79" ten="250,250,250,250" oya="0" hai0="89,120,6,42,31,21,72,13,49,59,10,60,76" hai1="126,86,9,85,94,92,133,83,54,115,45,39,111" hai2="41,20,117,128,69,16,78,25,47,84,95,26,17" hai3="50,65,101,108,121,110,51,103,53,4,104,0,112"/><T23/><D120/><U38/><E111/><N who="3" m="42538" /><G112/><T98/><D31/><U61/><E115/><V74/><F74/><W87/><G121/><T24/><D24/><U14/><E126/><V48/><F69/><W119/><G119/><T34/><D34/><U44/><E133/><V135/><F135/><W88/><G65/><T29/><D29/><U125/><E125/><V77/><F128/><W82/><G104/><T40/><D40/><U58/><E39/><V43/><F117/><W33/><G33/><T132/><D132/><U5/><E38/><V90/><F41/><W35/><G35/><T19/><D19/><U57/><E57/><V66/><F66/><W1/><G51/><T63/><D63/><U67/><E86/><V7/><F7/><W118/><G118/><T71/><D71/><U99/><E67/><V62/><F62/><W109/><G109/><T122/><D122/><U93/><REACH who="1" step="1"/><E99/><REACH who="1" ten="250,240,250,250" step="2"/><V116/><F116/><W106/><G87/><T100/><D59/><U130/><E130/><V36/><F36/><W27/><G106/><T80/><D60/><U96/><E96/><V70/><F70/><W107/><G107/><T30/><D49/><U12/><E12/><V75/><F75/><W2/><G2/><T134/><D134/><U124/><E124/><V37/><F37/><W91/><G0/><T68/><D68/><U102/><E102/><V131/><F131/><W123/><G1/><T113/><D100/><U11/><E11/><V22/><AGARI ba="0,1" hai="16,17,20,22,25,26,43,47,48,77,78,84,90,95" machi="22" ten="30,7900,0" yaku="0,1,9,1,8,1,54,1" doraHai="79" who="2" fromWho="2" sc="250,-39,240,-20,250,89,250,-20" /><INIT seed="1,0,0,0,5,135" ten="211,220,339,230" oya="1" hai0="18,44,13,28,70,106,86,62,46,87,119,116,10" hai1="77,71,121,101,90,36,111,31,53,24,103,51,4" hai2="74,132,76,117,38,22,61,107,60,99,131,16,34" hai3="2,83,82,54,104,65,49,122,129,19,63,100,95"/><U58/><E121/><V75/><F117/><W29/><G2/><T50/><D106/><U14/><E71/><V91/><F34/><W89/><G122/><T1/><D1/><U42/><E77/><V126/><F132/><W123/><G123/><T110/><D110/><U68/><E111/><V133/><F133/><W43/><G129/><T73/><D73/><U15/><E68/><V67/><F38/><W124/><G124/><T98/><D70/><U72/><E72/><V47/><F47/><W109/><G109/><T81/><D87/><U66/><E66/><V25/><F131/><W85/><G29/><T45/><D28/><U26/><E90/><V134/><F61/><W114/><G114/><T96/><D62/><U130/><E130/><V52/><F76/><W78/><G43/><T57/><D119/><U55/><E55/><V39/><F39/><W128/><G128/><T118/><D118/><U17/><E4/><V88/><F52/><W108/><G108/><T125/><D125/><U33/><E26/><V48/><F48/><W94/><G104/><T32/><D32/><U113/><E113/><V69/><F126/><W35/><G35/><T56/><D116/><U105/><E105/><V40/><F40/><W7/><G7/><T8/><D50/><U20/><E15/><V64/><F64/><W59/><G19/><T11/><D18/><U80/><E80/><V79/><F134/><W3/><G3/><T97/><D13/><U30/><E31/><V0/><F0/><W127/><G127/><T37/><D37/><U27/><E14/><V12/><F12/><RYUUKYOKU ba="0,0" sc="211,15,220,15,339,-15,230,-15" hai0="8,10,11,44,45,46,56,57,81,86,96,97,98" hai1="17,20,24,27,30,33,36,42,51,53,58,101,103" /><INIT seed="1,1,0,1,2,86" ten="226,235,324,215" oya="1" hai0="4,10,118,114,32,133,14,52,23,50,51,46,128" hai1="108,67,99,95,47,89,66,26,53,20,72,104,69" hai2="24,88,107,83,41,123,6,81,0,121,93,92,70" hai3="87,1,37,101,116,103,117,64,102,94,17,45,31"/><U63/><E72/><V19/><F107/><W61/><G1/><T44/><D32/><U82/><E108/><V80/><F70/><W109/><G31/><T36/><D118/><N who="3" m="45673" /><G109/><T48/><D114/><U97/><E82/><V43/><F0/><W100/><G17/><T106/><D106/><U21/><E67/><V74/><F6/><W59/><G37/><T73/><D73/><U115/><E115/><V42/><F74/><W77/><G45/><T28/><D128/><U113/><E113/><V22/><REACH who="2" step="1"/><F93/><REACH who="2" ten="226,235,314,215" step="2"/><W68/><G68/><T65/><D133/><U30/><E104/><V25/><F25/><W85/><G94/><T91/><D65/><U98/><E26/><V9/><F9/><W130/><G130/><T49/><D46/><U39/><E47/><V12/><F12/><W18/><G18/><T134/><D134/><U120/><E95/><V135/><F135/><W71/><G71/><T27/><D36/><U111/><E39/><V110/><F110/><W78/><G103/><T38/><D38/><U84/><E111/><V119/><F119/><W5/><G5/><T34/><D34/><U124/><E66/><V16/><F16/><W62/><G102/><T11/><D11/><U75/><E69/><V13/><F13/><W35/><G101/><T8/><D14/><U2/><E2/><V112/><F112/><W3/><G100/><T57/><D4/><U122/><E75/><V129/><F129/><W40/><G3/><T55/><D44/><U33/><E120/><V60/><F60/><W79/><G35/><T15/><D51/><U105/><E122/><RYUUKYOKU ba="1,1" sc="226,-10,235,-10,314,30,215,-10" hai2="19,22,24,41,42,43,80,81,83,88,92,121,123" /><INIT seed="2,2,1,1,3,128" ten="216,225,344,205" oya="2" hai0="14,54,12,77,21,15,61,41,86,85,34,75,90" hai1="107,126,133,81,49,11,48,70,109,31,115,58,50" hai2="27,16,1,123,110,103,80,102,129,83,99,17,89" hai3="84,3,10,106,24,22,104,105,112,42,59,87,45"/><V130/><F123/><W132/><G132/><T56/><D34/><U121/><E115/><V97/><F1/><W74/><G74/><T37/><D75/><U60/><E107/><V67/><F67/><W92/><G112/><T68/><D68/><U96/><E96/><V101/><F27/><W119/><G119/><T29/><D41/><U95/><E95/><V114/><F114/><W8/><G59/><T71/><D37/><U125/><E70/><V51/><F51/><W122/><G122/><T5/><D71/><U52/><E121/><V7/><F7/><W93/><G3/><T134/><D5/><U33/><E11/><V94/><F16/><W25/><G104/><T28/><D21/><U4/><E4/><V62/><F17/><W82/><G22/><T100/><D100/><N who="2" m="38506" /><F62/><W19/><G19/><T53/><D53/><U6/><E6/><V73/><F110/><W127/><G42/><T108/><D108/><U2/><E2/><V9/><F9/><W78/><G78/><T36/><D77/><U98/><E109/><V113/><F113/><W23/><G23/><T40/><D61/><U44/><E33/><V38/><F38/><W35/><G45/><T76/><D36/><U13/><E31/><V65/><F65/><W135/><G35/><T111/><D29/><U55/><E44/><V72/><N who="2" m="38514" /><V20/><DORA hai="66" /><F20/><W32/><G32/><T43/><D28/><U120/><E120/><V46/><F46/><W26/><G82/><N who="2" m="31273" /><F97/><W64/><G64/><T57/><D111/><U79/><E98/><V117/><F117/><W88/><G10/><RYUUKYOKU ba="2,1" sc="216,-10,225,-10,344,30,205,-10" hai2="72,73,89,94,99,129,130" /><INIT seed="2,3,1,2,4,104" ten="206,215,374,195" oya="2" hai0="112,42,0,120,72,133,88,2,117,21,12,100,81" hai1="122,19,113,64,58,39,87,85,34,29,23,105,66" hai2="15,119,54,43,11,47,33,75,114,70,16,90,71" hai3="97,52,69,61,118,124,68,30,78,22,49,3,31"/><V45/><F114/><W130/><G3/><T106/><D12/><U80/><E113/><V46/><F33/><W28/><G118/><T135/><D21/><U35/><E39/><V44/><F119/><W37/><G37/><T83/><D42/><U121/><E105/><V134/><F134/><N who="0" m="51210" /><D2/><U111/><E111/><V73/><F90/><W51/><G124/><T32/><D0/><U131/><E131/><V123/><F123/><N who="1" m="47113" /><E87/><V102/><F102/><W103/><G130/><T18/><D18/><U55/><E29/><V77/><F54/><W93/><G78/><N who="0" m="44231" /><D32/><N who="1" m="12331" /><E55/><V36/><REACH who="2" step="1"/><F77/><REACH who="2" ten="206,215,364,195" step="2"/><W57/><REACH who="3" step="1"/><G22/><REACH who="3" ten="206,215,364,185" step="2"/><T76/><D120/><U38/><E23/><V50/><F50/><AGARI ba="3,3" hai="28,30,31,49,50,51,52,57,61,68,69,93,97,103" machi="50" ten="40,5200,0" yaku="1,1,2,1,54,1,53,0" doraHai="104" doraHaiUra="84" who="3" fromWho="2" sc="206,0,215,0,364,-61,185,91" /><INIT seed="3,0,0,3,4,13" ten="206,215,303,276" oya="3" hai0="15,89,111,128,68,52,10,79,0,90,73,98,75" hai1="46,58,70,78,87,112,101,55,71,72,135,48,63" hai2="88,39,57,4,108,107,53,23,122,126,92,83,80" hai3="82,120,132,121,34,91,113,62,29,35,65,24,60"/><W45/><G113/><T134/><D0/><U26/><E112/><V84/><F39/><W12/><G132/><T97/><D68/><U28/><E72/><V32/><F32/><W117/><G117/><T109/><D134/><U11/><E135/><V93/><F122/><W66/><G45/><T36/><D36/><U74/><E74/><V77/><F4/><W103/><G103/><T14/><D79/><U30/><E101/><V127/><F107/><W123/><G12/><T85/><D85/><U17/><E30/><V49/><F108/><W131/><G131/><T3/><D3/><U130/><E130/><V76/><F93/><W22/><G62/><T21/><D21/><U31/><E31/><V44/><F126/><W69/><G66/><T54/><REACH who="0" step="1"/><D128/><REACH who="0" ten="196,215,303,276" step="2"/><U86/><E78/><V42/><F127/><W37/><G37/><T110/><D110/><U106/><E87/><V33/><F33/><W67/><G35/><T95/><D95/><U129/><E86/><V56/><F77/><W47/><G34/><T118/><D118/><U59/><E129/><V16/><F76/><W40/><G82/><T8/><AGARI ba="0,1" hai="8,10,14,15,52,54,73,75,89,90,97,98,109,111" machi="8" ten="25,12000,2" yaku="1,1,0,1,22,2,54,1,53,2" doraHai="13" doraHaiUra="51" who="0" fromWho="0" sc="196,130,215,-30,303,-30,276,-60" /><INIT seed="4,0,0,2,1,18" ten="326,185,273,216" oya="0" hai0="86,32,31,11,103,135,6,82,36,116,111,67,73" hai1="44,126,84,63,93,24,122,102,79,99,123,46,56" hai2="39,16,54,60,55,119,107,98,66,35,97,5,52" hai3="0,33,71,125,28,58,22,109,17,25,61,70,74"/><T62/><D116/><U76/><E126/><V106/><F35/><W69/><G0/><T131/><D131/><U121/><E24/><V117/><F39/><W29/><G74/><T124/><D124/><U132/><E132/><V95/><F5/><W13/><G125/><T20/><D36/><U19/><E19/><V49/><F49/><W134/><G109/><T12/><D73/><U50/><E84/><V88/><F117/><W48/><G134/><T26/><D135/><U30/><E30/><V51/><F51/><W87/><G48/><T21/><D111/><U14/><E14/><V128/><F128/><W89/><G33/><T64/><D103/><U92/><E93/><V83/><F83/><W15/><G15/><T127/><D127/><U90/><E102/><V7/><F7/><W112/><G112/><T115/><D115/><U68/><E68/><V34/><F34/><W10/><G70/><T3/><D3/><U57/><E57/><V118/><F98/><W104/><G29/><T100/><D100/><U1/><E1/><V114/><F114/><W27/><G27/><T133/><D133/><U110/><E110/><V41/><F41/><W91/><G104/><T105/><D105/><U78/><REACH who="1" step="1"/><E50/><REACH who="1" ten="326,175,273,216" step="2"/><V72/><F118/><W113/><G113/><T2/><D2/><U42/><E42/><V96/><F119/><W45/><G71/><T4/><D4/><U75/><E75/><V43/><F43/><W9/><G69/><N who="0" m="42135" /><D67/><AGARI ba="0,1" hai="44,46,56,63,67,76,78,79,90,92,99,121,122,123" machi="67" ten="50,1600,0" yaku="1,1,53,0" doraHai="18" doraHaiUra="81" who="1" fromWho="0" sc="326,-16,175,26,273,0,216,0" /><INIT seed="5,0,0,1,3,118" ten="310,201,273,216" oya="1" hai0="98,88,125,101,78,70,62,42,119,66,93,40,129" hai1="28,50,68,45,53,24,35,131,29,72,59,134,19" hai2="18,12,37,86,108,85,14,111,13,58,47,4,67" hai3="105,103,48,0,124,110,99,120,49,11,87,90,126"/><U122/><E72/><V97/><F37/><W132/><G110/><T10/><D119/><U23/><E68/><V69/><F69/><W63/><G132/><T61/><D125/><N who="3" m="48233" /><G63/><T6/><D129/><U52/><E134/><V80/><F47/><W30/><G30/><T73/><D62/><U55/><E131/><V81/><F67/><W96/><G96/><T36/><D36/><U130/><E130/><V20/><F58/><W106/><G106/><T1/><D78/><U7/><E122/><V104/><F97/><W56/><G120/><T95/><D73/><U89/><E7/><V34/><F104/><W25/><G25/><T17/><D17/><U65/><E65/><V133/><F34/><W91/><G56/><T75/><D75/><U114/><E114/><V113/><F113/><W64/><G64/><T71/><REACH who="0" step="1"/><D70/><REACH who="0" ten="300,201,273,216" step="2"/><U33/><E29/><V82/><F133/><W127/><G127/><T83/><D83/><U5/><E5/><V15/><REACH who="2" step="1"/><F4/><REACH who="2" ten="300,201,263,216" step="2"/><W77/><G48/><T79/><D79/><U26/><E50/><V51/><F51/><W8/><G49/><T94/><D94/><U16/><E45/><V46/><F46/><W121/><G77/><T107/><D107/><U41/><E59/><V116/><F116/><W57/><G105/><T38/><D38/><U135/><E135/><V54/><F54/><W76/><G57/><T112/><D112/><U31/><E55/><V74/><F74/><W21/><G76/><T60/><D60/><U92/><E92/><V27/><F27/><W128/><G128/><T39/><D39/><U43/><E23/><RYUUKYOKU ba="0,2" sc="300,10,201,10,263,10,216,-30" hai0="1,6,10,40,42,61,66,71,88,93,95,98,101" hai1="16,19,24,26,28,31,33,35,41,43,52,53,89" hai2="12,13,14,15,18,20,80,81,82,85,86,108,111" /><INIT seed="5,1,2,0,2,78" ten="310,211,273,186" oya="1" hai0="61,89,59,9,36,23,48,112,58,114,86,60,116" hai1="33,44,109,27,96,35,73,11,132,82,104,108,38" hai2="120,51,0,97,22,54,106,50,125,105,42,3,55" hai3="124,14,37,24,43,69,49,52,101,85,34,122,98"/><U20/><E132/><V64/><F120/><W113/><G122/><T10/><D36/><U6/><E104/><V67/><F97/><W129/><G69/><T103/><D103/><U62/><E62/><V17/><F22/><W74/><G74/><T39/><D39/><U45/><E96/><V46/><F17/><W8/><G37/><T99/><D99/><U135/><E135/><V41/><REACH who="2" step="1"/><F46/><REACH who="2" ten="310,211,263,186" step="2"/><W75/><G98/><T68/><D23/><U94/><E45/><V130/><F130/><W91/><G129/><T2/><D59/><U63/><E20/><V79/><F79/><W56/><G34/><T16/><D58/><U32/><E35/><V29/><F29/><W53/><G56/><T102/><D16/><U7/><E33/><V77/><F77/><W21/><G21/><T66/><D102/><U83/><E44/><V123/><F123/><W47/><G101/><T57/><D57/><U119/><E32/><V87/><F87/><W5/><G75/><T107/><D86/><U80/><E73/><V71/><F71/><W19/><G19/><T15/><D68/><U12/><E108/><V65/><F65/><W126/><G113/><T30/><D66/><U81/><E109/><V100/><F100/><W93/><REACH who="3" step="1"/><G24/><REACH who="3" ten="310,211,263,176" step="2"/><T13/><D114/><U4/><E27/><V134/><F134/><W1/><G1/><T28/><D112/><U95/><E4/><V127/><AGARI ba="1,4" hai="0,3,41,42,50,51,54,55,64,67,105,106,125,127" machi="127" ten="25,6400,0" yaku="1,1,0,1,22,2,53,0" doraHai="78" doraHaiUra="25" who="2" fromWho="2" sc="310,-17,211,-33,263,107,176,-17" /><INIT seed="6,0,0,3,0,122" ten="293,178,370,159" oya="2" hai0="38,44,57,119,54,46,68,69,60,10,52,29,64" hai1="45,84,53,9,88,4,128,47,34,67,23,86,116" hai2="123,5,48,61,37,8,56,58,125,27,6,89,90" hai3="85,112,94,134,24,106,41,101,91,133,114,12,83"/><V71/><F123/><W40/><G12/><T2/><D10/><U11/><E34/><V39/><F125/><W110/><G24/><T43/><D29/><U30/><E116/><V82/><F71/><N who="0" m="27210" /><D2/><U81/><E128/><V103/><F103/><W121/><G121/><T115/><D119/><U96/><E67/><V113/><F113/><N who="3" m="43627" /><G41/><N who="0" m="22583" /><D115/><U100/><E86/><V19/><F82/><W35/><G35/><T49/><AGARI ba="0,0" hai="43,46,49,52,54,57,60,64" m="22583,27210" machi="49" ten="30,12000,2" yaku="35,5,54,1" doraHai="122" who="0" fromWho="0" sc="293,120,178,-30,370,-60,159,-30" /><INIT seed="7,0,0,5,5,92" ten="413,148,310,129" oya="3" hai0="49,23,27,112,88,125,71,10,95,74,6,129,17" hai1="135,75,0,110,109,12,132,81,65,82,3,38,7" hai2="20,31,15,78,119,73,91,1,11,54,62,5,84" hai3="98,83,134,52,120,104,69,47,16,131,2,111,59"/><W41/><G120/><T77/><D71/><U32/><E32/><V122/><F122/><W34/><G2/><N who="1" m="554" /><E38/><V13/><F119/><W103/><G34/><T66/><D112/><U26/><E26/><V105/><F105/><W22/><G69/><T36/><D125/><U108/><E65/><V87/><F73/><W113/><G113/><T116/><D129/><U51/><E51/><V72/><F72/><W93/><G111/><T89/><D66/><U53/><E53/><V58/><F78/><W45/><G131/><T123/><D36/><U42/><E42/><V70/><F70/><W56/><G134/><N who="1" m="51242" /><E75/><V61/><F1/><W33/><G33/><T80/><D89/><U128/><E128/><V94/><F84/><W30/><G104/><T39/><D39/><U121/><E121/><V124/><F124/><W57/><G30/><T99/><D116/><U118/><E118/><V63/><F31/><W44/><G83/><T96/><D49/><U55/><E55/><V130/><F130/><W102/><G102/><T29/><D123/><U8/><AGARI ba="0,0" hai="7,8,12,81,82,108,109,110" m="51242,554" machi="8" ten="40,1500,0" yaku="20,1" doraHai="92" who="1" fromWho="1" sc="413,-4,148,15,310,-4,129,-7" owari="409,51.0,163,-24.0,306,11.0,122,-38.0" /></mjloggm>