<mjloggm ver="2.3"><GO type="169"/><UN n0="%6D%61%63%6A%72" n1="%EF%BC%88%E2%89%A7%E2%96%BD%E2%89%A6%EF%BC%89" n2="%E3%82%82%E3%81%A3%E3%81%97%E3%83%BC" n3="%E3%83%AA%E3%83%84%E3%83%9F%E3%82%B5%E3%83%B3" dan="16,18,17,18" rate="2072,2192,2077,2226" sx="M,M,M,M"/><TAIKYOKU oya="0"/><INIT seed="0,0,0,4,3,121" ten="250,250,250,250" oya="0" hai0="61,20,68,56,115,35,4,129,22,96,114,66,21" hai1="90,107,54,74,72,25,30,67,83,112,55,108,110" hai2="134,39,93,19,127,0,11,44,125,65,14,131,37" hai3="132,75,92,18,12,15,2,84,104,119,117,34,106"/><T24/><D129/><U78/><E107/><V32/><F32/><W116/><G2/><T91/><D4/><U63/><E72/><V16/><F131/><W111/><G75/><T79/><D79/><U69/><E90/><V120/><F120/><W85/><G34/><T97/><D68/><U49/><E112/><V3/><F134/><W126/><G132/><T23/><D35/><U81/><E81/><V130/><F130/><W109/><G126/><N who="2" m="48137" /><F65/><W133/><G133/><T29/><REACH who="0" step="1"/><D91/><REACH who="0" ten="240,250,250,250" step="2"/><U98/><E78/><V53/><F3/><W58/><G58/><T40/><D40/><U70/><E69/><V38/><F0/><W5/><G5/><T48/><D48/><U113/><E49/><N who="2" m="28839" /><F93/><W122/><G122/><T87/><D87/><U102/><E74/><V6/><AGARI ba="0,1" hai="6,11,14,16,19,37,38,39" m="28839,48137" machi="6" ten="40,2700,0" yaku="18,1,54,1" doraHai="121" who="2" fromWho="2" sc="240,-13,250,-7,250,37,250,-7" /><INIT seed="1,0,0,5,4,23" ten="227,243,287,243" oya="1" hai0="113,21,109,8,32,40,66,56,97,129,5,4,54" hai1="94,122,123,2,110,87,15,92,121,107,18,112,62" hai2="52,88,43,86,19,120,99,35,50,6,126,67,91" hai3="105,69,104,44,95,132,78,106,11,34,100,75,26"/><U68/><E112/><V133/><F120/><W53/><G132/><T39/><D32/><U85/><E107/><V45/><F6/><W63/><G75/><T76/><D113/><U49/><E2/><V59/><F133/><W48/><G78/><T125/><D109/><U37/><E37/><V128/><F128/><W55/><G11/><T30/><D129/><U119/><E119/><V64/><F126/><W57/><G69/><T93/><D125/><U41/><E110/><V42/><F42/><W27/><REACH who="3" step="1"/><G34/><REACH who="3" ten="227,243,287,233" step="2"/><T90/><D76/><U31/><E68/><V80/><F35/><W1/><G1/><T28/><D8/><U131/><E131/><V98/><F19/><W12/><G12/><T9/><D9/><U38/><E18/><V70/><F70/><W84/><G84/><T134/><D134/><U24/><E15/><V102/><F91/><W108/><G108/><T58/><D90/><U83/><E85/><V65/><REACH who="2" step="1"/><F102/><REACH who="2" ten="227,243,277,233" step="2"/><W72/><G72/><T74/><D74/><U135/><E135/><V47/><F47/><W116/><G116/><T14/><D5/><U25/><E122/><V17/><F17/><W13/><G13/><T89/><D4/><U7/><E123/><V46/><F46/><W114/><G114/><T103/><D103/><U82/><E7/><V124/><F124/><W36/><G36/><AGARI ba="0,2" hai="36,43,45,50,52,59,64,65,67,80,86,88,98,99" machi="36" ten="40,5200,0" yaku="1,1,54,2,53,0" doraHai="23" doraHaiUra="115" who="2" fromWho="3" sc="227,0,243,0,277,72,233,-52" /><INIT seed="2,0,0,4,3,41" ten="227,243,349,181" oya="2" hai0="55,38,84,16,124,4,37,81,29,76,96,101,98" hai1="132,118,119,108,103,62,128,27,53,129,19,126,11" hai2="72,112,92,46,70,51,24,64,28,31,105,22,47" hai3="121,114,0,87,106,89,66,102,74,79,85,78,58"/><V68/><F105/><W43/><G0/><T110/><D110/><U107/><E103/><V10/><F112/><W2/><G2/><T9/><D124/><U8/><E107/><V15/><F72/><W21/><G74/><T34/><D96/><U57/><E108/><V93/><F31/><W123/><G66/><T95/><D34/><U45/><E126/><V69/><F64/><W40/><G58/><T23/><D29/><U18/><E132/><V91/><F51/><W6/><G6/><T7/><D55/><U13/><E45/><V90/><F93/><W67/><G67/><T52/><D52/><U12/><REACH who="1" step="1"/><E27/><REACH who="1" ten="227,233,349,181" step="2"/><V82/><F47/><W26/><G26/><T75/><D37/><U32/><E32/><V14/><F46/><W48/><G106/><T30/><D38/><U127/><E127/><V5/><F24/><W56/><G102/><T131/><D101/><U134/><E134/><V133/><F133/><W63/><G114/><T97/><D131/><AGARI ba="0,1" hai="8,11,12,13,18,19,53,57,62,118,119,128,129,131" machi="131" ten="40,12000,2" yaku="1,1,9,1,19,1,53,3" doraHai="41" doraHaiUra="125" who="1" fromWho="0" sc="227,-120,233,130,349,0,181,0" /><INIT seed="3,0,0,0,3,39" ten="107,363,349,181" oya="3" hai0="131,116,97,27,109,12,58,49,48,1,21,113,42" hai1="14,79,35,103,34,24,57,62,100,53,59,66,29" hai2="86,110,50,95,18,105,120,123,75,64,7,3,78" hai3="111,125,8,102,61,41,76,28,73,122,135,15,119"/><W82/><G122/><T19/><D1/><U106/><E79/><V96/><F110/><W32/><G119/><T87/><D116/><U56/><E35/><V20/><F105/><W51/><G135/><T89/><D109/><U43/><E106/><V31/><F64/><W117/><G117/><T124/><D124/><U63/><E14/><V118/><F118/><W23/><G125/><T99/><D131/><U52/><REACH who="1" step="1"/><E43/><REACH who="1" ten="107,353,349,181" step="2"/><V85/><F78/><W70/><G32/><T88/><D113/><U38/><E38/><V71/><F123/><W91/><G111/><T101/><D42/><U81/><E81/><V17/><F120/><W94/><G102/><T68/><D12/><U67/><E67/><V130/><F130/><W107/><G107/><T47/><D101/><U90/><E90/><V80/><F80/><W93/><G91/><T134/><D89/><U37/><E37/><V55/><F3/><W36/><G36/><T40/><D134/><U16/><E16/><V77/><F18/><W5/><G28/><T4/><D4/><U108/><E108/><V72/><F17/><W0/><G0/><T9/><D9/><U54/><E54/><V115/><F55/><W114/><G23/><T22/><D21/><U92/><E92/><V83/><F20/><W10/><G10/><T84/><D88/><U60/><AGARI ba="0,1" hai="24,29,34,52,53,56,57,59,60,62,63,66,100,103" machi="60" ten="20,8000,1" yaku="1,1,0,1,7,1,9,1,54,1,53,0" doraHai="39" doraHaiUra="133" who="1" fromWho="1" sc="107,-20,353,90,349,-20,181,-40" /><INIT seed="4,0,0,2,5,17" ten="87,443,329,141" oya="0" hai0="39,35,83,27,120,98,4,37,123,79,131,46,99" hai1="126,114,66,134,50,117,32,34,69,122,59,95,28" hai2="31,61,78,81,56,91,106,71,108,101,55,22,72" hai3="42,87,118,80,115,21,96,11,68,64,20,100,63"/><T18/><D131/><U14/><E122/><V16/><F108/><W111/><G118/><T129/><D129/><U93/><E69/><V8/><F71/><W9/><G111/><T0/><D98/><U3/><E3/><V19/><F106/><W104/><G42/><N who="0" m="22863" /><D18/><U29/><E34/><V105/><F105/><W10/><REACH who="3" step="1"/><G115/><REACH who="3" ten="87,443,329,131" step="2"/><T119/><D119/><U112/><E114/><V94/><F101/><W113/><G113/><T54/><D120/><U41/><E112/><V65/><F65/><W15/><G15/><T125/><D123/><U57/><E66/><V76/><F55/><W107/><G107/><T5/><D54/><U128/><E14/><V74/><F74/><W48/><G48/><T86/><D39/><U124/><E50/><V135/><F72/><W47/><G47/><T33/><D0/><U90/><E41/><V58/><F61/><W53/><G53/><T75/><D75/><U85/><E117/><V43/><F43/><W2/><G2/><T73/><D73/><U67/><E67/><V40/><F40/><W97/><G97/><T13/><D13/><U77/><E128/><V12/><F12/><W132/><G132/><T103/><D125/><U24/><E126/><V25/><F135/><W49/><G49/><T52/><D52/><U51/><E124/><V89/><F8/><W102/><G102/><T26/><D99/><U88/><E51/><V45/><F45/><W84/><G84/><T6/><D103/><U23/><E134/><V116/><F116/><W110/><G110/><T38/><D38/><U82/><E85/><V133/><F133/><RYUUKYOKU ba="0,1" sc="87,15,443,-15,329,-15,131,15" hai0="4,5,6,26,27,33,35,79,83,86" hai3="9,10,11,20,21,63,64,68,80,87,96,100,104" /><INIT seed="4,1,1,0,4,63" ten="102,428,314,146" oya="0" hai0="131,118,107,15,58,57,80,64,44,78,112,104,6" hai1="129,86,16,36,56,5,99,119,10,22,113,116,51" hai2="87,24,34,81,50,43,88,133,71,23,66,97,28" hai3="126,106,2,75,93,0,114,103,42,65,30,95,125"/><T47/><D118/><U69/><E36/><V85/><F133/><W82/><G42/><T38/><D112/><U123/><E69/><V72/><F72/><W52/><G114/><T108/><D131/><U8/><E113/><V68/><F97/><W89/><G30/><T105/><D108/><U102/><E123/><V130/><F130/><W7/><G7/><T67/><D57/><U98/><E129/><V62/><F71/><W111/><G111/><T94/><D94/><N who="1" m="58711" /><E99/><V21/><REACH who="2" step="1"/><F87/><REACH who="2" ten="102,428,304,146" step="2"/><W83/><G75/><T25/><D25/><U91/><E119/><V110/><F110/><W124/><G106/><T39/><D39/><U32/><E86/><V96/><F96/><W49/><G103/><T3/><D15/><U76/><E116/><V77/><F77/><W29/><G89/><T11/><D58/><U12/><E91/><V17/><F17/><W122/><G122/><T120/><D120/><U19/><E16/><V26/><F26/><W31/><G126/><T101/><D101/><U128/><E19/><V134/><F134/><W9/><G125/><T109/><D109/><U14/><E76/><V37/><F37/><W127/><G0/><T60/><D38/><U132/><E128/><V1/><F1/><W121/><G2/><T33/><D78/><U135/><E12/><V74/><F74/><W55/><G121/><T90/><D90/><U35/><E132/><V92/><F92/><W45/><G127/><T73/><D73/><U53/><E135/><V46/><AGARI ba="1,2" hai="21,23,24,28,34,43,46,50,62,66,68,81,85,88" machi="46" ten="30,8000,1" yaku="1,1,0,1,52,1,54,1,53,1" doraHai="63" doraHaiUra="41" who="2" fromWho="2" sc="102,-41,428,-21,304,103,146,-21" /><INIT seed="5,0,0,2,4,26" ten="61,407,407,125" oya="1" hai0="12,94,115,16,14,20,52,134,118,104,48,55,96" hai1="7,121,72,57,105,82,56,22,32,108,112,33,101" hai2="93,50,120,113,40,119,117,42,1,30,6,27,84" hai3="63,91,31,39,106,5,103,60,126,53,75,13,0"/><U23/><E121/><V25/><F120/><W127/><G75/><T114/><D118/><U59/><E7/><V47/><F113/><N who="0" m="43018" /><D104/><U18/><E112/><V65/><F65/><W28/><G39/><T74/><D74/><U99/><E108/><V38/><F38/><W49/><G0/><T85/><D85/><U109/><E109/><V88/><F40/><W130/><G130/><T70/><D70/><U86/><E72/><V44/><F44/><W133/><G133/><T73/><D73/><U66/><E66/><V29/><F6/><W83/><G106/><T116/><D116/><U8/><E8/><V2/><F119/><W95/><G103/><N who="0" m="60823" /><D134/><U51/><E51/><V21/><F117/><W17/><G83/><T92/><D92/><U132/><E132/><V129/><F129/><W107/><G107/><T64/><D64/><U58/><N who="1" m="14848" /><DORA hai="34" /><U46/><E46/><V124/><F124/><W135/><G135/><T43/><D14/><U90/><REACH who="1" step="1"/><E23/><AGARI ba="0,0" hai="1,2,21,23,25,27,29,30,42,47,50,84,88,93" machi="23" ten="30,12000,2" yaku="7,1,9,1,52,4,54,1" doraHai="26,34" who="2" fromWho="1" sc="61,0,407,-120,407,120,125,0" /><INIT seed="6,0,0,1,3,61" ten="61,287,527,125" oya="2" hai0="84,9,78,39,53,125,109,127,120,43,38,91,92" hai1="70,121,42,123,32,132,97,13,27,133,71,106,112" hai2="40,118,59,89,37,96,79,119,1,14,4,30,100" hai3="63,88,102,51,122,111,66,47,57,135,54,90,23"/><V20/><F79/><W82/><G122/><N who="1" m="46602" /><E112/><V65/><F1/><W67/><G111/><T86/><D120/><U55/><E42/><V44/><F89/><W83/><G135/><T85/><D109/><U52/><E13/><V58/><F4/><W75/><G102/><T110/><D110/><U64/><E27/><V56/><F119/><W115/><G115/><T48/><D43/><U36/><E32/><V105/><F118/><W108/><G108/><T22/><D9/><U31/><E31/><V25/><REACH who="2" step="1"/><F14/><REACH who="2" ten="61,287,517,125" step="2"/><W93/><G90/><T35/><D78/><U50/><E132/><V128/><F128/><W116/><G116/><T45/><D91/><U6/><E6/><V0/><F0/><W49/><G75/><T81/><D125/><U76/><E76/><V113/><F113/><W114/><G114/><T19/><D127/><U69/><E133/><V33/><F33/><W99/><G83/><T130/><D81/><U68/><E97/><V29/><F29/><W15/><G82/><T104/><D35/><U77/><E77/><V3/><F3/><W7/><G7/><T21/><D130/><U126/><E126/><V10/><F10/><W8/><G8/><T41/><D84/><U80/><E80/><V24/><F24/><W129/><G129/><T107/><D85/><U46/><E36/><V134/><F134/><W131/><G131/><T18/><D38/><U5/><E5/><V74/><F74/><W2/><G2/><T98/><D98/><U28/><E28/><V34/><F34/><W26/><G15/><T117/><D39/><U101/><E101/><RYUUKYOKU ba="0,1" sc="61,-10,287,-10,517,30,125,-10" hai2="20,25,30,37,40,44,56,58,59,65,96,100,105" /><INIT seed="6,1,1,4,0,61" ten="51,277,547,115" oya="2" hai0="31,74,37,104,13,38,116,121,86,110,64,134,44" hai1="25,19,32,119,111,130,18,107,49,35,88,83,101" hai2="51,53,117,26,123,52,20,94,108,4,84,128,131" hai3="73,118,63,132,126,62,124,47,75,45,67,105,120"/><V55/><F123/><W70/><G105/><T17/><D74/><U24/><E119/><V122/><F122/><W115/><G120/><T28/><D121/><U97/><E111/><V66/><F117/><W39/><G118/><T99/><D116/><U87/><E130/><N who="2" m="49707" /><F4/><W3/><G3/><T76/><D110/><U54/><E25/><V16/><F108/><W80/><G132/><T7/><D134/><U15/><E24/><V21/><F66/><N who="3" m="41303" /><G80/><T34/><D7/><U89/><E89/><N who="2" m="53543" /><F21/><W91/><G91/><T127/><D64/><U92/><E107/><V9/><F9/><W85/><G85/><T46/><D86/><U23/><E19/><V5/><F5/><W40/><G115/><T27/><D31/><U1/><E1/><V135/><F135/><W57/><G75/><T6/><D6/><U93/><E83/><V114/><F114/><W42/><G73/><T79/><D79/><U68/><E68/><V112/><F112/><W95/><G95/><T78/><D78/><U22/><E23/><V10/><F10/><W0/><G0/><T65/><D65/><U56/><AGARI ba="1,1" hai="15,18,22,32,35,49,54,56,87,88,92,93,97,101" machi="56" ten="20,8000,1" yaku="0,1,7,1,25,2,54,1" doraHai="61" who="1" fromWho="1" sc="51,-21,277,93,547,-41,115,-21" /><INIT seed="7,0,0,4,2,40" ten="30,370,506,94" oya="3" hai0="109,54,20,13,86,29,9,100,12,19,135,73,74" hai1="66,10,62,104,80,68,55,32,125,129,83,4,11" hai2="50,101,123,119,107,82,114,92,16,112,85,42,90" hai3="14,34,1,30,27,134,124,126,103,59,132,118,95"/><W79/><G79/><T37/><D109/><U127/><E104/><V39/><F39/><W94/><G118/><T89/><D135/><N who="3" m="51753" /><G1/><T88/><D100/><U15/><E32/><V60/><F123/><W57/><G14/><T53/><D37/><U36/><E36/><V51/><F119/><W56/><G103/><T81/><D29/><U120/><E120/><V75/><F60/><W58/><N who="3" m="14848" /><DORA hai="122" /><W65/><G65/><T35/><D35/><U69/><E69/><V49/><F114/><W31/><G31/><T45/><D89/><U8/><E15/><V93/><F112/><W22/><G34/><T91/><D91/><U18/><E66/><V72/><F72/><W97/><G97/><T7/><REACH who="0" step="1"/><D54/><REACH who="0" ten="20,370,506,94" step="2"/><U52/><E55/><V48/><F101/><W106/><G106/><T43/><D43/><U67/><E52/><V116/><F85/><W96/><G96/><T44/><D44/><U113/><E67/><V130/><F116/><W77/><G77/><T5/><D5/><U64/><E4/><V71/><F107/><W3/><G3/><T46/><D46/><U84/><E64/><V131/><F42/><W17/><G30/><T111/><D111/><U25/><E113/><V108/><F108/><W23/><G17/><T99/><D99/><U110/><E18/><V105/><F16/><W128/><G126/><T115/><D115/><U28/><E127/><V0/><F0/><W76/><G124/><T98/><D98/><U2/><E125/><V41/><F41/><W47/><G76/><T133/><D133/><U21/><E2/><V6/><F6/><RYUUKYOKU ba="0,1" sc="20,30,370,-10,506,-10,94,-10" hai0="7,9,12,13,19,20,45,53,73,74,81,86,88" owari="50,-45.0,360,16.0,506,61.0,84,-32.0" /></mjloggm>