<mjloggm ver="2.3"><GO type="169" lobby="0"/><UN n0="%EF%BC%88%E2%89%A7%E2%96%BD%E2%89%A6%EF%BC%89" n1="%E6%B0%97%E6%A5%BD%E3%81%AB%E6%89%93%E3%81%A4" n2="%E4%B8%80%E7%94%9F%E6%87%B8%E5%91%BD" n3="%E3%82%82%E3%81%A3%E3%81%97%E3%83%BC" dan="17,16,17,17" rate="2141.52,2155.05,2183.50,2131.07" sx="M,M,M,M"/><TAIKYOKU oya="0"/><INIT seed="0,0,0,0,5,21" ten="250,250,250,250" oya="0" hai0="8,51,53,97,76,78,114,133,31,91,4,119,20" hai1="120,17,121,104,132,70,129,2,24,19,42,115,3" hai2="93,65,44,62,81,64,122,98,80,68,117,1,11" hai3="36,30,84,87,71,113,13,83,34,0,112,33,16"/><T101/><D119/><U14/><E70/><V85/><F122/><N who="1" m="47209" /><E104/><V50/><F117/><W106/><G0/><N who="1" m="42" /><E42/><V103/><F65/><W61/><G106/><T130/><D91/><U72/><E72/><V94/><F94/><W95/><G36/><T9/><D101/><U75/><E75/><V125/><F125/><W134/><G134/><T47/><D133/><U135/><E129/><V32/><F32/><W67/><G34/><T127/><D127/><U107/><E107/><V7/><F85/><W99/><G84/><T27/><D130/><U69/><E69/><V118/><F118/><W63/><G63/><T89/><D9/><N who="1" m="6351" /><E115/><V100/><F103/><W96/><G96/><T52/><D114/><U116/><E116/><V23/><F81/><W105/><G105/><T66/><D66/><U48/><E48/><V90/><F80/><W58/><G71/><T73/><D73/><U124/><E124/><V22/><F100/><W60/><G60/><T55/><D89/><U82/><E82/><V26/><F50/><W56/><G83/><T92/><D92/><U41/><E41/><V74/><F74/><W88/><G87/><T49/><D97/><U102/><E102/><V59/><F68/><N who="3" m="42095" /><G113/><T5/><D53/><U10/><E10/><V12/><F93/><W111/><G112/><T79/><D8/><U77/><E77/><V6/><F98/><W38/><G99/><T110/><D78/><U123/><N who="1" m="47217" /><U128/><DORA hai="39" /><E128/><V46/><F64/><W40/><G95/><T109/><D79/><U35/><E19/><V54/><F62/><W18/><G18/><RYUUKYOKU ba="0,0" sc="250,-10,250,30,250,-10,250,-10" hai1="24,35,132,135" /><INIT seed="1,1,0,1,1,119" ten="240,280,240,240" oya="1" hai0="50,87,55,9,134,78,57,127,2,102,130,123,71" hai1="112,16,97,52,39,126,80,114,33,34,131,107,31" hai2="95,74,120,77,91,19,68,28,75,10,0,26,100" hai3="37,65,47,49,116,88,101,108,7,4,59,81,110"/><U69/><E126/><V41/><F68/><W43/><G101/><T109/><D71/><U122/><E131/><V12/><F100/><W22/><G116/><T105/><D127/><U15/><E69/><V61/><F120/><W86/><G22/><T84/><D123/><U64/><E64/><V121/><F121/><W51/><G37/><T103/><D130/><U44/><E122/><V99/><F61/><N who="3" m="38079" /><G51/><T70/><D70/><U60/><E80/><V8/><F41/><W67/><G67/><T128/><D128/><U58/><E107/><V24/><F77/><W23/><G23/><T104/><D104/><U92/><E39/><V135/><F135/><W14/><G14/><T66/><D134/><U54/><E44/><V63/><F63/><W17/><G17/><T46/><D105/><U124/><E54/><V25/><REACH who="2" step="1"/><F28/><REACH who="2" ten="240,280,230,240" step="2"/><W18/><G110/><T72/><D109/><U118/><E124/><V115/><F115/><W20/><G108/><T98/><D103/><U40/><E40/><V125/><F125/><W11/><G43/><T62/><D78/><U117/><E112/><V32/><F32/><W133/><G133/><T1/><D102/><U53/><E114/><V27/><N who="2" m="6656" /><DORA hai="48" /><V38/><F38/><W29/><G29/><T6/><D62/><U79/><E79/><V35/><F35/><N who="1" m="13321" /><E31/><V94/><F94/><W45/><G49/><T82/><D50/><U5/><E118/><V106/><F106/><W89/><G81/><T73/><D82/><U13/><E117/><V76/><F76/><W42/><G42/><T30/><D30/><U132/><E132/><RYUUKYOKU ba="1,1" sc="240,-10,280,-10,230,30,240,-10" hai2="0,8,10,12,19,74,75,91,95,99" /><INIT seed="2,2,1,3,2,33" ten="230,270,260,230" oya="2" hai0="42,26,22,108,19,83,24,32,59,44,63,25,47" hai1="120,101,82,1,36,103,2,58,11,65,115,50,121" hai2="85,75,9,94,92,57,18,127,88,39,31,5,132" hai3="99,17,131,0,113,66,45,102,10,4,43,27,54"/><V91/><F132/><W68/><G131/><T6/><D108/><U14/><E115/><V73/><F127/><W20/><G113/><T77/><D6/><U109/><E36/><V107/><F107/><W28/><G54/><T34/><D34/><U12/><E109/><V64/><F39/><W3/><G28/><T100/><D100/><N who="1" m="38475" /><E82/><V128/><F128/><W13/><G66/><T97/><D97/><U69/><E69/><V114/><F31/><W72/><G72/><T16/><D32/><U129/><E129/><V40/><F40/><W96/><G68/><T61/><D61/><N who="1" m="38071" /><E50/><V134/><F18/><W15/><G27/><N who="0" m="10315" /><D19/><N who="1" m="8607" /><E14/><V55/><F64/><W116/><G116/><T133/><D133/><U98/><E98/><V81/><F134/><W89/><G89/><T70/><D70/><U119/><E119/><V78/><F114/><W122/><G122/><AGARI ba="2,1" hai="1,2,120,121,122" m="8607,38071,38475" machi="122" ten="30,3900,0" yaku="13,1,52,2" doraHai="33" who="1" fromWho="3" sc="230,0,270,55,260,0,230,-45" /><INIT seed="3,0,0,1,4,31" ten="230,325,260,185" oya="3" hai0="29,82,10,28,83,64,17,61,114,76,116,40,130" hai1="109,49,117,104,120,131,127,60,27,99,111,45,118" hai2="67,41,13,36,15,8,97,66,51,102,58,33,50" hai3="30,119,6,133,16,108,81,126,92,68,86,93,44"/><W23/><G68/><T54/><D116/><N who="1" m="44651" /><E120/><V96/><F36/><W11/><G119/><T65/><D40/><N who="1" m="24743" /><E127/><V52/><F33/><W12/><G133/><T89/><D89/><U24/><E131/><V80/><F80/><W125/><G30/><T7/><D82/><U62/><E104/><V59/><F41/><W103/><G108/><N who="1" m="41546" /><E99/><V85/><F85/><W121/><G121/><T4/><D130/><U3/><E3/><V53/><F102/><W78/><G44/><T122/><D83/><U84/><E84/><V56/><F59/><W77/><G77/><T124/><D124/><N who="3" m="47721" /><G103/><T9/><D76/><U5/><E5/><V79/><F79/><W1/><AGARI ba="0,0" hai="1,6,11,12,16,23,78,81,86,92,93" m="47721" machi="1" ten="30,3000,0" yaku="18,1,54,1" doraHai="31" who="3" fromWho="3" sc="230,-10,325,-10,260,-10,185,30" /><INIT seed="3,1,0,2,2,92" ten="220,315,250,215" oya="3" hai0="127,5,49,54,23,73,103,69,71,17,58,21,59" hai1="65,89,29,47,100,35,50,57,12,39,88,77,7" hai2="84,70,14,2,120,107,66,105,83,116,25,132,91" hai3="101,106,110,62,41,82,22,129,111,93,118,0,126"/><W96/><G0/><T124/><D73/><U128/><E128/><V123/><F2/><W109/><G118/><T24/><D5/><U46/><E77/><V78/><F25/><W95/><G129/><T1/><D1/><U45/><E39/><V131/><F131/><W16/><G126/><N who="0" m="48171" /><D103/><U11/><E35/><V8/><F116/><W64/><G41/><T63/><D23/><U94/><E29/><V56/><F70/><N who="3" m="42263" /><G82/><T72/><D72/><U119/><E119/><V97/><F132/><W104/><G106/><T85/><D85/><U20/><E20/><V114/><F114/><W115/><G115/><T53/><AGARI ba="1,0" hai="17,21,24,49,53,54,58,59,63,69,71" m="48171" machi="53" ten="30,1100,0" yaku="18,1" doraHai="92" who="0" fromWho="0" sc="220,14,315,-4,250,-4,215,-6" /><INIT seed="4,0,0,2,0,0" ten="234,311,246,209" oya="0" hai0="50,19,107,21,114,122,4,108,97,110,88,42,126" hai1="81,29,26,9,66,8,10,59,133,34,130,46,54" hai2="27,38,77,17,40,47,118,7,113,48,80,56,41" hai3="39,116,89,35,95,90,123,62,12,105,52,121,11"/><T87/><D122/><N who="3" m="46601" /><G105/><T15/><D126/><U131/><E133/><V86/><F113/><W22/><G35/><T72/><D72/><U101/><E101/><V64/><F118/><W134/><G39/><T13/><D114/><U37/><E81/><V43/><F7/><N who="3" m="3199" /><G116/><T73/><D73/><U76/><E76/><V83/><F83/><W120/><G120/><T111/><D107/><U55/><E66/><V44/><F41/><W24/><G134/><T33/><D33/><U127/><E127/><V69/><F69/><W30/><G95/><N who="0" m="54687" /><D97/><U132/><E132/><V128/><F38/><W14/><G14/><N who="0" m="9463" /><D4/><U94/><E37/><V129/><F86/><W20/><G20/><T82/><D82/><U63/><E94/><V45/><F80/><W2/><G2/><T109/><D109/><U60/><REACH who="1" step="1"/><E46/><AGARI ba="0,0" hai="13,15,42,46,50,108,110,111" m="9463,54687" machi="46" ten="30,2900,0" yaku="10,1,54,1" doraHai="0" who="0" fromWho="1" sc="234,29,311,-29,246,0,209,0" /><INIT seed="4,1,0,2,3,100" ten="263,282,246,209" oya="0" hai0="72,123,3,122,113,0,47,98,21,124,15,48,94" hai1="96,44,50,69,88,80,5,95,70,39,114,110,36" hai2="18,102,84,109,51,105,32,89,60,86,104,90,59" hai3="34,19,23,22,1,63,42,6,75,40,133,58,49"/><T111/><D72/><U131/><E110/><V71/><F109/><W132/><G34/><T117/><D111/><U30/><E131/><V62/><F32/><W20/><G75/><T10/><D117/><U74/><E114/><V93/><F102/><W76/><G76/><T73/><D73/><U82/><E30/><V119/><F119/><W120/><G120/><T56/><D124/><U25/><E25/><V108/><F108/><W77/><G77/><T118/><D118/><U33/><E33/><V11/><F51/><W112/><G112/><T16/><D113/><U91/><E5/><V66/><F11/><N who="3" m="2511" /><G49/><T83/><D83/><U127/><E127/><V125/><F18/><W103/><G103/><N who="0" m="60887" /><D0/><U115/><E115/><V53/><REACH who="2" step="1"/><F125/><REACH who="2" ten="263,282,236,209" step="2"/><W106/><G19/><T2/><D123/><U54/><E50/><V99/><F99/><W27/><G27/><N who="0" m="14759" /><D122/><U85/><E96/><V29/><F29/><W130/><G130/><T68/><D48/><U13/><E39/><V4/><F4/><W64/><G42/><T107/><D10/><U92/><E36/><V7/><F7/><W65/><G40/><T28/><D3/><U52/><E44/><V67/><F67/><W24/><G65/><T57/><D47/><U26/><E26/><V135/><F135/><N who="3" m="51787" /><G24/><T81/><D2/><U78/><E13/><V61/><F61/><W129/><G129/><T116/><D15/><U46/><E46/><V37/><F37/><W101/><G101/><T8/><D116/><U79/><REACH who="1" step="1"/><E74/><REACH who="1" ten="263,272,236,209" step="2"/><V55/><F55/><W31/><G31/><T126/><D28/><U14/><E14/><RYUUKYOKU ba="1,2" sc="263,-30,272,10,236,10,209,10" hai1="52,54,69,70,78,79,80,82,85,88,91,92,95" hai2="53,59,60,62,66,71,84,86,89,90,93,104,105" hai3="20,22,23,58,63,64,106" /><INIT seed="5,2,2,5,0,59" ten="233,282,246,219" oya="1" hai0="18,123,109,16,2,132,127,73,72,108,20,133,110" hai1="35,85,80,29,87,125,3,36,7,33,86,68,47" hai2="121,78,102,55,23,25,63,13,6,119,40,114,94" hai3="111,77,62,93,126,131,99,64,34,101,107,4,21"/><U10/><E125/><V32/><F119/><W105/><G111/><T106/><D127/><U118/><E118/><V81/><F121/><W30/><G126/><T14/><D123/><U88/><E68/><V61/><F32/><W51/><G34/><T26/><D106/><U60/><E60/><N who="2" m="23115" /><F114/><W83/><G4/><T76/><D2/><U66/><E66/><V100/><F40/><W12/><G131/><T135/><REACH who="0" step="1"/><D76/><REACH who="0" ten="223,282,246,219" step="2"/><U117/><E117/><V28/><F94/><W98/><G107/><T84/><D84/><U24/><REACH who="1" step="1"/><E35/><REACH who="1" ten="223,272,246,219" step="2"/><V1/><F1/><W130/><G130/><T97/><D97/><U19/><E19/><V67/><F6/><W5/><G5/><T22/><AGARI ba="2,4" hai="14,16,18,20,22,26,72,73,108,109,110,132,133,135" machi="22" ten="40,8000,1" yaku="1,1,0,1,20,1,54,1,53,0" doraHai="59" doraHaiUra="38" who="0" fromWho="0" sc="223,126,272,-42,246,-22,219,-22" /><INIT seed="6,0,0,2,5,107" ten="349,230,224,197" oya="2" hai0="16,39,127,37,48,6,115,78,79,63,15,26,36" hai1="95,90,118,12,122,103,38,70,71,68,99,49,23" hai2="20,59,13,85,93,27,128,105,34,81,133,106,4" hai3="116,96,119,111,66,22,84,123,129,60,76,53,80"/><V120/><F120/><W51/><G123/><T25/><D127/><U21/><E122/><V104/><F128/><W31/><G111/><T100/><D100/><U8/><E38/><V64/><F133/><W41/><G41/><T55/><D6/><U62/><E118/><V30/><F93/><W50/><G129/><T28/><D63/><U5/><E49/><V45/><F45/><W9/><G9/><T97/><D97/><U11/><E62/><V46/><F46/><W61/><G61/><T92/><D92/><U0/><REACH who="1" step="1"/><E103/><REACH who="1" ten="349,220,224,197" step="2"/><V94/><F105/><W87/><G50/><T65/><D48/><U19/><AGARI ba="0,1" hai="0,5,8,11,12,19,21,23,68,70,71,90,95,99" machi="19" ten="30,4000,0" yaku="1,1,2,1,0,1,53,0" doraHai="107" doraHaiUra="113" who="1" fromWho="1" sc="349,-10,220,50,224,-20,197,-10" /><INIT seed="7,0,0,3,0,71" ten="339,270,204,187" oya="3" hai0="74,51,133,8,103,123,124,84,65,101,13,93,94" hai1="114,97,41,70,7,2,119,23,99,17,5,108,29" hai2="31,39,82,120,52,3,47,104,63,21,57,42,12" hai3="126,131,64,90,112,43,9,27,18,75,55,20,95"/><W81/><G131/><T98/><D74/><U61/><E108/><V89/><F3/><W117/><G117/><T118/><D118/><U96/><E119/><V127/><F104/><W125/><G64/><T68/><D123/><U134/><E114/><V33/><F120/><W40/><G112/><T132/><D124/><N who="3" m="47721" /><G9/><T22/><D22/><U62/><E134/><N who="0" m="51817" /><D51/><U135/><E135/><V45/><F127/><W72/><G55/><T128/><D128/><U87/><E29/><V102/><F33/><W44/><G81/><T53/><D53/><U56/><E70/><V111/><F82/><W32/><G32/><T100/><D65/><U54/><E2/><V88/><F52/><W48/><G40/><T121/><D68/><U83/><E41/><V107/><F42/><W85/><AGARI ba="0,0" hai="18,20,27,43,44,48,72,75,85,90,95" m="47721" machi="85" ten="30,1500,0" yaku="18,1" doraHai="71" who="3" fromWho="3" sc="339,-5,270,-5,204,-5,187,15" /><INIT seed="7,1,0,1,2,50" ten="334,265,199,202" oya="3" hai0="11,132,82,44,3,75,127,7,57,96,110,5,4" hai1="46,111,1,125,124,126,90,24,53,27,78,13,21" hai2="97,68,101,130,35,80,106,60,69,70,93,133,55" hai3="89,131,59,113,87,77,14,107,134,100,10,74,79"/><W45/><G134/><T8/><D110/><U104/><E111/><V115/><F133/><W19/><G131/><T109/><D109/><U29/><E1/><V58/><F130/><W25/><G113/><T122/><D122/><U47/><E104/><V76/><F35/><W94/><G74/><T86/><D75/><U121/><E121/><V40/><F115/><W33/><G45/><T31/><D132/><U16/><E78/><V22/><F40/><W64/><G100/><T116/><D116/><U119/><E119/><V12/><F106/><W39/><G39/><T83/><D127/><U67/><E67/><V114/><F114/><W51/><G107/><T41/><D31/><U43/><E90/><V128/><F128/><W15/><G15/><T0/><D5/><U66/><E66/><V32/><F32/><W120/><G120/><T129/><D129/><U56/><E43/><V117/><F117/><W54/><REACH who="3" step="1"/><G64/><REACH who="3" ten="334,265,199,192" step="2"/><T30/><D3/><U49/><REACH who="1" step="1"/><E27/><REACH who="1" ten="334,255,199,192" step="2"/><V6/><F101/><W36/><G36/><T103/><D0/><U81/><E81/><V63/><F80/><W99/><G99/><T23/><D82/><U38/><E38/><V26/><F97/><W85/><G85/><T65/><D86/><U92/><E92/><V84/><F93/><W2/><G2/><T71/><D83/><U98/><E98/><V88/><F84/><W42/><G42/><T61/><D41/><U135/><E135/><V112/><F112/><W91/><G91/><T72/><D96/><U118/><E118/><V18/><F88/><W48/><G48/><T95/><D65/><RYUUKYOKU ba="1,2" sc="334,-15,255,15,199,-15,192,15" hai1="13,16,21,24,29,46,47,49,53,56,124,125,126" hai3="10,14,19,25,33,51,54,59,77,79,87,89,94" /><INIT seed="7,2,2,2,1,36" ten="319,270,184,207" oya="3" hai0="98,74,47,35,133,109,91,83,56,120,31,1,3" hai1="18,68,71,67,122,118,106,121,8,46,24,54,84" hai2="93,11,12,95,6,124,60,70,123,69,55,78,63" hai3="13,43,2,14,101,9,92,81,51,66,27,20,22"/><W107/><G107/><T4/><D120/><N who="1" m="46187" /><E106/><V134/><F123/><W128/><G128/><T99/><D109/><U21/><E21/><V0/><F0/><W72/><G66/><T111/><D111/><U82/><E24/><V44/><F70/><W90/><G101/><T86/><D74/><U33/><E33/><V103/><F69/><W126/><G126/><T87/><D35/><U57/><E118/><V96/><F124/><W10/><G2/><T42/><D31/><U77/><E77/><V30/><F134/><W29/><G81/><T49/><D133/><U48/><E57/><V94/><F30/><W52/><G72/><T28/><D28/><U88/><E67/><V130/><F130/><W34/><G43/><T64/><D3/><U119/><E119/><V59/><F44/><N who="3" m="27751" /><G34/><T115/><D1/><U37/><E37/><V17/><F78/><W40/><G40/><T104/><D104/><U53/><E54/><N who="2" m="33911" /><F6/><N who="3" m="3255" /><G27/><T62/><D64/><U61/><E61/><V97/><F103/><W127/><G29/><T73/><D73/><U80/><E80/><V75/><F75/><W16/><G127/><T79/><D83/><U85/><E85/><AGARI ba="2,2" hai="10,14,16,20,22,85,90,92" m="3255,27751" machi="85" ten="30,5800,0" yaku="8,1,54,2" doraHai="36" who="3" fromWho="1" sc="319,0,270,-64,184,0,207,84" /><INIT seed="7,3,0,3,4,87" ten="319,206,184,291" oya="3" hai0="60,123,3,39,2,52,54,126,6,86,132,55,113" hai1="42,11,106,53,133,7,90,108,22,129,23,114,107" hai2="1,115,45,14,56,97,26,43,12,127,8,110,125" hai3="47,16,105,0,124,84,29,32,20,38,58,27,83"/><W34/><G105/><T46/><D123/><U109/><E133/><V88/><F110/><W13/><G0/><T76/><D132/><U98/><E114/><V101/><F115/><W31/><G124/><N who="2" m="47689" /><F26/><W72/><G72/><T33/><D33/><U49/><E129/><V51/><F101/><W120/><G120/><T67/><D39/><U66/><E42/><V93/><F56/><W117/><G117/><T78/><D46/><U75/><E75/><V63/><F63/><W57/><G31/><T96/><D96/><U30/><E109/><V91/><F91/><W25/><G34/><T36/><D36/><U59/><E108/><V82/><F82/><W80/><G80/><T41/><D113/><U111/><E111/><V9/><F9/><W19/><G47/><T104/><D60/><N who="1" m="38175" /><E107/><V99/><F97/><W103/><G103/><T40/><D104/><U68/><E68/><V62/><F62/><W81/><G38/><T21/><D126/><U73/><E73/><V64/><F64/><W79/><G81/><T102/><D67/><U131/><E131/><V5/><AGARI ba="3,0" hai="1,5,8,12,14,43,45,51,88,93,99" m="47689" machi="5" ten="30,4000,0" yaku="18,1,52,1,54,1" doraHai="87" who="2" fromWho="2" sc="319,-13,206,-13,184,49,291,-23" owari="306,41.0,193,-31.0,233,-17.0,268,7.0" /></mjloggm>