<mjloggm ver="2.3"><GO type="41"/><UN n0="%E5%AE%89%E7%89%8C%E3%81%AD%E3%83%BC%E3%81%A3%E3%81%99" n1="%E3%82%A6%E3%83%AB%E3%83%88%E3%83%A9%E7%AB%8B%E7%9B%B4" n2="%64%61%75" n3="%E7%A5%9E%E6%A7%98%E3%81%BA%E3%83%AC" dan="15,15,13,14" rate="2008,2012,1877,1927" sx="M,M,M,M"/><TAIKYOKU oya="0"/><INIT seed="0,0,0,0,3,135" ten="250,250,250,250" oya="0" hai0="55,48,80,60,33,122,120,8,25,88,31,100,6" hai1="73,57,77,12,49,129,2,72,40,79,95,81,103" hai2="3,50,99,9,89,34,113,76,112,38,83,47,123" hai3="24,14,101,114,108,90,43,52,1,124,36,85,35"/><T75/><D60/><U107/><E2/><V29/><F123/><W41/><G114/><T27/><D100/><U116/><E116/><V125/><F38/><W96/><G1/><T28/><D75/><U65/><E129/><V97/><F34/><W10/><G36/><T71/><D71/><U26/><E107/><V20/><F29/><W18/><G35/><T105/><D105/><U127/><E12/><V102/><F20/><W22/><G108/><T16/><D55/><U87/><E26/><V30/><F30/><W93/><G52/><T32/><D48/><U42/><E65/><V44/><F89/><W110/><G110/><T98/><D98/><N who="1" m="59871" /><E57/><V106/><F97/><W133/><G133/><T68/><D68/><U56/><E56/><V115/><F47/><W104/><REACH who="3" step="1"/><G124/><REACH who="3" ten="250,250,250,240" step="2"/><T23/><D120/><U19/><E40/><V78/><F125/><W53/><G53/><T11/><D122/><U37/><E42/><V74/><F112/><W119/><G119/><T54/><D54/><U62/><E37/><V118/><F118/><W51/><G51/><T92/><D80/><N who="1" m="45095" /><E49/><V15/><F50/><W64/><G64/><T82/><D82/><N who="1" m="45423" /><E62/><V46/><F113/><W94/><G94/><T67/><D67/><U117/><E117/><V109/><F115/><W128/><G128/><T126/><D126/><U59/><E127/><V70/><F70/><W4/><AGARI ba="0,1" hai="4,10,14,18,22,24,41,43,85,90,93,96,101,104" machi="4" ten="20,2700,0" yaku="1,1,0,1,7,1,53,0" doraHai="135" doraHaiUra="134" who="3" fromWho="3" sc="250,-13,250,-7,250,-7,240,37" /><INIT seed="1,0,0,3,1,2" ten="237,243,243,277" oya="1" hai0="66,13,51,17,96,40,124,72,129,76,109,95,0" hai1="103,21,23,14,88,26,132,24,100,125,1,84,12" hai2="7,101,105,39,79,34,112,44,37,108,9,115,45" hai3="82,116,57,69,52,77,20,86,110,18,48,107,67"/><U128/><E1/><V90/><F108/><W32/><G110/><T56/><D0/><U106/><E125/><V89/><F34/><W47/><G32/><T111/><D76/><U62/><E128/><V78/><F101/><N who="1" m="38985" /><E106/><V87/><F105/><W15/><G107/><T35/><D72/><U70/><E70/><V133/><F133/><W50/><G116/><T118/><D35/><U36/><E36/><V53/><F53/><W58/><G69/><T121/><D129/><U60/><E132/><V8/><F87/><W11/><G67/><T63/><D124/><U74/><E74/><V93/><F93/><W49/><G49/><T119/><D121/><U54/><E26/><V28/><F28/><W10/><G58/><T27/><D109/><U134/><E134/><V55/><F55/><AGARI ba="0,0" hai="10,11,15,18,20,47,48,50,52,55,57,77,82,86" machi="55" ten="30,3900,0" yaku="7,1,8,1,54,1" doraHai="2" who="3" fromWho="2" sc="237,0,243,0,243,-39,277,39" /><INIT seed="2,0,0,3,3,47" ten="237,243,204,316" oya="2" hai0="23,4,41,98,33,24,135,15,99,107,105,3,87" hai1="109,57,69,2,77,108,117,100,80,133,25,39,130" hai2="20,37,53,31,64,113,46,61,134,11,116,38,122" hai3="106,28,68,121,43,71,45,9,127,91,88,115,1"/><V62/><F122/><W27/><G121/><T104/><D33/><U51/><E2/><V123/><F123/><W111/><G106/><T70/><D3/><U74/><E69/><V36/><F116/><W92/><G111/><N who="1" m="42570" /><E39/><V22/><F113/><W63/><G127/><T13/><D70/><U52/><E117/><V112/><F112/><W49/><G115/><T50/><D135/><U96/><E133/><V60/><F134/><W132/><G63/><T120/><D87/><U34/><E130/><V82/><F64/><W44/><G91/><T30/><D120/><U101/><E96/><V21/><F11/><W42/><G9/><T73/><D73/><U83/><E83/><V56/><F82/><W0/><G68/><T86/><D86/><U90/><E90/><V114/><F46/><W14/><G71/><T32/><D32/><U110/><E110/><V65/><F114/><W40/><G14/><T67/><D67/><U72/><E72/><V8/><F8/><W102/><G102/><T66/><D66/><U16/><E34/><V103/><F65/><W78/><G78/><T59/><D98/><U126/><E126/><V58/><F103/><W97/><G43/><T6/><D41/><U5/><E5/><V19/><F31/><W76/><G76/><T125/><D6/><U29/><E29/><V93/><F93/><W94/><G94/><T26/><D4/><U131/><E131/><V79/><F79/><W84/><G97/><T18/><D99/><U124/><E124/><V10/><F53/><W95/><G132/><T128/><D125/><U89/><E89/><RYUUKYOKU ba="0,0" sc="237,-15,243,15,204,15,316,-15" hai1="16,25,51,52,57,74,77,80,100,101" hai2="10,19,20,21,22,36,37,38,56,58,60,61,62" /><INIT seed="2,1,0,0,2,23" ten="222,258,219,301" oya="2" hai0="34,72,10,107,109,17,110,51,88,114,13,55,11" hai1="127,79,37,96,81,41,45,47,80,60,3,5,70" hai2="14,117,49,8,135,67,85,28,7,30,27,134,122" hai3="0,20,19,52,31,29,108,6,104,89,101,9,61"/><V126/><F122/><W93/><G108/><N who="0" m="41579" /><D34/><U50/><E127/><V1/><F67/><W44/><G104/><T59/><D107/><U132/><E132/><V32/><F126/><W12/><G101/><T83/><D114/><U91/><E80/><V56/><F117/><W38/><G38/><T98/><D72/><U113/><E113/><V21/><F85/><W46/><G46/><T86/><D98/><U120/><E120/><V43/><F43/><W65/><G44/><T58/><D58/><U97/><E91/><V131/><F131/><W118/><G118/><T128/><D11/><N who="1" m="2495" /><E60/><V106/><F106/><W62/><G62/><T66/><D66/><U24/><E70/><V100/><F100/><W103/><G103/><T90/><D90/><U133/><E133/><N who="2" m="50699" /><F49/><W22/><G65/><T119/><D119/><U82/><E82/><V112/><F56/><W71/><G71/><T2/><D2/><U84/><E50/><V115/><F30/><W16/><G31/><T121/><D121/><U129/><E47/><V111/><F111/><W15/><G29/><T78/><D78/><U87/><E45/><V33/><F33/><W40/><G40/><T4/><D4/><U57/><E41/><V63/><F63/><W54/><G61/><T18/><D18/><AGARI ba="1,0" hai="1,7,8,14,18,21,27,28,32,112,115" m="50699" machi="18" ten="30,12000,1" yaku="24,1,20,1,34,2,52,1" doraHai="23" who="2" fromWho="0" sc="222,-123,258,0,219,123,301,0" /><INIT seed="2,2,0,4,0,65" ten="99,258,342,301" oya="2" hai0="54,90,78,39,134,106,101,47,29,70,10,88,15" hai1="92,103,80,32,104,18,55,1,26,71,0,113,59" hai2="63,98,38,121,120,36,45,115,3,37,123,73,95" hai3="130,16,96,75,135,131,5,27,126,125,4,129,48"/><V72/><F115/><W9/><G75/><T21/><D78/><U82/><E104/><V40/><F3/><W51/><G96/><T77/><D77/><U19/><E113/><V58/><F72/><W46/><G46/><T49/><D39/><U133/><E133/><V111/><F73/><W69/><G69/><T33/><D33/><U108/><E108/><V85/><F85/><W12/><G51/><T74/><D74/><U41/><E41/><V11/><F11/><W24/><G48/><T112/><D112/><U99/><E71/><V110/><F95/><W42/><G42/><T20/><D70/><U100/><E100/><V84/><F84/><W91/><G91/><T25/><D21/><N who="1" m="13623" /><E32/><V117/><F98/><W22/><G27/><T64/><D64/><U14/><E1/><V94/><F94/><W114/><G114/><T83/><D134/><U76/><E0/><V97/><F97/><W127/><G135/><T119/><D119/><U52/><E76/><V53/><F117/><W8/><G8/><T93/><D106/><U67/><E67/><V50/><AGARI ba="2,0" hai="36,37,38,40,45,50,53,58,63,110,111,120,121,123" machi="50" ten="50,12000,1" yaku="0,1,34,3" doraHai="65" who="2" fromWho="2" sc="99,-42,258,-42,342,126,301,-42" /><INIT seed="2,3,0,0,4,69" ten="57,216,468,259" oya="2" hai0="130,47,73,4,97,96,40,32,74,2,37,56,6" hai1="61,19,3,72,11,127,24,53,67,126,106,57,129" hai2="123,122,20,52,82,94,103,79,118,90,111,107,87" hai3="30,62,59,58,12,110,34,8,48,9,102,133,14"/><V5/><F5/><W99/><G133/><T70/><D130/><U117/><E106/><V42/><F118/><W51/><G110/><T104/><D56/><U33/><E117/><V88/><F42/><W54/><G34/><T112/><D96/><U7/><E72/><V132/><F132/><W120/><G30/><T13/><D13/><N who="3" m="5225" /><G120/><T98/><D98/><U84/><E129/><V1/><F1/><W71/><G71/><T27/><D6/><U86/><E19/><V125/><F125/><N who="1" m="47625" /><E24/><V68/><F68/><W55/><G62/><T134/><D134/><U50/><E33/><V15/><F15/><W28/><G28/><N who="0" m="19487" /><D112/><U128/><E128/><V35/><F20/><W89/><G102/><N who="0" m="62543" /><D70/><AGARI ba="3,0" hai="3,7,11,50,53,57,61,67,70,84,86" m="47625" machi="70" ten="30,1000,0" yaku="18,1" doraHai="69" who="1" fromWho="0" sc="57,-19,216,19,468,0,259,0" /><INIT seed="3,0,0,1,0,32" ten="38,235,468,259" oya="3" hai0="9,112,100,92,8,88,13,111,127,72,93,19,71" hai1="114,130,76,120,61,105,62,104,24,47,48,90,31" hai2="58,6,73,28,132,33,27,117,55,17,118,81,14" hai3="52,53,131,7,57,16,30,10,35,125,116,89,82"/><W123/><G116/><T11/><D72/><U75/><E120/><V43/><F43/><W84/><G123/><T65/><D112/><U36/><E114/><V25/><F73/><W38/><G38/><T2/><D127/><U63/><E36/><V83/><F132/><W135/><G125/><T59/><D71/><U70/><E70/><V60/><F6/><W50/><G135/><T96/><D111/><U46/><E130/><V77/><F27/><W18/><G131/><T99/><D2/><U108/><E108/><V0/><F0/><W67/><G67/><T56/><REACH who="0" step="1"/><D65/><REACH who="0" ten="28,235,468,259" step="2"/><U129/><E129/><V44/><F117/><W103/><G103/><T85/><D85/><U133/><E133/><V97/><F97/><W86/><G86/><T54/><D54/><U23/><E75/><V80/><F44/><W69/><G69/><T1/><D1/><U94/><E47/><V20/><F118/><W15/><G53/><T107/><D107/><U126/><E126/><V98/><F98/><W66/><G66/><T78/><D78/><U26/><E76/><V119/><F119/><W3/><G3/><T91/><D91/><U49/><E104/><V68/><F68/><W79/><G79/><T113/><D113/><U109/><E105/><V115/><F115/><W22/><G35/><T21/><AGARI ba="0,1" hai="8,9,11,13,19,21,56,59,88,92,93,96,99,100" machi="21" ten="30,7900,0" yaku="1,1,0,1,8,1,54,1,53,0" doraHai="32" doraHaiUra="41" who="0" fromWho="0" sc="28,89,235,-20,468,-20,259,-39" /><INIT seed="4,0,0,3,3,40" ten="117,215,448,220" oya="0" hai0="121,82,65,112,105,47,11,123,19,0,45,53,44" hai1="10,22,35,12,120,126,133,30,86,72,7,88,21" hai2="26,39,71,36,115,91,125,9,97,25,119,113,132" hai3="31,59,76,75,80,107,94,64,42,2,104,52,117"/><T17/><D105/><U128/><E72/><V18/><F119/><W6/><G117/><T27/><D65/><U50/><E120/><V15/><F71/><W103/><G31/><T87/><D0/><U89/><E126/><V68/><F125/><W129/><G64/><T23/><D121/><U110/><E110/><V41/><F68/><W13/><G129/><T43/><D123/><U20/><E128/><V28/><F132/><W73/><G73/><T66/><D66/><U83/><E133/><V135/><F26/><W16/><G42/><T127/><D127/><U131/><E131/><V111/><F111/><W101/><G6/><T1/><D43/><U98/><E35/><V96/><F135/><W48/><G2/><T5/><D112/><N who="2" m="43082" /><F41/><W106/><REACH who="3" step="1"/><G94/><REACH who="3" ten="117,215,448,210" step="2"/><T102/><D102/><U24/><E50/><V8/><F8/><AGARI ba="0,1" hai="8,13,16,48,52,59,75,76,80,101,103,104,106,107" machi="8" ten="40,8000,1" yaku="1,1,2,1,54,2,53,1" doraHai="40" doraHaiUra="55" who="3" fromWho="2" sc="117,0,215,0,448,-80,210,90" /><INIT seed="5,0,0,5,2,81" ten="117,215,368,300" oya="1" hai0="92,134,135,15,101,94,17,67,84,61,39,77,53" hai1="76,105,95,69,90,34,29,7,75,128,102,117,97" hai2="51,127,121,9,131,133,132,36,120,18,126,25,28" hai3="3,30,35,68,44,70,10,130,12,26,65,98,46"/><U88/><E69/><V19/><F36/><W0/><G130/><T21/><D39/><U40/><E117/><V123/><F51/><W8/><G65/><T66/><D101/><U31/><E128/><V42/><F42/><W113/><G98/><T122/><D122/><U78/><E40/><V109/><F131/><W37/><G113/><T115/><D115/><U80/><E34/><V24/><F109/><W59/><G59/><T124/><D124/><N who="2" m="47658" /><F24/><W64/><G64/><T89/><D77/><N who="1" m="44095" /><E29/><V48/><F48/><W45/><G37/><T91/><D53/><U41/><E31/><V55/><F55/><W85/><G12/><T33/><D33/><U57/><E41/><V5/><F5/><W74/><G44/><T129/><D129/><U96/><E7/><V79/><F79/><N who="1" m="30249" /><E57/><V119/><F119/><W23/><G68/><T20/><D20/><U38/><E38/><V43/><F43/><W1/><G70/><T73/><D73/><U114/><E114/><V49/><F49/><W11/><G74/><T71/><REACH who="0" step="1"/><D67/><REACH who="0" ten="107,215,368,300" step="2"/><U110/><E110/><V2/><F9/><W63/><G35/><T106/><D106/><U62/><E62/><V116/><F116/><W86/><G63/><T72/><D72/><U125/><E125/><V60/><F60/><W58/><G8/><T111/><D111/><U13/><E13/><V93/><F120/><W52/><G10/><T87/><AGARI ba="0,1" hai="15,17,21,61,66,71,84,87,89,91,92,94,134,135" machi="87" ten="30,8000,1" yaku="1,1,0,1,9,1,52,2,53,0" doraHai="81" doraHaiUra="107" who="0" fromWho="0" sc="107,90,215,-40,368,-20,300,-20" /><INIT seed="6,0,0,3,5,91" ten="197,175,348,280" oya="2" hai0="92,83,122,113,37,32,100,41,104,38,25,127,116" hai1="10,81,80,115,68,51,59,63,52,11,22,70,121" hai2="33,16,77,105,29,123,90,93,66,23,4,12,85" hai3="30,87,21,111,50,94,20,128,46,132,2,53,124"/><V102/><F123/><W97/><G111/><T114/><D32/><U119/><E119/><V79/><F66/><W55/><G2/><T73/><D25/><U133/><E121/><V9/><F105/><W42/><G124/><T76/><D41/><U125/><E125/><V130/><F130/><W56/><G128/><T65/><D65/><U118/><E118/><V135/><F135/><W61/><G132/><T129/><D38/><U134/><E133/><V43/><F102/><N who="3" m="60727" /><G30/><T18/><D37/><U17/><E134/><V74/><F43/><W0/><G0/><T47/><D18/><U13/><E115/><N who="0" m="44041" /><D47/><U106/><E106/><V117/><F117/><W26/><G26/><T57/><D57/><U109/><E109/><V112/><F112/><W96/><G96/><N who="0" m="61447" /><D129/><U8/><E68/><V3/><F74/><W75/><G75/><T110/><D127/><U101/><E101/><V6/><F4/><W49/><G42/><T84/><D110/><U78/><E70/><V58/><F58/><W89/><G61/><T44/><D44/><U69/><E69/><V98/><F98/><W60/><G60/><T67/><D67/><U120/><E120/><V62/><F62/><W88/><G87/><T108/><D122/><U1/><E1/><V107/><F107/><W28/><G28/><T5/><D5/><U34/><E34/><V72/><F72/><W24/><G24/><AGARI ba="0,0" hai="3,6,9,12,16,23,24,29,33,77,79,85,90,93" machi="24" ten="40,12000,1" yaku="24,2,52,1,54,1" doraHai="91" who="2" fromWho="3" sc="197,0,175,0,348,120,280,-120" /><INIT seed="6,1,0,4,4,77" ten="197,175,468,160" oya="2" hai0="125,7,111,48,46,54,91,53,71,34,25,43,3" hai1="2,10,69,57,12,31,102,58,118,121,23,66,117" hai2="119,5,21,24,95,30,65,6,27,105,59,130,63" hai3="113,14,0,56,109,82,15,26,96,68,107,47,76"/><V106/><F119/><W79/><G68/><T127/><D71/><U67/><E69/><V51/><F130/><W86/><G0/><T132/><D7/><U52/><E2/><V28/><F105/><W29/><G109/><T45/><D3/><U75/><E75/><V22/><F106/><W16/><G113/><T74/><D74/><U87/><E121/><V60/><F63/><W72/><G47/><T37/><D91/><U92/><E58/><V114/><F114/><W20/><G56/><T99/><D99/><N who="1" m="59751" /><E117/><V4/><F51/><W85/><G76/><T122/><D25/><N who="1" m="16831" /><E87/><V81/><F95/><W90/><G15/><T73/><D34/><U35/><E35/><V126/><F126/><W70/><G70/><T93/><D93/><U94/><E94/><V42/><F42/><W19/><G19/><T115/><D73/><U36/><E36/><V50/><F50/><W108/><G108/><T97/><D97/><U134/><E134/><V40/><F40/><W84/><G107/><T131/><D111/><U88/><E88/><V41/><F41/><W9/><REACH who="3" step="1"/><G96/><REACH who="3" ten="197,175,468,150" step="2"/><T98/><D98/><U100/><E118/><V103/><F103/><W8/><G8/><T104/><D104/><U32/><E100/><V116/><F116/><W17/><G17/><T120/><D115/><U13/><E13/><V64/><F64/><W1/><G1/><T44/><D132/><U62/><E67/><V133/><F133/><W129/><G129/><T55/><D131/><U83/><E66/><V80/><AGARI ba="1,1" hai="4,5,6,21,22,24,27,28,30,59,60,65,80,81" machi="80" ten="30,12000,1" yaku="0,1,9,1,8,1,52,2" doraHai="77" who="2" fromWho="2" sc="197,-41,175,-41,468,133,150,-41" /><INIT seed="6,2,0,3,0,15" ten="156,134,601,109" oya="2" hai0="72,51,13,27,103,9,0,81,108,62,56,16,4" hai1="39,79,17,131,53,126,111,58,31,112,30,119,100" hai2="74,37,122,26,35,48,88,125,65,134,115,43,120" hai3="110,70,118,86,105,36,107,80,1,124,94,116,66"/><V5/><F74/><W75/><G66/><T133/><D108/><U41/><E111/><V102/><F37/><W83/><G36/><T114/><D114/><U89/><E119/><N who="3" m="45610" /><G70/><T64/><D133/><U91/><E112/><V24/><F134/><W45/><G1/><T71/><D103/><U10/><E41/><V135/><F135/><W18/><G45/><T61/><D51/><U109/><E39/><V93/><F102/><W113/><G18/><T21/><D81/><N who="3" m="31305" /><G110/><T8/><D72/><U85/><E109/><V127/><F115/><W68/><G68/><T87/><D87/><U19/><E19/><V96/><F65/><W12/><G12/><T132/><D132/><U49/><E17/><V33/><F5/><W3/><G3/><T28/><REACH who="0" step="1"/><D62/><REACH who="0" ten="146,134,601,109" step="2"/><U6/><E49/><V106/><F48/><W95/><G113/><T82/><D82/><U29/><E85/><V42/><F43/><W47/><G86/><T25/><D25/><U44/><E79/><V34/><F42/><W121/><G75/><T99/><D99/><U22/><E91/><V69/><F24/><W84/><G84/><T20/><D20/><U60/><E89/><V101/><F26/><W32/><G32/><T59/><AGARI ba="2,1" hai="0,4,8,9,13,16,21,27,28,56,59,61,64,71" machi="59" ten="30,7900,0" yaku="1,1,0,1,52,1,54,1,53,0" doraHai="15" doraHaiUra="46" who="0" fromWho="0" sc="146,95,134,-22,601,-41,109,-22" /><INIT seed="7,0,0,0,4,112" ten="241,112,560,87" oya="3" hai0="46,73,122,38,85,68,130,42,71,111,3,123,17" hai1="90,72,5,64,95,96,131,127,118,29,84,115,32" hai2="2,0,128,93,101,113,106,18,121,100,67,48,135" hai3="15,10,12,9,44,19,33,124,30,40,107,70,97"/><W50/><G70/><T126/><D85/><U47/><E72/><V87/><F113/><W22/><G124/><T88/><D88/><U49/><E115/><V120/><F128/><W6/><G33/><T98/><D98/><U75/><E75/><V110/><F110/><W13/><G30/><T79/><D17/><U52/><E127/><V57/><F135/><W8/><G107/><T80/><D111/><U103/><E131/><V1/><F106/><W60/><G97/><T114/><D126/><U54/><E118/><V63/><F48/><W45/><G60/><T28/><D130/><U86/><E64/><V102/><F18/><W74/><G74/><T41/><D114/><U21/><E32/><V53/><F53/><W134/><G134/><T59/><D59/><U56/><E5/><V125/><F125/><W34/><G34/><T61/><D28/><U133/><E133/><V14/><F14/><W104/><G104/><T27/><D27/><N who="1" m="16623" /><E90/><V69/><F69/><W11/><REACH who="3" step="1"/><G45/><REACH who="3" ten="241,112,560,77" step="2"/><N who="0" m="23735" /><D71/><U39/><E39/><V35/><F35/><W16/><AGARI ba="0,1" hai="6,8,9,10,11,12,13,15,16,19,22,40,44,50" machi="16" ten="20,12000,1" yaku="1,1,0,1,7,1,8,1,54,1,53,0" doraHai="112" doraHaiUra="24" who="3" fromWho="3" sc="241,-40,112,-40,560,-40,77,130" /><INIT seed="7,1,0,3,3,104" ten="201,72,520,207" oya="3" hai0="132,107,20,75,5,17,56,40,123,89,61,14,133" hai1="99,55,109,52,22,111,37,4,80,6,28,97,73" hai2="95,125,101,130,67,76,70,32,96,91,27,121,131" hai3="63,58,30,85,88,54,49,51,13,115,93,100,117"/><W82/><G117/><T25/><D107/><U0/><E22/><V43/><F121/><W18/><G115/><T1/><D75/><U87/><E87/><V86/><F43/><W98/><REACH who="3" step="1"/><G30/><REACH who="3" ten="201,72,520,197" step="2"/><T44/><D123/><U24/><E28/><N who="2" m="19487" /><F125/><W90/><G90/><T7/><D89/><U124/><E124/><V135/><F76/><W106/><G106/><T72/><D72/><U2/><E73/><V21/><F135/><N who="0" m="51786" /><D1/><U122/><E122/><V48/><F91/><W112/><G112/><T59/><D14/><U66/><E0/><V38/><F101/><W62/><G62/><T60/><D60/><U119/><E2/><V126/><F126/><W23/><AGARI ba="1,1" hai="13,18,23,49,51,54,58,63,82,85,88,93,98,100" machi="23" ten="20,18000,2" yaku="1,1,0,1,7,1,8,1,54,1,53,1" doraHai="104" doraHaiUra="92" who="3" fromWho="3" sc="201,-61,72,-61,520,-61,197,193" /><INIT seed="7,2,0,5,3,43" ten="140,11,459,390" oya="3" hai0="36,19,48,65,92,22,38,122,101,129,24,114,56" hai1="6,49,57,46,25,32,121,52,23,85,71,128,135" hai2="72,106,74,132,117,123,125,68,108,54,17,104,47" hai3="30,14,103,18,100,60,75,27,51,0,12,13,115"/><W3/><G75/><T120/><D92/><U58/><E121/><V2/><RYUUKYOKU type="yao9" ba="2,0" sc="140,0,11,0,459,0,390,0" hai2="2,17,47,54,68,72,74,104,106,108,117,123,125,132" /><INIT seed="7,3,0,0,2,46" ten="140,11,459,390" oya="3" hai0="32,86,114,0,112,21,126,64,132,39,59,127,111" hai1="37,23,35,92,85,100,14,41,17,25,57,103,73" hai2="67,121,90,18,31,47,48,3,15,19,52,22,5" hai3="56,69,70,2,97,36,95,84,115,108,83,135,105"/><W8/><G105/><T120/><D86/><U40/><E73/><V109/><F121/><W106/><G106/><T38/><D21/><U53/><E37/><N who="0" m="13833" /><D32/><U87/><E35/><V119/><F109/><W101/><G36/><T54/><D0/><U77/><E87/><V102/><F102/><W76/><G108/><T125/><D111/><U118/><E118/><V11/><F119/><W50/><G135/><T75/><D75/><U16/><E77/><V79/><F79/><W4/><G115/><N who="0" m="44075" /><D120/><U58/><E58/><V94/><F67/><W128/><G128/><T134/><D64/><U29/><E29/><V88/><F31/><W20/><G20/><T44/><D44/><U33/><E33/><V80/><F80/><W43/><G2/><T124/><N who="0" m="32256" /><DORA hai="96" /><T6/><D6/><U89/><E41/><V45/><F90/><W51/><G4/><T10/><D10/><N who="1" m="6231" /><E40/><V93/><F18/><W55/><G8/><T49/><AGARI ba="3,0" hai="49,54,59,132,134" m="32256,44075,13833" machi="49" ten="70,12000,2" yaku="15,1,11,1,18,1,34,2,52,1" doraHai="46,96" who="0" fromWho="0" sc="140,129,11,-33,459,-33,390,-63" owari="269,-13.0,-22,-52.0,426,52.0,327,13.0" /></mjloggm>