<mjloggm ver="2.3"><GO type="169" lobby="0"/><UN n0="%EF%BC%88%E2%89%A7%E2%96%BD%E2%89%A6%EF%BC%89" n1="%E6%98%A5%E6%97%A5%E3%81%8B%E3%82%8C%E3%82%93" n2="%E3%81%9D%E3%81%AE%EF%BC%91%EF%BD%90%E5%BD%93%E3%81%9F%E3%82%8A%E3%81%A0" n3="%47%61%4B%75" dan="18,16,16,16" rate="2257.46,2032.06,2083.51,2062.21" sx="M,F,M,M"/><TAIKYOKU oya="0"/><INIT seed="0,0,0,2,2,39" ten="250,250,250,250" oya="0" hai0="26,7,60,104,88,30,44,101,98,8,78,81,5" hai1="33,120,54,72,31,112,66,57,1,133,67,47,108" hai2="4,121,42,46,59,65,105,118,53,123,0,63,14" hai3="113,69,24,122,35,6,58,132,25,83,56,27,68"/><T3/><D5/><U19/><E72/><V95/><F105/><W127/><G6/><T128/><D128/><U41/><E1/><V94/><F0/><W55/><G83/><T49/><D60/><U110/><E120/><V52/><F118/><W117/><G117/><T15/><D3/><U51/><E133/><V38/><F95/><W28/><G132/><T116/><D116/><U124/><E124/><V18/><F4/><W61/><G127/><T115/><D115/><U106/><E106/><V74/><F74/><W96/><G113/><T75/><D88/><U45/><E112/><V129/><F129/><W76/><G76/><T89/><D89/><U23/><E31/><V79/><F79/><W16/><G122/><T73/><D81/><U109/><E33/><V10/><F53/><W97/><G28/><T21/><REACH who="0" step="1"/><D78/><REACH who="0" ten="240,250,250,250" step="2"/><U91/><E91/><V37/><F94/><W80/><G80/><T48/><D48/><U12/><REACH who="1" step="1"/><E47/><REACH who="1" ten="240,240,250,250" step="2"/><V40/><F121/><W119/><G119/><T29/><D29/><U20/><E20/><V130/><F123/><W102/><G35/><T34/><D34/><U84/><E84/><V99/><F130/><W17/><G102/><T126/><D126/><U36/><AGARI ba="0,2" hai="12,19,23,36,41,45,51,54,57,66,67,108,109,110" machi="36" ten="30,7900,0" yaku="1,1,0,1,14,1,52,1,53,0" doraHai="39" doraHaiUra="86" who="1" fromWho="1" sc="240,-39,240,99,250,-20,250,-20" /><INIT seed="1,0,0,4,2,119" ten="201,339,230,230" oya="1" hai0="32,5,38,128,78,102,98,42,69,18,68,111,95" hai1="20,62,27,110,19,57,44,91,76,100,16,117,96" hai2="33,55,12,28,81,15,112,72,118,60,130,90,48" hai3="127,79,0,23,132,107,87,134,22,126,125,85,92"/><U73/><E117/><V131/><F118/><W8/><G107/><T17/><D32/><U7/><E110/><V70/><F28/><W104/><G104/><T2/><D111/><U116/><E116/><V43/><F33/><W82/><G0/><T37/><D128/><N who="2" m="49194" /><F43/><W1/><G1/><T88/><D78/><U29/><E7/><V54/><F112/><W80/><G8/><T103/><D42/><U63/><E63/><V36/><F36/><W30/><G92/><T13/><D2/><U120/><E91/><V50/><F50/><W101/><G101/><T133/><D133/><N who="3" m="51305" /><G30/><T4/><D95/><U109/><E109/><V11/><F11/><W6/><G6/><T121/><D13/><U41/><E76/><AGARI ba="0,0" hai="22,23,76,79,80,82,85,87,125,126,127" m="51305" machi="76" ten="40,2600,0" yaku="18,1,20,1" doraHai="119" who="3" fromWho="1" sc="201,0,339,-26,230,0,230,26" /><INIT seed="2,0,0,0,0,59" ten="201,313,230,256" oya="2" hai0="54,56,10,99,114,13,33,128,82,61,44,91,77" hai1="76,7,83,109,68,24,45,75,106,38,15,55,89" hai2="12,36,127,42,8,20,93,31,32,60,30,129,1" hai3="17,14,97,16,123,64,74,115,110,73,118,112,86"/><V69/><F36/><W71/><G118/><T105/><D114/><N who="3" m="43561" /><G123/><T58/><D128/><U70/><E106/><V40/><F129/><W52/><G110/><T2/><D33/><U122/><E122/><V19/><F127/><W111/><G111/><T121/><D2/><U53/><E109/><V130/><F130/><W26/><G26/><T81/><D121/><U66/><E24/><N who="2" m="18535" /><F93/><W3/><G3/><T6/><D44/><U124/><E124/><V29/><F42/><W28/><G28/><N who="2" m="10857" /><F40/><W41/><G41/><T67/><D77/><U22/><E38/><V57/><F69/><W39/><G39/><T21/><D21/><U84/><E68/><V43/><F43/><W108/><G108/><T47/><D47/><U103/><E70/><V46/><F46/><W0/><G0/><T23/><D23/><U113/><E113/><V11/><F57/><W96/><G86/><T94/><REACH who="0" step="1"/><D105/><REACH who="0" ten="191,313,230,256" step="2"/><U92/><E22/><V25/><F1/><W134/><G134/><T116/><D116/><U78/><E45/><V50/><F50/><AGARI ba="0,1" hai="6,10,13,50,54,56,58,61,67,81,82,91,94,99" machi="50" ten="30,8000,1" yaku="1,1,7,1,8,1,52,1,53,1" doraHai="59" doraHaiUra="51" who="0" fromWho="2" sc="191,90,313,0,230,-80,256,0" /><INIT seed="3,0,0,3,4,64" ten="281,313,150,256" oya="3" hai0="95,10,125,88,102,60,16,66,108,49,110,118,116" hai1="133,51,109,89,11,42,83,106,5,37,70,13,36" hai2="78,14,77,1,124,32,23,132,40,21,85,69,117" hai3="50,86,24,104,82,127,19,96,94,73,119,131,18"/><W27/><G119/><T45/><D102/><U93/><E106/><V56/><F117/><W72/><G104/><T112/><D112/><U2/><E133/><V120/><F32/><W9/><G127/><T38/><D38/><U105/><E105/><V134/><F1/><W90/><G131/><T68/><D125/><U47/><E109/><N who="0" m="42089" /><D10/><U35/><E35/><V12/><F124/><W57/><G73/><T71/><D16/><N who="3" m="6185" /><G72/><T34/><D34/><U122/><E122/><V115/><F120/><W31/><G9/><T100/><D100/><U41/><E41/><V62/><F40/><W81/><G81/><T58/><D118/><U79/><E2/><V3/><F3/><W107/><G107/><T26/><D26/><U25/><E25/><V123/><F123/><W39/><G39/><T65/><D65/><U80/><E70/><V63/><F115/><W91/><G31/><T30/><D30/><U103/><E103/><V29/><F29/><W126/><G126/><T128/><D128/><U87/><REACH who="1" step="1"/><E83/><REACH who="1" ten="281,303,150,256" step="2"/><V46/><F69/><W4/><G4/><T101/><D101/><U15/><E15/><V135/><F135/><W98/><G24/><T61/><D116/><U6/><E6/><V54/><F134/><W74/><G27/><T17/><D17/><U130/><E130/><V111/><F132/><W76/><G82/><T28/><D28/><U92/><E92/><V20/><F111/><W52/><G94/><T53/><D60/><U0/><E0/><V67/><F63/><W48/><G50/><T97/><AGARI ba="0,1" hai="45,49,53,58,61,66,68,71,88,95,97" m="42089" machi="97" ten="30,7900,0" yaku="14,1,52,2,54,1" doraHai="64" who="0" fromWho="0" sc="281,89,303,-20,150,-20,256,-39" /><INIT seed="4,0,0,5,3,52" ten="370,283,130,217" oya="0" hai0="39,99,14,57,16,4,2,23,68,48,78,19,7" hai1="27,69,62,86,94,117,126,84,91,114,24,25,96" hai2="127,89,43,1,123,116,70,82,21,10,15,73,125" hai3="111,64,9,54,92,13,93,38,124,31,28,104,30"/><T133/><D39/><U71/><E117/><V100/><F70/><W66/><G104/><T18/><D68/><U6/><E126/><N who="2" m="48139" /><F100/><W5/><G124/><T74/><D2/><U36/><E36/><V32/><F116/><W119/><G119/><T33/><D33/><U60/><E114/><V77/><F123/><W29/><G38/><T90/><D133/><U8/><E69/><V3/><F32/><W135/><G135/><T130/><D130/><U45/><E45/><V51/><F21/><W129/><G129/><T17/><D78/><U63/><REACH who="1" step="1"/><E71/><REACH who="1" ten="370,273,130,217" step="2"/><V56/><F56/><W113/><G113/><T37/><D37/><U41/><E41/><V115/><F43/><W59/><N who="3" m="7680" /><DORA hai="55" /><W20/><G111/><T128/><D128/><U85/><E85/><V47/><F115/><W46/><G46/><T72/><D72/><U11/><E11/><V105/><F47/><W42/><G42/><T88/><D74/><U95/><E95/><N who="3" m="36426" /><G20/><T26/><D23/><U61/><N who="1" m="15872" /><DORA hai="22" /><U35/><E35/><V0/><F73/><W58/><G54/><T67/><D57/><AGARI ba="0,1" hai="5,9,13,57,58,59,64,66" m="36426,7680" machi="57" ten="40,12000,2" yaku="8,1,52,6" doraHai="52,55,22" who="3" fromWho="0" sc="370,-120,273,0,130,0,217,130" /><INIT seed="5,0,0,0,0,114" ten="250,273,130,347" oya="1" hai0="17,130,96,12,118,111,44,54,99,77,62,134,60" hai1="92,122,10,41,103,69,27,42,64,115,86,47,11" hai2="61,53,22,68,132,50,7,70,85,14,109,76,80" hai3="116,2,127,19,15,83,88,81,100,104,131,73,79"/><U121/><E115/><V9/><F109/><W24/><G2/><T125/><D111/><U63/><E42/><V74/><F132/><W16/><G104/><T3/><D134/><U67/><E64/><V23/><F74/><W8/><G100/><T46/><D3/><U102/><E102/><V38/><F38/><W128/><G127/><T26/><D125/><U48/><E27/><V5/><F5/><W66/><G66/><T135/><D135/><U18/><E10/><V119/><F119/><W39/><G39/><T35/><D118/><U29/><E29/><V107/><F107/><W28/><G116/><T95/><D77/><U106/><E106/><V91/><F61/><N who="0" m="23658" /><D35/><U98/><E86/><V78/><F70/><W108/><G108/><T32/><D32/><U4/><REACH who="1" step="1"/><E18/><REACH who="1" ten="250,263,130,347" step="2"/><V94/><F68/><W112/><G112/><T36/><D26/><U21/><E21/><V1/><F1/><AGARI ba="0,1" hai="1,4,11,41,47,48,63,67,69,92,98,103,121,122" machi="1" ten="30,5800,0" yaku="1,1,7,1,53,1" doraHai="114" doraHaiUra="34" who="1" fromWho="2" sc="250,0,263,68,130,-58,347,0" /><INIT seed="5,1,0,4,5,31" ten="250,331,72,347" oya="1" hai0="59,55,57,8,20,132,49,74,86,110,83,46,61" hai1="22,39,104,63,9,114,62,48,67,26,77,122,101" hai2="6,118,135,112,81,65,119,30,84,40,87,124,134" hai3="93,99,1,32,78,126,51,60,27,91,125,88,131"/><U108/><E122/><V64/><F40/><W0/><G78/><T90/><D110/><U107/><E39/><V41/><F41/><W69/><G131/><T92/><D132/><N who="2" m="50730" /><F6/><W43/><G91/><T25/><D74/><U127/><E108/><V50/><F50/><W117/><G117/><N who="2" m="44553" /><F124/><N who="3" m="47723" /><G69/><T33/><D33/><U115/><E48/><V13/><F13/><W98/><G60/><T70/><D8/><U5/><E63/><V79/><F30/><N who="3" m="19551" /><G99/><N who="0" m="57751" /><D70/><U123/><E127/><V37/><F37/><W11/><G11/><T113/><D61/><U89/><E62/><V17/><F17/><W82/><G82/><T7/><D83/><U130/><E9/><V2/><F2/><W94/><G94/><T47/><D49/><U103/><E67/><N who="2" m="25675" /><F112/><W133/><G133/><T111/><D113/><U109/><E115/><V38/><F38/><W72/><G72/><AGARI ba="1,0" hai="72,79,81,84,87" m="25675,44553,50730" machi="72" ten="30,1000,0" yaku="20,1" doraHai="31" who="2" fromWho="3" sc="250,0,331,0,72,13,347,-13" /><INIT seed="6,0,0,5,4,56" ten="250,331,85,334" oya="2" hai0="102,76,62,49,74,53,14,123,109,108,88,32,52" hai1="97,118,65,19,105,3,43,103,27,30,38,6,23" hai2="60,122,58,8,95,125,17,121,1,26,50,72,124" hai3="91,13,75,45,31,61,113,98,106,68,11,93,37"/><V112/><F72/><W120/><G120/><T34/><D123/><U41/><E118/><V44/><F112/><W0/><G0/><T115/><D115/><U35/><E38/><V40/><F95/><W96/><G75/><T57/><D102/><U54/><E54/><V10/><F122/><W116/><G116/><T131/><D131/><U117/><E117/><V15/><F121/><W127/><G127/><N who="2" m="48713" /><F26/><W87/><G31/><T104/><D104/><U89/><E89/><V99/><F99/><W86/><G113/><T129/><D129/><U81/><E81/><V59/><F60/><W9/><G98/><T92/><D14/><N who="1" m="9719" /><E65/><V134/><F134/><W111/><G111/><T55/><D76/><U5/><E5/><AGARI ba="0,0" hai="1,5,8,10,15,17,40,44,50,58,59" m="48713" machi="5" ten="30,1500,0" yaku="18,1" doraHai="56" who="2" fromWho="1" sc="250,0,331,-15,85,15,334,0" /><INIT seed="6,1,0,2,4,15" ten="250,316,100,334" oya="2" hai0="105,129,107,102,23,78,5,54,126,4,13,120,106" hai1="84,9,18,58,21,98,41,72,61,109,38,27,135" hai2="37,127,30,47,62,56,101,11,49,123,83,26,88" hai3="43,44,1,71,75,80,93,95,74,85,119,60,82"/><V67/><F123/><W73/><G1/><T94/><D120/><U114/><E72/><V52/><F127/><W8/><G119/><T51/><D126/><U59/><E109/><V63/><F101/><W89/><G8/><T65/><D65/><U125/><E125/><V35/><F37/><W36/><G71/><T68/><D68/><U111/><E111/><V20/><F11/><W96/><REACH who="3" step="1"/><G60/><REACH who="3" ten="250,316,100,324" step="2"/><T48/><D5/><U53/><E135/><V112/><F112/><W57/><G57/><T39/><D4/><U97/><E58/><V70/><F35/><W132/><G132/><T131/><D131/><U40/><E9/><V90/><REACH who="2" step="1"/><F83/><REACH who="2" ten="250,316,90,324" step="2"/><W19/><G19/><T46/><D129/><U104/><E18/><V14/><F14/><W66/><G66/><AGARI ba="1,2" hai="20,26,30,47,49,52,56,62,63,66,67,70,88,90" machi="66" ten="30,12000,1" yaku="1,1,7,1,54,2,53,1" doraHai="15" doraHaiUra="50" who="2" fromWho="3" sc="250,0,316,0,90,143,324,-123" /><INIT seed="6,2,0,1,4,81" ten="250,316,233,201" oya="2" hai0="111,87,35,84,131,56,89,94,90,55,101,68,127" hai1="50,97,30,25,42,99,113,10,104,23,13,63,61" hai2="83,7,24,6,73,15,85,66,18,103,122,11,112" hai3="3,27,26,128,62,5,1,59,108,72,116,129,78"/><V96/><F122/><W33/><G116/><T32/><D68/><U46/><E113/><V118/><F118/><W125/><G78/><T47/><D111/><U82/><E82/><V102/><F112/><W22/><G72/><T134/><D134/><U133/><E133/><V95/><F66/><W52/><G108/><T107/><D131/><N who="3" m="50249" /><G125/><T43/><D127/><U31/><E31/><V106/><F24/><N who="3" m="9259" /><G22/><T60/><D101/><U38/><E38/><V17/><F7/><W132/><G132/><T36/><D107/><U4/><E104/><V9/><F9/><N who="3" m="2223" /><G3/><T92/><AGARI ba="2,0" hai="32,35,36,43,47,55,56,60,84,87,89,90,92,94" machi="92" ten="20,8000,1" yaku="0,1,7,1,9,1,52,2" doraHai="81" who="0" fromWho="0" sc="250,86,316,-22,233,-42,201,-22" /><INIT seed="7,0,0,3,5,47" ten="336,294,191,179" oya="3" hai0="124,51,83,112,119,64,80,21,18,118,6,130,0" hai1="135,62,75,34,16,106,111,114,97,7,36,67,38" hai2="127,133,37,19,22,49,128,20,123,50,69,29,72" hai3="10,2,25,61,46,88,129,110,17,107,77,59,52"/><W68/><G107/><T14/><D124/><U122/><E122/><V84/><F37/><W1/><G77/><T134/><D134/><U108/><E75/><V66/><F72/><W33/><G129/><T109/><D109/><U35/><E135/><V48/><F133/><W132/><G132/><T96/><D130/><U24/><E114/><V115/><F128/><W27/><G110/><T11/><D112/><U98/><E7/><V15/><F115/><W58/><G68/><T40/><D64/><U55/><E55/><V45/><F127/><W31/><G46/><N who="0" m="26055" /><D0/><U90/><E97/><V104/><F104/><W91/><G59/><T76/><D119/><U103/><E90/><V9/><F123/><W30/><G17/><T82/><D118/><U41/><E34/><V53/><F84/><W43/><G43/><T26/><D96/><U81/><E81/><V13/><F66/><W5/><REACH who="3" step="1"/><G1/><REACH who="3" ten="336,294,191,169" step="2"/><T65/><D65/><U93/><E106/><V8/><F69/><W99/><G99/><T71/><D71/><U121/><E16/><N who="2" m="8239" /><F29/><W116/><G116/><T117/><D117/><U42/><E111/><V32/><F32/><AGARI ba="0,1" hai="2,5,10,25,27,30,31,32,33,52,58,61,88,91" machi="32" ten="30,12000,1" yaku="1,1,7,1,9,1,54,2,53,0" doraHai="47" doraHaiUra="105" who="3" fromWho="2" sc="336,0,294,0,191,-120,169,130" /><INIT seed="7,1,0,3,2,64" ten="336,294,71,299" oya="3" hai0="49,54,116,67,46,129,28,74,91,81,0,135,56" hai1="89,72,78,87,38,123,35,9,15,110,132,29,133" hai2="112,8,37,99,76,92,33,86,119,51,113,61,44" hai3="80,52,53,108,77,40,66,1,31,7,5,18,88"/><W83/><G31/><T97/><D0/><U134/><E38/><V20/><F33/><W57/><G66/><T42/><D116/><U75/><E123/><V69/><F37/><W50/><G40/><T55/><D135/><U130/><E110/><V13/><F119/><W10/><G108/><T30/><D129/><U14/><E130/><V6/><F20/><W98/><G5/><T121/><D121/><U128/><E128/><V71/><F61/><W62/><G18/><T93/><D74/><U19/><E15/><V32/><F32/><W90/><G98/><T100/><D67/><U120/><E78/><V126/><F126/><W21/><G21/><T27/><D27/><N who="1" m="18879" /><E120/><V43/><F112/><W68/><G68/><T101/><D54/><U17/><E19/><V124/><F124/><W103/><G103/><N who="0" m="39499" /><D81/><AGARI ba="1,0" hai="9,14,17,72,75,81,87,89,132,133,134" m="18879" machi="81" ten="30,1000,0" yaku="20,1" doraHai="64" who="1" fromWho="0" sc="336,-13,294,13,71,0,299,0" owari="323,42.0,307,11.0,71,-43.0,299,-10.0" /></mjloggm>