<mjloggm ver="2.3"><GO type="41"/><UN n0="%E3%83%94%E3%82%B1" n1="%E3%82%A6%E3%83%AB%E3%83%88%E3%83%A9%E7%AB%8B%E7%9B%B4" n2="%E7%BE%85%E5%89%9B%E6%81%A9" n3="%6B%6F%74%61%70%72%6F" dan="16,15,13,15" rate="2032,1940,1819,1976" sx="M,M,M,M"/><TAIKYOKU oya="0"/><INIT seed="0,0,0,0,4,116" ten="250,250,250,250" oya="0" hai0="1,50,75,83,37,78,120,81,7,95,71,51,126" hai1="133,13,69,76,34,88,41,44,18,22,14,30,17" hai2="47,61,56,72,31,29,103,91,43,128,38,6,58" hai3="135,3,114,25,12,82,127,131,19,105,73,48,9"/><T108/><D71/><U60/><E76/><V90/><F72/><W45/><G114/><T132/><D132/><U21/><E133/><V106/><F128/><W20/><G135/><T10/><D126/><U8/><E60/><V46/><F6/><W112/><G112/><T129/><D129/><U66/><E66/><V28/><F47/><W101/><G127/><T134/><D134/><U74/><E74/><V5/><F5/><W85/><G73/><T55/><D83/><U16/><E69/><V80/><F80/><W35/><G131/><T11/><D11/><U130/><E130/><V115/><F115/><W70/><G70/><T100/><D108/><U32/><E44/><V59/><REACH who="2" step="1"/><F61/><REACH who="2" ten="250,250,240,250" step="2"/><W33/><G3/><T104/><D75/><U96/><E41/><V4/><F4/><W84/><G82/><T53/><D81/><U93/><REACH who="1" step="1"/><E30/><REACH who="1" ten="250,240,240,250" step="2"/><V67/><F67/><W0/><G0/><T62/><D62/><U119/><E119/><V27/><F27/><AGARI ba="0,2" hai="8,13,14,16,17,18,21,22,27,32,34,88,93,96" machi="27" ten="30,7700,0" yaku="1,1,7,1,54,2,53,0" doraHai="116" doraHaiUra="121" who="1" fromWho="2" sc="250,0,240,97,240,-77,250,0" /><INIT seed="1,0,0,4,3,72" ten="250,337,163,250" oya="1" hai0="68,131,130,86,84,85,92,28,54,105,27,45,10" hai1="43,116,14,42,126,94,80,90,121,96,17,6,0" hai2="36,3,123,120,46,30,65,31,76,15,98,93,81" hai3="122,103,12,97,20,19,118,13,4,24,79,35,89"/><U33/><E121/><V66/><F3/><W57/><G122/><T108/><D105/><U107/><E33/><V61/><F123/><W88/><G118/><T23/><D68/><U83/><E116/><V109/><F120/><W39/><G39/><T133/><D108/><U29/><E29/><V41/><F109/><W110/><G110/><T21/><D133/><U82/><E126/><V114/><F114/><W58/><G35/><T1/><D23/><U119/><E119/><V71/><F66/><W2/><G2/><T124/><D124/><U48/><E107/><V128/><F128/><N who="0" m="49194" /><D45/><U69/><E69/><V60/><F60/><W95/><G13/><T51/><D51/><U73/><E0/><V32/><F32/><W132/><G132/><T26/><D26/><U74/><E6/><V47/><F47/><W52/><G58/><T34/><D54/><U91/><E48/><V5/><F5/><W11/><G79/><T127/><D127/><U104/><E104/><V44/><F44/><W22/><G20/><T87/><D87/><U50/><E50/><AGARI ba="0,0" hai="4,11,12,19,22,24,50,52,57,88,89,95,97,103" machi="50" ten="30,7700,0" yaku="7,1,8,1,54,2" doraHai="72" who="3" fromWho="1" sc="250,0,337,-77,163,0,250,77" /><INIT seed="2,0,0,3,1,47" ten="250,260,163,327" oya="2" hai0="8,128,98,43,85,36,74,35,48,129,112,103,65" hai1="117,15,124,57,69,18,102,109,56,31,96,121,11" hai2="13,87,22,77,105,46,135,130,17,64,45,16,66" hai3="51,88,107,71,50,106,29,41,104,80,83,99,75"/><V95/><F105/><W32/><G71/><T5/><D74/><U3/><E117/><V120/><F120/><W2/><G2/><T132/><D35/><U118/><E69/><V38/><F130/><N who="0" m="50282" /><D112/><U127/><E118/><V54/><F135/><W21/><G32/><T72/><D72/><U34/><E121/><V23/><F38/><W131/><G131/><T68/><D36/><U63/><E3/><V25/><F95/><W37/><G37/><T115/><D115/><U73/><E73/><V93/><F93/><W9/><G41/><T133/><D85/><U125/><E109/><V114/><F114/><W89/><G9/><T108/><D108/><U100/><E31/><V97/><F97/><W67/><G67/><T113/><D113/><U59/><E34/><V14/><F25/><W7/><G7/><T84/><D84/><U28/><E28/><V53/><F87/><W6/><G6/><T24/><D24/><U86/><E86/><V119/><F119/><W55/><G55/><T116/><D116/><U0/><E0/><V94/><F94/><W91/><G99/><T123/><D123/><U76/><E76/><AGARI ba="0,0" hai="13,14,16,17,22,23,45,46,53,54,64,66,76,77" machi="76" ten="25,9600,0" yaku="22,2,8,1,54,1" doraHai="47" who="2" fromWho="1" sc="250,0,260,-96,163,96,327,0" /><INIT seed="2,1,0,5,0,5" ten="250,164,259,327" oya="2" hai0="85,121,33,10,108,70,41,106,4,73,44,36,123" hai1="35,38,24,95,28,53,22,6,23,64,2,8,103" hai2="127,131,97,7,0,124,18,56,100,42,52,43,65" hai3="51,134,14,57,15,31,58,132,9,67,66,98,117"/><V84/><F0/><W83/><G117/><T99/><D85/><U69/><E38/><V78/><F7/><W116/><G116/><T110/><D70/><U45/><E64/><V39/><F18/><W50/><G98/><T104/><D33/><U91/><E69/><V46/><F78/><W19/><G83/><T119/><D119/><U96/><E45/><N who="2" m="23775" /><F84/><W88/><G31/><T129/><D73/><U80/><E53/><V135/><F97/><W133/><G88/><T122/><D129/><U79/><REACH who="1" step="1"/><E91/><REACH who="1" ten="250,154,259,327" step="2"/><V72/><F100/><W107/><G67/><T112/><D112/><U55/><E55/><V81/><F65/><W47/><G66/><T27/><D123/><U109/><E109/><V111/><F111/><W26/><G134/><T93/><D122/><U25/><E25/><V76/><F135/><W130/><G26/><T62/><D121/><U74/><AGARI ba="1,1" hai="2,6,8,22,23,24,28,35,74,79,80,95,96,103" machi="74" ten="20,5200,0" yaku="1,1,0,1,7,1,52,1,53,0" doraHai="5" doraHaiUra="114" who="1" fromWho="1" sc="250,-14,154,65,259,-27,327,-14" /><INIT seed="3,0,0,2,1,52" ten="236,219,232,313" oya="3" hai0="129,112,51,72,5,3,58,59,104,109,34,71,19" hai1="133,77,93,56,55,15,44,4,1,108,22,115,25" hai2="14,47,50,31,69,113,86,8,35,79,45,20,111" hai3="128,81,118,127,96,12,94,39,110,33,125,131,38"/><W105/><G33/><T130/><D71/><U114/><E108/><V23/><F69/><W107/><G12/><T29/><D109/><U116/><E133/><V16/><F111/><W67/><G110/><T36/><D36/><N who="3" m="13865" /><G81/><T126/><D104/><N who="3" m="40009" /><G67/><T49/><D72/><U83/><E44/><V92/><F113/><W103/><G118/><T61/><D126/><AGARI ba="0,0" hai="94,96,103,125,126,127,128,131" m="40009,13865" machi="126" ten="40,2000,0" yaku="18,1" doraHai="52" who="3" fromWho="0" sc="236,-20,219,0,232,0,313,20" /><INIT seed="3,1,0,0,4,128" ten="216,219,232,333" oya="3" hai0="65,89,90,32,42,78,39,77,11,2,58,73,96" hai1="23,28,119,118,50,49,7,14,61,63,36,109,34" hai2="95,47,16,85,122,135,45,120,134,84,104,41,1" hai3="102,112,25,114,105,59,72,13,88,108,81,71,3"/><W69/><G3/><T17/><D32/><U24/><E36/><V31/><F1/><W9/><G108/><T87/><D73/><U75/><E75/><V111/><F31/><W37/><G37/><T99/><D39/><U33/><E61/><V110/><F16/><W101/><G25/><T54/><D42/><U107/><E107/><V124/><F41/><W68/><G59/><T74/><D65/><U113/><E63/><V82/><F82/><W115/><G105/><T100/><D74/><U52/><E49/><V55/><F104/><W60/><G60/><T86/><D2/><U0/><E113/><V133/><F55/><W123/><G123/><N who="2" m="47145" /><F124/><W30/><G30/><T21/><D11/><N who="1" m="2535" /><E109/><N who="2" m="41483" /><F95/><W117/><G117/><N who="1" m="44554" /><E14/><V92/><F92/><W53/><G53/><T4/><D54/><U80/><E80/><V48/><F48/><W19/><REACH who="3" step="1"/><G72/><REACH who="3" ten="216,219,232,323" step="2"/><T20/><D58/><AGARI ba="1,1" hai="23,24,28,33,34,50,52,58" m="44554,2535" machi="58" ten="30,2000,0" yaku="12,1,54,1" doraHai="128" who="1" fromWho="0" sc="216,-23,219,33,232,0,323,0" /><INIT seed="4,0,0,3,2,59" ten="193,252,232,323" oya="0" hai0="28,120,127,126,49,124,81,15,45,60,112,34,93" hai1="94,5,66,33,7,80,65,97,54,16,107,104,1" hai2="88,135,47,30,111,19,76,21,71,89,73,87,115" hai3="14,35,123,61,12,75,64,8,113,26,46,25,110"/><T103/><D120/><U51/><E33/><V13/><F111/><W72/><G110/><T20/><D112/><U68/><E104/><V69/><F115/><W55/><G113/><T83/><D34/><U105/><E107/><V128/><F128/><W96/><G123/><T27/><D15/><U18/><E105/><V41/><F135/><W50/><G96/><T67/><D103/><U17/><E80/><V133/><F133/><W57/><G14/><T102/><D102/><U36/><E36/><V84/><F73/><W22/><G35/><T37/><D37/><U108/><E108/><V24/><F76/><W3/><G3/><T53/><REACH who="0" step="1"/><D93/><REACH who="0" ten="183,252,232,323" step="2"/><U39/><E39/><V42/><F71/><AGARI ba="0,1" hai="20,27,28,45,49,53,60,67,71,81,83,124,126,127" machi="71" ten="40,12000,1" yaku="1,1,2,1,18,1,52,1,53,1" doraHai="59" doraHaiUra="58" who="0" fromWho="2" sc="183,130,252,0,232,-120,323,0" /><INIT seed="4,1,0,2,5,93" ten="313,252,112,323" oya="0" hai0="24,105,11,99,92,56,10,115,103,114,68,91,133" hai1="121,130,117,45,13,72,33,134,12,22,60,26,14" hai2="62,100,129,98,97,80,35,82,3,81,107,112,57" hai3="2,15,125,94,131,63,101,42,132,54,38,61,90"/><T88/><D68/><U43/><E72/><V67/><F35/><W18/><G2/><T31/><D133/><U8/><E117/><V16/><F3/><W79/><G132/><T17/><D56/><U40/><E121/><V102/><F129/><W106/><G131/><T66/><D66/><U109/><E109/><V39/><F39/><W23/><G125/><T96/><D91/><U49/><E33/><V110/><F110/><W89/><G106/><T64/><D64/><U51/><E130/><V6/><F6/><W34/><G34/><N who="0" m="20839" /><D17/><U70/><E134/><V1/><F1/><W37/><G101/><T52/><D52/><U41/><E60/><V78/><F112/><AGARI ba="1,0" hai="10,11,88,92,96,99,103,105,112,114,115" m="20839" machi="112" ten="30,11600,0" yaku="15,1,52,2,54,1" doraHai="93" who="0" fromWho="2" sc="313,119,252,0,112,-119,323,0" owari="432,54.0,252,-15.0,-7,-51.0,323,12.0" /></mjloggm>