<mjloggm ver="2.3"><GO type="41"/><UN n0="%E3%81%BE%E3%81%95%E3%82%8B%EF%BC%91%EF%BC%90%EF%BC%91%EF%BC%90" n1="%E3%82%A6%E3%83%AB%E3%83%88%E3%83%A9%E7%AB%8B%E7%9B%B4" n2="%E5%85%AB%E8%A7%92%E5%BD%A2" n3="%E3%83%9D%E3%83%86%E3%81%A1" dan="15,15,13,13" rate="1995,1980,1863,1839" sx="M,M,M,M"/><TAIKYOKU oya="0"/><INIT seed="0,0,0,2,3,99" ten="250,250,250,250" oya="0" hai0="25,129,116,43,113,70,17,85,44,2,103,119,52" hai1="88,24,62,45,94,108,41,21,95,64,55,10,4" hai2="13,54,23,50,128,3,120,35,81,84,125,75,73" hai3="66,134,106,42,77,126,65,78,135,69,18,47,102"/><T96/><D113/><U68/><E55/><V117/><F120/><W118/><G118/><T109/><D2/><U59/><E68/><V33/><F117/><W82/><G126/><T86/><D129/><U61/><E108/><V58/><F125/><W72/><G78/><T121/><D121/><U27/><E61/><V90/><F128/><W93/><G93/><T87/><D70/><U5/><E94/><V56/><F3/><W91/><G91/><T1/><D1/><U110/><E110/><V6/><F33/><W22/><G69/><T30/><D17/><U57/><E57/><V97/><F35/><W8/><G8/><T76/><D76/><U132/><E132/><N who="3" m="50730" /><G102/><T67/><D67/><U124/><E124/><V20/><F73/><W15/><G106/><T104/><D109/><U71/><E71/><V74/><F74/><W38/><AGARI ba="0,0" hai="15,18,22,38,42,47,65,66,72,77,82" m="50730" machi="38" ten="30,1100,0" yaku="20,1" doraHai="99" who="3" fromWho="3" sc="250,-5,250,-3,250,-3,250,11" /><INIT seed="1,0,0,5,1,101" ten="245,247,247,261" oya="1" hai0="107,126,76,37,91,55,21,79,69,75,71,6,44" hai1="121,58,106,1,0,80,27,83,113,97,32,132,51" hai2="25,78,46,63,60,3,116,124,89,9,35,72,33" hai3="23,40,70,39,108,82,41,67,104,102,115,74,81"/><U134/><E121/><V114/><F116/><W29/><G115/><T34/><D21/><U123/><E123/><V30/><F114/><W50/><G108/><T68/><D107/><U105/><E113/><V22/><F124/><W15/><G70/><T95/><D126/><U127/><E127/><V16/><F46/><W2/><G67/><T125/><D34/><U53/><E27/><V49/><F35/><W61/><G2/><N who="1" m="1130" /><E32/><V43/><F43/><W12/><G61/><T93/><D93/><U8/><E8/><V109/><F49/><W19/><G39/><T28/><D28/><U45/><E97/><V56/><F109/><W84/><G74/><T62/><D75/><U65/><E65/><V66/><F63/><W59/><G104/><N who="1" m="40042" /><E58/><V122/><F122/><W129/><G102/><T86/><D71/><U73/><E73/><V47/><F47/><W7/><G129/><T135/><D69/><U90/><E90/><V133/><F78/><W5/><G29/><T112/><D79/><U85/><E85/><V111/><F72/><W57/><G50/><T119/><D76/><U99/><E99/><V103/><F89/><W96/><G96/><T87/><D91/><U94/><E94/><V18/><F103/><W14/><G84/><T17/><D87/><U117/><E117/><V52/><F111/><W110/><G110/><T42/><D86/><U48/><E48/><V131/><F66/><W130/><G130/><T98/><D119/><U26/><E26/><V128/><F33/><W88/><G88/><T120/><D112/><U92/><E92/><V38/><F131/><RYUUKYOKU ba="0,0" sc="245,-10,247,30,247,-10,261,-10" hai1="45,51,53,80,83,132,134" /><INIT seed="1,1,0,2,4,13" ten="235,277,237,251" oya="1" hai0="28,113,45,38,111,105,75,53,17,5,78,92,112" hai1="26,101,134,125,72,63,91,69,85,118,110,131,89" hai2="40,96,90,36,76,48,7,37,73,8,109,106,117" hai3="127,64,122,27,32,99,15,10,97,54,80,16,74"/><U65/><E72/><V94/><F117/><W83/><G122/><T81/><D105/><U20/><E118/><V4/><F109/><W98/><G127/><T102/><D111/><U51/><E110/><V104/><F4/><W46/><G64/><T87/><D5/><U135/><E125/><V121/><F121/><W29/><REACH who="3" step="1"/><G74/><REACH who="3" step="2"/><T2/><D75/><U88/><E131/><V82/><F104/><W21/><G21/><T86/><D113/><U25/><E85/><V108/><F106/><W130/><G130/><T9/><D112/><U67/><E67/><V119/><F108/><W115/><G115/><T49/><D28/><U100/><E51/><AGARI ba="1,1" hai="10,15,16,27,29,32,46,51,54,80,83,97,98,99" machi="51" ten="40,5200,0" yaku="1,1,52,1,54,1,53,0" doraHai="13" doraHaiUra="133" who="3" fromWho="1" sc="235,0,277,-55,237,0,241,65" /><INIT seed="2,0,0,5,2,13" ten="235,222,237,306" oya="2" hai0="114,104,62,23,131,50,94,79,51,58,45,135,24" hai1="80,82,41,69,107,32,44,129,36,4,54,53,11" hai2="5,20,68,87,49,67,106,118,77,27,9,122,120" hai3="56,108,39,17,96,76,47,12,105,63,48,15,6"/><V78/><F118/><W124/><G108/><T37/><D104/><U95/><E107/><V0/><F106/><W72/><G124/><T91/><D114/><U29/><E69/><V102/><F102/><W89/><G39/><T101/><D135/><U33/><E129/><V134/><F134/><W123/><G123/><T100/><D131/><U116/><E116/><V88/><F67/><W34/><G34/><T84/><D79/><U42/><E95/><V25/><F68/><W40/><G6/><T28/><D37/><U66/><E66/><V75/><F75/><W83/><G17/><T81/><D45/><U65/><E65/><V70/><F70/><W113/><G113/><T119/><D119/><U1/><E42/><V7/><F7/><W121/><G121/><T14/><D14/><U61/><E61/><V64/><F64/><W128/><G128/><T125/><D125/><U92/><E92/><V85/><F85/><W86/><G96/><N who="0" m="59415" /><D101/><U126/><E126/><V109/><F109/><W26/><G26/><T117/><D117/><U99/><E99/><V19/><F49/><W10/><G10/><T111/><D111/><U130/><E130/><V93/><F122/><W71/><G71/><T38/><D38/><U55/><E29/><V73/><F120/><W35/><G35/><T2/><D2/><U60/><E60/><V127/><F127/><W57/><G105/><T115/><D115/><U59/><E59/><V3/><F73/><W21/><G57/><T132/><D132/><U22/><E22/><N who="2" m="13535" /><F0/><W74/><G72/><T90/><D90/><U112/><E112/><RYUUKYOKU ba="0,0" sc="235,10,222,10,237,10,306,-30" hai0="23,24,28,50,51,58,62,81,84,91" hai1="1,4,11,32,33,36,41,44,53,54,55,80,82" hai2="3,5,9,20,27,77,78,87,88,93" /><INIT seed="2,1,0,0,0,14" ten="245,232,247,276" oya="2" hai0="118,23,48,61,16,52,0,120,75,104,95,133,60" hai1="98,38,6,72,135,59,58,24,111,67,49,84,91" hai2="109,20,64,108,17,93,69,134,107,131,50,80,62" hai3="96,90,42,39,9,55,132,34,65,105,56,71,85"/><V82/><F107/><W35/><G132/><T113/><D104/><U81/><E38/><V83/><F134/><W26/><G9/><T30/><D75/><U119/><E119/><V10/><F131/><W51/><G105/><T116/><D0/><U123/><E135/><V97/><F10/><W40/><G96/><T122/><D133/><U102/><E72/><V110/><F50/><W124/><G124/><T3/><D3/><U44/><E6/><V7/><F7/><W37/><G26/><N who="0" m="14695" /><D113/><U4/><E4/><V28/><F28/><W5/><G5/><T53/><D30/><U127/><E127/><V130/><F130/><W70/><G42/><T89/><D122/><U100/><E111/><V68/><F68/><W63/><G71/><T92/><D120/><U112/><E112/><V115/><F115/><W27/><G27/><T1/><D1/><U74/><E74/><V13/><F83/><W106/><G106/><T86/><D95/><U46/><E24/><V126/><F126/><W8/><G8/><T125/><D125/><U79/><E123/><V54/><F54/><N who="0" m="21098" /><D48/><U78/><E67/><V99/><F99/><W19/><G19/><T41/><D41/><N who="1" m="24719" /><E46/><V18/><F18/><W101/><G101/><AGARI ba="1,0" hai="13,17,20,62,64,69,80,82,93,97,101,108,109,110" machi="101" ten="40,7700,0" yaku="14,1,10,1,52,1" doraHai="14" who="2" fromWho="3" sc="245,0,232,0,247,80,276,-80" /><INIT seed="2,2,0,2,3,11" ten="245,232,327,196" oya="2" hai0="6,29,89,117,33,127,59,69,68,67,87,32,61" hai1="7,133,57,97,90,131,31,126,30,23,4,8,54" hai2="83,106,27,51,46,108,135,125,18,130,25,15,113" hai3="5,115,72,118,112,55,10,74,26,58,70,111,103"/><V80/><F113/><N who="3" m="43595" /><G118/><T91/><D127/><U34/><E34/><V75/><F106/><W16/><G111/><T123/><D123/><U102/><E90/><V44/><F125/><W101/><G70/><T76/><D117/><U81/><E126/><V22/><F75/><N who="3" m="28715" /><G16/><T47/><D76/><U79/><E131/><V77/><F108/><W82/><G26/><N who="2" m="9737" /><F130/><W109/><G82/><N who="2" m="31273" /><F135/><W41/><G41/><T95/><D33/><U45/><E133/><V71/><F71/><W28/><G28/><T66/><D32/><U35/><E35/><V78/><F46/><W124/><G124/><T62/><D29/><U120/><E45/><V39/><F39/><W48/><G109/><T24/><D24/><U92/><E23/><V36/><F36/><W121/><G121/><T100/><D100/><U17/><E120/><V110/><F110/><W19/><G19/><T86/><D47/><U13/><E30/><V107/><F107/><W73/><N who="3" m="28723" /><W38/><DORA hai="49" /><G38/><T96/><D6/><U88/><E31/><V53/><AGARI ba="2,0" hai="15,18,22,44,51,53,77,78" m="31273,9737" machi="53" ten="30,6000,0" yaku="8,1,52,2" doraHai="11,49" who="2" fromWho="2" sc="245,-22,232,-22,327,66,196,-22" /><INIT seed="2,3,0,2,1,92" ten="223,210,393,174" oya="2" hai0="70,128,36,115,103,59,66,24,101,48,119,17,81" hai1="88,14,19,75,16,129,125,38,4,76,5,113,55" hai2="134,45,91,32,43,22,47,112,82,121,42,102,2" hai3="49,41,1,83,72,118,114,34,7,80,79,64,53"/><V27/><F121/><W111/><G118/><T25/><D36/><U58/><E38/><V133/><F32/><W69/><G111/><T6/><D115/><U21/><E113/><V97/><F112/><W18/><G114/><T108/><D119/><U130/><E125/><V86/><F2/><W39/><G34/><T57/><D108/><U30/><E30/><V123/><F123/><W31/><G31/><T28/><D128/><N who="1" m="49259" /><E76/><V20/><F20/><W13/><G83/><T131/><D70/><U29/><E29/><V51/><F22/><W11/><G64/><T98/><D6/><U84/><E19/><V26/><F133/><W78/><G79/><T110/><D110/><U37/><E37/><V56/><F56/><W65/><G65/><T50/><D103/><U63/><E75/><V77/><F134/><W116/><G116/><T94/><D131/><U106/><E106/><V46/><F77/><W122/><G122/><T61/><D81/><AGARI ba="3,0" hai="4,5,14,16,21,55,58,63,81,84,88" m="49259" machi="81" ten="30,3900,0" yaku="19,1,54,2" doraHai="92" who="1" fromWho="0" sc="223,-48,210,48,393,0,174,0" /><INIT seed="3,0,0,5,2,99" ten="175,258,393,174" oya="3" hai0="38,39,60,13,104,28,22,129,12,66,61,93,42" hai1="109,19,34,119,89,86,54,74,70,134,123,117,85" hai2="6,18,90,45,82,127,55,113,81,64,48,131,35" hai3="130,27,26,73,126,114,88,108,20,94,110,121,30"/><W49/><G121/><T56/><D104/><U75/><E34/><V53/><F113/><W46/><G114/><T40/><D129/><U21/><E70/><V24/><F127/><W16/><G73/><T105/><D105/><U7/><E7/><V5/><F131/><W65/><G130/><T31/><D93/><U14/><E123/><V95/><F64/><W44/><G126/><T135/><D22/><U50/><E134/><V92/><F92/><W125/><G125/><T128/><D128/><U76/><E76/><V106/><F106/><W87/><G65/><T100/><D66/><U84/><E109/><N who="3" m="42090" /><G49/><T52/><D56/><U91/><E75/><V102/><F35/><AGARI ba="0,0" hai="16,20,26,27,30,35,44,46,87,88,94" m="42090" machi="35" ten="30,11600,0" yaku="14,1,10,1,54,2" doraHai="99" who="3" fromWho="2" sc="175,0,258,0,393,-116,174,116" /><INIT seed="3,1,0,4,5,52" ten="175,258,277,290" oya="3" hai0="17,53,36,113,122,30,12,116,87,114,61,42,109" hai1="14,50,78,112,64,90,26,77,95,111,97,67,115" hai2="99,126,2,48,98,21,19,101,32,60,124,80,9" hai3="16,105,128,29,92,102,39,56,47,70,22,107,43"/><W69/><G128/><T66/><D122/><U0/><E0/><V33/><F80/><W59/><G29/><T94/><D116/><U85/><E111/><V1/><F1/><W82/><G82/><T134/><D109/><U54/><E112/><N who="0" m="43113" /><D134/><U110/><E110/><V104/><F98/><W51/><G107/><T131/><D131/><U72/><E72/><V37/><F37/><W65/><G105/><T15/><D30/><U135/><E135/><V4/><F60/><W27/><G39/><T45/><D53/><U86/><E26/><V49/><F33/><W100/><G65/><N who="1" m="25162" /><E14/><V46/><F32/><W89/><G70/><N who="0" m="42319" /><D17/><U127/><E115/><V73/><F46/><W74/><G74/><T38/><D36/><U63/><E63/><V13/><REACH who="2" step="1"/><F73/><REACH who="2" step="2"/><W10/><G69/><T88/><AGARI ba="1,1" hai="12,15,38,42,45,87,88,94" m="42319,43113" machi="88" ten="30,2000,0" yaku="11,1,54,1" doraHai="52" who="0" fromWho="0" sc="175,33,258,-6,267,-6,290,-11" /><INIT seed="4,0,0,4,5,70" ten="208,252,261,279" oya="0" hai0="85,101,108,51,21,34,24,121,91,41,54,80,18" hai1="4,59,23,53,88,133,82,93,68,75,109,9,73" hai2="98,65,62,49,58,10,102,122,40,120,55,131,38" hai3="14,113,107,84,3,63,128,103,124,123,26,116,52"/><T112/><D121/><U100/><E68/><V106/><F131/><W71/><G116/><T135/><D108/><U11/><E109/><V39/><F10/><W130/><G113/><T132/><D112/><U79/><E100/><V6/><F6/><W61/><G3/><T96/><D34/><U0/><E133/><V47/><REACH who="2" step="1"/><F38/><REACH who="2" step="2"/><W28/><G123/><T37/><D37/><U126/><E11/><V134/><F134/><W42/><G128/><T31/><D135/><U1/><E126/><V43/><F43/><W81/><G124/><T60/><D132/><U2/><E73/><V69/><AGARI ba="0,1" hai="39,40,47,49,55,58,62,65,69,98,102,106,120,122" machi="69" ten="20,12000,2" yaku="1,1,0,1,7,1,24,2,52,1,53,0" doraHai="70" doraHaiUra="25" who="2" fromWho="2" sc="208,-60,252,-30,251,130,279,-30" /><INIT seed="5,0,0,2,2,19" ten="148,222,381,249" oya="1" hai0="52,80,10,131,51,67,28,93,62,20,89,12,58" hai1="122,119,78,100,15,54,35,95,6,50,112,31,61" hai2="18,109,134,98,121,0,41,87,115,128,55,38,103" hai3="81,40,124,101,127,118,104,105,135,34,97,44,26"/><U113/><E122/><V32/><F121/><W111/><G111/><T8/><D131/><U76/><E119/><V56/><F32/><W4/><G118/><T64/><D80/><U24/><E61/><V66/><F109/><W22/><G135/><T1/><D1/><U17/><E6/><V47/><F134/><W92/><G34/><T21/><D28/><U123/><E123/><V63/><F0/><W116/><G116/><T75/><D75/><U59/><E95/><V125/><F128/><W110/><G110/><T130/><D130/><U96/><E96/><V33/><F33/><W39/><G4/><N who="0" m="3079" /><D10/><U13/><E100/><V85/><F125/><N who="3" m="48203" /><G81/><T102/><D102/><U30/><E30/><AGARI ba="0,0" hai="22,26,30,39,40,44,92,97,101,104,105" m="48203" machi="30" ten="30,2000,0" yaku="18,1,52,1" doraHai="19" who="3" fromWho="1" sc="148,0,222,-20,381,0,249,20" /><INIT seed="6,0,0,2,0,48" ten="148,202,381,269" oya="2" hai0="5,110,113,114,20,1,119,22,18,57,21,102,115" hai1="94,118,121,30,99,36,50,101,29,85,63,12,23" hai2="104,82,64,125,126,105,39,16,127,74,124,4,2" hai3="45,96,84,58,117,134,88,31,6,34,91,46,92"/><V38/><F64/><W93/><G117/><T120/><D102/><U51/><E36/><N who="2" m="13867" /><F16/><W26/><G134/><T76/><D76/><U11/><E118/><V35/><N who="2" m="32256" /><DORA hai="56" /><V66/><F66/><W52/><REACH who="3" step="1"/><G6/><REACH who="3" step="2"/><T19/><D119/><U7/><E121/><V86/><F74/><W97/><G97/><T37/><D37/><U103/><E85/><V129/><F129/><W95/><G95/><T8/><D120/><U49/><E103/><V17/><F4/><W27/><G27/><T3/><D57/><U67/><REACH who="1" step="1"/><E23/><REACH who="1" step="2"/><V112/><F35/><W71/><G71/><AGARI ba="0,2" hai="7,11,12,29,30,49,50,51,63,67,71,94,99,101" machi="71" ten="40,8000,1" yaku="1,1,2,1,52,1,53,1" doraHai="48,56" doraHaiUra="108,90" who="1" fromWho="3" sc="148,0,192,100,381,0,259,-80" /><INIT seed="7,0,0,1,1,85" ten="148,292,381,179" oya="3" hai0="71,69,84,76,124,13,91,44,75,82,119,40,4" hai1="122,6,95,110,26,135,58,32,8,42,94,52,86" hai2="9,39,11,87,68,104,116,35,3,57,23,59,22" hai3="131,33,128,79,98,50,46,125,129,60,97,117,48"/><W130/><G117/><T56/><D119/><U25/><E122/><V38/><F104/><W123/><G123/><T24/><D124/><U127/><E110/><V54/><F68/><W132/><G33/><T16/><D56/><U113/><E113/><V55/><F87/><W64/><G125/><T19/><D24/><U126/><E135/><V21/><F116/><W34/><G34/><T114/><D4/><U78/><E42/><V31/><F35/><W51/><G132/><T81/><D114/><U100/><E32/><V47/><F47/><W18/><G79/><T99/><D99/><U29/><E29/><V12/><F31/><W17/><N who="3" m="33280" /><DORA hai="37" /><W77/><G77/><T120/><D120/><U27/><E100/><V112/><F22/><W10/><G10/><T92/><D82/><U74/><E74/><V80/><F80/><W63/><G64/><T45/><D45/><U134/><E134/><V53/><F53/><W65/><G65/><T106/><D106/><U118/><E118/><V109/><F112/><W90/><G46/><T15/><D15/><U70/><E70/><V66/><F66/><W36/><G90/><T43/><D19/><N who="3" m="7177" /><G36/><T103/><D103/><U88/><E78/><V93/><F39/><W133/><G133/><T102/><D102/><U72/><E72/><V30/><F38/><W41/><G41/><T28/><D28/><U96/><E96/><AGARI ba="0,0" hai="48,50,51,60,63,96,97,98" m="7177,33280" machi="96" ten="60,11600,0" yaku="28,2,19,1" doraHai="85,37" who="3" fromWho="1" sc="148,0,292,-116,381,0,179,116" /><INIT seed="7,1,0,3,0,73" ten="148,176,381,295" oya="3" hai0="30,44,63,21,114,49,109,117,116,93,94,77,122" hai1="5,96,61,8,59,19,111,37,95,46,79,41,1" hai2="134,16,18,108,127,104,90,11,92,6,106,135,124" hai3="75,87,55,9,26,83,91,20,13,35,52,82,67"/><W4/><G35/><T84/><D122/><U29/><E111/><V110/><F92/><W70/><G70/><T66/><D109/><N who="2" m="42090" /><F90/><W40/><G40/><T107/><D107/><N who="2" m="41002" /><F18/><W121/><G121/><T128/><D128/><U126/><E126/><N who="2" m="48171" /><F16/><W47/><G47/><T23/><D117/><U54/><E29/><V27/><F27/><W125/><G125/><T115/><D116/><U60/><E19/><V118/><F118/><W103/><G67/><T56/><D94/><U80/><E95/><V132/><F132/><W113/><G103/><T17/><D30/><U105/><E105/><V12/><AGARI ba="1,0" hai="6,11,12,134,135" m="48171,41002,42090" machi="12" ten="40,1500,0" yaku="18,1" doraHai="73" who="2" fromWho="2" sc="148,-5,176,-5,381,18,295,-8" owari="143,-36,171,-23,399,50,287,9" /></mjloggm>