<mjloggm ver="2.3"><GO type="41"/><UN n0="%E3%82%A6%E3%83%AB%E3%83%88%E3%83%A9%E7%AB%8B%E7%9B%B4" n1="%E3%80%93%73%74%6F%76%65%72%E3%80%93" n2="%48%49%52%4F%33%32%36" n3="%E4%B9%83%E7%B5%B5%E3%82%8F%E5%A4%A9%E4%BD%BF" dan="15,14,14,14" rate="1978,1900,1915,2068" sx="M,M,M,M"/><TAIKYOKU oya="0"/><INIT seed="0,0,0,2,0,51" ten="250,250,250,250" oya="0" hai0="54,125,116,9,53,129,96,95,68,50,31,6,64" hai1="76,19,115,132,7,15,22,101,73,131,126,52,48" hai2="134,70,60,62,63,87,13,61,72,18,65,40,33" hai3="127,82,113,124,17,29,88,1,55,58,38,39,110"/><T23/><D116/><U109/><E109/><V71/><F72/><W133/><G1/><T49/><D64/><U135/><E126/><N who="3" m="48170" /><G113/><T10/><D68/><U3/><E131/><V105/><F33/><W47/><G110/><T74/><D74/><U89/><E115/><V97/><F105/><W84/><G29/><T42/><D125/><U5/><E101/><V16/><F97/><W91/><G133/><N who="1" m="51274" /><E3/><V28/><F134/><W57/><G17/><T12/><D129/><U77/><E89/><V14/><F28/><W112/><G112/><T30/><D42/><U107/><E107/><V8/><F40/><N who="3" m="22935" /><G39/><T119/><D119/><U67/><E67/><V130/><F130/><W69/><G69/><T114/><D114/><U102/><E102/><V117/><F117/><W4/><G4/><N who="1" m="1610" /><E73/><V104/><F104/><W59/><G91/><N who="0" m="55423" /><D10/><U86/><E86/><V108/><F108/><W100/><G100/><T36/><D36/><U11/><E11/><V26/><F87/><W111/><G111/><T35/><D35/><U75/><E75/><V27/><F70/><W34/><G34/><T46/><D23/><U98/><E98/><V123/><F123/><W79/><G79/><T25/><D25/><U66/><E66/><V20/><AGARI ba="0,0" hai="8,13,14,16,18,20,26,27,60,61,62,63,65,71" machi="20" ten="30,2000,0" yaku="0,1,54,1" doraHai="51" who="2" fromWho="2" sc="250,-10,250,-5,250,20,250,-5" /><INIT seed="1,0,0,4,3,108" ten="240,245,270,245" oya="1" hai0="101,21,80,90,8,116,129,31,27,112,91,44,125" hai1="109,72,54,131,103,132,106,75,104,120,18,110,39" hai2="95,96,115,49,69,133,122,1,52,11,92,13,15" hai3="4,89,7,97,10,23,124,25,53,81,38,32,5"/><U36/><E18/><V14/><F122/><W111/><G38/><N who="1" m="14378" /><E54/><V88/><F69/><W87/><G32/><T76/><D125/><U105/><E120/><V98/><F133/><W58/><G124/><T6/><D129/><U93/><E132/><V77/><F77/><W61/><G111/><N who="1" m="42506" /><E131/><V0/><F115/><W127/><G127/><T17/><D116/><U62/><E62/><V113/><F113/><W57/><G57/><T50/><D112/><U3/><E3/><V82/><F82/><W121/><G121/><T20/><D101/><U79/><E79/><V68/><F68/><W114/><G114/><T24/><D76/><U42/><E42/><V65/><F65/><W117/><G117/><T99/><D99/><AGARI ba="0,0" hai="72,75,93,99,103,104,105,106" m="42506,14378" machi="99" ten="40,3900,0" yaku="14,1,10,1" doraHai="108" who="1" fromWho="0" sc="240,-39,245,39,270,0,245,0" /><INIT seed="1,1,0,3,2,56" ten="201,284,270,245" oya="1" hai0="29,63,0,54,40,4,68,41,18,80,24,51,27" hai1="26,11,81,91,28,121,37,126,129,124,106,67,22" hai2="119,117,45,83,44,76,55,6,73,78,36,75,114" hai3="120,93,30,19,1,128,87,122,97,110,82,135,3"/><U102/><E121/><V92/><F92/><W57/><G110/><T70/><D4/><U12/><E37/><V16/><F6/><W42/><G42/><T9/><D0/><U59/><E129/><V23/><F114/><W65/><G128/><T64/><D70/><U7/><E102/><V49/><F36/><W32/><G135/><T103/><D103/><U71/><E106/><V88/><F45/><W60/><G122/><T61/><D80/><U2/><E81/><V118/><F88/><W20/><G32/><T94/><D94/><U98/><E91/><V35/><F35/><W33/><G33/><T125/><D125/><N who="1" m="48235" /><E98/><V123/><F123/><W134/><G134/><T127/><D127/><U90/><E90/><V38/><F38/><W112/><G112/><T8/><D68/><U96/><E96/><V21/><F21/><W100/><G120/><T62/><D64/><U84/><E84/><V79/><F75/><W43/><G43/><N who="0" m="16459" /><D29/><U10/><E71/><V104/><F104/><W113/><G113/><T58/><D18/><N who="1" m="8471" /><E59/><V39/><F39/><W66/><G66/><AGARI ba="1,0" hai="2,7,11,22,26,28,66,67" m="8471,48235" machi="66" ten="30,1500,0" yaku="18,1" doraHai="56" who="1" fromWho="3" sc="201,0,284,18,270,0,245,-18" /><INIT seed="1,2,0,4,2,43" ten="201,302,270,227" oya="1" hai0="27,77,122,23,74,5,65,124,54,129,37,1,75" hai1="81,34,133,110,95,20,33,102,84,56,85,13,112" hai2="67,57,52,31,41,120,59,114,118,63,116,106,28" hai3="2,69,44,62,49,48,96,119,134,105,100,126,10"/><U111/><E112/><V4/><F106/><W125/><G134/><T30/><D122/><U91/><E133/><V87/><F120/><W108/><G108/><N who="1" m="41514" /><E102/><V26/><F114/><W123/><G123/><T79/><D65/><U115/><E115/><V24/><F4/><W60/><G119/><T64/><D64/><U6/><E56/><V78/><F41/><W51/><G2/><T40/><D54/><U25/><E6/><V42/><F42/><N who="3" m="24599" /><G10/><T99/><D99/><U121/><E13/><V109/><F109/><W66/><G62/><T11/><D75/><U80/><E121/><V19/><F118/><W131/><G131/><T70/><D70/><U88/><E95/><V0/><F0/><W132/><G132/><T90/><D129/><U86/><E86/><V89/><F19/><AGARI ba="2,0" hai="19,20,25,33,34,80,81,84,85,88,91" m="41514" machi="19" ten="30,5800,0" yaku="14,1,10,1,54,1" doraHai="43" who="1" fromWho="2" sc="201,0,302,64,270,-64,227,0" /><INIT seed="1,3,0,3,4,3" ten="201,366,206,227" oya="1" hai0="2,48,88,41,87,44,74,0,68,32,35,23,66" hai1="22,25,83,115,54,133,42,15,64,9,135,73,104" hai2="98,1,17,132,111,30,120,108,59,86,118,5,93" hai3="69,103,36,125,123,4,129,37,71,38,14,40,8"/><U58/><E115/><V126/><F118/><W85/><G123/><T116/><D74/><U134/><E104/><V47/><F30/><W19/><G129/><T63/><D116/><U114/><E114/><V113/><F120/><W112/><G112/><T18/><D32/><U39/><E64/><V84/><F113/><W106/><G125/><T60/><D60/><U92/><E39/><V124/><F17/><W62/><G40/><T127/><D35/><U72/><E42/><V109/><F47/><W11/><G62/><T26/><REACH who="0" step="1"/><D127/><REACH who="0" ten="191,366,206,227" step="2"/><U75/><E133/><V91/><F132/><W94/><G106/><T27/><D27/><U101/><E135/><V7/><F1/><W89/><REACH who="3" step="1"/><G103/><REACH who="3" ten="191,366,206,217" step="2"/><T28/><D28/><U65/><E134/><V56/><F126/><W76/><G76/><T96/><D96/><U131/><E101/><V128/><F124/><W90/><G90/><T119/><D119/><U53/><E131/><V117/><F128/><W46/><G46/><T79/><D79/><U33/><E75/><V107/><F117/><W10/><G10/><T121/><D121/><U105/><E73/><V70/><F107/><W29/><G29/><T77/><D77/><U99/><E72/><V49/><F109/><W97/><G97/><T95/><AGARI ba="3,2" hai="0,2,18,23,26,41,44,48,63,66,68,87,88,95" machi="95" ten="20,5200,0" yaku="1,1,0,1,7,1,54,1,53,0" doraHai="3" doraHaiUra="24" who="0" fromWho="0" sc="191,81,366,-29,206,-16,217,-16" /><INIT seed="2,0,0,0,0,78" ten="272,337,190,201" oya="2" hai0="103,37,54,105,71,113,62,22,1,63,61,135,18" hai1="52,88,89,122,28,19,118,121,44,31,117,4,75" hai2="57,95,30,50,0,32,98,125,80,21,68,43,96" hai3="40,72,126,87,29,92,42,25,112,23,65,132,16"/><V83/><F68/><W53/><G72/><T41/><D1/><U20/><E75/><V33/><F0/><W102/><G112/><T107/><D113/><U24/><E4/><V106/><F125/><W2/><G2/><T70/><D135/><U66/><E66/><V123/><F123/><N who="1" m="47113" /><E118/><V90/><F33/><W38/><G38/><T111/><D111/><U48/><E117/><V7/><F32/><W84/><G132/><T58/><D105/><U34/><E34/><V134/><F134/><W67/><G29/><AGARI ba="0,0" hai="19,20,24,28,29,31,44,48,52,88,89" m="47113" machi="29" ten="30,3900,0" yaku="13,1,54,2" doraHai="78" who="1" fromWho="3" sc="272,0,337,39,190,0,201,-39" /><INIT seed="3,0,0,2,3,11" ten="272,376,190,162" oya="3" hai0="91,75,19,89,85,108,111,33,2,115,72,62,73" hai1="88,90,53,97,41,34,51,78,96,27,40,116,63" hai2="93,98,128,29,10,54,124,4,103,114,135,100,14" hai3="50,101,15,43,76,107,74,109,5,70,68,134,92"/><W95/><G107/><T117/><D2/><U99/><E116/><V112/><F124/><W32/><G32/><T113/><D62/><U64/><E78/><V30/><F128/><W129/><G129/><T36/><D36/><U133/><E133/><V0/><F135/><W83/><G134/><T67/><D67/><U8/><E34/><V106/><F114/><N who="0" m="43530" /><D33/><U28/><E8/><V13/><F112/><W118/><G118/><T47/><D47/><N who="1" m="27903" /><E27/><V125/><F125/><W35/><G35/><T12/><D117/><U87/><E28/><V86/><F106/><W122/><G122/><T126/><D126/><U81/><E90/><N who="0" m="34313" /><D85/><U105/><E105/><V132/><F132/><W26/><G26/><T121/><D121/><U130/><E130/><V104/><F86/><N who="3" m="48487" /><G70/><T49/><D49/><U1/><E1/><V17/><F0/><W127/><G68/><T52/><D52/><U3/><E3/><V20/><REACH who="2" step="1"/><F54/><REACH who="2" ten="272,376,180,162" step="2"/><W38/><G127/><T66/><D66/><U9/><E64/><V6/><F6/><W22/><G74/><T79/><D79/><U58/><E41/><V39/><F39/><W21/><G38/><T59/><D75/><U46/><E40/><V119/><F119/><W69/><G69/><T80/><D73/><U102/><E87/><V31/><F31/><W82/><G43/><T37/><D72/><U77/><E77/><V84/><F84/><W44/><G5/><T57/><D37/><U60/><E102/><V65/><F65/><W24/><G101/><T23/><D80/><U42/><E81/><V120/><F120/><W131/><G131/><RYUUKYOKU ba="0,1" sc="272,15,376,-15,180,15,162,-15" hai0="12,19,23,57,59,108,111" hai2="4,10,13,14,17,20,29,30,93,98,100,103,104" /><INIT seed="4,1,1,2,5,129" ten="287,361,195,147" oya="0" hai0="96,62,32,63,3,68,91,100,10,116,40,92,88" hai1="90,6,106,67,80,84,102,0,87,52,131,20,37" hai2="133,113,64,53,34,12,71,44,93,49,81,60,117" hai3="59,5,115,35,118,51,99,50,104,76,13,28,107"/><T45/><D32/><U9/><E37/><V126/><F113/><W7/><G118/><T22/><D116/><U8/><E131/><V134/><F117/><W4/><G76/><T15/><D3/><U19/><E67/><V94/><F34/><W1/><G1/><T29/><D68/><U114/><E106/><V16/><F126/><W33/><G115/><T65/><D65/><U97/><E114/><V58/><F81/><W69/><G69/><T43/><D43/><U48/><E9/><V14/><F14/><W135/><G13/><T98/><D22/><U42/><E42/><V73/><F73/><W18/><G18/><T23/><D23/><U54/><E87/><V27/><F27/><W130/><G130/><T79/><D79/><U103/><E97/><V25/><F25/><W109/><G107/><T26/><D26/><U70/><E70/><V127/><F127/><W30/><G35/><T89/><D98/><U77/><E77/><V56/><F58/><W55/><G33/><T61/><D29/><U110/><E110/><V31/><F31/><W57/><G4/><T72/><D72/><U74/><E74/><V46/><F46/><W101/><G109/><T82/><D82/><U38/><E38/><V41/><F94/><W123/><G30/><T66/><D66/><U105/><E105/><V21/><F93/><W119/><G28/><T95/><D95/><U36/><E36/><AGARI ba="1,1" hai="12,16,21,36,41,44,49,53,56,60,64,71,133,134" machi="36" ten="40,8000,1" yaku="24,2,52,2,54,1" doraHai="129" who="2" fromWho="1" sc="287,0,361,-83,195,93,147,0" /><INIT seed="5,0,0,5,5,106" ten="287,278,288,147" oya="1" hai0="72,53,50,82,78,107,52,117,85,111,11,113,4" hai1="109,25,87,126,116,21,60,127,18,62,56,9,77" hai2="94,31,14,19,93,98,91,6,121,88,83,73,8" hai3="10,134,36,115,101,122,114,70,118,103,58,102,84"/><U47/><E116/><V0/><F121/><W71/><G36/><T54/><D111/><U105/><E105/><V89/><F31/><W90/><G122/><T46/><D107/><U92/><E109/><V44/><F44/><W95/><G118/><T63/><D117/><U26/><E47/><V75/><F83/><W41/><G41/><T128/><D128/><U86/><E62/><V24/><F24/><W15/><G134/><T68/><D113/><U49/><E49/><V43/><F43/><W33/><G33/><T37/><D37/><U131/><E131/><V59/><F59/><W1/><G1/><T48/><D48/><U133/><E133/><V35/><F35/><W45/><G58/><T20/><D20/><N who="1" m="13463" /><E9/><V39/><F39/><W132/><G45/><T7/><D85/><U64/><E92/><V99/><F91/><W112/><REACH who="3" step="1"/><G132/><REACH who="3" ten="287,278,288,137" step="2"/><T125/><D46/><U16/><E77/><V27/><F0/><W34/><G34/><T69/><D78/><U100/><E100/><V96/><F99/><W80/><G80/><T108/><D82/><U110/><E110/><V67/><F67/><W97/><G97/><T76/><D108/><U29/><E29/><V120/><F120/><W13/><G13/><T40/><D76/><U66/><E66/><V3/><F3/><W61/><G61/><T123/><D63/><U2/><E2/><V51/><F51/><W12/><G12/><T55/><D50/><U23/><E23/><AGARI ba="0,1" hai="6,8,14,19,23,27,73,75,88,89,93,94,96,98" machi="23" ten="40,8000,1" yaku="9,1,52,2,54,1" doraHai="106" who="2" fromWho="1" sc="287,0,278,-80,288,90,137,0" /><INIT seed="6,0,0,1,1,128" ten="287,198,378,137" oya="2" hai0="87,118,81,59,82,114,123,74,131,106,22,10,21" hai1="92,43,0,9,107,91,124,29,105,24,58,85,20" hai2="57,31,19,90,65,69,126,115,15,104,25,86,41" hai3="13,12,76,71,7,72,34,49,97,26,52,117,42"/><V113/><F104/><W68/><G117/><T134/><D123/><U77/><E124/><V38/><F69/><W6/><G42/><T28/><D106/><U120/><E120/><V61/><F126/><W1/><G1/><T119/><D10/><U83/><E43/><V133/><F133/><W101/><G72/><T37/><D37/><U62/><E0/><V112/><F41/><W94/><G76/><T135/><D74/><U55/><REACH who="1" step="1"/><E9/><REACH who="1" ten="287,188,378,137" step="2"/><V36/><F38/><W51/><G71/><T60/><D131/><U103/><E103/><V11/><F36/><W125/><G68/><T53/><D114/><U50/><E50/><V63/><F63/><W40/><G125/><T2/><D2/><U122/><E122/><V4/><F115/><W79/><G40/><T102/><D102/><U54/><E54/><V48/><F48/><W100/><G101/><T80/><D119/><U84/><AGARI ba="0,1" hai="20,24,29,55,58,62,77,83,84,85,91,92,105,107" machi="84" ten="20,2700,0" yaku="1,1,0,1,7,1,53,0" doraHai="128" doraHaiUra="70" who="1" fromWho="1" sc="287,-7,188,37,378,-13,137,-7" /><INIT seed="7,0,0,4,2,6" ten="280,225,365,130" oya="3" hai0="94,10,81,21,16,130,26,36,59,73,15,99,91" hai1="37,18,127,63,7,69,122,129,79,42,27,4,31" hai2="64,117,74,41,93,56,20,67,97,80,71,90,70" hai3="75,125,105,50,9,14,86,133,83,44,78,108,95"/><W45/><G105/><T22/><D36/><U46/><E122/><V96/><F117/><W111/><G133/><T88/><D130/><U115/><E129/><V102/><F41/><W58/><G125/><T23/><D73/><U76/><E127/><V89/><F71/><W24/><G45/><T123/><D123/><U66/><E115/><V82/><F70/><W106/><G106/><T116/><D116/><U8/><E18/><V51/><F20/><W48/><G48/><T131/><D131/><U43/><E43/><V55/><F74/><W87/><G24/><T84/><REACH who="0" step="1"/><D59/><REACH who="0" ten="270,225,365,130" step="2"/><U39/><E37/><V34/><F56/><W2/><G58/><T128/><D128/><U107/><E39/><V101/><F34/><W28/><G28/><AGARI ba="0,1" hai="10,15,16,21,22,23,26,28,81,84,88,91,94,99" machi="28" ten="30,12000,2" yaku="1,1,7,1,8,1,52,1,54,2,53,1" doraHai="6" doraHaiUra="5" who="0" fromWho="3" sc="270,130,225,0,365,0,130,-120" owari="400,49.0,225,-17.0,365,17.0,10,-49.0" /></mjloggm>