<mjloggm ver="2.3"><GO type="225"/><UN n0="%EF%BC%91%E4%BD%8D%E3%81%AA%E3%82%89%E5%83%8D%E3%81%8F" n1="%6F%72%69%63%61" n2="%EF%BC%88%E2%89%A7%E2%96%BD%E2%89%A6%EF%BC%89" n3="%E6%9D%A5%E6%A0%96%E9%B3%A5" dan="16,16,16,16" rate="2157,2094,2040,2110" sx="F,M,M,M"/><TAIKYOKU oya="0"/><INIT seed="0,0,0,2,4,94" ten="250,250,250,250" oya="0" hai0="42,54,44,53,82,90,25,101,62,89,69,43,26" hai1="102,2,73,112,20,87,135,100,80,83,63,74,66" hai2="52,18,84,61,91,103,57,59,133,29,7,12,34" hai3="99,72,96,37,28,27,108,56,119,36,125,127,23"/><T55/><D69/><U121/><E121/><V41/><F133/><W70/><G72/><T97/><D62/><U64/><E2/><V39/><F7/><W58/><G70/><T107/><D42/><U40/><E135/><V122/><F122/><W65/><G108/><T88/><REACH who="0" step="1"/><D82/><REACH who="0" ten="240,250,250,250" step="2"/><U33/><E40/><V78/><F41/><W86/><G119/><T114/><D114/><U38/><E63/><V47/><F61/><N who="3" m="38055" /><G37/><AGARI ba="0,1" hai="25,26,37,43,44,53,54,55,88,89,90,97,101,107" machi="37" ten="40,7700,0" yaku="1,1,52,1,54,1,53,0" doraHai="94" doraHaiUra="123" who="0" fromWho="3" sc="240,87,250,0,250,0,250,-77" /><INIT seed="0,1,0,1,0,38" ten="327,250,250,173" oya="0" hai0="28,76,47,83,85,16,44,72,101,88,131,41,53" hai1="66,31,110,17,39,74,91,98,27,105,130,67,78" hai2="84,122,94,126,50,135,49,97,127,134,30,14,128" hai3="93,61,121,90,82,125,1,96,46,77,116,2,75"/><T114/><D114/><U60/><E110/><V80/><F30/><W109/><G121/><T40/><D28/><U4/><E130/><V10/><F122/><W86/><G109/><T36/><D101/><U26/><E4/><N who="2" m="3399" /><F128/><W7/><G116/><T37/><D131/><U118/><E118/><V18/><F18/><W92/><G7/><T58/><D16/><U54/><E39/><V73/><F73/><W65/><G46/><T132/><D132/><N who="2" m="50730" /><F94/><W107/><G125/><N who="2" m="47625" /><F97/><W69/><REACH who="3" step="1"/><G92/><REACH who="3" ten="327,250,250,163" step="2"/><T11/><D11/><U20/><E105/><V129/><F129/><W23/><G23/><T112/><D112/><U64/><E20/><V9/><F9/><W56/><G56/><T81/><D58/><U19/><E67/><V79/><AGARI ba="1,1" hai="49,50,79,80,84" m="47625,50730,3399" machi="79" ten="30,2000,0" yaku="20,1,18,1" doraHai="38" who="2" fromWho="2" sc="327,-11,250,-6,250,33,163,-6" /><INIT seed="1,0,0,1,2,119" ten="316,244,283,157" oya="1" hai0="116,63,110,83,90,98,30,70,109,73,9,7,16" hai1="1,37,120,96,60,38,27,82,86,118,104,100,51" hai2="66,21,61,19,17,12,34,26,13,88,3,10,76" hai3="134,93,22,99,135,23,111,53,91,33,95,5,108"/><U129/><E118/><V42/><F3/><W44/><G33/><T31/><D116/><U78/><E1/><V15/><F76/><W133/><G5/><T24/><D73/><U131/><E120/><V41/><F88/><N who="3" m="55719" /><G53/><T47/><D47/><U113/><E113/><V58/><F34/><W14/><G14/><AGARI ba="0,0" hai="10,12,13,14,15,17,19,21,26,41,42,58,61,66" machi="14" ten="40,1300,0" yaku="8,1" doraHai="119" who="2" fromWho="3" sc="316,0,244,0,283,13,157,-13" /><INIT seed="2,0,0,0,0,2" ten="316,244,296,144" oya="2" hai0="101,55,14,35,22,18,87,90,59,113,98,8,60" hai1="118,93,121,33,74,20,135,128,84,7,100,116,42" hai2="50,25,83,110,108,13,131,120,78,68,114,103,53" hai3="111,10,36,29,130,125,106,49,66,126,102,70,46"/><V15/><F68/><W17/><G111/><N who="2" m="42537" /><F120/><W107/><G130/><T75/><D35/><U123/><E74/><N who="2" m="43479" /><F114/><W21/><G29/><T44/><D75/><U80/><E33/><V1/><F131/><W122/><G122/><N who="1" m="46602" /><E128/><V39/><F39/><W38/><G10/><T56/><D113/><U73/><E42/><V124/><F124/><N who="3" m="47723" /><G102/><T23/><D44/><U115/><E115/><V51/><F25/><N who="3" m="14511" /><G66/><N who="0" m="39175" /><D98/><N who="1" m="59471" /><E20/><V94/><F1/><W11/><G70/><T24/><D101/><U133/><E73/><V54/><F94/><W91/><G11/><T79/><D24/><U85/><E7/><V34/><F103/><W82/><G38/><T5/><D79/><N who="1" m="46111" /><E85/><V117/><F34/><W19/><G36/><T32/><D32/><U62/><E62/><V45/><F117/><AGARI ba="0,0" hai="116,117,118,133,135" m="46111,59471,46602" machi="117" ten="30,3900,0" yaku="13,1,34,2" doraHai="2" who="1" fromWho="2" sc="316,0,244,39,296,-39,144,0" /><INIT seed="3,0,0,3,5,69" ten="316,283,257,144" oya="3" hai0="82,0,132,115,96,106,81,135,14,113,7,117,95" hai1="19,57,53,26,124,28,39,40,11,108,99,13,79" hai2="130,116,112,98,41,33,60,23,65,32,54,6,52" hai3="87,127,102,105,74,121,129,75,72,42,83,12,20"/><W67/><G121/><T125/><D0/><U64/><E108/><V86/><F112/><N who="0" m="43082" /><D106/><U58/><E79/><V76/><F116/><W2/><G2/><T120/><D120/><U93/><E124/><V61/><F130/><W100/><G42/><T62/><D62/><N who="2" m="24170" /><F33/><W27/><G67/><T90/><D125/><U5/><E64/><V34/><F34/><W107/><G12/><T66/><D66/><U50/><E40/><V15/><F32/><W123/><G127/><T103/><D117/><U4/><E58/><V18/><F65/><W73/><G123/><T104/><D14/><U91/><REACH who="1" step="1"/><E39/><REACH who="1" ten="316,273,257,144" step="2"/><V43/><F6/><W101/><G129/><T17/><D7/><U10/><E10/><V119/><F119/><W94/><G20/><AGARI ba="0,1" hai="4,5,11,13,19,20,26,28,50,53,57,91,93,99" machi="20" ten="30,7700,0" yaku="1,1,7,1,8,1,53,1" doraHai="69" doraHaiUra="48" who="1" fromWho="3" sc="316,0,273,87,257,0,144,-77" owari="316,12.0,360,45.0,257,-14.0,67,-43.0" /></mjloggm>