<mjloggm ver="2.3"><GO type="169" lobby="0"/><UN n0="%E3%81%A8%E3%83%BC%E3%82%84%E3%82%93" n1="%E7%90%86%E4%B8%8D%E5%B0%BD%E5%A4%A7%E7%8E%8B%32" n2="%EF%BC%88%E2%89%A7%E2%96%BD%E2%89%A6%EF%BC%89" n3="%6D%65%24%6F" dan="16,16,18,16" rate="2126.39,2157.27,2134.69,2088.90" sx="M,M,F,M"/><TAIKYOKU oya="0"/><INIT seed="0,0,0,5,0,117" ten="250,250,250,250" oya="0" hai0="22,3,113,95,97,90,118,91,80,63,105,16,5" hai1="37,94,81,96,89,104,10,28,48,121,18,56,66" hai2="110,68,54,135,9,85,127,31,87,133,23,32,57" hai3="42,79,112,106,4,84,13,82,123,109,29,60,50"/><T17/><D118/><U34/><E37/><V55/><F68/><W101/><G112/><T8/><D113/><U62/><E104/><V64/><F32/><W40/><G109/><T88/><D105/><U11/><E121/><V25/><F127/><W53/><G29/><T49/><D17/><U131/><E131/><V111/><F9/><W71/><G106/><T33/><D33/><U7/><E7/><V52/><F57/><W92/><G71/><T69/><D22/><U67/><E67/><V98/><F98/><N who="3" m="59591" /><G60/><T115/><D115/><U24/><E18/><V39/><F64/><W73/><G73/><T125/><D125/><U83/><REACH who="1" step="1"/><E48/><REACH who="1" ten="250,240,250,250" step="2"/><V77/><F39/><W58/><G123/><T107/><D16/><U51/><E51/><V108/><REACH who="2" step="1"/><F77/><REACH who="2" ten="250,240,240,250" step="2"/><W41/><G4/><T74/><D107/><U75/><E75/><V72/><F72/><W19/><G19/><T134/><D74/><U120/><E120/><V44/><F44/><W35/><G35/><T27/><D5/><U1/><E1/><V103/><F103/><W15/><AGARI ba="0,2" hai="13,15,40,41,42,50,53,58,79,82,84" m="59591" machi="15" ten="30,1100,0" yaku="8,1" doraHai="117" who="3" fromWho="3" sc="250,-5,240,-3,240,-3,250,31" /><INIT seed="1,0,0,0,0,65" ten="245,237,237,281" oya="1" hai0="8,126,32,114,12,61,19,58,116,100,95,130,129" hai1="67,3,0,122,57,18,132,28,40,85,47,79,110" hai2="74,1,105,80,112,90,107,102,125,134,127,53,99" hai3="124,49,50,109,31,72,62,77,27,73,128,98,94"/><U26/><E122/><V34/><F1/><W133/><G128/><T42/><D116/><U29/><E110/><V111/><F34/><W91/><G109/><T135/><D114/><U82/><E132/><V5/><F5/><W118/><G133/><T39/><D32/><U20/><E0/><V6/><F6/><W69/><G118/><T119/><D119/><U35/><E3/><V11/><F11/><W88/><G124/><N who="2" m="47689" /><F53/><W17/><G17/><T22/><D126/><U81/><E35/><V54/><F54/><W16/><G77/><T106/><D135/><U44/><E44/><V25/><F25/><W10/><G31/><T63/><D63/><N who="1" m="38383" /><E81/><V48/><F48/><AGARI ba="0,0" hai="18,20,26,28,29,40,47,48,79,82,85" m="38383" machi="48" ten="30,1500,0" yaku="8,1" doraHai="65" who="1" fromWho="2" sc="245,0,237,15,237,-15,281,0" /><INIT seed="1,1,0,4,0,51" ten="245,252,222,281" oya="1" hai0="121,9,66,26,134,3,69,102,132,78,74,62,10" hai1="13,130,43,56,135,90,85,131,107,96,68,116,114" hai2="73,40,2,100,84,61,58,115,124,101,53,30,129" hai3="95,46,106,72,83,5,111,91,7,35,55,82,97"/><U52/><E114/><V88/><F2/><W37/><G35/><T87/><D121/><U108/><E116/><V0/><F0/><W113/><G113/><T36/><D102/><N who="1" m="62919" /><E68/><V50/><F73/><W18/><G111/><T125/><D26/><U81/><E43/><V75/><F75/><W128/><G128/><N who="1" m="49194" /><E135/><V98/><F124/><W28/><G28/><T22/><D125/><U77/><E13/><V57/><F129/><W93/><G106/><T54/><D36/><U21/><E21/><V38/><F115/><W133/><G133/><T20/><D22/><U92/><E108/><V47/><F30/><W117/><G117/><T34/><D20/><U118/><E118/><V103/><F98/><W119/><G119/><T24/><D10/><U127/><E127/><V80/><REACH who="2" step="1"/><F103/><REACH who="2" ten="245,252,212,281" step="2"/><W64/><G72/><T39/><D3/><U71/><E71/><V33/><F33/><W42/><G97/><T41/><D34/><U29/><E29/><V19/><F19/><W8/><G18/><T63/><D132/><U25/><E25/><V59/><F59/><W94/><G5/><T122/><D24/><U32/><E32/><V31/><F31/><W89/><G7/><T70/><D134/><U67/><E67/><AGARI ba="1,1" hai="38,40,47,50,53,57,58,61,67,80,84,88,100,101" machi="67" ten="30,7700,0" yaku="1,1,7,1,52,1,54,1,53,0" doraHai="51" doraHaiUra="110" who="2" fromWho="1" sc="245,0,252,-80,212,90,281,0" /><INIT seed="2,0,0,5,4,117" ten="245,172,302,281" oya="2" hai0="111,70,133,22,7,32,43,46,126,61,53,1,42" hai1="105,45,63,71,68,48,131,17,89,85,77,59,3" hai2="56,132,135,124,21,65,109,26,121,20,108,86,37" hai3="40,39,110,99,106,50,31,27,88,129,11,66,93"/><V14/><F37/><W30/><G129/><T55/><D32/><U62/><E3/><V76/><F124/><W4/><G39/><T36/><D7/><U128/><E105/><V115/><F115/><W25/><G110/><N who="2" m="42601" /><F76/><W18/><G106/><T10/><D111/><U94/><E77/><V103/><F103/><W35/><G66/><T92/><D42/><N who="1" m="24631" /><E17/><N who="2" m="10295" /><F86/><W113/><G113/><T79/><D1/><U78/><E78/><V44/><F44/><N who="3" m="25863" /><G35/><T24/><D79/><U19/><E19/><N who="2" m="12607" /><F121/><W54/><G54/><T6/><D55/><U52/><E62/><AGARI ba="0,0" hai="56,62,65,132,135" m="12607,10295,42601" machi="62" ten="30,2900,0" yaku="14,1,10,1" doraHai="117" who="2" fromWho="1" sc="245,0,172,-29,302,29,281,0" /><INIT seed="2,1,0,5,2,23" ten="245,143,331,281" oya="2" hai0="56,117,108,46,84,124,82,69,2,29,86,6,16" hai1="55,83,102,35,62,26,31,32,130,20,45,123,94" hai2="72,50,71,61,40,85,64,67,80,93,126,25,15" hai3="116,79,132,99,10,128,53,0,44,7,5,33,89"/><V63/><F126/><W121/><G121/><T18/><D69/><U39/><E123/><V28/><F72/><W22/><G116/><T95/><D117/><U114/><E114/><V57/><F93/><W103/><G33/><T133/><D124/><U60/><E130/><V3/><F3/><W97/><G128/><T43/><D108/><U51/><E39/><V101/><F101/><W21/><G132/><T115/><D133/><U109/><E109/><V120/><F120/><W112/><G112/><T100/><D29/><U134/><E134/><V4/><F4/><W68/><G68/><T87/><D56/><U12/><E83/><V1/><F1/><W13/><G79/><T91/><D115/><U106/><E106/><V75/><F75/><W34/><G34/><T131/><D100/><U73/><E73/><V76/><F15/><W42/><G53/><T65/><D65/><U66/><E12/><V49/><REACH who="2" step="1"/><F40/><REACH who="2" ten="245,143,321,281" step="2"/><W37/><G0/><T98/><D131/><U118/><E118/><V38/><F38/><W24/><G5/><T58/><D6/><U36/><E36/><V135/><F135/><W111/><G111/><T59/><D2/><U129/><E129/><V119/><F119/><W47/><G37/><T17/><D82/><U11/><E102/><V104/><F104/><W81/><G42/><T54/><D43/><U110/><E110/><V90/><F90/><W19/><G103/><T113/><D113/><U77/><E94/><V70/><F70/><W8/><G81/><T9/><D9/><U88/><E11/><N who="3" m="4138" /><G89/><T122/><D122/><U92/><E88/><RYUUKYOKU ba="1,1" sc="245,15,143,-15,321,15,281,-15" hai0="16,17,18,46,54,58,59,84,86,87,91,95,98" hai2="25,28,49,50,57,61,63,64,67,71,76,80,85" /><INIT seed="2,2,1,1,2,83" ten="260,128,336,266" oya="2" hai0="42,124,81,107,72,119,17,134,112,78,5,69,19" hai1="133,11,74,70,101,45,55,127,76,44,46,23,114" hai2="61,7,102,122,130,80,54,0,52,53,32,103,36" hai3="96,123,58,38,106,108,43,29,60,121,110,135,24"/><V126/><F36/><W22/><G38/><T3/><D112/><U131/><E114/><V132/><F32/><W49/><G135/><T117/><D134/><U51/><E70/><V113/><F113/><W31/><G31/><T26/><D107/><U9/><E133/><V13/><F122/><W92/><G106/><T95/><D69/><U89/><E127/><V105/><F0/><W93/><G43/><T98/><D124/><U12/><E101/><N who="2" m="38411" /><F105/><W28/><G28/><T4/><D42/><U82/><E131/><V73/><F73/><W59/><G49/><T18/><D26/><U79/><E79/><V25/><F25/><W118/><G118/><N who="0" m="45067" /><D3/><U86/><E23/><V68/><F68/><W14/><G14/><T63/><D63/><U111/><E111/><N who="3" m="42538" /><G59/><T100/><AGARI ba="2,1" hai="4,5,17,18,19,72,78,81,95,98,100" m="45067" machi="100" ten="30,1100,0" yaku="12,1" doraHai="83" who="0" fromWho="0" sc="260,27,128,-5,336,-7,266,-5" /><INIT seed="3,0,0,5,4,103" ten="287,123,329,261" oya="3" hai0="2,84,82,49,78,110,101,64,7,88,126,33,108" hai1="125,18,89,70,6,77,132,98,75,50,91,67,102" hai2="39,76,26,85,29,83,94,46,31,128,99,114,90" hai3="87,106,100,109,25,59,13,32,111,19,69,81,9"/><W52/><G69/><T57/><D33/><U117/><E6/><V36/><F114/><W47/><G47/><T0/><D126/><U21/><E125/><V4/><F128/><W133/><G133/><T63/><D7/><U79/><E132/><V124/><F124/><W27/><G32/><T16/><D101/><U62/><E117/><V127/><F127/><W22/><G100/><T96/><D49/><U92/><E50/><V1/><F46/><W23/><G106/><T86/><D96/><U122/><E122/><V131/><F131/><W104/><G104/><T95/><REACH who="0" step="1"/><D16/><REACH who="0" ten="277,123,329,261" step="2"/><U65/><E102/><V51/><F51/><N who="3" m="31135" /><G109/><AGARI ba="0,1" hai="0,2,57,63,64,78,82,84,86,88,95,108,109,110" machi="109" ten="40,5200,0" yaku="1,1,14,1,54,1,53,0" doraHai="103" doraHaiUra="116" who="0" fromWho="3" sc="277,62,123,0,329,0,261,-52" /><INIT seed="4,0,0,0,1,74" ten="339,123,329,209" oya="0" hai0="90,33,9,112,125,91,21,77,99,15,92,79,102" hai1="60,22,47,30,118,128,88,76,55,135,52,57,87" hai2="29,119,66,129,124,8,72,127,2,40,6,120,28" hai3="83,133,56,110,7,78,122,49,75,20,26,23,70"/><T68/><D33/><U41/><E118/><V61/><F120/><W51/><G70/><T46/><D68/><U132/><E128/><V107/><F107/><W19/><G122/><T65/><D112/><U35/><E35/><V104/><F104/><W5/><G133/><N who="1" m="51274" /><E55/><V100/><F100/><W58/><G110/><T10/><D65/><U126/><E126/><N who="2" m="48171" /><F119/><W111/><G111/><T94/><D125/><U109/><E109/><V34/><F34/><W113/><G113/><T50/><D21/><U54/><E54/><V117/><F129/><W105/><G105/><T36/><D36/><N who="1" m="21927" /><E76/><N who="0" m="29257" /><D94/><N who="1" m="54559" /><E22/><V115/><F115/><W4/><G23/><T42/><D10/><U3/><E30/><V63/><F117/><W67/><G67/><T98/><D98/><U24/><E24/><V14/><F72/><W131/><G131/><T16/><AGARI ba="0,0" hai="9,15,16,42,46,50,90,91,92,99,102" m="29257" machi="16" ten="30,12000,1" yaku="8,1,52,3,54,1" doraHai="74" who="0" fromWho="0" sc="339,120,123,-40,329,-40,209,-40" /><INIT seed="4,1,0,5,0,65" ten="459,83,289,169" oya="0" hai0="45,116,63,100,18,14,118,68,101,56,108,67,135" hai1="44,103,66,52,115,21,120,11,1,114,16,119,83" hai2="73,84,89,97,20,34,106,37,53,60,42,30,71" hai3="50,93,78,24,39,107,74,72,129,10,98,59,112"/><T123/><D123/><U55/><E120/><V48/><F73/><W70/><G39/><T80/><D135/><U132/><E119/><V124/><F124/><W62/><G107/><T22/><D108/><U13/><E132/><V6/><F6/><W92/><G112/><N who="1" m="43050" /><E66/><N who="2" m="41415" /><F20/><W61/><G129/><T28/><D28/><U111/><E111/><V77/><F77/><W133/><G133/><T38/><D116/><U3/><E103/><N who="2" m="62831" /><F42/><W79/><G74/><T126/><D126/><U47/><E83/><V125/><F37/><W5/><G72/><T2/><D2/><N who="1" m="523" /><E21/><V110/><F110/><W43/><G79/><T17/><D118/><U40/><E47/><V69/><F125/><W130/><G78/><T105/><D105/><U91/><E91/><V15/><F89/><W109/><G109/><T134/><D134/><U102/><E102/><V8/><F34/><W27/><G130/><T26/><D68/><U85/><E85/><V0/><F69/><W23/><G70/><T41/><D80/><U81/><E81/><V90/><F84/><W104/><G23/><AGARI ba="1,0" hai="14,17,18,22,23,26,38,41,45,56,63,67,100,101" machi="23" ten="30,1500,0" yaku="7,1" doraHai="65" who="0" fromWho="3" sc="459,18,83,0,289,0,169,-18" /><INIT seed="4,2,0,2,5,131" ten="477,83,289,151" oya="0" hai0="62,122,68,88,101,40,47,111,90,84,102,7,57" hai1="71,38,110,112,115,94,17,5,127,2,3,45,74" hai2="117,120,9,21,10,121,33,97,42,128,15,69,19" hai3="36,85,93,134,53,18,125,56,109,14,114,64,41"/><T44/><D122/><U105/><E105/><V87/><F69/><W16/><G109/><T70/><D111/><U108/><E71/><V113/><F33/><W80/><G114/><N who="1" m="43562" /><E127/><V37/><F113/><W43/><G125/><T91/><D68/><U31/><E31/><V82/><F128/><W100/><G134/><T54/><D70/><U135/><E135/><V75/><F75/><W11/><G64/><T28/><D28/><U35/><E35/><V66/><F66/><W123/><G123/><T24/><D24/><U32/><E32/><V12/><F117/><W119/><G36/><T63/><D7/><U79/><E94/><V1/><F1/><N who="1" m="9" /><E17/><V27/><F120/><W20/><G119/><T8/><D8/><U23/><E23/><V99/><F121/><W46/><G93/><T78/><D63/><U96/><E96/><V65/><F97/><W67/><G100/><N who="0" m="38507" /><D40/><N who="1" m="22679" /><E5/><V92/><F92/><W52/><G67/><T55/><D54/><N who="3" m="21097" /><G56/><T51/><D62/><U48/><E48/><V25/><F65/><W106/><G106/><T126/><D126/><U129/><E129/><V50/><F37/><W77/><G46/><T60/><D60/><U107/><E107/><V116/><F116/><W130/><G130/><T26/><D26/><AGARI ba="2,0" hai="11,14,16,18,20,26,41,43,77,80,85" m="21097" machi="26" ten="30,3900,0" yaku="8,1,54,2" doraHai="131" who="3" fromWho="0" sc="477,-45,83,0,289,0,151,45" /><INIT seed="5,0,0,2,2,82" ten="432,83,289,196" oya="1" hai0="72,47,46,26,90,68,9,30,24,27,108,129,49" hai1="115,4,7,112,36,113,125,85,8,84,126,83,6" hai2="39,102,81,41,99,51,57,118,53,134,55,52,103" hai3="75,59,35,63,79,107,23,33,74,5,13,66,97"/><U135/><E135/><V123/><F118/><W93/><G107/><T31/><D72/><U119/><E119/><V70/><F123/><W120/><G120/><T60/><D108/><U44/><E8/><V132/><F70/><W116/><G116/><T128/><D90/><U56/><E56/><V96/><F39/><W19/><G5/><T124/><D124/><N who="1" m="47723" /><E83/><V17/><F17/><W95/><G95/><T76/><D76/><U131/><E131/><N who="0" m="50249" /><D9/><U58/><E58/><V25/><F81/><W65/><G65/><N who="0" m="40999" /><D47/><U3/><E3/><V92/><F25/><W12/><G79/><T50/><D49/><U110/><E110/><V101/><F101/><W2/><G2/><T54/><AGARI ba="0,0" hai="24,26,27,30,31,46,50,54" m="40999,50249" machi="54" ten="30,1100,0" yaku="19,1" doraHai="82" who="0" fromWho="0" sc="432,11,83,-5,289,-3,196,-3" /><INIT seed="6,0,0,2,3,109" ten="443,78,286,193" oya="2" hai0="125,9,111,119,92,49,70,57,134,2,13,62,127" hai1="86,27,91,63,56,131,90,88,77,115,48,104,3" hai2="85,120,47,33,15,78,98,42,68,79,11,30,106" hai3="34,32,7,0,10,55,89,12,24,8,102,94,18"/><V93/><F68/><W53/><G102/><T35/><D111/><U99/><E3/><V133/><F120/><W61/><G61/><T96/><D35/><U5/><E5/><V20/><F33/><W74/><G74/><T1/><D70/><U129/><E48/><N who="2" m="26743" /><F106/><W135/><G135/><T41/><D119/><U50/><E50/><V108/><F85/><W128/><G128/><N who="1" m="49226" /><E27/><N who="2" m="16743" /><F133/><W107/><G107/><T81/><D81/><N who="1" m="47407" /><E56/><V16/><F108/><W59/><G59/><T114/><D96/><U130/><E63/><V66/><F66/><W126/><G34/><T121/><D92/><U123/><N who="1" m="49234" /><U17/><DORA hai="43" /><E17/><V58/><F58/><W84/><G32/><T39/><D49/><U100/><E123/><V113/><F113/><AGARI ba="0,0" hai="88,90,91,99,100,104,113,115" m="47407,49234" machi="113" ten="50,12000,2" yaku="19,1,34,2,52,2,54,1" doraHai="109,43" who="1" fromWho="2" sc="443,0,78,120,286,-120,193,0" /><INIT seed="7,0,0,4,5,29" ten="443,198,166,193" oya="3" hai0="14,23,28,81,0,4,114,69,112,77,27,24,130" hai1="115,105,55,8,6,98,44,19,94,100,97,76,119" hai2="73,82,101,121,116,84,118,53,78,120,61,129,67" hai3="54,103,59,104,126,108,25,83,7,43,58,41,96"/><W17/><G126/><T18/><D69/><U86/><E115/><N who="0" m="44073" /><D130/><U110/><E110/><V134/><F129/><W89/><G7/><T35/><D0/><U16/><E119/><N who="2" m="45611" /><F53/><W48/><G108/><T1/><D1/><U37/><E76/><N who="2" m="44303" /><F61/><W99/><G59/><T38/><D38/><U102/><E86/><V64/><F64/><W75/><G75/><N who="0" m="43199" /><D4/><U36/><E37/><V21/><F67/><W127/><G127/><T117/><D117/><U9/><E36/><V66/><F66/><W85/><G99/><T79/><D79/><U39/><E39/><V52/><F134/><W45/><G58/><T62/><D62/><U2/><E2/><V109/><F109/><W60/><G60/><T30/><D30/><U65/><E65/><V128/><F128/><W123/><G123/><N who="2" m="47177" /><F21/><W20/><AGARI ba="0,0" hai="17,20,25,41,43,45,48,54,83,85,89,96,103,104" machi="20" ten="30,1500,0" yaku="0,1" doraHai="29" who="3" fromWho="3" sc="443,-5,198,-5,166,-5,193,15" /><INIT seed="7,1,0,2,5,112" ten="438,193,161,208" oya="3" hai0="50,57,46,93,10,16,82,2,97,133,27,30,84" hai1="105,104,22,56,118,33,80,87,3,49,88,102,120" hai2="100,11,75,42,53,51,36,12,13,67,52,68,109" hai3="128,47,86,19,107,135,18,4,134,9,21,72,43"/><W31/><G72/><T24/><D133/><N who="3" m="50697" /><G107/><T6/><D16/><N who="3" m="6185" /><G128/><T34/><D57/><U69/><E69/><V55/><F75/><W89/><G21/><T106/><D106/><U23/><E33/><V45/><F109/><W122/><G31/><T70/><D70/><U66/><E3/><V92/><F36/><N who="3" m="21991" /><G122/><T78/><D30/><U121/><E105/><V71/><F67/><W1/><G89/><T41/><D34/><U77/><E22/><V8/><F71/><W129/><G129/><T54/><D41/><U63/><E23/><V29/><F68/><W99/><G86/><T124/><D124/><U44/><E104/><V81/><F29/><W110/><G99/><T58/><D46/><U130/><E130/><V94/><F81/><W108/><AGARI ba="1,0" hai="1,4,9,108,110" m="21991,6185,50697" machi="108" ten="40,3900,0" yaku="20,1,54,1" doraHai="112" who="3" fromWho="3" sc="438,-14,193,-14,161,-14,208,42" /><INIT seed="7,2,0,0,5,124" ten="424,179,147,250" oya="3" hai0="101,82,51,30,81,74,84,110,23,17,96,67,59" hai1="3,90,94,130,25,89,70,98,22,121,126,64,54" hai2="48,45,88,104,13,26,73,69,39,35,108,27,115" hai3="123,16,97,112,9,43,95,87,133,11,128,14,62"/><W77/><G123/><T80/><D110/><U106/><E121/><V129/><F108/><W55/><G112/><T0/><D0/><U111/><E111/><V105/><F73/><W79/><G43/><T134/><D134/><U49/><E3/><V40/><F69/><W1/><G133/><T99/><D74/><U10/><E106/><V107/><F115/><W4/><G128/><T58/><D30/><U12/><E126/><V92/><F129/><W86/><G79/><T57/><D67/><U122/><E122/><V41/><F35/><W91/><G77/><T131/><D131/><U113/><E113/><V7/><F40/><W24/><G24/><T38/><D38/><U83/><E70/><V32/><F39/><W52/><G55/><T29/><D29/><N who="1" m="17591" /><E64/><V135/><F135/><W37/><G37/><T72/><D72/><U78/><E78/><V28/><F27/><W60/><G60/><T75/><D75/><U2/><E2/><V61/><F61/><W53/><G53/><T125/><D125/><U8/><E12/><V19/><F7/><W114/><G114/><T93/><D99/><U33/><E33/><V66/><F66/><W5/><G5/><T109/><D109/><U119/><E119/><V18/><REACH who="2" step="1"/><F13/><REACH who="2" ten="424,179,137,250" step="2"/><N who="3" m="7231" /><G1/><T102/><D51/><U44/><E130/><V36/><F36/><W132/><G132/><T63/><D63/><U34/><E34/><V116/><F116/><W42/><G42/><T20/><D17/><U117/><E117/><V56/><F56/><AGARI ba="2,1" hai="4,9,14,52,56,62,86,87,91,95,97" m="7231" machi="56" ten="30,5800,0" yaku="8,1,54,2" doraHai="124" who="3" fromWho="2" sc="424,0,179,0,137,-64,250,74" /><INIT seed="7,3,0,3,4,116" ten="424,179,73,324" oya="3" hai0="58,43,0,49,108,42,88,15,32,4,48,71,117" hai1="18,135,3,125,7,64,89,67,76,84,77,127,63" hai2="114,16,92,129,6,56,35,65,5,96,27,52,29" hai3="17,46,107,79,105,78,81,102,80,86,130,69,97"/><W22/><G69/><T133/><D71/><N who="1" m="42399" /><E67/><V38/><F114/><W115/><G46/><T31/><D0/><U75/><E75/><V14/><F129/><W109/><G130/><T2/><D117/><U98/><E98/><V47/><F65/><W87/><G115/><T118/><D2/><U8/><E18/><V51/><F47/><W128/><G128/><T74/><D74/><U11/><E8/><V126/><F126/><N who="1" m="48137" /><E135/><V83/><F83/><AGARI ba="3,0" hai="3,7,11,76,77,83,84,89" m="48137,42399" machi="83" ten="30,1000,0" yaku="18,1" doraHai="116" who="1" fromWho="2" sc="424,0,179,19,73,-19,324,0" owari="424,53.0,198,-20.0,54,-45.0,324,12.0" /></mjloggm>