<mjloggm ver="2.3"><GO type="41"/><UN n0="%6B%30%30%37%34%73" n1="%E3%82%A6%E3%83%AB%E3%83%88%E3%83%A9%E7%AB%8B%E7%9B%B4" n2="%E4%BF%BA%E8%89%B2%E3%82%B9%E3%82%AB%E3%82%A4" n3="%75%63%68%33" dan="14,15,15,13" rate="1877,1940,2164,1800" sx="M,M,M,M"/><TAIKYOKU oya="0"/><INIT seed="0,0,0,1,1,34" ten="250,250,250,250" oya="0" hai0="107,135,103,77,46,72,48,80,121,28,57,3,8" hai1="25,83,6,53,92,85,15,18,2,75,68,133,78" hai2="23,100,117,91,37,5,0,1,131,106,113,108,11" hai3="132,129,130,86,21,110,10,93,4,116,36,45,33"/><T19/><D121/><U112/><E68/><V127/><F113/><W126/><G116/><T64/><D135/><U111/><E133/><V119/><F108/><W16/><G110/><T22/><D28/><U73/><E112/><V35/><F35/><W54/><G132/><T17/><D103/><U43/><E43/><V59/><F37/><W97/><G33/><T98/><D98/><U79/><E25/><V51/><F131/><W26/><G126/><T114/><D107/><U44/><E92/><V39/><F39/><W82/><G36/><T20/><D114/><U52/><E85/><V123/><F123/><W47/><G54/><T96/><D96/><U99/><E99/><N who="2" m="61727" /><F127/><W38/><G38/><T128/><D128/><N who="3" m="49257" /><G82/><T70/><D70/><U94/><E94/><V84/><F23/><W134/><G86/><T9/><D64/><U13/><E44/><V29/><F29/><W40/><G40/><T101/><D57/><U61/><E18/><V109/><F109/><W104/><G104/><T124/><D101/><U69/><E111/><V74/><F74/><W14/><G134/><T62/><D62/><U49/><E61/><V12/><F51/><W125/><G125/><T58/><D58/><U24/><E49/><V115/><F59/><W71/><G71/><T31/><D124/><U81/><E69/><V87/><F115/><W56/><G56/><T41/><D31/><U102/><E102/><AGARI ba="0,0" hai="4,10,14,16,21,26,45,47,93,97,102" m="49257" machi="102" ten="30,2000,0" yaku="19,1,54,1" doraHai="34" who="3" fromWho="1" sc="250,0,250,-20,250,0,250,20" /><INIT seed="1,0,0,3,3,101" ten="250,230,250,270" oya="1" hai0="122,19,6,121,97,16,49,68,108,43,22,33,7" hai1="58,41,12,69,77,14,105,118,52,94,54,36,26" hai2="5,134,83,71,34,10,127,30,96,63,53,44,103" hai3="99,47,0,98,45,78,112,23,87,25,113,95,70"/><U4/><E69/><V133/><F127/><W57/><G70/><T123/><D68/><U2/><E118/><V110/><F83/><W8/><G0/><T20/><D97/><U62/><E2/><V3/><F53/><W29/><G8/><T40/><D49/><U24/><E105/><V125/><F44/><W85/><G112/><T130/><D33/><U9/><E36/><V92/><F125/><W116/><G116/><T37/><D37/><U39/><E41/><V120/><F110/><W115/><G113/><T18/><D108/><U129/><E39/><V82/><F82/><W17/><G57/><T13/><D130/><U73/><E77/><V86/><F86/><W135/><G78/><T66/><D66/><U107/><E107/><N who="2" m="63975" /><F120/><W28/><G115/><T31/><D31/><U27/><E129/><V46/><F92/><W50/><G95/><T60/><D60/><U106/><E106/><V1/><F46/><W72/><G47/><T42/><D13/><U128/><E73/><V84/><F84/><W81/><G72/><T64/><REACH who="0" step="1"/><D64/><REACH who="0" ten="240,230,250,270" step="2"/><N who="1" m="38999" /><E128/><V117/><F117/><W48/><G50/><T126/><D126/><U80/><E14/><V67/><F3/><W74/><G48/><T75/><D75/><U114/><E114/><V132/><F132/><W59/><G98/><T35/><D35/><U124/><E124/><V100/><F100/><W21/><G99/><T55/><D55/><N who="1" m="21035" /><E94/><V89/><F134/><W79/><G135/><T104/><D104/><U65/><E65/><V131/><F133/><W56/><G74/><T32/><D32/><U111/><E111/><RYUUKYOKU ba="0,1" sc="240,15,230,15,250,-15,270,-15" hai0="6,7,16,18,19,20,22,40,42,43,121,122,123" hai1="4,9,12,24,26,27,80" /><INIT seed="1,1,1,5,1,74" ten="255,245,235,255" oya="1" hai0="70,11,121,68,82,26,67,9,17,103,89,107,75" hai1="36,32,123,50,90,71,34,6,135,46,59,19,62" hai2="106,116,40,76,7,8,0,48,112,81,47,13,131" hai3="65,2,57,95,127,88,69,128,124,41,108,29,43"/><U22/><E123/><V49/><F116/><W134/><G2/><T30/><D121/><U119/><E119/><V31/><F131/><W42/><G29/><T52/><D17/><U85/><E6/><V44/><F112/><W16/><G128/><T109/><D109/><U126/><E126/><V60/><F106/><W61/><G108/><T98/><D89/><U92/><E135/><V45/><F31/><W86/><G134/><T78/><D70/><U23/><E23/><V14/><F60/><W28/><G28/><T94/><D94/><U84/><E84/><V73/><REACH who="2" step="1"/><F47/><REACH who="2" ten="255,245,225,255" step="2"/><W111/><G111/><T66/><D66/><U1/><E62/><V101/><F101/><W122/><G122/><T113/><D113/><U115/><E115/><V64/><F64/><W110/><G110/><T53/><D53/><AGARI ba="1,2" hai="0,7,8,13,14,40,44,45,48,49,53,73,76,81" machi="53" ten="30,3900,0" yaku="1,1,7,1,52,1,53,0" doraHai="74" doraHaiUra="21" who="2" fromWho="0" sc="255,-42,245,0,225,62,255,0" /><INIT seed="2,0,0,4,2,36" ten="213,245,287,255" oya="2" hai0="9,20,37,45,80,59,35,120,60,72,110,121,126" hai1="88,112,18,94,79,81,84,74,70,21,24,96,132" hai2="38,16,39,33,69,107,54,31,34,71,41,68,52" hai3="105,51,130,65,26,73,134,25,89,109,13,104,28"/><V125/><F107/><W61/><G73/><T27/><D110/><U44/><E70/><V6/><F6/><W106/><G109/><T108/><D35/><U93/><E112/><V48/><F125/><W8/><G130/><T0/><D108/><U66/><E66/><V113/><F113/><W87/><G134/><T75/><D126/><U97/><E132/><V90/><F90/><W22/><G51/><T127/><D127/><U124/><E124/><V5/><F5/><W43/><G43/><T115/><D115/><U3/><E3/><V103/><F103/><W98/><G98/><T1/><D121/><U56/><E56/><V58/><F16/><W133/><G133/><T50/><D120/><U101/><REACH who="1" step="1"/><E44/><REACH who="1" ten="213,235,287,255" step="2"/><N who="2" m="25615" /><F31/><W17/><G65/><T85/><D1/><U42/><E42/><V114/><F34/><W12/><G61/><T23/><D0/><U7/><E7/><V4/><F33/><W99/><G28/><T100/><D37/><N who="2" m="13834" /><F4/><W83/><REACH who="3" step="1"/><G99/><AGARI ba="0,1" hai="18,21,24,74,79,81,84,88,93,94,96,97,99,101" machi="99" ten="40,2600,0" yaku="1,1,54,1,53,0" doraHai="36" doraHaiUra="30" who="1" fromWho="3" sc="213,0,235,36,287,0,255,-26" /><INIT seed="3,0,0,3,1,84" ten="213,271,287,229" oya="3" hai0="7,108,26,54,123,65,40,49,45,34,86,112,126" hai1="85,92,2,118,71,109,104,72,111,32,121,24,74" hai2="61,82,80,44,62,43,39,68,30,128,56,8,64" hai3="67,42,103,100,59,51,83,135,57,130,73,28,88"/><W129/><G135/><T38/><D123/><U120/><E24/><V134/><F128/><N who="3" m="49259" /><G28/><T41/><D7/><U76/><E71/><V95/><F134/><W13/><G67/><T14/><D108/><U25/><E25/><V119/><F119/><W70/><G70/><T117/><D117/><U79/><E2/><V9/><F30/><W1/><G1/><T66/><D126/><U4/><E4/><V5/><F95/><W133/><G133/><T48/><D14/><U50/><E50/><V77/><F77/><W22/><G73/><T20/><D34/><U17/><E32/><V35/><F35/><W132/><G132/><T87/><D112/><U11/><E118/><V52/><REACH who="2" step="1"/><F9/><REACH who="2" ten="213,271,277,229" step="2"/><W102/><G42/><T21/><D38/><U29/><E29/><V6/><F6/><W19/><G51/><T122/><D122/><U3/><E121/><V131/><F131/><W96/><G83/><T127/><D127/><U99/><E120/><V0/><AGARI ba="0,1" hai="0,5,8,39,43,44,52,56,61,62,64,68,80,82" machi="0" ten="20,5200,0" yaku="1,1,0,1,7,1,54,1,53,0" doraHai="84" doraHaiUra="81" who="2" fromWho="2" sc="213,-13,271,-13,277,62,229,-26" /><INIT seed="4,0,0,5,5,43" ten="200,258,339,203" oya="0" hai0="58,91,88,65,107,39,77,1,72,80,84,81,53" hai1="121,68,89,35,86,90,42,110,92,78,17,109,128" hai2="76,99,50,94,134,63,106,73,18,120,69,105,9" hai3="83,23,5,49,37,21,27,126,96,112,3,123,45"/><T125/><D39/><U55/><E35/><V135/><F120/><W6/><G37/><T34/><D1/><U25/><E68/><V113/><F113/><W66/><G123/><T59/><D34/><U133/><E78/><V75/><F73/><W124/><G112/><T52/><D107/><U22/><E121/><V93/><F93/><W122/><G66/><T118/><D118/><U32/><E32/><V4/><F18/><W98/><G83/><T30/><D30/><U79/><E79/><V97/><F99/><W54/><G122/><T100/><D100/><U87/><E128/><V101/><F76/><W74/><G74/><T82/><D125/><N who="3" m="48233" /><G21/><T129/><D129/><U29/><E29/><V67/><F75/><W57/><G57/><T104/><D104/><U56/><E42/><V40/><F40/><W44/><G3/><T95/><D65/><U28/><E28/><V36/><F50/><W117/><G117/><T131/><D131/><U62/><E133/><N who="2" m="50699" /><F36/><W19/><G45/><T48/><D91/><U7/><E7/><AGARI ba="0,0" hai="5,6,7,19,23,27,44,49,54,96,98" m="48233" machi="7" ten="30,2000,0" yaku="18,1,52,1" doraHai="43" who="3" fromWho="1" sc="200,0,258,-20,339,0,203,20" /><INIT seed="5,0,0,4,4,99" ten="200,238,339,223" oya="1" hai0="117,113,27,119,1,75,76,135,32,67,36,81,41" hai1="14,125,34,53,104,100,61,48,40,103,10,69,84" hai2="78,23,47,102,28,15,17,70,38,52,111,0,9" hai3="30,55,133,128,43,65,13,24,49,92,89,45,120"/><U66/><E104/><V122/><F122/><W110/><G120/><T2/><D67/><U50/><E34/><V86/><F111/><W79/><G110/><T87/><D113/><U106/><E106/><V116/><F116/><W25/><G79/><T132/><D87/><U19/><E125/><V44/><F70/><W94/><G65/><T57/><D57/><U90/><E40/><V80/><F28/><W62/><G128/><T98/><D98/><U95/><REACH who="1" step="1"/><E50/><REACH who="1" ten="200,228,339,223" step="2"/><V72/><F38/><W21/><G133/><N who="0" m="51275" /><D41/><U37/><E37/><V60/><F60/><W56/><G13/><T6/><D36/><U93/><E93/><V85/><F44/><AGARI ba="0,1" hai="10,14,19,44,48,53,61,66,69,84,90,95,100,103" machi="44" ten="30,11600,0" yaku="1,1,7,1,52,2,53,0" doraHai="99" doraHaiUra="124" who="1" fromWho="2" sc="200,0,228,126,339,-116,223,0" /><INIT seed="5,1,0,0,2,17" ten="200,354,223,223" oya="1" hai0="101,42,92,73,55,97,25,18,86,128,31,46,130" hai1="88,6,19,93,121,66,96,85,91,44,9,53,95" hai2="45,32,117,62,115,59,63,37,34,65,0,35,120" hai3="84,23,21,135,109,94,72,4,112,70,104,134,38"/><U48/><E66/><V50/><F120/><W24/><G38/><T33/><D73/><U30/><E30/><V3/><F117/><W79/><G70/><T125/><D125/><U47/><E19/><V133/><F133/><W98/><G109/><T69/><D69/><U116/><E116/><V110/><F110/><W87/><G4/><T12/><D55/><U126/><E126/><V123/><F123/><W10/><G10/><T75/><D75/><U111/><E111/><V99/><F115/><W43/><G43/><T132/><D132/><N who="3" m="50729" /><G112/><T80/><D130/><U107/><E107/><V113/><F113/><W57/><G104/><T67/><D67/><U52/><E121/><V61/><F99/><W100/><G57/><T81/><D86/><N who="3" m="32809" /><G24/><T16/><D18/><U54/><E47/><V20/><F37/><W119/><G119/><T90/><D90/><U129/><E129/><V28/><F65/><W40/><G40/><T114/><D128/><U78/><E78/><V60/><F59/><W89/><G100/><T103/><D103/><U118/><E118/><V5/><F5/><W71/><G71/><T13/><D13/><AGARI ba="1,0" hai="6,9,13,44,48,52,53,54,85,88,91,93,95,96" machi="13" ten="30,11600,0" yaku="7,1,8,1,54,2" doraHai="17" who="1" fromWho="0" sc="200,-119,354,119,223,0,223,0" /><INIT seed="5,2,0,3,4,47" ten="81,473,223,223" oya="1" hai0="29,135,56,102,4,81,11,34,45,118,63,110,60" hai1="21,91,80,66,117,27,2,132,71,121,84,61,53" hai2="77,7,131,1,23,114,0,88,130,38,46,50,32" hai3="108,52,42,111,65,18,55,25,87,12,5,107,124"/><U103/><E2/><V122/><F122/><W35/><G107/><T39/><D118/><U90/><E121/><V15/><F32/><W20/><G65/><T93/><D110/><U44/><E117/><V68/><F68/><W75/><G75/><T115/><D115/><U83/><E103/><V89/><F38/><W37/><G124/><T134/><D29/><U28/><E132/><V133/><F133/><W95/><G37/><T106/><D34/><U104/><E104/><V128/><F114/><W9/><G42/><T6/><D106/><U97/><E97/><V70/><F70/><W33/><G108/><T109/><D109/><U123/><E123/><V49/><F77/><W58/><G111/><T40/><D135/><U112/><E112/><V67/><F67/><W126/><G126/><T76/><D134/><U17/><E28/><V57/><F57/><W31/><G55/><T48/><D4/><U16/><E17/><N who="2" m="10687" /><F7/><W92/><G87/><T59/><D93/><U43/><E53/><V113/><F113/><W62/><REACH who="3" step="1"/><G33/><REACH who="3" ten="81,473,223,213" step="2"/><T41/><D102/><U30/><E66/><V72/><F72/><W116/><G116/><T99/><D40/><U85/><E71/><V36/><F36/><W79/><G79/><T3/><D99/><U105/><E105/><V86/><F86/><W13/><AGARI ba="2,1" hai="5,9,12,13,18,20,25,31,35,52,58,62,92,95" machi="13" ten="20,5200,0" yaku="1,1,0,1,7,1,54,1,53,0" doraHai="47" doraHaiUra="69" who="3" fromWho="3" sc="81,-15,473,-28,223,-15,213,68" /><INIT seed="6,0,0,0,1,59" ten="66,445,208,281" oya="2" hai0="104,128,30,52,48,106,105,1,44,103,117,67,83" hai1="118,86,3,19,113,23,5,41,82,74,102,49,135" hai2="45,26,68,56,100,66,70,0,114,72,109,71,134" hai3="89,99,132,54,34,21,12,123,98,36,94,80,11"/><V81/><F0/><W111/><G123/><T126/><D1/><U33/><E74/><V64/><F114/><W85/><G111/><T96/><D128/><U115/><E33/><V35/><F109/><W93/><G36/><T79/><D126/><U110/><E118/><V27/><F134/><W6/><G34/><T28/><D117/><U42/><E102/><V97/><F45/><W13/><G132/><T46/><D44/><U39/><E39/><V32/><F56/><W16/><G54/><T22/><D30/><U112/><E110/><V25/><F81/><W15/><G15/><T58/><D22/><U76/><E135/><V75/><F97/><AGARI ba="0,0" hai="6,11,12,13,16,21,80,85,89,93,94,97,98,99" machi="97" ten="40,2600,0" yaku="8,1,54,1" doraHai="59" who="3" fromWho="2" sc="66,0,445,0,208,-26,281,26" /><INIT seed="7,0,0,4,2,68" ten="66,445,182,307" oya="3" hai0="131,24,58,77,73,92,62,99,56,104,1,95,119" hai1="8,96,126,80,46,16,84,76,61,64,91,53,60" hai2="90,37,86,125,21,88,27,47,118,12,79,78,98" hai3="103,19,20,34,120,6,39,132,48,69,113,133,112"/><W75/><G69/><T15/><D119/><U114/><E114/><N who="3" m="44138" /><G75/><T31/><D1/><U83/><E126/><V49/><F118/><W55/><G34/><T111/><D111/><U3/><E3/><V32/><F125/><W121/><G103/><T40/><D40/><U17/><E96/><V42/><F32/><W100/><G6/><T5/><D131/><U128/><E128/><V10/><F98/><W44/><G100/><T13/><D77/><U67/><E60/><V57/><F57/><W97/><G97/><T123/><D73/><U129/><E129/><V38/><F79/><W82/><G82/><T26/><D123/><N who="3" m="47177" /><G20/><T43/><D43/><U89/><E80/><V63/><F63/><W66/><G19/><T65/><D104/><U28/><E17/><V134/><F78/><W117/><G66/><T102/><D92/><U45/><E64/><V105/><F105/><W33/><G33/><T122/><D122/><U70/><E28/><V85/><F90/><W25/><G25/><T71/><D24/><U110/><E89/><V50/><F86/><W127/><G127/><T94/><D94/><U23/><E91/><V74/><F74/><W35/><G35/><T130/><D130/><U29/><E84/><V87/><F87/><W81/><G81/><T30/><D30/><U101/><E83/><V108/><F50/><W7/><G7/><T36/><D5/><U22/><E101/><V107/><F107/><W0/><G0/><T41/><D71/><U116/><E67/><V106/><F106/><W115/><G115/><T93/><D102/><U54/><E23/><RYUUKYOKU ba="0,0" sc="66,0,445,0,182,0,307,0" owari="66,-43.0,445,54.0,182,-22.0,307,11.0" /></mjloggm>