<mjloggm ver="2.3"><GO type="169"/><UN n0="%46%4C%41%4D%45" n1="%6F%28%3E%E3%83%AD%3C%2A%29%6F" n2="%EF%BC%88%E2%89%A7%E2%96%BD%E2%89%A6%EF%BC%89" n3="%E3%81%8A%EF%BC%81%E3%81%AA%E3%81%AB%EF%BD%9E%EF%BC%9F" dan="16,16,16,16" rate="2088,2059,2102,2122" sx="M,F,M,M"/><TAIKYOKU oya="0"/><INIT seed="0,0,0,0,1,120" ten="250,250,250,250" oya="0" hai0="128,36,68,49,69,5,104,111,67,130,42,8,33" hai1="3,81,96,117,47,109,107,38,119,129,13,66,55" hai2="10,105,23,59,72,29,11,71,118,35,65,121,54" hai3="112,4,63,94,1,12,106,78,124,133,31,27,98"/><T85/><D104/><U77/><E3/><V102/><F72/><W76/><G112/><T83/><D33/><U95/><E66/><V88/><F121/><W46/><G106/><T7/><D36/><U15/><E107/><V14/><F118/><W24/><G1/><T30/><D30/><U132/><E129/><N who="0" m="49769" /><D5/><U37/><E132/><V84/><F35/><W135/><G124/><T21/><D21/><U43/><E55/><V116/><F116/><W9/><G46/><N who="0" m="25815" /><D67/><U114/><E38/><V52/><F105/><W86/><G27/><T60/><D60/><U97/><E114/><V92/><F102/><W51/><G51/><T101/><D101/><U123/><E123/><V34/><F34/><W53/><G53/><N who="2" m="20585" /><F71/><W134/><G63/><T103/><D103/><U61/><E61/><N who="2" m="38079" /><F14/><W126/><G126/><T0/><D111/><U40/><E109/><V18/><F18/><W57/><G57/><T62/><D62/><U70/><E119/><V44/><F44/><W87/><G78/><AGARI ba="0,0" hai="0,7,8,68,69,78,83,85" m="25815,49769" machi="78" ten="30,1500,0" yaku="19,1" doraHai="120" who="0" fromWho="3" sc="250,15,250,0,250,0,250,-15" /><INIT seed="0,1,0,4,1,121" ten="265,250,250,235" oya="0" hai0="101,120,71,18,37,98,2,111,69,58,65,26,51" hai1="100,1,89,40,102,42,79,9,117,35,135,38,103" hai2="12,44,61,15,47,20,80,68,132,30,59,88,114" hai3="16,97,45,34,76,107,82,106,85,63,125,108,95"/><T126/><D120/><U93/><E117/><V92/><F68/><W31/><G125/><T96/><D37/><U25/><E79/><V78/><F114/><W29/><G45/><N who="2" m="17481" /><F132/><W57/><G108/><T23/><D2/><U72/><E72/><V87/><F30/><W56/><G56/><T8/><D126/><U49/><E49/><V46/><F20/><W22/><G34/><T128/><D128/><U0/><E38/><V19/><F19/><W119/><G119/><T5/><D98/><U66/><E66/><N who="2" m="39231" /><F46/><W24/><G106/><T104/><D111/><U13/><E135/><V21/><F21/><W131/><G107/><T129/><D129/><U4/><E1/><V133/><F133/><W36/><G36/><T41/><D41/><U14/><E42/><V90/><F78/><W130/><G130/><T54/><REACH who="0" step="1"/><D65/><REACH who="0" ten="255,250,250,235" step="2"/><U32/><E40/><V55/><F55/><N who="3" m="34239" /><G131/><T134/><D134/><U94/><E0/><V86/><AGARI ba="1,1" hai="12,15,80,86,87,88,90,92" m="39231,17481" machi="86" ten="30,2000,0" yaku="8,1,54,1" doraHai="121" who="2" fromWho="2" sc="255,-11,250,-6,250,33,235,-6" /><INIT seed="1,0,0,4,5,70" ten="244,244,283,229" oya="1" hai0="0,16,106,15,113,48,36,13,50,102,105,130,10" hai1="26,53,66,8,35,81,59,42,68,2,20,110,4" hai2="58,120,19,100,91,54,132,39,62,108,14,65,101" hai3="99,79,87,98,55,5,129,21,63,133,126,88,135"/><U51/><E81/><V89/><F120/><W64/><G79/><T75/><D113/><U92/><E42/><V40/><F132/><N who="3" m="50763" /><G126/><T82/><D0/><U109/><E35/><V3/><F3/><W47/><G129/><T31/><D130/><U73/><E73/><V78/><F78/><W118/><G118/><T43/><D31/><U41/><E41/><V22/><F108/><N who="1" m="41577" /><E92/><V12/><F12/><W96/><G5/><T134/><D15/><U46/><E68/><V74/><F74/><W112/><G112/><T11/><D13/><U90/><E90/><V76/><F76/><W114/><G114/><T117/><D43/><U67/><E46/><V94/><F65/><W71/><G21/><T52/><D75/><U95/><E95/><V115/><F115/><W24/><G24/><T127/><D134/><U104/><E104/><V38/><F91/><W119/><G119/><T61/><D106/><U121/><E121/><V1/><F1/><W27/><G27/><T17/><D105/><U123/><E123/><V32/><F32/><W84/><G88/><T6/><D117/><U28/><AGARI ba="0,0" hai="2,4,8,20,26,28,51,53,59,66,67" m="41577" machi="28" ten="30,3000,0" yaku="14,1,10,1" doraHai="70" who="1" fromWho="1" sc="244,-10,244,30,283,-10,229,-10" /><INIT seed="1,1,0,1,3,66" ten="234,274,273,219" oya="1" hai0="22,41,6,61,116,80,115,88,83,18,114,23,102" hai1="7,77,50,36,51,111,62,99,39,109,11,1,112" hai2="73,15,45,126,16,20,27,32,93,55,91,48,98" hai3="127,105,17,92,82,124,87,69,110,19,44,26,64"/><U128/><E112/><V75/><REACH who="2" step="1"/><F126/><REACH who="2" ten="234,274,263,219" step="2"/><W52/><G124/><T76/><D115/><U79/><E128/><V86/><F86/><W38/><G127/><T133/><D114/><U84/><E84/><V81/><F81/><W120/><G82/><T94/><D83/><U104/><E99/><V24/><F24/><W0/><G87/><T42/><D80/><U100/><E77/><V21/><F21/><W129/><G26/><T125/><D23/><U59/><E79/><V121/><F121/><W25/><G120/><T68/><D22/><U47/><E104/><V122/><F122/><W63/><G25/><T53/><D76/><U132/><E100/><V119/><F119/><W28/><G129/><T70/><D102/><U37/><E132/><V34/><F34/><W57/><G105/><T31/><D133/><U118/><E118/><V134/><F134/><W10/><G92/><T89/><D94/><U43/><REACH who="1" step="1"/><E51/><REACH who="1" ten="234,264,263,219" step="2"/><V117/><F117/><W65/><G38/><T97/><D97/><U54/><AGARI ba="1,2" hai="1,7,11,36,37,39,43,47,50,54,59,62,109,111" machi="54" ten="40,7800,0" yaku="1,1,2,1,0,1,53,0" doraHai="66" doraHaiUra="101" who="1" fromWho="1" sc="234,-27,264,101,263,-27,219,-27" /><INIT seed="1,2,0,3,0,64" ten="207,365,236,192" oya="1" hai0="58,78,97,92,118,93,47,65,124,76,88,53,16" hai1="134,24,34,46,27,111,39,0,43,75,8,52,45" hai2="28,102,127,119,18,56,91,69,1,13,133,104,89" hai3="84,7,114,87,32,21,61,10,82,35,50,83,80"/><U108/><E75/><V110/><F119/><W101/><G114/><T100/><D118/><U90/><E134/><V103/><F1/><W48/><G101/><N who="2" m="38409" /><F69/><W125/><G125/><T99/><D124/><U116/><E116/><V26/><F104/><W19/><G61/><T66/><D47/><U94/><E0/><V72/><F72/><W85/><G10/><T63/><D65/><U9/><E9/><N who="2" m="6447" /><F133/><W37/><G37/><T71/><REACH who="0" step="1"/><D16/><REACH who="0" ten="197,365,236,192" step="2"/><U25/><E45/><V98/><F127/><W128/><G7/><T106/><D106/><U31/><E31/><V79/><F28/><W113/><G113/><T120/><D120/><U49/><E34/><V57/><F26/><W121/><G121/><T38/><D38/><U30/><E30/><V54/><F54/><W105/><G105/><T59/><D59/><U74/><E27/><V15/><F56/><W60/><G35/><T73/><D73/><U44/><E74/><V36/><F57/><W3/><G32/><T70/><D70/><U23/><E8/><V117/><F117/><W55/><G55/><T135/><D135/><U41/><E52/><V115/><F36/><W6/><G6/><T109/><D109/><N who="1" m="42059" /><E23/><V42/><F110/><W14/><G21/><T51/><AGARI ba="2,1" hai="51,53,58,63,66,71,76,78,88,92,93,97,99,100" machi="51" ten="20,8000,1" yaku="1,1,0,1,7,1,52,1,54,1,53,0" doraHai="64" doraHaiUra="5" who="0" fromWho="0" sc="197,96,365,-42,236,-22,192,-22" /><INIT seed="2,0,0,3,0,130" ten="293,323,214,170" oya="2" hai0="28,53,56,77,95,110,47,20,73,89,133,13,111" hai1="102,72,97,98,26,35,126,7,16,79,114,52,34" hai2="94,40,14,108,113,86,117,54,39,128,48,75,82" hai3="83,74,22,87,46,37,11,92,4,101,44,93,84"/><V0/><F0/><W88/><G74/><T65/><D65/><U9/><E114/><V112/><F128/><W81/><G22/><T116/><D47/><U66/><E66/><V27/><F117/><W96/><G37/><T1/><D1/><U99/><E79/><V8/><F75/><W68/><G68/><T23/><D116/><U51/><E72/><V135/><F94/><W129/><G129/><T30/><D77/><U134/><E126/><V12/><F108/><N who="0" m="41514" /><D73/><U58/><E102/><V21/><F39/><W38/><G38/><T70/><D70/><U85/><E85/><V115/><F40/><W25/><G25/><T42/><D42/><U17/><E35/><V61/><F61/><W62/><G62/><N who="0" m="36111" /><D133/><U120/><E134/><V125/><F135/><W107/><G107/><T118/><D118/><U49/><E120/><V131/><F125/><W80/><REACH who="3" step="1"/><G87/><REACH who="3" ten="293,323,214,160" step="2"/><N who="0" m="52671" /><D23/><U78/><E49/><V122/><F131/><W57/><G57/><T41/><D41/><U33/><E51/><V132/><F132/><W103/><G103/><T76/><D76/><U127/><E78/><V59/><F122/><W124/><G124/><T121/><D121/><U32/><E58/><V31/><REACH who="2" step="1"/><F8/><REACH who="2" ten="293,323,204,160" step="2"/><W91/><G91/><AGARI ba="0,2" hai="12,14,21,27,31,48,54,59,82,86,91,112,113,115" machi="91" ten="40,3900,0" yaku="1,1,2,1,53,0" doraHai="130" doraHaiUra="100" who="2" fromWho="3" sc="293,0,323,0,204,59,160,-39" /><INIT seed="2,1,0,1,1,67" ten="293,323,263,121" oya="2" hai0="92,43,115,13,91,19,129,18,21,70,120,109,125" hai1="33,103,102,132,78,9,10,123,74,68,122,134,49" hai2="0,45,48,112,46,36,94,57,40,56,128,79,114" hai3="55,62,50,88,98,110,84,26,24,11,126,130,87"/><V119/><F0/><W86/><G126/><T23/><D120/><N who="1" m="46123" /><E33/><V22/><F79/><W81/><G130/><T15/><D115/><N who="2" m="44074" /><F94/><N who="3" m="56647" /><G110/><T73/><D109/><U5/><E78/><V131/><F22/><W89/><G62/><T76/><D125/><U3/><E74/><V64/><F119/><W133/><G133/><N who="1" m="51306" /><E10/><V58/><F64/><W105/><G105/><T124/><D129/><N who="2" m="49738" /><F46/><N who="3" m="28119" /><G11/><T6/><D124/><U97/><E49/><AGARI ba="1,0" hai="36,40,45,48,49,56,57,58" m="49738,44074" machi="49" ten="40,7700,0" yaku="19,1,34,2" doraHai="67" who="2" fromWho="1" sc="293,0,323,-80,263,80,121,0" /><INIT seed="2,2,0,2,1,22" ten="293,243,343,121" oya="2" hai0="30,114,81,41,109,87,2,101,75,44,103,19,117" hai1="47,3,72,14,15,10,104,95,134,93,56,84,77" hai2="39,53,132,11,86,97,50,55,65,130,1,92,127" hai3="59,45,17,31,37,115,128,78,69,73,20,112,27"/><V113/><F39/><W120/><G120/><T64/><D114/><N who="3" m="43561" /><G69/><T100/><D2/><U63/><E104/><V28/><F113/><W49/><G37/><T131/><D75/><U71/><E71/><V108/><F132/><W13/><G59/><T91/><D109/><U16/><E72/><V57/><F108/><W9/><G128/><T125/><D131/><U7/><E134/><V106/><F130/><W0/><G0/><T40/><D125/><U82/><E47/><V94/><F127/><W76/><G73/><T42/><D117/><U119/><E3/><V98/><F106/><W54/><AGARI ba="2,0" hai="9,13,17,20,27,31,45,49,54,76,78" m="43561" machi="54" ten="30,2000,0" yaku="11,1,52,1" doraHai="22" who="3" fromWho="3" sc="293,-7,243,-7,343,-12,121,26" /><INIT seed="3,0,0,0,2,68" ten="286,236,331,147" oya="3" hai0="82,67,61,43,94,31,12,130,66,55,85,81,84" hai1="30,46,8,71,58,49,135,16,3,116,10,114,103" hai2="26,131,22,91,77,88,125,52,96,105,133,44,21" hai3="17,111,5,14,63,2,99,33,78,87,35,80,50"/><W121/><G121/><T129/><D31/><U120/><E114/><V0/><F0/><W34/><G63/><T113/><D113/><U65/><E71/><V45/><F125/><W7/><G2/><T51/><D43/><U54/><E120/><V107/><F133/><W124/><G124/><T74/><D74/><U59/><E135/><V128/><F77/><W97/><G50/><T126/><D126/><U39/><E116/><V115/><F115/><W122/><G122/><T112/><D112/><U24/><E103/><N who="2" m="62695" /><F107/><W37/><G37/><T40/><D40/><U42/><E65/><V36/><F22/><W15/><G111/><T23/><D94/><U101/><E101/><V53/><F44/><W19/><G7/><T57/><D67/><U83/><E83/><V98/><F98/><W41/><G41/><T132/><D132/><U109/><E109/><V92/><F36/><W110/><G5/><T117/><D117/><U62/><E10/><V38/><F38/><W32/><N who="3" m="8192" /><DORA hai="89" /><W1/><G1/><T70/><D82/><U20/><E3/><V69/><F69/><W25/><G25/><T100/><D100/><U102/><E102/><V6/><F6/><W86/><G86/><T56/><D70/><U27/><E27/><V79/><F45/><W104/><G104/><T76/><D85/><U48/><REACH who="1" step="1"/><E59/><REACH who="1" ten="286,226,331,147" step="2"/><V64/><F64/><W73/><G110/><T72/><D72/><U47/><E47/><V118/><F26/><W18/><G73/><T134/><D134/><U93/><E93/><V29/><F118/><W13/><AGARI ba="0,1" hai="13,14,15,17,18,19,78,80,87,97,99" m="8192" machi="13" ten="70,12000,1" yaku="0,1,29,2" doraHai="68,89" who="3" fromWho="3" sc="286,-40,226,-40,331,-40,147,130" /><INIT seed="3,1,0,3,4,21" ten="246,186,291,277" oya="3" hai0="55,52,61,72,66,44,20,77,128,106,105,47,111" hai1="104,10,51,25,79,33,98,60,75,97,127,123,103" hai2="39,121,76,124,126,14,49,16,135,43,35,29,90" hai3="2,45,57,24,132,42,70,102,1,130,3,11,84"/><W26/><G70/><T6/><D111/><U53/><E123/><V122/><F39/><W114/><G114/><T107/><D128/><U95/><E127/><N who="2" m="48683" /><F76/><W48/><G130/><T4/><D77/><U27/><E33/><V81/><F135/><W113/><G113/><T28/><D72/><U78/><E10/><N who="2" m="6231" /><F43/><W22/><G132/><T100/><D100/><U0/><E0/><V19/><F49/><W125/><G125/><T23/><D28/><U56/><E75/><V68/><F68/><W73/><G73/><T65/><D106/><U96/><E78/><V82/><F19/><W46/><G102/><T37/><D61/><U67/><E79/><V7/><F7/><W32/><G32/><T116/><REACH who="0" step="1"/><D37/><REACH who="0" ten="236,186,291,277" step="2"/><U13/><E104/><V80/><F90/><W58/><G48/><T91/><D91/><U74/><E74/><V64/><F64/><W71/><G71/><T118/><AGARI ba="1,1" hai="4,6,20,23,44,47,52,55,65,66,105,107,116,118" machi="118" ten="25,8000,1" yaku="1,1,0,1,22,2,54,1,53,0" doraHai="21" doraHaiUra="120" who="0" fromWho="0" sc="236,93,186,-21,291,-21,277,-41" /><INIT seed="4,0,0,5,3,127" ten="329,165,270,236" oya="0" hai0="33,12,30,107,116,66,38,122,4,133,79,16,5" hai1="65,103,64,24,77,108,1,31,75,93,57,94,81" hai2="92,49,63,40,29,36,22,121,71,100,118,82,70" hai3="42,62,106,61,128,45,110,47,120,109,25,7,32"/><T51/><D38/><U113/><E1/><V132/><F121/><W124/><G106/><T68/><D107/><U114/><E108/><V53/><F132/><W2/><G2/><T111/><D122/><U83/><E83/><V73/><F118/><W87/><G7/><T11/><D116/><U105/><E105/><V85/><F73/><W115/><G120/><T60/><D133/><U104/><E104/><V17/><F36/><W125/><G87/><T88/><D111/><N who="3" m="42505" /><G25/><T80/><D51/><U50/><E50/><V99/><F29/><W96/><G96/><T8/><D8/><U126/><E126/><N who="3" m="48746" /><G32/><T44/><D44/><N who="3" m="16969" /><G115/><N who="1" m="44042" /><E103/><V19/><F100/><W52/><G42/><T26/><D88/><U15/><E15/><V131/><F40/><W91/><G91/><T97/><D97/><U74/><E94/><V135/><F92/><W102/><G102/><T43/><D43/><U86/><E93/><V119/><F99/><W59/><G62/><T35/><D35/><N who="1" m="20967" /><E86/><AGARI ba="0,0" hai="4,5,11,12,16,26,30,33,60,66,68,79,80,86" machi="86" ten="30,2900,0" yaku="7,1,54,1" doraHai="127" who="0" fromWho="1" sc="329,29,165,-29,270,0,236,0" /><INIT seed="4,1,0,1,4,11" ten="358,136,270,236" oya="0" hai0="120,29,129,108,52,59,105,113,32,14,111,61,33" hai1="118,48,125,110,123,68,82,84,116,109,102,3,98" hai2="72,42,101,10,88,92,86,4,37,57,35,43,41" hai3="0,39,19,65,95,91,31,87,12,127,55,5,53"/><T131/><D105/><N who="1" m="63703" /><E68/><V23/><F35/><N who="0" m="13386" /><D29/><U44/><E3/><V114/><F114/><W103/><G39/><T106/><D106/><U38/><E48/><V62/><F72/><W132/><G31/><T71/><D71/><U100/><E44/><V27/><F101/><W45/><G127/><T115/><D120/><U117/><E38/><V130/><F130/><N who="0" m="49674" /><D14/><U90/><E125/><V16/><F37/><W93/><G65/><T67/><D67/><U122/><E100/><V63/><REACH who="2" step="1"/><F57/><REACH who="2" ten="358,136,260,236" step="2"/><W7/><G103/><T96/><D96/><U121/><AGARI ba="1,1" hai="82,84,90,109,110,116,117,118,121,122,123" m="63703" machi="121" ten="40,2700,0" yaku="34,2" doraHai="11" who="1" fromWho="1" sc="358,-14,136,40,260,-8,236,-8" /><INIT seed="5,0,0,4,4,75" ten="344,176,252,228" oya="1" hai0="102,79,91,132,28,96,83,29,27,23,101,18,17" hai1="62,14,118,76,35,117,116,106,46,63,33,70,121" hai2="80,59,81,19,37,103,107,0,130,43,86,110,57" hai3="73,94,131,2,100,105,20,82,15,127,47,53,6"/><U51/><E106/><V114/><F0/><W125/><G105/><T135/><D91/><U40/><E121/><V21/><F110/><W98/><G131/><T9/><D9/><U93/><E93/><V52/><F130/><W88/><G2/><T64/><D64/><U69/><E14/><V41/><F114/><W104/><G47/><T34/><D29/><U3/><E3/><V44/><F107/><W124/><G53/><T8/><D8/><U108/><E108/><V60/><F103/><N who="0" m="39434" /><D34/><U39/><E39/><V7/><F7/><W56/><G56/><T22/><D22/><U49/><E49/><V16/><F43/><W36/><G36/><T42/><D96/><U38/><E51/><V71/><F71/><W30/><G30/><T97/><D97/><U68/><REACH who="1" step="1"/><E76/><REACH who="1" ten="344,166,252,228" step="2"/><V11/><F37/><W10/><G124/><T120/><D120/><U12/><E12/><N who="2" m="7199" /><F41/><W126/><G125/><T119/><D42/><U128/><E128/><V87/><F44/><W72/><G126/><T113/><D79/><U123/><E123/><V133/><F80/><W111/><G127/><T112/><D83/><U54/><E54/><N who="2" m="33911" /><F81/><W84/><G111/><T26/><D113/><U58/><E58/><V4/><F52/><W115/><G115/><T61/><D112/><U129/><E129/><V24/><F57/><W65/><G65/><T85/><D27/><U48/><E48/><V134/><F4/><W122/><G122/><T32/><D26/><U90/><E90/><V5/><F5/><W66/><G66/><T25/><D25/><U77/><E77/><V78/><F78/><RYUUKYOKU ba="0,1" sc="344,-15,166,15,252,15,228,-15" hai1="33,35,38,40,46,62,63,68,69,70,116,117,118" hai2="19,21,24,86,87,133,134" /><INIT seed="5,1,1,3,4,69" ten="329,181,267,213" oya="1" hai0="130,21,15,26,117,18,77,67,110,66,112,107,87" hai1="68,63,71,29,56,133,98,79,13,128,124,10,47" hai2="123,34,44,115,135,82,1,90,52,8,134,105,83" hai3="27,86,111,40,35,65,12,11,119,60,3,126,62"/><U102/><E124/><V6/><F123/><W54/><G111/><T108/><D117/><U30/><E128/><V25/><F105/><W9/><G126/><T43/><D107/><U75/><E133/><N who="2" m="50699" /><F115/><W7/><G40/><T28/><D112/><U41/><E79/><V95/><F25/><W2/><G119/><T89/><D130/><U129/><E75/><V17/><F17/><W97/><G97/><T81/><D43/><U132/><E129/><V106/><F34/><W51/><G86/><T48/><D48/><U96/><E132/><V121/><F106/><W113/><G113/><T114/><D114/><U61/><E71/><V73/><F73/><W46/><G65/><T103/><D103/><U32/><E32/><V64/><F64/><W36/><G36/><T58/><D67/><N who="1" m="39335" /><E102/><V131/><F121/><W45/><G45/><T125/><D125/><U37/><E68/><V0/><F0/><W55/><G55/><T122/><D122/><U76/><E37/><V104/><F104/><W70/><G70/><T49/><D77/><U53/><E76/><V50/><F131/><W101/><G101/><T88/><D89/><U39/><E39/><V42/><F42/><W92/><G92/><T59/><D66/><U118/><E118/><V22/><F22/><W19/><G3/><T74/><D74/><U94/><E94/><V4/><F4/><W85/><G85/><AGARI ba="1,1" hai="1,6,8,44,50,52,82,83,85,90,95" m="50699" machi="85" ten="30,2000,0" yaku="20,1,54,1" doraHai="69" who="2" fromWho="3" sc="329,0,181,0,267,33,213,-23" /><INIT seed="6,0,0,3,5,21" ten="329,181,300,190" oya="2" hai0="0,26,71,108,96,31,5,133,53,43,66,105,39" hai1="30,41,130,89,14,36,55,15,13,64,83,86,48" hai2="34,16,59,97,90,114,116,111,99,68,9,1,44" hai3="87,93,50,125,84,131,95,76,110,103,94,128,51"/><V92/><F116/><W23/><G110/><T56/><D108/><U77/><E64/><V70/><F34/><W112/><G125/><T135/><D66/><U79/><E130/><N who="3" m="49706" /><G112/><T49/><D71/><U28/><E41/><V57/><F111/><W37/><G37/><T88/><D5/><U67/><E67/><V75/><F75/><W106/><G23/><T47/><D0/><U63/><E63/><V123/><F123/><W65/><G65/><T69/><D69/><U38/><E38/><V29/><F29/><N who="1" m="11369" /><E36/><V35/><F35/><W40/><G40/><T118/><D118/><U126/><E126/><V134/><F70/><W6/><G6/><T11/><D11/><U74/><E74/><V109/><F68/><W100/><G106/><T120/><D120/><U62/><E62/><V91/><F109/><W8/><G8/><T122/><D122/><U58/><AGARI ba="0,0" hai="13,14,15,48,55,58,77,79,83,86,89" m="11369" machi="58" ten="30,1100,0" yaku="8,1" doraHai="21" who="1" fromWho="1" sc="329,-3,181,11,300,-5,190,-3" /><INIT seed="7,0,0,1,3,54" ten="326,192,295,187" oya="3" hai0="63,109,9,121,122,77,92,127,82,104,81,102,112" hai1="55,71,6,51,20,47,113,21,39,3,107,48,114" hai2="75,8,49,125,50,1,23,100,56,110,133,52,91" hai3="34,124,27,36,53,76,85,59,65,78,16,90,7"/><W134/><G36/><T88/><D109/><U79/><E107/><V61/><F75/><W4/><G124/><T13/><D127/><U42/><E79/><N who="3" m="30250" /><G34/><T40/><D82/><U117/><E71/><V74/><F74/><W69/><G65/><T93/><D104/><U89/><E89/><V57/><F125/><W0/><G0/><T128/><D40/><U30/><E117/><V29/><F110/><W58/><G69/><T70/><D70/><U18/><E39/><V111/><F111/><W126/><G126/><T19/><D63/><U67/><E67/><N who="2" m="39335" /><F133/><W25/><G134/><T68/><D68/><U44/><E3/><V105/><F105/><W37/><G37/><T10/><D10/><U31/><E6/><N who="3" m="2090" /><G53/><T73/><D73/><U28/><REACH who="1" step="1"/><E20/><REACH who="1" ten="326,182,295,187" step="2"/><V38/><F38/><W11/><G27/><AGARI ba="0,1" hai="18,21,27,28,30,31,42,44,47,48,51,55,113,114" machi="27" ten="40,2600,0" yaku="1,1,2,1,53,0" doraHai="54" doraHaiUra="99" who="1" fromWho="3" sc="326,0,182,36,295,0,187,-26" owari="326,42.0,218,-18.0,295,10.0,161,-34.0" /></mjloggm>