<mjloggm ver="2.3"><GO type="41"/><UN n0="%4E%6F%2D%4C%69%66%65" n1="%E3%81%8C%E3%81%99%E3%81%9F%E3%82%93%E3%81%8F" n2="%E3%82%A6%E3%83%AB%E3%83%88%E3%83%A9%E7%AB%8B%E7%9B%B4" n3="%54%44%44%2D%31" dan="13,14,15,14" rate="1856,1894,1994,1900" sx="M,M,M,M"/><TAIKYOKU oya="0"/><INIT seed="0,0,0,3,4,20" ten="250,250,250,250" oya="0" hai0="62,85,102,25,32,90,109,2,78,118,75,96,49" hai1="74,76,1,130,64,24,50,134,107,42,23,65,135" hai2="121,125,98,114,12,39,22,60,55,113,31,21,16" hai3="56,88,128,28,127,106,87,117,66,7,73,110,126"/><T40/><D118/><U80/><E107/><V52/><F39/><W132/><G117/><T99/><D2/><U27/><E1/><V15/><F121/><W11/><G106/><T67/><D40/><U46/><E130/><V100/><F125/><W43/><G128/><T101/><D49/><U105/><E105/><V70/><F70/><W86/><G73/><T3/><D3/><U45/><E45/><V36/><F36/><W95/><G110/><T6/><D6/><U26/><REACH who="1" step="1"/><E23/><REACH who="1" step="2"/><V59/><F113/><W51/><G127/><T61/><D109/><U5/><E5/><V57/><F114/><W34/><G126/><T30/><D78/><U4/><E4/><V19/><F31/><W103/><G28/><T116/><D116/><U133/><AGARI ba="0,1" hai="24,26,27,42,46,50,64,65,74,76,80,133,134,135" machi="133" ten="40,12000,2" yaku="1,1,0,1,20,1,52,3,53,1" doraHai="20" doraHaiUra="104" who="1" fromWho="1" sc="250,-60,240,130,250,-30,250,-30" /><INIT seed="1,0,0,1,0,81" ten="190,370,220,220" oya="1" hai0="48,17,22,9,132,1,58,99,104,34,121,53,91" hai1="103,37,135,43,56,89,61,123,41,63,97,110,50" hai2="5,69,45,88,39,68,54,19,77,7,62,114,27" hai3="42,26,12,79,86,133,4,3,21,85,112,67,125"/><U23/><E123/><V115/><F77/><W122/><G112/><N who="2" m="43049" /><F19/><W65/><G122/><T28/><D132/><U6/><E135/><V106/><F27/><W98/><G133/><T120/><D104/><U127/><E127/><V105/><F7/><W100/><G125/><T75/><D75/><U76/><E37/><V29/><F5/><W131/><G3/><T108/><D99/><U130/><E76/><V126/><F29/><W24/><G131/><T134/><D134/><U90/><E6/><V113/><N who="2" m="43057" /><V93/><DORA hai="2" /><F126/><W73/><G73/><T20/><D91/><U30/><E90/><V14/><F14/><W15/><G42/><T13/><D1/><U60/><E89/><V31/><F31/><W124/><G124/><T83/><D83/><U70/><E23/><V116/><F116/><W72/><G72/><T49/><D28/><U46/><E30/><V101/><F101/><W92/><G79/><T55/><D34/><U35/><E35/><V128/><F128/><W107/><G107/><N who="2" m="40969" /><F62/><W32/><G32/><T59/><D120/><U40/><E130/><V38/><F54/><W44/><G44/><T94/><D121/><U57/><E63/><V87/><F45/><W111/><G111/><T117/><D108/><U78/><E110/><V95/><F95/><W8/><G12/><N who="0" m="7311" /><D117/><U71/><E78/><V129/><F129/><W47/><G47/><T84/><D13/><U25/><E61/><V52/><F52/><W66/><REACH who="3" step="1"/><G24/><REACH who="3" step="2"/><T82/><D94/><U80/><E25/><V74/><F74/><W64/><N who="3" m="16896" /><DORA hai="16" /><W102/><G102/><RYUUKYOKU ba="0,1" sc="190,10,370,-30,220,10,210,10" hai0="20,22,48,49,53,55,58,59,82,84" hai2="38,39,68,69,87,88,93" hai3="4,8,15,21,26,85,86,92,98,100" /><INIT seed="2,1,1,5,1,129" ten="200,340,230,220" oya="2" hai0="3,80,79,98,85,54,53,95,71,21,123,133,7" hai1="47,131,46,60,52,15,72,134,135,65,81,68,89" hai2="126,55,0,73,1,76,67,86,117,74,57,59,112" hai3="43,69,115,5,33,24,116,64,56,122,26,91,4"/><V63/><F117/><W45/><G122/><T41/><D123/><U40/><E131/><V90/><F112/><W9/><G116/><T32/><D32/><U78/><E15/><V48/><F126/><W119/><G119/><T118/><D118/><U93/><E40/><V11/><F76/><W127/><G115/><T58/><D71/><U61/><E47/><V105/><F105/><W121/><G121/><T104/><D41/><U25/><E25/><V124/><F124/><W23/><G127/><T130/><D130/><U39/><E39/><V82/><REACH who="2" step="1"/><F11/><REACH who="2" step="2"/><W107/><G107/><T38/><D104/><U49/><REACH who="1" step="1"/><E60/><REACH who="1" step="2"/><V51/><F51/><W28/><G9/><T13/><D38/><U94/><E94/><V128/><F128/><W18/><G43/><T34/><D95/><U92/><E92/><V111/><F111/><W12/><G12/><T35/><D13/><U106/><E106/><V19/><F19/><W96/><G18/><T70/><D98/><AGARI ba="1,3" hai="46,49,52,61,65,68,72,78,81,89,93,98,134,135" machi="98" ten="40,8000,1" yaku="1,1,52,2,54,1,53,0" doraHai="129" doraHaiUra="97" who="1" fromWho="0" sc="200,-83,330,113,220,0,220,0" /><INIT seed="3,0,0,4,4,36" ten="117,443,220,220" oya="3" hai0="18,1,83,31,66,52,126,100,107,70,77,120,54" hai1="17,114,0,10,59,116,129,95,20,7,121,23,72" hai2="48,122,82,112,76,25,102,131,96,43,65,101,4" hai3="21,51,81,94,12,55,6,124,99,24,98,29,119"/><W46/><G124/><T2/><D120/><U61/><E72/><V35/><F122/><W71/><G119/><T104/><D70/><U88/><E114/><V93/><F112/><W130/><G71/><T5/><D31/><U58/><E121/><V34/><F131/><W42/><G130/><T117/><D117/><U92/><E129/><V80/><F4/><W108/><G108/><T128/><D128/><U16/><E116/><V44/><F65/><W78/><G55/><T125/><D66/><U49/><E49/><V15/><F25/><W19/><G94/><T115/><D5/><U11/><E92/><V40/><F34/><W56/><G56/><T68/><D68/><U22/><E11/><V106/><F35/><W113/><G113/><T79/><D115/><U64/><E59/><V3/><F3/><W133/><G133/><T28/><D28/><U27/><REACH who="1" step="1"/><E27/><REACH who="1" step="2"/><V41/><F15/><W38/><G38/><T26/><D83/><U32/><E32/><V105/><F82/><W9/><REACH who="3" step="1"/><G29/><REACH who="3" step="2"/><T87/><D26/><U132/><E132/><V89/><F105/><W30/><G30/><T60/><D107/><U75/><E75/><AGARI ba="0,2" hai="6,9,12,19,21,24,42,46,51,75,78,81,98,99" machi="75" ten="30,5800,0" yaku="1,1,7,1,52,1,53,0" doraHai="36" doraHaiUra="53" who="3" fromWho="1" sc="117,0,433,-58,220,0,210,78" /><INIT seed="3,1,0,3,3,107" ten="117,375,220,288" oya="3" hai0="130,1,26,109,18,114,91,88,77,63,36,116,135" hai1="35,61,47,112,73,87,14,119,118,83,81,126,101" hai2="79,129,31,117,65,106,51,93,5,52,89,123,55" hai3="67,28,121,0,30,92,76,29,41,20,78,53,82"/><W108/><G121/><T72/><D36/><U99/><E112/><V95/><F106/><W120/><G120/><T16/><D116/><N who="1" m="44587" /><E35/><V10/><F123/><W132/><G0/><T122/><D122/><U68/><E126/><V69/><F117/><W125/><G125/><T86/><D26/><U17/><E47/><V34/><F129/><W80/><G132/><T32/><D32/><U50/><E50/><V62/><F79/><W38/><G67/><T27/><D27/><U24/><E24/><V66/><F31/><W33/><G33/><T40/><D114/><U45/><E45/><V23/><F34/><W111/><G38/><T9/><D130/><U60/><E68/><V15/><F23/><W128/><G41/><T6/><D135/><U124/><E124/><V21/><F21/><W105/><G105/><T110/><D40/><U74/><E61/><V42/><F93/><W94/><G128/><T39/><D63/><U49/><E49/><V115/><F115/><W98/><G20/><T100/><D39/><U8/><E60/><V71/><F71/><W37/><G37/><T64/><D64/><U131/><E131/><V134/><F134/><W133/><G133/><T103/><D91/><N who="1" m="51695" /><E83/><V44/><REACH who="2" step="1"/><F66/><REACH who="2" step="2"/><W113/><G113/><T96/><D103/><U54/><E54/><V4/><F4/><W12/><G53/><T104/><D109/><U19/><E19/><V127/><F127/><W75/><G111/><T13/><D110/><U97/><E101/><V46/><F46/><W70/><G108/><T59/><D59/><U25/><E25/><V43/><F43/><RYUUKYOKU ba="1,1" sc="117,-15,375,15,210,15,288,-15" hai1="8,14,17,73,74,97,99" hai2="5,10,15,42,44,51,52,55,62,65,69,89,95" /><INIT seed="4,2,1,5,4,81" ten="102,390,225,273" oya="0" hai0="119,20,57,26,115,4,50,60,2,98,97,114,65" hai1="12,54,11,27,34,62,52,35,78,122,9,72,107" hai2="127,1,59,5,103,129,93,135,21,56,87,105,41" hai3="25,55,96,88,49,111,113,19,45,14,3,42,44"/><T132/><D119/><U83/><E122/><V28/><F105/><W102/><G113/><T43/><D4/><U124/><E107/><V29/><F1/><W100/><G111/><T53/><D2/><U18/><E124/><V128/><F127/><W121/><G3/><T112/><D20/><U125/><E125/><V75/><F75/><W64/><G121/><T116/><D116/><U58/><E54/><V86/><F41/><W95/><G64/><T131/><D26/><U91/><E91/><V123/><F123/><W6/><G6/><T16/><D16/><U30/><E11/><V24/><F5/><W39/><REACH who="3" step="1"/><G25/><REACH who="3" step="2"/><T68/><D132/><U31/><E27/><V120/><F135/><W15/><G15/><T0/><D0/><U99/><E34/><V69/><F120/><W10/><AGARI ba="2,2" hai="10,14,19,39,42,44,45,49,55,88,95,96,100,102" machi="10" ten="20,8000,1" yaku="1,1,0,1,7,1,54,1,53,1" doraHai="81" doraHaiUra="13" who="3" fromWho="3" sc="102,-42,390,-22,225,-22,263,106" /><INIT seed="5,0,0,3,2,60" ten="60,368,203,369" oya="1" hai0="40,33,120,75,113,74,135,103,92,53,64,23,86" hai1="57,83,44,28,114,91,38,21,87,58,122,102,123" hai2="48,5,32,36,17,0,110,131,98,14,10,88,70" hai3="37,93,133,115,31,77,82,59,2,26,112,80,30"/><U55/><E114/><V128/><F36/><W43/><G2/><T105/><D33/><U12/><E102/><V15/><F70/><W13/><G133/><T8/><D105/><U47/><E57/><V97/><F110/><W46/><G13/><T66/><D8/><U50/><E38/><V7/><F48/><W106/><G106/><T29/><D40/><U71/><E71/><V118/><F97/><W22/><G93/><T25/><D113/><U89/><E89/><V119/><F88/><W90/><G90/><N who="0" m="53335" /><D75/><U100/><E100/><V117/><F98/><W3/><G3/><T121/><D74/><U132/><E132/><V16/><F32/><W127/><G127/><T99/><D135/><U130/><E130/><N who="2" m="49707" /><F0/><W39/><G39/><T63/><D103/><U94/><E83/><V108/><F108/><W84/><G115/><T41/><D41/><U79/><E79/><V76/><F76/><W109/><G112/><T78/><D78/><U54/><E47/><V35/><F35/><W20/><G109/><T11/><D99/><U49/><E28/><V56/><F56/><W61/><G82/><T45/><D11/><U34/><E34/><V85/><F85/><W129/><G129/><T42/><D63/><U101/><E101/><V126/><F126/><W1/><G1/><T107/><D107/><U104/><E104/><V96/><F96/><W18/><G22/><AGARI ba="0,0" hai="5,7,10,14,15,16,17,22,117,118,119" m="49707" machi="22" ten="40,8000,1" yaku="19,1,34,2,54,1" doraHai="60" who="2" fromWho="3" sc="60,0,368,0,203,80,369,-80" /><INIT seed="6,0,0,2,1,56" ten="60,368,283,289" oya="2" hai0="14,24,60,81,94,9,122,103,25,11,84,91,27" hai1="59,132,58,107,35,54,115,40,67,41,45,26,5" hai2="49,114,75,32,10,72,83,88,125,23,120,105,15" hai3="76,28,78,31,21,89,95,39,131,18,86,119,52"/><V112/><F32/><W33/><G119/><T100/><D122/><U106/><E107/><V43/><F105/><W4/><G131/><T71/><D71/><U62/><E106/><V101/><F101/><W1/><G39/><T22/><D9/><U38/><E115/><N who="2" m="44075" /><F120/><W130/><G130/><T64/><D81/><U66/><E132/><V20/><F125/><W126/><G126/><T6/><REACH who="0" step="1"/><D22/><REACH who="0" step="2"/><U48/><E35/><V3/><F3/><W82/><G33/><T99/><D99/><U108/><E5/><N who="2" m="3535" /><F20/><W68/><G4/><T79/><D79/><U37/><E108/><V111/><F111/><W63/><G68/><T7/><D7/><U0/><E0/><V73/><F23/><W74/><G1/><T51/><D51/><U133/><E133/><V129/><F129/><W123/><G123/><T57/><AGARI ba="0,1" hai="6,11,14,24,25,27,57,60,64,84,91,94,100,103" machi="57" ten="30,7900,0" yaku="1,1,0,1,8,1,52,1,53,0" doraHai="56" doraHaiUra="69" who="0" fromWho="0" sc="50,89,368,-20,283,-39,289,-20" /><INIT seed="7,0,0,5,2,131" ten="139,348,244,269" oya="3" hai0="75,22,29,122,80,107,34,83,85,118,27,63,96" hai1="97,40,46,51,101,44,89,6,119,35,21,15,73" hai2="28,10,69,62,81,4,43,128,12,98,49,74,1" hai3="23,45,57,130,102,52,95,0,24,31,50,134,129"/><W109/><G109/><T61/><D122/><U78/><E35/><V68/><F128/><N who="3" m="49259" /><G0/><T110/><D118/><U108/><E108/><V79/><F28/><W114/><G114/><T111/><D110/><U20/><E73/><V3/><F69/><W55/><G102/><T112/><D111/><U77/><E119/><V106/><F106/><W36/><G36/><T113/><D75/><U5/><E46/><V59/><F98/><W56/><G95/><T30/><D96/><U8/><E6/><V13/><F13/><W123/><G123/><T126/><D107/><U132/><E132/><V127/><F127/><W65/><G65/><T82/><D34/><U17/><E21/><V14/><F14/><W120/><G120/><T53/><D126/><U105/><E89/><V125/><F125/><W84/><G84/><T76/><D85/><U117/><E117/><V42/><F68/><W19/><G134/><T38/><D38/><U60/><E60/><V91/><F91/><W121/><G121/><T87/><D87/><U11/><E11/><V47/><REACH who="2" step="1"/><F42/><REACH who="2" step="2"/><W9/><G9/><T39/><D39/><U90/><E90/><V41/><F41/><W94/><G94/><T66/><D76/><U72/><E105/><V26/><F26/><N who="3" m="14719" /><G55/><AGARI ba="0,1" hai="1,3,4,10,12,43,47,49,55,59,62,74,79,81" machi="55" ten="30,3900,0" yaku="1,1,7,1,53,1" doraHai="131" doraHaiUra="7" who="2" fromWho="3" sc="139,0,348,0,234,49,269,-39" owari="139,-36,348,45,283,8,230,-17" /></mjloggm>