<mjloggm ver="2.3"><GO type="41"/><UN n0="%E9%AB%98%E6%9C%A8%E5%90%9B" n1="%E5%B4%A9%E5%A3%8A%E6%88%A6%E7%B7%9A" n2="%E3%82%A6%E3%83%AB%E3%83%88%E3%83%A9%E7%AB%8B%E7%9B%B4" n3="%E6%9D%B1%E5%8D%98%E9%A8%8E" dan="13,14,15,15" rate="1871,1910,2029,2011" sx="M,M,M,M"/><TAIKYOKU oya="0"/><INIT seed="0,0,0,1,1,22" ten="250,250,250,250" oya="0" hai0="67,1,7,51,78,77,133,113,19,20,117,62,60" hai1="33,119,111,107,96,101,58,5,120,50,116,18,43" hai2="109,2,68,47,17,127,73,9,80,72,36,11,3" hai3="8,26,24,6,94,71,89,84,48,10,102,99,90"/><T121/><D121/><U91/><E33/><V86/><F68/><W100/><G71/><T85/><D117/><U49/><E120/><V40/><F127/><W105/><G48/><T124/><D113/><U57/><E5/><V34/><F34/><W55/><G55/><T27/><D124/><U131/><E116/><V103/><F109/><W23/><G6/><T108/><D133/><U65/><E111/><V74/><F103/><N who="3" m="39467" /><G23/><T53/><D85/><U41/><E18/><V106/><F106/><W128/><G128/><T88/><D62/><U118/><E101/><V44/><F44/><W13/><G105/><T66/><D66/><U52/><E107/><V16/><F9/><N who="3" m="3691" /><G13/><T15/><D1/><U56/><E96/><V130/><F130/><W104/><G104/><T92/><D15/><U129/><E91/><V70/><F70/><W69/><G69/><T31/><D7/><U12/><E12/><V61/><F61/><W123/><G123/><T59/><D108/><U83/><E83/><AGARI ba="0,0" hai="24,26,83,84,89,90,94,99" m="3691,39467" machi="83" ten="30,3900,0" yaku="8,1,52,2" doraHai="22" who="3" fromWho="1" sc="250,0,250,-39,250,0,250,39" /><INIT seed="1,0,0,2,5,29" ten="250,211,250,289" oya="1" hai0="47,123,84,71,24,79,30,40,124,67,72,54,109" hai1="57,117,22,50,68,78,94,90,135,45,58,125,17" hai2="77,118,41,37,130,111,120,107,65,5,19,56,10" hai3="32,63,2,49,15,28,97,102,9,38,12,112,113"/><U96/><E68/><V104/><F120/><W81/><G38/><T85/><D123/><U11/><E117/><V4/><F118/><W127/><G127/><T16/><D109/><U42/><E125/><V34/><F111/><W0/><G15/><T39/><D124/><U92/><E135/><V53/><F65/><W1/><G81/><T91/><D72/><U3/><E78/><V133/><F130/><W23/><G63/><T93/><D54/><U20/><E3/><V75/><F133/><W6/><G49/><T105/><D105/><U86/><E11/><V98/><F19/><N who="3" m="10727" /><G97/><T27/><D79/><U87/><E86/><V60/><F5/><W99/><G99/><T31/><D67/><U70/><E70/><V7/><F7/><W95/><G95/><T119/><D71/><U82/><E94/><V61/><F61/><W46/><G46/><T44/><D119/><U35/><E35/><V76/><F34/><W36/><G102/><T89/><D39/><U131/><E22/><V115/><F115/><N who="3" m="44107" /><G36/><T132/><D47/><U74/><E131/><V51/><F51/><W59/><G59/><T8/><D44/><U100/><E74/><V114/><F114/><W25/><AGARI ba="0,0" hai="0,1,2,6,9,25,28,32" m="44107,10727" machi="25" ten="30,7900,0" yaku="24,1,34,2,52,1" doraHai="29" who="3" fromWho="3" sc="250,-20,211,-39,250,-20,289,79" /><INIT seed="2,0,0,2,0,110" ten="230,172,230,368" oya="2" hai0="59,60,12,116,117,3,44,45,42,82,76,32,96" hai1="27,92,26,98,134,55,125,78,34,73,101,128,49" hai2="115,70,95,111,58,56,1,52,119,25,112,79,4" hai3="29,23,67,106,16,94,65,43,107,87,64,77,133"/><V99/><F70/><W97/><G133/><T131/><D3/><U69/><E125/><V85/><F119/><N who="0" m="45642" /><D32/><U14/><E69/><V5/><F111/><W8/><G29/><T61/><D96/><U0/><E0/><V122/><F122/><W41/><G8/><T109/><D12/><U83/><E134/><V104/><F58/><W66/><N who="3" m="16384" /><DORA hai="63" /><W127/><G127/><T118/><D109/><U108/><E108/><V30/><F104/><W102/><G107/><T37/><D131/><U72/><E128/><V71/><F71/><W93/><G106/><T121/><D121/><U88/><E14/><V124/><F124/><W51/><G51/><T48/><D59/><U89/><E73/><V74/><F74/><W40/><G94/><T39/><D118/><U38/><E38/><N who="0" m="14345" /><D44/><U105/><E34/><V103/><F1/><W123/><G123/><T2/><D2/><U17/><E17/><V7/><F79/><W132/><G132/><T46/><D46/><U84/><E89/><V19/><F19/><W81/><G16/><T113/><D113/><U31/><E31/><V11/><F11/><W6/><REACH who="3" step="1"/><G23/><REACH who="3" ten="230,172,230,358" step="2"/><T33/><D48/><U22/><REACH who="1" step="1"/><E22/><REACH who="1" ten="230,162,230,358" step="2"/><V50/><REACH who="2" step="1"/><F85/><REACH who="2" ten="230,162,220,358" step="2"/><W86/><G86/><N who="0" m="48455" /><D33/><AGARI ba="0,3" hai="4,5,7,25,30,33,50,52,56,95,99,103,112,115" machi="33" ten="40,12000,1" yaku="1,1,52,2,54,1,53,1" doraHai="110,63" doraHaiUra="15,54" who="2" fromWho="0" sc="230,-120,162,0,220,150,358,0" /><INIT seed="2,1,0,1,1,79" ten="110,162,370,358" oya="2" hai0="105,40,1,112,74,33,99,92,63,84,83,125,117" hai1="10,36,111,106,5,123,91,42,9,101,128,77,102" hai2="47,75,93,45,61,64,86,70,13,51,87,97,129" hai3="23,39,52,110,108,17,2,107,26,21,58,68,7"/><V69/><F75/><W100/><G68/><T103/><D1/><U34/><E123/><V22/><F129/><W66/><G39/><T18/><D33/><U32/><E128/><V72/><F72/><W67/><G100/><T96/><D40/><U130/><E102/><V12/><F69/><W44/><G44/><T53/><D18/><U46/><E130/><V131/><F131/><W25/><G107/><T43/><D43/><U50/><E111/><N who="3" m="42538" /><G7/><T113/><D53/><U35/><E91/><V127/><F127/><W56/><G2/><T60/><D63/><U8/><E77/><V95/><F47/><W62/><G58/><T119/><D60/><U71/><E71/><V122/><F122/><W114/><G114/><N who="0" m="44139" /><D125/><U85/><E85/><V65/><F61/><W31/><AGARI ba="1,0" hai="17,21,23,25,26,31,52,56,62,66,67" m="42538" machi="31" ten="30,2000,0" yaku="14,1,54,1" doraHai="79" who="3" fromWho="3" sc="110,-6,162,-6,370,-11,358,23" /><INIT seed="3,0,0,4,2,113" ten="104,156,359,381" oya="3" hai0="46,86,119,30,13,8,3,104,12,102,47,133,100" hai1="0,108,5,45,24,23,32,107,57,10,55,65,122" hai2="14,97,98,43,6,93,2,39,81,60,22,132,79" hai3="50,131,48,41,123,106,52,103,83,105,118,21,91"/><W80/><G118/><T35/><D133/><U62/><E107/><V78/><F132/><W116/><G116/><T74/><D74/><U124/><E122/><V67/><F97/><W134/><G123/><T69/><D69/><U72/><E72/><V71/><F2/><W59/><G134/><T38/><D119/><U34/><E124/><V127/><F127/><W17/><G131/><T126/><D126/><U76/><E76/><V53/><F43/><W37/><G37/><T29/><D38/><U42/><E108/><V1/><F39/><W61/><G105/><T66/><D104/><U94/><E94/><V92/><F92/><W95/><G106/><T54/><D8/><U90/><E90/><V88/><F81/><N who="3" m="31307" /><G41/><T130/><D86/><U99/><E99/><V125/><F125/><W120/><G103/><T56/><D66/><U31/><E65/><V128/><F128/><W19/><G120/><T82/><D35/><U129/><E129/><V117/><F117/><W33/><G33/><T51/><D130/><U114/><E114/><V49/><F1/><W58/><G58/><T18/><D82/><U77/><E77/><V96/><F96/><N who="3" m="57471" /><G17/><T85/><D18/><U111/><E111/><V20/><F78/><W40/><G40/><T73/><D3/><U101/><E101/><V75/><F79/><W87/><G87/><T27/><D73/><U11/><E11/><N who="2" m="4471" /><F75/><W64/><G64/><T63/><D56/><U44/><E44/><N who="2" m="27815" /><F71/><W36/><G36/><AGARI ba="0,0" hai="0,5,10,23,24,31,32,34,36,42,45,55,57,62" machi="36" ten="30,1000,0" yaku="7,1" doraHai="113" who="1" fromWho="3" sc="104,0,156,10,359,0,381,-10" /><INIT seed="4,0,0,4,0,6" ten="104,166,359,371" oya="0" hai0="71,16,73,2,7,87,115,99,38,119,114,80,107" hai1="126,46,36,131,83,118,104,51,111,48,75,88,125" hai2="64,135,84,26,102,90,133,117,30,27,82,15,12" hai3="45,11,55,98,24,68,62,127,86,113,100,23,52"/><T53/><D119/><U54/><E104/><V42/><F117/><W79/><G113/><N who="0" m="43019" /><D71/><U61/><E118/><V77/><F102/><W63/><G127/><N who="1" m="48650" /><E36/><V10/><F64/><W112/><G68/><T19/><D73/><U123/><E123/><V18/><F42/><W58/><G112/><T109/><D38/><U121/><E121/><V69/><F69/><W129/><G129/><T91/><D53/><N who="1" m="29847" /><E61/><V32/><F27/><W134/><G134/><T8/><D109/><U33/><E33/><V4/><REACH who="2" step="1"/><F77/><REACH who="2" ten="104,166,349,371" step="2"/><W59/><G79/><T0/><D0/><U74/><E131/><V3/><F3/><W97/><G100/><AGARI ba="0,1" hai="2,7,8,16,19,80,87,91,99,100,107" m="43019" machi="100" ten="30,5800,0" yaku="15,1,52,1,54,1" doraHai="6" who="0" fromWho="3" sc="104,68,166,0,349,0,371,-58" /><INIT seed="4,1,0,3,1,30" ten="172,166,349,313" oya="0" hai0="116,52,54,0,135,90,40,2,125,45,117,8,134" hai1="28,44,123,120,78,73,126,131,83,39,113,9,32" hai2="88,64,19,99,102,106,31,75,70,55,3,112,105" hai3="36,56,51,53,46,65,7,130,20,63,27,68,29"/><T34/><D90/><U93/><E126/><V96/><F3/><N who="0" m="1066" /><D8/><U11/><E123/><V81/><F70/><W94/><G94/><T77/><D77/><U133/><E120/><V61/><F64/><W95/><G95/><T128/><D125/><U80/><E93/><N who="2" m="56359" /><F31/><W10/><G130/><T101/><D101/><U59/><E59/><V16/><F19/><W57/><REACH who="3" step="1"/><G36/><REACH who="3" ten="172,166,349,303" step="2"/><N who="0" m="21639" /><D128/><U97/><E131/><V12/><F81/><W71/><G71/><T89/><D117/><U4/><E83/><V58/><F105/><W92/><G92/><T109/><D116/><U48/><E97/><V132/><F106/><W26/><G26/><T79/><D109/><U124/><E124/><V108/><F99/><W87/><G87/><T17/><D134/><U37/><E133/><V107/><F132/><W23/><G23/><T1/><D135/><U91/><E80/><V42/><F108/><W74/><G74/><T115/><D115/><U84/><E73/><V66/><F112/><W60/><G60/><T129/><D129/><U41/><E113/><V119/><F119/><W76/><G76/><T111/><D79/><U118/><E78/><V110/><F110/><W103/><G103/><T14/><D111/><U15/><E118/><V82/><F102/><W21/><G21/><T13/><D89/><U25/><E11/><V62/><F107/><W86/><G86/><T5/><D34/><U35/><E35/><V24/><F75/><W22/><G22/><T100/><D100/><U49/><E39/><V6/><F82/><W47/><G47/><T85/><D85/><U122/><E122/><RYUUKYOKU ba="1,1" sc="172,-15,166,15,349,-15,303,15" hai1="4,9,15,25,28,32,37,41,44,48,49,84,91" hai3="7,10,20,27,29,46,51,53,56,57,63,65,68" /><INIT seed="5,2,1,3,4,44" ten="157,181,334,318" oya="1" hai0="31,54,46,0,135,22,83,89,45,18,19,5,121" hai1="102,69,4,3,6,75,76,118,72,111,49,67,85" hai2="114,30,20,126,88,48,38,42,12,92,122,32,51" hai3="96,27,36,91,57,40,81,98,110,107,11,61,132"/><U125/><E118/><V60/><F122/><W14/><G132/><T21/><D135/><U79/><E111/><V16/><F126/><W33/><G110/><T101/><D101/><U120/><E120/><V95/><F114/><W63/><G36/><T13/><D31/><U119/><E119/><V82/><F38/><W117/><G107/><T55/><D0/><U100/><E125/><V64/><F42/><W131/><G40/><T105/><D5/><U35/><E85/><V73/><F92/><W56/><G117/><T24/><D105/><U109/><E109/><V15/><F15/><W127/><G27/><T130/><D130/><U124/><E124/><V99/><F30/><W129/><G33/><T70/><D70/><U50/><E67/><V90/><F32/><W128/><G81/><T47/><D121/><U65/><E65/><V104/><F104/><W26/><G26/><T94/><REACH who="0" step="1"/><D83/><REACH who="0" ten="147,181,334,318" step="2"/><U78/><E35/><V2/><F2/><W34/><G34/><T115/><D115/><U59/><E69/><V74/><F74/><W7/><G127/><T133/><D133/><U58/><E76/><V77/><F90/><W87/><G91/><T25/><D25/><U23/><E3/><V86/><F73/><W9/><G87/><AGARI ba="2,2" hai="13,18,19,21,22,24,45,46,47,54,55,87,89,94" machi="87" ten="40,2600,0" yaku="1,1,8,1,53,0" doraHai="44" doraHaiUra="116" who="0" fromWho="3" sc="147,52,181,0,334,0,318,-32" /><INIT seed="6,0,0,4,1,81" ten="199,181,334,286" oya="2" hai0="115,116,34,84,97,114,67,98,64,119,48,40,90" hai1="6,50,60,108,11,25,106,87,88,95,83,85,36" hai2="14,118,89,1,59,112,72,21,122,66,55,111,23" hai3="103,8,45,77,130,78,16,121,27,91,113,35,63"/><V22/><F1/><W49/><G121/><T10/><D34/><U7/><E36/><V44/><F122/><W5/><G130/><T104/><D10/><U46/><E106/><V38/><F118/><N who="0" m="45098" /><D40/><U92/><E108/><V134/><F111/><W32/><G113/><N who="0" m="43019" /><D48/><U131/><E60/><N who="2" m="38175" /><F72/><W43/><G63/><T124/><D124/><U109/><E131/><V37/><F134/><W101/><G35/><T42/><D42/><U2/><E7/><V110/><F110/><W20/><G32/><T3/><D3/><U86/><E109/><V128/><F128/><W4/><G4/><T15/><D15/><U71/><E25/><V33/><F33/><W129/><G129/><T73/><D73/><U26/><E26/><V31/><F38/><W100/><G8/><T135/><D135/><U93/><REACH who="1" step="1"/><E71/><REACH who="1" ten="199,171,334,286" step="2"/><V99/><F37/><W132/><G5/><T107/><D104/><U102/><E102/><V58/><F112/><W105/><G105/><T68/><D68/><U28/><E28/><V39/><F31/><W79/><G132/><T53/><D107/><U30/><E30/><V29/><F29/><W127/><G127/><T82/><D53/><AGARI ba="0,1" hai="2,6,11,46,50,53,83,85,86,87,88,92,93,95" machi="53" ten="40,8000,1" yaku="1,1,52,3,54,1,53,0" doraHai="81" doraHaiUra="24" who="1" fromWho="0" sc="199,-80,171,90,334,0,286,0" /><INIT seed="7,0,0,2,4,114" ten="119,261,334,286" oya="3" hai0="7,65,90,116,45,34,82,91,105,20,115,0,23" hai1="93,111,51,117,11,110,119,60,28,3,135,83,18" hai2="92,108,101,55,112,103,104,41,87,42,17,100,75" hai3="123,127,39,25,15,89,5,69,61,30,53,52,98"/><W128/><G123/><T80/><D105/><U131/><E28/><V74/><F104/><W102/><G39/><T43/><D34/><U72/><E60/><V36/><F36/><W16/><G127/><T33/><D33/><U107/><E107/><V38/><F38/><W67/><G89/><T21/><D65/><U88/><E51/><V54/><F75/><W4/><G128/><T76/><D115/><U118/><E131/><V59/><F74/><W121/><G121/><T10/><D116/><U47/><E47/><V85/><F112/><W64/><G64/><T46/><D76/><N who="1" m="44423" /><E135/><V66/><F108/><W133/><G133/><T86/><D43/><N who="2" m="16394" /><F92/><W122/><G122/><T73/><D73/><U71/><E71/><V6/><F6/><W44/><G44/><T125/><D125/><U70/><E70/><V24/><F66/><W96/><G4/><T132/><D132/><U12/><E3/><V99/><F99/><AGARI ba="0,0" hai="11,12,18,88,93,99,110,111,117,118,119" m="44423" machi="99" ten="30,8000,1" yaku="12,1,52,3,54,1" doraHai="114" who="1" fromWho="2" sc="119,0,261,80,334,-80,286,0" owari="119,-38.0,341,44.0,254,-15.0,286,9.0" /></mjloggm>