<mjloggm ver="2.3"><GO type="41"/><UN n0="%E3%82%B5%E3%83%BC%E3%82%BB%E3%83%B3" n1="%E3%81%97%E3%82%8D%E3%81%9F%E6%9D%91" n2="%E3%81%AF%E3%81%8C%E3%81%AD%E3%81%AE%E3%81%AF%E3%82%8A%E3%81%9B%E3%82%93" n3="%EF%BC%88%E2%89%A7%E2%96%BD%E2%89%A6%EF%BC%89" dan="14,13,14,13" rate="1879,1828,1967,1975" sx="M,M,M,M"/><TAIKYOKU oya="0"/><INIT seed="0,0,0,5,4,125" ten="250,250,250,250" oya="0" hai0="22,114,94,0,99,67,44,95,64,30,133,27,129" hai1="75,46,101,100,15,135,17,57,8,106,20,98,31" hai2="87,73,47,56,86,77,2,91,84,54,41,19,85" hai3="59,130,4,105,93,104,28,131,81,79,60,88,34"/><T1/><D114/><U92/><E75/><V29/><F2/><W36/><G36/><T128/><D133/><U123/><E135/><V110/><F110/><W76/><G4/><T118/><D118/><U45/><E123/><V16/><F29/><W96/><G28/><T5/><D44/><U24/><E101/><V49/><F73/><N who="3" m="43151" /><G34/><T21/><D95/><U25/><E57/><V35/><F35/><W78/><G59/><T108/><D22/><U82/><E106/><N who="3" m="41066" /><G60/><T113/><D113/><U109/><E109/><V124/><F124/><W62/><G62/><T42/><D108/><U48/><E48/><V38/><REACH who="2" step="1"/><F77/><AGARI ba="0,0" hai="77,78,79,88,93,96,130,131" m="41066,43151" machi="77" ten="30,8000,1" yaku="34,2,52,2,54,1" doraHai="125" who="3" fromWho="2" sc="250,0,250,0,250,-80,250,80" /><INIT seed="1,0,0,4,1,118" ten="250,250,170,330" oya="1" hai0="124,133,90,122,127,40,33,79,42,51,36,19,89" hai1="59,131,43,82,37,110,119,77,38,0,17,117,12" hai2="120,68,128,8,99,41,86,64,109,96,65,113,47" hai3="63,57,81,74,115,44,76,75,35,130,66,78,31"/><U11/><E0/><V123/><F8/><W39/><G115/><T29/><D36/><U62/><E131/><V13/><F13/><W88/><G130/><T34/><D79/><U106/><E106/><V84/><F128/><W3/><G3/><T4/><D4/><U94/><E37/><V114/><F47/><W101/><G101/><T23/><D133/><U27/><E110/><V21/><F21/><W91/><G35/><T7/><D7/><U9/><E38/><V28/><F41/><N who="0" m="15978" /><D29/><U69/><E43/><V45/><F45/><W15/><G31/><T134/><D51/><U112/><E69/><V55/><F28/><W108/><G108/><T132/><D19/><U93/><E112/><V24/><F109/><W16/><G44/><T95/><D95/><U58/><E9/><V126/><F55/><W80/><G39/><T85/><D23/><AGARI ba="0,0" hai="15,16,23,57,63,66,74,75,76,78,80,81,88,91" machi="23" ten="30,7700,0" yaku="7,1,9,1,54,2" doraHai="118" who="3" fromWho="0" sc="250,-77,250,0,170,0,330,77" /><INIT seed="2,0,0,0,0,91" ten="173,250,170,407" oya="2" hai0="24,19,47,69,101,72,77,128,83,75,12,84,73" hai1="67,70,36,114,56,65,118,82,25,11,48,108,3" hai2="112,129,125,122,79,1,34,22,117,4,51,33,115" hai3="120,113,64,2,62,54,76,28,85,58,95,133,90"/><V80/><F122/><W57/><G133/><T119/><D69/><U31/><E36/><V5/><F117/><W18/><G120/><T74/><D119/><U21/><E70/><V15/><F125/><W46/><G2/><T60/><D128/><U131/><E118/><V135/><F129/><W121/><G121/><T59/><D24/><U52/><E108/><V63/><F135/><W27/><G113/><T99/><D47/><U61/><E131/><V110/><F110/><W13/><G46/><T44/><D44/><U42/><E42/><V45/><F1/><W106/><G106/><T109/><D109/><U55/><E114/><V94/><F33/><W134/><G134/><T102/><D99/><U32/><E82/><V39/><F34/><W88/><G76/><T40/><D40/><U9/><E32/><V116/><F39/><W38/><G38/><T81/><D81/><U96/><E96/><V71/><F71/><W97/><G27/><T107/><D107/><U92/><E3/><V86/><F116/><W16/><G28/><T103/><N who="0" m="18944" /><DORA hai="89" /><T130/><D130/><U41/><E41/><N who="2" m="25007" /><F115/><W123/><G13/><T37/><D37/><U87/><E67/><V78/><F112/><W30/><G30/><T104/><D104/><U7/><E55/><V132/><F132/><W8/><G123/><T93/><D59/><N who="1" m="37055" /><E7/><N who="2" m="2635" /><F63/><N who="3" m="36279" /><G8/><N who="0" m="6535" /><D60/><U23/><E21/><V43/><F43/><W53/><G53/><T98/><D77/><U10/><E9/><V66/><F79/><W0/><G0/><T50/><D50/><U26/><E10/><V49/><F49/><W14/><G64/><RYUUKYOKU ba="0,0" sc="173,30,250,-10,170,-10,407,-10" hai0="83,84,93,98,101,102,103" /><INIT seed="3,1,0,2,1,18" ten="203,240,160,397" oya="3" hai0="85,116,113,98,0,29,90,132,87,11,131,57,93" hai1="84,126,129,58,53,10,94,61,134,79,16,78,24" hai2="17,50,27,119,30,33,89,2,19,48,76,42,21" hai3="103,37,107,13,117,118,69,68,95,55,45,71,82"/><W20/><G107/><T125/><D116/><U35/><E129/><V123/><F119/><W102/><G82/><T5/><D131/><U7/><E134/><V64/><F123/><W28/><G118/><T96/><D132/><U127/><E35/><V75/><F2/><W56/><G117/><T67/><D125/><N who="1" m="47627" /><E7/><V46/><F89/><W47/><G37/><T111/><D113/><U3/><E3/><V106/><F106/><W128/><G128/><T110/><D29/><U114/><E114/><V73/><F64/><W38/><G38/><T52/><D67/><U40/><E40/><V63/><F63/><W124/><G124/><T44/><D44/><U32/><E32/><V86/><F75/><W101/><G95/><T34/><D34/><U130/><E130/><V97/><F73/><W15/><G15/><T60/><REACH who="0" step="1"/><D87/><REACH who="0" step="2"/><U91/><E10/><V88/><F33/><W22/><G47/><T51/><D51/><U39/><E39/><V43/><F50/><W120/><G45/><T122/><D122/><U81/><E84/><V66/><F66/><W49/><G120/><T54/><D54/><U65/><E65/><V100/><F43/><W31/><G31/><T23/><D23/><U26/><E53/><V83/><F100/><W8/><REACH who="3" step="1"/><G28/><REACH who="3" step="2"/><T9/><D9/><U104/><E104/><V108/><F108/><AGARI ba="1,2" hai="0,5,11,52,57,60,85,90,93,96,98,108,110,111" machi="108" ten="40,8000,1" yaku="1,1,14,1,54,1,53,1" doraHai="18" doraHaiUra="80" who="0" fromWho="2" sc="193,103,240,0,160,-83,387,0" /><INIT seed="4,0,0,4,0,133" ten="296,240,77,387" oya="0" hai0="34,80,125,91,45,94,46,56,93,115,31,118,109" hai1="42,131,55,97,3,17,103,6,82,72,81,105,48" hai2="38,53,64,59,134,32,88,90,0,107,73,66,116" hai3="40,95,21,111,28,129,8,54,92,62,127,108,84"/><T9/><D118/><U110/><E131/><V30/><F38/><W98/><G129/><T7/><D125/><U43/><E110/><V49/><F73/><W4/><G127/><T11/><D109/><U112/><E112/><V58/><F116/><W51/><G111/><T130/><D130/><U57/><E3/><V16/><F0/><W18/><G108/><T15/><D115/><U20/><E6/><V50/><F107/><W85/><G28/><T39/><D80/><U1/><E1/><V10/><F134/><W44/><G4/><T27/><D94/><N who="3" m="35881" /><G8/><T117/><D117/><U79/><REACH who="1" step="1"/><E82/><REACH who="1" step="2"/><V63/><F32/><W89/><G98/><T19/><D39/><U121/><E121/><V114/><F114/><W102/><G102/><T14/><REACH who="0" step="1"/><D56/><REACH who="0" step="2"/><U100/><E100/><V124/><F124/><W67/><G89/><T41/><D41/><U24/><AGARI ba="0,2" hai="17,20,24,42,43,48,55,57,72,79,81,97,103,105" machi="24" ten="20,2700,0" yaku="1,1,0,1,7,1,53,0" doraHai="133" doraHaiUra="86" who="1" fromWho="1" sc="286,-13,230,47,77,-7,387,-7" /><INIT seed="5,0,0,0,4,17" ten="273,277,70,380" oya="1" hai0="27,32,55,18,20,12,53,8,23,54,14,64,77" hai1="97,105,44,56,46,40,91,65,73,122,106,75,109" hai2="113,116,127,26,78,6,10,4,37,48,5,21,114" hai3="90,101,133,68,57,33,63,38,112,49,58,29,95"/><U92/><E122/><V30/><F48/><W59/><G38/><T42/><D32/><U124/><E124/><V121/><F78/><W52/><G133/><T119/><D119/><U7/><E109/><V118/><F37/><W103/><G112/><N who="2" m="43113" /><F127/><W35/><G68/><T131/><D131/><U98/><E7/><N who="2" m="2635" /><F121/><W41/><G41/><T108/><D108/><U76/><E44/><V60/><F60/><W111/><G111/><T102/><D77/><U93/><E106/><V135/><F135/><W31/><G35/><T99/><D42/><U79/><E105/><V81/><F81/><W51/><G51/><T45/><D64/><U62/><E73/><V115/><N who="2" m="43121" /><V25/><DORA hai="69" /><F25/><W107/><G107/><T88/><D102/><N who="3" m="38921" /><G33/><T132/><D132/><U85/><E75/><V36/><F36/><W16/><G63/><T39/><D14/><AGARI ba="0,0" hai="6,10,14,21,26,30,116,118" m="2635,43121" machi="14" ten="40,8000,1" yaku="15,1,11,1,34,2,52,1" doraHai="17,69" who="2" fromWho="0" sc="273,-80,277,0,70,80,380,0" /><INIT seed="6,0,0,4,1,85" ten="193,277,150,380" oya="2" hai0="122,14,41,2,22,42,131,82,23,69,1,120,119" hai1="72,99,49,126,46,102,107,15,12,114,121,71,25" hai2="37,83,86,103,17,64,52,90,50,21,105,84,36" hai3="51,20,116,94,129,26,58,34,30,77,98,54,24"/><V63/><F103/><W44/><G129/><T79/><D69/><U35/><E114/><V61/><F105/><W91/><G116/><T96/><D119/><U29/><E121/><V40/><F64/><W112/><G112/><T45/><D131/><U113/><E72/><V127/><F127/><W57/><REACH who="3" step="1"/><G77/><REACH who="3" step="2"/><T125/><D122/><U74/><E113/><V32/><F36/><W130/><G130/><T4/><D120/><U0/><E126/><V93/><F37/><W88/><G88/><T53/><D125/><U62/><E102/><V31/><F40/><W47/><G47/><T39/><D42/><U87/><E46/><N who="2" m="27735" /><F32/><W118/><G118/><T55/><D79/><U115/><E35/><V78/><F31/><AGARI ba="0,1" hai="20,24,26,30,31,34,44,51,54,57,58,91,94,98" machi="31" ten="30,3900,0" yaku="1,1,7,1,52,1,53,0" doraHai="85" doraHaiUra="9" who="3" fromWho="2" sc="193,0,277,0,150,-39,370,49" /><INIT seed="7,0,0,0,5,3" ten="193,277,111,419" oya="3" hai0="85,50,20,55,49,94,111,31,19,71,60,108,22" hai1="90,127,104,87,41,16,59,46,68,29,58,76,100" hai2="88,6,97,133,67,119,99,12,114,30,89,48,74" hai3="64,39,98,125,113,132,110,52,134,62,47,34,15"/><W36/><G34/><T105/><D105/><U37/><E68/><V54/><F119/><W130/><G130/><T35/><D71/><U1/><E127/><V7/><F114/><W129/><G129/><T28/><D60/><U27/><E1/><V82/><F133/><N who="3" m="51307" /><G125/><T17/><D50/><U53/><E76/><V122/><F67/><W23/><G15/><T38/><D38/><U120/><E104/><V5/><F30/><W18/><G23/><T107/><D107/><U102/><E59/><V65/><F65/><W32/><G64/><T43/><D43/><U2/><E2/><V26/><F26/><W135/><G39/><T8/><D111/><U14/><E120/><V117/><F117/><W121/><G36/><T128/><D128/><U131/><E131/><V73/><F122/><W80/><G110/><T13/><D108/><U103/><E87/><N who="2" m="50295" /><F74/><W40/><G40/><T118/><D118/><U77/><E90/><V78/><F78/><W61/><G61/><T33/><D85/><U45/><E77/><V112/><F73/><W66/><G66/><T63/><D63/><N who="1" m="36303" /><E41/><V10/><F112/><W9/><G113/><T124/><D94/><U79/><E37/><V70/><F70/><W11/><G135/><T44/><D124/><U25/><E46/><N who="2" m="27927" /><F89/><W101/><G121/><T86/><D35/><U4/><E45/><V81/><F81/><W93/><G80/><T92/><D33/><N who="1" m="20655" /><E79/><V83/><F83/><W95/><G47/><T115/><D115/><U57/><E57/><V21/><F21/><W96/><G32/><T0/><D22/><N who="1" m="13767" /><E103/><V75/><F75/><RYUUKYOKU ba="0,0" sc="193,-15,277,15,111,15,419,-15" hai1="4,14,100,102" hai2="5,6,7,10,12,97,99" owari="178,-22,292,9,126,-37,404,50" /></mjloggm>