<mjloggm ver="2.3"><GO type="41"/><UN n0="%69%6B%65%64%61%6B%79%6F" n1="%53%49%5A%45%52" n2="%EF%BC%88%E2%89%A7%E2%96%BD%E2%89%A6%EF%BC%89" n3="%53%69%43" dan="15,14,15,15" rate="2036,1907,1998,1946" sx="M,M,M,M"/><TAIKYOKU oya="0"/><INIT seed="0,0,0,0,4,70" ten="250,250,250,250" oya="0" hai0="129,41,18,78,62,128,103,61,95,116,20,109,35" hai1="19,3,29,107,88,96,119,25,82,47,28,110,106" hai2="132,94,2,56,85,105,9,112,99,120,81,46,114" hai3="38,22,89,4,52,92,39,101,21,84,40,48,91"/><T111/><D35/><U72/><E119/><V44/><F105/><W77/><G40/><T65/><D78/><U67/><E3/><V57/><F120/><W15/><G77/><T104/><D104/><U71/><E110/><N who="0" m="41993" /><D116/><U73/><E47/><V121/><F121/><W12/><G101/><T131/><D41/><U8/><E28/><V42/><F132/><W5/><G91/><T26/><D65/><U126/><E126/><V76/><F9/><W43/><G43/><T37/><D37/><U30/><E8/><V108/><F2/><W32/><G32/><T66/><D66/><U113/><E19/><V97/><F108/><W13/><G22/><T33/><D33/><N who="1" m="20655" /><E30/><V6/><F6/><W115/><G21/><T51/><D51/><U7/><E7/><V54/><F44/><W55/><G115/><T127/><D127/><U83/><E107/><V117/><F117/><W64/><G64/><T125/><D125/><U10/><E10/><V74/><F112/><W60/><G4/><T79/><D79/><U100/><E82/><V59/><F114/><W50/><G5/><T0/><D0/><U49/><E49/><V11/><F11/><W36/><REACH who="3" step="1"/><G55/><REACH who="3" ten="250,250,250,240" step="2"/><T14/><D26/><U87/><E113/><V133/><F54/><W31/><G31/><T34/><D34/><U1/><E1/><V86/><F133/><W27/><G27/><T68/><D68/><U69/><E69/><V53/><F53/><W24/><G24/><T58/><D58/><AGARI ba="0,1" hai="12,13,15,36,38,39,48,50,52,58,60,84,89,92" machi="58" ten="50,8000,1" yaku="1,1,52,3,54,1,53,0" doraHai="70" doraHaiUra="135" who="3" fromWho="0" sc="250,-80,250,0,250,0,240,90" /><INIT seed="1,0,0,3,2,29" ten="170,250,250,330" oya="1" hai0="21,106,51,22,14,123,126,44,122,38,12,112,42" hai1="69,53,10,43,0,28,48,120,72,45,6,13,77" hai2="133,88,92,60,82,113,109,26,49,105,125,128,34" hai3="24,108,118,80,33,67,61,98,1,55,40,102,37"/><U116/><E116/><V99/><F113/><W68/><G1/><T66/><D112/><U8/><E120/><N who="0" m="46121" /><D106/><U54/><E69/><V3/><F3/><W135/><G118/><T56/><D126/><U130/><E130/><V86/><F125/><W93/><G135/><T50/><D66/><U17/><E72/><V127/><F127/><W96/><G108/><T114/><D114/><U32/><REACH who="1" step="1"/><E77/><REACH who="1" ten="170,240,250,330" step="2"/><V4/><F128/><W71/><G68/><T117/><D117/><U131/><E131/><V94/><F133/><W87/><G71/><T47/><D38/><U90/><E90/><V36/><F36/><W124/><G37/><T58/><D58/><U23/><E23/><N who="0" m="8713" /><D56/><U59/><E59/><V25/><F109/><W121/><G124/><T52/><AGARI ba="0,1" hai="12,14,42,44,47,50,51,52" m="8713,46121" machi="52" ten="30,2000,0" yaku="13,1,54,1" doraHai="29" who="0" fromWho="0" sc="170,30,240,-10,250,-5,330,-5" /><INIT seed="2,0,0,3,4,125" ten="200,230,245,325" oya="2" hai0="41,87,36,50,110,12,49,104,33,116,46,120,19" hai1="26,82,16,68,105,119,58,59,75,0,63,131,25" hai2="121,15,128,130,96,97,117,53,78,9,76,69,107" hai3="114,52,94,38,65,89,48,40,73,115,118,74,28"/><V95/><F121/><W67/><G118/><T124/><D120/><U126/><E119/><V102/><F69/><W122/><G122/><T56/><D116/><U80/><E105/><V98/><F117/><W37/><G28/><T90/><D33/><U79/><E0/><V29/><F53/><W64/><G40/><T47/><D104/><U111/><E111/><V13/><F29/><W10/><G10/><T127/><D56/><U57/><E126/><V3/><F3/><W45/><G74/><T1/><D1/><U62/><E68/><V30/><F30/><W109/><G73/><T103/><D103/><U106/><E106/><V70/><F70/><W27/><G27/><T84/><D84/><U92/><E82/><V20/><F20/><W21/><G21/><T93/><D36/><U17/><E92/><V85/><F97/><N who="3" m="57551" /><G109/><T34/><D34/><U83/><E83/><N who="2" m="47335" /><F78/><W32/><G32/><T54/><REACH who="0" step="1"/><D110/><REACH who="0" ten="190,230,245,325" step="2"/><U135/><E59/><V51/><F51/><W99/><G99/><T71/><D71/><U43/><E57/><V91/><F9/><AGARI ba="0,1" hai="9,12,19,41,46,47,49,50,54,87,90,93,124,127" machi="9" ten="40,2600,0" yaku="1,1,53,1" doraHai="125" doraHaiUra="39" who="0" fromWho="2" sc="190,36,230,0,245,-26,325,0" /><INIT seed="3,0,0,1,3,16" ten="226,230,219,325" oya="3" hai0="108,30,76,69,111,107,4,89,46,75,23,5,91" hai1="10,82,60,12,102,128,63,9,51,18,47,15,73" hai2="22,13,88,55,29,20,42,112,79,83,56,43,125" hai3="68,93,21,119,54,116,110,44,1,134,19,94,109"/><W98/><G68/><T48/><D107/><U99/><E128/><V120/><F112/><W80/><G1/><T37/><D69/><U70/><E70/><V78/><F120/><W27/><G80/><T14/><D37/><U95/><E82/><V87/><F125/><W58/><G44/><T81/><D4/><U38/><E38/><V66/><F66/><W0/><G0/><T104/><D104/><U113/><E73/><V117/><F117/><W126/><G126/><T65/><D65/><U3/><E3/><V97/><F29/><W53/><G134/><T25/><D14/><U62/><E113/><V118/><F118/><W90/><G94/><T49/><D5/><U35/><E35/><V105/><F105/><W34/><G34/><T61/><D61/><U8/><REACH who="1" step="1"/><E18/><REACH who="1" ten="226,220,219,325" step="2"/><N who="2" m="10319" /><F78/><W26/><G119/><T40/><REACH who="0" step="1"/><D49/><REACH who="0" ten="216,220,219,325" step="2"/><U127/><E127/><V2/><F2/><W124/><G116/><T77/><D77/><U132/><E132/><V92/><F22/><N who="3" m="13663" /><G124/><T133/><D133/><U24/><E24/><V84/><F79/><W114/><G114/><T64/><D64/><U41/><AGARI ba="0,2" hai="8,9,10,12,15,41,47,51,60,62,63,95,99,102" machi="41" ten="30,12000,2" yaku="1,1,0,1,8,1,53,3" doraHai="16" doraHaiUra="6" who="1" fromWho="1" sc="216,-30,220,140,219,-30,325,-60" /><INIT seed="4,0,0,5,0,43" ten="186,360,189,265" oya="0" hai0="34,111,9,54,24,20,81,134,73,71,86,76,5" hai1="37,55,3,2,126,18,33,82,27,41,64,113,56" hai2="91,99,77,35,133,98,28,124,90,67,65,45,14" hai3="118,121,135,128,96,52,39,83,85,16,42,21,10"/><T132/><D34/><U93/><E64/><V13/><F133/><N who="0" m="51306" /><D71/><U92/><E126/><V94/><F124/><W127/><G127/><T22/><D111/><U131/><E131/><V25/><F77/><W63/><G135/><T31/><D54/><U103/><E113/><V105/><F45/><W50/><G118/><T12/><D22/><U36/><E82/><V23/><F35/><W7/><G128/><T26/><D26/><U102/><E18/><V48/><F48/><W108/><G108/><T11/><D11/><U104/><E104/><V32/><F105/><W1/><G121/><T47/><D47/><U89/><E27/><V62/><F32/><W6/><G6/><T84/><AGARI ba="0,0" hai="5,9,12,20,24,31,73,76,81,84,86" m="51306" machi="84" ten="30,1500,0" yaku="20,1" doraHai="43" who="0" fromWho="0" sc="186,15,360,-5,189,-5,265,-5" /><INIT seed="4,1,0,4,2,21" ten="201,355,184,260" oya="0" hai0="106,23,129,128,43,57,72,87,100,62,48,31,27" hai1="49,12,15,38,46,34,50,9,77,82,60,102,28" hai2="0,16,99,115,131,69,98,73,44,85,133,108,76" hai3="112,124,58,94,14,17,55,18,89,24,68,70,84"/><T19/><D72/><U134/><E134/><V7/><F108/><W83/><G112/><T42/><D106/><U11/><E102/><V39/><F69/><W118/><G118/><T79/><D100/><U125/><E125/><V122/><F122/><W37/><G37/><T119/><D119/><U130/><E130/><N who="0" m="50281" /><D48/><U10/><E38/><V4/><F131/><W1/><G1/><T132/><D132/><U56/><E34/><V80/><F115/><W3/><G3/><T117/><D117/><U61/><E28/><V41/><F133/><W54/><G124/><T111/><D111/><U103/><E103/><V5/><F0/><W107/><G107/><T8/><D87/><N who="1" m="48591" /><E49/><V110/><F110/><W96/><G70/><T66/><D79/><U35/><E35/><V78/><F76/><W67/><G68/><T93/><D93/><U101/><E101/><V6/><N who="2" m="1024" /><DORA hai="40" /><V13/><REACH who="2" step="1"/><F73/><REACH who="2" ten="201,355,174,260" step="2"/><W75/><G75/><T59/><D59/><U90/><E56/><V45/><F45/><W53/><G58/><T97/><D57/><U116/><E116/><V114/><F114/><W36/><G67/><T109/><D109/><U65/><E65/><V88/><F88/><N who="3" m="51231" /><G36/><T121/><D121/><U120/><E120/><V20/><AGARI ba="1,1" hai="13,16,20,39,41,44,78,80,85,98,99" m="1024" machi="20" ten="40,8000,1" yaku="1,1,0,1,52,1,54,1,53,1" doraHai="21,40" doraHaiUra="123,81" who="2" fromWho="2" sc="201,-41,355,-21,174,93,260,-21" /><INIT seed="5,0,0,5,1,82" ten="160,334,267,239" oya="1" hai0="87,88,119,6,133,118,7,96,21,13,91,103,24" hai1="55,112,35,135,37,4,10,14,127,17,125,113,132" hai2="128,84,22,129,62,122,53,49,71,45,0,97,98" hai3="29,51,126,134,60,15,105,58,38,42,70,57,93"/><U131/><E37/><V56/><F0/><W36/><G105/><T65/><D133/><N who="1" m="51275" /><E35/><V104/><F122/><W121/><G134/><T92/><D65/><U27/><E55/><V77/><F71/><W120/><G29/><T89/><D119/><U19/><E131/><N who="2" m="50251" /><F104/><W48/><G15/><T2/><D2/><U33/><E33/><V123/><F123/><W44/><G93/><T66/><D66/><U54/><E54/><N who="2" m="34071" /><F22/><W115/><G115/><N who="1" m="44106" /><E27/><V107/><F107/><W59/><G126/><AGARI ba="0,0" hai="4,10,14,17,19,125,126,127" m="44106,51275" machi="126" ten="40,12000,1" yaku="18,1,20,1,15,1,34,2" doraHai="82" who="1" fromWho="3" sc="160,0,334,120,267,0,239,-120" /><INIT seed="5,1,0,2,5,60" ten="160,454,267,119" oya="1" hai0="113,92,56,130,100,110,55,2,40,127,36,131,30" hai1="0,33,24,109,23,57,83,114,84,104,13,20,53" hai2="35,41,120,126,119,135,28,69,34,94,58,111,96" hai3="50,115,91,16,5,54,97,22,31,82,105,77,107"/><U132/><E104/><V26/><F120/><W78/><G31/><T101/><D2/><U68/><E68/><V125/><F119/><W8/><G107/><T108/><D30/><U59/><E0/><V81/><F111/><W121/><G121/><T88/><D40/><U117/><E117/><V38/><F135/><W87/><G115/><T65/><D36/><U86/><E132/><V128/><F128/><N who="0" m="49194" /><D113/><U70/><E70/><V90/><F69/><W51/><G105/><T17/><D17/><U116/><E116/><V48/><F35/><W29/><G29/><T37/><D37/><U73/><E73/><V133/><F133/><W76/><G97/><N who="0" m="57479" /><D127/><U27/><E33/><V72/><F38/><W64/><G64/><T42/><D42/><U3/><E3/><V93/><F41/><W7/><G8/><T21/><D21/><U10/><E114/><V99/><F126/><W103/><G103/><N who="0" m="39499" /><D65/><U85/><E109/><V124/><F125/><W71/><G71/><T9/><D9/><U44/><E44/><V39/><F124/><W61/><G61/><AGARI ba="1,0" hai="55,56,61,108,110" m="39499,57479,49194" machi="61" ten="30,2000,0" yaku="19,1,54,1" doraHai="60" who="0" fromWho="3" sc="160,23,454,0,267,0,119,-23" /><INIT seed="6,0,0,1,1,128" ten="183,454,267,96" oya="2" hai0="95,115,121,61,7,52,103,92,123,0,109,30,73" hai1="24,132,51,22,44,122,25,26,133,3,119,114,46" hai2="45,101,57,50,4,105,15,74,11,13,97,32,116" hai3="18,10,72,76,90,65,130,117,62,34,16,106,27"/><V124/><F116/><W135/><G106/><T55/><D109/><U85/><E119/><V47/><F124/><W28/><G117/><T113/><D73/><U91/><E3/><V98/><F74/><W107/><G107/><T80/><D80/><N who="1" m="49575" /><E114/><V93/><F32/><W96/><G130/><T5/><D30/><U111/><E111/><V2/><F57/><W131/><G131/><T84/><D84/><U9/><E9/><V19/><F50/><W70/><G135/><N who="1" m="51786" /><E122/><V14/><REACH who="2" step="1"/><F19/><REACH who="2" ten="183,454,257,96" step="2"/><W1/><G18/><T79/><D121/><U39/><E39/><V129/><F129/><W58/><G16/><T86/><D123/><U100/><E100/><AGARI ba="0,1" hai="2,4,11,13,14,15,45,47,93,97,98,100,101,105" machi="100" ten="40,3900,0" yaku="1,1,53,1" doraHai="128" doraHaiUra="6" who="2" fromWho="1" sc="183,0,454,-39,257,49,96,0" /><INIT seed="6,1,0,3,0,111" ten="183,415,306,96" oya="2" hai0="127,75,1,21,10,105,72,7,16,56,65,89,38" hai1="121,50,8,120,30,114,73,117,100,126,63,48,83" hai2="39,76,71,29,109,90,45,80,24,59,122,32,124" hai3="35,46,110,119,0,92,135,52,134,18,42,53,37"/><V47/><F122/><N who="1" m="47209" /><E117/><V132/><F71/><W103/><G35/><T107/><D127/><U88/><E126/><V3/><F124/><W104/><G0/><T112/><D38/><U14/><E100/><V27/><F109/><W125/><G104/><T41/><D41/><U68/><E30/><V36/><F132/><W40/><G125/><T82/><D72/><U86/><E73/><V58/><F3/><W115/><G18/><T79/><D89/><U118/><E118/><V12/><F90/><W15/><G15/><T77/><D77/><U130/><E130/><V69/><F69/><W60/><G92/><T113/><D56/><U54/><E114/><N who="0" m="44137" /><D65/><N who="1" m="41023" /><E54/><V96/><F36/><W94/><G115/><T61/><D61/><U93/><E93/><V102/><F39/><W9/><G37/><T67/><D67/><U129/><E129/><V74/><F58/><W20/><G53/><T99/><D99/><U22/><E22/><V62/><F12/><AGARI ba="1,0" hai="1,7,10,12,16,21,75,79,82,105,107" m="44137" machi="12" ten="30,8000,1" yaku="15,1,52,3,54,1" doraHai="111" who="0" fromWho="2" sc="183,83,415,0,306,-83,96,0" /><INIT seed="7,0,0,5,0,91" ten="266,415,223,96" oya="3" hai0="45,75,85,81,62,98,61,100,128,90,47,46,115" hai1="8,40,39,25,57,107,34,21,0,70,74,80,84" hai2="131,95,60,44,99,127,89,73,72,3,51,86,109" hai3="5,16,113,18,23,114,55,31,4,133,42,11,97"/><W124/><G42/><T43/><D75/><U15/><E70/><V64/><F109/><W28/><G97/><T58/><D128/><U101/><E0/><V53/><F131/><W104/><G104/><T6/><D6/><N who="3" m="2665" /><G55/><T94/><D115/><N who="3" m="44041" /><G133/><T9/><D9/><U19/><E34/><V102/><F127/><W48/><G48/><N who="0" m="26687" /><D62/><U116/><E74/><V63/><F3/><W87/><G87/><T27/><D27/><U52/><E107/><V120/><F120/><W129/><G129/><T118/><D118/><U69/><E101/><V49/><F49/><W79/><G79/><T103/><D100/><U59/><E40/><V12/><F12/><N who="3" m="7199" /><G124/><T17/><D46/><U82/><E39/><V36/><F36/><W2/><G2/><T76/><D47/><U83/><E116/><V93/><REACH who="2" step="1"/><F60/><REACH who="2" ten="266,415,213,96" step="2"/><W126/><G126/><T41/><D41/><U14/><E14/><AGARI ba="0,1" hai="14,18,23,28,31" m="7199,44041,2665" machi="14" ten="30,11600,0" yaku="15,1,34,2,54,1" doraHai="91" who="3" fromWho="1" sc="266,0,415,-116,213,0,96,126" /><INIT seed="7,1,0,0,0,42" ten="266,299,213,222" oya="3" hai0="66,76,64,15,95,67,133,20,70,8,11,3,7" hai1="9,63,24,126,43,122,94,19,134,50,13,58,2" hai2="102,88,71,120,65,30,98,44,84,121,111,56,91" hai3="89,25,16,72,105,57,110,10,21,0,47,60,86"/><W81/><G105/><T1/><D70/><U69/><E94/><N who="2" m="58711" /><F111/><W35/><G110/><T39/><D39/><U83/><E122/><N who="2" m="47211" /><F30/><W73/><G35/><T100/><D76/><U22/><E134/><V96/><F96/><W5/><REACH who="3" step="1"/><G47/><REACH who="3" ten="266,299,213,212" step="2"/><T61/><D133/><U74/><E126/><V114/><F114/><W27/><G27/><T79/><D1/><U14/><E24/><V119/><F119/><W78/><G78/><T75/><D79/><U128/><E2/><V90/><F71/><W31/><G31/><T127/><D127/><U26/><E69/><V104/><F104/><W97/><G97/><T107/><D107/><U131/><E26/><V103/><F103/><W99/><G99/><T49/><D100/><U77/><E131/><V59/><F65/><AGARI ba="1,1" hai="0,5,10,16,21,25,57,60,65,72,73,81,86,89" machi="65" ten="30,5800,0" yaku="1,1,7,1,54,1,53,0" doraHai="42" doraHaiUra="135" who="3" fromWho="2" sc="266,0,299,0,213,-61,212,71" /><INIT seed="7,2,0,1,0,48" ten="266,299,152,283" oya="3" hai0="76,103,105,49,12,0,38,2,99,44,89,17,36" hai1="61,133,50,16,58,10,43,112,85,125,23,59,119" hai2="92,46,77,14,47,7,13,62,55,52,100,73,57" hai3="91,75,37,95,41,8,65,96,109,40,131,107,19"/><W80/><G109/><T97/><D76/><U54/><E112/><V22/><F73/><W67/><G107/><T86/><D99/><U33/><E33/><V110/><F110/><W21/><G131/><T15/><D0/><U53/><E133/><V79/><F7/><W39/><G39/><T42/><D12/><N who="2" m="4714" /><F22/><W5/><G37/><T116/><D116/><U118/><E125/><V18/><F18/><W90/><G75/><T32/><D2/><U84/><E10/><V72/><F72/><W30/><G30/><T94/><REACH who="0" step="1"/><D32/><REACH who="0" ten="256,299,152,283" step="2"/><U134/><E134/><V56/><F79/><W108/><G108/><T113/><D113/><U82/><E43/><N who="3" m="16458" /><G8/><AGARI ba="2,1" hai="8,15,17,36,38,42,44,49,86,89,94,97,103,105" machi="8" ten="30,2000,0" yaku="1,1,7,1,53,0" doraHai="48" doraHaiUra="124" who="0" fromWho="3" sc="256,36,299,0,152,0,283,-26" /><INIT seed="8,0,0,1,0,49" ten="292,299,152,257" oya="0" hai0="129,107,132,97,30,96,48,33,9,63,52,65,130" hai1="21,16,20,104,5,94,32,31,40,110,66,57,37" hai2="58,23,76,89,128,11,122,60,135,39,71,51,86" hai3="27,54,99,115,4,70,3,83,124,121,85,133,87"/><T105/><D132/><U59/><E104/><V80/><F122/><W92/><G70/><T69/><D9/><U93/><E110/><V113/><F113/><W29/><G115/><T13/><D13/><U67/><E32/><V102/><F135/><W55/><G133/><T50/><D50/><U100/><E5/><V45/><F128/><N who="0" m="49258" /><D30/><U44/><E31/><V28/><F102/><N who="3" m="60775" /><G124/><T56/><D33/><U108/><E108/><V17/><F39/><W101/><G3/><T88/><D88/><U36/><E36/><V7/><F71/><W112/><G121/><T72/><D72/><U84/><E21/><V134/><F28/><W6/><G112/><T120/><D120/><U19/><E19/><V62/><F134/><W42/><G42/><T74/><D74/><U123/><E123/><V103/><F103/><W111/><G101/><T95/><D95/><U8/><E8/><V106/><F106/><AGARI ba="0,0" hai="48,52,56,63,65,69,96,97,105,106,107" m="49258" machi="106" ten="30,5800,0" yaku="19,1,52,1,54,1" doraHai="49" who="0" fromWho="2" sc="292,58,299,0,152,-58,257,0" owari="350,45.0,299,10.0,94,-41.0,257,-14.0" /></mjloggm>