<mjloggm ver="2.3"><GO type="43"/><UN n0="%E3%81%88%E3%81%9B%E3%81%A6%E3%81%A1" n1="%E8%AC%8E%E3%81%AE%E7%94%B7" n2="%E3%81%9F%E3%81%8D%E3%81%95%E3%82%93" n3="%EF%BC%88%E2%89%A7%E2%96%BD%E2%89%A6%EF%BC%89" dan="17,13,13,15" rate="2036,1890,1942,1964" sx="M,M,M,M"/><TAIKYOKU oya="0"/><INIT seed="0,0,0,5,5,50" ten="250,250,250,250" oya="0" hai0="115,46,45,126,67,88,62,120,117,2,122,58,118" hai1="44,3,65,8,52,113,82,38,84,101,0,75,100" hai2="59,129,98,17,108,128,68,87,97,55,81,107,83" hai3="9,47,132,5,99,104,26,21,77,130,40,1,110"/><T20/><D2/><U10/><E113/><V30/><F68/><W69/><G69/><T53/><D88/><U54/><E75/><V73/><F30/><W116/><G116/><N who="0" m="44651" /><D20/><U102/><E65/><V94/><F73/><W42/><G130/><T91/><D91/><U57/><E3/><V11/><F108/><W39/><G110/><T80/><D80/><U79/><E0/><V60/><F107/><W23/><G132/><T93/><D93/><U86/><E86/><V29/><F29/><W27/><G77/><T74/><D74/><U22/><E22/><V131/><F98/><W124/><G124/><T85/><D85/><U34/><E34/><V6/><F17/><W70/><G70/><N who="0" m="42359" /><D115/><U106/><E106/><V13/><F87/><W103/><REACH who="3" step="1"/><G42/><REACH who="3" ten="250,250,250,240" step="2"/><T28/><D126/><U25/><E79/><V15/><REACH who="2" step="1"/><F15/><REACH who="2" ten="250,250,240,240" step="2"/><W32/><G32/><T134/><D134/><U123/><E25/><AGARI ba="0,2" hai="1,5,9,21,23,25,26,27,39,40,47,99,103,104" machi="25" ten="40,1300,0" yaku="1,1,53,0" doraHai="50" doraHaiUra="78" who="3" fromWho="1" sc="250,0,250,-13,240,0,240,33" /><INIT seed="1,0,0,0,3,127" ten="250,237,240,273" oya="1" hai0="88,131,17,99,78,73,25,125,105,71,38,49,34" hai1="100,26,37,77,59,110,80,129,84,134,44,117,83" hai2="3,48,22,98,96,76,29,0,58,107,74,55,92" hai3="123,40,95,109,64,27,116,35,50,133,114,66,87"/><U122/><E117/><V126/><F126/><W102/><G116/><T82/><D38/><U33/><E122/><V93/><F107/><W135/><G123/><T16/><D71/><U6/><E134/><N who="3" m="51210" /><G114/><T121/><D125/><U86/><E110/><V130/><F74/><W113/><G113/><T45/><D121/><U12/><E100/><V57/><F76/><W14/><G109/><T1/><D1/><U60/><E6/><V132/><F132/><W39/><G39/><T68/><D68/><U61/><E12/><V56/><F29/><N who="3" m="19903" /><G14/><T36/><D36/><U54/><E37/><V20/><F58/><W19/><G19/><T65/><D34/><U62/><E44/><V91/><F55/><W112/><G112/><T5/><D25/><U18/><E18/><V63/><F63/><W13/><G13/><T81/><D5/><U120/><E120/><V128/><F48/><W75/><G75/><T67/><D16/><U70/><E70/><V11/><F91/><N who="3" m="53759" /><G102/><T115/><D115/><U118/><E118/><V69/><F69/><W94/><G94/><T31/><D105/><U90/><E33/><V89/><F89/><W42/><G42/><T7/><D88/><U97/><E26/><V53/><F53/><W8/><G8/><AGARI ba="0,0" hai="0,3,8,11,20,22,56,57,92,93,96,98,128,130" machi="8" ten="25,6400,0" yaku="22,2,52,2" doraHai="127" who="2" fromWho="3" sc="250,0,237,0,240,64,273,-64" /><INIT seed="2,0,0,1,5,105" ten="250,237,304,209" oya="2" hai0="61,129,57,23,101,21,33,45,54,82,123,118,39" hai1="43,17,131,31,42,95,40,41,107,126,121,85,27" hai2="56,84,102,70,5,50,1,32,60,34,13,49,20" hai3="125,26,86,63,2,52,66,46,19,132,18,127,38"/><V29/><F70/><W28/><G2/><T134/><D123/><U113/><E113/><V135/><F135/><W37/><G132/><T30/><D134/><U47/><E121/><V73/><F73/><W22/><G86/><T9/><D129/><U81/><E131/><V104/><F34/><W3/><G3/><T4/><D118/><U65/><E107/><V6/><F6/><W24/><G52/><T72/><D101/><U120/><E120/><V11/><F84/><W83/><G83/><T74/><D33/><U130/><E130/><V59/><F59/><W114/><G114/><T91/><D30/><U35/><E126/><N who="3" m="48138" /><G46/><T0/><D91/><U111/><E111/><V116/><F116/><W133/><G133/><T25/><D25/><U71/><E95/><V77/><F77/><W12/><G26/><T69/><D69/><U76/><E71/><V88/><F88/><W92/><G92/><T10/><D10/><U99/><E65/><V7/><F1/><W58/><G19/><T44/><D44/><U53/><E17/><V89/><F29/><W16/><G16/><T55/><D55/><U8/><E53/><V51/><F7/><W48/><G48/><T67/><D54/><U93/><E8/><AGARI ba="0,0" hai="8,12,18,22,24,28,37,38,58,63,66" m="48138" machi="8" ten="30,1000,0" yaku="18,1" doraHai="105" who="3" fromWho="1" sc="250,0,237,-10,304,0,209,10" /><INIT seed="3,0,0,0,0,101" ten="250,227,304,219" oya="3" hai0="48,41,110,98,12,122,57,131,111,106,6,14,33" hai1="35,28,44,70,13,7,114,60,63,54,90,26,135" hai2="78,52,21,80,73,104,105,46,96,37,113,120,11" hai3="67,30,0,40,92,64,15,47,108,8,19,27,117"/><W119/><G0/><T61/><D33/><U62/><E135/><V56/><F113/><W59/><G108/><T58/><D122/><U103/><E114/><V100/><F120/><W65/><G92/><T18/><D131/><U20/><E103/><V121/><F121/><W69/><G59/><T83/><D83/><U2/><E2/><V124/><F124/><W81/><G81/><T128/><D128/><U126/><E126/><V9/><F21/><W99/><G99/><T94/><D106/><U112/><E112/><V1/><F11/><W74/><G74/><T22/><D41/><U77/><E77/><V29/><F29/><W129/><G69/><T49/><D6/><U68/><E90/><V32/><F32/><W86/><G86/><T24/><D111/><U93/><E93/><V115/><F115/><W75/><G75/><T16/><D110/><U123/><E123/><V89/><F89/><W134/><G134/><T95/><D24/><U76/><E76/><V55/><F37/><W133/><G133/><T132/><D132/><U34/><E34/><V17/><F46/><W25/><G129/><T50/><D95/><U51/><E7/><V79/><F1/><W38/><REACH who="3" step="1"/><G25/><REACH who="3" ten="250,227,304,209" step="2"/><T3/><D3/><U42/><E68/><V5/><F56/><W85/><G85/><T72/><D72/><U31/><E70/><V71/><F73/><W130/><G130/><T91/><D61/><U84/><E84/><V116/><F71/><W107/><G107/><T82/><D82/><U53/><E13/><V66/><F80/><W97/><G97/><T39/><D57/><RYUUKYOKU ba="0,1" sc="250,-15,227,15,304,-15,209,15" hai1="20,26,28,31,35,42,44,51,53,54,60,62,63" hai3="8,15,19,27,30,38,40,47,64,65,67,117,119" /><INIT seed="3,1,1,4,0,56" ten="235,242,289,224" oya="3" hai0="33,100,73,77,122,23,47,126,117,36,39,74,22" hai1="27,24,14,12,2,108,119,132,9,29,13,65,64" hai2="101,40,86,45,127,38,133,84,103,67,85,98,78" hai3="120,107,113,104,50,49,99,81,109,115,4,0,35"/><W53/><G120/><T42/><D122/><U80/><E108/><V1/><F1/><W69/><G35/><T59/><D33/><U68/><E132/><V46/><F46/><W7/><G69/><T129/><D117/><U58/><E119/><V25/><F25/><W60/><G109/><T34/><D34/><U131/><E131/><V8/><F8/><W88/><G0/><T10/><D39/><U130/><E130/><V71/><F133/><W19/><G19/><T87/><D126/><U128/><E128/><V62/><F127/><W43/><G43/><T6/><D100/><U114/><E68/><V11/><F11/><W106/><G81/><T97/><D97/><U111/><E65/><V28/><F28/><W121/><G121/><T118/><D118/><U83/><E27/><V52/><F52/><W16/><G16/><T54/><D87/><U70/><E70/><V93/><REACH who="2" step="1"/><F103/><REACH who="2" ten="235,242,279,224" step="2"/><W124/><G124/><T17/><D10/><U76/><E111/><V44/><F44/><W75/><G53/><T55/><D55/><U3/><E24/><V116/><F116/><W92/><G7/><T5/><D5/><U31/><E9/><V18/><F18/><W32/><G4/><T96/><D6/><U26/><E29/><V51/><F51/><W72/><G50/><T37/><D129/><U90/><E26/><V61/><F61/><W95/><G49/><T91/><D54/><U21/><E31/><V66/><F66/><W134/><G60/><T20/><D47/><U123/><E64/><V48/><F48/><W41/><G134/><T110/><D110/><RYUUKYOKU ba="1,2" sc="235,-10,242,-10,279,30,224,-10" hai2="38,40,45,62,67,71,78,84,85,86,93,98,101" /><INIT seed="4,2,2,4,1,16" ten="225,232,309,214" oya="0" hai0="124,18,6,71,49,1,123,77,111,100,4,17,41" hai1="105,22,20,89,119,127,88,75,132,57,131,104,11" hai2="117,37,92,73,40,96,45,21,76,79,24,110,10" hai3="46,91,34,134,27,113,66,81,103,128,93,52,48"/><T26/><D123/><U112/><E119/><V99/><F110/><W5/><G134/><T39/><D71/><U50/><E75/><V86/><F117/><W54/><G128/><T55/><D39/><U60/><E131/><V115/><F115/><W62/><G113/><T118/><D41/><U42/><E112/><V107/><F107/><W56/><G5/><T72/><D118/><U43/><E132/><V25/><F73/><W135/><G135/><T15/><D1/><U36/><E36/><V31/><F10/><W101/><G34/><T74/><D100/><N who="3" m="38473" /><G27/><T80/><D74/><U87/><E104/><V108/><F108/><W133/><G133/><T70/><D70/><U116/><E105/><V106/><F106/><W109/><G109/><T102/><D102/><U83/><E116/><V130/><F130/><W38/><G38/><T98/><D98/><U69/><E69/><V28/><F92/><W122/><G122/><T19/><D111/><U129/><E129/><V67/><F67/><W2/><G2/><T63/><D26/><U84/><E11/><V13/><F13/><W97/><G81/><T68/><D15/><U0/><E0/><V30/><F30/><W53/><AGARI ba="2,2" hai="46,48,52,53,54,56,62,66,91,93,97" m="38473" machi="53" ten="30,1100,0" yaku="8,1" doraHai="16" who="3" fromWho="3" sc="225,-7,232,-5,309,-5,214,37" /><INIT seed="5,0,0,2,0,61" ten="218,227,304,251" oya="1" hai0="12,98,56,39,127,111,76,63,123,126,5,40,62" hai1="3,93,89,50,133,79,122,21,101,80,70,131,91" hai2="85,24,107,4,117,86,120,51,11,67,41,58,118" hai3="92,14,28,71,132,43,109,96,72,121,113,99,69"/><U83/><E133/><V2/><F107/><W124/><G121/><T134/><D111/><U64/><E122/><V8/><F120/><W44/><G72/><T106/><D123/><U16/><E3/><V47/><F24/><W88/><G109/><T104/><D76/><U77/><E131/><V59/><F11/><W129/><G132/><T0/><D0/><U10/><E10/><V74/><F74/><W26/><G129/><T108/><D108/><U53/><E101/><V34/><F34/><W27/><G124/><N who="0" m="47659" /><D134/><U95/><E70/><V128/><F128/><W82/><G113/><T42/><D63/><U32/><E32/><V38/><F59/><W90/><G14/><T73/><D73/><U36/><E36/><V15/><F2/><W25/><G28/><T23/><D98/><N who="1" m="57647" /><E64/><V87/><REACH who="2" step="1"/><F51/><REACH who="2" ten="218,227,294,251" step="2"/><W46/><G71/><T116/><D39/><U19/><E50/><V22/><F22/><W81/><G69/><T100/><D23/><U75/><E75/><V102/><F102/><W66/><G26/><T52/><D100/><U13/><E21/><V103/><F103/><W115/><G25/><T17/><D106/><U112/><E112/><V114/><F114/><W125/><G115/><T57/><D104/><U35/><E35/><V54/><F54/><W97/><G27/><T9/><D57/><U1/><E53/><V135/><F135/><W84/><G125/><T29/><D29/><U49/><E1/><V33/><F33/><W48/><G48/><T37/><D37/><U130/><E49/><V60/><AGARI ba="0,1" hai="4,8,15,38,41,47,58,60,67,85,86,87,117,118" machi="60" ten="30,4000,0" yaku="1,1,0,1,52,1,53,0" doraHai="61" doraHaiUra="78" who="2" fromWho="2" sc="218,-10,227,-20,294,50,251,-10" /><INIT seed="6,0,0,3,2,85" ten="208,207,344,241" oya="2" hai0="92,116,24,90,53,27,70,88,89,38,40,124,32" hai1="82,98,72,73,37,125,17,35,69,109,42,36,107" hai2="99,61,71,1,39,12,96,118,59,47,135,28,127" hai3="113,106,30,45,97,77,48,102,128,13,101,133,121"/><V41/><F1/><W57/><G121/><T119/><D70/><U3/><E109/><V10/><F118/><N who="0" m="45098" /><D124/><U63/><E125/><V81/><F71/><W49/><G133/><T56/><D32/><U86/><E3/><V14/><F127/><W132/><G132/><T100/><D40/><U23/><E35/><V67/><F135/><W43/><G128/><T26/><D38/><U83/><E37/><V9/><F28/><W0/><G0/><T110/><D110/><U4/><E4/><V51/><F39/><W68/><G68/><T126/><D126/><U16/><E83/><V115/><F81/><W18/><G77/><T62/><D100/><U64/><E17/><V8/><F115/><W117/><G113/><T76/><D76/><U80/><E80/><V19/><REACH who="2" step="1"/><F10/><REACH who="2" ten="208,207,334,241" step="2"/><W21/><G30/><T134/><D134/><U79/><E36/><V114/><F114/><W108/><G108/><T6/><D6/><AGARI ba="0,1" hai="6,8,9,12,14,19,41,47,51,59,61,67,96,99" machi="6" ten="30,11600,0" yaku="1,1,7,1,8,1,53,1" doraHai="85" doraHaiUra="55" who="2" fromWho="0" sc="208,-116,207,0,334,126,241,0" /><INIT seed="6,1,0,3,5,54" ten="92,207,460,241" oya="2" hai0="4,99,106,66,110,44,7,93,15,97,76,32,89" hai1="120,71,78,5,133,56,121,75,13,127,68,131,34" hai2="25,9,8,58,86,96,18,31,47,50,114,36,19" hai3="42,122,51,113,132,30,135,74,128,3,115,70,46"/><V20/><F36/><W40/><G3/><T82/><D32/><U48/><E131/><V130/><F130/><W43/><G74/><T112/><D112/><N who="3" m="43081" /><G128/><T126/><D110/><U10/><E34/><V38/><F38/><W11/><G11/><T14/><D126/><U61/><E127/><V91/><F114/><W52/><G30/><T103/><D66/><N who="1" m="39207" /><E48/><V24/><F96/><W64/><G122/><N who="1" m="47210" /><E133/><V107/><F107/><W12/><G12/><T98/><D98/><U109/><E109/><V123/><F123/><W0/><G0/><T60/><D60/><AGARI ba="1,0" hai="40,42,43,46,51,52,60,64,70,132,135" m="43081" machi="60" ten="40,8000,1" yaku="15,1,11,1,34,2" doraHai="54" who="3" fromWho="0" sc="92,-83,207,0,460,0,241,83" /><INIT seed="7,0,0,0,5,4" ten="9,207,460,324" oya="3" hai0="29,108,34,54,119,121,44,82,89,104,65,22,85" hai1="132,47,38,123,0,113,10,73,74,126,135,12,39" hai2="5,37,122,59,55,109,95,31,68,32,130,18,103" hai3="17,52,112,105,97,110,94,11,30,125,114,28,99"/><W88/><G125/><T76/><D119/><U23/><E23/><V131/><F68/><W61/><G110/><T83/><D104/><U8/><E12/><V41/><F109/><W116/><G116/><T6/><D108/><U21/><E21/><V100/><F122/><W127/><G127/><T25/><D121/><U78/><E126/><V58/><F5/><W24/><G105/><T42/><D65/><U63/><E123/><V107/><F107/><W56/><G99/><T133/><D133/><U128/><E63/><V46/><F18/><W66/><G66/><T90/><D54/><U45/><E78/><V2/><F2/><W14/><REACH who="3" step="1"/><G30/><REACH who="3" ten="9,207,460,314" step="2"/><T118/><D118/><U71/><E71/><V92/><F31/><W48/><G48/><T64/><D64/><U93/><E132/><V13/><F13/><W86/><G86/><T115/><D115/><U117/><E0/><V84/><F32/><AGARI ba="0,1" hai="11,14,17,24,28,32,52,56,61,88,94,97,112,114" machi="32" ten="40,3900,0" yaku="1,1,52,1,53,0" doraHai="4" doraHaiUra="16" who="3" fromWho="2" sc="9,0,207,0,460,-39,314,49" /><INIT seed="7,1,0,0,1,7" ten="9,207,421,363" oya="3" hai0="71,37,99,134,96,90,0,122,82,1,45,18,11" hai1="67,85,104,10,78,117,58,31,75,61,42,124,132" hai2="130,120,86,93,20,38,41,118,14,28,94,119,12" hai3="65,73,62,15,46,74,36,21,133,123,25,77,32"/><W30/><G123/><T5/><D71/><U64/><E132/><V76/><F120/><W43/><G133/><T101/><D122/><U48/><E124/><V128/><F41/><W51/><G77/><T23/><D134/><U69/><E75/><V55/><F38/><W16/><REACH who="3" step="1"/><G51/><REACH who="3" ten="9,207,421,353" step="2"/><T91/><D0/><U52/><E48/><V34/><F119/><W97/><G97/><T116/><D116/><U72/><E78/><V22/><F118/><W27/><G27/><T84/><D90/><U9/><E117/><V4/><F76/><W53/><G53/><T44/><D37/><U26/><E52/><V92/><F55/><W125/><G125/><T57/><D57/><U98/><E26/><V110/><F110/><W24/><G24/><T81/><D81/><U105/><E98/><V115/><F115/><W60/><G60/><T103/><D99/><U68/><E61/><V13/><F86/><W29/><G29/><T112/><D112/><U3/><E85/><V129/><F28/><W107/><G107/><T79/><D79/><U87/><E87/><V8/><F34/><W47/><G47/><T121/><D121/><U59/><E31/><V17/><F17/><W80/><G80/><T39/><D39/><U108/><E72/><V35/><F35/><W131/><G131/><T102/><D96/><U2/><REACH who="1" step="1"/><E42/><REACH who="1" ten="9,197,421,353" step="2"/><V6/><F6/><W70/><AGARI ba="1,2" hai="15,16,21,25,30,32,36,43,46,62,65,70,73,74" machi="70" ten="20,7800,0" yaku="1,1,0,1,7,1,53,1" doraHai="7" doraHaiUra="40" who="3" fromWho="3" sc="9,-27,197,-27,421,-27,353,101" owari="-18,-52.0,170,-23.0,394,19.0,454,56.0" /></mjloggm>