<mjloggm ver="2.3"><GO type="169"/><UN n0="%E6%9D%A5%E6%A0%96%E9%B3%A5" n1="%E3%80%93%E3%81%84%E3%81%A1%E3%81%AF%E3%82%89%E3%80%93" n2="%EF%BC%88%E2%89%A7%E2%96%BD%E2%89%A6%EF%BC%89" n3="%E3%82%80%E3%83%BC%E3%82%80" dan="16,18,16,16" rate="2117,2155,2085,2038" sx="M,M,M,M"/><TAIKYOKU oya="0"/><INIT seed="0,0,0,2,0,68" ten="250,250,250,250" oya="0" hai0="30,69,60,95,32,19,15,27,91,29,88,97,21" hai1="48,49,50,36,131,113,35,129,73,114,14,39,80" hai2="109,108,52,123,10,112,42,34,6,99,122,33,120" hai3="72,11,17,85,103,23,4,18,40,87,31,118,105"/><T119/><D119/><U47/><E35/><N who="2" m="13323" /><F42/><W101/><G72/><T84/><D30/><U66/><E14/><N who="2" m="5463" /><F99/><W61/><G31/><T79/><D79/><N who="1" m="44143" /><E66/><V71/><F52/><W25/><G61/><T63/><REACH who="0" step="1"/><D69/><REACH who="0" ten="240,250,250,250" step="2"/><U5/><E47/><V82/><F71/><W77/><G77/><T81/><AGARI ba="0,1" hai="15,19,21,27,29,32,60,63,81,84,88,91,95,97" machi="81" ten="20,18000,2" yaku="1,1,2,1,0,1,7,1,54,1,53,2" doraHai="68" doraHaiUra="58" who="0" fromWho="0" sc="240,190,250,-60,250,-60,250,-60" /><INIT seed="0,1,0,5,1,79" ten="430,190,190,190" oya="0" hai0="118,119,23,88,66,31,135,7,13,26,52,32,132" hai1="70,20,65,53,85,75,59,46,29,37,45,73,108" hai2="54,111,62,40,115,68,112,117,76,105,25,34,84" hai3="125,122,71,103,44,81,124,60,100,123,134,27,101"/><T39/><D39/><U83/><E108/><V74/><F84/><W56/><G71/><T89/><D66/><U33/><E33/><V21/><F21/><W97/><G44/><T93/><D89/><U18/><E29/><N who="2" m="19759" /><F54/><W128/><G27/><T3/><D3/><U64/><E73/><V8/><F8/><W110/><G56/><T1/><D1/><U80/><E75/><V55/><F55/><W99/><G60/><T86/><D52/><U24/><E70/><V114/><F111/><W92/><G110/><T41/><D41/><U51/><E37/><V133/><F133/><N who="0" m="51274" /><D7/><U57/><E85/><V0/><F0/><W43/><G43/><T116/><D13/><U19/><E19/><V12/><F12/><W126/><G134/><T47/><D47/><N who="1" m="17931" /><E64/><N who="2" m="40983" /><F114/><W95/><G101/><T121/><D32/><U78/><E78/><V87/><F40/><W17/><G17/><T11/><D11/><U113/><E113/><V14/><F14/><W129/><G125/><T127/><D121/><U107/><E107/><V30/><F105/><W35/><G35/><T96/><D127/><U130/><E130/><V4/><F115/><W48/><G48/><T82/><D82/><AGARI ba="1,0" hai="81,82,92,95,97,99,100,103,122,123,124,126,128,129" machi="82" ten="25,12000,2" yaku="22,2,34,3,52,2" doraHai="79" who="3" fromWho="0" sc="430,-123,190,0,190,0,190,123" /><INIT seed="1,0,0,2,2,31" ten="307,190,190,313" oya="1" hai0="45,57,90,127,121,19,40,105,35,6,96,2,70" hai1="108,131,34,62,88,4,91,17,61,107,113,85,24" hai2="102,39,68,100,56,104,109,29,87,95,43,69,47" hai3="126,92,132,122,21,12,86,129,74,93,22,18,111"/><U130/><E113/><V75/><F75/><W72/><G122/><T28/><D121/><U27/><E107/><V81/><F109/><W116/><G116/><T63/><D127/><U13/><E4/><V124/><F124/><W55/><G126/><T20/><D2/><U99/><E99/><V8/><F104/><W0/><G132/><T33/><D28/><U117/><E117/><V118/><F118/><W14/><G86/><T5/><D70/><U3/><E3/><V9/><F29/><W112/><G111/><T73/><D73/><U37/><E37/><V134/><F134/><W30/><G30/><T77/><D77/><U1/><E1/><V76/><F56/><W67/><G67/><T15/><D6/><U115/><E108/><V125/><F125/><W94/><G0/><T84/><D5/><U44/><E44/><V66/><F66/><W52/><G129/><T120/><D120/><U79/><E115/><V26/><F69/><W82/><G82/><T89/><D89/><U10/><E79/><V128/><F68/><W58/><G55/><N who="0" m="34239" /><D96/><U59/><E34/><V36/><F76/><W11/><G112/><T60/><D60/><U133/><E133/><V64/><F39/><W16/><G11/><T97/><D97/><U135/><E135/><V65/><F8/><W119/><G119/><T41/><D105/><U7/><E62/><AGARI ba="0,0" hai="12,14,16,18,21,22,52,58,62,72,74,92,93,94" machi="62" ten="40,5200,0" yaku="9,1,54,2" doraHai="31" who="3" fromWho="1" sc="307,0,190,-52,190,0,313,52" /><INIT seed="2,0,0,0,1,9" ten="307,138,190,365" oya="2" hai0="98,14,67,102,131,45,69,82,68,113,49,114,30" hai1="91,106,93,22,135,53,118,107,71,70,44,37,15" hai2="20,78,33,60,50,112,85,39,10,43,95,123,0" hai3="5,74,17,75,115,21,12,63,77,54,105,41,103"/><V48/><F123/><W96/><G115/><T89/><D131/><U7/><E118/><V27/><F33/><W100/><G41/><T35/><D69/><U116/><E116/><V87/><F112/><W122/><G122/><T104/><D89/><U6/><E135/><V2/><F2/><W128/><G128/><T76/><D14/><U23/><E37/><V125/><F125/><W34/><G34/><T99/><D98/><U110/><E110/><V57/><F39/><W25/><G77/><T73/><D45/><U72/><E72/><V16/><F0/><W38/><G100/><T55/><D55/><U80/><E80/><N who="2" m="47255" /><F43/><W132/><G132/><T4/><D49/><U129/><E129/><V92/><F10/><W130/><G130/><T52/><D52/><U101/><E101/><V13/><F27/><W66/><G54/><T46/><D4/><U62/><E70/><V109/><F109/><W24/><G24/><N who="0" m="18887" /><D46/><U59/><E71/><V58/><F58/><W127/><G38/><T64/><D64/><U42/><E107/><V111/><F111/><W31/><G5/><T61/><AGARI ba="0,0" hai="61,67,68,73,76,82,99,102,104,113,114" m="18887" machi="61" ten="30,2000,0" yaku="25,1,23,1" doraHai="9" who="0" fromWho="0" sc="307,20,138,-5,190,-10,365,-5" /><INIT seed="3,0,0,0,0,7" ten="327,133,180,360" oya="3" hai0="56,89,63,133,90,65,8,128,68,83,113,116,40" hai1="48,34,85,53,24,95,32,11,3,99,44,84,20" hai2="0,14,19,117,6,127,16,76,42,81,15,23,2" hai3="94,112,97,4,111,106,75,104,72,66,33,61,52"/><W69/><G111/><T118/><D113/><U73/><E73/><V43/><F117/><W29/><G112/><T38/><D128/><U88/><E34/><V45/><F127/><W126/><G4/><T57/><D133/><U129/><E32/><V96/><F96/><W67/><G67/><T130/><D130/><U50/><E129/><V25/><F6/><W36/><G36/><T64/><D68/><U92/><E3/><V121/><F121/><W13/><G13/><T134/><D134/><U54/><E92/><V12/><F19/><W71/><G71/><T110/><D110/><U74/><E74/><V78/><F42/><W55/><G75/><T5/><D83/><U124/><E11/><V60/><F60/><W46/><G72/><T105/><D105/><U125/><E125/><V21/><F21/><W9/><G9/><T39/><D40/><U1/><E1/><V132/><F132/><W119/><G126/><T109/><D109/><U122/><E122/><V18/><F18/><W59/><G46/><T41/><D41/><U27/><E124/><V82/><F0/><W107/><G69/><T51/><D51/><U77/><E77/><N who="2" m="29803" /><F2/><W87/><G87/><T108/><D108/><U115/><E115/><V58/><F58/><W49/><G119/><N who="0" m="45611" /><D57/><U17/><E27/><V100/><F100/><N who="3" m="60471" /><G49/><AGARI ba="0,0" hai="12,14,15,16,23,25,43,45,49,81,82" m="29803" machi="49" ten="30,2000,0" yaku="8,1,54,1" doraHai="7" who="2" fromWho="3" sc="327,0,133,0,180,20,360,-20" /><INIT seed="4,0,0,4,3,3" ten="327,133,200,340" oya="0" hai0="98,35,85,55,62,113,41,65,26,34,128,94,33" hai1="0,6,18,112,14,10,117,123,110,77,92,69,19" hai2="8,132,121,49,63,61,100,103,66,45,28,2,133" hai3="59,90,118,108,17,20,48,29,102,47,58,43,109"/><T7/><D113/><U24/><E69/><V15/><F2/><W71/><G71/><T30/><D41/><U31/><E123/><V114/><F28/><W104/><G29/><T57/><D128/><U122/><E122/><V73/><F73/><W51/><G90/><T5/><D85/><U129/><E129/><V125/><F125/><W53/><G58/><T135/><D135/><N who="2" m="51786" /><F121/><W120/><G120/><T126/><D126/><U38/><E38/><V40/><F114/><W99/><G118/><T124/><D124/><U37/><E37/><V80/><F80/><W115/><G115/><T32/><REACH who="0" step="1"/><D65/><REACH who="0" ten="317,133,200,340" step="2"/><U119/><E112/><V1/><F66/><W42/><G42/><T82/><D82/><U91/><E119/><V130/><F130/><W44/><G43/><T36/><D36/><U4/><E117/><V127/><F127/><W23/><G109/><T74/><D74/><U72/><E110/><V22/><F40/><W11/><G108/><T39/><D39/><U76/><E72/><V68/><F68/><W64/><G64/><T116/><D116/><U97/><E77/><V95/><F63/><W111/><G111/><T83/><D83/><U134/><E76/><V75/><F61/><W87/><G87/><T89/><AGARI ba="0,1" hai="5,7,26,30,32,33,34,35,55,57,62,89,94,98" machi="89" ten="30,11700,0" yaku="1,1,0,1,52,2,53,0" doraHai="3" doraHaiUra="79" who="0" fromWho="0" sc="317,127,133,-39,200,-39,340,-39" /><INIT seed="4,1,0,5,3,14" ten="444,94,161,301" oya="0" hai0="72,82,114,65,109,67,19,38,111,23,105,96,108" hai1="58,99,125,33,135,62,44,27,21,81,117,60,0" hai2="10,53,129,46,41,101,134,50,73,124,93,36,76" hai3="2,98,128,42,5,120,52,15,34,97,115,83,37"/><T57/><D38/><U29/><E117/><V71/><F129/><W24/><G2/><T113/><D57/><U107/><E0/><V7/><F124/><W56/><G120/><T78/><D96/><U22/><E125/><V48/><F134/><W17/><G115/><N who="0" m="44043" /><D105/><U25/><E135/><V86/><F71/><W89/><G5/><T49/><D49/><U100/><E44/><V132/><F132/><W8/><G42/><T64/><D65/><U110/><E110/><V126/><F126/><W13/><G37/><T119/><D119/><U102/><E102/><V26/><F101/><W88/><G98/><T104/><D104/><U30/><E33/><V12/><F36/><W61/><G97/><T121/><D121/><U123/><E123/><V84/><F73/><W55/><G83/><T127/><D127/><U90/><E58/><V43/><F50/><W70/><G70/><T85/><D72/><U106/><REACH who="1" step="1"/><E107/><REACH who="1" ten="444,84,161,301" step="2"/><V39/><F39/><W31/><G56/><T130/><D130/><U69/><E69/><V68/><F68/><W122/><G122/><T9/><D9/><U63/><E63/><V6/><F10/><W59/><G128/><T54/><D54/><U35/><E35/><V3/><F53/><W131/><G131/><T91/><D78/><U118/><E118/><V116/><F76/><W94/><G55/><T112/><D112/><U40/><E40/><V45/><F43/><W20/><G94/><T79/><D79/><U87/><AGARI ba="1,1" hai="21,22,25,27,29,30,60,62,81,87,90,99,100,106" machi="87" ten="30,4000,0" yaku="1,1,0,1,9,1,53,0" doraHai="14" doraHaiUra="32" who="1" fromWho="1" sc="444,-21,84,53,161,-11,301,-11" /><INIT seed="5,0,0,2,0,29" ten="423,137,150,290" oya="1" hai0="61,48,23,109,26,2,93,114,77,55,69,105,71" hai1="57,116,65,1,21,22,41,36,49,0,118,37,120" hai2="92,106,104,98,58,133,18,59,67,73,30,82,121" hai3="46,19,135,87,130,132,112,15,43,134,111,33,4"/><U45/><E1/><V94/><F121/><W107/><G111/><T66/><D109/><U78/><E0/><V88/><F133/><W129/><G107/><T108/><D2/><U47/><E78/><V131/><F131/><N who="3" m="50187" /><G112/><T32/><D114/><U103/><E103/><V34/><F18/><W27/><G4/><T38/><D38/><N who="1" m="14955" /><E22/><V102/><F106/><W74/><G74/><T39/><D105/><U126/><E21/><V44/><F44/><W51/><G87/><T16/><D77/><U96/><E96/><V124/><F67/><W95/><G95/><T6/><D32/><U85/><E85/><N who="2" m="52239" /><F94/><W91/><G91/><T72/><D6/><U80/><E80/><V7/><F7/><W52/><G43/><T24/><D72/><U127/><E47/><V122/><F122/><W125/><G27/><T62/><D108/><U84/><E84/><V8/><F8/><N who="3" m="6631" /><G33/><T9/><D26/><U76/><E120/><V28/><F28/><W79/><G79/><T13/><D93/><U90/><E90/><V25/><F124/><AGARI ba="0,0" hai="46,51,52,124,125,132,134,135" m="6631,50187" machi="124" ten="40,8000,1" yaku="30,2,20,1,19,1,54,1" doraHai="29" who="3" fromWho="2" sc="423,0,137,0,150,-80,290,80" /><INIT seed="6,0,0,1,1,103" ten="423,137,70,370" oya="2" hai0="65,14,74,37,22,33,113,36,56,23,71,76,112" hai1="45,121,110,87,97,124,62,35,0,84,127,75,94" hai2="44,4,43,68,117,24,135,73,51,111,42,107,3" hai3="80,108,134,32,125,122,89,81,18,114,2,9,115"/><V5/><F117/><W90/><G108/><T126/><D33/><U109/><E0/><V57/><F68/><W72/><G32/><T69/><D126/><N who="1" m="48171" /><E35/><V95/><F73/><W58/><G122/><T26/><D76/><U120/><E62/><V61/><F111/><N who="1" m="42505" /><E75/><V79/><F135/><W59/><G134/><T19/><D74/><U20/><E20/><V67/><F79/><W52/><G72/><T106/><D37/><U63/><E45/><V21/><F107/><W104/><G18/><T40/><D106/><U1/><E63/><V27/><F3/><W54/><G104/><T70/><D40/><U101/><E1/><V31/><F43/><W12/><G2/><T131/><D36/><U50/><E50/><V123/><F123/><AGARI ba="0,0" hai="84,87,94,97,101,120,121,123" m="42505,48171" machi="123" ten="40,8000,1" yaku="13,1,18,1,34,2" doraHai="103" who="1" fromWho="2" sc="423,0,137,80,70,-80,370,0" owari="423,52.0,217,-18.0,-10,-51.0,370,17.0" /></mjloggm>