<mjloggm ver="2.3"><GO type="169"/><UN n0="%47%61%4B%75" n1="%E7%B4%85%E9%89%84%E5%A7%AB" n2="%EF%BC%88%E2%89%A7%E2%96%BD%E2%89%A6%EF%BC%89" n3="%E6%AD%A6%E5%A3%AB%E6%B2%A2%E7%A7%80%E8%A1%8C" dan="17,17,18,16" rate="2173,2166,2185,2117" sx="M,F,M,M"/><TAIKYOKU oya="0"/><INIT seed="0,0,0,4,0,67" ten="250,250,250,250" oya="0" hai0="11,110,85,132,4,71,121,57,29,42,131,112,119" hai1="12,45,104,73,72,27,83,61,22,88,115,44,35" hai2="109,120,108,90,30,134,49,100,127,135,40,78,82" hai3="15,68,41,43,39,60,81,8,86,63,13,124,18"/><T2/><D42/><U118/><E104/><V59/><F30/><W107/><G107/><T65/><D57/><U75/><E118/><V103/><F40/><W99/><G124/><T66/><D66/><U19/><E115/><V9/><F9/><W48/><G39/><T55/><D55/><U70/><E35/><V37/><F37/><W133/><G133/><N who="2" m="50697" /><F49/><W33/><G33/><T117/><D85/><U123/><E123/><V122/><F90/><W0/><G0/><T101/><D101/><N who="2" m="38986" /><F59/><W34/><G34/><T28/><D132/><U111/><E111/><N who="2" m="42571" /><F127/><W50/><G41/><T56/><D56/><U58/><E45/><V130/><F130/><W36/><G43/><T114/><D110/><U26/><E44/><V3/><F3/><W116/><G48/><T25/><D29/><U96/><E70/><V32/><F32/><W21/><G68/><T31/><D31/><U53/><REACH who="1" step="1"/><E83/><REACH who="1" ten="250,240,250,250" step="2"/><V51/><F51/><W77/><G50/><T24/><D121/><U93/><AGARI ba="0,1" hai="12,19,22,26,27,53,58,61,72,73,75,88,93,96" machi="93" ten="40,8000,1" yaku="1,1,2,1,0,1,54,1,53,0" doraHai="67" doraHaiUra="38" who="1" fromWho="1" sc="250,-40,240,90,250,-20,250,-20" /><INIT seed="1,0,0,4,0,98" ten="210,330,230,230" oya="1" hai0="81,78,72,92,96,64,74,71,69,49,35,120,39" hai1="62,52,38,58,76,123,90,45,80,24,53,28,4" hai2="7,50,44,124,106,89,91,126,115,5,130,26,129" hai3="32,17,60,59,103,94,82,27,73,117,86,75,79"/><U54/><E123/><V10/><F106/><W23/><G117/><T134/><D39/><U105/><E4/><N who="2" m="1611" /><F115/><W132/><G132/><T68/><D134/><U47/><E105/><V110/><F10/><W125/><G125/><N who="2" m="48233" /><F26/><W121/><G121/><T25/><D120/><U14/><E14/><V61/><F61/><W100/><G32/><T93/><D49/><U127/><E127/><V109/><F50/><W122/><G122/><T16/><D64/><U97/><E38/><V57/><F57/><W66/><REACH who="3" step="1"/><G94/><REACH who="3" ten="210,330,230,220" step="2"/><T6/><D92/><N who="1" m="56471" /><E47/><V118/><F44/><W9/><G9/><T21/><D35/><U15/><E45/><V56/><F118/><W99/><G99/><T18/><D6/><U84/><E15/><V37/><F37/><W108/><G108/><N who="2" m="41577" /><F56/><W131/><G131/><AGARI ba="0,1" hai="89,91,129,130,131" m="41577,48233,1611" machi="131" ten="40,8000,1" yaku="28,2,19,1,18,1,14,1" doraHai="98" who="2" fromWho="3" sc="210,0,330,0,230,90,220,-80" /><INIT seed="2,0,0,3,2,83" ten="210,330,320,140" oya="2" hai0="13,5,120,91,42,55,116,95,121,131,15,101,134" hai1="63,24,130,125,34,12,18,135,86,57,21,47,32" hai2="132,14,62,16,75,38,106,8,94,9,23,46,129" hai3="22,56,48,27,64,49,108,105,93,84,44,11,40"/><V3/><F106/><W74/><G105/><T31/><D101/><U19/><E125/><V98/><F75/><W124/><G74/><T7/><D42/><U126/><E126/><V99/><F129/><W92/><G124/><T71/><D71/><U123/><E123/><V54/><F132/><W110/><G11/><T60/><D131/><U96/><E130/><V79/><F79/><W58/><G110/><T73/><D73/><U102/><E47/><V114/><F114/><W100/><G108/><T104/><D104/><U76/><E135/><V133/><F133/><W88/><G64/><T37/><D37/><U77/><E34/><V70/><F3/><W39/><G39/><T2/><D2/><U127/><E127/><V109/><F109/><W29/><G49/><T6/><D31/><U65/><E86/><V43/><F99/><AGARI ba="0,0" hai="22,27,29,40,44,48,56,58,84,88,92,93,99,100" machi="99" ten="40,5200,0" yaku="8,1,52,1,54,1" doraHai="83" who="3" fromWho="2" sc="210,0,330,0,320,-52,140,52" /><INIT seed="3,0,0,4,1,69" ten="210,330,268,192" oya="3" hai0="87,93,65,26,103,113,112,135,47,96,20,23,121" hai1="116,92,6,90,50,57,60,83,9,89,130,40,49" hai2="37,7,75,128,84,73,45,109,123,129,111,8,68" hai3="61,0,24,22,94,100,54,43,14,25,13,114,76"/><W122/><G0/><T117/><D117/><U46/><E130/><N who="2" m="50283" /><F123/><W91/><G122/><T71/><D135/><U104/><E104/><V36/><F84/><W78/><G114/><N who="0" m="44139" /><D121/><U34/><E34/><V85/><F85/><W17/><G100/><T16/><D23/><U97/><E116/><V74/><F68/><W108/><G43/><T88/><D71/><U126/><E126/><V44/><F44/><W1/><G1/><T80/><D47/><U86/><E60/><V11/><F45/><W115/><G108/><N who="2" m="41545" /><F11/><W118/><G115/><T56/><D56/><U99/><E99/><V10/><F10/><W106/><G106/><T29/><D65/><U66/><E66/><V3/><AGARI ba="0,0" hai="3,7,8,36,37,73,74,75" m="41545,50283" machi="3" ten="40,8000,1" yaku="19,1,14,1,23,1,52,2" doraHai="69" who="2" fromWho="2" sc="210,-20,330,-20,268,80,192,-40" /><INIT seed="4,0,0,4,3,54" ten="190,310,348,152" oya="0" hai0="47,127,101,1,134,2,55,93,111,68,67,6,122" hai1="34,128,82,108,100,8,114,65,97,135,105,79,46" hai2="74,27,45,23,58,3,60,57,44,52,14,15,78" hai3="116,59,92,106,72,11,80,64,4,24,53,118,91"/><T121/><D68/><U110/><E34/><V30/><F3/><W26/><G106/><T29/><D67/><U117/><E117/><V96/><F96/><W87/><G116/><T16/><D29/><U123/><E123/><V7/><F74/><W103/><G118/><T63/><D121/><U13/><E135/><V37/><F78/><W113/><G64/><T120/><D122/><U81/><E128/><V42/><F7/><W89/><G103/><T17/><D120/><U71/><E82/><V39/><F58/><W99/><G72/><T126/><D134/><U76/><E79/><V40/><AGARI ba="0,0" hai="14,15,23,27,30,37,39,40,42,44,45,52,57,60" machi="40" ten="30,7900,0" yaku="0,1,9,1,52,1,54,1" doraHai="54" who="2" fromWho="2" sc="190,-39,310,-20,348,79,152,-20" /><INIT seed="5,0,0,4,2,77" ten="151,290,427,132" oya="1" hai0="63,113,130,80,1,125,87,94,116,118,18,134,95" hai1="65,25,23,109,129,5,68,42,86,132,115,120,21" hai2="123,59,71,34,3,8,12,43,24,70,124,85,69" hai3="57,111,106,127,133,0,135,97,52,82,53,104,96"/><U107/><E107/><V33/><F123/><W4/><G4/><T93/><D1/><U22/><E120/><V55/><F124/><W73/><G0/><T66/><D125/><U98/><E98/><V51/><F3/><W40/><G127/><T117/><D18/><U30/><E109/><V48/><F24/><W45/><G111/><T72/><D63/><U100/><E100/><V9/><F85/><W16/><G73/><T79/><D66/><U29/><E129/><V84/><F84/><W36/><G16/><T128/><D113/><U41/><E5/><V58/><F43/><W90/><G90/><T17/><D17/><U26/><E115/><V122/><F122/><W11/><G11/><T60/><D60/><U46/><E21/><V7/><F8/><W14/><G14/><T61/><D61/><U83/><E65/><V102/><F102/><W44/><G40/><T112/><D112/><U91/><E68/><V6/><F7/><W81/><G57/><T49/><D49/><U50/><REACH who="1" step="1"/><E42/><REACH who="1" ten="151,280,427,132" step="2"/><V126/><F126/><W15/><REACH who="3" step="1"/><G15/><REACH who="3" ten="151,280,427,122" step="2"/><T92/><D134/><AGARI ba="0,2" hai="22,23,25,26,29,30,41,46,50,83,86,91,132,134" machi="134" ten="40,12000,1" yaku="1,1,2,1,9,1,52,1,53,0" doraHai="77" doraHaiUra="62" who="1" fromWho="0" sc="151,-120,280,140,427,0,122,0" /><INIT seed="5,1,0,3,4,59" ten="31,420,427,122" oya="1" hai0="133,64,92,33,16,21,125,32,67,5,130,132,4" hai1="119,57,73,79,117,113,37,8,3,35,63,124,52" hai2="1,15,109,123,10,115,112,80,0,19,101,110,99" hai3="91,24,7,2,34,96,30,51,9,38,28,88,45"/><U60/><E37/><V104/><F123/><W90/><G38/><T29/><D92/><U40/><E40/><V66/><F66/><W46/><G30/><T18/><D64/><U102/><E35/><N who="0" m="13385" /><D67/><U89/><E102/><V13/><F80/><W25/><G25/><N who="0" m="16559" /><D125/><U122/><E124/><V62/><F15/><W108/><G108/><N who="2" m="41577" /><F62/><W6/><G6/><N who="0" m="2667" /><D130/><U103/><E103/><V78/><F78/><W53/><REACH who="3" step="1"/><G46/><REACH who="3" ten="31,420,427,112" step="2"/><T50/><D50/><U95/><E117/><V58/><F115/><W20/><G20/><T114/><D114/><U129/><E113/><V131/><F112/><W111/><G111/><T54/><D54/><U22/><E119/><V76/><F131/><W43/><G43/><T31/><D31/><U100/><E129/><V72/><F58/><W118/><G118/><T93/><D93/><AGARI ba="1,1" hai="2,7,9,24,28,34,45,51,53,88,90,91,93,96" machi="93" ten="40,2600,0" yaku="1,1,54,1,53,0" doraHai="59" doraHaiUra="55" who="3" fromWho="0" sc="31,-29,420,0,427,0,112,39" /><INIT seed="6,0,0,3,4,55" ten="2,420,427,151" oya="2" hai0="10,50,96,69,113,1,46,108,57,132,32,80,31" hai1="59,67,48,39,128,118,44,38,84,2,115,90,3" hai2="104,77,30,22,114,26,25,0,102,126,16,24,79" hai3="95,11,83,103,29,21,56,68,92,134,125,110,35"/><V129/><F0/><W65/><G68/><T60/><D108/><U133/><E118/><V116/><F116/><W58/><G110/><T42/><D31/><U51/><E133/><V109/><F109/><W117/><G35/><T28/><D132/><U135/><E135/><V86/><F129/><W33/><G134/><T107/><D113/><U34/><E34/><V45/><F114/><W94/><G33/><T70/><D80/><U47/><E115/><V89/><F126/><W82/><G117/><T88/><D28/><U120/><E120/><V105/><F105/><W98/><G125/><T12/><D32/><U123/><E123/><V99/><F45/><W37/><G37/><T101/><D1/><U100/><E100/><V112/><F112/><W62/><G11/><T131/><D131/><U6/><E128/><V40/><F40/><W64/><G82/><T5/><D88/><U63/><E6/><V15/><REACH who="2" step="1"/><F30/><REACH who="2" ten="2,420,417,151" step="2"/><W13/><G29/><T119/><D119/><U7/><E2/><V20/><F20/><W122/><G21/><T130/><D130/><U52/><E3/><V106/><F106/><W17/><G122/><T18/><D5/><U78/><E7/><V111/><F111/><W127/><G127/><T87/><D87/><U124/><E124/><V61/><F61/><W73/><G62/><T27/><D27/><U49/><E44/><V4/><F4/><W9/><G73/><T74/><D74/><U91/><E47/><V121/><F121/><W23/><G23/><T43/><D43/><U66/><E84/><V93/><AGARI ba="0,1" hai="15,16,22,24,25,26,77,79,86,89,93,99,102,104" machi="93" ten="30,12000,1" yaku="1,1,0,1,54,1,53,2" doraHai="55" doraHaiUra="75" who="2" fromWho="2" sc="2,-40,420,-40,417,130,151,-40" owari="-38,-54.0,380,18.0,547,65.0,111,-29.0" /></mjloggm>