<mjloggm ver="2.3"><GO type="41"/><UN n0="%35%6D%65%35%6D%65" n1="%E3%82%A6%E3%83%AB%E3%83%88%E3%83%A9%E7%AB%8B%E7%9B%B4" n2="%4E%6F%68%65%61%76%65%6E" n3="%E3%83%AB%E3%83%B3%E3%83%A1%E3%83%8B%E3%82%B2" dan="14,15,14,14" rate="1890,1975,1943,1905" sx="M,M,M,M"/><TAIKYOKU oya="0"/><INIT seed="0,0,0,5,5,62" ten="250,250,250,250" oya="0" hai0="16,49,68,5,105,17,118,113,25,123,45,37,67" hai1="10,108,98,31,61,58,38,64,21,129,93,74,78" hai2="26,120,131,41,119,52,133,54,122,103,66,43,30" hai3="130,117,56,116,19,104,29,2,6,112,65,50,4"/><T86/><D105/><U24/><E38/><V102/><F119/><W126/><G104/><T63/><D118/><U35/><E129/><V13/><F13/><W124/><G29/><T22/><D113/><U109/><E35/><V88/><F26/><W107/><G107/><T134/><D123/><U82/><REACH who="1" step="1"/><E10/><REACH who="1" step="2"/><V114/><F131/><W81/><G130/><T97/><D134/><U32/><E32/><V87/><F114/><W79/><G112/><T96/><D37/><U51/><E51/><V125/><F133/><W34/><G34/><T73/><D73/><U101/><AGARI ba="0,1" hai="21,24,31,58,61,64,74,78,82,93,98,101,108,109" machi="101" ten="30,8000,1" yaku="1,1,0,1,25,2,52,1,53,0" doraHai="62" doraHaiUra="46" who="1" fromWho="1" sc="250,-40,240,90,250,-20,250,-20" /><INIT seed="1,0,0,5,5,95" ten="210,330,230,230" oya="1" hai0="3,112,107,21,52,118,105,47,121,16,2,79,65" hai1="56,11,123,60,27,9,67,135,93,131,14,66,49" hai2="48,82,100,19,116,130,78,77,117,84,7,43,35" hai3="6,90,59,127,71,120,31,20,104,55,91,50,126"/><U34/><E123/><V80/><F35/><W87/><G71/><T24/><D118/><U92/><E131/><V46/><F7/><W94/><G120/><T101/><D112/><U58/><E135/><V8/><F130/><W73/><G73/><T81/><D65/><U15/><E27/><V51/><F19/><W4/><G104/><T98/><D107/><U26/><E26/><V32/><F32/><W39/><G39/><T111/><D121/><U17/><E34/><V76/><F8/><W23/><G23/><T75/><D111/><U106/><E106/><V132/><F132/><W99/><G20/><T10/><REACH who="0" step="1"/><D10/><REACH who="0" step="2"/><U44/><E66/><V119/><F100/><W108/><G108/><T54/><D54/><N who="1" m="31823" /><E44/><V30/><F30/><W22/><G31/><T33/><D33/><U110/><E110/><V125/><F125/><N who="3" m="47627" /><G22/><T29/><D29/><U122/><E122/><V103/><F103/><W97/><G6/><AGARI ba="0,1" hai="6,9,11,14,15,17,58,60,67,92,93" m="31823" machi="6" ten="30,1500,0" yaku="8,1" doraHai="95" who="1" fromWho="3" sc="200,0,330,25,230,0,230,-15" /><INIT seed="1,1,0,1,0,33" ten="200,355,230,215" oya="1" hai0="38,119,53,74,68,39,133,21,104,84,52,24,117" hai1="69,31,75,49,99,108,37,7,135,67,30,82,116" hai2="28,47,18,134,118,87,64,45,29,93,3,98,15" hai3="1,70,14,40,63,72,122,110,113,35,100,73,16"/><U90/><E31/><V42/><F118/><W43/><G35/><T94/><D74/><U0/><E49/><V65/><F134/><W123/><G113/><T12/><D104/><U103/><E90/><V114/><F114/><W51/><G100/><T56/><D68/><U120/><E116/><V77/><F3/><W91/><G43/><T124/><D124/><U58/><E58/><V127/><F127/><W130/><G91/><T22/><D133/><U131/><E135/><V26/><F47/><W79/><G72/><T111/><D111/><U41/><E30/><V92/><F29/><W25/><G25/><T121/><D94/><U34/><E131/><V125/><F125/><W50/><G110/><T83/><D24/><U112/><E34/><V105/><F105/><W81/><G130/><T115/><D12/><U97/><E97/><V32/><F92/><W85/><G122/><T86/><D56/><U88/><E112/><V95/><F95/><W106/><G106/><T23/><D115/><U60/><E120/><V101/><F87/><W78/><G123/><T76/><D121/><U20/><E20/><V55/><F55/><W8/><G73/><T126/><D23/><U11/><E108/><V13/><F77/><W5/><G78/><T10/><D126/><U71/><E71/><V4/><F4/><W61/><G70/><T6/><D76/><N who="1" m="44319" /><E88/><V89/><F101/><W9/><REACH who="3" step="1"/><G51/><REACH who="3" step="2"/><T46/><D117/><U132/><E132/><V66/><REACH who="2" step="1"/><F18/><REACH who="2" step="2"/><W48/><G48/><AGARI ba="1,2" hai="13,15,26,28,32,42,45,48,64,65,66,89,93,98" machi="48" ten="40,2600,0" yaku="1,1,2,1,53,0" doraHai="33" doraHaiUra="107" who="2" fromWho="3" sc="200,0,355,0,220,49,205,-29" /><INIT seed="2,0,0,4,3,0" ten="200,355,269,176" oya="2" hai0="83,16,72,115,74,27,85,88,1,17,62,100,63" hai1="101,53,117,116,57,95,39,49,14,18,109,67,77" hai2="134,26,120,20,87,70,48,12,84,127,75,108,42" hai3="68,30,107,129,29,124,32,121,126,65,106,91,90"/><V64/><F75/><W31/><G32/><T46/><D1/><U99/><E39/><V45/><F120/><W58/><G121/><T60/><D115/><U36/><E36/><V43/><F134/><W110/><G68/><T118/><D118/><U105/><E109/><V40/><F127/><N who="3" m="48683" /><G110/><T98/><D46/><U4/><E77/><V37/><F108/><W133/><G133/><T28/><D72/><U41/><E41/><N who="2" m="24623" /><F37/><W33/><G33/><T11/><D74/><U44/><E105/><N who="3" m="39946" /><G65/><T89/><D100/><U50/><E67/><V103/><F103/><W9/><G58/><T56/><D11/><U130/><E116/><V79/><F70/><W78/><G78/><T2/><D2/><U128/><E117/><V54/><F64/><W21/><G21/><N who="0" m="15471" /><D56/><U111/><E111/><V69/><F69/><W19/><G129/><T81/><D98/><U112/><E128/><V135/><F79/><W73/><G73/><T15/><D15/><AGARI ba="0,0" hai="9,15,19,29,30,31,90,91" m="39946,48683" machi="15" ten="40,1300,0" yaku="18,1" doraHai="0" who="3" fromWho="0" sc="200,-13,355,0,269,0,176,13" /><INIT seed="3,0,0,3,5,115" ten="187,355,269,189" oya="3" hai0="27,93,104,117,97,85,41,68,133,38,26,34,20" hai1="29,110,129,78,49,23,3,119,52,11,95,44,128" hai2="5,64,8,31,54,60,102,96,112,46,80,118,121" hai3="10,56,98,39,101,24,43,37,14,111,126,47,61"/><W63/><G126/><T92/><D68/><U35/><E35/><V79/><F121/><W132/><G132/><T89/><D133/><U135/><E135/><V65/><F112/><W105/><G111/><T58/><D104/><U113/><E113/><V7/><F31/><W48/><G24/><T88/><D34/><U127/><E127/><V13/><F118/><W103/><G101/><T30/><D27/><U122/><E122/><V67/><F46/><W45/><G39/><T123/><D123/><U106/><E106/><V114/><F114/><W82/><G82/><T32/><D32/><U18/><E110/><V9/><F54/><W124/><G56/><T40/><D38/><U57/><E78/><V6/><F102/><W53/><REACH who="3" step="1"/><G124/><REACH who="3" step="2"/><T17/><D58/><U125/><E125/><V22/><F96/><W99/><G99/><T130/><D130/><U116/><E57/><N who="2" m="36879" /><F80/><W84/><G84/><T36/><D36/><U1/><E95/><V74/><F74/><W90/><G90/><T50/><D30/><U66/><E129/><V83/><F79/><W109/><G109/><T19/><D26/><U0/><E128/><V69/><F83/><W4/><AGARI ba="0,1" hai="4,10,14,37,43,45,47,48,53,61,63,98,103,105" machi="4" ten="20,3900,0" yaku="1,1,0,1,7,1,53,0" doraHai="115" doraHaiUra="120" who="3" fromWho="3" sc="187,-13,355,-13,269,-13,179,49" /><INIT seed="3,1,0,4,5,135" ten="174,342,256,228" oya="3" hai0="99,29,122,81,61,112,101,40,82,115,37,20,84" hai1="32,79,45,0,88,124,78,42,111,34,67,96,1" hai2="54,102,121,55,93,16,74,97,76,22,68,11,94" hai3="134,80,59,109,43,70,103,105,51,25,106,10,119"/><W8/><G70/><T69/><D122/><U65/><E45/><V7/><F68/><W95/><G119/><T4/><D4/><U50/><E50/><V6/><F121/><W52/><G134/><T133/><D133/><U86/><E96/><V131/><F74/><W107/><G109/><T87/><D69/><U71/><E86/><V41/><F41/><W48/><G80/><T100/><D61/><U46/><E71/><V125/><F125/><W44/><REACH who="3" step="1"/><G25/><REACH who="3" step="2"/><T132/><D132/><U3/><E111/><V72/><F72/><W56/><G56/><T38/><D40/><U33/><E46/><V13/><F13/><W60/><G60/><T110/><D110/><U36/><E42/><V66/><F66/><W63/><G63/><T27/><D81/><U23/><E65/><V49/><F131/><W28/><G28/><T98/><D82/><U128/><E67/><V24/><F24/><W91/><G91/><T92/><D112/><U47/><E47/><V57/><F76/><W75/><G75/><T129/><D129/><U114/><E128/><V9/><F6/><W18/><G18/><T31/><D115/><U53/><E114/><V5/><F7/><W30/><G30/><T113/><D113/><U73/><E73/><V118/><F5/><W58/><G58/><T17/><D31/><U77/><E88/><V39/><F118/><W104/><N who="3" m="27136" /><DORA hai="89" /><W64/><G64/><T90/><D29/><U130/><E130/><V19/><F19/><W126/><G126/><T21/><D17/><U12/><E124/><V120/><F57/><W123/><G123/><RYUUKYOKU ba="1,1" sc="174,-10,342,-10,256,-10,218,30" hai3="8,10,43,44,48,51,52,59,95,103" /><INIT seed="3,2,1,1,5,31" ten="164,332,246,248" oya="3" hai0="62,82,79,32,101,52,14,63,108,83,44,80,116" hai1="2,45,22,6,38,106,65,69,20,112,13,70,35" hai2="126,53,17,34,96,67,25,51,87,26,36,86,12" hai3="57,48,37,8,135,115,59,125,120,121,15,129,55"/><W27/><G37/><T73/><D116/><U84/><E112/><V9/><F36/><W7/><G115/><T93/><D108/><U49/><E106/><V91/><F126/><W97/><G125/><T50/><D32/><U104/><E104/><V123/><F123/><W85/><G135/><T76/><D73/><U56/><E2/><V42/><F67/><W3/><G129/><T74/><D74/><U134/><E35/><V41/><F96/><W110/><G110/><T10/><D101/><U66/><E69/><V81/><F87/><W94/><G85/><T98/><D98/><U58/><E70/><V119/><F119/><W68/><G68/><T21/><D93/><U61/><E134/><V23/><F26/><W5/><G59/><T18/><REACH who="0" step="1"/><D10/><REACH who="0" step="2"/><U11/><E84/><V122/><F122/><W128/><G120/><T102/><D102/><U43/><E22/><V4/><F34/><W71/><G121/><T118/><D118/><U64/><E20/><V92/><F92/><W1/><G94/><T78/><AGARI ba="2,2" hai="14,18,21,44,50,52,62,63,76,78,79,80,82,83" machi="78" ten="30,7900,0" yaku="1,1,0,1,8,1,54,1,53,0" doraHai="31" doraHaiUra="133" who="0" fromWho="0" sc="154,105,332,-22,246,-22,248,-41" /><INIT seed="4,0,0,3,4,20" ten="259,310,224,207" oya="0" hai0="33,80,100,59,73,75,117,63,119,48,54,15,51" hai1="115,4,96,135,104,70,64,65,86,17,107,97,38" hai2="84,37,125,91,58,92,53,76,49,112,103,60,129" hai3="39,14,40,56,55,68,72,44,71,50,93,78,102"/><T109/><D33/><U22/><E38/><V34/><F34/><W77/><G72/><T36/><D36/><U108/><E108/><V52/><F37/><W9/><G77/><T45/><D109/><U42/><E42/><V105/><F112/><W35/><G35/><T133/><D133/><U3/><E115/><V118/><F118/><W66/><G78/><T27/><D100/><U2/><E86/><V67/><F129/><W46/><G102/><T87/><D51/><U26/><E135/><V123/><F125/><W110/><G93/><T85/><D87/><U21/><E17/><V90/><F123/><W12/><G110/><T18/><D27/><U99/><E4/><V25/><F105/><W88/><G88/><T41/><D75/><U130/><E130/><V89/><F103/><W6/><G14/><T69/><D73/><U43/><E43/><V121/><F121/><W81/><G81/><T61/><D69/><U106/><E26/><V124/><F124/><W1/><G1/><N who="1" m="10" /><E70/><V62/><F76/><W82/><REACH who="3" step="1"/><G82/><REACH who="3" step="2"/><T94/><D94/><U31/><E31/><V134/><F134/><W83/><G83/><T128/><D128/><U122/><E122/><V79/><F79/><W16/><G16/><T98/><D119/><U8/><E8/><V13/><F92/><W113/><G113/><T19/><D117/><U0/><E0/><V57/><F84/><W30/><G30/><T126/><D98/><U32/><E32/><V7/><F13/><W101/><G101/><T11/><D126/><U120/><E120/><V47/><F7/><W132/><G132/><RYUUKYOKU ba="0,1" sc="259,-30,310,10,224,10,197,10" hai1="21,22,64,65,96,97,99,104,106,107" hai2="25,47,49,52,53,57,58,60,62,67,89,90,91" hai3="6,9,12,39,40,44,46,50,55,56,66,68,71" /><INIT seed="5,1,1,1,5,16" ten="229,320,234,207" oya="1" hai0="84,134,35,23,59,131,37,109,124,75,32,45,99" hai1="90,31,56,43,106,30,112,40,51,76,105,83,86" hai2="6,8,41,125,127,129,4,92,13,107,34,26,82" hai3="63,61,48,119,17,88,55,120,24,87,130,21,67"/><U79/><E112/><V57/><F107/><W118/><G120/><T91/><D109/><U132/><E132/><V62/><F41/><N who="1" m="15945" /><E105/><V10/><F129/><W58/><G130/><T44/><D75/><U11/><E106/><V78/><F92/><W98/><G98/><T2/><D2/><U54/><E11/><V102/><F102/><W5/><G5/><T89/><D131/><U46/><E56/><V20/><F34/><W74/><G74/><T12/><D134/><U116/><E116/><N who="3" m="44586" /><G67/><T128/><D128/><U38/><E38/><V93/><F93/><AGARI ba="1,1" hai="17,21,24,48,55,58,61,63,87,88,93" m="44586" machi="93" ten="30,3900,0" yaku="12,1,52,1,54,1" doraHai="16" who="3" fromWho="2" sc="229,0,320,0,234,-42,207,52" /><INIT seed="6,0,0,3,5,28" ten="229,320,192,259" oya="2" hai0="121,135,87,115,2,64,101,72,67,23,103,126,18" hai1="3,15,34,80,11,110,52,53,93,69,119,70,117" hai2="30,24,14,43,59,95,50,127,73,40,13,89,60" hai3="81,128,1,17,41,114,97,122,85,19,113,36,49"/><V61/><F73/><W9/><G36/><T84/><D121/><U56/><E3/><V130/><F127/><W47/><G122/><T5/><D126/><U12/><E110/><V21/><F130/><W120/><G120/><T88/><D135/><U100/><E80/><V83/><F83/><W51/><G128/><T16/><D115/><N who="3" m="44041" /><G97/><T31/><D72/><U102/><E93/><V26/><F61/><W48/><G1/><T39/><D39/><U7/><E56/><V44/><F43/><W91/><G9/><T37/><D37/><U105/><E11/><V54/><REACH who="2" step="1"/><F26/><REACH who="2" step="2"/><W45/><G41/><T131/><D131/><U66/><E117/><V71/><F71/><W96/><G47/><T109/><D109/><U90/><E70/><V125/><F125/><W20/><G45/><T123/><D123/><U75/><E75/><V0/><F0/><W22/><G19/><N who="0" m="7211" /><D2/><U104/><E69/><V118/><F118/><W124/><G124/><T112/><D5/><U74/><E7/><V6/><F6/><W94/><G17/><T76/><D112/><U108/><E74/><V82/><F82/><W10/><G81/><N who="0" m="47143" /><D67/><U62/><E66/><V106/><F106/><W35/><G10/><T86/><D64/><U63/><E119/><V57/><F57/><W58/><G58/><T33/><D87/><AGARI ba="0,1" hai="13,14,21,24,30,40,44,50,54,59,60,87,89,95" machi="87" ten="30,11600,0" yaku="1,1,7,1,8,1,53,1" doraHai="28" doraHaiUra="25" who="2" fromWho="0" sc="229,-116,320,0,182,126,259,0" /><INIT seed="6,1,0,5,0,5" ten="113,320,308,259" oya="2" hai0="85,97,64,35,135,1,12,34,83,101,29,25,94" hai1="69,63,105,111,130,39,120,115,45,22,54,55,80" hai2="57,4,72,98,33,70,113,112,92,0,3,24,48" hai3="59,2,129,40,81,42,31,18,60,95,127,116,17"/><V106/><F72/><W134/><G2/><T47/><D1/><U61/><E80/><V15/><F70/><W117/><G31/><T74/><D74/><U44/><E22/><V50/><F106/><W103/><G81/><T118/><D118/><U86/><E86/><V23/><F33/><W51/><G95/><T71/><D135/><U20/><E20/><V21/><F15/><W28/><G28/><T14/><D35/><U73/><E105/><V132/><F132/><W91/><G91/><T49/><D71/><U46/><E73/><V8/><F3/><W66/><G103/><T128/><D128/><U58/><E111/><V114/><F23/><W131/><G18/><T107/><D64/><N who="1" m="41103" /><E130/><N who="3" m="49674" /><G17/><T76/><REACH who="0" step="1"/><D107/><REACH who="0" step="2"/><U53/><E120/><V65/><F65/><W10/><G134/><T89/><D89/><U38/><E115/><V79/><F79/><W122/><G122/><T26/><D26/><U27/><E27/><V84/><F114/><W82/><G117/><T11/><D11/><U110/><E110/><V125/><F113/><W43/><G10/><T6/><D6/><U121/><E121/><V93/><F112/><W78/><G116/><T126/><D126/><U123/><E123/><V62/><F125/><W99/><G127/><T133/><D133/><U90/><E90/><N who="2" m="53319" /><F24/><W9/><G9/><T56/><D56/><U52/><AGARI ba="1,1" hai="38,39,44,45,46,52,53,54,55,58,63" m="41103" machi="52" ten="30,12000,2" yaku="35,5,54,1" doraHai="5" who="1" fromWho="1" sc="103,-31,320,133,308,-61,259,-31" /><INIT seed="7,0,0,3,0,50" ten="72,453,247,228" oya="3" hai0="43,44,26,97,71,126,20,55,125,38,66,74,25" hai1="127,91,28,72,21,57,33,80,0,15,53,7,41" hai2="78,3,45,131,54,94,95,111,10,47,87,8,1" hai3="64,107,52,120,9,85,4,60,104,11,79,16,108"/><W24/><G120/><T69/><D74/><U101/><E41/><V22/><F111/><W23/><G108/><T93/><D26/><U77/><E101/><V132/><F132/><W86/><G104/><T83/><D83/><U56/><E91/><V51/><F131/><W61/><G107/><T98/><D98/><U116/><E116/><V70/><F70/><W65/><G79/><T35/><D35/><U37/><E37/><V114/><F114/><W18/><G4/><T59/><D93/><U133/><E133/><V34/><F34/><W82/><G82/><T62/><D97/><U134/><E134/><V76/><F22/><N who="3" m="13383" /><G11/><T102/><D102/><U14/><E33/><V84/><F51/><W42/><G9/><T63/><D25/><U124/><E0/><V6/><F6/><W46/><G42/><T27/><D27/><N who="1" m="16495" /><E7/><V128/><REACH who="2" step="1"/><F54/><REACH who="2" step="2"/><W5/><G5/><T89/><D20/><U49/><E15/><V30/><F30/><W32/><G32/><T2/><D2/><U110/><E14/><V121/><F121/><W113/><G113/><T92/><D92/><U105/><E110/><V122/><F122/><W119/><G119/><T29/><D29/><U19/><E105/><V112/><F112/><W73/><G73/><T17/><D17/><U36/><E19/><V130/><AGARI ba="0,1" hai="1,3,8,10,45,47,76,78,84,87,94,95,128,130" machi="130" ten="25,6400,0" yaku="1,1,0,1,22,2,53,0" doraHai="50" doraHaiUra="115" who="2" fromWho="2" sc="72,-16,453,-16,237,74,228,-32" owari="56,-44,437,53,311,11,196,-20" /></mjloggm>