<mjloggm ver="2.3"><GO type="97"/><UN n0="%E9%8D%9B%E5%86%B6%E5%B1%8B%E3%81%AE%E3%83%80%E3%82%A4%E3%82%B9%E3%82%B1" n1="%E3%82%88%E3%81%A8%E3%81%AB%E3%82%83%E3%82%93" n2="%EF%BC%88%E2%89%A7%E2%96%BD%E2%89%A6%EF%BC%89" n3="%E3%82%AB%E3%83%97%E3%83%AA%E3%82%B9" dan="13,14,15,13" rate="1838,1900,1965,1803" sx="M,M,M,M"/><TAIKYOKU oya="0"/><INIT seed="0,0,0,0,1,30" ten="250,250,250,250" oya="0" hai0="71,57,108,49,116,125,34,25,82,3,42,31,29" hai1="81,38,132,69,129,107,41,22,98,39,6,67,43" hai2="26,135,87,106,127,73,46,122,13,51,53,62,91" hai3="4,66,118,126,16,19,12,109,76,1,101,23,24"/><T21/><D3/><U77/><E39/><V32/><F122/><W10/><G118/><T124/><D116/><U105/><E129/><V75/><F135/><W93/><G76/><T130/><D71/><U20/><E132/><V27/><F127/><N who="0" m="48714" /><D130/><U70/><E70/><V9/><F106/><W63/><G126/><T18/><D82/><U45/><E43/><V44/><F44/><W133/><G133/><T128/><D128/><U52/><E107/><V72/><F62/><W79/><G79/><T97/><D97/><U84/><E6/><V5/><REACH who="2" step="1"/><F32/><REACH who="2" ten="250,250,240,250" step="2"/><W104/><G104/><T112/><D112/><U61/><E105/><V11/><F11/><W102/><G109/><T33/><D108/><U110/><E110/><V28/><F28/><N who="0" m="10826" /><D57/><U99/><E22/><V36/><F36/><W68/><REACH who="3" step="1"/><G93/><AGARI ba="0,1" hai="5,9,13,26,27,46,51,53,72,73,75,87,91,93" machi="93" ten="40,1300,0" yaku="1,1,53,0" doraHai="30" doraHaiUra="103" who="2" fromWho="3" sc="250,0,250,0,240,23,250,-13" /><INIT seed="1,0,0,0,3,81" ten="250,250,263,237" oya="1" hai0="3,18,99,86,108,74,107,125,58,40,67,5,55" hai1="94,123,25,89,17,130,27,15,53,97,115,71,134" hai2="29,131,39,79,41,43,48,126,90,135,60,114,6" hai3="54,61,83,133,91,10,33,77,110,70,80,120,92"/><U20/><E123/><V22/><F39/><W0/><G120/><T26/><D74/><U72/><E115/><V4/><F114/><W75/><G133/><T45/><D3/><U21/><E72/><V35/><F35/><W62/><G33/><T96/><D67/><U65/><E134/><V24/><F135/><W2/><G110/><T104/><D108/><U121/><E121/><V69/><F131/><W16/><G80/><T116/><D5/><U111/><E111/><V56/><F126/><W98/><G62/><T57/><D125/><U109/><E109/><V47/><F69/><W37/><G37/><T82/><D116/><U95/><E130/><V46/><F90/><W7/><G2/><T127/><D127/><U32/><E32/><V85/><F79/><W38/><G38/><T132/><D132/><U124/><E124/><V103/><F85/><W84/><G16/><T78/><D104/><U12/><E71/><V93/><F93/><W102/><G54/><T14/><D26/><U51/><E65/><N who="2" m="39047" /><F103/><W8/><G8/><T113/><D107/><U31/><E95/><V68/><F68/><W9/><G10/><T42/><D113/><U112/><E112/><V13/><F13/><W64/><G75/><T117/><D117/><U52/><E53/><V11/><F11/><W63/><REACH who="3" step="1"/><G61/><REACH who="3" ten="250,250,263,227" step="2"/><T34/><D34/><U106/><E106/><V76/><F4/><W1/><G1/><T66/><D55/><U101/><E101/><AGARI ba="0,1" hai="0,7,9,63,64,70,77,83,84,91,92,98,101,102" machi="101" ten="40,2600,0" yaku="1,1,52,1,53,0" doraHai="81" doraHaiUra="36" who="3" fromWho="1" sc="250,0,250,-26,263,0,227,36" /><INIT seed="2,0,0,1,0,57" ten="250,224,263,263" oya="2" hai0="0,109,10,49,25,33,119,41,35,102,21,131,101" hai1="128,99,68,59,72,78,118,81,5,75,108,2,61" hai2="82,125,12,38,104,52,55,123,11,31,111,15,117" hai3="93,24,98,92,70,100,105,40,115,62,42,80,1"/><V14/><F123/><W16/><G1/><T45/><D131/><U50/><E118/><V26/><F117/><W86/><G115/><T30/><D119/><U4/><E128/><V112/><F112/><W69/><G70/><T95/><D109/><U66/><E75/><V65/><F38/><W34/><G105/><T13/><D35/><U6/><E108/><V3/><F104/><W116/><G116/><T44/><D44/><U9/><E99/><V79/><F111/><W113/><G113/><T28/><D28/><U126/><E126/><V18/><F125/><W47/><G47/><T97/><D0/><U135/><E135/><V64/><F3/><W88/><G100/><T103/><REACH who="0" step="1"/><D33/><REACH who="0" ten="240,224,263,263" step="2"/><U39/><E39/><V74/><F31/><W48/><G34/><T58/><D58/><U19/><E19/><AGARI ba="0,1" hai="10,13,19,21,25,30,41,45,49,95,97,101,102,103" machi="19" ten="30,3900,0" yaku="1,1,7,1,8,1,53,0" doraHai="57" doraHaiUra="29" who="0" fromWho="1" sc="240,49,224,-39,263,0,263,0" /><INIT seed="3,0,0,4,2,93" ten="289,185,263,263" oya="3" hai0="125,117,103,39,46,18,101,9,135,48,63,53,26" hai1="97,0,1,57,131,81,8,96,30,82,67,20,86" hai2="31,122,114,76,106,15,133,5,94,100,16,58,7" hai3="2,66,3,104,36,77,79,32,119,87,44,83,6"/><W95/><G32/><T41/><D117/><U74/><E74/><V42/><F114/><W13/><G119/><T70/><D135/><U37/><E37/><V121/><F133/><W124/><G104/><T116/><D116/><U11/><E1/><V49/><F106/><W80/><G124/><T64/><D125/><U113/><E113/><V108/><F76/><W128/><G128/><T22/><D9/><N who="1" m="3659" /><E0/><V110/><F31/><W60/><G2/><T52/><D53/><U105/><E105/><V47/><F58/><AGARI ba="0,0" hai="18,22,26,39,41,46,48,52,58,63,64,70,101,103" machi="58" ten="30,7700,0" yaku="7,1,24,2,54,1" doraHai="93" who="0" fromWho="2" sc="289,77,185,0,263,-77,263,0" owari="366,46.0,185,-31.0,186,-21.0,263,6.0" /></mjloggm>