<mjloggm ver="2.3"><GO type="41"/><UN n0="%EF%BC%88%E2%89%A7%E2%96%BD%E2%89%A6%EF%BC%89" n1="%4C%2E%E3%82%AB%E3%82%BC%E3%82%A4%4E%59" n2="%E6%B5%B7%E4%B8%80%E6%9C%9B%EF%BC%93%EF%BC%94%EF%BC%91" n3="%62%6C%75%65%2D%67" dan="15,14,14,13" rate="2009,1862,1841,1831" sx="M,M,M,M"/><TAIKYOKU oya="0"/><INIT seed="0,0,0,2,2,132" ten="250,250,250,250" oya="0" hai0="12,75,78,21,17,43,0,90,32,98,1,41,105" hai1="81,49,4,76,79,19,55,73,54,123,127,93,9" hai2="119,50,134,103,88,46,47,69,101,85,60,92,64" hai3="71,36,33,52,22,26,51,31,44,67,10,7,42"/><T3/><D32/><U2/><E123/><V66/><F134/><W133/><G133/><T11/><D11/><U120/><E120/><V100/><F119/><W131/><G131/><T65/><D65/><U107/><E107/><V5/><F66/><W118/><G118/><T34/><D34/><U62/><E62/><V38/><F38/><W13/><G71/><T18/><D18/><U128/><E128/><V112/><F112/><W61/><G67/><T57/><D57/><U68/><E68/><V116/><F116/><W59/><REACH who="3" step="1"/><G61/><REACH who="3" step="2"/><T130/><D130/><U48/><E73/><V30/><F69/><W70/><G70/><T23/><D21/><AGARI ba="0,1" hai="7,10,13,21,22,26,31,33,36,42,44,51,52,59" machi="21" ten="40,5200,0" yaku="1,1,54,1,53,1" doraHai="132" doraHaiUra="8" who="3" fromWho="0" sc="250,-52,250,0,250,0,240,62" /><INIT seed="1,0,0,3,4,0" ten="198,250,250,302" oya="1" hai0="105,35,100,80,69,92,86,62,109,53,118,117,125" hai1="107,113,39,27,13,99,110,41,43,3,30,56,98" hai2="63,97,46,22,10,74,42,54,93,112,18,71,128" hai3="55,120,84,83,21,60,5,33,106,7,44,37,111"/><U85/><E113/><V130/><F74/><W94/><G33/><T61/><D35/><U114/><E3/><V90/><F112/><W123/><G106/><T20/><D105/><U115/><E39/><V50/><F10/><W4/><G111/><T77/><D109/><U103/><E110/><V124/><F124/><W58/><G94/><T91/><D125/><U12/><E115/><V9/><F9/><W26/><G44/><T87/><D100/><U68/><E68/><V73/><F73/><W119/><G37/><T101/><D101/><U31/><E114/><V16/><F71/><W51/><G51/><T133/><D133/><U1/><E1/><V121/><F121/><W126/><G119/><T32/><D32/><U38/><E38/><V15/><F18/><W40/><G40/><T88/><D69/><U14/><E85/><V6/><F6/><W34/><G34/><T104/><D104/><U2/><E2/><V96/><F96/><W102/><G102/><T76/><D20/><U59/><E27/><V29/><F29/><N who="1" m="10761" /><E103/><V65/><F65/><W24/><G126/><T72/><D77/><U81/><E81/><V135/><F135/><W108/><G108/><T67/><D67/><U79/><E79/><V70/><F70/><W23/><G26/><T25/><D25/><U82/><E82/><V45/><F63/><W17/><REACH who="3" step="1"/><G23/><REACH who="3" step="2"/><T75/><D117/><U49/><E107/><V64/><REACH who="2" step="1"/><F64/><REACH who="2" step="2"/><W8/><G8/><T19/><D118/><U127/><E127/><V28/><F28/><W95/><G95/><T47/><D92/><U122/><E122/><RYUUKYOKU ba="0,2" sc="198,-15,250,-15,240,15,292,15" hai2="15,16,22,42,45,46,50,54,90,93,97,128,130" hai3="4,5,7,17,21,24,55,58,60,83,84,120,123" /><INIT seed="2,1,2,0,0,66" ten="183,235,255,307" oya="2" hai0="58,17,68,36,108,9,131,37,57,77,132,41,44" hai1="120,113,96,117,48,123,22,84,133,18,7,127,80" hai2="105,101,87,79,47,119,52,1,50,27,3,75,32" hai3="70,29,83,102,0,82,25,63,46,130,118,39,28"/><V89/><F119/><W81/><G0/><T86/><D132/><U10/><E117/><V20/><F32/><W125/><G118/><T74/><D74/><U2/><E133/><V15/><F75/><W31/><G125/><T122/><D122/><N who="1" m="46635" /><E113/><V115/><F79/><W69/><G130/><T62/><D131/><U94/><E127/><V72/><F72/><W16/><G63/><T51/><D108/><U107/><E48/><V43/><F115/><W24/><G102/><T13/><D68/><N who="3" m="26217" /><G46/><T106/><D106/><U124/><E124/><V42/><F105/><W91/><G91/><T129/><D129/><U92/><E107/><V8/><F101/><W38/><G16/><T30/><D30/><N who="3" m="7681" /><W71/><DORA hai="128" /><G71/><T61/><D62/><U67/><E67/><V5/><F1/><W40/><G40/><T114/><D61/><U35/><E96/><V99/><F99/><W103/><G103/><T4/><D114/><U21/><E21/><V110/><F3/><W98/><G98/><T88/><D17/><U112/><E112/><V56/><F47/><W78/><G78/><T26/><D77/><N who="1" m="46095" /><E35/><V109/><F109/><W45/><G45/><T59/><REACH who="0" step="1"/><D26/><AGARI ba="1,2" hai="2,7,10,18,22,26,92,94" m="46095,46635" machi="26" ten="30,1000,0" yaku="13,1" doraHai="66,128" who="1" fromWho="0" sc="183,-13,235,33,255,0,307,0" /><AGARI ba="1,0" hai="24,25,26,38,39,81,82,83" m="7681,26217" machi="26" ten="40,8000,1" yaku="28,2,52,3" doraHai="66,128" who="3" fromWho="0" sc="170,-80,268,0,255,0,307,80" /><INIT seed="3,0,0,3,5,56" ten="90,268,255,387" oya="3" hai0="88,47,48,23,52,115,127,104,62,68,8,123,1" hai1="69,89,60,84,122,18,134,40,96,100,54,9,70" hai2="118,55,92,12,93,36,103,64,87,101,28,132,76" hai3="15,108,58,105,133,22,14,2,102,130,78,38,91"/><W109/><G38/><T27/><D123/><U63/><E122/><V29/><F36/><W128/><G2/><T79/><D115/><U20/><E40/><V35/><F118/><W5/><G78/><T39/><D104/><U31/><E134/><V124/><F132/><W61/><G133/><T50/><D127/><U113/><E31/><V126/><F35/><W71/><G71/><T16/><D79/><U90/><E9/><V0/><F0/><W131/><G5/><T98/><D39/><U66/><E113/><V53/><F64/><N who="3" m="38967" /><G22/><T10/><D1/><U112/><E112/><V37/><F37/><W114/><G114/><T7/><D7/><U34/><E34/><V33/><F33/><W77/><G77/><T32/><D32/><U116/><E116/><V117/><F76/><W30/><G30/><T97/><D97/><U4/><E4/><V99/><F117/><W72/><G72/><T57/><D68/><U41/><E41/><V44/><F12/><N who="3" m="4651" /><G91/><T42/><D48/><U65/><E54/><V49/><F87/><W19/><G19/><T82/><D82/><U80/><E96/><AGARI ba="0,0" hai="96,102,105,108,109,128,130,131" m="4651,38967" machi="96" ten="40,3900,0" yaku="19,1,52,1" doraHai="56" who="3" fromWho="1" sc="90,0,268,-39,255,0,387,39" /><INIT seed="3,1,0,1,2,83" ten="90,229,255,426" oya="3" hai0="18,44,115,105,63,101,89,126,31,41,22,0,64" hai1="33,10,37,49,58,40,69,65,43,12,15,68,84" hai2="107,61,117,96,39,77,55,106,98,110,109,114,42" hai3="9,50,19,102,97,99,73,14,119,132,92,38,25"/><W75/><G38/><T24/><D126/><U131/><E33/><V3/><F3/><W74/><G119/><T85/><D115/><U123/><E123/><V34/><F114/><W120/><G120/><T20/><D0/><U72/><E72/><V94/><F34/><W130/><G132/><T32/><D18/><U103/><E103/><V21/><F117/><W67/><G67/><T128/><D128/><U81/><E131/><V23/><F55/><W53/><G130/><T60/><D101/><U2/><E2/><V28/><F61/><W29/><G97/><T66/><D105/><U86/><E37/><V122/><F77/><W127/><G127/><T87/><D60/><N who="1" m="38039" /><E68/><V88/><F122/><W26/><REACH who="3" step="1"/><G29/><REACH who="3" step="2"/><T135/><D135/><U47/><E69/><V5/><F39/><W6/><G6/><T30/><D30/><U76/><E76/><V134/><F134/><W95/><G95/><T36/><D66/><U116/><E116/><V4/><F28/><W8/><G8/><T46/><D32/><U112/><E112/><V113/><F113/><W48/><G48/><T16/><D36/><U124/><E124/><V27/><F94/><W121/><G121/><T91/><D31/><U90/><E49/><V111/><F111/><W80/><G80/><N who="0" m="49319" /><D64/><U11/><E81/><V129/><F129/><W133/><G133/><T56/><D22/><U78/><E78/><V35/><F35/><W82/><G82/><N who="0" m="49655" /><D63/><U51/><E10/><V13/><F110/><W62/><G62/><T54/><D20/><U104/><E11/><V7/><F21/><W79/><G79/><RYUUKYOKU ba="1,1" sc="90,-10,229,-10,255,-10,416,30" hai3="9,14,19,25,26,50,53,73,74,75,92,99,102" /><INIT seed="3,2,1,0,5,31" ten="80,219,245,446" oya="3" hai0="100,73,113,59,104,20,94,64,39,10,32,135,109" hai1="11,12,33,86,75,66,4,96,27,134,80,26,92" hai2="95,76,89,90,107,14,65,70,36,55,29,67,68" hai3="102,63,19,112,1,132,23,60,83,91,69,133,50"/><W58/><G1/><T128/><D113/><U119/><E119/><V79/><F107/><W98/><G112/><T0/><D73/><U9/><E134/><N who="3" m="51818" /><G69/><T84/><D135/><U108/><E108/><V123/><F36/><W52/><G91/><T124/><D109/><U42/><E66/><V54/><F29/><W101/><G83/><T22/><D64/><U122/><E122/><V13/><REACH who="2" step="1"/><F95/><REACH who="2" step="2"/><N who="3" m="58591" /><G102/><T6/><D100/><U17/><E92/><V99/><F99/><W62/><G50/><T85/><D94/><U111/><E96/><V115/><F115/><W43/><G43/><T49/><D49/><U87/><E111/><V44/><F44/><W129/><G129/><T8/><D128/><U45/><E75/><V82/><F82/><W120/><G120/><AGARI ba="2,2" hai="13,14,54,55,65,67,68,70,76,79,89,90,120,123" machi="120" ten="25,8000,1" yaku="1,1,22,2,53,2" doraHai="31" doraHaiUra="72" who="2" fromWho="3" sc="80,0,219,0,235,106,446,-86" /><INIT seed="4,0,0,1,5,122" ten="80,219,341,360" oya="0" hai0="133,88,116,70,104,134,97,130,64,115,83,112,124" hai1="78,95,93,37,34,18,102,92,46,121,125,123,77" hai2="126,63,27,36,13,29,127,105,61,26,81,33,68" hai3="56,14,24,16,31,8,101,91,79,44,40,100,108"/><T28/><D28/><U49/><E34/><V48/><F105/><W2/><G2/><T43/><D43/><U59/><E37/><V10/><F36/><W84/><G79/><T21/><D21/><U25/><E125/><N who="2" m="47627" /><F81/><W53/><G53/><T1/><D1/><U58/><E102/><V17/><F68/><W50/><G56/><N who="1" m="21546" /><E123/><V71/><F71/><W114/><G114/><N who="0" m="43563" /><D124/><U72/><E72/><V69/><F69/><W60/><G60/><N who="0" m="40199" /><D116/><U80/><E80/><V39/><F39/><W23/><REACH who="3" step="1"/><G108/><REACH who="3" step="2"/><T6/><D130/><U22/><E121/><V30/><F63/><W94/><AGARI ba="0,1" hai="8,14,16,23,24,31,40,44,50,84,91,94,100,101" machi="94" ten="20,12000,2" yaku="1,1,2,1,0,1,7,1,8,1,54,1,53,1" doraHai="122" doraHaiUra="4" who="3" fromWho="3" sc="80,-60,219,-30,341,-30,350,130" /><INIT seed="5,0,0,5,3,28" ten="20,189,311,480" oya="1" hai0="81,84,118,27,12,38,25,16,14,82,19,34,120" hai1="83,9,76,35,67,95,56,24,48,21,36,102,88" hai2="115,125,129,18,109,128,53,127,122,30,132,116,70" hai3="68,1,107,44,73,13,33,8,77,75,58,46,45"/><U90/><E36/><V3/><F70/><W113/><G68/><T97/><D38/><U15/><E35/><V101/><F101/><W39/><G107/><T92/><D120/><U71/><E71/><V112/><F3/><W131/><G39/><T47/><D118/><U11/><E11/><V64/><F64/><W42/><G131/><N who="2" m="50249" /><F116/><W105/><G105/><T126/><D126/><N who="2" m="48138" /><F53/><W89/><G42/><T54/><D34/><U98/><E48/><V72/><F72/><W22/><G1/><T65/><D65/><U0/><E0/><V108/><F30/><W96/><G33/><T66/><D66/><U43/><E43/><V41/><F41/><W85/><G77/><T91/><D81/><U32/><E32/><V55/><F55/><W69/><G69/><T29/><D29/><N who="1" m="17551" /><E83/><V31/><F31/><W26/><G73/><T87/><D87/><U79/><E79/><V50/><F50/><W6/><G85/><T86/><D86/><U134/><E76/><V78/><F78/><W117/><G117/><T106/><D106/><U5/><E56/><V110/><F18/><W94/><G75/><T63/><D63/><U62/><E62/><V80/><F80/><W93/><G46/><T123/><D123/><U57/><E57/><V99/><F99/><W2/><G58/><T104/><D104/><U10/><E67/><V111/><F111/><W130/><G45/><T4/><D19/><U40/><E40/><V135/><F122/><W133/><G44/><T49/><D4/><U59/><E59/><V17/><F17/><W20/><G6/><T51/><D16/><RYUUKYOKU ba="0,0" sc="20,-10,189,-10,311,30,480,-10" hai2="108,109,110,112,115,132,135" /><INIT seed="6,1,0,3,0,70" ten="10,179,341,470" oya="2" hai0="120,64,124,11,113,0,59,112,21,130,83,87,90" hai1="72,116,42,80,119,51,68,9,4,52,27,15,128" hai2="62,122,84,125,115,77,53,97,28,60,33,96,82" hai3="104,93,39,107,35,134,12,81,54,86,110,55,135"/><V36/><F122/><W7/><G39/><T100/><D120/><U19/><E68/><V111/><F115/><W65/><G35/><T13/><D130/><U79/><E128/><V89/><F125/><W106/><G65/><T95/><D124/><U5/><E42/><V85/><F111/><W16/><G110/><T129/><D129/><U74/><E74/><V131/><F131/><W22/><G7/><T118/><D118/><U2/><E5/><V98/><F36/><W30/><G93/><T75/><D21/><U31/><E27/><V94/><F33/><W117/><G30/><T123/><D123/><U132/><E132/><N who="3" m="50730" /><G117/><T43/><D43/><U76/><E31/><V14/><F28/><W67/><G67/><T121/><D0/><U103/><E79/><AGARI ba="1,0" hai="12,16,22,54,55,79,81,86,104,106,107" m="50730" machi="79" ten="40,2600,0" yaku="20,1,54,1" doraHai="70" who="3" fromWho="1" sc="10,0,179,-29,341,0,470,29" /><INIT seed="7,0,0,0,2,62" ten="10,150,341,499" oya="3" hai0="0,24,57,113,112,19,9,80,17,34,49,39,102" hai1="45,125,117,28,31,6,89,108,59,75,16,94,33" hai2="101,86,58,73,93,132,78,44,51,12,124,103,53" hai3="63,41,56,116,10,84,55,66,68,46,76,91,5"/><W70/><G116/><T13/><D39/><U120/><E75/><V104/><F132/><W27/><G27/><T127/><D127/><U115/><E125/><V130/><F124/><W37/><G76/><T114/><D102/><U121/><E120/><V25/><F130/><W109/><G109/><T129/><D129/><U95/><E108/><V118/><F118/><W128/><G128/><T67/><D67/><U61/><E121/><V77/><F104/><W36/><G36/><T110/><D80/><U47/><E117/><V105/><F105/><W98/><G98/><T11/><D57/><U85/><E115/><V133/><F133/><W64/><G68/><T4/><D49/><U96/><E33/><V54/><F73/><W126/><G70/><T99/><D99/><U8/><E6/><V15/><F25/><W90/><G90/><T40/><D40/><U50/><E50/><V22/><F86/><W3/><G126/><T26/><D110/><U1/><E1/><V107/><F107/><W83/><AGARI ba="0,0" hai="3,5,10,37,41,46,55,56,63,64,66,83,84,91" machi="83" ten="20,7800,0" yaku="0,1,7,1,52,2" doraHai="62" who="3" fromWho="3" sc="10,-26,150,-26,341,-26,499,78" owari="-16,-52.0,124,-28.0,315,12.0,577,68.0" /></mjloggm>