<mjloggm ver="2.3"><GO type="41"/><UN n0="%EF%BC%A0%E7%81%B0%E8%80%85" n1="%67%65%62%6F" n2="%EF%BC%88%E2%89%A7%E2%96%BD%E2%89%A6%EF%BC%89" n3="%4D%41%52%49%4E%E2%98%85" dan="13,14,15,14" rate="1954,1837,2011,2006" sx="M,F,M,M"/><TAIKYOKU oya="0"/><INIT seed="0,0,0,4,0,135" ten="250,250,250,250" oya="0" hai0="15,39,120,86,133,26,59,130,30,53,27,69,96" hai1="108,84,56,12,88,123,74,83,25,40,3,19,113" hai2="134,18,68,35,58,1,43,65,98,44,55,103,34" hai3="32,119,81,50,17,49,91,82,114,36,46,51,122"/><T47/><D120/><U79/><E123/><V54/><F1/><W95/><G119/><T42/><D133/><U129/><E3/><V16/><F134/><W90/><G114/><T124/><D130/><U117/><E113/><V104/><F34/><W66/><G66/><T6/><D69/><U23/><E117/><V57/><F35/><W11/><G32/><T78/><D96/><U131/><E108/><V14/><F68/><W70/><G70/><T0/><D30/><U10/><E40/><V45/><F65/><W9/><G36/><T62/><D0/><U28/><REACH who="1" step="1"/><E56/><REACH who="1" ten="250,240,250,250" step="2"/><V5/><F43/><W118/><G118/><T105/><D42/><U33/><E33/><V72/><F58/><W60/><G122/><T94/><D39/><U112/><E112/><V87/><F57/><W111/><G111/><T92/><D47/><U7/><E7/><V71/><F71/><W115/><G115/><T29/><D6/><U125/><E125/><V75/><F44/><W73/><G46/><T80/><D124/><U109/><E109/><V67/><F45/><W102/><G60/><T101/><D15/><U52/><E52/><V20/><F5/><W37/><G37/><T99/><D27/><U64/><E64/><V22/><F67/><W61/><G61/><T93/><D26/><U100/><E100/><V126/><F126/><W4/><G102/><T121/><D121/><U85/><E85/><V63/><F87/><N who="3" m="50551" /><G4/><T132/><D132/><U48/><E48/><V41/><F41/><W13/><G73/><N who="2" m="28233" /><F63/><W128/><G128/><T107/><D29/><U31/><E31/><RYUUKYOKU ba="0,1" sc="250,10,240,10,250,10,250,-30" hai0="53,59,62,78,80,86,92,93,94,99,101,105,107" hai1="10,12,19,23,25,28,74,79,83,84,88,129,131" hai2="14,16,18,20,22,54,55,98,103,104" /><INIT seed="0,1,1,4,3,8" ten="260,250,260,220" oya="0" hai0="83,80,74,97,19,87,35,90,133,68,116,101,55" hai1="18,65,120,93,4,28,112,82,102,9,61,72,128" hai2="42,47,31,23,56,30,41,125,131,6,86,114,122" hai3="27,25,12,1,33,130,94,85,132,5,79,34,134"/><T106/><D68/><U75/><E120/><V48/><F122/><W88/><G79/><T22/><D35/><N who="3" m="13321" /><G130/><T107/><D116/><U43/><E128/><V66/><F114/><W69/><G1/><T13/><D133/><N who="3" m="51305" /><G69/><T52/><D107/><U123/><E112/><V63/><F131/><W32/><N who="3" m="13329" /><W118/><DORA hai="0" /><G118/><T96/><REACH who="0" step="1"/><D97/><REACH who="0" ten="250,250,260,220" step="2"/><U24/><E123/><V109/><F125/><W49/><G49/><T98/><D98/><U10/><E61/><V129/><F129/><W76/><G76/><AGARI ba="1,2" hai="13,19,22,52,55,74,76,80,83,87,90,96,101,106" machi="76" ten="40,12000,1" yaku="1,1,52,1,54,1,53,1" doraHai="8,0" doraHaiUra="39,100" who="0" fromWho="3" sc="250,143,250,0,260,0,220,-123" /><INIT seed="0,2,0,2,1,116" ten="393,250,260,97" oya="0" hai0="2,15,106,99,71,16,8,89,72,42,59,127,105" hai1="17,64,23,88,128,123,44,124,63,46,119,65,29" hai2="113,50,131,98,12,94,41,73,43,7,54,118,101" hai3="121,76,77,58,96,14,28,10,34,86,3,79,62"/><T70/><D2/><U9/><E119/><V103/><F118/><W93/><G3/><T19/><D72/><U80/><E124/><V26/><F113/><W120/><G34/><T109/><D109/><U83/><E128/><V85/><F131/><W56/><G28/><T107/><D127/><U91/><E29/><V4/><F73/><W45/><G45/><T97/><D42/><N who="2" m="15882" /><F26/><W108/><G86/><T92/><D99/><U90/><E9/><N who="2" m="4135" /><F85/><W134/><G134/><T133/><D133/><U114/><E114/><V35/><F7/><N who="3" m="3423" /><G108/><T1/><D1/><U36/><E36/><V51/><F35/><W74/><G62/><T104/><N who="0" m="26624" /><DORA hai="111" /><T122/><D122/><N who="3" m="47209" /><G74/><T129/><D129/><U53/><E123/><V21/><F50/><W126/><G126/><T81/><D81/><U27/><E53/><V32/><F32/><W135/><G135/><T24/><REACH who="0" step="1"/><D59/><REACH who="0" ten="383,250,260,97" step="2"/><U112/><E112/><V55/><F98/><W39/><G39/><T11/><D11/><U57/><E80/><V38/><F38/><W13/><G13/><T102/><D102/><AGARI ba="2,1" hai="56,58,76,77,79,93,96,102" m="47209,3423" machi="102" ten="30,7700,0" yaku="13,1,52,3" doraHai="116,111" who="3" fromWho="0" sc="383,-83,250,0,260,0,97,93" /><INIT seed="1,0,0,2,4,82" ten="300,250,260,190" oya="1" hai0="31,7,55,72,81,64,109,132,39,94,63,93,124" hai1="17,30,85,134,131,79,61,117,34,76,67,106,41" hai2="5,133,70,38,28,47,0,88,127,114,115,59,71" hai3="99,105,100,56,113,49,112,97,48,45,6,1,27"/><U35/><E117/><V9/><F133/><W21/><G6/><T60/><D39/><U110/><E106/><V91/><F28/><W126/><G1/><T73/><D132/><U18/><E134/><V29/><F29/><W8/><G8/><T10/><D124/><U89/><E131/><V66/><F127/><W15/><G126/><T24/><D109/><U51/><E110/><V23/><F23/><W118/><G118/><T68/><D73/><U37/><E37/><V96/><F59/><W103/><G15/><T3/><D72/><U33/><E30/><V11/><F11/><W32/><G32/><T84/><D60/><U98/><E98/><V58/><F58/><W16/><G56/><T111/><D55/><U95/><E18/><V53/><F96/><W120/><G120/><T123/><D111/><U44/><REACH who="1" step="1"/><E17/><REACH who="1" ten="300,240,260,190" step="2"/><V116/><F116/><W25/><G25/><T43/><D123/><U129/><E129/><V107/><F107/><W78/><G105/><T77/><REACH who="0" step="1"/><D43/><REACH who="0" ten="290,240,260,190" step="2"/><U36/><E36/><V4/><F38/><W12/><G112/><T54/><D54/><U86/><E86/><V87/><F115/><W92/><G113/><T22/><AGARI ba="0,2" hai="3,7,10,22,24,31,63,64,68,77,81,84,93,94" machi="22" ten="20,5200,0" yaku="1,1,0,1,7,1,52,1,53,0" doraHai="82" doraHaiUra="125" who="0" fromWho="0" sc="290,72,240,-26,260,-13,190,-13" /><INIT seed="2,0,0,1,2,39" ten="362,214,247,177" oya="2" hai0="33,105,69,84,110,92,91,60,45,49,67,102,52" hai1="64,26,15,24,28,6,129,7,85,17,27,81,88" hai2="65,32,2,4,50,97,54,74,106,73,87,63,117" hai3="103,72,79,77,40,133,48,115,10,3,99,9,125"/><V13/><F117/><W51/><G115/><T18/><D33/><U83/><E129/><V31/><F13/><W127/><G133/><T135/><D135/><U128/><E128/><V25/><F87/><W96/><G103/><T43/><D110/><U118/><E118/><V130/><F130/><W111/><G111/><T101/><D105/><U11/><E64/><V55/><F55/><W16/><G72/><T107/><D107/><U112/><E112/><V56/><F4/><W46/><G3/><T36/><REACH who="0" step="1"/><D18/><REACH who="0" ten="352,214,247,177" step="2"/><U80/><REACH who="1" step="1"/><E28/><REACH who="1" ten="352,204,247,177" step="2"/><V109/><F109/><W61/><G125/><T66/><D66/><U59/><E59/><AGARI ba="0,2" hai="36,43,45,49,52,59,60,67,69,84,91,92,101,102" machi="59" ten="30,12000,2" yaku="1,1,7,1,24,2,52,1,54,1,53,0" doraHai="39" doraHaiUra="29" who="0" fromWho="1" sc="352,140,204,-120,247,0,177,0" /><INIT seed="3,0,0,4,3,122" ten="492,84,247,177" oya="3" hai0="1,130,53,113,54,65,112,10,21,19,123,115,25" hai1="39,88,132,84,40,126,24,36,17,34,117,23,0" hai2="47,69,52,27,67,72,42,5,58,3,99,35,32" hai3="50,125,79,96,8,120,62,100,78,104,80,97,93"/><W102/><G62/><T91/><D123/><U107/><E117/><V81/><F99/><W90/><G120/><T56/><D130/><U46/><E107/><V9/><F27/><W28/><G28/><T127/><D127/><U13/><E0/><V51/><F81/><W118/><G118/><T44/><D44/><U45/><E126/><V75/><F32/><W105/><G50/><T77/><D77/><N who="3" m="29193" /><G8/><T12/><D1/><U29/><E132/><V68/><F35/><W38/><G38/><T41/><D41/><U86/><E84/><V66/><F66/><W109/><G125/><T121/><D121/><U85/><E85/><V114/><F114/><W33/><G33/><T4/><D91/><U89/><REACH who="1" step="1"/><E86/><REACH who="1" ten="492,74,247,177" step="2"/><V108/><F72/><W131/><G131/><T92/><D92/><U16/><E16/><V20/><F75/><W59/><G80/><T55/><REACH who="0" step="1"/><D65/><REACH who="0" ten="482,74,247,177" step="2"/><U37/><E37/><V70/><F67/><W60/><G104/><T110/><D110/><U94/><E94/><V64/><F108/><W48/><G109/><T43/><D43/><AGARI ba="0,2" hai="13,17,23,24,29,34,36,39,40,43,45,46,88,89" machi="43" ten="40,5200,0" yaku="1,1,9,1,54,1,53,0" doraHai="122" doraHaiUra="63" who="1" fromWho="0" sc="482,-52,74,72,247,0,177,0" /><INIT seed="4,0,0,1,0,59" ten="430,146,247,177" oya="0" hai0="131,96,44,127,89,113,51,108,39,6,52,100,97" hai1="107,22,104,117,129,13,76,63,109,88,14,101,130" hai2="99,4,34,93,12,81,58,126,94,33,102,30,31" hai3="42,48,92,72,121,21,18,67,75,11,74,80,8"/><T133/><D39/><U135/><E109/><V64/><F126/><W24/><G121/><T5/><D127/><U53/><E117/><V90/><F34/><W57/><G80/><T122/><D122/><U66/><E76/><V27/><F30/><W65/><G92/><T23/><D133/><U29/><E135/><V1/><F1/><W68/><G68/><T110/><D131/><N who="1" m="50187" /><E53/><V103/><F81/><W132/><G132/><T91/><D113/><U106/><E101/><V85/><F103/><W111/><G111/><N who="0" m="42539" /><D23/><U40/><E40/><V125/><F125/><W128/><G128/><T71/><D71/><N who="1" m="42463" /><E88/><N who="0" m="33865" /><D97/><U83/><E83/><V49/><F99/><W73/><N who="3" m="18432" /><DORA hai="95" /><W123/><G123/><T115/><D115/><U28/><E28/><V10/><F31/><W19/><G19/><T55/><D55/><U118/><E118/><V87/><F90/><W105/><G105/><AGARI ba="0,0" hai="5,6,44,51,52,96,100,105" m="33865,42539" machi="105" ten="30,11600,0" yaku="10,1,52,1,54,2" doraHai="59,95" who="0" fromWho="3" sc="430,116,146,0,247,0,177,-116" /><INIT seed="4,1,0,0,3,82" ten="546,146,247,61" oya="0" hai0="61,38,69,9,130,102,57,65,47,51,125,112,111" hai1="8,110,6,70,25,17,58,77,53,106,26,33,122" hai2="107,22,85,23,27,55,40,73,98,62,36,2,120" hai3="59,68,30,18,132,64,19,13,86,89,37,114,103"/><T74/><D74/><U116/><E106/><V66/><F73/><W124/><G37/><T12/><D111/><U84/><E70/><V121/><F2/><W21/><G114/><T72/><D72/><U34/><E110/><V31/><F55/><W28/><G124/><T97/><D125/><U135/><E116/><V83/><F22/><W109/><G132/><T131/><D112/><U113/><E122/><V56/><F36/><W49/><G109/><T79/><D79/><U100/><E135/><V4/><F4/><W20/><G103/><T15/><D38/><U108/><E108/><V46/><F46/><W16/><G68/><T104/><D69/><U14/><E113/><V127/><F40/><W134/><G134/><T105/><D105/><U52/><E100/><V60/><F60/><N who="3" m="37919" /><G49/><T32/><D32/><U63/><E34/><V7/><F127/><W0/><G0/><T90/><D90/><U67/><E33/><V123/><F7/><W126/><G126/><T96/><D96/><U43/><E43/><V133/><F133/><W45/><G45/><T119/><D119/><U71/><E71/><V3/><F3/><W1/><G1/><T54/><REACH who="0" step="1"/><D9/><REACH who="0" ten="536,146,247,61" step="2"/><U44/><E77/><N who="2" m="46319" /><F107/><W42/><G42/><T80/><D80/><U115/><E115/><V91/><F98/><W29/><G13/><AGARI ba="1,1" hai="12,13,15,47,51,54,57,61,65,97,102,104,130,131" machi="13" ten="40,2000,0" yaku="1,1,53,0" doraHai="82" doraHaiUra="35" who="0" fromWho="3" sc="536,33,146,0,247,0,61,-23" /><INIT seed="4,2,0,3,5,51" ten="569,146,247,38" oya="0" hai0="32,71,119,24,38,19,25,43,113,95,78,57,126" hai1="106,73,83,133,17,28,62,100,86,46,125,66,40" hai2="0,114,98,132,15,135,128,3,34,93,111,96,87" hai3="52,64,6,108,31,54,89,70,104,8,74,75,116"/><T94/><D71/><U92/><E106/><V68/><F34/><W50/><G116/><T109/><D119/><U105/><E105/><V118/><F118/><W35/><G108/><T11/><D113/><U47/><E73/><V115/><F68/><W37/><G104/><T23/><D109/><U58/><E125/><V60/><F60/><W134/><G37/><T117/><D117/><U26/><E133/><V21/><F87/><W59/><G134/><N who="2" m="51241" /><F128/><W12/><G70/><T72/><D126/><U76/><E17/><N who="2" m="10431" /><F96/><W42/><G64/><T63/><D38/><U120/><E40/><V127/><F127/><W77/><G42/><T27/><D43/><U49/><E49/><V55/><F55/><W102/><G102/><T112/><D112/><N who="2" m="43050" /><F111/><W67/><G67/><T97/><D72/><U13/><E46/><V90/><AGARI ba="2,0" hai="0,3,90,93,98" m="43050,10431,51241" machi="90" ten="30,2000,0" yaku="20,1,15,1" doraHai="51" who="2" fromWho="2" sc="569,-12,146,-7,247,26,38,-7" /><INIT seed="5,0,0,5,3,61" ten="557,139,273,31" oya="1" hai0="55,39,56,85,76,11,2,75,108,38,34,86,119" hai1="97,74,122,117,15,116,57,54,52,96,18,24,71" hai2="84,35,118,50,69,107,78,121,109,98,135,42,82" hai3="132,83,113,100,3,133,127,59,99,131,25,44,95"/><U31/><E122/><V110/><F35/><W65/><G3/><T26/><D119/><U94/><E74/><V43/><F118/><W91/><G44/><T21/><D108/><U16/><E71/><V73/><F121/><W19/><G113/><T70/><D34/><U123/><E123/><V51/><F69/><W79/><G127/><T129/><D129/><U130/><E130/><V89/><F135/><N who="3" m="51787" /><G131/><T128/><D128/><U8/><E117/><V49/><F109/><W92/><G25/><T126/><D126/><U20/><E116/><V48/><F110/><W60/><G19/><T28/><D70/><U33/><E57/><V134/><F48/><W115/><G115/><T41/><D39/><U66/><E66/><V13/><F13/><W40/><G40/><T30/><D30/><U64/><E64/><V87/><F134/><W77/><G83/><T106/><D106/><U32/><E32/><V101/><F84/><AGARI ba="0,0" hai="59,60,65,77,79,84,91,92,95,99,100" m="51787" machi="84" ten="30,2000,0" yaku="20,1,52,1" doraHai="61" who="3" fromWho="2" sc="557,0,139,0,273,-20,31,20" /><INIT seed="6,0,0,4,3,76" ten="557,139,253,51" oya="2" hai0="84,88,132,100,43,41,55,93,65,73,28,60,130" hai1="78,44,48,134,117,120,106,39,49,104,80,75,111" hai2="36,97,135,109,87,79,71,122,21,18,110,121,17" hai3="115,35,119,8,85,15,33,4,0,53,19,1,96"/><V26/><F36/><W40/><G40/><T99/><D73/><U133/><E111/><N who="2" m="42507" /><F71/><W83/><G119/><T81/><D132/><N who="1" m="50795" /><E117/><V14/><F135/><W57/><G96/><T54/><D130/><U126/><E126/><V13/><F97/><W9/><G115/><T7/><D7/><U23/><E23/><N who="2" m="11695" /><F87/><W108/><G0/><T56/><D28/><U32/><E32/><V90/><F90/><W105/><G105/><N who="1" m="40554" /><E120/><N who="2" m="46187" /><F79/><W72/><G72/><T61/><D55/><U101/><E101/><V127/><F127/><W86/><G86/><T2/><D2/><U113/><E113/><V107/><F107/><W5/><G108/><T67/><D54/><U12/><E12/><AGARI ba="0,0" hai="12,14,18,21,26" m="46187,11695,42507" machi="12" ten="30,5800,0" yaku="10,1,34,2" doraHai="76" who="2" fromWho="1" sc="557,0,139,-58,253,58,51,0" /><INIT seed="6,1,0,4,1,21" ten="557,81,311,51" oya="2" hai0="36,19,46,3,70,107,117,77,82,78,113,13,87" hai1="12,9,20,92,125,18,104,8,52,91,6,73,37" hai2="88,133,0,44,27,119,31,14,47,115,66,72,39" hai3="123,90,55,15,32,48,98,106,99,51,134,128,40"/><V114/><F0/><W111/><G123/><T83/><D3/><U1/><E37/><V100/><F119/><W126/><G32/><T89/><D113/><N who="2" m="43018" /><F72/><W108/><G128/><T43/><D107/><U75/><E104/><V24/><F133/><W61/><G134/><T54/><D70/><U116/><E116/><V67/><F100/><W96/><G126/><T63/><D117/><U49/><E125/><V30/><F14/><W41/><G106/><T42/><D42/><N who="3" m="16489" /><G108/><T62/><D54/><U103/><E103/><V45/><F39/><W122/><G122/><T35/><D35/><U56/><REACH who="1" step="1"/><E9/><REACH who="1" ten="557,71,311,51" step="2"/><V84/><F30/><W4/><G111/><T29/><D29/><U94/><E94/><N who="2" m="54535" /><F31/><W26/><G99/><AGARI ba="1,1" hai="1,6,8,12,18,20,49,52,56,73,75,91,92,99" machi="99" ten="30,3900,0" yaku="1,1,7,1,54,1,53,0" doraHai="21" doraHaiUra="131" who="1" fromWho="3" sc="557,0,71,52,311,0,51,-42" /><INIT seed="7,0,0,5,4,115" ten="557,123,311,9" oya="3" hai0="3,21,15,102,43,135,51,22,127,82,29,2,111" hai1="101,75,37,66,18,59,63,31,60,107,6,77,65" hai2="78,124,73,86,134,14,72,71,120,81,109,68,13" hai3="87,32,125,96,55,54,36,74,118,114,128,44,26"/><W85/><G74/><T16/><D111/><U83/><E37/><V110/><F120/><W93/><G114/><T89/><D127/><U116/><E116/><V133/><F124/><W33/><G125/><T10/><D135/><N who="2" m="51722" /><F110/><W104/><G118/><T121/><D121/><U23/><E31/><V0/><F0/><W132/><G104/><T97/><D3/><U119/><E119/><V56/><F109/><W112/><G112/><T105/><D2/><U95/><E107/><V122/><F122/><W42/><G128/><T49/><D29/><U79/><E79/><V27/><F27/><W28/><G132/><T117/><D117/><U11/><E95/><V91/><F56/><W88/><G33/><T19/><D10/><U8/><E6/><V94/><F73/><W58/><G55/><T47/><D82/><U106/><E101/><V64/><F64/><W17/><G17/><T50/><D89/><U41/><E41/><V123/><F123/><W40/><G42/><T39/><D39/><U45/><E45/><V30/><F30/><W9/><G9/><T34/><D34/><U108/><E106/><V7/><F7/><W90/><G90/><T53/><D53/><U35/><E35/><V130/><F130/><W67/><G67/><T62/><D62/><AGARI ba="0,0" hai="26,28,32,36,40,44,54,58,62,85,87,88,93,96" machi="62" ten="30,2900,0" yaku="7,1,54,1" doraHai="115" who="3" fromWho="0" sc="557,-29,123,0,311,0,9,29" /><INIT seed="7,1,0,4,1,128" ten="528,123,311,38" oya="3" hai0="100,106,4,101,0,56,72,25,121,38,52,64,71" hai1="108,51,124,96,8,69,44,116,28,42,125,41,46" hai2="102,5,122,2,118,120,117,62,80,40,32,115,104" hai3="63,22,126,31,54,119,21,36,3,97,81,127,133"/><W87/><G36/><T135/><D38/><N who="1" m="21559" /><E69/><V17/><F40/><W60/><G119/><T6/><D72/><U103/><E108/><V111/><F32/><W61/><G3/><T14/><D121/><N who="2" m="46698" /><F80/><W123/><G123/><T39/><D0/><U10/><E28/><V35/><F35/><W18/><G97/><T53/><D39/><U24/><E24/><V58/><F17/><W26/><G133/><T76/><D25/><U34/><E34/><V94/><F104/><W77/><REACH who="3" step="1"/><G54/><REACH who="3" ten="528,123,311,28" step="2"/><T75/><D135/><U29/><E116/><V27/><F118/><W66/><G66/><T130/><D64/><U86/><E86/><V30/><F117/><W33/><G33/><T79/><D75/><U99/><E96/><V74/><F111/><W73/><G73/><T43/><D130/><U93/><E29/><V68/><F30/><W37/><G37/><T59/><D43/><U48/><E48/><V110/><F110/><W50/><G50/><T134/><D134/><U9/><E9/><V11/><F11/><W114/><G114/><T85/><D85/><U105/><E8/><V88/><F115/><W7/><G7/><T131/><D131/><U109/><E10/><V57/><F5/><W65/><G65/><T19/><D53/><U70/><E109/><V90/><F2/><W49/><G49/><T20/><D52/><U13/><E51/><V78/><F74/><W23/><G23/><T67/><D4/><U89/><E99/><V107/><F62/><W82/><G82/><T98/><D6/><U47/><E42/><V12/><F68/><W1/><G1/><RYUUKYOKU ba="1,1" sc="528,-10,123,-10,311,-10,28,30" hai3="18,21,22,26,31,60,61,63,77,81,87,126,127" /><INIT seed="7,2,1,5,1,133" ten="518,113,301,58" oya="3" hai0="134,11,106,124,73,69,5,105,33,27,132,117,30" hai1="35,28,8,12,83,79,29,63,113,75,118,114,88" hai2="120,109,45,76,38,52,74,116,15,67,48,46,19" hai3="108,99,97,54,135,13,77,102,23,62,26,43,96"/><W32/><G43/><T18/><D73/><U3/><E118/><V53/><F116/><W22/><G77/><T115/><D117/><U2/><E63/><V61/><F109/><W24/><G108/><T107/><D18/><U0/><E88/><V40/><F120/><W34/><G135/><N who="0" m="51755" /><D115/><N who="1" m="44043" /><E35/><V98/><F98/><W78/><G78/><T21/><D21/><U60/><E60/><V125/><F76/><W82/><G82/><T59/><D59/><U104/><E104/><V47/><F74/><W112/><G102/><T123/><D123/><U37/><E37/><V17/><F15/><W14/><G112/><T81/><D81/><U100/><E100/><V10/><F10/><W85/><G85/><T110/><D110/><U41/><E41/><V56/><F38/><W66/><G34/><T93/><D93/><U71/><E71/><V128/><F40/><W31/><G54/><T36/><D36/><U121/><E121/><V130/><F53/><W39/><G39/><T70/><D124/><U92/><E92/><V101/><F125/><W6/><G6/><AGARI ba="2,1" hai="0,2,3,6,8,12,28,29,75,79,83" m="44043" machi="6" ten="40,1300,0" yaku="15,1" doraHai="133" who="1" fromWho="3" sc="518,0,113,29,301,0,58,-19" owari="518,62.0,142,-26.0,301,10.0,39,-46.0" /></mjloggm>