<mjloggm ver="2.3"><GO type="41" lobby="0"/><UN n0="%E3%82%A6%E3%83%AB%E3%83%88%E3%83%A9%E7%AB%8B%E7%9B%B4" n1="%6B%61%72%69%6D%6F%66%75" n2="%E7%9F%B3%E7%82%AD%E5%B0%8F%E5%83%A7" n3="%E3%81%BE%E3%81%90%E3%82%8D%E3%81%BC%E3%81%86%E3%82%84" dan="16,14,15,15" rate="2017.57,1898.54,2033.56,1943.92" sx="M,F,M,M"/><TAIKYOKU oya="0"/><INIT seed="0,0,0,3,0,3" ten="250,250,250,250" oya="0" hai0="22,118,117,108,43,44,51,106,128,71,103,7,49" hai1="124,41,65,59,81,107,98,133,40,87,33,131,134" hai2="58,27,15,122,99,31,105,45,14,61,129,115,109" hai3="120,72,86,78,37,111,18,50,38,2,76,32,91"/><T68/><D103/><U39/><E33/><V35/><F115/><W6/><G72/><T125/><D106/><U24/><E24/><V20/><F122/><W97/><G32/><T101/><D101/><U1/><E1/><V64/><F129/><W94/><G120/><T73/><D73/><U135/><E131/><V55/><F109/><W112/><G111/><T114/><D22/><U67/><E124/><V13/><F105/><W57/><G38/><T16/><D16/><U74/><E74/><V60/><F99/><W5/><G37/><T89/><D89/><U100/><E39/><V26/><F26/><W77/><G2/><T119/><D7/><N who="3" m="2569" /><G112/><T126/><D128/><U11/><E11/><V10/><F35/><W28/><G28/><T90/><D90/><U88/><E59/><N who="2" m="36895" /><F45/><W95/><G18/><AGARI ba="0,0" hai="10,13,14,15,18,20,27,31,55,58,61" m="36895" machi="18" ten="30,1000,0" yaku="8,1" doraHai="3" who="2" fromWho="3" sc="250,0,250,0,250,10,250,-10" /><INIT seed="1,0,0,3,1,13" ten="250,250,260,240" oya="1" hai0="38,36,81,99,132,7,71,6,59,97,53,80,23" hai1="84,79,46,110,69,83,17,100,109,94,60,126,47" hai2="90,104,93,76,39,106,29,123,85,92,16,37,103" hai3="1,130,8,20,101,3,10,45,70,22,15,9,27"/><U91/><E126/><V118/><F118/><W50/><G70/><T134/><D71/><U30/><E30/><V42/><F123/><W43/><G101/><T52/><D23/><U96/><E60/><V51/><F29/><W61/><G130/><T0/><REACH who="0" step="1"/><D59/><REACH who="0" ten="240,250,260,240" step="2"/><U114/><E69/><V108/><F108/><N who="1" m="41577" /><E114/><V124/><F124/><W122/><G22/><T56/><D56/><U18/><E100/><V66/><F103/><W95/><G122/><T41/><D41/><U31/><E31/><V73/><F42/><W72/><G9/><T89/><D89/><U26/><E26/><V111/><F90/><W133/><G10/><T57/><D57/><U67/><E67/><V86/><F66/><W74/><G61/><T54/><D54/><U121/><E121/><V68/><F68/><W48/><G43/><T58/><D58/><U32/><E32/><V116/><F111/><W4/><G45/><AGARI ba="0,1" hai="17,18,45,46,47,79,83,84,91,94,96" m="41577" machi="45" ten="30,11600,0" yaku="14,1,10,1,52,2" doraHai="13" who="1" fromWho="3" sc="240,0,250,126,260,0,240,-116" /><INIT seed="1,1,0,1,5,47" ten="240,376,260,124" oya="1" hai0="34,51,108,13,129,52,9,132,100,124,3,110,63" hai1="111,56,82,76,23,102,16,6,80,106,41,43,8" hai2="59,20,75,94,17,42,125,57,64,55,87,53,116" hai3="107,128,62,7,25,104,92,88,79,97,31,1,131"/><U96/><E111/><V71/><F116/><W73/><G1/><T36/><D36/><U115/><E115/><V134/><F75/><W103/><G7/><T30/><D3/><U45/><E56/><V32/><F32/><W91/><G62/><T60/><D124/><U133/><E133/><V61/><F134/><W68/><G68/><T74/><D74/><U122/><E122/><V114/><F114/><W49/><G49/><T78/><D78/><U35/><E35/><V58/><F125/><W37/><G37/><T127/><D127/><U4/><E4/><V18/><F42/><W44/><G44/><T0/><D0/><U83/><E76/><V81/><F94/><W90/><G25/><T12/><D100/><U19/><E41/><V109/><F109/><N who="0" m="42090" /><D13/><U2/><REACH who="1" step="1"/><E23/><REACH who="1" ten="240,366,260,124" step="2"/><V118/><F118/><W84/><G73/><T119/><D132/><U105/><E105/><N who="3" m="40522" /><G31/><T48/><D119/><U65/><E65/><V101/><F57/><W11/><G79/><T70/><D30/><U89/><E89/><N who="3" m="34410" /><G11/><T123/><D34/><U21/><E21/><V38/><F20/><W112/><G112/><T121/><D121/><U22/><E22/><V98/><F71/><W126/><G126/><T117/><D123/><U46/><E46/><V28/><F64/><W10/><G10/><T26/><D117/><U33/><E33/><V113/><F113/><W39/><G39/><AGARI ba="1,1" hai="2,6,8,16,19,39,43,45,80,82,83,96,102,106" machi="39" ten="40,3900,0" yaku="1,1,54,1,53,0" doraHai="47" doraHaiUra="85" who="1" fromWho="3" sc="240,0,366,52,260,0,124,-42" /><INIT seed="1,2,0,5,4,128" ten="240,418,260,82" oya="1" hai0="102,7,79,95,21,12,11,130,54,14,82,86,69" hai1="17,85,123,78,83,119,114,20,40,66,81,117,68" hai2="124,132,99,71,100,62,90,37,48,58,22,118,9" hai3="3,61,33,28,45,1,115,126,120,24,34,116,73"/><U108/><E40/><V10/><F118/><W18/><G116/><T103/><D69/><U87/><E123/><V97/><F37/><W39/><G120/><T55/><D130/><U88/><E114/><V30/><F124/><W93/><G115/><T106/><D106/><U133/><E133/><V75/><F132/><W104/><G126/><T36/><D36/><U50/><E50/><V53/><F75/><W121/><G121/><T135/><D135/><U51/><E51/><V111/><F111/><W105/><G34/><T109/><D109/><U31/><E31/><V125/><F125/><W63/><G93/><T43/><D43/><U42/><E42/><V4/><F71/><W0/><G18/><T112/><D112/><U65/><E108/><V38/><F38/><W74/><G61/><T41/><D41/><U13/><E65/><N who="2" m="39127" /><F4/><W98/><G45/><T16/><D95/><U76/><E88/><V47/><F100/><AGARI ba="2,0" hai="7,11,12,14,16,21,54,55,79,82,86,100,102,103" machi="100" ten="40,2600,0" yaku="8,1,54,1" doraHai="128" who="0" fromWho="2" sc="240,32,418,0,260,-32,82,0" /><INIT seed="2,0,0,3,2,112" ten="272,418,228,82" oya="2" hai0="10,73,17,124,94,14,87,126,59,61,55,26,9" hai1="42,78,91,22,100,134,115,67,58,96,2,110,21" hai2="16,8,64,15,52,68,54,32,47,43,123,56,39" hai3="34,53,18,102,69,24,135,71,3,50,85,38,82"/><V62/><F123/><W7/><G38/><T74/><D26/><U125/><E115/><V118/><F118/><W109/><G7/><T107/><D107/><U108/><E2/><V37/><F32/><W133/><G3/><T88/><REACH who="0" step="1"/><D10/><REACH who="0" ten="262,418,228,82" step="2"/><U84/><E110/><V111/><F111/><W51/><G109/><T127/><AGARI ba="0,1" hai="9,14,17,55,59,61,73,74,87,88,94,124,126,127" machi="127" ten="30,8000,1" yaku="1,1,2,1,0,1,18,1,54,1,53,0" doraHai="112" doraHaiUra="95" who="0" fromWho="0" sc="262,90,418,-20,228,-40,82,-20" /><INIT seed="3,0,0,1,5,21" ten="352,398,188,62" oya="3" hai0="102,73,78,22,81,80,131,121,45,128,53,105,44" hai1="130,98,119,29,17,92,83,108,72,90,28,77,43" hai2="70,110,13,75,104,100,87,59,56,106,14,84,107" hai3="117,33,37,51,91,24,93,11,135,54,120,79,82"/><W26/><G117/><T34/><D34/><U112/><E119/><V25/><F100/><W19/><G120/><T41/><D121/><U55/><E112/><V66/><F66/><W6/><G33/><T74/><D53/><U122/><E122/><V114/><F114/><W39/><G19/><T71/><D71/><U49/><E43/><V0/><F0/><W32/><G32/><T42/><D22/><U134/><E134/><V97/><F97/><W115/><G39/><T23/><D23/><U30/><E108/><V57/><F75/><W89/><G37/><T88/><D102/><U7/><E7/><V116/><F116/><W85/><G91/><T129/><D105/><U111/><E111/><V123/><F123/><W94/><G94/><T47/><D88/><U18/><REACH who="1" step="1"/><E130/><REACH who="1" ten="352,388,188,62" step="2"/><V60/><F110/><W5/><G135/><T38/><D38/><U27/><E27/><N who="3" m="10282" /><G115/><T101/><D101/><U2/><E2/><V10/><F25/><W68/><G68/><T64/><D64/><U65/><E65/><V125/><F125/><W16/><G6/><T124/><D124/><U40/><E40/><N who="0" m="15465" /><D78/><U86/><E86/><N who="2" m="32811" /><F70/><W12/><G5/><T58/><D58/><AGARI ba="0,1" hai="17,18,28,29,30,49,55,58,72,77,83,90,92,98" machi="58" ten="40,5200,0" yaku="1,1,53,2" doraHai="21" doraHaiUra="15" who="1" fromWho="0" sc="352,-52,388,62,188,0,62,0" /><INIT seed="4,0,0,1,4,120" ten="300,450,188,62" oya="0" hai0="97,74,67,77,93,108,111,14,52,30,109,45,35" hai1="101,8,12,19,96,16,112,73,10,89,4,60,20" hai2="31,61,48,132,26,133,15,13,3,57,122,71,106" hai3="1,105,46,104,87,99,116,5,125,126,75,121,123"/><T102/><D67/><U39/><E39/><V11/><F106/><N who="3" m="41067" /><G46/><T107/><D107/><U92/><E73/><V34/><F71/><W64/><G64/><T62/><D77/><U79/><E79/><V36/><F36/><W65/><G65/><T127/><D74/><U7/><E112/><V70/><F70/><W27/><G27/><N who="0" m="18911" /><D14/><U90/><E60/><V115/><F48/><W128/><G5/><N who="1" m="2122" /><E8/><V56/><F56/><W84/><G1/><T50/><D127/><N who="3" m="48649" /><G75/><T129/><D129/><U94/><E92/><V44/><F44/><W55/><G55/><T72/><D72/><U6/><E6/><N who="2" m="1503" /><F61/><AGARI ba="0,0" hai="45,50,52,61,62,93,97,102,108,109,111" m="18911" machi="61" ten="30,12000,1" yaku="10,1,52,3,54,1" doraHai="120" who="0" fromWho="2" sc="300,120,450,0,188,-120,62,0" /><INIT seed="4,1,0,1,4,40" ten="420,450,68,62" oya="0" hai0="78,4,27,16,108,133,85,134,105,26,15,37,19" hai1="13,46,79,23,0,61,36,119,96,125,48,100,51" hai2="47,49,20,24,38,91,75,1,60,118,50,90,55" hai3="12,121,95,58,132,124,87,68,3,45,76,31,59"/><T41/><D105/><U7/><E119/><V116/><F118/><W57/><G3/><T2/><D85/><U62/><E79/><V52/><F116/><W74/><G68/><T94/><D94/><U88/><E125/><V130/><F38/><W89/><G121/><T93/><D93/><U102/><E0/><V33/><F75/><W86/><G124/><T65/><D78/><U70/><E70/><V18/><F33/><W120/><G120/><T111/><D65/><U8/><E36/><V128/><F1/><W35/><G74/><T56/><D56/><U69/><E48/><V43/><F43/><W17/><G132/><N who="0" m="50795" /><D41/><U135/><E135/><V110/><F110/><N who="0" m="42026" /><D37/><U6/><E6/><V82/><F60/><W127/><G127/><T92/><D92/><N who="1" m="56327" /><E69/><V80/><F80/><W104/><G86/><T53/><D53/><N who="1" m="29943" /><E23/><V5/><F5/><W64/><G76/><T39/><D39/><U14/><E14/><V67/><F67/><W131/><G104/><T29/><D2/><U83/><E83/><V25/><F25/><W28/><G64/><T98/><D98/><U54/><E54/><V126/><F126/><W99/><G87/><T10/><D27/><U66/><E66/><V114/><F82/><W129/><G99/><T22/><AGARI ba="1,0" hai="4,10,15,16,19,22,26,29" m="42026,50795" machi="22" ten="30,12000,1" yaku="20,1,10,1,34,2,54,1" doraHai="40" who="0" fromWho="0" sc="420,123,450,-41,68,-41,62,-41" /><INIT seed="4,2,0,0,0,63" ten="543,409,27,21" oya="0" hai0="25,29,81,38,40,126,39,90,92,47,7,9,1" hai1="10,45,114,51,19,21,46,43,20,53,77,106,119" hai2="109,34,28,62,74,48,0,104,107,56,133,6,78" hai3="105,14,135,125,123,68,115,94,85,26,27,108,129"/><T15/><D81/><U110/><E110/><V83/><F109/><W41/><G26/><T57/><D57/><U16/><E119/><V102/><F133/><W100/><G27/><T95/><D126/><U54/><E106/><V73/><F73/><W97/><G14/><T118/><D118/><U132/><E132/><V113/><F113/><W99/><G41/><T96/><D92/><U72/><E72/><V60/><F60/><W101/><G68/><T93/><D93/><U3/><E3/><V67/><F102/><W134/><G108/><T36/><D15/><U32/><E32/><AGARI ba="2,0" hai="1,7,9,25,29,32,36,38,39,40,47,90,95,96" machi="32" ten="30,1500,0" yaku="7,1" doraHai="63" who="0" fromWho="1" sc="543,21,409,-21,27,0,21,0" /><INIT seed="4,3,0,3,1,124" ten="564,388,27,21" oya="0" hai0="89,37,131,50,73,75,118,62,36,23,33,54,105" hai1="74,107,76,112,93,126,70,132,15,59,69,61,104" hai2="56,57,11,22,82,46,115,71,10,47,101,65,5" hai3="123,67,87,90,49,55,119,63,98,31,114,116,66"/><T120/><D33/><U95/><E126/><V18/><F101/><W3/><G3/><T12/><D105/><U27/><E15/><V38/><F71/><W0/><G0/><T44/><D118/><U13/><E13/><V122/><F122/><W83/><G123/><T25/><D120/><U127/><E127/><V41/><F65/><W96/><G31/><T133/><D131/><U130/><E59/><V14/><F11/><W110/><G110/><T111/><D133/><U72/><E132/><V85/><F46/><W135/><G135/><T1/><D1/><U113/><E61/><V58/><F115/><W102/><G114/><T40/><D111/><U20/><E20/><V42/><F42/><W24/><G24/><T8/><D62/><U81/><E81/><V4/><REACH who="2" step="1"/><F10/><REACH who="2" ten="564,388,17,21" step="2"/><W32/><G119/><T43/><D43/><U92/><E27/><V117/><F117/><W16/><G116/><T21/><D40/><U34/><E112/><V60/><F60/><W100/><G100/><T86/><D37/><U9/><E113/><V64/><F64/><W26/><G102/><T97/><D36/><U108/><E9/><V80/><F80/><W128/><G67/><T106/><D44/><U28/><E108/><V84/><F84/><W103/><G103/><T7/><D86/><U79/><E69/><V30/><F30/><W77/><G98/><T48/><D97/><U45/><E45/><V39/><F39/><W88/><G96/><T121/><D121/><U91/><E70/><V52/><F52/><W19/><G55/><T134/><D54/><U17/><E28/><RYUUKYOKU ba="3,1" sc="564,-10,388,-10,17,30,21,-10" hai2="4,5,14,18,22,38,41,47,56,57,58,82,85" /><INIT seed="5,4,1,0,1,85" ten="554,378,47,11" oya="1" hai0="52,101,9,41,67,84,50,27,87,7,132,12,88" hai1="66,128,91,116,65,89,59,49,99,60,1,121,124" hai2="123,100,82,46,8,80,120,94,72,98,78,28,81" hai3="127,77,68,14,110,69,44,58,111,97,13,16,22"/><U130/><E121/><N who="2" m="46667" /><F46/><W33/><G33/><T37/><D132/><U113/><E116/><V114/><F28/><W96/><G77/><T24/><D41/><U47/><E1/><V63/><F63/><W45/><G58/><T118/><D37/><U61/><E99/><V95/><F8/><W90/><G22/><T18/><D101/><U131/><E124/><V115/><F95/><W21/><G21/><T105/><D105/><U108/><E108/><V5/><F5/><W29/><G29/><T4/><D67/><U71/><E113/><AGARI ba="4,1" hai="72,78,80,81,82,94,98,100,113,114,115" m="46667" machi="113" ten="30,7700,0" yaku="15,1,11,1,34,2" doraHai="85" who="2" fromWho="1" sc="554,0,378,-89,47,99,11,0" /><INIT seed="6,0,0,5,0,92" ten="554,289,146,11" oya="2" hai0="55,124,84,17,41,96,133,79,38,82,19,94,45" hai1="26,23,108,12,105,117,77,118,13,81,132,85,65" hai2="130,83,119,66,111,2,39,127,53,21,34,80,134" hai3="18,71,49,78,28,95,47,48,67,60,52,64,97"/><V89/><F119/><W131/><G131/><T1/><D1/><U43/><E105/><V88/><F34/><W68/><G78/><T9/><D124/><U75/><E108/><V35/><F35/><W112/><G28/><T121/><D121/><U115/><E115/><V87/><F2/><W120/><G120/><T42/><D133/><U58/><E132/><V102/><F134/><W101/><G112/><T44/><D9/><U30/><E43/><V32/><F32/><W69/><G18/><T110/><D55/><U100/><E75/><V6/><F6/><W36/><G36/><T51/><D110/><U46/><E46/><V25/><F39/><W31/><G31/><T56/><D56/><U116/><E100/><AGARI ba="0,0" hai="17,19,38,41,42,44,45,51,79,82,84,94,96,100" machi="100" ten="30,2000,0" yaku="7,1,52,1" doraHai="92" who="0" fromWho="1" sc="554,20,289,-20,146,0,11,0" /><INIT seed="7,0,0,5,5,13" ten="574,269,146,11" oya="3" hai0="118,114,18,68,93,87,105,74,42,22,53,84,109" hai1="20,4,48,62,76,45,59,67,83,3,75,29,51" hai2="1,77,24,38,100,44,34,103,11,123,72,119,50" hai3="111,27,0,126,96,37,21,86,81,54,80,70,112"/><W78/><G111/><T7/><D105/><U2/><E4/><V66/><F119/><W98/><G70/><T10/><D74/><U95/><E95/><V40/><F123/><W129/><G37/><T6/><D114/><U107/><E107/><V120/><F120/><W64/><G112/><T33/><D33/><U108/><E108/><V73/><F66/><W117/><G64/><T91/><D118/><U104/><E104/><V92/><F50/><W49/><G0/><T35/><D35/><U28/><E48/><V31/><F92/><W26/><G117/><T85/><D42/><U82/><E82/><V130/><F130/><W60/><G129/><T17/><D53/><U47/><E47/><V131/><F131/><W124/><G60/><T58/><D58/><U106/><E106/><V61/><F61/><W127/><G81/><T89/><D89/><U16/><E2/><V9/><F9/><W32/><G32/><T94/><D94/><U14/><REACH who="1" step="1"/><E3/><REACH who="1" ten="574,259,146,11" step="2"/><V79/><F72/><W128/><G128/><T63/><D7/><U30/><E30/><V125/><F125/><W110/><G110/><T113/><D113/><U134/><E134/><V133/><F133/><W23/><G49/><T43/><D6/><U115/><E115/><V15/><F1/><W41/><G41/><AGARI ba="0,1" hai="14,16,20,28,29,41,45,51,59,62,67,75,76,83" machi="41" ten="30,7700,0" yaku="1,1,7,1,52,1,54,1,53,0" doraHai="13" doraHaiUra="116" who="1" fromWho="3" sc="574,0,259,87,146,0,11,-77" owari="574,67.0,346,15.0,146,-25.0,-66,-57.0" /></mjloggm>