<mjloggm ver="2.3"><GO type="41"/><UN n0="%EF%BC%88%E2%89%A7%E2%96%BD%E2%89%A6%EF%BC%89" n1="%E3%81%8B%E3%81%9A%E3%81%BF" n2="%E3%83%8F%E3%83%A1%E3%83%89%E4%BA%8C%E4%B8%96" n3="%E8%B1%86%E8%85%90%E3%81%94%E9%A3%AF" dan="14,13,15,14" rate="2049,1815,2087,1996" sx="M,F,M,M"/><TAIKYOKU oya="0"/><INIT seed="0,0,0,0,3,77" ten="250,250,250,250" oya="0" hai0="28,111,31,38,103,122,123,41,135,49,71,25,18" hai1="72,43,113,70,119,69,132,24,63,4,15,17,64" hai2="40,47,13,8,22,10,98,94,55,14,89,29,48" hai3="102,30,120,3,92,129,58,121,62,112,7,90,106"/><T39/><D71/><U107/><E119/><V35/><F35/><W37/><G37/><T16/><D103/><U50/><E107/><V97/><F29/><W82/><G112/><T110/><D49/><U101/><E72/><V96/><F22/><W78/><G30/><N who="0" m="11307" /><D135/><U99/><E113/><V109/><F109/><N who="0" m="41482" /><D25/><U33/><E132/><V5/><REACH who="2" step="1"/><F40/><REACH who="2" step="2"/><W56/><G129/><T95/><D41/><U93/><E33/><V67/><F67/><W86/><G121/><N who="0" m="46091" /><D95/><U52/><E43/><V100/><F100/><W115/><G120/><T23/><D23/><U118/><E118/><V85/><F85/><W79/><G115/><T54/><D54/><U1/><E69/><V76/><F76/><W68/><G79/><T26/><D26/><U105/><E24/><V130/><F130/><W126/><G68/><T65/><D65/><U20/><E105/><V21/><F21/><W53/><G58/><T83/><D83/><U131/><E131/><V91/><F91/><W36/><G106/><T11/><D11/><U0/><REACH who="1" step="1"/><E4/><AGARI ba="0,1" hai="4,5,8,10,13,14,47,48,55,89,94,96,97,98" machi="4" ten="30,7700,0" yaku="1,1,7,1,9,1,8,1,53,0" doraHai="77" doraHaiUra="104" who="2" fromWho="1" sc="250,0,250,-77,240,87,250,0" /><INIT seed="1,0,0,1,4,54" ten="250,173,327,250" oya="1" hai0="0,104,67,33,78,9,11,32,19,75,85,31,27" hai1="58,135,15,63,47,4,40,56,37,102,88,55,28" hai2="24,59,12,134,77,132,41,111,107,112,65,117,3" hai3="127,26,86,119,48,29,96,70,17,39,80,16,51"/><U120/><E120/><V101/><F3/><W14/><G70/><T114/><D114/><U93/><E135/><N who="2" m="51755" /><F117/><W72/><G72/><T73/><D104/><U87/><E28/><V71/><F111/><W13/><G39/><T103/><D103/><U95/><E102/><V129/><F129/><W121/><G96/><T131/><D131/><U18/><E4/><V113/><F77/><W21/><G121/><T98/><D98/><U35/><E35/><V89/><F41/><W6/><G119/><T64/><D78/><U100/><E100/><V61/><F12/><W2/><G127/><T53/><D0/><U43/><E43/><V116/><F116/><W90/><G14/><T125/><D125/><U81/><REACH who="1" step="1"/><E58/><REACH who="1" step="2"/><V76/><F101/><W66/><G17/><T69/><D32/><U25/><E25/><V92/><F107/><W1/><G66/><T91/><D67/><U109/><E109/><V5/><F5/><W133/><G133/><T123/><D64/><U106/><E106/><V128/><F24/><W79/><G2/><T126/><D27/><U44/><E44/><V8/><F128/><W42/><G42/><T99/><D33/><U82/><E82/><V45/><F45/><W105/><G105/><T46/><D46/><U23/><AGARI ba="0,1" hai="15,18,23,37,40,47,55,56,63,81,87,88,93,95" machi="23" ten="20,18000,2" yaku="1,1,0,1,7,1,52,1,54,1,53,1" doraHai="54" doraHaiUra="52" who="1" fromWho="1" sc="250,-60,163,190,327,-60,250,-60" /><INIT seed="1,1,0,4,2,50" ten="190,353,267,190" oya="1" hai0="123,105,30,32,119,80,4,102,31,20,13,132,64" hai1="60,23,35,70,46,66,127,135,89,131,100,73,92" hai2="114,54,84,120,90,101,117,6,47,128,28,74,57" hai3="78,134,36,29,112,83,76,96,111,65,109,85,62"/><U2/><E35/><V38/><F117/><W53/><G112/><T93/><D105/><U8/><E73/><V98/><F120/><W49/><G36/><T33/><D119/><U133/><E100/><V81/><F114/><W27/><G96/><T26/><D123/><U91/><E127/><V1/><F128/><W72/><G72/><T41/><D132/><N who="1" m="50763" /><E131/><V87/><F74/><W45/><G78/><T67/><D41/><U19/><E46/><V82/><F28/><W94/><G94/><T22/><D93/><U104/><E104/><V95/><F38/><W10/><G10/><T42/><D42/><U130/><E130/><V124/><F47/><W99/><G99/><T103/><D80/><U118/><E118/><V21/><F124/><W11/><G11/><T126/><D126/><U12/><E92/><V122/><F122/><W0/><G0/><T97/><D97/><U129/><E129/><V79/><F1/><W16/><G134/><T115/><D115/><U110/><E110/><V40/><F40/><W108/><G29/><T88/><D4/><AGARI ba="1,0" hai="2,4,8,12,19,23,60,66,70,89,91" m="50763" machi="4" ten="30,1500,0" yaku="20,1" doraHai="50" who="1" fromWho="0" sc="190,-18,353,18,267,0,190,0" /><INIT seed="1,2,0,0,4,116" ten="172,371,267,190" oya="1" hai0="56,47,34,62,11,104,93,79,129,31,8,66,87" hai1="77,112,18,0,76,24,65,50,63,75,92,97,61" hai2="44,7,41,29,53,73,127,4,37,95,123,32,120" hai3="2,85,46,5,72,71,114,70,110,60,107,103,36"/><U45/><E112/><V117/><F117/><W42/><G72/><T78/><D104/><U91/><E0/><V124/><F73/><W19/><G114/><T58/><D129/><U82/><E77/><V74/><F74/><W130/><G130/><T131/><D131/><U15/><E24/><N who="2" m="18471" /><F53/><W26/><G85/><T88/><D47/><U86/><E75/><V96/><F7/><W52/><G110/><T49/><D31/><U23/><E65/><V122/><F4/><W57/><G5/><T1/><D34/><U113/><REACH who="1" step="1"/><E113/><REACH who="1" step="2"/><V135/><F135/><W83/><G2/><T80/><D1/><U115/><E115/><V51/><F96/><W43/><G43/><AGARI ba="2,1" hai="15,18,23,43,45,50,61,63,76,82,86,91,92,97" machi="43" ten="30,5800,0" yaku="1,1,7,1,8,1,53,0" doraHai="116" doraHaiUra="128" who="1" fromWho="3" sc="172,0,361,74,267,0,190,-64" /><INIT seed="1,3,0,2,2,49" ten="172,435,267,126" oya="1" hai0="131,10,109,101,69,74,75,46,126,24,103,133,35" hai1="130,129,112,31,55,91,123,19,16,3,8,100,99" hai2="20,21,22,115,81,41,37,2,93,47,66,33,89" hai3="107,108,70,51,28,114,96,17,128,52,134,13,121"/><U120/><E112/><V68/><F115/><W124/><G114/><T23/><D35/><U79/><E31/><V125/><F125/><W0/><G0/><T38/><D69/><U87/><E79/><V29/><F2/><W14/><G121/><T65/><D65/><U78/><E78/><V111/><F111/><W9/><G70/><T85/><D109/><U95/><E3/><V56/><F68/><W34/><G108/><T43/><D126/><U94/><E8/><V110/><F81/><W71/><G71/><T15/><D131/><N who="1" m="50187" /><E123/><V18/><F33/><W61/><G128/><T42/><D133/><U72/><E72/><V39/><F29/><W122/><G134/><T83/><D43/><U86/><E86/><V4/><F37/><W132/><G122/><T102/><D23/><U88/><E91/><V30/><F4/><W63/><G132/><T106/><D24/><U6/><E6/><V104/><F104/><W82/><G124/><T73/><D106/><U119/><E119/><V58/><F30/><W5/><G82/><T50/><D38/><U80/><E120/><V127/><F127/><W7/><G28/><T36/><D36/><U26/><E26/><V54/><F110/><W11/><G34/><T135/><D135/><U27/><E27/><V60/><F18/><N who="1" m="6697" /><E80/><V113/><F113/><W62/><G107/><T67/><D73/><U76/><E76/><V25/><F25/><W98/><REACH who="3" step="1"/><G17/><REACH who="3" step="2"/><N who="0" m="8439" /><D75/><U84/><E84/><N who="2" m="52391" /><F20/><W44/><AGARI ba="3,1" hai="5,7,9,11,13,14,44,51,52,61,62,63,96,98" machi="44" ten="30,12000,2" yaku="1,1,0,1,9,1,8,1,52,1,54,1,53,0" doraHai="49" doraHaiUra="64" who="3" fromWho="3" sc="172,-33,435,-63,267,-33,116,139" /><INIT seed="2,0,0,2,1,75" ten="139,372,234,255" oya="2" hai0="48,42,53,98,122,0,96,31,70,47,92,51,14" hai1="55,11,101,43,88,99,117,33,107,73,7,128,40" hai2="37,59,15,56,104,20,74,69,2,114,133,18,62" hai3="68,119,45,95,132,78,94,118,24,100,16,52,21"/><V105/><F114/><W111/><G68/><T32/><D122/><U4/><E117/><V57/><F2/><W90/><G111/><T79/><D0/><U39/><E128/><V65/><F37/><W61/><G132/><T23/><D70/><U112/><E112/><V84/><F74/><W22/><G100/><T3/><D3/><U102/><E73/><V116/><F116/><W1/><G1/><T109/><D109/><U5/><E33/><V91/><REACH who="2" step="1"/><F133/><REACH who="2" step="2"/><W8/><G119/><T66/><D32/><U89/><E39/><V71/><F71/><W129/><G118/><T113/><D113/><U77/><E107/><V19/><F19/><W28/><G129/><T49/><D31/><U9/><E7/><V26/><F26/><W72/><G8/><T67/><D14/><U41/><E99/><V34/><F34/><W17/><G28/><T80/><D98/><U135/><E135/><V6/><F6/><W50/><G61/><T93/><D96/><U97/><E97/><V36/><F36/><W64/><G64/><T29/><D67/><U30/><E30/><V106/><F106/><W12/><G72/><N who="0" m="43111" /><D66/><U81/><E4/><V124/><F124/><W10/><G10/><T13/><D29/><U130/><E5/><V134/><F134/><W27/><G12/><T76/><D13/><U35/><E35/><V38/><F38/><W120/><G120/><T60/><D23/><U108/><E108/><V86/><F86/><W46/><G46/><T83/><D60/><U44/><E44/><V131/><F131/><W103/><G103/><T85/><D42/><RYUUKYOKU ba="0,1" sc="139,15,372,-15,224,15,255,-15" hai0="47,48,49,51,53,76,83,85,92,93" hai2="15,18,20,56,57,59,62,65,69,84,91,104,105" /><INIT seed="2,1,1,2,5,22" ten="154,357,239,240" oya="2" hai0="89,38,20,84,63,7,9,121,88,12,98,71,26" hai1="78,18,46,109,67,14,104,99,66,16,41,3,125" hai2="8,32,126,68,24,107,65,70,5,39,4,101,129" hai3="116,90,44,92,86,0,69,135,82,6,43,108,42"/><V96/><F126/><W112/><G116/><T131/><D121/><U122/><E109/><V87/><F129/><W133/><G108/><T49/><D38/><U103/><E122/><V53/><F53/><W80/><G69/><T11/><D131/><U77/><E3/><N who="2" m="31" /><F70/><W117/><G117/><T13/><D71/><U111/><E111/><V15/><F87/><W45/><G0/><T50/><D63/><U51/><E125/><V74/><F15/><W95/><G6/><N who="0" m="3127" /><D98/><U17/><REACH who="1" step="1"/><E14/><REACH who="1" step="2"/><V76/><F5/><W94/><G112/><T31/><D89/><U57/><E57/><V64/><F64/><AGARI ba="1,2" hai="16,17,18,41,46,51,64,66,67,77,78,99,103,104" machi="64" ten="40,2600,0" yaku="1,1,54,1,53,0" doraHai="22" doraHaiUra="118" who="1" fromWho="2" sc="154,0,347,49,239,-29,240,0" /><INIT seed="3,0,0,2,3,96" ten="154,396,210,240" oya="3" hai0="103,115,100,74,17,15,19,45,25,12,107,66,109" hai1="97,108,33,131,118,86,101,11,72,106,75,114,59" hai2="73,116,122,56,71,55,18,6,1,102,47,7,65" hai3="57,39,99,41,133,31,38,113,111,8,2,68,10"/><W126/><G68/><T110/><D74/><U77/><E114/><V4/><F122/><W48/><G113/><T44/><D115/><U123/><E123/><V40/><F116/><W124/><G31/><T92/><D107/><U127/><E118/><V69/><F73/><W81/><G81/><T20/><D66/><U82/><E108/><N who="0" m="41577" /><D25/><U21/><E33/><V132/><F132/><W64/><G133/><T36/><D92/><U51/><E131/><V88/><F1/><W105/><G111/><T22/><D36/><U91/><E127/><N who="3" m="48682" /><G2/><T79/><D79/><U34/><E34/><V120/><F120/><W130/><G130/><T0/><D0/><U129/><E129/><V14/><F65/><W117/><G117/><T61/><D61/><U80/><E11/><N who="3" m="4138" /><G64/><T112/><D112/><U121/><E121/><V28/><F28/><W27/><G27/><T63/><D63/><U37/><E37/><V98/><F69/><W134/><G134/><T24/><D24/><U85/><E21/><V93/><F71/><W94/><G105/><T30/><D30/><U95/><E59/><V16/><F14/><W46/><G57/><T23/><D23/><U42/><E42/><V3/><F3/><W135/><G135/><T125/><D125/><U62/><E51/><V43/><F47/><AGARI ba="0,0" hai="12,15,17,19,20,22,44,45,47,100,103" m="41577" machi="47" ten="30,3900,0" yaku="14,1,52,2" doraHai="96" who="0" fromWho="2" sc="154,39,396,0,210,-39,240,0" /><INIT seed="4,0,0,5,1,111" ten="193,396,171,240" oya="0" hai0="51,50,47,71,41,45,42,25,97,14,11,67,102" hai1="74,131,98,63,103,24,46,132,91,122,55,57,38" hai2="113,126,16,29,2,43,26,40,120,4,66,106,6" hai3="7,33,35,129,79,13,118,81,56,134,115,32,3"/><T130/><D130/><U96/><E122/><V112/><F106/><W99/><G118/><T83/><D25/><U87/><E131/><V133/><F66/><W114/><G129/><T53/><D83/><U82/><E132/><V1/><F43/><W9/><G134/><T135/><D135/><U73/><E38/><V21/><F133/><W94/><G56/><T52/><D67/><U76/><E46/><V19/><F40/><W72/><REACH who="3" step="1"/><G3/><REACH who="3" step="2"/><N who="2" m="1033" /><F120/><W37/><G37/><T100/><D71/><U65/><E73/><V31/><F126/><W39/><G39/><T92/><REACH who="0" step="1"/><D102/><AGARI ba="0,1" hai="7,9,13,32,33,35,72,79,81,94,99,102,114,115" machi="102" ten="40,8000,1" yaku="1,1,52,2,53,1" doraHai="111" doraHaiUra="77" who="3" fromWho="0" sc="193,-80,396,0,171,0,230,90" /><INIT seed="5,0,0,5,0,16" ten="113,396,171,320" oya="1" hai0="22,18,43,11,28,33,78,56,42,74,82,120,34" hai1="20,108,53,4,2,61,106,117,104,84,24,85,66" hai2="80,46,122,40,59,30,14,39,32,89,26,29,57" hai3="25,86,115,109,93,129,92,128,90,101,71,99,7"/><U48/><E117/><V118/><F122/><W36/><G71/><T49/><D120/><U15/><E108/><V55/><F118/><W9/><G36/><T126/><D126/><U38/><E2/><V13/><F30/><W58/><G109/><T130/><D130/><U87/><E38/><V100/><F59/><W131/><G58/><T81/><D11/><U64/><E4/><V95/><F80/><W10/><G7/><T23/><D34/><U35/><E35/><V65/><F100/><W124/><G124/><T17/><D33/><U69/><E64/><V77/><F65/><W1/><G1/><T105/><D105/><U134/><E15/><V50/><F77/><W102/><G25/><N who="0" m="16439" /><D74/><U135/><E106/><V107/><REACH who="2" step="1"/><F107/><REACH who="2" step="2"/><W76/><G9/><T54/><D78/><U123/><E104/><V116/><F116/><W31/><G10/><T119/><D119/><U45/><REACH who="1" step="1"/><E123/><REACH who="1" step="2"/><V5/><F5/><W44/><G31/><AGARI ba="0,2" hai="20,24,31,45,48,53,61,66,69,84,85,87,134,135" machi="31" ten="40,7700,0" yaku="1,1,2,1,52,1,53,0" doraHai="16" doraHaiUra="73" who="1" fromWho="3" sc="113,0,386,97,161,0,320,-77" /><INIT seed="5,1,0,4,2,47" ten="113,483,161,243" oya="1" hai0="14,85,125,0,43,27,116,72,88,5,123,51,3" hai1="115,122,114,26,112,30,36,2,129,80,117,111,8" hai2="98,118,13,20,113,86,119,131,41,7,70,92,17" hai3="99,120,134,56,1,65,44,83,39,69,126,109,50"/><U37/><E122/><V9/><F131/><W18/><G120/><T32/><D116/><U21/><E117/><V71/><F113/><W91/><G109/><T45/><D72/><U105/><E111/><V89/><F71/><W103/><G1/><T121/><D125/><U49/><E105/><V106/><F70/><W93/><G126/><T52/><D123/><U61/><E129/><V64/><F64/><W127/><G127/><T24/><D121/><U16/><E80/><V68/><F68/><W54/><G134/><T58/><D0/><U42/><E61/><V104/><F41/><W40/><G83/><N who="0" m="49215" /><D3/><U29/><E2/><V11/><F119/><W97/><G18/><T23/><D32/><U48/><E42/><V19/><F118/><W31/><G31/><N who="1" m="11786" /><E8/><V74/><F74/><W66/><REACH who="3" step="1"/><G69/><REACH who="3" step="2"/><T55/><D5/><U133/><E133/><V132/><F132/><W10/><G10/><T87/><D23/><U102/><E102/><V73/><F11/><W59/><G59/><T46/><D58/><U110/><E110/><V96/><F19/><W124/><G124/><T94/><D14/><U38/><AGARI ba="1,1" hai="16,21,26,36,37,38,48,49,112,114,115" m="11786" machi="38" ten="40,12000,1" yaku="15,1,52,2,54,1" doraHai="47" who="1" fromWho="1" sc="113,-41,483,133,161,-41,233,-41" /><INIT seed="5,2,0,4,2,21" ten="72,616,120,192" oya="1" hai0="51,72,109,29,16,7,40,2,91,31,133,114,60" hai1="88,43,44,4,36,58,99,33,15,89,84,37,74" hai2="101,107,121,35,95,56,128,59,135,57,126,52,116" hai3="132,55,85,1,131,24,14,90,54,66,125,50,11"/><U70/><E74/><V71/><F121/><W19/><G131/><T49/><D72/><U75/><E70/><V102/><F116/><W103/><G132/><T20/><D109/><U111/><E33/><V67/><F126/><W42/><G125/><T118/><D118/><U92/><E75/><V32/><F135/><W10/><G66/><T123/><D133/><U39/><E111/><V110/><F110/><W73/><G73/><T62/><D123/><U78/><E58/><V5/><F5/><W82/><G103/><T38/><D114/><U34/><E78/><V96/><F128/><W130/><G130/><T98/><D38/><U105/><E34/><V53/><F102/><W120/><G120/><T122/><D122/><U61/><E61/><N who="0" m="23657" /><D2/><U119/><E119/><V8/><F71/><W18/><G1/><T112/><D7/><U6/><E105/><V41/><F67/><W106/><G106/><T80/><D112/><U100/><E15/><V48/><F8/><W45/><G10/><T13/><D40/><U77/><E77/><V115/><F115/><W46/><G46/><T124/><D124/><U22/><E22/><AGARI ba="2,0" hai="11,14,18,19,22,24,42,45,50,54,55,82,85,90" machi="22" ten="40,2600,0" yaku="8,1,52,1" doraHai="21" who="3" fromWho="1" sc="72,0,616,-32,120,0,192,32" /><INIT seed="6,0,0,4,0,129" ten="72,584,120,224" oya="2" hai0="7,16,128,91,59,28,32,112,60,97,20,38,33" hai1="67,2,102,6,81,56,31,101,57,21,93,26,22" hai2="94,63,133,53,111,86,19,36,13,42,15,88,5" hai3="48,134,79,49,114,37,130,74,14,45,12,72,50"/><V123/><F123/><W35/><G35/><T109/><D109/><U10/><E81/><V71/><F111/><W73/><G130/><T121/><D128/><U135/><E135/><V8/><F133/><W96/><G96/><T89/><D121/><U80/><E80/><V131/><F131/><W40/><G79/><T118/><D118/><U34/><E101/><V4/><F36/><W132/><REACH who="3" step="1"/><G114/><REACH who="3" step="2"/><T30/><D112/><U117/><E34/><V46/><F71/><W83/><G83/><T98/><D33/><U92/><E117/><V125/><F125/><W55/><G55/><T25/><D32/><U9/><E67/><V105/><F105/><W70/><G70/><T100/><D98/><U64/><E64/><V99/><F99/><W85/><G85/><T122/><D122/><U106/><E106/><V116/><F116/><W11/><G11/><T78/><D78/><U107/><E107/><V87/><F87/><W110/><G110/><T39/><D97/><U65/><E10/><V29/><F42/><W75/><N who="3" m="18944" /><DORA hai="1" /><W51/><N who="3" m="12800" /><DORA hai="61" /><W18/><G18/><T103/><D16/><U47/><E65/><V41/><F41/><W3/><G3/><T27/><D39/><U124/><E9/><N who="2" m="6639" /><F46/><W127/><G127/><T66/><D38/><U44/><E47/><V17/><F29/><W54/><G54/><T115/><D115/><U113/><E113/><V43/><F43/><W104/><G104/><T58/><D66/><U120/><E44/><V90/><F90/><W23/><G23/><T108/><D108/><U52/><E120/><V95/><F95/><RYUUKYOKU ba="0,1" sc="72,-15,584,-15,120,15,214,15" hai2="4,5,8,13,17,53,63,86,88,94" hai3="12,14,37,40,45,132,134" /><INIT seed="6,1,1,2,1,14" ten="57,569,135,229" oya="2" hai0="73,87,107,110,21,28,128,88,135,37,2,71,62" hai1="40,27,96,76,129,55,36,43,117,126,41,112,13" hai2="81,84,127,12,109,134,133,20,63,9,115,33,26" hai3="30,120,65,42,69,16,93,105,77,85,132,50,29"/><V82/><F33/><W32/><G105/><T75/><D110/><U104/><E117/><V39/><F39/><W8/><G120/><T114/><D107/><U79/><E112/><V78/><F115/><W116/><G116/><T111/><D111/><U60/><E36/><V94/><F109/><W103/><G132/><N who="2" m="50793" /><F127/><W22/><G32/><T122/><D135/><U125/><E129/><V7/><F63/><W59/><G69/><T68/><D128/><U86/><E60/><V3/><F3/><W130/><G130/><T113/><D122/><U23/><E13/><V95/><F82/><W83/><G8/><T58/><D37/><U70/><E70/><V106/><F106/><W89/><G103/><T124/><D124/><N who="1" m="47723" /><E55/><V100/><F100/><W108/><G108/><T5/><D113/><U61/><E61/><V44/><F44/><W53/><G65/><T35/><D114/><U18/><E86/><V123/><F123/><W57/><G42/><T54/><D87/><U101/><AGARI ba="1,1" hai="18,23,27,40,41,43,76,79,96,101,104" m="47723" machi="101" ten="40,2700,0" yaku="18,1,52,1" doraHai="14" who="1" fromWho="1" sc="57,-8,569,40,135,-14,229,-8" /><INIT seed="7,0,0,2,1,26" ten="49,609,121,221" oya="3" hai0="6,8,83,116,93,36,115,65,20,130,70,131,1" hai1="117,23,57,4,120,38,5,99,16,132,107,11,133" hai2="104,68,49,37,92,95,102,129,109,56,32,112,53" hai3="18,35,75,61,25,47,15,103,43,29,134,114,94"/><W59/><G134/><T111/><D111/><U10/><E120/><V33/><F68/><W128/><G114/><T60/><D116/><U51/><E38/><V30/><F112/><W24/><G24/><T122/><D122/><U85/><E117/><V9/><F109/><W44/><G75/><T84/><D115/><U58/><E51/><V62/><F37/><W126/><G126/><T45/><D93/><U82/><E99/><V124/><F129/><W28/><G128/><T39/><D131/><U80/><E107/><V50/><F124/><W52/><G35/><T125/><D130/><U86/><E23/><V13/><F33/><W78/><G78/><T40/><D125/><U98/><E98/><V96/><F30/><N who="3" m="11883" /><G25/><T42/><D20/><U17/><AGARI ba="0,0" hai="4,5,10,11,16,17,57,58,80,82,85,86,132,133" machi="17" ten="25,6400,0" yaku="0,1,22,2,54,1" doraHai="26" who="1" fromWho="1" sc="49,-16,609,64,121,-16,221,-32" owari="33,-47.0,673,77.0,105,-29.0,189,-1.0" /></mjloggm>