<mjloggm ver="2.3"><GO type="169" lobby="0"/><UN n0="%E3%81%AA%E3%81%BE%E3%81%AF%E3%81%92%E3%83%AA%E3%83%BC%E3%83%81%E2%98%86" n1="%6B%65%72%6F%62%6F%75" n2="%E3%81%B3%E3%82%8A%E3%81%B3%E3%82%8A%E2%98%86%E3%83%93%E3%83%AA%E3%83%BC" n3="%EF%BC%88%E2%89%A7%E2%96%BD%E2%89%A6%EF%BC%89" dan="17,16,18,17" rate="2093.70,2128.82,2234.61,2117.04" sx="M,M,M,M"/><TAIKYOKU oya="0"/><INIT seed="0,0,0,0,1,37" ten="250,250,250,250" oya="0" hai0="111,119,6,78,99,63,104,30,47,42,80,83,17" hai1="10,107,66,2,102,33,134,74,29,24,135,68,115" hai2="125,87,62,49,117,51,93,90,5,8,22,21,56" hai3="44,100,79,34,11,132,118,40,57,94,72,101,91"/><T86/><D119/><U77/><E115/><V1/><F117/><W15/><G34/><T126/><D126/><U70/><E70/><V89/><F125/><W4/><G132/><T45/><D111/><U75/><E77/><V20/><REACH who="2" step="1"/><F90/><REACH who="2" ten="250,250,240,250" step="2"/><W27/><G118/><T48/><D78/><U60/><E135/><V81/><F81/><W35/><G79/><T110/><D83/><U28/><E134/><V123/><F123/><W84/><G72/><T85/><D80/><U50/><E74/><V38/><F38/><W64/><G35/><T121/><D121/><U128/><E75/><V73/><F73/><W39/><REACH who="3" step="1"/><G27/><REACH who="3" ten="250,250,240,240" step="2"/><T46/><D110/><U7/><E24/><V98/><F98/><W65/><G65/><AGARI ba="0,2" hai="1,5,8,20,21,22,49,51,56,62,65,87,89,93" machi="65" ten="40,1300,0" yaku="1,1,53,0" doraHai="37" doraHaiUra="41" who="2" fromWho="3" sc="250,0,250,0,240,33,240,-13" /><INIT seed="1,0,0,4,4,51" ten="250,250,273,227" oya="1" hai0="22,10,93,44,43,75,31,87,77,104,97,126,38" hai1="27,58,109,3,50,131,73,52,101,6,68,116,99" hai2="123,24,135,45,115,130,92,79,76,95,62,59,48" hai3="70,110,23,108,98,134,25,86,55,82,129,61,105"/><U72/><E116/><V15/><F123/><W85/><G129/><T64/><D126/><U19/><E131/><V32/><F130/><W9/><G9/><T39/><D64/><U106/><E68/><V67/><F135/><W125/><G125/><T63/><D63/><U1/><E109/><N who="3" m="42090" /><G134/><T132/><D132/><U107/><E107/><V90/><F115/><W128/><G128/><T29/><D39/><U120/><E120/><V111/><F111/><W13/><G13/><T65/><D65/><U0/><REACH who="1" step="1"/><E6/><REACH who="1" ten="250,240,273,227" step="2"/><V49/><F32/><W88/><G70/><T118/><D118/><U54/><E54/><V89/><F67/><W46/><G105/><T11/><D104/><U16/><E16/><V94/><F94/><N who="3" m="56647" /><G82/><T2/><D93/><U26/><E26/><V119/><F24/><W66/><G66/><T122/><D122/><U81/><E81/><V113/><F95/><W100/><G25/><T30/><D30/><U8/><E8/><V133/><F92/><W127/><G127/><T35/><D11/><U47/><E47/><V20/><F45/><W56/><G100/><T33/><D31/><U71/><E71/><V5/><F133/><W34/><G46/><T124/><D44/><U91/><E91/><N who="2" m="34827" /><F119/><W117/><G117/><T36/><D124/><U121/><E121/><V96/><F5/><W114/><G114/><T17/><D29/><U18/><E18/><N who="2" m="10335" /><F113/><W21/><G34/><T28/><D35/><U4/><E4/><V40/><F96/><W42/><G42/><T60/><D33/><U69/><E69/><V103/><F40/><W78/><G78/><RYUUKYOKU ba="0,1" sc="250,-15,240,15,273,-15,227,15" hai1="0,1,3,19,27,50,52,58,72,73,99,101,106" hai3="21,23,55,56,61,85,86" /><INIT seed="1,1,1,2,0,100" ten="235,255,258,242" oya="1" hai0="27,46,129,53,52,71,108,91,70,61,33,37,0" hai1="92,84,59,19,74,82,83,55,34,51,50,28,127" hai2="87,69,96,119,2,57,81,18,95,17,107,25,131" hai3="47,88,41,128,56,20,68,32,1,115,45,126,64"/><U12/><E127/><V9/><F119/><W54/><G32/><T62/><D0/><U118/><E118/><V90/><F69/><N who="0" m="26122" /><D91/><N who="1" m="53351" /><E74/><V79/><F131/><W40/><G1/><T22/><D33/><U104/><E104/><V120/><F120/><W76/><G76/><T31/><D22/><N who="1" m="11623" /><E51/><V134/><F134/><W3/><G3/><T105/><D27/><AGARI ba="1,1" hai="27,28,34,50,55,59,82,83" m="11623,53351" machi="27" ten="30,1500,0" yaku="25,1" doraHai="100" who="1" fromWho="0" sc="235,-18,255,28,258,0,242,0" /><INIT seed="1,2,0,5,2,0" ten="217,283,258,242" oya="1" hai0="102,129,105,125,57,41,11,44,68,123,7,61,134" hai1="87,67,135,2,17,130,109,25,101,94,104,33,82" hai2="65,121,54,77,117,52,103,64,58,10,34,75,115" hai3="51,26,30,128,16,79,69,126,113,112,45,5,13"/><U29/><E104/><V42/><F117/><W93/><G69/><T12/><D68/><U59/><E2/><V70/><F121/><W46/><G126/><T66/><D125/><U92/><E135/><V120/><F120/><W83/><G128/><T36/><D129/><U23/><E130/><V21/><F34/><W19/><G45/><T22/><D123/><U132/><E132/><V74/><F70/><W80/><G93/><T90/><D134/><U122/><E122/><V28/><F103/><W32/><G19/><T81/><D22/><U96/><E109/><V99/><F99/><W97/><G97/><T31/><D31/><U24/><E59/><V78/><F42/><W71/><G71/><T38/><D102/><U118/><E67/><V89/><F89/><W85/><G80/><T88/><D105/><U73/><E73/><V39/><F39/><W1/><G1/><T20/><D38/><U100/><E118/><V4/><F75/><W111/><G111/><T108/><D108/><U124/><E124/><V27/><F74/><W91/><G79/><N who="2" m="30217" /><F115/><W72/><G72/><T15/><REACH who="0" step="1"/><D81/><REACH who="0" ten="207,283,258,242" step="2"/><U49/><E82/><V60/><F65/><W131/><G131/><T95/><D95/><U84/><E101/><V56/><F64/><W107/><G107/><T114/><D114/><U6/><E92/><V86/><F21/><N who="3" m="11407" /><G113/><T9/><D9/><U127/><E127/><V110/><F10/><W55/><G112/><T119/><D119/><U14/><REACH who="1" step="1"/><E49/><REACH who="1" ten="207,273,258,242" step="2"/><N who="2" m="30735" /><F110/><W116/><G116/><T40/><D40/><U76/><E76/><V37/><F37/><W47/><G51/><RYUUKYOKU ba="2,2" sc="207,15,273,15,258,-15,242,-15" hai0="7,11,12,15,20,36,41,44,57,61,66,88,90" hai1="6,14,17,23,24,25,29,33,84,87,94,96,100" /><INIT seed="1,3,2,2,1,124" ten="222,288,243,227" oya="1" hai0="15,23,96,133,70,112,93,41,127,53,85,43,60" hai1="49,57,56,72,31,27,74,24,125,28,132,10,65" hai2="16,121,25,18,122,5,114,77,0,14,106,61,35" hai3="84,63,29,76,100,110,88,102,34,30,13,32,52"/><U99/><E125/><V11/><F106/><W62/><G110/><T119/><D112/><U92/><E132/><V17/><F77/><W123/><G123/><N who="2" m="47113" /><F61/><N who="3" m="23051" /><G34/><T38/><D119/><U47/><E10/><N who="2" m="2343" /><F114/><W71/><G71/><T109/><D38/><U113/><E113/><V6/><F35/><W44/><G32/><T134/><D127/><U83/><E72/><V94/><F94/><N who="3" m="54535" /><G13/><T80/><D109/><U104/><E104/><V22/><AGARI ba="3,2" hai="6,11,14,16,17,18,22,25" m="2343,47113" machi="22" ten="30,4000,0" yaku="34,2,54,1" doraHai="124" who="2" fromWho="2" sc="222,-13,288,-23,243,69,227,-13" /><INIT seed="2,0,0,1,4,83" ten="209,265,312,214" oya="2" hai0="77,84,123,61,39,10,21,105,89,70,108,113,94" hai1="106,99,6,19,101,69,132,119,45,127,124,7,47" hai2="118,131,55,30,121,90,8,22,68,130,41,72,49" hai3="32,17,110,13,134,88,51,15,58,24,91,1,114"/><V12/><F118/><W26/><G1/><T9/><D123/><U37/><E119/><V42/><F121/><W36/><G36/><T93/><D113/><U66/><E132/><V79/><F68/><W120/><G120/><T104/><D39/><U35/><E35/><V116/><F116/><W25/><G32/><T40/><D40/><N who="1" m="22671" /><E47/><V57/><F79/><W76/><G134/><T129/><D108/><U18/><E69/><V112/><F72/><W0/><G0/><T16/><D129/><N who="2" m="49162" /><F112/><W63/><G114/><T5/><D77/><U81/><E66/><V31/><F90/><N who="3" m="34347" /><G110/><T102/><D70/><U34/><E81/><V28/><F22/><N who="3" m="13391" /><G76/><T48/><D89/><U82/><E82/><V29/><N who="2" m="7168" /><DORA hai="128" /><V109/><F109/><W86/><G51/><T64/><D48/><U14/><E34/><V11/><F11/><W59/><G59/><T125/><D9/><N who="1" m="6479" /><E19/><AGARI ba="0,0" hai="8,12,19,41,42,49,55,57" m="7168,49162" machi="19" ten="40,2000,0" yaku="19,1" doraHai="83,128" who="2" fromWho="1" sc="209,0,265,-20,312,20,214,0" /><INIT seed="2,1,0,0,1,73" ten="209,245,332,214" oya="2" hai0="48,2,117,49,110,58,28,76,87,94,124,16,88" hai1="100,123,36,95,84,18,37,24,69,6,126,34,83" hai2="7,33,67,42,127,31,62,133,78,79,60,38,108" hai3="41,55,71,128,81,25,90,39,130,120,112,93,77"/><V80/><F133/><W109/><G71/><T20/><D2/><U89/><E69/><V5/><F127/><W85/><G120/><T46/><D124/><U12/><E123/><V8/><F7/><W3/><G3/><T64/><D110/><U86/><E126/><V107/><F107/><W13/><G112/><T47/><D28/><U96/><E6/><V21/><F33/><W59/><G109/><T135/><D117/><U1/><E1/><V56/><F108/><W14/><G25/><N who="0" m="14471" /><D135/><U134/><E134/><V102/><F102/><W19/><G41/><N who="0" m="24655" /><D64/><U15/><E15/><N who="2" m="5519" /><F38/><W23/><G14/><T118/><D118/><U101/><E34/><V54/><F42/><W103/><G103/><T68/><D68/><U66/><E66/><V98/><F67/><W119/><G39/><T27/><D27/><U10/><E24/><N who="2" m="16783" /><F62/><W51/><REACH who="3" step="1"/><G119/><REACH who="3" ten="209,245,332,204" step="2"/><T82/><D58/><U50/><E101/><V32/><F56/><W29/><G29/><T115/><D115/><U97/><E100/><V40/><F40/><W63/><G63/><T99/><D47/><U11/><E36/><V114/><F60/><W26/><G26/><T43/><D43/><U72/><E37/><V22/><F114/><W75/><AGARI ba="1,1" hai="13,19,23,51,55,59,75,77,81,85,90,93,128,130" machi="75" ten="30,12000,2" yaku="1,1,0,1,25,2,52,1,53,1" doraHai="73" doraHaiUra="45" who="3" fromWho="3" sc="209,-31,245,-31,332,-61,204,133" /><INIT seed="3,0,0,1,4,48" ten="178,214,271,337" oya="3" hai0="104,35,43,80,135,98,77,16,34,67,120,110,39" hai1="46,7,78,82,12,50,21,17,126,107,40,25,93" hai2="108,23,42,33,90,72,13,52,44,47,125,45,121" hai3="11,134,113,95,9,128,122,18,97,103,30,105,53"/><W31/><G122/><T112/><D120/><U6/><E107/><V87/><F121/><W91/><G113/><T75/><D112/><U94/><E126/><V8/><F33/><W109/><G134/><T106/><D135/><U127/><E127/><V58/><F72/><W85/><G128/><T88/><D67/><U15/><E15/><V51/><F125/><W123/><G123/><T14/><D110/><U1/><E1/><V102/><F108/><W81/><G109/><T66/><D66/><U26/><E26/><V71/><F71/><W100/><G100/><T96/><D39/><U41/><E41/><V65/><F65/><W133/><G133/><T4/><D4/><U99/><E93/><N who="2" m="54495" /><F102/><W118/><G118/><T19/><D43/><U55/><E40/><V64/><F64/><W129/><G129/><T86/><D106/><U130/><E130/><V27/><F27/><W24/><G105/><T69/><D69/><U54/><E54/><V115/><F115/><W38/><G53/><T29/><D104/><U20/><E78/><V117/><F117/><W61/><G38/><T73/><D73/><U70/><E82/><V56/><F56/><W10/><G61/><T37/><D37/><U92/><E70/><V5/><F23/><AGARI ba="0,0" hai="9,10,11,18,23,24,30,31,81,85,91,95,97,103" machi="23" ten="40,2000,0" yaku="8,1" doraHai="48" who="3" fromWho="2" sc="178,0,214,0,271,-20,337,20" /><INIT seed="3,1,0,4,0,41" ten="178,214,251,357" oya="3" hai0="77,65,117,12,57,62,116,119,128,2,55,42,70" hai1="132,71,61,34,19,78,123,36,56,115,74,118,48" hai2="112,102,40,58,82,23,101,122,100,60,135,129,87" hai3="134,21,81,131,120,7,15,114,63,0,11,126,85"/><W111/><G120/><T10/><D128/><U27/><E123/><V127/><F122/><W73/><G114/><T13/><D77/><U96/><E36/><V69/><F69/><W1/><G131/><T14/><D42/><U6/><E115/><V124/><F129/><W25/><G126/><N who="2" m="48169" /><F112/><W43/><G73/><T54/><REACH who="0" step="1"/><D70/><REACH who="0" ten="168,214,251,357" step="2"/><U97/><E71/><V22/><F40/><W105/><G43/><T80/><D80/><U33/><E118/><V99/><F135/><W94/><G81/><T16/><D16/><U31/><E132/><V76/><F99/><W9/><G134/><T103/><D103/><U51/><E19/><V17/><F17/><W92/><G7/><AGARI ba="1,1" hai="2,7,10,12,13,14,54,55,57,62,65,116,117,119" machi="7" ten="50,1600,0" yaku="1,1,53,0" doraHai="41" doraHaiUra="37" who="0" fromWho="3" sc="168,29,214,0,251,0,357,-19" /><INIT seed="4,0,0,4,5,99" ten="197,214,251,338" oya="0" hai0="33,38,68,111,11,72,102,4,88,107,131,128,130" hai1="48,93,22,15,55,5,116,74,75,8,50,109,105" hai2="57,92,85,84,53,43,31,81,3,82,94,89,98" hai3="77,64,119,135,125,41,16,97,67,123,100,112,120"/><T91/><D111/><U12/><E116/><V19/><F3/><W13/><G119/><T103/><D107/><U18/><E105/><V78/><F31/><W42/><G77/><T25/><D72/><U52/><E109/><V1/><F1/><W26/><G26/><T24/><D38/><U80/><E80/><V76/><F43/><N who="3" m="16395" /><G135/><T118/><D118/><U87/><E50/><V6/><F6/><W32/><G32/><T36/><D36/><U28/><E28/><V132/><F132/><W95/><G125/><T27/><D68/><U70/><E70/><V122/><F122/><N who="3" m="46635" /><G112/><T7/><D33/><U65/><E65/><V58/><F53/><W134/><G134/><T59/><D59/><N who="1" m="33159" /><E55/><V61/><F61/><W129/><G129/><T90/><D7/><U101/><E101/><V10/><F94/><W104/><G104/><T44/><D44/><U86/><E86/><V96/><F96/><W23/><AGARI ba="0,0" hai="13,16,23,64,67,95,97,100" m="46635,16395" machi="23" ten="30,4000,0" yaku="13,1,52,1,54,1" doraHai="99" who="3" fromWho="3" sc="197,-20,214,-10,251,-10,338,40" /><INIT seed="5,0,0,4,1,88" ten="177,204,241,378" oya="1" hai0="65,39,25,106,112,18,124,11,71,119,3,9,104" hai1="130,31,2,59,53,35,61,24,33,125,127,41,110" hai2="109,78,30,77,113,111,48,51,23,58,84,22,134" hai3="128,114,81,135,43,100,117,132,32,8,46,83,120"/><U44/><E110/><V123/><F123/><W40/><G32/><T108/><D108/><U6/><E130/><V42/><F134/><W69/><G69/><T74/><D119/><U14/><E2/><V16/><F113/><W27/><G27/><T70/><D74/><U101/><E35/><V102/><F30/><W73/><G43/><T79/><D79/><U45/><E101/><V76/><F102/><W116/><G120/><T95/><D39/><U36/><REACH who="1" step="1"/><E45/><REACH who="1" ten="177,194,241,378" step="2"/><V29/><F111/><W60/><G46/><T122/><D3/><U49/><E49/><V92/><F51/><W28/><G128/><T63/><D122/><U1/><E1/><V37/><F37/><W10/><G100/><T96/><D112/><U72/><E72/><V93/><F109/><W107/><G73/><T87/><D124/><U98/><E98/><V12/><F84/><W26/><G117/><T56/><D87/><U54/><E54/><N who="2" m="32071" /><F42/><W55/><G116/><T121/><D121/><U66/><E66/><V52/><F52/><W91/><G55/><T126/><D126/><U67/><E67/><V115/><F115/><W131/><G114/><T103/><D106/><U64/><E64/><V82/><F82/><W15/><G81/><T4/><D104/><U19/><E19/><N who="2" m="10599" /><F29/><W68/><G28/><T20/><REACH who="0" step="1"/><D4/><REACH who="0" ten="167,194,241,378" step="2"/><U21/><E21/><V7/><F7/><W62/><G107/><T85/><D85/><U86/><E86/><V50/><F50/><W90/><G83/><T80/><D80/><U129/><E129/><V105/><F105/><W5/><G131/><T0/><D0/><RYUUKYOKU ba="0,2" sc="167,10,194,10,241,10,378,-30" hai0="9,11,18,20,25,56,63,65,70,71,95,96,103" hai1="6,14,24,31,33,36,41,44,53,59,61,125,127" hai2="16,23,76,77,78,92,93" /><INIT seed="5,1,2,2,3,37" ten="177,204,251,348" oya="1" hai0="62,0,110,89,69,76,41,92,98,111,12,9,23" hai1="20,43,67,80,124,109,86,29,75,93,95,115,71" hai2="39,28,59,54,121,14,63,96,35,30,46,119,103" hai3="57,118,125,128,49,13,22,127,38,104,3,100,48"/><U107/><E75/><V87/><F119/><W135/><G3/><T82/><D0/><U85/><E107/><V26/><F121/><W31/><G38/><T90/><D23/><U34/><E34/><V73/><F73/><W105/><G118/><T58/><D69/><U91/><E109/><V88/><F30/><W27/><G128/><T42/><D90/><U120/><E120/><V116/><F116/><W66/><G135/><T112/><D112/><U25/><E115/><V74/><F74/><W51/><G13/><T70/><D70/><U94/><E124/><N who="3" m="47690" /><G100/><T114/><D114/><U21/><E21/><V133/><F133/><W130/><G130/><T117/><D117/><U123/><E123/><V134/><F134/><W52/><G66/><N who="0" m="39255" /><D111/><U113/><E113/><V4/><F4/><W45/><G51/><T99/><D99/><U65/><E71/><V17/><F39/><W47/><G57/><T53/><D53/><AGARI ba="1,2" hai="22,27,31,45,47,48,49,52,53,104,105" m="47690" machi="53" ten="30,2000,0" yaku="18,1,54,1" doraHai="37" who="3" fromWho="0" sc="177,-23,204,0,251,0,348,43" /><INIT seed="6,0,0,5,5,84" ten="154,204,251,391" oya="2" hai0="134,76,108,116,58,86,87,80,31,89,88,74,94" hai1="66,85,19,79,78,103,75,54,113,98,68,5,63" hai2="49,102,33,125,44,64,111,71,2,60,18,127,4" hai3="131,14,105,91,70,20,59,32,1,121,27,35,30"/><V48/><F111/><W122/><G70/><T39/><D108/><U15/><E113/><V11/><F33/><W109/><G105/><T115/><D39/><U46/><E75/><V47/><F102/><W36/><G36/><T50/><D115/><U21/><E5/><V62/><F62/><W34/><G1/><T97/><D134/><U23/><E85/><V82/><F18/><W6/><G109/><T92/><D116/><U29/><E29/><V53/><REACH who="2" step="1"/><F82/><REACH who="2" ten="154,204,241,391" step="2"/><W117/><G34/><T42/><D31/><U45/><E63/><V61/><F61/><W112/><G32/><T99/><REACH who="0" step="1"/><D58/><REACH who="0" ten="144,204,241,391" step="2"/><U100/><E68/><V57/><F57/><W8/><G59/><T55/><D55/><AGARI ba="0,2" hai="2,4,11,44,47,48,49,53,55,60,64,71,125,127" machi="55" ten="40,3900,0" yaku="1,1,9,1,53,0" doraHai="84" doraHaiUra="25" who="2" fromWho="0" sc="144,-39,204,0,241,59,391,0" /><INIT seed="6,1,0,1,5,68" ten="105,204,300,391" oya="2" hai0="124,32,129,65,64,133,27,84,45,18,16,80,4" hai1="12,28,98,0,55,50,102,109,92,2,106,72,53" hai2="54,11,97,123,71,46,13,47,74,126,34,86,37" hai3="7,134,17,100,25,43,24,85,116,121,67,112,81"/><V1/><F123/><W117/><G121/><T120/><D120/><U78/><E109/><V57/><F74/><W48/><G7/><T51/><D133/><U91/><E28/><V105/><F71/><W111/><G111/><T114/><D114/><U79/><E12/><V125/><F34/><W82/><G112/><T110/><D110/><U87/><E78/><V15/><F1/><N who="1" m="617" /><E50/><V23/><F23/><W3/><G3/><T128/><D124/><N who="2" m="47722" /><F15/><W94/><G134/><T38/><D32/><U66/><E66/><N who="0" m="25705" /><D4/><U30/><E30/><V5/><F37/><W83/><G48/><T113/><D27/><U131/><E131/><N who="0" m="50249" /><D51/><U69/><E69/><V49/><F86/><W20/><G85/><T6/><D6/><U59/><E59/><V8/><F8/><W89/><G24/><T58/><D58/><U56/><E56/><V118/><F118/><W104/><G117/><T122/><D122/><U93/><E93/><V96/><F105/><W73/><G104/><T19/><D113/><U22/><E22/><V10/><F10/><W95/><G73/><T70/><D70/><U61/><E61/><N who="2" m="36023" /><F47/><W44/><G116/><T77/><D45/><U35/><E35/><V14/><F14/><W29/><G67/><T26/><D26/><U135/><E135/><V88/><F46/><W101/><G95/><T127/><D127/><U119/><E119/><V60/><F49/><N who="3" m="26783" /><G29/><T108/><D108/><U107/><E107/><V42/><F42/><W40/><G40/><T36/><AGARI ba="1,0" hai="16,18,19,36,38,77,80,84" m="50249,25705" machi="36" ten="40,8000,1" yaku="19,1,52,2,54,1" doraHai="68" who="0" fromWho="0" sc="105,83,204,-21,300,-41,391,-21" /><INIT seed="7,0,0,2,1,41" ten="188,183,259,370" oya="3" hai0="69,66,133,10,100,56,93,82,124,81,67,101,134" hai1="37,52,16,23,118,35,62,49,113,40,20,90,32" hai2="108,116,112,106,57,72,98,44,58,92,103,2,22" hai3="54,6,8,26,47,85,79,121,97,83,71,18,114"/><W27/><G71/><T117/><D117/><U70/><E37/><V65/><F108/><W107/><G121/><T39/><D39/><U80/><E118/><V1/><F72/><W78/><G78/><T60/><D124/><U51/><E70/><V77/><F112/><W94/><G107/><T12/><D69/><U68/><E113/><V53/><F77/><W102/><G114/><T36/><D36/><U11/><E35/><V95/><F95/><W14/><G6/><N who="0" m="3159" /><D66/><U123/><E68/><V50/><F65/><W135/><G135/><N who="0" m="51723" /><D93/><U87/><E32/><V19/><F92/><W38/><G38/><T59/><D56/><N who="1" m="35079" /><E123/><V21/><F106/><W122/><G122/><T7/><D7/><U17/><E11/><V115/><F115/><W75/><G75/><T91/><D91/><U15/><E40/><V13/><F1/><W126/><G126/><T120/><D120/><U29/><E29/><V132/><F2/><W55/><G94/><T84/><D84/><U42/><E42/><V104/><F104/><W63/><G85/><T31/><D31/><U28/><E28/><V5/><F5/><W111/><G111/><T48/><D48/><U33/><E33/><V131/><F50/><W99/><G99/><T64/><D64/><U76/><E90/><V25/><F116/><W128/><G97/><T88/><D88/><U34/><E34/><V43/><F98/><W9/><G79/><T74/><D74/><U127/><E127/><V3/><F132/><W125/><G125/><T86/><D86/><U61/><E61/><V73/><F73/><W4/><G63/><RYUUKYOKU ba="0,0" sc="188,15,183,15,259,-15,370,-15" hai0="59,60,67,81,82,100,101" hai1="15,16,17,20,23,49,51,76,80,87" owari="203,-20.0,198,-30.0,244,4.0,355,46.0" /></mjloggm>