<mjloggm ver="2.3"><GO type="41"/><UN n0="%E7%89%B9%E6%94%BB%E9%87%8E%E9%83%8E%4A%42%43" n1="%E3%82%A6%E3%83%AB%E3%83%88%E3%83%A9%E7%AB%8B%E7%9B%B4" n2="%E3%82%AC%E3%83%93%E3%83%B3" n3="%62%72%69%65%66%6D%61%6E" dan="13,15,15,14" rate="1855,2003,1947,1943" sx="M,M,M,M"/><TAIKYOKU oya="0"/><INIT seed="0,0,0,2,4,95" ten="250,250,250,250" oya="0" hai0="110,7,55,91,94,85,33,13,86,45,116,34,37" hai1="30,135,39,16,50,60,127,52,21,67,43,121,0" hai2="113,118,46,58,19,114,104,9,80,102,47,74,131" hai3="18,4,92,6,8,100,44,98,124,26,73,14,36"/><T83/><D116/><U81/><E0/><V62/><F118/><W35/><G73/><T59/><D110/><U24/><E121/><V70/><F70/><W57/><G124/><T11/><D37/><U10/><E127/><V27/><F131/><W82/><G82/><T63/><D45/><U5/><E135/><V48/><F47/><W108/><G108/><T53/><REACH who="0" step="1"/><D53/><REACH who="0" ten="240,250,250,250" step="2"/><U2/><E39/><V3/><F46/><W101/><G44/><T88/><AGARI ba="0,1" hai="7,11,13,33,34,55,59,63,83,85,86,88,91,94" machi="88" ten="20,12000,1" yaku="1,1,2,1,0,1,7,1,54,1,53,0" doraHai="95" doraHaiUra="64" who="0" fromWho="0" sc="240,130,250,-40,250,-40,250,-40" /><INIT seed="0,1,0,2,5,15" ten="370,210,210,210" oya="0" hai0="118,109,86,129,4,67,102,112,62,37,25,0,27" hai1="19,35,101,17,110,56,71,2,29,120,97,47,115" hai2="44,18,114,65,79,124,5,126,132,59,63,130,13" hai3="73,116,20,7,51,113,81,30,82,68,90,57,49"/><T107/><D118/><U125/><E2/><V76/><F114/><W64/><G68/><T127/><D37/><U66/><E56/><V34/><F34/><W9/><G113/><T133/><D112/><U119/><E115/><V87/><F5/><W85/><G116/><T21/><D127/><U1/><E1/><V128/><F87/><W58/><G73/><T32/><D32/><U92/><E120/><V12/><F12/><W103/><G103/><T135/><D27/><N who="1" m="18879" /><E119/><V95/><F95/><W104/><G104/><T83/><D4/><U52/><E92/><V10/><F44/><W72/><G72/><T55/><D0/><U75/><E75/><V123/><F123/><W61/><G82/><T24/><D83/><U31/><E31/><V80/><F80/><W89/><G58/><T43/><D67/><U70/><E70/><V60/><F63/><W134/><G90/><T78/><D62/><N who="1" m="40407" /><E125/><N who="2" m="48235" /><F132/><W69/><G134/><T94/><D135/><U14/><E14/><V26/><F26/><N who="3" m="16711" /><G69/><T96/><D24/><U42/><E52/><V54/><F54/><W106/><G106/><T111/><D25/><U33/><E33/><V11/><F11/><W88/><G89/><T74/><D55/><U40/><E40/><V48/><F48/><W16/><G7/><T39/><D43/><U45/><E45/><V6/><F6/><W46/><G46/><T108/><D111/><U3/><E110/><V22/><F10/><W100/><G100/><T77/><D102/><U50/><E3/><V38/><F38/><W105/><G105/><T91/><D39/><U28/><E28/><RYUUKYOKU ba="1,0" sc="370,-30,210,10,210,10,210,10" hai1="17,19,42,47,50,97,101" hai2="13,18,22,59,60,65,76,79,128,130" hai3="9,16,49,51,57,61,64,81,85,88" /><INIT seed="1,2,0,4,3,65" ten="340,220,220,220" oya="1" hai0="31,26,125,56,30,57,121,116,27,109,1,58,16" hai1="11,130,62,33,25,115,100,114,61,36,118,23,105" hai2="96,69,47,32,51,86,68,19,132,18,124,39,91" hai3="64,78,79,134,112,107,67,2,8,129,123,106,119"/><U3/><E118/><V128/><F32/><W43/><G8/><T87/><D1/><U126/><E36/><V14/><F39/><W17/><G2/><T122/><D116/><U24/><E100/><V29/><F29/><W97/><G17/><T108/><D87/><U75/><E105/><V99/><F19/><W104/><G43/><T77/><D77/><U110/><E75/><V10/><F132/><W48/><G48/><T21/><D125/><U50/><E126/><V88/><F124/><W34/><G34/><T15/><D27/><U22/><E33/><V95/><F128/><W85/><G119/><T70/><D70/><U80/><E130/><V93/><REACH who="2" step="1"/><F86/><REACH who="2" ten="340,220,210,220" step="2"/><W127/><G85/><T46/><D30/><U81/><E11/><V60/><F60/><W103/><G129/><T5/><D5/><U72/><E72/><V6/><F6/><W92/><G127/><T111/><REACH who="0" step="1"/><D46/><REACH who="0" ten="330,220,210,220" step="2"/><U76/><E3/><V28/><F28/><W41/><G134/><T44/><D44/><U55/><E114/><V45/><F45/><W54/><G112/><T42/><D42/><AGARI ba="2,2" hai="10,14,18,42,47,51,68,69,88,91,93,95,96,99" machi="42" ten="30,12000,2" yaku="1,1,7,1,9,1,52,2,54,1,53,0" doraHai="65" doraHaiUra="113" who="2" fromWho="0" sc="330,-126,220,0,210,146,220,0" /><INIT seed="2,0,0,1,3,65" ten="204,220,356,220" oya="2" hai0="84,30,118,83,72,75,41,15,63,33,87,0,22" hai1="101,3,16,128,91,29,78,107,94,135,7,71,77" hai2="97,110,53,127,119,111,58,47,20,113,108,61,39" hai3="44,59,96,34,26,38,55,43,35,60,64,21,121"/><V105/><F113/><W115/><G121/><T92/><D0/><U28/><E7/><V32/><F32/><W129/><G115/><T109/><D109/><U66/><E3/><V76/><F76/><W104/><G129/><T124/><D124/><U19/><E128/><V31/><F31/><W122/><G122/><T11/><D118/><U45/><E45/><V79/><F79/><W69/><G104/><T1/><D1/><U17/><E135/><V120/><F120/><W54/><G96/><T102/><D33/><U4/><E4/><V100/><F20/><W24/><G24/><T25/><D41/><U95/><E107/><V98/><F127/><W37/><G37/><T36/><D36/><U50/><E50/><V49/><F39/><W68/><G55/><T8/><D8/><U86/><E66/><N who="2" m="39223" /><F98/><W116/><G116/><AGARI ba="0,0" hai="47,49,53,97,100,105,108,110,111,116,119" m="39223" machi="116" ten="30,2900,0" yaku="14,1,10,1" doraHai="65" who="2" fromWho="3" sc="204,0,220,0,356,29,220,-29" /><INIT seed="2,1,0,5,2,87" ten="204,220,385,191" oya="2" hai0="44,105,131,35,62,59,69,39,21,11,84,101,78" hai1="43,100,123,118,104,71,52,25,9,24,58,37,47" hai2="56,19,18,40,67,120,42,103,1,60,85,134,125" hai3="34,135,113,127,68,29,31,98,0,15,22,92,14"/><V97/><F1/><W57/><G68/><T10/><D35/><U110/><E118/><V63/><F120/><W95/><G0/><T66/><D131/><U36/><E123/><V6/><F6/><W30/><G113/><T90/><D78/><U108/><E100/><V20/><F134/><W132/><G34/><T76/><D76/><U116/><E104/><V41/><F125/><W94/><G127/><T7/><D21/><U119/><E9/><V122/><F122/><W91/><G57/><T4/><D101/><U74/><E74/><V38/><F19/><W46/><G46/><T26/><D26/><U96/><E96/><V129/><F129/><W48/><G48/><T53/><D105/><U128/><E128/><V117/><F85/><W51/><G51/><T54/><D4/><U114/><E114/><V12/><F117/><N who="1" m="45129" /><E25/><V73/><F73/><W16/><REACH who="3" step="1"/><G14/><REACH who="3" ten="204,220,385,181" step="2"/><T3/><D69/><U49/><E24/><V72/><F63/><W65/><G65/><T5/><D44/><U45/><E71/><V27/><F38/><W99/><G99/><T77/><D39/><U112/><E112/><V23/><F40/><AGARI ba="1,1" hai="36,37,40,43,45,47,49,52,58,108,110" m="45129" machi="40" ten="30,3900,0" yaku="34,2,54,1" doraHai="87" who="1" fromWho="2" sc="204,0,220,52,385,-42,181,0" /><INIT seed="3,0,0,2,0,127" ten="204,272,343,181" oya="3" hai0="112,103,3,13,94,119,115,74,93,48,37,60,86" hai1="35,126,109,66,71,8,27,49,67,110,117,42,12" hai2="33,41,22,65,11,134,118,133,124,7,39,25,120" hai3="29,83,59,128,77,21,123,2,97,95,47,111,64"/><W40/><G123/><T18/><D3/><U17/><E117/><V129/><F118/><W91/><G2/><T108/><D74/><U53/><E42/><V45/><F120/><W106/><G106/><T32/><D32/><U9/><E126/><V43/><F33/><W52/><G64/><T50/><D37/><U14/><E71/><V26/><F26/><W113/><G113/><N who="0" m="43595" /><D119/><U1/><E1/><V31/><F124/><W62/><G111/><N who="1" m="42506" /><E27/><V54/><F43/><W90/><G29/><T0/><D60/><U51/><E35/><V87/><F54/><W80/><G21/><T82/><D48/><N who="1" m="18507" /><E53/><V24/><F24/><W72/><G83/><T135/><D50/><U104/><E104/><V125/><F65/><N who="1" m="24585" /><E17/><V132/><F125/><W63/><G91/><T10/><D0/><U99/><E99/><V70/><F70/><W122/><G122/><T85/><D82/><U81/><E81/><V96/><F96/><W84/><G72/><T79/><D103/><U44/><E44/><V56/><F87/><W69/><G69/><T5/><D86/><U57/><E57/><V58/><F58/><W61/><G47/><T55/><D85/><U78/><E78/><V20/><F56/><W89/><G40/><T36/><D79/><U130/><E130/><V76/><F76/><W4/><G4/><T23/><D5/><U38/><E38/><V19/><F129/><W88/><G128/><T34/><D36/><U107/><E107/><V102/><F19/><W101/><AGARI ba="0,0" hai="52,59,61,62,63,77,80,84,88,89,90,95,97,101" machi="101" ten="30,11700,0" yaku="0,1,8,1,54,2" doraHai="127" who="3" fromWho="3" sc="204,-39,272,-39,343,-39,181,117" /><INIT seed="3,1,0,4,4,15" ten="165,233,304,298" oya="3" hai0="33,78,81,125,5,82,52,115,109,99,72,96,63" hai1="34,36,101,3,55,56,83,132,94,107,21,108,6" hai2="27,97,75,38,18,19,88,22,12,50,103,120,135" hai3="8,64,46,24,25,70,40,124,86,65,89,32,42"/><W37/><G42/><T113/><D33/><U128/><E34/><V53/><F38/><W0/><G124/><T85/><D5/><U133/><E36/><V100/><F75/><W35/><G70/><T118/><D118/><U129/><E107/><V57/><F120/><W130/><G130/><N who="1" m="50282" /><E6/><V84/><F97/><N who="0" m="37450" /><D52/><U110/><E3/><V9/><F135/><N who="1" m="51785" /><E94/><AGARI ba="1,0" hai="9,12,18,19,22,27,50,53,57,84,88,94,100,103" machi="94" ten="30,8000,1" yaku="7,1,8,1,52,2,54,1" doraHai="15" who="2" fromWho="1" sc="165,0,233,-83,304,83,298,0" /><INIT seed="4,0,0,5,5,132" ten="165,150,387,298" oya="0" hai0="21,92,95,107,124,127,105,48,108,64,16,54,59" hai1="67,20,38,45,134,63,44,18,128,97,130,90,72" hai2="98,49,96,114,120,102,13,117,19,77,129,65,8" hai3="40,88,60,93,55,28,91,50,43,74,131,22,83"/><T103/><D108/><U110/><E72/><V118/><F120/><W82/><G131/><N who="1" m="50218" /><E110/><V76/><F65/><W11/><G60/><T66/><D105/><U87/><E97/><V94/><F129/><W56/><G74/><T80/><D107/><U119/><E38/><V109/><F109/><W116/><G116/><T47/><D80/><N who="1" m="49511" /><E134/><V9/><F9/><W78/><G11/><T6/><D6/><U35/><E35/><V23/><F8/><W46/><G46/><T30/><D30/><U113/><E113/><V111/><F111/><W3/><G3/><T4/><D4/><U12/><E119/><N who="2" m="45579" /><F114/><W34/><G34/><T123/><D123/><U75/><E75/><V104/><F49/><W99/><G50/><T69/><D69/><AGARI ba="0,0" hai="12,18,20,44,45,63,67,69" m="49511,50218" machi="69" ten="30,1000,0" yaku="19,1" doraHai="132" who="1" fromWho="0" sc="165,-10,150,10,387,0,298,0" /><INIT seed="5,0,0,1,0,8" ten="155,160,387,298" oya="1" hai0="112,121,118,77,26,67,29,123,58,82,117,33,134" hai1="85,48,104,106,72,126,32,51,21,49,95,111,4" hai2="119,42,15,43,31,94,129,59,65,41,66,64,98" hai3="108,2,103,0,63,75,88,89,3,115,124,55,99"/><U45/><E32/><V110/><F110/><W83/><G108/><T10/><D112/><U34/><E34/><V70/><F70/><W57/><G115/><T50/><D134/><U96/><E111/><V28/><F119/><W92/><G124/><T78/><D10/><U11/><E72/><V105/><F105/><W35/><G35/><T17/><D17/><U27/><E85/><V44/><F129/><W90/><REACH who="3" step="1"/><G75/><REACH who="3" ten="155,160,387,288" step="2"/><T9/><D117/><U76/><E126/><V127/><F127/><W6/><G6/><T46/><D118/><U69/><E76/><V39/><F39/><W5/><G5/><T133/><D78/><U1/><E69/><V109/><F109/><W128/><G128/><T91/><D133/><U68/><E68/><V47/><F59/><W20/><G20/><T38/><D58/><U37/><E45/><V120/><F47/><W101/><G101/><T130/><D46/><U81/><E37/><V16/><F44/><W93/><G93/><T131/><D38/><U135/><E135/><V14/><F120/><W56/><G56/><T61/><D121/><U60/><E81/><AGARI ba="0,1" hai="0,2,3,55,57,63,81,83,88,89,90,92,99,103" machi="81" ten="50,6400,0" yaku="1,1,54,1,53,1" doraHai="8" doraHaiUra="52" who="3" fromWho="1" sc="155,0,160,-64,387,0,288,74" /><INIT seed="6,0,0,2,3,63" ten="155,96,387,362" oya="2" hai0="9,12,51,82,40,3,19,49,101,133,39,34,13" hai1="54,79,74,113,97,23,100,55,24,104,38,86,8" hai2="14,1,95,94,37,130,105,31,87,4,46,83,125" hai3="77,110,72,132,20,64,84,96,56,61,22,33,127"/><V43/><F105/><W7/><G33/><T21/><D34/><U0/><E38/><V60/><F130/><W108/><G72/><T44/><D3/><U17/><E113/><V75/><F125/><W29/><G127/><T48/><D101/><U62/><E0/><V41/><F43/><W114/><G132/><T11/><D82/><U90/><E8/><V45/><F46/><W57/><G114/><T102/><D102/><U99/><E99/><V36/><F36/><W112/><G112/><T76/><D76/><U120/><E120/><V107/><F107/><W30/><G7/><T128/><D128/><U71/><E79/><V26/><F60/><W25/><G96/><T123/><D123/><U80/><REACH who="1" step="1"/><E74/><REACH who="1" ten="155,86,387,362" step="2"/><V69/><F75/><W118/><G110/><T131/><D131/><U73/><E73/><V88/><F1/><W116/><G108/><T119/><D119/><U126/><E126/><V10/><REACH who="2" step="1"/><F69/><REACH who="2" ten="155,86,377,362" step="2"/><W47/><G118/><T65/><D133/><U91/><E91/><V81/><F81/><W135/><G116/><T92/><D39/><U111/><E111/><V32/><AGARI ba="0,2" hai="4,10,14,26,31,32,37,41,45,83,87,88,94,95" machi="32" ten="20,7800,0" yaku="1,1,0,1,7,1,54,1,53,0" doraHai="63" doraHaiUra="109" who="2" fromWho="2" sc="155,-26,86,-26,377,98,362,-26" /><INIT seed="6,1,0,5,5,15" ten="129,60,475,336" oya="2" hai0="114,8,53,4,30,117,76,13,85,131,18,112,79" hai1="69,113,46,88,36,102,86,133,32,132,27,34,25" hai2="62,104,134,87,101,108,40,90,93,106,99,75,92" hai3="119,38,107,10,67,124,3,78,0,63,55,7,60"/><V72/><F40/><W49/><G107/><N who="2" m="41001" /><F62/><W19/><G38/><T115/><D30/><U70/><E102/><V9/><F9/><W120/><G120/><T23/><D117/><U130/><E46/><V94/><F134/><N who="1" m="51817" /><E36/><V89/><F108/><W33/><G119/><T71/><D71/><N who="1" m="27147" /><E113/><V91/><F101/><W51/><G3/><T39/><D39/><U98/><E98/><AGARI ba="1,0" hai="72,75,87,89,90,91,92,93,94,98,99" m="41001" machi="98" ten="30,12000,1" yaku="35,5" doraHai="15" who="2" fromWho="1" sc="129,0,60,-123,475,123,336,0" owari="129,-27.0,-63,-56.0,598,69.0,336,14.0" /></mjloggm>