<mjloggm ver="2.3"><GO type="169"/><UN n0="%EF%BC%88%E2%89%A7%E2%96%BD%E2%89%A6%EF%BC%89" n1="%E3%81%B2%E3%81%BD%E3%81%8D%E3%82%88%E3%81%97" n2="%E7%B4%85%E9%89%84%E5%A7%AB" n3="%E6%98%BC%E9%A3%AF%EF%BC%A0%E4%BD%95%E9%A3%9F%E3%81%86" dan="18,17,17,16" rate="2181,2110,2172,2088" sx="M,M,F,M"/><TAIKYOKU oya="0"/><INIT seed="0,0,0,3,4,34" ten="250,250,250,250" oya="0" hai0="46,119,116,12,70,133,82,78,122,37,132,20,51" hai1="9,45,126,68,124,71,84,56,72,112,29,41,99" hai2="30,135,19,24,11,66,97,36,2,62,69,118,17" hai3="67,92,96,23,125,35,94,63,52,91,39,25,6"/><T49/><D122/><U121/><E72/><V90/><F118/><W80/><G39/><T105/><D105/><U73/><E73/><V47/><F135/><N who="0" m="51786" /><D70/><U83/><E29/><V27/><F27/><W60/><G35/><T3/><D37/><U114/><E99/><V130/><F130/><W38/><G38/><T120/><D120/><U87/><E121/><V57/><F90/><W5/><G125/><N who="1" m="48234" /><E56/><V61/><F97/><W8/><G80/><T106/><D106/><U123/><E87/><V93/><F93/><W48/><G92/><T21/><D51/><N who="1" m="27055" /><E123/><V88/><F47/><N who="3" m="27679" /><G67/><T98/><D98/><U13/><E71/><V26/><F36/><W14/><G5/><T43/><D119/><U127/><E68/><V40/><F40/><W33/><G33/><T22/><D116/><U65/><E65/><V31/><F69/><W129/><G129/><T104/><D104/><U134/><E134/><V32/><F66/><W59/><G59/><T79/><D46/><U128/><E128/><V107/><F32/><W53/><G53/><T28/><D43/><U55/><E55/><V58/><F107/><W100/><G100/><T1/><D49/><U77/><E127/><V110/><F58/><W16/><AGARI ba="0,0" hai="6,8,14,16,23,25,60,63,91,94,96" m="27679" machi="16" ten="30,4000,0" yaku="8,1,54,2" doraHai="34" who="3" fromWho="3" sc="250,-20,250,-10,250,-10,250,40" /><INIT seed="1,0,0,3,5,67" ten="230,240,240,290" oya="1" hai0="34,73,105,52,70,110,74,129,134,76,118,61,128" hai1="28,122,127,23,18,37,123,4,83,111,38,120,96" hai2="97,56,68,135,75,103,59,64,5,22,89,42,0" hai3="15,39,48,33,49,95,119,85,2,133,8,13,102"/><U121/><E121/><V25/><F75/><W27/><G39/><T32/><D118/><U92/><E127/><V90/><F135/><W78/><G119/><T106/><D134/><U117/><E117/><V30/><F42/><W1/><G133/><T9/><D9/><U24/><E4/><V50/><F5/><W53/><G15/><T79/><D110/><U113/><E113/><V47/><F0/><W55/><G27/><T10/><D10/><U116/><E116/><V60/><F47/><W12/><G33/><N who="0" m="12907" /><D52/><U29/><E111/><V31/><F31/><W44/><G78/><N who="0" m="29739" /><D61/><U94/><E83/><V58/><REACH who="2" step="1"/><F50/><REACH who="2" ten="230,240,230,290" step="2"/><W99/><G2/><T71/><D74/><U21/><E29/><V100/><F100/><W88/><G1/><T126/><D73/><U87/><E37/><V104/><AGARI ba="0,1" hai="22,25,30,56,58,59,60,64,68,89,90,97,103,104" machi="104" ten="30,7900,0" yaku="1,1,0,1,52,1,53,1" doraHai="67" doraHaiUra="62" who="2" fromWho="2" sc="230,-20,240,-39,230,89,290,-20" /><INIT seed="2,0,0,3,5,106" ten="210,201,319,270" oya="2" hai0="54,92,71,19,64,12,25,9,108,75,16,130,102" hai1="42,113,112,29,14,60,49,7,79,32,128,129,67" hai2="95,36,101,87,88,37,34,50,39,115,30,105,66" hai3="126,117,23,111,63,38,104,41,65,89,81,74,80"/><V35/><F115/><W114/><G117/><T45/><D130/><N who="1" m="50283" /><E7/><V44/><F66/><W70/><G114/><N who="1" m="44138" /><E14/><V119/><F119/><W31/><G104/><T124/><D124/><U127/><E79/><V121/><F121/><W2/><G2/><T132/><D132/><U1/><E1/><V21/><F21/><W13/><G126/><T3/><D3/><U107/><E107/><V110/><F110/><W15/><G111/><T40/><D108/><U103/><E103/><V47/><F30/><W73/><G41/><T122/><D122/><U46/><E32/><V22/><F22/><W116/><G38/><T123/><D123/><U57/><E29/><V86/><F101/><W72/><G116/><T109/><D109/><U58/><E127/><V10/><F10/><W118/><G118/><T0/><D0/><U98/><E98/><V84/><F105/><W131/><G131/><T27/><D102/><U99/><E99/><V125/><F125/><W90/><G15/><T78/><D19/><U94/><E94/><V85/><REACH who="2" step="1"/><F44/><REACH who="2" ten="210,201,309,270" step="2"/><W59/><G31/><T28/><D45/><U52/><E58/><V76/><F76/><W69/><G59/><T17/><D78/><U26/><E26/><V83/><F83/><W51/><G81/><T68/><D27/><U61/><E67/><V100/><F100/><W20/><G80/><T11/><D64/><U82/><E82/><V4/><F4/><W33/><G23/><T18/><D25/><U6/><E6/><V5/><F5/><W53/><G65/><T62/><D28/><U93/><E93/><V133/><F133/><RYUUKYOKU ba="0,1" sc="210,-15,201,15,309,15,270,-15" hai1="42,46,49,52,57,60,61" hai2="34,35,36,37,39,47,50,84,85,86,87,88,95" /><INIT seed="2,1,1,5,1,7" ten="195,216,324,255" oya="2" hai0="35,8,96,11,26,125,110,50,123,24,65,70,10" hai1="45,124,79,120,1,55,134,87,67,100,44,31,2" hai2="42,76,29,36,38,95,52,119,130,107,89,49,54" hai3="72,80,21,121,122,40,77,23,78,63,113,129,25"/><V71/><F107/><W102/><G129/><T85/><D123/><U105/><E120/><V75/><F119/><W58/><G113/><T47/><D125/><U84/><E1/><V53/><F71/><W48/><G102/><T83/><D110/><U69/><E2/><V18/><F130/><W128/><G128/><T17/><D35/><U61/><E124/><V131/><F131/><W33/><G33/><T114/><D114/><U9/><E134/><V4/><F4/><W92/><G23/><N who="0" m="13423" /><D70/><U60/><E31/><V103/><F29/><W20/><G20/><T5/><D65/><U62/><E44/><V15/><F103/><W73/><G92/><T88/><D26/><U3/><E67/><V86/><F75/><W68/><G68/><T46/><D5/><U59/><E45/><N who="0" m="16905" /><D96/><U101/><E69/><V111/><F111/><W82/><G48/><AGARI ba="1,1" hai="8,10,11,48,50,83,85,88" m="16905,13423" machi="48" ten="30,8000,1" yaku="8,1,52,3,54,1" doraHai="7" who="0" fromWho="3" sc="195,93,216,0,324,0,255,-83" /><INIT seed="3,0,0,5,2,49" ten="288,216,324,172" oya="3" hai0="105,94,39,21,10,69,57,33,37,101,87,90,116" hai1="96,107,62,6,65,9,52,135,46,128,23,85,123" hai2="7,25,82,34,24,106,40,4,112,26,111,129,54" hai3="89,28,126,98,19,122,15,71,72,1,83,43,124"/><W35/><G122/><T119/><D33/><U51/><E123/><V100/><F40/><W53/><G71/><T77/><D69/><U2/><E128/><V117/><F34/><W110/><G43/><T75/><D10/><U120/><E135/><V93/><F112/><W45/><G1/><T44/><D21/><U133/><E133/><V114/><F106/><W68/><G68/><T113/><D57/><U59/><E120/><V131/><F114/><W16/><G110/><T109/><D113/><U38/><E85/><V27/><F111/><W67/><G67/><T80/><D109/><U14/><E96/><N who="2" m="59407" /><F82/><W92/><G28/><T20/><D20/><U61/><E107/><V5/><F117/><N who="0" m="45130" /><D44/><U55/><E38/><V81/><F81/><W88/><G35/><T78/><D78/><U103/><E103/><V127/><F127/><N who="3" m="48683" /><G15/><T63/><D63/><U12/><E23/><V84/><F131/><W115/><G115/><T91/><D91/><U104/><E104/><V11/><F129/><W99/><G89/><T47/><D37/><U79/><E79/><V64/><F64/><W97/><G45/><T31/><D31/><U56/><AGARI ba="0,0" hai="2,6,9,12,14,46,51,52,55,56,59,61,62,65" machi="56" ten="20,8000,1" yaku="0,1,7,1,52,2,54,1" doraHai="49" who="1" fromWho="1" sc="288,-20,216,80,324,-20,172,-40" /><INIT seed="4,0,0,5,4,134" ten="268,296,304,132" oya="0" hai0="82,94,83,15,112,115,73,52,66,39,9,127,27" hai1="58,38,5,55,100,60,69,104,90,126,114,19,110" hai2="119,106,16,130,65,116,25,47,7,80,30,132,59" hai3="37,98,31,109,34,36,75,40,6,0,128,54,3"/><T56/><D39/><U89/><E38/><V77/><F106/><W61/><G109/><T8/><D66/><U81/><E110/><V91/><F7/><W21/><G128/><T79/><D27/><U12/><E69/><V46/><F130/><W62/><G75/><T99/><D82/><U124/><E5/><V70/><F70/><W123/><G123/><T107/><D107/><U10/><E114/><N who="0" m="43561" /><D15/><U35/><E35/><V95/><F132/><W111/><G34/><T1/><D1/><U42/><E42/><V14/><F25/><W71/><G71/><T4/><D4/><U45/><E45/><V33/><F30/><W64/><G36/><T129/><D129/><U117/><E117/><N who="2" m="45131" /><F33/><W102/><G37/><T29/><D29/><U93/><E104/><V17/><F80/><W76/><G3/><T135/><D135/><U44/><E44/><N who="2" m="16939" /><F77/><W87/><G0/><T131/><D131/><U32/><E32/><V121/><F121/><W101/><G111/><T92/><D92/><U53/><E53/><V20/><F17/><W118/><G118/><T48/><D127/><N who="1" m="48683" /><E81/><V74/><F74/><W67/><G6/><T13/><D13/><U11/><E11/><V105/><F105/><W88/><G54/><T24/><D24/><U2/><E2/><V41/><F41/><W50/><G40/><T72/><D72/><U22/><E10/><V57/><F65/><W78/><G67/><T108/><D108/><U84/><E84/><AGARI ba="0,0" hai="14,16,20,57,59,84,91,95" m="16939,45131" machi="84" ten="30,2000,0" yaku="12,1,54,1" doraHai="134" who="2" fromWho="1" sc="268,0,296,-20,304,20,132,0" /><INIT seed="5,0,0,3,4,18" ten="268,276,324,132" oya="1" hai0="86,70,20,67,80,100,122,72,48,17,45,96,55" hai1="65,112,19,26,46,11,87,107,39,3,94,59,76" hai2="99,69,103,124,121,118,6,49,93,106,21,101,61" hai3="77,57,73,95,84,102,131,22,50,90,91,133,92"/><U43/><E107/><V66/><F121/><W63/><G133/><T47/><D72/><U5/><E112/><V29/><F118/><W114/><G114/><T23/><D122/><U125/><E125/><V82/><F124/><W12/><G131/><T83/><D70/><U25/><E94/><V36/><F36/><W71/><G71/><T27/><D67/><U109/><E109/><V132/><F6/><W116/><G116/><T31/><D47/><U37/><E37/><V108/><F108/><W52/><G102/><T78/><D83/><U98/><E98/><V9/><F9/><W126/><G126/><T129/><D129/><U60/><REACH who="1" step="1"/><E19/><REACH who="1" ten="268,266,324,132" step="2"/><V30/><F106/><W81/><G63/><T74/><D17/><U105/><E105/><V115/><F115/><W89/><G73/><T32/><D74/><U34/><E34/><V41/><F132/><W119/><G119/><T134/><D134/><U117/><E117/><V13/><F103/><W33/><G33/><T10/><D10/><U75/><E75/><V0/><F93/><AGARI ba="0,1" hai="20,23,27,31,32,45,48,55,78,80,86,93,96,100" machi="93" ten="30,3900,0" yaku="7,1,52,2" doraHai="18" who="0" fromWho="2" sc="268,49,266,0,324,-39,132,0" /><INIT seed="6,0,0,4,4,95" ten="317,266,285,132" oya="2" hai0="73,27,7,112,129,99,113,5,3,133,25,28,124" hai1="17,79,114,122,20,44,10,121,74,37,58,46,108" hai2="128,127,33,38,30,52,57,85,36,64,105,100,41" hai3="34,131,126,97,118,115,62,90,0,69,88,8,71"/><V56/><F100/><W83/><G118/><T84/><D73/><U49/><E114/><N who="0" m="44137" /><D133/><U123/><E108/><V6/><F105/><W132/><G115/><T76/><D129/><U75/><E10/><V22/><F33/><W35/><G132/><T104/><D3/><U119/><E119/><V120/><F6/><W16/><G131/><T98/><D25/><U89/><E89/><V39/><F128/><W21/><G126/><T72/><D72/><N who="1" m="27691" /><E79/><V61/><F127/><W13/><G35/><N who="0" m="20895" /><D124/><U91/><E37/><V14/><F30/><W82/><G34/><T4/><D104/><U87/><E58/><V106/><F106/><W12/><G0/><T94/><D94/><N who="1" m="54655" /><E49/><N who="2" m="30735" /><F85/><N who="3" m="50231" /><G71/><T102/><D102/><U2/><E2/><V117/><F117/><W9/><G69/><T11/><D11/><N who="3" m="4169" /><G62/><T80/><AGARI ba="0,0" hai="4,5,7,76,80,84,98,99" m="20895,44137" machi="80" ten="40,5200,0" yaku="15,1,52,2" doraHai="95" who="0" fromWho="0" sc="317,52,266,-13,285,-26,132,-13" /><INIT seed="7,0,0,5,5,99" ten="369,253,259,119" oya="3" hai0="102,104,130,19,92,17,60,126,49,110,108,93,44" hai1="70,96,32,94,78,123,18,75,77,76,133,88,43" hai2="38,21,79,116,25,65,84,29,20,36,54,87,22" hai3="73,37,63,15,34,74,124,57,48,100,97,4,125"/><W112/><G37/><T1/><D1/><U7/><E123/><V35/><F116/><W55/><G34/><T14/><D104/><U134/><E70/><V13/><F13/><W47/><G112/><T98/><D130/><U95/><E32/><V103/><F65/><W72/><G15/><T5/><D126/><U122/><E43/><V46/><F79/><W128/><G4/><T52/><D5/><U11/><E18/><V16/><F38/><W26/><G26/><T117/><D117/><U80/><E122/><V3/><F3/><W27/><G27/><T28/><D28/><U59/><E59/><V67/><F67/><W9/><G9/><T61/><D19/><U31/><E31/><V107/><F36/><W39/><G39/><T71/><D71/><U64/><E64/><V120/><F120/><W135/><G135/><N who="1" m="51722" /><E94/><V89/><F84/><W2/><G2/><AGARI ba="0,0" hai="2,7,11,75,76,77,78,80,88,95,96" m="51722" machi="2" ten="30,2000,0" yaku="20,1,54,1" doraHai="99" who="1" fromWho="3" sc="369,0,253,20,259,0,119,-20" owari="369,47.0,273,7.0,259,-14.0,99,-40.0" /></mjloggm>