<mjloggm ver="2.3"><GO type="97"/><UN n0="%E5%BE%A1%E6%81%B5%E3%81%BE%E3%81%8A" n1="%E3%81%8E%E3%82%85%E3%81%86%E3%81%AB%E3%81%8F" n2="%EF%BC%88%E2%89%A7%E2%96%BD%E2%89%A6%EF%BC%89" n3="%E4%B8%80%E7%99%BA%E3%83%84%E3%83%A2%E4%B9%8B%E5%8A%A9" dan="14,13,15,15" rate="1897,1944,1986,1901" sx="M,M,M,F"/><TAIKYOKU oya="0"/><INIT seed="0,0,0,1,2,122" ten="250,250,250,250" oya="0" hai0="96,62,14,72,104,110,54,97,23,91,22,117,42" hai1="100,95,43,112,19,84,36,115,119,67,111,46,12" hai2="53,99,25,52,30,61,88,44,107,51,39,102,68" hai3="49,125,26,135,17,58,40,78,37,50,48,120,133"/><T34/><D117/><U20/><E119/><V3/><F3/><W5/><G120/><T4/><D34/><U38/><E38/><V121/><F121/><W24/><G78/><T82/><D72/><U29/><E67/><V118/><F118/><W113/><G5/><T10/><D42/><U6/><E6/><V105/><F39/><W85/><G85/><N who="0" m="50615" /><D104/><U0/><E0/><V56/><F68/><W89/><G89/><T65/><D65/><U55/><E55/><V63/><F88/><W15/><G113/><N who="1" m="43594" /><E84/><V28/><F28/><W45/><G125/><T35/><D35/><U90/><E29/><V87/><F87/><W7/><G7/><T79/><D79/><U2/><E2/><V86/><F86/><W1/><G1/><T66/><D66/><U60/><E60/><V27/><F27/><W127/><G127/><T106/><D106/><U83/><E83/><V57/><F107/><W81/><G81/><T93/><D110/><U134/><E90/><V129/><F129/><W71/><G71/><T8/><D8/><U9/><E9/><V77/><F77/><W101/><G101/><N who="0" m="60559" /><D97/><N who="1" m="59455" /><E134/><N who="3" m="51210" /><G58/><AGARI ba="0,0" hai="4,10,14,22,23,54,58,62" m="60559,50615" machi="58" ten="30,1500,0" yaku="8,1" doraHai="122" who="0" fromWho="3" sc="250,15,250,0,250,0,250,-15" /><INIT seed="0,1,0,0,2,32" ten="265,250,250,235" oya="0" hai0="56,51,17,119,1,103,94,16,107,83,8,75,21" hai1="93,133,43,25,33,78,106,80,31,22,115,48,121" hai2="37,129,134,135,96,36,91,97,30,53,14,71,65" hai3="58,90,98,127,46,101,3,26,108,84,110,0,74"/><T5/><D119/><U68/><E106/><V7/><F30/><W24/><G74/><T92/><D107/><U114/><E68/><V10/><F129/><W130/><G130/><T117/><D117/><U70/><E70/><V6/><F6/><W67/><G127/><T104/><D104/><U9/><E121/><V23/><F23/><W20/><G46/><T102/><D17/><U123/><E123/><V99/><F91/><W34/><G34/><T77/><D102/><U82/><E133/><N who="2" m="50699" /><F53/><W49/><G98/><T111/><D103/><U95/><E9/><V79/><F79/><W88/><G101/><T39/><D39/><U86/><E22/><V81/><F81/><N who="3" m="49167" /><G90/><T15/><D111/><N who="3" m="42537" /><G26/><T124/><REACH who="0" step="1"/><D124/><REACH who="0" ten="255,250,250,235" step="2"/><U2/><E78/><V76/><F76/><W11/><G11/><T19/><D19/><U57/><E115/><V61/><AGARI ba="1,1" hai="7,10,14,36,37,61,65,71,96,97,99" m="50699" machi="61" ten="40,1500,0" yaku="20,1" doraHai="32" who="2" fromWho="2" sc="255,-8,250,-5,250,28,235,-5" /><INIT seed="1,0,0,1,5,106" ten="247,245,278,230" oya="1" hai0="99,40,103,44,15,107,91,115,93,48,135,9,38" hai1="64,94,65,101,117,89,33,110,35,62,82,70,121" hai2="61,131,88,90,25,63,104,95,54,45,5,119,17" hai3="23,75,42,77,10,13,114,116,41,129,7,0,105"/><U57/><E117/><V67/><F104/><W108/><G116/><T122/><D135/><U78/><E121/><V51/><F119/><W109/><G114/><T69/><D69/><U123/><E101/><V19/><F131/><W120/><G105/><T53/><D122/><U100/><E100/><V97/><F5/><W52/><G120/><T133/><D133/><U29/><E123/><V14/><F90/><W66/><G66/><T46/><D115/><U79/><E110/><N who="3" m="42602" /><G129/><T49/><D38/><U43/><E43/><V55/><F55/><W68/><G68/><T59/><D107/><U21/><E21/><N who="2" m="13487" /><F67/><W26/><G52/><T32/><D32/><U24/><E35/><V126/><F126/><W132/><G132/><T134/><D134/><U39/><E39/><V11/><AGARI ba="0,0" hai="11,14,19,45,51,54,61,63,88,95,97" m="13487" machi="11" ten="30,2000,0" yaku="8,1,54,1" doraHai="106" who="2" fromWho="2" sc="247,-5,245,-10,278,20,230,-5" /><INIT seed="2,0,0,2,2,75" ten="242,235,298,225" oya="2" hai0="111,51,122,126,84,32,104,92,16,36,129,91,56" hai1="79,109,46,78,128,70,12,93,13,20,117,28,3" hai2="30,96,87,106,7,132,110,119,29,85,57,21,55" hai3="98,131,63,68,17,39,42,94,86,130,49,58,27"/><V133/><F119/><W64/><G86/><T72/><D36/><U2/><E70/><V48/><F7/><W102/><G27/><T0/><D32/><U71/><E71/><V11/><F11/><W9/><G9/><T123/><D0/><U8/><E117/><V100/><F110/><W62/><G17/><T47/><D129/><U121/><E121/><V134/><REACH who="2" step="1"/><F21/><REACH who="2" ten="242,235,288,225" step="2"/><W34/><G34/><T26/><D111/><U44/><E109/><V103/><F103/><W23/><G23/><T112/><D123/><U127/><E20/><V135/><N who="2" m="34304" /><DORA hai="115" /><V118/><F118/><W45/><REACH who="3" step="1"/><G39/><REACH who="3" ten="242,235,288,215" step="2"/><T54/><D122/><U74/><E8/><V95/><F95/><W88/><G88/><T31/><D91/><U120/><E93/><V89/><F89/><W61/><G61/><T33/><D92/><U22/><E22/><V99/><F99/><W69/><G69/><T6/><D33/><U116/><E120/><V59/><F59/><W4/><G4/><T113/><D56/><U105/><E116/><V67/><F67/><AGARI ba="0,2" hai="42,45,49,58,62,63,64,67,68,94,98,102,130,131" machi="67" ten="40,1300,0" yaku="1,1,53,0" doraHai="75,115" doraHaiUra="101,24" who="3" fromWho="2" sc="242,0,235,0,288,-13,215,33" /><INIT seed="3,0,0,2,3,29" ten="242,235,275,248" oya="3" hai0="131,122,47,13,116,46,134,9,48,132,120,102,44" hai1="57,26,111,129,85,99,106,52,6,42,4,123,61" hai2="97,20,37,92,30,126,22,40,117,14,54,17,55" hai3="23,72,87,60,67,36,50,38,64,1,27,62,95"/><W107/><G107/><T33/><D116/><U34/><E123/><N who="0" m="47145" /><D102/><U12/><E42/><V75/><F117/><W59/><G72/><T41/><D131/><U94/><E106/><V128/><F128/><W96/><G1/><T16/><D33/><U35/><E129/><V28/><F75/><W89/><G50/><T53/><D53/><U88/><E111/><V124/><F37/><W43/><G43/><T18/><D18/><U98/><E26/><N who="2" m="16455" /><F40/><W10/><G10/><T133/><AGARI ba="0,0" hai="9,13,16,41,44,46,47,48,132,133,134" m="47145" machi="133" ten="40,2700,0" yaku="20,1,54,1" doraHai="29" who="0" fromWho="0" sc="242,27,235,-7,275,-7,248,-13" /><INIT seed="4,0,0,5,0,80" ten="269,228,268,235" oya="0" hai0="72,53,12,124,13,110,64,120,35,98,34,17,43" hai1="100,7,15,2,91,130,32,59,11,108,49,55,88" hai2="128,126,27,65,96,89,25,127,61,75,105,85,125" hai3="106,132,129,135,74,6,63,60,133,39,70,122,41"/><T46/><D72/><U23/><E32/><V18/><F75/><W66/><G74/><T42/><D120/><U86/><E108/><V38/><F38/><W116/><G106/><T67/><D110/><U28/><E2/><V131/><F96/><W51/><G6/><T8/><D124/><N who="2" m="31746" /><V37/><DORA hai="118" /><F37/><W44/><G116/><T56/><D98/><U54/><E130/><N who="2" m="49707" /><F105/><W5/><G5/><T52/><D53/><N who="1" m="32175" /><E100/><V33/><F18/><W0/><G0/><T29/><D29/><U50/><E50/><V3/><F3/><W1/><G1/><T117/><D117/><U84/><E28/><V58/><F33/><W68/><G129/><T4/><D34/><U47/><E23/><V45/><F45/><N who="3" m="23743" /><G122/><T90/><D35/><U97/><E97/><V73/><F73/><W31/><G31/><T93/><D43/><U114/><E47/><V36/><F36/><W57/><G63/><N who="0" m="36231" /><D46/><U82/><E114/><V87/><F87/><W92/><G92/><AGARI ba="0,0" hai="7,11,15,54,55,82,84,86,88,91,92" m="32175" machi="92" ten="30,7700,0" yaku="8,1,52,2,54,1" doraHai="80,118" who="1" fromWho="3" sc="269,0,228,77,268,0,235,-77" /><AGARI ba="0,0" hai="25,27,58,61,65,85,89,92" m="49707,31746" machi="92" ten="40,5200,0" yaku="18,1,19,1,52,1" doraHai="80,118" who="2" fromWho="3" sc="269,0,305,0,268,52,158,-52" owari="269,-13.0,305,11.0,320,41.0,106,-39.0" /></mjloggm>