<mjloggm ver="2.3"><GO type="169"/><UN n0="%EF%BC%88%E2%89%A7%E2%96%BD%E2%89%A6%EF%BC%89" n1="%E5%B7%A3%E4%BD%9C%E3%82%8A%E3%83%89%E3%83%A9%E3%82%B4%E3%83%B3" n2="%72%75%6E%61%74%6F%73%68" n3="%E3%81%84%E3%81%AC%E3%81%98%E3%82%83%E3%82%89%E3%81%97" dan="16,16,16,17" rate="2047,2076,2095,2213" sx="M,M,M,M"/><TAIKYOKU oya="0"/><INIT seed="0,0,0,5,3,126" ten="250,250,250,250" oya="0" hai0="28,125,121,51,1,18,4,71,100,96,56,3,115" hai1="93,15,63,20,65,14,95,86,26,13,22,64,55" hai2="119,10,11,67,130,88,50,58,2,25,77,31,114" hai3="91,35,120,113,45,21,84,68,135,124,43,107,134"/><T39/><D71/><U17/><E86/><V33/><F114/><W72/><G113/><T24/><D39/><U19/><E55/><V66/><F119/><W6/><G35/><T9/><D125/><U46/><E46/><V101/><F101/><W16/><G124/><T104/><D115/><U99/><E95/><V23/><F77/><W38/><G72/><T98/><D121/><U49/><E49/><V40/><F2/><W85/><G68/><T118/><D118/><U106/><E106/><V73/><F73/><W34/><G34/><T87/><D87/><U108/><E108/><V7/><F7/><W123/><G107/><T82/><D82/><U109/><E109/><V32/><F32/><W78/><G6/><T83/><D83/><U89/><REACH who="1" step="1"/><E65/><REACH who="1" ten="250,240,250,250" step="2"/><V133/><F67/><W42/><G84/><T47/><D47/><U79/><E79/><V127/><F66/><W57/><G78/><T122/><D104/><U129/><E129/><V110/><F130/><W128/><G128/><T74/><D51/><U70/><AGARI ba="0,1" hai="13,14,15,17,19,20,22,26,63,64,70,89,93,99" machi="70" ten="20,2700,0" yaku="1,1,0,1,7,1,53,0" doraHai="126" doraHaiUra="117" who="1" fromWho="1" sc="250,-13,240,37,250,-7,250,-7" /><INIT seed="1,0,0,1,3,131" ten="237,277,243,243" oya="1" hai0="63,79,9,132,50,16,12,62,0,111,6,109,81" hai1="1,49,52,88,66,5,25,45,47,89,114,39,78" hai2="64,125,46,99,8,41,17,92,121,135,105,3,30" hai3="10,119,43,108,15,117,4,122,31,101,37,65,24"/><U26/><E114/><V91/><F121/><W84/><G122/><T127/><D50/><N who="1" m="28767" /><E1/><V90/><F105/><W22/><G108/><N who="0" m="41547" /><D127/><U106/><E39/><V20/><F125/><W123/><G123/><T134/><D63/><U128/><E106/><V69/><F69/><W13/><G101/><T74/><D62/><U116/><E116/><N who="3" m="44618" /><G65/><T129/><D129/><U71/><E71/><V53/><F64/><W80/><G43/><T40/><D40/><N who="1" m="24743" /><E66/><V68/><F68/><W76/><G37/><T104/><D104/><U56/><E56/><V83/><F53/><W48/><G48/><T55/><D55/><U27/><E128/><V98/><F98/><W34/><G15/><T44/><D44/><U59/><E59/><V107/><F107/><W32/><AGARI ba="0,0" hai="4,10,13,22,24,31,32,34,76,80,84" m="44618" machi="32" ten="30,1100,0" yaku="12,1" doraHai="131" who="3" fromWho="3" sc="237,-3,277,-5,243,-3,243,11" /><INIT seed="2,0,0,2,4,113" ten="234,272,240,254" oya="2" hai0="53,130,88,38,20,49,59,71,127,50,133,32,72" hai1="12,28,21,25,41,19,134,11,29,98,135,15,13" hai2="47,95,125,2,77,76,116,7,119,52,94,35,42" hai3="117,16,132,97,70,85,51,31,101,81,69,82,1"/><V61/><F35/><W87/><G1/><T4/><D38/><U128/><E41/><V0/><F125/><W17/><G132/><N who="1" m="50730" /><E98/><V43/><F47/><W54/><G31/><N who="1" m="11850" /><E128/><V131/><F61/><W66/><G117/><T14/><D72/><U105/><E105/><V45/><F45/><W40/><G40/><T112/><D112/><U30/><AGARI ba="0,0" hai="11,12,13,15,19,21,25,30" m="11850,50730" machi="30" ten="30,4000,0" yaku="20,1,34,2" doraHai="113" who="1" fromWho="1" sc="234,-10,272,40,240,-20,254,-10" /><INIT seed="3,0,0,1,0,9" ten="224,312,220,244" oya="3" hai0="23,29,69,8,103,89,6,18,37,88,101,52,120" hai1="111,109,79,104,67,5,62,125,131,81,53,112,73" hai2="48,80,54,95,42,55,85,25,99,49,134,133,71" hai3="115,51,27,61,92,93,13,22,135,102,77,98,75"/><W74/><G115/><T100/><D120/><U32/><E112/><V124/><F71/><W44/><G135/><N who="2" m="51721" /><F25/><W117/><G117/><T33/><D37/><U65/><E104/><V7/><F7/><W63/><G13/><N who="0" m="5271" /><D69/><U78/><E131/><V31/><F31/><W57/><G93/><T94/><D33/><U26/><E5/><V30/><F30/><W122/><G122/><T114/><D114/><U127/><E26/><V15/><F15/><W43/><G77/><T34/><D34/><U59/><E32/><V40/><F124/><N who="1" m="47689" /><E79/><N who="2" m="46239" /><F42/><W12/><G12/><N who="0" m="9671" /><D29/><U11/><E11/><V50/><F40/><W119/><G119/><T118/><D118/><U4/><E4/><V126/><F126/><W35/><G35/><T84/><D89/><AGARI ba="0,0" hai="48,49,50,54,55,89,95,99" m="46239,51721" machi="89" ten="30,1000,0" yaku="20,1" doraHai="9" who="2" fromWho="0" sc="224,-10,312,0,220,10,244,0" /><INIT seed="4,0,0,5,2,134" ten="214,312,230,244" oya="0" hai0="75,41,53,25,37,46,40,96,79,72,119,10,126" hai1="28,115,65,82,48,113,106,129,38,2,29,91,95" hai2="39,6,110,130,19,74,3,100,116,85,114,84,94" hai3="62,14,16,42,132,127,9,23,68,32,70,20,5"/><T49/><D119/><U61/><E38/><V15/><F39/><W118/><G118/><T93/><D41/><U108/><E106/><V24/><F74/><W133/><G32/><T90/><D79/><U81/><E108/><V120/><F110/><W135/><G42/><T50/><D37/><U131/><E2/><V56/><F120/><W7/><G127/><T83/><D83/><N who="1" m="31755" /><E48/><V52/><F116/><W36/><G36/><T54/><D126/><U27/><E95/><V121/><F121/><W105/><G105/><T87/><D96/><U71/><E91/><V66/><F66/><N who="3" m="41047" /><G70/><T97/><D97/><U125/><E125/><V30/><F100/><W1/><G7/><T17/><D40/><U4/><E4/><V12/><F94/><W45/><G45/><T77/><D77/><U43/><E43/><V123/><F123/><W78/><G78/><T103/><D103/><U58/><E71/><V98/><F98/><W13/><G1/><T86/><D86/><U33/><E29/><V122/><F3/><W0/><G0/><T112/><D72/><U64/><E64/><V57/><F122/><W34/><G34/><T107/><D75/><U21/><E33/><V73/><F73/><W102/><G102/><T111/><D107/><U109/><E109/><V44/><F84/><W69/><G69/><T76/><D76/><U35/><E35/><V124/><F85/><W63/><G63/><T117/><D111/><U60/><E60/><V47/><F124/><W88/><G88/><T8/><D117/><U92/><E92/><V59/><F6/><W51/><G51/><RYUUKYOKU ba="0,0" sc="214,-15,312,15,230,-15,244,15" hai1="21,27,28,58,61,65,113,115,129,131" hai3="5,9,13,14,16,20,23,132,133,135" /><INIT seed="5,1,0,4,2,32" ten="199,327,215,259" oya="1" hai0="85,6,135,96,76,116,82,48,14,55,38,123,62" hai1="64,3,8,59,72,45,22,94,80,77,10,2,105" hai2="90,78,87,108,79,103,30,71,63,102,35,34,9" hai3="88,51,5,130,12,28,100,57,129,26,65,70,60"/><U36/><E105/><V99/><F108/><W89/><G100/><T54/><D116/><U84/><E22/><V33/><F30/><W118/><G118/><T125/><D38/><U61/><E10/><V81/><F9/><N who="3" m="4143" /><G51/><T1/><D123/><U112/><E112/><V66/><REACH who="2" step="1"/><F103/><REACH who="2" ten="199,327,205,259" step="2"/><W43/><G28/><T18/><D135/><U21/><E8/><V126/><F126/><W7/><G130/><T25/><D125/><U107/><E21/><V47/><F47/><W134/><G129/><T104/><D104/><AGARI ba="1,1" hai="33,34,35,63,66,71,78,79,81,87,90,99,102,104" machi="104" ten="40,5200,0" yaku="1,1,53,2" doraHai="32" doraHaiUra="73" who="2" fromWho="0" sc="199,-55,327,0,205,65,259,0" /><INIT seed="6,0,0,2,3,70" ten="144,327,270,259" oya="2" hai0="95,6,97,32,10,18,53,19,105,43,56,28,60" hai1="37,129,65,113,76,69,31,80,116,29,72,74,46" hai2="34,131,98,130,90,44,124,68,26,108,58,73,23" hai3="1,133,122,3,101,8,51,21,109,93,48,36,79"/><V63/><F73/><W99/><G109/><T112/><D112/><U135/><E116/><V15/><F68/><W128/><G122/><T47/><D105/><U49/><E74/><V16/><F44/><W106/><G36/><T82/><D82/><U22/><E113/><V75/><F75/><W120/><G120/><T42/><D32/><U119/><E119/><V115/><F115/><W87/><G128/><N who="2" m="49193" /><F108/><W103/><G133/><T111/><D28/><U66/><E129/><V107/><F124/><W123/><G123/><T132/><D132/><U7/><E69/><V78/><F78/><W45/><G51/><T17/><D111/><U102/><E76/><V77/><F77/><W50/><G50/><T25/><D25/><U33/><E72/><V20/><F34/><W39/><G39/><T62/><D62/><U81/><E46/><V11/><F26/><W88/><G103/><T41/><D6/><U67/><E37/><V71/><F71/><W9/><G79/><T104/><D104/><U121/><E33/><V118/><F118/><W30/><G30/><T27/><D27/><U84/><E135/><V92/><F107/><W55/><REACH who="3" step="1"/><G21/><REACH who="3" ten="144,327,270,249" step="2"/><T126/><D126/><U40/><E22/><V61/><F61/><W91/><G91/><T117/><D117/><U86/><E121/><V0/><F0/><AGARI ba="0,1" hai="0,1,3,8,9,45,48,55,87,88,93,99,101,106" machi="0" ten="40,2600,0" yaku="1,1,54,1,53,0" doraHai="70" doraHaiUra="125" who="3" fromWho="2" sc="144,0,327,0,270,-26,249,36" /><INIT seed="7,0,0,2,4,97" ten="144,327,244,285" oya="3" hai0="103,86,88,122,25,95,107,108,28,70,30,51,68" hai1="67,49,18,72,5,121,113,19,81,36,73,117,135" hai2="10,118,21,46,119,23,130,109,22,102,4,50,8" hai3="17,123,79,24,133,64,9,111,129,0,12,77,44"/><W29/><G123/><T66/><D122/><U63/><E36/><V61/><F109/><W43/><G111/><T84/><D108/><U45/><E121/><V87/><F61/><W82/><G129/><T58/><D84/><U91/><E5/><V100/><F130/><W35/><G133/><T128/><D128/><U48/><E91/><V83/><F118/><W2/><G64/><T53/><D66/><U59/><E81/><V126/><F126/><W106/><G106/><T110/><D110/><U69/><E117/><V1/><F8/><W32/><G32/><T115/><D115/><U99/><E99/><V42/><REACH who="2" step="1"/><F119/><REACH who="2" ten="144,327,234,285" step="2"/><W76/><REACH who="3" step="1"/><G82/><REACH who="3" ten="144,327,234,275" step="2"/><T94/><D107/><U57/><E135/><V71/><F71/><W85/><G85/><T65/><D65/><U56/><E69/><V131/><F131/><W80/><G80/><T125/><D125/><U7/><E67/><V112/><F112/><W55/><G55/><T101/><D94/><U74/><E113/><V47/><F47/><W6/><G6/><T62/><D70/><U90/><E7/><V92/><F92/><W11/><G11/><T60/><D68/><U31/><E45/><V16/><F16/><W116/><G116/><T15/><D30/><U41/><E31/><V34/><F34/><W27/><G27/><T134/><D134/><U52/><E18/><V20/><N who="2" m="5632" /><DORA hai="33" /><V13/><F13/><W39/><AGARI ba="0,2" hai="0,2,9,12,17,24,29,35,39,43,44,76,77,79" machi="39" ten="30,12000,1" yaku="1,1,0,1,52,2,53,1" doraHai="97,33" doraHaiUra="93,26" who="3" fromWho="3" sc="144,-40,327,-40,234,-40,275,140" owari="104,-40.0,287,9.0,194,-21.0,415,52.0" /></mjloggm>