<mjloggm ver="2.3"><GO type="41"/><UN n0="%53%74%72%75%6D%6D%65%72" n1="%E2%98%86%E3%82%B1%E3%83%AD%E3%83%AD%E8%BB%8D%E6%9B%B9%E2%98%86" n2="%73%67%68%61" n3="%E3%82%A6%E3%83%AB%E3%83%88%E3%83%A9%E7%AB%8B%E7%9B%B4" dan="14,13,13,15" rate="1881,1917,1812,1994" sx="M,M,M,M"/><TAIKYOKU oya="0"/><INIT seed="0,0,0,1,1,116" ten="250,250,250,250" oya="0" hai0="38,106,9,92,5,114,64,61,98,101,60,63,22" hai1="134,123,41,133,121,33,36,20,68,72,6,91,111" hai2="59,108,50,76,44,3,7,105,49,25,28,45,88" hai3="27,73,117,70,96,126,82,53,86,102,1,89,129"/><T12/><D114/><U16/><E68/><V30/><F105/><W56/><G70/><T125/><D125/><U62/><E72/><V77/><F59/><W24/><G117/><T58/><D38/><U75/><E75/><V40/><F108/><W122/><G1/><T115/><D115/><U112/><E112/><V90/><F3/><W69/><G69/><T13/><D106/><U83/><E111/><V17/><F17/><AGARI ba="0,0" hai="5,9,12,13,17,22,58,60,61,63,64,92,98,101" machi="17" ten="40,2000,0" yaku="8,1" doraHai="116" who="0" fromWho="2" sc="250,20,250,0,250,-20,250,0" /><INIT seed="0,1,0,4,3,0" ten="270,250,230,250" oya="0" hai0="89,115,45,46,124,2,126,98,96,77,58,104,23" hai1="15,122,60,74,24,67,32,6,75,7,119,53,80" hai2="87,92,34,125,17,79,114,59,127,55,68,27,30" hai3="11,64,78,108,38,61,132,105,83,106,82,41,84"/><T50/><D115/><U5/><E119/><V116/><F68/><W81/><G41/><T107/><D77/><U56/><E122/><V47/><F114/><W76/><G38/><T22/><D58/><U42/><E42/><V88/><F116/><W8/><G132/><T97/><D2/><U110/><E15/><V31/><F31/><W54/><G54/><T113/><D113/><U52/><E110/><V130/><F130/><W66/><G108/><T91/><D98/><U131/><E131/><V109/><F109/><W14/><G61/><T69/><REACH who="0" step="1"/><D50/><REACH who="0" step="2"/><U123/><E123/><V85/><F79/><W94/><G78/><T25/><D25/><U4/><E80/><V95/><F47/><W33/><G76/><T117/><D117/><U62/><N who="1" m="1024" /><DORA hai="44" /><U26/><E32/><V18/><F127/><W70/><G33/><T21/><D21/><U121/><E121/><V16/><F125/><W13/><G82/><T28/><D28/><U12/><E12/><V57/><F55/><W63/><G70/><AGARI ba="1,1" hai="22,23,45,46,69,70,89,91,96,97,104,107,124,126" machi="70" ten="25,4800,0" yaku="1,1,22,2,53,0" doraHai="0,44" doraHaiUra="71,1" who="0" fromWho="3" sc="260,61,250,0,230,0,250,-51" /><INIT seed="0,2,0,5,1,119" ten="321,250,230,199" oya="0" hai0="105,75,93,110,96,32,60,6,23,17,86,26,38" hai1="89,134,106,133,48,100,67,44,108,87,7,3,130" hai2="91,2,69,8,132,42,10,102,52,5,131,97,33" hai3="104,50,14,79,51,95,9,129,74,117,29,46,35"/><T115/><D115/><U21/><E108/><V80/><F69/><W114/><G104/><T126/><D75/><U65/><E130/><V116/><F33/><W11/><G114/><T125/><D38/><U20/><E100/><V25/><F131/><W62/><G129/><T4/><D105/><U16/><E106/><V68/><F68/><W85/><G117/><T121/><D86/><U43/><E21/><V31/><F42/><W71/><G74/><T18/><D32/><U34/><E34/><V112/><F10/><W47/><G35/><T61/><D110/><U123/><E7/><V27/><F31/><W24/><G71/><T128/><D18/><U83/><E3/><V88/><F132/><N who="1" m="50793" /><E123/><V98/><F112/><W111/><G111/><T56/><D121/><U22/><E22/><V58/><F116/><W120/><G120/><T0/><D0/><U40/><E40/><V66/><F66/><W64/><G64/><T15/><D61/><U72/><E72/><V118/><F118/><W103/><G62/><T135/><D128/><U73/><E73/><V92/><F98/><W122/><G122/><T30/><D135/><U28/><E28/><V63/><REACH who="2" step="1"/><F80/><REACH who="2" step="2"/><N who="3" m="47263" /><G11/><T127/><D30/><U84/><E84/><V124/><F124/><W1/><G1/><T37/><D37/><U53/><E43/><V76/><F76/><W113/><G113/><T13/><D4/><U59/><E87/><V49/><F49/><W70/><G51/><T101/><D6/><U39/><E48/><V99/><F99/><N who="3" m="59903" /><G50/><T45/><D45/><N who="3" m="16905" /><G70/><T109/><D109/><U77/><E39/><RYUUKYOKU ba="2,1" sc="321,15,250,-15,220,15,199,-15" hai0="13,15,17,23,26,56,60,93,96,101,125,126,127" hai2="2,5,8,25,27,52,58,63,88,91,92,97,102" /><INIT seed="0,3,1,2,5,10" ten="336,235,235,184" oya="0" hai0="21,58,52,45,33,78,51,103,56,18,79,7,32" hai1="70,133,131,101,5,46,74,92,3,17,38,11,55" hai2="64,41,127,61,22,96,76,20,4,67,132,110,100" hai3="14,124,49,88,123,16,83,73,117,106,95,90,116"/><T121/><D121/><U63/><E133/><V118/><F132/><W12/><G106/><T71/><D71/><U112/><E131/><V126/><F110/><W13/><G123/><T130/><D130/><U75/><E112/><V134/><F134/><W60/><G124/><N who="2" m="47657" /><F118/><W39/><G39/><T98/><D33/><U91/><E101/><V43/><F76/><W0/><G0/><T35/><D35/><U26/><E70/><V69/><F64/><W2/><G2/><T113/><D32/><U125/><E125/><V8/><F22/><W72/><G72/><T80/><D7/><U9/><E38/><V65/><F20/><W28/><G117/><T47/><D47/><U82/><E82/><V81/><F81/><W104/><G104/><T50/><D50/><U57/><E46/><V105/><F67/><W44/><G116/><T19/><D19/><U36/><E36/><V15/><AGARI ba="3,1" hai="4,8,15,41,43,61,65,69,96,100,105" m="47657" machi="15" ten="30,2000,0" yaku="18,1,52,1" doraHai="10" who="2" fromWho="2" sc="336,-13,235,-8,235,39,184,-8" /><INIT seed="1,0,0,5,0,124" ten="323,227,274,176" oya="1" hai0="112,3,72,118,101,47,21,122,75,79,67,83,130" hai1="54,43,90,31,41,22,23,8,87,61,76,24,117" hai2="14,40,116,97,69,89,27,7,111,64,123,71,78" hai3="44,39,60,66,68,74,99,11,9,135,50,110,80"/><U49/><E117/><V113/><F116/><W108/><G11/><T33/><D21/><U84/><E61/><V81/><F123/><W126/><G99/><T86/><D47/><U35/><E35/><V96/><F113/><W121/><G9/><T15/><D15/><U114/><E114/><V28/><F111/><N who="3" m="42539" /><G80/><T25/><D67/><U58/><E76/><V119/><F119/><W129/><G74/><T13/><D13/><U94/><E84/><V48/><F64/><W5/><G5/><T0/><D25/><U42/><E8/><V56/><F7/><W85/><G85/><T12/><D12/><U62/><REACH who="1" step="1"/><E23/><REACH who="1" step="2"/><V30/><F78/><W133/><G121/><T57/><D86/><U65/><E65/><V95/><F97/><W20/><G20/><T115/><D79/><U29/><E29/><V91/><F30/><W53/><G126/><T105/><D122/><U10/><E10/><V36/><F28/><W127/><G127/><T103/><D33/><U92/><E92/><V93/><F95/><W100/><G39/><T34/><D34/><U63/><AGARI ba="0,1" hai="22,24,31,41,42,43,49,54,58,62,63,87,90,94" machi="63" ten="30,6000,0" yaku="1,1,0,1,8,1,53,0" doraHai="124" doraHaiUra="102" who="1" fromWho="1" sc="323,-20,217,70,274,-20,176,-20" /><INIT seed="1,1,0,1,4,69" ten="303,287,254,156" oya="1" hai0="35,109,51,11,32,131,37,14,42,66,64,77,44" hai1="34,29,28,90,2,54,107,3,122,134,16,19,15" hai2="74,20,78,126,48,33,99,56,45,80,46,0,22" hai3="55,27,112,100,9,120,63,96,124,104,101,30,128"/><U129/><E107/><V93/><F126/><W103/><G112/><T105/><D105/><U111/><E90/><V135/><F135/><W110/><G120/><T59/><D131/><U76/><E76/><V73/><F33/><W25/><G128/><T121/><D121/><U57/><E122/><V97/><F0/><W18/><G124/><T70/><D109/><U87/><E129/><V82/><F97/><W118/><G110/><T60/><D77/><U61/><E111/><V67/><F74/><W26/><G118/><T52/><D66/><U92/><E134/><V10/><F80/><W88/><G30/><T95/><D95/><U4/><E19/><AGARI ba="1,0" hai="11,14,19,32,35,37,42,44,51,52,59,60,64,70" machi="19" ten="30,8000,1" yaku="7,1,24,2,52,1,54,1" doraHai="69" who="0" fromWho="1" sc="303,83,287,-83,254,0,156,0" /><INIT seed="2,0,0,5,4,126" ten="386,204,254,156" oya="2" hai0="116,112,34,6,19,91,113,105,92,38,58,57,36" hai1="124,97,41,54,12,55,78,109,83,79,60,33,86" hai2="14,48,45,129,68,49,50,71,110,89,88,123,73" hai3="69,11,80,13,108,114,8,61,133,130,111,117,66"/><V2/><F73/><W87/><G117/><T121/><D116/><U84/><E33/><V107/><F2/><W101/><G114/><T42/><D34/><U131/><E41/><V96/><F123/><W15/><G101/><T40/><D92/><U118/><E118/><V7/><F107/><W106/><G106/><T32/><D32/><U103/><E124/><V99/><F110/><W0/><G133/><T28/><D28/><U98/><E109/><V22/><F45/><W135/><G0/><T5/><D105/><U100/><E12/><V75/><F75/><W102/><G135/><T65/><D65/><U16/><E60/><V52/><F52/><W37/><G102/><T31/><D31/><U62/><E62/><V1/><F1/><W128/><G37/><T44/><D44/><U18/><REACH who="1" step="1"/><E83/><REACH who="1" step="2"/><V72/><F14/><N who="3" m="5131" /><G108/><T115/><D115/><U74/><E74/><V46/><F72/><W93/><G111/><T20/><D121/><U63/><E63/><V39/><F39/><W21/><G21/><T53/><D38/><U119/><E119/><V104/><F22/><W134/><G134/><T3/><D20/><U51/><E51/><V56/><F49/><W122/><G122/><T81/><D36/><U59/><E59/><V67/><F50/><W35/><G35/><T4/><D58/><U125/><E125/><V64/><F56/><W29/><G93/><T30/><D3/><U85/><E85/><V24/><F48/><W17/><G87/><T120/><D113/><U132/><E132/><V94/><F94/><W127/><G80/><T77/><D112/><RYUUKYOKU ba="0,1" sc="386,-10,194,30,254,-10,156,-10" hai1="16,18,54,55,78,79,84,86,97,98,100,103,131" /><INIT seed="3,1,1,4,5,97" ten="376,224,244,146" oya="3" hai0="5,37,24,131,93,128,53,62,72,79,28,27,11" hai1="55,119,122,50,118,80,21,36,26,134,67,30,4" hai2="22,15,86,121,0,34,105,8,6,42,63,129,114" hai3="49,12,120,65,96,23,84,39,57,103,16,109,48"/><W31/><G39/><T107/><D107/><U78/><E122/><V126/><F114/><W69/><G120/><T100/><D37/><U82/><E36/><V110/><F121/><W40/><G69/><T60/><D79/><U64/><E4/><V43/><F105/><W9/><G109/><T51/><D72/><U125/><E134/><V44/><F110/><W92/><G40/><T66/><D131/><U20/><E125/><V90/><F129/><W47/><G47/><T61/><D66/><U115/><E115/><V135/><F135/><W94/><G84/><T112/><D112/><U106/><E106/><V46/><F34/><W130/><G130/><T1/><D128/><U76/><E30/><V117/><F126/><W102/><G94/><T10/><D10/><U123/><E123/><V81/><F117/><W2/><G2/><T38/><D38/><U45/><E50/><V99/><F99/><W18/><G102/><T35/><D27/><U87/><E87/><V116/><F116/><W14/><G31/><T70/><D70/><U71/><E71/><V13/><F63/><AGARI ba="1,1" hai="9,12,14,16,18,23,48,49,57,63,65,92,96,103" machi="63" ten="40,7700,0" yaku="8,1,52,1,54,1" doraHai="97" who="3" fromWho="2" sc="376,0,224,0,244,-80,146,90" /><INIT seed="3,2,0,4,2,134" ten="376,224,164,236" oya="3" hai0="32,61,29,75,80,70,41,129,7,132,8,65,98" hai1="122,3,72,50,10,67,71,51,131,79,78,121,34" hai2="119,100,9,107,56,112,68,20,103,21,83,124,48" hai3="42,23,128,24,37,86,5,40,85,54,111,19,118"/><W77/><G118/><T11/><D132/><U101/><E131/><V2/><F68/><W113/><G113/><T36/><D129/><U22/><E34/><V6/><F119/><W52/><G128/><T110/><D110/><U76/><E72/><V58/><F112/><W115/><G115/><T90/><D90/><U46/><E101/><V47/><F83/><N who="3" m="47343" /><G37/><T12/><D98/><U125/><E67/><V31/><F21/><W49/><G111/><T89/><D89/><U96/><E71/><V69/><F69/><W74/><G74/><T57/><D70/><U17/><E96/><V30/><F103/><W0/><G0/><T84/><D84/><U99/><E99/><V55/><F100/><W16/><G5/><T116/><D116/><U93/><E93/><V28/><F107/><W108/><G108/><T87/><D87/><U102/><E102/><V114/><F114/><W43/><G86/><T126/><D36/><U15/><E51/><V62/><F20/><N who="3" m="13319" /><G49/><T94/><D32/><U64/><E64/><V105/><F105/><W26/><AGARI ba="2,0" hai="19,23,26,40,42,43,52,54" m="13319,47343" machi="26" ten="30,6000,0" yaku="8,1,54,2" doraHai="134" who="3" fromWho="3" sc="376,-22,224,-22,164,-22,236,66" /><INIT seed="3,3,0,0,3,111" ten="354,202,142,302" oya="3" hai0="68,95,0,46,112,70,103,89,33,17,44,87,120" hai1="7,124,134,82,73,81,71,96,100,106,61,119,113" hai2="131,109,83,102,92,3,18,110,27,31,91,50,122" hai3="123,130,51,6,43,132,97,67,5,22,127,105,116"/><W58/><G123/><T65/><D120/><U14/><E134/><V79/><F122/><W85/><G116/><T26/><D0/><U86/><E119/><V88/><F3/><W45/><G132/><T20/><D33/><U125/><E73/><V30/><F18/><W80/><G127/><N who="1" m="48714" /><E71/><V24/><F131/><W114/><G130/><T128/><D128/><U62/><E82/><V21/><F50/><W57/><G105/><T28/><D28/><U98/><E96/><V108/><F102/><W1/><G1/><T23/><D23/><U40/><E40/><V52/><F52/><W76/><G114/><T9/><D9/><N who="1" m="4415" /><E113/><V4/><F4/><W64/><G97/><T39/><D112/><U59/><E59/><N who="3" m="22538" /><G6/><T121/><D121/><U34/><E34/><V75/><REACH who="2" step="1"/><F92/><REACH who="2" step="2"/><W55/><G5/><T90/><D103/><U135/><E135/><V115/><F115/><W63/><G22/><AGARI ba="3,1" hai="21,22,24,27,30,31,75,79,83,88,91,108,109,110" machi="22" ten="40,8000,1" yaku="1,1,9,1,14,1,54,1,53,0" doraHai="111" doraHaiUra="69" who="2" fromWho="3" sc="354,0,202,0,132,99,302,-89" /><INIT seed="4,0,0,1,0,120" ten="354,202,231,213" oya="0" hai0="108,61,80,111,87,14,5,92,27,126,69,114,35" hai1="50,23,12,6,99,66,15,109,85,11,28,116,91" hai2="39,58,95,115,101,59,10,19,30,52,104,46,3" hai3="74,25,78,53,57,119,81,40,75,51,56,22,76"/><T44/><D126/><U34/><E116/><V105/><F30/><W21/><G40/><T93/><D114/><U63/><E34/><V77/><F115/><W18/><G119/><T54/><D35/><U33/><E33/><V70/><F70/><W102/><G102/><T79/><D27/><U134/><E134/><V32/><F32/><W45/><G22/><T82/><D82/><AGARI ba="0,0" hai="18,21,25,45,51,53,56,57,74,75,76,78,81,82" machi="82" ten="40,1300,0" yaku="9,1" doraHai="120" who="3" fromWho="0" sc="354,-13,202,0,231,0,213,13" /><INIT seed="5,0,0,4,3,82" ten="341,202,231,226" oya="1" hai0="131,31,100,133,96,108,132,52,125,46,50,3,106" hai1="56,129,92,7,28,65,45,104,64,5,103,126,79" hai2="74,32,25,111,34,69,33,80,93,135,62,49,90" hai3="123,35,11,86,47,77,8,98,102,36,39,70,87"/><U116/><E116/><V101/><F111/><W16/><G35/><T30/><D108/><U122/><E122/><V118/><F118/><W76/><G70/><T114/><D3/><U88/><E129/><V63/><F101/><W22/><G123/><T14/><D131/><U81/><E126/><V54/><F135/><N who="0" m="51786" /><D125/><U94/><E28/><N who="0" m="10793" /><D14/><U6/><E104/><V78/><F69/><W29/><G29/><T21/><D21/><U66/><E103/><V57/><REACH who="2" step="1"/><F25/><REACH who="2" step="2"/><W95/><G39/><T121/><D121/><U73/><E45/><V89/><F89/><W23/><G36/><T13/><D13/><U38/><E38/><V128/><F128/><W127/><G47/><T48/><D50/><U119/><E119/><V24/><F24/><N who="3" m="14407" /><G127/><T124/><D124/><U109/><E109/><V55/><F55/><W105/><G105/><T42/><D52/><U40/><E40/><V60/><F60/><W12/><G77/><T37/><D37/><U134/><E134/><V115/><F115/><AGARI ba="0,1" hai="42,46,48,96,100,106,114,115" m="10793,51786" machi="115" ten="30,1000,0" yaku="20,1" doraHai="82" who="0" fromWho="2" sc="341,20,202,0,221,-10,226,0" /><INIT seed="6,0,0,4,3,70" ten="361,202,211,226" oya="2" hai0="84,18,82,31,106,133,78,11,44,85,129,98,94" hai1="59,95,62,118,69,121,74,122,0,12,132,73,51" hai2="76,131,79,15,36,71,114,30,120,81,77,46,109" hai3="75,58,102,52,38,33,104,117,35,54,60,50,49"/><V80/><F120/><N who="1" m="46185" /><E0/><V22/><F71/><W68/><G75/><N who="1" m="28682" /><E118/><V53/><F114/><W113/><G117/><T17/><D31/><U20/><E132/><V124/><F131/><W103/><G113/><T135/><D129/><U14/><E69/><V24/><F124/><W108/><G108/><T37/><D106/><U1/><E1/><V96/><F109/><W125/><G125/><T6/><D85/><U39/><E51/><V19/><F96/><W13/><G68/><T27/><D27/><U97/><E20/><V25/><F25/><W110/><G110/><T127/><D127/><U116/><E116/><V134/><F134/><W115/><G115/><T64/><D64/><N who="1" m="39007" /><E39/><V40/><REACH who="2" step="1"/><F53/><REACH who="2" step="2"/><W86/><G54/><T3/><D135/><U32/><E32/><AGARI ba="0,1" hai="15,19,22,24,30,32,36,40,46,76,77,79,80,81" machi="32" ten="40,12000,1" yaku="1,1,2,1,52,1,53,1" doraHai="70" doraHaiUra="10" who="2" fromWho="1" sc="361,0,202,-120,201,130,226,0" /><INIT seed="6,1,0,1,3,118" ten="361,82,331,226" oya="2" hai0="106,37,79,48,29,131,34,77,61,8,128,89,107" hai1="114,41,132,103,36,88,109,108,11,133,6,28,73" hai2="14,85,104,82,24,21,74,19,90,7,52,87,22" hai3="91,23,134,84,96,38,31,113,119,42,17,20,13"/><V51/><F104/><W47/><G119/><T99/><D37/><U117/><E88/><V121/><F121/><W1/><G1/><T76/><D29/><U26/><E103/><V120/><F120/><W127/><G127/><T3/><D34/><U95/><E95/><V56/><F74/><W59/><G134/><T60/><D48/><U30/><E41/><V67/><F67/><W15/><G113/><T49/><D49/><U102/><E102/><V65/><F65/><W9/><G96/><T86/><D8/><U4/><E73/><V43/><F43/><W57/><G31/><T50/><D50/><U5/><E36/><V71/><F71/><W92/><REACH who="3" step="1"/><G23/><REACH who="3" step="2"/><T2/><D2/><U32/><E117/><V126/><F126/><W123/><G123/><T72/><D3/><U122/><E30/><N who="2" m="17679" /><F87/><W110/><G110/><T40/><D99/><U135/><E114/><V101/><F101/><W54/><G54/><T25/><D40/><U125/><E125/><V68/><F68/><W69/><G69/><T129/><D72/><U116/><E116/><V39/><F39/><W66/><G66/><T16/><D107/><U58/><E122/><V46/><F46/><W97/><G97/><T18/><D106/><U112/><E112/><V27/><F27/><W80/><G80/><N who="0" m="49351" /><D25/><U53/><REACH who="1" step="1"/><E11/><REACH who="1" step="2"/><V35/><F35/><W94/><G94/><T78/><D131/><U0/><E0/><V45/><F45/><W111/><G111/><T130/><D130/><U75/><E75/><V44/><F44/><W33/><G33/><T12/><D129/><U55/><E55/><RYUUKYOKU ba="1,2" sc="361,-30,72,10,331,10,216,10" hai1="4,5,6,26,28,32,53,58,108,109,132,133,135" hai2="7,14,19,22,51,52,56,82,85,90" hai3="9,13,15,17,20,38,42,47,57,59,84,91,92" /><INIT seed="6,2,2,0,2,44" ten="331,82,341,226" oya="2" hai0="67,84,129,86,114,112,60,35,0,126,33,6,56" hai1="41,99,88,61,51,18,70,7,135,104,98,36,109" hai2="83,120,28,131,52,101,10,79,23,22,17,115,3" hai3="77,106,75,29,43,38,62,122,81,103,27,133,58"/><V94/><F120/><W82/><G122/><T5/><D126/><U76/><E109/><V42/><F131/><W46/><G133/><T119/><D119/><U8/><E135/><V24/><F115/><N who="0" m="44074" /><D129/><U78/><E36/><V130/><F130/><W108/><G108/><T59/><D59/><U100/><E18/><V90/><F42/><W73/><G82/><T102/><D102/><U55/><E41/><V48/><F101/><W32/><G103/><T71/><D71/><U105/><E61/><V124/><F124/><W111/><G106/><T107/><D107/><U69/><E70/><V12/><F3/><W40/><G40/><T80/><D86/><U64/><E69/><V45/><F83/><W4/><G4/><N who="0" m="1643" /><D0/><U30/><E64/><V53/><F79/><AGARI ba="2,2" hai="33,35,56,60,67,79,80,84" m="1643,44074" machi="79" ten="30,1000,0" yaku="15,1" doraHai="44" who="0" fromWho="2" sc="331,36,82,0,341,-16,226,0" /><INIT seed="7,0,0,0,1,62" ten="367,82,325,226" oya="3" hai0="115,66,28,39,128,46,70,74,95,9,11,132,2" hai1="100,20,45,0,113,120,131,130,42,129,123,107,57" hai2="112,5,32,49,121,122,86,58,119,7,102,73,18" hai3="21,13,78,6,40,47,105,127,114,109,65,61,76"/><W36/><G127/><T56/><D70/><U37/><E20/><V93/><F119/><W60/><G114/><T16/><D74/><U96/><E57/><V41/><F73/><W84/><G109/><T24/><D115/><U79/><E113/><V75/><F32/><W14/><G105/><T106/><D106/><U26/><E79/><V33/><F75/><W51/><G36/><T8/><D2/><U19/><E19/><V124/><F33/><W55/><G61/><T94/><D39/><U88/><E88/><V71/><F124/><W34/><G34/><T77/><D77/><U90/><E90/><V63/><F71/><W108/><G108/><T53/><D132/><U31/><REACH who="1" step="1"/><E0/><REACH who="1" step="2"/><V91/><F112/><W103/><G103/><T30/><D16/><U104/><E104/><V15/><F102/><W67/><G78/><T48/><D56/><U118/><E118/><V29/><F29/><W85/><G76/><T52/><D30/><U133/><E133/><V89/><F89/><W117/><G117/><T126/><D28/><U80/><E80/><V35/><F35/><W4/><G21/><T27/><D126/><U64/><E64/><N who="3" m="24650" /><G85/><T12/><D66/><U116/><E116/><V1/><F86/><W68/><G68/><T72/><D72/><U125/><E125/><V101/><F101/><W23/><G84/><T38/><D95/><U69/><E69/><V111/><F93/><W25/><G25/><T82/><D27/><U3/><E3/><V87/><F1/><W10/><G23/><T135/><D24/><U44/><E44/><V83/><F111/><RYUUKYOKU ba="0,1" sc="367,-10,72,30,325,-10,226,-10" hai1="26,31,37,42,45,96,100,107,120,123,129,130,131" owari="367,46,102,-40,315,12,216,-18" /></mjloggm>