<mjloggm ver="2.3"><GO type="97"/><UN n0="%EF%BC%88%E2%89%A7%E2%96%BD%E2%89%A6%EF%BC%89" n1="%E3%83%90%E3%82%A4%E3%83%90%E3%82%A4%E3%83%8B%E3%83%BC%E3%83%88" n2="%40%73%61%6B%75%72%61" n3="%E9%9B%80%E6%82%9F" dan="15,14,14,13" rate="1962,1887,1970,1999" sx="M,F,M,M"/><TAIKYOKU oya="0"/><INIT seed="0,0,0,4,3,16" ten="250,250,250,250" oya="0" hai0="131,19,17,111,29,28,71,6,30,126,67,129,92" hai1="103,104,2,94,22,127,82,55,42,118,95,78,31" hai2="124,107,50,5,120,44,18,25,122,8,13,123,59" hai3="117,1,60,113,35,10,9,74,64,102,115,85,39"/><T53/><D126/><U83/><E118/><V49/><F107/><W61/><G35/><T24/><D111/><U81/><E127/><V38/><F124/><W88/><G74/><T90/><D6/><U93/><E2/><V57/><F38/><W21/><G39/><T70/><D53/><U91/><E42/><V63/><F49/><W7/><G102/><T125/><D125/><U62/><E62/><V96/><F59/><W3/><G117/><T27/><D67/><U46/><E46/><V26/><F96/><W40/><G40/><T132/><D132/><U69/><E22/><V12/><F13/><W135/><G135/><T45/><D45/><U52/><E31/><V58/><F57/><W110/><G110/><T11/><D11/><U4/><E69/><N who="0" m="26121" /><D90/><U86/><E52/><V66/><REACH who="2" step="1"/><F5/><REACH who="2" ten="250,250,240,250" step="2"/><W89/><G7/><T79/><D131/><U54/><E4/><V121/><N who="2" m="31232" /><DORA hai="99" /><V37/><F37/><W116/><G116/><T15/><D129/><U43/><E43/><AGARI ba="0,1" hai="8,12,18,25,26,43,44,50,58,63,66" m="31232" machi="43" ten="70,2300,0" yaku="1,1,53,0" doraHai="16,99" doraHaiUra="97,76" who="2" fromWho="1" sc="250,0,250,-23,240,33,250,0" /><INIT seed="1,0,0,0,5,113" ten="250,227,273,250" oya="1" hai0="85,102,121,21,2,64,131,69,100,59,119,68,135" hai1="56,123,5,24,29,50,54,90,129,48,118,41,108" hai2="104,27,126,109,105,132,19,17,47,45,22,112,122" hai3="65,1,53,39,28,81,31,80,34,11,73,98,134"/><U44/><E118/><V117/><F117/><W96/><G65/><T93/><D121/><U63/><E123/><V18/><F122/><W94/><G134/><T15/><D119/><U49/><E129/><V110/><F132/><W89/><G39/><T14/><D135/><U46/><E108/><N who="2" m="41579" /><F126/><W20/><G34/><T124/><D124/><U0/><E0/><V3/><F3/><W86/><G1/><T42/><D2/><U75/><E75/><V25/><F112/><W30/><G11/><T79/><D131/><U8/><E5/><V62/><F62/><W103/><G53/><T133/><D133/><U127/><E127/><V37/><F37/><W13/><G73/><T106/><D106/><N who="2" m="41066" /><F22/><W70/><G70/><T60/><D69/><U115/><E115/><V43/><F43/><W52/><G20/><T16/><D68/><U76/><E76/><V78/><F78/><W38/><G38/><T35/><D35/><U91/><E8/><V9/><F9/><W82/><G13/><N who="0" m="9359" /><D42/><U107/><E107/><V26/><AGARI ba="0,0" hai="17,18,19,25,26,27,45,47" m="41066,41579" machi="26" ten="40,5200,0" yaku="28,2,14,1" doraHai="113" who="2" fromWho="2" sc="250,-13,227,-26,273,52,250,-13" /><INIT seed="2,0,0,4,5,27" ten="237,201,325,237" oya="2" hai0="1,125,0,100,51,6,23,135,39,13,55,18,62" hai1="89,92,107,14,47,82,38,59,80,105,63,128,33" hai2="99,83,123,85,133,88,31,49,94,77,43,84,41" hai3="74,111,90,73,50,78,34,10,101,81,98,120,114"/><V110/><F123/><W126/><G34/><T113/><D113/><U97/><E128/><V24/><F133/><W46/><G120/><T119/><D39/><U58/><E33/><V36/><F36/><W42/><G114/><T20/><D135/><U108/><E108/><V71/><F71/><W93/><G111/><T96/><D119/><U40/><E58/><V130/><F130/><W69/><G69/><T5/><D125/><U11/><E105/><V22/><F110/><W103/><G126/><T2/><D62/><U8/><E107/><V19/><F49/><W117/><G74/><T124/><D124/><U132/><E132/><V91/><REACH who="2" step="1"/><F31/><REACH who="2" ten="237,201,315,237" step="2"/><W118/><G117/><T87/><D51/><U29/><E29/><V26/><F26/><W104/><G118/><T86/><D0/><U12/><E8/><V21/><F21/><W30/><G10/><N who="0" m="6455" /><D1/><U57/><E14/><V115/><F115/><W95/><G30/><T79/><D2/><U52/><REACH who="1" step="1"/><E59/><REACH who="1" ten="237,191,315,237" step="2"/><V75/><F75/><W35/><G73/><T127/><D127/><U68/><E68/><V61/><F61/><W65/><G35/><T28/><D23/><U25/><E25/><V131/><F131/><W54/><G46/><T106/><D20/><U64/><E64/><V134/><F134/><W109/><G65/><T48/><D28/><U66/><E66/><V32/><F32/><W44/><G109/><T15/><D15/><U7/><AGARI ba="0,2" hai="7,11,12,38,40,47,52,57,63,80,82,89,92,97" machi="7" ten="20,5200,0" yaku="1,1,0,1,7,1,54,1,53,0" doraHai="27" doraHaiUra="45" who="1" fromWho="1" sc="237,-13,191,72,315,-26,237,-13" /><INIT seed="3,0,0,4,3,2" ten="224,263,289,224" oya="3" hai0="59,5,106,77,92,55,36,34,32,127,60,90,38" hai1="37,118,117,52,3,119,101,30,45,75,6,40,10" hai2="19,103,22,98,56,11,116,68,31,63,131,23,125" hai3="120,49,97,80,7,134,35,70,16,110,46,102,76"/><W9/><G120/><T79/><D106/><U85/><E75/><V50/><F116/><N who="1" m="29697" /><U27/><DORA hai="48" /><E101/><V1/><F125/><W135/><G70/><T41/><D127/><U65/><E65/><V21/><F131/><W112/><G112/><T13/><D34/><N who="1" m="20831" /><E85/><V24/><F68/><W96/><G35/><T15/><D32/><U74/><E74/><V133/><F50/><W26/><G110/><T25/><D25/><U109/><E109/><V129/><F129/><W78/><G26/><T17/><D41/><U20/><E20/><V113/><F133/><N who="3" m="50699" /><G97/><N who="0" m="57495" /><D38/><U28/><E28/><V42/><F42/><N who="3" m="24791" /><G80/><T94/><D36/><U72/><E72/><V115/><F113/><W132/><N who="3" m="50707" /><W88/><DORA hai="18" /><G88/><T84/><D84/><U39/><E40/><V51/><F115/><W105/><G16/><T47/><D94/><U67/><E67/><N who="2" m="39399" /><F51/><AGARI ba="0,0" hai="3,6,10,37,39,45,51,52" m="20831,29697" machi="51" ten="40,8000,1" yaku="12,1,52,2,54,1" doraHai="2,48,18" who="1" fromWho="2" sc="224,0,263,80,289,-80,224,0" owari="224,2.0,343,45.0,209,-29.0,224,-18.0" /></mjloggm>