<mjloggm ver="2.3"><GO type="41"/><UN n0="%E3%83%8A%E3%82%A4%E3%83%B3%EF%BC%90%EF%BC%90%EF%BC%99" n1="%E8%89%B2%E3%80%85%E3%81%AA%E8%89%B2" n2="%E7%B4%85%E9%9C%A7%E5%B3%B6" n3="%EF%BC%88%E2%89%A7%E2%96%BD%E2%89%A6%EF%BC%89" dan="14,14,13,15" rate="1852,1841,2027,2027" sx="M,M,F,M"/><TAIKYOKU oya="0"/><INIT seed="0,0,0,0,5,13" ten="250,250,250,250" oya="0" hai0="57,120,96,19,26,50,18,7,68,133,29,1,118" hai1="52,15,77,14,59,98,63,9,60,38,20,91,122" hai2="58,34,115,45,97,74,93,124,129,5,125,111,121" hai3="31,44,126,112,107,71,56,119,17,32,103,76,6"/><T106/><D118/><U65/><E38/><V81/><F115/><W86/><G71/><T53/><D120/><U94/><E122/><V3/><F121/><W35/><G119/><T10/><D68/><U27/><E77/><V128/><F34/><W113/><G112/><T82/><D133/><U117/><E9/><N who="2" m="2239" /><F45/><W116/><G116/><T48/><D82/><U90/><E91/><V131/><F58/><W61/><G113/><T8/><D8/><U88/><E90/><N who="2" m="55479" /><F111/><W70/><G70/><T28/><D28/><U54/><E117/><V89/><F89/><W43/><G32/><T114/><D114/><U101/><E101/><V66/><F66/><W92/><G103/><T87/><D87/><U99/><E99/><V105/><F105/><W127/><G107/><T102/><REACH who="0" step="1"/><D50/><REACH who="0" ten="240,250,250,250" step="2"/><U41/><E63/><V109/><F109/><W85/><G86/><T0/><D0/><U79/><E60/><V46/><F81/><W23/><G61/><T104/><D104/><U80/><E80/><V51/><F74/><W22/><G85/><T64/><D64/><U2/><E65/><V69/><F69/><W123/><G123/><T42/><D42/><AGARI ba="0,1" hai="42,46,51,124,125,128,129,131" m="55479,2239" machi="42" ten="30,1000,0" yaku="19,1" doraHai="13" who="2" fromWho="0" sc="240,-10,250,0,250,20,250,0" /><INIT seed="1,0,0,4,5,43" ten="230,250,270,250" oya="1" hai0="35,132,34,66,71,24,108,52,97,112,114,8,25" hai1="115,87,23,133,16,89,53,58,82,59,93,63,64" hai2="44,76,73,70,15,38,18,88,33,90,22,40,54" hai3="84,9,122,134,60,72,48,120,77,126,105,67,107"/><U30/><E115/><V21/><F33/><W47/><G72/><T104/><D132/><U42/><E133/><V29/><F70/><W83/><G134/><T0/><D108/><U55/><E30/><V79/><F54/><W6/><G126/><T85/><D85/><U135/><E135/><V110/><F110/><W20/><G20/><T101/><D35/><U56/><E42/><V100/><F100/><W31/><G31/><T61/><D25/><N who="1" m="14567" /><E82/><V14/><F73/><W81/><G81/><T94/><D94/><U125/><E125/><V65/><F65/><W4/><G122/><T103/><D103/><U17/><E17/><V99/><F15/><W106/><G120/><T3/><D3/><U49/><E55/><V113/><F113/><W28/><G28/><N who="0" m="19719" /><D52/><U95/><E93/><V50/><F38/><W39/><G39/><T27/><D27/><U123/><E123/><V19/><F19/><W10/><G4/><AGARI ba="0,0" hai="0,4,8,61,66,71,97,101,104,112,114" m="19719" machi="4" ten="30,2000,0" yaku="25,1,23,1" doraHai="43" who="0" fromWho="3" sc="230,20,250,0,270,0,250,-20" /><INIT seed="2,0,0,5,3,38" ten="250,250,270,230" oya="2" hai0="116,77,135,8,7,81,84,11,1,83,125,122,82" hai1="43,69,87,120,24,100,57,66,10,70,95,0,36" hai2="106,49,31,123,68,50,58,42,113,78,104,45,118" hai3="61,63,107,18,98,129,109,99,56,121,60,75,6"/><V22/><F118/><W5/><G121/><T96/><D122/><U101/><E120/><V28/><F123/><W71/><G75/><T117/><D125/><U73/><E73/><V13/><F68/><W3/><G129/><T86/><D135/><U35/><E95/><V111/><F113/><W53/><G109/><T90/><D117/><U112/><E87/><V17/><F111/><W47/><G71/><T4/><D96/><N who="3" m="36905" /><G107/><T32/><D32/><U88/><E100/><V94/><F78/><W34/><G34/><T52/><D116/><U59/><E101/><V115/><F115/><W74/><G74/><T21/><D21/><U12/><E36/><V51/><F94/><W105/><G105/><T103/><D103/><U14/><E0/><V110/><F110/><W65/><G3/><T102/><D102/><U133/><E35/><V2/><F2/><W124/><G124/><T46/><D1/><U92/><E92/><V91/><F91/><W114/><G114/><T55/><D90/><U72/><E88/><V132/><F106/><W119/><G119/><T85/><D77/><U29/><E69/><V134/><F104/><W39/><G39/><T93/><D93/><U27/><E70/><V80/><F132/><W54/><G18/><T30/><D30/><N who="2" m="11306" /><F134/><W89/><G89/><T15/><D8/><U26/><E10/><V64/><F80/><W37/><G37/><T130/><D130/><U16/><E133/><V23/><F23/><W131/><G131/><T44/><D4/><N who="3" m="1641" /><G63/><AGARI ba="0,0" hai="13,17,22,42,45,49,50,51,58,63,64" m="11306" machi="63" ten="30,2900,0" yaku="8,1,52,1" doraHai="38" who="2" fromWho="3" sc="250,0,250,0,270,29,230,-29" /><INIT seed="2,1,0,3,4,96" ten="250,250,299,201" oya="2" hai0="100,54,32,67,66,18,53,120,47,57,8,38,30" hai1="22,11,112,61,48,68,42,125,98,131,21,82,89" hai2="0,119,52,56,92,122,79,19,85,81,106,62,44" hai3="107,133,94,59,20,90,135,64,80,84,4,110,118"/><V24/><F119/><W115/><G4/><T114/><D120/><U108/><E112/><V71/><F122/><W123/><G123/><T3/><D114/><U134/><E134/><N who="3" m="51210" /><G115/><T73/><D73/><U28/><E11/><V14/><F0/><W9/><G9/><T101/><D3/><U83/><E68/><V37/><F106/><W121/><G121/><T76/><D76/><U35/><E35/><V129/><F129/><W60/><G118/><T2/><D2/><U63/><E28/><V16/><F71/><W78/><G110/><T88/><D38/><U103/><E98/><V34/><F92/><W58/><G107/><T70/><D70/><U124/><E108/><V109/><F109/><W45/><G45/><T91/><D32/><U25/><E25/><V55/><F37/><W33/><G33/><T50/><D30/><U75/><E75/><V49/><F34/><W27/><G60/><N who="0" m="35887" /><D66/><U127/><E131/><V111/><F111/><W41/><G41/><T12/><D67/><U6/><E42/><V17/><REACH who="2" step="1"/><F24/><REACH who="2" ten="250,250,289,201" step="2"/><W105/><G105/><T26/><D26/><U1/><E1/><V117/><F117/><W31/><G64/><T99/><D99/><AGARI ba="1,1" hai="20,27,31,58,59,78,80,84,90,94,99" m="51210" machi="99" ten="30,1000,0" yaku="20,1" doraHai="96" who="3" fromWho="0" sc="250,-13,250,0,289,0,201,23" /><INIT seed="3,0,0,4,2,82" ten="237,250,289,224" oya="3" hai0="86,2,23,16,31,104,27,130,100,122,134,106,93" hai1="33,80,75,107,9,58,56,37,3,119,116,70,133" hai2="112,102,21,108,61,83,62,123,11,39,64,126,114" hai3="127,135,1,43,129,49,45,103,72,101,5,41,111"/><W109/><G72/><T38/><D122/><U65/><E107/><V110/><F39/><W76/><G76/><T10/><D38/><U63/><E33/><V66/><F11/><N who="3" m="2479" /><G135/><T14/><D134/><U0/><E37/><V95/><F123/><W51/><G127/><T54/><D2/><U94/><E133/><V115/><F126/><W22/><G129/><T44/><D130/><U78/><E94/><V7/><F83/><W96/><G22/><T99/><D44/><U77/><E0/><V124/><F7/><W53/><G49/><T42/><D42/><N who="3" m="15881" /><G96/><T85/><D54/><U30/><E77/><V55/><F21/><W69/><G69/><T48/><D48/><U17/><E30/><V131/><F131/><W35/><G35/><T97/><D93/><U36/><E36/><V18/><F124/><W71/><G71/><T29/><D31/><U19/><E70/><V46/><F18/><W24/><G24/><T25/><D25/><U59/><E19/><V128/><F128/><W87/><G87/><T12/><D12/><N who="1" m="7311" /><E3/><V84/><F84/><W117/><G117/><T52/><D52/><U28/><E116/><V32/><F55/><W4/><G4/><T15/><D15/><U98/><E119/><V57/><F32/><W132/><G132/><T74/><D74/><U92/><E75/><V121/><F121/><W13/><G13/><T113/><D113/><U73/><E73/><V88/><F112/><W20/><G20/><T125/><D125/><U90/><E78/><V6/><F114/><W60/><G60/><T50/><D50/><U26/><E80/><RYUUKYOKU ba="0,0" sc="237,10,250,10,289,-30,224,10" hai0="10,14,16,23,27,29,85,86,97,99,100,104,106" hai1="26,28,56,58,59,63,65,90,92,98" hai3="45,51,53,101,103,109,111" /><INIT seed="3,1,0,5,4,65" ten="247,260,259,234" oya="3" hai0="40,0,134,8,100,127,31,60,93,19,11,26,68" hai1="88,53,18,79,130,42,10,69,1,39,30,57,82" hai2="9,14,84,51,12,133,58,121,129,17,112,27,16" hai3="47,4,45,28,29,89,86,90,101,66,49,36,63"/><W34/><G36/><T108/><D40/><U15/><E1/><V46/><F112/><W7/><G101/><T32/><D127/><U55/><E130/><V123/><F129/><W20/><G34/><T107/><D134/><U61/><E30/><V103/><F133/><W2/><G2/><T13/><D0/><U111/><E39/><V35/><F58/><N who="3" m="37239" /><G47/><T74/><D74/><U116/><E42/><V24/><F103/><W73/><G73/><T52/><D108/><U132/><E111/><V6/><F84/><W115/><G115/><T120/><D120/><N who="2" m="46154" /><F35/><W3/><G3/><T41/><D41/><U83/><E116/><V37/><F37/><W106/><G106/><T54/><D11/><U56/><E132/><V62/><F62/><W44/><G44/><T76/><D76/><U124/><E124/><V96/><F96/><W21/><G29/><T33/><D33/><U128/><E128/><V64/><F64/><W94/><G89/><T99/><D93/><U22/><E10/><N who="2" m="6167" /><F6/><N who="3" m="2091" /><G28/><T71/><REACH who="0" step="1"/><D60/><REACH who="0" ten="237,260,259,234" step="2"/><U72/><E61/><V78/><F78/><W50/><G50/><T122/><D122/><U77/><E79/><V23/><F9/><W118/><G118/><T102/><D102/><U81/><E77/><V43/><AGARI ba="1,1" hai="14,17,23,24,27,43,46,51" m="6167,46154" machi="43" ten="30,2000,0" yaku="13,1,54,1" doraHai="65" who="2" fromWho="2" sc="237,-6,260,-6,259,33,234,-11" /><INIT seed="4,0,0,2,4,33" ten="231,254,292,223" oya="0" hai0="133,45,116,74,53,96,0,18,134,32,9,92,20" hai1="107,97,90,130,52,93,121,113,64,75,73,65,59" hai2="126,102,81,28,63,82,135,54,123,76,101,72,111" hai3="34,51,37,117,78,104,115,49,108,99,118,100,62"/><T17/><D74/><U98/><E121/><V88/><F28/><W132/><G108/><T36/><D116/><U30/><E30/><V124/><F111/><W66/><G132/><N who="0" m="50795" /><D32/><U83/><E130/><V11/><F135/><W29/><G115/><T41/><D53/><U70/><E70/><V8/><F123/><W10/><G37/><T112/><D112/><U6/><E6/><V46/><F63/><W43/><G78/><T57/><D57/><U39/><E39/><V60/><F60/><W106/><G106/><T42/><D41/><U71/><E71/><V91/><F54/><W79/><G79/><T27/><D9/><N who="2" m="3658" /><F46/><N who="3" m="25823" /><G51/><T94/><D94/><U21/><E73/><V47/><F47/><W1/><G10/><T86/><D86/><U40/><E40/><V95/><F95/><W131/><G131/><T127/><D127/><N who="2" m="48682" /><F82/><W5/><G118/><T35/><D35/><U105/><E83/><V4/><F4/><W122/><G117/><T69/><D69/><U125/><E125/><V68/><F68/><N who="3" m="42071" /><G122/><T16/><D0/><U25/><E75/><V110/><F110/><W31/><G34/><T12/><D12/><U23/><E107/><V109/><F109/><W61/><G61/><T2/><D2/><U119/><E105/><V128/><F128/><W77/><G5/><T120/><D120/><U48/><E119/><V7/><F7/><W103/><G1/><T38/><D38/><U87/><E113/><V13/><F13/><W55/><G55/><T3/><D3/><U56/><E52/><V67/><F67/><W50/><G29/><T15/><D15/><RYUUKYOKU ba="0,0" sc="231,15,254,-15,292,15,223,-15" hai0="16,17,18,20,27,36,42,45,92,96" hai2="72,76,81,88,91,101,102" /><INIT seed="4,1,0,4,0,35" ten="246,239,307,208" oya="0" hai0="2,72,19,92,36,24,134,106,98,84,16,111,8" hai1="22,93,116,131,0,124,126,1,21,103,9,108,105" hai2="69,129,10,32,119,125,64,55,57,68,110,47,43" hai3="78,96,67,85,128,44,13,76,117,99,7,27,59"/><T80/><D36/><U81/><E116/><V83/><F32/><W52/><G117/><T62/><D111/><U127/><E105/><V113/><F110/><W115/><G115/><T102/><D134/><U23/><E108/><V46/><F119/><W71/><G128/><T75/><D106/><U28/><E81/><V20/><F113/><W58/><G71/><T41/><D41/><U87/><E131/><V26/><F129/><W4/><G27/><T133/><D133/><U88/><E103/><V135/><F135/><W14/><G67/><T6/><D62/><U51/><E51/><V31/><F125/><W132/><G132/><T48/><D48/><U90/><E90/><V77/><F64/><W29/><G29/><T25/><D19/><U89/><E89/><V11/><F68/><W112/><G112/><T30/><D24/><U104/><E104/><V86/><F69/><W123/><G123/><T50/><D50/><U130/><E130/><V33/><F33/><W3/><G44/><N who="2" m="16937" /><F43/><W18/><G18/><T17/><D75/><U39/><E39/><V37/><F37/><W45/><G45/><T70/><D72/><U15/><E28/><V49/><AGARI ba="1,0" hai="10,11,20,26,31,49,55,57,77,83,86" m="16937" machi="49" ten="30,1100,0" yaku="8,1" doraHai="35" who="2" fromWho="2" sc="246,-6,239,-4,307,14,208,-4" /><INIT seed="5,0,0,0,0,8" ten="240,235,321,204" oya="1" hai0="118,3,127,104,7,82,128,34,130,73,131,74,10" hai1="84,42,113,79,9,27,122,95,4,121,114,71,126" hai2="91,135,105,119,65,15,85,67,123,106,47,13,20" hai3="120,33,5,29,54,16,100,69,97,98,12,28,124"/><U59/><E71/><V30/><F119/><W75/><G120/><T21/><D118/><U24/><E42/><V101/><F123/><W18/><G75/><T86/><D104/><U50/><E126/><V60/><F135/><W89/><G69/><T78/><D34/><U35/><E35/><V110/><F110/><W111/><G111/><T72/><D127/><U103/><E121/><V93/><F47/><W66/><G66/><N who="2" m="25097" /><F106/><W64/><G124/><T57/><D57/><U58/><E122/><V0/><F0/><W129/><G129/><T36/><D36/><U11/><E79/><V90/><F105/><W44/><G64/><T115/><D115/><N who="1" m="44043" /><E11/><V102/><F60/><W132/><G132/><T87/><D87/><U46/><E84/><N who="2" m="52423" /><F20/><AGARI ba="0,0" hai="3,7,10,20,21,72,73,74,78,82,86,128,130,131" machi="20" ten="50,1600,0" yaku="19,1" doraHai="8" who="0" fromWho="2" sc="240,16,235,0,321,-16,204,0" /><INIT seed="6,0,0,5,0,93" ten="256,235,305,204" oya="2" hai0="108,69,131,8,106,55,96,76,23,24,92,116,10" hai1="58,47,87,28,19,44,7,97,25,12,66,40,61" hai2="46,54,127,91,43,2,45,88,5,15,79,16,85" hai3="4,75,53,77,109,114,41,49,60,39,110,103,123"/><V67/><F127/><W81/><G123/><T102/><D108/><U72/><E72/><V133/><F133/><W17/><G114/><T101/><D69/><U11/><E87/><V126/><F126/><W105/><G4/><T57/><D116/><U112/><E112/><V80/><F67/><W132/><G132/><T125/><D125/><U68/><E68/><V129/><F129/><W122/><G122/><T134/><D134/><U115/><E115/><V86/><F2/><W32/><G32/><T117/><D117/><U119/><E119/><V118/><F118/><W71/><G17/><T78/><D131/><U74/><E74/><V130/><F130/><W56/><G103/><T104/><D76/><U64/><E64/><V38/><F54/><W30/><G30/><T1/><D78/><U70/><E70/><V52/><F52/><W100/><G39/><T21/><D21/><U14/><E40/><V59/><F59/><W35/><G35/><T3/><D3/><U51/><E51/><N who="2" m="27071" /><F46/><W94/><G105/><T34/><D34/><U27/><E44/><V33/><F33/><W0/><G0/><T36/><D36/><U73/><E47/><V124/><F124/><W9/><G41/><T26/><D26/><U63/><E27/><V31/><F38/><W20/><G71/><T84/><D1/><U37/><E37/><V48/><F48/><W18/><G49/><T99/><D55/><U13/><E73/><V62/><F62/><W65/><G53/><T128/><D57/><U135/><E61/><V42/><F42/><W121/><G121/><T90/><D128/><RYUUKYOKU ba="0,0" sc="256,30,235,-10,305,-10,204,-10" hai0="8,10,23,24,84,90,92,96,99,101,102,104,106" /><INIT seed="7,1,0,3,2,88" ten="286,225,295,194" oya="3" hai0="21,67,16,129,61,48,40,57,101,27,92,74,14" hai1="82,28,58,20,83,95,122,10,104,110,127,44,77" hai2="65,55,41,87,76,8,125,90,114,62,11,133,118" hai3="71,19,42,33,72,98,102,128,36,31,56,32,123"/><W64/><G123/><T66/><D74/><U0/><E104/><V3/><F118/><W43/><G128/><T78/><D129/><U86/><E122/><V68/><F55/><W37/><G56/><T22/><D78/><U112/><E110/><V54/><F54/><W134/><G19/><T59/><D40/><U119/><E119/><V24/><F76/><W53/><G53/><T109/><D109/><U79/><E112/><V73/><F73/><W45/><G134/><T1/><D1/><U5/><E44/><V6/><F133/><W52/><G52/><N who="0" m="31879" /><D101/><U94/><E58/><V115/><F125/><W35/><G72/><T116/><D116/><U70/><E70/><V126/><F126/><W49/><G31/><N who="0" m="17903" /><D92/><U105/><E105/><V2/><F41/><W107/><REACH who="3" step="1"/><G43/><REACH who="3" ten="286,225,295,184" step="2"/><T106/><D67/><U47/><E127/><V69/><F65/><W81/><G81/><T9/><D106/><U60/><E82/><V15/><F69/><W30/><G30/><T23/><AGARI ba="1,1" hai="9,14,16,22,23,59,61,66" m="17903,31879" machi="23" ten="30,4000,0" yaku="8,1,54,2" doraHai="88" who="0" fromWho="0" sc="286,53,225,-11,295,-11,184,-21" owari="339,45.0,214,-19.0,284,8.0,163,-34.0" /></mjloggm>