<mjloggm ver="2.3"><GO type="169"/><UN n0="%EF%BC%88%E2%89%A7%E2%96%BD%E2%89%A6%EF%BC%89" n1="%E3%83%AD%E3%83%AA%E3%83%BC%E3%82%BF%E3%81%AA%E7%84%BC%E8%82%89" n2="%E6%96%B0%E8%B2%B4" n3="%EF%BC%88%EF%BC%8A%EF%BC%9E%EF%BC%9C%EF%BC%89" dan="18,16,16,18" rate="2176,2090,2079,2178" sx="M,M,M,F"/><TAIKYOKU oya="0"/><INIT seed="0,0,0,1,0,16" ten="250,250,250,250" oya="0" hai0="113,34,93,9,73,59,4,31,48,133,135,104,12" hai1="89,30,86,129,99,124,102,54,106,101,7,36,77" hai2="23,82,108,68,35,132,117,123,110,128,112,21,28" hai3="22,15,120,87,40,26,88,67,70,3,65,20,53"/><T25/><D113/><U97/><E36/><V134/><F68/><W79/><G3/><T6/><D104/><N who="1" m="63535" /><E54/><V61/><F61/><W63/><G79/><T14/><D73/><U126/><E7/><N who="0" m="2601" /><D93/><N who="1" m="54455" /><E30/><V116/><F82/><N who="3" m="49271" /><G70/><T60/><D48/><U66/><E66/><N who="3" m="25098" /><G120/><T13/><D59/><U42/><E42/><V11/><F112/><W114/><G114/><T41/><D60/><U122/><E122/><V32/><F123/><W76/><G40/><T64/><D64/><U125/><E77/><V131/><F11/><W2/><G76/><T38/><D41/><U37/><E37/><V17/><F17/><N who="3" m="10303" /><G2/><T92/><D38/><U62/><E62/><V72/><F72/><W51/><G63/><T43/><D43/><U98/><E98/><V75/><F75/><W46/><G26/><T58/><D9/><U81/><E81/><V105/><F105/><W39/><G39/><T1/><D1/><U19/><E125/><V0/><F0/><W47/><G47/><T103/><D25/><U33/><E33/><V45/><F45/><W111/><G46/><T130/><D34/><U127/><E19/><V107/><F107/><W18/><G51/><T50/><D50/><U100/><E100/><V96/><F96/><W24/><G53/><T55/><D55/><U90/><E90/><V85/><F85/><W80/><G80/><T95/><D103/><U49/><E49/><V78/><F78/><W57/><G57/><T84/><D58/><U5/><E5/><V121/><F121/><W10/><G10/><T44/><D44/><U69/><E69/><V118/><F116/><RYUUKYOKU ba="0,0" sc="250,-30,250,10,250,10,250,10" hai1="99,102,106,124,126,127,129" hai2="21,23,28,32,35,108,110,117,118,128,131,132,134" hai3="18,22,24,111" /><INIT seed="1,1,0,1,1,3" ten="220,260,260,260" oya="1" hai0="101,11,53,115,38,24,61,68,128,83,104,21,125" hai1="26,95,120,77,122,112,35,42,19,32,9,71,4" hai2="31,96,123,130,87,52,134,63,60,84,75,25,62" hai3="49,0,121,47,58,74,34,2,8,66,80,43,51"/><U119/><E71/><V16/><F123/><N who="1" m="47145" /><E95/><V46/><F75/><W10/><G34/><N who="1" m="12842" /><E42/><V18/><F130/><W131/><G121/><T126/><D38/><U14/><E77/><V27/><F134/><W50/><G131/><T56/><D128/><U102/><E102/><V5/><F5/><W117/><G117/><T108/><D115/><U105/><E105/><V100/><F27/><W28/><G28/><T78/><D68/><U40/><E40/><V89/><F31/><W85/><G74/><T55/><D55/><U17/><E119/><V6/><F6/><W107/><G107/><T33/><D101/><U73/><E73/><V7/><F7/><W44/><G0/><T65/><D104/><U1/><E112/><V59/><F46/><W54/><G2/><T82/><D65/><U110/><E110/><V23/><F18/><N who="1" m="6665" /><E26/><V133/><F133/><W64/><G64/><T30/><D108/><U127/><E1/><V45/><F45/><W41/><REACH who="3" step="1"/><G66/><REACH who="3" ten="220,260,260,250" step="2"/><T81/><D30/><U114/><E114/><V13/><F100/><W99/><G99/><T70/><D70/><U135/><E135/><V103/><F103/><W29/><G29/><T67/><D67/><U113/><E113/><V94/><F25/><W106/><G106/><T39/><D33/><U111/><E111/><V109/><F109/><W91/><AGARI ba="1,1" hai="8,10,41,43,44,47,49,50,51,54,58,80,85,91" machi="91" ten="20,8000,1" yaku="1,1,0,1,7,1,9,1,8,1,53,0" doraHai="3" doraHaiUra="90" who="3" fromWho="3" sc="220,-21,260,-41,260,-21,250,93" /><INIT seed="2,0,0,5,0,88" ten="199,219,239,343" oya="2" hai0="14,51,52,27,20,129,94,43,69,18,117,49,61" hai1="87,76,99,125,24,68,12,35,4,36,77,110,115" hai2="92,123,74,8,16,13,34,30,45,75,91,79,31" hai3="26,22,63,9,10,103,60,82,90,85,57,105,109"/><V128/><F123/><W114/><G109/><T44/><D129/><U96/><E110/><V55/><F128/><W37/><G37/><T56/><D117/><U95/><E36/><V108/><F108/><W133/><G133/><T21/><D69/><U17/><E68/><V53/><F34/><W65/><G114/><T1/><D1/><U111/><E115/><V33/><F33/><W78/><G103/><T40/><D94/><U86/><E111/><V41/><F75/><W6/><G105/><T48/><REACH who="0" step="1"/><D43/><REACH who="0" ten="189,219,239,343" step="2"/><U58/><E95/><V93/><F93/><N who="3" m="54479" /><G6/><T54/><D54/><U127/><E4/><V23/><F41/><W104/><G104/><T19/><AGARI ba="0,1" hai="14,18,19,20,21,27,40,44,48,49,51,52,56,61" machi="19" ten="20,12000,2" yaku="1,1,0,1,7,1,8,1,54,1,53,1" doraHai="88" doraHaiUra="38" who="0" fromWho="0" sc="189,130,219,-30,239,-60,343,-30" /><INIT seed="3,0,0,3,5,119" ten="319,189,179,313" oya="3" hai0="74,51,116,25,67,87,101,103,125,8,54,81,61" hai1="3,88,9,102,100,44,121,50,90,14,79,68,96" hai2="48,64,11,114,10,56,115,82,98,85,20,128,93" hai3="19,91,49,35,6,134,1,126,84,92,112,40,2"/><W117/><G117/><T111/><D74/><U110/><E68/><V37/><F37/><W43/><G112/><T16/><D116/><U129/><E110/><V89/><F128/><W77/><G35/><T131/><D111/><U0/><E129/><V97/><F115/><W66/><G66/><T57/><D131/><U99/><E79/><V13/><F114/><W24/><G134/><T124/><D8/><U132/><E132/><V4/><F20/><W95/><G126/><N who="0" m="48747" /><D16/><N who="1" m="8271" /><E121/><V75/><F75/><W133/><G133/><T71/><D25/><U130/><E130/><V72/><F72/><W15/><G24/><T69/><D71/><U76/><E76/><AGARI ba="0,0" hai="51,54,57,61,67,69,76,81,87,101,103" m="48747" machi="76" ten="30,1000,0" yaku="18,1" doraHai="119" who="0" fromWho="1" sc="319,10,189,-10,179,0,313,0" /><INIT seed="4,0,0,0,4,111" ten="329,179,179,313" oya="0" hai0="59,85,66,61,91,26,118,126,86,53,48,70,64" hai1="77,132,56,27,36,79,119,96,92,8,32,44,57" hai2="131,49,87,33,122,68,13,94,55,76,17,20,133" hai3="10,98,62,135,30,5,21,93,100,37,124,58,114"/><T90/><D118/><U16/><E119/><V42/><F122/><W11/><G37/><T78/><D126/><U63/><E132/><V102/><F33/><W104/><G124/><T80/><D66/><U28/><E36/><V116/><F68/><W107/><G135/><T24/><REACH who="0" step="1"/><D78/><REACH who="0" ten="319,179,179,313" step="2"/><U52/><E77/><V127/><F116/><W14/><G10/><T34/><D34/><U125/><E79/><V101/><F133/><W69/><G69/><T117/><D117/><U123/><E125/><V31/><F127/><W120/><G120/><T71/><D71/><U38/><E123/><V9/><F76/><W106/><G21/><T45/><D45/><U39/><E44/><V19/><F20/><W60/><G30/><T51/><D51/><U3/><E57/><V103/><F31/><W43/><G62/><T95/><AGARI ba="0,1" hai="24,26,48,53,59,61,64,70,80,85,86,90,91,95" machi="95" ten="20,3900,0" yaku="1,1,0,1,7,1,53,0" doraHai="111" doraHaiUra="15" who="0" fromWho="0" sc="319,49,179,-13,179,-13,313,-13" /><INIT seed="4,1,0,2,2,98" ten="368,166,166,300" oya="0" hai0="86,17,121,63,75,38,85,42,12,48,45,134,102" hai1="68,80,127,115,30,82,0,29,128,13,104,46,118" hai2="21,44,112,26,59,64,93,120,27,25,5,90,56" hai3="41,11,66,9,10,76,72,31,88,7,126,135,125"/><T101/><D75/><U91/><E68/><V133/><F120/><W124/><G41/><T49/><D121/><U81/><E0/><V54/><F112/><W39/><G39/><T114/><D114/><U65/><E115/><V77/><F133/><W18/><G66/><T43/><D134/><U32/><E118/><V123/><F123/><W55/><G135/><T1/><D1/><U84/><E104/><V119/><F119/><W19/><G76/><T117/><D117/><U62/><E128/><V37/><F37/><W47/><G72/><T109/><D109/><U51/><E127/><V4/><F77/><W2/><G31/><T40/><D63/><U69/><E13/><V107/><F107/><W105/><G105/><T22/><D38/><U113/><E113/><V57/><F64/><W50/><G2/><T106/><D106/><U52/><REACH who="1" step="1"/><E32/><REACH who="1" ten="368,156,166,300" step="2"/><V132/><F132/><W58/><G7/><T122/><D122/><U73/><E73/><V110/><F110/><W99/><G47/><N who="0" m="25727" /><D42/><U87/><E87/><AGARI ba="1,1" hai="12,17,22,40,45,49,85,86,87,101,102" m="25727" machi="87" ten="30,5800,0" yaku="8,1,52,2" doraHai="98" who="0" fromWho="1" sc="368,71,156,-61,166,0,300,0" /><INIT seed="4,2,0,4,3,116" ten="439,95,166,300" oya="0" hai0="86,59,102,28,13,29,42,68,97,119,33,124,63" hai1="55,135,128,82,54,72,66,89,92,71,85,105,48" hai2="129,43,77,133,74,2,30,53,120,41,100,14,110" hai3="17,8,50,99,79,112,9,104,73,34,23,36,109"/><T113/><D119/><U31/><E105/><V3/><F110/><W15/><G36/><T45/><D113/><U19/><E128/><V24/><F120/><W27/><G112/><T126/><D86/><U122/><E31/><V127/><F129/><W64/><G79/><T56/><D13/><U18/><E135/><V69/><F69/><W51/><G73/><T94/><D68/><U12/><E122/><V47/><F133/><W32/><G109/><T46/><D33/><U49/><E71/><V95/><F127/><N who="0" m="48682" /><D56/><U20/><E66/><V90/><F100/><W118/><G118/><T6/><D6/><U91/><E72/><V96/><F14/><W101/><G64/><N who="0" m="39039" /><D46/><U103/><E103/><V115/><F115/><W0/><G8/><T78/><D78/><U80/><E18/><V67/><F67/><W4/><REACH who="3" step="1"/><G34/><REACH who="3" ten="439,95,166,290" step="2"/><T21/><D21/><U7/><E7/><V38/><F74/><W81/><G81/><T44/><D44/><U60/><E82/><V111/><F77/><W40/><G40/><T130/><D130/><U1/><E80/><V70/><F111/><W134/><G134/><T125/><D125/><U61/><E20/><V76/><F76/><W108/><G108/><T106/><D45/><U121/><E121/><V5/><F43/><W117/><G117/><T26/><D42/><U22/><E22/><V65/><F5/><W35/><G35/><N who="0" m="20887" /><D106/><U62/><E1/><V123/><F123/><W132/><G132/><T57/><D57/><U16/><E92/><V88/><F2/><W37/><G37/><T39/><D39/><U75/><E75/><RYUUKYOKU ba="2,1" sc="439,15,95,-15,166,-15,290,15" hai0="29,94,97,102" hai3="0,4,9,15,17,23,27,32,50,51,99,101,104" /><INIT seed="4,3,1,3,2,50" ten="454,80,151,305" oya="0" hai0="25,103,38,36,97,53,45,10,71,123,117,95,46" hai1="121,70,66,133,1,33,69,110,26,54,80,31,13" hai2="74,34,12,17,124,62,37,30,60,40,132,28,107" hai3="90,7,111,131,79,20,93,65,91,94,8,22,59"/><T81/><D71/><U67/><E121/><V109/><F74/><W39/><G39/><T134/><D123/><U35/><E1/><V101/><F109/><W114/><G79/><T108/><D117/><U87/><E110/><V127/><F132/><W41/><G41/><T18/><D134/><U119/><E119/><V100/><F37/><W14/><G111/><T52/><D108/><U16/><E35/><V112/><F40/><W73/><G73/><T68/><D68/><U43/><E43/><V19/><F12/><W48/><G114/><T6/><D38/><U64/><E133/><V76/><F76/><W98/><G131/><T128/><D128/><U77/><REACH who="1" step="1"/><E54/><REACH who="1" ten="454,70,151,305" step="2"/><N who="0" m="21097" /><D36/><U96/><E96/><V84/><F34/><W118/><G118/><T63/><D63/><U122/><E122/><V49/><F112/><W32/><G32/><T51/><D51/><U9/><AGARI ba="3,2" hai="9,13,16,26,31,33,64,66,67,69,70,77,80,87" machi="9" ten="30,4000,0" yaku="1,1,0,1,54,1,53,0" doraHai="50" doraHaiUra="2" who="1" fromWho="1" sc="454,-23,70,69,151,-13,305,-13" /><INIT seed="5,0,0,4,4,32" ten="431,139,138,292" oya="1" hai0="79,102,6,38,83,14,112,33,96,3,7,9,19" hai1="56,78,71,20,41,18,86,24,60,51,45,64,108" hai2="10,65,84,0,130,67,122,113,75,105,52,48,4" hai3="57,120,107,59,135,25,29,40,87,88,115,5,106"/><U92/><E108/><V39/><F75/><W111/><G111/><T74/><D112/><U97/><E71/><V44/><F122/><W28/><G120/><T13/><D33/><U104/><E104/><V66/><F105/><W55/><G40/><T12/><D38/><U27/><E27/><V80/><F130/><W8/><G115/><T91/><D91/><U31/><E18/><V121/><F113/><W68/><G68/><T94/><D6/><U69/><E69/><V2/><F121/><W109/><G59/><T16/><AGARI ba="0,0" hai="3,7,9,12,13,14,16,19,74,79,83,94,96,102" machi="16" ten="30,4000,0" yaku="0,1,52,1,54,1" doraHai="32" who="0" fromWho="0" sc="431,40,139,-20,138,-10,292,-10" /><INIT seed="6,0,0,2,2,18" ten="471,119,128,282" oya="2" hai0="86,66,91,47,22,109,2,40,36,38,13,98,60" hai1="19,92,79,106,54,57,77,23,121,105,131,115,120" hai2="118,55,119,83,48,132,30,27,128,70,96,49,85" hai3="126,33,125,62,82,114,108,76,46,63,37,53,123"/><V129/><F70/><W72/><G123/><N who="1" m="47178" /><E131/><N who="2" m="50251" /><F132/><W90/><G108/><T11/><D98/><U34/><E92/><V43/><F43/><W20/><G33/><T14/><D38/><U24/><E34/><N who="2" m="20831" /><F96/><W113/><G90/><T68/><D109/><U41/><E41/><V116/><F55/><W117/><G117/><N who="2" m="29953" /><V65/><DORA hai="15" /><F65/><W50/><G37/><T31/><D66/><U111/><E115/><N who="3" m="44042" /><G63/><T88/><D60/><N who="1" m="35895" /><E111/><V9/><F9/><W84/><G62/><T73/><D11/><U21/><E21/><V61/><F61/><W99/><G99/><T94/><D22/><U35/><E35/><V135/><F135/><W5/><G20/><T133/><D133/><U8/><E8/><V59/><F59/><W6/><G84/><T52/><D86/><U29/><E29/><V58/><F58/><W100/><G100/><T1/><D31/><U32/><E32/><V67/><F67/><W78/><G78/><AGARI ba="0,0" hai="19,23,24,77,78,79,105,106" m="35895,47178" machi="78" ten="30,3900,0" yaku="13,1,52,2" doraHai="18,15" who="1" fromWho="3" sc="471,0,119,39,128,0,282,-39" /><AGARI ba="0,0" hai="48,49,78,83,85" m="29953,20831,50251" machi="78" ten="40,2000,0" yaku="19,1" doraHai="18,15" who="2" fromWho="3" sc="471,0,158,0,128,20,243,-20" /><INIT seed="6,1,0,3,3,106" ten="471,158,148,223" oya="2" hai0="89,15,113,65,40,88,130,12,126,61,35,102,57" hai1="25,14,103,86,1,18,20,67,124,127,114,51,121" hai2="53,123,95,129,60,80,131,24,84,64,19,46,30" hai3="42,85,37,23,76,31,8,27,91,125,71,11,92"/><V3/><F123/><W9/><G71/><T29/><D113/><U133/><E121/><V118/><F118/><W117/><G117/><T128/><D126/><N who="1" m="48171" /><E114/><V13/><F3/><W120/><G125/><T47/><D102/><U81/><E133/><V107/><F107/><W94/><G120/><T115/><D115/><U10/><E67/><V109/><F95/><W100/><G37/><N who="0" m="21903" /><D29/><N who="1" m="17575" /><E103/><V4/><F4/><W48/><G76/><T63/><D35/><U28/><E51/><N who="2" m="28919" /><F109/><W112/><G112/><T78/><D78/><N who="1" m="46391" /><E28/><V44/><F44/><N who="3" m="25623" /><G100/><T122/><D15/><U87/><E87/><V68/><F13/><W134/><G134/><T49/><D57/><U0/><AGARI ba="1,0" hai="0,1,10,14,18" m="46391,17575,48171" machi="0" ten="30,1100,0" yaku="18,1" doraHai="106" who="1" fromWho="1" sc="471,-4,158,14,148,-6,223,-4" /><INIT seed="7,0,0,1,5,114" ten="467,172,142,219" oya="3" hai0="25,106,21,13,78,9,60,135,96,86,105,65,69" hai1="57,85,94,1,52,44,119,97,23,18,70,36,58" hai2="4,100,128,26,133,109,62,45,111,19,38,51,87" hai3="84,20,32,120,75,91,6,59,71,95,22,49,116"/><W56/><G75/><T24/><D135/><U112/><E70/><V92/><F38/><W31/><G71/><T39/><D96/><U37/><E112/><V2/><F133/><W104/><G104/><T89/><D78/><U103/><E1/><V121/><F128/><W98/><G120/><T0/><D25/><N who="1" m="14583" /><E37/><V61/><F121/><W74/><G74/><T34/><D60/><N who="1" m="35879" /><E36/><V41/><F111/><W16/><G6/><T50/><D21/><U35/><E119/><V12/><F109/><W113/><G116/><T77/><D13/><U5/><E35/><V17/><F2/><W53/><G113/><T80/><D65/><U102/><E5/><V63/><F26/><N who="3" m="14599" /><G32/><T83/><D80/><U33/><E44/><V118/><F118/><W64/><G22/><T107/><D50/><U42/><E42/><V131/><F131/><W123/><G31/><T68/><D89/><N who="1" m="55503" /><E33/><V8/><REACH who="2" step="1"/><F100/><REACH who="2" ten="467,172,132,219" step="2"/><N who="1" m="38441" /><E58/><V54/><F54/><W29/><G123/><T15/><D34/><U79/><E79/><V47/><F47/><W101/><G101/><T14/><D24/><U129/><E129/><V73/><F73/><W127/><G59/><T134/><D106/><U117/><E117/><V81/><F81/><W66/><G56/><T76/><D107/><U55/><E55/><V10/><F10/><W132/><G53/><T108/><D105/><U67/><E67/><V7/><F7/><W122/><G66/><T126/><D134/><U90/><E90/><AGARI ba="0,1" hai="4,8,12,17,19,41,45,51,61,62,63,87,90,92" machi="90" ten="40,2600,0" yaku="1,1,8,1,53,0" doraHai="114" doraHaiUra="93" who="2" fromWho="1" sc="467,0,172,-26,132,36,219,0" owari="467,56.0,146,-35.0,168,-23.0,219,2.0" /></mjloggm>