<mjloggm ver="2.3"><GO type="41"/><UN n0="%EF%BC%88%E2%89%A7%E2%96%BD%E2%89%A6%EF%BC%89" n1="%E5%B7%A6%E6%8A%98%E5%8F%AF" n2="%E6%BA%96%E7%94%B7%E7%88%B5" n3="%73%69%67%65%6E%6F%72%69" dan="15,15,13,15" rate="2071,1898,1863,2011" sx="M,M,F,M"/><TAIKYOKU oya="0"/><INIT seed="0,0,0,4,2,40" ten="250,250,250,250" oya="0" hai0="52,124,39,68,71,106,41,119,96,93,62,76,111" hai1="35,83,45,92,4,30,134,132,53,12,64,5,104" hai2="9,26,16,20,130,72,50,86,48,88,49,59,114" hai3="79,78,3,108,22,32,116,11,29,37,0,47,107"/><T123/><D123/><U73/><E104/><V58/><F72/><W42/><G116/><T61/><D119/><U67/><E73/><V103/><F114/><W46/><G108/><T87/><D106/><U6/><E83/><V91/><F130/><W120/><G120/><T55/><D111/><U38/><E12/><V133/><F133/><N who="1" m="51305" /><E92/><V2/><F103/><W110/><G32/><T8/><D124/><U90/><E90/><V7/><REACH who="2" step="1"/><F91/><REACH who="2" step="2"/><W113/><G113/><T65/><D76/><U70/><E70/><V33/><F33/><W44/><G110/><T100/><D68/><U25/><E38/><V43/><F43/><W77/><G107/><T31/><D41/><U1/><E1/><V122/><F122/><W57/><G3/><T126/><D39/><U101/><E101/><V19/><F19/><W102/><G102/><T85/><D100/><U18/><E18/><V13/><F13/><W34/><G34/><T121/><D71/><U94/><E35/><V84/><F84/><W15/><G0/><T109/><D87/><U99/><E30/><V127/><F127/><W125/><G125/><T131/><D85/><U24/><E24/><V115/><F115/><W97/><G37/><T60/><D31/><U82/><E25/><V23/><F23/><W36/><G36/><T74/><D126/><U21/><E21/><V129/><F129/><W17/><G29/><T80/><D131/><U14/><E14/><V10/><F10/><W54/><G11/><T112/><D8/><U118/><E118/><V98/><F98/><W128/><G97/><T117/><D96/><RYUUKYOKU ba="0,1" sc="250,-10,250,-10,240,30,250,-10" hai2="2,7,9,16,20,26,48,49,50,58,59,86,88" /><INIT seed="1,1,1,2,2,88" ten="240,240,270,240" oya="1" hai0="71,48,52,69,114,131,102,4,20,103,104,126,54" hai1="49,116,109,26,27,3,7,59,35,37,89,130,66" hai2="90,106,86,19,51,12,65,24,68,55,16,9,85" hai3="97,72,28,11,132,6,74,79,122,111,119,10,112"/><U36/><E116/><V29/><F106/><W46/><G122/><T67/><D114/><U81/><E130/><V94/><F68/><W93/><G112/><T80/><D4/><U76/><E89/><V23/><F65/><W14/><G119/><T57/><D131/><U39/><E35/><V43/><F43/><W1/><G111/><T92/><D126/><U82/><E109/><V47/><F85/><W61/><G132/><T83/><D104/><U34/><E34/><V2/><F2/><W120/><G120/><T18/><D54/><U95/><E95/><V21/><F21/><W5/><G28/><AGARI ba="1,1" hai="9,12,16,19,23,24,28,29,47,51,55,86,90,94" machi="28" ten="40,5200,0" yaku="8,1,52,1,54,1" doraHai="88" who="2" fromWho="3" sc="240,0,240,0,270,65,240,-55" /><INIT seed="2,0,0,4,1,77" ten="240,240,335,185" oya="2" hai0="50,124,116,81,76,80,88,117,57,67,26,134,56" hai1="36,85,101,78,121,64,63,31,15,19,127,54,71" hai2="106,129,91,135,123,38,99,27,12,133,46,47,59" hai3="52,95,68,82,126,104,4,93,8,29,34,83,44"/><V86/><F123/><W43/><G104/><T16/><D134/><U55/><E36/><V97/><F38/><W39/><G68/><T62/><D124/><U32/><E127/><V128/><F27/><W17/><G126/><T24/><D88/><U11/><E121/><V100/><F59/><W53/><G17/><T110/><D110/><U7/><E19/><V23/><F23/><W105/><G105/><T0/><D0/><U10/><E10/><V113/><F12/><W70/><G70/><T20/><D26/><U131/><E131/><N who="2" m="50251" /><F47/><W25/><G95/><T107/><D107/><U103/><E31/><V42/><F113/><W84/><G93/><T102/><D102/><U65/><E32/><V125/><F42/><W48/><G84/><T132/><D132/><N who="2" m="50762" /><F125/><W33/><G33/><T114/><D114/><U49/><E65/><V18/><F46/><W5/><G5/><T90/><D50/><U66/><E66/><V74/><F18/><W60/><G60/><T35/><D35/><U115/><E115/><V108/><F108/><W96/><G53/><T109/><D109/><U40/><E40/><V21/><F99/><W112/><G96/><T130/><D57/><U22/><E22/><V58/><F58/><N who="3" m="33031" /><G112/><T51/><D130/><U119/><E55/><V6/><F6/><W79/><G4/><T14/><D24/><U3/><E54/><V37/><F37/><W69/><G69/><T92/><D51/><U98/><E49/><V89/><F74/><N who="3" m="43383" /><G8/><T87/><D56/><U30/><E15/><V111/><F111/><W45/><G45/><T75/><D62/><RYUUKYOKU ba="0,0" sc="240,-10,240,-10,335,-10,185,30" hai3="25,29,34,39,43,44,83" /><INIT seed="3,1,0,2,0,27" ten="230,230,325,215" oya="3" hai0="107,65,59,15,29,31,28,17,110,109,26,54,23" hai1="25,131,5,51,116,9,122,50,117,132,106,3,89" hai2="73,19,121,119,62,39,69,18,13,97,4,71,128" hai3="7,33,87,20,85,127,118,49,82,123,55,111,14"/><W126/><G118/><N who="1" m="45674" /><E122/><V79/><F121/><W1/><G123/><T86/><D107/><U78/><E106/><V81/><F119/><W92/><G33/><N who="0" m="20631" /><D65/><U48/><E78/><V66/><F128/><W93/><G111/><N who="0" m="42507" /><D86/><N who="3" m="32777" /><G1/><T38/><D38/><U95/><E131/><V88/><F71/><W135/><G82/><T34/><D34/><U32/><E132/><V125/><F125/><N who="3" m="47627" /><G135/><T42/><D42/><U22/><E32/><V83/><F39/><W68/><G68/><T44/><D44/><U129/><E129/><V102/><F83/><W47/><G7/><T45/><D45/><U40/><E40/><V101/><F19/><AGARI ba="1,0" hai="14,19,20,47,49,55,92,93" m="47627,32777" machi="19" ten="30,1500,0" yaku="18,1" doraHai="27" who="3" fromWho="2" sc="230,0,230,0,325,-18,215,18" /><INIT seed="3,2,0,1,5,6" ten="230,230,307,233" oya="3" hai0="63,102,24,112,81,51,132,75,95,47,83,7,27" hai1="85,50,62,72,22,33,2,80,123,99,117,67,54" hai2="29,11,35,106,84,121,90,4,74,60,40,131,94" hai3="48,129,31,98,34,16,103,30,39,17,119,57,100"/><W25/><G39/><T37/><D37/><U127/><E123/><V12/><F106/><W52/><G119/><T49/><D112/><U91/><E33/><V88/><F74/><W61/><G129/><T55/><D132/><U110/><E2/><V125/><F131/><W5/><G30/><T41/><D7/><U45/><E117/><V59/><F121/><W86/><G5/><T130/><D130/><U101/><E110/><V87/><F125/><W104/><G103/><T13/><D13/><U108/><E108/><V36/><F35/><W14/><G86/><T133/><D63/><U9/><E72/><V64/><F29/><W114/><G114/><T28/><D133/><U20/><E9/><V79/><F36/><W15/><G15/><T128/><D128/><U135/><E127/><V19/><F40/><W56/><REACH who="3" step="1"/><G14/><REACH who="3" step="2"/><T71/><D75/><U3/><E135/><V134/><F134/><W89/><G89/><T58/><D28/><U66/><E3/><V1/><F1/><W118/><G118/><T42/><D102/><U69/><E101/><V73/><F73/><W82/><G82/><T8/><D83/><U68/><E99/><V116/><F116/><W120/><G120/><T44/><D81/><U21/><E80/><N who="2" m="49159" /><F79/><W122/><G122/><T32/><D27/><U105/><E85/><V109/><F109/><W93/><G93/><T97/><D24/><U113/><E91/><V38/><F38/><W18/><G18/><AGARI ba="2,1" hai="4,11,12,18,19,59,60,64,87,90,94" m="49159" machi="18" ten="30,3900,0" yaku="8,1,52,1,54,1" doraHai="6" who="2" fromWho="3" sc="230,0,230,0,307,55,223,-45" /><INIT seed="4,0,0,2,2,121" ten="230,230,362,178" oya="0" hai0="78,5,118,1,115,104,27,77,58,120,19,66,96" hai1="23,21,39,81,60,84,72,112,94,125,36,33,16" hai2="61,75,48,42,65,43,116,24,132,68,110,59,127" hai3="20,52,98,71,29,10,131,62,3,6,129,89,69"/><T113/><D120/><U57/><E33/><V53/><F75/><W99/><G29/><T126/><D118/><U102/><E72/><V107/><F107/><W117/><G117/><T135/><D135/><U7/><E7/><V35/><F116/><W11/><G20/><N who="0" m="13727" /><D126/><U83/><E125/><V85/><F85/><W103/><G89/><T51/><D1/><U38/><E112/><N who="0" m="43081" /><D5/><U46/><E46/><V101/><F132/><W17/><G17/><T111/><D111/><U47/><E47/><V22/><F101/><W41/><G41/><T97/><D104/><U67/><E23/><V40/><F35/><W119/><G119/><T9/><D9/><U56/><E57/><V95/><F127/><W13/><G3/><T55/><D66/><U100/><E94/><V124/><F124/><W18/><G6/><T79/><AGARI ba="0,0" hai="51,55,58,77,78,79,96,97" m="43081,13727" machi="79" ten="30,1500,0" yaku="15,1" doraHai="121" who="0" fromWho="0" sc="230,15,230,-5,362,-5,178,-5" /><INIT seed="4,1,0,4,5,125" ten="245,225,357,173" oya="0" hai0="59,116,39,84,107,64,45,60,86,16,77,23,85" hai1="80,97,31,70,135,89,108,87,4,15,99,33,12" hai2="130,9,25,128,123,75,98,27,0,129,105,115,19" hai3="37,34,92,120,17,38,58,113,122,8,67,1,102"/><T110/><D116/><U18/><E70/><V48/><F123/><N who="3" m="47147" /><G34/><T43/><D107/><U126/><E108/><V100/><F75/><W124/><G124/><T104/><D104/><U47/><E126/><V62/><F115/><W44/><G113/><T93/><D110/><U3/><E135/><V26/><F62/><N who="3" m="38359" /><G44/><T79/><REACH who="0" step="1"/><D93/><REACH who="0" step="2"/><U20/><E47/><V78/><F0/><W118/><G118/><T2/><D2/><U66/><E3/><V106/><F105/><W121/><G121/><T53/><D53/><U82/><E66/><V28/><F48/><W52/><G52/><T90/><D90/><U57/><E89/><V68/><F78/><W32/><G1/><T72/><D72/><U24/><E80/><V14/><F68/><W109/><G109/><T127/><D127/><U131/><E82/><V41/><F41/><W55/><G55/><T134/><D134/><U112/><E112/><V65/><F65/><W73/><G73/><T56/><D56/><U50/><E57/><V51/><F51/><W88/><G88/><T46/><D46/><U10/><E50/><V117/><F117/><W114/><G114/><T49/><D49/><U30/><E99/><V40/><F40/><W119/><G119/><T133/><D133/><U74/><E97/><V42/><F42/><W71/><G71/><T6/><D6/><U69/><E74/><V94/><F106/><W5/><G5/><T111/><D111/><U63/><E69/><V91/><F91/><W36/><G92/><T76/><D76/><U21/><E63/><V132/><F132/><W13/><G102/><RYUUKYOKU ba="1,1" sc="235,10,225,-30,357,10,173,10" hai0="16,23,39,43,45,59,60,64,77,79,84,85,86" hai2="9,14,19,25,26,27,28,94,98,100,128,129,130" hai3="8,13,17,32,36,37,38" /><INIT seed="4,2,1,1,4,114" ten="245,195,367,183" oya="0" hai0="92,91,61,73,126,127,96,97,88,64,10,24,104" hai1="29,36,45,99,106,27,84,94,47,108,28,43,57" hai2="35,102,62,131,44,123,3,82,125,60,109,130,93" hai3="55,119,33,39,41,135,16,87,80,103,31,98,15"/><T14/><D73/><U105/><E108/><V58/><F109/><W37/><G135/><T5/><D24/><U11/><E47/><V90/><F3/><W95/><G119/><T116/><D116/><U134/><E134/><V81/><F35/><W7/><G7/><T85/><D104/><U50/><E28/><V118/><F123/><W12/><G41/><T9/><D9/><U79/><E11/><V32/><F125/><N who="0" m="47626" /><D91/><U19/><E19/><V128/><F32/><W117/><G117/><T1/><D1/><U76/><E76/><V53/><F102/><W120/><G120/><T107/><D107/><U100/><E57/><AGARI ba="2,1" hai="5,10,14,57,61,64,85,88,92,96,97" m="47626" machi="57" ten="30,2900,0" yaku="18,1,54,1" doraHai="114" who="0" fromWho="1" sc="245,45,195,-35,367,0,183,0" /><INIT seed="4,3,0,3,1,55" ten="290,160,367,183" oya="0" hai0="35,36,109,65,17,63,4,105,19,114,73,9,95" hai1="20,97,118,38,62,78,111,128,99,53,94,66,28" hai2="18,10,131,24,46,40,69,33,54,3,79,57,84" hai3="43,32,72,127,7,102,13,130,30,26,104,25,119"/><T134/><D105/><U8/><E118/><V27/><F69/><W22/><G119/><T86/><D73/><U51/><E111/><V42/><F33/><W116/><G116/><T34/><D36/><U67/><E38/><V81/><F131/><W92/><G72/><T70/><D109/><U39/><E39/><V132/><F132/><W124/><G104/><T106/><D106/><U103/><E78/><V89/><F42/><W6/><G43/><T56/><D134/><U115/><E128/><V107/><F107/><W83/><G83/><T88/><D114/><U5/><E115/><V64/><F64/><W126/><G130/><T135/><D135/><U123/><E123/><V45/><F3/><W37/><G37/><T85/><D70/><U75/><E75/><V58/><F58/><W76/><G76/><T100/><D100/><U101/><E20/><V12/><F79/><W52/><G52/><T96/><D35/><U74/><E28/><V23/><F23/><W125/><G126/><T49/><D49/><U1/><E74/><V0/><F0/><W129/><G129/><T31/><D31/><U98/><E98/><V60/><F40/><W120/><G120/><T108/><D34/><U80/><E80/><V14/><REACH who="2" step="1"/><F14/><REACH who="2" step="2"/><W15/><G13/><N who="0" m="5287" /><D108/><U110/><E110/><V87/><F87/><AGARI ba="3,1" hai="17,19,56,63,65,85,86,87,88,95,96" m="5287" machi="87" ten="30,5800,0" yaku="8,1,52,1,54,1" doraHai="55" who="0" fromWho="2" sc="290,77,160,0,357,-67,183,0" /><INIT seed="4,4,0,2,1,81" ten="367,160,290,183" oya="0" hai0="83,107,3,93,62,45,36,99,87,91,124,86,89" hai1="108,129,48,128,9,69,6,131,14,63,22,13,39" hai2="70,100,55,74,68,67,5,75,15,53,82,57,96" hai3="77,49,88,52,135,64,31,40,34,114,111,85,134"/><T116/><D116/><U29/><E39/><V4/><F70/><W65/><G111/><T112/><D3/><U12/><E69/><V126/><F68/><W38/><G77/><T133/><D133/><N who="3" m="50697" /><G114/><T51/><D124/><U19/><E63/><V94/><F126/><W130/><G130/><T21/><D112/><U115/><E48/><V61/><F75/><W11/><G11/><T58/><D36/><U90/><E90/><V113/><F113/><W42/><G31/><T95/><D21/><U66/><E66/><N who="3" m="25706" /><G34/><T71/><D71/><U18/><E115/><V98/><F98/><W106/><G106/><T8/><D8/><N who="1" m="4119" /><E29/><V127/><F127/><W72/><G72/><T25/><D107/><U43/><E43/><V30/><F30/><W27/><G27/><T54/><D25/><U78/><E78/><V46/><F74/><W92/><G38/><T104/><D104/><U59/><E59/><AGARI ba="4,0" hai="40,42,49,52,59,85,88,92" m="25706,50697" machi="59" ten="30,7700,0" yaku="20,1,52,1,54,2" doraHai="81" who="3" fromWho="1" sc="367,0,160,-89,290,0,183,89" /><INIT seed="5,0,0,4,5,114" ten="367,71,290,272" oya="1" hai0="56,108,123,3,103,97,37,71,4,51,21,91,55" hai1="76,22,40,10,89,118,111,102,0,125,67,14,59" hai2="94,117,6,29,98,46,83,60,96,50,110,19,34" hai3="107,74,95,49,100,81,119,101,69,104,1,130,9"/><U28/><E0/><V127/><F110/><W5/><G69/><T72/><D108/><U35/><E111/><V61/><F127/><W39/><G130/><T132/><D71/><U48/><E35/><V106/><F34/><W45/><G119/><T75/><D37/><U7/><E125/><V42/><F29/><W63/><G63/><T44/><D123/><U15/><E102/><N who="3" m="39530" /><G49/><T126/><D126/><U36/><E36/><V64/><F6/><W16/><G16/><T2/><D2/><U47/><E118/><V84/><F106/><W86/><G86/><T134/><D21/><U24/><E76/><V25/><F117/><W131/><G95/><T112/><D112/><U8/><E89/><V78/><F94/><W20/><G20/><T13/><D91/><U116/><E116/><V87/><F84/><W92/><G92/><N who="0" m="58791" /><D3/><U90/><E90/><V68/><F61/><W58/><G131/><T85/><D85/><U66/><REACH who="1" step="1"/><E59/><REACH who="1" step="2"/><V32/><F32/><W77/><G58/><T122/><D56/><U113/><E113/><V54/><F42/><AGARI ba="0,1" hai="1,5,9,39,42,45,74,77,81,104,107" m="39530" machi="42" ten="30,1000,0" yaku="25,1" doraHai="114" who="3" fromWho="2" sc="367,0,61,0,290,-10,272,20" /><INIT seed="6,0,0,4,3,74" ten="367,61,280,292" oya="2" hai0="61,44,82,104,43,107,41,65,132,85,75,91,113" hai1="25,46,57,11,49,76,124,110,60,96,93,64,69" hai2="67,70,35,19,109,36,63,29,77,73,117,39,62" hai3="123,103,33,84,56,16,95,59,50,88,48,72,126"/><V30/><F117/><W121/><G33/><T28/><D113/><U55/><E110/><V99/><F29/><W102/><G72/><T87/><D75/><U130/><E124/><V125/><F125/><W6/><G126/><T5/><D132/><U116/><E116/><V12/><F109/><W129/><G129/><T112/><D112/><U134/><E134/><V2/><F63/><W105/><G6/><T27/><D5/><U83/><E130/><V34/><F30/><W21/><G123/><T45/><D87/><U51/><E25/><V15/><F99/><W38/><G38/><T115/><D115/><U17/><E17/><V68/><F2/><W4/><G4/><T114/><D43/><U108/><E108/><V13/><F68/><W118/><G121/><T23/><D45/><U119/><E119/><V94/><F19/><W86/><G86/><T131/><D131/><U98/><E11/><V7/><F7/><W128/><G128/><T80/><D80/><U14/><E14/><V120/><F94/><W133/><G133/><T71/><D114/><U37/><E93/><V47/><F120/><W122/><G122/><T106/><D104/><U42/><REACH who="1" step="1"/><E51/><AGARI ba="0,0" hai="23,27,28,41,44,51,61,65,71,82,85,91,106,107" machi="51" ten="30,1000,0" yaku="7,1" doraHai="74" who="0" fromWho="1" sc="367,10,61,-10,280,0,292,0" /><INIT seed="7,0,0,1,1,98" ten="377,51,280,292" oya="3" hai0="23,44,126,31,71,88,28,30,42,27,74,89,69" hai1="1,20,38,7,117,78,76,47,120,104,116,92,106" hai2="50,2,84,110,122,64,100,70,128,66,55,103,10" hai3="36,124,49,26,85,8,130,58,14,87,72,111,125"/><W63/><G36/><T11/><D74/><U15/><E47/><V96/><F110/><W82/><G111/><T57/><D126/><N who="3" m="48745" /><G49/><N who="0" m="26775" /><D71/><U53/><E53/><V91/><F70/><W0/><G0/><T86/><D69/><U80/><E38/><V21/><F2/><W40/><G40/><T113/><D113/><U17/><E7/><V3/><F128/><W34/><G130/><T4/><D57/><U121/><E1/><V119/><F119/><N who="1" m="45641" /><E20/><V112/><F112/><W129/><G129/><T127/><D127/><U67/><E17/><V35/><F35/><W62/><G72/><T59/><D59/><U108/><E15/><V52/><F3/><W41/><G41/><T54/><D54/><N who="2" m="20522" /><F10/><W39/><G39/><T61/><D61/><N who="3" m="23049" /><G58/><T6/><D11/><U16/><E16/><V51/><F21/><W25/><G34/><T95/><D89/><U9/><E9/><V33/><F33/><W132/><G132/><T83/><D28/><U90/><E67/><N who="2" m="25643" /><F122/><N who="1" m="47209" /><E108/><V81/><F96/><W118/><G118/><T12/><D30/><U13/><E13/><V68/><F68/><W24/><G82/><T77/><D12/><U18/><E18/><AGARI ba="0,0" hai="8,14,18,24,25,26,85,87" m="23049,48745" machi="18" ten="30,1500,0" yaku="18,1" doraHai="98" who="3" fromWho="1" sc="377,0,51,-15,280,0,292,15" /><INIT seed="7,1,0,2,0,53" ten="377,36,280,307" oya="3" hai0="69,79,89,106,84,29,99,80,116,92,107,45,13" hai1="123,102,42,51,76,104,8,57,3,121,18,113,12" hai2="40,111,127,59,130,14,46,7,55,11,94,5,126" hai3="101,41,125,68,98,118,124,0,100,110,49,19,48"/><W73/><G118/><T15/><D116/><U120/><E3/><V66/><F111/><W114/><G73/><T83/><D69/><U103/><E76/><V95/><F130/><W38/><G0/><T35/><D35/><U75/><E75/><V54/><F5/><W109/><G19/><T122/><D122/><U105/><E42/><V65/><F126/><N who="3" m="48747" /><G114/><T88/><D29/><U74/><E74/><V32/><F127/><W2/><G2/><T90/><D45/><U96/><E113/><V52/><F32/><W61/><G100/><N who="0" m="60519" /><D13/><U97/><E51/><N who="3" m="19530" /><G98/><T27/><D15/><U16/><E18/><V39/><REACH who="2" step="1"/><F66/><REACH who="2" step="2"/><N who="3" m="41039" /><G101/><T37/><D37/><U93/><E93/><V72/><F72/><W133/><G133/><T82/><D27/><U26/><E26/><V91/><F91/><N who="0" m="34890" /><D79/><U22/><E8/><V108/><F108/><W25/><G25/><T78/><D78/><U60/><E60/><AGARI ba="1,1" hai="7,11,14,39,40,46,52,54,55,59,60,65,94,95" machi="60" ten="40,8000,1" yaku="1,1,52,1,54,1,53,1" doraHai="53" doraHaiUra="62" who="2" fromWho="1" sc="377,0,36,-83,270,93,307,0" owari="377,48.0,-47,-55.0,363,16.0,307,-9.0" /></mjloggm>