<mjloggm ver="2.3"><GO type="97"/><UN n0="%EF%BC%88%E2%89%A7%E2%96%BD%E2%89%A6%EF%BC%89" n1="%E7%B5%82%E3%82%8F%E3%82%8A%E3%81%A0%E3%81%AA" n2="%65%74%61%6B%61%32%34" n3="%E3%82%B9%E3%83%A9%E3%82%A4%E3%83%A0%E3%83%8A%E3%82%A4%E3%83%88" dan="15,14,14,14" rate="1977,1937,1915,1888" sx="M,M,M,M"/><TAIKYOKU oya="0"/><INIT seed="0,0,0,3,1,124" ten="250,250,250,250" oya="0" hai0="30,109,50,18,65,112,58,12,87,115,36,11,34" hai1="16,80,45,77,108,101,57,37,135,126,64,97,46" hai2="7,117,27,114,90,94,120,61,51,22,25,99,67" hai3="71,132,110,24,68,76,106,9,39,47,17,74,70"/><T15/><D36/><U8/><E126/><V116/><F120/><W92/><G106/><T38/><D38/><U129/><E108/><V104/><F7/><W69/><G110/><T19/><D109/><U98/><E135/><V33/><F104/><W35/><G132/><T10/><D87/><U40/><E46/><V4/><F33/><W95/><G71/><T118/><D118/><N who="2" m="45674" /><F114/><W102/><G95/><T111/><D111/><U88/><E101/><V66/><F4/><W119/><G119/><T121/><D121/><U28/><E28/><V89/><F51/><W42/><G74/><T26/><REACH who="0" step="1"/><D50/><REACH who="0" ten="240,250,250,250" step="2"/><U29/><E97/><V2/><F61/><AGARI ba="0,1" hai="10,11,12,15,18,19,26,30,34,58,61,65,112,115" machi="61" ten="40,12000,1" yaku="1,1,2,1,9,1,53,2" doraHai="124" doraHaiUra="14" who="0" fromWho="2" sc="240,130,250,0,250,-120,250,0" /><INIT seed="0,1,0,1,4,62" ten="370,250,130,250" oya="0" hai0="127,59,80,34,17,134,112,1,131,126,130,84,117" hai1="118,26,55,18,79,4,73,69,38,56,20,46,107" hai2="129,6,32,123,111,122,133,13,116,75,105,106,54" hai3="100,115,64,91,72,27,39,43,96,25,41,42,135"/><T57/><D117/><U97/><E118/><V51/><F75/><W76/><G115/><T95/><D1/><U22/><E4/><V87/><F32/><W67/><G39/><T24/><D112/><U16/><E69/><V102/><F123/><W29/><G135/><T77/><D95/><U2/><E2/><V83/><F129/><N who="0" m="49162" /><D134/><U108/><E108/><V30/><F122/><W3/><G3/><T94/><D94/><U104/><E73/><V12/><F30/><W63/><G63/><T109/><D109/><U53/><E79/><V90/><F111/><W89/><G76/><T49/><D49/><U48/><E97/><V98/><F106/><W113/><G72/><T82/><D82/><U15/><E38/><V14/><F133/><W21/><G27/><T7/><D7/><U50/><AGARI ba="1,0" hai="15,16,18,20,22,26,46,48,50,53,55,56,104,107" machi="50" ten="20,2700,0" yaku="0,1,7,1,54,1" doraHai="62" who="1" fromWho="1" sc="370,-14,250,30,130,-8,250,-8" /><INIT seed="1,0,0,1,0,3" ten="356,280,122,242" oya="1" hai0="110,115,133,113,78,111,35,83,81,127,38,20,33" hai1="9,25,32,63,16,77,26,84,100,132,65,49,31" hai2="60,5,104,117,93,12,36,74,73,61,126,24,37" hai3="1,22,89,69,94,98,44,79,30,52,28,82,75"/><U72/><E132/><V18/><F104/><W59/><G69/><T128/><D133/><U14/><E72/><V39/><F117/><W123/><G123/><T6/><D128/><U21/><E100/><V90/><F126/><W53/><G1/><T103/><D127/><U62/><E49/><V55/><F24/><W23/><G44/><T119/><D119/><U120/><E120/><V10/><F55/><W64/><G64/><T118/><D118/><U71/><E63/><V11/><F74/><W88/><G89/><T102/><D38/><U15/><E77/><V42/><F73/><W91/><G91/><T105/><D6/><U130/><E130/><V97/><REACH who="2" step="1"/><F42/><REACH who="2" ten="356,280,112,242" step="2"/><W4/><G53/><T47/><D115/><U106/><E106/><V0/><AGARI ba="0,1" hai="0,5,10,11,12,18,36,37,39,60,61,90,93,97" machi="0" ten="30,7900,0" yaku="1,1,2,1,0,1,52,1,53,0" doraHai="3" doraHaiUra="76" who="2" fromWho="2" sc="356,-20,280,-39,112,89,242,-20" /><INIT seed="2,0,0,1,1,53" ten="336,241,201,222" oya="2" hai0="3,129,66,63,119,35,134,70,77,13,100,102,10" hai1="7,127,107,69,97,135,2,51,114,59,131,46,75" hai2="87,31,20,82,105,15,67,49,26,18,14,6,99" hai3="72,54,33,118,58,91,29,56,52,42,11,17,8"/><V9/><F67/><W124/><G118/><T106/><D119/><U60/><E60/><V103/><F49/><W62/><G72/><T122/><D122/><U37/><E37/><V28/><REACH who="2" step="1"/><F15/><REACH who="2" ten="336,241,191,222" step="2"/><W34/><G124/><T115/><D13/><U5/><E114/><V76/><AGARI ba="0,1" hai="6,9,14,18,20,26,28,31,76,82,87,99,103,105" machi="76" ten="20,7800,0" yaku="1,1,2,1,0,1,7,1,53,0" doraHai="53" doraHaiUra="130" who="2" fromWho="2" sc="336,-26,241,-26,191,88,222,-26" /><INIT seed="2,1,0,4,2,83" ten="310,215,279,196" oya="2" hai0="28,78,20,115,9,48,13,75,3,38,82,121,15" hai1="67,98,62,46,132,134,95,70,11,86,34,85,91" hai2="57,10,1,84,44,58,88,92,87,110,127,64,45" hai3="114,89,68,6,30,12,111,18,129,73,42,116,54"/><V14/><F127/><W100/><G116/><T109/><D121/><U66/><E34/><V112/><F1/><W135/><G68/><T77/><D115/><U21/><E67/><V40/><F112/><W103/><G114/><T47/><D109/><U117/><E117/><V25/><F25/><W27/><G73/><T90/><D38/><U120/><E120/><V31/><F31/><W74/><G74/><T93/><D3/><U133/><E46/><N who="2" m="18027" /><F110/><W59/><G111/><T37/><D37/><U35/><E35/><V71/><F71/><W107/><G6/><N who="0" m="3255" /><D82/><U106/><E106/><V53/><F40/><W51/><G135/><T0/><D0/><U113/><E113/><V36/><F36/><W29/><G129/><T126/><D75/><U65/><E65/><V2/><F2/><W76/><G76/><T60/><D126/><U79/><E79/><V72/><F72/><W97/><G42/><N who="0" m="24695" /><D60/><U80/><E80/><V118/><F118/><W63/><G103/><T5/><D28/><U102/><E102/><V108/><F108/><W50/><G27/><T69/><D69/><U24/><REACH who="1" step="1"/><E11/><REACH who="1" ten="310,205,279,196" step="2"/><V128/><F64/><W16/><G89/><T125/><D125/><U4/><E4/><V43/><F10/><W123/><G123/><T7/><D5/><U101/><E101/><V8/><F8/><W23/><G18/><AGARI ba="1,1" hai="18,21,24,62,66,70,85,86,91,95,98,132,133,134" machi="18" ten="40,8000,1" yaku="1,1,20,1,52,2,53,0" doraHai="83" doraHaiUra="41" who="1" fromWho="3" sc="310,0,205,93,279,0,196,-83" /><INIT seed="3,0,0,5,3,48" ten="310,298,279,113" oya="3" hai0="47,71,82,28,29,87,123,50,75,57,5,46,131" hai1="38,64,55,44,109,58,73,84,96,107,128,54,69" hai2="34,101,65,94,19,98,88,3,56,117,111,39,118" hai3="114,15,14,122,7,74,51,26,32,24,49,112,86"/><W135/><G122/><T36/><D123/><U21/><E73/><V43/><F3/><W11/><G74/><T104/><D71/><U59/><E84/><V8/><F34/><W0/><G135/><T52/><D75/><U81/><E81/><V17/><F111/><W61/><G61/><T20/><D104/><U127/><E21/><V27/><F43/><W16/><G86/><T45/><D131/><U120/><E107/><V85/><F39/><W133/><G133/><T53/><D36/><U33/><E96/><V72/><F72/><W31/><G51/><N who="0" m="30879" /><D5/><U67/><E33/><V63/><F27/><N who="3" m="18559" /><G49/><N who="0" m="28847" /><D20/><U113/><E120/><V102/><F8/><N who="3" m="2151" /><G15/><T125/><D125/><U97/><E97/><V62/><F102/><W100/><G100/><T115/><D115/><AGARI ba="0,0" hai="11,14,16,24,26,112,114,115" m="2151,18559" machi="115" ten="30,5800,0" yaku="34,2,54,1" doraHai="48" who="3" fromWho="0" sc="310,-58,298,0,279,0,113,58" /><INIT seed="3,1,0,2,3,126" ten="252,298,279,171" oya="3" hai0="28,72,71,61,29,37,86,24,108,117,112,15,20" hai1="54,123,51,113,115,124,30,68,48,102,83,33,76" hai2="67,59,95,55,92,118,105,9,32,97,6,79,0" hai3="18,101,11,90,120,63,13,88,125,1,128,98,78"/><W81/><G120/><T91/><D117/><U64/><E123/><V42/><F32/><W17/><G1/><T8/><D72/><U41/><E124/><V60/><F42/><W94/><G125/><T107/><D37/><U80/><E102/><V89/><F79/><W22/><G63/><T45/><D112/><U12/><E68/><V109/><F109/><W121/><G121/><T26/><D108/><U131/><E64/><V70/><F105/><W52/><G52/><T16/><D107/><U99/><E99/><V19/><F95/><W73/><REACH who="3" step="1"/><G128/><REACH who="3" ten="252,298,279,161" step="2"/><T53/><D71/><U104/><E104/><V96/><F118/><W135/><G135/><T44/><D61/><U39/><E131/><V47/><F70/><W87/><G87/><T130/><D130/><U49/><E54/><V14/><F67/><W69/><G69/><T4/><D53/><U84/><E115/><V57/><F97/><W93/><G93/><T110/><D110/><U35/><E113/><V111/><F111/><W3/><G3/><T31/><REACH who="0" step="1"/><D24/><AGARI ba="1,1" hai="11,13,17,18,22,24,73,78,81,88,90,94,98,101" machi="24" ten="30,5800,0" yaku="1,1,7,1,54,1,53,0" doraHai="126" doraHaiUra="114" who="3" fromWho="0" sc="252,-61,298,0,279,0,161,71" /><INIT seed="3,2,0,3,5,82" ten="191,298,279,232" oya="3" hai0="27,39,49,64,20,134,80,113,129,128,6,105,79" hai1="74,55,15,18,104,78,86,135,22,90,101,4,50" hai2="24,132,130,91,12,10,2,56,73,75,119,46,35" hai3="100,7,120,88,42,108,45,65,29,52,94,47,126"/><W63/><G120/><T123/><D39/><U127/><E127/><V118/><F130/><N who="0" m="50282" /><D123/><U77/><E135/><V54/><F132/><W71/><G126/><T114/><D134/><U31/><E74/><V28/><F2/><W5/><G100/><T9/><D105/><U106/><E106/><V3/><F46/><W124/><G124/><T32/><D64/><U41/><E41/><V131/><F3/><W62/><G108/><T67/><D67/><U38/><E38/><V133/><F133/><W72/><G72/><N who="0" m="43111" /><D49/><U19/><E4/><V61/><F75/><W44/><G29/><N who="0" m="19519" /><D20/><U103/><E31/><V36/><F73/><W89/><G42/><T122/><D122/><U1/><E1/><AGARI ba="2,0" hai="1,6,9,113,114" m="19519,43111,50282" machi="1" ten="30,2000,0" yaku="19,1,23,1" doraHai="82" who="0" fromWho="1" sc="191,26,298,-26,279,0,232,0" /><INIT seed="4,0,0,3,2,17" ten="217,272,279,232" oya="0" hai0="79,68,22,70,123,25,129,72,133,5,28,54,8" hai1="46,127,121,116,80,44,126,59,58,60,118,113,16" hai2="63,82,24,39,107,13,73,47,9,21,29,96,106" hai3="97,7,45,65,100,110,2,77,49,74,98,32,117"/><T57/><D123/><U95/><E121/><V15/><F82/><W122/><G110/><T130/><D133/><U76/><E113/><V134/><F73/><W36/><G117/><T31/><D31/><U112/><E112/><V26/><F134/><W75/><G122/><T90/><D90/><U48/><E95/><V6/><F63/><W132/><G36/><T93/><D93/><U104/><E104/><V10/><F47/><W115/><G115/><T85/><D72/><U69/><E80/><V114/><F39/><W51/><G132/><T34/><D22/><U109/><E76/><V128/><F128/><N who="0" m="49258" /><D85/><U50/><E16/><N who="2" m="10383" /><F96/><W94/><G32/><T87/><D87/><U55/><E109/><V52/><F107/><W108/><G108/><T18/><D18/><U38/><E38/><V11/><F106/><W33/><G33/><T3/><D79/><U42/><E69/><V91/><F114/><W84/><G65/><T30/><D28/><U81/><E81/><V62/><F91/><W12/><G2/><T14/><D3/><U125/><E59/><N who="2" m="35175" /><F29/><W4/><G98/><T37/><D37/><U124/><N who="1" m="32256" /><DORA hai="105" /><U41/><AGARI ba="0,0" hai="41,42,44,46,48,50,55,58,60,116,118" m="32256" machi="41" ten="60,12000,2" yaku="4,1,0,1,9,1,18,1,34,3" doraHai="17,105" who="1" fromWho="1" sc="217,-60,272,120,279,-30,232,-30" owari="157,-34.0,392,49.0,249,5.0,202,-20.0" /></mjloggm>