<mjloggm ver="2.3"><GO type="169"/><UN n0="%4D%61%72%6C%69%6E" n1="%EF%BC%88%E2%89%A7%E2%96%BD%E2%89%A6%EF%BC%89" n2="%73%6B%79%6F%6F%6F" n3="%74%6A%2D%6D%69%63%72%6F" dan="16,18,16,16" rate="2028,2244,2069,2048" sx="M,M,M,M"/><TAIKYOKU oya="0"/><INIT seed="0,0,0,2,5,133" ten="250,250,250,250" oya="0" hai0="21,91,40,4,26,105,92,0,115,43,67,8,17" hai1="54,23,62,111,29,12,89,83,69,1,134,55,15" hai2="44,31,35,70,135,87,77,25,98,58,24,119,131" hai3="71,127,88,86,101,64,80,94,6,46,41,113,114"/><T128/><D115/><U74/><E1/><V116/><F70/><W30/><G71/><T59/><D105/><U103/><E134/><V11/><F135/><W112/><G64/><T14/><D128/><U27/><E111/><V39/><F131/><W73/><G6/><T9/><D67/><U68/><E68/><V56/><F11/><W57/><G57/><T36/><D36/><U33/><E103/><V49/><F39/><W51/><G30/><T28/><REACH who="0" step="1"/><D59/><REACH who="0" ten="240,250,250,250" step="2"/><U72/><E69/><V7/><F56/><W13/><G112/><T95/><D95/><U96/><E62/><V97/><F58/><W109/><G113/><T132/><D132/><U90/><E55/><V126/><F119/><W65/><G65/><T50/><D50/><U16/><E54/><V5/><F49/><W60/><G60/><T10/><D10/><U66/><E66/><V37/><F37/><W19/><G114/><T85/><AGARI ba="0,1" hai="0,4,8,9,14,17,21,26,28,40,43,85,91,92" machi="85" ten="20,3900,0" yaku="1,1,0,1,7,1,53,0" doraHai="133" doraHaiUra="99" who="0" fromWho="0" sc="240,49,250,-13,250,-13,250,-13" /><INIT seed="0,1,0,1,2,117" ten="289,237,237,237" oya="0" hai0="65,72,49,97,103,102,125,129,112,35,22,39,45" hai1="107,73,21,79,131,0,105,133,17,76,15,57,56" hai2="26,113,25,64,89,4,2,130,32,3,99,122,108" hai3="60,82,81,33,88,66,16,9,30,114,1,84,63"/><T68/><D112/><U13/><E0/><V54/><F113/><W7/><G114/><T96/><D72/><U120/><E131/><V67/><F108/><W29/><G33/><T118/><D118/><U59/><E133/><V71/><F122/><W95/><G63/><T62/><D129/><U44/><E120/><V123/><F130/><W20/><G30/><T12/><D125/><U58/><E44/><V87/><F54/><W83/><G29/><T37/><D35/><U134/><E134/><V128/><F99/><W5/><G5/><T135/><D135/><U24/><E73/><V70/><F4/><W98/><G60/><T85/><D85/><U6/><E6/><V69/><F32/><W94/><G66/><T55/><D22/><U34/><E34/><V31/><F31/><W119/><G119/><T101/><REACH who="0" step="1"/><D12/><REACH who="0" ten="279,237,237,237" step="2"/><U77/><E15/><V78/><F128/><W53/><G84/><T52/><D52/><U19/><N who="1" m="14336" /><DORA hai="10" /><U92/><REACH who="1" step="1"/><E92/><REACH who="1" ten="279,227,237,237" step="2"/><V61/><F2/><W132/><G95/><T8/><D8/><AGARI ba="1,2" hai="8,13,17,19,21,24,76,77,79,105,107" m="14336" machi="8" ten="50,12000,2" yaku="1,1,2,1,52,1,53,3" doraHai="117,10" doraHaiUra="74,36" who="1" fromWho="0" sc="279,-123,227,143,237,0,237,0" /><INIT seed="1,0,0,2,1,71" ten="156,370,237,237" oya="1" hai0="63,79,2,112,132,12,108,36,97,20,127,52,27" hai1="131,111,1,117,45,126,58,50,74,15,100,5,18" hai2="33,99,65,55,10,129,94,86,16,47,80,4,113" hai3="11,9,96,73,69,25,42,83,118,68,26,109,124"/><U49/><E74/><V78/><F33/><W104/><G109/><T28/><D112/><U87/><E117/><V34/><F34/><W59/><G124/><T6/><D127/><U17/><E126/><V92/><F65/><W44/><G118/><T102/><D108/><U22/><E111/><V72/><F129/><W23/><G104/><T103/><D132/><U13/><E131/><V67/><F67/><W76/><G96/><T19/><D79/><U101/><E1/><V106/><F113/><W62/><G68/><T122/><D122/><U14/><E5/><V98/><F4/><W82/><G82/><T81/><D81/><U88/><E58/><V38/><F38/><W31/><G26/><T107/><D103/><N who="1" m="39499" /><E45/><V60/><F106/><W119/><G69/><T115/><D115/><U93/><E15/><N who="2" m="7287" /><F72/><W121/><G121/><T77/><D6/><U43/><E43/><V66/><F66/><W57/><G119/><T134/><D2/><U130/><E130/><V54/><F54/><W30/><G73/><T41/><D52/><U56/><E56/><N who="2" m="34847" /><F47/><W48/><G44/><T91/><D36/><U40/><E40/><V125/><F125/><W7/><G42/><T61/><D41/><U110/><E110/><V35/><F35/><W114/><G114/><T95/><D134/><U32/><E32/><V90/><F78/><W0/><G76/><T135/><D77/><U120/><E120/><V39/><F39/><W123/><G123/><T84/><REACH who="0" step="1"/><D135/><REACH who="0" ten="146,370,237,237" step="2"/><U70/><E70/><V128/><F128/><W116/><G116/><T8/><AGARI ba="0,1" hai="8,12,19,20,27,28,61,63,84,91,95,97,102,107" machi="8" ten="20,5200,0" yaku="1,1,2,1,0,1,7,1,53,0" doraHai="71" doraHaiUra="3" who="0" fromWho="0" sc="146,62,370,-26,237,-13,237,-13" /><INIT seed="2,0,0,0,5,90" ten="208,344,224,224" oya="2" hai0="14,88,69,46,133,109,7,33,1,82,45,38,61" hai1="31,12,25,135,27,124,102,127,123,126,29,44,55" hai2="41,10,101,114,77,78,5,94,18,20,51,68,64" hai3="26,72,131,117,84,71,74,115,105,35,17,40,58"/><V119/><F119/><W22/><G117/><T80/><D1/><U107/><E123/><V52/><F114/><W120/><G71/><T23/><D33/><U112/><E135/><V70/><F41/><W8/><G120/><T79/><D133/><U93/><E107/><V95/><F68/><W122/><G122/><T32/><D32/><U66/><E66/><V99/><F70/><W128/><G105/><T9/><D109/><U76/><E76/><V34/><F64/><W116/><G116/><T67/><D38/><U57/><E44/><N who="2" m="27751" /><F34/><W132/><G132/><T98/><D23/><U28/><E12/><N who="2" m="5199" /><F95/><W19/><G35/><T81/><REACH who="0" step="1"/><D79/><REACH who="0" ten="198,344,224,224" step="2"/><U65/><E112/><V56/><F56/><W86/><G115/><T91/><D91/><U15/><E124/><V75/><F75/><W87/><G72/><T96/><D96/><U43/><E126/><V125/><F125/><W62/><G74/><T24/><D24/><AGARI ba="0,1" hai="18,20,24,77,78,94,99,101" m="5199,27751" machi="24" ten="30,5800,0" yaku="8,1,52,1,54,1" doraHai="90" who="2" fromWho="0" sc="198,-58,344,0,224,68,224,0" /><INIT seed="2,1,0,3,1,111" ten="140,344,292,224" oya="2" hai0="23,46,19,42,68,82,15,16,55,25,96,5,124" hai1="70,10,72,126,44,36,32,67,127,135,115,33,84" hai2="78,77,64,63,41,21,108,98,54,122,8,93,49" hai3="88,58,26,94,30,102,18,31,76,73,7,0,133"/><V47/><F122/><W37/><G133/><T71/><D124/><N who="1" m="47659" /><E135/><V95/><F8/><W91/><G37/><T90/><D5/><U66/><E72/><V38/><F108/><W92/><G73/><T81/><D55/><U97/><E97/><V12/><F95/><W79/><G0/><T114/><D114/><U121/><E121/><V110/><F110/><W119/><G7/><T75/><D75/><U53/><E84/><V34/><F34/><W100/><G119/><T103/><D90/><U106/><E106/><V57/><F21/><W52/><G18/><T59/><D71/><U125/><E125/><V2/><F12/><W45/><G45/><T87/><D68/><U128/><E128/><V104/><F104/><W120/><G120/><T109/><D87/><U80/><E80/><V107/><F107/><W113/><G113/><T69/><D69/><U89/><E70/><N who="2" m="42271" /><F2/><W130/><G130/><T60/><D109/><U112/><E10/><V83/><F83/><W50/><G26/><T118/><D82/><U1/><E1/><V74/><F74/><W40/><G40/><T17/><D81/><U27/><E89/><AGARI ba="1,0" hai="38,41,47,49,54,57,77,78,89,93,98" m="42271" machi="89" ten="30,1500,0" yaku="24,1" doraHai="111" who="2" fromWho="1" sc="140,0,344,-18,292,18,224,0" /><INIT seed="2,2,0,4,1,87" ten="140,326,310,224" oya="2" hai0="129,41,119,62,115,64,44,45,0,99,19,30,23" hai1="103,21,70,86,65,110,92,80,117,24,58,27,14" hai2="60,74,96,40,104,13,69,124,95,57,3,98,130" hai3="79,16,82,2,8,108,127,15,55,112,71,5,63"/><V11/><F3/><W100/><G108/><T132/><D115/><U121/><E70/><V133/><F74/><W38/><G127/><T126/><D126/><U89/><E117/><V94/><F69/><W109/><G109/><T25/><D119/><U91/><E103/><V29/><F29/><W134/><G134/><T84/><D132/><U48/><E121/><V7/><F104/><W33/><G112/><T1/><D129/><U131/><E131/><V116/><F124/><W6/><G38/><T18/><D99/><N who="2" m="37930" /><F133/><W77/><G100/><T51/><D44/><U26/><E110/><V73/><F73/><W10/><G33/><T125/><D125/><U105/><E105/><V32/><F32/><W12/><G82/><T120/><D120/><U49/><E65/><N who="2" m="39055" /><F130/><W9/><REACH who="3" step="1"/><G55/><REACH who="3" ten="140,326,310,214" step="2"/><T93/><D0/><U50/><E80/><V66/><F66/><AGARI ba="2,1" hai="2,5,6,8,9,10,12,15,16,63,66,71,77,79" machi="66" ten="40,5200,0" yaku="1,1,2,1,54,1,53,0" doraHai="87" doraHaiUra="76" who="3" fromWho="2" sc="140,0,326,0,310,-58,214,68" /><INIT seed="3,0,0,0,1,54" ten="140,326,252,282" oya="3" hai0="86,109,82,128,1,63,106,124,102,70,16,92,27" hai1="84,114,13,83,62,61,74,20,45,118,97,115,35" hai2="96,14,73,21,4,125,131,39,99,64,95,116,18" hai3="130,111,41,119,113,5,60,53,34,85,48,2,59"/><W8/><G119/><T57/><D1/><U31/><E74/><V112/><F39/><W105/><G105/><T68/><D109/><U87/><E35/><V36/><F112/><W37/><G113/><T11/><D106/><U94/><E118/><V69/><F116/><W25/><G130/><T133/><D128/><U93/><E45/><V66/><F131/><W52/><G111/><T9/><D133/><U88/><E114/><V107/><F73/><W50/><G37/><T26/><D124/><U15/><E115/><V38/><F107/><W28/><G41/><T43/><D43/><U81/><E31/><V110/><F125/><W89/><REACH who="3" step="1"/><G53/><REACH who="3" ten="140,326,252,272" step="2"/><N who="0" m="34223" /><D70/><U108/><E108/><V98/><F110/><W76/><G76/><N who="0" m="46407" /><D68/><U51/><E51/><V49/><F49/><W6/><G6/><T91/><D102/><N who="1" m="60719" /><E62/><V78/><F4/><W47/><G47/><T100/><D100/><U29/><E61/><V101/><F78/><W55/><G55/><T56/><D56/><U19/><E29/><V80/><F69/><W10/><G10/><T75/><D9/><U132/><E132/><V122/><F38/><W24/><G24/><T12/><D75/><U72/><E72/><V30/><F36/><W23/><G23/><T3/><D3/><U129/><E129/><V22/><F21/><W79/><G79/><T134/><D134/><U103/><E103/><V71/><F101/><W135/><G135/><T40/><D40/><U127/><E127/><V104/><F122/><W44/><G44/><T126/><D126/><U42/><E42/><V77/><F77/><W17/><G17/><RYUUKYOKU ba="0,1" sc="140,15,326,-15,252,-15,272,15" hai0="11,12,16,26,27,91,92" hai3="2,5,8,25,28,34,48,50,52,59,60,85,89" /><INIT seed="3,1,1,4,4,122" ten="155,311,237,287" oya="3" hai0="57,91,133,112,49,71,15,131,87,19,101,21,32" hai1="64,44,18,12,0,31,52,38,20,118,85,76,80" hai2="106,9,127,90,123,88,89,84,117,58,135,36,16" hai3="95,125,26,129,13,34,42,99,22,17,72,107,53"/><W43/><G129/><T115/><D71/><U37/><E0/><V110/><F36/><W7/><G72/><T100/><D131/><U45/><E118/><V121/><F117/><W61/><G125/><T60/><D133/><U51/><E64/><V56/><F106/><W30/><G107/><T10/><D32/><U97/><E31/><V126/><F135/><W48/><G7/><T92/><D10/><U24/><E24/><V65/><F65/><W59/><REACH who="3" step="1"/><G61/><REACH who="3" ten="155,311,237,277" step="2"/><T73/><D73/><U81/><E97/><V66/><F126/><W94/><G94/><T75/><D75/><U41/><REACH who="1" step="1"/><E81/><REACH who="1" ten="155,301,237,277" step="2"/><N who="2" m="49167" /><F127/><W25/><G25/><T5/><D5/><U128/><E128/><V1/><F121/><W86/><G86/><T102/><REACH who="0" step="1"/><D60/><REACH who="0" ten="145,301,237,277" step="2"/><U8/><E8/><V4/><F123/><W6/><G6/><T130/><D130/><U79/><E79/><V3/><F9/><W70/><G70/><T62/><D62/><U29/><E29/><V109/><F4/><W113/><G113/><T124/><D124/><U35/><E35/><V116/><F116/><W50/><G50/><AGARI ba="1,4" hai="12,18,20,37,38,41,44,45,50,51,52,76,80,85" machi="50" ten="30,3900,0" yaku="1,1,7,1,54,1,53,0" doraHai="122" doraHaiUra="120" who="1" fromWho="3" sc="145,0,301,82,237,0,277,-42" /><INIT seed="4,0,0,4,3,73" ten="145,383,237,235" oya="0" hai0="0,16,53,106,128,100,125,127,28,85,57,132,38" hai1="74,65,70,94,20,97,56,131,116,2,44,30,10" hai2="133,115,49,104,130,6,14,9,99,62,18,19,118" hai3="21,63,15,22,75,108,98,83,114,61,91,103,39"/><T109/><D0/><U33/><E33/><V58/><F115/><W121/><G39/><T124/><D38/><U3/><E70/><V43/><F130/><W88/><G108/><T55/><D109/><U4/><E74/><V135/><F118/><W113/><G121/><T17/><D128/><U24/><E116/><V71/><F71/><W41/><G41/><T40/><D40/><U11/><E131/><V5/><F49/><W129/><G129/><T86/><D132/><N who="2" m="50762" /><F43/><W90/><G63/><N who="0" m="36271" /><D28/><U79/><E44/><V69/><F69/><W110/><G61/><T101/><D55/><U60/><E10/><V52/><F5/><W68/><G68/><T93/><D106/><U8/><E8/><V77/><F77/><N who="3" m="44479" /><G15/><T96/><D101/><AGARI ba="0,0" hai="6,9,14,18,19,52,58,62,99,101,104" m="50762" machi="101" ten="30,2000,0" yaku="20,1,54,1" doraHai="73" who="2" fromWho="0" sc="145,-20,383,0,237,20,235,0" /><INIT seed="5,0,0,3,3,123" ten="125,383,257,235" oya="1" hai0="26,31,95,48,40,21,58,15,77,104,1,22,80" hai1="16,86,76,130,46,118,32,19,20,78,3,73,69" hai2="132,101,62,66,106,82,74,87,50,27,81,0,55" hai3="54,112,5,102,75,2,59,70,71,108,37,18,11"/><U135/><E73/><V85/><F0/><W120/><G120/><T107/><D104/><U93/><E32/><V115/><F115/><W30/><G37/><T29/><D107/><U56/><E69/><V60/><F132/><W96/><G112/><T109/><D1/><U23/><E3/><V113/><F113/><W79/><G30/><T119/><D119/><U84/><E46/><V42/><F42/><W34/><G34/><T14/><D95/><U124/><E124/><V41/><F41/><W89/><G89/><T110/><D40/><U117/><E56/><V36/><F36/><W6/><G6/><T133/><D133/><U105/><E105/><V52/><F27/><W51/><G108/><T13/><D29/><U111/><E93/><V38/><F38/><W65/><G65/><T24/><D48/><U94/><E94/><V103/><F106/><W122/><G122/><T61/><D26/><U9/><E135/><V126/><F74/><W28/><G28/><T47/><D47/><U33/><E33/><V134/><F134/><W8/><G96/><T97/><D97/><U68/><E117/><V17/><F126/><W88/><G102/><T44/><D44/><U125/><E125/><V99/><F99/><W83/><G88/><T25/><D25/><U53/><E118/><V10/><F66/><W129/><G129/><T45/><D45/><U92/><E130/><V35/><F35/><W49/><G49/><T39/><D39/><U4/><E78/><V131/><F131/><W63/><G51/><T127/><D127/><U100/><E76/><V128/><F128/><RYUUKYOKU ba="0,0" sc="125,-10,383,-10,257,-10,235,30" hai3="2,5,8,11,18,54,59,63,70,71,75,79,83" /><INIT seed="6,1,0,1,0,134" ten="115,373,247,265" oya="2" hai0="38,77,122,106,113,42,75,57,99,102,117,95,10" hai1="12,111,91,85,32,0,48,79,49,35,112,29,5" hai2="104,114,7,8,121,19,26,127,118,90,73,21,36" hai3="101,135,64,132,30,28,65,89,51,69,92,18,94"/><V115/><F36/><W15/><G101/><T98/><D122/><U25/><E111/><V70/><F70/><W9/><G51/><T72/><D113/><N who="2" m="43018" /><F104/><W119/><G119/><T39/><D117/><U87/><E112/><V103/><F103/><W110/><G110/><T125/><D42/><U129/><E129/><V40/><F40/><W81/><G81/><N who="0" m="45223" /><D57/><U11/><E79/><V14/><F73/><W67/><G94/><T68/><D68/><U76/><E35/><V124/><F121/><W47/><G47/><T131/><D10/><U24/><E24/><V80/><F118/><W56/><G56/><T66/><D66/><U78/><E78/><V116/><F116/><W3/><G3/><T84/><D38/><U46/><E46/><V126/><F80/><W108/><G69/><T27/><D39/><U53/><E76/><V16/><F90/><W109/><G108/><T50/><D131/><U74/><E74/><V86/><F86/><N who="3" m="52279" /><G109/><T52/><D75/><U55/><E85/><V88/><F88/><W130/><G130/><T31/><D99/><U34/><E91/><V63/><F63/><W17/><G132/><T20/><D84/><U61/><E87/><V107/><F107/><W37/><G37/><T13/><D106/><U41/><E61/><V33/><F33/><W93/><G135/><T59/><D13/><U54/><E41/><V105/><F105/><W96/><G15/><T43/><D43/><U133/><E133/><V58/><F58/><W6/><G93/><T1/><D1/><U97/><E34/><V83/><F83/><W120/><G120/><RYUUKYOKU ba="1,0" sc="115,15,373,-15,247,15,265,-15" hai0="20,27,31,50,52,59,95,98,102,125" hai2="7,8,14,16,19,21,26,124,126,127" /><INIT seed="6,2,0,0,5,102" ten="130,358,262,250" oya="2" hai0="68,127,55,30,8,117,73,82,103,28,129,107,29" hai1="1,119,75,111,108,120,50,25,88,45,6,112,72" hai2="80,32,26,63,52,78,101,31,133,93,12,121,14" hai3="85,130,105,38,91,44,34,41,33,69,35,90,74"/><V4/><F121/><W76/><G130/><T89/><D129/><U110/><E119/><V124/><F133/><W87/><G69/><T128/><D128/><U122/><E112/><V118/><F118/><W106/><G74/><T54/><D117/><U0/><E25/><V58/><F124/><W11/><G76/><T67/><D127/><U94/><E72/><V18/><F4/><W56/><G11/><T61/><D8/><U134/><E75/><V22/><F101/><W114/><G114/><T57/><D89/><U62/><E62/><V97/><F97/><W92/><REACH who="3" step="1"/><G56/><REACH who="3" ten="130,358,262,240" step="2"/><T36/><D68/><U125/><E125/><V17/><F32/><W104/><G104/><T47/><D73/><U48/><E122/><V21/><F93/><AGARI ba="2,1" hai="33,34,35,38,41,44,85,87,90,91,92,93,105,106" machi="93" ten="40,8000,1" yaku="1,1,9,1,52,2,53,0" doraHai="102" doraHaiUra="135" who="3" fromWho="2" sc="130,0,358,0,262,-86,240,96" /><INIT seed="7,0,0,1,3,73" ten="130,358,176,336" oya="3" hai0="47,15,107,54,89,58,118,61,16,33,71,27,104" hai1="111,100,81,19,31,86,38,106,103,8,48,127,77" hai2="109,98,35,26,122,34,24,9,3,60,40,119,29" hai3="92,116,113,49,14,117,36,20,21,123,52,85,105"/><W76/><G105/><T17/><D118/><U88/><E38/><V32/><F119/><W46/><G123/><T128/><D128/><U132/><E111/><V131/><F40/><W115/><G36/><T1/><D1/><U70/><E70/><V90/><F122/><W120/><G120/><T130/><D130/><U65/><E65/><V121/><F121/><W126/><G126/><T28/><D71/><U64/><E127/><V114/><F131/><W125/><G125/><T74/><D74/><U78/><E132/><V69/><F109/><W55/><G55/><T68/><D68/><U66/><E31/><V124/><F124/><W51/><G51/><T62/><D62/><U44/><E106/><V135/><F135/><W7/><G116/><T108/><D108/><U101/><E64/><V53/><F114/><N who="3" m="43531" /><G117/><T11/><D47/><U4/><E66/><V18/><F69/><W91/><G76/><N who="1" m="29290" /><E4/><V22/><F9/><AGARI ba="0,0" hai="7,9,14,20,21,46,49,52,85,91,92" m="43531" machi="9" ten="30,2900,0" yaku="15,1,54,1" doraHai="73" who="3" fromWho="2" sc="130,0,358,0,176,-29,336,29" owari="130,-37.0,358,16.0,147,-25.0,365,46.0" /></mjloggm>