<mjloggm ver="2.3"><GO type="169" lobby="0"/><UN n0="%EF%BC%88%E2%89%A7%E2%96%BD%E2%89%A6%EF%BC%89" n1="%E3%83%91%E3%83%A9%E3%83%80%E3%82%A4%E3%82%B9%E3%83%BB%E3%82%AC%E3%83%A0" n2="%E3%82%89%E3%81%84%E3%81%A1%E3%82%87%E3%81%86" n3="%E6%9D%8F%E4%BB%81%E3%81%A9%E3%81%86%E3%81%B5%E3%83%BC" dan="18,16,16,16" rate="2160.89,2065.54,2030.28,2037.37" sx="M,M,M,M"/><TAIKYOKU oya="0"/><INIT seed="0,0,0,3,1,4" ten="250,250,250,250" oya="0" hai0="99,12,0,110,38,86,8,88,41,13,43,103,31" hai1="6,67,65,109,128,113,131,51,16,53,132,94,108" hai2="120,118,135,73,77,119,100,116,22,81,23,84,121" hai3="29,17,44,123,114,83,85,34,14,37,98,30,102"/><T7/><D31/><U101/><E6/><V2/><F2/><W26/><G114/><T19/><D110/><N who="1" m="42603" /><E113/><V24/><F135/><W97/><G30/><T96/><D0/><U95/><E132/><V47/><F100/><W39/><G123/><N who="2" m="47177" /><F47/><W91/><G44/><T20/><D38/><U126/><E126/><V82/><F24/><W90/><G90/><AGARI ba="0,0" hai="22,23,73,77,81,82,84,90,116,118,119" m="47177" machi="90" ten="40,1300,0" yaku="12,1" doraHai="4" who="2" fromWho="3" sc="250,0,250,0,250,13,250,-13" /><INIT seed="1,0,0,5,5,78" ten="250,250,263,237" oya="1" hai0="26,49,66,34,44,63,50,14,133,125,89,30,7" hai1="95,106,123,8,122,113,15,72,77,13,23,101,35" hai2="57,22,62,6,90,91,48,100,16,32,96,33,2" hai3="28,25,43,84,5,38,55,114,103,132,115,18,130"/><U76/><E113/><V105/><F48/><W110/><G5/><T21/><D133/><U42/><E35/><V51/><F51/><W134/><G103/><T119/><D119/><U0/><E106/><V92/><F6/><W10/><G130/><T11/><D125/><U53/><E42/><V58/><F2/><W93/><G55/><T20/><D89/><U65/><E65/><V54/><F58/><W73/><G73/><T70/><REACH who="0" step="1"/><D50/><REACH who="0" ten="240,250,263,237" step="2"/><U19/><E122/><V17/><F90/><W87/><G134/><T111/><D111/><U117/><E123/><V97/><REACH who="2" step="1"/><F17/><REACH who="2" ten="240,250,253,237" step="2"/><W102/><G18/><T9/><D9/><U60/><E19/><V46/><F46/><W86/><G10/><T4/><D4/><U116/><E8/><V109/><F109/><W80/><G110/><T82/><D82/><U27/><E116/><V79/><F79/><W99/><G80/><T69/><D69/><U1/><E117/><V118/><F118/><W108/><G108/><T67/><D67/><U36/><E76/><V64/><F64/><W128/><G132/><T40/><AGARI ba="0,2" hai="7,11,14,20,21,26,30,34,40,44,49,63,66,70" machi="40" ten="20,5200,0" yaku="1,1,0,1,7,1,53,1" doraHai="78" doraHaiUra="37" who="0" fromWho="0" sc="240,72,250,-26,253,-13,237,-13" /><INIT seed="2,0,0,5,4,82" ten="312,224,240,224" oya="2" hai0="77,119,103,7,117,79,43,96,66,128,60,34,111" hai1="19,14,39,30,85,98,125,120,31,110,45,57,33" hai2="49,54,80,94,12,106,38,78,46,15,92,108,116" hai3="83,42,59,74,133,114,104,105,63,61,112,56,32"/><V10/><F106/><N who="3" m="41067" /><G32/><T124/><D34/><U21/><E110/><V132/><F116/><N who="0" m="44618" /><D111/><U84/><E125/><V93/><F108/><W107/><G42/><T48/><D7/><U67/><E120/><V100/><F132/><W47/><G47/><N who="0" m="25727" /><D128/><U102/><E33/><V101/><F38/><W90/><G107/><N who="0" m="63975" /><D124/><U13/><E45/><V27/><F27/><W9/><G133/><T72/><D72/><U18/><E39/><V69/><F69/><AGARI ba="0,0" hai="60,66,69,77,79" m="63975,25727,44618" machi="69" ten="30,1000,0" yaku="12,1" doraHai="82" who="0" fromWho="2" sc="312,10,224,0,240,-10,224,0" /><INIT seed="3,0,0,1,5,87" ten="322,224,230,224" oya="3" hai0="3,16,38,103,9,50,107,8,14,60,28,11,100" hai1="15,1,41,39,128,19,112,63,84,45,126,127,68" hai2="61,33,62,105,20,57,97,12,64,17,52,13,106" hai3="130,99,117,21,0,53,43,5,47,58,73,46,96"/><W7/><G117/><T88/><D38/><U119/><E112/><V30/><F33/><W82/><G130/><T89/><D28/><U70/><E1/><V22/><F97/><W65/><G65/><T74/><D74/><U102/><E128/><V86/><F86/><W135/><G135/><T95/><D107/><U26/><E119/><V111/><F111/><W55/><G0/><T54/><D60/><U75/><E75/><V56/><REACH who="2" step="1"/><F30/><REACH who="2" ten="322,224,220,224" step="2"/><W131/><G96/><N who="0" m="59423" /><D103/><U83/><E102/><V4/><F4/><W133/><G133/><T132/><D132/><U94/><E84/><V66/><F66/><W31/><G99/><T25/><D3/><U85/><E85/><V116/><F116/><W49/><G7/><T67/><D67/><U76/><E126/><V134/><F134/><W42/><G5/><T123/><D123/><U36/><E127/><V108/><F108/><W44/><G131/><T59/><D25/><U118/><E118/><V69/><F69/><W24/><G73/><T114/><D114/><U48/><E26/><V125/><F125/><W40/><REACH who="3" step="1"/><G82/><REACH who="3" ten="322,224,220,214" step="2"/><T92/><D92/><U98/><E83/><V10/><F10/><AGARI ba="0,2" hai="8,9,10,11,14,16,50,54,59,88,89" m="59423" machi="10" ten="30,8000,1" yaku="8,1,52,2,54,2" doraHai="87" who="0" fromWho="2" sc="322,100,224,0,220,-80,214,0" /><INIT seed="4,0,0,4,2,69" ten="422,224,140,214" oya="0" hai0="51,12,4,63,32,13,35,76,29,41,5,17,52" hai1="10,78,48,21,99,111,6,24,85,68,108,46,100" hai2="38,31,16,36,109,57,74,62,118,72,113,53,44" hai3="110,124,25,102,71,42,34,22,121,98,119,91,15"/><T26/><D35/><U103/><E68/><V2/><F109/><W122/><G110/><T126/><D126/><U1/><E78/><V127/><F31/><W0/><G0/><T39/><D39/><N who="2" m="14890" /><F2/><W27/><G124/><T30/><D30/><U67/><E67/><N who="2" m="39375" /><F16/><W47/><G71/><T28/><D28/><U114/><E85/><V106/><F106/><W94/><G34/><T93/><D76/><U3/><E3/><V19/><F19/><W61/><G61/><T40/><D63/><U50/><E103/><V60/><F74/><W37/><G15/><T11/><D93/><U86/><E86/><V90/><F90/><W81/><G121/><T7/><REACH who="0" step="1"/><D13/><REACH who="0" ten="412,224,140,214" step="2"/><U88/><E111/><V97/><F127/><W64/><G122/><T75/><D75/><U73/><E73/><V117/><F72/><W84/><G25/><T135/><D135/><U70/><E24/><V58/><F97/><W125/><G125/><T89/><D89/><U131/><E88/><V129/><F129/><W14/><G14/><T33/><D33/><U54/><E99/><V101/><F101/><W56/><G102/><T115/><D115/><U92/><E114/><V134/><F134/><W20/><G27/><T18/><D18/><U9/><E100/><V66/><F113/><W8/><G98/><T59/><AGARI ba="0,1" hai="4,5,7,11,12,17,26,29,32,40,41,51,52,59" machi="59" ten="30,6000,0" yaku="1,1,0,1,54,1,53,0" doraHai="69" doraHaiUra="80" who="0" fromWho="0" sc="412,70,224,-20,140,-20,214,-20" /><INIT seed="4,1,0,3,4,13" ten="482,204,120,194" oya="0" hai0="105,67,98,55,118,87,33,133,7,41,69,92,14" hai1="20,18,1,58,25,21,106,57,24,43,88,99,46" hai2="35,74,131,4,97,52,108,28,54,129,36,111,60" hai3="61,32,47,113,103,127,123,42,22,119,102,109,122"/><T5/><D33/><U62/><E1/><V72/><F36/><N who="3" m="21959" /><G32/><T38/><D105/><U12/><E106/><V66/><F4/><W80/><G109/><N who="2" m="42057" /><F97/><W94/><G119/><T112/><D87/><U73/><E73/><N who="2" m="28267" /><F28/><W9/><G9/><T45/><D5/><U3/><E3/><V65/><F35/><W77/><G61/><T107/><D7/><U115/><E115/><V51/><F51/><W86/><G113/><T132/><D112/><U30/><E12/><V37/><F37/><W89/><G22/><T27/><D38/><U70/><E70/><V96/><F96/><N who="3" m="57423" /><G127/><T85/><D14/><U11/><E11/><V64/><F60/><W120/><AGARI ba="1,0" hai="77,80,86,102,103,120,122,123" m="57423,21959" machi="120" ten="30,1100,0" yaku="13,1" doraHai="13" who="3" fromWho="3" sc="482,-6,204,-4,120,-4,194,14" /><INIT seed="5,0,0,4,1,56" ten="476,200,116,208" oya="1" hai0="65,72,62,103,61,114,120,73,14,100,132,75,106" hai1="0,18,81,10,131,20,83,47,96,86,77,25,85" hai2="129,70,53,130,39,121,76,8,3,12,55,135,105" hai3="51,112,26,128,60,40,108,95,45,82,117,93,107"/><U1/><E131/><N who="2" m="50187" /><F105/><W67/><G128/><T119/><D119/><U133/><E133/><V28/><F3/><W27/><G108/><T78/><D78/><U87/><E96/><V125/><F135/><W36/><G107/><T118/><D118/><U84/><E81/><V49/><F39/><W59/><G117/><T92/><D106/><U63/><E47/><V22/><F121/><W71/><G82/><T19/><D114/><U116/><E116/><V90/><F76/><W54/><G112/><T127/><D120/><U35/><E35/><V110/><F110/><W29/><G27/><T24/><D24/><U124/><E124/><V9/><F70/><W43/><G43/><T32/><D32/><AGARI ba="0,0" hai="26,29,32,36,40,45,51,54,59,60,67,71,93,95" machi="32" ten="30,7700,0" yaku="7,1,24,2,52,1" doraHai="56" who="3" fromWho="0" sc="476,-77,200,0,116,0,208,77" /><INIT seed="6,0,0,4,2,7" ten="399,200,116,285" oya="2" hai0="35,24,125,115,110,80,29,109,73,22,126,31,131" hai1="118,129,72,84,93,53,91,90,21,8,63,14,95" hai2="100,49,79,50,65,87,102,27,82,106,32,59,81" hai3="67,78,60,39,88,19,2,128,45,51,44,36,47"/><V121/><F121/><W133/><G2/><T117/><D117/><U43/><E72/><V89/><F106/><W10/><G78/><N who="0" m="44111" /><D131/><U56/><E118/><V86/><F32/><W98/><G51/><N who="2" m="19465" /><F27/><W123/><G123/><T40/><D40/><U132/><E132/><V76/><F76/><W18/><G128/><T54/><D54/><U105/><E105/><V104/><F104/><W119/><G119/><T113/><D22/><U83/><E129/><V28/><F28/><W108/><G108/><N who="0" m="41579" /><D31/><U37/><E21/><V69/><F69/><W124/><G133/><T52/><D52/><U57/><E57/><V120/><F120/><W66/><G39/><T61/><D61/><AGARI ba="0,0" hai="59,61,65,79,81,82,86,87,89,100,102" m="19465" machi="61" ten="30,1500,0" yaku="8,1" doraHai="7" who="2" fromWho="0" sc="399,-15,200,0,116,15,285,0" /><INIT seed="6,1,0,3,3,41" ten="384,200,131,285" oya="2" hai0="72,29,2,89,119,5,22,36,38,106,11,76,98" hai1="34,10,6,30,104,4,130,18,86,53,61,117,57" hai2="116,1,118,7,69,60,79,8,64,127,100,15,96" hai3="49,112,110,26,50,75,85,122,94,56,59,17,84"/><V108/><F127/><W20/><G75/><T113/><D119/><U48/><E104/><V27/><F108/><W67/><G110/><T120/><D120/><U124/><E117/><V103/><F103/><W121/><G112/><T132/><D113/><U32/><E130/><V133/><F133/><W42/><G122/><T125/><D125/><U126/><E18/><V55/><F79/><W114/><G114/><T83/><D132/><U81/><E124/><V23/><F1/><W95/><G121/><T91/><D91/><U33/><E126/><V66/><F55/><W19/><G67/><T109/><D109/><U68/><E30/><V45/><F66/><W78/><G78/><T82/><D82/><U43/><E68/><V87/><F87/><N who="3" m="33355" /><G17/><T39/><D89/><U13/><E4/><V134/><F134/><W77/><G77/><T90/><D90/><U97/><E97/><V46/><F118/><W0/><G0/><T111/><D111/><U21/><E21/><V129/><F129/><W70/><G70/><T107/><D98/><U31/><E31/><V62/><F116/><W44/><G50/><T73/><D73/><U58/><E33/><V74/><F74/><W101/><G101/><T80/><D80/><U16/><E6/><V135/><F135/><W65/><G65/><T123/><D123/><U93/><E93/><AGARI ba="1,0" hai="19,20,26,42,44,49,56,59,93,94,95" m="33355" machi="93" ten="30,2000,0" yaku="8,1,52,1" doraHai="41" who="3" fromWho="1" sc="384,0,200,-23,131,0,285,23" /><INIT seed="7,0,0,1,1,109" ten="384,177,131,308" oya="3" hai0="45,23,55,5,126,110,125,53,122,28,99,56,85" hai1="70,95,16,10,15,66,9,64,35,130,82,97,24" hai2="29,135,87,44,94,1,80,63,48,19,57,59,73" hai3="67,131,93,98,11,34,17,127,121,103,3,61,79"/><W68/><G121/><T2/><D110/><U47/><E130/><V107/><F107/><W40/><G131/><T88/><D122/><U119/><E119/><V49/><F1/><W54/><G34/><T86/><D45/><U62/><E66/><V133/><F73/><W129/><G129/><T37/><D37/><U4/><E82/><V12/><F29/><W113/><G40/><T84/><D2/><U116/><E116/><V102/><F102/><W26/><G79/><T0/><D0/><U108/><E108/><V42/><F94/><W74/><G74/><T38/><D5/><U101/><E47/><V81/><F49/><W7/><G54/><T112/><D38/><U58/><E70/><V106/><F106/><W118/><G118/><T120/><D120/><U124/><E124/><N who="0" m="47721" /><D56/><U134/><E4/><V90/><F80/><W123/><G123/><T76/><D76/><U60/><E58/><V8/><REACH who="2" step="1"/><F57/><REACH who="2" ten="384,177,121,308" step="2"/><W96/><G127/><T128/><D128/><U18/><E95/><V36/><F36/><W39/><G39/><T115/><D28/><U117/><E117/><V30/><F30/><W41/><G93/><T132/><D99/><U51/><E97/><V27/><F27/><W111/><G111/><T52/><D86/><U92/><E92/><V20/><F20/><N who="3" m="13583" /><G98/><T114/><D23/><U69/><E24/><V91/><F91/><W43/><G96/><T46/><D85/><U31/><E31/><V105/><F105/><W13/><G103/><T33/><D84/><U32/><E101/><V21/><F21/><W22/><G22/><T104/><D104/><RYUUKYOKU ba="0,1" sc="384,-10,177,-10,121,30,308,-10" hai2="8,12,19,42,44,48,59,63,81,87,90,133,135" owari="384,48.0,167,-23.0,151,-35.0,298,10.0" /></mjloggm>