<mjloggm ver="2.3"><GO type="169"/><UN n0="%6F%28%3E%E3%83%AD%3C%2A%29%6F" n1="%E5%AF%9B%E3%83%94%E3%82%A8%E3%83%AD" n2="%EF%BC%88%E2%89%A7%E2%96%BD%E2%89%A6%EF%BC%89" n3="%6B%75%73%6F%6A%69%6A%69" dan="16,16,16,16" rate="2114,2056,2045,2051" sx="F,M,M,M"/><TAIKYOKU oya="0"/><INIT seed="0,0,0,4,2,42" ten="250,250,250,250" oya="0" hai0="23,109,38,113,94,54,18,82,102,131,95,127,124" hai1="59,105,103,12,72,61,75,80,25,36,26,135,134" hai2="13,96,71,97,112,17,10,118,3,11,114,78,126" hai3="65,132,62,55,85,128,43,20,130,48,27,9,28"/><T4/><D38/><U119/><E36/><V60/><F126/><N who="0" m="48170" /><D4/><U73/><E119/><V8/><F118/><W52/><G132/><N who="1" m="50730" /><E80/><V110/><F78/><W33/><G9/><T91/><D113/><U104/><E12/><V111/><F112/><W100/><G100/><T125/><D131/><N who="3" m="50217" /><G85/><N who="0" m="50615" /><D102/><U70/><E70/><V116/><F114/><W39/><G39/><T106/><D106/><N who="1" m="41067" /><E103/><V47/><F116/><W93/><G93/><T51/><D109/><U133/><N who="1" m="50738" /><U0/><DORA hai="58" /><E0/><V6/><F110/><W57/><G33/><T92/><D125/><U40/><E40/><V2/><F111/><W69/><G55/><AGARI ba="0,0" hai="25,26,55,59,61,72,73,75" m="41067,50738" machi="55" ten="50,3200,0" yaku="20,1,52,1" doraHai="42,58" who="1" fromWho="3" sc="250,0,250,32,250,0,250,-32" /><INIT seed="1,0,0,2,0,85" ten="250,282,250,218" oya="1" hai0="104,112,97,41,74,95,47,107,39,115,119,21,45" hai1="24,51,110,44,82,86,28,40,108,103,72,113,84" hai2="20,99,79,15,61,71,125,78,16,22,12,118,5" hai3="105,122,36,48,19,117,8,4,73,106,49,77,83"/><U67/><E67/><V91/><F118/><W128/><G36/><T3/><D3/><U18/><E113/><V52/><F125/><W93/><G117/><T14/><D74/><U76/><E103/><V33/><F33/><W53/><G122/><T88/><D119/><U98/><E98/><V34/><F34/><W6/><G128/><T68/><D68/><U109/><REACH who="1" step="1"/><E18/><REACH who="1" ten="250,272,250,218" step="2"/><N who="2" m="10335" /><F71/><W13/><G93/><T30/><D115/><U127/><E127/><V130/><F130/><W63/><G63/><T0/><D112/><U131/><E131/><V102/><F102/><W1/><G6/><T9/><D107/><U56/><E56/><N who="2" m="34951" /><F5/><W96/><G96/><T121/><D104/><U92/><E92/><AGARI ba="0,1" hai="12,16,22,78,79,91,92,99" m="34951,10335" machi="92" ten="30,7700,0" yaku="8,1,52,1,54,2" doraHai="85" who="2" fromWho="1" sc="250,0,272,-77,250,87,218,0" /><INIT seed="2,0,0,2,3,109" ten="250,195,337,218" oya="2" hai0="47,56,134,31,86,29,67,26,69,97,100,71,53" hai1="58,132,54,76,108,135,121,93,89,19,75,106,0" hai2="8,84,78,50,105,36,115,12,33,28,48,114,124" hai3="118,52,94,104,91,116,85,15,41,117,70,119,96"/><V72/><F36/><W13/><G70/><T18/><D134/><U37/><E106/><V44/><F105/><W51/><G41/><T3/><D3/><U60/><E0/><V68/><F68/><W82/><N who="3" m="29696" /><DORA hai="95" /><W111/><G104/><T4/><D4/><U122/><E37/><V92/><F72/><W2/><G2/><T83/><D18/><U21/><E108/><V73/><F73/><W34/><G34/><T129/><D129/><U61/><E76/><V46/><F124/><W9/><G111/><T74/><D74/><U102/><E102/><V59/><F59/><W80/><G9/><T87/><D86/><U57/><E75/><V133/><F133/><N who="1" m="51273" /><E21/><V55/><F33/><W30/><G30/><T131/><D131/><U98/><E19/><V7/><F28/><W99/><G82/><T127/><D127/><U110/><E110/><V49/><F49/><W17/><G17/><T126/><D126/><U23/><E23/><V6/><F6/><W81/><G81/><T79/><D31/><U66/><AGARI ba="0,0" hai="54,57,58,60,61,66,89,93,98,121,122" m="51273" machi="66" ten="30,2000,0" yaku="20,1,52,1" doraHai="109,95" who="1" fromWho="1" sc="250,-5,195,20,337,-10,218,-5" /><INIT seed="3,0,0,0,0,87" ten="245,215,327,213" oya="3" hai0="47,130,12,32,121,110,37,90,13,105,35,50,101" hai1="23,11,115,96,66,34,107,61,82,68,62,52,26" hai2="45,2,17,15,127,126,111,122,74,78,29,27,91" hai3="49,135,8,99,58,56,93,57,48,131,98,132,14"/><W117/><G117/><T21/><D121/><U40/><E115/><V53/><F2/><W125/><G125/><T72/><D37/><U31/><E40/><V7/><F7/><W84/><G131/><T86/><D72/><U118/><E118/><V71/><F71/><W76/><G76/><T123/><D123/><U22/><E11/><V44/><F122/><W103/><G84/><T88/><D130/><U113/><E113/><V0/><F0/><W36/><G36/><T129/><D129/><U94/><E82/><N who="2" m="45399" /><F53/><W73/><G73/><T9/><D110/><U25/><E25/><V134/><F134/><N who="3" m="51243" /><G99/><T5/><D21/><U102/><REACH who="1" step="1"/><E94/><REACH who="1" ten="245,205,327,213" step="2"/><V128/><F27/><W19/><AGARI ba="0,1" hai="8,14,19,48,49,56,57,58,93,98,103" m="51243" machi="19" ten="30,1500,0" yaku="20,1" doraHai="87" who="3" fromWho="3" sc="245,-5,205,-5,327,-5,213,25" /><INIT seed="3,1,0,2,2,24" ten="240,200,322,238" oya="3" hai0="132,88,17,28,134,100,12,118,29,16,27,107,59" hai1="62,58,9,66,101,30,71,110,117,45,50,105,19" hai2="106,47,67,79,36,125,74,73,48,55,133,43,78" hai3="76,54,127,103,81,70,56,112,20,51,6,23,75"/><W49/><G112/><T34/><D118/><U111/><E117/><V119/><F119/><W37/><G37/><T99/><D59/><U121/><E121/><V57/><F106/><W108/><G70/><T7/><D7/><U65/><E101/><V109/><F133/><N who="0" m="51306" /><D12/><U52/><E105/><V44/><F109/><N who="1" m="41481" /><E30/><V82/><F125/><W68/><G108/><T98/><D29/><U84/><E84/><V130/><F130/><W63/><G127/><T80/><D80/><U124/><E19/><V41/><F67/><N who="1" m="25609" /><E9/><V92/><F92/><AGARI ba="1,0" hai="16,17,27,28,34,88,92,98,99,100,107" m="51306" machi="92" ten="30,7700,0" yaku="20,1,52,1,54,2" doraHai="24" who="0" fromWho="2" sc="240,80,200,0,322,-80,238,0" /><INIT seed="4,0,0,2,4,63" ten="320,200,242,238" oya="0" hai0="107,41,64,18,121,62,112,13,59,27,91,105,28" hai1="48,86,111,127,0,109,45,58,11,92,133,124,135" hai2="68,43,40,65,36,72,78,118,70,80,15,129,84" hai3="90,97,101,88,69,94,25,12,21,33,125,31,20"/><T39/><D121/><U66/><E0/><V7/><F118/><W85/><G125/><N who="1" m="48202" /><E11/><V93/><F129/><W35/><G69/><T34/><D112/><U56/><E86/><V2/><F2/><W67/><G67/><T46/><REACH who="0" step="1"/><D91/><REACH who="0" ten="310,200,242,238" step="2"/><U52/><E92/><V134/><F93/><W55/><G90/><T19/><D19/><U81/><E81/><V104/><F80/><W17/><REACH who="3" step="1"/><G55/><REACH who="3" ten="310,200,242,228" step="2"/><T106/><D106/><AGARI ba="0,2" hai="12,17,20,21,25,31,33,35,85,88,94,97,101,106" machi="106" ten="30,7700,0" yaku="1,1,2,1,7,1,54,1,53,0" doraHai="63" doraHaiUra="108" who="3" fromWho="0" sc="310,-77,200,0,242,0,228,97" /><INIT seed="5,0,0,2,3,11" ten="233,200,242,325" oya="1" hai0="113,4,106,22,20,5,36,52,14,24,43,27,133" hai1="83,72,41,55,124,61,114,12,54,78,44,40,117" hai2="53,49,42,58,105,37,116,38,0,73,51,100,33" hai3="25,59,57,130,7,31,108,91,99,79,70,2,45"/><U47/><E117/><V95/><F0/><W10/><G70/><T29/><D106/><U90/><E114/><V16/><F105/><W85/><G108/><T34/><D113/><U26/><E124/><V3/><F3/><W18/><G130/><T9/><D133/><U6/><E61/><V46/><F33/><W71/><G71/><T69/><D69/><U110/><E110/><V135/><F73/><W32/><G79/><T115/><D115/><U126/><E126/><V39/><F135/><W82/><G99/><T107/><D107/><U86/><E26/><V84/><F116/><W103/><G103/><T50/><D43/><N who="1" m="16459" /><E72/><V88/><F100/><W125/><G125/><T64/><D64/><U118/><E78/><V19/><AGARI ba="0,0" hai="16,19,37,38,39,42,46,49,51,53,58,84,88,95" machi="19" ten="40,5200,0" yaku="0,1,54,2" doraHai="11" who="2" fromWho="2" sc="233,-13,200,-26,242,52,325,-13" /><INIT seed="6,0,0,0,2,80" ten="220,174,294,312" oya="2" hai0="108,23,109,7,110,52,127,15,16,118,96,9,24" hai1="71,31,131,99,87,62,5,32,39,100,42,44,11" hai2="124,83,93,50,98,84,67,66,61,43,33,106,132" hai3="36,26,12,58,27,60,4,89,30,65,28,20,41"/><V68/><F106/><W49/><G36/><T78/><D118/><U91/><E131/><V51/><F132/><W10/><G89/><T40/><D127/><U56/><E71/><V63/><F124/><W14/><G41/><T46/><D96/><U74/><E74/><V54/><F33/><W129/><G129/><T0/><D78/><U94/><E31/><V22/><F43/><W3/><G49/><T34/><D52/><U17/><E32/><AGARI ba="0,0" hai="3,4,10,12,14,20,26,27,28,30,32,58,60,65" machi="32" ten="30,1000,0" yaku="7,1" doraHai="80" who="3" fromWho="1" sc="220,0,174,-10,294,0,312,10" /><INIT seed="7,0,0,2,3,52" ten="220,164,294,322" oya="3" hai0="58,63,34,65,23,135,43,81,84,108,103,93,99" hai1="56,6,4,9,73,82,98,59,79,42,74,77,128" hai2="121,122,131,22,5,90,118,21,50,45,117,19,110" hai3="113,31,94,80,1,91,70,69,13,36,101,40,48"/><W109/><G1/><T95/><D34/><U86/><E128/><V76/><F76/><N who="1" m="29257" /><E74/><V68/><F68/><W104/><G36/><T119/><D108/><U44/><E73/><V30/><F90/><W85/><G109/><T127/><D119/><U132/><E132/><V89/><F89/><W130/><G130/><T96/><D127/><U11/><E98/><V123/><F110/><W29/><G113/><T125/><D135/><U61/><E61/><V53/><F131/><W97/><G104/><T64/><D125/><U0/><E0/><V14/><F5/><N who="1" m="2153" /><E42/><V8/><F118/><W102/><G70/><T111/><D111/><U83/><E44/><V46/><F45/><N who="3" m="25639" /><G69/><T33/><D33/><U3/><E3/><V129/><F117/><W124/><G124/><T51/><D43/><U39/><E39/><V62/><F62/><W37/><G37/><T75/><D75/><U114/><E114/><V38/><F129/><W17/><G102/><T105/><D105/><U88/><E82/><V32/><F38/><W2/><G2/><T67/><D103/><U28/><E28/><V27/><AGARI ba="0,0" hai="8,14,19,21,22,27,30,32,46,50,53,121,122,123" machi="27" ten="40,2700,0" yaku="0,1,13,1" doraHai="52" who="2" fromWho="2" sc="220,-7,164,-7,294,27,322,-13" owari="213,-19.0,157,-34.0,321,42.0,309,11.0" /></mjloggm>