<mjloggm ver="2.3"><GO type="169" lobby="0"/><UN n0="%E5%8F%8D%E9%99%BD%E5%AD%90%E3%81%95%E3%82%93" n1="%E3%83%9F%E3%83%A9%E3%82%AF%E3%83%AB%E3%81%8A%E3%81%98%E3%81%95%E3%82%93" n2="%EF%BC%88%E2%89%A7%E2%96%BD%E2%89%A6%EF%BC%89" n3="%E5%89%A3%E5%9F%8E" dan="18,17,18,16" rate="2193.87,2141.82,2189.41,2064.02" sx="F,M,M,M"/><TAIKYOKU oya="0"/><INIT seed="0,0,0,3,5,14" ten="250,250,250,250" oya="0" hai0="104,61,84,69,64,87,113,62,125,118,105,71,26" hai1="8,80,28,88,39,103,3,45,21,106,44,6,132" hai2="43,4,47,131,74,12,37,100,60,1,56,13,98" hai3="121,86,42,116,99,135,20,122,55,23,72,30,66"/><T79/><D118/><U90/><E132/><V95/><F131/><W59/><G72/><T85/><D113/><U102/><E28/><V89/><F74/><W112/><G112/><T34/><D79/><U107/><E21/><V19/><F1/><W50/><G116/><T38/><D38/><U41/><E80/><V73/><F73/><W110/><G110/><T40/><D40/><U24/><E24/><V25/><F4/><W77/><G135/><T96/><D125/><U123/><E123/><V108/><F108/><W130/><G130/><T92/><D34/><U48/><E103/><V70/><F70/><W97/><G66/><T53/><D26/><U114/><E114/><V134/><F100/><W31/><G42/><T11/><D11/><U63/><E63/><V82/><F82/><N who="3" m="47439" /><G23/><T91/><REACH who="0" step="1"/><D53/><REACH who="0" ten="240,250,250,250" step="2"/><U75/><E8/><V51/><F37/><W0/><G121/><T93/><D93/><U81/><E39/><V83/><F134/><W117/><G117/><T120/><D120/><U58/><E41/><V133/><F133/><W129/><G129/><T128/><D128/><U29/><E107/><V5/><F83/><W46/><G122/><T49/><D49/><U32/><E48/><V119/><F119/><W76/><G76/><T27/><D27/><U101/><E106/><V67/><F5/><W109/><G109/><T16/><D16/><U33/><E6/><V10/><F10/><W126/><G126/><T15/><D15/><N who="2" m="5706" /><F25/><N who="3" m="16679" /><G0/><T54/><D54/><U2/><E3/><V127/><F127/><W9/><G9/><T94/><D94/><U52/><E2/><RYUUKYOKU ba="0,1" sc="240,15,250,-15,250,15,250,-15" hai0="61,62,64,69,71,84,85,87,91,92,96,104,105" hai2="19,43,47,51,56,60,67,89,95,98" /><INIT seed="0,1,1,5,3,85" ten="255,235,265,235" oya="0" hai0="134,105,30,110,76,93,14,82,112,49,18,32,116" hai1="43,3,25,91,100,135,127,15,125,19,130,122,57" hai2="126,13,47,55,38,118,89,74,109,80,0,5,21" hai3="111,121,36,65,115,108,46,68,59,51,123,34,58"/><T132/><D105/><U7/><E122/><N who="3" m="46602" /><G34/><T8/><D116/><U131/><E100/><V54/><F118/><W40/><G115/><T120/><D120/><U44/><E25/><V53/><F126/><N who="1" m="48137" /><E57/><N who="3" m="21514" /><G51/><T83/><D112/><U103/><E103/><V4/><F0/><W10/><G10/><T75/><D110/><N who="3" m="42025" /><G68/><T1/><D49/><N who="1" m="26783" /><E7/><V31/><F109/><W86/><G86/><T96/><D1/><U61/><E61/><V129/><F5/><W24/><G24/><T66/><D132/><U73/><E73/><V104/><F74/><W92/><G92/><T113/><D134/><U81/><E3/><V106/><F4/><W84/><G84/><T9/><D113/><U63/><E63/><V79/><F106/><W6/><G6/><T90/><D75/><U69/><E69/><V94/><F104/><W56/><G56/><T60/><D60/><U23/><E135/><V48/><F48/><W128/><G65/><T97/><D66/><U28/><E28/><V26/><F31/><W119/><G119/><T71/><D30/><U33/><E33/><V99/><F26/><W45/><G45/><T78/><D32/><U98/><E81/><N who="0" m="30729" /><D71/><U35/><E35/><V67/><F67/><W42/><G42/><T114/><D114/><U101/><E101/><V117/><F80/><W95/><G95/><AGARI ba="1,1" hai="15,19,23,91,95,98,130,131" m="26783,48137" machi="95" ten="30,2000,0" yaku="18,1,52,1" doraHai="85" who="1" fromWho="3" sc="255,0,235,33,265,0,235,-23" /><INIT seed="1,0,0,3,5,60" ten="255,268,265,212" oya="1" hai0="96,28,0,125,107,80,43,97,123,121,99,52,116" hai1="104,44,24,33,38,19,84,46,89,113,47,131,75" hai2="100,11,115,111,76,98,101,132,63,7,128,55,88" hai3="25,3,10,45,117,85,30,114,42,18,32,77,67"/><U124/><E113/><V50/><F111/><W41/><G114/><T36/><D116/><U126/><E75/><V13/><F132/><W135/><G135/><T61/><D0/><U120/><E120/><N who="0" m="46153" /><D125/><N who="1" m="48235" /><E104/><V6/><F128/><W127/><G41/><T95/><D107/><U39/><E131/><V62/><F76/><W65/><G117/><T14/><D28/><N who="1" m="19591" /><E19/><V2/><F115/><W91/><G77/><T129/><D129/><U69/><E69/><V49/><F6/><W103/><G103/><N who="2" m="39497" /><F2/><W122/><G122/><T92/><D80/><AGARI ba="0,0" hai="38,39,44,46,47,80,84,89" m="19591,48235" machi="80" ten="30,1500,0" yaku="18,1" doraHai="60" who="1" fromWho="0" sc="255,-15,268,15,265,0,212,0" /><INIT seed="1,1,0,1,4,106" ten="240,283,265,212" oya="1" hai0="72,102,11,58,3,14,32,114,31,117,99,84,75" hai1="63,79,38,36,123,90,66,4,115,5,129,125,28" hai2="91,116,49,15,96,104,64,35,111,88,124,73,54" hai3="134,9,112,121,70,95,97,126,25,6,24,60,44"/><U119/><E115/><V93/><F35/><W133/><G112/><T128/><D114/><U27/><E119/><V61/><F116/><W57/><G70/><T68/><D117/><U19/><E123/><V53/><F124/><W92/><G126/><T76/><D3/><U47/><E125/><V7/><F111/><W17/><G44/><T113/><D113/><U42/><E129/><V108/><F108/><W86/><G86/><T56/><D68/><U46/><E79/><V39/><F39/><W40/><G40/><T59/><D128/><U51/><E19/><V18/><F7/><W135/><G121/><T23/><D32/><U34/><E90/><V48/><F73/><W109/><G109/><T110/><D110/><U107/><E107/><V1/><F1/><N who="3" m="207" /><G17/><T8/><D84/><U30/><E28/><V20/><F104/><W29/><G97/><T120/><D120/><U81/><E81/><V101/><F49/><W37/><G37/><T12/><D76/><U122/><E122/><V131/><F131/><W52/><G25/><T16/><D31/><U2/><E2/><V85/><F48/><W21/><AGARI ba="1,0" hai="21,24,29,52,57,60,92,95,133,134,135" m="207" machi="21" ten="30,2000,0" yaku="20,1,54,1" doraHai="106" who="3" fromWho="3" sc="240,-6,283,-11,265,-6,212,23" /><INIT seed="2,0,0,3,5,91" ten="234,272,259,235" oya="2" hai0="116,57,105,79,63,72,30,75,115,45,92,110,135" hai1="55,81,133,13,122,100,36,80,128,27,54,99,103" hai2="114,120,134,3,78,61,25,39,66,18,130,129,101" hai3="90,60,108,31,7,42,126,104,26,9,62,5,11"/><V52/><F120/><W121/><G104/><T86/><D115/><U0/><E0/><V28/><F39/><W95/><G121/><T93/><D105/><U111/><E122/><V125/><F3/><W8/><G42/><T117/><D110/><U43/><E111/><V4/><F114/><W67/><G126/><T127/><D127/><U58/><E128/><N who="2" m="49259" /><F4/><W35/><G108/><T88/><D135/><U119/><E119/><N who="0" m="45641" /><D79/><U59/><E133/><V102/><F125/><W38/><G38/><T41/><D30/><U1/><E1/><V16/><F78/><W14/><G14/><T123/><D123/><U94/><E27/><V17/><F134/><W113/><G62/><T6/><D6/><U46/><E103/><V69/><F52/><W74/><G113/><T109/><D109/><U77/><E13/><V76/><F76/><W118/><G118/><T21/><D21/><AGARI ba="0,0" hai="16,17,18,21,25,28,61,66,69,101,102" m="49259" machi="21" ten="30,2900,0" yaku="19,1,54,1" doraHai="91" who="2" fromWho="0" sc="234,-29,272,0,259,29,235,0" /><INIT seed="2,1,0,3,3,120" ten="205,272,288,235" oya="2" hai0="15,104,56,98,5,19,114,32,127,26,13,54,92" hai1="89,12,42,70,125,69,39,112,82,17,29,105,96" hai2="53,97,21,101,6,20,64,71,76,8,1,72,74" hai3="129,40,100,67,2,49,130,85,121,83,86,43,57"/><V48/><F71/><W28/><G2/><T35/><D114/><U123/><E112/><V51/><F64/><W115/><G115/><T7/><D104/><U132/><E123/><V110/><F110/><W81/><G121/><T87/><D127/><U106/><E125/><V62/><F62/><N who="3" m="38351" /><G28/><T38/><D38/><U11/><E132/><V117/><F117/><W68/><G68/><T50/><D87/><N who="3" m="33289" /><G100/><T84/><D84/><U99/><E82/><N who="3" m="31242" /><G49/><T78/><D78/><U61/><E29/><V37/><F37/><W116/><G116/><T109/><D109/><U66/><E70/><V73/><F76/><W41/><G130/><T65/><D65/><U108/><E108/><V3/><F3/><W16/><G129/><T23/><D35/><U95/><REACH who="1" step="1"/><E99/><REACH who="1" ten="205,262,288,235" step="2"/><V10/><F74/><W94/><G40/><T63/><D32/><U31/><E31/><V9/><F73/><W0/><G43/><T4/><REACH who="0" step="1"/><D50/><REACH who="0" ten="195,262,288,235" step="2"/><U25/><E25/><V107/><F51/><W131/><G131/><T59/><D59/><U47/><AGARI ba="1,2" hai="11,12,17,39,42,47,61,66,69,89,95,96,105,106" machi="47" ten="30,4000,0" yaku="1,1,0,1,53,1" doraHai="120" doraHaiUra="91" who="1" fromWho="1" sc="195,-11,262,63,288,-21,235,-11" /><INIT seed="3,0,0,0,2,26" ten="184,325,267,224" oya="3" hai0="31,101,112,36,91,102,103,70,79,63,20,115,88" hai1="61,96,107,78,40,73,109,42,59,67,108,55,128" hai2="110,104,16,53,38,47,57,98,4,54,15,132,65" hai3="27,69,105,5,66,117,45,97,89,29,60,50,124"/><W113/><G113/><N who="0" m="43595" /><D36/><U114/><E114/><V39/><F132/><W122/><G117/><T62/><D79/><U133/><E133/><V119/><F119/><W75/><G75/><T90/><D70/><U19/><E128/><V0/><F110/><N who="1" m="42601" /><E19/><V6/><F0/><W8/><G124/><T123/><D123/><U100/><E67/><V92/><F104/><W83/><G83/><AGARI ba="0,0" hai="40,42,55,59,61,73,78,83,96,100,107" m="42601" machi="83" ten="30,1000,0" yaku="14,1" doraHai="26" who="1" fromWho="3" sc="184,0,325,10,267,0,224,-10" /><INIT seed="4,0,0,2,1,104" ten="184,335,267,214" oya="0" hai0="97,17,37,129,90,92,16,123,49,133,115,57,109" hai1="66,125,21,67,126,106,18,29,12,47,78,63,10" hai2="68,70,91,127,98,5,84,111,23,135,132,41,52" hai3="11,82,35,43,30,60,116,3,56,54,119,14,58"/><T32/><D123/><U102/><E78/><V65/><F111/><W128/><G3/><T121/><D121/><U89/><E89/><V13/><F41/><W50/><G128/><T87/><D109/><U36/><E102/><V72/><F127/><N who="1" m="48649" /><E106/><V100/><F65/><N who="1" m="24585" /><E63/><V20/><F98/><W75/><G60/><T8/><D37/><U64/><E64/><V19/><F100/><W31/><G82/><T74/><D32/><U71/><E71/><V81/><F70/><W0/><G35/><T42/><D129/><U69/><E69/><V28/><F68/><W110/><G110/><T48/><D74/><U101/><E101/><V73/><F5/><W1/><G75/><T95/><D133/><N who="2" m="51274" /><F52/><W130/><G54/><N who="0" m="31943" /><D115/><U38/><E47/><V7/><F7/><W46/><G130/><T88/><D8/><U53/><E53/><V22/><F28/><W61/><G31/><T9/><D9/><AGARI ba="0,0" hai="9,13,19,20,22,23,72,73,81,84,91" m="51274" machi="9" ten="30,3900,0" yaku="20,1,52,2" doraHai="104" who="2" fromWho="0" sc="184,-39,335,0,267,39,214,0" /><INIT seed="5,0,0,1,2,46" ten="145,335,306,214" oya="1" hai0="24,94,96,99,32,6,87,104,66,102,116,22,4" hai1="134,2,33,60,81,83,42,117,93,101,103,47,5" hai2="110,131,91,12,119,27,0,133,7,123,100,97,107" hai3="16,69,85,127,3,120,130,77,113,41,19,52,23"/><U36/><E117/><V17/><F123/><W59/><G69/><T67/><D116/><U105/><E105/><V62/><F119/><W28/><G3/><T56/><D32/><U125/><E33/><V38/><F38/><W80/><G120/><T8/><D87/><U30/><E30/><V54/><F110/><W14/><G113/><T90/><D56/><U63/><E125/><V45/><F133/><W79/><G130/><T53/><D53/><U64/><E134/><V98/><F0/><W25/><G41/><T21/><D21/><U124/><E124/><V89/><F131/><W72/><G127/><T122/><D122/><U61/><E64/><V74/><F74/><W10/><G72/><T35/><D35/><U20/><E20/><V132/><F98/><W58/><G58/><T15/><REACH who="0" step="1"/><D6/><REACH who="0" ten="135,335,306,214" step="2"/><U128/><E128/><V48/><F132/><W76/><G28/><AGARI ba="0,1" hai="4,8,15,22,24,28,66,67,90,94,96,99,102,104" machi="28" ten="30,3900,0" yaku="1,1,2,1,7,1,53,0" doraHai="46" doraHaiUra="65" who="0" fromWho="3" sc="135,49,335,0,306,0,214,-39" /><INIT seed="6,0,0,5,0,101" ten="184,335,306,175" oya="2" hai0="77,13,103,99,121,93,66,87,11,131,51,113,39" hai1="120,126,7,9,25,14,1,72,38,10,115,117,68" hai2="89,20,48,35,70,112,45,40,17,15,27,114,31" hai3="132,125,21,123,97,5,90,80,81,55,107,47,109"/><V127/><F127/><W98/><G109/><T57/><D39/><U63/><E72/><V36/><F70/><W4/><G123/><T134/><D121/><U2/><E120/><V54/><REACH who="2" step="1"/><F89/><REACH who="2" ten="184,335,296,175" step="2"/><W82/><G125/><T65/><D131/><U91/><E91/><V129/><F129/><W62/><G132/><T28/><D134/><U104/><E126/><V95/><F95/><W69/><G69/><T102/><D103/><U75/><E117/><V0/><F0/><W122/><G90/><T6/><D113/><U52/><E115/><V19/><F19/><W64/><G82/><N who="0" m="47567" /><D28/><U100/><E1/><V118/><F118/><W88/><G81/><T16/><D16/><U133/><E2/><V58/><AGARI ba="0,1" hai="15,17,20,27,31,35,36,40,45,48,54,58,112,114" machi="58" ten="30,3000,0" yaku="1,1,0,1,53,0" doraHai="101" doraHaiUra="96" who="2" fromWho="2" sc="184,-10,335,-10,296,40,175,-10" /><INIT seed="6,1,0,3,0,91" ten="174,325,336,165" oya="2" hai0="37,45,36,49,95,94,109,99,115,121,131,101,48" hai1="79,58,129,117,112,9,65,98,104,80,62,75,63" hai2="123,108,26,52,60,2,25,128,7,134,85,72,89" hai3="81,30,77,46,42,126,16,113,32,103,27,122,78"/><V15/><F72/><W4/><G122/><T127/><D121/><U56/><E117/><V124/><F2/><W35/><G4/><T70/><D109/><U39/><E39/><V59/><F123/><W1/><G1/><T84/><D70/><U105/><E112/><V125/><F108/><W47/><G32/><T40/><D115/><U6/><E129/><V3/><F3/><W88/><G103/><T107/><D131/><U96/><E104/><V43/><F43/><W71/><G71/><T29/><D127/><N who="2" m="48714" /><F134/><W54/><G113/><T20/><D37/><U66/><REACH who="1" step="1"/><E105/><REACH who="1" ten="174,315,336,165" step="2"/><V5/><F128/><W132/><G126/><T17/><D107/><U114/><E114/><V118/><F118/><W69/><G132/><T93/><D36/><U38/><E38/><V100/><F100/><W110/><G110/><T28/><D101/><U106/><E106/><V61/><F61/><W133/><G133/><T13/><D49/><U51/><E51/><V97/><F60/><W24/><G69/><T8/><D99/><U86/><E86/><V83/><F97/><W90/><G46/><T102/><D102/><U116/><E116/><V23/><F85/><W12/><G47/><T73/><D84/><U57/><E57/><V22/><F59/><W19/><G42/><T64/><D73/><U18/><E18/><V55/><F5/><W87/><G19/><N who="0" m="8615" /><D64/><U44/><E44/><V135/><F7/><W33/><G16/><T76/><D76/><U68/><E68/><V111/><F135/><W120/><G78/><T34/><D17/><U82/><E82/><V21/><F111/><RYUUKYOKU ba="1,1" sc="174,-10,315,30,336,-10,165,-10" hai1="6,9,56,58,62,63,65,66,75,79,80,96,98" /><INIT seed="7,2,1,0,1,49" ten="164,345,326,155" oya="3" hai0="109,20,125,6,111,92,79,102,106,99,81,14,36" hai1="12,50,70,93,62,22,96,63,116,100,3,105,119" hai2="1,121,104,83,4,130,103,74,46,8,28,127,26" hai3="56,107,131,44,59,41,76,123,94,13,78,0,53"/><W95/><G0/><T73/><D36/><U52/><E3/><V71/><F127/><W9/><G107/><T114/><D125/><U29/><E105/><V124/><F124/><W43/><G131/><T134/><D134/><U85/><E85/><V34/><F130/><W19/><G123/><T16/><D114/><U67/><E62/><V89/><F121/><W86/><G59/><T101/><D6/><U33/><E33/><V61/><F46/><W23/><G44/><T18/><D102/><U88/><E100/><V82/><F89/><N who="3" m="53559" /><G95/><T25/><D106/><U80/><E80/><V133/><F133/><W110/><G9/><AGARI ba="2,1" hai="9,14,16,18,20,25,73,79,81,92,99,101,109,111" machi="9" ten="30,2000,0" yaku="7,1,54,1" doraHai="49" who="0" fromWho="3" sc="164,36,345,0,326,0,155,-26" owari="200,-20.0,345,44.0,326,13.0,129,-37.0" /></mjloggm>