<mjloggm ver="2.3"><GO type="41"/><UN n0="%6B%61%6E%6B" n1="%6D%61%73%6B%61%72%61%73" n2="%E3%82%A4%E3%83%B3%E3%83%87%E3%82%A3" n3="%EF%BC%88%E2%89%A7%E2%96%BD%E2%89%A6%EF%BC%89" dan="13,14,13,13" rate="1833,2010,1842,2018" sx="M,M,M,M"/><TAIKYOKU oya="0"/><INIT seed="0,0,0,3,1,94" ten="250,250,250,250" oya="0" hai0="129,64,35,43,62,82,109,48,10,68,3,123,87" hai1="127,52,97,116,44,5,79,2,22,69,7,75,50" hai2="58,125,89,6,78,106,124,133,113,41,70,117,20" hai3="80,114,110,92,96,65,74,88,38,76,34,73,100"/><T81/><D123/><U101/><E116/><V120/><F41/><W29/><G38/><T90/><D35/><U28/><E69/><V135/><F6/><W47/><G114/><T4/><D129/><U61/><E127/><N who="2" m="48715" /><F78/><W0/><G0/><T67/><D109/><U63/><E75/><V98/><F70/><W112/><G112/><T119/><D119/><U42/><E79/><V126/><N who="2" m="48723" /><V11/><DORA hai="111" /><F11/><W115/><G115/><T103/><D103/><U57/><E63/><V71/><F71/><W85/><G110/><T16/><D67/><U27/><REACH who="1" step="1"/><E2/><REACH who="1" step="2"/><V107/><F117/><W91/><G74/><T26/><D43/><U25/><E25/><V1/><F113/><W118/><G118/><T86/><D48/><U40/><E40/><V51/><F1/><W59/><G73/><T77/><REACH who="0" step="1"/><D26/><REACH who="0" step="2"/><U45/><E45/><V46/><F46/><W12/><G47/><T131/><D131/><U99/><E99/><V36/><F51/><W66/><G96/><T72/><D72/><U24/><E24/><V8/><F36/><W15/><G85/><T105/><D105/><AGARI ba="0,2" hai="5,7,22,27,28,42,44,50,52,57,61,97,101,105" machi="105" ten="30,8000,1" yaku="1,1,7,1,52,1,54,1,53,1" doraHai="94,111" doraHaiUra="102,33" who="1" fromWho="0" sc="240,-80,240,100,250,0,250,0" /><INIT seed="1,0,0,5,4,56" ten="160,340,250,250" oya="1" hai0="28,61,120,40,6,29,134,113,122,112,54,108,106" hai1="20,42,26,31,60,2,84,15,131,9,34,36,81" hai2="47,35,4,95,121,99,87,128,103,110,91,118,45" hai3="97,92,62,75,3,17,37,73,21,5,43,32,19"/><U57/><E131/><V49/><F121/><N who="0" m="46698" /><D106/><U46/><E2/><V93/><F118/><W90/><G32/><T23/><D40/><U11/><E34/><V94/><F35/><W38/><G17/><T109/><D6/><U51/><E36/><V125/><F110/><N who="0" m="42602" /><D54/><N who="1" m="33847" /><E15/><V12/><F125/><W33/><G33/><T83/><D83/><U133/><E133/><V0/><F0/><W27/><G37/><T1/><D134/><U74/><E74/><V79/><F128/><W52/><G43/><T77/><D77/><AGARI ba="0,0" hai="9,11,20,26,31,42,46,51,77,81,84" m="33847" machi="77" ten="30,2900,0" yaku="8,1,52,1" doraHai="56" who="1" fromWho="0" sc="160,-29,340,29,250,0,250,0" /><INIT seed="1,1,0,1,3,86" ten="131,369,250,250" oya="1" hai0="52,70,83,105,45,39,124,2,87,31,33,17,3" hai1="58,93,67,46,120,116,71,85,75,12,131,10,68" hai2="36,108,34,15,53,110,60,129,119,32,47,80,35" hai3="42,111,7,49,61,20,56,125,4,126,22,25,43"/><U13/><E120/><V82/><F119/><W121/><G121/><T65/><D105/><U76/><E116/><V106/><F106/><W62/><G111/><N who="2" m="42537" /><F15/><W122/><G122/><T118/><D118/><U69/><E131/><V115/><F129/><W133/><G133/><T54/><D124/><N who="3" m="47721" /><G49/><T11/><D70/><U51/><E75/><V74/><F115/><W95/><G95/><T6/><D65/><U55/><E12/><V48/><F36/><W24/><G56/><T89/><D17/><U5/><E58/><V135/><F135/><W114/><G114/><T30/><D3/><U8/><E8/><V103/><F103/><W64/><G64/><T77/><D33/><U97/><E85/><V44/><F60/><N who="3" m="23147" /><G22/><T9/><D11/><U73/><E67/><V130/><F130/><W72/><G72/><T21/><D21/><U0/><E73/><V101/><F101/><W27/><G20/><T98/><D54/><U107/><E107/><V113/><F113/><W91/><G91/><T16/><D39/><U59/><E76/><N who="2" m="44055" /><F82/><W99/><G99/><T14/><D98/><U26/><E0/><V1/><F1/><W28/><G28/><T134/><D134/><U18/><E26/><V127/><F127/><W38/><G38/><T63/><D2/><U37/><E37/><V78/><F78/><W66/><G66/><T128/><D77/><U94/><E97/><V96/><F96/><W100/><G100/><T19/><D128/><U50/><E5/><AGARI ba="1,0" hai="4,5,7,24,25,27,42,43" m="23147,47721" machi="5" ten="40,5200,0" yaku="28,2,18,1" doraHai="86" who="3" fromWho="1" sc="131,0,369,-55,250,0,250,55" /><INIT seed="2,0,0,0,0,128" ten="131,314,250,305" oya="2" hai0="18,79,1,121,17,45,50,129,122,127,28,6,43" hai1="92,47,14,54,131,33,101,42,116,30,69,126,103" hai2="4,105,35,39,98,51,82,85,41,102,80,3,73" hai3="135,2,44,27,90,22,97,8,24,34,7,111,78"/><V86/><F35/><W76/><G111/><T83/><D129/><U124/><E116/><V112/><F112/><W100/><G34/><T109/><D109/><U110/><E131/><V52/><F39/><W81/><G135/><T130/><D130/><U56/><E110/><V13/><F3/><W26/><G22/><T123/><D127/><N who="1" m="48683" /><E69/><V11/><F73/><W119/><G119/><T10/><D28/><U67/><E67/><V49/><F51/><W31/><G31/><T72/><AGARI ba="0,0" hai="1,6,10,17,18,43,45,50,72,79,83,121,122,123" machi="72" ten="30,1100,0" yaku="0,1" doraHai="128" who="0" fromWho="0" sc="131,11,314,-3,250,-5,305,-3" /><INIT seed="3,0,0,0,2,56" ten="142,311,245,302" oya="3" hai0="78,128,14,18,76,135,0,12,89,31,49,46,123" hai1="127,9,122,85,8,120,111,22,117,23,63,113,57" hai2="48,1,96,43,36,90,92,47,109,73,3,75,35" hai3="2,69,17,52,98,51,15,41,54,60,130,80,79"/><W82/><G2/><T71/><D123/><U55/><E113/><V21/><F35/><W68/><G130/><T126/><D128/><U101/><E111/><V16/><F109/><W29/><G29/><T13/><D0/><U112/><E112/><V103/><F36/><W105/><G105/><T10/><D71/><U74/><E74/><V58/><F1/><W20/><G98/><T5/><D135/><U100/><E127/><V39/><F3/><W33/><G33/><T108/><D108/><U102/><E117/><V61/><F39/><W84/><G80/><T26/><D126/><U65/><E122/><V38/><F103/><W44/><REACH who="3" step="1"/><G69/><REACH who="3" step="2"/><T132/><D132/><U94/><E120/><V6/><F38/><W11/><G11/><N who="1" m="4170" /><E65/><AGARI ba="0,1" hai="15,17,20,41,44,51,52,54,60,65,68,79,82,84" machi="65" ten="40,7700,0" yaku="1,1,52,1,54,1,53,0" doraHai="56" doraHaiUra="104" who="3" fromWho="1" sc="142,0,311,-77,245,0,292,87" /><INIT seed="3,1,0,5,5,12" ten="142,234,245,379" oya="3" hai0="111,52,6,82,123,3,115,39,98,23,72,7,0" hai1="58,14,112,64,79,81,103,53,132,76,94,108,41" hai2="5,61,26,21,129,84,106,80,16,42,8,77,70" hai3="105,29,30,4,13,99,31,120,73,116,28,37,62"/><W18/><G73/><T44/><D123/><U130/><E112/><V109/><F106/><W93/><G120/><T60/><D115/><U43/><E64/><V83/><F109/><W67/><G116/><T71/><D111/><U22/><E108/><V66/><F42/><N who="1" m="15881" /><E130/><V54/><F54/><W25/><G37/><T86/><D98/><N who="1" m="59863" /><E81/><V11/><F129/><W27/><G105/><T57/><D71/><U69/><E69/><V78/><REACH who="2" step="1"/><F5/><REACH who="2" step="2"/><W33/><G4/><T74/><D6/><U91/><E132/><V59/><F59/><N who="3" m="37343" /><G33/><T128/><D7/><U17/><E91/><V47/><F47/><W100/><N who="3" m="7680" /><DORA hai="101" /><W48/><G48/><AGARI ba="1,1" hai="14,17,22,48,53,58,76,79" m="59863,15881" machi="48" ten="30,2000,0" yaku="8,1,52,1" doraHai="12,101" who="1" fromWho="3" sc="142,0,234,33,235,0,379,-23" /><INIT seed="4,0,0,2,0,78" ten="142,267,235,356" oya="0" hai0="22,127,60,128,61,21,0,33,101,65,59,50,99" hai1="113,47,28,23,83,1,64,3,120,110,118,105,95" hai2="37,69,93,119,79,129,89,39,86,102,20,108,41" hai3="13,92,29,11,104,103,115,15,116,38,77,46,112"/><T18/><D127/><U25/><E110/><V51/><F108/><W107/><G116/><T17/><D128/><U75/><E118/><V56/><F119/><W96/><G29/><T6/><D33/><U55/><E120/><V66/><F69/><W8/><G77/><T122/><D122/><U36/><E105/><N who="3" m="40522" /><G38/><T34/><D34/><U134/><E134/><V40/><F37/><W35/><G35/><T43/><D0/><U135/><E135/><V14/><F39/><W84/><G46/><T114/><D114/><N who="3" m="43561" /><G84/><T32/><D32/><U24/><E113/><V97/><F129/><W94/><G94/><N who="0" m="58615" /><D6/><U45/><E95/><V125/><F125/><W49/><G49/><T19/><D61/><U80/><E75/><V109/><F109/><W87/><G87/><T121/><D121/><U5/><E5/><V123/><F123/><W58/><G58/><T71/><D71/><U57/><E45/><AGARI ba="0,0" hai="17,18,19,21,22,43,45,50,59,60,65" m="58615" machi="45" ten="30,1500,0" yaku="8,1" doraHai="78" who="0" fromWho="1" sc="142,15,267,-15,235,0,356,0" /><INIT seed="4,1,0,1,2,30" ten="157,252,235,356" oya="0" hai0="70,9,121,0,56,107,38,10,54,63,26,100,93" hai1="29,13,6,114,62,103,134,90,124,39,135,125,133" hai2="108,78,76,57,50,46,129,120,34,86,118,37,53" hai3="131,74,123,112,77,59,97,2,18,51,40,66,98"/><T115/><D121/><U47/><E103/><V73/><F120/><W109/><G123/><T132/><D115/><U36/><E114/><V17/><F108/><W3/><G109/><T64/><D107/><U4/><E90/><V79/><F118/><W15/><G112/><T52/><D38/><N who="1" m="14379" /><E47/><V94/><F129/><W69/><G69/><T61/><D132/><U19/><E62/><V20/><F34/><W27/><G131/><T28/><D54/><U42/><E29/><V91/><F73/><W99/><G27/><T65/><D0/><U43/><E19/><V127/><F127/><N who="1" m="48713" /><E13/><V88/><F91/><W80/><G66/><T81/><D65/><U71/><E71/><V58/><REACH who="2" step="1"/><F37/><REACH who="2" step="2"/><W102/><G74/><T44/><D44/><U117/><E117/><V23/><F23/><W113/><G102/><T89/><D100/><U14/><E14/><AGARI ba="1,1" hai="14,17,20,46,50,53,57,58,76,78,79,86,88,94" machi="14" ten="40,8000,1" yaku="1,1,8,1,54,1,53,1" doraHai="30" doraHaiUra="11" who="2" fromWho="1" sc="157,0,252,-83,225,93,356,0" /><INIT seed="5,0,0,4,1,90" ten="157,169,318,356" oya="1" hai0="46,9,49,10,67,97,132,45,50,33,39,15,120" hai1="104,102,28,91,11,101,55,61,24,14,42,111,74" hai2="30,69,89,117,71,125,126,75,94,72,70,103,127" hai3="22,87,86,48,118,58,68,130,32,128,1,20,115"/><U19/><E74/><N who="2" m="28203" /><F103/><W129/><G68/><T25/><D120/><U131/><E104/><V52/><F30/><W78/><G115/><T35/><D132/><U23/><E131/><V116/><F89/><W3/><G118/><N who="2" m="45673" /><F52/><N who="3" m="32007" /><G32/><T13/><D67/><U84/><E111/><V133/><F133/><W7/><G7/><T66/><D66/><U36/><E42/><V83/><F83/><N who="3" m="47479" /><G87/><T59/><D59/><N who="1" m="35071" /><E36/><V8/><F8/><W65/><G65/><T0/><D39/><U16/><E28/><V80/><F80/><AGARI ba="0,0" hai="11,14,16,19,23,24,80,84,91,101,102" m="35071" machi="80" ten="30,2900,0" yaku="8,1,54,1" doraHai="90" who="1" fromWho="2" sc="157,0,169,29,318,-29,356,0" /><INIT seed="5,1,0,2,5,19" ten="157,198,289,356" oya="1" hai0="130,7,122,125,98,62,119,50,6,5,85,46,63" hai1="93,135,20,75,74,113,31,103,67,107,53,25,24" hai2="117,70,27,61,73,120,106,55,1,59,90,65,57" hai3="79,133,78,121,0,84,44,4,3,111,71,87,124"/><U81/><E107/><V14/><F1/><W118/><G71/><T58/><D119/><U23/><E113/><V128/><F73/><W104/><G104/><T96/><D125/><U86/><E135/><V49/><F120/><W64/><G64/><T18/><D122/><U82/><E67/><V132/><F106/><W45/><G4/><T60/><D130/><U77/><E53/><V91/><F128/><W10/><G10/><T40/><D85/><U110/><E110/><V15/><F117/><W11/><G11/><T30/><D30/><U39/><E39/><V83/><F132/><W105/><G105/><T12/><REACH who="0" step="1"/><D58/><REACH who="0" step="2"/><U129/><E129/><V13/><F70/><W92/><G118/><T47/><D47/><U9/><E74/><V21/><REACH who="2" step="1"/><F83/><REACH who="2" step="2"/><W99/><G121/><T38/><D38/><U76/><E75/><V54/><F54/><W68/><G68/><T28/><D28/><AGARI ba="1,2" hai="13,14,15,21,27,28,49,55,57,59,61,65,90,91" machi="28" ten="40,5200,0" yaku="1,1,8,1,52,1,53,0" doraHai="19" doraHaiUra="34" who="2" fromWho="0" sc="147,-55,198,0,279,75,356,0" /><INIT seed="6,0,0,3,2,103" ten="92,198,354,356" oya="2" hai0="82,77,95,94,13,8,110,57,16,105,134,38,72" hai1="124,97,21,121,135,33,125,133,122,69,88,34,42" hai2="15,131,90,70,6,102,61,46,44,129,62,40,100" hai3="1,87,116,78,36,68,52,76,107,63,11,25,111"/><V81/><F81/><W37/><G116/><T101/><D110/><U22/><E69/><V18/><F6/><W104/><G111/><T41/><D134/><N who="1" m="51211" /><E88/><V123/><F90/><W35/><G1/><T83/><D57/><U113/><E42/><V84/><F84/><W29/><G11/><T114/><D114/><U58/><E58/><V7/><F7/><W117/><G117/><T23/><D82/><U45/><E97/><V67/><F62/><W127/><G127/><N who="1" m="48714" /><E45/><N who="2" m="17515" /><F40/><W43/><G43/><T17/><D41/><U0/><E0/><V93/><F93/><W118/><G118/><T126/><D38/><U10/><E10/><V79/><F79/><W120/><G78/><T49/><D49/><U109/><E109/><V119/><F123/><N who="1" m="47113" /><E113/><V85/><F119/><W2/><G120/><T98/><REACH who="0" step="1"/><D126/><REACH who="0" step="2"/><U106/><E106/><V91/><F91/><W14/><G107/><T64/><D64/><U9/><E9/><N who="2" m="6511" /><F85/><W30/><G87/><T24/><AGARI ba="0,1" hai="8,13,16,17,23,24,72,77,83,94,95,98,101,105" machi="24" ten="20,8000,1" yaku="1,1,0,1,7,1,52,1,54,1,53,0" doraHai="103" doraHaiUra="47" who="0" fromWho="0" sc="82,90,198,-20,354,-40,356,-20" /><INIT seed="7,0,0,3,2,9" ten="172,178,314,336" oya="3" hai0="60,110,1,30,96,54,10,41,117,45,120,128,130" hai1="65,68,102,17,53,47,74,69,56,26,2,83,8" hai2="43,76,66,97,52,125,4,92,12,29,32,103,80" hai3="135,105,114,22,82,20,73,126,109,71,108,79,118"/><W34/><RYUUKYOKU type="yao9" ba="0,0" sc="172,0,178,0,314,0,336,0" hai3="20,22,34,71,73,79,82,105,108,109,114,118,126,135" /><INIT seed="7,1,0,2,0,64" ten="172,178,314,336" oya="3" hai0="101,4,58,73,72,40,77,135,41,123,102,11,36" hai1="12,106,47,78,112,99,103,24,90,37,28,27,45" hai2="121,97,108,128,85,19,5,3,126,134,21,25,117" hai3="57,109,66,105,54,56,42,65,131,62,107,120,39"/><W23/><G120/><T74/><D123/><U59/><E27/><V44/><F44/><W52/><G131/><T22/><D135/><U80/><E112/><V132/><F5/><W104/><G109/><T26/><D58/><U122/><E122/><V13/><F97/><W60/><G23/><T113/><D113/><U20/><E37/><V124/><F85/><W46/><AGARI ba="1,0" hai="39,42,46,52,54,56,57,60,62,65,66,104,105,107" machi="46" ten="40,7800,0" yaku="0,1,9,1,54,1" doraHai="64" who="3" fromWho="3" sc="172,-27,178,-27,314,-27,336,81" owari="145,-35,151,-25,287,9,417,51" /></mjloggm>