<mjloggm ver="2.3"><GO type="169"/><UN n0="%73%68%69%73%73%6F%75" n1="%EF%BC%88%E2%89%A7%E2%96%BD%E2%89%A6%EF%BC%89" n2="%E6%A1%9C%E8%8A%B1%E9%96%83%E3%80%85" n3="%6D%61%63%6A%72" dan="16,17,18,17" rate="2025,2110,2168,2047" sx="M,M,M,M"/><TAIKYOKU oya="0"/><INIT seed="0,0,0,1,3,112" ten="250,250,250,250" oya="0" hai0="120,103,39,57,119,60,27,25,73,48,2,83,61" hai1="6,70,52,22,87,88,11,78,131,45,77,66,107" hai2="92,28,10,118,116,51,15,18,30,85,84,128,121" hai3="3,104,94,122,49,1,53,82,54,111,65,8,90"/><T67/><D120/><U13/><E107/><V117/><F121/><W89/><G122/><T130/><D39/><U47/><E131/><V59/><F128/><W62/><G104/><T29/><D130/><U38/><E70/><V50/><F92/><W76/><G111/><T133/><D2/><U36/><E66/><V0/><F0/><W63/><G8/><T75/><D103/><U14/><E38/><V33/><F33/><W20/><G20/><T98/><D98/><U97/><E97/><V113/><F113/><W91/><G94/><T105/><D105/><U109/><E109/><V69/><F69/><W35/><G35/><T5/><D5/><U32/><E32/><V4/><F18/><W114/><G114/><T68/><D48/><N who="2" m="18474" /><F59/><W99/><G99/><T93/><D93/><N who="1" m="54431" /><E36/><V72/><F72/><W37/><G37/><T132/><D119/><U108/><E108/><V42/><F42/><W26/><G1/><T31/><D27/><U86/><E86/><AGARI ba="0,0" hai="4,10,15,28,30,84,85,86,116,117,118" m="18474" machi="86" ten="40,8000,1" yaku="12,1,52,3" doraHai="112" who="2" fromWho="1" sc="250,0,250,-80,250,80,250,0" /><INIT seed="1,0,0,4,3,49" ten="250,170,330,250" oya="1" hai0="31,91,7,114,68,92,77,38,36,12,69,54,39" hai1="89,87,117,125,86,135,132,133,19,34,62,43,97" hai2="98,105,95,58,1,83,16,107,99,108,67,122,15" hai3="29,63,11,0,129,70,88,24,80,71,119,81,40"/><U110/><E34/><V45/><F1/><W20/><G129/><T2/><D114/><U6/><E117/><V123/><F108/><W10/><G119/><T134/><D2/><U104/><E6/><V22/><F83/><W96/><G40/><T126/><D126/><U42/><E125/><V50/><F105/><W57/><G70/><T14/><D134/><U61/><E110/><V47/><F107/><W130/><G71/><T37/><D77/><U66/><E19/><V8/><F98/><W3/><G3/><T85/><D31/><U90/><E104/><V116/><F116/><W76/><G130/><T118/><D118/><U56/><E97/><V79/><F79/><W30/><G30/><T93/><D93/><N who="1" m="54455" /><E62/><N who="2" m="38359" /><F122/><W73/><G0/><T26/><D26/><U25/><E25/><N who="2" m="14535" /><F50/><W9/><G96/><T13/><D38/><U4/><E4/><N who="2" m="3463" /><F123/><W115/><G115/><T32/><D32/><U5/><E5/><V113/><F113/><W82/><REACH who="3" step="1"/><G88/><AGARI ba="0,0" hai="45,47,88,95,99" m="3463,14535,38359" machi="88" ten="30,3900,0" yaku="8,1,54,2" doraHai="49" who="2" fromWho="3" sc="250,0,170,0,330,39,250,-39" /><INIT seed="2,0,0,3,1,80" ten="250,170,369,211" oya="2" hai0="66,113,123,118,106,91,90,60,25,99,52,22,5" hai1="13,30,17,35,126,92,97,70,32,98,85,54,15" hai2="133,41,130,34,88,36,109,55,89,59,102,128,51" hai3="83,49,56,72,116,103,65,75,1,0,18,19,14"/><V110/><F34/><W73/><G116/><T53/><D113/><U76/><E126/><V37/><F102/><W127/><G127/><T81/><D123/><U86/><E70/><V135/><F41/><W45/><G103/><T12/><D118/><U117/><E117/><V7/><F7/><W61/><G83/><T69/><D91/><N who="2" m="34890" /><F36/><W134/><G134/><N who="2" m="51209" /><F37/><W100/><G100/><T63/><D63/><U107/><E107/><V10/><F10/><W50/><G50/><T29/><D106/><U57/><E35/><V42/><F42/><W104/><G104/><T87/><REACH who="0" step="1"/><D99/><REACH who="0" ten="240,170,369,211" step="2"/><U8/><E98/><V23/><F23/><W24/><G1/><T40/><D40/><U115/><E97/><V38/><F38/><W9/><G0/><T39/><D39/><U67/><E115/><V77/><F77/><W48/><G48/><T26/><D26/><U78/><E76/><V3/><F3/><W114/><G114/><T93/><D93/><U20/><E92/><V64/><F64/><W96/><G96/><T27/><D27/><U119/><E119/><V16/><F16/><N who="3" m="8271" /><G24/><T21/><D21/><U131/><E20/><V4/><F4/><W121/><G121/><T84/><D84/><U47/><E86/><V28/><F28/><W124/><G124/><T74/><D74/><U62/><E67/><V33/><F33/><W71/><G19/><T43/><D43/><U6/><E17/><V44/><F130/><W120/><G120/><T68/><D68/><U108/><E131/><V105/><F128/><W111/><G71/><T94/><D94/><U132/><E132/><RYUUKYOKU ba="0,1" sc="240,30,170,-10,369,-10,211,-10" hai0="5,12,22,25,29,52,53,60,66,69,81,87,90" /><INIT seed="3,1,1,1,2,75" ten="270,160,359,201" oya="3" hai0="33,64,38,15,98,26,115,48,21,65,45,42,117" hai1="124,67,84,96,126,24,100,111,120,51,46,132,60" hai2="91,12,36,101,131,28,135,82,122,59,71,10,7" hai3="106,94,92,18,8,123,6,90,20,32,1,118,129"/><W23/><G118/><T49/><D117/><U128/><E120/><V13/><F71/><W27/><G123/><T134/><D33/><U109/><E128/><V74/><F36/><W89/><G106/><T77/><D77/><U130/><E130/><V29/><F101/><W56/><G129/><T103/><D134/><U83/><E132/><V25/><F135/><W80/><G32/><T52/><D115/><U69/><E24/><V81/><F131/><W119/><G119/><T14/><D64/><U78/><E96/><V34/><F29/><W97/><G56/><T2/><D65/><U40/><REACH who="1" step="1"/><E100/><REACH who="1" ten="270,150,359,201" step="2"/><V62/><F122/><W86/><REACH who="3" step="1"/><G20/><REACH who="3" ten="270,150,359,191" step="2"/><T110/><D21/><U112/><E112/><V107/><F34/><W58/><G58/><T105/><D105/><U53/><E53/><V19/><F59/><W22/><G22/><T114/><D52/><U88/><E88/><V93/><F91/><W41/><G41/><T104/><D42/><U0/><E0/><V44/><F107/><W54/><G54/><T72/><D2/><U61/><E61/><V37/><F62/><W35/><G35/><T68/><D104/><U70/><E70/><V73/><F44/><W57/><G57/><T116/><D68/><U133/><E133/><V76/><F10/><W55/><G55/><T50/><D45/><U79/><E79/><V108/><F76/><W113/><G113/><T47/><D114/><U95/><E95/><AGARI ba="1,3" hai="1,6,8,18,23,27,80,86,89,90,92,94,95,97" machi="95" ten="40,3900,0" yaku="1,1,53,1" doraHai="75" doraHaiUra="5" who="3" fromWho="1" sc="270,0,150,-42,359,0,191,72" /><INIT seed="3,2,0,4,4,32" ten="270,108,359,263" oya="3" hai0="83,68,93,126,22,94,24,21,30,98,13,92,110" hai1="17,112,42,100,0,3,71,127,58,77,66,111,75" hai2="20,91,4,73,48,69,31,41,56,51,47,50,9" hai3="82,53,40,11,49,74,27,115,34,70,26,36,85"/><W129/><G115/><T5/><D68/><U38/><E112/><V120/><F69/><W39/><G74/><T76/><D110/><U28/><E17/><V102/><F73/><W117/><G70/><T95/><D126/><U88/><E58/><V81/><F102/><W65/><G65/><T60/><D60/><N who="1" m="40391" /><E88/><V108/><F108/><W80/><G117/><T43/><D43/><U84/><E84/><N who="2" m="50575" /><F120/><W99/><G129/><T104/><D104/><U35/><E111/><V118/><F118/><W107/><G11/><T116/><D116/><U105/><E127/><V6/><F9/><W54/><G40/><T2/><D22/><U19/><E19/><V134/><F134/><W87/><G107/><T119/><D119/><U18/><E18/><V29/><F50/><W46/><G49/><T8/><D13/><U113/><E113/><V52/><F31/><W97/><G46/><T25/><D25/><AGARI ba="2,0" hai="4,6,20,25,29,41,47,48,51,52,56" m="50575" machi="25" ten="30,2000,0" yaku="8,1,54,1" doraHai="32" who="2" fromWho="0" sc="270,-26,108,0,359,26,263,0" /><INIT seed="4,0,0,3,3,0" ten="244,108,385,263" oya="0" hai0="53,55,102,12,62,15,23,4,29,122,24,63,132" hai1="3,50,73,5,32,110,87,61,103,113,75,65,128" hai2="114,52,54,90,26,66,34,57,41,13,9,119,46" hai3="130,125,88,69,126,59,81,2,33,91,20,108,11"/><T92/><D122/><U36/><E110/><V98/><F114/><W48/><G69/><T118/><D118/><U17/><E32/><V30/><F119/><W16/><G33/><T83/><D132/><U51/><E36/><V107/><F66/><W100/><G108/><T21/><D83/><U28/><E28/><V129/><F129/><W131/><G100/><T22/><D15/><U31/><E128/><N who="3" m="49194" /><G59/><T123/><D123/><U135/><E135/><V10/><F57/><W120/><G48/><T116/><D116/><U117/><E117/><V85/><F98/><W94/><G120/><T7/><D62/><U49/><E103/><V47/><F107/><W77/><G11/><N who="0" m="4199" /><D7/><U82/><E113/><V43/><F10/><W96/><G2/><T40/><D40/><U19/><E31/><V27/><F43/><W104/><G104/><T44/><D55/><U25/><E3/><V76/><F41/><W78/><G91/><T67/><D67/><U56/><E5/><V58/><F54/><W105/><G105/><T64/><D64/><U71/><E71/><V134/><F134/><W37/><G37/><T99/><D63/><U68/><E68/><V1/><F1/><W124/><G81/><T89/><D89/><N who="1" m="51447" /><E25/><AGARI ba="0,0" hai="16,20,25,77,78,88,94,96,124,125,126" m="49194" machi="25" ten="40,8000,1" yaku="18,1,19,1,54,2" doraHai="0" who="3" fromWho="1" sc="244,0,108,-80,385,0,263,80" /><INIT seed="5,0,0,4,2,2" ten="244,28,385,343" oya="1" hai0="80,79,36,102,101,46,32,8,129,126,100,65,54" hai1="25,52,76,59,75,103,106,11,7,78,92,128,119" hai2="63,27,1,5,110,84,16,26,121,66,97,37,114" hai3="15,21,67,133,4,107,23,17,131,6,91,3,31"/><U56/><E119/><V81/><F110/><W41/><G107/><T14/><D32/><U86/><E128/><V35/><F121/><W19/><G3/><T117/><D117/><U87/><E106/><V58/><F37/><W12/><G131/><T34/><D34/><U83/><E25/><V20/><F114/><W40/><G133/><T111/><D111/><U105/><E105/><V22/><F35/><W74/><G31/><T98/><D129/><U49/><E59/><V24/><F97/><W118/><G74/><T72/><D126/><U122/><E122/><V68/><F68/><W50/><G118/><T57/><D65/><U28/><E28/><V60/><F60/><W123/><G123/><T85/><D72/><U124/><E124/><V61/><F61/><W30/><G30/><T130/><D130/><U125/><E125/><V62/><F62/><W0/><G0/><T18/><D36/><U135/><E135/><V120/><F120/><W89/><G50/><N who="0" m="30935" /><D46/><U95/><E103/><V33/><F33/><W127/><G127/><T42/><D42/><U113/><E113/><V115/><F115/><W51/><G51/><T47/><D47/><U13/><E75/><V132/><F132/><W73/><G73/><T71/><D71/><U134/><E134/><V96/><F96/><AGARI ba="0,0" hai="8,14,18,79,80,85,96,98,100,101,102" m="30935" machi="96" ten="30,1000,0" yaku="8,1" doraHai="2" who="0" fromWho="2" sc="244,10,28,0,385,-10,343,0" /><INIT seed="6,0,0,0,3,33" ten="254,28,375,343" oya="2" hai0="126,123,24,25,134,106,91,14,47,46,57,15,23" hai1="44,112,95,6,41,111,11,16,0,35,9,72,31" hai2="37,27,81,120,17,28,30,96,88,119,102,21,53" hai3="107,127,50,124,29,94,80,132,135,86,10,101,130"/><V67/><F119/><W133/><G29/><T19/><D123/><U98/><E72/><V3/><F120/><W51/><G10/><T77/><D106/><U7/><E111/><V100/><F37/><W87/><G51/><T116/><D116/><U129/><E129/><V115/><F115/><W66/><G50/><T109/><D109/><U70/><E70/><V83/><F3/><W125/><G66/><T114/><D114/><U26/><E112/><V108/><F67/><W39/><G39/><T49/><D134/><U131/><E131/><V40/><F40/><W5/><G5/><T71/><D71/><U4/><E16/><N who="2" m="12711" /><F53/><W32/><G32/><T54/><D126/><U61/><E61/><V93/><F108/><W75/><G107/><T82/><D91/><U78/><E78/><V48/><F48/><W1/><G1/><T43/><D24/><U20/><E35/><V89/><F17/><W69/><G69/><T13/><REACH who="0" step="1"/><D43/><REACH who="0" ten="244,28,375,343" step="2"/><U2/><E6/><V36/><F89/><W84/><G130/><T90/><D90/><U122/><E122/><V64/><F88/><N who="3" m="53535" /><G101/><T62/><D62/><U8/><E95/><V79/><F100/><W73/><G80/><T68/><D68/><U38/><E98/><V22/><F83/><W97/><G97/><T34/><D34/><U99/><E99/><V65/><F81/><W58/><G58/><T117/><D117/><U128/><E128/><V76/><F96/><W12/><G12/><T55/><D55/><U18/><E31/><V92/><F102/><W45/><G45/><T60/><D60/><U105/><E105/><RYUUKYOKU ba="0,1" sc="244,10,28,10,375,-30,343,10" hai0="13,14,15,19,23,25,46,47,49,54,57,77,82" hai1="0,2,4,7,8,9,11,18,20,26,38,41,44" hai3="73,75,84,86,124,125,127,132,133,135" /><INIT seed="7,1,1,2,3,86" ten="254,38,345,353" oya="3" hai0="28,102,32,121,105,127,66,85,106,130,118,115,98" hai1="126,117,95,55,97,1,72,94,101,111,41,23,99" hai2="133,74,40,68,62,58,2,6,26,53,36,11,70" hai3="78,57,50,43,128,122,65,96,25,47,8,48,116"/><W13/><G116/><T73/><D66/><U75/><E1/><V21/><F74/><W9/><G122/><T76/><D28/><U125/><E23/><V42/><F133/><W38/><G78/><T27/><D27/><U16/><E16/><V34/><F34/><W64/><G128/><T22/><D22/><U35/><E35/><V123/><F123/><W59/><G38/><T14/><D14/><U104/><E41/><V60/><F36/><W37/><G37/><T52/><D52/><U54/><E54/><V46/><F62/><W49/><G96/><N who="0" m="61639" /><D32/><U131/><E55/><V20/><F20/><W51/><G25/><T30/><D30/><U15/><E15/><V132/><F132/><W5/><G9/><T129/><D121/><U135/><E135/><V63/><F63/><W93/><G93/><T103/><D118/><U107/><E101/><V82/><F82/><W119/><G119/><T7/><D7/><U113/><E117/><V61/><F61/><W18/><G5/><T100/><D127/><U56/><E56/><AGARI ba="1,1" hai="8,13,18,43,47,48,49,50,51,56,57,59,64,65" machi="56" ten="40,2000,0" yaku="8,1" doraHai="86" who="3" fromWho="1" sc="254,0,38,-23,345,0,353,33" owari="254,-15.0,15,-48.0,345,15.0,386,48.0" /></mjloggm>