<mjloggm ver="2.3"><GO type="225"/><UN n0="%E6%A1%9C%E8%8A%B1%E9%96%83%E3%80%85" n1="%EF%BC%88%E2%89%A7%E2%96%BD%E2%89%A6%EF%BC%89" n2="%65%67%69%73%68%6F" n3="%70%69%6F%76%61" dan="18,18,16,17" rate="2152,2134,2097,2104" sx="M,M,M,M"/><TAIKYOKU oya="0"/><INIT seed="0,0,0,1,0,113" ten="250,250,250,250" oya="0" hai0="69,68,20,9,7,59,64,77,131,11,83,95,5" hai1="67,86,75,51,54,110,52,42,19,132,74,49,88" hai2="128,106,23,30,71,10,24,38,3,135,50,32,78" hai3="85,116,81,99,120,104,123,22,114,33,58,18,84"/><T0/><D131/><U34/><E34/><V14/><F38/><W79/><G33/><T105/><D105/><U96/><E132/><V82/><F71/><W57/><G114/><T6/><D20/><U31/><E31/><V72/><F106/><W2/><G2/><T15/><D7/><U107/><E110/><V65/><F65/><W80/><G99/><T126/><D126/><U91/><E67/><V73/><F135/><W37/><G37/><T121/><D121/><N who="3" m="46665" /><G116/><T63/><REACH who="0" step="1"/><D95/><REACH who="0" ten="240,250,250,250" step="2"/><N who="1" m="56447" /><E107/><V44/><F128/><W111/><G104/><T47/><D47/><N who="1" m="25847" /><E74/><AGARI ba="0,1" hai="0,5,6,9,11,15,59,63,64,68,69,74,77,83" machi="74" ten="30,2900,0" yaku="1,1,7,1,53,0" doraHai="113" doraHaiUra="89" who="0" fromWho="1" sc="240,39,250,-29,250,0,250,0" /><INIT seed="0,1,0,2,1,87" ten="279,221,250,250" oya="0" hai0="45,77,7,64,89,8,69,33,29,113,27,135,134" hai1="35,39,52,58,9,127,21,28,132,80,81,72,117" hai2="68,59,14,114,57,86,101,133,130,40,6,125,78" hai3="60,73,38,109,83,34,20,5,97,91,67,84,96"/><T11/><D113/><U115/><E117/><V55/><F68/><W18/><G34/><T102/><D102/><U121/><E121/><V82/><F114/><W128/><G38/><T54/><D77/><U122/><E122/><V98/><F133/><N who="0" m="50698" /><D7/><U4/><E39/><V116/><F116/><W119/><G119/><T120/><D120/><U95/><E35/><V131/><F40/><W41/><G41/><T1/><D1/><U49/><E115/><V94/><F125/><W3/><G109/><T42/><D54/><U31/><E127/><V63/><F59/><W104/><G104/><T124/><D124/><U107/><E107/><V22/><F6/><W32/><G128/><T71/><D89/><U30/><E132/><V17/><AGARI ba="1,0" hai="14,17,22,55,57,63,78,82,86,94,98,101,130,131" machi="17" ten="30,1100,0" yaku="0,1" doraHai="87" who="2" fromWho="2" sc="279,-6,221,-4,250,14,250,-4" /><INIT seed="1,0,0,0,1,3" ten="273,217,264,246" oya="1" hai0="47,34,19,50,38,76,98,125,110,101,13,96,14" hai1="30,7,75,57,12,106,67,10,120,103,33,104,22" hai2="115,100,126,2,0,9,31,6,117,87,88,89,44" hai3="90,71,131,51,49,102,32,63,17,46,97,83,84"/><U72/><E120/><V73/><F73/><W94/><G131/><T111/><D38/><U35/><E22/><V62/><F100/><W65/><G32/><T108/><D125/><U95/><E95/><V129/><F31/><W85/><G46/><T79/><D34/><N who="1" m="12811" /><E30/><V123/><F123/><W41/><G41/><N who="0" m="24943" /><D98/><N who="1" m="61559" /><E57/><V127/><F117/><W21/><REACH who="3" step="1"/><G85/><REACH who="3" ten="273,217,264,236" step="2"/><T54/><D108/><U5/><E75/><V42/><F129/><W74/><G74/><T53/><D110/><U130/><E72/><V93/><F115/><W121/><G121/><T58/><D111/><U55/><E130/><V56/><F127/><W82/><G82/><T43/><D43/><U134/><E134/><V11/><F126/><W48/><G48/><T52/><D96/><U118/><E118/><V124/><F124/><W105/><G105/><T28/><D53/><U29/><E55/><V61/><F44/><W8/><G8/><T78/><D54/><U59/><E106/><V114/><F42/><W15/><AGARI ba="0,1" hai="15,17,21,49,51,63,65,71,83,84,90,94,97,102" machi="15" ten="20,2700,0" yaku="1,1,0,1,7,1,53,0" doraHai="3" doraHaiUra="122" who="3" fromWho="3" sc="273,-7,217,-13,264,-7,236,37" /><INIT seed="2,0,0,1,1,11" ten="266,204,257,273" oya="2" hai0="33,32,26,73,54,76,108,10,59,60,58,23,4" hai1="95,125,109,50,120,72,55,20,27,35,83,17,77" hai2="87,68,9,7,98,15,66,131,21,14,114,71,13" hai3="99,88,79,41,40,30,130,94,46,111,119,65,133"/><V115/><F131/><W34/><G119/><T19/><D108/><U78/><E109/><V37/><F37/><W18/><G111/><T70/><D70/><U51/><E125/><V42/><F42/><W1/><G1/><T112/><D112/><U48/><E120/><V116/><F116/><W102/><G130/><T80/><REACH who="0" step="1"/><D59/><REACH who="0" ten="256,204,257,273" step="2"/><U84/><E35/><V75/><F75/><W45/><G34/><T129/><D129/><U86/><E72/><V0/><F71/><W93/><G46/><T91/><D91/><N who="1" m="53751" /><E78/><V49/><F21/><W126/><G79/><T47/><D47/><AGARI ba="0,1" hai="17,20,27,47,48,50,51,55,77,83,84" m="53751" machi="47" ten="30,1000,0" yaku="8,1" doraHai="11" who="1" fromWho="0" sc="256,-10,204,20,257,0,273,0" /><INIT seed="3,0,0,0,4,111" ten="246,224,257,273" oya="3" hai0="26,122,65,128,39,67,46,73,8,98,37,60,2" hai1="97,24,3,105,6,40,59,9,50,107,48,47,109" hai2="133,55,17,21,104,42,61,119,16,58,116,124,92" hai3="51,101,93,54,33,91,30,41,27,112,56,102,77"/><W79/><G112/><T18/><D122/><U12/><E109/><V1/><F104/><W78/><REACH who="3" step="1"/><G41/><REACH who="3" ten="246,224,257,263" step="2"/><T62/><D128/><U71/><E71/><V34/><F42/><W69/><G69/><T121/><D121/><U114/><E114/><V127/><F116/><W110/><G110/><T52/><D39/><U87/><E87/><AGARI ba="0,1" hai="27,30,33,51,54,56,77,78,79,87,91,93,101,102" machi="87" ten="40,2000,0" yaku="1,1,53,0" doraHai="111" doraHaiUra="15" who="3" fromWho="1" sc="246,0,224,-20,257,0,263,30" /><INIT seed="3,1,0,2,2,87" ten="246,204,257,293" oya="3" hai0="102,50,78,29,80,8,9,58,16,110,76,66,113" hai1="6,109,89,72,34,56,32,35,70,63,128,131,37" hai2="124,99,119,132,123,11,26,71,30,36,101,31,2" hai3="27,45,82,43,135,133,39,126,93,125,92,65,129"/><W3/><G129/><N who="1" m="49738" /><E72/><V115/><F31/><W67/><G3/><T107/><D29/><U122/><E122/><V97/><F97/><W100/><G27/><T18/><D110/><U111/><E37/><V79/><F79/><W55/><G82/><T112/><D107/><U5/><E70/><V85/><F85/><W73/><G55/><N who="0" m="32119" /><D66/><N who="3" m="25097" /><G73/><N who="0" m="43023" /><D102/><U33/><N who="1" m="8192" /><DORA hai="81" /><U52/><E89/><V49/><F101/><W44/><G44/><T130/><D78/><U20/><E20/><V54/><F71/><W17/><G17/><N who="0" m="6763" /><D130/><U95/><E95/><N who="3" m="36426" /><G100/><T69/><D69/><U24/><E24/><V90/><F30/><W127/><AGARI ba="1,0" hai="39,43,45,125,126,127,133,135" m="36426,25097" machi="127" ten="40,2100,0" yaku="18,1" doraHai="87,81" who="3" fromWho="3" sc="246,-8,204,-8,257,-8,293,24" owari="238,-16.0,196,-30.0,249,5.0,317,41.0" /></mjloggm>