<mjloggm ver="2.3"><GO type="169"/><UN n0="%E5%AF%BE%E5%AD%90%E3%81%AE%E7%8E%8B%E6%A7%98" n1="%E3%81%8A%E3%81%8B%E3%82%82%E3%81%A8" n2="%EF%BC%BC%28%EF%BC%BE%6F%EF%BC%BE%29%EF%BC%8F%E2%98%85" n3="%EF%BC%88%E2%89%A7%E2%96%BD%E2%89%A6%EF%BC%89" dan="17,16,18,17" rate="2157,2149,2210,2116" sx="M,M,M,M"/><TAIKYOKU oya="0"/><INIT seed="0,0,0,4,0,15" ten="250,250,250,250" oya="0" hai0="55,43,66,29,62,100,21,116,4,82,78,33,27" hai1="45,95,54,126,74,51,20,81,12,6,87,80,104" hai2="63,73,13,130,32,118,25,49,36,16,24,89,123" hai3="42,85,101,98,56,53,113,133,67,83,106,117,97"/><T40/><D116/><U46/><E104/><V129/><F36/><W134/><G134/><T68/><D4/><U31/><E126/><V44/><F118/><W107/><G133/><T34/><D55/><U14/><E74/><V112/><F112/><W110/><G117/><T47/><D100/><U5/><E46/><V23/><F123/><W38/><G67/><T93/><D93/><U60/><E60/><V76/><F89/><W90/><G113/><T88/><D43/><U84/><E95/><V41/><F32/><W128/><G128/><N who="2" m="49257" /><F63/><W57/><G110/><T94/><D82/><AGARI ba="0,0" hai="13,16,23,24,25,41,44,49,73,76,82" m="49257" machi="82" ten="30,3900,0" yaku="19,1,52,1,54,1" doraHai="15" who="2" fromWho="0" sc="250,-39,250,0,250,39,250,0" /><INIT seed="1,0,0,3,4,36" ten="211,250,289,250" oya="1" hai0="68,39,52,128,124,28,55,13,22,11,43,89,135" hai1="20,60,2,119,120,26,121,90,65,91,123,31,1" hai2="125,115,23,51,97,77,98,0,116,64,104,75,12" hai3="30,87,100,131,76,53,92,79,80,54,49,88,105"/><U7/><E119/><V133/><F0/><W19/><G131/><T44/><D128/><U59/><REACH who="1" step="1"/><E7/><REACH who="1" ten="211,240,289,250" step="2"/><V33/><F116/><W16/><G30/><T106/><D135/><U130/><E130/><V96/><F133/><W50/><G105/><T86/><D106/><U18/><E18/><N who="3" m="6698" /><G100/><T32/><D124/><U62/><E62/><V81/><F125/><W102/><G102/><T93/><D68/><U70/><E70/><V56/><F104/><W41/><G79/><T73/><D73/><U4/><E4/><V99/><F77/><W74/><G74/><T3/><D3/><AGARI ba="0,1" hai="1,2,3,20,26,31,59,60,65,90,91,120,121,123" machi="3" ten="50,4800,0" yaku="1,1,53,1" doraHai="36" doraHaiUra="27" who="1" fromWho="0" sc="211,-48,240,58,289,0,250,0" /><INIT seed="1,1,0,0,3,74" ten="163,298,289,250" oya="1" hai0="96,135,116,13,110,93,104,112,18,40,99,51,55" hai1="82,60,23,58,114,71,14,84,9,30,22,64,103" hai2="111,43,95,57,26,11,19,0,12,98,28,38,81" hai3="50,91,52,120,86,129,108,89,69,68,35,106,20"/><U79/><E114/><V54/><F111/><W100/><G35/><T15/><D112/><U33/><E103/><V90/><F0/><W94/><G120/><T49/><D110/><U133/><E133/><V66/><F66/><W62/><G108/><T121/><D104/><U72/><E33/><V46/><F81/><W17/><G129/><T87/><D135/><U83/><E71/><V39/><F46/><W32/><G32/><T21/><D116/><U31/><E31/><V105/><F43/><W132/><G132/><T102/><D121/><U101/><E101/><V47/><F47/><W7/><G7/><T127/><D127/><U25/><E23/><V59/><F59/><W88/><G106/><T16/><D40/><U63/><E63/><V34/><REACH who="2" step="1"/><F105/><REACH who="2" ten="163,298,279,250" step="2"/><W3/><G3/><T65/><D65/><U115/><E115/><V130/><F130/><W45/><G69/><T4/><D55/><U113/><E113/><V73/><F73/><W85/><G68/><T53/><D53/><U8/><REACH who="1" step="1"/><E14/><REACH who="1" ten="163,288,279,250" step="2"/><V124/><F124/><W126/><G126/><T27/><D15/><U78/><AGARI ba="1,2" hai="8,9,22,25,30,58,60,64,72,78,79,82,83,84" machi="78" ten="20,18000,2" yaku="1,1,2,1,0,1,7,1,52,2,53,0" doraHai="74" doraHaiUra="44" who="1" fromWho="1" sc="163,-61,288,203,279,-61,250,-61" /><INIT seed="1,2,0,5,1,111" ten="102,491,218,189" oya="1" hai0="132,86,122,83,52,91,67,19,114,130,25,76,81" hai1="15,118,10,74,18,28,88,3,117,13,73,35,120" hai2="100,115,56,99,1,93,113,43,61,44,29,125,77" hai3="27,129,110,58,70,21,126,16,32,78,105,40,71"/><U63/><E120/><V87/><F1/><W121/><G105/><T45/><D122/><U46/><E3/><V8/><F125/><W60/><G121/><T72/><D132/><U112/><E63/><V107/><F8/><W33/><G126/><T101/><D130/><U94/><E28/><V64/><F29/><W90/><G129/><T68/><D101/><U30/><E30/><V14/><F14/><W89/><G110/><T69/><D69/><U51/><E35/><V65/><F65/><W53/><G78/><T26/><D19/><U20/><E74/><V119/><F119/><W85/><G90/><T49/><REACH who="0" step="1"/><D114/><REACH who="0" ten="92,491,218,189" step="2"/><N who="2" m="43530" /><F107/><W62/><G70/><T55/><D55/><U79/><E112/><V5/><F5/><W2/><G71/><T131/><D131/><U12/><E118/><V106/><F106/><W11/><G53/><T50/><D50/><U92/><E117/><V80/><F43/><W54/><G40/><T123/><D123/><U48/><E48/><V66/><F64/><W59/><G54/><T23/><D23/><U127/><E20/><V6/><F6/><W98/><G21/><T42/><D42/><U128/><E127/><V108/><F108/><W102/><G16/><T17/><D17/><U24/><E128/><V84/><F44/><W0/><G102/><T31/><D31/><U104/><E18/><V22/><F22/><W47/><G47/><T124/><D124/><U134/><E46/><V103/><F103/><W96/><G33/><T135/><D135/><U82/><E134/><V97/><F100/><W39/><G32/><T9/><D9/><RYUUKYOKU ba="2,1" sc="92,15,491,-15,218,15,189,-15" hai0="25,26,45,49,52,67,68,72,76,81,83,86,91" hai2="56,61,66,77,80,84,87,93,97,99" /><INIT seed="2,3,1,2,0,85" ten="107,476,233,174" oya="2" hai0="116,81,16,125,31,80,76,79,93,48,24,17,118" hai1="135,89,102,21,3,20,9,62,92,121,39,130,64" hai2="117,15,58,51,49,82,87,12,73,65,27,113,108" hai3="54,22,30,115,57,7,109,19,26,5,91,1,42"/><V69/><F113/><W131/><G131/><T50/><D31/><U53/><E39/><V46/><F73/><W35/><G115/><T55/><D93/><U56/><E130/><V41/><F117/><W72/><G72/><T59/><D24/><U32/><E32/><V128/><F128/><W28/><G109/><T18/><D125/><U25/><E135/><V34/><F108/><W124/><G124/><T94/><D94/><U127/><E127/><V104/><F104/><W88/><G42/><T112/><D112/><U98/><E121/><V75/><F75/><W6/><G1/><T107/><D107/><U74/><E74/><V132/><F132/><W100/><G100/><T97/><D97/><U52/><E102/><V63/><F69/><W14/><REACH who="3" step="1"/><G28/><REACH who="3" ten="107,476,233,164" step="2"/><T68/><D68/><U134/><E3/><V40/><F40/><W114/><G114/><T67/><D67/><U13/><E134/><V45/><F41/><W36/><G36/><T4/><D118/><U43/><E43/><V23/><F65/><W60/><AGARI ba="3,2" hai="5,6,7,14,19,22,26,30,35,54,57,60,88,91" machi="60" ten="30,8000,1" yaku="1,1,0,1,52,2,54,1,53,0" doraHai="85" doraHaiUra="103" who="3" fromWho="3" sc="107,-23,476,-23,233,-43,164,109" /><INIT seed="3,0,0,2,4,11" ten="84,453,190,273" oya="3" hai0="37,131,50,46,133,54,85,12,124,24,51,1,77" hai1="22,7,0,39,127,19,130,86,112,65,99,107,96" hai2="41,34,8,100,5,29,73,43,89,121,88,48,132" hai3="21,2,13,119,135,126,26,23,123,14,113,16,106"/><W28/><G106/><T55/><D1/><U116/><E39/><V101/><F73/><W94/><G123/><T35/><D133/><U129/><E112/><V98/><F132/><W17/><G113/><T108/><D108/><U76/><E127/><V70/><F70/><W79/><G135/><T97/><D131/><N who="1" m="50187" /><E116/><V128/><F128/><W63/><G119/><T27/><D124/><U31/><E65/><V90/><F121/><W45/><G126/><T9/><D37/><U64/><E64/><V38/><F38/><W66/><G2/><T57/><D35/><U134/><E31/><V60/><F60/><W93/><G79/><T69/><D69/><U53/><E134/><V36/><F36/><W42/><G45/><T75/><D75/><U82/><E107/><V49/><F29/><W52/><G42/><N who="2" m="15881" /><F34/><W67/><G67/><T111/><D111/><U114/><E114/><V44/><F98/><W74/><G74/><T110/><D110/><U3/><E53/><N who="2" m="29831" /><F49/><W71/><G52/><T33/><D33/><AGARI ba="0,0" hai="13,14,16,17,21,23,26,28,33,63,66,71,93,94" machi="33" ten="30,12000,1" yaku="7,1,9,1,52,2,54,1" doraHai="11" who="3" fromWho="0" sc="84,-120,453,0,190,0,273,120" owari="-36,-54.0,453,56.0,190,-21.0,393,19.0" /></mjloggm>