<mjloggm ver="2.3"><GO type="41"/><UN n0="%EF%BC%88%E2%89%A7%E2%96%BD%E2%89%A6%EF%BC%89" n1="%E5%AE%89%E5%B2%A1%E3%81%95%E3%82%93" n2="%E3%82%A2%E3%83%AB%E3%82%B7%E3%83%A3%E3%83%93%E3%83%B3" n3="%E3%82%B5%E3%83%B3%E3%83%A9%E3%83%BC" dan="15,13,14,15" rate="2034,1828,1863,2048" sx="M,M,M,M"/><TAIKYOKU oya="0"/><INIT seed="0,0,0,0,0,8" ten="250,250,250,250" oya="0" hai0="7,130,70,6,34,24,42,101,1,2,15,52,94" hai1="87,82,90,49,54,14,85,61,46,71,128,83,79" hai2="100,40,31,5,38,51,89,97,13,45,131,119,27" hai3="10,19,98,115,69,78,29,123,64,35,120,21,74"/><T16/><D70/><U18/><E128/><V37/><F131/><W108/><G115/><T99/><D130/><U124/><E124/><V26/><F89/><W53/><G108/><T22/><D42/><U33/><E71/><V39/><F119/><W55/><G98/><T132/><D132/><U62/><REACH who="1" step="1"/><E33/><REACH who="1" ten="250,240,250,250" step="2"/><V63/><F31/><W95/><G35/><T93/><D34/><U32/><E32/><V20/><F20/><AGARI ba="0,1" hai="14,18,20,46,49,54,61,62,79,82,83,85,87,90" machi="20" ten="30,7700,0" yaku="1,1,7,1,8,1,52,1,53,0" doraHai="8" doraHaiUra="107" who="1" fromWho="2" sc="250,0,240,87,250,-77,250,0" /><INIT seed="1,0,0,1,5,135" ten="250,327,173,250" oya="1" hai0="106,83,108,111,4,107,74,71,57,121,7,93,80" hai1="35,29,5,19,28,66,124,46,117,103,72,31,17" hai2="12,49,25,24,50,130,122,109,134,62,52,64,37" hai3="89,36,55,16,102,43,38,98,10,21,126,75,26"/><U40/><E117/><V22/><F134/><W58/><G75/><T100/><D71/><U119/><E119/><V105/><F122/><W1/><G43/><T13/><D13/><U90/><E72/><V39/><F105/><N who="0" m="39946" /><D57/><U96/><E66/><V92/><F109/><N who="0" m="42058" /><D121/><U85/><E35/><V112/><F112/><W23/><G126/><T79/><D80/><U15/><E5/><V114/><F114/><W61/><G1/><T82/><D82/><U97/><E124/><V113/><F113/><W76/><G10/><T84/><D84/><U34/><E34/><V81/><F130/><W30/><G38/><T56/><D56/><U18/><E15/><V3/><F81/><W48/><G36/><T127/><D127/><U60/><E60/><V131/><F3/><W59/><G23/><T51/><D51/><N who="1" m="27079" /><E103/><V41/><F49/><W67/><G102/><T123/><D123/><U68/><E68/><V70/><F131/><W45/><G58/><T78/><D78/><U65/><E65/><V77/><F77/><W99/><G76/><T132/><D132/><U120/><E120/><V95/><F37/><W116/><G116/><T87/><D87/><U88/><E85/><V9/><F70/><W69/><G69/><T54/><D54/><U11/><E11/><V118/><F9/><W73/><G73/><T33/><D33/><U0/><E0/><V110/><F118/><W32/><G32/><T6/><D6/><U91/><AGARI ba="0,0" hai="17,18,19,28,29,31,88,90,91,96,97" m="27079" machi="91" ten="40,12000,1" yaku="29,2,8,1,54,1" doraHai="135" who="1" fromWho="1" sc="250,-40,327,120,173,-40,250,-40" /><INIT seed="1,1,0,0,0,114" ten="210,447,133,210" oya="1" hai0="15,31,132,94,101,10,102,109,80,84,131,99,13" hai1="58,41,30,25,24,68,53,93,120,40,123,72,60" hai2="17,61,65,63,59,76,51,71,56,23,135,105,117" hai3="97,35,91,115,126,66,64,42,82,7,127,124,2"/><U74/><E120/><V37/><F105/><W118/><G115/><T3/><D3/><U55/><E123/><V36/><F76/><W107/><G35/><T27/><D132/><U34/><E72/><V125/><F135/><W26/><G26/><T134/><D134/><U21/><E74/><V33/><F33/><W86/><G42/><T112/><D131/><U85/><E68/><V48/><F125/><W29/><G29/><T103/><D112/><U83/><E93/><V44/><F23/><W38/><G38/><N who="2" m="14953" /><F17/><W54/><G54/><T113/><D109/><U49/><E25/><V43/><F117/><W89/><G118/><T39/><D39/><U128/><E34/><V100/><F100/><N who="3" m="62863" /><G91/><N who="0" m="51591" /><D113/><U28/><E28/><V79/><F79/><W4/><G2/><T5/><D15/><U47/><REACH who="1" step="1"/><E128/><REACH who="1" ten="210,437,133,210" step="2"/><V96/><F96/><W130/><G130/><T18/><D31/><U57/><E57/><N who="2" m="22091" /><F48/><W19/><G126/><T20/><AGARI ba="1,1" hai="5,10,13,18,20,27,94,99,101,102,103" m="51591" machi="20" ten="30,1100,0" yaku="8,1" doraHai="114" who="0" fromWho="0" sc="210,24,437,-6,133,-4,210,-4" /><INIT seed="2,0,0,3,5,59" ten="234,431,129,206" oya="2" hai0="72,109,9,6,35,15,127,19,48,82,41,98,25" hai1="49,71,43,94,75,10,1,114,122,67,14,91,118" hai2="32,31,54,103,47,129,7,76,85,79,61,110,8" hai3="111,65,119,126,107,100,88,128,29,30,53,95,113"/><V105/><F129/><W17/><G119/><T125/><D109/><U101/><E114/><V78/><F110/><W22/><G111/><T96/><D72/><U112/><E112/><V16/><F7/><W68/><G128/><T123/><D123/><U134/><E118/><V28/><F103/><W57/><G126/><N who="0" m="48139" /><D82/><U0/><E75/><V93/><F105/><W99/><G68/><T37/><D37/><U87/><E134/><V89/><F32/><W120/><G65/><T121/><D121/><U2/><E122/><V33/><F33/><W64/><G64/><T117/><D117/><U52/><E43/><V132/><F132/><W81/><G120/><T62/><D62/><U80/><E67/><V131/><F131/><W34/><G34/><T115/><D115/><U92/><E71/><V3/><F3/><W23/><G81/><T45/><D35/><U24/><E24/><V90/><F89/><W60/><G113/><T58/><D58/><U97/><E92/><V108/><F108/><W70/><G70/><T73/><D73/><U66/><E66/><V135/><F135/><W50/><G50/><T63/><D63/><U133/><E133/><V116/><F116/><W104/><G104/><T77/><D77/><U39/><E39/><V12/><F47/><W106/><G106/><T130/><D130/><U55/><E49/><V83/><F83/><W11/><G107/><T44/><D44/><U4/><AGARI ba="0,0" hai="0,1,2,4,10,14,52,55,80,87,91,94,97,101" machi="4" ten="30,2000,0" yaku="0,1,54,1" doraHai="59" who="1" fromWho="1" sc="234,-5,431,20,129,-10,206,-5" /><INIT seed="3,0,0,0,5,35" ten="229,451,119,201" oya="3" hai0="5,23,83,84,87,110,82,22,46,72,101,121,29" hai1="129,36,45,21,119,73,106,71,116,120,93,69,97" hai2="64,32,96,17,105,66,111,7,81,130,2,58,80" hai3="52,108,122,91,30,118,48,60,128,94,125,24,78"/><W27/><G122/><T0/><D121/><U12/><E120/><V88/><F32/><W57/><G118/><T3/><D72/><U49/><E73/><V43/><F130/><W107/><G128/><T67/><D67/><U41/><E129/><V25/><F111/><W53/><G107/><T132/><D101/><U127/><E106/><V75/><F43/><W1/><G125/><T79/><D110/><U65/><E127/><V13/><F25/><W34/><G108/><T77/><D132/><U50/><E65/><V62/><F75/><W90/><G27/><T86/><D86/><U56/><E56/><V126/><F126/><W51/><G78/><T70/><D70/><U113/><E113/><V104/><F66/><W131/><G131/><T59/><D59/><U112/><E112/><V18/><F18/><W42/><G1/><T37/><D29/><U38/><E50/><V100/><F105/><W99/><G42/><T8/><REACH who="0" step="1"/><D0/><REACH who="0" ten="219,451,119,201" step="2"/><U28/><E28/><V115/><F115/><W47/><REACH who="3" step="1"/><G60/><REACH who="3" ten="219,451,119,191" step="2"/><T98/><D98/><U85/><E97/><V20/><REACH who="2" step="1"/><F88/><AGARI ba="0,2" hai="24,30,34,47,48,51,52,53,57,88,90,91,94,99" machi="88" ten="30,12000,1" yaku="1,1,2,1,7,1,54,2,53,0" doraHai="35" doraHaiUra="6" who="3" fromWho="2" sc="219,0,451,0,119,-120,191,140" owari="219,-18.0,451,55.0,-1,-50.0,331,13.0" /></mjloggm>