<mjloggm ver="2.3"><GO type="169" lobby="0"/><UN n0="%E5%90%A0%E3%81%88%E3%82%8B%E5%BD%A1%E2%98%86" n1="%EF%BC%88%E2%89%A7%E2%96%BD%E2%89%A6%EF%BC%89" n2="%E3%81%BE%E3%82%86%E3%81%BE%E3%82%86%37%37" n3="%E3%83%AA%E3%83%95%E3%83%AC%E3%82%AF%E3%83%86%E3%82%A3%E3%82%A2" dan="16,18,18,17" rate="2100.70,2255.05,2139.67,2156.90" sx="M,M,F,F"/><TAIKYOKU oya="0"/><INIT seed="0,0,0,1,3,104" ten="250,250,250,250" oya="0" hai0="46,95,74,111,68,39,77,64,62,28,2,11,85" hai1="0,5,19,118,14,4,72,45,79,10,12,78,42" hai2="27,3,8,9,120,99,121,50,18,89,128,133,90" hai3="7,20,126,23,86,100,29,34,115,117,88,93,61"/><T132/><D132/><U40/><E118/><V113/><F113/><W103/><G115/><T76/><D111/><U92/><E0/><V71/><F3/><W31/><G117/><T44/><D28/><U105/><E105/><V125/><F50/><W15/><G126/><T82/><D77/><N who="1" m="29195" /><E72/><V32/><F18/><W96/><G61/><T26/><D26/><U67/><E67/><V135/><F27/><W24/><G100/><T110/><D110/><U107/><E107/><V47/><F47/><W66/><G66/><T122/><D122/><U49/><E92/><V13/><F13/><W53/><G53/><T1/><D46/><U102/><E102/><V21/><F21/><W43/><G43/><N who="1" m="16426" /><E14/><V25/><F32/><W35/><G35/><T130/><D44/><U131/><E131/><V108/><F108/><W37/><G37/><T60/><D39/><U119/><E119/><V55/><F128/><W94/><REACH who="3" step="1"/><G31/><REACH who="3" ten="250,250,250,240" step="2"/><T81/><D130/><U109/><E109/><V124/><F125/><W41/><G41/><AGARI ba="0,1" hai="4,5,10,12,19,41,45,49" m="16426,29195" machi="41" ten="30,1000,0" yaku="8,1" doraHai="104" who="1" fromWho="3" sc="250,0,250,20,250,0,240,-10" /><INIT seed="1,0,0,0,3,114" ten="250,270,250,230" oya="1" hai0="89,13,42,78,118,76,30,103,40,49,41,43,92" hai1="79,18,73,45,75,112,81,87,93,125,65,39,108" hai2="9,119,72,29,37,71,6,99,53,3,122,123,128" hai3="54,82,66,26,12,2,120,17,10,55,105,129,35"/><U38/><E112/><V74/><F53/><W32/><G120/><T59/><D103/><U20/><E125/><V5/><F128/><W23/><G129/><T15/><D30/><U131/><E131/><V58/><F58/><W130/><G130/><T8/><D118/><U61/><E108/><V60/><F99/><W94/><G105/><T110/><D110/><U80/><E93/><V95/><F95/><W68/><G68/><T127/><D127/><U67/><E67/><N who="2" m="41447" /><F6/><W115/><G66/><T85/><D15/><U57/><E45/><V126/><F126/><W24/><G115/><T7/><N who="0" m="10752" /><DORA hai="90" /><T96/><REACH who="0" step="1"/><D96/><REACH who="0" ten="240,270,250,230" step="2"/><U19/><E39/><V28/><F37/><W121/><G121/><T86/><D86/><U91/><E38/><V34/><F29/><W117/><G117/><T100/><D100/><U97/><E97/><V102/><F102/><W27/><G12/><T52/><AGARI ba="0,1" hai="7,8,13,49,52,59,76,78,85,89,92" m="10752" machi="52" ten="40,8000,1" yaku="1,1,0,1,8,1,52,1,54,1,53,0" doraHai="114,90" doraHaiUra="56,64" who="0" fromWho="0" sc="240,90,270,-40,250,-20,230,-20" /><INIT seed="2,0,0,5,0,98" ten="330,230,230,210" oya="2" hai0="9,25,46,65,69,133,54,62,48,113,112,86,131" hai1="76,45,11,72,2,10,111,47,82,35,85,135,75" hai2="53,77,91,68,109,39,19,7,117,66,63,56,4" hai3="1,18,78,32,106,42,52,20,16,88,58,114,27"/><V81/><F117/><W87/><G114/><T124/><D124/><U123/><E35/><V134/><F39/><W108/><G106/><T36/><D131/><U122/><E135/><V101/><F134/><W31/><G1/><T38/><D133/><U97/><E111/><V49/><F109/><W0/><G108/><T3/><D38/><U37/><E97/><V41/><F41/><W43/><G0/><T50/><D36/><U13/><E2/><V74/><F101/><W71/><G71/><T61/><D61/><U126/><E126/><V132/><F132/><W28/><G78/><T128/><D128/><U102/><E102/><V64/><F64/><W12/><G18/><T116/><D116/><U30/><E30/><V55/><F91/><W96/><G96/><T92/><D25/><U120/><E10/><V89/><F89/><W103/><G31/><T125/><D125/><U84/><E84/><V110/><F110/><W99/><G99/><T40/><D86/><U93/><E93/><V115/><F115/><W51/><G103/><T94/><D112/><U22/><E22/><V73/><F73/><N who="1" m="28233" /><E37/><V70/><F70/><W129/><REACH who="3" step="1"/><G129/><REACH who="3" ten="330,230,230,200" step="2"/><T95/><D113/><U44/><E123/><V14/><REACH who="2" step="1"/><F53/><REACH who="2" ten="330,230,220,200" step="2"/><W105/><G105/><T83/><D54/><U23/><E122/><V127/><F127/><W130/><G130/><T29/><D69/><U34/><E120/><V15/><F15/><W118/><G118/><T79/><D3/><U121/><E121/><V57/><F57/><W107/><G107/><T67/><D67/><U6/><E13/><V104/><F104/><RYUUKYOKU ba="0,2" sc="330,-15,230,-15,220,15,200,15" hai2="4,7,14,19,49,55,56,63,66,68,74,77,81" hai3="12,16,20,27,28,32,42,43,51,52,58,87,88" /><INIT seed="2,1,2,5,3,133" ten="315,215,235,215" oya="2" hai0="4,105,18,22,46,56,106,31,42,40,89,28,70" hai1="62,72,20,79,17,39,113,10,87,61,115,77,132" hai2="33,99,101,14,12,47,44,67,76,129,50,98,125" hai3="41,13,130,45,34,7,103,38,36,1,84,59,119"/><V74/><F33/><W92/><G119/><T86/><D70/><U88/><E39/><V104/><F129/><W37/><G130/><T117/><D117/><U107/><E107/><V100/><F125/><W16/><G34/><T94/><D106/><U8/><E132/><V93/><F67/><W52/><G7/><T108/><D105/><U55/><E115/><V73/><F47/><W49/><G1/><T120/><D120/><U128/><E128/><V11/><F76/><N who="1" m="29257" /><E72/><V43/><REACH who="2" step="1"/><F14/><REACH who="2" ten="315,215,225,215" step="2"/><W83/><G92/><N who="0" m="54327" /><D46/><U6/><E113/><V109/><F109/><W134/><G134/><T25/><D94/><N who="1" m="54559" /><E55/><V64/><F64/><W2/><G2/><T124/><D108/><U9/><E6/><AGARI ba="1,3" hai="6,11,12,43,44,50,73,74,93,98,99,100,101,104" machi="6" ten="30,2900,0" yaku="1,1,7,1,53,0" doraHai="133" doraHaiUra="126" who="2" fromWho="1" sc="315,0,215,-32,225,62,215,0" /><INIT seed="2,2,0,3,0,110" ten="315,183,287,215" oya="2" hai0="24,131,18,47,38,19,60,111,44,13,69,121,61" hai1="83,115,22,89,120,129,2,36,113,116,76,49,17" hai2="11,48,65,117,85,62,8,75,41,31,100,6,81" hai3="103,72,7,126,3,1,57,34,118,86,104,21,82"/><V28/><F117/><W20/><G118/><T73/><D121/><U40/><E116/><V39/><F75/><W77/><G34/><T90/><D73/><U23/><E2/><V56/><F39/><W4/><G126/><T123/><D123/><U70/><E120/><V33/><F100/><W5/><G72/><T68/><D111/><U43/><E70/><V128/><F33/><W132/><G132/><T127/><D127/><U91/><E36/><V102/><F102/><W67/><G103/><T54/><D131/><U37/><E37/><V95/><F95/><W64/><G104/><T9/><D38/><U25/><E129/><V96/><F96/><W125/><G125/><T46/><D69/><U16/><E49/><V55/><F41/><W42/><G42/><T59/><D68/><U122/><E122/><V14/><F11/><W35/><G35/><T58/><D90/><U74/><E43/><V52/><F128/><W114/><G114/><T98/><D98/><U63/><E63/><V88/><F55/><W124/><G124/><T84/><D84/><U78/><E40/><V50/><F48/><W135/><G135/><T79/><D79/><U133/><E133/><V30/><F30/><W27/><G27/><T71/><D71/><AGARI ba="2,0" hai="6,8,14,28,31,50,52,56,62,65,71,81,85,88" machi="71" ten="30,5800,0" yaku="7,1,54,2" doraHai="110" who="2" fromWho="0" sc="315,-64,183,0,287,64,215,0" /><INIT seed="2,3,0,2,4,70" ten="251,183,351,215" oya="2" hai0="7,6,56,135,32,90,77,115,24,123,49,132,29" hai1="133,82,114,16,78,131,85,79,37,119,12,36,100" hai2="22,13,3,125,17,109,110,0,51,121,86,113,19" hai3="93,68,95,81,74,21,58,126,39,5,47,44,96"/><V53/><F113/><W55/><G68/><T48/><D123/><U129/><E119/><V50/><F121/><W87/><G126/><T84/><D77/><U89/><E114/><V104/><F104/><W91/><G5/><N who="0" m="1547" /><D56/><U52/><E100/><V40/><F40/><W25/><G74/><T127/><D127/><U80/><E133/><N who="0" m="51273" /><D115/><U83/><E52/><V9/><F86/><W45/><G93/><AGARI ba="3,0" hai="24,29,32,48,49,84,90,93" m="51273,1547" machi="93" ten="30,1000,0" yaku="20,1" doraHai="70" who="0" fromWho="3" sc="251,19,183,0,351,0,215,-19" /><INIT seed="3,0,0,2,0,74" ten="270,183,351,196" oya="3" hai0="61,69,1,11,29,54,109,23,43,114,39,46,107" hai1="90,26,78,133,50,122,40,118,33,135,132,24,22" hai2="15,91,7,99,111,30,83,42,0,125,73,113,102" hai3="8,2,97,55,104,28,124,63,108,60,66,37,31"/><W6/><G124/><T25/><D107/><U59/><E122/><V13/><F113/><W21/><G108/><T62/><D109/><U105/><E105/><V27/><F111/><W131/><G37/><T84/><D114/><U126/><E126/><V58/><F0/><W134/><G134/><T129/><D129/><U92/><E118/><V103/><F91/><W121/><G121/><T116/><D116/><U34/><E78/><V12/><F7/><W71/><G131/><T44/><D69/><U106/><E106/><V52/><F42/><W18/><G63/><T72/><D72/><U14/><E14/><V53/><F53/><W88/><G55/><T117/><D117/><U48/><E59/><V4/><F4/><W128/><G128/><T36/><D1/><U17/><E26/><V110/><F110/><W3/><G3/><T100/><D100/><U79/><E79/><V80/><F73/><W56/><G71/><T57/><D11/><U70/><E70/><V112/><F112/><W81/><G104/><T86/><REACH who="0" step="1"/><D62/><REACH who="0" ten="260,183,351,196" step="2"/><U115/><E115/><V35/><F103/><W82/><G31/><T64/><D64/><U85/><REACH who="1" step="1"/><E40/><AGARI ba="0,1" hai="23,25,29,36,39,40,43,44,46,54,57,61,84,86" machi="40" ten="40,2600,0" yaku="1,1,9,1,53,0" doraHai="74" doraHaiUra="119" who="0" fromWho="1" sc="260,36,183,-26,351,0,196,0" /><INIT seed="4,0,0,1,0,37" ten="296,157,351,196" oya="0" hai0="26,4,49,82,96,110,29,28,101,131,46,104,31" hai1="76,7,133,5,130,112,107,89,84,66,10,103,53" hai2="132,22,57,24,81,88,65,124,39,32,50,86,128" hai3="62,92,27,114,64,8,95,19,2,20,56,43,23"/><T0/><D131/><U59/><E133/><V54/><F39/><W18/><G114/><T45/><D110/><U3/><E130/><V71/><F128/><W134/><G134/><T113/><D113/><U122/><E122/><V90/><F132/><W11/><G11/><T73/><D26/><U127/><E112/><V35/><F124/><W60/><G2/><T80/><D73/><U125/><E66/><V52/><F71/><W63/><G8/><T9/><REACH who="0" step="1"/><D46/><REACH who="0" ten="286,157,351,196" step="2"/><U42/><E127/><V74/><F74/><W91/><G27/><T119/><D119/><U25/><E125/><V30/><F65/><W61/><G64/><T121/><D121/><U15/><E3/><V106/><F106/><W51/><G56/><T94/><D94/><U126/><E126/><V68/><F68/><W48/><G92/><T100/><D100/><U115/><E103/><V123/><F123/><W108/><G108/><T36/><D36/><U17/><E107/><V116/><F116/><W109/><G109/><T105/><D105/><U33/><E115/><V21/><F35/><W41/><G95/><T69/><D69/><U118/><E118/><V85/><F54/><AGARI ba="0,1" hai="0,4,9,28,29,31,45,49,54,80,82,96,101,104" machi="54" ten="40,2000,0" yaku="1,1,53,0" doraHai="37" doraHaiUra="38" who="0" fromWho="2" sc="286,30,157,0,351,-20,196,0" /><INIT seed="4,1,0,1,1,53" ten="316,157,331,196" oya="0" hai0="64,104,49,85,74,126,32,1,123,67,5,26,99" hai1="7,19,4,27,65,121,15,96,39,119,80,73,118" hai2="46,60,41,135,45,12,86,102,82,106,93,69,70" hai3="84,108,112,72,68,58,3,2,56,36,0,34,110"/><T6/><D123/><U61/><E39/><V16/><F106/><W35/><G36/><T55/><D74/><U57/><E121/><V38/><F135/><W54/><G54/><T76/><D126/><U40/><E40/><V43/><F60/><W90/><G72/><T89/><D32/><U11/><E96/><V116/><F116/><W109/><G68/><T20/><D104/><U42/><E42/><V103/><F69/><W50/><G50/><T129/><D99/><U25/><E25/><V75/><F70/><W63/><G63/><T37/><D76/><U28/><E73/><V14/><F75/><W92/><REACH who="3" step="1"/><G112/><REACH who="3" ten="316,157,331,186" step="2"/><T71/><D37/><U81/><E119/><V22/><F38/><W98/><G98/><T117/><D117/><U94/><E118/><V100/><F43/><W9/><G9/><T78/><D71/><U120/><E120/><V101/><F41/><W134/><G134/><T62/><D62/><U87/><E94/><V114/><F114/><W51/><G51/><T107/><D49/><U21/><REACH who="1" step="1"/><E80/><REACH who="1" ten="316,147,331,186" step="2"/><V18/><F93/><W91/><G91/><AGARI ba="1,2" hai="4,7,11,15,19,21,27,28,57,61,65,81,87,91" machi="91" ten="30,12000,2" yaku="1,1,2,1,7,1,8,1,52,1,53,1" doraHai="53" doraHaiUra="59" who="1" fromWho="3" sc="316,0,147,143,331,0,186,-123" /><INIT seed="5,0,0,4,2,69" ten="316,290,331,63" oya="1" hai0="127,129,13,36,34,62,87,96,84,28,5,3,22" hai1="2,29,123,0,46,122,55,70,108,45,37,112,93" hai2="106,14,59,60,26,78,40,113,41,19,125,38,109" hai3="24,4,16,66,30,77,49,128,100,6,121,118,33"/><U10/><E29/><V76/><F106/><W39/><G121/><T79/><D127/><U120/><E70/><V42/><F109/><W135/><G135/><T53/><D129/><U65/><E65/><V12/><F125/><W117/><G128/><T131/><D131/><U74/><E74/><V124/><F124/><W17/><G100/><T104/><D36/><U21/><E108/><V88/><F38/><W15/><G49/><T48/><D62/><U85/><E112/><V98/><F26/><N who="3" m="18647" /><G66/><T81/><D34/><U107/><E107/><V82/><F113/><W61/><G61/><T20/><D3/><U119/><E21/><N who="2" m="11495" /><F14/><W83/><G83/><N who="0" m="47231" /><D104/><U101/><E37/><V86/><F98/><W91/><G91/><N who="0" m="51695" /><D28/><U130/><E130/><V18/><F18/><N who="3" m="7275" /><G77/><T44/><D96/><U54/><E123/><V47/><F47/><W52/><G52/><AGARI ba="0,0" hai="40,41,42,52,59,60,76,78,82,86,88" m="11495" machi="52" ten="30,3900,0" yaku="8,1,54,2" doraHai="69" who="2" fromWho="3" sc="316,0,290,0,331,39,63,-39" /><INIT seed="6,0,0,3,5,33" ten="316,290,370,24" oya="2" hai0="114,49,81,65,13,77,90,98,74,56,20,38,120" hai1="109,108,23,72,115,135,71,69,122,18,58,64,96" hai2="101,22,37,100,75,50,39,40,110,78,128,111,129" hai3="130,30,88,28,134,51,31,132,104,59,10,133,83"/><V9/><F75/><W94/><G104/><T19/><D114/><U15/><E72/><V8/><F22/><W68/><G68/><T63/><D120/><U70/><E115/><V48/><F78/><W24/><G83/><T6/><D38/><U12/><E122/><V16/><F40/><W36/><G36/><T87/><D98/><U92/><E135/><V117/><REACH who="2" step="1"/><F16/><REACH who="2" ten="316,290,360,24" step="2"/><W62/><G51/><T1/><D49/><U7/><E7/><V3/><F3/><W73/><G73/><T107/><D107/><U103/><REACH who="1" step="1"/><E15/><REACH who="1" ten="316,280,360,24" step="2"/><V67/><F67/><W34/><G10/><T131/><D6/><U45/><E45/><V26/><F26/><W91/><G130/><T112/><D131/><U82/><E82/><V99/><F99/><N who="3" m="57799" /><G91/><T80/><D112/><U42/><E42/><V106/><F106/><W35/><G24/><T29/><D29/><N who="3" m="7425" /><W76/><DORA hai="121" /><G76/><T54/><D65/><AGARI ba="0,2" hai="34,35,59,62,65,132,133,134" m="7425,57799" machi="65" ten="40,2600,0" yaku="20,1,54,1" doraHai="33,121" who="3" fromWho="0" sc="316,-26,280,0,360,0,24,46" /><INIT seed="7,0,0,2,5,53" ten="290,280,360,70" oya="3" hai0="21,2,100,82,98,107,83,26,115,22,44,11,61" hai1="57,18,30,51,0,6,33,122,48,52,16,116,109" hai2="85,77,90,60,14,91,133,76,38,94,36,1,117" hai3="93,29,105,70,54,34,119,28,7,102,120,66,101"/><W74/><G120/><T110/><D110/><U84/><E109/><V27/><F1/><W63/><G119/><T19/><D115/><U35/><E122/><V55/><F117/><W37/><G37/><T20/><D20/><U9/><E116/><V17/><F27/><W3/><G74/><T87/><D44/><U75/><E75/><V99/><F38/><W15/><G3/><T104/><D82/><U12/><E84/><V4/><F4/><W5/><G5/><T42/><D42/><U121/><E121/><V111/><F36/><W40/><G40/><T135/><D135/><U69/><E69/><V59/><F133/><W24/><G29/><T86/><D86/><U23/><E30/><V92/><F111/><W73/><G73/><T58/><D21/><AGARI ba="0,0" hai="14,17,21,55,59,60,76,77,85,90,91,92,94,99" machi="21" ten="30,3900,0" yaku="7,1,8,1,52,1" doraHai="53" who="2" fromWho="0" sc="290,-39,280,0,360,39,70,0" owari="251,-15.0,280,8.0,399,50.0,70,-43.0" /></mjloggm>