<mjloggm ver="2.3"><GO type="169" lobby="0"/><UN n0="%E3%82%A2%E3%83%95%E3%83%AA%E3%82%AB" n1="%E9%8A%80%E9%81%8A%E7%A7%81%E4%BA%BA" n2="%E3%83%81%E3%83%AD%E3%83%AD%E8%BB%8D%E6%9B%B9" n3="%EF%BC%88%E2%89%A7%E2%96%BD%E2%89%A6%EF%BC%89" dan="16,16,16,17" rate="2015.00,2048.37,2072.94,2161.60" sx="M,M,F,M"/><TAIKYOKU oya="0"/><INIT seed="0,0,0,3,2,104" ten="250,250,250,250" oya="0" hai0="0,5,90,25,72,20,120,32,57,124,132,17,98" hai1="39,51,91,33,83,116,44,43,129,74,103,78,42" hai2="101,60,119,3,41,34,128,70,12,26,58,50,38" hai3="111,67,55,46,21,117,63,79,112,71,109,115,87"/><T8/><D120/><U54/><E116/><V92/><F3/><W30/><G30/><T106/><D124/><U9/><E33/><V16/><F128/><W121/><G21/><T85/><D132/><U53/><E129/><V134/><F134/><W35/><G35/><T86/><D72/><U82/><E103/><V64/><F119/><W76/><G117/><T102/><D57/><U13/><E43/><V118/><F118/><W89/><G121/><T56/><D90/><U29/><E29/><V27/><F34/><W130/><G130/><T45/><D32/><U52/><E91/><V65/><F101/><W69/><G69/><T19/><D19/><U96/><E96/><V113/><F92/><N who="3" m="54335" /><G55/><T107/><D107/><U23/><E23/><V36/><F113/><N who="3" m="43595" /><G46/><T49/><REACH who="0" step="1"/><D56/><REACH who="0" ten="240,250,250,250" step="2"/><U110/><E74/><V80/><F58/><W97/><G97/><T48/><D48/><U18/><E51/><V73/><F50/><W62/><G62/><T88/><D88/><U127/><E127/><V108/><F60/><W15/><G76/><T7/><D7/><U84/><E78/><V61/><F61/><W10/><G79/><T114/><D114/><U66/><E39/><V125/><F38/><W31/><G31/><T94/><D94/><U47/><E47/><V122/><F36/><W28/><G28/><T93/><D93/><U123/><E44/><V22/><F125/><W100/><G100/><T133/><D133/><U135/><E135/><V37/><F37/><W81/><G81/><T131/><D131/><U24/><E83/><V11/><F80/><W126/><G126/><RYUUKYOKU ba="0,1" sc="240,15,250,-15,250,-15,250,15" hai0="0,5,8,17,20,25,45,49,85,86,98,102,106" hai3="10,15,63,67,71,109,111" /><INIT seed="0,1,1,3,1,17" ten="255,235,235,265" oya="0" hai0="39,71,99,62,14,104,92,1,35,130,32,7,26" hai1="94,27,74,29,86,30,15,42,46,60,12,112,54" hai2="87,98,59,21,88,31,107,120,9,84,34,38,131" hai3="81,23,22,52,117,102,10,65,123,18,97,56,24"/><T64/><D130/><U122/><E74/><V66/><F120/><W110/><G117/><T106/><D39/><U48/><E122/><V16/><F38/><W113/><G113/><T19/><D7/><U79/><E112/><V50/><F131/><W36/><G36/><T33/><D1/><U127/><E127/><V78/><F9/><W103/><G110/><T134/><D134/><U125/><E125/><V67/><F31/><N who="3" m="17815" /><G123/><T41/><D41/><U45/><E30/><V83/><F34/><W58/><G10/><T115/><D115/><U37/><E60/><V63/><F50/><N who="3" m="30743" /><G81/><T57/><D57/><U49/><E37/><V129/><F129/><W132/><G97/><T89/><REACH who="0" step="1"/><D26/><REACH who="0" ten="245,235,235,265" step="2"/><U77/><E27/><V108/><F108/><W40/><G40/><T109/><D109/><U116/><E42/><V44/><F44/><W111/><G111/><T118/><D118/><U69/><E46/><V101/><F59/><W75/><G132/><T124/><D124/><U82/><E45/><V5/><F5/><W70/><G70/><T76/><D76/><U53/><E79/><V128/><F128/><W28/><G58/><T90/><D90/><U80/><E69/><V47/><F47/><W68/><G68/><T43/><D43/><U25/><E77/><V8/><F63/><W133/><G133/><T135/><D135/><U93/><E116/><V3/><F3/><W2/><G2/><T4/><D4/><U72/><E25/><V119/><F119/><W51/><G51/><T85/><D85/><U73/><E86/><V55/><F84/><W11/><G28/><RYUUKYOKU ba="1,2" sc="245,15,235,15,235,-15,265,-15" hai0="14,19,32,33,35,62,64,71,89,92,99,104,106" hai1="12,15,29,48,49,53,54,72,73,80,82,93,94" /><INIT seed="0,2,2,3,2,19" ten="260,250,220,250" oya="0" hai0="18,80,58,101,43,126,55,129,105,123,34,81,69" hai1="9,68,127,51,40,1,93,70,5,13,64,73,135" hai2="57,14,30,22,12,84,50,115,120,111,46,87,21" hai3="88,86,3,41,133,98,89,65,47,110,26,25,2"/><T35/><D69/><U108/><E73/><V114/><F120/><W125/><G125/><T96/><D123/><U54/><E127/><V100/><F111/><W53/><G133/><T128/><D126/><U31/><E108/><V78/><F100/><W4/><G65/><T8/><D43/><U11/><E135/><V67/><F114/><W91/><G110/><T52/><D55/><U124/><E124/><V130/><F130/><N who="0" m="50282" /><D35/><U27/><E40/><V131/><F131/><W7/><G86/><N who="2" m="32809" /><F78/><W95/><G53/><T38/><D34/><U94/><E64/><V6/><F115/><W116/><G116/><T42/><D42/><U97/><E54/><N who="2" m="30039" /><F30/><W104/><G104/><T49/><D38/><U32/><E51/><V39/><F39/><W112/><G112/><T113/><D113/><U15/><E1/><V83/><F83/><W60/><G60/><T103/><D103/><U48/><E48/><V134/><F134/><W79/><G79/><T106/><D106/><U44/><E44/><V37/><F37/><W72/><G2/><T82/><D82/><U77/><E77/><V66/><F66/><W0/><G0/><T56/><D56/><U10/><E94/><V74/><F74/><W76/><G3/><T28/><D28/><U45/><E45/><V63/><F6/><N who="3" m="2091" /><G76/><T61/><D61/><U118/><E118/><V122/><F122/><W132/><G72/><T59/><D59/><U109/><E109/><V71/><F71/><N who="1" m="27177" /><E5/><V119/><F119/><W121/><G121/><T23/><D81/><U107/><E107/><V20/><AGARI ba="2,2" hai="12,14,20,21,22,57,63,67" m="30039,32809" machi="20" ten="30,7900,0" yaku="8,1,52,3" doraHai="19" who="2" fromWho="2" sc="260,-41,250,-22,220,105,250,-22" /><INIT seed="1,0,0,3,3,88" ten="219,228,325,228" oya="1" hai0="40,132,24,37,45,134,74,16,46,36,34,3,108" hai1="27,103,102,80,92,60,17,25,84,98,57,87,61" hai2="50,2,5,43,75,29,19,120,86,85,69,23,68" hai3="54,91,129,32,106,119,123,104,66,135,83,44,99"/><U110/><E110/><V58/><F120/><W125/><G123/><T21/><D108/><U114/><E114/><V124/><F75/><W15/><G32/><T131/><D131/><U93/><E17/><V56/><F124/><W79/><G125/><T116/><D116/><U63/><E57/><V8/><F29/><W118/><G129/><T65/><D74/><U76/><E87/><V41/><F68/><W67/><G135/><N who="0" m="51755" /><D3/><U51/><E51/><V71/><F71/><W133/><G133/><T72/><D72/><U100/><REACH who="1" step="1"/><E93/><REACH who="1" ten="219,218,325,228" step="2"/><V10/><F69/><W13/><G83/><T42/><D65/><U109/><E109/><V55/><F50/><W130/><G66/><T70/><D70/><U105/><E105/><V53/><F19/><W49/><G67/><T59/><D59/><U0/><E0/><V81/><F81/><W126/><G106/><T73/><D73/><U94/><E94/><V112/><F112/><W97/><G104/><T89/><D16/><U20/><E20/><V18/><F18/><W64/><G49/><T30/><D21/><U95/><E95/><V48/><F48/><W11/><G64/><T62/><D62/><U14/><E14/><V9/><F9/><W33/><G13/><T38/><D38/><U7/><E7/><V117/><F2/><W96/><G15/><T101/><D37/><U82/><E82/><V4/><F23/><W39/><G11/><T26/><D36/><U122/><E122/><V22/><F22/><W1/><G39/><T47/><D34/><U107/><E107/><V128/><F128/><W6/><G130/><RYUUKYOKU ba="0,1" sc="219,-15,218,15,325,15,228,-15" hai1="25,27,60,61,63,76,80,84,92,98,100,102,103" hai2="4,5,8,10,41,43,53,55,56,58,85,86,117" /><INIT seed="1,1,1,0,3,77" ten="204,233,340,213" oya="1" hai0="117,32,4,7,41,5,53,119,18,17,9,79,23" hai1="62,69,50,99,111,116,39,114,76,61,101,87,25" hai2="107,55,71,98,31,127,34,134,121,56,33,51,47" hai3="84,44,85,118,104,59,2,70,108,20,65,45,97"/><U95/><E39/><V13/><F121/><W123/><G70/><T72/><D41/><U64/><E116/><N who="0" m="44617" /><D53/><U60/><E114/><V130/><F71/><W37/><G2/><T109/><D79/><U73/><E73/><V106/><F127/><W83/><G37/><T14/><D72/><U67/><E111/><V42/><F130/><W88/><G123/><T115/><D109/><U30/><E50/><V38/><F134/><W113/><G113/><T122/><D115/><U24/><E69/><V124/><F124/><W35/><G35/><T52/><D52/><U57/><E67/><V81/><F13/><W96/><G118/><T92/><D92/><U80/><REACH who="1" step="1"/><E24/><REACH who="1" ten="204,223,340,213" step="2"/><V19/><F51/><W40/><G108/><T26/><D122/><U74/><E74/><V36/><F38/><W1/><G65/><T100/><D100/><U133/><E133/><V135/><F36/><W110/><G110/><T78/><D78/><U11/><E11/><V102/><F102/><W89/><G40/><T29/><D32/><AGARI ba="1,2" hai="25,30,32,57,60,61,62,64,76,80,87,95,99,101" machi="32" ten="30,5800,0" yaku="1,1,7,1,52,1,53,0" doraHai="77" doraHaiUra="8" who="1" fromWho="0" sc="204,-61,223,81,340,0,213,0" /><INIT seed="1,2,0,1,1,30" ten="143,304,340,213" oya="1" hai0="128,12,20,26,36,121,129,100,27,38,87,39,59" hai1="114,99,117,123,10,43,130,106,3,116,127,24,105" hai2="34,62,65,120,78,46,109,67,18,48,111,35,77" hai3="102,50,79,55,90,113,33,19,22,133,101,16,15"/><U134/><E114/><V85/><F120/><W83/><G113/><T82/><D121/><U40/><E123/><V7/><F7/><W135/><G90/><T81/><D100/><U13/><E3/><V80/><F78/><W92/><G33/><N who="2" m="12297" /><F18/><W51/><G19/><N who="0" m="10343" /><D59/><U124/><E24/><V37/><F37/><W29/><G29/><T42/><D42/><U108/><E99/><V118/><F118/><W115/><G115/><T11/><D11/><U119/><E10/><V69/><F62/><W41/><G41/><T4/><D4/><U21/><E21/><V95/><F95/><W58/><G51/><T45/><D45/><U0/><E0/><V66/><F69/><W47/><G47/><T103/><D103/><U132/><E13/><V64/><F66/><W49/><G49/><T88/><D82/><U112/><E112/><V107/><F107/><W110/><G92/><T54/><D54/><U125/><E40/><V17/><F17/><W71/><G71/><T61/><D61/><U57/><E57/><V93/><F93/><W94/><G94/><T14/><D14/><U9/><E9/><V122/><F122/><W96/><G102/><T89/><D89/><U5/><E5/><V31/><F31/><W23/><G101/><T28/><D28/><U52/><E52/><V84/><F84/><N who="3" m="48255" /><G96/><T2/><D2/><U6/><E43/><V97/><F97/><W91/><G91/><T56/><D56/><U25/><E105/><V86/><F86/><W1/><G1/><T75/><D75/><U32/><E106/><V70/><F70/><W76/><G15/><RYUUKYOKU ba="2,0" sc="143,15,304,-15,340,15,213,-15" hai0="26,27,36,38,39,81,87,88,128,129" hai2="46,48,64,65,67,77,80,85,109,111" /><INIT seed="2,3,0,5,2,109" ten="158,289,355,198" oya="2" hai0="123,116,82,131,84,19,33,18,99,93,87,11,121" hai1="30,27,20,60,90,132,110,8,71,94,52,108,91" hai2="12,65,48,58,105,1,77,106,117,126,114,80,129" hai3="86,66,42,7,28,22,2,119,0,73,62,85,37"/><V9/><F117/><W67/><G73/><T26/><D116/><U40/><E132/><V122/><F122/><W69/><G119/><T56/><D131/><U112/><E40/><V79/><F1/><W31/><G67/><T78/><D87/><U102/><E112/><V74/><F126/><W63/><G63/><T23/><D33/><U47/><E8/><V4/><F129/><W88/><G85/><T43/><D43/><U83/><E102/><V15/><F114/><W130/><G130/><T44/><D44/><U41/><E83/><V118/><F118/><W46/><G7/><T24/><D56/><N who="1" m="34823" /><E71/><V38/><F38/><W16/><G2/><T97/><D97/><U6/><E6/><V14/><F79/><W96/><G96/><T133/><D133/><U50/><E94/><V5/><F5/><W10/><G10/><T51/><D51/><U95/><E95/><V103/><F65/><W125/><G125/><T134/><D134/><U13/><E13/><V128/><F128/><W92/><REACH who="3" step="1"/><G0/><REACH who="3" ten="158,289,355,188" step="2"/><T17/><D11/><U72/><E72/><V81/><F9/><W135/><G135/><T100/><D123/><U45/><E110/><V34/><F4/><W64/><G64/><T59/><D121/><U25/><E108/><V36/><F74/><W70/><G70/><T39/><D99/><U104/><E104/><V107/><F105/><W68/><G68/><T29/><D84/><U127/><E127/><V57/><F106/><W54/><G54/><T76/><D76/><U35/><E47/><V113/><F107/><W75/><G75/><T101/><D78/><RYUUKYOKU ba="3,1" sc="158,-15,289,15,355,-15,188,15" hai1="20,25,27,30,35,41,45,50,90,91" hai3="16,22,28,31,37,42,46,62,66,69,86,88,92" /><INIT seed="3,4,1,1,5,104" ten="143,304,340,203" oya="3" hai0="77,45,78,72,127,125,84,2,7,109,124,135,123" hai1="0,106,21,86,63,105,108,81,101,23,36,5,99" hai2="114,16,115,68,34,111,56,9,25,42,66,59,121" hai3="97,32,96,112,129,33,53,26,35,116,54,31,95"/><W94/><G116/><T120/><D109/><U71/><E106/><V49/><F111/><W17/><G129/><T15/><D2/><U90/><E108/><V44/><F121/><N who="0" m="46666" /><D45/><U98/><E98/><V65/><F34/><W13/><G112/><T80/><D15/><U37/><E0/><V91/><F91/><W82/><G82/><N who="0" m="45351" /><D7/><U50/><E5/><V61/><F9/><W64/><G64/><T113/><D113/><U14/><E50/><V4/><F4/><W40/><G40/><T88/><D135/><U27/><E14/><V6/><F6/><W132/><G132/><T102/><D102/><U73/><E21/><V60/><F68/><W8/><G54/><T29/><D29/><U79/><E63/><V70/><F70/><W11/><G53/><T22/><D22/><AGARI ba="4,1" hai="16,22,25,42,44,49,56,59,60,61,65,66,114,115" machi="22" ten="40,2600,0" yaku="9,1,54,1" doraHai="104" who="2" fromWho="0" sc="143,-38,304,0,340,48,203,0" /><INIT seed="4,0,0,5,0,81" ten="105,304,388,203" oya="0" hai0="98,70,61,91,44,42,31,11,57,14,59,122,63" hai1="12,130,29,32,127,124,49,55,2,69,117,8,93" hai2="17,52,112,83,107,89,104,125,113,53,88,84,68" hai3="106,114,77,133,121,109,110,54,24,118,21,65,85"/><T3/><D3/><U99/><E2/><V26/><F68/><W66/><G106/><T56/><D122/><U10/><E117/><V25/><F125/><N who="1" m="48201" /><E69/><V35/><F35/><W45/><G118/><T131/><D131/><U43/><E43/><V41/><F41/><W51/><G121/><T0/><D0/><U64/><E64/><V90/><F90/><W39/><G39/><T71/><D71/><U27/><E12/><V128/><F128/><W115/><G133/><T132/><D132/><U73/><E73/><V13/><F13/><W19/><G66/><T92/><D70/><U34/><E34/><V86/><F83/><N who="3" m="47343" /><G65/><T96/><D31/><U100/><E130/><V37/><F17/><W47/><G45/><AGARI ba="0,0" hai="8,10,27,29,32,45,49,55,93,99,100" m="48201" machi="45" ten="30,1000,0" yaku="18,1" doraHai="81" who="1" fromWho="3" sc="105,0,304,10,388,0,203,-10" /><INIT seed="5,0,0,2,4,46" ten="105,314,388,193" oya="1" hai0="75,129,54,120,3,104,62,117,131,58,43,108,106" hai1="63,87,80,44,40,1,110,130,135,93,134,70,13" hai2="67,35,48,7,127,119,65,101,77,95,32,72,102" hai3="99,9,33,66,45,78,27,17,55,97,105,71,47"/><U122/><E122/><V28/><F119/><W18/><G78/><T59/><D120/><U123/><E123/><V60/><F127/><W112/><G112/><T57/><D117/><U111/><E1/><V0/><F7/><W34/><G34/><T126/><D3/><U37/><E130/><N who="0" m="49673" /><D75/><U16/><E93/><V56/><F0/><W50/><G45/><T25/><D126/><U89/><E63/><V14/><F14/><W39/><G39/><T133/><D25/><U116/><E70/><V94/><F77/><W4/><G99/><T30/><D30/><U53/><E53/><V5/><F5/><W6/><G6/><T109/><D133/><N who="1" m="50699" /><E116/><V76/><F60/><N who="3" m="40391" /><G9/><AGARI ba="0,0" hai="9,13,16,37,40,44,80,87,89,110,111" m="50699" machi="9" ten="30,2900,0" yaku="20,1,54,1" doraHai="46" who="1" fromWho="3" sc="105,0,314,29,388,0,193,-29" /><INIT seed="5,1,0,4,0,16" ten="105,343,388,164" oya="1" hai0="113,50,132,49,86,52,69,60,36,117,24,105,74" hai1="90,112,129,39,10,51,7,8,120,48,101,102,56" hai2="66,106,27,34,26,130,75,71,124,83,59,97,94" hai3="76,128,41,84,11,93,0,38,4,108,20,96,125"/><U12/><E39/><V42/><F124/><W88/><G108/><T18/><D105/><U15/><E120/><V68/><F130/><W114/><G128/><T44/><D74/><U92/><E129/><V79/><F106/><W121/><G121/><T104/><D104/><U95/><E112/><V131/><F131/><W37/><G125/><T91/><D113/><U43/><E43/><V6/><F6/><W13/><G114/><T116/><D36/><U64/><E64/><V3/><F3/><W118/><G118/><T62/><D132/><U1/><E1/><V21/><F42/><W81/><REACH who="3" step="1"/><G41/><REACH who="3" ten="105,343,388,154" step="2"/><N who="0" m="24719" /><D117/><U22/><E7/><V103/><F34/><W73/><G73/><T126/><D126/><U40/><E40/><V46/><F46/><W70/><G70/><T14/><D69/><U78/><E56/><V77/><F68/><W23/><G23/><N who="0" m="11735" /><D116/><U19/><E22/><V28/><F71/><W65/><G65/><T115/><D115/><U17/><E78/><V110/><F110/><W82/><G82/><N who="0" m="49623" /><D24/><U33/><E33/><V89/><F77/><W53/><G53/><T134/><D134/><U100/><E100/><V87/><F75/><W54/><G54/><T111/><D111/><U119/><E119/><V122/><F122/><W25/><G25/><T107/><D107/><U45/><E45/><AGARI ba="1,1" hai="45,50,52,60,62" m="49623,11735,24719" machi="45" ten="30,3900,0" yaku="8,1,52,1,54,1" doraHai="16" who="0" fromWho="1" sc="105,52,343,-42,388,0,154,0" /><INIT seed="6,0,0,1,5,101" ten="157,301,388,154" oya="2" hai0="33,30,73,76,129,8,53,118,16,31,112,52,21" hai1="64,108,4,87,34,37,5,7,98,10,89,41,2" hai2="50,122,119,99,54,126,82,51,79,32,100,3,23" hai3="105,125,127,102,90,1,18,70,96,58,109,39,26"/><V97/><F119/><W44/><G109/><T19/><D118/><U106/><E108/><V114/><F122/><W57/><G70/><T68/><D68/><U66/><E34/><V121/><F121/><W135/><G1/><T91/><D33/><U94/><E5/><V35/><F3/><W15/><G26/><T74/><D129/><U117/><E117/><V49/><F114/><W77/><G77/><T134/><D112/><U27/><E27/><V120/><F120/><W124/><G135/><T43/><D43/><U46/><REACH who="1" step="1"/><E4/><REACH who="1" ten="157,291,388,154" step="2"/><V84/><F32/><W80/><G39/><T88/><D134/><U40/><E40/><V6/><F6/><W60/><G60/><T38/><D38/><U116/><E116/><V103/><F35/><W63/><G63/><T56/><D31/><U9/><E9/><V17/><F23/><N who="3" m="11743" /><G44/><T123/><D21/><U25/><E25/><V83/><F17/><W65/><G65/><T14/><D123/><U28/><E28/><V24/><F24/><W67/><G67/><T42/><D42/><U81/><E81/><V75/><F54/><W133/><G133/><T62/><D30/><U86/><E86/><AGARI ba="0,1" hai="57,58,80,86,90,96,102,105,124,125,127" m="11743" machi="86" ten="30,2000,0" yaku="18,1,52,1" doraHai="101" who="3" fromWho="1" sc="157,0,291,-20,388,0,154,30" /><INIT seed="7,0,0,2,3,75" ten="157,271,388,184" oya="3" hai0="82,28,128,54,118,43,52,5,109,61,66,83,80" hai1="20,69,89,133,102,130,110,95,74,12,57,50,101" hai2="135,9,87,92,86,126,111,26,33,38,68,13,112" hai3="132,122,107,0,79,56,76,58,7,17,98,127,39"/><W129/><G39/><T2/><D118/><U31/><E69/><V65/><F111/><W41/><G122/><T119/><D119/><U94/><E110/><V114/><F38/><W124/><G41/><T120/><D109/><U70/><E70/><V106/><F106/><W53/><G132/><T91/><D120/><U108/><E108/><V27/><F126/><N who="3" m="48171" /><G129/><T100/><D100/><U47/><E74/><V62/><F135/><W121/><G121/><T29/><D128/><U36/><E36/><V84/><F92/><W55/><G17/><T44/><D91/><U48/><E89/><V96/><F96/><W3/><G98/><T8/><D29/><U123/><E31/><V115/><F33/><W46/><G46/><T22/><D22/><U42/><E20/><V113/><F114/><W35/><G35/><T25/><D25/><U34/><E34/><V15/><F15/><W93/><G93/><T30/><D30/><U117/><E12/><V23/><F23/><W81/><G107/><T37/><REACH who="0" step="1"/><D28/><REACH who="0" ten="147,271,388,184" step="2"/><U78/><E123/><V11/><F11/><N who="3" m="2535" /><G81/><T134/><D134/><U63/><E133/><V105/><F105/><W10/><G10/><T45/><D45/><U14/><E47/><V18/><AGARI ba="0,1" hai="9,13,18,26,27,62,65,68,84,86,87,112,113,115" machi="18" ten="40,2700,0" yaku="0,1,15,1" doraHai="75" who="2" fromWho="2" sc="147,-7,271,-7,388,37,184,-13" owari="140,-36.0,264,6.0,425,53.0,171,-23.0" /></mjloggm>