<mjloggm ver="2.3"><GO type="169" lobby="0"/><UN n0="%EF%BC%A0%E6%A3%AE" n1="%E3%83%88%E3%82%B7%E3%83%95%E3%83%BC%E3%83%8B" n2="%E3%81%AD%E3%81%98%E3%81%BE%E3%81%8D%E9%B3%A5%E2%88%AE" n3="%EF%BC%88%E2%89%A7%E2%96%BD%E2%89%A6%EF%BC%89" dan="16,16,16,18" rate="2075.68,2037.18,2044.42,2182.37" sx="F,M,M,M"/><TAIKYOKU oya="0"/><INIT seed="0,0,0,0,0,34" ten="250,250,250,250" oya="0" hai0="76,119,1,30,131,35,98,130,100,108,115,62,91" hai1="78,114,87,102,16,17,3,11,85,77,44,96,27" hai2="133,73,113,125,103,15,55,60,94,63,14,120,24" hai3="101,86,45,40,105,25,59,111,48,4,2,23,75"/><T29/><D119/><U18/><E114/><V135/><F113/><W74/><G111/><T56/><D115/><U93/><E44/><V107/><F73/><W82/><G101/><T112/><D112/><U47/><E47/><V43/><F43/><W61/><G105/><T83/><D108/><U12/><E3/><V117/><F107/><W22/><G4/><T32/><D91/><U57/><E57/><V104/><F104/><W0/><G75/><T38/><D38/><U31/><E31/><N who="0" m="11785" /><D1/><U33/><E33/><V126/><F120/><W90/><G74/><N who="0" m="43415" /><D98/><U19/><REACH who="1" step="1"/><E27/><REACH who="1" ten="250,240,250,250" step="2"/><V109/><F24/><W20/><REACH who="3" step="1"/><G25/><REACH who="3" ten="250,240,250,240" step="2"/><T122/><D122/><U132/><E132/><V134/><F109/><W79/><G79/><AGARI ba="0,2" hai="11,12,16,17,18,19,77,78,79,85,87,93,96,102" machi="79" ten="40,8000,1" yaku="1,1,8,1,54,1,53,2" doraHai="34" doraHaiUra="80" who="1" fromWho="3" sc="250,0,240,100,250,0,240,-80" /><INIT seed="1,0,0,5,2,99" ten="250,340,250,160" oya="1" hai0="120,59,81,135,121,26,108,2,5,75,89,124,4" hai1="7,36,88,123,112,63,41,67,106,126,109,46,82" hai2="23,40,44,85,34,58,51,65,60,111,49,72,62" hai3="8,39,134,105,27,57,122,18,1,28,20,3,45"/><U107/><E123/><N who="0" m="47177" /><D108/><U73/><E112/><V10/><F34/><W113/><G122/><T12/><D135/><U17/><E109/><V15/><F72/><W117/><G113/><T16/><D124/><U103/><E126/><V11/><F111/><W33/><G105/><T21/><D59/><U0/><E17/><V14/><F23/><W71/><G71/><T86/><D75/><U37/><E37/><V61/><F51/><W70/><G70/><T101/><D101/><U92/><E7/><N who="0" m="2633" /><D2/><U22/><E22/><V35/><F35/><W118/><G134/><T94/><D81/><U102/><E0/><N who="3" m="74" /><G57/><T78/><D78/><U127/><E127/><V24/><F24/><AGARI ba="0,0" hai="12,16,21,24,26,86,89,94" m="2633,47177" machi="24" ten="30,2000,0" yaku="13,1,54,1" doraHai="99" who="0" fromWho="2" sc="250,20,340,0,250,-20,160,0" /><INIT seed="2,0,0,0,5,60" ten="270,340,230,160" oya="2" hai0="122,46,61,63,127,112,6,80,42,131,62,94,15" hai1="125,55,71,8,93,9,66,24,29,39,5,23,52" hai2="67,36,58,16,111,98,31,11,104,12,33,22,4" hai3="110,37,116,126,87,124,83,25,54,44,89,20,45"/><V99/><F36/><W118/><G110/><T2/><D112/><U81/><E39/><V69/><F69/><W120/><G120/><T70/><D122/><U135/><E125/><N who="3" m="48234" /><G54/><T30/><D127/><U50/><E135/><V0/><F111/><W97/><G97/><T133/><D131/><U74/><E93/><V117/><F117/><N who="3" m="45163" /><G37/><T88/><D2/><U96/><E96/><V10/><F10/><W78/><G78/><T72/><D133/><U113/><E113/><V109/><F109/><W1/><G1/><T19/><D6/><U21/><E55/><V41/><F41/><W3/><G3/><T73/><D30/><AGARI ba="0,0" hai="20,25,30,44,45,83,87,89" m="45163,48234" machi="30" ten="30,1000,0" yaku="18,1" doraHai="60" who="3" fromWho="0" sc="270,-10,340,0,230,0,160,10" /><INIT seed="3,0,0,1,3,122" ten="260,340,230,170" oya="3" hai0="51,128,81,78,121,117,97,54,32,7,38,41,70" hai1="52,8,62,127,25,29,47,87,86,45,65,44,0" hai2="132,69,101,79,63,107,57,9,40,71,92,15,21" hai3="119,115,61,64,27,68,100,33,103,89,96,124,110"/><W1/><G119/><T114/><D121/><U95/><E127/><V112/><F112/><W82/><G115/><T77/><D117/><U34/><E95/><V28/><F107/><N who="3" m="63879" /><G103/><T46/><D32/><U135/><E135/><V12/><F132/><W72/><G124/><T26/><D70/><U58/><E65/><V31/><F40/><W35/><G89/><T49/><D114/><U2/><E2/><V83/><F15/><W30/><G1/><T23/><D7/><U17/><E0/><V80/><F80/><W116/><G116/><T106/><D128/><U36/><E36/><V74/><F31/><W3/><G3/><T56/><D81/><U133/><E133/><V11/><F11/><W111/><G35/><T118/><D118/><U50/><E62/><V102/><F102/><W14/><G14/><T48/><D106/><U43/><E43/><V67/><F101/><W22/><G22/><T66/><D97/><U13/><AGARI ba="0,0" hai="8,13,17,25,29,34,44,45,47,50,52,58,86,87" machi="13" ten="30,2000,0" yaku="0,1,54,1" doraHai="122" who="1" fromWho="1" sc="260,-5,340,20,230,-5,170,-10" /><INIT seed="4,0,0,5,5,26" ten="255,360,225,160" oya="0" hai0="109,86,46,58,125,63,69,36,29,122,97,118,134" hai1="10,71,32,77,40,15,104,101,61,126,123,95,112" hai2="133,90,19,35,70,93,128,50,18,59,94,75,7" hai3="3,132,57,5,64,13,30,28,24,51,60,81,49"/><T80/><D122/><U23/><E123/><V37/><F37/><W120/><G120/><T96/><D118/><U100/><E32/><V39/><F70/><W16/><G132/><T2/><D69/><U127/><E104/><V20/><F39/><W56/><G3/><T107/><D134/><U103/><E77/><V66/><F75/><W8/><G81/><T74/><D74/><U11/><E40/><V117/><F35/><W121/><G121/><T91/><D2/><U114/><E95/><V124/><F7/><W110/><G110/><T14/><D125/><N who="1" m="47627" /><E23/><V130/><F124/><W72/><G72/><T21/><D107/><U1/><E1/><V85/><F117/><W41/><G41/><T33/><D36/><U99/><E99/><V68/><F68/><W67/><G67/><T83/><D46/><U89/><E89/><V76/><F76/><W43/><G43/><T42/><D42/><U27/><E27/><V45/><F133/><W52/><G51/><T116/><D109/><U98/><E98/><N who="0" m="37993" /><D33/><U119/><E119/><V105/><F105/><W4/><G30/><T65/><D116/><U108/><E108/><V0/><F0/><W82/><G82/><N who="0" m="49623" /><D14/><U38/><E38/><V113/><F130/><W48/><G49/><T102/><D102/><U54/><E15/><V53/><F50/><W22/><AGARI ba="0,0" hai="4,5,8,13,16,22,24,28,48,52,56,57,60,64" machi="22" ten="20,12000,2" yaku="0,1,7,1,8,1,52,1,54,2" doraHai="26" who="3" fromWho="3" sc="255,-60,360,-30,225,-30,160,120" /><INIT seed="5,0,0,4,4,54" ten="195,330,195,280" oya="1" hai0="108,117,112,94,39,20,123,19,119,44,90,89,109" hai1="82,27,130,93,62,2,84,113,66,0,36,74,59" hai2="69,77,42,9,4,41,1,14,70,87,71,13,31" hai3="18,64,68,34,100,99,115,30,114,25,50,49,127"/><U46/><E113/><N who="3" m="43018" /><G18/><T5/><D112/><U107/><E130/><V3/><F31/><W22/><G22/><T101/><D123/><U91/><E107/><V76/><F87/><W21/><G21/><T52/><D5/><U92/><E27/><V133/><F133/><W38/><G38/><T72/><D72/><U88/><E92/><V81/><F81/><W134/><G127/><T58/><D101/><U51/><E36/><V102/><F102/><W17/><G17/><T73/><D73/><U126/><E126/><V103/><F103/><W6/><G6/><T132/><D132/><U43/><E74/><V95/><F95/><N who="3" m="58495" /><G134/><T83/><D83/><U63/><E63/><AGARI ba="0,0" hai="25,30,34,49,50,63,64,68" m="58495,43018" machi="63" ten="30,1000,0" yaku="15,1" doraHai="54" who="3" fromWho="1" sc="195,0,330,-10,195,0,280,10" /><INIT seed="6,0,0,4,4,94" ten="195,320,195,290" oya="2" hai0="72,57,84,38,2,117,43,25,51,96,87,129,15" hai1="108,80,63,36,34,99,62,71,121,76,65,29,119" hai2="109,12,7,78,30,101,40,112,125,50,105,69,11" hai3="107,31,52,0,83,60,61,133,45,122,14,126,64"/><V79/><F69/><W33/><G0/><T93/><D2/><U9/><E108/><V47/><F109/><W82/><G107/><T21/><D72/><U86/><E119/><V39/><F112/><W73/><G122/><T19/><D129/><U59/><E121/><V41/><F125/><W77/><G126/><T98/><D117/><U18/><E36/><V27/><F40/><W5/><G133/><T8/><D38/><U104/><E18/><V130/><F130/><W128/><G128/><T58/><D57/><U102/><E9/><V95/><F105/><W110/><G83/><T68/><D68/><U22/><E22/><N who="2" m="15735" /><F39/><W90/><G90/><N who="0" m="53471" /><D84/><U20/><E20/><V91/><F101/><W89/><G89/><T46/><D58/><U23/><E23/><V116/><F116/><W135/><G135/><T49/><D49/><U134/><E134/><V24/><F24/><W124/><G124/><T114/><D114/><U54/><REACH who="1" step="1"/><E29/><AGARI ba="0,0" hai="8,15,19,21,25,29,43,46,51,96,98" m="53471" machi="29" ten="30,3900,0" yaku="8,1,52,2" doraHai="94" who="0" fromWho="1" sc="195,39,320,-39,195,0,290,0" /><INIT seed="7,0,0,0,4,134" ten="234,281,195,290" oya="3" hai0="123,40,132,23,87,124,128,26,56,126,41,81,11" hai1="111,109,46,43,16,72,48,118,25,130,135,20,91" hai2="78,44,7,13,28,22,51,55,12,86,18,94,74" hai3="57,4,38,49,129,127,9,93,71,103,3,105,10"/><W0/><G105/><T19/><D123/><U121/><E121/><V67/><F74/><W33/><G33/><T100/><D132/><U2/><E135/><V65/><F28/><W6/><G71/><T82/><D128/><U122/><E122/><V120/><F120/><W107/><G129/><T104/><D11/><U88/><E130/><V92/><F92/><W53/><G38/><T54/><D100/><U76/><E2/><V73/><F73/><W27/><G127/><N who="0" m="48683" /><D104/><U119/><E76/><V36/><F36/><W97/><G107/><T114/><D114/><U106/><E72/><V64/><F7/><W115/><G27/><T70/><D70/><U29/><E29/><V101/><F101/><W84/><G84/><T131/><D131/><U116/><E106/><V117/><F117/><W1/><REACH who="3" step="1"/><G115/><REACH who="3" ten="234,281,195,280" step="2"/><T80/><D87/><U110/><AGARI ba="0,1" hai="16,20,25,43,46,48,88,91,109,110,111,116,118,119" machi="110" ten="40,8000,1" yaku="0,1,12,1,54,2" doraHai="134" who="1" fromWho="1" sc="234,-20,281,90,195,-20,280,-40" owari="214,-19.0,371,47.0,175,-32.0,240,4.0" /></mjloggm>