<mjloggm ver="2.3"><GO type="225"/><UN n0="%EF%BC%88%E2%89%A7%E2%96%BD%E2%89%A6%EF%BC%89" n1="%4D%49%40%34%32%38" n2="%E5%90%84%E5%8B%99%E6%9C%88%E5%B7%B3" n3="%E6%B5%81%E5%A4%AA" dan="16,16,16,16" rate="2070,2084,2114,2069" sx="M,M,F,M"/><TAIKYOKU oya="0"/><INIT seed="0,0,0,5,0,90" ten="250,250,250,250" oya="0" hai0="82,67,77,41,84,25,3,110,98,124,66,104,44" hai1="89,47,9,122,24,68,135,30,100,61,10,101,96" hai2="108,126,121,87,72,60,81,132,70,42,117,123,106" hai3="20,93,83,29,46,112,85,54,107,103,73,125,45"/><T38/><D3/><U118/><E118/><V50/><F72/><W43/><G112/><T64/><D124/><U16/><E122/><N who="2" m="46603" /><F106/><W97/><G125/><T75/><D110/><U37/><E135/><V105/><F105/><W51/><G73/><T120/><D120/><U56/><E68/><V76/><F126/><W59/><G107/><T79/><D25/><U15/><E10/><V133/><F81/><W34/><G34/><T69/><D75/><U48/><E37/><V91/><F76/><W111/><G111/><T35/><D35/><U12/><E12/><V114/><F87/><W86/><G86/><T18/><D18/><U131/><E131/><V102/><F102/><W22/><G29/><T78/><REACH who="0" step="1"/><D69/><REACH who="0" ten="240,250,250,250" step="2"/><U119/><E24/><V49/><F108/><W17/><G17/><T1/><D1/><U129/><E30/><V13/><F114/><W4/><G4/><T32/><D32/><U74/><E74/><V6/><F6/><W52/><G45/><T113/><D113/><U36/><E119/><V109/><F117/><W7/><G7/><T115/><D115/><U8/><E129/><V80/><F109/><W116/><G116/><T33/><D33/><U92/><E36/><V40/><F13/><W127/><G127/><T99/><D99/><U27/><E27/><V2/><F2/><W65/><G46/><T5/><D5/><U19/><E19/><V88/><F132/><W39/><G39/><T71/><D71/><U28/><E28/><V0/><F0/><W63/><G97/><T57/><D57/><U58/><E58/><V21/><F133/><RYUUKYOKU ba="0,1" sc="240,30,250,-10,250,-10,250,-10" hai0="38,41,44,64,66,67,77,78,79,82,84,98,104" /><INIT seed="0,1,1,0,1,89" ten="270,240,240,240" oya="0" hai0="108,62,95,94,21,12,0,74,102,7,76,56,79" hai1="55,127,47,38,70,31,28,14,68,120,69,134,34" hai2="112,104,45,13,92,36,109,121,116,99,85,67,57" hai3="9,101,126,124,41,86,33,2,73,110,49,113,71"/><T51/><D0/><U130/><E120/><V82/><F104/><W29/><G113/><T80/><D108/><U87/><E127/><N who="3" m="48682" /><G73/><T5/><D102/><U19/><E130/><V100/><F109/><W17/><G71/><T133/><D133/><U10/><E134/><V105/><F105/><W107/><G110/><T93/><D51/><U98/><E34/><V40/><F121/><W96/><G33/><T63/><D63/><U48/><E38/><V106/><F106/><W59/><G29/><T119/><D119/><U91/><REACH who="1" step="1"/><E98/><REACH who="1" ten="270,230,240,240" step="2"/><V32/><F32/><W46/><G96/><T97/><D97/><U103/><E103/><V64/><F116/><W16/><G101/><T30/><D76/><U117/><E117/><V90/><F112/><W65/><G107/><T84/><D74/><U15/><E15/><V54/><F13/><W60/><G2/><T6/><D12/><U128/><E128/><V129/><F129/><W125/><G125/><T123/><D123/><U27/><E27/><V122/><F122/><W26/><G26/><N who="0" m="16719" /><D6/><U42/><E42/><V75/><F75/><W20/><G86/><T66/><AGARI ba="1,2" hai="5,7,56,62,66,79,80,84,93,94,95" m="16719" machi="66" ten="30,11700,0" yaku="8,1,52,3" doraHai="89" who="0" fromWho="0" sc="270,140,230,-40,240,-40,240,-40" /><INIT seed="0,2,0,4,4,58" ten="410,190,200,200" oya="0" hai0="32,43,52,53,103,22,35,37,46,28,78,125,10" hai1="110,123,116,4,50,16,124,25,93,31,21,56,54" hai2="134,71,30,18,17,5,73,121,135,96,77,114,85" hai3="39,49,11,20,23,65,115,109,92,26,2,62,119"/><T38/><D38/><U44/><E116/><V108/><F121/><W9/><G39/><T48/><D125/><U102/><E123/><V72/><F114/><W131/><G115/><T33/><D78/><U19/><E124/><V15/><F71/><W29/><G119/><T111/><D111/><U40/><E110/><V45/><F108/><W41/><G109/><T118/><D118/><U117/><E4/><V80/><F30/><W79/><G79/><T133/><D133/><N who="2" m="50698" /><F45/><W13/><G2/><T42/><D103/><U128/><E128/><V34/><F34/><W84/><G131/><T0/><D42/><U91/><E102/><V64/><F64/><W82/><G92/><T24/><REACH who="0" step="1"/><D37/><REACH who="0" ten="400,190,200,200" step="2"/><U90/><E117/><V97/><F72/><W105/><G41/><T36/><D36/><U81/><E90/><V1/><F73/><W68/><G105/><T89/><D89/><U75/><E75/><V112/><F112/><W60/><G60/><T101/><D101/><U126/><E126/><V104/><F104/><W127/><G127/><T120/><D120/><U57/><E81/><V47/><F80/><W95/><G82/><T12/><D12/><U130/><E130/><V107/><F15/><W86/><G13/><T100/><D100/><U94/><E94/><V98/><F107/><W106/><G106/><T88/><D88/><U61/><E57/><V66/><F77/><W70/><G95/><T76/><D76/><U74/><E74/><V6/><F1/><W122/><G122/><T83/><D83/><U113/><E113/><V59/><F59/><W7/><G70/><RYUUKYOKU ba="2,1" sc="400,15,190,15,200,-15,200,-15" hai0="0,10,22,24,28,32,33,35,43,46,48,52,53" hai1="16,19,21,25,31,40,44,50,54,56,61,91,93" /><INIT seed="0,3,1,5,5,112" ten="415,205,185,185" oya="0" hai0="27,44,25,66,50,85,94,41,129,84,91,105,103" hai1="38,59,74,21,108,133,60,47,14,58,55,83,107" hai2="80,101,9,125,95,61,29,20,18,31,75,65,32" hai3="88,34,53,12,82,86,56,81,102,126,30,93,0"/><T120/><D120/><U63/><E107/><V16/><F125/><W51/><G0/><T70/><D129/><U87/><E74/><V111/><F111/><W10/><G126/><T124/><D124/><U3/><E3/><V15/><F75/><W109/><G109/><T96/><D70/><U72/><E72/><V128/><F128/><W127/><G127/><T49/><D66/><U22/><E108/><V71/><F32/><W19/><G102/><T40/><D85/><U8/><E133/><V37/><F37/><W77/><REACH who="3" step="1"/><G77/><REACH who="3" ten="415,205,185,175" step="2"/><T33/><D103/><U119/><E119/><V90/><F101/><W113/><G113/><T73/><D91/><N who="1" m="51711" /><E38/><V68/><F68/><W78/><G78/><T98/><D105/><U28/><E28/><V117/><F117/><W116/><G116/><T7/><D73/><U6/><E47/><V131/><F29/><W54/><G54/><AGARI ba="3,2" hai="6,8,14,21,22,54,55,58,59,60,63" m="51711" machi="54" ten="30,1000,0" yaku="8,1" doraHai="112" who="1" fromWho="3" sc="415,0,205,39,185,0,175,-19" /><INIT seed="1,0,0,4,5,33" ten="415,244,185,156" oya="1" hai0="8,133,109,96,30,25,62,67,54,129,27,45,48" hai1="72,59,28,76,4,115,75,15,47,56,34,74,39" hai2="100,81,86,10,111,108,68,95,64,65,31,134,0" hai3="101,99,17,1,9,127,3,46,84,85,103,120,22"/><U24/><E115/><V53/><F134/><W58/><G120/><T122/><D122/><U13/><E76/><N who="2" m="46375" /><F31/><W130/><G46/><T61/><D129/><U128/><E128/><V93/><F53/><W102/><G130/><T89/><D133/><U91/><E91/><V106/><F65/><W26/><G99/><T114/><D114/><U73/><N who="1" m="18432" /><DORA hai="11" /><U52/><E4/><V23/><F23/><W38/><G38/><T107/><D107/><U113/><E113/><V126/><F64/><W104/><G104/><T66/><D8/><U70/><E70/><V112/><F68/><W37/><G37/><T14/><D67/><U57/><REACH who="1" step="1"/><E52/><REACH who="1" ten="415,234,185,156" step="2"/><V49/><F112/><W79/><G79/><T43/><D54/><U92/><E92/><V119/><F95/><W88/><G88/><T51/><D89/><U131/><E131/><V121/><F93/><W110/><G103/><T116/><D66/><U63/><E63/><V12/><F121/><W87/><G102/><T7/><D62/><U5/><E5/><N who="2" m="1319" /><F119/><W40/><G101/><T98/><D61/><U42/><AGARI ba="0,1" hai="13,15,24,28,34,39,42,47,56,57,59" m="18432" machi="42" ten="60,12000,1" yaku="1,1,0,1,52,2,53,1" doraHai="33,11" doraHaiUra="118,36" who="1" fromWho="1" sc="415,-40,234,130,185,-40,156,-40" /><INIT seed="1,1,0,4,0,102" ten="375,364,145,116" oya="1" hai0="88,116,56,93,12,49,132,127,82,131,95,11,122" hai1="69,9,17,22,37,27,3,23,25,58,4,41,60" hai2="117,68,46,108,24,81,34,124,14,36,79,0,94" hai3="130,75,64,111,61,1,66,90,126,98,18,31,55"/><U70/><E41/><V100/><F117/><W67/><G75/><T109/><D116/><U121/><E37/><V134/><F0/><W10/><G31/><T29/><D122/><U40/><E40/><V99/><F124/><W89/><G126/><T110/><D127/><U45/><E45/><V85/><F108/><N who="0" m="41578" /><D132/><U13/><E121/><V112/><F134/><W48/><G111/><T72/><D131/><U128/><E128/><V105/><F112/><W119/><G130/><T16/><D29/><U39/><E39/><V38/><F68/><W118/><G61/><T101/><D101/><U6/><E6/><V120/><F120/><W5/><G18/><T123/><D123/><U35/><E35/><V133/><F133/><W57/><G90/><T28/><D28/><U50/><E50/><V84/><F46/><W76/><G76/><N who="0" m="44295" /><D88/><U103/><E103/><V129/><F129/><W87/><REACH who="3" step="1"/><G98/><REACH who="3" ten="375,364,145,106" step="2"/><T20/><D20/><U106/><E23/><V62/><F62/><W71/><G71/><T114/><D114/><U33/><E69/><V125/><F125/><W86/><G86/><T15/><D16/><U26/><E70/><V91/><REACH who="2" step="1"/><F14/><REACH who="2" ten="375,364,135,106" step="2"/><W78/><G78/><T32/><D15/><U2/><E13/><V80/><F80/><AGARI ba="1,2" hai="1,5,10,48,55,57,64,66,67,80,87,89,118,119" machi="80" ten="40,1300,0" yaku="1,1,53,0" doraHai="102" doraHaiUra="30" who="3" fromWho="2" sc="375,0,364,0,135,-16,106,36" /><INIT seed="2,0,0,0,0,90" ten="375,364,119,142" oya="2" hai0="7,80,111,104,105,133,44,62,56,84,103,109,71" hai1="20,91,69,43,47,41,125,131,81,9,126,135,96" hai2="0,37,11,100,83,36,63,64,2,87,6,85,129" hai3="122,124,128,8,50,58,4,46,110,24,97,59,108"/><V17/><F129/><W57/><G122/><T77/><D133/><U3/><E69/><V21/><F100/><W55/><G128/><T66/><D7/><N who="1" m="1279" /><E135/><V75/><F2/><W70/><G70/><T34/><D34/><U92/><E131/><V116/><F116/><W130/><G130/><T60/><D44/><U51/><E20/><V12/><F75/><W14/><G124/><N who="1" m="47722" /><E81/><V1/><F1/><W39/><G24/><T27/><D27/><U68/><E68/><V26/><F26/><W86/><G86/><T40/><D40/><AGARI ba="0,0" hai="40,41,43,47,51,91,92,96" m="47722,1279" machi="40" ten="30,2000,0" yaku="18,1,52,1" doraHai="90" who="1" fromWho="0" sc="375,-20,364,20,119,0,142,0" /><INIT seed="3,0,0,3,4,95" ten="355,384,119,142" oya="3" hai0="109,18,14,117,34,58,24,31,134,87,82,96,27" hai1="118,32,42,125,112,48,43,116,53,23,51,40,120" hai2="106,10,29,52,132,66,50,56,135,111,83,28,101" hai3="1,114,54,57,74,72,119,25,126,12,46,99,133"/><W61/><G119/><N who="1" m="45610" /><E32/><V122/><F122/><W128/><G114/><T131/><D117/><U16/><E120/><V30/><F111/><W20/><G1/><T9/><D134/><N who="2" m="51242" /><F83/><W47/><G133/><T11/><D131/><U115/><E125/><V26/><F10/><W59/><G128/><T110/><D27/><N who="1" m="14823" /><E51/><V13/><F13/><W90/><G126/><T89/><D9/><U97/><E97/><N who="2" m="61743" /><F66/><W49/><G12/><T103/><REACH who="0" step="1"/><D58/><AGARI ba="0,0" hai="40,42,43,48,53,58,112,115" m="14823,45610" machi="58" ten="30,2000,0" yaku="12,1,54,1" doraHai="95" who="1" fromWho="0" sc="355,-20,384,20,119,0,142,0" owari="335,14.0,404,50.0,119,-38.0,142,-26.0" /></mjloggm>