<mjloggm ver="2.3"><GO type="169"/><UN n0="%E3%81%94%E3%81%98%E3%82%83%E3%82%8B" n1="%49%47%41" n2="%E5%AF%BE%E5%AD%90%E3%81%AE%E7%8E%8B%E6%A7%98" n3="%EF%BC%88%E2%89%A7%E2%96%BD%E2%89%A6%EF%BC%89" dan="16,16,17,18" rate="2136,2113,2124,2190" sx="M,M,M,M"/><TAIKYOKU oya="0"/><INIT seed="0,0,0,3,3,6" ten="250,250,250,250" oya="0" hai0="117,56,63,100,80,112,122,66,116,40,27,5,46" hai1="64,121,0,102,49,101,106,79,36,17,97,105,32" hai2="75,113,21,31,132,1,86,20,94,59,45,39,4" hai3="111,9,130,81,92,60,127,13,84,24,48,61,82"/><T74/><D112/><U11/><E36/><V47/><F113/><W57/><G130/><T96/><D122/><U73/><E32/><V8/><F132/><W2/><G2/><T98/><D98/><U10/><E121/><V77/><F45/><W44/><G127/><T58/><D58/><U69/><E0/><V134/><F134/><W108/><G24/><T51/><D5/><U12/><E49/><V124/><F124/><W33/><G33/><T34/><D74/><U62/><E79/><V88/><F31/><W67/><G61/><T65/><D65/><U53/><E53/><V123/><F59/><W119/><G119/><T25/><D80/><U26/><E26/><V38/><F38/><W23/><G23/><T109/><D109/><N who="3" m="42057" /><G92/><T3/><D3/><U42/><E73/><V18/><F18/><N who="3" m="8495" /><G84/><T50/><D50/><U71/><E71/><V85/><F85/><W99/><G99/><T131/><D131/><U90/><E42/><AGARI ba="0,0" hai="42,44,48,57,60,67,81,82" m="8495,42057" machi="42" ten="30,2000,0" yaku="14,1,52,1" doraHai="6" who="3" fromWho="1" sc="250,0,250,-20,250,0,250,20" /><INIT seed="1,0,0,3,0,88" ten="250,230,250,270" oya="1" hai0="109,63,92,83,29,28,46,96,24,34,123,84,1" hai1="115,90,7,99,111,98,57,26,134,11,5,20,72" hai2="130,13,104,21,9,55,36,47,50,126,122,87,135" hai3="75,62,107,42,119,10,8,86,58,70,38,53,35"/><U76/><E115/><V89/><F122/><W39/><G75/><T0/><D123/><U121/><E121/><V133/><F104/><W52/><G107/><T6/><D109/><U44/><E134/><V100/><F100/><W2/><G35/><T117/><D117/><U112/><E112/><V71/><F71/><W120/><G120/><T108/><D108/><U31/><E111/><V56/><F130/><W32/><G32/><T79/><D29/><U64/><E44/><V17/><F126/><W16/><G119/><T131/><D131/><U18/><E76/><V103/><F103/><W97/><G97/><T124/><D124/><U33/><E72/><V91/><F9/><W66/><G2/><T105/><D105/><U94/><E99/><V15/><F15/><N who="3" m="7271" /><G10/><T128/><D128/><U65/><E57/><V110/><F110/><W113/><G113/><T102/><D6/><U81/><E81/><V61/><F36/><W4/><G4/><T14/><D14/><N who="1" m="9303" /><E5/><V127/><F127/><W106/><G106/><T25/><D25/><U3/><AGARI ba="0,0" hai="3,7,11,26,31,33,64,65,90,94,98" m="9303" machi="3" ten="30,3000,0" yaku="24,1,52,1" doraHai="88" who="1" fromWho="1" sc="250,-10,230,30,250,-10,270,-10" /><INIT seed="1,1,0,1,4,47" ten="240,260,240,260" oya="1" hai0="16,95,68,108,84,128,96,56,133,111,60,124,63" hai1="67,73,49,5,19,126,101,52,134,112,66,44,22" hai2="121,113,53,27,3,10,85,31,23,109,115,80,55" hai3="9,104,90,25,131,45,50,86,7,0,8,135,71"/><U107/><E73/><V100/><F121/><W120/><G71/><T37/><D37/><U79/><E79/><V34/><F109/><N who="0" m="42058" /><D133/><U118/><E112/><N who="2" m="43083" /><F100/><W105/><G135/><T12/><D128/><U82/><E82/><V54/><F3/><W132/><G132/><T76/><D68/><U72/><E72/><V69/><F69/><W102/><G102/><N who="0" m="60703" /><D124/><U122/><E122/><V38/><F38/><W1/><G131/><T78/><D84/><U88/><E118/><V33/><F10/><W64/><G120/><T92/><D92/><U58/><E5/><V94/><F94/><W15/><G0/><T77/><D56/><U61/><E134/><V4/><F4/><W6/><G25/><T43/><D43/><N who="1" m="24735" /><E101/><V46/><F46/><W103/><G103/><T98/><D98/><U83/><E107/><V20/><F34/><W35/><G35/><T36/><D36/><U70/><E70/><V18/><F18/><W21/><G21/><AGARI ba="1,0" hai="12,16,21,60,63,76,77,78" m="60703,42058" machi="21" ten="30,2000,0" yaku="14,1,54,1" doraHai="47" who="0" fromWho="3" sc="240,23,260,0,240,0,260,-23" /><INIT seed="2,0,0,3,4,130" ten="263,260,240,237" oya="2" hai0="90,38,46,93,99,68,63,127,52,80,125,24,17" hai1="41,60,126,19,109,134,97,9,48,42,55,25,35" hai2="22,115,98,110,81,121,49,120,112,131,118,54,53" hai3="40,113,101,72,135,51,95,7,56,104,44,86,2"/><V47/><F81/><W71/><G71/><T8/><D80/><U78/><E109/><V33/><F33/><W107/><G72/><T27/><D68/><U91/><E78/><V88/><F22/><W45/><G113/><N who="2" m="43593" /><F98/><W73/><G73/><T6/><D38/><U64/><E35/><V1/><F1/><W76/><G2/><T102/><D102/><U26/><E126/><N who="0" m="48137" /><D17/><U13/><E134/><V31/><F31/><W133/><G7/><T117/><D117/><U69/><E91/><V70/><F88/><N who="3" m="53655" /><G76/><T14/><D63/><U28/><E97/><V82/><F82/><W50/><G56/><T66/><D66/><U89/><E89/><V116/><F70/><W83/><G83/><T0/><D0/><U4/><E28/><V32/><F32/><W21/><G21/><T124/><D124/><U20/><E26/><V123/><F131/><W59/><G101/><T30/><D30/><U106/><E106/><V39/><F39/><W57/><G104/><T23/><D23/><U65/><E25/><V16/><F16/><W12/><G107/><T10/><D8/><U77/><E20/><V92/><F92/><W114/><G114/><T29/><D29/><U105/><E105/><V85/><F85/><W75/><G12/><T129/><D129/><U79/><E69/><V11/><F11/><W18/><G18/><T67/><D67/><N who="1" m="25675" /><E19/><V15/><F15/><W100/><G75/><T132/><D27/><U128/><E128/><V96/><F96/><W36/><G100/><T43/><D24/><U119/><E79/><V103/><F103/><W62/><G36/><RYUUKYOKU ba="0,0" sc="263,0,260,0,240,0,237,0" /><INIT seed="3,1,0,2,4,33" ten="263,260,240,237" oya="3" hai0="94,49,81,90,60,86,99,110,66,117,6,128,93" hai1="115,132,7,104,42,9,100,52,80,43,88,0,127" hai2="91,14,77,19,96,101,70,15,27,103,47,22,118" hai3="58,79,76,123,3,29,41,85,55,8,20,35,4"/><W32/><G123/><T131/><D49/><U61/><E115/><V39/><F118/><W48/><G41/><T73/><D117/><U11/><E132/><V84/><F70/><W65/><G65/><T124/><D6/><U129/><E129/><N who="0" m="49737" /><D110/><U21/><E127/><V134/><F134/><W126/><G126/><T135/><D124/><U17/><E11/><V122/><F122/><W64/><G64/><T13/><D13/><U45/><E100/><V44/><F77/><W74/><G74/><T18/><D18/><U82/><E104/><V75/><F75/><W24/><REACH who="3" step="1"/><G76/><REACH who="3" ten="263,260,240,227" step="2"/><T37/><D135/><U83/><E42/><V38/><F38/><W30/><G30/><T50/><D73/><U121/><E121/><V40/><F96/><W59/><G59/><T25/><D99/><U78/><E78/><V56/><F56/><W106/><G106/><T53/><D37/><U16/><E43/><V51/><F39/><W10/><G10/><T87/><D87/><N who="1" m="50279" /><E45/><V57/><F44/><W2/><G2/><T68/><D86/><U54/><E0/><V95/><F57/><W12/><G12/><AGARI ba="1,1" hai="12,14,15,19,22,27,40,47,51,84,91,95,101,103" machi="12" ten="40,1300,0" yaku="8,1" doraHai="33" who="2" fromWho="3" sc="263,0,260,0,240,26,227,-16" /><INIT seed="4,0,0,0,1,105" ten="263,260,266,211" oya="0" hai0="73,3,36,43,133,46,69,121,135,65,47,17,98" hai1="89,33,99,24,75,1,19,127,45,124,42,116,130" hai2="83,68,59,63,20,76,125,126,15,27,67,16,110" hai3="5,77,57,134,66,131,55,25,129,41,100,6,92"/><T8/><D121/><U113/><E116/><V4/><F110/><W52/><G25/><T49/><D98/><U132/><E1/><V119/><F119/><W93/><G77/><T79/><D65/><U21/><E33/><V60/><F4/><N who="3" m="1643" /><G41/><T64/><D3/><U23/><E130/><N who="3" m="49674" /><G134/><N who="0" m="51211" /><D64/><U2/><E2/><V91/><F91/><W111/><G111/><T109/><D69/><U56/><E132/><V37/><F37/><W61/><G100/><T114/><D109/><U13/><E75/><V97/><F97/><W95/><AGARI ba="0,0" hai="52,55,57,61,66,92,93,95" m="49674,1643" machi="95" ten="40,2700,0" yaku="19,1,54,1" doraHai="105" who="3" fromWho="3" sc="263,-13,260,-7,266,-7,211,27" /><INIT seed="5,0,0,2,3,102" ten="250,253,259,238" oya="1" hai0="51,128,46,67,107,89,111,78,36,61,17,93,60" hai1="103,132,21,106,81,87,22,127,105,70,131,96,12" hai2="98,23,76,113,117,49,35,123,73,71,125,8,31" hai3="16,6,68,77,94,44,5,63,28,108,72,41,135"/><U27/><E70/><V62/><F117/><W3/><G108/><T56/><D111/><U82/><E127/><V39/><F123/><W13/><G135/><T95/><D128/><U48/><E132/><V75/><F39/><W104/><G28/><T110/><D110/><U65/><E131/><V69/><F23/><W14/><G3/><T42/><D78/><U99/><E65/><V33/><F49/><N who="3" m="26767" /><G104/><T32/><D32/><U1/><E1/><V83/><F125/><W92/><G72/><T109/><D109/><U79/><E48/><V45/><F45/><W4/><G68/><T112/><D112/><U54/><E54/><V58/><F113/><W18/><G77/><T130/><D130/><U88/><E12/><N who="3" m="4714" /><G63/><T15/><D107/><U85/><E27/><V43/><F43/><W0/><G0/><T29/><D29/><U10/><E10/><V90/><F75/><W118/><G118/><T114/><D114/><U20/><REACH who="1" step="1"/><E99/><REACH who="1" ten="250,243,259,238" step="2"/><V40/><F71/><W120/><G120/><T115/><D115/><U116/><E116/><V84/><F69/><W100/><G100/><T97/><D61/><U38/><E38/><V86/><F8/><W133/><G133/><T134/><D134/><U11/><E11/><V129/><F129/><W80/><G18/><T7/><D36/><U34/><E34/><N who="2" m="12811" /><F31/><W124/><G124/><T52/><D67/><U59/><E59/><V2/><F2/><W66/><G66/><T25/><D17/><U53/><E53/><N who="2" m="34127" /><F40/><W26/><G16/><T47/><D42/><U119/><E119/><V50/><F50/><W122/><G122/><RYUUKYOKU ba="0,1" sc="250,-15,243,15,259,15,238,-15" hai1="20,21,22,79,81,82,85,87,88,96,103,105,106" hai2="73,76,83,84,86,90,98" /><INIT seed="5,1,1,5,1,72" ten="235,258,274,223" oya="1" hai0="53,41,88,55,0,12,33,45,6,69,28,84,66" hai1="95,97,101,21,132,70,113,1,68,50,83,16,42" hai2="75,81,133,27,123,49,2,108,65,14,82,99,35" hai3="29,47,40,9,79,131,46,3,92,61,106,10,73"/><U74/><E1/><V59/><F123/><W112/><G106/><T4/><D0/><U96/><E113/><V118/><F118/><W87/><G112/><T15/><D69/><U86/><E74/><V90/><F108/><W56/><G131/><T126/><D66/><U7/><E7/><N who="0" m="2601" /><D28/><U64/><E64/><V22/><F35/><W5/><G29/><T25/><D25/><U117/><E117/><V134/><F2/><W13/><G73/><T51/><D33/><U135/><E96/><V128/><F14/><N who="0" m="5162" /><D126/><U48/><E70/><V110/><F110/><W58/><G3/><T44/><D45/><N who="3" m="16905" /><G10/><T89/><D89/><U18/><E68/><V26/><F128/><W24/><G24/><T8/><D8/><U116/><E116/><V11/><F11/><W23/><G23/><T60/><D60/><U80/><E21/><V122/><F122/><W62/><G62/><T114/><D114/><U115/><E115/><V71/><F71/><W120/><G120/><T67/><D67/><U36/><E36/><V19/><F27/><W93/><G61/><T39/><D39/><U125/><E125/><V78/><F65/><W43/><G56/><T119/><D119/><U107/><E107/><V52/><REACH who="2" step="1"/><F99/><REACH who="2" ten="235,258,264,223" step="2"/><W124/><G124/><T17/><D17/><U32/><E32/><V85/><AGARI ba="1,2" hai="19,22,26,49,52,59,75,78,81,82,85,90,133,134" machi="85" ten="30,12000,2" yaku="1,1,2,1,0,1,52,1,54,1,53,1" doraHai="72" doraHaiUra="20" who="2" fromWho="2" sc="235,-31,258,-61,264,143,223,-31" /><INIT seed="6,0,0,1,2,99" ten="204,197,407,192" oya="2" hai0="24,135,31,57,131,114,66,117,37,15,65,39,63" hai1="52,26,1,107,103,104,6,61,33,116,46,119,68" hai2="74,22,18,34,121,123,9,122,53,82,32,0,101" hai3="98,43,5,130,19,115,118,50,93,8,84,30,127"/><V125/><F74/><W51/><G118/><T38/><D117/><U133/><E133/><V59/><F82/><W111/><G111/><T124/><D135/><U40/><E119/><V62/><F125/><W80/><G127/><T17/><D124/><U36/><E116/><V47/><F47/><N who="3" m="25983" /><G130/><T88/><D131/><U97/><E107/><V45/><F45/><W55/><G30/><T54/><D114/><U27/><E27/><V70/><F70/><W106/><G106/><T42/><D42/><U76/><E76/><V132/><F132/><W64/><G64/><T20/><REACH who="0" step="1"/><D88/><REACH who="0" ten="194,197,407,192" step="2"/><U81/><E40/><V102/><F123/><W87/><G115/><T23/><AGARI ba="0,1" hai="15,17,20,23,24,31,37,38,39,54,57,63,65,66" machi="23" ten="30,4000,0" yaku="1,1,2,1,0,1,53,0" doraHai="99" doraHaiUra="41" who="0" fromWho="0" sc="194,50,197,-10,407,-20,192,-10" /><INIT seed="7,0,0,4,0,10" ten="244,187,387,182" oya="3" hai0="44,100,73,17,92,113,33,80,74,11,43,18,110" hai1="35,134,95,128,46,70,68,36,83,77,119,20,111" hai2="126,79,65,31,23,87,37,129,120,28,94,108,59" hai3="3,81,64,2,42,55,118,75,61,9,84,4,117"/><W124/><G124/><T40/><D33/><U7/><E7/><V30/><F108/><W38/><G2/><T90/><D110/><U50/><E95/><V22/><F37/><W121/><G121/><T93/><D100/><U8/><E8/><V98/><F129/><W69/><G55/><T54/><D54/><U125/><E20/><V16/><F126/><W72/><G84/><T89/><D11/><U14/><E14/><N who="2" m="9495" /><F120/><W21/><G21/><T102/><D102/><U71/><E83/><N who="2" m="47615" /><F23/><W32/><G32/><T76/><D80/><U116/><E111/><V13/><F13/><W91/><G91/><T34/><D34/><U82/><E36/><V1/><F1/><W109/><G109/><T45/><D76/><U41/><E77/><V5/><F5/><W107/><G107/><T49/><D74/><N who="3" m="28201" /><G81/><T97/><D73/><U96/><E82/><V88/><F65/><W12/><G12/><T78/><D78/><U29/><E35/><V86/><F59/><W47/><AGARI ba="0,0" hai="3,4,9,38,42,47,61,64,69,117,118" m="28201" machi="47" ten="30,1500,0" yaku="23,1" doraHai="10" who="3" fromWho="3" sc="244,-5,187,-5,387,-5,182,15" /><INIT seed="7,1,0,4,0,118" ten="239,182,382,197" oya="3" hai0="66,96,26,92,38,88,6,24,113,65,126,76,108" hai1="64,27,55,124,130,9,104,77,42,32,62,40,73" hai2="41,52,13,7,99,107,39,115,10,90,30,20,125" hai3="29,54,25,21,11,67,49,15,3,134,33,91,4"/><W97/><G134/><T28/><D108/><U1/><E104/><V133/><F133/><W78/><G78/><T114/><D38/><U131/><E124/><V103/><F125/><W109/><G109/><T2/><D126/><U69/><E55/><V122/><F115/><N who="0" m="44042" /><D76/><U48/><E48/><V80/><F52/><W93/><G67/><N who="0" m="25611" /><D28/><N who="1" m="19487" /><E77/><V17/><F30/><W50/><G54/><T116/><D116/><U74/><E9/><AGARI ba="1,0" hai="2,6,9,24,26,88,92,96" m="25611,44042" machi="9" ten="30,3900,0" yaku="15,1,11,1,54,1" doraHai="118" who="0" fromWho="1" sc="239,42,182,-42,382,0,197,0" owari="281,8.0,140,-36.0,382,48.0,197,-20.0" /></mjloggm>