<mjloggm ver="2.3"><GO type="41"/><UN n0="%73%68%61%6F" n1="%E3%83%81%E3%83%A7%E3%82%BD%E3%83%9C%E3%83%BC%E3%82%A4" n2="%E3%82%A6%E3%83%AB%E3%83%88%E3%83%A9%E7%AB%8B%E7%9B%B4" n3="%E3%83%9C%E3%83%96%73%69%6C%76%69%61" dan="14,14,14,13" rate="1868,1849,1937,1968" sx="M,M,M,M"/><TAIKYOKU oya="0"/><INIT seed="0,0,0,3,5,27" ten="250,250,250,250" oya="0" hai0="103,129,115,60,116,68,52,56,12,22,35,135,90" hai1="37,63,89,77,93,73,41,25,10,45,100,38,118" hai2="4,107,66,50,102,120,21,54,108,15,1,106,79" hai3="127,33,104,36,28,9,14,122,98,91,117,43,18"/><T95/><D115/><U101/><E118/><V16/><F120/><W3/><G117/><T47/><D116/><U49/><E38/><V55/><F108/><W85/><G122/><T94/><D35/><U19/><E37/><V11/><F66/><W5/><G127/><T65/><D129/><U105/><E105/><V13/><F79/><W30/><G36/><T58/><D135/><U99/><E63/><V83/><F83/><W23/><G43/><T82/><D82/><U97/><E73/><V128/><F128/><W8/><G8/><T6/><D103/><U69/><E69/><V76/><F76/><W96/><G33/><T134/><D95/><U40/><E41/><V20/><F102/><W119/><G119/><T126/><D134/><U71/><E71/><V7/><F54/><W67/><G67/><T109/><D109/><U0/><E77/><V92/><F92/><W26/><G3/><T86/><D126/><U130/><E130/><V111/><F111/><W32/><G32/><T62/><D47/><U59/><E99/><N who="3" m="37930" /><G104/><T110/><D110/><U29/><E59/><V46/><F7/><W42/><G42/><T17/><D6/><U72/><E72/><V24/><REACH who="2" step="1"/><F1/><REACH who="2" ten="250,250,240,250" step="2"/><W34/><G34/><T133/><REACH who="0" step="1"/><D133/><REACH who="0" ten="240,250,240,250" step="2"/><U123/><E123/><V84/><F84/><W124/><G124/><T113/><D113/><U64/><E101/><V74/><F74/><W81/><AGARI ba="0,2" hai="5,9,14,18,23,26,28,30,81,85,91" m="37930" machi="81" ten="30,4000,0" yaku="8,1,52,2" doraHai="27" who="3" fromWho="3" sc="240,-20,250,-10,240,-10,250,60" /><INIT seed="1,0,0,5,2,48" ten="220,240,230,310" oya="1" hai0="127,3,98,11,119,85,76,51,45,68,57,106,122" hai1="16,60,47,89,21,4,134,30,72,52,26,5,105" hai2="84,112,120,99,94,125,64,32,129,17,18,100,135" hai3="124,62,63,78,93,113,109,37,67,80,19,24,83"/><U36/><E72/><V101/><F120/><W31/><G113/><T66/><D68/><U58/><E105/><V103/><F32/><W56/><G37/><T118/><D122/><U59/><E134/><V43/><F135/><W55/><G124/><T54/><D127/><U50/><E36/><V87/><F125/><W20/><G109/><T40/><D66/><U115/><E115/><V22/><F112/><W14/><G78/><T117/><D106/><U38/><E38/><V44/><F64/><W95/><G93/><T107/><D107/><U25/><E89/><V41/><F129/><W9/><REACH who="3" step="1"/><G95/><REACH who="3" ten="220,240,230,300" step="2"/><T33/><D76/><U35/><REACH who="1" step="1"/><E59/><AGARI ba="0,1" hai="9,14,19,20,24,31,55,56,59,62,63,67,80,83" machi="59" ten="30,8000,1" yaku="1,1,2,1,7,1,8,1,52,1,53,0" doraHai="48" doraHaiUra="81" who="3" fromWho="1" sc="220,0,240,-80,230,0,300,90" /><INIT seed="2,0,0,3,1,115" ten="220,160,230,390" oya="2" hai0="17,120,68,34,28,21,20,133,89,88,46,111,85" hai1="1,10,135,31,109,12,43,39,36,70,72,55,112" hai2="119,77,124,57,33,45,44,14,73,79,101,83,6" hai3="16,128,50,127,113,56,97,90,134,22,4,105,25"/><V52/><F119/><W131/><G127/><T51/><D120/><U99/><E112/><V114/><F114/><W62/><G113/><T23/><D68/><U76/><E109/><V61/><F124/><W116/><G4/><T41/><D111/><U80/><E135/><V117/><F33/><W95/><G134/><T63/><D133/><U106/><E70/><V129/><F129/><W98/><G116/><T66/><D34/><U49/><E31/><V42/><F117/><W96/><G50/><T126/><D89/><U60/><E60/><V19/><F6/><W74/><G74/><T5/><D5/><U67/><E67/><V30/><F30/><W122/><G122/><T59/><D28/><U86/><E1/><V3/><F3/><W110/><G110/><T69/><D69/><U13/><E13/><V35/><F35/><W7/><G7/><T26/><REACH who="0" step="1"/><D126/><REACH who="0" ten="210,160,230,390" step="2"/><U82/><E82/><AGARI ba="0,1" hai="17,20,21,23,26,41,46,51,59,63,66,82,85,88" machi="82" ten="30,8000,1" yaku="1,1,2,1,7,1,8,1,54,1,53,0" doraHai="115" doraHaiUra="11" who="0" fromWho="1" sc="210,90,160,-80,230,0,390,0" /><INIT seed="3,0,0,4,1,84" ten="300,80,230,390" oya="3" hai0="37,33,64,129,77,80,88,100,73,66,128,116,79" hai1="62,86,7,70,94,59,47,112,58,3,76,126,35" hai2="25,118,50,74,0,95,32,16,65,48,27,60,22" hai3="30,104,54,36,132,28,55,134,81,75,82,90,17"/><W51/><G36/><T105/><D37/><U39/><E112/><V44/><F74/><W103/><G54/><T21/><D33/><U92/><E35/><V56/><F0/><W87/><G17/><T1/><D1/><U42/><E126/><V5/><F5/><W106/><G75/><T52/><D116/><U93/><E3/><V102/><F118/><W8/><G8/><T71/><D79/><U85/><E7/><V9/><F9/><W45/><G82/><T57/><D100/><U99/><E70/><V29/><F102/><W109/><G109/><T107/><D21/><U67/><E59/><V115/><F115/><W10/><G10/><T114/><D71/><U40/><E40/><V124/><F124/><W133/><REACH who="3" step="1"/><G103/><REACH who="3" ten="300,80,230,380" step="2"/><T69/><D114/><U127/><E127/><V120/><F120/><W41/><G41/><T110/><D110/><U15/><E15/><V131/><F44/><W68/><G68/><T101/><D101/><U111/><E111/><V96/><F50/><W122/><G122/><T89/><D69/><U31/><E31/><AGARI ba="0,1" hai="28,30,31,45,51,55,81,87,90,104,106,132,133,134" machi="31" ten="40,7700,0" yaku="1,1,20,1,52,1,53,0" doraHai="84" doraHaiUra="72" who="3" fromWho="1" sc="300,0,80,-77,230,0,380,87" /><INIT seed="3,1,0,5,3,105" ten="300,3,230,467" oya="3" hai0="115,124,109,37,121,76,88,61,19,23,50,18,55" hai1="85,58,5,101,0,57,98,123,44,3,75,29,84" hai2="43,27,103,80,16,119,74,36,4,91,113,96,62" hai3="97,112,25,132,72,60,12,107,41,65,30,11,116"/><W31/><G116/><T52/><D121/><U110/><E123/><V104/><F119/><W32/><G112/><T64/><D37/><U99/><E5/><V53/><F113/><W95/><G41/><T34/><D34/><U79/><E29/><V24/><F4/><W71/><G31/><T83/><D115/><U93/><E44/><V28/><F43/><W86/><G132/><T38/><D38/><U35/><E35/><V51/><F36/><W48/><G48/><T130/><D109/><U133/><E133/><V128/><F62/><W120/><G120/><T45/><D124/><U67/><E67/><V10/><F128/><W1/><G86/><T81/><D130/><U92/><E110/><V94/><F28/><W131/><G95/><T9/><D55/><U40/><E40/><V21/><F10/><W70/><G131/><T82/><D9/><U2/><E2/><V13/><F80/><W39/><G39/><T135/><D88/><U126/><E126/><V100/><F74/><W17/><G72/><T49/><D49/><U122/><E122/><V68/><F68/><N who="3" m="42023" /><G1/><T118/><D118/><U59/><E59/><V106/><F106/><W47/><G47/><T8/><D8/><U134/><E134/><V22/><F104/><W56/><G56/><N who="0" m="36903" /><D19/><U20/><E20/><V114/><F114/><W7/><G17/><T90/><D135/><U127/><E127/><V78/><F78/><W125/><G125/><T33/><D33/><U69/><E69/><V66/><F66/><W54/><G54/><T117/><D117/><U46/><E46/><N who="2" m="27895" /><F22/><W63/><G63/><RYUUKYOKU ba="1,0" sc="300,-15,3,-15,230,15,467,15" hai2="13,16,21,24,27,91,94,96,100,103" hai3="7,11,12,25,30,32,70,71,97,107" owari="285,9.0,-12,-51.0,245,-15.0,482,57.0" /></mjloggm>