<mjloggm ver="2.3"><GO type="169"/><UN n0="%EF%BC%A0%E9%B7%B2%E5%B7%A3%E9%BA%BB%E9%9B%80" n1="%EF%BC%88%E2%89%A7%E2%96%BD%E2%89%A6%EF%BC%89" n2="%4D%49%40%34%32%38" n3="%E9%B7%B9%E3%82%88%E3%82%8A%EF%BC%A0%EF%BC%B3%EF%BC%A2" dan="16,18,16,16" rate="2068,2142,2092,2140" sx="M,M,M,M"/><TAIKYOKU oya="0"/><INIT seed="0,0,0,3,4,67" ten="250,250,250,250" oya="0" hai0="135,47,79,116,87,73,71,30,98,123,133,117,125" hai1="122,80,1,45,27,90,29,24,103,55,86,46,115" hai2="124,9,42,21,129,109,48,83,65,36,93,84,37" hai3="66,51,16,31,113,95,3,0,25,81,121,134,50"/><T112/><D123/><U92/><E122/><V76/><F109/><W6/><G113/><T74/><D112/><U70/><E1/><V75/><F129/><W40/><G134/><N who="0" m="51211" /><D30/><U77/><E115/><V99/><F124/><W4/><G31/><T52/><D125/><U85/><E70/><V63/><F75/><N who="0" m="28682" /><D71/><U57/><E103/><V61/><F21/><W62/><G3/><T22/><D22/><N who="1" m="15511" /><E27/><V72/><F72/><W34/><G0/><T5/><D5/><U18/><E18/><V38/><F9/><W49/><G16/><T7/><D7/><U2/><E2/><V127/><F127/><W44/><G4/><T96/><D47/><U26/><E26/><V15/><F15/><W89/><G6/><T101/><D52/><U13/><E13/><V108/><F108/><W10/><G25/><T14/><D14/><U60/><AGARI ba="0,0" hai="45,46,55,57,60,77,80,85,86,90,92" m="15511" machi="60" ten="30,1100,0" yaku="8,1" doraHai="67" who="1" fromWho="1" sc="250,-5,250,11,250,-3,250,-3" /><INIT seed="1,0,0,3,5,74" ten="245,261,247,247" oya="1" hai0="97,43,31,47,13,108,40,71,128,85,3,68,98" hai1="114,89,8,52,1,120,57,11,124,83,76,107,42" hai2="56,39,48,94,59,130,32,50,126,100,19,121,10" hai3="81,84,12,2,73,134,29,36,103,129,21,104,62"/><U38/><E120/><V72/><F121/><W4/><G2/><T116/><D116/><U20/><E107/><V91/><F39/><W96/><G36/><T54/><D3/><U112/><E124/><V132/><F32/><W105/><G73/><T18/><D108/><U64/><E64/><V82/><F126/><W51/><G134/><T101/><D128/><U118/><E118/><V133/><F130/><W23/><G129/><T125/><D125/><U60/><E89/><V0/><F100/><W14/><G105/><T106/><D31/><U123/><E123/><V46/><F50/><W102/><G102/><T122/><D54/><U78/><E1/><V92/><F92/><W90/><G51/><T69/><D122/><U5/><E20/><V111/><F111/><W86/><G62/><T135/><D135/><U27/><E27/><V75/><F132/><W45/><G45/><T70/><N who="0" m="17920" /><DORA hai="66" /><T93/><D85/><U17/><E112/><V119/><F75/><W131/><G131/><T67/><D47/><U80/><E114/><V61/><F61/><W115/><G23/><T7/><D67/><U37/><E42/><V44/><F44/><W95/><G4/><T53/><D53/><U113/><E113/><V16/><F0/><W77/><REACH who="3" step="1"/><G115/><REACH who="3" ten="245,261,247,237" step="2"/><T88/><REACH who="0" step="1"/><D7/><REACH who="0" ten="235,261,247,237" step="2"/><U26/><E5/><V15/><F119/><W24/><AGARI ba="0,2" hai="12,14,21,24,29,77,81,84,86,90,95,96,103,104" machi="24" ten="30,8000,1" yaku="1,1,2,1,0,1,52,1,53,1" doraHai="74,66" doraHaiUra="87,6" who="3" fromWho="3" sc="235,-20,261,-40,247,-20,237,100" /><INIT seed="2,0,0,5,1,2" ten="215,221,227,337" oya="2" hai0="115,53,30,80,108,17,3,124,41,15,6,33,7" hai1="102,10,72,60,38,122,70,100,18,103,42,36,111" hai2="128,104,19,84,99,86,93,119,69,4,98,54,52" hai3="116,117,97,73,68,129,46,88,92,31,121,59,78"/><V24/><F119/><W89/><G68/><T44/><D115/><U25/><E72/><V29/><F69/><W91/><G121/><T83/><D108/><U82/><E122/><V132/><F132/><W48/><G31/><T37/><D124/><U11/><E111/><V1/><F104/><W79/><G59/><T126/><D126/><U113/><E113/><V123/><F123/><W76/><G129/><T35/><D3/><U34/><E82/><V133/><F133/><W106/><G46/><T62/><D83/><U90/><E90/><N who="3" m="34922" /><G48/><T55/><D80/><U13/><E42/><V110/><F110/><W50/><G50/><T47/><D47/><U61/><E70/><V87/><F128/><W49/><G49/><T57/><D53/><U112/><E112/><V130/><F130/><W94/><G106/><T66/><D55/><N who="2" m="21034" /><F1/><W5/><G5/><T131/><D131/><U0/><E38/><V101/><F98/><N who="3" m="57631" /><G73/><T95/><D35/><U9/><E36/><V43/><F43/><W96/><G96/><T120/><D120/><U67/><E0/><V12/><F29/><W16/><G16/><T74/><D74/><U45/><E45/><V23/><F24/><W21/><G21/><T8/><REACH who="0" step="1"/><D95/><REACH who="0" ten="205,221,227,337" step="2"/><U32/><E32/><V28/><F28/><W65/><G65/><T51/><D51/><U75/><E75/><V14/><F87/><W109/><G109/><T77/><D77/><U118/><E67/><V39/><F39/><W58/><G117/><T107/><D107/><U127/><E118/><V56/><F56/><W22/><G116/><T71/><D71/><RYUUKYOKU ba="0,1" sc="205,15,221,-15,227,15,337,-15" hai0="6,7,8,15,17,30,33,37,41,44,57,62,66" hai2="4,12,14,19,23,84,86,93,99,101" /><INIT seed="2,1,1,3,2,65" ten="220,206,242,322" oya="2" hai0="70,116,89,4,40,118,38,119,15,82,121,6,129" hai1="12,42,57,128,97,83,86,95,101,45,32,62,44" hai2="5,60,84,33,74,76,41,18,49,1,126,88,135" hai3="22,131,48,31,53,9,91,0,127,75,50,102,54"/><V117/><F117/><W56/><G75/><T103/><D121/><U3/><E128/><V109/><F33/><W80/><G127/><T105/><D129/><U61/><E3/><V112/><F112/><W59/><G131/><T21/><D70/><U99/><E32/><V78/><F126/><W55/><G102/><T58/><D58/><N who="3" m="22057" /><G0/><T113/><D113/><U93/><E12/><V23/><F74/><W87/><G9/><T67/><D67/><U7/><E7/><V26/><F60/><W73/><G73/><T37/><D105/><U122/><E122/><V77/><F135/><W130/><G130/><T94/><D103/><N who="1" m="60847" /><E42/><V27/><F1/><W132/><G132/><T92/><D40/><U25/><E25/><AGARI ba="1,1" hai="22,25,31,48,50,53,54,55,80,87,91" m="22057" machi="25" ten="30,1000,0" yaku="8,1" doraHai="65" who="3" fromWho="1" sc="220,0,206,-13,242,0,322,23" /><INIT seed="3,0,0,1,3,46" ten="220,193,242,345" oya="3" hai0="92,131,47,93,124,76,108,59,135,36,123,120,86" hai1="110,35,127,84,96,30,38,11,69,117,102,104,0" hai2="58,12,129,55,106,66,23,3,89,19,25,21,134" hai3="37,41,51,85,2,68,29,42,97,26,13,10,33"/><W73/><G73/><T77/><D108/><U16/><E110/><V1/><F106/><W40/><G68/><T17/><D135/><U81/><E117/><V125/><F134/><W6/><G97/><T7/><D131/><U111/><E111/><V32/><F32/><W88/><G37/><T61/><D124/><U130/><E127/><V70/><F125/><W31/><G2/><T60/><D7/><U74/><E130/><V24/><F129/><W105/><G105/><T4/><D4/><N who="1" m="1415" /><E84/><V114/><F114/><W54/><G29/><T67/><D17/><U101/><E16/><V98/><F70/><W56/><REACH who="3" step="1"/><G42/><REACH who="3" ten="220,193,242,335" step="2"/><T100/><D123/><U78/><E69/><V94/><F3/><W80/><AGARI ba="0,1" hai="6,10,13,26,31,33,40,41,51,54,56,80,85,88" machi="80" ten="20,18000,2" yaku="1,1,2,1,0,1,7,1,52,1,54,1,53,0" doraHai="46" doraHaiUra="72" who="3" fromWho="3" sc="220,-60,193,-60,242,-60,335,190" /><INIT seed="3,1,0,4,1,91" ten="160,133,182,525" oya="3" hai0="129,24,131,122,69,7,110,85,112,65,13,26,61" hai1="101,134,71,57,108,115,70,92,15,128,73,90,109" hai2="98,93,50,106,124,94,45,4,111,80,88,116,82" hai3="87,105,1,23,68,97,125,100,133,72,35,56,2"/><W20/><G35/><T113/><D122/><U39/><E115/><N who="0" m="44105" /><D110/><N who="1" m="42603" /><E134/><V54/><F106/><W47/><G68/><N who="1" m="26154" /><E128/><N who="0" m="49225" /><D85/><N who="1" m="52303" /><E39/><V8/><F116/><W41/><G72/><T19/><D7/><U79/><E15/><N who="2" m="5511" /><F111/><W99/><G133/><T95/><D95/><U11/><E11/><AGARI ba="1,0" hai="11,13,19,24,26,61,65,69" m="49225,44105" machi="11" ten="30,2000,0" yaku="11,1,19,1" doraHai="91" who="0" fromWho="1" sc="160,23,133,-23,182,0,525,0" /><INIT seed="4,0,0,2,4,113" ten="183,110,182,525" oya="0" hai0="119,84,29,19,127,67,92,90,130,108,124,55,86" hai1="15,48,53,33,22,66,107,18,111,45,117,131,1" hai2="41,134,35,69,5,65,59,37,122,95,44,102,0" hai3="21,38,32,10,103,78,125,79,63,7,80,97,14"/><T94/><D130/><U129/><E111/><V74/><F122/><W4/><G32/><T99/><D108/><U56/><E33/><V68/><F74/><W9/><G38/><T16/><D67/><U46/><E1/><V96/><F35/><W133/><G125/><N who="0" m="48203" /><D29/><U123/><E123/><V101/><F134/><W98/><G133/><T83/><D55/><U57/><E107/><V73/><F73/><W87/><G78/><N who="0" m="46199" /><D119/><U89/><E117/><V77/><F77/><W93/><G98/><T71/><D71/><U26/><E131/><V60/><F101/><AGARI ba="0,0" hai="16,19,86,90,92,94,99,101" m="46199,48203" machi="101" ten="30,2900,0" yaku="18,1,54,1" doraHai="113" who="0" fromWho="2" sc="183,29,110,0,182,-29,525,0" /><INIT seed="4,1,0,5,2,17" ten="212,110,153,525" oya="0" hai0="51,23,87,62,15,76,90,21,24,91,133,42,45" hai1="9,14,46,70,124,47,103,37,126,116,39,44,111" hai2="7,10,60,79,83,81,129,88,125,109,85,118,12" hai3="34,128,127,54,11,77,121,53,132,107,67,106,38"/><T22/><D133/><U18/><E111/><V27/><F109/><W120/><G34/><T100/><D100/><U99/><E70/><V66/><F129/><W48/><G38/><T28/><D15/><U41/><E116/><V123/><F125/><W1/><G127/><T104/><D104/><U68/><E68/><V32/><F118/><W13/><G1/><T98/><D62/><U117/><E117/><V69/><F123/><N who="3" m="47179" /><G54/><T101/><D76/><U6/><E6/><V92/><F27/><W0/><G0/><T58/><D58/><U20/><E9/><V56/><F32/><W3/><G67/><T102/><D91/><U134/><E134/><V19/><F69/><W33/><G33/><T93/><REACH who="0" step="1"/><D102/><REACH who="0" ten="202,110,153,525" step="2"/><U112/><E112/><V2/><REACH who="2" step="1"/><F79/><REACH who="2" ten="202,110,143,525" step="2"/><W29/><G77/><T89/><D89/><U82/><E126/><V57/><F57/><W71/><G132/><T105/><AGARI ba="1,2" hai="21,22,23,24,28,42,45,51,87,90,93,98,101,105" machi="105" ten="20,18000,2" yaku="1,1,0,1,7,1,52,3,53,1" doraHai="17" doraHaiUra="36" who="0" fromWho="0" sc="202,203,110,-61,143,-61,525,-61" /><INIT seed="4,2,0,5,0,54" ten="405,49,82,464" oya="0" hai0="20,61,125,7,93,100,51,111,71,75,83,119,42" hai1="60,70,36,11,76,46,92,5,21,38,116,66,1" hai2="64,113,50,31,112,22,115,8,24,81,10,68,45" hai3="29,109,123,73,9,87,37,131,62,67,124,107,94"/><T127/><D119/><U39/><E116/><V43/><REACH who="2" step="1"/><F81/><REACH who="2" ten="405,49,72,464" step="2"/><W23/><G123/><T44/><D83/><U122/><E122/><V0/><F0/><W63/><G131/><T132/><D127/><U26/><E76/><V4/><F4/><W80/><G80/><T35/><D7/><U99/><E46/><V30/><F30/><W40/><G29/><T121/><D125/><U90/><REACH who="1" step="1"/><E38/><REACH who="1" ten="405,39,72,464" step="2"/><V118/><F118/><W102/><G37/><T34/><D44/><U58/><E58/><V49/><F49/><W25/><G124/><T3/><D51/><U56/><E56/><V41/><F41/><W88/><G40/><T52/><D42/><U59/><E59/><V16/><F16/><AGARI ba="2,2" hai="1,5,11,16,21,26,36,39,60,66,70,90,92,99" machi="16" ten="30,3900,0" yaku="1,1,7,1,54,1,53,0" doraHai="54" doraHaiUra="55" who="1" fromWho="2" sc="405,0,39,65,72,-45,464,0" /><INIT seed="5,0,0,2,0,48" ten="405,104,27,464" oya="1" hai0="107,89,50,67,126,62,5,79,24,2,129,114,92" hai1="26,25,135,134,99,56,17,115,90,33,98,60,93" hai2="132,85,3,46,108,31,72,18,88,8,130,61,84" hai3="39,4,113,70,49,36,118,121,97,58,7,128,15"/><U65/><E115/><V131/><F72/><W109/><G70/><T78/><D107/><U125/><E125/><V73/><F73/><W123/><G109/><T27/><D126/><U81/><E81/><V22/><F108/><W124/><G124/><T44/><D114/><U103/><E33/><V6/><F132/><N who="1" m="50729" /><E17/><V82/><F31/><W68/><G68/><T51/><D5/><U86/><E86/><V47/><F61/><W43/><G97/><T37/><D2/><U102/><E102/><V101/><F101/><W127/><G113/><T40/><D129/><N who="2" m="49162" /><F85/><W14/><G4/><T87/><D79/><U29/><E29/><V20/><F20/><W133/><G7/><T42/><D78/><U74/><E74/><V35/><F35/><W80/><G128/><T64/><D37/><U12/><E12/><AGARI ba="0,0" hai="3,6,8,12,18,22,46,47,82,84,88" m="49162" machi="12" ten="30,2000,0" yaku="19,1,54,1" doraHai="48" who="2" fromWho="1" sc="405,0,104,-20,27,20,464,0" /><INIT seed="6,0,0,1,1,95" ten="405,84,47,464" oya="2" hai0="5,42,70,121,74,39,1,19,57,20,65,76,114" hai1="88,30,82,112,73,67,68,48,17,37,47,109,101" hai2="106,36,130,127,113,64,59,71,12,83,126,7,10" hai3="6,96,72,21,11,46,131,81,135,44,9,16,116"/><V8/><F36/><W134/><G116/><T29/><D121/><U93/><E109/><V98/><F71/><W120/><G120/><T108/><D108/><U94/><E112/><V132/><F113/><W128/><G96/><T133/><D114/><U14/><E37/><V61/><F132/><N who="3" m="50731" /><G81/><T18/><D133/><U84/><E73/><V51/><F130/><N who="3" m="49707" /><G72/><T34/><D70/><U3/><E68/><V31/><F31/><W27/><G9/><T45/><D34/><U32/><E32/><V129/><F129/><W78/><G78/><T15/><D29/><U58/><E30/><V97/><F106/><W118/><G118/><T99/><D99/><N who="2" m="37898" /><F51/><W43/><G43/><T2/><D2/><AGARI ba="0,0" hai="2,6,11,16,21,27,44,46" m="49707,50731" machi="2" ten="30,3900,0" yaku="20,1,19,1,54,1" doraHai="95" who="3" fromWho="0" sc="405,-39,84,0,47,0,464,39" /><INIT seed="7,0,0,2,5,123" ten="366,84,47,503" oya="3" hai0="45,26,57,55,101,112,64,74,98,9,12,86,94" hai1="97,58,119,32,76,75,80,113,52,90,53,24,33" hai2="96,130,62,87,40,8,95,38,17,122,25,125,59" hai3="135,47,61,84,111,29,99,117,115,124,10,103,72"/><W23/><G99/><T85/><D74/><U102/><E119/><V70/><F122/><W83/><G84/><T11/><D112/><U108/><E113/><V105/><F70/><W27/><G61/><N who="0" m="37935" /><D26/><U1/><E1/><V35/><F130/><W65/><G29/><T129/><D129/><U131/><E131/><V0/><F125/><W118/><G23/><T67/><D67/><U16/><E33/><V120/><F120/><W110/><G27/><T78/><D78/><U42/><E42/><V82/><F105/><W81/><G65/><T51/><D9/><U127/><E127/><V104/><F104/><W63/><G10/><T4/><AGARI ba="0,0" hai="4,11,12,45,51,55,85,86,94,98,101" m="37935" machi="4" ten="30,1100,0" yaku="8,1" doraHai="123" who="0" fromWho="0" sc="366,11,84,-3,47,-3,503,-5" owari="377,18.0,81,-32.0,44,-46.0,498,60.0" /></mjloggm>