<mjloggm ver="2.3"><GO type="169"/><UN n0="%EF%BC%88%E2%89%A7%E2%96%BD%E2%89%A6%EF%BC%89" n1="%E3%81%9F%E3%81%AC%E3%81%95%E3%82%93" n2="%E3%81%A4%E3%81%AE%E3%81%A0%E2%98%86%E3%81%B2%E3%82%8D" n3="%E3%81%AA%E3%83%BC%E3%81%8B%E3%82%80" dan="16,16,17,16" rate="2104,2058,2170,2141" sx="M,M,F,M"/><TAIKYOKU oya="0"/><INIT seed="0,0,0,1,2,131" ten="250,250,250,250" oya="0" hai0="13,74,71,110,17,121,82,87,10,31,134,122,98" hai1="14,59,86,106,18,70,28,48,15,44,1,119,93" hai2="107,101,6,24,3,41,60,37,7,67,11,76,89" hai3="94,103,73,4,127,25,19,108,38,128,113,54,115"/><T39/><D39/><U80/><E119/><V56/><F89/><W92/><G73/><T96/><D74/><U61/><E1/><V77/><F7/><W109/><G4/><T102/><D71/><U112/><E106/><V117/><F117/><W16/><G38/><T65/><D65/><U72/><E70/><V99/><F41/><W132/><G54/><T5/><D31/><U85/><E28/><V120/><F37/><W36/><G36/><T129/><D129/><U130/><E130/><V21/><REACH who="2" step="1"/><F120/><REACH who="2" ten="250,250,240,250" step="2"/><W2/><G128/><T97/><D102/><U78/><E112/><V114/><F114/><W32/><G103/><T68/><D121/><U52/><E93/><V100/><F100/><W35/><G94/><T49/><D122/><U47/><E47/><V75/><F75/><W20/><G92/><T95/><D95/><U64/><REACH who="1" step="1"/><E15/><REACH who="1" ten="250,240,240,250" step="2"/><V125/><F125/><W0/><G127/><T126/><D13/><U116/><E116/><V58/><F58/><W105/><G105/><T51/><D68/><U50/><E50/><V63/><F63/><W81/><G115/><T111/><D126/><U55/><E55/><V104/><F104/><W34/><G113/><T69/><D69/><U84/><E84/><V53/><F53/><W135/><G81/><T124/><D124/><U79/><E79/><V66/><F66/><W33/><G0/><N who="0" m="295" /><D51/><U30/><E30/><AGARI ba="0,2" hai="3,6,11,21,24,30,56,60,67,76,77,99,101,107" machi="30" ten="30,2000,0" yaku="1,1,7,1,53,0" doraHai="131" doraHaiUra="12" who="2" fromWho="1" sc="250,0,240,-20,240,40,250,0" /><INIT seed="1,0,0,5,0,72" ten="250,220,280,250" oya="1" hai0="14,13,87,43,37,111,108,15,93,135,19,128,71" hai1="107,101,9,98,129,32,88,89,120,1,132,82,59" hai2="68,97,122,125,31,123,52,91,57,109,39,134,83" hai3="27,5,22,36,133,103,4,7,115,0,86,112,50"/><U60/><E120/><V33/><F39/><W84/><G36/><T78/><D71/><U99/><E32/><V77/><F109/><N who="0" m="42058" /><D128/><U73/><E129/><V124/><F68/><W18/><G103/><T65/><D65/><U45/><E45/><V40/><F40/><W105/><G105/><T119/><D119/><U74/><E9/><V12/><F12/><W66/><G66/><T24/><D135/><U21/><E1/><V55/><F134/><W41/><G133/><T90/><D78/><U96/><E21/><V11/><F11/><W114/><G0/><T94/><D24/><U79/><E59/><V130/><F130/><W17/><G17/><T46/><D93/><N who="1" m="56359" /><E60/><V127/><F33/><W92/><G92/><T62/><D62/><U56/><E132/><V63/><F31/><W44/><AGARI ba="0,0" hai="4,5,7,18,22,27,41,44,50,84,86,112,114,115" machi="44" ten="40,1500,0" yaku="0,1" doraHai="72" who="3" fromWho="3" sc="250,-4,220,-7,280,-4,250,15" /><INIT seed="2,0,0,5,0,34" ten="246,213,276,265" oya="2" hai0="131,54,85,123,82,70,45,61,46,95,116,7,135" hai1="114,14,127,11,50,5,47,80,96,119,23,111,27" hai2="121,30,1,98,97,94,84,9,73,124,57,78,125" hai3="87,108,106,25,60,99,69,126,22,10,36,20,107"/><V134/><F121/><W64/><G36/><T67/><D123/><U117/><E114/><V37/><F37/><W40/><G40/><T43/><D116/><U104/><E111/><V39/><F39/><W17/><G108/><T51/><D135/><U15/><E127/><N who="2" m="48715" /><F134/><W128/><G126/><T65/><D131/><U3/><E80/><N who="2" m="45135" /><F30/><W79/><G128/><T38/><D7/><U18/><E96/><V8/><F57/><W62/><G99/><N who="2" m="37897" /><F1/><W29/><G79/><T118/><D67/><U102/><E102/><V103/><F103/><W86/><G64/><T122/><D122/><U24/><E104/><V0/><F0/><W76/><G76/><T52/><D118/><U55/><E119/><V12/><F12/><W132/><G132/><T91/><REACH who="0" step="1"/><D54/><REACH who="0" ten="236,213,276,265" step="2"/><U71/><E117/><V100/><F100/><W49/><G107/><T26/><D26/><U120/><E120/><V68/><F68/><W133/><G69/><T115/><D115/><U93/><E71/><V105/><F105/><W83/><G133/><T2/><D2/><U129/><E129/><V32/><F32/><W92/><G106/><T72/><D72/><U33/><E33/><V75/><F75/><W74/><G25/><T112/><D112/><U113/><E113/><V81/><F94/><AGARI ba="0,1" hai="38,43,45,46,51,52,61,65,70,82,85,91,94,95" machi="94" ten="40,2600,0" yaku="1,1,54,1,53,0" doraHai="34" doraHaiUra="4" who="0" fromWho="2" sc="236,36,213,0,276,-26,265,0" /><INIT seed="3,0,0,5,2,103" ten="272,213,250,265" oya="3" hai0="30,22,126,108,74,6,106,123,134,25,96,98,99" hai1="80,113,40,114,44,94,11,3,2,81,36,132,79" hai2="23,17,56,61,54,39,71,90,46,58,83,122,43" hai3="118,97,89,26,73,21,104,41,125,72,60,63,121"/><W127/><G118/><T4/><D123/><U124/><E81/><V77/><F122/><W55/><G121/><T37/><D74/><U76/><E76/><V100/><F100/><W52/><G41/><T101/><D37/><U45/><E45/><V64/><F90/><W18/><G73/><T107/><D134/><U84/><E132/><V51/><F58/><W68/><G72/><T53/><D126/><N who="3" m="48137" /><G89/><T65/><D65/><U62/><E124/><V28/><F28/><W78/><G78/><T91/><D108/><U105/><E94/><V120/><F120/><W92/><G92/><T47/><D91/><U1/><E11/><V24/><F77/><W102/><G63/><T133/><D133/><U87/><E62/><V5/><F5/><W119/><G119/><T129/><D129/><U7/><E7/><V75/><F75/><W10/><G10/><T112/><D112/><U9/><E9/><V15/><REACH who="2" step="1"/><F83/><REACH who="2" ten="272,213,240,265" step="2"/><W82/><G82/><T33/><D101/><U70/><E114/><V130/><F130/><W69/><G69/><T49/><D4/><U66/><E113/><V93/><F93/><W88/><G88/><T38/><D6/><U67/><E70/><V131/><F131/><W135/><G135/><T12/><REACH who="0" step="1"/><D38/><REACH who="0" ten="262,213,240,265" step="2"/><U115/><E36/><V35/><F35/><W16/><G18/><AGARI ba="0,2" hai="12,18,22,25,30,33,47,49,53,96,98,99,106,107" machi="18" ten="40,8000,1" yaku="1,1,2,1,52,2,53,1" doraHai="103" doraHaiUra="48" who="0" fromWho="3" sc="262,100,213,0,240,0,265,-80" /><INIT seed="4,0,0,3,4,6" ten="362,213,240,185" oya="0" hai0="91,43,94,30,41,56,16,100,123,76,128,98,11" hai1="105,70,122,81,50,26,133,110,58,66,49,132,38" hai2="64,115,80,130,36,117,106,62,29,35,84,92,120" hai3="39,102,111,31,5,131,125,77,12,9,71,73,116"/><T118/><D118/><U86/><E105/><V18/><F36/><W114/><G71/><T55/><D123/><U107/><E107/><V74/><F115/><W59/><G116/><T129/><D30/><U34/><E110/><V7/><F106/><W89/><G111/><T46/><D76/><U8/><E38/><V87/><F35/><W93/><G102/><T14/><D100/><U17/><E122/><V45/><F29/><W101/><G101/><T60/><REACH who="0" step="1"/><D43/><REACH who="0" ten="352,213,240,185" step="2"/><U119/><E119/><V15/><F120/><W40/><G31/><T21/><D21/><U104/><E133/><V13/><F117/><W126/><G114/><T96/><D96/><U90/><E132/><V67/><F74/><W20/><G20/><T52/><D52/><U124/><E34/><V28/><F28/><W95/><G77/><T103/><D103/><U33/><E33/><V85/><F85/><W32/><G73/><T48/><AGARI ba="0,1" hai="11,14,16,41,46,48,55,56,60,91,94,98,128,129" machi="48" ten="30,12000,1" yaku="1,1,0,1,52,1,54,1,53,1" doraHai="6" doraHaiUra="57" who="0" fromWho="0" sc="352,130,213,-40,240,-40,185,-40" /><INIT seed="4,1,0,2,1,135" ten="482,173,200,145" oya="0" hai0="54,112,32,14,72,62,96,76,119,51,127,59,126" hai1="131,0,31,27,30,34,44,35,125,22,114,7,124" hai2="83,21,73,18,85,111,106,4,58,46,120,19,95" hai3="69,6,17,115,67,86,104,29,87,101,109,23,130"/><T78/><D32/><N who="1" m="12331" /><E44/><V2/><F106/><W48/><G29/><N who="1" m="10762" /><E131/><V98/><F58/><W107/><G6/><T52/><D72/><U102/><E102/><V70/><F4/><W1/><G109/><T3/><D3/><U89/><E89/><V42/><F2/><W39/><G1/><T43/><D43/><U84/><E84/><V88/><F70/><W47/><G39/><T80/><D96/><U92/><E92/><V38/><F111/><W15/><G130/><T49/><D80/><U41/><E41/><V10/><F73/><W12/><G67/><T121/><D62/><U53/><E53/><V61/><F61/><W28/><G69/><T33/><D33/><U9/><E114/><V66/><F66/><W64/><G115/><T60/><D60/><U75/><E75/><V25/><F83/><W5/><G64/><T77/><D112/><U79/><E79/><V134/><F98/><W93/><G107/><T128/><D128/><U56/><E56/><V117/><F42/><W16/><G104/><T110/><D110/><U133/><E133/><V57/><F134/><W36/><G36/><T100/><D100/><U116/><E116/><V40/><F117/><W81/><G101/><T103/><D103/><U55/><E55/><V13/><F57/><W71/><G71/><T20/><D119/><U94/><E94/><V132/><F132/><W99/><G93/><T113/><D113/><U8/><E8/><V90/><F90/><W63/><G99/><T97/><D97/><U108/><E108/><V74/><F74/><W105/><G105/><T50/><D59/><RYUUKYOKU ba="1,0" sc="482,-15,173,15,200,15,145,-15" hai1="0,7,9,22,27,124,125" hai2="10,13,18,19,21,25,38,40,46,85,88,95,120" /><INIT seed="5,2,0,2,3,17" ten="467,188,215,130" oya="1" hai0="126,39,86,65,29,8,55,53,13,57,28,31,27" hai1="75,135,50,12,66,58,26,125,85,91,116,83,6" hai2="21,34,77,98,25,45,9,70,71,107,90,10,68" hai3="7,121,5,14,127,80,44,76,15,35,59,112,95"/><U129/><E116/><V48/><F34/><W100/><G35/><T88/><D39/><U72/><E135/><V16/><F77/><W110/><G121/><T0/><D0/><U82/><E129/><V63/><F63/><W74/><G110/><T19/><D126/><U89/><E125/><V2/><F2/><W49/><G127/><T84/><D84/><U119/><E119/><V38/><F38/><W103/><G112/><T130/><D130/><U104/><E104/><V69/><N who="2" m="17408" /><DORA hai="105" /><V102/><REACH who="2" step="1"/><F90/><REACH who="2" ten="467,188,205,130" step="2"/><W4/><G76/><T101/><D88/><U78/><E91/><V52/><AGARI ba="2,1" hai="9,10,16,21,25,45,48,52,98,102,107" m="17408" machi="52" ten="60,12000,2" yaku="1,1,2,1,0,1,52,1,54,2,53,1" doraHai="17,105" doraHaiUra="42,79" who="2" fromWho="2" sc="467,-32,188,-62,205,136,130,-32" /><INIT seed="6,0,0,4,5,77" ten="435,126,341,98" oya="2" hai0="68,90,53,92,121,15,97,72,61,52,81,104,32" hai1="125,127,26,96,134,93,21,57,123,95,116,69,35" hai2="132,20,38,8,107,29,0,100,10,67,5,113,118" hai3="65,60,124,19,50,120,59,99,133,41,111,43,62"/><V13/><F118/><W18/><G111/><T76/><D32/><U91/><E116/><V112/><F38/><W2/><G120/><T1/><D1/><U74/><E74/><V119/><F119/><W46/><G2/><T54/><D121/><U84/><E123/><V94/><F107/><W58/><G124/><N who="1" m="47690" /><E69/><V75/><F75/><W31/><G133/><T30/><D30/><N who="1" m="17743" /><E35/><V80/><F132/><W25/><G99/><T70/><D61/><U37/><E37/><V24/><F67/><W16/><G43/><T88/><D90/><N who="1" m="55351" /><E57/><V117/><F117/><W106/><G106/><T130/><D130/><U63/><E63/><V87/><F100/><W73/><G73/><T34/><D34/><U3/><E3/><V86/><F94/><W55/><G31/><T17/><REACH who="0" step="1"/><D104/><REACH who="0" ten="425,126,341,98" step="2"/><U33/><E33/><V98/><F98/><W122/><G122/><T102/><D102/><U79/><E134/><V82/><F87/><W83/><G25/><T105/><D105/><U22/><E84/><V27/><F86/><W6/><G6/><T101/><D101/><U14/><E79/><V48/><F24/><W103/><G103/><T28/><D28/><U56/><E14/><V40/><F5/><W110/><G110/><T44/><D44/><U115/><E91/><V42/><F0/><W85/><G19/><T71/><D71/><U135/><E135/><V45/><F13/><W39/><G62/><T89/><D89/><AGARI ba="0,1" hai="16,18,39,41,46,50,55,58,59,60,65,83,85,89" machi="89" ten="30,3900,0" yaku="7,1,52,1,54,1" doraHai="77" who="3" fromWho="0" sc="425,-39,126,0,341,0,98,49" /><INIT seed="7,0,0,4,5,132" ten="386,126,341,147" oya="3" hai0="90,35,12,118,6,36,15,45,97,117,25,27,98" hai1="46,60,20,37,4,18,51,44,31,130,56,50,53" hai2="116,16,10,54,68,28,78,58,89,39,131,57,83" hai3="3,88,81,107,48,49,124,34,85,95,111,119,114"/><W84/><G34/><T96/><D35/><U30/><E4/><V108/><F68/><W47/><G3/><T38/><D90/><U0/><E0/><V121/><F39/><N who="0" m="14890" /><D45/><U62/><E130/><V113/><F116/><N who="0" m="44650" /><D6/><U91/><E37/><V11/><F108/><W13/><G119/><T109/><D109/><U105/><E105/><V23/><F131/><W32/><G107/><T80/><D80/><U42/><E62/><V21/><F113/><W17/><G114/><T126/><D126/><U110/><E91/><V128/><F128/><W74/><G32/><T122/><D122/><U115/><E115/><V129/><F129/><W69/><G69/><T135/><D135/><U112/><E112/><V92/><F121/><W125/><G74/><T26/><AGARI ba="0,0" hai="12,15,25,26,27,96,97,98" m="44650,14890" machi="26" ten="40,2700,0" yaku="28,2" doraHai="132" who="0" fromWho="0" sc="386,27,126,-7,341,-7,147,-13" owari="413,52.0,119,-38.0,334,13.0,134,-27.0" /></mjloggm>