<mjloggm ver="2.3"><GO type="169"/><UN n0="%E8%99%8E%E5%85%90%E6%9C%97" n1="%E3%81%99%E3%81%9F%E3%83%BC%E3%82%89%E3%81%84%E3%81%A8%E3%81%B3%E3%83%BC" n2="%E3%82%AB%E3%83%84%E3%82%B2%E3%83%B3" n3="%EF%BC%88%E2%89%A7%E2%96%BD%E2%89%A6%EF%BC%89" dan="17,16,16,17" rate="2153,2066,2081,2173" sx="M,F,M,M"/><TAIKYOKU oya="0"/><INIT seed="0,0,0,4,5,66" ten="250,250,250,250" oya="0" hai0="89,108,16,94,65,70,4,44,32,62,102,83,3" hai1="67,7,123,130,38,20,129,78,128,95,82,59,21" hai2="88,11,61,37,116,101,104,77,10,57,74,53,52" hai3="64,87,97,46,41,72,39,35,75,22,60,91,27"/><T93/><D32/><U36/><E123/><V5/><F37/><W120/><G97/><T55/><D108/><U105/><E105/><V85/><F116/><W30/><G35/><T63/><D102/><U71/><E7/><V86/><F74/><W19/><G30/><T42/><D83/><U131/><E95/><V81/><F104/><W6/><G6/><T0/><D4/><U99/><E99/><V122/><F101/><W54/><G54/><T100/><D100/><U15/><E59/><V98/><F98/><W9/><G9/><T40/><D40/><U133/><E133/><V103/><F103/><W8/><G8/><T106/><D106/><U114/><E114/><V121/><F53/><W113/><G113/><T28/><D28/><U31/><E21/><V24/><F24/><W118/><G118/><T117/><D117/><U23/><E23/><V79/><F11/><W96/><G96/><T47/><D93/><U80/><E82/><V73/><F73/><W50/><G39/><T112/><D112/><U48/><E48/><V92/><REACH who="2" step="1"/><F79/><REACH who="2" ten="250,250,240,250" step="2"/><W33/><G120/><T107/><D107/><U2/><E131/><V58/><F58/><N who="3" m="36887" /><G33/><T12/><D55/><U111/><E38/><V109/><F109/><W1/><G1/><AGARI ba="0,1" hai="1,5,10,52,57,61,77,81,85,86,88,92,121,122" machi="1" ten="30,8000,1" yaku="1,1,7,1,54,2,53,1" doraHai="66" doraHaiUra="34" who="2" fromWho="3" sc="250,0,250,0,240,90,250,-80" /><INIT seed="1,0,0,2,3,63" ten="250,250,330,170" oya="1" hai0="74,55,90,32,12,37,62,82,88,106,79,66,131" hai1="97,64,116,114,111,77,84,101,69,19,95,128,126" hai2="54,34,76,22,127,17,40,87,125,104,20,36,8" hai3="2,39,10,53,96,30,28,92,44,42,0,89,23"/><U43/><E116/><V100/><F34/><W129/><G129/><T112/><D112/><U52/><E114/><V99/><F54/><W57/><G10/><T48/><D37/><U15/><E43/><V18/><F8/><W85/><G28/><T7/><D32/><U65/><E128/><V27/><F40/><W31/><G31/><T102/><D131/><U120/><E69/><V91/><F76/><W68/><G68/><T41/><D41/><U122/><E120/><V9/><F9/><W113/><G113/><T135/><D135/><U21/><E122/><V78/><F78/><W14/><G96/><T107/><D12/><U59/><E126/><V109/><F36/><W124/><G124/><T103/><D7/><U60/><E111/><V134/><F134/><W115/><G115/><T94/><D106/><U117/><E117/><V61/><F61/><W132/><G132/><T38/><D38/><U75/><E75/><V119/><F119/><W83/><G83/><AGARI ba="0,0" hai="15,19,21,52,59,60,64,65,77,83,84,95,97,101" machi="83" ten="40,12000,1" yaku="8,1,52,2,54,1" doraHai="63" who="1" fromWho="3" sc="250,0,250,120,330,0,170,-120" /><INIT seed="1,1,0,5,2,33" ten="250,370,330,50" oya="1" hai0="49,44,114,69,28,42,92,16,133,22,75,9,13" hai1="17,87,18,132,105,127,11,57,130,7,23,101,126" hai2="26,98,25,52,2,56,6,119,0,15,47,66,34" hai3="120,58,4,14,77,90,122,63,96,36,84,12,91"/><U37/><E37/><V61/><F119/><W45/><G120/><T115/><D133/><U3/><E132/><V50/><F98/><W31/><G122/><T89/><D75/><U79/><E130/><V21/><F34/><W5/><G31/><T38/><D69/><U35/><E35/><V60/><F60/><W64/><G36/><T85/><D28/><U51/><E101/><V82/><F82/><W113/><G113/><T46/><REACH who="0" step="1"/><D9/><REACH who="0" ten="240,370,330,50" step="2"/><U94/><E11/><V111/><F111/><W131/><G131/><T99/><D99/><U41/><E126/><V107/><F107/><W104/><G104/><T118/><D118/><U8/><E127/><V24/><REACH who="2" step="1"/><F6/><REACH who="2" ten="240,370,320,50" step="2"/><W95/><G4/><T27/><D27/><U97/><E105/><V134/><F134/><W67/><G5/><T72/><D72/><U123/><E123/><V70/><F70/><W108/><G108/><T83/><D83/><U40/><E7/><V93/><F93/><W62/><G96/><T30/><D30/><U32/><E94/><V110/><F110/><W1/><G95/><T129/><D129/><U71/><E71/><V124/><F124/><W29/><G29/><T81/><D81/><U128/><E97/><V73/><F73/><W88/><G84/><T80/><D80/><U106/><E128/><V20/><F20/><W65/><G91/><T78/><D78/><U121/><E106/><V43/><F43/><AGARI ba="1,2" hai="13,16,22,38,42,43,44,46,49,85,89,92,114,115" machi="43" ten="30,8000,1" yaku="1,1,7,1,54,1,53,2" doraHai="33" doraHaiUra="109" who="0" fromWho="2" sc="240,103,370,0,320,-83,50,0" /><INIT seed="2,0,0,5,1,67" ten="343,370,237,50" oya="2" hai0="84,34,70,116,118,80,128,92,95,6,2,37,38" hai1="30,109,89,25,122,101,99,23,105,113,68,87,14" hai2="49,46,133,43,112,41,36,102,40,4,56,1,39" hai3="35,76,121,9,71,7,114,29,94,44,120,73,127"/><V18/><F102/><W20/><G114/><T13/><D34/><U74/><E74/><V126/><F4/><W11/><G127/><T64/><D2/><U93/><E113/><V98/><F1/><W12/><G35/><T66/><D128/><U53/><E109/><V97/><F112/><W8/><G73/><T106/><D106/><U60/><E122/><V15/><F126/><W19/><G76/><T131/><D131/><U32/><E53/><V51/><F133/><W50/><G29/><T69/><D13/><U72/><E72/><V119/><F119/><W81/><G7/><T47/><D47/><U33/><REACH who="1" step="1"/><E14/><REACH who="1" ten="343,360,237,50" step="2"/><V57/><F46/><W24/><G12/><T3/><D3/><U103/><E103/><V86/><F15/><W134/><G134/><T0/><D0/><U48/><E48/><V79/><F41/><W54/><G81/><T10/><D6/><U55/><E55/><V59/><F39/><W88/><REACH who="3" step="1"/><G71/><REACH who="3" ten="343,360,237,40" step="2"/><T61/><D70/><U135/><E135/><V85/><F43/><W65/><G65/><AGARI ba="0,2" hai="23,25,30,32,33,60,65,68,87,89,93,99,101,105" machi="65" ten="40,2600,0" yaku="1,1,52,1,53,0" doraHai="67" doraHaiUra="42" who="1" fromWho="3" sc="343,0,360,46,237,0,40,-26" /><INIT seed="3,0,0,0,3,4" ten="343,406,237,14" oya="3" hai0="14,36,87,41,132,11,89,103,6,122,107,31,47" hai1="44,38,19,49,45,40,102,56,125,99,22,73,92" hai2="42,9,13,70,120,68,10,76,108,130,46,60,20" hai3="78,126,32,123,118,100,25,23,93,67,74,48,53"/><W128/><G123/><T52/><D122/><U114/><E73/><V63/><F120/><W96/><G118/><T64/><D132/><U79/><E79/><V55/><F108/><W119/><G119/><T29/><D64/><U50/><E125/><V109/><F109/><W134/><G134/><T129/><D129/><U124/><E124/><V59/><F130/><W111/><G128/><T62/><D103/><U98/><E56/><V90/><F76/><W75/><G126/><T116/><D107/><U16/><E38/><V39/><F90/><W85/><G111/><T105/><D105/><U1/><E1/><V33/><F33/><W57/><G32/><T35/><D35/><U95/><E22/><V58/><F20/><W21/><G21/><T88/><D116/><U7/><E7/><V112/><F112/><W15/><G67/><T81/><REACH who="0" step="1"/><D89/><REACH who="0" ten="333,406,237,14" step="2"/><N who="1" m="55567" /><E114/><V61/><F70/><W72/><G15/><T106/><D106/><U84/><E102/><V37/><F68/><W66/><G66/><T34/><D34/><U24/><E24/><V28/><F13/><W26/><REACH who="3" step="1"/><G23/><REACH who="3" ten="333,406,237,4" step="2"/><T71/><D71/><U51/><E44/><V94/><F46/><W86/><G86/><T18/><D18/><U97/><E84/><V54/><F59/><AGARI ba="0,2" hai="6,11,14,29,31,36,41,47,52,59,62,81,87,88" machi="59" ten="40,8000,1" yaku="1,1,52,1,54,2,53,0" doraHai="4" doraHaiUra="127" who="0" fromWho="2" sc="333,100,406,0,237,-80,4,0" /><INIT seed="4,0,0,1,2,90" ten="433,406,157,4" oya="0" hai0="13,131,37,59,118,103,68,133,108,104,56,44,58" hai1="23,11,15,32,21,25,20,121,79,105,29,45,35" hai2="124,102,69,134,82,67,117,65,92,61,87,6,54" hai3="62,128,126,66,34,95,24,27,77,84,75,10,17"/><T3/><D118/><U2/><E105/><V129/><F117/><W113/><G128/><T94/><D68/><U93/><E121/><V19/><F129/><W46/><G126/><T18/><D3/><U26/><E45/><V97/><F124/><W101/><G113/><T115/><D131/><U47/><E93/><V120/><F134/><W9/><G75/><T28/><D28/><N who="1" m="19471" /><E47/><V52/><F120/><W78/><G34/><T41/><D133/><U119/><E79/><N who="3" m="30218" /><G46/><T5/><D108/><U57/><E57/><V106/><F6/><W49/><G49/><T96/><D115/><U72/><E72/><V4/><F4/><W71/><G71/><T38/><D5/><N who="1" m="1463" /><E119/><V89/><F67/><W7/><G7/><T100/><D38/><U33/><E33/><V42/><F42/><W30/><G30/><T111/><D111/><U36/><E36/><V74/><F19/><AGARI ba="0,0" hai="15,19,20,21,23,26,29,35" m="1463,19471" machi="19" ten="30,12000,2" yaku="24,1,35,5" doraHai="90" who="1" fromWho="2" sc="433,0,406,120,157,-120,4,0" /><INIT seed="5,0,0,4,0,123" ten="433,526,37,4" oya="1" hai0="90,110,101,44,6,103,22,45,85,2,46,70,49" hai1="135,112,76,94,75,56,129,26,32,57,115,93,116" hai2="111,0,128,118,69,107,97,51,11,28,127,40,121" hai3="89,77,30,105,95,25,47,132,50,48,102,106,126"/><U96/><E116/><V109/><F121/><W12/><G132/><T134/><D134/><U7/><E135/><V19/><F118/><W8/><G126/><T83/><D70/><U42/><E42/><V34/><F69/><W16/><G77/><T27/><D49/><U114/><E129/><V79/><F127/><W81/><G102/><T68/><D68/><U21/><E7/><V33/><F128/><W74/><G74/><T119/><D119/><U122/><E32/><V39/><F79/><W131/><G131/><T98/><D110/><N who="2" m="41994" /><F51/><W108/><G108/><T82/><D82/><N who="1" m="45343" /><E122/><V71/><F19/><W23/><G50/><T66/><D66/><U104/><E104/><V29/><F29/><W91/><G91/><T133/><D133/><U92/><E96/><V9/><F9/><W62/><G62/><T18/><D6/><U113/><E113/><V3/><F28/><AGARI ba="0,0" hai="21,26,28,56,57,92,93,94,112,114,115" m="45343" machi="28" ten="40,2000,0" yaku="15,1" doraHai="123" who="1" fromWho="2" sc="433,0,526,20,37,-20,4,0" /><INIT seed="5,1,0,1,1,131" ten="433,546,17,4" oya="1" hai0="94,120,113,2,16,99,112,122,116,91,23,133,86" hai1="93,72,102,21,125,111,90,13,56,14,37,121,41" hai2="69,106,109,80,28,42,54,78,33,84,15,67,34" hai3="117,9,6,128,88,36,51,68,38,119,63,64,46"/><U135/><E121/><N who="0" m="46697" /><D2/><U50/><E72/><V43/><F109/><W17/><G128/><T74/><D116/><N who="3" m="44617" /><G17/><T87/><D74/><U77/><E77/><V20/><F106/><W73/><G73/><T134/><D87/><U0/><E0/><V19/><F34/><W27/><G27/><N who="0" m="14823" /><D86/><U53/><E111/><V65/><F69/><W76/><G76/><T104/><D104/><U124/><E102/><V107/><F107/><W97/><G97/><T85/><D85/><U129/><E129/><V83/><F83/><W96/><G88/><T108/><D108/><U30/><E37/><N who="3" m="14442" /><G96/><T132/><AGARI ba="1,0" hai="91,94,99,112,113,132,133,134" m="14823,46697" machi="132" ten="40,12000,2" yaku="20,1,13,1,52,3,54,1" doraHai="131" who="0" fromWho="0" sc="433,123,546,-61,17,-31,4,-31" owari="556,65.0,485,29.0,-14,-41.0,-27,-53.0" /></mjloggm>