<mjloggm ver="2.3"><GO type="169"/><UN n0="%49%47%41" n1="%E3%82%B1%E3%82%BA" n2="%E3%81%BF%E3%81%BF%E3%81%9A" n3="%EF%BC%88%E2%89%A7%E2%96%BD%E2%89%A6%EF%BC%89" dan="16,16,17,18" rate="2130,2105,2164,2197" sx="M,M,M,M"/><TAIKYOKU oya="0"/><INIT seed="0,0,0,1,4,93" ten="250,250,250,250" oya="0" hai0="62,53,87,49,123,91,117,130,44,51,66,3,103" hai1="14,25,38,36,83,71,121,45,55,68,2,110,48" hai2="114,118,40,94,76,7,134,67,31,128,125,42,46" hai3="120,105,100,35,90,59,129,108,26,113,0,54,88"/><T77/><D123/><U12/><E2/><V78/><F114/><W127/><G113/><T63/><D117/><U65/><E121/><V109/><F118/><W37/><G37/><T56/><D3/><U20/><E110/><V122/><F122/><W82/><G120/><T27/><D130/><U72/><E72/><V106/><F106/><W30/><G0/><T10/><D77/><U21/><E83/><V74/><F109/><W70/><G70/><T29/><D10/><U13/><E65/><V41/><F7/><W115/><G108/><T85/><D103/><U47/><E25/><V6/><F6/><W58/><G115/><T64/><D51/><U57/><E57/><V28/><F128/><W19/><G129/><T133/><D91/><U111/><E111/><V39/><F39/><W1/><G1/><T101/><D101/><U32/><E12/><V16/><F74/><W15/><G82/><T5/><D5/><U97/><E48/><V135/><F46/><W89/><G127/><T119/><D133/><N who="2" m="50698" /><F125/><W104/><G100/><T18/><D18/><U124/><E124/><V9/><F67/><W79/><G79/><N who="2" m="30249" /><F94/><W92/><G92/><T99/><D119/><U23/><E23/><V112/><F112/><W24/><G58/><T22/><REACH who="0" step="1"/><D99/><REACH who="0" ten="240,250,250,250" step="2"/><U8/><E8/><V80/><F80/><W102/><G89/><T69/><AGARI ba="0,1" hai="22,27,29,44,49,53,56,62,63,64,66,69,85,87" machi="69" ten="20,7800,0" yaku="1,1,2,1,0,1,7,1,53,0" doraHai="93" doraHaiUra="84" who="0" fromWho="0" sc="240,88,250,-26,250,-26,250,-26" /><INIT seed="0,1,0,3,0,88" ten="328,224,224,224" oya="0" hai0="14,74,103,16,10,57,129,121,55,4,35,25,66" hai1="40,21,44,58,89,75,15,32,43,108,67,92,47" hai2="120,118,135,114,11,97,71,112,20,116,24,130,8" hai3="70,61,56,107,28,83,41,62,82,90,126,109,52"/><T85/><D74/><U39/><E32/><V38/><F38/><W59/><G107/><T18/><D121/><U7/><E108/><V77/><F71/><W26/><G109/><T60/><D129/><U117/><E75/><V49/><F77/><W22/><G126/><T6/><D103/><U95/><E117/><N who="2" m="45163" /><F49/><W33/><G70/><T34/><D85/><U124/><E124/><V64/><F64/><W128/><G128/><T3/><D4/><U17/><E7/><V19/><F130/><W76/><G41/><T106/><D106/><U5/><E5/><V73/><F73/><W111/><G111/><T119/><D119/><U115/><E115/><N who="2" m="44075" /><F120/><W125/><G125/><T2/><D66/><U94/><E67/><V131/><F131/><W122/><G122/><T98/><D98/><U13/><E58/><V100/><F135/><W45/><G45/><T91/><D91/><U1/><E1/><V37/><F37/><W132/><G132/><T54/><D54/><U78/><E78/><V51/><F51/><W0/><G0/><T84/><D2/><U105/><E105/><AGARI ba="1,0" hai="8,11,19,20,24,97,100,105" m="44075,45163" machi="105" ten="30,1000,0" yaku="12,1" doraHai="88" who="2" fromWho="1" sc="328,0,224,-13,224,13,224,0" /><INIT seed="1,0,0,0,4,46" ten="328,211,237,224" oya="1" hai0="134,88,82,12,72,96,114,7,35,21,87,43,49" hai1="39,19,127,9,112,10,59,91,14,120,129,32,81" hai2="0,63,65,89,132,113,70,57,79,24,27,115,1" hai3="62,30,103,110,37,78,4,98,38,18,102,34,101"/><U48/><E120/><V95/><F79/><W22/><G110/><T17/><D114/><N who="2" m="43530" /><F132/><W36/><G78/><T131/><D134/><U60/><E39/><V41/><F41/><W117/><G117/><T55/><D35/><U6/><E32/><V66/><F66/><W68/><G4/><T28/><D131/><U29/><E112/><V94/><F70/><W75/><G75/><T119/><D119/><U3/><E129/><V83/><F83/><W92/><G34/><T47/><D28/><U23/><E127/><V44/><F44/><W15/><G30/><T108/><D108/><U61/><E29/><V71/><F94/><W126/><G126/><T13/><D72/><U90/><E9/><V54/><F24/><W97/><G68/><T42/><REACH who="0" step="1"/><D96/><REACH who="0" ten="318,211,237,224" step="2"/><U125/><E125/><V58/><F71/><W86/><G97/><T8/><AGARI ba="0,1" hai="7,8,12,13,17,21,42,43,47,49,55,82,87,88" machi="8" ten="30,12000,2" yaku="1,1,2,1,0,1,8,1,52,1,54,1,53,1" doraHai="46" doraHaiUra="77" who="0" fromWho="0" sc="318,130,211,-60,237,-30,224,-30" /><INIT seed="2,0,0,3,2,4" ten="448,151,207,194" oya="2" hai0="87,71,110,11,72,10,5,54,116,36,103,128,67" hai1="41,53,62,121,104,3,50,79,31,115,93,120,80" hai2="59,30,114,0,25,61,9,98,91,22,132,46,42" hai3="44,82,13,135,75,33,57,94,15,96,49,81,35"/><V39/><F114/><W64/><G135/><T123/><D72/><U107/><E115/><V106/><F132/><W99/><G75/><T74/><D74/><U124/><E41/><V84/><F106/><W127/><G127/><T90/><D36/><U88/><E31/><V29/><F98/><W17/><G35/><T60/><D123/><N who="1" m="47179" /><E62/><V122/><F122/><W70/><G33/><T89/><D110/><U38/><E38/><V76/><F76/><W43/><G70/><T65/><D65/><U125/><E3/><V20/><F0/><W34/><G34/><T129/><D103/><U68/><E68/><V14/><F22/><N who="3" m="11567" /><G15/><T52/><D116/><U45/><E80/><N who="3" m="30826" /><G94/><N who="0" m="54591" /><D90/><U6/><E79/><V55/><F30/><W7/><G7/><T58/><D5/><U51/><E6/><V131/><F131/><N who="0" m="50250" /><D54/><N who="1" m="30031" /><E124/><V23/><F23/><W8/><G64/><T117/><D117/><U112/><E125/><V63/><F91/><W118/><G118/><T16/><D16/><U133/><E133/><V32/><F32/><W92/><G92/><T73/><D73/><U19/><E19/><V56/><F84/><W78/><G78/><T101/><D101/><U2/><E2/><V109/><F109/><W66/><G66/><T113/><D113/><U28/><E112/><V102/><F102/><W130/><G130/><T24/><D24/><U86/><E28/><V27/><F29/><W119/><G119/><T134/><D134/><U111/><E111/><V100/><F100/><W97/><G57/><AGARI ba="0,0" hai="51,53,57,86,88,93,104,107" m="30031,47179" machi="57" ten="30,2000,0" yaku="13,1,54,1" doraHai="4" who="1" fromWho="3" sc="448,0,151,20,207,0,194,-20" /><INIT seed="3,0,0,2,3,12" ten="448,171,207,174" oya="3" hai0="31,1,130,69,15,49,82,10,16,129,84,38,56" hai1="25,78,131,113,60,30,90,20,73,135,44,68,123" hai2="39,88,125,42,106,14,134,114,70,59,98,79,51" hai3="105,127,120,34,0,19,36,66,24,54,62,50,83"/><W21/><G120/><T76/><D69/><U86/><E123/><V87/><F70/><W117/><G117/><T26/><D38/><U128/><E113/><V2/><F2/><W5/><G127/><T57/><D1/><U102/><E102/><V95/><F114/><W3/><G105/><T108/><D108/><U22/><E135/><V45/><F134/><W7/><G36/><T75/><D75/><U103/><E103/><V121/><F125/><W119/><G119/><T6/><D6/><U18/><E44/><V41/><F121/><W11/><G34/><T23/><REACH who="0" step="1"/><D49/><REACH who="0" ten="438,171,207,174" step="2"/><U8/><E68/><V112/><F112/><W71/><G5/><T63/><D63/><U94/><E60/><V74/><F74/><W37/><G37/><T46/><D46/><U65/><E73/><V116/><F116/><W4/><G4/><T118/><D118/><U126/><E126/><V52/><F39/><W133/><G133/><T67/><D67/><U72/><E65/><V61/><F61/><W124/><G124/><T100/><D100/><U29/><E72/><V17/><F45/><W40/><G0/><T43/><D43/><U104/><E131/><AGARI ba="0,1" hai="10,15,16,23,26,31,56,57,76,82,84,129,130,131" machi="131" ten="40,12000,2" yaku="1,1,19,1,52,1,54,1,53,2" doraHai="12" doraHaiUra="55" who="0" fromWho="1" sc="438,130,171,-120,207,0,174,0" /><INIT seed="4,0,0,0,5,81" ten="568,51,207,174" oya="0" hai0="129,64,59,123,42,97,84,13,114,6,17,77,9" hai1="45,80,75,3,2,26,93,58,23,117,53,1,33" hai2="39,71,10,44,8,116,35,83,15,19,105,112,51" hai3="122,7,50,30,14,43,73,85,56,131,38,5,95"/><T135/><D123/><U65/><E33/><V78/><F71/><W124/><G73/><T32/><D114/><U0/><E117/><V118/><F105/><W89/><G122/><T36/><D32/><U121/><E121/><V113/><F35/><W101/><G124/><T34/><D34/><U111/><E111/><V126/><F39/><W25/><G131/><T69/><D69/><U106/><E106/><V40/><F10/><W94/><G38/><T48/><D36/><U86/><E45/><V4/><F19/><W22/><G14/><T79/><D135/><U74/><E65/><V115/><REACH who="2" step="1"/><F126/><REACH who="2" ten="568,51,197,174" step="2"/><W52/><G43/><T99/><D17/><U68/><E68/><V102/><F102/><W67/><G67/><T96/><D9/><U132/><E132/><V12/><F12/><W125/><G125/><T103/><D13/><U70/><E70/><V46/><F46/><W92/><REACH who="3" step="1"/><G101/><REACH who="3" ten="568,51,197,164" step="2"/><T54/><D64/><U110/><E3/><V128/><F128/><W11/><G11/><T63/><D103/><U72/><E2/><V41/><F41/><W98/><G98/><T21/><D129/><U108/><E1/><V28/><F28/><W57/><G57/><T29/><D99/><U119/><E0/><V18/><F18/><W47/><G47/><T91/><D97/><U120/><E120/><V82/><F82/><AGARI ba="0,2" hai="5,7,22,25,30,50,52,56,82,85,89,92,94,95" machi="82" ten="40,12000,2" yaku="1,1,8,1,52,1,54,1,53,3" doraHai="81" doraHaiUra="88" who="3" fromWho="2" sc="568,0,51,0,197,-120,164,140" /><INIT seed="5,0,0,0,3,74" ten="568,51,77,304" oya="1" hai0="22,133,60,86,120,19,106,1,17,59,38,7,87" hai1="16,132,115,53,67,34,62,64,116,90,71,98,51" hai2="9,125,25,40,24,36,76,130,55,49,75,89,107" hai3="54,126,123,128,50,21,14,8,108,80,10,65,122"/><U81/><E34/><V0/><F107/><W124/><G65/><T77/><D38/><U96/><E116/><V104/><F104/><W43/><G43/><T2/><D106/><U95/><E115/><V66/><F66/><N who="1" m="25129" /><E71/><V129/><F89/><W23/><G108/><T93/><D133/><U73/><E73/><V41/><F125/><N who="3" m="48235" /><G80/><T83/><D120/><U100/><E132/><V35/><F41/><W105/><G105/><T117/><D117/><U127/><E127/><V82/><F40/><W15/><G128/><N who="2" m="49257" /><F36/><W47/><G10/><T13/><D7/><U33/><E33/><V42/><F42/><W110/><G110/><T45/><D45/><U58/><E81/><V114/><F35/><W103/><G103/><T84/><D19/><U72/><E72/><V111/><F114/><W118/><G118/><T29/><D29/><U88/><E98/><V57/><F111/><W134/><G134/><T109/><D109/><U44/><E16/><V79/><F79/><W102/><G8/><T56/><D1/><U63/><E44/><V101/><F101/><W78/><G102/><T39/><D2/><U131/><E131/><V97/><F97/><W135/><G78/><T112/><D39/><U68/><E68/><V99/><F99/><W3/><G135/><T5/><D112/><U31/><E31/><V91/><F91/><AGARI ba="0,0" hai="51,53,58,62,63,88,90,91,95,96,100" m="25129" machi="91" ten="30,2900,0" yaku="8,1,54,1" doraHai="74" who="1" fromWho="2" sc="568,0,51,29,77,-29,304,0" /><INIT seed="5,1,0,2,1,89" ten="568,80,48,304" oya="1" hai0="96,13,94,111,50,9,78,10,30,25,38,26,79" hai1="66,6,81,70,77,130,115,80,20,92,67,91,22" hai2="108,51,107,18,131,119,74,85,110,76,63,126,87" hai3="53,41,47,57,42,103,72,14,49,69,112,64,88"/><U40/><E130/><V33/><F119/><W58/><G72/><T8/><D38/><U39/><E39/><V71/><F33/><W68/><G103/><N who="0" m="60823" /><D111/><U52/><E40/><N who="3" m="15466" /><G14/><T1/><D1/><U46/><E6/><V122/><F107/><W134/><G88/><T3/><D3/><U95/><E115/><V43/><F74/><W101/><G101/><T54/><D13/><U114/><E114/><V45/><F122/><W31/><G31/><T113/><D113/><U21/><E70/><N who="3" m="27242" /><G134/><T23/><D26/><U24/><E24/><V123/><F131/><W104/><G104/><T135/><D135/><U98/><E77/><V100/><F123/><W59/><G112/><T129/><D129/><U116/><E116/><V118/><F110/><W97/><G97/><T93/><D93/><N who="1" m="35915" /><E98/><V4/><F108/><W82/><G82/><N who="1" m="31850" /><E91/><V19/><F118/><W132/><G132/><T105/><D105/><U73/><E73/><V28/><F76/><W133/><G133/><T37/><D37/><U15/><E15/><V109/><F109/><W2/><G2/><T120/><D120/><U44/><E44/><AGARI ba="1,0" hai="8,9,10,23,25,30,44,50,54,78,79" m="60823" machi="44" ten="30,2000,0" yaku="8,1,52,1" doraHai="89" who="0" fromWho="1" sc="568,23,80,-23,48,0,304,0" /><INIT seed="6,0,0,2,4,58" ten="591,57,48,304" oya="2" hai0="135,47,84,62,113,52,30,0,131,90,4,118,18" hai1="109,49,42,93,2,45,54,88,60,97,57,128,23" hai2="127,8,100,81,26,40,5,50,121,105,53,112,34" hai3="77,91,33,63,1,95,76,64,80,9,89,28,129"/><V71/><F121/><W114/><G129/><T72/><D72/><U104/><E128/><V119/><F119/><W32/><G114/><T85/><D30/><U38/><E109/><V116/><F116/><W82/><G1/><T106/><D84/><U67/><E2/><V115/><F40/><W120/><G9/><T44/><D44/><U79/><E79/><V59/><F127/><W11/><G11/><T86/><D52/><U17/><E104/><V132/><F81/><W41/><G91/><T7/><D47/><U124/><E124/><V35/><F71/><W65/><G95/><T87/><D18/><U46/><E46/><V133/><F100/><W96/><G96/><T123/><D90/><U37/><E67/><V111/><F105/><W117/><G65/><T73/><D123/><U102/><E102/><V31/><F35/><W70/><G64/><T13/><D106/><U98/><E98/><V43/><F43/><W48/><G41/><T10/><D73/><U36/><E36/><V12/><REACH who="2" step="1"/><F111/><REACH who="2" ten="591,57,38,304" step="2"/><W126/><G33/><T99/><D118/><U68/><E68/><V14/><F14/><AGARI ba="0,1" hai="14,17,23,37,38,42,45,49,54,57,60,88,93,97" machi="14" ten="30,3900,0" yaku="7,1,52,1,54,1" doraHai="58" who="1" fromWho="2" sc="591,0,57,49,38,-39,304,0" owari="591,69.0,106,-29.0,-1,-50.0,304,10.0" /></mjloggm>