<mjloggm ver="2.3"><GO type="169"/><UN n0="%E3%81%8A%EF%BC%81%E3%81%AA%E3%81%AB%EF%BD%9E%EF%BC%9F" n1="%E3%83%AD%E3%83%AA%E3%83%BC%E3%82%BF%E3%81%AA%E7%84%BC%E8%82%89" n2="%E3%83%90%E3%83%88%E3%83%AB%E3%83%89%E3%83%BC%E3%83%A0%EF%BC%81" n3="%EF%BC%88%E2%89%A7%E2%96%BD%E2%89%A6%EF%BC%89" dan="16,17,16,17" rate="2131,2126,2012,2112" sx="M,M,M,M"/><TAIKYOKU oya="0"/><INIT seed="0,0,0,1,3,101" ten="250,250,250,250" oya="0" hai0="74,95,88,93,128,113,17,56,114,73,121,99,21" hai1="54,67,122,4,129,29,127,51,94,33,10,60,63" hai2="20,1,34,117,30,18,11,36,62,19,123,110,43" hai3="71,53,132,116,7,31,84,32,107,3,81,26,75"/><T25/><D121/><U111/><E122/><V14/><F43/><W85/><G116/><T40/><D128/><U27/><E111/><V98/><F36/><W97/><G132/><T89/><D40/><U82/><E129/><V100/><F123/><W58/><G71/><T8/><D8/><U109/><E109/><V37/><F37/><W28/><G28/><T48/><D48/><U39/><E39/><V105/><F110/><W65/><G65/><T72/><REACH who="0" step="1"/><D56/><REACH who="0" ten="240,250,250,250" step="2"/><U41/><E41/><V46/><F117/><W66/><G58/><T124/><D124/><U87/><E127/><V106/><F11/><W79/><G3/><T9/><D9/><U64/><E10/><V135/><F1/><W24/><G7/><T47/><D47/><U49/><E49/><V44/><F44/><W103/><G66/><T22/><D22/><U104/><E67/><V23/><F46/><W131/><G131/><T59/><D59/><U69/><E64/><V2/><F2/><W78/><G53/><T102/><D102/><U91/><E69/><V15/><F20/><W61/><G103/><T134/><D134/><U96/><E54/><V77/><F135/><W108/><G108/><T5/><D5/><U42/><E51/><V112/><F23/><W70/><G70/><T50/><D50/><U90/><E42/><V16/><F100/><W12/><G61/><N who="1" m="23626" /><E4/><V76/><F62/><W35/><G35/><T57/><D57/><U68/><E68/><V83/><F34/><W6/><G32/><T86/><AGARI ba="0,1" hai="17,21,25,72,73,74,86,88,89,93,95,99,113,114" machi="86" ten="30,6000,0" yaku="1,1,0,1,54,1,53,0" doraHai="101" doraHaiUra="133" who="0" fromWho="0" sc="240,70,250,-20,250,-20,250,-20" /><INIT seed="0,1,0,5,2,133" ten="310,230,230,230" oya="0" hai0="111,134,80,14,33,71,30,26,60,107,9,115,29" hai1="132,52,61,109,77,21,82,135,103,37,119,19,6" hai2="16,40,18,45,49,1,129,42,122,93,118,97,79" hai3="126,22,83,70,43,39,110,31,98,94,35,28,13"/><T48/><D115/><U108/><E37/><V113/><F122/><W64/><G35/><T84/><D134/><N who="1" m="51243" /><E119/><V86/><F113/><W38/><G83/><T20/><D107/><U105/><E6/><V89/><F129/><W54/><G54/><T44/><D111/><N who="1" m="42571" /><E21/><V46/><F118/><W10/><G22/><T58/><D71/><U88/><E19/><V41/><F1/><W90/><G39/><T104/><D104/><U63/><E103/><V5/><F5/><W32/><G38/><T8/><D30/><U120/><E120/><V130/><F130/><W91/><G31/><T95/><D95/><U128/><E128/><V11/><F11/><W51/><G10/><T12/><D33/><U67/><E67/><V53/><REACH who="2" step="1"/><F46/><REACH who="2" ten="310,230,220,230" step="2"/><W59/><G110/><T3/><D3/><U55/><E105/><V2/><F2/><W76/><G32/><T72/><D9/><U101/><E101/><V102/><F102/><W96/><G28/><T85/><D8/><U66/><E77/><V81/><AGARI ba="1,1" hai="16,18,40,41,42,45,49,53,79,81,86,89,93,97" machi="81" ten="30,8000,1" yaku="1,1,0,1,8,1,54,1,53,1" doraHai="133" doraHaiUra="74" who="2" fromWho="2" sc="310,-41,230,-21,220,93,230,-21" /><INIT seed="1,0,0,3,2,68" ten="269,209,313,209" oya="1" hai0="91,70,48,94,52,54,30,110,36,72,129,93,53" hai1="11,55,15,125,98,74,114,45,0,83,135,28,127" hai2="34,61,51,27,5,111,92,81,37,96,38,63,3" hai3="41,107,101,106,102,33,29,104,89,121,4,80,14"/><U87/><E114/><V21/><F111/><W103/><G121/><T50/><D72/><U19/><E135/><V18/><F34/><W49/><G33/><T39/><D70/><U71/><E71/><V120/><F120/><W35/><G35/><T123/><D123/><U40/><E74/><V76/><F51/><N who="0" m="19498" /><D110/><U108/><E108/><V56/><F5/><W24/><G24/><T66/><D66/><U116/><E116/><V23/><F3/><W12/><G29/><T79/><D79/><U75/><E75/><V32/><F32/><W133/><G133/><T57/><D57/><U95/><E0/><V16/><F81/><W97/><G4/><T17/><D17/><U10/><E28/><V130/><F76/><W134/><G134/><T82/><D30/><U46/><E11/><V13/><F130/><W85/><REACH who="3" step="1"/><G97/><REACH who="3" ten="269,209,313,199" step="2"/><T62/><D129/><U47/><E40/><V78/><F78/><W73/><G73/><T65/><D62/><U6/><E6/><V128/><F128/><W126/><G126/><T115/><D115/><U90/><REACH who="1" step="1"/><E55/><REACH who="1" ten="269,199,313,199" step="2"/><V99/><F63/><W118/><G118/><T42/><D52/><U20/><E20/><V58/><F61/><W119/><G119/><T117/><D53/><U88/><AGARI ba="0,2" hai="10,15,19,45,46,47,83,87,88,90,95,98,125,127" machi="88" ten="30,6000,0" yaku="1,1,0,1,54,1,53,0" doraHai="68" doraHaiUra="67" who="1" fromWho="1" sc="269,-20,199,80,313,-20,199,-20" /><INIT seed="1,1,0,4,4,96" ten="249,279,293,179" oya="1" hai0="130,105,66,15,112,80,68,60,42,6,93,101,129" hai1="11,52,25,110,46,8,47,128,95,106,43,29,33" hai2="97,1,28,94,5,125,44,24,89,55,63,90,36" hai3="113,109,126,78,7,82,62,104,56,2,10,91,57"/><U67/><E106/><V131/><F131/><W77/><G113/><T13/><D112/><U61/><E128/><N who="0" m="49257" /><D42/><U86/><E110/><V22/><F125/><W3/><G126/><T16/><D80/><U99/><E86/><V124/><F124/><W92/><G109/><T64/><D64/><U74/><E74/><V23/><F36/><W76/><G104/><T17/><D105/><U83/><E83/><V88/><F22/><W84/><G2/><T81/><D81/><U118/><E118/><V100/><F5/><W87/><REACH who="3" step="1"/><G56/><REACH who="3" ten="249,279,293,169" step="2"/><T58/><D68/><U35/><E35/><V51/><F1/><W48/><G48/><T72/><D72/><U132/><E132/><V133/><F133/><W98/><G98/><N who="0" m="59599" /><D6/><U115/><E115/><V114/><F114/><W21/><G21/><T18/><AGARI ba="1,1" hai="13,15,16,17,18,58,60,66" m="59599,49257" machi="18" ten="30,4000,0" yaku="19,1,52,1,54,1" doraHai="96" who="0" fromWho="0" sc="249,53,279,-21,293,-11,169,-11" /><INIT seed="2,0,0,1,1,105" ten="302,258,282,158" oya="2" hai0="25,83,129,21,126,40,119,86,115,70,106,35,57" hai1="69,103,99,37,23,55,56,92,2,13,73,114,81" hai2="1,54,93,49,46,38,19,67,65,68,72,134,36" hai3="24,85,112,45,17,11,29,74,30,130,51,33,101"/><V10/><F134/><W31/><G130/><T9/><D115/><U50/><E2/><V128/><F128/><W8/><G112/><T80/><D70/><U124/><E114/><V109/><F109/><W79/><G101/><T32/><D129/><U52/><E69/><V127/><F127/><W108/><G108/><T107/><D126/><U48/><E37/><V7/><F72/><W66/><G66/><T111/><D111/><U132/><E124/><V77/><F77/><W63/><G63/><T135/><D135/><U12/><E132/><V0/><F0/><W4/><G74/><T76/><D9/><U43/><E43/><V113/><F113/><W88/><G79/><T27/><D40/><U16/><E73/><V122/><F122/><W121/><G121/><T91/><D57/><N who="1" m="32903" /><E81/><V102/><F68/><W89/><G4/><T62/><D62/><U20/><E12/><V26/><F38/><W3/><G3/><T87/><D119/><U75/><E75/><V97/><REACH who="2" step="1"/><F36/><REACH who="2" ten="302,258,272,158" step="2"/><W96/><G33/><T58/><D76/><U133/><E133/><V41/><F41/><N who="3" m="25007" /><G96/><T34/><D34/><U28/><E28/><V47/><F47/><W64/><G30/><T116/><D35/><U117/><E117/><V44/><F44/><W61/><G31/><T39/><D39/><U6/><E6/><V104/><F104/><W18/><G29/><T59/><D116/><U98/><E23/><AGARI ba="0,1" hai="1,7,10,19,23,26,46,49,54,65,67,93,97,102" machi="23" ten="40,3900,0" yaku="1,1,53,1" doraHai="105" doraHaiUra="42" who="2" fromWho="1" sc="302,0,258,-39,272,49,158,0" /><INIT seed="2,1,0,1,1,79" ten="302,219,321,158" oya="2" hai0="16,125,51,104,97,107,17,58,123,33,0,119,28" hai1="52,12,106,34,127,63,118,76,45,31,108,102,54" hai2="48,18,90,131,113,50,133,9,96,122,114,83,24" hai3="57,86,53,134,27,68,101,78,44,8,109,32,129"/><V55/><F122/><W72/><G68/><T47/><D123/><U112/><E118/><V10/><F131/><W117/><G117/><T103/><D0/><U91/><E112/><V14/><F133/><W85/><G72/><T15/><D119/><U128/><E128/><V69/><F69/><W67/><G129/><T1/><D1/><U87/><E76/><V59/><F113/><W62/><G134/><T30/><D104/><U135/><E135/><V46/><F114/><W71/><G109/><T36/><D36/><U84/><E84/><N who="2" m="50463" /><F96/><W4/><G78/><T40/><D33/><U93/><E127/><V43/><F24/><W116/><G116/><T20/><D125/><U95/><E108/><V2/><F2/><W77/><G77/><T121/><D121/><U130/><E130/><V29/><F29/><W100/><G27/><T38/><D17/><U126/><E126/><V41/><F41/><W61/><G32/><T94/><D107/><U89/><E106/><V110/><F110/><W26/><G26/><T65/><D38/><U115/><E115/><V22/><AGARI ba="1,0" hai="9,10,14,18,22,43,46,48,50,55,59" m="50463" machi="22" ten="30,3000,0" yaku="8,1,52,1" doraHai="79" who="2" fromWho="2" sc="302,-11,219,-11,321,33,158,-11" /><INIT seed="2,2,0,2,2,121" ten="291,208,354,147" oya="2" hai0="38,122,94,26,25,116,49,109,61,4,85,84,98" hai1="35,118,110,100,62,68,21,96,0,135,131,81,93" hai2="76,64,82,86,74,6,101,56,7,125,58,27,67" hai3="89,124,30,90,20,48,47,59,88,102,72,55,134"/><V57/><F125/><W119/><G119/><T111/><D122/><U115/><E35/><V50/><F101/><W9/><G124/><T12/><D38/><U132/><E0/><V28/><F50/><W23/><G72/><T18/><D4/><U87/><E118/><V112/><F112/><W73/><G73/><T33/><D61/><U36/><E115/><V63/><F74/><W19/><G134/><N who="1" m="51242" /><E36/><V32/><REACH who="2" step="1"/><F67/><REACH who="2" ten="291,208,344,147" step="2"/><W60/><G102/><T66/><D66/><N who="1" m="41047" /><E131/><V41/><F41/><W77/><G30/><T54/><D116/><U16/><E110/><V51/><F51/><W108/><G108/><T133/><D111/><U123/><E123/><V127/><F127/><W24/><G48/><T13/><D109/><U97/><E100/><V53/><F53/><W80/><G55/><T103/><D133/><U17/><E21/><V8/><F8/><W92/><G20/><T104/><D54/><U78/><E93/><V10/><F10/><W45/><G9/><T129/><D49/><U44/><E44/><V107/><F107/><W105/><G92/><T71/><D104/><U120/><E120/><V114/><F114/><W22/><G105/><T15/><D94/><U39/><E39/><V34/><F34/><W70/><G23/><T31/><D103/><U128/><E128/><V106/><F106/><W130/><G130/><T40/><D129/><U79/><E81/><V5/><AGARI ba="2,1" hai="5,6,7,27,28,32,56,57,58,63,64,76,82,86" machi="5" ten="30,3000,0" yaku="1,1,0,1,53,0" doraHai="121" doraHaiUra="69" who="2" fromWho="2" sc="291,-12,208,-12,344,46,147,-12" /><INIT seed="2,3,0,4,3,100" ten="279,196,390,135" oya="2" hai0="105,88,73,43,76,3,1,123,116,120,42,87,34" hai1="14,68,99,75,61,102,103,20,29,35,63,132,11" hai2="46,12,23,114,96,91,135,67,89,8,54,4,59" hai3="71,82,70,94,117,108,78,55,22,40,129,26,45"/><V107/><F114/><W83/><G117/><T9/><D34/><U38/><E38/><V85/><F135/><W97/><G129/><T64/><D116/><U16/><E75/><V44/><F67/><W106/><G108/><T47/><D64/><U2/><E132/><V17/><F89/><W41/><G55/><T6/><D3/><U122/><E122/><V51/><F96/><W60/><G106/><T30/><D105/><U57/><E68/><V121/><F107/><W49/><G40/><T53/><D30/><U92/><E103/><V127/><F127/><W56/><G56/><T98/><D98/><U104/><E92/><V109/><F109/><W110/><G110/><T5/><D5/><N who="1" m="1463" /><E57/><V25/><REACH who="2" step="1"/><F121/><REACH who="2" ten="279,196,380,135" step="2"/><W27/><G78/><T62/><D120/><U33/><E33/><V72/><F72/><W69/><G69/><T36/><D123/><U118/><E118/><V48/><F48/><W74/><G71/><T31/><D73/><U39/><E39/><V125/><F125/><W80/><G74/><T95/><D76/><U0/><E0/><V19/><F19/><W81/><G70/><T77/><D77/><U37/><E37/><V28/><F28/><N who="3" m="17495" /><G60/><N who="1" m="23114" /><E29/><V101/><F101/><W111/><G111/><T58/><D31/><U50/><E35/><V32/><F32/><W126/><G126/><T93/><D93/><AGARI ba="3,1" hai="4,8,12,17,23,25,44,46,51,54,59,85,91,93" machi="93" ten="30,11600,0" yaku="1,1,7,1,8,1,53,1" doraHai="100" doraHaiUra="10" who="2" fromWho="0" sc="279,-125,196,0,380,135,135,0" /><INIT seed="2,4,0,5,3,22" ten="154,196,515,135" oya="2" hai0="88,31,87,20,17,19,90,83,58,12,135,63,60" hai1="38,39,14,32,82,48,81,59,85,80,50,11,112" hai2="64,101,24,36,74,46,42,47,76,97,65,106,44" hai3="72,57,37,45,127,111,121,114,1,107,73,21,100"/><V49/><F76/><W54/><G121/><T78/><D135/><U117/><E32/><V104/><F74/><W89/><G1/><T69/><D69/><U29/><E29/><V8/><F106/><W43/><G127/><T51/><D60/><U133/><E117/><V27/><F8/><W123/><G123/><T55/><D31/><U125/><E125/><V132/><F132/><W93/><G114/><T18/><D63/><U92/><E112/><V26/><REACH who="2" step="1"/><F46/><REACH who="2" ten="154,196,505,135" step="2"/><W115/><G115/><T126/><D126/><U134/><E134/><V0/><F0/><W75/><G107/><T70/><D70/><U10/><E133/><V2/><F2/><W52/><G75/><T67/><D67/><U9/><E10/><V4/><F4/><W128/><G73/><T96/><D78/><U84/><E9/><V113/><F113/><W110/><G72/><T118/><D118/><U130/><E11/><V15/><F15/><W108/><G108/><T129/><D129/><U62/><E14/><V122/><F122/><W103/><G128/><T7/><D7/><U99/><E130/><V23/><F23/><W95/><G111/><T35/><D35/><U91/><E39/><V25/><N who="2" m="6144" /><DORA hai="102" /><V16/><F16/><W30/><G37/><T119/><D119/><U5/><E38/><V61/><F61/><W13/><G110/><T79/><D79/><U28/><E5/><V131/><F131/><W56/><G13/><T120/><D120/><U34/><E34/><V86/><F86/><N who="1" m="33385" /><E28/><V116/><F116/><W68/><G30/><T105/><D105/><U94/><E62/><RYUUKYOKU ba="4,1" sc="154,15,196,-15,505,15,135,-15" hai0="12,17,18,19,20,51,55,58,83,87,88,90,96" hai2="36,42,44,47,49,64,65,97,101,104" /><INIT seed="2,5,1,5,2,83" ten="169,181,520,120" oya="2" hai0="28,14,96,10,90,35,47,110,87,101,134,52,106" hai1="60,71,92,74,17,111,84,32,55,132,99,15,62" hai2="104,77,33,113,36,19,13,88,46,7,124,91,72" hai3="116,18,48,9,118,0,81,80,127,125,11,102,44"/><V119/><F119/><N who="3" m="45611" /><G102/><T64/><D134/><U129/><E32/><V112/><F33/><W37/><G37/><T25/><D110/><U26/><E74/><V94/><F104/><W22/><G81/><T20/><D64/><U39/><E39/><V131/><F131/><W109/><G80/><T56/><D47/><U66/><E111/><V128/><F128/><W115/><G115/><T27/><D27/><U49/><E129/><V75/><F124/><N who="3" m="47691" /><G109/><T42/><D42/><U43/><E43/><V93/><F112/><W79/><G79/><T3/><D3/><U70/><E132/><V34/><F77/><W107/><G107/><T114/><D114/><U103/><E26/><V12/><F36/><W1/><G48/><T31/><D35/><U63/><E71/><V65/><F34/><W61/><G61/><T68/><D68/><U122/><E122/><V67/><F113/><W4/><G44/><T108/><D108/><U120/><E120/><V69/><F46/><W121/><G121/><T89/><D31/><U50/><E50/><V38/><F69/><W133/><G133/><T6/><D87/><U16/><E62/><AGARI ba="5,1" hai="6,10,14,20,25,28,52,56,62,89,90,96,101,106" machi="62" ten="30,2000,0" yaku="7,1,54,1" doraHai="83" who="0" fromWho="1" sc="169,45,181,-35,520,0,120,0" /><INIT seed="3,0,0,4,1,58" ten="214,146,520,120" oya="3" hai0="19,72,22,103,33,25,31,12,131,102,100,47,76" hai1="37,134,64,43,4,28,34,51,121,61,86,95,67" hai2="77,38,73,62,13,89,1,29,108,128,9,60,6" hai3="75,71,90,7,68,113,97,91,27,16,40,15,87"/><W5/><G113/><T79/><D131/><U135/><E121/><V0/><F128/><W55/><G75/><T20/><D72/><U59/><E4/><V120/><F120/><W126/><G126/><T104/><D104/><U17/><E17/><V88/><F108/><W50/><G40/><T66/><D66/><N who="1" m="39231" /><E28/><V74/><F38/><W65/><G27/><T54/><D33/><U132/><E34/><V85/><F73/><W111/><G111/><T78/><D54/><U14/><E14/><V8/><F74/><W44/><G65/><N who="1" m="25162" /><E86/><V53/><F29/><W48/><G71/><T116/><D116/><U122/><E95/><V81/><F1/><W21/><G50/><T57/><D57/><U63/><E63/><N who="2" m="24107" /><F53/><W129/><G68/><T56/><D56/><U130/><E130/><V112/><F0/><W45/><G129/><T119/><D119/><U127/><E127/><V83/><F9/><W105/><G105/><T30/><D30/><U96/><E122/><V70/><F89/><W109/><G109/><T82/><D82/><U80/><E80/><V39/><F83/><N who="3" m="49535" /><G45/><AGARI ba="0,0" hai="12,19,20,22,25,31,45,47,76,78,79,100,102,103" machi="45" ten="40,1300,0" yaku="8,1" doraHai="58" who="0" fromWho="3" sc="214,13,146,0,520,0,120,-13" /><INIT seed="4,0,0,2,5,112" ten="227,146,520,107" oya="0" hai0="33,74,91,59,107,19,114,47,124,126,64,35,30" hai1="6,41,0,90,1,79,38,42,58,81,52,3,132" hai2="97,29,102,72,121,88,5,99,8,21,22,71,113" hai3="94,116,65,101,37,82,87,2,69,4,76,17,34"/><T119/><D119/><U77/><E132/><V93/><F71/><W135/><G34/><T14/><D107/><U51/><E6/><V16/><F72/><W78/><G37/><T13/><D74/><U43/><REACH who="1" step="1"/><E38/><REACH who="1" ten="227,136,520,107" step="2"/><V54/><F5/><W46/><G135/><T20/><D114/><U7/><E7/><V28/><F113/><W103/><G4/><T25/><D124/><U36/><E36/><V108/><F121/><W11/><G2/><T130/><D126/><U67/><E67/><V68/><F108/><W61/><G116/><T104/><D64/><U89/><E89/><V109/><F88/><W129/><G76/><T123/><D91/><U63/><E63/><V117/><F109/><W100/><G129/><T66/><D130/><U115/><E115/><V131/><F131/><W12/><REACH who="3" step="1"/><G46/><REACH who="3" ten="227,136,520,97" step="2"/><T110/><D47/><U86/><AGARI ba="0,2" hai="0,1,3,41,42,43,51,52,58,77,79,81,86,90" machi="86" ten="40,5200,0" yaku="1,1,0,1,54,1,53,0" doraHai="112" doraHaiUra="128" who="1" fromWho="1" sc="227,-26,136,72,520,-13,97,-13" /><INIT seed="5,0,0,2,3,79" ten="201,208,507,84" oya="1" hai0="103,32,4,64,63,68,15,19,57,35,95,50,106" hai1="66,92,49,34,104,13,52,87,102,29,86,88,46" hai2="9,55,125,82,62,44,36,135,100,117,38,58,51" hai3="73,43,99,89,16,83,20,41,11,0,94,105,61"/><U111/><E111/><V40/><F117/><W129/><G129/><T130/><D106/><U112/><E112/><V84/><F125/><W14/><G105/><T76/><D4/><U23/><E66/><V97/><F9/><W37/><G37/><T93/><D130/><U45/><E34/><V98/><F135/><W109/><G109/><T1/><D1/><U3/><E3/><V69/><F69/><W60/><G0/><T108/><D108/><U24/><E13/><V42/><F42/><W67/><G61/><T96/><D76/><U18/><E29/><V133/><F133/><W74/><G74/><T118/><D118/><U127/><E127/><V28/><F28/><W26/><G73/><T5/><D5/><U59/><E104/><V71/><F71/><W6/><REACH who="3" step="1"/><G83/><REACH who="3" ten="201,208,507,74" step="2"/><T25/><D68/><AGARI ba="0,1" hai="6,11,14,16,20,26,41,43,60,67,68,89,94,99" machi="68" ten="30,7700,0" yaku="1,1,2,1,7,1,54,1,53,0" doraHai="79" doraHaiUra="124" who="3" fromWho="0" sc="201,-77,208,0,507,0,74,87" /><INIT seed="6,0,0,5,3,84" ten="124,208,507,161" oya="2" hai0="12,5,93,71,76,72,53,97,118,110,85,55,101" hai1="11,92,87,22,115,6,49,124,103,19,126,107,0" hai2="112,125,24,4,117,39,134,105,133,104,38,43,111" hai3="128,21,127,79,120,132,100,47,44,42,15,102,81"/><V35/><F117/><W45/><G120/><T8/><D110/><U70/><E70/><V123/><F125/><N who="1" m="48233" /><E115/><V75/><F75/><W130/><G127/><T27/><D118/><U51/><E107/><V59/><F112/><W94/><G42/><T9/><D71/><U33/><E33/><V37/><F59/><W62/><G132/><N who="2" m="50793" /><F4/><W90/><G62/><T98/><D72/><U3/><E3/><V7/><F7/><W56/><G56/><T32/><D32/><U40/><E40/><V108/><F43/><W113/><G113/><T69/><D69/><U80/><E92/><V68/><F68/><W46/><G46/><T25/><D9/><U50/><E103/><V58/><F58/><W48/><G48/><T131/><D131/><U116/><E116/><V129/><F129/><W89/><G130/><T17/><D97/><U114/><E114/><V30/><F123/><W66/><G128/><T1/><D1/><U64/><E64/><V78/><F78/><W18/><G66/><T60/><D60/><U88/><E50/><V86/><F86/><N who="3" m="50383" /><G79/><T83/><REACH who="0" step="1"/><D5/><REACH who="0" ten="114,208,507,161" step="2"/><U73/><E73/><V99/><F99/><AGARI ba="0,1" hai="15,18,21,44,45,47,90,94,99,100,102" m="50383" machi="99" ten="30,3900,0" yaku="8,1,52,2" doraHai="84" who="3" fromWho="2" sc="114,0,208,0,507,-39,161,49" /><INIT seed="7,0,0,5,3,130" ten="114,208,468,210" oya="3" hai0="28,34,51,112,95,91,54,4,70,96,23,58,77" hai1="68,116,117,15,133,6,78,71,99,17,73,119,61" hai2="84,36,114,121,101,56,16,2,55,5,22,40,131" hai3="115,126,8,1,124,129,88,135,89,12,67,80,53"/><W25/><G1/><T48/><D34/><U132/><E99/><V102/><F131/><W41/><G129/><T33/><D33/><U87/><E73/><V113/><F121/><W66/><G41/><T42/><D70/><N who="1" m="26667" /><E61/><V82/><F40/><W52/><G25/><T110/><D110/><U46/><E46/><V90/><F36/><W104/><G115/><N who="2" m="44041" /><F5/><W100/><G104/><T27/><D112/><U30/><E30/><V31/><F31/><W76/><G100/><T39/><D39/><U45/><E45/><V81/><F81/><W0/><G0/><T94/><D4/><U18/><E6/><V26/><F2/><W93/><G67/><T118/><D118/><U72/><E72/><V134/><F134/><N who="1" m="51817" /><E15/><V64/><F64/><W19/><G66/><T128/><D128/><U14/><E14/><V109/><F109/><W85/><G135/><T86/><D42/><U47/><E47/><V103/><F103/><W105/><G105/><T127/><D127/><N who="3" m="48681" /><G89/><T125/><D125/><U63/><E63/><AGARI ba="0,0" hai="16,22,26,55,56,63,82,84,90,101,102" m="44041" machi="63" ten="30,2000,0" yaku="15,1,54,1" doraHai="130" who="2" fromWho="1" sc="114,0,208,-20,468,20,210,0" owari="114,-39.0,188,-21.0,488,59.0,210,1.0" /></mjloggm>