<mjloggm ver="2.3"><GO type="41" lobby="0"/><UN n0="%E3%83%A0%E3%82%A8" n1="%E3%82%A6%E3%83%AB%E3%83%88%E3%83%A9%E7%AB%8B%E7%9B%B4" n2="%72%69%6E%6E%32" n3="%E5%A4%B1%E6%A5%BD%E5%9C%92" dan="13,16,13,15" rate="1865.48,2075.83,1816.93,2023.13" sx="M,M,M,F"/><TAIKYOKU oya="0"/><BYE who="3" /><UN n3="%E5%A4%B1%E6%A5%BD%E5%9C%92" /><INIT seed="0,0,0,3,3,6" ten="250,250,250,250" oya="0" hai0="28,90,25,39,44,50,116,100,15,133,74,125,127" hai1="130,60,63,111,83,119,17,75,14,68,19,16,27" hai2="120,31,107,128,89,81,51,77,36,12,80,121,124" hai3="58,47,99,96,57,67,88,122,55,32,69,91,23"/><T59/><D116/><U66/><E119/><V129/><F36/><W113/><G32/><T49/><D74/><U9/><E130/><N who="2" m="50283" /><F124/><N who="0" m="47690" /><D100/><U103/><E111/><V38/><F38/><W117/><G117/><T87/><D133/><U98/><E63/><V7/><F107/><W26/><G69/><T85/><D15/><U71/><E71/><V62/><F31/><N who="3" m="17887" /><G122/><T114/><D114/><U110/><E110/><V37/><F37/><W78/><G78/><T132/><D132/><U18/><E27/><V118/><F118/><W21/><G21/><N who="0" m="15407" /><D59/><U5/><N who="1" m="4608" /><DORA hai="105" /><U94/><REACH who="1" step="1"/><E83/><REACH who="1" ten="250,240,250,250" step="2"/><V34/><F62/><N who="3" m="36159" /><G67/><T102/><D102/><U3/><E3/><V11/><F34/><W24/><G113/><T53/><D50/><U79/><E79/><V86/><F51/><W93/><G24/><T48/><D49/><U41/><E41/><V82/><F82/><W0/><G0/><T123/><D123/><U131/><E131/><V54/><F121/><W20/><G20/><T8/><D48/><U22/><E22/><V30/><F120/><W46/><G58/><T126/><D126/><U106/><E106/><V4/><F80/><W42/><G42/><T76/><D76/><U43/><E43/><V33/><F77/><W56/><G56/><T13/><D39/><U10/><E10/><V1/><F1/><W61/><G61/><T95/><D8/><U115/><E115/><V52/><F4/><W112/><G112/><T2/><D2/><U104/><E104/><V97/><F7/><W73/><G73/><AGARI ba="0,1" hai="5,9,14,60,66,68,73,75,94,98,103" m="4608" machi="73" ten="50,8000,1" yaku="1,1,52,3,54,1,53,0" doraHai="6,105" doraHaiUra="70,84" who="1" fromWho="3" sc="250,0,240,90,250,0,250,-80" /><INIT seed="1,0,0,3,4,37" ten="250,330,250,170" oya="1" hai0="36,52,87,39,53,18,41,79,66,15,44,63,69" hai1="133,5,25,108,47,12,23,22,2,84,94,103,7" hai2="119,62,58,134,68,135,114,70,91,129,118,126,40" hai3="102,54,14,38,29,100,113,128,90,49,85,112,56"/><U59/><E2/><V55/><F91/><W107/><G128/><T3/><D3/><U17/><E133/><N who="2" m="50699" /><F129/><W74/><G38/><T131/><D131/><U71/><E71/><N who="2" m="27179" /><F126/><W121/><G121/><T72/><D72/><U26/><E108/><V123/><F123/><W93/><G74/><T8/><D39/><U24/><E23/><V111/><F111/><W61/><G29/><T45/><D44/><U30/><E30/><V65/><F114/><W88/><G90/><T125/><REACH who="0" step="1"/><D125/><REACH who="0" ten="240,330,250,170" step="2"/><U0/><E0/><V76/><F76/><W10/><G113/><T31/><D31/><U80/><E47/><V64/><F40/><W98/><G112/><T82/><AGARI ba="0,1" hai="8,15,18,36,41,45,52,53,63,66,69,79,82,87" machi="82" ten="30,7900,0" yaku="1,1,0,1,52,1,54,1,53,0" doraHai="37" doraHaiUra="122" who="0" fromWho="0" sc="240,89,330,-39,250,-20,170,-20" /><INIT seed="2,0,0,5,1,81" ten="329,291,230,150" oya="2" hai0="79,51,46,63,72,131,11,45,64,56,74,26,85" hai1="128,57,41,18,52,10,2,119,65,130,109,75,33" hai2="121,78,116,123,76,55,132,6,133,44,125,126,13" hai3="90,135,84,19,48,4,89,30,49,43,53,87,68"/><V111/><F116/><W73/><G68/><T12/><D26/><U71/><E33/><V66/><F111/><W124/><G73/><T47/><D131/><U32/><E32/><V16/><F6/><W3/><G124/><N who="2" m="47721" /><F66/><W31/><G135/><N who="2" m="51785" /><F55/><W117/><G117/><T88/><D79/><N who="2" m="30250" /><F44/><N who="3" m="25631" /><G3/><T91/><D91/><N who="3" m="34825" /><G4/><T99/><D99/><U21/><E52/><V82/><F82/><W59/><G19/><T118/><D118/><U70/><E18/><V97/><F97/><W83/><G83/><T93/><REACH who="0" step="1"/><D51/><REACH who="0" ten="319,291,230,150" step="2"/><U120/><E119/><V42/><F42/><W54/><G54/><T114/><D114/><U35/><E41/><V38/><F38/><W102/><G102/><T61/><D61/><U129/><E129/><V40/><F40/><W69/><G69/><T0/><D0/><U22/><E70/><V100/><F100/><W58/><G58/><T108/><D108/><U96/><E57/><V34/><F34/><W127/><G127/><T37/><D37/><U27/><E71/><V9/><AGARI ba="0,1" hai="9,13,16,121,123" m="30250,51785,47721" machi="9" ten="40,7800,0" yaku="18,1,20,1,54,1" doraHai="81" who="2" fromWho="2" sc="319,-26,291,-26,230,88,150,-26" /><INIT seed="2,1,0,2,4,80" ten="293,265,318,124" oya="2" hai0="9,108,53,113,66,74,98,12,21,70,84,114,45" hai1="120,43,134,19,31,33,102,36,124,23,4,20,65" hai2="116,112,54,59,14,106,58,85,49,44,25,55,111" hai3="128,46,75,64,24,34,100,22,27,86,94,37,51"/><V129/><F116/><W40/><G75/><T107/><D74/><U115/><E115/><V90/><F106/><W127/><G127/><T79/><D108/><U105/><E124/><V104/><F112/><W88/><G128/><T122/><D122/><U5/><E120/><V73/><F73/><W72/><G72/><T8/><D98/><U119/><E43/><V89/><F104/><W101/><G64/><T0/><D107/><U68/><E36/><V99/><F129/><W97/><G37/><T110/><D110/><U83/><E23/><V96/><F111/><W1/><G1/><T63/><D0/><U30/><E30/><V77/><F77/><W28/><REACH who="3" step="1"/><G97/><REACH who="3" ten="293,265,318,114" step="2"/><T126/><D126/><U61/><E65/><V93/><F99/><W71/><G71/><T35/><D114/><U32/><E68/><V56/><F25/><W16/><AGARI ba="1,1" hai="16,22,24,27,28,34,40,46,51,86,88,94,100,101" machi="16" ten="20,12000,2" yaku="1,1,0,1,7,1,52,1,54,2,53,0" doraHai="80" doraHaiUra="131" who="3" fromWho="3" sc="293,-31,265,-31,318,-61,114,133" /><INIT seed="3,0,0,4,5,82" ten="262,234,257,247" oya="3" hai0="135,104,111,122,22,97,34,56,19,68,55,58,102" hai1="85,90,91,87,103,94,71,52,26,89,120,46,32" hai2="51,76,40,23,73,99,93,131,79,126,69,7,80" hai3="117,27,114,31,18,53,15,39,49,54,24,8,84"/><W86/><G39/><T95/><D122/><U44/><E71/><V101/><F69/><W81/><G114/><T21/><D68/><U4/><E120/><V3/><F79/><W127/><G127/><T88/><D34/><U109/><E32/><V29/><F126/><W2/><G2/><T28/><D111/><U133/><E133/><V48/><F131/><W47/><G117/><T75/><D135/><U6/><E109/><V98/><F98/><W0/><G0/><T74/><D28/><U62/><E26/><N who="3" m="9770" /><G81/><T112/><D112/><U63/><E103/><V72/><F29/><W123/><G123/><T108/><D108/><U100/><E100/><V43/><F23/><W20/><G54/><T42/><D42/><U64/><E64/><V11/><F73/><W78/><G78/><T77/><D58/><N who="1" m="35143" /><E63/><V17/><F17/><N who="3" m="8423" /><G31/><T106/><D106/><U67/><E67/><V13/><F3/><W9/><G9/><T16/><D22/><U115/><E115/><V121/><F121/><W134/><G134/><T124/><D124/><U92/><E91/><V14/><F14/><AGARI ba="0,0" hai="14,18,20,47,49,53,84,86" m="8423,9770" machi="14" ten="30,5800,0" yaku="8,1,52,2" doraHai="82" who="3" fromWho="2" sc="262,0,234,0,257,-58,247,58" /><INIT seed="3,1,0,4,0,87" ten="262,234,199,305" oya="3" hai0="57,11,51,133,36,52,21,128,27,111,91,113,42" hai1="18,81,96,125,30,46,8,61,60,83,12,117,44" hai2="45,70,106,73,108,116,65,103,109,86,31,80,107" hai3="33,78,85,97,7,104,2,102,120,29,48,16,6"/><W100/><G2/><T94/><D111/><N who="2" m="42570" /><F116/><W131/><G131/><T35/><D128/><U135/><E117/><V39/><F31/><W92/><G120/><T40/><D35/><U14/><E125/><V112/><F112/><W56/><G100/><T76/><D113/><U93/><E135/><V66/><F86/><W110/><G110/><T105/><D133/><U129/><E30/><V134/><F134/><W41/><G104/><N who="2" m="39977" /><F103/><W34/><G34/><T71/><D71/><U1/><E1/><V28/><F28/><W9/><G33/><T43/><D105/><U64/><E129/><V95/><F95/><N who="3" m="58687" /><G29/><T72/><D11/><U19/><E81/><V74/><F80/><N who="3" m="47255" /><G92/><T132/><D132/><U67/><E83/><V75/><F70/><W38/><G38/><T124/><D124/><U58/><E93/><V24/><F24/><W68/><G68/><T17/><D76/><U127/><E127/><V25/><F25/><W119/><G119/><T90/><D72/><N who="2" m="18434" /><V55/><DORA hai="22" /><F55/><N who="3" m="31847" /><G41/><AGARI ba="1,0" hai="39,41,45,65,66" m="18434,39977,42570" machi="41" ten="50,1600,0" yaku="14,1" doraHai="87,22" who="2" fromWho="3" sc="262,0,234,0,199,19,305,-19" /><INIT seed="4,0,0,3,0,59" ten="262,234,218,286" oya="0" hai0="26,87,97,70,65,104,98,32,21,99,53,122,111" hai1="82,10,49,115,4,13,125,76,67,31,41,44,112" hai2="8,116,36,110,28,131,56,79,39,86,107,6,88" hai3="103,66,9,42,75,128,119,114,130,19,20,3,78"/><T106/><D122/><U62/><E31/><V51/><F107/><W38/><G119/><T113/><D32/><U15/><E15/><V23/><F116/><W81/><G103/><T132/><D113/><U25/><E25/><V40/><F110/><W102/><G114/><T100/><D111/><U22/><E22/><V0/><F131/><W133/><G66/><T12/><D132/><U11/><E11/><V35/><F35/><W93/><G133/><T96/><D12/><U77/><E77/><V55/><F79/><W91/><G102/><T135/><D135/><U94/><E94/><V18/><F28/><W90/><G19/><T64/><D53/><U50/><E125/><V69/><F69/><W37/><G20/><T108/><D108/><U120/><E120/><V80/><REACH who="2" step="1"/><F40/><REACH who="2" ten="262,234,208,286" step="2"/><W127/><G42/><T45/><D70/><U105/><E105/><V63/><F63/><W123/><G130/><T72/><D106/><U47/><E112/><V14/><AGARI ba="0,1" hai="0,6,8,14,18,23,36,39,51,55,56,80,86,88" machi="14" ten="20,5200,0" yaku="1,1,0,1,7,1,54,1,53,0" doraHai="59" doraHaiUra="74" who="2" fromWho="2" sc="262,-26,234,-13,208,62,286,-13" /><INIT seed="5,0,0,3,2,116" ten="236,221,270,273" oya="1" hai0="32,112,97,8,69,128,104,61,94,90,114,9,20" hai1="11,26,117,109,31,37,65,78,70,4,127,133,42" hai2="107,18,56,125,7,99,46,92,5,126,132,17,39" hai3="134,55,85,91,12,3,28,123,58,67,6,54,44"/><U120/><E117/><V40/><F107/><W50/><G3/><T2/><D32/><U68/><E127/><N who="2" m="48651" /><F56/><W48/><G123/><T23/><D104/><U45/><E133/><V81/><F132/><W110/><G134/><T51/><D51/><U71/><E109/><V86/><F81/><W82/><G110/><T118/><D118/><U14/><E78/><V10/><F86/><W30/><G67/><T33/><D33/><U106/><E106/><V47/><F47/><W96/><G96/><T73/><D73/><U64/><REACH who="1" step="1"/><E120/><REACH who="1" ten="236,211,270,273" step="2"/><V115/><F115/><W36/><G36/><T57/><D114/><U105/><E105/><V119/><F119/><W41/><G41/><T83/><D112/><U129/><E129/><V98/><F39/><W29/><G6/><T43/><D128/><U25/><E25/><V88/><F40/><W135/><G135/><T95/><D43/><U79/><E79/><V121/><F121/><W27/><G12/><T74/><D2/><U77/><E77/><V103/><F7/><W100/><G100/><T38/><D38/><U76/><E76/><V89/><F5/><W124/><G124/><T35/><D90/><U60/><E60/><V49/><F89/><W1/><G1/><T62/><D61/><U108/><E108/><V87/><F103/><W16/><G27/><T122/><D62/><U93/><E93/><V24/><F24/><W53/><G53/><T19/><D95/><U84/><E84/><V131/><F131/><W59/><G16/><T52/><D94/><U130/><E130/><V0/><F0/><W102/><G102/><RYUUKYOKU ba="0,1" sc="236,-15,211,15,270,-15,273,15" hai1="4,11,14,26,31,37,42,45,64,65,68,70,71" hai3="28,29,30,44,48,50,54,55,58,59,82,85,91" /><INIT seed="5,1,1,1,0,122" ten="221,226,255,288" oya="1" hai0="13,81,31,64,91,57,14,35,76,129,132,46,120" hai1="6,85,28,36,78,15,84,77,105,130,23,21,66" hai2="123,61,96,59,56,63,2,135,89,68,107,88,4" hai3="104,34,82,44,3,126,72,38,90,92,62,133,53"/><U101/><E36/><V97/><F123/><W106/><G3/><T127/><D120/><U39/><E39/><V49/><F2/><W67/><G34/><T108/><D108/><U18/><E130/><V51/><F4/><W7/><G7/><T117/><D117/><U50/><E6/><V0/><F0/><W112/><G133/><T41/><D129/><U9/><E9/><V43/><F135/><W87/><G126/><T69/><D132/><U119/><E119/><V32/><F32/><W71/><G112/><T10/><D127/><U52/><E66/><V47/><F68/><W22/><G22/><T11/><D69/><U114/><E114/><V115/><F115/><W73/><G73/><T19/><D91/><U58/><E101/><V124/><F124/><W17/><G17/><T37/><D35/><U86/><REACH who="1" step="1"/><E105/><REACH who="1" ten="221,216,255,288" step="2"/><V134/><F134/><W125/><G125/><T26/><D64/><U118/><E118/><V5/><F107/><W33/><G106/><T94/><D37/><U24/><AGARI ba="1,2" hai="15,18,21,23,24,28,50,52,58,77,78,84,85,86" machi="24" ten="30,11700,0" yaku="1,1,0,1,8,1,54,1,53,0" doraHai="122" doraHaiUra="65" who="1" fromWho="1" sc="221,-40,216,140,255,-40,288,-40" /><INIT seed="5,2,0,0,2,81" ten="181,356,215,248" oya="1" hai0="12,17,38,76,125,23,99,47,90,29,104,134,32" hai1="102,121,57,94,114,83,98,20,53,84,122,80,89" hai2="85,133,3,123,72,71,79,105,131,26,68,124,30" hai3="27,111,22,5,0,120,66,62,59,45,113,117,51"/><U78/><E20/><V75/><F85/><W101/><G120/><T4/><D76/><U61/><REACH who="1" step="1"/><E114/><REACH who="1" ten="181,346,215,248" step="2"/><V7/><F123/><W54/><G113/><T2/><D23/><U49/><E49/><V39/><F124/><W11/><G117/><T58/><D125/><U21/><E21/><V103/><F133/><W127/><G127/><T35/><D134/><U41/><E41/><V34/><F39/><W118/><G118/><T6/><D38/><U31/><E31/><V87/><F131/><W33/><G22/><T56/><D29/><U43/><E43/><V52/><F30/><W100/><G111/><T77/><D35/><U96/><E96/><V67/><F34/><W110/><G110/><T63/><D99/><U128/><E128/><V119/><F119/><W65/><G51/><T19/><D32/><U40/><E40/><V10/><F72/><AGARI ba="2,1" hai="53,57,61,72,78,80,83,84,89,94,98,102,121,122" machi="72" ten="30,5800,0" yaku="1,1,7,1,52,1,53,0" doraHai="81" doraHaiUra="24" who="1" fromWho="2" sc="181,0,346,74,215,-64,248,0" /><INIT seed="5,3,0,5,2,100" ten="181,420,151,248" oya="1" hai0="103,120,124,86,84,130,70,16,48,113,18,134,6" hai1="89,42,94,0,87,46,15,102,109,40,27,116,2" hai2="30,12,37,118,105,135,60,77,97,25,104,33,85" hai3="117,52,88,99,5,36,96,79,101,26,75,43,59"/><U81/><E116/><V90/><F118/><W93/><G36/><T32/><D70/><U29/><E109/><V64/><F37/><W63/><G117/><T98/><D113/><U19/><E42/><V76/><F135/><W55/><G43/><T122/><D32/><U41/><E41/><V58/><F12/><W35/><G5/><T74/><D74/><U23/><E102/><V125/><F125/><W24/><G79/><T20/><D134/><U110/><E81/><V127/><F127/><W13/><G13/><T119/><D119/><U51/><REACH who="1" step="1"/><E110/><REACH who="1" ten="181,410,151,248" step="2"/><V115/><F115/><W50/><G35/><AGARI ba="3,1" hai="0,2,15,19,23,27,29,35,40,46,51,87,89,94" machi="35" ten="30,11600,0" yaku="1,1,2,1,7,1,53,1" doraHai="100" doraHaiUra="17" who="1" fromWho="3" sc="181,0,410,135,151,0,248,-125" /><INIT seed="5,4,0,0,5,17" ten="181,545,151,123" oya="1" hai0="134,11,82,56,84,16,132,39,30,57,80,25,95" hai1="114,116,101,75,100,107,88,34,3,32,72,98,21" hai2="90,74,5,73,33,110,40,41,59,77,106,12,81" hai3="55,93,9,61,113,133,1,8,19,18,115,83,58"/><U60/><E116/><V47/><F110/><W135/><G83/><T121/><D39/><U43/><E3/><V96/><F33/><W64/><G93/><T127/><D127/><U66/><E114/><N who="3" m="43530" /><G64/><T22/><D121/><U42/><E101/><V119/><F119/><W126/><G126/><T89/><D11/><N who="3" m="4169" /><G1/><T50/><D30/><U35/><E43/><V86/><F5/><W76/><G76/><T87/><D50/><U67/><E42/><V102/><F12/><W123/><G123/><T85/><D95/><U45/><E67/><V49/><F59/><W78/><G78/><T51/><D51/><U31/><E45/><V108/><F108/><W130/><G130/><T46/><D46/><U63/><E88/><V28/><F28/><W118/><G118/><T79/><REACH who="0" step="1"/><D87/><REACH who="0" ten="171,545,151,123" step="2"/><U131/><E131/><V2/><F74/><W36/><G36/><T104/><D104/><U99/><E75/><V27/><F2/><W7/><G7/><T92/><D92/><U103/><E72/><V44/><F44/><W105/><G105/><T111/><D111/><U65/><E107/><V52/><REACH who="2" step="1"/><F27/><REACH who="2" ten="171,545,141,123" step="2"/><W37/><G37/><T120/><D120/><U29/><E34/><V68/><F68/><W4/><G4/><T124/><D124/><U122/><E122/><V6/><F6/><W62/><G19/><T38/><D38/><U97/><E35/><V109/><F109/><W20/><G62/><N who="1" m="23594" /><E32/><V26/><F26/><AGARI ba="4,2" hai="18,20,26,55,58,61,133,135" m="4169,43530" machi="26" ten="30,2000,0" yaku="15,1,52,1" doraHai="17" who="3" fromWho="2" sc="171,0,545,0,141,-32,123,52" /><INIT seed="6,0,0,2,0,112" ten="171,545,109,175" oya="2" hai0="82,105,74,11,57,12,128,25,86,81,34,126,113" hai1="131,60,118,58,21,90,6,76,22,73,36,27,69" hai2="61,102,78,49,101,38,52,70,3,17,55,48,117" hai3="4,103,37,96,107,100,31,67,98,23,87,54,28"/><V85/><F38/><W65/><G37/><T109/><D109/><U9/><E69/><V122/><F122/><W56/><G4/><T94/><D105/><U80/><E131/><V135/><F3/><W127/><G127/><T32/><D113/><U5/><E5/><V2/><F2/><W19/><G87/><T89/><D126/><U47/><E22/><V132/><F117/><W8/><G8/><T63/><D128/><U30/><E118/><V43/><F17/><W39/><G39/><T77/><D25/><U59/><E90/><V134/><F43/><W40/><G40/><T97/><D82/><U114/><E114/><V95/><F70/><W71/><G71/><T120/><D120/><U88/><E88/><N who="2" m="53647" /><F78/><W66/><G31/><T116/><D116/><U0/><E60/><V53/><F61/><W84/><G84/><T68/><D68/><U115/><E115/><V33/><F33/><W15/><G28/><T7/><D74/><U26/><E26/><V129/><F129/><W121/><G121/><T110/><D110/><U99/><E99/><N who="3" m="37930" /><G107/><T119/><D119/><U111/><E111/><V91/><F91/><W123/><G123/><T45/><D45/><U18/><E30/><V124/><F124/><W92/><G92/><T16/><D7/><U133/><E133/><N who="2" m="34051" /><V79/><DORA hai="93" /><F79/><W104/><G104/><T46/><D46/><U62/><E62/><AGARI ba="0,0" hai="15,19,23,54,56,62,65,66,67,100,103" m="37930" machi="62" ten="30,7700,0" yaku="8,1,52,3" doraHai="112,93" who="3" fromWho="1" sc="171,0,545,-77,109,0,175,77" /><INIT seed="7,0,0,4,4,131" ten="171,468,109,252" oya="3" hai0="81,121,13,4,89,124,50,103,36,122,26,119,5" hai1="51,24,59,91,0,134,45,82,3,113,57,66,98" hai2="16,132,35,68,79,110,20,118,84,128,76,115,73" hai3="14,31,93,52,63,130,95,43,135,32,133,21,90"/><W55/><G130/><T49/><D119/><U33/><E113/><V60/><F35/><W69/><G32/><T83/><D36/><U25/><E134/><N who="3" m="51210" /><G43/><T10/><D103/><U112/><E112/><V64/><F128/><W75/><G75/><T129/><D129/><U2/><E25/><V71/><F132/><W18/><G31/><T94/><D124/><U96/><E24/><V114/><F118/><W107/><G107/><T39/><D39/><U40/><E66/><V97/><F73/><W34/><G34/><T125/><D125/><U100/><E33/><V104/><F110/><W78/><G78/><T6/><D26/><U123/><E123/><V105/><F114/><W30/><G30/><T38/><D38/><U27/><E27/><V58/><F115/><W99/><G95/><T62/><D62/><U1/><E51/><N who="0" m="19465" /><D122/><U41/><E41/><V56/><F71/><W109/><G109/><T116/><D121/><U19/><E40/><V86/><F79/><W11/><G11/><T22/><D22/><U67/><E82/><N who="0" m="31241" /><D116/><U77/><E77/><V106/><F76/><W92/><G93/><T37/><D37/><U48/><E45/><V8/><F8/><W61/><G61/><T23/><D23/><U54/><E48/><V72/><F72/><W29/><G29/><T15/><D13/><U87/><E0/><V74/><F74/><W28/><G28/><T127/><D127/><U47/><E47/><V80/><F80/><W17/><G17/><T70/><D70/><U9/><E19/><V101/><F104/><W44/><G44/><T126/><D126/><RYUUKYOKU ba="0,0" sc="171,15,468,-15,109,-15,252,15" hai0="4,5,6,10,15,89,94" hai3="14,18,21,52,55,63,69,90,92,99" /><INIT seed="7,1,0,1,1,106" ten="186,453,94,267" oya="3" hai0="90,28,75,30,86,110,40,52,80,112,70,50,124" hai1="43,54,2,13,55,32,58,34,73,131,129,45,59" hai2="95,94,9,60,48,107,67,25,27,77,23,61,26" hai3="14,0,120,7,29,10,38,71,44,18,128,72,85"/><W119/><G71/><T122/><D110/><U63/><E2/><V103/><F107/><W91/><G120/><T109/><D122/><U97/><E13/><V8/><F77/><W87/><G119/><T24/><D109/><U132/><E97/><V62/><F48/><W79/><G128/><N who="1" m="49226" /><E73/><V53/><F53/><W125/><G29/><T68/><D30/><U1/><E1/><V31/><F25/><W22/><G125/><T126/><D40/><U117/><E132/><V20/><F62/><W118/><G91/><T114/><D70/><U102/><E102/><V12/><F61/><W66/><G66/><T92/><D68/><U82/><E82/><V11/><F103/><W57/><G57/><N who="0" m="32919" /><D24/><U81/><E81/><V35/><F35/><W64/><G64/><T36/><D28/><U76/><E76/><V84/><F84/><W56/><G56/><N who="1" m="21546" /><E117/><V16/><F67/><W108/><G108/><T123/><D36/><N who="1" m="21735" /><E63/><V39/><F60/><W6/><G6/><T78/><D123/><U133/><E133/><V37/><F39/><W99/><G99/><T104/><D104/><U134/><E134/><V115/><F37/><W33/><G33/><AGARI ba="1,0" hai="32,33,34,54,55" m="21735,21546,49226" machi="33" ten="30,1000,0" yaku="19,1" doraHai="106" who="1" fromWho="3" sc="186,0,453,13,94,0,267,-13" owari="186,-21.0,466,57.0,94,-41.0,254,5.0" /></mjloggm>