<mjloggm ver="2.3"><GO type="41"/><UN n0="%EF%BC%88%E2%89%A7%E2%96%BD%E2%89%A6%EF%BC%89" n1="%E3%81%97%E3%81%8A%E3%82%84%E3%81%A0%E3%82%93" n2="%31%30%33%31%30%33" n3="%50%72%6F%66%2E%47%33" dan="14,16,14,15" rate="2059,2048,1885,1959" sx="M,F,M,M"/><TAIKYOKU oya="0"/><INIT seed="0,0,0,2,5,27" ten="250,250,250,250" oya="0" hai0="64,135,74,6,17,73,127,132,75,20,70,104,35" hai1="83,37,10,42,30,50,14,52,8,5,125,112,122" hai2="107,47,89,129,43,72,33,77,134,11,82,39,80" hai3="97,46,101,114,98,121,113,130,115,13,16,22,111"/><T63/><D104/><U67/><E122/><V44/><F107/><W56/><G111/><T26/><D127/><U108/><E125/><V28/><F134/><W25/><G121/><T124/><D124/><U110/><E67/><V90/><F129/><W133/><G130/><T7/><REACH who="0" step="1"/><D35/><REACH who="0" step="2"/><U38/><E110/><V49/><F33/><W21/><G133/><AGARI ba="0,1" hai="6,7,17,20,26,63,64,70,73,74,75,132,133,135" machi="133" ten="50,9600,0" yaku="1,1,2,1,20,1,53,0" doraHai="27" doraHaiUra="99" who="0" fromWho="3" sc="240,106,250,0,250,0,250,-96" /><INIT seed="0,1,0,4,0,4" ten="346,250,250,154" oya="0" hai0="121,77,111,22,50,119,80,27,82,131,52,57,78" hai1="0,19,69,35,1,130,12,23,68,102,90,122,2" hai2="17,72,135,84,100,29,67,97,59,36,3,7,45" hai3="30,81,64,65,31,71,54,66,110,42,85,134,74"/><T76/><D121/><U9/><E122/><V13/><F72/><W129/><G134/><T107/><D119/><U56/><E102/><V46/><F135/><W128/><G110/><T125/><D131/><U37/><E37/><V106/><F36/><W104/><G74/><T83/><D125/><U98/><E130/><N who="3" m="50282" /><G104/><T124/><D124/><U41/><E41/><V26/><F84/><W53/><G42/><T123/><D123/><U6/><E56/><V61/><F7/><W113/><G113/><T51/><D111/><U114/><E114/><V75/><F3/><W16/><G16/><T11/><D107/><U60/><E35/><V62/><F62/><W96/><G96/><T101/><D101/><U43/><E43/><V116/><F75/><W14/><G14/><T94/><D94/><U49/><E49/><V115/><F116/><W34/><G71/><T28/><REACH who="0" step="1"/><D11/><REACH who="0" step="2"/><U132/><E132/><V86/><F115/><W18/><G81/><T92/><D92/><U38/><E9/><V88/><F106/><W112/><G112/><T48/><AGARI ba="1,1" hai="22,27,28,48,50,51,52,57,76,77,78,80,82,83" machi="48" ten="40,12000,1" yaku="1,1,0,1,8,1,54,1,53,0" doraHai="4" doraHaiUra="93" who="0" fromWho="0" sc="336,133,250,-41,250,-41,154,-41" /><INIT seed="0,2,0,1,5,27" ten="469,209,209,113" oya="0" hai0="107,52,97,119,113,64,6,104,79,122,109,89,83" hai1="116,28,60,36,92,29,11,99,44,117,21,65,118" hai2="34,58,32,54,124,114,70,2,127,75,50,42,131" hai3="85,73,61,39,106,135,7,8,77,82,78,66,80"/><T87/><D122/><U86/><E21/><V55/><F75/><W41/><G135/><T19/><D119/><U20/><E20/><V100/><F2/><W63/><G106/><T101/><D113/><U40/><E86/><V68/><F100/><W26/><G26/><T71/><D109/><U48/><E11/><V17/><F114/><W46/><REACH who="3" step="1"/><G66/><REACH who="3" step="2"/><T0/><D107/><U103/><REACH who="1" step="1"/><E36/><REACH who="1" step="2"/><V24/><F24/><W120/><G120/><T112/><D112/><U59/><AGARI ba="2,2" hai="28,29,40,44,48,59,60,65,92,99,103,116,117,118" machi="59" ten="30,8000,1" yaku="1,1,2,1,0,1,52,2,53,0" doraHai="27" doraHaiUra="108" who="1" fromWho="1" sc="469,-42,199,106,209,-22,103,-22" /><INIT seed="1,0,0,0,0,80" ten="427,305,187,81" oya="1" hai0="11,73,15,51,113,30,133,0,130,43,56,117,101" hai1="65,97,52,82,105,24,84,46,121,29,99,42,45" hai2="86,98,88,107,96,68,49,18,5,109,7,31,6" hai3="23,64,60,114,48,44,106,124,13,26,78,3,67"/><U70/><E121/><V115/><F68/><W9/><G124/><T75/><D117/><U12/><E70/><V57/><F109/><W91/><G3/><T135/><D113/><U22/><E65/><V72/><F72/><W102/><G114/><T36/><D0/><U122/><E122/><V33/><F115/><W62/><G78/><T81/><D130/><U25/><E105/><V108/><F108/><W55/><G106/><T79/><D101/><U127/><E127/><V50/><F107/><W4/><G102/><T71/><D71/><U34/><E12/><V27/><F18/><W35/><G35/><T118/><D30/><U129/><E129/><V134/><F134/><N who="0" m="51210" /><D118/><U19/><E46/><V111/><F111/><W38/><G38/><T69/><D69/><U40/><E40/><V92/><F57/><W112/><G112/><T104/><D104/><U100/><E100/><V8/><F8/><W54/><G91/><T120/><D120/><U32/><E32/><V41/><F50/><W94/><G94/><T103/><D103/><U59/><E45/><V77/><F77/><W95/><G95/><T110/><D110/><U93/><E42/><V126/><F126/><W53/><G62/><T16/><D36/><U85/><E82/><V39/><F39/><W90/><G90/><T20/><D75/><U47/><E93/><V58/><REACH who="2" step="1"/><F41/><REACH who="2" step="2"/><N who="3" m="24591" /><G60/><T132/><D132/><U66/><E59/><V14/><F14/><W119/><G119/><T61/><D61/><U83/><E29/><AGARI ba="0,1" hai="4,9,13,23,26,29,53,54,55,64,67" m="24591" machi="29" ten="30,1000,0" yaku="8,1" doraHai="80" who="3" fromWho="1" sc="427,0,305,-10,177,0,81,20" /><INIT seed="2,0,0,4,2,125" ten="427,295,177,101" oya="2" hai0="22,57,16,106,120,108,21,100,101,8,116,95,128" hai1="114,45,74,41,17,30,75,11,88,42,78,64,7" hai2="5,98,55,20,52,80,105,115,3,119,23,14,13" hai3="66,44,0,60,126,33,70,46,15,79,31,47,27"/><V87/><F119/><W133/><G126/><T83/><D120/><U59/><E114/><V19/><F115/><W76/><G133/><T109/><D116/><U118/><E118/><V122/><F122/><W123/><G0/><T131/><D106/><U134/><E30/><V111/><F3/><W99/><G123/><T72/><D57/><U86/><E134/><V82/><F111/><N who="0" m="42570" /><D8/><U49/><E42/><V104/><F98/><W124/><G124/><T32/><D32/><U89/><E17/><V35/><F35/><W24/><G15/><N who="0" m="9375" /><D22/><U58/><E75/><V94/><F104/><W102/><REACH who="3" step="1"/><G27/><REACH who="3" step="2"/><T48/><D131/><U10/><E7/><V90/><F5/><W39/><G39/><T34/><D128/><U117/><E117/><V9/><F14/><W110/><G110/><T97/><D34/><U51/><E74/><V71/><F71/><W62/><G62/><T91/><D48/><U107/><E51/><V93/><F13/><W132/><G132/><T18/><D72/><U73/><E73/><V2/><F2/><W85/><G85/><N who="0" m="50623" /><D18/><U61/><E49/><V92/><F19/><W129/><G129/><T56/><D56/><U28/><E59/><V63/><F63/><W135/><G135/><T77/><D77/><U1/><E58/><V37/><F37/><W26/><G26/><T38/><D38/><U25/><E61/><V65/><F87/><W6/><G6/><T112/><D112/><U53/><E86/><V84/><F84/><W81/><G81/><T43/><D43/><U96/><E78/><V12/><F82/><W54/><G54/><RYUUKYOKU ba="0,1" sc="427,15,295,-15,177,-15,91,15" hai0="95,97,100,101" hai3="24,31,33,44,46,47,60,66,70,76,79,99,102" /><INIT seed="3,1,1,3,5,35" ten="442,280,162,106" oya="3" hai0="15,47,14,74,93,43,50,8,107,38,119,56,92" hai1="121,132,0,130,83,131,37,125,45,66,117,17,34" hai2="4,1,87,79,122,46,41,114,126,77,24,124,102" hai3="88,19,51,63,103,127,9,6,116,3,111,109,104"/><W70/><G116/><T31/><D119/><U11/><E121/><V89/><F114/><W113/><G113/><T49/><D107/><U26/><E117/><V98/><F122/><W2/><G127/><N who="2" m="48681" /><F24/><W100/><G19/><T64/><D74/><U108/><E125/><V33/><F33/><W123/><G123/><T27/><D38/><U97/><E66/><V28/><F28/><W71/><G51/><T80/><D80/><U65/><E65/><V59/><F59/><W112/><G112/><T40/><D40/><U5/><E97/><V60/><F60/><W90/><G63/><N who="0" m="37991" /><D50/><U84/><E37/><N who="2" m="21807" /><F1/><W129/><G129/><T101/><D101/><U134/><E45/><V86/><F4/><W72/><G72/><T22/><D15/><U58/><E58/><V32/><F87/><W10/><G6/><AGARI ba="1,1" hai="6,8,14,22,27,31,43,47,49,92,93" m="37991" machi="6" ten="30,1000,0" yaku="8,1" doraHai="35" who="0" fromWho="3" sc="442,23,280,0,162,0,106,-13" /><INIT seed="4,0,0,2,1,36" ten="465,280,162,93" oya="0" hai0="131,70,46,133,49,98,61,14,111,10,39,33,43" hai1="119,32,128,87,54,80,24,64,126,91,17,127,117" hai2="68,69,58,115,25,55,96,100,130,110,78,118,124" hai3="1,20,122,60,86,57,135,113,19,132,77,51,134"/><T16/><D33/><U27/><E64/><V125/><F110/><W120/><G77/><T8/><D111/><U109/><E109/><V129/><F78/><W84/><G1/><T40/><D133/><U74/><E74/><V112/><F25/><N who="1" m="9801" /><E32/><V41/><F118/><W3/><G3/><T65/><D131/><N who="2" m="50186" /><F96/><W75/><G75/><T50/><D98/><U99/><E128/><V56/><F100/><W2/><G2/><T94/><D94/><N who="1" m="56799" /><E17/><V42/><F56/><W37/><G19/><T92/><D92/><U93/><E93/><V29/><F29/><W48/><G20/><T63/><D63/><U72/><E72/><V0/><F0/><W121/><G84/><T106/><D106/><U95/><E95/><V44/><F44/><W66/><G86/><T85/><D85/><U11/><E54/><V47/><F47/><W73/><G73/><T90/><D90/><N who="1" m="51559" /><E11/><V53/><F53/><W22/><G22/><T12/><D43/><N who="2" m="16394" /><F58/><W101/><G101/><T88/><D88/><U28/><E28/><V6/><F55/><W59/><G37/><T23/><D8/><U89/><E89/><V67/><F6/><AGARI ba="0,0" hai="6,10,12,14,16,23,39,40,46,49,50,61,65,70" machi="6" ten="30,5800,0" yaku="7,1,52,1,54,1" doraHai="36" who="0" fromWho="2" sc="465,58,280,0,162,-58,93,0" /><INIT seed="4,1,0,0,2,56" ten="523,280,104,93" oya="0" hai0="19,2,40,34,91,70,23,126,38,35,94,86,32" hai1="8,90,5,83,0,43,47,65,109,31,44,67,61" hai2="12,88,60,112,130,25,33,72,64,117,63,57,82" hai3="36,48,122,45,80,66,118,129,1,39,73,87,111"/><T55/><D2/><U131/><E109/><V75/><F112/><W81/><G111/><T28/><D70/><U3/><E3/><V4/><F130/><W107/><G118/><T6/><D6/><U135/><E135/><V128/><F128/><W89/><G129/><T121/><D121/><U85/><E131/><V76/><F117/><W92/><G107/><T21/><D126/><U96/><E65/><V71/><F75/><W104/><G104/><T9/><D28/><U134/><E134/><V78/><F72/><W79/><G122/><T24/><D9/><U16/><E31/><V103/><F103/><W29/><G1/><T120/><D120/><U52/><E43/><V101/><F101/><W17/><G29/><T106/><D106/><U27/><E96/><V113/><F113/><W127/><G127/><T50/><D23/><U74/><E74/><V95/><F82/><W114/><G114/><T51/><D55/><U46/><E52/><V15/><F25/><W115/><G115/><T10/><D10/><U22/><REACH who="1" step="1"/><E44/><REACH who="1" step="2"/><V18/><F64/><W77/><G66/><T108/><D40/><U119/><E119/><V99/><F99/><W69/><G69/><AGARI ba="1,1" hai="0,5,8,16,22,27,46,47,61,67,69,83,85,90" machi="69" ten="30,7700,0" yaku="1,1,7,1,52,1,54,1,53,0" doraHai="56" doraHaiUra="110" who="1" fromWho="3" sc="523,0,270,90,104,0,93,-80" /><INIT seed="5,0,0,0,3,86" ten="523,360,104,13" oya="1" hai0="119,54,109,113,19,56,106,96,87,22,91,30,31" hai1="45,2,18,4,85,114,81,129,67,43,25,33,14" hai2="58,1,123,77,125,3,121,127,115,39,44,61,26" hai3="7,101,92,60,35,53,50,105,103,90,88,17,100"/><U38/><E67/><V118/><F77/><W41/><G105/><T42/><D109/><U66/><E66/><N who="2" m="39223" /><F118/><W0/><G35/><T82/><D113/><U80/><E114/><V122/><F115/><W5/><G0/><N who="2" m="73" /><F26/><W94/><G41/><T34/><D34/><U20/><E81/><V29/><F29/><W84/><G60/><T51/><D119/><U102/><E102/><V135/><F44/><N who="3" m="27847" /><G17/><T68/><D68/><U59/><E59/><V108/><F39/><W73/><G73/><T55/><D42/><U16/><E2/><V63/><F63/><W117/><G117/><T52/><D106/><U131/><E4/><V11/><F11/><W40/><G40/><T78/><D31/><U12/><E33/><V75/><F75/><W79/><G79/><T104/><D30/><U128/><E18/><V13/><F108/><W120/><G120/><T71/><D71/><U110/><E110/><V36/><F36/><W62/><G62/><T48/><D48/><U15/><E25/><V64/><F64/><W23/><G23/><T111/><D111/><U24/><E24/><V8/><F135/><W93/><G93/><N who="0" m="56383" /><D104/><U69/><E69/><V132/><F132/><W95/><G95/><T32/><D32/><U116/><E116/><V97/><F123/><W98/><AGARI ba="0,0" hai="5,7,84,88,90,92,94,98,100,101,103" m="27847" machi="98" ten="30,7900,0" yaku="8,1,52,2,54,1" doraHai="86" who="3" fromWho="3" sc="523,-20,360,-39,104,-20,13,79" /><INIT seed="6,0,0,0,5,26" ten="503,321,84,92" oya="2" hai0="54,127,135,70,107,78,116,62,77,124,101,125,56" hai1="132,68,33,120,41,58,12,131,111,13,114,84,22" hai2="126,85,42,35,57,74,87,106,8,102,3,37,5" hai3="108,0,1,71,121,91,61,80,51,69,11,88,72"/><V49/><F126/><W9/><G108/><T119/><D70/><U31/><E68/><V94/><F74/><W27/><G27/><T123/><D123/><U92/><E111/><V50/><F37/><W65/><G69/><T129/><D129/><U15/><E120/><V89/><F35/><W16/><G121/><T14/><D14/><U59/><E131/><V97/><F42/><W75/><G51/><T99/><D135/><U24/><E41/><V45/><F45/><W64/><G16/><T118/><AGARI ba="0,0" hai="54,56,62,77,78,99,101,107,116,118,119,124,125,127" machi="118" ten="40,5200,0" yaku="0,1,12,1,18,1" doraHai="26" who="0" fromWho="0" sc="503,52,321,-13,84,-26,92,-13" /><INIT seed="7,0,0,0,1,130" ten="555,308,58,79" oya="3" hai0="46,71,70,135,4,97,131,8,121,29,0,7,27" hai1="123,104,34,43,22,13,128,63,10,51,78,112,48" hai2="74,96,17,62,127,55,35,109,54,2,69,114,65" hai3="132,92,26,84,125,75,103,19,117,20,21,111,6"/><W129/><G117/><T1/><D121/><U126/><E104/><V47/><F109/><W133/><G75/><T45/><D131/><U25/><E34/><V30/><F74/><W76/><G129/><T68/><D97/><U99/><E128/><V124/><F114/><W105/><G111/><T88/><D88/><U119/><E123/><V116/><F116/><W3/><G125/><T113/><D113/><U107/><E112/><V134/><F2/><W79/><G105/><T53/><D53/><U118/><E78/><V18/><F96/><N who="3" m="59783" /><G6/><T44/><D4/><U28/><E63/><V66/><F30/><N who="3" m="17735" /><G84/><T32/><D0/><U12/><E126/><V33/><F47/><W31/><G3/><T67/><D67/><U89/><E99/><V95/><F95/><W110/><G31/><T80/><D80/><U37/><E28/><V59/><F69/><W42/><G42/><T41/><D41/><U86/><E43/><V14/><F124/><W58/><G58/><T73/><D73/><U82/><E86/><V81/><F59/><W87/><G87/><T11/><D7/><U60/><E107/><V120/><F127/><W72/><G110/><T56/><D70/><U16/><E118/><V23/><F120/><W40/><G40/><T90/><D29/><U36/><E119/><V9/><F35/><W106/><G106/><T108/><D32/><U83/><E83/><V94/><F81/><N who="3" m="45191" /><G79/><T15/><D1/><U101/><E82/><V93/><F33/><W77/><G77/><T52/><D90/><U38/><E38/><V5/><F93/><W61/><G61/><RYUUKYOKU ba="0,0" sc="555,-10,308,-10,58,-10,79,30" hai3="19,21,132,133" /><INIT seed="7,1,0,1,5,85" ten="545,298,48,109" oya="3" hai0="29,129,115,26,49,72,95,78,75,77,57,55,79" hai1="62,105,13,37,43,0,92,41,82,101,91,109,64" hai2="46,17,131,28,5,90,103,126,34,32,112,16,2" hai3="50,11,110,7,135,128,38,124,96,88,67,113,45"/><W81/><G113/><T104/><D104/><U87/><E0/><V80/><F103/><W59/><G124/><T19/><D115/><U114/><E114/><V24/><F112/><W68/><G68/><T22/><D129/><U127/><E127/><V42/><F126/><W65/><G128/><T66/><D75/><U61/><E37/><V120/><F131/><W107/><G135/><T25/><D72/><U27/><E105/><V18/><F120/><W30/><G110/><T54/><D95/><U9/><E27/><V98/><F5/><W94/><G38/><T86/><D66/><U123/><E123/><V117/><F2/><W35/><G107/><T73/><D73/><U84/><E101/><V60/><F60/><N who="1" m="23145" /><E64/><V8/><F8/><W63/><G81/><N who="0" m="47407" /><D55/><U83/><E92/><V74/><F117/><W1/><G67/><T108/><D108/><U122/><E122/><V56/><F56/><W31/><G35/><T12/><D26/><U100/><E100/><V3/><F3/><W106/><G106/><T6/><D6/><N who="1" m="3255" /><E109/><V15/><F74/><W52/><AGARI ba="1,0" hai="1,7,11,30,31,45,50,52,59,63,65,88,94,96" machi="52" ten="20,12000,1" yaku="0,1,7,1,52,1,54,2" doraHai="85" who="3" fromWho="3" sc="545,-41,298,-41,48,-41,109,123" /><INIT seed="7,2,0,1,2,72" ten="504,257,7,232" oya="3" hai0="123,37,3,59,22,73,24,103,131,64,93,41,126" hai1="0,19,106,32,54,111,128,26,28,110,75,95,16" hai2="87,118,107,74,51,57,91,45,108,101,125,119,7" hai3="20,9,53,2,78,15,25,68,21,27,129,42,132"/><W8/><G68/><T86/><D3/><U30/><E106/><V85/><F108/><W33/><G42/><T58/><D73/><U29/><E75/><V39/><F125/><W14/><G53/><T47/><D123/><U1/><E54/><V130/><F130/><W50/><G50/><T66/><D131/><U4/><E95/><V102/><F118/><W62/><G62/><T43/><D126/><U133/><E128/><V82/><F119/><W116/><G78/><T56/><D43/><U81/><E81/><V90/><F107/><W92/><G92/><T44/><D47/><U89/><E89/><V36/><F74/><W109/><G129/><T113/><D93/><U105/><E105/><V49/><F7/><N who="3" m="1143" /><G116/><T38/><D41/><U60/><E60/><V97/><F97/><W6/><G132/><T124/><D44/><U31/><E1/><V13/><F57/><W34/><G109/><N who="1" m="41482" /><E133/><V88/><F45/><W76/><G76/><T48/><D38/><U71/><E71/><V12/><F82/><W63/><G63/><T117/><D48/><U115/><E115/><V61/><F61/><W40/><G40/><T23/><D117/><U104/><E104/><V10/><F39/><W84/><G84/><N who="2" m="32329" /><F36/><W11/><G21/><T99/><D22/><U69/><E69/><V65/><F65/><W52/><G52/><T120/><D66/><U80/><E80/><V121/><F121/><W122/><G122/><T79/><D120/><U135/><E135/><V70/><F70/><W100/><G100/><N who="2" m="38505" /><F10/><AGARI ba="2,0" hai="0,4,10,16,19,26,28,29,30,31,32" m="41482" machi="10" ten="30,3900,0" yaku="34,2,54,1" doraHai="72" who="1" fromWho="2" sc="504,0,257,45,7,-45,232,0" owari="504,61.0,302,10.0,-38,-54.0,232,-17.0" /></mjloggm>