<mjloggm ver="2.3"><GO type="41"/><UN n0="%EF%BC%88%E2%89%A7%E2%96%BD%E2%89%A6%EF%BC%89" n1="%E9%BB%92%E3%81%84%E9%AB%AA%E3%81%AE%E5%B0%91%E5%A5%B3" n2="%E3%81%99%E3%81%99%E3%82%81%EF%BC%81%E6%9D%B1%E7%80%AC" n3="%61%6E%64%79%32%31" dan="15,14,14,14" rate="1954,1902,2013,1991" sx="M,M,M,M"/><TAIKYOKU oya="0"/><INIT seed="0,0,0,3,3,127" ten="250,250,250,250" oya="0" hai0="98,67,40,128,32,56,25,129,112,114,123,23,46" hai1="72,91,65,61,110,81,101,28,36,119,31,116,20" hai2="104,48,62,19,14,83,122,90,21,99,89,30,8" hai3="96,111,17,82,16,103,80,45,75,121,9,55,11"/><T59/><D32/><U74/><E36/><V118/><F122/><W38/><G111/><T0/><D0/><U106/><E110/><V15/><F118/><W85/><G75/><T53/><D98/><U77/><E101/><V60/><F104/><W125/><G125/><T4/><D4/><U34/><E106/><V134/><F134/><W49/><G38/><N who="0" m="21783" /><D123/><U102/><E102/><V117/><F117/><W18/><G121/><T51/><D23/><U70/><E34/><V41/><F90/><W107/><REACH who="3" step="1"/><G85/><REACH who="3" ten="250,250,250,240" step="2"/><T13/><D25/><U87/><E72/><V124/><F124/><W108/><G108/><T50/><D13/><U5/><E119/><V57/><F14/><W6/><G6/><T113/><D67/><U24/><E116/><V58/><F99/><W78/><G78/><T86/><D86/><U130/><E5/><V3/><F3/><W71/><G71/><T94/><D94/><U39/><E74/><V43/><F83/><AGARI ba="0,1" hai="9,11,16,17,18,45,49,55,80,82,83,96,103,107" machi="83" ten="40,8000,1" yaku="1,1,54,1,53,2" doraHai="127" doraHaiUra="7" who="3" fromWho="2" sc="250,0,250,0,250,-80,240,90" /><INIT seed="1,0,0,3,2,66" ten="250,250,170,330" oya="1" hai0="68,102,53,35,43,34,121,56,54,21,76,4,3" hai1="126,16,48,17,23,29,83,114,98,101,112,41,77" hai2="10,134,106,67,40,9,120,26,110,57,111,60,96" hai3="131,117,63,58,39,25,31,88,127,8,2,95,42"/><U118/><E118/><V85/><F120/><W11/><G131/><T20/><D121/><U19/><E126/><V99/><F40/><W129/><G127/><T62/><D43/><U87/><E29/><V113/><F113/><W84/><G129/><T0/><D76/><U82/><E112/><V1/><F134/><W49/><G39/><T47/><D102/><U90/><E114/><V124/><F124/><W91/><G91/><T107/><D107/><U32/><E32/><V61/><F1/><W38/><G38/><T80/><D80/><U22/><E48/><V13/><F85/><W6/><G11/><T18/><D4/><U86/><REACH who="1" step="1"/><E41/><REACH who="1" ten="250,240,170,330" step="2"/><V115/><F115/><W92/><G49/><T30/><D30/><U46/><E46/><V52/><F106/><AGARI ba="0,1" hai="16,17,19,22,23,77,82,83,86,87,90,98,101,106" machi="106" ten="40,3900,0" yaku="1,1,54,1,53,0" doraHai="66" doraHaiUra="7" who="1" fromWho="2" sc="250,0,240,49,170,-39,330,0" /><INIT seed="1,1,0,1,5,39" ten="250,289,131,330" oya="1" hai0="87,7,0,61,62,106,82,80,76,123,36,19,6" hai1="20,25,54,115,8,22,66,65,92,85,45,2,84" hai2="94,102,10,3,100,120,132,86,47,81,111,83,40" hai3="71,77,34,75,122,112,95,118,51,17,113,42,134"/><U53/><E115/><V60/><F120/><W23/><G34/><T130/><D123/><U29/><E2/><V35/><F132/><W70/><G134/><T97/><D130/><U133/><E133/><V101/><F35/><W124/><G124/><T44/><D0/><U126/><E126/><V116/><F111/><W18/><G17/><T131/><D131/><U48/><E8/><V125/><F125/><W30/><G30/><T127/><D127/><U58/><E22/><V13/><F60/><W98/><G118/><T91/><D106/><U55/><E55/><V11/><F3/><W121/><G77/><T64/><D19/><U108/><E108/><V15/><F116/><W9/><G75/><T117/><D117/><U88/><REACH who="1" step="1"/><E85/><REACH who="1" ten="250,279,131,330" step="2"/><V119/><F119/><W96/><G9/><N who="2" m="3081" /><F86/><W74/><G113/><T59/><D87/><U41/><E41/><V57/><F81/><W107/><G42/><T72/><D82/><U78/><E78/><V99/><F83/><W103/><G112/><T67/><D80/><U56/><E56/><V90/><F57/><W109/><G109/><T79/><D59/><U24/><E24/><V26/><F26/><W114/><G114/><T49/><D72/><U37/><E37/><V32/><F32/><W73/><G74/><T4/><D36/><U89/><E89/><V93/><F93/><W14/><G73/><T46/><D76/><U43/><E43/><V63/><F63/><AGARI ba="1,1" hai="20,25,29,45,48,53,54,58,63,65,66,84,88,92" machi="63" ten="30,11600,0" yaku="1,1,7,1,8,1,54,1,53,0" doraHai="39" doraHaiUra="33" who="1" fromWho="2" sc="250,0,279,129,131,-119,330,0" /><INIT seed="1,2,0,3,3,16" ten="250,408,12,330" oya="1" hai0="52,122,56,80,123,60,66,79,69,133,50,88,85" hai1="93,92,115,102,54,5,134,127,100,57,19,33,103" hai2="1,13,31,9,114,65,81,106,67,4,17,63,74" hai3="84,116,83,53,124,6,14,30,25,59,24,18,27"/><U73/><E115/><V26/><F114/><W47/><G116/><T77/><REACH who="0" step="1"/><D133/><REACH who="0" ten="240,408,12,330" step="2"/><U7/><E134/><V44/><F106/><W43/><G6/><T58/><D58/><U64/><E127/><V78/><F44/><W48/><G30/><T112/><D112/><U68/><E7/><V28/><F63/><N who="3" m="36335" /><G124/><T62/><D62/><U120/><E5/><V8/><REACH who="2" step="1"/><F31/><REACH who="2" ten="240,408,2,330" step="2"/><W135/><G135/><T129/><D129/><U108/><E120/><AGARI ba="2,2" hai="50,52,56,60,66,69,77,79,80,85,88,120,122,123" machi="120" ten="40,8000,1" yaku="21,2,13,1,54,2,53,0" doraHai="16" doraHaiUra="132" who="0" fromWho="1" sc="240,106,408,-86,2,0,330,0" /><INIT seed="2,0,0,4,5,59" ten="346,322,2,330" oya="2" hai0="61,125,35,74,72,32,60,9,58,83,47,81,68" hai1="111,104,134,92,45,33,63,42,79,131,20,13,19" hai2="66,46,91,121,93,16,97,95,4,21,11,85,30" hai3="76,80,116,132,3,8,50,55,15,24,1,29,22"/><V119/><F119/><W65/><G65/><T133/><D133/><U90/><E104/><V62/><F121/><W43/><G43/><T53/><D125/><U2/><E134/><V128/><F46/><W10/><G116/><T56/><D68/><U87/><E111/><V31/><F128/><W112/><G112/><T84/><D47/><U88/><E131/><V89/><F11/><W114/><G114/><T39/><D9/><U75/><E33/><V123/><F4/><W110/><G110/><T26/><D39/><U117/><E2/><V78/><F78/><W108/><G108/><T67/><D26/><U44/><E117/><V99/><F85/><W86/><G132/><T102/><D102/><U124/><E124/><V48/><F48/><W7/><G10/><T127/><D127/><U94/><E75/><V135/><F123/><W113/><REACH who="3" step="1"/><G113/><REACH who="3" ten="346,322,2,320" step="2"/><T109/><D109/><U36/><E79/><V51/><F135/><W71/><G71/><T77/><D74/><U38/><E38/><V73/><F51/><W82/><G82/><T40/><D40/><U70/><E70/><V0/><F0/><W57/><AGARI ba="0,1" hai="1,3,7,8,15,22,24,29,50,55,57,76,80,86" machi="57" ten="20,5200,0" yaku="1,1,0,1,7,1,53,1" doraHai="59" doraHaiUra="18" who="3" fromWho="3" sc="346,-13,322,-13,2,-26,320,62" owari="333,13.0,309,-9.0,-24,-52.0,382,48.0" /></mjloggm>