<mjloggm ver="2.3"><GO type="169" lobby="0"/><UN n0="%EF%BC%88%E2%89%A7%E2%96%BD%E2%89%A6%EF%BC%89" n1="%E3%83%80%E3%83%A1%E9%9B%80%E5%A3%AB" n2="%E3%81%A4%E3%81%B0%E3%81%8D%E3%81%A1%30%33" n3="%E6%B9%8A%E3%81%AE%E9%87%A3%E5%B8%AB" dan="17,16,17,16" rate="2115.08,2020.10,2200.21,2089.20" sx="M,M,M,M"/><TAIKYOKU oya="0"/><INIT seed="0,0,0,2,2,60" ten="250,250,250,250" oya="0" hai0="44,111,84,127,31,59,23,28,14,34,108,97,91" hai1="66,112,76,83,75,96,126,124,118,87,42,57,106" hai2="40,0,9,132,41,5,81,88,50,101,114,92,77" hai3="43,47,113,119,11,19,35,90,109,72,63,69,54"/><T22/><D127/><N who="1" m="48683" /><E118/><V27/><F132/><W103/><G119/><T125/><D125/><U45/><E112/><V130/><F114/><W25/><G113/><T18/><D97/><U13/><E13/><V29/><F130/><W62/><G72/><T4/><D34/><U26/><E26/><V36/><F101/><W3/><G103/><T89/><D4/><U78/><E96/><V52/><F36/><W73/><G73/><T121/><D121/><U134/><E106/><V65/><F65/><W21/><G35/><T128/><D128/><U71/><E71/><V39/><F39/><W105/><G105/><T79/><D22/><U110/><E110/><N who="0" m="42025" /><D44/><U17/><E17/><V100/><F100/><W12/><G3/><T58/><D79/><N who="1" m="46591" /><E134/><V51/><F77/><W48/><G109/><T61/><D59/><U33/><E33/><V30/><F30/><N who="0" m="11306" /><D84/><U95/><E75/><V99/><F81/><W120/><G69/><T56/><D56/><U85/><E95/><V107/><F107/><W46/><G46/><T98/><D98/><U7/><E85/><V1/><F1/><W116/><G116/><T104/><D104/><U129/><E7/><V15/><F0/><W68/><G68/><T122/><D122/><U123/><E123/><V38/><F38/><W10/><G120/><T117/><D117/><U24/><E129/><V37/><F37/><W53/><G10/><T55/><AGARI ba="0,0" hai="14,18,23,55,58,61,89,91" m="11306,42025" machi="55" ten="30,3000,0" yaku="14,1,10,1" doraHai="60" who="0" fromWho="0" sc="250,30,250,-10,250,-10,250,-10" /><INIT seed="0,1,0,3,5,29" ten="280,240,240,240" oya="0" hai0="35,96,49,20,77,10,124,4,25,19,135,14,21" hai1="91,123,126,95,16,41,30,86,88,42,37,105,17" hai2="110,13,93,58,23,87,7,26,71,129,38,83,113" hai3="47,134,118,80,9,32,106,107,27,11,31,36,102"/><T76/><D124/><U81/><E105/><V84/><F71/><W111/><G118/><T101/><D135/><U56/><E126/><V94/><F38/><W89/><G134/><T99/><D99/><U40/><E123/><V51/><F113/><W78/><G89/><T54/><D20/><U109/><E109/><V100/><F110/><W2/><G9/><T0/><D0/><U33/><E37/><V108/><F108/><W117/><G117/><T57/><REACH who="0" step="1"/><D35/><REACH who="0" ten="270,240,240,240" step="2"/><U90/><E95/><AGARI ba="1,1" hai="4,10,14,19,21,25,49,54,57,76,77,95,96,101" machi="95" ten="30,12000,1" yaku="1,1,2,1,7,1,8,1,53,1" doraHai="29" doraHaiUra="15" who="0" fromWho="1" sc="270,133,240,-123,240,0,240,0" /><INIT seed="0,2,0,3,4,15" ten="403,117,240,240" oya="0" hai0="58,37,81,10,34,68,43,121,122,71,93,111,65" hai1="51,105,120,20,88,11,69,128,82,108,1,95,19" hai2="126,131,23,6,101,66,56,4,112,72,83,40,133" hai3="90,116,29,115,13,61,124,38,107,50,79,59,49"/><T62/><D34/><U17/><E105/><V54/><F112/><W42/><G115/><T119/><D119/><U52/><E69/><V96/><F66/><W109/><G116/><T47/><D81/><U97/><E120/><V18/><F40/><W132/><G107/><T123/><D93/><U31/><E128/><V89/><F131/><W77/><G38/><T103/><D103/><U94/><E108/><V32/><F32/><W76/><G109/><T12/><REACH who="0" step="1"/><D111/><REACH who="0" ten="393,117,240,240" step="2"/><U114/><E114/><V5/><F101/><W3/><G132/><T63/><D63/><U85/><E94/><V21/><F83/><W2/><G61/><T92/><D92/><U106/><E106/><V44/><F89/><W26/><G90/><T75/><D75/><U130/><E130/><V30/><F72/><W84/><G77/><T64/><D64/><U73/><E73/><V98/><F98/><W57/><G79/><T74/><D74/><U8/><E97/><V86/><F96/><W35/><G76/><T45/><D45/><U113/><E95/><V60/><F44/><W24/><G35/><T46/><D46/><N who="1" m="27767" /><E113/><V0/><F86/><W7/><G84/><T91/><D91/><U41/><E41/><V70/><F133/><W110/><G42/><T104/><D104/><U135/><E135/><V67/><F126/><W99/><G124/><T118/><D118/><U80/><E82/><V102/><F102/><W22/><G99/><T100/><D100/><U134/><E134/><V48/><F67/><W28/><G110/><T16/><AGARI ba="2,1" hai="10,12,16,37,43,47,58,62,65,68,71,121,122,123" machi="16" ten="30,12000,1" yaku="1,1,0,1,52,1,54,1,53,1" doraHai="15" doraHaiUra="9" who="0" fromWho="0" sc="393,136,117,-42,240,-42,240,-42" /><INIT seed="0,3,0,1,5,94" ten="529,75,198,198" oya="0" hai0="66,108,41,32,57,34,101,58,119,104,128,90,64" hai1="135,110,3,28,129,132,106,69,53,72,31,102,56" hai2="63,49,83,80,38,71,124,47,122,33,76,105,14" hai3="26,42,97,84,61,77,4,51,107,52,68,29,88"/><T10/><D119/><U39/><E69/><V6/><F105/><W79/><G4/><T103/><D41/><U73/><E3/><V100/><F33/><W70/><G70/><T40/><D40/><U17/><E39/><V115/><F38/><W12/><G12/><T50/><D50/><U1/><E1/><V121/><F100/><W114/><G114/><T5/><D5/><U16/><E129/><V125/><F115/><W25/><G107/><T67/><D10/><U48/><E110/><V98/><F63/><W74/><G74/><T22/><D22/><U75/><E31/><V45/><F71/><W113/><G113/><T8/><D8/><U30/><E30/><V54/><F14/><W27/><G29/><T96/><D108/><U35/><E28/><V87/><F49/><W24/><G24/><T131/><D90/><U60/><E48/><V44/><F6/><W0/><G0/><T82/><D82/><U89/><E89/><V18/><F83/><N who="3" m="49183" /><G68/><T120/><D104/><U2/><E35/><V37/><F37/><W55/><G97/><T112/><D112/><U9/><E9/><V78/><F98/><W23/><G23/><T15/><D34/><U13/><E2/><V123/><F18/><W43/><G61/><T11/><D32/><U126/><E13/><V111/><F111/><W62/><G62/><T7/><D15/><U116/><E116/><V118/><F118/><W20/><G20/><T117/><D117/><U93/><E106/><V65/><F123/><W92/><G51/><T19/><D120/><U99/><E126/><V59/><F122/><RYUUKYOKU ba="3,0" sc="529,-10,75,30,198,-10,198,-10" hai1="16,17,53,56,60,72,73,75,93,99,102,132,135" /><INIT seed="1,4,0,0,1,35" ten="519,105,188,188" oya="1" hai0="52,8,45,81,49,107,43,91,51,37,39,14,98" hai1="0,116,53,40,65,120,10,5,85,20,76,83,95" hai2="78,80,13,18,38,12,44,29,109,121,102,131,15" hai3="103,124,128,133,87,86,111,88,60,19,55,68,130"/><U84/><E120/><V115/><F121/><W72/><G72/><T24/><D24/><U93/><E116/><V56/><F29/><W36/><G36/><T104/><D104/><U113/><E65/><V48/><F109/><W125/><G111/><T28/><D28/><U74/><E113/><V31/><F31/><W75/><G75/><T7/><D107/><U16/><E40/><V110/><F110/><W69/><G103/><T97/><D37/><U33/><E33/><V132/><F102/><W46/><G19/><T6/><D6/><U2/><E2/><V79/><F131/><N who="3" m="50219" /><G87/><N who="0" m="50671" /><D39/><U30/><E30/><V42/><F132/><W117/><G133/><T105/><D105/><U17/><E17/><V119/><F119/><W135/><G117/><T27/><D27/><U4/><E4/><V73/><F79/><W114/><G135/><T129/><D129/><U3/><E3/><V94/><F115/><W1/><G1/><T100/><D100/><U90/><E53/><V112/><F112/><W62/><G114/><T71/><D71/><N who="3" m="27209" /><G46/><AGARI ba="4,0" hai="7,8,14,43,45,46,49,51,52,97,98" m="50671" machi="46" ten="30,2000,0" yaku="8,1,54,1" doraHai="35" who="0" fromWho="3" sc="519,32,105,0,188,0,188,-32" /><INIT seed="2,0,0,3,4,74" ten="551,105,188,156" oya="2" hai0="87,90,76,116,44,38,26,122,4,18,37,60,118" hai1="66,75,10,13,128,6,21,113,12,95,69,104,48" hai2="45,80,8,27,92,109,96,78,59,29,25,103,115" hai3="99,98,56,52,133,102,54,19,33,64,32,7,89"/><V30/><F115/><W36/><G36/><T135/><D135/><U50/><E104/><V53/><F109/><W47/><G133/><T134/><D134/><U24/><E113/><V17/><F45/><W84/><G7/><T63/><D4/><U0/><E128/><V9/><F25/><W73/><G73/><T124/><D124/><U65/><E75/><V110/><F110/><W42/><G33/><T51/><D122/><U15/><E95/><V120/><F120/><W91/><G32/><T106/><D106/><U93/><E93/><V101/><F101/><W49/><G19/><T2/><D2/><U85/><E85/><N who="2" m="48279" /><F27/><W97/><G102/><T81/><D90/><N who="3" m="34313" /><G84/><T35/><D38/><U62/><REACH who="1" step="1"/><E66/><REACH who="1" ten="551,95,188,156" step="2"/><V105/><F105/><W58/><G64/><T123/><D87/><U72/><E72/><V108/><F108/><W88/><N who="3" m="34321" /><W3/><DORA hai="130" /><G3/><T40/><D123/><U100/><E100/><V107/><F107/><W41/><G47/><T82/><D44/><U5/><E5/><V71/><F103/><W57/><G49/><T11/><D51/><U16/><AGARI ba="0,1" hai="0,6,10,12,13,15,16,21,24,48,50,62,65,69" machi="16" ten="30,4000,0" yaku="1,1,0,1,54,1,53,0" doraHai="74,130" doraHaiUra="129,112" who="1" fromWho="1" sc="551,-10,95,50,188,-20,156,-10" /><INIT seed="3,0,0,1,2,32" ten="541,145,168,146" oya="3" hai0="96,38,30,34,107,61,108,62,115,119,77,122,123" hai1="63,10,129,120,54,36,2,43,79,87,45,52,18" hai2="91,74,135,113,51,48,50,55,60,53,92,68,127" hai3="110,29,88,90,114,71,58,66,1,21,24,7,3"/><W126/><G114/><T41/><D77/><U70/><E120/><V128/><F74/><W78/><G71/><T33/><D108/><U102/><E102/><V134/><F92/><W124/><G78/><T76/><D76/><U28/><E28/><V85/><F85/><W93/><G110/><T133/><D133/><N who="2" m="50698" /><F91/><N who="3" m="34859" /><G7/><T101/><D41/><U116/><E116/><V22/><F22/><W20/><G93/><T117/><D115/><U15/><E129/><V106/><F106/><W125/><G21/><T56/><D107/><U95/><E95/><V73/><F73/><W132/><G132/><T111/><D111/><U100/><E100/><V130/><F113/><W35/><G35/><T67/><D101/><U94/><E94/><V39/><F39/><W47/><G47/><T72/><D38/><U86/><E86/><V64/><F127/><W69/><G69/><T81/><D34/><U12/><E87/><V99/><F99/><W26/><G24/><T14/><D33/><U9/><E79/><V98/><F98/><W59/><G59/><T112/><D56/><U16/><REACH who="1" step="1"/><E2/><REACH who="1" ten="541,135,168,146" step="2"/><V65/><F65/><AGARI ba="0,1" hai="9,10,12,15,16,18,36,43,45,52,54,63,65,70" machi="65" ten="40,8000,1" yaku="1,1,2,1,9,1,54,2,53,0" doraHai="32" doraHaiUra="19" who="1" fromWho="2" sc="541,0,135,90,168,-80,146,0" /><INIT seed="4,0,0,1,1,64" ten="541,225,88,146" oya="0" hai0="35,103,56,30,38,109,86,50,60,1,7,21,70" hai1="104,20,74,49,46,133,13,117,128,8,16,125,93" hai2="47,77,110,132,59,31,0,83,53,92,112,43,91" hai3="90,129,118,114,51,57,6,116,95,102,75,33,10"/><T101/><D38/><U17/><E104/><V120/><F120/><W105/><G75/><T22/><D35/><U34/><E34/><V72/><F110/><W99/><G33/><T45/><D1/><U124/><E117/><V88/><F132/><W37/><G37/><T19/><D7/><U108/><E108/><V11/><F112/><W113/><G129/><T2/><D2/><U68/><E74/><V131/><F31/><W85/><G51/><T123/><D123/><U36/><E36/><N who="2" m="21991" /><F92/><W126/><G57/><T82/><D30/><U12/><E128/><V25/><F25/><W69/><G69/><T54/><D70/><U67/><E93/><V111/><F111/><W48/><G48/><T40/><D22/><U100/><E100/><V32/><F32/><W121/><G121/><T28/><D28/><U9/><E133/><V15/><F15/><N who="3" m="5591" /><G126/><T41/><D41/><U94/><E20/><V66/><F66/><W42/><G42/><T24/><D109/><U39/><E39/><V76/><F76/><AGARI ba="0,0" hai="19,21,24,40,45,50,54,56,60,76,82,86,101,103" machi="76" ten="30,2900,0" yaku="7,1,8,1" doraHai="64" who="0" fromWho="2" sc="541,29,225,0,88,-29,146,0" /><INIT seed="4,1,0,0,4,117" ten="570,225,59,146" oya="0" hai0="31,65,38,61,53,115,94,60,45,76,135,19,30" hai1="120,37,48,10,43,22,87,5,18,83,35,51,36" hai2="26,110,39,131,93,79,14,97,133,13,55,49,63" hai3="54,85,125,59,104,4,12,122,71,78,129,103,47"/><T123/><D123/><U128/><E120/><V113/><F39/><W29/><G71/><T27/><D38/><U70/><E35/><V50/><F110/><W126/><G29/><T81/><D115/><U16/><E70/><V73/><F113/><W96/><G47/><T34/><D31/><U102/><E102/><V77/><F133/><W0/><G0/><T132/><D19/><U56/><E48/><V64/><F131/><W134/><G122/><T58/><D94/><U24/><E18/><V105/><F105/><W101/><G101/><T8/><D8/><U67/><E128/><V119/><F26/><W33/><G33/><T20/><D34/><U66/><E37/><V46/><F49/><W116/><G129/><T21/><D21/><U41/><E36/><V42/><F42/><W1/><G1/><T95/><D95/><U89/><E43/><V25/><F25/><W109/><G116/><T124/><D124/><U9/><E9/><V3/><F3/><W114/><G109/><T6/><D6/><U107/><E107/><V86/><F73/><W57/><G134/><T84/><REACH who="0" step="1"/><D45/><REACH who="0" ten="560,225,59,146" step="2"/><U108/><E108/><V15/><F119/><W44/><G114/><T23/><D23/><U28/><E5/><V52/><F97/><W118/><G118/><T74/><D74/><U11/><E28/><V32/><F32/><W62/><G44/><T111/><D111/><U98/><E98/><V40/><F93/><W99/><G99/><T75/><D75/><U80/><E22/><V82/><F79/><W106/><G78/><T69/><AGARI ba="1,1" hai="20,27,30,53,58,60,61,65,69,76,81,84,132,135" machi="69" ten="30,3000,0" yaku="1,1,0,1,53,0" doraHai="117" doraHaiUra="90" who="0" fromWho="0" sc="560,43,225,-11,59,-11,146,-11" /><INIT seed="4,2,0,5,5,73" ten="603,214,48,135" oya="0" hai0="25,97,103,74,29,32,109,3,126,14,27,128,47" hai1="91,124,18,45,78,134,9,55,119,80,79,2,105" hai2="88,69,12,125,34,6,33,10,50,70,130,132,28" hai3="95,76,66,82,123,37,49,77,64,117,71,96,86"/><T113/><D74/><U39/><E119/><V46/><F132/><W62/><G117/><T56/><D3/><U58/><E105/><V135/><F135/><W26/><G37/><T110/><D113/><U121/><E121/><V61/><F130/><W1/><G1/><T84/><D126/><U23/><E134/><V118/><F125/><W54/><G123/><T41/><D27/><U42/><E124/><V35/><F118/><W108/><G108/><T17/><D56/><U83/><E9/><V122/><F122/><W40/><G26/><T127/><D84/><U68/><E68/><V106/><F106/><W4/><G4/><T114/><D114/><U81/><E91/><V94/><F61/><W30/><G30/><T115/><D115/><U21/><E2/><V102/><F102/><N who="3" m="60703" /><G71/><T85/><D128/><U67/><E67/><N who="3" m="25642" /><G40/><T133/><D41/><U120/><E120/><V92/><F28/><W116/><G62/><T13/><D29/><U89/><E89/><V20/><F94/><W104/><G104/><T19/><D32/><U75/><E75/><V44/><F69/><W63/><G63/><T59/><D127/><U72/><E72/><V16/><F70/><W131/><G131/><T51/><D25/><U100/><E100/><V65/><F65/><W7/><G7/><T22/><D110/><U60/><E18/><V53/><F53/><W43/><G43/><T90/><D17/><U107/><E107/><V112/><F112/><W52/><G116/><T57/><D109/><U99/><E99/><N who="2" m="57735" /><F50/><W87/><G49/><T11/><D133/><U36/><E36/><RYUUKYOKU ba="2,0" sc="603,-30,214,10,48,10,135,10" hai1="21,23,39,42,45,55,58,60,78,79,80,81,83" hai2="6,10,12,16,20,33,34,35,44,46" hai3="52,54,76,77,82,86,87" /><INIT seed="5,3,0,5,0,84" ten="573,224,58,145" oya="1" hai0="44,63,101,112,38,28,74,96,7,132,68,64,97" hai1="94,104,124,53,16,72,91,26,119,21,23,67,77" hai2="102,110,37,1,25,87,4,118,135,81,50,62,93" hai3="98,39,14,30,59,71,46,111,109,55,6,92,79"/><U24/><E104/><V17/><F37/><W131/><G30/><T29/><D74/><U108/><E108/><V122/><F110/><W48/><G131/><T9/><D96/><U12/><E119/><V128/><F122/><W78/><G71/><T2/><D112/><U130/><E130/><V11/><F128/><W3/><G3/><T22/><D132/><U8/><E124/><V133/><F118/><W121/><G121/><T60/><D22/><U82/><E67/><V47/><F62/><W123/><G123/><T15/><D2/><U0/><E53/><V106/><F106/><W51/><G39/><T70/><D63/><U19/><E0/><V33/><F93/><W89/><G111/><T69/><D69/><U100/><E100/><V5/><F5/><W27/><G27/><T86/><D86/><U35/><E35/><V42/><F102/><W125/><G125/><T32/><D32/><U66/><E66/><V54/><F42/><N who="3" m="24663" /><G109/><T107/><D70/><U73/><E73/><V65/><F65/><W113/><G113/><T99/><D99/><U10/><E12/><V34/><F34/><W103/><G103/><T95/><D107/><U49/><E49/><V58/><F47/><W40/><G40/><T85/><D85/><AGARI ba="3,0" hai="8,10,16,19,21,23,24,26,72,77,82,85,91,94" machi="85" ten="30,11600,0" yaku="7,1,9,1,52,1,54,1" doraHai="84" who="1" fromWho="0" sc="573,-125,224,125,58,0,145,0" /><INIT seed="5,4,0,1,0,18" ten="448,349,58,145" oya="1" hai0="80,31,66,16,15,57,116,54,34,110,13,36,124" hai1="29,114,47,99,45,104,22,107,55,1,123,32,69" hai2="59,39,17,134,78,46,128,62,0,106,63,49,121" hai3="52,91,77,111,75,64,92,19,12,67,3,90,74"/><U108/><E123/><V41/><F106/><W6/><G111/><T7/><D36/><U112/><E69/><V61/><F0/><W125/><G125/><T33/><D116/><U118/><E118/><V79/><F121/><W86/><G91/><T2/><D110/><U127/><E108/><V60/><F134/><W27/><G75/><T35/><D124/><U53/><E32/><V120/><F120/><W94/><G94/><T97/><D7/><U132/><E127/><V76/><F128/><W100/><G100/><T102/><D2/><U93/><E1/><V9/><F39/><W133/><G133/><T43/><D43/><U10/><E10/><V88/><N who="2" m="15360" /><DORA hai="70" /><V58/><REACH who="2" step="1"/><F88/><REACH who="2" ten="448,349,48,145" step="2"/><W130/><G130/><T89/><D89/><N who="1" m="55727" /><E107/><V30/><F30/><W44/><G3/><T40/><D31/><U8/><E104/><V85/><F85/><W84/><G74/><T23/><D97/><U101/><E132/><V37/><F37/><W4/><G84/><T81/><D80/><U87/><E87/><V71/><F71/><W109/><G109/><T28/><D81/><U96/><E96/><V105/><F105/><W11/><G77/><T65/><D28/><U26/><E101/><V119/><F119/><W20/><G4/><T14/><D102/><U126/><E126/><V5/><F5/><W131/><G131/><T73/><D73/><U25/><E29/><V72/><F72/><W24/><G67/><T83/><D65/><U48/><E48/><V98/><F98/><W122/><G64/><T21/><D66/><U56/><E114/><V68/><F68/><RYUUKYOKU ba="4,1" sc="448,-10,349,-10,48,30,145,-10" hai2="9,17,41,46,49,58,59,76,78,79" /><INIT seed="6,5,1,0,5,15" ten="438,339,78,135" oya="2" hai0="11,7,94,25,121,49,118,33,61,88,81,31,77" hai1="39,129,95,3,97,19,66,102,17,9,65,29,43" hai2="48,57,69,51,135,110,119,56,108,74,2,125,27" hai3="54,76,111,60,46,98,93,1,92,73,55,134,120"/><V26/><F74/><W101/><G111/><N who="2" m="42537" /><F119/><W68/><G120/><T109/><D109/><U35/><E129/><V12/><F2/><W113/><G1/><T44/><D61/><U126/><E126/><V50/><F69/><W91/><G134/><T62/><D62/><U38/><E66/><V78/><F78/><W106/><G113/><T34/><D121/><U124/><E124/><V107/><F125/><W22/><G93/><T18/><D118/><U116/><E65/><V0/><F0/><W89/><G89/><T28/><D34/><U6/><E116/><V84/><F107/><W14/><G46/><T52/><D31/><U59/><E59/><N who="2" m="22603" /><F84/><N who="3" m="52327" /><G60/><T87/><D77/><U58/><E58/><V132/><F12/><W47/><G73/><T133/><D133/><AGARI ba="5,1" hai="26,27,48,50,51,132,133,135" m="22603,42537" machi="133" ten="40,12000,1" yaku="28,2,20,1,10,1" doraHai="15" who="2" fromWho="0" sc="438,-135,339,0,78,145,135,0" /><INIT seed="6,6,0,2,2,18" ten="303,339,223,135" oya="2" hai0="106,25,105,89,9,102,118,81,10,87,78,71,40" hai1="114,127,60,28,50,75,7,41,72,74,131,112,5" hai2="2,16,101,88,29,51,111,115,125,62,63,20,83" hai3="123,100,14,73,58,82,124,117,135,77,6,57,126"/><V66/><F2/><W80/><G117/><T36/><D118/><U13/><E131/><V47/><F115/><N who="1" m="44073" /><E127/><N who="3" m="48682" /><G123/><T19/><D71/><U45/><E28/><V85/><F125/><W33/><G33/><T133/><D133/><U22/><E60/><N who="2" m="23083" /><F111/><W61/><G135/><T67/><D67/><U21/><E13/><N who="2" m="9231" /><F101/><W34/><G34/><T17/><D102/><U23/><AGARI ba="6,0" hai="5,7,21,22,23,41,45,50,72,74,75" m="44073" machi="23" ten="40,8000,1" yaku="15,1,52,3" doraHai="18" who="1" fromWho="1" sc="303,-26,339,98,223,-46,135,-26" /><INIT seed="7,0,0,5,5,93" ten="277,437,177,109" oya="3" hai0="41,50,90,88,86,124,29,13,102,48,70,53,54" hai1="39,110,59,114,47,133,121,34,4,51,74,60,127" hai2="36,12,108,22,96,24,132,52,33,128,119,11,76" hai3="62,28,25,113,72,126,116,81,46,5,43,89,7"/><W64/><G116/><T8/><D70/><U105/><E4/><V129/><F36/><W107/><G126/><T56/><D124/><U9/><E9/><V15/><F76/><W30/><G113/><T42/><D29/><U94/><E94/><V32/><F108/><W6/><G107/><T98/><D90/><U117/><E51/><V75/><F75/><W112/><G112/><T130/><D130/><N who="2" m="50282" /><F119/><W45/><G72/><T23/><D23/><U10/><E10/><V109/><F109/><W71/><G43/><T21/><D21/><U82/><E59/><V35/><F52/><W65/><G25/><T135/><D135/><U100/><E82/><V68/><F68/><W57/><G71/><T125/><D125/><U58/><E100/><V97/><F132/><W79/><G65/><T27/><D27/><U26/><E26/><V2/><F2/><W106/><G106/><T49/><D49/><U131/><E60/><V118/><F118/><W99/><G79/><T73/><D73/><U77/><E77/><V134/><F134/><W123/><G123/><T16/><D50/><U120/><E58/><V84/><F84/><N who="3" m="50319" /><G99/><N who="2" m="37961" /><F11/><W0/><G0/><T95/><D53/><U111/><E110/><V122/><F122/><W80/><G80/><AGARI ba="0,0" hai="8,13,16,41,42,48,54,56,80,86,88,95,98,102" machi="80" ten="30,8000,1" yaku="7,1,8,1,52,1,54,2" doraHai="93" who="0" fromWho="3" sc="277,80,437,0,177,0,109,-80" owari="357,16.0,437,53.0,177,-22.0,29,-47.0" /></mjloggm>