<mjloggm ver="2.3"><GO type="41"/><UN n0="%E3%82%B8%E3%83%A5%E3%83%B3%E3%81%AB%E3%82%83%E3%82%93%E6%A7%98%E3%81%81" n1="%4B%2D%59%41%53" n2="%E3%81%AE%E3%81%B6%E3%81%AE%E3%81%B6" n3="%EF%BC%88%E2%89%A7%E2%96%BD%E2%89%A6%EF%BC%89" dan="15,15,13,17" rate="1979,1995,1810,2112" sx="M,M,M,M"/><TAIKYOKU oya="0"/><INIT seed="0,0,0,5,0,127" ten="250,250,250,250" oya="0" hai0="55,57,72,129,96,103,134,89,11,37,35,51,82" hai1="132,95,106,22,104,50,77,63,9,26,92,105,85" hai2="126,97,107,88,91,20,133,52,80,62,125,79,42" hai3="70,130,123,60,31,45,116,48,8,73,120,76,122"/><T98/><D37/><U32/><E32/><V111/><F42/><W90/><G31/><T66/><D35/><U53/><E132/><V0/><F0/><W83/><G116/><T115/><D115/><U94/><E63/><V23/><F133/><W114/><G114/><T6/><D134/><U75/><E75/><V99/><F107/><W67/><G8/><T117/><D117/><U2/><E2/><V10/><F10/><W44/><G130/><T86/><D72/><U30/><E9/><V113/><F113/><W54/><REACH who="3" step="1"/><G90/><REACH who="3" ten="250,250,250,240" step="2"/><T65/><D129/><U18/><E77/><V17/><F111/><W87/><G87/><T15/><REACH who="0" step="1"/><D98/><REACH who="0" ten="240,250,250,240" step="2"/><U19/><REACH who="1" step="1"/><E85/><REACH who="1" ten="240,240,250,240" step="2"/><V40/><F99/><W13/><G13/><T61/><D61/><U81/><E81/><V101/><F97/><W100/><G100/><T3/><D3/><U93/><N who="1" m="23552" /><DORA hai="24" /><U128/><E128/><V47/><F80/><W46/><AGARI ba="0,3" hai="44,45,46,48,54,60,67,70,73,76,83,120,122,123" machi="46" ten="40,8000,1" yaku="1,1,0,1,13,1,53,1" doraHai="127,24" doraHaiUra="14,59" who="3" fromWho="3" sc="240,-40,240,-20,250,-20,240,110" /><INIT seed="1,0,0,3,5,94" ten="200,220,230,350" oya="1" hai0="6,53,125,68,81,102,105,4,129,26,5,33,80" hai1="15,29,90,8,38,92,116,93,66,27,28,36,22" hai2="112,100,37,91,62,121,51,9,23,3,16,109,31" hai3="72,103,11,18,19,77,55,65,46,0,20,85,135"/><U71/><E116/><V124/><F37/><W39/><G135/><T50/><D68/><U73/><E73/><V21/><F121/><W83/><G103/><T59/><D129/><U82/><E29/><V131/><F100/><W132/><G132/><T48/><D125/><U57/><E71/><V98/><F131/><W106/><G106/><T79/><D105/><U74/><E74/><V119/><F3/><W111/><G111/><T12/><D102/><U108/><E108/><V88/><F109/><W126/><G65/><T24/><D33/><U42/><E42/><V43/><F62/><W117/><G117/><T76/><D12/><U134/><E134/><V99/><F124/><W104/><G104/><T58/><D6/><U34/><E34/><V122/><F122/><W2/><G85/><T54/><AGARI ba="0,0" hai="4,5,24,26,48,50,53,54,58,59,76,79,80,81" machi="54" ten="25,6400,0" yaku="0,1,22,2,8,1" doraHai="94" who="0" fromWho="0" sc="200,64,220,-32,230,-16,350,-16" /><BYE who="1" /><INIT seed="2,0,0,2,2,120" ten="264,188,214,334" oya="2" hai0="129,8,2,102,30,1,81,47,31,84,95,60,110" hai1="115,62,44,101,74,57,128,85,100,134,3,132,94" hai2="41,71,12,28,86,19,78,7,117,20,73,26,5" hai3="58,61,42,16,53,82,18,33,50,24,51,9,68"/><V93/><F71/><UN n1="%4B%2D%59%41%53" /><W90/><G68/><T91/><D129/><U124/><E3/><V45/><F117/><W17/><G9/><T38/><D2/><U125/><E44/><V36/><F73/><W89/><G42/><T104/><D104/><U126/><E115/><V27/><F78/><W66/><G82/><T49/><D38/><U88/><E74/><V39/><F39/><W6/><G6/><T70/><D110/><U11/><E11/><V63/><F27/><W116/><G116/><T48/><D48/><U130/><E57/><V127/><F127/><W46/><REACH who="3" step="1"/><G50/><REACH who="3" ten="264,188,214,324" step="2"/><T52/><D8/><U131/><E62/><V133/><F133/><AGARI ba="0,1" hai="85,88,94,100,101,124,125,126,128,130,131,132,133,134" machi="133" ten="50,32000,5" yakuman="39" doraHai="120" who="1" fromWho="2" sc="264,0,188,330,214,-320,324,0" owari="264,-14.0,518,63.0,-106,-61.0,324,12.0" /></mjloggm>