<mjloggm ver="2.3"><GO type="169"/><UN n0="%E6%9C%88%E9%95%B7%E7%9F%B3" n1="%EF%BC%88%E2%89%A7%E2%96%BD%E2%89%A6%EF%BC%89" n2="%E3%81%A1%E3%81%8F%E3%81%8D" n3="%E7%AB%8B%E8%8F%AF%E5%A5%8F" dan="16,17,18,16" rate="2093,2114,2176,2028" sx="M,M,M,F"/><TAIKYOKU oya="0"/><INIT seed="0,0,0,0,1,40" ten="250,250,250,250" oya="0" hai0="52,97,19,84,81,120,126,31,135,51,105,34,74" hai1="68,77,119,83,112,38,62,30,16,63,46,79,72" hai2="56,82,20,134,43,7,104,125,124,128,103,48,47" hai3="18,80,27,127,60,73,67,44,2,102,133,94,23"/><T17/><D120/><U121/><E119/><V96/><F7/><W10/><G127/><N who="2" m="48713" /><F128/><W37/><G133/><T15/><D74/><U87/><E121/><V11/><F11/><W4/><G102/><T3/><D3/><U111/><E30/><V91/><F134/><W107/><G107/><T12/><D135/><U28/><E28/><V75/><F20/><W100/><G100/><T76/><D126/><U115/><E111/><V41/><F56/><W36/><G94/><T108/><D108/><U109/><E109/><V93/><F43/><W55/><G80/><T86/><D105/><U131/><E68/><V22/><F22/><W24/><G73/><T99/><D31/><U116/><E116/><V13/><F13/><N who="0" m="5194" /><D34/><U59/><E72/><V25/><F25/><W89/><G89/><T45/><D86/><U66/><E87/><N who="2" m="50679" /><F75/><W32/><G32/><T98/><AGARI ba="0,0" hai="17,19,45,51,52,76,81,84,97,98,99" m="5194" machi="98" ten="30,6000,0" yaku="8,1,52,1,54,1" doraHai="40" who="0" fromWho="0" sc="250,60,250,-20,250,-20,250,-20" /><INIT seed="0,1,0,3,1,79" ten="310,230,230,230" oya="0" hai0="97,100,30,66,120,74,29,57,17,127,92,42,89" hai1="131,6,36,85,105,67,71,55,39,93,46,47,20" hai2="63,125,51,1,52,109,4,118,76,44,122,21,7" hai3="12,117,104,56,69,98,11,94,106,35,113,128,49"/><T81/><D120/><U82/><E105/><V91/><F122/><W129/><G113/><T107/><D127/><U16/><E131/><N who="3" m="50250" /><G117/><T135/><D135/><U108/><E108/><V134/><F109/><W65/><G35/><T13/><D42/><U22/><E39/><V70/><F134/><W84/><G69/><T73/><D73/><U119/><E119/><V101/><F118/><W99/><G84/><T96/><D66/><U72/><E6/><V10/><F101/><N who="3" m="60631" /><G99/><T68/><D68/><U126/><E126/><V87/><F125/><W110/><G110/><T60/><D60/><U2/><E71/><V28/><F76/><W62/><G49/><T45/><D45/><U25/><E47/><V9/><F70/><W112/><G112/><T77/><REACH who="0" step="1"/><D57/><REACH who="0" ten="300,230,230,230" step="2"/><U83/><E46/><V59/><F63/><W37/><G37/><T114/><D114/><U133/><E36/><V95/><F44/><W78/><G78/><T61/><D61/><U14/><E133/><V53/><F59/><W18/><AGARI ba="1,1" hai="11,12,18,56,62,65,104,106" m="60631,50250" machi="18" ten="30,1100,0" yaku="19,1" doraHai="79" who="3" fromWho="3" sc="300,-6,230,-4,230,-4,230,24" /><INIT seed="1,0,0,4,0,115" ten="294,226,226,254" oya="1" hai0="79,61,19,110,80,58,78,92,18,105,56,3,120" hai1="63,75,113,88,135,22,23,5,6,54,15,119,94" hai2="95,67,60,134,70,42,133,30,64,45,52,101,81" hai3="14,76,49,31,91,85,9,46,68,128,129,77,37"/><U73/><E113/><V97/><F67/><W1/><G37/><T28/><D105/><U82/><E135/><V102/><F30/><W50/><G1/><T25/><D120/><U99/><E119/><V34/><F34/><W86/><G68/><T26/><D3/><U126/><E126/><V125/><F125/><W4/><G31/><T118/><D118/><U127/><E127/><V103/><F81/><W106/><G106/><T38/><D38/><U72/><E82/><V84/><F84/><W114/><G114/><T13/><D110/><U93/><E93/><V100/><REACH who="2" step="1"/><F52/><REACH who="2" ten="294,226,216,254" step="2"/><N who="3" m="29751" /><G85/><T116/><D28/><U98/><E98/><V131/><F131/><N who="3" m="50251" /><G50/><AGARI ba="0,1" hai="42,45,50,60,64,70,95,97,100,101,102,103,133,134" machi="50" ten="40,1300,0" yaku="1,1,53,0" doraHai="115" doraHaiUra="7" who="2" fromWho="3" sc="294,0,226,0,216,23,254,-13" /><INIT seed="2,0,0,0,4,85" ten="294,226,239,241" oya="2" hai0="18,9,63,8,48,37,61,33,70,2,108,62,14" hai1="96,91,131,26,67,16,88,35,79,72,19,54,120" hai2="135,44,92,46,87,132,34,50,55,103,7,130,107" hai3="115,102,73,134,29,93,6,76,28,97,128,17,78"/><V117/><F117/><W45/><G115/><T84/><D37/><U41/><E131/><V116/><F116/><W75/><G128/><T123/><D33/><U12/><E120/><V95/><F34/><W99/><G134/><N who="2" m="51241" /><F130/><W25/><G6/><T110/><D123/><U111/><E111/><N who="0" m="42537" /><D84/><U3/><E3/><V24/><F24/><W127/><G127/><T69/><D48/><U118/><E118/><V36/><F7/><AGARI ba="0,0" hai="2,7,8,9,14,18,61,62,63,69,70" m="42537" machi="7" ten="30,1000,0" yaku="14,1" doraHai="85" who="0" fromWho="2" sc="294,10,226,0,239,-10,241,0" /><INIT seed="3,0,0,1,0,68" ten="304,226,229,241" oya="3" hai0="115,86,16,55,34,17,27,9,100,114,40,91,108" hai1="32,135,23,93,105,70,120,26,44,94,51,83,102" hai2="63,11,67,62,77,85,112,52,5,72,96,116,118" hai3="104,76,117,41,121,73,33,75,95,48,35,3,60"/><W8/><G104/><T111/><D100/><U31/><E120/><V22/><F72/><W30/><G121/><T109/><D40/><U133/><E70/><V20/><F112/><N who="0" m="43050" /><D55/><U47/><E83/><V4/><F96/><W134/><G117/><T106/><D106/><U1/><E1/><V25/><F22/><W29/><G134/><N who="1" m="51210" /><E32/><V19/><F5/><W10/><G60/><T81/><D9/><U87/><E87/><V37/><F37/><W64/><G64/><T131/><D131/><U128/><E128/><V59/><F77/><W79/><G95/><N who="1" m="36362" /><E51/><V65/><F85/><W97/><G48/><T56/><D56/><U42/><E42/><V127/><F127/><W49/><G49/><T98/><D98/><AGARI ba="0,0" hai="23,26,31,44,47,98,102,105" m="36362,51210" machi="98" ten="30,1000,0" yaku="20,1" doraHai="68" who="1" fromWho="0" sc="304,-10,226,10,229,0,241,0" /><INIT seed="4,0,0,3,0,103" ten="294,236,229,241" oya="0" hai0="38,104,68,91,33,53,41,3,99,128,84,70,25" hai1="123,75,93,112,71,17,94,101,13,87,108,45,27" hai2="90,117,113,44,69,55,0,20,34,82,125,110,105" hai3="134,56,37,120,12,111,29,92,48,98,79,102,54"/><T109/><D3/><U22/><E108/><V40/><F34/><W126/><G111/><T89/><D109/><U129/><E123/><V81/><F110/><W5/><G120/><T73/><D73/><U130/><E75/><V106/><F0/><W86/><G37/><T131/><D53/><U43/><E71/><V36/><F69/><W118/><G118/><T8/><D8/><U66/><E66/><V83/><F117/><W61/><G126/><T50/><D38/><U100/><E112/><V132/><F113/><W2/><G2/><T77/><D77/><U14/><E14/><V59/><F125/><W97/><G134/><T64/><D64/><U32/><E87/><V47/><F132/><W119/><G119/><T88/><D84/><U135/><E135/><V62/><F90/><W4/><G29/><N who="0" m="19631" /><D50/><U58/><E58/><V26/><REACH who="2" step="1"/><F47/><REACH who="2" ten="294,236,219,241" step="2"/><W49/><G102/><N who="0" m="62559" /><D41/><U80/><E101/><V67/><F67/><W39/><G79/><T114/><D114/><U122/><E100/><V24/><F24/><W42/><G42/><T1/><D1/><U16/><E122/><V46/><F46/><W57/><G12/><T65/><D68/><U28/><E45/><V18/><AGARI ba="0,1" hai="18,20,26,36,40,44,55,59,62,81,82,83,105,106" machi="18" ten="30,7900,0" yaku="1,1,0,1,52,2,53,0" doraHai="103" doraHaiUra="115" who="2" fromWho="2" sc="294,-39,236,-20,219,89,241,-20" /><INIT seed="5,0,0,3,2,3" ten="255,216,308,221" oya="1" hai0="100,96,123,1,80,12,5,51,69,11,115,37,90" hai1="117,78,44,127,60,108,77,97,17,89,121,109,35" hai2="63,59,54,95,55,39,22,74,79,64,42,18,2" hai3="67,7,24,53,43,47,23,73,71,84,15,28,105"/><U4/><E121/><V41/><F2/><W118/><G73/><T72/><D69/><U16/><E117/><V45/><F74/><W106/><G118/><T116/><D116/><U29/><E127/><V58/><F79/><N who="1" m="30217" /><E60/><V94/><F64/><W52/><G67/><T49/><D123/><U92/><E44/><V99/><F99/><W122/><G71/><T9/><D37/><U120/><E120/><V40/><F45/><W119/><G119/><T0/><D72/><U36/><E36/><V10/><F10/><W111/><G111/><N who="1" m="42570" /><E4/><V30/><F30/><W88/><G122/><T87/><D115/><U98/><E97/><V46/><F46/><W103/><G103/><T32/><D32/><U25/><AGARI ba="0,0" hai="16,17,25,29,35,89,92,98" m="42570,30217" machi="25" ten="30,3000,0" yaku="10,1,54,1" doraHai="3" who="1" fromWho="1" sc="255,-10,216,30,308,-10,221,-10" /><INIT seed="5,1,0,1,1,88" ten="245,246,298,211" oya="1" hai0="78,113,17,15,29,104,76,99,19,108,47,116,36" hai1="31,95,79,135,134,39,28,54,14,62,86,48,112" hai2="45,115,121,43,70,53,80,57,130,33,58,131,22" hai3="20,13,103,32,51,92,82,6,87,44,7,105,123"/><U85/><E39/><V12/><F33/><W61/><G32/><T73/><D108/><U100/><E112/><V18/><F70/><W133/><G105/><T114/><D116/><U42/><E42/><V2/><F121/><W75/><G123/><T96/><D29/><U50/><E62/><V23/><F2/><W101/><G133/><N who="1" m="50698" /><E14/><V9/><F115/><N who="0" m="44042" /><D73/><U30/><E79/><N who="0" m="30249" /><D104/><U68/><E68/><V59/><F80/><W118/><G118/><T69/><D69/><U63/><E63/><V128/><REACH who="2" step="1"/><F53/><REACH who="2" ten="245,246,288,211" step="2"/><W67/><G82/><T16/><D15/><U122/><E122/><V83/><F83/><W26/><G75/><T74/><D74/><U84/><E54/><V98/><F98/><AGARI ba="1,1" hai="28,30,31,48,50,84,85,86,95,98,100" m="50698" machi="98" ten="40,3900,0" yaku="20,1,52,1" doraHai="88" who="1" fromWho="2" sc="245,0,246,52,288,-42,211,0" /><INIT seed="5,2,0,1,4,4" ten="245,298,246,211" oya="1" hai0="108,119,133,45,116,92,43,100,117,68,34,72,50" hai1="16,67,21,122,52,86,42,132,110,99,60,56,54" hai2="38,27,105,131,76,98,123,1,101,70,124,120,18" hai3="2,30,0,127,55,125,102,85,58,87,107,12,62"/><U96/><E122/><V59/><F38/><W134/><G134/><T57/><D72/><U19/><E132/><V69/><F1/><W114/><G114/><T118/><D133/><U6/><E110/><V63/><F76/><W41/><G41/><T17/><D34/><U77/><E6/><V3/><F3/><W10/><G30/><T130/><D130/><U94/><E42/><V35/><F131/><W126/><G2/><T11/><D108/><U65/><E19/><V121/><F124/><W31/><G31/><T135/><D68/><U73/><E73/><V104/><F104/><W22/><G22/><T9/><D135/><U90/><E54/><V33/><F33/><W37/><G37/><T53/><D119/><U49/><E77/><V51/><F51/><W115/><G0/><T23/><D92/><U29/><E29/><N who="2" m="19903" /><F18/><W64/><G115/><T128/><D100/><U103/><E103/><V48/><F48/><W36/><G36/><T113/><D113/><U25/><E67/><N who="2" m="41215" /><F59/><AGARI ba="2,0" hai="16,21,25,49,52,56,59,60,65,86,90,94,96,99" machi="59" ten="30,11600,0" yaku="7,1,8,1,54,2" doraHai="4" who="1" fromWho="2" sc="245,0,298,122,246,-122,211,0" /><INIT seed="5,3,0,5,5,110" ten="245,420,124,211" oya="1" hai0="27,81,23,115,56,95,130,45,38,84,6,103,82" hai1="101,87,36,54,43,12,112,93,66,61,17,127,77" hai2="98,76,52,129,18,3,26,123,132,20,51,10,120" hai3="131,88,125,89,69,50,30,57,24,108,126,134,92"/><U16/><E36/><V104/><F76/><W80/><G69/><T124/><D130/><U41/><E127/><N who="3" m="48650" /><G108/><T42/><D124/><U135/><E135/><V117/><F117/><W96/><G131/><T114/><D6/><U22/><E54/><V48/><F129/><W21/><G134/><T34/><D34/><U39/><E39/><V1/><F132/><W15/><G15/><T2/><D2/><U119/><E119/><V122/><F48/><W28/><G28/><T111/><D111/><U133/><E133/><V14/><F104/><W62/><G50/><T105/><D105/><U74/><E74/><V91/><F98/><W59/><G62/><T99/><D56/><N who="3" m="21577" /><G80/><T60/><D60/><U67/><E61/><V121/><F91/><AGARI ba="3,0" hai="21,24,30,88,89,91,92,96" m="21577,48650" machi="91" ten="30,2000,0" yaku="18,1,54,1" doraHai="110" who="3" fromWho="2" sc="245,0,420,0,124,-29,211,29" /><INIT seed="6,0,0,3,0,115" ten="245,420,95,240" oya="2" hai0="129,107,73,86,38,5,40,4,42,93,125,67,64" hai1="9,18,87,97,33,61,50,134,13,39,114,108,62" hai2="56,11,124,53,16,63,0,41,119,109,103,69,14" hai3="32,95,6,66,1,2,15,68,112,37,49,46,127"/><V55/><F109/><W80/><G32/><T77/><D107/><U113/><E39/><V133/><F69/><W65/><G37/><T106/><D106/><U10/><E33/><V98/><F133/><W90/><G127/><T104/><D104/><U24/><E134/><V75/><F75/><W135/><G135/><T78/><D73/><U36/><E36/><V26/><F124/><W91/><G112/><N who="1" m="43114" /><E108/><V94/><F41/><W22/><G68/><T81/><D38/><U28/><E87/><V34/><F0/><W3/><G80/><T57/><D57/><U58/><E9/><V79/><F79/><W122/><G122/><T45/><D93/><U131/><E97/><V88/><F119/><W105/><G105/><T82/><D125/><U31/><E131/><V132/><F132/><W52/><G91/><T99/><D99/><U54/><E24/><V118/><F118/><W7/><G7/><T70/><D70/><U110/><E110/><V123/><F123/><W111/><G111/><T102/><D102/><U92/><E92/><V12/><F12/><W120/><G120/><T72/><D129/><U128/><E128/><V19/><F34/><W100/><G100/><T130/><D130/><U30/><AGARI ba="0,0" hai="10,13,18,28,30,31,50,54,58,61,62" m="43114" machi="30" ten="30,1100,0" yaku="15,1" doraHai="115" who="1" fromWho="1" sc="245,-3,420,11,95,-5,240,-3" /><INIT seed="7,0,0,3,0,101" ten="242,431,90,237" oya="3" hai0="110,6,14,28,97,47,73,128,86,78,48,18,65" hai1="8,82,27,69,112,134,55,100,88,74,32,107,103" hai2="7,66,31,119,109,10,42,16,81,133,54,87,21" hai3="80,108,25,91,23,99,9,92,71,11,117,59,75"/><W114/><G71/><T26/><D110/><U34/><E69/><V53/><F109/><W12/><G108/><T44/><D128/><U4/><E74/><V38/><F119/><W37/><G37/><T0/><D73/><U13/><E134/><V125/><F133/><W70/><G70/><T49/><D65/><U85/><E112/><V123/><F123/><W60/><G117/><T56/><D97/><U98/><E103/><V129/><F129/><W93/><G114/><T33/><D56/><U43/><E43/><V41/><F66/><W127/><G127/><T118/><D118/><U115/><E115/><V122/><F122/><W106/><G106/><T72/><D72/><U24/><E55/><V19/><F125/><W96/><G12/><T77/><D86/><U3/><E3/><V67/><F67/><W57/><G80/><T61/><D61/><U45/><E45/><V36/><F31/><W131/><G75/><T94/><D94/><U5/><E5/><V111/><F111/><W68/><G68/><T102/><D102/><U135/><E135/><V95/><F7/><W105/><G105/><T63/><D63/><U17/><E4/><V46/><F95/><W64/><G59/><T89/><D89/><U15/><E13/><V76/><F10/><W79/><G79/><N who="0" m="30219" /><D6/><U30/><E27/><V62/><F62/><W84/><G131/><T35/><D0/><U121/><E121/><V51/><F38/><W58/><G58/><T116/><D116/><U22/><AGARI ba="0,0" hai="8,15,17,22,24,30,32,34,82,85,88,98,100,107" machi="22" ten="20,5200,0" yaku="0,1,7,1,52,1,54,1" doraHai="101" who="1" fromWho="1" sc="242,-13,431,52,90,-13,237,-26" owari="229,3.0,483,58.0,77,-42.0,211,-19.0" /></mjloggm>