<mjloggm ver="2.3"><GO type="65"/><UN n0="%E5%8A%89%E9%82%A6" n1="%69%79%6F%64%61%6D" n2="%EF%BC%88%E2%89%A7%E2%96%BD%E2%89%A6%EF%BC%89" n3="%6E%6F%72%69%6B%61%72%61" dan="9,8,3,11" rate="1615,1599,1562,1554" sx="M,M,M,M"/><TAIKYOKU oya="0"/><INIT seed="0,0,0,1,2,81" ten="250,250,250,250" oya="0" hai0="113,100,92,7,44,130,19,31,87,78,6,125,21" hai1="85,101,23,114,105,39,1,9,133,29,25,51,112" hai2="68,84,104,5,2,134,11,117,121,115,72,17,16" hai3="66,70,50,58,94,69,37,79,103,53,110,90,119"/><T26/><D113/><N who="1" m="43627" /><E39/><V4/><F115/><W111/><G119/><T97/><D125/><U63/><E1/><V36/><F121/><W30/><G37/><T88/><D130/><U74/><E74/><V47/><F72/><W76/><G103/><T83/><D44/><U27/><E9/><V96/><F117/><W28/><G66/><T48/><D48/><U3/><E3/><V116/><F116/><W56/><G94/><T124/><D124/><U34/><E63/><V106/><F134/><W61/><G61/><T38/><D38/><U120/><E120/><V109/><F109/><W52/><G90/><T135/><D135/><U15/><E15/><V40/><F68/><W126/><REACH who="3" step="1"/><G50/><REACH who="3" step="2"/><T118/><D118/><U80/><E133/><V67/><F67/><W131/><G131/><T41/><D41/><U59/><E51/><V123/><F123/><W14/><G14/><T32/><D100/><U77/><E105/><V24/><F106/><W13/><G13/><AGARI ba="0,1" hai="6,7,13,19,21,26,31,32,78,83,87,88,92,97" machi="13" ten="30,5800,0" yaku="7,1,52,1,54,1" doraHai="81" who="0" fromWho="3" sc="250,68,250,0,250,0,240,-58" /><INIT seed="0,1,0,2,2,74" ten="318,250,250,182" oya="0" hai0="88,50,129,61,6,118,0,93,119,135,38,13,101" hai1="36,20,35,100,67,84,64,96,55,52,68,94,107" hai2="48,121,40,19,89,7,63,85,97,99,87,59,51" hai3="102,79,24,81,108,15,131,115,47,78,43,95,86"/><T18/><D38/><U120/><E120/><V75/><F121/><W110/><G115/><T77/><D0/><U112/><E112/><V69/><F75/><W53/><G102/><T45/><D6/><U30/><E36/><V65/><F7/><W103/><G103/><T32/><D32/><U114/><E114/><V56/><F69/><W2/><G2/><T62/><D135/><U49/><E35/><V39/><F39/><W117/><G117/><T80/><D129/><U1/><E1/><V76/><F19/><W57/><G95/><T60/><D101/><U105/><E68/><V113/><F113/><W3/><G3/><T66/><D66/><U10/><E10/><V34/><F34/><W5/><G131/><T31/><D31/><U106/><E84/><V22/><F22/><W12/><G5/><T4/><D4/><U16/><E30/><V72/><F72/><W82/><G110/><T130/><D130/><U58/><REACH who="1" step="1"/><E55/><REACH who="1" step="2"/><N who="2" m="31871" /><F40/><W42/><G108/><T8/><D119/><U128/><E128/><V134/><F134/><W9/><G24/><AGARI ba="1,1" hai="16,20,24,49,52,58,64,67,94,96,100,105,106,107" machi="24" ten="40,5200,0" yaku="1,1,54,2,53,0" doraHai="74" doraHaiUra="33" who="1" fromWho="3" sc="318,0,240,65,250,0,182,-55" /><INIT seed="1,0,0,4,1,65" ten="318,305,250,127" oya="1" hai0="37,41,89,91,132,122,4,134,129,5,100,53,120" hai1="126,56,63,13,7,131,71,125,84,60,59,22,109" hai2="70,14,52,102,17,85,21,110,92,18,121,28,94" hai3="90,48,66,123,2,86,99,117,3,58,98,81,106"/><U61/><E84/><V104/><F121/><N who="0" m="46698" /><D100/><U1/><E1/><V47/><F110/><W67/><G117/><T20/><D37/><U111/><E7/><N who="0" m="2633" /><D41/><U78/><E78/><V51/><F70/><W79/><G106/><T113/><D113/><U133/><E13/><V124/><F124/><N who="1" m="47721" /><E22/><V87/><F28/><W44/><G123/><T27/><D53/><U88/><E88/><N who="0" m="33865" /><D129/><U82/><E82/><V6/><F6/><W46/><G2/><T76/><D76/><U9/><E9/><V31/><F31/><AGARI ba="0,0" hai="20,27,31,132,134" m="33865,2633,46698" machi="31" ten="30,2000,0" yaku="13,1,54,1" doraHai="65" who="0" fromWho="2" sc="318,20,305,0,250,-20,127,0" /><INIT seed="2,0,0,1,3,88" ten="338,305,230,127" oya="2" hai0="47,134,1,4,58,60,97,64,20,133,18,104,37" hai1="121,43,19,68,115,67,130,25,116,99,122,61,128" hai2="35,72,95,90,118,74,26,46,132,101,77,105,89" hai3="86,33,114,106,111,102,57,81,96,38,76,125,83"/><V16/><F118/><W27/><G38/><T32/><D32/><U109/><E116/><V40/><F132/><N who="0" m="50794" /><D4/><U117/><E117/><V75/><F77/><W21/><G114/><T8/><D8/><U23/><E43/><V69/><F69/><W39/><G111/><T92/><D104/><U65/><E115/><V31/><F105/><W5/><G125/><T120/><D120/><N who="1" m="46187" /><E67/><V30/><F30/><W112/><G39/><T45/><D1/><U29/><E99/><V9/><F101/><W42/><G112/><T54/><D37/><U91/><E91/><V3/><F3/><W24/><G33/><T22/><D64/><U129/><E109/><V34/><F34/><W93/><G42/><T126/><D126/><U103/><E103/><V7/><F7/><W87/><G5/><T66/><D66/><U124/><E124/><V110/><F110/><W6/><G6/><T17/><D17/><AGARI ba="0,0" hai="17,19,23,25,29,61,65,68,128,129,130" m="46187" machi="17" ten="40,2600,0" yaku="19,1,13,1" doraHai="88" who="1" fromWho="0" sc="338,-26,305,26,230,0,127,0" /><INIT seed="3,0,0,2,5,20" ten="312,331,230,127" oya="3" hai0="12,73,53,22,36,67,122,54,104,109,72,56,76" hai1="97,116,130,115,47,77,15,30,110,78,46,131,101" hai2="40,88,87,132,114,90,74,127,120,64,43,41,28" hai3="51,31,4,50,128,39,57,23,42,29,55,37,119"/><W60/><G119/><T89/><D36/><U13/><E115/><V100/><F120/><W134/><G134/><T2/><D2/><U52/><E116/><V81/><F114/><W86/><G128/><N who="1" m="49194" /><E110/><V129/><F132/><W65/><G4/><T48/><D122/><U125/><E125/><V3/><F3/><W26/><G31/><T93/><D104/><N who="1" m="63535" /><E30/><V126/><F129/><W98/><G51/><T5/><D109/><U79/><E52/><V83/><F100/><W112/><G112/><T70/><D70/><U16/><E13/><V75/><F64/><W68/><G39/><T45/><D67/><U38/><E38/><V62/><F62/><W32/><G98/><T66/><D66/><U82/><E82/><V106/><F106/><W69/><G86/><T24/><D76/><N who="1" m="29291" /><E47/><V124/><REACH who="2" step="1"/><F28/><REACH who="2" step="2"/><W105/><G105/><T49/><D5/><U92/><E92/><V11/><F11/><W44/><REACH who="3" step="1"/><G69/><REACH who="3" step="2"/><T34/><D34/><AGARI ba="0,2" hai="23,26,29,32,34,37,42,44,50,55,57,60,65,68" machi="34" ten="40,12000,1" yaku="1,1,2,1,24,2,52,1,53,0" doraHai="20" doraHaiUra="33" who="3" fromWho="0" sc="312,-120,331,0,220,0,117,140" /><INIT seed="3,1,0,2,0,83" ten="192,331,220,257" oya="3" hai0="84,60,67,118,124,22,47,88,8,4,53,54,110" hai1="116,36,39,46,87,37,66,55,24,15,16,85,12" hai2="79,97,17,50,86,93,18,77,30,108,81,72,58" hai3="32,100,6,104,105,23,68,61,92,114,3,5,123"/><W99/><G123/><T75/><D75/><U89/><E116/><V106/><F106/><W91/><G114/><T48/><D118/><U40/><E66/><V64/><F108/><W127/><G127/><T96/><D124/><U76/><E76/><V134/><F134/><W130/><G130/><T13/><D110/><U107/><E107/><V125/><F125/><W43/><G32/><T115/><D115/><U0/><E0/><V56/><F72/><W119/><G119/><T133/><D133/><U51/><E24/><V90/><F77/><W1/><G68/><T38/><D38/><U94/><E87/><V2/><F2/><W19/><G1/><T10/><D96/><U121/><E121/><V27/><F56/><W126/><G126/><T9/><D22/><U111/><E111/><V103/><F79/><W59/><G3/><T21/><D21/><U129/><E129/><V112/><F112/><W98/><G43/><T117/><D54/><U44/><E15/><V31/><F31/><W42/><G42/><T62/><D117/><U82/><E82/><V95/><F81/><W63/><G63/><T25/><D25/><U33/><E33/><V101/><F101/><W74/><G74/><T7/><D67/><U41/><E41/><V122/><F122/><W34/><G34/><T28/><D28/><U131/><E131/><V73/><F73/><W26/><REACH who="3" step="1"/><G105/><REACH who="3" step="2"/><T80/><D10/><AGARI ba="1,1" hai="10,12,16,36,37,39,40,44,46,51,55,85,89,94" machi="10" ten="30,3900,0" yaku="7,1,52,1,54,1" doraHai="83" who="1" fromWho="0" sc="192,-42,331,52,220,0,247,0" owari="150,-35,383,48,220,-18,247,5" /></mjloggm>