<mjloggm ver="2.3"><GO type="41"/><UN n0="%4B%45%4C%55%4E" n1="%E5%A4%A9%E6%B1%9F%E8%A1%A3%E2%98%85" n2="%EF%BC%88%E2%89%A7%E2%96%BD%E2%89%A6%EF%BC%89" n3="%CE%B1%E3%82%A6%E3%82%B5%E3%82%AE%CE%B1" dan="14,16,15,13" rate="2038,2046,2017,1903" sx="M,F,M,F"/><TAIKYOKU oya="0"/><INIT seed="0,0,0,0,1,39" ten="250,250,250,250" oya="0" hai0="67,93,96,65,10,111,81,51,106,25,63,85,86" hai1="7,112,79,88,33,126,32,68,47,97,133,37,27" hai2="48,23,41,18,95,42,77,8,100,35,59,124,46" hai3="128,108,22,122,2,9,0,91,132,50,3,119,38"/><T54/><D106/><U76/><E68/><V87/><F35/><W15/><G38/><T53/><D111/><U89/><E7/><V5/><F124/><W62/><G62/><T30/><D10/><U20/><E47/><V109/><F109/><W82/><G50/><T129/><D129/><U36/><E20/><V69/><F69/><W12/><G82/><T57/><D81/><U115/><E97/><N who="2" m="59455" /><F5/><N who="3" m="3119" /><G91/><T127/><D127/><U21/><E21/><V104/><F104/><W120/><G108/><T58/><D67/><U49/><E49/><V125/><F125/><W78/><G78/><T71/><D71/><U1/><E126/><V19/><F59/><W92/><G92/><T103/><REACH who="0" step="1"/><D54/><REACH who="0" ten="240,250,250,250" step="2"/><U130/><E130/><V90/><F8/><W75/><G128/><T60/><D60/><U56/><E112/><V29/><F77/><W84/><G120/><T44/><D44/><U83/><E115/><V11/><F11/><W113/><G122/><T6/><D6/><U26/><E79/><V24/><F41/><W114/><G113/><T118/><D118/><U55/><E76/><V110/><F110/><W34/><G119/><T94/><D94/><AGARI ba="0,1" hai="18,19,23,24,29,42,46,48,87,90,94" m="59455" machi="94" ten="30,2000,0" yaku="8,1,52,1" doraHai="39" who="2" fromWho="0" sc="240,-20,250,0,250,30,250,0" /><INIT seed="1,0,0,4,3,65" ten="220,250,280,250" oya="1" hai0="103,121,125,105,78,58,12,77,66,88,53,97,108" hai1="48,34,130,131,83,120,89,70,67,133,14,100,118" hai2="80,23,41,25,68,82,104,50,119,17,74,7,73" hai3="116,109,13,98,24,38,71,79,101,47,37,4,110"/><U85/><E34/><V15/><F104/><W91/><G116/><T111/><D121/><U122/><E118/><V76/><F119/><W18/><G79/><T113/><D113/><U49/><E133/><V11/><F68/><W55/><G71/><T99/><D66/><U36/><E70/><V94/><F94/><W112/><G112/><T33/><D33/><U56/><E36/><V63/><F63/><W1/><G1/><T129/><D12/><U10/><E100/><V51/><REACH who="2" step="1"/><F41/><REACH who="2" ten="220,250,270,250" step="2"/><W95/><G95/><N who="0" m="56551" /><D129/><U117/><E117/><V124/><F124/><W127/><G127/><T90/><D125/><U57/><E131/><V128/><F128/><W87/><G101/><T29/><D29/><U39/><E130/><V3/><F3/><W134/><G134/><T93/><D105/><U46/><E122/><V44/><F44/><W54/><G47/><T75/><D75/><U52/><E46/><V92/><F92/><W102/><G102/><T2/><D2/><U28/><E28/><V16/><F16/><W5/><G18/><T84/><D111/><U22/><E120/><V40/><F40/><W115/><G115/><T21/><D108/><U8/><E67/><V96/><F96/><W42/><G42/><T59/><D59/><U61/><E57/><V62/><F62/><W45/><G45/><T31/><D103/><U126/><E126/><V43/><F43/><W19/><G98/><T20/><D99/><U106/><E106/><V60/><F60/><W72/><G19/><T123/><D123/><U86/><E61/><V135/><F135/><W30/><G109/><RYUUKYOKU ba="0,1" sc="220,-10,250,-10,270,30,250,-10" hai2="7,11,15,17,23,25,50,51,73,74,76,80,82" /><INIT seed="2,1,1,4,3,107" ten="210,240,300,240" oya="2" hai0="25,98,71,30,104,101,77,35,113,32,87,86,92" hai1="120,74,51,60,99,70,131,85,118,121,5,50,88" hai2="109,97,122,55,135,90,31,19,4,132,11,28,111" hai3="63,103,102,7,40,129,67,45,72,8,127,115,130"/><V54/><F122/><N who="1" m="47209" /><E118/><V96/><F19/><W15/><G115/><T91/><D113/><U106/><E5/><V58/><F90/><W73/><G127/><T37/><D37/><U29/><E29/><N who="2" m="11339" /><F11/><W10/><G10/><T89/><D77/><U134/><E70/><V17/><F17/><W13/><G13/><T59/><D59/><U81/><E60/><N who="2" m="35927" /><F4/><W22/><G22/><T47/><D47/><U94/><E106/><V2/><F2/><W41/><G103/><T123/><D71/><U75/><E134/><N who="2" m="51243" /><F55/><W36/><G102/><T124/><D123/><U64/><E131/><N who="3" m="50186" /><G40/><T62/><D62/><U84/><E64/><V12/><F12/><W38/><G38/><T69/><D69/><AGARI ba="1,1" hai="7,8,15,36,41,45,63,67,69,72,73" m="50186" machi="69" ten="30,3900,0" yaku="19,1,52,2" doraHai="107" who="3" fromWho="0" sc="210,-42,240,0,300,0,240,52" /><INIT seed="3,0,0,5,2,51" ten="168,240,300,292" oya="3" hai0="83,131,36,60,126,22,46,65,93,39,81,106,35" hai1="58,56,57,48,76,7,33,34,90,49,133,41,26" hai2="98,80,54,108,69,68,23,122,101,79,103,19,55" hai3="84,5,123,15,82,124,12,127,70,9,28,21,114"/><W92/><G123/><T86/><D106/><U107/><E107/><V71/><F122/><W112/><G70/><T53/><D35/><U113/><E113/><N who="3" m="43626" /><G92/><T116/><D116/><U91/><E133/><V94/><F103/><W13/><G84/><T64/><D36/><U130/><E7/><V118/><F108/><W50/><G50/><N who="1" m="19562" /><E26/><V20/><F118/><W52/><G52/><T40/><D53/><U24/><E24/><V11/><F11/><N who="3" m="4207" /><G82/><T62/><D83/><U47/><E130/><V121/><F121/><W16/><G28/><T67/><D131/><U0/><E47/><V44/><F44/><W30/><G30/><T61/><D81/><U125/><E41/><V43/><F43/><W100/><G100/><T119/><D119/><U1/><E76/><V134/><F134/><W10/><G15/><T32/><D32/><N who="1" m="12395" /><E125/><AGARI ba="0,0" hai="9,10,13,16,21,124,125,127" m="4207,43626" machi="125" ten="30,11600,0" yaku="18,1,34,2,54,1" doraHai="51" who="3" fromWho="1" sc="168,0,240,-116,300,0,292,116" /><INIT seed="3,1,0,2,3,60" ten="168,124,300,408" oya="3" hai0="8,23,116,135,44,65,89,45,63,69,72,124,25" hai1="22,87,129,13,81,95,59,2,106,83,68,100,66" hai2="111,28,119,120,31,9,41,112,49,43,38,123,97" hai3="29,74,26,113,32,62,73,117,79,40,17,77,85"/><W57/><G117/><T6/><D72/><U46/><E2/><V33/><F119/><W21/><G113/><T51/><D116/><U75/><E75/><V121/><F112/><W27/><G40/><T104/><D104/><U108/><E106/><V91/><F111/><W42/><G42/><N who="2" m="15881" /><F38/><W71/><G71/><T96/><D135/><U19/><E108/><V131/><F131/><W55/><G77/><T64/><D124/><U132/><E68/><V61/><F49/><W115/><G115/><T133/><D133/><U93/><E132/><V88/><F9/><W82/><AGARI ba="1,0" hai="17,21,26,27,29,32,55,57,62,73,74,79,82,85" machi="82" ten="30,1500,0" yaku="0,1" doraHai="60" who="3" fromWho="3" sc="168,-6,124,-6,300,-6,408,18" /><INIT seed="3,2,0,5,1,67" ten="162,118,294,426" oya="3" hai0="56,43,16,29,6,79,71,28,37,99,131,34,13" hai1="5,2,117,14,63,95,121,31,109,47,65,133,36" hai2="46,110,77,114,41,88,87,59,52,24,83,128,60" hai3="3,57,68,116,64,108,115,111,27,100,93,8,48"/><W0/><G116/><T9/><D131/><U44/><E121/><V101/><F114/><W45/><G115/><T85/><D71/><U129/><E2/><V84/><F128/><W98/><G27/><T30/><D99/><U66/><E129/><V120/><F120/><W10/><G0/><N who="0" m="199" /><D56/><U49/><E66/><V112/><F112/><W132/><G132/><T70/><D70/><U126/><E133/><V92/><F110/><N who="3" m="42027" /><G3/><T103/><D103/><U113/><E109/><V23/><F101/><W42/><G57/><T18/><D85/><U124/><E117/><V104/><F104/><W1/><G1/><T53/><D53/><U40/><E113/><V33/><F33/><W58/><G58/><T74/><D74/><U119/><E119/><V125/><F125/><W134/><G134/><T69/><D69/><U21/><E31/><N who="0" m="11849" /><D79/><U38/><E126/><V19/><F46/><W75/><G75/><T76/><D76/><U123/><E47/><V105/><F105/><W78/><G78/><T91/><D91/><U50/><E123/><V97/><F41/><W122/><G122/><T51/><D37/><U72/><E36/><V15/><F15/><W39/><G39/><T96/><D43/><U25/><E72/><AGARI ba="2,0" hai="19,23,24,52,59,60,72,77,83,84,87,88,92,97" machi="72" ten="30,8000,1" yaku="7,1,25,2,54,2" doraHai="67" who="2" fromWho="1" sc="162,0,118,-86,294,86,426,0" /><INIT seed="4,0,0,0,5,113" ten="162,32,380,426" oya="0" hai0="55,15,132,70,76,12,108,25,50,128,65,134,116" hai1="107,27,109,47,123,127,29,125,59,60,26,82,58" hai2="46,135,112,133,69,131,13,121,106,52,41,68,33" hai3="31,130,2,18,105,120,92,38,64,48,17,66,19"/><T36/><D36/><U28/><E107/><V89/><F112/><W14/><G38/><T37/><D37/><U10/><E47/><V77/><F121/><W61/><G120/><T44/><D108/><U78/><E123/><V111/><F106/><W118/><G2/><T87/><D25/><N who="1" m="9227" /><E109/><V39/><F33/><W122/><G105/><T115/><D115/><U88/><E58/><V95/><F111/><W3/><G122/><T96/><D96/><U71/><E78/><V23/><F77/><W117/><G3/><T45/><D45/><U126/><E71/><V84/><F131/><W93/><G130/><T101/><D101/><U124/><E10/><V6/><F52/><W11/><G31/><T75/><D75/><U16/><N who="1" m="32256" /><DORA hai="99" /><U67/><E16/><N who="2" m="10639" /><F6/><W54/><G92/><T119/><D128/><U5/><E5/><V42/><F41/><W24/><G93/><T40/><D40/><U53/><E53/><V49/><F39/><W85/><G85/><AGARI ba="0,0" hai="28,29,59,60,67,82,85,88" m="32256,9227" machi="85" ten="60,3900,0" yaku="18,1,54,1" doraHai="113,99" who="1" fromWho="3" sc="162,0,32,39,380,0,426,-39" /><INIT seed="5,0,0,0,1,16" ten="162,71,380,387" oya="1" hai0="30,70,41,47,4,44,120,109,128,75,74,49,39" hai1="65,85,82,127,134,35,78,17,67,131,103,104,15" hai2="25,135,40,12,6,122,92,90,10,21,115,0,84" hai3="130,119,33,86,13,72,99,8,11,91,18,129,112"/><U83/><E35/><V2/><F122/><W46/><G72/><T61/><D120/><U3/><E3/><V27/><F135/><W52/><G119/><T113/><D109/><U51/><E134/><V20/><F115/><W9/><G33/><T22/><D113/><U94/><E104/><V48/><F0/><W102/><G112/><T59/><D4/><U5/><E5/><V116/><F116/><W1/><G1/><T100/><D100/><U31/><E31/><V23/><F2/><W19/><G19/><T54/><D128/><U66/><E131/><N who="3" m="50186" /><G99/><T76/><D76/><U45/><E127/><V107/><F107/><W126/><G102/><T125/><D125/><U89/><E103/><V105/><F105/><W97/><G97/><T98/><D98/><U87/><E83/><V123/><F123/><W117/><G117/><T7/><D7/><U111/><E111/><V50/><F50/><N who="3" m="28759" /><G126/><T96/><D96/><U133/><E133/><V63/><F63/><W68/><G68/><T38/><D38/><U69/><E69/><V108/><F108/><W93/><AGARI ba="0,0" hai="8,9,11,13,18,86,91,93" m="28759,50186" machi="93" ten="30,2000,0" yaku="19,1,54,1" doraHai="16" who="3" fromWho="3" sc="162,-5,71,-10,380,-5,387,20" /><INIT seed="6,0,0,5,3,71" ten="157,61,375,407" oya="2" hai0="107,48,12,51,46,33,11,103,56,13,80,9,7" hai1="64,4,44,99,92,31,49,81,115,111,102,122,77" hai2="131,59,110,94,93,57,88,67,3,134,39,47,121" hai3="86,98,125,114,105,70,55,100,95,84,66,50,15"/><V45/><F121/><W54/><G125/><T79/><D33/><U90/><E122/><V38/><F3/><W20/><G55/><T18/><D103/><U35/><E35/><V23/><F134/><W108/><G108/><T113/><D107/><U16/><E111/><V43/><F110/><W135/><G135/><T126/><D126/><U73/><E31/><V118/><F118/><W2/><G2/><T133/><D133/><U29/><E115/><V30/><F131/><W123/><G114/><T97/><D97/><U75/><E29/><V40/><F67/><W85/><G123/><T19/><D113/><U10/><E64/><V0/><F0/><W130/><G130/><T82/><D7/><U74/><E102/><V17/><F30/><W91/><G70/><T78/><D56/><U52/><REACH who="1" step="1"/><E16/><REACH who="1" ten="157,51,375,407" step="2"/><V21/><F88/><W42/><G66/><T87/><D19/><AGARI ba="0,1" hai="17,19,21,23,38,39,40,43,45,47,57,59,93,94" machi="19" ten="25,9600,0" yaku="22,2,52,2" doraHai="71" who="2" fromWho="0" sc="157,-96,51,0,375,106,407,0" /><INIT seed="6,1,0,5,5,103" ten="61,51,481,407" oya="2" hai0="31,22,84,10,116,15,48,23,104,7,58,97,110" hai1="2,93,71,28,118,102,33,98,89,82,81,19,91" hai2="59,87,50,5,95,92,0,16,85,68,66,11,64" hai3="72,128,55,56,17,29,13,1,76,54,9,4,134"/><V119/><F119/><W124/><G128/><T36/><D36/><U47/><E71/><V120/><F120/><W114/><G134/><T131/><D116/><U126/><E2/><V25/><F68/><W133/><G133/><T42/><D110/><U32/><E28/><V113/><F113/><W70/><G70/><T109/><D109/><U63/><E118/><V96/><F64/><W132/><G132/><T20/><D131/><U105/><E126/><V78/><F78/><W129/><G129/><T27/><D84/><U40/><E63/><V34/><F34/><W57/><G114/><T53/><REACH who="0" step="1"/><D42/><REACH who="0" ten="51,51,481,407" step="2"/><U44/><E40/><V24/><F87/><W135/><G135/><T112/><D112/><U122/><E122/><V12/><F85/><W107/><G72/><T100/><AGARI ba="1,1" hai="7,10,15,20,22,23,27,31,48,53,58,97,100,104" machi="100" ten="30,7900,0" yaku="1,1,0,1,52,1,53,1" doraHai="103" doraHaiUra="8" who="0" fromWho="0" sc="51,92,51,-21,481,-40,407,-21" /><INIT seed="7,0,0,2,3,5" ten="143,30,441,386" oya="3" hai0="59,93,66,135,91,15,130,32,42,95,53,22,110" hai1="7,34,33,39,54,21,1,17,132,9,25,75,23" hai2="41,124,52,131,36,38,27,48,55,76,70,86,125" hai3="92,31,126,88,90,68,98,35,0,60,14,118,81"/><W3/><G118/><T37/><D32/><N who="1" m="12395" /><E39/><N who="2" m="14891" /><F131/><W112/><G112/><T105/><D130/><U109/><E54/><V94/><F70/><W65/><G126/><N who="2" m="48745" /><F27/><W72/><G14/><T107/><D66/><U121/><E75/><V87/><F76/><W13/><G13/><T61/><D93/><U97/><E97/><V64/><F64/><W63/><G63/><T120/><D42/><U43/><E43/><V44/><F94/><W51/><G51/><T29/><D37/><U80/><E80/><V123/><F123/><W19/><G19/><T6/><D120/><U16/><E132/><V119/><F119/><W99/><G72/><T96/><D135/><U26/><E109/><V11/><F11/><W127/><G127/><T2/><D110/><U115/><E121/><V104/><F104/><W45/><G45/><T69/><D69/><U62/><E62/><V58/><F41/><W57/><G68/><T74/><D74/><U113/><AGARI ba="0,0" hai="1,7,9,16,17,21,23,25,26,113,115" m="12395" machi="113" ten="30,7900,0" yaku="34,2,52,1,54,1" doraHai="5" who="1" fromWho="1" sc="143,-20,30,79,441,-20,386,-39" owari="123,-28.0,109,-39.0,421,52.0,347,15.0" /></mjloggm>