<mjloggm ver="2.3"><GO type="169" lobby="0"/><UN n0="%E3%81%94%E3%81%98%E3%82%83%E3%82%8B" n1="%EF%BC%88%E2%89%A7%E2%96%BD%E2%89%A6%EF%BC%89" n2="%74%6F%72%69%30%36%31%32" n3="%E5%A4%A9%E5%B2%A9%E6%88%B8" dan="19,19,17,16" rate="2258.09,2259.26,2133.34,2205.73" sx="M,M,M,M"/><TAIKYOKU oya="0"/><INIT seed="0,0,0,3,5,60" ten="250,250,250,250" oya="0" hai0="95,12,98,115,104,45,59,120,46,2,132,39,32" hai1="130,88,6,82,34,8,16,62,80,61,23,41,77" hai2="66,9,25,93,30,54,29,107,26,124,127,43,89" hai3="90,18,37,42,31,4,92,56,5,22,13,24,129"/><T128/><D2/><U52/><E34/><V3/><F107/><W27/><G129/><T64/><D120/><U11/><E41/><V83/><F83/><W111/><G111/><T122/><D122/><U38/><E38/><V67/><F54/><W117/><G117/><T108/><D115/><U102/><E102/><V91/><F43/><W123/><G123/><T21/><D32/><U68/><E130/><V105/><F105/><W85/><G56/><T48/><D104/><U86/><E68/><V133/><F9/><W75/><G75/><T84/><D128/><U20/><E20/><V44/><F44/><W119/><G119/><T49/><D84/><N who="1" m="48143" /><E6/><V134/><F93/><W69/><G69/><T53/><D39/><U71/><E71/><V1/><AGARI ba="0,0" hai="1,3,25,26,29,30,66,67,89,91,124,127,133,134" machi="1" ten="25,8000,1" yaku="0,1,22,2,52,2" doraHai="60" who="2" fromWho="2" sc="250,-40,250,-20,250,80,250,-20" /><INIT seed="1,0,0,1,1,92" ten="210,230,330,230" oya="1" hai0="116,38,99,135,109,47,96,44,0,127,64,88,48" hai1="122,133,9,5,98,75,17,33,78,54,46,73,83" hai2="61,117,101,134,113,110,37,57,67,72,55,124,76" hai3="70,62,97,126,103,105,121,94,80,89,15,93,13"/><U32/><E122/><V125/><F76/><W53/><G121/><T90/><D116/><U102/><E73/><V107/><F72/><W119/><G119/><T131/><D0/><U132/><E17/><V69/><F117/><W77/><G126/><T30/><D127/><U36/><E54/><V29/><F29/><W28/><G28/><T6/><D30/><U14/><E46/><V81/><F81/><W95/><G89/><N who="0" m="34411" /><D38/><U111/><E111/><V59/><F37/><W31/><G31/><T10/><D109/><U20/><E20/><V56/><F110/><W42/><G42/><N who="0" m="24599" /><D131/><U21/><E21/><V118/><F118/><W11/><G70/><T128/><D128/><U115/><E115/><V130/><F113/><W63/><G53/><T120/><D120/><U112/><E36/><V79/><F55/><W82/><G105/><T39/><D39/><U43/><E43/><V106/><F107/><W45/><G62/><T35/><D35/><U34/><REACH who="1" step="1"/><E112/><REACH who="1" ten="210,220,330,230" step="2"/><V7/><F125/><W50/><G45/><T86/><D47/><U27/><E27/><V18/><F124/><W16/><G16/><T91/><D64/><U51/><E51/><V22/><F67/><W4/><G50/><T108/><D108/><U129/><E129/><V40/><F40/><W19/><G63/><T60/><D60/><U114/><E114/><V2/><F61/><W87/><G19/><T65/><D65/><U8/><E8/><V3/><F18/><W23/><G23/><T41/><D41/><U52/><E52/><V25/><F130/><W68/><G11/><T58/><D10/><RYUUKYOKU ba="0,1" sc="210,-10,220,30,330,-10,230,-10" hai1="5,9,14,32,33,34,75,78,83,98,102,132,133" /><INIT seed="1,1,1,4,3,32" ten="200,250,320,220" oya="1" hai0="3,62,43,121,50,99,76,39,135,52,35,101,83" hai1="98,25,86,54,129,93,30,45,131,48,80,31,108" hai2="119,71,60,47,70,79,81,15,18,53,127,51,37" hai3="94,77,96,1,40,2,7,65,41,92,27,89,21"/><U107/><E107/><V64/><F119/><W110/><G110/><T97/><D35/><U0/><E108/><V23/><F127/><W82/><G65/><T128/><D62/><U29/><E25/><V125/><F125/><W104/><G104/><T16/><D39/><U11/><E11/><V24/><F37/><W57/><G7/><T22/><D43/><U14/><E14/><V91/><F91/><W123/><G123/><T105/><D135/><U124/><E124/><V26/><F71/><W109/><G109/><T36/><D36/><U68/><E68/><V84/><AGARI ba="1,1" hai="15,18,23,24,26,47,51,53,60,64,70,79,81,84" machi="84" ten="20,1500,0" yaku="0,1,7,1" doraHai="32" who="2" fromWho="2" sc="200,-5,250,-8,320,28,220,-5" /><INIT seed="2,0,0,2,0,59" ten="195,242,348,215" oya="2" hai0="38,20,31,84,44,81,5,57,50,131,85,126,55" hai1="65,94,46,52,13,16,116,53,107,112,135,28,70" hai2="47,42,93,88,103,87,75,120,110,10,14,121,102" hai3="58,27,101,114,19,113,79,125,33,48,96,30,127"/><V0/><F0/><W80/><G19/><T15/><D131/><U29/><E116/><V23/><F75/><N who="3" m="43135" /><G48/><T92/><D126/><N who="3" m="48137" /><G58/><T26/><D38/><U32/><E32/><V97/><F110/><W83/><G83/><T105/><D105/><AGARI ba="0,0" hai="27,30,33,96,101,105,113,114" m="48137,43135" machi="105" ten="30,2000,0" yaku="18,1,23,1" doraHai="59" who="3" fromWho="0" sc="195,-20,242,0,348,0,215,20" /><INIT seed="3,0,0,3,2,112" ten="175,242,348,235" oya="3" hai0="8,48,105,87,2,40,43,24,89,42,130,33,71" hai1="54,0,98,72,127,36,6,102,28,90,64,99,114" hai2="55,93,47,39,131,4,133,20,27,128,21,126,108" hai3="111,84,100,113,65,15,1,3,26,38,107,97,11"/><W95/><G113/><T17/><D105/><U125/><E114/><V129/><F108/><W78/><G38/><T117/><D71/><U122/><E122/><V49/><F39/><W46/><G111/><T116/><D130/><U30/><E72/><V51/><F133/><W86/><G65/><T23/><D33/><U134/><E36/><V59/><F126/><N who="1" m="48137" /><E64/><V37/><F37/><W19/><G46/><T16/><D48/><U69/><E69/><V92/><F4/><W82/><REACH who="3" step="1"/><G26/><REACH who="3" ten="175,242,348,225" step="2"/><T60/><D60/><U81/><E134/><V14/><F27/><W109/><G109/><T119/><D2/><U13/><E0/><V22/><F14/><W29/><G29/><T68/><D68/><U94/><E30/><V76/><F76/><W66/><G66/><T9/><REACH who="0" step="1"/><D17/><REACH who="0" ten="165,242,348,225" step="2"/><U61/><E61/><V110/><F110/><W56/><G56/><T70/><D70/><U44/><E28/><V80/><F59/><W85/><G85/><T96/><D96/><U67/><E98/><V12/><F129/><W62/><G62/><T132/><D132/><U41/><E99/><V101/><F131/><W75/><G75/><T103/><D103/><U88/><E102/><V118/><F101/><W35/><G35/><T25/><D25/><U73/><E73/><V53/><F128/><W79/><G79/><T32/><D32/><U5/><E44/><V135/><F47/><W91/><AGARI ba="0,2" hai="1,3,11,15,19,78,82,84,86,91,95,97,100,107" machi="91" ten="30,3000,0" yaku="1,1,0,1,53,0" doraHai="112" doraHaiUra="50" who="3" fromWho="3" sc="165,-10,242,-10,348,-10,225,50" /><INIT seed="3,1,0,3,5,19" ten="155,232,338,275" oya="3" hai0="73,5,28,54,90,18,72,126,99,25,91,55,36" hai1="119,41,27,109,26,83,98,56,66,81,84,122,7" hai2="106,35,52,38,8,78,92,76,34,40,11,23,118" hai3="59,114,42,121,30,113,107,37,93,94,115,44,57"/><W69/><G121/><T3/><D36/><U79/><E122/><V87/><F106/><W88/><G107/><T134/><D134/><U80/><E119/><V124/><F118/><W16/><G69/><T130/><D130/><U112/><E112/><V32/><F124/><W65/><G30/><T71/><D71/><U74/><E109/><V50/><F40/><W12/><G65/><T15/><D126/><U51/><E7/><V128/><F38/><W13/><G13/><T129/><D129/><U45/><E98/><V20/><F128/><W117/><G93/><T29/><D5/><U60/><REACH who="1" step="1"/><E81/><REACH who="1" ten="155,222,338,275" step="2"/><V105/><F105/><W116/><G116/><T123/><D123/><U61/><E61/><V96/><F96/><W53/><G117/><T97/><D97/><U77/><AGARI ba="1,1" hai="26,27,41,45,51,56,60,66,74,77,79,80,83,84" machi="77" ten="20,2700,0" yaku="1,1,0,1,7,1,53,0" doraHai="19" doraHaiUra="24" who="1" fromWho="1" sc="155,-8,222,40,338,-8,275,-14" /><INIT seed="4,0,0,1,1,109" ten="147,262,330,261" oya="0" hai0="104,81,37,74,23,14,42,67,96,65,79,35,64" hai1="45,130,69,8,51,89,36,119,93,55,29,94,18" hai2="90,76,124,127,17,56,95,132,57,19,9,6,83" hai3="135,122,117,106,2,123,113,72,20,50,107,60,30"/><T68/><D35/><U11/><E119/><V27/><F132/><W78/><G117/><T31/><D68/><U85/><E130/><V118/><F118/><W134/><G2/><T24/><D14/><U99/><E69/><V111/><F111/><W41/><G60/><T70/><D70/><U108/><E108/><V1/><F57/><W12/><G72/><T43/><REACH who="0" step="1"/><D37/><REACH who="0" ten="137,262,330,261" step="2"/><U80/><E36/><V131/><F131/><W40/><G12/><T3/><D3/><U7/><E7/><V87/><F56/><W44/><G44/><T128/><D128/><U88/><E29/><V105/><F27/><W73/><G30/><T86/><D86/><N who="1" m="50247" /><E18/><V125/><F105/><W120/><G73/><AGARI ba="0,1" hai="1,6,9,17,19,73,76,83,87,90,95,124,125,127" machi="73" ten="40,1300,0" yaku="18,1" doraHai="109" who="2" fromWho="3" sc="137,0,262,0,330,23,261,-13" /><INIT seed="5,0,0,2,0,42" ten="137,262,353,248" oya="1" hai0="0,53,11,69,77,80,89,36,71,54,25,129,45" hai1="66,134,6,82,128,106,40,100,109,44,1,64,65" hai2="32,38,26,112,95,7,83,47,124,56,127,90,24" hai3="33,119,55,15,113,87,28,29,60,76,132,10,110"/><U2/><E128/><V31/><F112/><W48/><G110/><T20/><D129/><U125/><E109/><V121/><F121/><W49/><G113/><T78/><D89/><U73/><E125/><V86/><F7/><W91/><G132/><T35/><D35/><U3/><E134/><V58/><F24/><W62/><G119/><T123/><D123/><U12/><E12/><V14/><F14/><W37/><G37/><T68/><D78/><U108/><E108/><V43/><F83/><N who="3" m="49663" /><G76/><T117/><D117/><U116/><E116/><V93/><F93/><W96/><G96/><T111/><D111/><U130/><E130/><V79/><F79/><W30/><G33/><T126/><D126/><AGARI ba="0,0" hai="26,31,32,38,43,47,56,58,86,90,95,124,126,127" machi="126" ten="40,2600,0" yaku="18,1,52,1" doraHai="42" who="2" fromWho="0" sc="137,-26,262,0,353,26,248,0" /><INIT seed="6,0,0,5,1,113" ten="111,262,379,248" oya="2" hai0="74,82,79,44,78,99,83,32,43,46,77,47,110" hai1="29,97,71,27,9,10,18,87,69,21,98,86,15" hai2="133,28,33,68,122,109,127,73,57,58,124,17,94" hai3="63,104,120,92,64,85,67,106,14,39,38,25,36"/><V42/><F68/><W59/><G120/><T129/><D110/><U105/><E105/><V89/><F73/><W66/><G25/><T55/><D74/><U107/><E107/><V132/><F28/><W56/><G14/><T0/><D32/><U114/><E114/><V11/><F42/><W123/><G123/><T54/><D43/><U8/><E71/><V61/><F33/><W19/><G19/><T111/><D111/><U101/><E69/><V22/><F11/><N who="1" m="4169" /><E101/><V88/><F122/><W134/><G134/><N who="2" m="51817" /><F109/><W5/><G5/><T76/><N who="0" m="19456" /><DORA hai="41" /><T128/><D99/><AGARI ba="0,0" hai="10,15,18,21,27,29,86,87,97,98,99" m="4169" machi="99" ten="30,1000,0" yaku="8,1" doraHai="113,41" who="1" fromWho="0" sc="111,-10,262,10,379,0,248,0" /><INIT seed="7,0,0,0,4,55" ten="101,272,379,248" oya="3" hai0="101,12,56,11,77,104,60,47,46,76,14,29,121" hai1="126,20,108,36,103,4,38,39,122,133,134,13,95" hai2="6,9,78,2,89,87,68,124,59,96,67,100,112" hai3="35,86,54,107,80,109,75,28,81,22,23,99,25"/><W27/><G109/><T16/><D121/><U123/><E108/><V83/><F68/><W98/><G75/><T7/><D29/><U50/><E126/><V97/><F112/><W63/><G35/><T32/><D32/><U15/><E50/><V131/><F131/><W113/><G113/><T71/><D71/><U51/><E51/><V53/><F67/><W62/><G107/><T41/><D101/><U58/><E58/><V110/><F124/><W42/><G42/><T33/><D33/><U85/><E20/><V74/><F110/><W91/><G80/><T57/><D104/><U45/><E45/><N who="0" m="16905" /><D41/><U5/><E103/><V88/><F100/><W37/><G37/><T3/><D3/><U72/><E72/><V18/><F18/><N who="3" m="12503" /><G54/><T49/><D49/><U117/><E123/><V128/><F128/><W64/><G64/><T70/><D70/><U79/><E122/><V24/><F74/><W8/><G8/><N who="0" m="4127" /><D60/><AGARI ba="0,0" hai="23,27,28,60,62,63,81,86,91,98,99" m="12503" machi="60" ten="30,1500,0" yaku="8,1" doraHai="55" who="3" fromWho="0" sc="101,-15,272,0,379,0,248,15" /><INIT seed="7,1,0,3,3,45" ten="86,272,379,263" oya="3" hai0="91,109,44,103,11,59,83,97,130,60,20,70,108" hai1="36,117,105,107,87,94,124,66,43,63,85,6,106" hai2="47,35,132,26,13,131,10,84,22,92,127,121,19" hai3="29,133,98,48,39,64,61,24,86,34,75,57,128"/><W25/><G75/><T18/><D130/><U30/><E30/><V32/><F131/><W101/><G39/><T76/><D70/><U110/><E110/><V102/><F132/><W134/><G128/><T2/><D2/><U120/><E120/><V3/><F3/><W16/><G86/><T72/><D11/><U51/><E36/><V122/><F127/><W113/><G113/><T90/><D109/><U5/><E124/><V112/><F112/><W4/><G4/><T49/><D108/><U65/><E117/><V96/><F47/><W77/><G77/><T8/><D8/><U69/><E65/><V95/><F95/><W78/><G78/><T1/><D1/><U82/><E87/><V50/><F50/><W37/><G37/><T56/><D56/><U33/><E94/><V17/><F84/><W129/><G48/><T58/><D58/><U55/><E69/><V7/><F7/><W9/><G129/><T71/><D71/><U104/><E6/><V100/><F100/><W93/><REACH who="3" step="1"/><G25/><REACH who="3" ten="86,272,379,253" step="2"/><T80/><D80/><U23/><E5/><V67/><F122/><W54/><G54/><T88/><D60/><U62/><E63/><V21/><F121/><W0/><G0/><T28/><D72/><U119/><E62/><V38/><F38/><W114/><G114/><T111/><D111/><U53/><E82/><V125/><F125/><W81/><G81/><T74/><D83/><U126/><E126/><V27/><F67/><W12/><AGARI ba="1,1" hai="9,12,16,24,29,34,57,61,64,93,98,101,133,134" machi="12" ten="30,6000,0" yaku="1,1,0,1,54,1,53,0" doraHai="45" doraHaiUra="46" who="3" fromWho="3" sc="86,-21,272,-21,379,-21,253,73" /><INIT seed="7,2,0,0,0,56" ten="65,251,358,326" oya="3" hai0="129,11,71,99,22,113,23,130,127,34,67,38,51" hai1="83,10,116,106,97,72,80,18,120,48,6,30,17" hai2="19,45,102,29,124,75,13,63,9,52,128,90,82" hai3="92,101,112,2,55,59,94,93,77,118,39,125,126"/><W41/><G118/><T88/><D34/><U43/><E120/><V37/><F128/><W69/><G69/><T60/><D38/><U31/><E116/><V91/><F124/><N who="3" m="47723" /><G2/><T89/><D127/><U47/><E106/><V132/><F132/><W119/><G77/><T3/><D51/><U21/><E97/><V12/><F29/><W14/><G119/><T117/><D117/><U49/><E18/><V87/><F75/><W107/><G14/><T44/><D44/><U103/><E103/><V110/><F102/><W104/><G101/><T65/><D99/><U78/><E80/><V100/><F100/><W84/><G84/><T66/><D3/><U114/><E114/><V64/><F110/><W95/><N who="3" m="24064" /><DORA hai="123" /><W61/><G112/><T108/><D113/><U5/><E48/><N who="2" m="28687" /><F13/><W58/><G58/><T122/><D122/><U35/><E35/><V24/><F37/><W7/><G7/><T50/><D50/><U26/><REACH who="1" step="1"/><E5/><REACH who="1" ten="65,241,358,326" step="2"/><V81/><F81/><W135/><G135/><T15/><D130/><U115/><E115/><V28/><F82/><W134/><G134/><T98/><D129/><U27/><E27/><V0/><F24/><W1/><G1/><AGARI ba="2,1" hai="1,6,10,17,21,26,30,31,43,47,49,72,78,83" machi="1" ten="30,3900,0" yaku="1,1,7,1,53,1" doraHai="56,123" doraHaiUra="76,121" who="1" fromWho="3" sc="65,0,241,55,358,0,326,-45" owari="65,-43.0,296,10.0,358,45.0,281,-12.0" /></mjloggm>