<mjloggm ver="2.3"><GO type="169" lobby="0"/><UN n0="%70%69%79%6F%65%6D%6F%6E" n1="%E3%83%88%E3%83%90%E3%82%BE" n2="%4B%E3%80%82" n3="%EF%BC%88%E2%89%A7%E2%96%BD%E2%89%A6%EF%BC%89" dan="16,18,17,18" rate="2073.78,2181.20,2181.39,2247.22" sx="M,F,M,M"/><TAIKYOKU oya="0"/><INIT seed="0,0,0,3,1,51" ten="250,250,250,250" oya="0" hai0="17,41,12,60,81,118,16,58,65,1,134,35,15" hai1="19,20,21,70,82,104,135,86,91,37,53,13,30" hai2="103,131,69,127,112,78,23,73,28,120,36,76,4" hai3="29,66,99,25,79,117,3,77,52,18,54,47,100"/><T125/><D118/><U46/><E70/><V126/><F103/><W121/><G3/><T67/><D1/><U61/><E104/><V7/><F120/><W72/><G117/><T34/><D134/><U106/><E106/><V24/><F112/><W105/><G121/><T84/><D41/><U59/><E135/><V124/><F69/><W33/><G72/><T132/><D132/><U88/><E37/><V108/><F108/><W57/><G18/><T92/><D92/><U119/><E119/><V8/><F131/><W6/><G6/><N who="2" m="2089" /><F36/><W107/><G107/><T93/><D93/><U40/><E40/><V31/><F73/><W64/><G47/><T39/><D39/><U90/><E46/><V87/><F8/><W89/><G89/><N who="0" m="51343" /><D34/><U0/><E0/><V48/><F48/><W114/><G114/><T110/><D35/><U85/><E86/><V32/><F87/><W95/><G105/><T115/><D110/><U42/><E42/><V101/><F101/><W130/><G130/><T111/><D111/><U74/><E74/><V26/><AGARI ba="0,0" hai="23,24,26,28,31,32,76,78,124,126,127" m="2089" machi="26" ten="40,1500,0" yaku="18,1" doraHai="51" who="2" fromWho="2" sc="250,-7,250,-4,250,15,250,-4" /><INIT seed="1,0,0,0,0,119" ten="243,246,265,246" oya="1" hai0="46,67,88,13,99,125,69,16,23,7,47,85,76" hai1="33,28,131,64,114,41,109,4,50,9,87,90,104" hai2="121,62,72,10,29,55,17,81,102,19,6,95,93" hai3="71,59,126,78,24,74,66,31,45,111,32,120,92"/><U11/><E114/><V105/><F29/><W34/><G126/><T36/><D125/><U65/><E104/><V63/><F105/><W42/><G59/><T112/><D112/><U52/><E41/><V113/><F113/><W115/><G115/><T97/><D7/><U8/><E131/><V135/><F135/><W3/><G92/><T5/><D5/><U82/><E109/><V61/><F55/><W103/><G103/><T75/><D36/><U0/><E11/><V18/><F102/><W57/><G57/><T48/><D76/><U38/><E38/><V44/><F44/><W80/><G3/><T26/><D75/><U21/><E33/><V84/><F72/><W54/><G54/><T132/><D132/><U117/><E117/><V133/><F133/><W94/><G34/><T30/><D67/><N who="1" m="25675" /><E4/><V25/><F25/><W134/><G134/><T100/><D69/><U116/><E0/><V53/><F53/><W96/><G111/><T110/><D110/><U2/><E2/><V35/><F35/><W106/><G106/><T68/><D68/><U40/><E40/><V107/><F107/><W27/><G27/><T22/><D100/><U83/><E116/><V122/><F6/><W123/><G66/><T60/><D60/><U118/><E118/><V127/><F127/><W98/><G71/><T130/><D130/><U51/><E51/><V108/><F10/><N who="1" m="4201" /><E28/><V73/><F108/><W128/><G128/><T70/><D70/><U89/><E21/><V77/><REACH who="2" step="1"/><F73/><REACH who="2" ten="243,246,255,246" step="2"/><N who="3" m="43087" /><G32/><T79/><D47/><N who="1" m="27743" /><E87/><V12/><F12/><W15/><G74/><T20/><D46/><RYUUKYOKU ba="0,1" sc="243,-15,246,15,255,15,246,-15" hai1="82,83,89,90" hai2="17,18,19,61,62,63,77,81,84,93,95,121,122" /><INIT seed="1,1,1,2,2,43" ten="228,261,270,231" oya="1" hai0="37,77,2,46,44,106,29,135,133,62,74,52,45" hai1="88,132,21,38,49,84,89,121,50,123,5,33,42" hai2="11,90,128,25,28,103,16,57,134,10,82,129,115" hai3="41,71,26,0,70,65,14,107,75,3,125,127,100"/><U48/><E33/><V113/><F103/><W96/><G75/><T94/><D106/><U124/><E124/><N who="3" m="47690" /><G14/><T30/><D2/><N who="3" m="553" /><G65/><T97/><D37/><U67/><E5/><V53/><F134/><N who="0" m="51210" /><D77/><U34/><E132/><V87/><F11/><W98/><G98/><T105/><D105/><U32/><E67/><V12/><F115/><W126/><N who="3" m="47698" /><W61/><DORA hai="95" /><G61/><T39/><D39/><U72/><E72/><V8/><F8/><W51/><G26/><T24/><D74/><U27/><E121/><V83/><F113/><W78/><G78/><T66/><D52/><U86/><E123/><V22/><REACH who="2" step="1"/><F82/><REACH who="2" ten="228,261,260,231" step="2"/><W81/><G81/><T92/><D92/><U6/><E6/><V93/><F93/><W4/><G4/><T69/><D24/><U58/><E27/><V18/><F18/><W109/><G109/><T80/><D80/><U60/><E89/><AGARI ba="1,2" hai="29,30,44,45,46,62,66,69,89,94,97" m="51210" machi="89" ten="30,8000,1" yaku="20,1,52,4" doraHai="43,95" who="0" fromWho="1" sc="228,103,261,-83,260,0,231,0" /><INIT seed="2,0,0,5,4,49" ten="331,178,260,231" oya="2" hai0="86,54,109,65,132,70,88,130,1,128,116,106,13" hai1="6,129,74,105,131,66,107,126,23,39,35,93,0" hai2="15,117,44,51,19,2,85,73,111,90,92,4,14" hai3="64,94,27,62,110,36,8,12,25,82,52,135,100"/><V17/><F117/><W57/><G36/><T69/><D116/><U38/><E35/><V18/><F73/><W60/><G110/><T125/><D1/><U48/><E74/><V26/><F111/><W31/><G135/><T101/><D109/><U87/><E66/><V114/><F114/><W118/><G118/><T5/><D132/><U56/><E23/><V41/><F2/><W115/><G115/><T3/><D3/><U77/><E0/><V20/><REACH who="2" step="1"/><F4/><REACH who="2" ten="331,178,250,231" step="2"/><W108/><G108/><T11/><D5/><U28/><E6/><V81/><F81/><W98/><G82/><T76/><D128/><U123/><E129/><V16/><AGARI ba="0,1" hai="14,15,16,17,18,19,20,26,41,44,51,85,90,92" machi="16" ten="30,11700,0" yaku="1,1,0,1,8,1,54,1,53,0" doraHai="49" doraHaiUra="134" who="2" fromWho="2" sc="331,-39,178,-39,250,127,231,-39" /><INIT seed="2,1,0,1,5,108" ten="292,139,377,192" oya="2" hai0="10,38,132,50,12,76,87,6,43,68,75,34,74" hai1="121,37,58,116,97,126,88,78,105,47,41,17,128" hai2="20,18,15,42,16,53,127,111,80,32,39,7,114" hai3="131,129,36,100,55,59,106,65,64,84,66,112,51"/><V95/><F114/><W63/><G84/><T4/><D38/><U19/><E116/><V98/><F32/><W2/><G2/><T22/><D34/><U101/><E128/><N who="3" m="49226" /><G100/><T29/><D68/><U61/><E126/><V133/><F127/><W123/><G106/><T28/><D132/><U49/><E121/><V110/><F133/><W70/><G123/><T23/><D87/><U3/><E3/><V72/><F7/><W24/><G24/><T40/><D76/><U77/><E37/><V117/><F117/><W113/><G36/><T103/><D103/><U99/><E78/><V1/><F1/><W71/><G71/><T21/><D12/><U94/><REACH who="1" step="1"/><E77/><REACH who="1" ten="292,129,377,192" step="2"/><V122/><F39/><W67/><AGARI ba="1,1" hai="51,55,59,63,64,65,66,67,70,112,113" m="49226" machi="67" ten="40,8000,1" yaku="19,1,34,2,52,2" doraHai="108" who="3" fromWho="3" sc="292,-21,129,-21,377,-41,192,93" /><INIT seed="3,0,0,2,0,46" ten="271,108,336,285" oya="3" hai0="126,124,63,28,26,9,118,81,123,40,91,87,58" hai1="72,130,95,106,47,15,90,120,2,8,110,34,116" hai2="60,114,22,52,48,119,29,128,105,83,89,62,35" hai3="55,6,78,82,94,44,65,54,27,7,74,20,50"/><W0/><G65/><T135/><D123/><U84/><E120/><V61/><F105/><W12/><G0/><T80/><D118/><U127/><E34/><V31/><F119/><W129/><G129/><T76/><D135/><U51/><E116/><V104/><F114/><W56/><G94/><T107/><D107/><U42/><E106/><V92/><F104/><W11/><G6/><T23/><D40/><U115/><E115/><V59/><F128/><W49/><G20/><T132/><D9/><U122/><E122/><V70/><F35/><W67/><G67/><T4/><D4/><U10/><E72/><V39/><F39/><W37/><G27/><T3/><D3/><U108/><E130/><V66/><F83/><W111/><G37/><T134/><D132/><U36/><E2/><V88/><F89/><W85/><REACH who="3" step="1"/><G111/><REACH who="3" ten="271,108,336,275" step="2"/><N who="1" m="42538" /><E127/><V96/><F66/><W113/><G113/><T1/><D1/><U100/><E100/><V14/><F70/><W41/><G41/><T117/><D124/><U43/><E15/><V73/><F73/><AGARI ba="0,1" hai="7,11,12,44,49,50,54,55,56,73,74,78,82,85" machi="73" ten="40,7700,0" yaku="1,1,52,2,53,0" doraHai="46" doraHaiUra="32" who="3" fromWho="2" sc="271,0,108,0,336,-77,275,87" /><INIT seed="3,1,0,0,1,42" ten="271,108,259,362" oya="3" hai0="46,6,84,91,78,44,60,119,32,134,50,17,105" hai1="23,64,68,79,103,94,61,37,133,29,121,117,4" hai2="111,88,86,98,51,106,39,3,102,125,16,27,24" hai3="108,109,11,77,25,130,26,104,128,19,114,47,1"/><W116/><G104/><T110/><D119/><U127/><E121/><V85/><F39/><W57/><G116/><T96/><D32/><U120/><E117/><V62/><F3/><W71/><G71/><T43/><D110/><N who="3" m="42601" /><G114/><T90/><D134/><U9/><E120/><V12/><F111/><W21/><G77/><T52/><D6/><U75/><E133/><V115/><F115/><W55/><G57/><T34/><D34/><U59/><E37/><V30/><F125/><W67/><G67/><T82/><D60/><U54/><E127/><V73/><F73/><W70/><G70/><T33/><D33/><U87/><E75/><V45/><F62/><W5/><G26/><T74/><D74/><U99/><E68/><V18/><F27/><W56/><G56/><T93/><D105/><U83/><E29/><V113/><F113/><W107/><G107/><T31/><D31/><U132/><E132/><V66/><F66/><W69/><G69/><T0/><D0/><U65/><REACH who="1" step="1"/><E23/><REACH who="1" ten="271,98,259,362" step="2"/><N who="2" m="13431" /><F30/><W112/><G112/><T8/><D17/><U7/><E7/><V38/><F38/><W80/><G80/><T89/><D8/><U48/><E48/><AGARI ba="1,1" hai="1,5,11,19,21,25,47,48,55,128,130" m="42601" machi="48" ten="30,5800,0" yaku="14,1,10,1,52,1" doraHai="42" who="3" fromWho="1" sc="271,0,98,-61,259,0,362,71" /><AGARI ba="1,0" hai="43,44,46,48,50,52,78,82,84,89,90,91,93,96" machi="48" ten="30,8000,1" yaku="7,1,8,1,52,2,54,1" doraHai="42" who="0" fromWho="1" sc="271,80,37,-80,259,0,433,0" owari="351,15.0,-43,-54.0,259,-14.0,433,53.0" /></mjloggm>