<mjloggm ver="2.3"><GO type="41"/><UN n0="%45%E3%83%BB%79%6F%72%6B%65" n1="%E3%82%AD%E3%83%A0%30%31%32%38" n2="%E3%81%8A%E3%81%A4%E3%82%93%E3%81%A4%E3%82%93" n3="%E3%82%A6%E3%83%AB%E3%83%88%E3%83%A9%E7%AB%8B%E7%9B%B4" dan="15,16,13,15" rate="1976,2037,2021,1946" sx="M,M,M,M"/><TAIKYOKU oya="0"/><INIT seed="0,0,0,5,2,100" ten="250,250,250,250" oya="0" hai0="38,15,12,123,30,93,63,104,40,71,42,120,132" hai1="85,41,110,10,24,90,0,50,103,106,21,62,69" hai2="57,105,51,91,115,58,135,44,47,27,80,1,117" hai3="59,92,67,76,23,37,25,125,97,48,36,22,60"/><T99/><D132/><U131/><E110/><V77/><F115/><W61/><G125/><T13/><D104/><U89/><E131/><V109/><F1/><W4/><G4/><T29/><D71/><U6/><E69/><V75/><F109/><W130/><G130/><T87/><D63/><U33/><E33/><V52/><F135/><W83/><G48/><T124/><D87/><U5/><E62/><V113/><F113/><W121/><G23/><T3/><D3/><U101/><E6/><V78/><F117/><W35/><G35/><T55/><D55/><U14/><E0/><V32/><F105/><W43/><G43/><T17/><D17/><U114/><E114/><V28/><F78/><W88/><G61/><T98/><D124/><U127/><E127/><V8/><F8/><W73/><REACH who="3" step="1"/><G121/><REACH who="3" ten="250,250,250,240" step="2"/><T54/><D42/><U26/><E21/><V46/><F32/><W108/><G108/><T31/><D40/><U68/><E41/><V79/><F75/><W116/><G116/><T81/><D38/><U18/><E50/><V128/><F51/><W107/><G107/><T53/><D123/><U72/><E72/><V45/><F128/><W11/><G11/><T2/><D120/><U96/><E5/><V111/><F111/><W74/><G74/><T34/><D34/><U112/><E112/><V94/><F28/><AGARI ba="0,1" hai="22,25,28,36,37,59,60,67,73,76,83,88,92,97" machi="28" ten="30,3900,0" yaku="1,1,7,1,54,1,53,0" doraHai="100" doraHaiUra="82" who="3" fromWho="2" sc="250,0,250,0,250,-39,240,49" /><INIT seed="1,0,0,2,1,121" ten="250,250,211,289" oya="1" hai0="24,9,128,120,125,35,20,88,110,70,132,8,111" hai1="16,127,97,69,129,98,45,12,74,134,103,81,104" hai2="78,32,133,11,85,107,30,3,62,21,82,68,38" hai3="17,100,44,48,117,84,49,112,106,41,105,109,51"/><U15/><E69/><V89/><F38/><W10/><G112/><T6/><D70/><U46/><E127/><V18/><F133/><W94/><G105/><T31/><D88/><U43/><E134/><V135/><F135/><W87/><G106/><T64/><D64/><U83/><E129/><V80/><F107/><W54/><G87/><T42/><D132/><U131/><E131/><V5/><F32/><W75/><G75/><T101/><D101/><U63/><E63/><V55/><F30/><W28/><G28/><T126/><D128/><U60/><E60/><V53/><F62/><W72/><G72/><T13/><D42/><U119/><E119/><V22/><F22/><W61/><G61/><T26/><D120/><U99/><E104/><V115/><F78/><W52/><G41/><T86/><D86/><U47/><E103/><V37/><F115/><W4/><G49/><T130/><D9/><N who="1" m="6159" /><E74/><V124/><F124/><N who="0" m="47722" /><D130/><U25/><E25/><V102/><F68/><W65/><G65/><T58/><D58/><U114/><E114/><V39/><F39/><W7/><G117/><T93/><D93/><U118/><E118/><V0/><F37/><W73/><G94/><T122/><D122/><U90/><E43/><V33/><F102/><W14/><G100/><T123/><D123/><U95/><E99/><V96/><F96/><W1/><G73/><T19/><AGARI ba="0,0" hai="6,8,13,19,20,24,26,31,35,110,111" m="47722" machi="19" ten="30,8000,1" yaku="18,1,34,2,52,2" doraHai="121" who="0" fromWho="0" sc="250,80,250,-40,211,-20,289,-20" /><INIT seed="2,0,0,0,5,75" ten="330,210,191,269" oya="2" hai0="10,110,4,114,90,103,100,20,11,101,89,29,120" hai1="69,82,98,125,48,3,37,116,129,2,0,68,17" hai2="104,22,9,46,56,21,34,33,28,130,43,1,133" hai3="59,95,127,118,134,106,39,14,91,35,117,85,122"/><V99/><F130/><W80/><G39/><T76/><D114/><U65/><E116/><N who="3" m="44650" /><G35/><T38/><D120/><U23/><E129/><V47/><F133/><W18/><G59/><T7/><D38/><U121/><E121/><V111/><F111/><W42/><G18/><T108/><D76/><U41/><E37/><V49/><F56/><W52/><G14/><T97/><D97/><U63/><E69/><V78/><F78/><N who="3" m="46231" /><G52/><T131/><D131/><U102/><E41/><V87/><F47/><W73/><G42/><T50/><D50/><U66/><E48/><V57/><F57/><W45/><G45/><T32/><D32/><U26/><E66/><V124/><F124/><W31/><G31/><T128/><D128/><U6/><E125/><V93/><F34/><W77/><G106/><T25/><D11/><U83/><E6/><N who="0" m="2089" /><D10/><U54/><E54/><V5/><F33/><W55/><G55/><T53/><D53/><U61/><E63/><V72/><F28/><W27/><G127/><T92/><D20/><U8/><E8/><V40/><F104/><W70/><G70/><T51/><D51/><U79/><E3/><V107/><F107/><W81/><G27/><T94/><D25/><U62/><E2/><V105/><F105/><W30/><G122/><T15/><D15/><U115/><E0/><V44/><F72/><W113/><G113/><T123/><D29/><U60/><E115/><V74/><F74/><W12/><G12/><T126/><D126/><U135/><E68/><V58/><F58/><W24/><G30/><T112/><D112/><U13/><E65/><RYUUKYOKU ba="0,0" sc="330,0,210,0,191,0,269,0" /><INIT seed="3,1,0,3,0,20" ten="330,210,191,269" oya="3" hai0="3,18,98,67,106,87,4,73,91,37,95,127,65" hai1="51,46,33,57,134,85,119,117,0,103,39,36,8" hai2="97,55,14,12,32,11,60,90,69,44,19,78,21" hai3="63,125,132,100,62,124,9,1,48,115,109,59,34"/><W64/><G115/><T113/><D113/><U110/><E103/><V129/><F32/><W23/><G34/><T101/><D37/><U135/><E33/><V96/><F129/><W99/><G132/><N who="1" m="50730" /><E85/><V76/><F69/><W30/><G63/><T133/><D133/><U114/><E0/><V88/><F97/><W15/><G48/><T126/><D18/><U56/><E8/><V75/><F75/><W53/><G53/><T68/><D68/><U22/><E22/><V70/><F70/><W29/><G109/><T111/><D111/><U128/><E110/><V104/><F104/><W42/><G42/><T79/><D4/><U13/><E13/><V17/><F96/><W66/><G66/><N who="0" m="25099" /><D3/><U47/><E114/><V81/><F44/><N who="1" m="16937" /><E128/><V120/><F78/><W2/><G2/><T77/><D77/><U58/><E51/><V43/><F76/><W83/><G1/><T45/><D79/><U10/><E10/><V74/><F74/><W35/><G35/><T122/><D73/><U16/><E16/><V5/><F5/><W52/><G29/><T118/><D101/><U72/><E72/><V50/><F50/><W123/><G83/><T130/><D130/><U27/><E27/><V116/><F11/><W38/><G9/><T105/><D106/><U24/><E24/><V93/><F14/><W112/><G15/><T71/><D105/><U121/><E121/><V25/><F25/><N who="3" m="16703" /><G123/><T80/><D80/><U6/><E6/><V94/><F120/><W26/><G26/><T40/><D122/><U7/><E7/><V102/><F12/><W41/><G112/><RYUUKYOKU ba="1,0" sc="330,-10,210,30,191,-10,269,-10" hai1="36,39,56,57,58,117,119" /><INIT seed="4,2,0,3,4,35" ten="320,240,181,259" oya="0" hai0="60,37,89,108,94,114,7,74,46,27,132,59,21" hai1="135,55,44,17,15,115,14,24,50,75,90,76,116" hai2="73,83,22,48,6,40,72,39,107,80,9,92,91" hai3="63,82,61,62,29,13,71,34,2,99,41,134,31"/><T87/><D114/><U45/><E116/><V95/><F107/><W77/><G71/><T117/><D117/><U0/><E75/><V23/><F39/><W32/><G41/><T49/><D37/><U64/><E76/><V81/><F73/><W67/><G67/><N who="0" m="39327" /><D74/><U11/><E64/><V106/><F106/><W88/><G13/><T20/><D132/><U1/><E135/><V3/><F95/><W12/><G12/><T52/><D108/><U30/><E115/><V42/><F72/><W104/><G134/><T70/><D70/><U131/><E131/><V58/><F42/><W19/><G77/><T86/><D7/><U93/><E15/><V123/><F123/><W98/><G104/><T128/><D128/><U66/><E45/><V68/><F68/><W122/><G122/><T125/><D125/><U103/><E103/><V85/><F40/><W4/><G4/><T110/><D110/><U84/><REACH who="1" step="1"/><E66/><REACH who="1" ten="320,230,181,259" step="2"/><V111/><F111/><W57/><G32/><AGARI ba="2,1" hai="0,1,11,14,17,24,30,32,44,50,55,84,90,93" machi="32" ten="30,12000,2" yaku="1,1,2,1,7,1,52,2,53,1" doraHai="35" doraHaiUra="10" who="1" fromWho="3" sc="320,0,230,136,181,0,259,-126" /><INIT seed="5,0,0,3,0,75" ten="320,366,181,133" oya="1" hai0="10,45,63,116,44,103,125,38,34,130,126,9,131" hai1="12,3,82,94,102,122,95,18,33,135,80,104,98" hai2="123,120,108,6,107,127,32,67,85,129,41,40,118" hai3="113,72,89,0,71,76,35,91,68,55,28,124,1"/><U5/><E122/><V60/><F107/><W16/><G113/><T83/><D34/><U96/><E33/><V101/><F32/><W46/><G124/><N who="0" m="47723" /><D116/><U22/><E135/><V20/><F127/><W59/><G28/><T132/><D103/><U111/><E111/><V78/><F108/><W57/><G35/><T64/><D83/><U2/><E104/><V52/><F118/><W112/><G72/><T54/><D132/><U48/><E48/><V31/><F129/><N who="0" m="49162" /><D54/><U65/><E65/><V99/><F123/><W36/><G55/><T50/><D50/><U56/><E56/><V133/><F133/><W58/><G58/><N who="0" m="36983" /><D38/><U114/><E82/><V66/><F52/><W87/><G112/><T100/><D100/><U24/><E114/><V93/><F120/><W74/><G74/><T51/><D51/><U117/><E80/><V90/><F78/><W110/><G87/><T88/><D88/><U15/><E117/><V119/><F119/><W7/><G110/><T128/><D128/><U14/><E5/><V4/><F4/><W61/><G7/><T13/><D13/><U134/><E134/><V11/><F6/><W73/><G73/><T49/><D49/><U69/><E3/><V84/><F101/><W23/><G36/><T47/><AGARI ba="0,0" hai="9,10,44,45,47" m="36983,49162,47723" machi="47" ten="40,2700,0" yaku="18,1,19,1" doraHai="75" who="0" fromWho="0" sc="320,27,366,-13,181,-7,133,-7" /><INIT seed="6,0,0,4,5,45" ten="347,353,174,126" oya="2" hai0="84,9,64,31,95,24,22,124,39,69,105,74,97" hai1="123,101,46,82,80,120,134,13,20,103,29,72,5" hai2="109,35,85,7,111,100,67,99,27,0,70,102,16" hai3="130,49,14,66,51,21,63,114,121,36,50,26,116"/><V135/><F135/><W94/><G36/><T59/><D74/><U71/><E71/><V129/><F129/><W42/><G121/><N who="1" m="46666" /><E134/><V93/><F85/><W106/><G106/><T12/><D124/><U65/><E65/><V25/><F7/><W89/><G116/><T28/><D39/><U53/><E72/><V57/><F70/><W6/><G130/><T34/><D69/><U17/><E29/><N who="2" m="19887" /><F0/><W75/><G75/><T98/><D34/><U81/><E5/><V41/><F41/><W19/><G42/><T38/><D38/><U23/><E20/><N who="2" m="13703" /><F67/><W104/><G104/><T44/><D44/><U83/><E83/><V132/><F132/><W8/><G114/><T1/><D1/><U128/><E128/><V73/><F57/><W32/><G32/><T56/><D64/><U62/><E46/><V43/><F43/><W115/><G115/><T77/><D84/><U79/><E79/><V54/><F54/><W125/><G125/><T91/><D77/><U110/><E53/><V15/><F15/><W11/><G11/><T127/><D127/><U108/><E62/><V96/><F73/><W107/><G107/><T78/><D59/><U37/><E37/><V76/><F76/><W133/><G133/><T92/><D56/><U10/><E10/><V118/><F118/><W40/><G40/><T61/><D61/><U131/><E131/><V47/><F47/><W90/><G94/><T30/><D95/><U48/><E48/><V68/><F68/><W58/><AGARI ba="0,0" hai="6,8,14,19,21,26,49,50,51,58,63,66,89,90" machi="58" ten="30,8000,1" yaku="0,1,8,1,52,3" doraHai="45" who="3" fromWho="3" sc="347,-20,353,-20,174,-40,126,80" /><INIT seed="7,0,0,5,3,70" ten="327,333,134,206" oya="3" hai0="99,46,109,25,33,2,47,108,0,7,119,61,84" hai1="105,113,4,107,127,9,16,13,28,131,91,57,52" hai2="90,125,112,85,55,87,53,83,44,75,68,122,134" hai3="128,110,5,56,76,116,15,8,39,124,3,43,41"/><W60/><G116/><T96/><D119/><U120/><E120/><V11/><F68/><W48/><G110/><T36/><D61/><U93/><E28/><V21/><F122/><W50/><G124/><T23/><D33/><U121/><E121/><V35/><F35/><W62/><G128/><T19/><D84/><U40/><E127/><V29/><F125/><W82/><G60/><T6/><D23/><U66/><E131/><V42/><F112/><W132/><G132/><T89/><D89/><U72/><E72/><V12/><F134/><W73/><G15/><T80/><D19/><U103/><E113/><V118/><F75/><W106/><G106/><T63/><D63/><N who="1" m="38255" /><E105/><V102/><F102/><W101/><G101/><T129/><D129/><U18/><E107/><V27/><F87/><W45/><G43/><T1/><D1/><U34/><E34/><V32/><F32/><W65/><AGARI ba="0,0" hai="3,5,8,39,41,45,48,50,56,62,65,73,76,82" machi="65" ten="20,12000,1" yaku="0,1,7,1,25,2,52,1" doraHai="70" who="3" fromWho="3" sc="327,-40,333,-40,134,-40,206,120" owari="287,-11.0,293,9.0,94,-41.0,326,43.0" /></mjloggm>