<mjloggm ver="2.3"><GO type="41"/><UN n0="%2F%E3%82%AB%E3%83%8E%E3%83%B3%2F" n1="%61%6D%61%2D%33" n2="%72%79%6F%E2%98%86%6B" n3="%E3%82%A6%E3%83%AB%E3%83%88%E3%83%A9%E7%AB%8B%E7%9B%B4" dan="14,14,15,15" rate="1915,1860,2027,1987" sx="F,M,M,M"/><TAIKYOKU oya="0"/><INIT seed="0,0,0,5,0,131" ten="250,250,250,250" oya="0" hai0="61,129,112,38,59,109,83,128,113,120,13,101,32" hai1="108,28,7,37,95,97,85,77,115,17,53,68,64" hai2="58,35,49,41,110,15,26,4,87,31,104,114,125" hai3="39,12,126,14,79,62,100,74,19,24,124,73,89"/><T25/><D38/><U11/><E37/><V90/><F114/><W34/><G100/><T102/><D120/><U67/><E115/><N who="0" m="44105" /><D83/><U44/><E108/><V123/><F123/><W130/><G39/><T30/><D13/><U118/><E68/><V50/><F104/><W92/><G14/><T75/><D75/><U88/><E118/><V105/><F105/><W134/><G79/><T9/><D9/><U65/><E28/><V93/><F110/><W8/><G74/><T76/><D76/><U94/><E77/><V40/><F125/><W48/><G73/><T71/><D71/><U54/><E44/><V42/><REACH who="2" step="1"/><F58/><REACH who="2" ten="250,250,240,250" step="2"/><W18/><G126/><T99/><D109/><U117/><E117/><V78/><F78/><W119/><G119/><T127/><D127/><U23/><E7/><V135/><F135/><W63/><G134/><T80/><D59/><U21/><E11/><AGARI ba="0,1" hai="4,11,15,26,31,35,40,41,42,49,50,87,90,93" machi="11" ten="40,1300,0" yaku="1,1,53,0" doraHai="131" doraHaiUra="70" who="2" fromWho="1" sc="250,0,250,-13,240,23,250,0" /><INIT seed="1,0,0,2,5,121" ten="250,237,263,250" oya="1" hai0="110,23,125,62,117,72,39,51,21,12,98,29,106" hai1="135,108,19,120,91,55,34,83,44,122,73,38,18" hai2="71,111,101,13,31,114,75,16,82,59,94,85,15" hai3="132,43,66,47,64,25,134,32,61,88,123,119,67"/><U10/><E34/><V78/><F71/><W130/><G25/><T36/><D72/><U76/><E135/><N who="3" m="51754" /><G32/><T6/><D117/><U3/><E108/><V70/><F70/><W103/><G103/><T89/><D125/><U17/><E55/><V28/><F114/><W24/><G24/><T58/><D51/><U105/><E91/><V84/><F75/><W57/><G123/><T60/><D110/><U45/><E105/><V87/><F111/><W4/><G4/><T42/><D42/><N who="1" m="22615" /><E45/><V35/><F15/><W77/><G77/><T86/><D62/><U96/><E96/><N who="2" m="59543" /><F35/><W1/><G1/><T124/><D124/><U26/><E26/><V133/><F133/><W11/><G11/><T2/><D2/><U48/><E48/><V54/><F78/><W7/><G7/><AGARI ba="0,0" hai="3,7,10,17,18,19,73,76,83,120,122" m="22615" machi="7" ten="30,1500,0" yaku="25,1" doraHai="121" who="1" fromWho="3" sc="250,0,237,15,263,0,250,-15" /><INIT seed="1,1,0,3,5,74" ten="250,252,263,235" oya="1" hai0="84,118,67,56,28,43,112,105,48,51,75,21,18" hai1="69,107,68,13,27,77,1,94,103,134,93,35,34" hai2="4,60,58,40,41,16,32,111,126,6,55,44,20" hai3="96,100,130,45,88,47,66,121,83,38,90,122,99"/><U5/><E134/><V120/><F120/><W9/><G66/><T123/><D75/><U62/><E77/><V46/><F32/><W115/><G9/><T42/><D105/><U57/><E13/><V91/><F111/><W79/><G38/><T127/><D118/><U30/><E34/><V15/><F91/><N who="3" m="34859" /><G47/><T24/><D84/><U52/><E94/><V117/><F126/><W135/><G45/><T132/><D112/><U54/><E107/><V95/><F95/><N who="3" m="58399" /><G115/><T14/><D132/><U102/><E93/><V65/><F65/><W17/><G17/><T22/><D127/><U23/><E54/><V98/><F98/><W85/><G135/><T125/><D123/><N who="3" m="47113" /><G99/><T29/><D125/><U11/><REACH who="1" step="1"/><E35/><REACH who="1" ten="250,242,263,235" step="2"/><V73/><F117/><W89/><G130/><T63/><D43/><U7/><E7/><V106/><F4/><W37/><N who="3" m="34867" /><W12/><DORA hai="0" /><G12/><T8/><D42/><U114/><E114/><V26/><F6/><W25/><G25/><AGARI ba="1,1" hai="8,14,18,21,22,24,25,28,29,48,51,56,63,67" machi="25" ten="40,2600,0" yaku="9,1,8,1" doraHai="74,0" who="0" fromWho="3" sc="250,39,242,0,263,0,235,-29" /><INIT seed="2,0,0,3,3,113" ten="289,242,263,206" oya="2" hai0="127,107,100,16,0,78,111,50,42,12,86,124,116" hai1="2,19,88,119,95,106,112,41,120,81,123,83,90" hai2="132,57,45,28,97,128,44,55,118,99,61,9,67" hai3="46,68,4,74,10,71,38,82,37,114,72,130,101"/><V126/><F128/><W85/><G85/><T115/><D0/><U73/><E2/><V13/><F126/><N who="0" m="48170" /><D115/><U5/><E5/><V15/><F132/><W77/><G114/><T121/><D121/><N who="1" m="46667" /><E112/><V43/><F118/><W29/><G130/><T63/><D63/><U33/><E33/><V69/><F28/><W70/><G29/><T125/><D111/><U8/><E41/><V134/><F134/><W103/><G103/><T64/><D64/><U110/><E8/><V32/><F32/><W30/><G30/><T7/><D7/><U62/><E19/><V54/><F54/><W6/><G6/><T47/><D125/><U135/><E106/><V117/><F117/><W122/><G101/><T92/><D107/><U129/><E135/><V96/><F43/><W25/><G25/><T31/><D31/><U89/><E62/><V131/><F131/><W22/><G22/><T27/><D27/><U1/><E1/><V75/><F13/><W26/><G26/><T109/><D109/><U93/><E129/><V11/><F11/><W66/><G122/><T133/><D133/><U104/><E110/><V14/><F14/><W24/><G24/><T51/><D42/><U18/><E18/><V3/><F3/><W87/><G10/><T21/><D12/><U94/><E104/><V39/><F39/><W76/><G4/><T60/><D21/><U34/><E34/><V17/><REACH who="2" step="1"/><F75/><REACH who="2" ten="289,242,253,206" step="2"/><N who="3" m="43295" /><G38/><T105/><D16/><U102/><E73/><N who="3" m="28266" /><G37/><T20/><D20/><U23/><E119/><V98/><N who="2" m="24576" /><DORA hai="40" /><V35/><F35/><W56/><G66/><T48/><D116/><RYUUKYOKU ba="0,1" sc="289,-10,242,-10,253,30,206,-10" hai2="9,15,17,44,45,55,57,61,67,69" /><INIT seed="2,1,1,4,5,109" ten="279,232,283,196" oya="2" hai0="128,53,116,3,34,110,23,131,24,94,51,133,130" hai1="36,32,87,101,8,7,115,15,56,71,38,40,126" hai2="129,0,49,68,125,11,118,90,97,100,77,106,19" hai3="99,102,17,88,83,13,75,30,113,119,39,73,132"/><V91/><F118/><W27/><G39/><T29/><D110/><U74/><E32/><V55/><F68/><W79/><G119/><T1/><D116/><U93/><E74/><V81/><F125/><W89/><G75/><T117/><D117/><U41/><E71/><V26/><F129/><W95/><G132/><T65/><D65/><U134/><E126/><V44/><F0/><W120/><G120/><T98/><D133/><U21/><E134/><V72/><REACH who="2" step="1"/><F26/><REACH who="2" ten="279,232,273,196" step="2"/><W104/><G27/><T58/><D3/><U124/><E124/><V9/><F9/><W66/><G66/><T92/><D1/><U10/><E38/><V111/><F111/><W22/><G30/><T80/><D34/><U12/><E36/><V14/><AGARI ba="1,2" hai="11,14,19,44,49,55,72,77,81,90,91,97,100,106" machi="14" ten="30,3000,0" yaku="1,1,0,1,53,0" doraHai="109" doraHaiUra="52" who="2" fromWho="2" sc="279,-11,232,-11,273,53,196,-11" /><INIT seed="2,2,0,0,2,134" ten="268,221,326,185" oya="2" hai0="117,3,48,62,99,9,102,30,74,35,116,101,13" hai1="58,122,109,108,43,24,56,133,76,36,127,92,70" hai2="15,97,40,27,96,120,0,72,126,18,90,34,50" hai3="130,22,121,1,95,132,53,61,79,114,68,86,55"/><V112/><F112/><W113/><G1/><T105/><D74/><U129/><E108/><V16/><F0/><W4/><G121/><T77/><D77/><U19/><E76/><V123/><F72/><W93/><G4/><T73/><D73/><U28/><E92/><N who="3" m="35402" /><G79/><T37/><D37/><U8/><E109/><V14/><F90/><W106/><G22/><T11/><D102/><U49/><E70/><V111/><F111/><W29/><G68/><T23/><D35/><U17/><E36/><V75/><F75/><W32/><G61/><T38/><D38/><U54/><E19/><V25/><F50/><W82/><G132/><T100/><D100/><U59/><E17/><V69/><F69/><W41/><G41/><T42/><D62/><U115/><E8/><V81/><F81/><W124/><G82/><T5/><D30/><U104/><E104/><V80/><F80/><W71/><G71/><T125/><D23/><U12/><E133/><V2/><F2/><W20/><G20/><T47/><D11/><U87/><E12/><V39/><F39/><W60/><G60/><T45/><D45/><U33/><E87/><V65/><F34/><W89/><G89/><T31/><D31/><U107/><E122/><V66/><F40/><W103/><G29/><T128/><D3/><U85/><E107/><V64/><F64/><W57/><G32/><T83/><D105/><U63/><E43/><V46/><F46/><W10/><G106/><T131/><D42/><U91/><E115/><V110/><F110/><W78/><G113/><T44/><D101/><U26/><E33/><RYUUKYOKU ba="2,0" sc="268,-10,221,-10,326,30,185,-10" hai2="14,15,16,18,25,27,65,66,96,97,120,123,126" /><INIT seed="2,3,0,0,5,33" ten="258,211,356,175" oya="2" hai0="55,132,105,69,95,7,116,22,50,30,108,118,131" hai1="93,25,107,47,38,68,109,135,4,18,64,87,26" hai2="24,133,134,0,2,23,46,12,58,82,59,6,39" hai3="127,67,96,52,45,40,27,100,31,5,74,101,97"/><V8/><F39/><W43/><G74/><T89/><D105/><U20/><E107/><V11/><F46/><W42/><G67/><T17/><D69/><U81/><E109/><V115/><F115/><W35/><G127/><T71/><D71/><U54/><E135/><N who="2" m="51723" /><F82/><W79/><G79/><T60/><D108/><U121/><E121/><V92/><F92/><W119/><G119/><N who="0" m="45611" /><D132/><U41/><E4/><N who="2" m="3175" /><F0/><W63/><G5/><T51/><D7/><U65/><E68/><V122/><F122/><W86/><G86/><T85/><D131/><U130/><E130/><V110/><F110/><W117/><G117/><T49/><D30/><AGARI ba="3,0" hai="2,6,8,23,24,30,58,59" m="3175,51723" machi="30" ten="30,2900,0" yaku="20,1,52,1" doraHai="33" who="2" fromWho="0" sc="258,-38,211,0,356,38,175,0" /><INIT seed="2,4,0,4,2,106" ten="220,211,394,175" oya="2" hai0="54,70,56,55,114,59,3,115,117,76,79,93,46" hai1="127,100,40,28,77,45,134,104,75,97,130,110,92" hai2="23,49,35,69,9,107,61,20,27,26,85,87,30" hai3="43,37,105,99,31,13,18,57,63,101,128,133,131"/><V124/><F107/><W80/><G31/><T62/><D3/><U50/><E110/><V68/><F124/><W129/><G43/><T126/><D126/><U53/><E127/><V111/><F111/><W119/><G37/><T32/><D32/><U88/><E130/><V12/><F49/><W109/><G109/><T96/><D117/><U83/><E134/><V71/><F61/><W90/><G119/><T17/><D70/><U103/><E28/><V89/><F89/><W74/><G133/><T73/><D46/><U116/><E116/><V22/><REACH who="2" step="1"/><F27/><REACH who="2" ten="220,211,384,175" step="2"/><W67/><G90/><T47/><D62/><U98/><E98/><V132/><F132/><W52/><G67/><T5/><D96/><U36/><REACH who="1" step="1"/><E104/><REACH who="1" ten="220,201,384,175" step="2"/><V2/><F2/><W7/><G99/><T94/><D115/><U66/><E66/><V120/><F120/><W64/><G105/><T78/><D114/><U19/><E19/><AGARI ba="4,2" hai="9,12,19,20,22,23,26,30,35,68,69,71,85,87" machi="19" ten="50,4800,0" yaku="1,1,53,1" doraHai="106" doraHaiUra="21" who="2" fromWho="1" sc="220,0,201,-60,384,80,175,0" /><INIT seed="2,5,0,1,1,40" ten="220,141,464,175" oya="2" hai0="61,62,71,87,1,120,78,112,113,31,23,57,51" hai1="10,135,81,12,117,76,73,53,44,90,115,25,28" hai2="123,46,109,32,16,54,124,100,19,48,65,130,70" hai3="17,132,75,107,3,122,105,22,79,39,35,29,101"/><V14/><F123/><W110/><G122/><T131/><D120/><U69/><E69/><V134/><F32/><W49/><G132/><T37/><D37/><U0/><E117/><V108/><F134/><W86/><G101/><T2/><D131/><U56/><E135/><V121/><F121/><W64/><G64/><T43/><D71/><U55/><E115/><V103/><F130/><W11/><G86/><T106/><D106/><U36/><E90/><V58/><F70/><W91/><G91/><T74/><D74/><U13/><E55/><V83/><F83/><W41/><G49/><T34/><D34/><U20/><E0/><V63/><F124/><W68/><G68/><T15/><D62/><U5/><E36/><V72/><F72/><W60/><G60/><T18/><D31/><U97/><E97/><V114/><F114/><W47/><G110/><N who="2" m="42601" /><F19/><W21/><G21/><AGARI ba="5,0" hai="14,16,21,46,48,54,58,63,65,100,103" m="42601" machi="21" ten="30,11600,0" yaku="14,1,10,1,52,1,54,1" doraHai="40" who="2" fromWho="3" sc="220,0,141,0,464,131,175,-131" /><INIT seed="2,6,0,1,0,25" ten="220,141,595,44" oya="2" hai0="118,35,2,130,39,126,70,7,34,129,121,98,115" hai1="133,11,36,113,5,60,135,91,109,100,13,8,78" hai2="23,12,111,110,86,52,127,37,65,3,10,62,119" hai3="57,123,55,46,116,14,58,18,112,47,33,51,104"/><V61/><F119/><W88/><G104/><T107/><D98/><U97/><E36/><V28/><F37/><W102/><G33/><T26/><D26/><U68/><E109/><V101/><F3/><W54/><G102/><T77/><D77/><U42/><E113/><V74/><F74/><W67/><G116/><T24/><D24/><U40/><E78/><V81/><F127/><W90/><G112/><T99/><D99/><U48/><E91/><V72/><F72/><W79/><G79/><T134/><D7/><U94/><E48/><V73/><F73/><W106/><G106/><T131/><D131/><U56/><E68/><V84/><F101/><W15/><G123/><T87/><D87/><U93/><E94/><V4/><F23/><W82/><G82/><T92/><D92/><U50/><E50/><V114/><F28/><W80/><G80/><T83/><D83/><U44/><E44/><V96/><F96/><W43/><G67/><T17/><D17/><U128/><E128/><V59/><F114/><W64/><G43/><T16/><D16/><U9/><E133/><V85/><REACH who="2" step="1"/><F81/><REACH who="2" ten="220,141,585,44" step="2"/><W22/><G14/><T29/><D29/><U108/><E135/><V66/><F66/><W95/><G64/><T1/><D129/><U132/><E132/><V32/><F32/><W6/><G6/><T105/><D35/><U19/><E108/><V63/><F63/><W76/><G76/><T69/><D1/><U117/><E117/><V31/><F31/><W53/><G90/><T30/><D130/><U122/><E122/><V124/><F124/><W120/><G120/><RYUUKYOKU ba="6,1" sc="220,-10,141,-10,585,30,44,-10" hai2="4,10,12,52,59,61,62,65,84,85,86,110,111" /><INIT seed="2,7,1,2,5,44" ten="210,131,615,34" oya="2" hai0="116,23,97,111,28,15,133,75,78,35,110,26,34" hai1="119,95,125,3,1,68,115,42,91,63,105,81,67" hai2="20,33,62,48,114,108,122,85,38,53,130,129,54" hai3="128,46,10,7,77,127,45,58,22,103,118,12,14"/><V104/><F38/><W36/><G118/><T109/><D116/><U100/><E119/><V52/><F33/><N who="0" m="12298" /><D133/><U21/><E115/><V37/><F37/><W2/><G127/><T102/><D15/><U66/><E125/><V60/><F114/><W29/><G128/><T43/><D43/><U94/><E42/><V79/><F104/><W16/><G36/><T8/><D8/><U4/><E105/><V84/><F122/><W31/><G77/><T59/><D59/><U0/><E81/><V25/><F108/><W56/><G103/><T39/><D39/><U72/><E72/><V99/><F99/><W98/><G98/><T131/><D131/><N who="2" m="50186" /><F48/><W41/><G2/><T61/><D61/><N who="2" m="23658" /><F79/><W92/><G92/><N who="0" m="58663" /><D78/><U19/><E67/><V18/><AGARI ba="7,1" hai="18,20,25,52,53,54,84,85" m="23658,50186" machi="18" ten="40,3900,0" yaku="19,1,54,1" doraHai="44" who="2" fromWho="2" sc="210,-20,131,-20,615,70,34,-20" /><INIT seed="2,8,0,0,3,86" ten="190,111,685,14" oya="2" hai0="111,9,117,61,4,130,118,67,81,48,119,73,134" hai1="89,83,91,60,75,13,14,82,5,124,69,68,113" hai2="28,50,94,29,36,21,31,51,15,32,0,114,66" hai3="95,85,102,98,19,58,106,128,93,12,62,55,7"/><V121/><F36/><W59/><G128/><T96/><D130/><U34/><E113/><V70/><F0/><W57/><G7/><T80/><D111/><U88/><E34/><V49/><F114/><W20/><G106/><T26/><D134/><U54/><E124/><V84/><F121/><W37/><G37/><T30/><D48/><U46/><E5/><V78/><F32/><W74/><G74/><T99/><D99/><U44/><E75/><V100/><F66/><W122/><G122/><T115/><D96/><U23/><E23/><V25/><F70/><N who="1" m="27241" /><E54/><V107/><F15/><N who="1" m="5641" /><E60/><V112/><F107/><W123/><G123/><T76/><D115/><U132/><E132/><V131/><F131/><W116/><G116/><T110/><D110/><U16/><E16/><V105/><F105/><W53/><G53/><T39/><D39/><U41/><E41/><V104/><F104/><W72/><G72/><T6/><D80/><AGARI ba="8,0" hai="44,46,80,82,83,88,89,91" m="5641,27241" machi="80" ten="40,12000,2" yaku="28,2,52,3,54,1" doraHai="86" who="1" fromWho="0" sc="190,-144,111,144,685,0,14,0" /><INIT seed="3,0,0,1,5,34" ten="46,255,685,14" oya="3" hai0="19,104,60,2,113,57,32,4,10,3,134,25,33" hai1="102,11,135,84,98,129,24,59,99,133,16,37,66" hai2="13,131,12,51,38,20,106,114,80,42,110,63,58" hai3="36,5,115,47,55,18,8,78,118,97,117,81,121"/><W23/><G121/><T82/><D104/><U83/><E37/><V45/><F106/><W79/><G115/><T7/><D113/><U17/><E129/><V6/><F131/><W49/><G79/><T56/><D134/><N who="1" m="51211" /><E102/><V112/><F38/><W0/><G97/><N who="1" m="36874" /><E24/><V111/><F80/><W65/><G65/><T120/><D120/><U123/><E123/><V109/><F20/><W27/><REACH who="3" step="1"/><G36/><REACH who="3" ten="46,255,685,4" step="2"/><T103/><D103/><U126/><E126/><V61/><F112/><W86/><AGARI ba="0,1" hai="0,5,8,18,23,27,47,49,55,78,81,86,117,118" machi="86" ten="20,18000,2" yaku="1,1,2,1,0,1,7,1,52,1,53,1" doraHai="34" doraHaiUra="21" who="3" fromWho="3" sc="46,-60,255,-60,685,-60,4,190" owari="-14,-51.0,195,0.0,625,72.0,194,-21.0" /></mjloggm>