<mjloggm ver="2.3"><GO type="169"/><UN n0="%6C%69%67%68%74%39%39" n1="%E5%8E%9F%E5%AE%BF%E3%82%B8%E3%82%A7%E3%83%B3%E3%83%8C" n2="%EF%BC%88%E2%89%A7%E2%96%BD%E2%89%A6%EF%BC%89" n3="%61%6B%69%6E%61%72%69%30" dan="17,16,17,16" rate="2149,2117,2162,2128" sx="M,M,M,F"/><TAIKYOKU oya="0"/><INIT seed="0,0,0,5,5,13" ten="250,250,250,250" oya="0" hai0="43,52,16,118,98,26,58,7,85,114,97,115,51" hai1="62,116,55,69,68,113,50,42,75,107,21,81,122" hai2="1,86,135,19,34,35,15,63,102,25,119,41,18" hai3="117,8,49,127,106,22,56,57,87,24,70,111,104"/><T29/><D118/><U125/><E107/><V110/><F1/><W38/><G117/><T77/><D7/><U65/><E122/><V30/><F119/><W84/><G38/><T14/><D43/><U47/><E21/><V59/><F135/><W2/><G70/><T67/><D67/><U91/><E75/><V103/><F35/><W120/><G120/><T92/><D115/><U11/><E11/><V45/><F86/><W72/><G72/><T60/><D114/><U28/><E28/><V108/><F103/><W20/><G127/><T73/><D73/><U3/><E91/><V94/><F94/><W32/><G32/><T61/><D29/><U9/><E81/><V40/><F102/><W74/><G74/><T66/><D26/><U54/><E9/><V95/><F95/><W0/><G8/><N who="0" m="6215" /><D61/><U128/><E3/><V105/><F105/><W100/><G24/><T129/><D129/><U126/><E128/><V44/><F40/><W109/><G100/><T71/><D71/><N who="1" m="42423" /><E113/><V124/><F41/><W133/><REACH who="3" step="1"/><G49/><REACH who="3" ten="250,250,250,240" step="2"/><T4/><D4/><U96/><E116/><V48/><F48/><W101/><G101/><T93/><D98/><U10/><E96/><V83/><F25/><W27/><G27/><T31/><D31/><U132/><E69/><V64/><F30/><W80/><G80/><N who="0" m="47247" /><D97/><U53/><E68/><V39/><F34/><W134/><AGARI ba="0,1" hai="0,2,20,22,56,57,84,87,104,106,109,111,133,134" machi="134" ten="25,6400,0" yaku="1,1,0,1,22,2,53,0" doraHai="13" doraHaiUra="5" who="3" fromWho="3" sc="250,-32,250,-16,250,-16,240,74" /><INIT seed="1,0,0,2,1,100" ten="218,234,234,314" oya="1" hai0="120,109,16,82,50,36,98,125,21,55,19,75,15" hai1="112,70,133,66,42,91,13,85,61,88,7,135,113" hai2="3,128,14,69,45,79,123,49,10,40,54,117,64" hai3="0,103,93,71,29,39,12,129,4,105,65,11,2"/><U34/><E34/><V89/><F117/><W48/><G129/><T130/><D130/><U96/><E42/><V51/><F123/><W59/><G39/><T132/><D36/><U122/><E122/><V83/><F128/><W114/><G114/><T102/><D120/><U35/><E35/><V43/><F3/><W119/><G119/><T67/><D67/><U134/><E96/><V17/><F69/><W87/><G71/><T32/><D32/><U27/><E27/><V118/><F118/><W38/><G29/><T30/><D30/><U101/><E101/><V63/><F51/><W31/><G31/><T47/><D109/><U58/><E70/><V37/><F37/><W99/><G38/><T76/><D132/><U53/><E66/><V62/><F79/><W72/><G72/><T116/><D116/><U57/><E57/><N who="2" m="36975" /><F62/><W18/><G65/><T24/><D125/><U8/><E91/><V6/><F6/><W68/><G68/><T110/><D110/><U33/><E33/><V111/><F111/><W124/><G124/><T28/><REACH who="0" step="1"/><D15/><REACH who="0" ten="208,234,234,314" step="2"/><U94/><AGARI ba="0,1" hai="7,8,13,53,58,61,85,88,94,112,113,133,134,135" machi="94" ten="30,6000,0" yaku="0,1,20,1,54,1" doraHai="100" who="1" fromWho="1" sc="208,-20,234,70,234,-20,314,-20" /><INIT seed="1,1,0,4,0,38" ten="188,304,214,294" oya="1" hai0="118,127,74,37,90,87,100,135,128,106,62,22,94" hai1="32,121,112,39,19,96,119,101,20,122,55,2,18" hai2="115,73,133,46,21,12,5,58,117,71,45,13,66" hai3="93,16,23,8,88,91,59,0,6,86,102,104,3"/><U111/><E39/><V25/><F73/><W129/><G129/><T77/><D37/><U60/><E32/><V10/><F117/><W82/><G104/><T34/><D34/><U50/><E60/><V4/><F133/><W72/><G102/><T11/><D118/><U53/><E119/><V113/><F71/><W36/><G36/><T33/><D33/><U107/><E2/><V134/><F134/><W80/><G3/><T54/><D135/><U30/><E112/><V83/><F83/><W9/><G9/><T76/><D128/><U79/><E79/><V68/><F68/><W48/><G72/><T47/><D127/><U31/><E111/><V43/><F4/><W1/><G1/><T132/><D132/><U110/><E110/><V40/><F13/><N who="3" m="9615" /><G91/><T125/><D125/><U15/><E18/><N who="2" m="12471" /><F115/><W114/><G114/><T57/><D74/><U95/><E107/><V124/><F124/><W69/><G69/><T61/><D11/><U64/><E121/><V52/><F66/><W29/><G29/><N who="1" m="10762" /><E64/><V44/><F113/><W105/><G105/><T41/><D106/><U99/><E122/><V103/><F103/><W17/><G17/><T56/><D100/><U63/><E63/><AGARI ba="1,0" hai="5,10,12,40,43,44,45,46,52,58,63" m="12471" machi="63" ten="30,7700,0" yaku="8,1,52,2,54,1" doraHai="38" who="2" fromWho="1" sc="188,0,304,-80,214,80,294,0" /><INIT seed="2,0,0,1,4,121" ten="188,224,294,294" oya="2" hai0="84,71,82,113,19,105,100,125,102,77,9,0,55" hai1="120,96,12,99,101,34,86,1,73,114,14,134,118" hai2="128,106,44,4,40,122,115,92,107,119,117,110,80" hai3="23,26,17,126,54,79,108,90,42,61,38,130,22"/><V116/><F122/><W41/><G126/><T7/><D113/><U109/><E14/><V57/><F115/><W97/><G130/><T112/><D112/><U6/><E12/><V94/><F4/><W16/><G38/><T10/><D125/><U37/><E86/><V51/><F128/><W56/><G108/><T124/><D124/><U132/><E96/><V31/><F110/><W45/><G79/><T24/><D71/><U21/><E99/><V135/><F135/><W58/><G45/><T83/><D105/><U103/><E21/><V104/><F31/><W28/><G56/><T32/><D55/><U133/><E101/><V67/><F80/><W68/><G68/><T46/><D46/><U30/><E103/><V35/><F35/><W89/><G28/><T64/><D64/><U72/><E30/><V53/><REACH who="2" step="1"/><F67/><REACH who="2" ten="188,224,284,294" step="2"/><W5/><G5/><N who="0" m="1191" /><D83/><U76/><E6/><V29/><F29/><W2/><G2/><T81/><D81/><U66/><E133/><V63/><AGARI ba="0,1" hai="40,44,51,53,57,63,92,94,104,106,107,116,117,119" machi="63" ten="40,3900,0" yaku="1,1,0,1,53,0" doraHai="121" doraHaiUra="98" who="2" fromWho="2" sc="188,-13,224,-13,284,49,294,-13" /><INIT seed="2,1,0,0,5,12" ten="175,211,333,281" oya="2" hai0="55,36,128,73,38,45,95,79,65,97,58,120,21" hai1="78,70,133,48,71,132,96,53,19,34,89,9,35" hai2="93,107,10,49,130,108,8,122,18,114,50,90,15" hai3="129,118,20,37,42,25,94,134,39,112,63,101,85"/><V40/><F122/><W61/><G118/><T41/><D120/><U119/><E119/><V60/><F107/><W100/><G129/><T57/><D128/><U0/><E78/><V44/><F114/><W121/><G121/><T135/><D135/><N who="1" m="51787" /><E96/><V127/><F127/><W68/><G112/><T32/><D32/><N who="1" m="12331" /><E0/><V13/><F130/><W131/><G131/><T98/><D38/><U31/><E31/><V104/><F104/><W27/><G134/><T11/><D11/><U87/><E87/><V30/><F30/><W115/><G115/><T7/><D7/><U102/><E89/><V69/><F108/><W17/><G68/><N who="1" m="26154" /><E102/><V16/><F69/><W125/><G100/><T88/><D98/><U33/><N who="1" m="12339" /><U86/><DORA hai="106" /><E86/><N who="2" m="52439" /><F50/><W83/><G39/><T75/><D79/><U3/><E3/><V116/><F116/><W110/><G37/><T24/><D65/><U52/><E48/><V28/><F28/><W84/><G101/><T54/><D54/><U51/><E51/><V111/><F111/><W66/><G110/><T67/><D67/><U26/><E9/><V126/><F126/><W23/><G125/><T105/><D105/><U22/><AGARI ba="1,0" hai="19,22,26,52,53" m="26154,12339,51787" machi="22" ten="50,6400,0" yaku="20,1,52,1,54,1" doraHai="12,106" who="1" fromWho="1" sc="175,-17,211,67,333,-33,281,-17" /><INIT seed="3,0,0,5,1,84" ten="158,278,300,264" oya="3" hai0="129,96,106,133,100,6,131,30,26,23,48,34,1" hai1="76,81,12,51,31,72,38,33,112,13,21,90,50" hai2="111,128,4,32,102,78,35,62,80,43,3,37,16" hai3="126,0,75,17,49,74,47,42,77,20,67,134,71"/><W52/><G126/><T25/><D133/><U5/><E38/><V63/><F102/><W105/><G134/><T39/><D39/><U68/><E68/><V36/><F128/><W46/><G105/><T115/><D115/><U130/><E112/><V40/><F111/><W27/><G0/><T97/><D48/><U93/><E33/><V56/><F3/><W15/><G77/><T114/><D114/><U65/><E65/><V98/><F4/><W24/><G67/><T7/><D97/><U95/><E95/><V120/><F120/><W116/><G71/><T53/><D53/><U107/><E107/><V127/><F127/><W88/><G116/><T22/><D34/><U11/><E130/><N who="0" m="49673" /><D1/><U94/><E94/><V18/><F98/><W104/><G104/><T103/><D100/><U122/><E122/><V57/><F78/><W73/><G46/><T85/><D85/><U19/><REACH who="1" step="1"/><E31/><AGARI ba="0,0" hai="6,7,22,23,25,26,30,31,96,103,106" m="49673" machi="31" ten="30,1000,0" yaku="19,1" doraHai="84" who="0" fromWho="1" sc="158,10,278,-10,300,0,264,0" /><INIT seed="4,0,0,1,2,0" ten="168,268,300,264" oya="0" hai0="6,52,135,7,36,8,44,26,31,61,45,134,125" hai1="94,28,113,103,17,112,131,15,47,99,68,85,120" hai2="20,11,77,121,18,23,19,80,102,2,13,56,127" hai3="86,66,38,118,16,83,114,30,10,79,109,67,123"/><T89/><D8/><U93/><E68/><V22/><F121/><W132/><G118/><T105/><D105/><U128/><E28/><V117/><F117/><W72/><G38/><T69/><D125/><U59/><E47/><V90/><F127/><W91/><G109/><T101/><D101/><U27/><E27/><V107/><F2/><W87/><G123/><T76/><D76/><U130/><E59/><V122/><F122/><W35/><G132/><N who="0" m="50731" /><D69/><U115/><E15/><V111/><F111/><W53/><G114/><T129/><D129/><U4/><E17/><V9/><F107/><W29/><G35/><N who="0" m="20983" /><D89/><N who="1" m="53423" /><E4/><N who="0" m="1577" /><D36/><U75/><E120/><V25/><F102/><W116/><G91/><T70/><D52/><U96/><E96/><V92/><F9/><W40/><G53/><T54/><D54/><U71/><E71/><V42/><F11/><W63/><G10/><T48/><D48/><U60/><E60/><V82/><F90/><W58/><G63/><T57/><D57/><U126/><E126/><V81/><F56/><W119/><G58/><T124/><D124/><U65/><E65/><AGARI ba="0,0" hai="44,45,61,65,70" m="1577,20983,50731" machi="65" ten="30,11600,0" yaku="20,1,52,3" doraHai="0" who="0" fromWho="1" sc="168,116,268,-116,300,0,264,0" /><INIT seed="4,1,0,2,5,92" ten="284,152,300,264" oya="0" hai0="87,49,6,14,134,23,22,0,82,3,67,91,124" hai1="109,26,20,21,32,111,39,19,129,115,112,101,36" hai2="81,53,93,123,59,63,51,41,16,107,108,99,118" hai3="15,122,85,69,114,90,131,133,52,57,66,25,76"/><T117/><D117/><U110/><E101/><V44/><F108/><W80/><G131/><T86/><D134/><U30/><E39/><V56/><F123/><W71/><G122/><T45/><D124/><U72/><E72/><V126/><F126/><W103/><G133/><T96/><D67/><U94/><E36/><V77/><F118/><W98/><G114/><N who="1" m="43562" /><E94/><V13/><F107/><W116/><G116/><T73/><D73/><U48/><E48/><V84/><F63/><W119/><G119/><T74/><D74/><U78/><E78/><V24/><F24/><W97/><G25/><T132/><D132/><U40/><E40/><V38/><F38/><W2/><G2/><T75/><D75/><U100/><E100/><N who="2" m="60527" /><F41/><W4/><G66/><T43/><D0/><U27/><E129/><V61/><F61/><W95/><G71/><T9/><D3/><U79/><E79/><V88/><F77/><W42/><G69/><T10/><D87/><U62/><E62/><V102/><F102/><W128/><G42/><T120/><D120/><U55/><E55/><V113/><F113/><W121/><G128/><T106/><D10/><AGARI ba="1,0" hai="10,13,16,44,51,53,56,59,81,84,88" m="60527" machi="10" ten="30,8000,1" yaku="25,1,8,1,52,1,54,2" doraHai="92" who="2" fromWho="0" sc="284,-83,152,0,300,83,264,0" /><INIT seed="5,0,0,0,3,29" ten="201,152,383,264" oya="1" hai0="55,16,51,97,127,73,114,46,36,74,62,65,105" hai1="0,67,39,61,34,98,100,38,70,6,30,60,44" hai2="118,87,13,69,109,76,41,101,89,59,18,122,12" hai3="130,8,1,99,128,10,43,53,25,63,96,95,20"/><U125/><E60/><V113/><F69/><W86/><G43/><T79/><D114/><U103/><E103/><V31/><F113/><W9/><G1/><T82/><D127/><U15/><E15/><V24/><F101/><W7/><G7/><T132/><D132/><U28/><E28/><V45/><F122/><W83/><G128/><T102/><D36/><U108/><E44/><V26/><F118/><W54/><G130/><T78/><D78/><U90/><E90/><V94/><F109/><W37/><G37/><T68/><REACH who="0" step="1"/><D16/><REACH who="0" ten="191,152,383,264" step="2"/><U48/><E125/><V33/><F76/><W47/><G8/><T21/><D21/><U84/><E84/><AGARI ba="0,1" hai="46,51,55,62,65,68,73,74,79,82,84,97,102,105" machi="84" ten="30,3900,0" yaku="1,1,7,1,53,1" doraHai="29" doraHaiUra="50" who="0" fromWho="1" sc="191,49,152,-39,383,0,264,0" /><INIT seed="6,0,0,3,5,2" ten="240,113,383,264" oya="2" hai0="102,39,61,70,126,23,101,11,135,106,129,29,49" hai1="119,18,114,112,10,45,92,71,65,33,88,60,15" hai2="77,133,122,131,116,21,43,58,69,57,117,20,16" hai3="66,123,109,7,56,34,105,30,4,5,125,26,74"/><V35/><F35/><W103/><G123/><T51/><D39/><U79/><E119/><V130/><F69/><W37/><G109/><T44/><D135/><U12/><E33/><V87/><F43/><W32/><G37/><T9/><D129/><N who="2" m="49162" /><F122/><W76/><G125/><T1/><D126/><U132/><E132/><V38/><F20/><W63/><G34/><T59/><D70/><U86/><E79/><V93/><F38/><W0/><G76/><T98/><D102/><U52/><E12/><N who="2" m="9351" /><F133/><W115/><G115/><T80/><D23/><U36/><E36/><V121/><F121/><W107/><G74/><T3/><D3/><U96/><E96/><V24/><F24/><W78/><G78/><T124/><D98/><U62/><E62/><V111/><F111/><W46/><G0/><T108/><D61/><U84/><E84/><V22/><F22/><W42/><G103/><T19/><D101/><U104/><E104/><V47/><F47/><W68/><G68/><T27/><D44/><U8/><REACH who="1" step="1"/><E10/><REACH who="1" ten="240,103,383,264" step="2"/><V120/><F120/><W99/><G99/><T85/><D106/><U64/><E64/><V48/><F77/><W41/><G107/><T100/><D108/><U91/><E91/><N who="2" m="53503" /><F117/><W128/><G105/><T25/><D124/><U40/><E40/><V134/><F116/><W72/><G128/><T113/><D100/><U50/><AGARI ba="0,1" hai="8,15,18,45,50,52,60,65,71,86,88,92,112,114" machi="50" ten="30,7900,0" yaku="1,1,0,1,54,2,53,0" doraHai="2" doraHaiUra="28" who="1" fromWho="1" sc="240,-20,103,89,383,-39,264,-20" /><INIT seed="7,0,0,2,0,135" ten="220,192,344,244" oya="3" hai0="131,107,3,128,104,70,57,74,50,36,28,119,98" hai1="39,126,65,100,63,56,132,24,5,64,13,60,17" hai2="120,9,27,32,53,33,78,113,108,105,20,22,52" hai3="21,1,81,4,99,11,125,61,7,0,115,90,45"/><W55/><G115/><T34/><D119/><U72/><E132/><V66/><F105/><W121/><G121/><T110/><D110/><U84/><E72/><V38/><F38/><W106/><G125/><T31/><D74/><U35/><E39/><V30/><F108/><W82/><G21/><T129/><D70/><U91/><E100/><V92/><F33/><W25/><G25/><N who="0" m="18703" /><D36/><U44/><E44/><V49/><F113/><W95/><G106/><T103/><D3/><U122/><E122/><V109/><F109/><W40/><G61/><T86/><D31/><U134/><E134/><V71/><F71/><W124/><G124/><T41/><D86/><U79/><E79/><V116/><F66/><W80/><G55/><N who="0" m="31991" /><D104/><U75/><E75/><V96/><F78/><W46/><G40/><AGARI ba="0,0" hai="40,41,98,103,107,128,129,131" m="31991,18703" machi="40" ten="30,1000,0" yaku="19,1" doraHai="135" who="0" fromWho="3" sc="220,10,192,0,344,0,244,-10" owari="230,-17.0,192,-31.0,344,45.0,234,3.0" /></mjloggm>