<mjloggm ver="2.3"><GO type="169" lobby="0"/><UN n0="%E9%87%8E%E7%94%9F%E3%81%AE%E9%9B%91%E7%A8%AE%E7%8A%AC" n1="%E6%96%B0%E8%B2%B4" n2="%E5%8D%83%E4%BB%A3%E3%81%AE%E5%AF%8C%E5%A3%AB" n3="%EF%BC%88%E2%89%A7%E2%96%BD%E2%89%A6%EF%BC%89" dan="16,16,16,19" rate="2010.65,2038.07,2112.84,2269.60" sx="M,M,M,M"/><TAIKYOKU oya="0"/><INIT seed="0,0,0,2,3,81" ten="250,250,250,250" oya="0" hai0="126,102,38,100,78,110,1,14,34,29,101,3,45" hai1="28,121,24,116,59,46,4,55,118,127,99,108,98" hai2="80,11,12,37,85,9,91,44,42,63,27,61,76" hai3="77,19,58,105,62,21,32,84,83,112,47,15,20"/><T75/><BYE who="1" /><D126/><U6/><E6/><V113/><F113/><W114/><G32/><T117/><D117/><U66/><E66/><V132/><F132/><W125/><G125/><T69/><D69/><U82/><E82/><V72/><F27/><W103/><G47/><T122/><D122/><U97/><E97/><V107/><F107/><W54/><G105/><T7/><D110/><U13/><E13/><V120/><F120/><W115/><REACH who="3" step="1"/><G103/><REACH who="3" ten="250,250,250,240" step="2"/><T65/><D34/><U10/><E10/><AGARI ba="0,1" hai="10,15,19,20,21,54,58,62,77,83,84,112,114,115" machi="10" ten="40,8000,1" yaku="1,1,2,1,52,1,53,2" doraHai="81" doraHaiUra="17" who="3" fromWho="1" sc="250,0,250,-80,250,0,240,90" /><INIT seed="1,0,0,2,3,115" ten="250,170,250,330" oya="1" hai0="99,95,106,68,86,7,38,133,31,131,114,59,62" hai1="65,71,103,17,119,63,79,70,111,54,48,0,135" hai2="130,47,77,124,10,128,127,104,39,60,2,107,35" hai3="109,13,73,110,61,96,29,19,98,42,44,120,26"/><U41/><E41/><N who="2" m="22975" /><F35/><N who="3" m="20919" /><G73/><T56/><D114/><U132/><E132/><V101/><F60/><W76/><G61/><T116/><D116/><U91/><E91/><V51/><F51/><W6/><G6/><T8/><D38/><U50/><E50/><V9/><F77/><W90/><G76/><T125/><D133/><U97/><E97/><N who="2" m="61487" /><F107/><W75/><G90/><T22/><D106/><U58/><E58/><V15/><F9/><W92/><G92/><T5/><D86/><U100/><E100/><V24/><F24/><W36/><G75/><T112/><D112/><U78/><E78/><V122/><F122/><W40/><G40/><T69/><D59/><U3/><E3/><V74/><F74/><W81/><G81/><T113/><D113/><U45/><E45/><V25/><F25/><UN n1="%E6%96%B0%E8%B2%B4" /><W30/><G120/><T53/><D8/><U89/><E0/><V27/><F27/><W46/><G46/><T83/><D83/><U87/><E79/><V34/><F34/><W49/><G49/><T57/><D57/><N who="1" m="32967" /><E103/><V66/><F2/><W82/><G30/><T67/><D56/><N who="1" m="37095" /><E135/><V85/><F85/><W37/><G37/><T121/><D121/><U55/><E55/><V16/><F66/><W88/><G82/><T32/><D67/><U1/><E1/><V108/><F108/><N who="3" m="41579" /><G88/><T105/><D105/><U14/><E111/><V80/><F80/><W118/><G96/><T28/><D99/><U20/><E119/><V21/><F10/><N who="3" m="6583" /><G98/><T94/><D94/><AGARI ba="0,0" hai="14,17,20,70,71,87,89,94" m="37095,32967" machi="94" ten="30,1500,0" yaku="25,1" doraHai="115" who="1" fromWho="0" sc="250,-15,170,15,250,0,330,0" /><INIT seed="1,1,0,4,2,84" ten="235,185,250,330" oya="1" hai0="64,42,114,86,73,43,29,5,60,28,63,22,130" hai1="30,124,11,95,81,69,66,115,40,102,12,46,74" hai2="96,41,89,44,59,61,104,71,129,110,93,20,107" hai3="53,101,45,97,27,117,10,48,15,55,49,118,62"/><U9/><E115/><V35/><F35/><W78/><G78/><T76/><D73/><U82/><E124/><V120/><F120/><W56/><G27/><T123/><D114/><U65/><E30/><V91/><F71/><W26/><G26/><N who="0" m="16471" /><D29/><U135/><E135/><V75/><F75/><W126/><G126/><T92/><D130/><U94/><E69/><V131/><F20/><W14/><G62/><N who="0" m="23595" /><D123/><U79/><E81/><V68/><F68/><W37/><G37/><T128/><D128/><N who="2" m="49226" /><F110/><W54/><G54/><T83/><D64/><U119/><E119/><N who="3" m="45578" /><G10/><T19/><D5/><U13/><E9/><V6/><F6/><W8/><G8/><T125/><D125/><U31/><E31/><V36/><F107/><AGARI ba="1,0" hai="14,15,45,48,49,53,55,56,97,101,107" m="45578" machi="107" ten="30,1000,0" yaku="12,1" doraHai="84" who="3" fromWho="2" sc="235,0,185,0,250,-13,330,13" /><INIT seed="2,0,0,3,1,10" ten="235,185,237,343" oya="2" hai0="69,20,87,123,83,31,133,16,116,5,33,94,74" hai1="98,128,46,34,126,58,82,54,97,107,49,47,42" hai2="3,114,78,29,27,124,67,81,24,108,19,12,104" hai3="80,43,13,103,111,93,85,95,7,112,21,41,131"/><V65/><F104/><W39/><G39/><T25/><D123/><U117/><E34/><V63/><F3/><W71/><G71/><T64/><D133/><U121/><E117/><V75/><F114/><W57/><G131/><T56/><D116/><U60/><E128/><V86/><F124/><W0/><G0/><T101/><D74/><U70/><E126/><V11/><F75/><W127/><G127/><T109/><D109/><U73/><E121/><V91/><F108/><W113/><G112/><T44/><D69/><U96/><E47/><V66/><F78/><N who="3" m="46231" /><G111/><T129/><D129/><U125/><E125/><V6/><F63/><W68/><G68/><T88/><D5/><U100/><E73/><V77/><F77/><W132/><G132/><T45/><D64/><U23/><E82/><V17/><REACH who="2" step="1"/><F27/><REACH who="2" ten="235,185,227,343" step="2"/><W122/><G113/><T9/><D25/><U115/><E115/><V4/><F4/><W30/><G7/><T62/><D62/><U50/><E70/><V119/><F119/><W1/><G1/><T102/><D101/><U134/><E134/><V37/><F37/><W26/><G122/><T18/><D102/><U28/><E60/><V51/><F51/><W72/><G103/><T22/><D88/><U48/><E50/><V53/><F53/><W118/><G118/><T61/><D61/><U76/><E76/><V106/><F106/><W130/><G130/><T120/><D120/><U40/><E42/><V92/><F92/><N who="3" m="35403" /><G72/><T36/><D36/><U32/><E107/><V110/><F110/><W105/><G105/><T99/><D94/><U90/><E100/><RYUUKYOKU ba="0,1" sc="235,-10,185,-10,227,30,343,-10" hai2="6,11,12,17,19,24,29,65,66,67,81,86,91" /><INIT seed="2,1,1,2,5,116" ten="225,175,257,333" oya="2" hai0="94,51,45,107,73,84,28,119,108,33,70,112,47" hai1="34,118,69,19,30,1,48,126,40,42,56,101,50" hai2="132,20,71,80,89,55,59,96,16,134,68,79,133" hai3="67,53,76,123,72,63,129,61,38,12,113,98,29"/><V0/><F0/><W111/><G38/><T62/><D119/><U14/><E69/><V21/><F21/><W99/><G72/><T64/><D112/><U36/><E118/><V97/><F97/><W120/><G76/><T66/><D73/><U25/><E1/><V95/><F80/><W135/><G29/><T83/><D66/><U82/><E126/><V27/><REACH who="2" step="1"/><F79/><REACH who="2" ten="225,175,247,333" step="2"/><W44/><G98/><T35/><D83/><U46/><E82/><V122/><F122/><W85/><G123/><T124/><D124/><U100/><E101/><V117/><F117/><W114/><G120/><T39/><D35/><U87/><E100/><V131/><F131/><W88/><G99/><T49/><D33/><U4/><E34/><V103/><F103/><W105/><G129/><T86/><D107/><U52/><E30/><V81/><F81/><W110/><G105/><T2/><D28/><U37/><E25/><V130/><F130/><W77/><G77/><T57/><D2/><U92/><E92/><V91/><F91/><W65/><G88/><T32/><D94/><U23/><E23/><V41/><F41/><W90/><G90/><T58/><D32/><U54/><E42/><V106/><F106/><W104/><G104/><T17/><D86/><U128/><E128/><V13/><F13/><W24/><G85/><T8/><D84/><U43/><E87/><V78/><F78/><W15/><G12/><T125/><D125/><U3/><E3/><V109/><F109/><W74/><G110/><T60/><D108/><U115/><E43/><V31/><F31/><W26/><G111/><RYUUKYOKU ba="1,2" sc="225,-10,175,-10,247,30,333,-10" hai2="16,20,27,55,59,68,71,89,95,96,132,133,134" /><INIT seed="2,2,2,0,2,68" ten="215,165,277,323" oya="2" hai0="29,48,80,34,113,82,87,61,70,85,116,10,133" hai1="111,18,123,124,54,37,109,8,66,24,49,110,60" hai2="89,127,107,62,78,64,14,86,71,134,92,132,27" hai3="128,6,32,16,119,3,100,79,22,9,44,75,5"/><V58/><F107/><W129/><G119/><T125/><D113/><U0/><E124/><V115/><F115/><W97/><G32/><T131/><D125/><U120/><E0/><V65/><F127/><W42/><G6/><T30/><D116/><U52/><E8/><V41/><F27/><W53/><G53/><T35/><D131/><N who="3" m="50249" /><G79/><T36/><D36/><U81/><E81/><N who="2" m="47415" /><F41/><W117/><G75/><T76/><D133/><N who="2" m="51306" /><F14/><N who="3" m="9495" /><G117/><T88/><D35/><U47/><E18/><V108/><F108/><W57/><G57/><T102/><D34/><U28/><E54/><N who="2" m="34135" /><F71/><W55/><G55/><T39/><D70/><N who="1" m="42311" /><E24/><V23/><F23/><W99/><G100/><T104/><D10/><U94/><E94/><V2/><F2/><W105/><G105/><T106/><D102/><U98/><E98/><AGARI ba="2,2" hai="64,65,89,92,98" m="34135,51306,47415" machi="98" ten="30,1500,0" yaku="20,1" doraHai="68" who="2" fromWho="1" sc="215,0,165,-21,277,41,323,0" /><INIT seed="2,3,0,3,1,43" ten="215,144,318,323" oya="2" hai0="35,122,20,8,81,113,92,13,76,86,115,79,41" hai1="28,4,30,42,29,60,119,67,99,93,127,32,133" hai2="54,134,112,68,109,116,16,18,56,103,78,124,128" hai3="100,59,95,77,39,31,91,7,55,12,37,10,26"/><V47/><F116/><W1/><G77/><T40/><D35/><U82/><E119/><V46/><F112/><W114/><G100/><T25/><D122/><U129/><E129/><V52/><F128/><W62/><G114/><T22/><D115/><U96/><E133/><V72/><F68/><W105/><G105/><T101/><D113/><U88/><E127/><V48/><F134/><W131/><G1/><T15/><D79/><U106/><E4/><V87/><F72/><W73/><G73/><T44/><D8/><U19/><E19/><N who="2" m="7211" /><F124/><W123/><G123/><T65/><D65/><U14/><E14/><N who="0" m="5129" /><D25/><N who="1" m="18447" /><E82/><N who="2" m="47575" /><F109/><W11/><G11/><T118/><D118/><U83/><E83/><V69/><F69/><W21/><REACH who="3" step="1"/><G131/><REACH who="3" ten="215,144,318,313" step="2"/><T64/><D76/><U27/><E106/><V75/><F75/><W63/><G63/><T3/><D3/><U104/><E104/><V66/><F103/><W89/><G89/><T53/><D101/><U125/><E125/><V6/><F6/><W74/><G74/><T57/><D64/><U126/><E126/><V120/><F120/><W2/><G2/><T17/><D17/><U110/><E67/><V58/><F66/><W61/><G61/><AGARI ba="3,1" hai="46,47,48,52,54,56,58,61" m="47575,7211" machi="61" ten="30,12000,1" yaku="8,1,52,2,54,2" doraHai="43" who="2" fromWho="3" sc="215,0,144,0,318,139,313,-129" /><INIT seed="2,4,0,3,3,97" ten="215,144,457,184" oya="2" hai0="93,77,134,73,82,120,3,109,17,105,111,10,101" hai1="0,115,130,129,67,118,91,22,47,61,124,95,102" hai2="88,63,103,85,8,99,96,6,127,68,94,87,55" hai3="26,4,38,14,46,9,44,49,108,90,58,33,36"/><V43/><F127/><W32/><G108/><N who="0" m="41547" /><D120/><U30/><E115/><V76/><F43/><W100/><G100/><T78/><D78/><U122/><E118/><V60/><F68/><W50/><G58/><T126/><D126/><U125/><E0/><V16/><F76/><W70/><G70/><T117/><D134/><U66/><E122/><V40/><F40/><W128/><G128/><N who="1" m="49258" /><E47/><V81/><F16/><W106/><G106/><T98/><D117/><U11/><E11/><V132/><F132/><W52/><G90/><T12/><D3/><U112/><E112/><V72/><F72/><W80/><G80/><T92/><AGARI ba="4,0" hai="10,12,17,73,77,82,92,93,98,101,105" m="41547" machi="92" ten="30,2000,0" yaku="14,1,52,1" doraHai="97" who="0" fromWho="0" sc="215,32,144,-9,457,-14,184,-9" /><INIT seed="3,0,0,3,0,11" ten="247,135,443,175" oya="3" hai0="102,124,91,36,115,43,121,39,76,122,27,19,123" hai1="56,99,128,86,112,61,22,64,81,54,45,4,17" hai2="97,66,35,23,16,80,25,42,101,65,5,1,30" hai3="38,109,79,62,94,70,41,126,104,58,14,63,9"/><W2/><G104/><T77/><D124/><U114/><E128/><V83/><F42/><W34/><G34/><T82/><D102/><U40/><E4/><V28/><F28/><W26/><G126/><T131/><D131/><U108/><E108/><V111/><F111/><W15/><G70/><T60/><D43/><U106/><E106/><V51/><F51/><W3/><G109/><T29/><D115/><U129/><E129/><V50/><F50/><W10/><G26/><T120/><D91/><U37/><E99/><V88/><F5/><W71/><G71/><T100/><D100/><U47/><E47/><V135/><F1/><W49/><G38/><T52/><D77/><U8/><E8/><N who="3" m="3178" /><G79/><T93/><D93/><U87/><E64/><V21/><F35/><W57/><G3/><T78/><D78/><U48/><E37/><V44/><F44/><N who="3" m="25743" /><G94/><T18/><D39/><U6/><E6/><V96/><F80/><W24/><G24/><T68/><D36/><U95/><E95/><N who="2" m="58559" /><F135/><W119/><G119/><T85/><D68/><U132/><E132/><V133/><F133/><W74/><G74/><T103/><D122/><U53/><E40/><V0/><F0/><W84/><G2/><T20/><D103/><U92/><E92/><N who="2" m="56327" /><F83/><W7/><G7/><T46/><D123/><U72/><E72/><V32/><F32/><W110/><G110/><T75/><D75/><U59/><E45/><V134/><F134/><W105/><G105/><T69/><D46/><U98/><E114/><V89/><F89/><W125/><G125/><T118/><D121/><U12/><E112/><RYUUKYOKU ba="0,0" sc="247,-10,135,-10,443,30,175,-10" hai2="16,21,23,25,30,65,66" /><INIT seed="4,1,0,4,5,24" ten="237,125,473,165" oya="0" hai0="87,40,6,45,73,106,123,119,102,75,48,131,116" hai1="104,4,129,126,130,79,76,124,108,82,59,17,68" hai2="132,112,90,15,117,23,127,72,25,95,67,120,12" hai3="110,46,111,92,54,35,78,64,37,31,71,109,51"/><T74/><D123/><U96/><E108/><V58/><F120/><W44/><G78/><T91/><D131/><N who="1" m="50187" /><E68/><V60/><F72/><W20/><G35/><T113/><D113/><U56/><E4/><V94/><F132/><W84/><G84/><T22/><D6/><U83/><E17/><V50/><F127/><N who="1" m="48681" /><E59/><V18/><F50/><W103/><G71/><T21/><D21/><U33/><E56/><V7/><F7/><W133/><G64/><T29/><D22/><U125/><E33/><V38/><F38/><W39/><G133/><T134/><D29/><U47/><E47/><V55/><F18/><W99/><REACH who="3" step="1"/><G46/><REACH who="3" ten="237,125,473,155" step="2"/><T0/><D134/><U97/><N who="1" m="48689" /><U63/><DORA hai="121" /><E63/><V80/><F60/><W77/><G77/><N who="1" m="29770" /><E104/><V30/><F58/><W118/><G118/><T34/><D106/><U10/><E10/><V32/><F117/><W70/><G70/><T11/><D45/><U27/><E27/><AGARI ba="1,1" hai="20,27,31,37,39,44,51,54,92,99,103,109,110,111" machi="27" ten="40,12000,2" yaku="1,1,52,4,53,2" doraHai="24,121" doraHaiUra="42,98" who="3" fromWho="1" sc="237,0,125,-123,473,0,155,133" /><INIT seed="5,0,0,5,5,114" ten="237,2,473,288" oya="1" hai0="135,60,30,107,117,119,18,98,122,76,29,21,55" hai1="103,133,78,69,36,38,88,91,19,8,5,49,65" hai2="15,46,129,100,0,43,68,80,27,121,105,70,134" hai3="83,89,73,87,130,101,75,10,59,28,61,132,64"/><U67/><E103/><V84/><F0/><W126/><G126/><T23/><D122/><U86/><E133/><V82/><F121/><W44/><G130/><T16/><D135/><U45/><E38/><V109/><F109/><W51/><G132/><T104/><D76/><U42/><E36/><V56/><F129/><W57/><G28/><T41/><D41/><U106/><E106/><V116/><F56/><W20/><G20/><T79/><D79/><U50/><E69/><V26/><F15/><W125/><G125/><T13/><D98/><U52/><E78/><V123/><F123/><W99/><G57/><T17/><D17/><U118/><E118/><V35/><F116/><W96/><G10/><T113/><D113/><U71/><E71/><V3/><F35/><W58/><G58/><T102/><D55/><U31/><E31/><V2/><F100/><W62/><G62/><T108/><D102/><U33/><E33/><V47/><F43/><W7/><G7/><T124/><D124/><U4/><E19/><V77/><F77/><W95/><G99/><T81/><D13/><N who="1" m="5255" /><E5/><V127/><F127/><W112/><G112/><T72/><D108/><U97/><E97/><V1/><F1/><W93/><G83/><T115/><D115/><U40/><E40/><AGARI ba="0,0" hai="40,44,51,59,61,64,73,75,87,89,93,95,96,101" machi="40" ten="30,1000,0" yaku="7,1" doraHai="114" who="3" fromWho="1" sc="237,0,2,-10,473,0,288,10" owari="237,-16.0,-8,-51.0,473,57.0,298,10.0" /></mjloggm>