<mjloggm ver="2.3"><GO type="169"/><UN n0="%EF%BC%88%E2%89%A7%E2%96%BD%E2%89%A6%EF%BC%89" n1="%E3%81%8F%E3%82%8B%E3%82%8B" n2="%E3%82%B9%E3%83%91%E3%83%BC%E3%82%AF%E3%82%B9" n3="%E3%82%AB%E3%83%84%E3%82%B2%E3%83%B3" dan="16,17,17,16" rate="2115,2113,2154,2085" sx="M,F,F,M"/><TAIKYOKU oya="0"/><INIT seed="0,0,0,2,4,9" ten="250,250,250,250" oya="0" hai0="55,1,2,97,44,45,61,71,46,36,14,3,120" hai1="110,67,118,133,53,0,121,99,19,58,52,86,37" hai2="8,83,78,123,111,11,57,25,22,20,126,60,79" hai3="62,64,84,125,106,101,39,42,119,102,92,108,7"/><T128/><D120/><U30/><E118/><V6/><F111/><W127/><G119/><T73/><D73/><U85/><E37/><V41/><F126/><N who="3" m="48139" /><G108/><T91/><D128/><U93/><E121/><V132/><F132/><W81/><G106/><T43/><D71/><U88/><E0/><V68/><F68/><W98/><G7/><T109/><D109/><U15/><E30/><V47/><F11/><W63/><G102/><T80/><D97/><U5/><E5/><V116/><F116/><W90/><G64/><T129/><D129/><U51/><E133/><V21/><F123/><W100/><G100/><T23/><D61/><N who="1" m="38327" /><E110/><V134/><F134/><W24/><G24/><T69/><D69/><U18/><E18/><V27/><F27/><W104/><G104/><T131/><D131/><U70/><E70/><V96/><F96/><W65/><G65/><T95/><D55/><N who="1" m="21067" /><E51/><N who="2" m="27119" /><F25/><W72/><G72/><T59/><D59/><U114/><E114/><V89/><F60/><W130/><G130/><T54/><D54/><U40/><E40/><V16/><F57/><W113/><G113/><T76/><D43/><U117/><E117/><V115/><F6/><W103/><G103/><T29/><D36/><U31/><E31/><V56/><F56/><W75/><G75/><N who="0" m="43039" /><D29/><U135/><E135/><V48/><F48/><W13/><G42/><T77/><D44/><U112/><E112/><V94/><F115/><W17/><G39/><T66/><D66/><U32/><E32/><V87/><F83/><W35/><G35/><T28/><D46/><U74/><E74/><V34/><F34/><RYUUKYOKU ba="0,0" sc="250,-30,250,10,250,10,250,10" hai1="15,19,85,86,88,93,99" hai2="8,16,20,21,22,78,79,87,89,94" hai3="13,17,62,63,81,84,90,92,98,101" /><INIT seed="1,1,0,2,3,16" ten="220,260,260,260" oya="1" hai0="17,51,62,133,46,112,114,117,59,30,26,83,10" hai1="115,104,70,22,119,24,106,110,99,43,47,54,105" hai2="66,80,108,37,44,53,40,79,21,135,102,93,75" hai3="94,19,63,134,92,4,113,11,120,55,0,77,1"/><U28/><E119/><V78/><F78/><W7/><G120/><T68/><D68/><U109/><E70/><V67/><F135/><W38/><G113/><T58/><D117/><U90/><E54/><V91/><F102/><W86/><G38/><T27/><D133/><U129/><E115/><V6/><F6/><W48/><G134/><T45/><D83/><U111/><E129/><V100/><F100/><W35/><G35/><T84/><D84/><U73/><E73/><V128/><F128/><W41/><G41/><T87/><D87/><U23/><E90/><V130/><F130/><W88/><G63/><T71/><D71/><U118/><E118/><V125/><F125/><W85/><G19/><T56/><D62/><U121/><E121/><V29/><F53/><W69/><G69/><T95/><D95/><U36/><E99/><V52/><F52/><W76/><G4/><T123/><D123/><U8/><E8/><V97/><REACH who="2" step="1"/><F108/><REACH who="2" ten="220,260,250,260" step="2"/><W96/><G0/><T14/><D46/><U89/><REACH who="1" step="1"/><E89/><REACH who="1" ten="220,250,250,260" step="2"/><V9/><F9/><W13/><G76/><T15/><D114/><U18/><E18/><V124/><F124/><W132/><G132/><T33/><D112/><U34/><AGARI ba="1,2" hai="22,23,24,28,34,36,43,47,104,105,106,109,110,111" machi="34" ten="40,18000,2" yaku="1,1,0,1,14,1,10,1,52,2,53,0" doraHai="16" doraHaiUra="82" who="1" fromWho="1" sc="220,-61,250,203,250,-61,260,-61" /><INIT seed="1,2,0,0,0,132" ten="159,453,189,199" oya="1" hai0="46,65,115,78,25,13,69,85,21,131,43,91,71" hai1="18,1,104,52,108,64,105,63,117,2,41,134,60" hai2="77,120,129,55,0,57,66,24,27,35,94,99,44" hai3="100,97,109,75,37,56,15,26,127,74,113,82,14"/><U47/><E117/><V101/><F120/><W86/><G113/><T29/><D115/><U59/><E134/><V11/><F129/><W135/><G37/><T79/><D131/><U96/><E18/><V42/><F66/><W16/><G135/><T62/><D13/><U133/><E133/><V58/><F35/><W3/><G3/><T5/><D5/><U54/><E108/><V107/><F77/><W53/><G14/><T12/><D12/><U36/><E54/><V83/><F83/><W20/><G26/><T84/><D84/><U68/><REACH who="1" step="1"/><E96/><REACH who="1" ten="159,443,189,199" step="2"/><V73/><F99/><W90/><G109/><T98/><D98/><U9/><E9/><V51/><F55/><W70/><G70/><T30/><D71/><U48/><E48/><V87/><F51/><W23/><G97/><T110/><D110/><U50/><E50/><V61/><F11/><W4/><G53/><T126/><D30/><U124/><E124/><V76/><F61/><W80/><G16/><T7/><D126/><U95/><E95/><V114/><F94/><W106/><G127/><T102/><D7/><U10/><E10/><V123/><F114/><W103/><G4/><T89/><D102/><U19/><E19/><V39/><F101/><W33/><G103/><T118/><D118/><U31/><E31/><V112/><F112/><W17/><G100/><T121/><D69/><U125/><E125/><V32/><F39/><W122/><G17/><T92/><D29/><U119/><E119/><V67/><F123/><W34/><G122/><T88/><D121/><U49/><E49/><V8/><F8/><RYUUKYOKU ba="2,1" sc="159,-10,443,30,189,-10,199,-10" hai1="1,2,36,41,47,52,59,60,63,64,68,104,105" /><INIT seed="1,3,1,1,1,117" ten="149,473,179,189" oya="1" hai0="28,38,33,26,103,88,31,134,119,91,101,39,18" hai1="61,62,80,3,58,59,16,107,132,128,22,36,79" hai2="15,55,25,45,126,85,30,115,93,95,105,76,49" hai3="50,42,9,69,11,47,77,12,10,135,40,92,123"/><U5/><E107/><V74/><F105/><W121/><G69/><T27/><D18/><U114/><E114/><V34/><F126/><W125/><G125/><T96/><D134/><U41/><E132/><V32/><F32/><W102/><G135/><T87/><D119/><U53/><E128/><V21/><F74/><W90/><G102/><T124/><D124/><U110/><E110/><V2/><F2/><W78/><G12/><T0/><D0/><U118/><E118/><V127/><F127/><W37/><G42/><T72/><D72/><U99/><E99/><V106/><F106/><W89/><G37/><T73/><D73/><U111/><E111/><V63/><F63/><W43/><G43/><T82/><D91/><U60/><E41/><V20/><F34/><W19/><G19/><T75/><D75/><U51/><E36/><V65/><F65/><W29/><G90/><T104/><REACH who="0" step="1"/><D103/><REACH who="0" ten="139,473,179,189" step="2"/><U48/><E3/><V81/><F115/><W23/><G78/><T100/><D100/><U68/><E79/><V4/><F30/><W86/><REACH who="3" step="1"/><G77/><REACH who="3" ten="139,473,179,179" step="2"/><T52/><D52/><N who="1" m="32031" /><E68/><V64/><F64/><W13/><G13/><T46/><D46/><U133/><E133/><V108/><F108/><W116/><G116/><T83/><D83/><U130/><E80/><V67/><F67/><W24/><AGARI ba="3,3" hai="9,10,11,23,24,29,40,47,50,86,89,92,121,123" machi="24" ten="30,12000,2" yaku="1,1,0,1,52,2,53,3" doraHai="117" doraHaiUra="7" who="3" fromWho="3" sc="139,-33,473,-63,179,-33,179,159" /><INIT seed="2,0,0,2,0,17" ten="106,410,146,338" oya="2" hai0="128,112,12,135,86,36,65,68,50,60,132,57,111" hai1="103,66,117,77,23,134,62,55,121,34,97,122,124" hai2="38,22,78,81,90,92,33,123,96,15,74,125,28" hai3="88,8,109,114,2,115,80,91,37,84,3,20,127"/><V58/><F123/><W116/><G37/><T98/><D112/><N who="3" m="43049" /><G116/><T102/><D36/><U83/><E34/><V69/><F69/><W25/><G109/><T18/><D111/><U67/><E117/><V63/><F38/><W0/><G127/><T129/><D86/><U64/><E124/><V70/><F70/><W93/><G8/><N who="0" m="6407" /><D50/><U53/><E62/><V105/><F33/><W59/><G59/><T108/><D68/><U119/><E119/><V95/><F125/><W43/><G43/><T71/><D71/><U44/><E122/><V99/><F105/><W130/><G130/><N who="0" m="50283" /><D108/><U40/><E40/><V41/><F41/><W126/><G126/><T82/><D82/><U29/><E83/><V16/><F28/><N who="3" m="17447" /><G93/><AGARI ba="0,0" hai="57,60,65,93,98,102,132,135" m="50283,6407" machi="93" ten="30,1000,0" yaku="19,1" doraHai="17" who="0" fromWho="3" sc="106,10,410,0,146,0,338,-10" /><INIT seed="3,0,0,2,4,56" ten="116,410,146,328" oya="3" hai0="53,110,51,13,119,14,87,36,114,112,117,72,21" hai1="16,26,130,35,1,57,108,104,29,96,62,9,54" hai2="95,43,32,15,64,105,85,69,24,123,3,8,102" hai3="128,31,73,82,97,75,0,4,28,79,129,27,88"/><W100/><G75/><T121/><D72/><U90/><E108/><V12/><F85/><W59/><G27/><T131/><D131/><N who="3" m="50249" /><G4/><T19/><D36/><U48/><E130/><V39/><F95/><N who="3" m="56551" /><G0/><T83/><D110/><U127/><E127/><V67/><F3/><W38/><G38/><T68/><D121/><U107/><E1/><V103/><F15/><W33/><G33/><T91/><D14/><U94/><E9/><V42/><F8/><W17/><G100/><T99/><D99/><U93/><E94/><V86/><F102/><W7/><G7/><T101/><D101/><U106/><REACH who="1" step="1"/><E16/><REACH who="1" ten="116,400,146,328" step="2"/><V45/><F123/><W37/><G17/><T41/><D19/><U63/><AGARI ba="0,1" hai="26,29,35,48,54,57,62,63,90,93,96,104,106,107" machi="63" ten="40,12000,2" yaku="1,1,2,1,0,1,52,2,53,1" doraHai="56" doraHaiUra="25" who="1" fromWho="1" sc="116,-30,400,130,146,-30,328,-60" /><INIT seed="4,0,0,2,3,31" ten="86,530,116,268" oya="0" hai0="119,132,97,22,75,59,52,42,118,8,65,64,36" hai1="20,101,115,130,35,57,17,113,90,89,87,117,71" hai2="102,12,99,5,121,38,15,34,78,16,77,88,105" hai3="69,133,67,23,24,33,125,106,82,84,39,129,96"/><T63/><D75/><U114/><E35/><V93/><F121/><W124/><G39/><T9/><D132/><U4/><E71/><V7/><F38/><W1/><G1/><T51/><D119/><U21/><E4/><V98/><F34/><W131/><G133/><T128/><D118/><U30/><E30/><V18/><F7/><W126/><G67/><N who="0" m="25675" /><D36/><U127/><E101/><V58/><F58/><W83/><G69/><T25/><D128/><N who="3" m="49225" /><G84/><T70/><D70/><U112/><E130/><V100/><F100/><N who="3" m="62727" /><G33/><T60/><D97/><U37/><E115/><V110/><F5/><W62/><G62/><N who="0" m="23595" /><D42/><U122/><E117/><V27/><F27/><W74/><G74/><T104/><D104/><U32/><E37/><V26/><F26/><W80/><G80/><T111/><D111/><U72/><E72/><V61/><F61/><W54/><G54/><T123/><D123/><U6/><E122/><V81/><F81/><W55/><G55/><T11/><D11/><U46/><E113/><V0/><F110/><W85/><G85/><T108/><D108/><U79/><E87/><V95/><F105/><W116/><G116/><T19/><AGARI ba="0,0" hai="8,9,19,22,25,51,52,59" m="23595,25675" machi="19" ten="30,3000,0" yaku="8,1,54,1" doraHai="31" who="0" fromWho="0" sc="86,30,530,-10,116,-10,268,-10" /><INIT seed="4,1,0,0,5,128" ten="116,520,106,258" oya="0" hai0="104,44,135,101,86,67,35,71,21,99,130,63,55" hai1="54,122,77,69,96,108,88,30,25,98,102,17,64" hai2="74,119,91,76,56,46,27,105,70,41,75,81,34" hai3="3,82,106,29,107,84,31,20,95,113,111,87,73"/><T112/><D130/><U134/><E108/><V83/><F70/><W79/><G3/><T62/><D112/><U52/><E77/><V48/><F105/><W13/><G111/><T58/><D35/><U117/><E117/><V124/><F124/><W32/><G32/><T4/><D4/><U90/><E17/><V60/><F119/><W5/><G113/><T120/><D120/><U129/><E122/><V14/><F14/><W92/><G5/><T11/><D11/><U110/><E110/><V39/><F39/><W61/><G61/><T9/><D9/><U72/><E72/><V15/><F15/><W85/><G13/><T24/><D86/><U131/><E129/><V100/><F100/><W109/><G109/><T26/><D135/><U53/><E102/><V123/><F123/><W6/><G6/><T50/><REACH who="0" step="1"/><D21/><REACH who="0" ten="106,520,106,258" step="2"/><U121/><E131/><V28/><F74/><W36/><G20/><T114/><D114/><U57/><E121/><V40/><F75/><W89/><G85/><T68/><D68/><U133/><E69/><V22/><F34/><W116/><G116/><T78/><D78/><U7/><E7/><V51/><F76/><W97/><G87/><T10/><D10/><U16/><E98/><V42/><F22/><W93/><G97/><T66/><AGARI ba="1,1" hai="24,26,44,50,55,58,62,63,66,67,71,99,101,104" machi="66" ten="20,12000,1" yaku="1,1,0,1,7,1,53,2" doraHai="128" doraHaiUra="59" who="0" fromWho="0" sc="106,133,520,-41,106,-41,258,-41" /><INIT seed="4,2,0,4,0,133" ten="239,479,65,217" oya="0" hai0="87,110,94,50,54,19,72,16,52,33,118,111,81" hai1="93,22,125,119,42,39,97,67,17,76,24,53,9" hai2="74,61,63,84,59,121,27,18,60,5,123,37,90" hai3="51,62,112,68,14,88,98,4,106,114,85,95,96"/><T91/><D33/><U40/><E119/><V77/><F37/><W11/><G51/><T21/><D118/><U116/><E67/><V43/><F43/><W92/><G106/><T26/><D19/><U15/><E76/><V46/><F46/><W79/><G79/><N who="0" m="44263" /><D50/><U83/><E83/><V107/><F107/><W55/><G68/><T34/><D34/><U127/><E53/><V132/><F77/><W38/><G38/><T3/><D3/><U47/><E42/><V20/><F74/><W104/><G62/><T131/><D131/><U49/><E49/><V124/><F132/><W80/><G55/><T8/><D8/><U86/><E116/><V32/><F32/><W48/><G48/><T56/><D56/><U44/><E47/><V102/><F59/><W25/><G25/><T10/><D10/><U73/><E24/><V101/><F5/><W30/><G30/><T108/><AGARI ba="2,0" hai="16,21,26,52,54,87,91,94,108,110,111" m="44263" machi="108" ten="30,6000,0" yaku="10,1,54,2" doraHai="133" who="0" fromWho="0" sc="239,66,479,-22,65,-22,217,-22" /><INIT seed="4,3,0,0,2,26" ten="305,457,43,195" oya="0" hai0="129,91,57,34,21,2,22,46,63,96,66,75,126" hai1="52,102,59,42,6,111,107,1,98,109,47,20,131" hai2="84,70,54,81,114,40,82,120,8,33,104,118,127" hai3="105,25,86,124,31,73,83,49,61,55,125,0,44"/><T80/><D2/><U32/><E32/><V101/><F54/><W18/><G105/><T130/><D126/><U43/><E131/><N who="0" m="50185" /><D34/><U51/><E42/><V88/><F8/><W74/><G0/><T93/><D46/><U79/><E79/><AGARI ba="3,0" hai="21,22,57,63,66,75,79,80,91,93,96" m="50185" machi="79" ten="30,1500,0" yaku="19,1" doraHai="26" who="0" fromWho="1" sc="305,24,457,-24,43,0,195,0" /><INIT seed="4,4,0,1,5,64" ten="329,433,43,195" oya="0" hai0="63,37,128,105,32,48,0,70,1,11,93,115,23" hai1="3,84,116,123,121,131,4,46,86,19,80,82,101" hai2="34,25,135,110,13,112,111,77,52,79,88,92,125" hai3="87,66,127,130,51,81,16,134,44,26,38,15,102"/><T99/><D48/><U41/><E116/><V18/><F112/><W98/><G38/><T120/><D23/><U56/><E101/><V30/><F135/><W91/><G134/><T36/><D93/><U35/><E35/><V122/><F122/><W9/><G130/><T108/><D108/><U39/><E131/><V73/><F125/><W65/><G127/><T69/><D128/><U76/><E19/><V126/><F126/><W117/><G26/><T53/><D53/><U42/><E41/><V104/><F104/><W43/><REACH who="3" step="1"/><G117/><REACH who="3" ten="329,433,43,185" step="2"/><T24/><D120/><U49/><E121/><V96/><F110/><W72/><G72/><T27/><D27/><U8/><E123/><V60/><F73/><W89/><G89/><T129/><D129/><U50/><E56/><V62/><F111/><W5/><G5/><N who="0" m="1447" /><D115/><U29/><E4/><V132/><F132/><W33/><G33/><T31/><D1/><U54/><E3/><V7/><F7/><W83/><G83/><T61/><D61/><U59/><E82/><V118/><F118/><W20/><G20/><T97/><D63/><U55/><E39/><N who="0" m="14921" /><D97/><U28/><E80/><V68/><F60/><W100/><G100/><AGARI ba="4,1" hai="24,31,32,69,70,99,100,105" m="14921,1447" machi="100" ten="30,11600,0" yaku="33,2,52,2" doraHai="64" who="0" fromWho="3" sc="329,138,433,0,43,0,185,-128" /><INIT seed="4,5,0,5,3,79" ten="467,433,43,57" oya="0" hai0="5,13,10,112,74,18,35,16,68,92,41,45,70" hai1="98,29,94,131,87,96,49,108,119,75,106,109,54" hai2="120,130,8,34,23,111,47,37,64,93,38,127,104" hai3="118,102,132,32,58,90,117,57,72,65,31,114,115"/><T97/><D74/><U40/><E75/><V135/><F93/><W81/><G102/><T95/><D35/><U103/><E119/><N who="3" m="45578" /><G31/><T39/><D112/><N who="3" m="43049" /><G32/><T11/><D95/><U43/><E131/><V66/><F111/><W28/><G28/><T42/><D42/><U100/><E29/><V44/><F104/><W71/><G132/><T63/><D63/><U21/><E21/><V86/><F23/><W6/><G6/><T53/><D53/><U77/><E108/><V128/><F34/><W48/><G48/><T122/><D122/><U2/><E109/><V51/><F8/><W61/><G90/><T82/><D18/><U62/><E62/><V84/><F135/><W76/><AGARI ba="5,0" hai="57,58,61,65,71,72,76,81" m="43049,45578" machi="76" ten="40,2700,0" yaku="15,1,52,1" doraHai="79" who="3" fromWho="3" sc="467,-18,433,-12,43,-12,57,42" /><INIT seed="5,0,0,5,1,58" ten="449,421,31,99" oya="1" hai0="17,111,110,2,92,39,109,24,31,128,4,8,60" hai1="70,33,55,122,102,94,98,79,76,49,63,135,50" hai2="15,85,88,1,22,105,45,130,64,117,114,28,59" hai3="119,0,41,48,125,36,134,44,46,37,99,96,56"/><U11/><E122/><V52/><F1/><W74/><G0/><T40/><D128/><U26/><E135/><V18/><F105/><W118/><G74/><T113/><D113/><U69/><E70/><V86/><F117/><N who="3" m="44555" /><G96/><T19/><D92/><U38/><E38/><V104/><F104/><W3/><G3/><T83/><D83/><U123/><E123/><V108/><F108/><W35/><G35/><T116/><D116/><U81/><E11/><V5/><F130/><W131/><G99/><T21/><D60/><U68/><E69/><V13/><F114/><W42/><G131/><T34/><D40/><U82/><E81/><N who="2" m="49199" /><F64/><W129/><G129/><T29/><D39/><U16/><E33/><V67/><F67/><W97/><G97/><T66/><D66/><U43/><E68/><V30/><F45/><N who="3" m="23727" /><G134/><T80/><D80/><U77/><E82/><V14/><F86/><W54/><G125/><T51/><D51/><U25/><E43/><V75/><F75/><W84/><G84/><T101/><D101/><U133/><E133/><V103/><F103/><W78/><G78/><T7/><D7/><U61/><E50/><N who="2" m="31127" /><F5/><W126/><G126/><T32/><D32/><U121/><E77/><V112/><F112/><W127/><G127/><T107/><D107/><U89/><E79/><V10/><F10/><W53/><G44/><T27/><AGARI ba="0,0" hai="2,4,8,17,19,21,24,27,29,31,34,109,110,111" machi="27" ten="40,8000,1" yaku="0,1,34,3" doraHai="58" who="0" fromWho="0" sc="449,80,421,-40,31,-20,99,-20" /><INIT seed="6,0,0,5,5,58" ten="529,381,11,79" oya="2" hai0="81,131,57,18,48,27,115,12,16,32,22,24,20" hai1="28,31,46,6,30,55,100,114,94,49,92,89,103" hai2="19,111,60,124,51,42,56,23,90,34,39,4,37" hai3="73,80,77,75,5,87,29,88,17,72,45,69,40"/><V123/><F123/><W52/><G29/><T102/><D131/><U79/><E114/><V99/><F34/><W3/><G69/><T84/><D32/><U59/><E6/><V117/><F117/><W127/><G127/><T33/><D33/><U107/><E107/><V133/><F4/><W125/><G125/><T65/><D102/><U15/><E79/><V1/><F1/><W7/><G7/><T78/><D115/><U43/><E15/><V63/><F124/><W47/><G17/><T121/><D121/><U67/><E67/><V61/><F133/><W98/><G98/><T26/><D65/><U104/><E104/><V11/><F11/><W126/><G126/><T135/><D135/><U119/><E119/><V9/><F9/><W14/><G14/><N who="0" m="9303" /><D57/><U71/><E71/><V35/><F35/><W66/><G66/><T25/><D25/><U83/><E100/><V53/><F111/><W132/><G132/><T95/><D48/><N who="1" m="26719" /><E103/><V50/><F50/><N who="3" m="28767" /><G5/><T113/><D113/><U68/><E68/><V110/><F110/><W118/><G3/><T62/><D95/><U134/><E134/><V130/><F130/><W122/><G122/><T2/><D2/><U21/><E21/><V106/><F42/><W105/><G105/><T44/><D44/><U93/><E94/><N who="2" m="56791" /><F106/><W54/><G118/><T76/><D76/><U0/><E0/><V112/><F112/><W128/><G128/><T13/><D13/><U96/><E93/><V82/><F82/><AGARI ba="0,0" hai="28,30,31,49,55,59,82,83,89,92,96" m="26719" machi="82" ten="30,1000,0" yaku="8,1" doraHai="58" who="1" fromWho="2" sc="529,0,381,10,11,-10,79,0" /><INIT seed="7,0,0,2,4,105" ten="529,391,1,79" oya="3" hai0="108,75,114,106,121,6,86,85,125,55,36,65,52" hai1="80,53,91,132,90,67,82,66,45,117,110,7,35" hai2="127,94,63,100,120,31,5,104,54,3,68,122,109" hai3="72,87,77,124,126,118,134,49,76,60,9,14,37"/><W32/><G32/><T4/><D36/><U131/><E35/><V43/><F94/><W93/><G37/><T18/><D18/><U39/><E110/><V51/><F54/><W34/><G34/><T38/><D65/><U116/><E39/><V92/><F51/><W113/><G118/><T62/><D55/><U46/><E53/><V50/><F92/><W8/><G60/><T22/><D62/><U41/><E131/><V98/><F50/><W129/><G129/><T103/><D52/><U1/><E132/><V70/><F43/><W59/><G134/><T17/><D17/><U30/><E1/><V40/><F40/><W2/><G59/><T79/><D6/><U88/><E41/><V0/><F109/><W12/><G2/><N who="2" m="553" /><F5/><W10/><G49/><T111/><D4/><U119/><E7/><V11/><F11/><W20/><G93/><T42/><D42/><U97/><E30/><V101/><F101/><W81/><G87/><T24/><D85/><U71/><E97/><V102/><F102/><W130/><G77/><T96/><D96/><U73/><E71/><N who="2" m="27179" /><F63/><W115/><G130/><T133/><D108/><U95/><E95/><V89/><F89/><W33/><G8/><T48/><D111/><U57/><E57/><V78/><F31/><W64/><G9/><T25/><D38/><U69/><E69/><V128/><F128/><W84/><G10/><T44/><D133/><U21/><E21/><V107/><F78/><W47/><G20/><T61/><D79/><N who="1" m="44143" /><E82/><V123/><F107/><W29/><G81/><T99/><D106/><U16/><E16/><RYUUKYOKU ba="0,0" sc="529,-15,391,15,1,15,79,-15" hai1="45,46,66,67,88,90,91,116,117,119" hai2="98,100,104,120,122,123,127" owari="514,61.0,406,21.0,16,-48.0,64,-34.0" /></mjloggm>