<mjloggm ver="2.3"><GO type="41"/><UN n0="%E3%82%A6%E3%83%AB%E3%83%88%E3%83%A9%E7%AB%8B%E7%9B%B4" n1="%77%6A%6B%37%67%74%67" n2="%6B%65%6E%6D%75" n3="%E3%81%AD%E3%82%8A%E3%82%B4%E3%83%9E" dan="15,13,14,15" rate="2038,1828,1900,1958" sx="M,M,M,M"/><TAIKYOKU oya="0"/><INIT seed="0,0,0,0,5,19" ten="250,250,250,250" oya="0" hai0="61,22,107,57,113,42,101,68,56,65,17,34,121" hai1="133,130,5,43,62,79,9,30,18,126,59,131,125" hai2="95,100,69,60,32,129,33,97,119,24,44,31,37" hai3="73,104,54,88,82,55,117,6,118,20,114,105,46"/><T86/><D34/><U94/><E43/><V132/><F129/><N who="1" m="49161" /><E79/><V35/><F132/><W84/><G114/><T91/><D121/><U25/><E94/><V58/><F119/><W90/><G6/><T8/><D113/><U1/><E59/><V4/><F4/><W74/><G46/><T64/><D8/><U63/><E63/><V110/><F69/><W51/><G51/><T81/><D42/><U0/><E62/><V38/><F110/><W115/><G115/><T39/><D39/><U52/><E52/><V67/><REACH who="2" step="1"/><F44/><REACH who="2" ten="250,250,240,250" step="2"/><W83/><REACH who="3" step="1"/><G84/><REACH who="3" ten="250,250,240,240" step="2"/><T11/><D11/><U128/><E128/><V29/><F29/><W2/><G2/><T48/><D48/><U28/><E0/><V16/><F16/><W27/><G27/><T3/><D3/><U106/><E133/><V78/><F78/><W92/><G92/><T109/><D109/><U13/><E106/><V134/><F134/><W111/><G111/><T89/><D107/><U12/><E1/><V15/><F15/><W10/><G10/><T87/><D87/><U123/><E123/><V116/><F116/><W7/><G7/><T36/><D86/><U80/><E30/><V75/><F75/><W70/><G70/><T85/><D68/><U26/><E28/><V112/><F112/><W76/><G76/><T99/><D85/><U77/><E13/><V50/><F50/><W14/><G14/><N who="0" m="9527" /><D81/><U66/><E5/><V53/><F53/><W47/><G47/><T93/><D36/><AGARI ba="0,2" hai="24,31,32,33,35,36,37,38,58,60,67,95,97,100" machi="36" ten="40,8000,1" yaku="1,1,53,3" doraHai="19" doraHaiUra="71" who="2" fromWho="0" sc="250,-80,250,0,240,100,240,0" /><INIT seed="1,0,0,1,1,129" ten="170,250,340,240" oya="1" hai0="34,24,40,11,21,85,33,17,15,51,27,59,23" hai1="67,111,19,73,87,58,3,92,126,125,109,41,53" hai2="47,10,69,84,83,108,103,52,9,81,123,13,43" hai3="127,20,1,122,128,6,77,45,65,74,60,89,91"/><U62/><E3/><V2/><F123/><W36/><G122/><T86/><D59/><U68/><E73/><V82/><F69/><W100/><G128/><T72/><D72/><U121/><E19/><V26/><F108/><N who="1" m="41545" /><E121/><V102/><F84/><W38/><G127/><N who="1" m="48650" /><E92/><V22/><F52/><W112/><G1/><T54/><D40/><U94/><E94/><V98/><F98/><W110/><G110/><T80/><D86/><U66/><E87/><V46/><F2/><W118/><G74/><T57/><D85/><U56/><E41/><V106/><F106/><W0/><G0/><T130/><D130/><U28/><E28/><V48/><F47/><W120/><G120/><T37/><D80/><U105/><E105/><V79/><F79/><W18/><G45/><T55/><D17/><U115/><E115/><V42/><F42/><W132/><G18/><T88/><D88/><U8/><E8/><N who="2" m="3179" /><F13/><W64/><G77/><T133/><D15/><U97/><E97/><V104/><F104/><W39/><G89/><T96/><D96/><U29/><E29/><AGARI ba="0,0" hai="22,26,29,43,46,48,81,82,83,102,103" m="3179" machi="29" ten="30,1000,0" yaku="8,1" doraHai="129" who="2" fromWho="1" sc="170,0,250,-10,340,10,240,0" /><INIT seed="2,0,0,4,2,98" ten="170,240,350,240" oya="2" hai0="4,100,105,47,123,49,46,28,130,129,35,42,125" hai1="88,68,114,20,83,62,30,86,134,57,115,59,73" hai2="67,124,91,52,131,45,74,39,3,135,23,54,92" hai3="11,56,6,2,12,128,94,17,16,133,120,31,33"/><V58/><F3/><W87/><G120/><T80/><D123/><U84/><E73/><V122/><F74/><W5/><G128/><N who="0" m="49259" /><D28/><U108/><E134/><V53/><F122/><W93/><G133/><T61/><D35/><U110/><E68/><V78/><F135/><W97/><G6/><T26/><D26/><N who="1" m="16711" /><E86/><V36/><F131/><W64/><G2/><T113/><D113/><U117/><E117/><V71/><F78/><W55/><G64/><T111/><D4/><U19/><E19/><V24/><F71/><W77/><G31/><T10/><D10/><U18/><E18/><V44/><F39/><W40/><G40/><T72/><D125/><U102/><E102/><V8/><F36/><W89/><G77/><T96/><D61/><U101/><E101/><V85/><F8/><W63/><G33/><T15/><D15/><U126/><E126/><V25/><F124/><W65/><REACH who="3" step="1"/><G65/><REACH who="3" ten="170,240,350,230" step="2"/><T29/><D29/><U118/><E115/><V75/><F75/><W41/><G41/><T43/><D72/><U34/><E114/><V76/><F76/><W109/><G109/><T13/><D111/><U60/><E34/><V51/><F67/><W116/><G116/><T70/><D70/><U0/><E118/><V81/><F44/><W119/><G119/><T107/><D46/><U82/><E0/><V69/><F69/><W27/><G27/><T103/><D42/><U7/><E108/><V50/><F25/><W90/><AGARI ba="0,1" hai="5,11,12,16,17,55,56,63,87,89,90,93,94,97" machi="90" ten="20,12000,2" yaku="1,1,0,1,7,1,8,1,54,1,53,1" doraHai="98" doraHaiUra="48" who="3" fromWho="3" sc="170,-30,240,-30,350,-60,230,130" /><INIT seed="3,0,0,1,4,106" ten="140,210,290,360" oya="3" hai0="121,17,64,39,92,21,91,108,107,24,31,82,6" hai1="61,41,122,63,29,43,5,110,23,66,75,109,116" hai2="59,80,133,95,40,76,46,70,9,129,128,16,97" hai3="22,54,120,131,44,78,42,7,112,127,32,126,115"/><W71/><G120/><T25/><D39/><U77/><E122/><V102/><F70/><W50/><G32/><T1/><D107/><U85/><E85/><V11/><F59/><W74/><G7/><T72/><D121/><U14/><E5/><V123/><F123/><W101/><G101/><T55/><D64/><U3/><E3/><V118/><F118/><W18/><G71/><T48/><D108/><U38/><E116/><V113/><F113/><W69/><G69/><T67/><D67/><U10/><E10/><V68/><F68/><W34/><G34/><T33/><D6/><U103/><E103/><V37/><F133/><W93/><G93/><T2/><D82/><U26/><E14/><V53/><F53/><W65/><G65/><T0/><D72/><U88/><E38/><V125/><F125/><N who="3" m="47627" /><G131/><N who="2" m="50249" /><F16/><W19/><G42/><T124/><D124/><U114/><E43/><V13/><F13/><N who="3" m="9551" /><G19/><T134/><D134/><U89/><E41/><V117/><F117/><W86/><G86/><AGARI ba="0,0" hai="9,11,37,40,46,76,80,86,95,97,102" m="50249" machi="86" ten="30,1000,0" yaku="19,1" doraHai="106" who="2" fromWho="3" sc="140,0,210,0,290,10,360,-10" /><INIT seed="4,0,0,1,4,17" ten="140,210,300,350" oya="0" hai0="44,32,67,74,37,65,100,104,39,59,69,2,92" hai1="118,101,11,26,58,102,87,38,63,120,110,114,83" hai2="8,5,24,54,111,3,66,48,4,133,128,35,60" hai3="97,91,112,82,0,10,77,96,85,22,36,89,95"/><T56/><D74/><U108/><E110/><V43/><F111/><W57/><G36/><N who="0" m="13899" /><D2/><U16/><E38/><V68/><F133/><W23/><G112/><T78/><D92/><U20/><E114/><V94/><F128/><W64/><G0/><T121/><D78/><N who="1" m="46583" /><E108/><V107/><F43/><W13/><G64/><N who="0" m="24651" /><D32/><U40/><E118/><V21/><F107/><W80/><G57/><N who="0" m="22091" /><D100/><U61/><E120/><V116/><F116/><W76/><G96/><T19/><D104/><U50/><E11/><V1/><F35/><W29/><G29/><T105/><D105/><U27/><E27/><V15/><F94/><W51/><G80/><T84/><D121/><U132/><E132/><V55/><F5/><N who="3" m="3279" /><G77/><T113/><D113/><U42/><E101/><V115/><F115/><W88/><G95/><T125/><D84/><U93/><E93/><V134/><F134/><W122/><G122/><T106/><D106/><U131/><E102/><V45/><F55/><W34/><G97/><T73/><D73/><U119/><E119/><V109/><F109/><W46/><G34/><T28/><D28/><AGARI ba="0,0" hai="1,3,4,8,15,21,24,28,45,48,54,60,66,68" machi="28" ten="30,2000,0" yaku="7,1,52,1" doraHai="17" who="2" fromWho="0" sc="140,-20,210,0,300,20,350,0" /><INIT seed="5,0,0,5,0,54" ten="120,210,320,350" oya="1" hai0="118,103,85,14,31,135,22,43,107,37,46,15,16" hai1="68,52,5,28,87,3,111,30,98,40,39,69,133" hai2="1,51,119,65,117,90,109,62,32,128,4,29,45" hai3="18,21,89,76,12,19,25,78,71,42,60,81,134"/><U24/><E111/><V93/><F109/><W101/><G134/><T23/><D118/><U115/><E115/><V80/><F128/><W77/><G101/><T63/><D135/><U61/><E98/><V70/><F32/><W79/><G42/><T82/><D103/><U95/><E95/><V75/><F29/><W113/><G113/><T64/><D107/><U112/><E112/><V58/><F70/><W110/><G110/><T102/><D102/><U67/><E133/><V131/><F4/><W121/><G121/><T116/><D116/><U10/><E87/><V35/><F1/><W94/><G71/><T7/><D31/><U66/><E67/><V123/><F35/><W48/><G48/><T53/><D53/><U88/><E88/><V50/><F131/><W8/><G60/><T130/><D130/><U106/><E106/><V120/><F51/><W83/><N who="3" m="19456" /><DORA hai="92" /><W96/><AGARI ba="0,0" hai="8,12,18,19,21,25,81,83,89,94,96" m="19456" machi="96" ten="40,8000,1" yaku="4,1,0,1,8,1,52,1" doraHai="54,92" who="3" fromWho="3" sc="120,-20,210,-40,320,-20,350,80" /><INIT seed="6,0,0,4,3,125" ten="100,170,300,430" oya="2" hai0="13,122,59,46,58,66,67,12,61,134,16,18,116" hai1="49,81,8,64,103,128,83,76,10,74,2,41,3" hai2="26,32,73,117,133,40,6,75,15,112,60,72,79" hai3="120,88,108,129,77,38,25,104,23,30,69,111,105"/><V53/><F117/><W114/><G38/><T11/><D122/><U45/><E64/><V7/><F79/><W80/><G69/><T99/><D116/><U37/><E103/><V29/><F40/><W118/><G118/><T35/><D35/><U89/><E128/><V127/><F127/><W42/><G120/><T71/><D134/><U93/><E83/><V135/><F112/><W65/><G129/><T22/><D46/><U123/><E123/><V55/><F15/><W19/><G65/><T110/><D110/><U4/><E10/><V95/><F95/><W70/><G70/><T106/><REACH who="0" step="1"/><D67/><REACH who="0" ten="90,170,300,430" step="2"/><U101/><E101/><AGARI ba="0,1" hai="11,12,13,16,18,22,58,59,61,66,71,99,101,106" machi="101" ten="40,8000,1" yaku="1,1,2,1,54,1,53,1" doraHai="125" doraHaiUra="96" who="0" fromWho="1" sc="90,90,170,-80,300,0,430,0" /><INIT seed="7,0,0,0,3,91" ten="180,90,300,430" oya="3" hai0="71,103,94,18,84,97,14,43,54,102,110,85,68" hai1="119,41,66,28,129,63,62,114,101,40,44,128,34" hai2="32,113,107,95,48,49,61,24,104,27,112,29,55" hai3="116,132,121,65,106,46,74,79,93,80,12,47,75"/><W120/><G65/><T117/><D43/><N who="1" m="16459" /><E34/><V73/><F73/><W31/><G12/><T4/><D4/><U1/><E28/><V33/><F61/><N who="1" m="23049" /><E1/><V82/><F82/><W124/><G124/><T108/><D18/><U105/><E101/><V30/><REACH who="2" step="1"/><F55/><REACH who="2" ten="180,90,290,430" step="2"/><W72/><G80/><T20/><D108/><U0/><E105/><V25/><F25/><W39/><G75/><T60/><D110/><U5/><E0/><V90/><F90/><W36/><G72/><T115/><D102/><U57/><E5/><V51/><F51/><W10/><G74/><T122/><D103/><U126/><E126/><V98/><F98/><W87/><G39/><T53/><D97/><U42/><E119/><V11/><F11/><W38/><G36/><T52/><D117/><U64/><E114/><V23/><F23/><W3/><G10/><T88/><D115/><U118/><N who="1" m="16467" /><U131/><DORA hai="21" /><E118/><V127/><F127/><W69/><G38/><T89/><D20/><U6/><E6/><V26/><F26/><W37/><G37/><T123/><D14/><U133/><E133/><V8/><F8/><W70/><G132/><T67/><REACH who="0" step="1"/><D68/><REACH who="0" ten="170,90,290,430" step="2"/><U7/><E7/><V109/><F109/><W16/><G70/><T83/><AGARI ba="0,2" hai="52,53,54,60,67,71,83,84,85,88,89,94,122,123" machi="83" ten="30,12000,2" yaku="1,1,2,1,0,1,52,1,54,2,53,1" doraHai="91,21" doraHaiUra="9,78" who="0" fromWho="0" sc="170,140,90,-30,290,-30,430,-60" owari="310,11.0,60,-44.0,260,-14.0,370,47.0" /></mjloggm>