<mjloggm ver="2.3"><GO type="169" lobby="0"/><UN n0="%E3%81%AD%E3%82%8A%E3%82%B4%E3%83%9E" n1="%EF%BC%88%E2%89%A7%E2%96%BD%E2%89%A6%EF%BC%89" n2="%E3%83%87%E3%82%B8%E3%82%BF%E3%83%AB%E4%BB%99%E4%BA%BA" n3="%E7%81%BC%E7%9C%BC%E3%81%AE%E3%82%B7%E3%83%A3%E3%83%8A%E3%82%BF%E3%83%B3" dan="16,17,19,16" rate="2103.92,2158.36,2267.03,2183.37" sx="M,M,F,F"/><TAIKYOKU oya="0"/><INIT seed="0,0,0,1,4,45" ten="250,250,250,250" oya="0" hai0="83,2,119,11,24,28,39,108,135,4,57,29,49" hai1="133,130,91,69,12,26,44,85,13,103,5,106,94" hai2="104,20,105,131,132,18,114,124,21,134,65,77,129" hai3="113,125,27,101,16,14,52,81,123,46,121,122,53"/><T35/><D119/><U66/><E133/><N who="2" m="51307" /><F114/><W30/><G113/><T109/><D135/><U78/><E130/><N who="2" m="49675" /><F77/><W95/><G125/><T41/><D39/><U62/><E78/><V32/><F32/><N who="3" m="20575" /><G81/><T54/><D41/><U79/><E79/><V10/><F65/><W43/><G95/><T68/><D29/><U117/><E117/><V102/><F102/><W96/><G96/><T15/><D68/><U8/><E26/><V72/><F72/><W3/><G3/><T22/><D83/><U58/><E69/><V126/><F10/><N who="3" m="6231" /><G101/><T82/><D82/><U19/><E103/><V116/><F116/><W112/><G112/><T107/><D107/><N who="2" m="41034" /><F18/><AGARI ba="0,0" hai="2,4,11,15,18,22,24,28,35,49,54,57,108,109" machi="18" ten="40,7700,0" yaku="24,2,52,1" doraHai="45" who="0" fromWho="2" sc="250,77,250,0,250,-77,250,0" /><INIT seed="0,1,0,0,5,2" ten="327,250,173,250" oya="0" hai0="124,0,64,11,12,126,7,95,19,53,101,48,71" hai1="41,103,134,34,122,68,60,130,23,61,111,118,4" hai2="44,20,65,26,54,47,76,25,90,14,84,66,46" hai3="125,87,99,123,9,58,1,80,121,105,28,30,35"/><T135/><D135/><U128/><E34/><V132/><F132/><W110/><G110/><T78/><D78/><U115/><E122/><V88/><F76/><W10/><G125/><N who="0" m="48235" /><D64/><N who="2" m="24682" /><F54/><W114/><G114/><T94/><D101/><U93/><E68/><V50/><F50/><W24/><G30/><T100/><D100/><U97/><E111/><V112/><F112/><W56/><G105/><T63/><D63/><U70/><E70/><V45/><F90/><N who="3" m="51559" /><G99/><T82/><D82/><U59/><E115/><V32/><F32/><W57/><G1/><T106/><D106/><U62/><E134/><V96/><F96/><W108/><G108/><T127/><N who="0" m="48243" /><T98/><DORA hai="91" /><D98/><U55/><E97/><V119/><N who="2" m="11264" /><DORA hai="18" /><V72/><F72/><W69/><G69/><T117/><D117/><U109/><E118/><V131/><F119/><W38/><G38/><T77/><D77/><U22/><E109/><V37/><F37/><W15/><G58/><N who="0" m="33063" /><D71/><U89/><E103/><V8/><F88/><W52/><G123/><T31/><D31/><U116/><E89/><V73/><F73/><W16/><G28/><T13/><D0/><U129/><E116/><V83/><F83/><W21/><G121/><T85/><D85/><U75/><E75/><V113/><F84/><W92/><G57/><T5/><D5/><U42/><E4/><V51/><F113/><W86/><G86/><T6/><D6/><U3/><E3/><V36/><F36/><W49/><G56/><T79/><D79/><U17/><E59/><V27/><F51/><W29/><G49/><T102/><D102/><RYUUKYOKU ba="1,0" sc="327,30,250,-10,173,-10,250,-10" hai0="7,11,12,13,19,94,95" /><INIT seed="0,2,0,1,1,21" ten="357,240,163,240" oya="0" hai0="99,37,5,63,109,75,11,125,42,124,30,135,6" hai1="127,17,13,53,1,87,3,73,57,105,112,61,81" hai2="103,58,70,113,131,15,84,71,44,36,126,38,29" hai3="89,106,28,25,86,91,35,19,55,33,101,4,129"/><T43/><D75/><U128/><E128/><V134/><F113/><W92/><G129/><T117/><D117/><U94/><E105/><V107/><F131/><W31/><G4/><T96/><D63/><U59/><E112/><V83/><F29/><W66/><G66/><T46/><D135/><U56/><E127/><N who="0" m="48713" /><D30/><U64/><E73/><V82/><F126/><W77/><G19/><T41/><D46/><U9/><E94/><V132/><F58/><W97/><G55/><T50/><D50/><U34/><E34/><V115/><F115/><W85/><G77/><T16/><D37/><U90/><REACH who="1" step="1"/><E57/><REACH who="1" ten="357,230,163,240" step="2"/><V40/><F132/><W7/><G106/><T116/><D116/><U111/><E111/><V12/><F134/><W78/><G35/><T72/><D72/><U67/><E67/><V10/><F107/><W0/><G33/><T48/><D109/><U79/><E79/><V104/><F104/><W74/><G78/><T123/><D123/><U8/><E8/><V108/><F10/><W102/><G74/><T68/><D68/><U20/><E20/><V120/><F71/><W88/><G92/><T110/><D110/><U93/><E93/><V62/><F70/><W65/><G65/><T60/><D11/><U26/><E26/><V2/><F120/><W51/><G25/><T14/><D14/><U100/><E100/><V122/><F15/><W80/><G101/><T23/><D23/><U76/><E76/><V95/><F103/><W133/><G102/><T69/><D69/><U24/><E24/><V32/><F108/><W54/><G133/><T22/><D22/><RYUUKYOKU ba="2,1" sc="357,-10,230,30,163,-10,240,-10" hai1="1,3,9,13,17,53,56,59,61,64,81,87,90" /><INIT seed="1,3,1,0,3,128" ten="347,260,153,230" oya="1" hai0="108,72,123,35,47,31,56,44,2,104,116,112,129" hai1="121,4,131,15,118,11,26,59,62,17,82,57,87" hai2="127,30,0,12,91,103,40,14,97,90,64,84,55" hai3="48,73,3,126,52,41,102,70,85,77,132,8,65"/><U95/><E121/><V9/><F127/><W42/><G73/><T49/><RYUUKYOKU type="yao9" ba="3,1" sc="347,0,260,0,153,0,230,0" hai0="2,31,35,44,47,49,56,72,104,108,112,116,123,129" /><INIT seed="1,4,1,3,5,73" ten="347,260,153,230" oya="1" hai0="121,50,76,58,112,66,38,62,91,57,113,102,60" hai1="77,48,95,51,105,80,81,40,109,7,98,84,49" hai2="31,24,108,21,63,8,5,90,71,79,29,3,16" hai3="59,103,101,124,92,118,6,93,123,115,78,70,114"/><U61/><E105/><V19/><F108/><W0/><G70/><N who="0" m="42311" /><D102/><N who="1" m="60767" /><E109/><V18/><F90/><W4/><G59/><T119/><D76/><N who="1" m="46087" /><E81/><V36/><BYE who="1" /><F36/><W96/><G123/><T72/><D91/><UN n1="%EF%BC%88%E2%89%A7%E2%96%BD%E2%89%A6%EF%BC%89" /><U28/><E28/><V15/><F79/><W129/><G78/><T64/><D72/><U45/><E77/><V89/><F89/><W12/><G12/><T52/><D121/><U97/><E97/><V117/><F63/><W43/><G43/><T33/><D33/><U20/><E20/><N who="2" m="13319" /><F71/><W13/><G13/><T116/><D38/><U88/><E7/><V133/><F133/><W54/><G118/><AGARI ba="4,1" hai="50,52,57,58,62,64,112,113,116,118,119" m="42311" machi="118" ten="30,3900,0" yaku="34,2,54,1" doraHai="73" who="0" fromWho="3" sc="347,61,260,0,153,0,230,-51" /><INIT seed="2,0,0,3,5,40" ten="408,260,153,179" oya="2" hai0="86,67,34,106,121,87,8,124,130,122,2,58,108" hai1="63,29,135,81,92,112,73,39,88,100,104,15,41" hai2="114,53,77,117,60,32,27,24,101,98,19,118,30" hai3="1,71,0,42,89,7,65,91,123,17,31,62,126"/><V44/><F114/><W47/><G123/><T97/><D34/><U21/><E112/><V28/><F77/><W82/><G126/><T113/><D113/><U96/><E135/><V46/><F19/><W18/><G31/><T95/><D106/><U13/><E63/><V50/><F60/><W127/><G127/><T111/><D124/><U10/><E29/><V49/><F98/><W78/><G18/><T6/><D58/><U54/><E54/><V35/><F101/><W72/><G17/><T68/><D67/><U38/><E21/><V11/><F11/><W14/><G14/><T120/><D130/><U66/><E66/><V5/><F5/><W45/><G45/><T3/><D68/><U52/><E15/><V110/><F110/><N who="0" m="42026" /><D3/><U37/><E13/><V129/><F129/><W16/><G16/><T33/><D33/><U75/><E10/><V36/><F36/><W128/><G128/><T85/><D120/><U107/><E100/><AGARI ba="0,0" hai="2,6,8,85,86,87,95,97,100,121,122" m="42026" machi="100" ten="30,1000,0" yaku="14,1" doraHai="40" who="0" fromWho="1" sc="408,10,260,-10,153,0,179,0" /><INIT seed="3,0,0,4,0,15" ten="418,250,153,179" oya="3" hai0="85,77,9,100,33,90,59,52,31,21,42,36,95" hai1="39,106,17,93,114,45,41,46,50,91,53,2,75" hai2="11,7,47,24,6,30,12,76,112,20,68,25,131" hai3="5,28,89,132,128,32,48,64,55,73,62,40,8"/><W61/><G73/><T135/><D135/><U99/><E114/><V27/><F68/><W14/><G132/><T4/><D33/><U115/><E115/><V58/><F112/><W16/><G128/><T44/><D100/><U69/><E69/><V129/><F76/><W49/><G40/><T101/><D101/><U78/><E2/><V94/><F47/><W103/><G103/><T87/><D77/><U43/><E106/><V98/><F58/><W57/><G5/><N who="2" m="1545" /><F94/><W65/><G89/><T79/><D79/><U13/><E41/><V134/><F98/><W105/><G105/><T109/><D109/><U107/><E107/><V118/><F118/><W124/><G124/><T54/><D85/><U82/><E39/><V35/><F134/><W80/><G80/><T70/><D70/><U97/><E43/><V116/><F116/><W22/><G32/><T56/><D59/><U10/><REACH who="1" step="1"/><E46/><REACH who="1" ten="418,240,153,179" step="2"/><V122/><F129/><W127/><G127/><T123/><D42/><U113/><E113/><V19/><F131/><W121/><G121/><T102/><D123/><U63/><E63/><N who="3" m="24074" /><G49/><T0/><D0/><U104/><E104/><V92/><F122/><W130/><G130/><T66/><D36/><U29/><E29/><N who="2" m="17543" /><F92/><W51/><G51/><T1/><D95/><U38/><E38/><V120/><F120/><W3/><G3/><T108/><D1/><U71/><E71/><V83/><F83/><W133/><G133/><T88/><D44/><U86/><AGARI ba="0,1" hai="10,13,17,45,50,53,75,78,82,86,91,93,97,99" machi="86" ten="20,5200,0" yaku="1,1,0,1,7,1,52,1,53,0" doraHai="15" doraHaiUra="111" who="1" fromWho="1" sc="418,-13,240,62,153,-13,179,-26" /><INIT seed="4,0,0,5,1,91" ten="405,302,140,153" oya="0" hai0="129,70,76,52,47,42,62,127,72,66,55,101,110" hai1="18,63,107,106,4,123,59,121,84,115,64,45,38" hai2="30,117,40,132,113,120,105,12,68,32,104,58,44" hai3="7,15,75,122,133,131,31,22,39,51,0,114,100"/><T37/><D101/><U57/><E4/><V56/><F68/><W17/><G39/><T111/><D76/><U103/><E115/><V116/><F113/><W3/><G75/><T36/><D72/><U126/><E126/><V102/><F120/><W99/><G114/><T24/><D24/><U6/><E6/><V94/><F12/><W20/><G122/><T29/><D29/><U61/><E18/><V78/><F78/><W50/><G133/><T128/><D36/><U95/><E45/><V109/><F109/><N who="0" m="41482" /><D127/><U67/><E38/><V35/><F132/><W26/><G131/><AGARI ba="0,0" hai="37,42,47,52,55,62,66,70,128,129,131" m="41482" machi="131" ten="30,12000,1" yaku="19,1,10,1,34,2,54,1" doraHai="91" who="0" fromWho="3" sc="405,120,302,0,140,0,153,-120" /><INIT seed="4,1,0,3,0,33" ten="525,302,140,33" oya="0" hai0="10,129,17,56,5,58,13,20,93,116,1,34,53" hai1="85,103,18,96,2,86,97,99,123,11,98,52,12" hai2="6,36,67,78,112,42,119,31,25,72,22,49,29" hai3="43,61,48,64,88,125,111,109,133,35,45,77,59"/><T94/><D116/><U50/><E123/><V55/><F119/><W120/><G35/><T76/><D76/><U114/><E114/><V41/><F112/><W44/><G77/><T87/><D129/><U28/><E28/><V134/><F36/><W3/><G120/><T4/><D34/><U106/><REACH who="1" step="1"/><E2/><REACH who="1" ten="525,292,140,33" step="2"/><V84/><F31/><W63/><G3/><T14/><D1/><U128/><E128/><V71/><F29/><W92/><G111/><T26/><D87/><U16/><E16/><V90/><F84/><W108/><G108/><T15/><D5/><U60/><E60/><V79/><F6/><W65/><G109/><T89/><D4/><U54/><E54/><V21/><F55/><W74/><G74/><T102/><D53/><U8/><E8/><V47/><F72/><W68/><G61/><T95/><D10/><U107/><E107/><V73/><F73/><W30/><G30/><T70/><D17/><U117/><E117/><V82/><F41/><W105/><G105/><T62/><D62/><U80/><E80/><V115/><F82/><W118/><G118/><T101/><D13/><U23/><E23/><V32/><F22/><W124/><G43/><T69/><D20/><U37/><E37/><V135/><F21/><W7/><G7/><T24/><D94/><U132/><E132/><V83/><F134/><W113/><G133/><T46/><D93/><U66/><E66/><V38/><F32/><W91/><G113/><T0/><D95/><U19/><E19/><V104/><F135/><W100/><G65/><T81/><D81/><U130/><E130/><RYUUKYOKU ba="1,1" sc="525,-10,292,30,140,-10,33,-10" hai1="11,12,18,50,52,85,86,96,97,98,99,103,106" /><INIT seed="5,2,1,0,2,92" ten="515,322,130,23" oya="1" hai0="128,113,26,121,44,135,75,79,98,103,59,134,62" hai1="5,3,21,109,7,68,15,29,112,110,95,31,33" hai2="53,38,55,87,24,111,54,86,74,17,123,23,120" hai3="14,40,91,83,66,12,48,35,63,2,1,28,107"/><U16/><E68/><V80/><F38/><W85/><G107/><T57/><D113/><U4/><E112/><V78/><REACH who="2" step="1"/><F111/><REACH who="2" ten="515,322,120,23" step="2"/><N who="1" m="42505" /><E33/><V18/><F18/><W119/><G119/><T13/><D121/><AGARI ba="2,2" hai="17,23,24,53,54,55,74,78,80,86,87,120,121,123" machi="121" ten="40,1300,0" yaku="1,1,53,0" doraHai="92" doraHaiUra="129" who="2" fromWho="0" sc="515,-19,322,0,120,39,23,0" /><INIT seed="6,0,0,0,3,66" ten="496,322,159,23" oya="2" hai0="101,65,41,70,109,28,105,55,84,126,8,69,54" hai1="47,130,32,98,133,49,37,135,68,97,53,114,6" hai2="38,30,18,95,2,129,23,85,86,21,112,56,19" hai3="117,62,27,120,11,118,107,14,45,29,72,15,42"/><V52/><F38/><W115/><G120/><T10/><D109/><U77/><E32/><V82/><F2/><W25/><G107/><T81/><D28/><U24/><E24/><V104/><F104/><W90/><G72/><T26/><D26/><U124/><E124/><V17/><F129/><W58/><G115/><T64/><D41/><U31/><E31/><V61/><F112/><W80/><G25/><T92/><D105/><U111/><E111/><V57/><F30/><W122/><G122/><T100/><D92/><U91/><E77/><V131/><F131/><W48/><G80/><T110/><D110/><U116/><E116/><V78/><F57/><W43/><G43/><T132/><D84/><U88/><E37/><V108/><F108/><W33/><G90/><AGARI ba="0,0" hai="17,18,19,21,23,52,56,61,78,82,85,86,90,95" machi="90" ten="40,3900,0" yaku="8,1,54,1" doraHai="66" who="2" fromWho="3" sc="496,0,322,0,159,39,23,-39" owari="496,60.0,322,12.0,198,-20.0,-16,-52.0" /></mjloggm>