<mjloggm ver="2.3"><GO type="169"/><UN n0="%EF%BC%BC%28%EF%BC%BE%6F%EF%BC%BE%29%EF%BC%8F%E2%98%85" n1="%E3%83%94%E3%82%A8%E3%83%BC%E3%83%AB%E7%A0%82%E5%9F%8E" n2="%65%6E%65%63%72%65" n3="%EF%BC%88%E2%89%A7%E2%96%BD%E2%89%A6%EF%BC%89" dan="17,16,16,17" rate="2110,2044,2109,2176" sx="M,M,F,M"/><TAIKYOKU oya="0"/><INIT seed="0,0,0,0,4,66" ten="250,250,250,250" oya="0" hai0="30,5,123,49,67,89,31,57,54,51,0,86,82" hai1="73,10,117,78,95,102,88,27,28,22,59,129,116" hai2="42,36,124,103,101,96,105,19,43,94,112,109,58" hai3="75,114,48,7,92,24,91,98,99,56,38,77,120"/><T39/><D39/><U74/><E129/><V133/><F112/><W107/><G38/><T135/><D123/><U70/><E102/><V52/><F109/><W16/><G114/><T6/><D135/><U65/><E59/><V132/><F124/><W46/><G120/><T20/><D0/><U71/><E65/><V100/><F19/><W32/><G75/><T63/><D51/><U1/><E74/><V126/><F126/><W130/><G130/><T87/><D31/><U53/><E53/><V2/><F2/><W122/><G122/><T21/><D21/><U8/><E117/><V104/><F101/><W125/><G125/><T25/><REACH who="0" step="1"/><D87/><REACH who="0" ten="240,250,250,250" step="2"/><U72/><E116/><V12/><F133/><W37/><G37/><T113/><D113/><U29/><E29/><V80/><F36/><W115/><G115/><T62/><D62/><U44/><E73/><V106/><F132/><W34/><G34/><T3/><D3/><U61/><E61/><V81/><F42/><W23/><G32/><T14/><D14/><U90/><E72/><V110/><F43/><W111/><G48/><T15/><D15/><U84/><E1/><V4/><F12/><W83/><G23/><T11/><D11/><U9/><E9/><V40/><F40/><W108/><G108/><T41/><D41/><U119/><E8/><V55/><F110/><W26/><G111/><T85/><D85/><U68/><E10/><V97/><F4/><W79/><G7/><T131/><D131/><U17/><E28/><V47/><F55/><W35/><G35/><T128/><D128/><U45/><E119/><RYUUKYOKU ba="0,1" sc="240,30,250,-10,250,-10,250,-10" hai0="5,6,20,25,30,49,54,57,63,67,82,86,89" /><INIT seed="0,1,1,0,4,33" ten="270,240,240,240" oya="0" hai0="86,38,73,106,31,32,50,135,46,49,98,89,67" hai1="14,61,42,40,4,134,127,132,62,133,27,63,58" hai2="84,13,114,9,126,113,130,24,3,85,94,16,123" hai3="65,68,125,60,80,101,35,116,111,102,70,10,0"/><T131/><D73/><U28/><E127/><V79/><F123/><W97/><G116/><T34/><D38/><U128/><E128/><V87/><F130/><W119/><G119/><T107/><D131/><U48/><E58/><V59/><F126/><W56/><G125/><T104/><D67/><U22/><E48/><V5/><F79/><W93/><G111/><T110/><D110/><U108/><E108/><V52/><F24/><W103/><G35/><T74/><D74/><U96/><E96/><V21/><REACH who="2" step="1"/><F94/><REACH who="2" ten="270,240,230,240" step="2"/><W1/><G80/><T36/><D107/><U77/><REACH who="1" step="1"/><E77/><REACH who="1" ten="270,230,230,240" step="2"/><V41/><F41/><W129/><G129/><T51/><D104/><U69/><E69/><V30/><F30/><W57/><G70/><T19/><D31/><U100/><E100/><V121/><F121/><W99/><G102/><T105/><D106/><U26/><E26/><V88/><F88/><W76/><G76/><T18/><D89/><U122/><E122/><V71/><F71/><W55/><G68/><T20/><D105/><U72/><E72/><V112/><F112/><W64/><G101/><T124/><D124/><U44/><E44/><V78/><F78/><W15/><G103/><T118/><D46/><U47/><E47/><V12/><F12/><W115/><G115/><T83/><D118/><U37/><E37/><V82/><F82/><W45/><G45/><T53/><D36/><U2/><E2/><V109/><F109/><W91/><G0/><T95/><D83/><U11/><AGARI ba="1,3" hai="4,11,14,22,27,28,40,42,61,62,63,132,133,134" machi="11" ten="40,8000,1" yaku="1,1,0,1,20,1,53,1" doraHai="33" doraHaiUra="6" who="1" fromWho="1" sc="270,-41,230,113,230,-21,240,-21" /><INIT seed="1,0,0,4,0,135" ten="229,343,209,219" oya="1" hai0="112,82,118,104,20,57,61,12,46,28,95,38,79" hai1="94,132,89,24,108,39,52,42,56,78,86,30,23" hai2="84,92,133,8,34,17,16,119,29,49,111,15,50" hai3="113,9,18,122,96,19,68,93,44,73,27,67,58"/><U66/><E132/><V74/><F133/><W41/><G113/><T47/><D104/><U21/><E66/><V59/><F74/><W83/><G122/><T77/><D112/><U129/><E129/><V60/><F119/><W54/><G73/><T76/><D118/><U105/><E105/><V13/><F111/><W2/><G83/><T3/><D3/><U26/><E108/><V62/><F29/><W101/><G27/><T11/><D38/><U81/><E39/><V55/><F34/><W99/><G99/><T110/><D82/><U97/><E42/><V31/><F31/><W22/><G22/><T72/><D72/><U51/><REACH who="1" step="1"/><E26/><REACH who="1" ten="229,333,209,219" step="2"/><V4/><F50/><W124/><G67/><T114/><D110/><U40/><E40/><V33/><F49/><W43/><G41/><T125/><D114/><U91/><E91/><N who="2" m="53351" /><F62/><W25/><G43/><T75/><D61/><U123/><E123/><V65/><F65/><W53/><G25/><T115/><D115/><U36/><E36/><V88/><F60/><W109/><G109/><T0/><D79/><U10/><E10/><V85/><F8/><W127/><G9/><T107/><D11/><U63/><E63/><V120/><F88/><W121/><G121/><T126/><D77/><U98/><E98/><V90/><F90/><W103/><G53/><T87/><D76/><U71/><E71/><V106/><F55/><W128/><G54/><T70/><D70/><U80/><E80/><V35/><F106/><W6/><G128/><T116/><D107/><U45/><E45/><V64/><F120/><W5/><G44/><RYUUKYOKU ba="0,1" sc="229,-10,333,30,209,-10,219,-10" hai1="21,23,24,30,51,52,56,78,81,86,89,94,97" /><INIT seed="1,1,1,5,1,133" ten="219,363,199,209" oya="1" hai0="77,124,60,43,55,20,44,40,25,3,120,34,121" hai1="9,122,59,29,41,56,23,15,35,39,72,86,97" hai2="30,91,7,128,94,131,58,132,126,81,92,63,130" hai3="33,118,17,11,62,76,74,68,1,123,46,84,18"/><U93/><E72/><V83/><F132/><W113/><G123/><T0/><D34/><U66/><E35/><V26/><F7/><W119/><G74/><T71/><D77/><U67/><E122/><N who="0" m="47209" /><D43/><U90/><E39/><V82/><F91/><W103/><G103/><T108/><D108/><U88/><E41/><V85/><F85/><W13/><G33/><T79/><D79/><U2/><E2/><V57/><F126/><W28/><G28/><N who="0" m="17447" /><D124/><U99/><E29/><V65/><REACH who="2" step="1"/><F58/><REACH who="2" ten="219,363,189,209" step="2"/><N who="1" m="22057" /><E99/><V49/><F49/><W42/><G76/><T115/><D3/><U8/><E97/><V73/><F73/><W96/><G96/><T45/><D0/><U102/><E102/><V70/><F70/><W98/><G98/><T127/><D127/><U64/><E90/><V21/><AGARI ba="1,2" hai="21,26,30,57,63,65,81,82,83,92,94,128,130,131" machi="21" ten="40,5200,0" yaku="1,1,0,1,19,1,53,0" doraHai="133" doraHaiUra="50" who="2" fromWho="2" sc="219,-14,363,-27,189,75,209,-14" /><INIT seed="2,0,0,2,5,29" ten="205,336,264,195" oya="2" hai0="115,59,53,1,25,111,84,63,70,127,0,9,40" hai1="20,133,95,81,50,100,87,35,124,74,31,110,17" hai2="135,78,14,56,114,108,117,30,101,36,107,19,18" hai3="65,47,90,15,105,76,60,44,75,73,43,52,33"/><V126/><F36/><W131/><G105/><T93/><D115/><U69/><E69/><V11/><F101/><W24/><G131/><T13/><D111/><U112/><E112/><V116/><F78/><W55/><G76/><T72/><D72/><U79/><E110/><V118/><F56/><N who="3" m="36999" /><G33/><T37/><D70/><U16/><E124/><V134/><F107/><W99/><G73/><T67/><D127/><U77/><E133/><N who="2" m="50699" /><F108/><W32/><G32/><T12/><D12/><U42/><E74/><V82/><F82/><W54/><G75/><T46/><D25/><N who="1" m="16807" /><E35/><V2/><F114/><W83/><G24/><T22/><D22/><U97/><E77/><V123/><F126/><W132/><G132/><T106/><D106/><U61/><E61/><V89/><F89/><W86/><G43/><T41/><D41/><U10/><E10/><N who="2" m="6487" /><F123/><W27/><G27/><T49/><D37/><U98/><E98/><V51/><F30/><W66/><G66/><T71/><D67/><U26/><E26/><V96/><F96/><W8/><G99/><T92/><D71/><U128/><E128/><V21/><F51/><W129/><G129/><T34/><D34/><U119/><E119/><V6/><F117/><W5/><AGARI ba="0,0" hai="5,8,15,44,47,52,54,55,83,86,90" m="36999" machi="5" ten="30,2000,0" yaku="8,1,54,1" doraHai="29" who="3" fromWho="3" sc="205,-5,336,-5,264,-10,195,20" /><INIT seed="3,0,0,3,5,21" ten="200,331,254,215" oya="3" hai0="129,57,92,81,94,18,104,80,14,93,29,114,49" hai1="79,33,45,27,12,112,52,102,131,48,38,82,90" hai2="110,8,117,72,62,128,10,23,59,7,36,64,3" hai3="76,16,83,42,135,61,32,100,113,86,133,4,51"/><W109/><G32/><T11/><D104/><U53/><E112/><V87/><F72/><W88/><G113/><T41/><D114/><U130/><E38/><V116/><F36/><W65/><G4/><T118/><D118/><U89/><E102/><V15/><F110/><W6/><G6/><T22/><D129/><N who="1" m="49163" /><E12/><V119/><F128/><W25/><G100/><T98/><D98/><U125/><E125/><V105/><F105/><W20/><G109/><T24/><D57/><U46/><E46/><AGARI ba="0,0" hai="11,14,18,22,24,29,41,46,49,80,81,92,93,94" machi="46" ten="40,2600,0" yaku="8,1,52,1" doraHai="21" who="0" fromWho="1" sc="200,26,331,-26,254,0,215,0" /><INIT seed="4,0,0,1,1,31" ten="226,305,254,215" oya="0" hai0="10,102,24,63,32,134,106,17,108,107,35,26,95" hai1="77,111,69,135,100,71,110,67,124,87,53,8,16" hai2="15,28,93,80,54,1,103,104,112,48,115,89,133" hai3="62,34,75,125,122,82,74,81,113,83,27,72,99"/><T61/><D134/><U58/><E100/><V33/><F1/><W132/><G132/><T11/><D102/><U121/><E135/><V0/><F0/><W64/><G125/><T55/><D55/><U4/><E121/><V92/><F133/><W38/><G38/><T37/><D37/><U86/><E124/><V40/><F40/><W66/><G122/><T96/><D17/><U42/><E42/><V88/><F15/><W19/><G113/><N who="2" m="43593" /><F104/><W13/><G99/><T123/><D123/><U2/><E87/><N who="2" m="50279" /><F89/><W14/><G66/><T127/><D127/><U78/><E78/><V117/><F103/><W9/><G13/><T114/><D114/><U5/><E5/><V84/><F84/><W57/><REACH who="3" step="1"/><G27/><REACH who="3" ten="226,305,254,205" step="2"/><T94/><D108/><U45/><E111/><V29/><F117/><W23/><G23/><T90/><D90/><U129/><E110/><V91/><F91/><W131/><G131/><T22/><D22/><U76/><E129/><V6/><F6/><W59/><G59/><T130/><D130/><U126/><E126/><V3/><F3/><W30/><G30/><T36/><D36/><U128/><E58/><N who="2" m="33095" /><F28/><W20/><G20/><T12/><D12/><U52/><E2/><V101/><F101/><W51/><G51/><T56/><D56/><U120/><E128/><V7/><F7/><W41/><G41/><T44/><D44/><U79/><E45/><V109/><F109/><W39/><G39/><T70/><D70/><U46/><E71/><V68/><F68/><W60/><G60/><T43/><D43/><U118/><E69/><V98/><F98/><AGARI ba="0,1" hai="10,11,24,26,32,35,61,63,94,95,96,98,106,107" machi="98" ten="25,12000,1" yaku="6,1,22,2,52,2" doraHai="31" who="0" fromWho="2" sc="226,130,305,0,254,-120,205,0" /><INIT seed="4,1,0,3,1,91" ten="356,305,134,205" oya="0" hai0="25,22,55,39,80,118,66,122,24,19,31,115,128" hai1="29,60,32,67,124,7,36,111,83,102,94,4,126" hai2="44,86,95,74,45,53,90,116,70,34,101,63,104" hai3="68,120,85,125,117,35,33,9,133,81,43,134,52"/><T119/><D122/><U57/><E111/><V82/><F34/><W2/><G68/><T103/><D39/><U129/><E36/><V113/><F113/><W46/><G117/><T84/><D115/><U40/><E40/><V10/><F116/><W26/><G120/><T64/><D119/><U6/><E129/><V15/><F53/><W18/><G125/><N who="1" m="48234" /><E83/><V41/><F41/><W62/><G2/><T110/><D128/><U12/><E12/><V121/><F121/><W65/><G33/><T72/><D72/><U114/><E114/><V11/><F11/><W98/><G98/><T23/><D110/><U89/><E102/><V73/><F63/><W54/><G35/><T16/><D118/><U27/><E4/><V131/><F70/><N who="3" m="42295" /><G26/><T109/><D109/><U30/><E30/><V17/><F131/><W58/><G18/><T100/><D31/><U75/><E75/><V96/><REACH who="2" step="1"/><F73/><REACH who="2" ten="356,305,124,205" step="2"/><W28/><G9/><T127/><D127/><U5/><E5/><V69/><F69/><W59/><G59/><T8/><D8/><U47/><E47/><V107/><F107/><W93/><G58/><T0/><D55/><U88/><E6/><V1/><F1/><W97/><G54/><T92/><D0/><U71/><E7/><V108/><F108/><W79/><G52/><T99/><D66/><U42/><E71/><V106/><F106/><W135/><G46/><T132/><D64/><U48/><E42/><V61/><F61/><W105/><G43/><T51/><D51/><U78/><E67/><V123/><F123/><W21/><G105/><T56/><D56/><RYUUKYOKU ba="1,1" sc="356,-10,305,-10,124,30,205,-10" hai2="10,15,17,44,45,74,82,86,90,95,96,101,104" /><INIT seed="5,2,1,4,1,50" ten="346,295,154,195" oya="1" hai0="93,106,101,0,130,25,34,47,52,87,51,89,8" hai1="26,54,83,94,6,17,112,33,111,43,76,69,99" hai2="44,84,109,5,80,121,116,24,71,18,10,32,14" hai3="67,133,4,132,22,65,42,96,82,100,15,77,110"/><U66/><E43/><V78/><F116/><W46/><G110/><T120/><D130/><U41/><E41/><V102/><F121/><W23/><G23/><T90/><D120/><U124/><E111/><V118/><F118/><W55/><G22/><T134/><D134/><N who="3" m="51817" /><G15/><T29/><D106/><U113/><E6/><V114/><F109/><W27/><G27/><T123/><D123/><U104/><E104/><V81/><F114/><N who="1" m="44137" /><E124/><V28/><F71/><W38/><G4/><T39/><D39/><U125/><E125/><V11/><F102/><W107/><G55/><T129/><D129/><U31/><E17/><V45/><REACH who="2" step="1"/><F81/><REACH who="2" ten="346,295,144,195" step="2"/><W122/><G122/><T68/><D68/><U86/><E69/><V2/><AGARI ba="2,2" hai="2,5,10,11,14,18,24,28,32,44,45,78,80,84" machi="2" ten="20,5200,0" yaku="1,1,2,1,0,1,7,1,53,0" doraHai="50" doraHaiUra="103" who="2" fromWho="2" sc="346,-15,295,-28,144,78,195,-15" /><INIT seed="6,0,0,5,1,106" ten="331,267,222,180" oya="2" hai0="23,39,85,79,62,38,102,126,125,121,110,82,77" hai1="9,8,124,73,127,108,81,89,54,35,92,95,75" hai2="134,72,58,68,25,5,98,129,88,119,100,122,97" hai3="10,71,78,1,80,14,4,29,94,27,70,86,105"/><V74/><F119/><W43/><G105/><T12/><D110/><U104/><E35/><V28/><F122/><W133/><G133/><T115/><D121/><U36/><E36/><V2/><F68/><W22/><G94/><N who="1" m="35882" /><E104/><V32/><F134/><W19/><REACH who="3" step="1"/><G43/><REACH who="3" ten="331,267,222,170" step="2"/><T114/><D126/><N who="1" m="48171" /><E108/><V30/><F129/><W55/><G55/><T76/><D125/><U96/><E54/><V46/><F32/><AGARI ba="0,1" hai="1,4,10,14,19,22,27,29,32,70,71,78,80,86" machi="32" ten="30,12000,2" yaku="1,1,7,1,24,2,53,2" doraHai="106" doraHaiUra="66" who="3" fromWho="2" sc="331,0,267,0,222,-120,170,130" /><INIT seed="7,0,0,5,3,46" ten="331,267,102,300" oya="3" hai0="27,53,23,22,94,80,54,63,5,104,50,28,11" hai1="109,113,124,41,110,132,48,6,32,135,16,91,120" hai2="3,19,20,107,122,2,73,76,12,7,81,68,15" hai3="117,106,66,18,99,90,96,112,103,10,75,86,126"/><W95/><G117/><T121/><D104/><U108/><E32/><V40/><F122/><W92/><G126/><T133/><D121/><U100/><E120/><V47/><F68/><W42/><G112/><T128/><D133/><N who="1" m="51275" /><E100/><V105/><F15/><W8/><G75/><T83/><D128/><U9/><E113/><V61/><F61/><W36/><G66/><T79/><D94/><U125/><E91/><V14/><F14/><W0/><G0/><T131/><D131/><U56/><E16/><V72/><F72/><W33/><G33/><T87/><D83/><U52/><E9/><V26/><F26/><W78/><G18/><T123/><D123/><U43/><E6/><V51/><F2/><W49/><G36/><T89/><D23/><U60/><E60/><V88/><F7/><W134/><G134/><T44/><D89/><U17/><E17/><V102/><F102/><W58/><G106/><T93/><D93/><U30/><E30/><V67/><F67/><W25/><G25/><T65/><D5/><U59/><E59/><V4/><F88/><N who="3" m="55399" /><G78/><T111/><D11/><N who="3" m="4137" /><G103/><T21/><D21/><U118/><E118/><V69/><F69/><W29/><G29/><T55/><D111/><N who="1" m="28419" /><U62/><DORA hai="101" /><E62/><V38/><F3/><W82/><G82/><T57/><AGARI ba="0,0" hai="22,27,28,44,50,53,54,55,57,63,65,79,80,87" machi="57" ten="20,5200,0" yaku="0,1,7,1,8,1,52,1" doraHai="46,101" who="0" fromWho="0" sc="331,52,267,-13,102,-13,300,-26" owari="383,49.0,254,-15.0,89,-41.0,274,7.0" /></mjloggm>