<mjloggm ver="2.3"><GO type="41"/><UN n0="%4E%61%4E%61%E2%98%86" n1="%E3%81%97%E3%81%98%E3%82%82" n2="%E6%8C%AF%E8%BE%BC%E9%AD%94" n3="%EF%BC%88%E2%89%A7%E2%96%BD%E2%89%A6%EF%BC%89" dan="14,14,13,15" rate="1920,1979,2004,1998" sx="M,M,M,M"/><TAIKYOKU oya="0"/><INIT seed="0,0,0,2,1,32" ten="250,250,250,250" oya="0" hai0="3,4,120,60,112,79,47,24,84,116,73,67,95" hai1="70,26,97,85,39,92,52,63,74,69,25,51,113" hai2="114,104,76,16,101,99,62,43,96,14,100,107,129" hai3="49,77,81,71,34,48,122,111,28,19,109,2,91"/><T98/><D116/><U106/><E74/><V44/><F114/><W54/><G71/><T50/><D112/><U75/><E75/><V72/><F129/><W80/><G122/><T124/><D120/><U125/><E39/><V12/><F14/><W0/><G91/><T5/><D73/><U133/><E125/><V105/><F107/><W83/><G77/><T21/><D124/><U64/><E113/><V13/><F12/><W78/><G78/><T38/><D38/><U132/><E70/><V58/><F76/><W87/><G87/><T68/><D84/><U56/><E85/><V10/><F72/><W57/><G19/><T128/><D79/><U36/><E36/><V22/><F44/><W29/><G49/><T45/><D128/><U37/><E37/><V23/><REACH who="2" step="1"/><F43/><REACH who="2" ten="250,250,240,250" step="2"/><W123/><G123/><T127/><D127/><U27/><E106/><V59/><F59/><W6/><G6/><T8/><D5/><U30/><REACH who="1" step="1"/><E30/><REACH who="1" ten="250,240,240,250" step="2"/><V11/><F11/><W31/><REACH who="3" step="1"/><G34/><REACH who="3" ten="250,240,240,240" step="2"/><T115/><D115/><U1/><E1/><AGARI ba="0,3" hai="0,1,2,28,29,31,48,54,57,80,81,83,109,111" machi="1" ten="50,12000,2" yaku="1,1,2,1,52,3,53,1" doraHai="32" doraHaiUra="46" who="3" fromWho="1" sc="250,0,240,-120,240,0,240,150" /><INIT seed="1,0,0,4,5,82" ten="250,120,240,390" oya="1" hai0="30,76,62,13,19,53,71,129,9,72,77,131,12" hai1="98,33,24,59,120,2,134,114,1,123,60,45,18" hai2="96,103,118,57,51,81,4,25,110,8,79,29,23" hai3="61,128,80,20,56,64,90,31,101,66,133,125,113"/><U74/><E74/><V92/><F118/><W102/><G113/><T115/><D115/><U87/><E114/><V27/><F110/><W14/><G133/><T91/><D30/><U121/><E134/><V111/><F111/><W37/><G37/><T17/><D91/><U127/><E127/><V0/><F27/><N who="3" m="16871" /><G125/><T6/><D6/><U116/><E116/><V68/><F68/><W16/><G128/><N who="0" m="49227" /><D72/><U75/><E75/><V32/><F57/><W43/><G43/><T95/><D95/><U46/><E98/><V119/><F119/><W36/><G66/><N who="0" m="41431" /><D53/><U35/><E35/><V70/><F70/><W94/><G80/><T135/><D135/><U63/><E63/><V48/><F32/><W107/><G36/><T11/><AGARI ba="0,0" hai="9,11,12,13,17,19,76,77" m="41431,49227" machi="11" ten="30,1100,0" yaku="19,1" doraHai="82" who="0" fromWho="0" sc="250,11,120,-5,240,-3,390,-3" /><INIT seed="2,0,0,1,5,22" ten="261,115,237,387" oya="2" hai0="54,28,10,101,61,20,3,96,64,129,75,35,40" hai1="74,109,50,83,5,52,82,108,30,124,62,121,12" hai2="97,104,118,94,48,113,125,17,6,73,44,95,92" hai3="126,102,66,7,131,88,18,87,76,46,120,123,112"/><V90/><F118/><W19/><G7/><T122/><D75/><U86/><E121/><V68/><F113/><W45/><G66/><T39/><D122/><U47/><E124/><V67/><F73/><W14/><G126/><T117/><D117/><U127/><E127/><V26/><F104/><W89/><G102/><T81/><D129/><U0/><E0/><V59/><F68/><W33/><G33/><T23/><D81/><U8/><E74/><V78/><F78/><W13/><G76/><T105/><D40/><U24/><E62/><N who="2" m="38367" /><F6/><W79/><G79/><T69/><D39/><U42/><E42/><N who="2" m="24599" /><F125/><W119/><G87/><T53/><D3/><U70/><E70/><V4/><F4/><W25/><G119/><T103/><D103/><U34/><REACH who="1" step="1"/><E86/><REACH who="1" ten="261,105,237,387" step="2"/><V38/><F38/><W77/><G112/><T43/><D43/><U132/><E132/><V27/><F17/><W2/><G2/><T49/><D61/><U133/><E133/><V16/><F16/><W9/><G123/><T107/><D28/><U55/><E55/><V134/><F134/><W80/><G120/><T58/><D54/><U1/><E1/><V29/><F29/><W115/><G115/><T57/><D53/><U37/><E37/><V31/><F31/><W116/><G116/><T11/><D49/><U99/><E99/><V85/><F97/><W135/><G135/><T106/><D96/><U60/><E60/><V71/><F71/><W15/><G131/><T130/><D69/><U72/><E72/><V41/><F41/><W128/><G128/><T110/><D130/><U111/><AGARI ba="0,1" hai="5,8,12,24,30,34,47,50,52,82,83,108,109,111" machi="111" ten="30,12000,2" yaku="1,1,5,1,0,1,14,1,52,1,54,1,53,0" doraHai="22" doraHaiUra="56" who="1" fromWho="1" sc="261,-30,105,130,237,-60,387,-30" /><INIT seed="3,0,0,5,1,74" ten="231,235,177,357" oya="3" hai0="127,60,121,78,19,92,109,35,36,99,43,22,62" hai1="128,4,71,34,91,30,85,98,45,24,46,20,33" hai2="119,125,32,73,50,129,64,72,84,110,3,66,58" hai3="117,14,123,104,118,29,105,25,132,27,80,131,53"/><W10/><G123/><T2/><D121/><U101/><E71/><V54/><F32/><W95/><G132/><T103/><D35/><U107/><E4/><V59/><F3/><W68/><G68/><T70/><D2/><U97/><E97/><V83/><F119/><W31/><G131/><T9/><D127/><U81/><E128/><V6/><F125/><W108/><G95/><T11/><D109/><U120/><E120/><V76/><F110/><W115/><G108/><T93/><D36/><U113/><E113/><V56/><F129/><W15/><G53/><T133/><D43/><U16/><REACH who="1" step="1"/><E34/><REACH who="1" ten="231,225,177,357" step="2"/><V47/><REACH who="2" step="1"/><F6/><REACH who="2" ten="231,225,167,357" step="2"/><W18/><G115/><T67/><D133/><U41/><E41/><V49/><F49/><W87/><G118/><T114/><D114/><U135/><E135/><V126/><F126/><W122/><G117/><T42/><D42/><U61/><E61/><V90/><F90/><W13/><G122/><T52/><D62/><U111/><E111/><V79/><F79/><W38/><G38/><T96/><D78/><U88/><E88/><V102/><F102/><W23/><G105/><T7/><D60/><U134/><E134/><V17/><F17/><W77/><REACH who="3" step="1"/><G104/><REACH who="3" ten="231,225,167,347" step="2"/><T112/><D112/><U63/><E63/><V75/><AGARI ba="0,3" hai="47,50,54,56,58,59,64,66,72,73,75,76,83,84" machi="75" ten="40,5200,0" yaku="1,1,0,1,52,1,53,0" doraHai="74" doraHaiUra="37" who="2" fromWho="2" sc="231,-13,225,-13,167,82,347,-26" /><INIT seed="4,0,0,4,0,47" ten="218,212,249,321" oya="0" hai0="30,127,110,104,63,105,25,80,39,94,102,77,24" hai1="87,10,20,113,86,11,75,76,83,130,95,116,64" hai2="58,28,135,7,54,49,40,38,99,56,35,3,126" hai3="65,81,120,16,43,69,90,132,23,70,0,32,5"/><T72/><D39/><U109/><E116/><V88/><F126/><W41/><G32/><T26/><D110/><U36/><E109/><V62/><F135/><W93/><G132/><T8/><D127/><U50/><E36/><V2/><F38/><W19/><G120/><T125/><D125/><U29/><E130/><V121/><F121/><W37/><G37/><T100/><D30/><U68/><E75/><V91/><F35/><W106/><G106/><T89/><D63/><U111/><E111/><V85/><F28/><W115/><G115/><T1/><D1/><U119/><E119/><V112/><F112/><W44/><G0/><T6/><D6/><U97/><E86/><V134/><F134/><W22/><G5/><T78/><D8/><U103/><E64/><V66/><F40/><W84/><G65/><T42/><D42/><N who="3" m="15881" /><G44/><T57/><D78/><U31/><E68/><V4/><F3/><W117/><G117/><T52/><D104/><U74/><E74/><V53/><F66/><W55/><G55/><T61/><REACH who="0" step="1"/><D105/><REACH who="0" ten="208,212,249,321" step="2"/><U92/><E113/><V123/><F2/><W114/><G114/><T79/><D79/><U15/><E10/><V34/><F34/><W27/><G70/><T33/><D33/><U51/><E11/><V96/><F123/><W131/><G69/><T118/><D118/><U17/><E95/><N who="2" m="56423" /><F99/><AGARI ba="0,1" hai="24,25,26,52,57,61,72,77,80,89,94,99,100,102" machi="99" ten="40,3900,0" yaku="1,1,54,1,53,0" doraHai="47" doraHaiUra="82" who="0" fromWho="2" sc="208,49,212,0,249,-39,321,0" /><INIT seed="4,1,0,5,4,111" ten="257,212,210,321" oya="0" hai0="61,123,10,66,54,87,106,80,99,19,70,94,30" hai1="42,118,44,57,78,49,77,110,69,15,67,119,62" hai2="16,105,24,9,41,72,100,56,45,36,23,52,64" hai3="58,7,114,102,95,135,71,112,65,98,117,53,51"/><T0/><D123/><U88/><E110/><V92/><F105/><W127/><G117/><T109/><D106/><U89/><E119/><V124/><F124/><W82/><G127/><T46/><D109/><U101/><E101/><V84/><F72/><W4/><G135/><T38/><D30/><U40/><E118/><V90/><F100/><W34/><G34/><T8/><D0/><U12/><E40/><V129/><F129/><W20/><G82/><T47/><D47/><U68/><E69/><V108/><F108/><W48/><G51/><T50/><D38/><U75/><E68/><V107/><F107/><W104/><G104/><T96/><D19/><U3/><E3/><V11/><F64/><W103/><G103/><T59/><D70/><U28/><E28/><V55/><F55/><W81/><G81/><T18/><D18/><U26/><E26/><V131/><F131/><W32/><G32/><T126/><D126/><U76/><E75/><V121/><REACH who="2" step="1"/><F121/><REACH who="2" ten="257,212,200,321" step="2"/><W85/><G65/><T31/><D31/><U37/><E37/><V35/><F35/><W122/><G122/><T91/><REACH who="0" step="1"/><D99/><REACH who="0" ten="247,212,200,321" step="2"/><U33/><E33/><V130/><F130/><W21/><G98/><T43/><D43/><U115/><E42/><V128/><F128/><W5/><G71/><T29/><D29/><U27/><E44/><V133/><F133/><W73/><G58/><T113/><D113/><U132/><E57/><V39/><F39/><W22/><G114/><T125/><D125/><U79/><E115/><V60/><AGARI ba="1,2" hai="9,11,16,23,24,36,41,45,52,56,60,84,90,92" machi="60" ten="20,8000,1" yaku="1,1,0,1,7,1,54,2,53,0" doraHai="111" doraHaiUra="116" who="2" fromWho="2" sc="247,-41,212,-21,200,103,321,-21" /><INIT seed="5,0,0,5,5,23" ten="206,191,303,300" oya="1" hai0="97,78,114,55,0,52,62,128,9,71,134,44,25" hai1="45,98,133,13,39,67,77,30,108,1,19,20,117" hai2="15,121,91,119,100,17,2,68,125,122,129,24,40" hai3="93,10,73,50,26,82,126,86,81,110,33,46,124"/><U5/><E117/><V118/><F68/><W47/><G110/><T58/><D128/><U95/><E1/><V107/><F107/><W8/><G73/><T4/><D134/><U22/><E133/><V34/><F100/><W21/><G93/><T120/><D71/><U88/><E108/><V111/><F111/><W102/><G102/><T14/><D120/><U43/><E5/><V106/><F106/><W123/><G123/><T48/><D114/><U49/><E67/><V64/><F64/><W94/><G94/><T70/><D70/><U31/><E77/><V83/><F129/><W65/><G33/><T28/><D78/><U116/><E116/><V41/><F125/><N who="3" m="48235" /><G65/><T87/><D97/><U27/><REACH who="1" step="1"/><E31/><REACH who="1" ten="206,181,303,300" step="2"/><V53/><F118/><W54/><G46/><T6/><D0/><U90/><E90/><V60/><F91/><N who="3" m="51663" /><G82/><T104/><D4/><U59/><E59/><V75/><F119/><W112/><G112/><T105/><REACH who="0" step="1"/><D87/><REACH who="0" ten="196,181,303,300" step="2"/><U101/><E101/><V63/><F2/><W96/><G96/><T79/><D79/><U42/><E42/><V38/><F41/><W127/><G127/><T132/><D132/><U74/><E74/><V130/><F75/><W113/><G113/><T109/><D109/><U76/><E76/><V29/><F40/><W57/><G57/><T131/><D131/><U7/><E7/><V72/><F130/><W115/><G115/><T85/><D85/><U99/><E99/><V56/><F72/><W3/><G3/><T89/><D89/><U84/><E84/><V37/><F122/><W103/><G103/><T18/><D18/><AGARI ba="0,2" hai="8,10,18,21,26,47,50,54" m="51663,48235" machi="18" ten="30,3900,0" yaku="6,1,18,1,52,1" doraHai="23" who="3" fromWho="0" sc="196,-39,181,0,303,0,300,59" /><INIT seed="6,0,0,0,4,32" ten="157,181,303,359" oya="2" hai0="53,39,59,115,121,68,63,40,76,112,10,91,65" hai1="93,49,16,36,90,26,12,30,120,50,70,113,78" hai2="124,81,27,6,62,131,17,44,97,35,83,9,60" hai3="84,129,134,114,98,13,133,48,86,94,47,28,34"/><V74/><F74/><W100/><G129/><T108/><D76/><U25/><E36/><V118/><F131/><W111/><G111/><T106/><D106/><U135/><E135/><N who="3" m="51722" /><G114/><N who="0" m="43563" /><D91/><U88/><E113/><V54/><F118/><W18/><G28/><T22/><D22/><U20/><E70/><V46/><F124/><W4/><G4/><T127/><D10/><U109/><E109/><V1/><F97/><W14/><G34/><T41/><D108/><U21/><E26/><V15/><F46/><W101/><G101/><T43/><D127/><U8/><E120/><V19/><F17/><W58/><G58/><T107/><D107/><U42/><E78/><V45/><F44/><W95/><G95/><T24/><D24/><U51/><E42/><V77/><F77/><W80/><G80/><T122/><D39/><U38/><E38/><V67/><F45/><W0/><G13/><T33/><D33/><U64/><E64/><V99/><F99/><W5/><G5/><T125/><D125/><U79/><E79/><V57/><F67/><W31/><G31/><T119/><D119/><U117/><E117/><V82/><F27/><W130/><G130/><T11/><D11/><U128/><E128/><V29/><F35/><W85/><G14/><T126/><D126/><U89/><E8/><V69/><F29/><W104/><G104/><T116/><D116/><U55/><REACH who="1" step="1"/><E55/><REACH who="1" ten="157,171,303,359" step="2"/><V132/><F132/><W23/><G100/><T96/><D96/><AGARI ba="0,1" hai="12,16,20,21,25,30,49,50,51,88,89,90,93,96" machi="96" ten="40,8000,1" yaku="1,1,2,1,8,1,54,2,53,0" doraHai="32" doraHaiUra="73" who="1" fromWho="0" sc="157,-80,171,90,303,0,359,0" /><INIT seed="7,0,0,4,3,110" ten="77,261,303,359" oya="3" hai0="35,56,9,47,10,82,101,103,45,76,91,57,28" hai1="87,53,73,81,16,100,54,72,36,109,55,46,18" hai2="25,119,59,48,29,64,124,121,97,43,60,30,89" hai3="133,22,21,80,67,88,3,14,120,19,129,113,84"/><W41/><G3/><T93/><D35/><U0/><E0/><V71/><F119/><W112/><G120/><T123/><D28/><U131/><E131/><V49/><F121/><W8/><G129/><T94/><D123/><U111/><E100/><V7/><F124/><W50/><G133/><T13/><D13/><U68/><E68/><V20/><F71/><W99/><G67/><T66/><D66/><U31/><E31/><V77/><F77/><W70/><G70/><T51/><D76/><U37/><E46/><V5/><F30/><W126/><G126/><T115/><D91/><U32/><E32/><V33/><F33/><W62/><G62/><T23/><D23/><U104/><E104/><V26/><F25/><W69/><G69/><T27/><D27/><U128/><E128/><V58/><F48/><W39/><G39/><N who="1" m="14922" /><E87/><V61/><F60/><W12/><G99/><T107/><D51/><U44/><E81/><V38/><F38/><W75/><G75/><N who="1" m="28746" /><E44/><V74/><F74/><W117/><G80/><T4/><D82/><U106/><E106/><V42/><F59/><W78/><G84/><T135/><D107/><U2/><E2/><V118/><F118/><W98/><G117/><T52/><D4/><U65/><E65/><V92/><REACH who="2" step="1"/><F49/><REACH who="2" ten="77,261,293,359" step="2"/><W102/><G50/><T83/><D83/><U105/><E105/><V86/><F86/><W11/><G78/><T63/><D63/><U17/><AGARI ba="0,1" hai="16,17,18,53,54,55,109,111" m="28746,14922" machi="17" ten="40,5200,0" yaku="28,2,54,1" doraHai="110" who="1" fromWho="1" sc="77,-13,261,62,293,-13,359,-26" owari="64,-44.0,323,12.0,280,-12.0,333,44.0" /></mjloggm>