<mjloggm ver="2.3"><GO type="169"/><UN n0="%EF%BC%A0%E3%82%8A%E3%82%87" n1="%65%69%63%68%69%72%6F" n2="%EF%BC%88%E2%89%A7%E2%96%BD%E2%89%A6%EF%BC%89" n3="%E3%83%97%E3%83%AD%E3%82%B8%E3%83%A3%E3%83%B3%E6%B0%8F" dan="16,16,18,17" rate="2040,2043,2234,2149" sx="M,M,M,M"/><TAIKYOKU oya="0"/><INIT seed="0,0,0,0,1,91" ten="250,250,250,250" oya="0" hai0="52,2,39,47,74,102,89,54,6,23,113,38,94" hai1="112,13,83,50,58,1,42,0,9,122,73,88,82" hai2="106,34,48,96,131,134,66,76,36,43,12,135,101" hai3="19,104,56,117,107,78,5,8,126,26,99,100,97"/><T115/><D74/><U72/><E122/><V45/><F34/><W35/><G117/><T63/><D102/><U41/><E112/><V62/><F131/><W98/><G126/><T118/><D118/><U27/><E27/><V25/><F25/><W81/><G56/><T29/><D2/><U55/><E72/><V17/><F48/><W124/><G124/><T18/><D6/><U46/><E41/><V129/><F129/><W21/><G35/><T3/><D3/><U90/><E0/><V59/><REACH who="2" step="1"/><F76/><REACH who="2" ten="250,250,240,250" step="2"/><W64/><G78/><T68/><D113/><U37/><E37/><V53/><F53/><W32/><G32/><T11/><D115/><U85/><E55/><V119/><F119/><W110/><G26/><N who="0" m="16607" /><D38/><U49/><E49/><V7/><F7/><W77/><G5/><T103/><D39/><U4/><E1/><V125/><F125/><W16/><G77/><T130/><D130/><U93/><E73/><V10/><AGARI ba="0,1" hai="10,12,17,36,43,45,59,62,66,96,101,106,134,135" machi="10" ten="30,2000,0" yaku="1,1,0,1,53,0" doraHai="91" doraHaiUra="33" who="2" fromWho="2" sc="250,-10,250,-5,240,30,250,-5" /><INIT seed="1,0,0,5,5,50" ten="240,245,270,245" oya="1" hai0="55,41,82,95,104,121,67,28,42,57,128,64,39" hai1="110,54,38,78,71,62,89,4,93,133,43,48,7" hai2="58,24,116,80,127,12,109,19,27,29,21,9,8" hai3="132,76,125,130,102,108,40,135,77,79,97,100,131"/><U13/><E78/><V105/><F105/><W23/><G23/><T52/><D104/><U84/><E133/><N who="3" m="51274" /><G40/><T99/><D121/><U45/><E110/><V60/><F116/><W18/><G18/><T11/><D128/><N who="3" m="49193" /><G108/><T88/><D28/><U22/><E22/><V72/><F109/><W56/><G56/><T118/><D118/><U20/><E20/><V103/><F24/><W86/><G86/><N who="0" m="50263" /><D39/><U34/><E34/><V126/><F9/><W73/><G73/><T46/><D11/><U69/><E13/><V59/><F59/><W120/><G120/><T129/><D129/><U15/><E15/><V3/><F3/><W44/><G44/><T83/><D83/><U68/><REACH who="1" step="1"/><E62/><REACH who="1" ten="240,235,270,245" step="2"/><V124/><F21/><W26/><G26/><T75/><D67/><U106/><E106/><V35/><F27/><W63/><G63/><N who="0" m="36287" /><D64/><U47/><AGARI ba="0,1" hai="4,7,38,43,45,47,48,54,68,69,71,84,89,93" machi="47" ten="40,7800,0" yaku="1,1,0,1,52,1,53,0" doraHai="50" doraHaiUra="17" who="1" fromWho="1" sc="240,-26,235,88,270,-26,245,-26" /><INIT seed="1,1,0,5,4,84" ten="214,323,244,219" oya="1" hai0="35,30,87,61,2,25,98,58,67,47,68,62,50" hai1="133,48,101,27,39,125,37,45,103,3,130,36,127" hai2="105,57,115,97,55,114,73,12,71,65,6,21,92" hai3="59,72,29,120,4,38,19,119,113,54,11,8,124"/><U95/><E3/><V75/><F105/><W7/><G38/><T100/><D2/><U111/><E133/><V26/><F65/><W106/><G106/><T16/><D87/><U116/><E116/><V20/><F71/><W18/><G124/><N who="1" m="47690" /><E130/><V96/><F6/><W17/><G72/><N who="2" m="27721" /><F12/><W13/><G119/><T15/><D47/><U110/><E27/><V22/><F26/><W134/><G134/><T123/><D123/><U102/><E95/><V85/><F85/><W81/><G120/><T46/><D46/><U121/><E121/><V31/><F31/><W33/><G113/><N who="2" m="43017" /><F92/><W34/><G81/><T77/><D77/><U129/><E129/><V24/><F24/><N who="3" m="18599" /><G54/><AGARI ba="1,0" hai="36,37,39,45,48,54,101,102,103,110,111" m="47690" machi="54" ten="40,2000,0" yaku="18,1" doraHai="84" who="1" fromWho="3" sc="214,0,323,23,244,0,219,-23" /><INIT seed="1,2,0,3,0,28" ten="214,346,244,196" oya="1" hai0="37,39,18,127,100,107,52,119,103,56,121,45,25" hai1="23,98,46,24,71,9,63,66,12,65,81,7,20" hai2="36,134,21,5,93,73,31,62,101,87,35,55,4" hai3="74,80,15,54,126,92,83,91,26,42,96,120,72"/><U69/><E98/><N who="2" m="59599" /><F35/><W0/><G126/><T123/><D127/><U129/><E129/><V88/><F73/><W29/><G120/><N who="0" m="46155" /><D119/><U117/><E117/><V104/><F104/><W51/><G0/><T76/><D76/><U112/><E112/><V130/><F36/><N who="0" m="13898" /><D45/><U75/><E46/><V48/><F62/><W97/><G42/><T110/><D107/><U115/><E115/><V32/><F130/><W50/><G15/><T85/><D85/><U111/><E111/><V57/><F134/><W67/><G67/><T135/><D135/><U3/><E3/><V60/><F60/><W131/><G131/><T70/><D70/><U64/><E69/><V40/><F40/><W19/><G19/><T84/><D84/><U59/><E71/><V2/><F2/><W90/><G74/><T128/><D128/><U6/><E6/><V122/><F122/><W8/><G8/><T33/><D110/><U77/><REACH who="1" step="1"/><E20/><REACH who="1" ten="214,336,244,196" step="2"/><V44/><F44/><W30/><G72/><T108/><D108/><U124/><E124/><V89/><F21/><W1/><G1/><T53/><D56/><U43/><E43/><V94/><F4/><W47/><G47/><T114/><D114/><U95/><E95/><N who="2" m="54687" /><F5/><W105/><G105/><T41/><D41/><U132/><E132/><V113/><F113/><W38/><G38/><T78/><D53/><U22/><E22/><V86/><F94/><W133/><G133/><T116/><D116/><U68/><E68/><V102/><F86/><W49/><G92/><T106/><D106/><U11/><E11/><V61/><F102/><W27/><G54/><RYUUKYOKU ba="2,1" sc="214,-10,336,30,244,-10,196,-10" hai1="7,9,12,23,24,59,63,64,65,66,75,77,81" /><INIT seed="1,3,1,2,2,117" ten="204,366,234,186" oya="1" hai0="15,85,77,84,41,3,47,78,62,46,42,100,130" hai1="54,10,112,109,119,61,12,64,79,38,33,68,113" hai2="44,21,22,82,50,30,16,135,49,63,59,74,80" hai3="56,26,0,81,132,121,24,75,17,128,11,13,1"/><U71/><E119/><V107/><F107/><W96/><G96/><T108/><D3/><N who="3" m="1097" /><G56/><T40/><D108/><U106/><E71/><V60/><F135/><W125/><G81/><N who="2" m="31337" /><F74/><W115/><G75/><T5/><D130/><U101/><E79/><N who="0" m="30217" /><D62/><N who="2" m="23594" /><F59/><W48/><G48/><T9/><D100/><U37/><E33/><V110/><F110/><W6/><G125/><T89/><D85/><U120/><E109/><V66/><F66/><W103/><G103/><T7/><D7/><U87/><E87/><V28/><F22/><N who="3" m="13391" /><G115/><T34/><D34/><U98/><E54/><N who="2" m="29991" /><F50/><W19/><G132/><T86/><D84/><U70/><E70/><V35/><F35/><W4/><G128/><T83/><AGARI ba="3,1" hai="5,9,15,40,41,42,46,47,83,86,89" m="30217" machi="83" ten="30,1100,0" yaku="8,1" doraHai="117" who="0" fromWho="0" sc="204,30,366,-8,234,-6,186,-6" /><INIT seed="2,0,0,0,4,127" ten="234,358,228,180" oya="2" hai0="64,98,79,65,105,20,61,5,50,74,14,97,11" hai1="55,71,8,26,111,108,67,7,23,19,107,12,62" hai2="104,56,63,118,114,116,40,124,93,27,28,69,75" hai3="17,51,121,44,95,126,9,42,131,89,122,92,68"/><V128/><F114/><W32/><G131/><T134/><D74/><U85/><E107/><V30/><F124/><W101/><G68/><T81/><D134/><U58/><REACH who="1" step="1"/><E85/><REACH who="1" ten="234,348,228,180" step="2"/><V110/><F104/><W88/><G126/><T38/><D105/><U60/><AGARI ba="0,1" hai="7,8,12,19,23,26,55,58,60,62,67,71,108,111" machi="60" ten="30,4000,0" yaku="1,1,2,1,0,1,53,0" doraHai="127" doraHaiUra="73" who="1" fromWho="1" sc="234,-10,348,50,228,-20,180,-10" /><INIT seed="3,0,0,1,4,92" ten="224,398,208,170" oya="3" hai0="91,123,113,88,72,133,85,81,0,43,115,120,6" hai1="13,93,8,65,130,114,40,74,21,118,117,2,124" hai2="3,38,67,48,112,116,39,55,60,44,106,100,59" hai3="83,54,5,32,20,1,64,121,69,47,109,84,110"/><W45/><G121/><N who="0" m="46667" /><D43/><U22/><E114/><N who="0" m="43529" /><D0/><U31/><E74/><V95/><F112/><W51/><G32/><T42/><D42/><U63/><E124/><V56/><F116/><W75/><G75/><T122/><D6/><U34/><E130/><V103/><F3/><W18/><G1/><T105/><D122/><U11/><E40/><V77/><F77/><W17/><G5/><T90/><D133/><U129/><E129/><V119/><F119/><W99/><G47/><T12/><D12/><U134/><E134/><V27/><F106/><W25/><G64/><T19/><D19/><U89/><E11/><V104/><F104/><W9/><G69/><T126/><D126/><U49/><E49/><V82/><F39/><W53/><G53/><T94/><D105/><U36/><E36/><V111/><F38/><W71/><G71/><T58/><D58/><U87/><E2/><V14/><F56/><W101/><G17/><T33/><D33/><U68/><E34/><V97/><F14/><W29/><G9/><T50/><D50/><U80/><E31/><V86/><F27/><W35/><G35/><T61/><D61/><U7/><E117/><V127/><F127/><W131/><G131/><T15/><D15/><U46/><E118/><V28/><F28/><W4/><G4/><T41/><D41/><U128/><E46/><V16/><F16/><W24/><G25/><T62/><D62/><U98/><E128/><V76/><REACH who="2" step="1"/><F111/><REACH who="2" ten="224,398,198,170" step="2"/><N who="3" m="42507" /><G18/><T26/><D26/><U125/><E125/><V73/><F73/><W96/><G101/><AGARI ba="0,1" hai="7,8,13,21,22,63,65,68,80,87,89,93,98,101" machi="101" ten="30,2000,0" yaku="7,1,52,1" doraHai="92" who="1" fromWho="3" sc="224,0,398,30,198,0,170,-20" /><AGARI ba="0,0" hai="44,48,55,59,60,67,76,82,86,95,97,100,101,103" machi="101" ten="30,8000,1" yaku="1,1,7,1,8,1,52,1,53,1" doraHai="92" doraHaiUra="79" who="2" fromWho="3" sc="224,0,428,0,198,80,150,-80" /><INIT seed="4,0,0,1,3,10" ten="224,428,278,70" oya="0" hai0="98,130,85,8,37,51,18,76,127,74,35,81,39" hai1="52,57,45,69,79,31,19,62,61,50,27,48,59" hai2="6,68,114,49,34,22,109,99,66,86,12,41,116" hai3="24,87,107,103,106,15,4,110,25,28,96,58,54"/><T47/><D35/><U113/><E113/><V46/><F34/><W128/><G128/><T77/><D130/><U94/><E79/><V36/><F109/><W23/><G110/><T65/><D65/><N who="1" m="39103" /><E69/><V104/><F114/><W72/><G72/><T108/><D108/><U133/><E133/><V93/><F116/><W129/><G129/><T33/><D33/><U105/><E105/><V84/><F104/><W80/><G107/><T40/><D127/><U20/><E94/><V71/><F36/><W55/><G25/><T11/><D98/><U32/><E32/><V1/><F1/><W131/><G131/><T29/><D29/><U118/><E118/><V124/><F124/><W97/><G96/><T132/><D132/><U16/><E50/><V134/><F134/><W119/><G119/><T117/><D117/><U2/><E2/><V60/><F71/><W73/><G73/><T3/><D3/><U14/><E14/><V111/><F111/><W0/><G0/><T53/><D18/><U75/><E75/><V13/><F6/><W17/><G4/><T115/><D115/><U38/><E38/><V83/><F22/><W5/><G5/><T135/><D135/><U121/><E121/><V30/><F30/><W21/><REACH who="3" step="1"/><G58/><REACH who="3" ten="224,428,278,60" step="2"/><N who="0" m="33087" /><D74/><U122/><E122/><V95/><F84/><W92/><G92/><N who="2" m="35401" /><F99/><W64/><G64/><AGARI ba="0,1" hai="16,19,20,27,31,45,48,52,57,62,64" m="39103" machi="64" ten="30,3900,0" yaku="8,1,54,2" doraHai="10" who="1" fromWho="3" sc="224,0,428,49,278,0,60,-39" /><INIT seed="5,0,0,1,3,103" ten="224,477,278,21" oya="1" hai0="104,125,32,17,20,121,61,12,124,64,81,112,26" hai1="70,88,49,98,16,127,72,134,8,102,41,54,73" hai2="67,52,22,28,79,37,9,69,83,50,24,107,3" hai3="75,76,60,5,129,111,1,21,108,77,90,18,105"/><U11/><E70/><V46/><F37/><W55/><G90/><T74/><D121/><U128/><E41/><V51/><F107/><W7/><G55/><T66/><D112/><U19/><E127/><V14/><F3/><W122/><G60/><T123/><D123/><U92/><E134/><V133/><F133/><W89/><G89/><T33/><D64/><U109/><E128/><V116/><F116/><W80/><G122/><T25/><D81/><U2/><E109/><N who="3" m="42058" /><G77/><T100/><D74/><U118/><E118/><V119/><F119/><W30/><G30/><T106/><D100/><U85/><E72/><V95/><F95/><W99/><G1/><T78/><D33/><U38/><E38/><V87/><F69/><W97/><G99/><T31/><D25/><U6/><E73/><V27/><F67/><W39/><G39/><T34/><D34/><U84/><E84/><V15/><F50/><W47/><G47/><T56/><REACH who="0" step="1"/><D78/><REACH who="0" ten="214,477,278,21" step="2"/><U132/><E102/><V65/><F65/><W58/><G75/><T62/><D62/><U101/><E132/><V113/><F79/><W94/><G76/><T126/><AGARI ba="0,1" hai="12,17,20,26,31,32,56,61,66,104,106,124,125,126" machi="126" ten="30,12000,2" yaku="1,1,0,1,18,1,52,2,53,1" doraHai="103" doraHaiUra="13" who="0" fromWho="0" sc="214,130,477,-60,278,-30,21,-30" owari="344,14.0,417,52.0,248,-15.0,-9,-51.0" /></mjloggm>