<mjloggm ver="2.3"><GO type="41"/><UN n0="%6D%69%6E%74%69%61" n1="%E8%A5%BF%E5%9B%BD%E5%90%9B" n2="%EF%BC%88%E2%89%A7%E2%96%BD%E2%89%A6%EF%BC%89" n3="%E9%81%BF%E3%81%91%E3%82%8B%E3%83%81%E3%83%BC%E3%82%BA" dan="13,13,15,14" rate="1843,1876,2047,2000" sx="M,M,M,F"/><TAIKYOKU oya="0"/><INIT seed="0,0,0,3,5,17" ten="250,250,250,250" oya="0" hai0="135,108,58,62,73,114,50,38,131,129,103,54,94" hai1="87,70,81,22,16,71,127,31,110,109,96,76,8" hai2="74,107,48,40,106,117,66,51,78,90,130,30,72" hai3="128,10,120,49,12,23,18,13,0,7,92,126,43"/><T97/><D114/><U6/><E31/><V1/><F1/><W45/><G120/><T21/><D73/><U3/><E96/><V88/><F30/><W28/><G128/><N who="0" m="49227" /><D38/><U19/><E127/><V14/><F14/><W116/><G116/><T34/><D34/><U25/><REACH who="1" step="1"/><E19/><REACH who="1" step="2"/><V86/><F117/><W27/><G126/><T84/><D135/><U35/><E35/><V37/><F107/><W82/><G82/><T118/><D118/><U123/><E123/><V75/><F106/><W125/><G92/><T53/><D108/><AGARI ba="0,1" hai="3,6,8,16,22,25,70,71,76,81,87,108,109,110" machi="108" ten="40,8000,1" yaku="1,1,14,1,52,1,54,1,53,0" doraHai="17" doraHaiUra="132" who="1" fromWho="0" sc="250,-80,240,90,250,0,250,0" /><INIT seed="1,0,0,1,3,17" ten="170,330,250,250" oya="1" hai0="64,74,47,123,15,56,24,126,80,94,115,8,53" hai1="79,60,3,21,34,133,52,95,2,9,20,119,111" hai2="45,49,75,26,57,63,14,13,22,55,112,44,121" hai3="127,113,40,37,29,76,73,81,110,107,16,122,48"/><U27/><E119/><V130/><F121/><W82/><G122/><T12/><D123/><U36/><E36/><V0/><F0/><W43/><G107/><T106/><D106/><U1/><E133/><V129/><F75/><W91/><G113/><T51/><D115/><U98/><E79/><V88/><F112/><W25/><G37/><T11/><D126/><U93/><E95/><V58/><F130/><W120/><G120/><T54/><D64/><U69/><E9/><V50/><F129/><W135/><G135/><T104/><D104/><U114/><E114/><V30/><F88/><W28/><G127/><T131/><D131/><U7/><E69/><V62/><F58/><W59/><G110/><T124/><D94/><U117/><E7/><V100/><F100/><W72/><G59/><T70/><D70/><U132/><E117/><V84/><F84/><W77/><G91/><T90/><D124/><U65/><E132/><V46/><REACH who="2" step="1"/><F49/><REACH who="2" step="2"/><W31/><G48/><T97/><D74/><U39/><E39/><V4/><F4/><W96/><G96/><T61/><D97/><U109/><E111/><V92/><F92/><W116/><G116/><T125/><D90/><U18/><E93/><V134/><F134/><W66/><G73/><T71/><D71/><U10/><E98/><V78/><F78/><W128/><G72/><T118/><D118/><U105/><E109/><V41/><F41/><W19/><G77/><T103/><D103/><U87/><E3/><V35/><F35/><W86/><G76/><T102/><D125/><U101/><E34/><V68/><F68/><RYUUKYOKU ba="0,1" sc="170,-10,330,-10,240,30,250,-10" hai2="13,14,22,26,30,44,45,46,50,55,57,62,63" /><INIT seed="2,1,1,1,4,102" ten="160,320,270,240" oya="2" hai0="25,100,44,128,40,90,108,86,35,48,15,66,39" hai1="37,59,111,76,43,30,119,0,134,47,133,70,61" hai2="88,110,14,125,54,116,81,64,2,99,97,26,24" hai3="49,63,109,93,77,112,129,57,83,5,75,50,131"/><V53/><F2/><W121/><G121/><T38/><D128/><N who="3" m="49225" /><G109/><T104/><D66/><U32/><E119/><V127/><F64/><W46/><G5/><T114/><D114/><U36/><E111/><V20/><F14/><W135/><G112/><T3/><D3/><U55/><E70/><V71/><F71/><W117/><G117/><T107/><D100/><U89/><E0/><V94/><F81/><W22/><G46/><T98/><D98/><U79/><E37/><V28/><F110/><W72/><G72/><T19/><D108/><U105/><E105/><V52/><F116/><W9/><G9/><T45/><D39/><U67/><E67/><V8/><F8/><W13/><G93/><T132/><D25/><N who="1" m="18511" /><E89/><V85/><REACH who="2" step="1"/><F26/><REACH who="2" step="2"/><W11/><G11/><T60/><D15/><U68/><E68/><V27/><F27/><W31/><G13/><T41/><D35/><U17/><E17/><V118/><F118/><W126/><G83/><T120/><D19/><U4/><E4/><V34/><F34/><W96/><G31/><T130/><D120/><U7/><E7/><V21/><F21/><W16/><G22/><T84/><D38/><U92/><E92/><V18/><F18/><W115/><G16/><T74/><D104/><U65/><E65/><V1/><F1/><W29/><G29/><T58/><D107/><U91/><E36/><V122/><F122/><W56/><G115/><T69/><D69/><U124/><E76/><V10/><F10/><W87/><G77/><T73/><D73/><U82/><E79/><V80/><F80/><W51/><G75/><RYUUKYOKU ba="1,2" sc="160,-10,320,-10,260,30,240,-10" hai2="20,24,28,52,53,54,85,88,94,97,99,125,127" /><INIT seed="2,2,2,4,1,78" ten="150,310,290,230" oya="2" hai0="28,65,63,36,126,20,30,52,135,93,85,50,103" hai1="134,66,122,82,109,104,133,87,29,16,61,113,22" hai2="26,0,18,62,37,8,2,114,115,123,124,132,53" hai3="51,12,121,84,13,75,47,15,31,39,72,42,129"/><V9/><F37/><W40/><G121/><T70/><D36/><U23/><E113/><N who="2" m="43019" /><F53/><W98/><G129/><T71/><D71/><U107/><E122/><V131/><F62/><W119/><G119/><T41/><D41/><U81/><E29/><V58/><F58/><W49/><G31/><T68/><D68/><N who="1" m="42063" /><E109/><V4/><F123/><W1/><G1/><N who="2" m="617" /><F131/><W90/><G98/><T27/><D135/><N who="1" m="51723" /><E23/><N who="2" m="13687" /><F132/><W74/><REACH who="3" step="1"/><G42/><REACH who="3" step="2"/><T3/><D3/><U77/><E82/><AGARI ba="2,3" hai="12,13,15,39,40,47,49,51,72,74,75,82,84,90" machi="82" ten="50,8000,1" yaku="1,1,2,1,52,1,53,1" doraHai="78" doraHaiUra="86" who="3" fromWho="1" sc="150,0,310,-86,290,0,220,116" /><INIT seed="3,0,0,0,2,59" ten="150,224,290,336" oya="3" hai0="44,77,76,26,125,121,31,94,27,36,10,52,127" hai1="32,42,106,19,129,95,47,98,85,33,50,1,115" hai2="107,128,48,56,131,24,17,88,87,117,110,111,74" hai3="78,112,81,25,64,80,72,126,123,86,11,61,91"/><W46/><G123/><T58/><D121/><U38/><E129/><N who="2" m="49739" /><F117/><W122/><G122/><T0/><D27/><U39/><E115/><V105/><F74/><W92/><G112/><T4/><D44/><U108/><E108/><N who="2" m="41515" /><F24/><W67/><G126/><N who="0" m="48139" /><D36/><U75/><E75/><V16/><F48/><W130/><G130/><T90/><D90/><U55/><E1/><V133/><F56/><W104/><G104/><N who="2" m="40009" /><F133/><W68/><G67/><T28/><D94/><AGARI ba="0,0" hai="16,17,87,88,94" m="40009,41515,49739" machi="94" ten="40,8000,1" yaku="19,1,14,1,54,2" doraHai="59" who="2" fromWho="0" sc="150,-80,224,0,290,80,336,0" /><INIT seed="4,0,0,2,2,101" ten="70,224,370,336" oya="0" hai0="77,50,119,11,96,32,130,45,33,105,108,60,95" hai1="42,6,67,84,37,97,116,48,3,49,126,74,63" hai2="47,38,18,28,100,134,54,70,69,53,23,34,98" hai3="19,62,110,20,59,133,57,121,103,88,64,122,73"/><T52/><D119/><U27/><E116/><V79/><F134/><W17/><G73/><T107/><D77/><U51/><E126/><V31/><F79/><W72/><G72/><T76/><D76/><U12/><E3/><V39/><F34/><W109/><G133/><T132/><D132/><U124/><E74/><V2/><F2/><W71/><G103/><T90/><D108/><U4/><E124/><V55/><F47/><W117/><G117/><T44/><D130/><U16/><E27/><V15/><F70/><W131/><G131/><T135/><D135/><U128/><E128/><V78/><F69/><W1/><G1/><T21/><D11/><U93/><E84/><V86/><F39/><W114/><G114/><T112/><D112/><U10/><E42/><V92/><REACH who="2" step="1"/><F38/><REACH who="2" step="2"/><W5/><G110/><T91/><D44/><U111/><E37/><V26/><F26/><W83/><G109/><T123/><D123/><U41/><E111/><V68/><F68/><W25/><G71/><T56/><D32/><U129/><E41/><V120/><F120/><W40/><G122/><T8/><D33/><U85/><E129/><V102/><F102/><W65/><G25/><T61/><D91/><U75/><E75/><V113/><F113/><W58/><G121/><T94/><D8/><U118/><E118/><V104/><F104/><W30/><G59/><T29/><D95/><U89/><REACH who="1" step="1"/><E85/><REACH who="1" step="2"/><V35/><F35/><W46/><G40/><T13/><D56/><AGARI ba="0,2" hai="4,6,10,12,16,48,49,51,56,63,67,89,93,97" machi="56" ten="40,8000,1" yaku="1,1,2,1,8,1,54,1,53,0" doraHai="101" doraHaiUra="127" who="1" fromWho="0" sc="70,-80,214,100,360,0,336,0" owari="-10,-51.0,314,-9.0,360,46.0,336,14.0" /></mjloggm>