<mjloggm ver="2.3"><GO type="41"/><UN n0="%E3%82%A6%E3%83%AB%E3%83%88%E3%83%A9%E7%AB%8B%E7%9B%B4" n1="%74%61%6B%61%33%30%77" n2="%E6%9A%B4%E3%82%8C%E3%82%93%E5%9D%8A%E5%A4%A7%E7%8E%8B" n3="%E3%83%90%E3%83%B3%E3%83%96%E3%83%BC%E3%83%A1%E3%83%A2%E3%83%AA%E3%83%BC" dan="15,14,14,14" rate="2001,1913,2019,1938" sx="M,M,M,M"/><TAIKYOKU oya="0"/><INIT seed="0,0,0,5,3,33" ten="250,250,250,250" oya="0" hai0="21,39,63,30,86,92,55,9,15,68,130,5,50" hai1="75,62,34,91,35,87,107,93,133,25,120,53,13" hai2="36,79,106,112,19,127,46,28,95,105,108,61,132" hai3="128,82,1,111,124,65,90,57,58,40,38,74,45"/><T94/><D39/><U17/><E75/><V6/><F95/><W12/><G1/><T102/><D130/><U44/><E120/><V14/><F79/><W23/><G128/><T99/><D68/><U49/><E107/><V100/><F61/><W85/><G124/><T96/><D63/><U8/><E133/><V98/><F28/><W116/><G116/><T125/><D125/><U18/><E25/><V115/><F127/><W80/><G111/><T122/><D122/><U70/><E70/><V89/><F108/><W11/><G23/><T22/><D86/><U121/><E121/><V32/><F32/><W43/><G40/><T51/><D51/><U83/><E62/><V103/><F6/><W129/><G129/><T64/><D64/><U117/><E117/><V56/><F89/><W118/><G118/><T123/><D30/><U78/><E78/><V110/><F110/><W31/><G31/><T16/><D5/><U69/><E69/><V66/><F66/><W10/><G10/><T41/><D41/><U114/><E114/><V84/><F132/><W59/><G65/><T77/><D77/><N who="1" m="46575" /><E18/><V52/><F36/><W29/><G29/><T37/><D37/><U0/><E0/><V119/><F119/><W101/><G101/><N who="0" m="60551" /><D123/><U72/><E72/><V42/><F115/><W20/><G20/><T97/><D97/><N who="1" m="57535" /><E35/><V73/><F112/><W104/><G104/><T126/><D126/><U109/><E34/><V67/><F73/><W81/><G74/><T76/><D76/><U88/><E109/><V4/><F106/><W71/><G71/><T26/><D26/><RYUUKYOKU ba="0,0" sc="250,10,250,10,250,-30,250,10" hai0="9,15,16,21,22,50,55,94,99,102" hai1="8,13,17,44,49,53,88" hai3="11,12,38,43,45,57,58,59,80,81,82,85,90" /><INIT seed="0,1,0,0,0,95" ten="260,260,220,260" oya="0" hai0="20,74,129,62,37,135,6,54,68,11,26,93,69" hai1="117,114,51,113,101,46,110,48,85,17,78,21,75" hai2="47,52,64,40,83,70,131,79,105,24,80,100,118" hai3="71,1,96,38,67,116,125,130,122,63,9,15,65"/><T106/><D106/><U14/><E117/><V90/><F118/><W82/><G122/><T88/><D74/><U49/><E110/><V108/><F108/><W7/><G116/><T31/><D37/><U121/><E121/><V59/><F131/><W57/><G125/><T29/><D129/><U23/><E75/><V123/><F123/><W27/><G130/><T104/><D104/><U53/><E101/><V45/><F90/><W92/><G38/><T134/><D31/><U35/><E35/><V103/><F47/><W97/><G1/><T32/><D32/><U39/><E39/><V89/><F89/><W111/><G111/><T36/><D36/><U119/><E119/><V19/><F45/><W41/><G41/><T73/><D73/><U120/><E120/><V16/><F40/><W42/><G42/><T87/><D54/><U133/><E133/><N who="0" m="50697" /><D62/><U13/><E85/><V127/><F127/><W124/><G124/><T86/><D86/><U22/><E78/><V128/><F128/><W30/><G71/><T72/><D72/><U56/><E46/><V112/><F70/><W94/><G82/><T132/><N who="0" m="50705" /><T5/><DORA hai="25" /><D5/><U50/><REACH who="1" step="1"/><E13/><AGARI ba="1,0" hai="6,11,13,20,26,29,68,69,87,88,93" m="50705" machi="13" ten="40,7700,0" yaku="20,1,52,1,54,1" doraHai="95,25" who="0" fromWho="1" sc="260,80,260,-80,220,0,260,0" /><INIT seed="0,2,0,0,4,71" ten="340,180,220,260" oya="0" hai0="107,88,104,49,103,55,130,17,31,41,14,128,69" hai1="64,112,117,39,43,68,59,22,44,35,67,96,121" hai2="27,50,73,95,123,133,53,74,85,26,99,82,4" hai3="100,45,52,51,75,80,0,97,25,6,108,84,94"/><T86/><D69/><U125/><E35/><V101/><F123/><W47/><G75/><T37/><D31/><U21/><E96/><V115/><F115/><W61/><G108/><T57/><D103/><U102/><E102/><V23/><F133/><W127/><G127/><T19/><D19/><U9/><E9/><V114/><F4/><W120/><G120/><T16/><D17/><U5/><E121/><V48/><F48/><W29/><G61/><T76/><D76/><U38/><E5/><V33/><F33/><W70/><G70/><T11/><D41/><U12/><E117/><V135/><F135/><W132/><G132/><T30/><D30/><U34/><E34/><V62/><F62/><W79/><G0/><T81/><D37/><N who="1" m="21615" /><E12/><V83/><F114/><W7/><REACH who="3" step="1"/><G45/><REACH who="3" ten="340,180,220,250" step="2"/><T13/><REACH who="0" step="1"/><D14/><REACH who="0" ten="330,180,220,250" step="2"/><U32/><E125/><V58/><F74/><W129/><G129/><AGARI ba="2,2" hai="11,13,16,49,55,57,81,86,88,104,107,128,129,130" machi="129" ten="40,12000,1" yaku="1,1,2,1,19,1,54,2,53,0" doraHai="71" doraHaiUra="110" who="0" fromWho="3" sc="330,146,180,0,220,0,250,-126" /><INIT seed="0,3,0,5,5,108" ten="476,180,220,124" oya="0" hai0="133,122,56,79,91,13,126,4,67,25,41,52,131" hai1="127,55,96,74,1,65,106,105,109,53,60,33,134" hai2="35,28,87,19,98,128,48,117,9,17,21,94,66" hai3="43,5,12,88,115,0,95,71,14,58,97,114,76"/><T116/><D122/><U62/><E1/><V93/><F117/><W42/><G71/><T29/><D116/><U132/><E33/><V2/><F35/><W10/><G76/><T81/><D67/><U57/><E74/><V46/><F28/><W70/><G70/><T104/><D104/><U112/><E96/><V102/><F128/><W80/><G80/><T99/><D41/><U100/><E100/><V59/><F2/><W45/><G58/><T23/><D131/><U124/><E109/><V85/><F9/><W18/><G14/><T15/><D126/><N who="1" m="48171" /><E112/><V103/><F66/><W49/><G42/><T54/><D133/><N who="1" m="51307" /><E106/><V82/><F59/><W84/><G97/><T30/><D30/><U40/><E105/><V92/><F98/><W130/><G130/><T111/><D111/><U44/><E62/><V135/><F135/><W36/><G36/><AGARI ba="3,0" hai="36,40,44,53,55,57,60,65" m="51307,48171" machi="36" ten="30,7700,0" yaku="18,1,20,1,34,2" doraHai="108" who="1" fromWho="3" sc="476,0,180,86,220,0,124,-86" /><INIT seed="1,0,0,3,4,10" ten="476,266,220,38" oya="1" hai0="102,131,84,32,76,127,24,19,36,31,114,71,88" hai1="70,1,90,95,53,117,106,60,17,116,96,22,2" hai2="41,104,4,85,135,26,78,100,118,67,64,113,115" hai3="75,82,37,77,50,128,52,55,57,25,99,42,35"/><U105/><E106/><V0/><F118/><W15/><G128/><T101/><D114/><U59/><E105/><V20/><F41/><W29/><G37/><T46/><D71/><U110/><E110/><V130/><F130/><W54/><G42/><T65/><D65/><U38/><E38/><V34/><F34/><W98/><G98/><T111/><D131/><U109/><E109/><V91/><F78/><W74/><G74/><T119/><D119/><U49/><E117/><V93/><F135/><W39/><G39/><T56/><D76/><U12/><E116/><V129/><F129/><W63/><G50/><T123/><D46/><U61/><E60/><V72/><F72/><W83/><G82/><T112/><D36/><U68/><REACH who="1" step="1"/><E61/><REACH who="1" ten="476,256,220,38" step="2"/><V97/><F115/><W28/><G29/><T5/><D31/><U16/><E16/><V33/><F113/><W86/><G75/><T14/><D19/><U121/><E121/><V21/><F4/><W45/><G45/><T94/><D123/><U79/><E79/><V18/><F18/><W125/><G125/><T133/><D127/><U122/><E122/><V40/><F67/><W134/><G134/><T92/><D133/><U69/><AGARI ba="0,1" hai="1,2,12,17,22,49,53,59,68,69,70,90,95,96" machi="69" ten="30,11700,0" yaku="1,1,0,1,52,1,53,1" doraHai="10" doraHaiUra="44" who="1" fromWho="1" sc="476,-39,256,127,220,-39,38,-39" owari="437,54.0,383,18.0,181,-22.0,-1,-50.0" /></mjloggm>