<mjloggm ver="2.3"><GO type="169"/><UN n0="%E8%8A%8B%EF%BC%A0%EF%BC%90%EF%BC%98%E2%80%99" n1="%EF%BC%88%E2%89%A7%E2%96%BD%E2%89%A6%EF%BC%89" n2="%6E%65%6F%40%75%6E%69" n3="%61%6D%61%6A%69%73%68%69" dan="16,18,17,16" rate="2095,2203,2170,2100" sx="M,M,M,M"/><TAIKYOKU oya="0"/><INIT seed="0,0,0,5,5,102" ten="250,250,250,250" oya="0" hai0="133,132,62,45,58,66,52,61,126,17,104,98,41" hai1="9,107,37,67,55,100,91,97,12,117,8,96,4" hai2="7,92,116,59,22,71,84,128,48,57,49,10,108" hai3="1,24,56,38,109,120,14,118,74,73,72,69,6"/><T89/><D17/><U68/><E117/><V101/><F108/><W119/><G14/><T21/><D21/><U51/><E37/><V76/><F128/><W77/><G56/><T27/><D27/><U11/><E68/><V43/><F71/><W30/><G77/><T127/><D89/><U29/><E67/><V106/><F116/><W111/><G120/><T36/><D98/><U63/><E63/><V64/><F22/><W39/><G24/><T103/><D104/><U130/><E130/><V0/><F106/><W25/><G25/><T44/><D103/><U134/><E134/><N who="0" m="51817" /><D45/><U2/><E29/><V122/><F101/><W131/><G30/><T86/><D86/><U99/><E91/><V110/><F110/><N who="3" m="41995" /><G131/><T135/><D135/><U50/><E8/><V121/><F76/><W87/><G87/><T42/><D42/><U16/><REACH who="1" step="1"/><E51/><REACH who="1" ten="250,240,250,250" step="2"/><V88/><F49/><W70/><G118/><T114/><D114/><U113/><E113/><V23/><F122/><W33/><G119/><T3/><D3/><U65/><E65/><V112/><F121/><W46/><G1/><T40/><D40/><U35/><E35/><V80/><F43/><W31/><G33/><T90/><D90/><U78/><E78/><V105/><F0/><W85/><G31/><T19/><D19/><U20/><E20/><V47/><F23/><W129/><G129/><T32/><D32/><U82/><E82/><V124/><F80/><W5/><G5/><T125/><D66/><U53/><E53/><N who="2" m="31911" /><F64/><W26/><G6/><T81/><D81/><U115/><E115/><V13/><F112/><RYUUKYOKU ba="0,1" sc="250,15,240,15,250,-15,250,-15" hai0="36,41,44,52,58,61,62,125,126,127" hai1="2,4,9,11,12,16,50,55,96,97,99,100,107" /><INIT seed="0,1,1,5,4,20" ten="265,255,235,235" oya="0" hai0="69,58,36,64,31,49,55,68,9,22,106,80,109" hai1="25,113,0,126,107,135,44,30,8,99,60,2,104" hai2="130,19,112,131,78,6,84,51,121,42,98,94,52" hai3="50,124,41,132,75,97,35,39,96,117,61,83,48"/><T7/><D106/><U134/><E126/><V11/><F112/><W91/><G35/><T54/><D36/><U89/><E113/><V93/><F42/><W59/><G117/><T21/><D109/><U95/><E44/><V118/><F118/><W17/><G124/><T76/><D55/><U46/><E46/><V45/><F19/><W108/><G108/><T77/><D77/><U65/><E104/><V28/><F28/><W110/><G39/><T114/><D114/><U125/><E107/><V5/><F121/><W133/><G41/><T88/><D88/><N who="1" m="55783" /><E8/><V122/><F122/><W74/><G74/><T115/><D115/><U23/><E89/><N who="2" m="53415" /><F11/><W100/><G75/><T101/><D101/><U90/><E90/><N who="2" m="55639" /><F78/><W12/><G100/><T73/><D64/><U103/><E103/><V34/><F34/><W72/><G72/><T70/><REACH who="0" step="1"/><D31/><REACH who="0" ten="255,255,235,235" step="2"/><U105/><E105/><V123/><F123/><W26/><G110/><T85/><D85/><U53/><E125/><V40/><F40/><W14/><G97/><T92/><D92/><U119/><E119/><V27/><F131/><W81/><G96/><T38/><D38/><U116/><E116/><V33/><F130/><W57/><G91/><T10/><D10/><U67/><E53/><V129/><F129/><W120/><G120/><T18/><D18/><U16/><E30/><V66/><F66/><W24/><G17/><T47/><D47/><U63/><E67/><V71/><F71/><W87/><G87/><T56/><D56/><U37/><E37/><V111/><F111/><W4/><G4/><T32/><D32/><RYUUKYOKU ba="1,2" sc="255,10,255,-30,235,10,235,10" hai0="7,9,21,22,49,54,58,68,69,70,73,76,80" hai2="5,6,27,33,45,51,52" hai3="12,14,24,26,48,50,57,59,61,81,83,132,133" /><INIT seed="0,2,2,1,1,89" ten="265,225,245,245" oya="0" hai0="25,103,13,47,115,51,98,117,37,63,8,55,126" hai1="84,35,70,73,107,121,6,28,77,80,57,105,48" hai2="104,72,69,111,2,129,32,78,95,130,102,18,96" hai3="15,66,100,36,118,20,21,30,54,26,41,0,44"/><T74/><D115/><U75/><E70/><V61/><F2/><W106/><G0/><T135/><D117/><U108/><E121/><V132/><F132/><W59/><G66/><T60/><D135/><U22/><E35/><V109/><F32/><W10/><G106/><T128/><D74/><U81/><E108/><N who="2" m="41547" /><F18/><W133/><G133/><T125/><D25/><U113/><E113/><V33/><F33/><W68/><G68/><T31/><D31/><U39/><E39/><V49/><F49/><W46/><G46/><T53/><D37/><U3/><E3/><V40/><F40/><W45/><G45/><T91/><D91/><U119/><E119/><V124/><F61/><W11/><G100/><T27/><D27/><U110/><E110/><V90/><F69/><W38/><G38/><T99/><D99/><U82/><E28/><V92/><F124/><N who="0" m="47722" /><D55/><U71/><E71/><V112/><F112/><W76/><G118/><T58/><D63/><U12/><E75/><V50/><F50/><W127/><G127/><T24/><D24/><U62/><E73/><V42/><F42/><W29/><G29/><T93/><D13/><U17/><E48/><V34/><F34/><W43/><G36/><T9/><D9/><N who="1" m="4151" /><E62/><V120/><F120/><W79/><G30/><T122/><D8/><U87/><E57/><V101/><F104/><N who="1" m="40009" /><E77/><V65/><F65/><W56/><G76/><T86/><D122/><U97/><E97/><N who="2" m="57495" /><F101/><W5/><G56/><T14/><D58/><U52/><E52/><V131/><F78/><W16/><G79/><T23/><D60/><U85/><E85/><RYUUKYOKU ba="2,2" sc="265,-15,225,15,245,15,245,-15" hai1="17,22,80,81,82,84,87" hai2="72,95,96,102,129,130,131" /><INIT seed="1,3,2,5,0,96" ten="250,240,260,230" oya="1" hai0="17,69,107,83,50,15,19,80,130,117,86,131,92" hai1="120,106,49,36,6,91,108,55,87,76,67,122,95" hai2="8,38,88,53,43,85,37,98,77,71,46,2,133" hai3="114,27,89,20,94,52,18,72,47,1,30,16,61"/><U124/><E36/><V128/><F128/><N who="0" m="49194" /><D107/><U73/><E124/><V112/><F133/><W132/><G114/><T84/><D69/><U75/><E6/><V22/><F71/><W32/><G132/><T23/><D117/><U14/><E14/><V78/><F38/><W74/><G1/><T66/><D66/><U56/><E108/><V41/><F43/><W100/><G100/><T119/><D119/><U28/><E28/><V65/><F65/><W134/><G134/><T113/><D113/><U58/><E106/><V68/><F68/><W79/><G79/><T3/><D3/><U24/><E24/><V101/><F53/><W33/><G33/><T40/><D17/><U34/><E34/><V0/><F22/><W62/><G72/><T99/><D50/><U7/><E7/><V109/><F109/><W31/><G74/><T25/><D40/><U42/><E42/><V126/><F126/><W60/><G18/><N who="0" m="12535" /><D80/><U110/><E110/><V104/><F112/><W127/><G32/><T54/><D54/><U121/><REACH who="1" step="1"/><E76/><REACH who="1" ten="250,230,260,230" step="2"/><V90/><F77/><W97/><G127/><T105/><D105/><U51/><E51/><AGARI ba="3,3" hai="16,20,27,30,31,47,51,52,60,61,62,89,94,97" machi="51" ten="40,5200,0" yaku="8,1,54,2" doraHai="96" who="3" fromWho="1" sc="250,0,230,-61,260,0,230,91" /><INIT seed="2,0,0,5,5,8" ten="250,169,260,321" oya="2" hai0="117,67,45,109,133,126,19,76,21,114,119,18,111" hai1="66,17,43,37,59,26,85,86,90,3,51,107,24" hai2="78,34,35,46,56,69,9,104,32,97,25,129,82" hai3="91,122,92,64,10,38,125,11,81,72,53,77,124"/><V80/><F69/><W36/><G122/><T95/><D67/><U131/><E107/><V105/><F129/><W127/><G64/><T71/><D71/><U52/><E3/><V101/><F104/><W28/><G28/><T132/><D76/><U130/><E66/><V88/><F56/><W22/><G22/><T110/><D95/><U14/><E37/><N who="3" m="14442" /><G53/><T2/><D45/><N who="1" m="26047" /><E131/><V128/><F46/><W48/><G48/><T31/><D2/><U65/><E65/><V87/><F9/><W61/><G61/><T113/><D31/><U63/><E130/><V7/><F7/><W42/><G42/><T68/><D68/><U103/><E103/><V40/><F40/><W20/><G20/><T1/><D1/><U49/><E63/><V55/><F55/><W33/><G33/><T120/><D120/><U47/><E59/><V121/><F128/><W6/><G6/><T44/><D44/><U39/><E39/><V83/><F121/><W89/><G92/><T29/><D29/><U98/><E26/><V54/><F54/><W23/><G23/><T4/><D4/><U112/><E24/><V116/><F25/><W84/><G72/><T62/><D62/><U123/><E123/><V102/><F102/><W57/><G57/><T108/><D108/><U74/><E74/><V15/><F34/><W75/><G75/><T99/><D99/><U79/><E98/><V0/><F0/><W135/><G135/><N who="0" m="51787" /><D21/><U12/><E47/><V41/><F35/><W93/><G93/><T134/><N who="0" m="51795" /><T16/><DORA hai="60" /><D126/><U50/><E52/><V13/><F32/><RYUUKYOKU ba="0,0" sc="250,15,169,-15,260,-15,321,15" hai0="16,18,19,109,110,111,113,114,117,119" hai3="10,11,77,81,84,89,91,124,125,127" /><INIT seed="3,1,0,5,2,46" ten="265,154,245,336" oya="3" hai0="25,50,97,3,133,84,21,18,102,17,16,113,116" hai1="85,86,72,121,31,129,91,103,0,8,131,105,53" hai2="83,42,13,110,77,22,135,76,30,65,11,1,115" hai3="61,5,79,52,9,20,127,88,58,49,32,100,68"/><W64/><G127/><T117/><D3/><U108/><E31/><V27/><F135/><W95/><G32/><T107/><D133/><U55/><E121/><V41/><F110/><W10/><G79/><T92/><D113/><U24/><E24/><V123/><F115/><W89/><G5/><T40/><D107/><U122/><E122/><V106/><F106/><W54/><G54/><T119/><REACH who="0" step="1"/><D84/><REACH who="0" ten="255,154,245,336" step="2"/><U93/><E86/><V66/><F1/><W63/><G63/><T60/><D60/><U26/><E85/><V12/><F123/><W43/><G100/><T69/><D69/><U67/><E103/><V38/><F76/><W128/><G89/><T7/><D7/><U19/><E91/><V71/><F71/><W6/><G128/><T2/><D2/><U44/><E0/><V94/><F77/><W45/><G6/><T120/><D120/><U59/><E131/><V74/><F74/><W78/><G78/><T98/><D98/><U109/><E72/><V114/><F114/><W51/><G20/><T111/><D111/><U57/><E109/><V35/><F22/><W37/><G10/><T124/><D124/><U15/><E8/><V126/><F11/><W56/><G9/><T132/><D132/><U99/><E129/><V39/><F126/><W82/><G68/><T33/><D33/><U101/><E108/><V125/><F35/><W23/><G23/><T62/><D62/><U29/><E99/><V87/><F87/><N who="3" m="52639" /><G82/><T36/><D36/><U4/><E4/><V118/><F83/><W80/><G80/><T73/><D73/><U75/><E75/><RYUUKYOKU ba="1,1" sc="255,15,154,-15,245,-15,336,15" hai0="16,17,18,21,25,40,50,92,97,102,116,117,119" hai3="37,43,45,49,51,52,56,58,61,64" /><INIT seed="3,2,1,3,0,33" ten="270,139,230,351" oya="3" hai0="66,11,130,27,101,113,116,58,69,120,95,0,35" hai1="88,36,6,8,28,1,12,87,107,21,7,10,76" hai2="112,118,4,50,59,42,123,63,92,54,133,97,132" hai3="82,41,74,3,51,75,78,31,29,17,104,71,100"/><W135/><G71/><T73/><D58/><U70/><E107/><V18/><F112/><W105/><G3/><T131/><D116/><U108/><E70/><V81/><F118/><W32/><G75/><T48/><D73/><U60/><E36/><V24/><F123/><W49/><G32/><T96/><D120/><U93/><E108/><V111/><F4/><W9/><G51/><T44/><D113/><U86/><E60/><V2/><F2/><W25/><G135/><T127/><D127/><U91/><E76/><V67/><F81/><W72/><G72/><T16/><D66/><U34/><E34/><V68/><F42/><W62/><G62/><T53/><D69/><U84/><REACH who="1" step="1"/><E93/><REACH who="1" ten="270,129,230,351" step="2"/><V128/><F111/><W121/><G104/><T110/><D110/><U45/><E45/><V90/><F128/><W65/><G121/><T55/><D130/><U22/><E22/><V103/><F133/><W134/><G134/><T14/><D131/><U43/><E43/><V23/><REACH who="2" step="1"/><F132/><REACH who="2" ten="270,129,220,351" step="2"/><W56/><G82/><T79/><D79/><U57/><E57/><V5/><F5/><W30/><G56/><T20/><D44/><U98/><E98/><V89/><AGARI ba="2,3" hai="18,23,24,50,54,59,63,67,68,89,90,92,97,103" machi="89" ten="30,4000,0" yaku="1,1,0,1,53,1" doraHai="33" doraHaiUra="15" who="2" fromWho="2" sc="270,-12,129,-12,220,76,351,-22" /><INIT seed="4,0,0,0,3,86" ten="258,117,296,329" oya="0" hai0="117,100,109,8,31,121,18,74,79,84,124,120,87" hai1="83,38,16,39,21,15,56,35,62,103,80,92,115" hai2="14,26,9,88,102,73,32,4,97,17,7,49,93" hai3="91,108,107,90,24,134,105,127,122,29,118,13,54"/><T132/><D31/><U42/><E35/><V78/><F73/><W98/><G118/><T25/><D117/><U47/><E115/><V5/><F78/><W85/><G108/><T68/><D68/><U60/><E39/><V11/><F32/><W64/><G64/><T22/><D109/><U131/><E131/><V101/><F26/><W95/><G134/><T43/><D43/><U111/><E111/><V123/><F123/><W119/><G127/><T46/><D46/><U23/><E23/><V30/><F30/><W44/><G13/><T72/><D132/><U58/><E103/><V125/><F125/><W45/><G119/><T130/><D100/><N who="2" m="38506" /><F49/><W112/><G45/><T77/><D124/><U37/><E37/><V135/><F135/><W20/><G112/><T57/><D130/><U52/><REACH who="1" step="1"/><E92/><REACH who="1" ten="258,107,296,329" step="2"/><V89/><F11/><W106/><G122/><T61/><D8/><U67/><AGARI ba="0,1" hai="15,16,21,38,42,47,52,56,58,60,62,67,80,83" machi="67" ten="20,12000,2" yaku="1,1,2,1,0,1,7,1,54,2,53,0" doraHai="86" doraHaiUra="2" who="1" fromWho="1" sc="258,-60,107,130,296,-30,329,-30" /><INIT seed="5,0,0,5,0,110" ten="198,237,266,299" oya="1" hai0="10,45,63,97,129,104,29,111,38,67,75,94,33" hai1="86,64,83,114,41,73,113,23,133,131,21,66,40" hai2="49,27,77,3,32,84,55,121,135,50,12,16,107" hai3="117,28,0,122,2,31,98,48,19,60,51,128,70"/><U130/><E73/><V92/><F135/><W61/><G122/><T127/><D111/><U132/><E86/><V105/><F3/><W24/><G98/><T7/><D129/><U35/><E83/><V96/><F121/><W95/><G95/><T62/><D127/><U15/><E15/><V119/><F119/><W108/><G128/><T120/><D120/><U115/><E115/><V89/><F50/><W82/><G82/><T52/><D75/><U85/><E85/><V36/><F36/><W13/><G13/><T46/><D104/><U9/><E9/><V8/><F77/><W78/><G78/><T53/><D29/><U112/><E112/><V30/><REACH who="2" step="1"/><F96/><REACH who="2" ten="198,237,256,299" step="2"/><W100/><G117/><T69/><D38/><U116/><E116/><V18/><F18/><W102/><G19/><T101/><D63/><U109/><E109/><V20/><F20/><W118/><G118/><T14/><REACH who="0" step="1"/><D33/><AGARI ba="0,1" hai="21,23,33,35,40,41,64,66,113,114,130,131,132,133" machi="33" ten="25,9600,0" yaku="22,2,52,2" doraHai="110" who="1" fromWho="0" sc="198,-96,237,106,256,0,299,0" /><INIT seed="5,1,0,2,4,25" ten="102,343,256,299" oya="1" hai0="5,103,125,67,97,20,126,131,80,82,62,88,46" hai1="13,84,130,16,68,3,99,47,23,127,81,78,56" hai2="29,119,109,134,128,12,114,92,75,58,122,72,26" hai3="48,41,21,116,135,105,83,8,65,132,39,45,57"/><U110/><E68/><V118/><F92/><W44/><G105/><T115/><D115/><U104/><E3/><V9/><F58/><W66/><G83/><T53/><D131/><U86/><E130/><V27/><F128/><W111/><G111/><T77/><D5/><U35/><E110/><V69/><F69/><W28/><G8/><T101/><D20/><U91/><E127/><N who="0" m="48649" /><D53/><U95/><E35/><V42/><F42/><W4/><G4/><T87/><D46/><U100/><E47/><V31/><F109/><W123/><G123/><T73/><D62/><U22/><E56/><V2/><F75/><W59/><G116/><T52/><D52/><U55/><E55/><V10/><F72/><W70/><G21/><AGARI ba="1,0" hai="13,16,21,22,23,78,81,84,86,91,95,99,100,104" machi="21" ten="30,2900,0" yaku="7,1,54,1" doraHai="25" who="1" fromWho="3" sc="102,0,343,32,256,0,299,-32" /><INIT seed="5,2,0,5,2,1" ten="102,375,256,267" oya="1" hai0="3,7,89,128,113,121,62,129,98,70,87,13,35" hai1="96,100,16,58,41,120,36,54,122,55,14,135,21" hai2="75,24,27,28,126,81,37,33,112,64,108,134,119" hai3="85,47,115,40,22,31,82,84,23,86,19,11,17"/><U9/><E135/><V45/><F119/><W42/><G115/><T12/><D35/><U95/><E55/><V68/><F134/><W117/><G117/><T0/><D113/><U63/><E36/><V2/><F27/><W69/><G69/><T131/><D98/><U65/><E41/><V76/><F112/><W88/><G31/><T77/><D77/><U6/><REACH who="1" step="1"/><E65/><REACH who="1" ten="102,365,256,267" step="2"/><V49/><F37/><W80/><G40/><T25/><D131/><U26/><AGARI ba="2,1" hai="6,9,14,16,21,26,54,58,63,95,96,100,120,122" machi="26" ten="20,24000,3" yaku="1,1,2,1,0,1,7,1,52,1,54,1,53,2" doraHai="1" doraHaiUra="116" who="1" fromWho="1" sc="102,-82,365,256,256,-82,267,-82" /><INIT seed="5,3,0,5,0,55" ten="20,621,174,185" oya="1" hai0="25,41,40,9,89,71,111,109,76,32,3,72,101" hai1="103,106,70,52,130,132,45,22,128,15,17,16,8" hai2="135,36,44,123,11,86,56,13,118,60,49,83,7" hai3="67,124,87,94,120,122,131,93,43,24,69,115,78"/><U127/><E70/><V21/><F135/><W28/><G69/><T48/><D71/><U50/><E132/><V104/><F104/><W84/><G67/><T18/><D101/><U19/><E127/><V54/><F36/><W105/><G105/><T46/><D41/><U73/><E73/><V57/><F118/><W79/><G43/><T33/><D89/><U74/><E74/><V59/><F21/><W91/><G124/><T81/><D18/><U126/><E126/><V119/><F123/><W5/><G5/><T35/><D25/><U61/><E61/><V85/><F119/><W1/><G1/><T68/><REACH who="0" step="1"/><D68/><REACH who="0" ten="10,621,174,185" step="2"/><U53/><E17/><V100/><F100/><W62/><G24/><T117/><D117/><U134/><E103/><V34/><F34/><W42/><G42/><T77/><D77/><U110/><E134/><V31/><F31/><W23/><G91/><T129/><D129/><U37/><E130/><V51/><F60/><W90/><G90/><T102/><D102/><U98/><E128/><V38/><F38/><W116/><G131/><T92/><D92/><U96/><E106/><V39/><F39/><W97/><G116/><T88/><D88/><U113/><E37/><V65/><F65/><W4/><G62/><T82/><D82/><U107/><E107/><V47/><F83/><W108/><G93/><T14/><D14/><U0/><E15/><V80/><F80/><W66/><G94/><T26/><D26/><U64/><E64/><V58/><N who="2" m="14336" /><DORA hai="99" /><V95/><F95/><W75/><G66/><T30/><D30/><U2/><E2/><RYUUKYOKU ba="3,1" sc="10,15,621,-15,174,15,185,-15" hai0="3,9,32,33,35,40,46,48,72,76,81,109,111" hai2="7,11,13,44,47,49,51,54,85,86" /><INIT seed="6,4,1,4,5,102" ten="25,606,189,170" oya="2" hai0="23,9,113,11,115,82,107,24,73,100,75,43,128" hai1="114,42,79,5,36,84,17,22,57,123,37,14,62" hai2="131,15,48,54,67,7,83,27,85,116,45,70,68" hai3="50,89,49,124,112,16,135,105,13,87,121,55,10"/><V109/><F116/><W12/><G121/><T103/><D43/><U90/><E123/><V127/><F127/><W129/><G135/><T72/><D11/><U117/><E117/><V53/><F131/><W65/><G129/><T19/><D128/><U77/><E114/><V91/><F109/><W132/><G132/><T3/><D82/><U2/><E37/><V6/><F67/><W130/><G65/><T59/><D59/><U63/><E36/><V28/><F54/><W94/><G124/><T34/><D34/><U86/><E42/><V44/><F45/><W8/><G112/><T35/><D35/><U71/><E71/><V106/><F106/><W99/><G130/><T118/><D118/><U69/><E57/><V1/><F1/><W58/><G105/><T74/><D103/><U26/><E63/><V126/><F126/><W80/><G13/><T4/><N who="0" m="18432" /><DORA hai="60" /><T38/><REACH who="0" step="1"/><D38/><REACH who="0" ten="15,606,189,170" step="2"/><U120/><E120/><V134/><F134/><W20/><G50/><T96/><AGARI ba="4,2" hai="3,4,9,19,23,24,96,100,107,113,115" m="18432" machi="96" ten="60,8000,1" yaku="1,1,2,1,0,1,52,1,53,1" doraHai="102,60" doraHaiUra="31,33" who="0" fromWho="0" sc="15,112,606,-24,189,-44,170,-24" /><INIT seed="7,0,0,3,0,84" ten="127,582,145,146" oya="3" hai0="109,76,56,70,102,68,26,21,126,106,24,117,100" hai1="122,135,118,125,133,39,46,4,120,83,1,91,72" hai2="85,67,45,13,86,73,29,3,38,104,0,11,77" hai3="42,10,95,54,111,71,50,27,31,36,40,5,57"/><W79/><G71/><T9/><D109/><U130/><E130/><V41/><F104/><W103/><G111/><T112/><D76/><U131/><E131/><V92/><F67/><W19/><G19/><T30/><D117/><U101/><E101/><V43/><F43/><W94/><G36/><T44/><D44/><U65/><E83/><V49/><F29/><W127/><G79/><T107/><D9/><U7/><E46/><V59/><F73/><W134/><G95/><T25/><D56/><U90/><E7/><N who="2" m="3327" /><F59/><W99/><G134/><T12/><D30/><U116/><E4/><V110/><F38/><W8/><G127/><T124/><D12/><U37/><E65/><V58/><F58/><W75/><G75/><T51/><D51/><U14/><E14/><V119/><F119/><W15/><REACH who="3" step="1"/><G8/><REACH who="3" ten="127,582,145,136" step="2"/><T35/><D126/><U97/><E72/><V78/><F110/><W74/><G74/><T34/><D124/><U62/><E125/><V121/><F78/><W113/><G113/><T52/><D112/><U16/><E39/><V98/><F77/><W60/><G60/><T80/><D68/><U82/><E62/><V89/><F121/><W105/><G105/><T48/><D70/><U69/><E69/><V33/><F33/><AGARI ba="0,1" hai="5,10,15,27,31,33,40,42,50,54,57,94,99,103" machi="33" ten="30,2900,0" yaku="1,1,7,1,53,0" doraHai="84" doraHaiUra="129" who="3" fromWho="2" sc="127,0,582,0,145,-29,136,39" /><INIT seed="7,1,0,4,2,40" ten="127,582,116,175" oya="3" hai0="119,85,14,69,84,72,1,3,121,111,16,56,81" hai1="59,67,65,77,17,76,8,134,39,89,131,15,68" hai2="63,60,6,124,103,28,12,55,26,122,97,34,23" hai3="30,48,132,66,70,41,19,125,13,20,120,91,54"/><W135/><G120/><T7/><D69/><U83/><E39/><V116/><F116/><W107/><G107/><T75/><D119/><U129/><E68/><V130/><F122/><W62/><G41/><T38/><D38/><U51/><E89/><V58/><F124/><W99/><G30/><T53/><D121/><U37/><E37/><V73/><F73/><W123/><G123/><T114/><D111/><U101/><E101/><V74/><F74/><W32/><G32/><T4/><D75/><U82/><E134/><V71/><F130/><W105/><G125/><T47/><D72/><U80/><E129/><V36/><F36/><W5/><G5/><N who="0" m="2123" /><D3/><U112/><E112/><V29/><F29/><W115/><G115/><T90/><D1/><U25/><E25/><V0/><F0/><W79/><G105/><T44/><D85/><U61/><E67/><V31/><F31/><W50/><G79/><T88/><D90/><U95/><E131/><V24/><F24/><W27/><G27/><T2/><D2/><U102/><E51/><V11/><F71/><W108/><G108/><T22/><D114/><U57/><E77/><V104/><F34/><W45/><G50/><AGARI ba="1,0" hai="14,16,22,44,47,50,53,56,81,84,88" m="2123" machi="50" ten="30,8000,1" yaku="8,1,52,2,54,2" doraHai="40" who="0" fromWho="3" sc="127,83,582,0,116,0,175,-83" /><AGARI ba="1,0" hai="6,11,12,23,26,28,50,55,58,60,63,97,103,104" machi="50" ten="30,1000,0" yaku="7,1" doraHai="40" who="2" fromWho="3" sc="210,0,582,0,116,10,92,-10" owari="210,1.0,582,68.0,126,-27.0,82,-42.0" /></mjloggm>