<mjloggm ver="2.3"><GO type="41"/><UN n0="%E6%9F%93%E4%BA%94%E9%83%8E" n1="%E3%82%AB%E3%82%AB%E3%82%AB" n2="%E2%98%86%E3%82%AD%E3%83%B3%E3%82%B0%E2%98%86" n3="%E3%82%A6%E3%83%AB%E3%83%88%E3%83%A9%E7%AB%8B%E7%9B%B4" dan="14,13,13,15" rate="1910,1861,1864,1969" sx="M,M,M,M"/><TAIKYOKU oya="0"/><INIT seed="0,0,0,5,5,94" ten="250,250,250,250" oya="0" hai0="127,62,84,77,126,45,34,101,10,96,124,27,6" hai1="131,85,14,23,36,111,83,130,89,103,46,33,35" hai2="135,37,67,9,68,123,66,106,13,2,41,28,58" hai3="29,0,43,31,93,92,11,42,116,7,52,129,12"/><T122/><D122/><U69/><E69/><V98/><F2/><W72/><G72/><T110/><D62/><U79/><E111/><V133/><F123/><W95/><G0/><N who="0" m="327" /><D45/><U112/><E36/><V134/><F28/><N who="3" m="10827" /><G116/><T32/><D27/><U51/><E112/><V63/><F68/><W16/><G129/><N who="1" m="49162" /><E103/><N who="2" m="62839" /><F67/><W59/><G7/><T82/><D110/><U38/><E38/><V1/><F1/><W57/><G57/><T120/><D120/><U3/><E3/><V118/><F118/><W99/><G99/><T91/><D91/><U25/><E14/><V75/><F75/><W128/><G128/><T87/><D87/><U54/><E79/><V105/><F105/><AGARI ba="0,0" hai="32,34,77,82,84,96,101,105,124,126,127" m="327" machi="105" ten="30,2900,0" yaku="18,1,52,1" doraHai="94" who="0" fromWho="2" sc="250,29,250,0,250,-29,250,0" /><INIT seed="0,1,0,5,2,105" ten="279,250,221,250" oya="0" hai0="135,8,41,32,102,121,124,93,127,118,42,84,119" hai1="109,20,92,18,104,7,17,89,69,108,6,75,15" hai2="28,14,83,40,39,29,54,82,65,71,35,52,133" hai3="58,68,43,91,16,46,11,94,97,107,24,113,21"/><T31/><D121/><U26/><E104/><V85/><F133/><W4/><G68/><T37/><D135/><U88/><E69/><V30/><F35/><W3/><G107/><T19/><D37/><U74/><E89/><V112/><F112/><W90/><G113/><T95/><D8/><N who="1" m="6375" /><E7/><V111/><F111/><N who="1" m="42569" /><E6/><V77/><F14/><W79/><G79/><T103/><D84/><AGARI ba="1,0" hai="18,20,26,74,75,84,88,92" m="42569,6375" machi="84" ten="30,7700,0" yaku="14,1,52,2,54,1" doraHai="105" who="1" fromWho="0" sc="279,-80,250,80,221,0,250,0" /><INIT seed="1,0,0,0,4,121" ten="199,330,221,250" oya="1" hai0="90,49,74,55,45,72,76,86,84,53,71,56,80" hai1="69,107,101,61,14,34,119,111,109,7,83,5,8" hai2="77,48,102,57,24,58,125,19,30,41,66,79,60" hai3="135,97,16,27,106,115,39,15,99,25,127,93,64"/><U92/><E119/><V54/><F125/><W94/><G106/><T120/><D71/><U67/><E107/><V133/><F133/><W23/><G39/><T108/><D120/><U6/><E34/><V47/><F102/><W37/><G37/><T88/><D108/><N who="1" m="41547" /><E83/><V110/><F19/><W59/><G127/><T63/><REACH who="0" step="1"/><D90/><REACH who="0" ten="189,330,221,250" step="2"/><U44/><E44/><V91/><F91/><N who="3" m="55487" /><G135/><T21/><D21/><U118/><E118/><V95/><F110/><W4/><G115/><T96/><D96/><AGARI ba="0,1" hai="5,6,7,8,14,61,67,69,92,96,101" m="41547" machi="96" ten="30,12000,1" yaku="14,1,10,1,52,3" doraHai="121" who="1" fromWho="0" sc="189,-120,330,130,221,0,250,0" /><INIT seed="1,1,0,0,4,48" ten="69,460,221,250" oya="1" hai0="77,65,92,18,8,23,72,7,103,81,63,24,131" hai1="128,35,12,37,2,124,115,118,16,1,130,4,134" hai2="127,26,27,34,101,121,40,36,71,119,90,29,78" hai3="114,125,133,52,59,61,68,33,43,116,3,21,28"/><U99/><E37/><V89/><F121/><W58/><G33/><T120/><D120/><U95/><E118/><V47/><F119/><W102/><G3/><T57/><D131/><N who="1" m="50219" /><E115/><V88/><F127/><W84/><G68/><T19/><D8/><N who="1" m="6151" /><E35/><V75/><F71/><W46/><G133/><T87/><D72/><U14/><E124/><V100/><REACH who="2" step="1"/><F26/><REACH who="2" ten="69,460,211,250" step="2"/><W62/><G125/><T50/><D7/><U82/><E134/><V112/><F112/><W45/><G114/><T132/><D132/><U94/><E82/><AGARI ba="1,1" hai="27,29,34,36,40,47,75,78,82,88,89,90,100,101" machi="82" ten="40,2600,0" yaku="1,1,54,1,53,0" doraHai="48" doraHaiUra="0" who="2" fromWho="1" sc="69,0,460,-29,211,39,250,0" /><INIT seed="2,0,0,2,3,43" ten="69,431,250,250" oya="2" hai0="133,72,11,29,85,131,124,135,47,132,48,115,28" hai1="9,118,108,62,59,33,104,96,82,55,4,13,64" hai2="123,102,114,65,6,45,83,77,19,56,93,84,41" hai3="2,97,1,3,58,86,134,129,49,67,121,37,130"/><V38/><F123/><W94/><G37/><T18/><D72/><U34/><E118/><V22/><F114/><W110/><G121/><T112/><D85/><U32/><E108/><V31/><F6/><W50/><G110/><T107/><D107/><U60/><E82/><V87/><F31/><N who="0" m="11850" /><D48/><U23/><E104/><V52/><F65/><W81/><G134/><N who="0" m="34307" /><T39/><DORA hai="78" /><D39/><U128/><E128/><N who="3" m="49258" /><G58/><T61/><D61/><U95/><E23/><V66/><F66/><W90/><G67/><T46/><D131/><U92/><REACH who="1" step="1"/><E96/><REACH who="1" ten="69,421,250,250" step="2"/><V88/><F102/><AGARI ba="0,1" hai="1,2,3,49,50,81,86,90,94,97,102" m="49258" machi="102" ten="40,2600,0" yaku="19,1,52,1" doraHai="43,78" who="3" fromWho="2" sc="69,0,421,0,250,-26,250,36" /><INIT seed="3,0,0,0,5,52" ten="69,421,224,286" oya="3" hai0="66,69,97,61,86,120,18,43,110,74,134,50,67" hai1="24,102,108,127,118,2,81,63,60,28,34,125,40" hai2="16,39,76,72,113,88,123,49,89,23,53,22,12" hai3="26,87,116,32,13,126,131,7,95,54,96,94,27"/><W36/><G36/><T17/><D120/><U56/><E2/><V73/><F113/><W133/><G116/><T4/><D74/><U122/><E118/><V8/><F39/><W78/><G126/><T55/><D110/><U37/><E122/><V124/><F123/><W15/><G131/><T105/><D134/><U100/><E108/><V0/><F124/><N who="1" m="47689" /><E81/><V99/><F73/><W90/><G133/><T57/><D4/><U129/><E129/><V82/><F0/><W44/><G32/><T11/><D11/><U68/><E63/><V112/><F112/><W35/><G35/><T47/><D86/><U85/><E68/><V1/><F1/><W59/><G44/><T111/><D111/><U20/><E85/><V45/><F99/><W79/><G79/><T30/><D30/><U114/><E114/><V115/><F115/><W31/><G31/><T75/><D75/><U46/><E34/><V29/><REACH who="2" step="1"/><F22/><REACH who="2" ten="69,421,214,286" step="2"/><W119/><G119/><T42/><D67/><AGARI ba="0,1" hai="20,24,28,37,40,46,56,60,67,100,102" m="47689" machi="67" ten="30,2000,0" yaku="18,1,52,1" doraHai="52" who="1" fromWho="0" sc="69,-20,421,30,214,0,286,0" /><INIT seed="4,0,0,1,3,38" ten="49,451,214,286" oya="0" hai0="37,79,134,14,97,12,56,45,75,107,35,120,117" hai1="6,91,59,116,128,55,111,11,57,95,72,88,80" hai2="43,87,102,64,81,121,78,124,66,69,29,60,19" hai3="20,74,135,10,39,68,106,18,110,105,7,27,77"/><T15/><D35/><U130/><E111/><V0/><F121/><W131/><G77/><T4/><D120/><U34/><E34/><V127/><F0/><W46/><G68/><T44/><D117/><U16/><E116/><V23/><F29/><W132/><G74/><T48/><D134/><U73/><E80/><V122/><F122/><W101/><G131/><N who="1" m="50218" /><E6/><V21/><F64/><W65/><G65/><T41/><D56/><N who="1" m="21579" /><E95/><V31/><F102/><W99/><G106/><T24/><D24/><U49/><E55/><V82/><F82/><W33/><G33/><T112/><D112/><U90/><E49/><V28/><F23/><W5/><G5/><T36/><D36/><U114/><E114/><V22/><F22/><W2/><G110/><T123/><D123/><U94/><E94/><V100/><F100/><W61/><G61/><T32/><D32/><U83/><E83/><V50/><F21/><W109/><G109/><T8/><D75/><N who="1" m="28747" /><E11/><V89/><F19/><AGARI ba="0,0" hai="16,19,88,90,91" m="28747,21579,50218" machi="19" ten="40,8000,1" yaku="28,2,19,1,54,2" doraHai="38" who="1" fromWho="2" sc="49,0,451,80,214,-80,286,0" /><INIT seed="5,0,0,2,5,113" ten="49,531,134,286" oya="1" hai0="39,66,103,83,84,77,17,120,8,85,36,60,81" hai1="54,51,59,94,22,78,25,131,102,115,47,111,116" hai2="79,125,133,97,93,110,0,124,43,126,24,89,6" hai3="72,18,90,38,100,20,123,9,132,44,106,37,27"/><U52/><E116/><V34/><F110/><W134/><G100/><T129/><D120/><U112/><E111/><V114/><F114/><N who="1" m="43561" /><E78/><V3/><F43/><W99/><G106/><T2/><D129/><U1/><E1/><V50/><F50/><W56/><G99/><T65/><D103/><U74/><E74/><V45/><F45/><W55/><G123/><T118/><D118/><U31/><E131/><V12/><F133/><W35/><G72/><T13/><D2/><U5/><E5/><V117/><F79/><W16/><G35/><T58/><REACH who="0" step="1"/><D65/><REACH who="0" ten="39,531,134,286" step="2"/><U101/><E94/><V4/><F117/><W32/><G132/><T119/><D119/><U70/><E70/><V135/><F135/><W68/><G68/><T21/><D21/><U11/><E11/><V104/><F104/><W107/><G9/><T128/><D128/><U105/><E105/><V19/><F3/><W10/><G10/><T92/><D92/><U14/><E14/><V130/><F0/><W30/><G20/><T108/><D108/><U64/><E64/><V41/><F130/><W80/><G107/><T122/><D122/><U88/><E88/><AGARI ba="0,1" hai="8,13,17,36,39,58,60,66,77,81,83,84,85,88" machi="88" ten="30,7700,0" yaku="1,1,7,1,54,1,53,1" doraHai="113" doraHaiUra="57" who="0" fromWho="1" sc="39,87,531,-77,134,0,286,0" /><INIT seed="6,0,0,2,4,125" ten="126,454,134,286" oya="2" hai0="83,37,92,73,74,128,4,45,68,129,57,30,124" hai1="44,87,135,48,13,56,64,122,134,79,75,115,49" hai2="34,58,46,127,12,51,85,118,24,111,15,110,69" hai3="65,131,1,70,82,5,28,8,107,93,94,89,41"/><V32/><F69/><W3/><G107/><T35/><D124/><U63/><E75/><V84/><F127/><W97/><G65/><T116/><D57/><U102/><E115/><V2/><F2/><W6/><G70/><T121/><D121/><U67/><E102/><V100/><F100/><W55/><G28/><T126/><D126/><U39/><E79/><V26/><F58/><W10/><G41/><N who="0" m="22703" /><D68/><U17/><E122/><V29/><F118/><W88/><G55/><T20/><D116/><U25/><E25/><V66/><F66/><W132/><G82/><T108/><D108/><N who="2" m="41514" /><F85/><W50/><G50/><T33/><D4/><U11/><E87/><V59/><F59/><W38/><G38/><T123/><D123/><U62/><E39/><V23/><F84/><W72/><G72/><N who="0" m="27755" /><D83/><U105/><E105/><V16/><F34/><W117/><G117/><T130/><D92/><U120/><E120/><V90/><F90/><W21/><G97/><T43/><D43/><AGARI ba="0,0" hai="12,15,16,23,24,26,29,32,43,46,51" m="41514" machi="43" ten="30,2900,0" yaku="10,1,54,1" doraHai="125" who="2" fromWho="0" sc="126,-29,454,0,134,29,286,0" /><INIT seed="6,1,0,5,5,133" ten="97,454,163,286" oya="2" hai0="104,45,121,79,103,128,134,7,77,3,28,72,135" hai1="53,115,120,101,85,31,96,111,34,51,6,61,37" hai2="15,99,21,122,123,42,18,82,86,130,14,84,57" hai3="13,129,17,89,5,36,38,24,108,27,32,49,56"/><V60/><F130/><W78/><G78/><T20/><D20/><U29/><E111/><V30/><F42/><W25/><G38/><T50/><D28/><U19/><E115/><V74/><F74/><W95/><G36/><T131/><D45/><U87/><E37/><V73/><F73/><W118/><G118/><T75/><D50/><U23/><E120/><V10/><F30/><W97/><G108/><T113/><D7/><U54/><E34/><V102/><F86/><W48/><G5/><T16/><D16/><U66/><E6/><V110/><F110/><W4/><G4/><T70/><D70/><U92/><E54/><V71/><F71/><W114/><G114/><T69/><D69/><U35/><E35/><V39/><F39/><W65/><G32/><T0/><D113/><U83/><E85/><V11/><F21/><N who="3" m="11439" /><G129/><N who="0" m="49739" /><D0/><U107/><E107/><V22/><F22/><W90/><G90/><T47/><D47/><N who="1" m="27903" /><E61/><AGARI ba="1,0" hai="24,25,27,48,49,56,61,65,89,95,97" m="11439" machi="61" ten="30,1000,0" yaku="8,1" doraHai="133" who="3" fromWho="1" sc="97,0,454,-13,163,0,286,13" /><INIT seed="7,0,0,3,3,94" ten="97,441,163,299" oya="3" hai0="88,114,84,82,125,81,120,98,106,72,57,18,89" hai1="6,129,56,10,117,90,31,24,25,75,5,101,76" hai2="42,102,11,9,29,43,99,108,8,93,45,115,69" hai3="86,40,112,55,100,36,4,53,20,16,21,77,74"/><W48/><G112/><T50/><D114/><U7/><E129/><V73/><F115/><W105/><G74/><T63/><D50/><U47/><E117/><V33/><F73/><W22/><G4/><T64/><D120/><U109/><E109/><V91/><F108/><W2/><G2/><T97/><D125/><U124/><E124/><V116/><F116/><W67/><G36/><T26/><D106/><U130/><E130/><V96/><F69/><W78/><G67/><T12/><D26/><U3/><E90/><V32/><F29/><W107/><G107/><T19/><D19/><U128/><E128/><V123/><F123/><W103/><G105/><T79/><D89/><U17/><E101/><N who="3" m="38986" /><G40/><T113/><D113/><U46/><E56/><V1/><F1/><W51/><G86/><T44/><D44/><U83/><E46/><V59/><F59/><W37/><G37/><T126/><D126/><U68/><E68/><V119/><F119/><W0/><G0/><T92/><D81/><U70/><E70/><V35/><REACH who="2" step="1"/><F45/><REACH who="2" ten="97,441,153,299" step="2"/><W118/><G118/><T110/><D110/><U122/><E122/><V58/><F58/><W95/><G22/><AGARI ba="0,1" hai="12,18,22,57,63,64,72,79,82,84,88,92,97,98" machi="22" ten="30,7700,0" yaku="7,1,52,2,54,1" doraHai="94" who="0" fromWho="3" sc="97,87,441,0,153,0,299,-77" owari="184,-22.0,441,55.0,153,-35.0,222,2.0" /></mjloggm>