<mjloggm ver="2.3"><GO type="41"/><UN n0="%E6%AF%94%E5%98%89%E7%A7%80%E4%BB%81" n1="%2D%6E%6F%64%6F%6B%61%2D" n2="%68%61%7A%69%6D%65%32%34" n3="%E3%82%A6%E3%83%AB%E3%83%88%E3%83%A9%E7%AB%8B%E7%9B%B4" dan="15,13,14,15" rate="2081,1918,1871,2017" sx="M,M,M,M"/><TAIKYOKU oya="0"/><INIT seed="0,0,0,4,3,37" ten="250,250,250,250" oya="0" hai0="73,25,12,108,31,66,2,5,7,125,120,41,21" hai1="98,94,106,76,112,50,87,64,109,93,53,54,96" hai2="65,16,46,24,56,6,27,38,40,123,10,33,116" hai3="124,63,26,100,35,58,104,131,95,99,88,14,60"/><T67/><D120/><U132/><E106/><V47/><F123/><W127/><G131/><T70/><D73/><U89/><E64/><V119/><F33/><W77/><G26/><T126/><D70/><U79/><E53/><V83/><F83/><W17/><G35/><T85/><D67/><U59/><E132/><V29/><F29/><W61/><G77/><T102/><D66/><U0/><E0/><V133/><F133/><W105/><G58/><T81/><D102/><U117/><E117/><V128/><F128/><W69/><G69/><T135/><D135/><U22/><E112/><V30/><F30/><W45/><G45/><T107/><D107/><U121/><E121/><V86/><F86/><W103/><G104/><T80/><D2/><U1/><E1/><V20/><F27/><W49/><G49/><T115/><D115/><U118/><E118/><V134/><F134/><W68/><G68/><T97/><D97/><U62/><E109/><V84/><F84/><W44/><G44/><T101/><D101/><U19/><E87/><V51/><F56/><W114/><G114/><T75/><D75/><U111/><E62/><V15/><F65/><W130/><G130/><T43/><D108/><U129/><E111/><V32/><F32/><W57/><G57/><T122/><D122/><U78/><E129/><V110/><F110/><W8/><REACH who="3" step="1"/><G103/><REACH who="3" ten="250,250,250,240" step="2"/><T52/><D25/><N who="1" m="14559" /><E76/><V113/><F113/><W36/><G36/><T82/><D82/><U9/><E78/><V48/><F38/><W55/><G55/><T34/><D52/><U91/><E79/><V74/><F74/><RYUUKYOKU ba="0,1" sc="250,-30,250,10,250,10,240,10" hai1="9,50,54,59,89,91,93,94,96,98" hai2="6,10,15,16,20,24,40,46,47,48,51,116,119" hai3="8,14,17,60,61,63,88,95,99,100,105,124,127" /><INIT seed="1,1,1,2,4,115" ten="220,260,260,250" oya="1" hai0="51,35,128,101,127,58,9,98,26,31,97,45,106" hai1="10,59,75,29,100,66,95,108,72,77,48,46,38" hai2="47,74,42,73,3,102,5,64,82,118,36,17,52" hai3="2,117,19,12,91,123,34,107,110,129,120,104,71"/><U68/><E38/><V80/><F64/><W0/><G91/><T79/><D128/><U103/><E100/><V21/><F102/><W67/><G129/><T132/><D127/><U44/><E68/><V61/><F5/><W92/><G92/><T53/><D132/><U125/><E125/><V63/><F3/><W33/><G19/><T15/><D79/><U131/><E131/><V13/><F118/><W40/><G12/><T70/><D70/><U62/><E77/><V60/><F82/><W27/><G40/><T90/><D90/><U8/><E108/><V6/><F80/><W57/><G57/><T109/><D109/><U85/><E44/><V88/><F6/><W124/><G124/><T111/><D98/><U41/><E10/><V24/><F24/><W126/><G126/><T32/><D111/><U25/><E8/><V11/><F11/><W94/><G94/><T16/><REACH who="0" step="1"/><D45/><REACH who="0" ten="210,260,260,250" step="2"/><U135/><E135/><V55/><REACH who="2" step="1"/><F88/><REACH who="2" ten="210,260,250,250" step="2"/><W49/><G110/><T114/><D114/><U30/><E103/><V130/><F130/><W112/><G112/><T50/><D50/><U133/><E133/><V65/><F65/><W14/><G49/><T20/><AGARI ba="1,3" hai="9,15,16,20,26,31,32,35,51,53,58,97,101,106" machi="20" ten="20,5200,0" yaku="1,1,0,1,7,1,54,1,53,0" doraHai="115" doraHaiUra="43" who="0" fromWho="0" sc="210,85,260,-27,250,-14,250,-14" /><INIT seed="2,0,0,1,4,43" ten="295,233,236,236" oya="2" hai0="12,94,40,116,108,128,25,11,95,38,31,8,129" hai1="2,41,52,5,73,13,85,26,92,67,115,110,97" hai2="20,61,130,119,51,54,29,112,111,55,80,46,88" hai3="6,65,36,28,22,53,35,3,15,118,21,50,131"/><V19/><F119/><W87/><G36/><T135/><D108/><U109/><E115/><V16/><F112/><W96/><G118/><T79/><D135/><U47/><E73/><V9/><F130/><W117/><G117/><T132/><D132/><U56/><E2/><V7/><F111/><W83/><G3/><T107/><D107/><U101/><E109/><V39/><F39/><W89/><G131/><T77/><D116/><U33/><E110/><V122/><F122/><W62/><G35/><T45/><D129/><U44/><E33/><V76/><F76/><W0/><G0/><T134/><D134/><U126/><E126/><V121/><F121/><W4/><G96/><T70/><D70/><U30/><E67/><V78/><F78/><W103/><G103/><T24/><D24/><U60/><E41/><V81/><F7/><W133/><G133/><T1/><D1/><U34/><E85/><N who="2" m="50215" /><F81/><W58/><G28/><T91/><D95/><U102/><E101/><V23/><F9/><W71/><G4/><T59/><D128/><U82/><E82/><V10/><F10/><W42/><G42/><T17/><D11/><U113/><E113/><V100/><F100/><W114/><G114/><T106/><D106/><U18/><E5/><V120/><F120/><W98/><G98/><T14/><D77/><U125/><E125/><V75/><F75/><W105/><G105/><T68/><D79/><U74/><E74/><V64/><F29/><W37/><G37/><T66/><D38/><U72/><E72/><V127/><F127/><W93/><G83/><T32/><D31/><RYUUKYOKU ba="0,0" sc="295,-15,233,15,236,-15,236,15" hai1="13,18,26,30,34,44,47,52,56,60,92,97,102" hai3="6,15,21,22,50,53,58,62,65,71,87,89,93" /><INIT seed="3,1,0,3,2,66" ten="280,248,221,251" oya="3" hai0="84,103,135,72,123,91,71,96,44,101,63,92,129" hai1="53,35,70,105,127,82,80,122,126,90,54,60,116" hai2="113,110,81,134,42,78,12,5,3,74,40,94,79" hai3="15,109,11,9,86,32,125,97,76,18,46,20,83"/><W19/><G32/><T4/><D123/><U23/><E122/><V45/><F113/><W16/><G125/><N who="1" m="47626" /><E35/><V6/><F134/><W95/><G109/><T14/><D135/><U85/><E105/><V88/><F110/><W17/><REACH who="3" step="1"/><G46/><REACH who="3" ten="280,248,221,241" step="2"/><T29/><D44/><U28/><E116/><V7/><F3/><W67/><G67/><T87/><D129/><U133/><E133/><V124/><F124/><W27/><G27/><T118/><D118/><U102/><E102/><AGARI ba="1,1" hai="9,11,15,16,17,18,19,20,76,83,86,95,97,102" machi="102" ten="40,7700,0" yaku="1,1,8,1,54,1,53,0" doraHai="66" doraHaiUra="25" who="3" fromWho="1" sc="280,0,248,-80,221,0,241,90" /><INIT seed="3,2,0,5,0,14" ten="280,168,221,331" oya="3" hai0="90,32,131,126,81,124,44,118,128,106,87,134,123" hai1="72,11,77,66,78,9,47,103,127,6,132,12,51" hai2="86,73,42,52,20,50,7,83,135,21,89,45,117" hai3="39,105,115,101,111,59,58,33,31,28,54,120,15"/><W104/><G39/><T76/><D32/><U62/><E127/><N who="0" m="48681" /><D44/><U88/><E132/><V18/><F117/><W22/><G120/><T102/><D118/><U93/><E103/><V2/><F7/><W92/><G33/><T109/><D123/><U5/><E72/><V114/><F2/><W98/><G115/><T96/><D109/><U53/><E62/><V68/><F68/><W112/><G112/><T79/><D134/><U41/><E66/><V130/><F135/><W95/><G111/><T61/><D61/><U8/><E41/><V40/><F73/><W36/><G36/><T1/><D1/><U49/><E51/><V82/><F114/><W3/><G3/><T67/><D67/><U48/><E49/><V91/><F130/><AGARI ba="2,0" hai="76,79,81,87,90,96,102,106,128,130,131" m="48681" machi="130" ten="30,7700,0" yaku="19,1,18,1,34,2" doraHai="14" who="0" fromWho="2" sc="280,83,168,0,221,-83,331,0" /><INIT seed="4,0,0,2,0,62" ten="363,168,138,331" oya="0" hai0="133,31,38,11,26,118,1,109,12,25,132,86,54" hai1="110,56,37,123,124,36,40,15,32,122,105,14,95" hai2="21,50,24,55,76,97,34,27,2,96,103,23,61" hai3="5,49,81,99,65,135,46,69,48,129,17,67,87"/><T60/><D38/><U92/><E56/><V106/><F2/><W71/><G5/><T47/><D118/><U13/><E40/><V10/><F76/><W8/><G129/><T90/><D109/><U98/><E110/><V79/><F79/><W113/><G99/><T85/><D1/><U108/><E98/><V52/><F10/><W89/><G135/><N who="0" m="51787" /><D31/><U51/><E108/><V134/><F134/><W30/><G30/><T126/><D126/><U127/><E51/><V131/><F131/><W88/><G49/><N who="0" m="28991" /><D60/><U74/><E32/><V114/><F114/><W42/><G113/><T130/><D130/><U35/><E35/><V125/><F125/><N who="1" m="48201" /><E74/><V44/><F34/><W128/><G128/><T39/><D39/><N who="1" m="14923" /><E105/><V43/><F43/><W78/><G71/><T117/><D117/><U119/><E119/><V111/><F111/><W63/><G63/><T28/><D86/><U64/><E64/><N who="3" m="24650" /><G69/><T58/><D58/><U100/><E100/><V59/><REACH who="2" step="1"/><F96/><REACH who="2" ten="363,168,128,331" step="2"/><W68/><G68/><T66/><D85/><U75/><E75/><V19/><F19/><W9/><G17/><T22/><D28/><U72/><E72/><V6/><F6/><W33/><G33/><T70/><D22/><AGARI ba="0,1" hai="21,22,23,24,27,44,50,52,55,59,61,97,103,106" machi="22" ten="40,5200,0" yaku="1,1,54,1,53,1" doraHai="62" doraHaiUra="41" who="2" fromWho="0" sc="363,-52,168,0,128,62,331,0" /><INIT seed="5,0,0,4,0,103" ten="311,168,190,331" oya="1" hai0="2,31,34,22,129,57,119,73,30,50,15,128,74" hai1="101,3,33,135,53,82,127,132,104,102,90,59,81" hai2="36,124,55,56,93,40,76,6,28,20,115,91,39" hai3="84,98,48,37,68,45,86,12,10,25,107,133,9"/><U125/><E33/><V24/><F76/><W46/><G68/><T62/><D2/><U5/><E3/><V29/><F6/><W4/><G133/><N who="1" m="51274" /><E5/><V63/><F124/><N who="1" m="47689" /><E102/><V43/><F115/><W41/><G107/><T117/><D34/><U44/><E44/><V61/><F29/><W99/><G25/><T116/><D31/><U106/><E101/><V110/><F110/><W112/><G112/><T54/><D74/><U23/><E23/><V100/><F100/><W95/><G10/><T38/><D73/><U111/><E111/><V96/><F36/><W51/><G37/><T18/><D38/><U80/><E90/><V85/><F39/><W60/><G45/><T52/><REACH who="0" step="1"/><D30/><REACH who="0" ten="301,168,190,331" step="2"/><U65/><E65/><V42/><REACH who="2" step="1"/><F63/><AGARI ba="0,1" hai="53,59,63,80,81,82,104,106" m="47689,51274" machi="63" ten="40,12000,1" yaku="20,1,18,1,52,2" doraHai="103" who="1" fromWho="2" sc="301,0,168,130,190,-120,331,0" /><INIT seed="5,1,0,4,4,20" ten="301,298,70,331" oya="1" hai0="122,47,63,2,18,21,8,4,85,28,51,91,59" hai1="48,70,125,69,111,35,83,64,41,80,104,92,128" hai2="72,112,68,79,34,43,103,39,117,23,66,108,124" hai3="133,6,9,62,1,107,109,5,95,0,27,100,12"/><U121/><E121/><V82/><F34/><W118/><G107/><T74/><D74/><U114/><E35/><V14/><F117/><W11/><G118/><T116/><D116/><U38/><E104/><V98/><F108/><W67/><G109/><T131/><D131/><U37/><E111/><V25/><F124/><W53/><G53/><T134/><D28/><U24/><E125/><V75/><F75/><W10/><G95/><T81/><D134/><U60/><E70/><V13/><F112/><W106/><G100/><T30/><D30/><U76/><E114/><V86/><F66/><W56/><G106/><T97/><D97/><U52/><E128/><V99/><F68/><W71/><G71/><T101/><D101/><U93/><E80/><V119/><F119/><W22/><G133/><T42/><D122/><U77/><E76/><V73/><F99/><W123/><G123/><T31/><D31/><U127/><E127/><V19/><F43/><W78/><G78/><T50/><D50/><U16/><E38/><V33/><F39/><W87/><G87/><T54/><D21/><N who="1" m="13351" /><E83/><V94/><F33/><W129/><G129/><T89/><REACH who="0" step="1"/><D18/><REACH who="0" ten="291,298,70,331" step="2"/><U88/><E37/><V135/><F135/><W58/><G22/><T46/><D46/><U105/><E105/><V132/><F132/><W17/><G17/><T44/><D44/><U26/><E41/><V96/><F96/><W102/><G102/><T113/><D113/><U126/><E126/><V115/><F115/><W29/><G29/><T130/><D130/><U15/><E26/><V36/><F36/><W40/><G27/><RYUUKYOKU ba="1,1" sc="291,15,298,-15,70,15,331,-15" hai0="2,4,8,42,47,51,54,59,63,81,85,89,91" hai2="13,14,19,23,25,72,73,79,82,86,94,98,103" /><INIT seed="6,2,1,0,1,46" ten="306,283,85,316" oya="2" hai0="20,110,97,98,76,44,83,33,41,42,105,55,79" hai1="84,48,34,68,111,19,133,49,87,56,62,35,116" hai2="50,132,118,96,45,124,117,91,130,121,125,120,90" hai3="129,75,2,106,51,80,1,9,72,107,85,81,23"/><V36/><F36/><W59/><G23/><T4/><D110/><U17/><E111/><V93/><F132/><W32/><G59/><T112/><D112/><U5/><E133/><V0/><F0/><W123/><G9/><T21/><D33/><U103/><E116/><V22/><F22/><N who="0" m="8810" /><D105/><U115/><E115/><V67/><F67/><W31/><G31/><T73/><D73/><U38/><E56/><V58/><F58/><W114/><G114/><T15/><D55/><U52/><E38/><V11/><F11/><W82/><G32/><T65/><D65/><U128/><E128/><V27/><F27/><W18/><G18/><T63/><D63/><U40/><E62/><V13/><F13/><W108/><G108/><T109/><D109/><U113/><E113/><V61/><F61/><W28/><G28/><T135/><D135/><U99/><E52/><N who="2" m="29775" /><F121/><W29/><G123/><T3/><D3/><N who="3" m="1033" /><G129/><T74/><D74/><N who="3" m="28201" /><G29/><T100/><D44/><U60/><E60/><V134/><F120/><W7/><G7/><T53/><D53/><U126/><E5/><V54/><F54/><W57/><G57/><T24/><D24/><U26/><E26/><V6/><F6/><W12/><G12/><T86/><D4/><U25/><E25/><V78/><F78/><W14/><G14/><T69/><D15/><U119/><E119/><N who="2" m="45579" /><F130/><W88/><G106/><T70/><D79/><U89/><E103/><N who="2" m="60815" /><F134/><W30/><G30/><T92/><D98/><U47/><E99/><V104/><F104/><W71/><G107/><T101/><D101/><U8/><E89/><V131/><F131/><RYUUKYOKU ba="2,1" sc="306,15,283,-15,85,15,316,-15" hai0="41,42,69,70,76,83,86,92,97,100" hai2="90,91,124,125" /><INIT seed="6,3,1,4,0,96" ten="321,268,100,301" oya="2" hai0="31,28,13,62,69,42,123,7,84,52,60,38,100" hai1="101,67,23,114,1,94,113,129,131,50,59,56,4" hai2="77,86,92,46,58,118,120,133,48,109,29,16,97" hai3="107,55,30,89,19,91,12,27,10,132,87,45,93"/><V127/><F118/><W112/><G107/><T81/><D123/><U102/><E56/><V6/><F120/><W134/><G112/><N who="1" m="43114" /><E1/><V20/><F29/><N who="0" m="11338" /><D69/><U53/><E4/><V44/><F109/><W40/><G55/><T98/><D38/><U119/><E119/><V43/><F127/><W25/><G91/><N who="0" m="51599" /><D42/><U130/><E94/><V72/><F72/><W11/><G11/><N who="0" m="4351" /><D52/><U110/><E110/><V104/><F104/><W122/><G122/><T85/><D85/><U82/><E82/><N who="2" m="47439" /><F6/><W39/><REACH who="3" step="1"/><G27/><REACH who="3" ten="321,268,100,291" step="2"/><T17/><D62/><N who="1" m="38367" /><E23/><AGARI ba="3,2" hai="10,12,19,23,25,30,39,40,45,87,89,93,132,134" machi="23" ten="40,2600,0" yaku="1,1,53,1" doraHai="96" doraHaiUra="15" who="3" fromWho="1" sc="321,0,268,-35,100,0,291,55" /><INIT seed="7,0,0,5,5,67" ten="321,233,100,346" oya="3" hai0="106,48,115,65,33,109,51,14,26,120,135,122,111" hai1="19,62,105,134,54,0,84,102,2,133,119,29,126" hai2="124,131,18,107,80,40,127,104,98,12,74,56,81" hai3="35,45,44,7,97,103,53,11,112,30,46,78,55"/><W21/><G35/><T39/><D106/><N who="2" m="40490" /><F40/><W125/><G125/><N who="2" m="48201" /><F56/><W88/><G112/><T41/><D14/><U92/><E105/><V64/><F64/><W123/><G103/><T94/><D94/><U100/><E126/><V3/><F3/><W95/><G78/><T76/><D76/><U47/><E0/><V34/><F34/><W132/><G123/><T28/><D26/><U60/><E2/><V32/><F32/><W66/><G66/><T110/><D28/><U113/><E113/><V87/><F18/><W77/><G77/><T114/><D33/><U86/><E119/><V42/><F12/><N who="3" m="5247" /><G132/><T6/><D6/><U99/><E29/><V1/><F42/><W16/><G30/><T38/><D135/><U63/><E133/><V61/><F61/><W36/><G36/><N who="0" m="13867" /><D65/><U96/><E134/><V128/><F1/><W13/><AGARI ba="0,0" hai="13,16,21,44,45,46,53,55,88,95,97" m="5247" machi="13" ten="30,6000,0" yaku="8,1,54,2" doraHai="67" who="3" fromWho="3" sc="321,-20,233,-20,100,-20,346,60" owari="301,10.0,213,-19.0,80,-42.0,406,51.0" /></mjloggm>