<mjloggm ver="2.3"><GO type="97"/><UN n0="%E3%83%AC%E3%83%AD%E3%83%88%E3%83%A9%E3%83%BC" n1="%EF%BC%88%E2%89%A7%E2%96%BD%E2%89%A6%EF%BC%89" n2="%E3%82%81%E3%81%A0%E3%81%8B%EF%BC%92%E5%8F%B7" n3="%74%6F%6E%6E%64%61%67%6F" dan="14,15,14,14" rate="1903,2007,1889,1898" sx="M,M,M,F"/><TAIKYOKU oya="0"/><INIT seed="0,0,0,0,3,71" ten="250,250,250,250" oya="0" hai0="2,116,64,86,5,47,89,88,0,13,50,60,130" hai1="62,66,133,126,131,9,69,41,35,42,124,12,38" hai2="39,98,78,95,40,29,16,83,15,48,110,99,97" hai3="117,105,10,127,49,111,30,123,18,128,100,6,65"/><T31/><D116/><U75/><E75/><V87/><F110/><W109/><G117/><T61/><D130/><U14/><E35/><V101/><F29/><W68/><G128/><T56/><D31/><U51/><E131/><V44/><REACH who="2" step="1"/><F39/><REACH who="2" ten="250,250,240,250" step="2"/><W52/><G109/><T25/><D0/><U1/><E1/><V77/><F77/><W73/><G30/><T129/><D2/><U8/><E38/><V80/><F80/><W103/><G111/><T17/><D129/><U90/><E126/><V112/><F112/><W76/><G76/><T125/><D125/><U102/><E124/><V58/><F58/><W92/><G127/><T54/><D5/><U120/><E69/><V115/><F115/><W91/><G68/><T114/><D114/><U79/><E79/><V132/><F132/><W4/><G4/><T82/><D25/><U85/><E133/><V32/><F32/><W106/><G6/><T45/><D61/><U23/><E62/><V24/><F24/><W122/><G18/><T22/><REACH who="0" step="1"/><D89/><REACH who="0" ten="240,250,240,250" step="2"/><U11/><E90/><V57/><F57/><AGARI ba="0,2" hai="13,17,22,45,47,50,54,56,57,60,64,82,86,88" machi="57" ten="30,12000,1" yaku="1,1,2,1,7,1,8,1,54,1,53,0" doraHai="71" doraHaiUra="108" who="0" fromWho="2" sc="240,140,250,0,240,-120,250,0" /><INIT seed="0,1,0,4,4,6" ten="380,250,120,250" oya="0" hai0="95,49,132,129,97,123,40,89,80,65,50,12,71" hai1="36,18,66,117,125,74,94,70,9,77,59,111,92" hai2="2,43,30,23,130,115,86,11,64,62,128,14,82" hai3="34,47,61,127,109,32,58,90,87,135,112,67,96"/><T20/><D123/><U45/><E117/><V38/><F115/><W99/><G112/><T122/><D122/><U69/><E125/><V85/><F2/><W39/><G109/><T57/><D132/><U131/><E131/><N who="2" m="50219" /><F82/><W105/><G127/><T116/><D129/><U133/><E133/><V27/><F43/><W104/><G34/><T63/><D116/><U103/><E111/><V78/><F78/><W35/><G32/><T0/><D0/><U126/><E126/><V93/><F93/><W54/><G35/><T83/><D71/><U56/><E77/><V52/><F38/><W68/><G105/><T31/><D49/><U106/><E106/><V79/><F79/><W13/><G104/><T10/><D40/><U44/><E36/><V120/><F120/><W8/><G39/><T134/><D50/><U81/><E81/><V88/><F88/><W26/><G26/><N who="0" m="16839" /><D134/><U51/><E51/><V4/><F64/><W22/><G22/><T102/><D89/><U118/><E118/><V101/><F101/><W1/><G1/><T121/><D121/><U41/><E41/><V72/><F72/><W107/><G107/><T25/><D25/><U113/><E74/><V73/><F73/><W15/><G15/><T42/><D42/><U16/><E113/><V48/><F62/><W24/><G24/><T29/><D29/><U33/><E103/><V37/><F37/><W98/><G135/><T28/><D28/><U110/><E110/><V21/><F21/><W53/><G47/><AGARI ba="1,0" hai="4,11,14,23,27,30,47,48,52,85,86" m="50219" machi="47" ten="30,3900,0" yaku="19,1,52,1,54,1" doraHai="6" who="2" fromWho="3" sc="380,0,250,0,120,42,250,-42" /><INIT seed="1,0,0,4,3,86" ten="380,250,162,208" oya="1" hai0="29,6,46,0,56,26,101,135,19,70,8,25,71" hai1="14,109,1,82,34,11,55,123,98,87,131,27,104" hai2="93,3,32,15,97,99,64,100,96,51,90,74,9" hai3="117,62,94,127,80,13,18,65,106,76,83,50,45"/><U40/><E123/><V125/><F3/><W124/><G106/><T47/><D135/><U16/><E131/><V75/><F32/><W88/><G117/><T107/><D56/><U63/><E1/><V130/><F130/><W68/><G76/><T111/><D25/><U10/><E109/><V5/><F125/><W37/><G37/><T115/><D111/><U38/><E38/><V36/><F36/><W52/><G124/><T21/><D115/><U66/><E40/><V132/><F132/><W33/><G33/><T12/><D47/><U112/><E112/><V42/><F64/><W116/><G116/><T57/><D57/><U110/><E110/><V103/><F100/><W122/><G122/><T120/><D46/><U84/><E55/><V44/><REACH who="2" step="1"/><F97/><REACH who="2" ten="380,250,152,208" step="2"/><W7/><G127/><T133/><D133/><U28/><E98/><V59/><F59/><N who="3" m="37087" /><G7/><T48/><D120/><U129/><E34/><V91/><F91/><W60/><G68/><T69/><D101/><U73/><E129/><V114/><F114/><W35/><G35/><N who="0" m="20919" /><D107/><AGARI ba="0,1" hai="5,9,15,42,44,51,74,75,90,93,96,99,103,107" machi="107" ten="30,3900,0" yaku="1,1,7,1,52,1,53,0" doraHai="86" doraHaiUra="23" who="2" fromWho="0" sc="380,-39,250,0,152,49,208,0" /><INIT seed="2,0,0,1,3,14" ten="341,250,201,208" oya="2" hai0="111,48,76,99,132,98,113,73,42,131,59,65,112" hai1="80,71,49,67,26,40,96,128,36,133,1,19,122" hai2="87,108,89,52,68,110,34,61,53,29,66,15,2" hai3="78,104,70,118,72,100,46,135,21,125,56,88,24"/><V105/><F2/><W6/><G70/><T126/><D73/><U44/><E1/><V37/><F37/><W38/><G118/><T97/><D76/><U32/><E122/><V35/><F105/><W5/><G125/><T127/><D111/><N who="2" m="42538" /><F15/><W124/><G135/><T8/><D132/><U33/><E133/><V50/><F29/><W39/><G124/><N who="0" m="47659" /><D131/><U54/><E128/><V47/><F53/><W10/><G100/><T27/><D27/><U13/><E96/><V95/><AGARI ba="0,0" hai="34,35,47,50,52,61,66,68,87,89,95" m="42538" machi="95" ten="30,6000,0" yaku="14,1,10,1,54,1" doraHai="14" who="2" fromWho="2" sc="341,-20,250,-20,201,60,208,-20" /><INIT seed="2,1,0,1,4,103" ten="321,230,261,188" oya="2" hai0="65,37,41,2,107,30,93,49,31,0,64,73,23" hai1="130,113,66,33,78,127,102,32,53,46,126,82,39" hai2="74,108,92,35,120,22,79,91,26,48,63,34,42" hai3="55,62,101,97,15,40,132,19,135,6,45,99,47"/><V57/><F120/><W104/><G6/><T9/><D93/><U98/><E66/><V106/><F106/><W10/><G97/><T118/><D49/><N who="1" m="28855" /><E39/><V129/><F129/><W124/><G124/><N who="1" m="47658" /><E113/><V128/><F128/><W123/><G123/><T68/><D23/><U50/><E50/><V25/><F108/><W134/><G40/><T125/><D65/><U5/><E5/><V43/><F79/><W111/><G111/><T133/><D41/><U21/><E21/><V12/><F74/><W67/><G55/><T83/><D64/><U38/><E38/><V86/><F35/><W1/><REACH who="3" step="1"/><G1/><REACH who="3" ten="321,230,261,178" step="2"/><T28/><D0/><U122/><E130/><V96/><F43/><W36/><G36/><T117/><D2/><U89/><E122/><V3/><F96/><W109/><G109/><T70/><D37/><U14/><E98/><V72/><F3/><W20/><G20/><T18/><D118/><U112/><E33/><V11/><F34/><W58/><AGARI ba="1,1" hai="10,15,19,45,47,58,62,67,99,101,104,132,134,135" machi="58" ten="30,7900,0" yaku="1,1,0,1,20,1,52,1,53,0" doraHai="103" doraHaiUra="80" who="3" fromWho="3" sc="321,-21,230,-21,261,-40,178,92" /><INIT seed="3,0,0,5,0,58" ten="300,209,221,270" oya="3" hai0="122,67,12,64,76,52,68,59,104,112,24,77,69" hai1="60,34,53,1,41,108,116,105,113,87,46,6,97" hai2="70,114,135,95,18,17,132,65,129,63,71,90,40" hai3="31,119,21,126,57,37,50,101,109,45,123,134,66"/><W115/><G123/><T19/><D104/><U39/><E113/><V85/><F114/><W128/><G37/><T42/><D112/><U103/><E116/><V51/><F129/><W48/><G119/><T92/><D122/><U2/><E108/><V91/><F71/><W43/><G115/><T131/><D131/><U110/><E110/><V35/><F35/><W47/><G109/><T8/><D42/><U78/><E34/><V10/><F91/><W49/><G128/><T26/><D69/><U120/><E120/><V9/><F40/><W11/><G101/><T33/><D33/><U54/><E6/><V99/><F51/><N who="3" m="27071" /><G126/><T117/><D68/><U15/><E15/><V61/><F99/><W102/><G102/><T106/><D106/><U7/><E7/><V130/><F130/><W121/><G11/><N who="2" m="4105" /><F65/><N who="0" m="25162" /><D92/><U44/><E53/><V84/><F70/><W125/><G125/><T118/><D118/><U0/><E46/><V74/><F74/><W20/><G134/><N who="2" m="51241" /><F84/><W32/><G32/><T62/><D117/><U16/><E87/><V28/><F28/><W96/><G96/><T56/><D59/><N who="1" m="34935" /><E78/><AGARI ba="0,0" hai="8,12,19,24,26,52,56,62,76,77,78" m="25162" machi="78" ten="30,3900,0" yaku="8,1,52,1,54,1" doraHai="58" who="0" fromWho="1" sc="300,39,209,-39,221,0,270,0" owari="339,44.0,170,-33.0,221,-18.0,270,7.0" /></mjloggm>