<mjloggm ver="2.3"><GO type="97"/><UN n0="%E3%81%A1%E3%81%8F%E3%82%8F%E9%87%8E%E9%83%8E%E3%83%80%E3%83%A0%E5%A4%AA" n1="%E6%9C%B1%E3%81%84%E9%9B%80" n2="%E5%96%9C%E7%B7%91%E6%B1%9F%E7%BE%8E%E9%87%8C" n3="%EF%BC%88%E2%89%A7%E2%96%BD%E2%89%A6%EF%BC%89" dan="14,14,16,15" rate="1926,1909,1996,1996" sx="F,M,F,M"/><TAIKYOKU oya="0"/><INIT seed="0,0,0,3,5,34" ten="250,250,250,250" oya="0" hai0="100,36,106,10,107,19,37,30,98,109,52,9,129" hai1="135,134,118,105,64,58,16,114,128,20,14,41,6" hai2="57,66,54,95,40,110,28,0,15,48,82,115,81" hai3="73,38,125,124,56,17,35,29,101,69,70,122,130"/><T131/><D109/><U63/><E105/><N who="0" m="39945" /><D30/><U117/><E114/><V53/><F110/><W87/><G73/><T44/><D19/><U67/><E41/><V2/><F115/><W39/><G101/><T55/><D44/><U103/><E103/><V62/><F28/><W99/><G99/><T65/><D65/><U76/><E76/><V92/><F40/><W116/><G17/><T84/><D84/><U112/><E112/><V78/><F81/><W22/><G29/><T120/><D120/><U26/><E128/><N who="0" m="49225" /><D98/><U121/><E67/><V133/><F133/><N who="1" m="50697" /><E121/><V68/><F54/><N who="0" m="20522" /><D100/><U7/><E26/><V46/><F46/><W24/><G122/><T8/><AGARI ba="0,0" hai="8,9,10,36,37" m="20522,49225,39945" machi="8" ten="40,12000,1" yaku="28,2,19,1,54,1" doraHai="34" who="0" fromWho="0" sc="250,120,250,-40,250,-40,250,-40" /><INIT seed="0,1,0,0,1,26" ten="370,210,210,210" oya="0" hai0="66,16,132,104,47,2,75,38,54,29,108,102,118" hai1="105,10,50,15,122,62,88,82,72,68,69,120,89" hai2="127,44,8,93,17,43,9,109,21,130,123,24,36" hai3="135,13,73,67,101,114,34,49,133,57,124,79,112"/><T63/><D75/><U3/><E105/><V37/><F123/><W35/><G101/><T92/><D118/><U55/><E3/><V18/><F109/><W121/><G121/><T70/><D2/><U96/><E68/><V60/><F130/><W59/><G13/><T52/><D132/><N who="3" m="50761" /><G124/><T94/><D108/><U78/><E69/><V90/><F127/><W80/><G67/><T14/><D29/><U119/><E62/><V117/><F117/><W5/><G5/><T65/><D65/><U134/><E119/><V31/><F37/><W64/><G64/><T129/><D129/><U84/><E96/><V71/><F71/><W99/><G99/><T81/><D81/><U125/><E125/><V4/><F60/><W41/><G41/><T42/><D102/><U87/><E134/><V56/><F56/><N who="3" m="21579" /><G49/><T100/><D104/><U6/><E50/><V77/><F77/><W83/><G80/><T95/><REACH who="0" step="1"/><D100/><REACH who="0" ten="360,210,210,210" step="2"/><U0/><E0/><V74/><F74/><W20/><G114/><T19/><D19/><U58/><E72/><V86/><F8/><AGARI ba="1,1" hai="8,14,16,38,42,47,52,54,63,66,70,92,94,95" machi="8" ten="40,18000,2" yaku="1,1,54,2,53,3" doraHai="26" doraHaiUra="91" who="0" fromWho="2" sc="360,193,210,0,210,-183,210,0" /><INIT seed="0,2,0,4,1,62" ten="553,210,27,210" oya="0" hai0="45,74,118,99,14,55,0,114,32,37,121,83,16" hai1="101,78,48,72,30,8,2,27,95,81,134,15,117" hai2="86,10,126,41,28,50,96,112,119,36,65,25,51" hai3="34,58,116,64,56,60,73,4,105,54,19,106,35"/><T6/><D32/><U5/><E117/><V12/><F112/><W120/><G73/><T102/><D121/><U98/><E134/><V76/><F119/><W133/><G116/><T103/><D118/><U107/><E48/><V47/><F126/><W75/><G75/><T40/><D114/><U11/><E8/><V110/><F110/><W79/><G79/><N who="0" m="44535" /><D55/><U24/><E15/><V26/><F96/><W71/><G4/><T42/><D42/><U46/><E95/><V31/><F86/><W80/><G80/><T9/><D99/><U59/><E59/><V18/><F76/><W39/><G39/><T69/><D69/><U122/><E46/><V88/><F88/><W61/><G120/><T104/><D104/><U89/><E89/><V108/><F108/><W22/><G133/><T129/><D129/><U115/><E122/><V90/><F90/><W77/><G77/><T87/><D87/><U49/><E49/><V91/><F91/><W29/><G71/><T13/><D13/><U130/><E27/><V82/><F82/><W109/><G109/><T67/><D67/><U66/><E66/><V1/><F1/><W113/><G113/><T21/><AGARI ba="2,0" hai="0,6,9,14,16,21,37,40,45,102,103" m="44535" machi="21" ten="30,3000,0" yaku="25,1,54,1" doraHai="62" who="0" fromWho="0" sc="553,36,210,-12,27,-12,210,-12" /><INIT seed="0,3,0,4,5,94" ten="589,198,15,198" oya="0" hai0="74,60,109,131,116,114,99,97,111,2,87,104,133" hai1="9,45,125,55,39,12,32,0,66,57,54,19,73" hai2="58,69,123,20,40,26,38,13,90,65,14,75,56" hai3="85,128,49,25,91,42,89,95,132,88,47,10,81"/><T80/><D114/><U50/><E73/><V59/><F75/><W107/><G132/><T36/><D2/><U100/><E32/><V130/><F130/><W86/><G128/><T84/><D36/><U101/><E0/><V44/><F123/><W4/><G107/><T63/><D116/><U48/><E125/><V16/><REACH who="2" step="1"/><F90/><REACH who="2" ten="589,198,5,198" step="2"/><W105/><G89/><T30/><D131/><U6/><E39/><V64/><F64/><W124/><G124/><T126/><D126/><U52/><E66/><V102/><F102/><W108/><G91/><T71/><D74/><U1/><E55/><V106/><F106/><W62/><G105/><T83/><D104/><U134/><E134/><V67/><F67/><W23/><G88/><T113/><D133/><U33/><E33/><V31/><F31/><W92/><G92/><T70/><D113/><U21/><AGARI ba="3,1" hai="1,6,9,12,19,21,45,48,50,52,54,57,100,101" machi="21" ten="20,2700,0" yaku="0,1,7,1,54,1" doraHai="94" who="1" fromWho="1" sc="589,-16,198,46,5,-10,198,-10" owari="573,68.0,244,4.0,-5,-51.0,188,-21.0" /></mjloggm>