<mjloggm ver="2.3"><GO type="41"/><UN n0="%70%65%6E%63%68%6F" n1="%46%72%65%65%6E%61" n2="%E5%92%B2%EF%BC%A0%E7%9B%A3%E7%9D%A3" n3="%E3%82%A6%E3%83%AB%E3%83%88%E3%83%A9%E7%AB%8B%E7%9B%B4" dan="14,13,15,15" rate="1969,1825,1964,2010" sx="M,M,M,M"/><TAIKYOKU oya="0"/><INIT seed="0,0,0,5,0,57" ten="250,250,250,250" oya="0" hai0="0,20,127,56,16,88,103,7,47,115,34,52,79" hai1="39,23,10,72,67,102,83,100,45,50,64,18,19" hai2="87,120,41,99,28,30,31,68,132,89,29,134,44" hai3="43,62,69,118,112,82,121,108,37,76,25,93,48"/><T22/><D115/><U126/><E39/><V3/><F120/><W15/><G118/><T51/><D79/><U53/><E126/><V85/><F68/><W123/><G112/><T128/><D34/><U73/><E73/><V125/><F3/><W74/><G15/><T40/><D127/><U46/><E83/><V98/><F125/><W117/><G117/><T94/><D103/><U96/><E72/><V124/><F124/><W9/><G93/><T71/><D71/><U77/><E77/><V130/><F130/><W105/><G48/><T122/><D122/><U2/><E46/><V107/><F107/><W21/><G105/><T66/><D128/><U97/><E97/><N who="2" m="36875" /><F89/><W12/><G21/><T1/><D66/><U54/><E102/><V113/><F113/><W60/><G25/><T6/><D1/><U65/><E64/><V8/><F8/><W84/><G69/><T92/><D0/><U81/><E2/><V70/><F70/><W104/><G104/><T95/><D88/><U13/><E81/><V91/><F91/><W58/><G74/><T109/><D109/><U86/><E65/><V4/><F4/><W116/><G116/><T111/><D111/><U106/><E67/><V114/><F114/><W135/><G108/><T11/><D11/><U59/><E10/><V32/><F32/><W75/><G121/><T129/><D129/><U38/><E106/><V78/><F78/><W36/><G123/><T35/><D35/><U63/><E100/><V17/><F17/><W42/><G75/><T110/><D110/><U90/><E19/><V49/><F31/><RYUUKYOKU ba="0,0" sc="250,-10,250,-10,250,30,250,-10" hai2="28,29,30,41,44,49,85,87,132,134" /><INIT seed="1,1,0,2,5,73" ten="240,240,280,240" oya="1" hai0="125,45,122,50,39,114,78,18,62,63,56,88,57" hai1="93,92,27,65,102,129,98,47,118,82,48,3,7" hai2="38,96,111,35,99,42,131,72,52,80,9,95,70" hai3="74,135,121,60,59,124,90,32,100,79,68,0,40"/><U97/><E118/><V12/><F70/><W54/><G32/><T13/><D114/><U117/><E117/><V8/><F35/><W58/><G100/><T84/><D39/><U53/><E65/><V87/><F72/><W75/><G75/><T19/><D125/><U37/><E129/><V6/><F9/><W43/><G68/><T15/><D122/><U91/><E37/><V77/><F131/><W112/><G0/><T49/><D84/><U21/><E3/><V123/><F123/><W110/><G112/><T104/><D104/><U66/><E66/><V44/><F111/><W4/><G4/><T46/><D78/><U11/><E11/><V23/><F23/><W36/><G36/><T76/><D76/><U103/><E7/><V101/><F101/><W30/><G121/><T29/><D29/><U17/><E82/><V34/><F34/><W108/><G30/><T83/><D83/><U116/><E116/><V85/><F85/><W1/><G1/><T67/><D67/><U107/><E107/><V71/><F71/><W10/><G10/><T5/><D5/><U132/><E132/><V24/><F24/><W119/><G135/><T115/><D115/><U51/><E48/><V109/><F95/><W41/><G119/><T2/><D2/><U31/><E31/><V55/><F109/><W25/><G25/><T69/><D69/><U89/><AGARI ba="1,0" hai="17,21,27,47,51,53,89,91,92,93,97,98,102,103" machi="89" ten="20,7800,0" yaku="0,1,7,1,9,1,8,1" doraHai="73" who="1" fromWho="1" sc="240,-27,240,81,280,-27,240,-27" /><INIT seed="1,2,0,5,4,9" ten="213,321,253,213" oya="1" hai0="20,43,55,114,129,51,31,17,82,89,101,112,32" hai1="62,104,103,28,66,2,120,41,93,50,80,23,42" hai2="47,131,81,73,92,126,58,116,8,84,113,97,102" hai3="18,61,94,15,125,99,124,24,49,10,56,39,53"/><U46/><E2/><V65/><F116/><W95/><G39/><T106/><D43/><U70/><E120/><V128/><F113/><W108/><G108/><T78/><D129/><N who="2" m="49738" /><F47/><W127/><G24/><T135/><D135/><U83/><E42/><V133/><F8/><W52/><REACH who="3" step="1"/><G99/><REACH who="3" ten="213,321,253,203" step="2"/><T29/><D114/><U134/><E134/><V122/><F122/><W68/><G68/><T14/><D112/><U115/><E115/><V35/><F133/><W91/><G91/><T34/><D89/><U59/><E70/><V72/><F126/><W5/><G5/><T110/><D110/><U76/><E76/><V26/><F26/><W45/><AGARI ba="2,1" hai="10,15,18,45,49,52,53,56,61,94,95,124,125,127" machi="45" ten="30,8000,1" yaku="1,1,0,1,18,1,52,1,54,1,53,0" doraHai="9" doraHaiUra="16" who="3" fromWho="3" sc="213,-22,321,-42,253,-22,203,96" /><INIT seed="2,0,0,5,2,89" ten="191,279,231,299" oya="2" hai0="62,85,26,72,60,120,57,115,48,36,7,17,94" hai1="130,50,113,35,45,71,101,135,107,42,74,82,2" hai2="30,34,13,25,27,93,124,58,19,16,70,106,95" hai3="75,49,131,79,134,114,66,92,33,117,5,23,80"/><V129/><F106/><W20/><G33/><T90/><D120/><U55/><E113/><V76/><F70/><W61/><G117/><T77/><D36/><U81/><E81/><V84/><F129/><W41/><G114/><T54/><D115/><U37/><E130/><V128/><F128/><W68/><G131/><T40/><D7/><U24/><E135/><V44/><F124/><W73/><G73/><T12/><D26/><N who="2" m="9738" /><F34/><W8/><G134/><T56/><D72/><U9/><E50/><V4/><F30/><W102/><G49/><T108/><D77/><N who="1" m="44343" /><E55/><V116/><F116/><W22/><G41/><T15/><D108/><U39/><E37/><V126/><F126/><W1/><REACH who="3" step="1"/><G102/><REACH who="3" ten="191,279,231,289" step="2"/><T98/><D40/><U47/><E45/><V43/><F43/><W83/><G83/><T67/><D48/><U104/><E101/><V103/><F44/><W53/><G53/><T10/><D54/><U91/><E71/><V59/><F103/><W105/><G105/><T119/><D119/><U86/><E86/><V123/><F123/><W109/><G109/><T125/><D125/><U29/><E91/><V69/><F69/><W78/><G78/><T38/><D38/><U6/><AGARI ba="0,1" hai="2,6,9,24,29,35,39,42,47,104,107" m="44343" machi="6" ten="30,4000,0" yaku="25,1,33,2" doraHai="89" who="1" fromWho="1" sc="191,-10,279,50,231,-20,289,-10" /><INIT seed="3,0,0,3,2,93" ten="181,329,211,279" oya="3" hai0="86,120,53,52,60,64,40,62,24,11,133,115,32" hai1="17,20,100,51,84,39,58,122,13,94,59,82,109" hai2="74,89,61,117,104,29,77,16,44,12,36,70,23" hai3="35,80,30,92,48,4,8,83,95,42,55,88,5"/><W127/><G127/><T50/><D120/><U31/><E122/><V124/><F124/><W114/><G114/><T73/><D73/><U81/><E39/><V6/><F117/><W85/><G42/><T129/><D11/><U47/><E109/><V97/><F29/><W2/><G5/><T103/><D103/><U49/><E51/><V107/><F107/><W21/><G35/><T96/><D96/><U0/><E0/><V38/><F74/><W121/><G121/><T110/><D110/><U66/><E31/><V28/><F77/><W68/><G68/><T98/><D98/><U63/><E59/><V87/><F6/><W9/><G9/><T119/><D119/><U126/><E126/><V130/><F130/><W46/><REACH who="3" step="1"/><G83/><REACH who="3" ten="181,329,211,269" step="2"/><T131/><D32/><U112/><E112/><V99/><F70/><W134/><G134/><T125/><D40/><U106/><E81/><V18/><F104/><W111/><G111/><T1/><D115/><U37/><E82/><V3/><F3/><W57/><G57/><T132/><D1/><U67/><E106/><V65/><F44/><W105/><G105/><T10/><D10/><U19/><E37/><V56/><F38/><W15/><G15/><T7/><D7/><U90/><E100/><V116/><F36/><W78/><G78/><T27/><D125/><U108/><E108/><V22/><F116/><W91/><G91/><T113/><D113/><U79/><E79/><V54/><F89/><W41/><G41/><T76/><D76/><U118/><E118/><V128/><F12/><W102/><G102/><T71/><D71/><RYUUKYOKU ba="0,1" sc="181,-10,329,-10,211,-10,269,30" hai3="2,4,8,21,30,46,48,55,80,85,88,92,95" /><INIT seed="3,1,1,1,2,6" ten="171,319,201,299" oya="3" hai0="33,117,52,80,66,132,1,25,58,128,112,19,98" hai1="121,106,78,133,129,114,53,73,38,9,30,125,2" hai2="110,130,100,3,20,46,92,123,77,93,111,74,105" hai3="50,14,47,113,51,57,54,28,109,27,11,68,29"/><W75/><G68/><T103/><D117/><U76/><RYUUKYOKU type="yao9" ba="1,1" sc="171,0,319,0,201,0,299,0" hai1="2,9,30,38,53,73,76,78,106,114,121,125,129,133" /><INIT seed="3,2,1,0,0,97" ten="171,319,201,299" oya="3" hai0="118,39,18,132,64,24,26,92,5,7,59,82,54" hai1="129,6,36,78,50,46,51,101,88,98,28,120,122" hai2="123,103,56,12,99,95,20,33,93,86,23,130,126" hai3="111,124,115,53,16,29,91,66,77,67,125,49,79"/><W84/><G29/><T69/><D118/><U114/><E114/><V1/><F123/><W8/><G115/><T10/><D39/><U55/><E129/><V134/><F130/><W11/><G125/><T43/><D43/><U117/><E117/><V42/><F126/><W35/><G35/><T119/><D119/><U63/><E28/><V4/><F33/><W110/><G124/><T57/><D69/><U71/><E6/><V9/><F134/><W68/><G68/><T60/><D132/><U112/><E112/><V135/><F135/><W104/><G104/><T128/><D82/><U105/><E78/><V27/><F42/><W74/><G74/><T87/><D128/><U32/><E32/><V100/><F1/><W121/><G121/><T0/><D7/><U106/><E106/><V48/><F27/><W41/><G41/><T25/><D87/><U30/><E30/><V22/><F56/><W89/><G84/><T17/><REACH who="0" step="1"/><D92/><REACH who="0" ten="161,319,201,299" step="2"/><U34/><E122/><V61/><F86/><W90/><G79/><T14/><D14/><U37/><E120/><V58/><F93/><W108/><G77/><T76/><D76/><U62/><E105/><V107/><F107/><W2/><G2/><T19/><D19/><U116/><E116/><V80/><F80/><W127/><G127/><T70/><D70/><U73/><E73/><V65/><F48/><AGARI ba="2,2" hai="0,5,10,17,18,24,25,26,48,54,57,59,60,64" machi="48" ten="40,1300,0" yaku="1,1,53,0" doraHai="97" doraHaiUra="31" who="0" fromWho="2" sc="161,39,319,0,201,-19,299,0" /><INIT seed="4,0,0,3,3,126" ten="200,319,182,299" oya="0" hai0="40,114,39,83,51,30,93,24,110,98,130,14,123" hai1="73,21,131,100,53,76,97,35,10,71,124,7,56" hai2="31,1,112,45,90,12,61,75,135,41,13,134,48" hai3="77,103,129,91,69,99,28,128,74,44,80,4,79"/><T133/><D123/><U19/><E124/><V108/><F75/><W33/><G4/><T15/><D39/><U85/><E71/><V117/><F108/><W59/><G79/><T111/><D114/><U122/><E73/><V115/><F1/><W106/><G59/><T18/><D133/><N who="2" m="50698" /><F31/><W3/><G3/><T87/><D130/><N who="3" m="50281" /><G69/><T54/><D40/><U16/><E122/><V34/><F34/><W55/><G28/><T50/><D111/><U119/><E119/><V58/><F90/><W96/><G33/><T62/><D110/><U109/><E109/><V37/><F37/><W82/><G44/><T89/><D62/><U36/><E36/><V64/><F117/><W17/><G17/><T68/><D68/><U101/><E35/><V88/><F13/><W65/><G55/><T0/><D0/><U107/><E131/><V32/><F12/><W116/><G116/><T113/><D113/><N who="2" m="43594" /><F32/><W94/><G65/><T121/><D121/><U102/><E19/><V95/><F64/><W127/><G82/><T20/><D54/><U86/><E7/><V5/><F5/><W67/><G67/><T81/><D81/><U63/><E10/><V49/><F58/><W70/><G70/><T8/><REACH who="0" step="1"/><D15/><REACH who="0" ten="190,319,182,299" step="2"/><U72/><E107/><V52/><F61/><W118/><G118/><T23/><D23/><U26/><E21/><V43/><F49/><W66/><G66/><T29/><D29/><U104/><E63/><V42/><F42/><W2/><G2/><T11/><D11/><U47/><E104/><V125/><F125/><AGARI ba="0,1" hai="74,77,80,91,94,96,99,103,106,125,127" m="50281" machi="125" ten="30,12000,2" yaku="19,1,34,2,52,3" doraHai="126" who="3" fromWho="2" sc="190,0,319,0,182,-120,299,130" /><INIT seed="5,0,0,2,4,22" ten="190,319,62,429" oya="1" hai0="9,26,71,68,39,38,24,127,13,124,51,110,128" hai1="126,86,85,132,122,2,8,29,40,0,87,77,90" hai2="95,31,101,63,105,131,32,47,53,125,102,64,50" hai3="49,61,30,66,134,37,112,21,115,74,116,19,120"/><U84/><E122/><V52/><F105/><W42/><G37/><N who="0" m="13835" /><D51/><U58/><E40/><V94/><F131/><W12/><G74/><T93/><D93/><N who="1" m="54471" /><E29/><V119/><F119/><W33/><G116/><T18/><D110/><U44/><E44/><V20/><F32/><W1/><G1/><T73/><D73/><U57/><E57/><V59/><F125/><N who="0" m="48202" /><D128/><U72/><E58/><V111/><F111/><W81/><G49/><T118/><D118/><U16/><E126/><V79/><F79/><W97/><G42/><T69/><AGARI ba="0,0" hai="9,13,18,24,26,68,69,71" m="48202,13835" machi="69" ten="40,5200,0" yaku="18,1,52,2" doraHai="22" who="0" fromWho="0" sc="190,52,319,-26,62,-13,429,-13" /><INIT seed="6,0,0,5,5,108" ten="242,293,49,416" oya="2" hai0="45,4,96,19,130,31,6,54,5,47,84,51,23" hai1="134,120,38,26,103,72,32,105,62,128,131,21,124" hai2="101,10,60,99,67,61,135,79,81,110,27,127,80" hai3="37,77,113,14,1,35,126,7,18,100,33,102,25"/><V66/><F110/><W55/><G77/><T22/><D130/><N who="1" m="49707" /><E62/><V87/><F135/><W44/><G100/><T121/><D121/><U3/><E120/><V28/><F127/><W17/><G102/><T16/><D96/><N who="1" m="61671" /><E21/><V46/><F81/><W50/><G37/><T133/><D133/><U98/><E98/><V88/><F46/><W95/><G95/><T125/><D125/><U20/><E20/><N who="2" m="15463" /><F10/><W116/><G35/><T57/><D84/><U15/><E15/><V39/><F39/><W109/><G18/><T114/><D114/><U13/><E13/><V129/><F129/><W29/><G116/><T123/><D123/><U122/><E122/><V30/><F30/><W41/><G109/><T56/><D4/><U42/><E134/><V90/><F61/><W34/><G34/><T111/><D111/><U2/><E124/><V68/><F67/><W132/><G132/><T89/><D31/><N who="1" m="19575" /><E72/><V9/><F9/><W49/><G126/><T70/><D89/><U112/><E112/><V63/><F63/><W85/><G113/><T97/><D97/><U117/><E117/><V118/><F118/><W91/><G7/><T75/><D75/><U93/><E93/><N who="2" m="58607" /><F79/><W52/><G49/><T53/><D51/><U106/><E106/><V12/><F12/><W8/><REACH who="3" step="1"/><G1/><REACH who="3" ten="242,293,49,406" step="2"/><T71/><AGARI ba="0,1" hai="5,6,16,19,22,23,45,47,53,54,56,57,70,71" machi="71" ten="25,6400,0" yaku="0,1,22,2,54,1" doraHai="108" who="0" fromWho="0" sc="242,74,293,-16,49,-32,406,-16" /><INIT seed="7,0,0,5,5,83" ten="316,277,17,390" oya="3" hai0="33,57,2,115,91,116,61,72,99,11,0,16,97" hai1="92,124,28,42,23,37,34,6,102,120,101,21,60" hai2="96,134,77,43,48,133,1,80,108,88,104,39,56" hai3="22,118,110,93,59,66,20,135,12,54,47,24,117"/><W130/><G130/><T100/><D116/><U74/><E74/><V19/><F1/><W86/><G135/><T49/><D33/><U82/><E120/><V132/><F39/><W89/><G110/><T128/><D72/><U123/><E123/><V36/><F36/><W121/><G121/><T63/><D128/><U98/><E124/><V78/><F43/><W26/><G47/><T69/><D69/><U105/><E6/><V13/><F13/><W41/><G66/><T114/><D91/><U53/><E82/><V29/><F29/><W52/><G41/><T27/><D49/><U90/><E102/><V71/><F71/><W40/><G40/><T127/><D127/><U85/><E42/><V46/><F19/><W73/><G73/><T44/><D44/><U58/><REACH who="1" step="1"/><E37/><REACH who="1" ten="316,267,17,390" step="2"/><V94/><F46/><W5/><G5/><T126/><D126/><U103/><E103/><V131/><F131/><W35/><G118/><T64/><D100/><U38/><E38/><V32/><F32/><W25/><G35/><T87/><D115/><U76/><E76/><V15/><F108/><W30/><G117/><T68/><D114/><U129/><E129/><V45/><F45/><W3/><G3/><T122/><D2/><U119/><E119/><V4/><F4/><W112/><G112/><T51/><D0/><U17/><E17/><V8/><F8/><W65/><G30/><T70/><D11/><U107/><E107/><V109/><F109/><W81/><G81/><T79/><D79/><N who="2" m="30218" /><F104/><W62/><G93/><T84/><D122/><U75/><E75/><V50/><F134/><RYUUKYOKU ba="0,1" sc="316,-10,267,30,17,-10,390,-10" hai1="21,23,28,34,53,58,60,85,90,92,98,101,105" owari="306,11.0,297,-10.0,7,-49.0,390,48.0" /></mjloggm>