<mjloggm ver="2.3"><GO type="169"/><UN n0="%EF%BC%88%E2%89%A7%E2%96%BD%E2%89%A6%EF%BC%89" n1="%E7%B4%85%E9%A1%94%E3%81%AE%E7%BE%8E%E5%B0%91%E5%B9%B4" n2="%E3%81%A8%E3%83%BC%E3%82%84%E3%82%93" n3="%E3%83%97%E3%83%AD%E3%82%B8%E3%83%A3%E3%83%B3%E6%B0%8F" dan="18,16,16,17" rate="2244,2036,2067,2141" sx="M,M,M,M"/><TAIKYOKU oya="0"/><INIT seed="0,0,0,3,5,32" ten="250,250,250,250" oya="0" hai0="91,38,34,49,77,28,101,69,108,98,110,29,25" hai1="58,59,22,84,125,119,129,11,67,23,53,94,105" hai2="1,88,100,83,104,97,89,92,33,124,87,41,39" hai3="30,131,50,35,16,76,26,66,85,90,117,51,114"/><T48/><D38/><U46/><E105/><V126/><F33/><W5/><G131/><T56/><D77/><U70/><E119/><V96/><F41/><W9/><G117/><T27/><D91/><U12/><E129/><V8/><F39/><W134/><G134/><T80/><D80/><U102/><E70/><V36/><F36/><W3/><G114/><T133/><D69/><U14/><E125/><V60/><F60/><W52/><G76/><T55/><D133/><U10/><E46/><V73/><F8/><W103/><G103/><T74/><D74/><U112/><E67/><V61/><F61/><W115/><G115/><T93/><REACH who="0" step="1"/><D49/><REACH who="0" ten="240,250,250,250" step="2"/><U79/><E112/><V47/><F47/><W20/><G51/><T121/><D121/><U72/><E72/><V31/><F31/><W17/><G66/><T0/><D0/><U18/><E59/><V2/><F73/><W57/><G35/><AGARI ba="0,1" hai="25,27,28,29,34,35,48,55,56,93,98,101,108,110" machi="35" ten="40,3900,0" yaku="1,1,9,1,53,0" doraHai="32" doraHaiUra="7" who="0" fromWho="3" sc="240,49,250,0,250,0,250,-39" /><INIT seed="0,1,0,4,4,85" ten="289,250,250,211" oya="0" hai0="122,88,115,38,44,10,11,93,68,49,107,114,81" hai1="15,48,63,33,113,135,45,99,61,40,42,51,5" hai2="35,118,117,121,84,47,64,39,16,79,67,3,72" hai3="105,41,0,71,20,2,28,46,133,112,34,53,129"/><T59/><D107/><U102/><E33/><V76/><F121/><W108/><G20/><T6/><D68/><U106/><E135/><V65/><F35/><W125/><G53/><T82/><D122/><U50/><E113/><V77/><F72/><W1/><G46/><T60/><D38/><U89/><E42/><V103/><F3/><W104/><G41/><N who="0" m="24719" /><D115/><U19/><E5/><V8/><F103/><W120/><G28/><T27/><D27/><U32/><E32/><V73/><F73/><W36/><G105/><T54/><D114/><U66/><E63/><V123/><F123/><W55/><G55/><T9/><D6/><U56/><REACH who="1" step="1"/><E89/><REACH who="1" ten="289,240,250,211" step="2"/><V86/><F117/><W90/><G90/><T116/><D116/><U21/><AGARI ba="1,1" hai="15,19,21,40,45,48,50,51,56,61,66,99,102,106" machi="21" ten="20,5200,0" yaku="1,1,2,1,0,1,7,1,53,0" doraHai="85" doraHaiUra="74" who="1" fromWho="1" sc="289,-27,240,65,250,-14,211,-14" /><INIT seed="1,0,0,1,2,19" ten="262,305,236,197" oya="1" hai0="56,6,105,101,111,51,112,134,72,28,63,48,81" hai1="126,70,106,91,115,83,68,109,78,20,36,135,119" hai2="84,64,103,52,107,130,113,86,102,40,10,22,49" hai3="9,14,71,94,15,73,55,29,88,35,82,85,21"/><U3/><RYUUKYOKU type="yao9" ba="0,0" sc="262,0,305,0,236,0,197,0" hai1="3,20,36,68,70,78,83,91,106,109,115,119,126,135" /><INIT seed="1,1,0,4,3,88" ten="262,305,236,197" oya="1" hai0="35,62,39,40,119,68,59,23,50,135,22,95,43" hai1="19,84,124,10,122,46,127,69,126,133,21,120,41" hai2="48,98,66,129,115,128,104,55,87,77,65,92,105" hai3="78,134,24,20,49,57,132,81,125,90,71,28,36"/><U131/><E69/><V26/><F115/><W0/><G71/><T37/><D35/><U52/><E133/><N who="3" m="51306" /><G36/><T61/><D135/><U118/><E118/><V117/><F117/><W18/><G0/><T86/><D119/><U83/><E10/><V14/><F87/><W80/><G125/><T94/><D68/><U75/><E75/><V4/><F77/><W44/><G57/><T113/><D113/><U91/><E131/><N who="2" m="50251" /><F4/><W9/><G90/><T100/><D100/><U97/><E97/><V82/><F82/><W27/><G78/><T11/><D86/><U17/><E17/><V2/><F2/><W45/><G9/><T30/><D11/><U108/><E108/><V110/><F14/><W89/><G89/><T76/><D76/><U72/><E72/><V38/><F38/><W32/><G45/><T109/><D59/><U96/><E96/><V7/><F7/><W101/><G101/><T12/><D12/><U47/><E46/><N who="2" m="28055" /><F110/><W34/><G34/><T56/><D109/><U1/><E1/><V67/><F26/><W29/><G29/><T111/><D111/><U6/><E124/><V60/><F60/><W58/><G58/><T99/><D56/><U85/><E127/><V63/><F63/><W74/><G74/><T107/><D99/><U42/><E126/><V3/><F3/><W31/><G31/><T15/><D30/><U54/><E84/><V13/><F13/><W16/><G18/><T53/><D15/><N who="1" m="9471" /><E6/><V33/><F33/><W103/><G103/><AGARI ba="1,0" hai="65,66,67,92,98,103,104,105" m="28055,50251" machi="103" ten="30,2000,0" yaku="19,1,52,1" doraHai="88" who="2" fromWho="3" sc="262,0,305,0,236,23,197,-23" /><INIT seed="2,0,0,5,1,54" ten="262,305,259,174" oya="2" hai0="49,103,86,59,72,85,50,88,116,2,66,134,56" hai1="128,64,84,109,95,94,102,60,9,44,89,120,6" hai2="104,8,124,68,11,119,82,92,70,115,48,34,31" hai3="123,12,79,13,71,28,24,117,112,19,91,121,75"/><V62/><F104/><W87/><G71/><T41/><D72/><U77/><E109/><V65/><F119/><W40/><G117/><T36/><D2/><U99/><E128/><V74/><F115/><W122/><G112/><T127/><D134/><U69/><E120/><V22/><F34/><W135/><G135/><T131/><D131/><U43/><E77/><V33/><F33/><W96/><G40/><T15/><D127/><U53/><E53/><V17/><F31/><W61/><G61/><N who="0" m="38183" /><D36/><U26/><E26/><V93/><F70/><W76/><G96/><T80/><D103/><U133/><E133/><V29/><F29/><W25/><G75/><T81/><D41/><U113/><E113/><V107/><F107/><W130/><G130/><T10/><D59/><U42/><E44/><V32/><F32/><W126/><G123/><T52/><D116/><U39/><E39/><V110/><F124/><W106/><G126/><T73/><D52/><U18/><E18/><V78/><F48/><W5/><G121/><T97/><D73/><U108/><E108/><V7/><F110/><W129/><G122/><T27/><D27/><U0/><AGARI ba="0,0" hai="0,6,9,42,43,60,64,69,84,89,94,95,99,102" machi="0" ten="20,1500,0" yaku="0,1,7,1" doraHai="54" who="1" fromWho="1" sc="262,-4,305,15,259,-7,174,-4" /><INIT seed="3,0,0,1,2,67" ten="258,320,252,170" oya="3" hai0="54,68,126,35,96,6,121,83,71,64,8,47,17" hai1="127,131,87,1,134,79,113,109,75,120,93,88,124" hai2="69,21,16,70,44,117,123,34,66,55,82,84,99" hai3="59,102,48,14,106,46,3,81,2,0,26,72,28"/><W114/><G114/><T18/><D35/><U95/><E1/><V5/><F34/><W62/><G102/><T24/><D121/><U130/><E113/><V135/><F117/><W128/><G128/><N who="1" m="49194" /><E120/><V43/><F123/><W30/><G106/><T111/><D64/><U107/><E107/><V76/><F66/><W94/><G94/><T105/><D105/><U61/><E61/><V101/><F55/><W122/><G2/><T27/><D96/><U23/><E23/><V11/><F135/><W74/><G0/><T60/><D83/><N who="1" m="45567" /><E134/><V129/><F129/><W58/><G3/><T19/><D60/><U22/><E22/><V10/><F10/><W52/><G122/><T50/><D126/><N who="1" m="48171" /><E109/><V65/><F65/><W45/><G62/><T86/><D111/><U25/><E25/><V115/><F115/><W39/><G26/><T31/><D27/><U108/><E108/><V133/><F133/><W97/><G14/><T110/><D110/><U91/><E91/><V41/><F11/><W9/><G9/><T51/><D8/><U49/><E49/><V118/><F118/><W78/><G48/><T98/><D51/><U119/><E119/><V38/><F5/><W36/><G36/><T104/><D50/><U132/><E132/><V77/><F76/><W37/><G78/><T4/><D24/><U29/><E29/><V57/><F77/><W15/><G15/><T33/><D104/><U100/><E100/><V56/><F101/><W20/><G20/><T53/><D31/><U85/><E95/><V90/><F21/><W92/><G92/><T12/><D33/><RYUUKYOKU ba="0,0" sc="258,-10,320,30,252,-10,170,-10" hai1="85,87,88,93" /><INIT seed="4,1,0,1,0,71" ten="248,350,242,160" oya="0" hai0="126,29,61,124,119,66,40,103,12,106,28,115,133" hai1="118,30,134,101,14,13,10,49,64,4,81,117,69" hai2="60,20,90,128,65,55,2,111,42,91,92,129,105" hai3="7,16,98,27,79,93,70,38,11,109,25,83,89"/><T94/><D119/><U123/><E123/><V34/><F105/><W53/><G109/><T18/><D106/><U57/><E69/><V102/><F34/><W120/><G120/><T80/><D40/><U9/><E101/><V110/><F2/><W5/><G70/><N who="0" m="42319" /><D115/><U37/><E37/><V116/><F116/><W44/><G5/><T78/><D94/><U86/><E30/><V112/><F112/><W88/><G89/><T33/><D103/><U72/><E72/><V74/><F74/><W63/><G63/><T56/><D56/><U52/><E64/><V131/><F55/><W23/><G25/><T122/><D33/><U58/><E58/><N who="2" m="37015" /><F42/><W125/><G125/><N who="0" m="48235" /><D122/><U32/><E32/><V47/><F47/><W77/><G83/><T62/><D62/><U51/><E51/><V54/><F54/><W22/><G22/><N who="0" m="11591" /><D133/><U6/><E134/><V67/><F67/><W39/><G53/><T15/><D15/><U48/><REACH who="1" step="1"/><E49/><REACH who="1" ten="248,340,242,160" step="2"/><V26/><F110/><W59/><G59/><T95/><D28/><U107/><E107/><V0/><F111/><W113/><G113/><T45/><D29/><U41/><E41/><V99/><F0/><W96/><G39/><T46/><D46/><U84/><E84/><V82/><F102/><W1/><REACH who="3" step="1"/><G96/><REACH who="3" ten="248,340,242,150" step="2"/><T43/><D43/><AGARI ba="1,2" hai="1,7,11,16,23,27,38,43,44,77,79,88,93,98" machi="43" ten="40,12000,2" yaku="1,1,2,1,52,1,54,2,53,1" doraHai="71" doraHaiUra="19" who="3" fromWho="0" sc="248,-123,340,0,242,0,150,143" /><INIT seed="5,0,0,0,2,24" ten="125,340,242,293" oya="1" hai0="79,27,86,35,75,68,122,59,118,74,0,64,50" hai1="29,129,17,62,76,3,69,37,39,88,101,42,30" hai2="113,13,31,102,82,73,33,111,96,98,58,80,18" hai3="60,130,105,57,131,19,6,54,126,66,32,56,9"/><U121/><E3/><V10/><F111/><W36/><G105/><T55/><D118/><U47/><E39/><V72/><F113/><W26/><G36/><T49/><D122/><U83/><E121/><V71/><F71/><W70/><G126/><T67/><D0/><U114/><E101/><V115/><F115/><W1/><G56/><T45/><D68/><U99/><E114/><V46/><F46/><W52/><G54/><T81/><D67/><U38/><E38/><V127/><F127/><W117/><G117/><T119/><D119/><U112/><E17/><V4/><F58/><W21/><REACH who="3" step="1"/><G32/><REACH who="3" ten="125,340,242,283" step="2"/><T43/><REACH who="0" step="1"/><D64/><REACH who="0" ten="115,340,242,283" step="2"/><U63/><E112/><V89/><F33/><W110/><G110/><T85/><D85/><U11/><E69/><V78/><F73/><W12/><G12/><T120/><D120/><U128/><E128/><V8/><F72/><W103/><G103/><T40/><D40/><U48/><E42/><V53/><F102/><W133/><G133/><T108/><D108/><U22/><E129/><V104/><F53/><W135/><G135/><T90/><D90/><U2/><E88/><V132/><F89/><W61/><AGARI ba="0,2" hai="1,6,9,19,21,26,52,57,60,61,66,70,130,131" machi="61" ten="30,8000,1" yaku="1,1,0,1,54,1,53,2" doraHai="24" doraHaiUra="124" who="3" fromWho="3" sc="115,-20,340,-40,242,-20,283,100" /><INIT seed="6,0,0,0,2,89" ten="95,300,222,383" oya="2" hai0="13,127,6,18,67,78,101,132,38,36,129,126,103" hai1="110,72,114,111,77,9,121,19,41,1,82,116,105" hai2="8,46,49,71,100,4,86,112,123,96,59,7,98" hai3="29,94,55,99,39,23,124,27,64,16,24,35,33"/><V134/><F123/><W135/><G135/><T37/><D132/><U14/><E116/><V45/><F71/><W12/><G124/><T57/><D129/><U118/><E118/><V74/><F74/><W73/><G73/><T95/><D6/><U5/><E105/><V52/><F134/><W53/><G39/><T87/><D78/><U81/><E121/><V0/><F112/><W109/><G109/><T69/><D69/><U10/><E114/><V75/><F75/><W65/><G64/><T117/><D117/><U125/><E125/><V133/><F133/><W102/><G65/><T11/><D103/><U83/><E83/><V88/><F7/><W66/><G66/><T108/><D108/><U54/><E82/><V58/><F46/><W31/><AGARI ba="0,0" hai="12,16,23,24,27,29,31,33,35,53,55,94,99,102" machi="31" ten="30,7900,0" yaku="0,1,9,1,52,1,54,1" doraHai="89" who="3" fromWho="3" sc="95,-20,300,-20,222,-39,383,79" /><INIT seed="7,0,0,2,3,131" ten="75,280,183,462" oya="3" hai0="116,122,107,104,102,94,24,58,19,110,16,112,6" hai1="105,75,77,27,113,111,34,62,68,15,121,40,32" hai2="22,106,1,99,82,4,41,95,81,33,97,25,133" hai3="36,28,98,47,3,73,87,123,45,29,31,85,53"/><W128/><G3/><T70/><D122/><U10/><E105/><V125/><F33/><W11/><G73/><T67/><D116/><U103/><E75/><V66/><F41/><W21/><G11/><T44/><D110/><U86/><E77/><V8/><F125/><W26/><G36/><T64/><D112/><U17/><E68/><V100/><F66/><W60/><G98/><T134/><D70/><U63/><E63/><V50/><F50/><W65/><G31/><T49/><D49/><U69/><E15/><V5/><F5/><W80/><G29/><T72/><D134/><U108/><E34/><V61/><F61/><W92/><G60/><T101/><D72/><U39/><E10/><V51/><F51/><W48/><G48/><T14/><D14/><U132/><E132/><V37/><F133/><W13/><G47/><T38/><D38/><U7/><E32/><V130/><F37/><W42/><G80/><T119/><D119/><U93/><E69/><V76/><F76/><W0/><G42/><T79/><D79/><U117/><E40/><V126/><F130/><W30/><G53/><T127/><D127/><U59/><E39/><V55/><F55/><W35/><G65/><T20/><D6/><U2/><E7/><V71/><F71/><W78/><G45/><T12/><D12/><U9/><E111/><V43/><F43/><W74/><G78/><T54/><D54/><U88/><E108/><V23/><F126/><W129/><G74/><T84/><D44/><U57/><E2/><V91/><F25/><W90/><G26/><T114/><D24/><RYUUKYOKU ba="0,0" sc="75,-10,280,-10,183,30,462,-10" hai2="1,4,8,22,23,81,82,91,95,97,99,100,106" owari="65,-43.0,270,7.0,213,-19.0,452,55.0" /></mjloggm>