<mjloggm ver="2.3"><GO type="11"/><UN n0="%E6%94%B9%E9%80%A0%E5%8E%A8" n1="%68%69%72%6F%78" n2="%64%69%63%65%36%39" n3="%EF%BC%88%E2%89%A7%E2%96%BD%E2%89%A6%EF%BC%89" dan="9,12,9,2" rate="1543,1831,1584,1553" sx="M,M,M,M"/><TAIKYOKU oya="0"/><INIT seed="0,0,0,2,1,8" ten="250,250,250,250" oya="0" hai0="45,130,24,26,120,76,116,11,72,63,104,86,68" hai1="112,82,19,111,65,92,74,85,22,75,53,113,17" hai2="6,125,124,94,105,123,126,114,40,91,121,42,58" hai3="31,73,30,118,95,87,27,59,97,41,9,33,12"/><T88/><D104/><U100/><E65/><V103/><F6/><W135/><G118/><T20/><D120/><N who="2" m="46154" /><F58/><W89/><G135/><T37/><D116/><U48/><E111/><V61/><F61/><W21/><G73/><T109/><D109/><U46/><E100/><V107/><F42/><W101/><G41/><T1/><D130/><U39/><E19/><V83/><F40/><W81/><G59/><T49/><D37/><U54/><E39/><V44/><F44/><W106/><G33/><T66/><D1/><U78/><E92/><V117/><F117/><W110/><G110/><T96/><D96/><U29/><E29/><V2/><F2/><W35/><G35/><T119/><D119/><U10/><E10/><V93/><F114/><N who="1" m="44137" /><E54/><V128/><F128/><W4/><REACH who="3" step="1"/><G106/><REACH who="3" step="2"/><N who="2" m="40457" /><F103/><W5/><G5/><T51/><D72/><U131/><E131/><V122/><F122/><W127/><G127/><T3/><D3/><U14/><AGARI ba="0,1" hai="14,17,22,46,48,53,74,75,78,82,85" m="44137" machi="14" ten="30,2000,0" yaku="11,1,52,1" doraHai="8" who="1" fromWho="1" sc="250,-10,250,30,250,-5,240,-5" /><INIT seed="1,0,0,1,2,135" ten="240,280,245,235" oya="1" hai0="100,97,91,10,16,17,98,6,46,56,29,52,4" hai1="124,15,96,62,31,118,38,63,30,134,50,107,132" hai2="27,104,83,81,84,117,131,112,45,116,47,70,37" hai3="122,41,40,115,82,9,55,111,25,130,127,49,32"/><U85/><E118/><V43/><F104/><W79/><G122/><T101/><D46/><U44/><E38/><V78/><F70/><W77/><G115/><T51/><D4/><U126/><E85/><V0/><F112/><W39/><G111/><T73/><D73/><U123/><E123/><V120/><F120/><W54/><G130/><T125/><D125/><N who="1" m="48235" /><E96/><V33/><F0/><W23/><G127/><T36/><D36/><U5/><E107/><V95/><F131/><W14/><G32/><T114/><D114/><U3/><E3/><V19/><F95/><W66/><G39/><T1/><D91/><U67/><E63/><V65/><F65/><W64/><G64/><T108/><D108/><U2/><E2/><V76/><F47/><W109/><G66/><T121/><D121/><U113/><E113/><V68/><F68/><W106/><G106/><T42/><D42/><N who="1" m="24855" /><E15/><V119/><F27/><W59/><G109/><T20/><D29/><N who="1" m="10763" /><E5/><V75/><F19/><N who="3" m="12543" /><G14/><T129/><D129/><U53/><E53/><V92/><F117/><W133/><G54/><T102/><REACH who="0" step="1"/><D16/><REACH who="0" step="2"/><U26/><E26/><AGARI ba="0,1" hai="1,6,10,17,20,26,51,52,56,97,98,100,101,102" machi="26" ten="40,2600,0" yaku="1,1,2,1,53,0" doraHai="135" doraHaiUra="60" who="0" fromWho="1" sc="230,36,280,-26,245,0,235,0" /><INIT seed="2,0,0,4,3,33" ten="266,254,245,235" oya="2" hai0="13,112,7,51,111,118,105,108,65,0,68,86,9" hai1="27,67,20,36,101,109,43,89,124,15,37,72,58" hai2="70,56,80,10,99,77,92,122,126,133,2,41,21" hai3="31,81,60,135,125,74,123,131,110,16,3,93,75"/><V104/><F122/><W5/><G123/><T120/><D120/><U49/><E72/><V90/><F70/><W23/><G135/><T18/><D112/><U100/><E109/><N who="0" m="42057" /><D118/><U46/><E124/><V95/><F133/><W29/><G125/><T39/><D39/><U62/><E15/><V114/><F104/><W129/><G110/><T79/><D105/><U94/><E37/><V88/><F126/><W40/><G40/><T54/><D68/><U130/><E130/><N who="3" m="49674" /><G60/><T28/><D28/><N who="3" m="10825" /><G93/><T50/><D50/><U97/><REACH who="1" step="1"/><E36/><REACH who="1" step="2"/><V64/><F114/><W103/><G103/><T76/><D13/><U47/><E47/><V85/><F41/><W121/><G121/><T57/><D57/><U12/><E12/><V19/><F2/><W83/><G75/><T73/><D0/><U69/><E69/><V113/><F113/><W134/><G74/><T102/><D73/><U17/><AGARI ba="0,1" hai="17,20,27,43,46,49,58,62,67,89,94,97,100,101" machi="17" ten="20,8000,1" yaku="1,1,0,1,7,1,8,1,53,1" doraHai="33" doraHaiUra="61" who="1" fromWho="1" sc="266,-20,244,90,245,-40,235,-20" /><INIT seed="3,0,0,1,0,120" ten="246,334,205,215" oya="3" hai0="129,37,8,13,3,28,125,40,7,39,85,72,114" hai1="81,88,135,1,83,80,90,38,110,76,17,19,42" hai2="79,87,61,112,23,43,95,97,126,34,62,104,92" hai3="99,0,50,77,127,86,128,46,124,36,75,6,98"/><W131/><G36/><T107/><D72/><U52/><E1/><V123/><F34/><W67/><G67/><T118/><D118/><U102/><E102/><V58/><F112/><W78/><G0/><T27/><D107/><U65/><E135/><V82/><F126/><N who="3" m="48171" /><G6/><T15/><D114/><U29/><E76/><N who="3" m="29290" /><G75/><T73/><D73/><U94/><E65/><V9/><F43/><N who="3" m="24927" /><G86/><T70/><D125/><U119/><E119/><V134/><F134/><W57/><G57/><T14/><D39/><U100/><E42/><V55/><F123/><W2/><G2/><T56/><D37/><U64/><E38/><V41/><F41/><W63/><G63/><T66/><D40/><U115/><E64/><V54/><F9/><W35/><G35/><T32/><D56/><U4/><E115/><V109/><F109/><W122/><G122/><T53/><D85/><U116/><E110/><V24/><F104/><W68/><G68/><T20/><D32/><U10/><E116/><V22/><F22/><W12/><G12/><T121/><D121/><U96/><E29/><V18/><F95/><W25/><G25/><T130/><D53/><U33/><E33/><V117/><F117/><W51/><G51/><T93/><D93/><U71/><E71/><V16/><F16/><N who="1" m="6217" /><E52/><V133/><F133/><W48/><G48/><T74/><REACH who="0" step="1"/><D74/><REACH who="0" step="2"/><U44/><E44/><V132/><F132/><W60/><G60/><AGARI ba="0,1" hai="3,7,8,13,14,15,20,27,28,60,66,70,129,130" machi="60" ten="40,5200,0" yaku="1,1,2,1,53,1" doraHai="120" doraHaiUra="5" who="0" fromWho="3" sc="236,62,334,0,205,0,215,-52" /><INIT seed="4,0,0,5,5,128" ten="298,334,205,163" oya="0" hai0="11,27,37,109,42,110,92,51,124,80,103,112,95" hai1="72,16,60,12,34,25,29,30,98,49,77,78,106" hai2="87,20,56,41,132,108,31,122,125,121,102,83,73" hai3="63,1,66,40,74,84,38,118,134,85,93,55,135"/><T91/><D112/><U127/><E127/><V9/><F108/><N who="0" m="41578" /><D124/><U107/><E72/><V59/><F73/><W7/><G118/><T26/><D37/><U13/><E49/><V19/><F125/><W21/><G74/><T69/><D69/><U18/><E98/><V115/><F115/><W32/><G32/><T116/><D116/><U130/><E130/><V2/><F102/><W23/><G55/><T3/><D3/><U17/><E60/><V62/><F41/><W126/><G126/><T61/><D61/><U44/><E44/><V57/><F62/><W75/><G75/><T104/><D104/><U39/><E39/><V67/><F67/><W89/><G85/><N who="0" m="50599" /><D11/><U52/><E52/><V81/><F81/><W117/><G117/><T88/><D103/><U36/><E36/><V70/><F70/><N who="3" m="42335" /><G7/><T100/><D100/><U33/><E18/><V22/><F121/><W129/><G1/><T79/><D79/><U43/><E25/><N who="0" m="9225" /><D88/><U5/><REACH who="1" step="1"/><E43/><REACH who="1" step="2"/><V90/><F122/><W99/><G129/><T114/><D114/><U24/><E24/><V123/><F123/><W64/><G99/><T82/><D42/><U113/><E113/><V28/><F19/><W94/><G64/><T0/><D51/><U96/><E96/><V53/><F53/><W14/><G40/><T68/><D68/><U35/><E35/><V58/><F31/><W50/><G38/><T46/><D46/><U76/><E76/><V105/><F28/><W97/><G50/><T10/><D0/><U47/><E47/><V48/><F48/><W119/><G119/><T71/><D71/><RYUUKYOKU ba="0,1" sc="298,-10,324,30,205,-10,163,-10" hai1="5,12,13,16,17,29,30,33,34,77,78,106,107" /><INIT seed="5,1,1,0,5,69" ten="288,354,195,153" oya="1" hai0="12,73,92,96,76,42,122,34,43,111,120,39,114" hai1="133,33,20,67,85,63,135,29,65,77,93,123,88" hai2="79,57,16,44,28,4,51,23,64,84,131,5,116" hai3="91,130,19,74,82,68,90,40,2,54,121,81,38"/><U41/><E123/><N who="0" m="47145" /><D114/><U124/><E41/><V60/><F116/><W132/><G121/><T102/><D39/><U126/><E33/><V75/><F75/><W89/><G68/><T45/><D34/><U95/><E77/><V49/><F28/><W80/><G2/><T125/><D125/><N who="1" m="48235" /><E29/><V15/><F131/><W100/><G130/><T61/><D45/><U83/><E20/><V56/><F79/><W66/><G132/><N who="1" m="50762" /><E65/><V97/><F97/><W35/><G35/><T98/><D111/><U107/><E67/><V11/><F84/><W78/><G66/><T37/><D12/><U72/><E63/><V105/><F105/><W113/><G100/><T53/><D37/><U59/><E59/><V24/><F5/><W7/><G113/><T70/><D70/><U27/><E27/><V50/><F44/><W18/><G54/><AGARI ba="1,1" hai="4,11,15,16,23,24,49,50,51,54,56,57,60,64" machi="54" ten="40,1300,0" yaku="8,1" doraHai="69" who="2" fromWho="3" sc="288,0,354,0,195,26,153,-16" /><INIT seed="6,0,0,4,3,40" ten="288,354,221,137" oya="2" hai0="23,78,69,64,124,62,93,26,63,76,7,128,120" hai1="101,100,49,28,122,110,99,68,119,55,90,57,17" hai2="39,33,22,83,1,9,75,70,109,72,8,59,102" hai3="123,84,14,107,94,116,134,81,60,74,89,29,12"/><V103/><F70/><W46/><G123/><T61/><D120/><U51/><E119/><V56/><F33/><W16/><G116/><T27/><D124/><U58/><E68/><V47/><F22/><W113/><G134/><T71/><D128/><U44/><E110/><V3/><F109/><W34/><G107/><T2/><D2/><U18/><E122/><V88/><F83/><W67/><G113/><T24/><D7/><U77/><E77/><V36/><F88/><W25/><G74/><T111/><D111/><U38/><E28/><V6/><REACH who="2" step="1"/><F6/><REACH who="2" step="2"/><W79/><G81/><T115/><D115/><U42/><E38/><V95/><F95/><W4/><G79/><T92/><D71/><U48/><E90/><V117/><F117/><W53/><G4/><T118/><D118/><U32/><E32/><V106/><F106/><W114/><G114/><T96/><D93/><N who="1" m="58479" /><E101/><V98/><F98/><W43/><G16/><T130/><D130/><U5/><E5/><V65/><F65/><W127/><G127/><T87/><D78/><U80/><E80/><V91/><F91/><W86/><G84/><T15/><D76/><U132/><E132/><V104/><F104/><W10/><G67/><T121/><D121/><U11/><E11/><V21/><F21/><W82/><G10/><T66/><D87/><U20/><E20/><V97/><F97/><W125/><G125/><T35/><D35/><U133/><E133/><V13/><F13/><W131/><G131/><T52/><D66/><U112/><E112/><V30/><F30/><W31/><G31/><T45/><D92/><RYUUKYOKU ba="0,1" sc="288,-15,354,15,211,15,137,-15" hai1="17,18,42,44,48,49,51,55,57,58" hai2="1,3,8,9,36,39,47,56,59,72,75,102,103" /><INIT seed="6,1,1,3,4,25" ten="273,369,226,122" oya="2" hai0="43,73,94,62,46,133,28,72,111,11,70,86,66" hai1="103,80,4,124,128,61,42,22,37,7,27,14,120" hai2="76,123,91,119,36,20,29,38,92,106,129,93,60" hai3="6,83,110,21,74,98,81,9,101,58,132,33,109"/><V135/><F123/><W41/><G33/><T45/><D133/><U122/><E128/><V113/><F119/><W10/><G132/><T0/><D111/><U64/><E124/><V1/><F106/><W13/><G74/><T47/><D73/><U63/><E80/><V23/><F135/><W32/><G32/><T71/><D72/><U54/><E42/><V85/><F1/><W102/><G41/><T105/><D105/><U125/><E125/><V104/><F104/><W40/><G40/><T57/><D28/><U112/><E112/><V88/><F76/><W134/><G134/><T49/><D0/><U130/><E37/><V77/><F77/><W116/><G116/><T75/><D75/><U108/><E130/><V121/><F121/><N who="1" m="46697" /><E108/><V87/><F129/><W50/><G110/><T89/><REACH who="0" step="1"/><D11/><REACH who="0" step="2"/><U97/><E14/><V118/><F118/><W5/><G109/><T31/><D31/><N who="1" m="17911" /><E54/><V69/><F113/><W67/><G21/><T51/><D51/><U17/><E17/><V44/><F23/><W55/><G67/><T126/><D126/><U95/><E63/><V39/><F44/><AGARI ba="1,2" hai="43,44,45,46,47,49,57,62,66,70,71,86,89,94" machi="44" ten="40,1300,0" yaku="1,1,53,0" doraHai="25" doraHaiUra="100" who="0" fromWho="2" sc="263,36,369,0,226,-16,122,0" /><INIT seed="7,0,0,5,5,56" ten="299,369,210,122" oya="3" hai0="25,119,75,97,114,29,109,54,77,135,116,50,13" hai1="45,101,103,108,91,123,18,82,73,115,71,47,67" hai2="88,76,20,24,95,63,104,48,134,4,36,80,72" hai3="5,131,102,21,99,125,34,2,0,96,53,105,28"/><W15/><G131/><T40/><D109/><U66/><E123/><V127/><F36/><W64/><G125/><T111/><D111/><U70/><E108/><V124/><F104/><W112/><G112/><T74/><D74/><U44/><E115/><V1/><F134/><W94/><G64/><N who="1" m="24618" /><E73/><V38/><F38/><W113/><G113/><T84/><D114/><U89/><E82/><V60/><F4/><W59/><G34/><T35/><D135/><U51/><E18/><V16/><F1/><W62/><G28/><T69/><D69/><N who="1" m="26123" /><E51/><V26/><F48/><W68/><G68/><T57/><D75/><U86/><E86/><V22/><F124/><W41/><G41/><T30/><D30/><U32/><E32/><V122/><F122/><W133/><G133/><T33/><D33/><U92/><E92/><V65/><F65/><W85/><G85/><T52/><D40/><U49/><E49/><V8/><F8/><W61/><G61/><T10/><D97/><U37/><E37/><V23/><F127/><W98/><G98/><T110/><D110/><U126/><E126/><V14/><F14/><W120/><G120/><T107/><D107/><U132/><E132/><V46/><F46/><N who="1" m="11777" /><U3/><DORA hai="121" /><E3/><V31/><REACH who="2" step="1"/><F23/><REACH who="2" step="2"/><W81/><G81/><T106/><D106/><U19/><E19/><V130/><F130/><W118/><G118/><T12/><D119/><U27/><E27/><V58/><F58/><W87/><G87/><AGARI ba="0,1" hai="16,20,22,24,26,31,60,63,72,76,80,87,88,95" machi="87" ten="30,7700,0" yaku="1,1,7,1,52,2,53,0" doraHai="56,121" doraHaiUra="11,7" who="2" fromWho="3" sc="299,0,369,0,200,87,122,-77" owari="299,10,369,46,287,-11,45,-45" /></mjloggm>