<mjloggm ver="2.3"><GO type="41"/><UN n0="%E5%AE%BF%E5%91%BD%E7%94%B0%E6%A1%83%E7%BE%8E" n1="%72%75%6E%6F%6D%69" n2="%E3%82%A6%E3%83%AB%E3%83%88%E3%83%A9%E7%AB%8B%E7%9B%B4" n3="%6A%65%66%66%31%38" dan="15,15,15,14" rate="1975,1918,2029,1853" sx="M,M,M,F"/><TAIKYOKU oya="0"/><INIT seed="0,0,0,1,1,84" ten="250,250,250,250" oya="0" hai0="134,33,133,56,44,101,17,77,40,30,90,5,41" hai1="100,25,13,124,62,58,129,48,97,4,36,74,118" hai2="14,0,98,88,117,91,7,83,86,80,95,70,75" hai3="130,47,71,6,42,66,61,64,29,113,81,119,121"/><T22/><D101/><U9/><E118/><V45/><F70/><W2/><G119/><T38/><D77/><U104/><E74/><V123/><F0/><W65/><G113/><T24/><D5/><U63/><E36/><V131/><F117/><W16/><G130/><T108/><D41/><U120/><E120/><V94/><F123/><W107/><G121/><T8/><D8/><U102/><E129/><V79/><F131/><W115/><G115/><T3/><D3/><U50/><E102/><N who="2" m="60759" /><F45/><W68/><G29/><T122/><D56/><U125/><E25/><V89/><F14/><W78/><G107/><T126/><D122/><U111/><E111/><V46/><F46/><W12/><G2/><T69/><D69/><U53/><REACH who="1" step="1"/><E63/><REACH who="1" ten="250,240,250,250" step="2"/><V105/><F105/><W49/><G61/><T35/><D108/><U93/><E93/><V109/><F109/><W52/><G68/><T57/><D126/><AGARI ba="0,1" hai="4,9,13,48,50,53,58,62,97,100,104,124,125,126" machi="126" ten="40,2600,0" yaku="1,1,18,1,53,0" doraHai="84" doraHaiUra="20" who="1" fromWho="0" sc="250,-26,240,36,250,0,250,0" /><INIT seed="1,0,0,1,0,12" ten="224,276,250,250" oya="1" hai0="118,75,43,68,121,86,131,70,66,20,78,108,128" hai1="123,90,110,79,28,26,16,100,72,48,31,5,82" hai2="23,1,36,113,130,2,56,126,112,67,132,7,9" hai3="27,103,119,105,107,24,84,42,81,133,85,115,59"/><U122/><E100/><V69/><F69/><W29/><G115/><N who="2" m="44105" /><F36/><W77/><G133/><T64/><D86/><U114/><E114/><V89/><F132/><W127/><G127/><T62/><D20/><U92/><E5/><V8/><F126/><W53/><G42/><T116/><D78/><U33/><E31/><V91/><F130/><N who="0" m="49706" /><D75/><U125/><E125/><V22/><F56/><W109/><G109/><T124/><D124/><U74/><E74/><V97/><F67/><N who="0" m="25642" /><D43/><U40/><E110/><V39/><F97/><W101/><G119/><N who="0" m="45611" /><D108/><U3/><E3/><V106/><F106/><W134/><G107/><T73/><D73/><U55/><E40/><V35/><F35/><W83/><G105/><T47/><D47/><U129/><E129/><V13/><F39/><W61/><G84/><T87/><D87/><U34/><E33/><V15/><F89/><W111/><G111/><T41/><D41/><U54/><E55/><V94/><F91/><W51/><G53/><T4/><D4/><U38/><E38/><V11/><F94/><W17/><G77/><T14/><D14/><N who="2" m="5130" /><F7/><W99/><G101/><T25/><D25/><U30/><E34/><V63/><F22/><W45/><G27/><T60/><D121/><U102/><E122/><V6/><F6/><W104/><G103/><T18/><D18/><U135/><E102/><V98/><F23/><W44/><G104/><T71/><AGARI ba="0,0" hai="60,62,68,70,71" m="45611,25642,49706" machi="71" ten="40,8000,1" yaku="28,2,19,1,34,2" doraHai="12" who="0" fromWho="0" sc="224,80,276,-40,250,-20,250,-20" /><INIT seed="2,0,0,5,0,77" ten="304,236,230,230" oya="2" hai0="103,108,81,32,127,109,4,38,66,106,63,37,134" hai1="101,80,74,105,12,113,55,130,98,69,58,20,132" hai2="76,124,87,15,131,22,90,129,34,128,23,133,46" hai3="92,39,68,122,61,9,97,59,31,78,60,135,121"/><V14/><F34/><W18/><G68/><T6/><D32/><U2/><E113/><V84/><F124/><W7/><G39/><N who="0" m="14859" /><D103/><U104/><E69/><V100/><F46/><W1/><G135/><T96/><D96/><U86/><E2/><V47/><F47/><W0/><G31/><T51/><D51/><U10/><E132/><V110/><F100/><W25/><G78/><T85/><D106/><U72/><E20/><N who="2" m="7723" /><F133/><W42/><G25/><T26/><D26/><U27/><E27/><V16/><F110/><N who="0" m="42602" /><D127/><U53/><E105/><V114/><F114/><W102/><G42/><T75/><D75/><U3/><E3/><V30/><F30/><W88/><G1/><T94/><D94/><U64/><E64/><V62/><F62/><W11/><G60/><T91/><D134/><U54/><E58/><AGARI ba="0,0" hai="4,6,58,63,66,81,85,91" m="42602,14859" machi="58" ten="30,2000,0" yaku="14,1,52,1" doraHai="77" who="0" fromWho="1" sc="304,20,236,-20,230,0,230,0" /><INIT seed="3,0,0,0,3,1" ten="324,216,230,230" oya="3" hai0="102,16,77,62,37,121,78,8,98,90,106,21,51" hai1="94,117,57,79,53,107,85,88,124,30,22,127,83" hai2="95,4,87,97,114,131,68,118,128,125,126,122,58" hai3="100,71,112,75,47,84,55,76,34,105,72,115,46"/><W99/><G34/><T108/><D37/><U45/><E45/><V31/><F68/><W119/><G71/><T80/><D121/><U26/><E107/><V109/><F31/><W130/><G119/><T113/><D108/><U64/><E64/><V29/><F29/><W32/><G32/><T11/><D113/><U36/><E36/><V133/><F114/><W61/><G115/><T123/><D123/><U56/><E117/><V17/><F118/><W44/><G112/><T20/><D20/><U35/><E35/><V74/><F74/><W6/><G6/><T49/><D62/><U12/><E12/><V28/><F28/><W25/><G25/><T27/><D90/><U134/><E134/><V101/><F122/><W96/><G130/><N who="2" m="49705" /><F109/><W132/><G132/><T66/><D66/><U69/><E69/><V91/><F133/><W10/><G10/><T3/><D78/><U18/><E30/><V116/><F58/><W48/><G61/><T33/><D33/><U19/><E19/><V42/><F42/><W82/><REACH who="3" step="1"/><G99/><REACH who="3" ten="324,216,230,220" step="2"/><T111/><D11/><U67/><E67/><V43/><F116/><W2/><G2/><T13/><D3/><U38/><E38/><V92/><F4/><W54/><G54/><T65/><D111/><U5/><E5/><V7/><F7/><W129/><G129/><T0/><D65/><U104/><E53/><V81/><F43/><W52/><G52/><T39/><D0/><U89/><E26/><V120/><F120/><W86/><G86/><N who="0" m="48399" /><D39/><U59/><E85/><N who="2" m="52335" /><F17/><W73/><AGARI ba="0,1" hai="44,46,47,48,55,72,73,75,76,82,84,96,100,105" machi="73" ten="30,6000,0" yaku="1,1,0,1,53,1" doraHai="1" doraHaiUra="93" who="3" fromWho="3" sc="324,-20,216,-20,230,-20,220,70" /><INIT seed="3,1,0,0,1,47" ten="304,196,210,290" oya="3" hai0="26,6,88,24,53,64,66,78,130,97,9,123,27" hai1="80,71,100,17,7,121,0,132,95,65,96,122,106" hai2="49,39,127,85,115,135,114,89,3,44,105,116,133" hai3="81,72,56,14,103,129,119,124,59,46,87,93,134"/><W1/><G119/><T70/><D123/><U73/><E17/><V32/><F32/><W120/><G120/><T107/><D130/><U30/><E132/><N who="2" m="50763" /><F105/><W109/><G129/><T108/><D108/><U102/><E102/><V94/><F3/><W99/><G109/><T76/><D107/><U23/><E23/><V41/><F116/><W84/><G72/><T98/><D70/><U67/><E67/><N who="0" m="25641" /><D6/><U10/><E30/><V52/><F127/><W21/><G1/><T31/><D9/><U86/><E95/><V77/><F77/><N who="0" m="29802" /><D31/><U68/><E68/><V60/><F60/><W112/><G124/><T2/><D2/><U18/><E18/><V90/><F90/><W33/><G33/><T8/><D8/><U11/><E11/><V111/><F111/><W29/><G134/><T57/><D88/><U42/><E42/><V101/><F101/><W28/><G103/><T117/><D117/><U50/><E65/><V13/><F13/><W16/><G29/><T48/><AGARI ba="1,0" hai="24,26,27,48,53,57,97,98" m="29802,25641" machi="48" ten="30,2000,0" yaku="8,1,52,1" doraHai="47" who="0" fromWho="0" sc="304,23,196,-6,210,-6,290,-11" /><INIT seed="4,0,0,5,0,110" ten="327,190,204,279" oya="0" hai0="26,7,99,11,10,77,46,103,80,72,95,132,86" hai1="104,91,19,29,96,113,118,70,23,49,98,88,117" hai2="9,4,78,134,109,112,68,125,121,60,51,101,35" hai3="130,16,57,107,12,41,31,84,81,105,28,22,2"/><T45/><D132/><U32/><E70/><V120/><F51/><W36/><G2/><T129/><D129/><U82/><E32/><V13/><F78/><W54/><G36/><T15/><D26/><U92/><E29/><V34/><F101/><W131/><G41/><T52/><D11/><U55/><E104/><V67/><F60/><N who="3" m="35895" /><G105/><T106/><REACH who="0" step="1"/><D52/><REACH who="0" ten="317,190,204,279" step="2"/><U128/><E128/><N who="3" m="49194" /><G107/><T30/><D30/><U3/><E55/><V59/><F134/><W61/><G61/><T21/><D21/><U124/><E23/><V50/><F9/><W1/><G31/><T108/><D108/><U65/><E118/><V90/><F109/><W64/><G28/><T5/><D5/><U94/><E117/><V69/><F4/><W53/><G53/><T18/><D18/><U47/><E19/><V56/><F34/><W135/><G135/><T133/><D133/><U114/><E3/><V89/><F35/><W37/><G22/><T100/><D100/><U40/><E40/><V87/><F13/><W20/><G12/><T73/><D73/><U38/><E38/><V79/><F50/><W66/><G37/><T122/><D122/><U71/><E71/><V6/><F69/><W33/><G16/><T85/><D85/><U48/><E96/><V102/><F68/><W116/><G20/><T25/><D25/><U24/><E98/><V127/><F87/><W43/><G33/><T97/><D97/><U93/><E24/><V83/><F121/><W74/><G74/><T126/><D126/><U119/><E124/><V42/><F120/><W115/><G43/><T63/><D63/><RYUUKYOKU ba="0,1" sc="317,30,190,-10,204,-10,279,-10" hai0="7,10,15,45,46,72,77,80,86,95,99,103,106" /><INIT seed="4,1,1,1,5,90" ten="347,180,194,269" oya="0" hai0="75,114,3,46,8,42,134,41,84,80,107,73,115" hai1="78,2,103,62,95,34,67,86,48,1,55,81,127" hai2="83,99,96,44,37,72,29,31,43,118,63,108,25" hai3="57,39,61,7,56,123,132,14,64,54,9,33,35"/><T18/><D107/><U24/><E127/><V109/><F118/><W120/><G132/><T68/><D42/><U66/><E66/><V104/><F31/><W17/><G39/><N who="0" m="21823" /><D68/><U32/><E32/><N who="2" m="20527" /><F96/><W22/><G54/><T58/><D58/><U51/><E51/><V49/><F49/><W0/><REACH who="3" step="1"/><G56/><REACH who="3" ten="347,180,194,259" step="2"/><T82/><D134/><U117/><E117/><V97/><F63/><W76/><G76/><N who="0" m="44047" /><D75/><U47/><E62/><V71/><F71/><W60/><G60/><T129/><D129/><U23/><E67/><V124/><F37/><W26/><G26/><T12/><D3/><U13/><E34/><AGARI ba="1,2" hai="0,7,9,14,17,22,33,34,35,57,61,64,120,123" machi="34" ten="40,1300,0" yaku="1,1,53,0" doraHai="90" doraHaiUra="38" who="3" fromWho="1" sc="347,0,180,-16,194,0,259,36" /><INIT seed="5,0,0,3,4,84" ten="347,164,194,295" oya="1" hai0="29,58,93,134,59,95,92,19,76,42,54,48,124" hai1="111,34,129,128,99,126,79,52,53,13,104,131,66" hai2="15,72,94,78,83,50,55,7,96,90,132,10,5" hai3="122,75,12,103,110,100,30,73,101,118,1,88,3"/><U0/><E0/><V123/><F123/><W74/><G110/><T81/><D124/><U91/><E34/><V80/><F132/><W97/><G118/><T32/><D134/><U36/><E36/><V77/><F15/><W6/><G122/><T20/><D42/><U130/><E126/><V28/><F10/><W16/><G30/><T69/><D69/><U133/><E133/><V113/><F28/><W115/><G115/><T127/><D127/><U67/><E79/><V61/><F61/><W46/><G46/><T109/><D109/><U26/><E26/><V114/><F114/><W116/><G116/><T106/><D106/><U112/><E112/><V41/><F41/><W14/><G6/><T125/><D125/><U82/><E111/><V63/><F63/><W43/><G43/><T102/><D29/><U119/><E119/><V87/><REACH who="2" step="1"/><F113/><REACH who="2" ten="347,164,184,295" step="2"/><W25/><G14/><N who="0" m="9335" /><D32/><U89/><E128/><V70/><F70/><W121/><G121/><T8/><D8/><U27/><E27/><V98/><F98/><W64/><G25/><T49/><D102/><N who="1" m="62559" /><E13/><V65/><F65/><N who="1" m="24585" /><E82/><V39/><F39/><W117/><G117/><T86/><D54/><AGARI ba="0,1" hai="52,53,54,89,91,129,130,131" m="24585,62559" machi="54" ten="40,12000,1" yaku="19,1,52,2,54,1" doraHai="84" who="1" fromWho="0" sc="347,-120,164,130,184,0,295,0" /><INIT seed="5,1,0,3,2,109" ten="227,294,184,295" oya="1" hai0="80,1,100,26,105,112,83,94,84,19,46,52,79" hai1="37,89,108,47,58,56,116,73,40,106,60,81,22" hai2="131,61,6,35,72,11,125,104,87,34,43,86,102" hai3="39,49,51,75,126,3,119,118,78,129,13,114,54"/><U74/><E116/><N who="3" m="44586" /><G3/><T70/><D1/><U7/><E106/><V91/><F72/><W130/><G39/><T132/><D70/><U120/><E120/><V95/><F125/><W29/><G126/><T62/><D132/><U14/><E108/><V128/><F43/><W82/><G29/><T96/><D112/><U115/><E115/><V57/><F87/><W111/><G111/><T64/><D83/><U23/><E58/><V110/><F110/><W20/><G114/><T41/><D26/><U42/><E42/><V24/><F102/><W77/><G77/><T21/><D21/><U76/><E89/><V2/><F104/><W93/><G93/><T27/><D27/><U4/><E74/><V5/><F5/><W25/><G13/><T0/><D19/><U8/><E4/><V15/><F15/><W113/><G113/><T48/><D0/><U97/><E97/><V17/><F17/><N who="3" m="12431" /><G54/><AGARI ba="1,0" hai="7,8,14,22,23,37,40,47,54,56,60,73,76,81" machi="54" ten="30,1500,0" yaku="7,1" doraHai="109" who="1" fromWho="3" sc="227,0,294,18,184,0,295,-18" /><INIT seed="5,2,0,4,4,79" ten="227,312,184,277" oya="1" hai0="135,64,59,33,117,99,130,31,100,4,65,25,52" hai1="45,118,13,107,32,49,61,122,74,75,28,60,48" hai2="73,134,85,84,9,93,2,81,35,90,39,92,0" hai3="131,114,34,27,87,15,95,54,8,106,16,104,53"/><U126/><E122/><V50/><F35/><W116/><G114/><T23/><D117/><U115/><E118/><V67/><F134/><W121/><G121/><T88/><D130/><U30/><E107/><V18/><F39/><W66/><G116/><T103/><D135/><U96/><E96/><V97/><F73/><W24/><G131/><T42/><D33/><U51/><E115/><V41/><F67/><N who="0" m="25674" /><D42/><U128/><E128/><V29/><F29/><W3/><G3/><T132/><D4/><U69/><E45/><V6/><F0/><W77/><G34/><T70/><D70/><U26/><E28/><V1/><F1/><W5/><G66/><T78/><D78/><U133/><E133/><V123/><F123/><W11/><G106/><T120/><D120/><U56/><E69/><V55/><F41/><W112/><G112/><T119/><D119/><U37/><E37/><V91/><F18/><W47/><G104/><T110/><D110/><U105/><E105/><V102/><F55/><W22/><G54/><T38/><D38/><U76/><E13/><V68/><F68/><W82/><G5/><T109/><D109/><U10/><E10/><V86/><F50/><W44/><G53/><T83/><D132/><U57/><E76/><V124/><F124/><W111/><G8/><T12/><D12/><U7/><E7/><V19/><F19/><W36/><G16/><T46/><D46/><U98/><E126/><V43/><REACH who="2" step="1"/><F43/><REACH who="2" ten="227,312,174,277" step="2"/><W127/><G36/><T113/><D113/><U80/><E74/><V129/><F129/><W17/><G127/><T58/><D31/><RYUUKYOKU ba="2,1" sc="227,-10,312,-10,174,30,277,-10" hai2="2,6,9,81,84,85,86,90,91,92,93,97,102" /><INIT seed="6,3,1,0,3,15" ten="217,302,204,267" oya="2" hai0="101,95,48,33,32,62,109,36,58,108,16,37,41" hai1="44,17,61,3,106,126,40,51,56,19,97,70,39" hai2="80,23,118,57,129,131,30,26,75,46,116,107,50" hai3="5,69,134,73,88,66,82,74,122,77,120,96,55"/><V127/><F107/><W102/><G134/><T8/><D33/><U111/><E111/><V110/><F110/><W135/><G135/><T119/><D32/><U43/><E3/><V47/><F127/><W6/><G55/><T27/><D119/><U28/><E28/><V125/><F125/><W22/><G122/><T68/><D37/><U115/><E126/><V98/><F98/><W132/><G120/><T42/><D42/><U112/><E43/><V87/><F75/><W89/><G132/><T31/><D31/><U114/><E70/><V91/><F57/><W79/><G69/><T0/><D0/><U45/><E45/><V52/><REACH who="2" step="1"/><F47/><REACH who="2" ten="217,302,194,267" step="2"/><W84/><G74/><T113/><D109/><U20/><E106/><V121/><F121/><W13/><G73/><T128/><D108/><U124/><E97/><V25/><F25/><W38/><G96/><N who="0" m="59551" /><D68/><U4/><E124/><V49/><F49/><W9/><G38/><T35/><D36/><U60/><E39/><V12/><F12/><W2/><G13/><N who="0" m="7207" /><D27/><U117/><E112/><V104/><F104/><W21/><G2/><T86/><D113/><U64/><E115/><V94/><F94/><W63/><G63/><T10/><D48/><U72/><E51/><V123/><F123/><W1/><G1/><T100/><D62/><U92/><E61/><V54/><F54/><W133/><G133/><T59/><D59/><U67/><E60/><V29/><F29/><W11/><G66/><T130/><D58/><U14/><E114/><V85/><F85/><W81/><G84/><T76/><D86/><U93/><E56/><RYUUKYOKU ba="3,2" sc="217,-15,302,-15,194,15,267,15" hai2="23,26,30,46,50,52,80,87,91,116,118,129,131" hai3="5,6,9,11,21,22,77,79,81,82,88,89,102" /><INIT seed="6,4,2,5,0,31" ten="202,287,209,282" oya="2" hai0="21,15,94,135,127,117,100,67,118,119,8,5,20" hai1="48,102,70,109,113,82,129,6,131,112,51,104,68" hai2="96,65,69,128,13,78,106,46,50,72,25,84,27" hai3="114,126,11,86,108,59,63,32,124,85,0,88,39"/><V92/><F128/><N who="1" m="49225" /><E109/><V60/><F72/><W93/><G108/><T56/><D127/><N who="3" m="48681" /><G39/><T97/><D135/><U58/><E6/><V12/><F106/><W71/><G71/><N who="1" m="27178" /><E58/><N who="2" m="37015" /><F84/><W47/><G88/><T17/><D67/><U87/><E102/><N who="2" m="60679" /><F78/><W18/><G86/><T40/><D40/><U115/><E104/><V49/><F69/><W29/><G85/><T105/><D56/><U74/><E74/><V37/><F37/><W14/><G59/><T81/><D81/><U16/><E16/><V101/><F101/><W64/><G18/><T122/><D122/><U23/><E23/><N who="0" m="8777" /><D17/><U41/><E41/><N who="2" m="24783" /><F50/><W89/><G89/><AGARI ba="4,2" hai="48,51,82,87,89,112,113,115" m="27178,49225" machi="89" ten="40,2600,0" yaku="15,1,19,1" doraHai="31" who="1" fromWho="3" sc="202,0,287,58,209,0,282,-38" /><INIT seed="7,0,0,5,4,77" ten="202,345,209,244" oya="3" hai0="91,132,129,70,84,76,94,131,20,108,69,53,115" hai1="58,61,49,93,1,112,100,5,27,114,95,30,133" hai2="60,86,41,17,71,113,55,44,105,72,56,135,48" hai3="0,14,88,126,120,109,85,63,121,25,103,9,32"/><W35/><G0/><T67/><D108/><U78/><E49/><V54/><F72/><W124/><G109/><T33/><D33/><U29/><E133/><V28/><F105/><W13/><G103/><T51/><D132/><U18/><E30/><V66/><F135/><W37/><G37/><T122/><D122/><N who="3" m="47209" /><G63/><T6/><D6/><U8/><E18/><V130/><F28/><N who="3" m="19471" /><G35/><T42/><D42/><U68/><E68/><V75/><F75/><W24/><G24/><T15/><D76/><U79/><E78/><V87/><F130/><N who="0" m="49674" /><D67/><U99/><E79/><V16/><F113/><N who="1" m="43625" /><E27/><V98/><F98/><W65/><G65/><T104/><D104/><N who="1" m="63519" /><E29/><V125/><F55/><AGARI ba="0,0" hai="1,5,8,55,58,61,93,95" m="63519,43625" machi="55" ten="30,1000,0" yaku="15,1" doraHai="77" who="1" fromWho="2" sc="202,0,345,10,209,-10,244,0" owari="202,-20.0,355,46.0,199,-30.0,244,4.0" /></mjloggm>