<mjloggm ver="2.3"><GO type="1"/><UN n0="%4E%6F%4E%61%6D%65" n1="%EF%BC%88%E2%89%A7%E2%96%BD%E2%89%A6%EF%BC%89" n2="%54%2E%54%2E%54%2E%45" n3="%E3%81%8F%E3%81%8E%E3%82%85%EF%BC%A0" dan="0,5,6,9" rate="1500,1594,1445,1377" sx="M,M,F,M"/><TAIKYOKU oya="0"/><INIT seed="0,0,0,5,5,3" ten="250,250,250,250" oya="0" hai0="106,7,44,134,81,64,84,20,31,55,76,78,90" hai1="13,51,67,97,89,107,18,24,25,108,125,77,72" hai2="93,30,80,33,47,69,32,56,104,35,128,115,121" hai3="85,45,17,21,0,129,53,131,63,98,29,60,86"/><T135/><D7/><U46/><E125/><V130/><F115/><W74/><G0/><T8/><D106/><U34/><E108/><V111/><F121/><W66/><G74/><T119/><D119/><U19/><E34/><V124/><F104/><W39/><G98/><T57/><D8/><U36/><E36/><V52/><F111/><W70/><G29/><T120/><D120/><U9/><E107/><V14/><F69/><W59/><G39/><T23/><D44/><U116/><E116/><V62/><F14/><W99/><G99/><T110/><D64/><U132/><E132/><N who="0" m="50729" /><D110/><U100/><E100/><V87/><F93/><W65/><G45/><T26/><D55/><U127/><E127/><V133/><F124/><W91/><G86/><T94/><D57/><U22/><E67/><N who="3" m="25610" /><G70/><T95/><D31/><U79/><E24/><V4/><F4/><W58/><G85/><N who="0" m="52559" /><D81/><U48/><E72/><V54/><F47/><W126/><G91/><N who="0" m="53735" /><D26/><U1/><E1/><V15/><F15/><W16/><G126/><T122/><D122/><U73/><E73/><V82/><F30/><W92/><G92/><T101/><D101/><U12/><E25/><V102/><F102/><W41/><G41/><T27/><D27/><U43/><E97/><V61/><F133/><W83/><G83/><N who="2" m="31785" /><F87/><W96/><G96/><T103/><D103/><U118/><E118/><V40/><F40/><W68/><G68/><T42/><D42/><N who="1" m="24663" /><E89/><V11/><F11/><W37/><G37/><T123/><D123/><U71/><E71/><V112/><F112/><W49/><G21/><AGARI ba="0,0" hai="20,21,23,76,78" m="53735,52559,50729" machi="21" ten="30,1500,0" yaku="20,1" doraHai="3" who="0" fromWho="3" sc="250,15,250,0,250,0,250,-15" /><INIT seed="0,1,0,0,3,18" ten="265,250,250,235" oya="0" hai0="14,59,134,135,7,11,95,123,51,27,20,55,29" hai1="45,42,78,83,63,88,58,115,64,10,40,34,91" hai2="112,98,82,103,50,97,73,26,111,57,72,99,75" hai3="129,8,101,85,92,133,114,9,33,24,71,118,0"/><T94/><REACH who="0" step="1"/><D123/><REACH who="0" step="2"/><U61/><E115/><V22/><F112/><W37/><G114/><T39/><D39/><U105/><E105/><V5/><F5/><W69/><G118/><T21/><D21/><U119/><E119/><V49/><F111/><W47/><G129/><T121/><D121/><U17/><E34/><V100/><F57/><W38/><G133/><AGARI ba="1,1" hai="7,11,14,20,27,29,51,55,59,94,95,133,134,135" machi="133" ten="40,12000,1" yaku="21,2,20,1,52,1,53,0" doraHai="18" doraHaiUra="132" who="0" fromWho="3" sc="255,133,250,0,250,0,235,-123" /><INIT seed="0,2,0,3,3,24" ten="388,250,250,112" oya="0" hai0="6,35,50,124,94,40,96,135,105,57,111,21,10" hai1="67,107,97,37,18,1,129,36,78,101,64,130,81" hai2="116,95,122,11,119,69,121,126,28,83,88,86,52" hai3="115,87,120,16,54,90,15,132,89,93,102,47,22"/><T31/><D35/><U19/><E1/><V5/><F28/><W127/><G115/><T84/><D105/><U14/><E64/><V33/><F33/><W49/><G120/><N who="2" m="46185" /><F69/><W73/><G73/><T34/><D34/><U27/><E67/><V117/><F126/><W32/><G32/><T20/><D111/><U45/><E27/><V76/><F52/><W7/><G127/><T104/><D135/><U92/><E107/><V65/><F65/><W108/><G132/><T62/><D104/><U9/><E19/><V55/><F55/><W91/><G108/><T51/><D124/><U59/><E59/><V123/><N who="2" m="46193" /><V75/><DORA hai="43" /><F5/><W23/><G7/><T79/><D31/><U114/><E114/><V110/><F11/><W63/><G63/><T38/><D38/><U4/><E18/><V8/><F8/><W12/><G102/><N who="0" m="60695" /><D40/><U53/><E53/><V74/><F110/><W2/><G2/><T48/><D6/><U68/><E68/><V41/><F41/><W29/><G29/><T109/><D10/><U133/><E133/><V100/><F100/><W82/><G82/><N who="0" m="47199" /><D109/><U56/><E56/><V70/><F70/><W118/><G118/><T99/><D99/><AGARI ba="2,0" hai="74,75,76,83,86,88,95,99,116,117,119" m="46193" machi="99" ten="50,8000,1" yaku="12,1,34,2,54,1" doraHai="24,43" who="2" fromWho="0" sc="388,-86,250,0,250,86,112,0" /><INIT seed="1,0,0,1,1,56" ten="302,250,336,112" oya="1" hai0="35,105,20,62,4,47,40,89,58,42,125,118,49" hai1="66,123,50,54,76,71,60,6,28,120,93,25,126" hai2="9,117,113,116,100,43,114,38,109,86,104,129,82" hai3="112,111,101,128,124,73,98,69,63,2,5,14,36"/><U83/><E126/><V70/><F70/><W85/><G112/><N who="2" m="43113" /><F9/><W16/><G36/><T81/><D35/><U15/><E93/><V78/><F129/><W33/><G33/><T0/><D0/><U102/><E102/><V110/><F38/><W64/><G73/><T61/><D4/><U8/><E25/><V75/><F43/><N who="0" m="16426" /><D20/><U59/><REACH who="1" step="1"/><E28/><REACH who="1" step="2"/><V92/><F92/><W10/><G124/><T51/><D125/><U72/><AGARI ba="0,1" hai="6,8,15,50,54,59,60,66,71,72,76,83,120,123" machi="72" ten="20,18000,2" yaku="1,1,2,1,0,1,7,1,52,1,53,1" doraHai="56" doraHaiUra="77" who="1" fromWho="1" sc="302,-60,240,190,336,-60,112,-60" /><INIT seed="1,1,0,2,5,124" ten="242,430,276,52" oya="1" hai0="30,34,69,15,24,135,5,6,118,14,129,121,97" hai1="127,109,3,62,98,47,108,126,82,16,77,87,13" hai2="7,38,89,2,70,57,132,33,107,9,105,8,56" hai3="81,116,59,71,84,18,130,0,41,32,102,75,115"/><U48/><E3/><V36/><F70/><W23/><G115/><T83/><D118/><U76/><E62/><V120/><F120/><W52/><G0/><T131/><D69/><U43/><E77/><V74/><F33/><W114/><G114/><T1/><D83/><U134/><E98/><V54/><F74/><W80/><G71/><T79/><D97/><U55/><E43/><V66/><F132/><W99/><G41/><T112/><D79/><U117/><E117/><V20/><F20/><W22/><G32/><T90/><D112/><U78/><E78/><V103/><F66/><W19/><G116/><T125/><D90/><N who="1" m="51575" /><E134/><V35/><F35/><W29/><G75/><T45/><D125/><N who="1" m="47627" /><E76/><V61/><F56/><W100/><G130/><N who="0" m="49675" /><D45/><U11/><AGARI ba="1,0" hai="11,13,16,47,48,55,108,109" m="47627,51575" machi="11" ten="30,6000,0" yaku="25,1,18,1,54,1" doraHai="124" who="1" fromWho="1" sc="242,-21,430,63,276,-21,52,-21" /><INIT seed="1,2,0,2,5,14" ten="221,493,255,31" oya="1" hai0="74,104,134,127,111,18,98,42,108,29,15,35,85" hai1="25,117,52,45,2,128,8,9,121,24,99,50,38" hai2="31,130,3,118,90,5,44,67,100,113,135,46,56" hai3="105,87,21,57,84,4,34,126,17,41,58,47,81"/><U132/><E121/><V20/><F118/><W91/><G105/><T69/><D74/><U22/><E117/><V28/><F130/><W60/><G34/><T89/><D69/><U26/><E128/><V27/><F135/><W43/><G4/><T112/><D42/><U30/><E132/><V124/><F3/><W80/><G126/><T1/><D112/><U92/><E38/><V94/><F124/><W49/><G43/><T13/><D104/><U78/><E78/><V65/><F5/><W39/><G39/><T123/><D127/><U16/><E2/><V107/><F113/><W33/><G33/><T54/><D54/><U23/><REACH who="1" step="1"/><E26/><REACH who="1" step="2"/><V131/><F131/><W51/><G51/><T71/><D35/><U66/><E66/><V32/><F107/><W68/><G68/><T95/><D71/><U11/><E11/><V116/><F116/><W79/><REACH who="3" step="1"/><G60/><REACH who="3" step="2"/><T63/><D1/><U76/><E76/><V109/><F67/><W75/><G75/><T77/><D63/><U64/><E64/><V10/><F10/><W120/><G120/><T82/><D134/><U19/><E19/><N who="2" m="12703" /><F32/><W125/><G125/><T62/><D29/><N who="2" m="11338" /><F109/><N who="0" m="42058" /><D62/><U12/><E12/><AGARI ba="2,2" hai="12,17,21,41,47,49,57,58,79,80,81,84,87,91" machi="12" ten="30,8000,1" yaku="1,1,7,1,8,1,52,1,53,1" doraHai="14" doraHaiUra="37" who="3" fromWho="1" sc="221,0,483,-86,255,0,21,106" /><INIT seed="2,0,0,5,1,113" ten="221,397,255,127" oya="2" hai0="86,91,133,102,85,84,95,77,118,106,90,130,110" hai1="122,34,8,20,119,51,0,111,1,129,12,62,48" hai2="38,105,3,94,23,45,92,126,134,56,97,67,61" hai3="14,93,16,108,73,112,41,101,29,117,28,132,125"/><V54/><F3/><W103/><G117/><T6/><D110/><U72/><E119/><V60/><F23/><W115/><G73/><T37/><D6/><U35/><E72/><V98/><F126/><W135/><G41/><T9/><D37/><U63/><E111/><V47/><F134/><N who="3" m="51243" /><G125/><T57/><D9/><U22/><E129/><V33/><F33/><W44/><G44/><T59/><D118/><U78/><E122/><V80/><F38/><W31/><G108/><T11/><D130/><U5/><E78/><V104/><F80/><W82/><G82/><N who="0" m="47183" /><D106/><U79/><E79/><V42/><F42/><W123/><G123/><T120/><D120/><U13/><E8/><V32/><F32/><W131/><G131/><T76/><D11/><U4/><AGARI ba="0,0" hai="0,1,4,5,12,13,20,22,34,35,48,51,62,63" machi="4" ten="25,3200,0" yaku="0,1,22,2" doraHai="113" who="1" fromWho="1" sc="221,-8,397,32,255,-16,127,-8" /><INIT seed="3,0,0,2,5,36" ten="213,429,239,119" oya="3" hai0="130,119,132,2,125,87,75,39,3,83,8,9,46" hai1="112,123,124,98,84,134,94,91,109,118,89,38,114" hai2="4,14,108,57,66,0,50,77,93,42,111,22,23" hai3="103,90,6,106,121,86,92,116,44,32,25,63,61"/><W100/><G116/><T15/><D39/><U96/><E38/><V76/><F93/><W85/><G121/><T99/><D46/><U69/><E69/><V82/><F0/><N who="0" m="42" /><D75/><U20/><E20/><V28/><F4/><W72/><G72/><T74/><D74/><U52/><E52/><V80/><F14/><W79/><G6/><T70/><D70/><U30/><E30/><V19/><F28/><W33/><G44/><T54/><D54/><U59/><E59/><V131/><F131/><W73/><G25/><T10/><D119/><U117/><E123/><V107/><F107/><W120/><G120/><T60/><D125/><U129/><E124/><V56/><F19/><W51/><G51/><T53/><D132/><U95/><E134/><V67/><REACH who="2" step="1"/><F50/><REACH who="2" step="2"/><W101/><G63/><T115/><D130/><U105/><E129/><V113/><F113/><N who="1" m="43625" /><E109/><V122/><F122/><W47/><G47/><T29/><D115/><U35/><E35/><V12/><F12/><W104/><G61/><T135/><D99/><N who="1" m="37931" /><E105/><N who="3" m="40554" /><G73/><T26/><D135/><U13/><E13/><V126/><F126/><W62/><G62/><T48/><D60/><U5/><E5/><V41/><AGARI ba="0,1" hai="22,23,41,42,56,57,66,67,76,77,80,82,108,111" machi="41" ten="25,16000,3" yaku="1,1,0,1,22,2,52,2,53,2" doraHai="36" doraHaiUra="37" who="2" fromWho="2" sc="213,-40,429,-40,229,170,119,-80" owari="173,-23,389,19,399,50,39,-46" /></mjloggm>