<mjloggm ver="2.3"><GO type="41" lobby="0"/><UN n0="%E7%B7%B4%E7%BF%92%E5%B7%A1%E6%B4%8B%E8%89%A6" n1="%6C%6F%6E%67%74%61%6C%6C" n2="%E3%82%A6%E3%83%AB%E3%83%88%E3%83%A9%E7%AB%8B%E7%9B%B4" n3="%E9%9D%92%E5%B1%B1%E9%81%93%E4%BA%BA" dan="14,14,16,14" rate="1985.32,1912.85,2075.85,1980.39" sx="M,M,M,M"/><TAIKYOKU oya="0"/><INIT seed="0,0,0,2,4,82" ten="250,250,250,250" oya="0" hai0="117,5,35,122,12,39,105,127,71,0,123,112,18" hai1="19,16,134,89,129,70,29,56,135,50,22,1,36" hai2="102,106,83,107,34,115,101,104,113,93,77,30,118" hai3="60,20,126,23,27,111,78,130,84,38,3,61,57"/><T46/><D18/><U133/><E70/><V7/><F34/><W94/><G38/><T8/><D12/><U125/><E36/><V108/><F30/><W58/><G3/><T52/><D8/><U15/><E1/><V24/><F24/><W97/><G130/><T51/><D5/><U88/><E125/><V100/><F7/><W11/><G126/><T2/><D52/><N who="1" m="31767" /><E129/><V6/><F6/><W114/><G111/><T128/><D51/><U67/><E67/><V13/><F13/><W49/><G114/><T74/><D46/><U91/><E29/><V63/><F63/><N who="3" m="24139" /><G49/><T87/><D87/><U44/><E19/><V48/><F48/><W28/><G20/><T64/><D64/><U65/><E65/><V92/><F108/><W32/><G32/><T21/><D21/><U53/><E53/><V119/><F113/><W124/><G124/><T95/><D95/><U131/><E131/><V132/><F115/><W37/><G37/><T99/><D99/><U54/><E54/><V120/><F120/><W75/><G75/><T68/><D0/><U79/><E79/><V47/><F47/><AGARI ba="0,0" hai="15,16,22,44,47,88,89,91,133,134,135" m="31767" machi="47" ten="40,8000,1" yaku="20,1,54,3" doraHai="82" who="1" fromWho="2" sc="250,0,250,80,250,-80,250,0" /><INIT seed="1,0,0,0,5,89" ten="250,330,170,250" oya="1" hai0="135,125,30,96,81,13,92,99,10,102,27,122,46" hai1="38,131,26,11,12,58,120,20,37,41,4,39,75" hai2="95,66,29,18,36,47,94,57,112,22,124,53,17" hai3="62,49,54,106,28,68,130,115,108,128,24,104,113"/><U86/><E75/><V70/><F112/><W34/><G49/><T23/><D135/><U56/><E120/><V88/><F124/><W107/><G54/><T21/><D125/><U33/><E131/><N who="3" m="50218" /><G108/><T67/><D122/><U82/><E41/><V103/><F70/><W43/><G43/><T15/><D67/><AGARI ba="0,0" hai="24,28,34,62,67,68,104,106,107,113,115" m="50218" machi="67" ten="40,2600,0" yaku="19,1,23,1" doraHai="89" who="3" fromWho="0" sc="250,-26,330,0,170,0,250,26" /><INIT seed="2,0,0,4,5,5" ten="224,330,170,276" oya="2" hai0="1,54,96,124,34,15,22,43,101,36,56,55,38" hai1="106,120,51,73,65,126,113,92,64,108,89,69,41" hai2="16,87,114,14,133,112,93,102,129,6,94,27,131" hai3="88,11,105,74,84,8,39,23,57,44,49,134,99"/><V42/><F133/><W100/><G39/><T97/><D34/><U61/><E73/><V71/><F71/><W13/><G134/><T37/><D1/><U80/><E106/><V68/><F68/><W60/><G74/><T85/><D43/><U127/><E113/><V10/><F93/><N who="3" m="58479" /><G23/><T21/><D124/><U90/><E108/><V50/><F112/><W7/><G7/><T91/><D15/><U46/><E120/><V62/><F114/><W76/><G76/><T111/><D111/><U29/><E29/><V118/><F118/><W26/><G26/><T128/><D128/><U83/><E64/><V78/><F62/><W95/><G13/><T70/><D70/><U0/><E0/><V104/><F104/><W77/><G77/><T19/><D101/><U125/><REACH who="1" step="1"/><E90/><REACH who="1" ten="224,320,170,276" step="2"/><V107/><F107/><W115/><G115/><T52/><D91/><U9/><E9/><V81/><F131/><W63/><G105/><T86/><D36/><U123/><E123/><V2/><F129/><W109/><G109/><T82/><D37/><U110/><E110/><V17/><F2/><W31/><G31/><T67/><D38/><U75/><E75/><V47/><REACH who="2" step="1"/><F27/><REACH who="2" ten="224,320,160,276" step="2"/><W130/><G130/><T48/><D67/><U103/><E103/><V58/><F58/><W79/><G57/><T116/><D56/><U53/><E53/><V32/><F32/><W66/><G66/><T20/><D55/><U121/><E121/><V28/><F28/><W18/><G44/><T59/><D59/><U45/><E45/><V24/><F24/><W72/><G72/><T12/><D54/><RYUUKYOKU ba="0,2" sc="224,-15,320,15,160,15,276,-15" hai1="41,46,51,61,65,69,80,83,89,92,125,126,127" hai2="6,10,14,16,17,42,47,50,78,81,87,94,102" /><INIT seed="2,1,2,5,5,8" ten="209,335,175,261" oya="2" hai0="105,66,7,95,92,58,78,106,108,56,1,110,125" hai1="91,83,86,21,59,27,67,46,112,71,96,132,99" hai2="114,104,16,36,42,73,113,102,120,79,51,26,82" hai3="124,116,129,62,126,100,23,89,118,48,35,69,131"/><V25/><F120/><W14/><G100/><T74/><D1/><U49/><E132/><V31/><F51/><W44/><G89/><T37/><D37/><U33/><E33/><V11/><F26/><W43/><G35/><T70/><D7/><U133/><E133/><V75/><F75/><W52/><G23/><T122/><D70/><U34/><E34/><N who="2" m="20847" /><F16/><W13/><G116/><T12/><D66/><U84/><E71/><V0/><F102/><W111/><G111/><N who="0" m="42539" /><D122/><U119/><E119/><V80/><F80/><W94/><G94/><N who="0" m="35883" /><D125/><N who="3" m="48233" /><G118/><T28/><D28/><U98/><E112/><V22/><F22/><W15/><G69/><T24/><D24/><U55/><E67/><V9/><F9/><W101/><G101/><T65/><D65/><U117/><E117/><V32/><F32/><W87/><G87/><T57/><D12/><N who="3" m="3073" /><W63/><DORA hai="85" /><G43/><T135/><D135/><U60/><E86/><V72/><F72/><W77/><G77/><T29/><D29/><U50/><REACH who="1" step="1"/><E46/><REACH who="1" ten="209,325,175,261" step="2"/><N who="2" m="23879" /><F104/><W90/><G90/><T47/><D47/><U6/><E6/><AGARI ba="1,3" hai="0,6,11,73,79,82,113,114" m="23879,20847" machi="6" ten="30,2900,0" yaku="25,1,23,1" doraHai="8,85" who="2" fromWho="1" sc="209,0,325,-32,175,62,261,0" /><INIT seed="2,2,0,0,3,29" ten="209,293,237,261" oya="2" hai0="46,69,104,22,107,133,86,111,103,73,41,59,134" hai1="42,32,9,23,77,37,81,87,71,101,131,39,72" hai2="74,54,130,125,88,47,16,43,108,7,102,99,132" hai3="31,129,19,36,33,55,44,5,60,79,61,117,95"/><V127/><F74/><W118/><G79/><T75/><D69/><U10/><E71/><V94/><F130/><W13/><G5/><T12/><D111/><U27/><E131/><V89/><F108/><W66/><G129/><T123/><D123/><U38/><E32/><V109/><F109/><W85/><G36/><T115/><D115/><U128/><E128/><V90/><F132/><W58/><G118/><T51/><D86/><U50/><E101/><V6/><F54/><W113/><G113/><T64/><D12/><U26/><E72/><V93/><F16/><W15/><G117/><T28/><D22/><U35/><E35/><V62/><F62/><W84/><G95/><T68/><D28/><U105/><E105/><V120/><F120/><W124/><G124/><T76/><D68/><U63/><E63/><V126/><REACH who="2" step="1"/><F94/><REACH who="2" ten="209,293,227,261" step="2"/><W25/><G61/><N who="0" m="37951" /><D75/><U96/><E81/><V30/><F30/><W78/><G60/><T67/><D133/><U106/><E42/><V83/><F83/><W114/><G66/><T4/><D67/><U34/><E106/><V98/><F98/><W122/><G19/><T91/><D134/><U40/><E40/><V82/><F82/><W57/><G114/><T110/><D107/><U11/><E96/><V116/><F116/><W53/><G31/><T45/><D110/><U1/><E1/><V80/><F80/><W3/><G3/><T112/><D73/><U97/><E97/><V49/><AGARI ba="2,1" hai="6,7,43,47,49,88,89,90,93,99,102,125,126,127" machi="49" ten="40,12000,1" yaku="1,1,0,1,18,1,54,1,53,0" doraHai="29" doraHaiUra="17" who="2" fromWho="2" sc="209,-42,293,-42,227,136,261,-42" /><INIT seed="2,3,0,4,2,105" ten="167,251,363,219" oya="2" hai0="94,10,14,27,34,29,30,89,41,19,1,36,75" hai1="110,99,84,115,81,65,126,119,133,83,28,87,63" hai2="33,82,37,90,62,91,77,17,88,45,70,123,74" hai3="2,103,127,4,120,93,11,132,113,100,32,12,117"/><V46/><F33/><W112/><G117/><T114/><D114/><N who="3" m="44137" /><G120/><T85/><D36/><U118/><E115/><V49/><F123/><W129/><G127/><T98/><D41/><U18/><E110/><V48/><F37/><W22/><G132/><T54/><D30/><U31/><E126/><V69/><F17/><N who="3" m="10535" /><G129/><T95/><D1/><U96/><E133/><V25/><F25/><W101/><G32/><T43/><D43/><U125/><E125/><V3/><F3/><W72/><G93/><T16/><D54/><U56/><E18/><V80/><F62/><W47/><G47/><T122/><D122/><U64/><E56/><V58/><F58/><W53/><G53/><T68/><D19/><U5/><E63/><V0/><F0/><W39/><G39/><T52/><D52/><U21/><E21/><V61/><F61/><W13/><G13/><T79/><D68/><U35/><E35/><V109/><F109/><W23/><G23/><T44/><D44/><U55/><REACH who="1" step="1"/><E55/><REACH who="1" ten="167,241,363,219" step="2"/><V26/><F46/><W86/><G86/><T104/><D85/><U116/><E116/><V106/><F45/><W6/><G6/><AGARI ba="3,1" hai="5,6,28,31,64,65,81,83,84,87,96,99,118,119" machi="6" ten="25,3200,0" yaku="1,1,22,2,53,0" doraHai="105" doraHaiUra="42" who="1" fromWho="3" sc="167,0,241,51,363,0,219,-41" /><INIT seed="3,0,0,5,4,104" ten="167,292,363,178" oya="3" hai0="127,85,44,47,71,132,14,133,73,108,115,75,56" hai1="45,34,9,68,64,59,129,40,55,57,103,37,48" hai2="91,126,39,58,10,111,38,29,28,114,122,101,79" hai3="18,123,3,5,0,25,7,128,135,125,81,1,60"/><W99/><G125/><T70/><D127/><U27/><E103/><V84/><F114/><W82/><G123/><T110/><D115/><U107/><E107/><V67/><F126/><W124/><G124/><T11/><D85/><U50/><E9/><V77/><F122/><W116/><G116/><T65/><D56/><U46/><E27/><V24/><F111/><N who="0" m="42538" /><D11/><U30/><E34/><V105/><F29/><W95/><G135/><N who="0" m="51787" /><D14/><U35/><E35/><V89/><F10/><W22/><G128/><T17/><D17/><U20/><E20/><V131/><F131/><W80/><REACH who="3" step="1"/><G60/><REACH who="3" ten="167,292,363,168" step="2"/><N who="0" m="40231" /><D71/><U120/><E120/><V83/><F28/><W32/><G32/><T121/><D121/><U26/><E129/><V12/><F105/><W72/><G72/><AGARI ba="0,1" hai="44,47,72,73,75" m="40231,51787,42538" machi="72" ten="40,8000,1" yaku="14,1,20,1,52,3" doraHai="104" who="0" fromWho="3" sc="167,90,292,0,363,0,168,-80" /><INIT seed="4,0,0,1,1,93" ten="257,292,363,88" oya="0" hai0="111,9,41,69,122,82,38,6,121,113,104,4,129" hai1="45,78,126,70,15,20,8,106,49,50,83,125,62" hai2="32,105,43,67,86,94,30,34,36,112,5,108,23" hai3="72,61,87,42,26,16,17,123,40,39,91,52,109"/><T84/><D69/><U100/><E106/><V131/><F105/><W37/><G72/><T116/><D116/><U13/><E70/><V59/><F108/><W97/><G109/><T10/><D111/><U63/><E20/><V85/><F131/><W68/><G123/><T118/><D118/><U3/><E3/><V124/><F124/><W58/><G68/><T75/><D129/><U119/><E119/><V12/><F85/><W95/><G39/><T120/><D104/><U1/><E1/><V48/><F36/><W0/><G0/><N who="0" m="135" /><D84/><U98/><E50/><V14/><F14/><W28/><G37/><T81/><D81/><U134/><E15/><V25/><F32/><W54/><G54/><T55/><D55/><U29/><E29/><V103/><F34/><W47/><G47/><N who="0" m="23991" /><D10/><U101/><E101/><V57/><F57/><W18/><REACH who="3" step="1"/><G87/><REACH who="3" ten="257,292,363,78" step="2"/><T35/><D75/><U135/><E126/><V71/><F86/><W127/><G127/><T64/><D122/><U99/><E125/><V27/><F71/><W53/><G53/><T132/><D121/><U80/><E135/><V7/><F59/><W114/><G114/><T51/><D113/><U96/><E134/><V22/><F112/><W88/><G88/><T128/><D132/><U60/><E100/><V65/><F103/><W2/><G2/><T11/><D120/><U24/><E78/><V46/><F46/><W117/><G117/><T130/><D130/><U89/><E89/><V90/><F90/><W33/><AGARI ba="0,1" hai="16,17,18,26,28,33,40,42,52,58,61,91,95,97" machi="33" ten="30,8000,1" yaku="1,1,0,1,52,1,54,2,53,0" doraHai="93" doraHaiUra="102" who="3" fromWho="3" sc="257,-40,292,-20,363,-20,78,90" /><INIT seed="5,0,0,0,4,128" ten="217,272,343,168" oya="1" hai0="116,58,89,79,27,46,39,75,127,53,29,16,60" hai1="54,2,67,107,80,7,111,132,62,121,4,97,14" hai2="10,102,43,117,94,123,125,64,51,23,98,22,130" hai3="78,101,12,85,115,124,32,25,15,47,0,31,34"/><U126/><E121/><V26/><F123/><W96/><G124/><T30/><D116/><U108/><E126/><V87/><F117/><W82/><G115/><T119/><D127/><U49/><E2/><V50/><F130/><W8/><G0/><T66/><D119/><U88/><E107/><V59/><F125/><W81/><G34/><T110/><D110/><U24/><E24/><V17/><F10/><W41/><G82/><T129/><D129/><U55/><E55/><V6/><F6/><W28/><G28/><T21/><D75/><U5/><E14/><V100/><F43/><W18/><G15/><T33/><D79/><U68/><E132/><V48/><F87/><W112/><G112/><T19/><D33/><U9/><E9/><V91/><F23/><W131/><G131/><T106/><D106/><U3/><E3/><V71/><F71/><W52/><G41/><T76/><D76/><U63/><E63/><AGARI ba="0,0" hai="17,22,26,48,50,51,59,63,64,91,94,98,100,102" machi="63" ten="40,1300,0" yaku="8,1" doraHai="128" who="2" fromWho="1" sc="217,0,272,-13,343,13,168,0" /><INIT seed="6,0,0,1,2,91" ten="217,259,356,168" oya="2" hai0="61,87,75,13,70,52,90,23,19,83,4,46,100" hai1="12,24,131,32,3,105,17,129,35,98,120,39,85" hai2="49,103,133,28,112,115,34,125,2,77,95,16,86" hai3="11,53,107,94,89,45,5,20,60,30,123,37,15"/><V59/><F2/><W122/><G107/><T26/><D75/><U82/><E39/><V68/><F68/><W64/><G30/><T63/><D70/><U44/><E120/><V72/><F28/><W118/><G118/><T8/><D100/><U84/><E44/><V132/><F34/><W101/><G101/><T97/><D97/><U36/><E3/><V108/><F72/><W121/><G20/><T106/><D106/><U21/><E36/><V1/><F1/><W124/><G124/><T102/><D102/><U128/><E85/><V99/><F125/><W92/><G89/><T80/><D80/><U117/><E117/><V66/><F108/><W43/><REACH who="3" step="1"/><G53/><REACH who="3" ten="217,259,356,158" step="2"/><T113/><D113/><U7/><E105/><V71/><F112/><W40/><G40/><T47/><D52/><U48/><E131/><V96/><F115/><W88/><G88/><T42/><D42/><U109/><E129/><V58/><F103/><W0/><G0/><T57/><D90/><U81/><E128/><V114/><F114/><W65/><G65/><T25/><D23/><U18/><E21/><V29/><F66/><W130/><G130/><T31/><D31/><U78/><E109/><V14/><F29/><W126/><G126/><T79/><D26/><U111/><E24/><V10/><F14/><W50/><G50/><T116/><D25/><U127/><E48/><V73/><F49/><W33/><G33/><T27/><D27/><U69/><E111/><V55/><F55/><W135/><G135/><T76/><D13/><U104/><E127/><V22/><F133/><W67/><G67/><RYUUKYOKU ba="0,1" sc="217,-10,259,-10,356,-10,158,30" hai3="5,11,15,37,43,45,60,64,92,94,121,122,123" /><INIT seed="7,1,1,4,5,53" ten="207,249,346,188" oya="3" hai0="51,50,81,82,15,7,68,97,72,45,105,16,75" hai1="127,17,41,106,90,21,28,24,85,38,93,95,19" hai2="111,22,30,99,61,135,94,124,34,47,121,74,0" hai3="31,66,73,125,83,64,130,87,133,6,46,120,39"/><W77/><G120/><T126/><D68/><U44/><E106/><V12/><F0/><W113/><G113/><T110/><D110/><U27/><E127/><V25/><F74/><W129/><G125/><T89/><D126/><U88/><REACH who="1" step="1"/><E27/><REACH who="1" ten="207,239,346,188" step="2"/><V104/><F104/><W71/><G71/><T79/><D105/><U59/><E59/><V62/><F124/><W131/><G133/><T65/><D75/><U76/><E76/><V92/><F135/><W9/><G73/><T128/><D79/><U40/><E40/><V123/><F111/><W60/><G31/><T91/><D72/><U70/><E70/><V69/><F69/><W98/><G98/><AGARI ba="1,2" hai="17,19,21,24,28,38,41,44,85,88,90,93,95,98" machi="98" ten="30,3900,0" yaku="1,1,7,1,54,1,53,0" doraHai="53" doraHaiUra="96" who="1" fromWho="3" sc="207,0,239,62,346,0,188,-42" owari="207,-19.0,301,10.0,346,44.0,146,-35.0" /></mjloggm>