<mjloggm ver="2.3"><GO type="41"/><UN n0="%E3%81%82%E3%81%B0%E3%82%93%E3%81%A6%E3%81%83" n1="%E3%82%A6%E3%83%AB%E3%83%88%E3%83%A9%E7%AB%8B%E7%9B%B4" n2="%E6%B5%85%E5%80%89%E5%A5%88%E7%B7%92%E5%AD%90" n3="%E3%81%AA%E3%81%A3%E3%81%B4%E3%83%BC" dan="15,15,14,14" rate="1964,2015,1880,1909" sx="M,M,F,M"/><TAIKYOKU oya="0"/><INIT seed="0,0,0,5,4,99" ten="250,250,250,250" oya="0" hai0="43,61,15,1,19,130,38,124,92,84,80,121,115" hai1="0,6,64,94,66,33,85,128,51,133,76,127,39" hai2="8,47,100,112,48,41,17,54,55,9,111,114,81" hai3="70,20,106,79,16,132,71,101,131,68,125,134,62"/><T27/><D115/><U32/><E39/><V103/><F111/><W63/><G125/><T91/><D121/><U93/><E127/><V31/><F31/><W67/><G131/><T10/><D124/><U105/><E105/><V87/><F114/><W89/><G79/><T72/><D130/><U58/><E128/><V96/><F96/><N who="3" m="61735" /><G89/><T30/><D1/><U73/><E73/><V116/><F116/><W45/><G45/><T90/><D61/><U11/><E66/><V113/><F113/><W82/><G82/><T75/><D43/><U53/><E64/><V95/><F95/><W107/><G107/><T129/><D129/><U26/><E133/><N who="3" m="51306" /><G67/><T29/><D38/><U49/><E93/><V117/><F117/><W120/><G120/><T102/><D30/><U13/><E76/><V3/><F3/><W23/><G23/><N who="0" m="15615" /><D72/><U126/><E0/><V40/><F112/><W24/><AGARI ba="0,0" hai="16,20,24,62,63,68,70,71" m="51306,61735" machi="24" ten="40,5200,0" yaku="20,1,52,1,54,1" doraHai="99" who="3" fromWho="3" sc="250,-26,250,-13,250,-13,250,52" /><INIT seed="1,0,0,5,5,68" ten="224,237,237,302" oya="1" hai0="41,25,54,87,53,122,63,17,59,113,48,29,126" hai1="61,43,99,56,70,77,89,104,4,95,82,75,129" hai2="91,116,97,40,15,134,19,105,26,114,110,39,115" hai3="92,127,23,67,102,98,11,51,35,135,132,118,45"/><U22/><E70/><V16/><F116/><W27/><G35/><T47/><D113/><N who="2" m="43018" /><F134/><N who="3" m="51243" /><G118/><T18/><D122/><U28/><E4/><V21/><F110/><W62/><G127/><T107/><D107/><U85/><E43/><V0/><F0/><W71/><G11/><T1/><D1/><U133/><E133/><V88/><F105/><W10/><G10/><T3/><D3/><U112/><E112/><V64/><F64/><W50/><G45/><T90/><D126/><U31/><E22/><N who="2" m="11551" /><F97/><W13/><G13/><T55/><D55/><U12/><E12/><V123/><F123/><W108/><G108/><T96/><D96/><U33/><E33/><V6/><F6/><W14/><G14/><T74/><D74/><U76/><E129/><V94/><F94/><W20/><G23/><T49/><D54/><U83/><E104/><V65/><F65/><AGARI ba="0,0" hai="28,31,56,61,65,75,76,77,82,83,85,89,95,99" machi="65" ten="30,1500,0" yaku="7,1" doraHai="68" who="1" fromWho="2" sc="224,0,237,15,237,-15,302,0" /><INIT seed="1,1,0,2,4,98" ten="224,252,222,302" oya="1" hai0="47,123,41,49,27,15,77,42,122,97,19,53,104" hai1="46,55,16,12,9,134,14,129,89,39,56,52,26" hai2="4,61,109,3,35,37,112,128,116,81,67,57,105" hai3="18,120,96,64,79,80,10,126,63,8,130,117,45"/><U82/><E129/><V58/><F4/><W33/><G130/><T73/><D27/><U85/><E134/><V94/><F94/><W29/><G126/><T32/><D32/><U68/><E68/><V65/><F81/><W90/><G120/><T1/><D1/><U69/><E69/><V132/><F132/><W75/><G117/><T88/><D77/><U17/><E26/><V115/><F3/><W133/><G133/><T51/><D73/><U78/><E78/><V131/><F105/><W6/><G33/><T92/><D104/><U23/><E39/><V48/><F35/><W124/><G124/><T110/><D110/><U125/><E125/><V11/><F11/><W59/><G29/><T113/><D113/><U60/><E46/><V40/><F116/><W20/><G45/><T83/><D83/><U66/><AGARI ba="1,0" hai="9,12,14,16,17,23,52,55,56,60,66,82,85,89" machi="66" ten="20,12000,1" yaku="0,1,7,1,8,1,54,2" doraHai="98" who="1" fromWho="1" sc="224,-41,252,123,222,-41,302,-41" /><INIT seed="1,2,0,1,3,58" ten="183,375,181,261" oya="1" hai0="77,15,54,25,94,48,46,9,72,53,14,109,21" hai1="88,70,101,92,90,95,69,20,73,108,102,16,30" hai2="51,66,31,100,85,65,104,105,78,12,87,125,114" hai3="123,7,107,81,132,74,64,3,76,98,47,68,83"/><U129/><E30/><V33/><F33/><W43/><G123/><T44/><D109/><U113/><E73/><V13/><F114/><W62/><G132/><T36/><D72/><U57/><E113/><V39/><F39/><W115/><G83/><T126/><D77/><U55/><E70/><V79/><F51/><W103/><G115/><T2/><D2/><U97/><E69/><V6/><F31/><W122/><G7/><T99/><D126/><U93/><E108/><V117/><F117/><W84/><G84/><T80/><D80/><U28/><E28/><V45/><F45/><W40/><G43/><T61/><D36/><U134/><E95/><V4/><REACH who="2" step="1"/><F100/><REACH who="2" ten="183,375,171,261" step="2"/><W41/><G41/><T71/><D46/><U22/><E102/><V23/><F23/><W119/><G119/><T133/><D133/><U26/><E134/><V59/><F59/><W27/><G27/><T35/><D35/><U111/><E111/><V10/><F10/><W127/><G127/><AGARI ba="2,1" hai="4,6,12,13,65,66,78,79,85,87,104,105,125,127" machi="127" ten="25,3200,0" yaku="1,1,22,2,53,0" doraHai="58" doraHaiUra="91" who="2" fromWho="3" sc="183,0,375,0,171,48,261,-38" /><INIT seed="2,0,0,3,2,29" ten="183,375,219,223" oya="2" hai0="96,14,88,62,82,84,91,79,0,39,17,90,80" hai1="99,73,54,24,111,40,25,92,8,94,116,81,102" hai2="70,120,103,122,51,85,66,1,104,124,86,135,45" hai3="16,22,132,75,121,72,27,119,18,69,133,93,126"/><V107/><F1/><W57/><G121/><T130/><D0/><U12/><E116/><V58/><F70/><W42/><G42/><T20/><D130/><U13/><E40/><V105/><F103/><W114/><G119/><T56/><D39/><U61/><E111/><V134/><F58/><W28/><G69/><T65/><REACH who="0" step="1"/><D96/><REACH who="0" ten="173,375,219,223" step="2"/><U52/><E99/><V44/><F120/><W3/><G3/><T101/><D101/><U21/><E102/><V68/><F122/><W113/><G126/><T110/><D110/><U38/><E38/><V50/><F124/><W47/><G114/><T36/><D36/><U131/><E131/><V15/><F135/><W7/><G113/><T46/><D46/><U11/><E73/><AGARI ba="0,1" hai="14,17,20,56,62,65,73,79,80,82,84,88,90,91" machi="73" ten="30,3900,0" yaku="1,1,7,1,54,1,53,0" doraHai="29" doraHaiUra="112" who="0" fromWho="1" sc="173,49,375,-39,219,0,223,0" /><INIT seed="3,0,0,4,3,69" ten="222,336,219,223" oya="3" hai0="118,41,70,43,32,12,38,84,62,59,49,132,47" hai1="67,80,51,106,97,33,76,83,31,13,93,103,17" hai2="37,53,60,19,35,25,112,114,55,111,16,127,95" hai3="133,5,72,128,23,104,64,130,65,100,120,109,34"/><W85/><G72/><T78/><D32/><U2/><E2/><V6/><F114/><W71/><G34/><T101/><D118/><U82/><E31/><V126/><F111/><W63/><G109/><T79/><D132/><U45/><E33/><V105/><F105/><W4/><G133/><T92/><D43/><U113/><E113/><V94/><F35/><W116/><G116/><T74/><D74/><U61/><E106/><V14/><F6/><W90/><G120/><T98/><D84/><U27/><E27/><V68/><F68/><W89/><G90/><T21/><D21/><U77/><E61/><V131/><F131/><N who="3" m="50219" /><G23/><T75/><D75/><U121/><E67/><V99/><F99/><N who="3" m="61471" /><G65/><T122/><D122/><U86/><E121/><V87/><F87/><W81/><AGARI ba="0,0" hai="4,5,63,64,71,81,85,89" m="61471,50219" machi="81" ten="30,1500,0" yaku="19,1" doraHai="69" who="3" fromWho="3" sc="222,-5,336,-5,219,-5,223,15" /><INIT seed="3,1,0,3,4,23" ten="217,331,214,238" oya="3" hai0="1,58,29,72,112,84,19,36,25,24,123,28,82" hai1="31,80,125,33,92,100,67,87,66,30,47,35,18" hai2="73,101,115,90,131,99,71,40,111,7,104,69,103" hai3="117,114,17,11,2,49,129,76,97,122,127,12,64"/><W79/><G122/><T126/><D123/><U94/><E18/><V120/><F115/><W102/><G117/><T88/><D1/><U78/><E125/><V119/><F131/><W96/><G129/><T135/><D36/><U14/><E14/><V132/><F132/><W34/><G127/><T95/><D126/><U93/><E100/><V46/><F73/><W61/><G114/><T22/><D112/><U85/><E47/><V70/><F120/><W83/><G49/><T15/><D135/><U133/><E133/><V37/><F103/><W68/><G34/><T107/><D107/><U110/><E110/><V57/><F111/><W59/><G68/><T98/><D58/><U91/><E35/><V77/><F77/><BYE who="2" /><W60/><G60/><T45/><D45/><U41/><E41/><V52/><F52/><W39/><G39/><T74/><D74/><U128/><E128/><V26/><F26/><N who="0" m="10346" /><D72/><U13/><E33/><UN n2="%E6%B5%85%E5%80%89%E5%A5%88%E7%B7%92%E5%AD%90" /><V116/><F116/><W4/><G83/><T32/><D32/><U109/><E109/><V20/><F119/><W106/><G97/><T105/><D105/><U38/><E38/><V124/><F37/><W9/><AGARI ba="1,0" hai="2,4,9,11,12,17,59,61,64,76,79,96,102,106" machi="9" ten="20,2100,0" yaku="0,1,7,1" doraHai="23" who="3" fromWho="3" sc="217,-8,331,-8,214,-8,238,24" /><INIT seed="3,2,0,0,3,98" ten="209,323,206,262" oya="3" hai0="62,80,19,26,14,102,81,105,60,94,43,78,109" hai1="24,123,58,95,68,67,61,129,134,16,118,7,8" hai2="130,116,108,39,27,99,128,70,84,64,122,57,13" hai3="87,65,115,38,119,51,121,114,53,75,107,69,93"/><W12/><G75/><T29/><D105/><U91/><E123/><V45/><F39/><W5/><G121/><T92/><D109/><U20/><E129/><V33/><F70/><W103/><G119/><T135/><D43/><U110/><E134/><V47/><F108/><W28/><G28/><T97/><D94/><U82/><E82/><V50/><F33/><W126/><G126/><T101/><D135/><U100/><E118/><V133/><F133/><W132/><G132/><T106/><D106/><U46/><E46/><V127/><F127/><W0/><G0/><T31/><D31/><U34/><E34/><V42/><F122/><W124/><G124/><T90/><D26/><U25/><E25/><V86/><F27/><W73/><G73/><T23/><D29/><U54/><E100/><N who="0" m="38505" /><D78/><U79/><E79/><V41/><F42/><W44/><G38/><T17/><D17/><U6/><E110/><V3/><F41/><W2/><G2/><T83/><AGARI ba="2,0" hai="14,19,23,60,62,80,81,83,90,92,97" m="38505" machi="83" ten="30,7900,0" yaku="8,1,52,3" doraHai="98" who="0" fromWho="0" sc="209,85,323,-22,206,-22,262,-41" /><INIT seed="4,0,0,0,3,119" ten="294,301,184,221" oya="0" hai0="87,112,4,122,107,12,28,84,14,20,86,126,53" hai1="7,27,92,52,64,73,90,34,74,30,135,54,75" hai2="15,104,71,17,13,25,56,66,102,118,99,3,88" hai3="108,51,78,93,117,111,9,110,134,68,121,37,76"/><T18/><D107/><U42/><E135/><V59/><F118/><W19/><G68/><T60/><D126/><U69/><E42/><V94/><F3/><W50/><G37/><T24/><D112/><U133/><E133/><V79/><F79/><W96/><G117/><T16/><D4/><U57/><E7/><V11/><F25/><W128/><G134/><T123/><D60/><U101/><E101/><V23/><F66/><W44/><G128/><T40/><D40/><U29/><E69/><V31/><F71/><W109/><N who="3" m="28160" /><DORA hai="127" /><W65/><G65/><T131/><D131/><U116/><E116/><V36/><F36/><W106/><G106/><T33/><REACH who="0" step="1"/><D53/><REACH who="0" ten="284,301,184,221" step="2"/><U70/><E54/><V21/><F31/><W83/><G121/><T97/><D97/><U47/><E30/><V81/><F104/><W120/><G120/><T8/><AGARI ba="0,1" hai="8,12,14,16,18,20,24,28,33,84,86,87,122,123" machi="8" ten="30,12000,1" yaku="1,1,0,1,52,2,54,1,53,0" doraHai="119,127" doraHaiUra="100,38" who="0" fromWho="0" sc="284,130,301,-40,184,-40,221,-40" /><INIT seed="4,1,0,4,5,37" ten="414,261,144,181" oya="0" hai0="31,98,113,35,53,123,124,50,30,102,117,133,121" hai1="6,100,0,77,85,56,22,61,29,52,73,75,95" hai2="135,5,48,92,20,59,116,93,118,107,54,64,125" hai3="2,45,13,106,15,60,87,97,62,40,101,120,18"/><T47/><D117/><N who="2" m="45162" /><F107/><W41/><G2/><T10/><D133/><U51/><E75/><V26/><F135/><W66/><G120/><T38/><D38/><U69/><E73/><V129/><F125/><W110/><G110/><T23/><D124/><U94/><E0/><V4/><F129/><W68/><G45/><T28/><D35/><U126/><E6/><N who="2" m="2667" /><F64/><W14/><G18/><AGARI ba="1,0" hai="18,20,26,48,54,59,92,93" m="2667,45162" machi="18" ten="30,1000,0" yaku="12,1" doraHai="37" who="2" fromWho="3" sc="414,0,261,0,144,13,181,-13" /><INIT seed="5,0,0,1,1,82" ten="414,261,157,168" oya="1" hai0="44,43,18,95,28,25,73,66,86,45,81,126,9" hai1="15,76,21,87,33,129,78,88,91,13,52,70,62" hai2="124,35,6,109,67,8,118,61,133,60,117,48,14" hai3="75,1,127,68,19,17,94,107,122,56,39,49,37"/><U79/><E33/><V101/><F35/><W55/><G68/><T34/><D73/><U115/><E70/><V65/><F133/><W29/><G122/><T42/><D66/><U40/><E40/><V80/><F124/><W3/><G75/><T85/><D126/><U59/><E129/><V7/><F109/><W31/><G107/><T104/><D104/><U41/><E41/><V22/><F101/><W108/><G108/><T114/><D114/><U105/><E105/><V135/><F135/><W93/><G127/><T27/><D27/><U69/><E69/><V57/><F6/><W71/><G71/><T50/><D95/><N who="1" m="54687" /><E115/><V111/><F111/><W120/><G120/><T47/><D47/><U113/><E113/><V100/><F100/><W98/><G98/><T90/><D9/><U119/><E119/><V54/><F80/><W5/><G5/><T53/><D18/><N who="1" m="10447" /><E15/><V84/><F118/><W123/><G123/><T89/><D45/><U32/><E32/><V38/><F38/><W0/><G39/><T23/><D34/><U30/><E91/><V96/><F96/><W103/><G103/><T46/><D46/><U130/><E130/><V112/><F112/><W131/><G131/><T110/><D110/><U26/><E30/><V106/><F106/><W20/><G37/><T72/><D72/><U12/><E12/><V16/><F117/><W116/><G116/><T51/><D42/><U24/><AGARI ba="0,0" hai="24,26,52,59,62,76,78,79" m="10447,54687" machi="24" ten="30,11700,0" yaku="8,1,52,1,54,2" doraHai="82" who="1" fromWho="1" sc="414,-39,261,117,157,-39,168,-39" /><INIT seed="5,1,0,5,1,118" ten="375,378,118,129" oya="1" hai0="0,8,131,70,107,99,119,101,49,38,23,85,102" hai1="46,58,130,63,96,56,104,86,73,135,106,123,92" hai2="87,13,55,78,35,61,93,26,83,76,34,127,50" hai3="81,36,1,62,48,128,40,42,134,66,51,57,91"/><U22/><E73/><V71/><F71/><W33/><G33/><T109/><D119/><U32/><E32/><V7/><F127/><W52/><G1/><T108/><D38/><U15/><E58/><V67/><F78/><W103/><G103/><T68/><D131/><U122/><E130/><V124/><F124/><W10/><G128/><T6/><D102/><U65/><E104/><V125/><F125/><W98/><G134/><T41/><D109/><U18/><E106/><V53/><F53/><W94/><G10/><T110/><D110/><U82/><E46/><V95/><F34/><W126/><G126/><T19/><D108/><U79/><E135/><V47/><F26/><W89/><G36/><T105/><D105/><U75/><E75/><V115/><F35/><W37/><G37/><T29/><D29/><U133/><E133/><V116/><F116/><W3/><G3/><T45/><REACH who="0" step="1"/><D85/><REACH who="0" ten="365,378,118,129" step="2"/><U54/><E65/><V84/><F87/><N who="3" m="50415" /><G66/><T31/><D31/><U14/><E96/><V129/><F129/><W69/><G69/><T59/><D59/><U30/><E30/><V2/><F84/><W5/><G98/><T4/><D4/><U64/><E92/><V121/><F93/><W112/><G5/><T44/><D44/><U80/><E64/><V117/><F47/><W16/><G94/><T90/><D90/><U74/><E86/><V132/><F95/><W72/><G91/><T24/><AGARI ba="1,1" hai="0,6,8,19,23,24,41,45,49,68,70,99,101,107" machi="24" ten="20,5200,0" yaku="1,1,0,1,7,1,53,1" doraHai="118" doraHaiUra="97" who="0" fromWho="0" sc="365,65,378,-27,118,-14,129,-14" /><INIT seed="6,0,0,1,0,11" ten="430,351,104,115" oya="2" hai0="31,32,117,75,50,87,41,78,72,101,4,85,95" hai1="60,132,128,59,63,53,86,97,69,71,129,104,51" hai2="52,10,81,125,94,98,124,12,96,74,90,126,91" hai3="48,9,82,26,15,116,18,133,58,65,49,77,23"/><V25/><F25/><W130/><G116/><T131/><D117/><U68/><E97/><V114/><F114/><W89/><G133/><T99/><D4/><U127/><E86/><V107/><F107/><W34/><G34/><T22/><D32/><U135/><E104/><V45/><F74/><W119/><G119/><T57/><D131/><N who="1" m="50251" /><E127/><V110/><F110/><W122/><G130/><T113/><D113/><U76/><E76/><V44/><F52/><W70/><G70/><N who="1" m="17922" /><U106/><DORA hai="100" /><E106/><V7/><REACH who="2" step="1"/><F81/><REACH who="2" ten="430,351,94,115" step="2"/><W40/><G122/><T111/><D75/><U115/><E115/><V30/><F30/><W66/><G77/><T73/><D31/><U61/><AGARI ba="0,1" hai="51,53,59,60,61,63,132,135" m="17922,50251" machi="61" ten="50,6400,0" yaku="19,1,34,2" doraHai="11,100" who="1" fromWho="1" sc="430,-16,351,74,94,-32,115,-16" /><INIT seed="7,0,0,4,3,2" ten="414,425,62,99" oya="3" hai0="66,107,97,88,41,36,56,116,0,123,108,70,129" hai1="21,28,37,20,117,53,103,5,3,72,63,133,6" hai2="81,33,47,109,85,10,48,73,124,106,89,9,122" hai3="128,65,132,111,13,87,99,94,75,42,76,86,96"/><W114/><G111/><T4/><D108/><U39/><E72/><V135/><F109/><W45/><G128/><T83/><D123/><U98/><E3/><V92/><F122/><W104/><G132/><T11/><D116/><U59/><E133/><V46/><F135/><W29/><G29/><T24/><D70/><U130/><E130/><V50/><F106/><W44/><G65/><T32/><D129/><U55/><E117/><V61/><F33/><W22/><G114/><T112/><D112/><U14/><E39/><V58/><F124/><W121/><G121/><T105/><D41/><U60/><E37/><V8/><F73/><W54/><G75/><T119/><D36/><U19/><E21/><V34/><F34/><W95/><G104/><T23/><D32/><U15/><E15/><V31/><F31/><W26/><G13/><T49/><D119/><U40/><E40/><V62/><F81/><N who="3" m="47399" /><G42/><T134/><D134/><U118/><E28/><V84/><F84/><W127/><G127/><T102/><D107/><U74/><E74/><V77/><F77/><W1/><G1/><T80/><D66/><U12/><E12/><V115/><F115/><W38/><G38/><T67/><D67/><U27/><E14/><V57/><F62/><W91/><G54/><T93/><D105/><U69/><E118/><V17/><F17/><N who="3" m="12623" /><G87/><T125/><D125/><U101/><E69/><V131/><F131/><W68/><G68/><T71/><D71/><U52/><E55/><N who="2" m="30103" /><F61/><W25/><G25/><T35/><D24/><U79/><E60/><V30/><F30/><W120/><G120/><RYUUKYOKU ba="0,0" sc="414,-15,425,-15,62,15,99,15" hai2="8,9,10,47,50,57,58,85,89,92" hai3="44,45,91,94,95,96,99" /><INIT seed="7,1,0,2,1,9" ten="399,410,77,114" oya="3" hai0="64,58,62,41,120,115,130,45,131,25,105,14,116" hai1="77,107,32,67,126,88,134,0,53,56,128,102,21" hai2="118,75,95,125,22,66,69,106,73,47,121,36,55" hai3="7,5,76,83,44,18,117,40,99,42,28,132,122"/><W24/><G122/><T124/><D116/><U85/><E32/><V94/><F121/><W27/><G117/><T37/><D120/><U8/><E67/><V39/><F106/><W35/><G132/><T20/><D105/><U4/><E134/><V103/><F118/><W60/><G99/><T113/><D124/><U123/><E123/><V65/><F125/><W43/><G44/><T70/><D70/><U93/><E77/><V89/><F47/><W96/><G96/><T79/><D79/><U12/><E126/><V48/><F48/><W61/><G60/><T34/><D34/><U135/><E135/><V119/><F119/><W92/><G92/><T30/><D14/><U74/><E74/><V23/><F69/><W19/><G61/><T63/><D63/><U38/><E38/><V2/><F2/><W57/><G57/><T46/><D46/><U54/><E128/><AGARI ba="1,0" hai="20,25,30,37,41,45,58,62,64,113,115,128,130,131" machi="128" ten="40,1300,0" yaku="19,1" doraHai="9" who="0" fromWho="1" sc="399,16,410,-16,77,0,114,0" owari="415,52.0,394,19.0,77,-42.0,114,-29.0" /></mjloggm>