<mjloggm ver="2.3"><GO type="41"/><UN n0="%E5%A4%A7%E6%A9%8B%E3%81%AE%E3%81%9E%E3%81%BF" n1="%E9%B0%BB%E5%B1%8B%E7%AB%9C%E7%8E%8B" n2="%E5%8D%97%E5%9B%BD%EF%BC%91%EF%BC%91" n3="%E3%82%A6%E3%83%AB%E3%83%88%E3%83%A9%E7%AB%8B%E7%9B%B4" dan="13,13,15,15" rate="1899,1815,1951,1988" sx="F,M,M,M"/><TAIKYOKU oya="0"/><INIT seed="0,0,0,0,5,9" ten="250,250,250,250" oya="0" hai0="127,96,134,17,110,59,19,64,129,111,28,102,105" hai1="92,124,71,47,36,51,26,41,20,70,118,10,108" hai2="34,100,62,121,87,107,98,8,97,85,23,29,25" hai3="128,125,72,86,50,5,42,63,106,60,44,115,135"/><T30/><D134/><U91/><E118/><V43/><F121/><W114/><G72/><T49/><D129/><U21/><E124/><V33/><F43/><W3/><G106/><T31/><D127/><U54/><E21/><V88/><F87/><W101/><G125/><T4/><D4/><U46/><E10/><V68/><F97/><W78/><G128/><T90/><D90/><U83/><E83/><V104/><F107/><W22/><G135/><T123/><D123/><U84/><REACH who="1" step="1"/><E108/><REACH who="1" ten="250,240,250,250" step="2"/><N who="0" m="41513" /><D49/><U99/><E99/><V11/><F23/><W76/><G22/><T35/><D35/><U80/><E80/><N who="2" m="49191" /><F34/><W133/><G133/><T12/><D12/><U116/><E116/><V52/><F52/><W45/><G42/><T95/><D105/><U94/><E94/><V122/><F122/><W55/><G55/><T48/><D48/><U37/><E37/><V66/><AGARI ba="0,1" hai="8,11,25,29,33,62,66,68,98,100,104" m="49191" machi="66" ten="30,2000,0" yaku="25,1,54,1" doraHai="9" who="2" fromWho="2" sc="250,-10,240,-5,250,30,250,-5" /><INIT seed="1,0,0,2,1,51" ten="240,235,280,245" oya="1" hai0="9,10,14,62,103,86,68,77,65,7,97,94,112" hai1="85,42,18,80,116,76,33,69,47,16,25,108,101" hai2="56,127,8,28,87,63,130,83,26,98,45,11,23" hai3="92,119,3,75,115,106,134,79,37,128,61,110,88"/><U133/><E69/><V81/><F130/><W27/><G27/><T60/><D112/><U49/><E116/><V24/><F127/><W132/><G61/><T43/><D43/><U95/><E133/><V64/><F98/><W0/><G79/><T131/><D131/><U117/><E117/><V82/><F26/><W70/><G92/><T73/><D73/><U96/><E108/><V20/><F20/><W114/><G88/><T53/><D77/><U40/><REACH who="1" step="1"/><E42/><REACH who="1" ten="240,225,280,245" step="2"/><V5/><F5/><W19/><G134/><T118/><D118/><U124/><E124/><V99/><F87/><W120/><G114/><T90/><D68/><U84/><E84/><V50/><REACH who="2" step="1"/><F99/><REACH who="2" ten="240,225,270,245" step="2"/><W59/><G75/><T22/><D65/><U15/><E15/><V6/><F6/><W39/><G110/><T21/><D9/><U55/><E55/><AGARI ba="0,2" hai="8,11,23,24,28,45,50,55,56,63,64,81,82,83" machi="55" ten="40,5200,0" yaku="1,1,8,1,52,1,53,0" doraHai="51" doraHaiUra="107" who="2" fromWho="1" sc="240,0,225,-52,270,72,245,0" /><INIT seed="2,0,0,5,4,5" ten="240,173,342,245" oya="2" hai0="71,67,34,77,118,110,104,32,117,38,135,19,85" hai1="9,1,80,120,48,86,44,49,108,62,8,116,17" hai2="103,41,30,65,127,101,97,129,25,26,45,0,66" hai3="16,11,92,60,53,106,47,55,82,4,73,124,79"/><V113/><F113/><W123/><G106/><T2/><D2/><U105/><E116/><V40/><F0/><W107/><G107/><T100/><D104/><U87/><E105/><V125/><F129/><W46/><G123/><T96/><D38/><U94/><E120/><V7/><F7/><W64/><G124/><T88/><D100/><U74/><E74/><V13/><F13/><W121/><G121/><T122/><D96/><U131/><E62/><V133/><F97/><W31/><G31/><T93/><D122/><U112/><E112/><V58/><F58/><W109/><G109/><T115/><D77/><U84/><E108/><V6/><F6/><W35/><G35/><N who="0" m="13355" /><D19/><U37/><E37/><V95/><F95/><W36/><G82/><T114/><D110/><U98/><E131/><V14/><F14/><W28/><G92/><T12/><D12/><U22/><E80/><V3/><F3/><N who="3" m="415" /><G28/><T23/><D23/><U119/><E119/><N who="0" m="45577" /><D135/><U81/><E81/><V15/><F15/><W29/><G29/><T10/><D10/><N who="1" m="4203" /><E1/><V63/><F30/><W72/><G36/><T126/><D126/><U52/><E49/><V18/><F63/><AGARI ba="0,0" hai="63,67,71,85,88,93,114,115" m="45577,13355" machi="63" ten="30,2000,0" yaku="12,1,54,1" doraHai="5" who="0" fromWho="2" sc="240,20,173,0,342,-20,245,0" /><INIT seed="3,0,0,0,4,80" ten="260,173,322,245" oya="3" hai0="131,23,15,119,125,70,54,44,118,134,72,32,84" hai1="69,111,133,90,34,122,130,73,58,99,120,82,68" hai2="129,116,117,1,51,85,43,50,7,12,4,18,46" hai3="105,93,110,83,77,31,27,65,126,8,59,52,57"/><W88/><G105/><T25/><D72/><U37/><E34/><V64/><F64/><W0/><G126/><T10/><D70/><U89/><E37/><V74/><F74/><W11/><G0/><T96/><D125/><U48/><E130/><V95/><F129/><W56/><G110/><T86/><D32/><U98/><E111/><V109/><F109/><W115/><G115/><T78/><D131/><U132/><E58/><V41/><F1/><W9/><G65/><T55/><D78/><U103/><E48/><V81/><F95/><W6/><G6/><N who="0" m="3543" /><D134/><U38/><E38/><V61/><F61/><W33/><G83/><T121/><D121/><U36/><E36/><V101/><F101/><W107/><G77/><T62/><D96/><U87/><E73/><V20/><F117/><W13/><G107/><T127/><D127/><U106/><E69/><V26/><F26/><W135/><G135/><N who="1" m="51786" /><E68/><V14/><F14/><W2/><G2/><T79/><D79/><U28/><E28/><V100/><F100/><W123/><G123/><N who="1" m="47146" /><E99/><V67/><F116/><W30/><G30/><N who="0" m="17727" /><D119/><U17/><E17/><V53/><F67/><W21/><G33/><T92/><D118/><U108/><E108/><V47/><F53/><N who="0" m="19978" /><D62/><U5/><E5/><V71/><F71/><W112/><G112/><T24/><D44/><U63/><E63/><V60/><F60/><N who="3" m="35847" /><G13/><T45/><D24/><U113/><E113/><V42/><F42/><W29/><G29/><T97/><D45/><U104/><E104/><V91/><AGARI ba="0,0" hai="4,7,12,18,20,41,43,46,47,50,51,81,85,91" machi="91" ten="20,8000,1" yaku="0,1,7,1,9,1,8,1,52,1" doraHai="80" who="2" fromWho="2" sc="260,-20,173,-20,322,80,245,-40" /><INIT seed="4,0,0,0,1,93" ten="240,153,402,205" oya="0" hai0="101,31,91,134,0,42,75,122,28,19,57,83,30" hai1="13,72,131,121,133,24,62,3,33,5,123,94,77" hai2="97,65,45,99,50,100,81,8,7,6,125,127,2" hai3="18,17,86,47,63,54,27,38,82,109,130,108,119"/><T73/><D122/><U102/><E72/><V16/><F100/><W132/><G119/><T37/><D101/><U22/><E77/><V114/><F65/><W129/><G132/><T95/><D0/><U78/><E78/><V120/><F120/><W116/><G116/><T98/><D134/><U43/><E43/><V87/><F114/><W85/><G63/><T74/><D37/><U32/><E62/><V60/><F60/><W44/><G27/><T1/><D1/><U110/><E102/><V34/><F34/><W89/><G82/><T25/><D42/><U10/><E94/><V105/><F105/><W9/><G9/><T118/><D118/><U76/><E76/><V59/><F59/><W79/><G79/><T135/><D57/><U14/><E133/><V51/><F6/><W124/><G124/><T103/><D135/><U39/><E39/><V67/><F67/><W58/><G58/><T52/><D52/><U53/><E53/><V70/><F70/><W66/><G66/><T56/><D56/><U26/><E110/><V15/><F51/><W36/><REACH who="3" step="1"/><G54/><REACH who="3" ten="240,153,402,195" step="2"/><T113/><D83/><U49/><E26/><V80/><F80/><W48/><G48/><T84/><D73/><U55/><E49/><V106/><F127/><W61/><G61/><T96/><D74/><U111/><E55/><V64/><F64/><W128/><G128/><T29/><D75/><U46/><E131/><V68/><F50/><W12/><G12/><T112/><D25/><U71/><E24/><V90/><F125/><W104/><G104/><T41/><D113/><U11/><E121/><RYUUKYOKU ba="0,1" sc="240,-10,153,-10,402,-10,195,30" hai3="17,18,36,38,44,47,85,86,89,108,109,129,130" /><INIT seed="5,1,1,2,0,35" ten="230,143,392,225" oya="1" hai0="126,57,111,90,91,25,37,106,41,99,1,121,94" hai1="79,128,9,70,96,24,124,22,133,135,62,74,40" hai2="51,11,36,64,107,54,80,84,39,12,118,72,97" hai3="100,13,88,116,55,48,60,73,50,114,104,78,71"/><U34/><E34/><V44/><F118/><W105/><G116/><T85/><D111/><U33/><E33/><V93/><F72/><W0/><G0/><T76/><D121/><U122/><E122/><V83/><F64/><W16/><G114/><T7/><D126/><U21/><E124/><V115/><F83/><W82/><G50/><T27/><D76/><U47/><E128/><V81/><F81/><W77/><G77/><T103/><D37/><U8/><E22/><V68/><F68/><W112/><G112/><T95/><D41/><U67/><E74/><V15/><F15/><W86/><G100/><T66/><D66/><U108/><E79/><V6/><F107/><W63/><G78/><T5/><D5/><U120/><E120/><V46/><F46/><N who="3" m="28055" /><G73/><T69/><D69/><U109/><E96/><V134/><F134/><N who="1" m="51209" /><E47/><V45/><F45/><W3/><G3/><T4/><D4/><U127/><E40/><V43/><F43/><W119/><G119/><T20/><D20/><U98/><E98/><V19/><F6/><W59/><G71/><T75/><D57/><U130/><E130/><V26/><F26/><W87/><G87/><T117/><D117/><U31/><E127/><V38/><F115/><W123/><G123/><T131/><D75/><U89/><E89/><N who="2" m="51335" /><F38/><W113/><G113/><T53/><D131/><U102/><E102/><AGARI ba="1,1" hai="11,12,19,36,39,44,51,54,93,97,102" m="51335" machi="102" ten="30,1000,0" yaku="25,1" doraHai="35" who="2" fromWho="1" sc="230,0,143,-13,392,23,225,0" /><INIT seed="6,0,0,4,1,32" ten="230,130,415,225" oya="2" hai0="70,26,71,21,42,76,38,56,72,35,122,101,27" hai1="83,25,109,130,58,133,121,13,88,52,33,110,85" hai2="87,78,39,19,20,31,43,126,4,2,24,40,93" hai3="77,50,127,22,99,108,64,115,120,53,1,47,107"/><V28/><F39/><W89/><G120/><T36/><D122/><U11/><E121/><V63/><F126/><W114/><G108/><T102/><D72/><U94/><E130/><V55/><F31/><W113/><G127/><T105/><D76/><U125/><E133/><V106/><F106/><W51/><G77/><T116/><D116/><U59/><E59/><V12/><F63/><W61/><G22/><T96/><D56/><U15/><E15/><V129/><F55/><N who="3" m="30175" /><G89/><T98/><D42/><U123/><E123/><V103/><F129/><W0/><G99/><T62/><D21/><U97/><E25/><V66/><F66/><W3/><G107/><T6/><D6/><U79/><E33/><V69/><F69/><N who="3" m="42127" /><G3/><T119/><D119/><U84/><E84/><V10/><F103/><W16/><G16/><T131/><D131/><U68/><E68/><V5/><F5/><W82/><G82/><T49/><D35/><U132/><E132/><V34/><F78/><W18/><G18/><T118/><D118/><U92/><E92/><V7/><F7/><W73/><G73/><T128/><D105/><U75/><E75/><V80/><F80/><W41/><G41/><T134/><D128/><U74/><E74/><V60/><F60/><W57/><AGARI ba="0,0" hai="0,1,51,53,57,113,114,115" m="42127,30175" machi="57" ten="30,7900,0" yaku="15,1,11,1,52,2" doraHai="32" who="3" fromWho="3" sc="230,-20,130,-20,415,-39,225,79" /><INIT seed="7,0,0,0,2,131" ten="210,110,376,304" oya="3" hai0="4,51,32,2,110,45,60,69,95,48,125,84,39" hai1="115,120,130,102,118,90,128,68,30,9,124,127,87" hai2="98,80,85,21,86,94,28,7,63,49,107,11,66" hai3="99,19,113,101,135,119,43,64,44,91,42,13,117"/><W54/><G64/><T104/><D104/><U132/><E68/><V88/><F107/><W8/><G113/><T134/><D32/><U35/><E35/><V3/><F49/><W92/><G119/><T40/><D2/><U23/><E23/><V73/><F73/><W109/><G117/><T50/><D4/><U62/><E62/><V58/><F28/><W31/><G109/><T37/><D95/><U33/><E33/><V123/><F123/><W65/><G65/><N who="0" m="41127" /><D84/><U15/><E30/><V116/><F116/><W121/><G121/><T71/><D110/><U16/><E118/><V55/><F66/><W100/><G31/><T20/><D20/><U22/><E120/><V79/><F21/><W72/><G72/><T126/><D71/><U38/><E38/><N who="0" m="14345" /><D45/><U96/><E102/><N who="3" m="39530" /><G135/><T129/><D40/><U14/><E96/><V47/><F47/><W41/><G44/><T57/><D57/><U70/><E70/><V83/><F98/><W6/><G54/><T76/><D76/><U93/><E115/><V26/><F26/><W75/><G75/><T67/><D67/><U61/><E61/><V34/><F34/><W27/><G27/><T82/><D82/><U53/><E53/><V133/><F83/><W24/><G24/><T29/><D29/><U52/><E52/><V46/><F46/><W56/><G56/><T77/><D77/><U105/><E105/><V89/><F79/><W36/><G36/><T18/><D18/><AGARI ba="0,0" hai="6,8,13,18,19,41,42,43,91,92,99" m="39530" machi="18" ten="30,1500,0" yaku="8,1" doraHai="131" who="3" fromWho="0" sc="210,-15,110,0,376,0,304,15" /><INIT seed="7,1,0,0,5,102" ten="195,110,376,319" oya="3" hai0="23,93,89,116,107,11,60,62,24,63,32,69,48" hai1="108,44,94,0,38,79,106,68,127,30,20,101,49" hai2="122,61,132,130,83,112,115,56,92,45,98,39,19" hai3="95,17,14,26,125,134,66,120,119,103,28,71,123"/><W53/><G119/><T6/><D116/><U27/><E49/><V73/><F122/><W16/><G125/><T87/><D32/><U121/><E44/><V99/><F99/><W80/><G134/><T3/><D48/><U40/><E40/><V85/><F132/><W50/><G17/><T86/><D86/><U75/><E79/><V97/><F97/><W110/><G110/><T82/><D82/><U72/><E101/><V29/><F73/><W1/><G1/><T64/><D60/><U84/><E84/><V91/><F29/><W15/><G80/><T133/><D63/><U41/><E41/><V37/><F45/><N who="3" m="27855" /><G71/><T57/><D69/><U34/><E94/><V55/><F19/><W96/><G66/><T70/><D70/><U126/><E126/><V54/><F54/><W67/><G67/><T129/><D129/><U52/><E52/><V12/><F130/><W76/><G76/><T104/><REACH who="0" step="1"/><D133/><REACH who="0" ten="185,110,376,319" step="2"/><U124/><E124/><V18/><F39/><W88/><G123/><T135/><D135/><U77/><E77/><V9/><F37/><W47/><G120/><T8/><D8/><U118/><E118/><V111/><F111/><W4/><G47/><T36/><D36/><U90/><E108/><V46/><F46/><W43/><G43/><T74/><D74/><U109/><E75/><V78/><AGARI ba="1,1" hai="9,12,18,55,56,61,78,83,85,91,92,98,112,115" machi="78" ten="30,1100,0" yaku="0,1" doraHai="102" who="2" fromWho="2" sc="185,-4,110,-4,376,24,319,-6" owari="181,-22.0,106,-39.0,400,50.0,313,11.0" /></mjloggm>