<mjloggm ver="2.3"><GO type="169" lobby="0"/><UN n0="%EF%BC%88%E2%89%A7%E2%96%BD%E2%89%A6%EF%BC%89" n1="%E6%B0%97%E6%A5%BD%E3%81%AB%E6%89%93%E3%81%A4" n2="%E3%81%8A%E5%8F%A3%E3%83%81%E3%83%A3%E3%83%83%E3%82%AF%E6%BA%80%E8%B2%AB" n3="%6E%61%67%69%73%61%31%31" dan="17,16,16,16" rate="2178.37,2169.83,2065.63,2140.71" sx="M,M,F,F"/><TAIKYOKU oya="0"/><INIT seed="0,0,0,4,4,7" ten="250,250,250,250" oya="0" hai0="97,45,93,39,43,38,8,98,104,64,40,134,56" hai1="129,94,36,9,95,11,50,115,76,117,14,57,35" hai2="25,118,47,54,52,92,73,127,80,116,4,23,131" hai3="87,82,32,26,15,124,27,81,69,21,128,114,78"/><T1/><D134/><U135/><E117/><N who="2" m="45163" /><F127/><W103/><G128/><T122/><D122/><U89/><E135/><V113/><F113/><W90/><G114/><T46/><D104/><U16/><E115/><V66/><F66/><W100/><G69/><T112/><D112/><U13/><E129/><V59/><F47/><W75/><G124/><T22/><D22/><U62/><E36/><V72/><F92/><W31/><REACH who="3" step="1"/><G15/><REACH who="3" ten="250,250,250,240" step="2"/><T123/><D123/><U86/><E35/><V58/><F131/><W44/><G44/><T96/><D56/><U6/><E76/><N who="2" m="44039" /><F59/><W88/><G88/><T105/><D64/><U133/><E133/><V34/><F58/><W12/><G12/><T49/><D105/><U33/><E57/><V18/><F34/><W42/><G42/><T30/><D49/><U41/><E33/><V107/><F107/><W55/><G55/><T20/><D45/><N who="1" m="25903" /><E62/><V5/><F54/><W48/><G48/><T110/><D40/><U10/><E9/><V132/><F52/><W77/><G77/><T61/><D61/><U65/><E65/><V79/><F132/><W121/><G121/><T0/><D8/><U85/><E10/><V91/><F91/><W53/><G53/><T120/><D39/><U70/><E70/><V84/><F73/><W106/><G106/><T67/><D67/><U101/><E14/><V125/><F125/><W126/><G126/><T71/><D71/><U109/><E13/><V60/><F60/><W111/><G111/><T28/><D110/><U119/><E109/><V3/><F3/><N who="0" m="1098" /><D120/><U74/><E74/><V68/><F68/><RYUUKYOKU ba="0,1" sc="250,-15,250,-15,250,15,240,15" hai2="4,5,18,23,25,79,84" hai3="21,26,27,31,32,75,78,81,82,87,90,100,103" /><INIT seed="1,1,1,4,2,30" ten="235,235,265,255" oya="1" hai0="58,76,66,13,125,92,44,24,36,14,60,9,75" hai1="120,12,21,50,23,105,97,81,53,135,52,5,17" hai2="4,124,2,62,10,16,0,100,122,28,113,51,68" hai3="91,85,32,123,126,63,103,26,110,106,74,114,59"/><U80/><E120/><V111/><F2/><W78/><G126/><T34/><D125/><U55/><E135/><V129/><F111/><W49/><G114/><T33/><D24/><U61/><E5/><V45/><F122/><W104/><G110/><T15/><D9/><U86/><E61/><V18/><F129/><W39/><G39/><T6/><D6/><U95/><E23/><V89/><F28/><W84/><G74/><T7/><D7/><U69/><E69/><V99/><F89/><W116/><G116/><T27/><D27/><U107/><E50/><V46/><F46/><W133/><G133/><T72/><D92/><U108/><E108/><V90/><F90/><W73/><G73/><T117/><D117/><U121/><E121/><V31/><F31/><W118/><G118/><T48/><D36/><U127/><E127/><V29/><F29/><W128/><G104/><T57/><D57/><U65/><E65/><V71/><F71/><W1/><G106/><T112/><D112/><U35/><E35/><V131/><F131/><W38/><G32/><T54/><REACH who="0" step="1"/><D72/><REACH who="0" ten="225,235,265,255" step="2"/><U19/><E107/><N who="2" m="63903" /><F113/><W94/><G38/><T130/><D130/><U79/><E105/><V109/><F124/><W88/><G128/><T83/><AGARI ba="1,2" hai="13,14,15,33,34,44,48,54,58,60,66,75,76,83" machi="83" ten="30,7900,0" yaku="1,1,0,1,52,2,53,0" doraHai="30" doraHaiUra="87" who="0" fromWho="0" sc="225,102,235,-40,265,-21,255,-21" /><INIT seed="2,0,0,2,5,28" ten="327,195,244,234" oya="2" hai0="112,46,65,104,21,44,14,52,3,2,47,27,58" hai1="19,81,103,130,92,110,43,85,121,1,57,129,42" hai2="95,6,119,94,34,114,91,89,20,56,84,69,116" hai3="102,134,117,30,72,105,124,8,67,131,109,120,74"/><V55/><F69/><W48/><G109/><T37/><D37/><U132/><E110/><V35/><F114/><W59/><G131/><N who="1" m="50186" /><E132/><V98/><F6/><W64/><G134/><T127/><D112/><U123/><E1/><V79/><F79/><W71/><G124/><T68/><D104/><U125/><E125/><V50/><REACH who="2" step="1"/><F20/><REACH who="2" ten="327,195,234,234" step="2"/><W101/><G71/><T17/><D127/><U54/><E123/><V18/><F18/><W61/><G120/><T38/><D68/><U75/><E121/><V32/><AGARI ba="0,1" hai="32,34,35,50,55,56,84,89,91,94,95,98,116,119" machi="32" ten="30,12000,1" yaku="1,1,0,1,52,3,53,0" doraHai="28" doraHaiUra="9" who="2" fromWho="2" sc="327,-40,195,-40,234,130,234,-40" /><INIT seed="2,1,0,2,3,102" ten="287,155,364,194" oya="2" hai0="125,88,117,43,31,124,121,74,37,122,16,71,83" hai1="105,126,70,82,35,103,49,101,99,67,113,91,21" hai2="97,69,6,108,110,63,111,54,76,131,116,72,62" hai3="2,7,73,90,106,27,96,45,58,104,94,12,59"/><V39/><F39/><W123/><G123/><T48/><D37/><U47/><E113/><V79/><F116/><W118/><G73/><T57/><D71/><U11/><E35/><V114/><F114/><W50/><G2/><T34/><D117/><U119/><E119/><V18/><F6/><W85/><G27/><T66/><D31/><U115/><E115/><V133/><F72/><W30/><G30/><T84/><D34/><U46/><E126/><N who="0" m="48745" /><D74/><U42/><E11/><V10/><F69/><W130/><G130/><T81/><D81/><U77/><E21/><V17/><F131/><W78/><G118/><T65/><D16/><N who="2" m="6250" /><F10/><W93/><G7/><T135/><D66/><U87/><E47/><V89/><F133/><W22/><G12/><T9/><D9/><U38/><E38/><V23/><F23/><W53/><G22/><T98/><D135/><U8/><E8/><V109/><F109/><W28/><G28/><T14/><D14/><U51/><E70/><V33/><F33/><W100/><REACH who="3" step="1"/><G78/><REACH who="3" ten="287,155,364,184" step="2"/><N who="2" m="29737" /><F54/><W4/><G4/><T26/><D26/><U64/><E77/><V61/><F89/><W92/><G92/><N who="0" m="56583" /><D122/><U13/><E13/><V25/><F25/><W80/><G80/><T120/><D121/><U127/><E82/><V41/><F111/><W32/><G32/><T55/><D120/><U95/><E127/><V3/><F110/><W107/><AGARI ba="1,1" hai="45,50,53,58,59,85,90,93,94,96,100,104,106,107" machi="107" ten="30,8000,1" yaku="1,1,0,1,52,3,53,0" doraHai="102" doraHaiUra="60" who="3" fromWho="3" sc="287,-21,155,-21,364,-41,184,93" /><INIT seed="3,0,0,0,5,118" ten="266,134,323,277" oya="3" hai0="52,74,2,127,65,95,109,23,111,69,26,3,88" hai1="32,24,115,44,98,14,33,106,13,68,51,92,66" hai2="108,42,100,86,72,8,126,36,49,132,20,10,112" hai3="67,121,29,37,16,93,110,57,54,9,31,43,56"/><W55/><G121/><T38/><D38/><U124/><E115/><V4/><F36/><W34/><G110/><N who="0" m="41995" /><D74/><U131/><E124/><V0/><F72/><W85/><G67/><T107/><D107/><U79/><E131/><V62/><F100/><W83/><G34/><T133/><D133/><U91/><E79/><V81/><F62/><N who="3" m="36127" /><G43/><T119/><D119/><U134/><E134/><V39/><F39/><W11/><G37/><T96/><D127/><U28/><E33/><V35/><F35/><W73/><G73/><T80/><D80/><U22/><E106/><V128/><F132/><W89/><G83/><T12/><D12/><U70/><E66/><V5/><F128/><W7/><G7/><T1/><D65/><U25/><E13/><V87/><F112/><W48/><G16/><N who="0" m="12647" /><D69/><U71/><E71/><V15/><F126/><W27/><G27/><T135/><D135/><U104/><E68/><V103/><F81/><W18/><G18/><T40/><D40/><U97/><E70/><V64/><F64/><W90/><G90/><T130/><D130/><U84/><E25/><V46/><F108/><W76/><G76/><T75/><D75/><U114/><E114/><V19/><REACH who="2" step="1"/><F103/><REACH who="2" ten="266,134,313,277" step="2"/><W101/><G101/><T21/><D21/><U122/><E32/><V99/><F99/><W41/><G11/><T59/><D1/><AGARI ba="0,1" hai="0,1,4,5,8,10,15,19,20,42,46,49,86,87" machi="1" ten="30,7700,0" yaku="1,1,7,1,9,1,53,1" doraHai="118" doraHaiUra="45" who="2" fromWho="0" sc="266,-77,134,0,313,87,277,0" /><INIT seed="4,0,0,0,2,0" ten="189,134,400,277" oya="0" hai0="41,70,23,110,121,59,68,95,83,58,44,134,103" hai1="135,34,48,100,131,38,74,14,125,61,108,4,112" hai2="7,130,76,18,63,80,118,82,124,88,81,133,57" hai3="28,5,98,32,46,115,109,19,89,97,55,120,13"/><T85/><D121/><U113/><E108/><V67/><F130/><W35/><G109/><T16/><D110/><U39/><E34/><V128/><F128/><W30/><G115/><N who="1" m="44106" /><E131/><V111/><F118/><W104/><G120/><T29/><D29/><U94/><E74/><V56/><F76/><W119/><G119/><T105/><D105/><U22/><E125/><V54/><F124/><W65/><G65/><T69/><D134/><U20/><E135/><V106/><F106/><W10/><G104/><T101/><D95/><U122/><E122/><V107/><F107/><W17/><G32/><T77/><D103/><U9/><E61/><V86/><F133/><W24/><G30/><T99/><D99/><N who="1" m="59511" /><E48/><N who="2" m="30791" /><F18/><W37/><G97/><T71/><N who="0" m="17408" /><DORA hai="49" /><T47/><D101/><U53/><E53/><V127/><F127/><W132/><G132/><T87/><D87/><U62/><E62/><V73/><F73/><W93/><REACH who="3" step="1"/><G55/><REACH who="3" ten="189,134,400,267" step="2"/><T91/><D41/><AGARI ba="0,1" hai="5,10,13,17,19,24,28,35,37,41,46,89,93,98" machi="41" ten="40,5200,0" yaku="1,1,2,1,52,1,53,0" doraHai="0,49" doraHaiUra="129,123" who="3" fromWho="0" sc="189,-52,134,0,400,0,267,62" /><INIT seed="5,0,0,2,4,51" ten="137,134,400,329" oya="1" hai0="92,71,125,2,76,70,75,1,74,18,89,0,52" hai1="106,41,36,32,59,9,24,26,85,100,4,62,95" hai2="17,19,12,127,67,23,120,124,61,25,39,108,46" hai3="43,65,135,69,27,13,44,107,88,102,126,114,6"/><U83/><E106/><V30/><F108/><W45/><G126/><N who="2" m="48169" /><F120/><W94/><G135/><T22/><D125/><U5/><E36/><V50/><F39/><W105/><G114/><T86/><D76/><U53/><E41/><N who="2" m="24911" /><F12/><W90/><G65/><T16/><D18/><U103/><E32/><V54/><F54/><W98/><G69/><AGARI ba="0,0" hai="17,19,23,25,30,61,67,69" m="24911,48169" machi="69" ten="30,1000,0" yaku="18,1" doraHai="51" who="2" fromWho="3" sc="137,0,134,0,400,10,329,-10" /><INIT seed="6,0,0,4,1,84" ten="137,134,410,319" oya="2" hai0="42,33,99,114,7,64,118,45,75,32,50,107,98" hai1="57,23,90,110,48,83,88,72,86,73,58,80,125" hai2="60,27,8,46,126,10,5,11,40,20,133,49,105" hai3="69,44,85,135,62,35,66,91,108,119,13,128,68"/><V47/><F105/><W127/><G128/><T41/><D75/><U19/><E110/><V70/><F133/><W103/><G127/><T123/><D123/><U38/><E38/><V130/><F130/><W29/><G108/><T113/><D118/><U77/><E125/><V112/><F112/><N who="0" m="43114" /><D7/><U26/><E73/><V12/><F47/><W67/><G135/><T116/><D116/><U22/><E48/><V63/><F126/><W25/><G103/><N who="0" m="62967" /><D64/><U9/><E9/><N who="2" m="3691" /><F70/><W120/><G120/><T93/><D42/><U81/><E23/><V97/><F97/><W31/><G119/><T92/><D92/><U71/><E71/><V96/><F96/><W82/><G44/><T79/><D79/><U51/><E51/><V65/><F65/><W61/><G13/><T28/><D28/><AGARI ba="0,0" hai="5,11,12,20,27,28,40,46,49,60,63" m="3691" machi="28" ten="30,1500,0" yaku="8,1" doraHai="84" who="2" fromWho="0" sc="137,-15,134,0,410,15,319,0" /><AGARI ba="0,0" hai="25,28,29,31,35,61,62,66,67,68,69,82,85,91" machi="28" ten="40,2600,0" yaku="9,1,52,1" doraHai="84" who="3" fromWho="0" sc="122,-26,134,0,425,0,319,26" /><INIT seed="6,1,0,2,0,68" ten="96,134,425,345" oya="2" hai0="102,89,33,15,127,2,82,32,81,114,100,95,98" hai1="135,103,50,43,111,97,83,120,51,115,63,78,36" hai2="17,93,30,109,112,34,118,38,113,124,54,29,21" hai3="116,65,3,61,85,6,46,94,52,44,47,64,69"/><V19/><F118/><W128/><G128/><T14/><D2/><U27/><E111/><V74/><F74/><W76/><G116/><T1/><D1/><U101/><E115/><N who="2" m="44107" /><F124/><W106/><G106/><T75/><D114/><U25/><E135/><V122/><F122/><W5/><G3/><T110/><D127/><U119/><E120/><V24/><F54/><W90/><G76/><T16/><D110/><U67/><E119/><V39/><F109/><W20/><G65/><T18/><D75/><U58/><E36/><N who="2" m="13867" /><F93/><W84/><G84/><T121/><D121/><U99/><E83/><N who="0" m="31753" /><D33/><U71/><E78/><V22/><F34/><W7/><REACH who="3" step="1"/><G20/><REACH who="3" ten="96,134,425,335" step="2"/><N who="0" m="11295" /><D32/><U4/><E67/><V37/><F37/><W133/><G133/><T62/><D62/><U125/><E63/><V48/><F48/><AGARI ba="1,1" hai="5,6,7,44,46,47,48,52,61,64,69,85,90,94" machi="48" ten="40,2600,0" yaku="1,1,54,1,53,0" doraHai="68" doraHaiUra="92" who="3" fromWho="2" sc="96,0,134,0,425,-29,335,39" /><INIT seed="7,0,0,4,1,113" ten="96,134,396,374" oya="3" hai0="48,99,51,86,56,119,55,52,121,122,23,131,117" hai1="26,50,0,134,80,118,53,82,54,97,125,60,77" hai2="67,103,75,123,90,18,24,69,83,4,92,111,114" hai3="31,59,10,32,16,46,19,21,110,128,127,91,89"/><W28/><G127/><T35/><D35/><U71/><E125/><V22/><F111/><W104/><G104/><T76/><D23/><U109/><E109/><V87/><F123/><N who="0" m="47114" /><D99/><U124/><E134/><V34/><F114/><W135/><G128/><T81/><D86/><U44/><E124/><V63/><F4/><W12/><G135/><T49/><D81/><U27/><E0/><V38/><F38/><W40/><G110/><T1/><D76/><U70/><E118/><N who="0" m="45065" /><D1/><U100/><E70/><V42/><F34/><W101/><G101/><T17/><D17/><U11/><E71/><V88/><F103/><W37/><G32/><T7/><D7/><U98/><E98/><V120/><F120/><W115/><G115/><T30/><D30/><U6/><E97/><V5/><F5/><W3/><G31/><T15/><D15/><N who="1" m="5623" /><E100/><V96/><F75/><W72/><G72/><T41/><D131/><U102/><E102/><V65/><F65/><W33/><G59/><N who="0" m="33159" /><D41/><U13/><E13/><V108/><F42/><W9/><G9/><T25/><D25/><N who="1" m="9227" /><E77/><V84/><F108/><W95/><G33/><T107/><D107/><U133/><E133/><V93/><F96/><W85/><G28/><T129/><D129/><U14/><E14/><V8/><F8/><W39/><G91/><T105/><D105/><U94/><E94/><AGARI ba="0,0" hai="18,22,24,63,67,69,83,84,87,88,90,92,93,94" machi="94" ten="30,2000,0" yaku="7,1,54,1" doraHai="113" who="2" fromWho="1" sc="96,0,134,-20,396,20,374,0" owari="96,-40.0,114,-29.0,416,52.0,374,17.0" /></mjloggm>