<mjloggm ver="2.3"><GO type="169"/><UN n0="%E3%83%81%E3%83%A3%E3%82%AA%E3%83%AA" n1="%EF%BC%88%E2%89%A7%E2%96%BD%E2%89%A6%EF%BC%89" n2="%68%79%75%2D%69" n3="%E6%AF%94%E5%98%89%E7%A7%80%E4%BB%81" dan="16,18,17,16" rate="2147,2253,2141,2099" sx="M,M,M,M"/><TAIKYOKU oya="0"/><INIT seed="0,0,0,4,4,107" ten="250,250,250,250" oya="0" hai0="24,93,47,52,23,6,94,9,13,55,80,66,132" hai1="69,99,122,30,97,48,126,119,128,39,118,78,70" hai2="38,59,3,21,68,58,61,46,113,18,5,76,116" hai3="127,82,88,96,14,105,108,83,115,26,106,134,45"/><T31/><D132/><U131/><E30/><V86/><F113/><W109/><G134/><T101/><D66/><U25/><E25/><V67/><F116/><N who="1" m="44585" /><E78/><V40/><F5/><W92/><G115/><T32/><D101/><U135/><E135/><V20/><F21/><W49/><G26/><T34/><D80/><N who="3" m="30761" /><G14/><T110/><D110/><N who="3" m="42601" /><G127/><T19/><D34/><U73/><E126/><V64/><F3/><W53/><AGARI ba="0,0" hai="45,49,53,88,92,96,105,106" m="42601,30761" machi="53" ten="30,2000,0" yaku="14,1,54,1" doraHai="107" who="3" fromWho="3" sc="250,-10,250,-5,250,-5,250,20" /><INIT seed="1,0,0,2,3,67" ten="240,245,245,270" oya="1" hai0="12,55,118,29,80,92,8,90,28,25,31,107,6" hai1="125,43,102,91,27,1,116,24,5,18,98,60,94" hai2="123,68,49,106,44,97,110,58,108,96,45,51,70" hai3="120,7,35,69,66,13,119,104,48,101,126,75,133"/><U59/><E116/><V47/><F106/><W113/><RYUUKYOKU type="yao9" ba="0,0" sc="240,0,245,0,245,0,270,0" hai3="7,13,35,48,66,69,75,101,104,113,119,120,126,133" /><INIT seed="1,1,0,4,0,24" ten="240,245,245,270" oya="1" hai0="36,121,100,67,61,62,72,15,68,55,122,79,84" hai1="44,23,74,29,80,9,14,60,133,12,97,3,99" hai2="108,19,119,39,31,120,102,87,34,32,117,46,83" hai3="105,52,111,11,42,41,95,66,93,116,5,7,106"/><U1/><E133/><V78/><F120/><W37/><G111/><T6/><D36/><U127/><E127/><V2/><F2/><W70/><G116/><T22/><D100/><U65/><E1/><V118/><F108/><W128/><G70/><T135/><D72/><U110/><E3/><V88/><F102/><W18/><G66/><T123/><D135/><U0/><E0/><V35/><F19/><W92/><G128/><T64/><D55/><U94/><E110/><V86/><F46/><W90/><G90/><T73/><D73/><U104/><E104/><V50/><F50/><W115/><G115/><T101/><D101/><U103/><E44/><V54/><F54/><W47/><G42/><T134/><D134/><U57/><E97/><V125/><F39/><W63/><G106/><T107/><D107/><U124/><E124/><V53/><F53/><W59/><REACH who="3" step="1"/><G105/><REACH who="3" ten="240,245,245,260" step="2"/><T77/><D68/><U113/><E113/><V38/><F125/><W49/><G49/><T30/><D67/><U131/><E131/><V13/><F38/><W17/><G17/><T81/><D64/><U21/><E9/><V20/><F119/><W45/><G45/><T91/><D91/><U51/><E51/><V43/><F43/><W26/><G26/><N who="0" m="16727" /><D79/><N who="1" m="44151" /><E21/><V40/><F118/><W85/><G85/><T109/><D109/><U98/><E99/><V33/><F117/><W48/><G48/><T126/><D126/><U129/><E129/><V130/><F130/><W82/><G82/><T10/><AGARI ba="1,1" hai="6,10,15,61,62,77,81,84,121,122,123" m="16727" machi="10" ten="40,2700,0" yaku="13,1,52,1" doraHai="24" who="0" fromWho="0" sc="240,40,245,-14,245,-8,260,-8" /><INIT seed="2,0,0,5,4,121" ten="280,231,237,252" oya="2" hai0="45,131,64,69,25,107,75,128,73,97,129,26,59" hai1="108,70,110,101,134,106,95,85,115,100,22,79,89" hai2="5,39,51,0,48,87,47,82,67,32,55,103,83" hai3="72,92,116,125,78,127,38,36,20,88,102,1,123"/><V16/><F32/><W111/><G123/><T77/><D69/><U118/><E70/><V99/><F39/><W42/><G116/><T53/><D64/><U46/><E118/><V56/><F67/><W50/><G1/><T74/><D45/><U18/><E115/><V34/><F34/><W19/><G102/><N who="0" m="62927" /><D77/><U135/><E46/><V24/><F0/><W133/><G133/><N who="1" m="50698" /><E79/><V81/><F5/><W61/><G61/><AGARI ba="0,0" hai="25,26,53,59,61,73,74,75,128,129,131" m="62927" machi="61" ten="40,1300,0" yaku="19,1" doraHai="121" who="0" fromWho="3" sc="280,13,231,0,237,0,252,-13" /><INIT seed="3,0,0,2,2,8" ten="293,231,237,239" oya="3" hai0="71,108,117,102,20,52,36,72,79,34,83,77,37" hai1="12,5,103,50,14,25,2,10,28,62,96,100,48" hai2="1,27,18,16,33,86,95,112,38,63,43,55,69" hai3="121,98,88,58,91,76,92,133,26,56,119,82,105"/><W29/><G121/><T45/><D34/><U124/><E124/><V81/><F1/><W93/><G119/><T94/><D71/><U109/><E109/><V84/><F112/><W114/><G105/><T11/><D79/><U126/><E126/><V132/><F95/><W106/><G106/><T134/><D134/><U9/><E62/><V13/><F43/><W101/><G133/><T6/><D20/><N who="1" m="15399" /><E2/><V74/><F38/><W130/><G130/><T115/><D108/><U19/><E96/><V59/><F69/><W61/><G114/><T127/><D117/><U107/><E107/><V42/><F42/><W80/><G101/><AGARI ba="0,0" hai="5,9,10,12,14,19,48,50,100,101,103" m="15399" machi="101" ten="30,3900,0" yaku="8,1,52,2" doraHai="8" who="1" fromWho="3" sc="293,0,231,39,237,0,239,-39" /><INIT seed="4,0,0,2,5,91" ten="293,270,237,200" oya="0" hai0="10,119,65,32,135,3,29,71,114,7,5,132,90" hai1="88,84,50,43,68,129,128,47,0,41,133,46,112" hai2="104,44,53,67,21,51,122,118,116,23,1,76,96" hai3="131,25,69,62,28,8,98,70,9,39,48,77,95"/><T20/><D71/><U111/><E68/><V130/><F67/><W125/><G39/><T107/><D107/><U27/><E111/><V78/><F122/><W74/><G125/><T57/><D114/><U86/><E0/><V106/><F1/><W79/><G131/><N who="1" m="50250" /><E133/><N who="0" m="51273" /><D7/><U75/><E75/><V115/><F115/><W22/><G48/><T89/><D32/><U38/><E112/><V26/><F23/><W17/><G74/><T4/><D4/><U63/><E63/><V83/><F130/><W24/><G70/><T109/><D119/><N who="2" m="45610" /><F96/><W100/><G69/><T102/><D109/><U73/><E73/><N who="2" m="43407" /><F78/><W93/><G62/><N who="0" m="38095" /><D102/><U94/><E27/><AGARI ba="0,0" hai="3,5,10,20,27,29,89,90" m="38095,51273" machi="27" ten="30,1500,0" yaku="20,1" doraHai="91" who="0" fromWho="1" sc="293,15,270,-15,237,0,200,0" /><INIT seed="4,1,0,2,4,40" ten="308,255,237,200" oya="0" hai0="62,91,67,98,31,113,74,63,76,21,79,88,78" hai1="22,12,122,75,123,68,13,10,0,50,85,14,38" hai2="35,2,72,37,118,121,73,66,41,84,124,29,56" hai3="131,70,93,104,45,100,39,80,101,89,25,54,82"/><T108/><D74/><U135/><E75/><V28/><F84/><W32/><G70/><T95/><D113/><U111/><E38/><V115/><F56/><W24/><G131/><T87/><D108/><U17/><E68/><V34/><F66/><W65/><G65/><T97/><D67/><U4/><E111/><V133/><F41/><W117/><G117/><T94/><D87/><U51/><E135/><V57/><F57/><W112/><G112/><T18/><REACH who="0" step="1"/><D31/><REACH who="0" ten="298,255,237,200" step="2"/><U61/><E85/><V64/><F64/><W42/><G80/><T130/><D130/><U27/><E123/><V30/><F29/><W53/><G82/><T43/><D43/><U15/><E122/><V7/><F30/><W107/><G54/><T16/><D16/><U5/><E17/><V106/><F28/><W81/><G53/><T9/><D9/><U86/><E86/><V44/><F73/><W92/><G81/><T77/><N who="0" m="19456" /><DORA hai="33" /><T48/><D48/><U114/><E50/><V58/><F72/><W23/><G39/><T1/><D1/><U110/><E51/><V105/><F2/><W3/><G3/><T52/><D52/><U132/><E114/><V109/><F115/><W20/><G42/><T103/><D103/><U125/><E110/><V102/><F109/><W120/><G120/><T129/><D129/><U134/><E10/><V96/><F121/><W49/><G49/><T47/><D47/><U60/><E0/><V119/><F119/><W11/><G11/><T59/><D59/><U6/><N who="1" m="3072" /><DORA hai="71" /><U69/><E134/><V116/><F118/><W55/><G55/><RYUUKYOKU ba="1,1" sc="298,30,255,-10,237,-10,200,-10" hai0="18,21,62,63,88,91,94,95,97,98" /><INIT seed="4,2,1,1,2,60" ten="328,245,227,190" oya="0" hai0="19,0,45,104,103,31,111,132,27,72,49,7,8" hai1="113,107,84,117,89,98,118,12,34,101,40,102,62" hai2="97,134,99,90,120,68,17,59,26,6,2,78,77" hai3="114,37,74,16,33,126,4,11,9,24,23,129,95"/><T10/><D72/><U115/><E34/><V92/><F68/><W71/><G37/><T79/><D79/><U70/><E40/><V109/><F109/><W128/><G74/><T76/><D76/><U42/><E42/><V65/><F120/><W35/><G71/><T36/><D36/><U15/><E15/><V81/><F134/><W48/><G95/><T83/><D83/><N who="1" m="49311" /><E12/><V110/><F110/><W119/><G48/><T43/><D132/><U5/><E5/><V93/><F2/><N who="3" m="151" /><G119/><N who="1" m="45578" /><E62/><N who="2" m="38111" /><F6/><W75/><G75/><T3/><D3/><U91/><E70/><V112/><F81/><W100/><G100/><T56/><D10/><U127/><E127/><V80/><F80/><W61/><G61/><T22/><D103/><N who="1" m="62967" /><E91/><N who="2" m="55455" /><F112/><AGARI ba="2,1" hai="101,102,112,113,115" m="62967,45578,49311" machi="112" ten="30,7700,0" yaku="15,1,11,1,34,2" doraHai="60" who="1" fromWho="2" sc="328,0,245,93,227,-83,190,0" /><INIT seed="5,0,0,4,0,130" ten="328,338,144,190" oya="1" hai0="76,96,3,56,42,32,122,9,11,46,108,8,57" hai1="94,12,19,65,80,69,53,41,92,99,102,100,132" hai2="24,134,36,10,55,91,49,79,13,7,83,1,70" hai3="135,61,88,85,28,84,89,21,62,82,106,35,18"/><U23/><E41/><V16/><F36/><W50/><G106/><T60/><D32/><U114/><E69/><V117/><F70/><W115/><G115/><T30/><D30/><U75/><E65/><V71/><F71/><W74/><G74/><T120/><D76/><U97/><E114/><V86/><F117/><W68/><G28/><T112/><D96/><U110/><E110/><V126/><F126/><W109/><G35/><T59/><D108/><U107/><E132/><V20/><F134/><W26/><G135/><T67/><D112/><U104/><E53/><V48/><F79/><AGARI ba="0,0" hai="12,19,23,75,79,80,92,94,97,99,100,102,104,107" machi="79" ten="40,2000,0" yaku="9,1" doraHai="130" who="1" fromWho="2" sc="328,0,338,20,144,-20,190,0" /><INIT seed="5,1,0,1,1,71" ten="328,358,124,190" oya="1" hai0="134,16,42,1,4,93,89,126,125,35,21,48,43" hai1="92,20,7,78,46,63,18,85,95,119,49,31,65" hai2="118,117,105,86,22,115,100,25,84,130,124,113,91" hai3="68,6,60,131,80,30,66,75,76,135,83,2,0"/><U34/><E119/><N who="2" m="45579" /><F25/><W50/><G135/><T26/><D134/><U102/><E34/><V123/><F22/><W11/><G131/><T10/><D35/><U112/><E31/><V8/><F8/><W108/><G108/><T47/><REACH who="0" step="1"/><D43/><REACH who="0" ten="318,358,124,190" step="2"/><U33/><E33/><V120/><F130/><W110/><G110/><T70/><D70/><U104/><E112/><N who="2" m="43083" /><F124/><W57/><G68/><T87/><AGARI ba="1,1" hai="1,4,10,16,21,26,42,47,48,87,89,93,125,126" machi="87" ten="30,4000,0" yaku="1,1,0,1,54,1,53,0" doraHai="71" doraHaiUra="9" who="0" fromWho="0" sc="318,53,358,-21,124,-11,190,-11" /><INIT seed="6,0,0,3,3,37" ten="371,337,113,179" oya="2" hai0="2,85,29,71,70,6,47,78,73,77,41,86,36" hai1="126,45,105,48,89,52,19,103,96,92,99,84,69" hai2="130,104,72,93,127,5,68,107,30,117,25,113,108" hai3="24,118,131,90,87,110,8,94,101,133,7,42,16"/><V74/><F93/><W33/><G110/><T116/><D29/><U102/><E126/><V121/><F5/><W12/><G133/><T61/><D78/><U0/><E0/><V39/><F25/><W10/><G131/><T44/><D44/><U15/><E69/><N who="0" m="26121" /><D61/><U125/><E125/><V34/><F30/><W119/><G101/><T63/><D63/><U123/><E123/><V76/><F76/><W20/><G33/><T60/><D60/><U51/><E51/><V134/><F74/><W21/><G21/><T135/><D116/><U83/><E19/><V26/><F26/><W49/><REACH who="3" step="1"/><G8/><REACH who="3" ten="371,337,113,169" step="2"/><N who="0" m="2135" /><D135/><U98/><E105/><V53/><F53/><W3/><G3/><AGARI ba="0,1" hai="3,34,39,68,72,104,107,108,113,117,121,127,130,134" machi="3" ten="0,48000,5" yakuman="47" doraHai="37" who="2" fromWho="3" sc="371,0,337,0,113,490,169,-480" owari="371,17.0,337,-6.0,603,70.0,-311,-81.0" /></mjloggm>