<mjloggm ver="2.3"><GO type="97"/><UN n0="%EF%BC%88%E2%89%A7%E2%96%BD%E2%89%A6%EF%BC%89" n1="%E3%81%8B%E3%82%89%E3%81%82%E3%81%92%E3%81%95%E3%82%93" n2="%E3%83%99%E3%82%BF%E3%82%AA%E3%83%AA%E3%82%B9%E3%82%AF" n3="%E3%82%8D%E3%81%B5%E3%81%81" dan="15,13,13,14" rate="2011,1843,2018,1882" sx="M,M,M,M"/><TAIKYOKU oya="0"/><INIT seed="0,0,0,2,0,82" ten="250,250,250,250" oya="0" hai0="46,120,59,118,128,126,14,21,69,5,71,132,115" hai1="107,105,80,26,13,129,54,81,93,19,15,55,1" hai2="83,61,92,39,3,134,35,90,0,97,37,116,121" hai3="23,17,64,119,84,20,95,56,52,45,74,117,34"/><T75/><D75/><U11/><E1/><V33/><F121/><W30/><G74/><T63/><D5/><U78/><E129/><V77/><F134/><W10/><G34/><T114/><D14/><U108/><E108/><V111/><F111/><W109/><G109/><T66/><D21/><U127/><E127/><V130/><F130/><W22/><G64/><T44/><D128/><U27/><E93/><V112/><F112/><N who="0" m="43050" /><D120/><U103/><E103/><V18/><F116/><W106/><G106/><T41/><D118/><U57/><E57/><V28/><F18/><W131/><G45/><N who="0" m="17515" /><D126/><U79/><E11/><V122/><F122/><W31/><G131/><T36/><D132/><U87/><E19/><V68/><F33/><W100/><G117/><T133/><D133/><U76/><E76/><V29/><F35/><W96/><G119/><T99/><D99/><U42/><E42/><V58/><F97/><W104/><G104/><T124/><D124/><U48/><E48/><V85/><F3/><W73/><G73/><T123/><D123/><U72/><E72/><V89/><F0/><W135/><G135/><T102/><D102/><U67/><E67/><V8/><F39/><W6/><G17/><T40/><D36/><U12/><E12/><V47/><F37/><W43/><G23/><T25/><D25/><U70/><E105/><V113/><F113/><W2/><G22/><T125/><D125/><U24/><E107/><V49/><F8/><W110/><G110/><T32/><D32/><U51/><E24/><V9/><F9/><W7/><G10/><T38/><D38/><RYUUKYOKU ba="0,0" sc="250,30,250,-10,250,-10,250,-10" hai0="40,41,59,63,66,69,71" /><INIT seed="0,1,0,2,2,3" ten="280,240,240,240" oya="0" hai0="82,88,120,11,1,52,111,76,2,68,101,99,70" hai1="12,4,10,134,18,100,45,23,19,89,73,24,80" hai2="84,79,81,87,58,108,25,56,105,31,42,130,106" hai3="123,29,33,128,64,36,115,21,41,94,90,20,48"/><T131/><D120/><U127/><E134/><V26/><F108/><W83/><G123/><T69/><D131/><U125/><E100/><V0/><F130/><W98/><G128/><T107/><D111/><U113/><E45/><V85/><F42/><W37/><G115/><T93/><D52/><U47/><E47/><V118/><F118/><W32/><G32/><T44/><D44/><U59/><E113/><V16/><F0/><W22/><G33/><T60/><D60/><U38/><E59/><V122/><F122/><W65/><G29/><T53/><D53/><U114/><E114/><V133/><F133/><W97/><G36/><T66/><D66/><U51/><E51/><V17/><F85/><W103/><G37/><T49/><D49/><U7/><E38/><V35/><F35/><W132/><G132/><T57/><D57/><U15/><E89/><V62/><F31/><W77/><G41/><T135/><D11/><N who="1" m="6431" /><E80/><V27/><F81/><W121/><G48/><T55/><D55/><U96/><E73/><V63/><REACH who="2" step="1"/><F27/><REACH who="2" ten="280,240,230,240" step="2"/><W95/><G121/><T91/><D135/><U126/><E96/><V28/><F28/><AGARI ba="1,1" hai="4,7,10,15,19,23,24,28,125,126,127" m="6431" machi="28" ten="30,8000,1" yaku="18,1,34,2,52,2" doraHai="3" who="1" fromWho="2" sc="280,0,240,93,230,-83,240,0" /><INIT seed="1,0,0,1,3,117" ten="280,333,147,240" oya="1" hai0="70,123,39,41,34,4,118,8,113,73,31,67,86" hai1="48,72,100,13,94,42,33,110,18,5,61,52,77" hai2="37,74,40,69,25,107,36,56,106,102,131,101,30" hai3="1,85,112,88,15,121,66,89,50,62,122,125,119"/><U114/><E114/><V81/><F69/><W124/><G1/><N who="0" m="15" /><D86/><U96/><E33/><V104/><F131/><W71/><G112/><T128/><D113/><U97/><E110/><V129/><F129/><W2/><G2/><T126/><D118/><U45/><E5/><V105/><N who="2" m="26624" /><DORA hai="35" /><V0/><F0/><W55/><G119/><T10/><D10/><U93/><E77/><V23/><F56/><W83/><G15/><T7/><D7/><U111/><E72/><V60/><F60/><W98/><G98/><T12/><D12/><U75/><E75/><V49/><F49/><W134/><G134/><T27/><D128/><U90/><E111/><V53/><F53/><W109/><G109/><T108/><D108/><U28/><E28/><V57/><F57/><N who="3" m="33015" /><G89/><T103/><D103/><U47/><E61/><V22/><F22/><W58/><G71/><T54/><D54/><U65/><E65/><V92/><F92/><W79/><G79/><T127/><D73/><U32/><E32/><V51/><F74/><W80/><G80/><T17/><D17/><U24/><E24/><V133/><F133/><W99/><G99/><T11/><D11/><N who="1" m="6463" /><E47/><V115/><F115/><W9/><G9/><T59/><D59/><U38/><E52/><V46/><REACH who="2" step="1"/><F81/><REACH who="2" ten="280,333,137,240" step="2"/><W84/><G84/><T64/><D70/><U6/><E48/><V91/><F91/><W29/><G29/><T95/><D31/><U78/><E90/><V63/><F63/><W26/><G26/><T116/><D116/><U132/><E93/><V76/><F76/><W87/><G87/><T130/><D95/><RYUUKYOKU ba="0,1" sc="280,-15,333,-15,137,15,240,15" hai2="23,25,30,36,37,40,46,51,101,102" hai3="58,62,66,83,85,88,121,122,124,125" /><INIT seed="2,1,1,2,5,26" ten="265,318,152,255" oya="2" hai0="57,55,134,89,2,118,129,1,130,96,120,50,59" hai1="90,91,98,25,60,65,104,72,11,36,94,135,33" hai2="4,21,124,3,80,79,67,122,92,18,5,114,35" hai3="58,131,12,133,127,125,54,10,76,110,9,8,101"/><V19/><F122/><W81/><G101/><T116/><D120/><U17/><E36/><V123/><F114/><W20/><G110/><T99/><D134/><U100/><E135/><V85/><F123/><W42/><G133/><T83/><D83/><U49/><E72/><V69/><F35/><W93/><G42/><T44/><D44/><U29/><E49/><V43/><F124/><N who="3" m="47691" /><G93/><N who="0" m="56367" /><D59/><U73/><E73/><V126/><F126/><W102/><G102/><T37/><D99/><U86/><E91/><V23/><F43/><W71/><G71/><T30/><D37/><U115/><E115/><V111/><F111/><W105/><G105/><T27/><D2/><U112/><E112/><V53/><F3/><W128/><G20/><N who="0" m="15719" /><D1/><U87/><E87/><N who="2" m="48543" /><F69/><W84/><G12/><T7/><D7/><N who="2" m="2634" /><F67/><W45/><G45/><T103/><D103/><U47/><E47/><V31/><F53/><W13/><G13/><T109/><D109/><U38/><E38/><V97/><F85/><W51/><AGARI ba="1,1" hai="8,9,10,51,54,58,76,81,84,128,131" m="47691" machi="51" ten="40,1500,0" yaku="18,1" doraHai="26" who="3" fromWho="3" sc="265,-5,318,-5,152,-8,255,28" /><INIT seed="3,0,0,2,5,40" ten="260,313,144,283" oya="3" hai0="93,116,57,127,30,106,105,21,32,115,100,55,99" hai1="20,119,16,80,1,86,94,131,23,89,104,133,97" hai2="44,49,62,17,134,35,69,102,53,83,98,7,126" hai3="52,103,70,25,19,132,101,9,88,66,27,63,110"/><W77/><G132/><T5/><D116/><U48/><E133/><V65/><F134/><W73/><G73/><T128/><D115/><U122/><E131/><V4/><F126/><W72/><G72/><T108/><D127/><U109/><E109/><V8/><F35/><W2/><G77/><T12/><D128/><U45/><E104/><V67/><F67/><W76/><G76/><T124/><D124/><U22/><E119/><V58/><F69/><W6/><G110/><T123/><D123/><U75/><E1/><V46/><F83/><W24/><G19/><T26/><D108/><U114/><E75/><V130/><F130/><W74/><G74/><T15/><D5/><U33/><E33/><V29/><F29/><W56/><REACH who="3" step="1"/><G88/><REACH who="3" ten="260,313,144,273" step="2"/><T43/><D43/><N who="1" m="24639" /><E122/><V39/><F39/><W79/><G79/><T96/><D96/><U112/><E112/><V68/><F17/><W36/><G36/><T61/><D99/><U37/><E37/><V113/><F113/><W87/><G87/><T11/><D100/><N who="1" m="60471" /><E114/><V13/><REACH who="2" step="1"/><F4/><REACH who="2" ten="260,313,134,273" step="2"/><W121/><G121/><T82/><D30/><U64/><E64/><V0/><F0/><W78/><G78/><T14/><D82/><U18/><AGARI ba="0,2" hai="16,18,20,22,23,80,86,89" m="60471,24639" machi="18" ten="30,4000,0" yaku="8,1,52,1,54,1" doraHai="40" who="1" fromWho="1" sc="260,-10,313,60,134,-10,273,-20" owari="250,-15.0,373,48.0,124,-38.0,253,5.0" /></mjloggm>