<mjloggm ver="2.3"><GO type="169"/><UN n0="%EF%BC%88%E2%89%A7%E2%96%BD%E2%89%A6%EF%BC%89" n1="%E3%83%AA%E3%83%95%E3%83%AC%E3%82%AF%E3%83%86%E3%82%A3%E3%82%A2" n2="%E5%B7%A3%E4%BD%9C%E3%82%8A%E3%83%89%E3%83%A9%E3%82%B4%E3%83%B3" n3="%E3%81%B2%E3%81%A0%E3%82%8A" dan="17,16,16,16" rate="2138,2085,2049,2054" sx="M,F,M,M"/><TAIKYOKU oya="0"/><INIT seed="0,0,0,5,5,117" ten="250,250,250,250" oya="0" hai0="86,70,37,9,41,3,71,75,43,82,105,77,7" hai1="93,57,29,61,120,126,35,55,46,111,101,89,20" hai2="95,24,17,119,38,94,81,122,103,78,64,22,14" hai3="18,84,12,125,13,6,129,121,66,15,19,21,50"/><T113/><D113/><U36/><E111/><V133/><F119/><W34/><G34/><T69/><D86/><U62/><E35/><V97/><F133/><W107/><G107/><T134/><D134/><U115/><E115/><V56/><F38/><W31/><G129/><T52/><D105/><U10/><E126/><V65/><F122/><W28/><G125/><T110/><D110/><U45/><E101/><V131/><F131/><W32/><G66/><T2/><D41/><U109/><E120/><V114/><F114/><W100/><G100/><T48/><D48/><U23/><E36/><V118/><F118/><W11/><G84/><T80/><D80/><U33/><E33/><V130/><F130/><W47/><G50/><T26/><D52/><U72/><E72/><V76/><F94/><W30/><G47/><N who="0" m="24047" /><D26/><U104/><E104/><V1/><F1/><AGARI ba="0,0" hai="1,2,3,7,9,69,70,71,75,77,82" m="24047" machi="1" ten="30,5800,0" yaku="25,1,33,2" doraHai="117" who="0" fromWho="2" sc="250,58,250,0,250,-58,250,0" /><INIT seed="0,1,0,1,0,121" ten="308,250,192,250" oya="0" hai0="78,64,33,86,71,90,76,5,95,56,2,24,55" hai1="108,54,57,69,80,18,42,23,111,60,130,62,14" hai2="29,105,11,85,128,47,41,13,126,34,82,40,15" hai3="127,94,106,67,113,100,50,22,103,84,93,59,12"/><T19/><D71/><U116/><E116/><V135/><F128/><W25/><G113/><T35/><D64/><U66/><E130/><V68/><F135/><W28/><G106/><T16/><D2/><U123/><E123/><V98/><F126/><W75/><G75/><T83/><D5/><U101/><E101/><V39/><F68/><W133/><G133/><T91/><D33/><U88/><REACH who="1" step="1"/><E42/><REACH who="1" ten="308,240,192,250" step="2"/><V49/><F41/><W112/><G112/><T10/><D35/><U30/><E30/><V27/><F39/><W61/><G127/><T1/><D1/><U6/><E6/><V45/><F40/><W44/><G103/><T65/><D19/><U96/><E96/><V120/><F98/><W132/><G132/><T46/><D16/><U97/><E97/><V32/><F120/><W87/><G100/><T52/><D10/><U115/><E115/><V109/><F11/><W125/><G125/><T70/><D24/><U73/><E73/><V43/><F27/><W58/><G12/><T104/><D104/><U99/><E99/><V122/><F105/><W38/><G28/><T21/><D21/><U117/><E117/><V110/><F122/><W48/><G25/><T63/><D70/><U37/><E37/><N who="2" m="21743" /><F29/><W89/><G22/><T53/><REACH who="0" step="1"/><D46/><REACH who="0" ten="298,240,192,250" step="2"/><U26/><E26/><V7/><F7/><W77/><G44/><T79/><D79/><U72/><E72/><V107/><F107/><W9/><G9/><T3/><D3/><U129/><E129/><V114/><F114/><W81/><G38/><T51/><D51/><U74/><E74/><V131/><F49/><RYUUKYOKU ba="1,2" sc="298,15,240,15,192,-15,250,-15" hai0="52,53,55,56,63,65,76,78,83,86,90,91,95" hai1="14,18,23,54,57,60,62,66,69,80,88,108,111" /><INIT seed="0,2,2,5,5,65" ten="313,255,177,235" oya="0" hai0="122,2,19,71,27,85,121,0,11,57,81,133,118" hai1="79,119,105,31,93,114,75,29,96,4,76,45,117" hai2="84,88,20,13,25,30,97,16,110,70,6,49,62" hai3="42,86,18,54,102,58,78,98,87,125,36,8,82"/><T51/><D118/><U35/><E105/><V5/><F110/><W68/><G125/><T115/><D115/><U21/><E114/><V135/><F135/><W24/><G36/><T60/><D133/><U32/><E4/><V55/><F97/><W33/><G42/><T106/><D106/><U23/><E45/><N who="2" m="28079" /><F70/><W9/><G86/><T120/><D51/><U12/><E96/><V48/><F48/><W134/><G134/><T130/><D130/><U63/><E63/><V112/><F62/><W77/><G78/><T3/><D71/><U108/><E108/><V53/><F53/><W129/><G129/><T69/><D69/><U1/><E93/><N who="2" m="54407" /><F112/><W10/><G68/><T127/><D127/><U66/><E66/><V101/><F101/><W17/><G33/><T67/><D85/><U104/><E104/><V37/><F37/><W28/><G98/><T92/><D92/><U116/><E116/><V39/><F39/><W91/><G102/><T7/><REACH who="0" step="1"/><D81/><REACH who="0" ten="303,255,177,235" step="2"/><U47/><E117/><V34/><F34/><W123/><G82/><T132/><D132/><U72/><E119/><V15/><F30/><W83/><G83/><T64/><D64/><U74/><E35/><V95/><F95/><W94/><G94/><T46/><D46/><U90/><E47/><V44/><F44/><W61/><G87/><T107/><D107/><U113/><E32/><V43/><F43/><W14/><G123/><T40/><D40/><U103/><E113/><V124/><F124/><W26/><G77/><T59/><D59/><U109/><E76/><V56/><F56/><W50/><G58/><RYUUKYOKU ba="2,3" sc="303,15,255,-15,177,15,235,-15" hai0="0,2,3,7,11,19,27,57,60,67,120,121,122" hai2="5,6,13,15,16,20,25" /><INIT seed="0,3,3,4,2,98" ten="318,240,192,220" oya="0" hai0="103,12,50,51,60,21,123,105,96,113,95,117,63" hai1="48,38,106,135,86,114,82,102,78,41,110,39,0" hai2="27,108,94,72,20,23,107,26,93,10,121,24,61" hai3="14,116,120,34,29,109,32,40,132,1,92,42,62"/><T91/><D123/><U133/><E0/><V104/><F121/><W70/><G116/><T67/><D117/><U73/><E114/><V115/><F115/><W89/><G120/><T30/><D113/><U52/><E110/><V75/><F108/><W7/><G109/><T9/><D105/><U97/><E73/><V59/><F10/><W81/><G1/><T56/><D91/><U11/><E11/><V18/><F104/><W65/><G132/><N who="1" m="50762" /><E41/><V28/><F107/><W43/><G81/><T16/><D63/><U79/><E78/><V3/><F3/><W37/><G37/><T69/><D69/><U88/><E79/><V53/><REACH who="2" step="1"/><F26/><AGARI ba="3,3" hai="9,12,16,21,26,30,50,51,56,60,67,95,96,103" machi="26" ten="40,12000,1" yaku="25,2,8,1,52,1,54,1" doraHai="98" who="0" fromWho="2" sc="318,159,240,0,192,-129,220,0" /><INIT seed="0,4,0,0,3,114" ten="477,240,63,220" oya="0" hai0="73,42,57,45,50,53,82,94,30,33,13,85,70" hai1="110,91,41,36,135,126,38,7,31,64,78,129,60" hai2="100,134,66,104,109,22,131,108,3,68,89,125,1" hai3="87,32,81,121,27,113,124,112,4,15,107,14,117"/><T69/><D73/><U46/><E135/><V123/><F22/><W105/><G121/><T115/><D115/><U122/><E122/><V127/><F89/><W102/><G124/><N who="2" m="47689" /><F123/><W12/><G4/><T40/><D40/><U56/><E126/><V95/><F95/><W74/><G74/><T120/><D120/><U35/><E129/><V77/><F77/><W49/><G102/><T0/><D0/><N who="2" m="74" /><F100/><W59/><G112/><T65/><D94/><U133/><E91/><V44/><F104/><W96/><G96/><T67/><D13/><U106/><E78/><V93/><F93/><W119/><G113/><T103/><D103/><U26/><E106/><V101/><F101/><W16/><G107/><T2/><D2/><U37/><E7/><V43/><F134/><W116/><G105/><T97/><D97/><U83/><E133/><V118/><F131/><W86/><G81/><T62/><D70/><U10/><E83/><V61/><F118/><W9/><G86/><T47/><D69/><U21/><E21/><V54/><F54/><W130/><G87/><T51/><D85/><U72/><E72/><V28/><F28/><W84/><G84/><T75/><D82/><U8/><E8/><V20/><F20/><W11/><G130/><T29/><D75/><U55/><E10/><N who="3" m="3594" /><G49/><AGARI ba="4,0" hai="43,44,49,61,66,68,108,109" m="74,47689" machi="49" ten="30,1000,0" yaku="18,1" doraHai="114" who="2" fromWho="3" sc="477,0,240,0,63,22,220,-22" /><INIT seed="1,0,0,0,2,11" ten="477,240,85,198" oya="1" hai0="121,104,22,92,12,71,128,63,78,119,120,15,88" hai1="131,74,41,52,46,76,97,53,127,58,35,82,115" hai2="100,99,70,45,87,28,73,24,133,18,80,102,21" hai3="95,66,57,65,38,26,31,19,40,77,96,13,2"/><U34/><E115/><V5/><F133/><W51/><G2/><T64/><D104/><U132/><E132/><V116/><F73/><W126/><G38/><T47/><D119/><U6/><E131/><V69/><F116/><W89/><G126/><T59/><D128/><U39/><E127/><V23/><F5/><W17/><G77/><T129/><D129/><U83/><E83/><V32/><F45/><W43/><G19/><T86/><D78/><U36/><E36/><V111/><F111/><W105/><G105/><T56/><D47/><U109/><E109/><V30/><F30/><W55/><G66/><T122/><D22/><U85/><E85/><V49/><F49/><W106/><G65/><T3/><D3/><U25/><E97/><V134/><F134/><W4/><G4/><T118/><D118/><U27/><E6/><V103/><F99/><W110/><G106/><T90/><D90/><U72/><E74/><V98/><F98/><W44/><G110/><T123/><D123/><U61/><REACH who="1" step="1"/><E53/><REACH who="1" ten="477,230,85,198" step="2"/><V93/><F93/><W7/><G7/><T20/><D121/><U79/><E79/><V75/><F75/><W81/><G81/><T112/><D122/><U114/><E114/><V0/><F0/><W1/><G1/><T42/><D112/><U33/><AGARI ba="0,1" hai="25,27,33,34,35,39,41,46,52,58,61,72,76,82" machi="33" ten="30,6000,0" yaku="1,1,0,1,54,1,53,0" doraHai="11" doraHaiUra="130" who="1" fromWho="1" sc="477,-20,230,70,85,-20,198,-20" /><INIT seed="1,1,0,3,3,84" ten="457,300,65,178" oya="1" hai0="95,16,42,73,43,94,49,59,118,81,70,58,103" hai1="126,50,111,132,53,104,11,4,98,54,69,83,62" hai2="74,115,0,23,10,17,78,122,45,131,97,128,32" hai3="60,27,127,38,36,18,63,107,55,21,46,93,1"/><U39/><E39/><V85/><F85/><W14/><G107/><T40/><D70/><U28/><E132/><V67/><F67/><W91/><G127/><T90/><D118/><U101/><E126/><V120/><F97/><W130/><G1/><T12/><D73/><U77/><E28/><V26/><F78/><W34/><G130/><N who="2" m="49705" /><F45/><W13/><G36/><T6/><D6/><U68/><E111/><V106/><F74/><W71/><G71/><T129/><D129/><U52/><E50/><V2/><F106/><W48/><G38/><T124/><D124/><U9/><E62/><N who="3" m="23594" /><G34/><T57/><D49/><U24/><E68/><V79/><F79/><W100/><G100/><T35/><D35/><U96/><E69/><V3/><F32/><W87/><AGARI ba="1,0" hai="13,14,18,21,27,46,48,55,87,91,93" m="23594" machi="87" ten="30,2000,0" yaku="8,1,52,1" doraHai="84" who="3" fromWho="3" sc="457,-6,300,-11,65,-6,178,23" /><INIT seed="2,0,0,1,0,7" ten="451,289,59,201" oya="2" hai0="38,87,22,66,31,82,97,48,127,72,37,106,99" hai1="110,42,56,104,132,41,20,54,23,55,117,28,47" hai2="16,77,103,11,17,70,46,69,57,94,107,96,34" hai3="30,14,50,32,18,124,128,84,131,52,21,135,74"/><V58/><F34/><W81/><G74/><T33/><D33/><U24/><E104/><V40/><F77/><W1/><G1/><T109/><D72/><U13/><E117/><V108/><F108/><W73/><G73/><T129/><D106/><U51/><E132/><V19/><F107/><W134/><G32/><T59/><D109/><U118/><E118/><V95/><F95/><W120/><G120/><T86/><D129/><N who="3" m="49737" /><G30/><T122/><D122/><U83/><E83/><V93/><F93/><W10/><G21/><T111/><D111/><U49/><E110/><V9/><F70/><W71/><G71/><T121/><D121/><U2/><E2/><V3/><F69/><W26/><G26/><N who="0" m="16855" /><D38/><U36/><E36/><V61/><F3/><W88/><G124/><T101/><D37/><U105/><E105/><V85/><F85/><W68/><G68/><T27/><D27/><U63/><E63/><V76/><F76/><W115/><G115/><T125/><D101/><U91/><E91/><V65/><F58/><AGARI ba="0,0" hai="10,14,18,50,52,58,81,84,88,134,135" m="49737" machi="58" ten="30,7700,0" yaku="19,1,52,1,54,2" doraHai="7" who="3" fromWho="2" sc="451,0,289,0,59,-77,201,77" owari="451,55.0,289,9.0,-18,-52.0,278,-12.0" /></mjloggm>