<mjloggm ver="2.3"><GO type="169"/><UN n0="%EF%BC%BC%28%EF%BC%BE%6F%EF%BC%BE%29%EF%BC%8F%E2%98%85" n1="%E5%B7%A3%E4%BD%9C%E3%82%8A%E3%83%89%E3%83%A9%E3%82%B4%E3%83%B3" n2="%EF%BC%88%E2%89%A7%E2%96%BD%E2%89%A6%EF%BC%89" n3="%4A%49%4D" dan="18,16,16,16" rate="2201,2080,2041,2084" sx="M,M,M,M"/><TAIKYOKU oya="0"/><INIT seed="0,0,0,0,5,99" ten="250,250,250,250" oya="0" hai0="39,95,55,19,89,41,115,113,112,25,29,63,79" hai1="120,94,45,76,61,135,78,47,44,85,36,92,31" hai2="6,93,5,110,4,86,88,20,123,131,103,15,97" hai3="65,1,12,14,8,83,10,34,126,0,23,70,46"/><T77/><D39/><U82/><E36/><V66/><F123/><W68/><G46/><T81/><D41/><U111/><E120/><V128/><F66/><W43/><G43/><T102/><D19/><U105/><E105/><V30/><F110/><W108/><G65/><T74/><D79/><U98/><E111/><V51/><F51/><W21/><G83/><T60/><D55/><U17/><E31/><V91/><F30/><W58/><G108/><T75/><D75/><U87/><E135/><V117/><F117/><W28/><G58/><T122/><D122/><U101/><E17/><V38/><F38/><W114/><G114/><T57/><D57/><U3/><E3/><V64/><F64/><W96/><G96/><T72/><D72/><U84/><E82/><V116/><F116/><W80/><G80/><T106/><D106/><U54/><E94/><V9/><F20/><W27/><G126/><T90/><D102/><U121/><E121/><V59/><F59/><AGARI ba="0,0" hai="44,45,47,54,59,61,76,78,84,85,87,92,98,101" machi="59" ten="40,2600,0" yaku="8,1,52,1" doraHai="99" who="1" fromWho="2" sc="250,0,250,26,250,-26,250,0" /><INIT seed="1,0,0,5,1,41" ten="250,276,224,250" oya="1" hai0="114,23,48,34,126,45,123,121,63,93,25,19,11" hai1="118,47,31,61,102,117,133,14,134,4,1,12,2" hai2="128,81,3,32,67,92,40,65,113,59,55,130,74" hai3="127,122,97,120,103,105,53,89,125,131,110,16,35"/><U0/><E102/><V98/><F32/><W83/><G35/><T72/><D114/><U79/><E61/><V76/><F3/><N who="1" m="1097" /><E79/><V5/><F5/><W84/><G53/><T62/><D72/><U10/><E47/><V13/><F13/><N who="1" m="5225" /><E31/><V30/><F30/><W68/><G68/><T49/><D45/><U50/><E50/><N who="2" m="31223" /><F40/><W73/><G73/><T52/><D63/><U106/><E106/><V116/><F113/><W101/><G103/><T64/><D62/><U104/><E104/><V82/><F82/><W132/><G83/><T6/><D49/><U20/><E20/><V66/><F66/><W129/><G101/><T39/><D64/><U28/><E28/><V70/><F65/><W38/><G105/><T22/><D22/><U43/><E43/><V90/><F67/><W107/><G107/><T42/><D42/><U77/><E77/><V27/><F76/><W94/><G38/><T124/><D39/><U86/><E86/><N who="2" m="50511" /><F74/><W60/><G60/><T75/><D75/><U37/><E37/><V29/><F29/><W135/><G84/><T36/><D36/><U108/><E108/><V71/><F71/><W88/><G110/><T26/><D34/><U69/><E69/><V56/><F70/><W21/><G21/><T85/><D23/><U51/><E51/><V109/><F109/><W111/><G111/><T91/><D48/><U44/><E44/><V9/><F56/><W112/><G112/><T17/><D52/><U46/><E46/><V24/><F24/><W7/><G89/><T57/><D91/><U8/><E8/><V18/><F9/><RYUUKYOKU ba="0,0" sc="250,-10,276,30,224,-10,250,-10" hai1="2,4,10,117,118,133,134" /><INIT seed="1,1,0,4,3,82" ten="240,306,214,240" oya="1" hai0="99,115,45,110,108,5,55,2,24,34,117,116,66" hai1="15,118,1,126,61,98,132,93,59,92,37,135,103" hai2="74,88,76,104,94,50,101,16,53,39,129,100,83" hai3="106,102,42,131,70,95,38,57,89,26,120,64,65"/><U127/><E37/><V80/><F39/><W51/><G120/><T4/><D66/><U22/><E1/><V41/><F129/><W63/><G131/><T40/><D55/><U75/><E75/><V3/><F3/><W68/><G106/><T23/><D34/><U87/><E118/><N who="0" m="45673" /><D99/><U20/><E15/><V43/><F80/><W71/><G102/><T47/><D115/><U13/><E13/><V123/><F123/><W25/><G38/><N who="0" m="21655" /><D47/><U54/><E20/><V105/><F105/><W128/><G128/><T125/><D2/><U107/><E22/><V134/><F101/><W56/><G42/><T49/><D49/><U7/><E7/><V121/><F121/><W14/><G14/><T69/><D69/><U78/><E107/><V11/><F100/><W91/><G51/><T58/><D58/><U114/><E114/><V96/><F104/><W119/><G119/><T44/><D44/><U10/><E10/><V52/><F53/><W18/><G70/><T113/><D113/><U90/><REACH who="1" step="1"/><E78/><REACH who="1" ten="240,296,214,240" step="2"/><V84/><F74/><W12/><G12/><T124/><D5/><U31/><E31/><V79/><F79/><W46/><G26/><T72/><D4/><U67/><E67/><V6/><F6/><W27/><G65/><T130/><D72/><U60/><E60/><V112/><F112/><W48/><G68/><T133/><D130/><U77/><E77/><V86/><F11/><W33/><G64/><T17/><D133/><AGARI ba="1,1" hai="54,59,61,87,90,92,93,98,103,126,127,132,133,135" machi="133" ten="40,7700,0" yaku="1,1,20,1,52,1,53,0" doraHai="82" doraHaiUra="111" who="1" fromWho="0" sc="240,-80,296,90,214,0,240,0" /><INIT seed="1,2,0,0,2,53" ten="160,386,214,240" oya="1" hai0="47,131,23,55,103,102,125,15,8,116,94,104,87" hai1="46,90,28,126,84,35,77,124,129,71,61,42,12" hai2="133,86,10,117,39,54,64,98,21,41,74,93,22" hai3="43,75,45,0,26,110,27,83,30,95,58,51,13"/><U97/><E129/><V65/><F74/><W91/><G0/><T44/><D116/><U11/><E97/><V119/><F119/><W123/><G123/><T127/><D131/><U99/><E99/><V31/><F117/><W52/><G110/><T48/><D104/><U36/><E77/><V107/><F107/><W106/><G106/><T16/><D47/><U66/><E28/><V128/><F39/><W5/><G75/><T4/><D87/><U105/><E35/><V118/><F86/><N who="3" m="52727" /><G83/><T9/><D9/><U120/><E120/><V3/><F3/><W108/><G30/><T25/><REACH who="0" step="1"/><D94/><REACH who="0" ten="150,386,214,240" step="2"/><U19/><REACH who="1" step="1"/><E105/><REACH who="1" ten="150,376,214,240" step="2"/><V32/><F128/><W1/><G108/><T81/><D81/><AGARI ba="2,2" hai="11,12,19,36,42,46,61,66,71,81,84,90,124,126" machi="81" ten="40,3900,0" yaku="1,1,2,1,53,0" doraHai="53" doraHaiUra="122" who="1" fromWho="0" sc="150,-45,376,65,214,0,240,0" /><INIT seed="1,3,0,0,2,12" ten="105,441,214,240" oya="1" hai0="111,50,7,89,55,14,119,4,116,86,60,96,0" hai1="93,120,41,106,104,87,26,21,8,58,98,90,28" hai2="1,23,77,32,83,19,17,6,99,91,82,10,70" hai3="75,131,16,3,80,133,18,13,24,15,52,118,36"/><U125/><E120/><V68/><F32/><W29/><G36/><T25/><D0/><U100/><E125/><V102/><F91/><W126/><G3/><T65/><D96/><U31/><E41/><V130/><F130/><W81/><G131/><T110/><D25/><U54/><E8/><V33/><F33/><W112/><G112/><T40/><D40/><U56/><E56/><V132/><F132/><W122/><G122/><T108/><D60/><U76/><E76/><V85/><F82/><N who="3" m="31851" /><G75/><T72/><D65/><U9/><E9/><V134/><F134/><W127/><G118/><N who="0" m="45099" /><D72/><U69/><E69/><V63/><F63/><W88/><G133/><T30/><D30/><U61/><REACH who="1" step="1"/><E106/><REACH who="1" ten="105,431,214,240" step="2"/><V45/><F70/><W73/><G127/><T64/><D111/><U27/><E27/><V62/><F68/><W105/><G105/><T53/><D110/><U22/><E22/><V20/><F23/><N who="3" m="15519" /><G126/><T2/><D108/><U49/><E49/><V117/><F20/><W79/><G79/><T42/><D50/><U71/><E71/><V46/><F77/><W92/><G73/><T115/><D42/><U95/><E95/><V47/><F10/><W113/><G113/><T35/><D115/><U97/><E97/><V38/><F99/><N who="3" m="57735" /><G52/><T109/><D35/><U59/><E59/><V39/><F39/><W66/><G66/><T5/><D64/><U128/><E128/><V124/><F38/><W11/><G11/><N who="0" m="4479" /><D109/><U101/><E101/><V84/><F102/><W135/><G135/><T94/><D2/><U67/><E67/><V103/><F124/><W57/><G57/><RYUUKYOKU ba="3,1" sc="105,10,431,10,214,-30,240,10" hai0="4,5,53,55,86,89,94" hai1="21,26,28,31,54,58,61,87,90,93,98,100,104" hai3="13,15,16,18" /><INIT seed="1,4,1,0,5,42" ten="115,441,184,250" oya="1" hai0="118,59,122,73,24,97,100,12,31,48,65,60,108" hai1="35,69,25,28,10,94,104,128,56,6,23,68,87" hai2="64,30,101,113,89,124,130,115,32,99,114,55,45" hai3="109,120,13,50,58,102,17,112,0,96,21,63,53"/><U88/><E104/><V49/><F130/><W2/><G120/><T92/><D108/><U22/><E128/><V77/><F124/><W4/><G112/><T111/><D111/><U121/><E121/><V90/><F77/><W132/><G132/><T110/><D110/><U91/><E56/><V19/><F64/><W16/><G109/><T44/><D122/><U126/><E126/><V34/><F19/><W103/><G4/><T26/><D118/><U127/><E127/><V107/><REACH who="2" step="1"/><F30/><REACH who="2" ten="115,441,174,250" step="2"/><W46/><G17/><T119/><D119/><U18/><E91/><AGARI ba="4,2" hai="32,34,45,49,55,89,90,91,99,101,107,113,114,115" machi="91" ten="40,8000,1" yaku="1,1,2,1,11,1,52,1,53,1" doraHai="42" doraHaiUra="47" who="2" fromWho="1" sc="115,0,441,-92,174,112,250,0" /><INIT seed="2,0,0,1,0,68" ten="115,349,286,250" oya="2" hai0="98,49,8,40,78,32,113,0,16,112,125,17,127" hai1="43,46,7,81,47,126,15,96,80,104,71,135,88" hai2="34,87,108,74,11,22,79,33,59,86,131,14,97" hai3="39,65,124,23,45,28,115,50,100,53,128,60,70"/><V119/><F119/><W72/><G72/><T92/><D78/><U19/><E71/><V36/><F74/><W105/><G128/><T55/><D40/><U29/><E29/><V73/><F73/><W102/><G105/><T64/><D64/><U63/><E63/><V106/><F131/><W107/><G107/><T61/><D61/><U54/><E7/><V42/><F34/><W109/><G109/><T56/><D32/><U20/><E135/><V52/><F33/><W122/><G122/><T30/><D30/><U89/><E126/><N who="0" m="48137" /><D0/><U133/><E133/><V118/><F79/><W5/><G115/><N who="0" m="44107" /><D8/><U58/><E104/><V67/><F67/><W84/><G124/><T94/><D94/><N who="1" m="56391" /><E89/><AGARI ba="0,0" hai="16,17,49,55,56,89,92,98" m="44107,48137" machi="89" ten="30,2000,0" yaku="18,1,54,1" doraHai="68" who="0" fromWho="1" sc="115,20,349,-20,286,0,250,0" /><INIT seed="3,0,0,5,3,126" ten="135,329,286,250" oya="3" hai0="108,16,7,6,39,83,47,104,120,2,61,103,78" hai1="113,77,22,67,37,99,55,64,105,23,40,115,71" hai2="109,110,3,125,10,128,50,76,98,60,32,52,42" hai3="86,106,94,132,43,49,92,1,45,31,21,58,12"/><W56/><G1/><T36/><D120/><U70/><E77/><V81/><F32/><W82/><G106/><T59/><D108/><N who="2" m="41578" /><F125/><W85/><G132/><T27/><D103/><U84/><E84/><N who="3" m="32362" /><G82/><T35/><D104/><U44/><E99/><V46/><F98/><W48/><G48/><T20/><D35/><U119/><E22/><V87/><F60/><W9/><G21/><T17/><D17/><U79/><E23/><V62/><F62/><W28/><G58/><T69/><D69/><N who="1" m="26123" /><E79/><V123/><F123/><W90/><G56/><T100/><D100/><U8/><E8/><V26/><F26/><W66/><G66/><N who="1" m="25130" /><E105/><V88/><F76/><W96/><G94/><T41/><D39/><N who="1" m="21535" /><E119/><V38/><F3/><W133/><G133/><T101/><D2/><U117/><E117/><V0/><F0/><W18/><AGARI ba="0,0" hai="9,12,18,28,31,43,45,49,90,92,96" m="32362" machi="18" ten="30,1500,0" yaku="8,1" doraHai="126" who="3" fromWho="3" sc="135,-5,329,-5,286,-5,250,15" /><INIT seed="3,1,0,0,1,64" ten="130,324,281,265" oya="3" hai0="45,107,89,117,101,43,130,77,62,69,78,99,96" hai1="8,127,115,70,93,6,54,29,87,0,71,74,121" hai2="23,42,131,4,28,18,76,102,108,22,49,86,97" hai3="61,33,114,2,39,123,1,7,13,125,11,66,36"/><W41/><G114/><T94/><D117/><U104/><E104/><V35/><F35/><W56/><G123/><T16/><D130/><U5/><E74/><V80/><F131/><W34/><G125/><T3/><D3/><U100/><E121/><V98/><F108/><W92/><G2/><T126/><D126/><U79/><E127/><V91/><F4/><W15/><G34/><T95/><D107/><U82/><E29/><V109/><F109/><W24/><G92/><T40/><D40/><U26/><E26/><N who="2" m="16479" /><F102/><W20/><G41/><T90/><D101/><U25/><E25/><N who="2" m="14551" /><F76/><W105/><G105/><T47/><D16/><U119/><E6/><V75/><F75/><W73/><G73/><T116/><D116/><U52/><E119/><V53/><F42/><W30/><G15/><T72/><D72/><U132/><E132/><V106/><F106/><W50/><REACH who="3" step="1"/><G50/><REACH who="3" ten="130,324,281,255" step="2"/><T124/><D124/><U133/><E115/><V44/><AGARI ba="1,1" hai="44,49,53,80,86,91,97,98" m="14551,16479" machi="44" ten="30,1100,0" yaku="8,1" doraHai="64" who="2" fromWho="2" sc="130,-4,324,-4,281,24,255,-6" /><INIT seed="4,0,0,1,0,68" ten="126,320,305,249" oya="0" hai0="50,58,24,86,51,100,105,67,25,71,4,11,35" hai1="43,126,104,37,131,107,23,65,73,117,62,33,69" hai2="56,42,97,77,53,118,8,16,64,20,75,60,90" hai3="12,115,18,22,15,91,114,110,96,26,28,81,48"/><T94/><D105/><N who="1" m="40523" /><E23/><V109/><F109/><W127/><G110/><T82/><D71/><U34/><E117/><V31/><F118/><W89/><G48/><N who="0" m="18475" /><D35/><N who="1" m="13323" /><E131/><V47/><F75/><W80/><G127/><T102/><D11/><U7/><E7/><V95/><F77/><W79/><G81/><T45/><D45/><N who="1" m="23791" /><E126/><V30/><F8/><W72/><G15/><T52/><D67/><U132/><E132/><V2/><F64/><W59/><G59/><T27/><D4/><U36/><E36/><N who="2" m="21959" /><F2/><W103/><G91/><N who="0" m="51671" /><D94/><U0/><E0/><V6/><F6/><W46/><G103/><T21/><D21/><U111/><E111/><V13/><F13/><W130/><G130/><T10/><D10/><U84/><E84/><V29/><F29/><W92/><REACH who="3" step="1"/><G46/><REACH who="3" ten="126,320,305,239" step="2"/><T106/><D106/><U85/><E69/><V19/><F56/><W116/><G116/><T38/><D38/><U5/><E62/><AGARI ba="0,1" hai="24,25,27,52,58,62,100,102" m="51671,18475" machi="62" ten="30,2900,0" yaku="8,1,54,1" doraHai="68" who="0" fromWho="1" sc="126,39,320,-29,305,0,239,0" /><INIT seed="4,1,0,1,3,59" ten="165,291,305,239" oya="0" hai0="104,24,57,110,63,115,16,75,26,39,99,116,40" hai1="76,125,97,37,11,77,34,131,129,45,5,31,108" hai2="111,13,81,35,92,54,89,50,86,23,87,9,128" hai3="7,83,32,48,69,82,51,103,53,44,47,4,22"/><T42/><D116/><U0/><E108/><V43/><F35/><W130/><G32/><T94/><D104/><U127/><E97/><V14/><F111/><W1/><G1/><T112/><D75/><U74/><E77/><V60/><F128/><N who="1" m="49225" /><E45/><N who="2" m="25919" /><F23/><W114/><G130/><T135/><D110/><U126/><E37/><V78/><F9/><W8/><G114/><N who="0" m="43563" /><D135/><U28/><E34/><V18/><F18/><W38/><G38/><T21/><D26/><U102/><E102/><V91/><F91/><W62/><G103/><N who="0" m="60919" /><D39/><U61/><E61/><V65/><F65/><AGARI ba="1,0" hai="16,21,24,40,42,57,63,65" m="60919,43563" machi="65" ten="30,5800,0" yaku="15,1,52,1,54,1" doraHai="59" who="0" fromWho="2" sc="165,61,291,0,305,-61,239,0" /><INIT seed="4,2,0,3,5,72" ten="226,291,244,239" oya="0" hai0="65,77,70,111,78,13,133,121,59,4,103,3,110" hai1="132,32,115,75,108,71,127,5,126,134,102,26,74" hai2="68,29,130,53,79,118,36,42,123,19,58,114,88" hai3="10,57,122,46,37,44,129,124,55,109,33,1,125"/><T83/><D121/><U90/><E5/><V60/><F123/><W73/><G122/><T16/><D70/><U106/><E26/><V20/><F68/><W112/><G109/><N who="0" m="41483" /><D103/><U34/><E108/><V31/><F118/><W49/><G33/><N who="1" m="12906" /><E71/><V92/><F130/><W23/><G129/><T82/><D4/><U105/><E90/><V25/><F114/><W45/><G112/><T67/><D3/><U89/><E89/><V95/><F95/><W41/><G23/><N who="0" m="11663" /><D133/><N who="1" m="51307" /><E115/><V30/><F30/><W51/><G1/><T116/><D116/><U91/><E91/><V87/><F36/><W69/><G69/><T15/><D15/><U86/><E86/><N who="2" m="52247" /><F42/><N who="3" m="22607" /><G73/><N who="1" m="27658" /><E102/><V12/><F12/><W81/><G10/><T63/><D67/><U113/><E113/><V99/><F99/><W80/><G80/><AGARI ba="2,0" hai="59,63,65,77,78,80,82,83" m="11663,41483" machi="80" ten="30,11600,0" yaku="10,1,52,2,54,1" doraHai="72" who="0" fromWho="3" sc="226,122,291,0,244,0,239,-122" /><AGARI ba="2,0" hai="19,20,25,29,31,53,58,60,79,80,87" m="52247" machi="80" ten="30,3900,0" yaku="8,1,52,1,54,1" doraHai="72" who="2" fromWho="3" sc="348,0,291,0,244,39,117,-39" /><INIT seed="4,3,0,2,4,27" ten="348,291,283,78" oya="0" hai0="128,86,45,43,120,91,40,107,19,35,96,110,22" hai1="4,9,115,116,58,41,56,67,46,98,30,104,87" hai2="119,85,0,59,2,52,72,77,95,51,61,38,15" hai3="88,16,18,6,122,124,74,65,36,48,80,73,93"/><T33/><D120/><U131/><E116/><V25/><F38/><W26/><G36/><T60/><D128/><U97/><E131/><V57/><F119/><W102/><G122/><T109/><D60/><U28/><E104/><V127/><F127/><W101/><G124/><T76/><D76/><U68/><E68/><V114/><F114/><W23/><G65/><T112/><D112/><U63/><E58/><V5/><F72/><W70/><G70/><T125/><D125/><U10/><E87/><V39/><F39/><W118/><G118/><T84/><D96/><N who="1" m="36971" /><E115/><V121/><F121/><W21/><G6/><T31/><D107/><U8/><E4/><V11/><F25/><N who="3" m="14503" /><G74/><T75/><D75/><U133/><E133/><V132/><F132/><W90/><G73/><T3/><D3/><U83/><E83/><V130/><F130/><W29/><G18/><T66/><D33/><U13/><E13/><V94/><F2/><W134/><G134/><T44/><D35/><U103/><E103/><N who="3" m="39434" /><G80/><T105/><D105/><U117/><E117/><V78/><F0/><W42/><G93/><T14/><D110/><U7/><E7/><V17/><F5/><W54/><G42/><T81/><D109/><U126/><E126/><V55/><REACH who="2" step="1"/><F95/><REACH who="2" ten="348,291,273,78" step="2"/><W135/><G135/><T32/><D81/><U49/><AGARI ba="3,1" hai="8,9,10,28,30,41,46,49,56,63,67" m="36971" machi="49" ten="30,4000,0" yaku="8,1,52,2" doraHai="27" who="1" fromWho="1" sc="348,-23,291,59,273,-13,78,-13" /><INIT seed="5,0,0,0,3,80" ten="325,350,260,65" oya="1" hai0="112,115,127,79,5,61,69,92,12,20,46,131,25" hai1="11,35,42,7,124,26,39,23,49,71,2,108,85" hai2="118,120,93,18,48,110,44,17,114,62,56,84,97" hai3="38,24,14,133,21,104,73,130,95,1,27,83,89"/><U107/><E107/><V19/><F120/><W123/><G123/><T60/><D131/><U32/><E71/><V135/><F135/><W82/><G1/><T51/><D79/><U9/><E49/><V94/><F110/><W96/><G38/><T33/><D33/><N who="1" m="12875" /><E42/><N who="2" m="24599" /><F118/><W100/><G130/><T34/><D69/><U31/><E39/><V111/><F111/><W45/><G133/><T113/><D34/><N who="1" m="20855" /><E108/><V126/><F126/><W101/><G45/><T88/><D127/><U8/><E85/><V128/><F128/><W102/><G104/><T15/><D61/><U29/><E124/><V64/><F114/><W13/><G73/><T119/><D60/><U122/><E122/><V90/><F94/><W52/><G27/><AGARI ba="0,0" hai="2,7,8,9,11,23,27,29" m="20855,12875" machi="27" ten="30,12000,1" yaku="35,5" doraHai="80" who="1" fromWho="3" sc="325,0,350,120,260,0,65,-120" owari="325,13.0,470,57.0,260,-14.0,-55,-56.0" /></mjloggm>