<mjloggm ver="2.3"><GO type="97"/><UN n0="%E3%81%84%E3%81%99%E3%81%BE" n1="%EF%BC%88%E2%89%A7%E2%96%BD%E2%89%A6%EF%BC%89" n2="%E4%BF%BA%E3%81%A0%E3%81%91%E3%81%AE%E7%89%8C%E5%A7%BF" n3="%31%39%30%32%32%33%38%39" dan="14,15,13,13" rate="1888,2010,1878,2123" sx="M,F,M,M"/><TAIKYOKU oya="0"/><INIT seed="0,0,0,2,4,37" ten="250,250,250,250" oya="0" hai0="14,95,56,86,90,33,10,49,96,70,60,88,22" hai1="73,23,17,113,116,42,123,135,16,55,7,78,69" hai2="44,72,30,85,126,28,54,8,77,125,4,21,105" hai3="48,9,76,133,124,99,3,81,11,32,106,13,51"/><T71/><D33/><U15/><E116/><V121/><F105/><W101/><G32/><T39/><D39/><U66/><E123/><V52/><F121/><W84/><G124/><T35/><D35/><U24/><E113/><V117/><F117/><W53/><G133/><T29/><D49/><U97/><E135/><V91/><F72/><W134/><G134/><T38/><D38/><U2/><E97/><V67/><F67/><W120/><G120/><T89/><D70/><U82/><E55/><V25/><F30/><W34/><G34/><T109/><D71/><U68/><E66/><V27/><F27/><W59/><G3/><T103/><D109/><U46/><E2/><V94/><F77/><W107/><G107/><T20/><D86/><U65/><E7/><V1/><REACH who="2" step="1"/><F44/><REACH who="2" ten="250,250,240,250" step="2"/><W61/><REACH who="3" step="1"/><G11/><REACH who="3" ten="250,250,240,240" step="2"/><T50/><D29/><U41/><E69/><V108/><F108/><W57/><G57/><T127/><D127/><AGARI ba="0,2" hai="1,4,8,21,25,28,52,54,85,91,94,125,126,127" machi="127" ten="40,5200,0" yaku="1,1,18,1,54,1,53,0" doraHai="37" doraHaiUra="114" who="2" fromWho="0" sc="250,-52,250,0,240,72,240,0" /><INIT seed="1,0,0,3,5,26" ten="198,250,312,240" oya="1" hai0="102,42,94,135,36,130,90,63,101,96,118,56,51" hai1="13,53,9,111,70,119,23,59,124,50,16,134,95" hai2="107,128,35,49,126,31,21,108,44,72,58,110,76" hai3="20,73,106,3,2,112,97,121,15,93,120,68,11"/><U30/><E119/><V0/><F107/><W39/><G106/><T103/><D118/><U57/><E70/><V43/><F0/><W132/><G68/><T125/><D36/><U61/><E134/><V54/><F35/><W64/><G112/><T91/><D135/><U87/><E124/><V38/><F76/><W74/><G132/><T28/><D125/><U22/><E111/><V99/><F99/><W122/><G39/><T89/><D130/><U47/><E30/><V88/><F72/><W34/><G64/><T127/><D127/><U14/><E14/><V114/><F88/><W25/><G34/><T109/><D109/><N who="2" m="42090" /><F126/><W115/><G115/><T37/><D37/><U40/><REACH who="1" step="1"/><E59/><REACH who="1" ten="198,240,312,240" step="2"/><N who="2" m="33231" /><F114/><W79/><G3/><T86/><D51/><U19/><E19/><V55/><F128/><W83/><G2/><T116/><D42/><U10/><E10/><V6/><F6/><W67/><G74/><T69/><D69/><U46/><E46/><V113/><F113/><W8/><G15/><T98/><D116/><U71/><E71/><V62/><F21/><W60/><G20/><T45/><D45/><U80/><E80/><V75/><F75/><W105/><G121/><T129/><D129/><U77/><E77/><V29/><AGARI ba="0,1" hai="29,31,38,43,44,55,58,62" m="33231,42090" machi="29" ten="30,4000,0" yaku="14,1,52,2" doraHai="26" who="2" fromWho="2" sc="198,-10,240,-20,312,50,240,-10" /><INIT seed="2,0,0,2,2,94" ten="188,220,362,230" oya="2" hai0="77,123,45,50,134,120,64,78,82,121,47,32,60" hai1="102,122,23,51,74,39,96,93,86,35,28,133,36" hai2="31,129,59,118,119,135,3,80,29,66,18,11,124" hai3="48,87,52,91,69,57,10,9,20,100,25,63,37"/><V127/><F80/><W106/><G37/><T115/><D32/><U19/><E122/><V49/><F66/><W71/><G100/><T17/><D47/><U81/><E133/><V12/><F59/><W95/><G106/><T76/><D134/><U34/><E74/><V107/><F49/><W46/><G71/><T97/><D17/><U68/><E68/><V14/><F107/><W105/><G69/><T38/><D38/><U109/><E109/><V128/><F3/><W116/><G105/><T98/><D115/><U104/><E104/><V131/><F135/><W117/><G116/><N who="2" m="44585" /><F14/><W67/><REACH who="3" step="1"/><G117/><REACH who="3" ten="188,220,362,220" step="2"/><T70/><REACH who="0" step="1"/><D82/><REACH who="0" ten="178,220,362,220" step="2"/><U53/><E39/><V84/><F84/><W43/><G43/><AGARI ba="0,2" hai="43,45,50,60,64,70,76,77,78,97,98,120,121,123" machi="43" ten="50,8000,1" yaku="1,1,2,1,52,2,53,0" doraHai="94" doraHaiUra="26" who="0" fromWho="3" sc="178,100,220,0,362,0,220,-80" /><INIT seed="3,0,0,5,3,65" ten="278,220,362,140" oya="3" hai0="9,25,107,109,135,20,110,64,36,111,3,113,77" hai1="48,70,1,72,33,0,29,43,78,92,62,105,60" hai2="57,134,71,53,76,94,75,46,12,16,91,120,32" hai3="106,35,50,104,22,67,40,88,23,86,108,122,56"/><W112/><G122/><T99/><D36/><U59/><E59/><V17/><F71/><W85/><G35/><T58/><D77/><U31/><E92/><V4/><F32/><W125/><G112/><T123/><D107/><U63/><E105/><V129/><F134/><W126/><G108/><T27/><D64/><N who="1" m="41223" /><E63/><V19/><F129/><W10/><G86/><T21/><D99/><U128/><E48/><N who="2" m="28823" /><F75/><W84/><G84/><T87/><D58/><U114/><E31/><V55/><F76/><W89/><G89/><T49/><D49/><U61/><E61/><N who="2" m="36031" /><F4/><W5/><G106/><T15/><D87/><U103/><E103/><V44/><F44/><N who="3" m="25863" /><G104/><T131/><D131/><U39/><E29/><V133/><F133/><W66/><G56/><T80/><D80/><U41/><E43/><V117/><F117/><W30/><G67/><T100/><D100/><U118/><E62/><V96/><F120/><W52/><G66/><T45/><D45/><N who="1" m="23743" /><E118/><V102/><F91/><W95/><G52/><T97/><D97/><U73/><E128/><V82/><F82/><W18/><G30/><T28/><D135/><U83/><E114/><V74/><F74/><W101/><G101/><T26/><D113/><U8/><E73/><V51/><F51/><W54/><G54/><T81/><D81/><U90/><E90/><V42/><F42/><W116/><G116/><T38/><D38/><U13/><E33/><V127/><F127/><N who="3" m="48651" /><G18/><N who="0" m="10335" /><D123/><U6/><E72/><V121/><F121/><W124/><N who="3" m="48659" /><W132/><DORA hai="34" /><G132/><T47/><D47/><U130/><E130/><V2/><F2/><AGARI ba="0,0" hai="2,5,10,22,23,85,88,95" m="48659,25863" machi="2" ten="40,12000,1" yaku="6,1,18,1,52,1,54,1" doraHai="65,34" who="3" fromWho="2" sc="278,0,220,0,362,-120,140,120" /><INIT seed="3,1,0,4,3,104" ten="278,220,242,260" oya="3" hai0="9,135,42,102,85,75,77,31,49,76,36,98,84" hai1="45,119,99,12,21,73,60,24,92,30,126,47,118" hai2="101,61,48,67,90,110,6,117,124,17,50,4,27" hai3="13,53,114,111,3,14,132,95,71,97,93,51,83"/><W33/><G114/><T18/><D36/><U113/><E113/><V23/><F110/><W20/><G33/><T80/><D77/><U11/><E126/><V8/><F124/><W123/><G123/><T54/><D42/><U46/><E60/><V105/><F117/><W72/><G3/><T62/><D62/><U2/><E2/><V15/><F105/><W88/><G71/><T116/><D31/><U44/><N who="1" m="11264" /><DORA hai="39" /><U130/><E130/><V125/><F101/><W57/><G111/><T74/><D135/><U35/><E35/><V25/><F125/><W55/><G132/><T28/><D54/><U41/><E41/><V112/><F112/><W32/><G32/><T91/><D49/><U37/><E37/><V127/><F127/><W78/><G55/><T58/><D58/><U7/><REACH who="1" step="1"/><E73/><REACH who="1" ten="278,210,242,260" step="2"/><V107/><F61/><W56/><G56/><T120/><D120/><U40/><E40/><V79/><F67/><W108/><G108/><T43/><D43/><U66/><E66/><V131/><F131/><W68/><G68/><T59/><D75/><U115/><E115/><V109/><F50/><W10/><G10/><T26/><D74/><U5/><E5/><V34/><F48/><W100/><G20/><T19/><D59/><U87/><E87/><AGARI ba="1,1" hai="13,14,51,53,57,72,78,83,87,88,93,95,97,100" machi="87" ten="30,5800,0" yaku="7,1,52,1,54,1" doraHai="104,39" who="3" fromWho="1" sc="278,0,210,-61,242,0,260,71" owari="278,8.0,149,-35.0,242,-16.0,331,43.0" /></mjloggm>