<mjloggm ver="2.3"><GO type="41"/><UN n0="%E3%81%AB%E3%82%83%E3%82%93%E3%81%88%E3%82%82%E3%82%93" n1="%E3%82%A6%E3%83%AB%E3%83%88%E3%83%A9%E7%AB%8B%E7%9B%B4" n2="%4E%6F%4E%61%6D%65%E3%81%8B%E3%81%84" n3="%E3%83%8A%E3%83%90" dan="14,15,13,14" rate="1953,2006,1823,1938" sx="M,M,M,M"/><TAIKYOKU oya="0"/><INIT seed="0,0,0,3,0,7" ten="250,250,250,250" oya="0" hai0="110,48,0,46,90,5,58,97,54,18,10,126,66" hai1="61,105,4,55,88,114,93,92,107,30,84,74,125" hai2="72,112,9,36,96,16,6,128,59,27,83,116,31" hai3="24,8,101,129,81,42,73,87,38,49,22,135,50"/><T120/><D120/><U33/><E74/><V19/><F112/><W62/><G135/><T103/><D126/><U91/><E114/><V43/><F128/><W35/><G129/><T63/><D110/><U76/><E76/><V37/><F96/><W85/><G35/><T127/><D127/><U75/><E75/><V2/><F36/><W132/><G132/><T41/><D90/><U77/><E77/><N who="2" m="44455" /><F59/><W60/><G73/><T67/><REACH who="0" step="1"/><D18/><REACH who="0" ten="240,250,250,250" step="2"/><U86/><E125/><V3/><F116/><W80/><G101/><T109/><D109/><U15/><E91/><V17/><F17/><W117/><G117/><T26/><D26/><U123/><E88/><V13/><F19/><W94/><G24/><T65/><D65/><U95/><E123/><V119/><F119/><W57/><G94/><AGARI ba="0,1" hai="0,5,10,41,46,48,54,58,63,66,67,94,97,103" machi="94" ten="30,11600,0" yaku="1,1,7,1,52,1,53,1" doraHai="7" doraHaiUra="99" who="0" fromWho="3" sc="240,126,250,0,250,0,250,-116" /><INIT seed="0,1,0,1,0,115" ten="366,250,250,134" oya="0" hai0="23,107,69,48,106,104,6,47,70,101,134,3,27" hai1="11,10,20,37,55,95,75,89,113,40,2,25,35" hai2="43,0,39,65,51,58,1,53,46,124,91,16,80" hai3="59,56,31,64,36,30,87,85,21,119,90,109,19"/><T129/><D101/><U126/><E113/><V57/><F124/><W18/><G109/><T42/><D6/><U128/><E75/><V7/><F7/><W44/><G36/><T114/><D114/><U34/><E40/><V102/><F102/><W117/><G44/><T88/><D3/><U74/><E37/><V123/><F123/><W71/><G71/><T14/><D129/><U49/><E74/><V131/><F131/><W72/><G72/><T105/><D134/><U38/><E38/><V28/><F28/><W63/><G90/><T54/><N who="0" m="27136" /><DORA hai="26" /><T73/><D73/><U81/><E81/><V96/><F96/><W98/><G98/><T116/><D116/><U79/><E79/><V100/><F100/><W92/><G92/><T52/><D54/><U84/><E126/><V103/><F103/><W9/><G9/><T61/><D14/><U130/><E130/><V15/><F91/><W24/><G63/><T77/><D77/><U86/><E128/><V45/><F80/><W110/><G24/><T8/><D8/><U4/><E86/><V66/><F0/><W108/><REACH who="3" step="1"/><G21/><REACH who="3" ten="366,250,250,124" step="2"/><T118/><D88/><U68/><E11/><V41/><F1/><W127/><G127/><T12/><D12/><U5/><E68/><V133/><F39/><W82/><G82/><T94/><D94/><U121/><E10/><V22/><F133/><W76/><G76/><T17/><REACH who="0" step="1"/><D118/><REACH who="0" ten="356,250,250,124" step="2"/><U93/><E93/><V67/><REACH who="2" step="1"/><F53/><REACH who="2" ten="356,250,240,124" step="2"/><W120/><G120/><T62/><D62/><U111/><E121/><V99/><F99/><W32/><G32/><N who="1" m="12330" /><E55/><V78/><F78/><RYUUKYOKU ba="1,3" sc="356,10,250,-30,240,10,124,10" hai0="17,23,27,42,47,48,52,61,69,70" hai2="15,16,22,41,43,45,46,51,57,58,65,66,67" hai3="18,19,30,31,56,59,64,85,87,108,110,117,119" /><INIT seed="0,2,3,5,1,97" ten="366,220,250,134" oya="0" hai0="124,14,81,133,57,79,113,2,3,25,51,47,27" hai1="76,93,92,9,75,59,52,105,68,21,33,99,53" hai2="8,123,89,34,110,119,128,102,72,83,17,48,91" hai3="74,88,115,12,39,101,69,107,127,66,70,23,0"/><T29/><D113/><U45/><E68/><V109/><F34/><W44/><G115/><T100/><D133/><U122/><E33/><V84/><F123/><W98/><G127/><T13/><D57/><U35/><E35/><V103/><F128/><W5/><G0/><T77/><D124/><U62/><E122/><V94/><F48/><W18/><G74/><T30/><D100/><N who="2" m="38442" /><F8/><W43/><G5/><T104/><D104/><U87/><E75/><V108/><F17/><W118/><G118/><T120/><D81/><N who="1" m="47527" /><E99/><N who="2" m="57807" /><F72/><W82/><REACH who="3" step="1"/><G66/><REACH who="3" ten="366,220,250,124" step="2"/><T54/><D120/><U132/><E132/><V112/><F119/><W22/><G22/><T50/><D54/><U28/><E9/><V106/><F112/><W10/><G10/><T116/><REACH who="0" step="1"/><D116/><REACH who="0" ten="356,220,250,124" step="2"/><U16/><E53/><V41/><F106/><W24/><G24/><T63/><D63/><U19/><E105/><V85/><F41/><W4/><G4/><T86/><D86/><AGARI ba="2,5" hai="12,18,23,39,43,44,69,70,82,86,88,98,101,107" machi="86" ten="40,8000,1" yaku="1,1,52,1,54,1,53,1" doraHai="97" doraHaiUra="42" who="3" fromWho="0" sc="356,-86,220,0,250,0,124,136" /><INIT seed="1,0,0,2,1,36" ten="270,220,250,260" oya="1" hai0="61,50,9,131,71,54,110,135,19,126,17,125,119" hai1="93,91,33,14,64,115,81,47,92,111,109,52,118" hai2="94,57,107,25,133,12,113,67,41,1,132,75,89" hai3="31,8,100,129,62,134,90,48,65,11,114,15,102"/><U121/><E33/><V122/><F122/><W53/><G114/><T43/><D119/><U108/><E121/><V2/><F75/><W16/><G134/><N who="2" m="51817" /><F107/><W34/><G129/><T20/><D135/><U74/><E115/><V116/><F116/><W32/><G11/><T37/><D131/><U56/><E118/><V85/><F25/><W60/><G60/><T5/><D110/><U23/><E64/><V77/><F12/><W51/><G51/><T72/><D72/><U44/><E74/><V76/><F113/><W59/><G90/><T123/><D123/><U106/><E106/><V73/><F73/><W117/><G117/><T39/><D61/><N who="1" m="35975" /><E81/><V97/><F67/><W13/><G13/><T35/><D35/><U58/><E58/><V7/><F57/><W46/><REACH who="3" step="1"/><G31/><REACH who="3" ten="270,220,250,250" step="2"/><T96/><D9/><U83/><E83/><N who="2" m="49343" /><F2/><W24/><G24/><T27/><D27/><U42/><E91/><V66/><F1/><W130/><G130/><T103/><D103/><AGARI ba="0,1" hai="8,15,16,32,34,46,48,53,59,62,65,100,102,103" machi="103" ten="40,5200,0" yaku="1,1,54,1,53,1" doraHai="36" doraHaiUra="6" who="3" fromWho="0" sc="270,-52,220,0,250,0,250,62" /><INIT seed="2,0,0,1,5,97" ten="218,220,250,312" oya="2" hai0="12,91,56,50,71,130,77,5,132,11,18,70,65" hai1="27,88,89,42,128,57,8,84,133,25,81,108,66" hai2="90,80,107,87,83,40,3,41,49,82,111,116,127" hai3="73,101,109,6,29,62,113,59,103,48,23,122,37"/><V112/><F116/><W17/><G122/><T61/><D130/><U76/><E128/><V45/><F112/><W110/><G73/><T14/><D132/><U134/><E108/><N who="3" m="41578" /><G113/><T22/><D77/><U64/><E42/><V79/><F111/><W44/><G37/><T124/><D124/><U106/><E106/><V119/><F119/><W93/><G29/><T15/><D14/><U52/><E8/><V21/><F3/><W19/><G6/><T121/><D121/><U51/><E134/><V68/><F68/><W118/><G93/><T39/><D39/><U47/><E133/><V26/><F107/><W104/><G104/><T117/><D117/><U2/><E2/><V30/><F127/><W1/><G1/><T86/><REACH who="0" step="1"/><D50/><REACH who="0" ten="208,220,250,312" step="2"/><U75/><E75/><V33/><F79/><W20/><G118/><T95/><AGARI ba="0,1" hai="5,11,12,15,18,22,56,61,65,70,71,86,91,95" machi="95" ten="20,5200,0" yaku="1,1,2,1,0,1,7,1,53,0" doraHai="97" doraHaiUra="38" who="0" fromWho="0" sc="208,62,220,-13,250,-26,312,-13" /><INIT seed="3,0,0,3,5,77" ten="270,207,224,299" oya="3" hai0="28,84,17,50,120,9,33,100,21,34,80,1,29" hai1="70,26,25,109,56,14,68,110,99,8,133,44,13" hai2="63,97,82,35,71,106,65,53,62,123,37,4,2" hai3="131,11,78,46,7,51,60,117,5,24,87,55,47"/><W101/><G117/><T57/><D120/><U111/><E56/><V116/><F116/><W94/><G131/><T61/><D100/><U10/><E44/><V98/><F37/><W64/><G24/><N who="1" m="9322" /><E99/><V83/><F123/><W6/><G46/><T79/><D34/><U3/><E3/><V40/><F35/><W105/><G105/><T130/><D33/><U103/><E103/><V132/><F40/><W30/><G30/><T129/><D9/><N who="1" m="3691" /><E133/><V90/><F132/><W95/><G101/><T36/><D1/><U126/><E126/><V115/><F115/><W18/><G18/><T125/><D50/><U49/><E49/><V92/><F106/><W102/><G102/><T31/><D125/><U93/><E93/><V122/><F122/><W32/><G32/><T112/><D36/><U118/><E118/><V104/><F104/><W41/><G41/><T23/><D112/><U69/><AGARI ba="0,0" hai="13,14,68,69,70,109,110,111" m="3691,9322" machi="69" ten="50,6400,0" yaku="28,2,14,1" doraHai="77" who="1" fromWho="1" sc="270,-16,207,64,224,-16,299,-32" /><INIT seed="4,0,0,5,2,126" ten="254,271,208,267" oya="0" hai0="53,96,90,9,15,131,120,83,111,16,37,86,128" hai1="33,94,32,130,105,99,75,54,65,42,91,56,45" hai2="77,51,123,47,104,122,100,101,48,78,36,108,121" hai3="74,41,109,127,61,92,118,11,97,119,1,69,3"/><T52/><D37/><U106/><E75/><V134/><F36/><W34/><G127/><T66/><D120/><U62/><E33/><V27/><F104/><W63/><G74/><T31/><D111/><U84/><E32/><V22/><F108/><W30/><G109/><T117/><D117/><U102/><E65/><V68/><F68/><W58/><G69/><T73/><D66/><U114/><E114/><V107/><F107/><W7/><G1/><T17/><D31/><U103/><E103/><V0/><F0/><W23/><G34/><T43/><D43/><U5/><E5/><V98/><F98/><W35/><G35/><T13/><D73/><U85/><E85/><V59/><F59/><W4/><G4/><T93/><D15/><U44/><E44/><V12/><F12/><W129/><G41/><T26/><D26/><U28/><E28/><V20/><F134/><W124/><G124/><T79/><REACH who="0" step="1"/><D17/><REACH who="0" ten="244,271,208,267" step="2"/><U133/><E133/><V115/><F27/><W89/><G118/><T38/><D38/><U21/><E42/><V57/><F123/><W64/><G119/><T49/><D49/><U125/><E125/><V8/><F115/><W135/><G135/><T88/><D88/><U2/><E91/><V46/><REACH who="2" step="1"/><F57/><REACH who="2" ten="244,271,198,267" step="2"/><W81/><G58/><T39/><D39/><U80/><E56/><V113/><F113/><W116/><G116/><T132/><D132/><U29/><E2/><V72/><F72/><W71/><G3/><T95/><D95/><U18/><E94/><V82/><F82/><W14/><G81/><T19/><D19/><U76/><E80/><RYUUKYOKU ba="0,2" sc="244,15,271,-15,198,15,267,-15" hai0="9,13,16,52,53,79,83,86,90,93,96,128,131" hai2="8,20,22,46,47,48,51,77,78,100,101,121,122" /><INIT seed="4,1,2,4,2,100" ten="259,256,213,252" oya="0" hai0="34,31,23,1,108,111,33,82,104,25,124,63,117" hai1="91,62,64,79,131,118,112,8,99,87,30,6,114" hai2="93,97,67,11,70,106,22,39,59,113,73,72,5" hai3="21,86,58,128,85,26,54,53,51,44,12,16,78"/><T13/><BYE who="2" /><D117/><U120/><E120/><V50/><F50/><W109/><G128/><UN n2="%4E%6F%4E%61%6D%65%E3%81%8B%E3%81%84" /><T27/><D124/><U40/><E118/><V69/><F39/><W57/><G109/><N who="0" m="42059" /><D82/><U116/><E116/><V127/><F127/><W135/><G135/><T126/><D126/><U7/><E40/><V129/><F22/><W56/><G78/><T76/><D76/><U81/><E131/><V49/><F129/><W24/><REACH who="3" step="1"/><G53/><REACH who="3" ten="259,256,213,242" step="2"/><T3/><D63/><U125/><E125/><V80/><F113/><W10/><G10/><T74/><D74/><U61/><E61/><V14/><F72/><W32/><G32/><N who="0" m="12395" /><D104/><U19/><E62/><V102/><F73/><W4/><G4/><T20/><D13/><U35/><E112/><V121/><F121/><W92/><G92/><T75/><D75/><U71/><E114/><V0/><F93/><W96/><G96/><T38/><D38/><U47/><E99/><V83/><F80/><W42/><G42/><T88/><D88/><U28/><E79/><V95/><F95/><W18/><G18/><AGARI ba="1,3" hai="1,3,18,20,23,25,27,31" m="12395,42059" machi="18" ten="30,5800,0" yaku="10,1,34,2" doraHai="100" who="0" fromWho="3" sc="259,91,256,0,213,0,242,-61" /><INIT seed="4,2,0,4,3,48" ten="350,256,213,181" oya="0" hai0="59,76,73,46,58,7,125,87,113,109,70,100,111" hai1="61,29,38,32,3,130,71,30,68,31,19,4,96" hai2="9,101,78,105,8,17,50,65,121,12,24,27,86" hai3="77,122,104,92,35,57,44,25,47,54,49,11,34"/><T117/><D70/><U41/><E32/><V120/><F65/><W6/><G104/><T119/><D73/><U14/><E130/><V89/><F78/><W82/><G122/><T112/><D100/><U134/><E134/><V135/><F135/><W43/><G92/><T26/><D7/><U22/><E41/><V110/><F110/><N who="0" m="41994" /><D26/><U114/><E38/><V18/><F121/><W116/><G116/><N who="0" m="44619" /><D76/><U98/><E114/><N who="0" m="44137" /><D87/><U67/><E71/><V56/><F120/><W85/><G25/><T127/><D46/><U52/><E4/><V33/><F101/><W13/><REACH who="3" step="1"/><G47/><REACH who="3" ten="350,256,213,171" step="2"/><T40/><D40/><U99/><E3/><V21/><F105/><W20/><G20/><T45/><D45/><U83/><E83/><V107/><F107/><W132/><G132/><T124/><AGARI ba="2,1" hai="58,59,124,125,127" m="44137,44619,41994" machi="124" ten="50,18000,2" yaku="28,2,18,1,10,1,15,1,34,2" doraHai="48" who="0" fromWho="0" sc="350,196,256,-62,213,-62,171,-62" /><INIT seed="4,3,0,0,5,11" ten="546,194,151,109" oya="0" hai0="99,10,80,113,55,120,100,21,6,105,86,39,7" hai1="83,33,72,60,57,89,48,119,101,8,9,129,117" hai2="58,64,76,134,108,12,85,61,2,19,20,93,43" hai3="98,70,69,15,4,123,94,131,95,56,63,135,31"/><T47/><D120/><U54/><E33/><V97/><F108/><W25/><G123/><T73/><D73/><U71/><E129/><V92/><F2/><W68/><G135/><T59/><D113/><U53/><E71/><V128/><F128/><W102/><G131/><T67/><D67/><U23/><E101/><V111/><F111/><W62/><G94/><T74/><D74/><U52/><E54/><V126/><F126/><W127/><G127/><T103/><D100/><U79/><E23/><V26/><F43/><W78/><G78/><T14/><D47/><U75/><E75/><V81/><F134/><W51/><G51/><T49/><D39/><U42/><E42/><V124/><F124/><W28/><G28/><T87/><D21/><U27/><E27/><V13/><REACH who="2" step="1"/><F92/><REACH who="2" ten="546,194,141,109" step="2"/><W125/><G125/><T65/><D80/><U132/><E132/><V5/><F5/><W115/><G115/><T38/><D38/><U18/><E117/><V37/><F37/><W96/><G96/><T46/><D7/><U44/><E119/><V45/><F45/><W82/><G82/><T107/><D105/><U90/><E83/><V17/><F17/><W133/><G133/><T121/><D121/><U114/><E18/><V130/><F130/><W91/><G4/><T112/><D112/><U3/><E114/><V24/><F24/><W88/><G63/><T50/><REACH who="0" step="1"/><D65/><REACH who="0" ten="536,194,141,109" step="2"/><U16/><E44/><V36/><F36/><W32/><REACH who="3" step="1"/><G15/><REACH who="3" ten="536,194,141,99" step="2"/><T118/><D118/><U35/><E3/><V22/><F22/><W77/><G77/><T30/><D30/><U109/><E79/><RYUUKYOKU ba="3,3" sc="536,10,194,-30,141,10,99,10" hai0="6,10,14,46,49,50,55,59,86,87,99,103,107" hai2="12,13,19,20,26,58,61,64,76,81,85,93,97" hai3="25,31,32,56,62,68,69,70,88,91,95,98,102" /><INIT seed="4,4,3,2,0,82" ten="546,164,151,109" oya="0" hai0="31,10,118,73,100,74,32,68,29,85,46,103,4" hai1="131,110,72,132,98,43,41,18,2,99,26,22,71" hai2="114,123,56,91,96,75,25,86,17,127,108,126,8" hai3="37,20,88,111,19,1,44,80,51,53,101,24,35"/><T95/><BYE who="2" /><D118/><U15/><E2/><V79/><F79/><W89/><G111/><T62/><D68/><U117/><E71/><UN n2="%4E%6F%4E%61%6D%65%E3%81%8B%E3%81%84" /><V3/><F75/><W113/><G113/><T121/><D121/><U40/><E72/><V55/><F108/><W106/><G37/><T59/><D46/><U104/><E110/><V0/><F123/><W97/><G1/><T90/><D31/><N who="1" m="17879" /><E104/><V61/><F114/><W122/><G122/><T54/><D100/><U13/><E117/><V5/><F96/><N who="1" m="36905" /><E131/><V50/><F50/><W60/><G35/><T76/><D103/><U14/><E132/><V93/><F0/><W67/><REACH who="3" step="1"/><G80/><REACH who="3" ten="546,164,151,99" step="2"/><T23/><D32/><U33/><E33/><V135/><F135/><W94/><G94/><T107/><D107/><U134/><E134/><V45/><F127/><W124/><G124/><T115/><D115/><U63/><E63/><V116/><F116/><W49/><G49/><T83/><D29/><U39/><E39/><V47/><REACH who="2" step="1"/><F126/><REACH who="2" ten="546,164,141,99" step="2"/><W65/><G65/><T102/><D74/><U87/><E87/><V6/><F6/><W52/><G52/><T42/><D42/><U11/><AGARI ba="4,5" hai="11,13,14,15,18,40,41,43" m="36905,17879" machi="11" ten="30,1100,0" yaku="8,1" doraHai="82" who="1" fromWho="1" sc="546,-9,164,73,141,-7,99,-7" /><INIT seed="5,0,0,4,1,27" ten="537,237,134,92" oya="1" hai0="20,115,75,44,43,26,8,91,11,85,69,48,107" hai1="16,42,53,66,36,116,128,57,37,127,61,94,74" hai2="9,17,30,90,41,25,80,92,72,86,31,105,35" hai3="40,99,119,1,81,95,84,111,24,7,102,0,28"/><U113/><E74/><V34/><F105/><W51/><G111/><T114/><D69/><U22/><E116/><V89/><F41/><W6/><G119/><T45/><D107/><U15/><E127/><V108/><F72/><W124/><G124/><T83/><D45/><U131/><E113/><N who="0" m="43017" /><D75/><U49/><E94/><V130/><F108/><W121/><G121/><T19/><AGARI ba="0,0" hai="8,11,19,20,26,43,44,48,83,85,91" m="43017" machi="19" ten="30,1100,0" yaku="15,1" doraHai="27" who="0" fromWho="0" sc="537,11,237,-5,134,-3,92,-3" /><INIT seed="6,0,0,3,5,34" ten="548,232,131,89" oya="2" hai0="97,90,105,134,131,44,74,110,67,20,33,102,24" hai1="86,95,7,41,17,79,43,35,118,109,116,77,8" hai2="42,93,56,54,117,70,37,36,55,25,45,92,59" hai3="9,114,0,31,126,135,119,53,128,23,15,16,12"/><V82/><F117/><W47/><G119/><T40/><D33/><U27/><E109/><V49/><F25/><W125/><G53/><N who="2" m="19977" /><F82/><W98/><G47/><T13/><D110/><U1/><E79/><V57/><F93/><W65/><G98/><T133/><D131/><U78/><E78/><V52/><F92/><W29/><G65/><T38/><D74/><U61/><E95/><V6/><F6/><N who="3" m="1223" /><G128/><T75/><D75/><U121/><E86/><V112/><F112/><W4/><G135/><N who="0" m="51723" /><D67/><U28/><E77/><V100/><F100/><W123/><G123/><T124/><D124/><N who="3" m="47721" /><G114/><T68/><D13/><U107/><E121/><V30/><F30/><N who="3" m="11275" /><G4/><T103/><D103/><U26/><E118/><V14/><F14/><AGARI ba="0,0" hai="12,14,15,16,23" m="11275,47721,1223" machi="14" ten="30,8000,1" yaku="18,1,34,2,52,1,54,1" doraHai="34" who="3" fromWho="2" sc="548,0,232,0,131,-80,89,80" /><INIT seed="7,0,0,1,5,46" ten="548,232,51,169" oya="3" hai0="79,130,112,30,105,108,89,134,1,4,87,8,7" hai1="82,32,77,65,66,110,9,60,74,113,119,111,124" hai2="21,106,15,54,95,48,121,17,38,6,71,61,100" hai3="70,58,78,115,80,57,47,107,51,36,16,44,23"/><W99/><G70/><T31/><D105/><U3/><E66/><V117/><F117/><W41/><G115/><T43/><D79/><U27/><E113/><V40/><F106/><W116/><G116/><T33/><D112/><U132/><E119/><V12/><F121/><W18/><G107/><T94/><D33/><U68/><E124/><V127/><F127/><W135/><G135/><T123/><D123/><U20/><E132/><V96/><F38/><W45/><G99/><T42/><D134/><U14/><E3/><V13/><F40/><W0/><G0/><T133/><D133/><U83/><E32/><V120/><F120/><W114/><G114/><T104/><D108/><U72/><E82/><V75/><F75/><W39/><G39/><T28/><D104/><U125/><E74/><V56/><REACH who="2" step="1"/><F6/><REACH who="2" ten="548,232,41,169" step="2"/><W5/><G5/><T85/><D130/><U97/><E125/><V81/><F81/><W50/><G36/><T131/><D131/><U67/><E83/><V101/><F101/><W25/><G41/><T37/><D37/><U63/><E72/><V49/><F49/><N who="3" m="18443" /><G18/><T91/><D7/><U59/><E110/><V34/><F34/><W55/><G55/><T92/><AGARI ba="0,1" hai="1,4,8,28,30,31,42,43,85,87,89,91,92,94" machi="92" ten="30,2000,0" yaku="0,1,9,1" doraHai="46" who="0" fromWho="0" sc="548,30,232,-5,41,-5,169,-10" owari="578,67.0,227,3.0,36,-46.0,159,-24.0" /></mjloggm>