<mjloggm ver="2.3"><GO type="41"/><UN n0="%E3%82%A6%E3%83%AB%E3%83%88%E3%83%A9%E7%AB%8B%E7%9B%B4" n1="%73%6D%74%31%32%30%30%30" n2="%73%69%6F%6E%31%39%38%35" n3="%68%61%6D%61%73%61%6D%61" dan="15,14,13,14" rate="2019,1857,1833,1895" sx="M,F,M,M"/><TAIKYOKU oya="0"/><INIT seed="0,0,0,1,2,98" ten="250,250,250,250" oya="0" hai0="45,74,121,0,135,88,122,77,15,99,75,29,64" hai1="119,53,113,134,79,56,18,24,10,11,31,57,52" hai2="91,30,39,12,128,33,1,104,94,117,40,63,120" hai3="114,76,49,93,100,70,125,90,86,4,60,112,102"/><T106/><D15/><U42/><E119/><V9/><F120/><N who="0" m="46186" /><D45/><U61/><E113/><V58/><F94/><W38/><G4/><T62/><D0/><U50/><E134/><V68/><F91/><W69/><G38/><T54/><D54/><U6/><E79/><V21/><F104/><W131/><G131/><T71/><D135/><U116/><E116/><V126/><F126/><W133/><G133/><T82/><D29/><U20/><E42/><V47/><F128/><W55/><G125/><T43/><D43/><U80/><E80/><V44/><F117/><W124/><G124/><T96/><D62/><U3/><E3/><V36/><F68/><W66/><G76/><T7/><D7/><U26/><REACH who="1" step="1"/><E6/><REACH who="1" ten="250,240,250,250" step="2"/><V97/><F1/><W118/><G118/><T19/><D77/><U72/><E72/><V34/><F40/><W103/><REACH who="3" step="1"/><G70/><REACH who="3" ten="250,240,250,240" step="2"/><T89/><D71/><U13/><E13/><V129/><F12/><W84/><G84/><T111/><D75/><U127/><E127/><V123/><F129/><W32/><G32/><AGARI ba="0,2" hai="10,11,18,20,24,26,31,32,50,52,53,56,57,61" machi="32" ten="30,3900,0" yaku="1,1,7,1,54,1,53,0" doraHai="98" doraHaiUra="65" who="1" fromWho="3" sc="250,0,240,59,250,0,240,-39" /><INIT seed="1,0,0,0,2,47" ten="250,299,250,201" oya="1" hai0="70,64,0,53,50,93,122,95,16,123,23,20,6" hai1="130,96,116,106,67,131,127,133,98,3,82,51,109" hai2="113,80,5,115,29,1,14,72,87,119,57,11,66" hai3="88,78,28,4,99,135,9,36,48,37,121,62,21"/><U117/><E3/><V83/><F119/><N who="1" m="45641" /><E67/><V97/><F97/><N who="1" m="37481" /><E51/><V54/><F29/><W134/><G121/><N who="0" m="46091" /><D23/><U60/><E60/><N who="2" m="35895" /><F87/><W108/><G62/><N who="0" m="40215" /><D6/><U61/><E61/><V10/><F72/><W124/><G37/><T59/><D0/><U35/><E35/><V18/><F66/><W126/><G36/><T26/><AGARI ba="0,0" hai="16,20,26,50,53,59,93,95" m="40215,46091" machi="26" ten="30,4000,0" yaku="13,1,52,1,54,1" doraHai="47" who="0" fromWho="0" sc="250,40,299,-20,250,-10,201,-10" /><INIT seed="2,0,0,1,5,56" ten="290,279,240,191" oya="2" hai0="26,18,93,61,124,19,90,87,34,35,13,84,27" hai1="24,86,21,72,129,83,29,4,120,78,25,112,131" hai2="119,22,54,96,127,63,64,68,32,71,5,53,132" hai3="101,7,12,11,77,102,106,115,111,76,117,37,105"/><V79/><F119/><W47/><G115/><T40/><D124/><U98/><E112/><V10/><F32/><W85/><G117/><T41/><D13/><U17/><E4/><V62/><F127/><W42/><G111/><T110/><D110/><U8/><E8/><V20/><F132/><W135/><G135/><T128/><D93/><U114/><E114/><V65/><F79/><W97/><G85/><T9/><D9/><U3/><E3/><V81/><F81/><W15/><REACH who="3" step="1"/><G12/><REACH who="3" ten="290,279,240,181" step="2"/><T92/><D87/><U50/><E86/><V113/><F113/><W104/><G104/><T49/><D84/><U99/><E129/><V91/><F91/><W94/><G94/><T0/><D92/><U74/><E131/><V122/><F122/><W69/><G69/><T45/><D90/><U46/><E120/><V28/><F96/><AGARI ba="0,1" hai="7,11,15,37,42,47,76,77,96,97,101,102,105,106" machi="96" ten="40,2600,0" yaku="1,1,9,1,53,0" doraHai="56" doraHaiUra="107" who="3" fromWho="2" sc="290,0,279,0,240,-26,181,36" /><INIT seed="3,0,0,4,1,3" ten="290,279,214,217" oya="3" hai0="23,20,96,114,115,134,14,56,51,93,35,19,12" hai1="107,85,71,25,111,81,64,65,135,59,6,131,69" hai2="75,18,1,49,41,32,2,61,79,11,89,119,42" hai3="58,112,95,31,8,94,124,87,46,37,38,74,82"/><W97/><G74/><T40/><D35/><U83/><E25/><V47/><F119/><W123/><G112/><N who="0" m="43051" /><D134/><U103/><E59/><V88/><F61/><W125/><G123/><T4/><D4/><U52/><E85/><V68/><F68/><W54/><G31/><T121/><D121/><U24/><E24/><V92/><F89/><W128/><G128/><T130/><D130/><U43/><E43/><V16/><F32/><W17/><G46/><N who="0" m="26055" /><D56/><U33/><E111/><V55/><F79/><W126/><G97/><T77/><D77/><U48/><E131/><V66/><F66/><W106/><G106/><T5/><D5/><U133/><E107/><V44/><F75/><W72/><G72/><T110/><D110/><U60/><E6/><V100/><F100/><W99/><G99/><T122/><D122/><U57/><E103/><V62/><F11/><W98/><G98/><T132/><D132/><U76/><E33/><V80/><F1/><W9/><G17/><T30/><D30/><U39/><E135/><V105/><F16/><W7/><G9/><N who="0" m="6543" /><D14/><U21/><E133/><V102/><F2/><N who="3" m="119" /><G82/><T15/><D15/><U118/><E83/><V101/><F80/><W108/><G108/><T70/><D70/><U22/><E81/><V45/><F105/><W13/><G13/><T78/><D78/><U91/><E76/><V116/><F102/><AGARI ba="0,0" hai="20,23,93,96,102" m="6543,26055,43051" machi="102" ten="30,1000,0" yaku="11,1" doraHai="3" who="0" fromWho="2" sc="290,10,279,0,214,-10,217,0" /><INIT seed="4,0,0,1,4,24" ten="300,279,204,217" oya="0" hai0="100,134,26,36,120,81,27,44,25,111,40,133,128" hai1="23,118,83,18,45,48,108,89,99,77,105,62,84" hai2="53,54,129,58,124,79,35,56,110,17,22,60,21" hai3="73,13,104,52,29,127,93,34,80,61,112,88,28"/><T135/><D120/><U76/><E108/><V86/><F110/><W113/><G127/><T59/><D111/><U65/><E118/><V42/><F124/><W30/><G104/><T107/><D128/><U16/><E105/><V37/><F129/><W66/><G13/><T6/><D100/><U64/><E99/><V119/><F119/><W46/><G80/><T1/><D107/><U55/><E18/><V102/><F35/><W85/><G73/><T123/><D123/><U130/><E130/><V95/><F37/><W31/><G34/><T131/><D131/><U109/><E109/><V9/><F42/><W92/><N who="3" m="7680" /><DORA hai="114" /><W97/><G46/><T33/><D33/><U68/><E65/><V14/><F102/><W57/><REACH who="3" step="1"/><G66/><REACH who="3" ten="300,279,204,207" step="2"/><T2/><D81/><U98/><E98/><V72/><F72/><W15/><G15/><AGARI ba="0,1" hai="15,16,23,45,48,55,62,64,68,76,77,83,84,89" machi="15" ten="30,2000,0" yaku="7,1,54,1" doraHai="24,114" who="1" fromWho="3" sc="300,0,279,30,204,0,207,-20" /><INIT seed="5,0,0,3,4,86" ten="300,309,204,187" oya="1" hai0="10,7,43,76,85,96,35,36,40,113,71,56,3" hai1="9,92,128,23,26,67,39,55,114,111,94,124,105" hai2="109,41,44,64,129,110,82,69,42,61,74,13,11" hai3="15,127,1,18,125,52,88,49,107,65,47,53,51"/><U99/><E105/><V21/><F74/><W104/><G107/><T8/><D35/><U37/><E124/><N who="3" m="47690" /><G1/><T123/><D71/><U19/><E128/><V97/><F129/><W119/><G65/><T14/><D123/><U17/><E114/><V115/><F97/><W70/><G104/><T80/><D113/><U45/><E111/><V106/><F115/><W22/><G70/><T90/><D36/><U116/><E116/><V20/><F106/><W0/><G0/><T4/><D56/><U122/><E122/><V134/><F110/><W66/><G66/><T87/><REACH who="0" step="1"/><D96/><REACH who="0" ten="290,309,204,187" step="2"/><U54/><E99/><V126/><F109/><W24/><G119/><T108/><D108/><U30/><E37/><V72/><F126/><W50/><G24/><T27/><D27/><U6/><E26/><V100/><F134/><W32/><G32/><T58/><D58/><U79/><E39/><V112/><F112/><W62/><G62/><T34/><D34/><U93/><E45/><V33/><F33/><W83/><G47/><T59/><D59/><U98/><E98/><V95/><F44/><W63/><G63/><T132/><D132/><U130/><E130/><V57/><F69/><W31/><G31/><T29/><D29/><U117/><E30/><V120/><F120/><W77/><G77/><T84/><D84/><AGARI ba="0,1" hai="15,18,22,49,50,51,52,53,83,84,88" m="47690" machi="84" ten="30,7700,0" yaku="18,1,52,1,54,2" doraHai="86" who="3" fromWho="0" sc="290,-77,309,0,204,0,187,87" /><INIT seed="6,0,0,0,0,1" ten="213,309,204,274" oya="2" hai0="34,111,48,77,65,35,100,112,7,29,86,59,18" hai1="25,116,134,53,43,30,79,74,110,106,95,41,85" hai2="0,126,44,50,75,122,5,120,17,103,56,94,49" hai3="84,9,54,23,82,105,21,3,15,60,91,20,19"/><V119/><F119/><W71/><G105/><T101/><D111/><U13/><E13/><V98/><F75/><W16/><G3/><T51/><D112/><U40/><E85/><V127/><F17/><W58/><REACH who="3" step="1"/><G71/><REACH who="3" ten="213,309,204,264" step="2"/><T26/><D34/><U133/><E106/><V96/><F56/><W108/><G108/><T32/><D32/><U24/><E110/><V68/><F68/><W130/><G130/><T62/><D35/><U113/><E116/><V36/><F36/><W66/><G66/><T55/><D65/><U42/><E42/><N who="2" m="24727" /><F50/><W78/><G78/><T128/><D128/><U99/><E41/><V31/><F31/><W76/><G76/><T115/><D29/><U4/><E40/><V97/><F122/><W61/><G61/><T83/><D51/><U52/><E43/><V22/><F120/><W90/><G90/><T70/><D48/><U104/><E30/><V11/><F22/><W28/><G28/><T45/><D70/><U47/><E104/><V135/><F135/><W117/><G117/><T27/><D45/><U87/><E47/><V121/><F121/><W33/><G33/><T131/><D131/><U109/><E109/><V46/><F46/><W80/><G80/><T125/><D83/><U14/><E134/><V8/><F8/><W37/><G37/><T123/><D62/><U114/><E133/><V81/><F81/><W107/><G107/><T6/><D123/><U57/><E114/><V129/><F129/><W72/><G72/><T67/><D115/><U73/><E113/><V38/><F38/><W64/><G64/><T12/><D67/><RYUUKYOKU ba="0,1" sc="213,-15,309,-15,204,15,264,15" hai2="0,5,11,94,96,97,98,103,126,127" hai3="9,15,16,19,20,21,23,54,58,60,82,84,91" /><INIT seed="6,1,1,2,0,118" ten="198,294,219,279" oya="2" hai0="123,85,122,19,28,87,131,125,96,61,74,41,111" hai1="82,13,14,46,51,76,37,40,88,42,22,94,84" hai2="66,10,78,90,129,35,2,9,29,7,79,43,134" hai3="67,38,18,48,54,119,75,121,4,83,6,60,20"/><V27/><F66/><W32/><G119/><T3/><D3/><U77/><E77/><V16/><F43/><W73/><G32/><T106/><D28/><U128/><E128/><V92/><F129/><W52/><G38/><T17/><D131/><U102/><E102/><V120/><F134/><W33/><G33/><T103/><D41/><U127/><E127/><V15/><REACH who="2" step="1"/><F120/><REACH who="2" ten="198,294,209,279" step="2"/><W58/><G121/><N who="0" m="46091" /><D17/><U81/><E40/><V34/><F34/><W23/><G73/><T1/><D19/><U30/><E37/><V21/><F21/><W39/><G75/><T104/><D1/><U135/><E135/><V130/><F130/><W50/><G23/><T49/><D74/><U45/><E22/><V64/><F64/><W93/><G39/><T53/><D53/><U97/><E42/><V55/><F55/><W99/><G54/><T114/><D49/><U65/><E51/><V24/><F24/><W31/><G50/><T86/><D61/><U63/><E65/><V112/><F112/><W62/><G67/><T5/><D114/><U113/><E63/><V117/><F117/><W11/><G62/><T44/><D5/><U36/><E113/><V108/><F108/><W56/><G60/><T100/><D111/><U98/><E36/><V89/><F89/><W109/><G48/><T72/><D72/><U133/><E133/><V69/><F69/><W71/><G6/><T132/><D44/><U8/><E45/><V124/><F124/><W115/><G4/><T116/><D132/><U0/><E46/><V70/><F70/><W26/><G71/><T80/><D125/><RYUUKYOKU ba="1,2" sc="198,-10,294,-10,209,30,279,-10" hai2="2,7,9,10,15,16,27,29,35,78,79,90,92" /><INIT seed="6,2,2,4,0,118" ten="188,284,239,269" oya="2" hai0="98,76,114,68,59,55,129,123,69,74,30,119,45" hai1="6,43,107,86,44,12,132,109,108,122,24,5,83" hai2="66,96,124,7,19,80,14,121,94,125,101,31,50" hai3="130,65,112,91,40,42,16,111,90,38,46,54,128"/><V15/><F121/><W28/><G111/><T48/><D76/><U29/><E107/><V23/><F31/><W100/><G65/><T81/><D81/><U97/><E132/><V126/><F66/><W22/><G112/><T4/><D74/><U105/><E122/><V11/><F50/><W53/><G28/><T92/><D123/><U17/><E105/><V104/><F80/><W36/><G100/><T39/><D114/><U78/><E97/><V26/><REACH who="2" step="1"/><F15/><REACH who="2" ten="188,284,229,269" step="2"/><N who="3" m="9503" /><G38/><T99/><D119/><U51/><E109/><V89/><F89/><N who="3" m="33803" /><G42/><T106/><D39/><U32/><E108/><V72/><F72/><W63/><G63/><T1/><D48/><U2/><E2/><V34/><F34/><W85/><G85/><T10/><D1/><U52/><E43/><V93/><AGARI ba="2,3" hai="7,11,14,19,23,26,93,94,96,101,104,124,125,126" machi="93" ten="40,7800,0" yaku="1,1,0,1,18,1,53,0" doraHai="118" doraHaiUra="127" who="2" fromWho="2" sc="188,-28,284,-28,229,114,269,-28" /><INIT seed="6,3,0,1,4,16" ten="160,256,343,241" oya="2" hai0="36,105,135,102,101,38,12,14,112,69,33,76,65" hai1="6,119,91,18,32,103,108,130,59,67,96,46,50" hai2="106,98,37,53,74,110,109,27,126,127,26,47,58" hai3="8,25,62,5,122,92,75,42,86,100,129,30,11"/><V94/><F74/><W19/><G75/><T21/><D65/><U0/><E130/><V71/><F106/><W17/><G42/><T28/><D28/><U54/><E108/><N who="2" m="41579" /><F71/><W115/><G122/><T60/><D33/><U15/><E32/><V9/><F9/><W107/><G129/><T44/><D105/><U80/><E119/><V79/><F79/><W85/><G107/><T104/><D104/><U133/><E103/><N who="2" m="60887" /><F47/><W113/><G100/><T125/><D44/><U95/><E133/><V40/><F40/><W61/><G92/><T1/><D76/><U116/><E116/><V10/><F10/><W88/><G86/><T93/><D93/><U132/><E132/><V63/><F37/><W7/><G62/><T120/><D60/><U134/><E134/><V118/><F118/><W72/><G61/><T81/><D135/><U84/><E67/><V31/><F31/><W64/><G64/><T48/><D69/><U55/><E0/><V97/><F97/><W20/><G72/><T128/><D36/><U123/><E6/><N who="3" m="2058" /><G88/><T77/><D38/><U82/><E123/><V43/><F43/><W124/><G85/><T51/><D120/><U121/><E121/><V83/><F83/><W39/><G39/><T70/><D81/><U78/><E96/><V56/><F58/><W4/><G11/><T117/><D70/><U90/><E78/><V34/><F34/><W57/><G57/><T45/><D77/><U66/><E66/><V89/><F89/><W87/><G8/><T41/><D117/><U13/><E91/><V73/><F73/><W3/><G30/><RYUUKYOKU ba="3,0" sc="160,-10,256,-10,343,30,241,-10" hai2="26,27,53,56,63,126,127" /><INIT seed="6,4,0,1,1,62" ten="150,246,373,231" oya="2" hai0="117,58,110,3,4,27,111,97,16,24,30,84,88" hai1="63,28,57,109,112,64,10,104,83,124,76,74,75" hai2="29,108,85,8,17,19,68,2,25,36,113,103,65" hai3="119,38,15,14,106,20,72,91,51,135,26,126,69"/><V43/><F85/><W33/><G38/><T101/><D117/><U79/><E112/><V100/><F113/><W48/><G33/><T131/><D4/><U13/><E124/><V129/><F129/><W92/><G119/><T40/><D3/><U115/><E115/><V121/><F121/><W82/><G106/><T1/><D1/><U99/><E104/><V61/><F108/><W23/><G126/><T37/><D40/><U77/><E99/><V34/><F17/><W18/><G69/><T66/><D37/><U70/><E109/><V94/><F19/><W80/><G135/><T89/><D131/><U50/><E28/><V52/><F52/><W107/><G107/><T6/><D6/><U31/><E31/><V122/><F122/><W120/><G120/><T44/><D44/><U86/><E70/><V98/><F103/><W123/><G123/><T93/><D110/><U7/><E75/><V81/><F81/><W96/><G72/><T133/><D133/><U125/><E125/><V41/><F36/><W102/><G14/><T42/><D42/><U134/><E134/><V55/><F55/><W54/><G102/><T0/><D0/><U78/><E74/><V127/><REACH who="2" step="1"/><F127/><REACH who="2" ten="150,246,363,231" step="2"/><W46/><G51/><AGARI ba="4,1" hai="7,10,13,50,51,57,63,64,76,77,78,79,83,86" machi="51" ten="40,2600,0" yaku="8,1,52,1" doraHai="62" who="1" fromWho="3" sc="150,0,246,48,363,0,231,-38" /><INIT seed="7,0,0,4,2,129" ten="150,294,363,193" oya="3" hai0="124,79,26,20,89,132,29,14,6,45,9,47,113" hai1="5,8,61,46,91,7,90,100,43,131,96,3,11" hai2="72,104,39,28,59,10,17,56,120,34,105,0,74" hai3="66,27,80,135,36,127,78,30,44,128,33,71,23"/><W98/><G135/><T13/><D124/><U95/><E131/><V130/><F130/><W70/><G127/><T55/><D113/><U67/><E67/><V118/><F17/><W88/><G128/><T65/><D65/><U64/><E64/><V16/><F16/><W92/><G66/><T119/><D119/><U102/><E61/><V101/><F118/><W54/><G33/><T15/><D79/><U97/><E46/><V77/><F120/><W52/><G54/><T31/><D47/><U41/><E41/><V12/><F12/><N who="0" m="4714" /><D89/><U37/><E43/><V38/><F77/><W57/><G44/><T121/><D55/><U24/><E24/><V21/><F21/><W1/><G1/><T73/><D73/><U133/><E37/><V87/><F0/><W110/><G36/><T76/><D76/><U35/><E35/><V117/><F117/><W60/><G110/><T25/><D45/><U50/><E50/><V32/><F10/><W48/><G48/><T123/><D123/><U19/><E19/><V112/><F112/><W94/><G94/><T83/><D83/><U51/><E51/><V18/><F18/><W82/><G82/><T22/><D121/><U58/><E58/><V40/><F40/><W2/><REACH who="3" step="1"/><G2/><REACH who="3" ten="150,294,363,183" step="2"/><T106/><D106/><U63/><E3/><V75/><F105/><W108/><G108/><T53/><D53/><U116/><E95/><V49/><F104/><W42/><G42/><T86/><D86/><AGARI ba="0,1" hai="23,27,30,52,57,60,70,71,78,80,86,88,92,98" machi="86" ten="30,12000,1" yaku="1,1,7,1,54,2,53,1" doraHai="129" doraHaiUra="85" who="3" fromWho="0" sc="150,-120,294,0,363,0,183,130" /><INIT seed="7,1,0,3,0,99" ten="30,294,363,313" oya="3" hai0="90,91,69,30,103,41,68,36,26,134,95,125,24" hai1="106,21,35,118,1,104,48,78,49,77,11,63,33" hai2="6,25,76,105,109,28,120,31,3,85,53,22,123" hai3="62,60,121,87,128,20,38,124,71,17,56,116,27"/><W72/><G38/><T34/><D95/><U115/><E63/><V129/><F109/><W54/><G121/><N who="2" m="46665" /><F105/><W15/><G116/><T18/><D41/><U93/><E93/><V14/><F53/><W7/><G72/><T10/><D36/><U55/><E21/><V12/><F129/><W110/><G110/><T102/><D10/><U19/><E11/><N who="2" m="2527" /><F85/><W2/><G128/><T100/><D125/><U70/><E70/><V98/><F98/><W89/><G124/><T92/><D134/><U88/><E19/><N who="2" m="12511" /><F76/><W23/><G2/><T42/><D42/><U73/><E1/><V79/><F79/><W59/><G71/><T75/><D75/><U84/><E84/><V82/><F82/><N who="3" m="49399" /><G7/><T130/><D130/><U50/><E73/><V66/><F66/><N who="3" m="39175" /><G27/><T8/><D90/><U86/><E86/><V43/><F43/><W57/><G57/><T64/><D64/><U122/><E50/><V132/><F132/><W37/><G37/><T16/><D24/><U97/><E122/><V117/><F117/><W127/><G127/><T135/><D135/><U5/><E118/><V67/><F67/><W101/><G23/><T51/><D51/><U40/><E40/><V111/><F111/><W13/><G13/><AGARI ba="1,0" hai="12,13,14,28,31" m="12511,2527,46665" machi="13" ten="30,3900,0" yaku="13,1,34,2" doraHai="99" who="2" fromWho="3" sc="30,0,294,0,363,42,313,-42" owari="30,-47.0,294,9.0,405,51.0,271,-13.0" /></mjloggm>