<mjloggm ver="2.3"><GO type="65"/><UN n0="%4E%6F%4E%61%6D%65" n1="%E3%81%BF%E3%82%89%E3%81%BF%E3%82%89" n2="%EF%BC%88%E2%89%A7%E2%96%BD%E2%89%A6%EF%BC%89" n3="%4E%6F%4E%61%6D%65" dan="0,7,5,0" rate="1500,1614,1596,1500" sx="F,M,M,M"/><TAIKYOKU oya="0"/><INIT seed="0,0,0,0,2,10" ten="250,250,250,250" oya="0" hai0="54,106,113,114,92,72,99,8,5,21,46,133,117" hai1="78,112,45,32,128,131,41,40,64,67,77,60,122" hai2="30,2,29,89,25,127,44,13,107,1,96,75,134" hai3="27,105,47,71,16,65,103,24,94,51,49,62,17"/><T119/><D72/><U95/><E32/><V11/><F75/><W135/><G105/><T87/><D106/><U74/><E122/><V57/><F134/><W115/><G115/><T108/><D133/><U104/><E104/><V53/><F127/><W18/><G135/><T61/><D87/><U28/><E28/><V90/><F1/><W124/><G124/><T12/><D108/><U23/><E23/><V63/><F2/><W84/><G51/><T101/><D21/><U56/><E74/><V43/><F107/><W33/><G33/><T118/><REACH who="0" step="1"/><D46/><REACH who="0" step="2"/><U19/><E112/><V52/><F96/><W26/><G84/><T59/><AGARI ba="0,1" hai="5,8,12,54,59,61,92,99,101,113,114,117,118,119" machi="59" ten="40,12000,1" yaku="1,1,2,1,0,1,52,1,53,1" doraHai="10" doraHaiUra="55" who="0" fromWho="0" sc="240,130,250,-40,250,-40,250,-40" /><INIT seed="0,1,0,4,1,53" ten="370,210,210,210" oya="0" hai0="61,35,37,119,121,71,25,17,12,131,114,57,73" hai1="0,23,39,28,6,45,107,98,133,104,8,49,26" hai2="14,56,51,11,129,74,77,50,132,87,59,2,64" hai3="19,112,67,68,13,130,85,97,78,76,81,54,117"/><T43/><D43/><U134/><E39/><V115/><F115/><W32/><G112/><T113/><D25/><U88/><E104/><V124/><F74/><W34/><G117/><T31/><D31/><U95/><REACH who="1" step="1"/><E107/><REACH who="1" step="2"/><V75/><F132/><W22/><G130/><T40/><D37/><U118/><E118/><V46/><F129/><W93/><G67/><T30/><D119/><U3/><E3/><V10/><F2/><W15/><G68/><T123/><D131/><U92/><E92/><V41/><F124/><W47/><G15/><T60/><D113/><U86/><E86/><V65/><F75/><W52/><G47/><T20/><D73/><U9/><E9/><N who="2" m="3083" /><F14/><W38/><G38/><T33/><D114/><U84/><E84/><V44/><F87/><W66/><G66/><N who="2" m="25705" /><F77/><W103/><G78/><T55/><D121/><U99/><E99/><V89/><F89/><W126/><G126/><T96/><D123/><U5/><E5/><V100/><F100/><W80/><G80/><T106/><D96/><U102/><E102/><V16/><F16/><W72/><G72/><T21/><D106/><U18/><E18/><V101/><F101/><W70/><G70/><T116/><D71/><U1/><E1/><V122/><F122/><W4/><G4/><T111/><D116/><U24/><E24/><V90/><F90/><W83/><G83/><T62/><D17/><U63/><E63/><V29/><F29/><W110/><G110/><T27/><D12/><U127/><E127/><V7/><F7/><W91/><G76/><T135/><D61/><U108/><E108/><RYUUKYOKU ba="1,1" sc="370,-30,200,10,210,10,210,10" hai1="0,6,8,23,26,28,45,49,88,95,98,133,134" hai2="41,44,46,50,51,56,59" hai3="13,19,22,32,34,52,54,81,85,91,93,97,103" /><INIT seed="1,2,1,5,1,41" ten="340,210,220,220" oya="1" hai0="44,14,53,49,89,27,31,8,129,40,81,121,47" hai1="38,63,125,100,25,4,11,64,22,23,37,60,74" hai2="85,52,65,12,1,130,92,54,26,71,35,20,76" hai3="115,2,57,61,21,106,97,127,135,36,46,16,58"/><U0/><E74/><V96/><F1/><W103/><G2/><T30/><D129/><U32/><E125/><V120/><F120/><W79/><G115/><T113/><D113/><U122/><E122/><V45/><F130/><W19/><G127/><T84/><D27/><U5/><E5/><V82/><F35/><W10/><G135/><T24/><D24/><U73/><E73/><V132/><F132/><W111/><G111/><T116/><D116/><U112/><E112/><V109/><F109/><W133/><G133/><T105/><D105/><U83/><E83/><V55/><F12/><W3/><G79/><T94/><D94/><U93/><E63/><V101/><F71/><W69/><G58/><T88/><D89/><U80/><E80/><V7/><F7/><W118/><G69/><T123/><D123/><U29/><E32/><V15/><F15/><W119/><G19/><N who="0" m="8647" /><D121/><U59/><REACH who="1" step="1"/><E23/><REACH who="1" step="2"/><V77/><F65/><W104/><G3/><T67/><D67/><U87/><E87/><V102/><F76/><W128/><G10/><T98/><D98/><AGARI ba="2,2" hai="0,4,11,22,25,29,37,38,59,60,64,93,98,100" machi="98" ten="40,7700,0" yaku="1,1,25,2,53,0" doraHai="41" doraHaiUra="72" who="1" fromWho="0" sc="340,-83,200,103,220,0,220,0" /><INIT seed="1,3,0,1,2,58" ten="257,303,220,220" oya="1" hai0="2,129,42,85,113,114,70,117,111,16,54,11,112" hai1="131,125,6,74,90,132,76,108,103,116,83,130,119" hai2="14,30,3,60,128,8,29,7,106,22,94,59,18" hai3="27,115,21,53,135,28,71,50,100,4,24,79,62"/><U48/><E6/><V96/><F106/><W95/><G115/><T134/><D70/><U133/><E48/><V47/><F47/><W34/><G135/><N who="1" m="51786" /><E108/><V97/><F128/><N who="1" m="49193" /><E103/><V20/><F20/><W43/><G43/><T49/><D42/><U102/><E102/><V87/><F87/><W41/><G79/><T91/><D117/><N who="1" m="45131" /><E90/><V92/><F97/><W1/><G1/><T88/><D111/><U73/><E73/><V107/><F107/><W57/><G41/><T33/><D91/><U104/><E104/><V45/><F45/><W39/><G39/><T56/><D2/><U86/><E86/><V37/><F37/><W12/><G95/><T67/><D112/><U35/><E35/><V66/><REACH who="2" step="1"/><F92/><REACH who="2" step="2"/><W122/><G100/><AGARI ba="3,1" hai="3,7,8,14,18,22,29,30,59,60,66,94,96,100" machi="100" ten="30,7700,0" yaku="1,1,2,1,7,1,52,1,53,0" doraHai="58" doraHaiUra="121" who="2" fromWho="3" sc="257,0,303,0,210,96,220,-86" /><INIT seed="2,0,0,3,2,54" ten="257,303,306,134" oya="2" hai0="26,67,101,95,13,96,106,133,33,119,132,109,43" hai1="127,111,110,79,32,53,11,62,24,134,58,59,72" hai2="74,116,55,100,112,2,31,44,92,118,3,35,6" hai3="105,99,49,104,48,69,65,124,68,130,1,37,34"/><V102/><F74/><W57/><G124/><T56/><D43/><U47/><E127/><V131/><F112/><W81/><G130/><T75/><D75/><U78/><E11/><V15/><F131/><W14/><G1/><T90/><D119/><U135/><E47/><V22/><F118/><W128/><G34/><T10/><D33/><U50/><E24/><N who="2" m="18919" /><F92/><W18/><G37/><T117/><D26/><U98/><E98/><V61/><F2/><W129/><G81/><T45/><D109/><N who="1" m="41483" /><E32/><V123/><F123/><W51/><G99/><T4/><D45/><U114/><E114/><V64/><F116/><W88/><G18/><T83/><D83/><N who="1" m="45511" /><E79/><V17/><F44/><W41/><G41/><T77/><D77/><U9/><E9/><N who="2" m="2271" /><F55/><AGARI ba="0,0" hai="50,53,55,58,59,62,134,135" m="45511,41483" machi="55" ten="30,3900,0" yaku="14,1,52,2" doraHai="54" who="1" fromWho="2" sc="257,0,303,39,306,-39,134,0" /><INIT seed="3,0,0,3,2,16" ten="257,342,267,134" oya="3" hai0="132,109,103,70,126,13,111,9,89,133,21,14,43" hai1="24,15,121,79,38,124,33,86,58,110,0,29,128" hai2="11,65,97,95,57,117,82,96,135,41,116,67,115" hai3="81,88,6,22,5,66,53,35,3,101,4,54,55"/><W71/><G35/><T120/><D70/><U107/><E121/><V83/><F115/><W52/><G3/><T12/><D103/><U27/><E107/><V69/><F135/><N who="0" m="51786" /><D43/><U8/><E0/><V42/><F69/><W1/><G1/><T62/><D62/><U125/><E38/><V78/><F11/><W50/><N who="3" m="13824" /><DORA hai="90" /><W32/><G32/><T51/><D51/><U85/><E58/><V131/><F57/><W59/><G101/><T102/><D102/><U39/><E39/><V84/><F131/><W100/><G100/><T74/><D74/><U7/><E128/><V106/><F84/><W47/><G71/><T104/><D104/><U17/><E110/><N who="0" m="41993" /><D89/><U40/><E40/><V20/><F106/><W130/><G130/><T18/><D120/><U134/><BYE who="3" /><E134/><V123/><F123/><W129/><G129/><T26/><D126/><N who="1" m="48747" /><E79/><V45/><F78/><W91/><G91/><T93/><D93/><U73/><E73/><V10/><F10/><W114/><G114/><T113/><D113/><U37/><E37/><V2/><F2/><W92/><G92/><T44/><D44/><U49/><E49/><V108/><F108/><W48/><G48/><T72/><D72/><U105/><E105/><V28/><F95/><W99/><G99/><T98/><D98/><U122/><E122/><V30/><REACH who="2" step="1"/><F45/><REACH who="2" step="2"/><W77/><G77/><T76/><D76/><U36/><E86/><V56/><F56/><W127/><G127/><T60/><D60/><U31/><E85/><V61/><F61/><W34/><G34/><T87/><D87/><U80/><E80/><RYUUKYOKU ba="0,1" sc="257,15,342,-15,257,15,134,-15" hai0="9,12,13,14,18,21,26" hai2="20,28,30,41,42,65,67,82,83,96,97,116,117" owari="272,7,337,44,272,-13,119,-38" /></mjloggm>