<mjloggm ver="2.3"><GO type="41"/><UN n0="%E3%82%A6%E3%83%AB%E3%83%88%E3%83%A9%E7%AB%8B%E7%9B%B4" n1="%4D%61%72%6C%69%6E" n2="%45%4D%50%54%59%3F" n3="%E7%B7%8A%E7%B8%9B%E5%B8%AB" dan="15,15,13,13" rate="1967,2028,1807,1833" sx="M,M,M,M"/><TAIKYOKU oya="0"/><INIT seed="0,0,0,5,1,94" ten="250,250,250,250" oya="0" hai0="3,121,127,78,62,120,80,26,35,109,73,60,125" hai1="123,14,4,25,58,71,54,68,115,36,39,82,1" hai2="53,55,8,37,103,101,17,89,66,45,104,118,44" hai3="70,22,28,129,107,95,113,56,47,42,97,126,11"/><T76/><D26/><U98/><E1/><V79/><F104/><W34/><G95/><T112/><D60/><U75/><E123/><V13/><F118/><W41/><G56/><T72/><D62/><U74/><E115/><V128/><F37/><W9/><G22/><T106/><D35/><U110/><E110/><V18/><F128/><W16/><G47/><T119/><D3/><U2/><E2/><V15/><F79/><W114/><G70/><T81/><D119/><U57/><E71/><V99/><F66/><W33/><G107/><T87/><D112/><U93/><E68/><V132/><F132/><W48/><G48/><T19/><D19/><U63/><E25/><V134/><F134/><W122/><G16/><T5/><D5/><U51/><E4/><V84/><F99/><W49/><G49/><T24/><D24/><U116/><E116/><V90/><F84/><W85/><G28/><T50/><D50/><U30/><E30/><V46/><REACH who="2" step="1"/><F45/><REACH who="2" ten="250,250,240,250" step="2"/><W131/><G85/><T64/><D64/><N who="1" m="39023" /><E39/><V40/><F40/><W96/><REACH who="3" step="1"/><G126/><REACH who="3" ten="250,250,240,240" step="2"/><N who="0" m="48139" /><D109/><U67/><E36/><V7/><F7/><W10/><G10/><AGARI ba="0,2" hai="8,10,13,15,17,18,44,46,53,55,89,90,101,103" machi="10" ten="25,6400,0" yaku="1,1,22,2,8,1,53,0" doraHai="94" doraHaiUra="105" who="2" fromWho="3" sc="250,0,250,0,240,84,240,-64" /><INIT seed="1,0,0,1,0,43" ten="250,250,324,176" oya="1" hai0="126,37,129,67,95,63,47,34,87,48,125,110,135" hai1="56,89,97,111,2,128,127,73,41,123,25,108,134" hai2="3,80,103,54,49,124,27,115,35,44,22,15,120" hai3="58,52,32,1,104,30,82,69,102,59,53,29,96"/><U98/><E2/><V7/><F120/><W101/><G82/><T100/><D34/><U93/><E123/><V133/><F115/><W131/><G1/><T16/><D100/><U10/><E73/><V65/><F133/><W5/><G5/><T107/><D95/><N who="1" m="56559" /><E134/><V23/><F65/><W0/><G0/><T116/><D87/><U78/><E78/><V119/><F119/><W86/><G69/><T112/><D107/><U72/><E72/><V70/><F70/><W118/><G118/><T76/><D76/><U13/><E128/><V68/><F68/><W84/><G131/><T24/><D129/><U99/><E127/><N who="0" m="48649" /><D135/><U28/><E56/><V36/><F36/><W122/><G96/><T26/><D37/><U130/><E93/><V88/><F103/><W106/><REACH who="3" step="1"/><G32/><REACH who="3" ten="250,250,324,166" step="2"/><T6/><D116/><U31/><E130/><V45/><F124/><W94/><G94/><T18/><D6/><U113/><E99/><V39/><F3/><W8/><G8/><T33/><D112/><U85/><E98/><V77/><F35/><W55/><G55/><N who="0" m="30111" /><D33/><U64/><E113/><V11/><F77/><W38/><G38/><T121/><D121/><AGARI ba="0,1" hai="29,30,52,53,58,59,84,86,101,102,104,106,121,122" machi="121" ten="25,6400,0" yaku="1,1,22,2,54,1,53,0" doraHai="43" doraHaiUra="109" who="3" fromWho="0" sc="250,-64,250,0,324,0,166,74" /><INIT seed="2,0,0,4,0,58" ten="186,250,324,240" oya="2" hai0="114,65,16,106,109,61,91,22,134,36,7,95,26" hai1="118,14,80,24,54,102,56,85,74,68,70,127,21" hai2="81,3,25,125,4,31,86,57,35,115,40,94,71" hai3="103,20,28,98,30,59,96,128,10,82,131,33,87"/><V105/><F115/><W8/><G33/><T107/><D114/><U37/><E118/><V34/><F71/><W130/><G59/><T110/><D36/><U52/><E37/><V1/><F105/><W11/><G20/><T101/><D7/><U48/><E127/><V5/><F40/><W117/><G117/><T133/><D101/><U78/><E102/><V66/><F94/><W64/><G64/><T104/><D91/><U122/><E122/><V46/><F46/><W13/><G13/><T9/><D95/><U17/><E74/><V44/><F44/><W6/><G6/><T12/><D12/><U129/><E129/><V69/><F69/><W111/><G111/><T19/><D19/><U132/><E132/><N who="0" m="50793" /><D9/><U108/><E108/><N who="0" m="41577" /><D107/><U100/><E100/><V83/><F125/><W93/><G98/><T112/><D112/><U45/><REACH who="1" step="1"/><E14/><REACH who="1" ten="186,240,324,240" step="2"/><V60/><F1/><W89/><AGARI ba="0,1" hai="8,10,11,28,30,82,87,89,93,96,103,128,130,131" machi="89" ten="40,2700,0" yaku="0,1,19,1" doraHai="58" who="3" fromWho="3" sc="186,-7,240,-7,324,-13,240,37" /><INIT seed="3,0,0,0,5,66" ten="179,233,311,277" oya="3" hai0="40,28,63,15,23,76,92,20,126,130,105,99,83" hai1="49,82,98,103,27,94,59,68,78,84,67,29,124" hai2="128,43,123,33,80,64,72,3,129,44,31,127,91" hai3="86,5,77,42,121,79,110,115,48,87,53,35,21"/><W119/><G35/><T108/><D20/><U47/><E124/><V81/><F123/><W9/><G115/><T8/><D105/><U36/><E36/><N who="2" m="21607" /><F91/><W52/><G119/><T104/><D126/><U17/><E17/><V85/><F81/><W118/><G118/><T65/><D104/><U57/><E67/><V41/><F85/><W37/><G121/><T69/><D130/><N who="2" m="50282" /><F41/><W112/><G37/><T14/><D108/><U1/><E1/><V0/><F64/><W93/><G112/><T50/><D23/><N who="1" m="15615" /><E68/><V45/><F45/><N who="3" m="25655" /><G110/><T38/><D28/><U100/><E103/><V34/><F127/><W71/><G71/><T22/><D22/><U135/><E135/><V89/><F89/><N who="3" m="53431" /><G21/><T56/><D83/><U97/><E98/><V122/><F122/><W16/><G5/><T75/><D75/><U134/><E134/><V117/><F117/><W58/><G87/><T113/><D76/><N who="3" m="29257" /><G58/><T19/><D113/><U101/><E101/><V24/><F34/><W61/><G61/><T107/><D107/><U116/><E116/><V88/><F88/><W90/><G90/><T60/><D99/><U102/><E102/><V95/><F95/><W26/><G26/><T106/><D106/><U131/><E131/><V73/><F80/><W70/><G70/><T7/><D92/><U12/><E12/><AGARI ba="0,0" hai="9,12,16,52,53" m="29257,53431,25655" machi="12" ten="30,5800,0" yaku="8,1,54,2" doraHai="66" who="3" fromWho="1" sc="179,0,233,-58,311,0,277,58" /><INIT seed="3,1,0,0,0,95" ten="179,175,311,335" oya="3" hai0="43,114,99,76,18,134,37,56,85,46,36,92,53" hai1="127,132,10,35,119,97,91,67,28,65,94,79,102" hai2="84,69,107,52,117,125,4,34,68,30,88,104,54" hai3="126,72,129,16,77,24,108,41,131,9,50,93,17"/><W15/><G72/><T128/><D114/><U66/><E127/><V49/><F117/><W44/><G77/><T81/><D128/><N who="3" m="49225" /><G126/><T103/><D134/><U130/><E130/><V90/><F125/><W122/><G122/><T133/><D133/><U110/><E132/><V48/><F84/><W73/><G73/><T45/><D18/><U51/><E119/><V63/><F63/><W11/><G108/><T31/><D31/><U20/><E110/><V3/><F30/><W39/><G39/><T89/><D46/><U98/><E35/><V123/><F123/><W38/><G38/><T101/><REACH who="0" step="1"/><D37/><REACH who="0" ten="169,175,311,335" step="2"/><U55/><E79/><V8/><F34/><W118/><G118/><T5/><D5/><U19/><E28/><V1/><REACH who="2" step="1"/><F4/><REACH who="2" ten="169,175,301,335" step="2"/><W57/><G17/><T105/><D105/><U2/><E19/><V115/><F115/><W74/><G16/><T86/><D86/><U42/><E2/><V25/><F25/><W71/><G24/><T33/><D33/><U121/><E121/><V29/><F29/><W70/><G74/><T21/><D21/><U112/><E20/><V26/><F26/><W62/><G11/><AGARI ba="1,2" hai="1,3,8,11,48,49,52,54,68,69,88,90,104,107" machi="11" ten="25,8000,1" yaku="1,1,22,2,54,2,53,0" doraHai="95" doraHaiUra="135" who="2" fromWho="3" sc="169,0,175,0,301,103,335,-83" /><INIT seed="4,0,0,5,0,81" ten="169,175,404,252" oya="0" hai0="52,4,98,5,30,73,128,133,127,130,39,72,78" hai1="117,120,17,13,131,38,84,104,44,77,35,75,86" hai2="61,19,8,33,106,37,14,53,89,112,74,91,1" hai3="95,80,132,43,85,83,49,47,51,109,6,3,126"/><T119/><D119/><U90/><E117/><V45/><F112/><W100/><G100/><T134/><D39/><U60/><E120/><V64/><F106/><W88/><G109/><T31/><D98/><U66/><E35/><V26/><F74/><W87/><G132/><T96/><D96/><U59/><E104/><V71/><F1/><W48/><G126/><T10/><D10/><U0/><E0/><V42/><F53/><W15/><G3/><T23/><D23/><U121/><E121/><V70/><F70/><W102/><G6/><T125/><REACH who="0" step="1"/><D78/><REACH who="0" ten="159,175,404,252" step="2"/><U118/><E77/><V99/><F99/><N who="3" m="59775" /><G15/><T50/><D50/><U46/><E13/><V122/><F122/><W36/><G36/><T22/><D22/><U94/><E38/><V97/><F97/><W29/><G29/><T57/><D57/><U124/><E59/><V2/><F33/><W67/><G67/><T103/><D103/><U110/><E66/><V108/><F26/><W27/><G27/><T56/><D56/><U116/><E118/><V20/><F20/><W12/><G12/><T105/><D105/><U11/><E116/><V9/><F108/><W76/><AGARI ba="0,1" hai="43,47,48,49,51,76,80,83,85,87,88" m="59775" machi="76" ten="30,7900,0" yaku="8,1,52,2,54,1" doraHai="81" who="3" fromWho="3" sc="159,-39,175,-20,404,-20,252,89" /><INIT seed="5,0,0,3,3,69" ten="120,155,384,341" oya="1" hai0="56,21,3,8,55,130,51,118,92,42,12,7,121" hai1="73,33,76,43,119,40,10,24,68,78,52,38,23" hai2="123,87,45,129,49,5,82,108,84,11,71,102,47" hai3="111,0,48,122,135,110,74,88,14,31,132,127,25"/><U99/><E119/><V120/><F71/><W60/><G0/><T62/><D118/><U65/><E33/><V9/><F108/><W107/><G74/><T95/><D121/><U17/><E73/><V54/><F129/><W72/><G72/><T58/><D130/><U124/><E124/><V57/><F123/><W86/><G122/><T30/><D3/><U75/><E75/><V116/><F120/><W20/><G107/><T80/><D42/><N who="1" m="15915" /><E38/><V98/><F116/><W64/><G48/><T113/><D113/><U36/><E36/><V6/><F102/><W81/><G127/><T46/><D46/><U63/><E68/><V66/><F66/><W112/><G112/><T91/><D80/><U93/><E65/><V101/><F98/><W16/><G110/><T89/><D30/><U50/><E10/><V117/><F101/><W109/><G109/><T61/><D21/><U32/><E32/><V106/><F106/><W134/><G111/><T131/><D131/><U79/><E63/><V114/><F114/><W15/><G31/><T128/><D128/><U67/><E67/><V100/><F100/><W39/><G39/><T2/><D2/><U22/><E22/><V90/><F117/><W35/><G35/><T37/><D37/><U29/><E29/><V59/><F47/><W103/><G103/><T19/><D61/><U105/><E105/><V83/><F11/><W94/><G81/><T1/><D92/><U125/><E125/><V28/><F28/><W70/><AGARI ba="0,0" hai="14,15,16,20,25,60,64,70,86,88,94,132,134,135" machi="70" ten="30,7900,0" yaku="0,1,20,1,54,2" doraHai="69" who="3" fromWho="3" sc="120,-20,155,-39,384,-20,341,79" /><INIT seed="6,0,0,0,4,128" ten="100,116,364,420" oya="2" hai0="64,42,36,98,94,102,31,93,125,6,116,45,121" hai1="24,1,63,135,92,120,111,29,101,61,88,81,100" hai2="14,108,9,118,74,83,19,15,107,127,99,7,67" hai3="84,105,13,66,18,41,132,60,17,73,133,54,32"/><V70/><F118/><W123/><G73/><T78/><D121/><U86/><E111/><V5/><F108/><W62/><G123/><T134/><D116/><U22/><E120/><V71/><F127/><W4/><G105/><T0/><D125/><U87/><E1/><V130/><F130/><W114/><G32/><T72/><D64/><U109/><E109/><V48/><F67/><W85/><G41/><T21/><D21/><U69/><E135/><N who="3" m="51786" /><G114/><T47/><D31/><U50/><E50/><V25/><F25/><W68/><G4/><T65/><D134/><U77/><E69/><V95/><F107/><W3/><G3/><T44/><D65/><U126/><E126/><V82/><F74/><W2/><G2/><T89/><D94/><U39/><E39/><V20/><F71/><W90/><G60/><AGARI ba="0,0" hai="22,24,29,60,61,63,77,81,86,87,88,92,100,101" machi="60" ten="40,2600,0" yaku="8,1,54,1" doraHai="128" who="1" fromWho="3" sc="100,0,116,26,364,0,420,-26" /><INIT seed="7,0,0,2,4,90" ten="100,142,364,394" oya="3" hai0="75,92,34,70,91,14,22,52,51,3,37,108,100" hai1="10,16,66,83,98,131,119,117,8,96,114,47,48" hai2="120,15,17,2,1,38,88,40,9,29,25,39,112" hai3="78,69,76,21,129,4,82,113,11,23,42,81,31"/><W118/><G69/><T105/><D34/><U80/><E114/><V72/><F72/><W53/><G118/><N who="1" m="45066" /><E131/><V27/><F40/><W7/><G113/><T50/><D37/><U133/><E133/><V59/><F112/><W20/><G129/><T109/><D3/><U128/><E128/><V132/><F132/><W56/><G42/><T13/><D75/><U126/><E126/><V84/><F120/><W116/><G116/><T33/><D33/><U104/><E66/><V134/><F134/><W35/><G35/><T89/><D70/><U124/><E124/><V49/><F39/><W46/><G46/><T111/><D105/><U107/><E104/><V97/><F38/><W26/><G26/><T101/><D91/><U127/><E127/><V65/><F1/><W12/><G7/><T103/><D22/><U5/><E16/><N who="2" m="8303" /><F2/><W54/><G31/><T77/><D77/><N who="3" m="29801" /><G54/><T28/><D28/><U123/><E123/><V0/><F0/><W18/><G4/><T30/><D30/><U32/><E32/><V99/><F29/><W19/><G19/><T6/><D6/><U57/><E5/><V94/><F17/><W93/><G93/><T64/><D64/><U102/><E107/><V62/><F49/><AGARI ba="0,0" hai="11,12,18,20,21,23,49,53,56,81,82" m="29801" machi="49" ten="30,1500,0" yaku="8,1" doraHai="90" who="3" fromWho="2" sc="100,0,142,0,364,-15,394,15" owari="100,-40.0,142,-26.0,349,15.0,409,51.0" /></mjloggm>