<mjloggm ver="2.3"><GO type="41"/><UN n0="%4C%75%6D%61%72%74" n1="%EF%BC%88%E2%89%A7%E2%96%BD%E2%89%A6%EF%BC%89" n2="%42%6C%75%65%54%61%73%75" n3="%E3%83%AC%E3%83%AC%E3%83%AC%E3%81%AE" dan="13,15,14,13" rate="1831,1993,1832,1838" sx="M,M,M,M"/><TAIKYOKU oya="0"/><INIT seed="0,0,0,2,0,77" ten="250,250,250,250" oya="0" hai0="32,33,8,21,36,71,112,0,4,11,129,10,61" hai1="3,109,40,89,34,119,74,26,135,46,43,30,120" hai2="51,105,85,58,100,118,99,92,75,62,114,16,22" hai3="27,84,55,49,57,7,130,83,108,132,39,2,91"/><T131/><D36/><U103/><E120/><V133/><F114/><W48/><G39/><T63/><D71/><U82/><E119/><V24/><F133/><W31/><G132/><T115/><D63/><U128/><E135/><V41/><F75/><W25/><G130/><N who="0" m="49675" /><D61/><U17/><E128/><V69/><F118/><W64/><G64/><T54/><D54/><U102/><E3/><V96/><F85/><W123/><G123/><T88/><D88/><U87/><E74/><V5/><F5/><W37/><G37/><T107/><D107/><U80/><E109/><V9/><F9/><N who="0" m="3690" /><D21/><U116/><E116/><V23/><F22/><W14/><G2/><T60/><D60/><U125/><E46/><V53/><F69/><W35/><G108/><T76/><D76/><U78/><E43/><V65/><F41/><W72/><G72/><T122/><D122/><U38/><E40/><V12/><F51/><W111/><G111/><T86/><D86/><N who="1" m="48407" /><E38/><V19/><F105/><W47/><G7/><T104/><D104/><U56/><E56/><V66/><F99/><W81/><G25/><T73/><D73/><U94/><E94/><V70/><F70/><W97/><G97/><T134/><D134/><U50/><E50/><V98/><F96/><W121/><G121/><T52/><D52/><U93/><E93/><V67/><F66/><W117/><G117/><T59/><D59/><U20/><E103/><V42/><F42/><W126/><G49/><T95/><D95/><U18/><E102/><V15/><F67/><W45/><G57/><T28/><D33/><U44/><E34/><RYUUKYOKU ba="0,0" sc="250,30,250,-10,250,-10,250,-10" hai0="0,4,11,28,32,112,115" /><INIT seed="0,1,0,4,5,94" ten="280,240,240,240" oya="0" hai0="88,34,50,119,6,101,44,24,14,63,8,103,37" hai1="43,127,91,84,40,0,82,106,4,130,16,134,17" hai2="52,62,68,111,131,126,33,22,46,74,92,102,125" hai3="19,36,7,83,39,97,85,121,61,117,12,99,29"/><T48/><D37/><U55/><E106/><V80/><F33/><W124/><G29/><T114/><D119/><U72/><E72/><V15/><F131/><W58/><G117/><T38/><D114/><U76/><E130/><V120/><F120/><W77/><G7/><T71/><D38/><U112/><E112/><V98/><F111/><W104/><G121/><T42/><D50/><U31/><E127/><N who="2" m="48651" /><F68/><W69/><G104/><T105/><D105/><U115/><E115/><V118/><F118/><W49/><G124/><T57/><D71/><U116/><E116/><V75/><F80/><W28/><G69/><T18/><D34/><U45/><E31/><V81/><F81/><W25/><G49/><T26/><D88/><U13/><E134/><V53/><F22/><N who="3" m="15415" /><G39/><T107/><D107/><U108/><E108/><V1/><F1/><W110/><G36/><T109/><D109/><U35/><E35/><V79/><F79/><W133/><G133/><T78/><D78/><U27/><E0/><V41/><F15/><W87/><G87/><T56/><D24/><U66/><E27/><V54/><F62/><W86/><G86/><T10/><D63/><U122/><E122/><V123/><F123/><W21/><G110/><T67/><D26/><U96/><E13/><V89/><F102/><N who="0" m="38922" /><D67/><AGARI ba="1,0" hai="12,19,21,58,61,67,77,83,85,97,99" m="15415" machi="67" ten="30,3900,0" yaku="8,1,52,2" doraHai="94" who="3" fromWho="0" sc="280,-42,240,0,240,0,240,42" /><INIT seed="1,0,0,3,5,132" ten="238,240,240,282" oya="1" hai0="46,49,56,100,80,76,120,81,69,36,44,40,15" hai1="12,18,14,52,127,79,113,104,118,4,38,62,3" hai2="95,124,102,87,35,91,53,77,96,111,20,17,82" hai3="72,123,101,61,16,23,6,133,5,105,64,71,112"/><U42/><E118/><V51/><F124/><W126/><G72/><T108/><D69/><U33/><E33/><V43/><F111/><W9/><G133/><T78/><D108/><U74/><E113/><V34/><F43/><W93/><G123/><T110/><D110/><U47/><E104/><V109/><F109/><W55/><G112/><T19/><D120/><U131/><E131/><V48/><F51/><W28/><G28/><T121/><D121/><U89/><E89/><V107/><F20/><W11/><G105/><T21/><D100/><U13/><E127/><V2/><F2/><W119/><G126/><T66/><D66/><U88/><E88/><V134/><F17/><W41/><G41/><T117/><D117/><U70/><E18/><V122/><F134/><W92/><G119/><T115/><D115/><U67/><E52/><V85/><F122/><W54/><G71/><T60/><D60/><U24/><E24/><V31/><F31/><W32/><G64/><T1/><D1/><U114/><E114/><V57/><AGARI ba="0,0" hai="34,35,48,53,57,77,82,85,87,91,95,96,102,107" machi="57" ten="20,1500,0" yaku="0,1,7,1" doraHai="132" who="2" fromWho="2" sc="238,-4,240,-7,240,15,282,-4" /><INIT seed="2,0,0,0,2,74" ten="234,233,255,278" oya="2" hai0="80,26,35,44,69,107,37,92,124,23,56,9,90" hai1="2,120,10,12,98,14,70,50,102,31,55,121,64" hai2="127,108,100,53,27,11,4,81,114,58,24,77,22" hai3="109,29,123,49,117,18,110,113,93,84,103,41,75"/><V42/><F114/><W43/><G29/><T59/><D107/><U47/><E2/><V129/><F100/><W104/><G113/><T48/><D69/><U86/><E31/><V78/><F42/><W134/><G49/><T63/><D35/><U126/><E126/><V62/><F27/><W51/><G51/><T25/><D37/><U88/><E70/><V79/><F127/><W65/><G65/><T15/><D124/><U32/><E64/><V7/><F129/><W67/><G67/><T33/><D33/><U1/><E32/><V46/><F46/><W54/><G54/><T30/><D80/><N who="1" m="49223" /><E1/><V20/><F108/><N who="3" m="41579" /><G18/><T8/><D26/><U34/><E34/><V39/><F39/><W6/><G6/><N who="2" m="2089" /><F11/><W97/><G134/><T83/><D83/><U91/><E91/><V45/><F81/><W85/><G123/><N who="1" m="47178" /><E10/><V19/><F45/><W36/><G117/><T133/><D133/><U89/><E89/><V5/><N who="2" m="2097" /><V52/><DORA hai="105" /><F22/><W128/><G128/><T130/><D130/><U99/><E99/><V95/><F95/><AGARI ba="0,0" hai="12,14,47,50,55,95,98,102" m="47178,49223" machi="95" ten="30,2000,0" yaku="13,1,54,1" doraHai="74,105" who="1" fromWho="2" sc="234,0,233,20,255,-20,278,0" /><INIT seed="3,0,0,5,1,46" ten="234,253,235,278" oya="3" hai0="10,110,98,127,117,49,17,118,103,60,113,81,12" hai1="105,20,102,23,135,7,67,6,71,13,80,21,119" hai2="87,5,45,114,65,1,56,25,40,66,72,70,35" hai3="32,31,132,59,52,48,39,29,55,79,61,122,14"/><W96/><G39/><T36/><D36/><U91/><E119/><V57/><F72/><W111/><G32/><T123/><D123/><U75/><E135/><V9/><F114/><W93/><G122/><T33/><D113/><U34/><E34/><V76/><F66/><W51/><G132/><T77/><D110/><U133/><E133/><V62/><F35/><W92/><G79/><T11/><D127/><U116/><E116/><V104/><F25/><W99/><G111/><T0/><D33/><U68/><E67/><V22/><F22/><W86/><G86/><T53/><D60/><U78/><E91/><V101/><F101/><W107/><G107/><T100/><D0/><U134/><E134/><V73/><F104/><W115/><G115/><T54/><D11/><U27/><E27/><V15/><F73/><W94/><G14/><T28/><D28/><N who="3" m="10825" /><G61/><T43/><D103/><U129/><E102/><V130/><F1/><W64/><G64/><T125/><D125/><U112/><E105/><V108/><F108/><W19/><G19/><T121/><D121/><U58/><E112/><V89/><F76/><W109/><G109/><T83/><D118/><U69/><E13/><V42/><F130/><W24/><G24/><T16/><D117/><U2/><E129/><V63/><F45/><AGARI ba="0,0" hai="45,48,51,52,55,59,92,93,94,96,99" m="10825" machi="45" ten="30,11600,0" yaku="8,1,52,2,54,1" doraHai="46" who="3" fromWho="2" sc="234,0,253,0,235,-116,278,116" /><INIT seed="3,1,0,4,0,9" ten="234,253,119,394" oya="3" hai0="4,125,129,91,53,41,97,130,99,117,93,35,1" hai1="20,75,16,57,89,80,112,58,67,113,62,133,3" hai2="38,111,71,124,37,102,42,32,90,73,100,114,70" hai3="59,39,25,40,19,49,88,8,106,60,11,31,86"/><W109/><G39/><T121/><D117/><U21/><E3/><V2/><F114/><W34/><G106/><T128/><D121/><U10/><E133/><V13/><F2/><W108/><G40/><T74/><D35/><U94/><E75/><V47/><F38/><W72/><G49/><T92/><D74/><U84/><E80/><V14/><F32/><W48/><G48/><T101/><D125/><U77/><E77/><V51/><F124/><W123/><G72/><T110/><D110/><N who="3" m="42601" /><G19/><T78/><D78/><U5/><E58/><V17/><F111/><W126/><G123/><T83/><D83/><U118/><E21/><V55/><F73/><W45/><G45/><T103/><D41/><U98/><E118/><V46/><F90/><W12/><G126/><T95/><D53/><U104/><E104/><V22/><REACH who="2" step="1"/><F13/><REACH who="2" ten="234,253,109,394" step="2"/><W135/><G12/><T68/><D1/><U134/><E134/><V87/><F87/><W65/><G135/><T33/><D33/><U122/><E122/><V63/><F63/><W6/><G6/><T79/><D4/><U43/><E84/><V66/><F66/><W52/><G65/><T54/><D79/><U64/><E64/><V44/><F44/><W81/><AGARI ba="1,1" hai="8,11,25,31,34,52,59,60,81,86,88" m="42601" machi="81" ten="30,11700,0" yaku="14,1,10,1,54,2" doraHai="9" who="3" fromWho="3" sc="234,-40,253,-40,109,-40,394,130" /><INIT seed="3,2,0,4,4,82" ten="194,213,69,524" oya="3" hai0="123,37,46,92,42,58,99,5,78,95,131,105,87" hai1="19,117,81,60,51,41,133,97,83,111,17,18,6" hai2="96,91,21,32,72,130,14,35,79,45,25,11,28" hai3="71,98,22,30,116,63,15,27,73,53,115,120,132"/><W114/><G73/><T3/><D105/><U126/><E126/><V36/><F130/><W106/><G120/><T93/><D123/><U10/><E133/><V121/><F121/><W33/><G116/><T80/><D131/><U128/><E128/><V65/><F65/><W49/><G132/><T40/><D40/><U124/><E117/><V66/><F66/><N who="3" m="41439" /><G22/><T122/><D122/><U70/><E70/><V102/><F91/><W61/><G15/><T85/><D58/><U20/><E60/><V125/><F125/><W68/><G68/><T9/><REACH who="0" step="1"/><D99/><REACH who="0" ten="184,213,69,524" step="2"/><U1/><E97/><V74/><F96/><W109/><G109/><T34/><D34/><U7/><E111/><V24/><F35/><W127/><G127/><T4/><D4/><U16/><E124/><V64/><F36/><W8/><G61/><T112/><D112/><U31/><E7/><V103/><F45/><N who="3" m="27823" /><G27/><T12/><D12/><U57/><E41/><V69/><F72/><AGARI ba="2,1" hai="3,5,9,37,42,46,72,78,80,85,87,92,93,95" machi="72" ten="40,8000,1" yaku="1,1,25,2,52,2,53,0" doraHai="82" doraHaiUra="48" who="0" fromWho="2" sc="184,96,213,0,69,-86,524,0" owari="280,8.0,213,-19.0,-17,-52.0,524,63.0" /></mjloggm>