<mjloggm ver="2.3"><GO type="169" lobby="0"/><UN n0="%E9%AB%98%E7%94%BA%E3%83%B4%E3%82%A3%E3%83%B4%E3%82%A3%E3%82%AA%E2%98%86" n1="%6E%65%6F%40%75%6E%69" n2="%EF%BC%88%E2%89%A7%E2%96%BD%E2%89%A6%EF%BC%89" n3="%E3%81%84%E3%81%AC%E3%81%98%E3%82%83%E3%82%89%E3%81%97" dan="16,17,17,17" rate="2134,2192,2105,2191" sx="M,M,M,M"/><TAIKYOKU oya="0"/><INIT seed="0,0,0,0,0,16" ten="250,250,250,250" oya="0" hai0="24,94,56,25,52,31,5,50,119,35,27,91,97" hai1="114,46,53,81,93,108,84,6,7,122,3,86,88" hai2="48,123,124,87,18,26,8,85,36,14,43,44,72" hai3="62,20,113,22,4,127,69,126,71,34,117,2,33"/><T118/><REACH who="0" step="1"/><D5/><REACH who="0" ten="240,250,250,250" step="2"/><U135/><E6/><V92/><F123/><W131/><G4/><T89/><D89/><U75/><E88/><V45/><F124/><W42/><G127/><T125/><D125/><U130/><E7/><V9/><F72/><W21/><G126/><T82/><D82/><U132/><E81/><V64/><F87/><W110/><G117/><AGARI ba="0,1" hai="24,25,27,31,35,50,52,56,91,94,97,117,118,119" machi="117" ten="40,7700,0" yaku="21,2,54,1,53,0" doraHai="16" doraHaiUra="61" who="0" fromWho="3" sc="240,87,250,0,250,0,250,-77" /><INIT seed="0,1,0,4,0,59" ten="327,250,250,173" oya="0" hai0="62,28,23,67,135,14,41,50,40,16,75,35,113" hai1="91,5,66,69,78,124,13,63,0,52,94,107,122" hai2="29,48,120,10,112,6,1,71,76,27,46,44,18" hai3="45,39,134,51,90,22,102,95,2,64,119,92,133"/><T54/><D75/><U132/><E107/><V130/><F120/><W65/><G119/><T77/><D77/><U109/><E122/><V82/><F112/><W83/><G39/><T101/><D101/><U49/><E0/><V60/><F130/><W11/><G22/><T129/><D129/><U99/><E124/><V3/><F3/><W43/><G83/><T26/><D135/><N who="3" m="51721" /><G102/><T125/><D125/><U19/><E132/><V31/><F18/><W53/><G43/><T55/><D113/><U30/><E30/><V72/><F48/><W70/><G70/><T57/><REACH who="0" step="1"/><D55/><REACH who="0" ten="317,250,250,173" step="2"/><U97/><E78/><V12/><F76/><W118/><G118/><T128/><D128/><U117/><E117/><V114/><F72/><W17/><G53/><T20/><D20/><U58/><E109/><V104/><F114/><W115/><G115/><T123/><D123/><U106/><E106/><V24/><F104/><W47/><G90/><T126/><D126/><U87/><E5/><V36/><F6/><W84/><G11/><AGARI ba="1,1" hai="11,13,19,49,52,58,63,66,69,87,91,94,97,99" machi="11" ten="30,3900,0" yaku="7,1,52,1,54,1" doraHai="59" who="1" fromWho="3" sc="317,0,250,52,250,0,173,-42" /><INIT seed="1,0,0,2,3,7" ten="317,302,250,131" oya="1" hai0="27,123,63,73,74,117,11,3,60,105,22,59,99" hai1="77,108,85,18,90,50,128,47,39,28,71,86,113" hai2="15,76,6,83,33,36,16,5,1,116,133,135,34" hai3="12,53,32,120,111,37,101,68,62,82,51,88,19"/><U118/><E118/><V70/><F70/><W129/><G120/><T92/><D117/><U61/><E113/><V102/><F36/><W122/><G122/><T80/><D105/><U24/><E39/><V124/><F116/><W21/><G37/><T97/><D123/><U45/><E128/><V67/><F67/><W103/><G32/><N who="2" m="12393" /><F102/><W64/><G111/><T57/><D80/><U20/><E108/><V66/><F66/><W115/><G129/><T131/><D131/><U93/><E61/><V127/><F1/><W54/><G115/><T42/><D42/><U132/><E71/><V110/><F110/><W56/><REACH who="3" step="1"/><G53/><REACH who="3" ten="317,302,250,121" step="2"/><T30/><D73/><U26/><E132/><N who="2" m="50763" /><F127/><W13/><G13/><T41/><D74/><U109/><E109/><V29/><F124/><W121/><G121/><T4/><D41/><U8/><E26/><V17/><F29/><W48/><G48/><T40/><D40/><U134/><E50/><V89/><F89/><W100/><G100/><T43/><D43/><U75/><E134/><V10/><F5/><W14/><G14/><T58/><REACH who="0" step="1"/><D99/><REACH who="0" ten="307,302,250,121" step="2"/><U87/><E75/><AGARI ba="0,2" hai="6,10,15,16,17,75,76,83" m="50763,12393" machi="75" ten="30,3900,0" yaku="20,1,52,1,54,1" doraHai="7" who="2" fromWho="1" sc="307,0,302,-39,250,59,121,0" /><INIT seed="2,0,0,1,3,56" ten="307,263,309,121" oya="2" hai0="125,74,26,11,34,23,60,102,95,71,53,105,112" hai1="38,98,65,29,7,103,66,106,21,84,52,46,78" hai2="27,70,72,16,58,111,87,96,64,43,32,115,109" hai3="3,67,110,135,62,4,5,104,69,83,93,86,6"/><V91/><F72/><W15/><G104/><T118/><D74/><U68/><E7/><V28/><F115/><W51/><G110/><N who="2" m="41993" /><F43/><W17/><G135/><T107/><D112/><U12/><E38/><V0/><F0/><W133/><G133/><T35/><D125/><U119/><E119/><V101/><F70/><W82/><G3/><T9/><D34/><U126/><E68/><V127/><F127/><W19/><G51/><T48/><D95/><U100/><E100/><V37/><F37/><W130/><G130/><T120/><D120/><U128/><E128/><V1/><F1/><W94/><G19/><T25/><D25/><U8/><E126/><V40/><F40/><W99/><G99/><T2/><D2/><U121/><E121/><V134/><F134/><W61/><G61/><T79/><D60/><U122/><E122/><V92/><F16/><W85/><G85/><T63/><D118/><U81/><E21/><V45/><F45/><W89/><REACH who="3" step="1"/><G82/><REACH who="3" ten="307,263,309,111" step="2"/><T13/><D107/><U41/><E106/><N who="2" m="63783" /><F64/><W55/><G55/><T108/><D53/><U42/><E65/><V117/><F117/><W97/><G97/><T59/><D108/><U31/><E66/><V123/><F123/><W57/><G57/><AGARI ba="0,1" hai="27,28,32,57,58,87,91,92" m="63783,41993" machi="57" ten="30,2900,0" yaku="14,1,10,1" doraHai="56" who="2" fromWho="3" sc="307,0,263,0,309,39,111,-29" /><INIT seed="2,1,0,3,3,135" ten="307,263,348,82" oya="2" hai0="127,25,14,22,50,6,68,35,54,99,67,79,131" hai1="4,108,75,45,15,83,110,51,73,98,94,23,129" hai2="132,116,103,78,109,64,44,57,41,9,85,122,72" hai3="128,55,58,97,65,17,96,56,46,30,123,47,43"/><V76/><F122/><W117/><G123/><T121/><D121/><U59/><E59/><V84/><F116/><W39/><G117/><T1/><D1/><U125/><E129/><V74/><F132/><W20/><G128/><T91/><D131/><U101/><E83/><V36/><F103/><W106/><G106/><T112/><D79/><U33/><E33/><V87/><F109/><N who="1" m="42089" /><E125/><V7/><F76/><W102/><G102/><T133/><D112/><U118/><E118/><V42/><F42/><W18/><G30/><T34/><D67/><U92/><E94/><V113/><F113/><W2/><G2/><T82/><D68/><U31/><E4/><V63/><REACH who="2" step="1"/><F78/><REACH who="2" ten="307,263,338,82" step="2"/><W107/><G43/><T38/><D133/><U8/><E101/><V70/><F70/><W111/><G111/><T29/><D91/><U115/><E115/><V52/><F52/><W60/><G55/><T5/><D54/><U10/><E75/><V53/><F53/><W32/><G65/><T28/><D38/><U16/><E73/><V126/><F126/><W105/><G39/><T89/><D127/><U119/><E119/><V80/><F80/><W88/><G88/><T114/><D82/><U24/><E45/><V93/><F93/><W90/><G90/><T120/><D89/><N who="1" m="55567" /><E51/><V69/><F69/><W66/><G66/><T95/><D50/><U0/><E0/><AGARI ba="1,1" hai="0,7,9,36,41,44,57,63,64,72,74,84,85,87" machi="0" ten="40,3900,0" yaku="1,1,53,1" doraHai="135" doraHaiUra="40" who="2" fromWho="1" sc="307,0,263,-42,338,52,82,0" /><INIT seed="2,2,0,1,0,6" ten="307,221,390,82" oya="2" hai0="103,23,75,85,120,113,107,132,56,131,4,90,72" hai1="59,57,35,87,106,116,12,108,114,24,53,2,79" hai2="17,38,71,44,43,51,89,78,80,37,10,40,76" hai3="77,74,83,63,58,84,86,54,55,31,73,46,9"/><V22/><F71/><W30/><G74/><T125/><D120/><U69/><E69/><V1/><F89/><W70/><G70/><T110/><D4/><U32/><E2/><V7/><F43/><W95/><G73/><T109/><D23/><U33/><E114/><V62/><F62/><W41/><G55/><T98/><D56/><U45/><E106/><V91/><F91/><W50/><G86/><T130/><D113/><U101/><E116/><V100/><F100/><W119/><G119/><T60/><D60/><U92/><E108/><N who="0" m="41577" /><D132/><U0/><E0/><V42/><F42/><W19/><REACH who="3" step="1"/><G95/><REACH who="3" ten="307,221,390,72" step="2"/><N who="0" m="54735" /><D125/><U115/><E115/><V25/><REACH who="2" step="1"/><F76/><REACH who="2" ten="307,221,380,72" step="2"/><W81/><G81/><T96/><D96/><U16/><E79/><V68/><F68/><W27/><G27/><T65/><D65/><U118/><E24/><V5/><F5/><W61/><G61/><T121/><D121/><U124/><E118/><V47/><F47/><W94/><G94/><T82/><D82/><U134/><E92/><V133/><F133/><W11/><G11/><T26/><D26/><U126/><E134/><V14/><F14/><AGARI ba="2,2" hai="9,14,19,30,31,41,46,50,54,58,63,77,83,84" machi="14" ten="40,5200,0" yaku="1,1,8,1,52,1,53,0" doraHai="6" doraHaiUra="97" who="3" fromWho="2" sc="307,0,221,0,380,-58,72,78" /><INIT seed="3,0,0,0,4,5" ten="307,221,322,150" oya="3" hai0="22,107,76,89,16,81,54,62,87,52,38,69,119" hai1="84,10,127,39,48,77,111,13,118,24,130,110,85" hai2="43,50,37,15,42,25,124,73,53,8,40,122,63" hai3="33,2,88,70,58,100,27,103,129,98,94,106,19"/><W97/><G70/><T78/><D38/><U32/><E39/><V18/><F73/><W66/><G2/><T112/><D107/><U14/><E127/><V95/><F124/><W115/><G115/><T86/><D119/><U34/><E130/><V9/><F122/><W126/><G126/><T57/><D69/><U92/><E118/><V26/><F37/><W120/><G120/><T114/><D54/><U55/><E14/><V21/><F63/><N who="3" m="38263" /><G106/><T44/><D44/><U102/><E102/><N who="3" m="38954" /><G33/><T60/><D60/><U68/><E68/><V41/><F95/><N who="3" m="56551" /><G129/><T79/><REACH who="0" step="1"/><D87/><REACH who="0" ten="297,221,322,150" step="2"/><U71/><E85/><V31/><F40/><W61/><G61/><T123/><D123/><U0/><E84/><V4/><F41/><W30/><G30/><T51/><D51/><U101/><E48/><V65/><F43/><W74/><G74/><T90/><D90/><U93/><E55/><V132/><F42/><W131/><G131/><T116/><D116/><U28/><E71/><V80/><F31/><W104/><G104/><T47/><D47/><U45/><E45/><V135/><F53/><W96/><G94/><T82/><D82/><U20/><E92/><V49/><F80/><W109/><G109/><T117/><D117/><U17/><E93/><V113/><F50/><W134/><G134/><T46/><D46/><U59/><E111/><V12/><F135/><W121/><G121/><T35/><D35/><U133/><E32/><V128/><F132/><W7/><G7/><T64/><D64/><U36/><E34/><V99/><F128/><W72/><G72/><T108/><D108/><RYUUKYOKU ba="0,1" sc="297,15,221,-15,322,-15,150,15" hai0="16,22,52,57,62,76,78,79,81,86,89,112,114" hai3="19,27,96,98" /><INIT seed="3,1,1,5,4,59" ten="312,206,307,165" oya="3" hai0="112,122,131,61,68,5,15,52,88,115,103,27,23" hai1="35,20,102,69,26,42,97,70,36,80,107,60,135" hai2="121,133,13,111,127,94,24,113,10,132,75,128,82" hai3="85,57,126,89,134,32,37,79,96,11,108,105,100"/><W129/><G37/><T63/><D122/><U87/><E135/><N who="2" m="51787" /><F113/><N who="0" m="43594" /><D103/><U101/><E101/><V28/><F111/><W44/><G134/><T19/><D131/><U18/><E35/><V99/><F121/><W14/><G32/><T117/><D117/><U9/><E42/><V72/><F82/><W53/><G129/><T0/><D0/><U104/><E104/><V54/><F54/><W38/><G126/><T58/><D88/><U21/><E36/><V34/><F127/><W95/><G108/><T6/><D27/><U67/><E70/><V3/><F3/><W116/><G116/><T91/><D91/><U86/><E9/><V22/><F34/><W39/><G44/><T49/><D49/><U56/><E69/><V90/><F128/><W17/><REACH who="3" step="1"/><G79/><REACH who="3" ten="312,206,307,155" step="2"/><T4/><D4/><AGARI ba="1,2" hai="4,10,13,22,24,28,72,75,90,94,99" m="51787" machi="4" ten="30,1000,0" yaku="20,1" doraHai="59" who="2" fromWho="0" sc="312,-13,206,0,307,33,155,0" /><INIT seed="4,0,0,3,0,134" ten="299,206,340,155" oya="0" hai0="19,11,41,10,81,132,40,116,14,34,106,133,46" hai1="57,124,121,70,30,98,110,77,104,85,29,65,95" hai2="113,43,129,93,2,3,44,103,108,78,123,105,76" hai3="53,94,54,131,135,75,130,31,27,90,92,28,64"/><T118/><D106/><U33/><E110/><V25/><F123/><W88/><G75/><T0/><D34/><U52/><E121/><V120/><F120/><W72/><G72/><T23/><D81/><U22/><E33/><V74/><F108/><W112/><G64/><T55/><D55/><N who="3" m="21001" /><G112/><T61/><D61/><U68/><E104/><V36/><F113/><W63/><G63/><T91/><D91/><N who="3" m="34857" /><G135/><N who="0" m="51787" /><D40/><U15/><E65/><V21/><F105/><W84/><G84/><T7/><D10/><U100/><E70/><V6/><F74/><W97/><G27/><T73/><D73/><U119/><E68/><V8/><F3/><W82/><G82/><T126/><D126/><U5/><E124/><V39/><F39/><AGARI ba="0,0" hai="0,7,11,14,19,23,39,41,46,116,118" m="51787" machi="39" ten="30,1500,0" yaku="20,1" doraHai="134" who="0" fromWho="2" sc="299,15,206,0,340,-15,155,0" /><INIT seed="4,1,0,2,1,101" ten="314,206,325,155" oya="0" hai0="96,91,38,29,112,132,61,39,125,16,43,46,115" hai1="56,65,70,95,90,79,67,74,78,77,58,104,69" hai2="71,88,42,9,81,116,54,80,22,6,129,121,49" hai3="73,18,75,111,84,33,128,63,130,14,57,134,89"/><T12/><D29/><U32/><E32/><V28/><F121/><W8/><G111/><T27/><D27/><U48/><E74/><V126/><F116/><W110/><G110/><T44/><D132/><U66/><E104/><V23/><F126/><W135/><G33/><T55/><D125/><U51/><E90/><V47/><F129/><N who="3" m="49771" /><G75/><T106/><D61/><U87/><E95/><V107/><F71/><N who="1" m="27145" /><E87/><V40/><F28/><W102/><G102/><N who="0" m="62791" /><D91/><U5/><E5/><V92/><F107/><W99/><G99/><T98/><D98/><U17/><E17/><V119/><F119/><W76/><G76/><T20/><D55/><U97/><E97/><N who="2" m="57479" /><F81/><N who="3" m="49295" /><G73/><T34/><D34/><U113/><E113/><N who="0" m="43593" /><D44/><U11/><E11/><V123/><F123/><W13/><G13/><T108/><D108/><U94/><E94/><V30/><F80/><W103/><G103/><T100/><D100/><U72/><E72/><V83/><F83/><W36/><G135/><T52/><D52/><U131/><E131/><V133/><F133/><W59/><G134/><T118/><D118/><U53/><E53/><V0/><F30/><W2/><G2/><T10/><D39/><U93/><E93/><V114/><F114/><W62/><G36/><T86/><D86/><U26/><E26/><V3/><F3/><W120/><G120/><T25/><D25/><U122/><E122/><V82/><F82/><W124/><G124/><T109/><D109/><U117/><E117/><V105/><F105/><W85/><G85/><T4/><D4/><U64/><N who="1" m="16384" /><DORA hai="31" /><U15/><E15/><V41/><AGARI ba="1,0" hai="0,6,9,22,23,40,41,42,47,49,54" m="57479" machi="41" ten="30,2000,0" yaku="5,1,54,1" doraHai="101,31" who="2" fromWho="2" sc="314,-11,206,-6,325,23,155,-6" /><INIT seed="5,0,0,4,3,84" ten="303,200,348,149" oya="1" hai0="37,133,92,65,7,12,33,51,15,110,4,54,29" hai1="61,91,85,128,104,94,56,116,60,31,134,130,72" hai2="127,125,25,114,71,96,97,42,55,107,34,10,17" hai3="81,47,28,105,83,9,79,46,35,120,117,103,89"/><U78/><E116/><V67/><F114/><W30/><G120/><T122/><D37/><U18/><E104/><V8/><F42/><W106/><G117/><T118/><D122/><U49/><E31/><N who="2" m="19823" /><F55/><W113/><G113/><T13/><D118/><U16/><E134/><V98/><F17/><N who="1" m="6761" /><E49/><V59/><F59/><W40/><G9/><T80/><D33/><U87/><E72/><V26/><F26/><W126/><G126/><N who="2" m="48137" /><F107/><W63/><G35/><T75/><D54/><U20/><E20/><V77/><F77/><W74/><G63/><AGARI ba="0,0" hai="8,10,63,67,71,96,97,98" m="48137,19823" machi="63" ten="30,1000,0" yaku="18,1" doraHai="84" who="2" fromWho="3" sc="303,0,200,0,348,10,149,-10" /><INIT seed="6,0,0,1,0,130" ten="303,200,358,139" oya="2" hai0="92,129,60,131,67,29,122,126,127,134,46,85,19" hai1="54,128,24,52,69,68,45,119,12,59,82,20,8" hai2="77,70,1,61,10,91,0,53,3,71,84,47,116" hai3="31,48,72,87,49,18,22,95,4,25,21,104,17"/><V74/><F116/><W86/><G104/><T88/><D122/><U120/><E120/><V16/><F74/><W5/><G72/><T93/><D29/><U50/><E128/><N who="0" m="49225" /><D46/><U51/><E119/><V80/><F77/><W41/><G31/><T121/><D121/><U27/><E82/><V55/><F55/><W58/><G58/><N who="0" m="37271" /><D19/><U109/><E109/><V2/><F61/><W89/><G87/><T40/><D40/><U65/><E65/><V108/><F108/><W35/><G35/><T114/><D114/><U83/><E83/><V135/><F47/><W56/><G49/><T105/><D105/><U30/><REACH who="1" step="1"/><E27/><REACH who="1" ten="303,190,358,139" step="2"/><V9/><F80/><W99/><G99/><N who="0" m="57735" /><D134/><U132/><E132/><V79/><F135/><W102/><G102/><T98/><D85/><U15/><E15/><V37/><F84/><W38/><G38/><T14/><D14/><U7/><AGARI ba="0,1" hai="7,8,12,20,24,30,45,50,51,52,54,59,68,69" machi="7" ten="20,5200,0" yaku="1,1,0,1,7,1,54,1,53,0" doraHai="130" doraHaiUra="103" who="1" fromWho="1" sc="303,-13,190,62,358,-26,139,-13" /><INIT seed="7,0,0,2,4,40" ten="290,252,332,126" oya="3" hai0="115,16,122,127,31,9,86,14,56,65,42,33,82" hai1="118,81,95,132,41,75,103,6,104,49,78,92,114" hai2="126,98,15,129,125,100,123,62,43,91,113,20,133" hai3="90,131,130,44,60,112,10,80,72,35,11,26,58"/><W28/><G112/><T93/><D115/><U54/><E114/><V50/><F123/><W83/><G72/><T47/><D122/><U70/><E70/><V0/><F0/><W96/><G96/><T107/><D107/><U87/><E118/><V34/><F34/><W124/><G124/><N who="2" m="47721" /><F133/><W23/><G35/><T116/><D116/><U37/><E6/><V46/><F129/><N who="3" m="49163" /><G44/><T106/><D106/><U73/><E132/><V17/><F113/><W68/><G68/><T108/><D108/><U84/><E41/><V61/><F91/><W3/><G3/><T25/><D127/><U102/><E54/><V63/><F63/><W59/><G59/><T7/><D93/><AGARI ba="0,0" hai="15,17,20,43,46,50,61,62,93,98,100" m="47721" machi="93" ten="30,2000,0" yaku="18,1,52,1" doraHai="40" who="2" fromWho="0" sc="290,-20,252,0,332,20,126,0" owari="270,7.0,252,-15.0,352,45.0,126,-37.0" /></mjloggm>