<mjloggm ver="2.3"><GO type="169"/><UN n0="%E9%B7%B9%EF%BC%93" n1="%E9%89%84%E9%A2%A8%E5%B0%91%E5%A5%B3" n2="%EF%BC%88%E2%89%A7%E2%96%BD%E2%89%A6%EF%BC%89" n3="%E9%A2%A8%E8%BB%8A%E3%81%AE%E7%B5%B5%E7%90%86%E5%AD%90" dan="16,16,18,17" rate="2077,2136,2194,2143" sx="M,F,M,F"/><TAIKYOKU oya="0"/><INIT seed="0,0,0,5,0,16" ten="250,250,250,250" oya="0" hai0="87,67,27,38,107,7,47,94,115,108,0,23,83" hai1="64,24,20,59,76,63,53,32,6,111,65,103,117" hai2="56,123,29,62,126,78,39,129,109,124,10,17,106" hai3="116,74,105,31,36,44,43,79,73,54,92,9,35"/><T4/><D115/><U25/><E117/><V72/><F106/><W37/><G105/><T99/><D108/><U69/><E111/><V97/><F39/><W125/><G116/><T120/><D107/><U90/><E103/><V46/><F97/><W75/><G37/><T84/><D120/><U95/><E76/><V110/><F29/><W61/><G125/><N who="2" m="48233" /><F46/><W77/><G35/><T131/><D131/><U122/><E122/><V82/><F129/><W18/><G31/><T114/><D114/><U119/><E119/><V2/><F123/><W33/><G33/><T48/><D38/><U93/><E6/><N who="2" m="1367" /><F17/><W58/><G92/><T26/><D67/><AGARI ba="0,0" hai="56,62,67,72,78,82,109,110" m="1367,48233" machi="67" ten="30,1000,0" yaku="18,1" doraHai="16" who="2" fromWho="0" sc="250,-10,250,0,250,10,250,0" /><INIT seed="1,0,0,5,0,76" ten="240,250,260,250" oya="1" hai0="104,106,94,69,93,54,96,13,99,110,79,20,38" hai1="43,86,34,127,97,26,44,81,31,68,59,28,87" hai2="36,23,123,83,40,63,16,116,22,32,0,21,37" hai3="75,15,117,1,41,45,53,25,89,46,101,35,95"/><U126/><E68/><V57/><F123/><W12/><G1/><T65/><D38/><U134/><E134/><V6/><F116/><W5/><G101/><T125/><D125/><U92/><E31/><V60/><F32/><W61/><G75/><T30/><D110/><U103/><E59/><V71/><F71/><W3/><G117/><T119/><D119/><U47/><E87/><V2/><F40/><W49/><G3/><T70/><D79/><U39/><REACH who="1" step="1"/><E44/><REACH who="1" ten="240,240,260,250" step="2"/><V27/><F57/><W100/><G46/><T133/><D70/><U131/><E131/><V24/><F37/><W51/><G45/><T111/><D69/><U56/><E56/><V74/><F36/><W17/><G35/><T108/><D133/><U33/><E33/><V18/><F74/><W129/><G129/><T135/><D135/><U109/><E109/><V64/><F64/><W4/><G51/><T11/><D111/><U10/><E10/><V77/><F63/><W67/><G49/><T72/><D108/><U120/><E120/><V112/><F60/><W55/><G61/><T14/><D30/><U115/><E115/><V124/><F112/><W128/><G67/><T78/><D65/><U58/><E58/><V50/><F50/><W114/><G114/><T113/><D113/><U42/><E42/><V118/><F118/><W9/><G41/><T98/><D72/><U90/><AGARI ba="0,1" hai="26,28,34,39,43,47,81,86,90,92,97,103,126,127" machi="90" ten="30,6000,0" yaku="1,1,0,1,52,1,53,0" doraHai="76" doraHaiUra="7" who="1" fromWho="1" sc="240,-20,240,70,260,-20,250,-20" /><INIT seed="1,1,0,1,0,1" ten="220,310,240,230" oya="1" hai0="131,110,44,68,80,51,39,16,102,111,88,26,48" hai1="69,133,98,53,34,116,37,123,114,97,132,7,124" hai2="119,99,73,104,77,74,25,22,2,72,4,41,17" hai3="108,23,112,45,38,134,49,71,10,75,30,93,129"/><U8/><E123/><V85/><F119/><W40/><G75/><T6/><D131/><U13/><E116/><V33/><F33/><W59/><G112/><T54/><D68/><U18/><E114/><V83/><F41/><W19/><G108/><N who="0" m="41515" /><D102/><U0/><E69/><V11/><F104/><W63/><G134/><N who="1" m="51818" /><E37/><V12/><REACH who="2" step="1"/><F99/><REACH who="2" ten="220,310,230,230" step="2"/><W46/><G129/><T60/><D39/><U95/><E34/><V135/><F135/><W84/><G40/><T55/><D60/><U66/><E98/><V118/><F118/><W24/><G63/><T101/><D101/><U82/><E97/><V42/><F42/><W78/><G38/><T64/><D64/><U79/><E66/><V76/><F76/><W127/><G78/><T28/><D54/><U57/><E53/><V36/><F36/><W103/><G103/><T89/><D51/><U121/><E79/><V90/><F90/><W3/><G49/><T9/><D80/><U105/><E82/><V62/><F62/><W67/><G67/><T61/><D61/><U50/><E105/><V58/><F58/><W120/><G59/><T87/><D87/><U126/><E95/><V130/><F130/><W100/><G93/><T81/><D81/><U96/><E96/><V20/><F20/><W14/><G23/><N who="0" m="13671" /><D28/><U52/><E121/><V91/><F91/><W106/><G30/><T109/><N who="0" m="41523" /><T117/><DORA hai="32" /><D117/><U94/><E94/><V29/><F29/><W128/><G120/><T15/><AGARI ba="1,1" hai="6,9,15,44,48,55,88,89" m="13671,41523" machi="15" ten="40,8000,1" yaku="14,1,52,1,54,2" doraHai="1,32" who="0" fromWho="0" sc="220,93,310,-41,230,-21,230,-21" /><INIT seed="2,0,0,4,3,29" ten="313,269,209,209" oya="2" hai0="113,47,84,0,49,78,114,131,73,44,54,56,9" hai1="67,108,121,81,3,41,109,53,43,128,123,133,100" hai2="48,115,102,98,5,26,103,6,86,112,16,33,20" hai3="79,57,15,24,130,35,10,76,87,61,107,63,46"/><V105/><F103/><W97/><G130/><T70/><D131/><U96/><E3/><V12/><F86/><W22/><G35/><T59/><D70/><U65/><E128/><V36/><F36/><W31/><G63/><T19/><D73/><U74/><E81/><V101/><F101/><W21/><G21/><T14/><D0/><U28/><E28/><V135/><F135/><W17/><G107/><T106/><D106/><U68/><E74/><V51/><F5/><W125/><G125/><T25/><D25/><U8/><E8/><V110/><F110/><N who="1" m="42601" /><E68/><V80/><F80/><W116/><G116/><T58/><D78/><U60/><E96/><V92/><F105/><W89/><G46/><T104/><D104/><U4/><E4/><V99/><F99/><W62/><G97/><T2/><D2/><U91/><E91/><V111/><F111/><W120/><G120/><N who="1" m="46154" /><E100/><V124/><F124/><W118/><G118/><T132/><D132/><U69/><E133/><V129/><F129/><W134/><G134/><T37/><D84/><U42/><E69/><V45/><F6/><W71/><G71/><T66/><D66/><U13/><E13/><V1/><F1/><W82/><REACH who="3" step="1"/><G62/><REACH who="3" ten="313,269,209,199" step="2"/><T77/><D114/><U27/><E27/><V55/><F26/><W85/><G85/><T7/><D113/><N who="2" m="43594" /><F33/><W88/><G88/><T93/><D77/><U95/><E95/><V83/><F83/><W75/><G75/><T117/><D93/><U32/><E32/><V64/><F92/><W94/><G94/><T39/><D117/><U90/><E90/><V122/><F98/><RYUUKYOKU ba="0,1" sc="313,-15,269,15,209,-15,199,15" hai1="41,42,43,53,60,65,67" hai3="10,15,17,22,24,31,57,61,76,79,82,87,89" /><INIT seed="3,1,1,5,0,45" ten="298,284,194,214" oya="3" hai0="61,92,40,1,25,130,31,88,109,97,4,64,43" hai1="128,10,36,7,9,113,29,0,131,105,37,103,2" hai2="41,50,46,111,127,89,12,63,135,19,35,134,85" hai3="33,98,124,99,76,115,87,104,6,17,118,122,62"/><W82/><G33/><T72/><D130/><N who="1" m="49707" /><E113/><V110/><F35/><W83/><G118/><T84/><D72/><U114/><E114/><V117/><F117/><W91/><G115/><T54/><D109/><N who="2" m="41482" /><F127/><W66/><G122/><T78/><D1/><N who="1" m="619" /><E29/><V11/><F63/><W112/><G112/><T49/><D4/><U59/><E7/><V81/><AGARI ba="1,1" hai="11,12,19,41,46,50,81,85,89,134,135" m="41482" machi="81" ten="30,2000,0" yaku="14,1,52,1" doraHai="45" who="2" fromWho="2" sc="298,-6,284,-6,194,33,214,-11" /><INIT seed="4,0,0,2,4,105" ten="292,278,227,203" oya="0" hai0="81,34,61,89,66,101,47,53,33,4,98,13,8" hai1="96,113,54,15,94,36,18,125,62,22,73,16,67" hai2="21,17,58,115,114,119,128,7,59,86,122,88,3" hai3="69,40,6,92,97,91,49,68,20,77,124,85,93"/><T60/><D47/><U135/><E36/><V80/><F122/><W76/><G6/><T109/><D109/><U75/><E135/><V133/><F133/><W55/><G40/><T110/><D110/><U95/><E125/><V72/><F72/><W132/><G132/><T117/><D117/><U19/><E113/><N who="2" m="43019" /><F128/><W30/><G124/><T103/><D53/><U14/><E54/><V127/><F119/><W51/><G69/><T71/><D60/><U106/><E106/><V108/><F108/><W64/><G64/><T134/><D134/><U131/><E131/><V31/><F31/><W41/><G68/><T70/><D70/><U28/><E95/><V11/><F127/><W43/><G43/><T26/><D26/><AGARI ba="0,0" hai="3,7,11,17,21,26,58,59,80,86,88" m="43019" machi="26" ten="30,2000,0" yaku="15,1,54,1" doraHai="105" who="2" fromWho="0" sc="292,-20,278,0,227,20,203,0" /><INIT seed="5,0,0,2,3,0" ten="272,278,247,203" oya="1" hai0="57,41,22,60,66,110,126,31,125,39,33,74,43" hai1="5,16,15,87,12,108,124,49,72,9,69,109,18" hai2="45,34,123,28,29,131,111,73,89,52,76,91,132" hai3="107,44,117,83,133,82,11,7,101,3,67,102,122"/><U129/><E72/><V64/><F123/><W8/><G122/><T6/><D74/><U40/><E69/><V100/><F111/><N who="1" m="42569" /><E124/><N who="0" m="47721" /><D110/><U50/><E129/><V130/><F64/><W55/><G67/><T112/><D112/><U96/><E40/><N who="0" m="15433" /><D39/><U94/><E87/><V20/><F131/><W127/><G127/><T70/><D33/><U14/><E12/><V56/><F34/><W135/><G117/><T61/><D6/><U65/><E65/><V53/><F73/><W63/><G107/><T85/><D85/><U105/><E105/><V62/><F130/><W114/><G114/><T79/><D79/><U23/><E18/><V4/><F76/><W80/><G11/><T115/><D115/><U81/><E81/><V38/><F53/><W54/><G63/><N who="0" m="38255" /><D70/><U21/><E21/><V121/><F20/><W93/><G93/><T98/><D98/><U116/><E116/><V95/><F38/><W10/><G10/><T1/><D1/><U84/><E84/><V106/><F106/><W35/><G35/><T2/><D2/><U37/><E37/><V118/><F95/><W51/><REACH who="3" step="1"/><G55/><REACH who="3" ten="272,278,247,193" step="2"/><T24/><AGARI ba="0,1" hai="22,24,31,60,61" m="38255,15433,47721" machi="24" ten="30,1100,0" yaku="18,1" doraHai="0" who="0" fromWho="0" sc="272,21,278,-5,247,-3,193,-3" /><INIT seed="6,0,0,1,2,11" ten="293,273,244,190" oya="2" hai0="31,110,84,75,82,22,3,103,56,8,29,59,53" hai1="43,48,45,6,97,38,23,24,125,108,30,86,58" hai2="69,68,87,119,18,98,13,79,40,134,106,54,14" hai3="27,107,17,78,101,77,51,88,89,36,105,42,2"/><V65/><F119/><W92/><G2/><T44/><D110/><U93/><E108/><V57/><F134/><W73/><G36/><T104/><D75/><U74/><E74/><V130/><F130/><W133/><G133/><T131/><D131/><U70/><E70/><V37/><F106/><W111/><G111/><T4/><D104/><U80/><E125/><V50/><F98/><W83/><G78/><T46/><D103/><U94/><E97/><V47/><F69/><W0/><G0/><T117/><D117/><U10/><E58/><V49/><F18/><W62/><G101/><T9/><D9/><U135/><E38/><V96/><F50/><W55/><G42/><T66/><D66/><U20/><E20/><V129/><F96/><W90/><G62/><T116/><D116/><U123/><E123/><V76/><F129/><W7/><G7/><T16/><D46/><U61/><E61/><N who="2" m="39983" /><F87/><W28/><G92/><T132/><D44/><U127/><E127/><V91/><F91/><W15/><G55/><T32/><D132/><U118/><E118/><V95/><F95/><W100/><G100/><T12/><D32/><U120/><E120/><V5/><F5/><W63/><G63/><N who="0" m="36239" /><D59/><U33/><E33/><V21/><F21/><W113/><G51/><T109/><D109/><U1/><E135/><V115/><F115/><W124/><G113/><T67/><D67/><U60/><E60/><V112/><F112/><W85/><G73/><T26/><D3/><U39/><E39/><V72/><F72/><W64/><G124/><T41/><D41/><U52/><E43/><RYUUKYOKU ba="0,0" sc="293,10,273,10,244,10,190,-30" hai0="4,8,12,16,22,26,29,31,82,84" hai1="1,6,10,23,24,30,45,48,52,80,86,93,94" hai2="13,14,37,40,47,49,54,57,76,79" /><INIT seed="6,1,0,0,4,85" ten="303,283,254,160" oya="2" hai0="19,7,57,108,34,84,48,67,122,87,111,46,58" hai1="47,4,102,135,37,104,36,29,59,97,16,127,81" hai2="72,70,119,63,62,109,88,65,44,32,9,126,83" hai3="77,38,40,66,13,79,2,33,60,114,43,100,105"/><V11/><F32/><W91/><G2/><T124/><D34/><U24/><E127/><V96/><F119/><W95/><G33/><T120/><D124/><U27/><E135/><V8/><F126/><W82/><G38/><T134/><D7/><U28/><E4/><V132/><F132/><W112/><G105/><T41/><D134/><U98/><E81/><V113/><F113/><W133/><G100/><T39/><D19/><U125/><E125/><V10/><F109/><N who="0" m="42058" /><D87/><U129/><E59/><N who="0" m="22537" /><D84/><U64/><E47/><V130/><F72/><W107/><G107/><T69/><D39/><U50/><E104/><V80/><F8/><W49/><G133/><T101/><D101/><U56/><E102/><V92/><F130/><W17/><G82/><T76/><D76/><U110/><E110/><V103/><F103/><W6/><G6/><T71/><D67/><U18/><E129/><V90/><F90/><W5/><G5/><T86/><D86/><U61/><E64/><V93/><F93/><W131/><G131/><T15/><D15/><U117/><E37/><V78/><F78/><W14/><G95/><T68/><AGARI ba="1,0" hai="41,46,48,68,69,71,120,122" m="22537,42058" machi="68" ten="40,2700,0" yaku="34,2" doraHai="85" who="0" fromWho="0" sc="303,30,283,-8,254,-14,160,-8" /><INIT seed="7,0,0,4,3,53" ten="333,275,240,152" oya="3" hai0="131,14,40,0,9,45,103,124,78,119,25,43,1" hai1="105,95,46,114,6,130,4,125,30,85,35,54,38" hai2="108,132,39,33,42,47,56,91,34,128,48,107,133" hai3="71,76,52,55,24,50,120,134,23,92,44,127,2"/><W80/><G2/><T20/><D119/><U63/><E105/><V8/><F107/><W49/><G71/><T12/><D131/><U77/><E130/><V7/><F128/><W113/><G113/><T96/><D124/><U81/><E125/><V122/><F108/><W29/><G127/><T31/><D78/><U99/><E114/><V101/><F101/><W16/><G134/><N who="2" m="51817" /><F122/><W86/><G120/><T97/><D14/><U3/><E3/><N who="2" m="127" /><F91/><W102/><G102/><T10/><D10/><U106/><E106/><V61/><F39/><W110/><G110/><T72/><D72/><U121/><E121/><V74/><F74/><W109/><G109/><T37/><D43/><U117/><E117/><V135/><N who="2" m="51825" /><V98/><DORA hai="83" /><F98/><W13/><G92/><T15/><D97/><U36/><E36/><V89/><F89/><W22/><REACH who="3" step="1"/><G50/><REACH who="3" ten="333,275,240,142" step="2"/><T21/><D1/><U79/><E38/><V73/><F73/><W123/><G123/><T17/><D0/><U19/><E95/><V104/><F104/><W41/><AGARI ba="0,1" hai="13,16,22,23,24,29,41,44,49,52,55,76,80,86" machi="41" ten="20,24000,3" yaku="1,1,0,1,7,1,8,1,52,1,54,2,53,3" doraHai="53,83" doraHaiUra="18,27" who="3" fromWho="3" sc="333,-80,275,-80,240,-80,142,250" owari="253,5.0,195,-20.0,160,-34.0,392,49.0" /></mjloggm>