<mjloggm ver="2.3"><GO type="193"/><UN n0="%4D%61%6E%74%61" n1="%6D%61%62%6F" n2="%E3%82%A6%E3%83%AB%E3%83%88%E3%83%A9%E7%AB%8B%E7%9B%B4" n3="%E9%BB%92%E9%BB%92" dan="11,11,15,11" rate="1773,1539,1948,1523" sx="M,M,M,M"/><TAIKYOKU oya="0"/><INIT seed="0,0,0,2,2,39" ten="250,250,250,250" oya="0" hai0="56,88,100,50,110,122,126,66,43,17,95,55,133" hai1="89,68,60,109,98,121,75,48,90,118,30,51,54" hai2="79,107,24,129,119,44,20,40,36,52,2,28,84" hai3="104,57,78,111,42,11,135,86,49,105,64,103,35"/><T33/><D122/><U108/><E118/><V94/><F107/><W63/><G35/><T76/><D33/><U115/><E121/><V61/><F119/><W53/><G135/><T113/><D133/><U34/><E75/><V31/><F2/><W97/><G111/><N who="1" m="42570" /><E115/><V80/><F129/><W120/><G120/><T102/><D113/><U25/><E98/><V70/><F94/><W22/><G11/><T26/><D126/><U81/><E81/><V77/><F70/><W4/><G4/><T5/><D5/><U65/><E48/><V93/><F93/><W117/><G117/><T10/><D76/><U83/><E83/><V21/><F79/><W38/><G22/><N who="0" m="13647" /><D10/><U134/><E134/><V8/><F8/><W72/><G72/><T46/><D110/><U82/><E82/><V96/><F96/><W27/><G27/><T124/><D124/><U132/><E132/><V58/><REACH who="2" step="1"/><F28/><REACH who="2" ten="250,250,240,250" step="2"/><W101/><G78/><T106/><D106/><U87/><E87/><V99/><F99/><W9/><G9/><T6/><D6/><U23/><E23/><AGARI ba="0,1" hai="20,21,23,24,31,36,40,44,52,58,61,77,80,84" machi="23" ten="30,7700,0" yaku="1,1,7,1,52,1,54,1,53,0" doraHai="39" doraHaiUra="128" who="2" fromWho="1" sc="250,0,250,-77,240,87,250,0" /><INIT seed="1,0,0,2,0,89" ten="250,173,327,250" oya="1" hai0="31,102,26,75,121,0,30,58,109,118,96,81,130" hai1="98,107,133,122,106,29,48,92,129,44,71,124,5" hai2="42,110,67,79,84,53,45,9,59,33,90,126,76" hai3="57,114,54,12,18,56,66,74,35,108,132,3,73"/><U32/><E71/><V77/><F126/><W68/><G114/><T36/><D118/><U100/><E122/><V38/><F110/><W27/><G3/><T134/><D109/><U24/><E5/><V61/><F33/><W105/><G108/><T43/><D121/><U127/><E129/><V117/><F117/><W113/><G113/><T10/><D130/><U82/><E133/><V14/><F67/><W7/><G105/><N who="1" m="39946" /><E82/><V103/><F103/><W93/><G132/><T39/><D134/><U131/><E131/><V62/><F62/><W120/><G120/><T64/><D31/><U125/><E48/><V86/><REACH who="2" step="1"/><F90/><REACH who="2" ten="250,173,317,250" step="2"/><W47/><G66/><T8/><D102/><U119/><E119/><V63/><F63/><W51/><G68/><T101/><D64/><U41/><E41/><V115/><F115/><W49/><G35/><T50/><D43/><U85/><E85/><V123/><F123/><W135/><G135/><T65/><D65/><U4/><E4/><AGARI ba="0,1" hai="4,9,14,38,42,45,53,59,61,76,77,79,84,86" machi="4" ten="40,5200,0" yaku="1,1,53,2" doraHai="89" doraHaiUra="80" who="2" fromWho="1" sc="250,0,173,-52,317,62,250,0" /><INIT seed="2,0,0,5,1,55" ten="250,121,379,250" oya="2" hai0="37,109,42,99,33,29,1,90,7,108,31,111,106" hai1="123,69,32,110,8,17,118,24,113,128,97,9,85" hai2="74,59,56,15,6,67,70,96,134,25,45,62,2" hai3="82,19,63,122,43,16,65,105,38,114,14,3,20"/><V5/><F74/><W21/><G122/><T115/><D115/><U101/><E69/><V87/><F134/><W39/><G105/><T48/><D37/><U80/><E118/><V121/><F121/><W22/><G3/><T126/><D126/><U104/><E113/><V41/><F2/><W135/><G114/><T107/><D33/><U60/><E123/><V130/><F130/><W71/><G135/><T75/><D75/><U102/><E110/><V64/><F96/><W88/><G21/><T11/><D90/><U131/><E60/><V83/><F25/><W119/><G119/><T30/><D99/><U120/><E120/><V68/><F68/><W129/><G43/><T94/><D94/><U54/><E54/><V133/><F133/><W72/><G72/><T127/><D127/><U57/><E57/><V78/><F64/><W49/><G49/><T89/><D89/><U132/><E132/><V124/><F124/><W112/><G112/><T117/><D117/><U51/><E51/><V77/><F77/><W66/><G66/><T44/><AGARI ba="0,0" hai="1,7,11,29,30,31,42,44,48,106,107,108,109,111" machi="44" ten="40,2700,0" yaku="0,1,14,1" doraHai="55" who="0" fromWho="0" sc="250,27,121,-7,379,-13,250,-7" /><INIT seed="3,0,0,0,3,38" ten="277,114,366,243" oya="3" hai0="70,82,129,36,78,51,79,119,19,33,4,23,15" hai1="85,11,97,12,67,109,20,14,111,130,22,131,102" hai2="29,27,50,24,104,26,45,120,108,106,77,57,116" hai3="73,132,93,48,44,100,68,135,10,101,98,37,126"/><W75/><G68/><T115/><D119/><U71/><E71/><V6/><F116/><W61/><G37/><T1/><D129/><N who="1" m="49163" /><E67/><V112/><F112/><W81/><G61/><T35/><D115/><U128/><N who="1" m="49171" /><U60/><DORA hai="122" /><E60/><V95/><F29/><W0/><G0/><T46/><D70/><U8/><E85/><V42/><F6/><W21/><G126/><T121/><D121/><U18/><E97/><V52/><F77/><W87/><G10/><N who="1" m="3626" /><E102/><V92/><F120/><W83/><G21/><T56/><D79/><U80/><E80/><V66/><F66/><W25/><G25/><T34/><D36/><U123/><E123/><V32/><F32/><W103/><G48/><T114/><D114/><U41/><E41/><V89/><F104/><W59/><G59/><T64/><D56/><U124/><E124/><V96/><F106/><W74/><G44/><T7/><D64/><U69/><E69/><V76/><F95/><W58/><G58/><T9/><D7/><U17/><AGARI ba="0,0" hai="12,14,17,18,20,22,109,111" m="3626,49171" machi="17" ten="50,8000,1" yaku="19,1,34,2,52,2" doraHai="38,122" who="1" fromWho="1" sc="277,-20,114,80,366,-20,243,-40" owari="257,6.0,194,-31.0,346,45.0,203,-20.0" /></mjloggm>