<mjloggm ver="2.3"><GO type="169"/><UN n0="%65%69%63%68%69%72%6F" n1="%4A%49%4D" n2="%EF%BC%88%E2%89%A7%E2%96%BD%E2%89%A6%EF%BC%89" n3="%E3%82%84%E3%82%93%E3%82%8F%E3%82%8A" dan="16,16,16,16" rate="2002,2069,2107,2021" sx="M,M,M,M"/><TAIKYOKU oya="0"/><INIT seed="0,0,0,3,2,106" ten="250,250,250,250" oya="0" hai0="104,33,124,67,81,77,69,71,29,107,51,15,94" hai1="36,8,32,45,13,75,131,31,21,92,16,101,80" hai2="63,35,125,0,54,109,133,102,116,113,28,93,6" hai3="14,26,135,41,47,112,56,49,134,129,34,91,119"/><T25/><D124/><U7/><E131/><V58/><F113/><W108/><G112/><T42/><D94/><U10/><E101/><V11/><F125/><W40/><G129/><T9/><D71/><U48/><E92/><V83/><F109/><W85/><G108/><T89/><D89/><U37/><E10/><V50/><F133/><W44/><G56/><T86/><D67/><U64/><E64/><V55/><F116/><W120/><G119/><T65/><D65/><U95/><E95/><V82/><F28/><W17/><G34/><T52/><D69/><U79/><E31/><V122/><F35/><W88/><G26/><T118/><D42/><U103/><E103/><V22/><F22/><W110/><G110/><T57/><REACH who="0" step="1"/><D118/><REACH who="0" ten="240,250,250,250" step="2"/><U3/><E32/><V20/><F93/><W97/><G91/><T115/><D115/><U24/><REACH who="1" step="1"/><E24/><REACH who="1" ten="240,240,250,250" step="2"/><V46/><F102/><W130/><G130/><T12/><D12/><U19/><E19/><AGARI ba="0,2" hai="9,15,19,25,29,33,51,52,57,77,81,86,104,107" machi="19" ten="30,5800,0" yaku="1,1,7,1,54,1,53,0" doraHai="106" doraHaiUra="61" who="0" fromWho="1" sc="240,78,240,-58,250,0,250,0" /><INIT seed="0,1,0,0,1,19" ten="318,182,250,250" oya="0" hai0="8,55,87,78,125,120,111,32,4,102,54,128,103" hai1="46,76,11,101,22,3,17,29,16,110,7,68,84" hai2="62,69,72,31,126,67,65,106,88,10,43,96,123" hai3="48,14,118,121,79,82,97,60,58,63,37,51,98"/><T41/><D120/><U53/><E68/><V114/><F72/><W135/><G37/><T127/><D32/><U5/><E101/><N who="0" m="38409" /><D41/><U30/><E110/><V93/><F106/><W77/><G118/><T129/><D111/><U130/><E130/><N who="0" m="50281" /><D78/><U20/><E76/><V25/><F123/><W38/><G121/><T52/><D87/><U47/><E84/><V116/><F116/><W59/><G38/><T113/><D113/><U2/><E11/><V92/><F114/><W66/><G14/><AGARI ba="1,0" hai="4,8,14,52,54,55,125,127" m="50281,38409" machi="14" ten="40,3900,0" yaku="19,1,54,1" doraHai="19" who="0" fromWho="3" sc="318,42,182,0,250,0,250,-42" /><INIT seed="0,2,0,0,3,51" ten="360,182,250,208" oya="0" hai0="11,50,85,59,103,66,1,111,115,38,100,96,12" hai1="108,73,113,22,42,126,54,56,9,2,109,79,98" hai2="14,27,107,105,71,94,6,81,123,120,44,122,29" hai3="41,112,130,62,97,134,7,61,127,53,132,131,36"/><T106/><D1/><U24/><E113/><V34/><F71/><W13/><G7/><T128/><D38/><U60/><E42/><V16/><F6/><W93/><G13/><T114/><D128/><N who="3" m="49193" /><G112/><T76/><D103/><U0/><E126/><V124/><F124/><W39/><G127/><T67/><D111/><N who="1" m="42571" /><E9/><V101/><F81/><W118/><G118/><T10/><D10/><U129/><E129/><V17/><F44/><N who="3" m="23591" /><G39/><T88/><D76/><U43/><E43/><V33/><F33/><W8/><G8/><T69/><D69/><U63/><E98/><V77/><F77/><W64/><G93/><T68/><D68/><U91/><E91/><V5/><F5/><W78/><G78/><T15/><D15/><U20/><E63/><V57/><F14/><W37/><G37/><T3/><D3/><N who="1" m="1067" /><E24/><V30/><F107/><W75/><G97/><T104/><D104/><U86/><E73/><V121/><F105/><W47/><G75/><T32/><D32/><U92/><E92/><V28/><F121/><W26/><G26/><T89/><D89/><U65/><E65/><V84/><F27/><W40/><G64/><T21/><D21/><U52/><E54/><V45/><F34/><W46/><G53/><N who="0" m="32183" /><D115/><U23/><E22/><V116/><F120/><W55/><G40/><T95/><D114/><U83/><AGARI ba="2,0" hai="20,23,52,56,60,79,83,86" m="1067,42571" machi="83" ten="40,5200,0" yaku="14,1,52,1,54,1" doraHai="51" who="1" fromWho="1" sc="360,-28,182,58,250,-15,208,-15" /><INIT seed="1,0,0,1,0,36" ten="332,240,235,193" oya="1" hai0="4,92,61,106,23,2,24,110,55,75,33,38,68" hai1="80,28,70,125,105,51,62,77,31,97,120,111,109" hai2="41,42,85,63,95,43,37,67,126,78,3,119,53" hai3="40,102,18,20,124,82,64,44,108,113,11,116,47"/><U5/><E120/><V32/><F32/><W71/><G116/><T14/><D106/><U93/><E105/><V0/><F119/><W66/><G113/><T56/><D75/><U112/><E112/><V46/><F126/><W25/><G124/><T9/><D68/><U104/><E104/><V129/><F129/><W15/><G47/><T118/><D118/><U10/><E125/><V39/><F39/><W19/><G102/><T34/><D38/><U30/><E51/><N who="2" m="28919" /><F37/><W98/><G98/><T13/><D110/><N who="1" m="41995" /><E62/><V114/><F0/><W131/><G108/><T117/><D117/><U103/><E70/><V7/><F3/><W84/><G71/><T57/><D33/><U35/><E35/><V134/><F7/><N who="3" m="3583" /><G131/><T127/><D34/><U27/><E27/><V99/><F134/><W121/><G18/><T79/><D127/><U94/><E94/><V133/><F133/><W74/><G74/><T50/><D92/><U123/><E123/><V54/><F67/><W16/><G19/><T100/><D100/><U49/><E31/><V91/><F114/><W107/><G107/><T29/><REACH who="0" step="1"/><D79/><REACH who="0" ten="322,240,235,193" step="2"/><U96/><E77/><V65/><F78/><N who="3" m="46167" /><G121/><T115/><D115/><U83/><E103/><V8/><F95/><W76/><G76/><T22/><D22/><U89/><E97/><V48/><F99/><W58/><G58/><T1/><D1/><N who="1" m="303" /><E80/><V21/><F21/><W59/><G59/><T17/><D17/><U73/><E83/><V12/><F91/><W135/><G135/><T72/><D72/><U52/><E73/><V81/><F81/><W26/><G20/><RYUUKYOKU ba="0,1" sc="322,15,240,15,235,-15,193,-15" hai0="2,4,9,13,14,23,24,29,50,55,56,57,61" hai1="28,30,49,52,89,93,96" /><INIT seed="1,1,1,3,0,128" ten="337,255,220,178" oya="1" hai0="31,45,61,71,42,93,43,78,64,90,40,18,11" hai1="121,5,23,14,19,0,46,75,65,34,39,87,28" hai2="82,35,129,53,24,76,22,66,70,118,95,131,32" hai3="111,41,33,79,62,30,17,56,74,94,113,122,83"/><U16/><E75/><V12/><F118/><W1/><G122/><T44/><D78/><U135/><E121/><V36/><F36/><W9/><G113/><T130/><D130/><N who="2" m="49674" /><F12/><W127/><G127/><T120/><D120/><U8/><E65/><V6/><F6/><W132/><G41/><T133/><D31/><U99/><E99/><V106/><F106/><W2/><G111/><T86/><D133/><U80/><E135/><V52/><F95/><W98/><G132/><T57/><REACH who="0" step="1"/><D71/><REACH who="0" ten="327,255,220,178" step="2"/><U37/><E28/><V126/><F70/><W10/><G30/><T47/><D47/><U38/><E34/><V68/><F126/><W69/><G33/><T107/><D107/><U102/><E102/><V89/><F32/><W88/><G69/><T109/><D109/><U49/><E19/><N who="2" m="12383" /><F35/><W73/><G17/><T114/><D114/><U91/><REACH who="1" step="1"/><E38/><REACH who="1" ten="327,245,220,178" step="2"/><V27/><F68/><W21/><G73/><T59/><D59/><U60/><E60/><V67/><F67/><W54/><G62/><T97/><D97/><U58/><E58/><V108/><F66/><W110/><G56/><T48/><D48/><U81/><E81/><V84/><F108/><W101/><G110/><T15/><AGARI ba="1,3" hai="11,15,18,40,42,43,44,45,57,61,64,86,90,93" machi="15" ten="30,4000,0" yaku="1,1,0,1,8,1,53,0" doraHai="128" doraHaiUra="117" who="0" fromWho="0" sc="327,73,245,-21,220,-11,178,-11" /><INIT seed="2,0,0,5,3,39" ten="400,224,209,167" oya="2" hai0="80,5,32,7,115,0,51,4,113,125,65,84,114" hai1="131,103,52,90,86,79,124,132,9,29,116,14,60" hai2="70,81,22,41,28,127,92,101,118,75,44,108,78" hai3="38,95,63,12,31,73,62,110,19,76,117,128,26"/><V30/><F118/><W111/><G117/><T55/><D32/><U33/><E116/><V97/><F127/><W119/><G119/><T43/><D65/><U11/><E124/><V48/><F108/><W77/><G38/><T42/><D0/><U94/><E131/><V58/><F70/><W3/><G3/><T133/><D133/><U18/><E132/><V45/><F58/><W85/><G128/><T121/><D121/><U82/><E103/><V69/><F69/><W10/><G73/><T130/><D130/><U105/><E105/><V72/><F72/><W15/><G15/><T47/><REACH who="0" step="1"/><D125/><REACH who="0" ten="390,224,209,167" step="2"/><U6/><E33/><V8/><F8/><W99/><G111/><T34/><D34/><U61/><E11/><V40/><REACH who="2" step="1"/><F22/><REACH who="2" ten="390,224,199,167" step="2"/><W23/><G110/><T91/><AGARI ba="0,2" hai="4,5,7,42,43,47,51,55,80,84,91,113,114,115" machi="91" ten="40,8000,1" yaku="1,1,0,1,52,2,53,0" doraHai="39" doraHaiUra="16" who="0" fromWho="0" sc="390,100,224,-20,199,-40,167,-20" /><INIT seed="3,0,0,2,4,52" ten="490,204,159,147" oya="3" hai0="109,100,29,121,74,75,95,61,118,0,51,126,55" hai1="18,44,132,135,31,85,33,129,60,45,17,53,64" hai2="87,90,110,127,102,128,101,43,80,32,77,86,38" hai3="20,30,11,66,131,103,27,28,37,133,59,89,65"/><W40/><G133/><N who="1" m="51274" /><E129/><V50/><F32/><W13/><G131/><T91/><D118/><U25/><E85/><V69/><F128/><W4/><G103/><T9/><D100/><U81/><E81/><V62/><F38/><W114/><G114/><T42/><D121/><U78/><E78/><V3/><F3/><W124/><G124/><T15/><D0/><U34/><E33/><V113/><F127/><W63/><G66/><T16/><D109/><U83/><E83/><V119/><F110/><W106/><G106/><T36/><D29/><U57/><E45/><V93/><F119/><W10/><G10/><T76/><D76/><U84/><E84/><V73/><F73/><W72/><G72/><T19/><D19/><N who="1" m="7179" /><E44/><N who="2" m="25887" /><F113/><W82/><G40/><T96/><D36/><U41/><E41/><V117/><F117/><W123/><G123/><T46/><D126/><U14/><E14/><V26/><F26/><W22/><G37/><T48/><D61/><U47/><E47/><AGARI ba="0,0" hai="9,15,16,42,46,47,48,51,55,74,75,91,95,96" machi="47" ten="30,2000,0" yaku="7,1,54,1" doraHai="52" who="0" fromWho="1" sc="490,20,204,-20,159,0,147,0" /><INIT seed="4,0,0,4,0,86" ten="510,184,159,147" oya="0" hai0="95,91,72,65,128,28,19,112,102,92,81,14,25" hai1="26,133,129,38,29,53,36,44,108,63,20,84,33" hai2="118,67,117,90,104,55,6,96,103,66,110,8,62" hai3="10,54,135,7,42,49,79,77,52,46,130,120,75"/><T119/><D119/><N who="2" m="45578" /><F110/><W17/><G120/><T111/><D65/><U73/><E73/><V61/><F55/><W93/><G135/><T13/><D111/><U121/><E121/><V82/><F66/><W4/><G130/><T22/><D128/><U125/><E129/><V124/><F124/><W60/><G7/><T131/><D131/><U70/><E108/><V113/><F113/><W39/><G17/><T58/><D102/><U115/><E133/><V21/><F21/><W100/><G60/><T47/><D58/><U64/><E125/><V107/><F107/><W57/><G54/><T23/><D112/><U5/><E115/><V76/><F67/><W41/><G41/><T45/><D13/><U85/><E5/><V48/><F48/><W9/><G9/><T126/><D126/><U69/><E70/><V43/><F90/><W2/><G100/><T74/><D74/><U0/><E20/><V3/><F43/><W56/><G77/><T71/><D71/><U94/><E64/><V35/><F35/><W87/><G57/><T1/><D1/><U123/><E0/><V50/><F50/><W78/><G78/><T12/><D12/><U31/><E69/><V68/><F68/><W127/><G127/><T114/><D114/><U32/><E32/><V80/><F76/><W27/><G27/><T97/><D95/><U24/><E94/><V11/><F11/><W16/><G93/><T34/><D34/><N who="1" m="20775" /><E123/><V40/><F40/><W18/><G87/><N who="1" m="33354" /><E63/><AGARI ba="0,0" hai="3,6,8,61,62,63,80,82,96,103,104" m="45578" machi="63" ten="30,1000,0" yaku="12,1" doraHai="86" who="2" fromWho="1" sc="510,0,184,-10,159,10,147,0" /><INIT seed="5,0,0,2,5,43" ten="510,174,169,147" oya="1" hai0="45,125,117,91,37,121,52,38,61,115,120,113,34" hai1="17,64,97,88,2,53,92,21,94,133,9,89,105" hai2="131,71,29,101,6,26,135,104,42,28,119,134,74" hai3="41,27,16,124,80,22,4,63,85,65,56,110,12"/><U31/><E105/><V127/><F119/><W69/><G110/><T109/><D34/><U78/><E133/><N who="2" m="50699" /><F74/><W81/><G124/><T19/><D109/><U14/><E78/><V58/><F71/><W24/><G69/><T76/><D76/><U8/><E64/><V44/><F131/><W11/><G81/><T30/><D30/><U48/><E31/><V23/><F6/><W54/><G41/><N who="0" m="22703" /><D38/><U72/><E2/><V108/><F108/><W3/><G3/><T130/><D117/><U96/><E72/><V93/><F127/><W99/><G27/><T112/><D130/><U1/><E1/><V90/><F58/><AGARI ba="0,0" hai="8,9,14,17,21,48,53,58,88,89,92,94,96,97" machi="58" ten="30,11600,0" yaku="7,1,9,1,8,1,54,1" doraHai="43" who="1" fromWho="2" sc="510,0,174,116,169,-116,147,0" /><INIT seed="5,1,0,2,5,129" ten="510,290,53,147" oya="1" hai0="128,132,84,110,81,67,134,105,14,42,65,69,61" hai1="95,6,97,94,5,8,113,29,116,4,0,27,66" hai2="104,35,86,12,118,37,131,122,19,98,34,33,2" hai3="44,9,1,10,83,38,109,126,130,102,120,106,78"/><U71/><E116/><V41/><F118/><W91/><G120/><T127/><D105/><U96/><E113/><V7/><F122/><W53/><G130/><T47/><D110/><U125/><E125/><V16/><F131/><W135/><G126/><T23/><D128/><U85/><E85/><V108/><F108/><W112/><G109/><T52/><D127/><U13/><E0/><V26/><F26/><W58/><G112/><T100/><D100/><N who="1" m="60439" /><E66/><V51/><F37/><W77/><G91/><T114/><D114/><U36/><E71/><V48/><F86/><W88/><G102/><T32/><D32/><U3/><E36/><V18/><F2/><W107/><G107/><T43/><D67/><U121/><E3/><V54/><F41/><W55/><G106/><T119/><D119/><U40/><E40/><V103/><REACH who="2" step="1"/><F54/><REACH who="2" ten="510,290,43,147" step="2"/><W74/><G1/><T68/><D43/><U59/><E121/><V20/><F20/><W62/><G38/><T46/><D42/><U21/><E59/><V117/><F117/><W63/><G53/><T92/><D69/><U90/><AGARI ba="1,1" hai="4,5,6,8,13,21,27,29,90,95,97" m="60439" machi="90" ten="30,1500,0" yaku="8,1" doraHai="129" who="1" fromWho="1" sc="510,-6,290,28,43,-6,147,-6" /><INIT seed="5,2,0,2,2,12" ten="504,318,37,141" oya="1" hai0="2,36,86,90,111,121,57,96,69,107,55,39,115" hai1="83,72,76,110,123,62,41,52,127,104,130,65,81" hai2="26,92,46,43,48,11,0,1,47,94,66,30,20" hai3="13,44,56,64,51,8,134,29,60,63,132,61,87"/><U68/><E123/><V6/><F66/><W84/><G29/><T70/><D2/><U35/><E35/><V24/><F0/><W82/><G132/><T89/><D111/><U95/><E104/><V49/><REACH who="2" step="1"/><F24/><REACH who="2" ten="504,318,27,141" step="2"/><W38/><G134/><T93/><D121/><U16/><E65/><V97/><F97/><W119/><G119/><T108/><D96/><U122/><E122/><V25/><F25/><W116/><G116/><T28/><D70/><U131/><E68/><V98/><F98/><W58/><G64/><T50/><D69/><U40/><E110/><V53/><AGARI ba="2,1" hai="1,6,11,20,26,30,43,46,47,48,49,53,92,94" machi="53" ten="20,2700,0" yaku="1,1,0,1,7,1,53,0" doraHai="12" doraHaiUra="120" who="2" fromWho="2" sc="504,-9,318,-15,27,43,141,-9" /><INIT seed="6,0,0,4,5,68" ten="495,303,70,132" oya="2" hai0="129,64,20,38,121,25,105,55,99,123,3,126,135" hai1="116,83,87,76,115,82,96,95,26,67,13,119,124" hai2="120,112,58,32,66,2,47,114,8,84,110,74,90" hai3="43,12,92,30,48,132,72,127,65,4,79,77,46"/><V63/><F120/><W34/><G132/><T128/><D3/><U0/><E0/><V49/><F74/><W104/><G104/><T28/><D38/><U40/><E115/><N who="2" m="44075" /><F32/><W134/><G134/><T94/><D105/><U17/><E124/><V15/><F2/><W18/><G127/><T39/><D39/><U10/><E67/><V88/><F110/><W7/><G65/><T14/><D135/><U130/><E130/><N who="0" m="50281" /><D126/><U109/><E109/><V61/><F61/><W59/><G59/><T86/><D86/><U91/><E40/><N who="2" m="24807" /><F84/><W73/><G73/><T11/><D55/><U70/><E70/><V113/><N who="2" m="44083" /><V35/><DORA hai="50" /><F35/><W111/><G111/><T131/><D64/><U42/><E42/><V106/><F106/><W69/><G72/><T98/><D131/><U107/><E107/><V97/><F97/><W1/><G1/><T100/><D99/><U54/><E96/><V101/><F101/><W108/><G108/><T57/><D98/><U19/><E87/><V21/><F21/><W78/><G34/><T5/><D100/><U80/><E119/><V45/><F45/><W36/><G69/><T44/><D44/><U81/><E116/><V122/><F122/><W51/><G92/><T89/><D121/><U23/><E95/><V53/><F66/><W85/><G85/><T75/><D75/><U6/><E23/><V118/><F118/><W60/><G46/><T125/><D123/><U37/><E80/><V33/><F33/><W62/><G62/><T22/><D20/><U93/><E81/><V52/><F53/><W133/><G60/><RYUUKYOKU ba="0,0" sc="495,-10,303,-10,70,30,132,-10" hai2="8,15,52,58,63,88,90" /><INIT seed="6,1,0,3,5,80" ten="485,293,100,122" oya="2" hai0="75,97,7,1,100,61,118,77,15,109,42,72,39" hai1="71,131,55,110,99,13,0,112,60,9,121,114,18" hai2="65,16,63,73,133,24,12,30,25,126,101,69,34" hai3="50,116,106,19,86,88,82,129,8,67,92,90,124"/><V27/><F73/><W103/><G116/><T6/><D1/><U54/><E110/><V36/><F126/><W98/><G124/><T94/><D109/><U33/><E33/><V81/><F133/><W11/><G129/><T21/><D77/><U127/><E131/><V130/><F130/><W53/><G67/><T89/><D6/><U104/><E0/><V102/><F36/><W43/><G43/><T29/><D61/><U45/><E45/><V49/><F81/><W51/><G51/><T58/><D58/><U68/><E121/><V31/><F49/><W35/><G35/><T113/><D113/><N who="1" m="43627" /><E127/><V40/><F40/><W128/><G128/><T84/><D42/><U5/><E5/><V96/><F31/><W52/><G53/><N who="1" m="19978" /><E60/><V85/><F85/><W79/><G19/><T32/><D32/><U28/><E28/><V47/><F47/><N who="3" m="27743" /><G90/><T38/><D7/><U111/><E111/><V59/><F59/><W87/><G106/><T134/><D134/><U2/><E2/><V91/><F91/><N who="3" m="51671" /><G11/><T26/><D118/><U44/><E44/><V74/><F74/><W78/><G8/><T22/><D72/><U64/><E9/><N who="2" m="6159" /><F102/><W132/><G132/><T56/><D75/><U117/><E117/><V20/><F20/><W57/><G57/><T93/><D56/><U95/><E104/><AGARI ba="1,0" hai="24,25,27,30,34,63,65,69,96,101,104" m="6159" machi="104" ten="30,2900,0" yaku="25,1,54,1" doraHai="80" who="2" fromWho="1" sc="485,0,293,-32,100,32,122,0" /><INIT seed="6,2,0,2,3,105" ten="485,261,132,122" oya="2" hai0="8,83,69,5,9,27,98,63,96,64,20,116,119" hai1="60,133,84,115,90,0,134,24,99,106,131,18,42" hai2="67,21,22,68,28,16,59,112,6,39,118,85,11" hai3="61,65,75,89,36,57,30,17,125,26,79,46,124"/><V2/><F118/><N who="0" m="45098" /><D83/><U40/><E0/><V88/><F39/><W34/><G17/><N who="0" m="12687" /><D9/><U130/><E60/><V91/><F112/><W38/><G89/><T108/><D108/><U7/><E7/><V103/><F68/><W109/><G109/><T126/><D126/><N who="3" m="48745" /><G46/><T97/><D97/><U123/><E115/><V41/><F41/><W37/><G79/><T82/><D82/><U48/><E123/><V66/><F103/><W14/><G14/><AGARI ba="2,0" hai="5,8,14,63,64,69,96,98" m="12687,45098" machi="14" ten="30,1000,0" yaku="12,1" doraHai="105" who="0" fromWho="3" sc="485,16,261,0,132,0,122,-16" /><INIT seed="7,0,0,1,1,34" ten="501,261,132,106" oya="3" hai0="61,0,13,134,111,30,15,25,89,87,80,112,32" hai1="119,64,55,21,31,125,3,76,26,59,67,39,35" hai2="23,133,75,14,16,49,33,53,18,86,135,51,60" hai3="94,56,41,20,109,42,107,126,7,44,11,85,28"/><W50/><G107/><T36/><D0/><U108/><E3/><V9/><F75/><W130/><G109/><T38/><D13/><U93/><E39/><V27/><F33/><W43/><G130/><T45/><D45/><U40/><E40/><V131/><F131/><W98/><G126/><T115/><D134/><N who="2" m="51210" /><F86/><W122/><G85/><T52/><D15/><U65/><E93/><V110/><F110/><W92/><G56/><AGARI ba="0,0" hai="9,14,16,18,23,27,49,51,53,56,60" m="51210" machi="56" ten="30,2000,0" yaku="20,1,54,1" doraHai="34" who="2" fromWho="3" sc="501,0,261,0,132,20,106,-20" owari="501,60.0,261,6.0,152,-25.0,86,-41.0" /></mjloggm>