<mjloggm ver="2.3"><GO type="41"/><UN n0="%E6%98%8E%E6%97%A5%E9%A6%99%E4%BA%95%E3%82%AD%E3%83%A7%E3%82%A6" n1="%EF%BC%88%E2%89%A7%E2%96%BD%E2%89%A6%EF%BC%89" n2="%E3%82%8B%E3%81%84%E3%81%93%E3%81%99%E3%81%9F" n3="%E3%81%9F%E3%81%BE%E3%82%89%E3%82%93%E3%82%AC%E3%83%83%E3%83%91" dan="14,16,14,14" rate="1984,2041,1872,1934" sx="M,M,M,M"/><TAIKYOKU oya="0"/><INIT seed="0,0,0,0,1,18" ten="250,250,250,250" oya="0" hai0="132,21,123,20,17,104,87,82,37,42,73,56,38" hai1="8,64,75,124,127,32,94,113,130,122,63,52,69" hai2="131,89,68,31,46,1,134,27,80,84,4,50,66" hai3="19,62,112,81,76,29,2,85,7,54,57,14,71"/><T70/><D70/><U51/><E32/><V24/><F131/><W47/><G112/><T53/><D123/><U97/><E122/><V60/><F134/><W96/><G29/><T129/><D104/><U99/><E130/><V121/><F121/><W72/><G71/><T48/><D129/><U115/><E8/><V12/><F1/><W39/><G96/><N who="1" m="36938" /><E94/><V106/><F106/><W128/><G128/><T6/><D6/><U55/><E55/><V33/><F4/><W111/><G111/><T102/><D102/><U110/><E75/><V78/><F24/><W9/><G85/><T86/><D132/><U16/><E16/><V107/><F107/><W109/><G109/><T133/><D133/><U30/><E30/><V34/><F34/><W98/><G98/><T114/><D114/><N who="1" m="43531" /><E110/><V117/><F117/><W49/><G19/><T67/><D73/><U92/><E92/><V5/><F5/><W61/><G14/><T90/><D67/><U0/><E0/><V35/><F35/><W119/><REACH who="3" step="1"/><G119/><REACH who="3" ten="250,250,250,240" step="2"/><T118/><D118/><U88/><E88/><V28/><F12/><W44/><G44/><AGARI ba="0,1" hai="44,51,52,63,64,69,124,127" m="43531,36938" machi="44" ten="30,2000,0" yaku="11,1,54,1" doraHai="18" who="1" fromWho="3" sc="250,0,250,30,250,0,240,-20" /><INIT seed="1,0,0,1,3,29" ten="250,280,250,220" oya="1" hai0="123,31,25,86,88,5,104,53,99,75,94,76,108" hai1="81,85,135,6,0,32,97,62,103,47,37,63,92" hai2="132,134,122,61,39,90,110,105,69,13,65,49,112" hai3="107,115,70,21,16,20,128,51,48,96,2,66,68"/><U23/><E135/><V60/><F105/><W117/><G115/><T101/><D108/><U74/><E74/><V67/><F122/><W78/><G2/><T17/><D5/><U106/><E32/><V42/><F13/><W77/><G128/><T24/><D123/><U131/><E131/><V38/><F90/><W109/><G109/><T113/><D113/><U118/><E118/><V45/><F110/><W11/><G117/><T126/><D126/><U33/><E33/><V28/><F112/><W26/><G11/><T14/><D53/><U124/><E124/><V127/><F28/><W41/><G107/><T46/><D46/><U93/><E106/><V83/><F127/><W1/><G1/><T116/><D31/><U9/><E93/><V114/><F83/><W43/><G96/><T129/><D129/><U36/><E23/><V27/><F27/><W56/><G26/><T64/><D64/><U87/><E87/><V10/><F114/><W98/><G98/><T22/><REACH who="0" step="1"/><D116/><REACH who="0" ten="240,280,250,220" step="2"/><U57/><E47/><V54/><F10/><W59/><REACH who="3" step="1"/><G66/><REACH who="3" ten="240,280,250,210" step="2"/><T130/><D130/><U125/><E125/><V84/><F134/><W19/><AGARI ba="0,2" hai="16,19,20,21,41,43,48,51,56,59,68,70,77,78" machi="19" ten="25,16000,3" yaku="1,1,2,1,0,1,22,2,54,1,53,2" doraHai="29" doraHaiUra="73" who="3" fromWho="3" sc="240,-40,280,-80,250,-40,210,180" /><INIT seed="2,0,0,1,0,81" ten="200,200,210,390" oya="2" hai0="44,32,105,51,119,109,82,112,84,106,20,58,78" hai1="124,118,73,104,47,55,117,120,16,65,135,9,114" hai2="2,36,35,108,89,22,56,21,15,8,95,63,46" hai3="98,122,28,52,99,42,30,43,40,7,1,13,115"/><V80/><F35/><W17/><G122/><T3/><D32/><U53/><E114/><V45/><F2/><W132/><G115/><T131/><D112/><U127/><E104/><V96/><F108/><W29/><G132/><T23/><D109/><U70/><E73/><V11/><F11/><W100/><G1/><T0/><D131/><U116/><E135/><V77/><F36/><W126/><G126/><N who="1" m="48170" /><E120/><V67/><F77/><W5/><G52/><N who="1" m="20042" /><E47/><N who="2" m="17931" /><F80/><W111/><G111/><T129/><D129/><U130/><E130/><V38/><F38/><W68/><G68/><T37/><D37/><U14/><E70/><V49/><F49/><W94/><REACH who="3" step="1"/><G99/><REACH who="3" ten="200,200,210,380" step="2"/><T110/><D110/><U27/><E65/><V4/><AGARI ba="0,1" hai="4,8,15,21,22,56,63,67,89,95,96" m="17931" machi="4" ten="30,1500,0" yaku="8,1" doraHai="81" who="2" fromWho="2" sc="200,-5,200,-5,210,25,380,-5" /><INIT seed="2,1,0,5,2,84" ten="195,195,235,375" oya="2" hai0="54,2,26,16,24,133,42,107,127,78,58,47,6" hai1="52,126,99,101,88,102,81,23,19,75,9,35,11" hai2="89,53,96,111,37,55,3,100,12,72,87,124,85" hai3="112,14,120,17,70,30,8,45,132,10,5,13,66"/><V22/><F72/><W51/><G120/><T7/><D107/><U25/><E126/><V46/><F3/><W63/><G132/><T129/><D127/><U71/><E71/><V28/><F124/><W86/><G112/><T97/><D133/><U130/><E130/><V27/><F111/><W60/><G60/><T0/><D129/><U65/><E65/><V113/><F113/><W115/><G115/><T50/><D78/><U135/><E135/><V73/><F73/><W104/><G104/><T93/><D0/><U74/><E35/><V123/><F123/><W34/><G34/><T59/><D2/><U108/><E108/><V92/><F37/><W134/><G134/><T110/><D110/><U77/><E74/><V41/><F41/><W128/><G30/><T125/><D125/><U79/><E79/><V103/><F12/><W119/><G119/><T18/><D6/><U121/><E121/><V68/><F68/><W83/><G128/><T43/><D7/><U117/><E117/><V4/><F4/><W114/><G114/><T15/><D43/><U61/><E101/><N who="2" m="38987" /><F46/><W33/><G33/><T49/><D58/><N who="1" m="35015" /><E102/><V69/><F69/><W44/><G51/><T76/><D76/><AGARI ba="1,0" hai="5,8,10,13,14,17,44,45,63,66,70,76,83,86" machi="76" ten="30,1000,0" yaku="7,1" doraHai="84" who="3" fromWho="0" sc="195,-13,195,0,235,0,375,13" /><INIT seed="3,0,0,5,1,13" ten="182,195,235,388" oya="3" hai0="131,129,113,23,69,103,74,4,68,135,20,32,90" hai1="6,125,123,42,12,94,86,133,67,21,14,134,41" hai2="82,49,93,85,58,54,71,43,88,5,38,110,48" hai3="45,1,96,30,104,62,118,7,121,70,75,40,10"/><W78/><G121/><T102/><D32/><U80/><E123/><V26/><F110/><W91/><G118/><T116/><D74/><U112/><E112/><V44/><F71/><W109/><G30/><T83/><D116/><U52/><E67/><V106/><F106/><W107/><G109/><T120/><D120/><U0/><E125/><V60/><F5/><W119/><G119/><T122/><D122/><U108/><E94/><V9/><F9/><W99/><G70/><T15/><D135/><N who="1" m="51723" /><E108/><V34/><F34/><W89/><G62/><T77/><D90/><N who="1" m="51527" /><E52/><V25/><REACH who="2" step="1"/><F82/><REACH who="2" ten="182,195,225,388" step="2"/><W51/><G107/><T130/><D68/><U63/><E6/><V50/><AGARI ba="0,1" hai="25,26,38,43,44,48,49,50,54,58,60,85,88,93" machi="50" ten="30,8000,1" yaku="1,1,2,1,0,1,54,1,53,1" doraHai="13" doraHaiUra="39" who="2" fromWho="2" sc="182,-20,195,-20,225,90,388,-40" /><INIT seed="4,0,0,5,2,119" ten="162,175,315,348" oya="0" hai0="49,8,72,26,100,97,113,43,12,133,54,66,11" hai1="92,125,86,78,135,71,110,124,42,44,3,47,116" hai2="4,59,107,101,6,134,120,81,2,24,48,52,132" hai3="129,79,62,23,77,109,40,118,64,41,32,28,111"/><T53/><D72/><U45/><E3/><V22/><F2/><W30/><G118/><T0/><D113/><U7/><E116/><V104/><F81/><W130/><G23/><T27/><D66/><U5/><E71/><V67/><F67/><W38/><G38/><T1/><D133/><N who="2" m="51306" /><F120/><W15/><G15/><T115/><D115/><U94/><E42/><V114/><F114/><W70/><G32/><T36/><D36/><U33/><E33/><V34/><F34/><W87/><G87/><T39/><D39/><U84/><E135/><V9/><F101/><W55/><G55/><T123/><D123/><U96/><E110/><V61/><F61/><W20/><G62/><T50/><D12/><U93/><E96/><V19/><F9/><W88/><G64/><T25/><D43/><U29/><E29/><V69/><F69/><W85/><G70/><T68/><D68/><U75/><E75/><V83/><F83/><W89/><G20/><T73/><D73/><U127/><REACH who="1" step="1"/><E78/><REACH who="1" ten="162,165,315,348" step="2"/><V10/><F10/><N who="0" m="3626" /><D0/><U31/><E31/><V95/><F6/><AGARI ba="0,1" hai="5,6,7,44,45,47,84,86,92,93,94,124,125,127" machi="6" ten="50,12000,2" yaku="1,1,29,2,28,2,18,1,53,0" doraHai="119" doraHaiUra="17" who="1" fromWho="2" sc="162,0,165,130,315,-120,348,0" /><INIT seed="5,0,0,4,1,75" ten="162,295,195,348" oya="1" hai0="36,73,68,106,3,117,10,79,5,115,66,83,118" hai1="125,122,132,15,80,46,31,1,41,134,69,51,111" hai2="92,131,62,33,53,121,84,74,35,60,82,133,13" hai3="124,130,47,126,107,7,123,4,63,77,64,90,22"/><U135/><E1/><V17/><F74/><W25/><G123/><T87/><D106/><U24/><E122/><V114/><F121/><W58/><G130/><T57/><D57/><U23/><E69/><V98/><F131/><W30/><G107/><T59/><D59/><U48/><E125/><N who="3" m="48234" /><G77/><T42/><D87/><U116/><E116/><V21/><F133/><W14/><G90/><T105/><D105/><U128/><E128/><V8/><F114/><W71/><G47/><T120/><D115/><U104/><E104/><V19/><F35/><W94/><G94/><T88/><D88/><U16/><E111/><V101/><F33/><W27/><G14/><T72/><D72/><U32/><REACH who="1" step="1"/><E80/><REACH who="1" ten="162,285,195,348" step="2"/><V9/><F53/><W38/><G71/><T99/><D120/><U93/><E93/><V12/><REACH who="2" step="1"/><F21/><REACH who="2" ten="162,285,185,348" step="2"/><W78/><G22/><T67/><D67/><U129/><E129/><V37/><F37/><AGARI ba="0,2" hai="15,16,23,24,31,32,37,41,46,48,51,132,134,135" machi="37" ten="40,7700,0" yaku="1,1,20,1,54,1,53,0" doraHai="75" doraHaiUra="97" who="1" fromWho="2" sc="162,0,285,97,185,-77,348,0" /><INIT seed="5,1,0,1,0,72" ten="162,382,108,348" oya="1" hai0="70,37,66,54,122,92,4,31,28,121,87,24,81" hai1="30,91,38,51,35,117,33,108,76,59,84,128,39" hai2="44,125,82,21,101,50,8,53,52,17,98,1,102" hai3="69,36,6,113,115,127,45,73,107,105,79,129,111"/><U22/><E117/><V116/><F116/><W126/><G111/><T62/><D37/><U48/><E108/><V130/><F125/><N who="3" m="47627" /><G69/><T114/><D4/><U12/><E128/><V11/><F130/><W42/><G129/><T86/><D54/><N who="1" m="32199" /><E35/><V16/><F1/><W85/><G85/><T109/><D109/><U67/><E33/><V57/><F17/><W118/><G6/><T32/><D114/><N who="3" m="43529" /><G118/><T19/><D19/><N who="1" m="10599" /><E39/><V43/><F82/><AGARI ba="1,0" hai="36,42,45,73,79,82,105,107" m="43529,47627" machi="82" ten="30,7700,0" yaku="18,1,15,1,23,1,52,1" doraHai="72" who="3" fromWho="2" sc="162,0,382,0,108,-80,348,80" /><INIT seed="6,0,0,1,2,103" ten="162,382,28,428" oya="2" hai0="49,111,67,93,116,94,15,128,66,115,56,96,113" hai1="61,130,106,125,27,5,107,101,117,60,18,135,80" hai2="92,72,87,105,37,134,82,95,108,65,68,21,24" hai3="25,86,64,48,77,11,100,50,47,83,45,41,2"/><V110/><F37/><W73/><G100/><T58/><D111/><N who="2" m="42538" /><F68/><W39/><G64/><T32/><D32/><U22/><E117/><V124/><F65/><W97/><G97/><T8/><D116/><U81/><E130/><V63/><F63/><W57/><G57/><T118/><D128/><U123/><E123/><V85/><F24/><W126/><G126/><T88/><D118/><U76/><E125/><V44/><F44/><W84/><G25/><T7/><D58/><U121/><E121/><V74/><F21/><W59/><G59/><T1/><D1/><U55/><E5/><V99/><F124/><W122/><G122/><T29/><D29/><U54/><E27/><V13/><F13/><W71/><G71/><T129/><D129/><U132/><E22/><V89/><F134/><W23/><G23/><T14/><D94/><U38/><E38/><V112/><F112/><N who="0" m="43082" /><D15/><U53/><E53/><AGARI ba="0,0" hai="7,8,14,49,53,56,66,67,88,93,96" m="43082" machi="53" ten="30,2000,0" yaku="15,1,54,1" doraHai="103" who="0" fromWho="1" sc="162,20,382,-20,28,0,428,0" /><INIT seed="7,0,0,0,2,28" ten="182,362,28,428" oya="3" hai0="1,101,109,58,39,27,106,122,74,41,15,44,5" hai1="4,115,17,35,47,46,100,125,18,88,70,130,113" hai2="134,45,52,83,21,11,114,75,135,2,121,76,61" hai3="49,8,19,110,53,123,7,112,54,79,87,72,36"/><W3/><G123/><T93/><D122/><U33/><E70/><V105/><F121/><W90/><G36/><T0/><D109/><U13/><E100/><V94/><F105/><W34/><G34/><N who="1" m="12810" /><E130/><V22/><F94/><W107/><G107/><T9/><D93/><U38/><E125/><V50/><F61/><W68/><G68/><T85/><D27/><U119/><E119/><V116/><F116/><W43/><G110/><T81/><D85/><U24/><E38/><V127/><F127/><W84/><G43/><T31/><D31/><U95/><E4/><V132/><F114/><N who="1" m="43529" /><E24/><V67/><F67/><W73/><G112/><T10/><D58/><U56/><E56/><V23/><F11/><W133/><G133/><T118/><D118/><U131/><E131/><V102/><REACH who="2" step="1"/><F102/><REACH who="2" ten="182,362,18,428" step="2"/><W89/><G8/><T26/><D101/><U86/><E18/><V51/><F51/><W111/><G19/><T48/><D106/><U62/><E62/><V80/><F80/><W108/><G49/><T104/><D48/><U128/><E128/><V77/><F77/><W97/><G79/><T6/><D104/><U126/><E126/><V124/><F124/><W71/><G71/><T59/><D10/><AGARI ba="0,1" hai="10,13,17,46,47,86,88,95" m="43529,12810" machi="10" ten="30,8000,1" yaku="15,1,52,3,54,1" doraHai="28" who="1" fromWho="0" sc="182,-80,362,90,18,0,428,0" owari="102,-30.0,452,55.0,18,-48.0,428,23.0" /></mjloggm>