<mjloggm ver="2.3"><GO type="41"/><UN n0="%E3%81%94%E3%82%93%E3%81%96%E3%81%B6%E3%82%8D%E3%83%BC" n1="%E5%87%B8%E3%83%97%E3%83%A9%E3%82%B9%CE%B1" n2="%E3%82%A6%E3%83%AB%E3%83%88%E3%83%A9%E7%AB%8B%E7%9B%B4" n3="%E9%BA%BB%E9%9B%80" dan="15,15,15,14" rate="1924,1949,2022,1886" sx="M,M,M,M"/><TAIKYOKU oya="0"/><INIT seed="0,0,0,1,5,15" ten="250,250,250,250" oya="0" hai0="53,103,55,47,79,42,122,90,9,63,31,7,30" hai1="68,45,27,46,25,130,124,17,85,82,1,14,24" hai2="66,34,10,70,28,99,113,12,61,52,109,84,121" hai3="58,11,77,117,44,22,111,110,96,104,8,132,105"/><T72/><D122/><U135/><E68/><V128/><F121/><W114/><G117/><T67/><D103/><U62/><E1/><V6/><F113/><W40/><G114/><T51/><D90/><U64/><E135/><V89/><F128/><W57/><G132/><T49/><D79/><U92/><E130/><V32/><F109/><N who="3" m="41483" /><G77/><T60/><D72/><U86/><E124/><V33/><F99/><W4/><G96/><T129/><D129/><U76/><E62/><V13/><F28/><W118/><G118/><T87/><D87/><U20/><REACH who="1" step="1"/><E64/><REACH who="1" ten="250,240,250,250" step="2"/><V81/><F70/><W39/><G105/><T54/><D51/><U83/><E83/><V2/><F66/><W18/><G104/><T108/><D108/><U94/><E94/><V43/><F61/><W91/><G39/><T125/><D125/><U102/><E102/><V23/><F2/><W37/><G37/><T100/><D100/><U50/><E50/><V112/><F112/><W134/><G134/><T36/><D36/><U133/><E133/><V5/><F81/><W98/><G98/><T80/><D80/><U16/><E16/><V78/><F5/><W88/><G4/><T127/><D127/><U73/><E73/><V75/><F75/><W19/><G19/><T41/><D63/><U69/><E69/><V95/><F6/><W131/><G131/><T107/><D107/><U120/><E120/><V3/><F3/><W123/><G123/><T119/><D119/><U35/><E35/><V116/><F34/><W26/><G18/><T65/><D67/><U97/><E97/><V126/><F33/><RYUUKYOKU ba="0,1" sc="250,-10,240,30,250,-10,250,-10" hai1="14,17,20,24,25,27,45,46,76,82,85,86,92" /><INIT seed="1,1,1,0,1,19" ten="240,270,240,240" oya="1" hai0="71,102,23,59,56,41,60,68,97,34,45,39,105" hai1="29,7,38,131,110,6,36,103,112,4,55,43,26" hai2="118,72,101,10,47,134,81,42,75,92,86,78,115" hai3="58,124,8,22,51,46,28,79,18,88,111,64,107"/><U133/><E112/><V109/><F118/><W70/><G111/><T62/><D34/><U69/><E69/><V114/><F109/><W106/><G124/><T93/><D105/><U98/><E110/><V1/><F134/><W13/><G70/><T77/><D77/><U130/><E133/><V52/><F72/><W20/><G79/><T9/><D9/><U74/><E74/><V95/><F95/><W67/><G107/><T126/><D126/><U33/><E55/><V117/><F117/><W63/><G106/><T21/><D68/><U15/><E15/><V82/><F82/><W35/><G35/><T31/><D71/><U89/><E89/><V54/><F86/><W44/><G44/><T116/><D31/><U17/><E17/><V119/><F119/><W99/><G28/><T3/><D3/><U122/><E122/><V104/><F92/><N who="3" m="56711" /><G67/><T120/><D120/><U84/><E84/><V25/><F101/><W83/><G83/><T0/><D0/><U40/><E38/><V85/><F104/><W96/><G96/><T30/><D30/><U37/><E37/><V87/><F87/><W50/><G50/><N who="0" m="26927" /><D116/><U66/><E66/><V57/><F75/><W129/><G129/><N who="1" m="49162" /><E36/><V113/><F113/><W27/><G27/><T32/><D39/><U90/><E90/><V49/><F115/><W76/><G76/><T128/><D32/><U11/><E11/><V125/><F114/><W127/><G127/><T2/><D2/><U5/><N who="1" m="1536" /><DORA hai="24" /><U108/><E108/><V132/><F125/><W123/><G123/><T53/><D128/><U80/><E80/><RYUUKYOKU ba="1,1" sc="240,10,270,10,240,-30,240,10" hai0="21,23,53,56,59,60,62,93,97,102" hai1="26,29,33,40,43,98,103" hai3="8,13,18,20,22,46,51,58,63,64" /><INIT seed="1,2,1,0,3,118" ten="250,280,210,250" oya="1" hai0="42,95,58,39,30,48,65,51,131,9,21,97,17" hai1="20,90,69,93,33,86,2,66,4,70,62,6,8" hai2="44,115,121,23,5,81,92,125,22,45,50,32,134" hai3="76,31,41,107,52,111,29,43,67,83,120,0,102"/><U105/><E105/><V7/><F32/><W15/><G120/><T64/><D131/><U11/><E33/><V130/><F130/><W116/><G111/><T91/><D39/><U74/><E74/><V28/><F28/><W73/><G116/><T3/><D30/><U49/><E20/><V88/><F115/><W10/><G0/><T60/><D42/><U72/><E72/><V103/><F121/><W75/><G75/><T80/><D80/><U82/><E49/><N who="0" m="19017" /><D3/><U79/><E70/><V112/><F112/><W123/><G123/><T25/><D9/><U98/><E11/><V133/><F125/><W104/><G67/><AGARI ba="2,1" hai="17,21,25,58,60,64,65,67,91,95,97" m="19017" machi="67" ten="30,1000,0" yaku="8,1" doraHai="118" who="0" fromWho="3" sc="250,26,280,0,210,0,250,-16" /><INIT seed="2,0,0,4,5,84" ten="276,280,210,234" oya="2" hai0="38,41,66,93,24,110,73,72,99,1,101,17,5" hai1="86,127,82,6,100,76,28,113,130,55,18,43,125" hai2="74,2,128,108,79,123,70,97,51,57,96,119,46" hai3="65,69,105,50,60,48,124,92,8,71,132,75,27"/><V39/><F96/><W45/><G105/><T121/><D110/><U111/><E111/><V47/><F97/><W30/><G75/><T59/><D121/><U35/><E113/><V16/><F108/><W112/><G132/><T126/><D126/><U53/><E100/><V0/><F123/><W106/><G124/><T14/><D1/><U77/><E28/><V133/><F119/><W104/><G106/><T94/><D94/><U78/><E35/><V34/><F34/><W81/><G104/><T26/><D38/><U13/><E127/><V29/><F29/><W102/><G112/><T42/><D72/><U91/><E130/><V19/><F70/><W40/><G71/><T12/><D73/><U4/><E43/><N who="0" m="16393" /><D5/><U67/><E67/><V131/><F133/><W90/><G102/><T114/><D114/><U107/><E107/><V9/><F39/><W3/><G69/><T25/><D17/><N who="2" m="6730" /><F57/><W88/><G3/><N who="2" m="1065" /><F9/><W11/><G48/><T22/><D22/><U120/><E120/><V83/><F51/><W54/><G40/><T61/><AGARI ba="0,0" hai="12,14,24,25,26,59,61,66,93,99,101" m="16393" machi="61" ten="30,1100,0" yaku="8,1" doraHai="84" who="0" fromWho="0" sc="276,11,280,-3,210,-5,234,-3" /><INIT seed="3,0,0,0,3,16" ten="287,277,205,231" oya="3" hai0="115,27,124,73,133,130,25,64,89,50,30,32,29" hai1="113,24,90,83,36,76,5,49,58,119,47,17,80" hai2="134,101,21,127,43,91,51,31,112,48,117,11,77" hai3="99,26,33,94,92,74,114,79,98,53,69,55,107"/><W46/><G114/><T15/><D115/><U86/><E113/><V4/><F117/><W65/><G69/><T135/><D130/><U96/><E119/><V109/><F127/><W45/><G65/><T7/><D124/><U111/><E111/><V85/><F109/><W121/><G26/><T23/><D73/><U100/><E36/><V10/><F134/><N who="0" m="51210" /><D64/><U28/><E5/><V12/><F112/><W6/><G74/><T88/><D50/><U41/><E17/><V110/><F110/><W128/><G6/><T38/><D38/><U126/><E126/><V57/><F77/><W63/><G79/><T106/><D106/><U37/><E37/><V20/><F101/><W104/><G128/><T81/><D81/><U9/><E9/><AGARI ba="0,0" hai="7,9,15,23,25,27,29,30,32,88,89" m="51210" machi="9" ten="30,3900,0" yaku="20,1,52,1,54,1" doraHai="16" who="0" fromWho="1" sc="287,39,277,-39,205,0,231,0" /><INIT seed="4,0,0,0,1,24" ten="326,238,205,231" oya="0" hai0="17,119,62,28,36,77,75,18,128,31,19,99,114" hai1="33,112,125,95,122,101,87,64,45,10,92,50,69" hai2="38,48,20,3,127,37,8,78,96,66,98,51,120" hai3="126,123,53,118,4,12,52,84,32,60,21,121,110"/><T134/><D119/><U129/><E122/><N who="3" m="46602" /><G110/><T5/><D128/><U131/><E33/><V94/><F120/><W70/><G118/><T81/><D36/><U106/><E69/><V132/><F8/><N who="3" m="4103" /><G32/><T115/><D134/><U72/><E64/><V67/><F20/><W43/><G126/><T54/><D5/><U85/><E10/><V104/><F94/><W55/><G43/><T79/><D79/><U108/><E95/><V102/><F78/><W135/><G135/><T109/><D109/><U25/><E92/><V15/><F15/><W27/><G84/><T111/><D99/><U61/><E87/><V88/><F3/><W93/><G93/><T13/><D13/><U16/><E85/><V103/><F132/><W0/><G0/><T100/><D100/><U74/><E101/><V46/><F127/><W40/><G40/><T63/><D111/><U30/><E125/><V105/><REACH who="2" step="1"/><F46/><REACH who="2" ten="326,238,195,231" step="2"/><W47/><G47/><T44/><D44/><U117/><E45/><V71/><F71/><W80/><G70/><T35/><D35/><U7/><E117/><V6/><F6/><W22/><G80/><T107/><D107/><U83/><E83/><V42/><F42/><W2/><G2/><T59/><REACH who="0" step="1"/><D63/><REACH who="0" ten="316,238,195,231" step="2"/><U9/><E61/><V56/><F56/><N who="3" m="34823" /><G27/><T116/><D116/><U29/><E25/><V26/><F26/><W133/><G133/><T68/><D68/><U49/><E106/><V14/><F14/><W23/><AGARI ba="0,2" hai="21,22,23,53,55" m="34823,4103,46602" machi="23" ten="30,2000,0" yaku="13,1,54,1" doraHai="24" who="3" fromWho="3" sc="316,-10,238,-5,195,-5,231,40" /><INIT seed="5,0,0,3,2,132" ten="306,233,190,271" oya="1" hai0="87,68,24,62,7,60,71,83,102,95,45,74,92" hai1="94,41,90,134,43,89,130,52,23,61,72,80,34" hai2="82,3,6,21,28,98,99,17,100,63,47,126,46" hai3="53,22,20,78,121,0,56,59,11,86,122,27,106"/><U44/><E34/><V25/><F99/><W117/><G106/><T93/><D74/><U8/><E134/><V5/><F82/><W118/><G117/><T109/><D102/><U97/><E130/><V16/><F126/><W84/><G118/><T40/><D109/><U4/><E23/><V112/><F63/><N who="0" m="24106" /><D68/><U131/><E131/><V19/><F112/><W57/><G78/><N who="0" m="46583" /><D71/><U114/><E114/><V36/><F36/><W49/><G0/><T26/><D7/><U88/><E72/><V115/><F115/><W128/><G128/><T9/><D9/><U108/><E108/><V18/><N who="2" m="4608" /><DORA hai="79" /><V113/><F113/><W66/><G122/><T35/><D35/><U38/><E43/><V135/><F135/><W51/><G11/><T107/><D107/><U1/><REACH who="1" step="1"/><E80/><REACH who="1" ten="306,223,190,271" step="2"/><V81/><F81/><W10/><G121/><T32/><D32/><U48/><E48/><AGARI ba="0,1" hai="24,26,40,45,48,92,93,95" m="46583,24106" machi="48" ten="30,2000,0" yaku="8,1,52,1" doraHai="132,79" who="0" fromWho="1" sc="306,30,223,-20,190,0,271,0" /><INIT seed="6,0,0,3,1,68" ten="336,203,190,271" oya="2" hai0="114,90,7,24,19,133,130,116,30,18,50,93,6" hai1="1,102,46,69,79,107,58,124,28,87,10,97,51" hai2="85,74,32,131,117,81,15,43,72,126,119,121,92" hai3="106,99,108,120,57,84,129,123,3,127,31,111,47"/><V135/><F32/><W34/><G3/><T104/><D133/><U27/><E124/><V13/><F43/><W66/><G31/><T40/><D104/><U9/><E69/><V20/><F15/><W115/><G34/><T2/><D116/><U86/><E58/><V53/><F53/><W49/><G84/><T52/><D130/><U55/><E1/><V0/><F13/><W22/><G22/><N who="0" m="15639" /><D40/><U37/><E37/><V110/><F20/><W105/><G99/><N who="0" m="57783" /><D114/><U16/><E79/><N who="2" m="46271" /><F0/><W14/><G115/><T48/><D48/><U35/><REACH who="1" step="1"/><E16/><REACH who="1" ten="336,193,190,271" step="2"/><N who="0" m="6185" /><D2/><U78/><E78/><V88/><F121/><W91/><G127/><T64/><D64/><U70/><E70/><V98/><F126/><W4/><G129/><T109/><D109/><U128/><E128/><V103/><F131/><W75/><G66/><T12/><D12/><U59/><E59/><AGARI ba="0,1" hai="6,7,50,52,59" m="6185,57783,15639" machi="59" ten="30,3900,0" yaku="8,1,54,2" doraHai="68" who="0" fromWho="1" sc="336,49,193,-39,190,0,271,0" /><INIT seed="7,0,0,2,2,45" ten="385,154,190,271" oya="3" hai0="87,49,116,102,43,73,20,53,117,105,32,114,119" hai1="34,26,76,9,68,66,47,79,131,0,92,42,71" hai2="133,97,15,38,14,27,85,89,58,100,44,8,126" hai3="67,120,21,122,132,31,70,125,54,24,17,13,80"/><W72/><G132/><T48/><D32/><U124/><E131/><V29/><F126/><W63/><G125/><T65/><D73/><U129/><E124/><V30/><F38/><W115/><G115/><T4/><D105/><U107/><E129/><V40/><F44/><W106/><G106/><T95/><D114/><U91/><E107/><V90/><F40/><W103/><G103/><T41/><D4/><U16/><E0/><V77/><F77/><W2/><G2/><T78/><D65/><U81/><E66/><V51/><F133/><W3/><G3/><T96/><D20/><U113/><E113/><V1/><F1/><W61/><G80/><T37/><D37/><U135/><E135/><V88/><F100/><W36/><G72/><T6/><D49/><U101/><E101/><V11/><F97/><W127/><G36/><T59/><D6/><U18/><E34/><V5/><F85/><W25/><G127/><T118/><N who="0" m="30208" /><DORA hai="62" /><T12/><REACH who="0" step="1"/><D12/><REACH who="0" ten="375,154,190,271" step="2"/><U121/><E121/><V22/><F15/><W57/><G13/><T10/><D10/><U60/><E9/><V69/><F11/><W130/><G130/><T52/><D52/><U74/><E79/><V108/><F14/><W110/><G110/><T50/><D50/><U123/><E123/><V39/><F8/><W109/><G109/><T55/><D55/><U33/><E60/><V111/><F111/><W56/><G70/><N who="1" m="26666" /><E33/><AGARI ba="0,1" hai="17,21,24,25,31,33,54,56,57,61,63,67,120,122" machi="33" ten="30,2900,0" yaku="7,1,52,1" doraHai="45,62" who="3" fromWho="1" sc="375,0,154,-29,190,0,271,39" /><INIT seed="7,1,0,1,4,10" ten="375,125,190,310" oya="3" hai0="63,85,128,120,80,43,131,54,38,88,55,51,87" hai1="11,76,58,0,53,78,20,64,19,124,121,36,115" hai2="135,44,34,57,133,17,69,105,96,49,35,102,74" hai3="15,18,4,9,50,47,1,13,111,103,116,72,114"/><W45/><G111/><T75/><D75/><U98/><E36/><V108/><F74/><W125/><G116/><T66/><D120/><U12/><E121/><V61/><F69/><W23/><G72/><T118/><D118/><U2/><E124/><V52/><F108/><W94/><G125/><T14/><D38/><U97/><E115/><V90/><F90/><W3/><G114/><T130/><D14/><U127/><E127/><V100/><F100/><W48/><G94/><N who="0" m="54543" /><D43/><U99/><E2/><V71/><F71/><W21/><G103/><T82/><D82/><U132/><E132/><V65/><REACH who="2" step="1"/><F17/><REACH who="2" ten="375,125,180,310" step="2"/><W73/><G73/><T26/><D130/><U70/><E70/><V83/><F83/><W104/><G104/><T86/><D87/><U40/><E0/><V107/><F107/><W106/><G106/><T84/><D86/><U16/><E40/><V59/><F59/><W30/><G30/><T27/><D84/><U122/><E122/><V42/><F42/><W33/><G18/><T129/><D80/><U67/><E78/><V46/><F46/><W112/><G112/><T6/><D6/><U25/><E76/><V31/><F31/><W81/><G81/><T24/><D51/><AGARI ba="1,1" hai="11,12,16,19,20,25,51,53,58,64,67,97,98,99" machi="51" ten="40,5200,0" yaku="8,1,52,1,54,1" doraHai="10" who="1" fromWho="0" sc="375,-55,125,65,180,0,310,0" owari="320,42.0,190,-21.0,180,-32.0,310,11.0" /></mjloggm>