<mjloggm ver="2.3"><GO type="169" lobby="0"/><UN n0="%E6%AF%94%E5%98%89%E7%A7%80%E4%BB%81" n1="%E3%83%89%E3%83%A9%E3%81%8F%E3%82%8C" n2="%EF%BC%88%E2%89%A7%E2%96%BD%E2%89%A6%EF%BC%89" n3="%E4%BA%9B%E6%B8%A1%E3%82%92%E8%B6%85%E3%81%88%E3%82%8B%E8%80%85" dan="17,16,17,16" rate="2175.90,2066.72,2161.23,2031.86" sx="M,M,M,M"/><TAIKYOKU oya="0"/><INIT seed="0,0,0,0,1,86" ten="250,250,250,250" oya="0" hai0="81,49,5,90,68,39,21,3,33,61,78,36,102" hai1="30,115,19,55,31,131,35,119,99,70,66,27,37" hai2="47,117,13,128,58,40,108,52,32,65,113,20,95" hai3="79,82,73,110,29,26,56,101,94,9,38,1,11"/><T16/><BYE who="3" /><D33/><U12/><E119/><V48/><F32/><W103/><G103/><T46/><D102/><U62/><E115/><V122/><F113/><W18/><G18/><T130/><D130/><U15/><E131/><V97/><F122/><W104/><G104/><T132/><D5/><U64/><E37/><V91/><F128/><W88/><G88/><T85/><D3/><U6/><E31/><V107/><F107/><W135/><G135/><T80/><D61/><U28/><E28/><V34/><F108/><W50/><G50/><T2/><D2/><U124/><E124/><V72/><F34/><W24/><G24/><T63/><D63/><U92/><E64/><V0/><F0/><W116/><G116/><T60/><D60/><U89/><E6/><V43/><F72/><W59/><G59/><T127/><D68/><U133/><E133/><V129/><F117/><W42/><G42/><N who="2" m="15913" /><F129/><W14/><G14/><T118/><D118/><U109/><E109/><V112/><F112/><W45/><G45/><T76/><D132/><U54/><REACH who="1" step="1"/><E15/><REACH who="1" ten="250,240,250,250" step="2"/><V44/><F65/><W51/><G51/><T134/><D127/><U74/><E74/><V123/><F123/><W106/><G106/><T96/><D134/><U71/><E71/><V8/><F20/><AGARI ba="0,1" hai="12,19,20,27,30,35,54,55,62,66,70,89,92,99" machi="20" ten="30,7700,0" yaku="1,1,7,1,52,1,53,1" doraHai="86" doraHaiUra="10" who="1" fromWho="2" sc="250,0,240,87,250,-77,250,0" /><INIT seed="1,0,0,0,5,89" ten="250,327,173,250" oya="1" hai0="23,36,91,41,118,124,102,9,101,15,35,6,30" hai1="86,68,127,97,119,81,100,47,17,113,42,104,62" hai2="63,24,82,130,58,29,78,60,103,12,64,5,90" hai3="69,32,34,115,65,135,116,37,11,54,18,55,114"/><U94/><E119/><V72/><F103/><W112/><G112/><T16/><D118/><U43/><E113/><V39/><F39/><W110/><G110/><T59/><D124/><U120/><E127/><V45/><F130/><W80/><G80/><T28/><D41/><U7/><E120/><V46/><F63/><W57/><G57/><T52/><D36/><U40/><E7/><V50/><F50/><W38/><G38/><T22/><D91/><U1/><E1/><V49/><F49/><W105/><G105/><T122/><D122/><U0/><E0/><V88/><F12/><W111/><G111/><T98/><D35/><U79/><E17/><V48/><F5/><W71/><G71/><T83/><D83/><U33/><E33/><V66/><F66/><W77/><G77/><T93/><D102/><U87/><E87/><V20/><REACH who="2" step="1"/><F46/><REACH who="2" ten="250,327,163,250" step="2"/><W56/><G56/><T53/><D53/><AGARI ba="0,1" hai="20,24,29,45,48,53,58,60,64,72,78,82,88,90" machi="53" ten="30,7700,0" yaku="1,1,2,1,7,1,54,1,53,0" doraHai="89" doraHaiUra="31" who="2" fromWho="0" sc="250,-77,327,0,163,87,250,0" /><INIT seed="2,0,0,1,2,75" ten="173,327,250,250" oya="2" hai0="133,47,126,20,19,77,10,30,114,51,88,127,33" hai1="131,46,4,103,97,120,63,109,17,95,71,135,60" hai2="16,0,116,107,37,39,3,14,55,100,115,123,28" hai3="59,105,53,72,21,11,68,125,58,40,96,24,117"/><V76/><F123/><W62/><G62/><T121/><D121/><U91/><E120/><V85/><F116/><W66/><G66/><T92/><D114/><U61/><E135/><UN n3="%E4%BA%9B%E6%B8%A1%E3%82%92%E8%B6%85%E3%81%88%E3%82%8B%E8%80%85" /><V22/><F115/><W8/><G68/><T12/><D133/><U80/><E131/><V41/><F28/><W122/><G40/><T108/><D108/><U134/><E109/><V90/><F41/><W29/><G72/><T2/><D33/><U38/><E134/><V31/><F31/><W69/><G69/><T78/><D2/><U73/><E4/><V74/><F3/><W35/><G21/><T119/><D119/><U82/><E38/><V112/><F0/><W93/><G105/><T81/><D81/><U26/><E46/><V25/><F25/><W89/><G122/><T67/><D67/><U106/><E71/><V43/><F43/><W32/><G32/><T84/><D30/><U86/><E73/><V101/><F112/><W70/><G70/><T54/><REACH who="0" step="1"/><D20/><REACH who="0" ten="163,327,250,250" step="2"/><U23/><AGARI ba="0,1" hai="17,23,26,60,61,63,80,82,86,91,95,97,103,106" machi="23" ten="30,1100,0" yaku="0,1" doraHai="75" who="1" fromWho="1" sc="163,-3,327,21,250,-5,250,-3" /><INIT seed="3,0,0,0,1,122" ten="160,348,245,247" oya="3" hai0="57,0,37,31,6,71,15,46,20,103,9,108,84" hai1="64,11,2,4,41,38,124,33,63,56,30,111,48" hai2="97,126,67,59,132,129,85,107,98,68,22,35,94" hai3="36,49,32,86,29,55,133,88,21,52,105,135,83"/><W115/><G115/><T96/><D71/><U121/><E121/><V120/><F35/><W76/><G36/><T54/><D84/><U34/><E124/><V81/><F120/><W114/><G114/><T28/><D31/><U47/><E111/><V51/><F126/><W17/><G105/><T77/><D77/><U42/><E30/><V5/><F129/><W75/><G29/><T106/><D37/><U125/><E125/><V53/><F132/><N who="3" m="50763" /><G32/><T58/><D46/><U117/><E117/><V26/><F107/><W128/><G128/><T113/><D113/><U13/><E42/><V89/><F5/><W127/><G127/><T14/><D57/><U7/><E7/><V24/><F97/><W90/><G49/><T12/><D108/><U87/><E2/><V130/><F130/><W62/><G62/><T40/><D40/><U74/><E74/><V109/><F109/><W100/><G100/><T25/><REACH who="0" step="1"/><D0/><REACH who="0" ten="150,348,245,247" step="2"/><U8/><E38/><V93/><F68/><W79/><G79/><T123/><D123/><U50/><E87/><V91/><F67/><W23/><G75/><T116/><D116/><U44/><E44/><V60/><F81/><W101/><G76/><T27/><D27/><U69/><E69/><V3/><F3/><W131/><G131/><T104/><D104/><U19/><E64/><V92/><F26/><W99/><G86/><T112/><D112/><U16/><E47/><N who="2" m="27903" /><F85/><W118/><G118/><T95/><D95/><U66/><E41/><V134/><F134/><W45/><G83/><T70/><D70/><U78/><E78/><V102/><F93/><RYUUKYOKU ba="0,1" sc="150,30,348,-10,245,-10,247,-10" hai0="6,9,12,14,15,20,25,28,54,58,96,103,106" /><INIT seed="4,1,1,4,5,90" ten="180,338,235,237" oya="0" hai0="125,77,8,116,68,56,37,110,44,106,102,2,3" hai1="65,112,104,105,126,38,135,33,47,122,48,17,67" hai2="64,7,9,92,34,82,26,55,35,24,100,13,46" hai3="28,71,41,23,61,121,134,119,84,73,32,99,10"/><T123/><D116/><U59/><E122/><V94/><F35/><W127/><G119/><T85/><D123/><U15/><E112/><V58/><F34/><W45/><G73/><T107/><D68/><U114/><E114/><V40/><F82/><W83/><G32/><T91/><D77/><U27/><E38/><V95/><F100/><W70/><G121/><T60/><D125/><U19/><E126/><V11/><F64/><W20/><G127/><T1/><D8/><U81/><E81/><V79/><F79/><W6/><G134/><T132/><D132/><U113/><E135/><V131/><F131/><W129/><G129/><T18/><D18/><U63/><E67/><V62/><REACH who="2" step="1"/><F11/><REACH who="2" ten="180,338,225,237" step="2"/><W43/><G83/><T50/><D102/><U49/><E65/><V36/><AGARI ba="1,2" hai="7,9,13,24,26,36,40,46,55,58,62,92,94,95" machi="36" ten="30,12000,2" yaku="1,1,2,1,0,1,52,3,53,0" doraHai="90" doraHaiUra="30" who="2" fromWho="2" sc="180,-61,338,-31,225,143,237,-31" /><INIT seed="5,0,0,4,3,106" ten="119,307,368,206" oya="1" hai0="38,100,40,23,102,115,31,85,90,135,39,22,81" hai1="79,46,43,14,52,7,105,121,60,97,64,24,108" hai2="42,89,95,58,11,36,65,92,78,21,26,32,131" hai3="30,83,17,68,119,4,91,120,0,110,73,3,132"/><U127/><E121/><V2/><F32/><W130/><G30/><T15/><D115/><U56/><E127/><V50/><F131/><W129/><G68/><T6/><D135/><U117/><E117/><V54/><F78/><W124/><G120/><T69/><D69/><U111/><E79/><V70/><F2/><W67/><G67/><T28/><D40/><U87/><E87/><V48/><F11/><W128/><G91/><T35/><D35/><U84/><E84/><V51/><F36/><W133/><G110/><N who="1" m="42026" /><E24/><V59/><F70/><W16/><G119/><T53/><D39/><N who="1" m="21887" /><E14/><V5/><F65/><W8/><G3/><T25/><D38/><U107/><E7/><V134/><F5/><W34/><G34/><T19/><D6/><U109/><N who="1" m="42034" /><U116/><DORA hai="125" /><E116/><V61/><F134/><N who="3" m="51819" /><G124/><T27/><REACH who="0" step="1"/><D53/><REACH who="0" ten="109,307,368,206" step="2"/><U104/><E64/><V113/><F54/><W29/><G29/><T77/><D77/><AGARI ba="0,1" hai="0,4,8,16,17,73,77,83,128,129,130" m="51819" machi="77" ten="40,12000,2" yaku="19,1,20,1,52,4,54,1" doraHai="106,125" who="3" fromWho="0" sc="109,-120,307,0,368,0,206,130" owari="-11,-51.0,307,-9.0,368,46.0,336,14.0" /></mjloggm>