<mjloggm ver="2.3"><GO type="97"/><UN n0="%E3%83%93%E3%83%AA%E3%83%A4%E3%82%B3%E3%83%95" n1="%E6%9C%80%E5%BE%8C%E3%81%AE%E5%88%87%E3%82%8A%E7%89%8C" n2="%63%68%69%62%69%6E%6E" n3="%EF%BC%88%E2%89%A7%E2%96%BD%E2%89%A6%EF%BC%89" dan="13,14,13,15" rate="1922,2001,1904,1965" sx="M,M,F,M"/><TAIKYOKU oya="0"/><INIT seed="0,0,0,2,1,11" ten="250,250,250,250" oya="0" hai0="120,131,31,75,115,42,134,33,129,89,94,116,100" hai1="109,38,41,63,66,117,95,58,64,55,107,81,2" hai2="73,132,125,6,123,68,126,61,25,3,124,54,12" hai3="72,22,133,9,26,27,135,14,103,16,102,104,111"/><T110/><D42/><U36/><E107/><V24/><F73/><W30/><G111/><T53/><D75/><U18/><E2/><V121/><F68/><W1/><G72/><T46/><D120/><N who="2" m="46154" /><F61/><W122/><G122/><T76/><D115/><U40/><E117/><V77/><F54/><W112/><G112/><T20/><D116/><U90/><E109/><V60/><F60/><W114/><G114/><T19/><D110/><U43/><E81/><V44/><F44/><W118/><G118/><T8/><D76/><U10/><E95/><V98/><F98/><W82/><G82/><T87/><D100/><U21/><E90/><V84/><F3/><W32/><G1/><T28/><D33/><U57/><E10/><N who="2" m="4183" /><F132/><N who="3" m="50763" /><G104/><T4/><D134/><U127/><E38/><V65/><F65/><W48/><G48/><T91/><D53/><N who="1" m="34223" /><E36/><V88/><F77/><W101/><G101/><T106/><D91/><U128/><E66/><V108/><F108/><W70/><G70/><T62/><D106/><U37/><E64/><V97/><F97/><W13/><G27/><N who="0" m="14751" /><D62/><U74/><E74/><V130/><F130/><N who="0" m="49674" /><D46/><U59/><E128/><V92/><AGARI ba="0,0" hai="24,25,84,88,92,124,125,126" m="4183,46154" machi="92" ten="40,5200,0" yaku="18,1,52,1,54,1" doraHai="11" who="2" fromWho="2" sc="250,-26,250,-13,250,52,250,-13" /><INIT seed="1,0,0,5,5,74" ten="224,237,302,237" oya="1" hai0="83,19,117,80,69,70,130,38,8,22,124,28,1" hai1="115,112,108,87,27,34,113,95,66,26,56,54,35" hai2="81,67,94,92,49,58,52,41,85,47,51,111,13" hai3="107,57,122,132,44,64,42,65,77,99,18,127,76"/><U43/><E66/><V59/><F111/><W33/><G33/><T53/><D117/><U105/><E105/><V37/><F37/><W79/><G122/><T78/><D28/><U32/><E43/><V63/><F13/><W17/><G132/><T135/><D135/><U86/><E108/><V110/><F110/><W30/><G127/><T48/><D38/><U104/><E104/><V29/><F29/><W98/><G30/><T50/><D124/><U101/><E101/><V88/><AGARI ba="0,0" hai="41,47,49,51,52,58,59,63,67,81,85,88,92,94" machi="88" ten="20,8000,1" yaku="0,1,7,1,8,1,54,2" doraHai="74" who="2" fromWho="2" sc="224,-20,237,-40,302,80,237,-20" /><INIT seed="2,0,0,3,4,16" ten="204,197,382,217" oya="2" hai0="125,73,59,131,72,122,48,114,88,21,18,34,108" hai1="103,107,62,91,94,53,126,5,65,4,52,97,134" hai2="111,95,10,113,54,120,44,15,60,119,90,39,68" hai3="19,57,28,32,23,115,31,78,98,14,109,36,17"/><V96/><F119/><W132/><G36/><T35/><D122/><U82/><E134/><V85/><F120/><W11/><G132/><T58/><D114/><U87/><E126/><V12/><F113/><W121/><G115/><T76/><D73/><U100/><E100/><V56/><F68/><W25/><G121/><T104/><D104/><U106/><E106/><V92/><F111/><W112/><G112/><T33/><D108/><U26/><E26/><V49/><F39/><W80/><G109/><T46/><D125/><U9/><E107/><V124/><F124/><W102/><G57/><T83/><D131/><U66/><E5/><V74/><F74/><W69/><G69/><T47/><D47/><U41/><E41/><V133/><F133/><W123/><G123/><T77/><D77/><U29/><E29/><V127/><F127/><W0/><G0/><T86/><D76/><U129/><E129/><V79/><F79/><W116/><G32/><T64/><D72/><U27/><E27/><V130/><F130/><W75/><REACH who="3" step="1"/><G116/><REACH who="3" ten="204,197,382,207" step="2"/><T93/><D64/><U22/><E66/><N who="2" m="39175" /><F10/><W30/><G30/><T110/><D110/><U51/><E51/><V3/><F3/><W2/><G2/><T45/><D45/><U50/><E50/><V105/><F105/><AGARI ba="0,1" hai="11,14,17,19,23,25,28,31,75,78,80,98,102,105" machi="105" ten="30,3900,0" yaku="1,1,7,1,52,1,53,0" doraHai="16" doraHaiUra="42" who="3" fromWho="2" sc="204,0,197,0,382,-39,207,49" /><INIT seed="3,0,0,3,4,82" ten="204,197,343,256" oya="3" hai0="118,110,46,85,11,123,61,78,106,54,104,23,114" hai1="50,94,72,4,115,15,42,100,121,59,55,126,127" hai2="24,102,45,76,1,87,130,81,74,132,119,34,73" hai3="25,103,20,120,41,90,80,27,66,56,35,69,92"/><W98/><G120/><T117/><D123/><U135/><E121/><V65/><F119/><W28/><G69/><T53/><D11/><N who="1" m="4583" /><E72/><V26/><F130/><W37/><G37/><T22/><D46/><U89/><E100/><V88/><F1/><W3/><G3/><T36/><D36/><U38/><E38/><V113/><F113/><W57/><G41/><T63/><D78/><U49/><E115/><V12/><F34/><W86/><REACH who="3" step="1"/><G66/><REACH who="3" ten="204,197,343,246" step="2"/><T62/><D114/><U67/><E67/><V16/><F132/><W134/><G134/><T47/><D47/><N who="1" m="25847" /><E135/><V93/><F65/><W68/><G68/><T91/><D110/><U19/><E19/><AGARI ba="0,1" hai="19,20,25,27,28,35,56,57,80,86,90,92,98,103" machi="19" ten="30,5800,0" yaku="1,1,7,1,52,1,53,0" doraHai="82" doraHaiUra="128" who="3" fromWho="1" sc="204,0,197,-58,343,0,246,68" /><INIT seed="3,1,0,3,1,91" ten="204,139,343,314" oya="3" hai0="104,117,113,31,119,94,6,4,116,68,33,126,49" hai1="82,123,62,27,101,81,47,127,29,46,87,110,58" hai2="115,134,15,44,85,70,88,86,107,59,64,35,48" hai3="28,114,19,78,99,24,63,106,39,14,132,71,16"/><W20/><G114/><T103/><D104/><U7/><E123/><V1/><F107/><W130/><G39/><T17/><D68/><U67/><E110/><V36/><F36/><W21/><G132/><T92/><D113/><U75/><E75/><V125/><F115/><W30/><G130/><T2/><D103/><U97/><E127/><V112/><F112/><W54/><G78/><T89/><D89/><U80/><E7/><V41/><F35/><W38/><G38/><T9/><D126/><U135/><E135/><V13/><F1/><W77/><G77/><T95/><D49/><U57/><E57/><V102/><F134/><W121/><G121/><T8/><D17/><U72/><E72/><V42/><F70/><W26/><G71/><T73/><D73/><U18/><E18/><N who="3" m="6698" /><G106/><T23/><D23/><N who="3" m="8777" /><G99/><T69/><D69/><U90/><E27/><N who="3" m="10282" /><G14/><T56/><D56/><AGARI ba="1,0" hai="28,30,54,56,63" m="10282,8777,6698" machi="56" ten="30,2900,0" yaku="8,1,54,1" doraHai="91" who="3" fromWho="0" sc="204,-32,139,0,343,0,314,32" owari="172,-23.0,139,-36.0,343,14.0,346,45.0" /></mjloggm>