<mjloggm ver="2.3"><GO type="9"/><UN n0="%E3%82%AE%E3%83%AB%E3%83%90%E3%83%BC%E3%83%88" n1="%73%69%6E%67%65%6E" n2="%EF%BC%88%E2%89%A7%E2%96%BD%E2%89%A6%EF%BC%89" n3="%E3%83%88%E3%82%A6%E3%83%A2%E3%82%B3%E3%83%AD%E3%82%B7" dan="7,7,7,11" rate="1635,1369,1719,1585" sx="M,M,M,M"/><TAIKYOKU oya="0"/><INIT seed="0,0,0,5,3,109" ten="250,250,250,250" oya="0" hai0="60,123,5,89,27,74,120,122,83,75,54,10,45" hai1="56,25,121,24,65,19,6,130,30,132,34,33,12" hai2="105,23,55,71,1,40,129,31,32,108,111,101,77" hai3="133,87,22,134,44,128,50,112,116,90,88,135,62"/><T57/><D27/><U69/><E121/><V99/><F129/><W76/><G116/><T106/><D106/><U59/><E130/><V16/><F1/><W38/><G38/><T131/><D131/><U49/><E132/><V35/><F77/><W127/><G128/><T52/><D45/><U18/><E49/><V107/><F71/><W124/><G62/><T113/><D113/><U15/><E69/><V37/><F107/><W72/><G72/><T110/><D110/><N who="2" m="42026" /><F31/><W11/><G11/><T0/><REACH who="0" step="1"/><D54/><REACH who="0" step="2"/><U63/><E59/><V115/><F115/><W73/><G112/><T39/><D39/><U64/><E64/><V47/><F55/><N who="3" m="30151" /><G22/><T68/><D68/><U43/><E43/><V7/><F7/><W61/><G73/><T86/><AGARI ba="0,1" hai="0,5,10,52,57,60,74,75,83,86,89,120,122,123" machi="86" ten="40,12000,1" yaku="1,1,0,1,54,1,53,1" doraHai="109" doraHaiUra="85" who="0" fromWho="0" sc="240,130,250,-40,250,-40,250,-40" /><INIT seed="0,1,0,1,1,19" ten="370,210,210,210" oya="0" hai0="102,54,8,9,44,125,65,110,77,18,95,117,49" hai1="105,123,80,91,79,23,0,104,15,135,108,17,73" hai2="129,85,122,37,10,133,12,16,28,3,58,118,88" hai3="47,90,93,1,132,2,52,100,134,75,109,119,113"/><T97/><D117/><U87/><E0/><V45/><F122/><W67/><G119/><T4/><D125/><U76/><E123/><V7/><F118/><W41/><G113/><T22/><D110/><U81/><E135/><V84/><F133/><N who="3" m="51307" /><G75/><T72/><D65/><U71/><E71/><V126/><F126/><W106/><G106/><T13/><REACH who="0" step="1"/><D4/><REACH who="0" step="2"/><U99/><REACH who="1" step="1"/><E108/><REACH who="1" step="2"/><V82/><F7/><W63/><G109/><T89/><D89/><U21/><E21/><V29/><F88/><W26/><G90/><T14/><D14/><U121/><E121/><V62/><F12/><W86/><G86/><T107/><D107/><U115/><E115/><V39/><F85/><W60/><G100/><T101/><D101/><U31/><E31/><V98/><F28/><W70/><G93/><AGARI ba="1,2" hai="15,17,23,73,76,79,80,81,87,91,93,99,104,105" machi="93" ten="40,2600,0" yaku="1,1,52,1,53,0" doraHai="19" doraHaiUra="6" who="1" fromWho="3" sc="360,0,200,49,210,0,210,-29" /><INIT seed="1,0,0,2,5,9" ten="360,249,210,181" oya="1" hai0="49,99,37,87,106,121,1,7,52,55,4,28,6" hai1="34,65,77,81,93,80,45,131,117,64,74,3,107" hai2="127,54,109,16,14,75,96,43,27,61,110,72,88" hai3="40,24,78,42,130,44,8,113,32,36,21,63,126"/><U122/><E117/><V105/><F127/><W67/><G113/><T129/><D121/><U46/><E122/><V94/><F105/><W71/><G8/><T23/><D37/><U91/><E3/><V20/><F43/><W15/><G15/><T123/><D123/><U128/><E34/><V22/><F54/><W10/><G10/><T48/><D129/><U101/><E107/><V90/><F90/><W68/><G68/><T50/><D87/><U2/><E2/><V5/><F61/><W59/><G42/><T112/><D112/><U102/><E81/><V76/><F5/><W12/><G78/><T66/><D1/><U132/><E132/><V119/><F119/><W133/><G133/><T19/><D28/><U103/><E91/><V108/><REACH who="2" step="1"/><F76/><REACH who="2" step="2"/><W135/><G130/><T17/><D106/><U41/><E131/><V85/><F85/><W116/><G135/><T82/><D99/><U57/><E128/><V29/><AGARI ba="0,1" hai="14,16,20,22,27,29,72,75,88,94,96,108,109,110" machi="29" ten="30,16000,3" yaku="1,1,0,1,14,1,52,1,54,2,53,2" doraHai="9" doraHaiUra="104" who="2" fromWho="2" sc="360,-40,249,-80,200,170,181,-40" /><INIT seed="2,0,0,2,0,108" ten="320,169,370,141" oya="2" hai0="31,50,43,104,122,107,135,112,15,67,132,34,5" hai1="25,109,130,127,80,32,27,9,3,22,10,23,74" hai2="49,101,110,33,121,64,20,75,87,78,14,131,90" hai3="38,72,19,48,73,62,1,6,76,52,102,118,103"/><V61/><F121/><W115/><G118/><T81/><D122/><U128/><E74/><V51/><F33/><W66/><G38/><T58/><D31/><U21/><E80/><V13/><F131/><W91/><G72/><T94/><D34/><U60/><E60/><V92/><F110/><W24/><G1/><T111/><D111/><U46/><E46/><V55/><F101/><W134/><G134/><N who="0" m="51243" /><D67/><U65/><E65/><V0/><F0/><W37/><G37/><T123/><D123/><U97/><E97/><V42/><F75/><W40/><G40/><T83/><D94/><U99/><E99/><V35/><F35/><W96/><G6/><T106/><D58/><U59/><E59/><V44/><F78/><W79/><G79/><T133/><N who="0" m="51251" /><T11/><DORA hai="89" /><D112/><U114/><E109/><V8/><F20/><W45/><G73/><T57/><D57/><U98/><E98/><V56/><REACH who="2" step="1"/><F8/><REACH who="2" step="2"/><N who="1" m="3177" /><E127/><V113/><F113/><W126/><G126/><T47/><AGARI ba="0,1" hai="5,11,15,43,47,50,81,83,104,106,107" m="51251" machi="47" ten="50,1600,0" yaku="20,1" doraHai="108,89" who="0" fromWho="0" sc="320,26,169,-4,360,-8,141,-4" /><INIT seed="3,0,0,2,2,69" ten="346,165,352,137" oya="3" hai0="73,43,4,54,6,55,129,5,106,94,67,45,115" hai1="105,27,30,19,123,118,56,21,63,82,134,39,78" hai2="71,28,130,121,23,47,26,25,125,112,36,108,12" hai3="81,114,18,104,8,29,44,1,53,31,11,2,132"/><W90/><G114/><T86/><D106/><U61/><E123/><V109/><F112/><W79/><G104/><T128/><D115/><U59/><E118/><V127/><F71/><W51/><G132/><T32/><D73/><U113/><E134/><V48/><F121/><W50/><G1/><T124/><D32/><U34/><E113/><V103/><F103/><W101/><G101/><T52/><D67/><U91/><E105/><V76/><F130/><N who="0" m="50282" /><D124/><N who="2" m="47690" /><F76/><W35/><G35/><T131/><N who="0" m="50290" /><T84/><DORA hai="46" /><D94/><U72/><E91/><V95/><F95/><W16/><G8/><T20/><D20/><U13/><REACH who="1" step="1"/><E39/><AGARI ba="0,0" hai="4,5,6,39,43,45,52,54,55,84,86" m="50290" machi="39" ten="50,6400,0" yaku="19,1,52,1,54,1" doraHai="69,46" who="0" fromWho="1" sc="346,64,165,-64,352,0,137,0" /><INIT seed="4,0,0,0,2,90" ten="410,101,352,137" oya="0" hai0="64,96,94,15,87,67,71,10,40,82,22,109,130" hai1="74,7,86,112,100,58,62,51,88,93,102,3,89" hai2="0,1,113,8,127,114,59,34,68,131,13,50,30" hai3="25,104,38,122,2,115,70,135,56,49,78,55,83"/><T46/><D109/><U124/><E74/><V52/><F68/><W12/><G115/><N who="2" m="44041" /><F127/><W79/><G104/><T121/><D121/><U95/><E112/><V41/><F131/><W133/><G70/><T117/><D117/><U63/><E124/><V66/><F66/><W119/><G38/><T33/><D33/><U31/><E3/><N who="2" m="1099" /><F41/><W69/><G69/><T37/><D71/><U39/><E39/><V6/><F34/><W105/><G105/><T128/><D130/><U14/><E31/><AGARI ba="0,0" hai="6,8,13,30,31,50,52,59" m="1099,44041" machi="31" ten="30,2000,0" yaku="15,1,54,1" doraHai="90" who="2" fromWho="1" sc="410,0,101,-20,352,20,137,0" /><INIT seed="5,0,0,1,3,107" ten="410,81,372,137" oya="1" hai0="116,46,84,67,63,28,40,121,34,115,13,117,99" hai1="37,118,114,42,31,105,45,29,74,123,16,19,41" hai2="35,61,22,126,56,24,90,17,12,80,18,20,104" hai3="89,1,128,11,98,96,131,78,82,102,30,103,49"/><U23/><E118/><V87/><F126/><W109/><G1/><T25/><D121/><U77/><E123/><V6/><F104/><W135/><G11/><T50/><D115/><U125/><E105/><V10/><F35/><W3/><G3/><T120/><D120/><U53/><E125/><V93/><F80/><W97/><G30/><T7/><D99/><U52/><E114/><V26/><F56/><W57/><G57/><T69/><D84/><U60/><E60/><V33/><F33/><W58/><G58/><T68/><D68/><U106/><E106/><V44/><REACH who="2" step="1"/><F61/><REACH who="2" step="2"/><W21/><G21/><T100/><D117/><U15/><E19/><V113/><F113/><W70/><G70/><T14/><D116/><U129/><E42/><V5/><F5/><W4/><G4/><T43/><D7/><U91/><E129/><N who="3" m="49738" /><G49/><T9/><D63/><U122/><E122/><V71/><F71/><W32/><G32/><T73/><D69/><U110/><E110/><V83/><F83/><W112/><G109/><T92/><D34/><U132/><E132/><V111/><F111/><W51/><G112/><T39/><D39/><BYE who="0" /><U65/><E65/><V76/><F76/><W79/><G79/><T75/><D75/><U85/><E74/><V134/><F134/><W81/><G81/><T130/><D130/><U94/><REACH who="1" step="1"/><E77/><REACH who="1" step="2"/><V64/><F64/><W0/><G135/><T88/><D88/><U124/><E124/><V108/><F108/><W62/><G62/><T54/><D54/><AGARI ba="0,2" hai="15,16,23,29,31,37,41,45,52,53,54,85,91,94" machi="54" ten="40,7700,0" yaku="1,1,54,2,53,0" doraHai="107" doraHaiUra="55" who="1" fromWho="0" sc="410,-77,71,97,362,0,137,0" /><INIT seed="5,1,0,3,1,21" ten="333,168,362,137" oya="1" hai0="102,95,116,127,11,107,58,5,74,48,129,106,103" hai1="123,14,130,110,51,72,56,35,8,118,90,19,94" hai2="75,105,65,92,114,43,52,17,46,1,44,66,125" hai3="4,112,50,64,33,88,7,12,41,49,38,16,34"/><U104/><E123/><V113/><F105/><W25/><G38/><T24/><D24/><U73/><E118/><V86/><F75/><W61/><G112/><N who="2" m="43113" /><F125/><W37/><G37/><T98/><D98/><U42/><E35/><V6/><F17/><W47/><G34/><T84/><D84/><U76/><E104/><V108/><F108/><W115/><G115/><T26/><D26/><U77/><E110/><V96/><F86/><W89/><G49/><T82/><D82/><U80/><E130/><V134/><F134/><W97/><G89/><T31/><D31/><U85/><E56/><V87/><F87/><W23/><G33/><T30/><D30/><U120/><E120/><V68/><F68/><UN n0="%E3%82%AE%E3%83%AB%E3%83%90%E3%83%BC%E3%83%88" /><W62/><G62/><T131/><D116/><U10/><E10/><N who="2" m="2383" /><F52/><W81/><G81/><T29/><D74/><U55/><E42/><V135/><F135/><W78/><G78/><T39/><D127/><U71/><E71/><V122/><F122/><W45/><G45/><N who="2" m="17513" /><F43/><W59/><REACH who="3" step="1"/><G25/><REACH who="3" step="2"/><T93/><D39/><U99/><REACH who="1" step="1"/><E77/><REACH who="1" step="2"/><V124/><F124/><W121/><G121/><T20/><D131/><U18/><E18/><V32/><F32/><W63/><G63/><T54/><D129/><U27/><E27/><V36/><F36/><W111/><G111/><T69/><D29/><U22/><E22/><V126/><F126/><W60/><G60/><T117/><D20/><U3/><E3/><V109/><F109/><W9/><G9/><T119/><D117/><U132/><E132/><V57/><F57/><W0/><G0/><T67/><D58/><U133/><E133/><RYUUKYOKU ba="1,2" sc="333,-30,158,10,362,10,127,10" hai1="8,14,19,51,55,72,73,76,80,85,90,94,99" hai2="65,66,92,96" hai3="4,7,12,16,23,41,47,50,59,61,64,88,97" /><INIT seed="5,2,2,1,3,57" ten="303,168,372,137" oya="1" hai0="90,50,63,46,135,84,36,23,97,134,99,53,106" hai1="8,48,88,118,16,55,102,113,7,0,129,17,130" hai2="22,70,83,14,27,64,42,112,59,82,10,87,94" hai3="18,86,67,72,43,34,81,21,2,4,39,89,95"/><U78/><E118/><V105/><F105/><W120/><G120/><T107/><D36/><U108/><E113/><V74/><F70/><W109/><G109/><T5/><D5/><U15/><E108/><V96/><F112/><W29/><G34/><T126/><D126/><U100/><E78/><N who="2" m="46551" /><F74/><W69/><G69/><T76/><D23/><U62/><E0/><V128/><F128/><W1/><G67/><T75/><D76/><U3/><E3/><V31/><F42/><W28/><G2/><T60/><D75/><U119/><E119/><V93/><F83/><W123/><G123/><T37/><D37/><U124/><E124/><V122/><F122/><W92/><G92/><N who="2" m="35433" /><F96/><N who="0" m="36938" /><D107/><U45/><E62/><N who="2" m="37983" /><F14/><W25/><G72/><T20/><D106/><U85/><E130/><V65/><F65/><W11/><REACH who="3" step="1"/><G81/><REACH who="3" step="2"/><N who="0" m="49423" /><D20/><U79/><E129/><V104/><F104/><W101/><G101/><T54/><D54/><U125/><E125/><V58/><F10/><W71/><G71/><T6/><D6/><U30/><E30/><V32/><F32/><W131/><G131/><T35/><D35/><U40/><E55/><V12/><F31/><W38/><G38/><T117/><D117/><U110/><E110/><V80/><F22/><W44/><AGARI ba="2,3" hai="1,4,11,18,21,25,28,29,39,43,44,86,89,95" machi="44" ten="30,4000,0" yaku="1,1,0,1,53,1" doraHai="57" doraHaiUra="91" who="3" fromWho="3" sc="303,-12,168,-22,372,-12,127,76" /><INIT seed="6,0,0,2,5,111" ten="291,146,360,203" oya="2" hai0="49,120,98,12,118,62,14,19,90,45,130,46,100" hai1="43,89,134,42,10,59,5,64,82,79,56,67,80" hai2="47,1,30,105,22,110,29,4,63,11,35,81,20" hai3="71,16,93,40,106,69,9,104,115,114,123,2,113"/><V57/><F105/><N who="3" m="40555" /><G40/><T13/><D120/><U119/><E134/><V0/><F110/><W73/><G93/><T84/><D118/><U78/><E119/><V102/><F0/><W26/><G26/><T15/><D130/><U34/><E34/><V39/><F102/><W117/><G16/><T55/><D62/><U88/><REACH who="1" step="1"/><E10/><REACH who="1" step="2"/><V28/><F35/><W96/><G96/><T48/><D98/><U41/><E41/><V132/><F132/><W99/><G99/><T38/><D38/><U127/><E127/><V97/><F39/><W58/><G73/><T87/><D100/><U124/><E124/><V7/><F11/><W70/><G58/><T32/><D32/><U21/><E21/><V6/><F22/><W91/><G91/><T33/><D33/><U131/><E131/><V101/><F20/><W61/><G117/><T121/><D121/><U116/><E116/><V133/><F57/><W135/><G123/><T27/><D27/><U74/><E74/><V128/><F128/><W76/><G76/><T31/><D31/><U3/><E3/><V44/><F1/><W68/><N who="3" m="17920" /><DORA hai="25" /><W65/><G135/><T72/><D72/><U108/><E108/><V95/><F133/><W54/><G54/><T60/><D90/><U94/><E94/><V122/><F122/><W8/><G2/><T75/><D75/><U17/><E17/><V37/><F95/><W24/><G24/><T112/><D19/><U86/><E86/><V126/><F101/><W51/><G51/><T52/><N who="0" m="3584" /><DORA hai="109" /><T125/><D125/><U66/><E66/><V103/><F126/><RYUUKYOKU ba="0,1" sc="291,-15,136,15,360,-15,203,15" hai1="5,42,43,56,59,64,67,78,79,80,82,88,89" hai3="8,9,61,65,113,114,115" /><INIT seed="7,1,1,1,2,105" ten="276,151,345,218" oya="3" hai0="81,89,130,86,44,124,62,2,123,7,107,101,126" hai1="102,120,113,12,9,21,84,43,0,100,22,129,132" hai2="31,74,118,5,23,28,112,51,119,30,72,4,127" hai3="69,95,78,83,8,38,87,65,25,50,53,133,67"/><W61/><G38/><T17/><D123/><U39/><E120/><V37/><F37/><W19/><G67/><T10/><D130/><U47/><E113/><V73/><F112/><W117/><G117/><N who="2" m="44553" /><F23/><W59/><G133/><T88/><D101/><U116/><E132/><V1/><F51/><W41/><G95/><T92/><D107/><U63/><E116/><V14/><F14/><W109/><G109/><T29/><D29/><U57/><E129/><V91/><F91/><W60/><G60/><T68/><D17/><U106/><E0/><V71/><F71/><W18/><G18/><T36/><D44/><U20/><E106/><V35/><F1/><W3/><G41/><T42/><D36/><U54/><E84/><V11/><F11/><W32/><G32/><T80/><D42/><U96/><E96/><V70/><F70/><W85/><G85/><T49/><D49/><U114/><E114/><V121/><F121/><W134/><G134/><T90/><D90/><U48/><REACH who="1" step="1"/><E39/><REACH who="1" step="2"/><V66/><F72/><W40/><G40/><T16/><D81/><U125/><E125/><V56/><F73/><W110/><G110/><T26/><D126/><U135/><E135/><V58/><F74/><W103/><G103/><T77/><D124/><U52/><E52/><V76/><F127/><W45/><G69/><T64/><D26/><U75/><E75/><V97/><F35/><W55/><G65/><T27/><D27/><U24/><E24/><V82/><F66/><W131/><G131/><T99/><D99/><U122/><E122/><V115/><F97/><W46/><G46/><RYUUKYOKU ba="1,2" sc="276,-10,141,30,345,-10,218,-10" hai1="9,12,20,21,22,43,47,48,54,57,63,100,102" owari="266,7,171,-33,355,45,208,-19" /></mjloggm>