<mjloggm ver="2.3"><GO type="41"/><UN n0="%30%31%32%30%E3%81%A7%E3%81%99" n1="%E8%90%8C%E3%81%A8%E3%81%BF%E3%81%8A" n2="%E3%81%8A%E3%81%97%E3%82%83%E3%81%BE%E3%83%9C%E3%83%BC%E3%82%A4" n3="%E3%82%A6%E3%83%AB%E3%83%88%E3%83%A9%E7%AB%8B%E7%9B%B4" dan="15,13,15,15" rate="2051,1872,2025,2005" sx="M,M,M,M"/><TAIKYOKU oya="0"/><INIT seed="0,0,0,2,0,95" ten="250,250,250,250" oya="0" hai0="67,121,28,108,87,61,94,5,132,86,29,79,117" hai1="103,120,100,84,122,2,41,24,107,40,34,12,22" hai2="126,26,0,60,63,129,21,73,88,31,131,8,3" hai3="23,113,128,15,85,127,110,45,38,130,50,32,25"/><T18/><D132/><U91/><E2/><V93/><F73/><W57/><G38/><T53/><D121/><U97/><E34/><V14/><F126/><W119/><G32/><T36/><D36/><U54/><E12/><V92/><F92/><W62/><G15/><T133/><D108/><U114/><E114/><V83/><F83/><W70/><G70/><T125/><D125/><U56/><E122/><V33/><F60/><W1/><G1/><T16/><D5/><U47/><E47/><V96/><F63/><W10/><G10/><T104/><D104/><U19/><E103/><V35/><F35/><W81/><G127/><T66/><D133/><U77/><E77/><V78/><F78/><W134/><G113/><T90/><D117/><U75/><E75/><V124/><F124/><W99/><G119/><T106/><D106/><U13/><E24/><V72/><F72/><W102/><G134/><T30/><D79/><U98/><E98/><V123/><F123/><W49/><G110/><T43/><D43/><U59/><E59/><V17/><F0/><W39/><G39/><T89/><D53/><U135/><E135/><V4/><AGARI ba="0,0" hai="3,4,8,14,17,21,26,31,33,88,93,96,129,131" machi="4" ten="30,8000,1" yaku="0,1,24,2,52,1,54,1" doraHai="95" who="2" fromWho="2" sc="250,-40,250,-20,250,80,250,-20" /><INIT seed="1,0,0,1,0,57" ten="210,230,330,230" oya="1" hai0="100,105,28,114,63,23,99,65,85,27,96,60,24" hai1="127,18,49,17,74,71,51,82,81,20,58,111,13" hai2="70,36,103,124,109,108,30,113,3,0,47,8,45" hai3="87,19,5,39,112,131,106,122,67,66,14,4,72"/><U76/><E71/><V117/><F117/><W21/><G72/><T34/><D114/><U95/><E127/><V48/><F113/><W86/><G106/><T116/><D116/><U68/><E68/><V7/><F124/><W35/><G39/><T75/><D75/><U135/><E135/><V69/><F0/><W88/><G35/><T64/><D85/><U101/><E111/><V46/><F30/><W133/><G122/><T125/><D125/><U33/><E33/><V41/><F103/><W91/><G133/><T42/><D42/><U6/><E6/><V128/><F128/><W110/><G110/><N who="2" m="42601" /><F47/><W77/><G77/><T61/><REACH who="0" step="1"/><D99/><REACH who="0" ten="200,230,330,230" step="2"/><N who="1" m="59647" /><E74/><V9/><F9/><W93/><G112/><T94/><D94/><U89/><E76/><V54/><AGARI ba="0,1" hai="3,7,8,36,41,45,46,48,54,69,70" m="42601" machi="54" ten="30,1100,0" yaku="14,1" doraHai="57" who="2" fromWho="2" sc="200,-3,230,-5,330,21,230,-3" /><INIT seed="2,0,0,2,3,9" ten="197,225,351,227" oya="2" hai0="22,69,74,126,93,8,45,37,43,71,82,120,97" hai1="67,44,68,111,121,127,84,86,116,94,81,64,105" hai2="83,48,78,6,27,5,26,88,47,70,128,95,38" hai3="106,122,42,60,2,107,46,32,53,76,66,119,65"/><V98/><F70/><W134/><G2/><T73/><D126/><U130/><E105/><V52/><F128/><W0/><G122/><T28/><D120/><U101/><E130/><V100/><F38/><W115/><G32/><T29/><D8/><U50/><E127/><V34/><F34/><W72/><G53/><T1/><D1/><U108/><E121/><V15/><F100/><W62/><G119/><T79/><D74/><U133/><E116/><V102/><F102/><W92/><G92/><T118/><D118/><U99/><E133/><V23/><F5/><W58/><G0/><T85/><D73/><U87/><E68/><V40/><F40/><W31/><G31/><T12/><D71/><U25/><E25/><V17/><F6/><W13/><G76/><T35/><D35/><U80/><E111/><V77/><F77/><W110/><G72/><AGARI ba="0,0" hai="15,17,23,26,27,47,48,52,72,78,83,88,95,98" machi="72" ten="30,11600,0" yaku="7,1,52,1,54,2" doraHai="9" who="2" fromWho="3" sc="197,0,225,0,351,116,227,-116" /><INIT seed="2,1,0,4,2,51" ten="197,225,467,111" oya="2" hai0="118,25,91,45,13,69,7,95,22,71,43,93,56" hai1="19,77,103,66,34,3,106,28,41,65,11,87,114" hai2="85,120,48,90,129,20,105,75,31,97,35,78,98" hai3="80,132,12,16,38,42,18,134,21,59,99,96,108"/><V109/><F120/><W82/><G42/><T29/><D118/><U8/><E114/><V53/><F35/><W94/><G38/><T24/><D56/><U49/><E103/><V128/><F109/><W133/><G108/><T68/><D25/><U125/><E106/><V135/><F135/><W76/><G96/><T72/><D72/><U23/><E28/><V0/><F0/><W26/><G76/><T32/><D32/><U62/><E34/><V104/><F31/><W110/><G110/><T121/><D121/><U27/><E3/><V88/><F20/><W116/><G116/><T111/><D111/><U6/><E6/><V100/><F48/><W79/><G79/><T44/><D44/><N who="1" m="25743" /><E125/><V81/><F53/><W123/><G59/><T92/><D7/><U131/><E131/><N who="2" m="50251" /><F75/><W115/><G115/><T64/><D64/><N who="1" m="24683" /><E62/><V112/><F112/><W55/><G55/><T113/><D113/><U117/><E117/><V101/><AGARI ba="1,0" hai="78,81,85,88,90,97,98,100,101,104,105" m="50251" machi="101" ten="30,11700,0" yaku="19,1,34,2,54,1" doraHai="51" who="2" fromWho="2" sc="197,-40,225,-40,467,120,111,-40" /><INIT seed="2,2,0,0,1,85" ten="157,185,587,71" oya="2" hai0="87,90,51,4,67,111,120,135,72,50,35,27,107" hai1="96,129,61,9,20,28,114,52,126,60,80,75,108" hai2="21,24,34,98,132,57,7,115,5,74,0,112,49" hai3="104,99,88,79,10,118,113,68,1,128,70,48,86"/><V17/><F74/><W78/><G118/><T59/><D107/><U31/><E129/><V122/><F122/><W26/><G113/><T91/><D72/><U133/><E126/><V92/><F132/><W71/><G128/><T13/><D135/><U109/><E133/><V73/><F73/><W3/><G26/><T58/><D35/><U55/><E114/><V97/><F97/><W106/><G48/><N who="0" m="18475" /><D27/><U43/><E43/><V127/><F127/><W116/><G116/><T63/><D120/><U130/><E130/><V25/><F25/><W76/><G10/><N who="0" m="4295" /><D111/><N who="1" m="42571" /><E9/><V95/><F0/><W47/><G47/><T42/><D42/><U53/><E96/><V84/><F34/><W103/><REACH who="3" step="1"/><G106/><REACH who="3" ten="157,185,587,61" step="2"/><T32/><D32/><U36/><E36/><V44/><F112/><W101/><G101/><T12/><D12/><U124/><E124/><V89/><F115/><W82/><AGARI ba="2,1" hai="1,3,68,70,71,76,78,79,82,86,88,99,103,104" machi="82" ten="40,8000,1" yaku="1,1,0,1,52,1,54,1,53,0" doraHai="85" doraHaiUra="105" who="3" fromWho="3" sc="157,-22,185,-22,587,-42,61,96" /><INIT seed="3,0,0,1,0,53" ten="135,163,545,157" oya="3" hai0="135,57,40,130,96,117,84,131,70,32,61,74,66" hai1="63,77,60,105,126,101,33,83,20,38,5,43,109" hai2="9,52,39,107,0,133,14,27,41,67,104,44,116" hai3="128,119,78,2,99,56,85,86,97,36,71,90,35"/><W87/><G71/><T124/><D32/><U16/><E33/><V108/><F116/><W8/><G36/><T113/><D117/><U76/><E126/><V121/><F0/><W54/><G35/><T22/><D124/><U120/><E120/><V93/><F67/><W125/><G125/><T111/><D111/><U6/><E109/><V47/><F108/><W72/><G72/><T51/><D135/><U4/><E43/><V123/><F93/><W48/><G119/><T81/><D74/><U79/><E38/><V64/><F64/><W73/><G128/><N who="0" m="49195" /><D113/><U92/><E105/><V69/><F27/><W42/><G73/><T28/><D96/><N who="3" m="36937" /><G2/><T110/><D110/><U82/><E92/><V13/><F69/><W19/><G42/><T17/><D28/><U1/><E1/><V59/><F47/><W115/><G115/><T129/><D51/><U114/><E101/><V80/><F133/><W26/><G78/><N who="0" m="46135" /><D40/><U37/><E37/><V112/><F112/><W122/><G122/><T91/><D91/><U24/><REACH who="1" step="1"/><E114/><REACH who="1" ten="135,153,545,157" step="2"/><V10/><F123/><W25/><G90/><T88/><D129/><U100/><E100/><V103/><F103/><W55/><G55/><T15/><D88/><U68/><E68/><AGARI ba="0,1" hai="15,17,22,57,61,66,68,70" m="46135,49195" machi="68" ten="30,2000,0" yaku="19,1,52,1" doraHai="53" who="0" fromWho="1" sc="135,30,153,-20,545,0,157,0" /><INIT seed="4,0,0,3,1,66" ten="165,133,545,157" oya="0" hai0="91,112,22,40,6,126,131,21,135,72,2,33,58" hai1="60,34,117,94,89,48,122,134,1,27,129,5,67" hai2="38,102,7,71,110,98,86,18,57,19,36,130,20" hai3="25,75,68,43,113,107,56,62,120,69,106,47,109"/><T82/><D126/><U125/><E134/><V103/><F110/><W52/><G75/><T31/><D131/><U0/><E129/><V10/><F71/><N who="3" m="27211" /><G25/><T4/><D135/><U55/><E125/><V70/><F70/><W44/><G106/><T123/><D123/><U85/><E122/><V46/><F46/><N who="3" m="17451" /><G107/><T80/><D72/><U42/><E117/><V104/><F103/><W100/><G100/><T90/><D2/><U77/><E77/><V23/><F86/><W88/><G88/><T92/><D92/><U15/><E1/><V87/><F87/><W111/><G120/><T124/><D124/><U121/><E0/><V93/><F7/><W73/><G73/><T96/><D6/><U14/><E121/><V53/><F104/><W83/><G83/><T61/><D4/><U50/><E5/><V79/><F98/><W64/><G113/><T41/><D80/><U12/><E34/><V132/><F93/><W26/><G26/><T3/><D82/><U101/><E101/><V39/><F79/><W65/><G43/><T84/><D41/><U11/><E42/><V16/><F102/><W49/><G49/><T99/><D40/><U127/><E11/><V133/><F10/><W78/><G78/><T81/><D96/><U108/><E127/><V29/><F133/><W37/><G37/><T76/><D99/><U13/><E108/><AGARI ba="0,0" hai="52,56,62,64,65,108,109,111" m="17451,27211" machi="108" ten="30,12000,2" yaku="34,2,52,3,54,1" doraHai="66" who="3" fromWho="1" sc="165,0,133,-120,545,0,157,120" /><INIT seed="5,0,0,5,1,8" ten="165,13,545,277" oya="1" hai0="66,111,101,21,53,16,26,87,43,34,78,6,122" hai1="83,3,90,100,27,71,97,61,42,38,106,11,94" hai2="69,60,64,93,89,45,15,99,73,13,125,91,115" hai3="119,95,18,32,70,65,22,24,92,129,117,39,116"/><U55/><E42/><V25/><F73/><W124/><G39/><T4/><D111/><U41/><E38/><V76/><F76/><W68/><G65/><T121/><D34/><U112/><E41/><V20/><F45/><W40/><G40/><T54/><D43/><U118/><E112/><V75/><F75/><W30/><G124/><T127/><D127/><U57/><E118/><V67/><F125/><W120/><G120/><N who="0" m="46187" /><D66/><U130/><E71/><N who="3" m="27178" /><G129/><T23/><D101/><U110/><E130/><V19/><F67/><W82/><G82/><N who="0" m="47575" /><D23/><U105/><E110/><V79/><F79/><W113/><G113/><T29/><D29/><U10/><E27/><AGARI ba="0,0" hai="18,22,24,27,30,32,92,95,116,117,119" m="27178" machi="27" ten="40,1300,0" yaku="12,1" doraHai="8" who="3" fromWho="1" sc="165,0,13,-13,545,0,277,13" /><INIT seed="6,0,0,1,5,49" ten="165,0,545,290" oya="2" hai0="125,58,68,106,112,86,27,59,10,4,79,16,2" hai1="123,46,7,98,42,71,72,66,67,28,119,92,23" hai2="24,60,65,110,126,51,0,104,85,9,118,52,77" hai3="90,87,43,128,127,30,75,88,33,97,81,83,84"/><V26/><F118/><W95/><G30/><T113/><D106/><U5/><E5/><V8/><F104/><W105/><G33/><T15/><D68/><U82/><E82/><V135/><F126/><W48/><G43/><T117/><D125/><U89/><E89/><V44/><F135/><W122/><G48/><T103/><D103/><U121/><E121/><V74/><F74/><W100/><G122/><T55/><D59/><U35/><E35/><V64/><F110/><W56/><G56/><T14/><D117/><U62/><E62/><V1/><F1/><W32/><G32/><T61/><D79/><U17/><E17/><V47/><F47/><W50/><G50/><T114/><D86/><U91/><E91/><V12/><F0/><W34/><G34/><T130/><D130/><U99/><E99/><V109/><F109/><W69/><G69/><T57/><D57/><U132/><E132/><V40/><F40/><W53/><G53/><T36/><D36/><U25/><E25/><N who="2" m="9835" /><F60/><W78/><G127/><T19/><D27/><U6/><E6/><N who="2" m="3095" /><F9/><W22/><G22/><T21/><D21/><U3/><E3/><V18/><F18/><AGARI ba="0,0" hai="2,4,10,14,15,16,18,19,55,58,61,112,113,114" machi="18" ten="40,5200,0" yaku="15,1,52,1,54,1" doraHai="49" who="0" fromWho="2" sc="165,52,0,0,545,-52,290,0" /><INIT seed="7,0,0,1,2,129" ten="217,0,493,290" oya="3" hai0="69,26,80,16,134,9,51,84,35,73,81,123,85" hai1="124,101,18,113,49,102,108,88,55,127,34,133,42" hai2="100,103,2,11,70,130,31,93,92,122,64,79,46" hai3="67,12,91,74,10,30,131,33,119,77,95,32,19"/><W120/><G120/><T21/><D69/><U125/><E34/><V89/><F130/><W115/><G131/><T126/><D73/><U114/><E108/><V96/><F79/><W22/><G119/><T110/><D110/><U36/><E42/><V23/><F46/><W0/><G115/><N who="1" m="44042" /><E36/><V72/><F72/><W8/><G77/><T53/><D123/><U28/><E18/><V86/><F64/><W48/><G74/><T106/><D106/><U60/><E28/><V52/><F70/><W97/><G67/><T13/><D35/><U98/><E60/><V99/><F52/><W57/><G0/><T17/><D126/><N who="1" m="32259" /><U66/><DORA hai="111" /><E66/><V121/><F31/><W54/><G33/><T39/><D39/><U20/><E20/><V117/><F23/><N who="3" m="11751" /><G32/><T62/><D62/><U83/><E133/><V135/><F11/><W1/><G1/><T6/><D134/><U94/><E83/><N who="2" m="49375" /><F2/><W59/><G22/><T76/><D26/><U40/><E40/><V68/><F68/><W105/><G30/><T14/><D21/><U109/><E109/><V132/><F117/><W116/><G116/><T5/><D14/><U65/><E65/><V75/><F75/><W107/><G10/><T47/><REACH who="0" step="1"/><D17/><REACH who="0" ten="207,0,493,290" step="2"/><U58/><E102/><N who="2" m="38955" /><F122/><W25/><G8/><T104/><D104/><U61/><E101/><N who="2" m="60551" /><F121/><W37/><G37/><T71/><D71/><U63/><E61/><V43/><F43/><W29/><G105/><T78/><AGARI ba="0,1" hai="5,6,9,13,16,47,51,53,76,78,80,81,84,85" machi="78" ten="20,12000,2" yaku="1,1,0,1,7,1,9,1,8,1,54,1,53,1" doraHai="129,111" doraHaiUra="41,118" who="0" fromWho="0" sc="207,130,0,-30,493,-30,290,-60" owari="337,14.0,-30,-53.0,463,56.0,230,-17.0" /></mjloggm>