<mjloggm ver="2.3"><GO type="169"/><UN n0="%E4%B8%B8%E5%8A%A9" n1="%E8%99%8E%E5%85%90%E6%9C%97" n2="%EF%BC%88%E2%89%A7%E2%96%BD%E2%89%A6%EF%BC%89" n3="%74%6A%2D%6D%69%63%72%6F" dan="16,17,17,16" rate="2133,2147,2168,2093" sx="M,M,M,M"/><TAIKYOKU oya="0"/><INIT seed="0,0,0,1,2,128" ten="250,250,250,250" oya="0" hai0="39,83,59,14,54,115,26,94,4,122,9,97,37" hai1="44,58,72,43,52,40,67,35,98,96,82,5,36" hai2="132,34,91,65,25,61,107,105,113,64,135,11,28" hai3="121,78,117,80,118,84,8,22,123,60,49,75,18"/><T87/><D115/><U69/><E35/><V1/><F113/><W24/><G8/><T101/><D122/><U12/><E43/><V23/><F23/><W133/><G75/><T27/><D39/><U10/><E72/><V114/><F114/><W13/><G24/><T2/><D2/><U110/><E110/><V53/><F53/><W104/><G104/><N who="2" m="40009" /><F91/><W106/><G106/><T38/><D38/><U102/><E82/><V31/><F31/><W41/><G60/><T30/><D30/><U126/><E126/><V55/><F55/><W15/><G15/><T63/><REACH who="0" step="1"/><D37/><REACH who="0" ten="240,250,250,250" step="2"/><U3/><E3/><V120/><F120/><W95/><G121/><T73/><D73/><U0/><E0/><V48/><F48/><W81/><G123/><T108/><D108/><U16/><E5/><N who="2" m="1455" /><F65/><W88/><G49/><T103/><D103/><U71/><E67/><V124/><F124/><W17/><G117/><T19/><D19/><U33/><E33/><V119/><F119/><W131/><G18/><T47/><D47/><U46/><E44/><V89/><F64/><W56/><G17/><T112/><D112/><U7/><E7/><V134/><F61/><W62/><G62/><T21/><D21/><U86/><E102/><V32/><F32/><W42/><G22/><T20/><D20/><U50/><E36/><V90/><AGARI ba="0,1" hai="25,28,34,89,90,132,134,135" m="1455,40009" machi="90" ten="40,8000,1" yaku="20,1,52,3" doraHai="128" who="2" fromWho="2" sc="240,-40,250,-20,250,90,250,-20" /><INIT seed="1,0,0,0,1,40" ten="200,230,340,230" oya="1" hai0="98,127,110,102,55,107,64,39,58,6,76,108,93" hai1="125,12,53,86,95,3,135,75,104,90,83,19,80" hai2="56,71,57,51,38,103,117,101,41,28,78,34,106" hai3="42,123,134,15,66,82,13,115,121,23,27,18,114"/><U68/><E3/><V9/><F71/><W99/><G66/><T81/><D127/><U7/><E68/><V84/><F117/><W50/><G99/><T100/><D39/><U5/><E125/><V94/><F106/><W59/><G82/><T31/><D64/><U69/><E135/><V24/><F38/><W96/><G96/><T105/><D31/><U92/><E104/><V47/><F9/><W35/><G59/><T46/><D6/><N who="1" m="2059" /><E69/><V111/><F111/><N who="0" m="42538" /><D102/><U124/><E75/><V118/><F118/><W25/><G50/><N who="0" m="29143" /><D58/><U119/><E119/><V8/><F8/><W77/><G42/><T60/><D60/><U17/><E124/><V97/><REACH who="2" step="1"/><F103/><REACH who="2" ten="200,230,330,230" step="2"/><W10/><G134/><T61/><D61/><U65/><E65/><V130/><F130/><W48/><G121/><T37/><D37/><U33/><E33/><V112/><F112/><W43/><G35/><T20/><D20/><N who="1" m="11303" /><E53/><V21/><F21/><W70/><G70/><T126/><D126/><U14/><E83/><AGARI ba="0,1" hai="24,28,34,41,47,51,56,57,78,83,84,94,97,101" machi="83" ten="40,8000,1" yaku="1,1,52,1,53,2" doraHai="40" doraHaiUra="52" who="2" fromWho="1" sc="200,0,230,-80,330,90,230,0" /><INIT seed="2,0,0,3,0,67" ten="200,150,420,230" oya="2" hai0="45,7,120,77,31,54,35,135,9,75,44,121,107" hai1="11,92,123,2,90,0,57,38,43,65,28,8,94" hai2="64,22,100,40,15,23,72,18,46,126,93,62,6" hai3="5,101,97,66,4,69,60,74,13,76,88,70,47"/><V53/><F72/><W116/><G116/><T117/><D117/><U85/><E123/><V39/><F126/><W61/><G47/><T118/><D118/><U36/><E28/><V17/><F6/><W132/><G132/><T12/><D107/><U34/><E34/><V86/><F53/><W122/><G122/><T33/><D135/><U87/><E57/><V102/><F86/><W25/><G25/><T110/><D110/><U78/><E65/><V80/><F80/><W30/><G30/><T98/><D98/><U50/><E50/><V112/><F93/><W3/><G3/><T10/><D120/><U114/><E43/><V48/><F39/><W129/><G76/><T128/><D121/><U104/><E104/><V26/><REACH who="2" step="1"/><F112/><REACH who="2" ten="200,150,410,230" step="2"/><W91/><G74/><T51/><D75/><U59/><E114/><V89/><F89/><W71/><G4/><T49/><D77/><U124/><E78/><V83/><F83/><W16/><G5/><T19/><D128/><U58/><E90/><V95/><F95/><W82/><G129/><T79/><D79/><U32/><E124/><V96/><F96/><W109/><G91/><T111/><D7/><U134/><E134/><V63/><F63/><W42/><G60/><T21/><D54/><U131/><E131/><V29/><F29/><W56/><G42/><T130/><D31/><U52/><E52/><V84/><F84/><W20/><G82/><T73/><D130/><U27/><E32/><V133/><F133/><W106/><G88/><T108/><D73/><U99/><E99/><V113/><F113/><W119/><G119/><RYUUKYOKU ba="0,1" sc="200,-30,150,10,410,10,230,10" hai1="0,2,8,11,27,36,38,58,59,85,87,92,94" hai2="15,17,18,22,23,26,40,46,48,62,64,100,102" hai3="13,16,20,56,61,66,69,70,71,97,101,106,109" /><INIT seed="2,1,1,5,3,7" ten="170,160,420,240" oya="2" hai0="133,58,42,68,130,85,112,99,59,132,98,79,34" hai1="45,113,18,40,129,25,106,75,4,44,115,49,54" hai2="55,29,104,102,12,33,73,13,72,14,16,22,109" hai3="78,15,65,63,46,135,8,26,120,35,95,62,127"/><V64/><F109/><W110/><G120/><T123/><D68/><U2/><E106/><V87/><F64/><W88/><G110/><T31/><D123/><U27/><E75/><V83/><F104/><W119/><G119/><T50/><D112/><U21/><E129/><V86/><F102/><W52/><G135/><N who="0" m="51787" /><D130/><U105/><E105/><V128/><F128/><W117/><G127/><T5/><D5/><U3/><E27/><V60/><F33/><W19/><G78/><T90/><D79/><U126/><E126/><V69/><F69/><W30/><G117/><T28/><D42/><U96/><E96/><N who="0" m="36905" /><D50/><U122/><E122/><V17/><F72/><W84/><REACH who="3" step="1"/><G65/><REACH who="3" ten="170,160,420,230" step="2"/><T9/><D34/><U24/><E115/><V121/><F121/><W43/><G43/><T71/><D71/><U23/><E113/><V53/><F73/><W107/><G107/><T124/><D124/><U74/><E74/><V56/><F53/><W51/><AGARI ba="1,2" hai="8,15,19,26,30,35,46,51,52,62,63,84,88,95" machi="51" ten="30,12000,2" yaku="1,1,0,1,52,1,54,2,53,1" doraHai="7" doraHaiUra="11" who="3" fromWho="3" sc="170,-31,160,-31,420,-61,230,143" /><INIT seed="3,0,0,0,2,21" ten="139,129,359,373" oya="3" hai0="49,81,102,125,112,35,111,42,126,117,57,76,18" hai1="7,39,53,91,85,12,122,14,68,116,55,9,50" hai2="71,73,95,89,129,133,69,92,88,115,86,23,63" hai3="127,132,2,97,118,135,31,20,51,67,128,77,11"/><W130/><G118/><T109/><D117/><U32/><E122/><V78/><F115/><W1/><G77/><T106/><D35/><U58/><E116/><V4/><F133/><N who="3" m="51275" /><G67/><T46/><D112/><U41/><E68/><V28/><F129/><N who="3" m="49771" /><G97/><N who="0" m="61775" /><D18/><U101/><E32/><V29/><F73/><W47/><G11/><T15/><D15/><U100/><E14/><V103/><F78/><W70/><G70/><T26/><D26/><U124/><E124/><N who="0" m="47721" /><D57/><U62/><E39/><V119/><F119/><W66/><G66/><T6/><D6/><U25/><E25/><N who="2" m="16447" /><F71/><W105/><G105/><T52/><D42/><U48/><E41/><V34/><F69/><W56/><G56/><T65/><D65/><U110/><E62/><V72/><F72/><AGARI ba="0,0" hai="46,49,52,72,76,81,109,111" m="47721,61775" machi="72" ten="30,2000,0" yaku="18,1,54,1" doraHai="21" who="0" fromWho="2" sc="139,20,129,0,359,-20,373,0" /><INIT seed="4,0,0,1,1,2" ten="159,129,339,373" oya="0" hai0="123,119,93,17,6,1,10,118,90,38,83,67,39" hai1="13,98,44,41,116,19,66,11,55,49,31,16,84" hai2="28,72,121,80,91,24,104,33,106,88,97,101,15" hai3="56,105,9,125,127,94,129,0,37,12,92,128,111"/><T23/><D123/><U20/><E116/><V8/><F121/><W81/><G105/><T61/><D83/><U126/><E126/><N who="3" m="48138" /><G37/><T54/><D54/><U64/><E98/><V27/><F106/><W102/><G0/><T73/><D73/><U134/><E134/><V3/><F3/><W22/><G22/><T40/><D40/><U14/><E31/><V74/><F27/><W109/><G56/><T26/><D39/><U89/><REACH who="1" step="1"/><E41/><REACH who="1" ten="159,119,339,373" step="2"/><V46/><F97/><W71/><G111/><T132/><D132/><U108/><E108/><V135/><F28/><W85/><G109/><T87/><REACH who="0" step="1"/><D38/><REACH who="0" ten="149,119,339,373" step="2"/><U82/><AGARI ba="0,2" hai="11,13,14,16,19,20,44,49,55,64,66,82,84,89" machi="82" ten="20,12000,2" yaku="1,1,0,1,7,1,25,2,8,1,54,1,53,0" doraHai="2" doraHaiUra="112" who="1" fromWho="1" sc="149,-60,119,140,339,-30,373,-30" /><INIT seed="5,0,0,1,3,20" ten="89,259,309,343" oya="1" hai0="72,68,128,73,25,6,74,26,130,65,97,90,55" hai1="96,103,13,99,111,10,27,83,11,107,28,3,62" hai2="43,119,70,52,59,66,125,54,132,1,50,8,40" hai3="47,98,29,17,129,49,4,41,16,133,76,42,23"/><U53/><E111/><V87/><F119/><W116/><G116/><T7/><D55/><U64/><E3/><V15/><F1/><W85/><G129/><N who="0" m="49771" /><D65/><U71/><E83/><V57/><F132/><W21/><G133/><T110/><D68/><U67/><E67/><V123/><F123/><W118/><G118/><T63/><D63/><U89/><E53/><V126/><F87/><W92/><G4/><N who="0" m="1579" /><D110/><U77/><E77/><V134/><F134/><W35/><G42/><N who="2" m="15913" /><F15/><W0/><G0/><T2/><D2/><U124/><E124/><N who="2" m="47723" /><F8/><W106/><G106/><T121/><D121/><U24/><E13/><V117/><F117/><W33/><G85/><T9/><D9/><U32/><REACH who="1" step="1"/><E27/><REACH who="1" ten="89,249,309,343" step="2"/><N who="0" m="10249" /><D97/><U122/><E122/><V105/><F66/><W22/><G98/><T69/><D69/><U60/><E60/><N who="2" m="35879" /><F70/><W101/><G76/><T48/><D90/><U51/><E51/><AGARI ba="0,1" hai="48,51,72,73,74" m="10249,1579,49771" machi="51" ten="40,12000,2" yaku="28,2,19,1,52,3" doraHai="20" who="0" fromWho="1" sc="89,130,249,-120,309,0,343,0" /><INIT seed="6,0,0,3,3,19" ten="219,129,309,343" oya="2" hai0="70,73,45,7,100,63,117,16,93,133,84,134,111" hai1="107,132,15,1,135,71,115,0,23,32,92,5,82" hai2="33,128,20,104,122,60,77,28,11,59,53,89,36" hai3="4,76,61,64,10,120,74,41,129,125,119,35,18"/><V14/><F36/><W34/><G120/><T75/><D111/><U49/><E107/><V25/><F104/><W37/><G119/><T110/><D110/><U80/><E71/><V103/><F122/><W48/><G48/><T21/><D7/><U39/><E39/><V81/><F103/><W24/><G18/><T126/><D117/><U67/><E67/><V79/><F128/><W83/><G129/><T6/><D6/><U27/><E49/><V78/><F89/><W131/><G131/><T113/><D45/><U44/><E44/><V90/><F90/><W112/><G125/><T26/><D126/><U94/><E115/><V12/><F12/><W124/><G112/><T54/><D113/><U99/><E32/><V106/><F106/><W62/><G62/><T127/><D127/><U31/><E99/><V101/><F101/><W29/><G34/><T9/><D9/><U95/><E15/><V8/><F8/><W13/><G124/><T58/><D70/><U40/><E40/><V38/><F38/><W98/><G98/><N who="0" m="59471" /><D84/><U72/><E72/><V87/><F33/><W96/><G96/><T109/><D109/><U55/><E55/><V22/><F22/><W43/><G37/><T91/><D91/><U47/><E47/><V85/><F85/><W17/><G4/><AGARI ba="0,0" hai="4,11,14,20,25,28,53,59,60,77,78,79,81,87" machi="4" ten="30,5800,0" yaku="7,1,8,1,52,1" doraHai="19" who="2" fromWho="3" sc="219,0,129,0,309,58,343,-58" /><INIT seed="6,1,0,4,5,5" ten="219,129,367,285" oya="2" hai0="9,129,95,60,118,65,69,128,110,39,56,125,77" hai1="135,30,111,132,58,90,43,86,14,87,94,64,3" hai2="78,124,99,70,76,27,28,104,66,24,7,79,57" hai3="63,127,107,16,36,73,67,12,4,82,98,48,34"/><V100/><F124/><W85/><G36/><T108/><D77/><U109/><E3/><V11/><F57/><W121/><G34/><T72/><D72/><U116/><E43/><V47/><F47/><W68/><G73/><T26/><D39/><U2/><E2/><V84/><F84/><W62/><G121/><T92/><D125/><U96/><E30/><V32/><F27/><W91/><G127/><T93/><D118/><U101/><E14/><N who="2" m="5503" /><F76/><W41/><G4/><T130/><D26/><U38/><E38/><V46/><F46/><W105/><G98/><T133/><D133/><N who="1" m="51275" /><E58/><V13/><F13/><W18/><G18/><T131/><N who="0" m="32768" /><DORA hai="20" /><T6/><REACH who="0" step="1"/><D69/><REACH who="0" ten="209,129,367,285" step="2"/><U0/><E116/><V97/><F79/><W134/><G134/><T25/><D25/><U53/><E0/><AGARI ba="1,1" hai="0,6,9,56,60,65,92,93,95,108,110" m="32768" machi="0" ten="70,8000,1" yaku="1,1,19,1,52,1,53,0" doraHai="5,20" doraHaiUra="80,15" who="0" fromWho="1" sc="209,93,129,-83,367,0,285,0" /><INIT seed="7,0,0,5,2,29" ten="302,46,367,285" oya="3" hai0="128,62,75,80,50,48,129,32,96,51,45,112,98" hai1="26,69,108,60,21,134,23,18,117,102,93,15,113" hai2="90,82,37,125,63,89,81,115,114,27,122,126,100" hai3="64,99,74,2,39,11,85,35,47,13,87,20,4"/><W36/><G74/><T33/><D45/><U71/><E102/><V17/><F122/><W34/><G64/><T110/><D110/><U83/><E93/><V105/><F37/><W116/><G116/><T43/><D43/><U86/><E60/><V7/><F7/><W127/><G127/><N who="2" m="48649" /><F63/><W111/><G111/><T92/><D62/><U56/><E56/><V94/><F105/><W31/><G99/><N who="0" m="37931" /><D92/><U52/><E71/><V84/><F100/><W68/><G68/><T8/><D8/><U131/><E69/><V135/><F135/><W58/><G58/><T16/><D16/><U0/><E134/><V97/><F82/><W109/><G109/><T72/><D112/><U123/><E123/><V14/><F27/><N who="3" m="18815" /><G35/><N who="0" m="13387" /><D80/><U107/><E107/><V28/><F28/><W121/><G121/><T59/><D59/><U6/><E117/><V76/><F76/><W10/><G10/><AGARI ba="0,0" hai="10,14,17,81,84,89,90,94,97,114,115" m="48649" machi="10" ten="30,1000,0" yaku="18,1" doraHai="29" who="2" fromWho="3" sc="302,0,46,0,367,10,285,-10" owari="302,10.0,46,-45.0,377,47.0,275,-12.0" /></mjloggm>