<mjloggm ver="2.3"><GO type="169"/><UN n0="%E3%80%9D%73%68%69%6E" n1="%E3%81%A0%E3%81%84%E3%81%A0%E3%81%84" n2="%E9%9C%A7%E3%81%AE%E6%B5%AE%E8%88%9F" n3="%EF%BC%88%E2%89%A7%E2%96%BD%E2%89%A6%EF%BC%89" dan="18,17,18,18" rate="2191,2174,2194,2184" sx="M,M,M,M"/><TAIKYOKU oya="0"/><INIT seed="0,0,0,0,5,111" ten="250,250,250,250" oya="0" hai0="28,41,83,121,1,14,97,46,21,119,126,94,11" hai1="3,128,99,8,27,107,80,101,0,85,22,38,117" hai2="84,4,19,72,16,133,103,91,87,6,65,51,98" hai3="62,115,105,77,35,47,122,95,43,104,12,20,127"/><T82/><D121/><U69/><E117/><V29/><F72/><W100/><G122/><T116/><D1/><U132/><E69/><V31/><F133/><W76/><G35/><T54/><D126/><U74/><E74/><V37/><F37/><W5/><G127/><T23/><D116/><U108/><E108/><V15/><F65/><W44/><G104/><T125/><D125/><U2/><E38/><V13/><F51/><N who="3" m="27039" /><G105/><T129/><D129/><U90/><E132/><V39/><F39/><W92/><G47/><T134/><D134/><U88/><E128/><V124/><F124/><W25/><G62/><T86/><D119/><U55/><E55/><V130/><F130/><W118/><G115/><T106/><D106/><U89/><REACH who="1" step="1"/><E8/><REACH who="1" ten="250,240,250,250" step="2"/><V17/><F103/><W10/><G118/><T36/><D54/><U60/><E60/><V123/><F123/><W112/><G100/><T120/><D120/><U68/><E68/><V135/><F135/><W64/><G64/><T40/><D40/><U9/><E9/><V78/><F78/><N who="3" m="30315" /><G112/><T61/><D41/><U18/><AGARI ba="0,1" hai="0,2,3,18,22,27,80,85,88,89,90,99,101,107" machi="18" ten="30,4000,0" yaku="1,1,0,1,54,1,53,0" doraHai="111" doraHaiUra="57" who="1" fromWho="1" sc="250,-20,240,50,250,-10,250,-10" /><INIT seed="1,0,0,1,4,76" ten="230,290,240,240" oya="1" hai0="126,49,114,41,63,106,123,43,84,15,97,122,72" hai1="9,125,2,124,67,81,117,101,133,113,75,57,14" hai2="64,96,65,46,53,52,107,98,29,48,32,134,25" hai3="121,109,23,6,95,108,44,31,112,70,24,94,132"/><U1/><E117/><V105/><F134/><W5/><G121/><N who="0" m="46091" /><D72/><U88/><E113/><V119/><F119/><W39/><G112/><T27/><D114/><U40/><E101/><V26/><F48/><W37/><G70/><T79/><D126/><N who="1" m="48747" /><E40/><V86/><F86/><W34/><G132/><T16/><D27/><U12/><E133/><V69/><F46/><W58/><G58/><T102/><D63/><N who="1" m="38383" /><E14/><V74/><F69/><W51/><G37/><T131/><D49/><U20/><E20/><V11/><F11/><W100/><G23/><N who="0" m="11679" /><D131/><U17/><E75/><V89/><F74/><W35/><G39/><T62/><D62/><U116/><E116/><V36/><F36/><W135/><G135/><T130/><D130/><U61/><E61/><V4/><F4/><W93/><G35/><T18/><D18/><U10/><E10/><V110/><F29/><W47/><G100/><T66/><D66/><U21/><E9/><V22/><F22/><W30/><G30/><T50/><D50/><U91/><E91/><V118/><F89/><W71/><G71/><T19/><D19/><U111/><E111/><N who="3" m="42570" /><G47/><T128/><D128/><U99/><E99/><V129/><F110/><W82/><G44/><T38/><D38/><U54/><E54/><V80/><F129/><W78/><G51/><T104/><D104/><U59/><E59/><V90/><F118/><W0/><G0/><T68/><D68/><U120/><E120/><V42/><F32/><W8/><G8/><T13/><D13/><U127/><E127/><V55/><F42/><W3/><G3/><T28/><D28/><RYUUKYOKU ba="0,0" sc="230,10,290,10,240,-30,240,10" hai0="41,43,79,84,97,102,106" hai1="1,2,12,17,21,81,88" hai3="5,6,24,31,34,78,82,93,94,95" /><INIT seed="1,1,0,4,5,121" ten="240,300,210,250" oya="1" hai0="119,131,28,133,122,100,1,27,77,9,126,102,87" hai1="86,135,33,96,69,61,50,125,90,48,46,45,44" hai2="101,25,120,128,105,107,124,38,22,14,99,24,13" hai3="67,114,88,53,115,3,104,5,71,108,26,19,47"/><U15/><E125/><V12/><F120/><W51/><G104/><T16/><D119/><U30/><E135/><V123/><F123/><W18/><G3/><T35/><D131/><U64/><E96/><V8/><F38/><W11/><G5/><T91/><D126/><U60/><E60/><V62/><F124/><W0/><G0/><T66/><D133/><U110/><E110/><V10/><F128/><W85/><G108/><T36/><D36/><U81/><REACH who="1" step="1"/><E15/><REACH who="1" ten="240,290,210,250" step="2"/><V39/><F99/><W70/><G115/><T116/><D122/><U118/><E118/><V94/><F13/><W55/><G114/><T34/><D116/><U29/><E29/><V95/><F62/><W111/><G111/><T57/><D1/><U134/><E134/><V82/><F14/><W74/><G71/><T112/><D112/><U92/><E92/><V20/><F12/><W43/><G70/><T109/><D109/><U117/><E117/><V98/><F98/><W23/><G11/><T2/><D2/><U7/><E7/><V40/><F95/><W6/><G6/><T89/><D28/><U97/><E97/><V68/><F94/><W78/><G19/><T113/><D16/><U31/><E31/><V4/><F4/><W75/><G18/><T84/><D9/><U127/><E127/><V76/><F68/><W56/><G26/><AGARI ba="1,1" hai="26,30,33,44,45,46,48,50,61,64,69,81,86,90" machi="26" ten="40,12000,1" yaku="1,1,53,3" doraHai="121" doraHaiUra="41" who="1" fromWho="3" sc="240,0,290,133,210,0,250,-123" /><INIT seed="1,2,0,4,0,42" ten="240,423,210,127" oya="1" hai0="92,25,122,78,109,65,37,22,130,93,9,74,100" hai1="12,87,7,11,38,17,27,108,84,132,39,13,128" hai2="0,35,59,127,46,49,24,57,19,121,89,125,68" hai3="20,64,124,56,6,40,43,104,95,86,88,96,81"/><U77/><E128/><V111/><F121/><W66/><G124/><N who="2" m="47689" /><F0/><W126/><G126/><T16/><D37/><U10/><E132/><V107/><F68/><W45/><G104/><T23/><D130/><U26/><E108/><V71/><F71/><W33/><G33/><T105/><D122/><U1/><E77/><V115/><F107/><W133/><G133/><T119/><D119/><U61/><E61/><V34/><F111/><W114/><G114/><T116/><D116/><U62/><E62/><V30/><F115/><W79/><G6/><T31/><D109/><U110/><E110/><V55/><F35/><W72/><G43/><T21/><D65/><U54/><E1/><V63/><F19/><W103/><G20/><T60/><D60/><U32/><E32/><V99/><F63/><W98/><G56/><T44/><D105/><U29/><E29/><V131/><F131/><W69/><G69/><T5/><D23/><U70/><E70/><V118/><F118/><W2/><G2/><T14/><D100/><U134/><E134/><V80/><F80/><W18/><G18/><T120/><D120/><U75/><E17/><V73/><F73/><W91/><G72/><T52/><D74/><U15/><E75/><V67/><F67/><N who="3" m="25643" /><G98/><T3/><D3/><U58/><E84/><V123/><F123/><W117/><G117/><T4/><D78/><U36/><E87/><V129/><F129/><W102/><G79/><T113/><D113/><U85/><E85/><V82/><F82/><W76/><G76/><T83/><D83/><U94/><E7/><N who="0" m="2633" /><D21/><U28/><E10/><RYUUKYOKU ba="2,0" sc="240,10,423,-30,210,10,127,10" hai0="9,14,16,22,25,31,44,52,92,93" hai2="24,30,34,46,49,55,57,59,89,99" hai3="40,45,81,86,88,91,95,96,102,103" /><INIT seed="2,3,0,3,1,10" ten="250,393,220,137" oya="2" hai0="70,5,125,38,61,67,118,95,12,107,82,108,71" hai1="99,26,97,102,52,44,41,6,115,105,48,103,49" hai2="92,14,64,13,133,29,57,23,63,62,3,128,104" hai3="86,130,51,45,50,116,56,100,81,114,135,96,11"/><V24/><F104/><W47/><G116/><T87/><D107/><U74/><E74/><V68/><F3/><W131/><G135/><T42/><D71/><U27/><E6/><V85/><F133/><W124/><G124/><T77/><D125/><U69/><E69/><V83/><F92/><N who="3" m="58375" /><G114/><T9/><D118/><U109/><E109/><V93/><F93/><W2/><G2/><T17/><D108/><U126/><E115/><V84/><F128/><N who="3" m="49195" /><G11/><T123/><D123/><U33/><E33/><V112/><F112/><W7/><G7/><T16/><REACH who="0" step="1"/><D95/><REACH who="0" ten="240,393,220,137" step="2"/><U20/><E126/><V30/><F30/><W4/><G4/><T18/><D18/><U15/><E105/><V90/><REACH who="2" step="1"/><F85/><REACH who="2" ten="240,393,210,137" step="2"/><W127/><G127/><T110/><D110/><U132/><E99/><V121/><F121/><W35/><G86/><T91/><D91/><U60/><E132/><V119/><F119/><W32/><G81/><T54/><D54/><AGARI ba="3,2" hai="13,14,23,24,29,54,57,62,63,64,68,83,84,90" machi="54" ten="30,18000,2" yaku="1,1,7,1,52,2,53,2" doraHai="10" doraHaiUra="59" who="2" fromWho="0" sc="240,-189,393,0,210,209,137,0" /><INIT seed="2,4,0,0,5,9" ten="51,393,419,137" oya="2" hai0="79,126,14,22,90,117,39,88,49,31,125,113,51" hai1="44,101,46,122,77,24,70,32,106,108,66,109,123" hai2="30,76,0,42,93,131,94,89,26,96,130,120,58" hai3="83,86,5,67,12,43,62,124,114,40,36,75,132"/><V103/><F120/><N who="1" m="46121" /><E77/><V78/><F0/><W18/><G75/><T85/><D39/><U57/><E101/><V104/><F42/><W29/><G36/><T64/><D113/><U11/><E106/><V8/><F8/><W74/><G74/><T10/><D117/><U25/><E11/><V27/><F58/><W38/><G38/><T59/><D79/><N who="2" m="30250" /><F30/><W53/><G29/><T65/><D31/><U100/><E100/><V97/><F27/><W16/><G114/><T7/><D22/><U55/><E25/><V3/><F3/><W135/><G124/><N who="0" m="47723" /><D90/><U134/><E24/><V95/><F26/><W20/><G18/><T13/><D13/><U98/><E32/><V84/><F95/><W37/><G37/><T50/><D59/><U34/><E34/><V112/><F112/><W21/><G21/><T69/><D69/><U91/><E70/><V68/><F68/><N who="3" m="42103" /><G5/><T128/><D128/><U115/><E115/><V111/><F111/><W119/><G20/><T56/><D56/><U19/><E109/><V33/><F33/><W72/><G12/><T6/><D6/><U80/><E108/><V4/><F4/><W54/><G16/><T121/><D121/><U35/><E19/><V82/><F94/><AGARI ba="4,0" hai="7,10,14,49,50,51,64,65,85,88,94" m="47723" machi="94" ten="30,3900,0" yaku="18,1,52,1,54,1" doraHai="9" who="0" fromWho="2" sc="51,51,393,0,419,-51,137,0" /><INIT seed="3,0,0,5,4,62" ten="102,393,368,137" oya="3" hai0="5,120,70,34,118,77,132,71,47,68,108,43,50" hai1="49,19,122,133,17,58,39,82,98,81,106,26,56" hai2="131,85,63,12,52,73,2,86,129,78,35,126,107" hai3="65,6,123,60,21,135,95,8,72,67,100,64,40"/><W79/><G123/><T59/><D34/><U76/><E39/><V124/><F2/><W33/><G33/><T134/><D120/><U16/><E122/><V57/><F107/><W66/><G135/><N who="0" m="51755" /><D5/><U105/><E26/><V36/><F35/><W14/><G40/><T125/><D77/><U104/><E98/><V3/><F3/><W84/><G72/><T69/><D118/><U9/><E9/><V38/><F73/><W45/><G45/><T42/><N who="0" m="17408" /><DORA hai="31" /><T116/><D116/><U54/><E133/><V46/><F12/><W119/><G119/><T24/><D24/><U127/><E127/><N who="2" m="48683" /><F78/><W48/><G79/><T115/><D125/><U61/><REACH who="1" step="1"/><E76/><REACH who="1" ten="102,383,368,137" step="2"/><V128/><F38/><W94/><G8/><T89/><D115/><U29/><E29/><V13/><F13/><W111/><G14/><T74/><D108/><U80/><E80/><V103/><F103/><W44/><G100/><T117/><D117/><U18/><N who="1" m="4608" /><DORA hai="87" /><U37/><E37/><V114/><F114/><W91/><G111/><T101/><D101/><U10/><E10/><V90/><F90/><W1/><G91/><T15/><D89/><U32/><E32/><V7/><F7/><W55/><G6/><T112/><D112/><U75/><E75/><V20/><F20/><W51/><G21/><T0/><D74/><U27/><E27/><V53/><F36/><W23/><G23/><T110/><D110/><U41/><E41/><V130/><F130/><W97/><G97/><T4/><D42/><U22/><E22/><V113/><F113/><W99/><G99/><T28/><D43/><RYUUKYOKU ba="0,1" sc="102,-15,383,15,368,15,137,-15" hai1="49,54,56,58,61,81,82,104,105,106" hai2="46,52,53,57,63,85,86,128,129,131" /><INIT seed="4,1,1,3,2,135" ten="87,398,383,122" oya="0" hai0="58,4,9,96,121,16,131,126,133,29,104,30,35" hai1="81,7,42,112,72,119,27,65,89,92,66,28,90" hai2="12,93,117,46,37,41,51,82,39,78,1,130,17" hai3="84,132,53,99,106,102,50,55,120,122,59,103,22"/><T49/><D121/><N who="3" m="46697" /><G132/><T25/><D133/><U69/><E7/><V105/><F105/><W2/><G2/><T129/><D29/><U134/><E119/><V33/><F1/><W13/><G103/><T127/><D96/><U101/><E42/><V94/><F33/><W107/><G84/><T18/><D104/><U116/><E116/><V32/><F32/><W113/><G113/><T114/><D49/><U124/><E69/><V110/><F117/><W80/><G80/><T91/><D58/><U45/><E81/><V64/><F110/><W128/><G128/><N who="0" m="49227" /><D91/><U98/><E90/><V8/><F130/><W70/><G70/><T63/><D63/><U62/><E89/><V95/><REACH who="2" step="1"/><F64/><REACH who="2" ten="87,398,373,122" step="2"/><W77/><G107/><T38/><D114/><U108/><E66/><V111/><F111/><W0/><G0/><N who="0" m="135" /><D38/><U109/><E112/><V3/><F3/><W47/><G106/><T21/><D18/><U115/><E108/><V85/><AGARI ba="1,2" hai="8,12,17,37,39,41,46,51,78,82,85,93,94,95" machi="85" ten="30,4000,0" yaku="1,1,0,1,53,1" doraHai="135" doraHaiUra="11" who="2" fromWho="2" sc="87,-21,398,-11,373,63,122,-11" /><INIT seed="5,0,0,5,0,108" ten="66,387,436,111" oya="1" hai0="97,66,8,22,46,61,113,102,51,94,32,38,104" hai1="125,100,53,96,116,60,9,24,40,89,3,50,98" hai2="95,55,29,10,52,21,119,128,122,93,67,34,16" hai3="35,17,71,13,43,132,31,49,45,36,54,80,11"/><U58/><E116/><V68/><F122/><W106/><G106/><T121/><D38/><U109/><E109/><V82/><F119/><W23/><G132/><T107/><D32/><U72/><E72/><V62/><F128/><W14/><G71/><T27/><D121/><U134/><E134/><V123/><F123/><W92/><G80/><T19/><D8/><U135/><E135/><V79/><F10/><W73/><G73/><T101/><D101/><U57/><E125/><V65/><F65/><W130/><G130/><T25/><D25/><U77/><E77/><V105/><F105/><W115/><G92/><T90/><D102/><U26/><E89/><V39/><F39/><W127/><G127/><T4/><D4/><U69/><E69/><V2/><F2/><W85/><G85/><T59/><REACH who="0" step="1"/><D113/><REACH who="0" ten="56,387,436,111" step="2"/><U91/><E24/><V87/><F34/><W86/><G115/><T64/><D64/><U117/><E26/><V84/><F67/><W118/><G118/><T41/><AGARI ba="0,1" hai="19,22,27,41,46,51,59,61,66,90,94,97,104,107" machi="41" ten="20,2700,0" yaku="1,1,0,1,7,1,53,0" doraHai="108" doraHaiUra="99" who="0" fromWho="0" sc="56,37,387,-13,436,-7,111,-7" /><INIT seed="6,0,0,4,4,53" ten="93,374,429,104" oya="2" hai0="106,71,34,58,93,7,86,5,82,26,107,78,48" hai1="74,97,3,109,98,84,11,92,70,129,65,119,14" hai2="32,33,55,42,37,110,96,122,31,1,66,10,120" hai3="131,76,6,13,90,12,64,61,95,91,104,49,125"/><V20/><F66/><W112/><G104/><T80/><D71/><U44/><E109/><V8/><F55/><W28/><G131/><T114/><D114/><U103/><E129/><V83/><F96/><W57/><G125/><T88/><D106/><U43/><E74/><V16/><F83/><W35/><G112/><T39/><D39/><U67/><E3/><V127/><F20/><W111/><G111/><T68/><D68/><U135/><E135/><V77/><F42/><W81/><G35/><T102/><D80/><U115/><E119/><V47/><F31/><W25/><G6/><T27/><D107/><U4/><E115/><V108/><F47/><W40/><G25/><N who="0" m="9227" /><D102/><U50/><E70/><V54/><F54/><W72/><G28/><T45/><D58/><U46/><E98/><V60/><F77/><W24/><G24/><T118/><D34/><U18/><E18/><V38/><F16/><W2/><G2/><T59/><D59/><U0/><E0/><V62/><F1/><W23/><G23/><T29/><D29/><U19/><E19/><V85/><F85/><N who="3" m="50479" /><G72/><T126/><D126/><AGARI ba="0,0" hai="8,10,32,33,37,38,60,62,108,110,120,122,126,127" machi="126" ten="25,2400,0" yaku="22,2" doraHai="53" who="2" fromWho="0" sc="93,-24,374,0,429,24,104,0" /><INIT seed="6,1,0,3,0,17" ten="69,374,453,104" oya="2" hai0="35,69,0,66,26,38,79,1,57,84,7,20,108" hai1="14,12,24,37,93,74,87,2,9,107,76,97,48" hai2="85,45,21,32,41,124,119,121,88,73,61,58,52" hai3="115,33,116,42,47,123,125,132,5,98,70,53,95"/><V101/><F32/><W51/><G123/><T50/><D38/><U92/><E37/><V111/><F121/><W31/><G116/><T39/><D108/><U30/><E2/><V90/><F119/><W91/><G70/><T75/><D39/><U126/><E126/><V122/><F122/><W64/><G64/><T117/><D117/><U56/><E74/><V96/><F73/><W19/><G125/><T71/><D35/><U34/><E107/><V109/><F124/><W118/><G118/><T99/><D75/><U6/><E14/><V133/><F133/><W81/><G132/><T36/><D36/><U104/><E104/><V44/><F41/><W49/><G5/><T23/><D0/><U28/><E28/><V94/><F90/><W112/><G81/><N who="0" m="47167" /><D99/><U127/><E127/><V135/><F135/><W18/><G31/><N who="0" m="17863" /><D23/><U62/><E97/><V102/><F21/><W43/><G33/><T10/><D66/><U16/><E6/><V100/><REACH who="2" step="1"/><F96/><REACH who="2" ten="69,374,443,104" step="2"/><W120/><G120/><T114/><D114/><N who="3" m="43561" /><G43/><T77/><D77/><U110/><E76/><V82/><F82/><W130/><G42/><T134/><D134/><U105/><E34/><V40/><F40/><W25/><G98/><T67/><D67/><U86/><E86/><V89/><F89/><W22/><G91/><T83/><D83/><U72/><E87/><V11/><F11/><W8/><G8/><T3/><D3/><U60/><E72/><V46/><AGARI ba="1,1" hai="44,45,46,52,58,61,85,88,94,100,101,102,109,111" machi="46" ten="40,12000,1" yaku="1,1,0,1,54,2,53,0" doraHai="17" doraHaiUra="29" who="2" fromWho="2" sc="69,-41,374,-41,443,133,104,-41" /><INIT seed="6,2,0,2,1,7" ten="28,333,576,63" oya="2" hai0="60,21,40,132,31,125,52,35,120,29,20,95,61" hai1="84,126,12,13,83,68,57,54,134,39,55,65,112" hai2="30,87,110,10,38,37,116,78,127,42,99,49,133" hai3="102,105,45,114,5,73,119,16,115,71,64,118,117"/><V14/><F116/><W82/><G5/><T4/><D120/><U124/><E39/><V25/><F133/><W67/><G45/><T80/><D132/><U50/><E134/><V98/><F127/><N who="1" m="48681" /><E112/><N who="3" m="43050" /><G71/><T77/><D125/><U48/><E65/><N who="3" m="25162" /><G16/><T33/><D40/><U101/><E101/><V69/><F69/><W46/><G46/><T135/><D135/><U122/><E68/><V121/><F121/><W51/><G51/><T85/><D4/><U28/><E28/><N who="0" m="10825" /><D35/><U104/><E122/><V75/><F49/><W86/><G73/><T113/><D113/><U18/><E18/><V53/><F75/><W27/><G27/><T56/><D33/><U130/><E50/><V47/><F38/><W97/><G117/><T32/><D32/><U66/><E48/><V1/><F53/><W103/><G102/><T108/><D61/><U74/><E55/><V6/><F14/><W24/><G24/><T111/><D111/><U41/><E54/><V91/><F110/><W92/><G105/><T72/><D108/><U90/><E104/><V36/><F36/><W17/><G17/><T43/><D43/><U58/><E41/><V81/><F78/><AGARI ba="2,0" hai="78,82,86,92,97,103,118,119" m="25162,43050" machi="78" ten="30,2000,0" yaku="15,1,11,1" doraHai="7" who="3" fromWho="2" sc="28,0,333,0,576,-26,63,26" /><INIT seed="7,0,0,1,5,89" ten="28,333,550,89" oya="3" hai0="93,134,109,67,128,19,54,18,69,27,98,62,8" hai1="105,79,68,70,51,132,121,74,133,80,2,101,38" hai2="64,22,113,59,45,76,61,3,119,114,23,44,115" hai3="0,55,120,37,12,53,10,48,21,36,24,112,33"/><W50/><G120/><T7/><D109/><U131/><E121/><V15/><F119/><W118/><G118/><T31/><D128/><U95/><E95/><V17/><F3/><W5/><G48/><T34/><D54/><U40/><E51/><V72/><F23/><W16/><G112/><T107/><D134/><U100/><E100/><V56/><F56/><N who="3" m="32823" /><G55/><T78/><D78/><U122/><E2/><V1/><F1/><W124/><G124/><T127/><D127/><U46/><E131/><V104/><F104/><W116/><G116/><T96/><D96/><N who="1" m="61607" /><E122/><V58/><F58/><W135/><G135/><AGARI ba="0,0" hai="38,40,46,68,70,74,79,80,132,133,135" m="61607" machi="135" ten="30,2000,0" yaku="20,1,23,1" doraHai="89" who="1" fromWho="3" sc="28,0,333,20,550,0,89,-20" owari="28,-47.0,353,15.0,550,65.0,69,-33.0" /></mjloggm>