<mjloggm ver="2.3"><GO type="97"/><UN n0="%E3%81%93%E3%81%86%E3%82%89%E3%82%93" n1="%EF%BC%88%E2%89%A7%E2%96%BD%E2%89%A6%EF%BC%89" n2="%74%65%66%65%72%79" n3="%47%31%33%E3%83%88%E3%83%A9%E3%82%AF%E3%82%BF%E3%83%BC" dan="14,15,15,14" rate="1948,2006,1964,1890" sx="M,M,M,M"/><TAIKYOKU oya="0"/><INIT seed="0,0,0,0,5,92" ten="250,250,250,250" oya="0" hai0="70,43,66,126,4,115,110,123,93,54,128,22,44" hai1="39,16,23,5,29,129,101,133,127,32,46,30,64" hai2="57,26,18,107,76,56,58,102,15,14,28,95,25" hai3="103,49,24,100,68,82,9,121,108,47,21,122,117"/><T79/><D123/><N who="3" m="47113" /><G68/><T52/><D115/><U78/><E127/><V130/><F107/><W84/><G117/><T42/><D126/><U1/><E1/><V8/><F130/><W90/><G108/><T48/><D128/><U109/><E5/><V45/><F76/><W34/><G9/><T55/><D79/><U98/><E78/><V50/><F15/><W13/><G34/><T17/><D4/><U31/><E32/><V120/><F28/><N who="3" m="17423" /><G13/><T73/><D73/><U134/><E129/><V113/><F113/><W35/><G35/><T53/><D110/><U112/><E109/><V87/><F120/><W135/><G135/><T99/><D70/><U105/><E112/><V104/><F104/><W111/><G111/><T20/><D66/><U12/><REACH who="1" step="1"/><E64/><REACH who="1" step="2"/><V38/><F38/><W131/><G131/><T59/><D22/><U51/><E51/><V77/><F77/><W81/><G81/><T37/><D37/><U72/><E72/><V97/><REACH who="2" step="1"/><F87/><REACH who="2" step="2"/><W118/><G118/><T63/><D48/><U19/><E19/><V91/><F91/><W3/><G3/><T85/><D17/><U124/><E124/><V61/><F61/><W36/><G36/><T75/><D85/><U62/><E62/><V74/><F74/><W33/><G33/><T119/><D75/><U125/><E125/><V106/><F106/><W89/><G89/><T116/><D63/><U88/><E88/><V69/><F69/><W7/><G7/><T60/><D60/><U40/><AGARI ba="0,2" hai="12,16,23,29,30,31,39,40,46,98,101,105,133,134" machi="40" ten="30,8000,1" yaku="1,1,0,1,52,1,54,1,53,1" doraHai="92" doraHaiUra="96" who="1" fromWho="1" sc="250,-40,240,100,240,-20,250,-20" /><INIT seed="1,0,0,3,4,69" ten="210,340,220,230" oya="1" hai0="22,97,38,24,85,0,91,43,7,45,72,74,71" hai1="53,5,113,119,29,11,58,42,77,84,40,8,62" hai2="48,121,122,35,20,124,21,46,50,65,102,30,51" hai3="105,14,76,100,134,95,90,19,41,110,128,6,111"/><U44/><E119/><V34/><F102/><W116/><G116/><T117/><D71/><U52/><E113/><V79/><F79/><W66/><G6/><T132/><D132/><U23/><E53/><V15/><F65/><W89/><G66/><T86/><D117/><U61/><E61/><V28/><F15/><W27/><G76/><T80/><D97/><U60/><E60/><V123/><F46/><W13/><G41/><N who="1" m="15978" /><E44/><V67/><F124/><W47/><G47/><T16/><REACH who="0" step="1"/><D86/><REACH who="0" step="2"/><U78/><E84/><V133/><F133/><W94/><G134/><T63/><D63/><U49/><E62/><V75/><F75/><W70/><G70/><T87/><D87/><U12/><E11/><AGARI ba="0,1" hai="0,7,11,16,22,24,38,43,45,72,74,80,85,91" machi="11" ten="40,8000,1" yaku="1,1,52,1,54,1,53,1" doraHai="69" doraHaiUra="37" who="0" fromWho="1" sc="200,90,340,-80,220,0,230,0" /><INIT seed="2,0,0,2,2,11" ten="290,260,220,230" oya="2" hai0="66,2,131,98,23,38,119,86,107,16,46,61,75" hai1="127,87,6,15,100,83,116,45,124,79,89,82,52" hai2="106,40,73,47,129,102,122,88,36,133,3,50,65" hai3="8,48,33,134,135,64,7,27,125,99,113,0,109"/><V97/><F122/><W41/><G113/><T29/><D75/><U130/><E116/><V77/><F133/><N who="3" m="50699" /><G125/><N who="1" m="48202" /><E130/><V90/><F129/><W78/><G109/><T59/><D131/><U72/><E100/><V62/><F3/><W91/><G64/><T25/><D2/><U92/><E82/><V74/><F50/><W31/><G78/><T56/><D119/><U4/><E15/><V84/><F77/><W20/><G41/><T67/><D38/><U22/><E22/><V53/><F53/><W81/><G48/><AGARI ba="0,0" hai="4,6,45,48,52,72,79,83,87,89,92" m="48202" machi="48" ten="30,2000,0" yaku="18,1,54,1" doraHai="11" who="1" fromWho="3" sc="290,0,260,20,220,0,230,-20" /><INIT seed="3,0,0,4,1,50" ten="290,280,220,210" oya="3" hai0="62,88,41,74,23,10,24,26,80,118,126,113,6" hai1="105,34,93,43,81,69,70,68,83,33,85,89,58" hai2="47,32,38,75,12,21,8,76,111,4,67,59,91" hai3="3,98,45,61,95,51,49,9,46,86,54,28,92"/><W36/><G36/><T134/><D118/><U56/><E105/><V66/><F32/><W5/><G28/><T15/><D113/><U42/><E42/><V129/><F129/><W131/><G131/><T57/><D126/><U55/><E43/><V16/><F111/><W11/><G61/><T20/><D134/><U135/><E135/><V73/><F38/><W71/><G71/><T120/><D120/><U119/><E119/><V96/><F47/><W94/><G86/><N who="0" m="50247" /><D74/><U100/><E58/><V125/><F125/><W82/><G82/><T90/><D90/><U13/><E13/><V117/><F117/><W39/><G39/><T121/><D121/><U27/><E27/><N who="0" m="10281" /><D41/><U53/><E83/><V2/><F75/><W110/><G110/><T72/><D72/><U116/><E116/><V65/><F73/><W109/><G109/><T0/><D0/><U103/><E103/><V29/><F76/><W101/><G9/><T18/><D6/><U48/><E100/><V84/><F96/><W63/><G63/><T79/><D79/><U31/><E81/><V132/><F132/><W64/><G64/><AGARI ba="0,0" hai="10,15,18,20,23,57,62,64" m="10281,50247" machi="64" ten="30,2000,0" yaku="8,1,54,1" doraHai="50" who="0" fromWho="3" sc="290,20,280,0,220,0,210,-20" owari="310,41.0,280,8.0,220,-18.0,190,-31.0" /></mjloggm>