<mjloggm ver="2.3"><GO type="169"/><UN n0="%E5%8F%8D%E9%99%BD%E5%AD%90%E3%81%95%E3%82%93" n1="%E8%99%8E%E5%85%90%E6%9C%97" n2="%EF%BC%88%E2%89%A7%E2%96%BD%E2%89%A6%EF%BC%89" n3="%52%65%4D%61%72%69%6D%6F" dan="16,18,17,16" rate="2122,2183,2216,2010" sx="M,M,M,M"/><TAIKYOKU oya="0"/><INIT seed="0,0,0,3,2,65" ten="250,250,250,250" oya="0" hai0="28,0,68,60,3,80,34,55,106,66,124,29,35" hai1="128,116,18,45,104,43,93,117,114,77,38,79,70" hai2="49,58,15,42,98,30,67,121,14,51,122,27,84" hai3="78,8,69,23,105,4,33,20,31,19,10,32,41"/><T44/><D106/><U83/><E104/><V101/><F122/><W100/><G69/><T118/><D118/><U17/><E128/><V81/><F121/><W7/><G78/><T108/><D124/><U126/><E126/><V6/><F42/><W24/><G41/><T102/><D102/><U134/><E134/><V13/><F6/><N who="3" m="2091" /><G100/><T89/><D35/><N who="3" m="13385" /><G105/><T99/><D34/><U110/><E110/><V59/><F59/><W123/><G123/><T131/><D131/><U103/><E114/><V111/><F111/><W46/><G46/><T63/><D108/><U53/><E117/><V92/><F67/><W37/><G37/><T72/><D72/><U39/><E116/><V36/><F36/><W11/><G11/><T85/><D99/><U62/><E39/><V135/><F58/><W130/><G130/><T127/><D127/><U50/><E79/><V54/><F54/><W94/><G94/><T88/><D89/><U12/><E93/><V47/><F47/><W82/><G82/><T95/><D80/><U133/><E103/><V61/><F61/><W76/><G76/><T1/><REACH who="0" step="1"/><D63/><REACH who="0" ten="240,250,250,250" step="2"/><U48/><E62/><V115/><F81/><W52/><G52/><T120/><D120/><U57/><E53/><V64/><F98/><W16/><G31/><T129/><D129/><U21/><E83/><V91/><F30/><W75/><G75/><T73/><D73/><U22/><E77/><V113/><F101/><W97/><G97/><T109/><D109/><U25/><E133/><V87/><F135/><W2/><G2/><T9/><D9/><U125/><E125/><RYUUKYOKU ba="0,1" sc="240,15,250,-15,250,-15,250,15" hai0="0,1,3,28,29,44,55,60,66,68,85,88,95" hai3="8,10,16,19,20,23,24" /><INIT seed="0,1,1,4,3,61" ten="255,235,235,265" oya="0" hai0="28,0,45,47,81,86,119,19,90,4,121,50,52" hai1="65,87,76,23,27,89,85,94,30,82,129,29,98" hai2="75,91,115,96,10,9,53,42,8,116,73,32,93" hai3="26,105,5,74,36,31,49,66,97,69,43,46,123"/><T56/><D121/><U71/><E129/><V57/><F115/><W60/><G123/><T59/><D119/><U64/><E71/><V84/><F32/><N who="3" m="20599" /><G5/><T70/><D70/><U104/><E104/><V22/><F116/><W11/><G11/><T125/><D125/><U88/><E30/><V112/><F112/><W51/><G74/><T131/><D131/><U68/><E68/><V107/><F42/><W79/><G79/><T135/><D135/><U133/><REACH who="1" step="1"/><E133/><REACH who="1" ten="255,225,235,265" step="2"/><V55/><F107/><W14/><G14/><T16/><D28/><U58/><E58/><V62/><F55/><W44/><G44/><N who="0" m="16971" /><D0/><U78/><E78/><V35/><F35/><W80/><G80/><AGARI ba="1,2" hai="23,27,29,64,65,76,80,82,85,87,88,89,94,98" machi="80" ten="30,12000,2" yaku="1,1,7,1,8,1,52,2,54,1,53,1" doraHai="61" doraHaiUra="25" who="1" fromWho="3" sc="255,0,225,143,235,0,265,-123" /><INIT seed="1,0,0,1,1,16" ten="255,368,235,142" oya="1" hai0="50,60,101,124,28,56,38,21,14,11,39,36,73" hai1="17,68,62,128,54,74,108,119,114,130,104,4,78" hai2="66,15,8,42,99,95,131,29,55,121,105,6,71" hai3="47,69,13,103,37,109,98,115,83,116,23,43,18"/><U132/><E104/><V85/><F121/><W58/><G115/><T57/><D73/><U125/><E4/><V52/><F131/><N who="1" m="50217" /><E114/><V51/><F105/><W75/><G109/><T77/><D101/><U134/><E119/><V91/><F29/><W2/><G2/><T26/><D77/><U112/><E112/><V70/><F70/><W81/><G69/><T89/><D124/><U106/><E106/><V45/><F71/><W100/><G116/><T61/><D89/><U33/><E33/><V94/><REACH who="2" step="1"/><F66/><REACH who="2" ten="255,368,225,142" step="2"/><W92/><G75/><T20/><D28/><U63/><E68/><V19/><F19/><W82/><REACH who="3" step="1"/><G58/><REACH who="3" ten="255,368,225,132" step="2"/><T122/><D57/><U93/><E108/><V72/><F72/><W107/><G107/><T111/><D111/><U97/><E74/><V80/><F80/><W67/><G67/><T24/><D56/><U135/><E134/><V7/><F7/><W118/><G118/><T9/><D122/><U126/><E135/><V79/><F79/><W86/><G86/><T96/><D96/><U27/><E97/><V30/><F30/><W48/><G48/><T65/><D65/><U120/><E132/><V123/><F123/><W53/><G53/><T46/><D39/><U35/><E54/><V31/><F31/><W44/><G44/><T32/><D46/><U5/><E120/><V88/><AGARI ba="0,2" hai="6,8,15,42,45,51,52,55,85,88,91,94,95,99" machi="88" ten="20,12000,2" yaku="1,1,0,1,7,1,8,1,54,2,53,1" doraHai="16" doraHaiUra="3" who="2" fromWho="2" sc="255,-30,368,-60,225,140,132,-30" /><INIT seed="2,0,0,3,0,106" ten="225,308,365,102" oya="2" hai0="24,45,16,40,82,126,79,84,61,117,133,38,120" hai1="34,118,47,54,48,119,114,25,11,27,129,74,0" hai2="97,14,101,98,49,29,81,26,5,2,68,116,55" hai3="32,135,83,132,110,12,4,96,88,112,67,19,63"/><V65/><F2/><W10/><G110/><T134/><D120/><U131/><E114/><V46/><F116/><W72/><G112/><T104/><D117/><U85/><E85/><V44/><F68/><W43/><G43/><T92/><D104/><U66/><E66/><V93/><F65/><W33/><G72/><T86/><D61/><U60/><E60/><V121/><F121/><W8/><G135/><N who="0" m="51723" /><D126/><U9/><E0/><V37/><F37/><W64/><G132/><T39/><D39/><U90/><E90/><V69/><F69/><W100/><G67/><T21/><D92/><U123/><E123/><V91/><F81/><W3/><G33/><T80/><D80/><U113/><E34/><V124/><F124/><W52/><G32/><T17/><D17/><U20/><E113/><V22/><F46/><W95/><G83/><T107/><D107/><U15/><E119/><V18/><F5/><W71/><REACH who="3" step="1"/><G100/><REACH who="3" ten="225,308,365,92" step="2"/><T56/><D56/><U30/><E118/><V7/><F101/><W128/><G128/><T57/><D57/><U105/><E131/><V23/><REACH who="2" step="1"/><F7/><REACH who="2" ten="225,308,355,92" step="2"/><W1/><G1/><T28/><D82/><U102/><E102/><V78/><F78/><W103/><G103/><T59/><D79/><U115/><E115/><V75/><F75/><W6/><G6/><T127/><D127/><U62/><E74/><V77/><F77/><W42/><G42/><T50/><D59/><U73/><E73/><V125/><F125/><W51/><G51/><T76/><D76/><U35/><E48/><V122/><F122/><W31/><G31/><T53/><D28/><RYUUKYOKU ba="0,2" sc="225,10,308,-30,355,10,92,10" hai0="16,21,24,38,40,45,50,53,84,86" hai2="14,18,22,23,26,29,44,49,55,91,93,97,98" hai3="3,4,8,10,12,19,52,63,64,71,88,95,96" /><INIT seed="2,1,2,3,1,120" ten="235,278,365,102" oya="2" hai0="20,113,0,14,60,53,47,11,97,126,21,77,26" hai1="1,96,117,82,94,8,54,18,86,90,132,95,65" hai2="91,80,7,92,74,134,17,22,81,31,35,24,123" hai3="5,32,93,13,85,38,61,133,121,135,6,118,122"/><V40/><F123/><W42/><G118/><T57/><D113/><U79/><E117/><V63/><F40/><W75/><G75/><T111/><D0/><U124/><E124/><V50/><F50/><W98/><G32/><T107/><D126/><U69/><E132/><N who="3" m="50762" /><G85/><T29/><D77/><U114/><E114/><V15/><F134/><W102/><G6/><T56/><D47/><U116/><E116/><V33/><F74/><W64/><G42/><T110/><D57/><U2/><E54/><V37/><F37/><W129/><G38/><T71/><D71/><U83/><E65/><V115/><F35/><W25/><G25/><T130/><D130/><U36/><E36/><V52/><F7/><W58/><G129/><T105/><D21/><U9/><E69/><V30/><F30/><W131/><G131/><T45/><D45/><U12/><E9/><AGARI ba="1,2" hai="5,9,13,58,61,64,93,98,102,121,122" m="50762" machi="9" ten="30,1000,0" yaku="20,1" doraHai="120" who="3" fromWho="1" sc="235,0,278,-13,365,0,102,33" /><INIT seed="3,0,0,4,5,10" ten="235,265,365,135" oya="3" hai0="11,39,103,51,62,66,79,88,68,8,43,122,23" hai1="3,125,47,27,12,92,105,64,128,36,57,40,109" hai2="129,76,56,59,135,54,124,9,82,108,4,44,69" hai3="22,37,86,15,28,121,72,65,35,101,73,114,118"/><W99/><G114/><T19/><D122/><U58/><E105/><V50/><F69/><W91/><G118/><T80/><D103/><U31/><E3/><V20/><F124/><W74/><G37/><T126/><D126/><U38/><E125/><V41/><F129/><W133/><G121/><T98/><D39/><U89/><E128/><V7/><F135/><W0/><G0/><T5/><D5/><U33/><E109/><V93/><F108/><W95/><G133/><T70/><D70/><U18/><E38/><V134/><F59/><W131/><G131/><T120/><D120/><U83/><E83/><V100/><F20/><W106/><G65/><T67/><D67/><U60/><E58/><V107/><F107/><W84/><G35/><T21/><D21/><U29/><E29/><V2/><F4/><W112/><G112/><T52/><D43/><U94/><REACH who="1" step="1"/><E89/><REACH who="1" ten="235,255,365,135" step="2"/><V26/><F56/><W6/><G28/><T102/><D88/><U53/><E53/><V25/><F54/><W130/><G130/><T116/><D116/><U113/><E113/><V71/><F71/><W30/><G30/><T123/><D123/><U78/><E78/><V85/><F134/><W87/><REACH who="3" step="1"/><G6/><REACH who="3" ten="235,255,365,125" step="2"/><T61/><D66/><U115/><E115/><V81/><F2/><W75/><N who="3" m="18944" /><DORA hai="55" /><W42/><G42/><T46/><D19/><AGARI ba="0,2" hai="15,19,22,84,86,87,91,95,99,101,106" m="18944" machi="19" ten="70,18000,2" yaku="1,1,52,1,53,4" doraHai="10,55" doraHaiUra="32,104" who="3" fromWho="0" sc="235,-180,255,0,365,0,125,200" /><INIT seed="3,1,0,5,3,131" ten="55,255,365,325" oya="3" hai0="75,31,85,134,130,122,78,97,67,0,16,80,109" hai1="110,93,103,55,2,56,111,44,22,107,86,77,32" hai2="99,14,64,104,100,115,7,74,94,23,98,24,70" hai3="5,50,62,35,12,71,51,57,36,114,8,88,25"/><W66/><G36/><T90/><D130/><U20/><E32/><V59/><F74/><W38/><G38/><T89/><D122/><U47/><E2/><V125/><F70/><W29/><G114/><T54/><D0/><U79/><E107/><V105/><F115/><W28/><G28/><T68/><D109/><N who="1" m="41483" /><E103/><V132/><F125/><W26/><G26/><T84/><D31/><U112/><E112/><V30/><F99/><W81/><REACH who="3" step="1"/><G71/><REACH who="3" ten="55,255,365,315" step="2"/><T6/><D68/><U108/><E108/><V4/><F24/><W118/><G118/><T19/><D6/><U106/><E106/><V116/><F7/><W53/><G53/><T76/><D54/><U10/><E55/><V120/><F116/><W73/><G73/><T121/><D121/><U17/><E47/><V91/><F120/><W82/><G82/><T49/><D75/><U13/><E44/><V102/><F105/><W33/><G33/><T72/><D72/><U95/><E56/><V117/><F104/><W41/><G41/><T18/><D67/><U113/><E113/><V127/><F117/><W61/><G61/><T3/><D49/><U1/><E95/><V96/><F94/><W133/><G133/><T129/><D134/><U119/><E119/><V9/><F59/><W40/><G40/><T48/><D48/><U11/><E93/><N who="2" m="56639" /><F64/><W58/><G58/><T42/><D42/><U45/><E45/><V60/><F60/><W27/><G27/><T101/><D129/><U43/><E43/><V21/><F30/><W39/><G39/><T65/><D65/><U46/><E46/><V37/><F37/><RYUUKYOKU ba="1,1" sc="55,-10,255,-10,365,-10,315,30" hai3="5,8,12,25,29,35,50,51,57,62,66,81,88" /><INIT seed="3,2,1,2,0,54" ten="45,245,355,345" oya="3" hai0="98,118,44,132,92,82,60,66,110,47,18,94,102" hai1="84,22,52,88,45,35,128,122,0,3,59,108,64" hai2="14,90,4,34,111,81,6,93,100,70,69,13,121" hai3="72,30,46,101,74,28,58,40,109,33,79,112,20"/><W130/><G112/><T131/><D118/><U23/><E35/><V1/><F34/><W38/><G130/><T87/><D131/><U61/><E122/><V73/><F121/><W104/><G33/><T85/><D132/><U124/><E128/><V62/><F111/><W75/><G109/><T31/><D110/><U114/><E108/><V99/><F1/><W49/><G79/><T24/><D18/><U126/><E114/><V129/><F129/><W21/><G101/><T19/><D19/><U9/><E3/><V107/><F6/><W78/><G78/><T77/><D87/><U103/><E103/><V2/><F2/><W117/><G104/><T97/><D24/><U42/><E0/><V96/><F4/><W53/><REACH who="3" step="1"/><G117/><REACH who="3" ten="45,245,355,335" step="2"/><T89/><REACH who="0" step="1"/><D31/><AGARI ba="2,2" hai="20,21,28,30,31,38,40,46,49,53,58,72,74,75" machi="31" ten="40,7700,0" yaku="1,1,2,1,52,1,53,0" doraHai="54" doraHaiUra="15" who="3" fromWho="0" sc="45,-83,245,0,355,0,335,103" owari="-38,-54.0,245,-15.0,355,16.0,438,53.0" /></mjloggm>