<mjloggm ver="2.3"><GO type="41"/><UN n0="%E9%AD%94%E7%A5%9E%E9%A7%95%E7%B5%B6%E9%97%98" n1="%EF%BC%88%E2%89%A7%E2%96%BD%E2%89%A6%EF%BC%89" n2="%E4%BC%BC%E9%9D%9E%E9%81%93%E5%8C%96" n3="%E3%83%A1%E3%82%A4%E3%83%89%E5%A4%A9%E4%BD%BF%E9%95%B7" dan="14,14,16,15" rate="1885,2058,1977,2007" sx="M,M,M,M"/><TAIKYOKU oya="0"/><INIT seed="0,0,0,0,3,134" ten="250,250,250,250" oya="0" hai0="21,93,94,121,129,89,88,75,103,10,53,23,118" hai1="47,70,36,114,68,115,105,133,111,122,79,44,4" hai2="80,3,120,107,52,108,20,22,8,31,19,64,32" hai3="117,77,56,13,112,102,12,14,37,131,74,135,27"/><T99/><D118/><U72/><E105/><V17/><F107/><W50/><G117/><T85/><D121/><U130/><E122/><V65/><F120/><W109/><G112/><N who="1" m="43050" /><E4/><V48/><F108/><W55/><G37/><T132/><D132/><U86/><E133/><V35/><F80/><W26/><G135/><T28/><D75/><U24/><E111/><V54/><F48/><W78/><G109/><T11/><D129/><U73/><E130/><V104/><F104/><W62/><G74/><N who="1" m="28778" /><E24/><N who="3" m="9258" /><G131/><T113/><D113/><U116/><E116/><V60/><F60/><W84/><G102/><T29/><D103/><U69/><E36/><V9/><REACH who="2" step="1"/><F3/><REACH who="2" step="2"/><W125/><G62/><T61/><D61/><U30/><E30/><AGARI ba="0,1" hai="8,9,17,19,20,22,30,31,32,35,52,54,64,65" machi="30" ten="25,12000,2" yaku="1,1,2,1,22,2,54,1,53,2" doraHai="134" doraHaiUra="5" who="2" fromWho="1" sc="250,0,250,-120,240,130,250,0" /><INIT seed="1,0,0,2,2,103" ten="250,130,370,250" oya="1" hai0="13,112,70,2,134,110,108,22,18,32,30,36,106" hai1="124,10,111,67,87,96,83,26,94,129,77,84,58" hai2="114,80,93,99,76,131,133,135,8,3,119,62,73" hai3="78,40,29,11,23,68,115,123,116,101,81,59,21"/><U35/><E124/><V132/><F119/><W24/><G115/><T82/><D82/><U121/><E121/><V14/><F3/><W57/><G68/><T88/><D88/><N who="1" m="55367" /><E35/><V66/><F114/><W109/><G40/><T65/><D36/><U42/><E129/><V38/><F38/><W19/><G11/><T104/><D112/><U71/><E71/><V69/><F131/><W0/><G0/><T122/><D122/><U64/><E111/><N who="0" m="42537" /><D134/><U1/><E1/><V17/><REACH who="2" step="1"/><F133/><REACH who="2" step="2"/><W53/><G109/><T55/><D2/><U86/><E42/><V90/><AGARI ba="0,1" hai="8,14,17,62,66,69,73,76,80,90,93,99,132,135" machi="90" ten="30,4000,0" yaku="1,1,2,1,0,1,53,0" doraHai="103" doraHaiUra="34" who="2" fromWho="2" sc="250,-10,130,-20,360,50,250,-10" /><INIT seed="2,0,0,4,3,72" ten="240,110,410,240" oya="2" hai0="133,31,47,85,123,38,120,15,28,70,11,9,74" hai1="111,96,135,41,130,8,94,73,6,64,84,42,112" hai2="114,61,2,124,62,35,40,14,4,65,23,10,25" hai3="63,69,50,33,60,76,131,86,53,110,81,29,134"/><V17/><F40/><W27/><G134/><T12/><D74/><U21/><E73/><V93/><F114/><W88/><G131/><T126/><D70/><U34/><E34/><V132/><F124/><W48/><G110/><T68/><D68/><U32/><E32/><V127/><F127/><W24/><G69/><T104/><D104/><U19/><E111/><V90/><F65/><W67/><G27/><T49/><D38/><U7/><E135/><V95/><F95/><W83/><G67/><T116/><D126/><U20/><E130/><V22/><F132/><W1/><G50/><T75/><D75/><U82/><E112/><V37/><F37/><W113/><G1/><T46/><D133/><U39/><E64/><V79/><F79/><W58/><REACH who="3" step="1"/><G113/><REACH who="3" step="2"/><T59/><D49/><U18/><E39/><V3/><F3/><W51/><G51/><T121/><D116/><U71/><E71/><V26/><F26/><W44/><G44/><T13/><D59/><U57/><E57/><V119/><F119/><W66/><G66/><T97/><D97/><U129/><E96/><V102/><F35/><W117/><G117/><T36/><D36/><U0/><E0/><V118/><F118/><W87/><AGARI ba="0,1" hai="24,29,33,48,53,58,60,63,76,81,83,86,87,88" machi="87" ten="20,8000,1" yaku="1,1,0,1,7,1,52,1,54,1,53,0" doraHai="72" doraHaiUra="92" who="3" fromWho="3" sc="240,-20,110,-20,410,-40,230,90" /><INIT seed="3,0,0,5,0,41" ten="220,90,370,320" oya="3" hai0="39,113,26,108,42,10,28,17,84,110,98,23,61" hai1="6,5,78,60,121,77,130,133,96,1,81,132,31" hai2="109,59,100,70,73,91,9,62,0,51,14,125,111" hai3="13,116,45,47,71,68,86,20,135,69,65,123,97"/><W38/><G123/><T25/><D113/><U63/><E121/><V49/><F73/><W115/><G116/><T95/><D84/><U75/><E130/><V124/><F0/><W44/><G38/><T83/><D83/><U33/><E96/><V92/><F100/><W119/><G119/><T72/><D72/><U50/><E50/><N who="2" m="18955" /><F70/><W80/><G115/><T57/><D39/><U2/><E75/><V74/><F74/><W112/><G112/><T56/><D42/><U43/><E43/><V134/><F91/><W36/><G36/><T24/><D10/><U46/><E81/><V48/><F48/><W66/><G97/><T79/><D79/><U102/><E102/><V30/><F92/><W88/><REACH who="3" step="1"/><G135/><REACH who="3" step="2"/><T99/><D99/><U122/><E122/><V127/><F134/><W118/><G118/><T35/><D26/><U15/><E33/><V3/><F125/><W104/><G104/><T27/><D27/><U126/><E126/><V107/><F124/><W85/><G85/><T90/><REACH who="0" step="1"/><D56/><REACH who="0" step="2"/><U18/><E133/><V120/><F59/><W67/><G67/><AGARI ba="0,2" hai="17,23,24,25,28,35,57,61,67,90,95,98,108,110" machi="67" ten="40,5200,0" yaku="1,1,2,1,53,1" doraHai="41" doraHaiUra="52" who="0" fromWho="3" sc="210,72,90,0,370,0,310,-52" /><INIT seed="4,0,0,0,4,103" ten="282,90,370,258" oya="0" hai0="108,113,30,23,114,47,17,61,49,31,110,39,73" hai1="75,34,132,21,33,41,92,120,11,55,77,57,72" hai2="6,130,100,126,36,98,10,99,80,0,79,133,117" hai3="115,13,32,88,67,124,12,129,4,44,1,85,38"/><T95/><D73/><U69/><E120/><V3/><F117/><W125/><G32/><T54/><D95/><U63/><E132/><V35/><F35/><W94/><G67/><T127/><D127/><N who="3" m="48713" /><G129/><T43/><D17/><U52/><E69/><V42/><F130/><W14/><G115/><N who="0" m="44043" /><D23/><U78/><E41/><V25/><F126/><W9/><G1/><T68/><D31/><U50/><E11/><V26/><F0/><W90/><G90/><T7/><D7/><U60/><E92/><V107/><F98/><W58/><G58/><N who="0" m="33103" /><D30/><U18/><E18/><V59/><F59/><W15/><G38/><T87/><D87/><U101/><E57/><V86/><REACH who="2" step="1"/><F133/><REACH who="2" step="2"/><W2/><G2/><T45/><D45/><AGARI ba="0,1" hai="3,6,10,25,26,36,42,45,79,80,86,99,100,107" machi="45" ten="40,8000,1" yaku="1,1,2,1,52,1,53,1" doraHai="103" doraHaiUra="102" who="2" fromWho="0" sc="282,-80,90,0,360,90,258,0" /><AGARI ba="0,0" hai="4,9,12,13,14,15,44,45,85,88,94" m="48713" machi="45" ten="30,2000,0" yaku="18,1,54,1" doraHai="103" who="3" fromWho="0" sc="202,-20,90,0,450,0,258,20" /><INIT seed="5,0,0,5,1,31" ten="182,90,450,278" oya="1" hai0="99,82,66,126,11,75,44,48,13,33,50,19,30" hai1="88,106,116,8,62,39,111,76,32,16,34,0,41" hai2="123,70,64,89,79,128,7,133,72,95,51,60,113" hai3="40,68,131,74,121,127,114,93,5,117,101,132,97"/><U37/><E116/><V105/><F105/><W23/><G68/><T81/><D126/><U69/><E88/><V1/><F123/><W43/><G74/><T119/><D119/><U46/><E111/><V77/><F128/><W38/><G121/><T91/><D66/><N who="1" m="41175" /><E16/><V26/><F26/><W21/><G38/><T54/><D75/><U36/><E76/><V118/><F51/><W61/><G117/><T58/><D99/><U17/><E17/><V120/><F120/><W100/><G131/><T18/><D18/><U78/><E78/><V135/><F77/><W35/><G35/><N who="1" m="13354" /><E106/><V108/><F79/><W92/><G5/><AGARI ba="0,0" hai="0,5,8,36,37,39,41,46" m="13354,41175" machi="5" ten="30,12000,1" yaku="33,2,52,3" doraHai="31" who="1" fromWho="3" sc="182,0,90,120,450,0,278,-120" /><INIT seed="5,1,0,5,4,67" ten="182,210,450,158" oya="1" hai0="6,22,77,100,4,84,17,26,88,13,93,21,119" hai1="86,59,7,38,62,49,58,28,132,55,16,101,95" hai2="113,118,23,41,42,44,81,68,109,87,18,117,5" hai3="70,37,25,43,73,8,24,91,71,90,52,80,129"/><U35/><E38/><V112/><F68/><W106/><G106/><T111/><D119/><U74/><E74/><V110/><F5/><W12/><G73/><T39/><D39/><U50/><E132/><V115/><F87/><W3/><G3/><T99/><D77/><U135/><E135/><V31/><F81/><W32/><G129/><T126/><D126/><U130/><E130/><V131/><F31/><W97/><G43/><N who="2" m="16393" /><F44/><W120/><G37/><T103/><D103/><U82/><E7/><V10/><F10/><W124/><G124/><T102/><D102/><U105/><E105/><V107/><F107/><W79/><G120/><T75/><D75/><U14/><E28/><V64/><F64/><W98/><G32/><T96/><D111/><N who="2" m="42506" /><F131/><W122/><G122/><T48/><D48/><U9/><E35/><V20/><F18/><W114/><G79/><T85/><D85/><U125/><E125/><V60/><F60/><W47/><G80/><T45/><D45/><U134/><E134/><V34/><F34/><W29/><G29/><T15/><D15/><U63/><E95/><V51/><F51/><W108/><G108/><T94/><REACH who="0" step="1"/><D84/><REACH who="0" step="2"/><U2/><E2/><V89/><F89/><W133/><G91/><T27/><D27/><U57/><E101/><V76/><F76/><W1/><G90/><T83/><D83/><U69/><E82/><V66/><F118/><W46/><G25/><T121/><D121/><U36/><E36/><V56/><F117/><W104/><G24/><T72/><D72/><U128/><E128/><V33/><F33/><W30/><G133/><RYUUKYOKU ba="1,1" sc="172,15,210,-15,450,15,158,-15" hai0="4,6,13,17,21,22,26,88,93,94,96,99,100" hai2="20,23,56,66,112,113,115" /><INIT seed="6,2,1,0,3,30" ten="187,195,465,143" oya="2" hai0="106,38,97,86,39,74,72,56,33,41,18,37,117" hai1="103,7,16,109,129,131,93,90,98,124,82,48,65" hai2="89,24,132,84,115,55,35,20,127,94,69,121,57" hai3="101,6,31,88,5,3,12,2,61,92,80,105,8"/><V111/><F69/><W53/><G31/><T100/><D117/><U44/><E109/><V87/><F121/><W78/><G105/><T130/><D130/><N who="1" m="49675" /><E124/><V52/><F127/><W50/><G101/><T95/><D41/><N who="1" m="24591" /><E7/><V116/><F116/><W99/><G61/><T1/><D1/><U42/><E42/><V14/><F111/><W125/><G125/><T96/><D86/><N who="1" m="50519" /><E65/><V26/><F87/><W32/><G32/><T64/><D18/><AGARI ba="2,1" hai="16,18,93,98,103" m="50519,24591,49675" machi="18" ten="30,2000,0" yaku="19,1,54,1" doraHai="30" who="1" fromWho="0" sc="187,-26,195,36,465,0,143,0" /><INIT seed="7,0,0,3,3,73" ten="161,231,465,143" oya="3" hai0="125,4,18,120,45,35,38,84,20,66,104,90,7" hai1="40,111,91,129,49,107,22,63,28,123,0,57,89" hai2="51,11,41,23,99,44,130,128,5,58,97,70,106" hai3="132,88,100,135,26,17,60,71,33,122,65,15,52"/><W42/><G122/><T109/><D35/><U113/><E0/><V121/><F70/><W69/><G42/><T115/><D104/><U96/><E123/><V68/><F68/><W98/><G71/><T47/><D109/><U82/><E111/><V133/><F121/><W72/><G72/><T131/><D120/><U29/><E129/><N who="2" m="49771" /><F133/><N who="3" m="51275" /><G33/><T59/><D131/><U3/><E49/><V50/><F23/><N who="3" m="11711" /><G26/><T78/><D38/><U103/><E107/><V2/><F106/><N who="3" m="63767" /><G88/><T124/><D66/><U8/><E91/><V53/><AGARI ba="0,0" hai="2,5,11,41,44,50,51,53,58,97,99" m="49771" machi="53" ten="30,1100,0" yaku="19,1" doraHai="73" who="2" fromWho="2" sc="161,-3,231,-3,465,11,143,-5" owari="158,-24,228,3,476,57,138,-36" /></mjloggm>