<mjloggm ver="2.3"><GO type="169" lobby="0"/><UN n0="%EF%BC%88%E2%89%A7%E2%96%BD%E2%89%A6%EF%BC%89" n1="%E3%82%AA%E3%82%BA%E3%82%B0%E3%83%AB%E3%83%BC%E3%83%97" n2="%4B%E3%80%82" n3="%E3%82%AF%E3%83%A9" dan="18,16,17,17" rate="2146.90,2111.20,2133.96,2100.43" sx="F,M,M,M"/><TAIKYOKU oya="0"/><INIT seed="0,0,0,5,1,28" ten="250,250,250,250" oya="0" hai0="111,43,1,15,75,66,71,14,119,125,88,76,124" hai1="65,129,73,32,52,132,39,22,74,84,134,49,12" hai2="85,98,13,104,68,121,127,40,23,103,87,31,7" hai3="45,10,101,115,21,55,64,89,3,81,11,53,86"/><T122/><D1/><U108/><E39/><V17/><F121/><W50/><G115/><T117/><D43/><U16/><E65/><V61/><F127/><N who="0" m="48714" /><D122/><U94/><E129/><V24/><F40/><W30/><G64/><T8/><D14/><U90/><E108/><V42/><F42/><W51/><G101/><T70/><D111/><U48/><E48/><V72/><F72/><W35/><G35/><T123/><D123/><U107/><E32/><V37/><F37/><W6/><G11/><T105/><D105/><U33/><E33/><V0/><F0/><W113/><G113/><T93/><D76/><U59/><E107/><V100/><F100/><W38/><G38/><T60/><D75/><AGARI ba="0,0" hai="12,16,22,49,52,59,73,74,75,84,90,94,132,134" machi="75" ten="40,8000,1" yaku="25,2,54,2" doraHai="28" who="1" fromWho="0" sc="250,-80,250,80,250,0,250,0" /><INIT seed="1,0,0,4,5,109" ten="170,330,250,250" oya="1" hai0="24,9,18,4,3,7,48,0,98,10,23,19,126" hai1="107,38,116,111,59,8,17,94,46,60,73,103,27" hai2="67,77,99,14,37,26,130,34,122,32,63,101,132" hai3="120,54,110,115,44,134,35,6,104,131,127,133,113"/><U16/><E116/><V66/><F122/><W43/><G104/><T20/><D48/><U112/><E73/><V30/><F37/><N who="3" m="21615" /><G35/><T100/><D98/><U56/><E107/><V53/><F132/><N who="3" m="50795" /><G120/><T114/><D100/><U80/><E111/><V75/><F130/><W79/><G110/><T87/><D87/><U89/><E103/><V65/><F32/><W84/><G131/><T128/><D128/><U90/><E80/><V21/><F75/><W117/><G117/><T92/><D92/><U52/><E89/><V74/><F74/><W118/><G118/><T83/><D83/><U97/><E59/><V82/><F77/><W64/><G64/><T86/><D86/><U45/><E38/><V85/><F82/><N who="3" m="47199" /><G127/><T62/><D126/><U70/><E70/><V13/><F85/><W61/><G6/><T11/><D62/><U15/><E112/><V2/><F66/><W102/><G102/><T72/><D72/><U88/><E90/><V81/><F81/><W58/><AGARI ba="0,0" hai="54,58,61,113,115" m="47199,50795,21615" machi="58" ten="30,4000,0" yaku="20,1,52,2" doraHai="109" who="3" fromWho="3" sc="170,-10,330,-20,250,-10,250,40" /><INIT seed="2,0,0,2,5,24" ten="160,310,240,290" oya="2" hai0="98,77,60,8,45,6,93,89,84,94,102,5,33" hai1="112,39,80,0,119,35,79,135,110,126,71,92,17" hai2="30,11,107,122,26,117,2,64,61,19,131,13,129" hai3="43,41,12,81,82,7,32,86,97,18,68,132,69"/><V34/><F122/><W114/><G132/><T16/><D33/><U74/><E92/><V54/><F107/><W103/><G7/><T99/><D60/><U108/><E17/><V57/><F117/><W130/><G130/><T38/><D38/><U37/><E80/><V96/><F96/><W42/><G32/><T111/><D111/><U4/><E79/><V134/><F134/><W3/><G3/><T105/><D45/><U10/><E4/><V67/><REACH who="2" step="1"/><F2/><REACH who="2" ten="160,310,230,290" step="2"/><W116/><G116/><T1/><D1/><U50/><E0/><V85/><F85/><W31/><G86/><T123/><D123/><U127/><E119/><V28/><F28/><W66/><G31/><T115/><D115/><U88/><E112/><V100/><F100/><W62/><G114/><T40/><D105/><U118/><E118/><V55/><F55/><W87/><G87/><T76/><D84/><U23/><E135/><V21/><F21/><W36/><G97/><T59/><D98/><U125/><E23/><V75/><F75/><W72/><G103/><T49/><D102/><U65/><E74/><V109/><F109/><W70/><G72/><T104/><D104/><U113/><E110/><V44/><F44/><N who="3" m="23591" /><G82/><T53/><D94/><U20/><E108/><V121/><F121/><W47/><G81/><T128/><D128/><AGARI ba="0,1" hai="11,13,19,26,30,34,54,57,61,64,67,128,129,131" machi="128" ten="40,12000,1" yaku="1,1,19,1,52,1,53,1" doraHai="24" doraHaiUra="9" who="2" fromWho="0" sc="160,-120,310,0,230,130,290,0" /><INIT seed="2,1,0,0,4,4" ten="40,310,360,290" oya="2" hai0="121,100,88,133,89,59,114,41,16,36,77,40,23" hai1="6,104,122,115,113,49,78,48,38,82,33,118,11" hai2="31,101,22,130,80,1,13,72,3,76,53,61,32" hai3="71,120,117,30,27,17,63,47,85,107,67,26,29"/><V58/><F130/><W19/><G120/><T66/><D121/><U28/><E122/><V93/><F32/><W81/><G107/><T98/><D114/><U37/><E118/><V42/><F42/><N who="0" m="16490" /><D36/><U99/><E48/><V43/><F43/><W110/><G47/><T109/><D109/><U57/><E49/><V111/><F111/><W34/><G117/><T69/><D69/><U90/><E57/><V116/><F116/><W70/><G70/><T125/><D125/><U25/><E90/><V131/><F131/><W7/><G7/><T62/><D77/><U14/><E115/><V135/><F135/><W94/><G94/><N who="0" m="58455" /><D133/><U106/><E113/><V35/><F35/><W44/><G44/><T2/><D2/><U65/><E65/><V8/><F3/><W84/><G110/><T128/><D128/><U129/><E129/><V46/><F1/><W68/><G68/><T126/><D126/><U95/><E106/><V50/><F46/><W73/><G73/><T112/><D112/><U96/><E104/><V86/><F72/><W119/><G119/><T64/><D64/><U74/><REACH who="1" step="1"/><E99/><REACH who="1" ten="40,300,360,290" step="2"/><N who="2" m="59631" /><F50/><W75/><G71/><T108/><D108/><U105/><E105/><V127/><F127/><W55/><G67/><T134/><D134/><U15/><E15/><AGARI ba="1,1" hai="15,16,23,59,62,66,88,89" m="58455,16490" machi="15" ten="30,3900,0" yaku="8,1,54,2" doraHai="4" who="0" fromWho="1" sc="40,52,300,-42,360,0,290,0" /><INIT seed="3,0,0,4,1,108" ten="92,258,360,290" oya="3" hai0="106,100,84,50,122,56,23,80,20,113,30,111,79" hai1="33,75,112,68,37,24,34,53,8,123,7,15,5" hai2="77,11,64,54,55,51,61,36,4,92,95,105,18" hai3="107,96,99,2,6,116,98,28,14,44,21,89,129"/><W82/><G116/><T134/><D122/><U26/><E37/><V39/><F105/><W69/><G2/><T78/><D111/><U25/><E68/><V10/><F77/><W52/><G69/><T85/><D134/><U1/><E75/><V117/><F117/><W12/><G129/><T35/><D35/><N who="1" m="13323" /><E53/><V104/><F104/><W109/><G109/><T126/><D126/><U38/><E38/><V66/><F18/><W110/><G107/><T45/><D56/><U65/><E65/><V46/><F39/><W70/><G70/><T17/><D30/><U41/><E41/><V74/><F74/><W87/><G6/><T124/><D124/><U115/><E123/><V16/><F36/><W58/><G44/><T48/><D106/><U32/><N who="1" m="13331" /><U57/><DORA hai="114" /><E57/><N who="2" m="35007" /><F4/><W62/><G110/><T29/><D29/><U19/><E7/><V133/><F64/><W59/><G59/><T60/><D79/><U83/><E83/><V73/><F73/><W47/><G47/><T103/><D78/><U63/><E63/><V130/><F66/><W91/><G91/><T121/><D60/><U3/><E3/><V81/><F81/><W22/><G28/><T49/><D80/><U43/><E43/><V90/><F90/><W101/><G101/><T72/><D121/><U67/><E67/><V119/><F95/><W127/><G127/><T135/><D100/><U102/><E102/><V88/><F92/><W31/><G31/><T118/><D103/><U94/><E94/><V128/><F88/><W132/><G89/><T131/><D118/><U42/><E42/><RYUUKYOKU ba="0,0" sc="92,-10,258,30,360,-10,290,-10" hai1="1,5,8,15,19,24,25,26,112,115" /><INIT seed="4,1,0,5,5,20" ten="82,288,350,280" oya="0" hai0="17,80,1,105,37,7,8,49,115,58,47,40,116" hai1="129,121,119,55,86,135,2,112,43,113,28,53,45" hai2="96,65,92,62,32,56,132,118,38,77,16,27,88" hai3="76,26,89,41,73,34,35,44,91,12,25,59,18"/><T69/><D116/><U78/><E2/><V36/><F118/><W127/><G127/><T128/><D115/><N who="1" m="44107" /><E119/><V39/><F132/><W101/><G101/><T51/><D128/><U79/><E121/><V57/><F77/><N who="1" m="29193" /><E129/><V81/><F81/><W111/><G111/><T48/><D105/><U68/><E135/><V120/><F120/><W9/><G34/><T87/><D69/><U63/><E86/><V4/><F4/><W110/><G35/><T10/><D10/><U24/><E63/><V6/><F6/><W99/><G76/><T29/><D29/><U54/><E68/><V52/><F32/><W134/><G73/><T5/><D5/><U131/><E131/><V114/><F114/><W11/><G11/><T70/><D70/><U83/><E83/><V82/><F82/><W126/><G126/><T108/><D108/><U125/><E125/><V67/><REACH who="2" step="1"/><F57/><REACH who="2" ten="82,288,340,280" step="2"/><W98/><G59/><T123/><D123/><U122/><E122/><V3/><F3/><W74/><G134/><T30/><D58/><U75/><E75/><V60/><F60/><W13/><G74/><T85/><D80/><U21/><E45/><V130/><F130/><W22/><G44/><T84/><REACH who="0" step="1"/><D30/><REACH who="0" ten="72,288,340,280" step="2"/><U14/><E28/><V0/><F0/><W93/><G110/><T50/><N who="0" m="12288" /><DORA hai="104" /><T106/><D106/><U33/><E33/><V31/><F31/><W61/><G61/><T133/><D133/><U72/><E43/><V109/><F109/><W95/><G41/><T15/><D15/><U100/><E14/><N who="3" m="5738" /><G9/><T19/><AGARI ba="1,2" hai="1,7,8,17,19,37,40,47,84,85,87" m="12288" machi="19" ten="50,4800,0" yaku="1,1,0,1,53,0" doraHai="20,104" doraHaiUra="23,117" who="0" fromWho="0" sc="72,71,288,-17,340,-17,280,-17" /><INIT seed="4,2,0,2,1,50" ten="143,271,323,263" oya="0" hai0="45,74,27,40,111,12,95,130,70,6,43,9,132" hai1="29,92,84,37,2,98,82,64,18,39,69,38,114" hai2="105,99,25,134,104,100,42,135,34,131,36,22,96" hai3="60,106,87,76,89,85,109,48,23,80,30,17,128"/><T5/><D74/><U66/><E2/><V47/><F131/><W33/><G109/><T28/><D111/><U116/><E116/><V0/><F0/><W32/><G106/><T65/><D130/><U103/><E69/><V49/><F49/><W61/><G128/><T93/><D132/><N who="2" m="50730" /><F34/><W19/><G30/><T21/><D5/><U102/><E102/><N who="2" m="62559" /><F22/><W59/><G48/><T68/><D40/><U107/><E29/><V3/><F3/><W94/><G61/><T133/><D133/><U81/><E18/><V10/><F25/><W31/><G31/><T1/><D1/><U20/><E20/><V41/><F41/><W91/><G76/><T127/><D127/><U110/><E110/><V78/><F78/><W115/><G17/><T71/><REACH who="0" step="1"/><D65/><REACH who="0" ten="133,271,323,263" step="2"/><U118/><E66/><V123/><F123/><W97/><G115/><T62/><D62/><U4/><E64/><V53/><F53/><W121/><G121/><T126/><D126/><U46/><E114/><V55/><F55/><W56/><G60/><T72/><D72/><U13/><E4/><V90/><F42/><W120/><G120/><T73/><D73/><U63/><E63/><V83/><F36/><AGARI ba="2,1" hai="6,9,12,21,27,28,36,43,45,68,70,71,93,95" machi="36" ten="40,3900,0" yaku="1,1,53,1" doraHai="50" doraHaiUra="11" who="0" fromWho="2" sc="133,55,271,0,323,-45,263,0" /><INIT seed="4,3,0,2,4,104" ten="188,271,278,263" oya="0" hai0="119,2,4,103,97,39,7,100,135,113,66,87,46" hai1="128,69,0,68,38,20,51,12,115,42,125,23,72" hai2="130,116,71,93,120,30,95,36,33,110,133,63,41" hai3="52,40,62,43,80,10,81,129,6,132,8,50,83"/><T124/><D119/><U24/><E0/><V67/><F110/><W25/><G132/><T131/><D135/><U77/><E38/><V105/><F133/><W1/><G129/><T18/><D131/><U114/><E128/><V74/><F120/><W58/><G25/><T123/><D123/><U16/><E125/><V73/><F130/><W31/><G31/><T56/><D124/><U27/><E42/><V122/><F122/><W49/><G49/><T88/><D113/><N who="1" m="43019" /><E51/><V45/><F116/><W98/><G10/><T106/><D2/><U34/><E34/><V91/><F95/><W76/><G76/><T85/><D85/><U107/><E107/><V17/><F17/><W96/><REACH who="3" step="1"/><G50/><REACH who="3" ten="188,271,278,253" step="2"/><T26/><D26/><N who="1" m="9771" /><E23/><V99/><F30/><W118/><G118/><T78/><D39/><U117/><E117/><V60/><F33/><W101/><G101/><T92/><D103/><U108/><E108/><V19/><F19/><W13/><G13/><T32/><D18/><U65/><E65/><V35/><F35/><W102/><G102/><T70/><D32/><U48/><E48/><V54/><REACH who="2" step="1"/><F105/><REACH who="2" ten="188,271,268,253" step="2"/><W15/><G15/><T126/><D106/><U84/><E84/><V61/><F61/><W53/><G53/><T21/><D87/><U29/><E29/><V112/><F112/><W14/><G14/><T11/><D126/><U79/><E79/><V86/><F86/><W37/><G37/><T28/><D78/><U94/><E94/><V22/><F22/><W59/><G59/><AGARI ba="3,2" hai="36,41,45,54,59,60,63,67,71,73,74,91,93,99" machi="59" ten="40,5200,0" yaku="1,1,52,2,53,0" doraHai="104" doraHaiUra="75" who="2" fromWho="3" sc="188,0,271,0,268,81,253,-61" /><INIT seed="5,0,0,1,0,41" ten="188,271,349,192" oya="1" hai0="35,65,79,29,13,3,122,49,115,111,74,107,4" hai1="82,71,50,37,80,133,42,39,28,62,88,16,31" hai2="125,9,87,92,57,6,32,2,110,134,97,5,73" hai3="77,135,127,54,0,93,14,131,64,95,94,123,116"/><U113/><E133/><V51/><F110/><W55/><G0/><T104/><D13/><U11/><E113/><V15/><F73/><W96/><G123/><T45/><D111/><U47/><E39/><V117/><F117/><W121/><G121/><T8/><D122/><U90/><E37/><V69/><F69/><W106/><G116/><T101/><D115/><U84/><E71/><V130/><F134/><W75/><G135/><T25/><D65/><U30/><E62/><V114/><F114/><W46/><G131/><T108/><D108/><U26/><E82/><V38/><F38/><W7/><G127/><T12/><D101/><U48/><E48/><V119/><F119/><W105/><G64/><T52/><REACH who="0" step="1"/><D3/><REACH who="0" ten="178,271,349,192" step="2"/><U1/><E1/><V61/><F2/><W129/><G129/><T19/><D19/><U22/><E11/><V128/><F130/><W89/><G14/><T21/><D21/><U66/><E66/><V20/><F128/><W112/><G112/><T109/><D109/><U53/><E42/><V27/><F32/><W23/><G23/><T118/><D118/><U36/><E36/><V63/><F20/><W44/><G7/><T124/><D124/><U40/><E40/><V24/><F6/><W10/><G10/><T102/><D102/><U43/><E43/><V100/><F125/><W76/><G75/><T33/><D33/><U126/><E126/><V85/><F27/><W67/><G67/><T86/><D86/><N who="2" m="32778" /><F24/><W18/><G18/><T78/><D78/><AGARI ba="0,1" hai="16,22,26,28,30,31,47,50,53,78,80,84,88,90" machi="78" ten="40,12000,1" yaku="8,1,52,1,54,2" doraHai="41" who="1" fromWho="0" sc="178,-120,271,130,349,0,192,0" /><INIT seed="5,1,0,4,2,98" ten="58,401,349,192" oya="1" hai0="114,73,9,100,110,95,124,26,68,53,80,123,132" hai1="72,88,64,78,62,128,1,25,43,12,57,13,44" hai2="109,77,52,47,81,93,126,42,122,92,67,125,14" hai3="35,45,112,2,115,107,120,75,56,105,55,127,94"/><U97/><E1/><V65/><F109/><W60/><G120/><T23/><D110/><U111/><E128/><V4/><F122/><W11/><G75/><T99/><D123/><U90/><E111/><V40/><F4/><N who="3" m="1431" /><G35/><T118/><D118/><U29/><E72/><V121/><F121/><W37/><G127/><N who="2" m="48649" /><F14/><W101/><G37/><T30/><D124/><U134/><E78/><V33/><F33/><W89/><G45/><T46/><D132/><U86/><E134/><V133/><F133/><W117/><G101/><T129/><D129/><U102/><E90/><V22/><F22/><W51/><G60/><T96/><D114/><N who="3" m="43561" /><G117/><T27/><D68/><U49/><E25/><V130/><F130/><W135/><G135/><T41/><D26/><U21/><E29/><V7/><F7/><W8/><G8/><T10/><D53/><U19/><E13/><V28/><F52/><W66/><G66/><T104/><D73/><U3/><E3/><V50/><F28/><W61/><G61/><T34/><D34/><U0/><E0/><V119/><F40/><W83/><G83/><T76/><D80/><N who="1" m="49223" /><E97/><AGARI ba="1,0" hai="51,55,56,89,94,97,105,107" m="43561,1431" machi="97" ten="30,1000,0" yaku="15,1" doraHai="98" who="3" fromWho="1" sc="58,0,401,-13,349,0,192,13" /><INIT seed="6,0,0,4,4,94" ten="58,388,349,205" oya="2" hai0="36,61,90,112,32,18,91,126,66,59,48,42,17" hai1="25,119,84,114,130,44,53,105,108,10,26,127,104" hai2="89,120,46,20,63,133,47,4,22,134,93,0,12" hai3="45,40,110,109,116,74,86,43,37,96,95,19,56"/><V98/><F120/><W55/><G116/><T54/><D126/><U87/><E119/><V78/><F78/><W67/><G74/><T6/><D32/><U7/><E108/><V118/><F118/><W5/><G5/><T82/><D112/><U115/><E127/><V30/><F0/><W77/><G43/><T2/><D2/><U107/><E130/><V62/><F4/><W21/><G67/><T38/><D6/><U73/><E73/><V129/><F129/><W72/><G86/><N who="1" m="32810" /><E44/><N who="2" m="16939" /><F12/><W135/><G135/><N who="2" m="51721" /><F30/><W50/><G77/><T29/><D29/><U24/><E53/><V11/><F11/><W31/><G31/><T117/><D117/><U57/><E57/><V28/><F28/><W75/><G110/><T34/><D34/><U33/><E33/><V49/><F49/><W27/><REACH who="3" step="1"/><G109/><REACH who="3" ten="58,388,349,195" step="2"/><T16/><D42/><U76/><E7/><V71/><F71/><W15/><G15/><T122/><D122/><U23/><E76/><V35/><F35/><W131/><G131/><T124/><D124/><U85/><E115/><V100/><F100/><AGARI ba="0,1" hai="19,21,27,37,40,45,50,55,56,72,75,95,96,100" machi="100" ten="30,3900,0" yaku="1,1,7,1,52,1,53,0" doraHai="94" doraHaiUra="79" who="3" fromWho="2" sc="58,0,388,0,349,-39,195,49" /><INIT seed="7,0,0,5,0,107" ten="58,388,310,244" oya="3" hai0="45,111,34,28,2,91,120,19,132,131,124,118,59" hai1="10,84,35,100,8,116,40,126,50,65,85,69,31" hai2="134,113,43,1,3,130,99,27,39,29,0,23,36" hai3="58,47,56,73,4,38,109,133,127,108,37,66,89"/><W95/><G4/><T104/><D45/><U119/><E126/><V103/><F113/><W102/><G102/><T16/><D59/><N who="3" m="22569" /><G127/><T112/><D91/><U70/><E100/><V54/><F130/><W18/><G66/><T60/><D60/><U110/><E35/><V33/><F134/><W61/><G61/><T42/><D16/><U78/><E31/><V13/><F54/><W106/><G106/><T77/><D19/><U123/><E65/><V20/><F13/><W121/><G121/><T49/><D49/><U17/><E17/><V129/><F129/><W41/><G133/><T12/><D12/><U117/><E123/><V80/><F80/><W14/><G38/><T21/><D21/><U128/><E128/><V96/><F96/><N who="3" m="57455" /><G14/><T94/><D94/><U55/><E40/><V92/><REACH who="2" step="1"/><F39/><REACH who="2" ten="58,388,300,244" step="2"/><W79/><G18/><T46/><D46/><AGARI ba="0,1" hai="0,1,3,20,23,27,29,33,36,43,46,92,99,103" machi="46" ten="40,2600,0" yaku="1,1,2,1,53,0" doraHai="107" doraHaiUra="57" who="2" fromWho="0" sc="58,-26,388,0,300,36,244,0" owari="32,-47.0,388,49.0,336,14.0,244,-16.0" /></mjloggm>