<mjloggm ver="2.3"><GO type="169" lobby="0"/><UN n0="%6B%6F%68%73%68%69" n1="%E5%A0%80%E3%82%B9%E3%82%B9%E3%83%A0" n2="%EF%BC%88%E2%89%A7%E2%96%BD%E2%89%A6%EF%BC%89" n3="%E3%80%9D%73%68%69%6E" dan="16,16,17,18" rate="2125.80,2109.64,2149.93,2167.44" sx="M,M,M,M"/><TAIKYOKU oya="0"/><INIT seed="0,0,0,2,4,123" ten="250,250,250,250" oya="0" hai0="93,44,85,119,92,115,13,121,99,113,112,103,134" hai1="47,128,19,116,89,5,91,133,100,126,69,101,23" hai2="28,9,118,125,30,35,122,29,80,94,114,31,130" hai3="48,73,66,109,54,53,56,63,33,45,41,70,15"/><T12/><D121/><U86/><E116/><V71/><F122/><W64/><G33/><T84/><D119/><U83/><E69/><V62/><F118/><W10/><G73/><T87/><D134/><U96/><E133/><V4/><F114/><W97/><G109/><T78/><D44/><U57/><E128/><V104/><F104/><W127/><G127/><T111/><D13/><U8/><E126/><V46/><F46/><W102/><G66/><T38/><D12/><N who="1" m="5135" /><E47/><V74/><F74/><W75/><G75/><T60/><D60/><U50/><E50/><V17/><F62/><W110/><G110/><T98/><D38/><U90/><E57/><V52/><F71/><W58/><G70/><T88/><REACH who="0" step="1"/><D111/><REACH who="0" ten="240,250,250,250" step="2"/><U32/><E32/><V18/><F35/><W117/><G117/><T135/><D135/><U2/><E2/><V107/><F125/><W106/><G58/><T61/><D61/><U26/><E96/><V55/><F130/><W95/><REACH who="3" step="1"/><G106/><REACH who="3" ten="240,250,250,240" step="2"/><T6/><D6/><AGARI ba="0,2" hai="6,10,15,41,45,48,53,54,56,63,64,95,97,102" machi="6" ten="30,8000,1" yaku="1,1,2,1,7,1,8,1,53,1" doraHai="123" doraHaiUra="59" who="3" fromWho="0" sc="240,-80,250,0,250,0,240,100" /><INIT seed="1,0,0,1,2,18" ten="160,250,250,340" oya="1" hai0="69,120,20,134,41,100,108,76,129,77,99,116,104" hai1="21,35,106,32,84,95,56,110,68,124,130,52,91" hai2="133,5,11,14,62,119,79,72,30,132,97,17,67" hai3="16,114,2,19,22,90,59,70,39,92,4,24,86"/><U103/><E68/><V131/><F119/><W0/><G70/><T48/><D116/><U42/><E42/><V125/><F125/><W37/><G114/><T96/><D120/><U26/><E124/><V10/><F131/><W109/><G109/><T55/><D69/><U28/><E130/><V29/><F97/><W45/><G59/><T102/><D129/><U7/><E7/><V87/><F72/><W118/><G118/><T122/><D122/><U88/><E110/><V127/><F127/><W31/><G19/><T105/><D108/><U113/><E113/><V38/><F38/><W49/><G31/><T81/><D134/><N who="2" m="51818" /><F87/><W40/><REACH who="3" step="1"/><G4/><REACH who="3" ten="160,250,250,330" step="2"/><T33/><D33/><U47/><E47/><V65/><F29/><W78/><G78/><T9/><D77/><U71/><E71/><N who="2" m="42423" /><F79/><W23/><G23/><T94/><D20/><U36/><E32/><V3/><F30/><W123/><G123/><T43/><D76/><U34/><E34/><V46/><F46/><W82/><G82/><T93/><D81/><U44/><E35/><V74/><F74/><W58/><G58/><T126/><D126/><U60/><E56/><V75/><F75/><W107/><G107/><T128/><D105/><U101/><E106/><V57/><F57/><W64/><G64/><AGARI ba="0,1" hai="3,5,10,11,14,17,64,67" m="42423,51818" machi="64" ten="30,1000,0" yaku="20,1" doraHai="18" who="2" fromWho="3" sc="160,0,250,0,250,20,330,-10" /><INIT seed="2,0,0,1,3,31" ten="160,250,270,320" oya="2" hai0="3,24,107,129,2,105,1,59,32,112,18,10,113" hai1="83,110,27,57,45,42,117,134,125,50,126,35,29" hai2="51,131,84,109,128,100,106,102,124,21,20,92,17" hai3="54,94,36,26,87,22,28,71,37,86,40,13,72"/><V99/><F124/><N who="1" m="47721" /><E117/><V60/><F109/><W30/><G72/><T98/><D59/><U82/><E110/><V34/><F60/><W90/><G71/><T48/><D48/><U119/><E134/><V123/><F123/><W43/><G28/><T127/><D127/><U88/><E119/><V53/><F34/><W46/><G13/><T66/><D66/><U63/><E88/><N who="2" m="53255" /><F102/><W12/><G12/><N who="0" m="7447" /><D98/><U79/><E79/><V101/><F101/><W121/><G121/><T44/><D44/><U132/><E132/><V4/><F4/><W104/><G104/><T93/><D93/><U61/><E61/><V120/><F120/><W115/><G37/><T122/><D107/><U15/><E15/><N who="2" m="9279" /><F21/><W47/><G36/><T111/><D105/><U91/><E91/><V9/><F9/><W23/><G22/><T76/><D122/><U16/><E16/><V25/><F25/><W62/><G26/><T73/><D111/><U8/><E8/><V70/><F70/><W89/><G23/><T58/><D76/><U67/><AGARI ba="0,0" hai="27,29,35,42,45,50,57,63,67,82,83" m="47721" machi="67" ten="30,2000,0" yaku="18,1,52,1" doraHai="31" who="1" fromWho="1" sc="160,-5,250,20,270,-10,320,-5" /><INIT seed="3,0,0,3,1,49" ten="155,270,260,315" oya="3" hai0="1,78,53,65,24,56,38,29,61,43,25,126,91" hai1="18,127,120,5,75,34,35,15,112,122,32,133,98" hai2="23,3,90,93,51,31,21,86,116,48,119,82,88" hai3="17,57,76,121,117,99,80,110,50,71,124,7,105"/><W54/><G121/><T36/><D126/><U131/><E75/><V41/><F3/><W125/><G71/><T11/><D78/><U22/><E98/><N who="2" m="57639" /><F119/><W45/><G117/><T102/><D91/><U77/><E77/><V37/><F37/><W10/><G110/><T69/><D102/><U12/><E112/><V107/><F107/><W79/><G17/><T4/><D43/><U134/><E127/><N who="3" m="48714" /><G80/><T30/><D25/><U94/><E94/><V74/><F74/><W2/><G45/><T52/><D53/><U64/><E64/><V85/><F31/><W59/><G59/><T62/><REACH who="0" step="1"/><D30/><REACH who="0" ten="145,270,260,315" step="2"/><U97/><E120/><V72/><F41/><W28/><G28/><T67/><D67/><U27/><E122/><V113/><F116/><W33/><G33/><AGARI ba="0,1" hai="1,4,11,24,29,33,36,38,52,56,61,62,65,69" machi="33" ten="30,7700,0" yaku="1,1,7,1,52,1,54,1,53,0" doraHai="49" doraHaiUra="103" who="0" fromWho="3" sc="145,87,270,0,260,0,315,-77" /><INIT seed="4,0,0,1,3,123" ten="232,270,260,238" oya="0" hai0="105,72,98,85,86,69,5,91,90,133,8,78,10" hai1="60,119,122,58,30,73,114,100,95,66,21,87,92" hai2="47,101,80,11,33,127,68,77,112,41,52,99,74" hai3="106,0,26,96,19,113,39,84,46,51,55,4,125"/><T111/><D69/><U37/><E119/><V82/><F33/><W65/><G39/><T22/><D72/><U117/><E117/><V61/><F112/><W2/><G113/><T23/><D133/><U135/><E135/><V35/><F35/><W94/><G125/><T42/><D42/><U25/><E122/><V102/><F127/><W53/><G65/><T44/><D44/><U81/><E37/><V97/><F80/><W29/><G106/><T3/><D78/><N who="1" m="46519" /><E73/><V83/><F83/><W50/><G84/><T130/><D130/><U16/><E114/><V110/><F11/><W15/><G4/><T79/><D79/><U40/><E40/><V67/><F101/><W7/><G7/><T76/><D76/><U134/><E134/><V18/><F18/><W124/><G26/><T1/><D98/><N who="1" m="59463" /><E95/><V64/><F102/><W32/><G29/><AGARI ba="0,0" hai="16,21,25,29,30,58,60,66" m="59463,46519" machi="29" ten="30,2000,0" yaku="8,1,54,1" doraHai="123" who="1" fromWho="3" sc="232,0,270,20,260,0,238,-20" /><INIT seed="5,0,0,3,1,135" ten="232,290,260,218" oya="1" hai0="56,116,28,92,126,41,5,12,30,79,106,46,127" hai1="107,50,36,22,100,117,124,119,20,110,103,37,4" hai2="15,76,27,60,32,24,118,97,62,74,86,2,80" hai3="26,7,64,94,90,35,61,1,68,48,78,34,85"/><U129/><E129/><V75/><F2/><W38/><G38/><T104/><D116/><U101/><E107/><N who="0" m="41001" /><D79/><U72/><E72/><V3/><F3/><W111/><G111/><T69/><D69/><U123/><E110/><V93/><F118/><W70/><G70/><T45/><D56/><U130/><E130/><V63/><F32/><W13/><G1/><T67/><D67/><U82/><E103/><V89/><F74/><W87/><G26/><T131/><D131/><U122/><E4/><V6/><REACH who="2" step="1"/><F75/><REACH who="2" ten="232,290,250,218" step="2"/><W23/><G35/><T98/><D5/><U91/><E119/><V31/><F31/><W51/><G34/><T83/><D30/><U29/><E29/><V58/><F58/><W17/><G7/><T99/><D28/><U132/><E117/><V39/><F39/><W73/><G73/><T21/><D46/><U112/><E37/><V57/><F57/><W114/><G114/><T121/><D45/><U33/><E36/><V16/><F16/><W134/><G134/><T108/><D108/><U88/><E33/><V18/><F18/><W95/><G78/><T25/><D121/><U105/><E112/><V120/><F120/><W52/><G68/><T96/><D12/><U71/><E132/><V77/><F77/><W59/><G64/><T10/><D25/><U128/><E71/><V54/><F54/><W115/><G115/><T102/><D41/><U11/><E122/><V84/><F84/><W65/><G65/><T44/><D44/><U0/><E0/><V49/><F49/><W53/><G53/><T55/><D55/><U8/><E123/><RYUUKYOKU ba="0,1" sc="232,-15,290,-15,250,15,218,15" hai2="6,15,24,27,60,62,63,76,80,86,89,93,97" hai3="13,17,23,48,51,52,59,61,85,87,90,94,95" /><INIT seed="6,1,1,4,2,93" ten="217,275,265,233" oya="2" hai0="32,66,87,77,22,45,1,125,69,36,10,108,80" hai1="99,11,129,47,118,18,39,126,5,73,24,72,92" hai2="20,109,74,101,133,38,81,59,40,8,105,41,55" hai3="117,23,70,49,14,107,113,13,111,91,116,85,62"/><V104/><F104/><W4/><G111/><T127/><D108/><U31/><E118/><V114/><F109/><W43/><G107/><T44/><D32/><U29/><E29/><V9/><F38/><W88/><G91/><T15/><D69/><U115/><E115/><V119/><F119/><W132/><G14/><T110/><D66/><U128/><E18/><V95/><F105/><W103/><G103/><T50/><D110/><U21/><E126/><V25/><F81/><W71/><G71/><T27/><D1/><N who="1" m="431" /><E47/><V26/><F133/><W90/><G90/><T83/><D83/><U6/><E6/><V57/><F74/><W42/><G132/><T67/><D67/><U51/><E51/><V0/><F0/><W98/><G113/><T28/><D36/><U94/><E94/><V84/><F114/><W54/><G116/><T68/><D68/><U65/><E65/><V12/><F26/><W86/><G70/><T135/><D135/><U131/><E39/><V79/><F12/><W82/><G62/><T17/><REACH who="0" step="1"/><D45/><REACH who="0" ten="207,275,265,233" step="2"/><U46/><E46/><V96/><F59/><W76/><G117/><T122/><D122/><U19/><E128/><V123/><F123/><W130/><G130/><T37/><D37/><U102/><E129/><V120/><F120/><W134/><G134/><T106/><D106/><U2/><E131/><V52/><F57/><W53/><G82/><T97/><D97/><U33/><E33/><V63/><F96/><W112/><G98/><T56/><D56/><U58/><E58/><V75/><F63/><W16/><G112/><T30/><D30/><RYUUKYOKU ba="1,2" sc="207,30,275,-10,265,-10,233,-10" hai0="10,15,17,22,27,28,44,50,77,80,87,125,127" /><INIT seed="7,2,2,5,2,82" ten="237,265,255,223" oya="3" hai0="52,62,104,112,8,49,43,70,134,35,66,119,48" hai1="75,5,102,56,124,26,19,29,55,16,73,57,109" hai2="91,122,92,98,14,80,25,7,38,131,59,117,65" hai3="120,27,100,61,31,50,71,121,84,15,63,58,33"/><W41/><G100/><T2/><D104/><U130/><E109/><V133/><F38/><W128/><G128/><T94/><D35/><U96/><E130/><V95/><F117/><W97/><G97/><T22/><D119/><U10/><E124/><V118/><F133/><W135/><G135/><T105/><D105/><U115/><E115/><V6/><F118/><W87/><G71/><T39/><D134/><U4/><E75/><V86/><F122/><W53/><G15/><T76/><D76/><U108/><E108/><V99/><F25/><W123/><REACH who="3" step="1"/><G41/><REACH who="3" ten="237,265,255,213" step="2"/><T107/><D107/><U34/><E96/><V23/><F131/><W74/><G74/><T116/><D116/><U18/><E102/><V3/><F99/><W21/><G21/><T106/><D106/><U17/><E34/><V24/><F14/><W113/><G113/><T78/><D112/><U88/><E73/><V125/><F98/><W111/><G111/><T37/><D22/><U28/><E28/><V72/><F23/><W46/><G46/><T103/><D103/><U1/><E29/><V89/><F72/><W132/><G132/><T9/><D70/><U12/><E12/><V32/><F32/><W40/><G40/><T13/><D43/><U110/><E110/><V90/><F24/><W101/><G101/><T54/><D13/><U44/><E44/><V45/><F45/><W114/><G114/><T67/><D8/><U36/><E10/><V0/><F6/><W68/><G68/><T79/><D9/><U83/><E5/><V30/><F7/><W69/><G69/><T93/><D2/><RYUUKYOKU ba="2,3" sc="237,15,265,-15,255,-15,213,15" hai0="37,39,48,49,52,54,62,66,67,78,79,93,94" hai3="27,31,33,50,53,58,61,63,84,87,120,121,123" /><INIT seed="7,3,3,4,1,111" ten="252,250,240,228" oya="3" hai0="65,43,26,45,63,103,97,121,19,133,108,10,113" hai1="39,54,7,37,15,27,0,6,94,22,82,49,18" hai2="87,127,57,67,119,41,28,84,125,36,58,47,38" hai3="78,35,66,104,91,123,68,52,83,79,70,120,56"/><W64/><G35/><T80/><D108/><U95/><E0/><V81/><F28/><W30/><G30/><T86/><D121/><N who="3" m="46665" /><G104/><T90/><D133/><U46/><E82/><V34/><F34/><W61/><G83/><T44/><D26/><U8/><REACH who="1" step="1"/><E7/><REACH who="1" ten="252,240,240,228" step="2"/><V100/><F81/><W11/><G11/><T130/><D10/><U122/><E122/><V2/><F2/><W29/><G29/><T13/><D80/><U112/><E112/><V109/><F109/><W53/><G91/><T101/><D113/><U118/><E118/><V12/><F119/><W31/><G31/><T115/><D90/><U40/><E40/><V116/><F41/><W9/><G9/><T85/><D43/><U50/><E50/><V107/><F116/><W16/><G16/><T17/><D115/><U98/><E98/><V89/><F89/><W74/><G74/><T92/><D97/><U110/><E110/><V99/><F99/><W134/><G134/><T128/><D19/><U129/><E129/><V32/><F87/><W4/><G4/><T71/><D86/><U59/><E59/><V132/><F84/><W21/><G21/><T5/><D85/><U73/><E73/><V105/><F132/><W77/><G56/><T69/><D5/><U24/><E24/><V72/><F58/><W117/><G117/><T62/><D128/><U126/><E126/><V14/><F125/><W135/><G135/><T1/><D130/><U114/><E114/><V131/><F127/><W20/><G20/><T60/><D17/><U102/><E102/><V3/><F131/><W96/><G96/><RYUUKYOKU ba="3,4" sc="252,-15,240,15,240,-15,228,15" hai1="6,8,15,18,22,27,37,39,46,49,54,94,95" hai3="52,53,61,64,66,68,70,77,78,79" /><INIT seed="7,4,4,0,2,10" ten="237,255,225,243" oya="3" hai0="35,60,101,0,69,128,37,30,42,61,33,43,66" hai1="98,63,18,2,32,65,125,133,85,38,77,4,111" hai2="51,88,123,72,46,41,108,92,20,23,58,47,95" hai3="73,84,102,56,57,87,78,5,59,109,121,44,8"/><W21/><G121/><T64/><D0/><U36/><E111/><V105/><F72/><W13/><G109/><T113/><D101/><U16/><E32/><V103/><F123/><W74/><G102/><T45/><D30/><U110/><E110/><V97/><F108/><W96/><G96/><T49/><D128/><U89/><E77/><V3/><F3/><W120/><G120/><T76/><D76/><U54/><E2/><V124/><F124/><W104/><G104/><T62/><D113/><U86/><E125/><V131/><F131/><W11/><G74/><T90/><D90/><U14/><E36/><V25/><F58/><W126/><G126/><T55/><D35/><U132/><E38/><V48/><F25/><W26/><G11/><T71/><D33/><U6/><E54/><N who="2" m="29975" /><F105/><W99/><G73/><T50/><D60/><U115/><E115/><V91/><F103/><W80/><G44/><T119/><D119/><U114/><E114/><V67/><F67/><W94/><G84/><AGARI ba="4,4" hai="20,23,41,47,51,84,88,91,92,95,97" m="29975" machi="84" ten="30,2000,0" yaku="8,1,54,1" doraHai="10" who="2" fromWho="3" sc="237,0,255,0,225,72,243,-32" /><INIT seed="8,0,0,2,1,90" ten="237,255,297,211" oya="0" hai0="21,124,126,31,7,106,19,67,120,43,107,110,96" hai1="88,114,37,77,101,16,85,70,63,82,10,47,35" hai2="45,26,97,0,4,113,66,91,103,135,51,5,76" hai3="46,3,74,53,24,65,38,108,9,130,64,121,122"/><T23/><D120/><N who="3" m="46185" /><G108/><T69/><D110/><U80/><E35/><V32/><F0/><W83/><G130/><T128/><D128/><U81/><E114/><V18/><F113/><W73/><G24/><T99/><D7/><U13/><E101/><V11/><F76/><N who="3" m="44431" /><G74/><T41/><D69/><U68/><E63/><V111/><F32/><W133/><G133/><T134/><D67/><U28/><E28/><V17/><F66/><W8/><G53/><T72/><D72/><U86/><REACH who="1" step="1"/><E81/><REACH who="1" ten="237,245,297,211" step="2"/><V117/><F111/><W6/><G9/><T119/><D134/><U112/><E112/><V84/><F11/><W75/><G75/><T52/><D107/><U15/><E15/><V33/><F33/><W59/><G59/><T93/><D106/><U58/><E58/><V2/><F135/><W44/><G44/><T56/><D56/><U94/><E94/><V116/><F45/><W125/><G125/><T27/><D93/><U79/><E79/><V102/><F102/><W129/><G129/><T105/><D105/><U22/><E22/><V29/><F103/><W54/><G54/><T78/><D52/><U40/><AGARI ba="0,1" hai="10,13,16,37,40,47,68,70,77,80,82,85,86,88" machi="40" ten="30,7900,0" yaku="1,1,0,1,54,2,53,0" doraHai="90" doraHaiUra="34" who="1" fromWho="1" sc="237,-39,245,89,297,-20,211,-20" owari="198,-20.0,334,43.0,277,8.0,191,-31.0" /></mjloggm>