<mjloggm ver="2.3"><GO type="137"/><UN n0="%E3%81%86%E3%82%81%E3%81%87" n1="%73%68%69%6E%36%30%30%36" n2="%6B%61%69%74" n3="%EF%BC%88%E2%89%A7%E2%96%BD%E2%89%A6%EF%BC%89" dan="11,11,11,11" rate="1476,1604,1615,1884" sx="M,M,M,M"/><TAIKYOKU oya="0"/><INIT seed="0,0,0,5,0,1" ten="250,250,250,250" oya="0" hai0="56,10,87,68,123,28,76,132,88,27,135,124,3" hai1="47,61,105,6,26,116,62,37,67,58,82,63,21" hai2="39,7,98,29,12,30,97,113,2,41,99,66,45" hai3="31,85,104,127,131,43,4,92,117,8,72,59,77"/><T15/><D123/><U52/><E116/><V16/><F66/><W50/><G117/><T64/><D68/><U109/><E37/><V33/><F113/><W78/><G127/><T60/><D3/><U71/><E105/><V101/><F33/><W118/><G104/><T20/><D76/><U46/><E109/><V83/><F101/><W69/><G118/><T13/><D124/><U54/><E82/><V89/><F83/><W11/><G69/><T96/><D96/><U107/><E71/><V128/><F89/><W95/><G131/><T53/><D132/><U129/><E107/><V44/><F44/><N who="1" m="16937" /><E129/><V36/><F36/><W42/><G31/><T81/><D135/><U51/><E6/><V57/><F57/><W90/><G72/><T86/><D87/><U73/><E73/><V75/><F75/><W22/><G22/><T125/><D125/><U38/><E38/><V34/><F128/><W93/><G43/><T112/><D112/><U111/><E111/><V74/><F74/><W23/><G23/><T80/><D80/><U79/><E79/><N who="3" m="30218" /><G42/><T121/><D121/><U25/><E54/><V84/><F84/><W120/><G120/><T17/><REACH who="0" step="1"/><D64/><REACH who="0" step="2"/><U108/><E108/><V130/><F130/><W49/><G85/><T65/><D65/><U24/><E21/><V19/><F2/><N who="3" m="23" /><G90/><T55/><D55/><N who="1" m="34015" /><E63/><V14/><F39/><W9/><G49/><T94/><D94/><U126/><E126/><V103/><F99/><W91/><G91/><T100/><D100/><U114/><E114/><V5/><F98/><W35/><G35/><T18/><D18/><RYUUKYOKU ba="0,1" sc="240,15,250,-15,250,-15,250,15" hai0="10,13,15,17,20,27,28,53,56,60,81,86,88" hai3="9,11,50,59,92,93,95" /><INIT seed="0,1,1,3,2,12" ten="255,235,235,265" oya="0" hai0="92,113,101,3,118,54,89,135,62,127,112,110,68" hai1="2,38,82,33,123,97,6,58,121,87,106,14,130" hai2="88,51,18,124,26,85,77,42,45,9,75,52,71" hai3="20,72,5,120,115,67,84,44,122,109,63,4,78"/><T23/><D3/><U107/><E38/><V102/><F71/><W94/><G115/><T48/><D118/><U47/><E33/><V125/><F102/><W0/><G109/><T8/><D110/><U39/><E2/><V13/><F77/><W36/><G0/><T46/><D135/><U93/><E39/><V10/><F75/><W83/><G20/><T25/><D127/><N who="2" m="48714" /><F26/><W29/><G29/><T119/><D119/><U65/><E121/><N who="3" m="46698" /><G36/><T17/><D8/><U81/><E123/><V66/><F66/><W49/><G94/><T105/><D101/><N who="1" m="60591" /><E107/><V32/><F32/><W91/><G91/><T79/><D105/><U41/><E130/><V76/><F76/><W16/><G72/><T98/><D79/><U103/><E106/><V69/><F69/><N who="3" m="42239" /><G16/><T28/><D17/><U70/><E70/><V74/><F74/><W43/><AGARI ba="1,1" hai="4,5,43,44,49,78,83,84" m="42239,46698" machi="43" ten="30,1100,0" yaku="13,1" doraHai="12" who="3" fromWho="3" sc="255,-6,235,-4,235,-4,265,24" /><INIT seed="1,0,0,5,5,96" ten="249,231,231,289" oya="1" hai0="3,102,48,130,18,56,69,50,37,75,104,103,6" hai1="17,28,116,8,123,87,110,23,68,21,62,19,31" hai2="77,61,38,105,26,5,46,63,11,80,36,7,13" hai3="33,67,40,107,66,10,70,64,1,52,134,115,0"/><U51/><E123/><V83/><F105/><W118/><G115/><T131/><D69/><U43/><E116/><V81/><F26/><W98/><G70/><T44/><D75/><U90/><E110/><V34/><F34/><W22/><G33/><T85/><D104/><U120/><E68/><V95/><F95/><W42/><G118/><T93/><D37/><U54/><E120/><V9/><F77/><W15/><G134/><T109/><D109/><U60/><E43/><V76/><F76/><W128/><G128/><N who="0" m="49195" /><D18/><N who="1" m="6667" /><E8/><V30/><F30/><N who="1" m="11305" /><E87/><V49/><F38/><W121/><G10/><N who="0" m="2399" /><D44/><N who="1" m="28007" /><E90/><V58/><F36/><W119/><G121/><T73/><D73/><U78/><E78/><V32/><F32/><W100/><G119/><T125/><D125/><U57/><E62/><V94/><F94/><W2/><REACH who="3" step="1"/><G52/><AGARI ba="0,0" hai="21,23,52,57,60" m="28007,11305,6667" machi="52" ten="30,2900,0" yaku="8,1,54,1" doraHai="96" who="1" fromWho="3" sc="249,0,231,29,231,0,289,-29" /><INIT seed="1,1,0,2,0,18" ten="249,260,231,260" oya="1" hai0="2,57,27,124,105,42,30,104,40,117,47,56,3" hai1="77,109,4,45,19,34,81,6,133,108,83,84,113" hai2="123,1,134,62,39,75,10,97,64,11,68,129,90" hai3="0,60,125,44,114,53,130,16,67,94,14,73,85"/><U5/><E34/><V22/><F123/><W9/><G73/><T118/><D124/><U17/><E45/><V100/><F90/><N who="3" m="53583" /><G114/><T21/><D47/><U25/><E113/><V28/><F75/><W41/><G0/><N who="0" m="43" /><D30/><U122/><E122/><V128/><F39/><W116/><G116/><N who="0" m="44651" /><D27/><U91/><E133/><V120/><F134/><W20/><G125/><T32/><D32/><U82/><E25/><V15/><F1/><W119/><G119/><T50/><D50/><U59/><E59/><N who="0" m="22601" /><D21/><U36/><E36/><V89/><F89/><W78/><G130/><N who="2" m="50281" /><F120/><W70/><G44/><T24/><D24/><U26/><E26/><N who="2" m="16471" /><F15/><W7/><G14/><T13/><D13/><U48/><E48/><V74/><F74/><W110/><G60/><T127/><D127/><U96/><E96/><V92/><AGARI ba="1,0" hai="10,11,62,64,68,92,97,100" m="16471,50281" machi="92" ten="30,2000,0" yaku="19,1,52,1" doraHai="18" who="2" fromWho="2" sc="249,-6,260,-11,231,23,260,-6" /><INIT seed="2,0,0,3,3,10" ten="243,249,254,254" oya="2" hai0="112,30,27,0,126,91,101,13,54,104,57,111,7" hai1="37,40,114,48,16,72,26,18,55,14,20,29,84" hai2="8,62,21,78,125,2,17,22,123,52,64,120,63" hai3="135,23,38,128,107,42,127,124,90,96,76,56,134"/><V133/><F125/><N who="3" m="48203" /><G23/><T92/><D126/><U102/><E72/><V39/><F133/><N who="3" m="50699" /><G56/><T43/><D112/><U65/><E114/><V36/><F2/><W32/><G32/><T113/><D113/><U47/><E65/><V89/><F8/><W80/><G42/><T3/><D111/><U99/><E84/><V71/><F120/><W4/><G4/><T82/><D43/><U93/><E37/><V33/><F33/><W9/><G9/><T97/><D3/><U115/><E115/><V108/><F123/><W79/><G38/><T119/><D119/><U67/><E67/><V66/><F108/><W106/><G128/><T31/><D0/><U1/><E1/><V6/><F6/><W131/><G131/><T44/><D44/><U100/><E100/><V60/><F22/><W130/><G130/><T46/><D46/><U122/><E122/><V74/><F21/><W34/><G34/><T45/><D45/><U15/><REACH who="1" step="1"/><E40/><REACH who="1" step="2"/><V11/><F36/><W81/><G76/><T117/><D117/><U53/><E53/><V75/><F39/><W88/><G96/><T103/><D97/><U61/><E61/><V49/><F64/><W121/><G121/><T24/><D13/><AGARI ba="0,1" hai="13,14,15,16,18,20,26,29,47,48,55,93,99,102" machi="13" ten="40,12000,2" yaku="1,1,8,1,52,3,54,1,53,0" doraHai="10" doraHaiUra="83" who="1" fromWho="0" sc="243,-120,239,130,254,0,254,0" /><INIT seed="3,0,0,1,0,30" ten="123,369,254,254" oya="3" hai0="11,31,40,76,105,121,89,104,36,80,79,60,108" hai1="106,128,133,92,134,28,52,1,81,77,42,73,19" hai2="71,70,112,93,123,99,124,90,61,32,51,97,62" hai3="20,66,25,120,37,54,39,130,41,115,74,33,59"/><W111/><G120/><T7/><D121/><U16/><E1/><V95/><F123/><W91/><G115/><T78/><D108/><U75/><E106/><V23/><F112/><W82/><G111/><T118/><D118/><U132/><E128/><V55/><F124/><W72/><G130/><T65/><D40/><U87/><E28/><V29/><F71/><W50/><G33/><T35/><D36/><U101/><E42/><V126/><F126/><W53/><G66/><T98/><D11/><U117/><E117/><V18/><F70/><W24/><G72/><N who="1" m="27722" /><E52/><V21/><F21/><W113/><G113/><T107/><D7/><U10/><E10/><V135/><F135/><N who="1" m="34561" /><U5/><DORA hai="131" /><E5/><V0/><F0/><W49/><G74/><T8/><D8/><U116/><E116/><V100/><F29/><W45/><G41/><T38/><D38/><U63/><E63/><V4/><F61/><W12/><G39/><T57/><D31/><U67/><E67/><V83/><F62/><W102/><G37/><T103/><REACH who="0" step="1"/><D35/><REACH who="0" step="2"/><U64/><E64/><V122/><F32/><W9/><G9/><T86/><AGARI ba="0,1" hai="57,60,65,76,78,79,80,86,89,98,103,104,105,107" machi="86" ten="30,4000,0" yaku="1,1,2,1,0,1,53,0" doraHai="30,131" doraHaiUra="46,69" who="0" fromWho="0" sc="113,50,369,-10,254,-10,254,-20" /><INIT seed="4,0,0,1,0,127" ten="163,359,244,234" oya="0" hai0="129,87,113,41,77,65,103,64,55,20,117,67,125" hai1="89,53,0,92,24,132,30,120,38,54,105,97,74" hai2="104,43,4,27,112,11,107,70,100,86,50,106,80" hai3="60,115,85,33,39,26,88,56,79,122,90,8,51"/><T114/><D117/><U16/><E105/><V109/><F109/><W68/><G39/><T40/><D125/><U123/><E74/><V48/><F70/><W94/><G122/><T25/><D103/><U110/><E38/><V21/><F112/><N who="0" m="43114" /><D55/><U133/><E0/><V84/><F100/><W102/><G115/><T95/><D129/><U83/><E110/><V14/><F43/><W7/><G68/><T135/><D135/><N who="1" m="51787" /><E83/><V13/><F13/><N who="3" m="5279" /><G33/><T119/><D119/><U73/><E73/><V34/><F34/><W32/><G32/><T76/><D95/><U118/><E118/><V91/><REACH who="2" step="1"/><F86/><REACH who="2" step="2"/><W9/><G102/><T75/><D75/><U15/><E123/><V131/><F131/><W101/><G101/><T1/><D87/><U42/><E42/><N who="0" m="16489" /><D1/><U69/><E69/><V29/><AGARI ba="0,1" hai="4,11,14,21,27,29,48,50,80,84,91,104,106,107" machi="29" ten="30,4000,0" yaku="1,1,0,1,53,1" doraHai="127" doraHaiUra="10" who="2" fromWho="2" sc="163,-20,359,-10,234,50,234,-10" /><INIT seed="5,0,0,4,2,128" ten="143,349,284,224" oya="1" hai0="124,9,23,63,46,91,58,22,61,59,96,27,81" hai1="89,11,68,105,24,120,122,20,77,44,17,119,101" hai2="99,85,92,72,33,38,45,10,36,29,93,106,49" hai3="90,1,62,73,82,102,75,0,8,86,15,135,70"/><U100/><E122/><V94/><F72/><W4/><G102/><T64/><D124/><U32/><E120/><V131/><F131/><W95/><G135/><T2/><D46/><U76/><E32/><V48/><F10/><W60/><G75/><T66/><D2/><U127/><E119/><V125/><F125/><W111/><G111/><T34/><D34/><U31/><E105/><V123/><F123/><W67/><G73/><T30/><D9/><U7/><E127/><V109/><F109/><W107/><G107/><T35/><REACH who="0" step="1"/><D96/><REACH who="0" step="2"/><U16/><E68/><V37/><F45/><W134/><G0/><T98/><D98/><U117/><E44/><V108/><F99/><W53/><G1/><T26/><D26/><U19/><E117/><V5/><F33/><W87/><G8/><T25/><D25/><U110/><E110/><V71/><F108/><W14/><G15/><T88/><D88/><U129/><E129/><V104/><F104/><W65/><G14/><T13/><D13/><N who="1" m="5375" /><E89/><V114/><F106/><W39/><G90/><T115/><D115/><U103/><AGARI ba="0,1" hai="16,17,19,20,24,31,76,77,100,101,103" m="5375" machi="103" ten="30,3000,0" yaku="8,1,54,1" doraHai="128" who="1" fromWho="1" sc="133,-10,349,40,284,-10,224,-10" /><INIT seed="5,1,0,0,2,22" ten="123,389,274,214" oya="1" hai0="129,51,65,101,117,125,24,58,41,77,59,68,100" hai1="103,44,116,97,48,13,90,95,7,113,74,25,108" hai2="29,123,45,133,40,132,62,82,88,31,134,4,36" hai3="11,70,106,17,111,71,27,96,110,98,34,32,79"/><U38/><E38/><V16/><F4/><W61/><G79/><T12/><D117/><U18/><E116/><V130/><F62/><W81/><G81/><T0/><D0/><U54/><E113/><V67/><F67/><W64/><G71/><T26/><D129/><U39/><E108/><V69/><F69/><W94/><G98/><T87/><D68/><U19/><E74/><V20/><F130/><W91/><G106/><T76/><D125/><U23/><E39/><V15/><REACH who="2" step="1"/><F123/><REACH who="2" step="2"/><W35/><REACH who="3" step="1"/><G11/><REACH who="3" step="2"/><T126/><D126/><U37/><E37/><V57/><F57/><W131/><G131/><T33/><D59/><U114/><E114/><V63/><F63/><W21/><AGARI ba="1,2" hai="17,21,27,32,34,35,61,64,70,91,94,96,110,111" machi="21" ten="40,5200,0" yaku="1,1,0,1,52,1,53,0" doraHai="22" doraHaiUra="73" who="3" fromWho="3" sc="123,-14,389,-27,264,-14,204,75" /><INIT seed="6,0,0,3,5,93" ten="109,362,250,279" oya="2" hai0="10,20,96,124,134,18,7,113,121,42,103,130,132" hai1="47,67,66,15,49,16,13,38,6,118,2,86,21" hai2="135,11,122,4,112,84,55,5,8,127,91,30,73" hai3="106,12,115,77,68,89,45,119,36,111,114,61,24"/><V82/><F122/><W32/><G119/><T65/><D121/><U27/><E38/><V69/><F69/><W39/><G111/><T41/><D65/><U58/><E118/><V131/><F30/><N who="3" m="19527" /><G106/><T52/><D113/><N who="3" m="43017" /><G77/><T19/><D103/><U107/><E107/><V60/><F112/><W125/><G125/><T37/><D37/><U3/><E3/><V35/><F127/><W71/><G12/><T102/><D7/><U99/><E99/><V85/><F35/><W104/><G104/><T14/><D20/><U25/><E2/><V62/><F73/><W1/><G1/><T44/><D19/><U75/><E75/><V23/><F23/><W76/><G76/><T105/><D52/><N who="1" m="29759" /><E6/><V101/><F101/><W116/><G116/><T29/><D29/><U51/><E86/><V79/><F79/><W31/><G31/><T70/><D70/><N who="3" m="26665" /><G61/><T117/><D117/><U26/><E15/><V56/><F82/><W83/><G45/><T33/><D44/><U110/><E110/><V97/><F91/><W54/><G54/><AGARI ba="0,0" hai="13,16,21,25,26,27,51,54,58,66,67" m="29759" machi="54" ten="30,3900,0" yaku="8,1,54,2" doraHai="93" who="1" fromWho="3" sc="109,0,362,39,250,0,279,-39" /><INIT seed="7,0,0,5,2,85" ten="109,401,250,240" oya="3" hai0="93,18,39,52,116,115,31,15,124,132,17,58,130" hai1="36,33,123,73,76,63,6,1,94,111,102,131,29" hai2="79,75,45,4,53,46,86,14,128,109,57,104,101" hai3="28,68,135,88,72,92,134,61,35,26,40,70,21"/><W27/><G72/><T10/><D116/><U122/><E1/><V12/><F75/><W47/><G61/><T118/><D118/><U89/><E33/><V100/><F109/><W71/><G47/><N who="2" m="17929" /><F104/><W11/><G11/><T77/><D39/><U105/><E105/><V54/><F128/><W120/><G40/><T69/><D130/><U9/><E36/><V95/><F4/><W32/><G120/><T24/><D69/><U66/><E123/><V2/><F2/><W82/><G82/><T98/><D77/><U48/><E122/><V84/><F84/><W55/><G55/><N who="2" m="21001" /><F57/><W117/><G117/><T107/><D107/><U59/><E111/><V129/><F129/><W133/><REACH who="3" step="1"/><G27/><REACH who="3" step="2"/><T64/><D132/><U62/><E131/><V103/><F95/><W113/><G113/><T5/><D115/><U96/><E73/><V44/><N who="2" m="17937" /><V51/><DORA hai="127" /><F51/><W106/><G106/><T43/><D43/><U90/><E76/><V108/><F108/><W41/><G41/><T119/><D124/><U56/><E29/><V81/><AGARI ba="0,1" hai="12,14,79,81,86,100,101,103" m="21001,17937" machi="81" ten="40,1500,0" yaku="8,1" doraHai="85,127" who="2" fromWho="2" sc="109,-4,401,-4,250,25,230,-7" owari="105,-39,397,49,275,8,223,-18" /></mjloggm>