<mjloggm ver="2.3"><GO type="169" lobby="0"/><UN n0="%E9%9D%9E%E5%8A%B9%E7%8E%87%E6%89%93%E6%B3%95" n1="%53%50%49%43%41%40%58" n2="%E7%8B%AC%E6%AD%A9" n3="%EF%BC%88%E2%89%A7%E2%96%BD%E2%89%A6%EF%BC%89" dan="16,17,17,18" rate="2140.04,2153.02,2196.55,2169.82" sx="M,M,M,M"/><TAIKYOKU oya="0"/><INIT seed="0,0,0,1,0,40" ten="250,250,250,250" oya="0" hai0="41,23,90,82,53,112,130,19,27,73,89,65,91" hai1="107,76,68,35,118,54,50,114,4,22,25,36,111" hai2="129,78,37,98,108,131,8,133,80,15,120,33,20" hai3="86,117,124,6,72,51,52,34,85,64,14,49,38"/><T30/><D112/><U5/><E118/><V67/><F33/><W113/><G72/><T71/><D130/><U77/><E107/><V45/><F120/><W105/><G38/><T16/><D41/><U125/><E68/><V46/><F37/><W55/><G34/><T1/><D1/><U29/><E36/><V61/><F20/><W87/><G105/><T48/><D65/><U10/><E114/><V99/><F98/><W21/><G117/><T119/><D71/><U109/><E125/><V97/><F99/><W2/><G113/><T116/><D116/><U74/><E35/><V9/><F97/><W24/><G2/><T63/><D63/><U17/><E29/><V0/><F0/><W60/><G124/><T32/><D119/><U92/><E92/><V95/><F95/><W123/><G123/><T70/><D70/><U42/><E42/><V62/><F108/><N who="1" m="41545" /><E74/><V26/><F26/><W101/><G101/><T94/><D94/><U104/><E104/><V59/><F62/><W93/><G93/><T84/><D73/><U121/><E121/><V110/><F110/><W31/><G60/><T3/><D3/><N who="1" m="287" /><E5/><N who="2" m="3471" /><F9/><N who="3" m="4407" /><G64/><T44/><REACH who="0" step="1"/><D32/><REACH who="0" ten="240,250,250,250" step="2"/><U39/><E39/><V106/><F106/><W83/><G83/><T11/><D11/><U47/><AGARI ba="0,1" hai="17,22,25,47,50,54,76,77" m="287,41545" machi="47" ten="30,2000,0" yaku="14,1,52,1" doraHai="40" who="1" fromWho="1" sc="240,-10,250,30,250,-5,250,-5" /><INIT seed="1,0,0,4,5,128" ten="230,280,245,245" oya="1" hai0="108,44,23,48,125,50,127,62,24,33,81,27,25" hai1="9,70,129,120,71,105,122,68,52,56,83,5,31" hai2="55,98,87,30,10,14,116,118,121,35,119,97,123" hai3="43,40,64,0,99,32,34,38,12,61,113,112,135"/><U77/><E105/><V7/><F87/><W103/><G12/><T17/><D108/><U20/><E129/><V126/><F55/><W72/><G40/><T3/><D3/><U63/><E20/><V106/><F98/><W11/><G72/><T21/><D62/><U41/><E31/><V42/><F42/><W130/><G130/><T46/><D33/><U65/><E41/><V109/><F97/><W60/><G60/><T102/><D102/><U88/><E65/><V100/><F100/><W13/><G13/><T22/><D17/><U2/><REACH who="1" step="1"/><E88/><REACH who="1" ten="230,270,245,245" step="2"/><V37/><F106/><W53/><G43/><T94/><D94/><U117/><E117/><V39/><F37/><W74/><G64/><T86/><D125/><U80/><E80/><V76/><F39/><W133/><G38/><T78/><D127/><U49/><E49/><AGARI ba="0,1" hai="21,22,23,24,25,27,44,46,48,49,50,78,81,86" machi="49" ten="40,1300,0" yaku="8,1" doraHai="128" who="0" fromWho="1" sc="230,23,270,-13,245,0,245,0" /><INIT seed="2,0,0,5,2,52" ten="253,257,245,245" oya="2" hai0="46,76,69,102,2,73,39,130,99,18,93,49,45" hai1="133,53,0,127,7,78,120,37,122,19,56,101,98" hai2="125,33,61,57,4,1,95,126,131,124,71,32,10" hai3="90,135,72,96,22,119,55,87,63,9,79,60,5"/><V47/><F131/><W14/><G119/><T58/><D69/><U116/><E116/><V12/><F71/><W92/><G135/><T34/><D130/><U54/><E133/><V113/><F113/><W68/><G68/><T80/><D34/><U100/><E37/><V106/><F106/><W82/><G22/><T115/><D115/><U41/><E41/><V110/><F110/><W43/><G43/><T85/><D2/><U20/><E78/><V44/><F1/><W118/><G118/><T28/><D28/><U15/><E127/><V26/><F95/><W108/><G108/><T88/><D39/><U8/><E54/><V13/><F13/><W40/><G40/><T105/><D18/><U134/><E134/><V24/><F24/><W75/><REACH who="3" step="1"/><G63/><REACH who="3" ten="253,257,245,235" step="2"/><T27/><D27/><U59/><E120/><V84/><F84/><W65/><G65/><T111/><D111/><U23/><E122/><V38/><F38/><W74/><G74/><T83/><D80/><U70/><E70/><V86/><F86/><W51/><G51/><T112/><D112/><U103/><E98/><V114/><F114/><W29/><G29/><T67/><D49/><U123/><E123/><V30/><F33/><W42/><G42/><T6/><D6/><U16/><REACH who="1" step="1"/><E53/><AGARI ba="0,1" hai="4,10,12,26,30,32,44,47,53,57,61,124,125,126" machi="53" ten="40,3900,0" yaku="18,1,52,1" doraHai="52" who="2" fromWho="1" sc="253,0,257,-39,245,49,235,0" /><INIT seed="2,1,0,0,1,73" ten="253,218,294,235" oya="2" hai0="71,18,75,95,131,0,27,58,42,102,101,87,20" hai1="62,135,88,30,24,35,100,64,41,74,97,69,61" hai2="26,112,96,37,46,28,40,12,123,78,103,70,68" hai3="15,52,84,111,10,2,108,91,126,76,79,53,63"/><V19/><F123/><W118/><G2/><T21/><D71/><U44/><E62/><V54/><F112/><W14/><G118/><T109/><D75/><U7/><E7/><V36/><F54/><N who="3" m="21099" /><G63/><T133/><D0/><U43/><E135/><V86/><F37/><W115/><G115/><T117/><D58/><U4/><E4/><V31/><F31/><W94/><G126/><T67/><D67/><U50/><E74/><V66/><F66/><W59/><G59/><T56/><D56/><U45/><E88/><V49/><F36/><W122/><G122/><T11/><D42/><N who="1" m="24855" /><E45/><V65/><F65/><W17/><G15/><T22/><D109/><AGARI ba="1,0" hai="10,14,17,76,79,84,91,94,108,109,111" m="21099" machi="109" ten="30,7700,0" yaku="14,1,52,2,54,1" doraHai="73" who="3" fromWho="0" sc="253,-80,218,0,294,0,235,80" /><INIT seed="3,0,0,2,4,88" ten="173,218,294,315" oya="3" hai0="71,101,14,2,54,60,51,22,77,64,90,6,87" hai1="1,45,7,53,65,10,41,83,126,106,19,92,103" hai2="110,13,96,130,46,93,25,18,81,20,42,48,132" hai3="37,114,28,133,70,52,76,125,73,94,40,5,74"/><W123/><G70/><T32/><D32/><U68/><E106/><V17/><F130/><W56/><G123/><T104/><D77/><U102/><E126/><V47/><F110/><W119/><G119/><T26/><D2/><U80/><E53/><V108/><F108/><W58/><G114/><T100/><D104/><U31/><E31/><V120/><F132/><W79/><G125/><T98/><D6/><U50/><E19/><V38/><F81/><W118/><G118/><T129/><D98/><U27/><E27/><V49/><F120/><W66/><G133/><T55/><D14/><U95/><E68/><V29/><F47/><W43/><G5/><T89/><D89/><U131/><E65/><V0/><F0/><W112/><G112/><T134/><D55/><U8/><E131/><V3/><F3/><W128/><G128/><T21/><D21/><U115/><E115/><V86/><F86/><W23/><G37/><T113/><D113/><U36/><E36/><V84/><F84/><W121/><G121/><T75/><D75/><U111/><E111/><V107/><F17/><W34/><G74/><T57/><D129/><U39/><E39/><V9/><F107/><W124/><G124/><T97/><D97/><N who="1" m="59687" /><E1/><V82/><F82/><N who="1" m="31273" /><E7/><V78/><F78/><W59/><G76/><T72/><D72/><U99/><AGARI ba="0,0" hai="8,10,41,45,50,95,99,103" m="31273,59687" machi="99" ten="30,4000,0" yaku="8,1,52,2" doraHai="88" who="1" fromWho="1" sc="173,-10,218,40,294,-10,315,-20" /><INIT seed="4,0,0,5,1,85" ten="163,258,284,295" oya="0" hai0="102,118,30,31,121,60,135,115,48,132,111,25,128" hai1="98,80,45,112,130,33,52,55,70,113,1,24,43" hai2="15,67,46,114,100,83,59,41,81,82,14,104,40" hai3="84,77,103,29,62,16,124,20,133,51,73,76,58"/><T72/><D72/><U3/><E70/><V57/><F100/><W92/><G124/><T125/><D102/><U134/><E134/><N who="0" m="51241" /><D60/><U32/><E98/><V44/><F104/><W91/><G133/><T2/><D48/><U96/><E96/><V99/><F99/><N who="3" m="59879" /><G29/><T11/><D121/><U7/><E80/><V116/><F114/><N who="1" m="44137" /><E130/><V17/><F116/><W71/><G71/><T64/><D115/><U63/><E24/><V21/><F67/><N who="3" m="39383" /><G51/><T88/><D64/><U4/><E63/><V126/><F126/><W34/><G34/><N who="1" m="13418" /><E43/><V65/><F65/><W12/><G73/><T38/><D38/><U68/><E68/><V105/><F105/><W119/><G119/><T117/><D125/><U47/><E45/><V97/><F97/><W108/><G108/><T109/><D128/><U37/><E37/><V101/><F101/><W8/><G8/><T74/><D74/><U122/><E122/><V19/><F81/><AGARI ba="0,0" hai="12,16,20,76,77,81,84,91" m="39383,59879" machi="81" ten="30,3900,0" yaku="8,1,52,1,54,1" doraHai="85" who="3" fromWho="2" sc="163,0,258,0,284,-39,295,39" /><INIT seed="5,0,0,5,0,107" ten="163,258,245,334" oya="1" hai0="23,94,57,36,101,105,77,41,103,83,33,67,132" hai1="11,64,93,0,55,84,118,116,78,89,120,9,80" hai2="27,53,96,74,7,35,26,47,117,123,4,60,113" hai3="17,127,131,58,44,28,135,71,1,13,133,111,19"/><U5/><E120/><V21/><F123/><W106/><G71/><T129/><D33/><U68/><E11/><V76/><F117/><W124/><G106/><T114/><D36/><U51/><E64/><V62/><F113/><W119/><G111/><T126/><D41/><U18/><E18/><V87/><F35/><W48/><G1/><T45/><D45/><U42/><E42/><V54/><F96/><W14/><G28/><T75/><D105/><U102/><E102/><V2/><F2/><W46/><G58/><T86/><D114/><U70/><E116/><V104/><F104/><W115/><G115/><T90/><D126/><N who="3" m="48169" /><G131/><T121/><D132/><N who="3" m="50761" /><G119/><T91/><D129/><U10/><E10/><V112/><F112/><W125/><G125/><T82/><D23/><U63/><E63/><V50/><F21/><N who="3" m="11439" /><G48/><T99/><D121/><U130/><E130/><V34/><F34/><W97/><G97/><N who="0" m="59575" /><D57/><U95/><E118/><V85/><F50/><W22/><AGARI ba="0,0" hai="14,19,22,44,46" m="11439,50761,48169" machi="22" ten="30,2000,0" yaku="18,1,20,1" doraHai="107" who="3" fromWho="3" sc="163,-5,258,-10,245,-5,334,20" /><INIT seed="6,0,0,5,5,107" ten="158,248,240,354" oya="2" hai0="72,21,41,123,8,104,94,17,119,32,78,36,91" hai1="53,135,45,64,122,69,29,46,87,118,60,110,2" hai2="116,13,68,131,57,128,42,111,75,3,44,26,7" hai3="77,82,96,130,61,22,127,24,100,9,74,54,50"/><V40/><F116/><W134/><G134/><T11/><D123/><U4/><E118/><V58/><F68/><W23/><G130/><N who="2" m="49705" /><F3/><W126/><G9/><T51/><D119/><U120/><E135/><V14/><F111/><W63/><G63/><T48/><D104/><U81/><E110/><V30/><F75/><W95/><G61/><T102/><D32/><U1/><E29/><V113/><F113/><W59/><REACH who="3" step="1"/><G23/><REACH who="3" ten="158,248,240,344" step="2"/><T121/><D121/><U103/><E120/><V89/><F7/><W10/><G10/><T133/><D133/><U70/><E4/><V83/><F58/><W6/><G6/><T84/><D11/><U76/><E70/><V99/><F57/><W115/><G115/><T16/><D8/><U49/><E122/><V97/><F14/><W90/><G90/><T65/><D102/><U86/><E103/><V112/><F13/><W67/><G67/><T73/><D65/><U101/><E101/><V93/><F112/><W12/><G12/><T52/><D78/><U55/><E2/><V88/><F44/><W39/><G39/><T132/><D132/><U85/><E1/><V25/><F25/><W125/><G125/><T124/><D124/><U28/><E64/><V33/><F99/><W43/><G43/><T20/><D36/><U79/><E69/><V15/><F15/><W71/><G71/><T0/><D0/><U5/><E5/><V56/><F56/><W114/><G114/><T106/><D21/><U109/><E46/><V80/><F89/><W62/><G62/><T18/><D20/><U98/><E60/><V108/><F108/><RYUUKYOKU ba="0,1" sc="158,-15,248,-15,240,15,344,15" hai2="26,30,33,40,42,80,83,88,93,97" hai3="22,24,50,54,59,74,77,82,95,96,100,126,127" /><INIT seed="6,1,1,5,5,96" ten="143,233,255,359" oya="2" hai0="43,73,24,108,131,105,46,5,36,121,15,23,17" hai1="81,99,55,69,56,28,60,1,127,59,113,124,37" hai2="130,20,119,66,87,104,133,13,34,42,86,27,89" hai3="114,103,58,6,134,3,120,94,111,54,65,78,29"/><V19/><F119/><W70/><G120/><T123/><D108/><U74/><E1/><V135/><F130/><W79/><G111/><T10/><D131/><U116/><E116/><V8/><F104/><W100/><G134/><N who="2" m="51209" /><F42/><W84/><G114/><T21/><D73/><U129/><E129/><V95/><F66/><W45/><G3/><T83/><D83/><U63/><E69/><V97/><F34/><W82/><G6/><AGARI ba="1,1" hai="6,8,13,19,20,27,86,87,89,95,97" m="51209" machi="6" ten="30,1500,0" yaku="20,1" doraHai="96" who="2" fromWho="3" sc="143,0,233,0,255,28,359,-18" /><INIT seed="6,2,0,3,1,51" ten="143,233,283,341" oya="2" hai0="125,61,31,86,3,45,44,84,123,87,30,67,128" hai1="78,79,117,69,80,57,60,82,85,115,105,75,21" hai2="130,0,121,129,49,96,23,19,90,25,48,93,53" hai3="39,36,133,7,9,55,18,1,134,109,4,26,40"/><V77/><F121/><W47/><G109/><T29/><D123/><U11/><E117/><V34/><F0/><W2/><G39/><T131/><D3/><N who="3" m="1033" /><G55/><T13/><D13/><U62/><E105/><V66/><F66/><W56/><G56/><T88/><D125/><U15/><E69/><V5/><F5/><W17/><G17/><T91/><D61/><U32/><E32/><V116/><F116/><W42/><G42/><T43/><D67/><U101/><E101/><V122/><F122/><W73/><G73/><T83/><D43/><U103/><E103/><V63/><F77/><W99/><G99/><T10/><D10/><U46/><E46/><N who="0" m="18025" /><D83/><U95/><E21/><V106/><F34/><W54/><G54/><T22/><D22/><U126/><E126/><V102/><F106/><W50/><G50/><N who="2" m="19561" /><F102/><W6/><G26/><T8/><D8/><U113/><E95/><V41/><F41/><W100/><G100/><T33/><D33/><U98/><E98/><V111/><F111/><W14/><G4/><T135/><D135/><N who="3" m="51721" /><G6/><T59/><D59/><AGARI ba="2,0" hai="19,23,25,53,59,63,90,93,96,129,130" m="19561" machi="59" ten="30,2900,0" yaku="25,1,52,1" doraHai="51" who="2" fromWho="0" sc="143,-35,233,0,283,35,341,0" /><INIT seed="6,3,0,3,1,135" ten="108,233,318,341" oya="2" hai0="107,45,34,33,70,111,7,13,58,65,39,112,49" hai1="82,16,61,52,66,91,110,72,74,93,108,103,100" hai2="32,127,56,41,86,77,89,46,47,60,55,129,6" hai3="104,73,126,54,43,87,28,79,119,120,99,71,105"/><V102/><F32/><W3/><G3/><T115/><D107/><U62/><E82/><V37/><F129/><W81/><G71/><T75/><D75/><U101/><E66/><V113/><F113/><N who="0" m="43594" /><D7/><U128/><E128/><V40/><F6/><W29/><G43/><N who="0" m="22783" /><D13/><U18/><E93/><V97/><F77/><W106/><G54/><N who="0" m="32079" /><D34/><U20/><E91/><V30/><F30/><W25/><G29/><T31/><D33/><U57/><E62/><V84/><F89/><W121/><G25/><T122/><D31/><U4/><E4/><V132/><F132/><W17/><G17/><T44/><D44/><U78/><E18/><V26/><F26/><W0/><G28/><T27/><D27/><U63/><E63/><V130/><F130/><W134/><G0/><T131/><D131/><U8/><E8/><V88/><F86/><W50/><G87/><T67/><D111/><U114/><E114/><V68/><F97/><W11/><G99/><T123/><D67/><U95/><E95/><V59/><F102/><W42/><G104/><T9/><D9/><U36/><E36/><V10/><F10/><W69/><G106/><T19/><D19/><U92/><E92/><V85/><F84/><W22/><G105/><T133/><D133/><U90/><E90/><V48/><F85/><W23/><G134/><T38/><D38/><U76/><E74/><V96/><F96/><W109/><G73/><T125/><D125/><U118/><E72/><V1/><F1/><W15/><G11/><T117/><D117/><U21/><E118/><V98/><F37/><W35/><G119/><RYUUKYOKU ba="3,0" sc="108,30,233,-10,318,-10,341,-10" hai0="65,70,122,123" /><INIT seed="7,4,0,4,0,126" ten="138,223,308,331" oya="3" hai0="101,66,118,125,49,116,110,133,99,56,91,109,3" hai1="75,97,113,54,107,43,76,78,55,92,85,32,70" hai2="67,69,11,13,63,23,28,45,84,74,123,65,25" hai3="95,22,60,58,52,0,104,103,33,117,121,64,31"/><W79/><G121/><T73/><D3/><U105/><E32/><V26/><F74/><W96/><G0/><T119/><D66/><U30/><E30/><V17/><F123/><W89/><G117/><T14/><D14/><U12/><E70/><V19/><F67/><W62/><G79/><T42/><D42/><U6/><E75/><V59/><F84/><W93/><G22/><T115/><D49/><U50/><E105/><V114/><F114/><W90/><G90/><T39/><D56/><U61/><E113/><V134/><F134/><W132/><G132/><T36/><D115/><U80/><E107/><V48/><F69/><N who="3" m="42135" /><G89/><T7/><D133/><U47/><E61/><V131/><F131/><W8/><G8/><T4/><D125/><U127/><E76/><V5/><F28/><W9/><G9/><T18/><D73/><U86/><E85/><V29/><F25/><AGARI ba="4,0" hai="25,31,33,52,58,60,93,95,96,103,104" m="42135" machi="25" ten="30,2900,0" yaku="25,1,54,1" doraHai="126" who="3" fromWho="2" sc="138,0,223,0,308,-41,331,41" owari="138,-36.0,223,-18.0,267,7.0,372,47.0" /></mjloggm>