<mjloggm ver="2.3"><GO type="169" lobby="0"/><UN n0="%EF%BC%88%E2%89%A7%E2%96%BD%E2%89%A6%EF%BC%89" n1="%E2%98%86%E3%82%B1%E3%83%AD%E3%83%AD%E8%BB%8D%E6%9B%B9%E2%98%86" n2="%E6%82%A0%E9%9B%85" n3="%E4%B8%83%E3%83%84%E7%9B%AE%E7%8E%89" dan="17,16,16,18" rate="2157.77,2062.03,2105.00,2215.33" sx="M,M,M,M"/><TAIKYOKU oya="0"/><INIT seed="0,0,0,5,3,97" ten="250,250,250,250" oya="0" hai0="15,53,62,98,12,63,67,26,41,108,5,66,60" hai1="79,112,75,111,33,131,80,4,32,64,52,135,116" hai2="74,82,70,44,47,124,55,104,119,68,9,65,89" hai3="99,31,120,94,11,35,101,95,0,132,34,90,86"/><T38/><D108/><U51/><E116/><V59/><F119/><W100/><G132/><T121/><D121/><U93/><E135/><V84/><F124/><W115/><G115/><T24/><D38/><U25/><E111/><V58/><F74/><W57/><G120/><T61/><D41/><U43/><E112/><V77/><F104/><W2/><G31/><T71/><D53/><U36/><E131/><V128/><F128/><W109/><G109/><T117/><D117/><U23/><E64/><V129/><F129/><W118/><G118/><T125/><D125/><U22/><E4/><V127/><F127/><W29/><G29/><T133/><D133/><U69/><E69/><V37/><F58/><W113/><G113/><T102/><D67/><U28/><E43/><V110/><F65/><W7/><G2/><T49/><D49/><U130/><E36/><V46/><F37/><W3/><G3/><T114/><D114/><U73/><E130/><V54/><F54/><W1/><G1/><T17/><D5/><U50/><E75/><V91/><F70/><W27/><G27/><T126/><D12/><U122/><E122/><V19/><F68/><W21/><G21/><N who="0" m="11455" /><D126/><U8/><E8/><V103/><F110/><W14/><G0/><T42/><D42/><U16/><E93/><V123/><F123/><W134/><G134/><T106/><D71/><U10/><E10/><V40/><F40/><W76/><G11/><T105/><D105/><U13/><REACH who="1" step="1"/><E51/><REACH who="1" ten="250,240,250,250" step="2"/><V48/><F9/><N who="3" m="4415" /><G94/><T78/><N who="0" m="15360" /><DORA hai="56" /><T45/><D66/><U39/><E39/><V96/><F48/><RYUUKYOKU ba="0,1" sc="250,-10,240,30,250,-10,250,-10" hai1="13,16,22,23,25,28,32,33,50,52,73,79,80" /><INIT seed="1,1,1,2,1,62" ten="240,270,240,240" oya="1" hai0="37,7,106,58,41,24,94,101,93,99,28,88,51" hai1="33,34,77,92,61,56,100,119,39,23,32,131,121" hai2="118,84,73,105,38,26,43,126,6,19,91,125,49" hai3="54,65,53,75,27,113,69,71,36,29,132,110,5"/><U130/><E119/><V8/><F73/><W2/><G113/><T40/><D37/><U22/><E121/><V14/><F118/><W90/><G36/><T116/><D116/><U10/><E39/><V52/><F105/><W12/><G75/><T97/><D7/><U127/><E77/><V0/><F38/><W109/><G2/><T13/><D13/><U86/><E10/><V135/><F43/><W67/><G132/><T133/><D133/><U63/><E127/><V72/><F72/><W68/><G90/><T89/><D58/><U129/><E63/><V4/><F26/><W70/><G70/><T48/><D41/><U81/><E100/><V55/><F55/><N who="3" m="21003" /><G12/><T83/><D83/><U57/><E57/><N who="2" m="32911" /><F135/><W31/><G5/><T95/><D40/><U98/><E98/><V107/><F107/><W30/><G27/><T35/><REACH who="0" step="1"/><D95/><REACH who="0" ten="230,270,240,240" step="2"/><U44/><E44/><V60/><F0/><W1/><G1/><T104/><D104/><U112/><E112/><V74/><F125/><W115/><G115/><T16/><D16/><U128/><E92/><V96/><F126/><W103/><G103/><T59/><D59/><U78/><N who="1" m="32768" /><DORA hai="76" /><U18/><REACH who="1" step="1"/><E18/><REACH who="1" ten="230,260,240,240" step="2"/><V117/><F19/><W15/><G15/><T47/><D47/><U87/><E87/><AGARI ba="1,3" hai="24,28,35,48,51,87,88,89,93,94,97,99,101,106" machi="87" ten="30,3900,0" yaku="1,1,7,1,54,1,53,0" doraHai="62,76" doraHaiUra="120,124" who="0" fromWho="1" sc="230,72,260,-42,240,0,240,0" /><INIT seed="2,0,0,1,4,50" ten="302,218,240,240" oya="2" hai0="132,8,20,128,47,74,15,19,48,75,14,16,87" hai1="133,62,58,68,57,116,89,29,21,105,46,76,59" hai2="3,17,11,94,81,98,122,69,82,38,123,63,52" hai3="77,101,73,104,109,88,99,129,110,31,115,12,131"/><V127/><F38/><W97/><G31/><T70/><D70/><U5/><E116/><V10/><F127/><W56/><G115/><T39/><D132/><U111/><E105/><V25/><F123/><W90/><G12/><T65/><D128/><N who="3" m="49225" /><G56/><T18/><D39/><U55/><E133/><V95/><F122/><W24/><G24/><T40/><D65/><U100/><E100/><V130/><F130/><W51/><G51/><T121/><D121/><U91/><E5/><V53/><F3/><W7/><G7/><T34/><D34/><U66/><E76/><V2/><F2/><W9/><G9/><N who="2" m="3081" /><F69/><W49/><G49/><T64/><D64/><U118/><E118/><V36/><F63/><W80/><G99/><T28/><D28/><U86/><E111/><AGARI ba="0,0" hai="73,77,80,88,90,97,101,104,109,110,111" m="49225" machi="111" ten="30,8000,1" yaku="14,1,19,1,34,2,54,1" doraHai="50" who="3" fromWho="1" sc="302,0,218,-80,240,0,240,80" /><INIT seed="3,0,0,0,3,132" ten="302,138,240,320" oya="3" hai0="53,104,79,112,50,12,85,119,29,78,10,102,49" hai1="133,84,93,121,26,6,9,109,110,66,103,94,61" hai2="21,76,107,57,108,90,75,82,24,118,8,36,135" hai3="38,63,7,64,117,46,68,34,126,54,74,59,11"/><W127/><G34/><T28/><D119/><U129/><E121/><V20/><F118/><W98/><G74/><T0/><D0/><U71/><E133/><V114/><F135/><W101/><G117/><T67/><D112/><U116/><E116/><V52/><F114/><W87/><G87/><T77/><D67/><U5/><E129/><V32/><F36/><W105/><G54/><T13/><D104/><U56/><E93/><V91/><F107/><W113/><G113/><T115/><D102/><U73/><E73/><V17/><F32/><W22/><G22/><T31/><D115/><U92/><E92/><V130/><F130/><W123/><G59/><N who="0" m="33199" /><D50/><U65/><E9/><V4/><F21/><W33/><G33/><T40/><D40/><U69/><E26/><V44/><F44/><W16/><G16/><N who="0" m="8215" /><D13/><U125/><E103/><V19/><F19/><W120/><G46/><T45/><D45/><U25/><E25/><V80/><F80/><AGARI ba="0,0" hai="28,29,31,77,78,79,80,85" m="8215,33199" machi="80" ten="30,2000,0" yaku="8,1,54,1" doraHai="132" who="0" fromWho="2" sc="302,20,138,0,240,-20,320,0" /><INIT seed="4,0,0,1,5,29" ten="322,138,220,320" oya="0" hai0="105,132,11,37,68,23,125,35,58,39,1,95,131" hai1="75,9,60,100,104,72,120,91,133,47,10,54,40" hai2="43,30,92,63,38,74,59,114,71,5,27,94,65" hai3="69,24,50,45,7,119,56,67,123,121,55,85,66"/><T33/><D23/><U6/><E120/><N who="3" m="46154" /><G7/><N who="0" m="1519" /><D58/><U25/><E133/><V53/><F114/><W98/><G98/><T18/><D18/><U107/><E25/><V87/><F74/><W32/><G69/><T2/><D95/><U26/><E26/><V101/><F5/><W8/><G8/><T19/><D19/><U22/><E22/><V44/><F87/><W135/><G135/><T17/><D17/><U82/><E9/><V112/><F101/><W134/><G134/><T88/><D88/><U4/><E4/><V70/><F70/><W118/><G85/><T48/><D48/><U20/><E20/><V0/><F0/><W15/><G15/><T103/><D132/><U81/><E100/><V86/><F86/><W16/><G16/><T28/><D2/><N who="1" m="343" /><E91/><V83/><F112/><W51/><G51/><T41/><D68/><U113/><E54/><V61/><F83/><W76/><G55/><T64/><D64/><U122/><E60/><V52/><F53/><W46/><G67/><T49/><D49/><U42/><E122/><V12/><F12/><W109/><G66/><T62/><D62/><U108/><E113/><V115/><F115/><W117/><G117/><T111/><D111/><U127/><E75/><V106/><F106/><W102/><G109/><T124/><D105/><U21/><E108/><V128/><F92/><W116/><G116/><T13/><D13/><U79/><E104/><V90/><F94/><W3/><G119/><T77/><D28/><U130/><E107/><V126/><F90/><W96/><G118/><T129/><D103/><U84/><E21/><RYUUKYOKU ba="0,0" sc="322,0,138,0,220,0,320,0" /><INIT seed="5,1,0,0,0,35" ten="322,138,220,320" oya="1" hai0="89,5,28,81,59,75,46,117,113,77,31,34,114" hai1="109,27,19,100,85,45,32,57,132,37,49,8,91" hai2="33,107,131,74,104,26,47,121,106,134,94,53,10" hai3="12,86,80,30,76,16,15,102,38,108,22,13,18"/><U66/><E37/><V62/><F121/><W73/><G108/><T69/><D69/><U95/><E109/><V96/><F74/><W129/><G38/><T17/><D117/><U124/><E100/><V54/><F134/><W2/><G2/><T29/><D5/><U43/><E132/><V112/><F131/><W55/><G129/><T20/><D34/><U11/><E124/><V64/><F112/><N who="0" m="43114" /><D46/><U58/><E32/><V0/><F47/><W52/><G102/><T84/><D59/><N who="1" m="22539" /><E66/><V111/><F111/><W120/><G120/><T48/><D48/><U98/><E98/><V93/><F93/><W14/><G73/><T56/><D56/><U125/><E125/><V135/><F135/><W68/><G30/><T42/><D42/><U122/><E122/><V36/><F36/><W67/><G67/><T119/><D119/><U63/><E63/><V23/><F33/><W90/><G68/><T78/><D75/><U3/><E3/><V9/><F62/><W65/><G65/><T60/><D60/><U115/><E115/><V40/><F64/><W24/><REACH who="3" step="1"/><G76/><REACH who="3" ten="322,138,220,310" step="2"/><T4/><D4/><U51/><E51/><V92/><F0/><W123/><G123/><T133/><D133/><U71/><E71/><V130/><F130/><W44/><G44/><T21/><D17/><U128/><E128/><V25/><F40/><W7/><G7/><T99/><D78/><U87/><E87/><V6/><F6/><W70/><G70/><T72/><D84/><U118/><E118/><V126/><F126/><W1/><G1/><T82/><D72/><U41/><E41/><RYUUKYOKU ba="1,1" sc="322,-15,138,15,220,-15,310,15" hai1="8,11,19,27,43,45,49,85,91,95" hai3="12,13,14,15,16,18,22,24,52,55,80,86,90" /><INIT seed="5,2,1,0,0,128" ten="307,153,205,325" oya="1" hai0="30,13,121,135,70,73,66,88,42,31,38,2,129" hai1="93,10,35,102,48,9,130,123,117,60,57,104,83" hai2="76,105,55,74,0,53,47,18,17,49,29,112,90" hai3="63,124,46,41,126,52,19,110,119,22,36,120,100"/><U134/><E123/><V20/><F0/><W115/><G110/><T133/><D2/><U87/><E117/><V84/><F105/><W56/><G120/><T101/><D121/><U103/><E104/><V108/><F108/><W78/><G115/><T23/><D73/><U6/><E35/><V81/><F112/><W5/><G5/><T107/><D129/><U51/><E130/><V27/><REACH who="2" step="1"/><F53/><REACH who="2" ten="307,153,195,325" step="2"/><W85/><G52/><T43/><D107/><U71/><E71/><V40/><F40/><W39/><G41/><T59/><D43/><U92/><E6/><V1/><F1/><W28/><G124/><T14/><D42/><U95/><E60/><V34/><F34/><W89/><G63/><T111/><D111/><U33/><E33/><V68/><F68/><W12/><G126/><T58/><D70/><U65/><E65/><V116/><F116/><W86/><G119/><T106/><D66/><U21/><E57/><V61/><F61/><W131/><G56/><T127/><D58/><U16/><E48/><V91/><F91/><W3/><G89/><T118/><D59/><U4/><E51/><V11/><F11/><N who="1" m="4105" /><E4/><V7/><F7/><W82/><G3/><T62/><D106/><U45/><E45/><V80/><AGARI ba="2,2" hai="17,18,20,27,29,47,49,55,74,76,80,81,84,90" machi="80" ten="20,2700,0" yaku="1,1,0,1,7,1,53,0" doraHai="128" doraHaiUra="98" who="2" fromWho="2" sc="307,-9,153,-15,195,53,325,-9" /><INIT seed="6,0,0,0,2,72" ten="298,138,248,316" oya="2" hai0="130,47,33,49,105,14,98,121,75,24,27,1,126" hai1="34,69,43,70,129,60,55,111,103,53,2,56,28" hai2="74,78,22,101,112,23,133,123,5,38,99,86,7" hai3="83,3,12,62,124,57,48,9,115,118,0,29,119"/><V15/><F123/><W8/><G29/><T128/><D1/><U39/><E2/><V81/><F38/><W18/><G48/><T96/><D126/><U20/><E34/><V58/><F133/><W106/><G106/><T30/><D121/><U10/><E10/><V135/><F135/><W80/><G124/><T84/><D75/><U42/><E103/><V90/><F112/><W50/><G50/><T36/><D36/><U41/><E20/><V51/><F51/><W52/><G0/><T46/><D46/><N who="1" m="23871" /><E28/><V131/><F58/><W132/><G132/><T122/><D122/><U16/><E16/><V93/><F131/><N who="0" m="50218" /><D105/><U117/><E129/><V66/><F66/><W79/><G115/><T21/><D84/><U63/><E111/><V82/><REACH who="2" step="1"/><F15/><REACH who="2" ten="298,138,238,316" step="2"/><W67/><G3/><T114/><D14/><U68/><E117/><V95/><F95/><W59/><G12/><T87/><D114/><U4/><E4/><AGARI ba="0,1" hai="4,5,7,22,23,74,78,81,82,86,90,93,99,101" machi="4" ten="40,3900,0" yaku="1,1,52,1,53,0" doraHai="72" doraHaiUra="54" who="2" fromWho="1" sc="298,0,138,-39,238,49,316,0" /><INIT seed="6,1,0,3,0,42" ten="298,99,287,316" oya="2" hai0="102,28,25,72,1,48,71,91,117,46,77,2,6" hai1="21,108,44,16,3,0,114,121,43,123,78,18,55" hai2="34,105,85,64,73,15,122,126,127,29,32,131,47" hai3="87,109,124,119,23,110,75,14,20,103,33,113,82"/><V111/><F73/><W134/><G119/><T133/><D71/><U97/><E108/><V56/><F122/><N who="1" m="46601" /><E78/><V59/><F105/><W112/><G75/><T57/><D102/><U86/><E86/><V36/><F111/><W88/><G33/><T30/><D117/><U104/><E55/><V19/><F29/><W53/><G124/><N who="2" m="47657" /><F131/><W80/><G134/><T63/><D30/><U125/><E114/><N who="3" m="44138" /><G103/><T68/><D6/><U92/><E104/><V115/><F115/><W120/><G120/><T61/><D68/><U101/><E125/><V98/><F98/><W35/><G35/><N who="2" m="13353" /><F85/><N who="3" m="50215" /><G53/><T13/><D72/><U22/><E22/><N who="3" m="8234" /><G14/><T99/><D13/><N who="1" m="9359" /><E18/><V100/><F100/><W31/><G31/><T128/><D28/><U7/><E7/><V90/><F90/><AGARI ba="1,0" hai="82,87,90,109,110" m="8234,50215,44138" machi="90" ten="30,3900,0" yaku="15,1,11,1,54,1" doraHai="42" who="3" fromWho="2" sc="298,0,99,0,287,-42,316,42" /><INIT seed="7,0,0,2,5,6" ten="298,99,245,358" oya="3" hai0="19,62,24,20,57,53,123,43,124,83,7,47,135" hai1="91,30,112,100,93,52,37,1,58,82,16,133,5" hai2="118,17,106,48,63,126,108,130,46,88,127,80,33" hai3="95,3,39,81,85,13,25,21,107,97,64,98,65"/><W27/><G3/><T86/><D123/><U38/><E133/><V117/><F106/><W49/><G39/><T9/><D124/><U45/><E112/><V99/><F33/><W79/><G107/><T44/><D135/><U132/><E132/><V22/><F108/><W71/><G71/><T120/><D120/><U76/><E100/><V4/><F130/><W78/><G78/><T102/><D102/><U110/><E110/><V29/><F29/><N who="3" m="17583" /><G27/><T131/><D43/><U77/><E30/><V28/><F28/><W70/><G70/><T36/><D36/><U61/><E16/><V113/><F113/><W8/><G49/><T129/><D129/><U121/><E121/><V73/><F73/><W59/><G59/><T69/><D69/><U115/><E115/><V55/><F118/><W35/><G35/><T41/><D41/><U68/><E68/><V0/><F117/><W105/><G105/><T84/><D131/><U89/><E93/><V128/><F128/><W31/><G31/><T2/><REACH who="0" step="1"/><D86/><REACH who="0" ten="288,99,245,358" step="2"/><U42/><E38/><V72/><F127/><W111/><G111/><T23/><D23/><U116/><E116/><V125/><F125/><W103/><G98/><T94/><D94/><U114/><E114/><V40/><F126/><W26/><G95/><T15/><D15/><U67/><E67/><V14/><F99/><W32/><G97/><T104/><D104/><U96/><E96/><V92/><F92/><W34/><G65/><T75/><D75/><N who="1" m="43295" /><E77/><AGARI ba="0,1" hai="2,7,9,19,20,24,44,47,53,57,62,77,83,84" machi="77" ten="30,3900,0" yaku="1,1,7,1,52,1,53,0" doraHai="6" doraHaiUra="87" who="0" fromWho="1" sc="288,49,99,-39,245,0,358,0" owari="337,14.0,60,-44.0,245,-15.0,358,45.0" /></mjloggm>