<mjloggm ver="2.3"><GO type="41"/><UN n0="%4E%6F%6D%65%6C" n1="%E3%81%8B%E3%83%BC%E3%81%9F" n2="%E3%82%A6%E3%83%AB%E3%83%88%E3%83%A9%E7%AB%8B%E7%9B%B4" n3="%44%72%E2%98%85%E3%82%A4%E3%83%81%E3%82%AC%E3%82%AD" dan="13,13,15,14" rate="1875,1830,1985,1931" sx="M,M,M,M"/><TAIKYOKU oya="0"/><INIT seed="0,0,0,5,5,25" ten="250,250,250,250" oya="0" hai0="105,117,46,119,39,41,89,84,56,92,1,81,129" hai1="5,106,30,15,77,135,33,27,125,62,116,14,23" hai2="133,113,98,100,20,59,42,97,94,128,13,43,69" hai3="35,34,37,44,96,108,4,60,102,67,8,10,134"/><T104/><D1/><U47/><E106/><V28/><F69/><W17/><G108/><T45/><D105/><U86/><E116/><V11/><F113/><W55/><G134/><T72/><D104/><U123/><E123/><V22/><F128/><W31/><G17/><T51/><D129/><U32/><E135/><V132/><F133/><W75/><G75/><T57/><D72/><U115/><E115/><V80/><F132/><W52/><G10/><T36/><D36/><U65/><E125/><V103/><F80/><W122/><G122/><T110/><D110/><U24/><E47/><V50/><F22/><W79/><G79/><T111/><D111/><U124/><E124/><V130/><F130/><W0/><G55/><T7/><D7/><U131/><E131/><V53/><F20/><W121/><G121/><T12/><D12/><U29/><E86/><V85/><F85/><W63/><G63/><T101/><D101/><U61/><E77/><V91/><F28/><W120/><G120/><T73/><D73/><U82/><E82/><V40/><REACH who="2" step="1"/><F98/><REACH who="2" step="2"/><W66/><G31/><T87/><D119/><U26/><E65/><V64/><F64/><W114/><G114/><T76/><D117/><U48/><E5/><AGARI ba="0,1" hai="5,11,13,40,42,43,50,53,59,91,94,97,100,103" machi="5" ten="40,5200,0" yaku="1,1,8,1,53,1" doraHai="25" doraHaiUra="93" who="2" fromWho="1" sc="250,0,250,-52,240,62,250,0" /><INIT seed="1,0,0,4,5,18" ten="250,198,302,250" oya="1" hai0="35,44,1,53,103,106,11,112,21,0,131,10,87" hai1="7,38,31,64,75,62,28,17,27,42,120,125,130" hai2="101,114,107,105,81,86,29,108,19,80,57,54,71" hai3="43,124,33,113,85,78,61,23,9,79,8,70,41"/><U76/><E120/><V20/><F71/><W56/><G33/><T48/><D112/><U89/><E76/><V40/><F114/><W67/><G113/><T119/><D119/><U73/><E42/><V16/><F105/><W66/><G124/><T99/><D35/><U126/><E38/><V5/><F108/><W15/><G66/><T83/><D131/><U3/><E130/><V94/><F107/><W14/><G70/><T22/><D1/><U133/><E133/><V109/><F109/><W91/><G41/><T110/><D110/><U116/><E116/><V13/><F40/><W36/><G43/><T127/><D127/><N who="1" m="48651" /><E89/><V37/><F37/><W50/><G36/><T98/><D98/><U84/><E84/><V69/><F69/><W68/><G68/><T92/><D106/><U134/><E134/><V135/><F135/><W77/><G50/><T45/><D0/><U47/><E47/><V102/><F94/><N who="3" m="54639" /><G14/><T104/><D104/><U4/><E75/><V12/><F102/><W30/><G15/><T34/><D34/><U115/><E73/><V74/><F101/><W65/><G65/><T118/><D118/><U121/><E121/><V93/><F74/><W82/><G82/><T24/><D45/><U39/><E39/><V46/><F46/><W26/><AGARI ba="0,0" hai="8,9,23,26,30,56,61,67,77,78,79" m="54639" machi="26" ten="30,2000,0" yaku="8,1,52,1" doraHai="18" who="3" fromWho="3" sc="250,-5,198,-10,302,-5,250,20" /><INIT seed="2,0,0,2,0,24" ten="245,188,297,270" oya="2" hai0="118,94,129,13,8,74,16,101,28,89,40,122,29" hai1="108,41,38,2,102,45,92,56,91,128,48,65,23" hai2="36,61,73,97,50,104,68,117,86,96,116,110,39" hai3="113,83,7,115,135,121,6,64,126,57,82,103,85"/><V30/><F86/><W84/><G121/><T125/><D122/><U88/><E2/><V95/><F95/><W12/><G103/><T78/><D101/><U37/><E128/><V66/><F73/><W106/><G106/><T55/><D129/><U53/><E108/><V15/><F15/><W69/><G69/><T27/><D125/><U3/><E3/><V70/><F50/><W54/><G126/><T14/><D27/><U127/><E127/><V43/><F110/><W111/><G64/><T4/><D118/><U31/><E91/><V79/><F79/><N who="3" m="46207" /><G111/><T52/><D74/><U22/><E38/><V132/><F132/><W134/><G12/><T123/><D78/><U34/><E102/><V133/><F133/><N who="3" m="50699" /><G6/><T81/><D40/><U119/><E119/><V0/><F0/><W130/><G7/><T87/><D123/><U99/><E65/><V51/><F66/><W18/><G18/><T47/><D81/><U98/><REACH who="1" step="1"/><E99/><REACH who="1" step="2"/><V33/><F97/><W131/><G130/><T124/><D124/><U62/><E62/><V11/><F96/><W93/><G131/><T76/><D76/><U21/><E21/><V71/><F61/><W20/><G20/><N who="0" m="11279" /><D55/><U44/><E44/><N who="2" m="26015" /><F117/><W107/><G115/><T1/><D1/><U67/><E67/><V10/><F116/><W114/><G113/><T5/><D5/><U63/><E63/><V109/><F109/><W75/><G114/><T100/><D100/><U60/><E60/><V58/><F104/><W49/><G107/><T9/><D9/><N who="2" m="3082" /><F58/><W46/><G57/><T25/><D25/><AGARI ba="0,1" hai="22,23,25,31,34,37,41,45,48,53,56,88,92,98" machi="25" ten="40,5200,0" yaku="1,1,52,1,54,1,53,0" doraHai="24" doraHaiUra="80" who="1" fromWho="0" sc="245,-52,178,62,297,0,270,0" /><INIT seed="3,0,0,4,1,74" ten="193,240,297,270" oya="3" hai0="89,79,26,62,99,90,34,61,43,95,120,4,132" hai1="104,39,28,101,102,109,86,35,82,50,52,115,36" hai2="48,67,2,18,12,113,25,21,63,133,116,45,38" hai3="16,3,129,125,13,20,128,30,68,111,121,70,69"/><W56/><G121/><T91/><D120/><U46/><E115/><V59/><F116/><W5/><G30/><T44/><D132/><U93/><E109/><V15/><F133/><W107/><G107/><T127/><D34/><U72/><E104/><V94/><F113/><W7/><G111/><T11/><D26/><U71/><E71/><V57/><F2/><W54/><G125/><T88/><D127/><U51/><E35/><V114/><F114/><W118/><G118/><T126/><D126/><U23/><E72/><V41/><F94/><W37/><G37/><T10/><D79/><N who="1" m="46431" /><E39/><V53/><AGARI ba="0,0" hai="12,15,18,21,25,38,41,45,48,53,57,59,63,67" machi="53" ten="30,1100,0" yaku="0,1" doraHai="74" who="2" fromWho="2" sc="193,-3,240,-3,297,11,270,-5" /><INIT seed="4,0,0,3,0,64" ten="190,237,308,265" oya="0" hai0="60,65,49,84,1,36,104,131,38,99,100,116,95" hai1="61,62,16,107,120,91,74,41,35,123,37,50,133" hai2="23,85,125,76,112,59,24,110,51,89,45,108,5" hai3="26,134,29,33,126,11,13,78,53,128,130,118,109"/><T114/><D116/><U92/><E107/><V32/><F32/><W70/><G118/><T56/><D1/><U83/><E74/><V44/><F110/><W69/><G109/><T73/><D73/><U121/><E35/><V22/><F108/><W39/><G39/><T42/><D131/><N who="3" m="50217" /><G134/><T97/><D114/><U80/><E37/><V88/><F112/><W19/><G126/><T40/><D84/><U66/><E133/><V81/><F125/><W119/><G119/><T15/><D36/><U27/><E61/><V20/><F24/><W82/><G53/><T79/><D79/><U86/><E41/><V8/><F59/><W93/><G93/><T71/><D38/><U67/><E66/><V6/><F45/><W96/><G96/><T52/><REACH who="0" step="1"/><D15/><REACH who="0" step="2"/><U0/><E0/><V43/><F6/><W58/><G58/><T101/><AGARI ba="0,1" hai="40,42,49,52,56,60,65,71,95,97,99,100,101,104" machi="101" ten="20,18000,2" yaku="1,1,2,1,0,1,7,1,52,1,54,1,53,0" doraHai="64" doraHaiUra="72" who="0" fromWho="0" sc="180,190,237,-60,308,-60,265,-60" /><INIT seed="4,1,0,2,1,30" ten="370,177,248,205" oya="0" hai0="8,6,62,44,48,119,18,78,94,24,132,11,88" hai1="120,4,13,21,15,71,61,32,56,1,28,135,7" hai2="113,77,49,10,133,121,53,122,39,54,31,59,123" hai3="95,75,82,55,36,66,93,5,129,68,114,130,89"/><T81/><D119/><U26/><E71/><V86/><F10/><W63/><G36/><T72/><D132/><U64/><E135/><V100/><F133/><W110/><G110/><T92/><D62/><U2/><E120/><V34/><F39/><W102/><G114/><T19/><D24/><N who="1" m="18439" /><E56/><V60/><F113/><W29/><G5/><N who="1" m="2122" /><E64/><V76/><F100/><W23/><G55/><T111/><D111/><U45/><E45/><V84/><F31/><W46/><G46/><T50/><D92/><U96/><E96/><V20/><F20/><W87/><G75/><T131/><D131/><N who="3" m="50185" /><G102/><T41/><D48/><U27/><E61/><V118/><F118/><W127/><G127/><T109/><D11/><U79/><E79/><V67/><F34/><W101/><G101/><T57/><D109/><U47/><E47/><V83/><REACH who="2" step="1"/><F49/><REACH who="2" step="2"/><W65/><G23/><T12/><D57/><U35/><E26/><V126/><F126/><W3/><G68/><T40/><D40/><U73/><E35/><V22/><F22/><W58/><G58/><T97/><AGARI ba="1,1" hai="6,8,12,18,19,41,44,50,72,78,81,88,94,97" machi="97" ten="20,3900,0" yaku="0,1,7,1,54,1" doraHai="30" who="0" fromWho="0" sc="370,52,177,-14,238,-14,205,-14" /><INIT seed="4,2,0,5,1,9" ten="422,163,224,191" oya="0" hai0="126,68,134,100,117,113,93,46,95,106,56,73,49" hai1="26,115,87,3,10,19,2,35,21,41,122,36,80" hai2="97,99,103,29,32,124,33,47,52,13,31,15,125" hai3="90,77,28,133,104,16,24,54,128,129,14,120,0"/><T78/><D117/><U20/><E122/><V114/><F114/><W83/><G120/><T112/><D68/><U5/><E41/><V96/><F103/><W69/><G0/><T7/><D106/><U1/><E36/><V25/><F47/><W27/><G69/><T107/><D107/><U135/><E80/><V86/><F86/><N who="3" m="48495" /><G104/><T131/><D134/><U61/><E61/><V102/><F102/><W82/><G133/><T111/><D111/><U75/><E87/><V39/><F39/><W57/><G82/><T8/><D131/><N who="3" m="50249" /><G90/><T22/><D126/><N who="2" m="48746" /><F52/><W71/><G28/><N who="2" m="10825" /><F25/><W66/><G66/><T42/><D100/><U53/><E53/><V4/><F4/><W81/><G71/><T30/><D56/><U58/><E58/><V70/><F70/><W72/><G72/><T38/><D38/><U92/><E92/><V23/><F23/><N who="3" m="11671" /><G81/><T45/><D73/><U132/><E75/><V65/><F65/><W94/><G94/><T91/><D93/><U60/><E60/><AGARI ba="2,0" hai="24,27,54,57,60" m="11671,50249,48495" machi="60" ten="30,3900,0" yaku="19,1,52,1,54,1" doraHai="9" who="3" fromWho="1" sc="422,0,163,-45,224,0,191,45" /><INIT seed="5,0,0,2,2,53" ten="422,118,224,236" oya="1" hai0="121,30,91,11,48,56,80,71,108,37,46,6,64" hai1="102,104,19,78,118,14,16,3,12,98,45,22,67" hai2="57,52,39,103,47,107,63,7,31,76,43,69,86" hai3="110,25,132,23,130,112,74,90,35,18,79,20,32"/><U24/><E118/><V0/><F31/><W124/><G110/><T93/><D108/><U62/><E3/><V96/><F0/><W92/><G112/><T99/><D37/><U41/><E78/><V128/><F128/><W28/><G130/><T127/><D127/><U101/><E102/><V36/><F7/><W50/><G124/><T55/><D71/><U81/><E81/><V111/><F111/><W9/><G132/><T97/><D121/><U44/><E41/><V1/><F1/><W54/><G9/><T133/><D133/><U61/><E24/><V82/><F69/><W100/><G100/><T5/><D30/><U95/><E104/><V51/><AGARI ba="0,0" hai="36,39,43,47,51,52,57,63,76,82,86,96,103,107" machi="51" ten="20,5200,0" yaku="0,1,7,1,52,1,54,1" doraHai="53" who="2" fromWho="2" sc="422,-13,118,-26,224,52,236,-13" /><INIT seed="6,0,0,0,1,109" ten="409,92,276,223" oya="2" hai0="110,133,85,56,15,52,35,90,127,43,123,101,54" hai1="121,86,21,128,70,129,78,91,107,10,74,122,64" hai2="71,114,37,95,83,89,50,29,113,104,79,9,58" hai3="118,48,8,100,132,14,55,26,87,73,22,25,60"/><V30/><F71/><W84/><G73/><T7/><D110/><U131/><E64/><V63/><F104/><W41/><G118/><T33/><D123/><N who="1" m="47115" /><E70/><V99/><F37/><W32/><G100/><T6/><D133/><U16/><E10/><V4/><F50/><W13/><G132/><T125/><D101/><U115/><E115/><N who="2" m="44043" /><F83/><W57/><G32/><T75/><D75/><U47/><E47/><V116/><F79/><W1/><G1/><T80/><D43/><U67/><E67/><N who="2" m="39415" /><F116/><W98/><G48/><T39/><D39/><U23/><E21/><V65/><F65/><W20/><G22/><T59/><D35/><U97/><E16/><V46/><F46/><W130/><G20/><T94/><D33/><U72/><E23/><V27/><F27/><W106/><G25/><T53/><D15/><AGARI ba="0,0" hai="4,9,15,29,30,89,95,99" m="39415,44043" machi="15" ten="30,11600,0" yaku="15,1,52,3" doraHai="109" who="2" fromWho="0" sc="409,-116,92,0,276,116,223,0" /><INIT seed="6,1,0,1,1,26" ten="293,92,392,223" oya="2" hai0="98,85,99,100,37,111,115,127,78,71,133,39,102" hai1="67,87,95,45,128,48,3,19,86,117,129,28,27" hai2="31,54,52,13,77,109,73,55,134,84,83,113,112" hai3="97,49,108,35,5,94,1,29,74,63,40,118,50"/><V14/><F134/><W34/><G108/><T36/><D111/><U4/><E117/><V88/><F109/><W90/><G118/><T12/><D71/><U103/><E4/><V2/><F2/><W70/><G74/><T59/><D133/><U38/><E3/><V30/><F14/><W135/><G135/><T41/><D41/><U116/><E116/><V82/><F13/><W7/><G35/><T10/><D127/><U44/><E38/><V23/><F23/><W68/><G68/><T0/><D0/><U6/><E6/><V9/><F9/><W107/><G107/><T42/><D42/><U105/><E105/><V101/><F101/><W32/><G32/><T46/><D46/><U125/><E125/><V75/><F75/><W96/><G96/><T81/><D59/><U72/><E72/><V93/><F93/><W56/><G70/><T24/><D24/><U110/><E110/><V20/><F20/><W16/><G16/><T51/><D51/><U60/><E129/><V15/><F15/><W132/><G132/><T17/><D102/><U11/><E128/><V114/><AGARI ba="1,0" hai="30,31,52,54,55,73,77,82,83,84,88,112,113,114" machi="114" ten="40,18000,2" yaku="0,1,15,1,52,2,54,2" doraHai="26" who="2" fromWho="2" sc="293,-61,92,-61,392,183,223,-61" /><INIT seed="6,2,0,3,3,67" ten="232,31,575,162" oya="2" hai0="6,106,61,42,66,114,13,98,126,39,99,88,105" hai1="1,3,30,110,108,36,49,2,35,10,103,48,24" hai2="57,113,7,25,68,131,93,52,43,94,53,55,101" hai3="89,124,69,84,127,11,97,45,86,0,31,46,102"/><V72/><F72/><W32/><G84/><T9/><D126/><N who="3" m="48169" /><G69/><T19/><D114/><U16/><E36/><V119/><F119/><W123/><G123/><T85/><D106/><U118/><E103/><V5/><F68/><W12/><G0/><T23/><D39/><U54/><E49/><V71/><F71/><W96/><G31/><T75/><D75/><U91/><E54/><V70/><F70/><W129/><G32/><T41/><D105/><U92/><E91/><V135/><F43/><W79/><G79/><T109/><D109/><U80/><E92/><V81/><F81/><N who="3" m="49359" /><G129/><T82/><D42/><U60/><E80/><V132/><F131/><W120/><G120/><T8/><D41/><U111/><E60/><V104/><F57/><W26/><G26/><T116/><D116/><U74/><E48/><V63/><F25/><W44/><G102/><T58/><REACH who="0" step="1"/><D9/><REACH who="0" step="2"/><U22/><E74/><V56/><F104/><W37/><G37/><T18/><D18/><AGARI ba="2,1" hai="11,12,18,44,45,46,96,97" m="49359,48169" machi="18" ten="30,1000,0" yaku="18,1" doraHai="67" who="3" fromWho="0" sc="222,-16,31,0,575,0,162,26" /><INIT seed="7,0,0,3,5,13" ten="206,31,575,188" oya="3" hai0="42,121,18,50,22,95,86,98,110,67,57,135,30" hai1="38,59,122,94,117,124,82,52,8,65,119,72,43" hai2="113,3,84,107,44,96,49,12,111,130,69,21,60" hai3="80,123,24,34,40,129,74,55,41,126,10,99,0"/><W23/><G123/><T15/><D121/><U1/><E122/><V31/><F3/><W19/><G34/><T28/><D110/><U26/><E65/><V79/><F60/><W25/><G129/><T20/><D135/><U108/><E108/><V77/><F96/><W64/><G64/><T103/><D86/><U89/><E124/><V75/><F84/><W85/><G74/><T125/><D125/><U48/><E26/><V66/><F49/><W105/><G126/><T16/><D67/><U33/><E33/><V45/><F44/><W102/><G55/><N who="0" m="31991" /><D42/><U134/><E134/><V27/><F66/><W62/><G62/><T29/><D29/><U83/><E82/><V81/><F69/><W97/><G97/><T7/><D7/><U73/><E73/><V131/><F107/><W47/><G25/><AGARI ba="0,0" hai="15,16,18,20,22,25,28,30,95,98,103" m="31991" machi="25" ten="30,7700,0" yaku="8,1,52,2,54,1" doraHai="13" who="0" fromWho="3" sc="206,77,31,0,575,0,188,-77" owari="283,8,31,-47,575,68,111,-29" /></mjloggm>