<mjloggm ver="2.3"><GO type="169"/><UN n0="%72%61%72%61%70%70%65" n1="%E3%83%AD%E3%83%AA%E3%83%BC%E3%82%BF%E3%81%AA%E7%84%BC%E8%82%89" n2="%EF%BC%88%E2%89%A7%E2%96%BD%E2%89%A6%EF%BC%89" n3="%E3%82%BC%E3%83%B3%E3%83%84%E3%83%83%E3%83%91" dan="16,16,17,16" rate="2045,2094,2145,2082" sx="M,M,M,M"/><TAIKYOKU oya="0"/><INIT seed="0,0,0,0,5,68" ten="250,250,250,250" oya="0" hai0="62,36,50,132,2,98,19,100,92,117,41,34,1" hai1="93,63,105,15,129,120,32,56,7,17,18,33,14" hai2="128,47,24,43,135,72,59,26,65,82,114,57,0" hai3="3,38,29,40,9,61,89,37,83,111,51,77,96"/><T46/><D117/><U118/><E105/><V95/><F0/><W84/><G111/><T131/><D132/><U119/><E93/><V103/><F114/><W124/><G124/><T69/><D131/><U122/><E56/><V110/><F110/><W35/><G35/><T5/><D34/><U91/><E63/><V125/><F125/><W16/><G29/><T4/><D50/><U75/><E91/><V42/><F72/><W73/><G96/><T39/><D19/><U112/><E75/><V23/><F82/><W106/><G106/><T90/><D100/><U102/><E102/><V60/><F128/><W53/><G40/><T121/><D121/><U21/><E7/><V70/><F135/><W6/><G61/><T52/><D5/><U64/><E64/><V20/><F70/><W94/><REACH who="3" step="1"/><G16/><REACH who="3" ten="250,250,250,240" step="2"/><T80/><D62/><U13/><E129/><V101/><F60/><W78/><G78/><T126/><D126/><U85/><E112/><V86/><F65/><W109/><G109/><T107/><D107/><U55/><E55/><V22/><F22/><W104/><G104/><T130/><D130/><U54/><E54/><V87/><REACH who="2" step="1"/><F95/><REACH who="2" ten="250,250,240,240" step="2"/><W76/><G76/><T25/><D92/><U48/><E21/><V31/><F31/><W45/><AGARI ba="0,2" hai="3,6,9,37,38,45,51,53,73,77,83,84,89,94" machi="45" ten="20,8000,1" yaku="1,1,0,1,7,1,52,2,53,0" doraHai="68" doraHaiUra="27" who="3" fromWho="3" sc="250,-40,250,-20,240,-20,240,100" /><INIT seed="1,0,0,2,4,88" ten="210,230,220,340" oya="1" hai0="74,60,110,48,73,104,85,49,25,33,57,69,125" hai1="75,72,107,50,42,23,44,112,134,116,111,52,78" hai2="13,51,29,6,18,40,65,123,68,106,70,67,118" hai3="27,1,43,101,12,115,46,61,92,0,108,11,103"/><U36/><E107/><V79/><F123/><W117/><G108/><T80/><D104/><U132/><E116/><V126/><F118/><W127/><G117/><T124/><D110/><U39/><E111/><V2/><F106/><W3/><G115/><T91/><D69/><U76/><E23/><V114/><F114/><W99/><G127/><N who="0" m="48715" /><D33/><U83/><E112/><V128/><F126/><W135/><G135/><T7/><D25/><U14/><E14/><V119/><F68/><W56/><G27/><T16/><D7/><U105/><E105/><V10/><F70/><W45/><G103/><T47/><D16/><U34/><E34/><V66/><F128/><W21/><G21/><T32/><D32/><U63/><E63/><V20/><F119/><W102/><G102/><T59/><D57/><U53/><E36/><V41/><F29/><W4/><REACH who="3" step="1"/><G43/><REACH who="3" ten="210,230,220,330" step="2"/><N who="0" m="24703" /><D49/><U71/><E134/><V22/><F51/><W26/><G26/><T113/><D113/><U82/><E132/><V86/><F41/><W35/><G35/><T17/><D17/><U58/><E71/><V84/><F40/><W30/><G30/><T38/><D38/><U100/><E100/><V55/><F22/><W54/><AGARI ba="0,1" hai="0,1,3,4,11,12,45,46,54,56,61,92,99,101" machi="54" ten="30,4000,0" yaku="1,1,0,1,52,1,53,0" doraHai="88" doraHaiUra="81" who="3" fromWho="3" sc="210,-10,230,-20,220,-10,330,50" /><INIT seed="2,0,0,0,3,13" ten="200,210,210,380" oya="2" hai0="53,75,80,71,36,95,100,90,1,43,24,111,119" hai1="65,39,74,18,105,26,4,52,126,98,60,40,0" hai2="122,129,34,127,44,92,89,23,113,25,94,54,115" hai3="132,69,27,29,79,21,32,101,11,118,35,56,57"/><V64/><F122/><W63/><G69/><T87/><D1/><U108/><E74/><V121/><F121/><W37/><G37/><T134/><D71/><U8/><E126/><V84/><F127/><W19/><G118/><T110/><D36/><U114/><E114/><V86/><F129/><W5/><G132/><T97/><D43/><U58/><E108/><N who="0" m="41513" /><D53/><U12/><E26/><V109/><F109/><W135/><G135/><T125/><D24/><U59/><E98/><V42/><F34/><W112/><G112/><T107/><D134/><U70/><E105/><V48/><F64/><W130/><G130/><T7/><D7/><U41/><E39/><V20/><F20/><W50/><G79/><N who="0" m="44159" /><D125/><U16/><E70/><V96/><F42/><N who="1" m="16489" /><E0/><V99/><F113/><W124/><G124/><T117/><AGARI ba="0,0" hai="87,90,95,97,100,107,117,119" m="44159,41513" machi="117" ten="30,7900,0" yaku="24,1,14,1,34,2" doraHai="13" who="0" fromWho="0" sc="200,79,210,-20,210,-39,380,-20" /><INIT seed="3,0,0,1,2,70" ten="279,190,171,360" oya="3" hai0="93,66,50,30,84,34,106,41,98,112,44,130,2" hai1="83,123,119,7,120,127,33,105,103,110,133,13,46" hai2="82,55,102,135,126,32,79,61,22,72,75,73,9" hai3="86,49,108,124,89,99,25,11,111,129,53,37,134"/><W1/><G99/><T64/><D130/><U56/><E46/><V92/><F32/><W45/><G129/><T4/><D112/><U12/><E56/><V10/><F135/><W94/><G134/><T128/><D128/><U100/><E7/><V28/><F126/><W85/><G124/><T39/><D50/><U81/><E127/><V125/><F125/><W65/><G65/><T97/><D106/><U21/><E21/><V43/><F43/><W35/><G86/><T63/><D84/><U91/><E133/><V60/><F73/><W42/><G1/><T20/><D34/><U36/><E33/><V31/><F22/><W101/><G101/><T23/><D64/><U115/><E115/><V69/><F102/><W52/><G11/><T6/><D2/><U90/><E110/><N who="3" m="42026" /><G49/><T29/><D29/><AGARI ba="0,0" hai="25,29,35,37,42,45,52,53,85,89,94" m="42026" machi="29" ten="30,11600,0" yaku="14,1,10,1,52,1,54,1" doraHai="70" who="3" fromWho="0" sc="279,-116,190,0,171,0,360,116" /><INIT seed="3,1,0,3,3,30" ten="163,190,171,476" oya="3" hai0="24,122,16,27,21,73,77,124,62,0,98,109,120" hai1="23,18,25,29,99,68,113,45,103,33,110,7,91" hai2="70,43,115,76,59,36,17,106,125,92,65,66,10" hai3="86,54,49,40,97,12,75,89,85,71,67,57,32"/><W34/><G75/><T104/><D0/><U5/><E113/><V31/><F115/><W26/><G85/><T107/><D124/><U53/><E110/><V134/><F106/><W11/><G97/><T82/><D109/><U112/><E112/><V108/><F108/><W78/><G78/><T129/><D129/><U61/><E91/><V87/><F70/><W42/><G26/><T118/><D118/><U1/><E1/><V90/><F134/><W64/><G42/><T105/><D98/><U84/><E84/><V135/><F135/><W117/><G117/><T52/><REACH who="0" step="1"/><D27/><REACH who="0" ten="153,190,171,476" step="2"/><U14/><E45/><V116/><F125/><W83/><G40/><T74/><D74/><U93/><REACH who="1" step="1"/><E53/><REACH who="1" ten="153,180,171,476" step="2"/><V44/><F44/><W3/><G3/><T37/><D37/><U39/><E39/><V55/><F36/><W46/><G46/><T101/><D101/><U2/><E2/><V48/><F116/><W80/><G54/><T102/><D102/><U20/><E20/><V121/><F55/><W15/><G11/><T58/><AGARI ba="1,2" hai="16,21,24,52,58,62,73,77,82,104,105,107,120,122" machi="58" ten="40,8000,1" yaku="1,1,0,1,54,2,53,1" doraHai="30" doraHaiUra="79" who="0" fromWho="0" sc="153,103,180,-21,171,-21,476,-41" /><INIT seed="4,0,0,1,1,124" ten="256,159,150,435" oya="0" hai0="113,126,72,56,69,64,128,34,94,37,62,12,4" hai1="107,65,96,134,131,60,43,7,61,3,14,54,47" hai2="66,84,79,51,75,120,5,105,22,8,1,50,112" hai3="55,97,95,38,135,115,130,103,100,36,109,31,29"/><T10/><D34/><U15/><E134/><V129/><F120/><W101/><G109/><T81/><D126/><U77/><E77/><V119/><F119/><W90/><G135/><T106/><D106/><U111/><E111/><V73/><F105/><W41/><G115/><T16/><D37/><U74/><E74/><V39/><F39/><W133/><G133/><T0/><D113/><U53/><E131/><V99/><F112/><W104/><G130/><T92/><D128/><U122/><E122/><V88/><F129/><W116/><G104/><T110/><D110/><U87/><E87/><V121/><F121/><W68/><G68/><T24/><D69/><U46/><E3/><V44/><F66/><W80/><G116/><T20/><REACH who="0" step="1"/><D0/><REACH who="0" ten="246,159,150,435" step="2"/><U48/><E107/><V6/><F1/><W45/><G36/><T83/><D83/><U18/><E65/><V127/><F127/><W114/><G114/><T132/><D132/><U58/><E7/><V117/><F6/><W63/><G80/><T82/><D82/><U23/><E96/><V2/><F99/><W33/><G33/><T76/><AGARI ba="0,1" hai="4,10,12,16,20,24,56,62,64,72,76,81,92,94" machi="76" ten="30,6000,0" yaku="1,1,0,1,54,1,53,0" doraHai="124" doraHaiUra="67" who="0" fromWho="0" sc="246,70,159,-20,150,-20,435,-20" /><INIT seed="4,1,0,1,2,21" ten="316,139,130,415" oya="0" hai0="8,31,96,59,131,135,121,12,69,34,72,87,46" hai1="95,77,35,32,64,20,49,122,125,115,83,134,5" hai2="103,10,85,99,24,39,36,105,107,65,42,22,86" hai3="76,84,114,111,109,47,40,130,118,78,33,81,38"/><T123/><D69/><U16/><E122/><V58/><F107/><W18/><G118/><T132/><D72/><U9/><E115/><V89/><F10/><W0/><G0/><T17/><D46/><U71/><E125/><V44/><F39/><W126/><G33/><T61/><D96/><U82/><E134/><N who="0" m="51241" /><D87/><U19/><E49/><V93/><F85/><W94/><G126/><T67/><D131/><U15/><E19/><V28/><F58/><W124/><G124/><T6/><D6/><U52/><E82/><V119/><REACH who="2" step="1"/><F65/><REACH who="2" ten="316,139,120,415" step="2"/><W106/><G84/><T127/><D127/><U56/><E64/><V117/><AGARI ba="1,1" hai="22,24,28,36,42,44,86,89,93,99,103,105,117,119" machi="117" ten="30,7900,0" yaku="1,1,2,1,0,1,52,1,53,0" doraHai="21" doraHaiUra="30" who="2" fromWho="2" sc="316,-40,139,-21,120,92,415,-21" /><INIT seed="5,0,0,1,1,41" ten="276,118,212,394" oya="1" hai0="47,94,29,55,46,24,1,118,92,39,66,50,127" hai1="23,81,103,77,73,68,134,45,14,28,111,65,97" hai2="32,79,0,30,98,70,110,35,56,4,6,107,87" hai3="12,33,51,132,43,63,11,86,122,105,64,59,126"/><U119/><E119/><V48/><F110/><W90/><G122/><T125/><D118/><U112/><E111/><V42/><F70/><W67/><G105/><T115/><D1/><U95/><E134/><V123/><F123/><W130/><G33/><T57/><D115/><U21/><E112/><V26/><F35/><W34/><G34/><T18/><D18/><U22/><E65/><V104/><F0/><W76/><G132/><T85/><D66/><U74/><E68/><V91/><F79/><W113/><G113/><T82/><D39/><U108/><E108/><V60/><F104/><W109/><G109/><T84/><D85/><U120/><E120/><V75/><F75/><W121/><G121/><T96/><D24/><U27/><E73/><V133/><F133/><W3/><G3/><T117/><D29/><U72/><E72/><V36/><F36/><W8/><G130/><T71/><D71/><U101/><E101/><N who="2" m="62903" /><F48/><W93/><G126/><N who="0" m="48139" /><D117/><U102/><E102/><V25/><F25/><W9/><G76/><N who="0" m="46151" /><D94/><U49/><REACH who="1" step="1"/><E14/><REACH who="1" ten="276,108,212,394" step="2"/><V5/><F26/><W69/><G67/><T89/><AGARI ba="0,1" hai="46,47,50,55,57,89,92,96" m="46151,48139" machi="89" ten="30,4000,0" yaku="18,1,52,2" doraHai="41" who="0" fromWho="0" sc="276,50,108,-20,212,-10,394,-10" /><INIT seed="6,0,0,4,0,80" ten="326,88,202,384" oya="2" hai0="45,37,117,71,85,11,9,36,56,97,125,64,20" hai1="87,76,5,83,132,109,41,101,52,122,90,40,86" hai2="88,63,95,49,84,21,47,61,115,102,94,69,31" hai3="119,22,79,103,67,130,13,108,44,111,24,116,19"/><V106/><F106/><W57/><G79/><T74/><D117/><U118/><E118/><N who="3" m="45098" /><G103/><T107/><D74/><U25/><E109/><N who="3" m="42058" /><G44/><T48/><D125/><U46/><E122/><V10/><F115/><W129/><G57/><T81/><D71/><U38/><E132/><V124/><F124/><W1/><G67/><T77/><D37/><U55/><E101/><V98/><F10/><N who="3" m="6583" /><G1/><T70/><D36/><U3/><E25/><N who="2" m="16815" /><F69/><W75/><G75/><T135/><D70/><U16/><E16/><AGARI ba="0,0" hai="16,22,24,129,130" m="6583,42058,45098" machi="16" ten="30,3900,0" yaku="34,2,54,1" doraHai="80" who="3" fromWho="1" sc="326,0,88,-39,202,0,384,39" /><INIT seed="7,0,0,3,3,7" ten="326,49,202,423" oya="3" hai0="51,98,63,82,113,97,106,83,124,90,132,52,62" hai1="135,32,117,71,12,53,58,14,37,108,104,55,27" hai2="77,24,43,75,13,41,125,95,118,107,64,78,131" hai3="116,17,85,87,84,99,86,115,129,101,54,20,29"/><W48/><G115/><T2/><D113/><U121/><E14/><V47/><F75/><W4/><G116/><T65/><D2/><U60/><E12/><V120/><F107/><W127/><G129/><T111/><D132/><U92/><E92/><V33/><F131/><W103/><G127/><T89/><D111/><U68/><E27/><V66/><F33/><W102/><G4/><T133/><D133/><U8/><E8/><V26/><F26/><W134/><G134/><T59/><D124/><U88/><E88/><N who="0" m="33897" /><D106/><U112/><E55/><V30/><F30/><W21/><G29/><T50/><D51/><U3/><E53/><V38/><F24/><N who="3" m="14351" /><G21/><T31/><D31/><U6/><E58/><V34/><F78/><W23/><G23/><T49/><D49/><U70/><E60/><N who="0" m="23081" /><D65/><U100/><E100/><V45/><F77/><W126/><G126/><T36/><D36/><U19/><E19/><V69/><F38/><W73/><G73/><T81/><AGARI ba="0,0" hai="50,52,59,81,82,83,97,98" m="23081,33897" machi="81" ten="30,4000,0" yaku="8,1,54,2" doraHai="7" who="0" fromWho="0" sc="326,40,49,-10,202,-10,423,-20" owari="366,17.0,39,-46.0,192,-21.0,403,50.0" /></mjloggm>