<mjloggm ver="2.3"><GO type="169" lobby="0"/><UN n0="%E3%83%9A%E3%83%81%E3%83%A7%E3%83%BC%E3%83%AA%E3%83%B3" n1="%E3%81%B5%E3%81%8B%E3%81%BF" n2="%EF%BC%88%E2%89%A7%E2%96%BD%E2%89%A6%EF%BC%89" n3="%E5%8F%8D%E9%99%BD%E5%AD%90%E3%81%95%E3%82%93" dan="17,17,18,18" rate="2155.64,2138.93,2184.27,2194.12" sx="M,F,M,F"/><TAIKYOKU oya="0"/><INIT seed="0,0,0,2,3,70" ten="250,250,250,250" oya="0" hai0="10,94,57,69,15,20,110,81,36,63,3,60,17" hai1="102,56,9,66,73,31,58,108,106,79,131,134,43" hai2="87,107,0,89,2,82,121,99,122,39,123,12,113" hai3="40,53,24,14,77,41,74,135,95,124,80,27,55"/><T128/><D128/><U68/><E79/><V50/><F113/><W23/><G124/><T64/><D110/><U75/><E43/><V6/><F39/><W16/><G135/><T11/><D81/><U37/><E9/><V25/><F25/><W84/><G74/><T114/><D114/><U4/><E4/><V129/><F129/><W125/><G125/><T101/><D3/><U5/><E5/><V90/><F6/><W7/><G95/><T67/><REACH who="0" step="1"/><D36/><REACH who="0" ten="240,250,250,250" step="2"/><U33/><E37/><V18/><F0/><W52/><G27/><T127/><D127/><U119/><E131/><V116/><F2/><W103/><G103/><T28/><D28/><U62/><E108/><V54/><F123/><W49/><G49/><T104/><D104/><U45/><E106/><V32/><F107/><W42/><G24/><T72/><D72/><U86/><E102/><V21/><F122/><W30/><G7/><T35/><D35/><U38/><E75/><V93/><F32/><W96/><G30/><T120/><D120/><U97/><E73/><V1/><F121/><W46/><G46/><T83/><D83/><U29/><E29/><V117/><F1/><W34/><G34/><T19/><D19/><U92/><E31/><V48/><F48/><W71/><G96/><AGARI ba="0,1" hai="10,11,15,17,20,57,60,63,64,67,69,94,96,101" machi="96" ten="40,2000,0" yaku="1,1,53,0" doraHai="70" doraHaiUra="112" who="0" fromWho="3" sc="240,30,250,0,250,0,250,-20" /><INIT seed="0,1,0,4,2,42" ten="270,250,250,230" oya="0" hai0="122,85,38,113,56,53,26,124,115,27,78,21,72" hai1="103,98,37,64,59,0,10,48,41,8,18,30,133" hai2="19,105,23,69,22,102,65,17,82,87,118,50,4" hai3="57,2,54,110,5,35,74,104,123,99,111,75,46"/><T40/><D122/><U130/><E37/><V126/><F126/><W9/><G35/><T132/><D124/><U51/><E30/><V31/><F118/><W101/><G123/><T88/><D132/><U28/><E28/><V108/><F4/><W107/><G104/><T73/><D27/><U129/><E133/><V52/><F108/><N who="3" m="41515" /><G57/><T49/><D78/><U83/><E83/><V36/><F36/><W121/><G121/><T61/><D38/><U127/><E0/><V24/><F102/><W25/><G25/><T62/><D73/><U84/><E84/><V1/><F1/><W55/><G55/><T15/><D72/><U114/><E127/><V63/><F105/><W92/><G92/><T6/><D115/><U58/><E114/><V135/><F23/><W95/><G95/><N who="0" m="54671" /><D113/><U66/><E103/><V16/><F135/><W79/><G79/><T112/><D112/><U34/><E34/><V80/><REACH who="2" step="1"/><F87/><REACH who="2" ten="270,250,240,230" step="2"/><W11/><G9/><N who="0" m="4535" /><D40/><U128/><E41/><V93/><F93/><W90/><G90/><T131/><D131/><U3/><E130/><V43/><F43/><W45/><G75/><T81/><D81/><U77/><E3/><V20/><F20/><W76/><G74/><T120/><D120/><U91/><E129/><V116/><F116/><W134/><G134/><T14/><D14/><U86/><E128/><V96/><F96/><W89/><G89/><T70/><D70/><U100/><E98/><V71/><F71/><W68/><G68/><T97/><D97/><U94/><E91/><V106/><F106/><W44/><G76/><T13/><D13/><RYUUKYOKU ba="1,1" sc="270,10,250,-30,240,10,230,10" hai0="21,26,49,53,56,61,62" hai2="16,17,19,22,24,31,50,52,63,65,69,80,82" hai3="2,5,11,44,45,46,54,99,101,107" /><INIT seed="0,2,1,2,2,58" ten="280,220,250,240" oya="0" hai0="45,11,132,52,79,51,115,82,96,80,25,76,73" hai1="48,47,86,74,42,63,71,131,107,32,104,117,119" hai2="116,129,49,106,29,118,37,133,70,36,84,77,124" hai3="90,135,85,22,31,100,53,14,121,112,4,17,125"/><T62/><D115/><U21/><E32/><V65/><F106/><W15/><G112/><T16/><D132/><U128/><E74/><V30/><F133/><W43/><G135/><T127/><D127/><U5/><E5/><V126/><F129/><N who="1" m="49737" /><E21/><V83/><F49/><W55/><G125/><N who="2" m="48233" /><F65/><W81/><G121/><T66/><D96/><U38/><E86/><V60/><F60/><W94/><G43/><T103/><D103/><U8/><E8/><V57/><F57/><W26/><G4/><T34/><D34/><U59/><E107/><V87/><F87/><W98/><REACH who="3" step="1"/><G15/><REACH who="3" ten="280,220,250,230" step="2"/><N who="0" m="7295" /><D73/><U54/><E104/><V10/><F116/><N who="1" m="44617" /><E71/><V19/><F118/><W101/><G101/><T93/><D25/><U110/><E110/><V97/><F70/><W72/><G72/><T0/><D0/><U111/><E111/><V67/><F77/><N who="0" m="29770" /><D93/><U78/><E78/><V134/><F134/><W39/><G39/><AGARI ba="2,2" hai="38,39,42,47,48,54,59,63" m="44617,49737" machi="39" ten="30,7700,0" yaku="19,1,34,2,52,1" doraHai="58" who="1" fromWho="3" sc="280,0,220,103,250,0,230,-83" /><INIT seed="1,0,0,2,1,28" ten="280,323,250,147" oya="1" hai0="92,71,43,87,120,0,131,6,127,126,12,98,93" hai1="130,76,61,9,72,51,95,59,7,85,41,113,14" hai2="73,2,121,53,52,89,10,35,83,54,103,47,114" hai3="40,58,119,33,65,31,30,23,78,96,134,125,110"/><U77/><E113/><V128/><F121/><W75/><G110/><T42/><D71/><U82/><E130/><V49/><F128/><W46/><G125/><N who="0" m="47627" /><D131/><U3/><E3/><V135/><F114/><W29/><G134/><T79/><D120/><U36/><E36/><V34/><F103/><W8/><G119/><T45/><D0/><U129/><E129/><V104/><F104/><W102/><G23/><T63/><D63/><U124/><E124/><V64/><F64/><W70/><G58/><T115/><D115/><U81/><E95/><V88/><F135/><W26/><G8/><N who="0" m="4119" /><D45/><N who="1" m="26031" /><E59/><V111/><F111/><W16/><G16/><T107/><D107/><U100/><E100/><V4/><F73/><W22/><G22/><T94/><D98/><U97/><E61/><V19/><F19/><W108/><G108/><T1/><D1/><U117/><E117/><V20/><F20/><W116/><G116/><T118/><D118/><U132/><E97/><V50/><F53/><W21/><G21/><T133/><D133/><AGARI ba="0,0" hai="7,9,14,72,76,77,81,82,85,132,133" m="26031" machi="133" ten="30,1500,0" yaku="25,1" doraHai="28" who="1" fromWho="0" sc="280,-15,323,15,250,0,147,0" /><INIT seed="1,1,0,0,3,42" ten="265,338,250,147" oya="1" hai0="118,33,4,50,105,128,119,97,135,20,107,124,11" hai1="87,37,123,129,99,100,52,62,126,53,22,131,75" hai2="95,14,44,70,19,41,133,68,96,26,112,116,58" hai3="57,111,9,16,25,29,114,83,12,32,104,101,66"/><U69/><E75/><V10/><F116/><W117/><G117/><T63/><D33/><U36/><E123/><V23/><F133/><W48/><G114/><T2/><D135/><U7/><E7/><V115/><F58/><W21/><G111/><T43/><D124/><U47/><E87/><V17/><F115/><W76/><G104/><T65/><D128/><N who="1" m="49227" /><E22/><V90/><REACH who="2" step="1"/><F112/><REACH who="2" ten="265,338,240,147" step="2"/><W80/><G101/><T49/><D118/><U103/><E103/><V78/><F78/><W46/><G76/><T79/><D79/><U5/><E126/><V82/><F82/><W18/><G57/><T91/><D119/><U34/><E69/><V132/><F132/><W102/><G102/><T13/><D107/><U120/><E120/><V84/><F84/><W72/><G72/><T122/><D105/><U59/><E100/><V113/><F113/><W127/><G127/><T60/><D122/><U39/><E99/><V88/><F88/><W56/><G56/><T8/><D91/><U45/><E59/><V54/><F54/><W94/><G94/><T106/><D97/><U1/><E53/><V73/><F73/><W27/><G66/><T85/><D85/><U35/><E52/><AGARI ba="1,1" hai="9,12,16,18,21,25,27,29,32,46,48,52,80,83" machi="52" ten="30,7700,0" yaku="7,1,52,1,54,2" doraHai="42" who="3" fromWho="1" sc="265,0,338,-80,240,0,147,90" /><INIT seed="2,0,0,2,0,62" ten="265,258,240,237" oya="2" hai0="8,88,26,114,95,71,38,22,133,58,31,99,16" hai1="15,12,47,30,60,44,65,83,113,108,19,14,53" hai2="74,56,132,3,73,120,80,34,64,81,97,85,25" hai3="117,129,87,100,134,20,43,35,105,92,77,130,112"/><V124/><F3/><W91/><G35/><T122/><D114/><U33/><E113/><V18/><F120/><W59/><G112/><T104/><D122/><U0/><E0/><V36/><F36/><W76/><G43/><T72/><D71/><U94/><E108/><V135/><F124/><W126/><G20/><T79/><D38/><U21/><E33/><V75/><F97/><N who="3" m="61583" /><G59/><T28/><D133/><N who="2" m="51274" /><F85/><W116/><G126/><T107/><D72/><U45/><E30/><N who="2" m="19791" /><F18/><W119/><G134/><T9/><D79/><AGARI ba="0,0" hai="76,77,79,87,91,92,116,117,119,129,130" m="61583" machi="79" ten="40,2600,0" yaku="34,2" doraHai="62" who="3" fromWho="0" sc="265,-26,258,0,240,0,237,26" /><INIT seed="3,0,0,3,2,7" ten="239,258,240,263" oya="3" hai0="51,54,67,63,89,106,99,2,18,42,44,100,130" hai1="17,40,60,10,35,78,50,5,123,20,90,108,27" hai2="118,83,98,117,124,104,16,59,79,15,77,56,57" hai3="43,110,115,95,61,80,94,1,116,72,133,81,93"/><W53/><G116/><T135/><D135/><U55/><E123/><V25/><F124/><W96/><G115/><T38/><D130/><U64/><E108/><V120/><F120/><W132/><G1/><T75/><D2/><U134/><E134/><N who="3" m="51818" /><G43/><T69/><D75/><U68/><E78/><V71/><F71/><W129/><G129/><T31/><D31/><U82/><E40/><V30/><F98/><W0/><G0/><T39/><D89/><U4/><E35/><V111/><F104/><W102/><G110/><T87/><D87/><U12/><E90/><V9/><F111/><W92/><G72/><T41/><D41/><U11/><E82/><N who="3" m="31850" /><G61/><T73/><D73/><U70/><E70/><V74/><REACH who="2" step="1"/><F77/><REACH who="2" ten="239,258,230,263" step="2"/><W24/><G96/><T28/><D106/><U128/><E128/><V113/><F113/><W47/><G102/><T13/><D99/><U76/><E76/><V131/><F131/><W125/><G125/><T114/><D100/><U48/><REACH who="1" step="1"/><E55/><REACH who="1" ten="239,248,230,263" step="2"/><V101/><F101/><W85/><G53/><T126/><D114/><U127/><E127/><V112/><F112/><W6/><G85/><T105/><D126/><U84/><E84/><V58/><N who="2" m="14336" /><DORA hai="33" /><V8/><F8/><W109/><G109/><T107/><D54/><U122/><E122/><V36/><F36/><W97/><G97/><T23/><D39/><U26/><E26/><V21/><AGARI ba="0,2" hai="9,15,16,21,25,30,74,79,83,117,118" m="14336" machi="21" ten="40,8000,1" yaku="1,1,0,1,52,1,54,1,53,0" doraHai="7,33" doraHaiUra="66,86" who="2" fromWho="2" sc="239,-20,248,-20,230,100,263,-40" /><INIT seed="4,0,0,1,4,32" ten="219,228,330,223" oya="0" hai0="70,28,124,95,14,119,102,112,82,16,92,60,75" hai1="10,11,53,48,5,97,130,13,84,0,99,29,129" hai2="33,76,54,123,17,71,108,116,127,65,38,25,121" hai3="12,77,100,94,90,135,101,122,128,24,83,7,56"/><T62/><D119/><U44/><E29/><V79/><F38/><W86/><G128/><N who="1" m="49258" /><E84/><V49/><F33/><W42/><G135/><T104/><D112/><U67/><E67/><V35/><F35/><W39/><G122/><T52/><D124/><U106/><E106/><V58/><F127/><W34/><G39/><T103/><D28/><U69/><E69/><V19/><F116/><W74/><G42/><T88/><D104/><U131/><N who="1" m="49266" /><U4/><AGARI ba="0,0" hai="0,4,5,10,11,13,44,48,53,97,99" m="49266" machi="4" ten="40,5200,0" yaku="4,1,19,1,52,1" doraHai="32" who="1" fromWho="1" sc="219,-26,228,52,330,-13,223,-13" /><INIT seed="5,0,0,5,2,16" ten="193,280,317,210" oya="1" hai0="54,11,123,90,121,116,86,110,101,6,106,109,35" hai1="98,43,125,4,74,102,70,132,63,124,41,114,69" hai2="39,95,115,57,44,60,92,58,71,31,50,9,96" hai3="8,2,49,119,37,93,36,24,81,53,21,29,61"/><U79/><E114/><V97/><F39/><W18/><G119/><T85/><D35/><U5/><E132/><V62/><F115/><W59/><G81/><N who="0" m="49455" /><D54/><U76/><E74/><V117/><F117/><W87/><G87/><T33/><D33/><U129/><E129/><V25/><F9/><W13/><G93/><N who="2" m="35913" /><F71/><N who="1" m="27145" /><E98/><N who="2" m="37995" /><F25/><W66/><REACH who="3" step="1"/><G2/><REACH who="3" ten="193,280,317,200" step="2"/><N who="0" m="471" /><D86/><U99/><E124/><V131/><F131/><W122/><G122/><N who="0" m="46603" /><D116/><U75/><E125/><V126/><F126/><W14/><G14/><T88/><D106/><U38/><E75/><V83/><F83/><W7/><G7/><T17/><D101/><U112/><E4/><V65/><F65/><W84/><G84/><T104/><D104/><U10/><E102/><V27/><F27/><W34/><G34/><T42/><D110/><U77/><E112/><V134/><F134/><W72/><G72/><T113/><D109/><U52/><E5/><V80/><F80/><W3/><G3/><T23/><D113/><U19/><E99/><V82/><F82/><W26/><G26/><N who="0" m="14703" /><D42/><U103/><E103/><V128/><F128/><W107/><G107/><T108/><D108/><U135/><E135/><V64/><F64/><W56/><AGARI ba="0,1" hai="8,13,18,21,24,29,36,37,49,53,56,59,61,66" machi="56" ten="20,5200,0" yaku="1,1,0,1,7,1,52,1,53,0" doraHai="16" doraHaiUra="127" who="3" fromWho="3" sc="193,-13,280,-26,317,-13,200,62" /><INIT seed="6,0,0,4,1,21" ten="180,254,304,262" oya="2" hai0="29,131,44,34,40,134,91,33,48,87,110,0,64" hai1="94,125,118,105,71,75,107,77,3,97,121,20,120" hai2="66,78,132,11,92,54,127,26,28,68,73,86,36" hai3="130,5,129,45,19,37,74,30,82,102,93,90,111"/><V2/><F132/><W61/><G111/><T51/><D110/><U50/><E3/><V13/><F36/><W55/><G5/><T58/><D134/><U79/><E71/><V63/><F2/><W60/><G102/><T126/><D0/><U70/><E70/><V27/><F127/><W123/><G123/><N who="1" m="47178" /><E118/><V106/><F106/><N who="1" m="40457" /><E75/><V1/><F1/><W6/><G6/><T41/><D126/><U89/><E125/><V76/><F73/><W53/><G30/><T95/><D131/><N who="3" m="50185" /><G19/><T42/><D33/><U38/><E38/><V8/><F28/><W119/><G119/><T24/><REACH who="0" step="1"/><D51/><REACH who="0" ten="170,254,304,262" step="2"/><U104/><E50/><V72/><F63/><AGARI ba="0,1" hai="24,29,34,40,41,42,44,48,58,63,64,87,91,95" machi="63" ten="40,5200,0" yaku="1,1,2,1,52,1,53,0" doraHai="21" doraHaiUra="117" who="0" fromWho="2" sc="170,62,254,0,304,-52,262,0" /><INIT seed="7,0,0,3,1,71" ten="232,254,252,262" oya="3" hai0="2,38,78,30,56,83,4,11,58,21,95,68,80" hai1="113,55,84,114,60,43,108,10,89,17,18,106,57" hai2="1,13,23,128,73,65,27,118,122,127,79,99,46" hai3="69,123,47,130,85,63,103,67,22,24,39,51,132"/><W62/><G123/><T42/><D68/><U129/><E106/><V94/><F118/><W12/><G132/><T96/><D80/><N who="1" m="49287" /><E108/><V37/><F1/><W36/><G130/><T40/><D30/><U76/><E129/><V66/><F127/><W81/><G103/><T75/><D21/><U125/><E125/><V119/><F119/><W14/><G63/><T61/><D61/><U102/><E102/><V111/><F111/><W82/><G14/><T126/><D126/><U97/><E97/><V124/><F124/><W91/><G82/><T44/><D42/><U77/><E43/><V134/><F134/><W35/><G12/><T28/><D28/><U112/><E10/><V98/><F98/><W41/><G35/><T8/><D11/><U121/><E121/><V120/><F120/><W15/><G15/><T34/><D34/><U101/><E101/><AGARI ba="0,0" hai="2,4,8,38,40,44,56,58,75,78,83,95,96,101" machi="101" ten="30,7700,0" yaku="7,1,25,2,52,1" doraHai="71" who="0" fromWho="1" sc="232,77,254,-77,252,0,262,0" owari="309,41.0,177,-32.0,252,-15.0,262,6.0" /></mjloggm>