<mjloggm ver="2.3"><GO type="169" lobby="0"/><UN n0="%E3%83%90%E3%83%AB%E3%81%B0%E3%82%8B" n1="%E3%83%A1%E3%82%AB%E3%83%90%E3%83%AB%E3%82%BF%E3%83%B3" n2="%EF%BC%88%E2%89%A7%E2%96%BD%E2%89%A6%EF%BC%89" n3="%E3%83%AA%E3%83%84%E3%83%9F%E3%82%B5%E3%83%B3" dan="16,16,18,18" rate="2035.07,2022.90,2135.55,2172.78" sx="M,F,F,M"/><TAIKYOKU oya="0"/><INIT seed="0,0,0,0,5,4" ten="250,250,250,250" oya="0" hai0="40,12,103,34,49,69,62,110,9,65,48,11,59" hai1="29,22,39,81,57,112,116,80,15,127,64,97,31" hai2="74,50,111,120,30,115,36,72,27,88,131,3,107" hai3="58,44,89,37,106,122,46,118,0,135,38,42,21"/><T71/><D34/><U24/><E39/><V6/><F107/><W96/><G118/><T125/><D125/><U60/><E116/><V70/><F36/><W104/><G135/><T51/><D40/><U91/><E127/><V133/><F70/><W14/><G0/><T18/><D110/><U68/><E112/><V102/><F102/><W32/><G32/><T45/><D45/><U132/><E132/><V86/><F115/><W134/><G122/><T130/><D130/><U53/><E15/><V55/><F120/><W47/><G134/><T95/><REACH who="0" step="1"/><D11/><REACH who="0" ten="240,250,250,250" step="2"/><U113/><E113/><V109/><F131/><W10/><G47/><T84/><D84/><U119/><E119/><V25/><F133/><W52/><G46/><T1/><D1/><U61/><E97/><AGARI ba="0,1" hai="9,12,18,48,49,51,59,62,65,69,71,95,97,103" machi="97" ten="40,7700,0" yaku="1,1,52,1,53,1" doraHai="4" doraHaiUra="56" who="0" fromWho="1" sc="240,87,250,-77,250,0,250,0" /><INIT seed="0,1,0,0,0,101" ten="327,173,250,250" oya="0" hai0="72,91,105,51,2,130,23,103,106,117,107,97,93" hai1="61,73,46,74,3,131,47,94,99,35,88,67,85" hai2="126,132,118,69,122,17,80,71,77,39,78,24,102" hai3="129,21,40,12,128,49,38,81,0,98,9,111,53"/><T123/><D2/><U34/><E131/><V59/><F122/><W115/><G115/><T48/><D117/><U84/><E3/><V64/><F39/><W42/><G38/><T18/><D123/><U10/><E10/><V28/><F118/><W16/><G111/><T133/><D130/><N who="3" m="50281" /><G98/><T1/><D1/><U37/><E74/><V44/><F77/><W52/><G81/><T108/><D133/><U36/><E73/><V124/><F132/><W83/><G83/><T76/><D108/><U112/><E112/><V127/><F17/><W68/><G68/><T6/><D6/><U57/><E36/><V41/><F59/><N who="3" m="33167" /><G53/><T119/><D119/><U66/><E66/><V63/><F71/><W95/><G95/><T13/><REACH who="0" step="1"/><D91/><REACH who="0" ten="317,173,250,250" step="2"/><U104/><E37/><V86/><F126/><W8/><G0/><T79/><D79/><U11/><E11/><AGARI ba="1,1" hai="8,9,11,12,16,21,40,42" m="33167,50281" machi="11" ten="30,3900,0" yaku="19,1,54,2" doraHai="101" who="3" fromWho="1" sc="317,0,173,-42,250,0,250,52" /><INIT seed="1,0,0,0,0,91" ten="317,131,250,302" oya="1" hai0="61,111,16,29,96,81,27,42,75,99,70,52,103" hai1="50,89,35,23,28,98,7,44,41,101,21,129,34" hai2="6,71,79,120,107,40,3,32,77,69,76,43,66" hai3="4,1,78,68,56,118,9,14,45,65,130,106,64"/><U51/><E129/><V31/><F107/><W122/><G106/><T94/><D111/><U135/><E135/><V22/><F32/><W57/><G68/><T124/><D124/><U102/><E7/><V93/><F120/><W131/><G78/><T117/><D117/><U67/><E67/><V15/><F3/><W134/><G122/><T30/><D42/><U80/><E51/><V47/><F66/><W53/><G134/><T84/><D75/><U46/><E46/><V5/><F69/><W115/><G45/><T36/><D99/><U39/><E39/><V121/><F71/><W119/><G115/><T87/><D70/><U11/><E11/><N who="2" m="4591" /><F6/><W132/><G132/><T92/><D81/><U73/><E102/><V55/><F121/><W59/><G53/><T33/><D33/><U88/><E35/><V38/><F38/><W112/><G1/><T95/><D96/><U25/><E73/><V82/><F82/><W105/><G105/><T113/><D103/><U127/><E127/><V10/><F10/><W18/><G4/><T26/><D113/><U83/><E83/><V13/><F93/><W20/><G9/><T72/><D72/><U133/><E133/><V60/><F60/><W86/><G112/><T63/><D63/><U97/><E97/><V110/><F110/><W49/><G65/><T8/><D36/><U17/><E80/><V37/><F40/><W62/><G62/><T85/><D8/><U109/><E109/><V48/><F37/><W114/><G114/><T90/><D90/><N who="1" m="34923" /><E17/><N who="2" m="10543" /><F43/><W24/><G130/><T108/><D108/><U125/><E125/><RYUUKYOKU ba="0,0" sc="317,-15,131,15,250,15,302,-15" hai1="21,23,25,28,34,41,44,50,98,101" hai2="31,47,48,55,76,77,79" /><INIT seed="1,1,0,1,1,69" ten="302,146,265,287" oya="1" hai0="61,0,75,102,116,114,4,128,100,126,58,132,13" hai1="110,26,33,127,113,27,89,98,63,48,83,57,38" hai2="19,81,16,14,18,44,123,94,32,50,125,15,99" hai3="29,53,42,95,117,80,129,5,54,79,68,109,77"/><U39/><E113/><V1/><F1/><W31/><G68/><T28/><D0/><U106/><E48/><V86/><F32/><W62/><G129/><T64/><D75/><U96/><E127/><V121/><F125/><W105/><G105/><T11/><D126/><U71/><E71/><V12/><F99/><W43/><G5/><T8/><D128/><U120/><E120/><V23/><F94/><W119/><G95/><T41/><D132/><U112/><E112/><V93/><F93/><W84/><G62/><T133/><D133/><U115/><E115/><V34/><F34/><W25/><G109/><T72/><D72/><U47/><E110/><V70/><F70/><W131/><G131/><T9/><D116/><U118/><E118/><V103/><F103/><W20/><G84/><T56/><D28/><N who="1" m="19607" /><E27/><V36/><F36/><N who="1" m="13865" /><E47/><V6/><F6/><W22/><G80/><T130/><D130/><U66/><E106/><V87/><F87/><W67/><G25/><T3/><D114/><U30/><E30/><V124/><F124/><W24/><G24/><T60/><D13/><N who="2" m="5226" /><F123/><W21/><G21/><T10/><D41/><U82/><E82/><V122/><F122/><W111/><G111/><T97/><D4/><U101/><E101/><V49/><F121/><W37/><G37/><T107/><D100/><U90/><E83/><V35/><F35/><W45/><G45/><T59/><D107/><U78/><E78/><N who="2" m="46391" /><F49/><W74/><G74/><T104/><D104/><U92/><E96/><V135/><F135/><W17/><G17/><T85/><N who="0" m="2048" /><DORA hai="51" /><T65/><D97/><RYUUKYOKU ba="1,0" sc="302,-30,146,10,265,10,287,10" hai1="57,63,66,89,90,92,98" hai2="15,16,18,19,23,44,50" hai3="20,22,29,31,42,43,53,54,67,77,79,117,119" /><INIT seed="1,2,0,1,0,100" ten="272,156,275,297" oya="1" hai0="14,28,129,48,29,42,119,101,66,110,59,79,51" hai1="105,76,108,83,8,55,130,112,63,9,107,118,121" hai2="102,15,26,98,54,46,7,67,12,89,80,114,78" hai3="20,116,38,124,115,23,32,122,57,58,43,86,62"/><U64/><E112/><V37/><F114/><W132/><G32/><T95/><D110/><U127/><E118/><V25/><F67/><W68/><G68/><T91/><D129/><U99/><E121/><V131/><F89/><W109/><G115/><T4/><D79/><U104/><E130/><V73/><F131/><W16/><G109/><T17/><D101/><U85/><E108/><V40/><F54/><W97/><G38/><T34/><D4/><U18/><E127/><V39/><F39/><W24/><G43/><T65/><D34/><U61/><E99/><V1/><F15/><W30/><G124/><T133/><D133/><U0/><E0/><V31/><F12/><W33/><G132/><T52/><D119/><U69/><REACH who="1" step="1"/><E18/><REACH who="1" ten="272,146,275,297" step="2"/><V134/><F134/><W27/><G122/><T128/><D128/><U135/><E135/><V120/><F120/><W35/><G116/><T11/><D29/><U87/><E87/><V88/><F31/><W19/><G86/><N who="0" m="52727" /><D28/><U77/><E77/><V50/><F1/><W2/><G2/><T44/><AGARI ba="2,1" hai="11,14,17,42,44,48,51,52,59,65,66" m="52727" machi="44" ten="30,2000,0" yaku="8,1,54,1" doraHai="100" who="0" fromWho="0" sc="272,36,146,-12,275,-7,297,-7" /><INIT seed="2,0,0,0,2,34" ten="308,134,268,290" oya="2" hai0="96,102,14,78,87,131,113,37,50,15,82,3,28" hai1="60,101,56,132,112,21,73,67,72,25,62,109,100" hai2="70,76,63,127,45,94,0,57,74,20,69,122,40" hai3="6,65,89,88,124,126,128,55,80,42,110,111,77"/><V10/><F122/><W133/><G42/><T12/><D37/><U66/><E109/><N who="3" m="41482" /><G65/><T29/><D131/><U41/><E132/><V23/><F127/><N who="3" m="48683" /><G133/><T119/><D119/><U33/><E33/><V121/><F121/><W47/><G128/><T39/><D39/><U104/><E112/><V84/><F70/><W95/><G6/><T118/><D118/><U4/><E41/><V38/><F69/><W58/><G47/><T22/><D113/><U26/><E4/><N who="2" m="1287" /><F94/><W120/><G95/><T106/><D50/><U108/><E108/><V5/><F5/><W86/><G120/><T31/><REACH who="0" step="1"/><D3/><REACH who="0" ten="298,134,268,290" step="2"/><U85/><E62/><AGARI ba="0,1" hai="55,58,62,77,80,86,88,89" m="48683,41482" machi="62" ten="30,3900,0" yaku="14,1,18,1,54,1" doraHai="34" who="3" fromWho="1" sc="298,0,134,-39,268,0,290,49" /><INIT seed="3,0,0,0,0,22" ten="298,95,268,339" oya="3" hai0="0,131,5,66,90,37,88,89,95,55,125,4,61" hai1="15,25,115,20,43,120,135,109,29,31,64,53,106" hai2="1,107,38,6,69,92,33,85,126,30,48,65,14" hai3="16,27,23,80,86,78,42,56,59,72,21,132,123"/><W124/><G132/><T26/><D125/><U9/><E135/><V68/><F38/><W122/><G124/><T118/><D131/><U58/><E106/><V45/><F107/><W70/><G70/><T67/><D37/><U101/><E120/><V93/><F1/><W73/><G42/><T96/><D118/><U111/><E115/><V77/><F126/><W10/><G10/><T116/><D116/><U97/><E64/><V75/><F75/><W40/><G40/><T36/><D36/><U134/><E43/><V13/><F65/><W11/><G11/><T83/><D0/><U50/><E31/><V28/><F6/><W60/><G59/><T62/><D55/><U17/><REACH who="1" step="1"/><E134/><REACH who="1" ten="298,85,268,339" step="2"/><V79/><F30/><W103/><G123/><T112/><D67/><U133/><E133/><V57/><F28/><W19/><G122/><T71/><D112/><U121/><E121/><V81/><F69/><W3/><G3/><T100/><D66/><U41/><E41/><V47/><F68/><W35/><G35/><T98/><D71/><U108/><E108/><V117/><F33/><W46/><G103/><T54/><D100/><U110/><E110/><V130/><F117/><W32/><G32/><T99/><D54/><U24/><E24/><V51/><F130/><W63/><G46/><T44/><D44/><U12/><E12/><V49/><F47/><W129/><G129/><T18/><D26/><U74/><E74/><N who="2" m="43191" /><F45/><W91/><G73/><T105/><D105/><U39/><E39/><V94/><F57/><W76/><G56/><T104/><D104/><U34/><E34/><RYUUKYOKU ba="0,1" sc="298,-15,85,15,268,15,339,-15" hai1="9,15,17,20,25,29,50,53,58,97,101,109,111" hai2="13,14,48,49,51,79,85,92,93,94" /><INIT seed="4,1,1,3,5,118" ten="283,100,283,324" oya="0" hai0="47,56,19,16,35,94,64,98,39,84,83,33,88" hai1="10,91,31,9,127,42,40,103,135,5,53,102,121" hai2="22,92,14,126,76,49,66,109,46,108,86,15,29" hai3="38,68,3,104,61,125,11,37,133,65,4,45,120"/><T130/><D130/><U32/><E135/><V67/><F126/><W74/><G133/><T6/><D6/><U105/><E127/><V72/><F72/><W55/><G125/><T73/><D73/><U93/><E105/><V131/><F131/><W17/><G17/><T50/><D39/><U80/><E80/><N who="2" m="47367" /><F92/><W44/><G104/><T69/><D69/><U87/><E121/><V18/><F29/><W1/><G1/><T54/><D35/><U129/><E129/><V63/><F63/><W59/><G45/><T107/><D33/><U28/><E53/><N who="2" m="29879" /><F108/><W7/><G74/><T79/><D107/><U25/><E28/><V2/><F2/><W21/><G38/><T124/><D124/><U77/><E77/><V112/><F112/><W115/><G115/><T12/><D12/><N who="2" m="4650" /><F109/><W8/><G37/><T51/><D64/><U57/><E57/><V132/><F132/><W97/><G59/><T122/><D122/><U78/><E78/><V111/><F111/><W30/><G3/><T58/><D58/><U128/><E128/><V20/><F20/><W43/><G21/><T70/><D70/><U101/><REACH who="1" step="1"/><E5/><REACH who="1" ten="283,90,283,324" step="2"/><V24/><AGARI ba="1,2" hai="18,22,24,66,67" m="4650,29879,47367" machi="24" ten="30,1100,0" yaku="8,1" doraHai="118" who="2" fromWho="2" sc="283,-6,90,-4,283,34,324,-4" /><INIT seed="5,0,0,1,1,82" ten="277,86,317,320" oya="1" hai0="122,107,114,73,89,53,72,13,52,69,21,86,36" hai1="97,78,31,106,0,26,115,3,45,102,34,95,48" hai2="116,84,94,118,100,10,17,88,105,110,2,75,81" hai3="38,120,43,1,25,131,55,135,63,117,126,90,128"/><U32/><E32/><V67/><F67/><W39/><G25/><T11/><D107/><U4/><E115/><V49/><F110/><W77/><G77/><T23/><D69/><U6/><E78/><N who="2" m="44255" /><F49/><W80/><G80/><T44/><D114/><U60/><E60/><V71/><F71/><W92/><G1/><T8/><D73/><U58/><E58/><V85/><F17/><W20/><G20/><T133/><D72/><U111/><E111/><V66/><F66/><W112/><G92/><N who="0" m="54327" /><D133/><U22/><E34/><V5/><F85/><W19/><G19/><T27/><D36/><U62/><E62/><V64/><F64/><W51/><G63/><T83/><D83/><U47/><E106/><V103/><F103/><W113/><G120/><T54/><D44/><U40/><REACH who="1" step="1"/><E47/><REACH who="1" ten="277,76,317,320" step="2"/><V46/><F46/><W127/><G113/><T119/><D122/><U109/><E109/><V33/><F33/><W12/><G112/><T61/><D61/><U56/><E56/><V134/><F134/><W9/><G135/><T70/><D70/><U41/><E41/><V29/><F105/><W101/><G43/><T18/><D119/><U104/><E104/><V37/><F118/><W125/><G117/><T96/><D96/><U65/><E65/><V124/><F116/><W74/><G126/><T87/><D87/><U30/><E30/><AGARI ba="0,1" hai="8,11,13,18,21,23,27,30,52,53,54" m="54327" machi="30" ten="30,3900,0" yaku="8,1,52,1,54,1" doraHai="82" who="0" fromWho="1" sc="277,49,76,-39,317,0,320,0" /><INIT seed="6,0,0,4,1,118" ten="326,37,317,320" oya="2" hai0="23,70,30,89,98,11,25,126,45,76,133,38,31" hai1="131,121,34,36,12,110,5,43,57,37,60,68,35" hai2="48,111,14,65,99,22,28,90,101,61,58,112,41" hai3="120,44,79,6,29,10,97,91,54,85,108,1,116"/><V88/><F112/><W17/><G116/><T49/><D126/><U33/><E110/><V18/><F111/><W105/><G108/><T129/><D133/><U0/><E131/><V100/><F28/><W119/><G119/><T4/><D129/><U125/><E68/><V69/><F69/><W78/><G29/><T21/><D70/><U127/><E0/><V66/><F66/><W72/><G72/><T123/><D76/><U7/><E43/><V3/><F3/><W102/><G120/><T92/><D123/><U132/><E132/><V104/><REACH who="2" step="1"/><F101/><REACH who="2" ten="326,37,307,320" step="2"/><W80/><REACH who="3" step="1"/><G17/><REACH who="3" ten="326,37,307,310" step="2"/><T39/><D31/><U134/><E134/><V32/><F32/><N who="1" m="8193" /><U114/><DORA hai="103" /><E127/><V109/><F109/><W115/><G115/><T19/><D30/><U107/><E125/><V46/><AGARI ba="0,2" hai="14,18,22,41,46,48,58,61,65,88,90,99,100,104" machi="46" ten="30,12000,1" yaku="1,1,0,1,52,1,54,1,53,1" doraHai="118,103" doraHaiUra="13,71" who="2" fromWho="2" sc="326,-40,37,-40,307,140,310,-40" owari="286,9.0,-3,-50.0,447,54.0,270,-13.0" /></mjloggm>