<mjloggm ver="2.3"><GO type="41"/><UN n0="%E5%AE%AE%E6%B0%B8%E5%92%B2%E3%83%BB%E2%88%80%E3%83%BB%E2%98%85" n1="%E6%AF%94%E5%91%82%E6%AF%94%E5%91%82" n2="%E3%82%A6%E3%83%AB%E3%83%88%E3%83%A9%E7%AB%8B%E7%9B%B4" n3="%46%E5%8B%95" dan="15,13,15,15" rate="2051,1903,1968,2103" sx="M,M,M,M"/><TAIKYOKU oya="0"/><INIT seed="0,0,0,4,1,51" ten="250,250,250,250" oya="0" hai0="124,88,86,27,121,114,93,67,78,29,25,83,74" hai1="59,123,30,42,104,85,117,80,60,66,130,132,13" hai2="116,126,28,40,16,20,38,70,18,122,90,92,23" hai3="111,26,79,56,128,81,68,39,127,89,115,105,77"/><T0/><D121/><U131/><E123/><V45/><F116/><W53/><G68/><T108/><D114/><U50/><E117/><V6/><F122/><W100/><G115/><T94/><D0/><U34/><E104/><V11/><F70/><W95/><G39/><T31/><D124/><U47/><E132/><V65/><F65/><W110/><G127/><T10/><D67/><U99/><E99/><V19/><F28/><W46/><G128/><N who="1" m="49194" /><E34/><V7/><F126/><W55/><G105/><T5/><D108/><N who="3" m="41513" /><G100/><T113/><D113/><U109/><E30/><V1/><REACH who="2" step="1"/><F7/><REACH who="2" ten="250,250,240,250" step="2"/><W82/><G79/><T3/><D31/><U91/><E109/><V33/><F33/><W96/><G77/><T106/><D106/><U107/><E107/><V57/><F57/><W62/><G26/><T35/><REACH who="0" step="1"/><D25/><REACH who="0" ten="240,250,240,250" step="2"/><U72/><E72/><V98/><AGARI ba="0,2" hai="1,6,11,16,18,19,20,23,38,40,45,90,92,98" machi="98" ten="30,4000,0" yaku="1,1,0,1,54,1,53,0" doraHai="51" doraHaiUra="24" who="2" fromWho="2" sc="240,-20,250,-10,240,60,250,-10" /><INIT seed="1,0,0,3,0,90" ten="220,240,300,240" oya="1" hai0="121,100,117,77,95,84,67,98,20,54,4,75,130" hai1="128,108,96,50,26,13,23,18,43,28,102,68,30" hai2="101,126,134,65,116,32,70,119,86,78,42,94,103" hai3="35,39,115,17,99,81,112,91,132,10,53,120,62"/><U76/><E68/><V73/><F42/><W88/><G35/><T72/><BYE who="2" /><D117/><U19/><E76/><UN n2="%E3%82%A6%E3%83%AB%E3%83%88%E3%83%A9%E7%AB%8B%E7%9B%B4" /><V124/><F32/><W122/><G39/><T104/><D67/><U27/><E128/><V59/><F59/><W9/><G132/><T31/><D130/><U131/><E131/><V6/><F6/><W5/><G17/><T49/><D4/><U79/><E79/><V45/><F45/><W74/><G74/><T38/><D38/><U1/><E1/><V34/><F34/><W47/><G47/><T82/><D121/><U7/><E50/><V41/><F41/><W52/><G5/><T85/><D85/><U11/><E43/><V107/><F65/><W118/><G99/><T25/><REACH who="0" step="1"/><D104/><REACH who="0" ten="210,240,300,240" step="2"/><U8/><E108/><V113/><F107/><W48/><G118/><T22/><D22/><N who="1" m="15447" /><E96/><V56/><F116/><W55/><G120/><T83/><D83/><U66/><E66/><V106/><F119/><W93/><G122/><T14/><D14/><N who="1" m="5407" /><E102/><V57/><F103/><W64/><G112/><T127/><D127/><U33/><E19/><V123/><F101/><W51/><G115/><T129/><D129/><U135/><E135/><V46/><F134/><W105/><G105/><T58/><AGARI ba="0,1" hai="20,25,31,49,54,58,72,75,77,82,84,95,98,100" machi="58" ten="20,8000,1" yaku="1,1,0,1,7,1,52,1,53,1" doraHai="90" doraHaiUra="97" who="0" fromWho="0" sc="210,90,240,-40,300,-20,240,-20" /><INIT seed="2,0,0,5,1,59" ten="300,200,280,220" oya="2" hai0="92,90,44,77,11,26,87,51,71,74,30,96,62" hai1="94,13,53,50,97,56,17,16,55,112,64,10,31" hai2="15,85,129,95,72,116,3,23,75,52,100,130,40" hai3="124,117,113,68,105,86,106,135,80,69,125,9,4"/><V111/><F3/><W37/><G117/><T128/><D74/><U63/><E112/><V14/><F40/><W0/><G37/><T8/><D128/><N who="2" m="49258" /><F116/><W120/><G120/><T126/><D126/><N who="3" m="48745" /><G113/><T91/><D77/><U58/><E31/><V2/><F2/><W110/><G135/><T20/><D71/><N who="3" m="27209" /><G110/><T76/><D76/><AGARI ba="0,0" hai="0,4,9,76,80,86,105,106" m="27209,48745" machi="76" ten="30,1000,0" yaku="18,1" doraHai="59" who="3" fromWho="0" sc="300,-10,200,0,280,0,220,10" /><INIT seed="3,0,0,2,1,105" ten="290,200,280,230" oya="3" hai0="81,58,68,32,100,41,113,24,86,116,102,59,60" hai1="110,115,107,70,47,3,71,108,104,6,43,40,97" hai2="65,54,61,31,131,8,91,66,36,77,114,17,22" hai3="57,19,85,33,0,10,103,63,101,35,122,132,25"/><W72/><G122/><T95/><D116/><U34/><E40/><V14/><F114/><W9/><G132/><T109/><D113/><U99/><E115/><V96/><F36/><W120/><G120/><T128/><D68/><U133/><E133/><V20/><F131/><W16/><G72/><T44/><D128/><U78/><E78/><V129/><F129/><W127/><G127/><T94/><D32/><U48/><E34/><V89/><F77/><W56/><G0/><T13/><D109/><N who="1" m="42091" /><E97/><V134/><F134/><W2/><G2/><T69/><D69/><N who="1" m="26123" /><E99/><V125/><F125/><W1/><G1/><T26/><D13/><U92/><E92/><N who="0" m="35369" /><D41/><U55/><E55/><V74/><F96/><W67/><G85/><T117/><D117/><U64/><E64/><V112/><F66/><W30/><G35/><T106/><D106/><U50/><E50/><V93/><F65/><W28/><G33/><T118/><D118/><U79/><E79/><V11/><F93/><W90/><G67/><N who="0" m="39319" /><D59/><U52/><E43/><V12/><F112/><W21/><G63/><T38/><D38/><U126/><E126/><V4/><F61/><W83/><G83/><T51/><D51/><U5/><E5/><V23/><F54/><W15/><G15/><T130/><D130/><U7/><E7/><V119/><F119/><W46/><G46/><T42/><D44/><U111/><N who="1" m="42099" /><U121/><DORA hai="98" /><E121/><V82/><F89/><W29/><G90/><N who="0" m="51535" /><D42/><U84/><E84/><V27/><F91/><W49/><G49/><T37/><D37/><U62/><E62/><V39/><F39/><RYUUKYOKU ba="0,0" sc="290,10,200,10,280,10,230,-30" hai0="24,26,100,102" hai1="3,6,47,48,52,104,107" hai2="4,8,11,12,14,17,20,22,23,27,31,74,82" /><INIT seed="4,1,0,1,5,122" ten="300,210,290,200" oya="0" hai0="38,108,133,65,102,18,53,1,135,121,75,67,45" hai1="17,40,20,80,39,92,90,9,74,125,31,2,111" hai2="59,26,123,68,100,24,127,0,7,33,76,34,87" hai3="58,8,63,70,86,71,16,97,113,13,36,29,101"/><T117/><D117/><U91/><E125/><V105/><F59/><W77/><G36/><T98/><D121/><U37/><E31/><V43/><F43/><W19/><G113/><T129/><D75/><U104/><E104/><V44/><F44/><W124/><G124/><T95/><D129/><U61/><E61/><V57/><F57/><W128/><G128/><T109/><D1/><U48/><E9/><N who="2" m="2279" /><F87/><W62/><G29/><T89/><D18/><U107/><E2/><V64/><F76/><W72/><G72/><T131/><D131/><U5/><E5/><V12/><F123/><W73/><G73/><T118/><D118/><U4/><E4/><V11/><F100/><W110/><G110/><N who="0" m="42603" /><D102/><U119/><E119/><V85/><F127/><W81/><G19/><T21/><D21/><U132/><E107/><V79/><F105/><W14/><G14/><T3/><D3/><U130/><E111/><V78/><F26/><W94/><G63/><T52/><D38/><U27/><E130/><V112/><F24/><W55/><AGARI ba="1,0" hai="8,13,16,55,58,62,70,71,77,81,86,94,97,101" machi="55" ten="20,2700,0" yaku="0,1,7,1,54,1" doraHai="122" who="3" fromWho="3" sc="300,-14,210,-8,290,-8,200,30" /><INIT seed="5,0,0,5,3,73" ten="286,202,282,230" oya="1" hai0="27,62,91,52,21,75,96,44,76,20,134,41,5" hai1="127,130,108,80,71,19,48,4,100,113,90,33,107" hai2="67,120,101,66,64,37,40,72,135,29,59,81,8" hai3="18,3,98,119,124,9,131,6,58,132,97,61,106"/><U69/><E33/><V87/><F120/><W38/><G119/><T49/><D5/><U12/><E4/><V83/><F29/><W117/><G117/><T65/><D134/><U84/><E113/><V23/><F135/><W88/><G132/><T45/><D45/><U86/><E130/><V94/><F23/><W115/><G115/><T70/><D75/><U43/><E127/><V79/><F8/><W47/><G124/><T93/><D76/><U104/><E108/><V42/><F37/><W114/><G114/><T53/><REACH who="0" step="1"/><D20/><REACH who="0" ten="276,202,282,230" step="2"/><U1/><E1/><V32/><F32/><W2/><G3/><T60/><D60/><U103/><E107/><V92/><F59/><W54/><G106/><T25/><D25/><U129/><E129/><V15/><F15/><W0/><G0/><T39/><D39/><U85/><E104/><V118/><F118/><W126/><G131/><T26/><D26/><U116/><E116/><V82/><F72/><W51/><G38/><T63/><D63/><U55/><E71/><V105/><F105/><W13/><G126/><T7/><D7/><U30/><E69/><V77/><F42/><W16/><G2/><T68/><D68/><U11/><E43/><V78/><F40/><N who="3" m="25063" /><G98/><T46/><D46/><N who="1" m="28055" /><E30/><AGARI ba="0,1" hai="21,27,30,41,44,49,52,53,62,65,70,91,93,96" machi="30" ten="30,8000,1" yaku="1,1,7,1,54,1,53,2" doraHai="73" doraHaiUra="50" who="0" fromWho="1" sc="276,90,202,-80,282,0,230,0" /><INIT seed="6,0,0,1,4,99" ten="366,122,282,230" oya="2" hai0="56,87,52,90,135,8,134,35,100,105,98,104,51" hai1="41,96,64,21,18,128,26,121,33,95,93,37,74" hai2="130,46,103,107,53,63,43,39,116,14,60,42,65" hai3="84,23,70,36,110,80,73,88,2,68,94,78,30"/><V25/><F116/><W69/><G110/><T19/><D35/><U82/><E128/><V120/><F120/><W119/><G119/><T125/><D125/><U108/><E33/><V97/><F130/><W117/><G117/><T4/><D19/><U89/><E121/><V66/><F25/><W6/><G36/><T3/><REACH who="0" step="1"/><D105/><REACH who="0" ten="356,122,282,230" step="2"/><U55/><E108/><V75/><F75/><W118/><G118/><T28/><D28/><U48/><E37/><V13/><F43/><W86/><G30/><T34/><D34/><U67/><E41/><V17/><F17/><W133/><G73/><T102/><D102/><U61/><E74/><V44/><F13/><W15/><G15/><T114/><D114/><U11/><E11/><V1/><F14/><W77/><G2/><T10/><D10/><U29/><E29/><V124/><F124/><W62/><G6/><T31/><D31/><U111/><E111/><V113/><F1/><W126/><G126/><T27/><D27/><U131/><E131/><V122/><F113/><W40/><G40/><T50/><D50/><U20/><E20/><V132/><F122/><W109/><G23/><T123/><D123/><U72/><E61/><V58/><F60/><W24/><G24/><T5/><D5/><U91/><E72/><V85/><F39/><W76/><G109/><T71/><D71/><U0/><E0/><V57/><F42/><W127/><G127/><T59/><D59/><N who="1" m="33255" /><E82/><AGARI ba="0,1" hai="3,4,8,51,52,56,82,87,90,98,100,104,134,135" machi="82" ten="40,8000,1" yaku="1,1,52,1,54,1,53,1" doraHai="99" doraHaiUra="79" who="0" fromWho="1" sc="356,90,122,-80,282,0,230,0" /><INIT seed="7,0,0,0,0,49" ten="446,42,282,230" oya="3" hai0="63,19,113,98,48,71,87,95,37,85,74,103,33" hai1="16,6,96,122,83,62,22,73,82,25,60,12,5" hai2="133,69,53,109,24,121,116,70,7,59,102,0,115" hai3="84,36,17,27,38,51,44,124,114,28,88,4,66"/><W108/><G108/><T78/><D37/><U9/><E73/><V11/><F116/><W64/><G124/><T86/><D33/><U131/><E131/><V1/><F109/><W54/><G114/><T132/><D113/><U56/><E60/><V107/><F115/><W68/><G4/><T61/><D132/><U52/><E5/><V97/><F133/><W72/><G72/><T125/><D125/><U47/><E47/><V35/><F121/><W105/><G105/><T112/><D112/><U127/><E127/><V15/><F1/><W32/><G17/><T94/><D71/><U120/><E120/><V128/><F128/><W106/><G106/><T39/><D39/><U57/><E57/><V46/><F46/><W65/><REACH who="3" step="1"/><G68/><REACH who="3" ten="446,42,282,220" step="2"/><T123/><D74/><U58/><E122/><V118/><F118/><W99/><G99/><T42/><D123/><U2/><E2/><V26/><F0/><W129/><G129/><T20/><D98/><U130/><E130/><V111/><F111/><W93/><AGARI ba="0,1" hai="27,28,32,36,38,44,51,54,64,65,66,84,88,93" machi="93" ten="30,11700,0" yaku="1,1,0,1,52,1,54,1,53,0" doraHai="49" doraHaiUra="14" who="3" fromWho="3" sc="446,-39,42,-39,282,-39,220,127" /><INIT seed="7,1,0,5,2,38" ten="407,3,243,347" oya="3" hai0="55,135,127,36,113,50,0,118,123,45,126,28,22" hai1="10,3,71,23,79,39,16,30,108,72,120,35,117" hai2="41,12,19,134,56,49,112,80,31,47,44,131,101" hai3="81,102,48,13,46,111,105,52,132,65,51,69,4"/><W103/><G111/><T90/><D123/><U66/><E79/><V40/><F112/><W54/><G132/><T84/><D0/><U21/><E72/><V75/><F134/><W114/><G114/><T33/><D33/><U119/><E66/><V93/><F131/><W97/><G103/><T5/><D5/><N who="1" m="1343" /><E39/><V34/><F34/><W68/><G81/><N who="0" m="49423" /><D135/><U121/><E71/><V73/><F31/><W91/><G91/><T29/><D113/><U95/><E95/><V96/><F56/><W78/><G78/><T7/><D7/><U77/><E77/><V60/><F60/><W58/><REACH who="3" step="1"/><G65/><REACH who="3" ten="407,3,243,337" step="2"/><T83/><D118/><N who="1" m="45067" /><E108/><V104/><F104/><W57/><G57/><T64/><D64/><U17/><E121/><V109/><F109/><W32/><G32/><T42/><D83/><U27/><E120/><V24/><F80/><W98/><G98/><T26/><D127/><U74/><E74/><V70/><F70/><W107/><G107/><T6/><D126/><U116/><N who="1" m="45075" /><U1/><DORA hai="82" /><E1/><V43/><F75/><W124/><G124/><T14/><D29/><U99/><E99/><V94/><F73/><W53/><G53/><T11/><D36/><U106/><E106/><V61/><F94/><W20/><G20/><AGARI ba="1,1" hai="16,17,20,21,23,27,30,35" m="45075,1343" machi="20" ten="40,8000,1" yaku="12,1,34,2,54,1" doraHai="38,82" who="1" fromWho="3" sc="407,0,3,93,243,0,337,-83" owari="407,51.0,96,-40.0,243,-16.0,254,5.0" /></mjloggm>