<mjloggm ver="2.3"><GO type="41"/><UN n0="%EF%BC%88%E2%89%A7%E2%96%BD%E2%89%A6%EF%BC%89" n1="%4C%61%73%6B%26%59%75" n2="%38%32%31%73%68%69%6E" n3="%72%75%6E%61%38%38%38" dan="15,14,14,13" rate="2009,2006,1860,1836" sx="M,M,M,F"/><TAIKYOKU oya="0"/><INIT seed="0,0,0,5,1,117" ten="250,250,250,250" oya="0" hai0="54,69,123,53,29,63,0,130,127,76,101,32,58" hai1="34,91,95,26,59,93,62,47,4,22,27,73,126" hai2="104,18,39,134,119,125,23,115,72,3,17,77,57" hai3="86,44,66,28,13,2,94,100,21,88,122,42,16"/><T133/><D123/><U5/><E73/><V31/><F39/><W67/><G2/><T36/><D0/><U46/><E34/><V102/><F115/><W60/><G28/><T70/><D36/><U75/><E75/><V45/><F119/><W85/><G100/><T64/><D133/><U25/><E22/><V132/><F3/><W61/><G85/><T19/><D130/><U12/><E126/><V82/><F125/><W41/><G122/><T65/><D127/><U92/><E91/><V116/><F116/><W124/><G124/><T96/><D76/><U121/><E121/><V131/><F45/><N who="1" m="16905" /><E12/><V1/><F1/><W114/><G114/><T40/><D40/><N who="3" m="15465" /><G44/><T35/><D35/><U110/><E110/><V50/><F131/><W37/><G37/><T128/><D128/><U112/><E112/><V108/><F108/><W55/><G55/><AGARI ba="0,0" hai="4,5,25,26,27,55,59,62,92,93,95" m="16905" machi="55" ten="30,1000,0" yaku="8,1" doraHai="117" who="1" fromWho="3" sc="250,0,250,10,250,0,250,-10" /><INIT seed="1,0,0,0,1,61" ten="250,260,250,240" oya="1" hai0="3,34,135,80,12,101,90,66,73,45,26,9,16" hai1="99,46,64,55,96,65,2,94,43,58,100,8,22" hai2="133,15,44,40,41,95,33,115,42,86,37,1,76" hai3="108,84,92,120,4,107,81,17,98,72,39,67,82"/><U30/><E2/><V79/><F1/><W27/><G120/><T122/><D122/><U109/><E8/><V36/><F33/><W54/><G108/><T87/><D135/><U134/><E134/><V5/><F133/><W68/><G107/><T50/><D73/><U97/><E109/><V102/><F115/><W74/><G39/><T53/><D3/><U125/><E125/><V24/><F24/><W57/><G4/><T116/><D116/><U127/><E127/><V106/><F106/><W123/><G123/><T62/><D101/><U13/><E94/><V91/><F102/><W60/><G82/><T6/><D34/><U132/><E100/><V105/><F105/><W49/><G17/><T38/><D38/><U88/><E88/><V56/><F56/><W23/><G98/><T21/><D62/><N who="1" m="36191" /><E132/><V63/><F63/><W10/><G92/><T128/><D128/><U112/><E112/><V11/><F40/><W103/><G10/><T48/><D48/><N who="1" m="26719" /><E30/><V47/><AGARI ba="0,0" hai="5,11,15,36,37,41,42,44,47,76,79,86,91,95" machi="47" ten="30,2000,0" yaku="0,1,9,1" doraHai="61" who="2" fromWho="2" sc="250,-5,260,-10,250,20,240,-5" /><INIT seed="2,0,0,0,5,91" ten="245,250,270,235" oya="2" hai0="14,82,106,24,61,46,83,51,27,135,65,134,6" hai1="75,42,38,100,133,39,53,34,125,55,108,3,121" hai2="19,80,87,131,36,40,62,72,54,60,18,70,132" hai3="77,73,107,43,111,92,124,84,103,13,20,57,49"/><V93/><F72/><W110/><G43/><N who="0" m="25055" /><D106/><U71/><E100/><V129/><F132/><N who="0" m="50730" /><D6/><U52/><E3/><V0/><F0/><W37/><G37/><N who="1" m="13834" /><E34/><V112/><F112/><W2/><G2/><T15/><D15/><U105/><E105/><V47/><F60/><W30/><G124/><T123/><D14/><U90/><E75/><V29/><F29/><W114/><G114/><T17/><D123/><U95/><E133/><V126/><F126/><W10/><G107/><T58/><D17/><U88/><E125/><V44/><F44/><W122/><G122/><T116/><D116/><U11/><E11/><V68/><F19/><W45/><G73/><T50/><D50/><U113/><E42/><V41/><F40/><W98/><G77/><T119/><D119/><U96/><E121/><V118/><F18/><W67/><G30/><T66/><D66/><U117/><E90/><N who="2" m="53471" /><F118/><W35/><G35/><T79/><D79/><U76/><E76/><V97/><F70/><W101/><G67/><T94/><D24/><U9/><E71/><V8/><F8/><W99/><G10/><T81/><D27/><U115/><E9/><V12/><F12/><W4/><G4/><T7/><D7/><U16/><E117/><V120/><F120/><W21/><G13/><T56/><D56/><U86/><E16/><V1/><F1/><W22/><G57/><T64/><D65/><U74/><E113/><V89/><F68/><W104/><G84/><T5/><D5/><U85/><E74/><V128/><F97/><W59/><G59/><T127/><D127/><U102/><E115/><RYUUKYOKU ba="0,0" sc="245,15,250,-15,270,-15,235,15" hai0="58,61,64,81,82,83,94" hai3="20,21,22,45,49,92,98,99,101,103,104,110,111" /><INIT seed="3,1,0,4,3,17" ten="260,235,255,250" oya="3" hai0="7,11,118,37,34,105,84,89,48,9,33,112,86" hai1="99,75,79,43,70,134,56,12,131,117,50,3,100" hai2="59,31,132,42,53,1,5,106,109,74,28,87,81" hai3="107,64,46,76,80,115,22,103,61,102,93,52,116"/><W88/><G116/><T58/><D118/><U8/><E3/><V0/><F106/><W133/><G115/><T20/><D37/><U44/><E70/><V14/><F74/><W123/><G123/><T68/><D68/><U55/><E131/><V32/><F132/><W15/><G133/><T29/><D105/><U26/><E134/><V71/><F71/><W91/><G107/><T98/><D112/><U23/><E75/><V54/><F109/><W49/><G91/><T38/><D38/><U110/><E79/><V95/><F42/><W30/><G30/><T77/><D34/><U85/><E85/><N who="0" m="32873" /><D77/><U66/><E110/><V4/><F1/><W60/><G60/><T72/><D33/><U57/><E66/><V63/><F0/><W35/><G35/><T6/><D72/><U18/><E43/><V127/><F95/><W25/><G76/><T94/><D58/><U62/><E62/><V16/><F127/><W111/><G111/><T124/><D48/><U104/><REACH who="1" step="1"/><E117/><REACH who="1" ten="260,225,255,250" step="2"/><V129/><F129/><W83/><G64/><T120/><D120/><U19/><AGARI ba="1,1" hai="8,12,18,19,23,26,44,50,55,56,57,99,100,104" machi="19" ten="20,8000,1" yaku="1,1,2,1,0,1,7,1,52,1,53,0" doraHai="17" doraHaiUra="108" who="1" fromWho="1" sc="260,-21,225,93,255,-21,250,-41" /><INIT seed="4,0,0,2,2,62" ten="239,318,234,209" oya="0" hai0="115,16,129,8,38,132,39,4,40,88,121,43,66" hai1="22,32,84,35,50,78,130,27,80,25,29,14,122" hai2="127,42,68,131,125,59,3,106,114,91,133,69,60" hai3="134,103,113,18,83,81,2,51,73,56,10,7,34"/><T24/><D121/><U58/><E130/><V9/><F114/><W96/><G113/><T17/><D115/><U94/><E122/><V107/><F131/><W126/><G134/><T82/><D129/><U118/><E118/><V61/><F133/><W72/><G126/><N who="2" m="48137" /><F42/><N who="0" m="15914" /><D39/><U135/><E14/><V54/><F91/><W108/><G108/><T1/><D1/><U20/><E94/><V120/><F120/><W44/><G34/><T67/><D38/><U112/><E112/><V109/><F109/><W86/><G56/><T119/><D119/><U123/><E123/><V13/><F3/><W46/><G18/><N who="0" m="7275" /><D132/><U31/><E135/><V12/><F9/><W63/><G63/><N who="2" m="24137" /><F59/><W97/><G2/><T79/><D79/><U26/><E26/><V99/><F54/><AGARI ba="0,0" hai="20,22,25,27,29,31,32,35,50,54,58,78,80,84" machi="54" ten="40,1300,0" yaku="9,1" doraHai="62" who="1" fromWho="2" sc="239,0,318,13,234,-13,209,0" /><INIT seed="5,0,0,0,1,107" ten="239,331,221,209" oya="1" hai0="101,119,58,109,43,34,94,45,54,2,66,44,21" hai1="84,73,130,28,118,126,79,26,52,7,72,129,38" hai2="33,6,95,25,87,59,99,60,47,120,125,27,41" hai3="77,53,36,30,90,81,1,11,88,110,20,91,64"/><U19/><E118/><V80/><F120/><W67/><G36/><T82/><D34/><N who="1" m="20759" /><E38/><V108/><F125/><W103/><G110/><T46/><D2/><U14/><E7/><V12/><F108/><W13/><G1/><T57/><D109/><U70/><E70/><V75/><F33/><W48/><G103/><T106/><D106/><U74/><E52/><N who="2" m="33895" /><F75/><W93/><G93/><T115/><D119/><U104/><E104/><V113/><F113/><W85/><G20/><T123/><D115/><U111/><E84/><V76/><F47/><W35/><G35/><T89/><D123/><U112/><E112/><V9/><F41/><W97/><G97/><N who="0" m="59575" /><D66/><U29/><E29/><V40/><F40/><W17/><REACH who="3" step="1"/><G30/><REACH who="3" ten="239,331,221,199" step="2"/><T23/><D43/><U124/><E111/><V49/><F99/><W37/><G37/><T63/><D58/><AGARI ba="0,1" hai="11,13,17,48,53,58,64,67,77,81,85,88,90,91" machi="58" ten="40,5200,0" yaku="1,1,8,1,54,1,53,0" doraHai="107" doraHaiUra="133" who="3" fromWho="0" sc="239,-52,331,0,221,0,199,62" /><INIT seed="6,0,0,1,3,132" ten="187,331,221,261" oya="2" hai0="44,15,110,114,42,41,43,51,101,118,104,53,85" hai1="8,113,10,68,45,119,108,63,26,7,58,71,117" hai2="65,121,49,32,60,73,78,116,19,40,84,64,72" hai3="39,74,6,120,129,29,83,125,133,92,109,75,122"/><V81/><F116/><W23/><G39/><T21/><D110/><U4/><E45/><V1/><F121/><W79/><G133/><T30/><D118/><U18/><E26/><V102/><F32/><W25/><G129/><T9/><D114/><U127/><E58/><V47/><F1/><W54/><G109/><T103/><D104/><U87/><E87/><V134/><F134/><W37/><G37/><T35/><D35/><U66/><E63/><V17/><F102/><W52/><G6/><T98/><D98/><U96/><E96/><V24/><F65/><W67/><G67/><T12/><D85/><U69/><E66/><V61/><F60/><W5/><G5/><T36/><D36/><U89/><E89/><V59/><F19/><W93/><G75/><T62/><D62/><U107/><E18/><V57/><F59/><W56/><G54/><T11/><D11/><U22/><E108/><V105/><REACH who="2" step="1"/><F105/><REACH who="2" ten="187,331,211,261" step="2"/><W82/><G122/><T48/><D101/><U55/><E107/><V111/><F111/><W130/><G130/><T0/><D103/><U135/><E135/><V80/><F80/><W86/><G120/><T2/><D2/><U70/><E117/><V123/><F123/><W76/><REACH who="3" step="1"/><G125/><REACH who="3" ten="187,331,211,251" step="2"/><T3/><D3/><U20/><E127/><V13/><F13/><W33/><G33/><T131/><D0/><U100/><E119/><V50/><F50/><AGARI ba="0,2" hai="23,25,29,50,52,56,74,76,79,82,83,86,92,93" machi="50" ten="30,3900,0" yaku="1,1,7,1,54,1,53,0" doraHai="132" doraHaiUra="128" who="3" fromWho="2" sc="187,0,331,0,211,-39,251,59" /><INIT seed="7,0,0,0,2,127" ten="187,331,172,310" oya="3" hai0="122,121,118,4,18,115,114,98,87,72,16,80,23" hai1="133,128,35,105,54,123,50,100,29,63,117,95,28" hai2="76,84,57,134,97,89,0,132,83,90,111,47,32" hai3="94,93,19,20,107,3,125,96,99,68,88,129,49"/><W73/><G3/><T43/><D118/><U102/><E128/><V40/><F32/><W36/><G68/><T77/><D4/><U130/><E130/><V126/><F0/><W61/><G36/><T13/><D43/><U86/><E123/><V9/><F111/><W37/><G37/><T15/><D98/><N who="1" m="59487" /><E105/><V135/><F126/><W31/><G73/><T2/><D2/><U26/><E35/><V22/><F9/><W21/><G107/><T8/><REACH who="0" step="1"/><D72/><REACH who="0" ten="177,331,172,310" step="2"/><U81/><E117/><V33/><F33/><W58/><G125/><T10/><D10/><U70/><E133/><N who="2" m="34051" /><V110/><DORA hai="78" /><F110/><W55/><G129/><T60/><D60/><U120/><E63/><V44/><F22/><W91/><G61/><T51/><D51/><U85/><E50/><N who="2" m="26887" /><F47/><W92/><G21/><T17/><D17/><U101/><E29/><V14/><F57/><W7/><G31/><T12/><D12/><U64/><E28/><V103/><F14/><N who="3" m="9335" /><G7/><T131/><D131/><U112/><E70/><V41/><F41/><W124/><G124/><T66/><D66/><U119/><E64/><V53/><F53/><W11/><G11/><T62/><D62/><U45/><E54/><V34/><F34/><W6/><G6/><T79/><D79/><U82/><E45/><V113/><F113/><AGARI ba="0,1" hai="8,13,15,16,18,23,77,80,87,113,114,115,121,122" machi="113" ten="40,8000,1" yaku="1,1,15,1,11,1,52,1,54,1,53,0" doraHai="127,78" doraHaiUra="52,65" who="0" fromWho="2" sc="177,90,331,0,172,-80,310,0" owari="267,-13.0,331,43.0,92,-41.0,310,11.0" /></mjloggm>