<mjloggm ver="2.3"><GO type="169"/><UN n0="%E6%BC%A2%E8%A7%92%E7%94%B0" n1="%EF%BC%88%E2%89%A7%E2%96%BD%E2%89%A6%EF%BC%89" n2="%33%E6%9C%88%33%E6%97%A5" n3="%E3%82%84%E3%81%8D%E3%81%86%E3%81%A9%E3%82%93" dan="16,18,16,16" rate="2093,2210,2060,2054" sx="M,M,M,M"/><TAIKYOKU oya="0"/><INIT seed="0,0,0,1,1,127" ten="250,250,250,250" oya="0" hai0="0,129,34,55,92,17,128,11,97,25,135,100,103" hai1="90,37,50,36,29,69,31,66,4,80,107,117,10" hai2="42,125,131,91,24,89,87,57,74,64,112,96,108" hai3="68,82,109,86,14,26,113,33,99,111,51,84,6"/><T70/><D70/><U98/><E117/><V88/><F112/><W123/><G113/><T39/><D39/><U23/><E107/><V77/><F125/><W44/><G68/><T54/><D135/><U121/><E121/><V1/><F1/><W22/><G33/><T38/><D38/><U19/><E50/><V28/><F74/><W59/><G59/><T62/><D100/><U5/><E37/><V114/><F114/><W46/><G99/><T126/><D126/><U32/><E36/><V71/><F71/><W67/><G67/><T73/><D73/><U30/><E32/><V93/><F42/><W85/><G82/><T110/><D110/><N who="3" m="41993" /><G51/><T132/><D132/><U43/><E43/><V21/><F108/><W41/><G41/><T12/><D0/><U65/><E69/><V75/><F75/><W56/><G56/><T118/><D118/><U3/><E5/><V106/><F106/><W83/><G83/><T124/><D124/><U81/><E81/><N who="2" m="47535" /><F131/><N who="0" m="50250" /><D62/><AGARI ba="0,0" hai="21,24,28,57,62,64,88,89,91,93,96" m="47535" machi="62" ten="30,2000,0" yaku="8,1,54,1" doraHai="127" who="2" fromWho="0" sc="250,-20,250,0,250,20,250,0" /><INIT seed="1,0,0,4,3,57" ten="230,250,270,250" oya="1" hai0="24,12,97,35,26,95,94,85,60,67,120,16,54" hai1="70,7,52,37,2,46,79,13,110,73,30,88,25" hai2="78,59,49,93,100,125,92,86,134,66,28,64,133" hai3="61,3,83,114,96,135,19,43,108,56,72,17,107"/><U44/><E2/><V115/><F28/><W69/><G114/><T98/><D120/><U65/><E37/><V51/><F115/><W47/><G69/><T129/><D129/><U45/><E110/><V77/><F125/><W76/><G3/><T33/><D85/><U36/><E36/><V71/><F71/><W109/><G135/><N who="2" m="51721" /><F100/><W89/><G107/><T124/><D54/><U20/><E73/><V118/><F118/><W55/><G89/><T111/><D111/><N who="3" m="42569" /><G96/><T18/><D124/><U106/><E106/><V22/><F22/><W130/><G130/><T112/><D112/><U29/><E79/><N who="2" m="30219" /><F86/><W105/><G105/><T122/><D122/><U5/><E30/><V81/><F81/><W50/><AGARI ba="0,0" hai="17,19,43,47,50,55,56,61,72,76,83" m="42569" machi="50" ten="30,2000,0" yaku="14,1,52,1" doraHai="57" who="3" fromWho="3" sc="230,-5,250,-10,270,-5,250,20" /><INIT seed="2,0,0,0,5,30" ten="225,240,265,270" oya="2" hai0="59,62,105,109,132,110,37,6,79,93,47,53,75" hai1="45,67,83,96,95,5,35,52,130,1,94,34,48" hai2="91,104,28,18,43,126,128,58,116,108,31,133,10" hai3="25,11,65,86,19,8,131,82,97,107,44,103,69"/><V111/><F116/><W129/><G65/><T70/><D105/><U115/><E115/><V114/><F114/><W73/><G69/><T3/><D70/><U12/><E1/><V66/><F104/><W63/><G63/><T32/><D132/><U89/><E67/><V64/><F133/><W4/><G73/><T125/><D125/><U16/><E5/><V77/><F126/><W71/><G71/><T26/><D93/><U122/><E122/><V40/><F77/><W51/><G25/><T42/><D26/><U101/><E130/><N who="3" m="49674" /><G19/><T39/><D32/><U117/><E117/><V121/><F121/><W33/><G4/><T112/><D39/><U14/><E14/><N who="2" m="7511" /><F128/><W127/><G33/><T113/><D113/><U88/><E89/><V21/><F66/><W0/><G0/><T17/><D17/><U72/><E72/><V23/><F91/><N who="3" m="51671" /><G127/><T9/><REACH who="0" step="1"/><D112/><REACH who="0" ten="215,240,265,270" step="2"/><U106/><E106/><V74/><F28/><W57/><G57/><T24/><D24/><U68/><E68/><V46/><F31/><W118/><G118/><T119/><D119/><U92/><E95/><V124/><F124/><W22/><G22/><T135/><D135/><U100/><E100/><V36/><F21/><W55/><AGARI ba="0,1" hai="8,11,44,51,55,97,103,107" m="51671,49674" machi="55" ten="30,1100,0" yaku="19,1" doraHai="30" who="3" fromWho="3" sc="215,-3,240,-3,265,-5,270,21" /><INIT seed="3,0,0,5,5,61" ten="212,237,260,291" oya="3" hai0="115,40,83,82,123,92,56,24,131,127,0,43,38" hai1="47,78,51,124,12,16,55,39,33,52,122,9,13" hai2="69,80,89,91,5,62,34,104,134,70,48,77,94" hai3="135,133,58,121,65,111,126,53,109,74,7,1,128"/><W26/><G121/><T21/><D123/><U117/><E33/><V4/><F104/><W36/><G74/><T64/><D0/><U101/><E122/><V32/><F134/><N who="3" m="51211" /><G36/><T60/><D127/><U11/><E124/><V37/><F37/><W18/><G126/><T95/><D131/><U99/><E117/><V68/><F48/><W106/><G106/><T28/><D115/><U42/><E78/><V46/><F46/><W96/><G96/><T19/><D19/><U49/><E39/><V119/><F119/><W112/><G112/><T93/><REACH who="0" step="1"/><D38/><REACH who="0" ten="202,237,260,291" step="2"/><U114/><E114/><V84/><F4/><W75/><G128/><T8/><D8/><U81/><E81/><AGARI ba="0,1" hai="21,24,28,40,43,56,60,64,81,82,83,92,93,95" machi="81" ten="40,5200,0" yaku="1,1,8,1,52,1,53,0" doraHai="61" doraHaiUra="67" who="0" fromWho="1" sc="202,62,237,-52,260,0,291,0" /><INIT seed="4,0,0,2,0,102" ten="264,185,260,291" oya="0" hai0="31,12,120,70,94,59,5,87,18,99,41,71,60" hai1="68,116,52,131,25,6,79,50,42,97,30,118,48" hai2="86,93,123,67,9,58,33,119,39,80,124,16,121" hai3="100,69,81,78,7,98,84,3,109,29,126,76,77"/><T85/><D120/><U47/><E68/><V64/><F33/><W95/><G69/><T128/><D128/><U22/><E131/><V73/><F39/><W2/><G109/><T53/><D70/><U24/><E6/><V101/><F124/><W38/><G38/><T27/><D41/><U92/><E79/><V96/><F73/><W134/><G126/><T129/><D5/><U55/><E25/><V122/><F119/><W104/><G134/><T23/><D71/><U37/><E37/><V106/><F93/><W115/><G115/><T110/><D110/><U103/><REACH who="1" step="1"/><E42/><REACH who="1" ten="264,175,260,291" step="2"/><V51/><F123/><W105/><G76/><T107/><D129/><U63/><E63/><V17/><F122/><W36/><G36/><T14/><D14/><U35/><E35/><V90/><F121/><W49/><G77/><T135/><D135/><U11/><E11/><V125/><F125/><W113/><G7/><T1/><D1/><U45/><AGARI ba="0,1" hai="22,24,30,45,47,48,50,52,55,92,97,103,116,118" machi="45" ten="20,12000,2" yaku="1,1,0,1,7,1,9,1,54,1,53,1" doraHai="102" doraHaiUra="19" who="1" fromWho="1" sc="264,-60,175,130,260,-30,291,-30" /><INIT seed="5,0,0,0,0,4" ten="204,305,230,261" oya="1" hai0="115,2,60,79,106,83,8,31,73,87,94,86,46" hai1="53,27,66,57,132,93,65,18,48,127,52,72,99" hai2="0,88,114,70,91,135,38,134,123,13,67,76,28" hai3="80,89,82,14,102,68,3,126,62,128,43,59,7"/><U36/><E36/><V21/><F123/><W81/><G68/><T90/><D106/><U39/><E72/><V49/><F0/><W25/><G3/><T23/><D115/><U33/><E39/><V40/><F38/><W118/><G102/><T97/><D46/><U100/><E132/><N who="2" m="50731" /><F76/><W71/><G71/><T112/><D112/><U56/><E127/><V42/><F114/><W22/><G126/><T11/><D2/><U121/><E121/><V133/><F133/><W124/><G124/><T51/><D51/><U54/><E33/><V77/><F77/><W98/><G128/><T107/><D60/><N who="1" m="35847" /><E53/><V50/><F50/><W26/><G43/><N who="2" m="16425" /><F49/><W69/><G69/><T116/><D116/><U10/><E27/><N who="2" m="16495" /><F13/><AGARI ba="0,0" hai="10,13,18,48,54,57,65,66,93,99,100" m="35847" machi="13" ten="30,5800,0" yaku="8,1,52,1,54,1" doraHai="4" who="1" fromWho="2" sc="204,0,305,58,230,-58,261,0" /><INIT seed="5,1,0,4,5,114" ten="204,363,172,261" oya="1" hai0="29,112,103,66,51,46,109,11,74,2,128,86,32" hai1="81,92,75,36,40,38,4,104,23,135,90,130,54" hai2="63,126,6,113,91,105,43,60,116,117,122,67,89" hai3="52,14,56,10,15,31,53,118,120,94,65,85,110"/><U25/><E104/><V21/><F122/><W132/><G120/><T125/><D74/><U79/><E135/><V20/><F105/><W100/><G110/><T73/><D73/><U131/><E4/><V18/><F113/><W57/><G132/><T26/><D109/><U28/><E54/><V45/><F6/><W106/><G106/><T99/><D112/><U84/><REACH who="1" step="1"/><E40/><REACH who="1" ten="204,353,172,261" step="2"/><V76/><F43/><W58/><G53/><T82/><D66/><U24/><E24/><V72/><F67/><W13/><G65/><T129/><D26/><U50/><E50/><V61/><F61/><W41/><G41/><T127/><D51/><U97/><E97/><V39/><F18/><W34/><G52/><T42/><D99/><U123/><E123/><V68/><F68/><W71/><G71/><T30/><D42/><U62/><E62/><V69/><F69/><W107/><G107/><T35/><D29/><U88/><E88/><V87/><F60/><W102/><G31/><T77/><D30/><U1/><E1/><V49/><F63/><W101/><G101/><T115/><D2/><U0/><E0/><V19/><F89/><W47/><G102/><T83/><D103/><U70/><E70/><V5/><F49/><W134/><G100/><T80/><D115/><U119/><E119/><V121/><F116/><W16/><G118/><T64/><D64/><U111/><E111/><V55/><F55/><W3/><G3/><T59/><D59/><U108/><E108/><V93/><F91/><W9/><G134/><T95/><D77/><U124/><E124/><V27/><F126/><RYUUKYOKU ba="1,1" sc="204,-10,353,30,172,-10,261,-10" hai1="23,25,28,36,38,75,79,81,84,90,92,130,131" /><INIT seed="5,2,1,2,4,80" ten="194,383,162,251" oya="1" hai0="88,93,41,83,46,11,12,0,49,21,59,118,126" hai1="109,103,116,79,81,67,8,28,10,45,98,31,42" hai2="106,102,26,95,92,34,60,23,50,115,94,89,132" hai3="77,40,72,117,13,70,108,123,63,44,133,113,74"/><U125/><E116/><V39/><F39/><W64/><G108/><T57/><D118/><U47/><E109/><V82/><F34/><W61/><G117/><T18/><D126/><U43/><E67/><V16/><F132/><W75/><G123/><T128/><D128/><U122/><E122/><V112/><F60/><W107/><G107/><T58/><D83/><U29/><E125/><V111/><F111/><W104/><G104/><T3/><REACH who="0" step="1"/><D21/><REACH who="0" ten="184,383,162,251" step="2"/><U69/><E81/><V37/><F37/><W121/><G121/><T32/><D32/><U91/><E8/><V129/><F129/><W84/><G133/><T6/><D6/><U101/><E10/><V105/><F102/><W35/><G35/><T53/><D53/><U134/><E103/><V131/><F131/><W76/><G64/><T90/><D90/><U52/><E91/><V33/><F33/><W38/><G38/><T78/><D78/><U9/><E52/><V66/><F66/><W25/><G76/><T14/><D14/><U30/><E9/><V36/><F36/><W2/><G13/><T1/><D1/><U56/><E101/><V20/><F20/><W5/><G77/><T4/><D4/><U71/><E79/><V65/><F65/><W127/><G2/><T99/><AGARI ba="2,2" hai="0,3,11,12,18,41,46,49,57,58,59,88,93,99" machi="99" ten="30,4000,0" yaku="1,1,0,1,54,1,53,0" doraHai="80" doraHaiUra="22" who="0" fromWho="0" sc="184,66,383,-22,162,-12,251,-12" /><INIT seed="6,0,0,2,0,75" ten="250,361,150,239" oya="2" hai0="57,60,95,55,29,80,85,36,93,40,69,79,63" hai1="130,59,64,76,122,97,1,119,58,73,71,113,109" hai2="65,24,49,11,90,51,72,46,83,81,20,106,104" hai3="114,43,12,7,110,108,6,99,2,50,47,68,31"/><V127/><F127/><W4/><G2/><T15/><D29/><U17/><E64/><V82/><F65/><W39/><G68/><T33/><D33/><U34/><E58/><V5/><F72/><W56/><G114/><T129/><D129/><U98/><E59/><V126/><F126/><W132/><G31/><T9/><D63/><U37/><E17/><V78/><F78/><W32/><G32/><T87/><D69/><U54/><E54/><V52/><F51/><W105/><G12/><T91/><D40/><U13/><E76/><V62/><F62/><W14/><G14/><T3/><D3/><U118/><E13/><V41/><F41/><W135/><G105/><T124/><D36/><U96/><E96/><V102/><F102/><W10/><G10/><T123/><D123/><U112/><E98/><V134/><F134/><N who="3" m="51243" /><G99/><T100/><D124/><U61/><E97/><V16/><REACH who="2" step="1"/><F90/><REACH who="2" ten="250,361,140,239" step="2"/><W125/><G125/><T107/><D100/><U42/><E61/><V25/><F25/><W30/><G50/><T53/><D53/><U19/><E73/><V86/><F86/><W103/><G103/><T115/><D107/><U18/><E42/><V133/><F133/><W77/><G77/><T74/><D74/><U21/><E113/><V23/><F23/><W48/><G48/><T27/><D27/><U26/><E21/><V22/><F22/><W128/><G43/><T101/><D101/><U45/><E26/><V8/><F8/><W92/><G39/><T89/><D115/><U116/><E112/><V120/><F120/><W44/><G128/><T70/><D79/><RYUUKYOKU ba="0,1" sc="250,-10,361,-10,140,30,239,-10" hai2="5,11,16,20,24,46,49,52,81,82,83,104,106" /><INIT seed="6,1,1,3,1,66" ten="240,351,170,229" oya="2" hai0="65,91,68,54,62,132,133,120,27,60,79,129,61" hai1="124,107,45,51,118,114,119,115,8,72,23,93,2" hai2="71,26,85,69,49,16,52,25,40,58,104,110,44" hai3="84,82,81,100,111,59,7,75,125,101,43,108,21"/><V53/><F104/><W83/><G43/><T131/><D79/><U96/><E72/><V34/><F110/><N who="3" m="42027" /><G59/><N who="0" m="34935" /><D27/><U135/><E135/><N who="0" m="51785" /><D91/><U41/><E107/><V55/><F58/><W87/><G21/><T42/><D120/><U103/><E23/><V122/><F122/><W106/><G7/><T64/><D42/><U29/><E29/><V12/><F85/><N who="3" m="32843" /><G125/><T57/><AGARI ba="1,1" hai="57,61,62,64,65,68,129,131" m="51785,34935" machi="57" ten="30,7900,0" yaku="20,1,34,2,52,1" doraHai="66" who="0" fromWho="0" sc="240,92,351,-21,170,-40,229,-21" /><INIT seed="7,0,0,5,3,0" ten="332,330,130,208" oya="3" hai0="4,25,11,12,68,14,51,96,109,74,36,41,9" hai1="3,104,120,79,132,2,13,45,8,26,82,126,121" hai2="69,19,124,39,71,84,44,1,83,86,73,67,49" hai3="129,88,40,60,128,133,93,59,117,75,31,101,43"/><W111/><G117/><T77/><D68/><U50/><E104/><V80/><F39/><W42/><G75/><T89/><D109/><U87/><E132/><V66/><F1/><W131/><G133/><T95/><D36/><U98/><E126/><V63/><F73/><W125/><G125/><T72/><D25/><U27/><E3/><V110/><F110/><W119/><G119/><T112/><D112/><U106/><E2/><V70/><F124/><W108/><G101/><T28/><D28/><U92/><E106/><V47/><F19/><W64/><REACH who="3" step="1"/><G31/><REACH who="3" ten="332,330,130,198" step="2"/><T34/><D74/><U134/><E134/><V48/><REACH who="2" step="1"/><F71/><REACH who="2" ten="332,330,120,198" step="2"/><W23/><G23/><T57/><D72/><U105/><E121/><V35/><F35/><W10/><G10/><T107/><D11/><U24/><E120/><V56/><F56/><W85/><AGARI ba="0,2" hai="40,42,43,59,60,64,85,88,93,108,111,128,129,131" machi="85" ten="40,12000,1" yaku="1,1,0,1,19,1,54,1,53,0" doraHai="0" doraHaiUra="17" who="3" fromWho="3" sc="332,-40,330,-40,120,-40,198,140" owari="292,9.0,290,-11.0,80,-42.0,338,44.0" /></mjloggm>