<mjloggm ver="2.3"><GO type="41"/><UN n0="%6B%69%74%61%65%35%35%35" n1="%E3%82%A6%E3%83%AB%E3%83%88%E3%83%A9%E7%AB%8B%E7%9B%B4" n2="%E4%B8%83%E4%BA%95%E5%92%B2%E5%A4%9C" n3="%E3%81%97%E3%82%87%EF%BC%8D%E3%81%B8%E3%81%84" dan="13,15,13,14" rate="1928,1980,1858,1914" sx="M,M,M,M"/><TAIKYOKU oya="0"/><INIT seed="0,0,0,2,1,118" ten="250,250,250,250" oya="0" hai0="50,55,82,56,110,109,131,57,7,101,119,111,98" hai1="49,29,100,53,62,70,114,13,15,45,23,8,65" hai2="40,75,33,5,99,68,4,9,0,107,93,106,25" hai3="125,127,44,129,22,97,69,104,117,31,96,84,28"/><T102/><D119/><U94/><E114/><V87/><F68/><W6/><G117/><T135/><D135/><U112/><E112/><V88/><F75/><W37/><G69/><T77/><D7/><U48/><E15/><V92/><F5/><W74/><G74/><N who="0" m="43319" /><D131/><U47/><E23/><V3/><F3/><W67/><G67/><T124/><D124/><U10/><E29/><V86/><F33/><W128/><G6/><T52/><D98/><U123/><E100/><N who="0" m="38505" /><D50/><U95/><E95/><V73/><F73/><W16/><G37/><T130/><D130/><U36/><E94/><V26/><F107/><W38/><G38/><T126/><D126/><U113/><E113/><V35/><F106/><W72/><G104/><T89/><D89/><U2/><E2/><V20/><F35/><W46/><G72/><T115/><D115/><U64/><E36/><V133/><F133/><W11/><G11/><T80/><D80/><U103/><E10/><V83/><F40/><W42/><G42/><T79/><D79/><U18/><E65/><V60/><F60/><W76/><G76/><T24/><D24/><U61/><E61/><V66/><F66/><W34/><G34/><T59/><AGARI ba="0,0" hai="52,55,56,57,59,109,110,111" m="38505,43319" machi="59" ten="40,7800,0" yaku="14,1,10,1,54,1" doraHai="118" who="0" fromWho="0" sc="250,78,250,-26,250,-26,250,-26" /><INIT seed="0,1,0,5,5,67" ten="328,224,224,224" oya="0" hai0="97,8,90,82,134,112,119,86,84,62,111,76,115" hai1="58,89,0,101,4,131,121,43,81,34,91,38,40" hai2="129,63,7,103,79,49,1,88,128,36,107,114,59" hai3="27,126,53,77,6,51,2,93,98,13,21,83,37"/><T122/><D122/><U125/><E121/><V35/><F35/><W123/><G123/><T118/><D8/><U57/><E34/><V73/><F36/><W124/><G37/><T31/><D31/><U56/><E38/><V50/><F114/><N who="0" m="43562" /><D62/><U106/><E106/><V135/><F135/><W87/><G2/><T42/><D42/><U102/><E0/><V12/><F1/><W69/><G13/><T14/><D14/><U120/><E120/><V70/><F73/><W29/><G6/><T85/><D134/><U94/><E4/><V78/><F107/><W96/><G53/><T24/><D24/><U19/><E19/><V33/><F103/><N who="1" m="39433" /><E131/><N who="2" m="50251" /><F33/><W47/><G47/><T60/><D60/><U132/><E132/><V23/><F78/><W99/><G51/><T46/><D46/><U65/><E65/><N who="2" m="41279" /><F79/><W109/><G29/><T10/><D10/><U11/><E11/><N who="2" m="4223" /><F23/><W48/><G21/><T54/><D54/><U28/><E28/><V92/><F59/><W127/><G127/><T95/><D111/><U64/><E125/><V75/><F75/><AGARI ba="1,0" hai="75,76,82,84,85,86,90,95,97,118,119" m="43562" machi="75" ten="30,2900,0" yaku="34,2" doraHai="67" who="0" fromWho="2" sc="328,32,224,0,224,-32,224,0" /><INIT seed="0,2,0,0,4,73" ten="360,224,192,224" oya="0" hai0="93,58,25,38,95,51,64,88,27,124,55,128,97" hai1="2,29,118,50,21,117,15,84,4,132,20,109,5" hai2="123,67,83,115,65,110,69,101,16,42,135,61,116" hai3="53,114,66,17,11,99,81,0,14,108,129,80,30"/><T90/><D38/><U85/><E50/><V13/><F123/><W60/><G114/><T10/><D128/><U86/><E2/><V32/><F67/><W52/><G129/><T68/><D68/><U33/><E33/><V82/><F32/><W111/><G0/><T54/><D124/><U41/><E41/><V39/><F115/><W18/><G30/><T130/><D130/><U46/><E46/><V127/><F110/><N who="3" m="42027" /><G99/><T36/><D36/><U105/><E109/><V131/><F131/><W6/><G6/><T134/><D134/><U77/><E29/><V24/><F135/><W48/><G18/><T107/><D107/><U8/><E105/><V3/><F3/><W74/><G74/><T104/><D104/><U125/><E132/><V120/><F120/><W70/><G53/><T71/><D71/><U23/><E125/><V40/><F127/><W43/><G43/><T113/><D113/><U47/><E47/><AGARI ba="2,0" hai="11,14,17,47,48,52,60,66,70,80,81" m="42027" machi="47" ten="30,2000,0" yaku="14,1,54,1" doraHai="73" who="3" fromWho="1" sc="360,0,224,-26,192,0,224,26" /><INIT seed="1,0,0,3,0,55" ten="360,198,192,250" oya="1" hai0="26,62,32,11,119,20,125,3,86,113,56,103,93" hai1="87,127,38,121,57,77,90,14,69,36,4,130,10" hai2="100,54,132,5,97,68,70,23,109,67,101,123,0" hai3="81,105,128,29,52,104,72,1,122,83,40,96,78"/><U64/><E121/><V63/><F123/><W45/><G122/><T35/><D119/><U9/><E127/><V42/><F42/><W80/><G1/><T49/><D113/><U91/><E130/><V61/><F109/><W16/><G128/><T118/><D118/><U95/><E69/><V112/><F112/><W34/><G34/><T47/><D125/><U27/><E77/><V108/><F108/><W19/><G29/><T85/><D3/><U6/><E27/><V8/><F132/><W50/><G105/><T73/><D73/><U15/><E91/><V114/><F114/><W76/><G104/><T18/><D35/><U60/><AGARI ba="0,0" hai="4,6,9,10,14,15,36,38,57,60,64,87,90,95" machi="60" ten="30,6000,0" yaku="0,1,9,1,52,1" doraHai="55" who="1" fromWho="1" sc="360,-20,198,60,192,-20,250,-20" /><INIT seed="1,1,0,1,0,30" ten="340,258,172,230" oya="1" hai0="6,44,40,74,101,42,110,99,70,12,134,126,79" hai1="103,55,69,127,22,97,4,118,128,116,34,78,121" hai2="94,29,58,54,23,91,82,7,43,10,71,107,80" hai3="106,119,20,5,0,87,46,51,105,47,109,93,76"/><U48/><E69/><V26/><F107/><W15/><G109/><T1/><D1/><U49/><E121/><V75/><F43/><W60/><G0/><T24/><D70/><U64/><E64/><V2/><F75/><W111/><G111/><T53/><D110/><U62/><E34/><V77/><F77/><W11/><G119/><T135/><D79/><U104/><E62/><V52/><F54/><W102/><G60/><T16/><D74/><U56/><E78/><V8/><F71/><W45/><G51/><T117/><D117/><U133/><E4/><V37/><F10/><W125/><G125/><T3/><D126/><U33/><E33/><V86/><REACH who="2" step="1"/><F37/><REACH who="2" step="2"/><W132/><G76/><T27/><D3/><U84/><E127/><V73/><F73/><W31/><G105/><T98/><D42/><U50/><E55/><V28/><F28/><W72/><G72/><T85/><D40/><U130/><E56/><V38/><F38/><W63/><G31/><T96/><D134/><U131/><E133/><V83/><F83/><W95/><G106/><T100/><D135/><U124/><E124/><V32/><F32/><W13/><G11/><T57/><D6/><U112/><E22/><V89/><F89/><W65/><G5/><T81/><D81/><U123/><E123/><V88/><F88/><N who="3" m="53407" /><G20/><N who="0" m="11271" /><D85/><U17/><E17/><V9/><F9/><W66/><G132/><T90/><D90/><U14/><E84/><V36/><F36/><W120/><G120/><T122/><D122/><U59/><E116/><V68/><F68/><N who="3" m="42047" /><G66/><T35/><D35/><U113/><E118/><RYUUKYOKU ba="1,1" sc="340,-15,258,-15,162,15,230,15" hai2="2,7,8,23,26,29,52,58,80,82,86,91,94" hai3="13,15,45,46,47,95,102" /><INIT seed="2,2,1,3,0,44" ten="325,243,177,245" oya="2" hai0="123,103,115,73,53,39,27,29,56,33,49,126,40" hai1="87,1,5,18,46,70,84,133,125,8,6,62,36" hai2="32,37,83,47,108,127,100,99,98,92,12,74,16" hai3="95,134,65,42,113,68,89,78,79,75,43,45,14"/><V118/><F32/><W35/><G35/><T81/><D123/><U58/><E70/><V135/><F118/><W24/><G134/><T71/><D115/><U7/><E133/><V30/><F135/><W97/><G113/><T54/><D126/><U26/><E125/><V102/><F127/><W50/><G42/><T132/><D132/><U129/><E129/><V119/><F119/><W21/><G75/><T13/><D71/><U120/><E120/><V93/><F30/><W109/><G109/><T88/><D39/><U116/><E116/><V67/><F67/><W66/><G68/><T131/><D131/><U90/><E36/><V59/><F108/><W91/><G91/><T15/><D103/><U72/><E72/><V55/><F74/><W111/><G111/><T0/><D0/><U23/><E46/><V4/><F4/><W112/><G112/><T20/><D40/><U130/><E130/><V128/><F128/><W101/><G101/><T41/><D41/><U28/><E28/><V105/><F83/><W114/><G14/><T124/><D124/><U107/><E107/><V104/><F37/><W61/><G114/><T63/><D33/><U106/><E106/><V69/><F47/><W94/><G94/><T82/><D73/><U38/><E38/><V80/><F69/><W96/><G96/><T22/><D22/><U121/><E121/><V48/><F80/><N who="0" m="30826" /><D88/><U19/><E90/><V25/><F25/><W76/><G61/><T85/><D85/><N who="1" m="32843" /><E1/><V11/><AGARI ba="2,1" hai="11,12,16,48,55,59,92,93,98,99,100,102,104,105" machi="11" ten="20,12000,1" yaku="0,1,7,1,9,1,52,1,54,1" doraHai="44" who="2" fromWho="2" sc="325,-42,243,-42,177,136,245,-42" /><INIT seed="2,3,0,5,4,58" ten="283,201,313,203" oya="2" hai0="16,13,109,83,117,44,133,126,107,23,91,79,66" hai1="99,6,0,2,115,61,97,24,51,34,9,77,33" hai2="31,131,69,70,71,113,86,88,25,67,46,74,106" hai3="122,116,32,53,22,121,82,94,124,103,29,132,41"/><V125/><F106/><W104/><G116/><T14/><D117/><U17/><E115/><V12/><F113/><W89/><G104/><T10/><D107/><U36/><E36/><V64/><F74/><W15/><G32/><T110/><D126/><U42/><E77/><V90/><F125/><W75/><G124/><T73/><D133/><U20/><E97/><V130/><F90/><W40/><G132/><T43/><D66/><U45/><E99/><V85/><F46/><W27/><G103/><T52/><D110/><U134/><E134/><V39/><F12/><W63/><G15/><T81/><D109/><U54/><E2/><V105/><F86/><W98/><G121/><T119/><D119/><U68/><REACH who="1" step="1"/><E54/><REACH who="1" step="2"/><V59/><F39/><W7/><G122/><T128/><D128/><N who="2" m="49194" /><F105/><W55/><G55/><T57/><D81/><U118/><E118/><V62/><F69/><W35/><G53/><T72/><D72/><U1/><E1/><V8/><F8/><W127/><G98/><T56/><D56/><U4/><E4/><V65/><F70/><W5/><G75/><T112/><D112/><U19/><E19/><V3/><F3/><W87/><G127/><T84/><D44/><U28/><E28/><V120/><F71/><W78/><G40/><T129/><D43/><U37/><E37/><V60/><F120/><W47/><G41/><T49/><D129/><U76/><E76/><V92/><F59/><W30/><G30/><T96/><D96/><U50/><E50/><V123/><F123/><W111/><G29/><T21/><D13/><U48/><E48/><RYUUKYOKU ba="3,1" sc="283,10,191,10,313,10,203,-30" hai0="10,14,16,21,23,49,52,57,73,79,83,84,91" hai1="0,6,9,17,20,24,33,34,42,45,51,61,68" hai2="25,31,60,62,64,65,67,85,88,92" /><INIT seed="2,4,1,1,1,12" ten="293,201,323,173" oya="2" hai0="34,80,59,8,76,18,131,47,48,120,75,23,40" hai1="26,111,62,28,99,114,102,71,44,100,39,67,84" hai2="21,73,91,37,117,118,133,81,109,19,79,32,43" hai3="30,93,20,36,45,9,129,38,33,24,51,108,60"/><V83/><F32/><W103/><G108/><T50/><D120/><U92/><E114/><V49/><F37/><W52/><G129/><T22/><D131/><U89/><E111/><V119/><F109/><W58/><G9/><T57/><D34/><U14/><E14/><V97/><F133/><W63/><G33/><T64/><D64/><U96/><E44/><V0/><F0/><W66/><G63/><T65/><D65/><U1/><E1/><V31/><F31/><W17/><REACH who="3" step="1"/><G17/><REACH who="3" step="2"/><T105/><D105/><U123/><E123/><V78/><F118/><W11/><G11/><T55/><D59/><U124/><E28/><V25/><F119/><W69/><G69/><T3/><D3/><U94/><E26/><V101/><F117/><W6/><G6/><T68/><D68/><U134/><E134/><V112/><F112/><W128/><G128/><T132/><D132/><U106/><E39/><V41/><F73/><W35/><G35/><T86/><D75/><U127/><AGARI ba="4,2" hai="62,67,71,84,89,92,94,96,99,100,102,106,124,127" machi="127" ten="30,1100,0" yaku="0,1" doraHai="12" who="1" fromWho="1" sc="293,-7,201,43,323,-9,163,-7" /><INIT seed="3,0,0,3,5,31" ten="286,244,314,156" oya="3" hai0="42,1,30,22,87,4,24,74,114,9,107,130,65" hai1="108,3,56,89,58,15,25,69,110,68,64,105,29" hai2="50,99,6,54,98,125,52,70,82,14,28,109,13" hai3="123,103,132,21,88,63,129,45,121,17,79,96,94"/><W119/><G119/><T49/><D107/><U100/><E3/><V113/><F70/><N who="1" m="27241" /><E100/><V62/><F113/><W90/><G132/><T12/><D74/><U91/><E105/><V23/><F109/><N who="1" m="42089" /><E15/><V47/><F125/><W43/><G129/><T35/><D130/><U33/><E64/><V81/><F6/><W95/><G79/><T128/><D128/><U104/><E104/><V86/><F82/><W117/><G117/><T39/><D114/><U101/><E101/><V38/><F38/><W44/><G63/><T2/><D39/><U131/><E131/><V127/><F127/><W32/><G32/><T5/><D65/><U60/><E60/><V11/><F62/><W93/><G121/><T84/><D42/><U61/><E61/><V59/><F11/><W83/><G123/><T46/><D46/><N who="3" m="18025" /><G43/><T19/><D49/><U53/><E53/><V48/><F14/><N who="3" m="9399" /><G90/><AGARI ba="0,0" hai="25,29,33,56,58,89,90,91" m="42089,27241" machi="90" ten="30,2000,0" yaku="14,1,52,1" doraHai="31" who="1" fromWho="3" sc="286,0,244,20,314,0,156,-20" /><INIT seed="4,0,0,1,2,62" ten="286,264,314,136" oya="0" hai0="104,6,96,37,10,31,114,52,35,58,72,63,13" hai1="22,93,88,103,55,27,98,20,102,9,128,19,117" hai2="108,51,97,90,0,36,101,127,53,2,77,57,50" hai3="68,7,40,4,78,14,130,73,49,74,15,67,60"/><T134/><D72/><U30/><E117/><V66/><F36/><W1/><G130/><T23/><D37/><U61/><E9/><V76/><F127/><W44/><G1/><T124/><D124/><U34/><E34/><V135/><F108/><W79/><G73/><T95/><D134/><U91/><E128/><V112/><F2/><W115/><G115/><T81/><D114/><U38/><E38/><V111/><F0/><W126/><G126/><T131/><D131/><U46/><E91/><V80/><F135/><W17/><G14/><T86/><D104/><U48/><REACH who="1" step="1"/><E61/><REACH who="1" step="2"/><V25/><F111/><W109/><G109/><T43/><D35/><U83/><E83/><V71/><F112/><W54/><G40/><T123/><D43/><U100/><E100/><V65/><F71/><W87/><G74/><T39/><D39/><U47/><E47/><V94/><F50/><W3/><G3/><T75/><D123/><U12/><AGARI ba="0,1" hai="12,19,20,22,27,30,46,48,55,88,93,98,102,103" machi="12" ten="20,12000,2" yaku="1,1,0,1,7,1,8,1,54,1,53,1" doraHai="62" doraHaiUra="8" who="1" fromWho="1" sc="286,-60,254,130,314,-30,136,-30" /><INIT seed="5,0,0,1,4,33" ten="226,384,284,106" oya="1" hai0="55,58,47,16,20,95,72,101,97,66,121,108,15" hai1="39,11,99,119,29,19,74,5,24,26,14,86,30" hai2="4,80,27,21,128,127,70,85,125,100,105,92,63" hai3="116,109,118,76,56,60,22,40,31,104,8,91,23"/><U6/><E74/><V46/><F105/><W129/><G109/><T18/><D108/><U2/><E99/><N who="2" m="59495" /><F4/><W88/><G104/><T61/><D121/><U110/><E86/><V1/><F70/><W122/><G122/><T126/><D72/><U17/><E39/><V71/><F46/><W113/><G113/><T124/><D124/><N who="2" m="47690" /><F128/><W13/><G129/><T36/><D36/><U34/><E119/><V64/><F80/><W68/><G68/><T69/><D126/><U117/><E117/><N who="3" m="45162" /><G76/><T48/><D69/><U132/><E132/><V111/><F85/><W37/><G37/><T62/><D62/><U106/><E106/><V94/><F111/><W25/><G40/><T90/><D18/><U38/><E38/><V78/><F78/><W42/><G42/><T112/><D112/><U41/><E41/><V32/><F94/><W87/><G87/><T7/><D7/><U135/><E135/><V107/><F32/><W134/><G23/><T81/><D81/><U93/><E93/><V12/><F12/><W73/><G73/><T59/><D59/><U89/><E89/><AGARI ba="0,0" hai="15,16,20,47,48,55,58,61,66,89,90,95,97,101" machi="89" ten="40,2600,0" yaku="8,1,54,1" doraHai="33" who="0" fromWho="1" sc="226,26,384,-26,284,0,106,0" /><INIT seed="6,0,0,5,1,25" ten="252,358,284,106" oya="2" hai0="50,34,36,84,98,130,77,119,37,63,67,19,42" hai1="111,6,39,28,121,99,55,0,96,132,124,73,9" hai2="58,106,64,113,120,10,83,128,76,89,35,91,125" hai3="46,109,29,72,115,3,30,114,59,78,56,60,86"/><V102/><F120/><W15/><G109/><T68/><D130/><U105/><E111/><V131/><F35/><W22/><G3/><T90/><D119/><U93/><E73/><V79/><F64/><W18/><G72/><T135/><D135/><U94/><E105/><V127/><F10/><W117/><G117/><T71/><D34/><U21/><E39/><V48/><F58/><W80/><G46/><T110/><D110/><U40/><E40/><V27/><F48/><W45/><G45/><T100/><D71/><U49/><E132/><V133/><F27/><W26/><G26/><T92/><D77/><N who="2" m="29770" /><F113/><N who="3" m="43019" /><G56/><T81/><D42/><U70/><E70/><V23/><F23/><W118/><G118/><T44/><REACH who="0" step="1"/><D19/><REACH who="0" step="2"/><U122/><E122/><V32/><F133/><W8/><G8/><T129/><D129/><N who="2" m="49738" /><F32/><W51/><G51/><T24/><D24/><U108/><E9/><V75/><F106/><W107/><G107/><T65/><D65/><AGARI ba="0,1" hai="15,18,22,29,30,59,60,65,78,80,86" m="43019" machi="65" ten="30,7700,0" yaku="15,1,11,1,52,2" doraHai="25" who="3" fromWho="0" sc="242,-77,358,0,284,0,106,87" /><INIT seed="7,0,0,3,2,129" ten="165,358,284,193" oya="3" hai0="80,26,3,36,107,130,118,114,105,55,5,115,127" hai1="60,6,31,76,29,134,109,119,104,41,63,18,93" hai2="121,21,83,61,116,89,16,51,48,86,32,131,7" hai3="50,84,35,13,69,58,124,117,67,133,102,15,40"/><W126/><G117/><T10/><D36/><U122/><E104/><N who="0" m="40009" /><D55/><U23/><E134/><V96/><F32/><W75/><G133/><T123/><D26/><U59/><E109/><V94/><F121/><W49/><G75/><T39/><D80/><U20/><E122/><V110/><F110/><W68/><G102/><T34/><D123/><U125/><E125/><N who="3" m="48234" /><G35/><T45/><D127/><U27/><E6/><V70/><F70/><N who="3" m="27243" /><G84/><T1/><D118/><U72/><E72/><V78/><F131/><W44/><G50/><T8/><D130/><U91/><E76/><V87/><F116/><W97/><G97/><T73/><D73/><U4/><E4/><V30/><F7/><W64/><G58/><T14/><D14/><AGARI ba="0,0" hai="13,14,15,40,44,49,64,67" m="27243,48234" machi="14" ten="30,1500,0" yaku="18,1" doraHai="129" who="3" fromWho="0" sc="165,-15,358,0,284,0,193,15" /><INIT seed="7,1,0,3,0,129" ten="150,358,284,208" oya="3" hai0="24,38,134,10,116,104,85,114,66,71,105,60,33" hai1="81,57,92,112,96,30,91,58,6,124,49,99,89" hai2="131,110,16,65,93,76,120,78,5,70,34,80,64" hai3="135,41,115,53,73,88,72,27,117,118,36,87,32"/><W17/><G115/><T28/><D38/><U22/><E112/><V9/><F120/><W125/><G125/><T119/><D134/><U3/><E3/><V46/><F70/><W121/><G135/><T79/><D114/><U45/><E6/><V67/><F34/><W94/><G121/><T0/><D116/><U52/><E124/><V63/><F131/><W75/><G53/><T86/><D119/><U8/><E8/><V1/><F110/><W54/><G54/><T90/><D86/><N who="1" m="50383" /><E99/><V108/><F108/><W83/><G83/><T40/><D79/><U109/><E109/><V128/><F128/><W43/><G43/><T42/><D104/><U82/><E82/><V106/><F106/><W2/><G2/><T95/><D105/><U13/><E13/><V11/><F46/><W56/><G56/><T37/><D37/><U39/><E39/><V132/><F132/><W14/><G41/><T50/><D50/><U98/><E98/><V133/><F133/><W100/><G100/><T18/><D0/><U48/><E48/><V130/><F130/><W61/><G61/><T35/><D35/><U44/><E44/><V103/><F63/><W47/><G47/><T101/><D101/><U69/><E69/><V59/><F80/><W111/><G111/><T19/><D19/><U107/><E107/><V21/><F11/><W126/><G126/><T12/><D33/><U127/><E127/><V7/><F7/><W102/><G102/><T29/><D29/><U123/><E123/><V23/><F59/><W4/><G117/><T15/><D15/><U25/><AGARI ba="1,0" hai="22,25,30,45,49,52,57,58,91,92,96" m="50383" machi="25" ten="30,4000,0" yaku="5,1,8,1,54,1" doraHai="129" who="1" fromWho="1" sc="150,-11,358,43,284,-11,208,-21" owari="139,-36,401,50,273,7,187,-21" /></mjloggm>