<mjloggm ver="2.3"><GO type="169"/><UN n0="%E2%99%AA%E3%83%A2%E3%83%8E%E3%82%AF%E3%83%AD" n1="%EF%BC%A0%E5%BE%A1%E5%9D%82%E7%BE%8E%E7%90%B4" n2="%EF%BC%88%E2%89%A7%E2%96%BD%E2%89%A6%EF%BC%89" n3="%E3%81%B3%E3%82%8A%E3%81%B3%E3%82%8A%E2%98%86%E3%83%93%E3%83%AA%E3%83%BC" dan="17,17,17,18" rate="2079,2205,2149,2233" sx="F,F,M,M"/><TAIKYOKU oya="0"/><INIT seed="0,0,0,1,2,74" ten="250,250,250,250" oya="0" hai0="118,29,122,129,37,32,81,1,54,115,39,24,60" hai1="17,112,105,83,110,42,106,18,72,48,7,86,121" hai2="40,103,66,33,75,19,43,79,104,126,65,90,111" hai3="78,47,64,107,57,114,44,133,4,56,82,45,35"/><T94/><D115/><U71/><E72/><V11/><F33/><W16/><G114/><T135/><D118/><U23/><E112/><V88/><F104/><W100/><G35/><T113/><D113/><U26/><E71/><V27/><F103/><W89/><G89/><N who="2" m="34409" /><F75/><W8/><G133/><T63/><D122/><U77/><E121/><V34/><F34/><W2/><G64/><N who="2" m="24681" /><F126/><W125/><G125/><T50/><D94/><U0/><E110/><V99/><F99/><W5/><G2/><T97/><D97/><U95/><E95/><V117/><F111/><W53/><G100/><T28/><D1/><U46/><REACH who="1" step="1"/><E18/><REACH who="1" ten="250,240,250,250" step="2"/><V52/><F117/><W93/><G93/><T55/><D135/><U6/><E6/><N who="3" m="2666" /><G107/><T96/><D96/><U67/><E67/><V13/><F27/><W41/><G41/><T58/><D24/><U132/><E132/><V69/><F69/><W22/><G53/><T30/><D55/><U98/><E98/><V31/><F52/><W92/><G92/><T120/><D120/><U128/><E128/><V25/><F25/><N who="3" m="14535" /><G8/><AGARI ba="0,1" hai="0,7,8,17,23,26,42,46,48,77,83,86,105,106" machi="8" ten="40,2600,0" yaku="1,1,52,1,53,0" doraHai="74" doraHaiUra="10" who="1" fromWho="3" sc="250,0,240,36,250,0,250,-26" /><INIT seed="1,0,0,5,2,85" ten="250,276,250,224" oya="1" hai0="20,87,41,55,100,133,34,5,56,125,43,111,81" hai1="10,4,106,97,65,130,60,127,52,103,24,117,3" hai2="66,96,19,105,92,13,54,135,37,9,114,32,99" hai3="70,45,50,129,64,17,12,7,73,6,42,44,47"/><U2/><E117/><V77/><F37/><W57/><G73/><T53/><D34/><U21/><E130/><V109/><F32/><W40/><G129/><T108/><D125/><U51/><E127/><V93/><F114/><W59/><G70/><T132/><D5/><N who="3" m="1545" /><G64/><T48/><D100/><U101/><E101/><V69/><F105/><W74/><G74/><T22/><D22/><U27/><E2/><V29/><F29/><W63/><G63/><N who="0" m="36239" /><D20/><U39/><E39/><V72/><F66/><W88/><G50/><T25/><D25/><U33/><E33/><V82/><F69/><W76/><G76/><T62/><D62/><U119/><E119/><V90/><F135/><N who="0" m="51786" /><D87/><U104/><E104/><V15/><F15/><W68/><G68/><T38/><D81/><U113/><E113/><V18/><F54/><W110/><G110/><N who="0" m="42027" /><D38/><U84/><E84/><V75/><F109/><W16/><G12/><T28/><D28/><U89/><E60/><V14/><F75/><W118/><G118/><T35/><D35/><U124/><E124/><V67/><F14/><W126/><G126/><T1/><D1/><U121/><E65/><V95/><F67/><W91/><G59/><AGARI ba="0,0" hai="41,43,48,55,59" m="42027,51786,36239" machi="59" ten="30,7700,0" yaku="20,1,14,1,34,2" doraHai="85" who="0" fromWho="3" sc="250,77,276,0,250,0,224,-77" /><INIT seed="2,0,0,3,2,72" ten="327,276,250,147" oya="2" hai0="2,38,17,33,90,47,23,101,115,132,42,128,129" hai1="76,116,87,51,65,126,85,0,56,4,78,108,9" hai2="57,75,20,80,106,44,55,24,121,92,3,68,111" hai3="100,88,105,130,127,67,49,63,37,109,28,70,123"/><V53/><F68/><W82/><G123/><T93/><D33/><U25/><E116/><V122/><F106/><W54/><G37/><T64/><D115/><U48/><E108/><V133/><F3/><W96/><G109/><T113/><D113/><U66/><E25/><V99/><F111/><W118/><G118/><T30/><D2/><U125/><E56/><V1/><F1/><W97/><G130/><N who="0" m="50283" /><D132/><U14/><E0/><V84/><F75/><W117/><G117/><T112/><D112/><U104/><E104/><V110/><F44/><W35/><G127/><N who="1" m="48650" /><E87/><V98/><F55/><W34/><G28/><T40/><D30/><U124/><E124/><V71/><F71/><W103/><G82/><T114/><D114/><U8/><E8/><V45/><F45/><W16/><G16/><T120/><D120/><U12/><E12/><V77/><F99/><W6/><G6/><T62/><D101/><U89/><E65/><V36/><F36/><W46/><REACH who="3" step="1"/><G88/><REACH who="3" ten="327,276,250,137" step="2"/><T60/><D38/><U102/><E4/><V58/><F110/><W74/><G74/><T21/><D90/><U134/><E89/><N who="2" m="55567" /><F133/><W81/><G81/><T94/><D17/><U59/><E134/><V135/><F135/><W29/><G29/><T19/><D19/><U39/><E39/><V43/><F122/><W73/><G73/><T86/><D86/><U11/><E85/><N who="2" m="48271" /><F121/><W18/><G18/><T5/><D5/><U41/><E9/><V7/><F84/><W50/><G50/><T119/><D119/><U22/><E11/><V10/><F7/><W13/><G13/><T95/><D21/><RYUUKYOKU ba="0,1" sc="327,-10,276,-10,250,-10,137,30" hai3="34,35,46,49,54,63,67,70,96,97,100,103,105" /><INIT seed="3,1,1,0,5,18" ten="317,266,240,167" oya="3" hai0="74,132,69,37,120,5,36,133,52,122,121,78,19" hai1="38,14,114,20,7,27,25,58,68,87,77,16,110" hai2="72,13,129,47,135,21,51,92,22,33,105,89,91" hai3="6,49,17,127,76,84,73,50,35,117,97,106,63"/><W64/><G117/><T99/><D69/><U104/><E114/><V1/><F1/><W124/><G35/><T23/><D5/><U26/><E68/><V48/><F105/><W66/><G84/><T90/><D78/><U86/><E104/><V102/><F33/><W42/><G6/><T11/><D11/><U9/><E38/><V116/><F72/><W43/><G17/><T59/><D74/><U109/><E58/><V53/><F116/><W112/><G112/><T60/><D37/><U32/><E32/><V134/><F129/><W0/><G0/><T12/><REACH who="0" step="1"/><D36/><REACH who="0" ten="307,266,240,167" step="2"/><U103/><E77/><V65/><F135/><W100/><G76/><T125/><D125/><N who="3" m="48201" /><G73/><T81/><D81/><U111/><REACH who="1" step="1"/><E103/><REACH who="1" ten="307,256,240,167" step="2"/><V70/><F102/><W123/><G123/><T10/><D10/><U98/><E98/><V94/><F70/><N who="3" m="42271" /><G66/><T126/><D126/><U29/><E29/><V44/><F65/><W3/><G3/><AGARI ba="1,3" hai="3,7,9,14,16,20,25,26,27,86,87,109,110,111" machi="3" ten="50,8000,1" yaku="1,1,14,1,52,1,54,1,53,0" doraHai="18" doraHaiUra="88" who="1" fromWho="3" sc="307,0,256,113,240,0,167,-83" /><INIT seed="4,0,0,1,4,114" ten="307,369,240,84" oya="0" hai0="43,97,25,50,110,29,38,37,119,34,10,103,33" hai1="94,45,135,112,90,56,41,69,106,62,132,30,55" hai2="6,107,71,66,123,101,51,35,100,126,77,60,80" hai3="67,96,118,39,3,44,128,131,104,73,26,20,24"/><T102/><D33/><U70/><E106/><V21/><F35/><W59/><G73/><T79/><D110/><U64/><E30/><V4/><F123/><W75/><G75/><T27/><D27/><U58/><E90/><V68/><F68/><N who="1" m="26217" /><E94/><V15/><F126/><W5/><G26/><T65/><D65/><U48/><E112/><V7/><F51/><AGARI ba="0,0" hai="41,45,48,51,55,56,58,62,64,132,135" m="26217" machi="51" ten="30,2000,0" yaku="34,2" doraHai="114" who="1" fromWho="2" sc="307,0,369,20,240,-20,84,0" /><INIT seed="5,0,0,1,1,20" ten="307,389,220,84" oya="1" hai0="55,119,83,77,41,114,109,135,126,88,107,93,48" hai1="52,14,112,74,103,34,61,46,113,4,82,3,47" hai2="90,2,127,124,8,18,115,44,131,49,98,69,50" hai3="30,23,122,35,11,85,118,6,40,32,89,76,53"/><U70/><E3/><V71/><F131/><W129/><G122/><T125/><D107/><U58/><E70/><V38/><F38/><W45/><G129/><T68/><D109/><U72/><E103/><V16/><F115/><W100/><G100/><T42/><D68/><N who="2" m="26186" /><F98/><W31/><G118/><T110/><D110/><U78/><E34/><V99/><F99/><W65/><G65/><T28/><D119/><U96/><E96/><V43/><F90/><W121/><G76/><T37/><D114/><N who="1" m="44139" /><E74/><V0/><F50/><W54/><G32/><T7/><D37/><U92/><E92/><V66/><F66/><W94/><G35/><T67/><D67/><U51/><E51/><V56/><F56/><W17/><G121/><T22/><D48/><U13/><E4/><N who="2" m="1031" /><F2/><W25/><G40/><T21/><D7/><U39/><E47/><V116/><F116/><W81/><G94/><T24/><D93/><U57/><E58/><V63/><F63/><W128/><G128/><T132/><D41/><AGARI ba="0,0" hai="13,14,39,41,46,52,57,61,72,78,82" m="44139" machi="41" ten="30,2900,0" yaku="15,1,54,1" doraHai="20" who="1" fromWho="0" sc="307,-29,389,29,220,0,84,0" /><INIT seed="5,1,0,4,0,41" ten="278,418,220,84" oya="1" hai0="101,77,21,88,48,19,131,122,11,57,84,13,40" hai1="60,93,29,80,55,62,89,120,16,20,129,46,79" hai2="32,127,126,37,118,103,72,75,52,111,0,92,71" hai3="25,23,73,26,87,14,54,104,124,56,7,134,109"/><U9/><E120/><V130/><RYUUKYOKU type="yao9" ba="1,0" sc="278,0,418,0,220,0,84,0" hai2="0,32,37,52,71,72,75,92,103,111,118,126,127,130" /><INIT seed="5,2,0,1,1,38" ten="278,418,220,84" oya="1" hai0="8,124,37,102,41,47,64,35,129,33,113,2,22" hai1="36,69,48,99,53,1,101,85,94,116,98,61,126" hai2="0,73,84,72,70,103,46,118,134,110,52,115,123" hai3="105,97,109,76,88,71,122,77,21,56,120,29,86"/><U95/><E36/><V127/><RYUUKYOKU type="yao9" ba="2,0" sc="278,0,418,0,220,0,84,0" hai2="0,46,52,70,72,73,84,103,110,115,118,123,127,134" /><INIT seed="5,3,0,2,3,117" ten="278,418,220,84" oya="1" hai0="29,34,73,2,77,119,46,52,25,124,91,58,35" hai1="83,106,63,19,16,48,101,103,39,13,127,61,20" hai2="131,17,113,4,27,67,85,104,59,81,130,94,53" hai3="122,8,100,0,84,28,118,7,23,9,129,11,45"/><U121/><E39/><V31/><F104/><W123/><G100/><T40/><D119/><U99/><E127/><V109/><F4/><W98/><G118/><T5/><D124/><U24/><E101/><V54/><F109/><W78/><G98/><T66/><D66/><U6/><E6/><V41/><F41/><W95/><G45/><T43/><D35/><U89/><E48/><V110/><F110/><W3/><G95/><T71/><D71/><U126/><E126/><V38/><F38/><W72/><G84/><T33/><D33/><U133/><E133/><V88/><F17/><W50/><G50/><T1/><D91/><U57/><E57/><V92/><F67/><W76/><G129/><N who="2" m="49161" /><F113/><W74/><G7/><T80/><D5/><U49/><E49/><N who="2" m="31151" /><F54/><W79/><G23/><AGARI ba="3,0" hai="23,27,31,81,85,88,92,94" m="31151,49161" machi="23" ten="30,2000,0" yaku="19,1,54,1" doraHai="117" who="2" fromWho="3" sc="278,0,418,0,220,29,84,-29" /><INIT seed="6,0,0,5,1,83" ten="278,418,249,55" oya="2" hai0="112,66,107,43,60,49,106,97,50,75,109,82,14" hai1="126,26,59,71,87,86,123,102,115,32,85,10,17" hai2="103,20,99,116,48,61,30,15,125,57,44,45,68" hai3="121,21,104,108,9,37,4,29,128,101,41,3,134"/><V133/><F116/><W53/><G108/><T93/><D109/><U113/><E71/><V25/><F133/><W28/><G121/><T16/><D112/><U22/><E123/><V39/><F39/><W7/><G134/><T12/><D12/><U2/><E102/><V64/><F125/><W127/><G127/><T19/><D75/><U54/><E126/><V94/><F68/><W46/><G128/><T55/><D43/><U31/><E10/><V110/><F110/><W13/><G53/><T38/><D38/><U67/><E67/><V47/><F15/><W120/><G120/><T91/><D82/><U42/><E42/><AGARI ba="0,0" hai="20,25,30,42,44,45,47,48,57,61,64,94,99,103" machi="42" ten="30,11600,0" yaku="7,1,25,2,8,1" doraHai="83" who="2" fromWho="1" sc="278,0,418,-116,249,116,55,0" /><INIT seed="6,1,0,5,2,51" ten="278,302,365,55" oya="2" hai0="34,2,65,39,23,98,45,4,3,41,101,22,5" hai1="75,44,18,115,17,24,36,40,43,61,92,55,33" hai2="76,90,37,120,29,60,109,123,58,99,84,82,135" hai3="110,113,96,67,64,21,132,68,116,97,69,12,28"/><V77/><F37/><W131/><G110/><T73/><D34/><U53/><E75/><V103/><F109/><W78/><G116/><T6/><D73/><U89/><E115/><V25/><F135/><W27/><G132/><T125/><D125/><U46/><E33/><V11/><F11/><W79/><G113/><T112/><D112/><U124/><E124/><V57/><F123/><W70/><G131/><T126/><D126/><U26/><E61/><V108/><F58/><W9/><G97/><T74/><D74/><U31/><E31/><V80/><F80/><W50/><G96/><T100/><D65/><U85/><E26/><V48/><F48/><W47/><G64/><T128/><D128/><U38/><E24/><V56/><F56/><W105/><G67/><T63/><D63/><U130/><E130/><V66/><F120/><W0/><G0/><T107/><D101/><U127/><E127/><V30/><F30/><W91/><G91/><T7/><N who="0" m="1024" /><DORA hai="1" /><T35/><REACH who="0" step="1"/><D35/><REACH who="0" ten="268,302,365,55" step="2"/><U14/><REACH who="1" step="1"/><E17/><REACH who="1" ten="268,292,365,55" step="2"/><V62/><F108/><W59/><G28/><T15/><D15/><U52/><E52/><V19/><F19/><W133/><G12/><T8/><D8/><AGARI ba="1,2" hai="8,14,18,36,38,40,43,44,46,53,55,85,89,92" machi="8" ten="30,12000,2" yaku="1,1,7,1,9,1,52,2,53,2" doraHai="51,1" doraHaiUra="83,13" who="1" fromWho="0" sc="268,-123,292,143,365,0,55,0" /><INIT seed="7,0,0,2,3,132" ten="145,435,365,55" oya="3" hai0="55,18,119,51,10,25,49,81,130,8,108,69,4" hai1="32,54,24,5,70,59,35,1,43,86,22,21,104" hai2="20,131,2,38,98,53,105,15,16,109,0,58,126" hai3="122,120,127,74,11,94,134,67,6,52,17,64,115"/><W118/><G74/><T3/><D108/><U123/><E70/><V65/><F109/><W19/><G118/><T48/><D119/><U23/><E104/><V103/><F131/><W95/><G134/><T110/><D110/><U97/><E43/><V75/><F38/><W117/><G117/><T60/><D130/><U39/><E39/><V83/><F126/><W113/><G6/><T42/><D42/><U45/><E45/><V100/><F100/><W62/><G11/><T57/><D81/><U82/><E97/><V30/><F65/><W50/><G62/><T46/><D69/><U91/><E24/><V87/><F30/><W72/><G72/><T33/><D33/><U77/><E123/><V125/><F125/><W7/><G7/><T73/><D73/><U63/><E77/><V133/><F75/><W107/><G107/><T40/><REACH who="0" step="1"/><D25/><REACH who="0" ten="135,435,365,55" step="2"/><U121/><E121/><V12/><F133/><W84/><G84/><T101/><D101/><U85/><E86/><V93/><F105/><W36/><G36/><T88/><D88/><U47/><E85/><V56/><F12/><AGARI ba="0,1" hai="3,4,8,10,12,18,40,46,48,49,51,55,57,60" machi="12" ten="40,1300,0" yaku="1,1,53,0" doraHai="132" doraHaiUra="106" who="0" fromWho="2" sc="135,23,435,0,365,-13,55,0" owari="158,-24.0,435,53.0,352,15.0,55,-44.0" /></mjloggm>