<mjloggm ver="2.3"><GO type="97"/><UN n0="%E3%81%97%E3%81%82%E3%81%8F%E3%82%93" n1="%E7%9A%84%E5%AE%AE%E6%88%90%E6%B5%B7" n2="%E9%BE%8D%E7%8E%8B%E4%B9%B1" n3="%EF%BC%88%E2%89%A7%E2%96%BD%E2%89%A6%EF%BC%89" dan="14,15,14,15" rate="1891,1956,1937,1976" sx="M,M,M,M"/><TAIKYOKU oya="0"/><INIT seed="0,0,0,1,1,110" ten="250,250,250,250" oya="0" hai0="102,71,115,57,56,6,94,34,30,99,47,39,76" hai1="55,19,95,119,132,21,23,93,33,82,8,75,113" hai2="106,42,127,22,96,78,49,60,40,87,18,123,101" hai3="126,98,13,77,37,58,65,5,29,111,9,59,84"/><T130/><D115/><U135/><E33/><V97/><F123/><W7/><G37/><T85/><D71/><U68/><E68/><V114/><F114/><W2/><G126/><T0/><D0/><U64/><E64/><V61/><F127/><W80/><G111/><T128/><D34/><U50/><E119/><V12/><F78/><W10/><G65/><T91/><D30/><U88/><E8/><V92/><F87/><W107/><REACH who="3" step="1"/><G29/><REACH who="3" ten="250,250,250,240" step="2"/><T104/><D6/><U26/><E113/><V1/><F1/><W14/><G14/><T11/><D11/><U121/><E121/><V43/><REACH who="2" step="1"/><F49/><REACH who="2" ten="250,250,240,240" step="2"/><W24/><G24/><T86/><D39/><U120/><E120/><V79/><F79/><W67/><G67/><T129/><D47/><U118/><E50/><V35/><F35/><W63/><G63/><T36/><D36/><U20/><E26/><V83/><F83/><AGARI ba="0,2" hai="56,57,76,83,85,86,91,94,99,102,104,128,129,130" machi="83" ten="40,2000,0" yaku="19,1" doraHai="110" who="0" fromWho="2" sc="250,40,250,0,240,-20,240,0" /><INIT seed="0,1,0,4,2,110" ten="290,250,220,240" oya="0" hai0="15,54,89,104,30,124,117,68,126,44,75,16,53" hai1="80,76,65,94,2,3,58,71,49,87,118,56,59" hai2="86,121,9,33,0,1,63,93,91,120,129,24,90" hai3="97,38,7,100,36,77,57,99,101,132,18,19,35"/><T66/><D117/><U50/><E71/><V123/><F129/><W45/><G35/><T39/><D104/><U78/><E118/><V25/><F63/><W102/><G77/><T111/><D75/><U14/><E65/><V28/><F9/><W12/><G132/><T135/><D30/><U6/><E94/><V37/><F37/><N who="3" m="14443" /><G57/><T130/><D135/><U122/><E122/><V17/><F17/><N who="3" m="6155" /><G45/><T128/><D89/><U4/><E59/><V67/><F67/><W60/><G60/><N who="0" m="40007" /><D111/><U133/><E133/><V62/><F62/><W11/><G11/><N who="0" m="6271" /><D39/><U113/><E80/><V81/><REACH who="2" step="1"/><F25/><REACH who="2" ten="290,250,210,240" step="2"/><W109/><G109/><T34/><D34/><U125/><E6/><V115/><F115/><W134/><G134/><T83/><D44/><U92/><E113/><V96/><AGARI ba="1,1" hai="0,1,24,28,33,81,86,90,91,93,96,120,121,123" machi="96" ten="30,2000,0" yaku="1,1,0,1,53,0" doraHai="110" doraHaiUra="131" who="2" fromWho="2" sc="290,-11,250,-6,210,33,240,-6" /><INIT seed="1,0,0,5,0,18" ten="279,244,243,234" oya="1" hai0="45,4,99,119,13,32,67,39,48,16,41,64,65" hai1="33,111,58,74,15,112,123,60,6,40,92,126,43" hai2="47,134,122,17,105,26,68,77,19,93,52,44,38" hai3="36,121,7,10,94,96,130,129,63,27,30,87,53"/><U57/><E74/><V84/><F105/><W132/><G36/><T62/><D32/><U98/><E33/><V9/><F68/><W120/><G87/><T20/><D4/><U71/><E123/><N who="3" m="47178" /><G53/><T73/><D73/><U5/><E71/><V46/><F38/><W127/><G63/><T0/><D0/><U115/><E15/><V110/><F110/><W109/><G94/><T8/><D119/><U49/><E111/><V125/><F122/><W34/><G96/><T100/><D8/><U69/><E69/><V50/><F77/><W79/><G79/><T117/><D117/><U24/><E24/><V28/><F84/><W25/><G109/><T82/><D82/><U135/><E92/><V88/><F46/><W56/><G56/><T80/><D80/><U51/><E60/><V90/><F47/><W22/><G127/><T86/><D86/><U108/><E108/><V114/><F125/><W101/><G101/><T31/><D31/><U78/><E126/><V1/><F93/><W113/><G132/><T133/><D133/><U89/><E135/><V61/><F134/><W128/><G113/><T72/><D72/><U11/><E78/><V54/><F114/><W131/><N who="3" m="32768" /><DORA hai="83" /><W97/><G97/><T23/><D39/><U2/><E98/><V85/><F85/><W37/><G37/><T75/><D75/><U107/><E107/><V42/><F90/><W29/><G7/><T3/><D3/><U59/><E89/><V55/><F88/><W14/><G10/><N who="0" m="6199" /><D62/><U104/><E104/><V21/><F61/><W70/><G70/><T91/><D91/><RYUUKYOKU ba="0,0" sc="279,10,244,-30,243,10,234,10" hai0="20,23,41,45,48,64,65,67,99,100" hai2="1,9,17,19,21,26,28,42,44,50,52,54,55" hai3="14,22,25,27,29,30,34" /><INIT seed="2,1,0,1,1,62" ten="289,214,253,244" oya="2" hai0="127,8,93,3,113,131,24,59,32,52,46,12,49" hai1="119,123,114,89,57,112,69,81,6,45,36,64,1" hai2="58,54,44,94,130,90,84,118,105,135,83,48,11" hai3="132,77,98,22,66,61,72,23,99,47,133,79,38"/><V126/><F118/><W63/><G38/><T40/><D113/><U13/><E1/><V80/><F105/><W4/><G47/><T18/><D131/><U70/><E119/><V109/><F130/><W15/><G4/><T25/><D127/><U106/><E106/><V0/><F126/><W87/><G72/><T91/><D32/><U97/><E123/><V125/><F125/><W50/><G50/><N who="0" m="26951" /><D3/><U116/><E116/><V9/><F135/><N who="3" m="51787" /><G15/><T35/><D35/><U55/><E6/><V60/><F109/><W33/><G33/><T21/><D8/><N who="2" m="3146" /><F0/><W129/><G129/><T86/><AGARI ba="1,0" hai="12,18,21,24,25,49,52,59,86,91,93" m="26951" machi="86" ten="30,4000,0" yaku="25,1,8,1,54,1" doraHai="62" who="0" fromWho="0" sc="289,43,214,-11,253,-21,244,-11" /><INIT seed="3,0,0,0,3,35" ten="332,203,232,233" oya="3" hai0="43,94,82,2,50,107,16,4,79,33,8,51,84" hai1="75,124,114,1,20,23,3,133,130,89,11,57,73" hai2="22,105,5,14,90,74,96,95,58,117,46,26,109" hai3="93,36,70,39,9,126,17,40,61,78,12,27,119"/><W115/><G119/><T122/><D107/><U76/><E76/><V98/><F117/><W53/><G115/><T56/><D122/><U32/><E57/><V66/><F74/><N who="1" m="28169" /><E89/><V31/><F109/><W86/><G40/><T18/><D33/><U87/><E87/><V111/><F111/><W125/><G27/><T15/><D2/><N who="1" m="523" /><E32/><V44/><F105/><W106/><G106/><T45/><D94/><U135/><E114/><V59/><F96/><W28/><G28/><T128/><D128/><U6/><E130/><V99/><F99/><W113/><G113/><T131/><D131/><U108/><E108/><V77/><F77/><W121/><G121/><T63/><D51/><U112/><E112/><V129/><F129/><W72/><G72/><T101/><D101/><U52/><E124/><N who="3" m="47722" /><G78/><T34/><D34/><U118/><E118/><V116/><F116/><W83/><G83/><T132/><D132/><N who="1" m="50763" /><E52/><AGARI ba="0,0" hai="4,8,15,16,18,43,45,50,52,56,63,79,82,84" machi="52" ten="30,12000,2" yaku="7,1,25,2,8,1,54,2" doraHai="35" who="0" fromWho="1" sc="332,120,203,-120,232,0,233,0" owari="452,56.0,83,-42.0,232,-17.0,233,3.0" /></mjloggm>