<mjloggm ver="2.3"><GO type="169" lobby="0"/><UN n0="%E3%81%98%E3%81%9A%E3%83%BC" n1="%EF%BC%88%E2%89%A7%E2%96%BD%E2%89%A6%EF%BC%89" n2="%4E%52" n3="%E3%83%A4%E3%82%AD%E3%83%B3" dan="16,17,16,16" rate="2124.72,2186.54,2047.73,2168.69" sx="M,M,M,M"/><TAIKYOKU oya="0"/><INIT seed="0,0,0,4,1,8" ten="250,250,250,250" oya="0" hai0="118,70,48,133,101,99,12,126,65,135,121,122,111" hai1="30,10,66,129,84,28,105,67,20,6,29,61,41" hai2="113,45,79,33,34,37,4,88,44,22,131,5,87" hai3="36,107,106,9,54,0,93,58,17,24,69,38,50"/><T40/><D118/><U82/><E105/><V125/><F113/><W77/><G69/><T16/><D70/><U32/><E129/><V18/><F131/><W46/><G77/><T75/><D75/><U108/><E108/><V72/><F125/><W123/><G123/><T1/><D1/><U15/><E32/><V114/><F114/><W11/><G93/><T96/><D126/><U132/><E132/><N who="0" m="50761" /><D65/><U97/><E41/><V26/><F79/><W74/><G74/><T31/><D31/><U76/><E97/><N who="0" m="37449" /><D111/><U23/><REACH who="1" step="1"/><E67/><REACH who="1" ten="250,240,250,250" step="2"/><V73/><F34/><W116/><G107/><T95/><D101/><U85/><E85/><V43/><F33/><W115/><G106/><T62/><D40/><U94/><E94/><V60/><F43/><W110/><G115/><T21/><D95/><U25/><E25/><V124/><F73/><W51/><G110/><T68/><D122/><U78/><E78/><V103/><F72/><W64/><G64/><N who="0" m="40983" /><D121/><U92/><E92/><N who="2" m="54303" /><F103/><W71/><G116/><T39/><D48/><U102/><E102/><V57/><F124/><W90/><G51/><T91/><D91/><U134/><E134/><V109/><F109/><W56/><G90/><T3/><D39/><U89/><E89/><V27/><F37/><W128/><G128/><T81/><D81/><U130/><E130/><V19/><F60/><W47/><G38/><T59/><D3/><U42/><E42/><V100/><F100/><W14/><G24/><T63/><D63/><U86/><E86/><V55/><F27/><W2/><G2/><T7/><D59/><AGARI ba="0,1" hai="6,10,15,20,23,28,29,30,59,61,66,76,82,84" machi="59" ten="40,8000,1" yaku="1,1,8,1,52,1,53,1" doraHai="8" doraHaiUra="83" who="1" fromWho="0" sc="250,-80,240,90,250,0,250,0" /><INIT seed="1,0,0,4,3,133" ten="170,330,250,250" oya="1" hai0="81,1,122,108,10,120,35,93,110,55,106,117,4" hai1="126,26,41,84,118,40,83,53,0,7,94,60,104" hai2="121,109,50,45,68,29,89,21,43,52,71,131,59" hai3="44,82,116,76,39,62,127,27,37,8,72,14,105"/><U99/><E104/><V119/><F121/><N who="0" m="46698" /><D106/><U80/><E118/><V79/><F119/><W51/><G116/><T36/><D117/><U15/><E0/><V22/><F109/><N who="0" m="42090" /><D36/><U38/><E38/><V115/><F131/><W86/><G105/><T90/><D81/><U100/><E80/><V128/><F128/><W88/><G62/><T13/><D35/><U58/><E26/><V32/><F115/><W30/><G72/><T96/><D55/><U12/><E126/><V33/><F79/><W123/><G123/><T9/><D9/><N who="1" m="4159" /><E15/><AGARI ba="0,0" hai="1,4,10,13,15,90,93,96" m="42090,46698" machi="15" ten="30,2000,0" yaku="13,1,14,1" doraHai="133" who="0" fromWho="1" sc="170,20,330,-20,250,0,250,0" /><INIT seed="2,0,0,2,0,67" ten="190,310,250,250" oya="2" hai0="94,99,84,28,15,63,36,64,80,38,90,91,44" hai1="45,69,17,85,52,1,122,8,22,119,121,9,34" hai2="51,27,112,82,78,73,40,41,129,135,37,10,77" hai3="92,95,123,25,55,48,6,59,62,32,79,81,118"/><V89/><F112/><W30/><G123/><N who="1" m="47114" /><E119/><V117/><F117/><W19/><G118/><T53/><D28/><U7/><E34/><V13/><F37/><W114/><G114/><T134/><D134/><U128/><E128/><V115/><F115/><W31/><G6/><T68/><D44/><U87/><E9/><V47/><F129/><W12/><G30/><T0/><D0/><U50/><E69/><V120/><F120/><W103/><G103/><T76/><D53/><U46/><E46/><V105/><F135/><W71/><G62/><T23/><D23/><U49/><E49/><V127/><F105/><W20/><REACH who="3" step="1"/><G71/><REACH who="3" ten="190,310,250,240" step="2"/><T14/><REACH who="0" step="1"/><D76/><REACH who="0" ten="180,310,250,240" step="2"/><U88/><E88/><V101/><F89/><W124/><G124/><T56/><D56/><U96/><E96/><V83/><F127/><W75/><AGARI ba="0,2" hai="12,19,20,25,31,32,48,55,59,75,79,81,92,95" machi="75" ten="20,5200,0" yaku="1,1,0,1,7,1,53,1" doraHai="67" doraHaiUra="18" who="3" fromWho="3" sc="180,-13,310,-13,250,-26,240,72" /><INIT seed="3,0,0,3,0,24" ten="167,297,224,312" oya="3" hai0="107,86,117,84,39,64,109,53,63,113,135,37,129" hai1="9,76,122,5,33,121,133,8,59,13,27,80,115" hai2="44,66,130,99,18,95,54,75,82,47,14,127,12" hai3="83,19,46,51,90,22,65,61,34,55,114,71,50"/><W119/><G34/><T85/><D117/><U32/><E115/><V132/><F130/><W102/><G114/><T56/><D113/><U87/><E133/><V58/><F132/><W7/><G119/><T23/><D129/><U15/><E59/><V70/><F127/><W91/><G7/><T97/><D135/><U96/><E96/><V35/><F35/><W131/><G131/><T79/><D79/><U104/><E104/><V38/><F70/><W45/><G102/><T60/><D109/><U123/><REACH who="1" step="1"/><E27/><REACH who="1" ten="167,287,224,312" step="2"/><V77/><F99/><W67/><G71/><T41/><D97/><U78/><E78/><V88/><F58/><N who="3" m="37047" /><G67/><T110/><D107/><U11/><E11/><V112/><F66/><W17/><G46/><T16/><D110/><U105/><E105/><V42/><F112/><W4/><G45/><T101/><D56/><U68/><E68/><V93/><F47/><W120/><G91/><T89/><D89/><U52/><E52/><V108/><F54/><W118/><G55/><T73/><D53/><U25/><E25/><V57/><F57/><W100/><G118/><T0/><D64/><U10/><E10/><V2/><F108/><W92/><G90/><T30/><D63/><U6/><AGARI ba="0,1" hai="5,6,8,9,13,15,32,33,76,80,87,121,122,123" machi="6" ten="30,8000,1" yaku="1,1,0,1,9,1,53,2" doraHai="24" doraHaiUra="3" who="1" fromWho="1" sc="167,-20,287,90,224,-20,312,-40" /><INIT seed="4,0,0,2,2,115" ten="147,377,204,272" oya="0" hai0="50,114,119,32,63,97,40,56,6,33,11,35,118" hai1="80,31,49,91,128,46,125,78,83,59,48,8,19" hai2="121,132,20,38,28,70,94,14,41,88,67,23,2" hai3="60,100,112,27,66,84,99,87,76,53,130,30,17"/><T47/><D97/><U52/><E128/><V0/><F121/><W77/><G112/><T13/><REACH who="0" step="1"/><D114/><REACH who="0" ten="137,377,204,272" step="2"/><U68/><E125/><V129/><F129/><W18/><G130/><T134/><D134/><U116/><E68/><V123/><F132/><W103/><G99/><T74/><D74/><U104/><E104/><V61/><F123/><W65/><G87/><T26/><D26/><U131/><E131/><V113/><F113/><W51/><G84/><T95/><D95/><U7/><E83/><V106/><F106/><W57/><G27/><T124/><D124/><U37/><E80/><V82/><F82/><W89/><G77/><T73/><D73/><U21/><E78/><V55/><F94/><W135/><G76/><T102/><D102/><U1/><E91/><V105/><F88/><W111/><G135/><T29/><D29/><U43/><E31/><V71/><F105/><W122/><G122/><T24/><D24/><U109/><E109/><V93/><F93/><W34/><G111/><T117/><D117/><U42/><E116/><V92/><F92/><W54/><G89/><T72/><D72/><U3/><E3/><V90/><F90/><W22/><G30/><T12/><D12/><N who="1" m="9447" /><E37/><V127/><F127/><W107/><G107/><T36/><D36/><U108/><E108/><V16/><F71/><W44/><G103/><T110/><D110/><U5/><E43/><V4/><F41/><W15/><G100/><T96/><D96/><U86/><E86/><V58/><F38/><W85/><G85/><T10/><D10/><U64/><E1/><V101/><F2/><RYUUKYOKU ba="0,1" sc="137,30,377,-10,204,-10,272,-10" hai0="6,11,13,32,33,35,40,47,50,56,63,118,119" /><INIT seed="4,1,1,3,5,101" ten="167,367,194,262" oya="0" hai0="127,69,113,20,68,15,135,43,75,32,77,6,45" hai1="23,14,98,21,28,132,109,3,61,122,35,96,93" hai2="104,2,91,27,107,19,120,128,97,12,87,83,16" hai3="99,118,76,58,84,126,51,130,70,64,72,40,25"/><T56/><D113/><U53/><E122/><V34/><F120/><W123/><G123/><T66/><D32/><U7/><E109/><V33/><F2/><W22/><G118/><T121/><D121/><U13/><E132/><V134/><F134/><W119/><G119/><T116/><D116/><U17/><E35/><V29/><F34/><W0/><G0/><T125/><D135/><U49/><E61/><V42/><F128/><W36/><G72/><T24/><D75/><U112/><E112/><V4/><F4/><W8/><G8/><N who="0" m="4503" /><D77/><U65/><E65/><V30/><F30/><W80/><G36/><T110/><D110/><U131/><E131/><V9/><F42/><W79/><G130/><T46/><D56/><N who="1" m="32815" /><E3/><V26/><REACH who="2" step="1"/><F97/><REACH who="2" ten="167,367,184,262" step="2"/><W82/><G99/><T105/><D43/><U57/><E7/><V5/><F5/><W129/><G40/><T85/><D127/><U81/><E96/><V38/><F38/><W47/><G126/><T103/><D125/><U100/><E28/><V71/><F71/><W39/><G70/><T111/><D69/><U90/><E98/><V10/><F10/><W62/><G39/><T60/><D111/><U59/><E21/><AGARI ba="1,2" hai="9,12,16,19,21,26,27,29,33,83,87,91,104,107" machi="21" ten="40,8000,1" yaku="1,1,52,2,54,1,53,0" doraHai="101" doraHaiUra="133" who="2" fromWho="1" sc="167,0,367,-83,184,103,262,0" /><INIT seed="5,0,0,1,2,107" ten="167,284,287,262" oya="1" hai0="129,13,70,48,113,57,74,132,118,66,90,20,44" hai1="16,53,25,42,24,43,95,28,98,110,29,112,127" hai2="63,76,33,135,5,49,22,120,96,17,117,2,111" hai3="35,85,83,1,0,68,80,47,11,52,39,36,55"/><U34/><E112/><V97/><F111/><W119/><G35/><T78/><D118/><U131/><E131/><V82/><F117/><W99/><G119/><T46/><D113/><U105/><E105/><V41/><F120/><W79/><G68/><T50/><D129/><U26/><E110/><V71/><F33/><W89/><G1/><T84/><D132/><U6/><E127/><V12/><F135/><W10/><G11/><T19/><D70/><U93/><E6/><V69/><F2/><W108/><G99/><T45/><D78/><U103/><E34/><V77/><F5/><N who="3" m="1319" /><G36/><T59/><D74/><U7/><E7/><V102/><F63/><W38/><G38/><T133/><D133/><U31/><E53/><V4/><F4/><W30/><G30/><T37/><D37/><U116/><E116/><V126/><F126/><W72/><G108/><T21/><D66/><U130/><E130/><V101/><F97/><W61/><G61/><T125/><D125/><U134/><E134/><V73/><F77/><W106/><G106/><T27/><D59/><U121/><E121/><V67/><F67/><W92/><G92/><T40/><D50/><U32/><E32/><V14/><F14/><W128/><G128/><T81/><REACH who="0" step="1"/><D57/><REACH who="0" ten="157,284,287,262" step="2"/><U87/><E42/><AGARI ba="0,1" hai="39,42,47,52,55,72,79,80,83,85,89" m="1319" machi="42" ten="30,3900,0" yaku="25,1,52,1,54,1" doraHai="107" who="3" fromWho="1" sc="157,0,284,-39,287,0,262,49" /><INIT seed="6,0,0,3,5,15" ten="157,245,287,311" oya="2" hai0="130,33,36,41,134,101,90,74,9,61,70,77,133" hai1="114,51,65,39,64,22,11,84,66,135,86,62,42" hai2="23,18,118,48,60,127,125,28,52,128,88,124,103" hai3="78,24,119,132,21,1,126,10,7,45,27,38,116"/><V95/><F118/><W46/><G27/><T120/><D120/><U117/><E117/><V112/><F112/><W121/><G121/><T98/><D130/><U29/><E114/><V69/><F128/><W16/><G46/><T79/><D79/><U3/><E135/><V92/><F28/><W102/><G102/><T91/><D9/><U54/><E39/><V122/><F122/><W58/><G58/><T76/><D76/><U5/><E42/><V67/><F103/><W55/><G55/><T94/><D33/><U14/><E62/><V113/><F113/><W59/><G59/><T50/><D50/><U72/><E72/><V93/><F88/><N who="0" m="33834" /><D41/><U81/><E81/><V100/><F100/><W4/><G4/><T115/><D61/><U0/><E0/><V2/><F2/><W47/><G47/><T6/><D6/><U35/><E35/><V40/><F40/><N who="3" m="22679" /><G132/><N who="0" m="50795" /><D70/><U71/><E71/><V108/><F108/><W104/><G7/><T80/><D36/><U34/><E34/><V49/><REACH who="2" step="1"/><F52/><REACH who="2" ten="157,245,277,311" step="2"/><W129/><G129/><T8/><D115/><U31/><E3/><V63/><F63/><W32/><G1/><T75/><D8/><U131/><E131/><V44/><F44/><W82/><G10/><T109/><D109/><U30/><E22/><V111/><F111/><W85/><G32/><T19/><D74/><U110/><E110/><V13/><AGARI ba="0,1" hai="13,18,23,48,49,60,67,69,92,93,95,124,125,127" machi="13" ten="40,12000,1" yaku="1,1,0,1,18,1,52,1,53,0" doraHai="15" doraHaiUra="68" who="2" fromWho="2" sc="157,-40,245,-40,277,130,311,-40" /><INIT seed="6,1,0,3,2,92" ten="117,205,407,271" oya="2" hai0="10,53,42,134,114,3,17,96,12,32,64,22,120" hai1="49,119,2,106,66,40,5,72,51,44,38,123,131" hai2="60,105,47,30,56,73,124,67,77,68,107,21,121" hai3="81,19,27,95,125,29,25,57,24,11,102,8,16"/><V43/><F121/><W65/><G125/><T84/><D120/><U99/><E119/><V52/><F124/><W98/><G81/><T18/><D114/><U54/><E123/><V89/><F73/><W122/><G122/><T117/><D117/><U90/><E72/><V130/><F77/><W94/><G29/><T34/><D64/><U113/><E113/><V69/><F130/><W23/><G95/><T118/><D118/><U108/><E108/><V104/><F89/><W76/><G76/><T93/><D84/><U1/><E131/><V110/><F110/><W35/><G35/><T45/><D53/><U41/><E66/><V103/><F103/><W20/><G25/><T111/><D111/><U50/><E40/><V15/><F67/><W82/><G82/><T28/><D28/><U78/><E78/><V97/><F97/><W115/><G115/><T39/><D134/><U127/><E127/><V86/><F86/><W87/><G87/><T0/><D0/><U83/><E54/><V26/><REACH who="2" step="1"/><F15/><REACH who="2" ten="117,205,397,271" step="2"/><W135/><G135/><T71/><D3/><U79/><E90/><V46/><F46/><W36/><G36/><AGARI ba="1,1" hai="21,26,30,36,43,47,52,56,60,68,69,104,105,107" machi="36" ten="40,3900,0" yaku="1,1,54,1,53,0" doraHai="92" doraHaiUra="9" who="2" fromWho="3" sc="117,0,205,0,397,52,271,-42" /><INIT seed="6,2,0,0,1,82" ten="117,205,449,229" oya="2" hai0="92,65,119,32,132,87,57,130,1,46,23,12,64" hai1="15,70,116,112,7,125,25,134,14,60,13,95,109" hai2="89,74,55,105,88,18,40,90,50,117,131,93,73" hai3="77,91,78,27,44,39,102,34,3,22,29,62,45"/><V35/><F117/><W54/><G3/><T63/><D119/><U86/><E116/><V42/><F105/><W71/><G102/><T4/><D32/><U85/><E109/><V103/><F35/><W56/><G71/><T81/><D132/><U8/><E134/><V76/><F131/><W28/><G34/><T51/><D130/><U114/><E125/><V66/><F66/><W98/><G29/><T118/><D1/><N who="1" m="111" /><E95/><V110/><F110/><W122/><G122/><T97/><D118/><U127/><E25/><V24/><F76/><N who="3" m="29291" /><G39/><T20/><D64/><N who="1" m="41223" /><E127/><V10/><F74/><W58/><G58/><T96/><D96/><U128/><E128/><V16/><F73/><W53/><G53/><T2/><D2/><U69/><E69/><V121/><F121/><W124/><G124/><T36/><D36/><U41/><E41/><N who="2" m="15979" /><F24/><W111/><G111/><T21/><D12/><U80/><E80/><V61/><F61/><W133/><G133/><T113/><D4/><U83/><E83/><V0/><F0/><W47/><G27/><T30/><D30/><U38/><E38/><V101/><F93/><N who="3" m="56639" /><G28/><T48/><D46/><U33/><E33/><V99/><F99/><W67/><G67/><T17/><D65/><U123/><E123/><V100/><F10/><W52/><G54/><T107/><D107/><U9/><E9/><V11/><F11/><W84/><G22/><T104/><D23/><U108/><E108/><V59/><AGARI ba="2,0" hai="16,18,50,55,59,88,89,90,100,101,103" m="15979" machi="59" ten="40,7800,0" yaku="8,1,54,2" doraHai="82" who="2" fromWho="2" sc="117,-28,205,-28,449,84,229,-28" /><INIT seed="6,3,0,3,3,35" ten="89,177,533,201" oya="2" hai0="105,26,68,33,7,27,134,4,51,118,61,6,112" hai1="110,67,71,114,81,65,62,34,92,20,90,113,39" hai2="100,48,130,5,59,50,121,85,127,11,99,29,115" hai3="64,52,69,133,74,10,1,124,8,23,36,120,93"/><V96/><F121/><W25/><G120/><T57/><D105/><U13/><E110/><V14/><F115/><N who="1" m="44041" /><E34/><V24/><F130/><W44/><G74/><T73/><D112/><U107/><E107/><V70/><F127/><W54/><G124/><T83/><D68/><U111/><E39/><V9/><F70/><W28/><G133/><T126/><D126/><U17/><E111/><V79/><F11/><W116/><G116/><T60/><D134/><U18/><E81/><N who="2" m="47295" /><F59/><W95/><G69/><T117/><D51/><N who="2" m="19498" /><F100/><W104/><G104/><T82/><D33/><U41/><E41/><V80/><F80/><N who="0" m="30762" /><D73/><U98/><E67/><V129/><F129/><W46/><G64/><T106/><D57/><U72/><E72/><V0/><F0/><W135/><G1/><T3/><D106/><U109/><E109/><V31/><F24/><N who="0" m="9258" /><D3/><U49/><E49/><V66/><F66/><W45/><G36/><T55/><D55/><N who="3" m="21033" /><G135/><T88/><D88/><U16/><AGARI ba="3,0" hai="13,16,17,18,20,62,65,71,90,92,98" m="44041" machi="16" ten="30,2000,0" yaku="15,1,54,1" doraHai="35" who="1" fromWho="1" sc="89,-8,177,29,533,-13,201,-8" /><INIT seed="7,0,0,5,4,101" ten="81,206,520,193" oya="3" hai0="79,113,58,42,123,33,106,117,35,4,120,5,96" hai1="84,11,41,2,31,53,1,126,10,102,28,109,29" hai2="27,43,75,108,86,59,76,62,6,80,37,48,131" hai3="65,32,100,85,121,21,88,72,135,132,8,82,130"/><W44/><G32/><T125/><D79/><U9/><E109/><V70/><F108/><W36/><G121/><T97/><D42/><U40/><E126/><V55/><F131/><W60/><G130/><T52/><D125/><U26/><E102/><V129/><F129/><W105/><G8/><T90/><D90/><U14/><E26/><V87/><F27/><W49/><G36/><T20/><D58/><U134/><E134/><N who="3" m="51242" /><G21/><T30/><D20/><U64/><E64/><N who="2" m="41239" /><F6/><W128/><G128/><T56/><D56/><U89/><E14/><V69/><F69/><N who="3" m="42151" /><G72/><T93/><D93/><N who="1" m="54439" /><E2/><V122/><F122/><W71/><G71/><T38/><D38/><U50/><E1/><V107/><F107/><W111/><G111/><T61/><D61/><U81/><E81/><V98/><F98/><N who="3" m="61591" /><G49/><T0/><D35/><U22/><E22/><V51/><F51/><W25/><G44/><AGARI ba="0,0" hai="9,10,11,28,29,31,40,41,44,50,53" m="54439" machi="44" ten="30,1000,0" yaku="8,1" doraHai="101" who="1" fromWho="3" sc="81,0,206,10,520,0,193,-10" /><AGARI ba="0,0" hai="37,43,44,48,55,59,75,76,80,86,87" m="41239" machi="44" ten="30,1000,0" yaku="24,1" doraHai="101" who="2" fromWho="3" sc="81,0,216,0,520,10,183,-10" owari="81,-42.0,216,2.0,530,63.0,173,-23.0" /></mjloggm>