<mjloggm ver="2.3"><GO type="41"/><UN n0="%E3%82%A6%E3%83%AB%E3%83%88%E3%83%A9%E7%AB%8B%E7%9B%B4" n1="%E8%92%BC%E3%81%84%E6%9C%88" n2="%EF%BC%88%C2%B4%EF%BC%BE%EF%BD%9E%EF%BC%BE%60%EF%BC%89" n3="%E5%BE%A1%E7%84%A1%E5%B7%A3%E6%97%A5" dan="15,13,13,13" rate="2001,1949,1895,1800" sx="M,M,M,M"/><TAIKYOKU oya="0"/><INIT seed="0,0,0,1,5,22" ten="250,250,250,250" oya="0" hai0="124,94,58,8,49,117,41,78,131,43,127,27,44" hai1="11,72,96,15,129,125,93,91,123,100,98,13,90" hai2="46,0,107,115,40,12,19,30,116,118,122,110,85" hai3="57,52,135,67,79,24,39,103,133,101,95,99,62"/><T97/><D78/><U63/><E123/><V31/><F107/><W70/><G39/><T2/><D117/><N who="2" m="45162" /><F122/><W120/><G120/><T54/><D131/><U80/><E72/><V64/><F64/><W74/><G79/><T37/><D41/><U60/><E129/><V111/><F115/><W23/><G74/><T114/><D114/><U76/><E125/><V68/><F68/><W119/><G119/><T126/><D8/><U59/><E63/><V50/><F85/><W42/><G42/><T66/><D2/><U47/><E76/><V26/><F0/><W35/><G35/><T73/><D73/><U102/><E80/><V32/><F30/><W5/><G5/><T6/><D6/><N who="1" m="3319" /><E47/><V83/><F83/><W69/><G103/><N who="1" m="39466" /><E15/><V89/><F89/><N who="1" m="33801" /><E93/><V28/><F28/><W112/><G112/><T1/><D1/><U4/><E4/><V132/><F132/><N who="3" m="50763" /><G67/><AGARI ba="0,0" hai="59,60,67,96,98" m="33801,39466,3319" machi="67" ten="30,1000,0" yaku="8,1" doraHai="22" who="1" fromWho="3" sc="250,0,250,10,250,0,250,-10" /><INIT seed="1,0,0,2,0,58" ten="250,260,250,240" oya="1" hai0="122,72,25,15,62,0,67,130,120,71,117,54,60" hai1="101,100,74,119,123,31,108,1,86,23,82,14,65" hai2="11,50,79,13,27,97,49,121,48,41,109,107,6" hai3="73,89,124,55,29,51,131,16,33,78,45,30,40"/><U77/><E119/><V76/><F121/><N who="0" m="46698" /><D0/><U75/><E123/><V61/><F109/><W52/><G124/><T26/><D72/><U42/><E1/><V22/><F41/><W66/><G131/><T96/><D117/><U28/><E42/><V37/><F37/><W64/><G73/><T18/><D96/><U90/><E65/><N who="3" m="25194" /><G78/><T111/><D111/><U3/><E3/><V10/><F11/><W95/><G33/><T5/><D5/><U104/><E108/><V93/><F61/><N who="0" m="23658" /><D130/><U69/><E69/><V34/><F34/><W21/><G30/><T36/><D36/><U57/><E57/><V32/><F32/><W88/><G29/><T68/><D67/><U103/><E104/><V9/><F9/><W47/><G47/><T106/><D106/><U20/><E74/><V94/><F107/><W84/><G89/><T91/><D91/><U35/><E35/><V43/><F43/><W70/><G70/><N who="0" m="26667" /><D54/><U19/><REACH who="1" step="1"/><E23/><AGARI ba="0,0" hai="15,18,23,25,26" m="26667,23658,46698" machi="23" ten="30,7700,0" yaku="13,1,52,3" doraHai="58" who="0" fromWho="1" sc="250,77,260,-77,250,0,240,0" /><INIT seed="2,0,0,4,0,25" ten="327,183,250,240" oya="2" hai0="62,10,9,86,95,45,18,70,96,3,40,120,76" hai1="59,23,81,124,15,57,98,6,5,88,47,91,51" hai2="135,115,119,72,109,28,41,122,99,65,43,121,130" hai3="67,48,11,8,73,0,42,133,63,107,60,30,33"/><V132/><F72/><W123/><G123/><T83/><D3/><U31/><E124/><V53/><F99/><W12/><G73/><T112/><D112/><U110/><E110/><V55/><F115/><W4/><G107/><T82/><D82/><U24/><E5/><V32/><F119/><W20/><G133/><N who="2" m="51273" /><F130/><W75/><G75/><T114/><D114/><U100/><E91/><V113/><F113/><W126/><G126/><T78/><D70/><U58/><E100/><V74/><F74/><W84/><G84/><T27/><D62/><U19/><E6/><V26/><F65/><W94/><G94/><T134/><D134/><U97/><E81/><V39/><F109/><W34/><G33/><T38/><D120/><N who="2" m="46186" /><F41/><W101/><G101/><T52/><D52/><N who="1" m="29823" /><E88/><V127/><F127/><W1/><G1/><T46/><D78/><U66/><E66/><V29/><F29/><W35/><G35/><T44/><D40/><U118/><E118/><V85/><F85/><W7/><G34/><T37/><D86/><U87/><E87/><V69/><F69/><W17/><G67/><T79/><D79/><U103/><E103/><V68/><F68/><W129/><G129/><T111/><D76/><U36/><E36/><V22/><F32/><W16/><G63/><T61/><D61/><U80/><E80/><V56/><F56/><N who="1" m="14337" /><U21/><AGARI ba="0,0" hai="15,19,21,23,24,31,97,98" m="14337,29823" machi="21" ten="30,7900,0" yaku="4,1,8,1,52,1,54,1" doraHai="25" who="1" fromWho="1" sc="327,-20,183,79,250,-39,240,-20" /><INIT seed="3,0,0,4,3,126" ten="307,262,211,220" oya="3" hai0="63,115,10,13,30,17,31,76,73,20,128,61,121" hai1="60,134,12,46,91,104,127,5,34,15,131,1,86" hai2="25,54,82,87,81,38,132,11,68,110,116,21,62" hai3="88,74,114,26,93,85,18,64,19,28,124,52,58"/><W4/><G74/><T27/><D121/><U120/><E104/><V109/><F116/><W8/><G124/><T7/><D76/><U123/><E127/><V78/><F38/><W51/><G64/><T40/><D73/><U47/><E34/><V77/><F11/><W119/><G114/><T122/><D122/><U41/><E131/><V32/><F32/><W112/><G112/><T0/><D115/><U16/><E134/><V57/><F68/><W35/><G119/><T111/><D40/><U90/><E1/><AGARI ba="0,0" hai="1,4,8,18,19,26,28,35,51,52,58,85,88,93" machi="1" ten="30,5800,0" yaku="7,1,54,2" doraHai="126" who="3" fromWho="1" sc="307,0,262,-58,211,0,220,58" /><INIT seed="3,1,0,2,2,5" ten="307,204,211,278" oya="3" hai0="92,89,39,38,73,112,67,13,15,25,126,110,14" hai1="56,66,50,80,103,102,46,45,43,6,28,99,30" hai2="114,93,127,111,23,17,36,119,9,2,52,123,51" hai3="87,60,20,91,49,96,117,48,64,3,34,33,74"/><W65/><G74/><T29/><D73/><U31/><E6/><V100/><F114/><W131/><G117/><T37/><D126/><U75/><E46/><V133/><F119/><W47/><G3/><T35/><D110/><U115/><E115/><V79/><F36/><W121/><G121/><T54/><D112/><U61/><E75/><V95/><F79/><W59/><G131/><T94/><D67/><U116/><E116/><V97/><F111/><W88/><G65/><T107/><D107/><U57/><E80/><V41/><F41/><W76/><G49/><T82/><D82/><U83/><E83/><V22/><F127/><W108/><G108/><T26/><D54/><U113/><E113/><V69/><F69/><W84/><G76/><T71/><D71/><U11/><E11/><V85/><F133/><W129/><G129/><T109/><D109/><U12/><E12/><N who="2" m="7311" /><F2/><W40/><G96/><T120/><D120/><U90/><E56/><N who="2" m="32799" /><F123/><W106/><G106/><T62/><D38/><U58/><REACH who="1" step="1"/><E57/><REACH who="1" ten="307,194,211,278" step="2"/><V4/><F4/><W124/><G124/><T101/><D39/><U134/><E134/><V16/><F16/><W86/><G34/><T44/><D37/><U27/><E27/><V0/><F0/><W125/><G33/><T81/><D26/><U132/><E132/><V7/><F7/><W130/><G125/><T70/><D25/><U53/><E53/><V32/><F32/><W10/><G130/><T8/><D35/><U42/><E42/><V68/><F68/><W128/><G128/><T55/><D70/><U63/><E63/><V78/><F78/><RYUUKYOKU ba="1,1" sc="307,-15,194,15,211,15,278,-15" hai1="28,30,31,43,45,50,58,61,66,90,99,102,103" hai2="22,23,85,93,95,97,100" /><INIT seed="4,2,1,4,4,127" ten="292,209,226,263" oya="0" hai0="33,58,87,132,130,5,38,119,46,124,8,11,75" hai1="62,91,52,101,85,64,90,17,89,79,73,135,61" hai2="117,82,125,94,105,18,95,70,122,41,103,133,97" hai3="35,43,129,102,23,22,13,44,106,66,131,92,19"/><T84/><D119/><U7/><E73/><V108/><F70/><W123/><G106/><T63/><D33/><U37/><E37/><V25/><F108/><W16/><G35/><T68/><D68/><U104/><E135/><V48/><F117/><W126/><G126/><T118/><D118/><U50/><E7/><V54/><F125/><W121/><G66/><T32/><D32/><U100/><E104/><V88/><F41/><W30/><G30/><T27/><D27/><U36/><E36/><V112/><F122/><N who="3" m="46603" /><G92/><T6/><D124/><U1/><E1/><V69/><F69/><W14/><G102/><N who="1" m="39530" /><E17/><V77/><F112/><W31/><G31/><T42/><D132/><U29/><E29/><V111/><F111/><W4/><G4/><T21/><D6/><U128/><E64/><V109/><F109/><W40/><G44/><T0/><D11/><U110/><E110/><V12/><F25/><W72/><G72/><T59/><D21/><U9/><E9/><V67/><F67/><W49/><G49/><T74/><D59/><N who="1" m="33175" /><E128/><AGARI ba="2,1" hai="13,14,16,19,22,23,40,43,128,129,131" m="46603" machi="128" ten="30,12000,2" yaku="19,1,13,1,52,3,54,1" doraHai="127" who="3" fromWho="1" sc="292,0,209,-126,226,0,263,136" /><INIT seed="5,0,0,5,0,34" ten="292,83,226,399" oya="1" hai0="103,58,35,46,43,93,87,28,52,41,13,20,135" hai1="27,108,133,75,68,31,94,110,113,47,114,86,37" hai2="115,15,26,42,88,116,63,98,101,65,66,128,29" hai3="121,50,96,12,79,56,2,59,32,33,106,74,9"/><U45/><E75/><V22/><F116/><W1/><G121/><T92/><D35/><U119/><E86/><V21/><F128/><W14/><G74/><T49/><D135/><U112/><E94/><V18/><F115/><W107/><G79/><T127/><D127/><U60/><E31/><V7/><F7/><W51/><G9/><T78/><D93/><U131/><E27/><V10/><F42/><W53/><G53/><T11/><D20/><U70/><E119/><V55/><F10/><W69/><G69/><N who="1" m="26730" /><E131/><V30/><F29/><W130/><G130/><T80/><D28/><U102/><E102/><V134/><F134/><W23/><G23/><T81/><D81/><U16/><E133/><V126/><F126/><W54/><G54/><T132/><D132/><U122/><E122/><V124/><F124/><W72/><G72/><T61/><D92/><U117/><E117/><V38/><F38/><W3/><G3/><T123/><D123/><U83/><E83/><V76/><F76/><W120/><G120/><T90/><D103/><U85/><E85/><V111/><F111/><N who="1" m="42537" /><E16/><V89/><F101/><W104/><G104/><T19/><REACH who="0" step="1"/><D78/><REACH who="0" ten="282,83,226,399" step="2"/><U118/><E118/><V62/><F30/><W44/><REACH who="3" step="1"/><G44/><REACH who="3" ten="282,83,226,389" step="2"/><N who="1" m="16970" /><E60/><V48/><F63/><W99/><AGARI ba="0,2" hai="1,2,12,14,32,33,50,51,56,59,96,99,106,107" machi="99" ten="25,12000,2" yaku="1,1,0,1,22,2,52,2,53,0" doraHai="34" doraHaiUra="84" who="3" fromWho="3" sc="282,-30,83,-60,226,-30,389,140" /><INIT seed="6,0,0,0,4,50" ten="252,23,196,529" oya="2" hai0="14,72,109,89,43,57,11,131,8,104,86,120,53" hai1="64,38,106,32,51,44,21,92,17,108,134,3,39" hai2="12,99,114,36,125,42,52,20,13,28,94,23,7" hai3="49,85,62,113,6,88,79,16,121,123,128,40,68"/><V111/><F114/><W78/><G128/><T9/><D72/><U80/><E3/><V25/><F125/><W37/><G113/><T117/><D104/><U45/><E32/><V54/><F111/><W0/><G37/><T132/><D120/><U46/><E106/><V82/><F82/><W135/><G135/><T90/><D132/><U66/><E108/><V5/><F12/><W96/><G96/><T98/><D131/><U24/><E134/><V83/><F83/><W105/><G105/><T118/><D109/><U2/><E2/><V69/><F69/><W10/><G123/><T116/><D43/><N who="1" m="22647" /><E92/><V18/><F36/><W81/><G121/><T119/><N who="0" m="30208" /><DORA hai="74" /><T33/><D33/><U93/><E93/><V112/><F42/><W1/><G1/><T107/><D107/><U58/><E80/><V59/><F59/><W48/><G40/><T47/><D47/><N who="1" m="17931" /><E17/><V97/><F112/><W55/><G16/><N who="0" m="8263" /><D98/><N who="2" m="37386" /><F94/><W63/><G68/><T31/><D31/><U129/><E21/><V65/><F65/><N who="1" m="25193" /><E24/><V103/><F103/><W30/><G30/><T60/><D89/><U100/><E100/><V124/><F124/><W84/><G84/><T75/><D75/><U15/><E15/><V76/><F76/><W115/><G79/><T130/><D130/><U102/><E102/><V19/><F19/><W34/><G115/><T70/><D70/><U29/><E29/><V133/><F133/><W101/><G34/><T95/><AGARI ba="0,0" hai="9,11,53,57,60,86,90,95" m="8263,30208" machi="95" ten="60,7900,0" yaku="12,1,52,1,54,1" doraHai="50,74" who="0" fromWho="0" sc="252,79,23,-20,196,-39,529,-20" /><INIT seed="7,0,0,3,3,31" ten="331,3,157,509" oya="3" hai0="93,131,108,37,95,29,52,78,99,119,110,123,6" hai1="125,101,9,76,74,126,4,98,8,81,114,39,86" hai2="60,111,89,11,36,56,109,129,34,14,43,15,18" hai3="87,46,134,49,27,24,127,80,115,100,103,44,75"/><W33/><G75/><T85/><D37/><U104/><E39/><V7/><F89/><W124/><G134/><T5/><D29/><U62/><E9/><V68/><F68/><W118/><G118/><T20/><D20/><U2/><E62/><V66/><F129/><W77/><G115/><T13/><D13/><U22/><E22/><V61/><F60/><W128/><G128/><T55/><D131/><U58/><E58/><V41/><F34/><W116/><G116/><T59/><D119/><U96/><E8/><V82/><F82/><W32/><G27/><T40/><D123/><U79/><E4/><V10/><REACH who="2" step="1"/><F36/><REACH who="2" ten="331,3,147,509" step="2"/><W67/><G67/><T132/><D99/><N who="1" m="61503" /><E2/><V120/><F120/><W64/><G64/><T73/><D110/><AGARI ba="0,1" hai="7,10,11,14,15,18,41,43,56,61,66,109,110,111" machi="110" ten="40,8000,1" yaku="1,1,53,3" doraHai="31" doraHaiUra="121" who="2" fromWho="0" sc="331,-80,3,0,147,90,509,0" owari="251,5.0,3,-50.0,237,-16.0,509,61.0" /></mjloggm>