<mjloggm ver="2.3"><GO type="97"/><UN n0="%6B%65%6E%73%75%6B%65" n1="%6C%79%6E%2E%6E%74" n2="%EF%BC%88%E2%89%A7%E2%96%BD%E2%89%A6%EF%BC%89" n3="%E3%81%97%E3%82%89%E3%81%90%E3%82%8B" dan="13,13,14,13" rate="1816,1806,2055,1818" sx="M,M,M,M"/><TAIKYOKU oya="0"/><INIT seed="0,0,0,4,4,1" ten="250,250,250,250" oya="0" hai0="93,70,31,4,37,53,39,103,23,59,126,132,123" hai1="68,52,12,15,88,130,56,96,119,55,22,3,100" hai2="104,135,116,98,60,74,64,5,45,121,133,108,80" hai3="48,83,34,51,112,13,89,61,91,114,92,124,97"/><T7/><D123/><U41/><E119/><V128/><F121/><W6/><G34/><T27/><D70/><U90/><E68/><N who="2" m="41991" /><F116/><W75/><G124/><T9/><D126/><U78/><E3/><V18/><F18/><W101/><G61/><T0/><D132/><N who="2" m="50762" /><F45/><W10/><G51/><T30/><D30/><U120/><E130/><V36/><F128/><W106/><G75/><T44/><D44/><U50/><E120/><V43/><F108/><W85/><REACH who="3" step="1"/><G48/><REACH who="3" step="2"/><T84/><D0/><U129/><E129/><V105/><F74/><W24/><G24/><T2/><D37/><U113/><E113/><V67/><F36/><W127/><G127/><T33/><D39/><U19/><E12/><V81/><F43/><W66/><G66/><T40/><D2/><U102/><E41/><V47/><F67/><W69/><G69/><T71/><D40/><U17/><E55/><V95/><F47/><W62/><G62/><T42/><D71/><U57/><E50/><V65/><F65/><W54/><G54/><T63/><D42/><U11/><E52/><V32/><F32/><W28/><G28/><T117/><D53/><U107/><E57/><V87/><F105/><W111/><G111/><T25/><D59/><U109/><E56/><V16/><F104/><W115/><G115/><T79/><D63/><U21/><E107/><V131/><F131/><W125/><G125/><T99/><D117/><U46/><E109/><V73/><F73/><W77/><G77/><T35/><D33/><U122/><E78/><V58/><F58/><W8/><G8/><T118/><D79/><RYUUKYOKU ba="0,1" sc="250,-10,250,-10,250,-10,240,30" hai3="6,10,13,83,85,89,91,92,97,101,106,112,114" /><INIT seed="1,1,1,1,3,78" ten="240,240,240,270" oya="1" hai0="56,66,130,86,99,7,115,32,24,15,39,88,133" hai1="71,19,77,12,74,30,14,58,129,102,36,122,80" hai2="123,120,62,8,93,90,128,13,27,116,83,18,84" hai3="65,82,60,33,10,113,22,132,51,110,57,103,111"/><U64/><E122/><V121/><F116/><W4/><G113/><T70/><D115/><U106/><E129/><V75/><F128/><W23/><G33/><T97/><D130/><U92/><E106/><V94/><F75/><W47/><G132/><T5/><D133/><U95/><E71/><V63/><REACH who="2" step="1"/><F27/><REACH who="2" step="2"/><W42/><G111/><T108/><D70/><U0/><E36/><V100/><F100/><W124/><G110/><T43/><D108/><U76/><E102/><V112/><F112/><W55/><G103/><T6/><D39/><U52/><E0/><V16/><F16/><W17/><G124/><T2/><D24/><U89/><E19/><V38/><F38/><W28/><G17/><T20/><D2/><U69/><E30/><V87/><F87/><W134/><G28/><T59/><D86/><U48/><E69/><V41/><F41/><W35/><G134/><T85/><D43/><U61/><E74/><V119/><F119/><W107/><G42/><T96/><D85/><N who="1" m="50343" /><E77/><V117/><F117/><W109/><G109/><T114/><D114/><U40/><E76/><V45/><F45/><W25/><G25/><T26/><D26/><U131/><E40/><V101/><F101/><W125/><G125/><T37/><D37/><U127/><E131/><V81/><F81/><W104/><G47/><T98/><D32/><U135/><E135/><V91/><F91/><W79/><G35/><T72/><D88/><U67/><E127/><V34/><F34/><W9/><G65/><N who="1" m="25162" /><E48/><V44/><F44/><W46/><G46/><T50/><D72/><U29/><E29/><RYUUKYOKU ba="1,2" sc="240,-15,240,15,230,15,270,-15" hai1="12,14,52,58,61,92,95" hai2="8,13,18,62,63,83,84,90,93,94,120,121,123" /><INIT seed="1,2,2,5,3,121" ten="225,255,245,255" oya="1" hai0="75,13,77,40,3,83,45,84,35,5,50,98,105" hai1="85,42,4,65,9,20,94,103,11,113,37,8,110" hai2="122,124,18,14,0,59,125,28,76,119,27,118,135" hai3="54,17,99,72,60,116,15,107,58,38,93,2,7"/><U79/><E113/><V48/><F122/><W71/><G72/><T51/><D35/><U57/><E37/><V73/><F135/><W126/><G38/><T74/><D3/><U101/><E42/><V130/><F130/><W41/><G41/><T52/><D105/><U44/><E44/><V86/><F73/><W6/><G107/><T95/><D95/><U63/><E110/><V109/><F109/><W25/><G71/><T120/><D98/><U67/><E4/><V133/><F133/><W49/><G126/><N who="2" m="48745" /><F0/><W68/><G25/><T12/><D120/><U106/><E106/><V23/><F76/><W62/><G116/><N who="2" m="44585" /><F86/><W115/><G115/><T32/><D32/><U100/><E20/><N who="2" m="15463" /><F59/><W123/><G58/><N who="0" m="33047" /><D12/><U128/><E128/><V47/><F48/><W29/><G2/><T87/><D87/><U53/><E79/><V129/><F129/><W90/><G123/><T104/><D104/><U127/><E127/><V36/><F36/><W82/><G15/><T39/><D39/><U112/><E112/><V34/><F47/><W134/><G134/><T111/><D111/><U102/><N who="1" m="26112" /><DORA hai="61" /><U80/><E80/><V55/><F55/><W26/><G54/><T24/><D24/><U43/><REACH who="1" step="1"/><E43/><REACH who="1" step="2"/><V1/><F1/><W108/><G82/><T91/><D91/><AGARI ba="2,3" hai="8,9,11,53,57,63,65,67,85,91,94" m="26112" machi="91" ten="60,12000,1" yaku="1,1,2,1,8,1,52,2,53,0" doraHai="121,61" doraHaiUra="16,22" who="1" fromWho="0" sc="225,-126,245,156,245,0,255,0" /><INIT seed="1,3,0,4,3,18" ten="99,401,245,255" oya="1" hai0="108,75,111,51,85,126,83,30,91,46,28,61,64" hai1="105,53,32,119,120,118,23,22,132,131,63,112,97" hai2="68,47,55,101,40,16,79,36,96,44,88,102,86" hai3="62,125,39,92,115,8,76,114,127,117,74,109,27"/><U9/><E120/><V24/><F68/><W37/><G27/><T26/><D75/><U0/><E112/><N who="3" m="43050" /><G8/><T84/><D84/><U81/><E131/><V57/><F79/><W14/><G14/><T100/><D100/><N who="2" m="38506" /><F96/><W128/><G92/><T21/><D126/><N who="3" m="48137" /><G128/><T95/><D111/><U134/><E81/><N who="2" m="49231" /><F40/><W110/><G74/><T130/><D108/><N who="3" m="41577" /><G76/><T43/><D130/><U87/><E9/><V82/><F82/><W93/><G93/><T90/><D95/><U50/><E97/><V123/><F36/><W19/><G19/><T73/><D73/><U34/><E0/><V89/><F123/><W5/><G5/><T106/><D106/><U116/><E87/><V104/><F89/><W2/><G2/><T98/><D98/><U48/><E105/><V69/><F104/><W33/><G33/><T10/><D10/><U52/><E118/><V11/><F11/><W31/><G31/><T65/><D65/><U113/><E113/><V1/><F1/><W25/><G25/><T17/><REACH who="0" step="1"/><D90/><REACH who="0" step="2"/><U49/><REACH who="1" step="1"/><E48/><REACH who="1" step="2"/><V94/><F94/><W3/><G3/><T45/><D45/><U107/><E107/><V122/><F47/><W121/><G117/><T6/><D6/><U12/><E12/><V80/><F44/><W35/><G121/><T54/><D54/><U67/><E67/><V78/><F122/><W41/><G37/><T72/><D72/><U71/><E71/><AGARI ba="3,2" hai="17,21,26,28,30,43,46,51,61,64,71,83,85,91" machi="71" ten="30,7700,0" yaku="1,1,7,1,52,1,53,1" doraHai="18" doraHaiUra="59" who="0" fromWho="1" sc="89,106,391,-86,245,0,255,0" /><INIT seed="2,0,0,1,2,96" ten="195,305,245,255" oya="2" hai0="34,134,85,23,16,32,14,125,35,30,95,99,132" hai1="19,61,15,72,79,115,44,13,2,31,63,91,108" hai2="87,106,59,38,71,131,133,36,29,93,123,135,18" hai3="68,12,42,82,64,48,107,54,77,9,88,76,117"/><V73/><F123/><W113/><G117/><T4/><D125/><U81/><E115/><V26/><F73/><W28/><G113/><T84/><D4/><U75/><E108/><V130/><F71/><W8/><G107/><T47/><D47/><U10/><E2/><V43/><F106/><W100/><G28/><T116/><D116/><U51/><E31/><V128/><F18/><N who="3" m="8455" /><G68/><T65/><D65/><U126/><E126/><V97/><F87/><N who="3" m="50295" /><G64/><T22/><D22/><U121/><E121/><V5/><F59/><W21/><G42/><T109/><D109/><U24/><E24/><V120/><F5/><W40/><G40/><T60/><D60/><U110/><E110/><V112/><F120/><W111/><G111/><T114/><D114/><U7/><E91/><N who="2" m="55487" /><F112/><W39/><G39/><N who="2" m="14889" /><F43/><W102/><G21/><AGARI ba="0,0" hai="21,26,29,128,130,131,133,135" m="14889,55487" machi="21" ten="40,2000,0" yaku="19,1" doraHai="96" who="2" fromWho="3" sc="195,0,305,0,245,20,255,-20" /><INIT seed="2,1,0,1,0,30" ten="195,305,265,235" oya="2" hai0="32,58,124,2,132,6,34,83,71,73,109,62,113" hai1="17,82,9,131,35,56,52,51,8,125,22,103,99" hai2="123,5,48,100,4,111,16,89,41,104,94,47,54" hai3="7,55,78,59,60,105,28,3,110,101,25,133,118"/><V37/><F111/><W65/><G118/><T61/><D113/><U116/><E116/><V121/><F104/><W10/><G110/><T18/><D109/><U69/><E69/><V70/><F100/><W46/><G133/><T43/><D43/><U14/><E131/><V77/><F77/><W13/><G78/><T115/><D115/><U79/><E125/><V15/><F70/><W126/><G126/><T36/><D36/><U107/><REACH who="1" step="1"/><E35/><REACH who="1" step="2"/><V0/><F123/><W31/><G105/><T49/><D132/><U42/><E42/><V127/><F121/><W98/><G101/><T24/><D124/><U96/><E96/><V11/><F127/><W20/><G98/><T29/><D71/><U135/><E135/><V44/><F0/><W50/><REACH who="3" step="1"/><G3/><REACH who="3" step="2"/><T23/><D73/><AGARI ba="1,2" hai="8,9,14,17,22,51,52,56,73,79,82,99,103,107" machi="73" ten="30,3900,0" yaku="1,1,7,1,54,1,53,0" doraHai="30" doraHaiUra="26" who="1" fromWho="0" sc="195,-42,295,62,265,0,225,0" /><INIT seed="3,0,0,5,0,118" ten="153,357,265,225" oya="3" hai0="86,85,107,100,80,1,37,113,97,117,31,66,122" hai1="92,133,64,116,15,70,52,45,114,106,38,72,103" hai2="48,65,14,68,79,41,125,23,33,59,130,16,30" hai3="95,18,121,75,53,112,39,6,93,49,43,99,101"/><W124/><G112/><T132/><D117/><U54/><E116/><V81/><F125/><W129/><G124/><T94/><D31/><U73/><E114/><V84/><F130/><W5/><G129/><T17/><D37/><U32/><E133/><V13/><F68/><W10/><G75/><T9/><D113/><U34/><E92/><V135/><F135/><W21/><G121/><T105/><D132/><U26/><E15/><N who="2" m="9631" /><F33/><W12/><G39/><T11/><D66/><U55/><E45/><N who="2" m="25647" /><F30/><W20/><G43/><T62/><D62/><AGARI ba="0,0" hai="13,14,59,62,65,79,81,84" m="25647,9631" machi="62" ten="30,2000,0" yaku="8,1,54,1" doraHai="118" who="2" fromWho="0" sc="153,-20,357,0,265,20,225,0" owari="133,-37,357,45,285,9,225,-17" /></mjloggm>