<mjloggm ver="2.3"><GO type="41"/><UN n0="%79%6A%6D" n1="%E3%82%B1%E3%83%B3%E3%83%89%E3%83%BC%E3%82%B3%E3%83%90%E3%83%A4%E3%82%B7" n2="%EF%BC%88%E2%89%A7%E2%96%BD%E2%89%A6%EF%BC%89" n3="%46%72%61%79" dan="14,14,15,14" rate="1990,1918,2021,1871" sx="F,F,M,M"/><TAIKYOKU oya="0"/><INIT seed="0,0,0,5,2,102" ten="250,250,250,250" oya="0" hai0="81,110,35,36,89,86,96,26,101,61,19,40,106" hai1="130,113,120,122,74,7,118,133,65,87,42,14,124" hai2="20,10,23,34,9,52,85,53,115,109,135,108,114" hai3="37,125,73,58,39,3,49,77,1,127,38,93,83"/><T78/><D61/><U44/><E74/><V2/><F85/><W56/><G93/><N who="0" m="54455" /><D40/><U82/><E118/><V100/><F100/><W105/><G49/><T132/><D36/><U116/><E116/><V27/><F2/><W117/><G56/><T104/><D35/><U69/><E113/><N who="2" m="43019" /><F135/><W21/><G58/><T4/><D19/><U131/><E133/><V25/><F34/><W76/><G21/><N who="2" m="8265" /><F53/><W13/><G13/><T80/><D26/><N who="2" m="9738" /><F52/><W30/><G117/><T66/><D66/><U45/><E65/><V57/><F57/><W75/><G37/><T103/><D4/><U70/><E87/><V8/><AGARI ba="0,0" hai="8,9,10,108,109" m="9738,8265,43019" machi="8" ten="40,8000,1" yaku="28,2,34,2" doraHai="102" who="2" fromWho="2" sc="250,-40,250,-20,250,80,250,-20" /><INIT seed="1,0,0,0,2,56" ten="210,230,330,230" oya="1" hai0="109,121,87,89,38,69,114,78,21,73,81,57,119" hai1="104,49,70,37,31,67,53,64,5,14,4,86,16" hai2="43,44,55,77,132,102,107,10,124,101,40,62,75" hai3="35,131,19,128,135,82,29,7,54,6,90,126,34"/><U32/><E37/><V103/><F107/><W71/><G71/><T24/><D114/><U111/><E104/><V118/><F118/><W13/><G82/><T113/><D119/><U115/><E115/><V46/><F132/><W63/><G90/><T112/><D69/><U120/><E120/><V93/><F124/><W100/><G100/><T47/><D109/><U91/><E111/><V65/><F75/><W12/><G54/><T28/><D121/><U129/><E31/><V123/><F123/><W8/><G63/><T3/><D3/><U92/><E32/><V33/><F33/><W52/><G52/><T80/><REACH who="0" step="1"/><D57/><REACH who="0" ten="200,230,330,230" step="2"/><N who="1" m="32943" /><E70/><V83/><F77/><W74/><G126/><T17/><D17/><U1/><E1/><V125/><F125/><W79/><G19/><T94/><D94/><U98/><E129/><V51/><F93/><W105/><G105/><T95/><D95/><U85/><E5/><V60/><F83/><W45/><G135/><T50/><D50/><U59/><E4/><V76/><F51/><W110/><G110/><T42/><AGARI ba="0,1" hai="21,24,28,38,42,47,73,78,80,81,87,89,112,113" machi="42" ten="30,2000,0" yaku="1,1,0,1,53,0" doraHai="56" doraHaiUra="61" who="0" fromWho="0" sc="200,30,230,-10,330,-5,230,-5" /><INIT seed="2,0,0,2,2,35" ten="230,220,325,225" oya="2" hai0="75,93,109,23,51,46,85,59,24,132,10,52,47" hai1="42,44,30,60,77,72,22,87,5,8,119,53,129" hai2="66,69,79,31,41,45,68,108,90,133,82,134,118" hai3="34,135,112,76,2,103,36,20,120,99,83,101,13"/><V107/><F118/><W91/><G34/><T28/><D75/><U17/><E119/><V3/><F107/><W124/><G36/><T7/><D109/><U11/><E129/><V58/><F108/><W131/><G2/><T121/><D132/><N who="2" m="50794" /><F90/><W123/><G13/><T105/><D105/><U130/><E130/><V12/><F31/><W74/><G20/><T1/><REACH who="0" step="1"/><D121/><REACH who="0" ten="220,220,325,225" step="2"/><U15/><E72/><N who="2" m="43367" /><F12/><W104/><G131/><T67/><D67/><U21/><E5/><V0/><F58/><W18/><G120/><T127/><D127/><U94/><E15/><V26/><F26/><W54/><G124/><T88/><AGARI ba="0,1" hai="1,7,10,23,24,28,46,47,51,52,59,85,88,93" machi="88" ten="30,8000,1" yaku="1,1,0,1,52,1,54,2,53,0" doraHai="35" doraHaiUra="38" who="0" fromWho="0" sc="220,90,220,-20,325,-40,225,-20" /><INIT seed="3,0,0,5,3,21" ten="310,200,285,205" oya="3" hai0="47,59,113,24,40,42,70,68,38,49,79,132,77" hai1="28,99,20,72,54,43,125,51,34,109,89,33,80" hai2="112,57,7,10,2,39,115,41,35,27,76,135,123" hai3="121,44,56,134,60,129,97,30,26,12,61,58,130"/><W22/><G121/><T110/><D110/><U50/><E109/><V4/><F123/><W106/><G44/><T23/><D132/><U105/><E125/><V119/><F119/><W85/><G85/><T64/><D42/><U124/><E124/><V117/><F117/><W100/><G12/><T93/><D113/><N who="2" m="43594" /><F57/><W95/><G134/><T8/><D8/><U19/><E28/><N who="2" m="19871" /><F135/><W29/><G106/><T25/><D23/><U73/><E43/><V91/><F91/><W11/><G11/><T83/><D70/><U46/><E73/><V55/><F55/><W111/><G30/><T86/><D38/><U126/><E126/><V94/><F94/><W1/><G1/><T81/><D93/><U87/><E72/><V92/><F92/><W31/><G31/><T37/><D37/><U9/><E9/><N who="2" m="2199" /><F76/><W3/><G3/><T52/><D68/><U122/><E122/><V78/><F78/><W133/><G133/><T104/><D104/><U17/><E105/><V53/><F53/><N who="3" m="33807" /><G111/><T103/><D103/><U120/><E99/><V82/><F82/><W114/><G114/><T63/><D40/><U74/><E120/><V48/><F41/><W32/><G32/><T67/><D67/><AGARI ba="0,0" hai="22,26,29,58,61,67,95,97,100,129,130" m="33807" machi="67" ten="30,2900,0" yaku="25,1,52,1" doraHai="21" who="3" fromWho="0" sc="310,-29,200,0,285,0,205,29" /><INIT seed="3,1,0,4,5,49" ten="281,200,285,234" oya="3" hai0="109,41,118,117,102,68,2,53,6,119,10,91,13" hai1="130,26,74,34,50,38,32,63,56,51,67,95,116" hai2="133,28,80,0,105,81,35,125,78,77,36,86,92" hai3="72,57,85,71,104,43,103,16,108,76,122,39,127"/><W15/><G122/><T93/><D109/><U4/><E74/><V25/><F125/><W8/><G71/><T97/><D68/><U46/><E130/><V123/><F123/><W20/><G127/><T112/><D112/><U61/><E116/><V66/><F105/><W101/><G108/><T31/><D41/><U79/><E79/><V5/><F36/><W115/><G72/><T82/><D31/><U44/><E38/><V42/><F42/><W75/><G75/><T88/><D2/><U22/><E4/><V70/><F133/><W58/><G115/><T73/><REACH who="0" step="1"/><D53/><REACH who="0" ten="271,200,285,234" step="2"/><U106/><E67/><V124/><F66/><W14/><G43/><T113/><D113/><U90/><E32/><V47/><F70/><W54/><G39/><T27/><D27/><U83/><E34/><V3/><F124/><W9/><G9/><T29/><D29/><U21/><E26/><V132/><F0/><W37/><G37/><T120/><D120/><U11/><E11/><V99/><F3/><W24/><G15/><T107/><D107/><U89/><E106/><V94/><F25/><W59/><G104/><T52/><D52/><U1/><E1/><V62/><F28/><N who="3" m="17415" /><G54/><T33/><D33/><U69/><E69/><V121/><F121/><W129/><G129/><T110/><D110/><U12/><E12/><V84/><F35/><W7/><G7/><T48/><D48/><U45/><E51/><V60/><F5/><W128/><G128/><T23/><D23/><N who="1" m="8715" /><E50/><V17/><F62/><W30/><G30/><T96/><D96/><N who="1" m="57455" /><E56/><V19/><F60/><W18/><G18/><RYUUKYOKU ba="1,1" sc="271,10,200,10,285,-30,234,10" hai0="6,10,13,73,82,88,91,93,97,102,117,118,119" hai1="44,45,46,61,63,83,90" hai3="8,14,16,57,58,59,76,85,101,103" /><INIT seed="3,2,1,0,1,72" ten="281,210,255,244" oya="3" hai0="30,39,87,69,126,97,29,71,19,92,12,62,23" hai1="127,34,113,112,132,21,45,49,119,0,135,47,105" hai2="53,7,84,102,66,122,57,115,42,8,107,36,129" hai3="9,61,65,48,16,125,81,118,64,28,100,54,108"/><W95/><G118/><T83/><D39/><U106/><E0/><V101/><F115/><N who="1" m="44105" /><E34/><V78/><F122/><W46/><G125/><T38/><D126/><U104/><E127/><V31/><F129/><W75/><G108/><T103/><D38/><U120/><E21/><V70/><F70/><W41/><G28/><T124/><D124/><U79/><E120/><V76/><F31/><W27/><G41/><T111/><D111/><U4/><E4/><V14/><F107/><W110/><G110/><T13/><D71/><U33/><E33/><V2/><F2/><W93/><G100/><N who="2" m="38505" /><F36/><W133/><G133/><N who="1" m="51274" /><E49/><N who="2" m="30895" /><F66/><W63/><G65/><T128/><D128/><U85/><E119/><V74/><F74/><W91/><G64/><T109/><D109/><U51/><E51/><V99/><F99/><W82/><G75/><T130/><D130/><U58/><E58/><V3/><F3/><W67/><G67/><T116/><D69/><U123/><E123/><V68/><F68/><W6/><G6/><T114/><D62/><N who="3" m="23561" /><G91/><T96/><D116/><U37/><E37/><V22/><F22/><N who="3" m="13767" /><G9/><T94/><D12/><U15/><E15/><V18/><F7/><W98/><G98/><T20/><D20/><U43/><E43/><V121/><F121/><W44/><G46/><T1/><D1/><U131/><E131/><V59/><F42/><W40/><G40/><T89/><REACH who="0" step="1"/><D114/><REACH who="0" ten="271,210,255,244" step="2"/><U90/><E104/><V55/><F14/><W35/><G35/><T77/><AGARI ba="2,2" hai="13,19,23,29,30,77,83,87,89,92,94,96,97,103" machi="77" ten="20,12000,2" yaku="1,1,2,1,0,1,7,1,8,1,52,1,53,1" doraHai="72" doraHaiUra="11" who="0" fromWho="0" sc="271,146,210,-32,255,-32,244,-62" /><INIT seed="4,0,0,1,4,93" ten="417,178,223,182" oya="0" hai0="36,134,21,102,120,15,29,96,73,46,82,14,13" hai1="72,28,129,92,77,125,3,76,58,16,37,132,89" hai2="124,1,22,80,54,81,105,101,52,11,114,71,119" hai3="69,103,128,5,85,115,43,127,40,0,56,30,35"/><T97/><D120/><U18/><E37/><V57/><F71/><W135/><G69/><T8/><D102/><U98/><E3/><V117/><F114/><W65/><G115/><T38/><D8/><U42/><E42/><V26/><F124/><W122/><G127/><T12/><D134/><U51/><E125/><V59/><F1/><W24/><G135/><T33/><D33/><U75/><E132/><V74/><F11/><W111/><G111/><T63/><D63/><U87/><E28/><N who="2" m="17495" /><F74/><W27/><G122/><T61/><D61/><U95/><E75/><V19/><F19/><N who="1" m="7209" /><E72/><V62/><F105/><W48/><G30/><T113/><D113/><U6/><E6/><V90/><F101/><W133/><G103/><T47/><D73/><U10/><E10/><V2/><F2/><W31/><G31/><T66/><D66/><U67/><E129/><V123/><F90/><W39/><G128/><T112/><D112/><U106/><E106/><V7/><F7/><W41/><G5/><T130/><D130/><U44/><E67/><V88/><F88/><W53/><G0/><T107/><D107/><U20/><E20/><V99/><F123/><W50/><G35/><T34/><D34/><U109/><E109/><V32/><F32/><W17/><G133/><T68/><D68/><U70/><E70/><V116/><F99/><W118/><G39/><T4/><D4/><U91/><E44/><N who="0" m="16937" /><D38/><U108/><E108/><V25/><F25/><W126/><G24/><N who="0" m="16527" /><D36/><U110/><E110/><V60/><AGARI ba="0,0" hai="52,54,57,59,60,62,80,81,116,117,119" m="17495" machi="60" ten="30,2000,0" yaku="12,1,54,1" doraHai="93" who="2" fromWho="2" sc="417,-10,178,-5,223,20,182,-5" /><INIT seed="5,0,0,3,0,118" ten="407,173,243,177" oya="1" hai0="117,134,66,53,74,113,77,38,90,55,64,125,70" hai1="85,130,22,101,48,93,95,92,57,69,135,14,28" hai2="62,50,104,56,36,29,33,30,47,97,80,88,128" hai3="24,19,3,71,79,6,45,129,83,31,26,94,7"/><U49/><E69/><V23/><F128/><W132/><G71/><T133/><D117/><U59/><E101/><V8/><F33/><W18/><G94/><T87/><D38/><U21/><E130/><V73/><F36/><W111/><G45/><T120/><D125/><U103/><E135/><N who="0" m="51721" /><D113/><U131/><E131/><V108/><F108/><W110/><G83/><N who="0" m="45495" /><D120/><U112/><E112/><V42/><F73/><W119/><G79/><T116/><D70/><U63/><E103/><V13/><F104/><W25/><G129/><T121/><D121/><U32/><E32/><V16/><F8/><W15/><G132/><T60/><D66/><U98/><E98/><V51/><F51/><N who="1" m="19529" /><E28/><V65/><REACH who="2" step="1"/><F97/><REACH who="2" ten="407,173,233,177" step="2"/><W9/><G119/><T58/><D116/><U89/><E85/><AGARI ba="0,1" hai="13,16,23,29,30,42,47,50,56,62,65,80,85,88" machi="85" ten="40,8000,1" yaku="1,1,2,1,8,1,54,2,53,0" doraHai="118" doraHaiUra="109" who="2" fromWho="1" sc="407,0,173,-80,233,90,177,0" /><INIT seed="6,0,0,2,4,133" ten="407,93,323,177" oya="2" hai0="8,67,2,28,106,48,101,115,3,31,12,97,75" hai1="124,134,126,10,122,108,121,90,47,93,34,61,59" hai2="6,128,56,129,83,74,45,36,30,92,57,71,99" hai3="113,35,63,79,130,70,95,84,64,127,109,15,1"/><V111/><F71/><W102/><G15/><T82/><D115/><U73/><E34/><V17/><F111/><W32/><G95/><T50/><D2/><U29/><E73/><V85/><F74/><W53/><G53/><T119/><D3/><U86/><E29/><V89/><F30/><W26/><G84/><T58/><D119/><U11/><E47/><V80/><F6/><W52/><G52/><T69/><D69/><U60/><E108/><V91/><F80/><W66/><G79/><T19/><D48/><U65/><E61/><V94/><F83/><W110/><G26/><T18/><D18/><U0/><E134/><V96/><F85/><W9/><G9/><N who="1" m="3082" /><E0/><V114/><F114/><W25/><G25/><T14/><D14/><U78/><E78/><V21/><F36/><W46/><G46/><T51/><D51/><U37/><E37/><V42/><F42/><W7/><G63/><T62/><D50/><U27/><E27/><N who="2" m="14767" /><F45/><W55/><G1/><T103/><D103/><U23/><E23/><V38/><F38/><W105/><G32/><T104/><D104/><U40/><E40/><V54/><F54/><W22/><G102/><T68/><D68/><U117/><E117/><V44/><F44/><W120/><G35/><T112/><D112/><U49/><E49/><V41/><F41/><W76/><G70/><T20/><D8/><U98/><E86/><V77/><F77/><W123/><G113/><T107/><D107/><U87/><E87/><V16/><F16/><W118/><G105/><T39/><D39/><U100/><E100/><V24/><F24/><RYUUKYOKU ba="0,0" sc="407,10,93,10,323,10,177,-30" hai0="12,19,20,28,31,58,62,67,75,82,97,101,106" hai1="59,60,65,90,93,98,121,122,124,126" hai2="56,57,89,91,92,94,96,99,128,129" /><INIT seed="6,1,0,2,1,25" ten="417,103,333,147" oya="2" hai0="16,96,48,49,123,107,59,60,93,58,81,128,117" hai1="124,33,4,86,19,28,42,68,113,2,82,67,91" hai2="126,103,53,1,20,92,35,129,98,46,18,80,50" hai3="87,106,89,78,37,101,108,135,122,97,77,134,17"/><V14/><F126/><W15/><G37/><T31/><D123/><U73/><E124/><V109/><F109/><W44/><G44/><T130/><D107/><U71/><E113/><V85/><F129/><N who="0" m="49770" /><D117/><U62/><E73/><V75/><F1/><W45/><G45/><T41/><D81/><U121/><E121/><V39/><F35/><W72/><G17/><T115/><D115/><U95/><E42/><V104/><F39/><W119/><G15/><T105/><D105/><U63/><E63/><V55/><F75/><W47/><G47/><T51/><D60/><U120/><E120/><V127/><F127/><W110/><G122/><T57/><D16/><U27/><E19/><V5/><F5/><W114/><G119/><T12/><D12/><U132/><E132/><N who="3" m="50730" /><G114/><T99/><D31/><U7/><E71/><V22/><F104/><W133/><N who="3" m="50738" /><W11/><DORA hai="13" /><G11/><T116/><D116/><U43/><E43/><N who="2" m="24927" /><F22/><W111/><G72/><T79/><D41/><U83/><REACH who="1" step="1"/><E2/><REACH who="1" ten="417,93,333,147" step="2"/><V26/><F26/><W102/><G102/><T21/><D48/><U10/><E10/><V100/><F103/><W61/><G61/><T84/><D49/><U3/><E3/><V30/><F30/><W56/><G56/><T94/><D51/><U88/><E88/><AGARI ba="1,1" hai="14,18,20,53,55,80,85,88,92,98,100" m="24927" machi="88" ten="30,5800,0" yaku="8,1,52,1,54,1" doraHai="25,13" who="2" fromWho="1" sc="417,0,93,-61,333,71,147,0" /><INIT seed="6,2,0,5,3,109" ten="417,32,404,147" oya="2" hai0="118,10,41,19,9,119,77,134,107,86,93,26,50" hai1="114,74,80,68,22,66,76,88,81,73,15,47,14" hai2="27,110,38,56,131,37,115,121,120,29,60,79,128" hai3="31,49,53,61,58,126,54,44,39,72,59,129,4"/><V103/><F103/><W64/><G4/><T20/><D107/><U28/><E68/><V33/><F79/><W83/><G31/><T62/><D134/><U92/><E66/><N who="2" m="39175" /><F110/><W70/><G83/><N who="0" m="47471" /><D62/><U133/><E133/><V98/><F98/><W1/><G72/><T13/><D93/><U69/><E69/><V135/><F135/><W51/><G1/><T67/><D67/><U99/><E47/><V0/><F0/><W3/><G3/><T55/><D41/><U97/><E74/><V122/><F115/><W102/><G102/><T111/><D111/><U43/><E43/><V52/><F52/><W89/><G89/><T84/><D84/><U23/><E81/><V108/><F108/><W12/><G12/><T46/><D26/><U96/><E114/><V94/><F94/><W85/><G85/><T5/><D5/><U21/><REACH who="1" step="1"/><E28/><REACH who="1" ten="417,22,404,147" step="2"/><V91/><F121/><W2/><G2/><T8/><D118/><U40/><E40/><V63/><F122/><W36/><G129/><T106/><D119/><U65/><E65/><V57/><F120/><W101/><G126/><T105/><D46/><U87/><AGARI ba="2,1" hai="14,15,21,22,23,73,76,80,87,88,92,96,97,99" machi="87" ten="30,4000,0" yaku="1,1,0,1,54,1,53,0" doraHai="109" doraHaiUra="100" who="1" fromWho="1" sc="417,-12,22,56,404,-22,147,-12" /><INIT seed="7,0,0,1,1,73" ten="405,78,382,135" oya="3" hai0="74,67,93,88,43,94,8,71,3,80,122,100,98" hai1="129,77,39,95,78,83,116,109,20,133,84,23,35" hai2="50,2,108,54,42,32,16,66,81,27,64,118,44" hai3="113,76,29,37,45,19,63,69,124,5,0,106,92"/><W86/><G92/><T17/><D122/><U51/><E39/><V102/><F2/><W13/><G13/><T46/><D71/><U103/><E35/><V28/><F118/><W25/><G19/><T119/><D119/><U57/><E109/><V15/><F108/><W65/><G86/><T62/><D3/><U75/><E116/><V99/><F42/><W97/><G113/><T49/><D8/><U53/><E129/><V70/><F81/><W112/><G112/><T52/><D17/><U134/><E103/><V111/><F70/><W9/><G76/><N who="1" m="29290" /><E95/><V101/><F111/><W24/><G124/><T11/><D11/><U114/><E75/><V55/><F55/><W41/><G24/><T125/><D80/><U105/><E105/><V91/><F91/><W30/><G30/><T115/><D74/><U79/><E114/><V90/><F90/><W4/><G4/><T126/><D115/><U34/><E34/><V89/><F89/><W31/><REACH who="3" step="1"/><G25/><REACH who="3" ten="405,78,382,125" step="2"/><T130/><D125/><U56/><E56/><V6/><F6/><W96/><G96/><T120/><D126/><U12/><E12/><V87/><F87/><W127/><G127/><T72/><D72/><U40/><E40/><V33/><F99/><W110/><G110/><T59/><D120/><U48/><E133/><V68/><F27/><W58/><G58/><T18/><D18/><U1/><E134/><V132/><F132/><W26/><G26/><T22/><D43/><U117/><E1/><V135/><F16/><W85/><G85/><N who="0" m="52367" /><D130/><U121/><E121/><V123/><F123/><W38/><G38/><RYUUKYOKU ba="0,1" sc="405,15,78,-15,382,-15,125,15" hai0="22,46,49,52,59,62,67,94,98,100" hai3="0,5,9,29,31,37,41,45,63,65,69,97,106" /><INIT seed="7,1,1,0,5,73" ten="420,63,367,140" oya="3" hai0="44,62,57,34,56,93,80,114,60,24,120,133,28" hai1="103,89,15,83,51,105,129,82,41,91,123,96,97" hai2="115,94,87,54,2,17,20,21,76,5,65,67,40" hai3="106,7,111,71,69,75,125,131,118,132,48,32,72"/><W46/><G46/><T130/><D120/><U102/><E41/><V134/><F115/><W45/><G45/><T109/><D109/><U99/><E15/><V124/><F124/><W135/><G48/><T23/><D130/><U9/><E9/><V49/><F134/><W10/><G10/><T70/><D114/><U92/><E51/><V38/><F38/><W58/><G58/><N who="0" m="22635" /><D34/><U8/><E8/><V59/><F40/><W1/><G7/><T100/><D70/><U50/><E50/><V25/><F2/><W47/><G47/><T13/><D44/><U18/><E18/><V108/><F5/><W74/><G74/><T53/><D53/><U127/><E129/><V107/><F107/><W79/><G79/><T16/><D80/><N who="1" m="30763" /><E127/><V35/><F108/><W128/><G72/><T55/><D55/><U117/><E123/><V61/><F35/><W26/><G26/><T6/><D133/><U33/><E33/><V4/><F4/><W11/><G11/><N who="0" m="6207" /><D6/><U42/><E42/><V0/><F0/><W90/><G131/><T66/><D66/><U30/><E30/><N who="2" m="17703" /><F76/><W121/><G71/><T39/><D39/><U14/><E14/><N who="2" m="9399" /><F61/><W63/><G63/><T29/><D29/><U104/><E117/><V27/><F27/><W113/><G90/><AGARI ba="1,1" hai="89,90,91,92,96,97,99,102,103,104,105" m="30763" machi="90" ten="30,8000,1" yaku="35,5" doraHai="73" who="1" fromWho="3" sc="420,0,63,93,367,0,140,-83" owari="420,51.0,156,-24.0,367,17.0,57,-44.0" /></mjloggm>