<mjloggm ver="2.3"><GO type="169" lobby="0"/><UN n0="%48%65%72%6D%61%6E%6E" n1="%E5%B6%BA%E4%B8%8A%E9%96%89%E8%8A%B1" n2="%E4%B8%83%E3%83%84%E7%9B%AE%E7%8E%89" n3="%EF%BC%88%E2%89%A7%E2%96%BD%E2%89%A6%EF%BC%89" dan="16,16,17,17" rate="2049.19,2052.64,2181.05,2127.65" sx="M,M,M,M"/><TAIKYOKU oya="0"/><INIT seed="0,0,0,5,0,45" ten="250,250,250,250" oya="0" hai0="69,67,94,132,125,27,118,70,40,87,10,58,85" hai1="127,90,5,38,112,104,68,131,128,88,134,34,100" hai2="28,133,47,111,30,25,1,14,76,53,8,135,4" hai3="0,92,105,97,115,77,57,99,119,26,17,59,129"/><T50/><D118/><U78/><E34/><V13/><F76/><W107/><G0/><T56/><D132/><N who="2" m="50762" /><F47/><W24/><G115/><T37/><D125/><U22/><E38/><V31/><F53/><W71/><G71/><T39/><D10/><U54/><E68/><V73/><F73/><W72/><G119/><T80/><D27/><U49/><E134/><V29/><F111/><W121/><G121/><T15/><D15/><U96/><E127/><V23/><AGARI ba="0,0" hai="1,4,8,13,14,23,25,28,29,30,31" m="50762" machi="23" ten="30,4000,0" yaku="20,1,34,2" doraHai="45" who="2" fromWho="2" sc="250,-20,250,-10,250,40,250,-10" /><INIT seed="1,0,0,5,0,7" ten="230,240,290,240" oya="1" hai0="65,53,75,11,25,89,85,97,98,17,61,73,41" hai1="105,31,91,34,1,22,111,46,4,130,93,26,57" hai2="66,88,79,30,100,33,109,121,76,99,94,23,56" hai3="2,118,82,37,128,104,90,55,108,50,120,83,36"/><U116/><E116/><V51/><F121/><W114/><G104/><T71/><D41/><U13/><E105/><V58/><F33/><W135/><G120/><T103/><D53/><U72/><E72/><V0/><F0/><W81/><G114/><T131/><D131/><U106/><E106/><V123/><F123/><W21/><G118/><T70/><D71/><U113/><E113/><V84/><F109/><W67/><G108/><T6/><D97/><U12/><E111/><V86/><F51/><W117/><G117/><T127/><D127/><U129/><E46/><V122/><F122/><W124/><G2/><T54/><D54/><U80/><E80/><N who="2" m="49159" /><F86/><W59/><G124/><T110/><D110/><U32/><E32/><V95/><F95/><W14/><G128/><N who="1" m="49258" /><E57/><N who="2" m="22123" /><F66/><W47/><G67/><T101/><D73/><U20/><E34/><V3/><F3/><W63/><G37/><T16/><D75/><U28/><E91/><V68/><F68/><W77/><G36/><T29/><D101/><U87/><E93/><V45/><F45/><W8/><G90/><T42/><D103/><U35/><E87/><V115/><F115/><W10/><G47/><T133/><D85/><U27/><E35/><V9/><F9/><AGARI ba="0,0" hai="1,4,9,12,13,20,22,26,27,28,31" m="49258" machi="9" ten="30,11600,0" yaku="19,1,34,2,52,1" doraHai="7" who="1" fromWho="2" sc="230,0,240,116,290,-116,240,0" /><INIT seed="1,1,0,2,1,108" ten="230,356,174,240" oya="1" hai0="58,5,125,4,21,40,18,61,102,104,89,82,83" hai1="75,117,50,20,90,11,65,39,29,105,123,43,38" hai2="94,27,64,26,116,51,12,69,95,97,73,118,129" hai3="9,62,35,99,84,52,78,66,107,63,79,70,68"/><U81/><E105/><V130/><F73/><W87/><G35/><T10/><D125/><U17/><E123/><V32/><F51/><W3/><G3/><T15/><D40/><U109/><E117/><N who="2" m="45163" /><F12/><W120/><G120/><T77/><D104/><U80/><E65/><V135/><F32/><W127/><G127/><T7/><D102/><U0/><E29/><V13/><F13/><W28/><G28/><T42/><D42/><U126/><E126/><V49/><F49/><W6/><G6/><T36/><D36/><U96/><E109/><V19/><F19/><W45/><G9/><T131/><D77/><U121/><E121/><V30/><F30/><W76/><G70/><T37/><D37/><U14/><E50/><V44/><F44/><W119/><G119/><T88/><D131/><N who="2" m="50186" /><F135/><W86/><G45/><T55/><REACH who="0" step="1"/><D10/><REACH who="0" ten="220,356,174,240" step="2"/><N who="1" m="6359" /><E38/><V93/><F97/><W124/><G124/><T92/><D92/><U72/><E39/><V115/><F95/><W22/><G99/><T46/><D46/><U74/><E43/><V1/><F94/><W48/><G107/><T101/><D101/><U54/><E96/><V85/><F93/><W57/><G76/><T8/><D8/><U34/><E11/><V53/><F1/><W106/><G106/><T132/><D132/><U71/><E0/><V114/><F85/><W33/><G84/><T111/><D111/><U128/><E74/><V16/><F115/><W103/><G86/><T23/><D23/><U113/><E72/><V110/><F114/><W56/><G87/><T91/><AGARI ba="1,1" hai="4,5,7,15,18,21,55,58,61,82,83,88,89,91" machi="91" ten="30,7900,0" yaku="1,1,0,1,8,1,54,1,53,0" doraHai="108" doraHaiUra="31" who="0" fromWho="0" sc="220,92,356,-40,174,-21,240,-21" /><INIT seed="2,0,0,2,3,46" ten="312,316,153,219" oya="2" hai0="34,124,114,52,32,94,12,26,16,130,103,4,15" hai1="113,18,121,54,24,120,81,42,36,28,118,127,101" hai2="8,107,99,58,87,73,47,111,104,55,119,48,67" hai3="49,71,90,109,70,64,100,98,23,21,17,96,11"/><V14/><F73/><W85/><G109/><T6/><D114/><U132/><E118/><V75/><F75/><W22/><G64/><T123/><D123/><N who="1" m="47179" /><E113/><V1/><F119/><W86/><G71/><T131/><D103/><U50/><E132/><V60/><F1/><W91/><G70/><T9/><D94/><U25/><E127/><V13/><F111/><W35/><G35/><N who="0" m="13355" /><D52/><U125/><E28/><V89/><F99/><N who="3" m="37931" /><G100/><T30/><D124/><U56/><E101/><V110/><F110/><W129/><G129/><N who="0" m="49163" /><D12/><U135/><E135/><V82/><REACH who="2" step="1"/><F13/><REACH who="2" ten="312,316,143,219" step="2"/><N who="3" m="7359" /><G86/><T95/><D95/><U108/><E108/><V62/><F62/><W63/><G63/><T133/><D133/><U43/><E125/><V3/><F3/><W61/><G61/><T106/><D106/><U33/><E81/><V97/><F97/><W0/><G0/><T59/><D59/><U116/><E116/><V44/><F44/><W115/><G115/><T40/><D40/><U68/><E43/><V69/><F69/><W117/><G117/><T10/><D9/><U78/><E68/><V105/><F105/><W20/><G85/><T88/><D10/><U27/><E42/><V57/><F57/><W19/><G49/><T79/><D15/><AGARI ba="0,1" hai="15,19,20,21,22,23,90,91" m="7359,37931" machi="15" ten="30,1000,0" yaku="8,1" doraHai="46" who="3" fromWho="0" sc="312,-10,316,0,143,0,219,20" /><INIT seed="3,0,0,2,5,49" ten="302,316,143,239" oya="3" hai0="51,130,14,91,102,48,27,124,32,1,99,17,105" hai1="84,107,114,103,72,128,110,85,6,94,25,87,62" hai2="100,11,118,82,44,40,55,104,60,119,4,35,52" hai3="121,16,134,57,92,135,64,80,86,10,81,120,26"/><W108/><G92/><T131/><D1/><U47/><E114/><V36/><F35/><W96/><G96/><N who="0" m="61639" /><D124/><U53/><E72/><V9/><F9/><W13/><G26/><T0/><D0/><U5/><E107/><V89/><F100/><W34/><G34/><T29/><D91/><U67/><E110/><V66/><F104/><W42/><G42/><T30/><D30/><U20/><E128/><N who="0" m="49193" /><D99/><N who="1" m="59895" /><E67/><V126/><F126/><W68/><G108/><T111/><D111/><U115/><E115/><V45/><F45/><W79/><G68/><T46/><D46/><U37/><E37/><V12/><F118/><W75/><G64/><T132/><D132/><N who="3" m="50729" /><G57/><T76/><D76/><AGARI ba="0,0" hai="10,13,16,75,76,79,80,81,86,120,121" m="50729" machi="76" ten="30,2900,0" yaku="20,1,54,1" doraHai="49" who="3" fromWho="0" sc="302,-29,316,0,143,0,239,29" /><INIT seed="3,1,0,4,1,20" ten="273,316,143,268" oya="3" hai0="64,5,83,29,72,104,112,53,116,108,30,35,128" hai1="77,42,44,34,61,121,59,63,6,36,115,14,70" hai2="109,67,103,21,80,81,89,57,114,65,111,23,73" hai3="58,84,47,124,27,50,106,133,91,126,26,41,49"/><W134/><G106/><T105/><D116/><U68/><E34/><V119/><F119/><W113/><G113/><T130/><D108/><N who="2" m="41546" /><F114/><W101/><G101/><T37/><D112/><U12/><E77/><N who="2" m="44079" /><F103/><W15/><G15/><T97/><D37/><U118/><E118/><V45/><F45/><W120/><G120/><T9/><D64/><N who="2" m="24650" /><F57/><W100/><G100/><N who="0" m="62479" /><D53/><U75/><E75/><V79/><F89/><W60/><G58/><T78/><D105/><U33/><E59/><V131/><F131/><N who="0" m="50218" /><D35/><U82/><E33/><V51/><F51/><W87/><G60/><T40/><D40/><U129/><E42/><V7/><F7/><W54/><G54/><T28/><D28/><U11/><E6/><V88/><F88/><W107/><G107/><T32/><D32/><U17/><E129/><V19/><F19/><W92/><G50/><T2/><AGARI ba="1,0" hai="2,5,9,29,30,72,78,83" m="50218,62479" machi="2" ten="30,1100,0" yaku="19,1" doraHai="20" who="0" fromWho="0" sc="273,14,316,-4,143,-4,268,-6" /><INIT seed="4,0,0,5,3,99" ten="287,312,139,262" oya="0" hai0="38,128,18,88,95,14,134,67,130,4,39,3,111" hai1="25,55,29,122,12,15,81,89,63,58,20,113,52" hai2="22,33,31,59,53,46,61,26,0,106,90,75,84" hai3="36,77,64,80,41,85,97,65,72,92,100,35,57"/><T103/><D134/><U49/><E122/><V127/><F75/><W94/><G35/><T124/><D124/><U116/><E116/><V69/><F127/><W5/><G5/><T133/><D133/><U9/><E113/><V71/><F0/><W126/><G126/><T109/><D67/><U45/><E9/><V27/><F106/><W13/><G13/><T17/><D103/><U44/><E44/><V16/><REACH who="2" step="1"/><F46/><REACH who="2" ten="287,312,129,262" step="2"/><W7/><G72/><T66/><D3/><U93/><REACH who="1" step="1"/><E81/><AGARI ba="0,1" hai="16,22,26,27,31,33,53,59,61,69,71,81,84,90" machi="81" ten="30,7700,0" yaku="1,1,2,1,7,1,54,1,53,0" doraHai="99" doraHaiUra="121" who="2" fromWho="1" sc="287,0,312,-77,129,87,262,0" /><INIT seed="5,0,0,2,2,75" ten="287,235,216,262" oya="1" hai0="16,33,60,21,76,125,114,29,129,47,110,73,120" hai1="96,36,18,31,65,39,50,3,77,62,118,51,91" hai2="74,94,80,109,54,25,64,44,38,27,119,128,37" hai3="72,10,63,131,57,126,61,78,107,7,48,101,97"/><U20/><E118/><V83/><F119/><W2/><G126/><T11/><D110/><U71/><E3/><V9/><F109/><W95/><G131/><T4/><D129/><U86/><E31/><V42/><F128/><W124/><G124/><T34/><D125/><U106/><E36/><V28/><F38/><W135/><G135/><T26/><D114/><U24/><E39/><V79/><F64/><W113/><G113/><T134/><D134/><U23/><E23/><V70/><F70/><W127/><G127/><T19/><D120/><U6/><E6/><V58/><F9/><W68/><G68/><T85/><D73/><U12/><E24/><V35/><F27/><W104/><G48/><T121/><D47/><U132/><E132/><V99/><F83/><W59/><G61/><T49/><D49/><U46/><E77/><V0/><F0/><W5/><G5/><T116/><D121/><U55/><E51/><V66/><F66/><W1/><G1/><T103/><D60/><U45/><E45/><V133/><F133/><W100/><G59/><T40/><D26/><U105/><REACH who="1" step="1"/><E96/><REACH who="1" ten="287,225,216,262" step="2"/><V90/><REACH who="2" step="1"/><F58/><REACH who="2" ten="287,225,206,262" step="2"/><W115/><G57/><T41/><D116/><U14/><E14/><V52/><AGARI ba="0,2" hai="25,28,35,37,42,44,52,54,74,79,80,90,94,99" machi="52" ten="30,8000,1" yaku="1,1,2,1,0,1,52,1,54,1,53,0" doraHai="75" doraHaiUra="15" who="2" fromWho="2" sc="287,-20,225,-40,206,100,262,-20" /><INIT seed="6,0,0,1,2,41" ten="267,185,306,242" oya="2" hai0="69,133,127,59,34,118,26,117,38,132,37,1,101" hai1="105,80,104,43,68,89,54,76,125,53,25,102,16" hai2="61,100,33,123,64,15,130,20,12,97,7,44,114" hai3="62,72,40,2,74,46,103,60,55,17,32,51,30"/><V99/><F123/><W63/><G2/><T66/><D1/><U78/><E68/><V49/><F33/><W124/><G124/><T120/><D120/><U23/><E125/><V110/><F114/><W106/><G17/><T19/><D127/><U58/><E102/><V27/><F130/><W5/><G5/><T57/><D101/><U112/><E112/><V29/><F110/><W90/><G90/><T86/><D86/><U47/><E105/><V111/><F111/><W75/><G30/><N who="0" m="19799" /><D19/><U135/><E104/><V6/><F6/><W70/><G32/><T94/><D94/><U88/><E135/><N who="0" m="51785" /><D57/><U82/><E76/><V81/><F81/><N who="1" m="31337" /><E78/><V24/><F7/><W10/><G70/><T14/><D59/><U4/><E4/><V9/><F100/><W96/><REACH who="3" step="1"/><G10/><REACH who="3" ten="267,185,306,232" step="2"/><T65/><D69/><U92/><E89/><V48/><F9/><W50/><G50/><T83/><D37/><U109/><E109/><V3/><F3/><W28/><G28/><T84/><D38/><U52/><E58/><AGARI ba="0,1" hai="40,46,51,55,58,60,62,63,72,74,75,96,103,106" machi="58" ten="40,2600,0" yaku="1,1,52,1,53,0" doraHai="41" doraHaiUra="87" who="3" fromWho="1" sc="267,0,185,-26,306,0,232,36" /><INIT seed="7,0,0,0,2,1" ten="267,159,306,268" oya="3" hai0="13,94,88,75,73,35,115,54,14,47,79,109,52" hai1="10,114,84,104,110,67,81,19,5,56,68,36,8" hai2="55,2,86,40,18,85,83,129,95,107,102,11,97" hai3="51,121,101,127,72,43,7,71,61,44,131,117,9"/><W92/><G72/><T96/><D109/><U112/><E110/><V22/><F129/><W59/><G121/><T93/><D35/><U120/><E104/><V62/><F40/><W100/><G117/><T63/><D115/><U29/><E68/><V69/><F107/><W15/><G131/><T77/><D75/><U27/><E36/><V49/><F2/><W119/><G119/><T105/><D105/><U108/><E108/><V130/><F11/><W48/><G127/><T46/><D73/><U39/><E39/><V32/><F32/><W87/><G51/><N who="0" m="28799" /><D93/><U3/><E120/><V41/><F130/><W116/><G71/><T28/><D28/><U89/><E8/><V21/><F69/><W17/><G116/><T80/><D80/><U74/><E74/><V78/><F85/><W26/><G87/><T76/><D46/><U12/><E67/><V111/><F111/><W6/><G26/><T53/><D63/><U0/><E0/><V45/><F18/><W135/><G135/><T133/><D133/><U38/><E56/><AGARI ba="0,0" hai="21,22,41,45,49,55,56,62,78,83,86,95,97,102" machi="56" ten="40,1300,0" yaku="8,1" doraHai="1" who="2" fromWho="1" sc="267,0,159,-13,306,13,268,0" owari="267,-13.0,146,-35.0,319,41.0,268,7.0" /></mjloggm>