<mjloggm ver="2.3"><GO type="169" lobby="0"/><UN n0="%EF%BC%88%E2%89%A7%E2%96%BD%E2%89%A6%EF%BC%89" n1="%E5%A4%AA%E3%81%8F%E3%81%AA%E3%81%84%E3%81%8A" n2="%E3%83%8E%E3%83%B3%E3%83%A9%E3%82%B9%E6%89%93%E6%B3%95" n3="%E3%81%A4%E3%81%B0%E3%81%8D%E3%81%A1%30%33" dan="17,17,17,17" rate="2186.37,2185.82,2103.14,2190.82" sx="M,M,M,M"/><TAIKYOKU oya="0"/><INIT seed="0,0,0,5,5,107" ten="250,250,250,250" oya="0" hai0="111,9,53,97,75,104,11,109,82,54,39,131,34" hai1="0,119,21,100,133,29,41,62,115,45,68,91,70" hai2="5,89,125,87,19,33,126,79,50,24,3,23,48" hai3="58,18,25,114,118,80,81,95,1,123,51,135,67"/><T27/><D39/><U7/><E119/><V122/><F122/><W76/><G1/><T63/><D131/><U110/><E100/><V6/><F79/><W112/><G123/><T26/><D97/><U86/><E0/><V38/><F38/><W132/><G118/><T28/><D104/><U129/><E7/><N who="2" m="2571" /><F33/><W120/><G95/><T2/><D2/><U98/><E98/><V84/><F3/><W128/><G128/><T46/><D27/><U8/><E8/><N who="0" m="3145" /><D63/><U17/><E129/><V106/><F87/><W31/><G18/><T124/><D46/><U57/><E115/><V65/><F65/><W85/><G67/><T56/><D56/><U92/><E68/><V49/><F106/><W10/><G10/><T116/><D116/><U52/><E70/><V71/><F71/><W20/><G120/><T74/><D124/><N who="2" m="47722" /><F50/><W14/><G14/><T35/><D35/><U44/><E86/><V36/><F36/><W130/><G130/><T64/><D64/><U73/><E62/><V117/><F117/><W99/><G99/><T30/><D82/><AGARI ba="0,0" hai="19,23,24,48,49,82,84,89" m="47722,2571" machi="82" ten="30,1000,0" yaku="18,1" doraHai="107" who="2" fromWho="0" sc="250,-10,250,0,250,10,250,0" /><INIT seed="1,0,0,1,0,52" ten="240,250,260,250" oya="1" hai0="42,45,131,88,4,19,77,62,39,67,125,82,115" hai1="14,0,28,107,70,12,46,30,24,75,54,65,73" hai2="89,64,86,40,128,49,56,92,13,63,134,10,57" hai3="29,116,1,55,91,59,20,7,87,51,3,72,130"/><U121/><E121/><V21/><F128/><W69/><G130/><T96/><D115/><U48/><E0/><V84/><F134/><W105/><G72/><T123/><D131/><U133/><E107/><V93/><F21/><W113/><G69/><T58/><D4/><U102/><E102/><V35/><F35/><W94/><G113/><T17/><D123/><U112/><E112/><V33/><F33/><W26/><G116/><T132/><D125/><U66/><E133/><V90/><F40/><W104/><REACH who="3" step="1"/><G7/><REACH who="3" ten="240,250,260,240" step="2"/><T60/><D132/><U103/><E70/><V53/><F10/><W117/><G117/><T9/><D9/><U101/><E73/><V80/><F13/><W23/><G23/><T68/><D68/><U43/><E75/><V129/><F129/><W83/><G83/><AGARI ba="0,1" hai="49,53,56,57,63,64,80,83,84,86,89,90,92,93" machi="83" ten="30,8000,1" yaku="7,1,9,1,8,1,52,2" doraHai="52" who="2" fromWho="3" sc="240,0,250,0,260,90,240,-80" /><INIT seed="2,0,0,3,2,39" ten="240,250,350,160" oya="2" hai0="2,101,106,86,63,28,109,107,37,114,117,78,45" hai1="5,103,80,36,47,76,67,92,10,102,54,134,79" hai2="82,59,48,127,85,6,9,56,68,55,112,34,41" hai3="118,25,105,49,131,121,113,129,122,75,62,8,115"/><V33/><F112/><N who="3" m="43083" /><G75/><T71/><D2/><U100/><E134/><V61/><F68/><W65/><G105/><T111/><D28/><U116/><E116/><V46/><F59/><N who="3" m="37087" /><G8/><T128/><D117/><U11/><E67/><V51/><F61/><W38/><G25/><T89/><D89/><U44/><E11/><V125/><F34/><W70/><G38/><T40/><D114/><U91/><E36/><V15/><REACH who="2" step="1"/><F33/><REACH who="2" ten="240,250,340,160" step="2"/><W99/><G118/><T77/><D63/><U31/><E47/><V19/><F19/><W20/><G70/><T90/><D71/><U132/><E44/><V104/><F104/><W81/><G122/><T16/><D107/><U22/><E31/><V95/><F95/><W69/><G121/><T74/><D45/><U123/><E92/><V73/><F73/><W57/><G69/><T26/><D74/><U72/><E123/><V133/><F133/><W97/><G81/><T24/><D106/><U29/><E132/><V119/><F119/><W94/><G94/><T110/><D110/><U32/><E32/><V130/><F130/><W17/><G131/><T42/><D128/><U124/><E72/><V96/><F96/><W35/><G35/><T120/><D111/><U98/><E98/><V53/><F53/><N who="3" m="31919" /><G129/><T27/><D109/><U108/><E108/><V21/><F21/><W30/><G30/><T58/><D120/><U4/><E22/><V50/><F50/><W84/><G84/><T3/><D37/><U64/><E29/><V135/><F135/><W18/><G20/><N who="0" m="13319" /><D86/><U93/><E93/><V1/><F1/><W52/><G52/><RYUUKYOKU ba="0,1" sc="240,-15,250,-15,340,15,160,15" hai2="6,9,15,41,46,48,51,55,56,82,85,125,127" hai3="17,18,97,99" /><INIT seed="2,1,1,3,1,40" ten="225,235,355,175" oya="2" hai0="29,49,129,116,59,76,28,34,88,12,122,5,94" hai1="35,20,70,100,6,62,63,84,78,24,128,25,97" hai2="112,39,61,109,27,124,32,130,41,72,101,13,105" hai3="16,64,52,50,82,99,44,45,51,10,113,47,38"/><V91/><F112/><W46/><G113/><T53/><D122/><U4/><E128/><V66/><F72/><W37/><G64/><T19/><D129/><U110/><E110/><V123/><F130/><W118/><G118/><T18/><D116/><U54/><E35/><V127/><F123/><W85/><G99/><N who="0" m="57799" /><D34/><U71/><E78/><V132/><F109/><W69/><G69/><T131/><D76/><U43/><E43/><V21/><F132/><W55/><G37/><T121/><D121/><U81/><E81/><V17/><F91/><N who="3" m="51639" /><G38/><T75/><D75/><U98/><E84/><V58/><F105/><W87/><G87/><T111/><D111/><U92/><E92/><V23/><F101/><W26/><G26/><T56/><D131/><U114/><E114/><V8/><F32/><W115/><G115/><T120/><D120/><U89/><E89/><V2/><F2/><W33/><G33/><T126/><D59/><U117/><E117/><V14/><F14/><AGARI ba="1,1" hai="10,14,16,44,45,46,47,50,51,52,55" m="51639" machi="14" ten="30,16000,3" yaku="25,1,8,1,52,4,54,2" doraHai="40" who="3" fromWho="2" sc="225,0,235,0,355,-163,175,173" /><INIT seed="3,0,0,1,1,0" ten="225,235,192,348" oya="3" hai0="133,107,105,40,128,51,22,80,98,68,113,127,43" hai1="24,12,16,124,109,10,83,7,6,97,60,23,93" hai2="2,85,78,25,59,36,26,46,37,71,100,55,14" hai3="44,32,31,53,11,73,15,67,72,74,61,63,118"/><W70/><G118/><T56/><D68/><U41/><E109/><V28/><F71/><W48/><G63/><T9/><D113/><U20/><E124/><V120/><F2/><W122/><G122/><T94/><D127/><U76/><E41/><V35/><F120/><W102/><G102/><T132/><D128/><U57/><E83/><V77/><F100/><W42/><G42/><T1/><D80/><U17/><E76/><V18/><F25/><W58/><G31/><T117/><D117/><U65/><E10/><V34/><F34/><W4/><REACH who="3" step="1"/><G32/><REACH who="3" ten="225,235,192,338" step="2"/><T112/><D43/><U111/><E111/><V123/><F35/><W96/><G96/><T121/><D40/><U89/><AGARI ba="0,1" hai="6,7,12,16,17,20,23,24,57,60,65,89,93,97" machi="89" ten="20,12000,2" yaku="0,1,7,1,8,1,52,2,54,1" doraHai="0" who="1" fromWho="1" sc="225,-30,235,130,192,-30,338,-60" /><INIT seed="4,0,0,4,1,94" ten="195,365,162,278" oya="0" hai0="112,41,116,44,113,9,76,102,84,114,45,13,14" hai1="28,120,55,83,48,22,124,1,49,106,24,121,25" hai2="99,119,118,109,96,100,95,108,128,69,98,20,47" hai3="73,130,53,127,54,135,129,131,90,82,2,78,126"/><T134/><D116/><N who="2" m="44586" /><F69/><W42/><G42/><T0/><D134/><U27/><E1/><V66/><F66/><W16/><G2/><T92/><D0/><U5/><E106/><V38/><F128/><W15/><G90/><N who="0" m="53319" /><D76/><U88/><E5/><V67/><F67/><W110/><G110/><N who="2" m="42601" /><F20/><N who="3" m="11295" /><G135/><T56/><D102/><U18/><E124/><AGARI ba="0,0" hai="53,54,73,78,82,124,126,127,129,130,131" m="11295" machi="124" ten="40,5200,0" yaku="18,1,19,1,54,1" doraHai="94" who="3" fromWho="1" sc="195,0,365,-52,162,0,278,52" /><INIT seed="5,0,0,1,0,22" ten="195,313,162,330" oya="1" hai0="10,100,45,118,15,66,32,33,49,121,80,53,5" hai1="122,75,132,24,113,30,133,14,90,112,93,73,64" hai2="107,92,16,4,35,43,111,67,120,109,96,74,27" hai3="19,12,98,83,63,31,124,131,38,13,108,28,126"/><U41/><E122/><V129/><F120/><W99/><G38/><T8/><D118/><U105/><E105/><V81/><F107/><W106/><G108/><T21/><D100/><U1/><E1/><V119/><F119/><W9/><G83/><T50/><D66/><U77/><E41/><V123/><F123/><W127/><G131/><T110/><D110/><U47/><E47/><V71/><F129/><W46/><G46/><T2/><D121/><U117/><E64/><V37/><F4/><W3/><G3/><T7/><D80/><N who="1" m="45103" /><E14/><V26/><F37/><W11/><G63/><T87/><D87/><N who="1" m="52447" /><E75/><V88/><F43/><W104/><G127/><T29/><REACH who="0" step="1"/><D50/><REACH who="0" ten="185,313,162,330" step="2"/><U20/><E117/><V103/><F35/><W91/><G126/><T95/><D95/><U78/><E78/><V84/><F74/><W130/><G124/><T65/><D65/><U23/><E113/><V60/><REACH who="2" step="1"/><F16/><REACH who="2" ten="185,313,152,330" step="2"/><W56/><G19/><T44/><D44/><U51/><E112/><V101/><F101/><W25/><G130/><T86/><D86/><U79/><E79/><V115/><F115/><W72/><G72/><T48/><D48/><U62/><E51/><V116/><F116/><W82/><G106/><T34/><D34/><U70/><E62/><V59/><F59/><W76/><G56/><T68/><D68/><U94/><E70/><V89/><F89/><W102/><G91/><T42/><D42/><U134/><E94/><V36/><F36/><W114/><G104/><T57/><D57/><U55/><E133/><V6/><F6/><W61/><G114/><T125/><D125/><RYUUKYOKU ba="0,2" sc="185,15,313,-15,152,15,330,-15" hai0="2,5,7,8,10,15,21,29,32,33,45,49,53" hai2="26,27,60,67,71,81,84,88,92,96,103,109,111" /><INIT seed="6,1,2,0,0,55" ten="200,298,167,315" oya="2" hai0="26,85,31,101,78,32,22,48,88,67,133,117,106" hai1="12,103,27,30,134,8,102,47,84,4,125,61,2" hai2="59,0,113,72,93,19,68,81,29,58,118,121,66" hai3="18,116,21,114,108,120,92,126,15,110,132,111,135"/><V20/><F118/><W95/><G120/><T71/><D117/><U97/><E134/><N who="3" m="51242" /><G116/><T63/><D133/><U115/><E115/><V39/><F121/><W91/><G114/><T3/><D3/><U90/><E125/><V37/><F113/><W127/><G92/><T53/><D78/><U17/><E61/><V6/><F29/><W86/><AGARI ba="1,2" hai="15,18,21,86,91,95,108,110,111,126,127" m="51242" machi="86" ten="40,1500,0" yaku="20,1" doraHai="55" who="3" fromWho="3" sc="200,-5,298,-5,167,-8,315,38" /><INIT seed="7,0,0,3,2,6" ten="195,293,159,353" oya="3" hai0="119,36,37,47,21,23,31,114,33,58,9,78,19" hai1="76,40,0,12,100,1,64,32,71,59,93,73,104" hai2="80,106,129,13,22,72,57,85,82,28,88,132,117" hai3="20,121,50,55,63,18,107,14,116,56,126,17,83"/><W27/><G121/><T43/><D119/><U89/><E32/><V94/><F129/><W51/><G116/><T65/><D36/><U95/><E71/><V103/><F132/><W115/><G115/><T123/><D123/><U35/><E35/><V49/><F117/><W108/><G107/><T91/><D78/><U8/><E40/><V131/><F131/><W130/><G130/><T90/><D114/><U122/><E122/><V105/><F103/><W75/><G126/><T7/><D33/><U128/><E128/><V118/><F118/><W62/><G108/><T29/><D65/><U44/><E44/><V92/><F105/><W60/><G75/><T61/><D61/><N who="3" m="23657" /><G83/><T102/><D102/><U112/><E64/><V98/><F106/><W5/><G5/><T30/><D58/><U87/><E95/><V120/><F120/><W4/><G4/><T84/><D19/><N who="1" m="8583" /><E59/><V39/><F39/><W34/><G34/><T3/><D90/><U16/><E16/><N who="2" m="10511" /><F72/><W15/><G15/><T86/><D84/><U110/><E110/><V2/><F2/><W26/><G26/><T81/><AGARI ba="0,0" hai="3,7,9,21,23,29,30,31,37,43,47,81,86,91" machi="81" ten="30,2000,0" yaku="0,1,52,1" doraHai="6" who="0" fromWho="0" sc="195,20,293,-5,159,-5,353,-10" owari="215,-18.0,288,9.0,154,-35.0,343,44.0" /></mjloggm>