<mjloggm ver="2.3"><GO type="169" lobby="0"/><UN n0="%E6%96%B0%E6%98%9F%E3%82%AF%E3%83%AC%E3%82%AA%E3%83%91%E3%83%88%E3%83%A9" n1="%EF%BC%88%E2%89%A7%E2%96%BD%E2%89%A6%EF%BC%89" n2="%EF%BC%A0%E6%A3%AE" n3="%4D%49%40%34%32%38" dan="16,17,16,17" rate="2037.45,2147.36,2056.08,2205.18" sx="F,M,F,M"/><TAIKYOKU oya="0"/><INIT seed="0,0,0,5,2,128" ten="250,250,250,250" oya="0" hai0="43,28,15,119,50,13,79,19,59,124,71,39,81" hai1="32,44,80,129,6,104,73,121,33,107,95,60,56" hai2="0,20,16,116,77,122,111,12,115,9,75,45,131" hai3="78,123,117,49,109,27,38,68,112,24,83,64,126"/><T89/><D39/><U1/><E121/><V21/><F115/><W51/><G38/><T106/><D71/><U113/><E113/><V54/><F122/><W90/><G90/><T40/><D124/><U5/><E129/><V135/><F131/><W102/><G102/><T103/><D89/><U72/><E44/><V127/><F116/><W100/><G100/><T25/><D13/><U101/><E95/><V55/><F127/><W41/><G41/><T62/><D50/><U48/><E48/><V18/><F111/><W114/><G83/><T110/><D103/><U35/><E101/><V65/><F65/><W118/><G78/><T67/><D106/><U132/><E132/><V91/><F135/><W105/><G105/><T26/><D26/><U47/><E80/><V37/><F91/><W66/><G68/><T36/><D36/><U88/><E88/><V108/><F108/><W120/><REACH who="3" step="1"/><G126/><REACH who="3" ten="250,250,250,240" step="2"/><T86/><D110/><AGARI ba="0,1" hai="24,27,49,51,64,66,109,110,112,114,117,118,120,123" machi="110" ten="25,6400,0" yaku="1,1,2,1,22,2,53,0" doraHai="128" doraHaiUra="14" who="3" fromWho="0" sc="250,-64,250,0,250,0,240,74" /><INIT seed="1,0,0,1,0,135" ten="186,250,250,314" oya="1" hai0="129,102,33,29,24,49,92,95,38,68,7,104,65" hai1="93,89,2,5,131,108,62,56,34,52,90,124,67" hai2="13,47,64,132,122,57,106,85,88,128,14,50,53" hai3="71,114,0,30,96,133,119,107,58,115,127,27,72"/><U40/><E34/><V17/><F122/><W21/><G71/><T86/><D38/><U120/><E120/><V39/><F106/><W121/><G121/><T69/><D69/><U43/><E131/><V77/><F128/><W31/><G72/><T130/><D7/><U59/><E108/><V79/><F132/><W99/><G0/><T9/><D9/><U28/><E28/><V111/><F111/><W75/><G75/><T41/><D41/><U80/><E124/><V134/><F134/><W16/><G133/><T118/><D49/><U32/><E32/><V116/><F116/><W8/><G119/><T125/><D118/><U37/><E37/><V94/><F13/><W83/><G83/><T91/><D92/><U101/><E5/><V26/><F26/><W51/><G127/><T97/><REACH who="0" step="1"/><D125/><REACH who="0" ten="176,250,250,314" step="2"/><U54/><E43/><V123/><F123/><W76/><G51/><T84/><D84/><N who="1" m="50311" /><E40/><V55/><F39/><W42/><G42/><T3/><D3/><U100/><E2/><V11/><F64/><W117/><G117/><T15/><D15/><U23/><E67/><V63/><AGARI ba="0,1" hai="11,14,17,47,50,53,55,57,63,77,79,85,88,94" machi="63" ten="20,5200,0" yaku="0,1,7,1,8,1,54,1" doraHai="135" who="2" fromWho="2" sc="176,-13,250,-26,250,62,314,-13" /><INIT seed="2,0,0,2,4,99" ten="163,224,312,301" oya="2" hai0="41,87,84,115,30,23,135,114,124,70,46,57,75" hai1="66,72,26,17,125,7,96,108,47,65,126,43,25" hai2="2,40,15,80,48,95,76,111,128,68,78,20,131" hai3="77,12,49,64,31,63,18,82,16,42,121,53,56"/><V38/><F2/><W50/><G121/><T58/><D70/><U22/><E72/><V59/><F68/><W130/><G130/><N who="2" m="49705" /><F38/><W85/><G31/><T118/><D75/><U134/><E134/><V24/><F15/><W73/><G73/><T81/><D84/><U55/><E7/><V93/><F111/><W129/><G129/><T109/><D109/><U69/><E108/><V113/><F113/><W100/><G42/><T103/><D41/><U123/><E123/><V74/><F78/><W0/><G0/><T1/><D1/><U119/><E119/><V117/><F117/><W51/><G100/><T94/><D103/><U37/><E69/><V127/><F127/><N who="1" m="48649" /><E26/><V28/><F59/><N who="3" m="36991" /><G18/><T10/><D57/><U39/><E39/><V60/><F60/><W19/><G19/><T33/><D58/><U91/><E55/><V105/><F105/><W101/><G101/><T116/><D124/><U36/><E36/><V34/><F34/><W107/><G107/><T83/><D33/><U71/><E71/><V97/><F97/><W89/><G77/><T14/><D116/><U90/><E96/><V106/><F106/><W92/><G12/><T8/><D14/><U102/><E102/><V4/><F4/><W120/><G120/><T32/><D118/><U110/><E110/><V67/><F67/><AGARI ba="0,0" hai="17,22,25,37,43,47,65,66,67,90,91" m="48649" machi="67" ten="30,1000,0" yaku="18,1" doraHai="99" who="1" fromWho="2" sc="163,0,224,10,312,-10,301,0" /><INIT seed="3,0,0,2,1,122" ten="163,234,302,301" oya="3" hai0="25,109,110,79,24,132,5,88,28,91,128,112,14" hai1="59,54,4,7,2,0,102,62,120,85,99,21,77" hai2="121,33,96,19,69,81,127,52,40,18,66,97,106" hai3="57,86,124,27,71,51,39,73,35,37,76,34,63"/><W90/><G124/><T49/><D112/><U117/><E117/><V93/><F127/><W6/><G6/><T3/><D3/><U111/><E120/><V11/><F121/><W9/><G9/><N who="0" m="4399" /><D132/><U36/><E36/><V133/><F33/><W70/><G73/><T45/><D128/><U72/><E72/><V135/><F40/><W50/><G76/><T134/><D134/><N who="2" m="51210" /><F106/><W64/><G39/><T55/><D79/><U42/><E42/><V107/><F107/><W1/><G1/><T108/><D25/><U118/><E0/><V92/><F81/><W131/><G37/><T113/><D113/><U15/><E2/><V41/><F41/><W87/><G131/><T103/><D103/><U58/><E118/><V48/><F66/><W116/><G116/><T10/><D10/><U80/><E58/><N who="2" m="33031" /><F69/><W47/><G71/><T53/><D55/><U78/><E78/><V74/><F11/><W82/><G70/><T20/><AGARI ba="0,0" hai="20,24,28,45,49,53,88,91,108,109,110" m="4399" machi="20" ten="30,8000,1" yaku="14,1,52,3,54,1" doraHai="122" who="0" fromWho="0" sc="163,80,234,-20,302,-20,301,-40" /><INIT seed="4,0,0,0,4,5" ten="243,214,282,261" oya="0" hai0="83,92,84,99,66,10,96,106,8,94,98,65,3" hai1="11,2,121,52,25,87,71,95,15,91,75,110,135" hai2="117,90,76,70,118,79,26,24,109,18,88,128,134" hai3="14,89,36,27,102,80,60,31,97,125,23,4,126"/><T132/><D106/><U105/><E121/><V63/><F109/><W32/><G36/><T55/><D132/><U127/><E110/><V57/><F70/><W42/><G42/><T40/><D40/><U37/><E135/><V130/><F134/><W61/><G80/><T56/><D3/><U123/><E123/><V81/><F18/><N who="3" m="10711" /><G89/><N who="2" m="34409" /><F24/><W12/><G12/><T35/><D35/><U122/><E122/><V45/><F26/><W93/><G4/><T119/><D119/><N who="2" m="45578" /><F45/><W47/><G47/><T101/><D92/><U111/><E105/><V113/><F113/><W13/><G13/><T51/><D98/><U9/><E2/><V77/><F81/><W64/><G64/><AGARI ba="0,0" hai="57,63,64,76,77,79,128,130" m="45578,34409" machi="64" ten="40,2600,0" yaku="12,1,54,1" doraHai="5" who="2" fromWho="3" sc="243,0,214,0,282,26,261,-26" /><INIT seed="5,0,0,0,4,24" ten="243,214,308,235" oya="1" hai0="106,42,20,118,21,8,128,23,109,11,107,46,124" hai1="31,44,57,48,88,40,37,84,49,70,47,22,4" hai2="114,135,10,73,67,61,101,66,9,74,83,36,134" hai3="17,32,43,85,86,77,81,133,39,87,100,89,25"/><U55/><E70/><V120/><F36/><W132/><G100/><T58/><D118/><U71/><E71/><V56/><F120/><W113/><G113/><T41/><D109/><U16/><E4/><V63/><F101/><W125/><G125/><T78/><D78/><U92/><E31/><V110/><F114/><W91/><G43/><N who="0" m="16395" /><D46/><N who="1" m="25671" /><E37/><V104/><F104/><N who="0" m="39978" /><D58/><U38/><E38/><V111/><F56/><W19/><G39/><T123/><D123/><U26/><AGARI ba="0,0" hai="16,22,26,44,47,49,55,57,84,88,92" m="25671" machi="26" ten="30,6000,0" yaku="8,1,54,2" doraHai="24" who="1" fromWho="1" sc="243,-20,214,60,308,-20,235,-20" /><INIT seed="5,1,0,5,3,68" ten="223,274,288,215" oya="1" hai0="90,119,38,91,115,47,28,78,126,42,59,1,117" hai1="105,15,134,99,11,46,114,132,58,21,44,113,122" hai2="97,31,32,18,27,102,116,24,72,123,88,23,103" hai3="120,100,125,133,92,65,16,89,51,98,121,60,131"/><U34/><E34/><V130/><F123/><W84/><G131/><T19/><D1/><U73/><E73/><V54/><F116/><W45/><G133/><N who="1" m="51306" /><E21/><V0/><F0/><W63/><G125/><T13/><D28/><U55/><E99/><V29/><F72/><W109/><G109/><T87/><D78/><U127/><E105/><V37/><F130/><W80/><G16/><T2/><D2/><U56/><E122/><V118/><F118/><W62/><REACH who="3" step="1"/><G65/><REACH who="3" ten="223,274,288,205" step="2"/><T39/><D117/><U3/><E127/><V95/><F18/><W93/><G93/><T7/><D126/><U61/><E3/><V57/><REACH who="2" step="1"/><F37/><REACH who="2" ten="223,274,278,205" step="2"/><W69/><G69/><T4/><D38/><U110/><E110/><V71/><F71/><W26/><G26/><T53/><D119/><U67/><E114/><V64/><F64/><W5/><G5/><T85/><D115/><U106/><E113/><V108/><F108/><W101/><G101/><T94/><D4/><N who="1" m="3559" /><E106/><V43/><F43/><AGARI ba="1,2" hai="43,45,51,60,62,63,80,84,89,92,98,100,120,121" machi="43" ten="40,2600,0" yaku="1,1,53,1" doraHai="68" doraHaiUra="81" who="3" fromWho="2" sc="223,0,274,0,278,-29,205,49" /><INIT seed="6,0,0,0,0,30" ten="223,274,249,254" oya="2" hai0="8,114,42,57,68,50,116,78,118,10,5,15,36" hai1="74,12,35,51,117,134,97,105,29,58,92,91,73" hai2="19,53,22,14,108,88,81,66,103,95,26,109,110" hai3="132,11,98,77,28,31,61,56,133,87,9,27,93"/><V39/><F39/><W79/><G132/><T41/><D68/><U6/><E117/><N who="0" m="45161" /><D36/><U1/><E1/><V135/><F135/><W38/><G38/><T46/><D78/><N who="3" m="29705" /><G87/><T40/><D114/><U47/><E105/><V76/><F103/><N who="3" m="60879" /><G133/><T67/><D10/><N who="3" m="3593" /><G27/><T131/><D131/><U90/><E74/><N who="2" m="43159" /><F66/><AGARI ba="0,0" hai="28,31,56,61,66" m="3593,60879,29705" machi="66" ten="30,1000,0" yaku="8,1" doraHai="30" who="3" fromWho="2" sc="223,0,274,0,249,-10,254,10" /><INIT seed="7,0,0,1,2,109" ten="223,274,239,264" oya="3" hai0="134,106,66,82,119,91,52,130,38,131,104,36,50" hai1="100,35,87,94,18,99,21,44,43,59,77,15,8" hai2="53,80,34,10,132,115,27,32,30,71,57,54,68" hai3="56,89,98,114,0,120,65,45,133,26,121,116,41"/><W22/><G0/><T135/><D119/><U23/><E35/><V74/><F132/><N who="0" m="50730" /><D66/><U86/><E59/><V90/><F10/><W76/><G133/><T17/><D17/><U111/><E111/><V46/><F34/><W113/><G116/><T12/><D12/><U29/><E77/><V97/><F46/><W129/><G76/><T81/><D91/><U78/><E78/><V67/><F67/><W62/><G129/><N who="0" m="49163" /><D50/><U25/><E23/><V107/><F74/><W37/><G89/><T49/><D52/><U28/><E29/><V61/><F53/><W19/><REACH who="3" step="1"/><G98/><REACH who="3" ten="223,274,239,254" step="2"/><T88/><D49/><AGARI ba="0,1" hai="8,15,18,21,25,28,43,44,49,86,87,94,99,100" machi="49" ten="30,2000,0" yaku="7,1,8,1" doraHai="109" who="1" fromWho="0" sc="223,-20,274,30,239,0,254,0" owari="203,-30.0,304,41.0,239,-16.0,254,5.0" /></mjloggm>