<mjloggm ver="2.3"><GO type="225"/><UN n0="%E6%9C%80%E9%80%9F%E3%82%AF%E3%83%B3%E2%99%AA" n1="%E5%8D%97%E6%96%97%E3%81%AE%E3%83%AC%E3%82%A4" n2="%E3%83%9E%E3%82%A4%E3%83%8A%E3%83%BC%E5%85%8E" n3="%EF%BC%88%E2%89%A7%E2%96%BD%E2%89%A6%EF%BC%89" dan="18,17,16,16" rate="2160,2142,2124,2040" sx="F,M,M,M"/><TAIKYOKU oya="0"/><INIT seed="0,0,0,5,4,55" ten="250,250,250,250" oya="0" hai0="94,72,135,118,17,31,117,75,112,128,107,47,42" hai1="129,12,126,34,84,54,25,78,91,60,22,110,104" hai2="100,59,36,13,103,26,56,120,90,9,123,127,119" hai3="79,32,35,68,64,98,8,95,66,105,89,27,133"/><T44/><D94/><U58/><E104/><V113/><F36/><W87/><G133/><T88/><D88/><U6/><E126/><V3/><F3/><W77/><G68/><T132/><D31/><U93/><E129/><V29/><F113/><W15/><G35/><T67/><D107/><U20/><E34/><V71/><F71/><W82/><G105/><T14/><D112/><U57/><E110/><V69/><F69/><W111/><G111/><T102/><D102/><U121/><E121/><V28/><F127/><W86/><G27/><T18/><D67/><U122/><E122/><V50/><F119/><W134/><G32/><T62/><D62/><U19/><E78/><V70/><F70/><W16/><G134/><T125/><D125/><U115/><E115/><V5/><F90/><W114/><G114/><T52/><D52/><N who="1" m="33831" /><E6/><V92/><F50/><W40/><G40/><T108/><D42/><U11/><E25/><V2/><F2/><W10/><G10/><T99/><D108/><U109/><E109/><V43/><F43/><W24/><G24/><T116/><D116/><U83/><E93/><V38/><F38/><W37/><G37/><T30/><D128/><U51/><AGARI ba="0,0" hai="11,12,19,20,22,51,54,58,83,84,91" m="33831" machi="51" ten="30,7900,0" yaku="8,1,52,2,54,1" doraHai="55" who="1" fromWho="1" sc="250,-39,250,79,250,-20,250,-20" /><INIT seed="1,0,0,2,1,87" ten="211,329,230,230" oya="1" hai0="135,21,131,130,99,55,36,56,41,97,98,124,100" hai1="125,101,5,102,22,9,126,33,1,61,57,44,29" hai2="80,74,116,20,28,35,117,63,51,133,59,109,106" hai3="58,14,105,84,62,50,43,115,75,40,45,132,89"/><U15/><E33/><V127/><F106/><W78/><G105/><N who="0" m="63631" /><D135/><U7/><E44/><V0/><F133/><W16/><G132/><T120/><D124/><N who="1" m="47723" /><E5/><V12/><F0/><W13/><G115/><T91/><D120/><U19/><E29/><V122/><F122/><W60/><G75/><T113/><D113/><U134/><E134/><V82/><F127/><W54/><G78/><T64/><D36/><U103/><E102/><V69/><F69/><W68/><G13/><T67/><D41/><N who="3" m="15945" /><G68/><T129/><D129/><U8/><E8/><V85/><F35/><W6/><G6/><T123/><D131/><U37/><E37/><V38/><F38/><W32/><G32/><T88/><D130/><U86/><E86/><V118/><F74/><W27/><G27/><T104/><D123/><U92/><E92/><V108/><F85/><W128/><G128/><T17/><D104/><U83/><E83/><V76/><F82/><N who="3" m="49303" /><G58/><T110/><D56/><U26/><E26/><V66/><F59/><W24/><G24/><T42/><D21/><AGARI ba="0,0" hai="14,16,21,45,50,54,60,62" m="49303,15945" machi="21" ten="30,3900,0" yaku="8,1,52,1,54,1" doraHai="87" who="3" fromWho="0" sc="211,-39,329,0,230,0,230,39" /><INIT seed="2,0,0,4,5,64" ten="172,329,230,269" oya="2" hai0="0,41,53,135,45,117,37,32,62,111,5,19,65" hai1="28,108,21,121,84,99,103,98,33,97,91,109,20" hai2="82,69,17,49,39,35,9,129,93,132,43,66,125" hai3="133,77,27,107,89,86,126,10,14,22,122,105,38"/><V76/><F35/><W47/><G122/><T95/><D111/><N who="1" m="42571" /><E121/><V112/><F112/><W134/><G77/><T100/><D135/><N who="3" m="51721" /><G126/><T23/><D117/><U4/><E4/><V113/><F132/><W116/><G47/><T29/><D32/><U2/><E2/><V52/><F125/><W120/><G38/><T18/><D53/><U73/><E73/><V88/><F113/><W15/><G15/><T54/><D54/><U118/><E118/><V63/><F129/><W70/><G70/><T123/><D123/><U79/><E79/><V56/><F9/><W78/><G78/><T115/><D115/><U50/><E103/><V85/><F17/><N who="3" m="12751" /><G120/><T83/><D0/><U36/><E36/><V25/><F25/><W130/><G130/><T51/><D37/><U67/><E67/><V26/><F26/><W114/><G116/><T72/><D72/><U58/><E28/><V110/><F110/><W8/><G8/><T42/><D29/><U34/><E34/><V59/><F59/><W74/><G74/><T101/><D45/><U12/><E12/><V44/><F76/><W30/><G30/><T3/><D3/><U119/><E33/><V102/><F102/><W106/><G114/><T131/><D101/><U57/><E119/><V104/><F104/><W24/><G24/><N who="0" m="14455" /><D131/><U75/><E75/><V16/><F16/><N who="3" m="8279" /><G107/><T92/><D5/><U13/><E13/><V71/><F71/><W68/><G68/><T128/><D128/><U11/><E11/><V96/><F96/><W7/><G7/><T90/><D19/><U55/><E58/><V80/><AGARI ba="0,0" hai="39,43,44,49,52,56,63,66,69,80,82,85,88,93" machi="80" ten="30,18000,2" yaku="5,1,0,1,24,2,52,1,54,2" doraHai="64" who="2" fromWho="2" sc="172,-60,329,-60,230,180,269,-60" /><INIT seed="2,1,0,2,0,17" ten="112,269,410,209" oya="2" hai0="131,15,106,60,49,25,30,67,29,93,48,116,27" hai1="23,51,50,121,46,47,135,77,89,61,97,119,99" hai2="31,20,132,84,75,71,26,82,73,35,53,122,24" hai3="87,128,32,83,34,110,4,36,85,115,64,16,59"/><V114/><F71/><W7/><G36/><T41/><D106/><U42/><E119/><V11/><F122/><W58/><G115/><T45/><D116/><U68/><E77/><V120/><F114/><W102/><G128/><T76/><D131/><U95/><E121/><V0/><F120/><W90/><G102/><T79/><D15/><U105/><E135/><V111/><F111/><W103/><G103/><T54/><D93/><U130/><E130/><V39/><F39/><W118/><G118/><T134/><D134/><U91/><E105/><V37/><F37/><W96/><G96/><T8/><D8/><U72/><E72/><V43/><F43/><W55/><G110/><T109/><D109/><U124/><E124/><V69/><F69/><W100/><G100/><T57/><D27/><U10/><E10/><V112/><F112/><W2/><G2/><T56/><REACH who="0" step="1"/><D30/><REACH who="0" ten="102,269,410,209" step="2"/><U92/><E95/><V33/><F31/><W70/><G4/><T18/><D18/><U52/><E92/><V19/><F19/><W117/><G7/><T66/><D66/><U126/><E126/><V21/><F11/><W6/><G6/><T129/><D129/><U13/><E13/><V133/><F24/><W88/><G117/><T1/><D1/><U78/><E99/><V113/><F26/><W104/><G16/><T94/><D94/><U28/><E97/><V22/><F0/><W44/><G104/><T14/><D14/><U40/><E28/><V12/><F132/><W107/><G107/><T74/><D74/><U80/><E80/><V101/><F133/><W65/><G83/><RYUUKYOKU ba="1,1" sc="102,30,269,-10,410,-10,209,-10" hai0="25,29,41,45,48,49,54,56,57,60,67,76,79" /><INIT seed="3,2,1,3,2,26" ten="132,259,400,199" oya="3" hai0="45,39,80,110,84,2,31,71,53,62,49,128,22" hai1="126,115,58,130,65,3,67,73,87,55,8,131,0" hai2="38,105,36,32,42,63,97,129,28,101,27,119,23" hai3="43,74,54,83,14,13,37,103,122,94,57,61,134"/><W98/><G122/><T92/><D110/><U113/><E73/><V17/><F119/><W15/><G134/><T93/><D128/><N who="1" m="49195" /><E126/><V20/><F129/><W85/><G74/><T77/><D2/><N who="1" m="555" /><E8/><V100/><F100/><W29/><G37/><T109/><D109/><U99/><E87/><V25/><F63/><W79/><G43/><T16/><D39/><U81/><E81/><V90/><F32/><W111/><G111/><T72/><D72/><U35/><E35/><V4/><F4/><W34/><G34/><T76/><D76/><U96/><E67/><V120/><F120/><W12/><G12/><T47/><D47/><U9/><E65/><V78/><F78/><W50/><G50/><T11/><D62/><N who="1" m="36191" /><E9/><V124/><F124/><W30/><AGARI ba="2,1" hai="13,14,15,29,30,54,57,61,79,83,85,94,98,103" machi="30" ten="30,11700,0" yaku="0,1,8,1,52,2" doraHai="26" who="3" fromWho="3" sc="132,-41,259,-41,400,-41,199,133" /><INIT seed="3,3,0,1,5,96" ten="91,218,359,332" oya="3" hai0="77,76,3,47,12,68,21,26,88,65,118,39,62" hai1="106,56,130,51,32,102,84,2,52,112,61,35,13" hai2="33,78,129,93,53,28,16,117,122,4,92,90,100" hai3="8,23,25,131,59,54,134,15,89,70,67,98,80"/><W7/><G134/><T91/><D118/><U69/><E2/><V126/><F117/><W27/><G131/><T6/><D3/><U31/><E112/><V114/><F114/><W34/><G34/><T19/><D39/><U18/><E130/><V120/><F126/><W66/><G70/><T60/><D47/><U111/><E111/><V40/><F129/><W36/><G36/><T10/><D62/><U58/><E69/><V43/><F78/><W124/><G124/><T46/><D46/><U95/><E106/><V30/><F4/><W20/><G20/><T75/><D75/><U132/><E31/><N who="2" m="11819" /><F33/><W109/><G109/><T135/><D135/><U41/><E41/><N who="2" m="15947" /><F53/><W74/><G74/><T37/><D37/><U38/><E38/><V79/><F79/><W99/><G99/><T86/><REACH who="0" step="1"/><D91/><REACH who="0" ten="81,218,359,332" step="2"/><U49/><E61/><V87/><F120/><W48/><G89/><T57/><D57/><U123/><E58/><V85/><F122/><W42/><G59/><T14/><D14/><U0/><E13/><V127/><F127/><W97/><G15/><T105/><D105/><U9/><E56/><V119/><F119/><W108/><G66/><T29/><D29/><U116/><E0/><V133/><F133/><W44/><G67/><T94/><D94/><U115/><E95/><V81/><F92/><W63/><G42/><T22/><D22/><U125/><E132/><V110/><F93/><W17/><G23/><T101/><D101/><U113/><E125/><V64/><F64/><W50/><G63/><T121/><D121/><U71/><E123/><V73/><F73/><RYUUKYOKU ba="3,1" sc="81,30,218,-10,359,-10,332,-10" hai0="6,10,12,19,21,26,60,65,68,76,77,86,88" owari="111,-39.0,208,-19.0,359,46.0,322,12.0" /></mjloggm>