<mjloggm ver="2.3"><GO type="41"/><UN n0="%E3%82%A6%E3%83%AB%E3%83%88%E3%83%A9%E7%AB%8B%E7%9B%B4" n1="%E3%81%82%E3%82%8A%E2%98%86" n2="%47%41%52%4F%49%49%49%49" n3="%E7%8C%AB%E5%B0%82%E7%94%A8%E3%82%8F%E3%81%B5%E3%83%BC%EF%BC%9E%EF%BC%9C" dan="15,13,14,14" rate="2031,1854,1827,1974" sx="M,M,M,M"/><TAIKYOKU oya="0"/><INIT seed="0,0,0,5,0,18" ten="250,250,250,250" oya="0" hai0="101,90,31,60,21,109,133,127,99,2,78,86,13" hai1="121,97,43,66,130,96,23,37,112,1,41,113,16" hai2="91,135,76,33,81,8,45,3,88,11,65,50,118" hai3="9,73,26,44,104,79,68,58,70,119,27,53,75"/><T35/><D2/><U105/><E1/><V122/><F33/><W85/><G119/><T46/><D127/><U15/><E121/><V62/><F122/><W12/><G104/><T126/><D126/><U6/><E6/><V100/><F118/><W106/><G106/><T87/><D133/><U25/><E130/><V110/><F135/><W14/><G44/><T103/><D109/><U40/><E105/><V0/><F110/><W56/><G85/><T94/><D35/><U51/><E37/><V5/><F100/><N who="0" m="38474" /><D78/><U55/><E66/><V107/><F107/><W7/><G9/><T114/><D114/><N who="1" m="44139" /><E25/><V95/><F95/><W115/><G53/><T29/><D60/><U59/><AGARI ba="0,0" hai="15,16,23,40,41,43,51,55,59,96,97" m="44139" machi="59" ten="30,4000,0" yaku="11,1,52,1,54,1" doraHai="18" who="1" fromWho="1" sc="250,-20,250,40,250,-10,250,-10" /><INIT seed="1,0,0,4,2,49" ten="230,290,240,240" oya="1" hai0="115,100,58,89,107,33,119,20,104,52,97,30,56" hai1="43,19,64,3,29,83,133,129,22,130,125,93,106" hai2="69,18,12,85,41,114,65,5,109,96,113,14,40" hai3="66,17,61,1,108,111,128,78,101,126,59,73,84"/><U63/><E106/><V77/><F65/><W112/><G112/><T4/><D33/><U82/><E3/><V26/><F69/><W53/><G1/><T72/><D72/><U23/><E133/><V37/><F37/><W131/><G73/><T71/><D71/><U88/><E125/><V116/><F116/><W74/><G74/><T124/><D119/><U121/><E43/><V25/><F109/><N who="3" m="42059" /><G126/><T9/><D115/><N who="2" m="44042" /><F96/><W55/><G101/><T31/><D107/><U76/><E121/><V32/><F77/><W123/><G123/><T62/><D124/><U28/><E22/><N who="2" m="13527" /><F85/><W122/><G122/><T10/><D10/><U54/><E64/><V110/><F110/><W39/><G39/><T127/><D127/><U7/><E7/><V24/><F41/><W135/><G135/><T67/><D20/><U105/><E105/><V57/><F40/><W70/><G17/><T48/><REACH who="0" step="1"/><D89/><REACH who="0" ten="220,290,240,240" step="2"/><U134/><E134/><V90/><F90/><W60/><G70/><T36/><D36/><U75/><E83/><V103/><F103/><W21/><G21/><T86/><D86/><U27/><E29/><V94/><F32/><W50/><G84/><T80/><D80/><U45/><E28/><V11/><F94/><W0/><G78/><T8/><D8/><U98/><E45/><V46/><F46/><N who="3" m="27863" /><G131/><T120/><D120/><U95/><E95/><V16/><F57/><AGARI ba="0,1" hai="19,23,27,54,57,63,75,76,82,88,93,98,129,130" machi="57" ten="40,12000,1" yaku="25,2,52,1,54,1" doraHai="49" who="1" fromWho="2" sc="220,0,290,130,240,-120,240,0" /><INIT seed="1,1,0,5,4,62" ten="220,420,120,240" oya="1" hai0="90,59,5,135,116,102,134,78,54,107,77,87,53" hai1="20,93,36,108,131,74,71,44,35,14,115,13,127" hai2="26,8,22,110,120,73,112,88,29,86,47,66,56" hai3="65,91,85,82,80,19,42,33,83,98,63,104,124"/><U69/><E115/><V60/><F73/><W7/><G33/><T114/><D114/><U39/><E35/><V25/><F112/><W72/><G7/><T97/><D5/><U30/><E74/><V45/><F120/><W32/><G32/><T9/><D9/><U38/><E131/><V122/><F110/><W31/><G31/><T79/><D116/><U17/><E30/><V128/><F122/><W68/><G124/><T130/><D130/><U119/><E127/><V132/><F128/><W41/><G72/><T50/><D54/><U49/><E93/><V105/><F105/><W15/><G104/><T125/><D125/><U40/><E119/><V99/><F132/><W28/><G28/><T34/><D34/><U123/><E123/><V37/><F37/><W121/><G121/><T11/><D11/><U24/><REACH who="1" step="1"/><E108/><REACH who="1" ten="220,410,120,240" step="2"/><V52/><F8/><W89/><G83/><T2/><D2/><U27/><E27/><V43/><F26/><W81/><G81/><T126/><D126/><U1/><E1/><V101/><F29/><W64/><G82/><T133/><D78/><U118/><BYE who="0" /><E118/><V48/><F25/><W129/><G80/><T76/><D76/><U4/><E4/><V16/><F43/><W94/><G129/><T55/><D55/><U113/><E113/><V70/><F22/><W84/><G42/><T51/><D51/><U100/><E100/><V103/><F103/><W18/><G41/><T21/><D21/><U96/><E96/><V46/><F99/><W58/><G98/><T67/><D67/><U3/><E3/><V92/><F101/><RYUUKYOKU ba="1,1" sc="220,10,410,10,120,10,240,-30" hai0="50,53,59,77,79,87,90,97,102,107,133,134,135" hai1="13,14,17,20,24,36,38,39,40,44,49,69,71" hai2="16,45,46,47,48,52,56,60,66,70,86,88,92" /><UN n0="%E3%82%A6%E3%83%AB%E3%83%88%E3%83%A9%E7%AB%8B%E7%9B%B4" /><INIT seed="1,2,1,3,4,45" ten="230,420,130,210" oya="1" hai0="6,113,55,65,28,125,94,95,40,54,52,80,25" hai1="7,30,79,60,61,134,114,123,129,48,69,42,10" hai2="27,63,121,39,68,131,106,89,53,92,108,81,57" hai3="101,56,75,49,58,135,66,22,32,105,115,18,64"/><U119/><E123/><V2/><F39/><W51/><G115/><T43/><D113/><U98/><E119/><V50/><F106/><W122/><G32/><T1/><D125/><U38/><E114/><V44/><F121/><W47/><G75/><T83/><D65/><N who="3" m="25193" /><G122/><T78/><D6/><U90/><E69/><V93/><F2/><W112/><G105/><T127/><D1/><U17/><E134/><V109/><F68/><W26/><G112/><T107/><D107/><U117/><E38/><V23/><F131/><W20/><G135/><T41/><D127/><U100/><E117/><V73/><F109/><W126/><G101/><T8/><D8/><U110/><E129/><V124/><F124/><W130/><G130/><T11/><D11/><U76/><E30/><V97/><F108/><W72/><G72/><T103/><D103/><U36/><E36/><V102/><F73/><W99/><G99/><T37/><D37/><U120/><E120/><V84/><F81/><W24/><G126/><T19/><D19/><U3/><E17/><V62/><REACH who="2" step="1"/><F44/><REACH who="2" ten="230,420,120,210" step="2"/><W133/><G133/><T31/><D83/><U86/><E110/><V128/><F128/><W70/><G70/><T71/><D71/><U21/><E76/><V85/><F85/><W29/><G47/><T87/><D25/><U0/><E79/><V116/><F116/><W4/><G4/><T111/><D111/><U33/><E0/><V132/><F132/><W67/><G58/><T12/><D12/><U91/><E3/><V46/><F46/><W104/><G104/><T34/><D34/><U16/><E33/><RYUUKYOKU ba="2,2" sc="230,10,420,-30,120,10,210,10" hai0="28,31,40,41,43,52,54,55,78,80,87,94,95" hai2="23,27,50,53,57,62,63,84,89,92,93,97,102" hai3="18,20,22,24,26,29,49,51,56,67" /><INIT seed="2,3,2,5,4,33" ten="240,390,130,220" oya="2" hai0="68,18,53,38,10,79,109,70,47,106,132,122,45" hai1="126,2,50,74,62,133,84,27,118,51,113,56,35" hai2="88,23,13,0,17,108,83,15,34,8,55,14,89" hai3="16,37,22,105,25,4,94,104,87,75,114,42,123"/><V119/><BYE who="0" /><F119/><W52/><G75/><T61/><D61/><U39/><E74/><V5/><F34/><W96/><G123/><T64/><D64/><U26/><E118/><V91/><F108/><W11/><G114/><T95/><D95/><U3/><E39/><V124/><F124/><W78/><G37/><T6/><D6/><U41/><E113/><V86/><REACH who="2" step="1"/><F55/><REACH who="2" ten="240,390,120,220" step="2"/><W116/><G52/><T60/><D60/><U125/><E35/><V44/><F44/><W28/><G116/><T65/><D65/><U127/><E133/><V129/><F129/><W98/><G42/><T67/><D67/><N who="1" m="39367" /><E41/><V100/><F100/><W85/><G105/><T72/><D72/><U29/><E84/><V130/><F130/><W32/><G104/><T134/><D134/><U93/><E93/><V71/><F71/><W80/><G32/><T20/><D20/><N who="1" m="15559" /><E27/><AGARI ba="3,3" hai="0,5,8,13,14,15,17,23,27,83,86,88,89,91" machi="27" ten="40,7700,0" yaku="1,1,52,1,54,1,53,0" doraHai="33" doraHaiUra="49" who="2" fromWho="1" sc="240,0,390,-86,120,116,220,0" /><INIT seed="2,4,0,2,3,18" ten="240,304,236,220" oya="2" hai0="56,67,73,76,47,79,49,134,133,44,8,17,53" hai1="101,94,113,1,103,81,20,125,13,96,42,22,108" hai2="34,54,50,90,119,23,102,11,58,61,131,31,59" hai3="93,57,35,70,110,25,128,77,126,51,0,14,48"/><V91/><F119/><W98/><G0/><T116/><D116/><U29/><E113/><V26/><F131/><W63/><G70/><T46/><D46/><U118/><E1/><V99/><F11/><W100/><G77/><T84/><D84/><U117/><E125/><V21/><F91/><W3/><G126/><T12/><D12/><U69/><E69/><V5/><F5/><W122/><G3/><T33/><D33/><U95/><E108/><V97/><F90/><W85/><G122/><T62/><D62/><U75/><E75/><UN n0="%E3%82%A6%E3%83%AB%E3%83%88%E3%83%A9%E7%AB%8B%E7%9B%B4" /><V89/><F89/><W92/><G110/><T107/><D107/><U38/><E81/><V74/><F74/><W45/><G128/><T127/><D127/><U86/><E86/><V71/><F71/><W121/><G121/><T88/><D67/><U37/><E42/><V16/><F102/><W109/><G109/><T105/><D105/><U64/><E64/><V104/><F34/><W4/><G85/><T129/><D88/><U124/><E124/><V72/><F72/><W24/><G35/><T30/><D30/><U132/><E29/><V106/><F106/><W83/><G83/><N who="0" m="45455" /><D79/><U19/><E13/><N who="2" m="9359" /><F104/><W66/><G93/><T15/><D129/><U2/><E2/><V65/><AGARI ba="4,0" hai="23,26,31,50,54,58,59,61,65,97,99" m="9359" machi="65" ten="30,11700,0" yaku="8,1,52,2,54,1" doraHai="18" who="2" fromWho="2" sc="240,-43,304,-43,236,129,220,-43" /><INIT seed="2,5,0,0,5,24" ten="197,261,365,177" oya="2" hai0="128,118,26,67,72,60,58,127,44,27,95,100,94" hai1="92,129,125,56,131,120,68,84,36,54,28,116,75" hai2="107,110,86,59,122,83,71,33,73,90,63,96,19" hai3="62,126,53,16,15,49,98,134,102,46,133,101,41"/><V114/><F122/><W10/><G126/><T25/><D72/><U91/><E116/><V117/><F33/><W88/><G62/><T76/><D118/><U61/><E75/><V64/><F117/><W78/><G78/><T4/><D127/><U112/><E36/><V104/><F114/><W105/><G101/><T50/><D128/><U5/><E125/><V65/><F65/><W103/><G103/><T52/><D76/><U74/><E74/><V70/><F110/><W1/><G1/><T124/><D124/><U132/><E132/><V109/><F109/><W99/><REACH who="3" step="1"/><G41/><REACH who="3" ten="197,261,365,167" step="2"/><T39/><D100/><U2/><E2/><V22/><F63/><W130/><G130/><T80/><D80/><U119/><E131/><V115/><F83/><W85/><G85/><T89/><D89/><U42/><E129/><V17/><F90/><W108/><G108/><T81/><D81/><U9/><E112/><V66/><F86/><W47/><G47/><T87/><D87/><U21/><E120/><V45/><F45/><W113/><G113/><T31/><D95/><AGARI ba="5,1" hai="10,15,16,46,49,53,88,95,98,99,102,105,133,134" machi="95" ten="40,5200,0" yaku="1,1,54,2,53,0" doraHai="24" doraHaiUra="77" who="3" fromWho="0" sc="197,-67,261,0,365,0,167,77" /><INIT seed="3,0,0,1,3,106" ten="130,261,365,244" oya="3" hai0="111,107,2,20,62,30,119,10,50,132,56,38,87" hai1="77,96,86,47,129,0,74,82,102,18,12,95,4" hai2="81,43,83,60,31,113,19,67,29,11,33,44,115" hai3="41,133,37,120,68,116,42,98,25,78,27,46,117"/><W26/><G120/><T108/><D107/><U57/><E129/><V23/><F31/><W99/><G68/><T52/><D38/><U127/><E127/><V21/><F33/><W22/><G78/><T90/><D119/><U88/><E57/><V121/><F121/><W130/><G130/><T51/><D132/><U105/><E47/><V91/><F113/><W65/><G65/><T32/><D32/><U55/><E55/><V118/><F118/><W73/><G22/><T6/><D20/><U92/><E4/><V58/><F115/><W8/><G8/><T89/><D30/><U104/><E0/><V36/><F11/><AGARI ba="0,0" hai="11,12,18,74,77,82,86,88,92,95,96,102,104,105" machi="11" ten="30,3900,0" yaku="7,1,52,1,54,1" doraHai="106" who="1" fromWho="2" sc="130,0,261,39,365,-39,244,0" /><INIT seed="4,0,0,2,5,97" ten="130,300,326,244" oya="0" hai0="118,131,35,80,126,55,101,96,79,53,102,91,93" hai1="46,51,25,88,58,17,75,10,104,78,47,76,4" hai2="56,74,110,15,77,20,27,33,70,9,38,6,14" hai3="64,45,83,52,22,5,43,114,129,16,135,115,127"/><T26/><D118/><U71/><E104/><V54/><F38/><W113/><G64/><T59/><D126/><U18/><E71/><V109/><F70/><W13/><G127/><T134/><D131/><U116/><E75/><V128/><F128/><W73/><G135/><T39/><D39/><U106/><E106/><V92/><F33/><W12/><G129/><T48/><D134/><U86/><E116/><V85/><F74/><W31/><G31/><T123/><D123/><U3/><E58/><V119/><F15/><N who="3" m="9503" /><G5/><T90/><D90/><U42/><E47/><V98/><F119/><W117/><G117/><T34/><D55/><U67/><E67/><V32/><F85/><W62/><G43/><T108/><D108/><U99/><E99/><V84/><F84/><W2/><G2/><T103/><REACH who="0" step="1"/><D26/><REACH who="0" ten="120,300,326,244" step="2"/><U68/><E25/><V95/><F109/><W72/><G115/><T28/><D28/><U23/><E23/><V1/><F27/><W37/><G52/><T24/><D24/><U125/><E125/><V63/><F20/><W133/><G37/><T30/><D30/><U60/><E76/><V21/><F77/><W107/><G133/><T111/><D111/><U89/><E78/><V94/><F21/><W124/><G124/><T40/><D40/><U120/><E120/><V7/><F54/><W19/><G114/><T112/><D112/><U66/><E89/><V57/><F110/><W0/><G113/><T50/><D50/><U130/><REACH who="1" step="1"/><E130/><REACH who="1" ten="120,290,326,244" step="2"/><V105/><F32/><W87/><G72/><AGARI ba="0,2" hai="34,35,48,53,59,72,79,80,91,93,96,101,102,103" machi="72" ten="40,12000,1" yaku="1,1,52,3,53,1" doraHai="97" doraHaiUra="44" who="0" fromWho="3" sc="120,140,290,0,326,0,244,-120" /><INIT seed="4,1,0,5,5,35" ten="260,290,326,124" oya="0" hai0="102,126,25,29,73,87,82,109,59,91,0,69,27" hai1="50,93,40,61,34,21,33,46,9,68,125,128,78" hai2="77,6,66,133,67,60,119,122,79,53,86,127,20" hai3="49,57,108,124,42,28,62,89,70,103,95,75,74"/><T44/><D69/><U110/><E110/><V83/><F122/><W18/><G108/><T131/><D109/><U23/><E128/><V47/><F119/><W31/><G103/><T129/><D126/><U81/><E125/><V84/><F127/><W38/><G124/><T24/><D73/><U123/><E123/><V8/><F133/><W107/><G107/><T4/><D102/><U111/><E111/><V22/><F79/><W112/><G112/><T114/><D114/><U80/><E34/><V3/><F86/><W116/><G116/><T7/><D29/><U36/><E33/><V101/><F101/><W134/><G134/><T14/><D44/><U58/><E93/><V10/><F10/><W118/><G118/><T30/><D30/><U64/><E81/><V97/><F97/><W16/><G38/><T2/><D59/><U19/><E19/><N who="3" m="7210" /><G70/><T94/><D82/><U41/><E9/><V1/><F67/><N who="3" m="39375" /><G75/><T99/><D99/><U39/><E41/><V106/><F106/><W37/><G37/><T117/><D117/><U105/><E105/><V32/><F32/><W72/><G74/><T115/><D115/><U65/><E65/><V12/><F22/><W55/><G42/><T120/><D120/><U51/><E51/><V98/><F20/><W11/><G11/><N who="0" m="4455" /><D7/><U26/><E26/><N who="0" m="6657" /><T48/><DORA hai="104" /><D48/><U43/><E43/><V45/><F98/><N who="3" m="57711" /><G72/><T90/><D90/><U132/><E132/><V96/><F96/><W52/><G49/><T88/><D91/><U63/><E39/><V113/><F113/><W56/><G56/><T121/><D121/><RYUUKYOKU ba="1,0" sc="260,15,290,-15,326,-15,124,15" hai0="0,2,87,88,94,129,131" hai3="28,31,52,55" /><INIT seed="4,2,0,1,1,74" ten="275,275,311,139" oya="0" hai0="35,66,128,125,62,23,90,117,124,114,18,65,94" hai1="33,20,109,31,82,4,14,130,36,107,42,7,44" hai2="97,63,133,58,103,22,56,37,6,21,122,134,70" hai3="118,89,52,101,132,1,106,96,45,99,75,88,47"/><T83/><D35/><U76/><E109/><V53/><F37/><W129/><G118/><T57/><D117/><U108/><E108/><V87/><F70/><W50/><G1/><T102/><D128/><U105/><E130/><V100/><F6/><W81/><G132/><N who="2" m="50793" /><F122/><W80/><G129/><T86/><D114/><U39/><E39/><V113/><F113/><W92/><G47/><T116/><D116/><U131/><E20/><V120/><F120/><W24/><G24/><T28/><D66/><U127/><E127/><V48/><F87/><W72/><REACH who="3" step="1"/><G89/><REACH who="3" ten="275,275,311,129" step="2"/><T84/><D124/><U41/><E131/><V19/><F103/><W77/><G77/><N who="0" m="46191" /><D125/><U30/><E30/><V17/><F100/><W69/><G69/><T104/><D102/><U98/><E14/><V67/><F97/><W8/><G8/><T9/><D104/><U71/><E71/><V3/><F3/><W64/><G64/><T135/><D135/><U79/><E31/><V85/><F19/><W15/><G15/><N who="0" m="9695" /><D28/><U59/><E98/><V16/><F17/><W95/><G95/><T11/><AGARI ba="2,1" hai="9,11,57,62,65,86,90,94" m="9695,46191" machi="11" ten="30,3000,0" yaku="8,1,52,1" doraHai="74" who="0" fromWho="0" sc="275,46,275,-12,311,-12,129,-12" /><INIT seed="4,3,0,1,2,62" ten="321,263,299,117" oya="0" hai0="86,39,87,24,22,4,44,112,16,1,12,129,31" hai1="128,124,72,52,59,73,9,66,103,120,78,133,122" hai2="49,89,77,117,48,41,8,56,74,20,40,25,119" hai3="13,29,36,54,94,18,80,6,46,134,99,95,123"/><T106/><D106/><U76/><E133/><V107/><F107/><W35/><G6/><T92/><D129/><U104/><E128/><V60/><F74/><W26/><G134/><T126/><D126/><U70/><E124/><V100/><F77/><W91/><G123/><T132/><D132/><U93/><E9/><V84/><F100/><W42/><G54/><T23/><D112/><U118/><E118/><N who="2" m="45067" /><F8/><W108/><G108/><T33/><D23/><U114/><E114/><V57/><F41/><W102/><G80/><T32/><D32/><U131/><E131/><V67/><F40/><W135/><G135/><T65/><D92/><U0/><E0/><V105/><F56/><W30/><G30/><T5/><D5/><U110/><E110/><V98/><F98/><W55/><G55/><T83/><D83/><U50/><E104/><V15/><F15/><W53/><G53/><T34/><D34/><U3/><E3/><V10/><F10/><W2/><G2/><T37/><D86/><U69/><E69/><V61/><F105/><W96/><G13/><T38/><D87/><U90/><E103/><V58/><F84/><W17/><AGARI ba="3,0" hai="17,18,26,29,35,36,42,46,91,94,95,96,99,102" machi="17" ten="30,1100,0" yaku="0,1" doraHai="62" who="3" fromWho="3" sc="321,-8,263,-6,299,-6,117,20" /><INIT seed="5,0,0,3,3,113" ten="313,257,293,137" oya="1" hai0="86,91,135,20,34,126,114,77,64,98,133,128,82" hai1="130,54,121,60,45,132,21,75,31,2,19,88,25" hai2="110,93,61,3,9,35,39,134,71,30,109,118,1" hai3="100,78,18,67,116,22,89,96,105,117,129,102,41"/><U68/><E121/><V43/><F134/><N who="0" m="51210" /><D34/><U115/><E75/><V57/><F71/><W112/><G112/><T50/><D114/><U95/><E115/><V122/><F122/><W49/><G129/><T8/><D128/><U51/><E2/><V52/><F39/><W72/><G67/><T46/><D126/><U6/><E6/><V38/><F38/><W94/><G72/><T106/><D8/><U40/><E130/><V59/><F43/><W69/><G69/><T32/><D32/><U83/><E83/><V33/><F33/><W131/><G78/><T99/><D106/><U56/><E68/><V4/><F1/><W79/><G79/><T108/><D108/><U80/><E80/><V65/><F30/><W119/><G131/><T127/><D127/><U62/><E132/><V76/><F35/><W63/><G63/><T92/><D20/><U14/><E62/><V7/><F7/><W70/><G70/><T37/><D37/><U17/><E14/><V23/><F76/><W120/><G120/><T16/><D16/><U0/><E0/><V36/><F36/><W125/><G125/><T58/><D58/><U12/><E12/><V15/><F93/><W124/><G124/><T11/><D64/><U101/><E101/><V103/><F103/><W29/><G29/><T111/><D111/><U85/><AGARI ba="0,0" hai="17,19,21,25,31,40,45,51,54,56,60,85,88,95" machi="85" ten="20,7800,0" yaku="0,1,7,1,8,1,54,1" doraHai="113" who="1" fromWho="1" sc="313,-26,257,78,293,-26,137,-26" /><INIT seed="5,1,0,2,5,5" ten="287,335,267,111" oya="1" hai0="85,102,129,15,112,91,65,74,39,87,52,14,121" hai1="29,110,123,31,95,51,101,90,97,133,134,62,126" hai2="37,115,119,89,77,92,10,118,8,28,40,41,27" hai3="71,21,47,35,22,81,24,67,73,56,54,125,66"/><U60/><E123/><V18/><F77/><W82/><G125/><T114/><D74/><U124/><E51/><V55/><F37/><W9/><G35/><T69/><D39/><U86/><E110/><V38/><F38/><W58/><G71/><T80/><D121/><U135/><E31/><V57/><F115/><N who="0" m="44074" /><D129/><U103/><E29/><V36/><F36/><W72/><G47/><T79/><D102/><N who="1" m="38923" /><E62/><N who="2" m="36159" /><F28/><W76/><G54/><T42/><D42/><N who="2" m="16490" /><F119/><W13/><G13/><T128/><D128/><U120/><E60/><V19/><F118/><W88/><G24/><T46/><D65/><U34/><E34/><V53/><F53/><W1/><G1/><T7/><D69/><U30/><E30/><V68/><F68/><W132/><G132/><N who="1" m="33794" /><U63/><DORA hai="59" /><E63/><V109/><F109/><W127/><G127/><N who="1" m="48682" /><E120/><V78/><F78/><W17/><G76/><T0/><D52/><U98/><AGARI ba="1,0" hai="86,90,95,97,98" m="48682,33794,38923" machi="98" ten="50,12000,1" yaku="20,1,18,1,34,2" doraHai="5,59" who="1" fromWho="1" sc="287,-41,335,123,267,-41,111,-41" /><INIT seed="5,2,0,0,1,95" ten="246,458,226,70" oya="1" hai0="5,76,91,128,104,6,120,117,130,9,129,97,105" hai1="20,48,25,39,13,44,50,92,100,56,125,94,72" hai2="73,8,68,65,88,26,108,107,42,80,123,79,22" hai3="23,3,102,110,109,83,112,122,31,74,47,45,131"/><U82/><E125/><V52/><F107/><W126/><G122/><T75/><D117/><U27/><E39/><V87/><F123/><W116/><G116/><T0/><D120/><U41/><E72/><V16/><F108/><W19/><G31/><T58/><D58/><U24/><E82/><V53/><F42/><W2/><G126/><T7/><D91/><U54/><E100/><V17/><F65/><W90/><G112/><T93/><D93/><U118/><E118/><V30/><F68/><W81/><G131/><T135/><D135/><U63/><E63/><V37/><F37/><W34/><G34/><T85/><D85/><U40/><E40/><V111/><F111/><W57/><G57/><T18/><D18/><AGARI ba="2,0" hai="13,18,20,24,25,27,41,44,48,50,54,56,92,94" machi="18" ten="40,2000,0" yaku="8,1" doraHai="95" who="1" fromWho="0" sc="246,-26,458,26,226,0,70,0" /><INIT seed="5,3,0,2,2,127" ten="220,484,226,70" oya="1" hai0="28,36,124,7,33,61,22,81,58,34,24,100,106" hai1="91,102,25,108,67,76,122,41,69,63,0,110,71" hai2="43,94,83,27,85,123,114,109,89,101,31,68,126" hai3="116,14,131,59,104,125,95,129,70,1,46,8,105"/><U80/><E122/><V12/><F123/><W30/><G70/><T9/><D36/><U53/><E102/><V119/><F68/><W130/><G1/><T118/><D118/><U133/><E71/><V117/><F109/><N who="1" m="42089" /><E133/><V55/><F126/><W98/><G125/><T26/><D106/><U121/><E121/><V32/><F43/><W6/><G116/><T21/><D100/><U56/><E0/><V88/><F101/><N who="3" m="60639" /><G30/><T13/><D81/><U77/><E25/><V18/><F55/><W78/><G78/><T20/><D124/><U73/><E41/><V128/><F114/><W103/><G103/><T23/><D58/><U96/><E77/><V74/><F74/><W50/><G59/><T107/><D61/><N who="1" m="40175" /><E96/><V2/><F2/><W15/><G15/><T65/><D65/><U112/><E91/><V72/><F72/><W62/><G62/><T39/><D39/><U111/><N who="1" m="42097" /><U87/><DORA hai="5" /><E73/><V66/><F66/><W42/><AGARI ba="3,0" hai="6,8,14,42,46,50,104,105,129,130,131" m="60639" machi="42" ten="30,8000,1" yaku="19,1,52,4" doraHai="127,5" who="3" fromWho="3" sc="220,-23,484,-43,226,-23,70,89" /><INIT seed="6,0,0,5,4,41" ten="197,441,203,159" oya="2" hai0="97,118,122,117,132,65,79,4,134,131,18,36,109" hai1="86,0,54,125,116,20,31,80,42,34,28,50,33" hai2="127,57,108,99,101,43,103,39,16,100,135,121,10" hai3="17,114,73,82,85,120,66,56,29,126,110,47,77"/><V96/><F121/><W3/><G110/><T62/><D109/><U71/><E0/><V115/><F108/><W88/><G120/><T61/><D122/><U5/><E71/><V22/><F115/><W94/><G3/><T55/><D4/><U8/><E42/><V49/><F39/><W11/><G126/><T130/><D79/><U27/><E125/><V133/><F127/><W26/><G114/><T35/><D35/><U123/><E116/><N who="0" m="44649" /><D18/><U87/><E87/><V30/><F30/><W23/><G47/><T74/><D97/><U107/><E107/><V48/><F10/><W45/><G45/><T105/><D105/><U84/><E84/><V51/><F57/><W7/><G56/><N who="0" m="34975" /><D74/><U53/><E53/><V102/><N who="2" m="25600" /><DORA hai="15" /><V75/><F75/><W37/><G66/><T12/><D12/><N who="1" m="5135" /><E34/><V60/><F60/><W129/><G37/><T64/><D36/><U52/><E54/><V13/><REACH who="2" step="1"/><F43/><REACH who="2" ten="197,441,193,159" step="2"/><W112/><G112/><T1/><D65/><U90/><E123/><V67/><F67/><W89/><G29/><T69/><D1/><U113/><E113/><V98/><AGARI ba="0,1" hai="13,16,22,48,49,51,96,98,99,133,135" m="25600" machi="98" ten="50,24000,3" yaku="1,1,0,1,29,2,52,1,54,1,53,3" doraHai="41,15" doraHaiUra="95,70" who="2" fromWho="2" sc="197,-80,441,-80,193,250,159,-80" /><INIT seed="6,1,0,1,4,128" ten="117,361,443,79" oya="2" hai0="31,71,19,97,78,25,129,77,39,10,125,28,115" hai1="79,49,48,50,102,84,81,52,45,130,120,69,124" hai2="99,80,91,121,21,9,118,51,105,86,30,35,95" hai3="42,54,126,26,135,73,58,47,7,116,1,107,53"/><V65/><F121/><W57/><G116/><T131/><D71/><U8/><E69/><V17/><F35/><W36/><G73/><T59/><D39/><U68/><E68/><V111/><F30/><W23/><G107/><T100/><D125/><U104/><E124/><V75/><F118/><W70/><G70/><T109/><D109/><U41/><E130/><N who="0" m="49673" /><D31/><U101/><E120/><V85/><F111/><W24/><G126/><T20/><D59/><U119/><E104/><V76/><F65/><W55/><G135/><T98/><D98/><U96/><E119/><V94/><F9/><W27/><REACH who="3" step="1"/><G23/><REACH who="3" ten="117,361,443,69" step="2"/><T133/><D133/><U6/><E96/><V37/><F99/><W38/><G38/><T60/><D97/><U122/><E122/><V63/><F21/><W90/><G90/><T134/><D134/><U32/><E32/><V108/><F37/><W12/><G12/><T103/><D103/><U43/><E43/><V82/><F91/><W64/><G64/><T106/><D100/><U127/><E127/><V0/><F108/><W4/><G4/><T113/><D106/><U46/><E50/><V114/><F105/><W93/><G93/><T34/><D34/><U67/><REACH who="1" step="1"/><E67/><REACH who="1" ten="117,351,443,69" step="2"/><V112/><F51/><W14/><G14/><AGARI ba="1,2" hai="6,8,14,41,45,46,48,49,52,79,81,84,101,102" machi="14" ten="30,12000,2" yaku="1,1,2,1,7,1,25,2,8,1,54,1,53,0" doraHai="128" doraHaiUra="88" who="1" fromWho="3" sc="117,0,351,143,443,0,69,-123" owari="117,-28.0,494,59.0,443,24.0,-54,-55.0" /></mjloggm>