<mjloggm ver="2.3"><GO type="41"/><UN n0="%E7%96%91%E4%BC%BC%E9%80%A3%28%E7%AC%91%29" n1="%E3%82%B2%E3%83%BC%E3%83%88%E3%83%9B%E3%83%BC%E3%82%B9" n2="%E3%82%A6%E3%83%AB%E3%83%88%E3%83%A9%E7%AB%8B%E7%9B%B4" n3="%6B%65%6E%31%34%31%37" dan="13,14,15,14" rate="1848,1937,1993,1910" sx="M,M,M,M"/><TAIKYOKU oya="0"/><INIT seed="0,0,0,5,0,100" ten="250,250,250,250" oya="0" hai0="96,71,43,18,74,45,91,82,42,58,106,134,78" hai1="1,34,118,20,124,84,31,2,123,14,111,19,5" hai2="61,67,36,120,97,22,17,39,64,103,122,126,101" hai3="73,47,83,129,104,88,37,50,44,85,3,87,119"/><T40/><D71/><U127/><E84/><V26/><F126/><W57/><G129/><T9/><D134/><U6/><E123/><V54/><F101/><W48/><G3/><T105/><D58/><U81/><E81/><V15/><F67/><W56/><G73/><T107/><D96/><U55/><E55/><V130/><F54/><W51/><G37/><T60/><D60/><U29/><E118/><V113/><F113/><W12/><G104/><T121/><D91/><U13/><E111/><V117/><F117/><W68/><G68/><T110/><D110/><U94/><E94/><V69/><F130/><W90/><G119/><T4/><D18/><U41/><E41/><V114/><F114/><W86/><G12/><T25/><D25/><U92/><E92/><V30/><F120/><W128/><G128/><T11/><D11/><U133/><E133/><V62/><F62/><W59/><REACH who="3" step="1"/><G83/><REACH who="3" ten="250,250,250,240" step="2"/><T98/><D121/><U132/><E132/><V16/><F122/><W38/><G38/><N who="0" m="21655" /><D98/><U108/><E108/><V24/><F24/><W23/><G23/><T93/><D93/><U70/><E70/><V77/><F17/><W115/><G115/><T49/><D49/><U99/><E99/><V46/><F39/><W95/><G95/><T53/><D53/><U66/><E66/><V89/><F36/><W27/><G27/><T33/><D33/><U21/><E19/><V35/><F16/><W131/><G131/><T32/><D32/><AGARI ba="0,1" hai="1,2,5,6,13,14,20,21,29,31,32,34,124,127" machi="32" ten="25,8000,1" yaku="22,2,34,3" doraHai="100" who="1" fromWho="0" sc="250,-80,250,90,250,0,240,0" /><INIT seed="1,0,0,0,3,67" ten="170,340,250,240" oya="1" hai0="4,134,74,97,12,92,93,25,77,64,80,58,98" hai1="39,20,69,56,113,83,46,125,23,123,76,89,24" hai2="40,3,62,99,103,66,85,78,31,79,45,7,122" hai3="32,49,117,86,71,70,109,30,38,87,63,73,28"/><U19/><E123/><V135/><F85/><N who="3" m="32267" /><G63/><T2/><D2/><U84/><E113/><V14/><F14/><W6/><G49/><T91/><D25/><U42/><E125/><V130/><F79/><W116/><G6/><T68/><D58/><U101/><E101/><V81/><F45/><W96/><G109/><T111/><D111/><U13/><E56/><V126/><F40/><W8/><G8/><T43/><D43/><U27/><E69/><N who="3" m="26122" /><G96/><T10/><D68/><U100/><E100/><V57/><F99/><W16/><G16/><T53/><D53/><U1/><E1/><V90/><F62/><W44/><G32/><T106/><D106/><U41/><E41/><V88/><F57/><W17/><G17/><T36/><D134/><U112/><E112/><V21/><F7/><W35/><G35/><T95/><D95/><U26/><REACH who="1" step="1"/><E76/><REACH who="1" ten="170,330,250,240" step="2"/><V72/><F78/><W107/><G44/><T61/><D61/><U52/><E52/><V118/><F3/><W60/><G60/><T108/><D108/><U133/><E133/><V55/><F135/><W128/><G117/><T34/><D34/><U51/><E51/><V127/><F118/><W75/><G116/><T29/><D64/><U120/><E120/><V33/><F66/><W104/><G38/><T110/><D36/><U94/><E94/><V0/><F122/><W82/><G82/><T54/><D54/><U48/><E48/><V37/><F55/><W131/><G107/><T59/><D59/><U129/><E129/><N who="3" m="49738" /><G104/><T65/><D65/><U114/><E114/><V105/><F130/><W115/><G115/><RYUUKYOKU ba="0,1" sc="170,-15,330,15,250,-15,240,15" hai1="13,19,20,23,24,26,27,39,42,46,83,84,89" hai3="28,30,73,75" /><INIT seed="1,1,1,0,5,60" ten="155,345,235,255" oya="1" hai0="38,90,44,52,88,98,104,106,29,58,46,77,48" hai1="82,71,4,103,135,9,54,43,85,132,127,93,27" hai2="94,75,47,101,64,12,11,1,78,13,83,50,56" hai3="95,41,30,51,19,53,119,86,2,73,20,130,10"/><U55/><E43/><V107/><F107/><W62/><G73/><T66/><D77/><U114/><E114/><V120/><F120/><W72/><G72/><T39/><D104/><U0/><E127/><V61/><F1/><W16/><G41/><T18/><D106/><U124/><E124/><V134/><F134/><N who="1" m="51241" /><E27/><V15/><F94/><W7/><G130/><T109/><D109/><U32/><E32/><V92/><F92/><W28/><G19/><T3/><D3/><U49/><E49/><V97/><F97/><W112/><G119/><T6/><D6/><U57/><E57/><V100/><REACH who="2" step="1"/><F11/><REACH who="2" ten="155,345,225,255" step="2"/><W14/><G112/><T91/><D98/><N who="1" m="59855" /><E71/><V125/><F125/><W117/><G117/><T99/><D99/><U21/><E21/><V122/><F122/><W102/><G95/><T36/><D29/><U65/><E85/><V79/><F79/><W108/><G30/><T23/><REACH who="0" step="1"/><D66/><REACH who="0" ten="145,345,225,255" step="2"/><U111/><E111/><V131/><F131/><W45/><G28/><T74/><D74/><U116/><E116/><V105/><F105/><W96/><G108/><T89/><N who="0" m="22528" /><DORA hai="76" /><T24/><AGARI ba="1,3" hai="18,23,24,36,38,39,44,46,48,52,58" m="22528" machi="24" ten="50,8000,1" yaku="1,1,4,1,0,1,54,2,53,0" doraHai="60,76" doraHaiUra="34,26" who="0" fromWho="0" sc="145,113,345,-41,225,-21,255,-21" /><INIT seed="2,0,0,3,0,22" ten="258,304,204,234" oya="2" hai0="69,113,59,11,33,77,26,112,90,106,108,56,103" hai1="71,130,19,105,93,119,88,92,55,120,57,50,63" hai2="84,49,9,91,129,36,39,133,46,44,66,37,31" hai3="109,99,47,89,42,23,83,102,24,135,74,13,122"/><V126/><F9/><W121/><G109/><T3/><D69/><U51/><E119/><V114/><F114/><W132/><G13/><T48/><D108/><U18/><E105/><V58/><F31/><W65/><G65/><T115/><D77/><U32/><E32/><V0/><F0/><W116/><G116/><T61/><D33/><U29/><E29/><V123/><F123/><W127/><G127/><T6/><D26/><U16/><E120/><V14/><F14/><W101/><G122/><T128/><D128/><U76/><E76/><V8/><F8/><W38/><G121/><T2/><D2/><U78/><E78/><V67/><F91/><W111/><G111/><T80/><D48/><U104/><E104/><V86/><F126/><W94/><G83/><T97/><D61/><U60/><E130/><V10/><F10/><W15/><G15/><T27/><D27/><U34/><E34/><V20/><F20/><W110/><G74/><T85/><AGARI ba="0,0" hai="3,6,11,56,59,80,85,90,97,103,106,112,113,115" machi="85" ten="40,1500,0" yaku="0,1" doraHai="22" who="0" fromWho="0" sc="258,15,304,-4,204,-7,234,-4" /><INIT seed="3,0,0,3,1,84" ten="273,300,197,230" oya="3" hai0="35,15,132,76,96,85,3,38,128,116,106,18,52" hai1="53,27,4,87,72,129,28,0,120,37,130,64,108" hai2="109,122,82,30,89,19,31,68,107,75,98,79,24" hai3="71,114,135,48,113,49,60,46,90,42,63,117,36"/><W10/><G10/><T33/><D116/><U80/><E120/><V121/><F19/><W101/><G101/><T25/><D3/><U44/><E108/><V88/><F109/><W8/><G8/><T123/><D123/><N who="2" m="47114" /><F68/><W26/><G117/><T23/><D38/><U65/><E72/><V86/><F86/><W77/><G77/><T45/><D45/><U133/><E133/><V100/><F31/><W59/><G26/><T34/><D128/><U67/><E4/><V97/><F97/><W69/><G90/><T58/><D76/><U93/><E93/><V5/><F5/><W124/><G135/><T70/><D70/><N who="3" m="26633" /><G124/><T81/><D106/><U111/><E111/><V73/><F73/><W16/><G16/><T125/><D132/><U95/><E95/><V56/><F56/><W102/><G102/><T11/><D81/><U83/><E0/><V74/><F74/><W115/><G60/><T12/><D85/><U57/><E83/><V105/><F105/><W118/><G118/><T127/><D96/><U110/><E110/><V104/><F104/><W54/><AGARI ba="0,0" hai="36,42,46,48,49,54,59,63,113,114,115" m="26633" machi="54" ten="40,3900,0" yaku="34,2" doraHai="84" who="3" fromWho="3" sc="273,-13,300,-13,197,-13,230,39" /><INIT seed="3,1,0,1,1,126" ten="260,287,184,269" oya="3" hai0="7,21,83,3,134,23,80,82,113,44,109,99,4" hai1="1,81,100,34,64,121,30,112,27,68,20,119,88" hai2="28,63,26,51,90,58,75,49,107,24,89,130,8" hai3="12,97,42,110,50,120,123,101,2,125,95,46,56"/><W96/><G2/><T48/><D99/><U103/><E121/><V38/><F38/><W25/><G125/><T37/><D37/><U39/><E112/><V86/><F75/><W115/><G110/><T16/><D109/><U35/><E1/><V70/><F70/><W61/><G115/><T135/><D21/><U15/><E39/><V36/><F107/><W33/><G12/><N who="0" m="9607" /><D3/><U55/><E119/><V6/><F36/><W67/><G123/><T116/><D116/><U106/><E55/><V76/><F76/><W45/><G120/><T0/><D0/><U32/><E15/><V57/><F8/><W92/><G33/><T129/><D113/><U72/><E106/><V43/><F86/><W111/><G111/><T40/><D129/><U52/><E52/><V104/><F104/><W128/><G128/><T5/><D135/><U131/><E131/><V102/><F102/><W122/><G122/><T13/><D134/><U59/><E68/><V66/><F28/><W65/><G46/><T93/><D93/><U29/><E29/><V127/><F127/><W98/><G25/><T71/><D71/><U78/><REACH who="1" step="1"/><E88/><REACH who="1" ten="260,277,184,269" step="2"/><V79/><F130/><W114/><G114/><T69/><D69/><U41/><E41/><V14/><F43/><W9/><G67/><T74/><D74/><U132/><E132/><V22/><F66/><W85/><G9/><AGARI ba="1,1" hai="4,5,7,9,13,40,44,48,80,82,83" m="9607" machi="9" ten="30,2000,0" yaku="8,1,54,1" doraHai="126" who="0" fromWho="3" sc="260,33,277,0,184,0,269,-23" /><INIT seed="4,0,0,3,2,1" ten="293,277,184,246" oya="0" hai0="72,86,132,114,135,52,95,130,42,65,6,90,85" hai1="15,111,39,125,61,19,75,121,57,55,89,124,35" hai2="107,87,66,44,62,134,27,74,129,133,126,50,59" hai3="51,20,34,53,31,93,104,4,5,92,41,49,18"/><T69/><D42/><U29/><E121/><V63/><F74/><W113/><G104/><T24/><D24/><U3/><E111/><V117/><F107/><W77/><G34/><T0/><D72/><U73/><E39/><V43/><F87/><W118/><G31/><T70/><D65/><U128/><E128/><V88/><F88/><W67/><G118/><T97/><D114/><U78/><E89/><V123/><F27/><W13/><G113/><T109/><D109/><U60/><E3/><V36/><F123/><W56/><G67/><T30/><D30/><U48/><E29/><V45/><F129/><W22/><G77/><T54/><D85/><U68/><E35/><V96/><F96/><W17/><G41/><T76/><D76/><U16/><E19/><V32/><F32/><W99/><G51/><T100/><D100/><U58/><E68/><N who="0" m="26217" /><D97/><U106/><E106/><V8/><F8/><W21/><G93/><T64/><D64/><N who="1" m="38927" /><E61/><V2/><F2/><W26/><REACH who="3" step="1"/><G21/><REACH who="3" ten="293,277,184,236" step="2"/><T122/><D130/><U11/><E78/><V119/><F63/><W116/><G116/><N who="2" m="44617" /><F126/><AGARI ba="0,1" hai="11,15,16,48,55,58,73,75,124,125,126" m="38927" machi="126" ten="30,2000,0" yaku="18,1,54,1" doraHai="1" who="1" fromWho="2" sc="293,0,277,30,184,-20,236,0" /><INIT seed="5,0,0,0,3,20" ten="293,307,164,236" oya="1" hai0="108,112,60,78,86,11,56,94,74,80,12,127,17" hai1="129,123,13,55,1,117,62,24,133,43,83,7,42" hai2="50,87,27,38,47,115,8,102,67,10,114,77,126" hai3="119,72,76,71,103,105,113,124,49,128,68,66,19"/><U135/><E123/><V98/><F38/><W44/><G105/><T30/><D108/><U110/><E117/><V63/><F87/><W41/><G72/><T58/><D112/><N who="2" m="43050" /><F77/><W3/><G3/><T25/><D60/><U90/><E1/><V52/><F126/><W100/><G76/><T120/><D127/><U93/><E83/><V40/><F40/><W36/><G124/><T101/><D120/><U9/><E110/><V0/><F0/><W23/><G128/><T85/><D74/><U111/><E129/><V57/><F27/><W116/><G113/><T130/><D130/><U95/><E111/><V32/><F32/><W59/><G119/><T92/><D94/><AGARI ba="0,0" hai="8,10,47,50,52,57,63,67,94,98,102" m="43050" machi="94" ten="30,3900,0" yaku="15,1,11,1,54,1" doraHai="20" who="2" fromWho="0" sc="293,-39,307,0,164,39,236,0" /><INIT seed="6,0,0,2,3,20" ten="254,307,203,236" oya="2" hai0="40,10,108,41,124,13,27,133,26,100,0,75,7" hai1="37,79,95,126,98,110,35,46,43,73,77,21,134" hai2="81,132,116,93,104,125,9,2,118,91,6,23,50" hai3="63,94,39,54,103,45,18,30,17,53,97,3,89"/><V70/><F104/><W28/><G3/><T58/><D75/><U129/><E110/><V62/><F125/><W19/><G39/><T107/><D108/><U80/><E35/><V121/><F121/><W61/><G45/><T51/><D124/><U74/><E126/><V105/><F105/><W128/><G128/><T1/><D133/><U117/><E117/><V82/><F132/><W4/><G4/><T59/><D100/><U130/><E134/><V123/><F123/><W106/><G63/><T120/><D120/><U112/><E112/><V67/><F50/><W34/><G34/><T8/><D107/><U122/><E122/><V99/><REACH who="2" step="1"/><F23/><REACH who="2" ten="254,307,193,236" step="2"/><W66/><G106/><T101/><D51/><U119/><E21/><V31/><F31/><N who="3" m="11819" /><G61/><T29/><D29/><U68/><E119/><AGARI ba="0,1" hai="2,6,9,62,67,70,81,82,91,93,99,116,118,119" machi="119" ten="40,2000,0" yaku="1,1,53,0" doraHai="20" doraHaiUra="55" who="2" fromWho="1" sc="254,0,307,-20,193,30,236,0" /><INIT seed="6,1,0,5,0,130" ten="254,287,223,236" oya="2" hai0="86,25,80,121,132,23,5,38,129,124,103,102,87" hai1="126,35,47,85,116,18,100,29,83,119,20,16,36" hai2="122,82,37,58,94,110,101,69,42,125,45,113,114" hai3="73,43,22,21,62,118,105,111,104,19,11,127,108"/><V50/><F122/><W61/><G43/><T56/><D121/><U77/><E126/><V32/><F32/><W12/><G118/><T95/><D129/><U70/><E70/><V30/><F30/><W52/><G127/><T26/><D124/><U49/><E36/><V3/><F3/><W66/><G73/><T75/><D38/><U54/><E100/><V53/><F125/><W79/><G79/><T51/><D75/><U44/><E44/><V9/><F9/><W2/><G2/><T98/><D5/><U1/><E1/><V13/><F13/><W93/><G93/><T41/><D132/><U31/><E18/><V107/><F107/><W135/><G135/><T76/><D102/><U96/><E96/><V34/><F34/><W7/><G52/><N who="0" m="31775" /><D41/><U112/><E112/><N who="2" m="43115" /><F82/><W117/><G117/><T131/><D131/><U89/><E77/><V4/><F4/><W91/><G91/><T8/><D8/><U46/><E46/><V74/><F74/><W84/><G84/><N who="0" m="48135" /><D26/><U48/><E48/><V33/><F33/><W67/><G11/><T88/><D103/><U63/><E63/><V106/><F106/><W120/><G7/><T64/><D64/><U60/><E60/><V78/><F78/><W97/><G120/><T0/><D0/><U90/><E90/><V57/><F69/><W123/><G123/><T72/><D72/><U115/><E115/><V128/><F128/><W6/><G6/><T40/><D40/><U71/><E71/><V15/><F15/><W17/><G12/><T92/><D92/><U133/><E119/><V134/><F94/><RYUUKYOKU ba="1,0" sc="254,15,287,-15,223,-15,236,15" hai0="23,25,86,87,88,95,98" hai3="17,19,21,22,61,62,66,67,97,104,105,108,111" /><INIT seed="7,2,0,3,1,118" ten="269,272,208,251" oya="3" hai0="93,35,59,53,86,46,96,88,27,104,81,55,51" hai1="3,83,115,99,121,57,72,106,122,127,47,119,109" hai2="18,78,114,6,69,62,39,89,41,9,84,13,80" hai3="0,124,76,2,5,20,87,26,66,125,98,34,101"/><W100/><G34/><T130/><D130/><U85/><E3/><V25/><F114/><W126/><G66/><T107/><D35/><U70/><E70/><V128/><F128/><W103/><G5/><T10/><D10/><U58/><E47/><V17/><F69/><W56/><G56/><T14/><D14/><U112/><E72/><V23/><F39/><W61/><G61/><T120/><D27/><U42/><E42/><V92/><F41/><W32/><G32/><T12/><D12/><U77/><E109/><V28/><REACH who="2" step="1"/><F62/><REACH who="2" ten="269,272,198,251" step="2"/><W132/><G132/><T94/><D120/><N who="1" m="46187" /><E119/><V33/><F33/><W110/><G110/><T49/><REACH who="0" step="1"/><D93/><REACH who="0" ten="259,272,198,251" step="2"/><U44/><E115/><V111/><F111/><W52/><G0/><T135/><D135/><U74/><E112/><V60/><F60/><W43/><G2/><T31/><D31/><U75/><E106/><V22/><F22/><W11/><G11/><T40/><D40/><U102/><E83/><V29/><F29/><W1/><G1/><T37/><D37/><U79/><E75/><AGARI ba="2,2" hai="6,9,13,17,18,23,25,28,75,78,80,84,89,92" machi="75" ten="30,3900,0" yaku="1,1,7,1,53,1" doraHai="118" doraHaiUra="4" who="2" fromWho="1" sc="259,0,272,-45,198,65,251,0" /><INIT seed="8,0,0,0,1,54" ten="259,227,263,251" oya="0" hai0="17,132,53,62,16,63,107,127,33,66,64,104,10" hai1="35,52,82,109,130,40,11,18,25,79,91,27,29" hai2="98,121,70,58,23,32,133,48,21,9,4,112,44" hai3="67,69,26,36,31,65,115,81,80,119,13,7,123"/><T59/><D33/><U45/><E109/><V46/><F70/><W129/><G36/><T72/><D72/><U135/><E130/><V15/><F32/><W106/><G106/><T97/><D127/><U77/><E135/><V3/><F112/><W134/><G115/><T12/><D17/><U101/><E101/><V108/><F108/><W68/><G119/><T89/><D132/><U78/><E52/><N who="2" m="32007" /><F3/><W71/><G134/><T111/><D111/><U41/><E45/><N who="2" m="17515" /><F121/><W117/><G117/><T2/><D2/><U122/><E122/><V118/><F133/><W38/><G38/><T37/><D37/><U42/><E91/><V28/><F118/><W125/><G129/><T1/><D1/><U76/><E76/><V49/><F49/><W22/><G123/><T57/><D53/><U113/><E113/><V55/><F55/><W0/><G125/><T100/><D89/><U95/><E95/><AGARI ba="0,0" hai="10,12,16,57,59,62,63,64,66,95,97,100,104,107" machi="95" ten="30,12000,1" yaku="7,1,9,1,52,2,54,1" doraHai="54" who="0" fromWho="1" sc="259,120,227,-120,263,0,251,0" owari="379,48.0,107,-39.0,263,6.0,251,-15.0" /></mjloggm>