<mjloggm ver="2.3"><GO type="137"/><UN n0="%31%30%E3%81%BE%E3%81%A7%E6%95%B0%E3%81%88%E3%82%8B" n1="%E4%B8%89%E6%9D%A1%E7%8E%84%E8%94%B5" n2="%EF%BC%88%E2%89%A7%E2%96%BD%E2%89%A6%EF%BC%89" n3="%67%69%6E%6E%6A%69" dan="10,11,12,12" rate="1586,1796,1971,1759" sx="M,M,M,M"/><TAIKYOKU oya="0"/><INIT seed="0,0,0,2,2,0" ten="250,250,250,250" oya="0" hai0="75,73,130,134,105,94,55,34,98,126,10,20,108" hai1="27,23,4,36,112,79,115,99,14,56,26,66,118" hai2="85,30,16,22,7,88,120,31,96,47,121,114,133" hai3="62,135,50,3,102,117,127,9,35,1,95,28,90"/><T43/><D34/><U54/><E36/><V106/><F114/><N who="1" m="43561" /><E118/><V37/><F133/><W76/><G117/><T104/><D104/><U103/><E79/><V89/><F121/><W78/><G135/><T100/><D134/><U109/><E109/><V40/><F120/><W38/><G127/><T48/><D126/><U18/><E66/><V59/><F59/><W15/><G38/><T32/><D32/><U6/><E27/><V128/><F128/><W93/><G35/><T63/><D130/><U64/><E64/><V80/><F7/><N who="1" m="2601" /><E26/><V71/><F71/><W46/><G76/><T86/><D108/><U2/><E2/><V74/><F74/><W132/><G78/><T131/><D75/><U113/><N who="1" m="43569" /><U67/><DORA hai="101" /><E67/><V42/><F37/><W5/><G132/><T39/><D39/><U61/><E103/><V68/><F68/><W83/><G102/><T44/><D73/><U8/><E99/><V13/><F96/><W124/><G124/><T25/><D131/><U53/><E54/><V119/><F119/><W49/><G3/><T116/><D116/><U58/><E58/><V69/><F69/><W29/><G1/><T129/><D55/><U110/><E110/><V70/><F70/><W17/><G46/><T97/><D97/><U60/><E60/><V52/><F47/><W107/><G62/><T123/><D123/><U41/><E41/><V81/><F42/><W33/><G33/><T45/><D129/><U72/><E72/><V12/><F40/><W24/><G24/><T11/><D43/><U84/><E84/><V125/><F85/><RYUUKYOKU ba="0,0" sc="250,-10,250,30,250,-10,250,-10" hai1="8,14,18,23,53,56,61" /><INIT seed="1,1,0,1,5,48" ten="240,280,240,240" oya="1" hai0="86,33,113,119,135,62,115,44,58,120,32,71,131" hai1="24,130,56,43,100,123,31,78,6,125,3,92,12" hai2="73,106,63,26,38,90,77,36,17,66,2,59,108" hai3="80,49,118,37,52,88,14,1,112,8,69,10,19"/><U122/><E3/><V41/><F106/><W4/><G69/><T75/><D119/><U22/><E78/><V111/><F2/><W42/><G112/><N who="0" m="43083" /><D86/><U46/><E125/><V107/><F107/><W109/><G109/><N who="2" m="42057" /><F41/><W54/><G118/><T39/><D75/><U16/><E130/><V67/><F67/><W15/><G1/><T133/><D33/><U83/><E83/><N who="2" m="45487" /><F90/><W81/><G37/><N who="2" m="14441" /><F17/><W94/><G42/><N who="0" m="22623" /><D32/><U45/><E45/><V82/><F26/><W18/><G4/><T124/><D131/><U35/><E6/><V132/><F82/><N who="3" m="31851" /><G49/><T65/><D124/><U89/><E100/><V40/><F40/><W79/><G79/><T25/><D25/><U13/><E13/><V74/><F74/><W29/><G29/><T104/><D104/><U121/><E122/><V27/><F27/><W76/><G76/><T117/><D117/><U7/><E7/><V95/><F95/><W72/><G72/><T9/><D120/><U126/><E126/><V87/><F87/><AGARI ba="1,0" hai="8,10,14,15,18,19,52,54,87,88,94" m="31851" machi="87" ten="30,8000,1" yaku="8,1,52,2,54,2" doraHai="48" who="3" fromWho="2" sc="240,0,280,0,240,-83,240,83" /><INIT seed="2,0,0,0,3,47" ten="240,280,157,323" oya="2" hai0="70,20,101,63,0,133,17,105,126,116,32,26,11" hai1="21,97,112,96,127,57,106,55,27,110,16,77,90" hai2="52,108,59,31,2,83,79,60,64,114,50,42,22" hai3="34,118,124,115,29,102,35,46,75,103,69,39,6"/><V123/><F123/><W89/><G118/><T111/><D111/><U13/><E112/><V76/><F114/><W80/><G115/><T122/><D133/><U8/><E77/><V94/><F108/><W30/><G69/><T107/><D122/><U65/><E110/><V134/><F134/><W48/><G124/><T23/><D32/><U45/><E127/><V128/><F128/><W33/><G39/><T24/><D126/><U104/><E65/><V12/><F2/><W93/><G6/><T120/><D120/><U72/><E72/><V92/><F42/><W38/><G38/><T18/><D116/><U37/><E37/><V88/><F83/><W66/><G66/><T71/><D63/><U53/><E106/><V51/><F94/><W62/><G62/><T73/><D73/><U87/><E104/><V113/><F113/><W109/><G109/><T100/><REACH who="0" step="1"/><D11/><REACH who="0" step="2"/><U25/><E96/><N who="2" m="57351" /><F31/><W99/><G75/><T74/><D74/><U125/><E97/><V41/><F41/><W9/><G9/><T85/><D85/><U40/><E125/><V129/><F129/><W7/><G29/><T121/><D121/><U36/><E8/><V68/><F68/><W54/><G30/><T19/><D19/><U86/><E86/><V10/><F22/><W78/><REACH who="3" step="1"/><G7/><REACH who="3" step="2"/><T67/><D67/><U84/><E40/><V119/><F119/><W132/><G132/><T15/><D15/><U28/><E13/><V82/><F64/><W81/><G81/><T14/><D14/><U44/><E28/><V56/><F82/><W43/><G43/><T4/><D4/><RYUUKYOKU ba="0,2" sc="230,15,280,-15,157,-15,313,15" hai0="0,17,18,20,23,24,26,70,71,100,101,105,107" hai3="33,34,35,46,48,54,78,80,89,93,99,102,103" /><INIT seed="3,1,2,5,3,4" ten="245,265,142,328" oya="3" hai0="84,115,119,129,103,30,90,28,83,85,95,88,112" hai1="125,104,9,50,106,96,29,53,17,101,130,24,45" hai2="89,37,68,33,58,36,51,26,72,122,5,70,74" hai3="22,132,21,110,79,78,118,39,15,64,13,121,16"/><W20/><G121/><T76/><D30/><U124/><E106/><V48/><F5/><W135/><G118/><T10/><D28/><U97/><E130/><V81/><F89/><N who="0" m="34410" /><D10/><U56/><E96/><V128/><F26/><W62/><G39/><T52/><D52/><U40/><E29/><V91/><F91/><W18/><G110/><T86/><D119/><U92/><E24/><V43/><F81/><W14/><G64/><T69/><D69/><U117/><E117/><V55/><F33/><W6/><G62/><T134/><D129/><U109/><E109/><V108/><F108/><W11/><REACH who="3" step="1"/><G21/><REACH who="3" step="2"/><T67/><D67/><U42/><E124/><V75/><F122/><W34/><G34/><T114/><D134/><AGARI ba="1,3" hai="6,11,13,14,15,16,18,20,22,78,79,132,134,135" machi="134" ten="40,12000,1" yaku="1,1,9,1,20,1,52,1,54,1,53,0" doraHai="4" doraHaiUra="27" who="3" fromWho="0" sc="245,-123,265,0,142,0,318,153" /><INIT seed="3,2,0,4,1,25" ten="122,265,142,471" oya="3" hai0="111,97,107,56,52,6,62,59,40,131,42,16,22" hai1="53,72,37,63,119,13,106,99,79,132,88,2,31" hai2="64,116,38,110,17,57,36,39,109,50,28,78,32" hai3="3,51,95,8,76,120,80,85,70,104,77,81,105"/><W112/><G70/><T127/><D6/><U49/><E37/><V26/><F116/><W68/><G68/><T61/><D111/><U74/><E2/><V102/><F78/><W47/><G120/><T19/><D131/><U121/><E121/><V7/><F7/><W91/><G112/><T12/><D127/><U45/><E119/><V115/><F115/><W118/><G118/><T129/><D129/><U24/><E106/><V0/><F0/><W21/><G3/><T123/><D123/><U92/><E79/><V11/><F102/><W69/><G69/><T71/><D71/><U23/><E132/><V14/><REACH who="2" step="1"/><F50/><REACH who="2" step="2"/><W20/><G77/><T101/><REACH who="0" step="1"/><D19/><REACH who="0" step="2"/><U114/><E114/><V134/><F134/><W10/><G104/><T126/><D126/><U90/><E72/><V41/><F41/><W108/><G105/><T96/><D96/><U30/><E74/><V48/><F48/><W93/><G51/><T5/><D5/><U34/><E63/><AGARI ba="2,2" hai="11,14,17,26,28,32,36,38,39,57,63,64,109,110" machi="63" ten="50,3200,0" yaku="1,1,52,1,53,0" doraHai="25" doraHaiUra="66" who="2" fromWho="1" sc="112,0,265,-38,132,58,471,0" /><INIT seed="4,0,0,2,3,30" ten="112,227,190,471" oya="0" hai0="94,15,135,134,46,54,40,123,68,8,92,120,22" hai1="20,78,76,127,130,122,6,70,48,119,31,17,61" hai2="69,33,21,104,23,42,11,24,57,116,132,67,97" hai3="58,9,4,95,88,114,34,98,18,91,56,102,36"/><T86/><D68/><U52/><E122/><N who="0" m="46633" /><D86/><U87/><E119/><V26/><F116/><W10/><G36/><T7/><D22/><U19/><E6/><V12/><F132/><N who="0" m="50730" /><D54/><U39/><E39/><AGARI ba="0,0" hai="7,8,15,39,40,46,92,94" m="50730,46633" machi="39" ten="30,1500,0" yaku="20,1" doraHai="30" who="0" fromWho="1" sc="112,15,227,-15,190,0,471,0" /><INIT seed="4,1,0,3,3,44" ten="127,212,190,471" oya="0" hai0="116,68,81,128,27,13,54,101,126,85,134,45,108" hai1="72,31,32,20,34,65,104,51,12,117,37,92,18" hai2="48,43,10,115,22,131,76,112,71,35,6,129,124" hai3="19,109,56,93,64,47,70,97,42,21,46,38,40"/><T33/><D116/><U36/><E104/><V122/><F71/><W118/><G118/><T29/><D68/><U125/><E72/><V9/><F122/><W79/><G79/><T84/><D101/><U88/><E117/><V16/><F35/><W98/><G109/><T58/><D108/><U119/><E119/><V102/><F124/><W135/><G135/><T7/><D126/><U121/><E125/><V94/><F76/><W24/><G70/><T96/><D134/><U57/><E37/><V15/><F102/><W89/><G64/><T120/><D120/><U26/><E36/><V127/><F127/><W86/><G56/><T87/><D45/><U59/><E121/><V14/><F94/><W67/><REACH who="3" step="1"/><G67/><REACH who="3" step="2"/><T1/><D1/><U52/><E65/><V39/><F115/><W53/><G53/><T99/><D81/><U28/><E59/><V69/><F112/><W111/><G111/><T25/><D128/><U91/><E92/><V100/><F131/><W23/><G23/><N who="0" m="15551" /><D99/><U95/><E95/><V73/><F129/><W63/><G63/><N who="0" m="36311" /><D33/><U90/><E32/><V49/><F69/><W4/><G4/><T41/><D41/><U130/><E130/><V62/><F43/><W5/><G5/><T61/><D27/><U83/><E34/><V50/><F6/><W17/><G17/><T2/><D2/><U107/><E83/><V113/><F16/><W105/><G105/><T11/><D61/><U74/><E107/><V66/><F62/><W103/><G103/><T77/><D77/><U82/><E82/><V60/><F100/><W133/><G133/><RYUUKYOKU ba="1,1" sc="127,15,212,-15,190,-15,461,15" hai0="7,11,13,84,85,87,96" hai3="19,21,24,38,40,42,46,47,86,89,93,97,98" /><INIT seed="4,2,1,1,0,43" ten="142,197,175,476" oya="0" hai0="124,56,132,42,29,41,95,17,109,112,44,50,0" hai1="94,18,32,127,38,9,82,98,46,57,27,40,130" hai2="117,45,51,128,123,108,80,89,102,19,63,79,74" hai3="90,119,24,34,121,53,66,37,7,2,54,104,65"/><T83/><D0/><U78/><E130/><V33/><F123/><W107/><G104/><T69/><D69/><U48/><E127/><V129/><F108/><W23/><G107/><T118/><D118/><U96/><E32/><V106/><F117/><W26/><G119/><T116/><D116/><U1/><E94/><V20/><F33/><W39/><G121/><T88/><D124/><U76/><E78/><V5/><F5/><W61/><G2/><T31/><D109/><U122/><E122/><V49/><F63/><W97/><G7/><T4/><D4/><N who="1" m="1167" /><E27/><V87/><F102/><W99/><G90/><T125/><D125/><U111/><E111/><V115/><F106/><W100/><G100/><T131/><D131/><N who="2" m="50250" /><F115/><W72/><G72/><T14/><D112/><U58/><E18/><V133/><F133/><W103/><G103/><T84/><D132/><U64/><E57/><V47/><F51/><W3/><G34/><T126/><D126/><U60/><E48/><V22/><F49/><W68/><G3/><T30/><D56/><U81/><E81/><N who="2" m="49391" /><F22/><W120/><G120/><T70/><D70/><U93/><E93/><V15/><AGARI ba="2,1" hai="15,19,20,45,47,74,79,80" m="49391,50250" machi="15" ten="30,4000,0" yaku="19,1,52,2" doraHai="43" who="2" fromWho="2" sc="142,-22,197,-12,175,56,476,-12" /><INIT seed="5,0,0,1,3,64" ten="120,185,231,464" oya="1" hai0="49,114,29,35,30,14,92,58,12,20,109,131,57" hai1="112,26,38,19,132,46,72,87,104,77,17,101,97" hai2="125,89,95,23,126,62,121,67,0,9,42,85,90" hai3="135,15,52,31,48,65,6,100,2,113,130,86,16"/><U93/><E132/><V122/><F42/><W96/><G113/><T133/><D114/><U1/><E1/><V66/><F23/><W81/><G135/><T59/><D133/><U116/><E112/><V119/><F119/><W13/><G130/><T39/><D39/><U7/><E116/><V107/><F107/><W79/><G65/><N who="2" m="24585" /><F62/><W36/><G100/><T73/><D73/><U50/><E38/><V129/><F129/><W34/><G34/><T70/><D131/><U74/><E7/><N who="2" m="1255" /><F90/><W128/><G128/><T10/><D20/><U22/><E19/><V69/><F69/><W71/><G31/><N who="0" m="11787" /><D10/><U120/><E120/><V111/><F111/><W41/><G71/><T43/><D109/><U84/><E84/><V32/><F32/><W118/><G36/><T25/><D70/><U123/><E123/><V56/><F56/><N who="0" m="14338" /><T80/><DORA hai="83" /><D35/><U44/><E46/><V108/><F108/><W61/><G118/><T18/><D25/><U45/><E45/><V11/><F11/><W106/><G2/><T110/><D110/><U21/><E21/><V40/><F40/><W102/><G41/><T28/><D43/><U134/><E134/><V94/><F122/><W8/><G61/><T33/><D33/><U37/><E37/><V54/><F121/><W55/><REACH who="3" step="1"/><G48/><REACH who="3" step="2"/><T5/><D28/><U24/><E50/><V47/><F47/><W88/><G88/><T63/><D63/><U124/><E44/><V68/><F89/><W105/><G105/><T78/><D49/><U115/><E104/><V99/><F68/><W127/><G127/><T98/><D5/><RYUUKYOKU ba="0,1" sc="120,-10,185,-10,231,-10,454,30" hai3="6,8,13,15,16,52,55,79,81,86,96,102,106" /><INIT seed="6,1,1,5,2,99" ten="110,175,221,484" oya="2" hai0="55,83,121,134,13,105,53,40,78,111,1,59,34" hai1="132,63,60,128,86,33,122,48,44,74,112,23,6" hai2="67,126,100,96,71,97,4,50,41,95,9,16,135" hai3="26,25,76,14,79,64,124,27,7,68,106,5,24"/><V66/><F135/><W61/><G106/><T69/><D69/><U94/><E33/><V89/><F126/><W12/><G124/><T21/><D134/><U104/><E104/><V72/><F72/><W127/><G127/><T118/><D111/><U57/><E74/><V32/><F32/><W51/><G51/><T20/><D121/><U8/><E122/><V81/><F71/><W62/><G62/><T75/><D118/><U84/><E132/><V10/><F81/><W39/><G39/><T58/><D105/><U108/><E108/><V116/><F116/><W85/><G85/><T129/><D129/><U103/><E128/><V113/><F113/><W110/><G110/><T43/><D1/><U29/><E112/><V70/><F70/><W2/><G2/><T28/><D75/><U90/><E86/><V130/><F130/><W30/><G30/><T31/><D34/><U93/><E57/><V109/><F109/><W38/><G38/><T45/><D83/><U42/><E23/><V0/><F50/><W77/><N who="3" m="6656" /><DORA hai="36" /><W114/><REACH who="3" step="1"/><G114/><REACH who="3" step="2"/><T73/><D73/><U101/><E29/><V115/><F115/><W102/><G102/><N who="1" m="38922" /><E93/><V133/><F133/><W46/><G46/><T91/><D45/><U123/><E123/><V37/><F37/><W35/><G35/><T18/><D78/><U22/><E22/><V15/><REACH who="2" step="1"/><F41/><REACH who="2" step="2"/><W131/><G131/><T125/><D125/><U107/><E107/><AGARI ba="1,3" hai="0,4,9,10,15,16,66,67,89,95,96,97,100,107" machi="107" ten="30,12000,1" yaku="1,1,2,1,7,1,52,1,54,1,53,0" doraHai="99,36" doraHaiUra="47,56" who="2" fromWho="1" sc="110,0,175,-123,211,153,474,0" /><INIT seed="6,2,0,2,5,66" ten="110,52,364,474" oya="2" hai0="114,31,110,82,126,20,103,15,45,13,100,94,79" hai1="72,64,54,84,92,122,116,17,90,16,132,91,128" hai2="134,133,37,55,125,129,117,78,4,48,99,97,77" hai3="68,131,87,106,62,27,88,130,30,58,3,43,101"/><V107/><F117/><W7/><G43/><T74/><D45/><U93/><E116/><V112/><F37/><W9/><G106/><T111/><D31/><U32/><E32/><V22/><F112/><W57/><G101/><N who="0" m="38987" /><D20/><U24/><E72/><V11/><F22/><W135/><G135/><N who="2" m="51721" /><F107/><W115/><G68/><T73/><D15/><U0/><E132/><V34/><F34/><W80/><G115/><T123/><D13/><U46/><E0/><N who="2" m="391" /><F129/><N who="3" m="49163" /><G62/><T19/><D19/><U42/><E122/><V36/><F36/><W41/><G41/><T29/><D29/><U25/><E64/><V44/><F125/><W56/><G58/><T102/><D114/><U98/><E54/><V47/><F47/><W120/><G120/><T38/><D38/><U69/><E69/><V65/><F65/><W109/><G109/><N who="0" m="41483" /><D123/><U18/><REACH who="1" step="1"/><E128/><REACH who="1" step="2"/><V26/><F26/><W60/><G60/><T6/><D126/><U1/><E1/><V95/><F99/><W67/><G67/><T61/><D61/><U76/><E76/><V51/><F48/><AGARI ba="2,1" hai="16,17,18,24,25,42,46,48,84,90,91,92,93,98" machi="48" ten="40,5200,0" yaku="1,1,8,1,54,1,53,0" doraHai="66" doraHaiUra="118" who="1" fromWho="2" sc="110,0,42,68,364,-58,474,0" /><INIT seed="7,0,0,1,5,102" ten="110,110,306,474" oya="3" hai0="89,86,125,134,3,27,34,5,80,119,103,133,52" hai1="31,64,9,109,99,118,14,110,28,35,135,114,84" hai2="53,49,62,2,123,70,63,29,116,90,32,93,97" hai3="50,111,44,4,98,21,54,16,45,104,59,61,25"/><W120/><G120/><T107/><D125/><U108/><E135/><N who="0" m="51721" /><D119/><U100/><E118/><V130/><F116/><W81/><G111/><T68/><D68/><U124/><E124/><V37/><F123/><W65/><G4/><T10/><D34/><U88/><E64/><V23/><F130/><W51/><G81/><T67/><D67/><U112/><E35/><V8/><F32/><W58/><G104/><T85/><D27/><U83/><E28/><V43/><F70/><W11/><G11/><T87/><D52/><U38/><E38/><V7/><F37/><W95/><REACH who="3" step="1"/><G51/><REACH who="3" step="2"/><T20/><D20/><U42/><E109/><V13/><F43/><W94/><G94/><T18/><D18/><U78/><E42/><V129/><F129/><W1/><G1/><T131/><D131/><U117/><E117/><V22/><F2/><W55/><G55/><T73/><D73/><U56/><E108/><V33/><F33/><W19/><G19/><T91/><D91/><AGARI ba="0,1" hai="16,21,25,44,45,50,54,58,59,61,65,91,95,98" machi="91" ten="30,11600,0" yaku="1,1,7,1,8,1,54,1,53,0" doraHai="102" doraHaiUra="82" who="3" fromWho="0" sc="110,-116,110,0,306,0,464,126" owari="-6,-51,110,-29,306,11,590,69" /></mjloggm>