<mjloggm ver="2.3"><GO type="169" lobby="0"/><UN n0="%EF%BC%88%E2%89%A7%E2%96%BD%E2%89%A6%EF%BC%89" n1="%47%61%4B%75" n2="%EF%BC%BC%28%EF%BC%BE%6F%EF%BC%BE%29%EF%BC%8F%E2%98%85" n3="%E3%83%88%E3%83%90%E3%82%BE" dan="17,16,17,18" rate="2199.26,2058.23,2129.28,2200.43" sx="M,M,M,M"/><TAIKYOKU oya="0"/><INIT seed="0,0,0,0,0,103" ten="250,250,250,250" oya="0" hai0="77,117,81,47,48,115,25,100,4,98,15,88,20" hai1="80,49,70,0,119,71,93,125,84,31,79,66,19" hai2="82,74,46,67,42,40,120,108,59,38,65,128,109" hai3="76,7,135,61,21,24,122,41,106,36,127,54,50"/><T35/><D117/><U99/><E119/><V90/><F120/><W58/><G122/><T94/><D115/><U89/><E0/><V45/><F128/><W86/><G135/><T72/><D35/><U51/><E125/><V29/><F29/><W16/><G127/><T62/><D62/><U73/><E31/><V52/><F90/><W132/><G132/><T113/><D113/><U129/><E129/><V30/><F30/><W60/><G7/><T64/><D64/><N who="2" m="24650" /><F82/><N who="3" m="47431" /><G106/><T68/><D68/><U44/><E66/><V75/><F75/><W102/><G102/><T53/><D100/><U10/><E49/><N who="2" m="31119" /><F74/><W22/><G36/><AGARI ba="0,0" hai="36,38,40,42,45,46,108,109" m="31119,24650" machi="36" ten="30,3900,0" yaku="34,2,54,1" doraHai="103" who="2" fromWho="3" sc="250,0,250,0,250,39,250,-39" /><INIT seed="1,0,0,3,0,121" ten="250,250,289,211" oya="1" hai0="115,5,92,0,76,45,109,57,82,124,22,31,75" hai1="65,120,104,62,83,1,113,32,47,128,46,77,67" hai2="107,129,110,93,38,13,81,37,105,90,52,127,23" hai3="11,4,33,80,78,3,64,8,42,84,112,40,12"/><U61/><E32/><V14/><F127/><W36/><G112/><T100/><D115/><U59/><E113/><V35/><F35/><W116/><G116/><T70/><D70/><U34/><E34/><V71/><F71/><W99/><G33/><T130/><D124/><U48/><E120/><V87/><F129/><W24/><G36/><T85/><D130/><U133/><E128/><V54/><F81/><W44/><G44/><T68/><D68/><U66/><E104/><V63/><F23/><W20/><G99/><T17/><D31/><U29/><E29/><V119/><F63/><N who="1" m="24073" /><E1/><V125/><F125/><W56/><G56/><T39/><D57/><U108/><E83/><V51/><F93/><W135/><G64/><T123/><D123/><U19/><E77/><V97/><F107/><W98/><G98/><T118/><D118/><U7/><E7/><V117/><F97/><W69/><G69/><T58/><D58/><U50/><E19/><V6/><F6/><W27/><G3/><T49/><D5/><U86/><E86/><V111/><F87/><W79/><G79/><T26/><D0/><U96/><E96/><V16/><F105/><W41/><G4/><T74/><D76/><U2/><E2/><V30/><F30/><W95/><G95/><T106/><D92/><U15/><E15/><V94/><F94/><W122/><G122/><T88/><D106/><U10/><E10/><N who="3" m="3626" /><G135/><T72/><D72/><U25/><E133/><V103/><F103/><W132/><G132/><T9/><D75/><U73/><E73/><V91/><F16/><AGARI ba="0,0" hai="12,16,20,24,27,40,41,42,78,80,84" m="3626" machi="16" ten="30,2000,0" yaku="8,1,54,1" doraHai="121" who="3" fromWho="2" sc="250,0,250,0,289,-20,211,20" /><INIT seed="2,0,0,1,2,104" ten="250,250,269,231" oya="2" hai0="28,78,58,42,102,62,107,129,108,24,3,134,30" hai1="87,51,38,118,110,47,96,37,6,127,92,81,32" hai2="26,49,103,60,88,94,69,82,34,39,115,133,31" hai3="106,15,72,64,52,21,50,46,33,8,57,22,35"/><V12/><F39/><W122/><G122/><T84/><D3/><U120/><E32/><V1/><F1/><W67/><G106/><T79/><D129/><U23/><E120/><V0/><F0/><W70/><G72/><T97/><D134/><U45/><E118/><V10/><F133/><W61/><G70/><T109/><D42/><U48/><E110/><N who="0" m="42601" /><D84/><U85/><E6/><V90/><F115/><W132/><G132/><T66/><D30/><U75/><E75/><V2/><F2/><W126/><G126/><T100/><D100/><U80/><E23/><AGARI ba="0,0" hai="23,24,28,58,62,66,78,79,97,102,107" m="42601" machi="23" ten="30,1000,0" yaku="14,1" doraHai="104" who="0" fromWho="1" sc="250,10,250,-10,269,0,231,0" /><INIT seed="3,0,0,2,1,108" ten="260,240,269,231" oya="3" hai0="46,90,8,79,20,68,74,107,80,63,18,120,84" hai1="77,102,21,9,123,14,15,82,51,125,13,98,50" hai2="52,101,70,28,91,119,33,67,75,10,55,69,76" hai3="78,30,135,65,127,59,96,94,126,103,95,118,25"/><W112/><G118/><T27/><D120/><U113/><E123/><V81/><F119/><W134/><G78/><T89/><D107/><U111/><E111/><V36/><F36/><W47/><G47/><T17/><D68/><U5/><E125/><N who="3" m="47626" /><G112/><T11/><D63/><U39/><E39/><V26/><F101/><W72/><G72/><T87/><D46/><U45/><E113/><V114/><F114/><W7/><G7/><T57/><D57/><U92/><E21/><V104/><F104/><N who="3" m="63591" /><G59/><T105/><D105/><U99/><E99/><V54/><F67/><W58/><G58/><T0/><D0/><U115/><E115/><V37/><F37/><W93/><G65/><T23/><D74/><U62/><E62/><V29/><F91/><W31/><G31/><T41/><D41/><U1/><REACH who="1" step="1"/><E45/><REACH who="1" ten="260,230,269,231" step="2"/><V43/><F33/><AGARI ba="0,1" hai="25,30,33,93,94,95,134,135" m="63591,47626" machi="33" ten="30,1500,0" yaku="18,1" doraHai="108" who="3" fromWho="2" sc="260,0,230,0,269,-15,231,25" /><INIT seed="3,1,0,4,0,72" ten="260,230,254,256" oya="3" hai0="78,39,35,105,61,5,43,3,63,50,122,112,74" hai1="93,89,36,52,125,119,64,46,134,31,117,14,30" hai2="99,59,129,68,51,41,55,25,120,97,38,15,82" hai3="47,56,65,20,16,133,102,91,54,19,79,29,0"/><W124/><G0/><T101/><D50/><N who="1" m="28759" /><E36/><V62/><F129/><W57/><G133/><T21/><D21/><U8/><E134/><V127/><F127/><W69/><G69/><T26/><D122/><U70/><E70/><V10/><F120/><W88/><G124/><T103/><D103/><U96/><E64/><N who="2" m="40983" /><F25/><N who="3" m="16551" /><G102/><T85/><D112/><U126/><E126/><V33/><F82/><W128/><G128/><T1/><D85/><U4/><E125/><V100/><F33/><W18/><G79/><T22/><D35/><U123/><E123/><V83/><F83/><W121/><G121/><T66/><D1/><U76/><E76/><V95/><F95/><W106/><G106/><T45/><D78/><U9/><E9/><V75/><F75/><W34/><G34/><T108/><D74/><U131/><E131/><V84/><F84/><W107/><G107/><T98/><D3/><U44/><E44/><N who="2" m="23607" /><F100/><W130/><G130/><T71/><D101/><U135/><E135/><V110/><F110/><W32/><G32/><T73/><D108/><U114/><E114/><V90/><F90/><N who="3" m="34347" /><G65/><T111/><D66/><U113/><E113/><V116/><F116/><AGARI ba="1,0" hai="4,8,14,30,31,89,93,96,116,117,119" m="28759" machi="116" ten="30,2000,0" yaku="12,1,54,1" doraHai="72" who="1" fromWho="2" sc="260,0,230,23,254,-23,256,0" /><INIT seed="4,0,0,1,5,21" ten="260,253,231,256" oya="0" hai0="2,10,60,98,80,126,132,66,62,121,93,8,39" hai1="72,47,75,119,125,36,70,44,106,15,127,130,107" hai2="55,111,120,90,78,100,129,57,116,104,108,81,37" hai3="25,3,24,41,29,85,79,105,20,31,89,22,11"/><T102/><D39/><U23/><E70/><V53/><F120/><W112/><G105/><N who="1" m="39946" /><E15/><V35/><F35/><W122/><G122/><T63/><D121/><U48/><E23/><V19/><F37/><W54/><G41/><T124/><D132/><U5/><E5/><V109/><F116/><W134/><G134/><T9/><D2/><U114/><E36/><V34/><F34/><W46/><G112/><T94/><D66/><U16/><E48/><V76/><F53/><W58/><G79/><T123/><D123/><U14/><E14/><V17/><F90/><W51/><G3/><T131/><D131/><U1/><E1/><V135/><F129/><W82/><G11/><T97/><REACH who="0" step="1"/><D80/><REACH who="0" ten="250,253,231,256" step="2"/><U45/><E130/><V84/><F135/><W61/><G61/><T56/><D56/><AGARI ba="0,1" hai="20,22,24,25,29,31,46,51,54,56,58,82,85,89" machi="56" ten="40,8000,1" yaku="9,1,8,1,52,2" doraHai="21" who="3" fromWho="0" sc="250,-80,253,0,231,0,256,90" /><INIT seed="5,0,0,2,2,62" ten="170,253,231,346" oya="1" hai0="25,4,12,77,116,39,37,11,80,102,89,76,95" hai1="31,53,43,134,59,61,35,18,47,45,41,1,8" hai2="117,6,27,120,100,15,28,46,3,57,133,66,112" hai3="13,85,17,5,42,121,105,98,124,96,16,73,107"/><U75/><E75/><V72/><F117/><W26/><G121/><T69/><D69/><U126/><E126/><V64/><F120/><W111/><G111/><T54/><D116/><U135/><E35/><V67/><F72/><W24/><G73/><T109/><D109/><U129/><E31/><V106/><F3/><W40/><G5/><T128/><D128/><U63/><E129/><V21/><F133/><N who="1" m="50697" /><E1/><V82/><F112/><W125/><G85/><T74/><D77/><U2/><E2/><V65/><F82/><W38/><G13/><T33/><D102/><U108/><E108/><V101/><F46/><N who="1" m="17417" /><E8/><N who="2" m="4503" /><F106/><W48/><G48/><T94/><D94/><U78/><E18/><V30/><F30/><W119/><G119/><T92/><D92/><U130/><E78/><V22/><F22/><W29/><REACH who="3" step="1"/><G29/><REACH who="3" ten="170,253,231,336" step="2"/><T115/><D74/><U93/><E130/><V9/><F9/><W86/><G86/><T131/><D11/><U58/><E93/><V97/><F97/><W19/><G19/><T127/><D95/><U49/><E49/><V118/><F118/><W44/><G44/><T91/><D127/><U81/><E81/><V71/><F71/><W55/><G55/><AGARI ba="0,1" hai="41,43,53,55,58,59,61,63" m="17417,50697" machi="55" ten="30,5800,0" yaku="20,1,34,2" doraHai="62" who="1" fromWho="3" sc="170,0,253,68,231,0,336,-58" /><INIT seed="5,1,0,5,3,47" ten="170,321,231,278" oya="1" hai0="75,1,127,112,17,20,63,95,84,39,67,76,133" hai1="4,87,107,18,28,44,64,35,102,132,23,60,53" hai2="49,105,81,25,120,109,24,74,37,97,69,36,78" hai3="82,77,131,0,86,34,91,70,54,93,61,58,7"/><U31/><E4/><V68/><F109/><W56/><G70/><T3/><D127/><U100/><E132/><V2/><F2/><W121/><G34/><T92/><D133/><U51/><E87/><V9/><F120/><W32/><G32/><T114/><D39/><U128/><E128/><V135/><F135/><W14/><G0/><T119/><D119/><U59/><E107/><V89/><F37/><W66/><G131/><T29/><D29/><N who="1" m="11339" /><E35/><V99/><F36/><W90/><G121/><T65/><D75/><U83/><E83/><V108/><F108/><W115/><G115/><N who="0" m="44075" /><D76/><U118/><E118/><V21/><F9/><N who="3" m="4415" /><G93/><N who="0" m="35915" /><D84/><U98/><E98/><V12/><F99/><W94/><G94/><T11/><D11/><U117/><E117/><V116/><F97/><W134/><G134/><T46/><D46/><U122/><E122/><V104/><F105/><W57/><G57/><N who="0" m="37103" /><D67/><U130/><E130/><V30/><F116/><W123/><G123/><T50/><D1/><U111/><E111/><V40/><F69/><W88/><G77/><T129/><D3/><U41/><E64/><V96/><F68/><W10/><G10/><T43/><D129/><U62/><E62/><AGARI ba="1,0" hai="54,56,58,61,62,66,82,86,88,90,91" m="4415" machi="62" ten="30,2000,0" yaku="8,1,54,1" doraHai="47" who="3" fromWho="1" sc="170,0,321,-23,231,0,278,23" /><INIT seed="6,0,0,3,0,112" ten="170,298,231,301" oya="2" hai0="24,111,8,79,113,125,23,76,25,122,100,72,118" hai1="77,2,26,0,71,84,5,127,43,37,18,126,81" hai2="101,31,103,22,47,68,80,39,54,86,15,13,96" hai3="42,17,133,120,10,44,134,85,92,28,61,109,110"/><V102/><F68/><W89/><G120/><T91/><D111/><U132/><E71/><V87/><F96/><W52/><G28/><T30/><D122/><U63/><E63/><V33/><F33/><W130/><G130/><T119/><D113/><U21/><E132/><N who="3" m="50794" /><G17/><T128/><D128/><U104/><E104/><V99/><F99/><W49/><G10/><T131/><D131/><U45/><REACH who="1" step="1"/><E5/><REACH who="1" ten="170,288,231,301" step="2"/><V121/><F121/><W93/><G93/><T46/><D125/><AGARI ba="0,1" hai="0,2,18,21,26,37,43,45,77,81,84,125,126,127" machi="125" ten="40,5200,0" yaku="1,1,2,1,18,1,53,0" doraHai="112" doraHaiUra="57" who="1" fromWho="0" sc="170,-52,288,62,231,0,301,0" /><INIT seed="7,0,0,3,2,122" ten="118,350,231,301" oya="3" hai0="117,49,88,5,32,38,27,131,31,125,21,1,29" hai1="46,75,98,37,93,68,24,36,41,10,81,82,73" hai2="57,84,58,34,50,56,110,135,101,70,18,126,39" hai3="13,111,15,33,19,97,45,123,43,107,54,116,11"/><W77/><G116/><T119/><D38/><U127/><E68/><V71/><F34/><W28/><G123/><T22/><D131/><U14/><E37/><V59/><F39/><W60/><G77/><T8/><D125/><U104/><E104/><V35/><F35/><W79/><G79/><T26/><D49/><U114/><E127/><V7/><F7/><W63/><G15/><T53/><D53/><U12/><E24/><V99/><F126/><W109/><G28/><T86/><REACH who="0" step="1"/><D32/><REACH who="0" ten="108,350,231,301" step="2"/><U121/><E121/><V0/><F50/><N who="3" m="26943" /><G33/><T108/><D108/><N who="3" m="41545" /><G54/><T62/><D62/><U44/><E36/><V16/><F110/><W129/><G129/><T55/><D55/><U90/><E41/><V87/><F0/><W105/><G97/><T76/><D76/><U134/><E98/><V124/><F124/><W51/><G51/><T67/><D67/><U85/><E46/><V94/><F99/><W89/><G89/><T115/><D115/><U91/><E44/><V9/><F101/><W92/><G92/><AGARI ba="0,1" hai="1,5,8,21,22,26,27,29,31,86,88,92,117,119" machi="92" ten="30,8000,1" yaku="1,1,7,1,9,1,54,1,53,1" doraHai="122" doraHaiUra="3" who="0" fromWho="3" sc="108,90,350,0,231,0,301,-80" owari="198,-30.0,350,45.0,231,3.0,221,-18.0" /></mjloggm>