<mjloggm ver="2.3"><GO type="41"/><UN n0="%EF%BC%AA%EF%BC%AA" n1="%CE%B1%CE%B9%E2%80%A0%E5%A7%AB%E3%80%91" n2="%EF%BC%88%E2%89%A7%E2%96%BD%E2%89%A6%EF%BC%89" n3="%43%4C%53%43" dan="13,13,14,14" rate="1884,1859,2044,1875" sx="M,M,M,M"/><TAIKYOKU oya="0"/><INIT seed="0,0,0,0,4,103" ten="250,250,250,250" oya="0" hai0="123,28,13,119,14,71,52,20,21,81,31,18,4" hai1="70,58,116,105,95,128,126,32,12,98,67,36,88" hai2="132,68,80,97,117,99,86,106,127,8,82,69,6" hai3="96,35,59,133,118,87,34,78,10,77,39,83,111"/><T73/><D119/><U114/><E116/><V56/><F117/><W1/><G118/><RYUUKYOKU type="kaze4" ba="0,0" sc="250,0,250,0,250,0,250,0" /><INIT seed="0,1,0,3,3,119" ten="250,250,250,250" oya="0" hai0="0,125,37,96,83,65,91,63,85,22,110,72,14" hai1="115,24,77,17,109,52,60,106,4,95,104,53,29" hai2="121,97,31,1,86,70,114,66,48,50,133,61,126" hai3="102,113,13,45,131,108,36,123,100,71,35,57,6"/><T12/><D125/><U25/><E115/><V94/><F114/><W51/><G113/><T26/><D37/><U89/><E109/><V87/><F1/><W130/><G71/><T64/><D0/><U59/><E77/><V55/><F126/><W42/><G35/><T132/><D132/><U39/><E4/><V47/><F133/><W75/><G75/><T20/><D110/><U9/><E39/><V67/><F121/><W41/><G108/><T76/><D96/><U44/><E44/><V69/><F31/><W120/><G57/><T19/><D63/><U93/><E93/><V74/><F74/><W80/><G80/><T18/><REACH who="0" step="1"/><D26/><REACH who="0" step="2"/><U3/><E3/><V5/><F69/><W7/><G36/><T28/><D28/><U10/><E106/><V30/><F30/><W23/><G13/><T112/><D112/><U98/><E104/><V129/><F70/><W8/><G51/><T103/><D103/><U105/><E105/><V107/><F107/><W38/><G38/><T33/><D33/><U79/><E79/><V88/><F61/><W68/><G68/><T127/><D127/><U32/><REACH who="1" step="1"/><E53/><REACH who="1" step="2"/><V134/><F55/><W90/><G90/><T117/><D117/><U54/><E54/><V21/><F88/><W73/><G73/><T62/><D62/><U34/><E34/><V40/><F134/><W56/><G23/><AGARI ba="1,2" hai="9,10,17,23,24,25,29,32,52,59,60,89,95,98" machi="23" ten="40,8000,1" yaku="1,1,25,2,54,1,53,0" doraHai="119" doraHaiUra="122" who="1" fromWho="3" sc="240,0,240,103,250,0,250,-83" /><INIT seed="1,0,0,2,3,6" ten="240,343,250,167" oya="1" hai0="59,116,27,128,110,24,17,85,131,14,47,51,71" hai1="8,108,133,61,63,93,121,48,73,55,22,25,125" hai2="26,16,105,34,114,68,32,118,77,29,123,115,35" hai3="80,49,15,135,30,99,11,39,79,46,33,82,113"/><U20/><E121/><V98/><F68/><W75/><G113/><N who="2" m="43017" /><F77/><W37/><G135/><T129/><D116/><U88/><E73/><V38/><F38/><W40/><G99/><T52/><D71/><U66/><E133/><V2/><F123/><W126/><G126/><T69/><D69/><U117/><E125/><V87/><F118/><W60/><G82/><T10/><D110/><U36/><E36/><V100/><F2/><W53/><G30/><T96/><D96/><U134/><E134/><V5/><F5/><W74/><G33/><N who="2" m="12905" /><F87/><W50/><G60/><N who="1" m="23114" /><E117/><V12/><F12/><W72/><G72/><T104/><D104/><U19/><E66/><V62/><F62/><W86/><G75/><T4/><D59/><N who="1" m="33255" /><E108/><V89/><F89/><W111/><G74/><T58/><D58/><U45/><E45/><V64/><F64/><W112/><G111/><T43/><D43/><U18/><E25/><V78/><F78/><W109/><G109/><T132/><D132/><U42/><E42/><V90/><F90/><W44/><REACH who="3" step="1"/><G112/><REACH who="3" step="2"/><T127/><D127/><U107/><E107/><V91/><F91/><W102/><G102/><T67/><D67/><U65/><E65/><V101/><F100/><W92/><G92/><T1/><REACH who="0" step="1"/><D85/><REACH who="0" step="2"/><U124/><E124/><V54/><F98/><W94/><G94/><T28/><D28/><U41/><E93/><V7/><F29/><W106/><G106/><T31/><D31/><U103/><E103/><V3/><F101/><W122/><G122/><T23/><AGARI ba="0,2" hai="1,4,10,14,17,23,24,27,47,51,52,128,129,131" machi="23" ten="30,8000,1" yaku="1,1,0,1,19,1,52,1,54,1,53,0" doraHai="6" doraHaiUra="76" who="0" fromWho="0" sc="230,100,343,-40,250,-20,157,-20" /><INIT seed="2,0,0,3,3,29" ten="330,303,230,137" oya="2" hai0="21,109,92,91,0,49,81,101,85,95,70,59,1" hai1="54,15,86,134,24,129,63,125,122,133,124,12,103" hai2="5,33,76,84,40,98,41,113,16,99,108,56,62" hai3="75,120,127,88,8,105,94,64,27,60,79,93,115"/><V26/><F113/><W4/><G120/><T65/><D70/><U28/><E103/><V22/><F108/><W31/><G105/><T45/><D109/><U131/><E122/><V46/><F5/><W48/><G115/><T132/><D132/><N who="1" m="50795" /><E86/><V66/><F33/><W9/><G127/><N who="1" m="48714" /><E63/><V18/><F18/><W43/><G79/><T110/><D110/><U42/><E42/><V25/><F25/><W51/><G75/><T97/><D1/><U104/><E104/><V38/><REACH who="2" step="1"/><F40/><REACH who="2" step="2"/><W53/><G43/><T19/><D0/><U11/><E54/><V111/><F111/><W135/><G135/><T32/><D32/><N who="1" m="20487" /><E11/><V87/><F87/><W13/><G8/><T17/><D21/><U14/><AGARI ba="0,1" hai="12,14,15,129,131" m="20487,48714,50795" machi="14" ten="40,12000,2" yaku="30,2,20,1,18,1,34,2,52,1" doraHai="29" who="1" fromWho="1" sc="330,-30,303,130,220,-60,137,-30" /><INIT seed="3,0,0,4,2,59" ten="300,433,160,107" oya="3" hai0="12,6,23,5,56,88,15,24,78,63,93,75,94" hai1="27,43,70,115,77,34,131,72,73,40,37,65,97" hai2="123,20,3,2,133,45,48,51,64,8,101,128,74" hai3="21,62,76,134,29,99,96,84,113,85,39,13,9"/><W124/><G113/><T92/><D75/><U44/><E115/><V68/><F74/><W66/><G39/><T69/><D78/><U26/><E131/><V135/><F128/><W132/><G124/><T105/><D69/><U122/><E122/><V4/><F123/><W52/><G21/><T109/><D105/><U61/><E26/><V55/><F101/><W30/><G30/><N who="0" m="17695" /><D109/><U49/><E40/><V7/><F20/><W87/><G76/><T118/><D118/><U89/><E49/><V19/><F19/><N who="3" m="8623" /><G29/><T58/><D58/><U11/><E11/><V81/><F81/><W60/><G66/><N who="0" m="39271" /><D6/><U127/><E127/><V90/><F90/><W121/><G121/><T1/><D1/><U71/><E89/><V41/><F4/><W16/><G16/><T17/><D5/><U108/><E108/><V110/><F3/><W31/><G31/><T119/><D119/><U35/><E71/><V117/><F110/><W111/><G111/><T0/><D0/><U95/><E95/><N who="0" m="36425" /><D17/><U125/><E125/><V83/><F117/><W130/><G130/><T22/><D22/><U33/><E27/><V104/><F104/><W107/><G107/><T80/><D80/><N who="1" m="45095" /><E97/><AGARI ba="0,0" hai="12,15,88,94,97" m="36425,39271,17695" machi="97" ten="30,3900,0" yaku="8,1,52,1,54,1" doraHai="59" who="0" fromWho="1" sc="300,39,433,-39,160,0,107,0" /><INIT seed="4,0,0,3,5,86" ten="339,394,160,107" oya="0" hai0="135,92,65,122,132,58,0,1,105,4,72,61,107" hai1="20,55,6,68,46,54,110,45,26,128,22,67,89" hai2="3,43,51,63,131,2,87,133,126,108,95,59,123" hai3="13,15,73,106,53,25,17,18,80,44,32,57,14"/><T82/><D122/><U38/><E6/><V30/><F123/><W102/><G102/><T103/><D72/><U47/><E38/><V33/><F108/><W115/><G106/><T101/><D82/><U124/><E110/><V125/><F133/><N who="0" m="51274" /><D4/><U74/><E74/><V90/><F131/><W10/><G115/><T117/><D117/><U69/><E128/><V96/><F33/><W114/><G114/><T34/><D34/><U60/><E124/><N who="2" m="47723" /><F30/><W36/><G36/><T12/><D12/><U56/><E20/><V94/><F51/><W71/><G71/><N who="1" m="27210" /><E89/><N who="2" m="55375" /><F43/><W7/><G44/><N who="1" m="17002" /><E22/><V104/><F104/><N who="0" m="40010" /><D92/><U85/><E85/><V21/><F21/><W100/><G100/><AGARI ba="0,0" hai="0,1,58,61,65,100,101,103" m="40010,51274" machi="100" ten="30,1500,0" yaku="20,1" doraHai="86" who="0" fromWho="3" sc="339,15,394,0,160,0,107,-15" /><INIT seed="4,1,0,1,0,102" ten="354,394,160,92" oya="0" hai0="14,43,107,120,7,91,55,20,16,88,33,131,12" hai1="80,0,17,68,46,114,123,83,42,13,52,27,73" hai2="48,99,98,34,11,126,76,62,97,108,19,112,5" hai3="129,89,23,72,133,117,1,51,39,30,79,29,64"/><T118/><D120/><U58/><E123/><V85/><F108/><W6/><G117/><T128/><D118/><U105/><E114/><V90/><F112/><W38/><G39/><T86/><D33/><U96/><E0/><V106/><F126/><W115/><G38/><T65/><D43/><U25/><E68/><V54/><F34/><W84/><G115/><T31/><D65/><U95/><E83/><V94/><F19/><W53/><G64/><T35/><D107/><U69/><E69/><V121/><F121/><W113/><G113/><T93/><D55/><U67/><E105/><V36/><F36/><W61/><G61/><T116/><D116/><U101/><E67/><V81/><F62/><W66/><G66/><T57/><D57/><U10/><E73/><V18/><F18/><W9/><G133/><T59/><D59/><U28/><E80/><V15/><REACH who="2" step="1"/><F106/><REACH who="2" step="2"/><W110/><G110/><T26/><REACH who="0" step="1"/><D91/><REACH who="0" step="2"/><U104/><E104/><V21/><F21/><W3/><G3/><T74/><D74/><U22/><E46/><AGARI ba="1,2" hai="5,11,15,46,48,54,76,81,85,90,94,97,98,99" machi="46" ten="30,3900,0" yaku="1,1,7,1,8,1,53,0" doraHai="102" doraHaiUra="111" who="2" fromWho="1" sc="344,0,394,-42,150,62,92,0" /><INIT seed="5,0,0,4,0,14" ten="344,352,212,92" oya="1" hai0="46,7,8,26,132,13,55,49,59,134,65,96,74" hai1="24,27,83,15,29,52,67,41,129,100,16,58,104" hai2="2,97,77,56,119,38,25,36,117,84,0,32,103" hai3="79,54,17,98,115,40,87,108,127,88,114,12,135"/><U82/><E104/><N who="2" m="63599" /><F56/><W66/><G108/><T72/><D26/><N who="1" m="9771" /><E129/><V76/><F84/><W106/><G135/><N who="0" m="51755" /><D96/><U93/><E67/><V11/><F77/><W61/><G40/><N who="0" m="24775" /><D65/><U42/><E100/><V111/><F76/><W118/><G79/><T28/><D28/><U47/><E93/><V75/><F75/><W57/><G127/><T3/><D3/><U35/><E35/><V126/><F0/><W69/><G118/><T9/><D8/><N who="1" m="6247" /><E29/><V70/><F2/><W95/><G98/><T110/><D110/><U22/><E22/><V105/><F119/><W18/><G106/><T60/><AGARI ba="0,0" hai="7,9,13,55,59,60,72,74" m="24775,51755" machi="60" ten="30,1100,0" yaku="20,1" doraHai="14" who="0" fromWho="0" sc="344,11,352,-5,212,-3,92,-3" /><INIT seed="6,0,0,1,5,10" ten="355,347,209,89" oya="2" hai0="90,61,32,57,99,72,66,78,41,109,47,42,38" hai1="21,130,131,36,6,135,91,112,7,122,14,74,100" hai2="22,46,15,27,129,1,49,37,79,102,103,55,9" hai3="30,77,120,125,88,35,54,53,87,45,12,94,26"/><V108/><F1/><W39/><G120/><T67/><D32/><U96/><E36/><V2/><F2/><W70/><G70/><T13/><D109/><U34/><E74/><V132/><F108/><W0/><G0/><T24/><D42/><U101/><E122/><V51/><F37/><W133/><G133/><T134/><D134/><U80/><E135/><V69/><F69/><W95/><G77/><T71/><D24/><U114/><E34/><V118/><F118/><W8/><G125/><T63/><D72/><U98/><E80/><V73/><F132/><W40/><REACH who="3" step="1"/><G95/><REACH who="3" step="2"/><T3/><D3/><U111/><E111/><V115/><F79/><W60/><G60/><T23/><D78/><U56/><E114/><V20/><F115/><W33/><G33/><T64/><D64/><U4/><E112/><V83/><F73/><W18/><AGARI ba="0,1" hai="8,12,18,26,30,35,39,40,45,53,54,87,88,94" machi="18" ten="20,8000,1" yaku="1,1,0,1,7,1,52,1,54,1,53,0" doraHai="10" doraHaiUra="116" who="3" fromWho="3" sc="355,-20,347,-20,209,-40,79,90" /><INIT seed="7,0,0,1,5,32" ten="335,327,169,169" oya="3" hai0="121,30,14,55,127,66,102,10,25,69,7,117,113" hai1="5,31,1,89,81,39,122,33,12,47,15,134,96" hai2="52,77,44,107,104,76,70,56,43,100,74,118,40" hai3="109,116,9,2,125,73,23,50,87,105,60,83,41"/><W26/><G116/><T38/><D121/><U65/><E122/><V20/><F70/><W108/><G105/><T61/><D117/><U49/><E134/><V110/><F118/><W17/><G73/><T82/><D38/><U27/><E65/><V13/><F110/><N who="3" m="42603" /><G60/><T80/><D127/><U63/><E63/><N who="2" m="36231" /><F74/><W8/><G2/><T59/><D102/><U45/><E1/><V124/><F107/><W99/><G99/><T135/><D135/><U92/><E39/><V88/><F104/><W115/><G115/><T129/><D129/><U98/><E98/><V36/><F36/><W58/><G125/><T120/><D120/><U84/><E5/><V119/><F100/><W53/><G41/><N who="2" m="15945" /><F44/><W29/><G29/><T90/><D90/><AGARI ba="0,0" hai="8,9,17,23,26,50,53,58,83,87,90" m="42603" machi="90" ten="30,1500,0" yaku="10,1" doraHai="32" who="3" fromWho="0" sc="335,-15,327,0,169,0,169,15" /><INIT seed="7,1,0,0,5,50" ten="320,327,169,184" oya="3" hai0="114,129,26,80,48,17,121,79,93,87,63,99,6" hai1="9,88,11,81,117,89,69,60,21,42,53,76,34" hai2="56,111,47,131,40,94,3,97,104,1,90,52,124" hai3="86,27,83,64,15,113,118,23,22,39,57,120,7"/><W133/><G120/><T65/><D121/><U41/><E34/><V125/><F111/><W110/><G118/><T43/><D129/><U75/><E117/><V61/><F104/><W127/><G39/><T0/><D114/><U107/><E107/><V5/><F131/><W130/><G113/><T92/><D0/><U115/><E115/><V119/><F119/><W54/><G130/><T109/><D6/><U134/><E134/><V85/><F97/><W16/><G133/><T33/><D109/><U95/><E89/><V31/><F31/><N who="3" m="17911" /><G110/><T123/><D123/><U13/><E21/><V44/><F44/><W46/><G7/><T58/><D99/><U72/><E72/><V66/><F66/><W18/><G18/><T73/><D73/><U108/><E108/><V10/><REACH who="2" step="1"/><F3/><REACH who="2" step="2"/><W55/><G46/><N who="0" m="25695" /><D33/><U71/><E75/><V116/><F116/><W91/><G127/><T32/><D32/><U59/><E71/><V35/><F35/><W12/><G12/><T84/><D87/><N who="1" m="48551" /><E69/><V45/><F45/><W20/><G20/><AGARI ba="1,1" hai="17,20,26,58,63,65,79,80,84,92,93" m="25695" machi="20" ten="30,1000,0" yaku="8,1" doraHai="50" who="0" fromWho="3" sc="320,23,327,0,159,0,184,-13" owari="343,44.0,327,13.0,159,-34.0,171,-23.0" /></mjloggm>