<mjloggm ver="2.3"><GO type="169"/><UN n0="%E5%BB%89%E5%A4%AA%E9%83%8E" n1="%EF%BC%88%E2%89%A7%E2%96%BD%E2%89%A6%EF%BC%89" n2="%E3%81%93%E3%81%98%E3%82%8D" n3="%E3%83%A4%E3%82%AD%E3%83%B3" dan="17,18,17,17" rate="2088,2181,2135,2174" sx="M,M,M,M"/><TAIKYOKU oya="0"/><INIT seed="0,0,0,1,1,44" ten="250,250,250,250" oya="0" hai0="116,31,43,27,109,23,82,32,40,103,70,55,117" hai1="98,10,73,53,106,9,11,13,114,62,91,36,102" hai2="2,79,118,115,46,22,80,107,54,127,48,105,16" hai3="93,69,25,15,89,47,78,7,19,52,134,58,41"/><T1/><D70/><U49/><E114/><V45/><F2/><W120/><G69/><T87/><D1/><U126/><E36/><V71/><F71/><W113/><G113/><T133/><D103/><U35/><E35/><V130/><F115/><W83/><G134/><T119/><D133/><U86/><E73/><V85/><F118/><W131/><G131/><T75/><D75/><U30/><E30/><V29/><F29/><W18/><G120/><T67/><D67/><U60/><E13/><V26/><F130/><W122/><G122/><T17/><D109/><U63/><E126/><V135/><F135/><W50/><G25/><T0/><D0/><U112/><E112/><V90/><F127/><W101/><G101/><T37/><D37/><U96/><E102/><V42/><REACH who="2" step="1"/><F79/><REACH who="2" ten="250,250,240,250" step="2"/><W77/><G77/><T132/><D132/><U3/><E3/><V125/><F125/><W66/><G78/><T123/><D123/><U61/><E106/><V57/><F57/><W8/><G83/><T39/><D31/><U74/><E74/><V128/><F128/><W5/><G66/><T100/><D116/><U56/><N who="1" m="15360" /><DORA hai="68" /><U97/><REACH who="1" step="1"/><E97/><REACH who="1" ten="250,240,240,250" step="2"/><V24/><F24/><W51/><G5/><T38/><D117/><U104/><E104/><V108/><F108/><W99/><AGARI ba="0,2" hai="7,8,15,18,19,41,47,50,51,52,58,89,93,99" machi="99" ten="20,12000,2" yaku="0,1,7,1,8,1,52,2,54,1" doraHai="44,68" who="3" fromWho="3" sc="250,-60,240,-30,240,-30,250,140" /><INIT seed="1,0,0,1,4,94" ten="190,210,210,390" oya="1" hai0="46,64,89,10,106,90,56,44,133,128,4,99,131" hai1="72,29,60,13,49,54,14,8,53,97,125,121,20" hai2="55,104,119,1,7,63,112,67,12,117,80,92,66" hai3="58,75,83,38,36,6,101,116,103,135,31,30,77"/><U86/><E72/><V69/><F104/><W115/><G115/><T37/><D133/><U26/><E121/><V22/><F67/><W61/><G135/><T68/><D68/><U130/><E125/><V126/><F126/><W84/><G116/><T91/><D37/><U28/><E130/><N who="0" m="49705" /><D56/><N who="1" m="34839" /><E86/><V114/><F1/><W88/><G6/><T51/><D64/><U50/><E29/><V98/><F80/><W108/><G108/><T109/><D109/><U93/><E8/><N who="2" m="4127" /><F55/><W3/><G3/><N who="0" m="287" /><D51/><N who="1" m="19467" /><E53/><V82/><F22/><W73/><G38/><T78/><D78/><U47/><E47/><V35/><F82/><W124/><G36/><T96/><D106/><U19/><E28/><V87/><F87/><W111/><G111/><T76/><D76/><U79/><E79/><V11/><F11/><W18/><G75/><T43/><D43/><U102/><AGARI ba="0,0" hai="13,14,19,20,26,93,97,102" m="19467,34839" machi="102" ten="30,3000,0" yaku="8,1,52,1" doraHai="94" who="1" fromWho="1" sc="190,-10,210,30,210,-10,390,-10" /><INIT seed="1,1,0,3,1,90" ten="180,240,200,380" oya="1" hai0="66,95,104,97,93,122,64,67,53,91,133,41,124" hai1="44,114,2,103,87,73,94,47,69,131,6,25,52" hai2="61,26,70,27,29,12,48,59,127,36,56,4,16" hai3="76,58,80,57,18,129,116,23,123,34,46,75,49"/><U62/><E73/><V89/><F36/><W109/><G123/><T22/><D104/><U74/><E114/><V86/><F127/><W42/><G34/><T130/><D124/><U54/><E74/><V77/><F77/><W43/><G109/><T50/><D133/><U51/><E131/><V132/><F132/><W39/><G129/><T14/><D130/><U45/><E2/><V7/><F70/><W84/><G116/><T32/><D41/><U102/><E6/><V40/><F4/><W108/><G108/><T33/><D122/><U113/><E113/><V13/><F7/><W0/><G0/><T128/><D128/><U9/><E9/><V125/><F12/><W117/><G117/><T98/><D22/><U118/><E118/><V81/><F125/><W99/><G75/><T31/><D14/><U1/><E1/><V112/><F112/><W28/><G28/><T20/><D20/><U37/><E37/><V30/><F30/><W60/><G60/><T78/><D78/><U71/><E25/><N who="2" m="9227" /><F29/><W121/><G121/><T15/><D15/><U119/><E119/><V5/><F5/><W63/><G63/><T120/><D31/><U126/><E126/><V83/><F83/><W92/><G23/><T134/><D134/><U106/><E106/><V35/><F35/><W88/><REACH who="3" step="1"/><G18/><REACH who="3" ten="180,240,200,370" step="2"/><T135/><D135/><U8/><E62/><V55/><F61/><W79/><G79/><T38/><D120/><U68/><E68/><V96/><F16/><W21/><G21/><T82/><D32/><U19/><E69/><V17/><F17/><W65/><G65/><RYUUKYOKU ba="1,1" sc="180,-10,240,-10,200,-10,370,30" hai3="39,42,43,46,49,57,58,76,80,84,88,92,99" /><INIT seed="2,2,1,1,5,50" ten="170,230,190,400" oya="2" hai0="29,117,85,115,70,0,32,8,11,35,61,91,121" hai1="52,47,30,120,2,123,105,62,6,4,86,55,48" hai2="133,124,93,108,101,24,72,106,28,41,25,60,45" hai3="66,107,111,71,126,98,37,80,125,31,57,110,119"/><V75/><F106/><W65/><G119/><T7/><D115/><U64/><E105/><V63/><F133/><W68/><G31/><T44/><D121/><N who="1" m="46667" /><E30/><V58/><F124/><N who="3" m="47723" /><G80/><T76/><D117/><U34/><E34/><V95/><F108/><N who="3" m="41515" /><G37/><T83/><D29/><U135/><E135/><V51/><F72/><W112/><G112/><T36/><D11/><N who="1" m="2455" /><E6/><V109/><F75/><W132/><G132/><T113/><D113/><U56/><E86/><V78/><F78/><W16/><G57/><T97/><D97/><U17/><E17/><V103/><F109/><W54/><G16/><T114/><D114/><U79/><E79/><V90/><F60/><W73/><G73/><T9/><D9/><U130/><E130/><V84/><F95/><W13/><G13/><T39/><D76/><U131/><E131/><V81/><F81/><W88/><G107/><T26/><D26/><U3/><E3/><V18/><F18/><W94/><G54/><AGARI ba="2,1" hai="47,48,52,54,55,56,62,64" m="2455,46667" machi="54" ten="30,8000,1" yaku="13,1,52,3,54,1" doraHai="50" who="1" fromWho="3" sc="170,0,230,96,190,0,400,-86" /><INIT seed="3,0,0,1,2,0" ten="170,326,190,314" oya="3" hai0="22,74,24,113,135,21,58,79,52,49,14,60,93" hai1="118,69,114,54,119,104,70,42,50,117,36,29,103" hai2="25,55,19,57,110,15,18,32,101,5,28,73,90" hai3="132,81,77,27,16,127,41,12,97,107,64,102,35"/><W37/><G127/><T23/><D135/><U115/><E29/><V34/><F73/><W1/><G1/><T129/><D129/><U66/><E103/><V128/><F101/><W67/><G132/><T98/><D113/><N who="1" m="43019" /><E66/><V30/><F110/><W48/><G37/><T80/><D14/><U109/><E104/><V84/><F128/><W51/><G35/><T120/><D120/><U92/><E109/><V75/><F75/><W8/><G27/><T45/><D93/><U43/><E92/><V63/><F30/><W112/><G112/><T95/><D95/><U83/><E36/><V99/><F99/><W76/><G76/><T6/><D98/><U94/><E94/><V86/><F34/><W26/><G26/><T61/><D61/><U126/><E83/><V71/><F71/><N who="1" m="27145" /><E126/><V123/><F123/><W31/><G31/><T10/><D24/><U100/><E100/><V78/><F78/><W47/><REACH who="3" step="1"/><G51/><REACH who="3" ten="170,326,190,304" step="2"/><T111/><D111/><U96/><E96/><V134/><F134/><W40/><G40/><T2/><REACH who="0" step="1"/><D60/><REACH who="0" ten="160,326,190,304" step="2"/><U44/><AGARI ba="0,2" hai="42,43,44,50,54,117,118,119" m="27145,43019" machi="44" ten="40,5200,0" yaku="12,1,34,2" doraHai="0" who="1" fromWho="1" sc="160,-13,326,72,190,-13,304,-26" /><INIT seed="4,0,0,3,5,23" ten="147,398,177,278" oya="0" hai0="10,87,73,97,20,19,37,78,101,93,38,53,82" hai1="129,85,1,130,70,81,14,115,74,28,111,80,62" hai2="128,125,120,104,44,27,118,134,76,36,15,60,66" hai3="46,5,25,68,8,107,35,71,117,100,123,86,39"/><T69/><D69/><U0/><E111/><V95/><F104/><W4/><G117/><T96/><D10/><U26/><E115/><V116/><F76/><W30/><G86/><T45/><D96/><U109/><E109/><V40/><F95/><W121/><G5/><T49/><REACH who="0" step="1"/><D73/><REACH who="0" ten="137,398,177,278" step="2"/><U90/><E74/><V34/><F118/><W31/><G121/><T21/><D21/><U61/><E70/><V9/><F116/><W3/><G123/><T91/><D91/><U113/><E90/><V50/><F120/><W105/><G31/><T12/><AGARI ba="0,1" hai="12,19,20,37,38,45,49,53,78,82,87,93,97,101" machi="12" ten="20,7800,0" yaku="1,1,0,1,7,1,53,1" doraHai="23" doraHaiUra="47" who="0" fromWho="0" sc="137,88,398,-26,177,-26,278,-26" /><INIT seed="4,1,0,2,4,86" ten="225,372,151,252" oya="0" hai0="135,0,131,114,69,93,32,88,62,89,20,76,120" hai1="78,60,19,50,70,40,45,87,129,84,103,107,121" hai2="124,123,118,94,21,127,55,22,48,5,130,134,133" hai3="42,100,112,44,39,85,1,97,8,79,12,33,47"/><T37/><D32/><U7/><E121/><V116/><F94/><W17/><G112/><T122/><D0/><U115/><E115/><V28/><F5/><W54/><G33/><T102/><D114/><U113/><E113/><V95/><F95/><W43/><G1/><T71/><D37/><U6/><E129/><V49/><F28/><W26/><G54/><T104/><D131/><U117/><E117/><N who="2" m="45163" /><F130/><W99/><G26/><T29/><D76/><U13/><E107/><V73/><F73/><W108/><G108/><T106/><D93/><U59/><E70/><V63/><F123/><W109/><G109/><T90/><D102/><U98/><E98/><V64/><F21/><W41/><G100/><T126/><D90/><U68/><E68/><N who="2" m="42015" /><F22/><W80/><REACH who="3" step="1"/><G43/><REACH who="3" ten="225,372,151,242" step="2"/><T18/><D120/><U34/><E103/><V83/><F83/><W91/><G91/><T31/><D88/><U92/><E34/><V57/><F48/><AGARI ba="1,1" hai="8,12,17,39,41,42,44,47,48,79,80,85,97,99" machi="48" ten="30,3900,0" yaku="1,1,7,1,53,1" doraHai="86" doraHaiUra="74" who="3" fromWho="2" sc="225,0,372,0,151,-42,242,52" /><INIT seed="5,0,0,2,5,78" ten="225,372,109,294" oya="1" hai0="131,38,52,24,65,119,111,4,101,61,81,0,99" hai1="87,108,132,89,16,63,96,57,98,114,95,12,134" hai2="18,2,127,13,42,116,43,54,129,30,103,125,120" hai3="49,109,72,23,46,11,62,75,50,121,28,104,90"/><U34/><E34/><V84/><F2/><W122/><G109/><T118/><D119/><U20/><E108/><V76/><F120/><W26/><G104/><T10/><D111/><U31/><E31/><V22/><F116/><W107/><G107/><T130/><D38/><U67/><REACH who="1" step="1"/><E114/><REACH who="1" ten="225,362,109,294" step="2"/><V29/><F129/><W1/><G121/><T25/><D118/><U3/><E3/><V19/><F127/><W126/><G126/><T77/><D130/><U94/><E94/><V53/><F125/><W37/><G122/><T71/><D131/><U35/><E35/><V106/><F106/><W117/><G28/><T32/><D32/><U9/><E9/><V73/><F29/><W56/><G11/><T88/><D101/><U64/><E64/><V27/><F103/><W59/><G117/><T48/><D77/><U44/><E44/><V128/><F128/><W40/><G46/><T15/><D0/><U41/><E41/><V83/><F30/><W14/><G40/><N who="2" m="15401" /><F73/><W97/><G72/><T112/><D112/><U124/><E124/><V8/><AGARI ba="0,1" hai="8,13,18,19,22,27,53,54,76,83,84" m="15401" machi="8" ten="30,2000,0" yaku="8,1,52,1" doraHai="78" who="2" fromWho="2" sc="225,-5,362,-10,109,30,294,-5" /><INIT seed="6,0,0,1,1,126" ten="220,352,139,289" oya="2" hai0="97,57,51,60,108,35,52,33,106,115,134,90,39" hai1="83,29,132,25,53,72,123,30,100,135,118,93,26" hai2="0,16,69,14,55,68,110,89,104,109,13,63,117" hai3="95,81,50,114,122,6,41,119,44,58,46,71,17"/><V40/><F0/><W129/><G71/><T10/><D108/><N who="2" m="41578" /><F104/><W128/><G119/><T85/><D39/><U2/><E2/><V74/><F74/><W127/><G122/><T59/><D115/><U125/><E125/><V98/><F117/><W116/><G116/><T78/><D134/><N who="1" m="51243" /><E123/><V56/><F40/><W38/><G127/><T5/><D78/><N who="1" m="44487" /><E53/><V27/><F27/><N who="1" m="10249" /><E118/><V61/><F13/><W130/><G114/><T65/><D106/><U7/><E7/><V54/><F54/><N who="3" m="30023" /><G6/><T75/><D75/><U34/><E34/><V3/><F3/><W82/><G17/><T22/><D22/><U105/><E105/><V103/><F63/><W1/><G1/><T12/><REACH who="0" step="1"/><D97/><AGARI ba="0,0" hai="29,30,93,97,100" m="10249,44487,51243" machi="97" ten="30,1000,0" yaku="20,1" doraHai="126" who="1" fromWho="0" sc="220,-10,352,10,139,0,289,0" /><INIT seed="7,0,0,2,4,97" ten="210,362,139,289" oya="3" hai0="43,5,104,6,28,68,115,113,129,10,110,26,95" hai1="9,83,103,60,107,66,11,50,21,41,84,36,125" hai2="111,32,56,47,105,46,69,134,52,106,33,135,86" hai3="126,98,109,77,100,122,96,131,76,92,85,133,18"/><W70/><G70/><T22/><D104/><U14/><E36/><V25/><F86/><W40/><G40/><T101/><D110/><U16/><E125/><V90/><F90/><W4/><G122/><T12/><D68/><U13/><E107/><V51/><F25/><W114/><G4/><T94/><D129/><U48/><E103/><V24/><F24/><W78/><G18/><T112/><D43/><U35/><E35/><V73/><F73/><W128/><G126/><T53/><D53/><U87/><E41/><V67/><F106/><N who="3" m="63751" /><G109/><T89/><D5/><N who="1" m="3247" /><E21/><V116/><F105/><W49/><G49/><N who="1" m="19050" /><E83/><V93/><F93/><N who="0" m="35338" /><D89/><U99/><E99/><V58/><F32/><W121/><G114/><T0/><D0/><U75/><E75/><V17/><F33/><W54/><G54/><T55/><D55/><U19/><E19/><V130/><F17/><W124/><G124/><T62/><D62/><U65/><E60/><N who="2" m="40167" /><F111/><W81/><G133/><N who="2" m="50697" /><F130/><N who="3" m="49707" /><G121/><T34/><D34/><U15/><E15/><V120/><F120/><W118/><G118/><T45/><D101/><AGARI ba="0,0" hai="76,77,78,81,85,92,98,101" m="49707,63751" machi="101" ten="30,12000,1" yaku="19,1,34,2,52,2" doraHai="97" who="3" fromWho="0" sc="210,-120,362,0,139,0,289,120" owari="90,-41.0,362,16.0,139,-26.0,409,51.0" /></mjloggm>