<mjloggm ver="2.3"><GO type="169" lobby="0"/><UN n0="%EF%BC%88%E2%89%A7%E2%96%BD%E2%89%A6%EF%BC%89" n1="%79%6F%73%73%69%65%EF%BD%9E" n2="%E3%82%A2%E3%82%B9%E3%82%BF%E3%83%8A" n3="%48%6F%6E%65%6B%6B%6F%5F" dan="18,16,16,16" rate="2250.39,2071.21,2065.83,2127.11" sx="M,F,M,M"/><TAIKYOKU oya="0"/><INIT seed="0,0,0,4,5,119" ten="250,250,250,250" oya="0" hai0="98,34,21,126,0,63,54,106,35,82,92,27,55" hai1="115,26,29,65,22,56,60,122,53,77,64,37,113" hai2="61,6,40,25,62,101,112,95,41,57,66,68,67" hai3="30,4,94,71,86,105,48,90,133,129,124,33,38"/><T7/><D106/><U42/><E77/><V125/><F112/><N who="1" m="43081" /><E122/><V76/><F125/><W117/><G117/><T109/><D126/><U110/><E110/><V2/><F76/><W91/><G38/><T74/><D109/><U18/><E29/><V69/><F25/><W132/><G124/><T107/><D107/><U10/><E10/><V51/><F6/><W73/><G73/><T12/><D0/><U123/><E123/><V11/><F11/><W52/><G129/><T45/><D74/><U127/><E127/><V3/><F101/><W120/><G120/><T135/><D135/><U89/><E89/><V44/><F95/><W131/><G131/><T96/><D82/><U121/><E121/><V81/><F81/><W111/><G111/><T130/><D130/><U104/><E104/><V46/><F2/><W47/><G71/><N who="2" m="27209" /><F3/><W100/><G4/><T70/><D70/><U80/><E80/><V1/><F1/><W17/><G17/><N who="0" m="12719" /><D34/><U28/><E28/><V85/><F85/><W99/><REACH who="3" step="1"/><G91/><REACH who="3" ten="250,250,250,240" step="2"/><T8/><D7/><U108/><E108/><V5/><F5/><W72/><G72/><T103/><D103/><U15/><E18/><V50/><F62/><W128/><G128/><T36/><D63/><U49/><E60/><V97/><F97/><W88/><G88/><T13/><D98/><U58/><E64/><AGARI ba="0,1" hai="40,41,44,46,50,51,57,61,64,66,67" m="27209" machi="64" ten="30,8000,1" yaku="35,5" doraHai="119" who="2" fromWho="1" sc="250,0,250,-80,250,90,240,0" /><INIT seed="1,0,0,1,0,130" ten="250,170,340,240" oya="1" hai0="59,44,16,124,68,3,29,69,36,92,104,13,66" hai1="19,51,10,109,21,8,47,119,12,58,108,76,123" hai2="25,70,80,73,11,15,5,14,43,17,72,82,91" hai3="90,62,7,135,74,99,88,125,78,133,132,100,31"/><U61/><E119/><V134/><F70/><W54/><G125/><T65/><D104/><U101/><E123/><V98/><F25/><W127/><G127/><T128/><D3/><U96/><E76/><V64/><F64/><W50/><G7/><T112/><D124/><U106/><E47/><V46/><F82/><N who="3" m="45399" /><G31/><T111/><D128/><U79/><E79/><V110/><F110/><N who="1" m="42601" /><E51/><V97/><F73/><W41/><G41/><T84/><D111/><U52/><AGARI ba="0,0" hai="8,10,12,19,21,52,58,61,96,101,106" m="42601" machi="52" ten="30,6000,0" yaku="14,1,10,1,54,1" doraHai="130" who="1" fromWho="1" sc="250,-20,170,60,340,-20,240,-20" /><INIT seed="1,1,0,3,3,113" ten="230,230,320,220" oya="1" hai0="72,23,28,55,124,38,25,43,37,41,36,123,65" hai1="100,52,131,87,53,22,135,98,58,101,60,54,20" hai2="102,27,130,63,46,75,1,106,133,32,6,78,49" hai3="4,86,68,7,45,17,73,12,82,95,125,50,51"/><U61/><E131/><V77/><F75/><W44/><G68/><T108/><D72/><U33/><E33/><V122/><F122/><W0/><G125/><T71/><D123/><U120/><E120/><V127/><F127/><W84/><G73/><T13/><D124/><U81/><E135/><V132/><F130/><W107/><G107/><T88/><D108/><U16/><E20/><V97/><F63/><N who="1" m="24137" /><E98/><V9/><F27/><W35/><G35/><T39/><D71/><U89/><E58/><V79/><REACH who="2" step="1"/><F32/><REACH who="2" ten="230,230,310,220" step="2"/><W48/><G0/><T42/><D25/><AGARI ba="1,1" hai="16,22,25,52,53,54,81,87,89,100,101" m="24137" machi="25" ten="30,5800,0" yaku="8,1,54,2" doraHai="113" who="1" fromWho="0" sc="230,-61,230,71,310,0,220,0" /><INIT seed="1,2,0,1,1,60" ten="169,301,310,220" oya="1" hai0="28,55,108,79,112,133,89,0,84,88,132,45,115" hai1="122,52,72,96,93,31,41,2,97,54,10,106,131" hai2="8,42,30,19,13,99,14,62,80,100,120,110,29" hai3="118,9,101,21,74,102,24,86,135,50,12,47,90"/><U123/><E72/><V107/><F120/><W103/><G74/><T7/><D28/><U61/><E131/><V33/><F33/><W34/><G135/><N who="0" m="51787" /><D0/><U4/><E41/><V83/><F110/><W35/><G118/><T109/><D7/><U77/><E77/><V67/><F42/><W11/><G34/><T129/><D129/><U39/><E39/><V44/><F44/><W22/><G35/><T119/><D119/><U73/><E73/><V104/><F104/><W37/><G37/><T17/><D17/><U94/><E31/><V59/><F83/><W64/><G64/><T117/><D45/><U65/><E106/><V113/><F113/><N who="0" m="43594" /><D55/><U78/><E78/><V92/><F107/><W36/><G36/><T124/><D124/><U81/><E81/><V111/><F111/><N who="0" m="42570" /><D117/><U20/><E54/><V125/><F125/><W66/><G24/><T68/><D68/><U128/><E128/><V95/><F14/><W57/><G12/><T58/><D58/><U114/><E114/><V130/><F130/><W56/><G56/><T70/><D70/><U49/><E2/><V82/><F30/><W46/><G46/><T38/><D38/><U116/><E4/><V27/><F29/><W98/><G47/><T51/><D51/><U127/><E49/><V5/><F5/><W15/><G50/><T87/><D79/><U23/><E116/><V69/><F69/><W3/><G3/><T134/><N who="0" m="51795" /><T63/><DORA hai="85" /><D63/><U40/><E61/><V26/><F62/><W6/><G57/><T48/><D48/><U71/><E71/><V16/><F59/><RYUUKYOKU ba="2,0" sc="169,30,301,-10,310,-10,220,-10" hai0="84,87,88,89" /><INIT seed="2,3,0,2,1,66" ten="199,291,300,210" oya="2" hai0="128,71,21,64,31,18,127,40,79,86,50,120,125" hai1="87,123,110,42,4,117,81,100,39,92,13,90,26" hai2="104,22,102,91,14,44,109,134,6,9,17,83,95" hai3="89,99,30,8,98,129,57,101,60,118,113,47,62"/><V29/><F134/><W70/><G118/><T93/><D120/><U67/><E117/><V52/><F104/><W131/><G113/><T12/><D128/><N who="3" m="49225" /><G30/><T119/><D119/><U10/><E123/><V80/><F109/><W25/><G25/><T38/><D38/><U19/><E67/><V72/><F72/><W73/><G73/><T78/><D31/><U37/><E110/><V135/><F135/><W3/><G70/><T53/><D40/><U1/><E42/><V115/><F115/><W94/><G47/><N who="0" m="27871" /><D93/><U61/><E26/><N who="2" m="16599" /><F102/><W11/><G3/><T7/><D7/><U107/><E107/><V48/><F6/><W122/><G122/><T54/><D54/><U0/><E0/><V59/><F44/><W116/><G116/><T2/><D2/><U114/><E114/><V121/><F121/><W41/><G41/><T16/><D18/><U74/><E74/><V76/><F76/><W97/><G97/><AGARI ba="3,0" hai="9,14,17,48,52,59,80,83,91,95,97" m="16599" machi="97" ten="30,2900,0" yaku="8,1,54,1" doraHai="66" who="2" fromWho="3" sc="199,0,291,0,300,38,210,-38" /><INIT seed="2,4,0,3,3,43" ten="199,291,338,172" oya="2" hai0="2,81,104,68,99,38,97,86,100,134,94,88,37" hai1="119,117,67,82,16,11,131,49,72,69,57,95,32" hai2="102,26,101,34,84,44,42,108,45,91,107,61,130" hai3="25,30,96,12,33,8,7,6,115,112,54,62,64"/><V105/><F61/><W46/><G96/><T63/><D134/><U126/><E32/><V93/><F42/><W65/><G6/><T85/><D2/><U23/><E69/><V75/><F75/><W1/><G1/><T83/><D63/><U78/><E131/><V70/><F70/><W40/><G54/><T116/><D68/><U27/><E126/><V21/><F34/><W10/><G10/><T90/><REACH who="0" step="1"/><D116/><REACH who="0" ten="189,291,338,172" step="2"/><U20/><E117/><V77/><F130/><W18/><G62/><T17/><D17/><U127/><E127/><V113/><F113/><N who="3" m="43595" /><G18/><T122/><D122/><U15/><E119/><V71/><F71/><W111/><G111/><T36/><D36/><AGARI ba="4,1" hai="7,8,12,25,30,33,36,40,46,64,65" m="43595" machi="36" ten="30,2000,0" yaku="11,1,52,1" doraHai="43" who="3" fromWho="0" sc="189,-32,291,0,338,0,172,42" /><INIT seed="3,0,0,0,5,0" ten="157,291,338,214" oya="3" hai0="68,106,111,131,52,129,81,10,67,96,27,75,48" hai1="114,104,25,120,110,128,93,12,30,65,46,82,51" hai2="115,40,22,3,69,15,54,77,7,80,43,18,44" hai3="2,91,24,101,29,31,71,83,124,47,16,11,50"/><W72/><G71/><T63/><D111/><U90/><E104/><V102/><F69/><W118/><G118/><T95/><D106/><U108/><E120/><V119/><F119/><W13/><G124/><T60/><D60/><U103/><E114/><V86/><F115/><W53/><G101/><T21/><D10/><U62/><E128/><V19/><F102/><W130/><G130/><T100/><D81/><U45/><E12/><V125/><F125/><W87/><G2/><T112/><D75/><U55/><E103/><V8/><F44/><W122/><G122/><T105/><D105/><U56/><E82/><V20/><REACH who="2" step="1"/><F54/><REACH who="2" ten="157,291,328,214" step="2"/><W117/><G117/><T89/><D100/><U61/><E46/><V121/><F121/><W1/><G72/><T5/><D112/><U35/><E110/><V74/><F74/><W123/><G123/><T132/><D132/><U70/><E108/><V79/><F79/><W37/><G37/><T126/><D126/><U38/><E38/><V92/><F92/><W98/><G98/><T42/><D42/><U36/><E36/><V88/><F88/><W134/><G134/><T116/><D116/><U66/><E45/><V127/><F127/><W133/><G133/><T9/><D52/><U34/><E70/><V33/><F33/><W14/><G53/><T78/><D78/><U32/><E32/><V97/><F97/><W109/><G109/><T94/><D94/><U107/><E35/><V99/><F99/><W6/><G47/><T4/><D131/><U59/><E107/><V17/><F17/><W57/><G16/><T113/><D129/><RYUUKYOKU ba="0,1" sc="157,-10,291,-10,328,30,214,-10" hai2="3,7,8,15,18,19,20,22,40,43,77,80,86" /><INIT seed="4,1,1,1,1,69" ten="147,281,358,204" oya="0" hai0="36,81,55,98,120,33,39,30,18,73,38,11,107" hai1="94,14,27,122,66,59,42,53,72,17,82,112,121" hai2="8,20,1,47,19,37,128,65,29,25,28,123,91" hai3="135,0,101,85,88,108,125,77,9,58,111,97,21"/><T31/><D120/><U2/><E2/><V117/><F123/><W26/><G125/><T7/><D18/><U74/><E66/><V100/><F100/><W35/><G35/><T75/><D55/><U80/><E72/><V90/><F128/><W133/><G77/><N who="0" m="44207" /><D31/><U52/><E42/><V49/><F37/><W84/><G58/><T46/><D75/><U48/><E27/><V23/><F117/><W102/><G9/><T71/><D71/><U79/><E82/><V41/><F65/><W56/><G56/><T106/><D46/><U99/><E53/><V109/><F109/><N who="3" m="42059" /><G0/><N who="0" m="487" /><D98/><U93/><E112/><V61/><F61/><W92/><G21/><T126/><D126/><U10/><REACH who="1" step="1"/><E94/><REACH who="1" ten="147,271,358,204" step="2"/><V5/><F29/><W22/><G26/><AGARI ba="1,2" hai="26,30,33,36,38,39,106,107" m="487,44207" machi="26" ten="30,12000,1" yaku="33,2,52,3" doraHai="69" who="0" fromWho="3" sc="147,143,271,0,358,0,204,-123" /><AGARI ba="1,0" hai="1,5,8,19,20,23,25,26,28,41,47,49,90,91" machi="26" ten="30,1000,0" yaku="7,1" doraHai="69" who="2" fromWho="3" sc="290,0,271,0,358,10,81,-10" /><INIT seed="4,2,0,5,4,68" ten="290,271,368,71" oya="0" hai0="130,104,63,85,58,123,13,12,122,117,29,84,21" hai1="46,119,87,105,27,100,20,38,116,115,98,74,55" hai2="66,14,110,121,65,51,83,93,52,132,8,96,78" hai3="59,108,91,134,25,81,23,82,9,95,120,39,41"/><T42/><D104/><U1/><E74/><V7/><F121/><W69/><G108/><T64/><D117/><U107/><E1/><V103/><F110/><W125/><G69/><T106/><D106/><U5/><E5/><V118/><F132/><W70/><G134/><T24/><D130/><U102/><E115/><V35/><F35/><W43/><G70/><T22/><D123/><U44/><E44/><V40/><F118/><W76/><G120/><T62/><D122/><U6/><E6/><V50/><F40/><W73/><G125/><T26/><D42/><U17/><E87/><N who="0" m="33353" /><D62/><U37/><E116/><V79/><F51/><W33/><G81/><T47/><D47/><U53/><E119/><V135/><F135/><W57/><G33/><T124/><D124/><U90/><E90/><V36/><F36/><W31/><G9/><T94/><D94/><U126/><E126/><V129/><F129/><W112/><G112/><T19/><AGARI ba="2,0" hai="12,13,19,21,22,24,26,29,58,63,64" m="33353" machi="19" ten="30,1500,0" yaku="8,1" doraHai="68" who="0" fromWho="0" sc="290,21,271,-7,368,-7,71,-7" /><INIT seed="4,3,0,1,0,51" ten="311,264,361,64" oya="0" hai0="83,108,26,47,8,57,130,89,127,80,62,19,106" hai1="6,20,95,50,132,58,131,92,4,81,7,23,12" hai2="72,37,27,116,49,9,103,112,43,16,45,115,77" hai3="2,48,66,78,34,119,91,60,129,55,41,29,17"/><T88/><D106/><U120/><E120/><V36/><F116/><W22/><G119/><T100/><D100/><U31/><E131/><V111/><F111/><W85/><G2/><T30/><D127/><U39/><E39/><V117/><F117/><W54/><G129/><T123/><D123/><U71/><E71/><V68/><F68/><W59/><G78/><T3/><D130/><U76/><E132/><V126/><F126/><W15/><G34/><T125/><D125/><U84/><E31/><V82/><F103/><W114/><G114/><N who="2" m="43561" /><F27/><W73/><G73/><T128/><D128/><U40/><E40/><V56/><F56/><W63/><G29/><T101/><D101/><U18/><E23/><V96/><F96/><W133/><G133/><T70/><D70/><U61/><REACH who="1" step="1"/><E50/><REACH who="1" ten="311,254,361,64" step="2"/><V32/><F32/><W102/><G102/><T87/><D30/><U28/><E28/><V124/><F124/><W122/><G122/><T25/><D108/><U0/><E0/><V121/><F121/><W65/><G41/><T24/><D3/><U67/><AGARI ba="3,1" hai="4,6,7,12,18,20,58,61,67,76,81,84,92,95" machi="67" ten="30,4000,0" yaku="1,1,0,1,8,1,53,0" doraHai="51" doraHaiUra="118" who="1" fromWho="1" sc="311,-23,254,59,361,-13,64,-13" /><INIT seed="5,0,0,2,2,47" ten="288,313,348,51" oya="1" hai0="21,22,84,49,0,83,60,101,71,99,57,19,64" hai1="40,1,82,4,77,30,69,78,62,11,8,98,55" hai2="131,105,2,76,126,112,31,23,68,116,32,117,5" hai3="85,110,115,89,80,72,102,81,20,88,59,58,50"/><U36/><E11/><V6/><F76/><W74/><G110/><T27/><D0/><U129/><E129/><V15/><F105/><W54/><G115/><T104/><D21/><U109/><E109/><V45/><F68/><W73/><G102/><T127/><D127/><U111/><E111/><V120/><F120/><W100/><G100/><T12/><D12/><U66/><E30/><V93/><F32/><W135/><G135/><T118/><D118/><U28/><E28/><V103/><F2/><W86/><REACH who="3" step="1"/><G20/><REACH who="3" ten="288,313,348,41" step="2"/><T51/><REACH who="0" step="1"/><D71/><REACH who="0" ten="278,313,348,41" step="2"/><U43/><E69/><V122/><F23/><W119/><G119/><T35/><D35/><U24/><E8/><V14/><F117/><W134/><G134/><T53/><D53/><U91/><E55/><V56/><F116/><W42/><G42/><T17/><D17/><U70/><E40/><V92/><F122/><W16/><G16/><T33/><D33/><U63/><E70/><V75/><F126/><W90/><G90/><AGARI ba="0,2" hai="19,22,27,49,51,57,60,64,83,84,90,99,101,104" machi="90" ten="30,12000,2" yaku="1,1,7,1,52,2,53,2" doraHai="47" doraHaiUra="46" who="0" fromWho="3" sc="278,140,313,0,348,0,41,-120" owari="418,52.0,313,-9.0,348,15.0,-79,-58.0" /></mjloggm>