<mjloggm ver="2.3"><GO type="41"/><UN n0="%E3%83%95%E3%83%AC%E3%83%B3%E3%83%81%E3%83%96%E3%83%AB" n1="%E6%A5%AD%E5%8B%99%E7%94%A8%E3%81%8F%E3%81%BE%E2%99%AA" n2="%E3%82%A6%E3%83%AB%E3%83%88%E3%83%A9%E7%AB%8B%E7%9B%B4" n3="%E7%B4%94%E5%85%A8%E5%AF%BE%E3%80%85" dan="14,13,15,13" rate="1890,1809,2005,1842" sx="M,M,M,M"/><TAIKYOKU oya="0"/><INIT seed="0,0,0,1,0,61" ten="250,250,250,250" oya="0" hai0="4,35,30,47,48,65,33,106,17,110,109,99,10" hai1="51,86,105,115,63,130,100,121,92,9,38,59,74" hai2="25,49,80,37,42,39,69,118,126,98,84,16,13" hai3="2,89,68,132,56,41,93,131,79,3,23,54,27"/><T36/><D36/><U0/><E74/><V101/><F118/><W12/><G132/><T90/><D17/><U123/><E38/><V87/><F126/><W135/><G68/><T64/><D30/><U29/><E105/><V72/><F69/><W21/><G79/><T107/><D90/><U45/><E115/><V94/><F72/><W60/><G135/><T81/><D81/><U40/><E29/><V127/><F127/><W112/><G131/><T108/><D99/><U97/><E130/><V66/><F25/><W124/><G41/><N who="0" m="24687" /><D107/><U117/><E117/><V46/><F66/><N who="0" m="25706" /><D106/><U58/><E0/><AGARI ba="0,0" hai="0,4,10,33,35,108,109,110" m="25706,24687" machi="0" ten="30,12000,1" yaku="14,1,10,1,52,3" doraHai="61" who="0" fromWho="1" sc="250,120,250,-120,250,0,250,0" /><INIT seed="0,1,0,3,5,95" ten="370,130,250,250" oya="0" hai0="109,110,113,80,8,131,43,77,36,33,115,50,1" hai1="21,27,124,119,4,30,127,29,53,85,55,37,120" hai2="49,10,48,0,103,57,72,45,2,96,126,133,54" hai3="35,64,32,84,7,13,88,25,101,16,102,51,74"/><T98/><D33/><U44/><E120/><V94/><F126/><N who="1" m="48169" /><E119/><V97/><F133/><W104/><G74/><N who="0" m="43063" /><D98/><U132/><E4/><V135/><F72/><W91/><G64/><T52/><D131/><U24/><E132/><V67/><F135/><W39/><G39/><T123/><D123/><U56/><E85/><V82/><F82/><W28/><G35/><T90/><D90/><U118/><E37/><V6/><F97/><W108/><G7/><N who="0" m="1135" /><D52/><N who="1" m="20043" /><E44/><V128/><F128/><W125/><G108/><N who="0" m="41579" /><D50/><U66/><E118/><V76/><F76/><W60/><G51/><T111/><N who="0" m="41587" /><T23/><DORA hai="117" /><D23/><N who="1" m="15519" /><E56/><V92/><F2/><W99/><G125/><T46/><AGARI ba="1,0" hai="36,43,46,113,115" m="41587,1135,43063" machi="46" ten="40,12000,1" yaku="25,1,14,1,10,1,23,1" doraHai="95,117" who="0" fromWho="0" sc="370,123,130,-41,250,-41,250,-41" /><INIT seed="0,2,0,4,4,73" ten="493,89,209,209" oya="0" hai0="94,61,50,53,92,19,52,68,56,69,81,70,87" hai1="6,63,83,5,9,35,98,57,11,30,123,10,45" hai2="111,125,23,42,3,14,95,76,22,33,60,72,105" hai3="51,122,79,104,128,29,118,103,120,25,59,84,86"/><T43/><D19/><U130/><E123/><V18/><F105/><W135/><G118/><T121/><D43/><U100/><E35/><V119/><F33/><W67/><G135/><T133/><D133/><U16/><E30/><V47/><F125/><W116/><G116/><T74/><D74/><U114/><E45/><V102/><F111/><W40/><G128/><T115/><D115/><U71/><E130/><V75/><F75/><W112/><G112/><T80/><D80/><U89/><E71/><V99/><F3/><W49/><G103/><T126/><D126/><U55/><E114/><V93/><F119/><W91/><G104/><T90/><REACH who="0" step="1"/><D121/><REACH who="0" step="2"/><U41/><E41/><V38/><F72/><W34/><G40/><T110/><D110/><U129/><E129/><V62/><F38/><W20/><G122/><T127/><D127/><U88/><E83/><V7/><F42/><W58/><G120/><T64/><D64/><U82/><E82/><V15/><F18/><W31/><G67/><T17/><D17/><U124/><E124/><V101/><F7/><N who="1" m="2569" /><E16/><V13/><F101/><W107/><G31/><T113/><D113/><U8/><N who="1" m="2048" /><DORA hai="44" /><U106/><AGARI ba="2,1" hai="55,57,63,88,89,98,100,106" m="2048,2569" machi="106" ten="40,2700,0" yaku="4,1,54,1" doraHai="73,44" who="1" fromWho="1" sc="483,-15,89,43,209,-9,209,-9" /><INIT seed="1,0,0,2,5,90" ten="468,132,200,200" oya="1" hai0="37,63,14,77,40,57,76,36,60,46,92,133,52" hai1="34,122,107,61,16,110,59,69,113,79,51,112,33" hai2="81,25,114,38,19,1,54,39,134,0,105,2,41" hai3="132,30,124,131,48,26,121,66,91,71,126,103,94"/><U44/><E107/><V84/><F105/><W56/><G121/><T80/><D37/><U53/><E122/><V50/><F134/><W117/><G132/><T93/><D133/><U78/><E69/><V17/><F114/><W125/><G131/><T115/><D77/><U95/><E110/><V123/><F123/><W108/><G108/><T87/><D115/><U6/><E6/><V5/><F5/><W65/><G71/><T8/><D63/><U83/><E79/><V96/><F96/><W11/><G11/><T45/><D45/><U13/><E113/><V20/><F19/><AGARI ba="0,0" hai="8,14,19,36,40,46,52,57,60,76,80,87,92,93" machi="19" ten="30,7700,0" yaku="7,1,52,2,54,1" doraHai="90" who="0" fromWho="2" sc="468,77,132,0,200,-77,200,0" /><INIT seed="2,0,0,3,3,105" ten="545,132,123,200" oya="2" hai0="135,6,125,86,43,116,91,39,132,21,90,46,37" hai1="109,20,55,126,64,29,28,76,113,17,92,71,70" hai2="8,60,88,78,30,79,108,106,4,122,10,94,98" hai3="19,67,114,82,130,66,74,49,1,27,26,103,131"/><V95/><F122/><W61/><G1/><T134/><D116/><U69/><E113/><V31/><F106/><W50/><G103/><T124/><D6/><U38/><E38/><V120/><F120/><W107/><G107/><T23/><D39/><U56/><E126/><N who="0" m="48745" /><D91/><U118/><E118/><V96/><F108/><W101/><G101/><T75/><D75/><U44/><E109/><V99/><F60/><W16/><G114/><T41/><D41/><U127/><E127/><V42/><F42/><W22/><G67/><T12/><D12/><U18/><E92/><AGARI ba="0,0" hai="21,23,37,43,46,86,90,92,132,134,135" m="48745" machi="92" ten="40,2600,0" yaku="20,1,18,1" doraHai="105" who="0" fromWho="1" sc="545,26,132,-26,123,0,200,0" /><INIT seed="3,0,0,2,1,55" ten="571,106,123,200" oya="3" hai0="103,128,5,13,6,33,10,8,40,102,119,108,57" hai1="127,121,38,126,14,111,59,115,98,99,96,15,12" hai2="118,72,105,131,58,20,66,86,21,54,43,107,113" hai3="132,80,87,117,134,78,39,65,90,52,61,82,91"/><W3/><G3/><T32/><D119/><U77/><E38/><V24/><F72/><W130/><G39/><T11/><D40/><U124/><E121/><V30/><F118/><W47/><G130/><T64/><D108/><U92/><E111/><V67/><F113/><W41/><G117/><T34/><D128/><U28/><E115/><V2/><F131/><W101/><G101/><T19/><D19/><U104/><E92/><V81/><F2/><W76/><G41/><T42/><D42/><U0/><E77/><V27/><F43/><W89/><G47/><T106/><D10/><U135/><E0/><V37/><F107/><W133/><G65/><T120/><D120/><U49/><E104/><V88/><F105/><W114/><G114/><T73/><D73/><U45/><E59/><V18/><F37/><W75/><G61/><AGARI ba="0,0" hai="18,20,21,24,27,30,54,58,61,66,67,81,86,88" machi="61" ten="30,7700,0" yaku="7,1,8,1,52,1,54,1" doraHai="55" who="2" fromWho="3" sc="571,0,106,0,123,77,200,-77" /><INIT seed="4,0,0,4,2,4" ten="571,106,200,123" oya="0" hai0="95,14,76,0,67,30,65,71,46,110,6,68,25" hai1="24,61,39,11,90,124,107,52,60,112,120,113,32" hai2="41,66,40,89,27,101,64,99,56,87,109,86,13" hai3="85,17,18,82,115,37,118,1,12,16,122,133,62"/><T59/><D76/><U33/><E107/><V36/><F36/><W70/><G115/><N who="1" m="44106" /><E120/><V105/><F109/><W23/><G37/><T78/><D78/><U73/><E39/><V117/><F117/><W98/><G1/><T134/><D46/><U96/><E73/><V20/><F87/><W75/><G75/><T8/><D134/><U45/><E124/><V126/><F126/><W132/><G122/><T77/><D77/><U128/><E128/><V74/><F74/><W28/><G98/><T116/><D0/><U22/><E96/><V54/><F41/><W93/><G93/><T44/><D116/><U131/><E90/><V21/><F40/><W53/><G118/><T43/><D95/><U100/><E100/><V10/><F66/><W106/><G106/><T51/><D110/><U125/><E125/><V57/><F64/><W7/><G70/><T19/><D6/><U2/><E131/><V123/><F123/><W49/><G62/><N who="1" m="24170" /><E2/><V97/><F105/><W130/><G130/><T127/><D127/><U38/><E38/><V114/><F101/><W47/><G133/><T63/><D67/><U58/><E45/><V91/><F114/><W69/><G69/><T119/><D119/><U83/><E83/><V35/><F86/><W104/><G28/><T103/><D103/><U79/><E79/><V108/><F108/><W92/><G104/><T15/><D15/><U80/><E80/><V72/><F13/><W5/><G92/><T111/><D111/><U102/><E102/><V121/><F72/><W3/><G132/><T81/><D81/><U94/><E94/><RYUUKYOKU ba="0,0" sc="571,30,106,-10,200,-10,123,-10" hai0="8,14,19,25,30,43,44,51,59,63,65,68,71" /><INIT seed="4,1,0,4,0,26" ten="601,96,190,113" oya="0" hai0="4,29,10,3,119,85,42,81,12,28,80,111,37" hai1="134,50,122,51,45,83,0,27,16,49,48,5,67" hai2="72,102,76,14,46,75,53,36,71,35,54,126,116" hai3="64,130,88,84,90,87,58,66,98,11,118,30,52"/><T31/><D119/><U113/><N who="1" m="12288" /><DORA hai="33" /><U91/><E122/><V61/><F35/><W110/><G130/><T100/><D111/><U34/><E67/><V57/><F102/><W60/><G118/><T104/><D100/><U92/><E83/><V18/><F116/><W135/><G110/><T7/><D104/><U131/><E45/><V9/><F126/><W1/><G135/><T86/><D3/><U129/><E134/><V106/><F106/><W105/><G11/><T89/><D37/><U68/><E68/><V38/><F71/><W112/><G1/><T82/><D42/><U103/><E103/><V121/><F121/><W94/><G112/><T62/><D62/><U13/><E113/><V78/><F53/><W97/><G105/><T70/><D70/><U115/><E115/><V127/><F127/><W40/><G40/><T133/><D133/><U59/><E59/><V55/><F55/><W107/><G107/><T117/><D117/><U132/><E132/><V32/><F32/><W73/><G73/><T17/><D82/><U19/><E91/><AGARI ba="1,0" hai="4,7,10,12,17,28,29,31,80,81,85,86,89,91" machi="91" ten="40,12000,1" yaku="9,1,8,1,52,3" doraHai="26,33" who="0" fromWho="1" sc="601,123,96,-123,190,0,113,0" owari="724,83,-27,-53,190,-1,113,-29" /></mjloggm>