<mjloggm ver="2.3"><GO type="41"/><UN n0="%6F%79%61%6A%69%78" n1="%E6%96%B0%E7%A5%9E%E5%A4%A9%E6%97%A5" n2="%73%75%6D%69%79%61" n3="%E3%82%A6%E3%83%AB%E3%83%88%E3%83%A9%E7%AB%8B%E7%9B%B4" dan="14,14,15,15" rate="1914,1970,1977,1943" sx="M,M,M,M"/><TAIKYOKU oya="0"/><INIT seed="0,0,0,2,2,87" ten="250,250,250,250" oya="0" hai0="4,108,98,40,119,86,110,33,43,10,129,73,56" hai1="17,126,37,105,78,85,60,53,59,120,111,32,94" hai2="116,30,89,124,72,93,7,69,75,130,6,46,113" hai3="18,3,62,122,50,64,54,44,83,36,123,14,77"/><T8/><D73/><U41/><E32/><V127/><F113/><W24/><G24/><T92/><D119/><U38/><E105/><V55/><F69/><W109/><G3/><T35/><D129/><U58/><E78/><V102/><F102/><W65/><G36/><T63/><D86/><U91/><E120/><N who="3" m="46122" /><G62/><T52/><D35/><U68/><E68/><V57/><F46/><W5/><G5/><T0/><D10/><U22/><E41/><V23/><F130/><W39/><G39/><T88/><REACH who="0" step="1"/><D33/><REACH who="0" ten="240,250,250,250" step="2"/><U100/><E100/><V12/><F75/><N who="3" m="43455" /><G109/><AGARI ba="0,1" hai="0,4,8,40,43,52,56,63,88,92,98,108,109,110" machi="109" ten="40,18000,2" yaku="1,1,14,1,10,1,52,1,54,2,53,0" doraHai="87" doraHaiUra="20" who="0" fromWho="3" sc="240,190,250,0,250,0,250,-180" /><INIT seed="0,1,0,1,2,25" ten="430,250,250,70" oya="0" hai0="69,121,60,44,63,102,97,24,89,40,45,105,131" hai1="112,62,4,129,117,82,104,29,17,132,19,14,110" hai2="42,51,134,22,135,32,100,16,49,2,98,118,125" hai3="80,21,76,70,123,90,55,12,83,13,26,56,124"/><T101/><D121/><U3/><E104/><V113/><F113/><W72/><G70/><T46/><D131/><U92/><E82/><V133/><F2/><W53/><G123/><T107/><D40/><U20/><E92/><V78/><F32/><W5/><G124/><T47/><N who="0" m="11776" /><DORA hai="35" /><T94/><D69/><U9/><E62/><V48/><F125/><W64/><G64/><T116/><D116/><U81/><E81/><V65/><F65/><W57/><G5/><T30/><D101/><U54/><E54/><V111/><F111/><W59/><G90/><T79/><D79/><U99/><E99/><V130/><F78/><W108/><G80/><T85/><REACH who="0" step="1"/><D107/><REACH who="0" ten="420,250,250,70" step="2"/><U91/><E91/><V74/><F130/><W52/><REACH who="3" step="1"/><G108/><REACH who="3" ten="420,250,250,60" step="2"/><T61/><D61/><U27/><E110/><V31/><F118/><W75/><G75/><T10/><D10/><N who="1" m="6359" /><E117/><V36/><F74/><W115/><G115/><T68/><D68/><U88/><E88/><V23/><F42/><W119/><G119/><T87/><D87/><U8/><E112/><V127/><F127/><W122/><G122/><T7/><D7/><N who="1" m="1151" /><E129/><V18/><F100/><W71/><G71/><T109/><D109/><U6/><E132/><V66/><F135/><W120/><G120/><T43/><D43/><U77/><E77/><V15/><F134/><W86/><G86/><T0/><D0/><U39/><E39/><V67/><F36/><W38/><G38/><T128/><D128/><U106/><E106/><V41/><F41/><W11/><G11/><T103/><D103/><U93/><E93/><V33/><F133/><RYUUKYOKU ba="1,2" sc="420,10,250,10,250,-30,60,10" hai0="24,30,60,63,85,89,94,97,102,105" hai1="4,6,9,19,20,27,29" hai3="12,13,21,26,52,53,55,56,57,59,72,76,83" /><INIT seed="0,2,2,2,5,133" ten="430,260,220,70" oya="0" hai0="67,28,16,83,33,31,93,50,54,65,36,21,99" hai1="47,74,59,73,48,78,79,62,24,39,127,52,123" hai2="118,64,53,10,51,88,66,116,128,29,9,107,41" hai3="75,55,25,89,122,131,35,119,120,103,44,124,110"/><T92/><D36/><U49/><E24/><V18/><F29/><N who="0" m="11338" /><D33/><U37/><E79/><V126/><F128/><W94/><G25/><N who="0" m="14503" /><D83/><U13/><E78/><V4/><F126/><W90/><G35/><T61/><D61/><U77/><E77/><V109/><F109/><W15/><G110/><T80/><D80/><U32/><E13/><V104/><F41/><W34/><G119/><N who="2" m="45609" /><F18/><W100/><G34/><T58/><D93/><U105/><E32/><V125/><F125/><W30/><G30/><T113/><D113/><U2/><E2/><V20/><F20/><W23/><G124/><T117/><D117/><U95/><E95/><V27/><F27/><W132/><G131/><T121/><D121/><N who="3" m="46697" /><G75/><T91/><AGARI ba="2,2" hai="50,54,58,65,67,91,92,99" m="14503,11338" machi="91" ten="30,3000,0" yaku="8,1,54,1" doraHai="133" who="0" fromWho="0" sc="430,56,260,-12,220,-12,70,-12" /><INIT seed="0,3,0,5,4,133" ten="486,248,208,58" oya="0" hai0="128,90,6,12,23,88,63,54,35,72,84,69,124" hai1="91,7,56,13,64,3,37,50,110,134,19,86,42" hai2="122,40,18,60,28,14,114,98,58,93,68,47,65" hai3="116,101,78,20,59,25,105,38,113,45,46,44,96"/><T48/><D72/><U74/><E74/><V89/><F122/><W108/><G116/><T62/><D35/><U112/><E3/><V130/><F130/><W83/><G113/><T22/><D128/><U16/><E37/><V52/><F114/><W120/><G120/><T107/><D107/><U26/><E112/><V85/><F28/><W1/><G1/><T75/><D75/><U9/><E26/><V100/><F40/><W51/><G108/><T10/><D124/><U32/><E32/><V0/><F0/><W95/><G105/><T55/><D69/><U82/><E110/><V127/><F47/><W2/><G2/><T53/><D48/><U132/><E64/><V102/><F127/><W129/><G129/><T70/><D70/><U106/><E106/><V27/><F27/><W31/><G38/><T11/><D11/><U117/><E117/><V49/><REACH who="2" step="1"/><F98/><REACH who="2" ten="486,248,198,58" step="2"/><W73/><REACH who="3" step="1"/><G59/><REACH who="3" ten="486,248,198,48" step="2"/><T30/><D30/><U34/><E34/><V17/><F17/><W81/><G81/><N who="0" m="49167" /><D90/><U4/><E19/><V66/><F66/><W94/><G94/><T135/><D135/><N who="1" m="51755" /><E56/><V125/><F125/><W119/><G119/><T33/><D33/><U43/><E43/><AGARI ba="3,2" hai="20,25,31,43,44,45,46,51,73,78,83,95,96,101" machi="43" ten="30,2000,0" yaku="1,1,7,1,53,0" doraHai="133" doraHaiUra="87" who="3" fromWho="1" sc="486,0,248,-29,198,0,48,49" /><INIT seed="1,0,0,1,3,21" ten="486,219,198,97" oya="1" hai0="41,63,9,17,32,46,11,13,35,93,103,8,132" hai1="3,30,128,134,28,95,74,114,23,79,66,34,44" hai2="55,20,98,99,1,133,24,5,91,90,45,76,37" hai3="73,97,123,15,122,2,109,80,53,130,105,19,29"/><U85/><E66/><V126/><F133/><W119/><G53/><T127/><D132/><U94/><E3/><V96/><F126/><W42/><G42/><T124/><D63/><U61/><E61/><V10/><F76/><W84/><G97/><T64/><D64/><U49/><E34/><N who="0" m="12841" /><D103/><U121/><E134/><V106/><F106/><W118/><G84/><T31/><D93/><U57/><E57/><V92/><F90/><W116/><G80/><T69/><D69/><U108/><E74/><V88/><F91/><W86/><G86/><T25/><D46/><U131/><E23/><V71/><F71/><W78/><G105/><T125/><D41/><U101/><E28/><V22/><F22/><AGARI ba="0,0" hai="8,9,11,13,17,22,25,31,124,125,127" m="12841" machi="22" ten="40,8000,1" yaku="18,1,34,2,52,1" doraHai="21" who="0" fromWho="2" sc="486,80,219,0,198,-80,97,0" /><INIT seed="2,0,0,1,2,58" ten="566,219,118,97" oya="2" hai0="118,84,107,32,30,46,124,72,99,51,37,55,2" hai1="53,66,74,62,68,56,34,9,112,123,89,33,1" hai2="19,92,0,121,130,82,21,28,75,86,126,5,48" hai3="135,120,122,128,87,95,85,103,60,11,4,91,36"/><V50/><F121/><W100/><G36/><T67/><D2/><U69/><E74/><V78/><F130/><W40/><G128/><T109/><D118/><U64/><E1/><V106/><F126/><W61/><G135/><T116/><D116/><U133/><E9/><V6/><F28/><W63/><G40/><T7/><D72/><U80/><E80/><V117/><F117/><W15/><G120/><T45/><D109/><U76/><E76/><V108/><F106/><W38/><G38/><T52/><D124/><U54/><E89/><V12/><F108/><W96/><G122/><T59/><D7/><U131/><E123/><V115/><F115/><W3/><G3/><T49/><D37/><U24/><E24/><V119/><F119/><W43/><G43/><T113/><D113/><U111/><E111/><V31/><F31/><W98/><REACH who="3" step="1"/><G91/><REACH who="3" ten="566,219,118,87" step="2"/><T22/><D32/><U83/><E33/><V90/><F0/><W65/><G65/><T41/><D107/><AGARI ba="0,1" hai="4,11,15,60,61,63,85,87,95,96,98,100,103,107" machi="107" ten="40,12000,2" yaku="1,1,52,3,53,2" doraHai="58" doraHaiUra="93" who="3" fromWho="0" sc="566,-120,219,0,118,0,87,130" /><INIT seed="3,0,0,3,1,68" ten="446,219,118,217" oya="3" hai0="44,86,32,88,37,50,126,127,105,113,90,78,10" hai1="77,134,34,57,71,4,36,66,109,72,133,94,45" hai2="61,93,21,47,2,52,85,104,9,79,111,75,24" hai3="18,129,56,30,114,46,3,8,5,7,119,87,59"/><W102/><G119/><T135/><D32/><U42/><E94/><V122/><F104/><W95/><G114/><T60/><D113/><U43/><E4/><N who="3" m="1610" /><G3/><T62/><D105/><U33/><E77/><V54/><F111/><W53/><G30/><T28/><D135/><N who="1" m="51723" /><E72/><V27/><F2/><W70/><G70/><T69/><D69/><U12/><E12/><V1/><F1/><W14/><G129/><T80/><D37/><N who="1" m="21711" /><E33/><V108/><F108/><W76/><G76/><T49/><D28/><U67/><E34/><V23/><F9/><W73/><G73/><T31/><D31/><U13/><E13/><V100/><F75/><W120/><G120/><T103/><D103/><U0/><E0/><V40/><F122/><W110/><G110/><T117/><D117/><U41/><E109/><V58/><F54/><W116/><G116/><T124/><D10/><U131/><E71/><V115/><F115/><W51/><G87/><T132/><D132/><U98/><E98/><AGARI ba="0,0" hai="8,14,18,46,51,53,56,59,95,98,102" m="1610" machi="98" ten="30,1500,0" yaku="8,1" doraHai="68" who="3" fromWho="1" sc="446,0,219,-15,118,0,217,15" /><INIT seed="3,1,0,1,0,44" ten="446,204,118,232" oya="3" hai0="8,18,65,67,74,53,23,104,26,27,14,131,130" hai1="52,13,56,83,71,123,95,15,40,0,106,60,25" hai2="68,39,21,12,118,42,76,34,126,119,19,108,135" hai3="120,57,113,70,124,134,87,102,82,92,43,93,91"/><W94/><G70/><T122/><D104/><U75/><E0/><V22/><F68/><W31/><G120/><T85/><D74/><U64/><E106/><V88/><F108/><W125/><G31/><T105/><D105/><U63/><E123/><V98/><F34/><W9/><G43/><T41/><D122/><U100/><E40/><V35/><F35/><W29/><G29/><T84/><D41/><U114/><E114/><V20/><F135/><W3/><G113/><T61/><D53/><U36/><E36/><V96/><F76/><W90/><G9/><T30/><D27/><U79/><E25/><V54/><F126/><N who="3" m="48747" /><G3/><T112/><D112/><U103/><E95/><N who="3" m="36426" /><G57/><N who="0" m="37039" /><D67/><U121/><E121/><V59/><F42/><W111/><G134/><T48/><D48/><U45/><E45/><V17/><F39/><W80/><G111/><T51/><D51/><U107/><E107/><V50/><F119/><W73/><G73/><T128/><AGARI ba="1,0" hai="8,14,18,23,26,30,84,85,128,130,131" m="37039" machi="128" ten="30,1100,0" yaku="19,1" doraHai="44" who="0" fromWho="0" sc="446,14,204,-4,118,-4,232,-6" /><INIT seed="4,0,0,2,4,52" ten="460,200,114,226" oya="0" hai0="85,93,118,37,8,73,83,92,120,126,61,68,12" hai1="112,106,49,130,3,66,6,11,111,135,13,134,40" hai2="96,128,84,80,72,100,105,30,97,33,102,79,70" hai3="31,98,55,110,121,76,81,129,16,86,10,53,59"/><T60/><D37/><U43/><E106/><N who="2" m="63751" /><F70/><W15/><G121/><T95/><D120/><U87/><E87/><V119/><F30/><W94/><G110/><T22/><D73/><U28/><E66/><V103/><F33/><W1/><G1/><T34/><D34/><U54/><E28/><V69/><F69/><W75/><G31/><T62/><D68/><U46/><E3/><V113/><F128/><W45/><G75/><T47/><D118/><U23/><E23/><V35/><F35/><W127/><G129/><T0/><D0/><U24/><E24/><V48/><F48/><W29/><G29/><T57/><D47/><U124/><E130/><V4/><F4/><W27/><G27/><T89/><D22/><U42/><E111/><V91/><F113/><W116/><G116/><T36/><D36/><U104/><E104/><V114/><F114/><W133/><G55/><N who="0" m="33855" /><D126/><U2/><E2/><V25/><F25/><W115/><G127/><T82/><D83/><U5/><E112/><V117/><F103/><W65/><G115/><T123/><D123/><U9/><E124/><V58/><F58/><W88/><G45/><T20/><D20/><U44/><E44/><V71/><F71/><W131/><G131/><T64/><D64/><U78/><E78/><V7/><F7/><AGARI ba="0,0" hai="7,8,12,61,62,82,85,89,92,93,95" m="33855" machi="7" ten="30,2900,0" yaku="8,1,52,1" doraHai="52" who="0" fromWho="2" sc="460,29,200,0,114,-29,226,0" /><INIT seed="4,1,0,2,4,123" ten="489,200,85,226" oya="0" hai0="4,25,32,112,109,81,97,11,20,58,35,75,115" hai1="68,77,122,114,30,91,54,85,1,110,82,100,21" hai2="41,104,52,132,29,99,118,76,48,15,86,24,103" hai3="74,9,53,43,71,90,96,128,14,124,79,39,26"/><T10/><D75/><U42/><E1/><V65/><F132/><W28/><G53/><T8/><D97/><U84/><E68/><V44/><F118/><W49/><G49/><T13/><D81/><U33/><E33/><N who="0" m="12873" /><D58/><U5/><E42/><V46/><F15/><W113/><G90/><T47/><D47/><U19/><E5/><V63/><F86/><W66/><G96/><T101/><D101/><U16/><E122/><V38/><F76/><W0/><G79/><T3/><D109/><U57/><E100/><V92/><F104/><W64/><G74/><T111/><D111/><U7/><E7/><V95/><F103/><W22/><G64/><T129/><D129/><U130/><E130/><V102/><F92/><W88/><G66/><T45/><D45/><U119/><E119/><V126/><F126/><W40/><G124/><T135/><D135/><U105/><E105/><V73/><F73/><W121/><G43/><T18/><D10/><U34/><E34/><V87/><F87/><W134/><G40/><T60/><D60/><U108/><E30/><AGARI ba="1,0" hai="3,4,8,11,13,18,20,25,30,112,115" m="12873" machi="30" ten="30,2900,0" yaku="34,2" doraHai="123" who="0" fromWho="1" sc="489,32,200,-32,85,0,226,0" /><INIT seed="4,2,0,1,0,13" ten="521,168,85,226" oya="0" hai0="12,16,112,51,84,70,132,20,114,92,80,6,113" hai1="26,85,121,72,47,58,39,65,128,88,69,57,87" hai2="78,124,37,27,7,5,41,32,34,123,119,115,105" hai3="102,109,76,91,75,52,83,49,108,94,93,1,0"/><T46/><D70/><U125/><E72/><V36/><F123/><W40/><G40/><T14/><D132/><U18/><E121/><V24/><F78/><W62/><G62/><T29/><D29/><U110/><E39/><V10/><F105/><W67/><G67/><T9/><D92/><U86/><E69/><V55/><F55/><W61/><G61/><T95/><D95/><U25/><E47/><V42/><F124/><W68/><G68/><T122/><D122/><U73/><E73/><V101/><F101/><W66/><G66/><T56/><D56/><N who="1" m="21611" /><E65/><V4/><F10/><W64/><G64/><T81/><REACH who="0" step="1"/><D84/><REACH who="0" ten="511,168,85,226" step="2"/><N who="1" m="32363" /><E110/><V96/><F96/><W131/><G109/><T107/><D107/><U74/><E74/><V11/><F36/><W45/><G108/><T133/><D133/><U54/><E125/><V48/><F37/><W43/><G94/><T2/><D2/><U126/><E126/><V104/><F104/><W135/><G135/><T71/><D71/><U116/><E116/><V8/><F119/><W106/><G106/><T53/><AGARI ba="2,1" hai="6,9,12,14,16,20,46,51,53,80,81,112,113,114" machi="53" ten="30,12000,1" yaku="1,1,0,1,15,1,52,1,54,1,53,0" doraHai="13" doraHaiUra="103" who="0" fromWho="0" sc="511,136,168,-42,85,-42,226,-42" /><INIT seed="4,3,0,1,4,29" ten="647,126,43,184" oya="0" hai0="60,122,23,120,97,99,101,3,45,39,134,2,119" hai1="123,42,10,58,105,82,54,73,67,100,85,81,25" hai2="116,27,19,128,68,55,121,21,18,111,13,20,124" hai3="0,78,133,63,107,90,83,104,117,125,135,127,72"/><T92/><D119/><U89/><E67/><V112/><F68/><W15/><G63/><T36/><D45/><U118/><E123/><N who="0" m="47145" /><D60/><U6/><E118/><V64/><F64/><W4/><G15/><T74/><D23/><U40/><E105/><N who="3" m="40522" /><G4/><T75/><D92/><U17/><E100/><V52/><F111/><W113/><G0/><N who="0" m="43" /><D101/><U106/><E106/><V108/><F108/><W71/><G71/><T70/><D134/><N who="3" m="51209" /><G117/><T7/><D7/><U50/><E6/><V16/><F121/><W34/><G34/><T88/><D88/><U102/><E102/><V84/><F116/><W62/><G62/><T126/><D70/><U86/><E73/><N who="0" m="27657" /><D126/><N who="3" m="48137" /><G90/><T49/><D49/><U30/><E10/><V109/><F109/><W80/><G80/><T79/><D79/><U32/><REACH who="1" step="1"/><E17/><REACH who="1" ten="647,116,43,184" step="2"/><V14/><F124/><W103/><G103/><T28/><D28/><U51/><E51/><V114/><F19/><W26/><G72/><T1/><D1/><U53/><E53/><V65/><F65/><W115/><G78/><AGARI ba="3,1" hai="25,30,32,40,42,50,54,58,78,81,82,85,86,89" machi="78" ten="30,3900,0" yaku="1,1,7,1,52,1,53,0" doraHai="29" doraHaiUra="11" who="1" fromWho="3" sc="647,0,116,58,43,0,184,-48" /><INIT seed="5,0,0,2,4,118" ten="647,174,43,136" oya="1" hai0="49,126,16,114,54,1,103,25,53,0,40,38,102" hai1="116,39,104,59,56,61,32,108,95,20,90,132,24" hai2="115,109,46,111,94,35,86,121,17,106,63,74,83" hai3="79,135,97,29,12,41,21,78,7,14,130,123,80"/><U75/><E32/><V23/><F35/><W84/><G130/><T5/><D114/><U88/><E39/><V37/><F115/><W110/><G110/><T10/><D126/><U99/><E75/><V76/><F106/><W93/><G135/><T71/><D71/><U15/><E104/><V36/><F121/><W50/><G123/><T70/><D70/><U60/><E116/><V107/><F107/><W72/><G72/><T11/><D38/><U134/><E15/><V120/><F120/><W113/><G113/><T4/><D40/><U68/><E68/><V91/><F36/><W19/><G29/><T119/><D119/><U124/><E108/><V44/><F37/><W87/><G50/><T6/><D49/><U51/><E51/><V105/><F105/><W57/><G57/><T77/><D77/><U48/><E48/><V69/><F111/><W27/><G7/><T101/><D6/><U30/><E90/><V64/><F109/><W128/><G128/><T89/><D89/><U133/><E124/><V34/><REACH who="2" step="1"/><F34/><REACH who="2" ten="647,174,33,136" step="2"/><W47/><G47/><T92/><D92/><U127/><E127/><V85/><F85/><W28/><G41/><T2/><D2/><U65/><REACH who="1" step="1"/><E134/><REACH who="1" ten="647,164,33,136" step="2"/><V42/><F42/><W45/><G45/><T100/><N who="0" m="26112" /><DORA hai="96" /><T43/><D43/><U58/><E58/><V33/><F33/><W62/><G79/><T26/><D26/><AGARI ba="0,2" hai="17,23,26,44,46,63,64,69,74,76,83,86,91,94" machi="26" ten="30,7700,0" yaku="1,1,7,1,53,2" doraHai="118,96" doraHaiUra="66,18" who="2" fromWho="0" sc="647,-77,164,0,33,97,136,0" /><INIT seed="6,0,0,5,2,77" ten="570,164,130,136" oya="2" hai0="51,84,91,45,135,5,116,43,132,20,115,122,56" hai1="58,50,85,16,37,42,83,82,118,124,98,59,100" hai2="105,2,86,78,27,131,117,133,111,7,21,13,17" hai3="36,14,71,96,75,92,44,125,33,0,80,34,60"/><V8/><F117/><W93/><G0/><T61/><D122/><U23/><E37/><V109/><F105/><W40/><G93/><T3/><D116/><U25/><E118/><V107/><F107/><W38/><G38/><T26/><D115/><U108/><E108/><N who="2" m="41547" /><F86/><W15/><G15/><T120/><D5/><U69/><E69/><V123/><F78/><N who="3" m="44127" /><G14/><T103/><D103/><U76/><E124/><V119/><F123/><W22/><G22/><T114/><D114/><U104/><E42/><V97/><F97/><W1/><G92/><T30/><D3/><U52/><REACH who="1" step="1"/><E83/><REACH who="1" ten="570,154,130,136" step="2"/><V66/><F119/><W64/><G125/><T81/><REACH who="0" step="1"/><D120/><REACH who="0" ten="560,154,130,136" step="2"/><U128/><E128/><V73/><F131/><W110/><G110/><T65/><AGARI ba="0,2" hai="20,26,30,43,45,51,56,61,65,81,84,91,132,135" machi="65" ten="30,7900,0" yaku="1,1,2,1,0,1,52,1,53,0" doraHai="77" doraHaiUra="12" who="0" fromWho="0" sc="560,99,154,-20,130,-39,136,-20" /><INIT seed="7,0,0,3,4,113" ten="659,134,91,116" oya="3" hai0="45,108,35,96,31,71,20,37,90,110,23,100,93" hai1="105,82,91,81,115,26,18,134,12,60,79,30,1" hai2="9,109,132,66,103,94,63,85,92,11,42,27,72" hai3="16,80,38,89,54,48,41,55,74,24,69,7,46"/><W86/><G69/><T128/><D71/><U17/><E105/><V43/><F109/><W13/><G74/><T29/><D128/><U15/><E1/><V75/><F132/><W59/><G7/><T6/><D6/><U102/><E102/><V70/><F75/><W78/><G24/><T133/><D35/><U4/><E60/><V98/><F72/><W19/><G55/><T65/><D65/><U34/><E79/><V5/><F27/><W21/><REACH who="3" step="1"/><G19/><REACH who="3" ten="659,134,91,106" step="2"/><T3/><D133/><U2/><E134/><V52/><F5/><W119/><G119/><T97/><D110/><U47/><E115/><V121/><F121/><W39/><G39/><T77/><D37/><U88/><E47/><V116/><F116/><W95/><G95/><T107/><D108/><U106/><E106/><V8/><REACH who="2" step="1"/><F52/><REACH who="2" ten="659,134,81,106" step="2"/><W44/><G44/><T99/><D107/><U125/><E4/><V40/><F40/><W50/><G50/><T112/><D45/><U118/><E118/><V28/><F28/><W14/><G14/><T51/><D31/><U101/><E2/><V36/><F36/><W58/><G58/><T124/><D3/><U22/><E12/><V33/><F33/><W0/><G0/><T117/><D29/><U87/><E34/><V56/><F56/><W114/><G114/><T62/><D112/><U67/><E15/><V84/><F84/><W104/><G104/><T111/><D51/><U127/><E87/><V49/><F49/><W68/><G68/><T129/><D93/><U61/><E30/><V83/><F83/><W120/><G120/><T64/><D117/><RYUUKYOKU ba="0,2" sc="659,-15,134,-15,81,15,106,15" hai2="8,9,11,42,43,63,66,70,85,92,94,98,103" hai3="13,16,21,38,41,46,48,54,59,78,80,86,89" /><INIT seed="7,1,2,3,2,2" ten="644,119,96,121" oya="3" hai0="72,51,99,44,35,76,107,60,103,17,63,19,121" hai1="1,21,4,56,77,53,32,116,57,111,124,71,96" hai2="73,118,13,126,11,84,28,97,89,132,80,122,74" hai3="18,3,90,22,26,9,88,59,64,127,34,8,83"/><W41/><G34/><T109/><D35/><U70/><E32/><V120/><F118/><W115/><G3/><T33/><D33/><U10/><E111/><V85/><F28/><W105/><G105/><T66/><D121/><N who="2" m="46698" /><F132/><W104/><G104/><T101/><D109/><U68/><E77/><N who="2" m="46095" /><F126/><W14/><G127/><T24/><D103/><U23/><E124/><V30/><F30/><W98/><G115/><T128/><D128/><U130/><E116/><V81/><F97/><W37/><G90/><T131/><D131/><U12/><E130/><V62/><F62/><W31/><G98/><T125/><D125/><U112/><E96/><V102/><F102/><W48/><G88/><T15/><D24/><U79/><E79/><V114/><F114/><W6/><G83/><T0/><D0/><U135/><E112/><V78/><F78/><W38/><G38/><T20/><D76/><U69/><E135/><V47/><F47/><N who="3" m="25711" /><G37/><T25/><D72/><U93/><E93/><V92/><F81/><W29/><G9/><T5/><D5/><AGARI ba="1,2" hai="5,11,13,73,74,85,89,92" m="46095,46698" machi="5" ten="30,2000,0" yaku="13,1,52,1" doraHai="2" who="2" fromWho="0" sc="644,-23,119,0,96,43,121,0" owari="621,72.0,119,-38.0,139,-6.0,121,-28.0" /></mjloggm>