<mjloggm ver="2.3"><GO type="41"/><UN n0="%E3%83%A2%E3%83%86%E3%82%A3" n1="%E9%B3%A9%E6%99%82%E8%A8%88" n2="%E6%A5%BD%E5%9C%92%E3%82%AF%E3%83%B3" n3="%EF%BC%88%E2%89%A7%E2%96%BD%E2%89%A6%EF%BC%89" dan="15,15,13,15" rate="2041,2007,1856,1996" sx="M,M,M,M"/><TAIKYOKU oya="0"/><INIT seed="0,0,0,2,0,76" ten="250,250,250,250" oya="0" hai0="101,80,122,22,71,110,97,23,69,2,0,13,40" hai1="6,127,10,48,49,43,21,103,74,16,12,4,82" hai2="36,55,26,28,18,19,119,111,52,14,7,133,88" hai3="77,100,91,62,109,96,87,33,117,123,75,114,29"/><T131/><D122/><U35/><E35/><V50/><F36/><W66/><G117/><T63/><D131/><U85/><E74/><V78/><F119/><W120/><G114/><T24/><D40/><U70/><E70/><V126/><F126/><W118/><G118/><T38/><D38/><U89/><E103/><V124/><F124/><W99/><G109/><T60/><D101/><U83/><E127/><V15/><F111/><W132/><G132/><T95/><D97/><U67/><E67/><V27/><F133/><W8/><G8/><T1/><D110/><U41/><E43/><V32/><F7/><N who="1" m="2601" /><E10/><V57/><F78/><W59/><G33/><T81/><D95/><N who="1" m="54703" /><E49/><V86/><F32/><W108/><G108/><T58/><D13/><U84/><E84/><V65/><F28/><W64/><G66/><T116/><D116/><U128/><E128/><V44/><F65/><W72/><G99/><T37/><D37/><U61/><E61/><N who="0" m="23625" /><D58/><U45/><AGARI ba="0,0" hai="12,16,21,41,45,48,82,83" m="54703,2601" machi="45" ten="30,7900,0" yaku="8,1,52,2,54,1" doraHai="76" who="1" fromWho="1" sc="250,-39,250,79,250,-20,250,-20" /><INIT seed="1,0,0,3,2,54" ten="211,329,230,230" oya="1" hai0="28,92,130,80,45,29,119,30,67,117,1,36,89" hai1="2,101,109,115,131,12,125,128,73,44,133,33,96" hai2="48,87,59,4,127,69,39,86,97,21,58,11,8" hai3="5,14,122,42,70,63,49,129,105,34,13,16,57"/><U18/><E2/><V113/><F39/><W99/><G34/><T43/><D1/><U75/><E33/><V6/><F69/><W64/><G122/><T118/><D80/><U82/><E115/><V61/><F113/><W60/><G129/><T52/><D130/><N who="1" m="49707" /><E44/><V78/><F127/><W132/><G132/><T91/><D67/><U124/><E82/><V110/><F110/><W103/><G5/><T95/><REACH who="0" step="1"/><D52/><REACH who="0" step="2"/><U81/><E81/><V17/><F78/><W83/><G83/><T7/><D7/><U68/><E109/><V3/><F6/><W123/><G123/><T23/><D23/><N who="1" m="11719" /><E133/><V93/><F11/><W19/><G42/><T51/><D51/><U27/><E68/><V37/><F37/><W46/><G49/><T56/><D56/><U55/><E55/><V84/><F48/><W88/><G46/><T76/><D76/><U38/><E38/><V41/><F61/><W104/><G63/><T47/><D47/><U62/><E62/><V114/><F114/><W134/><G60/><T0/><D0/><U121/><E121/><V126/><F41/><W71/><G64/><T90/><AGARI ba="0,1" hai="28,29,30,36,43,45,89,90,91,92,95,117,118,119" machi="90" ten="40,8000,1" yaku="1,1,0,1,29,2,53,0" doraHai="54" doraHaiUra="53" who="0" fromWho="0" sc="201,90,329,-40,230,-20,230,-20" /><INIT seed="2,0,0,5,0,7" ten="291,289,210,210" oya="2" hai0="68,103,135,34,116,62,21,91,86,109,125,19,13" hai1="14,32,26,107,35,82,75,105,90,53,61,64,18" hai2="118,117,128,10,127,56,98,1,22,102,20,95,84" hai3="113,66,123,120,11,76,28,110,99,92,44,15,58"/><V112/><F112/><W30/><G110/><T65/><D109/><U49/><E75/><V3/><F127/><W0/><G0/><T42/><D125/><U106/><E26/><V29/><F128/><W80/><G113/><T69/><D116/><U133/><E133/><V111/><F111/><W101/><G44/><T5/><D34/><U12/><E90/><V74/><F74/><W89/><G123/><T6/><D135/><U31/><E31/><V36/><F36/><W122/><G120/><T131/><D131/><U126/><E82/><V88/><F3/><W87/><G122/><T54/><D103/><U96/><E96/><V59/><F118/><W55/><G66/><T16/><D42/><U78/><E78/><V27/><F117/><W47/><G76/><T71/><D54/><U45/><E126/><V48/><F48/><N who="3" m="29087" /><G58/><T100/><D100/><U97/><E97/><V73/><F73/><W17/><AGARI ba="0,0" hai="11,15,17,28,30,80,87,89,92,99,101" m="29087" machi="17" ten="30,4000,0" yaku="25,1,8,1,52,1" doraHai="7" who="3" fromWho="3" sc="291,-10,289,-10,210,-20,210,40" /><INIT seed="3,0,0,3,0,128" ten="281,279,190,250" oya="3" hai0="69,114,23,34,61,81,110,97,13,57,78,100,74" hai1="56,48,76,16,6,1,116,93,90,89,20,30,91" hai2="14,84,65,77,15,67,11,43,130,68,46,42,79" hai3="106,82,58,87,55,10,71,29,52,133,80,35,41"/><W117/><G106/><T99/><D114/><U59/><E30/><V121/><F68/><W88/><G117/><T98/><D110/><U31/><E31/><V32/><F32/><W33/><G71/><T17/><D34/><U22/><E76/><V134/><F130/><W4/><G41/><T85/><D69/><U24/><E22/><V40/><F121/><W12/><G133/><T50/><D74/><U125/><E116/><V19/><F134/><W115/><G115/><T37/><D37/><U118/><E118/><V51/><F84/><W126/><G126/><T63/><D100/><U9/><E125/><V124/><F124/><W120/><G120/><T21/><D21/><U108/><E108/><V113/><F113/><W129/><G129/><T28/><D28/><U7/><E6/><V72/><F72/><W103/><G103/><T27/><D27/><U62/><E48/><V122/><F122/><W75/><G29/><T3/><D3/><U94/><REACH who="1" step="1"/><E59/><REACH who="1" step="2"/><V64/><REACH who="2" step="1"/><F15/><REACH who="2" step="2"/><W107/><G33/><T47/><D57/><U26/><E26/><V60/><F60/><W2/><G35/><T36/><D36/><U70/><E70/><V109/><F109/><W95/><G2/><T105/><D105/><U18/><E18/><V127/><F127/><W39/><G107/><T92/><D63/><U73/><E73/><V102/><F102/><W101/><G39/><T38/><D61/><U119/><E119/><V132/><F132/><W5/><G75/><T53/><D38/><U86/><E86/><V83/><F83/><W123/><G82/><T135/><D135/><RYUUKYOKU ba="0,2" sc="281,10,269,10,180,10,250,-30" hai0="13,17,23,47,50,53,78,81,85,92,97,98,99" hai1="1,7,9,16,20,24,56,62,89,90,91,93,94" hai2="11,14,19,40,42,43,46,51,64,65,67,77,79" /><INIT seed="4,1,2,5,5,113" ten="291,279,190,220" oya="0" hai0="120,11,41,123,117,26,25,87,70,59,42,131,34" hai1="36,47,110,21,103,92,66,44,95,129,65,82,97" hai2="79,98,7,125,60,30,29,81,75,104,77,94,6" hai3="52,109,10,28,107,101,51,134,56,49,17,23,8"/><T122/><D70/><U62/><E110/><V24/><F104/><W55/><G109/><T96/><D131/><U121/><E121/><V31/><F125/><W119/><G134/><T114/><D114/><U3/><E3/><V111/><F111/><W53/><G119/><T33/><D87/><U39/><E82/><V40/><F79/><W64/><G28/><T43/><D96/><U112/><E112/><V71/><F40/><W132/><G132/><T106/><D106/><U5/><E5/><V27/><F71/><W126/><G126/><T133/><D11/><N who="3" m="4137" /><G101/><T100/><D100/><U18/><E95/><V76/><F60/><N who="3" m="37895" /><G107/><T38/><D59/><U69/><E129/><V93/><F76/><W74/><G74/><T50/><D50/><U12/><E66/><V22/><F98/><W130/><G130/><T48/><D48/><U4/><E4/><V67/><F67/><W37/><G37/><T68/><D38/><U32/><E32/><N who="0" m="12393" /><D68/><U80/><E39/><V13/><F94/><W57/><G57/><T135/><D117/><U128/><E36/><V19/><REACH who="2" step="1"/><F93/><REACH who="2" step="2"/><W83/><G83/><T127/><D127/><U63/><E80/><V99/><F99/><W9/><G9/><T90/><D135/><U78/><E78/><V58/><F58/><W14/><AGARI ba="1,3" hai="14,17,23,49,51,52,53,55" m="37895,4137" machi="14" ten="30,2000,0" yaku="8,1,54,1" doraHai="113" who="3" fromWho="3" sc="291,-11,279,-6,180,-6,220,53" /><INIT seed="5,0,0,0,3,65" ten="280,273,174,273" oya="1" hai0="120,111,40,27,75,41,34,44,17,89,4,74,47" hai1="49,99,105,33,134,115,72,58,112,60,38,76,37" hai2="63,42,9,114,116,94,2,6,87,43,46,54,0" hai3="135,103,10,124,81,52,83,106,121,119,61,122,26"/><U39/><E33/><V128/><F116/><W80/><G119/><T36/><D120/><U29/><E29/><V100/><F128/><W95/><G135/><T97/><D111/><U35/><E35/><V125/><F125/><W131/><G131/><T102/><D4/><U15/><E134/><V53/><F2/><W91/><G124/><T96/><D89/><U88/><E49/><V59/><F114/><N who="1" m="43561" /><E15/><V24/><F24/><W14/><G26/><T90/><D90/><U113/><E105/><V73/><F73/><W50/><G61/><T129/><D129/><U109/><E109/><V108/><F108/><W3/><G3/><T16/><D34/><U133/><E133/><V77/><F77/><W25/><G25/><T93/><D27/><U92/><N who="1" m="43569" /><U5/><DORA hai="130" /><E5/><V20/><F20/><W78/><G78/><T110/><D110/><U51/><E51/><V71/><F43/><W55/><G106/><T45/><D96/><U82/><E37/><V64/><F59/><W62/><G122/><T117/><D117/><U21/><E21/><V23/><F23/><W132/><G121/><T126/><D126/><U11/><E11/><V127/><F127/><W86/><G132/><T67/><D67/><AGARI ba="0,0" hai="38,39,58,60,67,72,76,82,88,92,99" m="43569" machi="67" ten="40,3900,0" yaku="15,1,54,1" doraHai="65,130" who="1" fromWho="0" sc="280,-39,273,39,174,0,273,0" /><INIT seed="5,1,0,1,2,87" ten="241,312,174,273" oya="1" hai0="106,57,114,110,4,58,131,83,93,8,111,18,82" hai1="96,122,59,85,66,31,17,19,13,119,61,97,135" hai2="9,54,52,28,77,71,7,35,72,69,24,36,132" hai3="118,120,20,53,95,2,48,60,65,12,103,98,55"/><U34/><E122/><V81/><F132/><W134/><G120/><T62/><D106/><U14/><E119/><V133/><F36/><W76/><G2/><T107/><D107/><U94/><E31/><V70/><REACH who="2" step="1"/><F133/><REACH who="2" step="2"/><W27/><G134/><T129/><D114/><U117/><E135/><V121/><F121/><W130/><G118/><T126/><D126/><U39/><E39/><V3/><AGARI ba="1,1" hai="3,7,9,24,28,35,52,54,69,70,71,72,77,81" machi="3" ten="30,4000,0" yaku="1,1,0,1,54,1,53,0" doraHai="87" doraHaiUra="91" who="2" fromWho="2" sc="241,-11,312,-21,164,53,273,-11" /><INIT seed="6,0,0,4,5,97" ten="230,291,217,262" oya="2" hai0="24,0,88,45,133,120,134,130,75,17,53,129,42" hai1="32,125,33,61,91,127,119,135,58,67,74,110,104" hai2="87,78,103,96,44,11,63,71,101,98,105,70,26" hai3="116,81,20,25,40,82,38,89,65,6,108,66,131"/><V14/><F44/><W76/><G116/><T47/><D75/><U92/><E104/><V50/><F50/><W86/><G108/><T123/><D0/><U41/><E74/><V31/><F63/><W68/><G131/><N who="0" m="50187" /><D53/><U18/><E119/><V79/><F87/><W77/><G6/><T102/><D102/><U22/><E41/><V52/><F71/><W114/><G114/><T124/><D45/><U10/><E10/><V5/><F70/><W54/><G68/><T109/><D109/><U107/><E107/><V23/><REACH who="2" step="1"/><F52/><REACH who="2" step="2"/><W34/><G54/><T115/><D47/><U15/><E110/><V13/><F13/><W128/><G86/><T9/><D42/><U106/><E135/><N who="0" m="51721" /><D115/><U56/><E58/><V99/><F99/><W118/><G40/><T36/><D36/><U73/><E73/><V28/><F28/><W57/><G118/><T112/><D112/><U8/><E106/><AGARI ba="0,1" hai="5,11,14,23,26,31,78,79,96,98,101,103,105,106" machi="106" ten="30,12000,1" yaku="1,1,7,1,9,1,52,2,53,0" doraHai="97" doraHaiUra="111" who="2" fromWho="1" sc="230,0,291,-120,207,130,262,0" /><INIT seed="6,1,0,5,2,21" ten="230,171,337,262" oya="2" hai0="96,25,92,2,17,116,67,66,99,48,1,89,56" hai1="135,131,101,85,110,12,31,65,20,93,57,84,13" hai2="33,113,114,43,98,126,127,61,97,62,34,123,26" hai3="58,100,32,16,50,125,118,29,54,86,28,19,95"/><V60/><F123/><W9/><G118/><T53/><D116/><U94/><E110/><V109/><F43/><W111/><G111/><T90/><D1/><U51/><E135/><V55/><F109/><W27/><G125/><N who="2" m="47625" /><F55/><W108/><G108/><T45/><D2/><U0/><E0/><V68/><F68/><W10/><G29/><T112/><D112/><N who="2" m="43114" /><F26/><W122/><G122/><T64/><D89/><U69/><E69/><V80/><F80/><W82/><G82/><T3/><D3/><U52/><E65/><V42/><F42/><W4/><G27/><T6/><D6/><U46/><E131/><V88/><F88/><W38/><G32/><AGARI ba="1,0" hai="32,33,34,60,61,62,97,98" m="43114,47625" machi="32" ten="40,12000,1" yaku="28,2,18,1,15,1" doraHai="21" who="2" fromWho="3" sc="230,0,171,0,337,123,262,-123" /><INIT seed="6,2,0,5,1,75" ten="230,171,460,139" oya="2" hai0="110,74,40,103,23,102,34,97,22,4,20,44,119" hai1="72,45,57,85,15,111,37,28,77,127,82,90,125" hai2="123,65,55,5,107,62,54,106,36,8,29,129,12" hai3="78,108,131,112,134,42,91,135,50,66,53,3,130"/><V43/><F123/><W7/><G108/><T52/><D110/><U60/><E111/><V32/><F36/><W71/><G78/><T94/><D34/><U87/><E28/><V89/><F43/><W99/><G112/><T10/><D119/><U116/><E116/><V31/><F129/><N who="3" m="49163" /><G3/><T33/><D33/><U38/><E45/><V46/><F32/><W48/><G7/><T17/><D102/><U92/><E85/><V21/><F46/><N who="3" m="25687" /><G91/><T133/><D133/><N who="3" m="50697" /><G99/><T56/><D4/><U68/><E15/><V88/><F107/><W27/><G27/><T79/><D10/><U84/><E72/><V39/><F106/><W98/><G98/><T58/><D17/><U95/><E92/><V9/><F39/><W61/><G50/><T2/><D2/><U118/><E118/><V73/><F73/><W41/><G41/><T49/><D79/><U105/><E105/><V6/><F29/><W109/><G109/><T115/><D74/><U113/><E113/><V63/><F31/><W81/><G81/><T11/><D115/><U93/><E95/><V96/><F21/><N who="0" m="5378" /><T121/><DORA hai="69" /><D11/><U30/><E30/><V128/><F128/><W19/><G19/><T132/><D132/><U67/><REACH who="1" step="1"/><E68/><REACH who="1" step="2"/><V122/><F122/><W13/><G13/><T83/><D121/><U24/><E24/><V117/><F96/><W47/><G47/><N who="0" m="25831" /><D83/><U76/><E76/><V16/><F117/><W126/><G126/><AGARI ba="2,1" hai="37,38,57,60,67,77,82,84,87,90,93,125,126,127" machi="126" ten="40,12000,2" yaku="1,1,18,1,52,3,53,2" doraHai="75,69" doraHaiUra="80,104" who="1" fromWho="3" sc="230,0,161,136,460,0,139,-126" /><INIT seed="7,0,0,2,3,73" ten="230,297,460,13" oya="3" hai0="121,1,48,20,98,8,93,116,56,129,27,50,79" hai1="69,103,65,0,130,61,80,66,34,128,84,49,5" hai2="111,108,102,124,110,72,135,25,46,104,33,112,117" hai3="67,54,94,125,83,51,38,99,89,19,91,90,2"/><W11/><G125/><T31/><D121/><U36/><E36/><V77/><F117/><W28/><G38/><T71/><D116/><U39/><E39/><V96/><F46/><W43/><G28/><T32/><D71/><U14/><E34/><V35/><F124/><W16/><G67/><T132/><D129/><N who="1" m="49771" /><E103/><V55/><F135/><W107/><G107/><T52/><D132/><U123/><E66/><V47/><F55/><W70/><G70/><T44/><D1/><U58/><E0/><V113/><F47/><W3/><G43/><T60/><D8/><N who="1" m="4367" /><E49/><V42/><F42/><W22/><G11/><T86/><D32/><N who="2" m="12362" /><F25/><W105/><G105/><T17/><D31/><U118/><E118/><V59/><F59/><W30/><G30/><T106/><D106/><U100/><E100/><V45/><F45/><W82/><G2/><T115/><D115/><U10/><E10/><V120/><F120/><W37/><G37/><T15/><D15/><U12/><E12/><V24/><F24/><N who="3" m="14407" /><G19/><T122/><D122/><U29/><E29/><V133/><F133/><W127/><G3/><T114/><D114/><U134/><E134/><V23/><F23/><W81/><G127/><T74/><D74/><U13/><E13/><V7/><F7/><W53/><G53/><T18/><D18/><U63/><E123/><V6/><F6/><W95/><G99/><T75/><D75/><U131/><E131/><V26/><F26/><W88/><N who="3" m="22528" /><DORA hai="9" /><W40/><G40/><T101/><REACH who="0" step="1"/><D44/><AGARI ba="0,0" hai="44,51,54,81,82,83,94,95" m="22528,14407" machi="44" ten="40,7700,0" yaku="8,1,54,2" doraHai="73,9" who="3" fromWho="0" sc="230,-77,297,0,460,0,13,77" /><INIT seed="7,1,0,3,4,72" ten="153,297,460,90" oya="3" hai0="125,118,23,98,58,7,2,40,13,62,6,31,96" hai1="82,119,90,78,54,37,1,130,134,36,46,63,32" hai2="79,127,84,93,18,22,48,124,108,83,109,51,80" hai3="89,97,16,12,5,26,29,20,10,55,106,35,14"/><W135/><G135/><T27/><D118/><U38/><E32/><V50/><F83/><W77/><G55/><T126/><D2/><U67/><E1/><V110/><REACH who="2" step="1"/><F93/><REACH who="2" step="2"/><W117/><G117/><T107/><D125/><U105/><E119/><V129/><F129/><W73/><G106/><T28/><D126/><U86/><E105/><V59/><F59/><W91/><REACH who="3" step="1"/><G97/><REACH who="3" step="2"/><T34/><D98/><U95/><E134/><V116/><F116/><W94/><G94/><T44/><D96/><U111/><E130/><V43/><F43/><W123/><G123/><T39/><D40/><U45/><E111/><V121/><F121/><W88/><G88/><T76/><D107/><U101/><E90/><V85/><F85/><W47/><G47/><T15/><D44/><U24/><E86/><V3/><F3/><W74/><G74/><T41/><D41/><U56/><E46/><V104/><F104/><W112/><G112/><T131/><D131/><U66/><E45/><V114/><F114/><W65/><G65/><T99/><D99/><U25/><E67/><V115/><F115/><W52/><G52/><T49/><D58/><U61/><E66/><V33/><F33/><W71/><G71/><T81/><D34/><U87/><E54/><V102/><F102/><W133/><G133/><T92/><D92/><U17/><E56/><V11/><F11/><W68/><G68/><T103/><D103/><U122/><E95/><V132/><F132/><W113/><G113/><T69/><D69/><U0/><E122/><V70/><F70/><W30/><G30/><T8/><D31/><RYUUKYOKU ba="1,2" sc="153,-15,297,-15,450,15,80,15" hai2="18,22,48,50,51,79,80,84,108,109,110,124,127" hai3="5,10,12,14,16,20,26,29,35,73,77,89,91" /><INIT seed="7,2,2,0,4,30" ten="138,282,465,95" oya="3" hai0="130,100,61,38,124,19,105,2,14,115,45,58,23" hai1="43,122,113,114,90,81,42,8,97,93,26,98,3" hai2="17,12,28,125,77,101,63,13,86,21,118,1,82" hai3="95,99,102,18,0,51,52,53,65,41,131,27,55"/><W127/><G0/><T10/><D115/><N who="1" m="44043" /><E122/><V64/><F118/><W109/><G131/><T112/><D130/><U96/><E81/><V54/><F1/><W89/><G127/><T91/><D124/><U119/><E119/><V76/><F28/><W50/><G109/><T106/><D112/><U80/><E80/><V92/><F125/><W132/><G132/><T24/><D2/><U120/><E26/><V110/><F110/><W107/><G65/><T47/><D100/><U79/><E79/><V104/><F104/><W66/><G66/><T40/><D91/><U33/><E33/><V15/><F77/><W72/><G72/><T48/><D45/><U25/><E25/><V20/><F54/><W108/><G108/><T5/><D38/><U9/><E120/><V103/><F21/><W75/><G75/><T49/><D49/><U126/><E126/><V7/><F92/><W46/><G18/><T59/><D59/><U32/><E32/><V85/><F7/><W35/><G27/><T123/><D123/><U56/><E56/><N who="2" m="36967" /><F86/><W16/><G16/><T4/><D5/><N who="1" m="1087" /><E9/><V68/><F68/><W128/><G35/><T6/><D4/><U129/><E129/><V67/><F67/><AGARI ba="2,2" hai="6,10,14,19,23,24,40,47,48,58,61,67,105,106" machi="67" ten="30,1000,0" yaku="7,1" doraHai="30" who="0" fromWho="2" sc="138,36,282,0,465,-16,95,0" owari="174,-23.0,282,8.0,449,55.0,95,-40.0" /></mjloggm>