<mjloggm ver="2.3"><GO type="97"/><UN n0="%E3%81%88%E3%81%B3%42%4F%58%45%52" n1="%EF%BC%88%E2%89%A7%E2%96%BD%E2%89%A6%EF%BC%89" n2="%E5%A4%A7%E5%BE%80%E7%94%9F" n3="%E3%81%A8%E3%81%8B%E3%81%A1%E3%81%A3%E3%81%93%E2%99%AA" dan="15,14,14,16" rate="1916,2053,1838,1958" sx="M,M,F,M"/><TAIKYOKU oya="0"/><INIT seed="0,0,0,3,3,25" ten="250,250,250,250" oya="0" hai0="86,128,88,123,130,40,20,92,60,93,31,134,96" hai1="44,49,53,135,84,99,72,109,115,22,50,108,43" hai2="37,19,124,111,27,2,76,94,34,28,74,104,4" hai3="119,56,70,23,33,65,95,106,110,83,133,98,121"/><T71/><D123/><U67/><E115/><V132/><F104/><W46/><G33/><T64/><D40/><U45/><E72/><V8/><F94/><W81/><G121/><T116/><D116/><U52/><E135/><V85/><F85/><W18/><G119/><T0/><D134/><U35/><E35/><V12/><F37/><W47/><G70/><T55/><D0/><U11/><E67/><V78/><F132/><W100/><G106/><T117/><D55/><U10/><E99/><V118/><F118/><W73/><G110/><N who="1" m="42602" /><E84/><V15/><F111/><W39/><G133/><T90/><REACH who="0" step="1"/><D117/><REACH who="0" step="2"/><U7/><E43/><V24/><F124/><W21/><G39/><T41/><D41/><U54/><E54/><V38/><F38/><W79/><G65/><T1/><D1/><U3/><E3/><V26/><F74/><W127/><G73/><T112/><D112/><U13/><E7/><V17/><F78/><W105/><G79/><T68/><D68/><U80/><E53/><V126/><F76/><W102/><G127/><T59/><D59/><U97/><E52/><V30/><F126/><W75/><G56/><T69/><D69/><U120/><E120/><V36/><F36/><W32/><G75/><T58/><D58/><U42/><E42/><V63/><F63/><W48/><G47/><T114/><D114/><U29/><E45/><V125/><F125/><W87/><G46/><T82/><D82/><U51/><E80/><V101/><F2/><W91/><G83/><T122/><D122/><U113/><E44/><V5/><F4/><W6/><G81/><RYUUKYOKU ba="0,1" sc="240,30,250,-10,250,-10,250,-10" hai0="20,31,60,64,71,86,88,90,92,93,96,128,130" /><INIT seed="0,1,1,1,0,65" ten="270,240,240,240" oya="0" hai0="53,82,113,26,125,40,4,8,32,95,35,62,54" hai1="92,14,114,24,48,0,124,38,64,29,20,99,79" hai2="102,66,13,6,126,109,105,42,117,39,58,3,30" hai3="107,89,80,43,61,59,19,87,100,134,15,73,108"/><T106/><D106/><U33/><E38/><V18/><F30/><W129/><G134/><T49/><D113/><U84/><E114/><V116/><F126/><W128/><G73/><T94/><D82/><U71/><E124/><V103/><F109/><W83/><G43/><T63/><D40/><U127/><E127/><V55/><F66/><N who="3" m="39231" /><G108/><T16/><D125/><U130/><E130/><N who="3" m="50282" /><G107/><T111/><D111/><U11/><E48/><V110/><F110/><W135/><G135/><T93/><D35/><U78/><E84/><V131/><F131/><W51/><G51/><T31/><D53/><U44/><E44/><N who="2" m="23647" /><F105/><W34/><G100/><T56/><REACH who="0" step="1"/><D16/><REACH who="0" step="2"/><N who="1" m="10263" /><E64/><V2/><F6/><W81/><G34/><T75/><D75/><U1/><E1/><AGARI ba="1,2" hai="1,4,8,26,31,32,49,54,56,62,63,93,94,95" machi="1" ten="40,2000,0" yaku="1,1,53,0" doraHai="65" doraHaiUra="72" who="0" fromWho="1" sc="260,43,240,-23,240,0,240,0" /><INIT seed="0,2,0,4,5,111" ten="303,217,240,240" oya="0" hai0="67,66,17,107,40,88,62,133,11,95,74,51,75" hai1="20,84,57,86,28,70,14,53,31,112,45,52,134" hai2="92,90,78,9,15,29,124,4,6,54,16,135,125" hai3="113,115,23,33,63,61,129,41,13,122,7,48,44"/><T72/><D107/><U123/><E70/><V76/><F135/><W85/><G33/><T126/><D126/><N who="2" m="48746" /><F54/><W64/><G63/><T36/><D36/><U79/><E134/><V42/><F42/><W119/><G119/><T128/><D128/><U35/><E35/><V96/><F29/><N who="1" m="11337" /><E123/><V0/><F4/><W99/><G129/><T10/><D67/><U21/><E112/><V118/><F118/><W109/><G109/><T132/><D132/><U22/><E14/><V25/><F25/><W103/><G122/><T56/><D133/><U101/><E101/><V81/><F81/><W89/><G103/><T120/><D120/><U26/><E26/><V114/><F114/><W87/><G99/><T102/><D102/><U73/><E73/><V68/><F68/><W58/><G87/><N who="1" m="33322" /><E79/><V105/><F105/><W27/><G27/><T47/><REACH who="0" step="1"/><D17/><REACH who="0" step="2"/><U38/><E38/><V60/><F60/><W59/><G115/><T8/><D8/><AGARI ba="2,1" hai="0,6,8,9,15,16,76,78,90,92,96" m="48746" machi="8" ten="30,2000,0" yaku="18,1,54,1" doraHai="111" who="2" fromWho="0" sc="293,-26,217,0,240,36,240,0" /><INIT seed="1,0,0,1,0,48" ten="267,217,276,240" oya="1" hai0="84,43,127,8,135,69,106,91,1,41,83,65,36" hai1="111,74,38,14,126,61,39,15,45,10,102,58,75" hai2="54,44,109,42,113,49,30,20,92,98,96,129,55" hai3="107,32,19,50,87,9,56,122,2,68,40,124,94"/><U120/><E120/><V27/><F113/><W80/><G107/><T16/><D106/><U21/><E126/><V100/><F129/><W121/><G68/><T25/><D127/><U46/><E102/><V57/><F109/><W5/><G124/><T123/><D36/><N who="1" m="13867" /><E21/><V86/><F86/><W28/><G28/><T77/><D1/><U88/><E58/><V33/><F33/><W85/><G32/><T47/><D47/><N who="1" m="17931" /><E61/><N who="2" m="36023" /><F98/><W118/><G40/><AGARI ba="0,0" hai="20,27,30,40,42,44,49,55,92,96,100" m="36023" machi="40" ten="30,3900,0" yaku="8,1,52,2" doraHai="48" who="2" fromWho="3" sc="267,0,217,0,276,39,240,-39" /><INIT seed="2,0,0,1,2,73" ten="267,217,315,201" oya="2" hai0="27,72,12,5,81,1,114,62,135,126,44,113,84" hai1="9,22,91,98,79,100,39,120,65,90,17,56,3" hai2="99,80,110,40,42,0,78,71,67,83,57,41,47" hai3="6,46,50,70,109,132,106,4,59,43,29,105,122"/><V26/><F0/><W48/><G122/><T125/><D1/><U116/><E116/><V58/><F71/><W134/><G70/><T55/><D72/><U101/><E120/><V28/><F47/><W14/><G29/><T97/><D97/><U96/><E39/><V128/><F128/><W68/><G68/><T88/><D27/><U24/><E3/><V69/><F69/><W89/><G89/><N who="1" m="33802" /><E9/><V33/><F110/><W13/><G59/><T118/><D118/><U63/><E79/><V11/><F67/><W117/><G117/><T25/><D25/><U53/><E65/><V7/><F99/><AGARI ba="0,0" hai="17,22,24,53,56,63,96,98,99,100,101" m="33802" machi="99" ten="30,1000,0" yaku="8,1" doraHai="73" who="1" fromWho="2" sc="267,0,217,10,315,-10,201,0" /><INIT seed="3,0,0,1,0,101" ten="267,227,305,201" oya="3" hai0="122,8,28,132,73,130,127,44,15,32,135,0,124" hai1="117,87,4,22,57,47,131,65,11,113,61,53,54" hai2="86,106,116,126,115,103,114,92,60,88,43,55,80" hai3="33,45,17,69,12,63,24,76,31,23,72,42,27"/><W121/><G121/><T13/><D73/><U16/><E131/><V67/><F43/><W95/><G72/><T59/><D59/><U102/><E113/><V84/><F55/><W58/><G69/><T134/><D44/><U7/><E117/><V14/><F116/><W118/><G118/><T78/><D78/><U91/><E102/><V66/><F66/><W79/><G27/><N who="0" m="18463" /><D122/><U46/><E54/><V109/><F106/><W40/><G95/><T37/><D37/><U64/><E64/><V35/><F103/><W123/><G123/><T93/><D93/><U74/><E74/><V38/><F35/><W75/><G75/><T98/><D98/><U30/><E30/><V108/><F38/><W5/><G5/><N who="1" m="2122" /><E11/><V82/><F14/><N who="0" m="5130" /><D130/><U2/><E65/><V39/><F39/><W129/><G129/><T94/><D94/><N who="1" m="54655" /><E2/><V36/><F36/><W20/><G33/><T133/><D133/><U25/><AGARI ba="0,0" hai="16,22,25,46,47,53,57,61" m="54655,2122" machi="25" ten="30,2000,0" yaku="8,1,54,1" doraHai="101" who="1" fromWho="1" sc="267,-5,227,20,305,-5,201,-10" owari="262,6.0,247,-15.0,300,40.0,191,-31.0" /></mjloggm>