<mjloggm ver="2.3"><GO type="41"/><UN n0="%46%72%61%79" n1="%6B%75%73%6F%6A%69%6A%69" n2="%EF%BC%88%E2%89%A7%E2%96%BD%E2%89%A6%EF%BC%89" n3="%6F%63%65%6C%6F%74" dan="14,15,15,14" rate="1854,1988,2019,1867" sx="M,M,M,M"/><TAIKYOKU oya="0"/><INIT seed="0,0,0,3,2,83" ten="250,250,250,250" oya="0" hai0="80,133,18,101,109,71,11,44,92,57,52,12,47" hai1="88,34,128,41,68,46,14,16,93,65,5,28,122" hai2="26,117,121,17,4,107,51,38,114,45,90,22,119" hai3="62,123,0,115,110,15,79,30,116,10,56,82,6"/><T36/><D71/><U77/><E122/><V112/><F107/><W120/><G116/><N who="2" m="44617" /><F38/><W99/><G115/><N who="2" m="44073" /><F121/><N who="3" m="46667" /><G30/><T48/><D133/><U91/><E128/><V9/><F90/><W106/><G110/><T111/><D36/><U20/><E77/><V104/><F104/><W55/><G106/><T70/><D70/><U66/><E91/><V63/><F63/><W102/><G0/><T95/><D80/><U100/><E100/><V8/><F4/><W118/><G118/><T76/><D76/><U27/><E68/><V135/><F135/><W37/><G37/><T33/><D33/><U126/><E126/><V132/><F132/><W75/><G102/><T69/><D69/><U40/><E5/><V105/><F105/><W73/><G99/><N who="0" m="59623" /><D95/><U1/><E1/><V53/><AGARI ba="0,0" hai="8,9,17,22,26,45,51,53" m="44073,44617" machi="53" ten="30,1100,0" yaku="12,1" doraHai="83" who="2" fromWho="2" sc="250,-5,250,-3,250,11,250,-3" /><INIT seed="1,0,0,3,2,69" ten="245,247,261,247" oya="1" hai0="124,96,88,97,122,72,83,74,35,120,43,59,113" hai1="44,86,90,91,60,131,41,16,1,58,4,71,84" hai2="18,77,135,119,32,61,6,37,49,62,40,0,100" hai3="121,125,116,115,22,2,48,55,75,27,5,36,133"/><U78/><E71/><V112/><F119/><W110/><RYUUKYOKU type="yao9" ba="0,0" sc="245,0,247,0,261,0,247,0" hai3="2,5,22,27,36,48,55,75,110,115,116,121,125,133" /><INIT seed="1,1,0,1,0,51" ten="245,247,261,247" oya="1" hai0="23,35,32,33,69,53,61,130,39,20,126,38,30" hai1="85,128,83,103,29,95,31,58,107,77,74,55,123" hai2="111,17,44,97,110,54,65,78,75,81,67,93,127" hai3="37,7,11,121,131,14,79,84,98,119,134,52,26"/><U40/><E123/><V108/><F127/><W132/><G121/><T0/><D126/><U125/><E125/><V76/><F76/><W86/><G37/><T62/><D0/><U104/><E40/><V15/><F44/><W106/><G131/><T19/><D130/><U129/><E107/><V22/><REACH who="2" step="1"/><F54/><REACH who="2" ten="245,247,251,247" step="2"/><W117/><G79/><T8/><D39/><U99/><E129/><V68/><F68/><W18/><G52/><T59/><D38/><U115/><E128/><V90/><AGARI ba="1,1" hai="15,17,22,65,67,75,78,81,90,93,97,108,110,111" machi="90" ten="30,7900,0" yaku="1,1,0,1,14,1,53,1" doraHai="51" doraHaiUra="91" who="2" fromWho="2" sc="245,-21,247,-40,251,92,247,-21" /><INIT seed="2,0,0,1,3,82" ten="224,207,343,226" oya="2" hai0="56,59,7,112,131,124,5,103,81,133,132,53,99" hai1="33,65,57,73,120,79,21,130,31,95,102,39,60" hai2="52,90,49,85,17,76,54,100,135,28,16,109,69" hai3="125,118,1,110,114,3,26,93,77,86,92,94,22"/><V117/><F117/><W15/><G118/><T46/><D112/><U78/><E39/><V35/><F69/><W70/><G114/><T129/><D81/><U4/><E120/><V101/><F135/><N who="0" m="51786" /><D46/><U14/><E33/><V0/><F0/><W104/><G70/><T30/><D30/><U119/><E73/><V29/><F109/><W2/><G110/><T50/><D59/><U75/><E75/><V127/><F76/><W6/><G104/><N who="0" m="63615" /><D124/><U68/><E68/><V107/><F127/><W36/><G125/><T123/><D123/><U89/><E119/><V83/><F107/><W9/><G36/><T87/><D87/><N who="1" m="52671" /><E130/><AGARI ba="0,0" hai="5,7,50,53,56,129,130,131" m="63615,51786" machi="130" ten="30,2000,0" yaku="19,1,20,1" doraHai="82" who="0" fromWho="1" sc="224,20,207,-20,343,0,226,0" /><INIT seed="3,0,0,2,4,22" ten="244,187,343,226" oya="3" hai0="81,110,63,28,12,109,11,44,117,7,68,132,98" hai1="19,8,62,108,65,33,53,74,93,31,41,101,115" hai2="77,21,113,13,96,134,38,58,122,30,84,54,102" hai3="118,66,9,27,83,89,47,50,88,35,15,104,6"/><W72/><G118/><T112/><D117/><U24/><E115/><V20/><F38/><W43/><G104/><T78/><D132/><U59/><E74/><V32/><F113/><W39/><G66/><N who="0" m="41055" /><D112/><U17/><E108/><N who="0" m="41577" /><D44/><U75/><E75/><V92/><F134/><W127/><G127/><T42/><D42/><U25/><E41/><V133/><F133/><W114/><G114/><T99/><D28/><U107/><E8/><V80/><F122/><W18/><G39/><T79/><D79/><U135/><E135/><V34/><F20/><W0/><G83/><T120/><D120/><U2/><E2/><V36/><F36/><W23/><G72/><AGARI ba="0,0" hai="7,11,12,72,78,81,98,99" m="41577,41055" machi="72" ten="30,1000,0" yaku="14,1" doraHai="22" who="0" fromWho="3" sc="244,10,187,0,343,0,226,-10" /><INIT seed="4,0,0,5,4,71" ten="254,187,343,216" oya="0" hai0="59,127,11,19,16,97,36,99,5,94,107,60,117" hai1="86,73,20,81,63,8,39,49,134,89,18,25,130" hai2="112,88,102,56,28,27,62,80,17,82,58,45,70" hai3="31,34,0,132,121,119,74,111,98,55,9,35,57"/><T6/><D117/><U51/><E134/><V69/><F112/><W32/><G119/><T54/><D127/><U92/><E130/><V133/><F133/><W83/><G132/><T106/><D36/><U44/><E63/><V53/><F102/><W91/><G111/><T101/><D107/><U114/><E114/><V113/><F113/><W46/><G46/><T128/><D128/><U4/><E73/><V40/><F17/><W67/><G67/><T1/><REACH who="0" step="1"/><D6/><REACH who="0" ten="244,187,343,216" step="2"/><U10/><E39/><V41/><F70/><W72/><G121/><T126/><D126/><U135/><E135/><V84/><F69/><W85/><G72/><T79/><D79/><U120/><E120/><V23/><F45/><W15/><G74/><T115/><D115/><U110/><E110/><V26/><F80/><W43/><G83/><T96/><D96/><N who="1" m="57359" /><E4/><V38/><F38/><W64/><G98/><T105/><D105/><U29/><E44/><V61/><REACH who="2" step="1"/><F27/><REACH who="2" ten="244,187,333,216" step="2"/><W125/><G125/><T30/><D30/><U50/><E29/><V33/><F33/><W104/><G31/><T66/><D66/><AGARI ba="0,2" hai="23,26,28,40,41,53,56,58,61,62,66,82,84,88" machi="66" ten="30,7700,0" yaku="1,1,7,1,8,1,54,1,53,0" doraHai="71" doraHaiUra="108" who="2" fromWho="0" sc="244,-77,187,0,333,97,216,0" /><INIT seed="5,0,0,4,0,93" ten="167,187,430,216" oya="1" hai0="34,72,86,4,23,92,50,22,28,67,87,114,105" hai1="12,104,106,107,123,82,69,63,59,2,125,35,7" hai2="44,126,89,134,68,110,124,21,10,40,102,61,5" hai3="14,13,56,39,108,42,91,41,51,52,111,127,26"/><U94/><E123/><V77/><F110/><W19/><G127/><N who="2" m="48681" /><F134/><W0/><G0/><T79/><D105/><U85/><E125/><V62/><F77/><W99/><G108/><T80/><D114/><U97/><E2/><N who="2" m="311" /><F68/><W117/><G111/><T84/><D4/><U130/><E69/><V47/><F102/><W25/><G39/><T36/><D36/><U112/><E35/><V96/><F21/><N who="3" m="11511" /><G13/><T73/><D73/><U6/><E12/><V74/><F74/><W65/><G117/><T129/><D129/><U3/><E130/><V135/><F135/><W115/><G115/><T49/><D67/><U46/><E112/><V9/><F9/><W60/><G25/><T18/><D18/><U95/><E3/><V70/><F70/><W120/><G26/><N who="0" m="16471" /><D23/><U81/><E7/><V101/><F89/><W100/><G100/><T116/><D34/><U78/><E6/><V11/><F11/><W75/><G120/><T38/><D38/><U119/><E119/><V103/><F103/><W66/><G75/><T133/><D133/><U54/><E78/><V128/><F128/><W43/><G66/><T122/><D122/><U37/><E37/><N who="2" m="21519" /><F47/><W132/><G65/><T20/><D20/><U83/><E46/><V131/><F131/><W29/><G132/><T71/><D71/><U64/><E64/><V33/><F33/><W16/><G29/><T76/><D116/><U90/><REACH who="1" step="1"/><E107/><AGARI ba="0,0" hai="61,62,96,101,107" m="21519,311,48681" machi="107" ten="30,2000,0" yaku="18,1,52,1" doraHai="93" who="2" fromWho="1" sc="167,0,187,-20,430,20,216,0" /><INIT seed="6,0,0,5,3,101" ten="167,167,450,216" oya="2" hai0="36,46,79,73,8,31,106,59,95,131,21,27,54" hai1="80,11,71,93,35,122,68,13,124,15,128,19,26" hai2="123,134,33,102,37,12,66,72,126,119,85,74,90" hai3="105,22,67,114,42,120,1,75,25,104,116,9,14"/><V69/><F37/><W51/><G120/><T82/><D131/><U2/><E122/><V4/><F123/><W132/><G75/><T17/><D106/><U129/><E124/><V125/><F33/><W135/><G116/><T99/><D46/><U61/><E80/><V44/><F44/><N who="3" m="26007" /><G1/><T88/><D36/><U5/><E93/><V98/><F119/><W83/><G83/><T29/><REACH who="0" step="1"/><D8/><REACH who="0" ten="157,167,450,216" step="2"/><N who="1" m="2103" /><E15/><V53/><F126/><W84/><G14/><T49/><AGARI ba="0,1" hai="17,21,27,29,31,49,54,59,73,79,82,88,95,99" machi="49" ten="20,5200,0" yaku="1,1,0,1,7,1,54,1,53,0" doraHai="101" doraHaiUra="108" who="0" fromWho="0" sc="157,62,167,-13,450,-26,216,-13" /><INIT seed="7,0,0,5,2,126" ten="219,154,424,203" oya="3" hai0="133,4,68,132,116,21,31,135,106,54,113,124,105" hai1="1,94,122,85,110,38,6,23,119,97,69,34,13" hai2="39,12,103,114,96,100,5,112,101,91,84,47,46" hai3="66,131,10,78,55,18,33,8,70,65,35,134,40"/><W108/><G78/><T15/><D68/><U52/><E122/><V102/><F39/><W77/><G77/><T125/><D106/><U127/><E69/><V36/><F36/><W90/><G40/><T74/><D105/><U44/><E110/><V30/><F30/><W73/><G73/><T75/><D74/><U81/><E127/><N who="0" m="48713" /><D75/><U26/><E119/><V80/><F12/><W128/><G108/><T115/><D54/><U51/><E38/><V42/><F5/><W22/><G134/><T67/><D67/><N who="3" m="25609" /><G70/><T72/><D72/><U88/><E34/><V32/><F32/><W120/><G120/><T41/><D41/><U82/><E1/><V130/><F42/><W49/><G90/><T61/><D61/><U109/><E109/><V48/><F48/><W3/><G3/><T86/><D86/><U104/><E104/><V11/><F91/><W92/><G92/><T98/><D98/><U117/><E117/><V99/><F102/><W121/><G121/><T59/><D59/><U57/><E57/><V107/><F103/><W17/><G55/><T53/><D53/><U29/><E97/><V93/><F101/><W62/><G49/><T28/><D116/><U71/><E71/><V123/><F100/><W45/><G62/><T50/><D50/><U20/><E6/><V111/><F107/><W76/><G45/><T9/><D21/><U95/><E95/><V63/><F93/><W60/><G60/><T19/><D19/><AGARI ba="0,0" hai="13,19,20,23,26,29,44,51,52,81,82,85,88,94" machi="19" ten="40,5200,0" yaku="8,1,54,2" doraHai="126" who="1" fromWho="0" sc="219,-52,154,52,424,0,203,0" owari="167,-33.0,206,1.0,424,52.0,203,-20.0" /></mjloggm>