<mjloggm ver="2.3"><GO type="169" lobby="0"/><UN n0="%E3%81%AA%E3%82%93%E3%81%A1%E3%81%8F%E3%81%AF%E3%82%80" n1="%EF%BC%88%E2%89%A7%E2%96%BD%E2%89%A6%EF%BC%89" n2="%E3%83%8A%E3%82%AC%E3%83%A4%E3%83%9E" n3="%E6%97%A5%E5%A5%88%E6%A3%AE%E3%81%82%E3%82%80" dan="16,17,16,17" rate="2005.20,2184.94,2074.29,2127.93" sx="M,M,M,F"/><TAIKYOKU oya="0"/><INIT seed="0,0,0,5,2,4" ten="250,250,250,250" oya="0" hai0="52,55,23,12,97,47,117,36,110,114,38,13,77" hai1="121,46,125,99,79,82,103,25,49,123,87,44,29" hai2="15,129,96,94,108,115,90,127,76,66,50,30,27" hai3="89,67,80,83,68,48,39,53,59,45,130,95,64"/><T21/><D114/><U106/><E125/><V72/><F115/><W84/><G130/><T2/><D2/><U3/><E3/><V107/><F129/><W54/><G68/><T43/><D117/><U61/><E61/><V122/><F122/><W22/><G22/><T33/><D33/><U18/><E18/><V9/><F127/><W133/><G133/><T5/><D38/><U51/><E51/><V35/><F108/><W16/><G16/><T105/><D77/><U88/><E46/><V7/><F66/><N who="3" m="25131" /><G39/><T126/><D126/><U60/><E60/><AGARI ba="0,0" hai="45,48,53,54,59,60,80,83,84,89,95" m="25131" machi="60" ten="30,1000,0" yaku="8,1" doraHai="4" who="3" fromWho="1" sc="250,0,250,-10,250,0,250,10" /><INIT seed="1,0,0,5,1,123" ten="250,240,250,260" oya="1" hai0="80,105,29,70,31,30,57,125,71,55,117,88,15" hai1="4,98,129,100,93,84,66,79,47,62,63,65,89" hai2="78,10,107,111,94,131,5,75,20,16,19,87,59" hai3="73,3,41,132,28,116,37,32,56,76,112,77,68"/><U44/><E129/><V53/><F107/><W21/><G21/><T1/><D117/><U99/><E4/><V96/><F131/><W35/><G56/><T42/><D105/><U122/><E122/><V0/><F75/><W25/><G76/><T26/><D1/><U38/><E38/><V128/><F128/><W83/><G112/><T24/><D125/><U6/><E6/><V51/><F111/><W69/><G116/><T113/><D113/><U27/><E27/><V115/><F115/><W108/><G35/><T82/><D42/><U97/><E79/><V134/><F134/><W67/><G132/><T9/><D70/><N who="3" m="27241" /><G67/><N who="1" m="25610" /><E100/><V118/><F118/><W7/><G7/><N who="0" m="3519" /><D71/><U130/><E130/><V36/><F78/><W102/><G102/><T92/><D24/><U50/><E47/><V60/><F36/><W119/><G119/><T39/><D26/><U126/><E126/><V127/><F127/><W85/><G3/><T72/><D72/><U12/><E12/><V74/><F74/><W49/><G37/><T121/><D121/><U81/><E81/><V11/><F87/><W13/><G85/><N who="0" m="52239" /><D39/><U18/><E18/><V14/><F19/><W120/><G120/><T135/><D135/><U2/><E2/><V114/><F114/><W101/><G73/><T90/><D90/><U48/><E44/><V17/><F17/><W86/><G32/><T106/><D106/><U91/><E89/><N who="2" m="55375" /><F11/><W103/><G103/><T58/><D58/><U124/><E124/><V61/><F0/><W45/><G101/><T22/><D22/><U8/><E8/><V43/><F43/><RYUUKYOKU ba="0,0" sc="250,10,240,10,250,10,260,-30" hai0="29,30,31,55,57,80,82" hai1="48,50,62,63,84,91,93,97,98,99" hai2="5,10,14,16,20,51,53,59,60,61" /><INIT seed="1,1,0,1,0,65" ten="260,250,260,230" oya="1" hai0="58,68,3,104,102,95,118,119,117,17,120,6,24" hai1="40,108,57,87,10,22,38,130,64,51,16,109,15" hai2="115,135,8,44,124,55,122,7,131,52,29,111,129" hai3="127,105,14,75,13,12,33,86,126,89,133,69,54"/><U20/><E130/><N who="2" m="49675" /><F122/><W107/><G75/><T88/><D120/><U77/><E38/><V0/><F111/><N who="1" m="42569" /><E40/><V48/><F124/><N who="3" m="47659" /><G33/><T134/><D134/><U70/><E57/><V37/><F135/><W42/><G42/><T4/><D58/><U56/><E56/><V94/><F115/><W1/><G1/><T79/><D79/><U78/><E51/><V23/><F37/><W18/><G133/><T114/><D114/><U72/><E72/><V83/><F83/><N who="3" m="49375" /><G54/><T50/><D3/><U49/><E49/><V21/><F94/><W93/><G93/><T67/><D50/><U11/><E87/><V53/><F29/><W123/><G123/><T116/><D116/><U121/><E121/><V85/><F85/><W61/><G18/><T73/><D73/><U103/><E103/><V81/><F81/><W62/><G62/><T76/><D119/><U36/><E36/><V47/><F47/><W112/><G112/><T32/><D118/><U100/><E100/><V59/><F59/><W84/><G84/><T82/><D102/><U43/><E43/><AGARI ba="1,0" hai="0,7,8,21,23,43,44,48,52,53,55" m="49675" machi="43" ten="30,2000,0" yaku="19,1,54,1" doraHai="65" who="2" fromWho="1" sc="260,0,250,-23,260,23,230,0" /><INIT seed="2,0,0,1,5,49" ten="260,227,283,230" oya="2" hai0="20,73,48,60,12,81,66,11,61,29,47,9,95" hai1="8,17,109,70,26,5,25,24,118,10,94,35,110" hai2="128,68,14,90,79,91,114,101,30,77,59,85,99" hai3="97,76,54,127,133,113,65,86,3,100,32,115,28"/><V63/><F114/><N who="3" m="43531" /><G3/><T31/><D95/><U96/><E70/><V87/><F68/><W36/><G36/><T78/><D20/><N who="1" m="13327" /><E118/><V134/><F134/><W18/><G65/><T4/><D9/><N who="1" m="3691" /><E94/><V55/><F128/><W119/><G119/><T15/><D15/><U34/><E5/><V2/><F2/><W21/><G127/><T13/><D13/><U117/><E96/><V107/><F14/><W104/><G133/><T46/><D61/><U129/><E129/><V42/><F30/><W102/><G102/><T7/><D7/><U41/><E41/><V43/><F87/><W111/><G28/><T33/><D33/><N who="1" m="12299" /><E117/><V64/><F64/><W6/><G6/><T58/><REACH who="0" step="1"/><D46/><REACH who="0" ten="250,227,283,230" step="2"/><U1/><E1/><V72/><F63/><W80/><G32/><T50/><D50/><U131/><E131/><V62/><F62/><W82/><G97/><T132/><D132/><U44/><E44/><V40/><F99/><W23/><G100/><T16/><D16/><U37/><E37/><V121/><F101/><W89/><G18/><T56/><D56/><U103/><E103/><V123/><F59/><W93/><G93/><T57/><D57/><U0/><E0/><V125/><F79/><W116/><G76/><T83/><D83/><U84/><E25/><V130/><F77/><W69/><G82/><T52/><AGARI ba="0,1" hai="4,11,12,29,31,47,48,52,58,60,66,73,78,81" machi="52" ten="20,8000,1" yaku="1,1,0,1,7,1,52,1,54,1,53,0" doraHai="49" doraHaiUra="67" who="0" fromWho="0" sc="250,90,227,-20,283,-40,230,-20" /><INIT seed="3,0,0,1,0,71" ten="340,207,243,210" oya="3" hai0="88,41,27,105,26,129,63,115,70,91,48,84,4" hai1="102,7,5,49,86,33,46,100,0,57,80,10,123" hai2="13,6,30,79,47,98,50,97,106,101,83,78,93" hai3="112,1,56,75,34,17,38,110,45,130,58,81,18"/><W44/><G112/><T22/><D105/><U51/><E123/><V114/><F114/><W11/><G34/><T55/><D115/><U32/><E7/><V107/><F30/><W73/><G130/><T43/><D129/><U118/><E118/><V90/><F106/><W8/><G81/><T134/><D134/><U2/><E2/><V20/><F83/><W61/><G1/><T82/><D4/><U21/><E21/><V109/><F109/><W40/><G61/><T24/><D22/><U133/><E133/><V99/><F99/><W124/><G40/><T36/><D36/><U66/><E32/><V39/><F39/><W15/><G15/><T29/><D29/><U65/><E33/><V125/><F125/><W117/><G38/><T3/><D3/><U52/><E65/><V35/><F35/><W94/><G94/><T28/><D28/><U60/><REACH who="1" step="1"/><E51/><REACH who="1" ten="340,197,243,210" step="2"/><V121/><F121/><W89/><G117/><T116/><D116/><U72/><E72/><V16/><REACH who="2" step="1"/><F6/><REACH who="2" ten="340,197,233,210" step="2"/><W76/><G124/><T37/><D37/><U108/><E108/><V62/><F62/><W68/><G110/><T59/><D63/><U23/><E23/><V95/><F95/><W85/><G73/><T87/><D70/><U9/><E9/><V132/><F132/><W119/><G75/><T69/><D69/><U127/><E127/><V128/><F128/><W122/><G11/><T92/><AGARI ba="0,2" hai="24,26,27,41,43,48,55,59,82,84,87,88,91,92" machi="92" ten="30,4000,0" yaku="0,1,8,1,54,1" doraHai="71" who="0" fromWho="0" sc="340,60,197,-10,233,-10,210,-20" /><INIT seed="4,0,0,0,0,124" ten="400,187,223,190" oya="0" hai0="132,95,27,63,0,70,108,23,16,99,134,71,54" hai1="57,120,109,121,51,113,31,1,112,84,110,93,65" hai2="8,126,17,9,117,38,94,67,92,25,106,128,98" hai3="21,37,64,122,75,43,91,83,4,66,101,78,12"/><T46/><D0/><U59/><E1/><V61/><F126/><W135/><G135/><N who="0" m="51755" /><D108/><N who="1" m="41579" /><E31/><V97/><F38/><W41/><G122/><N who="1" m="47210" /><E84/><V82/><F82/><W50/><G37/><T45/><D45/><U29/><E29/><V62/><F106/><W96/><G91/><N who="0" m="55807" /><D46/><U3/><E3/><V111/><F25/><W79/><G79/><T103/><D103/><U127/><E93/><V105/><F94/><W87/><G75/><T10/><D10/><U72/><E72/><V48/><F92/><W130/><G101/><T19/><D19/><U44/><E127/><V90/><F17/><W88/><G96/><T107/><D107/><U119/><E65/><V52/><F67/><W80/><G66/><T89/><D89/><U55/><E119/><V116/><F90/><W133/><G64/><T34/><D34/><U22/><E22/><V28/><F111/><W123/><G21/><T58/><AGARI ba="0,0" hai="16,23,27,54,58,63,70,71" m="55807,51755" machi="58" ten="30,6000,0" yaku="25,1,20,1,54,1" doraHai="124" who="0" fromWho="0" sc="400,60,187,-20,223,-20,190,-20" /><INIT seed="4,1,0,0,1,9" ten="460,167,203,170" oya="0" hai0="36,88,51,119,118,6,59,5,71,132,53,75,68" hai1="97,110,117,112,67,69,60,125,49,127,70,103,8" hai2="90,22,113,55,34,100,116,46,44,7,133,57,101" hai3="130,115,21,84,16,93,41,19,79,124,104,89,126"/><T62/><D75/><U77/><E117/><V61/><F34/><W27/><G115/><T38/><D132/><U111/><E112/><V23/><F113/><W26/><G130/><T30/><D30/><U31/><E70/><N who="0" m="26665" /><D88/><U105/><E77/><V86/><F133/><W94/><G104/><T25/><D25/><U82/><E82/><V48/><F116/><N who="0" m="44586" /><D5/><U81/><E81/><V29/><F7/><W10/><G79/><T0/><D6/><U40/><E8/><V52/><F44/><W72/><G72/><T109/><D109/><U92/><E92/><N who="2" m="54359" /><F22/><W35/><G41/><T15/><D15/><U95/><E95/><V17/><F29/><W85/><G35/><T33/><D33/><U128/><E31/><V134/><F134/><W66/><G66/><N who="0" m="39263" /><D0/><U80/><E80/><V50/><F100/><W129/><G10/><T47/><AGARI ba="1,0" hai="36,38,47,51,53" m="39263,44586,26665" machi="47" ten="30,3000,0" yaku="34,2" doraHai="9" who="0" fromWho="0" sc="460,33,167,-11,203,-11,170,-11" /><INIT seed="4,2,0,1,0,10" ten="493,156,192,159" oya="0" hai0="22,86,7,40,52,81,9,1,96,74,46,123,101" hai1="57,67,20,8,115,12,130,47,118,4,103,19,54" hai2="43,66,80,21,77,70,32,42,84,76,29,41,60" hai3="59,72,18,44,25,63,5,24,28,2,108,16,132"/><T99/><D123/><U113/><E118/><V13/><F76/><W26/><G108/><T30/><D52/><U110/><E110/><V122/><F122/><W88/><G72/><T36/><D101/><U128/><E103/><V68/><F32/><W117/><G117/><T87/><D87/><U14/><E47/><V105/><F105/><W64/><G132/><T56/><D56/><U119/><E67/><V100/><F100/><W55/><G28/><T27/><D86/><U107/><E107/><V37/><F68/><W95/><G5/><T92/><D92/><U73/><E73/><V126/><F126/><W114/><G2/><T111/><D111/><U91/><E91/><V79/><F79/><AGARI ba="2,0" hai="1,7,9,22,27,30,36,40,46,74,79,81,96,99" machi="79" ten="40,3900,0" yaku="25,2" doraHai="10" who="0" fromWho="2" sc="493,45,156,0,192,-45,159,0" /><INIT seed="4,3,0,1,1,81" ten="538,156,147,159" oya="0" hai0="109,42,61,25,53,117,23,8,22,49,7,135,127" hai1="133,114,57,48,35,11,27,126,17,101,43,77,6" hai2="0,13,67,21,68,108,37,56,86,76,3,103,18" hai3="46,85,128,44,120,112,118,124,19,9,94,89,95"/><T113/><D117/><U26/><E126/><V91/><F108/><W105/><G118/><T70/><D127/><U73/><E133/><V47/><F68/><W34/><G124/><T99/><D135/><U16/><E114/><V31/><F103/><W69/><G105/><T79/><D113/><U83/><E101/><V93/><F31/><W129/><G112/><T1/><D79/><U87/><E73/><V92/><F76/><W121/><G34/><T110/><D42/><U80/><E80/><V10/><F10/><W122/><G69/><T82/><D82/><U96/><E96/><V115/><F115/><W52/><G95/><T62/><D99/><U131/><E131/><N who="3" m="50250" /><G52/><T14/><D1/><U106/><E106/><V36/><F93/><W28/><G28/><T116/><D116/><U100/><E100/><V90/><F90/><W119/><G119/><T64/><D62/><U125/><E125/><V97/><F97/><W15/><AGARI ba="3,0" hai="9,15,19,44,46,85,89,94,120,121,122" m="50250" machi="15" ten="40,5200,0" yaku="13,1,19,1,52,1" doraHai="81" who="3" fromWho="3" sc="538,-29,156,-16,147,-16,159,61" /><INIT seed="5,0,0,3,5,43" ten="509,140,131,220" oya="1" hai0="132,12,2,111,13,46,32,40,95,3,93,59,58" hai1="44,101,16,23,66,94,27,38,88,70,10,98,79" hai2="49,74,73,125,60,6,133,69,42,106,55,18,20" hai3="36,30,103,1,65,54,52,15,121,82,62,78,63"/><U8/><E79/><V127/><F106/><W83/><G1/><T80/><D32/><U104/><E70/><V11/><F133/><W120/><G36/><T89/><D132/><U105/><E66/><N who="2" m="41159" /><F42/><W108/><G108/><T28/><D111/><U5/><E105/><V131/><F131/><W68/><G103/><T67/><D28/><U99/><REACH who="1" step="1"/><E5/><REACH who="1" ten="509,130,131,220" step="2"/><V53/><F6/><W72/><G68/><T85/><D3/><U45/><E45/><N who="2" m="27823" /><F11/><W118/><G78/><T122/><D2/><U33/><E33/><V128/><F128/><W135/><G135/><T126/><D46/><U61/><E61/><V134/><F134/><W14/><G63/><T9/><D67/><U77/><E77/><V25/><F55/><W31/><G54/><T7/><D7/><U4/><E4/><V109/><F109/><W34/><G65/><T129/><D129/><U51/><E51/><V64/><F64/><W56/><G52/><T84/><D40/><AGARI ba="0,1" hai="8,10,16,23,27,38,40,44,88,94,98,99,101,104" machi="40" ten="40,12000,1" yaku="1,1,52,1,54,2,53,0" doraHai="43" doraHaiUra="29" who="1" fromWho="0" sc="509,-120,130,130,131,0,220,0" /><INIT seed="5,1,0,1,4,9" ten="389,260,131,220" oya="1" hai0="78,2,119,90,68,109,91,37,18,107,10,23,100" hai1="89,67,73,62,128,105,129,38,93,85,16,59,17" hai2="43,97,47,112,35,131,5,116,110,56,126,74,44" hai3="134,29,65,71,133,22,102,45,117,21,34,28,0"/><U135/><E73/><V14/><F116/><W7/><G102/><T132/><D119/><U4/><E135/><N who="3" m="51722" /><G45/><T33/><D132/><U101/><E38/><V31/><F110/><W76/><G76/><T32/><D68/><U130/><REACH who="1" step="1"/><E4/><REACH who="1" ten="389,250,131,220" step="2"/><V61/><F5/><W96/><G117/><T122/><D37/><U75/><E75/><V53/><F74/><W15/><G7/><T58/><D109/><U64/><E64/><V80/><F126/><W87/><G65/><T1/><D122/><U79/><E79/><V82/><F131/><W55/><G0/><T123/><D1/><U99/><AGARI ba="1,1" hai="16,17,59,62,67,85,89,93,99,101,105,128,129,130" machi="99" ten="40,12000,1" yaku="1,1,0,1,19,1,54,1,53,0" doraHai="9" doraHaiUra="48" who="1" fromWho="1" sc="389,-41,250,133,131,-41,220,-41" /><INIT seed="5,2,0,1,4,63" ten="348,383,90,179" oya="1" hai0="73,47,100,16,69,31,2,35,108,109,84,40,86" hai1="125,117,127,18,96,26,37,64,67,33,52,97,103" hai2="29,95,6,76,59,112,80,83,25,126,10,129,55" hai3="38,24,89,57,4,61,30,56,5,34,98,58,19"/><U43/><E117/><V102/><F126/><N who="1" m="48137" /><E37/><V54/><F129/><W15/><G38/><T91/><D69/><U79/><E43/><V53/><F112/><W105/><G61/><T13/><D2/><U39/><E39/><V120/><F120/><W133/><G133/><T45/><D73/><U1/><E1/><V12/><F59/><W17/><G17/><T62/><D100/><U68/><E79/><V0/><F0/><W94/><REACH who="3" step="1"/><G105/><REACH who="3" ten="348,383,90,169" step="2"/><T90/><D62/><U122/><E18/><V130/><F130/><W128/><G128/><T7/><D16/><U104/><E122/><V70/><F70/><W21/><AGARI ba="2,1" hai="4,5,15,19,21,24,30,34,56,57,58,89,94,98" machi="21" ten="30,4000,0" yaku="1,1,0,1,53,1" doraHai="63" doraHaiUra="93" who="3" fromWho="3" sc="348,-12,383,-22,90,-12,169,56" /><INIT seed="6,0,0,5,4,0" ten="336,361,78,225" oya="2" hai0="34,31,98,86,33,23,60,130,38,30,96,104,128" hai1="85,12,39,6,22,62,124,73,78,72,105,29,80" hai2="7,55,118,1,25,16,52,121,111,11,48,49,3" hai3="20,13,84,94,67,75,117,24,125,134,103,36,126"/><V122/><F118/><W43/><G75/><T2/><D38/><U97/><E39/><V131/><F131/><N who="0" m="50218" /><D2/><U66/><E124/><N who="3" m="47722" /><G117/><T113/><D113/><U41/><E41/><V106/><F111/><W4/><G67/><T51/><D60/><U42/><E42/><V9/><F106/><W133/><G43/><T45/><D86/><U54/><E54/><V109/><F109/><W127/><G36/><T63/><D63/><U132/><E105/><V81/><F81/><W27/><G127/><T19/><D31/><U58/><E97/><N who="0" m="37481" /><D30/><U88/><E29/><V59/><F25/><N who="3" m="9803" /><G103/><T68/><D68/><U8/><E73/><V28/><F28/><W74/><G74/><T14/><D104/><U70/><E70/><V115/><F115/><W102/><G102/><T79/><D79/><U99/><E72/><V116/><F116/><W64/><G64/><T53/><AGARI ba="0,0" hai="14,19,23,33,34,45,51,53" m="37481,50218" machi="53" ten="30,1100,0" yaku="19,1" doraHai="0" who="0" fromWho="0" sc="336,11,361,-3,78,-5,225,-3" /><INIT seed="7,0,0,4,1,56" ten="347,358,73,222" oya="3" hai0="102,106,125,119,57,129,16,94,126,114,34,113,53" hai1="107,103,2,40,79,81,17,131,61,72,74,108,96" hai2="9,4,100,76,39,89,21,19,127,133,82,98,33" hai3="48,99,104,37,55,120,7,93,130,46,24,123,62"/><W134/><G104/><T75/><D119/><U64/><E2/><V52/><F127/><N who="0" m="48650" /><D129/><U69/><E108/><V35/><F133/><W27/><G130/><T30/><D75/><U47/><E131/><V44/><F89/><W71/><G134/><T6/><D6/><U25/><E17/><V87/><F39/><W59/><G7/><T111/><D111/><U92/><E25/><V42/><F42/><W12/><G12/><T36/><D36/><N who="1" m="21895" /><E92/><V0/><F98/><W135/><G135/><T3/><D3/><U50/><E50/><V91/><F100/><W101/><G71/><T112/><D16/><U11/><E11/><V85/><F21/><W116/><G37/><T54/><D94/><U8/><E8/><V22/><F22/><W5/><G5/><T70/><D70/><U132/><E132/><V20/><F20/><W1/><G1/><T63/><D54/><U86/><E86/><V78/><F19/><W10/><G10/><T118/><D118/><U45/><E45/><V38/><F38/><W29/><G116/><T58/><D58/><U95/><E95/><V23/><F23/><N who="3" m="15519" /><G27/><N who="0" m="18783" /><D102/><U51/><E51/><V66/><F66/><AGARI ba="0,0" hai="46,48,55,59,62,66,93,99,101,120,123" m="15519" machi="66" ten="30,2900,0" yaku="25,1,52,1" doraHai="56" who="3" fromWho="2" sc="347,0,358,0,73,-29,222,29" /><INIT seed="7,1,0,3,0,55" ten="347,358,44,251" oya="3" hai0="38,82,87,62,111,127,70,4,129,113,13,47,75" hai1="54,117,59,32,11,40,89,118,98,90,95,60,72" hai2="5,126,6,34,116,41,9,124,18,81,51,42,107" hai3="65,24,22,112,101,120,64,17,94,103,79,33,20"/><W3/><G120/><T83/><D113/><U52/><E72/><V7/><F7/><W48/><G112/><T58/><D111/><U105/><E32/><V123/><F123/><W36/><G36/><T27/><D75/><U63/><E105/><V44/><F44/><W28/><G3/><T130/><D70/><U0/><E40/><V1/><F1/><W80/><G48/><T29/><D127/><U125/><E125/><V15/><F15/><W25/><G33/><N who="0" m="20671" /><D47/><U85/><E0/><V88/><F88/><W16/><G28/><T135/><D135/><U57/><E11/><V43/><F43/><W71/><G71/><T14/><D38/><U78/><E78/><V97/><F97/><W26/><G26/><T68/><D68/><U91/><E91/><V2/><F2/><W115/><G115/><T50/><D50/><U73/><E73/><V134/><F134/><W66/><REACH who="3" step="1"/><G94/><AGARI ba="1,0" hai="52,54,57,59,60,63,85,89,90,94,95,98,117,118" machi="94" ten="40,8000,1" yaku="9,1,52,2,54,1" doraHai="55" who="1" fromWho="3" sc="347,0,358,83,44,0,251,-83" owari="347,15.0,441,54.0,44,-46.0,168,-23.0" /></mjloggm>