<mjloggm ver="2.3"><GO type="41"/><UN n0="%2D%59%75%69%2D" n1="%E3%82%A6%E3%83%AB%E3%83%88%E3%83%A9%E7%AB%8B%E7%9B%B4" n2="%E7%9F%B3%E7%82%AD%E5%B0%8F%E5%83%A7" n3="%E3%81%8E%E3%81%A3%E3%81%B2" dan="15,15,14,14" rate="1973,2024,1994,1916" sx="F,M,M,M"/><TAIKYOKU oya="0"/><INIT seed="0,0,0,3,2,71" ten="250,250,250,250" oya="0" hai0="18,82,75,66,36,94,33,120,123,41,10,70,115" hai1="125,73,69,1,76,62,130,119,35,21,39,112,58" hai2="86,132,84,52,61,127,131,126,56,134,49,50,53" hai3="59,27,96,37,116,60,32,95,113,133,51,118,128"/><T129/><D115/><U31/><E21/><V14/><F14/><W67/><G113/><T57/><D57/><U40/><E58/><N who="2" m="33039" /><F84/><W5/><G5/><T106/><D94/><U6/><E31/><V108/><F86/><W29/><G37/><T99/><D18/><U8/><E112/><V26/><F26/><W79/><G79/><N who="0" m="44415" /><D10/><U64/><E35/><V13/><F13/><W22/><G32/><T93/><D93/><U42/><E42/><V74/><F74/><W68/><G133/><N who="2" m="51305" /><F108/><W15/><G128/><T109/><D129/><U48/><E130/><V117/><F117/><W43/><G15/><T19/><D109/><U16/><E119/><V89/><F89/><W103/><REACH who="3" step="1"/><G68/><REACH who="3" ten="250,250,250,240" step="2"/><T47/><D33/><U65/><E69/><V100/><F131/><W45/><AGARI ba="0,1" hai="22,27,29,43,45,51,59,60,67,95,96,103,116,118" machi="45" ten="30,12000,2" yaku="1,1,2,1,0,1,25,2,53,1" doraHai="71" doraHaiUra="91" who="3" fromWho="3" sc="250,-60,250,-30,250,-30,240,130" /><INIT seed="1,0,0,4,2,35" ten="190,220,220,370" oya="1" hai0="45,114,27,65,121,125,78,29,19,93,64,50,61" hai1="8,34,30,62,107,39,83,103,131,24,84,41,49" hai2="127,14,31,116,28,51,117,104,48,92,71,0,25" hai3="2,74,110,132,3,99,115,106,73,95,23,79,37"/><U102/><E131/><V126/><F104/><W1/><G115/><T76/><D114/><U32/><E39/><V90/><F71/><W97/><G37/><T108/><D121/><U112/><E112/><V12/><F92/><W6/><G106/><T44/><D108/><U72/><E72/><V120/><F25/><W70/><G70/><T96/><D65/><U11/><E34/><V60/><F60/><W80/><G110/><T101/><D19/><U10/><E107/><V26/><F26/><W40/><G40/><T33/><D125/><U16/><E62/><V59/><F59/><W82/><G132/><T69/><D45/><U133/><E133/><V100/><F90/><W57/><G57/><T38/><D38/><U52/><E41/><AGARI ba="0,0" hai="27,29,33,41,44,50,61,64,69,76,78,93,96,101" machi="41" ten="30,1000,0" yaku="7,1" doraHai="35" who="0" fromWho="1" sc="190,10,220,-10,220,0,370,0" /><INIT seed="2,0,0,2,1,53" ten="200,210,220,370" oya="2" hai0="54,102,120,23,1,134,88,133,37,91,70,71,4" hai1="132,128,100,39,99,118,125,64,22,66,81,85,89" hai2="5,92,8,109,36,29,65,61,84,30,73,103,0" hai3="14,135,78,127,108,21,11,55,15,19,63,105,59"/><V24/><F73/><W40/><G105/><T56/><D120/><U82/><E39/><V45/><F109/><W74/><G108/><T97/><D37/><U126/><E64/><V110/><F110/><W94/><G135/><N who="0" m="51723" /><D23/><U87/><E132/><V95/><F30/><W123/><G123/><T43/><D43/><U115/><E22/><V41/><F84/><W7/><G127/><N who="1" m="48650" /><E66/><V33/><REACH who="2" step="1"/><F103/><REACH who="2" ten="200,210,210,370" step="2"/><W28/><G74/><T26/><D102/><U68/><E115/><V130/><F130/><W131/><G131/><T50/><D91/><N who="1" m="51631" /><E128/><V2/><F2/><W62/><G28/><T121/><D121/><U48/><E100/><V27/><F27/><W35/><G78/><T46/><D26/><U111/><E111/><V76/><F76/><W13/><G14/><T80/><D1/><U32/><E89/><V16/><F16/><W90/><G15/><T75/><D75/><U122/><E87/><V129/><F129/><W34/><G13/><T107/><D88/><U114/><E114/><V58/><AGARI ba="0,1" hai="0,5,8,24,29,33,36,41,45,58,61,65,92,95" machi="58" ten="20,12000,1" yaku="1,1,0,1,7,1,52,1,53,1" doraHai="53" doraHaiUra="42" who="2" fromWho="2" sc="200,-40,210,-40,210,130,370,-40" /><INIT seed="2,1,0,5,4,43" ten="160,170,340,330" oya="2" hai0="71,115,105,106,10,133,101,69,83,63,39,22,0" hai1="76,114,116,132,24,65,122,98,31,67,4,8,46" hai2="88,86,112,47,35,100,25,85,94,125,12,53,130" hai3="21,64,41,50,58,52,68,81,34,60,62,11,126"/><V118/><F112/><W1/><G34/><T17/><D115/><U73/><E114/><V37/><F118/><W54/><G81/><T70/><D133/><U36/><E116/><V28/><F130/><W14/><G21/><T96/><D105/><U40/><E132/><V6/><F125/><W77/><G1/><T3/><D39/><U13/><E122/><V74/><F74/><W87/><G87/><T91/><D63/><U111/><E111/><V30/><F30/><W97/><G77/><T29/><D3/><U89/><E89/><V57/><F100/><W127/><G97/><T59/><D59/><U120/><E120/><V124/><F124/><N who="3" m="47659" /><G14/><T26/><D71/><U72/><E98/><V117/><F117/><W113/><G11/><T56/><D56/><U48/><E36/><V23/><F37/><W95/><G95/><T75/><D91/><U102/><E102/><V5/><F85/><W109/><G113/><T2/><D2/><U108/><E108/><V93/><F93/><W61/><G109/><T135/><D0/><U92/><E92/><V49/><F35/><W82/><G82/><T99/><D10/><U27/><E72/><V123/><F123/><W119/><G119/><T66/><D99/><U19/><E73/><V33/><REACH who="2" step="1"/><F57/><REACH who="2" ten="160,170,330,330" step="2"/><N who="3" m="34855" /><G41/><T16/><D75/><U18/><E31/><V103/><F103/><W80/><G80/><T104/><D106/><U79/><E79/><V134/><F134/><W45/><G62/><N who="0" m="40151" /><D135/><U32/><E76/><V44/><F44/><AGARI ba="1,1" hai="44,45,50,54,58,61,64,68" m="34855,47659" machi="44" ten="30,12000,2" yaku="18,1,34,2,52,2,54,1" doraHai="43" who="3" fromWho="2" sc="160,0,170,0,330,-123,330,133" /><INIT seed="3,0,0,1,0,70" ten="160,170,207,463" oya="3" hai0="122,8,80,62,91,104,36,89,64,111,79,126,120" hai1="27,46,84,7,6,86,63,107,112,45,124,82,61" hai2="74,69,35,76,26,2,12,73,42,38,78,129,23" hai3="51,10,41,3,50,134,24,132,71,59,100,33,115"/><W39/><G115/><T90/><D111/><U57/><E107/><V133/><F133/><N who="3" m="51307" /><G100/><T92/><D104/><U58/><E112/><V85/><F129/><W4/><G71/><T53/><D126/><U113/><E113/><V93/><F69/><W43/><G59/><T81/><D81/><U22/><E124/><V98/><F76/><W32/><G43/><T31/><D31/><U25/><E22/><V87/><F35/><N who="3" m="13387" /><G24/><T1/><D53/><U21/><E21/><V131/><F2/><W75/><G75/><T99/><D36/><U11/><E11/><V20/><F73/><W30/><G30/><T102/><D122/><U125/><E125/><V16/><F74/><W68/><G68/><T55/><D120/><U19/><E82/><V48/><F38/><W72/><G72/><T116/><D102/><U88/><E19/><V103/><F78/><W108/><G108/><T135/><D79/><U94/><E94/><V130/><F48/><W34/><N who="3" m="13395" /><W67/><DORA hai="128" /><G67/><T101/><D64/><U5/><E5/><V56/><F42/><W17/><G17/><T77/><D101/><U96/><E6/><V9/><F56/><W83/><G83/><T0/><D135/><U14/><E7/><V66/><F66/><W123/><G123/><T97/><D80/><U15/><E58/><V47/><F26/><W127/><G127/><T60/><D92/><U40/><E57/><V13/><F93/><W118/><G118/><T52/><D116/><U119/><E119/><V37/><F103/><W65/><G65/><T28/><D28/><U49/><E40/><RYUUKYOKU ba="0,0" sc="160,-10,170,-10,207,-10,463,30" hai3="3,4,10,39,41,50,51" /><INIT seed="3,1,0,3,3,46" ten="150,160,197,493" oya="3" hai0="23,21,130,38,116,127,118,15,103,57,114,67,63" hai1="54,34,81,3,42,99,5,128,22,87,125,49,100" hai2="32,24,14,102,94,71,135,113,110,18,109,86,47" hai3="53,95,11,104,98,70,96,58,101,115,68,112,120"/><W0/><G120/><T39/><D130/><U66/><E34/><V92/><F71/><W13/><G0/><T131/><D131/><U36/><E128/><V134/><F113/><W28/><G28/><T7/><D114/><U79/><E125/><V16/><F47/><W8/><G68/><T48/><D127/><U80/><E36/><V52/><F86/><W83/><G70/><T31/><D23/><U25/><E42/><V69/><F69/><W1/><G83/><T91/><D38/><U45/><E66/><V4/><F4/><W61/><G1/><T33/><D39/><U132/><E132/><N who="2" m="50731" /><F52/><W93/><G8/><T19/><D33/><U10/><E87/><V119/><F119/><W62/><G62/><T121/><D121/><U44/><E44/><V9/><F102/><W89/><REACH who="3" step="1"/><G104/><REACH who="3" ten="150,160,197,483" step="2"/><T20/><D116/><U55/><E80/><V82/><F82/><W64/><G64/><T59/><D118/><U72/><E81/><V40/><F109/><W105/><G105/><T76/><D67/><U78/><E78/><V106/><F110/><W35/><G35/><T90/><D76/><U26/><E79/><V111/><F106/><W2/><G2/><T56/><D63/><U85/><E3/><V107/><F107/><W84/><G84/><T117/><D117/><U73/><E85/><V75/><F111/><W51/><G51/><T6/><D48/><U126/><E49/><V12/><F32/><W108/><G108/><T65/><D65/><U17/><E126/><V77/><F9/><W60/><G60/><T30/><D31/><N who="1" m="17847" /><E10/><V123/><F123/><RYUUKYOKU ba="1,1" sc="150,-10,160,-10,197,-10,483,30" hai3="11,13,53,58,61,89,93,95,96,98,101,112,115" /><INIT seed="3,2,1,5,0,45" ten="140,150,187,513" oya="3" hai0="99,121,117,134,39,101,33,100,97,29,16,8,1" hai1="44,77,81,114,129,53,74,34,124,71,40,57,78" hai2="0,135,61,6,112,125,86,63,18,56,43,49,48" hai3="60,90,110,115,91,66,52,111,24,67,85,3,92"/><W14/><G115/><T113/><D121/><U70/><E114/><V19/><F0/><W15/><G3/><T55/><D113/><U122/><E122/><V79/><F112/><W69/><G67/><T59/><D117/><U20/><E34/><V82/><F6/><W80/><G24/><T87/><D39/><U41/><E124/><V123/><F123/><W96/><REACH who="3" step="1"/><G52/><REACH who="3" ten="140,150,187,503" step="2"/><T4/><D55/><U108/><E53/><N who="2" m="31783" /><F125/><W2/><G2/><T46/><D1/><U62/><E62/><N who="2" m="23563" /><F135/><W107/><G107/><T7/><D134/><U23/><E71/><V130/><F130/><W65/><G65/><T88/><D4/><U73/><E70/><V84/><F84/><W128/><G128/><T83/><D7/><U35/><E129/><V102/><F102/><W5/><G5/><T37/><D87/><U13/><E74/><V64/><F64/><W21/><G21/><T72/><D100/><U68/><E73/><V51/><F43/><W103/><G103/><T30/><D72/><U47/><E68/><V131/><F131/><W42/><G42/><T50/><D101/><U25/><E41/><V133/><F133/><W12/><AGARI ba="2,2" hai="12,14,15,60,66,69,80,85,90,91,92,96,110,111" machi="12" ten="30,3000,0" yaku="1,1,0,1,53,0" doraHai="45" doraHaiUra="22" who="3" fromWho="3" sc="140,-12,150,-12,187,-12,503,56" /><INIT seed="3,3,0,0,0,55" ten="128,138,175,559" oya="3" hai0="1,59,74,16,132,109,93,58,118,0,113,62,14" hai1="129,117,108,37,127,21,104,77,46,105,67,60,123" hai2="29,7,69,51,44,42,110,75,24,89,28,130,79" hai3="18,61,12,8,83,71,76,128,19,122,33,40,23"/><W3/><G122/><T73/><D118/><U15/><E123/><V52/><F110/><W31/><G40/><T2/><D109/><U103/><E108/><V116/><F116/><W70/><G128/><T43/><D113/><U86/><E117/><V72/><F130/><W4/><G61/><T64/><D43/><U78/><E129/><V45/><F69/><W121/><G121/><T5/><D5/><U63/><E37/><V85/><F7/><W20/><G83/><T94/><D132/><U6/><E46/><V98/><F98/><W101/><G101/><T38/><D38/><U65/><E6/><V97/><F97/><W49/><G49/><T27/><D27/><U53/><E15/><V22/><F29/><W17/><G76/><T87/><D58/><U25/><E25/><V10/><F10/><N who="3" m="2335" /><G70/><T84/><D87/><U125/><E21/><N who="3" m="8266" /><G71/><T48/><D48/><U35/><E53/><V80/><F79/><W32/><G31/><T82/><D74/><U126/><E103/><V99/><F99/><W9/><G12/><T96/><D73/><U114/><E86/><V26/><F26/><W102/><G102/><T34/><D96/><U133/><E78/><V95/><F80/><W106/><G106/><T90/><REACH who="0" step="1"/><D34/><AGARI ba="3,0" hai="8,9,17,18,19,32,33,34" m="8266,2335" machi="34" ten="30,12000,1" yaku="35,5" doraHai="55" who="3" fromWho="0" sc="128,-129,138,0,175,0,559,129" owari="-1,-50.0,138,-26.0,175,-2.0,688,78.0" /></mjloggm>