<mjloggm ver="2.3"><GO type="169" lobby="0"/><UN n0="%4E%4F%42%55%53%48%49" n1="%E3%83%9C%E3%83%84" n2="%E3%82%A2%E3%82%B9%E3%82%BF%E3%83%8A" n3="%EF%BC%88%E2%89%A7%E2%96%BD%E2%89%A6%EF%BC%89" dan="16,16,16,17" rate="2052.03,2078.02,2068.99,2171.67" sx="M,M,M,M"/><TAIKYOKU oya="0"/><INIT seed="0,0,0,4,0,118" ten="250,250,250,250" oya="0" hai0="62,54,15,46,48,37,10,71,80,120,33,35,34" hai1="13,0,115,96,7,124,43,130,86,4,133,88,39" hai2="104,109,16,52,64,42,76,116,49,126,105,114,59" hai3="83,89,110,27,24,60,51,90,108,127,113,92,61"/><T69/><D120/><U111/><E0/><V6/><F114/><W29/><G113/><T99/><D37/><U117/><E117/><V32/><F32/><W107/><G107/><T45/><D45/><U93/><E115/><V75/><F116/><W97/><G127/><T132/><D132/><U95/><E111/><N who="3" m="42538" /><G51/><T55/><D80/><U47/><E130/><V87/><F75/><W21/><G24/><T5/><REACH who="0" step="1"/><D99/><REACH who="0" ten="240,250,250,250" step="2"/><U106/><E133/><V22/><F109/><W121/><G121/><T63/><D63/><U28/><E39/><V123/><F123/><W40/><G40/><T81/><D81/><U134/><E47/><V57/><F126/><W100/><G83/><T44/><D44/><U94/><E43/><V70/><F42/><W68/><G61/><T2/><D2/><U125/><E134/><V36/><F36/><W103/><G60/><T38/><D38/><U56/><E124/><V112/><F112/><W8/><G97/><T1/><D1/><U23/><E125/><V131/><F131/><W85/><G85/><T65/><D65/><U12/><E86/><V53/><F64/><W129/><G129/><T50/><D50/><U102/><E96/><V119/><F119/><W9/><G68/><T14/><D14/><U17/><E12/><V67/><F67/><W73/><G73/><T30/><D30/><U11/><E28/><V41/><F70/><W31/><G31/><T25/><D25/><U79/><E13/><V135/><F135/><W128/><G128/><T19/><D19/><U26/><E17/><V84/><F84/><W66/><G66/><RYUUKYOKU ba="0,1" sc="240,30,250,-10,250,-10,250,-10" hai0="5,10,15,33,34,35,46,48,54,55,62,69,71" /><INIT seed="0,1,1,2,5,80" ten="270,240,240,240" oya="0" hai0="71,39,107,110,117,1,65,89,128,53,47,82,62" hai1="79,88,12,129,121,61,55,31,34,27,133,124,38" hai2="72,109,84,64,75,91,41,102,77,87,59,132,6" hai3="20,43,18,10,119,28,100,9,23,32,101,111,90"/><T69/><D107/><U127/><E121/><V13/><F41/><W49/><G119/><T113/><D1/><U103/><E103/><N who="3" m="39498" /><G32/><T106/><D117/><U131/><E79/><V99/><F132/><W130/><G130/><N who="1" m="49674" /><E38/><V21/><F109/><W45/><G111/><T123/><D106/><U26/><E12/><V108/><F108/><W63/><G63/><T50/><D110/><U76/><E76/><V42/><F42/><W48/><G48/><T74/><D123/><U122/><E26/><V116/><F116/><W96/><G28/><T52/><D128/><U37/><E37/><V40/><F40/><W11/><G18/><T8/><D113/><U86/><E122/><V115/><F64/><W81/><G96/><T22/><D39/><U97/><E97/><V135/><F59/><W85/><AGARI ba="1,1" hai="9,10,11,20,23,43,45,49,81,85,90" m="39498" machi="85" ten="30,2000,0" yaku="8,1,52,1" doraHai="80" who="3" fromWho="3" sc="270,-11,240,-6,240,-6,240,33" /><INIT seed="1,0,0,1,1,59" ten="259,234,234,273" oya="1" hai0="11,115,83,89,104,26,39,90,87,107,129,31,24" hai1="99,67,105,4,32,10,132,133,79,124,110,131,45" hai2="69,127,15,44,12,9,20,25,120,73,84,108,93" hai3="102,0,8,92,63,116,3,33,113,50,58,119,112"/><U56/><E32/><V135/><F73/><W77/><G50/><T16/><D115/><U2/><E131/><V109/><F120/><W74/><G33/><T66/><D39/><U55/><E124/><V94/><F127/><W75/><G92/><T118/><D118/><N who="3" m="45097" /><G102/><T48/><D129/><U23/><E79/><V97/><F135/><N who="1" m="51785" /><E45/><V121/><F121/><W111/><G111/><N who="2" m="42569" /><F69/><W96/><G96/><T64/><D107/><U98/><E67/><V70/><F70/><W53/><G77/><T35/><D104/><U54/><E105/><V86/><F44/><W7/><G0/><T22/><D48/><N who="1" m="30791" /><E110/><V42/><F42/><W13/><G3/><T126/><D126/><U134/><E134/><V100/><F94/><W122/><G122/><T71/><D71/><U40/><E40/><V101/><F101/><W43/><G43/><T62/><D62/><U41/><E41/><V34/><F34/><W36/><G36/><T72/><D72/><AGARI ba="0,0" hai="7,8,13,53,58,63,72,74,75,112,113" m="45097" machi="72" ten="30,2000,0" yaku="12,1,52,1" doraHai="59" who="3" fromWho="0" sc="259,-20,234,0,234,0,273,20" /><INIT seed="2,0,0,2,0,95" ten="239,234,234,293" oya="2" hai0="64,44,72,133,91,10,4,107,123,99,37,30,42" hai1="73,45,120,74,14,35,33,102,101,124,125,12,119" hai2="96,88,0,2,6,9,100,114,126,78,34,19,122" hai3="98,55,59,81,18,82,71,113,27,131,134,24,75"/><V22/><F122/><W79/><G71/><T87/><D123/><U52/><E120/><V68/><F114/><W1/><G1/><T97/><D133/><U20/><E20/><V85/><F68/><W41/><G41/><T127/><D107/><U47/><REACH who="1" step="1"/><E52/><REACH who="1" ten="239,224,234,293" step="2"/><V130/><F34/><W40/><G55/><T3/><D127/><U7/><E7/><V15/><F126/><W89/><G40/><T36/><D36/><U104/><E104/><V63/><F130/><W108/><G131/><T25/><D72/><U93/><E93/><V80/><F63/><W67/><G75/><T61/><D25/><U60/><E60/><V121/><F121/><W66/><G27/><T39/><D37/><U128/><E128/><V26/><REACH who="2" step="1"/><F78/><REACH who="2" ten="239,224,224,293" step="2"/><W76/><G79/><T90/><D61/><U16/><E16/><V28/><F28/><W109/><G76/><T83/><D30/><U53/><E53/><V43/><F43/><W112/><G18/><T135/><D135/><U117/><AGARI ba="0,2" hai="12,14,33,35,45,47,73,74,101,102,117,119,124,125" machi="117" ten="25,6400,0" yaku="1,1,0,1,22,2,53,0" doraHai="95" doraHaiUra="92" who="1" fromWho="1" sc="239,-16,224,84,224,-32,293,-16" /><INIT seed="3,0,0,4,3,38" ten="223,308,192,277" oya="3" hai0="40,54,33,117,123,126,119,1,4,130,17,108,10" hai1="88,16,55,107,60,80,129,90,59,50,120,109,69" hai2="116,56,86,67,131,66,121,64,51,11,63,99,94" hai3="135,34,37,112,89,106,32,12,75,114,57,5,30"/><W42/><G89/><T43/><D123/><U85/><E109/><V101/><F116/><W96/><G12/><T104/><D33/><N who="3" m="12905" /><G57/><T73/><D104/><U9/><E107/><V48/><F121/><W44/><G30/><T84/><D73/><U71/><E129/><V41/><F131/><W28/><G28/><T19/><D130/><U29/><E29/><V24/><F24/><W27/><G27/><T25/><D126/><U22/><E9/><V23/><F23/><W62/><G62/><T93/><D108/><U83/><E120/><V68/><F68/><W53/><G53/><T113/><D54/><U18/><E18/><V133/><F133/><W92/><G92/><T39/><D39/><U8/><E8/><V115/><F115/><W15/><G135/><T14/><D113/><U118/><E118/><V81/><F11/><N who="3" m="4591" /><G75/><T52/><D119/><U26/><E60/><V49/><REACH who="2" step="1"/><F41/><REACH who="2" ten="223,308,182,277" step="2"/><N who="0" m="15946" /><D117/><U2/><E2/><V21/><F21/><W61/><G114/><T6/><D1/><U105/><E105/><V79/><AGARI ba="0,1" hai="48,49,51,56,63,64,66,67,79,81,86,94,99,101" machi="79" ten="30,7900,0" yaku="1,1,0,1,8,1,53,1" doraHai="38" doraHaiUra="97" who="2" fromWho="2" sc="223,-20,308,-20,182,89,277,-39" /><INIT seed="4,0,0,1,2,83" ten="203,288,271,238" oya="0" hai0="105,46,131,72,96,84,11,120,30,70,61,132,31" hai1="126,135,47,113,56,78,36,32,9,52,100,33,124" hai2="117,133,69,89,104,98,12,65,103,92,128,127,99" hai3="23,45,109,60,25,119,29,114,102,58,66,67,122"/><T57/><D72/><U2/><E100/><V37/><F37/><W77/><G109/><T75/><D75/><U123/><E123/><V13/><F117/><W87/><G119/><T125/><D70/><U43/><E135/><V8/><F133/><W93/><G122/><T115/><D132/><U53/><E78/><V18/><F128/><W16/><G114/><T35/><D120/><U7/><E113/><V1/><F127/><N who="1" m="48681" /><E53/><V95/><F1/><W15/><G45/><T121/><D125/><U55/><E55/><V26/><F69/><W50/><G50/><AGARI ba="0,0" hai="2,7,9,32,33,36,43,47,50,52,56" m="48681" machi="50" ten="30,2000,0" yaku="18,1,54,1" doraHai="83" who="1" fromWho="3" sc="203,0,288,20,271,0,238,-20" /><INIT seed="5,0,0,4,0,10" ten="203,308,271,218" oya="1" hai0="24,83,117,92,37,77,98,124,66,127,33,76,22" hai1="79,80,109,9,131,56,103,14,121,125,85,130,133" hai2="31,49,52,104,81,7,134,25,53,38,112,3,68" hai3="2,110,129,12,19,75,35,50,6,26,1,54,69"/><U107/><E121/><V126/><F104/><W67/><G110/><T95/><D117/><U73/><E109/><V132/><F38/><W72/><G129/><N who="1" m="49162" /><E125/><N who="0" m="48201" /><D37/><U8/><E133/><N who="2" m="51307" /><F126/><W122/><G122/><T30/><D66/><U65/><E73/><V43/><F68/><W111/><G111/><T74/><D77/><U17/><E8/><N who="2" m="2175" /><F112/><W86/><G67/><T27/><D98/><N who="1" m="61943" /><E56/><V41/><F81/><W59/><G69/><T60/><D60/><U28/><E28/><AGARI ba="0,0" hai="22,24,27,28,30,33,74,76,83,92,95" m="48201" machi="28" ten="30,1000,0" yaku="18,1" doraHai="10" who="0" fromWho="1" sc="203,10,308,-10,271,0,218,0" /><INIT seed="6,0,0,1,4,71" ten="213,298,271,218" oya="2" hai0="126,91,104,62,9,18,84,83,131,41,59,134,97" hai1="88,85,93,21,100,92,86,46,17,60,11,81,76" hai2="96,108,64,13,78,69,115,132,28,125,135,29,119" hai3="5,110,79,53,3,65,98,19,118,14,73,50,51"/><V43/><F119/><W82/><G118/><T16/><D134/><N who="2" m="51242" /><F108/><W99/><G110/><T31/><D131/><U0/><E60/><N who="2" m="40071" /><F115/><W33/><G33/><T27/><D126/><U45/><E11/><V49/><F125/><W90/><G65/><T24/><D41/><U34/><E34/><V10/><F78/><W54/><G5/><T48/><D48/><U121/><E0/><V114/><F114/><W127/><G3/><T58/><D27/><N who="1" m="14767" /><E121/><V7/><F96/><AGARI ba="0,0" hai="45,46,76,81,85,86,88,92,93,96,100" m="14767" machi="96" ten="30,2000,0" yaku="8,1,54,1" doraHai="71" who="1" fromWho="2" sc="213,0,298,20,271,-20,218,0" /><INIT seed="7,0,0,1,2,88" ten="213,318,251,218" oya="3" hai0="124,32,26,68,25,37,101,2,95,12,53,116,47" hai1="6,79,45,34,108,51,55,39,123,62,92,118,58" hai2="5,52,9,64,113,78,50,112,77,23,61,103,105" hai3="90,94,117,49,91,44,114,27,76,69,122,56,60"/><W107/><G107/><T19/><D2/><U16/><E34/><V40/><F40/><N who="3" m="24711" /><G69/><T132/><D68/><U129/><E39/><V35/><F35/><W73/><G73/><T21/><D116/><U115/><E123/><V43/><F43/><W96/><G117/><T46/><D124/><U74/><E6/><V80/><F23/><W41/><G114/><N who="2" m="44137" /><F103/><N who="3" m="60823" /><G122/><T97/><D132/><U84/><E74/><V89/><F105/><W7/><G41/><T127/><D127/><U4/><E4/><V57/><F89/><W14/><G76/><T99/><D32/><U133/><E79/><V106/><F106/><W22/><G7/><T100/><D37/><U8/><E115/><V30/><F80/><W48/><G14/><T24/><D53/><U38/><E38/><V70/><F30/><N who="3" m="17783" /><G48/><T87/><D87/><U1/><E118/><V125/><F125/><W93/><G93/><AGARI ba="0,0" hai="12,19,21,24,25,26,46,47,93,95,97,99,100,101" machi="93" ten="40,8000,1" yaku="9,1,8,1,52,2" doraHai="88" who="0" fromWho="3" sc="213,80,318,0,251,0,218,-80" owari="293,9.0,318,42.0,251,-15.0,138,-36.0" /></mjloggm>