<mjloggm ver="2.3"><GO type="41"/><UN n0="%E6%B5%81%E3%81%97%E9%9B%9B" n1="%EF%BC%88%E2%89%A7%E2%96%BD%E2%89%A6%EF%BC%89" n2="%31%34%74%68" n3="%E3%82%AA%E3%83%BC%E3%83%91%E3%83%BC%E3%83%84" dan="13,15,14,13" rate="1843,2042,1885,1833" sx="F,M,M,M"/><TAIKYOKU oya="0"/><INIT seed="0,0,0,1,3,94" ten="250,250,250,250" oya="0" hai0="19,118,117,42,84,52,115,11,61,105,76,3,73" hai1="20,95,125,99,56,53,64,88,101,40,114,92,126" hai2="86,38,58,27,22,16,66,48,0,107,23,130,128" hai3="104,70,131,46,108,67,43,1,129,121,127,75,98"/><T36/><D115/><U14/><E40/><V39/><F0/><W97/><G108/><T8/><D105/><U55/><E64/><V31/><F107/><W50/><G104/><T123/><D123/><U13/><E114/><V120/><F120/><W132/><G121/><T96/><D11/><U119/><E119/><V93/><F66/><W110/><G110/><T6/><D84/><N who="1" m="52231" /><E53/><V65/><F65/><W2/><G75/><T44/><D118/><U90/><E90/><V87/><F87/><W69/><G127/><N who="1" m="48650" /><E20/><V30/><F30/><W29/><G29/><T60/><D117/><U72/><E72/><V59/><F59/><W109/><G109/><T25/><D25/><U111/><E111/><V21/><F21/><W91/><G91/><T77/><D77/><U124/><N who="1" m="48658" /><U78/><DORA hai="102" /><E78/><V34/><F39/><W85/><G67/><T63/><D52/><U122/><E122/><V10/><F38/><W62/><G62/><AGARI ba="0,0" hai="13,14,55,56,62,95,99,101" m="48658,52231" machi="62" ten="40,5200,0" yaku="18,1,52,1,54,1" doraHai="94,102" who="1" fromWho="3" sc="250,0,250,52,250,0,250,-52" /><INIT seed="1,0,0,1,1,7" ten="250,302,250,198" oya="1" hai0="120,0,95,117,8,46,72,3,75,114,63,89,132" hai1="19,56,79,53,2,35,104,16,99,127,24,73,26" hai2="11,97,12,115,109,86,33,28,45,13,83,41,34" hai3="27,64,105,87,106,5,124,18,110,42,60,9,38"/><U57/><E2/><V22/><F115/><W66/><G110/><T49/><D117/><U119/><E119/><V71/><F71/><W118/><G124/><T107/><D120/><U121/><E121/><V54/><F109/><W76/><G66/><T68/><D107/><U21/><E127/><V70/><F70/><W81/><G118/><T82/><D114/><U50/><E35/><V112/><F112/><W100/><G100/><T123/><D123/><U36/><E36/><V25/><F54/><W17/><G106/><T84/><D0/><U4/><E4/><V111/><F111/><W1/><G105/><T93/><D132/><U30/><E26/><V96/><F13/><W29/><G42/><T78/><D75/><U91/><E57/><V134/><F134/><W58/><REACH who="3" step="1"/><G38/><REACH who="3" step="2"/><T74/><D68/><U135/><E135/><V92/><F41/><W122/><G122/><T126/><D126/><U52/><E53/><V130/><F130/><W55/><G55/><T43/><D74/><U102/><REACH who="1" step="1"/><E91/><REACH who="1" step="2"/><V103/><F34/><AGARI ba="0,2" hai="1,5,9,17,18,27,29,34,58,60,64,76,81,87" machi="34" ten="30,3900,0" yaku="1,1,7,1,52,1,53,0" doraHai="7" doraHaiUra="129" who="3" fromWho="2" sc="250,0,292,0,250,-39,188,59" /><INIT seed="2,0,0,0,5,44" ten="250,292,211,247" oya="2" hai0="4,91,5,72,105,128,9,89,34,81,70,84,71" hai1="32,40,10,90,48,6,38,2,55,56,93,23,83" hai2="14,112,79,11,102,41,62,110,35,77,12,24,43" hai3="123,67,133,108,7,124,82,63,45,13,25,36,114"/><V66/><F112/><W50/><G123/><T74/><D105/><U109/><E32/><V8/><F102/><W53/><G108/><T96/><D34/><U88/><E109/><V115/><F115/><W125/><G114/><T68/><D128/><U106/><E106/><V26/><F110/><W58/><G25/><T69/><D4/><U21/><E83/><V104/><F104/><W130/><G130/><T80/><D96/><U57/><E56/><V120/><F35/><W47/><G82/><T59/><D59/><U28/><E28/><V85/><F85/><W1/><G1/><T126/><D126/><N who="3" m="48745" /><G133/><T33/><D33/><U113/><E113/><V54/><F54/><W134/><G134/><T65/><D81/><U97/><REACH who="1" step="1"/><E90/><REACH who="1" step="2"/><V22/><F120/><W15/><G36/><T107/><D91/><U121/><E121/><V0/><F79/><W100/><G100/><T16/><D107/><U46/><AGARI ba="0,1" hai="2,6,10,21,23,38,40,46,48,55,57,88,93,97" machi="46" ten="30,7900,0" yaku="1,1,0,1,52,1,54,1,53,0" doraHai="44" doraHaiUra="103" who="1" fromWho="1" sc="250,-20,282,89,211,-39,247,-20" /><INIT seed="3,0,0,4,1,19" ten="230,371,172,227" oya="3" hai0="124,135,123,59,81,57,85,82,101,23,64,119,100" hai1="70,20,130,44,58,27,22,94,116,37,40,114,87" hai2="30,17,67,76,45,117,52,98,47,126,134,99,65" hai3="9,84,95,86,91,6,132,63,74,48,78,104,122"/><W118/><G122/><T43/><D123/><U46/><E114/><V71/><F117/><W53/><G118/><T60/><D119/><U90/><E70/><V77/><F126/><W34/><G34/><T133/><D43/><U109/><E116/><V93/><F134/><W12/><G104/><T29/><D124/><U89/><E130/><V128/><F128/><W129/><G129/><T112/><D112/><U24/><E109/><V79/><F30/><W61/><G132/><N who="0" m="50763" /><D81/><U88/><E58/><V0/><F0/><W83/><G74/><T115/><D59/><AGARI ba="0,0" hai="6,9,12,48,53,59,61,63,78,83,84,86,91,95" machi="59" ten="30,2900,0" yaku="7,1,8,1" doraHai="19" who="3" fromWho="0" sc="230,-29,371,0,172,0,227,29" /><INIT seed="3,1,0,3,3,79" ten="201,371,172,256" oya="3" hai0="83,60,95,55,73,54,29,82,33,91,6,32,38" hai1="49,128,20,3,109,4,50,5,57,9,113,64,99" hai2="11,118,97,18,68,81,84,36,132,121,98,42,94" hai3="117,44,31,65,0,107,122,39,131,123,17,87,126"/><W130/><G107/><T1/><D38/><U96/><E113/><V47/><F118/><W80/><G117/><T127/><D73/><U8/><E128/><N who="3" m="49194" /><G0/><T53/><D127/><U92/><E109/><V70/><F121/><W16/><G65/><T46/><D46/><U21/><E64/><V22/><F132/><W100/><G100/><T23/><D60/><U45/><E57/><V71/><F11/><W120/><G126/><T35/><D6/><U116/><E116/><V58/><F58/><W10/><G31/><T90/><D1/><U133/><E133/><V59/><F59/><W28/><G28/><T26/><REACH who="0" step="1"/><D91/><REACH who="0" step="2"/><U30/><E3/><V52/><F36/><W24/><G44/><T103/><D103/><U2/><E2/><V93/><F42/><W124/><G39/><T69/><D69/><U115/><E45/><V101/><F47/><W67/><G124/><T25/><D25/><U129/><E4/><V66/><F101/><W7/><G24/><T19/><D19/><U62/><E5/><V111/><F18/><W134/><G134/><T108/><D108/><U110/><E110/><V14/><F111/><W112/><G17/><T104/><D104/><U105/><E105/><V43/><F43/><W106/><G106/><T12/><D12/><U41/><E41/><V78/><F14/><N who="3" m="7255" /><G7/><T88/><D88/><U85/><E129/><V114/><F114/><W63/><G112/><T102/><D102/><U37/><E115/><V75/><F75/><W76/><G123/><T13/><D13/><U125/><E125/><V86/><F22/><W56/><AGARI ba="1,1" hai="56,63,67,76,80,87,120,122" m="7255,49194" machi="56" ten="30,11700,0" yaku="5,1,19,1,52,1,54,1" doraHai="79" who="3" fromWho="3" sc="191,-40,371,-40,172,-40,256,130" /><INIT seed="3,2,0,2,3,129" ten="151,331,132,386" oya="3" hai0="105,23,126,39,97,44,56,4,6,59,74,21,58" hai1="98,40,62,88,55,3,20,13,127,11,121,15,110" hai2="135,100,22,49,24,63,130,115,14,35,72,66,131" hai3="85,46,102,47,111,41,7,17,92,118,89,25,52"/><W91/><G118/><T87/><D74/><U50/><E121/><V28/><F115/><W107/><G111/><T9/><D126/><U53/><E127/><V5/><F72/><W8/><G107/><T76/><D97/><U117/><E117/><V133/><F100/><W0/><G102/><T68/><D68/><U26/><E110/><V38/><F38/><W119/><G119/><T83/><D105/><U34/><E34/><V82/><F82/><W95/><G41/><T45/><D4/><U71/><E3/><V109/><F109/><W36/><G36/><T37/><D37/><U120/><E120/><V77/><F77/><W103/><G103/><T78/><D78/><U60/><E71/><N who="2" m="42463" /><F49/><W65/><G65/><T84/><D39/><U1/><E1/><V51/><F51/><W54/><G46/><T104/><D87/><U48/><E40/><V33/><F5/><W116/><G47/><T69/><D104/><U108/><E108/><V122/><F122/><W81/><G81/><T80/><D69/><U132/><E50/><V70/><F70/><W32/><G116/><T96/><D83/><U19/><E48/><V101/><F101/><W124/><G124/><T18/><D45/><U73/><E73/><V125/><F125/><W67/><G67/><T113/><D44/><U79/><E79/><V12/><F12/><W93/><G93/><T29/><D113/><U123/><E15/><V31/><F31/><W112/><G112/><T134/><D29/><U30/><E30/><V86/><F86/><N who="3" m="52279" /><G32/><N who="2" m="12361" /><F14/><W99/><G85/><T128/><D84/><U42/><E42/><RYUUKYOKU ba="2,0" sc="151,-15,331,-15,132,15,386,15" hai2="22,24,28,130,131,133,135" hai3="0,7,8,17,25,52,54,91,95,99" /><INIT seed="3,3,0,0,2,16" ten="136,316,147,401" oya="3" hai0="31,82,28,32,59,69,24,133,67,30,105,52,51" hai1="83,66,74,70,118,125,62,72,128,76,100,61,40" hai2="97,22,1,129,101,104,108,121,114,80,26,29,38" hai3="46,123,20,102,85,8,93,12,54,89,5,119,39"/><W103/><G123/><T58/><D105/><U130/><E118/><V98/><F114/><W44/><G119/><T73/><D133/><U50/><E125/><V90/><F121/><W41/><G46/><T127/><D127/><U60/><E74/><V64/><F129/><N who="1" m="49769" /><E100/><V10/><F38/><W45/><G45/><AGARI ba="3,0" hai="40,45,50,60,61,62,66,70,72,76,83" m="49769" machi="45" ten="30,1000,0" yaku="19,1" doraHai="16" who="1" fromWho="3" sc="136,0,316,19,147,0,401,-19" /><INIT seed="4,0,0,0,4,97" ten="136,335,147,382" oya="0" hai0="54,12,116,39,72,81,104,122,132,29,23,37,10" hai1="6,52,47,67,62,2,8,123,82,59,27,32,84" hai2="111,30,13,11,76,9,77,0,109,86,26,96,31" hai3="127,4,93,50,114,118,80,91,126,38,110,1,28"/><T130/><D104/><U7/><E123/><V41/><F41/><W89/><G118/><T57/><D122/><U49/><E7/><V79/><F0/><W19/><G38/><T5/><D116/><U135/><E135/><V134/><F134/><W71/><G71/><T106/><D106/><U53/><E32/><V42/><F42/><W61/><G61/><T121/><D132/><U22/><E53/><V98/><F86/><W43/><G28/><T68/><D68/><U87/><REACH who="1" step="1"/><E82/><REACH who="1" step="2"/><V133/><F133/><W115/><G80/><T44/><D121/><U83/><E83/><V55/><F55/><W35/><G35/><T100/><D81/><U56/><E56/><V45/><F45/><W113/><G110/><T24/><D44/><U124/><E124/><V34/><F34/><W40/><G4/><T73/><D39/><U51/><E51/><V64/><F64/><W95/><G50/><T101/><D37/><U48/><E48/><V78/><F111/><W69/><G69/><T25/><D130/><U103/><E103/><V70/><F109/><W36/><G36/><T94/><D54/><U119/><E119/><V18/><F70/><W14/><G114/><T90/><D57/><U88/><E88/><V85/><F76/><W66/><G66/><T131/><D131/><U16/><AGARI ba="0,1" hai="2,6,8,16,22,27,47,49,52,59,62,67,84,87" machi="16" ten="20,8000,1" yaku="1,1,0,1,7,1,54,2,53,0" doraHai="97" doraHaiUra="112" who="1" fromWho="1" sc="136,-40,325,90,147,-20,382,-20" /><INIT seed="5,0,0,1,5,84" ten="96,415,127,362" oya="1" hai0="68,76,10,8,83,116,5,93,7,88,72,123,106" hai1="38,17,25,24,95,94,126,23,58,54,46,52,81" hai2="51,87,75,1,61,33,127,15,77,60,13,117,20" hai3="118,110,114,18,122,103,120,98,102,86,79,43,112"/><U104/><E104/><V14/><F117/><W100/><G43/><T0/><D68/><U22/><E126/><V131/><F127/><W124/><G124/><T63/><D106/><U40/><E81/><V26/><F131/><W73/><G73/><T105/><D105/><U42/><E40/><V47/><F1/><W44/><G44/><T57/><D116/><U67/><E67/><V66/><F33/><W49/><G49/><T101/><D101/><U130/><E130/><V71/><F75/><W129/><G129/><T85/><D123/><N who="3" m="47145" /><G118/><T121/><D121/><U78/><E78/><V2/><F2/><W37/><G18/><T4/><REACH who="0" step="1"/><D0/><REACH who="0" step="2"/><U108/><E108/><V32/><F71/><W39/><G110/><T64/><AGARI ba="0,1" hai="4,5,7,8,10,57,63,64,72,76,83,85,88,93" machi="64" ten="30,8000,1" yaku="1,1,2,1,0,1,52,1,54,1,53,0" doraHai="84" doraHaiUra="125" who="0" fromWho="0" sc="86,90,415,-40,127,-20,362,-20" /><INIT seed="6,0,0,5,0,47" ten="176,375,107,342" oya="2" hai0="89,74,67,98,12,43,105,126,111,19,106,48,15" hai1="72,62,3,73,75,23,46,125,129,65,108,127,36" hai2="17,49,30,24,59,31,40,54,71,10,96,118,99" hai3="60,61,38,44,112,6,82,2,32,87,77,58,117"/><V84/><F118/><W81/><G117/><T114/><D111/><U28/><E3/><V57/><F71/><W26/><G112/><T124/><D74/><U53/><E108/><V4/><F84/><W79/><G2/><T113/><D67/><U103/><E129/><V35/><F40/><W45/><G6/><T5/><D5/><U70/><E103/><V25/><F17/><W34/><G38/><T20/><D12/><U76/><E76/><V94/><F59/><W134/><G134/><T116/><D116/><U119/><E119/><V69/><F69/><W90/><G90/><T42/><D42/><N who="1" m="22855" /><E53/><V120/><F94/><W27/><G58/><T88/><D106/><U86/><E86/><AGARI ba="0,0" hai="26,27,32,34,44,45,60,61,77,79,81,82,86,87" machi="86" ten="25,1600,0" yaku="22,2" doraHai="47" who="3" fromWho="1" sc="176,0,375,-16,107,0,342,16" /><INIT seed="7,0,0,1,0,101" ten="176,359,107,358" oya="3" hai0="80,118,64,0,121,105,70,97,12,88,129,82,10" hai1="107,74,49,59,78,79,96,94,54,19,99,34,33" hai2="69,22,37,71,57,89,77,4,85,38,28,14,98" hai3="6,90,124,23,26,53,50,11,76,20,91,87,61"/><W103/><G124/><T131/><D121/><U56/><E74/><V68/><F77/><N who="1" m="29193" /><E107/><V109/><F109/><W65/><G103/><T13/><D118/><U83/><E34/><V104/><F57/><N who="3" m="37039" /><G11/><T48/><D64/><U128/><E128/><N who="0" m="49225" /><D70/><U75/><E75/><V29/><F4/><W15/><G6/><N who="0" m="1351" /><D105/><U45/><E33/><V110/><F110/><W24/><G15/><N who="0" m="5707" /><D48/><U130/><E130/><V1/><F1/><W58/><G76/><T18/><D18/><U55/><E19/><V92/><F14/><W5/><G5/><T39/><D39/><U32/><E49/><V41/><F22/><N who="3" m="8235" /><G91/><T133/><D133/><U108/><E108/><V114/><F114/><W63/><G50/><T62/><D62/><U126/><E126/><V66/><F66/><W46/><G46/><T81/><D97/><U36/><E99/><V117/><F117/><W51/><G51/><T115/><D115/><U93/><E96/><V134/><F134/><W123/><G123/><T16/><D16/><U102/><E36/><V125/><F125/><W86/><G86/><AGARI ba="0,0" hai="80,81,82,86,88" m="5707,1351,49225" machi="86" ten="30,2000,0" yaku="19,1,54,1" doraHai="101" who="0" fromWho="3" sc="176,20,359,0,107,0,358,-20" owari="196,-20.0,359,45.0,107,-39.0,338,14.0" /></mjloggm>