<mjloggm ver="2.3"><GO type="169"/><UN n0="%EF%BC%8D%72%69%6D%75%EF%BC%8D" n1="%E2%98%85%E3%81%AA%E3%82%8A%E3%81%BD%E3%81%9F%E2%98%85" n2="%E4%B8%80%E6%96%B9%E9%80%9A%E8%A1%8C" n3="%EF%BC%88%E2%89%A7%E2%96%BD%E2%89%A6%EF%BC%89" dan="16,16,16,18" rate="2048,2128,2162,2169" sx="M,F,M,M"/><TAIKYOKU oya="0"/><INIT seed="0,0,0,1,4,81" ten="250,250,250,250" oya="0" hai0="18,32,111,22,79,119,124,99,90,25,66,127,64" hai1="115,117,61,112,97,44,46,73,58,23,55,83,28" hai2="50,120,14,63,19,95,16,21,106,129,48,114,123" hai3="20,71,27,93,118,102,126,131,54,82,105,135,9"/><T80/><D119/><U7/><E117/><V133/><F106/><W8/><G118/><T91/><D32/><U98/><E7/><V65/><F114/><N who="1" m="43561" /><E28/><V132/><F129/><W2/><G105/><T85/><D111/><U52/><E23/><V77/><F77/><W12/><G131/><T30/><D30/><U67/><E67/><N who="0" m="25641" /><D99/><N who="1" m="37899" /><E55/><V34/><F95/><W130/><G93/><T42/><D42/><U11/><E11/><V17/><F34/><W40/><G9/><T56/><D56/><U31/><E31/><V100/><F100/><W60/><G8/><T78/><D78/><AGARI ba="0,0" hai="44,46,52,58,61,73,78,83" m="37899,43561" machi="78" ten="30,2000,0" yaku="11,1,54,1" doraHai="81" who="1" fromWho="0" sc="250,-20,250,20,250,0,250,0" /><INIT seed="1,0,0,2,4,58" ten="230,270,250,250" oya="1" hai0="69,94,16,106,99,49,120,115,4,82,128,101,80" hai1="97,103,117,44,87,31,29,109,34,11,24,135,111" hai2="3,41,92,57,2,33,43,132,53,127,15,116,112" hai3="93,5,126,68,107,42,64,50,85,67,125,22,65"/><U75/><E117/><V100/><F116/><W114/><G107/><T47/><D120/><U70/><E75/><V37/><F33/><W110/><G5/><T21/><D69/><U0/><E31/><V81/><F127/><N who="3" m="48651" /><G114/><T119/><D115/><U19/><E87/><V90/><F132/><W18/><G110/><N who="1" m="41994" /><E44/><V113/><F100/><W12/><G68/><T28/><D119/><U60/><E19/><V32/><F81/><W95/><G85/><T78/><D28/><U88/><E88/><V77/><F77/><W131/><G131/><T102/><D128/><U40/><E40/><V134/><F32/><W52/><G42/><T71/><D4/><N who="1" m="1415" /><E135/><V59/><F134/><W56/><AGARI ba="0,0" hai="12,18,22,50,52,56,64,65,67,93,95" m="48651" machi="56" ten="30,2000,0" yaku="18,1,54,1" doraHai="58" who="3" fromWho="3" sc="230,-5,270,-10,250,-5,250,20" /><INIT seed="2,0,0,5,2,86" ten="225,260,245,270" oya="2" hai0="81,7,123,105,73,114,76,129,10,0,45,99,68" hai1="118,77,44,110,58,128,103,75,62,18,74,17,121" hai2="3,30,54,69,1,39,97,127,80,25,57,47,124" hai3="130,84,65,133,135,71,100,66,43,55,131,26,132"/><V5/><F69/><W119/><G119/><T95/><D123/><U106/><E118/><V34/><F97/><W37/><G100/><T108/><D114/><U20/><E121/><V48/><F80/><W38/><G26/><T93/><D129/><N who="3" m="49161" /><G84/><T83/><D108/><U4/><E18/><V90/><F90/><W29/><G71/><T35/><D35/><U98/><E4/><V12/><F12/><W11/><G29/><T50/><D68/><U104/><E128/><V60/><F39/><N who="3" m="14859" /><G43/><T91/><D81/><U61/><E98/><V122/><F122/><W19/><G19/><T32/><D32/><U8/><E17/><V46/><F46/><W59/><G11/><T85/><D105/><U134/><E44/><V56/><F56/><W120/><G120/><T96/><REACH who="0" step="1"/><D95/><REACH who="0" ten="215,260,245,270" step="2"/><U88/><E106/><V22/><F34/><W33/><G33/><T2/><D2/><U94/><E104/><V36/><F1/><W42/><G42/><AGARI ba="0,1" hai="0,7,10,42,45,50,73,76,83,85,91,93,96,99" machi="42" ten="30,3900,0" yaku="1,1,7,1,52,1,53,0" doraHai="86" doraHaiUra="109" who="0" fromWho="3" sc="215,49,260,0,245,0,270,-39" /><INIT seed="3,0,0,3,2,19" ten="264,260,245,231" oya="3" hai0="52,79,83,100,76,0,11,93,117,127,74,9,41" hai1="92,125,121,109,3,80,123,105,96,53,60,66,34" hai2="113,128,29,20,111,106,88,22,120,115,33,51,26" hai3="36,12,1,13,70,90,2,67,61,30,118,82,91"/><W112/><G36/><T122/><D117/><U15/><E3/><V107/><F111/><W44/><G118/><T63/><D122/><U99/><E53/><V75/><F75/><W69/><G112/><T10/><D127/><U35/><E15/><V46/><F120/><W132/><G132/><T14/><D0/><U65/><E109/><V104/><F128/><W134/><G134/><T68/><D79/><U59/><E125/><V21/><REACH who="2" step="1"/><F88/><REACH who="2" ten="264,260,235,231" step="2"/><W101/><G91/><T18/><D74/><U84/><E123/><V42/><AGARI ba="0,1" hai="20,21,22,26,29,33,42,46,51,104,106,107,113,115" machi="42" ten="40,12000,2" yaku="1,1,2,1,0,1,52,3,53,1" doraHai="19" doraHaiUra="24" who="2" fromWho="2" sc="264,-30,260,-30,235,130,231,-60" /><INIT seed="4,0,0,1,3,12" ten="234,230,365,171" oya="0" hai0="97,22,39,102,108,50,132,34,122,124,87,91,56" hai1="26,23,98,58,59,47,5,118,21,11,55,6,60" hai2="95,104,92,127,78,105,100,19,30,70,76,49,68" hai3="14,53,94,96,51,38,111,128,25,67,16,64,42"/><T121/><D39/><U71/><E118/><V66/><F30/><W33/><G111/><T65/><D34/><U9/><E71/><V117/><F49/><W3/><G3/><T80/><D108/><U103/><E47/><V90/><F66/><W85/><G128/><T101/><D132/><U120/><E120/><V119/><F127/><W48/><G38/><T54/><D124/><U110/><E110/><V131/><F90/><N who="3" m="55383" /><G33/><T129/><D129/><U46/><E23/><V99/><F131/><W135/><G135/><T29/><D65/><N who="3" m="25161" /><G42/><T84/><D84/><U17/><E59/><V133/><F99/><W106/><G106/><T2/><D2/><U79/><E46/><V8/><F100/><W10/><G53/><T62/><D50/><U37/><E79/><V126/><F8/><N who="1" m="3145" /><E37/><V114/><F126/><W81/><G25/><T0/><D0/><U116/><E116/><V32/><F133/><W134/><G134/><T44/><D122/><U40/><E40/><V112/><F32/><W52/><G52/><T77/><D121/><U41/><E41/><V20/><F20/><W86/><G86/><T107/><D107/><U43/><E43/><V35/><F35/><W89/><AGARI ba="0,0" hai="10,14,16,48,51,81,85,89" m="25161,55383" machi="89" ten="30,4000,0" yaku="8,1,52,1,54,1" doraHai="12" who="3" fromWho="3" sc="234,-20,230,-10,365,-10,171,40" /><INIT seed="5,0,0,5,0,72" ten="214,220,355,211" oya="1" hai0="70,0,22,75,132,86,96,73,45,80,41,122,24" hai1="43,131,124,117,6,71,110,109,59,89,37,40,23" hai2="85,25,19,13,94,81,79,60,54,78,52,101,21" hai3="121,61,74,48,118,1,27,33,77,67,9,76,103"/><U66/><E6/><V47/><F79/><W128/><G121/><T105/><D0/><U32/><E32/><V65/><F47/><W46/><G128/><T7/><D70/><U39/><E23/><V20/><F94/><W38/><G118/><T87/><D7/><U68/><E89/><V106/><F101/><W50/><G74/><T62/><D122/><U102/><E102/><V126/><F106/><W133/><G133/><T29/><D132/><U127/><E131/><V92/><F92/><W114/><G114/><T83/><D62/><U115/><E115/><V30/><F126/><W104/><G38/><T82/><D75/><U12/><E12/><V134/><F134/><W3/><G3/><T57/><D57/><AGARI ba="0,0" hai="13,19,20,21,25,30,52,54,57,60,65,78,81,85" machi="57" ten="30,7700,0" yaku="7,1,8,1,52,1,54,1" doraHai="72" who="2" fromWho="0" sc="214,-77,220,0,355,77,211,0" /><INIT seed="6,0,0,0,5,56" ten="137,220,432,211" oya="2" hai0="35,80,6,85,63,55,18,110,26,79,116,124,77" hai1="9,103,8,94,117,131,67,20,37,100,4,11,16" hai2="3,27,104,112,88,28,50,105,109,65,132,48,42" hai3="32,98,78,30,90,108,70,23,121,54,89,62,66"/><V76/><F3/><W36/><G121/><T57/><D116/><U40/><E117/><V118/><F118/><W5/><G36/><T41/><D110/><U39/><E4/><V130/><F76/><W33/><G108/><T0/><D124/><U24/><E131/><V81/><F109/><W115/><G115/><T82/><D41/><U15/><E40/><V125/><F65/><W122/><G122/><T49/><D0/><U87/><E67/><V60/><F60/><W83/><G5/><T38/><D38/><U21/><E39/><V10/><F10/><W25/><G54/><T75/><D6/><U133/><E37/><V69/><F69/><W93/><G89/><T22/><REACH who="0" step="1"/><D35/><REACH who="0" ten="127,220,432,211" step="2"/><U92/><E133/><V95/><F125/><W45/><G45/><T51/><AGARI ba="0,1" hai="18,22,26,49,51,55,57,63,75,77,79,80,82,85" machi="51" ten="30,7900,0" yaku="1,1,2,1,0,1,52,1,53,0" doraHai="56" doraHaiUra="119" who="0" fromWho="0" sc="127,89,220,-20,432,-39,211,-20" /><INIT seed="7,0,0,4,1,99" ten="216,200,393,191" oya="3" hai0="69,39,36,52,103,5,11,92,122,114,22,66,4" hai1="26,33,82,123,9,1,2,20,125,78,24,128,90" hai2="54,121,37,119,28,70,83,10,73,131,61,25,13" hai3="96,47,93,135,118,56,45,80,15,12,41,105,107"/><W116/><G135/><T23/><D122/><U81/><E123/><V49/><F119/><W101/><G118/><T133/><D133/><U68/><E68/><V94/><F37/><W16/><G116/><T130/><D39/><U30/><E125/><V100/><F121/><W43/><G80/><T106/><D36/><U75/><E128/><V95/><F131/><W44/><G12/><T17/><D106/><U113/><E9/><V104/><F70/><W110/><G110/><T76/><D69/><U132/><E132/><V88/><F61/><W79/><G79/><T87/><D66/><U21/><E33/><V8/><F104/><W117/><G117/><T74/><D74/><U31/><E113/><V29/><F73/><W59/><G105/><T60/><D114/><U51/><E51/><V14/><F83/><W18/><G107/><T67/><D67/><U112/><E112/><V71/><F25/><W63/><G18/><T102/><D130/><U65/><E65/><V46/><F71/><W97/><G97/><T72/><D72/><U86/><AGARI ba="0,0" hai="1,2,20,21,24,26,30,31,75,78,81,82,86,90" machi="86" ten="30,2000,0" yaku="0,1,9,1" doraHai="99" who="1" fromWho="1" sc="216,-5,200,20,393,-5,191,-10" owari="211,-19.0,220,2.0,388,49.0,181,-32.0" /></mjloggm>