<mjloggm ver="2.3"><GO type="41"/><UN n0="%E3%82%8A%E3%82%8D%E3%83%BC%E3%82%93%E3%81%A1" n1="%E3%82%84%E3%82%93%E3%82%8F%E3%82%8A" n2="%E5%AE%AE%E6%B0%B8%E5%92%B2%E3%83%BB%E2%88%80%E3%83%BB%E2%98%85" n3="%E3%82%A6%E3%83%AB%E3%83%88%E3%83%A9%E7%AB%8B%E7%9B%B4" dan="14,15,15,15" rate="1814,2009,2041,1985" sx="M,M,M,M"/><TAIKYOKU oya="0"/><INIT seed="0,0,0,4,2,59" ten="250,250,250,250" oya="0" hai0="2,80,51,49,117,67,20,106,91,56,48,40,16" hai1="60,105,107,45,64,126,81,124,96,52,19,108,41" hai2="1,76,122,12,7,28,8,116,127,72,57,69,79" hai3="27,119,10,77,131,128,30,100,34,101,112,71,86"/><T3/><D106/><U22/><E108/><V17/><F69/><W11/><G71/><T38/><D117/><U58/><E81/><V9/><F122/><W21/><G119/><T36/><D38/><U123/><E64/><V14/><F116/><W46/><G46/><T24/><D36/><N who="1" m="21671" /><E96/><V32/><F127/><N who="1" m="48681" /><E123/><V104/><F104/><W31/><G86/><T114/><D114/><U15/><AGARI ba="0,0" hai="15,19,22,52,58,60,105,107" m="48681,21671" machi="15" ten="30,4000,0" yaku="18,1,52,1,54,1" doraHai="59" who="1" fromWho="1" sc="250,-20,250,40,250,-10,250,-10" /><INIT seed="1,0,0,3,0,86" ten="230,290,240,240" oya="1" hai0="76,10,95,49,128,43,21,85,16,91,122,94,124" hai1="92,54,119,69,45,34,7,62,78,35,97,19,42" hai2="50,87,13,93,105,26,47,48,113,112,39,72,67" hai3="108,100,79,14,27,111,135,73,84,83,46,65,29"/><U98/><E119/><V102/><F105/><W23/><G135/><T133/><D133/><U61/><E78/><V33/><F72/><W57/><G46/><T96/><D122/><U118/><E118/><V126/><F126/><W32/><G32/><T38/><D38/><U131/><E98/><N who="2" m="59727" /><F67/><W81/><G14/><T77/><D124/><U107/><E107/><V31/><F13/><W71/><G71/><T51/><D10/><U125/><E125/><V70/><F70/><W115/><G115/><N who="2" m="44105" /><F87/><W1/><G1/><T106/><D106/><U17/><E69/><V134/><F134/><W68/><G68/><T103/><D128/><U20/><E131/><V24/><F24/><W2/><G2/><T99/><D85/><U121/><E121/><V0/><F0/><W88/><REACH who="3" step="1"/><G100/><REACH who="3" ten="230,290,240,230" step="2"/><T11/><D11/><U90/><E35/><V74/><F74/><W59/><G59/><T44/><D49/><U80/><E34/><V130/><F130/><W55/><G55/><T6/><D6/><U127/><E54/><V12/><F12/><AGARI ba="0,1" hai="12,16,21,43,44,51,76,77,91,94,95,96,99,103" machi="12" ten="30,7700,0" yaku="7,1,8,1,52,1,54,1" doraHai="86" who="0" fromWho="2" sc="230,87,290,0,240,-77,230,0" /><INIT seed="2,0,0,2,5,71" ten="317,290,163,230" oya="2" hai0="132,38,17,98,75,47,0,73,15,3,56,84,109" hai1="131,13,93,28,129,19,20,39,72,116,50,89,31" hai2="95,79,134,63,43,126,97,59,40,53,32,74,124" hai3="88,117,4,76,23,99,1,22,24,64,103,112,36"/><V18/><F134/><W94/><G117/><T110/><D132/><U45/><E72/><V65/><F32/><W30/><G112/><T49/><D98/><U48/><E116/><V62/><F74/><W85/><G76/><T67/><D73/><U108/><E108/><V78/><F79/><W77/><G77/><T58/><D75/><U92/><E92/><V83/><F78/><W135/><G135/><T9/><D38/><U60/><E60/><V33/><F33/><W34/><G4/><T111/><D84/><U6/><E6/><V86/><F86/><W66/><G1/><N who="0" m="587" /><D67/><U120/><E120/><V87/><F87/><W82/><G36/><T70/><D70/><U41/><E48/><V127/><F83/><W16/><G34/><T5/><D17/><U11/><E50/><V105/><F105/><W2/><G2/><T115/><D115/><U81/><E81/><V68/><REACH who="2" step="1"/><F18/><REACH who="2" ten="317,290,153,230" step="2"/><W61/><REACH who="3" step="1"/><G61/><REACH who="3" ten="317,290,153,220" step="2"/><T10/><D111/><U29/><E20/><V107/><F107/><W8/><G8/><T37/><D110/><U133/><E133/><V100/><AGARI ba="0,2" hai="40,43,53,59,62,63,65,68,95,97,100,124,126,127" machi="100" ten="30,6000,0" yaku="1,1,0,1,18,1,53,0" doraHai="71" doraHaiUra="27" who="2" fromWho="2" sc="317,-20,290,-20,153,80,220,-20" /><INIT seed="2,1,0,4,1,46" ten="297,270,233,200" oya="2" hai0="98,35,115,69,50,84,54,26,86,119,49,10,9" hai1="114,36,77,20,112,38,89,37,5,103,71,105,52" hai2="30,45,120,128,12,31,1,127,33,51,90,70,11" hai3="60,76,91,40,99,106,34,29,42,80,88,39,66"/><V41/><F120/><W56/><G39/><T121/><D121/><U116/><E116/><V102/><F70/><W68/><G56/><T79/><D119/><U109/><E71/><V25/><F128/><W59/><G59/><T32/><D115/><U55/><E77/><V113/><F113/><W61/><G61/><T58/><D69/><U57/><E55/><V27/><F127/><W62/><G62/><T123/><D123/><U17/><E5/><V93/><F102/><W124/><G124/><T4/><D98/><U63/><E89/><V85/><F1/><W126/><G126/><T14/><D10/><U87/><E87/><V19/><F33/><W97/><G97/><T47/><D26/><AGARI ba="1,0" hai="11,12,19,25,26,27,30,31,41,45,51,85,90,93" machi="26" ten="40,3900,0" yaku="8,1,52,1" doraHai="46" who="2" fromWho="0" sc="297,-42,270,0,233,42,200,0" /><INIT seed="2,2,0,2,1,71" ten="255,270,275,200" oya="2" hai0="0,70,77,46,17,63,92,69,42,35,96,111,126" hai1="86,7,123,93,32,56,3,1,100,109,2,38,74" hai2="114,133,29,75,44,33,68,98,64,22,61,95,4" hai3="27,80,53,118,49,28,30,11,89,81,72,50,13"/><V82/><F114/><W127/><G72/><T37/><D35/><U129/><E74/><V134/><F33/><W116/><G127/><T131/><D126/><U39/><E32/><V43/><F4/><W59/><G118/><T107/><D107/><U54/><E7/><V18/><F29/><W45/><G116/><T26/><D131/><U99/><E129/><V34/><F34/><W122/><G122/><T78/><D0/><U119/><E119/><V16/><F82/><W90/><G27/><T67/><D70/><U105/><E123/><V120/><F75/><W83/><G30/><T88/><D111/><U73/><E73/><V87/><F87/><W47/><G28/><T41/><D42/><U76/><E109/><V85/><F85/><W8/><G59/><T84/><REACH who="0" step="1"/><D96/><REACH who="0" ten="245,270,275,200" step="2"/><U9/><E105/><V14/><F120/><W103/><G80/><T135/><D135/><U106/><E106/><V5/><F134/><W130/><G130/><T124/><D124/><U102/><E76/><V108/><F133/><W91/><G83/><T112/><D112/><U97/><E97/><V132/><F132/><W113/><G81/><T115/><D115/><U20/><E99/><V12/><F108/><W10/><G113/><T128/><D128/><U48/><E1/><V117/><F117/><W15/><G15/><N who="2" m="5673" /><F22/><AGARI ba="2,1" hai="17,22,26,37,41,46,63,67,69,77,78,84,88,92" machi="22" ten="40,8000,1" yaku="1,1,52,1,54,1,53,1" doraHai="71" doraHaiUra="40" who="0" fromWho="2" sc="245,96,270,0,275,-86,200,0" /><INIT seed="3,0,0,5,2,104" ten="341,270,189,200" oya="3" hai0="72,123,70,24,98,85,112,111,119,65,91,15,84" hai1="22,13,74,95,54,88,73,97,6,45,102,96,28" hai2="106,43,86,79,41,63,48,9,58,55,39,120,5" hai3="61,122,68,117,10,44,14,31,132,127,103,52,77"/><W1/><G122/><T78/><D123/><U90/><E6/><V118/><F106/><W59/><G117/><T76/><D119/><U64/><E64/><V81/><F120/><W21/><G1/><T125/><D24/><U128/><E128/><V50/><F118/><W25/><G68/><T94/><D70/><U105/><E90/><V115/><F115/><W110/><G127/><T131/><D65/><U8/><E45/><V0/><F39/><W99/><G132/><T93/><D15/><U108/><E54/><V67/><REACH who="2" step="1"/><F48/><REACH who="2" ten="341,270,179,200" step="2"/><W20/><G110/><T92/><D111/><U4/><REACH who="1" step="1"/><E108/><REACH who="1" ten="341,260,179,200" step="2"/><V134/><F134/><W7/><G77/><T87/><D112/><U101/><E101/><V133/><F133/><W56/><G44/><AGARI ba="0,2" hai="0,5,9,41,43,44,50,55,58,63,67,79,81,86" machi="44" ten="30,7700,0" yaku="1,1,7,1,53,2" doraHai="104" doraHaiUra="38" who="2" fromWho="3" sc="341,0,260,0,179,97,200,-77" /><INIT seed="4,0,0,5,4,118" ten="341,260,276,123" oya="0" hai0="5,18,94,115,109,19,24,28,121,77,89,126,37" hai1="3,32,60,62,53,2,97,127,50,93,34,123,135" hai2="81,56,66,120,15,119,55,114,46,103,113,69,110" hai3="129,111,58,86,27,73,54,70,59,133,91,41,51"/><T45/><D5/><U36/><E36/><V82/><F120/><W26/><G73/><T17/><D121/><U108/><E123/><V14/><F110/><W40/><G70/><T57/><D109/><U107/><E107/><V48/><F119/><W38/><G111/><T92/><D77/><U4/><E108/><V10/><F103/><W7/><G129/><T72/><D72/><U16/><E135/><V87/><F69/><W44/><G133/><T43/><D126/><U90/><E127/><V134/><F134/><W106/><G106/><T132/><D132/><U71/><E34/><V85/><F66/><W1/><G41/><T20/><D115/><N who="2" m="44042" /><F56/><W130/><G130/><T64/><D64/><U22/><E32/><V102/><F102/><W12/><G1/><T63/><D63/><U6/><E71/><V79/><F10/><W35/><G35/><T116/><D57/><N who="1" m="32951" /><E2/><V33/><F33/><W47/><G58/><T131/><D131/><U88/><E90/><AGARI ba="0,0" hai="14,15,46,48,55,79,81,82,85,87,90" m="44042" machi="90" ten="30,1000,0" yaku="15,1" doraHai="118" who="2" fromWho="1" sc="341,0,260,-10,276,10,123,0" /><INIT seed="5,0,0,4,2,72" ten="341,250,286,123" oya="1" hai0="19,49,36,50,128,44,125,117,91,47,20,102,30" hai1="31,79,17,26,71,25,53,67,100,60,33,52,77" hai2="119,22,93,56,120,78,73,131,107,41,118,12,23" hai3="48,35,69,94,38,104,70,76,54,86,122,98,114"/><U45/><E25/><V63/><F107/><W87/><G38/><T112/><D117/><U96/><E17/><V74/><F131/><W11/><G104/><T101/><D128/><U14/><E14/><V83/><F73/><W92/><G35/><T5/><D5/><U90/><E90/><V97/><F120/><W6/><G122/><T130/><D130/><U39/><E39/><V32/><F41/><W59/><G114/><T133/><D112/><U28/><E28/><V75/><F75/><W46/><G70/><T10/><D10/><U62/><E62/><V24/><F32/><W110/><G69/><T134/><D30/><U0/><E0/><V51/><F51/><W18/><G110/><T129/><D129/><U135/><E135/><V64/><F12/><W88/><G18/><T82/><D36/><U34/><E34/><V124/><F124/><W113/><G113/><T121/><D121/><U8/><E8/><V13/><F13/><N who="3" m="5367" /><G46/><T61/><D125/><U57/><E45/><V95/><F95/><N who="3" m="56679" /><G87/><T132/><D47/><U84/><E84/><V81/><F81/><AGARI ba="0,0" hai="48,54,59,76,81,86,92,94" m="56679,5367" machi="81" ten="30,3900,0" yaku="8,1,52,1,54,1" doraHai="72" who="3" fromWho="2" sc="341,0,250,0,286,-39,123,39" /><INIT seed="6,0,0,2,2,24" ten="341,250,247,162" oya="2" hai0="85,50,128,127,118,16,132,53,54,65,47,41,74" hai1="124,62,126,91,90,6,20,52,135,70,105,114,34" hai2="21,121,29,10,55,0,1,31,68,45,4,3,2" hai3="116,92,9,60,26,12,22,79,72,106,88,35,14"/><V58/><F121/><W122/><G106/><T87/><D74/><U73/><E34/><V36/><F68/><W109/><G35/><T71/><D118/><U59/><E70/><V76/><F76/><W61/><G116/><T125/><D71/><U40/><E40/><V17/><F45/><W117/><G117/><T133/><D65/><U18/><E73/><V86/><F86/><W80/><G122/><T43/><D16/><U115/><E6/><V28/><F36/><W49/><G49/><T98/><D98/><U63/><E63/><V7/><F58/><W104/><G12/><T69/><D69/><U11/><E11/><N who="2" m="2439" /><F55/><W67/><G104/><T129/><D47/><U27/><E105/><V13/><AGARI ba="0,0" hai="1,2,3,7,10,13,17,21,28,29,31" m="2439" machi="13" ten="30,24000,3" yaku="35,5,52,3" doraHai="24" who="2" fromWho="2" sc="341,-80,250,-80,247,240,162,-80" /><INIT seed="6,1,0,0,2,12" ten="261,170,487,82" oya="2" hai0="57,105,37,72,34,6,46,121,79,40,42,39,55" hai1="19,53,0,71,44,126,110,96,22,77,113,63,73" hai2="58,112,81,74,118,115,129,59,104,9,131,111,10" hai3="116,89,30,97,124,76,4,25,43,88,95,8,107"/><V98/><F104/><W128/><G116/><T94/><D105/><U51/><E0/><V1/><F118/><W2/><G124/><T36/><D34/><U108/><E126/><V52/><F111/><W106/><G128/><N who="2" m="49225" /><F98/><W83/><G89/><T35/><D35/><U101/><E113/><N who="2" m="43595" /><F1/><W66/><G66/><T134/><D79/><U54/><E77/><N who="2" m="44215" /><F59/><W56/><G56/><T122/><D72/><U15/><E73/><V32/><F32/><W130/><G130/><T119/><D119/><U13/><E108/><V62/><AGARI ba="1,0" hai="9,10,52,58,62" m="44215,43595,49225" machi="62" ten="30,6000,0" yaku="19,1,15,1,54,1" doraHai="12" who="2" fromWho="2" sc="261,-21,170,-21,487,63,82,-21" /><INIT seed="6,2,0,5,1,75" ten="240,149,550,61" oya="2" hai0="9,42,40,10,101,85,112,69,67,94,2,109,36" hai1="115,61,106,8,90,38,124,56,7,58,33,110,34" hai2="86,127,84,14,57,18,30,26,125,79,105,0,118" hai3="131,51,54,13,29,95,71,31,66,119,1,113,97"/><V107/><F118/><W53/><G1/><T47/><D109/><U60/><E38/><V17/><F0/><W102/><G119/><T16/><D112/><U68/><E68/><V11/><F57/><W62/><G113/><T129/><D129/><U100/><E110/><V49/><F49/><W80/><G131/><T87/><D42/><U126/><E115/><V52/><F18/><W41/><G41/><T108/><D108/><U134/><E90/><V32/><F52/><W12/><G54/><T104/><D104/><N who="2" m="40010" /><F79/><W96/><G96/><T46/><D46/><U123/><E106/><V88/><F88/><W50/><G50/><T3/><D67/><U98/><E98/><V117/><F117/><W28/><G51/><T76/><D69/><U48/><E48/><V24/><F24/><W59/><G71/><T63/><D63/><U64/><E100/><V20/><F20/><W39/><G39/><T4/><D2/><U83/><E61/><V77/><F77/><W103/><G103/><T5/><D76/><U74/><E74/><V25/><F25/><W23/><G53/><T132/><D5/><U15/><E56/><V122/><F122/><W130/><G130/><T82/><D4/><U93/><E123/><V43/><F43/><W81/><G13/><T65/><D3/><U114/><E114/><V55/><F55/><W27/><G12/><T72/><D36/><U37/><E37/><V120/><F120/><W6/><G6/><T19/><D40/><U92/><E7/><V121/><F121/><W99/><G99/><T135/><D65/><U111/><E64/><RYUUKYOKU ba="2,0" sc="240,-15,149,-15,550,15,61,15" hai2="11,14,17,26,30,32,84,86,125,127" hai3="23,27,28,29,31,59,62,66,80,81,95,97,102" /><INIT seed="6,3,0,2,4,39" ten="225,134,565,76" oya="2" hai0="24,105,48,114,49,116,72,79,31,111,44,70,1" hai1="125,129,63,106,12,98,97,71,30,126,77,108,21" hai2="133,135,100,66,47,19,32,57,26,9,54,93,92" hai3="4,130,43,29,87,124,121,10,80,33,104,51,53"/><V2/><F66/><W60/><G104/><T82/><D114/><U20/><E108/><V132/><F47/><W28/><G121/><T14/><D111/><U16/><E77/><V101/><F2/><W113/><G113/><T0/><D116/><U61/><E129/><V50/><F9/><W88/><G124/><N who="1" m="47722" /><E71/><V89/><F93/><W81/><G130/><T25/><D105/><U69/><E69/><V78/><F78/><W120/><G120/><T7/><D70/><U42/><E42/><V112/><F112/><W107/><G107/><T76/><D79/><U99/><E106/><V27/><F27/><AGARI ba="3,0" hai="12,16,20,21,27,30,61,63,97,98,99" m="47722" machi="27" ten="30,2000,0" yaku="18,1,54,1" doraHai="39" who="1" fromWho="2" sc="225,0,134,29,565,-29,76,0" /><INIT seed="7,0,0,4,3,31" ten="225,163,536,76" oya="3" hai0="109,38,132,82,72,45,22,52,51,49,126,17,129" hai1="11,99,131,60,40,35,66,97,33,16,128,34,124" hai2="10,110,43,88,120,78,28,112,102,62,15,25,26" hai3="48,5,115,87,59,4,81,73,107,103,19,61,83"/><W64/><G73/><T77/><D109/><U85/><E85/><V27/><F120/><W7/><G107/><T74/><D38/><U123/><E123/><V84/><F110/><W96/><G115/><T23/><D132/><U135/><E135/><V79/><F112/><W100/><G96/><T32/><D129/><N who="1" m="49739" /><E40/><V93/><F28/><W94/><G94/><T134/><D134/><U21/><E11/><V117/><F117/><W127/><G127/><T12/><D126/><U18/><E124/><V37/><F37/><W80/><G87/><T6/><D6/><U55/><E55/><V42/><F102/><W41/><G19/><N who="1" m="7210" /><E21/><V13/><F62/><W69/><G69/><AGARI ba="0,0" hai="33,34,35,60,66,69,97,99" m="7210,49739" machi="69" ten="40,8000,1" yaku="19,1,52,3,54,1" doraHai="31" who="1" fromWho="3" sc="225,0,163,80,536,0,76,-80" owari="225,-17.0,243,4.0,536,63.0,-4,-50.0" /></mjloggm>