<mjloggm ver="2.3"><GO type="169" lobby="0"/><UN n0="%74%6A%2D%6D%69%63%72%6F" n1="%E6%B0%97%E6%A5%BD%E3%81%AB%E6%89%93%E3%81%A4" n2="%E2%98%86%E3%82%82%E3%81%B5%E3%82%82%E3%81%B5%E2%98%86" n3="%EF%BC%88%E2%89%A7%E2%96%BD%E2%89%A6%EF%BC%89" dan="16,16,16,17" rate="2076.70,2142.14,2080.50,2104.83" sx="M,M,M,M"/><TAIKYOKU oya="0"/><INIT seed="0,0,0,2,0,89" ten="250,250,250,250" oya="0" hai0="101,26,57,62,118,3,113,61,10,43,115,83,81" hai1="7,104,132,121,124,119,107,130,109,75,35,82,60" hai2="68,4,55,72,34,63,42,32,77,8,9,91,16" hai3="105,53,45,46,93,76,100,102,127,33,90,11,67"/><T78/><D118/><U98/><RYUUKYOKU type="yao9" ba="0,0" sc="250,0,250,0,250,0,250,0" hai1="7,35,60,75,82,98,104,107,109,119,121,124,130,132" /><INIT seed="0,1,0,4,1,21" ten="250,250,250,250" oya="0" hai0="42,119,94,67,132,32,50,38,28,81,18,117,79" hai1="120,43,127,53,116,73,131,106,72,26,64,74,111" hai2="124,17,122,96,93,12,35,134,33,108,9,62,115" hai3="46,52,83,86,70,61,7,66,121,76,30,126,10"/><T47/><D132/><U118/><E120/><V63/><F122/><W97/><G126/><T31/><D67/><U34/><E127/><V91/><F124/><W99/><G121/><T87/><D38/><U102/><E111/><V4/><F115/><W69/><G69/><T39/><D39/><U54/><E131/><V77/><F108/><W123/><G30/><T49/><D18/><U3/><E3/><V5/><F134/><W80/><G80/><T85/><D49/><U78/><E43/><V133/><F133/><W90/><G76/><T75/><D75/><U95/><E64/><V8/><F77/><W19/><G123/><T82/><D94/><U41/><E41/><V84/><F17/><W45/><G45/><T68/><D68/><U16/><E106/><V71/><F71/><W59/><G19/><T88/><REACH who="0" step="1"/><D32/><REACH who="0" ten="240,250,250,250" step="2"/><U101/><E73/><V2/><F35/><W129/><G70/><T58/><D58/><U107/><E72/><V105/><F33/><W57/><G46/><T36/><D36/><U1/><E34/><V135/><F135/><W56/><G56/><T13/><D13/><U55/><E74/><V114/><F105/><W51/><G129/><T100/><D100/><U25/><E102/><V22/><F93/><W65/><G66/><T29/><AGARI ba="1,1" hai="28,29,31,42,47,50,79,81,82,85,87,88,117,119" machi="29" ten="30,12000,1" yaku="1,1,0,1,54,1,53,2" doraHai="21" doraHaiUra="113" who="0" fromWho="0" sc="240,133,250,-41,250,-41,250,-41" /><INIT seed="0,2,0,4,2,71" ten="373,209,209,209" oya="0" hai0="18,72,80,117,13,114,30,22,120,52,66,121,77" hai1="88,3,45,107,10,53,102,36,32,87,54,129,69" hai2="14,122,116,113,127,93,82,20,83,91,89,132,98" hai3="67,37,16,133,105,40,5,96,60,55,119,131,34"/><T99/><D117/><U47/><E129/><V7/><F122/><W33/><G119/><T128/><D114/><U6/><E69/><V11/><F113/><W76/><G5/><T97/><D128/><U50/><E32/><V28/><F116/><W51/><G131/><T124/><D124/><U100/><E107/><V134/><F127/><W103/><G76/><T41/><D66/><U126/><E126/><V73/><F73/><W85/><G85/><T8/><D41/><U24/><E24/><N who="2" m="16391" /><F89/><W29/><G29/><T46/><D120/><U31/><E31/><V118/><F118/><W130/><G130/><T90/><D121/><U0/><E0/><V12/><F12/><W115/><G115/><T92/><D30/><U9/><E9/><V79/><F79/><W56/><G133/><AGARI ba="2,0" hai="7,11,14,82,83,91,93,98,132,133,134" m="16391" machi="133" ten="30,1000,0" yaku="20,1" doraHai="71" who="2" fromWho="3" sc="373,0,209,0,209,16,209,-16" /><INIT seed="1,0,0,1,2,21" ten="373,209,225,193" oya="1" hai0="39,6,96,123,27,0,98,133,19,71,32,10,120" hai1="56,108,47,35,25,81,85,124,33,12,53,61,90" hai2="48,55,45,64,117,134,80,28,92,127,9,100,102" hai3="57,95,112,132,121,1,46,106,70,16,3,20,7"/><U38/><E124/><V94/><F117/><W111/><G106/><T67/><D39/><U89/><E108/><V116/><F116/><W84/><G70/><T68/><D133/><U83/><E12/><V63/><F127/><W15/><G121/><N who="0" m="46667" /><D19/><U122/><E122/><V40/><F134/><W36/><G112/><T22/><D22/><U101/><E101/><N who="2" m="39019" /><F28/><W115/><G115/><T18/><D18/><U42/><REACH who="1" step="1"/><E25/><REACH who="1" ten="373,199,225,193" step="2"/><V60/><F9/><W76/><G15/><T119/><D119/><U135/><E135/><V50/><F64/><W75/><G111/><T93/><D67/><U118/><E118/><V126/><F126/><W29/><G132/><T125/><D125/><U4/><E4/><V8/><F8/><W37/><G7/><T107/><D10/><U52/><E52/><V24/><F24/><W103/><G1/><T2/><D27/><U14/><E14/><V79/><F55/><W74/><G3/><T23/><D6/><U77/><E77/><V26/><F26/><W73/><G76/><T59/><D2/><U113/><E113/><V13/><F13/><W88/><G29/><T69/><D0/><U49/><E49/><V97/><F50/><W72/><G37/><T11/><D11/><U5/><E5/><V109/><F109/><W105/><G36/><T65/><D65/><U130/><E130/><V86/><F48/><W78/><G78/><T44/><D32/><U66/><E66/><V58/><F79/><W41/><G103/><T82/><D69/><U51/><E51/><V62/><F62/><W114/><G114/><T99/><D68/><RYUUKYOKU ba="0,1" sc="373,-10,199,30,225,-10,193,-10" hai1="33,35,38,42,47,53,56,61,81,83,85,89,90" /><INIT seed="1,1,1,1,4,107" ten="363,229,215,183" oya="1" hai0="43,118,126,11,0,129,39,92,51,91,53,36,127" hai1="46,96,47,125,61,14,10,101,37,12,7,98,78" hai2="59,21,19,27,135,80,120,87,115,38,54,82,100" hai3="134,31,86,111,55,35,62,71,32,85,40,52,102"/><U2/><E125/><V50/><F120/><W29/><G111/><T99/><D118/><U23/><E78/><V57/><F38/><W97/><G134/><T133/><D133/><U108/><E108/><V110/><F135/><W3/><G3/><T13/><D0/><U63/><E37/><V1/><F110/><W24/><G40/><T79/><D79/><U128/><E128/><V119/><F119/><W70/><G97/><N who="1" m="37482" /><E2/><V93/><F1/><W89/><G89/><T88/><D91/><U6/><E101/><V94/><F115/><W48/><G48/><T8/><D43/><U124/><E124/><N who="0" m="47657" /><D129/><U132/><E132/><V41/><F41/><W49/><G49/><T106/><D106/><U77/><E77/><N who="2" m="46479" /><F100/><W109/><G109/><T45/><D8/><N who="1" m="4119" /><E23/><V95/><F82/><W105/><G102/><T123/><D123/><U60/><AGARI ba="1,1" hai="7,10,14,46,47,60,61,63" m="4119,37482" machi="60" ten="30,1500,0" yaku="8,1" doraHai="107" who="1" fromWho="1" sc="363,-6,229,28,215,-6,183,-6" /><INIT seed="1,2,0,1,5,7" ten="357,257,209,177" oya="1" hai0="70,4,128,34,111,1,26,42,96,32,71,89,86" hai1="110,65,121,54,50,60,99,39,103,84,123,85,104" hai2="18,41,78,90,44,113,35,126,30,31,133,22,29" hai3="9,57,109,102,97,55,95,101,45,107,48,64,132"/><U37/><E110/><V10/><F126/><W72/><G72/><T106/><D42/><U23/><E23/><V117/><F117/><W66/><G109/><T74/><D74/><U16/><E16/><V129/><F78/><W116/><G116/><T124/><D26/><U5/><E5/><V105/><F105/><W8/><G132/><T19/><D19/><U120/><E84/><V93/><F133/><W79/><G79/><T6/><D1/><U118/><E118/><V87/><F129/><W59/><G107/><T63/><D86/><U3/><E3/><V82/><F113/><W61/><G102/><T67/><D106/><U98/><E99/><V122/><F122/><W73/><G73/><T127/><D96/><U27/><E27/><V114/><F114/><W11/><G59/><T69/><D69/><U119/><E119/><V28/><F35/><W112/><G112/><T76/><D76/><U125/><E125/><V108/><F108/><W15/><G15/><T75/><D111/><U91/><E60/><V134/><F134/><W36/><G36/><T12/><D63/><U52/><E65/><AGARI ba="2,0" hai="8,9,11,45,48,55,57,61,64,65,66,95,97,101" machi="65" ten="40,8000,1" yaku="8,1,52,3" doraHai="7" who="3" fromWho="1" sc="357,0,257,-86,209,0,177,86" /><INIT seed="2,0,0,5,1,8" ten="357,171,209,263" oya="2" hai0="3,42,75,26,122,40,49,105,94,9,109,14,107" hai1="39,37,6,76,117,82,45,56,116,38,97,104,61" hai2="72,115,71,103,113,126,21,110,67,114,87,83,108" hai3="48,58,2,4,30,54,31,59,124,50,70,23,133"/><V53/><F126/><W98/><G70/><T66/><D75/><U111/><E111/><N who="2" m="42539" /><F72/><W130/><G124/><T101/><D26/><U100/><E6/><V120/><F120/><W89/><G133/><T36/><D3/><U127/><E127/><V77/><F103/><W88/><G130/><T24/><D66/><U25/><E25/><V55/><F21/><W28/><G23/><T13/><D24/><U68/><E45/><V1/><F1/><W99/><G4/><T64/><D109/><U16/><E16/><V73/><F73/><W19/><G19/><T33/><D101/><U29/><E29/><V129/><F129/><W46/><G2/><T47/><D33/><U62/><E68/><V78/><F78/><W102/><G59/><T93/><D47/><U57/><E57/><V85/><F85/><W7/><G7/><T32/><D32/><U118/><REACH who="1" step="1"/><E56/><REACH who="1" ten="357,161,209,263" step="2"/><V27/><F27/><W95/><REACH who="3" step="1"/><G99/><REACH who="3" ten="357,161,209,253" step="2"/><T63/><D122/><U135/><E135/><V84/><F84/><AGARI ba="0,2" hai="37,38,39,61,62,76,82,84,97,100,104,116,117,118" machi="84" ten="50,8000,1" yaku="1,1,53,3" doraHai="8" doraHaiUra="69" who="1" fromWho="2" sc="357,0,161,100,209,-80,253,0" /><INIT seed="3,0,0,4,2,4" ten="357,261,129,253" oya="3" hai0="54,23,125,106,5,29,133,62,2,80,10,76,127" hai1="46,126,25,40,64,78,119,66,102,101,30,67,120" hai2="110,93,38,14,59,8,100,52,58,19,70,79,71" hai3="104,90,36,0,20,86,92,22,135,61,60,31,50"/><W21/><G36/><T82/><D106/><U42/><E120/><V41/><F110/><W113/><G104/><T17/><D29/><U13/><E126/><N who="0" m="48137" /><D133/><U128/><E128/><V32/><F32/><W116/><G116/><T131/><D131/><U65/><N who="1" m="16896" /><DORA hai="68" /><U123/><E123/><V81/><F59/><W97/><G113/><T34/><D34/><U48/><E119/><V118/><F118/><W74/><G74/><T75/><D82/><U77/><E40/><V84/><F100/><N who="1" m="38505" /><E13/><V45/><REACH who="2" step="1"/><F93/><REACH who="2" ten="357,261,119,253" step="2"/><W130/><G92/><T44/><D44/><U57/><E57/><V111/><F111/><W96/><G130/><T94/><D94/><U103/><E103/><V99/><F99/><W124/><G97/><T28/><D62/><AGARI ba="0,1" hai="8,14,19,38,41,45,52,58,62,70,71,79,81,84" machi="62" ten="30,8000,1" yaku="1,1,7,1,52,2,54,1,53,0" doraHai="4,68" doraHaiUra="122,89" who="2" fromWho="0" sc="357,-80,261,0,119,90,253,0" /><INIT seed="4,0,0,3,4,79" ten="277,261,209,253" oya="0" hai0="83,49,61,40,120,123,31,87,58,43,110,33,22" hai1="122,72,119,86,42,70,45,75,113,52,128,73,24" hai2="4,69,10,14,44,13,97,60,6,133,66,99,105" hai3="11,126,135,102,95,88,56,74,104,108,9,129,109"/><T35/><D110/><U130/><E119/><V65/><F133/><W124/><G135/><T38/><D38/><U47/><E122/><V28/><F28/><W106/><G56/><T2/><D2/><U116/><E116/><V23/><F105/><N who="3" m="40555" /><G129/><N who="1" m="49770" /><E70/><V117/><F117/><W59/><G59/><T67/><D33/><U132/><E132/><V92/><F44/><W89/><G74/><T115/><D115/><U36/><E113/><V53/><F53/><W26/><G26/><T19/><D31/><U37/><E24/><V34/><F34/><W50/><G50/><T48/><D35/><U98/><E36/><V3/><F3/><W7/><G9/><T16/><D120/><U64/><E47/><V76/><F76/><W17/><G17/><N who="0" m="6731" /><D22/><U21/><E21/><V84/><F23/><W68/><G68/><T27/><D27/><U12/><E37/><V131/><F131/><W55/><G109/><T30/><D30/><U0/><E0/><V77/><F69/><W41/><G108/><T134/><D123/><U32/><E32/><V18/><F10/><W63/><G11/><T81/><D134/><U112/><E112/><V101/><F4/><W62/><G7/><T54/><D87/><U93/><E86/><V121/><F84/><W90/><G63/><T107/><D107/><U78/><E72/><V103/><F60/><W82/><G62/><T51/><D67/><U25/><E64/><V39/><F66/><W71/><G71/><T127/><D127/><U15/><E75/><V91/><F65/><W57/><G126/><T118/><D118/><U85/><E73/><RYUUKYOKU ba="0,0" sc="277,30,261,-10,209,-10,253,-10" hai0="40,43,48,49,51,54,58,61,81,83" /><INIT seed="4,1,0,4,2,77" ten="307,251,199,243" oya="0" hai0="7,68,33,17,14,103,113,59,43,72,25,115,27" hai1="104,9,101,121,110,111,62,95,88,90,37,84,133" hai2="123,16,78,41,57,79,94,44,23,97,135,120,98" hai3="47,21,112,74,29,4,40,114,1,56,87,86,0"/><T52/><D68/><U65/><E121/><V107/><F135/><W102/><G74/><T12/><D43/><U119/><E119/><V50/><F107/><W82/><G102/><T20/><D72/><U130/><E133/><V80/><F57/><W105/><G105/><T70/><D70/><U73/><E130/><V76/><F80/><W24/><G56/><T93/><D33/><U2/><E37/><V45/><F45/><W122/><G122/><T106/><D106/><U6/><E73/><V96/><REACH who="2" step="1"/><F94/><REACH who="2" ten="307,251,189,243" step="2"/><W58/><G58/><T34/><D93/><U60/><E104/><V49/><F49/><W116/><G47/><T92/><D92/><U91/><E84/><V30/><F30/><W10/><G29/><T85/><D59/><U19/><E95/><V100/><F100/><W134/><G87/><T38/><D85/><U129/><E101/><V127/><F127/><W39/><G86/><T32/><D103/><U63/><E129/><V83/><F83/><W51/><G82/><T64/><D38/><U61/><REACH who="1" step="1"/><E19/><REACH who="1" ten="307,241,189,243" step="2"/><V118/><F118/><W131/><G116/><T66/><D17/><U55/><E55/><V81/><F81/><W31/><G39/><T67/><D52/><U53/><E53/><V46/><F46/><N who="3" m="26055" /><G131/><T109/><D66/><U18/><E18/><V42/><F42/><W69/><G134/><T128/><D128/><U13/><E13/><AGARI ba="1,2" hai="13,16,23,41,44,50,76,78,79,96,97,98,120,123" machi="13" ten="40,2600,0" yaku="1,1,54,1,53,0" doraHai="77" doraHaiUra="28" who="2" fromWho="1" sc="307,0,241,-29,189,49,243,0" /><INIT seed="5,0,0,5,3,57" ten="307,212,238,243" oya="1" hai0="114,115,0,35,86,79,29,25,110,28,90,9,116" hai1="37,112,85,3,104,11,50,67,131,63,6,36,84" hai2="80,15,122,91,39,18,24,88,93,70,60,113,95" hai3="41,53,58,54,8,44,96,61,73,102,49,83,66"/><U117/><E117/><V52/><F122/><W64/><G8/><T19/><D79/><U4/><E112/><V121/><F121/><W32/><G32/><T97/><D116/><U127/><E127/><V65/><F39/><W26/><G26/><T47/><D29/><U130/><E104/><V98/><F113/><W119/><G119/><T120/><D120/><U81/><E6/><V74/><F24/><W14/><G14/><T16/><D97/><U106/><E106/><V82/><F74/><W77/><REACH who="3" step="1"/><G66/><REACH who="3" ten="307,212,238,233" step="2"/><T46/><D9/><U2/><E2/><V45/><F65/><W111/><G111/><T69/><D110/><U5/><E11/><V107/><F15/><W129/><G129/><T103/><D0/><U51/><E67/><V40/><F18/><W34/><G34/><T55/><D19/><U17/><E3/><V30/><F30/><W27/><G27/><T99/><D16/><U13/><E17/><V92/><F70/><W38/><G38/><T33/><D69/><U43/><E13/><V22/><F22/><W76/><G76/><T71/><D25/><U75/><E36/><V133/><F91/><W94/><AGARI ba="0,1" hai="41,44,49,53,54,58,61,64,73,77,83,94,96,102" machi="94" ten="20,5200,0" yaku="1,1,0,1,7,1,52,1,53,0" doraHai="57" doraHaiUra="134" who="3" fromWho="3" sc="307,-13,212,-26,238,-13,233,62" /><INIT seed="6,0,0,0,3,50" ten="294,186,225,295" oya="2" hai0="23,88,73,107,121,56,111,95,86,9,30,48,33" hai1="80,0,91,116,63,114,72,101,26,2,105,102,89" hai2="127,36,128,69,99,83,77,47,31,129,32,10,118" hai3="133,14,108,29,19,8,65,74,52,13,40,135,7"/><V87/><F118/><W85/><G74/><T109/><D107/><U55/><E116/><V96/><F69/><W53/><G108/><T60/><D73/><U18/><E114/><V12/><F127/><W34/><G40/><T71/><D33/><U125/><E125/><V61/><F61/><W22/><G65/><T92/><D121/><U97/><E102/><V64/><F64/><W44/><G85/><T20/><D71/><U59/><E72/><V27/><F47/><W115/><G115/><T58/><D9/><U54/><E54/><V49/><F49/><W93/><G93/><T21/><D30/><U119/><E119/><V134/><F134/><N who="3" m="51211" /><G44/><T103/><D60/><U126/><E126/><V39/><F99/><W1/><G14/><T25/><D48/><U130/><E130/><N who="2" m="50283" /><F96/><W76/><G76/><T94/><D103/><U24/><E97/><V75/><F75/><W113/><G113/><T82/><D109/><U6/><E101/><V41/><F41/><W104/><G104/><T62/><D111/><U122/><E105/><V5/><AGARI ba="0,0" hai="5,10,12,27,31,32,36,39,77,83,87" m="50283" machi="5" ten="30,1500,0" yaku="19,1" doraHai="50" who="2" fromWho="2" sc="294,-5,186,-5,225,15,295,-5" /><INIT seed="6,1,0,4,2,72" ten="289,181,240,290" oya="2" hai0="120,24,121,63,123,81,117,25,39,109,11,28,48" hai1="80,107,91,12,49,61,129,62,95,119,60,4,96" hai2="89,22,77,134,78,13,82,0,93,106,37,125,133" hai3="15,132,66,53,43,94,116,83,76,45,112,35,67"/><V110/><F0/><W8/><G35/><T41/><D39/><U42/><E119/><V87/><F37/><W23/><G116/><T70/><D109/><U52/><E129/><V75/><F106/><W32/><G32/><T31/><D117/><U18/><E107/><V34/><F34/><W131/><G131/><T50/><D11/><N who="1" m="6431" /><E4/><V115/><F115/><W118/><G118/><T6/><D81/><U100/><E42/><V19/><F110/><W73/><G23/><T74/><D74/><U59/><E80/><V21/><F125/><W88/><G53/><T29/><D6/><U1/><E1/><V5/><F5/><W20/><G20/><T17/><D41/><U92/><E92/><V84/><F22/><W26/><G112/><T47/><D17/><U57/><E100/><V97/><REACH who="2" step="1"/><F77/><REACH who="2" ten="289,181,230,290" step="2"/><W51/><G76/><T102/><D120/><U103/><E103/><V2/><F2/><W135/><G8/><T85/><D102/><U79/><E79/><V27/><F27/><W44/><G26/><T58/><D24/><U86/><E96/><V124/><F124/><W46/><G15/><T38/><D25/><U127/><E127/><V113/><F113/><W130/><G130/><T7/><D7/><U111/><E111/><V54/><F54/><AGARI ba="1,1" hai="49,52,54,57,59,60,61,62,86,91,95" m="6431" machi="54" ten="30,2000,0" yaku="8,1,54,1" doraHai="72" who="1" fromWho="2" sc="289,0,181,33,230,-23,290,0" /><INIT seed="7,0,0,4,4,88" ten="289,214,207,290" oya="3" hai0="129,103,114,78,121,109,94,15,113,134,123,97,106" hai1="69,26,62,29,84,118,43,99,20,73,95,56,51" hai2="110,74,46,41,75,39,90,112,98,33,42,124,86" hai3="3,24,68,131,89,22,53,71,47,57,27,48,108"/><W120/><G3/><T4/><D109/><U9/><E73/><V87/><F110/><W102/><G120/><T132/><D129/><U25/><E118/><V85/><F124/><W55/><G108/><T40/><D40/><U126/><E126/><V12/><F112/><N who="0" m="43114" /><D78/><U77/><E69/><V28/><F42/><W21/><G131/><T122/><D106/><U133/><E133/><N who="0" m="51305" /><D15/><U125/><E125/><V11/><F28/><N who="3" m="17423" /><G68/><T10/><D10/><U79/><E9/><V0/><F33/><W54/><G71/><T64/><D4/><U65/><E84/><V50/><F0/><W61/><G102/><T115/><D115/><U96/><E26/><V45/><F98/><W19/><G89/><T128/><D128/><U5/><E99/><V34/><F34/><W100/><G100/><T59/><D59/><U60/><E5/><V135/><F135/><W44/><G44/><T18/><D18/><U83/><E77/><V37/><F46/><W16/><G19/><T7/><D7/><U116/><E116/><V93/><F74/><W31/><G16/><T66/><AGARI ba="0,0" hai="64,66,94,97,103,121,122,123" m="51305,43114" machi="66" ten="40,8000,1" yaku="15,1,11,1,20,1,52,1" doraHai="88" who="0" fromWho="0" sc="289,80,214,-20,207,-20,290,-40" owari="369,47.0,194,-21.0,187,-31.0,250,5.0" /></mjloggm>