<mjloggm ver="2.3"><GO type="41"/><UN n0="%E6%B1%90%E8%8F%AF%E5%88%9D%E6%B5%81%E4%B9%83" n1="%E6%96%AD%E7%B5%B6" n2="%E3%82%A6%E3%83%AB%E3%83%88%E3%83%A9%E7%AB%8B%E7%9B%B4" n3="%E3%81%A8%E3%81%8F%E3%82%82%E3%82%8A" dan="14,13,14,14" rate="1951,2011,1974,1891" sx="M,M,M,M"/><TAIKYOKU oya="0"/><INIT seed="0,0,0,5,1,103" ten="250,250,250,250" oya="0" hai0="9,35,119,126,15,46,131,21,78,82,124,80,100" hai1="128,37,101,55,88,7,66,65,130,44,117,90,73" hai2="30,93,18,61,116,28,12,16,17,68,94,40,134" hai3="69,114,71,75,19,0,58,122,92,26,85,104,123"/><T42/><D119/><U50/><E73/><V89/><F116/><W10/><G114/><T43/><D35/><U52/><E117/><V133/><F40/><N who="0" m="15402" /><D46/><U48/><E37/><V99/><F68/><W39/><G39/><T106/><D131/><N who="1" m="50219" /><E101/><V135/><F61/><W74/><G58/><T41/><D21/><U102/><E102/><V32/><F94/><W121/><G104/><T53/><D41/><U98/><E7/><V38/><F38/><W36/><G36/><T45/><D45/><N who="1" m="27663" /><E98/><V81/><F81/><W14/><G0/><T86/><D53/><U132/><E132/><V109/><F109/><W8/><G26/><T87/><D100/><U60/><E65/><V34/><F12/><W97/><G85/><N who="0" m="32267" /><D106/><U47/><E47/><V129/><F129/><W96/><G10/><T4/><D78/><U64/><E64/><V77/><REACH who="2" step="1"/><F77/><REACH who="2" ten="250,250,240,250" step="2"/><W11/><G92/><T27/><D27/><U91/><E91/><V29/><AGARI ba="0,1" hai="16,17,18,28,29,30,32,34,89,93,99,133,134,135" machi="29" ten="40,12000,2" yaku="1,1,2,1,0,1,29,2,20,1,54,1,53,0" doraHai="103" doraHaiUra="125" who="2" fromWho="2" sc="250,-60,250,-30,240,130,250,-30" /><INIT seed="1,0,0,4,1,121" ten="190,220,370,220" oya="1" hai0="88,56,97,71,130,57,116,135,125,17,82,133,68" hai1="42,103,77,131,24,31,54,74,124,30,26,27,122" hai2="59,73,50,22,102,86,117,32,55,111,81,60,39" hai3="34,83,7,21,84,67,115,66,3,98,35,36,132"/><U45/><E122/><V113/><F32/><W11/><G115/><T76/><D116/><U23/><E131/><V94/><F73/><W58/><G132/><N who="0" m="50763" /><D130/><U106/><E124/><V120/><F39/><W37/><G98/><T85/><D125/><U25/><E106/><V90/><F120/><W12/><G37/><T104/><D17/><U62/><E103/><V38/><F38/><W110/><G36/><T20/><D20/><U40/><E74/><V87/><F113/><W63/><G67/><T105/><D105/><U1/><E1/><V126/><F126/><W69/><G69/><N who="0" m="26699" /><D76/><U6/><E6/><V5/><F5/><W4/><G4/><T134/><D134/><U119/><E119/><V0/><F0/><W89/><G35/><T43/><D43/><N who="1" m="16427" /><E77/><V16/><F117/><W129/><G34/><T101/><AGARI ba="0,0" hai="56,57,82,85,88,97,101,104" m="26699,50763" machi="101" ten="40,2700,0" yaku="20,1,54,1" doraHai="121" who="0" fromWho="0" sc="190,27,220,-13,370,-7,220,-7" /><INIT seed="2,0,0,5,1,37" ten="217,207,363,213" oya="2" hai0="51,113,122,78,94,10,75,50,34,19,74,79,92" hai1="73,99,114,53,130,16,14,59,27,5,23,49,128" hai2="4,70,22,55,7,62,93,9,69,54,118,63,111" hai3="77,81,98,61,125,120,110,66,126,42,12,134,103"/><V43/><F118/><W131/><G120/><T82/><D122/><U24/><E73/><V83/><F83/><W1/><G1/><T39/><D39/><U30/><E114/><V135/><F135/><W29/><G134/><T15/><D34/><U124/><E124/><V76/><F76/><W108/><G29/><T65/><D65/><U58/><E5/><V38/><F93/><W121/><G12/><T107/><D107/><U90/><E59/><V112/><F38/><W40/><G121/><T47/><D113/><U104/><E27/><V97/><F97/><W2/><G2/><T6/><D19/><U21/><REACH who="1" step="1"/><E90/><REACH who="1" ten="217,197,363,213" step="2"/><V33/><F112/><W46/><G131/><T36/><D6/><U44/><E44/><V31/><F7/><W80/><G46/><T116/><D47/><U17/><E17/><V25/><F4/><W91/><G91/><T0/><D75/><U88/><E88/><V129/><F25/><W105/><G126/><T87/><D74/><U106/><E106/><V72/><F72/><W60/><G125/><T100/><D116/><U86/><E86/><V48/><F129/><W115/><G115/><T56/><D87/><U117/><E117/><V32/><F31/><W18/><G18/><T64/><D56/><U68/><E68/><V3/><F69/><N who="3" m="42183" /><G80/><T11/><D82/><U45/><E45/><V28/><F70/><W133/><G133/><T84/><D84/><U123/><E123/><V127/><F127/><W57/><G81/><T101/><D78/><U96/><E96/><V95/><F28/><W89/><G77/><T119/><D79/><RYUUKYOKU ba="0,1" sc="217,-10,197,30,363,-10,213,-10" hai1="14,16,21,23,24,30,49,53,58,99,104,128,130" /><INIT seed="3,1,1,1,1,115" ten="207,227,353,203" oya="3" hai0="40,127,128,5,93,83,95,44,22,26,58,131,61" hai1="111,122,74,23,107,103,66,78,52,81,3,62,79" hai2="48,80,12,130,59,6,11,27,96,123,124,1,118" hai3="16,75,30,67,105,102,37,13,31,134,28,82,90"/><W117/><G37/><T72/><D127/><U21/><E122/><V104/><F104/><W116/><G67/><N who="0" m="39351" /><D5/><U73/><E3/><V55/><F96/><W39/><G39/><N who="0" m="21535" /><D83/><U113/><E113/><V68/><F68/><W87/><G134/><T35/><D35/><U77/><E111/><V56/><F80/><W54/><G54/><T135/><D72/><U7/><E7/><V86/><F86/><W92/><G105/><T33/><D33/><U19/><E81/><V91/><F91/><W109/><G109/><T133/><D93/><U8/><E8/><V132/><F27/><W42/><G42/><T45/><D95/><U14/><E23/><V121/><F124/><W29/><N who="3" m="7680" /><DORA hai="43" /><W126/><G126/><T63/><D63/><U24/><E24/><V84/><F84/><W97/><REACH who="3" step="1"/><G75/><REACH who="3" ten="207,227,353,193" step="2"/><T0/><D135/><U10/><E74/><V47/><F132/><W65/><G65/><T4/><D133/><U70/><E73/><V119/><F121/><W41/><G41/><T108/><D108/><U18/><E107/><V100/><F123/><W125/><G125/><T71/><D131/><U34/><E52/><V2/><F130/><W25/><G25/><T51/><D26/><U69/><E66/><V94/><F56/><W129/><G129/><T20/><D128/><U36/><E36/><V50/><F59/><W99/><G99/><T57/><D57/><U110/><E110/><V32/><F55/><W46/><G46/><T101/><D45/><U89/><E34/><V64/><F47/><W49/><G49/><T98/><D51/><U53/><E53/><RYUUKYOKU ba="1,2" sc="207,-10,227,-10,353,-10,193,30" hai3="13,16,82,87,90,92,97,102,116,117" /><INIT seed="3,2,2,5,4,85" ten="197,217,343,223" oya="3" hai0="41,52,100,104,98,72,31,39,34,99,77,131,88" hai1="13,74,96,123,29,106,128,84,103,23,20,50,62" hai2="21,55,4,25,24,45,107,5,0,69,130,129,118" hai3="48,71,75,127,79,121,80,102,49,2,40,38,64"/><W30/><G121/><T133/><D133/><U6/><E74/><V14/><F69/><W95/><G30/><T61/><D131/><N who="2" m="50186" /><F107/><W7/><G127/><T67/><D34/><U35/><E123/><V105/><F105/><W53/><G53/><T46/><D31/><U97/><E128/><V108/><F118/><W91/><G102/><T15/><D72/><U9/><E97/><V17/><F108/><W8/><G64/><T51/><D77/><U124/><E124/><V126/><F126/><W134/><G134/><T73/><D73/><U42/><E84/><V1/><F45/><N who="3" m="23703" /><G71/><N who="0" m="42479" /><D15/><U54/><E42/><V33/><F55/><W27/><G27/><N who="2" m="10313" /><F33/><W119/><G119/><T92/><D99/><AGARI ba="2,2" hai="2,7,8,48,49,75,79,80,91,95,99" m="23703" machi="99" ten="30,2900,0" yaku="25,1,52,1" doraHai="85" who="3" fromWho="0" sc="197,-35,217,0,343,0,223,55" /><INIT seed="3,3,0,4,3,125" ten="162,217,343,278" oya="3" hai0="75,18,12,44,33,46,53,109,70,48,27,106,19" hai1="16,73,79,121,120,102,132,61,119,28,17,41,7" hai2="47,42,68,88,89,116,126,114,82,111,95,131,30" hai3="57,77,4,98,92,118,21,49,65,103,43,64,115"/><W74/><G118/><T93/><D109/><U133/><E41/><V20/><F68/><W29/><G115/><T9/><D106/><U105/><E61/><V108/><F126/><W51/><G4/><T87/><D70/><U8/><E79/><V113/><F116/><W22/><G77/><T62/><D75/><U23/><E73/><V96/><F20/><W37/><G74/><T1/><D1/><N who="1" m="111" /><E102/><V80/><F30/><W67/><G37/><T112/><D112/><U72/><E72/><V15/><F15/><W69/><G69/><T91/><D62/><U2/><E105/><V5/><F5/><W40/><G43/><T76/><D76/><U101/><E101/><V58/><F58/><W104/><G104/><T124/><D124/><U99/><E99/><V66/><F66/><W97/><G97/><T3/><D3/><U50/><E50/><V52/><F47/><N who="3" m="25831" /><G29/><T135/><D135/><N who="1" m="51787" /><E2/><V24/><F52/><AGARI ba="3,0" hai="21,22,51,52,57,64,65,67,92,98,103" m="25831" machi="52" ten="30,2900,0" yaku="8,1,54,1" doraHai="125" who="3" fromWho="2" sc="162,0,217,0,343,-38,278,38" /><INIT seed="3,4,0,2,1,104" ten="162,217,305,316" oya="3" hai0="30,67,93,128,95,33,53,115,35,71,19,131,105" hai1="80,5,90,40,10,18,126,96,78,83,123,9,15" hai2="16,49,88,47,62,58,89,125,107,41,77,7,26" hai3="57,92,74,108,48,34,27,46,100,25,37,97,11"/><W63/><G37/><T127/><D105/><U54/><E123/><V12/><F107/><W29/><G108/><T44/><D127/><U4/><E126/><V133/><F125/><W98/><G11/><T82/><D115/><U22/><E40/><V106/><F106/><W130/><G130/><N who="0" m="49707" /><D19/><U55/><E10/><V0/><F0/><W39/><G39/><T45/><D82/><N who="1" m="31275" /><E78/><V116/><F116/><W2/><G2/><T102/><D53/><N who="1" m="19979" /><E9/><V84/><F133/><W17/><G97/><N who="0" m="59695" /><D95/><AGARI ba="4,0" hai="4,5,15,18,22,90,95,96" m="19979,31275" machi="95" ten="30,1000,0" yaku="8,1" doraHai="104" who="1" fromWho="0" sc="162,-22,217,22,305,0,316,0" /><INIT seed="4,0,0,2,0,42" ten="140,239,305,316" oya="0" hai0="21,58,115,110,38,74,69,28,44,91,94,76,52" hai1="39,50,32,72,30,29,49,80,114,56,25,5,100" hai2="134,34,124,133,36,62,131,107,46,84,127,65,105" hai3="60,97,90,95,55,121,126,43,92,57,23,81,83"/><T75/><D69/><U104/><E39/><V85/><F34/><W16/><G121/><T22/><D115/><U14/><E30/><V59/><F85/><W9/><G9/><T120/><D120/><U24/><E24/><V41/><F84/><W54/><G126/><N who="2" m="48169" /><F107/><W96/><G43/><T48/><D110/><U63/><E104/><V31/><F31/><W125/><G54/><T20/><D28/><U68/><E68/><V18/><F18/><W6/><G6/><T15/><D15/><U1/><E1/><V88/><F88/><N who="3" m="55303" /><G125/><T116/><D116/><U61/><E100/><V129/><F105/><W78/><G78/><T128/><D128/><AGARI ba="0,0" hai="36,41,46,59,62,65,128,129,131,133,134" m="48169" machi="128" ten="30,12000,2" yaku="30,2,19,1,18,1,34,2,52,1" doraHai="42" who="2" fromWho="0" sc="140,-120,239,0,305,120,316,0" /><INIT seed="5,0,0,2,4,31" ten="20,239,425,316" oya="1" hai0="39,59,0,105,5,61,65,133,11,49,129,6,16" hai1="37,55,108,80,66,76,22,14,119,50,7,28,38" hai2="70,73,78,32,13,128,48,58,46,82,122,30,89" hai3="91,33,110,102,134,56,74,101,47,21,27,86,130"/><U98/><E119/><V88/><F70/><W24/><G110/><T26/><D39/><U123/><E123/><V97/><F122/><W51/><G74/><T83/><D133/><U103/><E108/><V40/><F32/><W17/><G134/><T42/><D129/><U36/><E66/><V52/><F30/><W3/><G3/><T43/><D105/><U125/><E125/><V100/><F13/><W10/><G10/><T54/><D6/><U121/><E121/><V99/><F99/><W120/><G130/><T107/><D107/><U112/><E112/><V23/><F23/><W68/><G68/><T72/><D72/><U114/><E114/><V29/><F29/><W106/><G106/><T1/><D1/><U90/><E90/><V104/><F128/><W53/><G120/><T64/><D64/><U126/><E126/><V116/><F116/><W109/><G109/><T2/><D83/><U135/><E135/><V124/><F124/><W9/><G33/><T12/><D26/><N who="1" m="16471" /><E14/><V92/><F104/><W79/><G79/><T41/><REACH who="0" step="1"/><D5/><REACH who="0" ten="10,239,425,316" step="2"/><U45/><E7/><V35/><F35/><W111/><G111/><T113/><D113/><U77/><E80/><V118/><F118/><W117/><G117/><T8/><D8/><U69/><E69/><AGARI ba="0,1" hai="0,2,11,12,16,41,42,43,49,54,59,61,65,69" machi="69" ten="40,5200,0" yaku="1,1,54,1,53,1" doraHai="31" doraHaiUra="60" who="0" fromWho="1" sc="10,62,239,-52,425,0,316,0" /><INIT seed="6,0,0,3,0,0" ten="72,187,425,316" oya="2" hai0="123,133,129,112,61,128,114,4,45,63,98,110,3" hai1="1,77,132,104,78,18,130,86,131,73,31,100,134" hai2="116,80,58,24,72,37,34,46,59,107,120,65,113" hai3="23,60,97,99,29,103,56,66,53,19,74,55,109"/><V21/><F107/><W106/><G109/><T102/><D110/><U71/><E1/><V48/><F34/><W39/><G39/><T52/><D123/><U32/><E18/><V12/><F37/><W124/><G124/><T28/><D28/><U7/><E31/><V44/><F72/><W50/><G74/><T87/><D87/><U43/><E43/><V67/><F46/><W57/><G29/><T17/><D17/><U122/><E32/><V25/><F120/><W118/><G118/><T101/><D133/><N who="1" m="51307" /><E71/><V82/><F21/><W95/><G99/><T126/><D126/><U36/><E36/><V84/><F12/><W105/><G66/><T35/><D35/><U22/><E22/><V6/><F48/><W14/><AGARI ba="0,0" hai="14,19,23,50,53,55,56,57,60,95,97,103,105,106" machi="14" ten="20,1500,0" yaku="0,1,7,1" doraHai="0" who="3" fromWho="3" sc="72,-4,187,-4,425,-7,316,15" /><INIT seed="7,0,0,3,1,60" ten="68,183,418,331" oya="3" hai0="46,129,117,109,115,48,55,49,88,118,11,66,29" hai1="94,79,3,5,12,87,8,54,81,119,100,9,104" hai2="73,53,0,64,130,13,112,125,25,31,7,111,102" hai3="122,28,124,1,123,23,128,105,2,50,70,17,38"/><W101/><G28/><T86/><D109/><U10/><E119/><V127/><F0/><W107/><G124/><T90/><D129/><U27/><E3/><V85/><F73/><W37/><G128/><T22/><D115/><U63/><E104/><V91/><F102/><W59/><G101/><T44/><D11/><U131/><E131/><V57/><F130/><W32/><G23/><T51/><D51/><U120/><E120/><V83/><F112/><W6/><G6/><T82/><D29/><U58/><E27/><V39/><F111/><W132/><G50/><T99/><D22/><U30/><E30/><V71/><F39/><W106/><G59/><T61/><D99/><AGARI ba="0,0" hai="5,8,9,10,12,54,58,63,79,81,87,94,99,100" machi="99" ten="40,1300,0" yaku="8,1" doraHai="60" who="1" fromWho="0" sc="68,-13,183,13,418,0,331,0" owari="55,-44.0,196,-20.0,418,51.0,331,13.0" /></mjloggm>