<mjloggm ver="2.3"><GO type="169"/><UN n0="%E3%81%B2%E3%81%AE%E3%81%A8%E3%82%8A%E3%81%AE%E3%81%B2%E3%81%A8%E3%82%8A" n1="%47%61%4B%75" n2="%EF%BC%88%E2%89%A7%E2%96%BD%E2%89%A6%EF%BC%89" n3="%E6%AF%94%E5%98%89%E7%A7%80%E4%BB%81" dan="16,16,18,16" rate="2017,2122,2219,2086" sx="M,M,M,M"/><TAIKYOKU oya="0"/><INIT seed="0,0,0,4,0,78" ten="250,250,250,250" oya="0" hai0="36,27,42,49,43,130,58,97,86,24,45,59,11" hai1="121,71,31,38,105,80,125,19,29,103,32,47,63" hai2="0,66,62,95,26,129,106,64,108,77,119,20,120" hai3="23,126,14,104,35,101,56,69,102,70,6,73,92"/><T13/><D130/><U110/><E110/><V30/><F0/><W41/><G35/><T2/><D2/><U68/><E19/><V96/><F106/><W85/><G73/><T34/><D97/><U72/><E31/><V114/><F120/><W21/><G104/><T113/><D113/><U83/><E121/><V111/><F119/><W84/><G41/><N who="0" m="24751" /><D36/><U46/><E29/><V28/><F129/><W76/><G56/><N who="0" m="21547" /><D34/><U135/><E32/><V51/><F114/><W127/><G76/><T75/><D75/><U115/><E72/><V10/><F51/><W33/><G33/><T91/><D42/><U131/><E105/><V60/><F30/><W48/><G48/><T4/><D43/><U18/><E115/><V55/><F55/><W109/><G109/><N who="2" m="42057" /><F10/><W16/><G6/><T128/><D128/><U50/><E131/><V9/><F9/><W116/><G116/><T132/><D132/><U118/><E118/><V81/><F62/><W94/><G14/><T39/><D39/><U67/><E38/><V37/><F60/><W8/><G8/><T74/><D74/><U100/><E63/><V57/><F37/><W61/><G61/><T117/><D117/><U107/><E50/><V99/><F57/><W134/><REACH who="3" step="1"/><G16/><REACH who="3" ten="250,250,250,240" step="2"/><T79/><D79/><U53/><E18/><V5/><F5/><W65/><G65/><T25/><D25/><U40/><E107/><V133/><F133/><AGARI ba="0,1" hai="21,23,69,70,84,85,92,94,101,102,126,127,133,134" machi="133" ten="25,3200,0" yaku="1,1,22,2,53,0" doraHai="78" doraHaiUra="54" who="3" fromWho="2" sc="250,0,250,0,250,-32,240,42" /><INIT seed="1,0,0,2,5,70" ten="250,250,218,282" oya="1" hai0="118,49,18,56,132,130,133,59,9,116,39,109,97" hai1="46,126,123,30,51,80,67,63,47,42,12,0,98" hai2="95,72,110,101,32,29,11,28,117,5,89,64,87" hai3="36,94,91,81,14,8,92,106,85,43,82,83,122"/><U21/><E123/><V24/><F117/><N who="0" m="45162" /><D109/><U131/><E0/><V22/><F110/><W61/><G106/><T55/><D130/><U17/><E131/><V115/><F115/><W2/><G122/><T100/><D18/><U54/><E126/><V66/><F72/><W35/><G35/><T58/><D9/><U37/><E30/><V1/><F29/><W84/><G2/><T69/><D69/><U104/><E80/><V127/><F127/><W114/><G114/><T62/><D62/><U86/><E86/><V113/><F113/><W6/><G61/><T3/><D3/><U65/><REACH who="1" step="1"/><E63/><REACH who="1" ten="250,240,218,282" step="2"/><V26/><F28/><W135/><G85/><T76/><D133/><U27/><E27/><V119/><F26/><W75/><G135/><T74/><D132/><U99/><E99/><V57/><F24/><W105/><G75/><T7/><D97/><U31/><E31/><V52/><F1/><W50/><G83/><T48/><D74/><U19/><E19/><V111/><F87/><W88/><G82/><T120/><D120/><U108/><E108/><V20/><F111/><W93/><G81/><T78/><D78/><U4/><E4/><V107/><F5/><W129/><G84/><T44/><D76/><U112/><E112/><V23/><F32/><W71/><G129/><T33/><D7/><U134/><E134/><V90/><F119/><W68/><G6/><T121/><D33/><U40/><E40/><V15/><F15/><W60/><G60/><T53/><D121/><U34/><E34/><V73/><F73/><W124/><G124/><T77/><D77/><RYUUKYOKU ba="0,1" sc="250,-10,240,30,218,-10,282,-10" hai1="12,17,21,37,42,46,47,51,54,65,67,98,104" /><INIT seed="1,1,1,2,0,69" ten="240,270,208,272" oya="1" hai0="58,55,9,77,5,30,24,41,131,71,56,76,10" hai1="48,8,53,89,33,12,105,109,133,51,86,106,112" hai2="93,11,100,135,0,114,42,118,31,17,18,52,32" hai3="132,62,45,39,49,107,116,59,122,25,78,104,111"/><U92/><E112/><V65/><F42/><W72/><G111/><T103/><D71/><U83/><E33/><V90/><F118/><W57/><G122/><T54/><D131/><U130/><E109/><V1/><F114/><W96/><G116/><T38/><D103/><U20/><E130/><V40/><F135/><W46/><G132/><T84/><D76/><U95/><E133/><V113/><F113/><W13/><G59/><T121/><D121/><U34/><E34/><V61/><F100/><W85/><G72/><T2/><D10/><U94/><E20/><V115/><F115/><W128/><G25/><T47/><D77/><U88/><E89/><V26/><F40/><W6/><G96/><T28/><D84/><U3/><E3/><V22/><F11/><W102/><G102/><T82/><D82/><U16/><REACH who="1" step="1"/><E48/><REACH who="1" ten="240,260,208,272" step="2"/><V73/><F32/><W98/><G128/><T80/><D2/><U67/><E67/><V120/><F65/><W101/><G49/><T4/><D9/><U66/><E66/><V134/><F120/><W7/><G107/><T14/><D55/><U15/><E15/><V68/><F134/><W125/><G13/><T43/><D14/><U74/><E74/><V91/><F73/><W79/><G104/><T44/><D54/><U127/><E127/><V97/><F90/><W64/><G125/><T110/><D110/><U35/><E35/><V126/><F126/><W70/><G64/><T129/><D129/><U23/><E23/><V63/><F52/><W119/><G119/><T37/><D24/><U75/><E75/><V123/><F123/><RYUUKYOKU ba="1,2" sc="240,15,260,15,208,-15,272,-15" hai0="4,5,28,30,37,38,41,43,44,47,56,58,80" hai1="8,12,16,51,53,83,86,88,92,94,95,105,106" /><INIT seed="1,2,2,4,1,25" ten="255,275,193,257" oya="1" hai0="118,47,88,1,80,33,94,66,128,28,34,42,51" hai1="12,68,13,116,56,95,69,46,120,21,5,102,96" hai2="3,20,75,27,63,100,126,11,81,55,82,70,64" hai3="93,58,19,104,62,8,57,90,131,105,40,130,41"/><U59/><E116/><V9/><F126/><W76/><G76/><T89/><D118/><U6/><E120/><V122/><F122/><W113/><G113/><T106/><D106/><U114/><E114/><V103/><F75/><W99/><G105/><T129/><D1/><U84/><E68/><V45/><F3/><W31/><G130/><N who="0" m="50283" /><D66/><U0/><E69/><V107/><F107/><W36/><G104/><T132/><D132/><U22/><E0/><V29/><F82/><W101/><G131/><T18/><D18/><U61/><E46/><V50/><REACH who="2" step="1"/><F81/><REACH who="2" ten="255,275,183,257" step="2"/><W38/><G38/><T115/><D115/><U2/><E2/><V109/><F109/><W17/><G36/><T83/><D83/><U134/><E134/><V37/><F37/><W15/><G93/><T30/><D80/><U135/><E135/><V98/><F98/><W49/><G99/><N who="0" m="57799" /><D89/><U77/><E77/><V43/><F43/><W85/><G90/><T44/><D44/><U78/><E78/><V87/><F87/><W39/><G85/><T24/><D24/><U124/><E84/><V26/><F26/><W108/><G108/><T48/><D48/><U10/><E124/><V4/><F4/><W74/><G49/><T23/><D23/><N who="1" m="8715" /><E61/><V117/><F117/><W86/><G62/><T32/><AGARI ba="2,3" hai="28,30,32,33,34,42,47,51" m="57799,50283" machi="32" ten="40,8000,1" yaku="19,1,52,2,54,1" doraHai="25" who="0" fromWho="0" sc="255,116,275,-42,183,-22,257,-22" /><INIT seed="2,0,0,2,0,83" ten="371,233,161,235" oya="2" hai0="16,86,40,117,48,36,44,54,77,58,29,30,60" hai1="102,131,105,2,55,49,25,13,81,7,41,0,45" hai2="121,38,17,120,71,123,14,95,76,109,93,24,113" hai3="18,87,119,101,52,39,53,108,9,72,57,97,51"/><V22/><F113/><W128/><G108/><T32/><D32/><U75/><E131/><V5/><F109/><W42/><G72/><T31/><D117/><U94/><E105/><V11/><F38/><W37/><G119/><T79/><D16/><U85/><E75/><V8/><F71/><W107/><G42/><T34/><D34/><U67/><E67/><V35/><F35/><W84/><G128/><T135/><D135/><U19/><E25/><V59/><F76/><N who="0" m="29258" /><D36/><U74/><E74/><V100/><F100/><W91/><G39/><T1/><D1/><U90/><E7/><V61/><REACH who="2" step="1"/><F11/><REACH who="2" ten="371,233,151,235" step="2"/><W62/><G37/><T4/><D30/><U80/><E102/><V78/><F78/><W111/><G111/><T112/><D112/><U125/><E125/><V70/><F70/><W110/><G110/><T124/><D124/><U26/><E90/><V98/><F98/><W21/><G91/><T64/><D31/><U134/><E134/><V3/><F3/><W68/><G9/><T27/><D29/><U20/><E2/><V133/><F133/><W50/><G68/><T23/><D23/><U127/><E0/><V104/><F104/><W89/><G89/><T130/><D130/><U47/><E127/><V118/><F118/><W132/><G132/><T92/><D92/><U63/><E94/><V88/><F88/><W43/><G97/><T15/><D27/><U6/><E26/><V73/><F73/><W106/><G101/><T10/><D10/><U96/><E20/><V103/><F103/><W114/><G107/><T69/><D69/><U116/><E116/><RYUUKYOKU ba="0,1" sc="371,-10,233,-10,151,30,235,-10" hai2="5,8,14,17,22,24,59,61,93,95,120,121,123" /><INIT seed="2,1,1,5,3,99" ten="361,223,181,225" oya="2" hai0="111,33,5,12,15,62,84,114,63,8,57,48,30" hai1="96,126,108,91,45,132,117,81,61,127,118,86,106" hai2="98,47,20,79,121,133,54,74,7,113,78,80,35" hai3="103,53,36,65,34,97,75,29,87,64,77,39,23"/><V119/><F121/><W9/><G34/><T109/><D114/><U124/><E108/><N who="0" m="41545" /><D15/><U49/><E132/><V52/><F35/><W69/><G75/><T26/><D84/><U66/><E96/><V13/><F113/><W43/><G9/><T130/><D130/><U67/><E106/><V83/><F119/><N who="1" m="45577" /><E61/><V14/><F133/><W131/><G131/><T37/><D37/><U90/><E91/><V24/><F98/><W102/><G39/><T18/><D5/><U88/><E90/><V56/><F47/><W122/><G122/><T94/><D94/><U16/><E16/><V58/><F7/><W85/><G97/><T105/><D105/><U55/><AGARI ba="1,1" hai="45,49,55,66,67,81,86,88,124,126,127" m="45577" machi="55" ten="40,2700,0" yaku="18,1,54,1" doraHai="99" who="1" fromWho="1" sc="361,-8,223,40,181,-14,225,-8" /><INIT seed="3,0,0,3,4,7" ten="353,263,167,217" oya="3" hai0="51,20,88,115,99,33,19,104,34,25,46,67,127" hai1="86,120,56,105,135,52,58,80,122,66,10,130,16" hai2="28,23,92,90,119,117,91,111,49,30,83,21,60" hai3="128,61,126,108,95,133,42,11,116,22,71,110,36"/><W94/><G116/><T73/><D73/><U132/><E105/><V123/><F123/><W6/><G133/><N who="1" m="51274" /><E130/><V0/><F0/><W59/><G71/><T65/><D127/><U82/><E66/><V113/><F60/><W85/><G126/><T27/><D115/><U109/><E109/><N who="3" m="42090" /><G128/><T12/><D34/><U44/><E44/><V96/><F111/><W40/><G22/><T84/><D33/><U31/><E31/><N who="2" m="11819" /><F113/><W106/><G106/><T17/><D27/><U55/><E58/><V15/><F119/><W129/><G129/><T3/><D3/><U101/><E101/><V13/><F117/><W74/><G74/><T38/><D38/><U8/><E82/><V24/><F49/><W53/><G36/><T57/><D104/><U76/><E16/><N who="2" m="12391" /><F21/><W68/><G68/><T97/><D67/><U118/><E118/><V124/><F124/><W72/><G72/><T107/><D107/><U54/><E56/><V125/><F125/><W98/><G85/><AGARI ba="0,0" hai="13,15,83,85,90,91,92,96" m="12391,11819" machi="85" ten="30,2000,0" yaku="8,1,54,1" doraHai="7" who="2" fromWho="3" sc="353,0,263,0,167,20,217,-20" /><INIT seed="4,0,0,2,2,77" ten="353,263,187,197" oya="0" hai0="4,6,58,89,64,103,88,94,96,27,69,98,44" hai1="68,82,102,49,101,0,132,40,87,48,120,41,8" hai2="54,25,16,30,26,11,91,108,65,124,38,1,80" hai3="28,93,55,110,133,100,50,114,60,47,117,75,95"/><T46/><D69/><U74/><E74/><V128/><F38/><W15/><G110/><T81/><D27/><U106/><E68/><V63/><F108/><W97/><G75/><T115/><D115/><U76/><E106/><V111/><F111/><W21/><G114/><T10/><D4/><U84/><E120/><V34/><F128/><W123/><G117/><T29/><D29/><U109/><E109/><V37/><F37/><W112/><G112/><T135/><D135/><U32/><E32/><V2/><F124/><W129/><G129/><T20/><D20/><U116/><E116/><V66/><F2/><W18/><G123/><T121/><D121/><U51/><E132/><V107/><F107/><W67/><G133/><T57/><D64/><N who="2" m="24682" /><F1/><W24/><G93/><N who="0" m="58831" /><D10/><U90/><E0/><V7/><F7/><W14/><REACH who="3" step="1"/><G18/><REACH who="3" ten="353,263,187,187" step="2"/><T78/><D6/><U134/><E134/><V127/><F127/><W130/><G130/><T73/><D94/><U99/><E8/><V12/><F34/><W85/><G85/><T71/><D73/><U62/><E99/><V79/><F11/><W86/><G86/><T17/><D17/><U45/><E87/><V125/><F125/><W5/><G5/><T104/><D96/><U53/><E84/><V105/><F105/><W92/><G92/><T42/><D104/><U36/><E101/><V52/><F16/><W122/><G122/><T35/><D81/><U39/><E102/><V113/><F80/><W9/><G9/><T61/><D89/><U3/><E90/><V131/><F91/><W19/><G19/><T70/><D88/><RYUUKYOKU ba="0,1" sc="353,-10,263,-10,187,-10,187,30" hai3="14,15,21,24,28,47,50,55,60,67,95,97,100" /><INIT seed="5,1,1,2,1,75" ten="343,253,177,217" oya="1" hai0="28,31,35,133,87,15,113,33,112,65,129,25,2" hai1="16,103,58,11,93,30,97,32,29,122,51,128,5" hai2="124,59,135,26,126,85,23,4,49,123,117,70,95" hai3="7,39,76,116,27,120,90,12,34,60,74,134,44"/><U77/><E122/><V37/><F37/><W96/><G120/><T21/><D65/><U9/><E128/><V67/><F117/><W106/><G116/><T66/><D66/><U22/><E32/><N who="0" m="12361" /><D129/><U48/><E77/><V99/><F123/><W100/><G60/><T94/><D133/><U84/><E84/><V109/><F109/><W24/><G134/><T45/><D45/><U79/><E79/><V54/><F135/><W115/><G34/><T17/><D2/><U72/><E72/><V78/><F4/><W131/><G131/><T69/><D69/><U20/><E20/><V61/><F85/><W108/><G108/><T14/><D94/><U40/><E40/><V0/><F78/><W64/><G64/><T80/><D80/><U101/><E101/><V1/><F126/><W105/><G105/><T88/><D88/><U127/><E127/><V68/><F68/><W91/><G91/><T73/><D87/><U8/><E5/><V114/><F124/><W89/><G89/><T125/><D73/><U81/><E81/><V102/><REACH who="2" step="1"/><F114/><REACH who="2" ten="343,253,167,217" step="2"/><W62/><G115/><T110/><D125/><U19/><E19/><AGARI ba="1,2" hai="0,1,19,23,26,49,54,59,61,67,70,95,99,102" machi="19" ten="30,3900,0" yaku="1,1,2,1,7,1,53,0" doraHai="75" doraHaiUra="104" who="2" fromWho="1" sc="343,0,253,-42,167,62,217,0" /><INIT seed="6,0,0,1,3,73" ten="343,211,229,217" oya="2" hai0="112,92,25,38,55,114,101,61,59,30,116,125,15" hai1="121,52,115,75,26,14,83,23,35,53,65,113,126" hai2="22,76,86,51,64,2,33,96,37,128,41,11,110" hai3="117,87,134,60,97,103,107,18,104,89,27,47,111"/><V8/><F33/><W67/><G111/><T133/><D38/><U82/><E65/><V57/><F37/><W21/><G117/><T40/><D40/><U130/><E130/><V72/><F72/><W90/><G134/><T98/><D133/><U49/><E126/><V102/><F2/><W71/><G107/><T5/><D125/><U6/><E121/><V122/><F122/><W80/><REACH who="3" step="1"/><G47/><REACH who="3" ten="343,211,229,207" step="2"/><T45/><D116/><U43/><E115/><V108/><F110/><W135/><G135/><T56/><D45/><U3/><E113/><V9/><F108/><W7/><G7/><T106/><D106/><U68/><E6/><V88/><F128/><W129/><G129/><T74/><D114/><U46/><E46/><V127/><F127/><W100/><G100/><T39/><D5/><U42/><E43/><V99/><F102/><W120/><G120/><T94/><D101/><U24/><E42/><V78/><F41/><W118/><G118/><T29/><D112/><U10/><E3/><V70/><F70/><W28/><G28/><T66/><D30/><U85/><E68/><V105/><F105/><W12/><G12/><T32/><D15/><U4/><E24/><V50/><F57/><W84/><G84/><T31/><D31/><N who="1" m="17887" /><E85/><V63/><F86/><W123/><G123/><T79/><D25/><U69/><E69/><V58/><F58/><W0/><G0/><T48/><D59/><N who="1" m="33167" /><E75/><V91/><F64/><W16/><G16/><T44/><D66/><U132/><E132/><V62/><F62/><W93/><G93/><N who="0" m="35947" /><D61/><U124/><E124/><V54/><F63/><RYUUKYOKU ba="0,1" sc="343,-10,211,-10,229,-10,207,30" hai3="18,21,27,60,67,71,80,87,89,90,97,103,104" /><INIT seed="7,1,1,4,5,30" ten="333,201,219,237" oya="3" hai0="94,19,50,66,35,126,55,74,4,53,24,117,97" hai1="31,86,60,129,99,95,98,118,88,79,121,15,135" hai2="67,125,84,93,18,28,96,87,46,44,0,42,111" hai3="71,14,92,40,124,36,43,59,32,64,3,62,6"/><W80/><G3/><T110/><D110/><U77/><E121/><V1/><F111/><W116/><G116/><T26/><D117/><U58/><E118/><V133/><F133/><W22/><G32/><T33/><D74/><U47/><E135/><V45/><F125/><W63/><G124/><T115/><D126/><U104/><E129/><V25/><F42/><W69/><G69/><T38/><D38/><U9/><E31/><V78/><F18/><W101/><G36/><T114/><D66/><N who="1" m="39191" /><E47/><V83/><F67/><W102/><G80/><T120/><D120/><U12/><E104/><V108/><F84/><W39/><G39/><T91/><D4/><N who="1" m="3111" /><E15/><V73/><F73/><W23/><G71/><T105/><D105/><U21/><E21/><N who="3" m="7690" /><G63/><T107/><D107/><U75/><E75/><V106/><F106/><W89/><G14/><T16/><D50/><U7/><E7/><V8/><F108/><W90/><G6/><T5/><D5/><U37/><E37/><V17/><F8/><W113/><G113/><N who="0" m="43019" /><D35/><U65/><E65/><V132/><F132/><W51/><G51/><T61/><D61/><U72/><E72/><V76/><F17/><N who="0" m="6730" /><D33/><U68/><E68/><V34/><F0/><W41/><G92/><T109/><D109/><U127/><E127/><V131/><F1/><W128/><G128/><T10/><D10/><U11/><E11/><V103/><REACH who="2" step="1"/><F131/><REACH who="2" ten="333,201,209,237" step="2"/><W122/><G122/><T20/><D26/><U119/><E119/><V81/><F81/><W57/><G64/><T48/><D48/><U52/><E52/><V70/><F70/><W49/><G49/><RYUUKYOKU ba="1,2" sc="333,10,201,10,209,10,237,-30" hai0="20,24,53,55,91,94,97" hai1="77,79,86,88,95,98,99" hai2="25,28,34,44,45,46,76,78,83,87,93,96,103" owari="363,46.0,211,-19.0,219,2.0,207,-29.0" /></mjloggm>