<mjloggm ver="2.3"><GO type="169" lobby="0"/><UN n0="%E3%83%8E%E3%83%B3%E3%83%A9%E3%82%B9%E6%89%93%E6%B3%95" n1="%E2%98%85%E3%83%86%E3%82%AF%E3%83%8E%E3%83%8F%E3%82%A6%E3%82%B9%E2%98%85" n2="%EF%BC%88%E2%89%A7%E2%96%BD%E2%89%A6%EF%BC%89" n3="%E4%B8%83%E3%83%84%E7%9B%AE%E7%8E%89" dan="16,16,18,18" rate="2048.46,2109.76,2243.44,2157.64" sx="M,M,M,M"/><TAIKYOKU oya="0"/><INIT seed="0,0,0,4,2,81" ten="250,250,250,250" oya="0" hai0="74,85,103,126,17,112,55,20,62,0,13,51,109" hai1="92,94,41,114,44,132,15,38,30,31,72,59,9" hai2="8,46,90,107,67,135,43,87,73,93,3,133,10" hai3="45,53,82,113,100,128,19,120,101,88,6,99,130"/><T105/><D112/><U29/><E132/><N who="2" m="50763" /><F3/><W56/><G113/><T64/><D74/><U7/><E114/><V49/><F107/><W61/><G120/><T11/><D126/><U39/><E38/><V21/><F73/><W66/><G6/><T116/><D116/><U32/><E32/><V48/><F67/><W122/><G122/><T118/><D118/><U124/><E124/><V108/><F108/><W91/><G19/><T131/><D131/><N who="3" m="50217" /><G82/><T35/><D35/><U115/><E115/><V14/><F48/><N who="3" m="28815" /><G101/><T70/><D109/><U102/><E102/><V16/><AGARI ba="0,0" hai="8,10,14,16,21,43,46,49,87,90,93" m="50763" machi="16" ten="30,4000,0" yaku="20,1,52,1,54,1" doraHai="81" who="2" fromWho="2" sc="250,-20,250,-10,250,40,250,-10" /><INIT seed="1,0,0,0,0,124" ten="230,240,290,240" oya="1" hai0="79,74,51,135,130,64,80,34,75,17,11,107,94" hai1="20,61,81,55,9,98,15,21,129,112,72,12,35" hai2="92,58,57,123,16,105,5,6,122,54,18,133,50" hai3="88,71,33,84,19,131,49,108,132,91,76,115,113"/><U95/><E112/><V78/><F105/><W68/><G33/><T82/><D107/><U67/><E35/><V111/><F133/><W42/><G132/><T8/><D34/><U3/><E3/><V125/><F125/><W126/><G126/><T29/><D135/><U27/><E55/><V56/><F111/><W2/><G2/><T128/><D29/><U10/><E72/><N who="0" m="27689" /><D64/><U47/><E81/><N who="0" m="31337" /><D94/><U87/><E87/><V59/><F78/><W85/><G76/><T52/><D79/><U37/><E47/><V102/><F123/><W25/><G108/><T114/><D17/><N who="2" m="6762" /><F122/><W38/><G19/><T100/><D100/><U44/><E37/><V96/><AGARI ba="0,0" hai="5,6,50,54,56,57,58,59,92,96,102" m="6762" machi="96" ten="30,2000,0" yaku="8,1,54,1" doraHai="124" who="2" fromWho="2" sc="230,-5,240,-10,290,20,240,-5" /><INIT seed="2,0,0,5,0,28" ten="225,230,310,235" oya="2" hai0="19,69,12,112,73,2,70,58,68,90,43,96,103" hai1="125,47,93,17,52,18,99,15,134,121,119,20,85" hai2="14,101,61,127,133,63,64,30,109,113,36,35,122" hai3="111,100,126,6,10,80,62,42,105,118,128,83,3"/><V46/><F122/><W26/><G118/><T8/><D112/><U72/><E72/><V53/><F113/><W1/><G1/><T24/><D73/><U60/><E119/><V86/><F127/><W129/><G126/><T65/><D43/><U77/><E125/><V49/><F133/><W76/><G111/><T11/><D90/><U22/><E134/><V115/><F115/><W21/><G62/><T87/><D87/><U106/><E106/><V124/><F124/><W45/><G100/><T94/><D24/><U57/><E121/><V51/><F36/><N who="3" m="21703" /><G105/><T123/><D123/><U13/><E47/><V97/><F109/><W32/><G21/><T107/><D107/><U50/><E50/><V27/><F64/><W95/><G95/><T33/><D33/><U120/><E120/><V130/><F51/><W88/><G88/><T16/><D58/><U31/><E31/><V39/><F39/><W5/><G5/><T54/><D54/><U71/><E71/><V34/><F34/><W81/><G26/><T82/><D82/><N who="3" m="31849" /><G32/><T4/><REACH who="0" step="1"/><D19/><REACH who="0" ten="215,230,310,235" step="2"/><U135/><E135/><V114/><F53/><W41/><G41/><T40/><D40/><U104/><E104/><V102/><F86/><W67/><G67/><AGARI ba="0,1" hai="2,4,8,11,12,16,65,67,68,69,70,94,96,103" machi="67" ten="40,2600,0" yaku="1,1,54,1,53,0" doraHai="28" doraHaiUra="38" who="0" fromWho="3" sc="215,36,230,0,310,0,235,-26" /><INIT seed="3,0,0,2,2,24" ten="251,230,310,209" oya="3" hai0="43,120,0,11,82,30,69,66,92,22,4,35,68" hai1="90,12,99,31,78,50,117,103,6,2,108,60,37" hai2="18,33,81,42,51,17,119,95,73,129,125,115,96" hai3="44,100,9,76,25,118,21,121,5,134,53,105,14"/><W91/><G118/><T89/><D120/><U85/><E37/><V123/><F119/><W67/><G121/><T27/><D43/><U40/><E2/><V72/><F123/><W127/><G76/><T135/><D135/><U101/><E117/><V126/><F115/><W77/><G134/><T132/><D132/><U113/><E113/><V52/><F33/><W74/><G67/><T63/><D82/><U20/><E60/><V10/><F42/><W93/><G127/><N who="2" m="48649" /><F129/><W34/><G34/><T49/><D49/><U102/><E78/><N who="2" m="44231" /><F10/><W41/><G74/><T15/><D92/><U97/><E108/><V7/><F7/><W104/><G77/><T111/><D89/><U106/><E106/><V86/><F86/><W112/><G100/><T116/><D111/><U114/><E114/><V124/><F73/><W133/><G133/><T47/><D116/><U62/><E62/><V80/><F80/><W57/><G112/><T58/><D47/><N who="1" m="25959" /><E6/><V59/><N who="2" m="48657" /><V122/><DORA hai="64" /><F122/><W48/><G41/><T56/><D56/><U94/><E12/><V38/><F38/><W79/><G44/><T55/><D66/><U29/><E20/><V110/><F110/><W83/><G83/><T1/><D1/><U36/><E36/><V16/><F18/><AGARI ba="0,0" hai="0,4,11,15,18,22,27,30,35,55,58,63,68,69" machi="18" ten="40,8000,1" yaku="24,2,52,3" doraHai="24,64" who="0" fromWho="2" sc="251,80,230,0,310,-80,209,0" /><INIT seed="4,0,0,0,0,78" ten="331,230,230,209" oya="0" hai0="125,65,101,48,44,37,1,129,68,8,131,40,127" hai1="53,108,64,99,93,36,41,5,23,109,73,52,106" hai2="104,56,121,26,33,38,124,132,91,20,107,126,15" hai3="4,66,77,62,46,133,60,113,123,120,111,90,128"/><T94/><D101/><U25/><E106/><V96/><F121/><W79/><G111/><T114/><D94/><U59/><E5/><V45/><F33/><W49/><G4/><T17/><D17/><U54/><E73/><V10/><F132/><W55/><G133/><T119/><D8/><U67/><E41/><N who="2" m="22711" /><F56/><W0/><G0/><T50/><D1/><U58/><E36/><V21/><F91/><W87/><G128/><N who="0" m="49227" /><D119/><U70/><E70/><V83/><F96/><W117/><G117/><T14/><D14/><U116/><E116/><V7/><F21/><W97/><G113/><T122/><D114/><U9/><E9/><V85/><F85/><W63/><G97/><T81/><D81/><U35/><E35/><V134/><F83/><N who="3" m="49535" /><G120/><T24/><D24/><U74/><E74/><V13/><F13/><W22/><G123/><T102/><D102/><U31/><E108/><V86/><F86/><W16/><G66/><N who="1" m="25130" /><E109/><V72/><F72/><W118/><G118/><T115/><D115/><U57/><E59/><V61/><F134/><W47/><G46/><T98/><D122/><U3/><E3/><V110/><F110/><W112/><G112/><T6/><D6/><U103/><AGARI ba="0,0" hai="23,25,31,52,53,54,57,58,93,99,103" m="25130" machi="103" ten="30,2000,0" yaku="8,1,54,1" doraHai="78" who="1" fromWho="1" sc="331,-10,230,20,230,-5,209,-5" /><INIT seed="5,0,0,2,5,112" ten="321,250,225,204" oya="1" hai0="62,127,102,6,98,122,75,7,77,3,69,11,40" hai1="72,17,131,133,117,79,116,18,25,104,22,35,66" hai2="95,64,65,83,96,28,67,0,32,43,47,61,4" hai3="130,113,114,115,33,44,94,70,20,34,42,21,119"/><U53/><E104/><V56/><F32/><N who="3" m="12395" /><G70/><T24/><D7/><U87/><E72/><V81/><F28/><W134/><G134/><T30/><D122/><U101/><E101/><V123/><F123/><W60/><G60/><T29/><D127/><U82/><E35/><V126/><F126/><W99/><G130/><T52/><D40/><U41/><E41/><V12/><F0/><W85/><G85/><T100/><D24/><U84/><E66/><V71/><F71/><W50/><G119/><T48/><D77/><U15/><E131/><V58/><F12/><W107/><G107/><T26/><D26/><U55/><E133/><V121/><F4/><W76/><G76/><T80/><D80/><U108/><E108/><V135/><F121/><W10/><G10/><T31/><D98/><U90/><E55/><V125/><F125/><W51/><G50/><T49/><D49/><U16/><E53/><V39/><F135/><W2/><G2/><T132/><D75/><U124/><E124/><V78/><F58/><W19/><G19/><T59/><REACH who="0" step="1"/><D132/><REACH who="0" ten="311,250,225,204" step="2"/><U129/><E129/><V110/><F110/><W54/><G42/><T74/><D74/><U93/><E18/><V38/><F38/><W13/><G13/><T86/><D86/><U45/><E45/><V68/><F68/><W27/><G27/><T118/><D118/><U89/><E79/><V111/><F111/><W57/><G44/><T14/><D14/><U9/><AGARI ba="0,1" hai="9,15,16,17,22,25,82,84,87,89,90,93,116,117" machi="9" ten="20,12000,1" yaku="0,1,7,1,52,2,54,1" doraHai="112" who="1" fromWho="1" sc="311,-40,250,130,225,-40,204,-40" /><INIT seed="5,1,0,1,3,24" ten="271,380,185,164" oya="1" hai0="30,23,19,77,50,7,127,51,66,21,116,61,133" hai1="13,78,126,6,73,42,76,44,35,54,10,0,79" hai2="16,131,123,4,28,64,97,65,104,132,100,52,33" hai3="17,18,98,106,1,88,105,82,34,117,14,121,12"/><U96/><E126/><V41/><F123/><W22/><G121/><T92/><D116/><U39/><E35/><V128/><F41/><W107/><G1/><T5/><D127/><U2/><E73/><V49/><F4/><W80/><G34/><T130/><D133/><U81/><E81/><V95/><F132/><W71/><G71/><T87/><D130/><N who="2" m="49706" /><F104/><W59/><G117/><T48/><D23/><U89/><E54/><V68/><F68/><W57/><G82/><T113/><D113/><U70/><E70/><V112/><F112/><W84/><REACH who="3" step="1"/><G98/><REACH who="3" ten="271,380,185,154" step="2"/><T134/><D134/><U93/><AGARI ba="1,1" hai="0,2,6,10,13,39,42,44,76,78,79,89,93,96" machi="93" ten="30,1500,0" yaku="0,1" doraHai="24" who="1" fromWho="1" sc="271,-6,380,28,185,-6,154,-6" /><INIT seed="5,2,0,3,0,34" ten="265,408,179,148" oya="1" hai0="117,12,130,14,133,124,5,62,112,47,102,29,61" hai1="55,95,58,66,16,31,6,7,101,120,45,56,10" hai2="107,88,4,17,86,11,85,97,60,65,23,44,127" hai3="73,114,98,35,96,123,68,40,51,0,93,1,8"/><U134/><E120/><V91/><F127/><W131/><G123/><T92/><D124/><U81/><E134/><V74/><F74/><W121/><G121/><T87/><D117/><U116/><E116/><V18/><F44/><W80/><G68/><T89/><D133/><U59/><E31/><V76/><F107/><W118/><G35/><T108/><D108/><U69/><E69/><V103/><F103/><W32/><G32/><T48/><D130/><U19/><E66/><V84/><F76/><W82/><G118/><T90/><D112/><U22/><E81/><V52/><F65/><W54/><G40/><T104/><D29/><U70/><E70/><V37/><F37/><W28/><G28/><T78/><D78/><U57/><E45/><V64/><F64/><W9/><G114/><T109/><D109/><U125/><E125/><V122/><F122/><W111/><G111/><T2/><D102/><U106/><E106/><V43/><F43/><W20/><G20/><T71/><D104/><U33/><E33/><V83/><F97/><W27/><G73/><T42/><D71/><U39/><E39/><V63/><F84/><W15/><G98/><N who="0" m="57615" /><D62/><N who="2" m="23594" /><F23/><W41/><G96/><T26/><D61/><N who="1" m="35999" /><E22/><V135/><F135/><W3/><G131/><T36/><D36/><U53/><E10/><V105/><F105/><W25/><G9/><N who="0" m="2231" /><D26/><U77/><E77/><V67/><F67/><W100/><G8/><T129/><D129/><U115/><E115/><V13/><F52/><W128/><G54/><T99/><D99/><N who="1" m="59647" /><E53/><V24/><F24/><W113/><G27/><T49/><D49/><RYUUKYOKU ba="2,0" sc="265,10,408,10,179,10,148,-30" hai0="12,14,42,47,48,87,90" hai1="6,7,16,19,57,58,59" hai2="4,11,13,17,18,83,85,86,88,91" /><INIT seed="5,3,0,1,1,12" ten="275,418,189,118" oya="1" hai0="88,58,19,34,70,13,130,45,92,124,75,52,23" hai1="51,112,77,60,3,56,43,61,63,15,86,10,84" hai2="65,35,11,91,97,32,59,64,38,109,95,125,102" hai3="36,55,2,96,62,121,134,1,98,9,71,69,21"/><U22/><E3/><V37/><F109/><W14/><G36/><T53/><D75/><U76/><E22/><V118/><F118/><W128/><G121/><T66/><D34/><U90/><E112/><V17/><F125/><W99/><G128/><T82/><D130/><U8/><E8/><V81/><F38/><W26/><G134/><T49/><D124/><U46/><E56/><V94/><F37/><W83/><G83/><T127/><D127/><U39/><E39/><V16/><F35/><W119/><G119/><T116/><D116/><U80/><REACH who="1" step="1"/><E86/><REACH who="1" ten="275,408,189,118" step="2"/><N who="2" m="50639" /><F32/><W117/><G117/><T115/><D115/><U25/><E25/><V89/><F11/><W122/><G122/><T20/><D70/><U79/><E79/><V5/><F59/><W24/><G24/><T111/><D111/><U30/><E30/><V110/><F110/><W129/><G129/><T87/><D66/><N who="2" m="25706" /><F5/><AGARI ba="3,1" hai="5,10,15,43,46,51,60,61,63,76,77,80,84,90" machi="5" ten="40,3900,0" yaku="1,1,8,1,53,0" doraHai="12" doraHaiUra="93" who="1" fromWho="2" sc="275,0,408,58,189,-48,118,0" /><INIT seed="5,4,0,2,2,134" ten="275,466,141,118" oya="1" hai0="87,73,62,88,116,129,109,66,16,15,101,10,69" hai1="107,118,90,47,65,33,76,34,86,91,14,4,74" hai2="125,110,52,81,79,77,32,55,82,1,23,44,127" hai3="35,3,97,126,122,30,131,36,43,119,50,51,25"/><U2/><E118/><V98/><F32/><W29/><G122/><T48/><D116/><U42/><E107/><V60/><F1/><W92/><G3/><T21/><D109/><U95/><E65/><V80/><F110/><W105/><G119/><T123/><D123/><U13/><E14/><V8/><F8/><W112/><G105/><T56/><D73/><U121/><E121/><V120/><F120/><W83/><G30/><T26/><D129/><U27/><E27/><V113/><F113/><W59/><G112/><T22/><D101/><U31/><E31/><V24/><F98/><W49/><G131/><T19/><D69/><U133/><E13/><V93/><F93/><W64/><G83/><T71/><D71/><U99/><E133/><V20/><F60/><W9/><G9/><T135/><D135/><U132/><E74/><V58/><F44/><W63/><G36/><T114/><D114/><U103/><E103/><V53/><F58/><W72/><G72/><T45/><D22/><N who="2" m="8234" /><F24/><W37/><G37/><T85/><REACH who="0" step="1"/><D88/><REACH who="0" ten="265,466,141,118" step="2"/><U28/><E91/><V54/><N who="2" m="13312" /><DORA hai="84" /><V94/><F94/><W124/><REACH who="3" step="1"/><G43/><AGARI ba="4,1" hai="10,15,16,19,21,26,43,45,48,56,62,66,85,87" machi="43" ten="30,7700,0" yaku="1,1,7,1,8,1,54,1,53,0" doraHai="134,84" doraHaiUra="70,104" who="0" fromWho="3" sc="265,99,466,0,141,0,118,-89" /><INIT seed="6,0,0,1,0,21" ten="364,466,141,29" oya="2" hai0="12,84,38,60,81,83,26,94,115,82,113,112,100" hai1="56,71,107,5,29,87,116,123,103,72,57,132,40" hai2="99,108,117,58,102,89,45,64,79,65,6,53,1" hai3="95,37,2,19,90,111,114,130,34,88,13,44,97"/><V8/><F117/><W109/><G2/><T85/><D26/><U77/><E71/><V42/><F79/><W75/><G75/><T10/><D38/><U47/><E87/><V59/><F89/><W48/><G37/><T67/><D100/><U41/><E77/><V30/><F30/><W105/><G105/><T66/><D94/><U25/><E72/><V3/><F3/><W122/><G122/><T131/><D131/><U74/><E74/><V36/><F59/><W7/><G7/><N who="0" m="3167" /><D66/><U124/><E56/><AGARI ba="0,0" hai="56,60,67,81,82,83,84,85,112,113,115" m="3167" machi="56" ten="40,1300,0" yaku="15,1" doraHai="21" who="0" fromWho="1" sc="364,13,466,-13,141,0,29,0" /><INIT seed="7,0,0,3,1,127" ten="377,453,141,29" oya="3" hai0="114,95,8,35,9,89,107,87,12,3,65,104,46" hai1="43,97,51,119,49,18,10,135,79,7,94,74,52" hai2="26,17,28,57,77,105,99,96,118,85,29,60,75" hai3="78,5,55,83,108,16,112,128,73,6,56,1,45"/><W67/><G112/><T36/><D114/><U130/><E135/><V53/><F118/><W98/><G108/><T115/><D115/><U22/><E119/><V71/><F75/><W34/><G34/><T132/><D132/><U41/><E79/><V125/><F125/><W133/><G133/><T64/><D35/><U11/><E74/><V81/><F71/><W61/><G98/><N who="2" m="37417" /><F105/><W14/><G1/><T27/><D107/><U113/><E51/><V33/><F33/><W76/><G76/><T93/><D104/><U13/><E11/><V117/><F117/><W102/><G102/><T40/><D3/><U100/><E130/><V103/><F103/><W101/><G101/><T106/><D106/><U20/><E20/><AGARI ba="0,0" hai="17,20,26,28,29,53,57,60,77,81,85" m="37417" machi="20" ten="30,1000,0" yaku="8,1" doraHai="127" who="2" fromWho="1" sc="377,0,453,-10,141,10,29,0" owari="377,18.0,443,54.0,151,-25.0,29,-47.0" /></mjloggm>