<mjloggm ver="2.3"><GO type="169" lobby="0"/><UN n0="%EF%BC%88%E2%89%A7%E2%96%BD%E2%89%A6%EF%BC%89" n1="%E6%B0%97%E6%A5%BD%E3%81%AB%E6%89%93%E3%81%A4" n2="%E5%AF%BE%E5%AD%90%E3%81%AE%E7%8E%8B%E6%A7%98" n3="%E3%82%A4%E3%82%BA%E3%83%9F%E3%83%B3" dan="17,16,17,16" rate="2194.82,2112.58,2158.48,2073.89" sx="M,M,M,M"/><TAIKYOKU oya="0"/><INIT seed="0,0,0,1,4,128" ten="250,250,250,250" oya="0" hai0="79,109,45,25,94,132,113,68,131,57,48,32,26" hai1="6,120,95,33,115,60,67,98,9,119,11,84,37" hai2="1,20,10,89,8,56,123,61,125,47,81,40,24" hai3="15,80,21,46,16,65,101,39,118,43,30,50,104"/><T72/><D113/><U28/><E120/><V87/><F123/><W90/><G118/><T99/><D68/><U38/><E119/><V78/><F1/><W75/><G65/><T49/><D32/><U59/><E115/><V77/><F125/><W73/><G104/><T121/><D121/><U97/><E33/><V54/><F78/><W93/><G101/><T117/><D117/><U102/><E28/><V51/><REACH who="2" step="1"/><F89/><REACH who="2" ten="250,250,240,250" step="2"/><W41/><G30/><AGARI ba="0,1" hai="8,10,20,24,30,40,47,51,54,56,61,77,81,87" machi="30" ten="30,8000,1" yaku="1,1,2,1,7,1,8,1,53,1" doraHai="128" doraHaiUra="74" who="2" fromWho="3" sc="250,0,250,0,240,90,250,-80" /><INIT seed="1,0,0,1,3,3" ten="250,250,330,170" oya="1" hai0="108,22,96,126,70,27,128,83,17,76,5,49,66" hai1="56,87,20,0,28,82,74,50,42,60,122,77,78" hai2="24,105,85,10,81,19,6,35,124,133,93,135,88" hai3="89,31,12,129,125,119,68,18,21,59,109,90,84"/><U4/><E122/><V47/><F105/><W40/><G68/><T64/><D128/><U57/><E74/><V26/><F124/><W55/><G125/><T65/><D126/><U52/><E77/><V132/><F47/><W104/><G104/><T116/><D116/><U112/><E112/><V46/><F46/><W75/><G75/><T110/><D70/><U39/><E39/><V36/><F36/><W123/><G123/><T94/><D49/><U30/><E42/><V100/><F35/><W97/><G129/><T34/><D34/><U16/><E0/><N who="2" m="327" /><F19/><W118/><G40/><T113/><D113/><U37/><E37/><V72/><F72/><W127/><G127/><T1/><D76/><U54/><E4/><V53/><F53/><W98/><G109/><N who="0" m="42091" /><D83/><U33/><E33/><V15/><F15/><AGARI ba="0,0" hai="15,16,20,28,30,50,52,54,56,57,60,78,82,87" machi="15" ten="30,11600,0" yaku="7,1,8,1,54,2" doraHai="3" who="1" fromWho="2" sc="250,0,250,116,330,-116,170,0" /><INIT seed="1,1,0,0,5,44" ten="250,366,214,170" oya="1" hai0="3,78,17,84,15,90,98,35,36,56,6,21,48" hai1="94,67,60,81,105,100,85,114,1,30,46,129,32" hai2="68,77,96,11,50,66,49,51,87,112,33,13,99" hai3="131,69,128,126,24,59,54,45,104,124,7,97,34"/><U19/><E114/><V93/><F33/><W31/><G69/><T58/><D36/><U42/><E129/><N who="3" m="49738" /><G7/><T10/><D78/><U134/><E134/><V52/><F112/><W135/><G45/><T5/><D5/><U4/><E1/><V71/><F71/><W106/><G97/><N who="2" m="37449" /><F68/><W125/><G104/><T113/><D113/><U8/><E105/><V119/><F119/><W39/><G39/><T107/><D35/><U25/><E4/><N who="2" m="3303" /><F66/><W14/><G14/><T29/><D107/><U41/><E67/><V118/><F118/><W108/><G106/><T121/><D3/><U23/><E32/><V43/><F43/><W115/><G115/><T89/><D15/><N who="1" m="7655" /><E41/><V116/><F116/><W92/><G92/><T111/><D6/><U130/><E130/><V61/><F61/><N who="3" m="36087" /><G108/><T83/><D111/><U123/><E42/><V16/><F16/><W57/><G57/><T53/><D56/><U132/><E132/><AGARI ba="1,0" hai="24,31,34,124,125,126,132,135" m="36087,49738" machi="132" ten="40,8000,1" yaku="30,2,18,1,19,1" doraHai="44" who="3" fromWho="1" sc="250,0,366,-83,214,0,170,83" /><INIT seed="2,0,0,1,0,66" ten="250,283,214,253" oya="2" hai0="90,2,131,70,102,5,31,91,98,112,132,108,62" hai1="67,56,94,122,77,13,76,115,124,19,42,88,54" hai2="16,59,9,82,46,92,123,101,86,38,96,85,37" hai3="45,28,25,75,63,126,117,73,49,93,111,44,125"/><V10/><F123/><W22/><G117/><T80/><D112/><U3/><E122/><V120/><F120/><W71/><G111/><T7/><D108/><U129/><E115/><V30/><F30/><W0/><G0/><T32/><D131/><U52/><E129/><V55/><F10/><W60/><G93/><T100/><D100/><U15/><E3/><V128/><F128/><W14/><G14/><T118/><D132/><U114/><E114/><V107/><F107/><W64/><G63/><T11/><D7/><U29/><E124/><N who="3" m="47722" /><G45/><T58/><D80/><U6/><E13/><V81/><F82/><W18/><G18/><T50/><D118/><U20/><E6/><V1/><F1/><W57/><G57/><T35/><D31/><U89/><E29/><V23/><F9/><W53/><AGARI ba="0,0" hai="22,25,28,44,49,53,60,64,71,73,75" m="47722" machi="53" ten="30,2000,0" yaku="18,1,52,1" doraHai="66" who="3" fromWho="3" sc="250,-5,283,-5,214,-10,253,20" /><INIT seed="3,0,0,5,4,38" ten="245,278,204,273" oya="3" hai0="7,13,44,74,40,31,56,64,53,58,121,29,54" hai1="72,118,75,130,57,89,71,103,117,92,22,82,128" hai2="8,0,43,69,131,100,90,96,67,50,126,32,88" hai3="85,84,73,39,122,120,63,49,104,62,2,129,17"/><W4/><G104/><T80/><D121/><U127/><E71/><V30/><F131/><N who="1" m="50217" /><E22/><V24/><F126/><W70/><G129/><T23/><D74/><N who="1" m="28203" /><E57/><N who="0" m="22121" /><D64/><U45/><E45/><N who="2" m="25919" /><F8/><W11/><G73/><T105/><D7/><U109/><E127/><V27/><F27/><W93/><G39/><T10/><D10/><U77/><E103/><V94/><F94/><W114/><G114/><T66/><D23/><U1/><E1/><V5/><F5/><W108/><G70/><T111/><D66/><U91/><E92/><V107/><F0/><W47/><G93/><T95/><D95/><U97/><E97/><V14/><F14/><W125/><G125/><T99/><D13/><U98/><E98/><V51/><F51/><W36/><G36/><T15/><D99/><U65/><E65/><V18/><F18/><W102/><G17/><T76/><D15/><U132/><E117/><V21/><F21/><W112/><G112/><T46/><D29/><U61/><E118/><V119/><F119/><W9/><G120/><T135/><D31/><U78/><E61/><AGARI ba="0,0" hai="24,30,32,61,67,69,88,90,96,100,107" m="25919" machi="61" ten="30,3900,0" yaku="25,1,52,1,54,1" doraHai="38" who="2" fromWho="1" sc="245,0,278,-39,204,39,273,0" /><INIT seed="4,0,0,1,3,46" ten="245,239,243,273" oya="0" hai0="91,48,4,6,88,98,115,23,16,96,58,109,135" hai1="24,68,107,36,111,67,50,51,114,71,126,99,84" hai2="85,110,127,105,83,8,26,12,80,104,61,117,81" hai3="59,15,108,41,101,2,10,35,40,86,18,78,123"/><T119/><D119/><U20/><E111/><V38/><F110/><W7/><G108/><T100/><D115/><U73/><E73/><V121/><F121/><W34/><G101/><T106/><D135/><U1/><E1/><V116/><F38/><W66/><G123/><T17/><D109/><U55/><E36/><V63/><F26/><W32/><G66/><T5/><D17/><U94/><E114/><V14/><F85/><W95/><G59/><T11/><D11/><U128/><E126/><V92/><F92/><W3/><G3/><T112/><D112/><U75/><E75/><V134/><F8/><W42/><G95/><T44/><D58/><U89/><E128/><V132/><REACH who="2" step="1"/><F83/><REACH who="2" ten="245,239,233,273" step="2"/><W39/><G39/><T57/><D98/><U72/><E72/><V27/><F27/><W45/><G86/><T54/><REACH who="0" step="1"/><D44/><REACH who="0" ten="235,239,233,273" step="2"/><U47/><E99/><V79/><F79/><W56/><G78/><T118/><D118/><U87/><E47/><V93/><F93/><W70/><G45/><T9/><D9/><U76/><E94/><V133/><F133/><W113/><G113/><T64/><D64/><U97/><E67/><V0/><F0/><W22/><G70/><T49/><D49/><U90/><E76/><V77/><F77/><W131/><G56/><T19/><D19/><U129/><E71/><V31/><F31/><W65/><G65/><T103/><D103/><U122/><E68/><V37/><F37/><W125/><G131/><T25/><AGARI ba="0,2" hai="4,5,6,16,23,25,48,54,57,88,91,96,100,106" machi="25" ten="30,12000,1" yaku="1,1,0,1,52,1,54,2,53,0" doraHai="46" doraHaiUra="30" who="0" fromWho="0" sc="235,140,239,-40,233,-40,273,-40" /><INIT seed="4,1,0,5,2,58" ten="375,199,193,233" oya="0" hai0="67,106,45,99,120,79,27,71,9,90,50,103,16" hai1="104,118,62,112,72,127,93,59,43,23,14,38,113" hai2="81,83,37,69,85,84,134,64,91,92,75,18,117" hai3="109,94,88,122,130,51,131,33,25,47,77,31,74"/><T115/><D120/><U48/><E104/><V97/><F37/><W26/><G122/><T132/><D79/><U35/><E35/><V101/><F18/><W56/><G109/><T21/><D115/><N who="1" m="44107" /><E118/><V76/><F117/><W98/><G26/><T114/><D114/><U57/><E72/><V95/><F64/><W0/><G0/><T39/><D39/><U49/><E127/><V40/><F40/><W86/><G56/><T128/><D128/><N who="3" m="49193" /><G74/><T61/><D132/><U34/><E34/><V28/><F28/><W53/><G77/><T30/><D90/><U121/><E121/><V65/><F65/><W2/><G2/><T32/><D9/><U5/><E43/><V41/><F41/><W55/><G55/><T126/><D126/><U4/><E57/><V7/><F69/><W42/><G42/><T135/><D135/><U80/><E38/><V100/><F134/><W123/><G123/><T3/><D3/><U52/><E48/><V13/><F13/><W15/><G15/><N who="0" m="9375" /><D45/><U116/><E116/><V119/><F119/><W102/><G102/><T24/><D24/><U29/><E14/><V108/><F108/><W10/><G10/><T17/><D50/><U1/><E49/><V70/><F70/><W68/><G68/><T60/><D17/><U89/><E1/><V111/><F111/><W82/><G33/><T129/><D129/><U78/><E29/><V19/><F19/><W96/><G25/><T124/><D124/><U36/><E36/><V46/><F46/><W125/><G125/><T133/><D133/><U8/><E8/><V6/><F101/><RYUUKYOKU ba="1,0" sc="375,15,199,-15,193,15,233,-15" hai0="27,30,32,60,61,67,71,99,103,106" hai2="6,7,75,76,81,83,84,85,91,92,95,97,100" /><INIT seed="4,2,0,5,5,102" ten="390,184,208,218" oya="0" hai0="101,24,117,108,23,114,77,132,48,59,28,8,83" hai1="124,32,87,113,37,76,89,42,2,7,80,86,127" hai2="93,25,53,68,50,134,116,112,115,22,4,6,105" hai3="9,44,16,123,97,21,106,126,125,38,69,19,47"/><T122/><D117/><U3/><E32/><V34/><F34/><W26/><G69/><T5/><D122/><U55/><E113/><N who="2" m="43595" /><F68/><W54/><G123/><T63/><D108/><U133/><E133/><V46/><F134/><W66/><G66/><T36/><D36/><U57/><E37/><V17/><F116/><W98/><G97/><T20/><D101/><U67/><E67/><V52/><F93/><W43/><G9/><T79/><D132/><U74/><E42/><N who="2" m="24919" /><F105/><W11/><G11/><T12/><D114/><U62/><E7/><AGARI ba="2,0" hai="4,6,7,17,22,25,52,53" m="24919,43595" machi="7" ten="30,2000,0" yaku="15,1,54,1" doraHai="102" who="2" fromWho="1" sc="390,0,184,-26,208,26,218,0" /><INIT seed="5,0,0,0,0,93" ten="390,158,234,218" oya="1" hai0="73,107,26,5,58,60,23,11,66,103,61,114,49" hai1="21,96,97,25,15,134,116,123,126,84,117,3,130" hai2="98,87,55,39,50,120,34,44,95,35,111,28,78" hai3="94,82,106,40,56,72,2,121,68,62,52,51,86"/><U45/><E123/><V110/><F120/><W85/><G106/><T8/><D73/><U24/><E126/><V81/><F39/><W129/><G2/><T22/><D114/><U65/><E3/><V133/><F133/><W12/><G121/><T63/><D107/><U46/><E134/><V132/><F132/><W31/><G31/><N who="0" m="17879" /><D103/><U74/><E74/><V91/><REACH who="2" step="1"/><F28/><REACH who="2" ten="390,158,224,218" step="2"/><W112/><G112/><T115/><D115/><U17/><E130/><V20/><F20/><W36/><G129/><T89/><D23/><U19/><E117/><V119/><F119/><W1/><G36/><T33/><D33/><AGARI ba="0,1" hai="33,34,35,44,50,55,78,81,87,91,95,98,110,111" machi="33" ten="40,2600,0" yaku="1,1,52,1,53,0" doraHai="93" doraHaiUra="6" who="2" fromWho="0" sc="390,-26,158,0,224,36,218,0" /><INIT seed="6,0,0,5,2,28" ten="364,158,260,218" oya="2" hai0="18,115,86,99,107,57,109,74,94,98,61,120,87" hai1="7,84,130,92,37,59,2,123,77,106,22,11,101" hai2="0,33,118,29,104,103,39,16,133,121,122,127,51" hai3="12,41,31,3,67,76,6,134,93,5,30,27,89"/><V10/><F118/><W20/><G76/><T125/><D74/><U47/><E130/><V126/><F39/><W56/><G41/><T21/><D120/><U52/><E123/><V79/><F79/><W111/><G111/><T46/><D109/><U124/><E124/><N who="2" m="47659" /><F51/><W50/><G3/><T88/><D115/><U24/><E106/><V97/><F133/><W116/><G116/><T117/><D117/><U43/><E77/><V17/><F17/><W34/><G134/><T23/><D125/><U25/><E22/><N who="0" m="8201" /><D107/><U132/><E132/><V1/><F1/><W9/><G30/><T100/><D18/><U14/><E2/><V128/><F128/><W60/><G50/><T48/><D100/><U62/><REACH who="1" step="1"/><E101/><REACH who="1" ten="364,148,260,218" step="2"/><V13/><F0/><W45/><G45/><T75/><D75/><U105/><E105/><V58/><F121/><W44/><G44/><T90/><D46/><U19/><E19/><V63/><F122/><W55/><G20/><T54/><D90/><AGARI ba="0,1" hai="7,11,14,24,25,37,43,47,52,59,62,84,90,92" machi="90" ten="40,2600,0" yaku="1,1,54,1,53,0" doraHai="28" doraHaiUra="96" who="1" fromWho="0" sc="364,-26,148,36,260,0,218,0" /><INIT seed="7,0,0,1,3,49" ten="338,184,260,218" oya="3" hai0="45,127,125,86,113,2,36,83,29,39,27,107,109" hai1="26,52,40,105,131,11,116,22,19,17,43,33,30" hai2="53,48,56,12,84,111,67,82,92,42,78,103,93" hai3="133,35,34,87,24,31,9,69,85,70,117,14,65"/><W60/><G117/><T3/><D107/><U101/><E116/><V0/><F0/><N who="0" m="42" /><D45/><U95/><E105/><V96/><F111/><W28/><G133/><T7/><D7/><U77/><E131/><V126/><F126/><N who="0" m="48138" /><D113/><U23/><E77/><V128/><F128/><W13/><G70/><T135/><D135/><U114/><E114/><V88/><F12/><W57/><G69/><T6/><D6/><U132/><E132/><V94/><F67/><W4/><REACH who="3" step="1"/><G13/><REACH who="3" ten="338,184,260,208" step="2"/><T120/><D109/><U61/><E33/><V100/><F42/><W115/><G115/><T122/><D122/><U71/><E71/><V121/><F121/><W99/><G99/><T25/><D120/><U68/><E68/><V46/><F46/><W66/><G66/><T63/><D27/><AGARI ba="0,1" hai="4,9,14,24,27,28,31,34,35,57,60,65,85,87" machi="27" ten="40,3900,0" yaku="1,1,9,1,53,0" doraHai="49" doraHaiUra="130" who="3" fromWho="0" sc="338,-39,184,0,260,0,208,49" /><INIT seed="7,1,0,2,2,7" ten="299,184,260,257" oya="3" hai0="106,38,75,10,26,34,69,98,3,9,81,30,29" hai1="123,44,74,76,86,114,83,107,116,42,32,27,111" hai2="25,64,47,63,52,39,127,49,118,68,0,45,4" hai3="12,84,67,28,85,61,20,115,11,108,95,40,41"/><W99/><G108/><T97/><D38/><U77/><E111/><V60/><F25/><N who="3" m="16423" /><G115/><T131/><D131/><U14/><E114/><V100/><F100/><N who="3" m="60543" /><G41/><T65/><D30/><U90/><E123/><V70/><F4/><N who="3" m="3175" /><G40/><T80/><D3/><U33/><E116/><V78/><F0/><W101/><G101/><N who="0" m="62767" /><D98/><U79/><E107/><V21/><F21/><W134/><G134/><T31/><D31/><U119/><E119/><V15/><F15/><W18/><G18/><T130/><D130/><U8/><E74/><V6/><F6/><W23/><G23/><T62/><D80/><U54/><E27/><V66/><F78/><AGARI ba="1,0" hai="9,10,26,29,34,62,65,69,75,78,81" m="62767" machi="78" ten="30,3900,0" yaku="25,1,52,2" doraHai="7" who="0" fromWho="2" sc="299,42,184,0,260,-42,257,0" owari="341,44.0,184,-32.0,218,-18.0,257,6.0" /></mjloggm>