<mjloggm ver="2.3"><GO type="169"/><UN n0="%E6%AF%94%E5%98%89%E7%A7%80%E4%BB%81" n1="%EF%BC%88%E2%89%A7%E2%96%BD%E2%89%A6%EF%BC%89" n2="%E3%81%84%E3%82%81%E3%81%91%E3%82%93" n3="%E3%83%A4%E3%82%AD%E3%83%B3" dan="16,17,16,16" rate="2102,2110,2044,2081" sx="M,M,M,M"/><TAIKYOKU oya="0"/><INIT seed="0,0,0,4,4,52" ten="250,250,250,250" oya="0" hai0="109,111,43,85,18,22,37,7,2,30,66,14,3" hai1="93,106,44,26,99,40,101,82,79,107,58,63,68" hai2="102,94,36,122,120,108,12,10,9,54,45,81,38" hai3="112,50,127,24,11,16,72,89,125,75,115,34,135"/><T84/><D66/><U98/><E26/><V69/><F69/><W130/><G34/><T8/><D37/><U6/><E6/><V32/><F32/><W23/><G135/><T29/><D43/><U80/><E68/><V118/><F108/><N who="0" m="41546" /><D85/><U114/><E114/><V70/><F70/><W19/><G89/><T103/><D103/><U95/><E106/><V42/><F81/><W134/><G134/><T51/><D51/><U28/><E107/><V4/><F36/><W35/><G50/><T31/><D84/><U126/><E126/><N who="3" m="48138" /><G35/><T27/><AGARI ba="0,0" hai="2,3,7,8,14,18,22,27,29,30,31" m="41546" machi="27" ten="30,11700,0" yaku="14,1,10,1,34,2" doraHai="52" who="0" fromWho="0" sc="250,117,250,-39,250,-39,250,-39" /><INIT seed="0,1,0,2,2,84" ten="367,211,211,211" oya="0" hai0="20,3,132,29,123,67,43,49,117,0,99,33,56" hai1="59,19,57,128,94,78,17,25,23,68,89,114,124" hai2="104,58,86,11,82,47,103,74,36,130,105,39,76" hai3="87,52,44,13,102,34,108,95,125,98,12,91,50"/><T88/><D123/><U133/><E68/><V66/><F130/><W81/><G34/><T97/><D33/><U90/><E128/><V71/><F71/><W112/><G112/><T93/><D117/><U77/><E133/><V55/><F66/><W35/><G35/><T45/><D132/><U134/><E134/><V75/><F75/><W64/><G108/><T101/><D67/><U5/><E5/><V80/><F11/><W113/><G113/><T1/><D56/><N who="1" m="21579" /><E124/><V79/><F103/><W42/><G64/><T73/><D73/><U26/><E114/><V100/><F100/><W62/><G125/><T16/><D29/><U92/><E25/><V27/><F27/><W120/><G120/><T83/><D83/><U127/><E19/><V110/><F110/><W51/><G62/><T9/><D9/><U72/><E72/><V111/><F111/><W119/><REACH who="3" step="1"/><G119/><REACH who="3" ten="367,211,211,201" step="2"/><T22/><REACH who="0" step="1"/><D16/><REACH who="0" ten="357,211,211,201" step="2"/><N who="1" m="12647" /><E127/><V109/><F109/><W8/><G8/><T2/><N who="0" m="0" /><DORA hai="85" /><T118/><D118/><U32/><E17/><V4/><F4/><W10/><G10/><T115/><D115/><U96/><E32/><V61/><F79/><W106/><G106/><AGARI ba="1,2" hai="20,22,43,45,49,88,93,97,99,101,106" m="0" machi="106" ten="70,12000,1" yaku="1,1,52,2,54,1,53,1" doraHai="84,85" doraHaiUra="24,46" who="0" fromWho="3" sc="357,143,211,0,211,0,201,-123" /><INIT seed="0,2,0,3,5,92" ten="500,211,211,78" oya="0" hai0="4,1,105,119,41,68,106,22,37,81,15,28,21" hai1="122,8,103,58,19,123,59,17,30,33,121,75,133" hai2="53,126,62,63,125,25,36,46,7,45,9,52,87" hai3="95,98,83,26,130,60,127,18,89,56,12,71,5"/><T48/><D68/><U16/><E75/><V24/><F87/><W13/><G71/><T79/><D37/><U35/><E133/><V90/><F90/><W118/><G118/><T47/><D1/><U114/><E114/><V74/><F74/><W27/><G127/><N who="2" m="48649" /><F36/><W70/><G70/><T135/><D135/><U72/><E72/><V97/><F9/><N who="3" m="4143" /><G83/><T112/><D112/><U34/><E30/><V116/><F7/><W102/><G130/><T88/><D119/><U86/><E103/><V104/><F104/><W50/><G50/><T107/><D28/><U108/><E108/><V85/><F85/><W131/><G131/><T91/><D22/><U100/><E100/><V77/><F77/><W115/><G102/><T23/><D23/><U80/><E8/><V44/><F97/><W93/><G93/><T6/><D6/><U134/><E134/><V120/><F120/><W39/><G39/><T43/><D43/><U101/><E101/><V54/><F116/><W117/><G117/><T94/><D94/><U132/><E132/><V67/><F67/><N who="3" m="39303" /><G115/><T49/><D49/><U78/><AGARI ba="2,0" hai="16,17,19,33,34,35,58,59,78,80,86,121,122,123" machi="78" ten="50,8000,1" yaku="0,1,29,2,54,1" doraHai="92" who="1" fromWho="1" sc="500,-42,211,86,211,-22,78,-22" /><INIT seed="1,0,0,0,2,107" ten="458,297,189,56" oya="1" hai0="40,101,132,95,113,85,71,118,122,21,127,103,3" hai1="66,6,108,7,22,124,58,82,26,61,76,49,10" hai2="39,99,59,80,75,114,81,89,11,33,97,68,30" hai3="34,36,116,133,55,37,126,62,123,121,125,8,15"/><U129/><E129/><V43/><F68/><W73/><G34/><T25/><D118/><U104/><E104/><V45/><F114/><W88/><G15/><T52/><D113/><U79/><E124/><N who="3" m="47722" /><G8/><T51/><D3/><U119/><E119/><V109/><F109/><W69/><G116/><T56/><D71/><U84/><E108/><V32/><F11/><W35/><G35/><T41/><D127/><U135/><E135/><V111/><F111/><W98/><G133/><T19/><D132/><U50/><E76/><V42/><F30/><W102/><G88/><N who="0" m="53647" /><D122/><N who="3" m="46601" /><G55/><T28/><D28/><U134/><E134/><V78/><F32/><W53/><G53/><T13/><D25/><U77/><E77/><V1/><F89/><W115/><G115/><T91/><D91/><U44/><E10/><V17/><F17/><W74/><G98/><T128/><D128/><U83/><E83/><V93/><F99/><W5/><G102/><AGARI ba="0,0" hai="13,19,21,40,41,51,52,56,101,102,103" m="53647" machi="102" ten="30,7700,0" yaku="25,1,8,1,54,2" doraHai="107" who="0" fromWho="3" sc="458,77,297,0,189,0,56,-77" owari="535,63.0,297,10.0,189,-21.0,-21,-52.0" /></mjloggm>