<mjloggm ver="2.3"><GO type="169"/><UN n0="%E3%83%9C%E3%82%AB%E3%83%86%E3%83%B3" n1="%E9%BE%8D%E4%B9%8B%E5%8A%A9" n2="%EF%BC%88%E2%89%A7%E2%96%BD%E2%89%A6%EF%BC%89" n3="%E2%98%86%E6%97%A5%E5%90%91%E5%A4%8F%E7%BE%8E%E2%98%86" dan="16,16,18,16" rate="2071,2041,2182,2057" sx="M,M,M,F"/><TAIKYOKU oya="0"/><INIT seed="0,0,0,0,1,69" ten="250,250,250,250" oya="0" hai0="117,39,62,88,98,128,7,50,13,135,53,73,48" hai1="75,68,33,18,22,67,80,91,56,5,9,55,35" hai2="116,87,97,89,60,24,63,40,99,114,111,105,28" hai3="27,103,51,110,113,77,127,4,43,93,32,78,133"/><T11/><D117/><U37/><E68/><V19/><F114/><W106/><G113/><T70/><D73/><U95/><E75/><V12/><F116/><W44/><G106/><T118/><D118/><U119/><E80/><V79/><F40/><W10/><G133/><T121/><D135/><U100/><E67/><V41/><F41/><W57/><G127/><T90/><D121/><U38/><E100/><V45/><F45/><W61/><G110/><T1/><D128/><U49/><E35/><V72/><F72/><W85/><G32/><T58/><D39/><U131/><E33/><V120/><F111/><W59/><G27/><T125/><D125/><U16/><E18/><V54/><F79/><W46/><G46/><T108/><D108/><U20/><E20/><N who="2" m="15367" /><F54/><W132/><G132/><T71/><D71/><U104/><E104/><V83/><F105/><W86/><G59/><T94/><D70/><U76/><E76/><N who="3" m="29290" /><G10/><T6/><D6/><U0/><E131/><V112/><F112/><W3/><G4/><T15/><REACH who="0" step="1"/><D90/><REACH who="0" ten="240,250,250,250" step="2"/><U123/><E123/><V74/><F120/><W92/><G103/><T8/><D8/><U102/><E119/><V26/><F74/><W65/><G3/><T109/><D109/><U124/><E102/><V66/><F89/><W2/><G2/><T96/><D96/><U17/><E124/><V47/><F99/><W126/><G126/><T25/><D25/><U115/><E115/><V129/><F97/><W36/><G36/><T42/><D42/><U31/><E37/><V23/><F26/><W82/><G86/><T101/><D101/><RYUUKYOKU ba="0,1" sc="240,15,250,-15,250,-15,250,15" hai0="1,7,11,13,15,48,50,53,58,62,88,94,98" hai3="43,44,51,57,61,65,82,85,92,93" /><INIT seed="0,1,1,1,3,5" ten="255,235,235,265" oya="0" hai0="23,83,30,81,62,106,19,13,99,76,126,6,124" hai1="49,64,85,63,33,112,105,103,22,94,121,67,93" hai2="57,109,52,92,87,65,9,8,115,74,45,119,24" hai3="117,129,123,20,46,59,60,3,95,14,88,41,37"/><T73/><D83/><U134/><E33/><V16/><F74/><W130/><G117/><T36/><D36/><U18/><E121/><V44/><F115/><W53/><G3/><T29/><D62/><U131/><E112/><V12/><F109/><W116/><G116/><T98/><D6/><U128/><E134/><V77/><F119/><W61/><G123/><T40/><D40/><U113/><E113/><V78/><F65/><W100/><G100/><N who="0" m="62743" /><D99/><N who="1" m="61695" /><E85/><V31/><F8/><W101/><G101/><T27/><D27/><U66/><E49/><N who="2" m="30863" /><F24/><W32/><G32/><T107/><D107/><U25/><E63/><V82/><F31/><W96/><REACH who="3" step="1"/><G61/><REACH who="3" ten="255,235,235,255" step="2"/><T104/><D104/><U80/><E131/><V75/><F75/><W50/><G50/><T69/><D69/><U56/><E128/><V28/><F28/><W4/><G4/><T84/><D73/><U89/><E67/><V71/><F71/><W0/><G0/><T42/><D30/><U10/><E66/><V127/><F127/><W91/><G91/><T51/><D29/><U135/><E89/><N who="2" m="53311" /><F78/><W79/><G79/><T72/><D72/><U17/><E64/><V118/><F118/><W133/><G133/><T2/><D2/><U47/><E135/><V70/><F70/><W7/><G7/><T114/><D114/><U21/><E94/><V97/><F97/><W111/><G111/><T15/><D126/><U11/><E93/><V26/><F26/><W38/><G38/><T68/><D124/><U43/><E25/><V48/><F48/><W120/><G120/><T132/><D68/><U58/><E80/><RYUUKYOKU ba="1,2" sc="255,-15,235,-15,235,15,255,15" hai2="9,12,16,44,45,77,82" hai3="14,20,37,41,46,53,59,60,88,95,96,129,130" /><INIT seed="1,2,2,4,1,52" ten="240,220,250,270" oya="1" hai0="44,75,8,109,117,54,107,10,49,96,129,36,24" hai1="132,79,124,45,41,91,65,88,18,87,106,105,72" hai2="59,43,5,103,90,7,29,60,20,28,0,50,62" hai3="133,1,3,16,55,131,123,33,115,127,35,2,134"/><U25/><E124/><V4/><F0/><W114/><G123/><T99/><D117/><U47/><E132/><N who="3" m="50794" /><G55/><T34/><D75/><U46/><E41/><V9/><F9/><W31/><G127/><T56/><D109/><U15/><E65/><N who="2" m="39071" /><F103/><W122/><G122/><T40/><D129/><U66/><E66/><V130/><F130/><W58/><G58/><T27/><D34/><N who="3" m="12809" /><G131/><T93/><D107/><U120/><E120/><V86/><F20/><W92/><G92/><T111/><D111/><U71/><E25/><N who="0" m="9801" /><D36/><U51/><E71/><V116/><F116/><W126/><G126/><T85/><D85/><U37/><E37/><V95/><F62/><W61/><G61/><N who="0" m="35991" /><D99/><U70/><E70/><V73/><F73/><W112/><G31/><T121/><D121/><U110/><E110/><V84/><F84/><W98/><G98/><T11/><D11/><N who="1" m="6527" /><E105/><V68/><F68/><W32/><G32/><T83/><D83/><N who="1" m="47615" /><E106/><V22/><F22/><W39/><G39/><T14/><D96/><U21/><E72/><V118/><F118/><W108/><G108/><T100/><D100/><U77/><E21/><V6/><N who="2" m="1024" /><DORA hai="63" /><V64/><F64/><W94/><G94/><T78/><D93/><U76/><E51/><V101/><F101/><W97/><G97/><T125/><D125/><U57/><E57/><V67/><F67/><W17/><AGARI ba="2,2" hai="1,2,3,16,17,112,114,115" m="12809,50794" machi="17" ten="50,12000,2" yaku="28,2,20,1,34,2,54,1" doraHai="52,63" who="3" fromWho="3" sc="240,-32,220,-62,250,-32,270,146" /><INIT seed="2,0,0,3,0,75" ten="208,158,218,416" oya="2" hai0="14,116,48,82,128,130,53,56,55,3,135,112,58" hai1="44,27,16,111,37,38,2,92,30,68,129,132,64" hai2="23,10,105,12,46,8,21,84,26,57,20,134,106" hai3="127,76,73,113,29,81,98,28,86,96,62,47,115"/><V35/><F134/><W40/><G127/><T85/><D3/><U60/><E2/><V103/><F103/><W59/><G73/><T83/><D135/><U79/><E132/><V133/><F133/><W80/><G80/><T126/><D126/><U18/><E129/><N who="0" m="49769" /><D112/><N who="3" m="43081" /><G28/><T118/><D14/><U93/><E111/><V95/><F8/><W42/><G29/><T15/><D15/><U104/><E104/><V66/><F35/><W122/><G122/><T108/><D108/><U77/><E38/><V39/><F26/><W13/><G13/><T107/><D107/><U33/><E93/><V5/><F39/><N who="3" m="21919" /><G42/><T65/><D65/><AGARI ba="0,0" hai="59,62,65,76,81,86,96,98" m="21919,43081" machi="65" ten="30,2000,0" yaku="11,1,52,1" doraHai="75" who="3" fromWho="0" sc="208,-20,158,0,218,0,416,20" /><INIT seed="3,0,0,5,5,104" ten="188,158,218,436" oya="3" hai0="97,135,103,115,4,132,21,88,98,58,108,6,79" hai1="86,124,129,117,23,113,123,133,72,14,110,41,114" hai2="71,131,52,17,51,75,91,84,125,101,116,18,47" hai3="26,25,92,19,100,105,12,99,77,89,10,80,78"/><W121/><G121/><T76/><D108/><U61/><E114/><V96/><F116/><W55/><G55/><T11/><D115/><U24/><E61/><V59/><F131/><W126/><G126/><T69/><D69/><U73/><E86/><V120/><F71/><W63/><G63/><T40/><D21/><U42/><E41/><V81/><F125/><W109/><G109/><T102/><D58/><U44/><E42/><V134/><F134/><W93/><G78/><T39/><D40/><U9/><E44/><V54/><F75/><W60/><G60/><T66/><D66/><U62/><E62/><N who="2" m="36199" /><F120/><W22/><G89/><T68/><D68/><U56/><E56/><V65/><F65/><W49/><G49/><T37/><D11/><U46/><E46/><V82/><F82/><W50/><G50/><T67/><D67/><U90/><E117/><V27/><F27/><W106/><G106/><T5/><D5/><U3/><E73/><V2/><F2/><W30/><REACH who="3" step="1"/><G26/><REACH who="3" ten="188,158,218,426" step="2"/><T34/><D88/><U111/><E124/><V8/><F54/><W48/><G48/><T32/><AGARI ba="0,1" hai="4,6,32,34,37,39,76,79,97,98,102,103,132,135" machi="32" ten="25,3200,0" yaku="0,1,22,2" doraHai="104" who="0" fromWho="0" sc="188,42,158,-8,218,-8,426,-16" /><INIT seed="4,0,0,5,4,75" ten="230,150,210,410" oya="0" hai0="115,4,99,25,125,108,96,26,66,100,65,38,56" hai1="123,68,7,98,2,14,122,118,106,70,132,134,128" hai2="12,129,18,54,63,40,19,3,46,62,37,86,59" hai3="64,13,79,51,10,120,131,33,34,121,72,130,22"/><T135/><D38/><U91/><E118/><V111/><F111/><W0/><G64/><T8/><D108/><U30/><E30/><V39/><F129/><N who="3" m="49163" /><G51/><T92/><D115/><U55/><E128/><V47/><F3/><W83/><G22/><T103/><D125/><U114/><E2/><V97/><F97/><W71/><G71/><T60/><D66/><U107/><E114/><V74/><F74/><W27/><G0/><T78/><D78/><U57/><E7/><V61/><F86/><W84/><G84/><T73/><D73/><U35/><E14/><V126/><F126/><W43/><G43/><T90/><D135/><N who="1" m="51755" /><E35/><N who="3" m="13322" /><G27/><T110/><D110/><U6/><E6/><AGARI ba="0,0" hai="6,10,13,72,79,83,120,121" m="13322,49163" machi="6" ten="30,2000,0" yaku="19,1,52,1" doraHai="75" who="3" fromWho="1" sc="230,0,150,-20,210,0,410,20" /><INIT seed="5,0,0,4,3,124" ten="230,130,210,430" oya="1" hai0="133,91,50,110,45,22,122,23,69,108,78,7,134" hai1="119,96,66,11,105,26,41,113,39,77,90,118,53" hai2="55,62,12,120,57,125,61,93,29,60,40,48,8" hai3="89,117,128,58,72,65,21,13,28,54,67,44,98"/><U6/><E113/><V63/><F120/><W36/><G72/><T99/><D69/><U74/><E66/><V49/><F125/><W64/><G117/><T10/><D78/><U37/><E37/><V15/><F29/><W75/><G75/><T104/><D122/><U97/><E26/><V43/><F93/><W56/><G36/><T47/><D47/><U4/><E53/><V112/><F112/><W73/><G73/><T33/><D33/><U129/><E74/><V87/><F87/><W25/><G13/><N who="2" m="5193" /><F8/><W18/><G28/><T83/><D83/><U130/><E39/><V100/><F100/><W9/><G9/><T42/><D22/><U80/><E41/><AGARI ba="0,0" hai="40,41,43,48,49,55,57,60,61,62,63" m="5193" machi="41" ten="30,1000,0" yaku="8,1" doraHai="124" who="2" fromWho="1" sc="230,0,130,-10,210,10,430,0" /><INIT seed="6,0,0,2,5,11" ten="230,120,220,430" oya="2" hai0="42,38,108,100,43,86,123,75,90,124,69,70,73" hai1="132,58,74,19,5,52,13,134,111,36,18,88,101" hai2="27,24,96,41,8,9,76,20,44,98,118,21,95" hai3="130,6,113,81,71,51,26,65,30,93,45,16,119"/><V54/><F76/><W78/><G119/><T127/><D123/><U46/><E36/><V79/><F79/><W61/><G6/><T47/><D100/><U37/><E74/><N who="0" m="28169" /><D43/><U22/><E111/><V15/><F118/><W72/><G130/><T114/><D108/><U4/><E101/><N who="2" m="60575" /><F41/><W110/><G110/><T109/><D109/><U33/><E33/><V80/><F80/><W1/><G1/><T62/><D62/><N who="1" m="36167" /><E46/><V116/><F98/><W66/><G113/><T84/><D84/><U135/><E37/><V3/><F3/><W68/><G93/><N who="0" m="54487" /><D114/><U40/><E40/><V60/><F116/><W23/><G66/><T55/><D55/><U59/><E59/><N who="2" m="34935" /><F44/><W133/><G71/><T49/><D38/><U126/><E126/><AGARI ba="0,0" hai="42,47,49,69,70,124,126,127" m="54487,28169" machi="126" ten="30,1000,0" yaku="18,1" doraHai="11" who="0" fromWho="1" sc="230,10,120,-10,220,0,430,0" /><INIT seed="7,0,0,5,3,85" ten="240,110,220,430" oya="3" hai0="100,36,4,79,18,119,65,40,49,116,77,37,115" hai1="107,64,130,39,61,5,99,74,2,30,129,48,52" hai2="16,8,66,34,24,124,103,105,106,133,73,57,131" hai3="132,80,84,11,134,55,72,45,120,111,123,110,9"/><W67/><G67/><T62/><D100/><U87/><E74/><V60/><F73/><W76/><G72/><T29/><D29/><U22/><E39/><V19/><F106/><W96/><G96/><T53/><D4/><U17/><E107/><V41/><F131/><W122/><G55/><T112/><D18/><U28/><E99/><V27/><F124/><W70/><G45/><N who="0" m="27823" /><D40/><U42/><E2/><V58/><F133/><N who="3" m="51307" /><G70/><N who="0" m="42295" /><D77/><U47/><E5/><V89/><F41/><W114/><G114/><N who="0" m="43563" /><D79/><U94/><E42/><V118/><F118/><AGARI ba="0,0" hai="36,37,116,118,119" m="43563,42295,27823" machi="118" ten="30,7700,0" yaku="15,1,11,1,34,2" doraHai="85" who="0" fromWho="2" sc="240,77,110,0,220,-77,430,0" owari="317,12.0,110,-39.0,143,-26.0,430,53.0" /></mjloggm>