<mjloggm ver="2.3"><GO type="41"/><UN n0="%EF%BC%96%E7%95%AA%E7%9B%AE%E3%81%AE%E3%83%A6%E3%82%A6%E3%82%A6%E3%83%84" n1="%EF%BC%88%E2%89%A7%E2%96%BD%E2%89%A6%EF%BC%89" n2="%4B%69%6E%67%53%68%6F%77" n3="%79%61%68%6F%6F" dan="14,15,13,13" rate="1908,2011,1830,1831" sx="M,M,M,M"/><TAIKYOKU oya="0"/><INIT seed="0,0,0,5,2,45" ten="250,250,250,250" oya="0" hai0="69,129,119,102,42,38,20,57,62,58,54,72,135" hai1="27,91,89,106,3,124,118,5,77,123,7,76,59" hai2="83,47,79,18,35,11,16,29,86,105,21,120,31" hai3="66,74,80,26,40,53,130,36,34,15,68,111,71"/><T104/><D72/><U84/><E123/><V122/><F105/><W117/><G117/><T75/><D75/><U4/><E118/><V78/><F35/><W33/><G130/><T115/><D119/><U22/><E106/><V96/><F79/><N who="1" m="30281" /><E3/><V103/><F11/><W93/><G111/><T133/><D104/><U30/><E124/><V126/><F18/><W67/><G80/><T6/><D6/><U95/><E89/><V116/><F116/><W0/><G74/><T100/><D129/><U51/><E59/><V39/><F126/><W9/><G0/><T134/><D115/><U44/><E4/><V101/><F122/><W108/><G108/><T65/><D38/><U10/><E10/><V63/><F120/><W125/><G125/><T19/><D42/><AGARI ba="0,0" hai="5,7,22,27,30,42,44,51,84,91,95" m="30281" machi="42" ten="30,2000,0" yaku="8,1,52,1" doraHai="45" who="1" fromWho="0" sc="250,-20,250,20,250,0,250,0" /><INIT seed="1,0,0,1,3,135" ten="230,270,250,250" oya="1" hai0="89,35,9,74,119,95,127,55,73,76,8,113,77" hai1="52,99,85,122,78,103,81,27,12,26,40,131,20" hai2="111,108,123,32,34,6,41,64,80,114,107,44,61" hai3="87,62,24,0,126,98,63,132,50,86,110,2,29"/><U3/><E3/><V120/><F80/><W5/><G132/><T57/><D35/><N who="2" m="13354" /><F6/><W124/><G110/><N who="2" m="42025" /><F114/><W83/><G98/><T10/><D119/><U22/><E122/><N who="2" m="46635" /><F107/><W1/><G50/><T37/><D113/><U28/><E40/><V125/><F125/><N who="3" m="48235" /><G5/><T128/><D127/><U91/><E12/><V13/><F13/><W96/><G96/><T49/><D37/><U48/><E131/><V90/><F90/><N who="3" m="51551" /><G87/><T16/><D128/><U31/><E91/><V101/><F101/><W36/><G36/><T118/><D118/><U33/><E103/><V21/><F21/><AGARI ba="0,0" hai="0,1,2,21,24,29,62,63" m="51551,48235" machi="21" ten="40,8000,1" yaku="18,1,52,3" doraHai="135" who="3" fromWho="2" sc="230,0,270,0,250,-80,250,80" /><INIT seed="2,0,0,1,2,42" ten="230,270,170,330" oya="2" hai0="134,117,92,60,114,52,38,37,69,14,71,47,111" hai1="24,86,35,29,26,33,28,129,1,90,2,116,63" hai2="64,41,40,4,118,27,79,12,30,39,22,51,85" hai3="65,36,80,55,133,105,19,77,62,49,106,78,113"/><V101/><F118/><W45/><G133/><T99/><D114/><U100/><E116/><V131/><F39/><W0/><G0/><T15/><D117/><U8/><E129/><V68/><F131/><W17/><G113/><T5/><D134/><U135/><E135/><V18/><F101/><W124/><G77/><T130/><D130/><U57/><E100/><V54/><F68/><W104/><G124/><T34/><D34/><U73/><E8/><V95/><F64/><W32/><G36/><T108/><D37/><U9/><E9/><V109/><F109/><N who="0" m="42058" /><D5/><U93/><REACH who="1" step="1"/><E73/><REACH who="1" ten="230,260,170,330" step="2"/><V23/><F4/><W97/><G32/><T6/><D6/><U7/><E7/><V67/><F67/><AGARI ba="0,1" hai="1,2,24,26,28,29,33,35,57,63,67,86,90,93" machi="67" ten="30,3900,0" yaku="1,1,7,1,9,1,53,0" doraHai="42" doraHaiUra="127" who="1" fromWho="2" sc="230,0,260,49,170,-39,330,0" /><INIT seed="3,0,0,2,3,39" ten="230,309,131,330" oya="3" hai0="104,135,53,14,95,9,123,96,37,77,87,43,126" hai1="79,16,127,75,25,61,41,93,30,21,69,92,18" hai2="60,59,64,1,24,51,4,47,130,91,94,56,66" hai3="63,101,70,78,11,49,62,40,102,65,125,71,103"/><W118/><G118/><T68/><D68/><U115/><E115/><V97/><F1/><W57/><G78/><T52/><D123/><U45/><E127/><V84/><F130/><W110/><G125/><T82/><D104/><U32/><E75/><V35/><F4/><W19/><G110/><T31/><D126/><U90/><E79/><V48/><F35/><W132/><G132/><T23/><D135/><U98/><E32/><V133/><F133/><W50/><G40/><T73/><D73/><U89/><E61/><V114/><F114/><W3/><G3/><T113/><D113/><U34/><E69/><V10/><F10/><W33/><G33/><T131/><D131/><U0/><E0/><V67/><F24/><W8/><G19/><T72/><D72/><U83/><E83/><V12/><F12/><W124/><G124/><T22/><D37/><U111/><E34/><V6/><F6/><W28/><G28/><T29/><D29/><U54/><E54/><V129/><F129/><W7/><G7/><T109/><D109/><U128/><E111/><V105/><F105/><W80/><G80/><T44/><D31/><U15/><E15/><V2/><F2/><W116/><G116/><T46/><D14/><U74/><E74/><V26/><F26/><W121/><G121/><T55/><D9/><U17/><E128/><V112/><F112/><W85/><G85/><T107/><D107/><U122/><E122/><V5/><F5/><W13/><G13/><T88/><D87/><N who="1" m="52287" /><E30/><V81/><F59/><W86/><G57/><T76/><D77/><U99/><E99/><RYUUKYOKU ba="0,0" sc="230,-10,309,30,131,-10,330,-10" hai1="16,17,18,21,25,41,45,90,93,98" /><INIT seed="4,1,0,5,3,14" ten="220,339,121,320" oya="0" hai0="83,76,25,71,113,67,84,120,36,52,11,55,21" hai1="38,131,72,23,106,124,34,70,57,64,92,105,126" hai2="32,127,135,31,115,37,65,74,17,19,41,103,45" hai3="90,98,110,51,117,33,1,96,102,35,26,29,109"/><T62/><D120/><U79/><E34/><V2/><F115/><W121/><G1/><T48/><D36/><U89/><E70/><V47/><F74/><W22/><G121/><T134/><D113/><U73/><E38/><V43/><F135/><W12/><G117/><T100/><D134/><U69/><E69/><V53/><F127/><N who="1" m="48681" /><E131/><V130/><F130/><W40/><G96/><T18/><D100/><U50/><E79/><V13/><F2/><W78/><G78/><T44/><D11/><U3/><E3/><V58/><F65/><W39/><G39/><T6/><REACH who="0" step="1"/><D6/><REACH who="0" ten="210,339,121,320" step="2"/><U104/><E73/><V129/><F129/><W77/><G102/><T85/><D85/><U101/><E72/><V28/><F32/><W94/><G98/><T60/><D60/><N who="1" m="37903" /><E101/><V87/><F103/><W107/><G107/><T0/><D0/><U119/><E119/><V20/><F87/><W95/><G109/><T125/><D125/><U10/><E106/><V49/><REACH who="2" step="1"/><F19/><REACH who="2" ten="210,339,111,320" step="2"/><W88/><G110/><T93/><D93/><U122/><E104/><V132/><F132/><W5/><G94/><T15/><D15/><U56/><E105/><V68/><F68/><W118/><G95/><T24/><D24/><U30/><E92/><V123/><F123/><W42/><G26/><T128/><D128/><U82/><E122/><V86/><F86/><W99/><G12/><T75/><D75/><U97/><E97/><V54/><F54/><AGARI ba="1,2" hai="18,21,25,44,48,52,54,55,62,67,71,76,83,84" machi="54" ten="30,12000,1" yaku="1,1,7,1,52,1,54,1,53,1" doraHai="14" doraHaiUra="63" who="0" fromWho="2" sc="210,143,339,0,111,-123,320,0" owari="353,45.0,339,14.0,-12,-51.0,320,-8.0" /></mjloggm>