<mjloggm ver="2.3"><GO type="169"/><UN n0="%EF%BC%88%E2%89%A7%E2%96%BD%E2%89%A6%EF%BC%89" n1="%E3%81%A0%E3%81%84%E3%81%A0%E3%81%84" n2="%E5%AF%9B%E3%83%94%E3%82%A8%E3%83%AD" n3="%E3%82%B9%E3%83%BC%E3%83%91%E3%83%BC%E3%83%87%E3%82%B8%E3%82%BF%E3%83%AB" dan="16,17,16,16" rate="2085,2162,2067,2035" sx="M,M,M,F"/><TAIKYOKU oya="0"/><INIT seed="0,0,0,2,4,15" ten="250,250,250,250" oya="0" hai0="6,47,39,134,126,58,42,96,24,2,62,19,89" hai1="73,114,22,45,31,84,4,7,55,128,87,34,60" hai2="107,9,53,57,28,59,85,32,129,132,109,111,93" hai3="100,61,131,91,64,16,14,56,92,74,115,78,102"/><T25/><D134/><U1/><E73/><V95/><F107/><W119/><G115/><T54/><D126/><U97/><E114/><V49/><F132/><W125/><G119/><T30/><D30/><U112/><E112/><V26/><F129/><W118/><G118/><T23/><D2/><U121/><E34/><V82/><F59/><W50/><G131/><T116/><D6/><U5/><E1/><V41/><F41/><W124/><G50/><T69/><D69/><U65/><E121/><V76/><REACH who="2" step="1"/><F9/><REACH who="2" ten="250,250,240,250" step="2"/><W108/><G125/><T44/><D116/><U67/><E128/><V13/><F13/><W80/><G124/><T79/><D44/><U48/><E97/><V101/><F101/><W90/><G102/><T75/><D75/><U18/><E31/><V35/><F35/><W3/><G3/><T88/><D79/><U21/><E21/><V38/><F38/><W130/><G130/><T113/><D113/><U43/><E43/><V104/><F104/><W0/><G0/><T63/><D89/><U40/><E40/><V72/><F72/><W68/><G56/><T117/><D117/><U120/><E120/><V71/><F71/><W36/><G36/><T51/><REACH who="0" step="1"/><D24/><REACH who="0" ten="240,250,240,250" step="2"/><U127/><E127/><V33/><F33/><W46/><G46/><T106/><D106/><U27/><REACH who="1" step="1"/><E65/><REACH who="1" ten="240,240,240,250" step="2"/><V103/><F103/><W66/><G66/><T99/><D99/><U11/><E11/><V29/><F29/><W20/><G100/><T94/><AGARI ba="0,3" hai="19,23,25,39,42,47,51,54,58,62,63,88,94,96" machi="94" ten="30,11700,0" yaku="1,1,0,1,52,1,54,1,53,0" doraHai="15" doraHaiUra="123" who="0" fromWho="0" sc="240,147,240,-39,240,-39,250,-39" /><INIT seed="0,1,0,4,4,49" ten="387,201,201,211" oya="0" hai0="117,34,134,111,2,119,54,60,113,13,29,36,46" hai1="63,94,11,53,95,28,66,9,104,27,78,42,15" hai2="48,21,120,130,81,91,3,88,70,99,71,41,108" hai3="135,1,129,12,75,14,110,122,77,68,85,80,25"/><T57/><D2/><U100/><E78/><V43/><F3/><W93/><G1/><T74/><D113/><U16/><E42/><V102/><F120/><W32/><G68/><T24/><D134/><U79/><E79/><V112/><F112/><W107/><G107/><T0/><D0/><U22/><E9/><V20/><F130/><W92/><G129/><T127/><D127/><U51/><E104/><V30/><F108/><W50/><G110/><T89/><D74/><U83/><E83/><V18/><F71/><W76/><G76/><T73/><D73/><U123/><E123/><V65/><F70/><W67/><G67/><T8/><D111/><U126/><E126/><V131/><F65/><W98/><G122/><T105/><D105/><U61/><E100/><V109/><F109/><W19/><G135/><T37/><D89/><U7/><E7/><V103/><F131/><W64/><G77/><T23/><D34/><U55/><E66/><V133/><F133/><W58/><G64/><T87/><D87/><U59/><E63/><V45/><F41/><W116/><G85/><T17/><REACH who="0" step="1"/><D46/><AGARI ba="1,0" hai="11,15,16,22,27,28,46,51,53,55,59,61,94,95" machi="46" ten="30,8000,1" yaku="7,1,8,1,52,2,54,1" doraHai="49" who="1" fromWho="0" sc="387,-83,201,83,201,0,211,0" /><INIT seed="1,0,0,1,3,70" ten="304,284,201,211" oya="1" hai0="73,106,48,26,110,14,59,57,130,92,42,18,99" hai1="21,127,81,77,87,108,44,68,52,64,56,51,12" hai2="50,102,89,4,105,129,1,30,15,34,19,94,95" hai3="76,0,85,29,55,115,20,3,104,27,40,58,71"/><U114/><E114/><V22/><F129/><W79/><G71/><T75/><D106/><U49/><E127/><V88/><F105/><W96/><G115/><T119/><D119/><U132/><E132/><V97/><F50/><W135/><G40/><T16/><D130/><U60/><E108/><V39/><F39/><W38/><G38/><T17/><D110/><U133/><E133/><V107/><F107/><W37/><G37/><T41/><D26/><U7/><E7/><V118/><F118/><W54/><G135/><T66/><D14/><U103/><E103/><V123/><F123/><W25/><G85/><T128/><D128/><U62/><REACH who="1" step="1"/><E44/><REACH who="1" ten="304,274,201,211" step="2"/><V93/><F4/><W125/><G125/><T67/><D73/><U8/><E8/><V134/><F134/><W131/><G131/><T9/><D75/><U98/><E98/><V45/><F45/><W90/><G96/><T47/><D9/><U23/><E23/><V126/><F126/><W120/><G20/><T46/><D46/><U2/><E2/><V69/><F1/><W35/><G0/><T121/><D42/><U61/><E61/><V112/><F112/><W83/><G3/><T11/><D11/><U124/><E124/><V84/><F97/><W109/><G109/><T113/><D113/><U53/><E53/><V91/><F102/><W32/><G54/><T28/><D47/><U5/><E5/><V111/><F111/><W101/><G55/><T31/><D41/><U36/><E36/><V116/><F22/><W10/><G10/><T24/><D99/><U74/><E74/><V72/><F72/><RYUUKYOKU ba="0,1" sc="304,-10,274,30,201,-10,211,-10" hai1="12,21,49,51,52,56,60,62,64,68,77,81,87" /><INIT seed="1,1,1,0,5,20" ten="294,304,191,201" oya="1" hai0="50,9,71,31,102,59,97,42,90,126,79,83,57" hai1="120,64,53,52,124,98,105,116,43,89,113,95,7" hai2="94,86,16,56,17,38,47,81,2,11,70,112,54" hai3="92,13,99,131,8,28,87,0,22,93,100,128,14"/><U67/><E116/><V5/><F70/><W125/><G125/><T108/><D71/><U115/><E120/><V85/><F112/><W51/><G51/><T65/><D126/><U10/><E124/><V76/><F38/><W25/><G0/><T72/><D108/><U129/><E129/><N who="3" m="49738" /><G8/><T75/><D75/><U6/><E43/><V58/><F47/><W69/><G69/><T107/><D65/><U41/><E41/><V110/><F110/><W74/><G74/><T37/><D37/><U35/><E35/><V3/><F3/><W77/><G93/><T91/><D9/><U12/><E105/><V55/><F86/><W39/><G39/><T119/><D119/><U34/><E34/><V132/><F94/><W123/><G123/><T104/><D104/><U114/><REACH who="1" step="1"/><E7/><REACH who="1" ten="294,294,191,201" step="2"/><V1/><F5/><W30/><G100/><T101/><D102/><U80/><E80/><V103/><F103/><W26/><G99/><T18/><D97/><U49/><E49/><V29/><F81/><N who="3" m="47535" /><G92/><T19/><D101/><U130/><E130/><V84/><F132/><W117/><G117/><T33/><D50/><U23/><E23/><AGARI ba="1,2" hai="13,14,22,23,25,26,28,30" m="47535,49738" machi="23" ten="30,3900,0" yaku="19,1,52,2" doraHai="20" who="3" fromWho="1" sc="294,0,294,-42,191,0,201,62" /><INIT seed="2,0,0,0,2,40" ten="294,252,191,263" oya="2" hai0="80,13,83,93,0,77,106,91,22,108,102,66,132" hai1="24,14,75,135,56,88,126,95,10,74,76,99,52" hai2="122,64,100,28,110,92,29,15,57,9,45,63,6" hai3="94,86,53,23,60,41,115,89,104,30,70,43,54"/><V4/><F122/><W116/><G116/><T101/><D0/><U113/><E113/><V44/><F110/><W1/><G1/><T3/><D3/><U16/><E126/><V25/><F4/><W120/><G120/><T134/><D66/><U96/><E135/><N who="0" m="51753" /><D108/><U36/><E36/><V50/><F50/><W38/><G104/><T79/><D106/><U20/><E99/><N who="2" m="59495" /><F25/><W82/><G115/><T87/><D13/><U103/><E76/><N who="0" m="29257" /><D22/><U73/><E103/><AGARI ba="0,0" hai="80,83,87,91,93,101,102,103" m="29257,51753" machi="103" ten="30,3900,0" yaku="20,1,34,2" doraHai="40" who="0" fromWho="1" sc="294,39,252,-39,191,0,263,0" /><INIT seed="3,0,0,1,0,128" ten="333,213,191,263" oya="3" hai0="117,20,116,67,47,69,107,68,85,27,41,75,106" hai1="8,12,45,3,43,15,63,105,4,91,26,9,126" hai2="13,125,98,76,42,88,99,1,104,101,61,121,39" hai3="7,133,119,40,50,103,31,36,124,89,49,83,22"/><W109/><G119/><T120/><D75/><U51/><E105/><V60/><F1/><W123/><G123/><T35/><D120/><U90/><E126/><V80/><F125/><W29/><G124/><T25/><D85/><U56/><E26/><V70/><F121/><W66/><G36/><N who="0" m="21927" /><D20/><U112/><E112/><V115/><F115/><W92/><G7/><T30/><D25/><U55/><REACH who="1" step="1"/><E3/><REACH who="1" ten="333,203,191,263" step="2"/><V87/><F13/><W59/><G109/><T21/><D107/><U100/><E100/><V57/><F101/><W64/><G103/><T58/><D106/><U79/><E79/><V82/><F104/><W65/><G133/><T84/><D117/><U14/><E14/><V5/><F76/><W110/><G110/><T54/><D116/><U17/><AGARI ba="0,1" hai="4,8,9,12,15,17,43,45,51,55,56,63,90,91" machi="17" ten="20,5200,0" yaku="1,1,0,1,7,1,8,1,53,0" doraHai="128" doraHaiUra="81" who="1" fromWho="1" sc="333,-13,203,62,191,-13,263,-26" /><INIT seed="4,0,0,2,4,128" ten="320,265,178,237" oya="0" hai0="119,34,17,64,27,108,61,112,129,29,78,14,52" hai1="80,37,50,67,4,22,24,12,75,111,51,26,70" hai2="120,76,23,7,114,85,134,9,81,127,91,44,103" hai3="63,106,55,88,45,122,133,48,30,10,69,40,47"/><T20/><D119/><U35/><E37/><V19/><F120/><W41/><G106/><T130/><D112/><U62/><E111/><V90/><F114/><W68/><G30/><T57/><D108/><U86/><E75/><V56/><F127/><W21/><G21/><T8/><D78/><U33/><E33/><V121/><F121/><W5/><G122/><T96/><D96/><U72/><E72/><V105/><F44/><W13/><G133/><T32/><D32/><U74/><E74/><V71/><F71/><W49/><G88/><T95/><D95/><U126/><E126/><V94/><F105/><W101/><G101/><T131/><REACH who="0" step="1"/><D34/><REACH who="0" ten="310,265,178,237" step="2"/><U60/><E35/><V66/><F94/><W82/><G82/><T3/><D3/><U124/><E80/><V84/><F81/><W132/><G132/><T2/><D2/><U115/><E115/><V117/><F117/><W116/><G116/><T43/><D43/><U6/><E124/><V31/><F103/><W65/><G40/><T54/><AGARI ba="0,1" hai="8,14,17,20,27,29,52,54,57,61,64,129,130,131" machi="54" ten="40,12000,1" yaku="1,1,0,1,19,1,54,1,53,0" doraHai="128" doraHaiUra="113" who="0" fromWho="0" sc="310,130,265,-40,178,-40,237,-40" /><INIT seed="4,1,0,4,3,78" ten="440,225,138,197" oya="0" hai0="47,131,110,13,98,126,84,119,10,108,41,28,27" hai1="4,92,6,60,17,101,58,48,18,39,35,111,3" hai2="53,12,82,129,89,71,37,40,118,76,29,81,7" hai3="105,124,85,8,64,73,109,104,56,80,128,122,83"/><T0/><D0/><U62/><E39/><V135/><F71/><W113/><G8/><T116/><D98/><U59/><E35/><V57/><F118/><W2/><G2/><T14/><D126/><U127/><E127/><V42/><F129/><W121/><G124/><T103/><D103/><U1/><E101/><V134/><F135/><W112/><G109/><N who="0" m="42091" /><D131/><U26/><E111/><V50/><F134/><W52/><G128/><T45/><D84/><U30/><E48/><V25/><F37/><W91/><G64/><T88/><D88/><U61/><E92/><V96/><F76/><N who="3" m="44047" /><G104/><T95/><D95/><U63/><E1/><V115/><F115/><N who="3" m="44107" /><G105/><T5/><D14/><U51/><E3/><V97/><F25/><W70/><G70/><T79/><D45/><U117/><E26/><V106/><F106/><W20/><G20/><N who="0" m="15463" /><D79/><U125/><E125/><V22/><F89/><W68/><G68/><T74/><D74/><U49/><E59/><V130/><F130/><W102/><G102/><T67/><D67/><U54/><E58/><V55/><F97/><W94/><G94/><T107/><D107/><U9/><E9/><N who="2" m="4159" /><F96/><W99/><G99/><T100/><D100/><U75/><E75/><V31/><F55/><W23/><G23/><T15/><D15/><U16/><E54/><V86/><F86/><W77/><G91/><T44/><D44/><U114/><E114/><V123/><F123/><W38/><G38/><AGARI ba="1,0" hai="5,10,13,38,41,47,116,119" m="15463,42091" machi="38" ten="30,1500,0" yaku="10,1" doraHai="78" who="0" fromWho="3" sc="440,18,225,0,138,0,197,-18" /><INIT seed="4,2,0,2,1,32" ten="458,225,138,179" oya="0" hai0="11,43,24,129,117,29,105,23,108,12,16,74,3" hai1="88,38,127,100,77,46,85,102,97,59,107,122,118" hai2="106,76,79,61,1,69,34,20,89,58,64,4,37" hai3="132,90,96,92,119,87,15,33,120,103,28,8,50"/><T98/><D117/><U14/><E118/><V130/><F34/><W135/><G119/><T25/><D74/><U39/><E122/><V27/><F37/><W47/><G120/><T60/><D43/><U57/><E127/><V67/><F106/><W6/><G33/><N who="0" m="20655" /><D60/><U109/><E109/><V13/><F130/><W52/><REACH who="3" step="1"/><G28/><REACH who="3" ten="458,225,138,169" step="2"/><T99/><D108/><U78/><E107/><AGARI ba="2,1" hai="6,8,15,47,50,52,87,90,92,96,103,107,132,135" machi="107" ten="40,5200,0" yaku="1,1,2,1,54,1,53,0" doraHai="32" doraHaiUra="124" who="3" fromWho="1" sc="458,0,225,-58,138,0,169,68" /><INIT seed="5,0,0,1,5,26" ten="458,167,138,237" oya="1" hai0="116,127,85,53,36,112,13,110,86,24,102,76,40" hai1="107,54,117,8,121,7,91,125,1,73,132,25,16" hai2="128,99,32,113,56,45,65,78,15,18,83,66,100" hai3="23,108,38,19,114,20,35,42,21,50,27,126,47"/><U14/><E121/><V57/><F32/><W2/><G108/><T135/><D116/><U98/><E117/><V89/><F113/><W71/><G2/><T81/><D110/><U87/><E73/><V55/><F128/><W41/><G71/><T84/><D112/><U79/><E79/><V37/><F37/><W64/><G114/><T111/><D111/><U94/><E132/><V43/><F43/><W49/><G64/><N who="2" m="24681" /><F78/><W33/><G126/><T63/><D127/><U5/><E125/><V68/><F100/><W130/><G130/><T74/><D102/><U9/><E54/><V51/><F68/><W96/><G96/><T104/><D104/><U58/><E58/><V119/><F119/><W93/><G93/><T90/><D40/><U124/><E124/><V10/><F99/><W69/><G69/><T129/><D36/><U82/><E107/><V75/><F75/><W122/><G122/><T6/><D135/><U88/><REACH who="1" step="1"/><E25/><REACH who="1" ten="458,157,138,237" step="2"/><V105/><F105/><W123/><G123/><T97/><D24/><U17/><AGARI ba="0,1" hai="1,5,7,8,9,14,16,17,82,87,88,91,94,98" machi="17" ten="30,12000,1" yaku="1,1,2,1,0,1,54,2,53,0" doraHai="26" doraHaiUra="120" who="1" fromWho="1" sc="458,-40,157,130,138,-40,237,-40" /><INIT seed="5,1,0,1,5,3" ten="418,287,98,197" oya="1" hai0="8,26,5,7,44,14,84,127,117,33,75,37,85" hai1="96,134,95,69,39,29,56,24,64,28,92,77,82" hai2="93,100,45,120,42,74,6,40,13,58,47,133,53" hai3="25,11,76,118,59,49,125,123,16,15,91,97,121"/><U126/><E39/><V106/><F74/><W80/><G125/><T35/><D75/><U94/><E126/><V89/><F120/><W110/><G110/><T104/><D104/><U103/><E69/><V81/><F133/><W10/><G118/><T88/><D127/><U31/><E134/><V1/><F1/><W55/><G25/><T73/><D73/><U90/><E90/><V72/><F106/><W113/><G113/><T30/><D117/><U34/><E34/><V48/><F100/><W101/><G91/><T116/><D35/><U66/><E24/><V102/><F102/><W65/><G65/><T54/><D116/><U17/><E17/><V41/><F81/><W99/><G99/><T18/><D84/><U12/><E12/><V20/><F72/><W122/><G80/><T62/><D62/><N who="1" m="37959" /><E66/><V61/><F20/><W109/><G109/><T111/><D111/><U0/><E0/><V38/><F38/><W43/><G121/><T86/><D86/><AGARI ba="1,0" hai="28,29,31,77,82,86,92,94,95,96,103" m="37959" machi="86" ten="30,1500,0" yaku="8,1" doraHai="3" who="1" fromWho="0" sc="418,-18,287,18,98,0,197,0" /><INIT seed="5,2,0,4,5,111" ten="400,305,98,197" oya="1" hai0="22,52,116,74,26,76,82,67,4,20,51,45,59" hai1="77,24,43,115,50,5,12,130,89,107,90,134,129" hai2="86,118,70,35,33,58,92,72,95,75,30,83,61" hai3="81,17,3,47,71,66,78,73,49,68,93,64,54"/><U46/><E107/><V19/><F118/><W128/><G3/><T62/><D116/><U1/><E134/><V132/><F70/><W21/><G128/><N who="1" m="49258" /><E1/><V13/><F132/><W23/><G93/><T41/><D4/><U15/><E77/><V32/><F30/><W105/><G105/><T8/><D8/><N who="1" m="4111" /><E24/><V99/><F75/><W124/><G124/><T98/><D98/><U102/><E102/><V103/><F72/><W114/><G78/><T94/><D94/><U56/><E56/><V106/><F92/><W135/><G71/><T104/><D104/><U69/><E69/><V10/><F106/><W117/><G68/><T28/><REACH who="0" step="1"/><D20/><REACH who="0" ten="390,305,98,197" step="2"/><U101/><E101/><V25/><F35/><W53/><G21/><T39/><D39/><U119/><E119/><V127/><F33/><W65/><G23/><T85/><D85/><U123/><E123/><V120/><F32/><W125/><G117/><T27/><D27/><U31/><E15/><V80/><F25/><W133/><G133/><T29/><D29/><U18/><E31/><V42/><F120/><W96/><G135/><T34/><D34/><U63/><E18/><V112/><F127/><W7/><G17/><T40/><AGARI ba="2,1" hai="22,26,28,40,41,45,51,52,59,62,67,74,76,82" machi="40" ten="30,4000,0" yaku="1,1,0,1,54,1,53,0" doraHai="111" doraHaiUra="109" who="0" fromWho="0" sc="390,56,305,-22,98,-12,197,-12" /><INIT seed="6,0,0,0,5,10" ten="446,283,86,185" oya="2" hai0="102,134,123,80,59,1,124,110,78,6,72,116,21" hai1="91,63,50,55,132,0,17,117,112,49,25,22,135" hai2="26,131,100,111,27,107,13,8,125,24,38,68,88" hai3="119,20,73,36,46,37,58,71,34,66,93,82,86"/><V19/><F68/><W98/><G34/><T15/><D123/><U92/><E0/><V23/><F38/><W47/><G119/><T60/><D110/><U33/><E33/><V133/><F111/><W35/><G35/><T18/><D116/><U96/><E112/><V118/><F118/><W77/><G71/><T16/><D124/><U75/><E75/><V101/><F125/><W67/><G37/><T56/><D134/><N who="1" m="51243" /><E117/><V95/><F133/><W127/><G73/><T74/><D74/><U54/><E54/><V106/><F131/><W81/><G127/><T76/><D76/><U31/><E31/><N who="2" m="17823" /><F107/><W41/><G47/><T128/><D102/><N who="2" m="39530" /><F106/><W70/><G70/><T121/><D128/><U104/><E104/><V48/><F48/><W85/><G36/><T84/><D121/><U69/><E69/><V32/><F32/><W7/><G66/><N who="0" m="39175" /><D72/><U90/><E50/><V40/><F40/><W30/><G41/><T11/><D1/><U29/><E49/><V51/><F51/><W130/><G130/><T45/><D59/><U122/><E122/><V62/><F62/><W3/><G58/><T53/><D53/><U52/><E63/><V5/><F5/><W115/><G67/><T129/><D129/><U94/><E29/><V14/><F14/><W126/><G126/><T39/><D39/><U79/><E55/><V65/><F65/><W28/><G7/><T64/><D64/><U2/><E52/><V99/><AGARI ba="0,0" hai="8,13,19,26,27,88,95,99" m="39530,17823" machi="99" ten="30,6000,0" yaku="8,1,52,1,54,1" doraHai="10" who="2" fromWho="2" sc="446,-20,283,-20,86,60,185,-20" /><INIT seed="6,1,0,2,1,15" ten="426,263,146,165" oya="2" hai0="39,129,32,87,96,99,29,6,113,68,135,73,127" hai1="74,118,16,134,114,2,57,31,70,44,49,64,35" hai2="130,101,10,112,4,77,115,79,124,128,126,34,27" hai3="8,38,5,56,41,52,94,100,76,13,107,51,47"/><V0/><F101/><W121/><G121/><T84/><D73/><U14/><E2/><V40/><F40/><W62/><G76/><T75/><D75/><U7/><E118/><V72/><F72/><W48/><REACH who="3" step="1"/><G94/><REACH who="3" ten="426,263,146,155" step="2"/><T45/><D129/><N who="2" m="49770" /><F79/><W105/><G105/><T69/><D127/><N who="2" m="48682" /><F77/><W98/><AGARI ba="1,1" hai="5,8,13,38,41,47,48,51,52,56,62,98,100,107" machi="98" ten="30,4000,0" yaku="1,1,0,1,54,1,53,0" doraHai="15" doraHaiUra="30" who="3" fromWho="3" sc="426,-11,263,-11,146,-21,155,53" /><INIT seed="7,0,0,0,5,94" ten="415,252,125,208" oya="3" hai0="125,79,134,57,49,70,113,80,3,20,119,62,43" hai1="7,110,5,48,90,22,9,47,39,107,36,127,116" hai2="128,19,84,98,71,15,12,87,105,124,123,60,45" hai3="101,106,122,81,46,61,38,104,35,131,8,72,68"/><W37/><G122/><T25/><D3/><U65/><E110/><V33/><F33/><W100/><G100/><T73/><D119/><U69/><E107/><N who="3" m="41002" /><G101/><T18/><D70/><U117/><E90/><V108/><F108/><W66/><G131/><T0/><D0/><U86/><E86/><V56/><F123/><W13/><G13/><T16/><D134/><U96/><E22/><V111/><F111/><W120/><G8/><T24/><D24/><U92/><E7/><V67/><F128/><W30/><G46/><T75/><D75/><U59/><E47/><V129/><F129/><W58/><G58/><T91/><D91/><U88/><E116/><V51/><F124/><W99/><G99/><T103/><D103/><U41/><E127/><V55/><F71/><W93/><G93/><T74/><D74/><U17/><E69/><V130/><F130/><W44/><G44/><N who="0" m="25759" /><D125/><U32/><E117/><V29/><F29/><W112/><G112/><T26/><D113/><U83/><E17/><N who="0" m="6761" /><D20/><U11/><E48/><V118/><F118/><W133/><G133/><T76/><D76/><U78/><E59/><V85/><F105/><W28/><G28/><T34/><D34/><U97/><E32/><V115/><F115/><W53/><G120/><T42/><D42/><U50/><E65/><V23/><F15/><W14/><G14/><T52/><D73/><U95/><E11/><V114/><F114/><W63/><G30/><T89/><D79/><U64/><E78/><V121/><F121/><W10/><G68/><T77/><D77/><U40/><E9/><V21/><F21/><RYUUKYOKU ba="0,0" sc="415,15,252,-15,125,15,208,-15" hai0="25,26,52,57,62,80,89" hai2="12,19,23,45,51,55,56,60,67,84,85,87,98" owari="430,53.0,237,4.0,140,-36.0,193,-21.0" /></mjloggm>