<mjloggm ver="2.3"><GO type="137" lobby="0"/><UN n0="%E5%A5%A5%E7%94%B0" n1="%74%6F%63%6F%72%6F%74%65" n2="%E3%81%8F%E3%82%89%E3%81%92%E4%B8%B8" n3="%E3%82%A6%E3%83%AB%E3%83%88%E3%83%A9%E7%AB%8B%E7%9B%B4" dan="12,13,12,16" rate="1675.78,1737.58,1891.57,2014.55" sx="M,M,M,M"/><TAIKYOKU oya="0"/><INIT seed="0,0,0,2,1,65" ten="250,250,250,250" oya="0" hai0="67,13,76,26,15,94,113,39,19,37,91,122,23" hai1="135,79,99,82,60,85,95,104,52,69,110,134,111" hai2="101,22,131,66,92,6,86,107,57,108,2,24,61" hai3="100,126,96,70,21,56,106,1,109,38,133,117,90"/><T16/><D122/><U49/><E104/><V72/><F72/><W62/><G117/><T98/><D113/><U50/><E60/><V63/><F107/><W11/><G38/><T84/><D67/><U30/><E69/><V125/><F131/><W102/><G102/><T47/><D47/><U132/><E30/><V36/><F36/><W12/><G126/><T130/><D130/><U5/><E5/><V51/><F125/><W28/><G1/><T80/><D26/><U4/><E4/><V0/><F6/><W93/><G133/><T75/><D75/><U3/><E3/><V25/><F25/><W127/><G127/><T83/><D83/><U124/><E124/><V20/><F20/><AGARI ba="0,0" hai="13,15,16,19,20,23,37,39,76,80,84,91,94,98" machi="20" ten="30,5800,0" yaku="7,1,9,1,54,1" doraHai="65" who="0" fromWho="2" sc="250,58,250,0,250,-58,250,0" /><INIT seed="0,1,0,1,4,48" ten="308,250,192,250" oya="0" hai0="85,126,50,40,55,79,13,35,12,24,45,88,36" hai1="47,20,120,5,66,7,110,67,6,9,95,74,15" hai2="72,16,51,119,77,132,124,128,57,84,98,8,116" hai3="69,94,27,58,70,127,31,34,93,19,134,49,99"/><T73/><D126/><U130/><E120/><V26/><F124/><W75/><G75/><T44/><D73/><U22/><E110/><V113/><F113/><W133/><G127/><T96/><D35/><U83/><E130/><V106/><F128/><W118/><G118/><T43/><D79/><U2/><E2/><V60/><F72/><W59/><G59/><T71/><D71/><U54/><E74/><V111/><F111/><W53/><G94/><T30/><D96/><U108/><E108/><V14/><F132/><W131/><G131/><T122/><D122/><U117/><E117/><V56/><F98/><W37/><G37/><T123/><D123/><U86/><E95/><V23/><F106/><W102/><REACH who="3" step="1"/><G19/><REACH who="3" ten="308,250,192,240" step="2"/><T97/><D97/><U42/><E67/><V76/><F116/><W78/><G78/><T11/><D11/><U1/><E66/><V115/><F115/><W62/><G62/><T68/><D68/><AGARI ba="1,1" hai="27,31,34,49,53,58,68,69,70,93,99,102,133,134" machi="68" ten="40,5200,0" yaku="1,1,52,1,53,1" doraHai="48" doraHaiUra="21" who="3" fromWho="0" sc="308,-55,250,0,192,0,240,65" /><INIT seed="1,0,0,1,5,107" ten="253,250,192,305" oya="1" hai0="123,132,110,95,4,85,94,76,131,61,73,74,36" hai1="11,69,12,46,18,22,71,47,105,96,50,2,72" hai2="90,108,118,16,14,125,93,121,82,43,20,51,66" hai3="114,24,33,116,128,19,91,113,6,55,84,115,32"/><U5/><E47/><V126/><F118/><W101/><G116/><T112/><D36/><U92/><E105/><V89/><F121/><W54/><G128/><T38/><D38/><U67/><E67/><V134/><F66/><W35/><G101/><T40/><D40/><U15/><E2/><V83/><F108/><W117/><G117/><T48/><D48/><U75/><E71/><V10/><F134/><W120/><G120/><T106/><D61/><U25/><E69/><V102/><F125/><W26/><G6/><T23/><D4/><U58/><E58/><V104/><F104/><W80/><REACH who="3" step="1"/><G19/><REACH who="3" ten="253,250,192,295" step="2"/><T109/><D123/><U135/><E135/><V97/><F126/><W28/><G28/><T39/><D132/><U3/><E3/><V44/><F82/><W0/><G0/><T29/><D131/><U130/><E130/><V81/><F83/><W63/><G63/><T79/><D112/><U77/><E77/><N who="0" m="29769" /><D29/><U100/><REACH who="1" step="1"/><E25/><AGARI ba="0,1" hai="24,25,26,32,33,35,54,55,80,84,91,113,114,115" machi="25" ten="50,1600,0" yaku="1,1,53,0" doraHai="107" doraHaiUra="41" who="3" fromWho="1" sc="253,0,250,-16,192,0,295,26" /><INIT seed="2,0,0,2,3,61" ten="253,234,192,321" oya="2" hai0="96,36,48,33,125,116,64,102,74,78,86,107,83" hai1="26,132,100,88,121,13,130,27,109,129,104,63,1" hai2="29,101,12,115,8,68,35,21,14,72,56,54,106" hai3="34,81,52,98,75,93,15,17,40,7,25,46,39"/><V135/><F68/><W9/><G34/><T45/><D36/><U73/><E1/><V49/><F72/><W44/><G25/><T24/><D116/><U11/><E121/><V90/><F115/><W50/><G75/><T4/><D125/><U60/><E109/><V19/><F135/><W70/><G70/><T89/><D4/><U69/><E132/><V59/><F101/><W92/><G98/><T126/><D126/><U47/><E73/><V41/><F106/><W3/><REACH who="3" step="1"/><G81/><REACH who="3" ten="253,234,192,311" step="2"/><T66/><D33/><U58/><E69/><V119/><F35/><W22/><AGARI ba="0,1" hai="3,7,9,15,17,22,39,40,44,46,50,52,92,93" machi="22" ten="20,8000,1" yaku="1,1,2,1,0,1,7,1,54,1,53,0" doraHai="61" doraHaiUra="127" who="3" fromWho="3" sc="253,-20,234,-20,192,-40,311,90" /><INIT seed="3,0,0,0,1,90" ten="233,214,152,401" oya="3" hai0="131,28,52,135,56,36,18,122,115,34,108,94,88" hai1="26,24,54,120,133,105,111,124,125,61,15,114,68" hai2="73,49,132,109,96,41,12,38,30,33,43,58,51" hai3="134,6,44,31,37,7,5,35,65,118,50,77,63"/><W48/><G118/><T123/><D36/><U89/><E105/><V110/><F73/><W82/><G134/><T27/><D135/><U99/><E120/><V3/><F3/><W130/><G130/><T13/><D131/><U70/><E133/><V20/><F132/><W46/><G31/><T116/><D116/><U4/><E114/><V104/><F33/><W69/><G35/><T23/><D115/><U25/><E111/><V1/><F1/><W107/><G107/><T14/><D108/><U119/><E119/><V79/><F79/><W93/><G37/><T101/><D101/><U121/><E121/><V81/><F81/><W83/><G83/><T42/><D14/><U98/><E70/><V55/><F12/><W60/><G82/><T21/><D42/><U64/><E54/><V129/><F20/><W97/><G77/><T76/><D76/><U102/><E89/><V80/><F30/><W95/><G97/><T32/><D123/><U11/><REACH who="1" step="1"/><E102/><REACH who="1" ten="233,204,152,401" step="2"/><N who="2" m="62535" /><F129/><W59/><G69/><T40/><D122/><U71/><E71/><V72/><F110/><W66/><G66/><T29/><D40/><U47/><E47/><V86/><F41/><N who="3" m="24591" /><G63/><T62/><D29/><U22/><E22/><V78/><F43/><AGARI ba="0,1" hai="5,6,7,43,46,50,59,60,65,93,95" m="24591" machi="43" ten="30,5800,0" yaku="8,1,52,2" doraHai="90" who="3" fromWho="2" sc="233,0,204,0,152,-58,401,68" /><INIT seed="3,1,0,4,3,58" ten="233,204,94,469" oya="3" hai0="99,125,63,64,91,59,113,22,67,38,11,48,74" hai1="82,73,69,19,126,87,81,103,60,107,37,10,39" hai2="70,102,75,109,7,40,131,86,119,90,1,26,112" hai3="13,61,132,135,78,52,108,28,72,106,120,21,128"/><W5/><G106/><T84/><D74/><U89/><E126/><V80/><F70/><W45/><G120/><T96/><D38/><U79/><E107/><V47/><F109/><W121/><G121/><T54/><D125/><U133/><E103/><V29/><F112/><W14/><G108/><T43/><D113/><U104/><E104/><V129/><F119/><W50/><G128/><T31/><D11/><U134/><E134/><V83/><F102/><W25/><G78/><T16/><D31/><U41/><E133/><N who="3" m="51274" /><G72/><T57/><D43/><U115/><E115/><V114/><F114/><W88/><G5/><T34/><D34/><U20/><E10/><V92/><F1/><W77/><G77/><T122/><D122/><U30/><E30/><V85/><F7/><W3/><G3/><T53/><D96/><U24/><REACH who="1" step="1"/><E41/><REACH who="1" ten="233,194,94,469" step="2"/><V123/><F123/><W93/><G61/><T6/><D99/><AGARI ba="1,1" hai="13,14,21,25,28,45,50,52,88,93,99" m="51274" machi="99" ten="30,5800,0" yaku="20,1,54,2" doraHai="58" who="3" fromWho="0" sc="233,-61,194,0,94,0,469,71" /><INIT seed="3,2,0,4,3,5" ten="172,194,94,540" oya="3" hai0="107,117,44,36,94,47,123,8,122,16,110,65,80" hai1="121,23,64,135,19,55,35,57,7,101,112,29,87" hai2="59,45,119,46,41,51,102,83,1,38,67,50,49" hai3="25,10,13,28,125,95,42,53,98,9,79,120,73"/><W88/><G125/><T69/><D107/><U15/><E121/><V63/><F1/><W20/><G120/><T129/><D117/><U12/><E112/><V103/><F83/><W114/><G114/><T82/><D69/><U62/><E135/><V115/><F103/><W132/><G132/><T133/><D129/><U2/><E101/><V48/><F102/><W0/><G0/><T78/><D133/><U11/><E15/><V93/><F93/><W70/><G70/><T54/><D110/><U40/><E40/><N who="2" m="22679" /><F115/><W6/><G42/><T72/><D65/><U131/><E131/><V124/><F124/><W76/><G73/><T56/><D94/><U30/><E30/><V27/><F27/><W75/><G75/><T92/><D92/><U105/><E105/><V33/><F33/><W90/><G90/><T130/><D130/><U128/><E128/><V18/><F18/><W4/><G53/><T85/><D36/><U37/><E37/><V113/><F113/><W118/><G118/><T52/><D56/><U74/><E74/><V84/><F84/><W24/><G24/><T32/><D32/><U34/><E87/><V127/><F127/><W91/><G91/><T43/><D72/><U86/><E86/><V77/><F77/><W99/><G99/><T68/><D68/><U60/><E29/><V109/><F109/><W116/><G116/><AGARI ba="2,0" hai="41,46,48,49,50,51,59,63,67,116,119" m="22679" machi="116" ten="30,2000,0" yaku="34,2" doraHai="5" who="2" fromWho="3" sc="172,0,194,0,94,26,540,-26" /><INIT seed="4,0,0,3,1,43" ten="172,194,120,514" oya="0" hai0="24,106,98,93,16,101,78,54,63,1,103,19,23" hai1="81,35,107,14,61,119,40,114,52,91,6,65,77" hai2="124,129,42,117,131,73,5,41,53,62,125,110,17" hai3="3,9,109,44,89,108,7,47,49,111,85,33,80"/><T15/><D1/><U102/><E119/><V29/><F73/><W86/><G33/><T4/><D78/><U8/><E114/><V12/><F117/><W10/><G49/><T95/><D4/><U60/><E40/><N who="2" m="15467" /><F29/><W36/><G36/><T104/><D63/><U100/><E35/><V123/><F5/><W56/><G56/><T113/><D113/><U0/><E107/><V68/><F123/><W132/><G132/><T97/><REACH who="0" step="1"/><D54/><REACH who="0" ten="162,194,120,514" step="2"/><U28/><E61/><V130/><F53/><W120/><G120/><T90/><D90/><U51/><E91/><V67/><F110/><W96/><G7/><T38/><D38/><U121/><E121/><V133/><F133/><W45/><G3/><T84/><D84/><U58/><E0/><V64/><F64/><W34/><G96/><T37/><D37/><U13/><E77/><V134/><F134/><W128/><G89/><T92/><D92/><U135/><E135/><V72/><F72/><W69/><G80/><T88/><D88/><U27/><E81/><V31/><F129/><W71/><G128/><T112/><D112/><U18/><E6/><V105/><F130/><W122/><G122/><T82/><D82/><U87/><E87/><N who="3" m="33290" /><G34/><T57/><D57/><U20/><REACH who="1" step="1"/><E14/><REACH who="1" ten="162,184,120,514" step="2"/><V46/><F12/><W21/><G108/><T75/><D75/><U118/><E118/><V126/><F131/><W26/><G109/><T59/><D59/><AGARI ba="0,2" hai="8,13,18,20,27,28,51,52,58,59,60,65,100,102" machi="59" ten="30,7700,0" yaku="1,1,7,1,8,1,54,1,53,0" doraHai="43" doraHaiUra="116" who="1" fromWho="0" sc="162,-77,184,97,120,0,514,0" /><INIT seed="5,0,0,2,5,115" ten="85,281,120,514" oya="1" hai0="45,83,130,0,74,97,20,50,106,99,29,86,52" hai1="49,125,70,18,127,88,41,13,60,57,98,128,51" hai2="90,2,67,21,33,14,82,36,30,101,111,78,1" hai3="4,39,132,89,87,44,85,46,135,107,62,92,31"/><U133/><E133/><V25/><F36/><W64/><G107/><T7/><D74/><U28/><E128/><V124/><F67/><W43/><G4/><T19/><D130/><U5/><E70/><V71/><F71/><W66/><G31/><T12/><D106/><U63/><E28/><V17/><F124/><N who="1" m="47689" /><E5/><V34/><F111/><W35/><G35/><T95/><D29/><U53/><E60/><V8/><F90/><W15/><G15/><T23/><D0/><N who="2" m="106" /><F101/><W103/><G103/><T134/><D134/><N who="3" m="51241" /><G62/><T121/><D121/><U112/><E41/><V117/><F82/><N who="3" m="49335" /><G87/><T119/><D7/><U54/><E54/><V6/><F78/><W77/><G77/><T80/><D23/><N who="1" m="11727" /><E112/><V81/><F81/><W11/><G11/><T114/><D114/><U76/><E76/><V91/><F33/><W102/><G44/><T75/><D75/><U93/><AGARI ba="0,0" hai="49,51,53,57,63,88,93,98" m="11727,47689" machi="93" ten="30,3000,0" yaku="18,1,54,1" doraHai="115" who="1" fromWho="1" sc="85,-10,281,30,120,-10,514,-10" /><INIT seed="5,1,0,4,2,130" ten="75,311,110,504" oya="1" hai0="69,48,53,35,99,105,124,108,85,96,1,51,92" hai1="43,6,25,55,0,90,58,93,28,94,121,76,84" hai2="100,101,119,8,50,19,117,102,61,47,135,9,62" hai3="24,79,2,123,36,23,132,131,12,56,42,107,33"/><U17/><E121/><V21/><F135/><W111/><G56/><T74/><D69/><U114/><E114/><V89/><F89/><W31/><G79/><T60/><D1/><U125/><E43/><V81/><F81/><W34/><G42/><T120/><D35/><U68/><E68/><V39/><F39/><W126/><G12/><T30/><D30/><U83/><E125/><V15/><F117/><W80/><G80/><T97/><D60/><N who="2" m="23146" /><F119/><W73/><G23/><T46/><D120/><U113/><E113/><V95/><F95/><W63/><G24/><T41/><D124/><U45/><E94/><V29/><F29/><W67/><G31/><T129/><D129/><U59/><E0/><V64/><F64/><W3/><G63/><T70/><D70/><U133/><E6/><V98/><F98/><W109/><G109/><T104/><D74/><U27/><E133/><V112/><F112/><W77/><G77/><T49/><D108/><U115/><E115/><V13/><F13/><W10/><G67/><T128/><D128/><U22/><E27/><V127/><F127/><W66/><G66/><T122/><D122/><U103/><E103/><V71/><F71/><W4/><G3/><T72/><D72/><U5/><E28/><V20/><F20/><W52/><G2/><T37/><REACH who="0" step="1"/><D53/><AGARI ba="1,0" hai="8,9,15,19,21,47,50,53,100,101,102" m="23146" machi="53" ten="30,1000,0" yaku="8,1" doraHai="130" who="2" fromWho="0" sc="75,-13,311,0,110,13,504,0" /><INIT seed="6,0,0,2,4,59" ten="62,311,123,504" oya="2" hai0="134,37,123,126,127,20,1,77,40,102,67,66,18" hai1="49,19,100,109,116,33,3,9,108,98,56,115,15" hai2="104,17,92,81,101,80,58,68,0,106,70,8,4" hai3="105,90,129,114,23,91,118,84,71,14,119,39,44"/><V122/><F122/><W41/><G105/><T135/><D1/><U103/><E116/><V38/><F38/><W7/><G71/><T94/><D77/><U29/><E115/><V110/><F104/><W73/><G73/><T64/><D102/><U2/><E100/><V26/><F106/><W57/><G114/><T130/><D94/><U124/><E124/><V96/><F68/><W5/><G129/><T12/><D123/><U111/><E29/><V13/><F70/><W54/><G90/><T78/><D78/><U48/><E33/><V42/><F110/><W16/><G5/><T36/><D40/><U75/><E75/><V27/><F42/><W30/><G7/><T10/><D10/><U22/><E56/><V52/><F0/><W97/><G97/><T74/><D74/><U25/><E98/><V55/><F55/><W117/><G30/><T72/><D72/><U51/><REACH who="1" step="1"/><E103/><REACH who="1" ten="62,301,123,504" step="2"/><V87/><F101/><W31/><G31/><T88/><D88/><U89/><E89/><V121/><F96/><W35/><G35/><T120/><D120/><U132/><E132/><N who="0" m="50729" /><D37/><U125/><E125/><N who="0" m="47625" /><D36/><U45/><E45/><V112/><F121/><W46/><G46/><T61/><D61/><U76/><E76/><V95/><F112/><W53/><G44/><T83/><D83/><U82/><E82/><V85/><F81/><W34/><G39/><T131/><AGARI ba="0,1" hai="12,18,20,64,66,67,130,131" m="47625,50729" machi="131" ten="40,8000,1" yaku="30,2,20,1,18,1" doraHai="59" who="0" fromWho="0" sc="62,90,301,-20,123,-40,504,-20" /><INIT seed="7,0,0,3,1,6" ten="152,281,83,484" oya="3" hai0="58,44,116,135,95,47,67,50,85,42,51,70,29" hai1="119,10,84,14,100,128,62,43,40,31,131,7,129" hai2="12,83,130,23,64,52,112,57,27,20,105,82,121" hai3="36,1,80,5,107,15,54,81,22,0,17,114,68"/><W86/><G107/><T25/><D116/><U97/><E119/><V24/><F105/><W19/><G68/><T106/><D106/><U8/><E84/><V46/><F130/><W108/><G114/><T90/><D70/><U104/><E62/><V3/><F3/><W63/><G5/><T69/><D69/><U92/><E31/><V123/><F112/><W120/><G36/><T115/><D115/><U111/><E111/><V2/><F2/><W117/><G117/><T125/><D135/><U56/><E56/><V71/><F71/><W101/><G101/><T77/><D125/><U13/><REACH who="1" step="1"/><E104/><REACH who="1" ten="152,271,83,484" step="2"/><V122/><F46/><W66/><G108/><T45/><D58/><U109/><E109/><V39/><F64/><W127/><G66/><T49/><D67/><U4/><AGARI ba="0,1" hai="4,7,8,10,13,14,40,43,92,97,100,128,129,131" machi="4" ten="30,12000,2" yaku="1,1,0,1,9,1,19,1,52,2,53,1" doraHai="6" doraHaiUra="93" who="1" fromWho="1" sc="152,-30,271,130,83,-30,484,-60" owari="122,-28.0,401,20.0,53,-45.0,424,53.0" /></mjloggm>