<mjloggm ver="2.3"><GO type="41"/><UN n0="%63%68%69%6E%67%40%6A%61" n1="%E6%B2%B9%E9%B3%A5" n2="%E3%82%BB%E3%83%8D%E3%82%AC%E3%83%AB%E4%BB%A3%E8%A1%A8" n3="%EF%BC%88%E2%89%A7%E2%96%BD%E2%89%A6%EF%BC%89" dan="13,13,15,13" rate="1843,1846,1879,2001" sx="M,M,M,M"/><TAIKYOKU oya="0"/><INIT seed="0,0,0,0,5,113" ten="250,250,250,250" oya="0" hai0="63,74,84,117,89,15,104,20,125,50,70,76,67" hai1="1,40,16,2,87,58,18,30,86,80,78,133,69" hai2="64,106,71,96,49,53,81,44,107,91,22,54,79" hai3="75,37,112,55,102,52,115,62,105,103,43,14,9"/><T123/><D104/><U109/><E69/><V45/><F71/><W61/><G75/><T29/><D123/><U7/><E133/><V51/><F64/><W93/><G105/><T65/><D125/><U39/><E30/><V13/><F96/><W77/><G77/><T94/><D67/><U11/><E109/><V60/><F60/><N who="3" m="23147" /><G37/><T36/><D36/><U118/><E1/><V66/><F66/><W38/><G38/><T114/><D114/><U127/><E127/><V135/><F135/><W59/><G115/><T73/><D76/><U31/><E31/><V88/><F106/><W46/><G112/><T6/><D117/><U130/><E118/><V99/><F99/><N who="3" m="59759" /><G103/><T110/><D110/><U23/><E18/><V121/><F107/><W34/><G34/><T132/><D132/><U8/><E8/><V42/><F121/><W85/><G85/><T41/><D41/><U0/><E0/><V119/><F42/><W98/><G98/><T131/><D131/><U95/><E130/><V33/><F119/><W72/><G72/><T32/><D32/><U24/><E95/><V128/><F128/><W90/><G90/><T111/><D111/><U28/><E28/><V92/><F33/><W26/><G59/><T35/><D35/><U57/><E86/><N who="2" m="48447" /><F92/><W25/><G43/><T82/><D94/><U12/><E2/><V108/><F108/><W83/><G83/><T68/><D68/><U120/><E120/><V116/><F116/><W134/><G134/><T101/><D101/><U19/><E7/><V97/><F97/><W5/><G55/><T129/><D129/><RYUUKYOKU ba="0,0" sc="250,-30,250,10,250,10,250,10" hai1="11,12,16,19,23,24,39,40,57,58,78,80,87" hai2="13,22,44,45,49,51,53,54,88,91" hai3="5,9,14,25,26,46,52" /><INIT seed="1,1,0,5,1,94" ten="220,260,260,260" oya="1" hai0="97,88,100,56,33,126,42,104,38,16,108,36,120" hai1="18,34,3,103,62,9,21,47,75,7,130,26,69" hai2="43,13,68,4,85,46,63,132,99,1,112,119,66" hai3="127,48,27,32,41,135,50,15,93,44,82,58,80"/><U74/><E130/><V39/><F119/><W24/><G135/><T118/><D33/><U22/><E103/><V12/><F132/><W8/><G127/><T77/><D108/><U109/><E109/><V23/><F99/><W71/><G71/><T45/><D126/><U89/><E47/><V111/><F111/><W91/><G32/><T53/><D118/><U129/><E129/><V102/><F112/><W31/><G58/><T40/><D77/><U37/><E37/><V121/><F102/><W110/><G50/><T90/><D120/><U95/><E34/><V78/><F23/><N who="3" m="15775" /><G27/><T105/><D105/><U101/><E101/><V73/><F85/><N who="3" m="52463" /><G110/><T14/><D40/><U2/><E2/><V98/><F121/><W35/><G35/><T113/><D36/><U6/><E6/><AGARI ba="1,0" hai="6,8,15,41,44,48,80,82" m="52463,15775" machi="6" ten="30,1000,0" yaku="8,1" doraHai="94" who="3" fromWho="1" sc="220,0,260,-13,260,0,260,13" /><INIT seed="2,0,0,1,4,11" ten="220,247,260,273" oya="2" hai0="46,35,6,130,52,101,98,103,74,61,96,62,37" hai1="122,32,36,81,89,14,108,50,5,104,2,66,90" hai2="44,41,128,129,21,28,38,48,83,135,133,1,3" hai3="60,15,72,71,119,0,76,127,59,63,116,40,42"/><V132/><F83/><W113/><G0/><T124/><D35/><U56/><E104/><V53/><F28/><W25/><G25/><T23/><D74/><U54/><E36/><V34/><F21/><W13/><G127/><T93/><D124/><U134/><E122/><V69/><F34/><W30/><G30/><T115/><D130/><N who="2" m="50282" /><F1/><W121/><G121/><T125/><D115/><U8/><E134/><V24/><F24/><W7/><G113/><T75/><D75/><U82/><E108/><V99/><F3/><W22/><G119/><T39/><D125/><U79/><E32/><V92/><F69/><W78/><G116/><T111/><D111/><U102/><E102/><N who="2" m="60775" /><F38/><W68/><G72/><T12/><D39/><U58/><E2/><V117/><F117/><W123/><G123/><T106/><D37/><U120/><E120/><V95/><F95/><W97/><G97/><T49/><D6/><U55/><E66/><V4/><F4/><W16/><G7/><T47/><D47/><U131/><E131/><V70/><F70/><W67/><G13/><T19/><AGARI ba="0,0" hai="12,19,23,46,49,52,61,62,93,96,98,101,103,106" machi="19" ten="30,4000,0" yaku="0,1,52,1,54,1" doraHai="11" who="0" fromWho="0" sc="220,40,247,-10,260,-20,273,-10" /><INIT seed="3,0,0,5,5,93" ten="260,237,240,263" oya="3" hai0="115,120,131,33,29,15,42,123,55,17,119,46,90" hai1="89,44,20,133,71,21,68,116,12,117,40,52,13" hai2="67,56,109,28,124,6,11,103,3,30,108,126,88" hai3="101,62,18,76,8,1,94,22,127,14,98,128,91"/><W31/><G128/><T26/><D119/><N who="1" m="45643" /><E133/><V70/><F70/><N who="1" m="26665" /><E89/><V129/><F129/><W64/><G127/><N who="2" m="48681" /><F103/><W32/><G76/><T69/><D69/><U114/><E114/><V61/><F88/><W0/><G32/><T95/><D131/><U54/><E20/><V97/><F97/><W35/><G35/><T58/><D115/><U48/><E21/><V37/><F37/><W7/><G31/><AGARI ba="0,0" hai="3,6,11,28,30,31,56,61,67,108,109" m="48681" machi="31" ten="30,1000,0" yaku="18,1" doraHai="93" who="2" fromWho="3" sc="260,0,237,0,240,10,263,-10" /><INIT seed="4,0,0,4,4,75" ten="260,237,250,253" oya="0" hai0="106,30,61,45,36,94,82,118,5,51,103,28,125" hai1="8,7,65,83,89,117,38,115,74,49,93,40,55" hai2="4,112,71,98,6,35,124,87,42,70,27,10,13" hai3="48,22,121,85,120,69,59,52,57,39,60,62,109"/><T79/><D106/><U97/><E117/><V34/><F112/><W32/><G32/><T90/><D36/><U102/><E65/><V68/><F98/><W111/><G22/><T132/><D132/><U2/><E38/><V20/><F124/><W131/><G85/><T31/><D125/><U15/><E40/><V21/><F42/><W29/><G29/><T119/><D103/><U47/><E115/><V17/><F4/><W11/><G11/><T86/><D5/><U116/><E116/><V64/><F87/><W23/><G23/><T128/><D61/><U73/><E2/><V99/><F64/><N who="3" m="41095" /><G39/><T78/><D128/><U126/><E126/><V43/><F43/><W130/><G111/><T14/><D119/><U25/><E25/><V135/><F135/><W19/><G19/><T84/><D118/><U9/><E9/><V56/><F99/><W41/><G109/><T122/><D14/><U113/><E113/><V110/><F110/><W26/><G26/><T77/><D122/><N who="3" m="47209" /><G41/><AGARI ba="0,0" hai="28,30,31,41,45,51,77,78,79,82,84,86,90,94" machi="41" ten="40,12000,1" yaku="8,1,52,3" doraHai="75" who="0" fromWho="3" sc="260,120,237,0,250,0,253,-120" /><INIT seed="4,1,0,5,2,57" ten="380,237,250,133" oya="0" hai0="112,102,91,87,0,100,120,50,41,81,15,46,135" hai1="63,1,36,16,101,83,68,110,11,65,35,33,71" hai2="54,76,55,74,84,2,52,5,9,14,61,117,114" hai3="17,128,25,107,131,45,10,28,62,13,3,20,115"/><T29/><D0/><U70/><E110/><V104/><F104/><W134/><G107/><T93/><D135/><U89/><E36/><V132/><F132/><W127/><G134/><T94/><D112/><U125/><E125/><V86/><F114/><W22/><G115/><T59/><D120/><U66/><E101/><V48/><F117/><W4/><G45/><T42/><D29/><U7/><E66/><V53/><F74/><W64/><REACH who="3" step="1"/><G127/><REACH who="3" step="2"/><T37/><D37/><U126/><E126/><V21/><F48/><W119/><G119/><T99/><D42/><U95/><E70/><AGARI ba="1,1" hai="3,4,10,13,17,20,22,25,28,62,64,70,128,131" machi="70" ten="40,2600,0" yaku="1,1,52,1,53,0" doraHai="57" doraHaiUra="96" who="3" fromWho="1" sc="380,0,237,-29,250,0,123,39" /><INIT seed="5,0,0,1,4,52" ten="380,208,250,162" oya="1" hai0="48,112,63,35,97,79,24,75,18,58,23,41,7" hai1="47,107,81,21,98,8,9,55,5,19,59,53,73" hai2="120,43,64,115,122,49,72,1,102,74,54,92,32" hai3="66,117,96,16,70,91,31,68,83,109,38,99,85"/><U119/><E119/><V22/><F32/><W116/><G109/><T45/><D112/><U46/><E107/><V106/><F106/><W42/><G31/><T135/><D135/><U88/><E73/><V123/><F1/><W39/><G42/><T124/><D124/><U125/><E125/><V13/><F64/><W105/><G66/><T114/><D35/><U12/><E55/><V126/><F126/><W3/><G3/><T82/><D7/><U27/><E8/><V94/><F43/><W134/><G105/><T133/><D133/><U101/><E101/><V95/><F102/><W60/><G60/><T118/><D114/><U111/><E111/><V131/><F131/><W14/><G134/><T129/><D129/><U110/><E110/><V71/><F71/><N who="3" m="27179" /><G39/><T56/><D118/><N who="3" m="45673" /><G38/><T34/><D34/><U62/><E81/><V33/><F33/><W127/><G127/><T132/><D132/><U87/><E87/><V93/><F115/><W67/><G67/><T44/><D44/><U78/><E78/><V69/><F69/><W130/><G130/><T15/><D63/><U76/><E76/><V57/><F120/><W103/><G103/><T100/><D24/><U113/><E113/><V28/><F123/><W11/><AGARI ba="0,0" hai="11,14,16,83,85,91,96,99" m="45673,27179" machi="11" ten="30,2000,0" yaku="12,1,54,1" doraHai="52" who="3" fromWho="3" sc="380,-5,208,-10,250,-5,162,20" /><INIT seed="6,0,0,2,1,38" ten="375,198,245,182" oya="2" hai0="104,59,75,89,9,105,118,33,97,85,47,1,30" hai1="120,111,4,124,58,71,121,107,19,92,13,86,95" hai2="10,29,116,32,2,21,26,24,67,51,11,99,127" hai3="115,5,56,40,74,37,27,61,66,52,76,83,23"/><V131/><F116/><W133/><G133/><T122/><D75/><U45/><E111/><V80/><F67/><W78/><G115/><T57/><D122/><N who="1" m="47211" /><E71/><V36/><F36/><W60/><G5/><T91/><D118/><U103/><E4/><V48/><F127/><W113/><G113/><T43/><D30/><U62/><E124/><V46/><F131/><W134/><G134/><T55/><D59/><U112/><E112/><V108/><F108/><W88/><G78/><T6/><D33/><U44/><E107/><V72/><F46/><N who="1" m="18025" /><E86/><V135/><F2/><W49/><G66/><T93/><D91/><U15/><E103/><V132/><F132/><W77/><G77/><T7/><D97/><U39/><E39/><V123/><F72/><W129/><G129/><T70/><D7/><U98/><E98/><V96/><F99/><W73/><G73/><T110/><D110/><U64/><E13/><V0/><F96/><W130/><G130/><T125/><D70/><U34/><E34/><V126/><F135/><W117/><G117/><T42/><D125/><U35/><E35/><V82/><F32/><W12/><G12/><T81/><D93/><U68/><E68/><V25/><F126/><W50/><G37/><T109/><D109/><U20/><AGARI ba="0,0" hai="15,19,20,58,62,64,92,95" m="18025,47211" machi="20" ten="30,1100,0" yaku="13,1" doraHai="38" who="1" fromWho="1" sc="375,-3,198,11,245,-5,182,-3" /><INIT seed="7,0,0,2,1,113" ten="372,209,240,179" oya="3" hai0="22,119,85,125,132,24,36,105,131,101,133,44,25" hai1="106,48,21,127,66,61,135,83,121,76,91,97,11" hai2="45,65,1,98,104,31,82,53,57,134,6,59,41" hai3="72,19,73,100,68,47,75,37,56,107,55,118,86"/><W128/><G128/><T96/><D119/><U26/><E121/><V40/><F31/><W115/><G115/><T122/><D122/><U129/><E135/><N who="0" m="51785" /><D131/><U123/><E129/><V10/><F134/><W35/><G35/><T4/><D125/><U39/><E123/><V28/><F28/><W130/><G130/><T50/><D36/><U38/><E127/><V69/><F69/><W49/><G68/><T126/><D126/><U46/><E11/><V84/><F65/><W108/><G108/><T89/><D4/><U117/><E106/><V12/><F12/><W64/><G118/><T34/><D22/><U77/><E117/><V78/><F104/><W54/><G64/><T67/><D67/><U33/><E33/><V81/><F98/><W80/><G19/><T30/><D30/><U9/><E9/><V17/><F17/><W87/><G80/><N who="0" m="49319" /><D34/><U114/><E114/><V42/><F82/><W124/><G124/><T14/><D14/><U16/><E39/><V116/><F116/><W63/><REACH who="3" step="1"/><G37/><REACH who="3" step="2"/><T120/><D120/><U110/><E110/><V60/><F57/><W103/><G103/><T58/><D58/><U102/><E102/><V0/><F45/><W23/><G23/><T5/><D5/><U92/><E38/><V27/><F6/><W94/><G94/><T99/><D99/><AGARI ba="0,1" hai="47,49,54,55,56,63,72,73,75,86,87,99,100,107" machi="99" ten="40,2000,0" yaku="1,1,53,0" doraHai="113" doraHaiUra="18" who="3" fromWho="0" sc="372,-20,209,0,240,0,169,30" /><INIT seed="7,1,0,4,5,4" ten="352,209,240,199" oya="3" hai0="22,63,52,119,40,42,111,92,115,95,98,55,62" hai1="83,84,21,132,70,61,2,101,28,17,18,54,114" hai2="19,12,77,58,65,108,31,59,133,50,60,81,56" hai3="129,36,105,7,125,116,5,100,88,113,15,94,90"/><W79/><G36/><T134/><D111/><U131/><E2/><V86/><F108/><W91/><G116/><T38/><D134/><U29/><E132/><V20/><F133/><W130/><G113/><T120/><D119/><U43/><E114/><V41/><F31/><W93/><G125/><T25/><D120/><U72/><E72/><V102/><F102/><W80/><G15/><T99/><D115/><U82/><E43/><N who="0" m="16425" /><D38/><U37/><E37/><V103/><F103/><W124/><G124/><T89/><D63/><U51/><E101/><V68/><F68/><W106/><G5/><T126/><D126/><U75/><E131/><N who="3" m="50186" /><G7/><T3/><D3/><U33/><E33/><V34/><F34/><W96/><G106/><T135/><D135/><U85/><E17/><V32/><F32/><W0/><G0/><T27/><D62/><U57/><E61/><V107/><F107/><W48/><G48/><T13/><D13/><U11/><E75/><AGARI ba="1,0" hai="75,79,80,88,90,91,93,94,96,100,105" m="50186" machi="75" ten="30,11600,0" yaku="19,1,34,2,54,1" doraHai="4" who="3" fromWho="1" sc="352,0,209,-119,240,0,199,119" /><INIT seed="7,2,0,3,5,96" ten="352,90,240,318" oya="3" hai0="68,34,78,22,125,81,15,44,105,109,115,111,13" hai1="56,126,103,127,26,102,43,87,62,46,54,32,66" hai2="11,63,25,120,100,134,97,108,124,82,0,69,106" hai3="119,61,116,51,60,37,5,104,57,58,40,41,110"/><W55/><G5/><T83/><D34/><U90/><E32/><V71/><F108/><W30/><G30/><T74/><D68/><U33/><E33/><V16/><F134/><W118/><G104/><T9/><D125/><U92/><E127/><V99/><F124/><W19/><G19/><T70/><D70/><U65/><E126/><V1/><F120/><W29/><G29/><T49/><D115/><U59/><E26/><V42/><F42/><N who="3" m="16491" /><G110/><T86/><D105/><U122/><E122/><V45/><F45/><N who="3" m="28143" /><G37/><T39/><D39/><U23/><E23/><V76/><F25/><W94/><G94/><T91/><D22/><U131/><E131/><V67/><F97/><W27/><G27/><T80/><D80/><U121/><E121/><V128/><F128/><W17/><G17/><T2/><D2/><U117/><E117/><V93/><F16/><W113/><G113/><T10/><D10/><U79/><E79/><V24/><F106/><W72/><G72/><T132/><D132/><U73/><E73/><V77/><F24/><W21/><G21/><T47/><D47/><U52/><E66/><N who="2" m="41183" /><F77/><W133/><G133/><T8/><D15/><U84/><E84/><N who="2" m="48199" /><F11/><W14/><G14/><T112/><D112/><U107/><E107/><V28/><F0/><W98/><G98/><T31/><D31/><U7/><E7/><V6/><F6/><W53/><G119/><T95/><D8/><U114/><E114/><V35/><F1/><W85/><G85/><T20/><D20/><U75/><E75/><V36/><F35/><W89/><G89/><T4/><D83/><RYUUKYOKU ba="2,0" sc="352,15,90,-15,240,-15,318,15" hai0="4,9,13,44,49,74,78,81,86,91,95,109,111" hai3="53,57,58,60,61,116,118" /><INIT seed="7,3,0,5,4,21" ten="367,75,225,333" oya="3" hai0="6,90,43,129,114,46,10,17,102,94,55,65,3" hai1="59,119,39,67,127,18,66,36,4,115,45,109,30" hai2="99,61,23,1,135,22,101,93,133,35,73,71,107" hai3="29,49,25,62,95,122,11,77,81,48,91,80,97"/><W9/><G122/><T42/><D129/><U118/><E30/><V41/><F35/><W121/><G121/><T76/><D114/><U103/><E4/><V60/><F1/><W15/><G62/><N who="2" m="24169" /><F41/><W27/><G9/><T51/><D65/><U116/><E103/><V8/><F71/><W16/><G27/><T86/><D102/><U124/><E18/><V82/><F8/><W104/><G104/><T110/><D110/><U68/><E115/><V70/><F70/><W72/><G80/><T38/><D76/><U87/><E87/><V58/><F58/><W47/><G47/><T79/><D79/><U53/><E68/><V32/><F32/><AGARI ba="3,0" hai="11,15,16,25,29,32,48,49,72,77,81,91,95,97" machi="32" ten="30,5800,0" yaku="7,1,52,1,54,1" doraHai="21" who="3" fromWho="2" sc="367,0,75,0,225,-67,333,67" owari="367,17,75,-42,158,-24,400,49" /></mjloggm>