<mjloggm ver="2.3"><GO type="169"/><UN n0="%40%E9%A6%AC%E6%9D%89%E5%AF%A7%E9%A6%99" n1="%E4%B8%80%E6%96%B9%E9%80%9A%E8%A1%8C" n2="%31%E6%9C%88%31%31%E6%97%A5" n3="%EF%BC%88%E2%89%A7%E2%96%BD%E2%89%A6%EF%BC%89" dan="17,16,17,18" rate="2156,2165,2164,2190" sx="M,M,M,M"/><TAIKYOKU oya="0"/><INIT seed="0,0,0,3,0,40" ten="250,250,250,250" oya="0" hai0="117,78,58,74,128,37,125,23,120,95,38,32,12" hai1="16,104,75,126,11,21,60,48,80,59,127,0,87" hai2="17,7,25,50,45,90,92,84,68,113,15,6,57" hai3="63,121,73,53,24,35,118,88,83,129,2,18,20"/><T52/><D32/><U108/><E75/><V3/><F113/><W4/><G118/><T22/><D117/><U100/><E108/><V28/><F3/><W62/><G121/><T31/><D120/><U10/><E100/><V85/><F68/><W64/><G129/><T86/><D128/><U98/><E98/><V46/><F84/><W29/><G53/><T130/><D130/><U109/><E104/><V5/><F25/><W71/><G63/><T132/><D132/><U39/><E39/><V1/><F28/><W119/><G119/><T9/><D125/><N who="1" m="47627" /><E48/><V13/><F1/><W114/><G114/><T61/><D74/><U101/><E101/><V134/><F134/><W36/><G36/><T49/><D38/><U51/><E51/><V72/><F72/><W44/><G73/><T116/><D37/><U97/><E97/><V124/><F124/><W91/><G83/><N who="0" m="47479" /><D116/><U89/><E0/><V70/><F70/><W105/><G105/><T47/><D95/><U54/><E109/><V33/><F33/><W115/><G115/><T30/><D31/><U56/><E59/><V27/><F27/><AGARI ba="0,0" hai="10,11,16,21,27,54,56,60,80,87,89" m="47627" machi="27" ten="30,2000,0" yaku="18,1,54,1" doraHai="40" who="1" fromWho="2" sc="250,0,250,20,250,-20,250,0" /><INIT seed="1,0,0,3,5,32" ten="250,270,230,250" oya="1" hai0="4,9,83,23,21,15,109,51,89,108,65,124,122" hai1="114,45,79,37,43,125,46,115,1,107,132,58,0" hai2="128,41,119,61,33,72,81,64,17,14,123,5,77" hai3="39,19,71,80,86,111,22,57,42,101,110,112,100"/><U63/><E107/><V70/><F123/><W60/><G71/><T134/><D122/><U26/><E125/><V133/><F119/><W30/><G30/><T2/><D124/><U16/><E132/><V94/><F133/><W82/><G112/><T130/><D134/><U12/><E79/><V117/><F117/><W99/><G42/><T8/><D65/><U24/><E46/><V106/><F106/><N who="3" m="63775" /><G39/><T48/><D130/><U116/><E116/><V96/><F128/><W78/><G101/><T50/><D83/><U120/><E120/><V88/><F33/><W75/><G86/><T56/><D89/><U93/><E93/><V104/><F104/><W10/><G10/><T74/><D74/><U127/><E127/><V98/><F5/><W55/><G78/><T11/><D56/><U121/><E121/><V20/><F41/><W62/><G62/><T66/><D66/><U135/><E135/><V129/><F129/><W90/><G90/><T54/><D54/><U84/><E84/><AGARI ba="0,0" hai="14,17,20,61,64,70,72,77,81,84,88,94,96,98" machi="84" ten="30,2000,0" yaku="7,1,54,1" doraHai="32" who="2" fromWho="1" sc="250,0,270,-20,230,20,250,0" /><INIT seed="2,0,0,4,5,29" ten="250,250,250,250" oya="2" hai0="19,47,50,101,109,13,96,32,87,133,27,18,93" hai1="66,23,14,125,126,121,55,24,7,30,4,86,120" hai2="49,42,39,20,119,113,129,130,103,59,99,8,44" hai3="6,132,111,128,3,65,17,114,69,34,41,70,31"/><V37/><F119/><W28/><G41/><T33/><D109/><U98/><E66/><V112/><F8/><N who="3" m="2143" /><G69/><T122/><D122/><N who="1" m="47211" /><E98/><V76/><F76/><W26/><G65/><T74/><D74/><U25/><E55/><V43/><F20/><N who="3" m="13583" /><G70/><T80/><D133/><U131/><E86/><V95/><F59/><W53/><G53/><T2/><D2/><U35/><E131/><N who="2" m="50187" /><F43/><W22/><G128/><T77/><D27/><U12/><E7/><V105/><F105/><W51/><G111/><T123/><D123/><U97/><E4/><V89/><F103/><W71/><G71/><T117/><D117/><U110/><E97/><V62/><F62/><W54/><G132/><T106/><D106/><U107/><E107/><V73/><F73/><W9/><G54/><T0/><D0/><U16/><E110/><V94/><F95/><W79/><G79/><T92/><D92/><U100/><E100/><V90/><F90/><W104/><G104/><T10/><REACH who="0" step="1"/><D18/><REACH who="0" ten="240,250,250,250" step="2"/><U52/><E52/><AGARI ba="0,1" hai="10,13,19,32,33,47,50,52,77,80,87,93,96,101" machi="52" ten="30,12000,2" yaku="1,1,2,1,7,1,52,2,54,1,53,1" doraHai="29" doraHaiUra="78" who="0" fromWho="1" sc="240,130,250,-120,250,0,250,0" /><INIT seed="3,0,0,3,5,15" ten="370,130,250,250" oya="3" hai0="54,122,57,102,110,135,5,16,89,1,73,119,120" hai1="85,20,126,79,17,131,114,35,63,92,106,43,82" hai2="134,91,56,65,105,13,52,42,132,121,116,0,117" hai3="70,31,26,127,109,128,9,7,10,84,19,60,61"/><W8/><G128/><T133/><D73/><U129/><E114/><V113/><F0/><W80/><G127/><T87/><D102/><U96/><E106/><V99/><F113/><W50/><G109/><T24/><D110/><U3/><E35/><V98/><F42/><W95/><G7/><T34/><D119/><U66/><E3/><V124/><F65/><W11/><G70/><T30/><D5/><U103/><E43/><V14/><F124/><W104/><G104/><T77/><D77/><U118/><E118/><V101/><F91/><W62/><G50/><N who="0" m="30935" /><D16/><U25/><REACH who="1" step="1"/><E126/><REACH who="1" ten="370,120,250,250" step="2"/><V41/><F117/><W18/><N who="3" m="2048" /><DORA hai="51" /><W27/><G95/><N who="0" m="54719" /><D1/><U23/><E23/><V76/><F105/><W58/><G58/><AGARI ba="0,1" hai="17,20,25,58,63,66,79,82,85,92,96,103,129,131" machi="58" ten="40,5200,0" yaku="1,1,52,1,53,1" doraHai="15,51" doraHaiUra="22,36" who="1" fromWho="3" sc="370,0,120,62,250,0,250,-52" /><INIT seed="4,0,0,0,3,61" ten="370,182,250,198" oya="0" hai0="4,62,50,68,19,1,33,43,85,58,17,121,32" hai1="100,40,84,24,52,44,116,11,22,26,35,92,14" hai2="130,129,107,83,0,104,96,133,105,82,89,75,16" hai3="63,29,48,6,37,15,38,25,18,99,122,91,123"/><T76/><D121/><N who="3" m="46089" /><G6/><T51/><D68/><U128/><E128/><N who="2" m="49259" /><F0/><W28/><G48/><T86/><D4/><U66/><E116/><V8/><F133/><W120/><G120/><T90/><D1/><U125/><E125/><V21/><F8/><N who="3" m="6503" /><G63/><T126/><D126/><U114/><E114/><V88/><F96/><W94/><G29/><T2/><D2/><U47/><E47/><V127/><F127/><W23/><AGARI ba="0,0" hai="23,25,28,37,38,91,94,99" m="6503,46089" machi="23" ten="30,1100,0" yaku="13,1" doraHai="61" who="3" fromWho="3" sc="370,-5,182,-3,250,-3,198,11" /><INIT seed="5,0,0,0,3,13" ten="365,179,247,209" oya="1" hai0="107,17,132,119,93,130,114,32,48,39,6,38,52" hai1="92,84,35,128,74,89,12,124,110,20,40,102,42" hai2="88,106,44,1,34,46,97,18,22,62,21,90,76" hai3="26,96,69,72,2,23,64,101,80,94,122,67,120"/><U85/><E110/><V75/><F34/><W134/><G2/><T55/><D107/><U19/><E74/><V108/><F108/><W109/><G109/><T49/><D32/><U54/><E124/><V30/><F1/><W51/><G134/><T61/><D6/><U24/><E128/><V118/><F118/><W14/><G69/><T4/><D4/><U65/><E65/><N who="3" m="25162" /><G72/><T123/><D132/><U125/><E125/><V58/><F106/><W5/><G122/><T135/><D114/><U43/><E102/><V133/><F22/><W37/><G37/><T66/><D135/><U16/><E54/><V33/><F30/><N who="3" m="17759" /><G80/><T60/><D66/><U78/><E35/><V56/><F33/><W82/><G82/><T95/><D130/><U31/><E12/><V28/><F28/><W36/><G36/><T70/><D70/><U112/><E112/><V63/><F75/><W113/><G113/><T91/><D39/><U27/><E24/><V71/><F71/><W10/><G120/><T50/><D38/><U3/><E3/><V11/><F133/><W121/><G121/><T111/><D119/><U116/><E116/><V87/><F21/><W9/><G9/><T57/><D123/><U115/><E115/><V81/><F11/><W98/><G98/><T47/><D111/><U131/><E131/><V86/><F81/><AGARI ba="0,0" hai="16,19,20,27,31,40,42,43,78,81,84,85,89,92" machi="81" ten="40,12000,1" yaku="8,1,52,2,54,1" doraHai="13" who="1" fromWho="2" sc="365,0,179,120,247,-120,209,0" /><INIT seed="5,1,0,0,3,62" ten="365,299,127,209" oya="1" hai0="127,90,113,93,34,60,112,134,61,38,70,105,33" hai1="131,97,31,30,19,37,67,71,20,41,43,56,117" hai2="85,47,45,91,126,83,21,8,28,122,119,57,72" hai3="66,48,124,52,3,102,103,96,81,116,63,59,58"/><U78/><E117/><V121/><F119/><W76/><G3/><T88/><D105/><U69/><E131/><V36/><F126/><W129/><G116/><T87/><D38/><U16/><E37/><V9/><F72/><W4/><G124/><T114/><D127/><U107/><E107/><V132/><F132/><W98/><G4/><T111/><D134/><U53/><E78/><V115/><F115/><W92/><G129/><T130/><D130/><U50/><E97/><V39/><F28/><N who="1" m="10793" /><E71/><V80/><F57/><W109/><G109/><T82/><D111/><U10/><E69/><V0/><F21/><W110/><G110/><T135/><D135/><U128/><E128/><V94/><F94/><W65/><G81/><T42/><D42/><N who="1" m="15883" /><E10/><V104/><F104/><W73/><G76/><T24/><D70/><U95/><E95/><V74/><F74/><W2/><G2/><T17/><D34/><U44/><E20/><V55/><F0/><W84/><G73/><T27/><D33/><U35/><E35/><V32/><F32/><W49/><G84/><T108/><D108/><U13/><E13/><V29/><F85/><W89/><G89/><T51/><D90/><U1/><E1/><V120/><F29/><W79/><G79/><T5/><D93/><U26/><E26/><V77/><F77/><W100/><G92/><T106/><D106/><U14/><E14/><V25/><F122/><W101/><G101/><T18/><D112/><U64/><E44/><V68/><F68/><W46/><G102/><T75/><D114/><U99/><E99/><V54/><F91/><RYUUKYOKU ba="1,0" sc="365,-15,299,15,127,15,209,-15" hai1="16,19,50,53,56,64,67" hai2="8,9,25,36,39,45,47,54,55,80,83,120,121" /><INIT seed="5,2,0,3,2,88" ten="350,314,142,194" oya="1" hai0="54,71,130,63,22,84,77,36,0,110,122,26,49" hai1="118,56,27,89,80,4,107,72,31,75,103,48,15" hai2="45,2,121,116,21,79,14,8,126,74,106,78,59" hai3="85,30,68,51,100,113,114,9,17,83,69,108,65"/><U16/><E118/><V111/><F116/><W109/><G30/><T128/><D0/><U61/><E4/><V120/><F111/><N who="3" m="42571" /><G100/><T125/><D36/><U55/><E107/><V102/><F106/><W104/><G104/><T97/><D110/><U38/><E38/><V112/><F102/><W52/><G9/><T127/><D122/><U34/><E103/><V98/><F120/><W58/><G17/><N who="0" m="12623" /><D97/><U1/><E1/><V73/><F121/><W95/><G83/><N who="0" m="47215" /><D63/><U135/><E135/><V129/><F2/><W134/><G134/><T35/><D71/><N who="3" m="27209" /><G85/><T105/><D35/><U3/><E61/><V13/><F21/><W28/><G28/><T132/><D105/><U119/><E119/><V33/><F33/><W5/><G5/><T96/><D96/><U64/><E64/><V20/><F20/><W62/><G95/><T7/><D7/><U86/><REACH who="1" step="1"/><E3/><REACH who="1" ten="350,304,142,194" step="2"/><V66/><F74/><W47/><AGARI ba="2,1" hai="47,51,52,58,62,65,113,114" m="27209,42571" machi="47" ten="40,5200,0" yaku="34,2,54,1" doraHai="88" who="3" fromWho="3" sc="350,-15,304,-28,142,-15,194,68" /><INIT seed="6,0,0,2,2,25" ten="335,276,127,262" oya="2" hai0="63,49,17,36,20,68,87,8,75,119,116,23,72" hai1="65,27,66,129,127,111,101,117,70,47,125,7,67" hai2="120,53,64,1,92,113,61,121,98,73,0,41,76" hai3="40,94,90,18,58,88,130,105,10,83,26,133,123"/><V33/><F41/><W115/><G105/><T102/><D36/><U43/><E117/><N who="0" m="45129" /><D102/><U122/><E111/><V131/><F53/><W54/><G40/><T50/><D87/><U45/><E7/><V24/><F113/><W132/><G123/><T39/><D39/><N who="1" m="21759" /><E101/><V48/><F48/><N who="0" m="18538" /><D8/><U30/><E47/><V104/><F131/><W114/><G130/><T5/><D5/><U128/><E122/><V35/><F92/><W12/><G83/><T89/><D89/><N who="3" m="34409" /><G94/><T34/><D34/><N who="1" m="20831" /><E70/><N who="2" m="42255" /><F121/><W97/><G97/><T112/><D112/><N who="3" m="43049" /><G26/><N who="0" m="14607" /><D23/><U52/><E52/><V19/><F120/><W124/><G124/><AGARI ba="0,0" hai="65,66,67,124,125,127,128,129" m="20831,21759" machi="124" ten="30,2000,0" yaku="18,1,52,1" doraHai="25" who="1" fromWho="3" sc="335,0,276,20,127,0,262,-20" /><INIT seed="7,0,0,5,0,24" ten="335,296,127,242" oya="3" hai0="133,118,91,62,55,63,76,26,60,69,104,127,66" hai1="100,98,73,128,37,33,22,16,81,112,54,23,102" hai2="44,88,113,87,122,119,51,101,124,67,134,59,46" hai3="47,94,107,75,79,5,108,15,96,17,125,65,52"/><W110/><G107/><T29/><D118/><U86/><E33/><V111/><F119/><W25/><G65/><T1/><D1/><U45/><E73/><V48/><F111/><W4/><G25/><T20/><D104/><U115/><E128/><V117/><F117/><W61/><G125/><T36/><D36/><U109/><E109/><N who="3" m="42090" /><G79/><T40/><D40/><N who="1" m="22671" /><E54/><V9/><F124/><W77/><G77/><T121/><D121/><U90/><E98/><V70/><F122/><W34/><G34/><T13/><D127/><U126/><E126/><V43/><F101/><N who="1" m="39017" /><E16/><V95/><F70/><W21/><G75/><T18/><D66/><U19/><E19/><V6/><F134/><W41/><G41/><T105/><D76/><U114/><AGARI ba="0,0" hai="22,23,81,86,90,112,114,115" m="39017,22671" machi="114" ten="40,1500,0" yaku="15,1" doraHai="24" who="1" fromWho="1" sc="335,-4,296,15,127,-4,242,-7" owari="331,43.0,311,11.0,123,-38.0,235,-16.0" /></mjloggm>