<mjloggm ver="2.3"><GO type="169" lobby="0"/><UN n0="%E9%B7%B9%EF%BC%93" n1="%E5%A4%A9%E5%9F%8E%E5%B0%8F%E6%AC%A1%E9%83%8E" n2="%E3%82%B3%E3%83%8F%E3%83%AB%E3%82%B9%E3%82%BF%E3%83%BC" n3="%EF%BC%88%E2%89%A7%E2%96%BD%E2%89%A6%EF%BC%89" dan="16,16,16,17" rate="2107.97,2070.88,2089.12,2145.58" sx="M,M,F,M"/><TAIKYOKU oya="0"/><INIT seed="0,0,0,0,1,5" ten="250,250,250,250" oya="0" hai0="52,63,51,127,120,131,2,83,96,40,114,124,18" hai1="106,73,0,107,60,59,50,56,112,105,92,121,128" hai2="37,104,29,45,134,67,94,47,46,108,98,7,85" hai3="31,11,102,115,93,82,68,23,84,126,129,97,30"/><T87/><D120/><U113/><E121/><V21/><F37/><W64/><G115/><N who="1" m="44106" /><E73/><V130/><F134/><W133/><G133/><T54/><D131/><U12/><E0/><V24/><F130/><W122/><G122/><T57/><D114/><U8/><E128/><V33/><F108/><W81/><G129/><T26/><D2/><U15/><E92/><V16/><F104/><W36/><G126/><N who="0" m="48171" /><D96/><U25/><E25/><V49/><F85/><W41/><G81/><T13/><D26/><U61/><E50/><V110/><F110/><W89/><G36/><T100/><D100/><U135/><E135/><V28/><F67/><W32/><G32/><T118/><D40/><U55/><E8/><V42/><F7/><W123/><G41/><T27/><D27/><U99/><E99/><V75/><F75/><W78/><G123/><T103/><D103/><U72/><E72/><V43/><F43/><W90/><G102/><T35/><D35/><U117/><E117/><V14/><F29/><W125/><G31/><T34/><D34/><U74/><E74/><V76/><F76/><W77/><G125/><T88/><D118/><U3/><E3/><V86/><F86/><W70/><G77/><T38/><D38/><U9/><E9/><V4/><F4/><W119/><G119/><T69/><D69/><N who="3" m="26729" /><G11/><N who="0" m="6463" /><D51/><U79/><E79/><V80/><F80/><W132/><G132/><T65/><AGARI ba="0,0" hai="52,54,57,63,65,83,87,88" m="6463,48171" machi="65" ten="30,11700,0" yaku="18,1,52,1,54,2" doraHai="5" who="0" fromWho="0" sc="250,117,250,-39,250,-39,250,-39" /><INIT seed="0,1,0,2,5,106" ten="367,211,211,211" oya="0" hai0="16,75,129,78,120,63,88,53,109,61,114,6,17" hai1="97,29,111,11,77,66,103,113,19,115,130,95,15" hai2="54,9,80,64,7,85,14,57,20,116,23,31,119" hai3="10,89,24,4,28,128,18,38,118,3,56,13,2"/><T35/><D120/><U79/><E111/><V133/><F133/><W101/><G118/><N who="2" m="45097" /><F64/><W108/><G38/><T99/><D129/><U32/><E130/><V48/><F31/><W1/><G128/><T46/><D109/><U104/><E66/><V73/><F73/><W112/><G108/><T76/><D35/><U43/><E43/><V74/><F74/><W122/><G122/><T84/><D114/><N who="1" m="43531" /><E104/><V50/><F50/><W134/><G101/><T27/><D6/><U96/><E96/><V65/><F65/><W71/><G71/><T125/><D125/><U98/><E98/><V121/><F121/><W33/><G112/><T45/><D99/><U68/><E68/><V82/><F82/><W22/><G134/><T126/><D126/><U123/><E123/><V49/><F49/><W37/><G37/><T100/><D100/><U41/><E41/><V34/><F34/><W93/><REACH who="3" step="1"/><G56/><REACH who="3" ten="367,211,211,201" step="2"/><T12/><D46/><U30/><E32/><V132/><F132/><W124/><G124/><T91/><D45/><U59/><E59/><V55/><F55/><W51/><G51/><T44/><D44/><U127/><E127/><V135/><F135/><W92/><G92/><T25/><D53/><U42/><E42/><V105/><F105/><W102/><G102/><T52/><D52/><U107/><E107/><V26/><F26/><W62/><G62/><T90/><D25/><U58/><E58/><V8/><F8/><W5/><G5/><T39/><D27/><U0/><E95/><V47/><F57/><W72/><G72/><T131/><D75/><U69/><E103/><RYUUKYOKU ba="1,1" sc="367,-15,211,-15,211,15,201,15" hai2="7,9,14,20,23,47,48,54,80,85" hai3="1,2,3,4,10,13,18,22,24,28,33,89,93" /><INIT seed="1,2,1,3,2,105" ten="352,196,226,216" oya="1" hai0="44,113,111,37,38,102,87,73,81,20,115,86,128" hai1="3,77,13,51,84,108,59,21,80,83,106,40,116" hai2="10,53,89,132,42,123,112,119,24,124,133,31,56" hai3="32,33,72,130,135,101,99,7,48,95,122,0,4"/><U78/><E116/><V46/><F123/><W69/><G122/><T6/><D128/><U92/><E106/><V98/><F119/><W127/><G69/><T75/><D6/><U8/><E108/><V34/><F112/><W27/><G130/><T126/><D111/><U82/><E3/><V57/><F124/><W117/><G127/><T22/><D126/><U9/><E92/><V54/><F10/><N who="1" m="4201" /><E84/><V129/><F129/><W14/><G117/><T94/><D94/><U96/><E96/><V61/><F89/><W76/><G0/><T64/><D64/><U104/><E104/><V107/><F98/><W68/><G68/><T49/><D49/><U58/><E40/><V125/><F107/><W11/><G4/><T39/><D39/><U52/><E59/><V88/><F88/><W103/><G103/><T110/><D44/><U19/><AGARI ba="2,1" hai="13,19,21,51,52,58,77,78,80,82,83" m="4201" machi="19" ten="30,3000,0" yaku="8,1,54,1" doraHai="105" who="1" fromWho="1" sc="352,-12,196,46,226,-12,216,-12" /><INIT seed="1,3,0,2,1,64" ten="340,242,214,204" oya="1" hai0="35,119,45,114,33,128,78,135,112,132,32,115,10" hai1="57,0,14,134,131,28,106,91,122,123,70,94,50" hai2="19,129,68,63,53,79,49,1,20,101,89,113,16" hai3="30,84,133,37,121,61,6,102,40,39,58,109,60"/><U99/><E0/><V97/><F1/><W26/><G121/><T48/><D78/><U103/><E134/><N who="0" m="51241" /><D119/><U7/><E131/><V73/><F129/><W100/><G133/><T82/><D128/><U3/><E3/><V80/><F113/><N who="0" m="28930" /><T75/><DORA hai="67" /><D82/><U41/><E28/><V130/><F130/><W117/><G30/><T87/><D87/><U47/><E57/><V65/><F89/><W4/><G84/><T15/><D75/><U108/><E108/><V11/><F11/><W71/><G58/><T105/><D105/><U5/><E70/><V107/><REACH who="2" step="1"/><F20/><REACH who="2" ten="340,242,204,204" step="2"/><W46/><G117/><T36/><D35/><U27/><E122/><V56/><AGARI ba="3,1" hai="16,19,49,53,56,63,65,68,73,79,80,97,101,107" machi="56" ten="20,16000,3" yaku="1,1,2,1,0,1,7,1,52,2,54,1,53,2" doraHai="64,67" doraHaiUra="92,54" who="2" fromWho="2" sc="340,-43,242,-83,204,179,204,-43" /><INIT seed="2,0,0,3,2,4" ten="297,159,383,161" oya="2" hai0="60,118,113,77,133,27,82,128,13,54,88,52,23" hai1="91,94,39,61,30,84,132,125,47,105,18,29,116" hai2="59,107,0,2,17,97,71,40,130,119,50,83,55" hai3="78,8,25,89,48,22,12,85,53,122,68,115,63"/><V58/><F71/><W20/><G122/><T103/><D113/><U3/><E116/><V1/><F119/><W34/><G115/><T80/><D118/><U69/><E105/><V32/><F32/><W104/><G104/><T129/><D133/><U9/><E132/><V42/><F130/><N who="0" m="50282" /><D103/><U57/><E69/><V44/><F83/><W10/><G78/><T111/><D111/><U70/><E70/><V95/><F107/><W112/><G112/><T101/><D101/><U56/><E125/><V126/><F126/><W123/><G123/><T96/><D13/><U124/><E124/><V62/><F58/><N who="3" m="35279" /><G68/><T114/><D114/><U117/><E117/><V93/><F97/><W49/><G34/><T131/><N who="0" m="50290" /><T127/><DORA hai="33" /><D127/><U24/><E56/><V87/><F87/><W66/><G66/><T31/><D60/><U35/><E61/><V73/><F73/><W15/><G15/><T16/><D31/><U106/><E29/><V6/><F6/><W74/><G74/><N who="0" m="43063" /><D82/><U46/><E30/><V65/><F17/><N who="3" m="10279" /><G22/><T7/><D7/><U38/><E35/><V28/><REACH who="2" step="1"/><F28/><REACH who="2" ten="297,159,373,161" step="2"/><W100/><G85/><T109/><D109/><U19/><E84/><V72/><F72/><W41/><G100/><T108/><D108/><U67/><E106/><V64/><F64/><W110/><G110/><T102/><D102/><U134/><E67/><V135/><F135/><W120/><G120/><T14/><D96/><U92/><E134/><V36/><F36/><W90/><G89/><T43/><D88/><U81/><E39/><V121/><F121/><W5/><G90/><RYUUKYOKU ba="0,1" sc="297,-10,159,-10,373,30,161,-10" hai2="0,1,2,40,42,44,50,55,59,62,65,93,95" /><INIT seed="2,1,1,5,1,108" ten="287,149,403,151" oya="2" hai0="72,11,45,115,126,104,69,42,46,121,49,102,34" hai1="79,5,4,119,9,19,92,118,35,86,71,48,123" hai2="52,8,17,23,50,57,24,31,29,90,44,89,132" hai3="51,56,109,114,66,32,58,43,93,64,13,59,10"/><V106/><F106/><W60/><G32/><T16/><D72/><U1/><E71/><V67/><F132/><W105/><G105/><T26/><D126/><U53/><E35/><V15/><F31/><W128/><G128/><T80/><D121/><U124/><E124/><V0/><F0/><W120/><G120/><T73/><D69/><U41/><E123/><V78/><F78/><W33/><G33/><T85/><D73/><U134/><E41/><V3/><F3/><W84/><G109/><T131/><D131/><U107/><E107/><V99/><F99/><W135/><G135/><T76/><D115/><U70/><E70/><V38/><F38/><W130/><G130/><T113/><D113/><U54/><E134/><V111/><F111/><W112/><G43/><T100/><D104/><U37/><E37/><V12/><F12/><W74/><G74/><T21/><D34/><U97/><E5/><V6/><F6/><W61/><G51/><N who="0" m="27063" /><D11/><U81/><E19/><V117/><F117/><W98/><G58/><T20/><D20/><U122/><E122/><V30/><F30/><W91/><G98/><T101/><D101/><N who="1" m="60583" /><E118/><V28/><F29/><W36/><G36/><T22/><D22/><U18/><E18/><AGARI ba="1,1" hai="10,13,18,56,59,60,61,64,66,84,91,93,112,114" machi="18" ten="40,5200,0" yaku="9,1,52,2" doraHai="108" who="3" fromWho="1" sc="287,0,149,-55,403,0,151,65" /><INIT seed="3,0,0,5,0,14" ten="287,94,403,216" oya="3" hai0="108,111,42,3,104,27,121,39,54,73,126,59,47" hai1="17,60,22,10,65,37,122,103,1,58,102,69,125" hai2="114,62,134,135,31,91,29,75,28,19,107,53,113" hai3="99,78,21,89,98,67,24,96,48,117,84,86,129"/><W79/><G117/><T44/><D104/><U0/><E122/><V32/><F107/><W45/><G67/><T77/><D3/><U97/><E37/><V131/><F75/><W76/><G129/><T119/><D73/><U120/><E120/><V116/><F116/><W127/><G127/><T92/><D77/><U2/><E125/><V25/><F131/><W18/><REACH who="3" step="1"/><G89/><REACH who="3" ten="287,94,403,206" step="2"/><T66/><D126/><U5/><E69/><V70/><F91/><W118/><G118/><T94/><D119/><U85/><E85/><V20/><F70/><W87/><G87/><T82/><D121/><U64/><E64/><V33/><F62/><W8/><G8/><T72/><D66/><U57/><E65/><V83/><F83/><W7/><G7/><T41/><D82/><U68/><E10/><V123/><F123/><W16/><G16/><T50/><D72/><U35/><E5/><V46/><F19/><W43/><AGARI ba="0,1" hai="18,21,24,43,45,48,76,78,79,84,86,96,98,99" machi="43" ten="30,11700,0" yaku="1,1,0,1,8,1,52,1,53,0" doraHai="14" doraHaiUra="26" who="3" fromWho="3" sc="287,-39,94,-39,403,-39,206,127" /><INIT seed="3,1,0,5,4,5" ten="248,55,364,333" oya="3" hai0="94,57,100,39,19,28,85,84,54,49,129,14,12" hai1="90,65,110,15,78,33,133,47,132,79,102,7,46" hai2="67,101,16,83,81,55,21,26,104,114,61,13,29" hai3="6,0,45,127,98,91,93,4,68,82,69,99,17"/><W73/><G127/><T124/><D129/><U31/><E110/><V36/><F36/><W63/><G0/><T18/><D124/><U56/><E102/><V77/><F114/><W72/><G45/><N who="1" m="16906" /><E33/><V116/><F116/><W23/><G63/><T58/><D39/><U75/><E75/><V59/><F77/><W40/><G40/><T66/><D28/><U2/><E31/><V103/><F104/><W76/><G72/><T37/><D37/><U51/><E2/><V25/><F25/><W134/><G134/><N who="1" m="51818" /><E90/><V1/><F1/><W123/><G123/><T109/><D109/><U107/><E107/><V20/><F103/><W89/><G69/><T117/><D117/><U52/><E65/><V22/><F101/><W11/><G91/><T38/><D38/><U120/><E120/><V96/><F96/><W135/><G99/><N who="0" m="59511" /><D66/><U42/><E42/><V60/><F21/><W108/><G108/><T121/><D58/><AGARI ba="1,0" hai="13,16,20,22,26,29,55,58,59,60,61,67,81,83" machi="58" ten="30,3900,0" yaku="7,1,8,1,54,1" doraHai="5" who="2" fromWho="0" sc="248,-42,55,0,364,42,333,0" /><INIT seed="4,0,0,3,1,22" ten="206,55,406,333" oya="0" hai0="89,97,72,74,39,87,46,41,77,133,58,9,52" hai1="73,80,107,51,28,120,32,111,35,126,92,67,113" hai2="55,33,83,6,16,75,128,14,1,44,131,84,23" hai3="132,21,62,93,79,4,50,90,60,122,82,30,96"/><T104/><D133/><U135/><E120/><V65/><F75/><W103/><G132/><T116/><D116/><U125/><E111/><V24/><F65/><W31/><G122/><T48/><D77/><N who="1" m="44079" /><E135/><V95/><F95/><W118/><G118/><T88/><D9/><U19/><E107/><V86/><F1/><W94/><G4/><T108/><D108/><U0/><E0/><V70/><F70/><W54/><G79/><T101/><REACH who="0" step="1"/><D89/><REACH who="0" ten="196,55,406,333" step="2"/><U106/><E125/><V98/><F131/><W40/><G90/><T10/><D10/><U49/><E126/><V127/><F128/><W130/><G130/><T64/><D64/><U56/><E67/><V115/><F127/><W20/><G103/><T100/><D100/><U66/><E66/><V112/><F6/><W102/><G102/><T42/><D42/><U53/><E53/><V37/><F55/><W27/><G54/><T5/><D5/><U71/><E71/><V34/><F115/><W78/><G40/><T25/><D25/><U13/><E113/><V124/><F124/><W85/><G27/><T15/><D15/><U38/><E13/><V36/><F24/><W57/><G78/><T7/><D7/><U2/><E2/><V45/><F112/><W17/><G17/><T91/><D91/><U29/><E19/><V119/><F16/><W99/><G31/><T123/><D123/><U76/><E76/><V63/><F119/><W117/><G30/><T26/><D26/><U12/><E28/><V129/><F129/><W109/><G117/><T68/><D68/><U134/><E29/><V8/><F14/><RYUUKYOKU ba="0,1" sc="196,30,55,-10,406,-10,333,-10" hai0="39,41,46,48,52,58,72,74,87,88,97,101,104" /><INIT seed="4,1,1,2,0,47" ten="226,45,396,323" oya="0" hai0="48,23,81,128,125,116,65,114,59,96,2,8,115" hai1="107,15,63,39,93,42,98,28,0,64,43,103,13" hai2="131,45,117,95,90,25,92,21,109,122,69,84,1" hai3="10,130,88,75,44,135,134,99,62,129,94,27,35"/><T83/><D116/><U120/><E120/><V18/><F117/><W111/><G111/><T34/><D34/><U50/><E0/><V89/><F122/><W11/><G75/><T100/><D128/><N who="3" m="49257" /><G62/><T74/><D125/><U9/><E28/><V132/><F109/><W73/><G73/><T24/><D2/><U6/><E39/><V71/><F1/><W113/><G113/><N who="0" m="43019" /><D8/><N who="3" m="3113" /><G44/><T126/><D126/><U53/><E15/><V68/><F131/><W49/><G49/><T26/><D74/><U16/><E6/><V112/><F112/><W57/><G57/><T4/><D4/><U82/><E82/><N who="0" m="31241" /><D23/><U55/><E107/><V123/><F123/><W86/><G86/><T14/><D14/><U105/><E105/><V40/><F69/><W66/><G66/><T78/><D78/><U101/><E101/><V19/><F19/><W70/><G70/><T30/><D30/><AGARI ba="1,1" hai="27,30,35,88,94,99,134,135" m="3113,49257" machi="30" ten="30,2000,0" yaku="19,1,54,1" doraHai="47" who="3" fromWho="0" sc="226,-23,45,0,396,0,323,33" /><INIT seed="5,0,0,1,3,29" ten="203,45,396,356" oya="1" hai0="131,97,64,51,110,58,75,3,47,22,134,21,87" hai1="114,94,48,18,6,35,32,44,50,73,133,109,111" hai2="24,4,0,40,39,16,7,67,121,17,36,27,105" hai3="55,45,57,128,83,76,38,79,1,86,71,62,125"/><U42/><E73/><V33/><F67/><W14/><G1/><T53/><D110/><N who="1" m="41995" /><E114/><V13/><F105/><W132/><G132/><T130/><D75/><U124/><E133/><V116/><F40/><W65/><G128/><N who="0" m="49195" /><D134/><U123/><E123/><V96/><F96/><W98/><G125/><T80/><D3/><U106/><E106/><V46/><F46/><W81/><G98/><T9/><D97/><U19/><E124/><V101/><F101/><W41/><G14/><T15/><D64/><U92/><E6/><V82/><F82/><W61/><REACH who="3" step="1"/><G83/><REACH who="3" ten="203,45,396,346" step="2"/><T85/><D58/><U11/><E50/><V70/><F0/><W20/><G20/><N who="0" m="7787" /><D80/><U2/><E2/><V63/><F13/><W78/><AGARI ba="0,1" hai="38,41,45,55,57,61,62,65,71,76,78,79,81,86" machi="78" ten="20,2700,0" yaku="1,1,0,1,7,1,53,0" doraHai="29" doraHaiUra="127" who="3" fromWho="3" sc="203,-7,45,-13,396,-7,346,37" /><INIT seed="6,0,0,4,3,39" ten="196,32,389,383" oya="2" hai0="122,80,36,111,0,31,96,56,49,78,72,5,19" hai1="85,23,120,92,131,26,40,87,83,86,16,21,69" hai2="64,115,97,37,54,93,25,128,6,59,34,9,55" hai3="99,12,90,1,103,32,47,24,44,4,57,43,75"/><V130/><F37/><W22/><G75/><T82/><D122/><U41/><E69/><V46/><F115/><W77/><G1/><T129/><D111/><U116/><E116/><V107/><F107/><W28/><G77/><T94/><D36/><U42/><E120/><V74/><F74/><W76/><G76/><T52/><D129/><N who="2" m="49770" /><F25/><W62/><G90/><T20/><D31/><N who="1" m="17871" /><E131/><V73/><F73/><W105/><G43/><N who="1" m="11010" /><U121/><DORA hai="133" /><E121/><V7/><F34/><W118/><G118/><T14/><D0/><U84/><E92/><V104/><F104/><W113/><G32/><T51/><D5/><U15/><E87/><V125/><F6/><W60/><G4/><T134/><D134/><U27/><E27/><V95/><F93/><W11/><G24/><T101/><REACH who="0" step="1"/><D82/><AGARI ba="0,0" hai="15,16,23,82,83,84,85,86" m="11010,17871" machi="82" ten="40,12000,2" yaku="8,1,52,4,54,1" doraHai="39,133" who="1" fromWho="0" sc="196,-120,32,120,389,0,383,0" /><INIT seed="7,0,0,2,4,75" ten="76,152,389,383" oya="3" hai0="105,64,27,129,44,88,83,54,122,22,109,36,20" hai1="8,85,103,93,77,50,63,34,41,47,6,130,38" hai2="80,29,39,48,102,18,94,71,110,114,135,62,40" hai3="59,1,3,97,15,26,72,56,79,49,25,31,5"/><W107/><G1/><T134/><D105/><U112/><E34/><V45/><F114/><W13/><G3/><T127/><D122/><U106/><E106/><V104/><F110/><W24/><G31/><T76/><D109/><U19/><E112/><V119/><F119/><W116/><G116/><T125/><D134/><U133/><E133/><V74/><F135/><W91/><G107/><T113/><D129/><U98/><E130/><V70/><F104/><W121/><G121/><T81/><D113/><U67/><E19/><V87/><F74/><W53/><G5/><T73/><D64/><U23/><E23/><V10/><F29/><W9/><G9/><T33/><D33/><U11/><E38/><V58/><F39/><W115/><G115/><T68/><D68/><U111/><E111/><V108/><F18/><W66/><G79/><T2/><D2/><U0/><E11/><V100/><F10/><W7/><G7/><T16/><D22/><U82/><E63/><V12/><F12/><N who="3" m="4683" /><G72/><T65/><D65/><U84/><E67/><N who="2" m="39383" /><F108/><W46/><G66/><T90/><D83/><U69/><REACH who="1" step="1"/><E84/><REACH who="1" ten="76,142,389,383" step="2"/><V55/><F40/><W28/><G28/><T96/><D96/><U61/><E61/><V51/><F51/><W117/><G117/><T78/><D78/><U86/><E86/><V99/><F102/><W60/><G60/><T92/><D36/><U30/><E30/><V131/><F131/><W124/><G124/><N who="0" m="47691" /><D92/><AGARI ba="0,1" hai="24,25,26,46,49,53,56,59,91,92,97" m="4683" machi="92" ten="30,1500,0" yaku="8,1" doraHai="75" who="3" fromWho="0" sc="76,-15,142,0,389,0,383,25" owari="61,-44.0,142,-26.0,389,19.0,408,51.0" /></mjloggm>