<mjloggm ver="2.3"><GO type="137"/><UN n0="%EF%BC%88%E2%89%A7%E2%96%BD%E2%89%A6%EF%BC%89" n1="%E3%81%AA%E3%81%8E%E3%81%95" n2="%E3%82%B1%E3%83%B3%E3%83%88%E3%83%AF%E3%83%B3" n3="%EF%BD%8E%EF%BD%81%EF%BD%82%EF%BD%85%EF%BD%9A%EF%BD%8F%EF%BD%95" dan="10,12,12,11" rate="1851,1609,1884,1625" sx="M,F,M,M"/><TAIKYOKU oya="0"/><INIT seed="0,0,0,5,2,6" ten="250,250,250,250" oya="0" hai0="134,116,10,117,3,114,61,39,63,48,128,126,102" hai1="110,69,11,7,83,112,72,59,73,121,86,132,50" hai2="124,129,34,52,55,91,4,89,24,109,70,53,90" hai3="43,131,30,14,47,12,20,35,65,115,98,0,49"/><T15/><D39/><U71/><E121/><V87/><F70/><W13/><G115/><T84/><D114/><U106/><E112/><V79/><F109/><W8/><G131/><T58/><D3/><U38/><E38/><V94/><F124/><W21/><G65/><T133/><D126/><U45/><E110/><V33/><F129/><W64/><G64/><T135/><D128/><U85/><E106/><V1/><F24/><N who="3" m="18887" /><G98/><T60/><D102/><U111/><E111/><V57/><F57/><W103/><G49/><T81/><D48/><U26/><E132/><V66/><F66/><W95/><G43/><T104/><D58/><U67/><E26/><V125/><F125/><W101/><G95/><T23/><D23/><N who="3" m="8777" /><G47/><T31/><D31/><U130/><E130/><V113/><F113/><W108/><G103/><T41/><D41/><U22/><E72/><V120/><F120/><W17/><G101/><T28/><D28/><U77/><E73/><V119/><F119/><W51/><G51/><T2/><D2/><U25/><E86/><V40/><F40/><W19/><G108/><T107/><D117/><U27/><E59/><V123/><F123/><W32/><G32/><N who="2" m="12393" /><F79/><W56/><G56/><T92/><D116/><U118/><E118/><V88/><F89/><W80/><G80/><T16/><D92/><U82/><E82/><V96/><F96/><W46/><G46/><T100/><D100/><U9/><E27/><V5/><F1/><W127/><G127/><T76/><AGARI ba="0,0" hai="10,15,16,60,61,63,76,81,84,104,107,133,134,135" machi="76" ten="40,12000,1" yaku="0,1,20,1,52,1,54,1" doraHai="6" who="0" fromWho="0" sc="250,120,250,-40,250,-40,250,-40" /><INIT seed="0,1,0,0,4,30" ten="370,210,210,210" oya="0" hai0="64,96,1,86,73,3,74,17,115,67,75,61,88" hai1="4,118,128,112,94,124,81,85,6,93,103,50,62" hai2="15,126,2,132,78,52,10,58,65,129,48,135,105" hai3="45,122,120,100,8,38,29,22,23,107,98,97,49"/><T92/><D115/><U87/><E118/><V80/><F105/><W83/><G38/><T47/><D47/><U21/><E112/><V111/><F2/><W33/><G97/><T28/><D28/><U91/><E124/><V26/><F126/><W36/><G36/><T131/><D131/><U40/><E128/><V134/><F129/><W16/><G83/><T13/><D96/><U42/><E62/><V59/><F111/><W55/><G8/><T110/><D110/><U104/><E104/><V56/><F65/><W71/><G71/><T9/><REACH who="0" step="1"/><D67/><REACH who="0" step="2"/><U125/><E125/><V77/><F132/><W76/><G76/><T31/><D31/><U130/><E130/><V12/><F78/><W39/><G39/><T84/><D84/><U89/><E85/><N who="2" m="48271" /><F134/><W60/><G122/><T99/><D99/><U117/><E117/><V106/><F135/><W44/><G120/><T0/><D0/><U127/><E127/><V69/><F69/><AGARI ba="1,1" hai="1,3,9,13,17,61,64,69,73,74,75,86,88,92" machi="69" ten="40,7700,0" yaku="1,1,54,1,53,1" doraHai="30" doraHaiUra="57" who="0" fromWho="2" sc="360,90,210,0,210,-80,210,0" /><INIT seed="0,2,0,2,2,79" ten="450,210,130,210" oya="0" hai0="113,47,131,29,125,73,135,20,48,82,52,1,92" hai1="34,39,57,31,67,30,2,8,7,123,94,99,25" hai2="13,36,102,97,101,37,44,22,33,45,59,132,124" hai3="53,32,38,64,88,127,61,103,14,15,89,116,43"/><T51/><D113/><U56/><E123/><V3/><F33/><W41/><G116/><T12/><D1/><U17/><E39/><V23/><F3/><W110/><G32/><T114/><D114/><U78/><E30/><V126/><F59/><N who="3" m="35055" /><G127/><N who="2" m="48681" /><F13/><N who="3" m="4619" /><G38/><N who="2" m="14953" /><F132/><W90/><G110/><T68/><D135/><U91/><E17/><V87/><F87/><W54/><G64/><T63/><D125/><U5/><E5/><V83/><F83/><W130/><G130/><T60/><D131/><U111/><E111/><V104/><F104/><W85/><G103/><N who="2" m="39433" /><F97/><W65/><G65/><T0/><D0/><U100/><E67/><V19/><F19/><W121/><G121/><T26/><D12/><U115/><E115/><V122/><F122/><W16/><G16/><T21/><D29/><U40/><E40/><N who="3" m="15434" /><G54/><T71/><D52/><U118/><E118/><V98/><F98/><W6/><G6/><T55/><D55/><U133/><E133/><V50/><F50/><W117/><G117/><T96/><D51/><U112/><E112/><V128/><F128/><W58/><G58/><T105/><D48/><U18/><E18/><V70/><F70/><W119/><G119/><T62/><D71/><U28/><E28/><V4/><F4/><W35/><G35/><T95/><D68/><U77/><REACH who="1" step="1"/><E100/><REACH who="1" step="2"/><V49/><F49/><W72/><G72/><T93/><D73/><U134/><E134/><V84/><F84/><AGARI ba="2,1" hai="84,85,88,89,90" m="15434,4619,35055" machi="84" ten="30,2000,0" yaku="8,1,54,1" doraHai="79" who="3" fromWho="2" sc="450,0,200,0,130,-26,210,36" /><INIT seed="1,0,0,4,5,38" ten="450,200,104,246" oya="1" hai0="124,54,123,114,55,57,7,17,81,13,30,96,102" hai1="50,107,59,105,43,35,120,42,15,52,79,68,61" hai2="111,134,34,132,40,70,65,106,122,26,29,93,103" hai3="101,119,47,84,36,104,71,14,80,87,41,92,131"/><U5/><E120/><V77/><F93/><W18/><G119/><T109/><D114/><U130/><E35/><V9/><F122/><W113/><G113/><T33/><D123/><U12/><E107/><V49/><F111/><W69/><G131/><T22/><D109/><U20/><E105/><V53/><F77/><W48/><G104/><T72/><D124/><U97/><E130/><V91/><F9/><W63/><G101/><T118/><D118/><U125/><E125/><V88/><F53/><W135/><G92/><T39/><D39/><U110/><E110/><V0/><F0/><W45/><G135/><N who="2" m="51753" /><F65/><W94/><G94/><T2/><D81/><U58/><E79/><V75/><F70/><W44/><G87/><T112/><D72/><U46/><E97/><N who="2" m="61807" /><F75/><W133/><G133/><T78/><D78/><U82/><E82/><V37/><F37/><W100/><G100/><T32/><D112/><U3/><E3/><V128/><F128/><W76/><G63/><T11/><D55/><U28/><E59/><V83/><F83/><W74/><G74/><T117/><D117/><U6/><E68/><V16/><F16/><W126/><G126/><T67/><D67/><U25/><E43/><V27/><F27/><W98/><G98/><T89/><D96/><U66/><E66/><V60/><F60/><W8/><G44/><AGARI ba="0,0" hai="26,29,34,40,44,49,88,91" m="61807,51753" machi="44" ten="30,3900,0" yaku="20,1,52,1,54,1" doraHai="38" who="2" fromWho="3" sc="450,0,200,0,104,39,246,-39" /><INIT seed="2,0,0,3,4,108" ten="450,200,143,207" oya="2" hai0="13,43,86,132,74,100,119,31,84,106,87,85,88" hai1="44,19,122,52,47,78,6,56,123,93,42,102,120" hai2="134,96,91,121,14,126,92,115,61,38,110,11,66" hai3="36,41,128,7,22,69,8,49,124,65,58,15,50"/><V23/><F121/><W17/><G124/><T104/><D43/><U59/><E6/><V25/><F38/><W89/><G128/><T83/><D31/><U70/><E70/><V79/><F126/><W90/><G69/><T111/><D13/><U118/><E118/><V130/><F130/><W133/><G133/><T27/><D27/><U35/><E35/><V129/><F129/><W12/><G36/><T116/><D132/><U131/><E131/><V4/><F134/><W80/><G41/><T26/><D26/><U46/><E78/><V51/><F110/><W20/><G65/><T99/><D111/><U60/><E59/><V76/><F51/><W57/><G80/><N who="0" m="49159" /><D106/><U33/><E33/><V30/><REACH who="2" step="1"/><F115/><REACH who="2" step="2"/><W9/><G17/><T97/><D119/><U112/><E19/><V94/><F94/><W24/><G7/><T54/><D116/><U72/><E112/><V77/><F77/><W135/><G135/><T75/><D83/><U16/><E16/><V109/><F109/><W63/><REACH who="3" step="1"/><G24/><REACH who="3" step="2"/><T81/><D81/><U64/><E123/><V125/><F125/><W67/><G67/><T32/><D104/><U62/><E122/><V55/><F55/><W117/><G117/><T0/><D54/><U10/><E120/><V73/><F73/><W53/><G53/><T45/><D74/><U71/><E64/><V98/><F98/><W68/><G68/><AGARI ba="0,2" hai="4,11,14,23,25,30,61,66,68,76,79,91,92,96" machi="68" ten="30,2900,0" yaku="1,1,7,1,53,0" doraHai="108" doraHaiUra="127" who="2" fromWho="3" sc="450,0,200,0,133,49,197,-29" /><INIT seed="2,1,0,2,0,16" ten="450,200,182,168" oya="2" hai0="105,112,30,24,54,32,68,14,48,91,82,44,100" hai1="135,6,74,49,26,89,104,132,86,72,93,76,17" hai2="70,15,21,4,77,85,97,22,59,87,37,124,95" hai3="75,92,109,2,84,33,127,116,52,3,45,42,81"/><V113/><F70/><W65/><G116/><T69/><D112/><U106/><E49/><V41/><F113/><W9/><G33/><T79/><D91/><U51/><E51/><V122/><F122/><W134/><G134/><N who="1" m="51242" /><E6/><V108/><F37/><W111/><G65/><T118/><D118/><U23/><E76/><V27/><F41/><W8/><G127/><T83/><D83/><U63/><E63/><V133/><F124/><W19/><G92/><T56/><D14/><U99/><E99/><V107/><F107/><AGARI ba="1,0" hai="17,23,26,72,74,86,89,93,104,106,107" m="51242" machi="107" ten="30,2000,0" yaku="20,1,52,1" doraHai="16" who="1" fromWho="2" sc="450,0,200,23,182,-23,168,0" /><INIT seed="3,0,0,3,2,15" ten="450,223,159,168" oya="3" hai0="61,57,79,34,83,69,25,128,104,45,20,58,62" hai1="32,40,70,124,67,26,96,110,82,121,28,49,59" hai2="63,98,9,135,88,134,2,75,129,36,90,87,0" hai3="46,43,24,35,119,16,103,95,53,56,84,89,42"/><W48/><G119/><T10/><D104/><U80/><E121/><V50/><F36/><W18/><G43/><T44/><D34/><U14/><E70/><V91/><F75/><W101/><G35/><T3/><D69/><U116/><E116/><V27/><F129/><W77/><G24/><T21/><D128/><U37/><E37/><V55/><F98/><W31/><G31/><T99/><D99/><U5/><E110/><V81/><F63/><N who="3" m="36239" /><G77/><T107/><D107/><U6/><E124/><V127/><F127/><W54/><G42/><T4/><D61/><U23/><E96/><V92/><F27/><W51/><G48/><T125/><D125/><U117/><E117/><V115/><F115/><W102/><AGARI ba="0,0" hai="16,18,46,51,54,84,89,95,101,102,103" m="36239" machi="102" ten="30,11700,0" yaku="8,1,52,2,54,1" doraHai="15" who="3" fromWho="3" sc="450,-39,223,-39,159,-39,168,117" /><INIT seed="3,1,0,0,0,94" ten="411,184,120,285" oya="3" hai0="66,122,44,31,91,131,128,47,49,116,26,97,2" hai1="89,27,25,65,13,43,41,71,113,107,61,42,106" hai2="79,28,50,134,37,33,96,111,124,76,46,34,125" hai3="6,114,22,14,100,58,59,78,99,63,118,18,101"/><W117/><G114/><T53/><D2/><U112/><E13/><V29/><F37/><W133/><G133/><T129/><D116/><U102/><E89/><V110/><F50/><W40/><G40/><T16/><D122/><U121/><E121/><V85/><F85/><W56/><G78/><N who="2" m="29737" /><F46/><W103/><G6/><T30/><D66/><U132/><E132/><V105/><F134/><W45/><G45/><N who="0" m="27823" /><D16/><U72/><E102/><V126/><F96/><W108/><G108/><N who="2" m="41513" /><F105/><W19/><G19/><T12/><D12/><U74/><E43/><V62/><F62/><W98/><REACH who="3" step="1"/><G63/><REACH who="3" step="2"/><T68/><D30/><AGARI ba="1,1" hai="28,29,30,33,34,124,125,126" m="41513,29737" machi="30" ten="40,8000,1" yaku="28,2,18,1,14,1" doraHai="94" who="2" fromWho="0" sc="411,-83,184,0,120,93,275,0" /><INIT seed="4,0,0,3,0,94" ten="328,184,213,275" oya="0" hai0="67,56,61,128,35,120,108,40,41,29,115,113,86" hai1="90,123,126,107,109,19,84,111,96,79,24,18,55" hai2="8,11,130,1,2,72,30,31,51,77,121,58,43" hai3="10,42,119,0,91,5,105,14,16,45,85,92,13"/><T118/><D120/><U83/><E123/><V103/><F121/><W133/><G119/><T93/><D118/><U23/><E126/><V68/><F68/><W80/><G133/><T3/><D3/><U69/><E69/><V95/><F130/><W70/><G70/><T4/><D4/><U100/><E55/><V25/><F31/><W66/><G105/><T71/><D128/><U104/><E104/><V64/><F77/><W78/><G66/><T117/><D117/><U22/><REACH who="1" step="1"/><E79/><REACH who="1" step="2"/><V21/><F1/><W57/><G57/><T110/><D71/><U46/><E46/><N who="2" m="26079" /><F2/><W98/><REACH who="3" step="1"/><G16/><REACH who="3" step="2"/><T39/><D67/><U15/><AGARI ba="0,2" hai="15,18,19,22,23,24,83,84,90,96,100,107,109,111" machi="15" ten="20,5200,0" yaku="1,1,0,1,7,1,52,1,53,0" doraHai="94" doraHaiUra="63" who="1" fromWho="1" sc="328,-26,174,72,213,-13,265,-13" /><INIT seed="5,0,0,0,5,114" ten="302,246,200,252" oya="1" hai0="44,65,76,24,101,109,85,15,27,8,103,16,77" hai1="97,37,104,83,40,31,63,12,46,53,36,3,64" hai2="106,92,102,78,70,38,47,80,57,49,9,79,50" hai3="58,10,133,73,110,126,22,90,105,123,41,100,67"/><U122/><E122/><V18/><F70/><W112/><G41/><T111/><D111/><U129/><E3/><V26/><F106/><W99/><G110/><T35/><D109/><U13/><E129/><V94/><F38/><W130/><G123/><T71/><D35/><U68/><E37/><V2/><F2/><W108/><G108/><T32/><D32/><U6/><E31/><V107/><F107/><W45/><G45/><T28/><D71/><U66/><E66/><V120/><F120/><W14/><G112/><T33/><D65/><U42/><E42/><V132/><F102/><N who="0" m="38922" /><D33/><U43/><E43/><V115/><F115/><W127/><G58/><T131/><D131/><U21/><E83/><V118/><F132/><W95/><G67/><T113/><D113/><U82/><E82/><V119/><F57/><W72/><G22/><N who="0" m="15383" /><D27/><U124/><E124/><N who="3" m="47658" /><G130/><T87/><D44/><U89/><E21/><V17/><F26/><W86/><G14/><T39/><D39/><U84/><E53/><V48/><F9/><W69/><G10/><T81/><D87/><U29/><E6/><V135/><F135/><W60/><G60/><T74/><D74/><N who="3" m="28777" /><G69/><T20/><D8/><U117/><E29/><V25/><F47/><W121/><G121/><T134/><D134/><AGARI ba="0,0" hai="86,90,95,99,100,105,133,134" m="28777,47658" machi="134" ten="40,5200,0" yaku="18,1,34,2" doraHai="114" who="3" fromWho="0" sc="302,-52,246,0,200,0,252,52" /><INIT seed="6,0,0,1,2,63" ten="250,246,200,304" oya="2" hai0="11,74,66,25,115,134,71,3,5,22,13,83,103" hai1="121,41,53,42,77,96,35,109,70,31,16,12,128" hai2="129,130,113,2,44,87,10,99,68,92,24,64,69" hai3="88,62,72,19,40,114,48,56,15,73,36,94,97"/><V131/><F113/><W133/><G36/><T119/><D119/><U8/><E109/><V37/><F87/><W34/><G34/><T106/><D115/><U75/><E121/><V90/><F24/><W135/><G114/><T23/><D134/><N who="3" m="51209" /><G48/><T29/><D74/><U59/><E128/><V84/><F84/><W65/><G40/><T122/><D122/><U104/><E70/><V102/><F102/><W54/><G54/><T26/><D83/><U100/><E75/><V107/><F107/><W17/><G17/><T67/><D3/><U32/><E77/><V39/><F64/><W46/><G46/><T132/><D132/><U118/><E118/><V110/><F110/><W20/><AGARI ba="0,0" hai="15,19,20,56,62,65,72,73,88,94,97" m="51209" machi="20" ten="30,4000,0" yaku="20,1,52,1,54,1" doraHai="63" who="3" fromWho="3" sc="250,-10,246,-10,200,-20,304,40" /><INIT seed="7,0,0,1,1,41" ten="240,236,180,344" oya="3" hai0="56,106,88,67,114,113,70,108,93,7,79,58,42" hai1="9,53,84,57,128,134,94,107,11,18,92,62,61" hai2="71,97,100,36,123,110,49,2,55,82,0,13,72" hai3="6,1,130,80,4,85,20,119,39,83,12,21,99"/><W73/><G119/><T16/><D106/><U64/><E128/><V27/><F71/><W127/><G130/><T115/><D108/><U37/><E134/><V112/><F110/><W40/><G127/><T131/><D131/><U117/><E117/><V132/><F132/><W25/><G6/><T48/><D7/><U43/><E107/><V91/><F112/><N who="0" m="28674" /><T19/><DORA hai="66" /><D79/><U86/><E86/><V111/><F111/><W51/><G99/><N who="0" m="57767" /><D70/><U28/><E94/><V124/><F124/><W8/><G25/><T129/><D129/><U14/><E28/><V75/><F36/><W30/><G30/><T24/><D24/><U31/><E31/><V76/><F123/><W59/><G12/><T65/><D65/><U46/><E92/><V15/><F72/><W22/><G85/><T78/><D78/><U96/><E84/><V5/><F91/><W60/><G73/><T105/><D105/><U90/><E90/><V47/><F27/><W38/><G83/><T102/><D102/><U34/><E96/><V52/><F55/><W44/><REACH who="3" step="1"/><G80/><REACH who="3" step="2"/><T101/><D19/><U68/><REACH who="1" step="1"/><E34/><REACH who="1" step="2"/><V116/><F116/><W81/><G81/><T10/><D101/><U50/><E50/><V103/><F49/><W54/><AGARI ba="0,2" hai="1,4,8,20,21,22,38,39,40,44,51,54,59,60" machi="54" ten="30,6000,0" yaku="1,1,0,1,52,1,53,0" doraHai="41,66" doraHaiUra="133,121" who="3" fromWho="3" sc="240,-20,226,-20,180,-20,334,80" owari="220,2,206,-19,160,-34,414,51" /></mjloggm>