<mjloggm ver="2.3"><GO type="169"/><UN n0="%E3%80%93%E3%81%84%E3%81%A1%E3%81%AF%E3%82%89%E3%80%93" n1="%4B%E3%80%82" n2="%EF%BC%88%E2%89%A7%E2%96%BD%E2%89%A6%EF%BC%89" n3="%E3%81%84%E3%81%AC%E3%81%98%E3%82%83%E3%82%89%E3%81%97" dan="18,17,17,17" rate="2180,2151,2117,2228" sx="M,M,M,M"/><TAIKYOKU oya="0"/><INIT seed="0,0,0,1,1,63" ten="250,250,250,250" oya="0" hai0="47,64,8,13,78,76,7,45,95,34,24,6,31" hai1="70,53,35,27,130,81,125,51,49,110,111,55,71" hai2="88,134,44,14,90,85,25,42,117,91,98,101,43" hai3="68,17,57,74,121,30,103,28,2,21,133,89,41"/><T106/><D106/><U114/><E81/><V97/><F134/><W5/><G68/><N who="1" m="26154" /><E35/><V129/><F129/><W86/><G74/><T124/><D124/><U122/><E27/><V72/><F72/><W33/><G33/><T29/><D29/><U73/><E73/><V96/><F117/><W119/><G119/><T20/><D7/><U18/><E18/><V104/><F85/><W39/><G133/><T132/><D132/><U79/><E79/><V131/><F131/><W32/><G32/><T36/><D34/><U75/><E75/><V123/><F123/><W9/><G121/><T23/><D23/><U15/><E15/><V108/><F25/><W1/><G1/><T120/><D120/><U82/><E82/><V66/><F14/><W118/><G118/><T92/><D36/><U127/><E122/><V40/><F108/><N who="1" m="41513" /><E114/><V0/><F0/><W10/><G10/><T83/><D64/><U69/><E69/><V67/><F104/><W19/><G21/><T58/><D58/><N who="1" m="33071" /><E130/><V94/><F44/><AGARI ba="0,0" hai="44,51,55,125,127" m="33071,41513,26154" machi="44" ten="30,3900,0" yaku="14,1,34,2" doraHai="63" who="1" fromWho="2" sc="250,0,250,39,250,-39,250,0" /><INIT seed="1,0,0,0,2,16" ten="250,289,211,250" oya="1" hai0="131,49,34,94,135,8,128,14,134,19,78,30,110" hai1="98,129,36,45,51,125,91,2,24,93,73,104,15" hai2="122,86,57,105,29,76,120,13,117,65,62,71,31" hai3="100,37,72,127,89,96,18,108,66,121,39,40,55"/><U25/><E2/><V82/><F117/><W113/><G121/><T80/><D94/><U74/><E36/><V60/><F105/><W10/><G113/><T107/><D107/><U68/><E68/><V27/><F13/><W75/><G66/><T43/><D80/><U115/><E104/><V1/><F1/><W130/><G108/><T22/><D78/><U111/><E115/><V118/><F29/><W11/><G89/><T48/><D43/><U85/><E111/><V46/><F46/><W61/><G127/><T79/><D79/><U95/><E125/><V3/><F3/><W7/><G130/><N who="0" m="49707" /><D110/><U17/><E129/><V116/><F122/><W114/><G114/><T123/><D34/><U58/><E74/><V38/><F38/><W32/><G32/><T126/><D123/><U63/><E73/><V67/><REACH who="2" step="1"/><F120/><REACH who="2" ten="250,289,201,250" step="2"/><W106/><G106/><T84/><D126/><U4/><E45/><V35/><AGARI ba="0,1" hai="27,31,35,57,60,62,65,67,71,76,82,86,116,118" machi="35" ten="20,5200,0" yaku="1,1,2,1,0,1,7,1,53,0" doraHai="16" doraHaiUra="101" who="2" fromWho="2" sc="250,-13,289,-26,201,62,250,-13" /><INIT seed="2,0,0,2,2,43" ten="237,263,263,237" oya="2" hai0="56,83,96,72,118,36,25,111,89,3,82,90,61" hai1="45,123,26,69,7,105,32,5,71,124,112,126,53" hai2="29,6,125,79,34,116,58,59,100,57,134,13,64" hai3="31,33,87,80,109,114,127,81,133,23,48,4,115"/><V30/><F116/><W110/><G33/><T122/><D111/><N who="3" m="42505" /><G4/><T20/><D122/><U10/><E105/><V54/><F64/><W1/><G1/><T2/><D118/><U47/><E112/><N who="3" m="43050" /><G48/><T55/><D36/><U128/><E123/><V106/><F34/><W131/><G31/><T101/><D72/><U77/><E77/><V63/><F30/><W107/><G23/><T21/><D3/><U40/><E53/><V84/><F29/><W119/><G119/><T12/><D2/><U104/><E104/><V117/><F117/><W130/><G127/><N who="1" m="48682" /><E26/><V16/><F6/><N who="1" m="2057" /><E32/><V28/><F28/><W44/><G44/><N who="1" m="16970" /><E40/><V52/><F54/><W132/><G107/><T86/><D25/><U135/><E135/><N who="3" m="51786" /><G87/><N who="0" m="50423" /><D12/><U35/><E35/><V129/><F134/><W85/><G85/><T9/><D86/><U15/><E128/><AGARI ba="0,0" hai="80,81,128,130,131" m="51786,43050,42505" machi="128" ten="40,16000,3" yaku="28,2,19,1,14,1,11,1,20,1,34,2" doraHai="43" who="3" fromWho="1" sc="237,0,263,-160,263,0,237,160" /><INIT seed="3,0,0,4,4,5" ten="237,103,263,397" oya="3" hai0="93,75,36,101,125,49,99,121,131,9,79,100,52" hai1="109,111,90,64,22,81,126,78,7,77,88,45,55" hai2="2,53,82,32,92,20,17,43,133,74,117,6,123" hai3="115,26,94,57,15,112,80,65,128,25,1,124,89"/><W0/><G124/><T87/><D125/><U63/><E126/><V51/><F117/><W132/><G128/><T69/><D36/><U102/><E102/><V16/><F32/><W31/><G132/><T54/><D121/><U130/><E130/><V27/><F133/><W73/><G15/><T19/><D69/><U114/><E114/><V135/><F135/><W10/><G26/><T70/><D70/><U40/><E22/><V134/><F134/><W44/><G44/><T11/><D75/><U108/><E55/><V38/><F38/><W61/><G80/><N who="0" m="47519" /><D131/><U106/><E7/><V119/><F119/><W71/><G73/><T41/><D101/><U58/><E106/><V8/><F123/><W12/><G71/><T47/><D19/><U120/><E120/><V104/><F104/><W59/><G59/><N who="0" m="33231" /><D41/><U122/><E122/><V24/><F43/><W85/><G0/><T127/><D127/><U18/><E18/><V97/><F17/><W95/><G95/><T91/><D100/><U42/><E42/><V30/><F27/><W48/><G48/><AGARI ba="0,0" hai="9,11,47,48,52,91,93,99" m="33231,47519" machi="48" ten="30,7700,0" yaku="8,1,52,2,54,1" doraHai="5" who="0" fromWho="3" sc="237,77,103,0,263,0,397,-77" /><INIT seed="4,0,0,0,5,2" ten="314,103,263,320" oya="0" hai0="58,132,135,33,67,92,47,34,111,105,104,31,77" hai1="19,84,10,4,29,53,83,27,73,20,56,98,81" hai2="17,117,124,46,72,69,112,35,99,37,52,70,1" hai3="48,5,113,18,74,107,28,134,3,121,126,101,26"/><T42/><D77/><U25/><E73/><V133/><RYUUKYOKU type="yao9" ba="0,0" sc="314,0,103,0,263,0,320,0" hai2="1,17,35,37,46,52,69,70,72,99,112,117,124,133" /><INIT seed="4,1,0,4,5,48" ten="314,103,263,320" oya="0" hai0="46,12,82,102,62,25,93,87,69,120,129,40,112" hai1="50,96,121,80,61,60,21,13,33,67,8,52,95" hai2="109,116,15,74,4,89,35,5,10,123,58,104,105" hai3="111,2,115,125,64,26,94,42,108,97,20,81,86"/><T71/><D112/><U128/><E33/><V51/><F123/><W132/><G115/><T85/><D120/><U3/><E121/><V7/><F109/><W45/><G2/><T100/><D129/><U66/><E128/><V17/><F74/><W9/><G9/><T37/><D12/><U39/><E39/><V54/><F116/><W106/><G64/><T90/><D25/><U101/><E3/><V135/><F135/><W110/><G106/><T130/><D130/><U113/><E21/><V53/><F35/><W55/><G125/><T134/><D134/><U65/><E80/><V14/><F14/><W78/><G132/><T6/><D6/><U23/><E23/><V92/><REACH who="2" step="1"/><F54/><REACH who="2" ten="314,103,253,320" step="2"/><W126/><G55/><T70/><REACH who="0" step="1"/><D62/><REACH who="0" ten="304,103,253,320" step="2"/><U30/><E113/><V103/><F103/><W56/><G111/><T117/><D117/><U31/><E61/><V118/><F118/><W77/><G110/><T107/><D107/><U18/><REACH who="1" step="1"/><E60/><REACH who="1" ten="304,93,253,320" step="2"/><V36/><F36/><W57/><G108/><T91/><AGARI ba="1,3" hai="37,40,46,69,70,71,82,85,87,90,91,93,100,102" machi="91" ten="40,3900,0" yaku="1,1,0,1,53,0" doraHai="48" doraHaiUra="133" who="0" fromWho="0" sc="304,72,93,-14,253,-14,320,-14" /><INIT seed="4,2,0,2,5,73" ten="376,79,239,306" oya="0" hai0="113,128,87,53,34,14,77,0,64,11,71,25,31" hai1="117,125,114,130,104,75,85,93,50,45,76,135,55" hai2="80,61,110,103,107,109,58,41,23,66,89,54,37" hai3="39,9,48,32,121,56,12,134,96,24,60,69,83"/><T101/><D113/><U119/><E104/><V62/><F107/><W29/><G39/><T1/><D128/><U90/><E130/><V115/><F103/><W72/><G134/><T3/><D101/><U21/><E135/><V2/><F2/><W19/><G121/><T91/><D64/><U70/><E70/><V132/><F132/><W46/><G69/><T13/><D71/><U126/><E114/><V16/><F115/><W86/><G72/><T81/><D53/><U102/><E102/><V57/><F41/><W95/><G95/><T52/><D11/><U111/><E21/><V28/><F28/><W30/><G96/><T108/><D108/><U22/><E22/><V27/><REACH who="2" step="1"/><F37/><REACH who="2" ten="376,79,229,306" step="2"/><W84/><G30/><T106/><D106/><U116/><REACH who="1" step="1"/><E111/><REACH who="1" ten="376,69,229,306" step="2"/><V20/><F20/><W4/><G32/><T42/><D34/><U124/><E124/><V10/><F10/><W44/><G9/><T112/><D112/><U36/><E36/><V67/><F67/><W6/><G29/><T97/><D31/><U94/><E94/><V131/><F131/><W63/><G24/><T127/><D25/><U5/><E5/><V17/><F17/><W43/><G19/><T122/><D127/><U74/><E74/><V38/><F38/><W26/><G26/><T15/><D122/><U35/><E35/><V8/><F8/><W133/><G4/><T40/><D3/><U68/><E68/><V49/><F49/><W18/><G48/><T105/><D0/><U129/><E129/><V65/><F65/><W51/><G6/><T120/><D1/><U59/><E59/><RYUUKYOKU ba="2,2" sc="376,-15,69,15,229,15,306,-15" hai1="45,50,55,75,76,85,90,93,116,117,119,125,126" hai2="16,23,27,54,57,58,61,62,66,80,89,109,110" /><INIT seed="5,3,2,3,1,10" ten="361,84,244,291" oya="1" hai0="50,117,106,90,131,8,14,101,36,26,48,52,20" hai1="104,81,75,69,73,129,80,70,133,99,87,33,83" hai2="124,66,74,55,71,76,23,98,78,46,12,134,58" hai3="110,65,34,93,18,53,132,37,51,39,11,118,121"/><U54/><E33/><V120/><F120/><W49/><G110/><T43/><D117/><U114/><E54/><V5/><F124/><W100/><G121/><T107/><D131/><U77/><E129/><V64/><F134/><W41/><G34/><T125/><D125/><U127/><E127/><V68/><F68/><W113/><G65/><N who="2" m="25193" /><F74/><N who="1" m="28169" /><E70/><V16/><F71/><W17/><G93/><T42/><D36/><U130/><E130/><V40/><F5/><W35/><G100/><T0/><D0/><U84/><E69/><V88/><F46/><W103/><G103/><T57/><D107/><U6/><E6/><V19/><F19/><W123/><G18/><N who="0" m="8519" /><D106/><U47/><E47/><V108/><F40/><N who="0" m="15402" /><D101/><N who="1" m="62527" /><E133/><V86/><F98/><W115/><G39/><T44/><D44/><U128/><E128/><V7/><F7/><W79/><G37/><T91/><D50/><U32/><E32/><V24/><F24/><W30/><G51/><T22/><D22/><U13/><E13/><V119/><F119/><W95/><G49/><T9/><D9/><U94/><E114/><V122/><F108/><W105/><G115/><T63/><D48/><U38/><E38/><V62/><F122/><W92/><G113/><T28/><AGARI ba="3,2" hai="20,26,28,52,57,63,90,91" m="15402,8519" machi="28" ten="30,4000,0" yaku="8,1,52,1,54,1" doraHai="10" who="0" fromWho="0" sc="361,69,84,-23,244,-13,291,-13" /><INIT seed="6,0,0,5,2,48" ten="430,61,231,278" oya="2" hai0="78,117,9,31,110,7,88,58,25,94,18,111,59" hai1="72,0,62,38,100,132,61,125,126,6,67,21,3" hai2="118,98,27,91,19,106,45,11,99,4,16,22,64" hai3="108,42,77,127,115,23,10,60,28,75,81,39,15"/><V130/><F118/><W70/><G108/><T32/><D117/><U68/><E72/><V109/><F109/><W90/><G127/><T47/><D78/><U56/><E38/><V107/><F130/><W50/><G39/><T46/><D59/><U87/><E132/><V119/><F119/><W82/><G115/><T13/><D58/><U17/><E100/><V35/><F35/><W73/><G28/><T85/><D47/><U40/><E40/><V105/><F64/><W74/><G23/><T1/><D46/><U92/><E92/><V65/><F65/><W134/><G134/><T30/><D30/><U133/><E133/><V80/><F19/><W129/><G129/><T121/><D121/><U84/><E84/><V135/><F135/><W63/><G42/><T36/><D36/><U57/><E87/><V83/><F45/><W29/><G50/><T113/><D113/><U43/><E43/><V8/><F8/><AGARI ba="0,0" hai="1,7,8,9,13,18,25,31,32,85,88,94,110,111" machi="8" ten="30,2000,0" yaku="7,1,54,1" doraHai="48" who="0" fromWho="2" sc="430,20,61,0,231,-20,278,0" /><INIT seed="7,0,0,2,2,42" ten="450,61,211,278" oya="3" hai0="129,71,131,111,120,63,135,96,80,19,60,15,86" hai1="51,91,133,2,24,122,97,69,104,14,40,121,36" hai2="110,134,41,11,45,32,112,130,9,108,28,113,89" hai3="4,107,94,87,84,48,37,125,12,83,3,70,27"/><W52/><G37/><T77/><D120/><U58/><E14/><V20/><F134/><W67/><G107/><T57/><D111/><U26/><E133/><V81/><F130/><N who="0" m="49674" /><D135/><U82/><E91/><V17/><F89/><W98/><G52/><T68/><D96/><U99/><E82/><V0/><F81/><W46/><G12/><T59/><D59/><U31/><E2/><V61/><F61/><N who="0" m="23626" /><D57/><U76/><E76/><V30/><F41/><W55/><G87/><T124/><D124/><U109/><E109/><V16/><F45/><W118/><G94/><T101/><D101/><U8/><E69/><V18/><F32/><W88/><G27/><T126/><D126/><U65/><E65/><V7/><F20/><AGARI ba="0,0" hai="15,19,20,68,71,77,80,86" m="23626,49674" machi="20" ten="30,1000,0" yaku="19,1" doraHai="42" who="0" fromWho="2" sc="450,10,61,0,211,-10,278,0" owari="460,56.0,61,-44.0,201,-20.0,278,8.0" /></mjloggm>