<mjloggm ver="2.3"><GO type="169"/><UN n0="%65%69%63%68%69%72%6F" n1="%47%61%4B%75" n2="%E6%9D%A5%E6%A0%96%E9%B3%A5" n3="%EF%BC%88%E2%89%A7%E2%96%BD%E2%89%A6%EF%BC%89" dan="16,16,16,18" rate="2055,2108,2100,2218" sx="M,M,M,M"/><TAIKYOKU oya="0"/><INIT seed="0,0,0,4,0,125" ten="250,250,250,250" oya="0" hai0="88,129,9,53,8,64,3,92,55,109,56,54,15" hai1="62,70,60,52,106,0,86,32,39,103,28,44,34" hai2="37,14,94,41,89,30,102,46,26,104,23,78,122" hai3="33,112,61,96,83,79,128,68,110,107,40,132,74"/><T36/><D36/><U95/><E0/><V121/><F104/><W119/><RYUUKYOKU type="yao9" ba="0,0" sc="250,0,250,0,250,0,250,0" hai3="33,40,61,68,74,79,83,96,107,110,112,119,128,132" /><INIT seed="0,1,0,2,4,12" ten="250,250,250,250" oya="0" hai0="132,0,39,116,35,46,49,41,40,70,64,111,95" hai1="89,133,118,114,57,67,58,113,107,121,45,79,94" hai2="104,5,11,115,66,119,86,16,81,62,61,91,75" hai3="50,124,60,117,20,30,17,18,51,112,82,42,69"/><T23/><D35/><U21/><E107/><V120/><F104/><W52/><G117/><T110/><D0/><U126/><E118/><V36/><F36/><W19/><G112/><T4/><D4/><U29/><E121/><V130/><F115/><N who="1" m="44041" /><E133/><V122/><F119/><W78/><G124/><T8/><D8/><U48/><E79/><V38/><F38/><W68/><G68/><T96/><D96/><U6/><E6/><V135/><F135/><W63/><G42/><T26/><D95/><U131/><E67/><V54/><F75/><W10/><G10/><T24/><D24/><N who="1" m="16527" /><E126/><V3/><F130/><W108/><G108/><N who="0" m="41515" /><D26/><U85/><E131/><V33/><F33/><W74/><G69/><T134/><D23/><U73/><E73/><V47/><F122/><W72/><G72/><T93/><D93/><U77/><E77/><V80/><F66/><W106/><G106/><T102/><D102/><U56/><E56/><V97/><F97/><W71/><G71/><T83/><D83/><U22/><E22/><V101/><F101/><W7/><G7/><T65/><D116/><U128/><E128/><V98/><F98/><W105/><G105/><T37/><D64/><U13/><E13/><N who="2" m="7231" /><F80/><W27/><REACH who="3" step="1"/><G50/><REACH who="3" ten="250,250,250,240" step="2"/><T103/><D37/><U34/><E34/><V109/><F120/><W90/><G90/><T44/><D103/><U84/><E48/><N who="2" m="28959" /><F109/><W31/><G31/><T99/><D99/><U14/><E89/><V87/><F87/><W43/><G43/><T15/><D39/><U25/><E85/><V1/><F5/><W53/><G53/><T55/><D132/><RYUUKYOKU ba="1,1" sc="250,-15,250,-15,250,15,240,15" hai2="1,3,61,62,81,86,91" hai3="17,18,19,20,27,30,51,52,60,63,74,78,82" /><INIT seed="1,2,1,1,2,33" ten="235,235,265,255" oya="1" hai0="25,60,39,133,94,65,101,123,87,59,14,82,8" hai1="85,89,103,108,127,81,35,30,77,125,34,100,0" hai2="98,13,84,29,17,18,41,55,61,21,27,52,120" hai3="57,38,78,116,68,131,92,76,37,6,117,48,56"/><U106/><E0/><V115/><F120/><W2/><G68/><T19/><D39/><N who="3" m="14857" /><G92/><T107/><D123/><U20/><E108/><V128/><F128/><W74/><G131/><T96/><D133/><U93/><E20/><V15/><F115/><W51/><G74/><T50/><D50/><N who="3" m="18985" /><G6/><T3/><D3/><U40/><E40/><V44/><F61/><W122/><G2/><T23/><D107/><U62/><E62/><V70/><F70/><W109/><G109/><T69/><D69/><U80/><E30/><V1/><F1/><W110/><G110/><T47/><D47/><U124/><E34/><V71/><F71/><W111/><G111/><T12/><REACH who="0" step="1"/><D8/><REACH who="0" ten="225,235,265,255" step="2"/><U10/><E10/><N who="2" m="6391" /><F44/><W42/><G122/><T104/><D104/><U31/><E35/><V99/><F41/><W16/><G42/><T72/><D72/><N who="1" m="43047" /><E31/><V135/><F29/><W43/><G43/><T66/><D66/><U79/><E106/><V5/><F55/><W54/><G54/><T86/><D86/><AGARI ba="2,2" hai="79,81,85,86,89,93,100,103,124,125,127" m="43047" machi="86" ten="30,5800,0" yaku="18,1,34,2" doraHai="33" who="1" fromWho="0" sc="225,-64,235,84,265,0,255,0" /><INIT seed="1,3,0,1,0,48" ten="161,319,265,255" oya="1" hai0="116,84,41,127,24,128,32,107,76,20,50,95,92" hai1="25,80,131,119,42,120,93,83,44,49,46,86,90" hai2="78,47,56,104,130,126,99,37,129,1,11,70,67" hai3="85,68,71,82,87,88,121,132,89,91,31,72,65"/><U17/><E131/><N who="2" m="50187" /><F56/><W94/><G121/><T74/><D107/><U8/><E120/><V2/><F126/><W106/><G106/><T51/><D116/><U123/><E123/><V63/><F11/><W26/><G132/><T16/><D127/><U73/><E119/><V29/><F78/><W5/><G72/><T96/><D128/><U124/><E124/><V62/><F29/><W102/><G5/><T81/><D32/><U19/><E73/><V28/><F63/><W110/><G110/><T61/><D61/><U9/><E19/><V133/><F28/><W30/><G65/><T108/><D108/><U4/><E9/><V79/><F79/><N who="3" m="46303" /><G71/><T60/><D60/><U33/><E33/><V59/><F133/><W14/><G68/><T98/><D41/><U13/><REACH who="1" step="1"/><E46/><REACH who="1" ten="161,309,265,255" step="2"/><V53/><F47/><W97/><G30/><T39/><D74/><U22/><AGARI ba="3,1" hai="4,8,13,17,22,25,42,44,49,80,83,86,90,93" machi="22" ten="30,12000,1" yaku="1,1,2,1,0,1,8,1,53,1" doraHai="48" doraHaiUra="38" who="1" fromWho="1" sc="161,-43,309,139,265,-43,255,-43" /><INIT seed="1,4,0,2,4,65" ten="118,448,222,212" oya="1" hai0="88,63,71,117,82,74,76,110,9,83,18,55,104" hai1="128,23,44,127,60,64,98,124,90,50,53,30,42" hai2="52,73,85,123,58,20,8,19,87,34,6,77,86" hai3="115,119,134,0,93,28,26,57,97,47,75,91,79"/><U99/><E128/><V135/><F34/><W78/><G115/><T67/><D117/><U10/><E10/><V106/><F106/><W129/><G0/><T113/><D113/><U100/><E90/><V102/><F102/><W125/><G119/><T15/><D110/><U70/><E99/><V62/><F135/><W130/><G134/><T7/><D104/><U33/><E33/><V133/><F123/><W41/><G57/><T121/><D121/><U126/><E23/><V105/><F105/><W96/><G96/><T36/><D36/><U25/><E25/><V116/><F116/><W89/><G89/><T114/><D114/><U27/><E27/><V107/><F107/><W80/><G79/><T14/><D55/><U32/><E32/><V118/><F118/><W39/><REACH who="3" step="1"/><G125/><REACH who="3" ten="118,448,222,202" step="2"/><T103/><D103/><U11/><E98/><V40/><F133/><W5/><G5/><T35/><D88/><U56/><E100/><V21/><F6/><W51/><G51/><T24/><D76/><U16/><E30/><V37/><F77/><W72/><G72/><T12/><D74/><U29/><E29/><V45/><F73/><W109/><G109/><T4/><D7/><U3/><E3/><V31/><F31/><W101/><G101/><T46/><D4/><U84/><E84/><V112/><F112/><W95/><G95/><T48/><D83/><U81/><E81/><V120/><F120/><W111/><G111/><T61/><D82/><U66/><E56/><V108/><F108/><W92/><G92/><T49/><D18/><U22/><E126/><V17/><F17/><RYUUKYOKU ba="4,1" sc="118,-15,448,-15,222,15,202,15" hai2="8,19,20,21,37,40,45,52,58,62,85,86,87" hai3="26,28,39,41,47,75,78,80,91,93,97,129,130" /><INIT seed="2,5,1,0,3,102" ten="103,433,237,217" oya="2" hai0="85,57,58,128,12,125,95,74,69,72,101,36,82" hai1="7,71,21,3,61,96,77,87,115,108,37,19,97" hai2="111,76,41,22,5,88,134,121,27,130,79,51,33" hai3="48,46,60,99,135,114,26,86,92,118,70,106,35"/><V107/><F121/><W17/><G118/><T83/><D69/><U32/><E108/><V47/><F33/><W98/><G135/><T59/><D36/><U91/><E37/><V42/><F130/><W131/><G131/><T132/><D128/><U119/><E32/><V43/><F134/><W16/><G114/><T0/><D0/><U2/><E119/><V104/><F5/><W68/><G68/><T54/><D132/><U80/><E115/><V44/><F111/><W38/><G38/><T89/><D125/><U30/><E30/><V129/><F129/><W116/><G116/><T6/><D72/><U103/><E7/><V113/><F113/><W127/><G127/><T4/><D74/><U18/><E91/><V11/><F11/><W28/><G86/><T15/><D54/><U50/><E96/><V63/><F63/><W14/><G14/><N who="0" m="5163" /><D83/><U55/><E61/><V52/><F47/><W39/><G39/><T122/><D122/><U78/><E71/><V24/><F88/><N who="3" m="55559" /><G48/><T81/><D81/><U25/><E77/><V93/><F93/><W66/><G46/><T34/><D34/><U62/><E62/><V20/><F27/><W105/><G105/><T53/><D53/><U112/><E112/><V1/><F1/><W124/><G124/><T56/><N who="0" m="14336" /><DORA hai="40" /><T23/><D23/><N who="2" m="8746" /><F24/><W90/><G90/><T109/><D109/><U84/><E3/><V9/><F9/><W49/><G49/><T133/><D133/><U110/><E2/><V73/><F73/><W117/><G117/><T126/><D126/><U120/><E110/><V13/><F13/><RYUUKYOKU ba="5,1" sc="103,10,433,-30,237,10,217,10" hai0="4,6,82,85,89,95,101" hai2="41,42,43,44,51,52,76,79,104,107" hai3="16,17,26,28,35,60,66,70,99,106" /><INIT seed="2,6,1,3,5,107" ten="113,403,247,227" oya="2" hai0="35,109,135,54,122,33,18,65,62,69,0,60,81" hai1="48,61,134,119,127,129,83,15,7,87,2,94,22" hai2="34,50,16,24,125,76,128,40,91,133,100,26,130" hai3="5,89,3,85,80,27,110,43,126,9,84,121,70"/><V132/><F100/><W59/><G121/><T101/><D122/><U95/><E119/><V120/><F120/><W36/><G70/><T93/><D0/><U79/><E2/><V118/><F118/><W32/><G126/><T25/><D109/><U31/><E127/><V111/><F125/><W74/><G110/><T71/><D135/><N who="2" m="51786" /><F111/><W6/><G6/><T64/><D54/><U108/><E134/><V56/><F34/><W20/><G32/><T19/><D81/><U12/><E108/><V30/><F30/><W46/><G59/><T44/><D44/><U104/><E104/><V66/><F91/><W28/><G89/><T21/><REACH who="0" step="1"/><D19/><REACH who="0" ten="103,403,247,227" step="2"/><U39/><E83/><V58/><F16/><W42/><REACH who="3" step="1"/><G43/><REACH who="3" ten="103,403,247,217" step="2"/><T10/><D10/><U47/><E7/><V4/><F4/><W45/><G45/><T52/><D52/><U72/><E47/><V17/><F40/><W14/><G14/><T8/><D8/><U116/><E15/><V1/><F1/><W55/><G55/><T97/><AGARI ba="6,3" hai="18,21,25,33,35,60,62,64,65,69,71,93,97,101" machi="97" ten="30,4000,0" yaku="1,1,0,1,9,1,53,0" doraHai="107" doraHaiUra="38" who="0" fromWho="0" sc="103,88,403,-16,247,-26,217,-16" /><INIT seed="3,0,0,3,4,19" ten="191,387,221,201" oya="3" hai0="49,15,36,61,42,81,85,134,38,58,126,109,129" hai1="130,22,128,105,88,78,68,31,107,135,125,114,92" hai2="95,5,65,72,56,29,119,121,1,87,101,11,53" hai3="113,60,32,46,93,17,70,80,55,3,25,59,33"/><W123/><G123/><T14/><D109/><U132/><E68/><V7/><F119/><W12/><G113/><T115/><D115/><U41/><E114/><V8/><F72/><W112/><G112/><T124/><D49/><U20/><E41/><V18/><F65/><W111/><G111/><T57/><D129/><N who="1" m="49771" /><E78/><V21/><F29/><W69/><G3/><T45/><D36/><U30/><E125/><N who="0" m="48233" /><D134/><N who="1" m="51243" /><E30/><V4/><F121/><W99/><G69/><T71/><D71/><U122/><E122/><V6/><F1/><W34/><G70/><T48/><D38/><U90/><E31/><V102/><N who="2" m="1024" /><DORA hai="104" /><V40/><F40/><W74/><G46/><T76/><D58/><U16/><E16/><V118/><F118/><W73/><G80/><T117/><D117/><U84/><E90/><N who="2" m="53727" /><F11/><W127/><G127/><T116/><D116/><U66/><E66/><AGARI ba="0,0" hai="14,15,42,45,48,57,61,66,76,81,85" m="48233" machi="66" ten="30,1000,0" yaku="18,1" doraHai="19,104" who="0" fromWho="1" sc="191,10,387,-10,221,0,201,0" /><INIT seed="4,0,0,4,5,66" ten="201,377,221,201" oya="0" hai0="131,112,83,60,86,6,74,22,27,132,49,35,123" hai1="113,24,43,114,52,119,89,75,23,77,64,96,5" hai2="2,73,45,103,54,1,9,57,0,97,44,63,104" hai3="29,70,106,20,100,121,36,93,107,56,15,108,26"/><T102/><D123/><U16/><E119/><V62/><F73/><W128/><G36/><T87/><D132/><U135/><E135/><V81/><F81/><W67/><G108/><T95/><D131/><U28/><E43/><V111/><F111/><W124/><G124/><T31/><D112/><N who="1" m="43115" /><E5/><V99/><F99/><N who="3" m="59503" /><G70/><T40/><D6/><U76/><E75/><V72/><F72/><W33/><G33/><T118/><D118/><U53/><E28/><V92/><F104/><W8/><G128/><T90/><D74/><U12/><E12/><V38/><F38/><W105/><G121/><T30/><D35/><U80/><E64/><V98/><F98/><W21/><G21/><T47/><D60/><U134/><E134/><V79/><F79/><N who="1" m="30281" /><E80/><V109/><F109/><W68/><G29/><N who="0" m="17655" /><D102/><U130/><E130/><V71/><F9/><W32/><G8/><T94/><D94/><AGARI ba="0,0" hai="16,23,24,52,53,89,94,96" m="30281,43115" machi="94" ten="30,7700,0" yaku="15,1,11,1,54,2" doraHai="66" who="1" fromWho="0" sc="201,-77,377,77,221,0,201,0" /><INIT seed="5,0,0,1,5,30" ten="124,454,221,201" oya="1" hai0="61,11,95,118,110,90,18,34,85,31,17,0,51" hai1="24,119,67,107,65,133,122,43,50,13,97,99,80" hai2="6,120,27,12,69,10,35,73,128,98,114,26,134" hai3="75,132,40,92,60,74,130,111,28,3,56,4,57"/><U41/><E119/><V117/><F73/><W82/><G111/><T39/><D118/><U104/><E122/><V84/><F69/><W135/><G40/><T103/><D39/><U109/><E109/><V63/><F117/><W71/><G71/><T38/><D38/><U19/><E80/><V23/><F120/><W16/><G28/><T72/><D72/><U96/><E24/><V81/><F128/><W93/><G4/><T49/><D110/><U100/><E133/><V101/><F114/><W88/><G3/><T129/><D129/><U45/><E43/><V5/><F35/><W68/><G68/><T89/><D103/><U1/><E1/><V52/><F134/><N who="3" m="51243" /><G130/><T125/><D125/><U37/><E37/><V15/><F27/><W78/><G75/><T77/><D77/><U44/><E44/><V124/><F124/><W21/><G60/><T94/><D61/><U127/><E127/><V126/><F126/><W108/><G93/><T62/><D62/><U20/><E99/><V25/><F25/><N who="3" m="14503" /><G108/><T115/><D115/><U2/><E2/><V32/><F32/><W116/><G116/><T64/><D0/><U36/><E36/><V91/><F6/><W8/><G8/><T48/><D11/><U86/><E104/><V55/><F63/><W29/><G29/><T121/><D121/><U105/><E107/><N who="2" m="63927" /><F15/><W9/><G9/><T112/><D112/><U53/><E105/><V76/><F76/><W59/><G59/><T106/><D106/><U70/><E70/><V83/><F83/><W123/><G123/><T33/><D64/><U42/><E65/><RYUUKYOKU ba="0,0" sc="124,-15,454,-15,221,15,201,15" hai2="5,10,12,23,26,52,55,81,84,91" hai3="56,57,74,78,82,88,92" /><INIT seed="6,1,0,0,2,10" ten="109,439,236,216" oya="2" hai0="8,102,26,29,53,36,51,18,41,37,103,27,7" hai1="78,52,22,134,33,120,50,9,117,101,17,121,135" hai2="62,107,100,55,56,116,1,6,66,97,72,106,73" hai3="130,109,64,99,40,0,84,32,48,59,76,2,75"/><V46/><F116/><W80/><G109/><T71/><D71/><U13/><E117/><V79/><F107/><W128/><G32/><T132/><D132/><N who="1" m="50731" /><E101/><V129/><F129/><N who="3" m="49771" /><G99/><T25/><D36/><U98/><E33/><V81/><F6/><W5/><G5/><T90/><D29/><U57/><E98/><V67/><F1/><N who="3" m="619" /><G64/><T4/><D37/><U133/><E133/><V15/><F72/><W86/><G59/><T54/><D41/><U42/><E42/><V112/><F46/><AGARI ba="1,0" hai="40,46,48,75,76,80,84,86" m="619,49771" machi="46" ten="30,1000,0" yaku="19,1" doraHai="10" who="3" fromWho="2" sc="109,0,439,0,236,-13,216,13" /><INIT seed="7,0,0,4,3,114" ten="109,439,223,229" oya="3" hai0="49,122,19,69,59,74,22,51,109,134,1,115,85" hai1="32,126,82,46,101,127,56,50,104,18,86,11,48" hai2="28,34,68,10,95,23,0,26,57,92,73,132,3" hai3="45,13,98,97,93,90,53,21,37,16,125,77,118"/><W24/><G125/><N who="1" m="47626" /><E32/><V108/><F108/><W89/><G77/><T129/><D74/><U120/><E120/><V30/><F68/><W76/><G76/><T35/><D35/><U63/><E101/><V105/><F105/><W124/><G124/><T123/><D1/><U8/><E104/><V72/><F132/><W130/><G37/><T15/><D69/><U102/><E102/><V25/><F57/><W6/><G130/><T106/><D106/><U55/><E18/><V81/><F10/><N who="1" m="3625" /><E46/><V70/><F70/><W64/><G6/><T12/><D109/><U83/><E83/><V113/><F113/><W116/><G13/><T119/><D115/><U54/><E54/><V58/><F58/><W41/><G64/><T84/><D129/><U31/><E31/><V61/><F61/><W133/><G133/><T38/><D38/><U80/><E80/><V110/><F110/><W66/><G66/><T39/><D39/><U103/><E103/><V135/><F135/><W96/><G53/><T88/><D134/><U33/><E33/><V52/><F81/><W27/><G27/><T42/><D119/><U65/><E65/><V100/><F52/><W78/><G116/><T7/><D123/><U36/><E36/><V14/><F14/><W17/><G118/><T44/><D122/><U20/><E20/><V79/><F79/><AGARI ba="0,0" hai="48,50,55,56,63,79,82,86" m="3625,47626" machi="79" ten="30,1000,0" yaku="18,1" doraHai="114" who="1" fromWho="2" sc="109,0,439,10,223,-10,229,0" owari="109,-39.0,449,55.0,213,-19.0,229,3.0" /></mjloggm>