<mjloggm ver="2.3"><GO type="41"/><UN n0="%E3%82%A6%E3%83%AB%E3%83%88%E3%83%A9%E7%AB%8B%E7%9B%B4" n1="%79%75%74%61%38%33%30%31" n2="%E3%82%BC%E3%83%B3%E3%83%84%E3%83%83%E3%83%91%E5%90%9B" n3="%E3%81%93%E3%81%AE%E7%97%94" dan="15,13,15,14" rate="1945,1863,2031,1967" sx="M,M,M,M"/><TAIKYOKU oya="0"/><INIT seed="0,0,0,5,0,47" ten="250,250,250,250" oya="0" hai0="112,81,13,116,104,71,50,110,94,59,105,16,60" hai1="32,42,108,131,23,26,107,18,52,54,57,70,127" hai2="66,90,61,6,40,65,122,67,128,123,100,58,76" hai3="85,49,10,95,44,27,51,88,126,72,73,11,103"/><T7/><D116/><U8/><E107/><V87/><F87/><W117/><G117/><T64/><D112/><U93/><E70/><V68/><F68/><W43/><G126/><T24/><D110/><U53/><E42/><V75/><F128/><W20/><G73/><T78/><D7/><U129/><E108/><V15/><F90/><W114/><G72/><T91/><D24/><U19/><E127/><V33/><F100/><W134/><G114/><T5/><D5/><U98/><E32/><V118/><F76/><W2/><G134/><T101/><D101/><U34/><E34/><V45/><F75/><W92/><G2/><T63/><D63/><U25/><E8/><V79/><F79/><W121/><G121/><T135/><D135/><U74/><E74/><V62/><F15/><W102/><G44/><T22/><D81/><U36/><E36/><N who="2" m="21639" /><F6/><W133/><G43/><T89/><D78/><U115/><E115/><V9/><F9/><N who="3" m="3083" /><G133/><T84/><D91/><U1/><E1/><V35/><F35/><W39/><G39/><T82/><D82/><U130/><E130/><V69/><F33/><W124/><G124/><T111/><D111/><U46/><E131/><V21/><F21/><W48/><G95/><T0/><D0/><U14/><E129/><V109/><F109/><W28/><AGARI ba="0,0" hai="20,27,28,48,49,51,85,88,92,102,103" m="3083" machi="28" ten="30,8000,1" yaku="8,1,52,3,54,1" doraHai="47" who="3" fromWho="3" sc="250,-40,250,-20,250,-20,250,80" /><INIT seed="1,0,0,2,5,122" ten="210,230,230,330" oya="1" hai0="129,64,65,82,107,86,67,8,5,88,23,84,120" hai1="95,101,119,47,52,33,71,13,20,48,92,14,108" hai2="68,29,99,113,130,55,60,127,97,131,62,134,124" hai3="93,7,57,11,133,110,100,121,118,34,63,125,106"/><U16/><E33/><V126/><F29/><W104/><G110/><T128/><D107/><U94/><E71/><V32/><F32/><W69/><G121/><T102/><D102/><U43/><E119/><V114/><F68/><W78/><G118/><T46/><D120/><U25/><E108/><V74/><F74/><W53/><G34/><T12/><D46/><U96/><E43/><V115/><F55/><W91/><G125/><T41/><D41/><U50/><REACH who="1" step="1"/><E48/><REACH who="1" ten="210,220,230,330" step="2"/><V21/><F134/><W117/><G133/><T36/><D36/><U80/><E80/><V103/><F103/><W105/><G100/><T87/><D129/><N who="2" m="49162" /><F21/><W49/><G49/><T109/><D128/><U4/><E4/><V79/><F79/><W59/><G78/><T81/><D109/><U132/><E132/><V58/><F58/><W27/><G57/><T0/><D82/><U54/><E54/><V1/><F1/><W116/><G53/><T85/><REACH who="0" step="1"/><D23/><REACH who="0" ten="200,220,230,330" step="2"/><U44/><E44/><V66/><F66/><W123/><G116/><T28/><D28/><U9/><E9/><V35/><F35/><W42/><G117/><T45/><D45/><U40/><E40/><V83/><F83/><W3/><G42/><T6/><D6/><U111/><E111/><V39/><F39/><W26/><G7/><T76/><D76/><U72/><E72/><V75/><F75/><W61/><G11/><T19/><D19/><U70/><E70/><V73/><F73/><W112/><G69/><T135/><D135/><U18/><E18/><V90/><F127/><W56/><G3/><AGARI ba="0,2" hai="0,3,5,8,12,64,65,67,81,84,85,86,87,88" machi="3" ten="40,5200,0" yaku="1,1,54,1,53,1" doraHai="122" doraHaiUra="10" who="0" fromWho="3" sc="200,72,220,0,230,0,330,-52" /><INIT seed="2,0,0,1,5,53" ten="272,220,230,278" oya="2" hai0="57,86,117,73,123,42,63,85,83,15,67,66,6" hai1="105,40,133,97,115,7,101,96,49,100,94,60,103" hai2="87,106,59,62,28,26,37,116,93,50,52,47,58" hai3="64,33,54,70,76,111,72,71,38,126,74,22,14"/><V132/><F106/><W75/><G33/><T32/><D32/><U108/><E115/><V4/><F116/><W131/><G38/><T82/><D123/><U16/><E7/><V95/><F132/><W17/><G111/><T19/><D73/><U29/><E29/><V2/><F2/><W129/><G126/><T35/><D35/><U48/><E60/><V69/><F4/><W0/><G0/><T127/><D127/><U20/><E108/><V124/><F124/><W30/><G30/><T121/><D121/><U36/><E36/><V79/><F37/><W34/><G34/><T130/><D130/><N who="3" m="49673" /><G76/><T45/><D6/><U104/><E104/><V122/><F122/><W61/><G54/><T114/><D114/><U31/><E31/><V91/><F69/><AGARI ba="0,0" hai="14,17,22,61,64,69,70,71,72,74,75" m="49673" machi="69" ten="40,1300,0" yaku="19,1" doraHai="53" who="3" fromWho="2" sc="272,0,220,0,230,-13,278,13" /><INIT seed="3,0,0,1,2,85" ten="272,220,217,291" oya="3" hai0="61,37,97,22,47,13,135,94,74,50,131,99,92" hai1="129,10,66,116,4,29,88,70,103,42,130,36,34" hai2="15,63,54,120,110,59,57,87,20,32,102,52,90" hai3="26,43,76,48,115,122,81,89,84,64,7,65,79"/><W31/><G122/><T93/><D37/><U44/><E116/><V107/><F32/><W62/><G115/><T105/><D74/><U118/><E118/><V127/><F120/><W80/><G7/><T132/><D61/><U6/><E103/><V24/><F127/><W109/><G109/><T95/><D13/><U113/><E113/><V119/><F119/><W27/><G79/><T68/><D22/><U40/><E40/><V16/><F110/><W71/><G64/><T39/><D39/><U83/><E29/><V14/><F102/><W19/><G19/><T9/><D9/><U124/><E34/><V46/><F46/><W56/><G31/><T51/><D68/><U1/><E6/><V45/><F45/><W128/><G128/><N who="1" m="49258" /><E124/><V100/><F100/><W60/><G60/><T2/><D2/><U38/><E38/><V67/><F107/><W117/><G117/><T25/><D131/><U23/><E23/><V133/><F133/><W134/><G134/><T12/><D105/><U108/><E108/><V69/><F69/><W28/><G28/><T104/><D104/><U101/><E101/><V53/><F57/><W82/><G76/><T49/><D47/><U96/><E66/><V21/><F21/><W58/><G43/><T91/><D132/><U73/><E70/><V126/><F126/><W77/><G77/><T18/><D135/><U72/><E83/><AGARI ba="0,0" hai="14,15,16,20,24,52,53,54,59,63,67,83,87,90" machi="83" ten="40,8000,1" yaku="8,1,52,1,54,2" doraHai="85" who="2" fromWho="1" sc="272,0,220,-80,217,80,291,0" /><INIT seed="4,0,0,5,2,19" ten="272,140,297,291" oya="0" hai0="97,34,117,82,100,31,15,104,66,74,3,122,37" hai1="70,41,125,96,11,22,102,50,35,103,60,71,54" hai2="44,65,16,20,29,81,110,107,106,7,88,84,55" hai3="108,1,131,36,123,121,48,12,27,105,30,68,127"/><T72/><D122/><U64/><E35/><V126/><F110/><W42/><G108/><T21/><D117/><U86/><E125/><V62/><F126/><W85/><G127/><T129/><D129/><U128/><E128/><V133/><F133/><W5/><G105/><T9/><D37/><U114/><E114/><V94/><F7/><W38/><G68/><T75/><D66/><U83/><E11/><V73/><F29/><W118/><G1/><T14/><D82/><U45/><E41/><V78/><F55/><W120/><G118/><T89/><D89/><U80/><E80/><V53/><F53/><W13/><G131/><T69/><D69/><U77/><E102/><V115/><F44/><N who="3" m="25623" /><G85/><T33/><D3/><U99/><E103/><V63/><F115/><W79/><G79/><T18/><REACH who="0" step="1"/><D31/><REACH who="0" ten="262,140,297,291" step="2"/><U87/><E71/><V0/><F0/><W47/><G36/><T119/><D119/><U52/><E87/><V134/><F134/><W57/><G38/><T6/><AGARI ba="0,1" hai="6,9,14,15,18,21,33,34,72,74,75,97,100,104" machi="6" ten="30,6000,0" yaku="1,1,0,1,52,1,53,0" doraHai="19" doraHaiUra="25" who="0" fromWho="0" sc="262,70,140,-20,297,-20,291,-20" /><INIT seed="4,1,0,1,5,91" ten="332,120,277,271" oya="0" hai0="40,37,0,55,80,45,124,103,100,85,86,51,133" hai1="74,70,88,13,36,60,12,1,101,82,90,44,3" hai2="11,134,99,106,76,21,130,53,81,122,4,79,41" hai3="104,115,116,57,127,108,129,63,95,65,126,19,97"/><T87/><D124/><N who="3" m="47657" /><G116/><T20/><D133/><U15/><E101/><V32/><F32/><W64/><G108/><T5/><D80/><U128/><E128/><V28/><F122/><W120/><G129/><T17/><D5/><U7/><E7/><V25/><F134/><W69/><G120/><T14/><D0/><U84/><E74/><V48/><F130/><W72/><G72/><T18/><D37/><U29/><E29/><V46/><F106/><W35/><G35/><T110/><D110/><U38/><E44/><V68/><F68/><W131/><G131/><T67/><D67/><U102/><E102/><V92/><F81/><W107/><G115/><T78/><D78/><U83/><E60/><V23/><F23/><W50/><G19/><T10/><REACH who="0" step="1"/><D40/><REACH who="0" ten="322,120,277,271" step="2"/><U125/><E125/><V119/><F41/><W66/><G66/><T77/><D77/><U98/><E70/><V22/><F119/><W109/><G65/><T93/><D93/><U24/><E1/><V34/><F79/><W30/><G69/><T75/><D75/><U112/><E3/><V105/><F76/><W6/><G95/><T9/><D9/><U52/><E112/><V47/><F105/><W16/><G107/><T56/><D56/><U118/><E118/><V26/><F46/><W33/><G57/><T49/><D49/><U132/><E38/><V31/><F11/><W89/><G50/><T62/><D62/><U94/><E36/><V114/><F4/><W71/><G6/><T135/><D135/><U42/><E132/><V111/><F111/><W27/><G109/><T61/><D61/><RYUUKYOKU ba="1,1" sc="322,30,120,-10,277,-10,271,-10" hai0="10,14,17,18,20,45,51,55,85,86,87,100,103" /><INIT seed="4,2,1,4,4,80" ten="352,110,267,261" oya="0" hai0="98,45,131,126,118,13,28,29,30,11,40,7,17" hai1="42,38,116,88,53,129,57,3,109,100,103,127,68" hai2="63,76,6,60,9,15,21,32,48,112,74,43,114" hai3="14,104,58,67,71,96,64,16,22,117,110,91,115"/><T132/><D118/><U125/><E109/><V70/><F32/><W31/><G110/><T101/><D126/><N who="1" m="48139" /><E116/><V49/><F76/><W135/><G117/><T122/><D122/><U108/><E3/><V23/><F74/><W2/><G2/><T41/><D131/><U86/><E68/><V102/><F102/><W123/><G123/><T95/><D132/><U56/><E129/><V111/><F111/><W12/><G135/><T120/><D120/><U79/><E79/><V24/><F70/><W8/><G71/><T19/><REACH who="0" step="1"/><D40/><REACH who="0" ten="342,110,267,261" step="2"/><U35/><E108/><V90/><F43/><W97/><G115/><T44/><D44/><U5/><E42/><V130/><F130/><W75/><G58/><T59/><D59/><U72/><E57/><V50/><F114/><W124/><G124/><T77/><D77/><U33/><E56/><V94/><F112/><W51/><G67/><T119/><D119/><U69/><E69/><V36/><F36/><AGARI ba="2,2" hai="7,11,13,17,19,28,29,30,36,41,45,95,98,101" machi="36" ten="40,2000,0" yaku="1,1,53,0" doraHai="80" doraHaiUra="46" who="0" fromWho="2" sc="342,46,110,0,267,-26,261,0" /><INIT seed="4,3,0,2,2,64" ten="388,110,241,261" oya="0" hai0="51,21,14,13,60,101,38,102,10,37,62,96,94" hai1="89,4,63,78,73,85,5,118,133,124,56,31,129" hai2="24,135,117,75,65,71,3,61,111,49,105,86,20" hai3="35,108,6,15,50,83,91,40,84,80,2,72,26"/><T95/><D51/><U47/><E118/><V128/><F117/><W70/><G2/><T104/><D104/><U48/><E133/><V28/><F135/><W127/><G108/><T122/><D122/><U90/><E129/><V45/><F128/><W76/><G70/><T109/><D109/><U93/><E124/><V7/><F111/><W23/><G35/><T132/><D132/><U12/><E31/><V67/><F75/><W52/><G40/><T77/><D77/><U22/><E73/><V43/><F105/><W59/><G127/><T0/><D0/><U97/><E78/><V8/><F67/><W74/><G74/><T36/><D21/><U41/><E22/><V11/><F11/><W32/><G32/><T58/><D58/><U130/><E12/><V30/><REACH who="2" step="1"/><F86/><REACH who="2" ten="388,110,231,261" step="2"/><W103/><G84/><T81/><D10/><U25/><E130/><V82/><F82/><W87/><G80/><T116/><D81/><U44/><E85/><V106/><F106/><W19/><G87/><T131/><D131/><U42/><E97/><V121/><F121/><W29/><G83/><T9/><D116/><U134/><E93/><V17/><AGARI ba="3,1" hai="3,7,8,17,20,24,28,30,43,45,49,61,65,71" machi="17" ten="20,8000,1" yaku="1,1,0,1,7,1,52,1,53,1" doraHai="64" doraHaiUra="16" who="2" fromWho="2" sc="388,-43,110,-23,231,99,261,-23" /><INIT seed="5,0,0,5,2,124" ten="345,87,330,238" oya="1" hai0="97,95,64,130,127,99,133,32,82,40,71,20,29" hai1="21,77,48,13,129,24,65,43,27,86,37,113,9" hai2="104,94,126,19,78,76,14,7,30,66,62,111,73" hai3="85,128,15,79,52,121,80,81,63,1,100,42,103"/><U8/><E37/><V119/><F104/><W31/><G1/><T101/><D32/><U98/><E65/><V17/><F126/><W132/><G121/><T106/><D71/><U91/><E129/><V105/><F105/><W115/><G128/><T61/><D64/><U58/><E113/><V5/><F30/><W122/><G122/><T125/><D61/><U110/><E110/><V68/><F73/><W117/><G117/><T23/><D106/><U38/><E38/><V51/><F51/><W120/><G120/><T4/><D95/><U123/><E123/><V25/><F94/><W84/><G115/><T33/><D33/><U87/><E98/><V93/><F93/><W134/><G31/><T92/><D92/><N who="1" m="54391" /><E87/><V45/><F62/><W88/><G42/><T41/><D82/><U44/><E77/><V118/><F66/><W22/><G22/><T131/><D29/><U116/><E58/><V67/><F67/><W112/><G15/><T12/><D12/><U10/><E116/><V53/><F14/><W83/><G112/><T49/><D101/><U114/><E114/><V109/><F119/><W26/><G26/><N who="1" m="9770" /><E21/><V54/><F68/><W55/><G81/><T46/><D46/><U70/><E70/><V135/><F118/><W56/><REACH who="3" step="1"/><G55/><REACH who="3" ten="345,87,330,228" step="2"/><T47/><D23/><U89/><E89/><V60/><F111/><W72/><G72/><T74/><D74/><U16/><AGARI ba="0,1" hai="8,9,10,13,16,43,44,48" m="9770,54391" machi="16" ten="30,3000,0" yaku="8,1,54,1" doraHai="124" who="1" fromWho="1" sc="345,-10,87,40,330,-10,228,-10" /><INIT seed="5,1,0,0,1,46" ten="335,127,320,218" oya="1" hai0="47,116,102,43,126,50,35,78,119,84,99,52,114" hai1="61,115,129,111,108,49,39,117,91,65,76,25,51" hai2="40,33,38,59,26,31,130,85,64,107,45,135,22" hai3="86,88,101,5,81,57,106,23,124,28,71,63,55"/><U92/><E39/><V90/><F107/><W17/><G124/><T41/><D35/><U125/><E76/><V94/><F135/><W68/><G5/><T1/><D1/><U118/><E125/><V29/><F130/><W112/><G112/><T132/><D126/><U7/><E115/><V16/><REACH who="2" step="1"/><F33/><REACH who="2" ten="335,127,310,218" step="2"/><W70/><G106/><T134/><D114/><U37/><E129/><V20/><F20/><W82/><G23/><T128/><D128/><U14/><E25/><V131/><F131/><W89/><G70/><T13/><D119/><U87/><E37/><V2/><F2/><W79/><G71/><T9/><D116/><U30/><E118/><V121/><F121/><W100/><G68/><T36/><D36/><U15/><E117/><V74/><F74/><W44/><G79/><T67/><D134/><U77/><E77/><V113/><F113/><W54/><G82/><T75/><D75/><U27/><E7/><V32/><F32/><W127/><G81/><T4/><D132/><U105/><E105/><V96/><F96/><W97/><G97/><T103/><D99/><U66/><E27/><V11/><F11/><W12/><G127/><T110/><D9/><U73/><E30/><V120/><F120/><W93/><G28/><T34/><D4/><U18/><E73/><V122/><F122/><W104/><G104/><T69/><D78/><U21/><E15/><V72/><F72/><W123/><G123/><T3/><D13/><U95/><E95/><V83/><F83/><W42/><G93/><T24/><D24/><U8/><E92/><V62/><AGARI ba="1,1" hai="16,22,26,29,31,38,40,45,59,62,64,85,90,94" machi="62" ten="30,8000,1" yaku="1,1,5,1,0,1,54,1,53,1" doraHai="46" doraHaiUra="53" who="2" fromWho="2" sc="335,-21,127,-41,310,93,218,-21" /><INIT seed="6,0,0,5,3,41" ten="314,86,403,197" oya="2" hai0="115,66,118,107,1,65,127,130,57,35,23,42,89" hai1="91,15,82,134,25,16,50,129,98,131,102,63,123" hai2="47,60,46,49,88,119,44,86,39,53,93,92,111" hai3="58,55,72,75,133,73,19,17,128,64,0,24,12"/><V77/><F119/><W79/><G0/><T95/><D35/><U90/><E123/><V38/><F111/><W18/><G128/><T87/><D1/><U36/><E36/><V51/><F39/><W43/><G133/><T13/><D107/><U84/><E134/><V14/><F38/><W71/><G79/><T126/><D130/><U74/><E74/><V10/><F77/><W120/><G120/><T4/><D115/><U28/><E91/><N who="2" m="53367" /><F60/><W76/><G76/><T20/><D118/><U27/><E131/><V114/><F114/><W56/><G71/><T32/><D32/><U121/><E28/><V109/><F109/><W21/><G43/><T45/><D57/><U135/><E135/><V122/><F122/><W83/><G83/><T67/><D4/><U97/><E97/><N who="2" m="57511" /><F51/><W7/><G64/><T54/><D54/><U59/><E63/><V104/><F104/><W52/><G7/><AGARI ba="0,0" hai="7,10,14,44,46,47,49,53" m="57511,53367" machi="7" ten="30,12000,1" yaku="8,1,52,3,54,1" doraHai="41" who="2" fromWho="3" sc="314,0,86,0,403,120,197,-120" /><INIT seed="6,1,0,1,0,35" ten="314,86,523,77" oya="2" hai0="36,93,81,18,80,31,67,113,100,115,132,69,24" hai1="15,55,94,99,54,8,27,101,52,32,49,130,109" hai2="79,20,75,116,46,131,117,6,57,4,122,28,127" hai3="33,61,14,128,134,34,10,12,110,25,53,103,0"/><V62/><F122/><W42/><G110/><T19/><D36/><U90/><E130/><V73/><F131/><W1/><G128/><T125/><D67/><U133/><E133/><V105/><F105/><W83/><G134/><T123/><D69/><U40/><E40/><V22/><F46/><W41/><G103/><T97/><D132/><U7/><E109/><V129/><F129/><W71/><G83/><T102/><D123/><U126/><E126/><V89/><F89/><W38/><G38/><T95/><D24/><U76/><E76/><V48/><F48/><W66/><G34/><T21/><D21/><U120/><E120/><V44/><F44/><W29/><G53/><T78/><D31/><U63/><E63/><V37/><F37/><W124/><G124/><T45/><D45/><U5/><E5/><V106/><F6/><W91/><G91/><T60/><D60/><U3/><E3/><V70/><F4/><W2/><REACH who="3" step="1"/><G14/><REACH who="3" ten="314,86,523,67" step="2"/><T56/><D125/><U39/><E90/><V9/><F127/><W13/><G13/><T111/><D111/><U107/><E39/><V58/><F117/><W135/><G135/><T88/><D97/><U92/><REACH who="1" step="1"/><E49/><REACH who="1" ten="314,76,523,67" step="2"/><V77/><F116/><W50/><G50/><T104/><D88/><U118/><E118/><V96/><F79/><W85/><G85/><T87/><D87/><U74/><E74/><V64/><F77/><W108/><G108/><T51/><D78/><U59/><E59/><V16/><F58/><W82/><G82/><T23/><D56/><U11/><E11/><V121/><F57/><W112/><G112/><RYUUKYOKU ba="1,2" sc="314,-15,76,15,523,-15,67,15" hai1="7,8,15,27,32,52,54,55,92,94,99,101,107" hai3="0,1,2,10,12,25,29,33,41,42,61,66,71" /><INIT seed="7,2,2,3,0,132" ten="299,91,508,82" oya="3" hai0="57,80,120,5,68,1,23,11,13,85,44,58,87" hai1="29,126,125,6,99,28,42,71,17,8,89,49,123" hai2="67,19,63,9,109,94,127,79,114,83,116,98,105" hai3="121,65,86,48,56,131,60,101,133,39,102,10,104"/><W2/><G133/><T46/><D68/><U26/><E71/><V84/><F109/><W51/><G121/><T18/><D120/><U16/><E123/><V3/><F116/><W69/><G131/><T12/><D1/><U130/><E130/><V70/><F105/><W54/><G39/><T50/><D85/><U61/><E61/><V4/><F127/><N who="1" m="48649" /><E99/><V100/><F114/><W88/><G104/><T110/><D110/><U91/><E49/><V0/><F19/><N who="1" m="7241" /><E42/><V95/><F95/><W20/><G20/><T107/><D107/><U53/><E53/><V106/><F106/><W21/><G21/><T43/><D46/><U115/><E115/><V72/><F72/><W41/><G41/><T92/><D92/><U73/><E73/><V135/><F135/><W35/><G35/><T93/><D93/><U47/><E47/><V59/><F70/><W129/><G129/><T37/><D37/><U97/><E97/><V76/><F0/><W118/><G118/><T34/><D34/><N who="1" m="20759" /><E29/><V55/><F67/><W24/><G24/><T117/><D117/><U22/><E22/><V62/><F79/><AGARI ba="2,2" hai="5,11,12,13,18,23,43,44,50,57,58,79,80,87" machi="79" ten="30,7700,0" yaku="7,1,25,2,8,1" doraHai="132" who="0" fromWho="2" sc="299,103,91,0,508,-83,82,0" owari="402,20.0,91,-31.0,425,53.0,82,-42.0" /></mjloggm>