<mjloggm ver="2.3"><GO type="169"/><UN n0="%EF%BC%A0%E5%BE%A1%E5%9D%82%E7%BE%8E%E7%90%B4" n1="%EF%BC%88%E2%89%A7%E2%96%BD%E2%89%A6%EF%BC%89" n2="%E2%98%85%E3%81%AA%E3%82%8A%E3%81%BD%E3%81%9F%E2%98%85" n3="%6C%69%67%68%74%39%39" dan="17,17,16,17" rate="2188,2184,2048,2136" sx="F,M,F,M"/><TAIKYOKU oya="0"/><INIT seed="0,0,0,1,3,29" ten="250,250,250,250" oya="0" hai0="124,105,109,76,118,66,96,52,17,53,42,3,48" hai1="77,55,79,49,114,39,30,101,23,125,84,56,33" hai2="2,130,116,104,102,71,93,100,129,9,80,18,44" hai3="14,107,120,47,25,132,126,98,112,51,28,45,32"/><T22/><D118/><U87/><E39/><V35/><F71/><W134/><G112/><T83/><D3/><U131/><E125/><V5/><F116/><W91/><G126/><T117/><D124/><U78/><E131/><V92/><F80/><W38/><G120/><T59/><D117/><U12/><E114/><V85/><F104/><W95/><G107/><T69/><D69/><U43/><E43/><V67/><F67/><W4/><G38/><T62/><D109/><U74/><E74/><V10/><F44/><W20/><G47/><N who="0" m="25719" /><D105/><U89/><E101/><V128/><F35/><W115/><G115/><T8/><D8/><U6/><E33/><V7/><F18/><W41/><REACH who="3" step="1"/><G20/><REACH who="3" ten="250,250,250,240" step="2"/><T27/><D96/><U46/><E23/><V24/><F130/><W94/><G94/><T40/><D40/><U90/><E46/><V123/><F123/><W63/><G63/><T88/><D76/><U119/><E119/><V50/><F129/><W58/><G58/><T82/><D82/><U111/><E77/><V37/><F37/><W54/><G54/><T108/><D108/><U99/><E111/><V64/><F128/><W113/><G113/><T26/><D26/><U13/><E79/><V97/><F24/><W36/><G36/><T11/><D11/><AGARI ba="0,1" hai="4,11,14,25,28,32,41,45,51,91,95,98,132,134" machi="11" ten="40,2600,0" yaku="1,1,52,1,53,0" doraHai="29" doraHaiUra="34" who="3" fromWho="0" sc="250,-26,250,0,250,0,240,36" /><INIT seed="1,0,0,1,3,106" ten="224,250,250,276" oya="1" hai0="130,66,19,114,60,36,110,11,80,67,29,21,58" hai1="85,76,108,129,4,54,31,26,81,56,62,121,50" hai2="47,98,97,103,100,45,8,120,44,27,89,122,34" hai3="39,118,94,95,126,111,15,13,3,90,132,63,84"/><U107/><E107/><V71/><F71/><W48/><G39/><T119/><D119/><U0/><E121/><V128/><F128/><W116/><G3/><T2/><D36/><U40/><E129/><V104/><F89/><W87/><G111/><T41/><D130/><U105/><E105/><V131/><F131/><W70/><G132/><T64/><D114/><U113/><E113/><V61/><F61/><W115/><G115/><T86/><D41/><U23/><E108/><V1/><F1/><W59/><G48/><T46/><D46/><U14/><E0/><V117/><F117/><N who="3" m="45163" /><G70/><T12/><D110/><U51/><REACH who="1" step="1"/><E40/><REACH who="1" ten="224,240,250,276" step="2"/><V91/><F104/><W102/><G126/><T93/><D2/><U112/><E112/><V30/><F122/><W88/><G102/><T75/><D93/><U38/><E38/><V52/><F120/><W25/><G95/><T99/><D99/><U16/><E16/><V57/><F98/><W32/><G94/><T10/><D19/><U124/><E124/><V96/><F96/><W42/><G42/><T28/><D28/><U22/><E22/><V135/><F97/><W133/><G133/><T68/><D29/><U17/><E17/><V37/><F37/><W82/><G32/><T24/><D21/><U83/><E83/><V7/><F135/><W127/><G127/><T65/><D80/><U78/><E78/><V5/><F103/><W18/><G18/><T77/><D77/><U9/><AGARI ba="0,1" hai="4,9,14,23,26,31,50,51,54,56,62,76,81,85" machi="9" ten="30,11700,0" yaku="1,1,0,1,8,1,53,1" doraHai="106" doraHaiUra="74" who="1" fromWho="1" sc="224,-39,240,127,250,-39,276,-39" /><INIT seed="1,1,0,3,1,73" ten="185,367,211,237" oya="1" hai0="3,25,126,15,65,78,19,7,54,117,79,102,57" hai1="52,67,36,81,104,23,20,122,83,60,42,113,76" hai2="56,97,55,33,108,34,32,39,82,26,98,121,111" hai3="124,101,120,58,22,103,86,6,89,64,29,35,40"/><U0/><E0/><V1/><F121/><W11/><G120/><T63/><D117/><U131/><E113/><V132/><F1/><W91/><G35/><T61/><D126/><U77/><E104/><V115/><F39/><W95/><G124/><T14/><D102/><U51/><E122/><V109/><F115/><W110/><G110/><T119/><D119/><U16/><E131/><V123/><F123/><W84/><G40/><T46/><D3/><U93/><E36/><V134/><F26/><W96/><G96/><N who="2" m="36969" /><F82/><N who="1" m="31241" /><E93/><V88/><F88/><W99/><G103/><T62/><D46/><N who="1" m="26071" /><E67/><V50/><AGARI ba="1,0" hai="32,33,34,50,55,56,108,109,111,132,134" m="36969" machi="50" ten="50,1600,0" yaku="14,1" doraHai="73" who="2" fromWho="2" sc="185,-5,367,-9,211,19,237,-5" /><INIT seed="2,0,0,1,1,15" ten="180,358,230,232" oya="2" hai0="115,110,130,1,104,123,73,51,75,100,87,68,109" hai1="74,93,111,22,28,67,77,96,53,18,9,65,0" hai2="120,37,101,117,52,33,129,14,98,112,71,106,29" hai3="82,21,66,7,128,3,30,11,131,105,32,34,83"/><V42/><F112/><W78/><G105/><T97/><D1/><U44/><E111/><N who="0" m="42505" /><D68/><U79/><E74/><N who="0" m="28169" /><D51/><N who="1" m="28903" /><E0/><V61/><F120/><W64/><G66/><N who="1" m="25098" /><E9/><V70/><F117/><W126/><G64/><T90/><D123/><U135/><E135/><V95/><F129/><N who="3" m="49739" /><G78/><T103/><D130/><U38/><E28/><V8/><F106/><W84/><G84/><T6/><D6/><U54/><E54/><V5/><F29/><W121/><G121/><T2/><D2/><U59/><E59/><V133/><F33/><N who="3" m="12907" /><G126/><T114/><D103/><N who="1" m="60815" /><E38/><V13/><F133/><W10/><G10/><T118/><D118/><U113/><E113/><V17/><F37/><W26/><AGARI ba="0,0" hai="3,7,11,21,26,30,82,83" m="12907,49739" machi="26" ten="40,1500,0" yaku="19,1" doraHai="15" who="3" fromWho="3" sc="180,-4,358,-4,230,-7,232,15" /><INIT seed="3,0,0,5,3,32" ten="176,354,223,247" oya="3" hai0="23,24,44,109,120,94,119,134,1,48,107,18,122" hai1="65,7,91,9,55,118,121,89,75,13,73,50,114" hai2="93,113,77,87,10,11,111,132,51,100,66,52,16" hai3="84,8,130,29,101,12,47,14,42,33,133,59,28"/><W0/><G101/><T2/><D119/><U135/><E121/><V85/><F113/><W128/><G59/><T56/><D107/><U68/><E114/><V92/><F66/><W97/><G97/><T126/><D109/><U78/><E118/><V39/><F39/><W80/><G133/><T27/><D134/><U110/><E110/><V116/><F116/><W43/><G43/><T62/><D126/><U86/><E135/><V19/><F111/><W20/><G33/><T38/><D38/><U105/><E105/><V22/><F132/><W123/><G123/><T64/><D27/><U79/><E73/><V76/><F100/><W63/><G63/><T15/><D94/><N who="2" m="36458" /><F77/><W124/><G124/><T69/><D69/><U88/><E75/><V31/><F31/><W53/><G53/><T4/><D120/><U5/><E5/><V115/><F115/><W125/><G125/><T72/><D72/><U131/><E86/><N who="2" m="32779" /><F76/><N who="3" m="46087" /><G29/><T104/><D104/><U81/><E81/><V57/><F19/><W83/><G83/><T17/><D122/><U35/><E35/><V90/><F90/><W58/><G28/><T30/><D4/><U40/><E79/><V45/><F57/><W46/><G58/><T98/><D98/><U96/><E96/><V49/><F49/><N who="3" m="26839" /><G47/><T95/><D95/><U34/><E34/><V106/><F106/><W54/><G54/><N who="0" m="29959" /><D18/><U102/><E78/><V36/><F36/><W26/><G26/><AGARI ba="0,0" hai="10,11,16,22,26,45,51,52" m="32779,36458" machi="26" ten="30,3900,0" yaku="8,1,54,2" doraHai="32" who="2" fromWho="3" sc="176,0,354,0,223,39,247,-39" /><INIT seed="4,0,0,1,5,61" ten="176,354,262,208" oya="0" hai0="121,10,47,21,87,89,132,85,9,53,7,118,95" hai1="50,101,125,20,114,127,60,42,26,91,41,25,19" hai2="13,124,67,126,88,18,30,65,97,56,62,108,17" hai3="104,77,39,134,6,90,2,49,22,23,131,40,52"/><T51/><D121/><U5/><E101/><V92/><F108/><W106/><G77/><T76/><D118/><U135/><E135/><V120/><F120/><W111/><G111/><T68/><D132/><U99/><E114/><V1/><F1/><W122/><G134/><T81/><D68/><U15/><E60/><V110/><F110/><W115/><G122/><T116/><D116/><U45/><E41/><V57/><F30/><W4/><G115/><T38/><D38/><U58/><E58/><V84/><F57/><W133/><G133/><T35/><D35/><U100/><E91/><V28/><F28/><W123/><G123/><T102/><D7/><U29/><E5/><V46/><F46/><W113/><G113/><T3/><D3/><U112/><E112/><V98/><F65/><W55/><G2/><T75/><D102/><U93/><REACH who="1" step="1"/><E26/><REACH who="1" ten="176,344,262,208" step="2"/><V130/><F130/><W128/><G90/><T79/><D79/><U82/><E82/><V54/><F67/><W117/><G40/><T80/><D80/><U83/><E83/><V129/><F129/><W107/><G117/><T31/><D75/><U24/><E24/><AGARI ba="0,1" hai="9,10,21,24,31,47,51,53,76,81,85,87,89,95" machi="24" ten="40,2000,0" yaku="8,1" doraHai="61" who="0" fromWho="1" sc="176,30,344,-20,262,0,208,0" /><INIT seed="4,1,0,0,0,56" ten="206,324,262,208" oya="0" hai0="75,114,78,7,11,85,2,72,55,21,120,97,121" hai1="118,30,23,86,71,104,37,51,52,40,22,62,107" hai2="48,16,126,115,79,10,135,5,129,20,92,45,44" hai3="93,3,84,27,24,54,57,34,61,113,133,127,105"/><T17/><D114/><U29/><E118/><V91/><F115/><W81/><G105/><T66/><D66/><N who="1" m="41431" /><E86/><V106/><F106/><N who="1" m="40489" /><E29/><V50/><F126/><W47/><G113/><T64/><D64/><U82/><E82/><V19/><F135/><W18/><G3/><T83/><D97/><U109/><E30/><V89/><F129/><W38/><G34/><T87/><D87/><U28/><E28/><V59/><F79/><W68/><G133/><T60/><D120/><U103/><E103/><V117/><F117/><W63/><G127/><T1/><D121/><U88/><E88/><N who="2" m="33867" /><F92/><W123/><G93/><T111/><D111/><U0/><E0/><V43/><F20/><W74/><G74/><T14/><REACH who="0" step="1"/><D1/><REACH who="0" ten="196,324,262,208" step="2"/><U110/><E109/><V125/><F125/><W46/><G123/><T42/><D42/><U32/><E110/><V31/><F31/><W76/><G84/><T13/><D13/><U99/><E99/><V4/><F4/><W25/><G18/><T58/><AGARI ba="1,1" hai="2,7,11,14,17,21,55,58,60,72,75,78,83,85" machi="58" ten="30,11700,0" yaku="1,1,0,1,52,1,53,1" doraHai="56" doraHaiUra="6" who="0" fromWho="0" sc="196,130,324,-40,262,-40,208,-40" /><INIT seed="4,2,0,5,1,36" ten="326,284,222,168" oya="0" hai0="133,88,21,108,34,71,105,60,51,84,79,39,10" hai1="80,117,22,38,92,125,70,55,97,26,95,126,59" hai2="69,99,49,128,52,115,19,62,98,94,119,74,0" hai3="104,96,9,66,68,43,31,54,67,28,53,109,85"/><T35/><D39/><U114/><E70/><V118/><F74/><W113/><G109/><T81/><D105/><U57/><E38/><V61/><F0/><W13/><G113/><T58/><D108/><U116/><E80/><V129/><F19/><W110/><G110/><T37/><D37/><U56/><E55/><V1/><F1/><W42/><G85/><T130/><D130/><N who="2" m="50282" /><F115/><W86/><G86/><T91/><D133/><U132/><E132/><V90/><F99/><W63/><G96/><T25/><D71/><U103/><E95/><V78/><F78/><W45/><G104/><T6/><D35/><U65/><E65/><N who="3" m="24586" /><G68/><T111/><D34/><U5/><E5/><V82/><F82/><W48/><G63/><N who="2" m="24073" /><F69/><W30/><G54/><N who="0" m="32095" /><D60/><U46/><E114/><V18/><F18/><AGARI ba="2,0" hai="9,13,18,28,30,31,42,43,45,48,53" m="24586" machi="18" ten="30,3900,0" yaku="8,1,52,2" doraHai="36" who="3" fromWho="2" sc="326,0,284,0,222,-45,168,45" /><INIT seed="5,0,0,1,3,133" ten="326,284,177,213" oya="1" hai0="1,102,32,23,123,0,88,16,70,24,93,75,65" hai1="96,17,94,111,135,126,98,41,58,78,50,108,52" hai2="90,36,122,9,13,11,69,95,113,27,130,121,19" hai3="127,77,40,42,91,28,45,114,37,83,92,73,84"/><U106/><E135/><V105/><F105/><W59/><G114/><T47/><D75/><U100/><E126/><V25/><F69/><W131/><G131/><T54/><D102/><U7/><E7/><V129/><F36/><W118/><G118/><T38/><D32/><U12/><E78/><V74/><F74/><W30/><G127/><T46/><D46/><U82/><E82/><V22/><F95/><W6/><G42/><T119/><D119/><U104/><E41/><V76/><F90/><W117/><G117/><T85/><D123/><N who="2" m="47114" /><F76/><W89/><G6/><T116/><D116/><U18/><E18/><V55/><F55/><W67/><REACH who="3" step="1"/><G91/><REACH who="3" ten="326,284,177,203" step="2"/><T66/><D88/><U103/><REACH who="1" step="1"/><E94/><REACH who="1" ten="326,274,177,203" step="2"/><V15/><F113/><W80/><G80/><T34/><D93/><U124/><E124/><V26/><F15/><W71/><G71/><T10/><D70/><U86/><E86/><V49/><F49/><W101/><G101/><T39/><D38/><U35/><E35/><V14/><F13/><W107/><G107/><T2/><D34/><U21/><AGARI ba="0,2" hai="12,17,21,50,52,58,96,98,100,103,104,106,108,111" machi="21" ten="30,11700,0" yaku="1,1,0,1,9,1,54,1,53,0" doraHai="133" doraHaiUra="56" who="1" fromWho="1" sc="326,-39,274,137,177,-39,203,-39" /><INIT seed="5,1,0,0,0,7" ten="287,411,138,164" oya="1" hai0="6,80,77,113,119,44,125,110,129,11,65,16,10" hai1="131,28,101,94,40,127,35,59,56,99,86,107,38" hai2="66,8,48,31,106,109,68,29,108,52,103,69,63" hai3="130,114,124,33,134,74,100,23,98,24,85,78,9"/><U50/><E38/><V42/><F69/><W121/><G74/><T105/><D105/><U91/><E127/><V26/><F42/><W12/><G33/><T55/><D110/><U128/><E40/><V3/><F31/><W51/><G121/><T22/><D119/><U54/><E28/><V36/><F36/><W133/><G124/><T87/><D125/><U71/><E71/><V20/><F106/><W18/><G114/><T49/><D113/><U14/><E35/><V112/><F103/><W58/><G130/><T115/><D115/><U79/><E59/><V75/><F75/><W67/><G85/><T89/><D129/><U53/><E53/><V21/><F21/><W120/><G78/><T57/><D6/><U90/><E79/><V102/><F102/><W39/><G39/><T118/><D118/><U93/><REACH who="1" step="1"/><E14/><REACH who="1" ten="287,401,138,164" step="2"/><V76/><F76/><W122/><G58/><T72/><D57/><U15/><E15/><V4/><REACH who="2" step="1"/><F112/><REACH who="2" ten="287,401,128,164" step="2"/><W132/><G132/><T2/><D77/><U25/><E25/><V126/><F126/><W95/><G134/><T60/><D72/><U47/><E47/><AGARI ba="1,2" hai="3,4,8,20,26,29,47,48,52,63,66,68,108,109" machi="47" ten="30,7700,0" yaku="1,1,7,1,52,1,54,1,53,0" doraHai="7" doraHaiUra="30" who="2" fromWho="1" sc="287,0,401,-80,128,100,164,0" /><INIT seed="6,0,0,0,1,1" ten="287,321,228,164" oya="2" hai0="97,18,118,38,82,47,43,72,36,100,67,3,29" hai1="71,21,127,74,4,111,83,16,99,45,51,90,53" hai2="116,15,63,12,95,96,73,108,87,85,56,88,52" hai3="135,75,133,30,123,80,44,125,92,110,78,24,76"/><V34/><F116/><W13/><G110/><T134/><D118/><U55/><E111/><V41/><F108/><W119/><G123/><T86/><D134/><U112/><E71/><V131/><F73/><W64/><G119/><T114/><D114/><U49/><E112/><V46/><F34/><W109/><G109/><T37/><D29/><U28/><E127/><V69/><F131/><W0/><G0/><T94/><D67/><U11/><E28/><V19/><F69/><W20/><G125/><T9/><D18/><U7/><E74/><V79/><F79/><W61/><G78/><N who="0" m="44359" /><D86/><N who="1" m="50527" /><E99/><V115/><F115/><W102/><G44/><T60/><D60/><U5/><E11/><V35/><F35/><W59/><REACH who="3" step="1"/><G13/><REACH who="3" ten="287,321,228,154" step="2"/><T33/><D3/><U104/><E45/><V68/><F15/><W25/><G25/><T101/><D47/><U48/><E104/><V27/><F27/><AGARI ba="0,1" hai="4,5,7,16,21,27,48,49,51,53,55" m="50527" machi="27" ten="30,8000,1" yaku="8,1,52,3,54,1" doraHai="1" who="1" fromWho="2" sc="287,0,321,90,228,-80,154,0" /><INIT seed="7,0,0,1,3,75" ten="287,411,148,154" oya="3" hai0="4,3,1,99,12,6,85,51,129,83,8,59,54" hai1="86,17,34,126,89,96,124,21,130,53,19,125,115" hai2="100,110,102,121,69,82,113,25,18,114,64,111,88" hai3="62,74,20,106,43,26,119,105,14,91,90,127,60"/><W23/><G119/><T77/><D129/><U57/><E34/><V41/><F41/><W30/><G74/><T81/><D99/><U93/><E115/><N who="2" m="44043" /><F64/><W55/><G43/><T56/><D6/><U29/><E130/><V32/><F69/><W28/><G127/><T61/><D81/><U80/><E29/><N who="2" m="19503" /><F121/><W95/><G14/><T135/><D135/><U132/><E132/><V71/><F71/><W120/><G120/><T39/><D39/><U11/><E11/><V92/><F82/><W7/><G7/><T116/><D116/><U73/><E73/><V42/><F18/><W46/><G95/><T48/><D48/><N who="1" m="30887" /><E21/><V5/><F42/><W33/><G33/><T68/><D68/><U50/><E50/><V78/><F78/><AGARI ba="0,0" hai="17,19,78,80,86,89,93,96,124,125,126" m="30887" machi="78" ten="30,2000,0" yaku="18,1,52,1" doraHai="75" who="1" fromWho="2" sc="287,0,411,20,148,-20,154,0" owari="287,9.0,431,53.0,128,-37.0,154,-25.0" /></mjloggm>