<mjloggm ver="2.3"><GO type="41"/><UN n0="%79%75%74%61%38%33%30%31" n1="%E3%81%B4%E3%81%88%E3%81%AB%E3%82%93" n2="%E3%81%93%E3%82%93%E3%81%93%E3%82%93%E3%81%93%E3%82%93" n3="%EF%BC%88%E2%89%A7%E2%96%BD%E2%89%A6%EF%BC%89" dan="13,14,14,15" rate="1827,2005,1889,2015" sx="M,M,M,M"/><TAIKYOKU oya="0"/><INIT seed="0,0,0,1,0,85" ten="250,250,250,250" oya="0" hai0="22,64,83,0,73,100,14,91,6,59,105,76,72" hai1="52,79,12,41,111,30,2,71,124,107,29,40,28" hai2="46,69,94,34,92,66,108,119,68,118,95,38,104" hai3="117,128,96,103,35,88,63,45,47,129,65,26,53"/><T77/><D0/><U44/><E2/><V112/><F104/><W48/><G117/><T109/><D105/><U115/><E107/><V33/><F112/><W57/><G45/><T127/><D100/><U56/><E71/><V123/><F123/><W110/><G110/><T31/><D31/><U114/><E111/><V27/><F108/><W75/><G75/><T39/><D39/><U42/><E124/><V133/><F27/><W7/><G7/><T99/><D99/><U90/><E79/><V78/><F78/><W80/><G103/><T20/><D127/><U98/><E12/><V131/><F66/><W19/><G19/><T24/><D24/><U58/><E44/><V101/><F101/><W54/><G65/><T125/><D125/><U49/><E58/><V5/><F5/><W134/><G134/><T23/><D6/><U113/><E98/><V9/><F9/><W25/><G80/><T3/><D3/><U132/><E132/><V93/><F133/><W121/><G121/><T130/><D77/><U70/><E70/><N who="2" m="27243" /><F131/><N who="3" m="50251" /><G35/><N who="2" m="13321" /><F46/><W50/><G50/><T61/><D73/><U43/><N who="1" m="10752" /><DORA hai="32" /><U13/><E13/><V36/><N who="2" m="24064" /><DORA hai="87" /><V84/><F84/><W62/><G26/><T1/><D72/><U126/><E126/><V116/><AGARI ba="0,0" hai="36,38,116,118,119" m="24064,13321,27243" machi="116" ten="60,7900,0" yaku="28,2,12,1" doraHai="85,32,87" who="2" fromWho="2" sc="250,-39,250,-20,250,79,250,-20" /><INIT seed="1,0,0,3,0,39" ten="211,230,329,230" oya="1" hai0="44,115,28,52,51,33,56,65,106,26,134,77,114" hai1="97,88,125,85,50,34,25,122,19,71,12,8,95" hai2="55,63,49,58,98,117,80,62,84,92,132,101,78" hai3="13,74,60,47,45,7,0,79,67,20,126,36,120"/><U109/><E122/><V18/><F117/><W9/><G120/><T113/><D106/><U87/><E71/><V90/><F132/><W17/><G126/><T130/><D134/><U15/><E125/><V64/><F64/><W32/><G36/><T81/><D130/><U22/><E109/><V75/><REACH who="2" step="1"/><F18/><REACH who="2" ten="211,230,319,230" step="2"/><W5/><G5/><T108/><D108/><U6/><E34/><V86/><F86/><W29/><G74/><T119/><D119/><U27/><E50/><V37/><F37/><W124/><G124/><T66/><D66/><U133/><E133/><V118/><F118/><W99/><G99/><T30/><D115/><U116/><E116/><V128/><F128/><W76/><G76/><T103/><D114/><U105/><E105/><AGARI ba="0,1" hai="49,55,58,62,63,75,78,80,84,90,92,98,101,105" machi="105" ten="30,8000,1" yaku="1,1,7,1,24,2,53,1" doraHai="39" doraHaiUra="73" who="2" fromWho="1" sc="211,0,230,-80,319,90,230,0" /><INIT seed="2,0,0,1,5,120" ten="211,150,409,230" oya="2" hai0="134,122,41,112,28,62,10,100,85,135,95,27,92" hai1="1,76,108,40,91,114,79,113,131,89,94,75,80" hai2="125,25,60,93,48,63,110,83,3,38,78,109,14" hai3="43,31,35,123,4,88,107,130,105,6,133,21,132"/><V49/><F38/><W61/><G123/><T65/><D122/><U86/><E1/><V104/><F104/><N who="3" m="40011" /><G35/><T51/><D112/><U115/><E40/><V44/><F3/><W128/><G43/><T42/><D10/><U37/><E37/><V68/><F48/><W33/><G33/><T98/><D51/><U111/><E131/><N who="3" m="50218" /><G61/><T124/><D124/><U58/><E58/><V103/><F125/><W70/><G70/><T47/><D47/><U2/><E2/><V66/><F60/><W54/><G54/><T24/><D41/><U5/><E5/><N who="3" m="2154" /><G88/><N who="1" m="33866" /><E94/><V36/><F36/><W23/><G31/><T55/><D28/><U67/><E67/><V18/><F25/><W34/><G34/><T45/><D27/><U39/><E39/><V16/><F49/><W57/><G57/><T127/><D24/><U121/><E121/><V73/><F44/><W81/><G81/><AGARI ba="0,0" hai="75,76,79,80,81,86,108,111,113,114,115" m="33866" machi="81" ten="40,8000,1" yaku="34,2,52,2,54,1" doraHai="120" who="1" fromWho="3" sc="211,0,150,80,409,0,230,-80" /><INIT seed="3,0,0,0,2,96" ten="211,230,409,150" oya="3" hai0="45,16,15,20,40,1,84,103,14,31,60,109,85" hai1="11,27,0,77,34,121,5,120,93,132,13,129,81" hai2="107,97,112,53,65,46,108,92,128,125,102,22,82" hai3="88,25,66,99,118,9,57,23,72,101,69,24,43"/><W126/><G118/><T80/><D1/><U67/><E67/><V83/><F112/><W38/><G72/><T52/><D109/><U48/><E48/><V17/><F125/><W47/><G126/><T110/><D110/><U59/><E59/><V32/><F108/><W100/><G69/><T111/><D111/><U62/><E62/><V35/><F128/><W61/><G9/><T39/><D31/><N who="1" m="19839" /><E93/><V135/><F65/><W78/><G78/><T133/><D133/><U51/><E51/><V119/><F135/><W71/><G71/><T6/><D6/><U26/><E132/><V79/><F83/><W116/><G116/><T44/><D14/><U4/><E81/><V36/><F119/><W113/><G113/><T123/><D123/><U29/><E77/><V90/><F53/><W10/><G10/><T104/><D80/><U30/><E129/><V91/><F91/><W106/><G106/><T37/><D37/><U70/><E70/><V56/><F56/><W114/><G114/><T18/><D60/><U41/><E41/><V76/><F76/><W8/><G8/><T122/><D122/><U2/><E5/><V28/><F36/><W63/><G63/><T130/><D39/><U131/><E131/><V75/><F46/><W21/><G88/><T50/><D130/><U73/><E73/><V87/><F28/><N who="1" m="10857" /><E121/><V74/><F75/><W68/><G68/><T54/><D40/><U115/><E120/><V105/><F105/><N who="3" m="63647" /><G101/><T86/><D104/><U58/><E115/><V117/><F117/><W12/><G12/><AGARI ba="0,0" hai="12,17,22,32,35,74,79,82,87,90,92,97,102,107" machi="12" ten="30,7700,0" yaku="7,1,24,2,52,1" doraHai="96" who="2" fromWho="3" sc="211,0,230,0,409,77,150,-77" /><INIT seed="4,0,0,4,4,107" ten="211,230,486,73" oya="0" hai0="106,54,61,17,28,7,59,85,5,131,78,25,36" hai1="123,12,34,60,41,27,77,35,74,22,52,86,65" hai2="118,24,10,72,96,68,8,30,82,39,32,93,83" hai3="117,11,94,125,19,110,26,121,51,133,71,101,70"/><T95/><D36/><U1/><E123/><V42/><F68/><N who="3" m="26155" /><G101/><T64/><D106/><U0/><E34/><V115/><F118/><W21/><G94/><T16/><D64/><U111/><E41/><V53/><F83/><W91/><G91/><N who="0" m="53743" /><D131/><U109/><E111/><V3/><F3/><W113/><G11/><T4/><D78/><U92/><E109/><V104/><F104/><W48/><G19/><T56/><D56/><U62/><E60/><V127/><F53/><W45/><G21/><AGARI ba="0,0" hai="4,5,7,16,17,21,25,28,54,59,61" m="53743" machi="21" ten="30,2900,0" yaku="8,1,54,1" doraHai="107" who="0" fromWho="3" sc="211,29,230,0,486,0,73,-29" /><INIT seed="4,1,0,4,3,68" ten="240,230,486,44" oya="0" hai0="14,126,99,113,62,124,69,89,41,2,4,84,66" hai1="130,78,17,87,125,12,59,129,18,50,118,38,60" hai2="119,108,15,45,98,85,86,104,29,26,96,57,5" hai3="97,13,63,133,79,72,82,88,40,74,95,135,43"/><T54/><D2/><U36/><E118/><V127/><F108/><W11/><G63/><T6/><D113/><U39/><E125/><N who="0" m="48233" /><D99/><U105/><E105/><V101/><F127/><W1/><G1/><T76/><D76/><U77/><E50/><V3/><F3/><W47/><G74/><T21/><D41/><U75/><E87/><V33/><F119/><W123/><G123/><T19/><D54/><U31/><E31/><V116/><F116/><W81/><G81/><AGARI ba="1,0" hai="4,6,14,19,21,62,66,69,81,84,89" m="48233" machi="81" ten="30,1500,0" yaku="18,1" doraHai="68" who="0" fromWho="3" sc="240,18,230,0,486,0,44,-18" /><INIT seed="4,2,0,3,2,129" ten="258,230,486,26" oya="0" hai0="33,2,135,132,71,58,31,112,95,48,16,45,18" hai1="105,10,42,120,101,26,78,92,27,53,76,70,88" hai2="66,91,106,64,75,34,9,22,52,59,6,69,83" hai3="15,60,56,90,126,114,116,96,103,125,57,55,35"/><T30/><D71/><U11/><E70/><V99/><F34/><W5/><G116/><T119/><D119/><U79/><E120/><V113/><F69/><W29/><G114/><T81/><D2/><U21/><E42/><V94/><F113/><W47/><G35/><T36/><D36/><U43/><E43/><V44/><F44/><W100/><G29/><T49/><D112/><U0/><E0/><V39/><F39/><W24/><G24/><N who="1" m="9258" /><E101/><V123/><F22/><W12/><G47/><T118/><D118/><U85/><E105/><V32/><F32/><W20/><G5/><T54/><D81/><U134/><E134/><N who="0" m="51241" /><D95/><U93/><E21/><V117/><F117/><W107/><G90/><T127/><D127/><U133/><E133/><V108/><F123/><W14/><G103/><T98/><D98/><U4/><E4/><V111/><F106/><W102/><G102/><T87/><D87/><U122/><E122/><V89/><F111/><W13/><N who="3" m="3072" /><DORA hai="8" /><W25/><REACH who="3" step="1"/><G57/><REACH who="3" ten="258,230,486,16" step="2"/><T97/><D33/><U128/><E128/><V130/><F130/><W17/><AGARI ba="2,1" hai="17,20,25,55,56,60,96,100,107,125,126" m="3072" machi="17" ten="40,12000,2" yaku="1,1,2,1,0,1,52,4,53,0" doraHai="129,8" doraHaiUra="37,121" who="3" fromWho="3" sc="258,-62,230,-32,486,-32,16,136" /><INIT seed="5,0,0,5,4,71" ten="196,198,454,152" oya="1" hai0="27,50,82,66,42,16,106,131,0,33,105,3,37" hai1="129,15,104,76,125,121,8,25,127,103,28,61,115" hai2="109,29,14,100,113,96,118,52,122,132,92,67,44" hai3="133,49,107,20,68,2,31,48,1,108,91,56,6"/><U130/><E76/><V55/><F122/><W5/><G107/><T88/><D37/><U53/><E103/><V41/><F118/><W38/><G68/><T80/><D66/><U22/><E104/><V73/><F73/><W21/><G133/><T12/><D131/><N who="1" m="50187" /><E53/><V70/><F132/><W98/><G108/><T40/><D106/><U97/><E61/><V64/><F109/><W102/><G91/><T59/><D105/><U11/><E97/><V9/><F29/><W89/><G89/><T83/><D33/><N who="1" m="20623" /><E121/><V24/><F24/><W46/><G98/><T81/><D27/><U43/><E43/><N who="0" m="16425" /><D0/><U87/><E115/><V75/><F113/><W117/><G102/><T51/><D3/><U69/><E87/><V112/><F112/><W86/><G86/><N who="0" m="50247" /><D59/><U74/><E69/><V119/><F75/><W39/><G56/><T60/><D60/><U95/><E74/><V111/><F111/><W23/><G23/><AGARI ba="0,0" hai="12,16,23,50,51,81,82,83" m="50247,16425" machi="23" ten="30,3900,0" yaku="8,1,54,2" doraHai="71" who="0" fromWho="3" sc="196,39,198,0,454,0,152,-39" /><INIT seed="6,0,0,1,2,1" ten="235,198,454,113" oya="2" hai0="77,57,51,15,96,7,34,102,90,69,40,53,24" hai1="8,126,25,0,128,31,28,59,133,50,100,36,43" hai2="70,44,84,54,95,94,3,110,6,4,63,81,116" hai3="41,123,112,37,23,10,87,80,127,56,85,66,29"/><V12/><F3/><W82/><G123/><T101/><D69/><U99/><E36/><V48/><F116/><W74/><G127/><T132/><D77/><U92/><E126/><V35/><F35/><W117/><G117/><T2/><D2/><U114/><E133/><V49/><F110/><W27/><G74/><T33/><D132/><U26/><E128/><V109/><F109/><W18/><G112/><T17/><D34/><U79/><E114/><V134/><F134/><W32/><G37/><T21/><D33/><U125/><E125/><V30/><F30/><W122/><G41/><T78/><D78/><U38/><E79/><V91/><F70/><W135/><G135/><T120/><D120/><U97/><E38/><V119/><F119/><W71/><G71/><T64/><D64/><U129/><E129/><V11/><F63/><W55/><G122/><T103/><D40/><U108/><E108/><V98/><F49/><W19/><G66/><T45/><D45/><U52/><E43/><V130/><F130/><W67/><G67/><T111/><D111/><U131/><E131/><V118/><F118/><W105/><G105/><T39/><D39/><U121/><E121/><V42/><F95/><W20/><G32/><T65/><D65/><U47/><E47/><V89/><F42/><W72/><G29/><T88/><D96/><U62/><E62/><V107/><F107/><W14/><G72/><T104/><D104/><U5/><REACH who="1" step="1"/><E99/><REACH who="1" ten="235,188,454,113" step="2"/><V73/><F73/><W58/><G85/><T22/><D22/><U61/><E61/><V13/><F11/><AGARI ba="0,1" hai="7,11,15,17,21,24,51,53,57,88,90,101,102,103" machi="11" ten="40,5200,0" yaku="8,1,52,1,54,1" doraHai="1" who="0" fromWho="2" sc="235,62,188,0,454,-52,113,0" /><INIT seed="7,0,0,2,4,98" ten="297,188,402,113" oya="3" hai0="108,134,18,38,92,117,88,86,124,44,113,1,80" hai1="40,103,106,49,107,55,8,32,129,111,37,79,128" hai2="89,35,91,9,100,56,15,58,24,57,14,90,4" hai3="23,41,109,95,96,53,52,115,131,61,99,46,84"/><W47/><G131/><N who="1" m="50250" /><E32/><V0/><F35/><W119/><G119/><T42/><D1/><U104/><E8/><V12/><F24/><W72/><G72/><T48/><D108/><U121/><E111/><V132/><F100/><N who="3" m="60447" /><G115/><T93/><D117/><U73/><E121/><V10/><F10/><W16/><G109/><T97/><D93/><U82/><E40/><V75/><F75/><W51/><G99/><T101/><D38/><U6/><E37/><V83/><F83/><W67/><G47/><T64/><D64/><U29/><E6/><V65/><F65/><W112/><G112/><T68/><D113/><U114/><E29/><V5/><F5/><W3/><G3/><T85/><D68/><U45/><E114/><V127/><F132/><W20/><G84/><T77/><D134/><U39/><E39/><V69/><F69/><W19/><G67/><T120/><D120/><U70/><E70/><V116/><F116/><W17/><G61/><T71/><D71/><U30/><E30/><V11/><F11/><W33/><G33/><T87/><D124/><AGARI ba="0,0" hai="0,4,9,12,14,15,56,57,58,89,90,91,124,127" machi="124" ten="50,3200,0" yaku="29,2" doraHai="98" who="2" fromWho="0" sc="297,-32,188,0,402,32,113,0" owari="265,7.0,188,-21.0,434,53.0,113,-39.0" /></mjloggm>