<mjloggm ver="2.3"><GO type="41"/><UN n0="%E3%82%A6%E3%83%AB%E3%83%88%E3%83%A9%E7%AB%8B%E7%9B%B4" n1="%E6%82%B2%E3%81%97%E3%81%BF%E3%81%AE%E8%B1%86%E8%85%90" n2="%E6%88%A6%E9%97%98%E5%8A%9B%EF%BC%91" n3="%E3%81%8B%E3%82%81%E3%81%8D%E3%81%A1" dan="15,13,15,14" rate="1966,1818,1935,1862" sx="M,M,M,M"/><TAIKYOKU oya="0"/><INIT seed="0,0,0,2,1,103" ten="250,250,250,250" oya="0" hai0="106,59,40,32,5,112,17,55,39,132,89,61,21" hai1="43,77,42,53,87,44,104,117,80,23,114,109,86" hai2="34,66,123,56,72,35,4,68,51,24,99,84,125" hai3="52,118,97,20,67,30,13,27,22,81,31,95,127"/><T124/><D32/><U38/><E117/><V79/><F72/><W9/><G118/><T74/><D74/><U49/><E114/><V93/><F123/><W65/><G127/><T69/><D112/><U25/><E109/><V50/><F125/><W115/><G115/><T63/><D124/><U3/><E3/><V15/><F68/><W76/><G31/><T107/><D5/><U108/><E108/><V62/><F35/><W96/><G22/><T41/><D132/><U28/><E43/><V2/><F2/><W116/><G116/><T12/><D41/><U92/><E92/><V60/><F34/><W18/><G97/><T101/><D101/><U45/><REACH who="1" step="1"/><E87/><REACH who="1" ten="250,240,250,250" step="2"/><V75/><F84/><W126/><G126/><T26/><D40/><U110/><E110/><V71/><F93/><W121/><G121/><T16/><D39/><U29/><E29/><V113/><F113/><W6/><G30/><T130/><D130/><U48/><E48/><V73/><F51/><W36/><G36/><T7/><D63/><U82/><E82/><V98/><F50/><W134/><G134/><T135/><D135/><U131/><E131/><V57/><F62/><W133/><G133/><T129/><D129/><U11/><E11/><V119/><F60/><W37/><G37/><T111/><D111/><U33/><E33/><V122/><F119/><W102/><REACH who="3" step="1"/><G52/><REACH who="3" ten="250,240,250,240" step="2"/><T19/><D69/><U46/><E46/><V78/><F71/><W85/><AGARI ba="0,2" hai="6,9,13,18,20,27,65,67,76,81,85,95,96,102" machi="85" ten="20,8000,1" yaku="1,1,2,1,0,1,7,1,8,1,53,0" doraHai="103" doraHaiUra="58" who="3" fromWho="3" sc="250,-40,240,-20,250,-20,240,100" /><INIT seed="1,0,0,5,5,27" ten="210,220,230,340" oya="1" hai0="19,52,31,107,33,134,122,108,45,97,34,120,84" hai1="30,96,110,109,125,35,4,132,14,70,8,93,24" hai2="0,99,28,124,89,18,71,59,55,102,48,25,86" hai3="74,13,64,75,44,21,32,40,17,100,66,26,92"/><U121/><E121/><N who="0" m="46697" /><D97/><U29/><E70/><V72/><F71/><W2/><G2/><T80/><D107/><U3/><E30/><V131/><F0/><W133/><G133/><T57/><D45/><U53/><E132/><V85/><F72/><W128/><G128/><T106/><D106/><U12/><E53/><V76/><F131/><W68/><G66/><T42/><D42/><U116/><E116/><V7/><F7/><W51/><G68/><T73/><D73/><U101/><REACH who="1" step="1"/><E125/><REACH who="1" ten="210,210,230,340" step="2"/><V126/><F124/><W16/><G64/><T127/><D127/><U87/><E87/><V95/><F126/><W11/><REACH who="3" step="1"/><G32/><REACH who="3" ten="210,210,230,330" step="2"/><T69/><D69/><U90/><E90/><V81/><F89/><W135/><G135/><T115/><D134/><U113/><E113/><V83/><F76/><W91/><G91/><N who="0" m="51591" /><D115/><U118/><E118/><V79/><F79/><W117/><G117/><T58/><D34/><U15/><AGARI ba="0,2" hai="3,4,8,12,14,15,24,29,35,93,96,101,109,110" machi="15" ten="30,6000,0" yaku="1,1,0,1,52,1,53,0" doraHai="27" doraHaiUra="50" who="1" fromWho="1" sc="210,-20,210,80,230,-20,330,-20" /><INIT seed="1,1,0,2,3,67" ten="190,290,210,310" oya="1" hai0="117,5,74,23,69,98,50,42,90,71,122,89,115" hai1="33,45,52,51,82,35,121,68,88,72,124,29,34" hai2="21,66,44,113,10,132,135,3,102,39,17,47,24" hai3="116,36,127,96,9,84,57,25,0,130,31,16,19"/><U107/><E107/><V75/><F113/><W59/><G36/><T63/><D115/><U123/><E124/><V106/><F75/><W99/><G116/><T110/><D117/><U11/><E29/><V13/><F3/><W73/><G127/><T87/><D74/><U28/><E28/><V91/><F39/><W61/><G73/><T134/><D63/><U22/><E22/><V2/><F2/><W126/><G126/><T37/><D37/><U15/><E68/><N who="0" m="26185" /><D5/><U79/><REACH who="1" step="1"/><E88/><REACH who="1" ten="190,280,210,310" step="2"/><V54/><F91/><W81/><G31/><T64/><D64/><U62/><E62/><V112/><F66/><W101/><G61/><T97/><D23/><U131/><E131/><V49/><F21/><W4/><G130/><T95/><D90/><U125/><E125/><V40/><F112/><W119/><G119/><T83/><D95/><U77/><E77/><V20/><F106/><W30/><G30/><T76/><D89/><U14/><E14/><V60/><F13/><W32/><G32/><T78/><D78/><U128/><E128/><V108/><F20/><W53/><G0/><T26/><D26/><U104/><E104/><V120/><F24/><W58/><G25/><T80/><D80/><U48/><E48/><V86/><F49/><W1/><G81/><T109/><D122/><U133/><E133/><V129/><F120/><W43/><G101/><T103/><D134/><U38/><E38/><V12/><F102/><W7/><G1/><T92/><D98/><U55/><E55/><V41/><F54/><W85/><G53/><T111/><D50/><U6/><AGARI ba="1,1" hai="6,11,15,33,34,35,45,51,52,72,79,82,121,123" machi="6" ten="30,11700,0" yaku="1,1,5,1,0,1,54,1,53,0" doraHai="67" doraHaiUra="65" who="1" fromWho="1" sc="190,-40,280,130,210,-40,310,-40" /><INIT seed="1,2,0,4,0,41" ten="150,410,170,270" oya="1" hai0="40,83,49,119,65,35,77,107,108,63,91,16,89" hai1="123,130,117,132,3,52,71,46,50,5,105,104,94" hai2="86,14,8,110,93,78,126,98,59,115,99,112,133" hai3="68,48,129,97,33,114,84,69,76,38,135,30,124"/><U58/><E71/><V0/><F110/><W25/><G38/><T80/><D35/><U95/><E123/><V85/><F0/><W127/><G114/><N who="2" m="43561" /><F126/><N who="3" m="48171" /><G135/><T21/><D107/><U51/><E132/><V45/><F133/><W13/><G129/><T6/><D6/><U29/><E130/><V1/><F1/><W24/><G97/><T109/><D119/><U19/><E29/><V37/><F78/><W75/><G24/><T57/><D108/><U116/><E19/><N who="2" m="8647" /><F59/><W15/><G75/><T12/><D109/><U27/><E27/><V10/><F10/><W44/><G15/><T61/><D61/><U79/><E79/><V67/><F67/><W72/><G13/><T103/><D103/><U118/><E104/><V31/><F31/><W92/><G72/><T32/><D32/><U4/><E105/><V56/><F56/><W120/><G120/><T64/><D64/><U22/><E22/><V131/><F131/><W106/><G106/><T54/><D40/><U7/><REACH who="1" step="1"/><E3/><REACH who="1" ten="150,400,170,270" step="2"/><V18/><F18/><W111/><G111/><T47/><REACH who="0" step="1"/><D83/><REACH who="0" ten="140,400,170,270" step="2"/><U43/><AGARI ba="2,2" hai="4,5,7,43,46,50,51,52,58,94,95,116,117,118" machi="43" ten="40,12000,1" yaku="1,1,2,1,0,1,52,1,54,1,53,0" doraHai="41" doraHaiUra="34" who="1" fromWho="1" sc="140,-42,400,146,170,-42,270,-42" /><INIT seed="1,3,0,5,3,65" ten="98,546,128,228" oya="1" hai0="93,39,87,85,122,91,60,43,44,101,2,107,129" hai1="126,104,51,105,50,72,26,95,81,36,41,57,99" hai2="13,89,131,90,21,15,78,102,23,0,76,40,119" hai3="113,16,22,37,61,127,25,48,1,114,68,14,18"/><U70/><E126/><V117/><F102/><W66/><G37/><T11/><D122/><U54/><E36/><V115/><F40/><W19/><G127/><T53/><D129/><U42/><E26/><V8/><F8/><W125/><G125/><T20/><D101/><U47/><E70/><V35/><F115/><W98/><G1/><T84/><D107/><U79/><REACH who="1" step="1"/><E42/><REACH who="1" ten="98,536,128,228" step="2"/><V7/><F117/><W116/><G116/><T120/><D120/><U100/><AGARI ba="3,1" hai="41,47,50,51,54,57,72,79,81,95,99,100,104,105" machi="100" ten="20,7800,0" yaku="1,1,2,1,0,1,7,1,53,0" doraHai="65" doraHaiUra="33" who="1" fromWho="1" sc="98,-29,536,97,128,-29,228,-29" /><INIT seed="1,4,0,1,5,43" ten="69,633,99,199" oya="1" hai0="24,50,105,111,72,34,134,46,41,135,70,130,36" hai1="104,95,42,108,114,48,79,131,47,56,86,40,8" hai2="62,84,53,52,25,63,32,110,112,15,81,21,20" hai3="11,83,44,0,13,6,38,103,85,133,87,49,98"/><U119/><E104/><V7/><F110/><W89/><G38/><T92/><D92/><U68/><E114/><V28/><F112/><W77/><G133/><T55/><D24/><U51/><E68/><V107/><F107/><W128/><G0/><T126/><D55/><N who="2" m="21066" /><F32/><W57/><G57/><T26/><D50/><U129/><E119/><V71/><F71/><W115/><G128/><N who="1" m="49226" /><E56/><V5/><F21/><W39/><G39/><T118/><D46/><N who="1" m="25671" /><E8/><N who="2" m="4511" /><F5/><W73/><G115/><T31/><D41/><U16/><E108/><V94/><F94/><W121/><G121/><T117/><D26/><U27/><E95/><V33/><F33/><W76/><G73/><T132/><D31/><U127/><E86/><V12/><F12/><W91/><G87/><T90/><D134/><U23/><E79/><AGARI ba="4,0" hai="20,25,28,62,63,79,81,84" m="4511,21066" machi="79" ten="30,2000,0" yaku="8,1,54,1" doraHai="43" who="2" fromWho="1" sc="69,0,633,-32,99,32,199,0" /><INIT seed="2,0,0,4,2,91" ten="69,601,131,199" oya="2" hai0="56,51,76,9,106,40,66,116,115,44,45,80,10" hai1="85,2,53,68,119,35,0,74,27,17,8,114,132" hai2="100,47,113,39,97,30,50,19,52,26,77,73,15" hai3="42,117,22,28,101,87,128,18,24,1,129,13,124"/><V37/><F113/><W103/><G117/><T75/><D115/><U104/><E74/><V55/><F55/><W4/><G42/><T20/><D106/><U49/><E68/><V71/><F71/><W29/><G87/><T61/><D116/><U83/><E104/><V93/><F77/><W32/><G103/><T48/><REACH who="0" step="1"/><D20/><REACH who="0" ten="59,601,131,199" step="2"/><U12/><E114/><V107/><F107/><W57/><G124/><T126/><D126/><U125/><E125/><V67/><F73/><W60/><G101/><T123/><D123/><U64/><E119/><V86/><F86/><W70/><G70/><T92/><D92/><U21/><E35/><V82/><F82/><W3/><G3/><T36/><D36/><U5/><E85/><V121/><F121/><W135/><G135/><T38/><D38/><U120/><E83/><V95/><F93/><W65/><G29/><T131/><D131/><U23/><E23/><V14/><F39/><W130/><REACH who="3" step="1"/><G130/><REACH who="3" ten="59,601,131,189" step="2"/><T72/><D72/><U88/><E132/><V81/><F100/><W46/><G46/><T63/><D63/><U112/><E120/><V89/><F47/><W7/><G7/><T41/><AGARI ba="0,2" hai="9,10,40,41,44,45,48,51,56,61,66,75,76,80" machi="41" ten="20,5200,0" yaku="1,1,0,1,7,1,9,1,53,0" doraHai="91" doraHaiUra="98" who="0" fromWho="0" sc="59,72,601,-13,131,-26,189,-13" /><INIT seed="3,0,0,3,3,59" ten="131,588,105,176" oya="3" hai0="95,41,90,85,91,86,93,96,60,44,33,25,28" hai1="125,83,53,102,39,101,22,119,58,64,35,11,92" hai2="71,57,131,78,108,16,133,111,9,104,80,107,118" hai3="135,122,114,99,65,70,54,103,4,31,128,18,77"/><W120/><G114/><T17/><D17/><U38/><E35/><V30/><F118/><W129/><G77/><T134/><D134/><U5/><E119/><V79/><F133/><W66/><G31/><T32/><D96/><U82/><E64/><N who="3" m="24682" /><G135/><T105/><D105/><U88/><E22/><V72/><F79/><W115/><G70/><T113/><D113/><U49/><E39/><V124/><F71/><W15/><G115/><T110/><D110/><N who="2" m="42026" /><F124/><W81/><G4/><T98/><D98/><N who="1" m="57607" /><E38/><V48/><F30/><W89/><G54/><T68/><D33/><U84/><E83/><V62/><F48/><W45/><G45/><T19/><D68/><U63/><E49/><V27/><F131/><N who="3" m="50251" /><G89/><T123/><D19/><U106/><E125/><V40/><F40/><W42/><G81/><T94/><D44/><U12/><E106/><V97/><F97/><W76/><G76/><AGARI ba="0,0" hai="5,11,12,53,58,63,76,82,84,101,102" m="57607" machi="76" ten="30,3900,0" yaku="8,1,52,1,54,1" doraHai="59" who="1" fromWho="3" sc="131,0,588,39,105,0,176,-39" /><INIT seed="4,0,0,0,4,58" ten="131,627,105,137" oya="0" hai0="10,42,28,4,50,54,35,56,92,91,13,81,62" hai1="48,71,0,113,14,85,88,129,22,6,72,132,97" hai2="70,128,103,18,76,84,90,23,1,31,57,9,130" hai3="109,135,89,49,61,117,79,29,123,122,63,86,12"/><T5/><D35/><U53/><E72/><V105/><F70/><W77/><G117/><T30/><D81/><U127/><E71/><V46/><F31/><W8/><G109/><T20/><D5/><U39/><E39/><V133/><F133/><W121/><G135/><T16/><D42/><U119/><E119/><V67/><F76/><N who="3" m="29259" /><G29/><T73/><D73/><U102/><E0/><V94/><F46/><W106/><G106/><T96/><REACH who="0" step="1"/><D50/><REACH who="0" ten="121,627,105,137" step="2"/><U25/><E48/><V80/><F80/><N who="3" m="49351" /><G49/><T112/><D112/><U59/><E6/><AGARI ba="0,1" hai="6,8,12,61,63,121,122,123" m="49351,29259" machi="6" ten="30,3900,0" yaku="13,1,52,2" doraHai="58" who="3" fromWho="1" sc="121,0,627,-39,105,0,137,49" /><INIT seed="5,0,0,4,3,8" ten="121,588,105,186" oya="1" hai0="78,121,125,21,31,100,61,2,115,29,76,131,28" hai1="3,11,127,60,69,96,16,68,105,94,116,101,18" hai2="88,103,65,108,30,54,80,26,43,117,129,118,90" hai3="24,40,66,39,124,63,50,91,1,36,37,53,67"/><U135/><E116/><V72/><F108/><W102/><G1/><T48/><D2/><U49/><E127/><V64/><F129/><W128/><G102/><T86/><D125/><U87/><E135/><V130/><F130/><W74/><G74/><T10/><D131/><U79/><E49/><V56/><F117/><W34/><G124/><T22/><D100/><U84/><E105/><V111/><F111/><W70/><G128/><T71/><D71/><U122/><E122/><V15/><F103/><W134/><G134/><T52/><D61/><U42/><E42/><V46/><F72/><W123/><G123/><T27/><D121/><U6/><E87/><V20/><F80/><W114/><G114/><T25/><D115/><U41/><E41/><V33/><F118/><W81/><G34/><T77/><D10/><U93/><E79/><V85/><F85/><W58/><G24/><T57/><D31/><U5/><E5/><V0/><F0/><W98/><G98/><T23/><D23/><U89/><E60/><N who="2" m="35863" /><F33/><W9/><G9/><T126/><D126/><U59/><E59/><V99/><F99/><W35/><G35/><T110/><D110/><U7/><E7/><V119/><F119/><W38/><G91/><N who="2" m="34857" /><F30/><W133/><G81/><AGARI ba="0,0" hai="21,22,25,27,28,29,48,52,57,76,77,78,81,86" machi="81" ten="40,5200,0" yaku="9,1,8,1,54,1" doraHai="8" who="0" fromWho="3" sc="121,52,588,0,105,0,186,-52" /><INIT seed="6,0,0,0,0,51" ten="173,588,105,134" oya="2" hai0="18,102,114,9,133,37,24,125,122,3,82,93,126" hai1="64,69,79,29,97,115,36,10,81,123,55,61,54" hai2="76,41,120,11,62,27,57,105,26,121,13,59,132" hai3="60,63,129,23,30,16,84,131,66,85,135,99,103"/><V32/><F105/><W117/><G117/><T73/><D122/><U104/><E123/><V15/><F132/><W21/><G135/><T109/><D109/><U42/><E10/><V87/><F41/><W31/><G66/><T101/><D37/><U34/><E42/><V17/><F15/><W8/><G8/><T68/><D68/><U38/><E115/><V80/><F59/><W96/><G103/><N who="0" m="39435" /><D93/><U12/><E12/><V20/><F32/><W113/><REACH who="3" step="1"/><G16/><REACH who="3" ten="173,588,105,124" step="2"/><T48/><D133/><U39/><E64/><V128/><F128/><W45/><G45/><T110/><D110/><U19/><E19/><V53/><REACH who="2" step="1"/><F27/><REACH who="2" ten="173,588,95,124" step="2"/><W88/><G88/><T74/><D24/><U124/><E34/><V130/><F130/><W47/><G47/><T28/><D114/><AGARI ba="0,2" hai="21,23,30,31,60,63,84,85,96,99,113,114,129,131" machi="114" ten="25,3200,0" yaku="1,1,22,2,53,0" doraHai="51" doraHaiUra="1" who="3" fromWho="0" sc="173,-32,588,0,95,0,124,52" /><INIT seed="7,0,0,4,3,74" ten="141,588,95,176" oya="3" hai0="57,56,14,130,110,35,52,84,126,86,45,68,116" hai1="53,37,10,6,88,11,105,122,33,67,23,34,7" hai2="19,59,132,61,27,78,32,125,49,13,73,114,47" hai3="63,48,65,76,115,3,64,4,97,16,0,113,40"/><W104/><G104/><T127/><D35/><U15/><E37/><V79/><F73/><W9/><G3/><T28/><D68/><U31/><E105/><V102/><F125/><N who="0" m="47626" /><D116/><U109/><E67/><N who="2" m="39359" /><F132/><W134/><G97/><T95/><D110/><U117/><E53/><N who="2" m="29887" /><F114/><N who="3" m="43531" /><G134/><T69/><D69/><U46/><E46/><V30/><F102/><W77/><G16/><T81/><D28/><U20/><E88/><V24/><F32/><W83/><G83/><T89/><D130/><U101/><E101/><V99/><F99/><W90/><G90/><T75/><D75/><U103/><E103/><V70/><F70/><N who="3" m="42271" /><G65/><T87/><D87/><U66/><E66/><V80/><F80/><W42/><G48/><N who="0" m="28687" /><D14/><U92/><E122/><V120/><F120/><W111/><G111/><T82/><D82/><U43/><E109/><V38/><F38/><W98/><G98/><T58/><D58/><U135/><E117/><V91/><F91/><AGARI ba="0,0" hai="56,57,81,84,86,89,91,95" m="28687,47626" machi="91" ten="30,2000,0" yaku="18,1,54,1" doraHai="74" who="0" fromWho="2" sc="141,20,588,0,95,-20,176,0" owari="161,-24.0,588,68.0,75,-42.0,176,-2.0" /></mjloggm>