<mjloggm ver="2.3"><GO type="41"/><UN n0="%68%79%75%2D%69" n1="%71%77%31%32" n2="%EF%BC%88%E2%89%A7%E2%96%BD%E2%89%A6%EF%BC%89" n3="%5A%4F%4F%48" dan="15,14,15,13" rate="2030,1834,2006,1872" sx="M,M,M,M"/><TAIKYOKU oya="0"/><INIT seed="0,0,0,0,0,48" ten="250,250,250,250" oya="0" hai0="56,91,26,80,7,101,35,127,82,125,15,61,41" hai1="43,19,13,51,126,21,130,57,95,103,12,81,10" hai2="105,46,120,131,11,94,63,20,85,107,87,5,114" hai3="110,50,29,69,6,32,14,75,133,71,60,124,74"/><T34/><D41/><U128/><E81/><N who="0" m="31337" /><D91/><U28/><E126/><N who="0" m="48137" /><D101/><U4/><E28/><V115/><F120/><W59/><G110/><T64/><D26/><U66/><E66/><V30/><F131/><N who="1" m="50217" /><E103/><V89/><F85/><W102/><G102/><T86/><D86/><U44/><E95/><V100/><F100/><W122/><G122/><T55/><D64/><U65/><E65/><V36/><F63/><W84/><G84/><T70/><D70/><U40/><E57/><V67/><F67/><W3/><G3/><T22/><D22/><U88/><E88/><V106/><F20/><W27/><G133/><T72/><D72/><U45/><E45/><V108/><F46/><W129/><G129/><T38/><D38/><U54/><AGARI ba="0,0" hai="4,10,12,13,19,21,40,43,44,51,54" m="50217" machi="54" ten="30,2000,0" yaku="19,1,52,1" doraHai="48" who="1" fromWho="1" sc="250,-10,250,20,250,-5,250,-5" /><INIT seed="1,0,0,4,1,42" ten="240,270,245,245" oya="1" hai0="73,39,14,135,86,69,50,48,8,44,37,5,125" hai1="16,95,121,77,7,124,56,97,81,26,61,3,89" hai2="17,57,35,65,18,30,24,115,36,113,31,98,41" hai3="13,53,52,118,130,15,75,67,83,132,32,76,100"/><U70/><E121/><V106/><F31/><W45/><G32/><T88/><D73/><U107/><E70/><V82/><F82/><W43/><G118/><T49/><D69/><U105/><E124/><V29/><F29/><W64/><G100/><T55/><D125/><U134/><E134/><V0/><F0/><W6/><G132/><T104/><D104/><U46/><E3/><V60/><F106/><W87/><G75/><T1/><D135/><U85/><E7/><V62/><F62/><W101/><G101/><T22/><D22/><U92/><E92/><V21/><F98/><W84/><G84/><T102/><D102/><U91/><E91/><V72/><F72/><W99/><G99/><T9/><D39/><U78/><E78/><V127/><F127/><W129/><G15/><T34/><D37/><U11/><E46/><N who="2" m="23847" /><F35/><W51/><G64/><T119/><D34/><U71/><E71/><V12/><F12/><W123/><G67/><T33/><D33/><U122/><E122/><V110/><F110/><W59/><G59/><T126/><D126/><U111/><E111/><V109/><F109/><W28/><G28/><T120/><D119/><U23/><E11/><V96/><F96/><W54/><G123/><T114/><D120/><U68/><E68/><V27/><F27/><W40/><G40/><T93/><D114/><AGARI ba="0,0" hai="17,18,21,24,30,57,60,65,113,114,115" m="23847" machi="114" ten="30,2000,0" yaku="11,1,52,1" doraHai="42" who="2" fromWho="0" sc="240,-20,270,0,245,20,245,0" /><INIT seed="2,0,0,4,5,119" ten="220,270,265,245" oya="2" hai0="27,73,114,123,118,115,111,25,82,85,100,32,7" hai1="86,19,17,61,57,49,110,70,55,4,132,31,120" hai2="9,102,51,122,90,95,126,38,2,8,1,88,28" hai3="112,29,66,30,83,22,46,94,68,99,37,6,44"/><V13/><F38/><W41/><G112/><T15/><D73/><U69/><E4/><V71/><F71/><W108/><G108/><T20/><D123/><U65/><E31/><V131/><F122/><W135/><G135/><T11/><D118/><U121/><E110/><V78/><F131/><W67/><G6/><T89/><D111/><U39/><E132/><V40/><F126/><W21/><G46/><T58/><D100/><U16/><E86/><V87/><F28/><W72/><G29/><T60/><D27/><U12/><E70/><V53/><F40/><W50/><G37/><T0/><D32/><U107/><E107/><V91/><F1/><W124/><G21/><T133/><D0/><U26/><E12/><V134/><F134/><W96/><G96/><T84/><D84/><U98/><E98/><N who="2" m="59743" /><F2/><W47/><G47/><T59/><D59/><U42/><E26/><V113/><F113/><W129/><G129/><T116/><D116/><U34/><E34/><V109/><F109/><W56/><G56/><T3/><D3/><U64/><E65/><V75/><F75/><W80/><G68/><T18/><REACH who="0" step="1"/><D133/><REACH who="0" ten="210,270,265,245" step="2"/><U117/><E117/><V54/><F13/><W63/><G72/><T76/><D76/><U45/><AGARI ba="0,1" hai="16,17,19,39,42,45,49,55,57,61,64,69,120,121" machi="45" ten="30,12000,2" yaku="0,1,24,2,52,2,54,1" doraHai="119" who="1" fromWho="1" sc="210,-30,270,130,265,-60,245,-30" /><INIT seed="3,0,0,4,0,44" ten="180,400,205,215" oya="3" hai0="123,76,11,25,48,102,26,39,9,77,13,29,127" hai1="18,119,103,49,112,31,8,87,113,63,60,22,96" hai2="133,118,45,79,54,99,15,0,70,115,68,30,110" hai3="111,129,134,89,128,38,33,126,3,1,132,14,74"/><W24/><G89/><T100/><D39/><U81/><E119/><V71/><F0/><W10/><G38/><T28/><D13/><U67/><E113/><V83/><F118/><W80/><G74/><T50/><REACH who="0" step="1"/><D127/><REACH who="0" ten="170,400,205,215" step="2"/><U88/><E112/><V78/><F115/><W58/><G126/><T57/><D57/><U27/><E67/><V61/><F15/><W17/><G58/><T90/><D90/><U107/><E63/><V124/><F61/><W32/><G111/><T43/><D43/><U20/><E60/><V85/><F110/><W42/><G42/><T5/><D5/><U131/><E131/><N who="3" m="50250" /><G80/><T65/><D65/><U64/><E64/><V116/><F83/><W55/><G55/><T104/><D104/><U46/><E107/><V109/><F124/><W98/><G98/><T125/><D125/><U47/><E103/><V59/><F99/><W56/><G56/><T6/><D6/><U94/><E96/><V34/><F59/><W19/><G24/><T117/><D117/><U130/><E130/><V41/><F116/><W75/><G75/><T21/><D21/><U120/><E22/><V53/><F41/><W73/><G73/><T62/><D62/><U101/><E101/><V92/><F109/><W23/><G1/><T84/><D84/><U122/><E81/><V37/><F85/><W105/><G105/><T51/><D51/><U72/><E72/><V135/><F37/><W106/><G106/><T40/><D40/><N who="1" m="24775" /><E47/><V66/><F45/><W69/><G3/><T12/><D12/><U82/><E82/><V97/><F66/><W93/><G69/><RYUUKYOKU ba="0,1" sc="170,15,400,15,205,-15,215,-15" hai0="9,11,25,26,28,29,48,50,76,77,100,102,123" hai1="8,18,20,27,31,87,88,94,120,122" /><INIT seed="4,1,1,4,4,73" ten="185,415,190,200" oya="0" hai0="1,77,22,90,126,86,76,74,10,101,110,116,84" hai1="17,62,18,25,121,52,12,19,60,64,80,89,123" hai2="44,61,37,65,114,45,98,115,26,133,67,41,3" hai3="120,127,66,97,31,7,56,87,32,58,53,68,9"/><T70/><D70/><U82/><E123/><V29/><F3/><W91/><G120/><T34/><D34/><U95/><E121/><V130/><F133/><W5/><G127/><T40/><D74/><U88/><E25/><V93/><F130/><W21/><G32/><T59/><D116/><U6/><E64/><V100/><F45/><W42/><G42/><T69/><D69/><U8/><E62/><V72/><F72/><W24/><G68/><T118/><D118/><U104/><E104/><V35/><REACH who="2" step="1"/><F67/><REACH who="2" ten="185,415,180,200" step="2"/><W46/><G46/><T94/><D126/><U92/><E82/><V36/><F36/><W108/><G66/><T112/><D112/><U119/><E80/><V134/><F134/><W83/><G108/><T131/><D110/><U2/><E119/><V103/><F103/><W109/><G109/><T79/><D131/><U122/><E122/><V99/><F99/><W81/><G81/><N who="0" m="47143" /><D1/><U128/><E128/><V47/><F47/><W135/><G135/><T57/><D40/><U96/><E2/><V0/><F0/><W124/><G58/><AGARI ba="1,2" hai="26,29,35,37,41,44,58,61,65,93,98,100,114,115" machi="58" ten="40,1300,0" yaku="1,1,53,0" doraHai="73" doraHaiUra="16" who="2" fromWho="3" sc="185,0,415,0,180,36,200,-16" /><INIT seed="5,0,0,1,4,22" ten="185,415,216,184" oya="1" hai0="82,115,60,101,134,31,109,53,129,80,1,83,70" hai1="6,23,12,27,61,15,43,56,4,36,97,9,26" hai2="79,103,35,62,59,69,93,44,65,10,45,133,92" hai3="105,78,128,14,33,50,2,122,41,81,126,71,104"/><U18/><E36/><V124/><F124/><W120/><G14/><T107/><D1/><U42/><E4/><V86/><F133/><W57/><G57/><T24/><D134/><U13/><E97/><N who="2" m="59815" /><F35/><W85/><G85/><T39/><D39/><U7/><E43/><V116/><F69/><W54/><G54/><T94/><D94/><U119/><E42/><V49/><F116/><W55/><G55/><T19/><D19/><U75/><E119/><V100/><F49/><W58/><G58/><T121/><D121/><U28/><E75/><V114/><F114/><W108/><G50/><T38/><D38/><U111/><E111/><V102/><F10/><W17/><G17/><T135/><D115/><U84/><E84/><V76/><F76/><W21/><G21/><T48/><D135/><U99/><E99/><N who="2" m="59503" /><F102/><W37/><G78/><T77/><D77/><U30/><E56/><V87/><F87/><W47/><G81/><AGARI ba="0,0" hai="44,45,59,62,65,79,81,86" m="59503,59815" machi="81" ten="30,1000,0" yaku="8,1" doraHai="22" who="2" fromWho="3" sc="185,0,415,0,216,10,184,-10" /><INIT seed="6,0,0,3,5,34" ten="185,415,226,174" oya="2" hai0="11,59,1,93,107,27,98,79,69,19,0,99,28" hai1="42,55,117,39,130,41,133,49,40,81,72,111,58" hai2="33,20,38,113,6,54,31,21,57,134,10,102,37" hai3="3,29,96,23,135,18,91,114,78,73,56,106,12"/><V97/><F134/><W125/><G135/><T132/><D69/><U82/><E133/><V45/><F33/><W89/><G114/><T51/><D132/><U17/><E111/><V123/><F123/><W46/><G125/><T116/><D79/><U129/><E117/><V32/><F32/><W127/><G127/><T52/><D116/><U30/><E30/><V4/><F113/><W9/><G46/><T64/><D64/><U88/><E72/><V74/><F74/><W92/><G106/><T110/><D110/><U66/><E66/><V120/><F120/><W100/><G56/><T122/><D122/><U124/><E124/><V43/><F37/><W121/><G121/><T13/><D107/><U84/><E81/><V86/><F86/><W83/><REACH who="3" step="1"/><G29/><REACH who="3" ten="185,415,226,164" step="2"/><T119/><D119/><U36/><E17/><V68/><F31/><W8/><G8/><T71/><D71/><U101/><E39/><V26/><F68/><W128/><G128/><N who="1" m="49258" /><E36/><V53/><F10/><W22/><G22/><T104/><D104/><U105/><E105/><V77/><F21/><W85/><G85/><T76/><D99/><U115/><E115/><V35/><F20/><W61/><G61/><T90/><D76/><U62/><E62/><V5/><F77/><W109/><G109/><T75/><D75/><U87/><E87/><V24/><F57/><W67/><G67/><T65/><D65/><U118/><E118/><V112/><F112/><W50/><G50/><T44/><D44/><U108/><E108/><V47/><F45/><W103/><G103/><AGARI ba="0,1" hai="40,41,42,49,55,58,82,84,88,101,103" m="49258" machi="103" ten="30,2000,0" yaku="19,1,54,1" doraHai="34" who="1" fromWho="3" sc="185,0,415,30,226,0,164,-20" /><INIT seed="7,0,0,0,4,123" ten="185,445,226,144" oya="3" hai0="130,73,45,115,42,65,36,4,81,17,41,0,21" hai1="70,90,92,67,28,78,26,112,105,64,108,119,128" hai2="133,35,40,72,24,135,124,52,132,83,60,125,77" hai3="59,61,98,39,53,44,56,12,88,110,6,19,99"/><W95/><G110/><T96/><D130/><U86/><E112/><V109/><F109/><W58/><G6/><T82/><D115/><U103/><E108/><V126/><F40/><W38/><G44/><T57/><D42/><U107/><E128/><V1/><F1/><W116/><G116/><T94/><D57/><U46/><E46/><V18/><F18/><W113/><G113/><T32/><D65/><U127/><E127/><V13/><F13/><W129/><G129/><T91/><D32/><N who="1" m="20503" /><E119/><V117/><F117/><W5/><G5/><T84/><D73/><U131/><E131/><V104/><F104/><W121/><G121/><T100/><D4/><U75/><E107/><V37/><F37/><W85/><G39/><T55/><D55/><U9/><E9/><V66/><F52/><N who="3" m="34023" /><G38/><T30/><D30/><U106/><E106/><V62/><F66/><W7/><G7/><T8/><D8/><U25/><E25/><V47/><F47/><W10/><G58/><T93/><D0/><U89/><E90/><V20/><F20/><W51/><AGARI ba="0,0" hai="10,12,19,51,53,56,85,88,95,98,99" m="34023" machi="51" ten="30,6000,0" yaku="8,1,54,2" doraHai="123" who="3" fromWho="3" sc="185,-20,445,-20,226,-20,144,60" /><INIT seed="7,1,0,5,3,22" ten="165,425,206,204" oya="3" hai0="26,18,62,69,121,86,45,112,37,77,36,127,124" hai1="71,33,81,94,3,104,63,107,32,57,114,59,76" hai2="87,34,27,111,117,65,129,25,90,56,64,20,79" hai3="11,58,125,93,106,48,115,92,30,133,47,54,55"/><W118/><G118/><T13/><D121/><U61/><E114/><V70/><F117/><W38/><G106/><T5/><D112/><U8/><E94/><N who="2" m="54623" /><F70/><W44/><G133/><T120/><D120/><U119/><E119/><V84/><F34/><W14/><G125/><N who="0" m="48203" /><D45/><U73/><E59/><V16/><F111/><W15/><G115/><T46/><D46/><N who="3" m="17449" /><G38/><N who="0" m="14955" /><D86/><U68/><E61/><N who="2" m="37927" /><F65/><W29/><G55/><T83/><D83/><U40/><E40/><V96/><F96/><W98/><G98/><T50/><D50/><U89/><E107/><V67/><F84/><W43/><G43/><T128/><D128/><U52/><E104/><V6/><F129/><W80/><G80/><T108/><D108/><U60/><E71/><V39/><F39/><W24/><G24/><T23/><D77/><U135/><E68/><V109/><F109/><W82/><G82/><T85/><D85/><U126/><E63/><V4/><F79/><W10/><G11/><N who="0" m="4335" /><D62/><U28/><E126/><V2/><F2/><W9/><G9/><T91/><D69/><U110/><E110/><V131/><F131/><W75/><G75/><T1/><D1/><U53/><E76/><V21/><F67/><W41/><G41/><T78/><D78/><U134/><E73/><V113/><F113/><W42/><G42/><T72/><D72/><U17/><E81/><V7/><F4/><N who="3" m="3399" /><G15/><T132/><D132/><U0/><E135/><V122/><F122/><W130/><G130/><T102/><D102/><U95/><E134/><V99/><F99/><W116/><G116/><T101/><D101/><U49/><E3/><RYUUKYOKU ba="1,0" sc="165,10,425,-30,206,10,204,10" hai0="18,23,26,91" hai2="6,7,16,20,21,25,27" hai3="29,30,48,54,58,92,93" /><INIT seed="7,2,0,4,3,133" ten="175,395,216,214" oya="3" hai0="34,119,18,94,127,131,134,75,132,109,91,104,3" hai1="37,30,111,6,105,116,17,8,86,64,42,95,70" hai2="90,73,102,118,61,66,68,129,100,113,52,19,10" hai3="25,31,16,62,65,92,67,126,24,125,32,54,135"/><W13/><G135/><N who="0" m="51755" /><D3/><U89/><E111/><V130/><F118/><W43/><G43/><T51/><D109/><U121/><E121/><V80/><F113/><W96/><G24/><T11/><D119/><U114/><E114/><V98/><F52/><W2/><G2/><T123/><D123/><U58/><E116/><V48/><F48/><W36/><G36/><T39/><D39/><U41/><E105/><V128/><F98/><W12/><G12/><N who="0" m="7455" /><D34/><U106/><E106/><V49/><F49/><W5/><G5/><T29/><D29/><U87/><E70/><V0/><F0/><W77/><G77/><T14/><D104/><U79/><E30/><V50/><F50/><W46/><G46/><T74/><D131/><U47/><E41/><V22/><F130/><W38/><G38/><T27/><D27/><U103/><E17/><V20/><F129/><W55/><G67/><T88/><D91/><U44/><E103/><V120/><F120/><W83/><G83/><T53/><D14/><N who="1" m="5399" /><E42/><V82/><F128/><W28/><G28/><T15/><D15/><U99/><E37/><V101/><F90/><N who="3" m="55319" /><G62/><T72/><D53/><N who="3" m="19977" /><G65/><T7/><D51/><U4/><E4/><V81/><F66/><W26/><G26/><T107/><D7/><U35/><E35/><V33/><F33/><W59/><G59/><T112/><D107/><U21/><E79/><N who="2" m="44143" /><F68/><W97/><G97/><N who="0" m="57543" /><D112/><U110/><E110/><V115/><F115/><W71/><G71/><T122/><D122/><U108/><E108/><V45/><F61/><W93/><G93/><T60/><D60/><N who="1" m="37911" /><E21/><V84/><F22/><RYUUKYOKU ba="2,0" sc="175,10,395,10,216,-30,214,10" hai0="72,74,75,127" hai1="44,47,86,87,89,95,99" hai3="13,16,25,31,32,125,126" /><INIT seed="7,3,0,5,3,35" ten="185,405,186,224" oya="3" hai0="3,114,132,115,107,76,62,42,48,29,83,38,56" hai1="96,51,64,11,45,34,104,122,65,124,89,24,0" hai2="47,63,18,121,84,6,36,9,20,135,82,101,33" hai3="93,77,2,127,58,54,5,103,75,119,112,108,50"/><W41/><G119/><T106/><D132/><U16/><E122/><V68/><F33/><W125/><G108/><T52/><D38/><U99/><E124/><N who="3" m="47690" /><G112/><N who="0" m="43051" /><D3/><U53/><E104/><N who="0" m="39977" /><D29/><U13/><E0/><V105/><F135/><W71/><G71/><T27/><D27/><U26/><E34/><V43/><F121/><W120/><G120/><T21/><D21/><U81/><E65/><V130/><F130/><W90/><G103/><T109/><D109/><U69/><E69/><V14/><F68/><W23/><G23/><T73/><D42/><U4/><E64/><V91/><F63/><AGARI ba="3,0" hai="48,52,56,62,63,73,76,83" m="39977,43051" machi="63" ten="30,3900,0" yaku="15,1,11,1,54,1" doraHai="35" who="0" fromWho="2" sc="185,48,405,0,186,-48,224,0" owari="233,3.0,405,51.0,138,-36.0,224,-18.0" /></mjloggm>