<mjloggm ver="2.3"><GO type="41"/><UN n0="%E3%83%95%E3%83%AC%E3%83%B3%E3%83%81%E3%83%96%E3%83%AB" n1="%EF%BC%88%E2%89%A7%E2%96%BD%E2%89%A6%EF%BC%89" n2="%41%43%52%45" n3="%E5%AE%B6%E5%BA%AD%E6%95%99%E5%B8%AB" dan="14,15,14,14" rate="1931,2058,1905,1899" sx="M,M,M,M"/><TAIKYOKU oya="0"/><INIT seed="0,0,0,5,3,106" ten="250,250,250,250" oya="0" hai0="43,34,35,45,81,77,115,124,2,79,70,101,67" hai1="44,75,88,1,98,60,16,127,48,126,17,19,64" hai2="86,133,7,12,108,47,76,112,25,33,0,78,55" hai3="54,20,118,94,4,89,122,15,65,105,82,96,32"/><T97/><D2/><U38/><E1/><V52/><F112/><W109/><G65/><T111/><D77/><U131/><E38/><V87/><F0/><W123/><G32/><T134/><D115/><U46/><E131/><V5/><F108/><W36/><G36/><N who="0" m="21735" /><D134/><U42/><E46/><V26/><F133/><W104/><G118/><T92/><D124/><N who="1" m="47659" /><E75/><V51/><F33/><W49/><G109/><T91/><D111/><U107/><E107/><V6/><F12/><W110/><G110/><T121/><D121/><U39/><E39/><V28/><F28/><W53/><G53/><T62/><D91/><U99/><E88/><V103/><F103/><W9/><G20/><T3/><D92/><U18/><N who="1" m="4096" /><DORA hai="59" /><U102/><E102/><V8/><F8/><W80/><G105/><N who="0" m="63663" /><D3/><U117/><E117/><V66/><F66/><W71/><G104/><T132/><D132/><U119/><E119/><V57/><F76/><W128/><G123/><T90/><D90/><U129/><E129/><V73/><F78/><W41/><G128/><T30/><D30/><U95/><E95/><V37/><F37/><W63/><G122/><T27/><D27/><N who="2" m="10250" /><F73/><AGARI ba="0,0" hai="34,35,62,67,70,73,79,81" m="63663,21735" machi="73" ten="30,11600,0" yaku="33,2,52,2" doraHai="106,59" who="0" fromWho="2" sc="250,116,250,0,250,-116,250,0" /><INIT seed="0,1,0,2,4,71" ten="366,250,134,250" oya="0" hai0="64,31,11,98,82,93,19,86,131,38,81,3,96" hai1="16,78,109,44,55,99,60,134,119,128,83,125,39" hai2="79,20,25,10,97,112,118,22,62,42,106,85,34" hai3="57,129,21,122,15,95,48,101,113,56,41,103,123"/><T133/><D131/><U94/><E119/><V40/><F118/><W33/><G33/><T111/><D31/><U66/><E128/><V100/><F112/><W77/><G129/><T116/><D133/><U108/><E134/><V51/><F62/><W29/><G77/><T110/><D116/><U9/><E125/><V37/><F10/><W0/><G0/><T58/><D38/><U6/><E55/><V53/><F34/><W107/><G107/><T26/><D26/><U127/><E127/><V120/><F120/><W80/><G80/><N who="0" m="30827" /><D58/><U68/><E16/><V92/><F106/><W61/><G57/><T1/><D64/><U47/><E94/><V102/><F102/><W114/><G113/><T105/><D105/><U74/><E99/><N who="0" m="37929" /><D19/><U130/><E130/><V117/><F117/><W84/><G114/><T46/><D46/><U87/><E87/><V135/><F135/><W18/><G84/><T126/><D126/><U43/><REACH who="1" step="1"/><E44/><REACH who="1" step="2"/><V5/><F53/><W8/><G122/><T65/><D65/><U32/><E32/><V54/><F85/><W23/><G18/><T124/><D124/><U67/><E67/><V49/><F92/><W73/><G95/><T45/><D45/><U76/><E76/><V4/><F79/><W70/><G123/><T2/><D93/><U59/><E59/><V75/><F75/><W35/><G73/><T27/><D86/><U24/><E24/><V90/><F25/><W69/><G56/><T52/><D27/><U13/><AGARI ba="1,1" hai="6,9,13,39,43,47,60,66,68,74,78,83,108,109" machi="13" ten="30,4000,0" yaku="1,1,0,1,52,1,53,0" doraHai="71" doraHaiUra="28" who="1" fromWho="1" sc="366,-21,240,53,134,-11,250,-11" /><INIT seed="1,0,0,3,2,66" ten="345,293,123,239" oya="1" hai0="47,82,133,110,42,30,90,75,106,65,80,129,29" hai1="50,14,20,96,76,35,120,130,26,99,97,85,127" hai2="94,63,81,113,36,92,122,105,91,49,60,28,31" hai3="23,59,118,112,107,9,8,126,102,61,33,54,48"/><U128/><E120/><V57/><F36/><W1/><G33/><T19/><D106/><U58/><E127/><V87/><F105/><W6/><G107/><T12/><D65/><U74/><E74/><V108/><F122/><W100/><G118/><T56/><D129/><N who="1" m="49771" /><E35/><V0/><F0/><W83/><G112/><T13/><D110/><U17/><E26/><V51/><F113/><W98/><G9/><T39/><D133/><U86/><E76/><V2/><F2/><W124/><G83/><T3/><D3/><U88/><E88/><V11/><F11/><W45/><G98/><T131/><D131/><U109/><E109/><V5/><F5/><W116/><G23/><T123/><D123/><U16/><E17/><V68/><F68/><W70/><G70/><T25/><D56/><U27/><E27/><V53/><F108/><W77/><G77/><T115/><D115/><U125/><E125/><N who="3" m="48234" /><G116/><T4/><D4/><U43/><E58/><V10/><F10/><W95/><G95/><N who="2" m="36393" /><F60/><W32/><G32/><T119/><D119/><U62/><E62/><V135/><F135/><W44/><G44/><AGARI ba="0,0" hai="14,16,20,43,44,50,85,86,96,97,99" m="49771" machi="44" ten="30,2900,0" yaku="19,1,54,1" doraHai="66" who="1" fromWho="3" sc="345,0,293,29,123,0,239,-29" /><INIT seed="1,1,0,1,2,132" ten="345,322,123,210" oya="1" hai0="113,131,105,104,39,17,93,69,52,56,11,10,109" hai1="127,87,133,27,100,3,77,97,38,5,112,92,88" hai2="89,36,115,111,54,59,96,1,73,44,51,128,135" hai3="13,28,21,70,129,91,25,98,85,19,124,26,121"/><U0/><E38/><V66/><F135/><W41/><G70/><T76/><D39/><U81/><E133/><V83/><F1/><W80/><G121/><T34/><D69/><U35/><E112/><V101/><F115/><W47/><G129/><T65/><D34/><U74/><E127/><V125/><F128/><W48/><G124/><T9/><D65/><U110/><E110/><V63/><F125/><W119/><G119/><T22/><D109/><U75/><E5/><V95/><F111/><W30/><G98/><T64/><D76/><U43/><E43/><N who="2" m="24991" /><F36/><W58/><G58/><T116/><D64/><U55/><E55/><V114/><F73/><W12/><REACH who="3" step="1"/><G19/><REACH who="3" step="2"/><T2/><D116/><U130/><E130/><V61/><F114/><W78/><G78/><T16/><D131/><U123/><E123/><V72/><F54/><W71/><G71/><T86/><D17/><U99/><E99/><V79/><F96/><W8/><G8/><T31/><D113/><U103/><E103/><V106/><F59/><W107/><G107/><T24/><D105/><N who="1" m="63631" /><E74/><V4/><F106/><W32/><AGARI ba="1,1" hai="12,13,21,25,26,28,30,32,41,47,48,80,85,91" machi="32" ten="20,2700,0" yaku="1,1,0,1,7,1,53,0" doraHai="132" doraHaiUra="126" who="3" fromWho="3" sc="345,-8,322,-14,123,-8,200,40" /><INIT seed="2,0,0,4,2,51" ten="337,308,115,240" oya="2" hai0="40,54,103,61,117,42,99,1,19,4,58,109,91" hai1="43,108,126,73,69,2,101,7,106,39,16,34,104" hai2="134,89,74,123,82,86,52,113,81,5,45,100,65" hai3="25,118,77,129,11,132,60,97,92,115,72,17,107"/><V112/><F123/><W70/><G118/><T29/><D109/><U66/><E16/><V46/><F134/><W28/><G77/><T127/><D117/><U87/><E87/><V124/><F124/><W105/><G72/><T22/><D29/><U88/><E88/><V33/><F33/><W114/><G132/><T79/><D79/><U30/><E126/><V96/><F65/><W18/><G129/><T110/><D110/><U57/><E57/><V15/><F46/><W26/><G11/><T98/><D127/><U20/><E20/><V14/><F74/><W0/><G0/><T24/><D99/><U59/><E59/><V68/><F68/><W83/><G83/><T135/><D135/><U48/><E48/><N who="2" m="28687" /><F113/><N who="3" m="43019" /><G70/><T116/><D116/><U8/><E73/><V67/><F112/><W13/><G60/><T10/><D103/><U50/><E50/><V3/><F3/><W36/><G36/><T102/><D102/><U133/><E101/><V53/><F67/><W56/><G56/><T41/><D41/><U75/><E75/><V85/><F5/><W119/><G119/><T38/><D38/><U21/><E108/><V37/><F37/><W78/><G78/><T95/><AGARI ba="0,0" hai="1,4,10,19,22,24,40,42,54,58,61,91,95,98" machi="95" ten="30,7900,0" yaku="0,1,25,2,52,1" doraHai="51" who="0" fromWho="0" sc="337,79,308,-20,115,-39,240,-20" /><INIT seed="3,0,0,5,2,73" ten="416,288,76,220" oya="3" hai0="96,116,107,92,115,68,106,12,42,87,24,114,0" hai1="78,43,70,97,17,67,72,39,69,46,101,123,49" hai2="80,102,128,10,51,105,85,37,93,135,44,57,60" hai3="100,65,6,63,58,59,62,103,84,71,7,83,91"/><W45/><G71/><T64/><D0/><U82/><E123/><V30/><F37/><W33/><G33/><T22/><D42/><U50/><E17/><V99/><F128/><W31/><G31/><T28/><D12/><U113/><E113/><N who="0" m="43017" /><D116/><U3/><E3/><V133/><F30/><W81/><G45/><T124/><D124/><U34/><E34/><V122/><F122/><W89/><REACH who="3" step="1"/><G84/><REACH who="3" step="2"/><T125/><D87/><U118/><E118/><V120/><F120/><W20/><G20/><T117/><D117/><U41/><E70/><V54/><F10/><W29/><G29/><T23/><D23/><U36/><E69/><V40/><REACH who="2" step="1"/><F105/><REACH who="2" step="2"/><W74/><G74/><T1/><D125/><U94/><E72/><V121/><F121/><W108/><G108/><T129/><D129/><U21/><E36/><V75/><F75/><W19/><G19/><T127/><D127/><U131/><E39/><V79/><AGARI ba="0,2" hai="40,44,51,54,57,60,79,80,85,93,99,102,133,135" machi="79" ten="30,4000,0" yaku="1,1,0,1,52,1,53,0" doraHai="73" doraHaiUra="27" who="2" fromWho="2" sc="416,-10,288,-10,66,60,210,-20" /><INIT seed="4,0,0,2,3,95" ten="406,278,126,190" oya="0" hai0="84,93,113,116,120,128,130,75,49,33,64,92,129" hai1="15,16,69,135,18,40,24,100,45,124,121,8,23" hai2="21,39,46,78,103,91,109,126,38,43,83,73,14" hai3="74,60,22,112,96,20,107,50,76,30,98,115,9"/><T52/><D75/><U66/><E121/><V77/><F109/><W58/><G107/><T25/><D64/><U0/><E135/><V87/><F126/><W80/><G50/><T79/><D113/><N who="3" m="43593" /><G9/><T70/><D70/><U99/><E124/><V12/><F38/><W29/><G22/><T65/><D65/><U89/><E0/><V31/><F78/><W82/><G82/><N who="0" m="47199" /><D116/><U59/><E69/><V110/><F110/><W44/><G44/><N who="0" m="27687" /><D120/><U17/><E66/><V71/><F71/><W67/><G20/><T32/><D25/><U97/><E59/><V90/><F103/><W35/><G35/><AGARI ba="0,0" hai="32,33,35,92,93,128,129,130" m="27687,47199" machi="35" ten="40,3900,0" yaku="19,1,54,1" doraHai="95" who="0" fromWho="3" sc="406,39,278,0,126,0,190,-39" /><INIT seed="4,1,0,2,5,23" ten="445,278,126,151" oya="0" hai0="31,117,47,94,39,119,64,55,3,51,123,67,44" hai1="80,89,72,32,7,18,74,6,0,50,127,62,13" hai2="76,56,78,131,90,53,108,9,41,22,33,106,69" hai3="19,49,93,1,79,16,107,61,121,34,70,120,52"/><T12/><D3/><U58/><E32/><V25/><F69/><W21/><G1/><T29/><D123/><N who="3" m="47177" /><G107/><T82/><D82/><U113/><E127/><V118/><F106/><W109/><G34/><T30/><D39/><U100/><E100/><V95/><F118/><W130/><G79/><T43/><D117/><U73/><E0/><V38/><F108/><W112/><G109/><T57/><D94/><U115/><E50/><V71/><F71/><W66/><G130/><T111/><D111/><U40/><E40/><V92/><F131/><W8/><G8/><T37/><D119/><U2/><E89/><V134/><F134/><W77/><G77/><T101/><D101/><U63/><E80/><V128/><F33/><W84/><G112/><N who="1" m="43082" /><E2/><V4/><F128/><W42/><G42/><T102/><D102/><U20/><E63/><V14/><F41/><W24/><G84/><T129/><D129/><U27/><E13/><V59/><F38/><W135/><G93/><N who="2" m="35913" /><F90/><W98/><G98/><T88/><D88/><U126/><E126/><V17/><F56/><N who="3" m="32783" /><G135/><T28/><D12/><U97/><E97/><V133/><F133/><W60/><G60/><AGARI ba="1,0" hai="4,9,14,17,22,25,53,59,60,76,78" m="35913" machi="60" ten="30,2000,0" yaku="8,1,52,1" doraHai="23" who="2" fromWho="3" sc="445,0,278,0,126,23,151,-23" /><INIT seed="5,0,0,0,1,15" ten="445,278,149,128" oya="1" hai0="97,25,2,120,115,99,40,43,95,34,16,68,87" hai1="22,70,52,134,121,135,83,71,85,67,84,127,100" hai2="116,108,122,109,132,123,56,75,8,31,0,18,9" hai3="86,33,74,98,128,96,104,23,21,65,45,76,111"/><U62/><E121/><N who="2" m="46091" /><F75/><W48/><G33/><T82/><D34/><U89/><E127/><V92/><F116/><W102/><G111/><N who="2" m="42569" /><F92/><W29/><G65/><T46/><D2/><U19/><E100/><V59/><F132/><N who="1" m="50729" /><E85/><V26/><F56/><W63/><G63/><T7/><D68/><N who="1" m="42103" /><E52/><V112/><F59/><W118/><G118/><T60/><D7/><U36/><E36/><V80/><F80/><W42/><G98/><T12/><D60/><U27/><AGARI ba="0,0" hai="19,22,27,70,71,83,84,89" m="42103,50729" machi="27" ten="30,3000,0" yaku="20,1,52,1" doraHai="15" who="1" fromWho="1" sc="445,-10,278,30,149,-10,128,-10" /><INIT seed="5,1,0,4,3,42" ten="435,308,139,118" oya="1" hai0="119,59,2,130,88,14,44,75,124,48,47,33,127" hai1="56,115,71,114,60,96,23,52,116,26,45,73,133" hai2="93,9,129,51,111,113,38,29,32,76,120,58,41" hai3="102,4,128,107,11,8,61,39,126,100,78,112,97"/><U19/><E116/><V0/><F120/><W1/><G78/><T46/><D33/><U118/><E118/><V80/><F38/><W16/><G39/><T63/><D2/><U110/><E73/><V6/><F111/><W122/><G122/><T49/><D75/><U90/><E110/><V125/><F125/><N who="0" m="48202" /><D119/><U87/><E133/><V18/><F129/><W84/><G128/><T103/><D103/><U77/><E71/><V35/><F113/><N who="1" m="43017" /><E77/><V21/><F93/><W67/><G102/><T3/><D3/><U53/><E96/><V99/><F99/><W10/><G112/><T104/><D104/><U70/><E70/><V98/><F98/><W79/><G126/><T105/><D105/><U50/><E87/><V37/><F37/><W5/><G84/><T101/><D101/><U36/><E36/><V81/><F81/><W30/><G30/><T12/><D88/><AGARI ba="1,0" hai="19,23,26,45,50,52,53,56,60,88,90" m="43017" machi="88" ten="30,11600,0" yaku="15,1,52,1,54,2" doraHai="42" who="1" fromWho="0" sc="435,-119,308,119,139,0,118,0" /><INIT seed="5,2,0,2,4,28" ten="316,427,139,118" oya="1" hai0="10,47,54,55,94,43,72,96,118,8,123,23,36" hai1="117,78,130,58,49,61,70,16,1,108,69,112,7" hai2="27,19,84,15,122,125,131,86,74,44,18,41,71" hai3="9,107,95,115,81,35,29,0,98,37,13,75,24"/><U14/><E117/><V38/><F71/><W128/><G115/><T109/><D72/><U17/><E78/><V65/><F65/><W66/><G128/><T73/><D73/><U93/><E130/><V77/><F131/><W56/><G37/><T11/><D109/><U132/><E108/><V124/><F122/><W6/><G107/><T119/><D123/><U5/><E112/><V85/><F27/><W67/><G81/><T121/><D121/><U51/><E132/><V111/><F111/><W133/><G75/><T82/><D82/><U62/><E1/><V68/><F68/><W126/><G133/><T76/><D76/><U114/><E114/><V102/><F102/><W129/><G126/><N who="2" m="48745" /><F15/><W42/><G42/><T89/><REACH who="0" step="1"/><D23/><REACH who="0" step="2"/><U22/><E22/><V120/><F120/><W83/><G129/><T106/><D106/><U59/><E93/><V103/><F74/><W46/><G83/><T104/><D104/><U79/><E79/><V21/><F77/><W91/><G46/><T134/><D134/><U45/><E45/><V3/><F21/><W116/><G116/><AGARI ba="2,1" hai="8,10,11,36,43,47,54,55,89,94,96,116,118,119" machi="116" ten="40,2600,0" yaku="1,1,53,1" doraHai="28" doraHaiUra="92" who="0" fromWho="3" sc="306,42,427,0,139,0,118,-32" /><INIT seed="6,0,0,1,3,30" ten="348,427,139,86" oya="2" hai0="89,132,120,134,95,135,42,50,124,19,93,8,64" hai1="45,28,63,40,56,51,58,14,48,99,44,35,59" hai2="61,116,26,17,114,24,43,41,47,80,90,98,67" hai3="18,49,122,131,100,12,76,13,82,57,110,106,104"/><V74/><F116/><W46/><G122/><T91/><D64/><N who="1" m="39015" /><E35/><V84/><F74/><W32/><G32/><T81/><D124/><U68/><E68/><V0/><F0/><W4/><G110/><T62/><D62/><U126/><E126/><V52/><F114/><W87/><G100/><T16/><D120/><U37/><E37/><V11/><F98/><W69/><G69/><T130/><D130/><U105/><E105/><V107/><F107/><W1/><G1/><T39/><D39/><U55/><E28/><V54/><F67/><W121/><G57/><T118/><D8/><U6/><E99/><V119/><F119/><W31/><G31/><T25/><D81/><U86/><E86/><V85/><F85/><W33/><G33/><T9/><D9/><AGARI ba="0,0" hai="6,9,14,40,44,45,48,51,55,58,59" m="39015" machi="9" ten="30,1000,0" yaku="8,1" doraHai="30" who="1" fromWho="0" sc="348,-10,427,10,139,0,86,0" /><INIT seed="7,0,0,4,5,71" ten="338,437,139,86" oya="3" hai0="24,53,87,57,119,15,39,76,111,73,64,85,128" hai1="36,1,16,47,37,65,78,34,77,20,10,129,48" hai2="25,114,31,122,21,80,33,63,79,52,120,109,26" hai3="50,110,108,30,61,84,14,102,89,46,99,11,8"/><W59/><G30/><T41/><D111/><U3/><E34/><V96/><F109/><W116/><G110/><T117/><D128/><U19/><E129/><V124/><F114/><W118/><G108/><T38/><D41/><U0/><E65/><V121/><F124/><W62/><G8/><T74/><D15/><U9/><E20/><N who="2" m="15783" /><F96/><W27/><G27/><T58/><D24/><U55/><E9/><V72/><F33/><W97/><G62/><T43/><D43/><U112/><E55/><V42/><F42/><N who="3" m="24919" /><G102/><T45/><D53/><U35/><E19/><N who="2" m="12607" /><F52/><N who="3" m="34023" /><G118/><N who="0" m="45067" /><D45/><U22/><E47/><V132/><F63/><W135/><G135/><AGARI ba="0,0" hai="72,79,80,120,121,122,132,135" m="12607,15783" machi="135" ten="40,1300,0" yaku="13,1" doraHai="71" who="2" fromWho="3" sc="338,0,437,0,139,13,86,-13" owari="338,14.0,437,54.0,152,-25.0,73,-43.0" /></mjloggm>