<mjloggm ver="2.3"><GO type="41"/><UN n0="%E3%83%8B%E3%83%8E%E3%83%B3" n1="%E3%81%82%E3%81%B0%E3%82%93%E3%81%A6%E3%81%83" n2="%E3%82%A6%E3%83%AB%E3%83%88%E3%83%A9%E7%AB%8B%E7%9B%B4" n3="%E8%AD%A6%E9%83%A8" dan="13,14,15,13" rate="1908,1936,2022,1993" sx="M,M,M,M"/><TAIKYOKU oya="0"/><INIT seed="0,0,0,3,2,88" ten="250,250,250,250" oya="0" hai0="6,87,132,24,94,21,37,58,50,46,13,9,14" hai1="93,52,111,116,81,119,102,110,55,66,80,39,2" hai2="42,17,8,99,91,22,29,89,103,63,12,11,48" hai3="45,131,49,68,0,61,28,101,73,133,79,124,83"/><T106/><D106/><U35/><E39/><V78/><F78/><W95/><G0/><T62/><D132/><U65/><E2/><V75/><F75/><W127/><G133/><T4/><D37/><U18/><E35/><V57/><F29/><W104/><G28/><T56/><D62/><U76/><E18/><V26/><F12/><W64/><G104/><T121/><D121/><U135/><E135/><V43/><F11/><W36/><G36/><T31/><D14/><U53/><E76/><V25/><F8/><W126/><G131/><T16/><D31/><U38/><E38/><V125/><F26/><W7/><G7/><T115/><D115/><U105/><E105/><V84/><F103/><W20/><G20/><T10/><D10/><U5/><E5/><V98/><F125/><W118/><G118/><N who="1" m="45098" /><E102/><V134/><F134/><W86/><G101/><T108/><D108/><N who="1" m="41515" /><E93/><V123/><F98/><W96/><G96/><T82/><D6/><U54/><N who="1" m="13824" /><DORA hai="112" /><U3/><E3/><V97/><F99/><W34/><G34/><T19/><D94/><U32/><E32/><V120/><F97/><W70/><G95/><T113/><D113/><U1/><E1/><V44/><F89/><W77/><G77/><N who="0" m="46543" /><D19/><U128/><E128/><V74/><F91/><W30/><G73/><T15/><D24/><U107/><E107/><V122/><F74/><W71/><G30/><T23/><D23/><U60/><E65/><N who="2" m="39151" /><F84/><W117/><G117/><T33/><D33/><U109/><N who="1" m="41523" /><U67/><DORA hai="59" /><E67/><V27/><F27/><W40/><AGARI ba="0,0" hai="40,45,49,61,64,68,70,71,79,83,86,124,126,127" machi="40" ten="30,4000,0" yaku="0,1,18,1,52,1" doraHai="88,112,59" who="3" fromWho="3" sc="250,-20,250,-10,250,-10,250,40" /><INIT seed="1,0,0,4,0,105" ten="230,240,240,290" oya="1" hai0="88,30,50,131,16,122,25,106,44,5,62,27,125" hai1="59,84,80,14,24,129,126,41,36,33,85,38,91" hai2="78,9,127,57,61,19,114,96,42,32,98,2,6" hai3="37,4,94,93,102,26,1,17,47,132,20,67,40"/><U79/><E129/><V71/><F71/><W101/><G67/><T111/><D106/><U89/><E126/><V15/><F127/><W63/><G63/><T123/><D111/><U113/><E113/><V100/><F32/><W77/><G77/><T64/><D5/><U76/><E33/><V82/><F42/><W99/><G132/><T0/><D0/><U56/><E24/><V133/><F133/><W29/><G29/><T70/><D131/><U22/><E22/><V103/><F114/><W13/><G1/><T18/><D27/><U35/><E35/><V60/><F60/><W58/><G58/><T68/><D68/><U92/><E14/><V65/><F100/><W53/><G53/><N who="0" m="29895" /><D125/><U121/><E121/><N who="0" m="46089" /><D88/><U3/><E3/><V119/><F103/><W45/><G4/><T69/><D69/><U51/><E51/><V21/><REACH who="2" step="1"/><F119/><REACH who="2" step="2"/><W54/><G102/><T95/><D95/><U97/><E41/><V34/><F34/><AGARI ba="0,1" hai="16,18,25,30,34,62,64,70" m="46089,29895" machi="34" ten="30,2000,0" yaku="13,1,54,1" doraHai="105" who="0" fromWho="2" sc="230,30,240,0,230,-20,290,0" /><INIT seed="2,0,0,5,2,84" ten="260,240,210,290" oya="2" hai0="108,132,69,123,83,92,97,117,88,75,133,120,9" hai1="94,134,60,51,29,116,52,131,5,87,79,33,103" hai2="45,65,8,32,107,53,100,101,12,26,114,13,98" hai3="4,86,93,55,128,15,106,126,74,39,30,130,125"/><V62/><F101/><W71/><G106/><T31/><D69/><U19/><E116/><V34/><F114/><W25/><G39/><T109/><D31/><U105/><E105/><V42/><F53/><W72/><G71/><T96/><D9/><U56/><E5/><V37/><F13/><W121/><G55/><T43/><D43/><U127/><E127/><N who="3" m="48650" /><G121/><T119/><D75/><N who="3" m="28713" /><G4/><T0/><D0/><U124/><E124/><V77/><F77/><W41/><G15/><T44/><D44/><U54/><E79/><V47/><F47/><W11/><G11/><T78/><D78/><U61/><E131/><N who="3" m="50218" /><G41/><T35/><D83/><U135/><E51/><V113/><F12/><W38/><G38/><T104/><D35/><U6/><E33/><V22/><F8/><W91/><G25/><T16/><D16/><U14/><E6/><V57/><F113/><W28/><AGARI ba="0,0" hai="28,30,86,91,93" m="50218,28713,48650" machi="28" ten="40,5200,0" yaku="18,1,19,1,52,1" doraHai="84" who="3" fromWho="3" sc="260,-13,240,-13,210,-26,290,52" /><INIT seed="3,0,0,1,5,49" ten="247,227,184,342" oya="3" hai0="125,39,70,18,115,90,67,128,89,59,94,83,52" hai1="68,1,71,22,23,30,36,95,62,80,66,17,63" hai2="119,118,103,122,121,129,28,25,12,134,117,16,106" hai3="8,3,91,35,105,127,100,135,37,44,38,2,114"/><W81/><G114/><T99/><D39/><U21/><E36/><V40/><F103/><W14/><G35/><T86/><D125/><U47/><E1/><V46/><F106/><W50/><G127/><T61/><D128/><U41/><E80/><V77/><F77/><W55/><G100/><T33/><D115/><U6/><E6/><V26/><F46/><W130/><G105/><T0/><D0/><U110/><E110/><V107/><F40/><W29/><G29/><T9/><D33/><U76/><E76/><V97/><F97/><W92/><G130/><T116/><D116/><U126/><E126/><V7/><F107/><W98/><G135/><T32/><D32/><U111/><E111/><V13/><F129/><W78/><G38/><T34/><D34/><U15/><E95/><V10/><F134/><W93/><G93/><T132/><D132/><U53/><E30/><V113/><F113/><W64/><G64/><T56/><D70/><U85/><E85/><V31/><F31/><W54/><G37/><T60/><D9/><U72/><E72/><V123/><F28/><W87/><REACH who="3" step="1"/><G55/><REACH who="3" step="2"/><T24/><D24/><U73/><E53/><V96/><F96/><W112/><G112/><T48/><D48/><U11/><E66/><V101/><F101/><W131/><G131/><T108/><D108/><U19/><E41/><V120/><N who="2" m="31232" /><DORA hai="109" /><V51/><F51/><W69/><G69/><T43/><D43/><U104/><E71/><V74/><F74/><W82/><G82/><T45/><D45/><U75/><E47/><V65/><F65/><W4/><AGARI ba="0,1" hai="2,3,4,8,14,44,50,54,78,81,87,91,92,98" machi="4" ten="20,18000,2" yaku="1,1,5,1,0,1,7,1,52,1,53,1" doraHai="49,109" doraHaiUra="57,79" who="3" fromWho="3" sc="247,-60,227,-60,184,-60,332,190" /><INIT seed="3,1,0,4,5,8" ten="187,167,124,522" oya="3" hai0="32,131,110,63,72,43,90,69,98,31,30,0,122" hai1="24,100,117,87,129,109,26,66,78,127,114,4,124" hai2="77,55,119,22,18,21,34,105,70,81,96,75,10" hai3="9,97,112,113,7,125,118,23,82,11,3,134,73"/><W33/><G118/><T95/><D72/><U5/><E117/><V111/><F119/><W89/><G134/><T58/><D69/><U86/><E114/><V107/><F34/><W1/><G73/><T126/><D122/><U25/><E66/><V99/><F70/><W120/><G82/><T79/><D110/><U13/><E109/><V101/><F111/><W36/><G36/><T12/><D0/><N who="3" m="73" /><G89/><T76/><D43/><U123/><E123/><V80/><F55/><W52/><G52/><N who="0" m="34247" /><D32/><U115/><E115/><N who="3" m="44106" /><G97/><T16/><D131/><U46/><E129/><V74/><F10/><N who="3" m="3595" /><G120/><T54/><D126/><N who="1" m="48171" /><E100/><V6/><F6/><N who="1" m="2665" /><E46/><V93/><F93/><W88/><G88/><T50/><D76/><U37/><E37/><V15/><F75/><W67/><G67/><T108/><D79/><U92/><E78/><V53/><F77/><W102/><G102/><T121/><D108/><U42/><E42/><V60/><F74/><W94/><G7/><T71/><D71/><U38/><E38/><V19/><F99/><W83/><G125/><T135/><D135/><U133/><E133/><V41/><F107/><W49/><G33/><T48/><D121/><U116/><E116/><V29/><F41/><W85/><G83/><T128/><D128/><U132/><E132/><V65/><F81/><W62/><G94/><T104/><D104/><U61/><E92/><V59/><F80/><W130/><G130/><T47/><D50/><U28/><E61/><V2/><F65/><W20/><G62/><T103/><D103/><U27/><E87/><V106/><F60/><W17/><G85/><RYUUKYOKU ba="1,0" sc="187,30,167,-10,124,-10,522,-10" hai0="12,16,30,31,47,48,54,90,95,98" /><INIT seed="4,2,0,2,1,94" ten="217,157,114,512" oya="0" hai0="113,8,116,68,35,13,75,25,18,49,33,30,52" hai1="97,21,110,107,76,45,66,72,131,91,24,41,26" hai2="122,0,34,104,14,126,109,78,79,134,119,121,43" hai3="37,63,51,74,39,77,64,53,23,99,1,133,106"/><T6/><D68/><U114/><E110/><V44/><F14/><W125/><G1/><T58/><D113/><U111/><E111/><V96/><F44/><W123/><G74/><T103/><D116/><U38/><E114/><V69/><F43/><W101/><G77/><T87/><D75/><U92/><E131/><V130/><F79/><W54/><G123/><T12/><D103/><U59/><E107/><V36/><F78/><W93/><G133/><T61/><D87/><U27/><E76/><V132/><F96/><W2/><G2/><T135/><D135/><U115/><E115/><V120/><F120/><W88/><G23/><T127/><D127/><U10/><E72/><V117/><F117/><W124/><G39/><T11/><REACH who="0" step="1"/><D49/><REACH who="0" step="2"/><U17/><REACH who="1" step="1"/><E10/><REACH who="1" step="2"/><V22/><F134/><W98/><G125/><T90/><D90/><U65/><E65/><V5/><F121/><W118/><G124/><T50/><D50/><U108/><E108/><V80/><F122/><W9/><G118/><T32/><AGARI ba="2,2" hai="6,8,11,12,13,18,25,30,32,33,35,52,58,61" machi="32" ten="20,12000,1" yaku="1,1,0,1,7,1,54,1,53,1" doraHai="94" doraHaiUra="3" who="0" fromWho="0" sc="207,146,147,-42,114,-42,512,-42" /><INIT seed="4,3,0,3,3,50" ten="353,105,72,470" oya="0" hai0="41,133,4,73,99,85,38,48,109,20,81,35,108" hai1="28,57,0,125,32,60,5,127,69,119,118,9,56" hai2="95,70,16,90,51,104,26,1,79,59,88,97,44" hai3="124,42,92,24,11,130,106,96,33,94,102,134,126"/><T58/><D35/><U22/><E69/><V87/><F70/><W83/><G42/><T100/><D73/><U89/><E89/><V21/><F1/><W53/><G134/><T45/><D133/><U120/><E57/><V66/><F104/><W103/><G11/><T74/><D74/><U77/><E77/><V31/><F79/><W82/><G130/><T101/><D4/><U129/><E56/><V13/><F66/><W116/><G116/><N who="1" m="44586" /><E60/><V115/><F59/><W25/><G33/><T122/><D122/><U52/><E52/><N who="2" m="29799" /><F31/><W14/><G14/><T86/><D99/><U3/><E120/><V110/><F110/><N who="0" m="42602" /><D86/><U93/><E93/><N who="2" m="56487" /><F115/><W135/><G135/><T113/><D113/><U64/><E64/><V46/><F46/><W18/><G106/><T65/><D20/><U80/><E129/><V10/><F10/><W37/><G96/><T27/><D27/><AGARI ba="3,0" hai="13,16,21,26,27,87,90,95" m="56487,29799" machi="27" ten="30,8000,1" yaku="8,1,52,1,54,3" doraHai="50" who="2" fromWho="0" sc="353,-89,105,0,72,89,470,0" /><INIT seed="5,0,0,5,2,61" ten="264,105,161,470" oya="1" hai0="4,124,18,135,41,19,26,129,132,94,27,119,48" hai1="123,101,0,62,29,106,93,75,53,76,72,14,64" hai2="31,28,92,25,117,45,98,44,116,125,10,63,60" hai3="97,40,131,35,16,84,7,105,96,46,55,56,11"/><U67/><E123/><V133/><F10/><W109/><G109/><T50/><D119/><U103/><E0/><V65/><F125/><W85/><G35/><T111/><D111/><U104/><E29/><V88/><F133/><W128/><G84/><T6/><D124/><U8/><E53/><V47/><F63/><N who="3" m="36255" /><G85/><T12/><D94/><U115/><E115/><V114/><F114/><W113/><G113/><T36/><D36/><U33/><E33/><V68/><REACH who="2" step="1"/><F28/><REACH who="2" step="2"/><W15/><G7/><T37/><D37/><U100/><BYE who="0" /><E93/><V79/><F79/><W52/><G131/><T122/><D122/><U2/><E2/><V1/><F1/><UN n0="%E3%83%8B%E3%83%8E%E3%83%B3" /><W77/><G77/><T95/><D129/><U59/><E76/><V57/><F57/><W121/><G128/><T43/><D12/><U23/><E23/><AGARI ba="0,1" hai="23,25,31,44,45,47,60,65,68,88,92,98,116,117" machi="23" ten="40,5200,0" yaku="1,1,52,1,54,1,53,0" doraHai="61" doraHaiUra="71" who="2" fromWho="1" sc="264,0,105,-52,151,62,470,0" /><INIT seed="6,0,0,5,3,131" ten="264,53,213,470" oya="2" hai0="88,53,39,59,134,113,99,102,15,18,118,9,19" hai1="108,117,122,81,10,4,110,103,6,38,89,85,5" hai2="66,67,47,121,84,21,17,127,22,28,37,14,106" hai3="56,2,57,115,25,105,69,101,26,75,13,54,3"/><V119/><F106/><W71/><G75/><T49/><D39/><U135/><E38/><V94/><F121/><W116/><G116/><T92/><D113/><U73/><E122/><V55/><F119/><W79/><G79/><T27/><D118/><U43/><E117/><V74/><F74/><W23/><G101/><T44/><D134/><U40/><E73/><V133/><F127/><W52/><G13/><T35/><D35/><U45/><E103/><V77/><F133/><W16/><G115/><T128/><D128/><U87/><E135/><V98/><F37/><W132/><G132/><T0/><D0/><U95/><E110/><V86/><F28/><W70/><G105/><T93/><D27/><U64/><E64/><N who="2" m="24619" /><F77/><W32/><G26/><T58/><REACH who="0" step="1"/><D19/><REACH who="0" step="2"/><U36/><E108/><V7/><F7/><W72/><G32/><T114/><D114/><U63/><E63/><V76/><F76/><W20/><G3/><T120/><D120/><U80/><E43/><V104/><F104/><W68/><G2/><T34/><D34/><U62/><E62/><V96/><F22/><W41/><G23/><T78/><D78/><U109/><E109/><V33/><F33/><W125/><G20/><T31/><D31/><U111/><E111/><V126/><F126/><W112/><G25/><T100/><D100/><U50/><E36/><V129/><F129/><W42/><G125/><T82/><D82/><U12/><REACH who="1" step="1"/><E95/><REACH who="1" step="2"/><V24/><F94/><W30/><G112/><T46/><D46/><U123/><E123/><V90/><F47/><W29/><G72/><T83/><D83/><RYUUKYOKU ba="0,2" sc="254,15,43,15,213,-15,470,-15" hai0="9,15,18,44,49,53,58,59,88,92,93,99,102" hai1="4,5,6,10,12,40,45,50,80,81,85,87,89" /><INIT seed="7,1,2,4,3,32" ten="269,58,198,455" oya="3" hai0="84,50,48,127,37,23,4,58,2,128,6,11,102" hai1="41,65,57,109,66,30,104,100,31,79,27,78,46" hai2="124,67,115,95,73,121,52,70,42,51,21,39,63" hai3="117,60,19,40,18,111,72,135,74,120,97,129,62"/><W54/><G120/><T130/><D37/><U43/><E109/><V122/><F73/><W69/><G40/><T123/><D123/><N who="2" m="47114" /><F124/><W91/><G129/><N who="0" m="49771" /><D127/><U94/><E104/><V107/><F107/><W33/><G135/><T116/><D116/><U90/><E31/><V134/><F95/><W96/><G54/><T93/><D6/><U29/><E29/><V34/><F34/><W49/><G49/><T98/><D58/><U15/><E15/><V103/><F103/><W112/><G91/><N who="0" m="53479" /><D23/><U131/><E131/><V13/><F21/><W59/><G59/><T86/><D86/><U99/><E90/><V110/><F110/><W25/><G111/><T38/><D38/><U75/><E75/><V85/><F85/><W1/><G117/><T133/><D133/><U113/><E113/><V28/><F28/><W80/><G112/><T126/><D126/><U16/><E43/><V125/><F115/><W0/><G33/><T55/><D55/><U108/><E108/><V114/><F114/><W89/><G74/><T77/><D77/><U12/><E41/><V5/><F125/><W132/><G72/><T83/><D83/><U8/><E46/><N who="2" m="23903" /><F134/><W64/><G80/><T47/><D47/><U22/><REACH who="1" step="1"/><E66/><REACH who="1" step="2"/><V44/><F13/><W3/><G64/><T14/><D14/><U45/><E45/><V119/><F5/><W7/><G132/><T26/><D26/><U53/><E53/><V61/><F61/><AGARI ba="1,3" hai="8,12,16,22,27,30,57,61,65,78,79,94,99,100" machi="61" ten="40,12000,2" yaku="1,1,25,2,8,1,54,1,53,1" doraHai="32" doraHaiUra="88" who="1" fromWho="2" sc="269,0,48,153,198,-123,455,0" owari="269,7.0,201,-20.0,75,-42.0,455,55.0" /></mjloggm>