<mjloggm ver="2.3"><GO type="41"/><UN n0="%E2%98%85%E3%81%AA%E3%82%8A%E3%81%BD%E3%81%9F%E2%98%85" n1="%EF%BC%88%E2%89%A7%E2%96%BD%E2%89%A6%EF%BC%89" n2="%47%77%69%6E%6F%4D%69%69" n3="%E3%81%AB%E3%81%8F%E5%90%9B" dan="16,15,14,14" rate="2016,2026,1995,1907" sx="F,M,F,M"/><TAIKYOKU oya="0"/><INIT seed="0,0,0,0,1,51" ten="250,250,250,250" oya="0" hai0="130,114,50,64,2,47,32,3,115,69,111,106,118" hai1="128,49,58,82,86,23,113,4,99,135,57,18,65" hai2="11,131,81,41,108,100,15,109,39,30,7,134,90" hai3="110,70,84,54,40,74,33,105,34,88,20,104,127"/><T56/><D106/><U117/><E117/><V59/><F134/><W122/><G122/><T77/><D77/><U53/><E113/><V94/><F131/><W125/><G110/><T10/><D118/><U83/><E128/><V0/><F30/><W129/><G70/><T89/><D130/><U126/><E135/><V1/><F100/><W98/><G40/><T91/><D69/><U24/><E126/><N who="3" m="48138" /><G74/><T25/><D114/><U52/><E4/><V16/><F59/><W103/><G105/><T46/><D115/><U92/><E65/><V121/><F121/><W80/><G129/><T133/><D133/><U102/><E86/><V55/><F81/><W96/><G96/><T60/><D47/><U79/><E79/><V8/><F0/><W6/><G6/><T93/><D10/><U107/><E107/><V62/><F41/><W14/><G14/><T71/><D71/><U112/><E112/><V5/><F39/><W12/><G12/><T36/><D36/><U124/><E124/><V123/><F5/><W73/><G73/><T97/><D91/><U17/><E17/><V27/><F27/><W44/><G20/><T85/><D111/><N who="2" m="42570" /><F62/><AGARI ba="0,0" hai="18,23,24,49,52,53,57,58,62,82,83,92,99,102" machi="62" ten="30,8000,1" yaku="7,1,8,1,52,2,54,1" doraHai="51" who="1" fromWho="2" sc="250,0,250,80,250,-80,250,0" /><INIT seed="1,0,0,1,5,80" ten="250,330,170,250" oya="1" hai0="68,48,71,94,134,10,12,66,126,114,67,50,41" hai1="112,43,29,42,133,105,18,23,2,59,54,49,113" hai2="60,39,120,103,65,5,47,106,93,31,3,110,91" hai3="98,61,85,74,20,9,7,72,16,131,58,92,8"/><U108/><E105/><V13/><F120/><W88/><G131/><T0/><D0/><U62/><E2/><V102/><F110/><W83/><G72/><T21/><D114/><U109/><E29/><V90/><F106/><W115/><G74/><T6/><D134/><U19/><E133/><V46/><F31/><W75/><G75/><T117/><D117/><U27/><E18/><V99/><F3/><W45/><G45/><T132/><D132/><U55/><E19/><V24/><F39/><W118/><G7/><T121/><D121/><U30/><E23/><V135/><F24/><W101/><G118/><T22/><D41/><N who="1" m="15371" /><E27/><V35/><F35/><W104/><G104/><T17/><D126/><U56/><E30/><V4/><F135/><W82/><G82/><T89/><D71/><U33/><E33/><V130/><F130/><W64/><G115/><AGARI ba="0,0" hai="49,54,55,56,59,62,108,109,112,113,115" m="15371" machi="115" ten="30,2900,0" yaku="34,2" doraHai="80" who="1" fromWho="3" sc="250,0,330,29,170,0,250,-29" /><INIT seed="1,1,0,2,2,68" ten="250,359,170,221" oya="1" hai0="126,57,108,83,76,45,70,21,20,23,120,111,106" hai1="67,72,59,5,30,98,135,35,95,121,119,2,118" hai2="129,128,51,6,17,102,112,37,88,131,14,34,78" hai3="94,63,73,12,64,93,104,55,41,49,90,69,25"/><U8/><E121/><V132/><F34/><W65/><G104/><T29/><D120/><U54/><E135/><V7/><F132/><W122/><G73/><T97/><D70/><U84/><E72/><V0/><F0/><W124/><G122/><T47/><D126/><U38/><E67/><V31/><F31/><W27/><G124/><T91/><D57/><U44/><E84/><V11/><F112/><W53/><G65/><T26/><D91/><U114/><E114/><V123/><F51/><W107/><G107/><T43/><D97/><U60/><E30/><V79/><F102/><W101/><G101/><T32/><D106/><U133/><E35/><V127/><F123/><W33/><G41/><T3/><D3/><U130/><E130/><V9/><F127/><W39/><G39/><T62/><D62/><U48/><E133/><V18/><F37/><W13/><G27/><T56/><D56/><U61/><E38/><V19/><REACH who="2" step="1"/><F88/><REACH who="2" ten="250,359,160,221" step="2"/><W15/><G90/><T40/><D32/><U116/><REACH who="1" step="1"/><E44/><REACH who="1" ten="250,349,160,221" step="2"/><V50/><F50/><W28/><G33/><T10/><D47/><U96/><E96/><V58/><F58/><W125/><G28/><T42/><D45/><U36/><E36/><V87/><F87/><W71/><G125/><T110/><D29/><U16/><E16/><V24/><F24/><W100/><G25/><T134/><D26/><U46/><E46/><V86/><F86/><W115/><G71/><T80/><D134/><U66/><E66/><V22/><F22/><W52/><G64/><T89/><D23/><U75/><E75/><V1/><AGARI ba="1,2" hai="1,6,7,9,11,14,17,18,19,78,79,128,129,131" machi="1" ten="40,8000,1" yaku="1,1,5,1,0,1,19,1,53,0" doraHai="68" doraHaiUra="77" who="2" fromWho="2" sc="250,-21,349,-41,160,103,221,-21" /><INIT seed="2,0,0,5,3,78" ten="229,308,263,200" oya="2" hai0="90,23,98,21,70,116,32,55,25,87,66,26,31" hai1="84,74,91,95,81,46,42,100,28,123,11,14,47" hai2="92,93,39,59,1,35,20,69,72,54,8,96,0" hai3="107,48,125,86,13,18,52,76,120,5,30,45,22"/><V104/><F69/><W83/><G107/><T127/><D127/><U19/><E123/><V128/><F128/><W53/><G125/><T64/><D116/><U68/><E68/><V57/><F39/><W79/><G120/><T130/><D130/><U77/><E28/><V6/><F72/><W16/><G5/><T117/><D117/><U61/><E61/><V63/><F35/><W33/><G33/><T41/><D41/><U75/><E100/><V135/><F135/><W133/><G133/><T131/><D131/><U111/><E111/><V43/><F43/><W29/><G18/><T132/><D132/><U108/><E108/><V12/><F1/><W101/><G101/><T38/><D38/><U2/><E2/><V129/><F129/><W85/><G53/><T65/><D98/><U73/><REACH who="1" step="1"/><E47/><REACH who="1" ten="229,298,263,200" step="2"/><V44/><F44/><W34/><G34/><T119/><D119/><U134/><E134/><V40/><F0/><W37/><REACH who="3" step="1"/><G37/><AGARI ba="0,1" hai="11,14,19,37,42,46,73,74,75,77,81,84,91,95" machi="37" ten="30,7700,0" yaku="1,1,7,1,52,1,53,1" doraHai="78" doraHaiUra="9" who="1" fromWho="3" sc="229,0,298,87,263,0,200,-77" /><INIT seed="3,0,0,0,3,106" ten="229,385,263,123" oya="3" hai0="38,102,120,55,66,109,14,4,33,97,81,79,25" hai1="135,52,36,69,107,26,113,7,77,128,13,45,67" hai2="111,10,72,27,9,70,68,0,35,125,11,131,20" hai3="119,98,28,37,32,93,92,84,73,30,96,3,39"/><W50/><G119/><T74/><D120/><U134/><E113/><V31/><F131/><W62/><G3/><T47/><D66/><U34/><E107/><V112/><F112/><W91/><G50/><T2/><D109/><U41/><E128/><V65/><F111/><W46/><G46/><T58/><D14/><U24/><E77/><V85/><F125/><W121/><G121/><T124/><D124/><U104/><E104/><V60/><F85/><W94/><G73/><T71/><D71/><U99/><E99/><V1/><F70/><W54/><G54/><T88/><D88/><U116/><E116/><V40/><F72/><W5/><G5/><T61/><D25/><U6/><E34/><V22/><F40/><W49/><G49/><T123/><D33/><U17/><E6/><V132/><F132/><N who="1" m="50729" /><E7/><V63/><F60/><W12/><G32/><T43/><D123/><U115/><E115/><V95/><F1/><W122/><G122/><T90/><D90/><U133/><E133/><V53/><F0/><W83/><G62/><T118/><D118/><U75/><E75/><V80/><F80/><W57/><G57/><T82/><D82/><U130/><E130/><V29/><F35/><W76/><G37/><T127/><D127/><U126/><E126/><V18/><F68/><W110/><G110/><T105/><D4/><U108/><E108/><V16/><F63/><W15/><G39/><T23/><D2/><U78/><E78/><V19/><F65/><W8/><G76/><T114/><D114/><U64/><E69/><V101/><F53/><W21/><G98/><RYUUKYOKU ba="0,0" sc="229,30,385,-10,263,-10,123,-10" hai0="23,38,43,47,55,58,61,74,79,81,97,102,105" /><INIT seed="4,1,0,2,1,26" ten="259,375,253,113" oya="0" hai0="101,17,85,25,16,10,35,0,113,46,58,108,48" hai1="64,14,100,79,4,118,49,93,91,127,74,53,45" hai2="39,31,92,22,109,63,5,122,59,84,56,68,77" hai3="51,90,123,75,135,114,102,133,103,32,80,34,13"/><T18/><D113/><U97/><E118/><V107/><F39/><W44/><G114/><T87/><D108/><U76/><E127/><V33/><F107/><W47/><G123/><T12/><D0/><U81/><E64/><V98/><F122/><W60/><G60/><T52/><D101/><U78/><E4/><V37/><F37/><W72/><G13/><T120/><D120/><U3/><E3/><V71/><F109/><W65/><G65/><T43/><D35/><U95/><REACH who="1" step="1"/><E14/><REACH who="1" ten="259,365,253,113" step="2"/><V134/><F5/><W110/><G110/><T29/><D25/><U116/><E116/><V125/><F125/><W38/><G133/><T111/><D111/><U57/><E57/><V20/><F59/><W121/><G135/><T62/><D29/><U61/><E61/><V70/><F134/><W41/><G121/><T83/><REACH who="0" step="1"/><D87/><AGARI ba="1,1" hai="45,49,53,74,76,78,79,81,87,91,93,95,97,100" machi="87" ten="30,2000,0" yaku="1,1,7,1,53,0" doraHai="26" doraHaiUra="128" who="1" fromWho="0" sc="259,-23,365,33,253,0,113,0" /><INIT seed="5,0,0,4,1,120" ten="236,398,253,113" oya="1" hai0="98,106,32,97,40,8,104,24,100,85,14,116,52" hai1="0,34,21,12,86,61,114,46,59,4,79,113,134" hai2="105,66,26,49,27,54,30,108,70,1,25,36,102" hai3="58,16,56,35,62,47,22,129,7,133,119,38,81"/><U5/><E34/><V77/><F1/><W82/><G35/><T72/><D116/><U15/><E134/><V23/><F36/><W118/><G133/><T80/><D40/><U20/><E46/><V10/><F10/><W33/><G129/><T31/><D72/><U39/><E39/><V45/><F108/><W89/><G33/><T101/><D52/><U112/><E79/><V131/><F77/><W124/><G124/><T42/><D42/><U37/><E86/><V41/><F131/><W53/><G119/><T73/><D73/><U9/><E37/><V110/><F110/><W109/><G118/><T75/><D75/><U93/><E93/><V28/><F41/><W17/><G7/><T74/><D74/><U117/><E117/><V99/><F23/><N who="1" m="8777" /><E5/><V65/><REACH who="2" step="1"/><F70/><REACH who="2" ten="236,398,243,113" step="2"/><W95/><G22/><T123/><D8/><U2/><E0/><V76/><F76/><W48/><G38/><T55/><D32/><U96/><E2/><V94/><F94/><W78/><G109/><T88/><D106/><U107/><E107/><V103/><F103/><W126/><G126/><T50/><D101/><U18/><E4/><V115/><F115/><W71/><G71/><T83/><D100/><U128/><E128/><V64/><AGARI ba="0,1" hai="25,26,27,28,30,45,49,54,64,65,66,99,102,105" machi="64" ten="30,2000,0" yaku="1,1,0,1,53,0" doraHai="120" doraHaiUra="57" who="2" fromWho="2" sc="236,-5,398,-10,243,30,113,-5" /><INIT seed="6,0,0,1,3,82" ten="231,388,273,108" oya="2" hai0="90,93,117,125,99,25,9,85,66,37,77,97,133" hai1="91,119,75,76,28,67,127,83,47,107,87,72,42" hai2="98,124,65,95,10,132,27,4,45,129,46,5,50" hai3="74,94,100,89,48,56,88,43,7,64,71,36,24"/><V51/><F124/><W20/><G74/><T11/><D37/><U122/><E119/><V30/><F65/><W116/><G116/><T128/><D117/><U96/><E127/><V22/><F129/><W40/><G7/><T111/><D125/><U130/><E130/><V120/><F10/><W49/><G36/><T8/><D128/><U1/><E122/><V53/><F120/><W39/><G39/><T55/><D111/><U60/><E1/><V118/><F132/><W109/><G109/><T108/><D108/><U2/><E2/><V113/><F118/><W121/><G121/><T73/><D133/><U52/><E28/><V33/><F33/><W54/><G71/><T61/><D55/><U123/><E123/><V135/><F113/><W92/><G100/><T101/><D25/><U29/><E29/><V70/><F70/><W58/><G64/><T80/><REACH who="0" step="1"/><D101/><REACH who="0" ten="221,388,273,108" step="2"/><U102/><E102/><N who="2" m="60767" /><F135/><W19/><G49/><T6/><D6/><U14/><E67/><V63/><F63/><W18/><G58/><AGARI ba="0,1" hai="8,9,11,58,61,66,73,77,80,85,90,93,97,99" machi="58" ten="40,2600,0" yaku="1,1,52,1,53,0" doraHai="82" doraHaiUra="32" who="0" fromWho="3" sc="221,36,388,0,273,0,108,-26" /><INIT seed="7,0,0,5,4,108" ten="257,388,273,82" oya="3" hai0="86,65,38,20,130,132,84,16,54,5,64,115,121" hai1="33,127,85,88,46,48,113,0,116,100,50,1,52" hai2="122,83,41,77,98,28,124,53,15,21,3,10,57" hai3="134,112,39,55,63,125,123,120,133,25,95,62,72"/><W31/><G39/><T118/><D118/><U6/><E33/><V45/><F122/><W34/><G72/><T56/><D121/><N who="3" m="46665" /><G95/><T74/><D74/><U129/><E116/><V104/><F124/><W59/><G125/><T13/><D38/><U107/><E127/><V135/><F3/><W23/><G63/><T44/><D44/><U109/><E109/><V93/><F135/><N who="3" m="51723" /><G34/><T32/><D32/><U43/><E107/><V82/><F104/><W114/><AGARI ba="0,0" hai="23,25,31,55,59,62,112,114" m="51723,46665" machi="114" ten="40,7800,0" yaku="20,1,52,2" doraHai="108" who="3" fromWho="3" sc="257,-26,388,-26,273,-26,82,78" /><INIT seed="7,1,0,5,1,24" ten="231,362,247,160" oya="3" hai0="5,123,31,89,28,79,69,96,134,32,37,38,99" hai1="8,43,118,97,128,107,125,34,126,10,19,111,0" hai2="92,130,109,53,116,21,87,39,122,88,49,33,106" hai3="46,95,82,50,12,100,119,62,26,17,115,13,131"/><W77/><G119/><T4/><D32/><U14/><E111/><V3/><F39/><W52/><G131/><T11/><D11/><U42/><E34/><V55/><F3/><W81/><G115/><T90/><D79/><U101/><E128/><V35/><F106/><W44/><G62/><T98/><D98/><U23/><E118/><V16/><F130/><W94/><G46/><T129/><D129/><U91/><E91/><V72/><F72/><W66/><G66/><T121/><REACH who="0" step="1"/><D69/><REACH who="0" ten="221,362,247,160" step="2"/><U70/><E10/><V68/><F68/><W71/><G71/><T110/><D110/><U73/><E70/><V6/><F35/><W48/><G48/><T51/><D51/><U124/><E8/><V29/><F33/><W27/><G12/><T102/><D102/><U45/><E14/><V58/><F109/><W84/><G81/><T108/><D108/><U22/><E101/><V67/><F116/><W86/><G86/><T63/><D63/><U114/><E97/><V93/><F93/><N who="3" m="35339" /><G100/><T76/><D76/><U60/><E60/><V9/><F122/><W65/><G65/><T83/><D83/><U25/><E125/><V20/><F67/><W78/><G78/><T105/><D105/><U117/><E126/><V85/><F85/><W59/><G44/><T135/><AGARI ba="1,1" hai="4,5,28,31,37,38,89,90,96,99,121,123,134,135" machi="135" ten="25,12000,2" yaku="1,1,0,1,22,2,52,2,53,0" doraHai="24" doraHaiUra="18" who="0" fromWho="0" sc="221,133,362,-31,247,-31,160,-61" owari="354,45.0,331,13.0,216,-18.0,99,-40.0" /></mjloggm>