<mjloggm ver="2.3"><GO type="97"/><UN n0="%EF%BC%88%E2%89%A7%E2%96%BD%E2%89%A6%EF%BC%89" n1="%E5%82%B7%E3%81%AF%E6%B5%85%E3%81%84%E3%81%86%E3%81%A1%E3%81%AB" n2="%E3%81%8B%E3%83%BC%E3%82%82%E3%81%AD%EF%BC%81%E3%83%8F%E3%82%A4%EF%BC%81" n3="%E3%81%8A%E3%81%90%E3%82%8C" dan="15,15,14,14" rate="2007,2029,1909,1864" sx="M,M,F,M"/><TAIKYOKU oya="0"/><INIT seed="0,0,0,3,0,132" ten="250,250,250,250" oya="0" hai0="67,91,4,53,76,34,46,95,119,21,126,98,112" hai1="45,25,16,118,77,129,131,14,109,47,88,100,60" hai2="31,111,9,102,123,51,115,82,104,20,8,55,128" hai3="29,48,114,94,121,3,49,11,73,71,106,63,37"/><T2/><D119/><U13/><E118/><V124/><F123/><W43/><G29/><T57/><D34/><U64/><E100/><V120/><F120/><W81/><G106/><T130/><D112/><U99/><E77/><V122/><F122/><W7/><G114/><T134/><D134/><U19/><E25/><V133/><F115/><W70/><G94/><T68/><D68/><U36/><E36/><V30/><F133/><W39/><G48/><T93/><D76/><U78/><E78/><V28/><F128/><N who="1" m="49225" /><E109/><V110/><F20/><W26/><G49/><T65/><D130/><U62/><E62/><V58/><F82/><W23/><G121/><T18/><D46/><N who="1" m="17419" /><E13/><V85/><F85/><W127/><G63/><T5/><D2/><U44/><N who="1" m="17427" /><U92/><DORA hai="89" /><E14/><V97/><REACH who="2" step="1"/><F124/><REACH who="2" ten="250,250,240,250" step="2"/><W12/><G127/><T107/><D126/><U74/><E74/><V69/><F69/><AGARI ba="0,1" hai="16,19,60,64,69,88,92,99" m="17427,49225" machi="69" ten="40,8000,1" yaku="19,1,52,1,54,2" doraHai="132,89" who="1" fromWho="2" sc="250,0,250,90,240,-80,250,0" /><INIT seed="1,0,0,5,2,49" ten="250,340,160,250" oya="1" hai0="120,0,123,114,18,119,8,38,22,44,19,68,99" hai1="57,26,117,58,40,56,86,50,111,69,72,91,4" hai2="126,113,60,87,92,90,55,25,131,42,59,47,61" hai3="112,37,62,89,65,129,134,82,11,109,39,17,71"/><U15/><E72/><V81/><F131/><W85/><G129/><T100/><D68/><U51/><E69/><V78/><F126/><W133/><G112/><T14/><D114/><U107/><E107/><V79/><F113/><W64/><G109/><T52/><D119/><U84/><E117/><V28/><F61/><W30/><G30/><T1/><D38/><U105/><E105/><V2/><F2/><W48/><G64/><T9/><D9/><N who="1" m="4519" /><E111/><V10/><F10/><W121/><G121/><N who="0" m="46667" /><D99/><U96/><E26/><V70/><F70/><W77/><G77/><T125/><D100/><U124/><E124/><V21/><REACH who="2" step="1"/><F81/><REACH who="2" ten="250,340,150,250" step="2"/><W46/><G133/><T101/><D125/><U104/><E104/><V73/><F73/><W97/><G134/><T127/><D127/><U36/><E36/><AGARI ba="0,1" hai="21,25,28,36,42,47,55,59,60,78,79,87,90,92" machi="36" ten="30,3900,0" yaku="1,1,7,1,52,1,53,0" doraHai="49" doraHaiUra="102" who="2" fromWho="1" sc="250,0,340,-39,150,49,250,0" /><INIT seed="2,0,0,2,0,7" ten="250,301,199,250" oya="2" hai0="119,130,37,53,118,40,67,103,112,16,58,25,21" hai1="94,122,14,43,62,69,19,115,33,101,105,83,64" hai2="113,48,135,93,134,77,41,121,110,29,108,18,133" hai3="98,13,10,127,75,26,123,82,2,76,81,107,1"/><V109/><F113/><W39/><G123/><T5/><D112/><U49/><E33/><V55/><F121/><W78/><G26/><T66/><D130/><U86/><E122/><V102/><F77/><W65/><G127/><T106/><D5/><U28/><E28/><V42/><F29/><W23/><G65/><T63/><D37/><U128/><E128/><V95/><F18/><W104/><G23/><T131/><D40/><N who="2" m="15466" /><F102/><W132/><G39/><T47/><D131/><U117/><E117/><N who="0" m="44553" /><D47/><AGARI ba="0,0" hai="47,48,55,93,95,108,109,110,133,134,135" m="15466" machi="47" ten="40,7700,0" yaku="14,1,10,1,20,1" doraHai="7" who="2" fromWho="0" sc="250,-77,301,0,199,77,250,0" /><INIT seed="2,1,0,5,4,63" ten="173,301,276,250" oya="2" hai0="113,135,111,10,71,36,132,83,56,103,5,4,72" hai1="61,122,14,27,43,123,28,55,32,51,85,84,59" hai2="7,48,101,73,91,33,108,57,0,117,78,58,121" hai3="39,22,69,18,12,94,93,80,75,129,13,102,20"/><V105/><F117/><W68/><G129/><T118/><D113/><U2/><E2/><V64/><F121/><N who="1" m="46089" /><E14/><V100/><F33/><W44/><G102/><T34/><D34/><U54/><E43/><V120/><F120/><W88/><G75/><T9/><D71/><U114/><E114/><V96/><F101/><W19/><G44/><AGARI ba="1,0" hai="27,28,32,44,51,54,55,59,61,84,85" m="46089" machi="44" ten="30,1000,0" yaku="13,1" doraHai="63" who="1" fromWho="3" sc="173,0,301,13,276,0,250,-13" /><INIT seed="3,0,0,0,5,103" ten="173,314,276,237" oya="3" hai0="94,8,53,116,69,30,121,39,56,73,49,14,71" hai1="126,28,1,127,101,104,0,60,40,118,84,112,26" hai2="27,11,24,66,88,65,10,98,9,120,133,89,102" hai3="55,90,17,21,2,34,38,4,13,72,35,97,63"/><W25/><G72/><T81/><D121/><U113/><E118/><V48/><F120/><W106/><G38/><T19/><D116/><U124/><E40/><V7/><F133/><W59/><G2/><N who="1" m="1130" /><E84/><V78/><F7/><W134/><G134/><T70/><D39/><U62/><E101/><V61/><F78/><W77/><G77/><T132/><D132/><U51/><E104/><V75/><F75/><W45/><G45/><T22/><D73/><U80/><E80/><V23/><F48/><W131/><G131/><T58/><D81/><U92/><E92/><N who="2" m="58695" /><F61/><N who="1" m="23657" /><E51/><V50/><F50/><W95/><REACH who="3" step="1"/><G106/><REACH who="3" ten="173,314,276,227" step="2"/><T114/><D114/><U43/><E43/><V76/><F76/><W79/><G79/><T74/><D74/><U119/><E119/><V42/><F42/><W64/><G64/><T100/><D56/><U32/><AGARI ba="0,1" hai="26,28,32,112,113,124,126,127" m="23657,1130" machi="32" ten="40,1500,0" yaku="18,1" doraHai="103" who="1" fromWho="1" sc="173,-4,314,25,276,-4,227,-7" owari="169,-33.0,339,44.0,272,7.0,220,-18.0" /></mjloggm>