<mjloggm ver="2.3"><GO type="169" lobby="0"/><UN n0="%EF%BC%88%E2%89%A7%E2%96%BD%E2%89%A6%EF%BC%89" n1="%E3%81%98%E3%81%9A%E3%83%BC" n2="%E3%83%AD%E3%83%AA%E3%83%BC%E3%82%BF%E3%81%AA%E7%84%BC%E8%82%89" n3="%E6%B0%97%E6%A5%BD%E3%81%AB%E6%89%93%E3%81%A4" dan="17,16,17,16" rate="2167.93,2138.34,2156.18,2166.43" sx="M,M,M,M"/><TAIKYOKU oya="0"/><INIT seed="0,0,0,2,5,86" ten="250,250,250,250" oya="0" hai0="104,61,84,113,76,23,56,70,62,121,120,3,21" hai1="123,112,30,117,55,129,44,52,29,93,119,60,78" hai2="5,99,13,96,57,100,67,125,39,16,87,68,101" hai3="17,45,46,102,128,71,15,43,7,92,8,31,6"/><T2/><D113/><U53/><E123/><V41/><F68/><W114/><G114/><T28/><D104/><U0/><E112/><V12/><F125/><W4/><G71/><T108/><D70/><U90/><E0/><V54/><F67/><W9/><G128/><T105/><D105/><U14/><E129/><V127/><F127/><W66/><G66/><T33/><D33/><U40/><E78/><V106/><F87/><W10/><G31/><T18/><D28/><U63/><E14/><V58/><F5/><N who="3" m="2155" /><G43/><T126/><D126/><U49/><E119/><V24/><F24/><W103/><N who="3" m="2163" /><W11/><DORA hai="124" /><G92/><T116/><D116/><U36/><E36/><V1/><F1/><W97/><G97/><T130/><D130/><U133/><E133/><V79/><F41/><W88/><G88/><T95/><D95/><U42/><E42/><V83/><F39/><W37/><G37/><T98/><D98/><N who="1" m="57655" /><E117/><V75/><F99/><W27/><G27/><T69/><D69/><U20/><E30/><V35/><F35/><W26/><G26/><AGARI ba="0,0" hai="20,26,29,40,44,49,52,53,55,60,63" m="57655" machi="26" ten="30,3900,0" yaku="8,1,52,1,54,1" doraHai="86,124" who="1" fromWho="3" sc="250,0,250,39,250,0,250,-39" /><INIT seed="1,0,0,4,5,27" ten="250,289,250,211" oya="1" hai0="76,37,85,115,121,80,94,111,129,2,3,75,19" hai1="25,71,23,131,1,93,102,63,96,132,119,108,61" hai2="31,47,105,90,50,32,54,103,68,8,57,106,123" hai3="87,104,65,45,86,74,101,49,41,5,62,43,51"/><U35/><E119/><V67/><F123/><W99/><G74/><T83/><D115/><U134/><E131/><V73/><F73/><W16/><G5/><T34/><D34/><U40/><E1/><V36/><F8/><W46/><REACH who="3" step="1"/><G16/><REACH who="3" ten="250,289,250,201" step="2"/><T26/><D121/><U88/><E134/><V109/><F109/><W13/><G13/><T124/><D111/><U133/><E108/><V7/><F7/><W18/><G18/><T95/><D19/><U12/><E12/><V135/><F135/><W64/><G64/><T29/><D3/><U30/><E133/><V21/><F67/><W130/><G130/><T15/><D2/><U116/><E132/><V33/><F31/><W117/><G117/><T84/><D15/><U107/><E116/><V82/><F105/><W0/><G0/><T81/><D129/><U22/><E40/><V60/><F106/><W110/><G110/><T17/><D17/><U9/><E9/><V112/><F112/><W70/><AGARI ba="0,1" hai="41,43,45,46,49,51,62,65,70,86,87,99,101,104" machi="70" ten="20,12000,2" yaku="1,1,0,1,7,1,9,1,53,2" doraHai="27" doraHaiUra="42" who="3" fromWho="3" sc="250,-30,289,-60,250,-30,201,130" /><INIT seed="2,0,0,1,1,133" ten="220,229,220,331" oya="2" hai0="44,60,34,71,22,41,55,20,13,67,68,97,15" hai1="117,77,122,54,63,113,118,93,66,111,99,5,9" hai2="23,74,61,126,100,114,53,131,127,129,128,121,130" hai3="38,0,16,58,89,96,2,81,8,108,56,21,14"/><V80/><F121/><W50/><G38/><T134/><D34/><U35/><E35/><V87/><F114/><W12/><G108/><T39/><D71/><U125/><E113/><V52/><F74/><W45/><G0/><T43/><D134/><U101/><E111/><V112/><F112/><W37/><G2/><T76/><D43/><U25/><E122/><V46/><F100/><W120/><G37/><T59/><D76/><U26/><E77/><N who="2" m="46479" /><F131/><W62/><G120/><T79/><D79/><U11/><E54/><N who="2" m="21099" /><F46/><W83/><G96/><T88/><D13/><U116/><E116/><V85/><F85/><N who="3" m="50351" /><G83/><T47/><D47/><U110/><E110/><V40/><F40/><N who="3" m="24871" /><G62/><T119/><D119/><U42/><E63/><V104/><F104/><W29/><G29/><T109/><D109/><U1/><E118/><V36/><F36/><W64/><G64/><T24/><D67/><U86/><E66/><V69/><F23/><W27/><G27/><T7/><D20/><U4/><E26/><V32/><F32/><W105/><G105/><T49/><D22/><U19/><E25/><V65/><AGARI ba="0,0" hai="61,65,69,126,127,128,129,130" m="21099,46479" machi="65" ten="40,12000,1" yaku="19,1,52,2,54,1" doraHai="133" who="2" fromWho="2" sc="220,-40,229,-40,220,120,331,-40" /><INIT seed="2,1,0,5,0,13" ten="180,189,340,291" oya="2" hai0="27,61,116,105,100,18,135,134,67,92,34,74,79" hai1="121,63,47,35,62,66,11,49,114,80,90,94,125" hai2="123,96,30,89,85,87,130,7,44,126,69,54,108" hai3="57,55,129,104,64,75,76,19,103,97,33,93,78"/><V32/><F69/><W109/><G109/><T106/><D92/><U95/><E114/><V127/><F123/><W60/><G129/><T112/><D112/><U38/><E38/><V119/><F119/><W0/><G0/><T81/><D116/><U46/><E35/><V45/><F130/><W115/><G115/><T117/><D117/><U2/><E125/><N who="2" m="47627" /><F7/><W113/><G113/><T22/><D34/><U21/><E121/><V16/><F108/><W37/><G37/><T59/><REACH who="0" step="1"/><D100/><REACH who="0" ten="170,189,340,291" step="2"/><U17/><E95/><N who="2" m="56431" /><F32/><W39/><G33/><T68/><D68/><U107/><E94/><V52/><F30/><W6/><G93/><T131/><D131/><U48/><E80/><V8/><F87/><W31/><G103/><T86/><D86/><U70/><E70/><V3/><F85/><W40/><G75/><T5/><D5/><U98/><E98/><V91/><F91/><W26/><G97/><T29/><D29/><U4/><E90/><V101/><F101/><W132/><G31/><T15/><D15/><U9/><E4/><V36/><F3/><W71/><G6/><T12/><D12/><U133/><E2/><V41/><F44/><W58/><G71/><T53/><D53/><U111/><E47/><V88/><F88/><W24/><G55/><T99/><D99/><U14/><E46/><V128/><F128/><W84/><G84/><T72/><D72/><U118/><E118/><V20/><F52/><W25/><G78/><T28/><D28/><U102/><E102/><V73/><F54/><W56/><G76/><T124/><D124/><U83/><E83/><RYUUKYOKU ba="1,1" sc="170,30,189,-10,340,-10,291,-10" hai0="18,22,27,59,61,67,74,79,81,105,106,134,135" /><INIT seed="3,2,1,2,0,1" ten="200,179,330,281" oya="3" hai0="73,90,119,37,62,126,94,113,67,83,6,71,63" hai1="72,22,64,101,74,135,51,86,16,46,54,20,118" hai2="124,25,102,14,36,87,93,131,41,60,110,116,112" hai3="17,26,130,85,105,11,128,121,125,78,32,8,76"/><W18/><G121/><T5/><D119/><U82/><E118/><V111/><F116/><W107/><G125/><T115/><D126/><U104/><E135/><V4/><F124/><W13/><G32/><T127/><D127/><U31/><E64/><V122/><F122/><W45/><G45/><T42/><D63/><U79/><E31/><V88/><F112/><N who="0" m="43082" /><D83/><U114/><E114/><V70/><F131/><N who="3" m="50219" /><G85/><N who="0" m="52559" /><D73/><U34/><E34/><V28/><F60/><W81/><G81/><T92/><D92/><U96/><REACH who="1" step="1"/><E22/><REACH who="1" ten="200,169,330,281" step="2"/><N who="2" m="15415" /><F111/><W27/><G107/><T3/><D3/><U7/><E7/><N who="0" m="2569" /><D42/><U89/><E89/><V98/><F88/><W120/><G105/><T2/><D2/><U43/><E43/><V117/><F41/><W50/><G120/><T75/><D75/><U53/><E53/><V52/><F52/><W15/><G78/><T35/><D35/><U132/><E132/><V21/><F117/><W49/><G76/><T91/><D91/><U134/><E134/><V29/><F110/><W48/><AGARI ba="2,2" hai="8,11,13,15,17,18,26,27,48,49,50" m="50219" machi="48" ten="30,1500,0" yaku="19,1" doraHai="1" who="3" fromWho="3" sc="200,-7,169,-7,330,-7,281,41" /><INIT seed="3,3,0,5,2,120" ten="193,162,323,322" oya="3" hai0="11,89,124,1,55,88,54,10,81,39,72,108,73" hai1="22,30,8,6,45,0,23,96,99,59,118,36,123" hai2="67,109,85,61,9,35,65,121,34,2,127,18,47" hai3="25,106,60,92,77,21,115,134,95,84,91,43,82"/><W75/><G115/><T46/><D124/><U63/><E123/><V15/><F121/><W125/><G125/><T48/><D39/><U126/><E126/><V7/><F127/><W110/><G134/><T62/><D108/><U94/><E118/><V74/><F74/><W27/><G106/><T16/><D1/><U132/><E132/><V98/><F109/><W44/><G110/><T71/><D71/><U31/><E99/><V41/><F98/><W122/><G122/><T66/><D66/><U133/><E133/><V93/><F93/><W14/><G60/><T32/><D32/><U29/><E45/><V58/><F67/><W20/><G14/><N who="0" m="7263" /><D10/><U4/><E4/><V52/><F85/><W40/><G95/><T104/><D104/><U97/><E97/><V101/><F101/><W68/><G68/><T100/><D100/><U38/><E38/><V135/><F65/><W50/><REACH who="3" step="1"/><G43/><REACH who="3" ten="193,162,323,312" step="2"/><T13/><D13/><U69/><E69/><V49/><F135/><W107/><G107/><T113/><D113/><U87/><E94/><V117/><F117/><W28/><G28/><T37/><D62/><U56/><E63/><V42/><F41/><W79/><G79/><T51/><D81/><U64/><E31/><V57/><F57/><W128/><G128/><T5/><D54/><U19/><E59/><V114/><F114/><W80/><G80/><T24/><D55/><U78/><E56/><V26/><F26/><AGARI ba="3,1" hai="20,21,25,26,27,40,44,50,75,77,82,84,91,92" machi="26" ten="40,2000,0" yaku="1,1,53,0" doraHai="120" doraHaiUra="102" who="3" fromWho="2" sc="193,0,162,0,323,-29,312,39" /><INIT seed="3,4,0,5,0,104" ten="193,162,294,351" oya="3" hai0="34,46,19,58,106,135,75,40,51,29,62,88,66" hai1="89,35,54,57,78,79,3,15,123,23,56,48,33" hai2="124,94,103,52,16,60,102,116,14,131,61,101,97" hai3="114,26,87,119,59,44,112,100,25,24,122,72,42"/><W69/><G122/><T0/><D106/><U71/><E123/><V12/><F116/><W73/><G119/><T39/><D0/><U91/><E71/><V10/><F131/><W132/><G69/><T128/><D128/><U115/><E3/><V85/><F124/><W117/><G117/><T77/><D135/><U6/><E115/><V83/><F12/><W22/><G132/><T90/><D19/><U27/><E35/><V67/><F52/><W55/><G100/><N who="2" m="38505" /><F67/><W74/><G87/><T118/><D118/><U2/><E2/><V7/><F7/><W30/><G114/><T63/><D63/><U65/><E33/><V95/><F95/><W105/><G105/><T49/><D49/><U76/><E65/><V129/><F129/><W92/><G92/><T134/><D134/><U9/><E57/><V82/><F82/><W108/><G108/><T28/><D39/><U98/><E98/><V41/><F41/><W121/><G121/><T1/><D1/><U96/><E96/><V93/><F93/><W50/><REACH who="3" step="1"/><G112/><REACH who="3" ten="193,162,294,341" step="2"/><T13/><D77/><AGARI ba="4,1" hai="10,14,16,60,61,77,83,85,94,97,103" m="38505" machi="77" ten="30,2000,0" yaku="8,1,54,1" doraHai="104" who="2" fromWho="0" sc="193,-32,162,0,294,42,341,0" /><INIT seed="4,0,0,5,0,40" ten="161,162,336,341" oya="0" hai0="73,70,87,98,112,132,1,110,71,134,111,117,4" hai1="131,99,21,10,119,74,55,34,18,79,96,80,15" hai2="68,126,135,45,63,0,36,122,91,23,48,125,3" hai3="75,84,39,38,94,43,46,30,85,92,102,76,65"/><T61/><D73/><U25/><E119/><V27/><F36/><W82/><G39/><T26/><D117/><U13/><E131/><V5/><F5/><W17/><G30/><T62/><D112/><U83/><E80/><V9/><F9/><W88/><G65/><T31/><D87/><U115/><E115/><V133/><F91/><W53/><G53/><T66/><D98/><U130/><E130/><V42/><F122/><W7/><G7/><T89/><D89/><U97/><E34/><V2/><F63/><N who="0" m="24074" /><D4/><U22/><E55/><V56/><F56/><W32/><G32/><N who="0" m="20599" /><D1/><U57/><E57/><V44/><F44/><W114/><G114/><T107/><D107/><U60/><E60/><V77/><F68/><N who="0" m="26154" /><D66/><U120/><E120/><V90/><F90/><W64/><G64/><T58/><D58/><U105/><E105/><V123/><F77/><W50/><G38/><T93/><D93/><U100/><E100/><V12/><F12/><W24/><G75/><T69/><N who="0" m="26162" /><T11/><DORA hai="28" /><D11/><U6/><E99/><V116/><F116/><W103/><REACH who="3" step="1"/><G94/><REACH who="3" ten="161,162,336,331" step="2"/><T106/><D106/><U54/><E54/><V20/><F123/><W108/><G108/><AGARI ba="0,1" hai="108,110,111,132,134" m="26162,20599,24074" machi="108" ten="50,4800,0" yaku="10,1,52,1" doraHai="40,28" who="0" fromWho="3" sc="161,58,162,0,336,0,331,-48" /><INIT seed="4,1,0,2,1,47" ten="219,162,336,283" oya="0" hai0="117,111,102,4,88,76,81,33,73,101,78,87,105" hai1="62,104,7,83,8,93,29,90,57,67,23,91,85" hai2="79,72,110,115,134,96,45,121,95,68,113,13,82" hai3="46,55,65,6,116,126,5,16,77,66,64,35,60"/><T118/><D33/><U12/><E104/><V1/><F1/><W40/><G116/><N who="0" m="44651" /><D4/><N who="3" m="1641" /><G35/><T17/><D17/><U122/><E122/><V98/><F68/><W41/><G126/><T70/><D70/><U59/><E29/><V63/><F121/><W135/><G77/><N who="0" m="44207" /><D111/><U80/><E23/><V106/><F134/><W14/><G135/><T92/><D105/><U15/><E15/><V22/><F110/><W103/><G103/><AGARI ba="1,0" hai="76,78,87,88,92,101,102,103" m="44207,44651" machi="103" ten="30,5800,0" yaku="34,2,54,1" doraHai="47" who="0" fromWho="3" sc="219,61,162,0,336,0,283,-61" /><INIT seed="4,2,0,1,1,13" ten="280,162,336,222" oya="0" hai0="58,17,22,127,88,7,31,55,128,123,2,61,95" hai1="66,80,6,96,93,14,44,119,5,125,94,28,116" hai2="85,37,34,107,106,53,81,83,3,56,104,41,134" hai3="11,105,90,35,79,25,45,20,10,126,52,15,26"/><T64/><D123/><U109/><E109/><V114/><F114/><W120/><G126/><T39/><D39/><U131/><E125/><V43/><F134/><W135/><G120/><T108/><D127/><U59/><E28/><V32/><F3/><W49/><G135/><T62/><D108/><U1/><E1/><V111/><F111/><W100/><G79/><T101/><D128/><U19/><E131/><V102/><F102/><W86/><G105/><T40/><D40/><U130/><E130/><V30/><F30/><N who="3" m="17703" /><G35/><T103/><D31/><U21/><E44/><V133/><F133/><W54/><G26/><N who="0" m="14671" /><D7/><U50/><E119/><V8/><F37/><W121/><G121/><T72/><D72/><U115/><E115/><V65/><F107/><W16/><G100/><T33/><D33/><U18/><E116/><V24/><F34/><W92/><G10/><T132/><D2/><U75/><E75/><V23/><F32/><W117/><G117/><T42/><D42/><AGARI ba="2,0" hai="11,15,16,42,45,49,52,54,86,90,92" m="17703" machi="42" ten="30,7700,0" yaku="8,1,52,1,54,2" doraHai="13" who="3" fromWho="0" sc="280,-83,162,0,336,0,222,83" /><INIT seed="5,0,0,5,5,31" ten="197,162,336,305" oya="1" hai0="65,92,123,62,13,5,41,80,74,131,36,39,19" hai1="85,48,24,16,9,108,38,45,96,132,56,135,27" hai2="28,22,86,125,97,71,133,95,23,50,15,77,105" hai3="66,113,61,20,51,83,101,68,12,119,89,32,33"/><U106/><E38/><V110/><F71/><W124/><G113/><T76/><D131/><U117/><E117/><V70/><F70/><W2/><G119/><T79/><D123/><U46/><E108/><V84/><F110/><W93/><G2/><T6/><D76/><U127/><E56/><V91/><F133/><N who="1" m="51273" /><E127/><V34/><F34/><W102/><G124/><T0/><D0/><U118/><E118/><V78/><F125/><W99/><G51/><T130/><D130/><U116/><E116/><V104/><F50/><W55/><G55/><T98/><D39/><U29/><E85/><N who="2" m="32875" /><F105/><W4/><G83/><T21/><D41/><U17/><E9/><V82/><F104/><W94/><G102/><T107/><D107/><U100/><E27/><N who="2" m="16503" /><F82/><W87/><REACH who="3" step="1"/><G4/><REACH who="3" ten="197,162,336,295" step="2"/><T47/><D36/><U90/><E90/><V75/><F75/><W26/><G26/><T54/><D5/><U53/><E46/><V3/><F3/><W120/><G120/><T52/><D6/><U11/><E11/><V1/><F1/><W134/><G134/><T122/><D47/><U111/><E111/><V121/><F121/><W64/><G64/><T49/><D122/><U109/><E109/><V129/><F129/><W128/><G128/><T115/><D115/><U30/><E24/><V43/><F43/><W7/><G7/><T81/><D81/><U10/><E10/><V103/><F91/><W14/><G14/><T114/><D114/><U58/><E45/><V88/><F88/><W67/><G67/><T57/><D49/><U72/><E72/><V63/><F63/><W60/><G60/><RYUUKYOKU ba="0,1" sc="197,0,162,0,336,0,295,0" hai0="13,19,21,52,54,57,62,65,74,79,80,92,98" hai1="16,17,29,30,48,53,58,96,100,106" hai2="15,23,77,78,95,97,103" hai3="12,20,32,33,61,66,68,87,89,93,94,99,101" /><INIT seed="5,1,1,4,3,114" ten="197,162,336,295" oya="1" hai0="71,30,33,19,59,23,82,78,96,18,29,123,6" hai1="63,66,0,41,77,47,25,46,8,118,7,127,130" hai2="134,99,92,9,22,2,84,131,121,16,34,83,87" hai3="32,113,73,54,49,112,120,108,103,24,62,133,89"/><U43/><E118/><V44/><F34/><W4/><G108/><T81/><D71/><U12/><E130/><V97/><F121/><W45/><G120/><T5/><D123/><U51/><E127/><V60/><F131/><W125/><G125/><T88/><D33/><U72/><E25/><N who="2" m="14535" /><F2/><W110/><G110/><T68/><D68/><U126/><E126/><V1/><F1/><W40/><G133/><T129/><D129/><U111/><E111/><V38/><F38/><W11/><G73/><T128/><D128/><U100/><E100/><V70/><F70/><W85/><G103/><T37/><D37/><U56/><E72/><V3/><F3/><W50/><G32/><T106/><D59/><U116/><E116/><V105/><F105/><W17/><G113/><T91/><D23/><U122/><E122/><V26/><F26/><W28/><G112/><T52/><D96/><U104/><E104/><V35/><F99/><W98/><G98/><T64/><D106/><U65/><E77/><V14/><F97/><W13/><G24/><T21/><D21/><U93/><E93/><V80/><F92/><N who="3" m="54319" /><G28/><T132/><D132/><U115/><E115/><V55/><F84/><W31/><G31/><T15/><D78/><U67/><REACH who="1" step="1"/><E0/><REACH who="1" ten="197,152,336,295" step="2"/><V39/><F134/><W135/><G135/><T119/><D119/><U69/><E69/><V57/><F83/><W109/><G109/><T48/><D91/><U117/><E117/><V102/><F80/><W27/><G27/><T107/><D88/><U95/><E95/><V10/><F102/><W79/><G79/><T42/><D107/><RYUUKYOKU ba="1,2" sc="197,-10,152,30,336,-10,295,-10" hai1="7,8,12,41,43,46,47,51,56,63,65,66,67" /><INIT seed="5,2,2,0,4,91" ten="187,182,326,285" oya="1" hai0="107,67,2,4,61,79,38,0,100,51,21,93,83" hai1="49,60,120,37,24,13,27,109,6,50,5,45,95" hai2="46,31,122,132,53,87,20,29,3,113,35,42,36" hai3="59,14,85,96,101,84,72,68,40,134,121,41,34"/><U39/><E120/><V62/><F122/><W102/><G121/><T63/><D38/><U47/><E60/><V116/><F3/><W105/><G68/><T133/><D107/><U118/><E109/><V124/><F35/><W32/><G72/><T86/><D133/><U76/><E76/><V71/><F132/><W131/><G134/><T10/><D0/><U54/><E118/><V8/><F116/><W108/><G108/><T128/><D128/><U25/><E13/><V73/><F73/><W48/><G131/><T52/><D67/><U26/><N who="1" m="6144" /><DORA hai="7" /><U18/><E18/><V43/><F29/><W111/><G111/><T44/><REACH who="0" step="1"/><D21/><REACH who="0" ten="177,182,326,285" step="2"/><U66/><E66/><N who="2" m="41431" /><F20/><W19/><G105/><T119/><D119/><U92/><E39/><V135/><F36/><W106/><G106/><T22/><D22/><U115/><E37/><V33/><F135/><W114/><G114/><T30/><D30/><U129/><E129/><V77/><F31/><W57/><G34/><T99/><AGARI ba="2,3" hai="2,4,10,44,51,52,61,63,79,83,86,93,99,100" machi="99" ten="30,12000,2" yaku="1,1,0,1,52,2,54,1,53,2" doraHai="91,7" doraHaiUra="97,90" who="0" fromWho="0" sc="177,156,182,-62,326,-32,285,-32" /><INIT seed="6,0,0,3,0,63" ten="333,120,294,253" oya="2" hai0="117,100,93,33,28,97,46,49,127,6,115,8,9" hai1="110,128,99,23,121,2,70,43,11,66,7,61,126" hai2="120,92,55,30,24,25,80,111,26,10,114,40,48" hai3="76,74,118,84,82,78,90,1,41,98,94,45,133"/><V0/><F120/><W59/><G118/><T32/><D117/><U14/><E121/><V57/><F114/><W112/><G133/><T51/><D115/><U3/><E110/><V95/><F111/><W35/><G112/><T36/><D36/><U103/><E128/><V5/><F30/><W50/><G35/><T105/><D127/><U96/><E126/><V91/><F40/><W89/><G1/><T29/><D33/><U119/><E119/><V101/><F101/><W129/><G129/><T134/><D134/><U18/><E43/><V27/><N who="2" m="6144" /><DORA hai="87" /><V19/><REACH who="2" step="1"/><F19/><REACH who="2" ten="333,120,284,253" step="2"/><W71/><G71/><T12/><D32/><U39/><E39/><V65/><F65/><W88/><REACH who="3" step="1"/><G59/><REACH who="3" ten="333,120,284,243" step="2"/><T68/><D29/><U16/><E18/><V58/><F58/><W69/><G69/><T34/><D28/><U67/><E67/><V108/><F108/><W85/><G85/><AGARI ba="0,2" hai="0,5,10,48,55,57,80,85,91,92,95" m="6144" machi="85" ten="50,4800,0" yaku="1,1,52,1,53,0" doraHai="63,87" doraHaiUra="75,130" who="2" fromWho="3" sc="333,0,120,0,284,68,243,-48" /><INIT seed="6,1,0,2,1,18" ten="333,120,352,195" oya="2" hai0="48,118,80,35,85,106,97,10,95,40,37,26,110" hai1="11,88,90,47,25,124,21,52,69,92,66,105,41" hai2="62,51,3,130,19,75,123,8,116,30,89,126,77" hai3="32,76,7,20,81,64,13,63,60,71,73,50,4"/><V96/><F123/><W5/><G32/><T119/><D106/><U128/><E105/><V29/><F116/><N who="0" m="44586" /><D37/><U107/><E107/><V127/><F130/><W125/><G125/><N who="2" m="47625" /><F62/><W84/><G63/><T109/><D10/><U36/><E128/><V101/><F89/><W31/><G50/><T115/><D115/><U133/><E133/><V93/><F51/><W53/><G53/><T28/><D48/><U16/><E124/><V57/><F57/><W59/><G71/><T2/><D2/><U56/><E11/><V55/><F55/><W27/><REACH who="3" step="1"/><G73/><REACH who="3" ten="333,120,352,185" step="2"/><T103/><D40/><U49/><E92/><N who="2" m="58503" /><F75/><W134/><G134/><T99/><D99/><U34/><E34/><V113/><F93/><W6/><G6/><T114/><D114/><U68/><E69/><V108/><F113/><W91/><G91/><AGARI ba="1,1" hai="26,28,35,80,85,91,95,97,103,109,110" m="44586" machi="91" ten="30,1000,0" yaku="12,1" doraHai="18" who="0" fromWho="3" sc="333,23,120,0,352,0,185,-13" /><INIT seed="7,0,0,3,2,10" ten="356,120,352,172" oya="3" hai0="36,26,85,66,84,32,63,62,100,71,59,70,128" hai1="42,55,38,29,121,94,3,73,9,115,52,28,76" hai2="111,24,105,90,34,58,116,33,110,13,101,60,25" hai3="35,81,0,104,120,122,99,57,7,22,80,16,92"/><W65/><G35/><N who="2" m="13321" /><F90/><W44/><G104/><T1/><D1/><U109/><E121/><V11/><F101/><N who="3" m="60647" /><G0/><T23/><D36/><U49/><E109/><N who="2" m="41483" /><F58/><W68/><G68/><T91/><D32/><U2/><E115/><V45/><F60/><N who="3" m="38031" /><G122/><T69/><D128/><U119/><E119/><V126/><F45/><W6/><G120/><T51/><D100/><U31/><E2/><V118/><F105/><W61/><G44/><T67/><D51/><U27/><E94/><V39/><F39/><W14/><G61/><T72/><D72/><U5/><E27/><N who="2" m="10315" /><F126/><W15/><G6/><AGARI ba="0,0" hai="6,11,13,116,118" m="10315,41483,13321" machi="6" ten="30,3900,0" yaku="34,2,52,1" doraHai="10" who="2" fromWho="3" sc="356,0,120,0,352,39,172,-39" owari="356,16.0,120,-38.0,391,49.0,133,-27.0" /></mjloggm>