<mjloggm ver="2.3"><GO type="41"/><UN n0="%E3%82%A6%E3%83%AB%E3%83%88%E3%83%A9%E7%AB%8B%E7%9B%B4" n1="%E8%91%B5%E4%BA%9E%E5%B8%8C" n2="%68%69%6B%61%70%69%6B%61" n3="%E3%82%A2%E3%83%90%E3%83%B3%E5%85%88%E7%94%9F" dan="15,13,13,13" rate="2020,1877,1871,1836" sx="M,M,M,M"/><TAIKYOKU oya="0"/><INIT seed="0,0,0,4,1,1" ten="250,250,250,250" oya="0" hai0="24,54,78,135,98,13,46,83,108,69,63,19,95" hai1="85,21,134,49,91,51,23,90,30,125,0,40,102" hai2="45,88,99,133,100,129,20,103,80,120,70,41,132" hai3="75,131,36,59,73,37,110,50,114,27,115,60,15"/><T2/><D2/><U25/><E125/><V62/><F120/><W101/><G101/><T12/><D135/><U116/><E134/><N who="2" m="51819" /><F129/><W10/><G110/><T130/><D130/><U38/><E116/><V33/><F33/><W31/><G131/><T81/><D108/><U86/><E0/><V72/><F20/><W39/><G75/><T122/><D122/><U57/><E102/><V43/><F72/><W48/><G73/><T82/><D78/><U67/><E38/><N who="2" m="21687" /><F43/><W87/><G87/><N who="1" m="33290" /><E21/><V16/><F80/><W29/><G50/><N who="1" m="18954" /><E40/><V104/><F103/><W126/><G48/><T123/><D123/><U14/><E14/><V11/><F70/><W84/><G84/><T97/><D46/><U66/><E57/><V77/><F77/><W8/><G126/><T68/><D68/><U113/><E113/><V65/><F65/><AGARI ba="0,0" hai="23,25,30,65,66,67,90,91" m="18954,33290" machi="65" ten="30,1000,0" yaku="8,1" doraHai="1" who="1" fromWho="2" sc="250,0,250,10,250,-10,250,0" /><INIT seed="1,0,0,4,2,125" ten="250,260,240,250" oya="1" hai0="87,12,19,113,15,59,93,47,4,50,120,126,79" hai1="43,115,14,31,121,2,8,25,73,106,39,96,34" hai2="97,119,85,5,63,62,135,60,23,128,17,7,130" hai3="86,0,53,3,1,90,129,109,104,84,28,131,20"/><U116/><E115/><V124/><F119/><W101/><G109/><T57/><D126/><U111/><E121/><V71/><F124/><W29/><G53/><T114/><D120/><U123/><E123/><V103/><F71/><W108/><G108/><T69/><D69/><U32/><E111/><V22/><F85/><W46/><G46/><T41/><D113/><U70/><E116/><V21/><F17/><W134/><G134/><T83/><D114/><U133/><E133/><V61/><N who="2" m="15872" /><DORA hai="122" /><V127/><F127/><W11/><G86/><T26/><D26/><U13/><E70/><V112/><F135/><W9/><G104/><T36/><D36/><U89/><E73/><V78/><F112/><W6/><G101/><T58/><D93/><U56/><E56/><V27/><F78/><W52/><G52/><T77/><D77/><U33/><E43/><V102/><F27/><W42/><G42/><T38/><D38/><U45/><E45/><V82/><F82/><W55/><G55/><T51/><D51/><U40/><E40/><V48/><F48/><W37/><G37/><T80/><D80/><U54/><E54/><V105/><REACH who="2" step="1"/><F102/><REACH who="2" ten="250,260,230,250" step="2"/><W24/><G11/><N who="0" m="4199" /><D58/><U94/><E39/><V92/><F92/><W100/><G100/><T132/><D132/><U66/><E66/><V88/><F88/><W65/><G29/><T110/><D110/><U81/><E81/><V16/><F16/><W64/><G65/><T30/><D30/><U117/><E117/><V35/><F35/><W98/><G64/><T10/><AGARI ba="0,1" hai="10,15,19,41,47,50,57,59,79,83,87" m="4199" machi="10" ten="30,2000,0" yaku="25,1,8,1" doraHai="125,122" who="0" fromWho="0" sc="250,30,260,-10,230,-5,250,-5" /><INIT seed="2,0,0,1,0,78" ten="280,250,225,245" oya="2" hai0="9,34,131,64,15,4,24,103,39,36,87,10,92" hai1="106,46,107,52,43,82,11,115,126,8,49,35,129" hai2="62,93,90,30,1,32,17,91,6,110,113,123,116" hai3="135,61,76,26,83,31,65,56,120,19,0,55,124"/><V122/><F116/><W71/><G120/><T48/><D131/><U67/><E115/><V38/><F113/><W97/><G124/><T94/><D64/><U77/><E126/><V27/><F38/><W2/><G135/><T133/><D133/><U109/><E109/><V102/><F110/><W117/><G19/><T104/><D104/><U53/><E129/><V105/><F105/><W112/><G97/><T28/><D92/><U100/><E35/><V60/><F102/><W57/><G112/><T86/><D86/><U66/><E106/><V130/><F130/><W125/><G125/><T96/><D48/><U63/><E100/><V80/><F17/><W89/><G89/><T5/><REACH who="0" step="1"/><D87/><REACH who="0" ten="270,250,225,245" step="2"/><N who="1" m="48591" /><E107/><V12/><F123/><W58/><G117/><T50/><D50/><U74/><E74/><V22/><F122/><W81/><G76/><T99/><D99/><U16/><E67/><V23/><F91/><W45/><G65/><T54/><D54/><N who="1" m="21099" /><E66/><V75/><F75/><W69/><G61/><T95/><D95/><U42/><E63/><V13/><F62/><W41/><G55/><T119/><D119/><U121/><E121/><V98/><F60/><W44/><G41/><T127/><D127/><U114/><E114/><V134/><F134/><W3/><G31/><T29/><D29/><U25/><E42/><V72/><F72/><W85/><G85/><T118/><D118/><U20/><AGARI ba="0,1" hai="8,11,16,20,25,43,46,49" m="21099,48591" machi="20" ten="30,7900,0" yaku="8,1,52,1,54,2" doraHai="78" who="1" fromWho="1" sc="270,-20,250,89,225,-39,245,-20" /><INIT seed="3,0,0,3,2,101" ten="250,339,186,225" oya="3" hai0="89,59,123,126,120,113,67,38,12,76,35,36,21" hai1="72,109,75,57,18,90,27,87,43,20,85,51,100" hai2="1,79,32,84,60,97,11,133,94,78,40,107,5" hai3="119,88,34,9,91,92,47,68,25,69,10,8,23"/><W45/><G119/><T17/><D35/><U19/><E109/><V106/><F133/><W37/><G34/><T128/><D76/><U115/><E115/><V99/><F32/><W118/><G118/><T7/><D126/><U48/><E100/><V46/><F60/><W82/><G82/><T105/><D128/><U130/><E130/><V116/><F116/><W44/><G37/><T53/><D67/><U54/><E19/><V31/><F31/><W55/><G55/><T77/><D77/><U2/><E2/><V70/><F70/><W121/><G121/><T0/><D113/><U50/><E72/><V4/><F4/><W42/><G42/><T127/><D127/><U14/><E75/><V49/><F97/><W56/><G56/><T93/><D7/><U132/><E132/><V13/><F1/><W104/><G104/><T58/><D0/><U64/><E43/><V134/><F134/><W124/><G124/><T95/><D95/><N who="1" m="54735" /><E64/><V71/><F71/><W108/><G108/><T131/><D131/><U129/><E129/><V39/><F39/><W28/><REACH who="3" step="1"/><G91/><REACH who="3" ten="250,339,186,215" step="2"/><T65/><D38/><U102/><E57/><N who="0" m="21513" /><D36/><U30/><E54/><V22/><F79/><W15/><G15/><T80/><D53/><U66/><E66/><V114/><F114/><W86/><AGARI ba="0,1" hai="8,9,10,23,25,28,44,45,47,68,69,86,88,92" machi="86" ten="30,11700,0" yaku="1,1,0,1,54,1,53,1" doraHai="101" doraHaiUra="83" who="3" fromWho="3" sc="250,-39,339,-39,186,-39,215,127" /><INIT seed="3,1,0,1,0,130" ten="211,300,147,342" oya="3" hai0="58,4,48,81,94,68,110,90,118,133,47,73,64" hai1="19,0,55,15,126,80,76,54,43,63,96,25,107" hai2="132,28,108,91,39,98,53,84,101,128,120,27,42" hai3="102,21,59,6,13,65,22,24,16,7,56,38,104"/><W111/><G38/><T26/><D118/><U67/><E0/><V127/><F108/><W125/><G111/><T95/><D68/><U129/><E129/><V88/><F128/><W41/><G41/><T49/><D110/><U131/><E131/><V17/><F127/><W114/><G114/><T72/><D72/><U61/><E43/><V83/><F120/><W82/><G125/><T135/><D4/><U9/><E25/><V2/><F2/><W51/><G104/><T87/><D73/><U33/><E33/><V44/><F53/><W124/><G124/><T50/><D47/><U112/><E112/><V99/><F17/><W34/><G34/><T92/><REACH who="0" step="1"/><D26/><REACH who="0" ten="201,300,147,342" step="2"/><U74/><E126/><V40/><F40/><W12/><G24/><T134/><D134/><U29/><E74/><V121/><F121/><W97/><G59/><T57/><D57/><U116/><E116/><V11/><F132/><W32/><G56/><T122/><D122/><U70/><E70/><V30/><F30/><W62/><G6/><T18/><D18/><U14/><E19/><V46/><F46/><W75/><G7/><T69/><D69/><U78/><E29/><V66/><F28/><W23/><G16/><T52/><D52/><U20/><E54/><V77/><F27/><W109/><G109/><T123/><D123/><U117/><E55/><V60/><F44/><W8/><G65/><T71/><D71/><U86/><E67/><V3/><F66/><W113/><G113/><T103/><D103/><U37/><E117/><V1/><F101/><W105/><G102/><T93/><D93/><RYUUKYOKU ba="1,1" sc="201,30,300,-10,147,-10,342,-10" hai0="48,49,50,58,64,81,87,90,92,94,95,133,135" /><INIT seed="4,2,1,5,5,112" ten="231,290,137,332" oya="0" hai0="55,135,11,46,9,97,25,78,82,21,47,71,34" hai1="87,18,2,108,37,96,75,104,93,5,98,91,83" hai2="131,76,23,90,92,49,134,56,4,84,77,103,43" hai3="114,102,105,31,66,60,16,128,100,118,44,124,117"/><T42/><D34/><U86/><E37/><V67/><F131/><W30/><G128/><T41/><D71/><U73/><E108/><V51/><F134/><W69/><G124/><T70/><D70/><U27/><E5/><V28/><F4/><W95/><G114/><T94/><D135/><U123/><E2/><V39/><F39/><W54/><G102/><T45/><D55/><U29/><E123/><V68/><F68/><W35/><G95/><T32/><D32/><U17/><E17/><V13/><F103/><W79/><G79/><T133/><D133/><U81/><E18/><V12/><F12/><W0/><G0/><T65/><D65/><U109/><E109/><V130/><F130/><W57/><G44/><T110/><D110/><U85/><E27/><V106/><F106/><W7/><G7/><T52/><D52/><U38/><E29/><V10/><F10/><N who="0" m="3594" /><D82/><N who="1" m="31243" /><E38/><V107/><F107/><W15/><G31/><N who="0" m="17839" /><D78/><N who="2" m="30314" /><F43/><W64/><G64/><T61/><D61/><U58/><E58/><V62/><F13/><W132/><G132/><T26/><D26/><AGARI ba="2,1" hai="23,26,28,49,51,56,62,67,84,90,92" m="30314" machi="26" ten="30,1000,0" yaku="8,1" doraHai="112" who="2" fromWho="0" sc="231,-16,290,0,137,26,332,0" /><INIT seed="5,0,0,4,5,58" ten="215,290,163,332" oya="1" hai0="106,111,135,21,103,1,124,100,31,54,99,32,77" hai1="43,82,118,105,71,119,90,121,70,104,0,45,120" hai2="48,38,117,134,56,28,18,53,6,59,76,78,66" hai3="27,68,47,102,72,97,15,35,98,131,41,101,3"/><U46/><E0/><V20/><F117/><N who="1" m="44553" /><E90/><V123/><F123/><N who="1" m="47177" /><E82/><V91/><F134/><W95/><G3/><T128/><D111/><U132/><E132/><V89/><F38/><W85/><G72/><T108/><D124/><U114/><E114/><V86/><F28/><W63/><G131/><T14/><D128/><U122/><N who="1" m="47185" /><U37/><DORA hai="113" /><E105/><V4/><F4/><W19/><G85/><T51/><D108/><U92/><E92/><V16/><F6/><W25/><G35/><T62/><D1/><U2/><E2/><V10/><F10/><W30/><G30/><T93/><D135/><U49/><E104/><V127/><F127/><W130/><G130/><T42/><D32/><U44/><E44/><V133/><F133/><W69/><G15/><T26/><D106/><U81/><E81/><V55/><F91/><W8/><G8/><T73/><D14/><U87/><E87/><V11/><F66/><W129/><G19/><N who="2" m="7209" /><F11/><W39/><G129/><T61/><D103/><U36/><E36/><V65/><F65/><W52/><G25/><T126/><D126/><U60/><E60/><N who="0" m="23145" /><D77/><U115/><E115/><V12/><F12/><W112/><G27/><T116/><D116/><U96/><E96/><V57/><F20/><W88/><G112/><T83/><D83/><U33/><E33/><V75/><F75/><W17/><G102/><T94/><D73/><U13/><E13/><V67/><F78/><W109/><G101/><T125/><D125/><U64/><E64/><V23/><F67/><W22/><G98/><T74/><D99/><U5/><E5/><RYUUKYOKU ba="0,0" sc="215,-10,290,30,163,-10,332,-10" hai1="37,43,45,46,49,70,71" /><INIT seed="5,1,0,1,1,127" ten="205,320,153,322" oya="1" hai0="106,9,82,128,105,76,111,8,3,129,2,12,104" hai1="35,46,41,99,33,124,50,63,92,51,42,0,112" hai2="102,103,115,110,47,61,64,90,101,69,20,93,22" hai3="133,53,54,40,45,114,130,86,56,10,78,65,13"/><U29/><E0/><V55/><F110/><W117/><G117/><T36/><D36/><U48/><E112/><V126/><F126/><W58/><G114/><T31/><D31/><U7/><E124/><V85/><F115/><W27/><G133/><T89/><D89/><U5/><E63/><V91/><F91/><W95/><G65/><T100/><D100/><U75/><E75/><V116/><F116/><W66/><G66/><T79/><D111/><U32/><E29/><V134/><F134/><W39/><G95/><T118/><D118/><U15/><E46/><V107/><F107/><W26/><G130/><N who="0" m="50283" /><D79/><U17/><E5/><V80/><F80/><W16/><G54/><T37/><D37/><U108/><E7/><V18/><F18/><W87/><G56/><T44/><D44/><U77/><E77/><V119/><F119/><W98/><G98/><T52/><D52/><U97/><E108/><V125/><F125/><W135/><G135/><T24/><D24/><U23/><REACH who="1" step="1"/><E92/><REACH who="1" ten="205,310,153,322" step="2"/><V14/><REACH who="2" step="1"/><F14/><REACH who="2" ten="205,310,143,322" step="2"/><W83/><REACH who="3" step="1"/><G87/><REACH who="3" ten="205,310,143,312" step="2"/><N who="0" m="48583" /><D12/><U73/><E73/><V72/><F72/><W113/><G113/><T96/><D96/><AGARI ba="1,3" hai="15,17,23,32,33,35,41,42,48,50,51,96,97,99" machi="96" ten="50,2400,0" yaku="1,1,53,0" doraHai="127" doraHaiUra="4" who="1" fromWho="0" sc="205,-27,310,57,143,0,312,0" /><INIT seed="5,2,0,2,1,77" ten="178,367,143,312" oya="1" hai0="2,84,58,119,72,23,108,60,65,69,46,5,25" hai1="31,105,26,41,39,101,70,71,73,79,52,114,116" hai2="68,76,74,56,4,54,100,59,1,43,89,8,45" hai3="127,20,22,111,49,28,19,110,86,47,121,61,16"/><U50/><E116/><V131/><F131/><W63/><G121/><T67/><D72/><U97/><E114/><V83/><F68/><W6/><G6/><T91/><D108/><U37/><E41/><V29/><F100/><W57/><G127/><T102/><D102/><U80/><E71/><V64/><F64/><W10/><G111/><T78/><D78/><U53/><E70/><V130/><F130/><W38/><G38/><T134/><D134/><U115/><E115/><V21/><F89/><W12/><G110/><T95/><D119/><U103/><E103/><V94/><F94/><W66/><G63/><T133/><D133/><U55/><REACH who="1" step="1"/><E50/><REACH who="1" ten="178,357,143,312" step="2"/><V107/><F107/><W3/><G49/><T24/><D69/><U40/><E40/><V87/><F54/><W117/><G117/><T112/><D112/><U81/><E81/><V99/><F99/><W27/><G47/><T124/><D46/><U129/><E129/><V33/><F33/><AGARI ba="2,1" hai="26,31,33,37,39,52,53,55,73,79,80,97,101,105" machi="33" ten="40,12000,1" yaku="1,1,52,1,54,1,53,1" doraHai="77" doraHaiUra="98" who="1" fromWho="2" sc="178,0,357,136,143,-126,312,0" /><INIT seed="5,3,0,5,0,128" ten="178,493,17,312" oya="1" hai0="91,132,50,114,55,65,79,90,83,112,44,124,39" hai1="32,42,27,16,0,18,85,35,119,77,94,20,43" hai2="98,123,10,73,5,92,97,6,8,53,127,74,30" hai3="120,116,131,9,102,96,134,80,33,37,118,19,23"/><U15/><E119/><N who="3" m="45610" /><G33/><T68/><D124/><U81/><E0/><V99/><F127/><W59/><G131/><T108/><D108/><U64/><E64/><V58/><F123/><W40/><G120/><T110/><D110/><U130/><E130/><V82/><F30/><W69/><G69/><T38/><D90/><U4/><E4/><V89/><F82/><W111/><G111/><T84/><D91/><U48/><E94/><V3/><F89/><W22/><G80/><T109/><D109/><U7/><E7/><V135/><F135/><W63/><G134/><T78/><D78/><U122/><E122/><V49/><REACH who="2" step="1"/><F92/><REACH who="2" ten="178,493,7,312" step="2"/><W24/><G37/><N who="0" m="13835" /><D83/><U36/><E81/><V62/><F62/><W67/><G40/><T28/><D28/><U12/><E36/><V125/><F125/><W88/><G88/><T86/><D79/><U105/><E42/><V47/><F47/><W117/><G117/><T14/><D132/><U87/><E43/><V75/><F75/><W76/><G76/><T66/><D44/><U41/><E77/><V26/><F26/><W104/><G22/><T133/><D133/><U107/><E20/><V31/><F31/><W100/><G100/><T29/><D29/><U95/><E27/><V57/><F57/><W71/><G71/><T115/><D68/><U121/><E121/><V56/><F56/><W2/><G2/><AGARI ba="3,1" hai="2,3,5,6,8,10,49,53,58,73,74,97,98,99" machi="2" ten="40,5200,0" yaku="1,1,9,1,53,1" doraHai="128" doraHaiUra="46" who="2" fromWho="3" sc="178,0,493,0,7,71,312,-61" /><INIT seed="6,0,0,2,3,46" ten="178,493,78,251" oya="2" hai0="131,114,38,16,10,76,18,3,112,54,113,129,53" hai1="63,122,100,92,61,87,123,62,27,52,75,55,60" hai2="40,106,0,111,88,32,90,83,66,135,8,98,95" hai3="57,125,67,65,118,89,20,31,104,126,9,72,117"/><V49/><F32/><W116/><G72/><T91/><D38/><U37/><E75/><V73/><F135/><W78/><G78/><T107/><D107/><U68/><E37/><V5/><F66/><N who="3" m="25099" /><G104/><T86/><D76/><U96/><E68/><V115/><F115/><W85/><G9/><T35/><D35/><U77/><E63/><V102/><F111/><W84/><G20/><T103/><D103/><U130/><E27/><V105/><F73/><W7/><G7/><T69/><D69/><U56/><E130/><N who="0" m="49673" /><D3/><U4/><E4/><V26/><F26/><W12/><G12/><N who="0" m="7191" /><D18/><U48/><E55/><V109/><F109/><W80/><G31/><T110/><D110/><U1/><E1/><V82/><F106/><W79/><G57/><T15/><D15/><U132/><E77/><V11/><F11/><W34/><G34/><T120/><D120/><N who="1" m="46123" /><E132/><V70/><F70/><W42/><G42/><T36/><D36/><U59/><E87/><N who="3" m="33354" /><G79/><T97/><D97/><U51/><E59/><V101/><F105/><W39/><G39/><T21/><D21/><U24/><E24/><V74/><F74/><W94/><G80/><AGARI ba="0,0" hai="53,54,80,86,91,112,113,114" m="7191,49673" machi="80" ten="40,5200,0" yaku="15,1,19,1,54,1" doraHai="46" who="0" fromWho="3" sc="178,52,493,0,78,0,251,-52" /><INIT seed="7,0,0,5,3,40" ten="230,493,78,199" oya="3" hai0="76,33,53,45,56,52,48,92,116,124,51,42,11" hai1="105,70,43,91,118,78,17,107,60,68,98,69,0" hai2="13,82,28,50,127,4,38,106,74,41,1,121,24" hai3="117,130,65,30,132,6,63,66,25,80,125,104,97"/><W112/><G117/><T59/><D33/><U93/><E0/><V9/><F127/><W96/><G125/><T31/><D124/><U23/><E78/><V72/><F50/><W27/><G112/><T102/><D116/><U15/><E118/><V83/><F121/><W61/><G132/><T62/><D76/><U109/><E109/><V99/><F13/><W14/><G130/><T101/><D31/><U95/><E43/><V47/><F82/><W135/><G135/><T110/><D110/><U129/><E129/><V114/><F114/><W120/><G120/><T134/><D134/><U81/><E81/><V88/><F88/><W86/><G104/><T71/><D71/><U21/><E60/><N who="3" m="23114" /><G30/><T122/><D122/><U77/><E77/><V123/><F123/><W32/><G32/><T90/><D11/><U58/><E58/><V22/><F83/><W84/><G14/><T3/><D3/><U10/><REACH who="1" step="1"/><E95/><REACH who="1" ten="230,483,78,199" step="2"/><V37/><F37/><W133/><G133/><T29/><REACH who="0" step="1"/><D29/><REACH who="0" ten="220,483,78,199" step="2"/><U87/><E87/><AGARI ba="0,2" hai="42,45,48,51,52,53,56,59,62,87,90,92,101,102" machi="87" ten="30,12000,2" yaku="1,1,2,1,7,1,8,1,52,1,54,1,53,0" doraHai="40" doraHaiUra="115" who="0" fromWho="1" sc="220,140,483,-120,78,0,199,0" owari="360,16.0,363,46.0,78,-42.0,199,-20.0" /></mjloggm>