<mjloggm ver="2.3"><GO type="169"/><UN n0="%6D%61%63%6A%72" n1="%EF%BC%88%E2%89%A7%E2%96%BD%E2%89%A6%EF%BC%89" n2="%E3%83%AA%E3%83%84%E3%83%9F%E3%82%B5%E3%83%B3" n3="%E8%B6%85%E3%83%92%E3%83%A2%E3%83%AA%E3%83%AD" dan="16,16,17,17" rate="2113,2128,2140,2089" sx="F,M,M,F"/><TAIKYOKU oya="0"/><INIT seed="0,0,0,2,1,58" ten="250,250,250,250" oya="0" hai0="86,6,116,45,16,42,15,25,56,85,31,84,113" hai1="40,41,67,80,108,121,133,38,10,21,55,120,23" hai2="106,9,92,63,118,135,95,93,30,1,71,90,60" hai3="51,125,117,27,57,75,107,24,22,20,49,0,36"/><T43/><D116/><U69/><E133/><V33/><F106/><W11/><G36/><T81/><D113/><U70/><E108/><V130/><F135/><W48/><G75/><T129/><D129/><U123/><E10/><V79/><F130/><W127/><G107/><T18/><D6/><U114/><E114/><V59/><F79/><W72/><G72/><T2/><D2/><U35/><E35/><V65/><F118/><W96/><G117/><T83/><D56/><U122/><E122/><V112/><F112/><W82/><G82/><N who="0" m="31243" /><D45/><U119/><E119/><V66/><F30/><W104/><G57/><T61/><D31/><U102/><E102/><V76/><F76/><W128/><G128/><T3/><D3/><U110/><E80/><V14/><F1/><W37/><G37/><T52/><D52/><U54/><E38/><V39/><F33/><W98/><G0/><T5/><D61/><U91/><E91/><V87/><REACH who="2" step="1"/><F39/><REACH who="2" ten="250,250,240,250" step="2"/><W77/><G104/><T7/><D7/><AGARI ba="0,1" hai="7,9,14,59,60,63,65,66,71,87,90,92,93,95" machi="7" ten="30,8000,1" yaku="1,1,2,1,7,1,52,2,53,0" doraHai="58" doraHaiUra="111" who="2" fromWho="0" sc="250,-80,250,0,240,90,250,0" /><INIT seed="1,0,0,1,5,35" ten="170,250,330,250" oya="1" hai0="7,93,22,3,33,108,127,49,27,78,90,121,12" hai1="45,1,104,86,13,72,53,107,77,85,64,120,81" hai2="67,34,43,73,103,24,29,102,94,89,54,83,25" hai3="17,122,19,95,57,119,18,23,20,76,60,115,4"/><U91/><E120/><V123/><F67/><W36/><G36/><T82/><D121/><U26/><E64/><V52/><F43/><W16/><G122/><T125/><D108/><U38/><E26/><V133/><F133/><W15/><G115/><T56/><D33/><U112/><E112/><V32/><F123/><W44/><G44/><T75/><D12/><U118/><E118/><V124/><F124/><W48/><G48/><T28/><D56/><U109/><E109/><V135/><F135/><W88/><G76/><T98/><REACH who="0" step="1"/><D49/><REACH who="0" ten="160,250,330,250" step="2"/><U47/><E13/><V69/><F34/><W50/><G50/><T129/><D129/><U0/><E38/><V105/><F69/><W40/><G119/><T39/><D39/><U92/><E53/><V101/><F54/><N who="3" m="33847" /><G40/><T97/><D97/><U100/><E85/><V74/><F52/><W10/><N who="3" m="4096" /><DORA hai="62" /><W126/><G126/><T42/><D42/><U14/><E14/><V65/><F32/><W58/><G58/><T70/><D70/><U21/><E21/><V116/><F116/><W131/><G131/><T130/><D130/><U71/><E71/><V66/><F66/><W134/><G134/><T106/><D106/><U61/><E107/><V6/><F105/><W9/><G9/><AGARI ba="0,1" hai="3,7,9,22,27,28,75,78,82,90,93,98,125,127" machi="9" ten="40,5200,0" yaku="1,1,52,1,53,1" doraHai="35,62" doraHaiUra="80,79" who="0" fromWho="3" sc="160,62,250,0,330,0,250,-52" /><INIT seed="2,0,0,3,4,2" ten="222,250,330,198" oya="2" hai0="68,85,108,48,34,114,119,3,82,81,27,93,54" hai1="25,90,40,126,87,127,49,103,104,102,117,123,75" hai2="29,41,45,50,98,6,38,65,89,110,51,132,21" hai3="23,4,74,47,7,66,14,58,106,13,53,71,62"/><V124/><F132/><W35/><G35/><T105/><D105/><U77/><E117/><V133/><F133/><W55/><G74/><T78/><D114/><U36/><E36/><V118/><F118/><W115/><G106/><T20/><D119/><U120/><E25/><V94/><F124/><N who="1" m="47657" /><E40/><V97/><F65/><W39/><G115/><T96/><D108/><U18/><E18/><V79/><F79/><W46/><G55/><T63/><D34/><U84/><E49/><V61/><F61/><W33/><G33/><T16/><D3/><U10/><E10/><V30/><F110/><W112/><G112/><T122/><D122/><N who="1" m="46635" /><E104/><V72/><F38/><W113/><G113/><T57/><D68/><U9/><E9/><V5/><F51/><N who="3" m="31039" /><G47/><T64/><D48/><U19/><E19/><V1/><F1/><W12/><G23/><T8/><D8/><U28/><E28/><V100/><F21/><W130/><G130/><T83/><REACH who="0" step="1"/><D64/><REACH who="0" ten="212,250,330,198" step="2"/><U42/><E42/><AGARI ba="0,1" hai="4,7,12,13,14,39,42,46,62,66,71" m="31039" machi="42" ten="30,3900,0" yaku="24,1,52,2" doraHai="2" who="3" fromWho="1" sc="212,0,250,-39,330,0,198,49" /><INIT seed="3,0,0,1,3,87" ten="212,211,330,247" oya="3" hai0="43,0,34,36,6,89,31,26,17,14,107,94,23" hai1="96,101,110,39,48,69,66,19,95,47,25,65,97" hai2="29,119,8,132,67,7,30,133,120,112,129,68,122" hai3="1,75,118,40,5,123,52,127,11,92,45,2,49"/><W86/><G75/><T72/><D72/><U125/><E110/><V83/><F68/><W3/><G118/><T91/><D107/><U28/><E125/><V51/><F67/><W60/><G123/><N who="2" m="47145" /><F51/><W90/><G127/><T13/><D13/><U27/><E39/><V100/><F100/><W10/><G10/><N who="0" m="2375" /><D94/><U73/><E73/><V59/><F59/><W58/><AGARI ba="0,0" hai="1,2,3,5,11,40,45,49,52,58,60,86,90,92" machi="58" ten="30,6000,0" yaku="0,1,52,1,54,1" doraHai="87" who="3" fromWho="3" sc="212,-20,211,-20,330,-20,247,60" /><INIT seed="3,1,0,5,3,60" ten="192,191,310,307" oya="3" hai0="18,40,117,86,3,74,46,37,24,21,109,41,52" hai1="75,72,48,64,97,118,78,127,119,55,22,20,30" hai2="0,128,122,129,104,70,31,112,115,19,91,47,96" hai3="35,6,62,126,34,121,89,88,28,77,114,39,58"/><W125/><G114/><T98/><D74/><U54/><E127/><N who="3" m="48650" /><G39/><T15/><D3/><U16/><E97/><V36/><F122/><W105/><G105/><T43/><D117/><N who="1" m="44555" /><E78/><V99/><F0/><W116/><G116/><T95/><D109/><U56/><E30/><V68/><F36/><W66/><G121/><T102/><D86/><U123/><E123/><V113/><F31/><W25/><G6/><T59/><REACH who="0" step="1"/><D24/><REACH who="0" ten="182,191,310,307" step="2"/><N who="1" m="14343" /><E22/><V13/><F113/><W135/><G135/><T7/><D7/><U49/><E64/><V90/><F115/><W85/><G35/><T130/><D130/><U42/><E42/><V111/><F129/><W63/><G34/><T14/><D14/><U1/><E1/><V132/><F13/><W33/><G85/><T87/><D87/><U5/><E5/><V8/><F128/><W82/><G33/><T4/><D4/><U32/><E32/><V57/><F132/><W94/><G25/><T120/><D120/><U10/><E10/><V83/><F8/><W107/><G66/><T2/><D2/><U84/><E84/><V101/><F112/><W38/><G77/><T93/><D93/><U81/><E81/><V71/><F83/><W53/><G82/><T11/><D11/><U73/><E73/><V79/><F79/><W76/><G76/><T80/><D80/><U61/><E61/><AGARI ba="1,1" hai="15,18,21,37,40,41,43,46,52,59,61,95,98,102" machi="61" ten="30,3900,0" yaku="1,1,7,1,54,1,53,0" doraHai="60" doraHaiUra="110" who="0" fromWho="1" sc="182,52,191,-42,310,0,307,0" /><INIT seed="4,0,0,5,2,90" ten="234,149,310,307" oya="0" hai0="102,79,67,34,5,60,1,125,4,130,127,31,3" hai1="25,74,18,11,52,36,40,114,71,101,95,15,126" hai2="81,108,0,78,17,69,30,93,107,58,44,133,24" hai3="39,98,110,41,85,48,113,122,29,103,33,70,100"/><T53/><D130/><U109/><E109/><V96/><F69/><W92/><G70/><T16/><D79/><U46/><E126/><N who="0" m="48137" /><D53/><U56/><E74/><V49/><F133/><W84/><G110/><T8/><D102/><U9/><E71/><V14/><F0/><N who="0" m="74" /><D60/><U128/><E128/><V91/><F108/><W2/><G103/><T117/><D67/><U55/><E25/><V23/><F107/><W26/><G100/><T51/><D51/><U43/><E43/><V116/><F58/><W12/><G48/><T61/><D61/><U75/><E75/><V76/><F116/><W124/><G41/><T135/><D117/><U129/><E129/><V28/><F81/><W77/><G77/><N who="2" m="29801" /><F24/><W87/><G124/><T97/><D97/><U35/><E35/><V32/><F32/><W54/><G98/><T99/><D99/><N who="1" m="59647" /><E55/><AGARI ba="0,0" hai="14,17,23,28,30,44,49,55,91,93,96" m="29801" machi="55" ten="30,2000,0" yaku="8,1,52,1" doraHai="90" who="2" fromWho="1" sc="234,0,149,-20,310,20,307,0" /><INIT seed="5,0,0,3,5,4" ten="234,129,330,307" oya="1" hai0="75,90,69,86,45,112,81,92,89,99,123,41,132" hai1="57,14,100,126,61,1,27,38,32,39,129,64,7" hai2="120,21,50,60,133,68,87,109,135,88,66,25,51" hai3="29,119,134,124,30,74,122,103,130,108,111,131,76"/><U59/><E1/><V18/><F120/><W73/><G122/><T42/><D123/><U125/><E129/><V63/><F109/><W116/><G103/><T10/><D69/><U44/><E100/><V31/><F63/><W20/><G20/><T8/><D75/><N who="3" m="28681" /><G76/><T78/><D112/><U105/><E105/><V71/><F71/><W106/><G106/><T114/><D114/><U128/><E128/><N who="3" m="49194" /><G124/><N who="1" m="47722" /><E44/><V49/><REACH who="2" step="1"/><F31/><REACH who="2" ten="234,129,320,307" step="2"/><N who="3" m="11787" /><G134/><T117/><D132/><U28/><E57/><V13/><F13/><W101/><G101/><T19/><D45/><U58/><E59/><V47/><F47/><W37/><G37/><T34/><D117/><AGARI ba="0,1" hai="108,111,116,117,119" m="11787,49194,28681" machi="117" ten="40,8000,1" yaku="28,2,12,1,19,1" doraHai="4" who="3" fromWho="0" sc="234,-80,129,0,320,0,307,90" /><INIT seed="6,0,0,5,0,123" ten="154,129,320,397" oya="2" hai0="47,32,103,92,62,13,91,112,51,8,66,59,95" hai1="90,27,56,126,118,110,101,55,33,67,81,102,75" hai2="36,106,97,1,64,6,14,83,17,22,129,69,50" hai3="0,57,107,65,77,44,25,88,63,42,114,105,5"/><V113/><F129/><W40/><G40/><T61/><D32/><U72/><E118/><V4/><F113/><W80/><G25/><T54/><D112/><U41/><E41/><V119/><F36/><N who="3" m="21575" /><G88/><T128/><D128/><U73/><E126/><V11/><F119/><W124/><G124/><T23/><D23/><U115/><E115/><V21/><F69/><W132/><G132/><T108/><D108/><U2/><E2/><V39/><F64/><W84/><G84/><T43/><D103/><U93/><E110/><V85/><F39/><W49/><G49/><T122/><D122/><U18/><E67/><V76/><F50/><W104/><G114/><T86/><D92/><U135/><E81/><V96/><F6/><W87/><G87/><T3/><D3/><U99/><E135/><V78/><F78/><W35/><G35/><T109/><D109/><U111/><E111/><V100/><REACH who="2" step="1"/><F97/><REACH who="2" ten="154,129,310,397" step="2"/><W31/><G5/><N who="0" m="3215" /><D61/><N who="1" m="35999" /><E33/><V15/><F15/><W60/><G0/><T134/><D134/><U121/><E121/><V70/><F70/><W117/><G63/><T37/><D37/><U24/><E24/><V26/><F26/><W94/><G117/><T133/><D133/><U68/><E68/><V74/><F74/><N who="1" m="18945" /><U130/><DORA hai="89" /><E130/><V98/><F98/><W46/><G60/><T29/><D66/><U45/><E45/><V38/><F38/><W7/><G65/><T9/><D47/><U79/><E79/><V116/><F116/><W34/><G46/><T82/><D51/><U120/><E120/><V30/><F30/><W16/><G77/><T20/><D29/><RYUUKYOKU ba="0,1" sc="154,-15,129,15,310,15,397,-15" hai1="18,27,90,93,99,101,102" hai2="1,4,11,14,17,21,22,76,83,85,96,100,106" /><INIT seed="6,1,1,4,2,52" ten="139,144,325,382" oya="2" hai0="70,61,132,23,37,39,7,116,102,31,74,5,20" hai1="78,55,134,56,110,13,117,125,97,49,46,15,59" hai2="33,127,131,82,54,118,6,63,87,113,107,77,92" hai3="79,81,114,73,27,129,80,119,44,91,26,45,88"/><V65/><F118/><W9/><G119/><T29/><D116/><U123/><E110/><V109/><F33/><W10/><G79/><T130/><D74/><U86/><E117/><V60/><F107/><W133/><G73/><T93/><D61/><U100/><E134/><V50/><F109/><W0/><G0/><T66/><D93/><N who="1" m="58415" /><E125/><V22/><F127/><W17/><G17/><T24/><D70/><U101/><E101/><V58/><F131/><W35/><G35/><T121/><D102/><U112/><E112/><V4/><F113/><W14/><G14/><N who="1" m="5130" /><E123/><V68/><F22/><W84/><G84/><T103/><D103/><U41/><E41/><V98/><REACH who="2" step="1"/><F63/><REACH who="2" ten="139,144,315,382" step="2"/><W69/><G114/><T40/><D130/><U2/><E2/><V53/><F53/><W99/><G129/><T48/><D23/><U105/><E105/><V42/><F42/><W16/><G133/><T106/><D106/><U115/><E115/><V83/><F83/><AGARI ba="1,2" hai="46,49,55,56,59,78,83,86" m="5130,58415" machi="83" ten="30,3900,0" yaku="8,1,52,2" doraHai="52" who="1" fromWho="2" sc="139,0,144,62,315,-42,382,0" /><INIT seed="7,0,0,5,1,102" ten="139,206,273,382" oya="3" hai0="63,133,93,130,3,95,18,99,90,100,25,80,48" hai1="67,34,109,28,66,43,114,122,94,24,56,132,91" hai2="1,101,96,110,70,84,65,92,81,9,68,15,75" hai3="30,79,44,20,128,119,73,16,13,62,82,33,126"/><W97/><G126/><T41/><D3/><U98/><E109/><V116/><F110/><W125/><G125/><T12/><D133/><U55/><E122/><V78/><F1/><W0/><G128/><T103/><D130/><U2/><E132/><V85/><F116/><W7/><G119/><T50/><D25/><U104/><E114/><V42/><F42/><W47/><G62/><T61/><D80/><U17/><E2/><V53/><F53/><W35/><G97/><T131/><D131/><U89/><E43/><V22/><F22/><W74/><G74/><T14/><D41/><U40/><E40/><V5/><F65/><W123/><G123/><T46/><D46/><U51/><E104/><V118/><F118/><W69/><G69/><T23/><D12/><U76/><E76/><V112/><F112/><W49/><G49/><T107/><D107/><U58/><E58/><V83/><F75/><W6/><G6/><T59/><D63/><U21/><E89/><AGARI ba="0,0" hai="5,9,15,68,70,78,81,83,84,85,89,92,96,101" machi="89" ten="30,1000,0" yaku="7,1" doraHai="102" who="2" fromWho="1" sc="139,0,206,-10,273,10,382,0" owari="139,-36.0,196,-20.0,283,8.0,382,48.0" /></mjloggm>