<mjloggm ver="2.3"><GO type="169" lobby="0"/><UN n0="%E3%81%BE%E3%81%AA%E3%81%84%E3%81%9F%E3%82%88%E3%81%86%E3%81%98%E3%82%87" n1="%EF%BC%88%E2%89%A7%E2%96%BD%E2%89%A6%EF%BC%89" n2="%E3%81%98%E3%81%9A%E3%83%BC" n3="%E5%AF%BE%E5%AD%90%E3%81%AE%E7%8E%8B%E6%A7%98" dan="16,18,16,17" rate="2088.19,2149.89,2106.70,2148.27" sx="M,M,M,M"/><TAIKYOKU oya="0"/><INIT seed="0,0,0,3,1,112" ten="250,250,250,250" oya="0" hai0="51,86,120,65,100,111,18,113,50,92,17,114,115" hai1="4,129,36,67,87,7,31,8,9,43,79,46,102" hai2="76,72,88,21,14,38,56,57,134,30,64,75,123" hai3="26,69,132,3,84,55,98,89,41,95,108,90,71"/><T27/><D120/><U0/><E129/><V122/><F38/><W10/><G108/><T66/><D27/><U105/><E67/><V121/><F134/><W29/><G132/><T133/><D133/><U2/><E31/><V106/><F106/><W130/><G130/><T96/><D86/><U119/><E119/><V107/><F107/><W54/><G41/><T94/><D111/><U125/><E125/><V34/><F34/><W81/><G55/><T40/><D40/><U110/><E110/><V13/><F64/><W63/><G3/><T20/><D20/><U59/><E59/><V103/><F103/><W131/><G131/><T58/><D58/><U24/><E24/><V118/><F118/><W1/><G63/><T101/><REACH who="0" step="1"/><D114/><REACH who="0" ten="240,250,250,250" step="2"/><U73/><E87/><V60/><F57/><W77/><G71/><T126/><D126/><U49/><E49/><V135/><F21/><W109/><G69/><T48/><D48/><U70/><E70/><V39/><F56/><W99/><G109/><T61/><D61/><U74/><REACH who="1" step="1"/><E79/><REACH who="1" ten="240,240,250,250" step="2"/><V22/><F76/><W127/><G127/><T124/><D124/><U33/><E33/><V44/><F135/><W16/><G77/><T19/><D19/><U42/><E42/><V85/><F123/><W37/><G16/><T35/><D35/><U117/><E117/><V53/><F122/><W128/><G84/><T80/><D80/><U47/><E47/><V116/><F44/><W6/><G81/><T93/><D93/><U83/><E83/><V25/><F116/><W15/><G95/><T97/><AGARI ba="0,2" hai="17,18,50,51,65,66,92,94,96,97,100,101,113,115" machi="97" ten="25,18000,2" yaku="1,1,0,1,22,2,53,2" doraHai="112" doraHaiUra="45" who="0" fromWho="0" sc="240,200,240,-60,250,-60,250,-60" /><INIT seed="0,1,0,1,5,96" ten="440,180,190,190" oya="0" hai0="46,129,30,125,6,126,49,135,20,97,76,78,9" hai1="72,21,91,24,15,92,113,66,104,75,28,88,79" hai2="106,116,94,8,39,22,52,18,121,1,73,99,57" hai3="12,51,120,5,45,62,122,108,115,33,134,11,47"/><T60/><D129/><U98/><E113/><V100/><F121/><W93/><G115/><T67/><D135/><U31/><E104/><V27/><F73/><W7/><G33/><T103/><D30/><U130/><E130/><V87/><F39/><W109/><G134/><T89/><D20/><U29/><E66/><V83/><F116/><W90/><G62/><T56/><D89/><U0/><E0/><V118/><F118/><W43/><G7/><T102/><D97/><U61/><E61/><V71/><F71/><W69/><G69/><T117/><D117/><U81/><E72/><V127/><F127/><N who="0" m="48650" /><D76/><U111/><E111/><N who="3" m="42570" /><G45/><T41/><D78/><U107/><E107/><V68/><F68/><W32/><G32/><T131/><D131/><U42/><E42/><V13/><F106/><W133/><G133/><T36/><D36/><U4/><REACH who="1" step="1"/><E91/><REACH who="1" ten="440,170,190,190" step="2"/><N who="2" m="51711" /><F1/><AGARI ba="1,1" hai="1,6,9,41,46,49,56,60,67,102,103" m="48650" machi="1" ten="30,5800,0" yaku="18,1,52,2" doraHai="96" who="0" fromWho="2" sc="440,71,170,0,190,-61,190,0" /><INIT seed="0,2,0,1,2,98" ten="511,170,129,190" oya="0" hai0="24,28,3,105,0,8,43,79,78,90,35,118,92" hai1="80,65,128,76,72,63,61,46,135,1,17,122,85" hai2="126,113,25,50,58,121,5,104,95,47,20,51,100" hai3="132,133,16,36,62,84,97,41,81,127,12,64,83"/><T37/><D105/><U124/><E122/><V10/><F121/><W88/><G41/><T14/><D118/><U134/><E1/><V107/><F113/><W120/><G120/><T73/><D37/><U7/><E128/><V102/><F126/><W34/><G34/><T75/><D43/><U91/><E7/><V44/><F95/><N who="3" m="54663" /><G36/><T13/><D79/><U103/><E124/><V18/><F107/><W21/><G127/><T89/><D78/><U49/><E17/><V77/><F77/><W112/><G112/><T106/><D106/><U101/><E76/><V70/><F70/><N who="3" m="42263" /><G97/><T66/><D66/><U9/><E72/><V56/><F104/><W111/><G111/><T32/><D92/><U86/><E86/><V2/><F56/><W69/><G69/><T4/><D4/><U110/><E110/><V115/><F115/><W71/><G71/><T15/><D8/><U42/><E9/><V19/><F58/><W123/><G123/><T117/><D117/><U96/><E96/><V109/><F109/><W26/><G26/><T33/><D24/><U94/><E80/><V39/><F39/><W99/><G99/><T68/><D68/><N who="1" m="42031" /><E63/><V11/><F11/><W82/><G82/><T45/><D28/><U60/><E60/><V108/><F108/><W31/><G31/><T129/><D75/><U53/><E42/><V119/><F119/><W57/><G57/><T131/><D73/><U125/><E125/><V54/><F19/><W27/><G12/><T52/><D0/><U48/><E48/><V74/><F74/><W30/><G16/><T67/><D3/><RYUUKYOKU ba="2,0" sc="511,-30,170,10,129,10,190,10" hai1="46,49,53,85,91,94,101,103,134,135" hai2="2,5,10,18,20,25,44,47,50,51,54,100,102" hai3="21,27,30,81,83,132,133" /><INIT seed="1,3,0,4,3,107" ten="481,180,139,200" oya="1" hai0="36,31,8,99,4,58,82,76,89,49,37,67,92" hai1="86,111,90,97,5,51,81,28,55,16,41,126,66" hai2="88,32,83,57,115,128,19,85,105,48,112,114,25" hai3="106,110,23,102,79,39,75,101,113,91,56,100,13"/><U18/><E126/><V62/><F105/><W64/><G39/><T117/><D31/><U14/><E111/><V78/><F128/><W61/><G110/><T17/><D17/><U45/><E28/><V96/><F48/><W40/><G113/><T42/><D117/><U131/><E131/><V93/><F32/><W135/><G40/><T120/><D120/><U46/><E66/><V118/><F25/><W33/><G33/><T69/><D69/><U103/><E5/><V26/><F26/><W53/><G91/><T133/><D133/><U1/><E1/><V21/><F21/><W77/><G135/><T59/><D67/><U94/><REACH who="1" step="1"/><E14/><REACH who="1" ten="481,170,139,200" step="2"/><V27/><F118/><W129/><G64/><T52/><D4/><U104/><E104/><V95/><F27/><W43/><G106/><T116/><D116/><U127/><E127/><V63/><F19/><W123/><G129/><T109/><D109/><U73/><E73/><N who="2" m="43471" /><F57/><W50/><G75/><T122/><D59/><U65/><E65/><V98/><F85/><W22/><G123/><T10/><D122/><U130/><E130/><V134/><F134/><W80/><G13/><T87/><D58/><U124/><E124/><V34/><F34/><W108/><G108/><T84/><D84/><U29/><E29/><V74/><F74/><W9/><G56/><T7/><D7/><U15/><E15/><V70/><F70/><W24/><G24/><T68/><D68/><U2/><E2/><V60/><F60/><W6/><G61/><T44/><D87/><U119/><E119/><V125/><F125/><W54/><G6/><RYUUKYOKU ba="3,1" sc="481,-15,170,15,139,15,200,-15" hai1="16,18,41,45,46,51,55,81,86,90,94,97,103" hai2="62,63,88,93,95,96,98,112,114,115" /><INIT seed="1,4,1,1,4,45" ten="466,185,154,185" oya="1" hai0="39,62,113,127,30,70,128,83,112,115,20,44,105" hai1="57,43,63,38,19,27,73,10,119,64,75,135,55" hai2="11,8,72,6,53,129,37,77,96,123,42,22,106" hai3="74,13,66,12,114,76,97,132,133,25,122,16,80"/><U100/><E119/><V71/><F123/><W90/><G122/><T102/><D83/><U58/><E135/><N who="3" m="51786" /><G114/><T5/><D20/><U24/><E100/><V23/><F71/><W87/><G66/><N who="0" m="41303" /><D5/><U85/><E73/><V28/><F129/><W82/><G97/><N who="0" m="61647" /><D30/><U78/><E75/><V65/><F65/><W67/><G67/><T116/><D127/><U54/><E43/><V56/><F77/><W109/><G109/><T107/><D107/><U101/><E101/><V29/><F72/><W104/><G104/><T46/><D46/><U36/><E36/><V49/><F106/><W86/><G86/><T98/><D98/><U130/><E38/><V111/><F96/><W92/><G82/><T3/><D3/><U41/><E130/><V14/><F111/><W9/><G9/><T0/><D0/><U79/><E85/><V2/><F37/><W48/><G48/><T120/><D128/><U26/><E41/><V34/><F42/><W61/><G61/><T47/><D47/><U33/><E33/><V69/><F34/><W40/><G40/><N who="0" m="22559" /><D120/><U108/><E108/><V7/><REACH who="2" step="1"/><F69/><REACH who="2" ten="466,185,144,185" step="2"/><W1/><G76/><T93/><D113/><U117/><E64/><V60/><F60/><W121/><G121/><T18/><D115/><U68/><E68/><V31/><AGARI ba="4,2" hai="2,6,7,8,11,14,22,23,28,29,31,49,53,56" machi="31" ten="30,4000,0" yaku="1,1,0,1,52,1,53,0" doraHai="45" doraHaiUra="15" who="2" fromWho="2" sc="466,-14,185,-24,144,72,185,-14" /><INIT seed="2,0,0,1,1,10" ten="452,161,216,171" oya="2" hai0="56,38,120,35,45,41,25,113,114,81,101,82,13" hai1="65,19,9,90,93,92,83,34,88,66,58,77,102" hai2="63,99,73,5,62,112,40,31,70,28,11,8,50" hai3="43,67,85,20,57,103,17,49,32,117,111,72,105"/><V39/><F39/><W135/><G117/><T96/><D120/><U129/><E34/><V108/><F112/><W98/><G32/><T124/><D124/><U1/><E129/><V132/><F73/><W87/><G72/><T47/><D56/><U106/><E106/><V95/><F132/><W133/><G111/><T61/><D61/><U97/><E102/><V2/><F70/><W122/><G122/><T27/><D35/><U121/><E121/><V89/><F108/><W23/><G23/><T42/><D96/><U64/><E58/><V125/><F125/><W75/><G75/><T55/><D55/><U126/><E126/><V52/><F40/><W134/><G43/><T84/><D84/><N who="1" m="48239" /><E1/><V59/><REACH who="2" step="1"/><F8/><REACH who="2" ten="452,161,206,171" step="2"/><W86/><G135/><T118/><D38/><U12/><E65/><V78/><F78/><W22/><G67/><T29/><D42/><U76/><E76/><V6/><F6/><W91/><G134/><T79/><D41/><U110/><E110/><V44/><F44/><W128/><G133/><T18/><D79/><U30/><E30/><AGARI ba="0,1" hai="2,5,11,28,30,31,50,52,59,62,63,89,95,99" machi="30" ten="40,3900,0" yaku="1,1,54,1,53,0" doraHai="10" doraHaiUra="68" who="2" fromWho="1" sc="452,0,161,-39,206,49,171,0" /><INIT seed="2,1,0,4,0,52" ten="452,122,255,171" oya="2" hai0="76,13,31,120,0,6,116,79,34,29,10,81,72" hai1="65,40,46,59,88,39,101,71,67,18,7,50,57" hai2="109,70,64,21,42,122,87,12,110,77,78,112,25" hai3="80,8,128,114,63,113,16,58,126,35,92,66,108"/><V127/><F112/><N who="3" m="43115" /><G108/><N who="2" m="41577" /><F122/><W22/><G128/><T103/><D120/><U55/><E101/><V121/><F121/><W90/><G126/><T5/><D116/><U91/><E7/><V134/><F127/><W75/><G35/><T24/><D103/><U119/><E119/><V118/><F118/><W98/><G8/><T17/><D76/><U133/><E133/><V11/><F134/><W102/><G75/><T135/><D135/><U85/><E71/><V27/><F87/><W105/><G80/><T49/><D49/><U74/><E74/><V69/><F42/><W15/><G90/><T94/><D94/><AGARI ba="1,0" hai="15,16,22,58,63,66,92,94,98,102,105" m="43115" machi="94" ten="30,3900,0" yaku="11,1,52,1,54,1" doraHai="52" who="3" fromWho="0" sc="452,-42,122,0,255,0,171,42" /><INIT seed="3,0,0,2,3,124" ten="410,122,255,213" oya="3" hai0="63,93,89,27,37,94,121,83,21,105,26,24,8" hai1="85,106,45,7,110,80,67,22,35,133,40,131,130" hai2="2,13,126,117,64,100,95,20,44,99,84,132,36" hai3="109,5,48,28,68,59,90,111,34,103,11,3,15"/><W25/><G68/><T128/><D121/><U6/><E106/><V39/><F126/><W61/><G103/><T46/><D105/><U50/><E35/><V129/><F117/><W91/><G48/><T47/><D8/><U104/><E104/><V102/><F64/><W73/><G73/><T31/><D63/><U4/><E110/><N who="3" m="41994" /><G3/><T72/><D37/><U96/><E133/><V78/><F2/><W29/><G29/><T18/><D26/><U113/><E113/><V23/><F132/><W43/><G43/><T98/><D93/><U112/><E112/><V108/><F102/><W49/><G49/><T14/><D27/><U88/><E67/><AGARI ba="0,0" hai="5,11,15,25,28,34,59,61,67,90,91" m="41994" machi="67" ten="30,2900,0" yaku="14,1,10,1" doraHai="124" who="3" fromWho="1" sc="410,0,122,-29,255,0,213,29" /><INIT seed="3,1,0,4,3,88" ten="410,93,255,242" oya="3" hai0="79,58,135,85,70,50,129,55,34,14,66,28,121" hai1="94,15,43,20,92,29,127,122,104,130,110,39,48" hai2="23,26,100,42,60,82,12,54,105,36,107,114,61" hai3="38,81,51,113,0,93,30,101,116,45,9,89,133"/><W17/><G113/><T71/><D121/><U80/><E104/><V8/><F114/><W126/><G116/><T118/><D118/><U75/><E122/><V22/><F82/><W124/><G38/><T106/><D106/><U72/><E39/><V25/><F42/><W112/><G112/><T76/><D129/><U98/><E130/><V78/><F36/><W108/><G133/><T5/><D135/><U44/><E127/><V86/><F86/><N who="3" m="50383" /><G30/><T4/><D34/><U63/><E110/><V31/><F78/><W123/><G123/><T47/><D28/><U103/><E63/><V56/><F61/><W96/><G0/><T13/><D70/><U6/><E80/><V65/><F65/><W16/><G108/><T64/><D71/><U35/><E35/><V24/><F107/><W2/><G2/><T37/><D85/><U115/><E115/><V10/><F105/><W74/><G74/><T87/><D87/><U99/><E29/><V97/><F31/><W21/><G21/><T57/><D37/><U33/><E33/><V46/><F8/><W84/><G84/><T19/><D79/><U49/><E49/><V120/><F120/><W67/><G67/><T95/><D76/><U62/><E62/><V111/><F111/><W73/><G73/><T83/><D66/><U134/><E134/><V3/><F3/><W7/><G7/><T1/><D83/><U41/><E41/><V90/><F23/><W59/><G59/><T68/><D64/><U117/><E117/><V128/><F128/><W40/><G9/><T11/><D11/><N who="1" m="4599" /><E20/><V32/><F22/><RYUUKYOKU ba="1,0" sc="410,-15,93,15,255,-15,242,15" hai1="43,44,48,72,75,92,94,98,99,103" hai3="16,17,40,45,51,93,96,101,124,126" /><INIT seed="3,2,0,5,5,128" ten="395,108,240,257" oya="3" hai0="63,105,103,77,36,57,96,39,55,134,88,48,114" hai1="101,120,102,25,106,53,99,31,41,46,109,117,79" hai2="11,8,118,111,125,13,2,30,104,52,100,131,83" hai3="37,40,24,69,89,123,54,20,1,127,116,51,45"/><W66/><G116/><T49/><D77/><U108/><E117/><V65/><F118/><W10/><G123/><T86/><D114/><U70/><E120/><V12/><F65/><W94/><G127/><T93/><D134/><U23/><E70/><V95/><F131/><W4/><G66/><T34/><D34/><U62/><E79/><V76/><F111/><W58/><G69/><T133/><D133/><U59/><REACH who="1" step="1"/><E102/><REACH who="1" ten="395,98,240,257" step="2"/><V5/><F100/><W43/><G43/><T97/><D103/><U33/><E33/><V91/><F76/><W16/><G40/><T78/><D78/><U121/><E121/><V80/><F125/><W60/><G37/><AGARI ba="2,1" hai="23,25,31,37,41,46,53,59,62,99,101,106,108,109" machi="37" ten="40,1300,0" yaku="1,1,53,0" doraHai="128" doraHaiUra="14" who="1" fromWho="3" sc="395,0,98,29,240,0,257,-19" /><INIT seed="4,0,0,0,4,19" ten="395,127,240,238" oya="0" hai0="83,87,44,11,9,39,120,50,28,54,56,132,48" hai1="92,119,100,66,14,96,35,133,85,10,74,134,89" hai2="63,101,102,30,113,112,6,80,68,99,93,79,12" hai3="60,123,71,98,106,49,69,21,42,116,131,57,17"/><T53/><D120/><U117/><E35/><V104/><F30/><W65/><G116/><N who="1" m="44618" /><E66/><V37/><F37/><W129/><G123/><T62/><D39/><U5/><E14/><V45/><F45/><N who="3" m="25783" /><G106/><T110/><D132/><N who="1" m="50795" /><E10/><V109/><F109/><W59/><G98/><T1/><D1/><U8/><E8/><V26/><F26/><W43/><G43/><N who="0" m="24607" /><D28/><U127/><E5/><V72/><F12/><N who="3" m="9383" /><G57/><N who="0" m="35127" /><D110/><U2/><E2/><V81/><F68/><W103/><G103/><T64/><D64/><U27/><E27/><V4/><F4/><W15/><G15/><T94/><D11/><U76/><E127/><V33/><F33/><W91/><G91/><T58/><D9/><U70/><E70/><V31/><F31/><W73/><G73/><T23/><D58/><U32/><E32/><V84/><F6/><W82/><G82/><T78/><D23/><U25/><E25/><V24/><F24/><W105/><G105/><T125/><D125/><U67/><E67/><V88/><F63/><W20/><G20/><T61/><D61/><U40/><E40/><V34/><F34/><W41/><G41/><T47/><D56/><U114/><E74/><V107/><F107/><W97/><G97/><AGARI ba="0,0" hai="72,79,80,81,84,88,93,97,99,101,102,104,112,113" machi="97" ten="40,8000,1" yaku="34,3,54,1" doraHai="19" who="2" fromWho="3" sc="395,0,127,0,240,80,238,-80" /><INIT seed="5,0,0,0,0,18" ten="395,127,320,158" oya="1" hai0="105,126,67,42,32,52,5,28,12,130,21,82,15" hai1="124,13,64,73,11,59,114,135,119,16,20,31,46" hai2="88,55,96,104,9,76,68,99,72,56,6,97,29" hai3="92,69,93,4,41,85,66,113,48,125,90,122,50"/><U19/><E73/><V100/><F68/><W83/><G122/><T27/><D105/><U86/><E119/><V17/><F29/><W78/><G113/><T116/><D116/><U118/><E118/><V108/><F108/><W22/><G125/><T49/><D42/><U123/><E123/><V70/><F70/><W95/><G69/><T40/><D40/><U45/><E114/><V54/><F76/><W3/><G66/><T51/><D67/><U120/><E120/><V77/><F77/><W84/><G3/><T1/><D126/><U129/><E124/><V127/><F72/><W110/><G110/><T57/><D130/><U26/><E129/><V14/><F55/><W109/><G109/><T74/><D32/><U80/><E135/><V121/><F121/><W8/><G22/><T37/><D37/><U63/><E31/><V2/><F127/><W61/><G61/><T39/><D39/><U25/><E25/><V58/><F58/><W65/><G65/><T94/><D49/><N who="3" m="19049" /><G41/><T62/><D51/><U0/><E0/><V53/><F53/><W98/><G98/><T7/><D1/><U87/><E87/><V60/><F99/><W111/><G111/><T89/><D74/><U107/><E107/><V34/><F34/><W23/><G23/><T131/><D131/><U91/><AGARI ba="0,0" hai="11,13,16,19,20,26,45,46,59,63,64,80,86,91" machi="91" ten="20,12000,1" yaku="0,1,7,1,8,1,52,1,54,1" doraHai="18" who="1" fromWho="1" sc="395,-40,127,120,320,-40,158,-40" /><INIT seed="5,1,0,0,1,108" ten="355,247,280,118" oya="1" hai0="19,71,106,134,110,74,4,82,2,31,133,116,63" hai1="77,21,126,101,17,90,18,70,120,34,29,111,109" hai2="67,38,48,86,61,75,96,20,11,119,121,88,72" hai3="58,47,93,12,13,1,7,53,25,129,85,66,98"/><U87/><E70/><V3/><F38/><W52/><G129/><T76/><D110/><N who="1" m="41995" /><E120/><V102/><F121/><W35/><G1/><T132/><D116/><U59/><E126/><V26/><F48/><W124/><G124/><T36/><D19/><U42/><E42/><V28/><F119/><W49/><G66/><N who="0" m="41439" /><D31/><U60/><E101/><V32/><F11/><W51/><G85/><T107/><D36/><U30/><E77/><V122/><F3/><W125/><G125/><T24/><D24/><N who="1" m="14391" /><E17/><V131/><F131/><W6/><G35/><T104/><D104/><U81/><E34/><V130/><F130/><W89/><REACH who="3" step="1"/><G25/><REACH who="3" ten="355,247,280,108" step="2"/><T105/><D2/><U135/><E135/><V113/><F32/><W44/><G44/><T92/><D133/><U33/><E33/><V46/><F46/><W39/><G39/><T103/><D134/><U14/><E14/><AGARI ba="1,1" hai="6,7,12,13,14,47,49,51,52,53,58,89,93,98" machi="14" ten="40,5200,0" yaku="1,1,8,1,54,1,53,0" doraHai="108" doraHaiUra="115" who="3" fromWho="1" sc="355,0,247,-55,280,0,108,65" /><INIT seed="6,0,0,4,4,43" ten="355,192,280,173" oya="2" hai0="119,95,2,22,6,103,124,3,50,46,92,37,120" hai1="1,41,20,32,30,86,77,25,108,38,74,65,15" hai2="73,40,44,114,97,129,0,52,39,45,63,115,19" hai3="24,79,104,112,5,68,93,59,47,61,56,118,99"/><V132/><F73/><W4/><G118/><T66/><D120/><U89/><E1/><V11/><F132/><W81/><G104/><T70/><D37/><U102/><E108/><V42/><F129/><W29/><G68/><T23/><D124/><U18/><E102/><V111/><F111/><W9/><G112/><N who="2" m="43049" /><F97/><W31/><G81/><T85/><D70/><U90/><E65/><V105/><F105/><W78/><G99/><T127/><D66/><U109/><E74/><V133/><F133/><W83/><G83/><T122/><D122/><U13/><E109/><V57/><F19/><W51/><G93/><T135/><D127/><U35/><E35/><V62/><F11/><W48/><G9/><T126/><D126/><U10/><E77/><V101/><F101/><W87/><G24/><T123/><D119/><U8/><E86/><V64/><F0/><W58/><G58/><T33/><D2/><U80/><E80/><V130/><F130/><W17/><G17/><T71/><D103/><U27/><E8/><V107/><F107/><W88/><G87/><T84/><D123/><U14/><REACH who="1" step="1"/><E10/><REACH who="1" ten="355,182,280,173" step="2"/><V106/><F106/><W53/><G79/><T94/><D3/><U134/><E134/><V113/><F113/><W128/><G78/><T96/><D135/><U67/><E67/><V7/><F64/><N who="3" m="38951" /><G128/><T100/><D100/><U121/><E121/><V110/><F110/><W54/><G88/><T125/><D125/><U69/><E69/><V12/><F7/><AGARI ba="0,1" hai="4,5,7,29,31,47,48,51,53,54,59" m="38951" machi="7" ten="30,2000,0" yaku="8,1,52,1" doraHai="43" who="3" fromWho="2" sc="355,0,182,0,280,-20,173,30" /><INIT seed="7,0,0,5,1,128" ten="355,182,260,203" oya="3" hai0="72,14,39,6,131,16,66,78,29,3,52,22,37" hai1="13,99,114,100,80,71,50,43,49,73,17,32,44" hai2="0,105,113,18,45,33,25,68,98,61,91,64,70" hai3="90,124,81,19,87,26,10,56,97,36,88,74,4"/><W11/><G124/><T58/><D66/><U47/><E71/><V134/><F0/><W28/><G36/><T8/><D131/><U92/><E32/><V106/><F45/><W5/><G74/><T94/><D72/><U79/><E114/><V82/><F113/><W7/><G19/><T95/><D78/><U46/><REACH who="1" step="1"/><E50/><REACH who="1" ten="355,172,260,203" step="2"/><V119/><F70/><W34/><REACH who="3" step="1"/><G56/><REACH who="3" ten="355,172,260,193" step="2"/><T15/><D37/><U120/><E120/><V130/><F68/><W48/><G48/><T21/><D39/><U55/><E55/><V129/><F129/><W62/><G62/><T112/><D52/><U84/><E84/><V57/><F61/><W27/><G27/><T102/><D58/><U69/><E69/><V123/><F25/><W38/><G38/><T116/><D112/><U126/><E126/><V53/><F57/><W1/><G1/><T30/><D3/><U63/><E63/><V132/><F53/><W96/><G96/><T12/><D16/><U59/><E59/><V101/><F18/><W108/><G108/><T75/><D75/><U60/><E60/><V115/><F115/><W2/><G2/><T127/><D127/><U20/><AGARI ba="0,2" hai="13,17,20,43,44,46,47,49,73,79,80,92,99,100" machi="20" ten="20,2700,0" yaku="1,1,0,1,7,1,53,0" doraHai="128" doraHaiUra="23" who="1" fromWho="1" sc="355,-7,172,47,260,-7,193,-13" owari="348,45.0,219,-18.0,253,5.0,180,-32.0" /></mjloggm>