<mjloggm ver="2.3"><GO type="97"/><UN n0="%EF%BC%88%E2%89%A7%E2%96%BD%E2%89%A6%EF%BC%89" n1="%E6%A1%9C%E7%AB%9C%E2%80%A0%E3%82%BF%E3%83%9E" n2="%E9%8A%80%E3%81%AE%E3%82%BF%E3%82%AD%E3%82%B7%E3%83%BC%E3%83%89" n3="%E5%A6%96%E6%98%9F%E4%B9%B1%E8%88%9E" dan="15,15,14,15" rate="2002,1969,1953,1974" sx="M,M,M,M"/><TAIKYOKU oya="0"/><INIT seed="0,0,0,1,0,121" ten="250,250,250,250" oya="0" hai0="71,132,118,124,22,85,119,6,83,104,49,46,75" hai1="65,3,60,51,34,10,20,84,61,17,63,90,15" hai2="32,62,103,38,56,108,44,81,92,73,101,42,91" hai3="66,105,89,131,99,122,53,5,94,58,33,4,100"/><T27/><D71/><U7/><E34/><V70/><F32/><W98/><G33/><T76/><D104/><U107/><E51/><V37/><F37/><W14/><G122/><T29/><D124/><U130/><E107/><V40/><F40/><W59/><G131/><T95/><D132/><U50/><E50/><V69/><F108/><W86/><G66/><T120/><D120/><U64/><REACH who="1" step="1"/><E130/><REACH who="1" ten="250,240,250,250" step="2"/><V9/><F38/><W110/><G110/><T0/><D118/><U48/><E48/><V93/><F42/><W114/><G114/><T24/><D119/><U127/><E127/><V23/><F44/><W135/><G135/><T16/><D49/><U57/><E57/><V87/><F56/><W79/><G59/><T74/><D46/><U13/><E13/><V21/><F69/><W47/><G14/><T112/><D112/><U128/><E128/><V54/><F70/><W11/><G47/><T97/><D0/><U72/><E72/><V26/><F73/><W1/><G58/><T80/><D75/><U41/><E41/><V8/><F62/><W115/><G1/><T106/><D74/><U77/><E77/><V125/><F125/><W39/><G115/><T30/><D106/><U12/><E12/><V129/><F129/><W43/><G43/><T82/><D76/><U25/><E25/><V133/><F26/><W52/><G105/><T102/><D27/><U19/><E19/><V134/><F133/><W111/><G79/><N who="0" m="46239" /><D6/><U78/><E78/><V116/><F134/><W117/><G4/><T35/><D30/><U2/><E2/><V31/><F31/><RYUUKYOKU ba="0,1" sc="250,15,240,15,250,-15,250,-15" hai0="16,22,24,29,35,82,83,95,97,102" hai1="3,7,10,15,17,20,60,61,63,64,65,84,90" /><INIT seed="0,1,1,1,0,135" ten="265,255,235,235" oya="0" hai0="86,119,25,90,21,79,8,17,18,50,73,75,9" hai1="22,126,85,36,110,70,31,24,59,113,95,40,115" hai2="6,82,33,14,81,35,127,107,112,42,3,133,77" hai3="122,45,129,71,60,51,58,66,89,57,10,56,0"/><T61/><D119/><U48/><E70/><V114/><F3/><W104/><G104/><T46/><D61/><U92/><E110/><V19/><F6/><W123/><G89/><T7/><D18/><U91/><E36/><V54/><F133/><W38/><G10/><T125/><D79/><U41/><E92/><V88/><F107/><W103/><G103/><T117/><D117/><U16/><E31/><V106/><F106/><W47/><G0/><T76/><D76/><U26/><E24/><V108/><F42/><N who="3" m="22743" /><G129/><T130/><D9/><U2/><E2/><V98/><F108/><W72/><G72/><T87/><D87/><U44/><E59/><V43/><F35/><W28/><G28/><T74/><D130/><U5/><E5/><V116/><F33/><W49/><G47/><T1/><D74/><U20/><E20/><V121/><F116/><W101/><G101/><T131/><D131/><U29/><E29/><V118/><F118/><W78/><G78/><T105/><D105/><U134/><E134/><V84/><F77/><W80/><G80/><T34/><D34/><U15/><E15/><V67/><F81/><W11/><G11/><T32/><D32/><U97/><E97/><V93/><F14/><W30/><G30/><T62/><D75/><U63/><E63/><V23/><F98/><W37/><G37/><T27/><D62/><U124/><E40/><V12/><F23/><W132/><G132/><T4/><D73/><U83/><E83/><V96/><F82/><W99/><G99/><T94/><D1/><U13/><E26/><V64/><F96/><RYUUKYOKU ba="1,1" sc="265,-15,255,15,235,-15,235,15" hai1="13,16,22,41,44,48,85,91,95,113,115,124,126" hai3="49,51,56,57,58,60,66,71,122,123" /><INIT seed="1,2,1,1,4,38" ten="250,270,220,250" oya="1" hai0="124,27,102,46,110,47,117,90,103,52,86,43,100" hai1="57,114,20,88,2,92,101,10,9,5,21,77,3" hai2="111,130,128,99,25,40,107,115,87,119,95,67,131" hai3="83,49,98,4,89,51,32,50,73,54,82,61,23"/><U12/><E77/><V8/><F119/><W104/><G32/><T41/><D117/><U76/><E76/><V36/><F111/><W55/><G73/><T34/><D110/><U11/><E101/><V72/><F72/><W109/><G109/><T81/><D124/><U22/><E57/><V84/><F67/><W65/><G4/><T78/><D34/><U105/><E105/><V59/><F107/><W118/><G118/><T93/><D27/><U126/><E114/><V15/><F115/><W39/><G39/><T28/><D28/><U63/><E63/><V62/><F25/><W133/><G133/><T132/><D132/><U106/><E106/><V33/><F33/><W7/><G7/><T69/><D69/><U80/><E80/><N who="3" m="30762" /><G104/><T14/><D14/><U24/><E126/><V116/><F116/><W56/><G23/><N who="1" m="8778" /><E88/><N who="2" m="55783" /><F59/><W113/><G113/><T30/><D30/><N who="1" m="17687" /><E92/><AGARI ba="2,1" hai="49,50,51,54,55,56,61,65,89,92,98" m="30762" machi="92" ten="30,1000,0" yaku="8,1" doraHai="38" who="3" fromWho="1" sc="250,0,270,-16,220,0,250,26" /><INIT seed="2,0,0,0,0,101" ten="250,254,220,276" oya="2" hai0="126,72,120,37,63,114,132,59,92,125,58,116,30" hai1="86,124,44,20,70,98,40,52,38,56,51,76,11" hai2="34,50,55,100,27,81,83,33,88,0,15,102,26" hai3="97,111,53,23,71,118,79,41,1,119,93,128,131"/><V90/><F0/><W62/><G1/><T45/><D120/><U46/><E124/><N who="0" m="47721" /><D114/><U134/><E134/><V85/><F15/><W57/><G79/><T61/><D72/><U65/><E98/><V29/><F55/><W43/><G23/><T95/><D30/><U69/><E11/><V66/><F50/><N who="3" m="30903" /><G93/><N who="0" m="35915" /><D132/><U106/><E106/><V110/><F110/><W105/><G97/><T91/><D91/><U17/><E76/><V31/><REACH who="2" step="1"/><F66/><REACH who="2" ten="250,254,210,276" step="2"/><W84/><G111/><T133/><D133/><U80/><E65/><V4/><F4/><W47/><G119/><T109/><D116/><U10/><E52/><V75/><F75/><W82/><G118/><T104/><D109/><U135/><E51/><V35/><F35/><W24/><G62/><T113/><D63/><U3/><E135/><V87/><AGARI ba="0,1" hai="26,27,29,31,33,34,81,83,85,87,88,90,100,102" machi="87" ten="30,18000,2" yaku="1,1,0,1,32,3,54,1,53,0" doraHai="101" doraHaiUra="68" who="2" fromWho="2" sc="250,-60,254,-60,210,190,276,-60" /><INIT seed="2,1,0,3,0,123" ten="190,194,400,216" oya="2" hai0="134,121,113,97,109,35,98,73,119,110,58,53,44" hai1="82,95,66,31,91,126,96,132,81,80,4,36,89" hai2="116,67,131,111,13,64,99,3,19,135,79,103,60" hai3="6,133,102,32,104,70,127,56,10,7,42,125,63"/><V71/><F116/><W87/><G32/><T28/><D121/><U34/><E36/><V76/><F3/><W52/><G133/><T72/><D113/><U55/><E132/><V37/><F135/><W17/><G42/><T40/><D134/><U43/><E43/><V129/><F37/><W108/><G70/><T61/><D119/><U122/><E122/><V22/><F67/><W84/><G102/><T51/><D28/><U105/><E126/><N who="3" m="48138" /><G104/><T23/><D23/><U100/><E66/><V41/><F41/><W68/><G68/><T128/><D35/><U26/><E4/><N who="3" m="1578" /><G108/><N who="0" m="41579" /><D128/><N who="2" m="49226" /><F111/><W18/><G10/><T59/><D58/><U92/><E55/><V120/><F120/><W25/><G25/><T38/><D38/><U49/><E49/><V27/><F27/><W93/><G93/><AGARI ba="1,0" hai="13,19,22,60,64,71,76,79,93,99,103" m="49226" machi="93" ten="30,1500,0" yaku="19,1" doraHai="123" who="2" fromWho="3" sc="190,0,194,0,400,18,216,-18" /><INIT seed="2,2,0,2,2,55" ten="190,194,418,198" oya="2" hai0="15,23,48,122,92,90,101,58,39,120,102,135,46" hai1="11,109,50,128,17,75,45,54,67,118,62,131,44" hai2="24,121,72,57,33,36,31,52,28,134,5,26,129" hai3="49,93,32,40,38,86,47,63,112,37,82,59,113"/><V116/><F36/><W25/><G93/><T132/><D39/><U127/><E118/><V100/><F116/><W108/><G108/><T19/><D58/><N who="1" m="37335" /><E75/><V65/><F121/><N who="0" m="46698" /><D90/><U8/><E109/><V16/><F72/><W85/><G38/><T78/><D92/><U53/><E127/><V66/><F5/><W117/><G117/><T18/><D18/><U111/><E111/><V95/><F129/><N who="1" m="49737" /><E17/><V2/><F2/><W60/><G37/><T64/><D64/><U133/><E133/><N who="0" m="51273" /><D78/><U9/><E45/><V41/><F134/><W77/><G86/><T110/><D110/><U20/><E20/><V6/><F16/><W7/><G7/><T84/><D84/><U43/><AGARI ba="2,0" hai="8,9,11,43,44,50,53,54" m="49737,37335" machi="43" ten="30,2000,0" yaku="19,1,52,1" doraHai="55" who="1" fromWho="1" sc="190,-7,194,26,418,-12,198,-7" /><INIT seed="3,0,0,5,3,125" ten="183,220,406,191" oya="3" hai0="61,86,116,18,50,4,64,109,102,89,31,34,117" hai1="74,51,134,92,63,26,120,80,114,11,54,39,1" hai2="29,70,15,16,72,101,135,25,129,126,14,0,57" hai3="131,42,99,28,58,52,85,8,106,112,87,127,121"/><W107/><G121/><T23/><D4/><U53/><E120/><V37/><F126/><W84/><G127/><T30/><D109/><U67/><E114/><V115/><F70/><W100/><G112/><T90/><D116/><U7/><E39/><V132/><F37/><W73/><G73/><T62/><D117/><U76/><E134/><N who="2" m="51243" /><F0/><W119/><G119/><T103/><D34/><U35/><E92/><V49/><F101/><N who="0" m="38410" /><D50/><U130/><E130/><V122/><F129/><W45/><G131/><T113/><D113/><U44/><E35/><N who="2" m="20911" /><F72/><W105/><G28/><N who="0" m="10795" /><D64/><U75/><E26/><V60/><F115/><W22/><G22/><T83/><D90/><U24/><E24/><AGARI ba="0,0" hai="18,23,24,61,62,83,86,89" m="10795,38410" machi="24" ten="30,1000,0" yaku="8,1" doraHai="125" who="0" fromWho="1" sc="183,10,220,-10,406,0,191,0" owari="193,-21.0,210,1.0,406,51.0,191,-31.0" /></mjloggm>