<mjloggm ver="2.3"><GO type="169" lobby="0"/><UN n0="%6D%65%24%6F" n1="%E6%9D%8F%E4%BB%81%E3%81%A9%E3%81%86%E3%81%B5%E3%83%BC" n2="%EF%BC%88%E2%89%A7%E2%96%BD%E2%89%A6%EF%BC%89" n3="%E3%83%8B%E3%82%B3%E3%82%BF%E3%83%9E" dan="16,16,18,16" rate="2104.65,2053.92,2175.80,2100.12" sx="M,M,M,M"/><TAIKYOKU oya="0"/><INIT seed="0,0,0,3,4,93" ten="250,250,250,250" oya="0" hai0="12,22,61,88,129,10,24,116,67,124,94,115,92" hai1="32,36,18,38,3,96,84,135,99,121,105,6,80" hai2="113,76,66,51,4,108,101,34,53,39,104,112,122" hai3="28,111,52,35,100,62,47,17,64,55,103,0,14"/><T120/><D120/><U45/><E121/><V41/><F34/><W44/><G0/><T40/><D116/><U42/><E32/><V13/><F122/><W60/><G35/><T30/><D115/><U83/><E38/><V110/><F76/><W131/><G28/><T56/><D129/><U127/><E135/><V75/><F75/><W72/><G72/><T58/><D124/><U33/><E33/><V11/><F66/><W82/><G82/><T133/><D133/><U46/><E127/><V21/><F21/><W73/><G73/><T31/><D40/><U71/><E71/><V49/><F39/><W85/><G85/><N who="0" m="52239" /><D94/><U27/><E46/><N who="3" m="17450" /><G131/><T23/><D58/><U126/><E126/><V77/><F41/><W37/><G37/><T90/><D90/><U54/><E105/><V89/><F89/><W78/><G78/><T26/><D12/><U125/><E125/><V81/><F113/><W5/><G5/><T19/><D10/><U134/><E134/><V106/><F112/><W98/><G111/><N who="2" m="42537" /><F106/><W118/><G118/><T63/><D63/><N who="3" m="24105" /><G64/><T69/><D69/><U130/><E130/><V1/><F1/><W43/><G43/><T79/><D79/><U95/><E3/><V8/><F81/><W97/><G103/><T87/><D87/><U70/><E83/><V132/><F77/><W2/><G100/><T123/><D123/><U25/><E80/><V68/><F132/><W50/><G2/><T16/><AGARI ba="0,0" hai="16,19,22,23,24,26,30,31,56,61,67" m="52239" machi="16" ten="30,6000,0" yaku="8,1,54,2" doraHai="93" who="0" fromWho="0" sc="250,60,250,-20,250,-20,250,-20" /><INIT seed="0,1,0,0,2,91" ten="310,230,230,230" oya="0" hai0="112,131,9,117,121,104,98,31,135,18,72,54,119" hai1="59,58,95,30,82,5,85,93,111,45,56,114,133" hai2="94,46,35,44,57,63,53,20,52,96,113,100,23" hai3="28,13,77,40,130,116,80,129,134,126,132,79,16"/><T99/><D121/><U84/><E133/><N who="3" m="51306" /><G116/><T41/><D135/><U124/><E124/><V29/><F113/><W107/><G107/><T123/><D123/><U26/><E114/><V87/><F35/><W60/><G40/><T42/><D112/><U125/><E125/><V11/><F11/><N who="3" m="6207" /><G28/><T7/><D72/><U90/><E111/><V120/><F120/><W33/><G33/><T66/><D131/><N who="3" m="50185" /><G60/><T10/><D31/><U81/><E5/><V75/><F29/><W74/><G77/><T36/><D104/><U108/><E108/><V67/><F53/><W8/><G8/><T65/><D10/><U106/><E106/><V62/><F62/><W122/><G122/><T127/><D9/><U22/><REACH who="1" step="1"/><E45/><REACH who="1" ten="310,220,230,230" step="2"/><V128/><F46/><W34/><G34/><T88/><D117/><U27/><E27/><V4/><F128/><W24/><G24/><T76/><D119/><U25/><E25/><V86/><F4/><W97/><G126/><T51/><D7/><U118/><E118/><V43/><F44/><W109/><G109/><T19/><D127/><U89/><AGARI ba="1,1" hai="22,26,30,56,58,59,81,82,84,85,89,90,93,95" machi="89" ten="30,12000,2" yaku="1,1,0,1,9,1,8,1,52,2,53,0" doraHai="91" doraHaiUra="48" who="1" fromWho="1" sc="310,-61,220,133,230,-31,230,-31" /><INIT seed="1,0,0,4,5,18" ten="249,353,199,199" oya="1" hai0="87,17,120,73,25,10,16,2,19,28,69,106,59" hai1="96,47,121,113,89,32,91,13,23,127,35,41,86" hai2="92,3,38,0,14,88,112,119,116,51,122,66,71" hai3="9,33,100,102,15,131,126,45,90,31,84,125,50"/><U56/><E113/><V24/><F38/><W76/><G76/><T128/><D73/><U67/><E121/><V64/><F122/><W130/><G31/><T111/><D69/><U4/><E127/><N who="3" m="48650" /><G33/><N who="0" m="20623" /><D87/><U117/><E117/><V114/><F14/><W110/><G110/><T79/><D59/><U104/><E67/><N who="2" m="25643" /><F24/><W63/><G63/><T123/><D79/><U48/><E56/><V60/><F51/><W99/><G99/><T7/><D106/><U22/><E35/><V44/><F44/><W39/><G39/><T11/><D111/><U8/><E32/><V53/><F60/><W93/><G50/><T95/><D95/><N who="1" m="56431" /><E104/><V109/><F71/><W62/><G62/><T70/><D70/><U42/><E42/><V21/><F109/><W26/><G26/><T74/><D74/><U134/><E134/><V98/><F119/><W124/><G45/><T132/><D132/><U30/><E30/><V68/><F116/><W29/><G29/><T27/><D128/><N who="3" m="49193" /><G124/><T52/><D52/><U55/><E55/><V43/><F53/><W46/><G46/><T72/><D72/><U85/><E85/><V57/><F68/><W37/><G37/><T105/><D105/><U34/><E34/><V129/><F129/><W118/><G118/><T40/><D40/><U75/><E75/><V65/><F43/><W115/><G115/><N who="2" m="44073" /><F57/><W133/><G133/><T77/><D120/><U54/><E41/><V107/><F65/><W5/><AGARI ba="0,0" hai="5,9,15,84,90,93,100,102" m="49193,48650" machi="5" ten="30,2000,0" yaku="18,1,19,1" doraHai="18" who="3" fromWho="3" sc="249,-5,353,-10,199,-5,199,20" /><INIT seed="2,0,0,2,5,48" ten="244,343,194,219" oya="2" hai0="135,104,60,103,131,41,114,45,85,73,24,63,105" hai1="28,42,5,20,25,94,33,68,91,11,70,74,21" hai2="27,102,40,47,123,19,122,35,116,124,98,82,71" hai3="62,17,81,107,106,4,12,22,36,6,90,9,14"/><V126/><F116/><W65/><G36/><T30/><D73/><U44/><E74/><V79/><F71/><W125/><G125/><N who="2" m="48233" /><F19/><W119/><G119/><T2/><D2/><U129/><E70/><V83/><F27/><W50/><G50/><T59/><D114/><U64/><E64/><V52/><F35/><W134/><G134/><T3/><D3/><U58/><E68/><V128/><F128/><W67/><G65/><T69/><D131/><U72/><E72/><N who="2" m="43367" /><F83/><W13/><G6/><T43/><D69/><U15/><E129/><V89/><F89/><W113/><G67/><T66/><D135/><U127/><E127/><V100/><F100/><W7/><G4/><T0/><D0/><U29/><E29/><V110/><F110/><W38/><G7/><T86/><D103/><U78/><E78/><V77/><F77/><W54/><G9/><T130/><D130/><U84/><E58/><V76/><F76/><W31/><G31/><T53/><D104/><U111/><E111/><V55/><F122/><W8/><G106/><T99/><D105/><U112/><E112/><V10/><F10/><W37/><G107/><T118/><D118/><U18/><E5/><V88/><F123/><W133/><G8/><T16/><D16/><U49/><AGARI ba="0,0" hai="11,15,18,20,21,25,28,33,42,44,49,84,91,94" machi="49" ten="20,1500,0" yaku="0,1,7,1" doraHai="48" who="1" fromWho="1" sc="244,-4,343,15,194,-7,219,-4" /><INIT seed="3,0,0,1,3,8" ten="240,358,187,215" oya="3" hai0="81,13,125,58,32,87,84,78,53,105,75,38,86" hai1="40,82,46,79,0,19,10,98,30,37,115,15,3" hai2="50,26,4,9,90,21,71,65,83,61,63,55,114" hai3="31,112,44,101,7,116,133,127,11,122,100,27,73"/><W131/><G122/><T119/><D38/><U28/><E115/><V124/><F124/><W96/><G127/><T85/><D32/><U57/><E98/><V36/><F114/><W104/><G112/><T18/><D125/><U66/><E66/><V129/><F36/><W67/><G116/><T132/><D119/><U39/><E39/><V113/><F113/><W103/><G73/><T74/><D105/><U120/><E120/><V126/><F126/><W68/><G133/><T118/><D118/><U94/><E94/><V128/><F63/><N who="3" m="40063" /><G44/><T97/><D97/><U45/><E45/><V42/><F42/><W108/><G108/><T70/><D70/><U23/><E57/><V56/><F90/><W35/><G131/><T130/><D130/><U2/><REACH who="1" step="1"/><E10/><REACH who="1" ten="240,348,187,215" step="2"/><V25/><F83/><W102/><G102/><T16/><D132/><U93/><E93/><V17/><F129/><W64/><G64/><T123/><D123/><U5/><E5/><V54/><F128/><W89/><G89/><T60/><REACH who="0" step="1"/><D18/><REACH who="0" ten="230,348,187,215" step="2"/><U48/><E48/><V95/><F50/><W109/><G109/><T34/><D34/><U43/><E43/><V47/><F71/><W69/><G69/><T14/><D14/><AGARI ba="0,2" hai="7,11,14,27,31,35,96,100,101,103,104" m="40063" machi="14" ten="30,2900,0" yaku="25,1,52,1" doraHai="8" who="3" fromWho="0" sc="230,-29,348,0,187,0,215,49" /><INIT seed="3,1,0,3,0,72" ten="201,348,187,264" oya="3" hai0="14,18,56,63,20,39,129,131,41,11,127,30,29" hai1="109,44,49,16,8,108,50,6,123,22,93,119,33" hai2="7,55,78,83,112,61,31,32,115,28,4,2,124" hai3="87,135,92,17,99,85,69,107,38,23,51,110,91"/><W75/><G38/><T13/><D39/><U105/><E105/><V97/><F124/><W15/><G69/><T42/><D41/><U36/><E33/><V35/><F2/><W65/><G65/><T37/><D37/><U120/><E119/><V5/><F97/><W62/><G75/><T66/><D42/><N who="1" m="22599" /><E93/><V102/><F102/><W130/><G107/><T125/><D66/><U54/><E8/><V128/><F128/><N who="0" m="49226" /><D63/><U98/><E98/><V106/><F106/><W71/><G130/><T118/><D56/><N who="1" m="32847" /><E6/><V76/><F83/><W104/><G104/><T58/><D58/><U45/><E16/><V19/><F19/><W86/><G71/><T21/><D118/><U90/><E90/><V70/><F70/><W57/><G62/><T95/><D95/><U73/><E22/><N who="0" m="8809" /><D14/><U122/><E73/><V79/><F55/><AGARI ba="1,0" hai="45,50,55,108,109,120,122,123" m="32847,22599" machi="55" ten="30,2000,0" yaku="34,2" doraHai="72" who="1" fromWho="2" sc="201,0,348,23,187,-23,264,0" /><INIT seed="4,0,0,1,1,135" ten="201,371,164,264" oya="0" hai0="108,90,113,8,62,48,55,65,32,111,95,11,123" hai1="106,117,133,38,27,116,129,58,66,78,51,3,40" hai2="87,110,15,6,125,97,42,91,127,25,35,21,64" hai3="132,99,20,83,52,88,79,39,16,86,28,94,68"/><T107/><D107/><U63/><E3/><V45/><F110/><N who="0" m="42026" /><D123/><U100/><E133/><V26/><F35/><W103/><G132/><T49/><D32/><U98/><E129/><V47/><F64/><W73/><G68/><N who="0" m="42039" /><D113/><U101/><E101/><V89/><F97/><W43/><G28/><T36/><D36/><U30/><E51/><N who="0" m="19529" /><D55/><U76/><E117/><V12/><F42/><W114/><G114/><T33/><D33/><U29/><E116/><V59/><F59/><W130/><G130/><T75/><D75/><U4/><E4/><V85/><F21/><W84/><G52/><T128/><D128/><U31/><E27/><V81/><F81/><W67/><G67/><T1/><D1/><U96/><E96/><AGARI ba="0,0" hai="8,11,90,95,96" m="19529,42039,42026" machi="96" ten="30,1500,0" yaku="10,1" doraHai="135" who="0" fromWho="1" sc="201,15,371,-15,164,0,264,0" /><INIT seed="4,1,0,2,5,35" ten="216,356,164,264" oya="0" hai0="7,99,71,82,104,94,102,117,6,41,48,115,28" hai1="128,78,111,52,130,10,4,16,29,42,96,0,54" hai2="3,106,49,66,88,36,5,59,22,123,17,67,112" hai3="33,19,63,8,107,31,56,39,105,37,134,18,89"/><T120/><D120/><U15/><E111/><V25/><F123/><W55/><G134/><T118/><D71/><U86/><E42/><V119/><F119/><W13/><G19/><T100/><D115/><U95/><E29/><V129/><F106/><W46/><G39/><T26/><D117/><U75/><E75/><V64/><F36/><W122/><G122/><T68/><D68/><U24/><E24/><V103/><F103/><W124/><G124/><T65/><D118/><U87/><E87/><V32/><F32/><W62/><G62/><T70/><D70/><U81/><E128/><V133/><F133/><W61/><G61/><T60/><D65/><U30/><E30/><V58/><F129/><W45/><G46/><T79/><D60/><U91/><E130/><V132/><F132/><W20/><G33/><T125/><D125/><U80/><E80/><V53/><F112/><W73/><G73/><T38/><D38/><U43/><E43/><V84/><F5/><W97/><G45/><N who="0" m="25647" /><D102/><U113/><E113/><V72/><F72/><W47/><G47/><T69/><D69/><U121/><E121/><V51/><F3/><W27/><G37/><T12/><D104/><U74/><E74/><V109/><F109/><W44/><G44/><T9/><D6/><U114/><E114/><V77/><F77/><W11/><G11/><AGARI ba="1,0" hai="0,4,10,11,15,16,52,54,78,81,86,91,95,96" machi="11" ten="30,7700,0" yaku="7,1,52,1,54,2" doraHai="35" who="1" fromWho="3" sc="216,0,356,80,164,0,264,-80" /><INIT seed="5,0,0,1,2,40" ten="216,436,164,184" oya="1" hai0="56,8,102,78,10,114,57,49,41,60,12,117,32" hai1="36,14,120,42,58,27,26,23,83,53,132,84,97" hai2="86,96,61,105,44,39,50,3,24,35,95,15,62" hai3="110,1,101,4,91,34,38,89,74,119,94,122,13"/><U108/><E120/><V130/><F3/><W128/><G74/><T28/><D117/><U112/><E132/><V65/><F130/><W20/><G38/><T25/><D114/><U17/><E112/><V21/><F39/><W73/><G73/><T19/><D78/><U88/><E108/><V115/><F115/><W6/><G34/><T111/><D111/><U7/><E7/><V133/><F133/><W37/><G37/><T121/><D121/><U81/><E81/><V76/><F105/><W11/><G122/><T92/><D8/><U48/><REACH who="1" step="1"/><E97/><REACH who="1" ten="216,426,164,184" step="2"/><V106/><F96/><N who="3" m="59543" /><G4/><T63/><D102/><U22/><E22/><V64/><F21/><W77/><G20/><T45/><REACH who="0" step="1"/><D92/><REACH who="0" ten="206,426,164,184" step="2"/><U33/><E33/><V67/><F95/><W100/><G119/><T9/><D9/><U79/><E79/><V69/><F76/><W59/><G11/><T113/><D113/><U109/><E109/><V135/><F135/><W54/><G77/><T125/><D125/><U118/><E118/><V98/><F106/><W51/><G110/><T55/><D55/><U18/><E18/><V70/><F35/><W2/><G54/><T5/><D5/><U87/><E87/><V75/><F86/><W123/><G6/><T68/><D68/><U126/><E126/><V99/><F70/><W71/><G71/><T134/><D134/><U80/><E80/><V47/><F69/><W127/><G123/><T0/><D0/><U43/><E43/><V46/><F75/><W66/><G1/><T107/><D107/><U124/><E124/><V30/><F67/><W82/><G2/><RYUUKYOKU ba="0,2" sc="206,15,426,15,164,-15,184,-15" hai0="10,12,19,25,28,32,41,45,49,56,57,60,63" hai1="14,17,23,26,27,36,42,48,53,58,83,84,88" /><INIT seed="5,1,2,5,5,113" ten="221,441,149,169" oya="1" hai0="82,73,107,120,68,109,51,4,128,48,132,129,61" hai1="5,46,27,33,135,80,131,102,44,114,117,119,95" hai2="93,58,78,76,92,60,70,83,10,16,94,98,100" hai3="89,130,54,52,86,124,125,121,14,123,72,9,20"/><U112/><E5/><V63/><F70/><W24/><G72/><T42/><D109/><U43/><E135/><V18/><F10/><W53/><G130/><N who="0" m="50283" /><D107/><U87/><E131/><V127/><F127/><N who="3" m="48715" /><G9/><T106/><D106/><U28/><E95/><N who="2" m="36427" /><F63/><W49/><G49/><N who="0" m="19019" /><D4/><U47/><E102/><V75/><F75/><W55/><G14/><T115/><D115/><N who="1" m="44075" /><E43/><V56/><F56/><W37/><G37/><T77/><D132/><U133/><E133/><V65/><F83/><N who="3" m="49375" /><G55/><T134/><D134/><U34/><E34/><V105/><F105/><W40/><G40/><T88/><D42/><U91/><AGARI ba="1,2" hai="27,28,33,44,46,47,80,87,91,117,119" m="44075" machi="91" ten="30,6000,0" yaku="15,1,52,2" doraHai="113" who="1" fromWho="1" sc="221,-21,441,83,149,-21,169,-21" /><INIT seed="5,2,0,2,4,127" ten="200,524,128,148" oya="1" hai0="14,128,112,98,27,31,6,71,69,90,67,33,64" hai1="55,75,38,126,107,118,110,46,130,0,53,19,131" hai2="74,51,86,81,133,121,41,50,76,62,1,78,124" hai3="34,108,100,15,45,114,105,70,42,8,119,54,134"/><U63/><E118/><V18/><F121/><W72/><G34/><T135/><D112/><U21/><E126/><V13/><F1/><W113/><G72/><T115/><D115/><U96/><E75/><V17/><F124/><W4/><G70/><T66/><D135/><U16/><E0/><V26/><F133/><W65/><G65/><T32/><D32/><U91/><E110/><V92/><F41/><W123/><G134/><T79/><D79/><U97/><E107/><V106/><F106/><W24/><G123/><T25/><D25/><N who="1" m="14503" /><E19/><V87/><F74/><W122/><G108/><T95/><D6/><U47/><E38/><V28/><F18/><W89/><G122/><T23/><D14/><U29/><E29/><V109/><F109/><W58/><G119/><T93/><D33/><U3/><E3/><V10/><F62/><W80/><G105/><T85/><D69/><U11/><E11/><V120/><F120/><W101/><G114/><T39/><D39/><U77/><E77/><V12/><F12/><W104/><G104/><T30/><D30/><U5/><E5/><V43/><F43/><W117/><G117/><T37/><D37/><U9/><E9/><V48/><F76/><W111/><G113/><T36/><D36/><U88/><E63/><V7/><F7/><W132/><G132/><T102/><REACH who="0" step="1"/><D71/><REACH who="0" ten="190,524,128,148" step="2"/><U61/><E47/><V73/><F28/><W44/><G4/><T60/><D60/><U49/><E61/><V59/><F26/><W22/><G24/><T40/><D40/><U2/><E2/><V103/><F59/><W82/><G58/><RYUUKYOKU ba="2,1" sc="190,15,524,-15,128,15,148,-15" hai0="23,27,31,64,66,67,85,90,93,95,98,102,128" hai2="10,13,17,48,50,51,73,78,81,86,87,92,103" /><INIT seed="6,3,1,5,0,68" ten="205,509,143,133" oya="2" hai0="39,11,114,31,56,122,59,99,3,109,104,78,130" hai1="46,94,90,42,75,88,126,92,30,69,73,127,113" hai2="85,87,67,98,7,115,23,57,76,81,60,8,29" hai3="120,102,118,25,38,55,133,35,135,82,105,12,72"/><V5/><F115/><W44/><G120/><T95/><D122/><U17/><E69/><V61/><F98/><N who="3" m="61655" /><G12/><T54/><D114/><U14/><E30/><V129/><F129/><W15/><G15/><T34/><D104/><U91/><E113/><V37/><F37/><W58/><G58/><T9/><D39/><N who="1" m="21855" /><E73/><V124/><F124/><N who="1" m="47657" /><E75/><V117/><F8/><AGARI ba="3,1" hai="8,14,17,88,90,91,92,94" m="47657,21855" machi="8" ten="30,3900,0" yaku="18,1,52,1,54,1" doraHai="68" who="1" fromWho="2" sc="205,0,509,58,143,-48,133,0" /><INIT seed="7,0,0,2,5,93" ten="205,567,95,133" oya="3" hai0="64,95,67,65,73,44,83,77,57,109,94,51,104" hai1="48,131,18,49,29,72,22,5,39,97,6,81,92" hai2="113,99,69,130,96,134,84,82,10,0,53,86,108" hai3="105,129,112,63,8,27,55,62,121,25,14,19,54"/><W46/><G105/><T123/><D109/><U41/><E29/><V2/><F108/><W45/><G121/><T70/><D123/><U16/><E39/><V17/><F134/><W119/><G119/><T91/><D104/><U33/><E33/><V87/><F130/><W59/><G129/><T71/><D94/><U120/><E120/><V89/><F113/><W40/><G112/><T103/><D103/><N who="1" m="60839" /><E72/><V34/><F34/><W135/><G135/><T32/><D32/><U61/><E61/><V30/><F69/><W85/><G85/><N who="2" m="32873" /><F2/><W79/><G79/><T1/><D1/><U11/><E81/><V90/><F0/><W75/><G75/><T28/><D28/><U115/><E115/><V100/><F30/><W52/><G55/><T101/><D101/><U43/><E18/><V35/><F35/><W36/><G46/><T9/><D9/><U23/><E23/><V47/><F100/><W127/><G127/><T74/><D74/><U3/><E3/><V118/><F90/><W122/><G122/><T7/><D7/><N who="1" m="2571" /><E11/><V124/><F124/><W116/><G116/><T111/><D111/><U24/><E131/><V38/><F118/><W80/><G80/><T15/><D70/><U58/><E58/><AGARI ba="0,0" hai="8,14,19,25,27,36,40,45,52,54,58,59,62,63" machi="58" ten="40,3900,0" yaku="9,1,54,1" doraHai="93" who="3" fromWho="1" sc="205,0,567,-39,95,0,133,39" /><INIT seed="7,1,0,0,5,69" ten="205,528,95,172" oya="3" hai0="51,86,81,50,84,18,11,29,116,2,64,128,52" hai1="133,41,19,103,63,10,12,123,1,44,102,32,9" hai2="114,59,24,97,21,54,39,124,46,40,135,58,28" hai3="130,87,66,126,36,76,8,83,27,105,73,5,100"/><W22/><G126/><T118/><D128/><U95/><E32/><V30/><F124/><W79/><G130/><T99/><D116/><U127/><E127/><V75/><F75/><W77/><G66/><T89/><D118/><U6/><E123/><V26/><F135/><W72/><G73/><T57/><D2/><U62/><E133/><V53/><F114/><W37/><G72/><T14/><D29/><U48/><E95/><V68/><F68/><W23/><G100/><T107/><D107/><U115/><E115/><V93/><F58/><W47/><G105/><T20/><D64/><U121/><E121/><V78/><F78/><W109/><G109/><T55/><D99/><U49/><E49/><V110/><F110/><W33/><G33/><T108/><D108/><U67/><E63/><V15/><F15/><W60/><G60/><T38/><D38/><U122/><E122/><V7/><F7/><W88/><G47/><N who="0" m="27743" /><D86/><U129/><E129/><V112/><F112/><W0/><REACH who="3" step="1"/><G23/><AGARI ba="1,0" hai="11,14,18,20,23,51,55,57,81,84,89" m="27743" machi="23" ten="30,3900,0" yaku="25,1,8,1,54,1" doraHai="69" who="0" fromWho="3" sc="205,42,528,0,95,0,172,-42" owari="247,5.0,528,62.0,95,-40.0,130,-27.0" /></mjloggm>