<mjloggm ver="2.3"><GO type="41"/><UN n0="%E3%81%93%E3%82%93%E3%81%93%E3%82%93%E3%81%93%E3%82%93" n1="%EF%BC%AE%EF%BD%8F%EF%BD%89%EF%BD%98" n2="%E2%98%85%54%49%46%41%E2%98%85" n3="%EF%BC%88%E2%89%A7%E2%96%BD%E2%89%A6%EF%BC%89" dan="15,14,14,15" rate="1923,1859,1902,2069" sx="M,M,F,M"/><TAIKYOKU oya="0"/><INIT seed="0,0,0,1,0,126" ten="250,250,250,250" oya="0" hai0="78,50,3,116,39,79,113,89,25,11,112,42,100" hai1="24,105,68,133,75,26,53,34,102,4,77,96,94" hai2="52,73,106,110,15,57,12,56,99,83,71,88,41" hai3="125,118,23,51,59,117,1,55,108,124,130,45,74"/><T2/><D39/><U85/><E68/><V98/><F71/><W80/><G1/><T107/><D116/><N who="3" m="44649" /><G23/><T76/><D107/><U91/><E133/><V69/><F69/><W0/><G0/><T21/><D100/><U122/><E122/><V10/><F41/><N who="3" m="25007" /><G80/><T134/><D134/><U65/><E65/><V63/><F73/><W61/><G74/><T109/><D112/><U43/><E43/><V7/><F12/><W30/><G30/><T54/><D113/><U64/><E64/><V37/><F37/><W33/><G33/><T32/><D42/><U20/><E4/><V44/><F106/><W135/><G135/><T103/><D32/><U18/><E53/><V31/><F52/><N who="3" m="34023" /><G108/><T5/><D103/><U81/><REACH who="1" step="1"/><E34/><REACH who="1" step="2"/><V38/><F7/><W19/><G55/><T92/><D109/><U47/><E47/><V90/><F44/><W16/><G125/><T49/><D54/><U6/><E6/><V9/><F110/><W36/><G124/><T114/><D114/><U87/><E87/><V115/><F115/><W121/><G121/><T27/><D2/><U70/><E70/><V58/><F99/><W48/><G36/><T95/><D3/><U67/><E67/><V129/><F98/><W97/><G97/><T62/><D5/><U127/><E127/><V93/><F38/><W46/><G46/><T123/><D123/><U14/><AGARI ba="0,1" hai="14,18,20,24,26,75,77,81,85,91,94,96,102,105" machi="14" ten="20,8000,1" yaku="1,1,0,1,7,1,24,2,53,0" doraHai="126" doraHaiUra="66" who="1" fromWho="1" sc="250,-40,240,90,250,-20,250,-20" /><INIT seed="1,0,0,2,0,134" ten="210,330,230,230" oya="1" hai0="0,53,112,12,100,118,57,127,2,96,28,131,94" hai1="11,42,74,113,30,16,69,58,7,22,37,91,111" hai2="73,27,120,33,45,107,3,62,93,129,61,114,119" hai3="31,103,79,21,35,82,50,92,15,108,64,39,48"/><U124/><E113/><V6/><F107/><W5/><G39/><T121/><D112/><U76/><E111/><V29/><F73/><W4/><G108/><T51/><D118/><U23/><E69/><V44/><F119/><W132/><G132/><T68/><D121/><U10/><E37/><V109/><F109/><W34/><G34/><T17/><D68/><U14/><E42/><V47/><F120/><W59/><G35/><T52/><D131/><U116/><E116/><V8/><F129/><W105/><G105/><T85/><D28/><U70/><E70/><V125/><F93/><W1/><G1/><T26/><D26/><U78/><E74/><V36/><F36/><W106/><G106/><T66/><D66/><U49/><E30/><V88/><F114/><W115/><G115/><T46/><D85/><U19/><E91/><V77/><F88/><W84/><G103/><T9/><REACH who="0" step="1"/><D127/><REACH who="0" step="2"/><U63/><E124/><V65/><F125/><W101/><G84/><T133/><D133/><U13/><E49/><AGARI ba="0,1" hai="0,2,9,12,17,46,49,51,52,53,57,94,96,100" machi="49" ten="30,7700,0" yaku="1,1,7,1,54,1,53,1" doraHai="134" doraHaiUra="89" who="0" fromWho="1" sc="200,87,330,-77,230,0,230,0" /><INIT seed="2,0,0,2,4,70" ten="287,253,230,230" oya="2" hai0="67,105,29,116,22,56,62,74,133,76,77,114,39" hai1="79,106,14,15,4,28,102,16,57,92,13,36,23" hai2="27,46,12,21,117,119,8,52,85,54,104,110,81" hai3="11,86,65,63,50,53,97,41,69,35,2,34,82"/><V112/><F104/><W132/><G132/><T95/><D114/><U59/><E36/><V48/><F112/><W37/><G97/><T55/><D105/><U130/><E130/><V84/><F84/><W83/><G2/><T124/><D133/><U107/><E79/><V72/><F72/><W38/><G11/><T26/><D116/><U127/><E127/><V108/><F54/><W18/><G18/><T129/><D129/><U93/><E4/><V51/><F51/><W30/><G83/><T109/><D124/><U91/><E106/><V45/><F45/><W60/><G60/><T47/><D74/><U6/><E107/><V78/><F119/><W80/><G80/><T43/><D109/><U134/><E134/><V40/><F117/><W49/><G30/><T24/><D24/><N who="1" m="14439" /><E28/><N who="2" m="17519" /><F110/><W58/><G49/><T61/><REACH who="0" step="1"/><D95/><REACH who="0" step="2"/><U66/><E93/><V1/><F108/><W113/><G113/><T121/><D121/><U89/><E6/><N who="2" m="3095" /><F1/><W87/><G82/><T5/><D5/><U32/><E92/><V33/><F81/><W100/><G34/><T19/><D19/><U73/><E32/><V135/><F33/><W42/><G35/><T10/><D10/><U94/><E73/><V101/><F135/><W64/><G100/><T99/><D99/><N who="1" m="59767" /><E66/><V123/><F101/><W20/><G65/><T128/><D128/><U103/><E103/><V75/><F75/><W96/><G96/><T90/><D90/><AGARI ba="0,1" hai="13,14,15,57,59,89,90,91" m="59767,14439" machi="90" ten="30,2000,0" yaku="8,1,54,1" doraHai="70" who="1" fromWho="0" sc="277,-20,253,30,230,0,230,0" /><INIT seed="3,0,0,3,1,87" ten="257,283,230,230" oya="3" hai0="19,111,105,124,99,14,110,90,91,57,127,96,93" hai1="17,78,70,134,49,79,43,46,26,117,132,27,51" hai2="84,109,73,41,65,3,7,86,122,89,21,120,118" hai3="9,25,121,45,64,126,60,37,56,23,115,103,35"/><W66/><G121/><T61/><D105/><U24/><E117/><V52/><F73/><W74/><G115/><T55/><D14/><U81/><E70/><V67/><F41/><W113/><G113/><T62/><D19/><U22/><E79/><V38/><F38/><W129/><G74/><T98/><D62/><U83/><E83/><V75/><F75/><W106/><G35/><T1/><D1/><U39/><E81/><V104/><F104/><W44/><G129/><T77/><D77/><U12/><REACH who="1" step="1"/><E78/><REACH who="1" step="2"/><V53/><F118/><W31/><G126/><N who="0" m="48171" /><D93/><U48/><AGARI ba="0,1" hai="12,17,22,24,26,27,39,43,46,48,49,51,132,134" machi="48" ten="40,5200,0" yaku="1,1,0,1,53,1" doraHai="87" doraHaiUra="10" who="1" fromWho="1" sc="257,-13,273,62,230,-13,230,-26" /><INIT seed="4,0,0,4,1,132" ten="244,335,217,204" oya="0" hai0="43,18,94,81,41,16,118,15,55,62,42,92,126" hai1="77,2,8,33,121,128,20,108,52,86,6,76,39" hai2="48,93,54,56,122,133,68,64,129,66,57,13,115" hai3="85,37,5,60,51,31,23,97,21,107,125,45,104"/><T35/><D118/><U24/><E128/><V89/><F129/><W47/><G5/><T10/><D35/><U53/><E121/><V38/><F38/><W40/><G85/><T4/><D81/><U102/><E39/><V19/><F122/><W0/><G0/><T123/><D123/><U28/><E108/><V103/><F103/><W111/><G111/><T110/><D110/><U50/><E102/><V95/><F133/><W78/><G78/><T32/><D32/><U134/><E134/><V7/><F7/><W112/><G112/><T98/><D126/><U82/><E77/><V3/><F3/><W84/><G84/><T79/><D79/><U124/><E124/><V100/><F100/><W119/><G119/><T80/><D80/><U67/><E67/><V49/><F68/><W71/><G125/><T17/><D98/><U130/><E130/><V36/><F36/><W114/><G114/><T30/><D30/><U11/><E11/><V117/><F117/><W59/><G71/><T1/><D1/><U69/><E69/><V96/><F115/><W135/><G97/><T26/><D26/><U106/><E106/><V34/><F95/><W9/><G9/><T25/><D25/><U105/><E105/><N who="3" m="40522" /><G31/><T65/><REACH who="0" step="1"/><D55/><REACH who="0" step="2"/><U29/><E29/><V75/><F34/><W113/><G135/><T120/><D120/><U44/><E33/><V14/><F54/><AGARI ba="0,1" hai="2,6,8,20,24,28,44,50,52,53,54,76,82,86" machi="54" ten="30,2000,0" yaku="7,1,54,1" doraHai="132" who="1" fromWho="2" sc="234,0,335,30,217,-20,204,0" /><INIT seed="5,0,0,5,5,28" ten="234,365,197,204" oya="1" hai0="91,124,118,122,11,59,75,45,3,21,134,47,34" hai1="32,130,94,52,53,17,15,20,26,46,54,12,111" hai2="99,106,1,129,39,87,116,69,132,31,82,55,86" hai3="115,72,100,90,27,56,79,81,36,44,70,89,105"/><U92/><E111/><V113/><F116/><W66/><G70/><T133/><D118/><U74/><E74/><V96/><F1/><W30/><G115/><T108/><D108/><U62/><E130/><V13/><F69/><W58/><G36/><T38/><D75/><U18/><E32/><V98/><F31/><W40/><G40/><T73/><D73/><U14/><E46/><V121/><F39/><W5/><G44/><T9/><D122/><U114/><E114/><V63/><F13/><W93/><G5/><T84/><D124/><U57/><REACH who="1" step="1"/><E18/><REACH who="1" step="2"/><V125/><F113/><W4/><G72/><T135/><D34/><U83/><E83/><V103/><F82/><W67/><G81/><T80/><D38/><U112/><E112/><V88/><F129/><W117/><G117/><T78/><D47/><U49/><E49/><V101/><F121/><W61/><G61/><T85/><D45/><U71/><E71/><V41/><F63/><W22/><G58/><T120/><D120/><U68/><E68/><V107/><F125/><W37/><G56/><T25/><D59/><U7/><E7/><V48/><F48/><W97/><G4/><T33/><D33/><U77/><E77/><V119/><F119/><W95/><G37/><T123/><D123/><U110/><E110/><V131/><F41/><W24/><G79/><T0/><D0/><U50/><E50/><V2/><F131/><W76/><G76/><T51/><D51/><U43/><E43/><V23/><F2/><W126/><G126/><T6/><D6/><U65/><AGARI ba="0,1" hai="12,14,15,17,20,26,52,53,54,57,62,65,92,94" machi="65" ten="30,18000,2" yaku="1,1,0,1,8,1,54,1,53,3" doraHai="28" doraHaiUra="8" who="1" fromWho="1" sc="234,-60,355,190,197,-60,204,-60" /><INIT seed="5,1,0,4,3,72" ten="174,545,137,144" oya="1" hai0="62,36,10,63,135,108,48,133,31,44,64,78,26" hai1="56,106,57,74,109,111,92,102,4,52,11,132,97" hai2="126,59,9,69,75,121,68,43,95,107,29,134,28" hai3="61,128,18,17,94,85,88,93,84,129,41,86,98"/><U127/><E74/><V46/><F107/><W117/><G41/><T0/><D10/><U21/><E132/><V15/><F121/><W40/><G40/><T131/><D0/><U20/><E127/><V79/><F134/><N who="0" m="51210" /><D36/><U104/><E104/><V83/><F126/><W114/><G114/><T130/><D78/><U73/><E73/><V87/><F59/><W119/><G61/><T90/><D90/><U82/><E82/><V14/><F14/><W76/><G17/><T105/><D105/><U35/><E35/><V42/><F42/><W27/><G18/><T80/><D80/><U13/><E106/><V122/><F122/><W54/><G54/><N who="0" m="29959" /><D108/><U101/><E101/><V37/><F75/><W124/><G124/><T99/><D99/><U47/><E47/><V51/><F37/><W5/><G5/><T16/><D64/><U22/><E52/><V34/><F34/><W58/><G76/><T45/><D45/><U103/><E103/><V33/><F95/><W118/><G58/><T2/><D2/><U32/><E32/><V123/><F123/><W81/><G81/><T25/><D25/><U30/><E30/><N who="2" m="11883" /><F33/><W67/><G27/><T100/><D100/><U39/><E39/><V1/><F1/><W110/><G67/><T24/><D24/><U7/><E111/><V120/><F120/><W19/><G110/><T50/><D50/><U77/><E109/><V66/><F66/><W112/><G19/><T6/><D6/><U113/><E113/><V65/><F65/><W12/><G112/><T125/><D125/><U3/><E3/><V53/><F53/><RYUUKYOKU ba="1,0" sc="174,-10,545,-10,137,30,144,-10" hai2="9,15,43,46,51,68,69,79,83,87" /><INIT seed="6,2,0,2,1,114" ten="164,535,167,134" oya="2" hai0="45,4,108,135,116,32,21,107,118,93,82,98,17" hai1="122,68,96,101,80,120,7,109,23,134,39,66,91" hai2="86,112,106,58,47,36,104,50,15,126,46,110,77" hai3="55,54,20,67,131,5,62,29,34,2,119,84,44"/><V132/><F112/><W43/><G34/><T27/><D108/><U31/><E39/><V102/><F110/><W12/><G131/><T97/><D107/><U72/><E109/><V64/><F36/><W52/><G119/><N who="0" m="45611" /><D135/><U85/><E134/><V3/><F46/><W76/><G2/><T18/><D32/><U38/><E7/><V70/><F70/><W53/><N who="3" m="13312" /><DORA hai="24" /><W41/><G5/><T78/><D4/><U37/><E72/><V128/><F64/><W16/><G29/><N who="0" m="17647" /><D45/><U90/><E66/><V121/><F106/><W113/><G113/><T74/><D98/><U111/><E68/><V19/><F104/><W69/><REACH who="3" step="1"/><G44/><REACH who="3" step="2"/><T89/><AGARI ba="2,1" hai="17,18,74,78,82,89,93,97" m="17647,45611" machi="89" ten="30,8000,1" yaku="12,1,52,4" doraHai="114,24" who="0" fromWho="0" sc="164,96,535,-22,167,-42,124,-22" /><INIT seed="7,0,0,3,3,32" ten="260,513,125,102" oya="3" hai0="20,118,10,107,6,16,54,92,122,119,109,72,81" hai1="50,2,43,62,117,15,67,68,18,128,101,13,38" hai2="31,30,108,48,97,133,90,40,11,3,64,78,63" hai3="104,1,14,52,26,55,84,7,123,87,116,24,49"/><W135/><G104/><T132/><D107/><U93/><E117/><V103/><F108/><W77/><G116/><T79/><D122/><U71/><E128/><V120/><F78/><W70/><G70/><T0/><D109/><U39/><E2/><V41/><F31/><W100/><G123/><T99/><D54/><U76/><E76/><V35/><F40/><W89/><G135/><T95/><D132/><U56/><E101/><V111/><F30/><W125/><G125/><T65/><D65/><U114/><E93/><V129/><F35/><W28/><G100/><T42/><D42/><U9/><E114/><V66/><F103/><W102/><G102/><T22/><D22/><U106/><E106/><V130/><F41/><W12/><G1/><T73/><D73/><U19/><E39/><V85/><F3/><W17/><G7/><T88/><D95/><U34/><E34/><V37/><F37/><W112/><G112/><T60/><D60/><U124/><E124/><V58/><F111/><W105/><G105/><T134/><D134/><U98/><E98/><V126/><F133/><W75/><G75/><T127/><D127/><U25/><E25/><AGARI ba="0,0" hai="0,6,10,16,20,25,72,79,81,88,92,99,118,119" machi="25" ten="30,7700,0" yaku="7,1,52,1,54,2" doraHai="32" who="0" fromWho="1" sc="260,77,513,-77,125,0,102,0" owari="337,14.0,436,53.0,125,-27.0,102,-40.0" /></mjloggm>