<mjloggm ver="2.3"><GO type="169"/><UN n0="%E3%80%93%E6%9D%BE%E4%BA%95%EF%BC%A3%EF%BC%B3%E3%80%93" n1="%41%53%41%50%49%4E" n2="%E3%81%8A%EF%BC%81%E3%81%AA%E3%81%AB%EF%BD%9E%EF%BC%9F" n3="%EF%BC%88%E2%89%A7%E2%96%BD%E2%89%A6%EF%BC%89" dan="16,17,16,16" rate="2057,2113,2125,2108" sx="M,F,M,M"/><TAIKYOKU oya="0"/><INIT seed="0,0,0,0,2,41" ten="250,250,250,250" oya="0" hai0="129,48,28,32,46,118,2,103,7,121,54,88,85" hai1="75,97,1,108,61,4,66,20,83,17,29,37,52" hai2="3,126,134,65,100,8,120,44,112,122,18,0,72" hai3="119,104,107,80,25,63,49,50,35,89,26,71,59"/><T13/><D118/><U123/><E123/><V87/><F112/><W105/><G119/><T95/><D121/><U82/><E37/><V79/><F72/><W57/><G71/><T19/><D129/><U10/><E108/><V90/><F79/><W117/><G117/><T130/><D130/><U94/><E75/><V56/><F100/><W5/><G5/><T92/><D2/><U43/><E43/><V74/><F74/><W109/><G109/><T55/><D7/><U67/><E29/><V93/><F126/><W102/><G102/><T6/><D6/><U58/><E82/><V86/><F86/><W131/><G131/><T135/><D135/><U9/><E9/><V115/><F115/><W60/><G80/><T77/><D77/><U36/><E83/><V33/><F33/><W31/><G89/><T42/><D28/><U38/><E36/><V64/><F134/><W106/><G106/><T110/><D32/><U81/><E81/><V34/><F34/><W22/><G63/><T69/><D69/><U15/><E38/><V23/><F120/><W114/><G114/><T96/><D110/><U14/><REACH who="1" step="1"/><E1/><REACH who="1" ten="250,240,250,250" step="2"/><V30/><F122/><W113/><G113/><T68/><D68/><U78/><E78/><V39/><F30/><N who="3" m="17719" /><G60/><T84/><D84/><U11/><E11/><AGARI ba="0,1" hai="11,13,19,42,46,48,54,55,85,88,92,95,96,103" machi="11" ten="30,11600,0" yaku="7,1,8,1,52,1,54,1" doraHai="41" who="0" fromWho="1" sc="250,126,240,-116,250,0,250,0" /><INIT seed="0,1,0,2,2,113" ten="376,124,250,250" oya="0" hai0="22,55,83,23,63,108,80,75,126,30,65,13,101" hai1="73,125,133,37,77,118,26,38,52,47,61,84,32" hai2="5,15,103,53,123,110,119,14,21,97,107,10,111" hai3="66,71,34,4,127,46,74,128,100,131,2,87,57"/><T64/><D126/><U115/><E115/><V76/><F123/><W93/><G74/><T95/><D108/><U89/><E125/><V28/><F76/><W59/><G34/><T16/><D75/><U81/><E133/><V132/><F132/><W106/><G106/><T27/><D55/><U36/><E118/><V44/><F119/><W116/><G116/><T90/><D101/><U72/><E72/><V17/><F28/><W96/><G87/><T109/><D109/><N who="2" m="41482" /><F53/><W19/><G19/><T33/><D33/><U120/><E120/><V70/><F44/><W49/><G71/><AGARI ba="1,0" hai="5,10,14,15,17,21,70,71,97,103,107" m="41482" machi="71" ten="30,1000,0" yaku="14,1" doraHai="113" who="2" fromWho="3" sc="376,0,124,0,250,13,250,-13" /><INIT seed="1,0,0,1,1,121" ten="376,124,263,237" oya="1" hai0="81,67,59,117,47,29,22,62,101,37,116,31,84" hai1="26,109,114,119,94,10,19,92,107,40,132,71,133" hai2="25,16,78,50,7,72,51,115,120,69,97,85,99" hai3="20,135,4,15,0,110,106,111,83,3,95,1,102"/><U64/><E114/><V23/><F72/><W8/><G135/><N who="1" m="51786" /><E119/><V61/><F120/><W17/><G106/><T12/><D101/><U122/><E122/><V28/><F7/><W58/><G83/><T74/><D74/><U87/><E107/><V66/><F115/><W134/><G134/><T42/><D31/><U32/><E40/><V77/><F77/><W76/><G76/><T129/><D129/><U18/><E71/><V21/><F78/><W86/><G58/><T130/><D130/><U112/><E112/><V24/><REACH who="2" step="1"/><F85/><REACH who="2" ten="376,124,253,237" step="2"/><W65/><G86/><T68/><D84/><U63/><E87/><V33/><F33/><W98/><REACH who="3" step="1"/><G65/><REACH who="3" ten="376,124,253,227" step="2"/><T96/><D81/><U30/><E64/><V75/><F75/><W70/><G70/><T89/><D68/><U39/><E92/><V52/><F52/><W118/><G118/><T88/><D117/><U113/><E94/><V49/><AGARI ba="0,2" hai="16,21,23,24,25,28,49,50,51,61,66,69,97,99" machi="49" ten="30,4000,0" yaku="1,1,0,1,54,1,53,0" doraHai="121" doraHaiUra="55" who="2" fromWho="2" sc="376,-10,124,-20,253,60,227,-10" /><INIT seed="2,0,0,1,0,50" ten="366,104,313,217" oya="2" hai0="120,95,22,34,32,89,121,38,41,23,65,68,125" hai1="104,70,59,30,117,85,26,80,97,51,54,87,15" hai2="84,102,60,73,71,52,31,0,56,79,44,77,13" hai3="58,101,123,9,20,3,75,110,91,99,106,16,135"/><V82/><F0/><W12/><G123/><T93/><D125/><U8/><E117/><V5/><F71/><W129/><G75/><T1/><D1/><U21/><E70/><V67/><F31/><W98/><G110/><T46/><D68/><U112/><E112/><V24/><F24/><W14/><G129/><T43/><D65/><U72/><E72/><V88/><F102/><W29/><G135/><T18/><D93/><U132/><E132/><V124/><F124/><W33/><G3/><T19/><D43/><U90/><E104/><V127/><F127/><W47/><G47/><T116/><D34/><U94/><REACH who="1" step="1"/><E80/><REACH who="1" ten="366,94,313,217" step="2"/><V49/><F73/><W11/><G106/><T78/><D116/><U64/><E64/><V37/><F37/><W76/><G101/><T69/><D69/><U39/><E39/><V96/><F96/><W86/><G98/><T92/><D38/><U113/><E113/><V128/><F128/><W57/><G99/><T103/><D103/><U66/><E66/><V36/><F36/><W83/><G86/><T48/><D121/><U100/><E100/><V108/><F108/><W4/><G83/><T133/><D120/><U122/><E122/><V105/><F105/><W134/><G134/><T130/><D133/><U62/><E62/><V61/><F60/><W42/><G91/><T2/><D89/><U35/><E35/><V27/><F79/><W63/><G76/><T10/><D78/><U81/><E81/><V28/><F77/><W7/><G63/><T17/><D130/><U55/><E55/><V25/><F28/><W118/><G118/><RYUUKYOKU ba="0,1" sc="366,-15,94,15,313,15,217,-15" hai1="8,15,21,26,30,51,54,59,85,87,90,94,97" hai2="5,13,25,27,44,49,52,56,61,67,82,84,88" /><INIT seed="2,1,1,5,3,54" ten="351,109,328,202" oya="2" hai0="45,119,70,134,4,24,3,129,20,36,32,8,67" hai1="75,103,96,85,135,91,68,101,126,7,131,12,60" hai2="79,21,10,23,114,106,16,49,9,33,112,92,77" hai3="116,100,86,17,115,30,88,108,62,104,56,94,47"/><V1/><F33/><W93/><G116/><T123/><D123/><U59/><E68/><V71/><F71/><W127/><G127/><T55/><D119/><U34/><E34/><V133/><F106/><W110/><G115/><T76/><D134/><U25/><E75/><V11/><F1/><W52/><G30/><T15/><D129/><U95/><E131/><V98/><F133/><W51/><G104/><T35/><D67/><U44/><E135/><V102/><F23/><W46/><G17/><T80/><D70/><U74/><E74/><V99/><F99/><N who="3" m="59511" /><G62/><T27/><D27/><U40/><E126/><V122/><F122/><W38/><G38/><T82/><D3/><U90/><E25/><V107/><F107/><W113/><G113/><T72/><D82/><U6/><E90/><V26/><F112/><W42/><G42/><T132/><D132/><U58/><E60/><V78/><F114/><W14/><G14/><T109/><D109/><AGARI ba="1,1" hai="46,47,51,52,56,86,88,93,108,109,110" m="59511" machi="109" ten="30,7700,0" yaku="14,1,52,1,54,2" doraHai="54" who="3" fromWho="0" sc="351,-80,109,0,328,0,202,90" /><INIT seed="3,0,0,0,4,36" ten="271,109,328,292" oya="3" hai0="79,108,129,81,1,132,121,65,94,95,14,93,38" hai1="107,17,80,57,31,98,120,88,100,16,21,82,135" hai2="89,32,19,119,103,33,83,105,49,69,64,133,128" hai3="37,13,74,44,104,86,51,47,106,114,87,84,25"/><W4/><G74/><T76/><D1/><U3/><E120/><V130/><F119/><W122/><G122/><T68/><D121/><U56/><E3/><V91/><F49/><W23/><G114/><T6/><D108/><U123/><E123/><V7/><F7/><W52/><G4/><T0/><D0/><U110/><E110/><V9/><F133/><W71/><G13/><T55/><D132/><U63/><E135/><V20/><F9/><W39/><G71/><T66/><D129/><N who="2" m="49770" /><F103/><W43/><REACH who="3" step="1"/><G37/><REACH who="3" ten="271,109,328,282" step="2"/><T99/><D38/><U59/><E63/><N who="2" m="40095" /><F105/><W28/><AGARI ba="0,1" hai="23,25,28,39,43,44,47,51,52,84,86,87,104,106" machi="28" ten="30,11700,0" yaku="1,1,0,1,52,1,54,1,53,0" doraHai="36" doraHaiUra="61" who="3" fromWho="3" sc="271,-39,109,-39,328,-39,282,127" /><INIT seed="3,1,0,5,0,111" ten="232,70,289,409" oya="3" hai0="97,93,39,134,42,104,77,13,127,59,100,123,60" hai1="9,101,83,8,70,115,110,113,22,20,31,16,43" hai2="62,117,124,41,3,114,84,126,107,112,5,85,135" hai3="53,15,1,125,19,131,48,21,28,130,44,118,69"/><W61/><G1/><T102/><D134/><U23/><E70/><V47/><F117/><W91/><G118/><T89/><D127/><N who="2" m="48682" /><F107/><W63/><G125/><T86/><D123/><U38/><E101/><V36/><F135/><W94/><G28/><T92/><D42/><U133/><E133/><V76/><F62/><W71/><G71/><T35/><D39/><U32/><E83/><N who="2" m="47207" /><F85/><N who="3" m="52591" /><G69/><T54/><D35/><U67/><E67/><V11/><AGARI ba="1,0" hai="3,5,11,36,41,47,112,114" m="47207,48682" machi="11" ten="30,4000,0" yaku="18,1,52,2" doraHai="111" who="2" fromWho="2" sc="232,-11,70,-11,289,43,409,-21" /><INIT seed="4,0,0,3,0,36" ten="221,59,332,388" oya="0" hai0="103,7,49,40,84,69,82,76,39,88,99,73,57" hai1="16,66,61,46,83,90,105,50,91,68,89,23,33" hai2="1,42,87,101,74,56,8,38,95,122,70,29,47" hai3="128,37,130,48,133,120,45,75,32,94,129,52,107"/><T114/><D69/><U131/><E131/><V55/><F74/><W20/><G107/><T35/><D35/><U54/><E105/><V123/><F70/><W92/><G32/><T0/><D114/><U63/><E33/><V14/><F29/><W119/><G119/><T4/><D39/><U79/><E63/><V98/><F87/><W124/><G124/><T17/><D0/><U112/><E112/><V5/><REACH who="2" step="1"/><F1/><REACH who="2" ten="221,59,322,388" step="2"/><W106/><G75/><T110/><D110/><U77/><REACH who="1" step="1"/><E83/><REACH who="1" ten="221,49,322,388" step="2"/><V12/><F12/><AGARI ba="0,2" hai="12,16,23,46,50,54,61,66,68,77,79,89,90,91" machi="12" ten="40,8000,1" yaku="1,1,2,1,54,1,53,1" doraHai="36" doraHaiUra="60" who="1" fromWho="2" sc="221,0,49,100,322,-80,388,0" /><INIT seed="5,0,0,1,1,16" ten="221,149,242,388" oya="1" hai0="78,89,65,43,20,13,48,18,103,81,80,24,124" hai1="42,88,4,117,1,79,57,128,107,119,77,110,94" hai2="91,68,39,99,123,66,10,100,28,86,8,71,12" hai3="116,111,9,49,93,73,92,132,126,85,47,53,33"/><U41/><E107/><V112/><F123/><W74/><G111/><T98/><D124/><U95/><E110/><V58/><F39/><W114/><G33/><T64/><D89/><U7/><E57/><V90/><F28/><W0/><G126/><T32/><D81/><U22/><E128/><V21/><F21/><W36/><G74/><T96/><D96/><U31/><E1/><V106/><F91/><W67/><G73/><T133/><D133/><U54/><E54/><V52/><F66/><W51/><G36/><T127/><D127/><U83/><E83/><V26/><F26/><W45/><G116/><T130/><D130/><U82/><E82/><V35/><F35/><W60/><G114/><T134/><D134/><U25/><E117/><V11/><F12/><W14/><G85/><T15/><D15/><U125/><E119/><V29/><F29/><W37/><G37/><T115/><D115/><U129/><E129/><V56/><F56/><N who="3" m="37255" /><G0/><T118/><D118/><U75/><E95/><V23/><F23/><W3/><G3/><T87/><D32/><U63/><E63/><V40/><F40/><N who="1" m="15465" /><E75/><V6/><F112/><W69/><G132/><T44/><REACH who="0" step="1"/><D13/><REACH who="0" ten="211,149,242,388" step="2"/><U109/><E125/><V104/><F104/><AGARI ba="0,1" hai="18,20,24,43,44,48,64,65,78,80,87,98,103,104" machi="104" ten="30,7700,0" yaku="1,1,2,1,7,1,52,1,53,0" doraHai="16" doraHaiUra="120" who="0" fromWho="2" sc="211,87,149,0,242,-77,388,0" /><INIT seed="6,0,0,1,0,16" ten="298,149,165,388" oya="2" hai0="110,18,31,46,79,3,11,32,27,86,1,73,116" hai1="67,106,52,28,78,129,12,99,126,69,94,122,43" hai2="98,9,15,17,81,105,90,72,7,47,38,125,113" hai3="60,45,80,48,84,82,76,88,124,14,64,59,42"/><V132/><F125/><W55/><G124/><T63/><D110/><U92/><E126/><V111/><F111/><W83/><G14/><T57/><D73/><U10/><E43/><V77/><F132/><W26/><G26/><T131/><D131/><U121/><E129/><V127/><F127/><W35/><G35/><T0/><D116/><U2/><E2/><V114/><F7/><W56/><REACH who="3" step="1"/><G76/><REACH who="3" ten="298,149,165,378" step="2"/><T118/><D79/><U70/><E78/><V40/><REACH who="2" step="1"/><F90/><REACH who="2" ten="298,149,155,378" step="2"/><W100/><G100/><AGARI ba="0,2" hai="9,15,17,38,40,47,72,77,81,98,100,105,113,114" machi="100" ten="40,7700,0" yaku="1,1,2,1,53,1" doraHai="16" doraHaiUra="41" who="2" fromWho="3" sc="298,0,149,0,155,97,378,-77" /><INIT seed="6,1,0,0,4,0" ten="298,149,252,301" oya="2" hai0="130,34,1,112,13,127,24,88,64,5,61,101,3" hai1="28,96,6,58,90,109,118,57,11,105,115,7,125" hai2="62,121,18,4,83,40,97,63,33,54,42,12,32" hai3="132,111,35,66,51,116,36,27,44,53,120,93,119"/><V67/><F121/><W84/><G120/><T65/><D65/><U22/><E109/><V69/><F33/><W47/><G111/><T48/><D130/><U68/><E68/><V60/><F32/><W134/><G66/><T20/><D34/><U94/><E118/><V30/><F30/><N who="3" m="19935" /><G84/><T29/><D101/><U107/><E115/><V95/><F83/><W128/><G93/><T10/><D112/><U21/><E125/><V74/><F74/><W92/><G92/><T98/><D127/><U39/><E39/><V2/><F2/><W82/><G82/><T19/><D48/><U129/><E129/><V80/><F80/><W122/><G122/><T123/><D123/><U26/><E21/><V131/><F131/><W77/><G77/><T87/><D98/><U108/><E108/><V8/><F54/><W49/><G36/><T117/><D117/><U25/><E25/><V45/><F18/><W14/><G14/><T71/><D29/><U56/><REACH who="1" step="1"/><E11/><REACH who="1" ten="298,139,252,301" step="2"/><V23/><F23/><W73/><G128/><T52/><D71/><U78/><E78/><V79/><F79/><W126/><G126/><T9/><D9/><U81/><E81/><V110/><F110/><W106/><G116/><T103/><D24/><U133/><E133/><V55/><F69/><W85/><G119/><T91/><D20/><U114/><E114/><V76/><F76/><W31/><G134/><T100/><D10/><U50/><E50/><N who="2" m="29135" /><F67/><W43/><G132/><T37/><D64/><U46/><E46/><V86/><F97/><W16/><G44/><T17/><D37/><U70/><E70/><RYUUKYOKU ba="1,1" sc="298,-15,139,15,252,15,301,-15" hai1="6,7,22,26,28,56,57,58,90,94,96,105,107" hai2="4,8,12,40,42,60,62,63,86,95" /><INIT seed="6,2,1,2,1,97" ten="283,154,267,286" oya="2" hai0="108,61,32,104,85,64,54,51,43,111,11,74,81" hai1="109,114,41,59,83,107,95,84,18,3,76,33,17" hai2="30,52,28,122,86,134,10,44,101,47,115,53,120" hai3="2,128,130,127,132,80,72,48,19,29,82,35,8"/><V42/><F134/><W69/><G69/><T123/><D123/><U0/><E109/><V117/><F117/><W124/><G132/><T60/><D74/><U113/><E107/><V12/><F115/><W24/><G48/><T110/><D32/><U100/><E33/><V116/><F116/><W92/><G92/><T96/><D43/><U40/><E59/><V129/><F129/><N who="3" m="49771" /><G72/><T112/><D112/><N who="1" m="43115" /><E40/><V75/><F75/><W13/><G2/><N who="1" m="554" /><E41/><V38/><F86/><W58/><G58/><T131/><D131/><U23/><E23/><V4/><F47/><W21/><G35/><T55/><D85/><U73/><E73/><V67/><F67/><W77/><G77/><T20/><D64/><U14/><E14/><V78/><F78/><W94/><G94/><T50/><D104/><U79/><E79/><V36/><F36/><W45/><G45/><T90/><D111/><U46/><E46/><V119/><F119/><W70/><G70/><T105/><D105/><U6/><E6/><V7/><F7/><W31/><G31/><N who="2" m="11817" /><F122/><W37/><G37/><T1/><D110/><U57/><E57/><V89/><F120/><W63/><G63/><T25/><D108/><U126/><E126/><AGARI ba="2,1" hai="8,13,19,21,24,29,80,82,124,126,127" m="49771" machi="126" ten="30,2000,0" yaku="18,1,19,1" doraHai="97" who="3" fromWho="1" sc="283,0,154,-26,267,0,286,36" /><INIT seed="7,0,0,5,1,4" ten="283,128,267,322" oya="3" hai0="53,18,123,114,13,30,121,43,81,130,22,77,64" hai1="67,17,70,35,131,66,126,55,52,97,86,129,32" hai2="116,41,73,15,8,51,45,125,90,95,5,89,110" hai3="69,72,117,101,44,118,34,80,63,122,38,68,102"/><W111/><G122/><T50/><D130/><N who="1" m="49675" /><E86/><V127/><F110/><W0/><G111/><T31/><D114/><U2/><E97/><V23/><F116/><W119/><G101/><T47/><D64/><N who="1" m="24619" /><E17/><V91/><F73/><W39/><G63/><T133/><D133/><U65/><N who="1" m="24627" /><U124/><DORA hai="87" /><E2/><V29/><F29/><W14/><G44/><T37/><D123/><U25/><E25/><V54/><F23/><W107/><G14/><T9/><D121/><U88/><E70/><N who="3" m="27242" /><G34/><N who="1" m="12842" /><E88/><V128/><F128/><W49/><G0/><T93/><D93/><U85/><E85/><V62/><F95/><W109/><G109/><T57/><D22/><U16/><E16/><V84/><F84/><AGARI ba="0,0" hai="9,13,18,30,31,37,43,47,50,53,57,77,81,84" machi="84" ten="30,2000,0" yaku="7,1,52,1" doraHai="4,87" who="0" fromWho="2" sc="283,20,128,0,267,-20,322,0" owari="303,10.0,128,-37.0,247,-15.0,322,42.0" /></mjloggm>