<mjloggm ver="2.3"><GO type="97"/><UN n0="%EF%BC%88%E2%89%A7%E2%96%BD%E2%89%A6%EF%BC%89" n1="%E3%81%98%E3%82%83%E3%82%93%E3%81%B0%E3%82%89%E5%B1%8B" n2="%E5%8F%8D%E9%99%BD%E5%AD%90%E3%81%95%E3%82%93" n3="%E5%A0%BA%26%E5%A2%83" dan="15,14,14,13" rate="2010,1883,1983,1875" sx="F,M,F,M"/><TAIKYOKU oya="0"/><INIT seed="0,0,0,0,0,130" ten="250,250,250,250" oya="0" hai0="83,32,62,37,16,43,73,54,114,106,97,79,99" hai1="25,7,81,1,0,75,46,20,121,122,127,134,102" hai2="3,70,44,100,113,17,80,120,86,57,31,92,28" hai3="52,4,78,60,95,91,50,21,58,87,104,105,33"/><T63/><D114/><U128/><E128/><V94/><F113/><W34/><G34/><T135/><D32/><U111/><E102/><V22/><F3/><W40/><G33/><T90/><D106/><U35/><E111/><V2/><F2/><W27/><G4/><T84/><D135/><U29/><E134/><V77/><F70/><W129/><G129/><T38/><D38/><U61/><E61/><V118/><F120/><W88/><G78/><T66/><D54/><U47/><E75/><V133/><F133/><W96/><G40/><T26/><D37/><U98/><E98/><V14/><F118/><W49/><G104/><T42/><D73/><U124/><E81/><V15/><F15/><W117/><G105/><T69/><D63/><U74/><E74/><V72/><F72/><W108/><G108/><T132/><D132/><U8/><E47/><V93/><F100/><W107/><G107/><T103/><D103/><U123/><E46/><V82/><F80/><N who="3" m="49255" /><G117/><T5/><D5/><U71/><E71/><V48/><F57/><W41/><G41/><AGARI ba="0,0" hai="14,17,22,28,31,41,44,48,77,82,86,92,93,94" machi="41" ten="40,1300,0" yaku="8,1" doraHai="130" who="2" fromWho="3" sc="250,0,250,0,250,13,250,-13" /><INIT seed="1,0,0,3,0,56" ten="250,250,263,237" oya="1" hai0="15,129,104,12,37,25,8,5,131,17,28,46,106" hai1="35,77,41,72,101,11,58,120,24,9,91,128,78" hai2="111,20,105,43,50,80,114,81,23,112,53,18,7" hai3="134,19,27,39,66,48,126,115,122,96,3,79,29"/><U60/><E120/><V47/><F105/><W16/><G122/><T110/><D37/><U108/><E41/><V55/><F7/><W26/><G39/><T49/><D110/><U45/><E108/><V14/><F111/><W42/><G115/><N who="2" m="44073" /><F23/><W93/><G3/><T84/><D84/><U65/><E45/><V117/><F117/><W61/><G126/><T4/><D46/><U135/><E101/><V83/><AGARI ba="0,0" hai="14,18,20,43,47,50,53,55,80,81,83" m="44073" machi="83" ten="30,1100,0" yaku="11,1" doraHai="56" who="2" fromWho="2" sc="250,-3,250,-5,263,11,237,-3" /><INIT seed="2,0,0,3,0,79" ten="247,245,274,234" oya="2" hai0="11,111,86,64,66,72,8,59,23,9,45,6,40" hai1="97,24,50,106,83,88,100,116,57,42,51,74,47" hai2="10,75,54,117,130,17,19,73,82,107,14,2,70" hai3="28,32,84,63,124,69,33,5,92,3,71,31,52"/><V109/><F117/><W113/><G3/><T56/><D72/><U15/><E116/><V121/><F121/><W38/><G38/><T81/><D111/><U1/><E1/><V108/><F70/><W35/><G5/><T98/><D6/><U131/><E131/><V68/><F68/><W80/><G92/><T115/><D115/><U62/><E24/><V96/><F2/><W91/><G113/><T122/><D122/><U60/><E15/><V76/><F130/><W95/><G124/><T126/><D126/><U29/><E29/><V48/><F75/><W125/><G125/><T85/><D98/><U77/><E77/><V55/><F19/><W87/><G71/><T104/><D104/><U22/><E22/><V41/><F41/><W112/><G112/><T16/><D40/><U102/><E74/><V118/><F118/><W30/><G69/><T34/><D34/><U132/><E102/><V105/><F96/><W67/><G67/><N who="0" m="25643" /><D45/><U120/><E132/><V13/><F14/><W43/><G43/><T0/><D0/><U133/><E133/><V110/><REACH who="2" step="1"/><F55/><REACH who="2" ten="247,245,264,234" step="2"/><W39/><G39/><T46/><D86/><U123/><E120/><V4/><F4/><W20/><G20/><T12/><D85/><N who="1" m="50239" /><E123/><V103/><F103/><W18/><G18/><T94/><D16/><U93/><E106/><V53/><F53/><AGARI ba="0,1" hai="42,47,50,51,53,57,60,62,93,97,100" m="50239" machi="53" ten="30,3900,0" yaku="8,1,52,1,54,1" doraHai="79" who="1" fromWho="2" sc="247,0,245,49,264,-39,234,0" /><INIT seed="3,0,0,0,3,65" ten="247,294,225,234" oya="3" hai0="82,73,38,127,125,75,24,109,83,23,72,58,110" hai1="6,47,9,16,39,41,36,44,103,15,131,10,14" hai2="92,132,79,50,68,89,76,64,102,26,21,74,100" hai3="46,27,34,98,87,55,106,35,129,66,122,91,90"/><W69/><G122/><T53/><D38/><U101/><E131/><V42/><F132/><W63/><G129/><T12/><D12/><U22/><E22/><V45/><F74/><W96/><G91/><T31/><D53/><U80/><E80/><N who="0" m="30761" /><D58/><U57/><E57/><V117/><F117/><W52/><G46/><T130/><D130/><U3/><E3/><V120/><F120/><W18/><G98/><T113/><D113/><U54/><E54/><V62/><F79/><W20/><G35/><T94/><D94/><U30/><E30/><V111/><F76/><W59/><G34/><T99/><D99/><U135/><E135/><V28/><REACH who="2" step="1"/><F111/><AGARI ba="0,0" hai="23,24,31,72,73,75,109,110,111,125,127" m="30761" machi="111" ten="40,1300,0" yaku="14,1" doraHai="65" who="0" fromWho="2" sc="247,13,294,0,225,-13,234,0" /><INIT seed="4,0,0,5,0,25" ten="260,294,212,234" oya="0" hai0="100,102,20,19,70,106,79,17,41,89,90,108,21" hai1="44,46,119,51,22,18,43,63,15,60,27,50,111" hai2="116,124,129,73,107,132,117,5,104,81,92,28,98" hai3="112,10,2,83,49,12,68,69,59,66,58,80,121"/><T94/><D70/><U42/><E111/><V9/><F129/><W65/><G112/><T32/><D32/><U38/><E119/><N who="2" m="45643" /><F132/><W34/><G2/><T123/><D123/><U113/><E113/><V85/><F124/><W55/><G121/><T97/><D108/><U125/><E125/><V39/><F39/><W99/><G34/><T109/><D109/><U45/><E27/><V23/><F73/><W76/><G99/><T54/><D41/><AGARI ba="0,0" hai="15,18,22,38,41,42,43,44,45,46,50,51,60,63" machi="41" ten="30,2000,0" yaku="7,1,9,1" doraHai="25" who="1" fromWho="0" sc="260,-20,294,20,212,0,234,0" owari="240,4.0,314,42.0,212,-29.0,234,-17.0" /></mjloggm>