<mjloggm ver="2.3"><GO type="169" lobby="0"/><UN n0="%E5%9F%BA%E7%A4%8E%E8%AB%96" n1="%EF%BC%88%E2%89%A7%E2%96%BD%E2%89%A6%EF%BC%89" n2="%4B%E3%80%82" n3="%6E%65%6F%40%75%6E%69" dan="16,17,17,17" rate="2122.68,2140.84,2167.77,2209.52" sx="M,M,M,M"/><TAIKYOKU oya="0"/><INIT seed="0,0,0,1,5,77" ten="250,250,250,250" oya="0" hai0="11,127,43,67,55,19,86,128,132,99,2,81,24" hai1="27,21,32,124,135,120,82,36,15,14,117,42,76" hai2="89,13,62,8,134,119,87,46,114,92,52,1,75" hai3="118,54,51,63,25,73,58,105,85,37,5,102,4"/><T129/><D67/><U64/><E120/><V18/><F114/><W29/><G73/><T93/><D43/><U109/><E117/><V20/><F134/><W44/><G37/><T30/><D132/><U79/><E135/><V65/><F119/><W101/><G118/><T39/><D39/><U78/><E124/><V111/><F75/><W53/><G85/><T74/><D74/><U66/><E32/><V123/><F123/><W97/><REACH who="3" step="1"/><G101/><REACH who="3" ten="250,250,250,240" step="2"/><T0/><D86/><U112/><E112/><V133/><F133/><W115/><G115/><T83/><D127/><U6/><E36/><V56/><F111/><W10/><G10/><T47/><D11/><U126/><E109/><V57/><F1/><W110/><G110/><T38/><D0/><U17/><E126/><V98/><F8/><W69/><G69/><T131/><D2/><U116/><E116/><V96/><REACH who="2" step="1"/><F46/><REACH who="2" ten="250,250,240,240" step="2"/><W100/><G100/><N who="0" m="60527" /><D131/><U28/><E6/><V95/><F95/><W121/><G121/><T103/><D128/><U49/><E82/><V84/><F84/><W88/><G88/><T12/><D129/><U26/><E79/><V106/><F106/><W90/><G90/><T59/><D103/><U80/><E78/><V130/><F130/><W91/><G91/><T61/><D47/><N who="1" m="25847" /><E80/><V9/><F9/><W104/><G104/><T68/><D81/><U35/><E76/><V107/><F107/><W16/><G16/><T50/><D83/><U34/><E17/><V94/><F94/><W113/><G113/><T22/><D19/><N who="1" m="10495" /><E14/><V70/><F70/><W31/><G31/><T41/><D12/><RYUUKYOKU ba="0,2" sc="250,-30,250,10,240,10,240,10" hai1="26,27,28,34,35,64,66" hai2="13,18,20,52,56,57,62,65,87,89,92,96,98" hai3="4,5,25,29,44,51,53,54,58,63,97,102,105" /><INIT seed="1,1,2,0,0,8" ten="220,260,250,250" oya="1" hai0="108,92,64,112,128,76,27,24,13,0,97,49,129" hai1="34,17,118,91,39,57,135,101,77,130,62,127,99" hai2="23,123,113,31,69,134,25,89,115,3,122,85,133" hai3="12,80,33,106,52,15,2,19,43,54,6,50,36"/><U67/><E39/><V9/><F69/><W28/><G106/><T107/><D0/><U58/><E118/><V131/><F131/><N who="0" m="50250" /><D112/><N who="2" m="43082" /><F89/><W78/><G28/><T55/><D107/><U60/><E34/><V109/><F109/><W10/><G33/><T21/><D108/><U121/><E121/><N who="2" m="46091" /><F85/><N who="3" m="48279" /><G36/><T95/><D64/><U81/><E91/><V70/><F70/><W79/><G2/><T71/><D71/><U4/><E130/><V45/><F45/><N who="3" m="25919" /><G79/><T75/><D75/><U68/><E77/><V42/><F42/><W30/><G30/><T35/><D35/><U100/><E68/><V65/><F65/><W72/><G72/><T47/><D76/><U87/><E67/><V46/><F46/><W105/><G105/><T44/><D44/><U103/><E58/><V111/><F111/><W114/><G114/><T41/><D41/><U126/><E57/><V38/><F38/><W14/><G14/><T83/><D83/><U53/><E81/><V7/><AGARI ba="1,2" hai="3,7,9,23,25,31,133,134" m="46091,43082" machi="7" ten="40,5200,0" yaku="11,1,34,2" doraHai="8" who="2" fromWho="2" sc="220,-14,260,-27,250,75,250,-14" /><INIT seed="2,0,0,5,4,0" ten="206,233,325,236" oya="2" hai0="56,69,24,98,3,111,114,67,66,125,87,22,39" hai1="7,126,36,121,48,18,89,129,62,68,104,113,4" hai2="20,79,81,45,103,101,84,71,115,93,135,55,5" hai3="29,61,16,17,70,97,105,85,75,59,26,35,73"/><V99/><F71/><W117/><G117/><T10/><D114/><U83/><E113/><V33/><F115/><W9/><G85/><T40/><D69/><U86/><E104/><V46/><F33/><W50/><G50/><T64/><D111/><U53/><E36/><V102/><F135/><W107/><G107/><T19/><D125/><U90/><E126/><V23/><F5/><N who="1" m="2121" /><E68/><V131/><F131/><W58/><G58/><T76/><D39/><U30/><E129/><V21/><REACH who="2" step="1"/><F55/><REACH who="2" ten="206,233,315,236" step="2"/><W42/><G70/><T72/><D67/><U123/><E123/><V112/><F112/><W60/><G35/><T120/><D66/><U133/><E121/><V92/><F92/><W116/><G105/><T27/><D64/><U77/><E133/><V124/><F124/><W49/><G116/><T13/><D120/><U6/><E6/><V80/><F80/><W8/><G42/><T110/><D40/><U54/><E54/><V37/><F37/><W15/><G59/><T122/><D56/><N who="1" m="35087" /><E48/><V11/><F11/><W38/><G9/><T108/><D10/><U63/><E63/><V65/><F65/><W94/><G8/><T88/><D122/><U34/><E34/><V130/><F130/><W44/><G49/><T2/><D108/><U74/><E74/><V47/><AGARI ba="0,1" hai="20,21,23,45,46,47,79,81,84,93,99,101,102,103" machi="47" ten="30,6000,0" yaku="1,1,0,1,8,1,53,0" doraHai="0" doraHaiUra="132" who="2" fromWho="2" sc="206,-20,233,-20,315,70,236,-20" /><INIT seed="2,1,0,4,0,104" ten="186,213,385,216" oya="2" hai0="88,1,25,9,76,8,95,57,102,54,128,41,39" hai1="117,73,69,115,90,2,129,70,52,50,56,101,130" hai2="127,93,111,61,112,84,118,107,124,106,3,98,65" hai3="31,18,86,34,10,94,79,44,114,42,43,97,38"/><V17/><F3/><W135/><G43/><T23/><D128/><N who="1" m="49259" /><E117/><V51/><F118/><W92/><G135/><T19/><D102/><U78/><E115/><V77/><F112/><W21/><G114/><T4/><D9/><U81/><E101/><N who="2" m="60623" /><F51/><W82/><G10/><T99/><D76/><U120/><E120/><V36/><F36/><W71/><G71/><N who="1" m="27146" /><E90/><V5/><F5/><W48/><G38/><T133/><D133/><U74/><E2/><V62/><F17/><W68/><G68/><T30/><D39/><U22/><E22/><V108/><F65/><W27/><G97/><T122/><D122/><U16/><E16/><V121/><F121/><W113/><G113/><T103/><D41/><U105/><E105/><N who="2" m="39947" /><F84/><AGARI ba="1,0" hai="50,52,56,73,74,78,81,84" m="27146,49259" machi="84" ten="30,7700,0" yaku="19,1,52,2,54,1" doraHai="104" who="1" fromWho="2" sc="186,0,213,80,385,-80,216,0" /><INIT seed="3,0,0,5,4,81" ten="186,293,305,216" oya="3" hai0="22,40,47,129,78,15,66,94,9,127,58,28,86" hai1="134,133,103,62,87,106,135,18,72,34,23,70,68" hai2="115,98,107,20,39,124,89,13,53,32,114,69,60" hai3="52,25,48,112,83,90,113,99,121,130,45,29,42"/><W8/><G130/><T110/><D129/><U12/><E72/><V56/><F32/><W100/><G121/><T49/><D110/><U65/><E34/><V57/><F69/><W93/><G8/><T101/><D127/><U43/><E43/><V30/><F124/><W61/><G61/><N who="0" m="38199" /><D101/><U26/><E70/><V84/><F39/><W91/><G91/><N who="0" m="53623" /><D78/><U88/><E103/><V95/><F107/><W71/><G71/><T123/><D123/><U33/><E106/><V6/><F98/><W75/><G42/><T10/><D28/><U67/><E67/><V108/><F108/><W37/><G37/><T73/><D73/><U64/><E64/><V4/><F114/><W50/><G50/><T132/><D132/><U51/><E51/><N who="2" m="30783" /><F115/><W35/><REACH who="3" step="1"/><G100/><REACH who="3" ten="186,293,305,206" step="2"/><T85/><D9/><U63/><E63/><V36/><F36/><W74/><G74/><T38/><D38/><U24/><REACH who="1" step="1"/><E33/><REACH who="1" ten="186,283,305,206" step="2"/><V14/><F60/><W104/><G104/><T111/><D111/><U1/><E1/><V59/><F57/><W97/><G97/><T0/><D0/><U79/><E79/><AGARI ba="0,2" hai="25,29,35,45,48,52,75,79,83,90,93,99,112,113" machi="79" ten="40,3900,0" yaku="1,1,54,1,53,0" doraHai="81" doraHaiUra="102" who="3" fromWho="1" sc="186,0,283,-39,305,0,206,59" /><INIT seed="3,1,0,3,0,76" ten="186,244,305,265" oya="3" hai0="51,125,73,41,84,121,60,37,24,9,78,115,130" hai1="40,132,26,113,0,88,118,47,117,114,56,58,45" hai2="46,112,5,99,83,10,77,43,86,50,35,101,8" hai3="39,48,57,94,29,124,102,126,69,90,54,110,64"/><W87/><G39/><T4/><D121/><U22/><E0/><V63/><F112/><N who="1" m="43113" /><E132/><V122/><F122/><W1/><G1/><T103/><D115/><U127/><E127/><V19/><F35/><W89/><G102/><T15/><D125/><N who="3" m="48233" /><G110/><T79/><D73/><U7/><E7/><V2/><F63/><N who="3" m="40095" /><G90/><T109/><D37/><N who="1" m="21647" /><E88/><V61/><F61/><W13/><G13/><T32/><D103/><U104/><E104/><V11/><REACH who="2" step="1"/><F19/><REACH who="2" ten="186,244,295,265" step="2"/><W36/><G36/><T52/><D60/><U21/><E117/><V53/><F53/><W72/><G29/><T128/><D52/><U105/><E118/><V59/><F59/><W93/><G72/><T6/><D109/><U3/><E58/><V74/><F74/><W107/><G107/><AGARI ba="1,1" hai="2,5,8,10,11,43,46,50,77,83,86,99,101,107" machi="107" ten="30,7700,0" yaku="1,1,7,1,52,1,53,1" doraHai="76" doraHaiUra="97" who="2" fromWho="3" sc="186,0,244,0,295,90,265,-80" /><INIT seed="4,0,0,5,2,89" ten="186,244,385,185" oya="0" hai0="29,133,124,84,7,47,21,13,67,93,41,32,118" hai1="82,116,60,61,121,6,129,110,127,105,30,3,46" hai2="100,74,18,8,90,25,107,17,80,130,23,55,86" hai3="123,83,33,85,20,45,38,59,31,39,65,24,79"/><T99/><D118/><U12/><E30/><V1/><F130/><W68/><G123/><T9/><D124/><U92/><E6/><V114/><F114/><W14/><G68/><T122/><D122/><U22/><E12/><V49/><F74/><W95/><G45/><T70/><D133/><U28/><E46/><V34/><F34/><W76/><G76/><T102/><D32/><U101/><E61/><V42/><F42/><W63/><G33/><T11/><D84/><U66/><E28/><V10/><F1/><W125/><G125/><T117/><D117/><U36/><E22/><V15/><F107/><W104/><G104/><T5/><D70/><U96/><E60/><V94/><F100/><W2/><G2/><T19/><D67/><U40/><E66/><V120/><F120/><W134/><G134/><T0/><D29/><U53/><E53/><V81/><F10/><W126/><G126/><T43/><REACH who="0" step="1"/><D47/><AGARI ba="0,0" hai="8,15,17,18,23,25,47,49,55,80,81,86,90,94" machi="47" ten="30,3900,0" yaku="7,1,8,1,52,1" doraHai="89" who="2" fromWho="0" sc="186,-39,244,0,385,39,185,0" /><INIT seed="5,0,0,4,5,130" ten="147,244,424,185" oya="1" hai0="129,17,89,39,85,106,135,74,18,102,95,57,45" hai1="35,56,30,15,44,48,20,73,123,72,124,53,5" hai2="22,112,14,32,2,27,118,110,13,76,12,29,6" hai3="133,38,115,97,28,109,21,11,134,88,83,33,99"/><U50/><E123/><V93/><F76/><W105/><G38/><T125/><D129/><U80/><E124/><V54/><F93/><W96/><G109/><T67/><D125/><U75/><E35/><V77/><F77/><W24/><G105/><T8/><D74/><U63/><E80/><V25/><F54/><W51/><G115/><T23/><D8/><U119/><E119/><V132/><F118/><W120/><G120/><T55/><D67/><U69/><E69/><V66/><F66/><W78/><G11/><T127/><D127/><U71/><E71/><V10/><F110/><W59/><G33/><T121/><D121/><U84/><E84/><V36/><F36/><W126/><G126/><T52/><D106/><U1/><E1/><V114/><F132/><N who="3" m="50795" /><G88/><N who="0" m="53647" /><D39/><U47/><E73/><V0/><F0/><W7/><G7/><T104/><D104/><U122/><E5/><V101/><F101/><W100/><G100/><T91/><D102/><U92/><E122/><V4/><F4/><W46/><G59/><T19/><D135/><U40/><E56/><V41/><F41/><N who="3" m="25039" /><G99/><T86/><D23/><U64/><E20/><V43/><F43/><W31/><G28/><AGARI ba="0,0" hai="2,6,10,12,13,14,22,25,27,28,29,32,112,114" machi="28" ten="40,5200,0" yaku="34,3" doraHai="130" who="2" fromWho="3" sc="147,0,244,0,424,52,185,-52" /><INIT seed="6,0,0,2,1,98" ten="147,244,476,133" oya="2" hai0="128,71,28,32,103,115,73,81,119,99,6,10,90" hai1="133,43,48,38,116,59,67,2,47,108,129,87,125" hai2="123,44,21,5,12,36,23,117,109,72,100,27,104" hai3="1,77,58,42,88,25,118,70,83,84,45,40,80"/><V17/><F123/><W75/><G118/><T29/><D119/><U107/><E116/><V112/><F117/><W11/><G70/><T13/><D71/><U22/><E2/><V91/><F72/><W121/><G121/><T130/><D115/><U68/><E108/><V131/><F109/><W82/><G58/><T63/><D63/><U120/><E107/><V16/><F112/><W124/><G124/><T37/><D37/><U134/><E120/><V79/><F79/><W41/><G25/><T0/><D0/><U60/><E125/><V111/><F111/><W127/><G82/><T114/><D114/><U52/><E129/><N who="0" m="49769" /><D32/><U35/><E35/><V30/><F131/><W19/><G127/><T94/><D73/><U39/><E22/><V64/><F64/><W65/><G65/><T33/><D33/><U31/><E31/><N who="0" m="11849" /><D81/><U93/><E38/><V110/><F110/><W61/><G61/><T15/><D15/><U97/><E87/><V66/><F66/><W86/><G84/><T105/><D105/><U102/><AGARI ba="0,0" hai="39,43,47,48,52,59,60,67,68,93,97,102,133,134" machi="102" ten="30,8000,1" yaku="0,1,24,2,52,1,54,1" doraHai="98" who="1" fromWho="1" sc="147,-20,244,80,476,-40,133,-20" /><INIT seed="7,0,0,4,0,81" ten="127,324,436,113" oya="3" hai0="73,66,83,20,22,15,30,61,9,69,29,50,3" hai1="42,109,52,58,54,121,44,26,13,5,94,59,70" hai2="124,8,93,115,67,76,18,74,71,112,126,40,107" hai3="88,12,111,62,80,24,91,34,36,23,89,7,37"/><W98/><G111/><T19/><D50/><N who="1" m="26903" /><E70/><V117/><F107/><W87/><G34/><T95/><D95/><U127/><E109/><V11/><F117/><W120/><G120/><T132/><D132/><U43/><E127/><N who="2" m="48683" /><F40/><W108/><G108/><T110/><D110/><U72/><E72/><V102/><F74/><W53/><G37/><T101/><D101/><U21/><E94/><V4/><F76/><N who="3" m="46471" /><G36/><T51/><D51/><U134/><E13/><N who="2" m="7487" /><F67/><W56/><G98/><T28/><D3/><U32/><E59/><V90/><F102/><W10/><G91/><T78/><AGARI ba="0,0" hai="9,15,19,20,22,28,29,30,61,66,69,73,78,83" machi="78" ten="30,1100,0" yaku="0,1" doraHai="81" who="0" fromWho="0" sc="127,11,324,-3,436,-3,113,-5" owari="138,-26.0,321,12.0,433,53.0,108,-39.0" /></mjloggm>