<mjloggm ver="2.3"><GO type="169"/><UN n0="%E3%81%AE%E3%81%A9%E3%81%A3%E3%81%A1%2E" n1="%E8%99%8E%E5%85%90%E6%9C%97" n2="%EF%BC%88%E2%89%A7%E2%96%BD%E2%89%A6%EF%BC%89" n3="%E6%AF%94%E5%98%89%E7%A7%80%E4%BB%81" dan="17,17,17,16" rate="2093,2153,2132,2069" sx="F,M,M,M"/><TAIKYOKU oya="0"/><INIT seed="0,0,0,2,0,119" ten="250,250,250,250" oya="0" hai0="109,113,11,114,83,10,117,51,133,64,52,40,82" hai1="89,46,80,111,85,118,6,57,9,21,16,49,37" hai2="81,48,2,102,23,41,13,134,38,3,101,121,107" hai3="93,90,8,36,15,84,123,73,50,68,63,87,28"/><T72/><D117/><U104/><E118/><V61/><F38/><W135/><G73/><T1/><D40/><U56/><E111/><V129/><F129/><W108/><G36/><T98/><D64/><U31/><E104/><V86/><F134/><W25/><G135/><T43/><D133/><U112/><E37/><V91/><F107/><W47/><G108/><T116/><D43/><U78/><E31/><V14/><F121/><W105/><G105/><T39/><D39/><U122/><E122/><V67/><F2/><W75/><G75/><T125/><D116/><U55/><E112/><V110/><F3/><W7/><G68/><T45/><D109/><U69/><E69/><V99/><F110/><W20/><G63/><T120/><D120/><U76/><E76/><V106/><F101/><W65/><G65/><T18/><D125/><U97/><E97/><V66/><F23/><W124/><G124/><T54/><D98/><U26/><REACH who="1" step="1"/><E78/><REACH who="1" ten="250,240,250,250" step="2"/><V96/><F96/><N who="3" m="57399" /><G123/><T70/><D70/><U103/><E103/><V33/><F99/><W130/><G130/><T12/><D114/><U4/><E4/><V126/><F102/><W53/><AGARI ba="0,1" hai="7,8,15,20,25,28,47,50,53,84,87" m="57399" machi="53" ten="30,1100,0" yaku="8,1" doraHai="119" who="3" fromWho="3" sc="250,-5,240,-3,250,-3,250,21" /><INIT seed="1,0,0,1,4,24" ten="245,237,247,271" oya="1" hai0="133,73,29,82,46,17,88,28,107,103,35,53,118" hai1="51,91,65,104,96,21,92,130,18,31,60,83,50" hai2="72,14,108,89,67,132,128,116,7,41,11,66,12" hai3="122,115,5,1,44,52,19,80,43,98,33,126,70"/><U76/><E130/><V47/><F116/><W110/><G33/><T0/><D0/><U77/><E31/><N who="0" m="11849" /><D35/><U42/><E104/><V36/><F128/><W8/><G115/><T124/><D73/><U37/><E37/><V71/><F72/><W109/><G70/><T129/><D107/><U64/><E64/><V97/><F71/><W55/><G126/><T87/><D118/><U58/><E42/><V106/><F106/><W125/><G125/><T112/><D112/><U39/><E39/><V113/><F113/><W22/><G122/><T105/><D105/><U34/><E34/><V95/><F132/><W68/><G68/><T4/><D124/><U20/><E20/><V54/><F108/><N who="3" m="41579" /><G80/><T111/><D111/><U16/><E18/><V101/><F101/><W102/><G102/><T49/><D133/><U134/><E134/><V121/><F121/><W75/><G98/><T59/><D103/><U10/><E10/><V120/><F120/><W135/><G135/><T79/><D4/><U32/><E32/><V69/><F69/><W81/><G81/><T93/><D17/><U114/><E114/><V85/><F97/><W25/><G75/><T63/><D129/><U45/><E83/><V40/><F40/><W2/><G2/><T27/><D27/><U57/><E96/><V127/><F127/><W119/><G119/><T26/><D26/><U30/><E30/><V62/><F14/><W78/><G78/><T61/><D46/><U38/><E45/><V117/><F117/><W131/><G131/><T123/><D123/><U15/><E77/><V56/><AGARI ba="0,0" hai="7,11,12,36,41,47,54,56,62,66,67,85,89,95" machi="56" ten="30,2000,0" yaku="5,1,0,1" doraHai="24" who="2" fromWho="2" sc="245,-5,237,-10,247,20,271,-5" /><INIT seed="2,0,0,2,0,117" ten="240,227,267,266" oya="2" hai0="125,61,84,92,35,0,66,118,51,33,89,128,59" hai1="8,41,119,95,116,70,63,111,67,45,24,42,107" hai2="19,11,9,46,122,17,25,76,87,12,123,120,72" hai3="3,79,48,38,83,10,82,22,68,2,39,88,65"/><V60/><F72/><W27/><G48/><T16/><D0/><U75/><E107/><V108/><F108/><W129/><G129/><T37/><D37/><U18/><E75/><V62/><F46/><W130/><G130/><T104/><D104/><U77/><E111/><V91/><F76/><W124/><G124/><T114/><D114/><U55/><E55/><V73/><F73/><W21/><G65/><T56/><D128/><U47/><E77/><V44/><F44/><W99/><G68/><T57/><D125/><U78/><E78/><V29/><F11/><W14/><G39/><T110/><D118/><U109/><E109/><V50/><F50/><W106/><G38/><T1/><D1/><U97/><E47/><V64/><F19/><W43/><G43/><T20/><D110/><U94/><E42/><V131/><F64/><W4/><G106/><T5/><D5/><U90/><E95/><V126/><F126/><W58/><G58/><T132/><D132/><U103/><E103/><V71/><F71/><W28/><G22/><T115/><D115/><U69/><E69/><V102/><F102/><W7/><G7/><T133/><D133/><U127/><E127/><V101/><F101/><W134/><G134/><T93/><D93/><U53/><E53/><V105/><F105/><W86/><REACH who="3" step="1"/><G99/><REACH who="3" ten="240,227,267,256" step="2"/><T13/><D57/><U81/><E119/><V32/><REACH who="2" step="1"/><F131/><REACH who="2" ten="240,227,257,256" step="2"/><W36/><G36/><T98/><D98/><U80/><E116/><V40/><F40/><W30/><G30/><T31/><D31/><U49/><E8/><V74/><F74/><AGARI ba="0,2" hai="2,3,4,10,14,21,27,28,74,79,82,83,86,88" machi="74" ten="30,3900,0" yaku="1,1,7,1,54,1,53,0" doraHai="117" doraHaiUra="112" who="3" fromWho="2" sc="240,0,227,0,257,-39,256,59" /><INIT seed="3,0,0,2,1,15" ten="240,227,218,315" oya="3" hai0="76,71,68,48,84,19,89,103,45,120,80,25,57" hai1="21,82,135,121,74,127,90,132,53,58,22,65,30" hai2="32,116,70,95,85,5,4,36,92,75,34,62,47" hai3="66,100,51,99,123,52,16,46,133,35,115,7,49"/><W73/><G123/><T1/><D1/><U87/><E121/><V50/><F75/><W108/><G73/><T81/><D120/><U106/><E127/><V0/><F116/><W122/><G35/><T124/><D124/><U42/><E74/><V97/><F36/><W44/><G115/><T17/><D103/><U24/><E106/><V134/><F134/><N who="1" m="51241" /><E42/><V6/><F0/><W43/><G133/><T83/><D57/><U10/><E10/><V110/><F110/><W54/><G7/><T125/><D125/><U111/><E111/><V40/><F85/><W23/><G108/><T78/><D25/><U130/><E130/><V107/><F107/><W33/><G33/><T77/><D68/><U14/><E65/><V104/><F104/><W37/><G66/><T102/><D102/><U69/><E69/><V31/><F31/><W119/><G119/><T93/><REACH who="0" step="1"/><D71/><REACH who="0" ten="230,227,218,315" step="2"/><U39/><E58/><V29/><F70/><W88/><G100/><T114/><D114/><U26/><E24/><V28/><F62/><W9/><G122/><T60/><D60/><U20/><E26/><V41/><F34/><W118/><G118/><T131/><D131/><U128/><E128/><V56/><F56/><W126/><G126/><T117/><D117/><U64/><E14/><V86/><F32/><W113/><G113/><T96/><D96/><U11/><E30/><V91/><F29/><W63/><G63/><T98/><D98/><U38/><E64/><V94/><F28/><W55/><G99/><T2/><D2/><U12/><E53/><AGARI ba="0,1" hai="17,19,45,48,53,76,77,78,80,81,83,84,89,93" machi="53" ten="40,8000,1" yaku="1,1,8,1,52,2,53,0" doraHai="15" doraHaiUra="61" who="0" fromWho="1" sc="230,90,227,-80,218,0,315,0" /><INIT seed="4,0,0,2,2,64" ten="320,147,218,315" oya="0" hai0="41,48,94,25,124,125,117,61,8,63,26,70,5" hai1="120,72,71,57,128,38,2,122,42,96,12,116,80" hai2="127,131,24,134,135,83,103,89,109,105,81,45,115" hai3="78,75,1,37,62,18,31,46,44,9,86,10,30"/><T3/><D117/><U43/><E2/><V58/><F109/><W32/><G75/><T101/><D101/><U17/><E116/><V112/><F45/><W84/><G37/><T67/><D94/><U130/><E96/><N who="2" m="61671" /><F58/><W40/><G32/><T47/><REACH who="0" step="1"/><D63/><REACH who="0" ten="310,147,218,315" step="2"/><U95/><E122/><V7/><F115/><W0/><G62/><T133/><D133/><U55/><E95/><V19/><F112/><W114/><G114/><T23/><D23/><U68/><E120/><V88/><F135/><W15/><G10/><T29/><D29/><U91/><E130/><V56/><F134/><W60/><G60/><T113/><D113/><U119/><E128/><V73/><F131/><W16/><G31/><T39/><D39/><U106/><E119/><V35/><F35/><W34/><G30/><T33/><D33/><U49/><E38/><V50/><F81/><W121/><G34/><T51/><D51/><U28/><E28/><V118/><F50/><W123/><G121/><T14/><D14/><U98/><E12/><V100/><F83/><W93/><G123/><T36/><D36/><U87/><E80/><V11/><F100/><W92/><G15/><T99/><D99/><U66/><E98/><V107/><F118/><W111/><G93/><T104/><D104/><U20/><E106/><V69/><F107/><W77/><G92/><T27/><AGARI ba="0,1" hai="3,5,8,25,26,27,41,47,48,61,67,70,124,125" machi="27" ten="30,6000,0" yaku="1,1,0,1,52,1,53,0" doraHai="64" doraHaiUra="126" who="0" fromWho="0" sc="310,70,147,-20,218,-20,315,-20" /><INIT seed="4,1,0,5,5,45" ten="380,127,198,295" oya="0" hai0="111,97,28,128,78,4,51,27,55,33,68,98,56" hai1="113,7,121,130,114,102,71,10,26,12,106,79,54" hai2="89,84,49,18,127,112,83,91,5,21,129,90,96" hai3="86,132,94,20,47,109,39,22,88,41,43,70,53"/><T87/><D68/><U63/><E121/><V32/><F32/><W126/><G109/><T123/><D123/><U24/><E79/><V65/><F127/><W99/><G126/><T117/><D117/><U29/><E130/><V120/><F120/><W133/><G70/><T73/><D73/><U95/><E95/><V59/><F112/><N who="1" m="43113" /><E29/><V103/><F5/><W2/><G2/><T104/><D111/><U74/><E74/><V69/><F69/><W31/><G43/><T125/><D125/><U116/><E116/><V108/><F108/><W93/><G53/><T62/><D128/><U77/><E77/><V131/><F131/><W37/><G37/><T36/><D36/><U19/><E7/><V48/><F129/><W34/><G34/><T115/><D115/><U64/><E54/><V81/><F81/><W60/><G60/><T52/><D4/><U1/><E1/><V58/><F65/><W76/><G76/><T67/><D104/><U42/><E42/><V92/><F59/><W100/><REACH who="3" step="1"/><G31/><REACH who="3" ten="380,127,198,285" step="2"/><T0/><D0/><U3/><E3/><V25/><REACH who="2" step="1"/><F58/><REACH who="2" ten="380,127,188,285" step="2"/><W101/><G101/><T124/><D124/><U30/><E102/><V16/><F16/><W119/><G119/><T57/><D67/><U66/><E64/><V105/><F105/><W72/><G72/><T82/><AGARI ba="1,2" hai="27,28,33,51,52,55,56,57,62,78,82,87,97,98" machi="82" ten="30,6000,0" yaku="0,1,52,1,54,1" doraHai="45" who="0" fromWho="0" sc="380,83,127,-21,188,-21,285,-21" /><INIT seed="4,2,0,3,3,72" ten="463,106,167,264" oya="0" hai0="34,74,70,29,112,130,25,98,1,45,36,83,122" hai1="86,129,51,0,104,32,73,116,28,7,81,52,24" hai2="65,131,87,66,68,100,61,22,11,117,85,26,76" hai3="88,53,94,17,55,67,64,23,118,62,75,43,56"/><T59/><D122/><U9/><E116/><V95/><F131/><W121/><G75/><T20/><D112/><U78/><E129/><V48/><F117/><W79/><G121/><T109/><D1/><U6/><E6/><V37/><F37/><W71/><G118/><T91/><D70/><U35/><E104/><V108/><F108/><W47/><G79/><T82/><D130/><U120/><E120/><V41/><F66/><W33/><G33/><T14/><D109/><U97/><E97/><V5/><F41/><W102/><G102/><T13/><D45/><U46/><REACH who="1" step="1"/><E73/><REACH who="1" ten="463,96,167,264" step="2"/><V124/><F5/><W21/><G71/><T111/><D98/><U57/><E57/><V12/><F68/><W42/><G47/><T10/><D59/><U119/><E119/><V3/><F87/><W126/><G56/><T99/><D99/><U80/><E80/><V107/><F85/><W19/><G94/><T63/><D83/><U105/><E105/><V92/><F95/><W89/><G62/><T8/><D82/><U123/><E123/><V125/><F92/><W113/><G113/><T18/><D63/><U54/><E54/><V134/><F61/><W30/><G126/><T106/><D106/><U84/><E84/><V38/><F125/><W40/><G40/><T4/><D74/><U132/><E132/><V49/><F124/><W69/><G69/><T50/><D4/><U58/><E58/><V128/><F134/><W133/><G133/><T2/><D111/><U114/><E114/><V127/><F127/><W101/><G101/><T96/><D96/><U110/><E110/><RYUUKYOKU ba="2,1" sc="463,-15,96,15,167,-15,264,15" hai1="0,7,9,24,28,32,35,46,51,52,78,81,86" hai3="17,19,21,23,30,42,43,53,55,64,67,88,89" /><INIT seed="5,3,1,2,4,72" ten="448,111,152,279" oya="1" hai0="78,70,112,120,80,63,125,20,14,88,67,19,17" hai1="123,60,24,8,22,114,75,10,118,109,79,7,48" hai2="3,46,91,113,18,4,62,87,57,111,129,29,35" hai3="30,107,108,1,27,74,96,38,42,16,127,33,104"/><U68/><E118/><V135/><F111/><W32/><G108/><T26/><D112/><U61/><E109/><V52/><F113/><W105/><G1/><T12/><D125/><U92/><E123/><V0/><F135/><W100/><G127/><T83/><D120/><U59/><E114/><V121/><F121/><W23/><G74/><T81/><D78/><U106/><E106/><V13/><F4/><W34/><REACH who="3" step="1"/><G30/><REACH who="3" ten="448,111,152,269" step="2"/><T37/><D37/><U101/><E75/><V50/><F129/><W115/><G115/><T90/><REACH who="0" step="1"/><D26/><REACH who="0" ten="438,111,152,269" step="2"/><U9/><E24/><V84/><F0/><W41/><G41/><T40/><D40/><U89/><E79/><V95/><F3/><W110/><G110/><T43/><D43/><U93/><E7/><V124/><F124/><W11/><G11/><AGARI ba="3,3" hai="11,12,14,17,19,20,63,67,70,80,81,83,88,90" machi="11" ten="40,5200,0" yaku="1,1,54,1,53,1" doraHai="72" doraHaiUra="66" who="0" fromWho="3" sc="438,91,111,0,152,0,269,-61" /><INIT seed="6,0,0,5,1,95" ten="529,111,152,208" oya="2" hai0="109,58,82,19,81,125,55,50,7,97,64,118,11" hai1="65,62,44,34,69,43,128,42,30,110,75,86,93" hai2="40,17,36,127,101,21,54,53,102,33,15,51,85" hai3="124,61,106,99,121,73,105,63,88,123,129,114,26"/><V130/><F130/><W37/><G73/><T100/><D109/><U131/><E110/><V72/><F72/><W94/><G37/><T10/><D125/><U22/><E75/><V119/><F119/><W25/><G124/><T78/><D118/><U6/><E34/><V8/><F33/><W48/><G129/><T115/><D115/><U116/><E116/><V27/><F127/><W71/><G114/><T90/><D90/><U12/><E6/><V87/><F36/><W117/><G117/><T134/><D134/><U84/><E42/><V113/><F40/><W32/><G48/><T24/><D64/><U28/><E28/><V132/><F54/><W39/><G39/><T80/><D78/><U96/><E128/><V103/><F132/><W83/><G83/><T126/><D126/><U49/><E131/><V3/><F3/><W122/><G71/><T47/><D47/><U135/><E135/><V112/><F112/><W70/><G70/><T91/><D91/><U108/><E108/><V5/><REACH who="2" step="1"/><F113/><REACH who="2" ten="529,111,142,208" step="2"/><W45/><G32/><T76/><D55/><U133/><E133/><V68/><F68/><W77/><G123/><T13/><D76/><U41/><E43/><V20/><F20/><W67/><G77/><T111/><D111/><U2/><E2/><V0/><F0/><W23/><G122/><T98/><D11/><U14/><E22/><V29/><F29/><W92/><G121/><T46/><D10/><U60/><E30/><V52/><F52/><W56/><G23/><T31/><D31/><U18/><E69/><V59/><AGARI ba="0,1" hai="5,8,15,17,21,27,51,53,59,85,87,101,102,103" machi="59" ten="30,11700,0" yaku="1,1,0,1,8,1,53,1" doraHai="95" doraHaiUra="9" who="2" fromWho="2" sc="529,-39,111,-39,142,127,208,-39" /><INIT seed="6,1,0,0,2,55" ten="490,72,269,169" oya="2" hai0="65,77,105,5,4,23,16,118,6,47,121,59,100" hai1="66,122,49,84,101,14,130,119,38,52,56,29,85" hai2="103,73,39,18,109,19,21,35,78,44,30,83,2" hai3="95,128,80,133,120,111,110,33,7,134,124,15,11"/><V70/><F70/><W106/><G106/><T43/><D121/><U48/><E119/><V40/><F109/><N who="3" m="41483" /><G80/><T41/><D118/><U81/><E122/><V74/><F35/><W50/><G50/><T76/><D105/><U127/><E38/><V26/><F74/><W96/><G120/><T58/><D100/><U64/><E130/><V1/><F103/><W13/><G128/><T46/><D65/><U135/><E135/><N who="3" m="51722" /><G33/><T89/><D89/><U0/><E0/><V126/><F126/><W86/><G86/><T94/><D94/><U91/><E127/><V42/><F42/><N who="0" m="15882" /><D47/><U71/><E101/><V17/><AGARI ba="1,0" hai="1,2,17,18,19,21,26,30,39,40,44,73,78,83" machi="17" ten="30,1500,0" yaku="0,1" doraHai="55" who="2" fromWho="2" sc="490,-6,72,-6,269,18,169,-6" /><INIT seed="6,2,0,1,1,28" ten="484,66,287,163" oya="2" hai0="6,49,93,46,72,84,38,89,114,39,29,107,117" hai1="11,37,99,96,18,121,63,44,73,40,115,82,58" hai2="24,3,30,10,91,76,8,123,9,52,83,125,94" hai3="92,22,111,60,134,110,108,130,41,4,15,45,64"/><V100/><F123/><W2/><G134/><T66/><D72/><U65/><E115/><V34/><F125/><W47/><G130/><T20/><D107/><U131/><E131/><V67/><F67/><W36/><G45/><T12/><D114/><U112/><E112/><V109/><F109/><W19/><G92/><T80/><D117/><U95/><E121/><V16/><F100/><W32/><G4/><T97/><D66/><U26/><E95/><V88/><F3/><W69/><REACH who="3" step="1"/><G2/><REACH who="3" ten="484,66,287,153" step="2"/><T118/><D118/><U124/><E124/><V98/><F91/><W129/><G129/><T101/><D6/><U128/><E128/><V31/><F31/><W68/><G68/><T87/><D12/><U77/><REACH who="1" step="1"/><E26/><REACH who="1" ten="484,56,287,153" step="2"/><V23/><F24/><W51/><G51/><T105/><D49/><U33/><E33/><AGARI ba="2,2" hai="15,19,22,32,33,36,41,47,60,64,69,108,110,111" machi="33" ten="40,5200,0" yaku="1,1,52,2,53,0" doraHai="28" doraHaiUra="85" who="3" fromWho="1" sc="484,0,56,-58,287,0,153,78" owari="484,58.0,-2,-50.0,287,9.0,231,-17.0" /></mjloggm>