<mjloggm ver="2.3"><GO type="169" lobby="0"/><UN n0="%EF%BC%88%E2%89%A7%E2%96%BD%E2%89%A6%EF%BC%89" n1="%E2%98%85%E3%83%86%E3%82%AF%E3%83%8E%E3%83%8F%E3%82%A6%E3%82%B9%E2%98%85" n2="%E6%9D%B1%E5%8D%97" n3="%E3%83%9F%E3%83%A9%E3%82%AF%E3%83%AB%E3%81%8A%E3%81%98%E3%81%95%E3%82%93" dan="18,16,17,17" rate="2171.24,2033.34,2194.05,2177.53" sx="M,M,M,M"/><TAIKYOKU oya="0"/><INIT seed="0,0,0,2,3,116" ten="250,250,250,250" oya="0" hai0="87,25,98,67,54,114,64,31,100,107,104,99,71" hai1="123,84,122,103,126,58,44,9,101,97,51,45,78" hai2="62,105,30,134,36,24,127,33,88,18,22,129,19" hai3="113,2,77,73,118,82,119,125,20,14,52,34,8"/><T41/><D114/><U128/><E126/><V95/><F105/><W81/><G113/><T17/><D41/><U29/><E29/><V48/><F36/><W74/><G34/><T55/><D17/><U50/><E58/><V79/><F127/><W86/><G125/><T56/><D87/><U49/><E9/><V46/><F79/><W3/><G20/><T16/><D71/><U130/><E84/><V132/><F62/><W76/><G86/><T28/><D16/><U13/><E13/><V63/><F63/><W75/><G75/><T37/><D37/><U92/><E78/><V89/><F129/><N who="1" m="49769" /><E103/><V35/><F35/><W11/><REACH who="3" step="1"/><G14/><REACH who="3" ten="250,250,250,240" step="2"/><T15/><D15/><U26/><E26/><V85/><F33/><W112/><G112/><T5/><D25/><U108/><E108/><V23/><F23/><W109/><G109/><T12/><D12/><U83/><E83/><V133/><REACH who="2" step="1"/><F89/><REACH who="2" ten="250,250,240,240" step="2"/><W72/><G72/><T7/><D100/><U6/><E6/><V65/><F65/><W90/><G90/><T0/><D0/><U4/><E4/><V111/><F111/><W106/><G106/><T38/><D64/><U57/><E101/><V32/><F32/><W124/><G124/><T91/><D67/><U42/><E97/><V27/><F27/><W93/><G93/><T110/><D91/><U43/><E92/><V10/><F10/><W60/><G60/><T59/><D110/><U115/><E115/><V102/><F102/><W117/><G117/><T135/><D107/><U80/><E80/><V47/><F47/><W66/><G66/><T53/><D104/><RYUUKYOKU ba="0,2" sc="250,-30,250,10,240,10,240,10" hai1="42,43,44,45,49,50,51,57,122,123" hai2="18,19,22,24,30,46,48,85,88,95,132,133,134" hai3="2,3,8,11,52,73,74,76,77,81,82,118,119" /><INIT seed="1,1,2,1,2,90" ten="220,260,250,250" oya="1" hai0="58,43,30,129,101,11,108,96,80,33,31,1,4" hai1="27,124,35,89,128,122,32,66,110,47,114,125,2" hai2="77,18,8,0,48,39,94,118,40,68,130,115,98" hai3="84,53,119,100,117,16,21,34,65,36,79,37,60"/><U20/><E122/><V121/><F121/><W6/><G34/><T126/><D126/><N who="1" m="48747" /><E114/><V99/><F68/><N who="3" m="42023" /><G6/><T88/><D129/><U45/><E2/><V85/><F39/><W23/><G100/><T111/><D43/><U24/><E128/><V113/><F118/><N who="3" m="45067" /><G53/><T57/><D33/><N who="1" m="12875" /><E66/><V12/><F0/><W86/><G23/><T3/><D3/><U14/><E110/><N who="0" m="42025" /><D58/><U17/><E89/><N who="2" m="53551" /><F130/><W95/><G79/><T73/><D57/><U132/><E132/><V133/><F133/><W25/><G95/><N who="0" m="58527" /><D73/><U63/><E63/><V104/><F104/><W71/><G71/><T72/><D72/><U112/><E112/><N who="2" m="43083" /><F77/><W75/><G75/><T82/><D82/><U74/><E74/><V97/><F40/><W78/><G78/><T70/><D70/><U83/><E83/><V52/><F99/><W13/><G25/><AGARI ba="1,2" hai="14,17,20,24,25,27,45,47" m="12875,48747" machi="25" ten="30,1500,0" yaku="18,1" doraHai="90" who="1" fromWho="3" sc="220,0,260,38,250,0,250,-18" /><INIT seed="1,2,0,5,1,47" ten="220,298,250,232" oya="1" hai0="39,75,19,69,100,13,33,66,118,8,103,46,125" hai1="42,43,25,93,97,116,65,22,108,16,91,48,6" hai2="113,60,131,135,117,9,32,74,95,52,80,62,68" hai3="41,1,14,49,55,59,127,30,126,15,56,104,73"/><U44/><E116/><V86/><F117/><W76/><G1/><T112/><D112/><U129/><E129/><V105/><F105/><W134/><G104/><T18/><D118/><U115/><E115/><V123/><F123/><W51/><G134/><T40/><D125/><N who="3" m="47625" /><G30/><T77/><D33/><U3/><E65/><V10/><F32/><W121/><G121/><T53/><D53/><U26/><E108/><V4/><F135/><W38/><G38/><T23/><D77/><U85/><E6/><V133/><F131/><W92/><G92/><T110/><D75/><U78/><E3/><V20/><F133/><W83/><G59/><T31/><D31/><U67/><E67/><V0/><F74/><W130/><G130/><T111/><D66/><U34/><E34/><V5/><F68/><W29/><G29/><T71/><D71/><U132/><E132/><V11/><F95/><W128/><G128/><T107/><D69/><U79/><E42/><V50/><F0/><W90/><G90/><T81/><D81/><N who="1" m="49583" /><E26/><V96/><F5/><W45/><AGARI ba="2,0" hai="14,15,41,45,49,51,55,56,73,76,83" m="47625" machi="45" ten="30,4000,0" yaku="18,1,52,2" doraHai="47" who="3" fromWho="3" sc="220,-12,298,-22,250,-12,232,46" /><INIT seed="2,0,0,1,0,115" ten="208,276,238,278" oya="2" hai0="27,29,62,42,38,78,20,72,1,84,25,92,124" hai1="122,22,19,123,21,86,104,118,75,15,98,11,26" hai2="112,108,79,81,83,132,70,36,18,95,110,100,31" hai3="65,61,103,89,77,99,113,53,55,101,102,45,68"/><V90/><F36/><W74/><G113/><T117/><D124/><U96/><E75/><V2/><F70/><W47/><G74/><T128/><D1/><U10/><E86/><V50/><F2/><W131/><G77/><T30/><D128/><U76/><E76/><V88/><F31/><W69/><G131/><T91/><D117/><U126/><E126/><V24/><F112/><W13/><G13/><T63/><D38/><U130/><E130/><V8/><F50/><W59/><G69/><T114/><D114/><U7/><E104/><V16/><F132/><W120/><G120/><N who="1" m="46122" /><E118/><V80/><F79/><W3/><G3/><T4/><D4/><N who="1" m="3527" /><E21/><N who="2" m="13351" /><F18/><W35/><G35/><T37/><D78/><U133/><E133/><V58/><F58/><W28/><G28/><T17/><D72/><U23/><E23/><V41/><F41/><W49/><REACH who="3" step="1"/><G55/><REACH who="3" ten="208,276,238,268" step="2"/><T44/><D30/><U56/><E26/><V67/><F67/><W71/><G71/><T6/><D6/><U40/><E7/><V135/><F135/><W33/><G33/><AGARI ba="0,1" hai="17,20,25,27,29,33,37,42,44,62,63,84,91,92" machi="33" ten="30,1000,0" yaku="7,1" doraHai="115" who="0" fromWho="3" sc="208,20,276,0,238,0,268,-10" /><INIT seed="3,0,0,4,5,4" ten="228,276,238,258" oya="3" hai0="71,19,42,97,131,134,26,37,94,105,85,46,77" hai1="111,14,67,8,112,106,102,93,3,29,88,119,64" hai2="27,70,73,50,18,7,52,41,91,84,61,0,96" hai3="25,57,54,68,87,75,51,116,98,1,76,6,132"/><W120/><G116/><T124/><D124/><U11/><E112/><V80/><F73/><W66/><G120/><T10/><D71/><U17/><E119/><V20/><F41/><W86/><G132/><T126/><D126/><U24/><E102/><V69/><F61/><W100/><G75/><T74/><D134/><U21/><E106/><V113/><F113/><W36/><G36/><T59/><D131/><U83/><E83/><V12/><F0/><W32/><G76/><T108/><D108/><U78/><E78/><V35/><F96/><W60/><G6/><T2/><D105/><U127/><E111/><V39/><F39/><W22/><G1/><T34/><D34/><U82/><E82/><V101/><F101/><W133/><G133/><T129/><D129/><U48/><E127/><V107/><F107/><N who="3" m="63895" /><G22/><T128/><D128/><U47/><E3/><V118/><F118/><W49/><G51/><T30/><D74/><U15/><E14/><V103/><F103/><W114/><G114/><T38/><D38/><U62/><E62/><V28/><REACH who="2" step="1"/><F7/><REACH who="2" ten="228,276,228,258" step="2"/><W115/><G115/><T43/><D2/><U110/><E110/><V117/><F117/><W58/><G87/><T72/><D37/><U89/><E89/><V122/><F122/><W123/><G86/><T79/><D85/><U121/><E121/><V23/><F23/><W135/><G123/><T40/><D72/><U65/><E88/><V33/><F33/><W55/><G135/><T104/><D97/><U130/><E130/><V44/><AGARI ba="0,1" hai="12,18,20,27,28,35,44,50,52,69,70,80,84,91" machi="44" ten="20,5200,0" yaku="1,1,0,1,7,1,54,1,53,0" doraHai="4" doraHaiUra="95" who="2" fromWho="2" sc="228,-13,276,-13,228,62,258,-26" /><INIT seed="4,0,0,1,2,75" ten="215,263,290,232" oya="0" hai0="9,134,68,24,51,81,118,52,74,113,101,0,119" hai1="67,59,100,17,117,72,94,84,45,33,16,41,125" hai2="71,130,49,78,108,25,133,126,124,47,83,3,99" hai3="114,110,65,112,66,1,107,115,102,23,88,129,15"/><T96/><D68/><U56/><E117/><V60/><F3/><W105/><G110/><T61/><D134/><U55/><E72/><V92/><F108/><W93/><G1/><T42/><D113/><U64/><E33/><V87/><F25/><W135/><G135/><T50/><D61/><U44/><E125/><N who="2" m="48235" /><F130/><W132/><G132/><T127/><D127/><U4/><E4/><V109/><F133/><W73/><G129/><T37/><D37/><U120/><E120/><V31/><F31/><W28/><G73/><T13/><D0/><U21/><E17/><V111/><F60/><W53/><G53/><T63/><D24/><N who="1" m="14375" /><E56/><V43/><F71/><W2/><G2/><T58/><D119/><U79/><E100/><AGARI ba="0,0" hai="43,47,49,78,83,87,92,99,100,109,111" m="48235" machi="100" ten="30,2000,0" yaku="18,1,52,1" doraHai="75" who="2" fromWho="1" sc="215,0,263,-20,290,20,232,0" /><INIT seed="5,0,0,1,0,32" ten="215,243,310,232" oya="1" hai0="96,131,67,132,21,123,52,38,35,0,43,56,22" hai1="111,7,15,17,18,83,89,101,120,116,71,93,5" hai2="91,100,109,24,118,124,36,53,4,26,49,95,51" hai3="47,46,119,29,99,16,74,105,70,20,133,92,33"/><U108/><E120/><V55/><F36/><W102/><G74/><T106/><D35/><U78/><E101/><V63/><F118/><W88/><G70/><T127/><D123/><U23/><E71/><V1/><F100/><W115/><G119/><T64/><D127/><U25/><E116/><V37/><F37/><W104/><G115/><T9/><D132/><U125/><E125/><V126/><F63/><W68/><G68/><T34/><D34/><U58/><E58/><V135/><F135/><W134/><G133/><T44/><D131/><U30/><E18/><V54/><F54/><W14/><G134/><T112/><D112/><U45/><E45/><V77/><F77/><W50/><G47/><T27/><D96/><U113/><E113/><V8/><F109/><N who="1" m="42057" /><E83/><V130/><F130/><W59/><G59/><T60/><D106/><U80/><E80/><V69/><F69/><W79/><G79/><T103/><D103/><U41/><E41/><V73/><F73/><W128/><G128/><T129/><D129/><U2/><E78/><V42/><F42/><W28/><G33/><T62/><D62/><U121/><E121/><V13/><F51/><W40/><G105/><T114/><D114/><U90/><E93/><V57/><F55/><W87/><AGARI ba="0,0" hai="14,16,20,28,29,40,46,50,87,88,92,99,102,104" machi="87" ten="20,5200,0" yaku="0,1,7,1,54,2" doraHai="32" who="3" fromWho="3" sc="215,-13,243,-26,310,-13,232,52" /><INIT seed="6,0,0,4,2,12" ten="202,217,297,284" oya="2" hai0="29,40,11,86,109,37,76,5,64,127,1,110,7" hai1="115,59,111,128,31,27,101,93,73,2,25,54,90" hai2="38,130,6,60,123,133,82,121,134,104,67,45,58" hai3="131,46,74,89,77,30,97,120,33,92,124,49,8"/><V55/><F6/><W118/><G118/><T108/><D127/><U84/><E111/><V32/><F82/><W44/><G120/><N who="2" m="46153" /><F32/><W61/><G124/><T62/><D29/><U122/><E122/><V119/><F104/><W116/><G116/><T47/><D7/><U63/><E73/><V43/><F119/><W105/><G131/><T41/><D41/><U112/><E2/><V28/><F28/><W88/><G105/><T91/><D76/><U50/><E128/><V10/><F10/><W21/><G33/><T22/><D22/><U125/><E125/><V100/><F100/><W3/><G61/><T4/><D4/><U39/><E39/><V56/><F130/><W24/><G89/><T14/><D1/><U106/><E101/><V99/><F99/><W16/><G49/><AGARI ba="0,0" hai="38,43,45,49,55,56,58,60,67,133,134" m="46153" machi="49" ten="30,2900,0" yaku="34,2" doraHai="12" who="2" fromWho="3" sc="202,0,217,0,297,29,284,-29" /><INIT seed="6,1,0,4,1,123" ten="202,217,326,255" oya="2" hai0="50,122,56,57,86,5,29,131,79,11,111,17,106" hai1="74,36,13,133,98,110,19,34,61,71,2,94,48" hai2="127,54,45,96,90,60,44,132,33,114,28,35,80" hai3="85,23,107,97,26,124,72,59,120,37,103,30,8"/><V20/><F20/><W117/><G120/><T91/><D122/><U82/><E2/><V15/><F15/><W99/><G72/><T75/><D106/><U135/><E36/><V73/><F28/><W68/><G68/><T118/><D118/><U89/><E34/><V121/><F96/><W51/><G117/><T101/><D101/><U105/><E48/><V104/><F104/><W16/><G37/><T43/><D29/><U87/><E61/><V31/><F31/><W67/><G124/><T119/><D119/><U81/><E71/><V39/><F90/><W88/><G99/><T64/><D64/><U58/><E58/><V125/><F60/><W10/><G30/><T9/><D131/><U0/><E0/><V24/><F24/><W49/><G67/><T63/><D63/><U55/><E55/><V129/><F129/><W25/><G26/><T65/><D65/><U134/><E74/><V77/><F121/><W92/><REACH who="3" step="1"/><G59/><REACH who="3" ten="202,217,326,245" step="2"/><T113/><D57/><U7/><E98/><V100/><F39/><W78/><G78/><T6/><D79/><U46/><E135/><V22/><F132/><W128/><G128/><T126/><D75/><U84/><E134/><V1/><F77/><W14/><G14/><N who="0" m="7391" /><D126/><U4/><E133/><V53/><F73/><W93/><G93/><T70/><D70/><U66/><E94/><V32/><F32/><W108/><G108/><T95/><D111/><U21/><E110/><V42/><F35/><W115/><G115/><T62/><D113/><U38/><E105/><V83/><F33/><W112/><G112/><T3/><D3/><RYUUKYOKU ba="1,1" sc="202,-10,217,-10,326,-10,245,30" hai3="8,10,16,23,25,49,51,85,88,92,97,103,107" /><INIT seed="7,2,1,0,2,106" ten="192,207,316,275" oya="3" hai0="25,14,123,112,89,87,102,5,80,41,28,109,30" hai1="73,134,20,22,44,53,64,17,91,126,111,9,115" hai2="82,71,133,118,42,108,90,74,114,117,11,76,98" hai3="120,4,55,107,66,95,67,3,63,49,79,43,13"/><W128/><G107/><T84/><D123/><U29/><E111/><V40/><F71/><W113/><G120/><T72/><D109/><U33/><E33/><V31/><F108/><W10/><G113/><T47/><D72/><U35/><E35/><V85/><F31/><N who="0" m="11818" /><D112/><U88/><E115/><V32/><F32/><W38/><G128/><T27/><D102/><U121/><E121/><V81/><F114/><W127/><G127/><T45/><D84/><U58/><E73/><V116/><F133/><W36/><G79/><T93/><D80/><U75/><E75/><V57/><F57/><W0/><G67/><T16/><D5/><U105/><E105/><V99/><F11/><W24/><G24/><N who="0" m="9291" /><D41/><U8/><E134/><V54/><F54/><W110/><G110/><T65/><D65/><U97/><E64/><V69/><F69/><W132/><G132/><T101/><D101/><U23/><E29/><V83/><F42/><W62/><G95/><T135/><D135/><U129/><E126/><V68/><F40/><W103/><G103/><T119/><D119/><U15/><E129/><V21/><F68/><N who="3" m="42071" /><G63/><T6/><D6/><U100/><E100/><V56/><F83/><W125/><G125/><T52/><D52/><U12/><E97/><V94/><F118/><W39/><G43/><T59/><D59/><U1/><E1/><V2/><F117/><W60/><G60/><T124/><D124/><U18/><E44/><V34/><F116/><W131/><G131/><T19/><D19/><U26/><E26/><V51/><F74/><W70/><G70/><T48/><D48/><AGARI ba="2,1" hai="8,9,12,15,17,18,20,22,23,48,53,58,88,91" machi="48" ten="40,8000,1" yaku="6,1,9,1,8,1,54,1" doraHai="106" who="1" fromWho="0" sc="192,-86,207,96,316,0,275,0" owari="106,-39.0,303,10.0,316,41.0,275,-12.0" /></mjloggm>