<mjloggm ver="2.3"><GO type="169" lobby="0"/><UN n0="%E3%81%84%E3%81%A1%E3%81%8B%E3%82%8F%E2%99%AA" n1="%EF%BC%88%E2%89%A7%E2%96%BD%E2%89%A6%EF%BC%89" n2="%E3%81%AD%E3%82%8A%E3%82%B4%E3%83%9E" n3="%E3%82%AA%E3%82%BA%E3%82%B0%E3%83%AB%E3%83%BC%E3%83%97" dan="17,19,16,16" rate="2204.96,2226.03,2126.83,2080.63" sx="M,M,M,M"/><TAIKYOKU oya="0"/><INIT seed="0,0,0,5,4,98" ten="250,250,250,250" oya="0" hai0="92,52,54,105,72,74,66,70,108,113,51,123,121" hai1="9,84,47,75,115,122,87,69,56,2,25,23,117" hai2="42,91,129,132,33,7,41,85,43,67,88,124,8" hai3="103,128,5,36,134,1,116,40,89,31,48,4,109"/><T46/><D105/><U86/><E69/><V15/><F33/><W78/><G116/><T44/><D92/><U96/><E75/><V71/><F132/><W114/><G134/><T64/><D51/><U73/><E73/><V27/><F129/><W58/><G114/><T29/><D29/><U126/><E122/><V60/><F124/><W3/><G36/><T95/><D95/><U6/><E117/><V68/><F68/><W82/><G128/><T135/><D70/><U94/><E115/><V18/><F27/><W61/><G31/><T30/><D30/><U57/><E47/><V35/><F35/><W99/><G89/><T11/><D11/><U19/><REACH who="1" step="1"/><E126/><REACH who="1" ten="250,240,250,250" step="2"/><V81/><REACH who="2" step="1"/><F91/><AGARI ba="0,1" hai="2,6,9,19,23,25,56,57,84,86,87,91,94,96" machi="91" ten="40,2600,0" yaku="1,1,2,1,53,0" doraHai="98" doraHaiUra="59" who="1" fromWho="2" sc="250,0,240,36,250,-26,250,0" /><INIT seed="1,0,0,4,2,101" ten="250,276,224,250" oya="1" hai0="47,24,5,67,2,60,111,43,62,73,72,70,135" hai1="61,116,110,83,100,106,4,34,36,76,17,48,129" hai2="50,80,107,45,81,16,77,71,33,74,10,12,57" hai3="15,126,32,42,6,0,124,122,68,90,65,56,127"/><U63/><E36/><V69/><F33/><W27/><G68/><T14/><D135/><U85/><E34/><V87/><F57/><W54/><G65/><T9/><D111/><U20/><E116/><V26/><F26/><W37/><G122/><T91/><D91/><U79/><E110/><V64/><F64/><W103/><G0/><T108/><D108/><U114/><E114/><V104/><F71/><W51/><G37/><T88/><D62/><U94/><E129/><V125/><F125/><W96/><G90/><T112/><D24/><U22/><E4/><V89/><F69/><W29/><G42/><AGARI ba="0,0" hai="10,12,16,42,45,50,74,77,80,81,87,89,104,107" machi="42" ten="30,7700,0" yaku="7,1,52,2,54,1" doraHai="101" who="2" fromWho="3" sc="250,0,276,0,224,77,250,-77" /><INIT seed="2,0,0,4,4,25" ten="250,276,301,173" oya="2" hai0="126,47,2,104,74,73,105,135,95,76,39,41,134" hai1="67,66,30,72,81,129,116,11,17,65,55,122,3" hai2="62,12,119,94,46,114,35,48,14,90,9,85,113" hai3="102,18,57,37,123,70,115,59,100,103,10,16,19"/><V101/><F119/><W75/><G70/><T51/><D2/><U13/><E116/><V112/><F35/><W64/><G75/><T132/><D126/><U58/><E122/><V21/><F62/><W106/><G37/><T108/><D108/><U22/><E129/><V52/><F101/><W40/><G106/><T80/><D73/><U49/><E3/><V28/><REACH who="2" step="1"/><F9/><REACH who="2" ten="250,276,291,173" step="2"/><W20/><G115/><T71/><D71/><U77/><E67/><V50/><F50/><W1/><G123/><T86/><D51/><U29/><E66/><V38/><F38/><W111/><G64/><T121/><D121/><U69/><E65/><V32/><F32/><W31/><G111/><T110/><D110/><U131/><E131/><V92/><F92/><W84/><G103/><T68/><D68/><U42/><E69/><V6/><F6/><W23/><G102/><T7/><D7/><U83/><E83/><V82/><F82/><W63/><G100/><T26/><D95/><U45/><E11/><V33/><F33/><W107/><G63/><AGARI ba="0,1" hai="13,17,22,29,30,42,45,49,55,58,63,72,77,81" machi="63" ten="30,3900,0" yaku="7,1,52,2" doraHai="25" who="1" fromWho="3" sc="250,0,276,49,291,0,173,-39" /><INIT seed="3,0,0,2,5,70" ten="250,325,291,134" oya="3" hai0="98,7,92,41,71,122,26,40,86,72,47,74,31" hai1="113,128,119,124,1,29,67,3,132,105,78,118,13" hai2="2,9,75,134,99,107,96,104,100,58,57,109,102" hai3="111,84,83,87,63,34,59,15,36,116,28,0,32"/><W93/><G0/><N who="1" m="74" /><E105/><V90/><F109/><W56/><G116/><N who="1" m="44586" /><E113/><V108/><F108/><W66/><G111/><T53/><D71/><U54/><E67/><V97/><F134/><W110/><G110/><T126/><D122/><U22/><E78/><V52/><F75/><W37/><G59/><T27/><D7/><U115/><E124/><V50/><F58/><W80/><G15/><T20/><D74/><U81/><E81/><V17/><F90/><W76/><G93/><T120/><D72/><U46/><E115/><V18/><REACH who="2" step="1"/><F99/><REACH who="2" ten="250,325,281,134" step="2"/><W60/><G60/><T45/><D98/><U19/><E132/><V117/><F117/><W48/><G48/><T94/><D126/><U131/><E46/><V65/><F65/><W35/><REACH who="3" step="1"/><G28/><REACH who="3" ten="250,325,281,124" step="2"/><T79/><D45/><U43/><E29/><V77/><F77/><AGARI ba="0,2" hai="32,34,35,36,37,56,63,66,76,77,80,83,84,87" machi="77" ten="40,12000,1" yaku="1,1,2,1,9,1,52,2,53,0" doraHai="70" doraHaiUra="101" who="3" fromWho="2" sc="250,0,325,0,281,-120,124,140" /><INIT seed="3,1,0,3,0,115" ten="250,325,161,264" oya="3" hai0="118,96,101,90,77,34,83,68,109,124,97,71,93" hai1="19,55,57,27,70,127,104,135,122,63,72,80,17" hai2="23,76,130,41,30,103,35,67,65,40,120,13,53" hai3="48,79,36,73,2,45,92,18,69,95,5,94,28"/><W3/><G69/><T128/><D34/><U32/><E122/><V111/><F120/><W110/><G28/><T15/><D109/><U44/><E70/><V105/><F111/><W4/><G18/><T54/><D128/><U134/><E104/><V88/><F130/><W74/><G110/><T119/><D15/><U64/><E127/><V116/><F116/><N who="0" m="44586" /><D54/><U39/><E32/><V107/><F76/><W1/><G36/><T33/><D33/><U26/><E80/><V114/><F114/><W50/><G79/><T29/><D29/><U108/><E108/><V78/><F78/><W37/><G37/><T59/><D59/><U14/><E39/><V22/><F35/><W9/><G9/><T99/><D68/><U102/><E19/><V125/><F13/><W0/><G45/><T47/><D47/><U60/><E44/><V123/><F123/><W112/><N who="3" m="0" /><DORA hai="121" /><W132/><G112/><T38/><D71/><U42/><E14/><V43/><F53/><W6/><REACH who="3" step="1"/><G132/><REACH who="3" ten="250,325,161,254" step="2"/><T20/><D124/><U31/><E135/><V49/><F125/><W58/><G58/><T46/><D46/><U24/><E57/><V100/><F30/><W89/><G89/><T113/><D38/><U106/><E134/><V117/><F88/><W129/><G129/><T81/><D113/><U91/><E17/><V8/><F117/><W12/><G12/><T66/><D20/><U85/><E31/><V25/><F22/><W7/><N who="3" m="1024" /><DORA hai="131" /><W126/><G126/><T10/><D10/><U51/><E91/><V11/><F8/><W87/><G87/><N who="0" m="50559" /><D66/><U75/><E64/><RYUUKYOKU ba="1,1" sc="250,15,325,-15,161,-15,254,15" hai0="77,81,93,96,97,99,101" hai3="48,50,73,74,92,94,95" /><INIT seed="3,2,1,1,2,57" ten="265,310,146,269" oya="3" hai0="94,78,107,45,96,132,39,35,17,38,61,90,120" hai1="19,8,106,25,4,77,18,60,124,86,32,46,5" hai2="71,128,27,3,121,134,16,108,129,84,101,87,23" hai3="80,75,20,63,123,43,37,133,6,62,50,65,119"/><W115/><G123/><T42/><D35/><U0/><E106/><V30/><F3/><W88/><G119/><T103/><D132/><U51/><E124/><V83/><F134/><W125/><G133/><T11/><D120/><U127/><E127/><V9/><F121/><W109/><G125/><T105/><D39/><U55/><E5/><V112/><F112/><W102/><G115/><T91/><D78/><U69/><E32/><V70/><F101/><W68/><G102/><T104/><D17/><U36/><E36/><V93/><F108/><W113/><G113/><T110/><D11/><U13/><E25/><V26/><F9/><W79/><G37/><T7/><D7/><U81/><REACH who="1" step="1"/><E0/><REACH who="1" ten="265,300,146,269" step="2"/><V53/><F27/><W52/><G6/><T10/><D110/><U21/><E21/><V73/><F26/><W85/><G20/><T66/><REACH who="0" step="1"/><D10/><REACH who="0" ten="255,300,146,269" step="2"/><U135/><E135/><V130/><F130/><W72/><G109/><T58/><AGARI ba="2,3" hai="38,42,45,58,61,66,90,91,94,96,103,104,105,107" machi="58" ten="30,12000,2" yaku="1,1,2,1,0,1,52,1,53,3" doraHai="57" doraHaiUra="100" who="0" fromWho="0" sc="255,156,300,-32,146,-32,269,-62" /><INIT seed="4,0,0,3,1,15" ten="411,268,114,207" oya="0" hai0="96,70,133,23,92,77,93,65,37,39,84,7,52" hai1="60,135,119,99,122,83,20,81,107,33,124,16,110" hai2="47,43,51,91,64,17,130,90,45,34,6,88,113" hai3="75,66,106,35,8,56,12,14,55,98,86,125,42"/><T41/><D7/><U109/><E119/><V71/><F34/><W27/><G75/><T95/><D133/><U115/><E33/><V116/><F116/><W48/><G125/><T54/><D96/><U112/><E122/><V30/><F30/><W121/><G121/><T0/><D0/><U67/><E124/><V111/><F111/><W58/><G42/><T21/><D65/><U117/><E117/><V72/><F72/><W82/><G14/><T19/><D21/><U40/><E40/><V68/><F130/><W4/><G35/><T129/><D70/><U1/><E1/><V50/><F113/><N who="1" m="43593" /><E135/><V118/><F118/><W134/><G134/><T9/><D9/><U100/><E110/><V61/><F6/><W28/><G106/><T25/><D129/><U13/><E109/><V11/><F68/><AGARI ba="0,0" hai="13,16,20,60,67,68,81,83,99,100,107" m="43593" machi="68" ten="30,7700,0" yaku="15,1,11,1,52,1,54,1" doraHai="15" who="1" fromWho="2" sc="411,0,268,77,114,-77,207,0" /><INIT seed="5,0,0,4,2,78" ten="411,345,37,207" oya="1" hai0="20,48,22,0,99,60,54,121,85,24,96,115,83" hai1="116,46,1,104,25,129,98,34,3,67,63,79,102" hai2="87,41,69,57,72,128,27,17,95,10,122,18,26" hai3="134,71,127,7,30,131,61,75,77,23,74,125,45"/><U73/><E116/><V114/><F122/><W42/><G7/><T37/><D37/><U6/><E129/><V124/><F72/><W100/><G23/><T49/><D0/><U93/><E93/><V101/><F69/><W28/><G100/><T135/><D121/><U36/><E6/><V118/><F128/><W31/><G131/><T130/><D135/><U76/><E76/><V132/><F118/><W19/><G19/><T39/><D39/><U21/><E21/><V64/><F132/><W89/><G89/><N who="0" m="51391" /><D130/><U15/><E15/><V80/><F41/><W44/><G134/><T55/><D60/><U12/><E12/><V52/><F124/><N who="3" m="47691" /><G42/><T70/><D70/><N who="1" m="42367" /><E46/><N who="3" m="18026" /><G77/><T51/><D22/><U14/><E36/><V111/><F111/><W110/><G110/><T105/><D115/><U91/><E14/><V35/><F35/><W97/><G97/><N who="0" m="37451" /><D105/><U94/><E91/><V112/><F64/><AGARI ba="0,0" hai="28,30,31,61,64,71,74,75" m="18026,47691" machi="64" ten="40,1300,0" yaku="18,1" doraHai="78" who="3" fromWho="2" sc="411,0,345,0,37,-13,207,13" /><INIT seed="6,0,0,0,4,26" ten="411,345,24,220" oya="2" hai0="75,117,17,114,2,131,18,61,134,0,24,19,80" hai1="57,42,74,135,37,93,3,56,53,112,20,8,67" hai2="96,94,62,69,99,120,77,28,48,27,92,91,116" hai3="72,115,89,107,50,103,1,54,32,73,102,123,70"/><V98/><F116/><W90/><G70/><T51/><D114/><U127/><E74/><N who="3" m="28778" /><G50/><T55/><D131/><U45/><E112/><V4/><F120/><W58/><G32/><T124/><D134/><U13/><E135/><V14/><F77/><W126/><G58/><T38/><D38/><U29/><E127/><V10/><F48/><W44/><G54/><T118/><D61/><U52/><E3/><V95/><F62/><W7/><G44/><N who="0" m="28135" /><D124/><U34/><E34/><V100/><F69/><W106/><G7/><T104/><D104/><N who="3" m="39977" /><G1/><T43/><D24/><U15/><E67/><V83/><F83/><W63/><G63/><T109/><D109/><U41/><E41/><V12/><F12/><W82/><G126/><T60/><D60/><U130/><E15/><V79/><F79/><W39/><G39/><T71/><D43/><U111/><E111/><V35/><REACH who="2" step="1"/><F100/><REACH who="2" ten="411,345,14,220" step="2"/><N who="3" m="38443" /><G123/><T65/><D71/><U113/><E13/><V125/><F125/><W11/><G115/><T128/><D65/><U40/><E113/><V110/><F110/><W121/><G121/><T47/><D0/><U76/><E37/><V49/><F49/><W21/><G82/><T97/><D2/><U101/><E53/><V84/><AGARI ba="0,1" hai="4,10,14,27,28,35,84,91,92,94,95,96,98,99" machi="84" ten="30,11700,0" yaku="1,1,0,1,52,1,53,1" doraHai="26" doraHaiUra="86" who="2" fromWho="2" sc="411,-39,345,-39,14,127,220,-39" /><INIT seed="6,1,0,5,1,20" ten="372,306,141,181" oya="2" hai0="29,33,32,61,22,97,13,100,44,54,55,127,18" hai1="40,105,117,47,131,110,82,76,19,102,14,78,121" hai2="5,58,132,116,21,34,49,43,4,74,15,91,123" hai3="10,77,130,41,65,86,125,26,70,118,81,35,99"/><V96/><F116/><W1/><G118/><T112/><D127/><U107/><E117/><V129/><F123/><W60/><G125/><T11/><D112/><U87/><E110/><V64/><F74/><W28/><G130/><T52/><D44/><U71/><E121/><V56/><F34/><W92/><G41/><T24/><REACH who="0" step="1"/><D61/><REACH who="0" ten="362,306,141,181" step="2"/><U50/><E131/><V84/><F129/><W124/><G124/><T98/><D98/><U0/><E71/><V8/><F96/><W59/><G70/><T46/><D46/><U23/><E0/><V38/><F132/><W72/><G1/><T25/><D25/><U93/><E76/><V57/><F38/><W88/><REACH who="3" step="1"/><G10/><REACH who="3" ten="362,306,141,171" step="2"/><T83/><D83/><U45/><E82/><N who="2" m="49559" /><F43/><W3/><G3/><T48/><D48/><U79/><E40/><V133/><F133/><W122/><G122/><T94/><AGARI ba="1,2" hai="11,13,18,22,24,29,32,33,52,54,55,94,97,100" machi="94" ten="30,7900,0" yaku="1,1,0,1,52,1,54,1,53,0" doraHai="20" doraHaiUra="39" who="0" fromWho="0" sc="362,102,306,-21,141,-40,171,-21" /><INIT seed="7,0,0,1,3,25" ten="464,285,101,150" oya="3" hai0="116,99,69,118,11,50,66,15,31,37,120,128,124" hai1="103,40,107,91,80,87,78,131,82,52,100,48,77" hai2="16,45,59,62,129,112,133,110,98,123,111,79,81" hai3="20,23,44,74,88,42,8,102,115,36,18,122,109"/><W14/><G122/><T114/><D37/><U121/><E121/><V70/><F123/><W101/><G109/><T126/><D120/><U106/><E131/><V72/><F129/><W97/><G74/><T30/><D99/><U47/><E107/><V39/><F112/><W34/><G34/><T117/><D50/><N who="1" m="26983" /><E106/><V41/><F133/><W134/><G134/><T94/><D94/><U85/><E91/><V60/><F70/><W105/><G115/><T76/><D76/><U51/><E48/><V135/><F135/><W84/><REACH who="3" step="1"/><G102/><REACH who="3" ten="464,285,101,140" step="2"/><T55/><D114/><U63/><E63/><V73/><F73/><W43/><G43/><T86/><D118/><U89/><E89/><V19/><F62/><W83/><AGARI ba="0,1" hai="8,14,18,20,23,36,42,44,83,84,88,97,101,105" machi="83" ten="20,12000,1" yaku="1,1,0,1,7,1,54,1,53,1" doraHai="25" doraHaiUra="6" who="3" fromWho="3" sc="464,-40,285,-40,101,-40,140,130" /><INIT seed="7,1,0,0,4,74" ten="424,245,61,270" oya="3" hai0="0,89,82,118,92,55,73,95,112,3,77,15,84" hai1="90,117,106,51,67,107,38,99,40,54,128,110,105" hai2="33,109,88,12,58,62,127,113,123,14,126,71,65" hai3="4,121,81,69,27,18,61,20,32,104,7,24,120"/><W34/><G104/><T134/><D118/><U129/><E110/><V13/><F33/><W45/><G45/><T60/><D95/><N who="1" m="56823" /><E67/><V9/><F109/><W11/><G81/><T103/><D134/><U96/><E117/><V5/><F71/><W6/><G61/><T2/><D112/><U39/><E40/><V119/><F119/><W76/><G69/><T93/><D15/><U8/><E8/><V102/><F102/><W68/><G68/><T64/><D55/><U16/><E96/><V83/><F113/><W133/><G133/><T28/><D28/><U31/><E31/><V115/><F115/><W97/><G97/><T75/><D93/><U36/><E16/><V59/><F123/><N who="3" m="47179" /><G11/><T41/><D103/><U50/><E54/><V52/><F126/><W22/><G76/><T63/><D41/><U132/><E132/><V35/><F35/><N who="3" m="13355" /><G18/><T26/><D75/><U25/><E25/><AGARI ba="1,0" hai="4,6,7,20,22,24,25,27" m="13355,47179" machi="25" ten="40,12000,1" yaku="28,2,34,2" doraHai="74" who="3" fromWho="1" sc="424,0,245,-123,61,0,270,123" /><INIT seed="7,2,0,4,0,98" ten="424,122,61,393" oya="3" hai0="21,96,44,54,32,133,28,58,10,87,34,37,86" hai1="113,2,103,75,124,73,68,99,45,12,79,67,70" hai2="120,93,57,65,13,64,109,55,66,134,35,101,111" hai3="107,129,122,27,1,16,40,80,128,119,17,39,20"/><W61/><G122/><T114/><D34/><U50/><E2/><V83/><F35/><W123/><G123/><T60/><D32/><U6/><E124/><V76/><F120/><W48/><G119/><T89/><D114/><U121/><E121/><V31/><F31/><W8/><G107/><T63/><D133/><U30/><E30/><V4/><F134/><W3/><G39/><T38/><D38/><U9/><E113/><V7/><F13/><N who="3" m="7207" /><G61/><N who="0" m="36055" /><D37/><U71/><E67/><V47/><F47/><N who="3" m="25703" /><G80/><N who="0" m="49351" /><D44/><U77/><E75/><V117/><F117/><W84/><G84/><T19/><D96/><U100/><E73/><V15/><F111/><W26/><G26/><N who="0" m="16463" /><D87/><U78/><E99/><V116/><F109/><W81/><G81/><T108/><D108/><U11/><E11/><V51/><F116/><W132/><G132/><T106/><D106/><U72/><E72/><V36/><F36/><W92/><G92/><T112/><D112/><U82/><E82/><V42/><F93/><W41/><G41/><T62/><D62/><U115/><E115/><V88/><F42/><W14/><G27/><T25/><D25/><U49/><E70/><V131/><F76/><W91/><G91/><T126/><D126/><U18/><E71/><V56/><F83/><W127/><G127/><T43/><D43/><U90/><E68/><V29/><F88/><W24/><G24/><T5/><D5/><U74/><E74/><V135/><F7/><W69/><G69/><T52/><D52/><U53/><E90/><V105/><F105/><W130/><AGARI ba="2,0" hai="1,3,14,17,20,128,129,130" m="25703,7207" machi="130" ten="30,3000,0" yaku="19,1,54,1" doraHai="98" who="3" fromWho="3" sc="424,-12,122,-12,61,-12,393,36" owari="412,21.0,110,-29.0,49,-45.0,429,53.0" /></mjloggm>