<mjloggm ver="2.3"><GO type="41"/><UN n0="%E7%8C%AB%E8%A6%8B%E8%9B%8D%EF%BC%88%E5%BC%8F%E5%85%AC%E8%AA%8D%EF%BC%89" n1="%E3%82%A6%E3%83%AB%E3%83%88%E3%83%A9%E7%AB%8B%E7%9B%B4" n2="%E8%82%89%E5%A5%B4%E9%9A%B7" n3="%64%61%72%6C%69%6E%36%30" dan="14,15,15,16" rate="2000,1999,1975,1966" sx="F,M,M,M"/><TAIKYOKU oya="0"/><INIT seed="0,0,0,3,5,56" ten="250,250,250,250" oya="0" hai0="60,33,112,120,121,5,85,70,25,119,67,109,117" hai1="6,37,22,100,94,13,88,99,40,83,41,34,110" hai2="48,49,125,134,23,95,115,55,35,122,59,3,132" hai3="15,79,69,77,44,104,78,97,57,11,106,38,62"/><T10/><D85/><N who="1" m="50239" /><E34/><V116/><F122/><W128/><G69/><T58/><D33/><U46/><E37/><V135/><F35/><W126/><G128/><T14/><D25/><U82/><E110/><V76/><F3/><W21/><G126/><T101/><D101/><U74/><E74/><V133/><F125/><W26/><G104/><T2/><D112/><U17/><E46/><V52/><F76/><W31/><G38/><T91/><D109/><U108/><E108/><V90/><F115/><W16/><G106/><T45/><D45/><U111/><E111/><V84/><F116/><W92/><G44/><T36/><D36/><U123/><E123/><V89/><F23/><W7/><G7/><T53/><D91/><U68/><E68/><V66/><F90/><W105/><G105/><T0/><D121/><U103/><E103/><V9/><F9/><W51/><G51/><N who="2" m="19529" /><F135/><W30/><G30/><T129/><D120/><U86/><E6/><V29/><F29/><W63/><REACH who="3" step="1"/><G57/><REACH who="3" ten="250,250,250,240" step="2"/><T114/><D114/><U102/><E102/><AGARI ba="0,1" hai="11,15,16,21,26,31,62,63,77,78,79,92,97,102" machi="102" ten="40,12000,2" yaku="1,1,2,1,8,1,52,2,54,1,53,1" doraHai="56" doraHaiUra="27" who="3" fromWho="1" sc="250,0,250,-120,250,0,240,130" /><INIT seed="1,0,0,1,4,33" ten="250,130,250,370" oya="1" hai0="21,100,30,7,50,23,8,64,52,93,75,114,32" hai1="65,78,58,67,104,6,116,112,83,39,97,72,99" hai2="134,59,16,3,77,79,108,14,37,43,34,0,92" hai3="29,13,56,41,113,129,90,105,4,44,135,73,107"/><U103/><E116/><V57/><F34/><W69/><G69/><T22/><D75/><U1/><E112/><V96/><F134/><W49/><G73/><T31/><D114/><U95/><E58/><V54/><F108/><W35/><G113/><T85/><D64/><U42/><E95/><V55/><F37/><W88/><G107/><T17/><D32/><U10/><REACH who="1" step="1"/><E99/><REACH who="1" ten="250,120,250,370" step="2"/><V63/><F92/><W27/><G135/><T120/><D120/><U25/><E25/><V68/><F96/><W115/><G115/><T80/><D93/><U133/><E133/><V19/><F68/><W98/><G98/><T86/><D100/><U62/><E62/><V5/><F63/><W15/><G105/><T51/><D80/><U9/><E9/><V11/><F11/><W91/><G129/><T20/><D85/><U125/><E125/><V18/><F59/><W131/><G131/><T26/><D86/><U40/><E40/><V70/><F70/><W124/><G124/><T119/><D119/><U66/><E66/><V122/><F43/><W46/><G56/><T110/><D110/><U61/><E61/><V111/><F111/><W74/><G74/><T128/><D128/><U94/><E94/><V106/><F122/><W82/><G82/><T24/><D51/><U36/><E36/><V126/><F106/><W84/><G84/><T101/><D101/><U127/><E127/><V28/><F126/><W60/><G60/><T53/><D50/><U123/><E123/><V89/><F57/><W109/><G109/><T121/><D121/><U117/><E117/><V47/><F47/><AGARI ba="0,1" hai="1,6,10,39,42,47,65,67,72,78,83,97,103,104" machi="47" ten="40,12000,1" yaku="1,1,6,1,25,2,52,1,53,0" doraHai="33" doraHaiUra="132" who="1" fromWho="2" sc="250,0,120,130,250,-120,370,0" /><INIT seed="1,1,0,5,5,49" ten="250,250,130,370" oya="1" hai0="93,20,104,27,46,44,31,18,30,100,108,14,90" hai1="132,43,103,82,118,24,76,64,7,81,98,94,85" hai2="126,33,26,84,96,116,6,109,106,23,65,74,50" hai3="38,39,17,13,55,77,112,123,28,68,41,57,2"/><U48/><E118/><V72/><F116/><W111/><G2/><T22/><D108/><U89/><E132/><V115/><F109/><W10/><G111/><T130/><D130/><U4/><E64/><V19/><F65/><W129/><G112/><T133/><D133/><U66/><E66/><V87/><F115/><W134/><G68/><T12/><D104/><U92/><E24/><V124/><F33/><W35/><G134/><T86/><D100/><U69/><E69/><V34/><F34/><W60/><G123/><T70/><D70/><U59/><E82/><V95/><F6/><W102/><G102/><T45/><REACH who="0" step="1"/><D14/><REACH who="0" ten="240,250,130,370" step="2"/><U47/><REACH who="1" step="1"/><E59/><REACH who="1" ten="240,240,130,370" step="2"/><V121/><F121/><W120/><G120/><T21/><D21/><U15/><E15/><V58/><F23/><W5/><G129/><T3/><D3/><U83/><E83/><V0/><F0/><W107/><G35/><T52/><D52/><U25/><E25/><V78/><F26/><W8/><G55/><T119/><D119/><U113/><E113/><V37/><F126/><W91/><G13/><T11/><D11/><U42/><E42/><V88/><F124/><W54/><G41/><T1/><D1/><U117/><E117/><V114/><F114/><W29/><G10/><T105/><D105/><U110/><E110/><V9/><F106/><W62/><G8/><T101/><D101/><U56/><E56/><V79/><F58/><W135/><G107/><T71/><D71/><U125/><E125/><V75/><F9/><W99/><G135/><T73/><D73/><AGARI ba="1,2" hai="4,7,43,47,48,73,76,81,85,89,92,94,98,103" machi="73" ten="30,2900,0" yaku="1,1,7,1,53,0" doraHai="49" doraHaiUra="67" who="1" fromWho="0" sc="240,-32,240,52,130,0,370,0" /><INIT seed="1,2,0,1,0,79" ten="208,292,130,370" oya="1" hai0="6,49,100,113,16,126,25,61,28,60,127,115,19" hai1="74,45,48,50,83,102,14,63,75,55,85,58,37" hai2="21,107,135,90,105,12,116,3,103,15,82,11,111" hai3="53,1,80,77,70,34,87,109,10,66,121,42,13"/><U47/><E102/><V118/><F3/><W40/><G34/><T8/><D100/><U35/><E35/><V101/><F111/><W76/><G1/><N who="0" m="79" /><D49/><U59/><E37/><V43/><F43/><W39/><G121/><T129/><D61/><U51/><E75/><V7/><F135/><W93/><G109/><T133/><D60/><U73/><E73/><V71/><F71/><W117/><G66/><T31/><D133/><U97/><E97/><V24/><F15/><W32/><G70/><T91/><D91/><U131/><E74/><V95/><F103/><W5/><G32/><N who="0" m="20495" /><D31/><U56/><E131/><V128/><F128/><W20/><G76/><T104/><D104/><U52/><E14/><V36/><F36/><W99/><G39/><T78/><D78/><U41/><E51/><V114/><F107/><W96/><G53/><T54/><D54/><U124/><E124/><N who="0" m="47657" /><D129/><U81/><E81/><V94/><F105/><W134/><G134/><T46/><D46/><U9/><E9/><V89/><F101/><W69/><G69/><T38/><D38/><U29/><E29/><V23/><F82/><W108/><G108/><T0/><D0/><U84/><E84/><V130/><F130/><W98/><G93/><T120/><D120/><U22/><E22/><V30/><F95/><W112/><G20/><T64/><D64/><U122/><E122/><V86/><F23/><W110/><G110/><T18/><AGARI ba="2,0" hai="16,18,19,113,115" m="47657,20495,79" machi="18" ten="30,7900,0" yaku="18,1,34,2,54,1" doraHai="79" who="0" fromWho="0" sc="208,85,292,-41,130,-22,370,-22" /><INIT seed="2,0,0,4,5,100" ten="293,251,108,348" oya="2" hai0="60,29,78,101,9,46,85,93,15,88,114,62,95" hai1="44,41,110,77,38,26,25,87,36,31,131,6,51" hai2="35,80,108,55,11,2,112,68,13,117,23,106,40" hai3="121,115,61,33,32,127,47,8,132,39,133,109,21"/><V66/><F117/><W116/><G116/><T4/><D114/><U92/><E131/><V74/><F112/><W30/><G115/><T122/><D122/><U17/><E110/><V48/><F35/><W105/><G121/><T90/><D78/><U73/><E73/><V37/><F108/><W104/><G109/><T54/><D101/><U118/><E118/><V103/><F2/><W24/><G127/><T43/><D29/><U128/><E128/><V72/><F23/><W19/><G61/><T59/><D43/><U123/><E123/><V14/><F14/><W111/><G111/><T120/><D120/><U56/><E6/><V52/><F55/><W129/><G129/><T5/><D46/><U50/><E17/><V49/><F49/><W18/><G39/><T53/><D5/><U7/><E7/><V135/><F80/><W119/><G119/><T82/><REACH who="0" step="1"/><D90/><REACH who="0" ten="283,251,108,348" step="2"/><U64/><E31/><V94/><F103/><W124/><G47/><T99/><D99/><U84/><E77/><V16/><F40/><W126/><G30/><T71/><D71/><U1/><E44/><V134/><F68/><W107/><G126/><T75/><D75/><U58/><E41/><V3/><F74/><W45/><G45/><T89/><D89/><U65/><E1/><V57/><F72/><W20/><G124/><T22/><D22/><U91/><E91/><V69/><F3/><W98/><G98/><T97/><D97/><U130/><E130/><V70/><F69/><W63/><G33/><T83/><D83/><U28/><E28/><V10/><F70/><W86/><G32/><RYUUKYOKU ba="0,1" sc="283,15,251,15,108,-15,348,-15" hai0="4,9,15,53,54,59,60,62,82,85,88,93,95" hai1="25,26,36,38,50,51,56,58,64,65,84,87,92" /><INIT seed="3,1,1,2,0,67" ten="298,266,93,333" oya="3" hai0="60,37,74,17,30,135,33,9,128,69,120,109,95" hai1="64,88,82,124,125,75,132,103,55,19,76,32,72" hai2="5,54,3,123,91,93,12,133,53,25,39,41,105" hai3="44,15,113,114,118,27,98,42,57,99,45,26,14"/><W47/><G118/><T40/><D40/><U115/><E32/><V110/><F105/><W43/><G47/><T16/><D120/><U48/><E115/><V46/><F123/><W131/><G57/><T11/><D74/><U56/><E103/><V59/><F3/><W52/><G52/><T61/><D37/><U79/><E64/><V6/><F110/><W20/><G20/><T63/><D109/><U112/><E112/><V119/><F133/><W77/><G77/><T127/><D135/><U116/><E132/><V129/><F119/><W51/><G51/><T28/><D33/><U107/><E107/><V49/><F129/><AGARI ba="1,1" hai="14,15,26,27,42,43,44,45,98,99,113,114,129,131" machi="129" ten="25,2400,0" yaku="22,2" doraHai="67" who="3" fromWho="2" sc="298,0,266,0,93,-27,333,37" /><INIT seed="3,2,0,3,1,1" ten="298,266,66,370" oya="3" hai0="80,75,25,16,15,42,129,40,35,108,54,118,56" hai1="91,3,64,109,0,30,110,73,117,31,70,113,14" hai2="96,72,103,68,71,5,32,8,93,133,128,106,60" hai3="114,34,57,116,87,2,43,6,76,85,123,95,51"/><W50/><G34/><T62/><D118/><U17/><E64/><V58/><F128/><W69/><G69/><T97/><D108/><N who="1" m="41579" /><E70/><V79/><F133/><W82/><G123/><T124/><D129/><U99/><E73/><V120/><F120/><W132/><G116/><T26/><D124/><U125/><E91/><V77/><F32/><W49/><G114/><T47/><D35/><U9/><E99/><V4/><F71/><W12/><G2/><N who="1" m="554" /><E117/><V33/><F33/><W13/><G132/><T135/><D135/><U105/><E105/><V94/><F68/><W11/><G13/><T119/><D119/><U53/><E53/><N who="2" m="33871" /><F106/><W111/><G111/><T98/><D75/><U127/><E113/><V86/><F72/><W89/><G57/><T112/><D112/><U84/><E84/><V18/><F18/><W102/><G102/><T45/><D80/><U67/><E67/><V122/><F8/><W115/><REACH who="3" step="1"/><G115/><REACH who="3" ten="298,266,66,360" step="2"/><T104/><D26/><U66/><E66/><V39/><F122/><W7/><G7/><N who="2" m="2633" /><F39/><W81/><G81/><T63/><D25/><U83/><E83/><V101/><F101/><W23/><G23/><T28/><D42/><AGARI ba="2,1" hai="6,11,12,42,43,49,50,51,76,82,85,87,89,95" machi="42" ten="40,7700,0" yaku="1,1,8,1,52,1,53,0" doraHai="1" doraHaiUra="131" who="3" fromWho="0" sc="298,-83,266,0,66,0,360,93" /><INIT seed="3,3,0,4,5,83" ten="215,266,66,453" oya="3" hai0="11,101,61,32,109,84,24,10,8,114,55,82,46" hai1="23,12,71,102,50,34,92,49,37,15,128,118,134" hai2="113,52,111,70,26,13,63,122,41,99,60,59,45" hai3="77,21,64,124,33,87,20,80,57,17,120,131,43"/><W115/><G33/><T108/><D101/><U1/><E1/><V112/><F122/><W47/><G120/><T36/><D114/><U135/><E34/><V93/><F111/><N who="0" m="42570" /><D36/><U103/><E71/><V91/><F70/><W9/><G115/><T29/><D61/><U68/><E68/><V40/><F63/><W35/><G35/><T16/><D55/><U65/><E37/><V19/><F41/><W100/><G100/><T98/><D98/><U58/><E23/><V95/><F93/><W18/><G131/><T25/><D46/><U62/><E62/><V2/><F2/><W79/><G124/><T42/><D42/><U56/><E92/><V132/><F132/><W3/><G64/><T86/><D82/><U73/><E73/><V90/><F91/><W133/><G133/><T116/><D116/><U27/><E27/><V125/><F125/><W30/><G57/><T81/><D81/><U66/><REACH who="1" step="1"/><E128/><REACH who="1" ten="215,256,66,453" step="2"/><V74/><F74/><W39/><G77/><T4/><D4/><U107/><E107/><V117/><F117/><AGARI ba="3,1" hai="12,15,49,50,56,58,65,66,102,103,117,118,134,135" machi="117" ten="25,8000,1" yaku="1,1,22,2,53,2" doraHai="83" doraHaiUra="97" who="1" fromWho="2" sc="215,0,256,99,66,-89,453,0" owari="215,-18.0,355,16.0,-23,-52.0,453,54.0" /></mjloggm>