<mjloggm ver="2.3"><GO type="169"/><UN n0="%E3%80%9D%73%68%69%6E" n1="%E3%81%B2%E3%81%BD%E3%81%8D%E3%82%88%E3%81%97" n2="%EF%BC%88%E2%89%A7%E2%96%BD%E2%89%A6%EF%BC%89" n3="%53%48%49%53%55%4B%45" dan="16,17,18,16" rate="2143,2110,2236,2122" sx="M,M,M,M"/><TAIKYOKU oya="0"/><INIT seed="0,0,0,2,2,123" ten="250,250,250,250" oya="0" hai0="78,77,117,61,55,16,45,54,114,89,116,95,32" hai1="33,2,37,17,64,51,113,101,94,80,49,84,130" hai2="72,104,6,57,120,19,75,122,111,132,12,128,96" hai3="47,63,34,103,53,134,109,43,88,48,73,133,4"/><T31/><D114/><U14/><E37/><V81/><F132/><N who="3" m="50795" /><G73/><T74/><D31/><U21/><E33/><V44/><F6/><W135/><G34/><T67/><D32/><U93/><E2/><V91/><F44/><W62/><G103/><T127/><D127/><U71/><E113/><V35/><F35/><W112/><G112/><T106/><D106/><U7/><E130/><V23/><F128/><W5/><G88/><T105/><D105/><U38/><E38/><V50/><F72/><W119/><G119/><T59/><D117/><U87/><E94/><V18/><F75/><W40/><G135/><T68/><D116/><U70/><E64/><V76/><F76/><W15/><G15/><T30/><D74/><U56/><E87/><V92/><F104/><W39/><G5/><T42/><D30/><U0/><E84/><V124/><F81/><W100/><G100/><T99/><D16/><U98/><E80/><V131/><F19/><W58/><G4/><T1/><D55/><U108/><E7/><V125/><F131/><W79/><G79/><T29/><D29/><U25/><E0/><V60/><F124/><W65/><G43/><T46/><D1/><U102/><E102/><V85/><F125/><W129/><G129/><T83/><D42/><U24/><E17/><V97/><F97/><W28/><G28/><T121/><D77/><U90/><E98/><V69/><F96/><W110/><G63/><T9/><D78/><U52/><E101/><V82/><F60/><W22/><G22/><T26/><D83/><U66/><E21/><V8/><F82/><RYUUKYOKU ba="0,0" sc="250,-10,250,-10,250,-10,250,30" hai3="39,40,47,48,53,58,62,65,109,110" /><INIT seed="1,1,0,0,3,113" ten="240,240,240,280" oya="1" hai0="114,31,65,115,57,69,6,12,122,0,135,96,116" hai1="29,66,62,51,111,95,15,40,70,112,49,56,94" hai2="22,107,17,117,90,3,123,59,36,132,53,80,5" hai3="39,82,73,119,71,41,54,27,14,55,18,92,100"/><U84/><E112/><V99/><F36/><W79/><G119/><T61/><D0/><U50/><E111/><V76/><F123/><W121/><G121/><T8/><D122/><U1/><E1/><V85/><F132/><W128/><G71/><T52/><D135/><U26/><E70/><V124/><F124/><W72/><G72/><T127/><D127/><U11/><E40/><V102/><F117/><W4/><G128/><T23/><D116/><U97/><E84/><V38/><F38/><W48/><G39/><T133/><D133/><U35/><REACH who="1" step="1"/><E97/><REACH who="1" ten="240,230,240,280" step="2"/><V91/><F3/><W45/><G73/><T47/><D96/><U75/><E75/><V42/><F42/><W68/><G68/><T28/><D69/><U106/><E106/><V60/><REACH who="2" step="1"/><F5/><AGARI ba="1,1" hai="5,11,15,26,29,35,49,50,51,56,62,66,94,95" machi="5" ten="40,2000,0" yaku="1,1,53,0" doraHai="113" doraHaiUra="77" who="1" fromWho="2" sc="240,0,230,33,240,-23,280,0" /><INIT seed="1,2,0,2,1,35" ten="240,263,217,280" oya="1" hai0="47,9,67,66,130,32,57,125,69,82,89,3,133" hai1="122,101,124,134,113,97,79,54,114,107,63,42,38" hai2="119,39,123,75,24,120,86,43,4,60,104,18,117" hai3="127,64,56,14,91,99,25,36,28,77,41,0,106"/><U11/><E122/><N who="2" m="46635" /><F75/><W93/><G127/><T110/><D32/><U45/><E124/><V135/><F104/><W58/><G106/><T62/><D125/><U84/><E134/><V98/><F86/><W121/><G121/><T88/><D133/><U76/><E76/><V1/><F98/><W50/><G36/><T44/><D130/><U73/><E84/><V74/><F60/><W78/><G0/><T92/><D110/><U10/><E10/><N who="2" m="2319" /><F74/><W112/><G112/><T71/><D82/><U100/><E100/><V6/><F43/><W7/><G7/><T115/><D115/><U126/><E126/><V30/><F39/><W59/><G14/><T40/><D89/><U37/><E37/><V16/><F6/><W87/><G64/><T96/><D66/><U85/><E85/><V20/><F135/><W34/><REACH who="3" step="1"/><G99/><REACH who="3" ten="240,263,217,270" step="2"/><T51/><D67/><U2/><E113/><V65/><F65/><W15/><G15/><T48/><D96/><U90/><E114/><V49/><F49/><W27/><G27/><T129/><D51/><U46/><E38/><V109/><F109/><W68/><G68/><T23/><D69/><U70/><E70/><V13/><F13/><W17/><G17/><AGARI ba="2,1" hai="16,17,18,20,24,30,117,119" m="2319,46635" machi="17" ten="30,7700,0" yaku="34,2,52,1,54,1" doraHai="35" who="2" fromWho="3" sc="240,0,263,0,217,93,270,-83" /><INIT seed="2,0,0,4,2,34" ten="240,263,310,187" oya="2" hai0="48,135,44,89,114,113,68,133,39,56,20,121,18" hai1="10,33,46,54,107,120,3,104,36,86,47,87,58" hai2="106,108,72,62,96,70,132,78,98,102,24,15,110" hai3="73,50,66,119,131,43,88,40,57,28,27,67,101"/><V31/><F132/><N who="0" m="50762" /><D121/><U42/><E33/><N who="2" m="20711" /><F15/><W60/><G119/><T83/><D68/><U112/><E112/><V49/><F49/><W130/><G73/><T52/><D39/><U109/><E109/><N who="2" m="42091" /><F96/><W61/><G101/><T32/><D114/><U84/><E120/><V117/><F117/><W19/><G19/><T97/><D32/><U93/><E93/><V21/><F21/><W7/><G7/><T94/><D83/><U76/><E46/><V23/><F23/><W128/><G88/><T82/><D82/><U80/><E104/><V75/><F78/><W41/><G27/><N who="0" m="14743" /><D113/><U2/><E107/><V65/><AGARI ba="0,0" hai="62,65,70,72,75,98,102,106" m="42091,20711" machi="65" ten="30,11700,0" yaku="25,1,14,1,10,1,23,1" doraHai="34" who="2" fromWho="2" sc="240,-39,263,-39,310,117,187,-39" /><INIT seed="2,1,0,0,5,23" ten="201,224,427,148" oya="2" hai0="56,35,133,46,107,14,45,63,3,49,1,82,47" hai1="109,90,127,76,92,25,121,132,72,10,105,18,67" hai2="106,88,29,24,103,61,78,101,118,50,43,117,119" hai3="93,52,110,37,94,85,83,74,77,98,2,9,99"/><V40/><F78/><W17/><G110/><T135/><D107/><U57/><E109/><V104/><F61/><W62/><G37/><T87/><D35/><U86/><E105/><V0/><F0/><W19/><G2/><T42/><D14/><U44/><E127/><V73/><F73/><W33/><G33/><T66/><D3/><U26/><E132/><N who="0" m="50761" /><D1/><U114/><E114/><V113/><F113/><W34/><G34/><T91/><AGARI ba="1,0" hai="42,45,46,47,49,56,63,66,82,87,91" m="50761" machi="91" ten="30,1100,0" yaku="20,1" doraHai="23" who="0" fromWho="0" sc="201,14,224,-4,427,-6,148,-4" /><INIT seed="3,0,0,2,2,64" ten="215,220,421,144" oya="3" hai0="112,17,13,46,59,78,20,107,11,1,23,124,29" hai1="30,24,128,37,95,40,111,71,121,15,126,52,76" hai2="21,70,87,127,39,57,14,65,44,47,48,85,36" hai3="2,31,98,77,26,22,117,75,49,74,53,51,132"/><W82/><G117/><T12/><D107/><U94/><E111/><V119/><F119/><W89/><G132/><T50/><D1/><U16/><E126/><V5/><F127/><W116/><G116/><T3/><D3/><U99/><E128/><V135/><F135/><W105/><G2/><T125/><D112/><U56/><E71/><V97/><F70/><W32/><G75/><T110/><D110/><U92/><E76/><V41/><F97/><W4/><G4/><T55/><D78/><U115/><E115/><V131/><F131/><W109/><G109/><T42/><D29/><U101/><E121/><V79/><F85/><W104/><G51/><T25/><D20/><N who="1" m="15623" /><E40/><V61/><F47/><W45/><REACH who="3" step="1"/><G32/><REACH who="3" ten="215,220,421,134" step="2"/><T130/><D130/><U114/><E37/><V54/><F5/><W9/><G9/><T8/><D124/><U34/><E34/><V43/><F39/><W58/><G58/><T123/><D125/><U133/><E133/><V120/><F36/><W93/><AGARI ba="0,1" hai="22,26,31,45,49,53,74,77,82,89,93,98,104,105" machi="93" ten="30,3000,0" yaku="1,1,0,1,53,0" doraHai="64" doraHaiUra="62" who="3" fromWho="3" sc="215,-10,220,-10,421,-10,134,40" /><INIT seed="3,1,0,0,1,58" ten="205,210,411,174" oya="3" hai0="114,128,48,90,1,10,75,12,53,17,68,32,5" hai1="108,104,126,119,116,55,105,125,135,65,23,113,59" hai2="25,9,103,24,76,31,56,100,13,110,0,54,4" hai3="132,37,130,66,41,80,33,123,3,124,43,57,52"/><W98/><G123/><T38/><D38/><U61/><E113/><V85/><F110/><W70/><G33/><T91/><D75/><U129/><E108/><V42/><F0/><W62/><G3/><T49/><D68/><U96/><E23/><N who="2" m="15775" /><F42/><W40/><G130/><T63/><D114/><U127/><E96/><V95/><F25/><W2/><G2/><T47/><D32/><U111/><E111/><V134/><F134/><W16/><G132/><T20/><D128/><U22/><E135/><V120/><F120/><W115/><G115/><T72/><D72/><U45/><E22/><V26/><F26/><W8/><G124/><T39/><D39/><U15/><E15/><V73/><F73/><W27/><G37/><T117/><D117/><N who="1" m="45131" /><E129/><V51/><F95/><W83/><G98/><T21/><D21/><U35/><E35/><V19/><F4/><W78/><G78/><T93/><D93/><U67/><E45/><V106/><F106/><AGARI ba="1,0" hai="55,59,61,65,67,104,105,106,125,126,127" m="45131" machi="106" ten="40,5200,0" yaku="18,1,12,1,52,1" doraHai="58" who="1" fromWho="2" sc="205,0,210,55,411,-55,174,0" /><INIT seed="4,0,0,2,3,122" ten="205,265,356,174" oya="0" hai0="135,83,8,67,61,29,98,32,34,131,86,126,73" hai1="9,64,129,11,120,106,90,70,74,66,27,63,104" hai2="121,36,80,2,113,65,105,6,110,48,116,95,28" hai3="23,99,77,114,46,87,47,42,81,53,49,108,115"/><T109/><D73/><U96/><E120/><V22/><F36/><W75/><G108/><T93/><D126/><U130/><E74/><V127/><F121/><W38/><G99/><T24/><D131/><N who="1" m="50187" /><E66/><V88/><F105/><N who="1" m="40553" /><E27/><V92/><F65/><W125/><G125/><T10/><D135/><U20/><E20/><V52/><F127/><W44/><G75/><T85/><D34/><U33/><E33/><V91/><F22/><W58/><REACH who="3" step="1"/><G23/><REACH who="3" ten="205,265,356,164" step="2"/><T72/><D109/><U57/><E70/><V19/><F110/><W37/><G37/><T56/><D72/><U97/><E97/><V60/><F116/><W100/><G100/><T84/><REACH who="0" step="1"/><D83/><REACH who="0" ten="195,265,356,164" step="2"/><U118/><E118/><V54/><F80/><W76/><G76/><T1/><D1/><U51/><E90/><AGARI ba="0,2" hai="8,10,24,29,32,56,61,67,84,85,86,90,93,98" machi="90" ten="40,2000,0" yaku="1,1,53,0" doraHai="122" doraHaiUra="17" who="0" fromWho="1" sc="195,40,265,-20,356,0,164,0" /><INIT seed="4,1,0,0,1,36" ten="235,245,356,164" oya="0" hai0="24,72,131,30,89,47,110,115,37,96,46,41,82" hai1="76,65,49,95,57,39,126,107,132,32,94,105,70" hai2="67,112,7,11,90,9,35,27,81,33,130,2,28" hai3="117,121,63,12,91,8,108,74,127,0,66,135,88"/><T23/><D115/><U16/><E39/><V62/><F112/><W58/><G117/><T13/><D131/><U4/><E32/><V55/><F130/><W133/><G0/><T97/><D110/><U119/><E4/><V59/><F9/><W40/><G108/><T51/><D13/><U111/><E94/><V84/><F67/><W22/><G74/><T44/><D44/><U5/><E5/><V78/><F78/><W123/><G127/><T100/><D100/><U71/><E76/><V15/><F2/><W79/><G79/><T87/><REACH who="0" step="1"/><D72/><REACH who="0" ten="225,245,356,164" step="2"/><U134/><E111/><V20/><AGARI ba="1,1" hai="7,11,15,20,27,28,33,35,55,59,62,81,84,90" machi="20" ten="20,1500,0" yaku="0,1,7,1" doraHai="36" who="2" fromWho="2" sc="225,-8,245,-5,356,28,164,-5" /><INIT seed="5,0,0,1,1,56" ten="217,240,384,159" oya="1" hai0="105,132,43,88,35,107,51,3,103,115,101,74,113" hai1="75,68,135,100,25,8,32,53,17,50,83,48,12" hai2="47,59,126,129,104,66,125,37,15,9,6,0,29" hai3="84,31,93,119,64,62,58,5,118,80,20,117,95"/><U34/><E135/><V111/><F104/><N who="0" m="40010" /><D3/><U121/><E100/><N who="0" m="38473" /><D35/><U27/><E121/><V39/><F111/><W18/><G5/><T72/><D43/><U94/><E94/><V87/><F87/><W63/><G31/><T38/><D51/><U133/><E133/><V109/><F109/><W49/><G49/><T96/><D38/><U114/><E114/><N who="0" m="43529" /><D132/><U79/><E68/><V23/><F0/><W127/><G127/><T106/><N who="0" m="40018" /><T36/><DORA hai="46" /><D36/><U13/><E48/><V112/><F47/><W110/><G110/><T10/><D10/><U61/><E61/><N who="3" m="23050" /><G58/><T52/><D52/><U89/><E13/><V24/><F59/><W22/><G64/><T14/><D14/><U108/><E108/><V45/><F66/><W19/><G22/><T16/><D16/><N who="3" m="6185" /><G20/><T70/><D70/><U76/><E32/><V69/><F23/><W92/><G80/><T85/><D96/><U55/><E34/><V73/><F69/><W41/><G41/><T82/><AGARI ba="0,0" hai="72,74,82,85,88" m="43529,38473,40018" machi="82" ten="50,8000,1" yaku="15,1,34,2,54,1" doraHai="56,46" who="0" fromWho="0" sc="217,80,240,-40,384,-20,159,-20" /><INIT seed="6,0,0,1,5,82" ten="297,200,364,139" oya="2" hai0="80,129,109,105,121,119,99,126,84,36,56,3,11" hai1="100,34,117,31,45,66,90,96,73,16,134,101,67" hai2="95,77,79,113,97,27,75,5,88,19,1,64,24" hai3="38,22,87,17,50,120,14,133,9,65,116,104,37"/><V86/><F113/><W72/><G120/><T35/><RYUUKYOKU type="yao9" ba="0,0" sc="297,0,200,0,364,0,139,0" hai0="3,11,35,36,56,80,84,99,105,109,119,121,126,129" /><INIT seed="6,1,0,3,1,33" ten="297,200,364,139" oya="2" hai0="103,20,87,57,26,97,106,75,15,110,108,83,47" hai1="52,86,85,16,79,99,78,56,132,84,114,95,10" hai2="123,92,80,44,29,6,12,40,43,128,17,70,5" hai3="96,36,18,50,120,24,126,64,69,130,135,2,46"/><V0/><F70/><W1/><G120/><T76/><D15/><U51/><E114/><V125/><F123/><W65/><G36/><T94/><D57/><U89/><E132/><V55/><F128/><W116/><G116/><T134/><D47/><U127/><E127/><V119/><F119/><W31/><G135/><T9/><D9/><U4/><REACH who="1" step="1"/><E16/><REACH who="1" ten="297,190,364,139" step="2"/><V14/><F17/><W39/><G126/><T129/><D134/><U131/><E131/><V53/><F125/><W38/><G130/><T104/><D129/><U71/><E71/><V48/><F29/><W90/><G18/><T25/><D110/><U113/><E113/><V7/><F7/><W23/><G69/><T82/><D108/><U109/><E109/><V8/><F6/><W91/><G39/><T60/><D26/><U19/><E19/><V61/><F5/><W93/><G38/><T62/><D25/><U49/><E49/><V74/><F48/><W63/><G63/><T11/><D62/><U32/><E32/><V77/><F61/><W111/><G111/><T37/><D60/><U105/><E105/><V101/><F8/><W133/><G133/><T58/><D11/><U35/><E35/><V121/><F121/><W30/><G30/><T100/><D37/><U122/><E122/><V107/><F107/><W73/><G65/><T98/><D106/><U72/><E72/><V34/><F74/><W3/><G64/><T115/><D104/><U45/><E45/><V28/><F44/><W41/><REACH who="3" step="1"/><G73/><REACH who="3" ten="297,190,364,129" step="2"/><N who="0" m="43279" /><D115/><U59/><E59/><V81/><F28/><W66/><G66/><T54/><D75/><RYUUKYOKU ba="1,2" sc="297,-15,190,15,364,-15,129,15" hai1="4,10,51,52,56,78,79,84,85,86,89,95,99" hai3="1,2,3,23,24,31,41,46,50,90,91,93,96" /><INIT seed="7,2,2,3,2,123" ten="282,205,349,144" oya="3" hai0="17,29,45,135,0,80,104,107,67,65,1,49,112" hai1="91,94,93,34,72,106,35,70,131,108,37,74,129" hai2="22,101,83,119,8,5,127,88,31,95,130,132,76" hai3="133,73,102,69,3,41,61,87,47,52,15,118,125"/><W38/><G118/><T12/><D135/><U26/><E26/><N who="2" m="16855" /><F119/><W126/><G73/><N who="1" m="28266" /><E91/><V103/><F127/><N who="3" m="48651" /><G3/><T92/><D112/><U18/><E18/><V79/><F130/><N who="1" m="49673" /><E106/><V53/><F132/><W54/><G133/><T21/><D49/><U24/><E24/><V77/><F83/><W20/><G102/><T97/><D45/><U36/><E108/><V40/><F40/><W116/><G116/><T82/><D67/><U84/><E84/><N who="2" m="52615" /><F53/><N who="3" m="20587" /><G87/><T110/><D0/><U25/><E25/><V85/><F85/><W98/><G98/><T6/><D97/><U121/><E70/><V42/><F42/><W114/><G114/><T9/><D1/><U57/><E57/><V128/><F128/><W100/><G100/><T62/><D107/><U89/><E89/><V63/><F63/><W55/><N who="3" m="20595" /><W27/><DORA hai="32" /><G15/><AGARI ba="2,2" hai="5,8,15,76,77,79,101,103" m="52615,16855" machi="15" ten="30,2000,0" yaku="8,1,54,1" doraHai="123,32" who="2" fromWho="3" sc="282,0,205,0,349,46,144,-26" owari="282,8.0,205,-19.0,395,49.0,118,-38.0" /></mjloggm>