<mjloggm ver="2.3"><GO type="43"/><UN n0="%6D%61%6E%62%6F%77" n1="%E3%83%AF%E3%82%A4%E3%83%AB%E3%83%89%E5%A4%A7%E7%B4%8D%E8%A8%80" n2="%EF%BC%88%E2%89%A7%E2%96%BD%E2%89%A6%EF%BC%89" n3="%E6%A1%9C%E7%AB%9C%E2%80%A0%E3%82%BF%E3%83%9E" dan="15,14,15,14" rate="2009,1958,2016,1949" sx="M,F,M,F"/><TAIKYOKU oya="0"/><INIT seed="0,0,0,4,1,14" ten="250,250,250,250" oya="0" hai0="53,54,126,111,123,20,32,116,125,101,56,35,55" hai1="5,80,58,18,36,86,98,19,22,107,52,119,75" hai2="34,27,21,108,71,73,130,24,109,41,49,128,121" hai3="65,23,57,8,11,7,124,110,16,37,83,6,17"/><T48/><D101/><U45/><E5/><N who="3" m="1546" /><G37/><T91/><D116/><U43/><E75/><V131/><F73/><W33/><G33/><T99/><D123/><U112/><E119/><V127/><F71/><W62/><G124/><N who="0" m="47723" /><D111/><N who="2" m="42570" /><F41/><W40/><G110/><T12/><D35/><U10/><E10/><N who="3" m="3626" /><G40/><T3/><D3/><U13/><E112/><V134/><F49/><W92/><G83/><T1/><D1/><U79/><E18/><N who="3" m="7274" /><G92/><N who="0" m="56735" /><D32/><U113/><E113/><V77/><F34/><W69/><G69/><T114/><D114/><U44/><E43/><V26/><F130/><W63/><G63/><T29/><D48/><N who="1" m="30983" /><E36/><V85/><F131/><W88/><G88/><T103/><D103/><U81/><E107/><V42/><F128/><W104/><G104/><T122/><D122/><U106/><E106/><V70/><F70/><W46/><G23/><T87/><D87/><N who="1" m="48543" /><E98/><V90/><F85/><W47/><AGARI ba="0,0" hai="46,47,57,62,65" m="7274,3626,1546" machi="47" ten="30,7900,0" yaku="8,1,52,3" doraHai="14" who="3" fromWho="3" sc="250,-39,250,-20,250,-20,250,79" /><INIT seed="1,0,0,3,3,119" ten="211,230,230,329" oya="1" hai0="19,7,90,31,26,75,28,91,45,74,70,106,82" hai1="71,101,22,11,39,38,93,107,121,62,15,65,51" hai2="35,23,130,114,4,113,72,120,134,104,25,57,29" hai3="60,105,129,96,118,21,17,20,2,52,73,126,68"/><U78/><E107/><V16/><F72/><W1/><G118/><T56/><D106/><U95/><E121/><V34/><F104/><W124/><G73/><T18/><D70/><U37/><E78/><V50/><F50/><W111/><G129/><T103/><D103/><U8/><E51/><V32/><F57/><N who="3" m="34855" /><G68/><T117/><D117/><U69/><E71/><V98/><F98/><W86/><G86/><T76/><D56/><U89/><E101/><V10/><F120/><W0/><G111/><T24/><D7/><U43/><E43/><V47/><F47/><W77/><G77/><T87/><D76/><U97/><REACH who="1" step="1"/><E95/><REACH who="1" ten="211,220,230,329" step="2"/><V61/><F130/><W112/><G112/><N who="2" m="43113" /><F61/><W64/><G64/><T54/><D82/><U84/><E84/><V85/><F85/><W127/><G105/><T132/><D87/><U63/><E63/><V36/><F36/><W12/><G96/><T81/><D81/><U5/><E5/><V92/><F92/><W41/><G41/><T123/><D123/><U131/><E131/><V133/><F4/><W40/><G40/><T94/><D94/><U122/><E122/><V58/><F58/><W67/><G67/><T83/><D83/><U13/><E13/><AGARI ba="0,1" hai="10,13,16,23,25,29,32,34,35,133,134" m="43113" machi="13" ten="40,5200,0" yaku="11,1,34,2" doraHai="119" who="2" fromWho="1" sc="211,0,220,-52,230,62,329,0" /><INIT seed="2,0,0,1,5,68" ten="211,168,292,329" oya="2" hai0="71,130,8,123,116,112,69,126,94,129,4,103,93" hai1="27,95,24,90,14,96,104,23,73,102,22,57,33" hai2="52,31,119,26,121,99,7,1,44,128,108,74,124" hai3="61,60,16,76,56,97,77,110,39,67,46,43,117"/><V62/><F74/><W92/><G117/><T40/><D116/><U2/><E2/><V28/><F119/><W50/><G110/><T5/><D123/><U38/><E38/><V49/><F121/><W122/><G122/><T11/><D112/><U21/><E57/><V114/><F114/><W37/><G16/><T51/><D51/><U63/><E63/><V55/><F108/><W89/><REACH who="3" step="1"/><G61/><REACH who="3" ten="211,168,292,319" step="2"/><T120/><D120/><U132/><E132/><V100/><F62/><W58/><G58/><T36/><D126/><U10/><E24/><V30/><F26/><W72/><G72/><T45/><D5/><U66/><E27/><V75/><F75/><W70/><G70/><T20/><D4/><U34/><E73/><V81/><F124/><W17/><G17/><T106/><D69/><U53/><E66/><V80/><F7/><W79/><AGARI ba="0,1" hai="37,39,43,46,50,56,60,67,76,77,79,89,92,97" machi="79" ten="30,7900,0" yaku="1,1,0,1,52,2,53,0" doraHai="68" doraHaiUra="25" who="3" fromWho="3" sc="211,-20,168,-20,292,-39,319,89" /><INIT seed="3,0,0,4,5,119" ten="191,148,253,408" oya="3" hai0="8,78,45,54,121,18,25,3,57,80,124,130,65" hai1="53,21,17,52,112,74,122,36,62,107,42,99,33" hai2="110,91,61,46,73,2,13,31,77,127,6,10,43" hai3="32,19,117,76,86,29,22,114,48,51,70,40,50"/><W131/><G117/><T93/><D65/><U58/><E112/><V96/><F127/><W26/><G114/><T66/><D124/><U60/><E74/><V68/><F110/><W34/><G70/><T106/><D106/><U128/><E33/><V5/><F31/><W103/><G103/><T111/><D111/><U41/><E128/><V37/><F68/><W84/><G131/><T94/><D66/><U11/><E11/><V56/><F96/><W129/><G129/><T87/><D130/><U9/><E9/><V120/><F91/><W24/><G34/><T101/><D45/><U7/><E7/><V134/><F134/><W39/><REACH who="3" step="1"/><G76/><REACH who="3" ten="191,148,253,398" step="2"/><T79/><D79/><U104/><E104/><V90/><F77/><W71/><G71/><T0/><D101/><U89/><E107/><V92/><F2/><W28/><G28/><T81/><D78/><U100/><E100/><V30/><F30/><W115/><G115/><T125/><D125/><U95/><E122/><V15/><F73/><W27/><G27/><T108/><D25/><N who="1" m="14511" /><E36/><V102/><F37/><W97/><G97/><T67/><D108/><U63/><E63/><V49/><F61/><W38/><G38/><T113/><D113/><U132/><E132/><V72/><F120/><W123/><G123/><T85/><D121/><U133/><E133/><V1/><F1/><W64/><G64/><T47/><D67/><U109/><E109/><V105/><F102/><W44/><AGARI ba="0,1" hai="19,22,24,26,29,32,39,40,44,48,50,51,84,86" machi="44" ten="30,11700,0" yaku="1,1,0,1,53,2" doraHai="119" doraHaiUra="20" who="3" fromWho="3" sc="191,-39,148,-39,253,-39,398,127" /><INIT seed="3,1,0,2,1,55" ten="152,109,214,525" oya="3" hai0="112,7,100,72,89,10,24,51,80,49,74,81,94" hai1="14,2,17,35,20,132,68,29,111,104,60,56,110" hai2="12,18,129,42,121,47,52,23,109,85,66,1,126" hai3="96,78,57,31,3,86,106,107,48,90,54,125,53"/><W75/><G3/><T58/><D100/><U127/><E68/><V76/><F126/><W65/><G125/><T135/><D24/><N who="1" m="18855" /><E104/><V28/><F1/><W79/><G65/><T83/><D51/><U118/><E127/><V25/><F129/><W61/><G31/><T62/><D49/><U0/><E118/><V27/><F121/><W5/><G5/><T128/><D128/><U41/><E41/><V4/><F109/><N who="1" m="41481" /><E132/><V11/><F66/><AGARI ba="1,0" hai="0,2,14,17,20,56,60,66" m="41481,18855" machi="66" ten="30,2000,0" yaku="14,1,52,1" doraHai="55" who="1" fromWho="2" sc="152,0,109,23,214,-23,525,0" /><INIT seed="4,0,0,4,0,78" ten="152,132,191,525" oya="0" hai0="44,12,76,65,61,116,123,64,8,81,7,100,53" hai1="120,73,27,48,16,11,93,25,37,49,98,74,9" hai2="117,24,51,77,3,13,83,0,33,75,92,111,96" hai3="58,36,128,14,10,113,84,67,102,82,54,115,125"/><T70/><D123/><U18/><E37/><V105/><F111/><W56/><G36/><T50/><D116/><U2/><E120/><V20/><F117/><W17/><G125/><T99/><D61/><U109/><E98/><V110/><F110/><W103/><G67/><T132/><D70/><U88/><E109/><V72/><F72/><W135/><G135/><T124/><D124/><U52/><E52/><V38/><F38/><W114/><G128/><T59/><D59/><N who="3" m="22569" /><G54/><T21/><D21/><U97/><E97/><V108/><F108/><W131/><G131/><T55/><D55/><U121/><E88/><AGARI ba="0,0" hai="10,14,17,82,84,88,102,103,113,114,115" m="22569" machi="88" ten="30,2000,0" yaku="15,1,52,1" doraHai="78" who="3" fromWho="1" sc="152,0,132,-20,191,0,525,20" /><INIT seed="5,0,0,4,1,63" ten="152,112,191,545" oya="1" hai0="36,91,76,71,26,82,1,45,48,17,39,110,70" hai1="90,7,135,56,19,116,16,123,34,78,46,75,6" hai2="108,51,81,47,127,104,68,4,106,32,94,84,105" hai3="23,49,129,53,22,134,112,88,98,52,14,113,107"/><U69/><E69/><V8/><F32/><W9/><G134/><T115/><D1/><U85/><E123/><V62/><F108/><W35/><G35/><T87/><D110/><U101/><E116/><V114/><F127/><W67/><G67/><T61/><D115/><N who="3" m="44105" /><G129/><T41/><D26/><U28/><E101/><V42/><F114/><W24/><G24/><T86/><D17/><N who="1" m="6731" /><E34/><V55/><F94/><N who="3" m="56647" /><G107/><T131/><D131/><U102/><E102/><V93/><F93/><W60/><G60/><T12/><D12/><U126/><E135/><V103/><F103/><W15/><G15/><T89/><D71/><U120/><E120/><V3/><F68/><W74/><G74/><T66/><D76/><U118/><E118/><V57/><REACH who="2" step="1"/><F106/><REACH who="2" ten="152,112,181,545" step="2"/><W33/><G33/><T80/><AGARI ba="0,1" hai="36,39,41,45,48,61,66,70,80,82,86,87,89,91" machi="80" ten="20,5200,0" yaku="0,1,7,1,9,1,52,1" doraHai="63" who="0" fromWho="0" sc="152,62,112,-26,181,-13,545,-13" /><INIT seed="6,0,0,1,5,116" ten="214,86,168,532" oya="2" hai0="30,86,61,58,70,87,71,98,74,57,80,106,78" hai1="13,11,39,103,59,129,34,41,52,88,118,122,4" hai2="117,46,16,0,102,25,54,130,72,36,99,110,73" hai3="62,55,24,121,126,20,91,1,8,47,81,45,83"/><V21/><F117/><W12/><G121/><T115/><D30/><U89/><E118/><V22/><F0/><W35/><G1/><T101/><D115/><U3/><E34/><V7/><F7/><N who="3" m="3103" /><G35/><T104/><D104/><U28/><E28/><V123/><F130/><W77/><G91/><T2/><D2/><U133/><E129/><V84/><F110/><W96/><G96/><T33/><D33/><U5/><E133/><V9/><F9/><W76/><G126/><T97/><D97/><U109/><E103/><V23/><F123/><W125/><G125/><T50/><D50/><U31/><E109/><V40/><F84/><N who="3" m="48167" /><G83/><T27/><D27/><U95/><E122/><V19/><F54/><W56/><G77/><T44/><D44/><U93/><E31/><AGARI ba="0,0" hai="20,24,31,45,47,55,56,62" m="48167,3103" machi="31" ten="30,1000,0" yaku="8,1" doraHai="116" who="3" fromWho="1" sc="214,0,86,-10,168,0,532,10" /><INIT seed="7,0,0,1,2,114" ten="214,76,168,542" oya="3" hai0="78,9,65,36,112,38,79,135,75,37,98,101,110" hai1="120,28,62,32,92,124,44,106,8,90,111,130,20" hai2="66,45,48,41,115,4,103,23,125,39,82,96,25" hai3="70,109,17,26,40,128,11,129,132,121,69,80,30"/><W87/><G121/><T77/><D110/><U95/><E111/><V50/><F115/><W60/><G109/><T76/><D112/><U113/><E120/><V51/><F125/><W89/><G132/><T73/><D135/><U55/><E113/><V117/><F117/><W31/><G40/><T74/><D65/><U116/><E106/><V6/><F66/><N who="3" m="41159" /><G70/><T61/><D61/><U24/><E124/><V49/><F82/><W21/><G11/><T10/><N who="0" m="19968" /><DORA hai="104" /><T1/><D1/><U47/><E130/><AGARI ba="0,0" hai="17,21,26,30,31,80,87,89,128,129,130" m="41159" machi="130" ten="30,1500,0" yaku="19,1" doraHai="114,104" who="3" fromWho="1" sc="214,0,76,-15,168,0,542,15" owari="214,1.0,61,-44.0,168,-23.0,557,66.0" /></mjloggm>