<mjloggm ver="2.3"><GO type="137"/><UN n0="%73%69%6E%6B%75%72%61%31" n1="%74%65%6C%6D%69%64%6F%6C" n2="%E6%88%B8%E5%A1%9A%E3%83%A8%E3%83%83%E3%83%88%E3%82%B9%E3%82%AF%E3%83%BC" n3="%EF%BC%88%E2%89%A7%E2%96%BD%E2%89%A6%EF%BC%89" dan="11,13,12,11" rate="1663,1683,1650,1863" sx="M,M,F,M"/><TAIKYOKU oya="0"/><INIT seed="0,0,0,3,0,57" ten="250,250,250,250" oya="0" hai0="117,109,59,40,65,53,8,37,110,30,32,71,73" hai1="31,131,75,55,10,5,101,81,7,11,48,126,91" hai2="78,95,33,23,129,133,84,99,51,35,86,134,93" hai3="115,3,67,80,38,16,105,24,90,103,17,96,82"/><T72/><D117/><U100/><E126/><V60/><F129/><W83/><G115/><T64/><D8/><U114/><E131/><V52/><F23/><W108/><G108/><N who="0" m="41579" /><D32/><U116/><E116/><V45/><F95/><W36/><G3/><T87/><D87/><U104/><E114/><V74/><F74/><W132/><G132/><T61/><D30/><U77/><E91/><V19/><F78/><W111/><G111/><T127/><D127/><U26/><E104/><V112/><F112/><W122/><G122/><T1/><D1/><U92/><E92/><V13/><F35/><W42/><G67/><N who="0" m="25675" /><D73/><U120/><E120/><V79/><F33/><W2/><G2/><T15/><D72/><U49/><E49/><V22/><F79/><W98/><G24/><T121/><D15/><U107/><E107/><V113/><F113/><W25/><G25/><T27/><D27/><U34/><E10/><V124/><F124/><W68/><G68/><T106/><D106/><U118/><E118/><V85/><REACH who="2" step="1"/><F60/><REACH who="2" step="2"/><W123/><G123/><T70/><D121/><U97/><E97/><V88/><AGARI ba="0,1" hai="13,19,22,45,51,52,84,85,86,88,93,99,133,134" machi="88" ten="30,8000,1" yaku="1,1,2,1,0,1,54,2,53,0" doraHai="57" doraHaiUra="135" who="2" fromWho="2" sc="250,-40,250,-20,240,90,250,-20" /><INIT seed="1,0,0,2,1,8" ten="210,230,330,230" oya="1" hai0="52,68,23,30,133,7,51,124,35,22,59,12,106" hai1="73,111,25,70,19,20,132,71,105,49,112,76,97" hai2="43,109,85,2,33,122,21,46,135,96,54,39,9" hai3="83,80,91,55,77,84,44,45,61,86,69,16,74"/><U107/><E112/><V93/><F122/><W104/><G104/><T95/><D106/><U28/><E132/><V38/><F33/><W78/><G69/><T26/><D124/><U11/><E111/><V62/><F109/><W56/><REACH who="3" step="1"/><G16/><REACH who="3" step="2"/><T42/><D133/><U6/><E105/><V114/><F135/><W121/><G121/><T40/><D68/><U116/><E116/><V41/><F114/><W72/><G72/><T53/><D35/><U125/><E125/><V87/><F38/><W118/><G118/><T47/><D95/><AGARI ba="0,1" hai="44,45,55,56,61,74,77,78,80,83,84,86,91,95" machi="95" ten="30,2000,0" yaku="1,1,7,1,53,0" doraHai="8" doraHaiUra="15" who="3" fromWho="0" sc="210,-20,230,0,330,0,220,30" /><INIT seed="2,0,0,5,4,87" ten="190,230,330,250" oya="2" hai0="43,131,15,79,44,24,128,19,85,34,55,94,49" hai1="27,107,95,7,68,101,117,77,73,127,25,26,115" hai2="59,106,46,23,12,76,110,135,64,42,30,100,113" hai3="123,4,35,61,75,8,112,10,0,126,80,6,116"/><V54/><F113/><W47/><G123/><T89/><D34/><U108/><E115/><V31/><F135/><W121/><G112/><T60/><D24/><U5/><E117/><V11/><F76/><W72/><G126/><T22/><D79/><U129/><E107/><V97/><F64/><W38/><G121/><T70/><D70/><U58/><E68/><V103/><F23/><W32/><G116/><T65/><D65/><U120/><E120/><V99/><F110/><W2/><G61/><T74/><D74/><U57/><E127/><V20/><F20/><W52/><G52/><T39/><REACH who="0" step="1"/><D60/><REACH who="0" step="2"/><U16/><E73/><V91/><F31/><W1/><G1/><T111/><D111/><U62/><E77/><V83/><F30/><W33/><REACH who="3" step="1"/><G80/><REACH who="3" step="2"/><T40/><D40/><AGARI ba="0,2" hai="0,2,4,6,8,10,32,33,35,38,40,47,72,75" machi="40" ten="40,12000,2" yaku="1,1,2,1,9,1,33,3,53,0" doraHai="87" doraHaiUra="93" who="3" fromWho="0" sc="180,-120,230,0,330,0,240,140" /><INIT seed="3,0,0,4,0,93" ten="60,230,330,380" oya="3" hai0="111,50,30,57,2,0,1,132,83,135,53,52,32" hai1="131,125,118,54,69,134,100,38,120,80,17,63,121" hai2="70,97,87,45,102,47,85,99,82,106,55,59,77" hai3="15,84,43,16,92,44,108,48,6,129,13,124,68"/><W98/><G129/><T23/><D111/><U122/><E100/><V4/><F70/><W88/><G68/><T91/><D23/><U107/><E107/><V33/><F33/><W81/><G108/><T49/><D83/><U64/><E80/><V71/><F71/><W19/><G124/><T60/><D91/><U67/><E17/><N who="3" m="6730" /><G6/><T58/><D32/><U117/><E125/><V73/><F73/><W35/><G35/><T56/><D30/><U62/><E131/><V94/><F87/><W89/><AGARI ba="0,0" hai="13,15,43,44,48,81,84,88,89,92,98" m="6730" machi="89" ten="30,11700,0" yaku="8,1,52,1,54,2" doraHai="93" who="3" fromWho="3" sc="60,-39,230,-39,330,-39,380,117" /><INIT seed="3,1,0,4,3,48" ten="21,191,291,497" oya="3" hai0="102,35,88,72,78,47,11,75,135,105,12,60,131" hai1="10,86,1,25,53,30,9,27,83,123,29,71,92" hai2="121,95,117,22,0,97,67,114,69,65,84,55,93" hai3="74,16,7,134,96,70,100,61,21,59,128,15,36"/><W57/><G74/><T130/><D35/><U76/><E123/><V120/><F117/><W68/><G36/><T116/><D116/><U112/><E112/><V109/><F114/><W45/><G134/><T4/><D60/><U99/><E71/><V56/><F69/><W54/><G128/><N who="0" m="49195" /><D135/><U50/><E1/><V80/><F0/><W19/><G7/><T79/><D47/><U24/><E29/><V91/><F93/><W77/><G77/><N who="0" m="29195" /><D12/><U49/><E49/><V101/><F22/><W64/><G45/><T103/><D11/><U8/><E99/><V118/><F118/><W32/><G32/><T125/><D4/><U31/><REACH who="1" step="1"/><E92/><REACH who="1" step="2"/><V14/><F95/><W46/><G68/><T6/><D6/><U124/><E124/><V81/><F97/><W98/><G98/><N who="0" m="61655" /><D125/><U63/><E63/><V43/><F121/><W122/><G122/><T37/><D37/><U133/><E133/><V44/><F120/><W129/><G129/><T42/><D42/><U115/><E115/><V18/><F43/><W82/><G61/><T58/><D58/><AGARI ba="1,1" hai="8,9,10,24,25,27,30,31,50,53,58,76,83,86" machi="58" ten="40,5200,0" yaku="1,1,8,1,52,1,53,0" doraHai="48" doraHaiUra="34" who="1" fromWho="0" sc="21,-55,181,65,291,0,497,0" owari="-34,-53,246,-15,291,9,497,59" /></mjloggm>