<mjloggm ver="2.3"><GO type="41"/><UN n0="%E5%B1%B1%E5%AE%88%E7%BE%A9%E9%9B%84" n1="%E5%A4%A9%E7%BF%94%E9%BE%8D%E9%96%83" n2="%EF%BC%88%E2%89%A7%E2%96%BD%E2%89%A6%EF%BC%89" n3="%E3%81%93%E3%81%86%E3%81%A0" dan="13,13,15,13" rate="1905,1848,1998,2103" sx="M,F,M,M"/><TAIKYOKU oya="0"/><INIT seed="0,0,0,3,3,43" ten="250,250,250,250" oya="0" hai0="10,47,58,46,123,9,1,78,114,97,69,34,24" hai1="27,122,18,96,29,119,26,19,129,12,6,99,133" hai2="103,74,49,101,76,63,105,55,115,111,91,20,30" hai3="28,108,128,15,121,11,62,23,118,79,52,56,59"/><T57/><D69/><U117/><E122/><V95/><F115/><W41/><G118/><N who="1" m="45066" /><E99/><V112/><F112/><W81/><G121/><T104/><D123/><U35/><E96/><V134/><F105/><W83/><G108/><T84/><D104/><U100/><E100/><V64/><F111/><W54/><G128/><T38/><D97/><U16/><E129/><V77/><F74/><W0/><G0/><T22/><D34/><U82/><E82/><V3/><F3/><W31/><G41/><T102/><D102/><U65/><E65/><V125/><F103/><W70/><G70/><T71/><D71/><U2/><E2/><V73/><F101/><W132/><G23/><T21/><D38/><U107/><E107/><V85/><F73/><W98/><G98/><T60/><D1/><U39/><E39/><V8/><F77/><W14/><G14/><T40/><D40/><U66/><E66/><V7/><F76/><W86/><G81/><T131/><D78/><U130/><E130/><V68/><F91/><W13/><G13/><T32/><D131/><U5/><E133/><V48/><F134/><W126/><G132/><T120/><D120/><U37/><E37/><V75/><F64/><N who="3" m="38983" /><G79/><T106/><D106/><U109/><E109/><V25/><F68/><W51/><G83/><T93/><D114/><U53/><E53/><V92/><F55/><W89/><G54/><T90/><D90/><U33/><E12/><V116/><F116/><W17/><G89/><T110/><D110/><U127/><E127/><V87/><F125/><W80/><G126/><T4/><D84/><RYUUKYOKU ba="0,0" sc="250,-15,250,15,250,-15,250,15" hai1="5,6,16,18,19,26,27,29,33,35" hai3="11,15,17,28,31,51,52,59,80,86" /><INIT seed="1,1,0,2,5,68" ten="235,265,235,265" oya="1" hai0="61,28,39,20,120,23,18,97,43,12,11,121,53" hai1="57,5,34,36,22,131,133,56,126,62,45,76,85" hai2="8,108,102,78,89,26,92,13,50,118,79,105,129" hai3="42,119,52,123,38,94,66,33,46,73,1,116,93"/><U134/><E34/><V4/><F118/><N who="3" m="45099" /><G123/><N who="0" m="47179" /><D97/><U59/><E126/><V32/><F129/><W29/><G73/><T90/><D90/><U15/><E131/><V51/><F108/><W84/><G1/><T135/><D135/><N who="1" m="51723" /><E85/><V106/><F106/><W77/><G66/><T63/><D53/><U67/><E76/><V41/><F105/><W14/><G14/><T99/><D99/><U37/><E45/><N who="2" m="25903" /><F102/><W127/><G127/><T96/><D96/><U122/><E122/><V111/><F32/><W114/><G114/><T74/><D74/><U70/><E22/><N who="0" m="8233" /><D28/><U7/><E7/><V110/><F4/><W112/><G112/><T100/><D100/><U98/><E98/><V0/><F79/><W81/><G52/><T19/><D19/><U47/><E47/><AGARI ba="1,0" hai="11,12,18,39,43,47,61,63" m="8233,47179" machi="47" ten="30,2000,0" yaku="13,1,52,1" doraHai="68" who="0" fromWho="1" sc="235,23,265,-23,235,0,265,0" /><INIT seed="2,0,0,5,5,68" ten="258,242,235,265" oya="2" hai0="61,63,109,17,74,12,122,54,24,70,2,5,123" hai1="100,34,118,38,107,35,67,112,22,18,96,79,8" hai2="83,58,128,27,120,69,4,111,3,6,76,19,33" hai3="129,65,0,88,93,86,48,124,30,135,91,41,110"/><V89/><F120/><W114/><G0/><T13/><D74/><U75/><E118/><V95/><F69/><W45/><G110/><T82/><D2/><U16/><E112/><V26/><F128/><W115/><G129/><T80/><D109/><U20/><E8/><V37/><F111/><W44/><G124/><T11/><D24/><U1/><E1/><V49/><F33/><W53/><G135/><T39/><D39/><U81/><E35/><V78/><F37/><W62/><G30/><T106/><D106/><U47/><E67/><V23/><F27/><W117/><G91/><T9/><D54/><U77/><E77/><N who="2" m="29803" /><F83/><W105/><G105/><T126/><D70/><U64/><E64/><V32/><F32/><W134/><G134/><T102/><D102/><U85/><E75/><V50/><F3/><W87/><G87/><T51/><D126/><U101/><E101/><V113/><F113/><W108/><G108/><T40/><D17/><U133/><E133/><V72/><F72/><W28/><G28/><T125/><D125/><U73/><E73/><V127/><F127/><W43/><G117/><T92/><D5/><N who="2" m="2154" /><F58/><W14/><G115/><T56/><D56/><U15/><E34/><V104/><F104/><W84/><G114/><T7/><D7/><U99/><E96/><AGARI ba="0,0" hai="19,23,26,49,50,89,95,96" m="2154,29803" machi="96" ten="30,1500,0" yaku="8,1" doraHai="68" who="2" fromWho="1" sc="258,0,242,-15,235,15,265,0" /><INIT seed="2,1,0,2,4,17" ten="258,227,250,265" oya="2" hai0="130,44,66,37,131,80,134,54,102,43,31,57,73" hai1="20,105,18,124,116,59,135,86,115,42,89,16,79" hai2="129,104,32,39,127,126,74,33,71,67,3,22,92" hai3="103,94,0,24,99,36,51,125,8,40,23,62,21"/><V123/><RYUUKYOKU type="yao9" ba="1,0" sc="258,0,227,0,250,0,265,0" hai2="3,22,32,33,39,67,71,74,92,104,123,126,127,129" /><INIT seed="2,2,0,2,2,94" ten="258,227,250,265" oya="2" hai0="132,129,47,67,6,87,118,91,7,120,38,43,37" hai1="15,98,65,16,62,51,58,9,78,82,30,76,96" hai2="42,69,77,59,79,130,86,108,14,102,3,35,55" hai3="73,29,134,27,119,49,126,40,116,122,89,24,68"/><V88/><F3/><W23/><G122/><T12/><D120/><U11/><E30/><V106/><F35/><W33/><G68/><T66/><D118/><U127/><E127/><V75/><F69/><W103/><G103/><T25/><D129/><U114/><E114/><V93/><F130/><W125/><G134/><T46/><D132/><U99/><E82/><V111/><F42/><W101/><G101/><T124/><D124/><N who="3" m="47721" /><G73/><T109/><D25/><U115/><E115/><V45/><F45/><N who="3" m="25767" /><G89/><T44/><D109/><N who="2" m="42058" /><F75/><W123/><G123/><T41/><D44/><U97/><N who="1" m="24576" /><DORA hai="52" /><U34/><E34/><V18/><F102/><W19/><AGARI ba="2,0" hai="19,23,24,27,29,33,116,119" m="25767,47721" machi="19" ten="30,1100,0" yaku="18,1" doraHai="94,52" who="3" fromWho="3" sc="258,-5,227,-5,250,-7,265,17" /><INIT seed="3,0,0,0,0,60" ten="253,222,243,282" oya="3" hai0="36,135,112,93,28,39,21,41,43,7,22,9,48" hai1="78,96,115,72,98,57,133,17,45,91,95,66,108" hai2="0,128,62,90,126,63,24,75,46,101,107,12,25" hai3="4,132,99,88,119,68,77,70,106,58,20,121,109"/><W40/><G119/><T13/><D112/><U122/><E122/><V44/><F0/><W3/><G121/><T129/><D129/><U35/><E35/><V64/><F75/><W73/><G40/><T79/><D43/><U71/><E115/><V38/><F128/><W86/><G132/><T124/><D135/><U85/><E133/><V92/><F126/><W84/><G73/><T89/><D79/><U23/><E108/><V76/><F76/><W29/><G106/><T32/><D32/><U114/><E114/><V74/><F74/><W116/><G116/><T18/><D48/><U134/><E134/><V83/><F38/><W110/><G58/><T14/><D41/><U94/><E45/><V65/><F107/><W49/><G49/><T67/><D124/><U87/><E71/><V125/><F125/><W130/><G130/><T31/><D39/><U26/><E72/><V81/><F101/><W15/><G3/><T82/><D82/><N who="2" m="31242" /><F12/><W51/><G77/><T30/><D36/><U8/><E8/><V6/><F6/><W54/><G70/><T97/><D22/><U104/><E104/><V118/><F118/><W53/><G68/><T61/><D30/><U5/><E5/><V33/><F33/><W59/><G4/><T34/><D34/><U47/><E78/><V103/><F63/><W113/><G113/><T42/><D42/><U19/><E91/><V117/><F90/><W56/><G109/><T100/><D89/><U102/><E47/><N who="2" m="17963" /><F117/><W80/><G110/><T52/><D100/><N who="1" m="60439" /><E17/><V10/><F103/><W2/><G88/><T55/><D31/><RYUUKYOKU ba="0,0" sc="253,-10,222,30,243,-10,282,-10" hai1="19,23,26,57,66,85,87,95,98,102" /><INIT seed="4,1,0,4,0,58" ten="243,252,233,272" oya="0" hai0="49,27,133,134,6,30,13,126,102,40,103,127,57" hai1="48,108,130,0,81,74,42,86,100,116,119,93,37" hai2="109,123,78,132,114,44,131,76,43,99,128,62,125" hai3="21,88,66,129,98,84,32,41,82,121,77,24,23"/><T9/><D40/><U83/><E37/><N who="2" m="21615" /><F123/><W52/><G121/><T79/><D79/><U7/><E108/><V104/><F109/><W91/><G32/><N who="0" m="20575" /><D49/><U54/><E42/><V65/><F114/><W45/><G129/><N who="2" m="49737" /><F125/><N who="0" m="47626" /><D57/><U120/><E120/><V50/><F132/><AGARI ba="1,0" hai="6,9,13,102,103,132,133,134" m="47626,20575" machi="132" ten="30,2900,0" yaku="20,1,18,1" doraHai="58" who="0" fromWho="2" sc="243,32,252,0,233,-32,272,0" /><INIT seed="4,2,0,5,5,2" ten="275,252,201,272" oya="0" hai0="31,101,133,55,130,64,132,111,67,56,16,108,9" hai1="62,28,68,57,70,107,78,6,116,65,34,42,3" hai2="84,22,98,46,29,104,60,94,72,36,50,92,102" hai3="61,123,106,90,45,32,7,71,17,14,127,134,97"/><T0/><D101/><U26/><E107/><V27/><F72/><W105/><G32/><T88/><D31/><U83/><E116/><V124/><F124/><W75/><G75/><T114/><D130/><U89/><E42/><V96/><F36/><W80/><G127/><T73/><D73/><U21/><E89/><V23/><F84/><W53/><G134/><N who="0" m="51819" /><D88/><U126/><E126/><V115/><F115/><W66/><G123/><T24/><D114/><U110/><E110/><N who="0" m="42025" /><D24/><U30/><E30/><V77/><F77/><W35/><G35/><T79/><D79/><U20/><E34/><V40/><F98/><W118/><G118/><T120/><D120/><U93/><E93/><V51/><F94/><W44/><G97/><T95/><D95/><U63/><E83/><V19/><F104/><W91/><G91/><T117/><D117/><U5/><E78/><V38/><REACH who="2" step="1"/><F60/><REACH who="2" ten="275,252,191,272" step="2"/><W129/><G61/><N who="0" m="35999" /><D16/><U74/><E74/><V121/><F121/><W49/><G106/><T52/><D67/><U135/><E65/><V12/><AGARI ba="2,1" hai="12,19,22,23,27,29,38,40,46,50,51,92,96,102" machi="12" ten="20,2700,0" yaku="1,1,0,1,7,1,53,0" doraHai="2" doraHaiUra="112" who="2" fromWho="2" sc="275,-15,252,-9,191,43,272,-9" /><INIT seed="5,0,0,5,3,65" ten="260,243,234,263" oya="1" hai0="113,72,13,42,106,59,121,17,60,2,98,39,111" hai1="35,104,114,31,48,62,71,120,88,81,93,123,56" hai2="74,124,54,19,7,80,23,134,131,55,15,95,47" hai3="20,86,18,122,9,16,30,94,77,5,32,14,4"/><U96/><E114/><V116/><F116/><W26/><G77/><T126/><D42/><U61/><E35/><V66/><F134/><W53/><G86/><T127/><D2/><U45/><E31/><V89/><F124/><N who="0" m="47658" /><D39/><U73/><E62/><V67/><F131/><W82/><G82/><T90/><D72/><U102/><E71/><V76/><F7/><N who="3" m="2635" /><G53/><N who="0" m="33903" /><D111/><U101/><E102/><V29/><F29/><W97/><G122/><T22/><D113/><U6/><E6/><V83/><F83/><W44/><G44/><T132/><D132/><U107/><E123/><V130/><F130/><W0/><G0/><T103/><D90/><U112/><E112/><V34/><F34/><W57/><G32/><T52/><D52/><U92/><E120/><AGARI ba="0,0" hai="13,17,22,98,103,106,120,121" m="33903,47658" machi="120" ten="30,1000,0" yaku="18,1" doraHai="65" who="0" fromWho="1" sc="260,10,243,-10,234,0,263,0" /><INIT seed="6,0,0,2,5,10" ten="270,233,234,263" oya="2" hai0="79,56,22,35,133,115,129,6,1,33,57,71,27" hai1="88,92,108,95,52,51,120,103,127,113,126,14,26" hai2="40,111,32,109,134,49,131,99,42,118,64,36,12" hai3="110,54,69,55,20,125,106,9,38,112,62,90,0"/><V15/><F118/><W21/><G110/><N who="2" m="41993" /><F134/><W80/><G106/><T91/><D71/><U13/><E113/><V78/><F131/><W46/><G38/><T65/><D129/><U3/><E108/><V2/><F2/><W76/><G125/><N who="1" m="47626" /><E120/><V53/><F32/><W29/><G0/><T87/><D79/><U23/><E3/><V70/><F78/><W124/><G76/><T84/><D6/><U30/><E103/><V47/><F99/><W102/><G112/><T107/><D107/><U121/><E121/><V83/><F83/><W34/><G34/><T24/><D133/><U63/><E63/><N who="2" m="40223" /><F42/><W73/><G73/><T19/><D1/><U77/><E77/><V60/><F60/><W130/><G130/><T135/><D115/><U45/><E95/><V68/><F68/><W96/><G62/><T43/><D35/><U119/><E119/><V100/><F100/><W116/><G69/><T89/><D33/><U4/><E4/><V67/><F67/><W114/><G102/><T122/><D122/><U105/><E105/><V44/><AGARI ba="0,0" hai="12,15,36,40,44,47,49,53" m="40223,41993" machi="44" ten="30,6000,0" yaku="10,1,52,2" doraHai="10" who="2" fromWho="2" sc="270,-20,233,-20,234,60,263,-20" /><INIT seed="6,1,0,4,0,10" ten="250,213,294,243" oya="2" hai0="43,71,83,96,103,107,61,82,122,60,52,130,116" hai1="58,29,88,3,6,117,9,46,64,123,109,77,69" hai2="111,23,100,85,18,62,34,97,32,99,42,51,125" hai3="30,81,128,90,47,5,91,104,15,45,102,95,93"/><V101/><F125/><W124/><G124/><T12/><D122/><U19/><E109/><V74/><F74/><W55/><G128/><T84/><D130/><U135/><E117/><V35/><F111/><W44/><G104/><T119/><D43/><U73/><E135/><V40/><F85/><N who="3" m="50479" /><G102/><T28/><D28/><U110/><E110/><V133/><F133/><W134/><G30/><T31/><D31/><U54/><E123/><V24/><F62/><W92/><G134/><T108/><D108/><U48/><E29/><V79/><F79/><W114/><G114/><T67/><D84/><U36/><E36/><V53/><F100/><W25/><G25/><T132/><D132/><U106/><E106/><V41/><REACH who="2" step="1"/><F101/><REACH who="2" ten="250,213,284,243" step="2"/><W7/><G91/><T129/><D119/><U126/><E126/><V86/><F86/><W68/><G68/><T26/><D116/><U57/><E69/><V113/><F113/><W75/><G75/><T16/><D129/><U127/><E127/><V56/><AGARI ba="1,1" hai="18,23,24,32,34,35,40,41,42,51,53,56,97,99" machi="56" ten="40,3900,0" yaku="1,1,0,1,53,0" doraHai="10" doraHaiUra="115" who="2" fromWho="2" sc="250,-14,213,-14,284,52,243,-14" /><INIT seed="6,2,0,4,5,42" ten="236,199,336,229" oya="2" hai0="54,12,96,109,40,72,90,84,25,44,60,43,36" hai1="55,29,53,49,94,1,62,5,85,119,51,125,124" hai2="6,16,103,30,9,134,19,31,67,38,4,57,73" hai3="113,76,95,23,111,126,130,0,87,70,106,101,21"/><V52/><F73/><W110/><G70/><T37/><D72/><U116/><E62/><N who="2" m="36135" /><F38/><W15/><G0/><T102/><D109/><U2/><E29/><N who="2" m="10763" /><F134/><W133/><G133/><T92/><D25/><U79/><E5/><N who="2" m="2155" /><F103/><W86/><G106/><T93/><D12/><U75/><E75/><V118/><F118/><W89/><G101/><T61/><D54/><U107/><E107/><V14/><F67/><W131/><G110/><T69/><D69/><U128/><E1/><V91/><F91/><W81/><G111/><T123/><D123/><U120/><E2/><V112/><F112/><W3/><G3/><T97/><D84/><U20/><E120/><V33/><F33/><W50/><G113/><T56/><D56/><U132/><E85/><V7/><AGARI ba="2,0" hai="7,9,14,16,19" m="2155,10763,36135" machi="7" ten="30,6000,0" yaku="8,1,54,2" doraHai="42" who="2" fromWho="2" sc="236,-22,199,-22,336,66,229,-22" /><INIT seed="6,3,0,2,3,69" ten="214,177,402,207" oya="2" hai0="124,16,39,87,15,129,127,33,10,18,62,70,92" hai1="89,52,101,111,90,86,42,23,28,100,97,56,81" hai2="60,134,78,95,63,3,26,14,132,85,0,55,123" hai3="20,120,8,44,102,35,57,53,119,36,43,34,82"/><V38/><F38/><W31/><G119/><T113/><D33/><U73/><E42/><V115/><F123/><W30/><G120/><T117/><D117/><U54/><E73/><V84/><F115/><W126/><G126/><N who="0" m="48171" /><D113/><U105/><E111/><V125/><F125/><W7/><G102/><T11/><D129/><U114/><E101/><V12/><F26/><W112/><G112/><T17/><D39/><U59/><E114/><V49/><F78/><W2/><G82/><T22/><D22/><U6/><E6/><V41/><F95/><W122/><G122/><T130/><D130/><U103/><E100/><V67/><F41/><W94/><G94/><T135/><D135/><U40/><E40/><V107/><F107/><W133/><G133/><T71/><D62/><U65/><E65/><V61/><F63/><W108/><G108/><T77/><D77/><U64/><E64/><V27/><F67/><W51/><REACH who="3" step="1"/><G20/><REACH who="3" ten="214,177,402,197" step="2"/><T13/><D92/><U9/><E23/><V98/><F132/><W99/><G99/><T79/><D71/><U131/><E131/><V4/><F134/><W80/><G80/><N who="0" m="47519" /><D70/><U74/><E105/><V106/><F106/><W93/><G93/><T75/><D75/><U50/><E103/><V21/><F98/><W88/><G88/><T116/><D116/><U37/><E97/><V128/><F21/><W45/><G45/><T118/><D118/><U25/><E90/><V66/><F128/><W58/><G58/><T76/><D76/><U72/><E9/><AGARI ba="3,1" hai="9,10,11,13,15,16,17,18" m="47519,48171" machi="9" ten="30,2000,0" yaku="18,1,54,1" doraHai="69" who="0" fromWho="1" sc="214,39,177,-29,402,0,197,0" /><INIT seed="7,0,0,2,3,117" ten="253,148,402,197" oya="3" hai0="88,36,96,119,4,115,52,101,54,104,53,5,45" hai1="69,92,47,27,49,28,8,11,62,7,131,123,111" hai2="74,63,0,61,6,105,40,93,13,55,79,116,106" hai3="51,126,110,35,125,3,100,113,19,24,80,23,30"/><W82/><G3/><T42/><D119/><U34/><E111/><V98/><F116/><W25/><G113/><T83/><D115/><U132/><E131/><V94/><F0/><W14/><G110/><T75/><REACH who="0" step="1"/><D88/><REACH who="0" ten="243,148,402,197" step="2"/><U12/><E132/><V15/><F79/><AGARI ba="0,1" hai="4,5,36,42,45,52,53,54,75,79,83,96,101,104" machi="79" ten="40,8000,1" yaku="1,1,2,1,54,1,53,1" doraHai="117" doraHaiUra="38" who="0" fromWho="2" sc="243,90,148,0,402,-80,197,0" owari="333,43.0,148,-35.0,322,12.0,197,-20.0" /></mjloggm>