<mjloggm ver="2.3"><GO type="41"/><UN n0="%E3%82%A6%E3%83%AB%E3%83%88%E3%83%A9%E7%AB%8B%E7%9B%B4" n1="%E7%AA%93%E8%BE%BA%E3%83%9E%E3%83%BC%E3%82%AC%E3%83%AC%E3%83%83%E3%83%88" n2="%E2%86%91%E7%86%9F%E5%A5%B3%E5%A5%BD%E3%81%8D" n3="%E3%83%AD%E3%83%BC%E3%82%B9%E3%83%88%E3%83%81%E3%82%AD%E3%83%B3" dan="15,13,13,13" rate="2017,1922,1858,1881" sx="M,M,M,M"/><TAIKYOKU oya="0"/><INIT seed="0,0,0,0,2,84" ten="250,250,250,250" oya="0" hai0="12,83,109,130,112,97,2,69,27,90,26,72,28" hai1="1,64,126,124,10,134,19,129,122,11,107,33,22" hai2="66,106,9,135,77,87,18,41,23,46,21,49,50" hai3="121,30,51,32,54,48,102,132,119,14,62,4,74"/><T3/><D69/><U34/><E107/><V24/><F106/><W118/><G74/><T39/><D39/><U63/><E122/><V44/><F135/><W31/><G121/><T0/><D112/><U37/><E37/><V16/><F66/><W111/><G32/><N who="1" m="12394" /><E63/><V96/><F96/><W55/><G62/><T82/><D28/><U68/><E68/><V71/><F71/><W59/><G132/><T125/><D72/><U116/><E134/><V70/><F70/><W17/><G102/><T38/><D38/><U56/><E56/><V131/><F131/><W43/><G43/><T8/><D130/><U15/><E64/><V113/><F113/><W53/><G4/><T78/><D78/><U75/><E75/><V104/><F104/><W99/><G99/><T92/><D125/><N who="1" m="48235" /><E129/><V29/><F9/><N who="1" m="3081" /><E116/><V79/><F29/><W36/><G36/><T110/><D83/><U42/><E42/><N who="2" m="24727" /><F87/><W117/><G54/><T105/><D82/><U103/><E103/><V65/><F65/><W98/><G98/><T5/><REACH who="0" step="1"/><D105/><REACH who="0" ten="240,250,250,250" step="2"/><U58/><E58/><V73/><F73/><W133/><G59/><T25/><AGARI ba="0,1" hai="0,2,3,5,8,12,25,26,27,90,92,97,109,110" machi="25" ten="40,12000,1" yaku="1,1,2,1,0,1,52,1,53,1" doraHai="84" doraHaiUra="94" who="0" fromWho="0" sc="240,130,250,-40,250,-40,250,-40" /><INIT seed="0,1,0,3,1,61" ten="370,210,210,210" oya="0" hai0="39,60,3,64,5,17,19,43,80,31,20,35,95" hai1="32,118,46,113,68,24,128,125,126,33,89,14,0" hai2="108,133,34,116,66,9,98,83,51,47,62,30,56" hai3="26,29,117,50,129,96,127,123,112,27,40,105,77"/><T15/><D43/><U11/><E0/><V84/><F108/><W92/><G105/><T85/><D39/><U21/><E118/><V36/><F133/><W54/><G112/><T18/><D95/><U7/><E113/><V107/><F116/><W114/><G40/><T91/><D35/><N who="1" m="13387" /><E68/><V48/><F107/><W41/><G41/><T135/><D135/><U76/><E76/><V132/><F132/><W63/><G117/><T120/><D120/><U44/><E89/><V6/><F36/><W70/><G123/><T52/><D31/><N who="1" m="17807" /><E44/><V94/><F30/><W42/><G42/><T4/><D52/><U10/><E46/><V97/><F34/><W134/><G77/><T130/><D130/><U28/><E128/><V69/><F69/><W111/><G134/><T115/><D115/><U73/><E73/><V25/><F25/><W74/><G26/><T122/><D122/><U53/><E53/><V75/><F75/><W110/><G74/><T72/><D72/><U12/><E28/><V119/><F119/><W93/><G114/><T55/><D55/><U86/><E86/><V82/><F47/><W78/><G78/><T103/><D103/><U57/><E57/><V45/><F45/><W121/><G129/><T58/><D3/><U38/><E38/><V81/><F84/><W99/><G121/><T88/><D91/><U8/><E7/><AGARI ba="1,0" hai="4,5,7,15,17,18,19,20,58,60,64,80,85,88" machi="7" ten="40,7700,0" yaku="8,1,52,1,54,1" doraHai="61" who="0" fromWho="1" sc="370,80,210,-80,210,0,210,0" /><INIT seed="0,2,0,3,1,126" ten="450,130,210,210" oya="0" hai0="34,90,24,118,67,40,42,0,68,44,30,135,58" hai1="119,55,71,100,2,7,79,103,130,54,29,75,20" hai2="72,25,131,39,88,17,115,28,80,23,49,125,66" hai3="41,82,64,51,121,117,123,50,87,53,128,33,106"/><T102/><D118/><U91/><E119/><V16/><F115/><W112/><G117/><T59/><D0/><U120/><E120/><V18/><F39/><W31/><G106/><T92/><D135/><U132/><E132/><V48/><F125/><W10/><G64/><T78/><D78/><U134/><E134/><V89/><F66/><W93/><G112/><T95/><D68/><U9/><E71/><V36/><F36/><W47/><G93/><T15/><D15/><U57/><E55/><V63/><F63/><W105/><G105/><T108/><D108/><U43/><E43/><V74/><F131/><W21/><G33/><T3/><D3/><U38/><E38/><V1/><F1/><W84/><G128/><T86/><D44/><U69/><E69/><V73/><REACH who="2" step="1"/><F80/><REACH who="2" ten="450,130,200,210" step="2"/><W129/><G82/><T97/><D67/><U107/><E130/><V76/><F76/><W104/><G129/><T124/><D124/><U6/><E79/><V114/><F114/><W45/><G121/><T83/><D83/><U110/><E2/><V70/><F70/><W46/><G123/><T77/><D77/><U11/><E110/><V5/><F5/><W56/><G41/><T26/><D42/><U133/><E7/><V35/><F35/><W60/><G50/><AGARI ba="2,1" hai="16,17,18,23,25,28,48,49,50,72,73,74,88,89" machi="50" ten="50,6400,0" yaku="1,1,54,2,53,0" doraHai="126" doraHaiUra="32" who="2" fromWho="3" sc="450,0,130,0,200,80,210,-70" /><INIT seed="1,0,0,1,5,82" ten="450,130,280,140" oya="1" hai0="45,123,11,0,126,60,56,55,6,110,59,5,40" hai1="65,97,63,93,96,38,12,47,44,114,89,51,130" hai2="116,135,33,23,125,122,73,72,87,134,115,127,25" hai3="113,92,132,39,111,52,120,71,42,101,133,67,15"/><U34/><E34/><V105/><F122/><W64/><G120/><T30/><D126/><N who="2" m="48138" /><F33/><W57/><G101/><T50/><D123/><U22/><E114/><V1/><F1/><W118/><G113/><T37/><D110/><U88/><E130/><V85/><F115/><W103/><G111/><T104/><D104/><U83/><E38/><V131/><F116/><W78/><G78/><T99/><D99/><N who="1" m="57767" /><E63/><V121/><F121/><W48/><G118/><T74/><D74/><N who="2" m="28778" /><F105/><W62/><G15/><T94/><D60/><U107/><E107/><V84/><F131/><W90/><G103/><T20/><D6/><U61/><E61/><V81/><F81/><W21/><G21/><T106/><D106/><U13/><E65/><V102/><F102/><W129/><G67/><T18/><D94/><N who="1" m="56399" /><E83/><V29/><AGARI ba="0,0" hai="23,25,29,84,85,87,134,135" m="28778,48138" machi="29" ten="40,8000,1" yaku="18,1,52,3" doraHai="82" who="2" fromWho="2" sc="450,-20,130,-40,280,80,140,-20" /><INIT seed="2,0,0,0,4,73" ten="430,90,360,120" oya="2" hai0="65,102,81,96,94,97,72,129,43,11,29,3,23" hai1="56,74,135,15,110,61,39,71,84,106,0,9,19" hai2="16,21,114,55,36,28,112,63,37,70,118,25,51" hai3="8,48,121,46,33,85,108,95,12,59,88,131,79"/><V116/><F118/><W35/><G121/><T64/><D129/><U60/><E74/><V115/><F116/><W117/><G131/><T13/><D3/><U5/><E110/><V58/><F70/><W99/><G108/><T134/><D134/><U78/><E135/><V92/><F92/><W98/><G59/><T105/><D43/><U90/><E71/><V38/><REACH who="2" step="1"/><F63/><REACH who="2" ten="430,90,350,120" step="2"/><W32/><G117/><T40/><D94/><U49/><E61/><V77/><F77/><W82/><G35/><T91/><D105/><U125/><E106/><V50/><F50/><W47/><G32/><T113/><D113/><U104/><E104/><V17/><AGARI ba="0,1" hai="16,17,21,25,28,36,37,38,51,55,58,112,114,115" machi="17" ten="40,12000,1" yaku="1,1,0,1,54,1,53,1" doraHai="73" doraHaiUra="44" who="2" fromWho="2" sc="430,-40,90,-40,350,130,120,-40" /><INIT seed="2,1,0,0,3,127" ten="390,50,480,80" oya="2" hai0="88,85,63,108,1,14,23,118,65,50,104,84,93" hai1="102,94,21,49,77,112,16,59,90,13,8,96,101" hai2="34,72,71,26,60,5,75,111,100,55,107,83,35" hai3="48,132,20,135,30,27,52,15,121,29,92,120,76"/><V89/><F5/><W36/><G30/><T74/><D104/><U69/><E69/><V12/><F35/><W114/><G36/><T17/><D1/><U25/><E112/><V44/><F12/><W40/><G40/><T80/><D118/><U70/><E70/><V2/><F2/><W42/><G42/><T0/><D0/><U45/><E59/><V53/><F53/><W19/><G114/><T131/><D74/><U79/><E79/><V66/><F111/><W73/><G76/><T54/><D108/><U105/><E77/><V106/><F106/><W10/><G73/><T43/><D43/><U67/><E67/><V24/><F24/><W41/><G41/><T86/><D131/><U4/><REACH who="1" step="1"/><E105/><REACH who="1" ten="390,40,480,80" step="2"/><V98/><F107/><W6/><G120/><T81/><D65/><U18/><E18/><V62/><F66/><W46/><G121/><T91/><D63/><U11/><E11/><V97/><F62/><W58/><G58/><T31/><D31/><U37/><E37/><V122/><F122/><W32/><REACH who="3" step="1"/><G92/><REACH who="3" ten="390,40,480,70" step="2"/><T64/><D64/><U113/><E113/><V116/><F75/><W3/><AGARI ba="1,2" hai="3,6,10,15,19,20,27,29,32,46,48,52,132,135" machi="3" ten="30,12000,2" yaku="1,1,2,1,0,1,24,2,54,1,53,0" doraHai="127" doraHaiUra="87" who="3" fromWho="3" sc="390,-31,40,-31,480,-61,70,143" /><INIT seed="3,0,0,1,3,114" ten="359,9,419,213" oya="3" hai0="5,104,66,92,96,91,78,1,115,38,133,4,130" hai1="26,135,50,8,23,103,61,69,19,116,68,6,18" hai2="123,84,113,121,46,28,75,120,125,73,42,49,10" hai3="34,124,101,13,65,12,67,22,76,112,62,94,15"/><W58/><G34/><T118/><D130/><U2/><E135/><V37/><F113/><W43/><G112/><T70/><D133/><U29/><E103/><V0/><F125/><W129/><G124/><T54/><D115/><U79/><E79/><V99/><F28/><W35/><G35/><T20/><D38/><U31/><E50/><V9/><F0/><W53/><G43/><T48/><D118/><U59/><E69/><V52/><F99/><N who="3" m="59639" /><G76/><T71/><D104/><U89/><E89/><V82/><F75/><W21/><G129/><T55/><D70/><U117/><E68/><V105/><F105/><W40/><G40/><T72/><D66/><AGARI ba="0,0" hai="12,13,15,21,22,53,58,62,65,66,67" m="59639" machi="66" ten="30,1500,0" yaku="8,1" doraHai="114" who="3" fromWho="0" sc="359,-15,9,0,419,0,213,15" /><INIT seed="3,1,0,2,0,1" ten="344,9,419,228" oya="3" hai0="95,89,58,79,18,7,26,97,72,13,16,100,38" hai1="124,67,66,111,14,0,119,114,92,55,47,78,12" hai2="128,49,107,122,19,87,113,23,63,30,127,20,25" hai3="46,73,6,108,94,115,120,125,51,29,17,33,86"/><W56/><G73/><T48/><D38/><U62/><E114/><V135/><F107/><W57/><G115/><T129/><D129/><U21/><E0/><V83/><F113/><W65/><G120/><T10/><D72/><U40/><E111/><V131/><F122/><W103/><G29/><T32/><D79/><U121/><E121/><V75/><F75/><W110/><G33/><T54/><D32/><U96/><E124/><V126/><F63/><N who="3" m="38119" /><G125/><N who="2" m="47625" /><F135/><W70/><G70/><T134/><D134/><U37/><E119/><V130/><F49/><W9/><G17/><T42/><D42/><U82/><E66/><V44/><F44/><W81/><G57/><T104/><REACH who="0" step="1"/><D26/><REACH who="0" ten="334,9,419,228" step="2"/><U117/><E117/><V41/><F41/><N who="3" m="25039" /><G110/><T34/><D34/><U68/><E21/><V76/><F23/><W39/><G39/><T84/><AGARI ba="1,1" hai="7,10,13,16,18,48,54,58,84,89,95,97,100,104" machi="84" ten="20,12000,2" yaku="1,1,0,1,7,1,52,1,54,1,53,1" doraHai="1" doraHaiUra="3" who="0" fromWho="0" sc="334,133,9,-31,419,-31,228,-61" owari="467,56.0,-22,-52.0,388,19.0,167,-23.0" /></mjloggm>