<mjloggm ver="2.3"><GO type="97"/><UN n0="%6B%61%7A%6D%69%74%63%68" n1="%E3%82%A6%E3%83%AB%E3%83%88%E3%83%A9%E7%AB%8B%E7%9B%B4" n2="%E4%BD%9C%E6%B2%BB" n3="%43%61%6C%6B%61%6E" dan="14,15,13,14" rate="1912,1971,1808,1838" sx="M,M,M,M"/><TAIKYOKU oya="0"/><INIT seed="0,0,0,2,4,35" ten="250,250,250,250" oya="0" hai0="59,43,87,45,107,39,113,27,44,13,104,122,23" hai1="1,132,100,106,12,10,29,91,51,85,120,42,34" hai2="30,33,53,108,46,129,4,88,18,96,56,15,93" hai3="32,0,74,112,25,54,71,131,2,49,48,50,117"/><T55/><D122/><U63/><E120/><V3/><F129/><W111/><G117/><T64/><D64/><U8/><E132/><V83/><F108/><W52/><G112/><T127/><D127/><U101/><E63/><V7/><F46/><W37/><G74/><T61/><D113/><U109/><E109/><V98/><F83/><W114/><G111/><T75/><D75/><U62/><E62/><V5/><F33/><W97/><G114/><T11/><D45/><U92/><E34/><V65/><F65/><W67/><G37/><T20/><D20/><U78/><E78/><V19/><F30/><W47/><G131/><T99/><D87/><U41/><E29/><V115/><F115/><W133/><G71/><T81/><D81/><U80/><E106/><V105/><F105/><W102/><G67/><T31/><REACH who="0" step="1"/><D99/><REACH who="0" ten="240,250,250,250" step="2"/><U119/><E80/><V134/><F98/><W125/><G125/><T124/><D124/><U58/><E119/><V36/><F3/><W9/><G0/><T110/><D110/><U28/><E1/><V76/><F76/><W121/><G121/><T82/><D82/><U68/><E68/><V128/><F128/><W84/><G84/><T118/><D118/><U123/><E123/><V103/><F96/><W16/><G47/><T89/><D89/><U38/><E38/><V57/><F103/><W79/><G79/><T21/><D21/><U116/><E116/><V95/><F36/><W126/><G126/><T73/><D73/><U135/><E100/><V69/><F88/><W77/><G77/><T14/><D14/><U22/><E101/><RYUUKYOKU ba="0,1" sc="240,30,250,-10,250,-10,250,-10" hai0="11,13,23,27,31,39,43,44,55,59,61,104,107" /><INIT seed="0,1,1,0,2,115" ten="270,240,240,240" oya="0" hai0="101,34,78,118,133,22,77,122,1,47,12,119,126" hai1="35,32,116,45,42,16,125,23,57,5,25,10,0" hai2="106,135,104,50,67,90,134,41,127,80,66,21,123" hai3="83,63,70,88,89,97,131,110,20,61,36,98,60"/><T74/><D122/><U108/><E57/><V30/><F123/><W105/><G36/><T15/><D1/><U124/><E108/><V26/><F127/><N who="1" m="48713" /><E116/><V93/><F80/><W44/><G110/><T14/><D34/><U91/><E91/><N who="3" m="34890" /><G105/><T11/><D126/><U8/><E8/><V58/><F106/><W38/><G70/><T3/><D101/><U85/><E85/><V68/><F68/><W56/><G83/><T13/><D3/><U87/><E87/><N who="2" m="52447" /><F104/><W75/><G75/><T94/><D94/><U6/><E6/><V29/><F29/><W28/><G38/><AGARI ba="1,1" hai="0,5,10,16,23,25,32,35,38,42,45" m="48713" machi="38" ten="30,2000,0" yaku="18,1,54,1" doraHai="115" who="1" fromWho="3" sc="270,0,240,33,240,0,240,-23" /><INIT seed="1,0,0,2,5,92" ten="270,273,240,217" oya="1" hai0="60,78,119,22,9,66,110,3,1,62,63,16,114" hai1="13,105,64,99,118,101,129,56,54,58,82,28,120" hai2="88,18,51,71,70,55,91,98,15,130,79,122,61" hai3="53,121,135,103,86,2,107,19,87,134,7,96,128"/><U50/><E120/><V113/><F122/><W69/><G69/><T108/><D119/><U77/><E118/><V46/><F79/><W76/><G128/><T10/><D114/><U109/><E129/><V47/><F130/><W14/><G76/><T100/><D78/><U25/><E13/><V12/><F113/><W34/><G34/><T44/><D44/><U17/><E17/><V23/><F15/><W132/><G121/><T6/><D100/><U52/><E64/><V57/><F47/><W112/><G112/><T126/><D66/><U59/><E54/><V125/><F125/><W39/><G39/><T84/><D84/><U49/><E49/><V8/><F8/><N who="3" m="2167" /><G53/><T0/><D126/><U83/><E109/><N who="0" m="42089" /><D6/><U106/><E106/><V72/><F72/><W131/><G131/><T116/><D116/><U20/><E82/><V40/><F98/><W127/><G127/><T133/><D133/><U68/><REACH who="1" step="1"/><E68/><REACH who="1" ten="270,263,240,217" step="2"/><V95/><F71/><W124/><G124/><T123/><D123/><U94/><E94/><V36/><F95/><W81/><G81/><T85/><D85/><AGARI ba="0,1" hai="20,25,28,50,52,56,58,59,77,83,85,99,101,105" machi="85" ten="30,11600,0" yaku="1,1,7,1,52,1,54,1,53,0" doraHai="92" doraHaiUra="30" who="1" fromWho="0" sc="270,-116,263,126,240,0,217,0" /><INIT seed="1,1,0,4,2,10" ten="154,389,240,217" oya="1" hai0="39,107,12,31,43,37,63,19,92,102,6,65,54" hai1="114,135,91,116,0,33,131,7,78,111,97,41,103" hai2="119,2,79,30,56,108,15,22,18,55,110,24,25" hai3="35,80,27,5,53,96,13,16,17,73,71,3,125"/><U94/><E116/><V109/><F79/><W23/><G71/><T75/><D75/><U132/><E33/><V85/><F2/><W99/><G125/><T40/><D107/><U104/><E41/><V64/><F64/><W69/><G69/><T61/><D31/><U36/><E36/><V58/><F119/><W50/><G3/><T67/><D92/><U26/><E26/><V123/><F123/><W38/><G5/><T98/><D98/><U130/><E7/><V118/><F118/><W117/><G38/><N who="0" m="14347" /><D102/><U84/><E0/><V60/><F58/><W134/><G117/><T86/><D86/><U8/><E8/><V88/><REACH who="2" step="1"/><F30/><REACH who="2" ten="154,389,230,217" step="2"/><W49/><G73/><T68/><D6/><U90/><E78/><V1/><F1/><W128/><G134/><T59/><D19/><U95/><E132/><V48/><F48/><W20/><G49/><N who="0" m="31183" /><D12/><U74/><E135/><V9/><F9/><W45/><G17/><T47/><D47/><U112/><E74/><V82/><AGARI ba="1,1" hai="15,18,22,24,25,55,56,60,82,85,88,108,109,110" machi="82" ten="30,16000,3" yaku="1,1,0,1,14,1,52,1,54,1,53,3" doraHai="10" doraHaiUra="122" who="2" fromWho="2" sc="154,-41,389,-81,230,173,217,-41" /><INIT seed="2,0,0,0,1,36" ten="113,308,403,176" oya="2" hai0="33,82,90,127,19,32,0,130,5,99,101,92,116" hai1="118,119,11,39,40,73,72,41,89,91,4,35,52" hai2="55,121,56,67,65,2,13,112,53,93,62,54,28" hai3="26,31,71,98,117,57,106,113,23,3,18,24,125"/><V114/><F121/><W51/><G71/><T42/><D116/><U27/><E39/><V84/><F2/><W17/><G117/><T103/><D130/><U37/><E37/><V48/><F28/><W64/><G3/><T111/><D127/><U30/><E30/><V109/><F13/><W47/><G125/><T120/><D120/><U43/><E27/><V38/><F38/><W7/><G113/><T21/><D111/><U59/><E35/><V126/><F126/><W70/><G7/><T88/><D5/><U8/><E8/><V25/><F25/><W9/><G70/><T16/><D0/><U131/><E131/><V83/><F93/><W135/><G64/><T96/><D19/><U29/><E29/><V69/><F109/><W94/><G106/><T22/><D22/><U104/><E104/><V100/><F100/><W79/><G57/><T122/><D122/><U49/><E73/><V80/><F80/><W45/><G79/><T107/><D42/><U15/><E72/><V1/><F1/><W50/><G9/><T97/><D82/><U134/><E134/><V133/><F133/><W128/><G135/><T76/><D76/><U81/><REACH who="1" step="1"/><E91/><REACH who="1" ten="113,298,403,176" step="2"/><N who="2" m="51615" /><F114/><W77/><G128/><T95/><D90/><U6/><E6/><V14/><F112/><W63/><G26/><AGARI ba="0,1" hai="16,21,26,32,33,88,92,95,96,97,99,101,103,107" machi="26" ten="30,3900,0" yaku="7,1,54,2" doraHai="36" who="0" fromWho="3" sc="113,49,298,0,403,0,176,-39" /><INIT seed="3,0,0,3,4,135" ten="162,298,403,137" oya="3" hai0="53,61,92,105,8,81,13,129,51,88,98,64,49" hai1="15,74,54,132,21,44,130,34,107,109,114,134,83" hai2="50,125,37,29,97,62,101,33,133,84,127,75,82" hai3="14,91,77,99,124,90,122,56,7,69,67,111,3"/><W25/><G122/><T1/><D1/><U42/><E54/><V123/><F75/><W126/><G69/><T93/><D105/><U76/><E15/><V128/><F37/><W86/><G3/><T70/><D81/><U72/><E21/><V100/><F133/><W115/><G115/><T43/><D43/><U12/><E12/><V55/><F62/><N who="3" m="38343" /><G25/><T104/><D104/><U23/><E23/><V119/><F119/><W103/><G111/><T18/><D129/><U41/><E41/><V117/><F117/><W66/><G66/><T85/><D53/><U11/><E11/><V48/><F48/><W6/><G77/><T108/><D108/><U9/><E9/><V22/><F128/><W26/><G26/><T87/><D87/><U71/><E74/><V27/><F123/><W112/><G112/><T80/><REACH who="0" step="1"/><D93/><REACH who="0" ten="152,298,403,137" step="2"/><U36/><E83/><V120/><F120/><W73/><G73/><T94/><D94/><U78/><E42/><V110/><F110/><W113/><G113/><T96/><D96/><U28/><E78/><AGARI ba="0,1" hai="8,13,18,49,51,61,64,70,78,80,85,88,92,98" machi="78" ten="30,3900,0" yaku="1,1,7,1,54,1,53,0" doraHai="135" doraHaiUra="2" who="0" fromWho="1" sc="152,49,298,-39,403,0,137,0" owari="201,-20.0,259,6.0,403,50.0,137,-36.0" /></mjloggm>