<mjloggm ver="2.3"><GO type="41"/><UN n0="%E7%AB%8B%E7%9B%B4" n1="%E3%81%8B%E3%81%9A%E3%81%BF" n2="%E3%81%A8%E3%82%8B%E3%81%A8%E3%82%8B" n3="%EF%BC%88%E2%89%A7%E2%96%BD%E2%89%A6%EF%BC%89" dan="15,13,13,14" rate="1989,1801,1853,2059" sx="M,F,M,M"/><TAIKYOKU oya="0"/><INIT seed="0,0,0,5,1,63" ten="250,250,250,250" oya="0" hai0="127,94,115,104,131,90,2,5,123,18,58,65,62" hai1="59,113,75,92,80,7,121,14,54,105,39,34,71" hai2="26,91,21,89,29,106,56,20,117,122,120,47,114" hai3="77,108,97,42,74,125,119,86,53,36,23,51,88"/><T103/><D123/><U31/><E121/><V4/><F106/><W101/><G119/><T40/><D115/><U52/><E113/><V98/><F114/><W33/><G33/><T45/><D131/><U112/><E71/><V48/><F117/><W25/><G108/><T22/><D127/><U109/><E112/><V12/><F122/><W73/><G125/><T72/><D72/><U13/><E39/><V126/><F126/><W15/><G15/><T32/><D32/><U27/><E105/><V110/><F120/><W44/><G77/><T66/><D104/><U24/><E109/><V68/><F68/><W96/><G73/><T100/><D2/><U46/><E24/><V49/><F110/><W0/><G0/><T118/><D5/><U30/><E31/><V3/><F3/><W129/><G74/><T50/><D66/><U19/><E7/><V38/><F38/><W124/><G101/><T107/><D107/><U87/><E75/><V85/><F98/><W82/><G129/><T134/><D134/><U133/><E92/><V132/><F132/><W9/><G9/><T1/><D1/><U37/><E133/><V81/><F91/><W57/><REACH who="3" step="1"/><G124/><REACH who="3" step="2"/><T8/><D118/><U78/><E14/><V41/><F12/><W60/><G60/><T128/><D8/><U16/><E13/><V61/><F4/><W11/><G11/><T135/><D128/><U102/><E102/><V35/><REACH who="2" step="1"/><F49/><REACH who="2" step="2"/><W43/><G43/><T93/><D135/><U116/><E116/><V10/><F10/><W83/><G83/><T28/><D50/><N who="1" m="28759" /><E37/><V55/><AGARI ba="0,2" hai="20,21,26,29,35,41,47,48,55,56,61,81,85,89" machi="55" ten="20,5200,0" yaku="1,1,5,1,0,1,7,1,53,0" doraHai="63" doraHaiUra="67" who="2" fromWho="2" sc="250,-26,250,-13,240,72,240,-13" /><INIT seed="1,0,0,3,3,106" ten="224,237,312,227" oya="1" hai0="15,123,30,20,28,67,43,40,58,2,45,81,98" hai1="130,8,54,56,128,64,109,72,21,101,27,36,117" hai2="26,111,85,4,24,25,57,110,89,49,51,76,134" hai3="12,16,119,44,95,82,53,131,126,100,77,96,125"/><U34/><E117/><V97/><F134/><W7/><G119/><T42/><D2/><U19/><E109/><N who="2" m="41483" /><F4/><W104/><G131/><N who="1" m="50218" /><E72/><V133/><F133/><W5/><G104/><T33/><D33/><U63/><E36/><V84/><F97/><W103/><G103/><T23/><D123/><U83/><E83/><N who="2" m="47207" /><F57/><W99/><G99/><T116/><D116/><U74/><E101/><V1/><F1/><W122/><G122/><T10/><D81/><AGARI ba="0,0" hai="24,25,26,49,51,81,85,89" m="47207,41483" machi="81" ten="30,1000,0" yaku="14,1" doraHai="106" who="2" fromWho="0" sc="224,-10,237,0,312,10,227,0" /><INIT seed="2,0,0,3,2,77" ten="214,237,322,227" oya="2" hai0="111,90,84,14,116,17,74,61,56,71,27,93,105" hai1="79,87,32,15,99,7,128,52,125,8,53,63,64" hai2="72,97,118,65,121,117,57,83,25,119,22,20,130" hai3="54,1,89,21,112,124,11,3,10,0,44,41,102"/><V51/><F121/><W100/><G124/><T24/><D105/><U33/><E125/><V19/><F130/><W26/><G112/><T23/><D71/><U49/><E128/><V81/><F72/><W48/><G89/><T68/><D111/><U106/><E99/><V98/><F22/><W88/><G41/><T134/><D134/><U34/><E106/><V129/><F129/><W75/><G75/><T127/><D127/><U28/><E28/><V123/><F123/><W18/><REACH who="3" step="1"/><G88/><REACH who="3" step="2"/><T43/><D116/><U132/><E132/><V101/><F101/><AGARI ba="0,1" hai="0,1,3,10,11,18,21,26,44,48,54,100,101,102" machi="101" ten="40,2600,0" yaku="1,1,2,1,53,0" doraHai="77" doraHaiUra="36" who="3" fromWho="2" sc="214,0,237,0,322,-26,217,36" /><INIT seed="3,0,0,4,2,92" ten="214,237,296,253" oya="3" hai0="105,100,135,107,99,83,88,13,67,128,58,48,12" hai1="6,133,51,61,68,75,91,109,125,74,22,134,87" hai2="7,77,126,78,129,104,120,86,32,1,30,59,23" hai3="46,64,95,17,39,36,130,28,102,15,21,121,44"/><W127/><G121/><T116/><D135/><N who="1" m="51723" /><E6/><V54/><F120/><W118/><G118/><T8/><D128/><U110/><E51/><V4/><F104/><W9/><G130/><T123/><D116/><U62/><E22/><V85/><F32/><W40/><G127/><T49/><D107/><U45/><E45/><V84/><F129/><W11/><G64/><T112/><D112/><U93/><E125/><V57/><F126/><W114/><G114/><T98/><D13/><U90/><E68/><V81/><F1/><W131/><G131/><T14/><D14/><U103/><E103/><V96/><F96/><W106/><G106/><T42/><D42/><U76/><E76/><N who="2" m="29291" /><F81/><W80/><G80/><T124/><D124/><U101/><E62/><N who="2" m="36151" /><F59/><W3/><G3/><T115/><D115/><U53/><E53/><V20/><F30/><W60/><G60/><T16/><D123/><U38/><E61/><V72/><F72/><N who="1" m="27689" /><E38/><V65/><F65/><W122/><G122/><T33/><D33/><U47/><E47/><V0/><F0/><W2/><G2/><T113/><D113/><U37/><E37/><V97/><F97/><N who="0" m="36874" /><D100/><U108/><E101/><V25/><F25/><N who="3" m="16431" /><G102/><T50/><D105/><U56/><E56/><V69/><F69/><W73/><G39/><T29/><D67/><U66/><E66/><V26/><F26/><W5/><G44/><T52/><D29/><U24/><E24/><V89/><F89/><AGARI ba="0,0" hai="87,89,90,91,93,108,109,110" m="27689,51723" machi="89" ten="40,8000,1" yaku="14,1,20,1,34,2" doraHai="92" who="1" fromWho="2" sc="214,0,237,80,296,-80,253,0" /><INIT seed="4,0,0,4,0,131" ten="214,317,216,253" oya="0" hai0="62,78,125,20,114,87,111,59,120,70,81,7,85" hai1="38,84,107,47,10,61,99,44,56,123,31,29,25" hai2="15,127,73,101,26,72,4,58,126,76,82,19,63" hai3="49,51,57,46,106,55,86,64,11,94,39,1,90"/><T66/><D120/><U103/><E123/><V74/><F101/><W118/><G118/><T8/><D114/><U65/><E38/><V40/><F40/><W23/><G106/><T37/><D37/><U128/><E128/><V6/><F26/><W134/><G134/><T9/><D125/><U95/><E10/><V110/><F110/><W132/><G132/><T35/><D35/><U104/><E31/><V92/><F92/><W48/><G64/><T83/><D111/><U67/><E67/><V93/><F93/><W54/><G23/><T115/><D115/><U130/><E130/><V108/><F108/><W50/><REACH who="3" step="1"/><G39/><REACH who="3" step="2"/><T121/><D20/><U53/><E107/><V18/><F126/><W21/><G21/><T32/><D121/><U129/><E129/><V28/><F127/><W113/><G113/><T27/><D32/><U52/><E104/><V97/><F97/><W5/><AGARI ba="0,1" hai="1,5,11,46,48,49,50,51,54,55,57,86,90,94" machi="5" ten="30,2000,0" yaku="1,1,0,1,53,0" doraHai="131" doraHaiUra="17" who="3" fromWho="3" sc="214,-10,317,-5,216,-5,243,30" /><INIT seed="5,0,0,0,1,35" ten="204,312,211,273" oya="1" hai0="76,96,12,40,111,64,68,21,106,81,78,104,2" hai1="102,11,38,86,74,122,75,8,32,33,15,112,47" hai2="92,0,37,114,4,6,45,24,97,56,3,14,31" hai3="66,88,89,135,94,50,123,124,72,49,118,108,77"/><U134/><E122/><V69/><F69/><W95/><G123/><T53/><D111/><U39/><E134/><V116/><F116/><W10/><G108/><T57/><D76/><U107/><E112/><V9/><F114/><W7/><G135/><T133/><D133/><U99/><E11/><V113/><F113/><W18/><G118/><T30/><D40/><U54/><E86/><V26/><F56/><W103/><G124/><T42/><D42/><U115/><E115/><V20/><F6/><W29/><G29/><T51/><D2/><U90/><E90/><V105/><F105/><W58/><G18/><T60/><D96/><U100/><E100/><V93/><F92/><W132/><G132/><T128/><D128/><U48/><E39/><V109/><F109/><W130/><G130/><T16/><REACH who="0" step="1"/><D30/><REACH who="0" step="2"/><U23/><E38/><V82/><F37/><W79/><G77/><T44/><D44/><U52/><E75/><AGARI ba="0,1" hai="12,16,21,51,53,57,60,64,68,75,78,81,104,106" machi="75" ten="30,7700,0" yaku="1,1,7,1,54,1,53,1" doraHai="35" doraHaiUra="17" who="0" fromWho="1" sc="194,87,312,-77,211,0,273,0" /><INIT seed="6,0,0,4,2,4" ten="281,235,211,273" oya="2" hai0="50,5,120,95,84,88,41,98,31,59,32,80,85" hai1="128,38,123,101,36,76,56,104,22,131,112,72,37" hai2="46,117,75,90,121,81,132,12,39,134,52,111,92" hai3="2,62,103,65,116,23,7,17,135,58,100,3,9"/><V96/><F117/><W73/><G116/><T67/><D120/><U26/><E123/><V48/><F121/><W99/><G135/><N who="2" m="51753" /><F111/><W16/><G73/><T63/><D32/><U42/><E112/><V34/><F34/><W109/><G109/><T19/><D31/><U43/><E72/><V106/><F106/><W45/><G2/><T54/><D41/><U51/><E76/><N who="2" m="44191" /><F12/><W124/><G124/><T55/><D5/><U47/><E101/><V71/><F71/><W93/><G45/><T74/><D54/><N who="1" m="31839" /><E22/><V126/><F126/><W40/><G40/><T97/><D74/><U87/><E26/><V130/><F130/><N who="1" m="49705" /><E87/><V28/><F28/><W44/><G44/><N who="0" m="28103" /><D19/><U133/><E104/><V122/><F122/><W35/><G35/><T79/><AGARI ba="0,0" hai="59,63,67,79,80,84,85,88,95,97,98" m="28103" machi="79" ten="30,2000,0" yaku="8,1,54,1" doraHai="4" who="0" fromWho="0" sc="281,20,235,-5,211,-10,273,-5" /><INIT seed="7,0,0,1,0,132" ten="301,230,201,268" oya="3" hai0="76,57,68,41,93,42,14,12,20,101,37,0,35" hai1="95,38,17,104,77,3,23,131,116,99,106,125,121" hai2="30,18,56,53,4,94,43,64,62,66,115,126,124" hai3="108,89,16,110,7,1,13,50,135,48,73,45,96"/><W2/><G73/><T34/><D0/><N who="3" m="105" /><G7/><T61/><D68/><U36/><E121/><V65/><F4/><W109/><G135/><T52/><D37/><U74/><E116/><V39/><F115/><W22/><G45/><T105/><D105/><U32/><E3/><V5/><F5/><W91/><G96/><N who="0" m="59535" /><D35/><U117/><E32/><V92/><F30/><W87/><G91/><T103/><D34/><U120/><E117/><V31/><F31/><W80/><AGARI ba="0,0" hai="13,16,22,48,50,80,87,89,108,109,110" m="105" machi="80" ten="40,3900,0" yaku="10,1,54,1" doraHai="132" who="3" fromWho="3" sc="301,-13,230,-13,201,-13,268,39" owari="288,9,217,-18,188,-31,307,40" /></mjloggm>