<mjloggm ver="2.3"><GO type="41"/><UN n0="%E9%A2%A8%E6%99%82%E8%A8%88" n1="%64%64%5F%74%72%65%6E%6F" n2="%E3%82%A6%E3%83%AB%E3%83%88%E3%83%A9%E7%AB%8B%E7%9B%B4" n3="%E3%82%A2%E3%82%A6%E3%83%81" dan="14,13,15,14" rate="1930,1804,1959,1984" sx="M,M,M,M"/><TAIKYOKU oya="0"/><INIT seed="0,0,0,4,3,60" ten="250,250,250,250" oya="0" hai0="55,131,70,11,85,122,73,96,74,46,19,8,54" hai1="36,59,23,39,111,77,109,118,128,82,134,94,98" hai2="42,110,107,22,105,50,113,21,97,135,37,72,43" hai3="41,0,100,16,132,90,47,101,28,71,93,112,102"/><T49/><D122/><U3/><E118/><V29/><F72/><W56/><G0/><T32/><D32/><U26/><E3/><V121/><F121/><W30/><G71/><T116/><D116/><U62/><E128/><V51/><F29/><W31/><G112/><T117/><D117/><U53/><E134/><V84/><F97/><W1/><G1/><T103/><D131/><U129/><E129/><V35/><F35/><W64/><G132/><T44/><D85/><U24/><E24/><V119/><F135/><W27/><G41/><T87/><D87/><U120/><E120/><V133/><F133/><W106/><G106/><T7/><D70/><U58/><E58/><V127/><F84/><W99/><G47/><T124/><D19/><U69/><E69/><V48/><F119/><W14/><G27/><T115/><D115/><U33/><E33/><V40/><F113/><W20/><G56/><T17/><D17/><N who="1" m="12655" /><E82/><V130/><F130/><W95/><G93/><T2/><D8/><U9/><E9/><V108/><F127/><W38/><G38/><T12/><D2/><U4/><E4/><V88/><F37/><W81/><G81/><T114/><D114/><U63/><E63/><V15/><F15/><W83/><G83/><T80/><D80/><U61/><E61/><V104/><F88/><W79/><G79/><T10/><D10/><U13/><E13/><V78/><F78/><W5/><G5/><T45/><D124/><U75/><E75/><N who="0" m="28681" /><D49/><U6/><E6/><V123/><F123/><W76/><G76/><T125/><D125/><U91/><E77/><RYUUKYOKU ba="0,0" sc="250,0,250,0,250,0,250,0" hai0="7,11,12,44,45,46,54,55,96,103" hai1="36,39,53,59,62,91,94,98,109,111" hai2="21,22,40,42,43,48,50,51,104,105,107,108,110" hai3="14,16,20,28,30,31,64,90,95,99,100,101,102" /><INIT seed="0,1,0,1,5,40" ten="250,250,250,250" oya="0" hai0="74,93,122,27,128,101,134,95,123,53,81,36,24" hai1="118,131,44,84,97,63,92,100,102,112,29,71,72" hai2="48,58,89,105,15,46,28,65,45,127,6,17,26" hai3="13,117,4,42,12,90,9,85,38,106,35,25,135"/><T50/><D36/><U115/><E29/><V60/><F105/><W121/><G106/><T91/><D128/><U116/><E63/><V82/><F6/><W16/><G117/><N who="1" m="45162" /><E71/><V125/><F82/><W98/><G121/><T99/><D134/><U33/><E33/><V20/><F89/><W70/><G70/><T103/><D74/><U8/><E8/><V111/><F111/><W66/><G66/><T37/><D37/><U52/><E72/><V10/><REACH who="2" step="1"/><F48/><REACH who="2" ten="250,250,240,250" step="2"/><W94/><G135/><T78/><D123/><U129/><E52/><V59/><F59/><W109/><G109/><T120/><D120/><U2/><E2/><V11/><F11/><W114/><G38/><T0/><D0/><U75/><E75/><V67/><F67/><W108/><G108/><T113/><D122/><U86/><E102/><N who="0" m="38921" /><D113/><N who="1" m="43595" /><E44/><AGARI ba="1,1" hai="10,15,17,20,26,28,44,45,46,58,60,65,125,127" machi="44" ten="40,8000,1" yaku="1,1,52,3,53,0" doraHai="40" doraHaiUra="1" who="2" fromWho="1" sc="250,0,250,-83,240,93,250,0" /><INIT seed="1,0,0,3,4,112" ten="250,167,333,250" oya="1" hai0="133,135,43,125,101,86,51,40,15,115,128,131,1" hai1="44,18,50,97,6,33,76,121,58,107,85,0,20" hai2="30,41,52,31,78,63,126,42,119,49,27,118,80" hai3="26,102,48,29,113,110,103,2,16,23,134,130,62"/><U7/><E121/><V82/><F126/><W87/><G113/><T57/><D115/><U45/><E33/><V11/><F63/><W55/><G2/><T89/><D1/><U122/><E122/><V65/><F65/><W73/><G73/><T127/><D101/><U83/><E0/><V5/><F31/><W12/><G134/><N who="0" m="51211" /><D15/><U123/><E123/><V68/><F80/><W67/><G130/><N who="0" m="49707" /><D57/><U4/><E107/><V64/><F64/><W94/><G110/><T98/><D98/><U114/><E97/><V104/><F68/><W129/><G129/><T74/><D74/><U91/><E114/><V106/><F106/><W117/><G117/><T19/><D19/><U70/><E70/><V35/><F104/><W53/><G55/><T17/><D17/><U81/><E76/><V105/><F105/><W38/><G38/><T47/><D40/><U14/><E45/><V61/><F42/><W25/><G25/><T72/><D72/><U56/><E83/><AGARI ba="0,0" hai="43,47,51,83,86,89,125,127" m="49707,51211" machi="83" ten="30,7700,0" yaku="30,2,20,1,19,1" doraHai="112" who="0" fromWho="1" sc="250,77,167,-77,333,0,250,0" /><INIT seed="2,0,0,5,2,36" ten="327,90,333,250" oya="2" hai0="107,17,67,47,78,79,130,19,1,74,121,124,32" hai1="72,128,123,49,0,26,103,28,50,127,113,39,35" hai2="57,22,97,135,111,95,43,48,117,65,6,8,91" hai3="11,134,12,27,37,5,60,10,92,2,133,61,112"/><V3/><F117/><W89/><G37/><T86/><D107/><U55/><E113/><V82/><F135/><W81/><G112/><T115/><D115/><U108/><E123/><V7/><F111/><W4/><G81/><T34/><D1/><U29/><E108/><V99/><F7/><W100/><G100/><T56/><D74/><U98/><E128/><V15/><F97/><W129/><G129/><T69/><D69/><U41/><E127/><V126/><F126/><W119/><G119/><T46/><D130/><U31/><E72/><V132/><F132/><W93/><G27/><T21/><D124/><U45/><E0/><V53/><F65/><W83/><G134/><T33/><D121/><U71/><E71/><V54/><F54/><W101/><G133/><T75/><D75/><U96/><E98/><V80/><F3/><W23/><G83/><T62/><D19/><U9/><E9/><V66/><F66/><W88/><G23/><T20/><D20/><U40/><E39/><V13/><F43/><W120/><G120/><T44/><REACH who="0" step="1"/><D86/><REACH who="0" ten="317,90,333,250" step="2"/><U122/><E122/><V68/><F68/><W76/><G76/><T52/><D52/><U30/><REACH who="1" step="1"/><E50/><REACH who="1" ten="317,80,333,250" step="2"/><V18/><AGARI ba="0,2" hai="6,8,13,15,18,22,48,53,57,80,82,91,95,99" machi="18" ten="30,3000,0" yaku="0,1,8,1" doraHai="36" who="2" fromWho="2" sc="317,-10,80,-10,333,50,250,-10" /><INIT seed="2,1,0,0,3,50" ten="307,70,383,240" oya="2" hai0="134,2,19,56,57,135,15,31,123,22,126,94,27" hai1="98,24,17,114,49,44,132,69,107,100,109,84,39" hai2="87,43,101,103,68,5,83,73,47,20,59,131,36" hai3="70,23,9,3,133,80,40,41,119,32,30,86,33"/><V105/><F68/><W130/><G70/><T127/><D94/><U34/><E114/><V76/><F131/><W51/><G130/><T58/><D2/><U11/><E132/><N who="0" m="50729" /><D123/><U124/><E124/><N who="0" m="47657" /><D58/><U91/><E109/><V4/><F103/><W1/><G133/><T112/><D112/><U128/><E69/><V0/><F101/><W81/><G119/><T118/><D118/><U8/><E128/><V110/><F105/><W63/><G63/><T12/><D12/><U10/><E39/><V65/><F110/><W93/><G32/><AGARI ba="1,0" hai="15,19,22,27,31,32,56,57" m="47657,50729" machi="32" ten="30,2000,0" yaku="20,1,18,1" doraHai="50" who="0" fromWho="3" sc="307,23,70,0,383,0,240,-23" /><INIT seed="3,0,0,1,5,114" ten="330,70,383,217" oya="3" hai0="93,47,125,76,15,41,103,96,124,28,33,48,68" hai1="79,14,80,94,49,117,16,12,120,39,60,107,91" hai2="84,25,130,7,46,88,92,56,71,75,69,118,129" hai3="10,65,29,55,9,50,83,61,17,97,6,72,66"/><W26/><G72/><T36/><D68/><U13/><E120/><V22/><F75/><W74/><G74/><T128/><D128/><N who="2" m="49258" /><F118/><W40/><G40/><T24/><D76/><U108/><E107/><V135/><F135/><W131/><G131/><T113/><D113/><U132/><E39/><V98/><F46/><W23/><G83/><T8/><REACH who="0" step="1"/><D36/><REACH who="0" ten="320,70,383,217" step="2"/><U106/><E108/><V134/><F69/><W53/><G6/><AGARI ba="0,1" hai="6,8,15,24,28,33,41,47,48,93,96,103,124,125" machi="6" ten="40,2600,0" yaku="1,1,2,1,53,0" doraHai="114" doraHaiUra="102" who="0" fromWho="3" sc="320,36,70,0,383,0,217,-26" /><INIT seed="4,0,0,5,3,30" ten="356,70,383,191" oya="0" hai0="110,24,44,4,25,92,15,74,38,3,128,64,20" hai1="103,127,18,130,76,77,126,11,43,135,54,83,66" hai2="9,91,87,31,8,39,84,115,67,2,71,97,1" hai3="13,96,47,56,16,98,6,121,29,32,119,108,124"/><T17/><D74/><U37/><E66/><V28/><F67/><W102/><G121/><T12/><D64/><U101/><E54/><V75/><F75/><W100/><G119/><T118/><D38/><U48/><E37/><V86/><F39/><W34/><G6/><T70/><D70/><U22/><E11/><N who="2" m="4171" /><F97/><W26/><G47/><T125/><D3/><N who="2" m="1034" /><F91/><W94/><G124/><N who="1" m="47658" /><E43/><V68/><F115/><W81/><G108/><T106/><D125/><U89/><E48/><V88/><F88/><W107/><G81/><T78/><D106/><U120/><E120/><V40/><F40/><W33/><REACH who="3" step="1"/><G56/><REACH who="3" ten="356,70,383,181" step="2"/><T80/><D118/><U60/><E83/><V111/><F111/><W61/><G61/><T109/><D4/><U23/><E60/><V59/><F59/><W69/><G69/><AGARI ba="0,1" hai="28,31,68,69,71,84,86,87" m="1034,4171" machi="69" ten="40,2600,0" yaku="28,2" doraHai="30" who="2" fromWho="3" sc="356,0,70,0,383,36,181,-26" /><INIT seed="5,0,0,0,4,86" ten="356,70,419,155" oya="1" hai0="17,60,106,80,121,97,6,9,91,41,131,94,39" hai1="130,82,1,5,78,19,134,95,87,55,11,25,83" hai2="53,59,14,72,0,33,37,50,107,27,22,67,52" hai3="92,43,49,100,10,111,90,3,118,15,68,75,29"/><U115/><E134/><V129/><F0/><W31/><G3/><T66/><D131/><U45/><E130/><V114/><F37/><W124/><G68/><T28/><D121/><U12/><E115/><V84/><F72/><W64/><G75/><T46/><D28/><U69/><E69/><V8/><F33/><W101/><G64/><T93/><D106/><U30/><E45/><V105/><F67/><W2/><G2/><T108/><D108/><U63/><E63/><V99/><F99/><W132/><G132/><T24/><D80/><U38/><E55/><V128/><F114/><W7/><G118/><T62/><D6/><U98/><E38/><V32/><F32/><W36/><G36/><T133/><D133/><U13/><E82/><V126/><F105/><W89/><G111/><T70/><D60/><U104/><E104/><V85/><F107/><W112/><G112/><T42/><D42/><U122/><E122/><V127/><F53/><W26/><G124/><N who="2" m="47657" /><F128/><W57/><G89/><T4/><D4/><U125/><E125/><V103/><F103/><W102/><G26/><T48/><D94/><U47/><E47/><V35/><F35/><W65/><G43/><T135/><D135/><U21/><E30/><N who="2" m="17783" /><F129/><W119/><G119/><T113/><D113/><U77/><E77/><V16/><AGARI ba="0,0" hai="8,14,16,50,52,59,84,85" m="17783,47657" machi="16" ten="30,4000,0" yaku="18,1,54,2" doraHai="86" who="2" fromWho="2" sc="356,-10,70,-20,419,40,155,-10" /><INIT seed="6,0,0,3,3,39" ten="346,50,459,145" oya="2" hai0="75,117,53,81,64,34,32,131,54,96,124,65,62" hai1="119,18,120,26,29,4,5,22,134,106,89,95,7" hai2="102,83,126,9,130,94,37,20,13,122,16,31,129" hai3="97,111,92,110,58,103,10,123,8,23,100,59,116"/><V82/><F122/><W21/><G123/><T85/><D75/><U6/><E106/><V43/><F126/><W132/><G132/><T15/><D124/><U24/><E95/><V56/><F82/><W49/><G49/><T17/><D117/><U112/><E89/><V79/><F56/><W121/><G121/><T45/><D131/><N who="2" m="50186" /><F94/><W38/><G38/><T1/><D1/><U66/><E66/><V68/><F102/><W118/><G92/><T73/><D96/><U101/><E101/><V80/><F68/><W105/><REACH who="3" step="1"/><G97/><REACH who="3" ten="346,50,459,135" step="2"/><T0/><D73/><U127/><E120/><V70/><F37/><W33/><G33/><T90/><D0/><U77/><E127/><V109/><F80/><W25/><G25/><T14/><D14/><U67/><E134/><V69/><F13/><W78/><G78/><T76/><D76/><U2/><E119/><V104/><F83/><W125/><G125/><T12/><D12/><U86/><E77/><V46/><F79/><W114/><G114/><T74/><D74/><U93/><E93/><V61/><F104/><AGARI ba="0,1" hai="8,10,21,23,58,59,100,103,104,105,110,111,116,118" machi="104" ten="25,8000,1" yaku="1,1,22,2,53,2" doraHai="39" doraHaiUra="19" who="3" fromWho="2" sc="346,0,50,0,459,-80,135,90" /><INIT seed="7,0,0,0,3,117" ten="346,50,379,225" oya="3" hai0="114,44,43,82,133,76,101,103,109,48,73,129,107" hai1="83,56,30,69,87,104,74,113,51,68,118,25,55" hai2="52,49,111,21,20,134,123,33,115,38,35,127,97" hai3="135,36,19,119,23,18,128,99,47,45,67,79,130"/><W7/><G119/><T60/><D133/><U17/><E118/><V75/><F75/><W46/><G135/><T0/><D0/><U39/><E39/><V121/><F38/><W105/><G79/><T65/><D129/><N who="3" m="49769" /><G67/><T80/><D114/><U14/><E74/><V110/><F134/><W41/><G7/><T95/><D109/><N who="2" m="41482" /><F97/><W13/><G18/><T88/><D82/><U54/><E104/><V11/><F11/><W57/><G57/><T3/><D3/><U50/><E113/><V10/><F115/><W34/><G34/><N who="2" m="12809" /><F10/><W124/><G124/><T4/><D4/><U81/><E68/><V94/><F127/><W100/><AGARI ba="0,0" hai="13,19,23,36,41,45,46,47,99,100,105" m="49769" machi="100" ten="30,1500,0" yaku="19,1" doraHai="117" who="3" fromWho="3" sc="346,-5,50,-5,379,-5,225,15" /><INIT seed="7,1,0,5,4,127" ten="341,45,374,240" oya="3" hai0="128,37,85,39,63,69,91,58,98,135,44,129,94" hai1="109,17,125,57,78,7,23,121,102,101,66,92,111" hai2="89,30,100,29,18,16,21,106,122,76,27,24,95" hai3="131,33,120,134,118,110,34,10,32,112,35,103,126"/><W19/><G103/><N who="0" m="60887" /><D69/><U82/><E121/><V8/><F122/><W105/><G105/><T0/><D44/><U74/><E7/><V81/><F106/><W96/><G120/><T59/><D0/><U1/><E1/><V93/><F100/><W53/><G96/><T61/><D135/><U124/><E57/><N who="0" m="21513" /><D37/><U70/><E66/><V42/><F42/><W52/><G118/><T55/><D55/><U107/><E17/><V130/><F130/><N who="0" m="50282" /><D39/><U22/><E23/><N who="2" m="15519" /><F76/><W64/><G131/><T87/><D87/><U97/><E22/><V9/><F81/><AGARI ba="1,0" hai="61,63,81,85,91" m="50282,21513,60887" machi="81" ten="30,7700,0" yaku="19,1,52,3" doraHai="127" who="0" fromWho="2" sc="341,80,45,0,374,-80,240,0" owari="421,52.0,45,-45.0,294,9.0,240,-16.0" /></mjloggm>