<mjloggm ver="2.3"><GO type="97"/><UN n0="%E3%81%AD%E3%81%93%E3%81%BE%E3%81%BF%E3%82%8C" n1="%4D%6F%6B%6B%6F%4D" n2="%74%79%61%2D%74%79%61" n3="%E3%82%A6%E3%83%AB%E3%83%88%E3%83%A9%E7%AB%8B%E7%9B%B4" dan="13,14,13,14" rate="1870,1944,1832,1942" sx="M,M,M,M"/><TAIKYOKU oya="0"/><INIT seed="0,0,0,5,2,73" ten="250,250,250,250" oya="0" hai0="114,126,132,130,17,112,69,23,54,20,21,28,106" hai1="110,83,64,15,118,62,37,91,135,11,60,105,9" hai2="103,84,129,57,79,30,55,19,98,58,53,89,122" hai3="123,51,46,93,25,102,47,4,96,14,113,125,107"/><T75/><D106/><U65/><E105/><V88/><F122/><W56/><G125/><T33/><D69/><U115/><E37/><V109/><F129/><W101/><G113/><T68/><D68/><U45/><E118/><V7/><F109/><W29/><G123/><T121/><D121/><U134/><E110/><V99/><F7/><W22/><G107/><T127/><D54/><N who="2" m="20490" /><F30/><W59/><G102/><T90/><D90/><N who="2" m="34922" /><F103/><W1/><G1/><T31/><D75/><U95/><E115/><N who="0" m="44073" /><D130/><U27/><E45/><V13/><F58/><W38/><G38/><T85/><D85/><U0/><E0/><V97/><F57/><N who="3" m="22091" /><G51/><T116/><D116/><U119/><E119/><V70/><F70/><W100/><G100/><T18/><D132/><U76/><E27/><V16/><F13/><W111/><G111/><T41/><D41/><U3/><E3/><V120/><F120/><W131/><G131/><T5/><D5/><U8/><E15/><V39/><F39/><W80/><G14/><T108/><D108/><U48/><E48/><V94/><F94/><W82/><G4/><T40/><D40/><U36/><E36/><V74/><F74/><W61/><G61/><N who="1" m="23658" /><E91/><V81/><AGARI ba="0,0" hai="16,19,79,81,84,97,98,99" m="34922,20490" machi="81" ten="40,8000,1" yaku="8,1,52,1,54,2" doraHai="73" who="2" fromWho="2" sc="250,-40,250,-20,250,80,250,-20" /><INIT seed="1,0,0,2,3,73" ten="210,230,330,230" oya="1" hai0="3,24,114,118,91,23,22,100,32,62,78,94,60" hai1="17,48,97,37,132,45,126,43,50,75,57,68,52" hai2="79,18,69,13,25,120,125,38,7,31,88,109,30" hai3="26,101,6,113,117,14,131,72,35,130,84,28,76"/><U34/><E75/><V119/><F69/><W65/><G72/><T87/><D3/><U128/><E34/><V63/><F38/><W21/><G101/><T59/><D114/><U1/><E1/><V110/><F119/><W77/><G113/><T127/><D118/><U134/><E97/><V104/><F120/><W67/><G117/><T112/><D112/><U90/><E90/><V92/><F104/><W85/><G85/><T96/><D127/><U74/><E74/><V39/><F39/><W16/><G84/><T29/><D62/><U20/><E126/><V115/><F63/><W51/><G51/><T4/><D4/><U98/><E98/><V56/><F115/><W66/><G6/><T83/><REACH who="0" step="1"/><D100/><REACH who="0" ten="200,230,330,230" step="2"/><U99/><E128/><AGARI ba="0,1" hai="14,16,21,26,28,35,65,66,67,76,77,128,130,131" machi="128" ten="40,8000,1" yaku="19,1,52,2,54,1" doraHai="73" who="3" fromWho="1" sc="200,0,230,-80,330,0,230,90" /><INIT seed="2,0,0,2,5,134" ten="200,150,330,320" oya="2" hai0="20,45,38,81,8,93,59,52,106,128,110,89,7" hai1="74,130,117,49,86,18,72,34,121,5,116,69,2" hai2="103,65,47,79,91,30,97,109,131,78,118,22,3" hai3="39,21,62,25,14,100,40,29,127,84,13,83,96"/><V66/><F118/><W43/><G39/><T94/><D106/><U4/><E69/><V15/><F3/><W33/><G33/><T133/><D133/><U105/><E105/><V26/><F131/><W132/><G132/><T19/><D110/><U16/><E130/><V1/><F1/><W126/><G43/><T42/><D128/><U120/><E2/><V129/><F129/><W82/><G40/><T57/><D57/><U76/><E49/><V92/><F109/><W98/><G62/><T108/><D108/><U70/><E70/><V85/><F47/><W24/><G100/><T112/><D112/><U123/><E34/><V114/><F114/><W31/><G84/><T46/><D46/><U60/><E60/><V35/><F35/><W64/><G21/><T135/><D135/><U36/><E36/><V11/><F65/><AGARI ba="0,0" hai="13,14,24,25,29,31,64,65,82,83,96,98,126,127" machi="65" ten="25,6400,0" yaku="22,2,52,2" doraHai="134" who="3" fromWho="2" sc="200,0,150,0,330,-64,320,64" /><INIT seed="3,0,0,1,1,114" ten="200,150,266,384" oya="3" hai0="44,30,60,96,54,134,75,61,78,31,45,42,29" hai1="66,99,50,1,88,102,98,56,130,48,122,28,63" hai2="17,74,24,84,87,10,8,52,15,70,47,113,110" hai3="27,131,127,71,93,119,40,62,25,117,115,123,69"/><W86/><G86/><T111/><D111/><U22/><E1/><V41/><F110/><W65/><G93/><T81/><D134/><U35/><E130/><V103/><F113/><W14/><G14/><T2/><D2/><U124/><E124/><V59/><F74/><W73/><G73/><T116/><D116/><U21/><E35/><V91/><F70/><W77/><G77/><T0/><D0/><U107/><E122/><V82/><F103/><W46/><G27/><T92/><D54/><U101/><E88/><N who="2" m="51223" /><F41/><W7/><G25/><T23/><D23/><U55/><E55/><V112/><F47/><W11/><G71/><T38/><REACH who="0" step="1"/><D45/><REACH who="0" ten="190,150,266,384" step="2"/><U68/><E68/><V90/><F112/><W85/><G115/><T89/><AGARI ba="0,1" hai="29,30,31,38,42,44,60,61,75,78,81,89,92,96" machi="89" ten="30,4000,0" yaku="1,1,2,1,0,1,53,0" doraHai="114" doraHaiUra="133" who="0" fromWho="0" sc="190,50,150,-10,266,-10,384,-20" owari="240,-16.0,140,-36.0,256,6.0,364,46.0" /></mjloggm>