<mjloggm ver="2.3"><GO type="169" lobby="0"/><UN n0="%43%4F%52%41%4C" n1="%E9%AD%94%E7%8E%8B%E3%81%93%E3%81%A3%E3%81%BA%E3%81%B1%E3%82%93" n2="%EF%BC%88%E2%89%A7%E2%96%BD%E2%89%A6%EF%BC%89" n3="%E3%81%9D%E3%81%AE%EF%BC%91%EF%BD%90%E5%BD%93%E3%81%9F%E3%82%8A%E3%81%A0" dan="16,16,18,16" rate="2067.03,2074.33,2218.55,2036.88" sx="M,M,M,M"/><TAIKYOKU oya="0"/><INIT seed="0,0,0,3,3,60" ten="250,250,250,250" oya="0" hai0="46,13,116,44,39,109,15,37,118,86,132,102,8" hai1="50,27,115,11,1,12,24,78,51,121,128,99,48" hai2="97,88,107,10,133,122,25,135,83,5,63,71,35" hai3="49,100,117,114,120,53,113,131,127,34,94,73,96"/><T125/><D125/><U77/><E121/><V84/><F122/><W22/><G34/><T52/><D102/><U66/><E128/><V42/><F42/><W38/><G120/><T74/><D74/><U76/><E115/><V108/><F108/><W30/><G38/><T36/><D109/><U124/><E124/><V62/><F107/><W101/><G117/><T19/><D132/><N who="2" m="50762" /><F97/><W59/><G73/><T103/><D103/><U29/><E1/><N who="2" m="303" /><F71/><W93/><G131/><T92/><D15/><U61/><E29/><AGARI ba="0,0" hai="25,29,35,62,63,83,84,88" m="303,50762" machi="29" ten="30,2000,0" yaku="20,1,54,1" doraHai="60" who="2" fromWho="1" sc="250,0,250,-20,250,20,250,0" /><INIT seed="1,0,0,1,0,51" ten="250,230,270,250" oya="1" hai0="98,44,129,53,52,74,37,15,42,22,81,69,90" hai1="73,71,25,120,11,20,34,79,5,16,1,9,102" hai2="99,100,4,89,97,56,85,75,45,125,0,39,35" hai3="103,84,13,66,48,117,108,91,104,24,121,8,131"/><U132/><E102/><V17/><F75/><W55/><G121/><T41/><D69/><U19/><E71/><V2/><F35/><W62/><G117/><T86/><D129/><U21/><E120/><V43/><F125/><W126/><G126/><T127/><D127/><U61/><E61/><V60/><F17/><W105/><G24/><T54/><D74/><U65/><E65/><V7/><F2/><W26/><G26/><T46/><D98/><U124/><E79/><V111/><F111/><W112/><G112/><T92/><D22/><N who="1" m="13511" /><E73/><V87/><F99/><W94/><G103/><T88/><D15/><N who="1" m="7663" /><E124/><V68/><F68/><W10/><G131/><T64/><D64/><U110/><E132/><V38/><F38/><W14/><G108/><T80/><REACH who="0" step="1"/><D90/><REACH who="0" ten="240,230,270,250" step="2"/><U72/><E72/><V122/><F122/><W59/><G14/><T109/><D109/><U114/><E110/><V36/><F89/><W115/><G115/><T123/><D123/><U130/><E114/><V119/><F97/><W27/><G27/><T128/><D128/><U57/><E130/><V3/><F3/><W107/><REACH who="3" step="1"/><G13/><REACH who="3" ten="240,230,270,240" step="2"/><T96/><D96/><U23/><E34/><V101/><F101/><W135/><G135/><T32/><D32/><U33/><E33/><V77/><F100/><W113/><G113/><T12/><D12/><U82/><E1/><V30/><F0/><W118/><G118/><T116/><D116/><U134/><E134/><V49/><F119/><W40/><G40/><T50/><AGARI ba="0,2" hai="37,41,42,44,46,50,52,53,54,80,81,86,88,92" machi="50" ten="30,12000,2" yaku="1,1,0,1,52,3,54,2,53,0" doraHai="51" doraHaiUra="18" who="0" fromWho="0" sc="240,140,230,-60,270,-30,240,-30" /><INIT seed="2,0,0,5,5,126" ten="380,170,240,210" oya="2" hai0="34,14,41,121,48,66,12,5,33,111,61,24,26" hai1="27,95,25,36,74,102,46,1,62,18,73,60,78" hai2="107,75,125,37,40,120,108,47,65,4,64,96,89" hai3="54,122,71,31,88,58,110,2,6,128,11,43,0"/><V52/><F120/><W28/><G122/><T106/><D121/><U127/><E1/><V119/><F119/><W86/><G71/><T80/><D106/><U70/><E127/><V3/><F125/><W69/><G69/><T84/><D111/><U103/><E36/><V55/><F75/><W112/><G110/><T99/><D99/><U81/><E46/><V123/><F123/><W20/><G43/><T131/><D34/><U129/><E70/><V101/><F108/><W105/><G105/><T118/><D118/><U132/><E132/><V109/><F109/><W90/><G112/><T113/><D113/><U35/><E35/><V30/><F30/><W16/><G2/><T77/><D33/><U56/><E18/><V39/><F39/><W87/><G128/><T49/><D131/><U68/><E68/><V93/><F4/><W15/><G87/><T51/><D41/><U22/><E129/><V79/><F79/><W38/><G38/><T32/><D32/><U133/><E78/><V104/><F104/><W91/><REACH who="3" step="1"/><G86/><REACH who="3" ten="380,170,240,200" step="2"/><T17/><D84/><U7/><E74/><V10/><F3/><W97/><G97/><T23/><D80/><U135/><E81/><V29/><F107/><W76/><G76/><T130/><D77/><U116/><E73/><V124/><F124/><W45/><G45/><T117/><D130/><U98/><E135/><V63/><F47/><W53/><G53/><T83/><D83/><U94/><E133/><V21/><F55/><W114/><G114/><T92/><D117/><U134/><E116/><V59/><F52/><W13/><G13/><RYUUKYOKU ba="0,1" sc="380,-10,170,-10,240,-10,200,30" hai3="0,6,11,15,16,20,28,31,54,58,88,90,91" /><INIT seed="3,1,1,0,5,8" ten="370,160,230,230" oya="3" hai0="37,131,82,48,35,91,114,31,6,95,32,79,90" hai1="28,12,109,63,70,11,68,106,133,123,75,65,26" hai2="101,78,1,16,130,125,10,71,87,61,45,134,57" hai3="46,59,58,47,20,81,92,135,110,118,66,72,103"/><W126/><G118/><T117/><D37/><U74/><E123/><V5/><F71/><W80/><G126/><T99/><D117/><U18/><E70/><V112/><F112/><W98/><G135/><T23/><D114/><U93/><E133/><V38/><F134/><W41/><G110/><T86/><D131/><U129/><E129/><V24/><F101/><W67/><G20/><T111/><D111/><U64/><E64/><N who="3" m="24618" /><G72/><T51/><D6/><U55/><E106/><V94/><F130/><W124/><G124/><T100/><D35/><U122/><E122/><V39/><F125/><W15/><G15/><T121/><D32/><U84/><E109/><V44/><F39/><W113/><G113/><T104/><D121/><U2/><E55/><V29/><F38/><W53/><G59/><T22/><D22/><U116/><E116/><V14/><F57/><W108/><G108/><T43/><D43/><U89/><REACH who="1" step="1"/><E2/><REACH who="1" ten="370,150,230,230" step="2"/><V107/><F107/><W62/><G41/><T21/><D104/><U25/><E25/><V3/><F1/><W85/><G81/><T17/><D82/><U30/><E30/><V97/><F29/><W19/><G80/><T7/><D31/><U56/><E56/><V13/><F24/><W128/><G128/><T73/><D95/><U27/><E27/><V49/><F3/><W69/><G69/><T50/><D73/><U34/><AGARI ba="1,2" hai="11,12,18,26,28,34,63,65,68,74,75,84,89,93" machi="34" ten="20,5200,0" yaku="1,1,0,1,7,1,52,1,53,0" doraHai="8" doraHaiUra="42" who="1" fromWho="1" sc="370,-14,150,75,230,-14,230,-27" /><INIT seed="4,0,0,3,1,123" ten="356,225,216,203" oya="0" hai0="65,11,122,20,130,23,25,6,115,80,73,53,128" hai1="17,68,52,114,97,43,61,111,1,119,88,39,37" hai2="125,133,47,92,13,106,55,33,22,74,120,7,38" hai3="42,26,36,2,31,21,124,85,86,116,19,29,56"/><T79/><D122/><U3/><E119/><V112/><F106/><W70/><G70/><T103/><D103/><U87/><E114/><V51/><F33/><W69/><G69/><T63/><D115/><U99/><E43/><V32/><F32/><W132/><G116/><T46/><D65/><U90/><E17/><V59/><F74/><W93/><G2/><T44/><D44/><U102/><E68/><V62/><F120/><W78/><G124/><T83/><D83/><U89/><E87/><V24/><F133/><W76/><G132/><T135/><D135/><U41/><E41/><V105/><F105/><W82/><G56/><N who="0" m="35215" /><D46/><U127/><E90/><V9/><F125/><W50/><G36/><T91/><D91/><U95/><E127/><V28/><F112/><W8/><G42/><T129/><D25/><U30/><E39/><V117/><F117/><W101/><G101/><T67/><D67/><U126/><E102/><V16/><F38/><W81/><G93/><T54/><D54/><U94/><E37/><V40/><REACH who="2" step="1"/><F92/><REACH who="2" ten="356,225,206,203" step="2"/><W96/><G81/><T71/><D71/><U108/><E126/><V107/><F107/><W49/><G82/><T18/><D18/><AGARI ba="0,1" hai="7,9,13,16,18,22,24,28,40,47,51,55,59,62" machi="18" ten="40,5200,0" yaku="1,1,8,1,54,1,53,0" doraHai="123" doraHaiUra="66" who="2" fromWho="0" sc="356,-52,225,0,206,62,203,0" /><INIT seed="5,0,0,3,0,15" ten="304,225,268,203" oya="1" hai0="121,9,22,91,30,126,39,95,74,23,82,7,24" hai1="61,135,92,1,38,113,67,131,87,98,21,6,99" hai2="29,69,5,35,32,101,118,47,28,40,108,37,48" hai3="53,107,44,20,84,97,8,85,83,27,54,17,19"/><U51/><E38/><V16/><F69/><W119/><G119/><T49/><D121/><U109/><E135/><V70/><F70/><W57/><G107/><T89/><D39/><U42/><E109/><V122/><F118/><W18/><G97/><T110/><D110/><U120/><E120/><V62/><F122/><W81/><G44/><T75/><D126/><U134/><E134/><V13/><F108/><W0/><G0/><T123/><D123/><U36/><E36/><V105/><F62/><N who="3" m="36143" /><G54/><T50/><D75/><U73/><E73/><V58/><F5/><W76/><G8/><T94/><D74/><U12/><E1/><V125/><F125/><W102/><G102/><T80/><D23/><U111/><E111/><V2/><F2/><W43/><G43/><T100/><D100/><U132/><E42/><V55/><F101/><W88/><AGARI ba="0,0" hai="17,18,19,20,27,76,81,83,84,85,88" m="36143" machi="88" ten="30,8000,1" yaku="8,1,52,3,54,1" doraHai="15" who="3" fromWho="3" sc="304,-20,225,-40,268,-20,203,80" /><INIT seed="6,0,0,0,0,63" ten="284,185,248,283" oya="2" hai0="126,131,92,98,82,12,15,17,127,45,4,67,96" hai1="8,125,85,35,24,77,130,20,79,37,30,13,66" hai2="106,16,61,40,41,29,129,57,110,52,43,70,26" hai3="39,72,50,62,114,120,31,46,93,133,0,38,18"/><V135/><F106/><W25/><G72/><T64/><D131/><U47/><E130/><V104/><F104/><W108/><G0/><T123/><D123/><U90/><E125/><N who="0" m="47625" /><D82/><U119/><E119/><V75/><F75/><W53/><G108/><T109/><D109/><U6/><E66/><N who="0" m="25129" /><D92/><U48/><E37/><V42/><F129/><W89/><G39/><T73/><D73/><U27/><E27/><V7/><F110/><W78/><G38/><T117/><D117/><U134/><E134/><V102/><F135/><W122/><G133/><T113/><D113/><U83/><REACH who="1" step="1"/><E35/><REACH who="1" ten="284,175,248,283" step="2"/><V101/><F26/><W5/><G25/><T103/><D103/><U55/><AGARI ba="0,1" hai="6,8,13,20,24,30,47,48,55,77,79,83,85,90" machi="55" ten="20,12000,2" yaku="1,1,2,1,0,1,7,1,8,1,53,1" doraHai="63" doraHaiUra="3" who="1" fromWho="1" sc="284,-30,175,130,248,-60,283,-30" /><INIT seed="7,0,0,3,1,134" ten="254,305,188,253" oya="3" hai0="0,86,98,77,93,110,69,71,59,74,7,122,5" hai1="24,6,128,73,50,81,26,89,22,31,133,11,38" hai2="40,61,64,85,83,39,13,25,29,116,52,21,114" hai3="72,10,97,35,27,15,78,95,102,28,131,66,12"/><W101/><G131/><T56/><D110/><U119/><E38/><V4/><F116/><W65/><G102/><T62/><D122/><U47/><E128/><V53/><F114/><W37/><G37/><T20/><D74/><U106/><E106/><V129/><F129/><W41/><G41/><T75/><D75/><U23/><E133/><V68/><F4/><N who="0" m="1610" /><D0/><U18/><E119/><V125/><F13/><W2/><G2/><T120/><D71/><U34/><E34/><V67/><F67/><W109/><G109/><T49/><D69/><U115/><E115/><V96/><F96/><W126/><G126/><T46/><D120/><U30/><E73/><V91/><REACH who="2" step="1"/><F125/><REACH who="2" ten="254,305,178,253" step="2"/><W82/><G15/><T90/><D98/><U17/><E26/><V76/><F76/><W70/><G70/><T9/><D77/><U117/><E24/><V63/><F63/><W1/><G1/><T45/><D62/><U16/><E6/><AGARI ba="0,1" hai="6,10,12,27,28,35,65,66,72,78,82,95,97,101" machi="6" ten="30,1500,0" yaku="7,1" doraHai="134" who="3" fromWho="1" sc="254,0,305,-15,178,0,253,25" /><INIT seed="7,1,0,4,5,97" ten="254,290,178,278" oya="3" hai0="67,10,94,114,87,127,50,35,122,130,71,118,31" hai1="45,55,36,133,103,75,2,92,116,108,77,20,17" hai2="46,49,0,32,16,58,4,66,93,15,123,18,42" hai3="14,124,74,113,120,8,52,28,62,73,106,91,25"/><W107/><G120/><T121/><D122/><U41/><E108/><V44/><F123/><W119/><G119/><T80/><D121/><U115/><E2/><V134/><F134/><W21/><G124/><T100/><D118/><U22/><E116/><V76/><F32/><W78/><G113/><T39/><D39/><U85/><E115/><V98/><F76/><W82/><G91/><T135/><D114/><U9/><E55/><V96/><F0/><W72/><G106/><T90/><D135/><U1/><E1/><V65/><F46/><W64/><G107/><T110/><D110/><U43/><E43/><V5/><F96/><W111/><G111/><T69/><D127/><U101/><E75/><V104/><F104/><W86/><G52/><T3/><D67/><N who="2" m="25610" /><F58/><W109/><G109/><T60/><D60/><U11/><E133/><V26/><F26/><W83/><G62/><T129/><D50/><U7/><E11/><N who="2" m="4591" /><F4/><W37/><G37/><T102/><D69/><U126/><E126/><V27/><F27/><W99/><G99/><N who="0" m="57815" /><D71/><U131/><E7/><V51/><F51/><W23/><G64/><T105/><D105/><U68/><E68/><V30/><F30/><W61/><G61/><T112/><D112/><U13/><E131/><N who="0" m="50185" /><D31/><U6/><E6/><V57/><F57/><W88/><G23/><T24/><D35/><U84/><E22/><V38/><F38/><W95/><G73/><T40/><D40/><U63/><E20/><V54/><F42/><W56/><G56/><T59/><D59/><U125/><E125/><V12/><F12/><W117/><G117/><RYUUKYOKU ba="1,0" sc="254,-10,290,-10,178,30,278,-10" hai2="16,18,44,49,54,93,98" /><INIT seed="8,2,0,1,1,40" ten="244,280,208,268" oya="0" hai0="65,59,0,76,57,11,36,103,21,78,67,9,6" hai1="73,92,7,3,85,38,121,32,130,80,61,29,70" hai2="125,91,50,126,132,115,89,45,49,88,16,68,55" hai3="35,52,133,109,96,128,62,93,26,79,10,17,134"/><T127/><D36/><U97/><E121/><V43/><F115/><W110/><G79/><T74/><D127/><N who="2" m="48650" /><F132/><N who="3" m="50795" /><G35/><T102/><D21/><U34/><E73/><V77/><F68/><W19/><G128/><T116/><D6/><U105/><E38/><V56/><F77/><W37/><G37/><T41/><D41/><U15/><E3/><V129/><F129/><W84/><G84/><T23/><D23/><U90/><E130/><V100/><F100/><N who="3" m="60431" /><G26/><T58/><D58/><U2/><E2/><V72/><F72/><W99/><G99/><T101/><D101/><U13/><E105/><V51/><F50/><W81/><G81/><T1/><D74/><U107/><E107/><V117/><F117/><AGARI ba="2,0" hai="0,1,9,11,57,59,65,67,76,78,102,103,116,117" machi="117" ten="25,2400,0" yaku="22,2" doraHai="40" who="0" fromWho="2" sc="244,30,280,0,208,-30,268,0" /><INIT seed="8,3,0,0,3,68" ten="274,280,178,268" oya="0" hai0="117,42,63,115,38,37,54,33,124,135,50,30,66" hai1="86,110,130,23,5,88,47,62,107,6,16,97,94" hai2="105,106,69,72,58,3,8,89,43,65,103,85,104" hai3="1,0,44,93,39,131,82,4,78,87,56,108,2"/><T24/><D115/><U12/><E110/><V96/><F72/><W46/><G108/><T25/><D117/><U74/><E74/><V109/><F109/><W134/><G134/><T84/><D135/><U49/><E130/><V14/><F69/><W116/><G131/><T26/><D124/><U118/><E118/><V64/><F3/><W17/><G116/><T15/><D26/><U122/><E122/><V102/><F43/><W53/><G17/><T45/><D25/><U11/><E62/><V77/><F77/><W95/><G4/><N who="1" m="1642" /><E107/><V10/><F58/><W60/><G46/><T79/><D15/><U32/><E32/><V28/><F28/><W36/><G44/><T127/><D127/><U22/><E97/><V52/><F52/><AGARI ba="3,0" hai="11,12,16,22,23,47,49,52,86,88,94" m="1642" machi="52" ten="30,7700,0" yaku="8,1,54,3" doraHai="68" who="1" fromWho="2" sc="274,0,280,86,178,-86,268,0" owari="274,7.0,366,47.0,92,-41.0,268,-13.0" /></mjloggm>