<mjloggm ver="2.3"><GO type="169"/><UN n0="%E3%83%9E%E3%82%AF%E3%83%AD%E3%83%99%E3%83%BC%E3%82%BF" n1="%E3%82%AA%E3%82%BA%E3%82%B0%E3%83%AB%E3%83%BC%E3%83%97" n2="%EF%BC%88%E2%89%A7%E2%96%BD%E2%89%A6%EF%BC%89" n3="%6D%61%63%6A%72" dan="16,16,17,16" rate="2090,2138,2124,2087" sx="M,M,M,M"/><TAIKYOKU oya="0"/><INIT seed="0,0,0,1,1,92" ten="250,250,250,250" oya="0" hai0="107,39,134,85,86,112,4,129,49,62,125,98,67" hai1="52,66,48,33,130,46,1,45,89,83,3,124,14" hai2="104,57,61,63,50,119,22,9,76,53,27,99,20" hai3="96,122,35,24,26,117,36,7,133,55,71,38,108"/><T68/><D112/><U84/><E33/><V58/><F119/><W0/><G117/><T78/><D39/><U103/><E130/><V94/><F104/><W70/><G108/><T114/><D114/><U100/><E124/><V47/><F76/><W60/><G55/><T59/><D129/><U81/><E66/><V80/><F80/><W11/><G26/><T30/><D125/><U95/><E3/><V65/><F9/><W8/><G8/><T2/><D78/><U43/><E1/><V42/><REACH who="2" step="1"/><F27/><REACH who="2" ten="250,250,240,250" step="2"/><W102/><G122/><T32/><D2/><U90/><E83/><V126/><F126/><W101/><G24/><N who="0" m="18503" /><D134/><U56/><E14/><V21/><F21/><W106/><G133/><T109/><D109/><U87/><REACH who="1" step="1"/><E46/><REACH who="1" ten="250,240,240,250" step="2"/><V23/><F23/><W10/><G0/><T72/><D72/><U74/><E74/><V111/><F111/><W93/><G35/><T34/><D34/><U13/><E13/><V123/><F123/><W110/><G110/><T54/><D4/><U25/><E25/><V75/><F75/><W73/><G73/><T135/><D135/><U6/><E6/><V40/><F40/><W15/><G7/><T116/><D116/><U132/><E132/><V19/><F19/><W29/><G15/><T115/><D115/><U18/><E18/><V79/><F79/><W16/><G16/><T113/><D113/><U44/><E44/><V51/><F51/><AGARI ba="0,2" hai="43,45,48,51,52,56,81,84,87,89,90,95,100,103" machi="51" ten="30,7700,0" yaku="1,1,7,1,8,1,54,1,53,0" doraHai="92" doraHaiUra="28" who="1" fromWho="2" sc="250,0,240,97,240,-77,250,0" /><INIT seed="1,0,0,5,5,108" ten="250,337,163,250" oya="1" hai0="42,65,114,22,115,13,76,80,131,101,46,23,123" hai1="93,77,99,0,127,130,8,38,133,91,52,30,62" hai2="95,110,90,9,105,122,119,6,11,35,45,70,86" hai3="58,73,63,129,125,102,18,84,50,78,48,71,14"/><U82/><E130/><V124/><F122/><W98/><G73/><T26/><D131/><U61/><E133/><V83/><F119/><W53/><G129/><T25/><D123/><U17/><E127/><V68/><F110/><W103/><G125/><T44/><D101/><U106/><E38/><V104/><F124/><W128/><G128/><T87/><D65/><U89/><E30/><V7/><F35/><W66/><G50/><T39/><D13/><U92/><E106/><V54/><F105/><W75/><G75/><T24/><REACH who="0" step="1"/><D46/><REACH who="0" ten="240,337,163,250" step="2"/><U10/><E0/><V12/><F104/><W107/><G102/><T29/><D29/><U134/><E134/><V1/><F45/><W94/><G14/><T88/><D88/><U51/><E91/><V96/><REACH who="2" step="1"/><F54/><REACH who="2" ten="240,337,153,250" step="2"/><W3/><G53/><T4/><D4/><U116/><E52/><V5/><F5/><W33/><G107/><T113/><AGARI ba="0,2" hai="22,23,24,25,26,39,42,44,76,80,87,113,114,115" machi="113" ten="40,12000,2" yaku="1,1,0,1,52,3,53,2" doraHai="108" doraHaiUra="16" who="0" fromWho="0" sc="240,140,337,-60,153,-30,250,-30" /><INIT seed="2,0,0,4,5,10" ten="380,277,123,220" oya="2" hai0="83,121,77,16,33,4,108,49,27,102,133,129,25" hai1="38,99,59,28,80,106,130,78,70,57,135,24,34" hai2="71,62,45,23,60,82,29,79,103,111,68,65,51" hai3="21,73,127,120,64,92,134,61,87,47,7,86,118"/><V88/><F103/><W41/><G73/><T110/><D121/><U126/><E126/><V17/><F29/><W37/><G120/><T66/><D4/><U30/><E130/><V40/><F111/><N who="0" m="42538" /><D129/><U122/><E135/><V101/><F101/><W97/><G118/><T3/><D3/><U119/><E122/><V132/><F132/><W69/><G127/><T131/><D131/><U85/><E119/><V8/><F8/><W95/><G134/><T116/><D66/><U72/><E30/><V109/><F109/><W81/><G7/><T12/><D116/><U31/><E31/><V44/><F44/><W9/><G9/><N who="0" m="6159" /><D33/><U75/><E38/><V39/><F39/><W74/><G37/><T18/><D102/><U20/><E34/><V43/><F65/><W13/><G64/><T112/><D112/><U0/><E70/><V98/><F71/><W5/><G5/><T113/><D113/><U6/><E0/><V54/><F68/><W26/><G69/><T105/><D105/><U52/><E6/><V32/><F32/><W1/><G1/><T67/><D67/><U84/><E106/><V50/><F23/><W123/><G21/><T114/><D114/><U107/><E107/><V46/><F17/><W55/><G123/><T53/><D18/><U11/><E28/><V125/><F125/><W100/><G100/><T94/><D133/><U42/><E11/><V56/><F40/><W104/><G41/><T124/><D124/><U90/><E42/><V58/><F43/><W48/><G104/><T36/><D36/><U128/><E128/><V22/><F22/><RYUUKYOKU ba="0,0" sc="380,0,277,0,123,0,220,0" /><INIT seed="3,1,0,1,2,102" ten="380,277,123,220" oya="3" hai0="63,71,15,31,56,83,6,42,96,40,8,33,61" hai1="14,125,98,109,28,24,111,115,69,87,55,22,27" hai2="9,74,51,81,114,128,20,0,117,88,50,12,66" hai3="30,110,120,26,77,41,65,48,123,97,99,85,113"/><W53/><G113/><T49/><D71/><U112/><E69/><V122/><F117/><W73/><G73/><T47/><D40/><U101/><E87/><V91/><F114/><N who="1" m="43561" /><E55/><V116/><F122/><W52/><G65/><T68/><D68/><U118/><E98/><N who="3" m="37386" /><G120/><T75/><D75/><U103/><E101/><V76/><F116/><W92/><G123/><T134/><D134/><U21/><E103/><V84/><F128/><W11/><G110/><N who="1" m="41994" /><E118/><V100/><F100/><W4/><G26/><T82/><D96/><U124/><E14/><V132/><F132/><W67/><G67/><T10/><D63/><U131/><E131/><V60/><F60/><W7/><G41/><T62/><D62/><U79/><E79/><V44/><F66/><W19/><G53/><T130/><D130/><U104/><E104/><V129/><F129/><W45/><G77/><T95/><D42/><U3/><E3/><V94/><F91/><N who="3" m="53359" /><G30/><AGARI ba="1,0" hai="21,22,24,27,28,30,124,125" m="41994,43561" machi="30" ten="30,3900,0" yaku="14,1,34,2" doraHai="102" who="1" fromWho="3" sc="380,0,277,42,123,0,220,-42" /><INIT seed="4,0,0,1,4,123" ten="380,319,123,178" oya="0" hai0="22,77,17,8,49,134,84,92,90,1,73,27,5" hai1="96,109,26,28,72,21,35,3,127,11,29,10,0" hai2="38,20,18,81,87,47,124,95,99,16,12,89,13" hai3="14,45,68,6,132,24,60,133,85,112,19,64,129"/><T48/><REACH who="0" step="1"/><D134/><REACH who="0" ten="370,319,123,178" step="2"/><U40/><E72/><V54/><F124/><W9/><G132/><T128/><D128/><U111/><E40/><V71/><F71/><W110/><G129/><T67/><D67/><U82/><E82/><AGARI ba="0,1" hai="1,5,8,17,22,27,48,49,73,77,82,84,90,92" machi="82" ten="40,3900,0" yaku="21,2,53,0" doraHai="123" doraHaiUra="130" who="0" fromWho="1" sc="370,49,319,-39,123,0,178,0" /><INIT seed="4,1,0,5,2,7" ten="419,280,123,178" oya="0" hai0="54,5,91,124,83,3,74,22,40,68,119,12,30" hai1="57,114,66,37,102,77,1,62,123,107,17,88,9" hai2="133,70,47,19,69,113,92,21,43,79,128,78,111" hai3="89,35,60,87,64,112,15,38,75,71,131,10,32"/><T118/><D68/><U18/><E123/><V13/><F111/><W27/><G112/><T59/><D3/><U117/><E37/><V16/><F113/><W11/><G75/><T8/><D40/><U126/><E114/><V106/><F106/><W39/><G131/><T134/><D134/><U99/><E117/><V2/><F2/><W28/><G32/><T67/><D67/><U103/><E126/><V36/><F133/><W120/><G120/><T34/><D34/><U20/><E77/><V125/><F125/><W76/><G76/><T130/><D130/><U85/><E103/><V31/><F128/><W115/><G115/><T58/><D58/><U110/><E110/><V122/><F122/><W0/><G0/><T72/><D72/><U108/><E108/><V98/><F31/><W51/><G51/><T95/><D124/><U127/><E127/><V84/><F78/><W121/><G121/><T82/><D74/><U90/><E85/><V6/><F6/><W48/><G48/><N who="0" m="31175" /><D118/><U4/><REACH who="1" step="1"/><E18/><REACH who="1" ten="419,270,123,178" step="2"/><V65/><F19/><W24/><G38/><T55/><D119/><U46/><E46/><V94/><F79/><W105/><G39/><T41/><D30/><U86/><E86/><V26/><F84/><W116/><G116/><T25/><D83/><U96/><E96/><V104/><F98/><W56/><G28/><T80/><D82/><U14/><AGARI ba="1,1" hai="1,4,9,14,17,20,57,62,66,88,90,99,102,107" machi="14" ten="20,12000,2" yaku="1,1,0,1,7,1,52,1,54,1,53,1" doraHai="7" doraHaiUra="101" who="1" fromWho="1" sc="419,-61,270,133,123,-31,178,-31" /><INIT seed="5,0,0,3,3,10" ten="358,403,92,147" oya="1" hai0="75,127,123,74,37,35,20,57,91,118,131,40,63" hai1="8,16,89,12,97,99,100,105,59,3,23,1,103" hai2="94,30,95,52,62,53,64,38,4,55,44,28,128" hai3="82,58,102,133,108,69,79,68,88,66,86,9,111"/><U101/><E89/><V132/><F128/><W121/><G121/><T18/><D35/><U73/><E73/><V17/><F132/><W49/><G133/><T45/><D131/><U124/><E124/><V27/><F4/><W77/><G102/><T109/><D109/><U107/><E103/><V21/><F44/><W76/><G9/><T67/><D118/><U129/><E129/><V90/><F38/><W31/><G31/><T104/><D104/><U26/><REACH who="1" step="1"/><E59/><REACH who="1" ten="358,393,92,147" step="2"/><V119/><F119/><W85/><G108/><T80/><D127/><U5/><AGARI ba="0,1" hai="1,3,5,8,12,16,23,26,97,99,100,101,105,107" machi="5" ten="20,18000,2" yaku="1,1,2,1,0,1,7,1,9,1,52,1,54,1,53,0" doraHai="10" doraHaiUra="43" who="1" fromWho="1" sc="358,-60,393,190,92,-60,147,-60" /><INIT seed="5,1,0,3,4,54" ten="298,583,32,87" oya="1" hai0="52,59,118,28,130,10,129,85,135,8,77,98,74" hai1="89,16,33,88,106,91,128,97,70,29,56,108,32" hai2="55,122,65,126,110,113,127,93,84,46,39,72,78" hai3="120,99,117,75,96,116,67,22,119,90,45,21,53"/><U58/><E70/><V43/><F122/><W37/><G120/><T41/><D74/><U6/><E6/><V36/><F72/><W87/><G75/><T63/><D118/><U132/><E29/><V9/><F110/><W115/><G115/><T57/><D135/><U64/><E64/><V80/><F113/><W24/><G67/><T105/><D28/><U83/><E83/><V112/><F112/><W50/><G37/><T18/><D41/><U82/><E82/><V34/><F34/><W79/><G79/><T13/><D77/><U49/><E108/><V81/><F81/><W66/><G66/><T71/><D71/><U76/><E76/><V11/><F36/><W19/><REACH who="3" step="1"/><G22/><REACH who="3" ten="298,583,32,77" step="2"/><T20/><D20/><U95/><E33/><V12/><F65/><W47/><G47/><T69/><D69/><U73/><E32/><V0/><F78/><W27/><G27/><T14/><D129/><U42/><E73/><V44/><F46/><W68/><G68/><T61/><D130/><U26/><E128/><V107/><F44/><W121/><G121/><T133/><D133/><U111/><E132/><V101/><F39/><W134/><G134/><T2/><D10/><U30/><E111/><V125/><F9/><W60/><G60/><T100/><D8/><U1/><E1/><V104/><F0/><W48/><G48/><T124/><D2/><U4/><E49/><V102/><F11/><W92/><AGARI ba="1,1" hai="19,21,24,45,50,53,87,90,92,96,99,116,117,119" machi="92" ten="30,7900,0" yaku="1,1,0,1,12,1,53,1" doraHai="54" doraHaiUra="15" who="3" fromWho="3" sc="298,-21,583,-40,32,-21,77,92" /><INIT seed="6,0,0,0,5,120" ten="277,543,11,169" oya="2" hai0="75,84,66,12,72,89,65,69,74,46,102,103,42" hai1="11,18,31,32,37,118,93,22,51,45,114,104,95" hai2="86,90,71,49,26,77,98,19,108,58,56,23,115" hai3="25,16,112,73,52,7,36,121,35,15,28,123,106"/><V128/><F115/><W80/><G106/><T48/><D12/><U127/><E104/><V70/><F128/><W1/><G36/><T27/><D27/><U64/><E37/><V83/><F108/><W116/><G116/><T67/><D69/><U20/><E32/><V97/><F71/><W111/><G112/><T2/><D2/><U134/><E114/><V47/><F70/><W40/><G40/><T107/><D107/><U109/><E118/><V94/><REACH who="2" step="1"/><F98/><REACH who="2" ten="277,543,1,169" step="2"/><W78/><G111/><T122/><D122/><U99/><E109/><V124/><F124/><W100/><G121/><T59/><D75/><U57/><E127/><V34/><F34/><W85/><G123/><T79/><D74/><U4/><E99/><V105/><F105/><W10/><G73/><T101/><D72/><U82/><E134/><V43/><AGARI ba="0,1" hai="19,23,26,43,47,49,56,58,77,83,86,90,94,97" machi="43" ten="20,7800,0" yaku="1,1,0,1,7,1,8,1,53,0" doraHai="120" doraHaiUra="110" who="2" fromWho="2" sc="277,-26,543,-26,1,88,169,-26" /><INIT seed="6,1,0,3,0,128" ten="251,517,89,143" oya="2" hai0="85,37,92,17,60,120,124,93,79,123,74,53,69" hai1="5,80,27,133,33,102,30,4,39,121,94,117,61" hai2="114,11,2,0,125,130,122,113,41,47,63,100,126" hai3="21,57,104,65,46,110,106,98,55,56,91,14,127"/><V116/><F100/><W89/><G110/><T83/><D37/><U13/><E39/><N who="2" m="21951" /><F116/><W66/><G104/><T3/><D3/><N who="2" m="1066" /><F122/><W86/><G106/><T15/><D92/><U34/><E117/><V135/><F130/><W76/><G76/><T28/><D28/><U73/><E121/><V49/><F11/><W62/><G46/><T19/><D19/><U77/><E102/><V24/><F24/><W51/><G65/><T59/><D69/><U52/><E94/><V23/><F23/><W82/><G127/><N who="2" m="48649" /><F49/><W107/><G107/><T68/><D68/><U96/><E13/><V26/><F26/><W58/><G14/><T131/><D124/><U112/><E96/><V1/><N who="2" m="1074" /><V32/><DORA hai="45" /><F32/><W103/><G21/><T108/><D131/><U9/><E34/><V38/><F38/><W18/><G103/><T87/><D120/><U44/><E9/><V43/><F43/><W97/><G51/><T10/><D123/><U134/><E4/><V111/><F111/><W81/><G62/><T20/><D108/><U22/><E5/><V119/><F119/><W99/><G18/><T88/><D10/><U71/><E33/><V31/><F31/><W101/><G101/><T78/><D20/><U16/><E30/><V72/><F72/><W67/><G55/><T6/><D74/><U75/><E75/><V36/><F36/><W8/><G8/><N who="0" m="6375" /><D6/><U95/><E73/><V29/><F29/><W54/><G54/><T25/><D25/><U109/><E27/><V50/><F63/><W105/><G105/><T40/><D40/><U118/><E61/><RYUUKYOKU ba="1,0" sc="251,15,517,-15,89,-15,143,15" hai0="53,59,60,78,79,83,85,87,88,93" hai3="56,57,58,66,67,81,82,86,89,91,97,98,99" /><INIT seed="7,2,0,2,4,38" ten="266,502,74,158" oya="3" hai0="27,14,115,119,126,5,28,74,6,100,0,57,131" hai1="102,80,113,51,72,25,29,44,81,56,129,114,39" hai2="41,123,7,90,103,73,15,23,127,76,20,9,53" hai3="10,34,68,91,21,31,58,33,96,94,133,125,104"/><W135/><G68/><T52/><D74/><U11/><E39/><V30/><F127/><W61/><G125/><T108/><D108/><U62/><E102/><V32/><F123/><W26/><G104/><T45/><D119/><U77/><E11/><V106/><F32/><W36/><G36/><T1/><D100/><U16/><E129/><V37/><F30/><W120/><G120/><T69/><D69/><U121/><E121/><V60/><F90/><W3/><G3/><T43/><D131/><U12/><E81/><V86/><F73/><W67/><G10/><T107/><D107/><U117/><E117/><V78/><F103/><W75/><G75/><T8/><D6/><U87/><E72/><V35/><F35/><W118/><G118/><T48/><D126/><U112/><E29/><V66/><F106/><W93/><G93/><T63/><D115/><U101/><E25/><V98/><F98/><W2/><G2/><T18/><D5/><U111/><E101/><V83/><F76/><W89/><G89/><T4/><D4/><U19/><E111/><V54/><F23/><AGARI ba="2,0" hai="0,1,8,14,18,23,27,28,43,45,48,52,57,63" machi="23" ten="30,3900,0" yaku="7,1,52,1,54,1" doraHai="38" who="0" fromWho="2" sc="266,45,502,0,74,-45,158,0" owari="311,11.0,502,60.0,29,-47.0,158,-24.0" /></mjloggm>