<mjloggm ver="2.3"><GO type="41"/><UN n0="%36%39%35%36" n1="%E3%82%A6%E3%83%AB%E3%83%88%E3%83%A9%E7%AB%8B%E7%9B%B4" n2="%79%75%6B%69%63%68%61" n3="%E6%9C%88%E5%8D%83%E4%B8%80%E5%A4%9C" dan="14,15,14,15" rate="1883,2016,1862,1977" sx="M,M,F,F"/><TAIKYOKU oya="0"/><INIT seed="0,0,0,2,5,115" ten="250,250,250,250" oya="0" hai0="87,75,128,15,79,7,120,56,25,119,37,124,97" hai1="29,127,16,106,23,117,62,51,135,20,118,22,5" hai2="11,58,101,130,43,90,14,114,13,88,67,93,112" hai3="8,55,1,126,94,122,6,35,38,65,36,33,131"/><T47/><D120/><U18/><E106/><V68/><F68/><W83/><G122/><T78/><D124/><U3/><E62/><V132/><F132/><W21/><G126/><T123/><D123/><U60/><E60/><V41/><F130/><W49/><G131/><T39/><D128/><U89/><E127/><V9/><F58/><W10/><G65/><T91/><D25/><U77/><E77/><V107/><F67/><W71/><G71/><T96/><D75/><U72/><E72/><V125/><F125/><W86/><G94/><T28/><D28/><U52/><E29/><V103/><REACH who="2" step="1"/><F93/><REACH who="2" ten="250,250,240,250" step="2"/><W98/><G38/><T17/><D56/><U64/><E64/><V121/><F121/><W59/><G36/><T66/><D66/><U30/><E135/><V63/><F63/><W100/><G10/><T4/><D47/><U104/><E104/><AGARI ba="0,1" hai="9,11,13,14,41,43,88,90,101,103,104,107,112,114" machi="104" ten="25,6400,0" yaku="1,1,22,2,54,1,53,0" doraHai="115" doraHaiUra="48" who="2" fromWho="1" sc="250,0,250,-64,240,74,250,0" /><INIT seed="1,0,0,3,5,79" ten="250,186,314,250" oya="1" hai0="9,109,87,44,133,14,89,108,111,129,62,110,68" hai1="42,61,35,95,11,0,69,90,1,53,31,21,130" hai2="57,120,50,33,76,2,45,103,26,17,25,6,28" hai3="105,38,75,52,43,107,12,24,122,97,125,116,131"/><U64/><E130/><V67/><F120/><W23/><G122/><T117/><D117/><U48/><E35/><V82/><F103/><W7/><G131/><T22/><D129/><U91/><E42/><V60/><F25/><W83/><G116/><T34/><D34/><U15/><E1/><V102/><F17/><W112/><G112/><T73/><D73/><U18/><E0/><V78/><F102/><W13/><G125/><T46/><D133/><U16/><E31/><V59/><F78/><W63/><G43/><T40/><D22/><U19/><E95/><V80/><F59/><W119/><G38/><T100/><D100/><U51/><E51/><V8/><F76/><W106/><G97/><T5/><N who="0" m="28160" /><DORA hai="20" /><T93/><D40/><AGARI ba="0,0" hai="2,6,8,26,28,33,40,45,50,57,60,67,80,82" machi="40" ten="30,7700,0" yaku="7,1,52,3" doraHai="79,20" who="2" fromWho="0" sc="250,-77,186,0,314,77,250,0" /><INIT seed="2,0,0,1,3,124" ten="173,186,391,250" oya="2" hai0="76,106,81,15,64,110,90,14,47,134,25,72,13" hai1="101,83,112,94,82,4,24,30,68,77,49,115,0" hai2="60,73,29,44,23,51,87,37,2,56,10,129,102" hai3="96,79,88,86,104,46,70,84,66,9,43,89,97"/><V71/><F73/><W127/><G127/><T12/><D106/><U38/><E38/><V3/><F129/><W45/><G79/><T133/><D110/><U92/><E68/><V58/><F10/><W17/><G104/><T91/><D64/><U75/><E4/><V33/><F33/><W39/><G66/><T114/><D114/><U42/><E0/><V67/><F37/><W50/><G70/><T61/><D61/><U16/><E30/><V18/><F29/><W128/><G128/><T135/><N who="0" m="3584" /><DORA hai="1" /><T108/><D108/><U32/><E32/><V19/><F58/><W8/><G17/><T99/><D25/><U131/><E131/><V123/><F123/><W21/><G39/><T121/><D121/><U130/><E130/><V53/><F71/><W55/><G21/><T105/><D47/><U125/><E125/><V65/><F65/><W7/><G7/><T6/><D6/><U34/><E34/><V93/><F19/><W5/><G5/><T113/><D113/><U40/><E16/><V122/><F122/><W57/><G43/><T74/><D74/><U116/><E24/><V111/><F111/><W120/><G120/><T69/><D69/><U54/><E115/><V27/><F3/><W107/><G107/><T31/><D31/><U98/><E112/><V95/><F2/><W22/><G22/><T126/><D126/><U62/><E62/><V100/><F23/><W41/><G9/><T109/><D109/><U132/><E75/><V28/><F18/><W35/><G8/><T78/><D78/><U11/><E77/><V117/><F27/><RYUUKYOKU ba="0,0" sc="173,30,186,-10,391,-10,250,-10" hai0="72,76,81,90,91,99,105,133,134,135" /><INIT seed="3,1,0,1,5,121" ten="203,176,381,240" oya="3" hai0="9,2,14,126,81,89,65,119,18,64,80,63,78" hai1="8,57,1,84,132,100,7,116,24,94,74,111,124" hai2="0,47,92,3,67,4,33,107,59,85,76,55,99" hai3="21,20,125,25,11,106,39,86,30,113,68,112,135"/><W48/><G39/><T35/><D35/><U95/><E74/><V45/><F107/><W73/><G73/><T17/><D2/><U71/><E71/><V37/><F33/><W52/><G68/><T34/><D34/><U114/><E114/><V93/><F67/><W56/><G106/><T77/><D126/><U58/><E124/><V5/><F3/><W13/><G125/><T16/><D119/><U122/><E122/><V72/><F0/><W54/><G21/><T79/><D89/><U103/><E116/><V129/><F129/><W87/><G135/><T123/><D123/><U101/><E132/><V10/><F72/><W96/><G96/><T102/><D102/><U60/><E84/><V32/><F32/><W41/><G41/><T27/><D27/><U12/><E1/><V115/><F115/><W128/><G128/><T118/><D118/><U130/><E130/><V50/><F37/><W131/><G131/><T46/><D46/><N who="2" m="17418" /><F10/><W28/><G28/><T104/><D104/><U66/><E24/><V31/><F31/><W91/><G112/><T117/><D117/><U36/><E36/><V38/><F38/><W70/><G70/><T134/><D134/><U62/><REACH who="1" step="1"/><E111/><REACH who="1" ten="203,166,381,240" step="2"/><V19/><F85/><W127/><G113/><T108/><D108/><U90/><E90/><V42/><F99/><W23/><G127/><T61/><D14/><U83/><E83/><N who="0" m="31817" /><D9/><U49/><E49/><V40/><F76/><W110/><G110/><T82/><N who="0" m="31825" /><T26/><DORA hai="120" /><D26/><U69/><E69/><V43/><F50/><W51/><G48/><T88/><D88/><RYUUKYOKU ba="1,1" sc="203,15,166,15,381,-15,240,-15" hai0="16,17,18,61,63,64,65,77,78,79" hai1="7,8,12,57,58,60,62,66,94,95,100,101,103" /><INIT seed="4,2,1,0,4,39" ten="218,181,366,225" oya="0" hai0="82,120,121,134,11,60,89,72,7,18,4,127,1" hai1="50,58,52,77,83,101,114,95,75,113,78,22,59" hai2="36,81,133,131,104,16,119,57,32,69,51,68,71" hai3="54,110,125,34,31,123,47,88,111,13,70,122,96"/><T21/><D127/><U65/><E78/><V129/><F133/><W20/><G125/><T105/><D105/><U14/><E101/><V117/><F36/><W6/><G70/><T116/><D116/><N who="2" m="44618" /><F104/><W62/><G34/><T86/><D134/><U33/><E33/><V132/><F32/><W48/><G62/><T126/><D126/><U5/><E95/><V107/><F107/><W45/><G31/><T108/><D108/><U40/><E40/><V124/><F81/><W35/><G35/><T3/><D60/><U25/><E65/><V38/><F38/><W93/><G47/><T27/><REACH who="0" step="1"/><D72/><REACH who="0" ten="208,181,366,225" step="2"/><U103/><E75/><V118/><F118/><W76/><G111/><T46/><D46/><U73/><E114/><V44/><F132/><W100/><G110/><T99/><D99/><U49/><E113/><V115/><F124/><W79/><G45/><T8/><AGARI ba="2,2" hai="1,3,4,7,8,11,18,21,27,82,86,89,120,121" machi="8" ten="30,6000,0" yaku="1,1,0,1,9,1,53,0" doraHai="39" doraHaiUra="67" who="0" fromWho="0" sc="208,86,181,-22,366,-22,225,-22" /><INIT seed="4,3,0,0,5,20" ten="294,159,344,203" oya="0" hai0="24,100,59,130,2,36,34,96,119,84,134,71,75" hai1="33,106,38,115,117,135,103,91,127,47,83,69,94" hai2="52,17,65,45,62,108,129,121,102,28,120,54,9" hai3="4,128,13,97,87,77,41,35,14,64,79,95,125"/><T92/><D36/><U66/><E66/><V0/><F108/><W123/><G35/><T114/><D114/><U90/><E47/><V93/><F129/><W76/><G128/><T12/><D2/><U101/><E33/><V118/><F118/><W80/><G125/><T116/><D116/><U8/><E8/><V58/><F28/><W6/><G123/><T132/><D75/><U37/><E69/><V61/><F45/><W81/><G64/><T113/><D71/><U63/><E63/><V50/><F54/><W3/><G41/><T88/><D113/><U55/><E115/><V43/><F43/><W22/><G3/><T19/><D130/><U67/><E117/><V26/><F0/><W51/><G51/><T15/><D59/><U82/><E67/><V78/><F78/><W40/><G40/><T111/><D111/><U18/><E94/><V10/><F10/><W1/><G1/><T98/><D98/><U74/><E74/><V99/><F9/><W60/><G60/><T27/><D34/><U44/><E44/><V46/><REACH who="2" step="1"/><F62/><REACH who="2" ten="294,159,334,203" step="2"/><W110/><G110/><T85/><D119/><U126/><E55/><V89/><F89/><W7/><G79/><T72/><D72/><U21/><E21/><AGARI ba="3,1" hai="17,21,26,46,50,52,58,61,65,93,99,102,120,121" machi="21" ten="40,8000,1" yaku="1,1,52,1,54,1,53,1" doraHai="20" doraHaiUra="49" who="2" fromWho="1" sc="294,0,159,-89,334,99,203,0" /><INIT seed="5,0,0,5,1,51" ten="294,70,433,203" oya="1" hai0="88,85,109,17,54,42,62,28,86,16,110,2,70" hai1="94,61,25,97,21,103,37,118,45,120,79,106,82" hai2="6,112,81,93,83,91,119,33,49,44,23,5,95" hai3="115,40,116,74,43,105,96,78,19,30,124,121,31"/><U66/><E120/><V47/><F33/><W15/><G121/><T53/><D2/><U22/><E118/><V18/><F119/><W60/><G116/><T34/><D42/><U76/><E37/><V127/><F127/><W68/><G124/><T98/><D70/><U129/><E129/><V12/><F47/><W71/><G115/><T35/><D28/><U75/><E45/><V13/><F13/><W92/><G105/><T46/><D46/><U122/><E122/><V24/><F112/><W101/><G78/><T1/><D1/><U134/><E134/><V26/><F26/><W32/><G74/><T36/><D36/><U72/><E106/><V113/><F113/><W126/><G126/><T52/><D62/><U90/><E90/><V39/><F39/><W64/><G68/><T14/><D14/><U99/><E99/><N who="2" m="57791" /><F95/><W41/><REACH who="3" step="1"/><G32/><REACH who="3" ten="294,70,433,193" step="2"/><N who="0" m="12331" /><D98/><U57/><E79/><V63/><F6/><W107/><G107/><T108/><D88/><U135/><E135/><V0/><F5/><W111/><G111/><T102/><D102/><U100/><E100/><V132/><F132/><W87/><G87/><AGARI ba="0,1" hai="16,17,52,53,54,85,86,87,108,109,110" m="12331" machi="87" ten="40,12000,2" yaku="28,2,52,3,54,2" doraHai="51" who="0" fromWho="3" sc="294,130,70,0,433,0,193,-120" /><INIT seed="6,0,0,5,4,2" ten="424,70,433,73" oya="2" hai0="122,104,21,8,47,31,119,98,41,18,45,54,35" hai1="9,81,74,28,73,36,14,70,46,64,33,50,10" hai2="101,34,65,120,96,72,134,129,106,133,60,13,118" hai3="105,68,123,97,77,99,57,84,59,103,43,69,15"/><V51/><F120/><W12/><G123/><T58/><D122/><U25/><E36/><V17/><F118/><W30/><G30/><T91/><D8/><U110/><E110/><V5/><F34/><W40/><G84/><T44/><D119/><U27/><E27/><V53/><F5/><W135/><G103/><T89/><D31/><U114/><E114/><V32/><F32/><W85/><G85/><T24/><D35/><U115/><E115/><V107/><F72/><W42/><G77/><T109/><D109/><U113/><E113/><V3/><F3/><W4/><G43/><T93/><D41/><U19/><E81/><V1/><F1/><W62/><G62/><N who="0" m="36183" /><D104/><U116/><E116/><V100/><F129/><W52/><G52/><T75/><D75/><U71/><E71/><V11/><F101/><AGARI ba="0,0" hai="18,21,24,44,45,47,89,91,93,98,101" m="36183" machi="101" ten="30,1000,0" yaku="8,1" doraHai="2" who="0" fromWho="2" sc="424,10,70,0,433,-10,73,0" /><INIT seed="7,0,0,1,3,109" ten="434,70,423,73" oya="3" hai0="54,100,17,25,19,79,83,125,59,132,104,97,130" hai1="40,63,57,102,87,2,67,58,80,31,6,48,46" hai2="99,39,0,9,71,107,88,65,103,50,119,105,84" hai3="47,55,20,93,110,74,26,85,72,44,82,121,91"/><W5/><G121/><T96/><D96/><U36/><E2/><V68/><F119/><W135/><G110/><T29/><D125/><U111/><E111/><V16/><F39/><W90/><G135/><T24/><D130/><U64/><E6/><V62/><F105/><W41/><G5/><T66/><D66/><U113/><E113/><V77/><F77/><W112/><G112/><T123/><D132/><U133/><E133/><V120/><F50/><W12/><G12/><T45/><D45/><U49/><E31/><V118/><F118/><W126/><G126/><T23/><D25/><U18/><E102/><V69/><F120/><W75/><G55/><T124/><D124/><U101/><E101/><V127/><F127/><W1/><G1/><T37/><D37/><U116/><E116/><V61/><F61/><W11/><G11/><T13/><D13/><U89/><E18/><V60/><F60/><AGARI ba="0,0" hai="36,40,46,48,49,57,58,60,63,64,67,80,87,89" machi="60" ten="40,1300,0" yaku="9,1" doraHai="109" who="1" fromWho="2" sc="434,0,70,13,423,-13,73,0" owari="434,54.0,83,-32.0,410,21.0,73,-43.0" /></mjloggm>