<mjloggm ver="2.3"><GO type="41"/><UN n0="%E7%9B%B8%E5%8E%9F%E5%AF%BF%E4%BA%BA" n1="%E3%81%95%E3%81%95%E3%81%95%E3%81%95" n2="%59%2D%31%31%32%37" n3="%EF%BC%88%E2%89%A7%E2%96%BD%E2%89%A6%EF%BC%89" dan="13,13,13,14" rate="1891,1889,1810,2016" sx="M,M,M,M"/><TAIKYOKU oya="0"/><INIT seed="0,0,0,4,3,62" ten="250,250,250,250" oya="0" hai0="20,44,11,9,71,85,118,127,102,86,5,61,39" hai1="96,78,6,41,99,47,0,125,28,63,34,133,110" hai2="22,67,53,134,48,10,26,14,55,117,38,32,75" hai3="43,2,37,104,92,87,25,131,108,132,21,128,46"/><T135/><D118/><U120/><E120/><V105/><F75/><W69/><G104/><T36/><D102/><U124/><E133/><V30/><F105/><W45/><G132/><T81/><D135/><U31/><E78/><V60/><F38/><W27/><G2/><T19/><D127/><N who="1" m="48715" /><E110/><V18/><F134/><W126/><G126/><T129/><D129/><N who="3" m="49737" /><G108/><T122/><D122/><U33/><E63/><V13/><F117/><W116/><G116/><T95/><D95/><U1/><E6/><V121/><F121/><W84/><G69/><T58/><D71/><U83/><E83/><V115/><F115/><W54/><G92/><T7/><D44/><U77/><E77/><V50/><F48/><N who="3" m="28943" /><G27/><N who="0" m="14751" /><D39/><N who="1" m="21951" /><E0/><V94/><F94/><W113/><G113/><T98/><D36/><U90/><E90/><V88/><F50/><W89/><G89/><N who="0" m="51375" /><D98/><N who="1" m="37419" /><E1/><V123/><F88/><W101/><G101/><T119/><D86/><U51/><E51/><V29/><F123/><W106/><G106/><T64/><D119/><U49/><E49/><V109/><F109/><W72/><G72/><T103/><D103/><U112/><E112/><V40/><F40/><W52/><G87/><T17/><D17/><U74/><E74/><V73/><F73/><W35/><G84/><T100/><D100/><U12/><E12/><V65/><F14/><W111/><G111/><T107/><D107/><U80/><E80/><V23/><F32/><AGARI ba="0,0" hai="28,31,32,33,34" m="37419,21951,48715" machi="32" ten="30,1000,0" yaku="18,1" doraHai="62" who="1" fromWho="2" sc="250,0,250,10,250,-10,250,0" /><INIT seed="1,0,0,3,0,9" ten="250,260,240,250" oya="1" hai0="34,125,122,123,74,101,35,87,10,1,67,6,5" hai1="90,70,88,116,3,117,47,106,124,109,69,100,113" hai2="24,48,54,7,8,119,62,77,14,78,36,25,97" hai3="60,81,121,51,89,44,65,57,92,131,120,75,59"/><U95/><E113/><V12/><F36/><W22/><G131/><T38/><D74/><U41/><E3/><V15/><F119/><W64/><G22/><T83/><D38/><U0/><E0/><V26/><F62/><W91/><G64/><T23/><D101/><U127/><E106/><V105/><F105/><W4/><G4/><T58/><D125/><N who="1" m="48203" /><E100/><V30/><F97/><W66/><G59/><T31/><D6/><U110/><E41/><V33/><F33/><W42/><G66/><T107/><D107/><U43/><E43/><V93/><F93/><W112/><G112/><T11/><D11/><U61/><E47/><N who="2" m="27935" /><F30/><W56/><G56/><T37/><D37/><U16/><E61/><V53/><F53/><W128/><G128/><T29/><D23/><U27/><E90/><V55/><F55/><W86/><REACH who="3" step="1"/><G75/><REACH who="3" step="2"/><T98/><D67/><U32/><E69/><V94/><F94/><W96/><AGARI ba="0,1" hai="42,44,51,57,60,65,81,86,89,91,92,96,120,121" machi="96" ten="20,5200,0" yaku="1,1,2,1,0,1,7,1,53,0" doraHai="9" doraHaiUra="72" who="3" fromWho="3" sc="250,-13,260,-26,240,-13,240,62" /><INIT seed="2,0,0,1,1,63" ten="237,234,227,302" oya="2" hai0="1,15,113,132,20,129,27,0,51,109,95,135,64" hai1="107,9,67,36,60,61,74,122,119,16,55,72,50" hai2="103,96,80,42,85,47,13,48,77,33,28,59,38" hai3="54,34,10,133,118,45,88,37,108,69,92,134,46"/><V116/><F116/><W84/><G118/><T112/><D109/><U7/><E36/><V12/><F33/><W83/><G108/><T70/><D129/><U17/><E119/><V123/><F123/><W105/><G105/><T75/><D75/><U97/><E61/><V25/><F38/><W120/><G120/><T78/><D78/><U39/><E39/><V49/><F28/><W8/><G34/><T81/><D81/><U100/><E122/><V111/><F25/><W23/><G69/><T86/><D15/><U127/><E127/><V21/><F21/><W56/><G23/><T93/><D51/><U18/><E55/><V65/><F111/><W117/><G117/><T4/><D4/><U114/><E50/><V19/><F19/><W31/><G31/><T115/><D86/><U131/><E114/><V125/><F125/><W106/><G83/><T73/><D73/><U44/><E44/><N who="3" m="17002" /><G106/><T43/><D43/><U40/><E40/><V76/><F76/><W104/><G104/><T2/><D93/><U121/><E131/><V66/><F96/><W29/><G29/><T24/><D95/><U98/><E98/><V90/><F103/><W5/><G5/><T110/><D20/><U30/><E30/><V6/><F77/><W57/><G37/><T58/><D110/><U124/><E124/><V3/><F3/><W126/><G126/><T68/><D24/><U79/><E79/><V91/><F91/><W41/><G41/><T14/><D27/><U71/><E121/><V82/><F82/><W130/><G130/><T32/><D32/><U53/><E53/><RYUUKYOKU ba="0,0" sc="237,-10,234,30,227,-10,302,-10" hai1="7,9,16,17,18,60,67,71,72,74,97,100,107" /><INIT seed="3,1,0,3,0,8" ten="227,264,217,292" oya="3" hai0="17,105,5,22,91,120,3,28,20,103,30,66,33" hai1="96,97,87,14,31,36,59,79,1,102,104,62,44" hai2="40,127,72,67,29,129,51,27,63,100,93,73,84" hai3="71,6,16,34,61,60,124,13,80,132,117,111,54"/><W99/><G117/><T101/><D66/><U135/><E1/><V21/><F127/><W95/><G34/><T133/><D133/><U19/><E135/><V69/><F129/><W86/><G124/><T108/><D108/><U46/><E31/><V42/><F73/><W37/><G132/><T57/><D57/><U53/><E97/><V92/><F72/><W90/><G111/><T106/><D91/><U134/><E134/><V109/><F109/><W15/><G37/><T24/><D120/><U49/><E36/><V32/><F32/><W112/><G112/><T119/><D119/><U128/><E128/><V114/><F114/><W58/><G71/><T47/><D47/><U11/><E79/><V78/><F51/><N who="3" m="31071" /><G6/><T74/><D74/><U113/><E113/><V98/><F78/><N who="3" m="46359" /><G13/><T75/><D75/><U70/><E70/><V89/><AGARI ba="1,0" hai="21,27,29,40,42,63,67,69,84,89,92,93,98,100" machi="89" ten="30,1100,0" yaku="0,1" doraHai="8" who="2" fromWho="2" sc="227,-4,264,-4,217,14,292,-6" /><INIT seed="4,0,0,0,1,18" ten="223,260,231,286" oya="0" hai0="103,85,66,29,80,97,54,69,63,55,102,109,70" hai1="9,16,126,88,131,74,37,81,76,95,31,34,107" hai2="106,24,27,11,104,3,22,0,134,51,8,19,78" hai3="77,41,15,59,84,130,90,113,56,67,65,100,50"/><T72/><D72/><U105/><E37/><V119/><F78/><W112/><G130/><T117/><D117/><U123/><E131/><V4/><F51/><W120/><G120/><T99/><D109/><U14/><E123/><V42/><F42/><W127/><G127/><T28/><D63/><U86/><REACH who="1" step="1"/><E126/><REACH who="1" step="2"/><V93/><F119/><W25/><G113/><T26/><D66/><U91/><E91/><V21/><F134/><W129/><G67/><T121/><D121/><U128/><E128/><V20/><F106/><W82/><G65/><T52/><D103/><U48/><E48/><V60/><F104/><W32/><G50/><T133/><D133/><U89/><E89/><V36/><F36/><W83/><G90/><N who="0" m="51495" /><D70/><U46/><E46/><V94/><F60/><W132/><G100/><T57/><D69/><U7/><E7/><N who="2" m="1127" /><F94/><W5/><G132/><T35/><D57/><U118/><E118/><V45/><F93/><W73/><G59/><T110/><D110/><U101/><E101/><V53/><F45/><W122/><G56/><T108/><D108/><U116/><E116/><V33/><F53/><W125/><G125/><T43/><D43/><U68/><E68/><V30/><AGARI ba="0,1" hai="3,4,11,19,20,21,22,24,27,30,33" m="1127" machi="30" ten="30,16000,3" yaku="35,5,52,3" doraHai="18" who="2" fromWho="2" sc="223,-80,250,-40,231,170,286,-40" /><INIT seed="5,0,0,5,0,97" ten="143,210,401,246" oya="1" hai0="102,50,26,114,54,33,19,124,47,55,133,132,31" hai1="16,20,32,78,84,135,0,18,123,59,115,99,120" hai2="111,6,11,63,130,17,117,121,53,3,45,13,85" hai3="94,58,36,42,62,5,64,51,27,101,48,10,95"/><U70/><E70/><V112/><F121/><W100/><G36/><T106/><D124/><U83/><E0/><V23/><F117/><W98/><G42/><T89/><D114/><U109/><E32/><V34/><F111/><W122/><G122/><T108/><D108/><U28/><E109/><V68/><F130/><W37/><G37/><T107/><D89/><U72/><E115/><V9/><F112/><W30/><G95/><T87/><D87/><U15/><E135/><N who="0" m="51785" /><D19/><U41/><E41/><V90/><F34/><W57/><G101/><T8/><D8/><U35/><E72/><V104/><F104/><N who="0" m="39978" /><D54/><U73/><E73/><V12/><F68/><W77/><G77/><T49/><D49/><U56/><E35/><V126/><F126/><W44/><G57/><T110/><D110/><U92/><E28/><V24/><F11/><W39/><G39/><T79/><D79/><U4/><E4/><V69/><F69/><W103/><G103/><AGARI ba="0,0" hai="26,31,33,47,50,55,102,103" m="39978,51785" machi="103" ten="30,3900,0" yaku="20,1,52,2" doraHai="97" who="0" fromWho="3" sc="143,39,210,0,401,0,246,-39" /><INIT seed="6,0,0,5,4,66" ten="182,210,401,207" oya="2" hai0="129,46,52,110,18,113,82,115,10,131,77,25,8" hai1="69,107,61,27,71,73,103,7,70,15,98,111,96" hai2="0,97,6,93,36,126,65,89,80,94,87,14,31" hai3="108,63,39,47,32,75,130,68,64,2,34,102,120"/><V56/><F36/><W57/><G120/><T118/><D110/><U78/><E111/><V54/><F0/><W50/><G108/><T128/><D118/><U91/><E73/><V121/><F121/><W134/><G134/><T41/><D25/><U23/><E78/><V3/><F3/><W13/><G130/><T104/><D104/><U81/><E7/><V37/><F37/><W55/><G2/><T40/><D18/><U21/><E15/><V86/><F126/><W17/><G102/><T72/><D41/><U112/><E112/><N who="0" m="43081" /><D52/><U26/><E61/><V83/><F31/><W74/><G74/><T95/><D95/><U51/><E51/><AGARI ba="0,0" hai="8,10,40,46,51,72,77,82,128,129,131" m="43081" machi="51" ten="40,2600,0" yaku="19,1,15,1" doraHai="66" who="0" fromWho="1" sc="182,26,210,-26,401,0,207,0" /><INIT seed="7,0,0,2,4,113" ten="208,184,401,207" oya="3" hai0="35,68,2,108,58,131,12,1,86,77,88,72,114" hai1="65,107,4,27,14,83,16,103,20,43,47,102,33" hai2="15,53,28,76,104,39,24,55,119,89,66,3,56" hai3="128,93,118,22,115,67,87,11,62,135,132,121,9"/><W40/><G121/><T97/><D35/><U92/><E107/><V5/><F104/><W81/><G115/><T96/><D68/><U49/><E65/><V94/><F39/><W123/><G123/><T7/><D58/><U6/><E83/><V129/><F3/><W85/><G40/><T105/><D12/><U84/><E102/><V82/><F129/><W26/><G93/><T71/><D71/><U10/><E33/><V41/><F41/><W57/><G128/><T61/><D7/><U38/><E38/><V21/><F119/><W112/><G112/><T116/><D61/><U73/><E73/><V23/><F66/><W42/><G42/><T54/><D72/><U100/><E4/><V0/><F0/><W64/><G64/><T30/><D2/><U124/><E124/><V133/><F133/><N who="3" m="51275" /><G118/><T37/><D1/><U99/><E99/><V69/><F69/><W101/><G101/><T126/><D97/><U125/><E125/><V117/><F117/><W45/><G45/><T19/><D96/><U90/><AGARI ba="0,0" hai="6,10,14,16,20,27,43,47,49,84,90,92,100,103" machi="90" ten="30,4000,0" yaku="0,1,8,1,54,1" doraHai="113" who="1" fromWho="1" sc="208,-10,184,40,401,-10,207,-20" owari="198,-20.0,224,2.0,391,49.0,187,-31.0" /></mjloggm>