<mjloggm ver="2.3"><GO type="41"/><UN n0="%E3%83%AD%E3%83%9E%E3%83%8D%E3%82%B9%E3%82%AF%CF%89" n1="%E3%82%88%E3%81%8A%E3%81%96%E3%82%93" n2="%E3%81%90%E3%82%89%EF%BC%A0" n3="%E3%82%A6%E3%83%AB%E3%83%88%E3%83%A9%E7%AB%8B%E7%9B%B4" dan="13,15,13,15" rate="1860,2009,1968,2025" sx="M,M,M,M"/><TAIKYOKU oya="0"/><INIT seed="0,0,0,0,4,4" ten="250,250,250,250" oya="0" hai0="67,49,111,48,55,113,86,78,132,19,82,53,70" hai1="24,37,18,94,1,0,44,46,57,84,128,108,98" hai2="32,76,116,124,106,101,8,65,75,99,11,74,23" hai3="105,59,62,30,97,56,28,25,130,26,60,85,112"/><T41/><D113/><U115/><E115/><V127/><F32/><W79/><G112/><T90/><D111/><U16/><E108/><V6/><F65/><W20/><G130/><T5/><D132/><U35/><E128/><V92/><F23/><W123/><G123/><T61/><D5/><U77/><E18/><V131/><F131/><W64/><G105/><T42/><D19/><U72/><E72/><V22/><F116/><W133/><G133/><T95/><D49/><U93/><E37/><V126/><F6/><W50/><G50/><T109/><D109/><U10/><E35/><V33/><F33/><W47/><G47/><T58/><REACH who="0" step="1"/><D53/><REACH who="0" ten="240,250,250,250" step="2"/><U52/><E1/><V7/><F7/><W63/><G63/><T134/><D134/><U81/><E0/><V68/><F68/><W91/><G60/><T107/><D107/><U21/><E57/><V17/><F106/><W9/><G59/><T96/><AGARI ba="0,1" hai="41,42,48,55,58,61,67,70,78,82,86,90,95,96" machi="96" ten="20,3900,0" yaku="1,1,0,1,7,1,53,0" doraHai="4" doraHaiUra="103" who="0" fromWho="0" sc="240,49,250,-13,250,-13,250,-13" /><INIT seed="0,1,0,0,4,109" ten="289,237,237,237" oya="0" hai0="121,89,0,91,112,117,94,125,103,36,128,44,63" hai1="9,5,20,13,81,65,134,54,135,1,11,66,73" hai2="129,40,4,15,78,41,85,33,92,102,107,27,131" hai3="70,72,130,118,26,53,28,120,126,58,74,35,48"/><T37/><D0/><U104/><E104/><V99/><F33/><W71/><G118/><T86/><D117/><U114/><E114/><V21/><F4/><W76/><G126/><T25/><D121/><U19/><E73/><V55/><F15/><W119/><G119/><T108/><D125/><U123/><E123/><V93/><F78/><W43/><G120/><T50/><D112/><U62/><E81/><V42/><F55/><W22/><G130/><T87/><D128/><N who="2" m="49226" /><F85/><W80/><G72/><T6/><D108/><U113/><E113/><V83/><F83/><W45/><REACH who="3" step="1"/><G35/><REACH who="3" ten="289,237,237,227" step="2"/><T95/><D36/><AGARI ba="1,1" hai="22,26,28,36,43,45,48,53,58,70,71,74,76,80" machi="36" ten="30,3900,0" yaku="1,1,2,1,7,1,53,0" doraHai="109" doraHaiUra="61" who="3" fromWho="0" sc="289,-42,237,0,237,0,227,52" /><INIT seed="1,0,0,4,3,81" ten="247,237,237,279" oya="1" hai0="8,99,54,84,63,30,31,122,58,34,25,14,93" hai1="107,127,101,121,97,10,51,44,43,6,24,113,103" hai2="112,117,41,86,12,47,38,42,29,40,88,82,27" hai3="123,115,100,28,119,33,39,71,96,105,64,78,116"/><U67/><E121/><V120/><F120/><W26/><G115/><T77/><D122/><U18/><E113/><V61/><F112/><W133/><G123/><T17/><D31/><U72/><E72/><V16/><F117/><W2/><G133/><T66/><D77/><U5/><E127/><V59/><F29/><W75/><G39/><T53/><REACH who="0" step="1"/><D84/><REACH who="0" ten="237,237,237,279" step="2"/><U106/><E67/><V23/><REACH who="2" step="1"/><F27/><REACH who="2" ten="237,237,227,279" step="2"/><W83/><G119/><T45/><D45/><U125/><E125/><V19/><F19/><W70/><G116/><T108/><D108/><U36/><E24/><V98/><F98/><W57/><G26/><T131/><D131/><U20/><E18/><V91/><F91/><AGARI ba="0,2" hai="8,14,17,25,30,34,53,54,58,63,66,91,93,99" machi="91" ten="30,2000,0" yaku="1,1,7,1,53,0" doraHai="81" doraHaiUra="124" who="0" fromWho="2" sc="237,40,237,0,227,-20,279,0" /><INIT seed="2,0,0,3,1,46" ten="277,237,207,279" oya="2" hai0="103,115,78,58,17,33,20,89,125,7,108,8,94" hai1="79,70,16,118,87,23,22,10,3,86,65,9,119" hai2="41,44,107,4,34,105,48,83,73,49,39,24,25" hai3="109,100,90,21,37,60,74,27,71,121,76,113,2"/><V106/><F34/><W67/><G2/><T18/><D115/><U30/><E30/><V43/><F4/><W132/><G113/><T128/><D103/><U29/><E29/><V45/><REACH who="2" step="1"/><F39/><REACH who="2" ten="277,237,197,279" step="2"/><W122/><G37/><T111/><D33/><U19/><E118/><V26/><F26/><W54/><G27/><T47/><D111/><U92/><E119/><V13/><F13/><W5/><G5/><T116/><D108/><U61/><E3/><V80/><F80/><W112/><G109/><T96/><D116/><U127/><E127/><V114/><F114/><W63/><G112/><T104/><D125/><U120/><E120/><V123/><F123/><W36/><G36/><T81/><D128/><U93/><E19/><V50/><F50/><W31/><G121/><T51/><D17/><U52/><E16/><V59/><F59/><W85/><G122/><T97/><D58/><U64/><E70/><V14/><F14/><W72/><G71/><T98/><D18/><U131/><E131/><V38/><F38/><W56/><G56/><T126/><D20/><U11/><E22/><V82/><F82/><W62/><G21/><T42/><D126/><U124/><E23/><V117/><F117/><W57/><G57/><T95/><D104/><U28/><E124/><V68/><F68/><W55/><G31/><T88/><D95/><U35/><E92/><V66/><F66/><W91/><G67/><T99/><D94/><U133/><E93/><V6/><F6/><W134/><G63/><T84/><N who="0" m="25088" /><DORA hai="101" /><T130/><D130/><U75/><E65/><V129/><F129/><RYUUKYOKU ba="0,1" sc="277,15,237,-15,197,15,279,-15" hai0="7,8,42,47,51,78,81,84,88,89" hai2="24,25,41,43,44,45,48,49,73,83,105,106,107" /><INIT seed="2,1,1,0,0,0" ten="292,222,212,264" oya="2" hai0="14,68,101,7,96,117,121,15,116,130,92,105,127" hai1="24,48,120,10,51,89,5,4,72,47,13,67,43" hai2="40,79,94,66,34,50,131,75,128,27,126,103,23" hai3="135,84,29,133,19,54,17,65,25,107,115,45,108"/><V81/><F34/><W16/><G107/><T20/><D68/><U102/><E72/><V76/><F66/><W134/><G115/><T32/><D32/><U87/><E120/><V30/><F79/><W28/><G65/><T74/><D121/><U21/><E102/><V64/><F126/><W38/><G108/><T112/><D127/><U97/><E97/><V41/><F50/><N who="3" m="29007" /><G38/><T56/><D112/><U12/><E67/><V33/><F33/><W63/><G63/><T73/><D130/><N who="2" m="49706" /><F64/><W82/><G25/><T18/><D105/><U55/><E13/><V69/><F69/><W6/><G6/><T119/><REACH who="0" step="1"/><D56/><REACH who="0" ten="282,222,212,264" step="2"/><U8/><E8/><AGARI ba="1,2" hai="7,8,14,15,18,20,73,74,92,96,101,116,117,119" machi="8" ten="40,8000,1" yaku="1,1,2,1,12,1,52,1,53,0" doraHai="0" doraHaiUra="71" who="0" fromWho="1" sc="282,103,222,-83,212,0,264,0" /><INIT seed="3,0,0,0,5,112" ten="385,139,212,264" oya="3" hai0="75,83,12,132,72,128,77,111,73,1,89,46,105" hai1="109,135,54,79,71,57,58,17,126,34,115,55,30" hai2="59,24,10,47,38,68,53,127,69,84,81,61,78" hai3="50,7,56,36,20,102,120,88,95,2,80,118,48"/><W16/><G36/><T94/><D1/><U14/><E71/><V27/><F127/><W21/><G120/><T97/><D111/><U67/><E115/><V41/><F68/><W13/><G7/><T96/><D128/><U91/><E126/><V121/><F121/><W90/><G2/><T123/><D123/><U62/><E135/><V93/><F10/><W110/><G110/><T52/><D132/><U8/><E109/><V32/><F32/><W49/><G102/><T23/><D23/><U11/><E79/><V117/><F117/><W39/><G39/><T125/><D125/><U85/><E34/><V82/><F82/><W5/><G5/><T113/><D113/><U33/><E33/><V108/><F108/><W74/><G118/><T130/><D130/><U60/><E30/><V107/><F107/><W104/><G104/><T66/><D66/><U103/><E103/><V119/><F119/><W51/><G51/><T43/><D52/><N who="1" m="33863" /><E11/><V29/><F29/><W15/><G74/><T42/><D12/><U9/><E8/><V35/><F35/><W116/><G116/><T134/><D134/><U92/><AGARI ba="0,0" hai="9,14,17,54,55,57,62,67,85,91,92" m="33863" machi="92" ten="30,2000,0" yaku="8,1,54,1" doraHai="112" who="1" fromWho="1" sc="385,-5,139,20,212,-5,264,-10" /><INIT seed="4,0,0,0,2,13" ten="380,159,207,254" oya="0" hai0="111,25,12,33,79,124,10,72,78,46,101,126,110" hai1="16,35,48,24,92,18,36,77,26,7,116,55,54" hai2="68,23,130,106,84,109,70,62,123,73,135,94,66" hai3="75,31,41,61,32,132,117,17,102,82,2,88,121"/><T114/><D101/><U89/><E116/><V1/><F1/><W127/><G2/><T38/><D114/><U128/><E36/><V80/><F106/><W57/><G31/><N who="0" m="19695" /><D46/><U22/><E7/><V107/><F107/><W67/><G32/><T53/><D53/><U99/><E128/><V43/><F123/><W50/><G102/><T37/><D79/><U133/><E133/><V49/><F130/><W39/><G132/><T113/><D113/><U42/><E77/><V63/><F135/><W52/><G121/><T69/><D12/><U59/><E35/><V97/><F73/><W20/><G117/><T108/><D10/><U122/><E122/><V27/><F109/><W83/><G75/><T51/><D51/><U76/><E76/><V91/><F49/><W64/><G39/><N who="0" m="14859" /><D69/><U14/><E42/><V0/><F43/><W5/><G5/><T34/><D34/><U96/><E55/><V118/><F118/><W103/><G103/><T86/><D86/><N who="1" m="52279" /><E26/><V125/><F0/><W3/><G3/><T95/><D95/><U85/><E85/><V56/><F63/><W104/><G104/><T28/><D28/><U45/><E45/><V112/><F112/><W29/><G29/><T74/><D74/><U8/><AGARI ba="0,0" hai="8,14,16,18,22,24,48,54,59,96,99" m="52279" machi="8" ten="30,7900,0" yaku="8,1,52,2,54,1" doraHai="13" who="1" fromWho="1" sc="380,-39,159,79,207,-20,254,-20" /><INIT seed="5,0,0,2,4,2" ten="341,238,187,234" oya="1" hai0="8,98,55,134,102,70,44,62,135,77,23,122,36" hai1="39,59,30,96,120,83,12,88,106,63,94,114,92" hai2="32,46,69,107,111,72,3,6,103,87,112,74,71" hai3="130,132,127,34,100,48,4,80,128,116,117,104,25"/><U20/><E120/><V126/><F87/><W57/><G100/><T29/><D122/><U105/><E39/><V51/><F111/><W125/><G104/><T43/><D77/><U108/><E108/><V18/><F18/><W14/><G48/><T13/><D29/><U21/><E114/><V95/><F126/><N who="3" m="48139" /><G57/><T19/><D70/><U45/><E45/><V78/><F95/><W131/><G80/><T31/><D62/><U49/><E49/><V85/><F112/><W76/><G76/><T123/><D55/><U124/><E124/><V67/><F32/><W61/><G61/><T54/><D54/><U113/><E113/><V50/><F67/><W10/><G132/><T37/><D123/><U68/><E68/><V82/><F107/><W22/><G34/><T24/><REACH who="0" step="1"/><D36/><REACH who="0" ten="331,238,187,234" step="2"/><U84/><E63/><V109/><F51/><W38/><G38/><T7/><D7/><U40/><E40/><V64/><F109/><W58/><G58/><T17/><D17/><AGARI ba="0,1" hai="4,10,14,17,22,25,116,117,128,130,131" m="48139" machi="17" ten="40,8000,1" yaku="19,1,18,1,34,2,52,1" doraHai="2" who="3" fromWho="0" sc="331,-80,238,0,187,0,234,90" /><INIT seed="6,0,0,5,0,34" ten="251,238,187,324" oya="2" hai0="32,91,3,98,79,12,22,59,109,67,131,20,103" hai1="24,119,104,52,8,106,58,94,68,17,49,102,44" hai2="111,110,40,120,26,15,66,57,61,114,53,113,21" hai3="122,70,116,130,37,69,45,50,39,100,82,47,123"/><V36/><F15/><W54/><G82/><T117/><D109/><N who="2" m="41482" /><F21/><W0/><G0/><T13/><D32/><U126/><E119/><V72/><F26/><W132/><G100/><T46/><D117/><U75/><E75/><V19/><F19/><W48/><G116/><T118/><D118/><U99/><E68/><N who="3" m="26218" /><G130/><T43/><D131/><U128/><E128/><V16/><F16/><W28/><G28/><T76/><D3/><U65/><E126/><V112/><F72/><W127/><G127/><T23/><D91/><U133/><E133/><V73/><F73/><W7/><G7/><T60/><D103/><U93/><E106/><V9/><F9/><W97/><G97/><T4/><D98/><U121/><E121/><N who="3" m="46090" /><G132/><T35/><D35/><U6/><E65/><V107/><F107/><W87/><G87/><T25/><D25/><U27/><E27/><V101/><F101/><W115/><G115/><T89/><D89/><U84/><E84/><V62/><F120/><W134/><G134/><T42/><D4/><U124/><E124/><V14/><F14/><N who="0" m="5738" /><D46/><U41/><E17/><V86/><F86/><W125/><G125/><T31/><D31/><U18/><E18/><V108/><N who="2" m="41490" /><V55/><DORA hai="71" /><F62/><W80/><G80/><T30/><D30/><U38/><E24/><V5/><F5/><W90/><G90/><T10/><D10/><U85/><E85/><V135/><F135/><W77/><G77/><AGARI ba="0,0" hai="20,22,23,42,43,59,60,67,76,77,79" m="5738" machi="77" ten="30,1000,0" yaku="8,1" doraHai="34,71" who="0" fromWho="3" sc="251,10,238,0,187,0,324,-10" /><INIT seed="7,0,0,3,5,51" ten="261,238,187,314" oya="3" hai0="127,89,83,22,135,13,65,113,29,6,131,44,117" hai1="48,20,79,128,52,73,90,14,120,53,107,74,47" hai2="34,72,10,124,33,114,101,59,88,97,80,116,66" hai3="75,41,102,119,93,126,35,21,8,118,94,2,68"/><W82/><G35/><T71/><D117/><U61/><E120/><V12/><F116/><W18/><G68/><T133/><D71/><U95/><E107/><V64/><F124/><W36/><G126/><T69/><D69/><U98/><E128/><V62/><F114/><W46/><G94/><T134/><D65/><U5/><E79/><V129/><F129/><W76/><G93/><T40/><D127/><U43/><E73/><V32/><F72/><W39/><G102/><T132/><N who="0" m="34304" /><DORA hai="45" /><T42/><D131/><U100/><E74/><V92/><F80/><W1/><G39/><T104/><D104/><U28/><E100/><V125/><F125/><W103/><G103/><T121/><D121/><U130/><E130/><V81/><F81/><W108/><G108/><T50/><D113/><U112/><E112/><V85/><F85/><W58/><G58/><T0/><D0/><U17/><E61/><V24/><F24/><N who="3" m="14391" /><G2/><T7/><D29/><U63/><E63/><V70/><F70/><W106/><G106/><T16/><D40/><U37/><E37/><V115/><F115/><W86/><G86/><AGARI ba="0,0" hai="6,7,13,16,22,42,44,50,83,86,89" m="34304" machi="86" ten="70,8000,1" yaku="20,1,52,1,54,1" doraHai="51,45" who="0" fromWho="3" sc="261,80,238,0,187,0,314,-80" owari="341,44.0,238,4.0,187,-31.0,234,-17.0" /></mjloggm>