<mjloggm ver="2.3"><GO type="41"/><UN n0="%E4%BC%BC%E9%9D%9E%E9%81%93%E5%8C%96" n1="%EF%BC%88%E2%89%A7%E2%96%BD%E2%89%A6%EF%BC%89" n2="%E3%83%9E%E3%82%B5%E3%83%A4" n3="%2D%73%6F%6C%61%2D" dan="16,14,13,13" rate="1990,2062,1908,1913" sx="M,M,M,M"/><TAIKYOKU oya="0"/><INIT seed="0,0,0,3,4,75" ten="250,250,250,250" oya="0" hai0="29,24,68,43,109,34,114,64,37,99,10,74,52" hai1="65,56,103,7,100,14,134,59,40,19,86,54,80" hai2="122,84,0,115,88,105,22,102,77,128,94,135,38" hai3="42,11,70,60,5,82,83,2,3,9,97,69,116"/><T21/><D114/><U36/><E134/><V125/><F22/><W62/><G116/><T119/><D119/><U90/><E7/><V93/><F38/><W50/><G50/><T113/><D113/><U57/><E65/><V12/><F12/><W33/><G33/><T58/><D74/><U20/><E36/><V95/><F0/><W41/><G5/><T126/><D126/><U106/><E40/><V118/><F118/><W133/><REACH who="3" step="1"/><G97/><REACH who="3" step="2"/><T130/><D37/><U15/><E106/><V39/><F39/><W47/><G47/><T25/><D99/><U132/><E132/><AGARI ba="0,1" hai="2,3,9,11,41,42,60,62,69,70,82,83,132,133" machi="132" ten="25,3200,0" yaku="1,1,22,2,53,0" doraHai="75" doraHaiUra="53" who="3" fromWho="1" sc="250,0,250,-32,250,0,240,42" /><INIT seed="1,0,0,0,0,4" ten="250,218,250,282" oya="1" hai0="116,105,17,125,14,126,27,98,70,88,3,80,109" hai1="36,133,61,121,110,0,39,86,31,115,78,118,13" hai2="21,15,44,119,57,66,71,48,32,46,10,23,79" hai3="29,65,19,35,56,72,111,132,33,97,129,41,122"/><U63/><E121/><V107/><F32/><W100/><G72/><T64/><D3/><U43/><E118/><V20/><F107/><W128/><G122/><T59/><D70/><U135/><E0/><V1/><F1/><W89/><G111/><T42/><D42/><U83/><E115/><V54/><F119/><W26/><G132/><N who="1" m="50762" /><E110/><V67/><F79/><W104/><G41/><T84/><D116/><U22/><E43/><V7/><F71/><W8/><G35/><T12/><D109/><U95/><E95/><V53/><REACH who="2" step="1"/><F44/><REACH who="2" step="2"/><W28/><G33/><T102/><D125/><U90/><E78/><V5/><F5/><W127/><G104/><T25/><D126/><U85/><E39/><V130/><F130/><W58/><G127/><T51/><D105/><U91/><E36/><V9/><F9/><W37/><G8/><T123/><D123/><U34/><E34/><V106/><F106/><W69/><G37/><T113/><D113/><U96/><E22/><V18/><F18/><W120/><G69/><T16/><D17/><U75/><E31/><V24/><F24/><W76/><G19/><T52/><D27/><U87/><E13/><V50/><AGARI ba="0,1" hai="7,10,15,20,21,23,46,48,50,53,54,57,66,67" machi="50" ten="30,7900,0" yaku="1,1,0,1,8,1,52,1,53,0" doraHai="4" doraHaiUra="112" who="2" fromWho="2" sc="250,-20,218,-39,240,89,282,-20" /><INIT seed="2,0,0,4,3,132" ten="230,179,329,262" oya="2" hai0="85,80,38,20,105,2,95,30,32,44,46,99,62" hai1="94,48,33,57,52,118,59,108,50,64,130,75,0" hai2="51,123,25,22,110,9,67,122,65,34,117,111,129" hai3="17,87,3,76,97,84,19,58,86,133,127,5,135"/><V89/><F117/><W106/><G127/><T55/><D105/><U79/><E118/><V13/><F34/><W10/><G76/><T72/><D32/><U18/><E33/><V124/><F89/><W81/><G81/><T115/><D72/><U12/><E0/><V23/><F51/><W109/><G109/><N who="2" m="41481" /><F124/><W31/><G31/><T11/><D115/><U21/><E108/><V73/><F73/><W54/><G97/><T77/><D38/><U36/><E36/><V107/><F107/><W120/><G120/><N who="2" m="46121" /><F129/><W104/><G104/><T35/><D35/><U24/><E130/><V66/><F25/><W27/><G27/><T116/><D116/><U93/><E24/><V29/><F29/><W88/><G88/><T47/><D20/><U91/><E91/><V40/><F40/><W63/><G106/><T49/><D30/><U71/><E71/><V28/><F28/><W37/><G37/><T42/><D2/><U96/><E96/><V83/><F83/><W78/><G78/><T92/><D92/><U128/><E128/><V113/><F113/><W60/><G63/><T43/><D11/><U74/><E74/><V7/><AGARI ba="0,0" hai="7,9,13,22,23,65,66,67" m="46121,41481" machi="7" ten="40,3900,0" yaku="14,1,10,1" doraHai="132" who="2" fromWho="2" sc="230,-13,179,-13,329,39,262,-13" /><INIT seed="2,1,0,5,5,44" ten="217,166,368,249" oya="2" hai0="47,82,117,20,127,81,43,66,18,27,51,42,120" hai1="30,50,123,39,121,98,65,15,135,126,31,111,75" hai2="131,64,10,13,55,60,97,38,6,54,68,80,5" hai3="77,128,94,104,113,124,26,83,103,67,73,17,7"/><V85/><F131/><W21/><G104/><T52/><D120/><N who="1" m="46155" /><E39/><V76/><F38/><W14/><G128/><T46/><D127/><U91/><E75/><V19/><F97/><W79/><G79/><T58/><D117/><U125/><E65/><V84/><F85/><W23/><G124/><N who="1" m="47722" /><E135/><V32/><F32/><W56/><G113/><T106/><D106/><U134/><E111/><V12/><REACH who="2" step="1"/><F5/><REACH who="2" step="2"/><W37/><G37/><T107/><D107/><U110/><E110/><V101/><F101/><W1/><G7/><T4/><D4/><U93/><E134/><V36/><F36/><W112/><G103/><T108/><D108/><U70/><E70/><V89/><F89/><W53/><G112/><T29/><D66/><U40/><E15/><V0/><F0/><W24/><G1/><T35/><D42/><U57/><E40/><V122/><F122/><W87/><G14/><T61/><REACH who="0" step="1"/><D46/><REACH who="0" step="2"/><U48/><E57/><V49/><F49/><AGARI ba="1,2" hai="30,31,48,49,50,91,93,98" m="47722,46155" machi="49" ten="30,8000,1" yaku="13,1,18,1,52,3" doraHai="44" who="1" fromWho="2" sc="207,0,166,103,358,-83,249,0" /><INIT seed="3,0,0,0,5,12" ten="207,269,275,249" oya="3" hai0="9,117,113,59,10,79,77,56,129,120,11,49,134" hai1="101,20,8,105,98,72,36,50,34,87,104,123,14" hai2="1,17,4,53,130,118,135,15,86,106,115,46,67" hai3="7,38,61,81,44,132,126,91,76,127,0,54,27"/><W122/><G122/><T60/><D120/><U112/><E72/><V51/><F106/><W30/><G132/><T3/><D134/><U83/><E123/><V110/><F135/><W19/><G0/><T13/><D117/><U41/><E112/><V26/><F115/><W2/><G2/><T85/><D3/><U64/><E34/><V89/><F118/><W43/><G7/><T24/><D113/><U71/><E36/><V131/><F67/><W66/><G54/><T33/><D129/><U96/><E71/><V58/><F1/><W108/><G108/><T74/><D74/><U99/><E64/><V69/><F69/><N who="3" m="42191" /><G91/><T103/><D103/><U57/><E20/><V32/><F110/><W90/><G90/><T97/><D97/><U23/><E23/><V25/><F4/><W39/><G19/><T47/><D24/><U125/><E125/><N who="3" m="47626" /><G81/><N who="0" m="47279" /><D33/><U75/><E105/><V16/><F130/><W82/><G82/><T31/><D79/><U80/><E83/><V5/><F131/><W22/><G76/><T94/><D94/><U68/><E80/><V116/><F116/><W88/><G88/><T28/><D13/><U78/><E14/><V6/><F15/><W95/><G95/><T109/><D109/><U124/><E124/><V65/><F89/><W70/><G70/><T63/><D60/><U62/><E62/><V128/><F128/><W48/><AGARI ba="0,0" hai="22,27,30,38,39,43,44,48" m="47626,42191" machi="48" ten="30,1500,0" yaku="18,1" doraHai="12" who="3" fromWho="3" sc="207,-5,269,-5,275,-5,249,15" /><INIT seed="3,1,0,5,1,96" ten="202,264,270,264" oya="3" hai0="3,54,14,40,9,124,30,70,5,115,94,17,46" hai1="102,132,118,60,34,37,113,0,2,35,47,10,4" hai2="38,58,108,56,69,97,44,22,59,24,31,48,41" hai3="116,6,99,79,95,13,39,55,109,82,80,89,53"/><W75/><G39/><T83/><D70/><U134/><E113/><V43/><F108/><W23/><G116/><T49/><D124/><U19/><E118/><V66/><F38/><W63/><G109/><T103/><D115/><U68/><E0/><V121/><F121/><W61/><G82/><T12/><D3/><U84/><E84/><V91/><F69/><W85/><G23/><T104/><D104/><U8/><E8/><V114/><F114/><W131/><G131/><T98/><D30/><U128/><E19/><V78/><F78/><W42/><G42/><T27/><D27/><U72/><E128/><V15/><F41/><W87/><G87/><T29/><D29/><U16/><E72/><V107/><F15/><W73/><G73/><T33/><D33/><U18/><E35/><V126/><F126/><W25/><G25/><T133/><D133/><N who="1" m="51307" /><E34/><V101/><REACH who="2" step="1"/><F91/><REACH who="2" step="2"/><W21/><G75/><T20/><D40/><U86/><E37/><V32/><F32/><W111/><G111/><T76/><D12/><U1/><E68/><V123/><F123/><W88/><G89/><T105/><D20/><U50/><E1/><V119/><F119/><W122/><G122/><T28/><D28/><U90/><E2/><V112/><F112/><W110/><G110/><T92/><REACH who="0" step="1"/><D5/><REACH who="0" step="2"/><U135/><E4/><V52/><F52/><N who="3" m="20043" /><G21/><T45/><D45/><U57/><E47/><V93/><F93/><W106/><G106/><T71/><D71/><U100/><E135/><V62/><AGARI ba="1,2" hai="22,24,31,43,44,48,56,58,59,62,66,97,101,107" machi="62" ten="30,4000,0" yaku="1,1,0,1,52,1,53,0" doraHai="96" doraHaiUra="74" who="2" fromWho="2" sc="192,-11,264,-11,260,63,264,-21" /><INIT seed="4,0,0,1,2,0" ten="181,253,323,243" oya="0" hai0="47,22,126,38,61,112,21,75,4,15,56,110,25" hai1="82,7,127,97,129,53,63,35,36,92,51,44,118" hai2="81,5,76,119,132,40,123,34,85,90,1,66,27" hai3="83,58,87,11,23,10,68,91,109,50,33,69,117"/><T120/><D75/><U18/><E118/><V115/><F123/><W86/><G117/><T2/><D2/><U114/><E35/><V135/><F119/><W49/><G109/><T28/><D120/><U32/><E32/><V31/><F66/><W16/><G33/><T133/><D126/><U128/><E127/><V14/><F1/><W121/><G121/><T93/><D133/><U12/><E36/><V113/><F40/><W8/><G69/><T98/><D112/><N who="2" m="43082" /><F76/><N who="3" m="46439" /><G68/><T20/><D110/><U94/><E114/><V107/><F107/><W95/><G58/><T134/><D134/><U59/><E82/><V65/><F65/><W122/><G122/><T6/><D47/><U52/><E7/><N who="0" m="2601" /><D15/><AGARI ba="0,0" hai="8,10,11,15,16,23,49,50,87,91,95" m="46439" machi="15" ten="30,2000,0" yaku="8,1,54,1" doraHai="0" who="3" fromWho="0" sc="181,-20,253,0,323,0,243,20" /><INIT seed="5,0,0,3,0,99" ten="161,253,323,263" oya="1" hai0="89,128,37,73,113,7,97,69,106,129,120,100,23" hai1="96,115,44,43,40,79,9,127,46,16,125,25,102" hai2="42,65,61,53,78,70,26,64,87,116,63,90,86" hai3="72,93,11,48,117,57,111,13,18,6,59,10,32"/><U41/><E79/><V121/><F116/><W109/><G72/><T14/><D69/><U71/><E71/><V119/><F119/><W51/><G32/><T36/><D73/><U85/><E85/><V134/><F121/><W4/><G117/><T114/><D120/><U45/><E115/><V24/><F42/><W50/><G93/><T34/><D34/><U30/><E9/><V58/><F78/><W33/><G33/><T21/><D89/><U47/><N who="1" m="11776" /><DORA hai="76" /><U98/><E30/><V130/><F86/><W20/><G20/><N who="0" m="7755" /><D14/><U55/><E55/><V103/><F103/><W39/><G39/><N who="0" m="14923" /><D7/><U135/><E25/><V133/><F26/><W28/><G28/><T62/><D62/><U104/><E16/><V1/><F24/><W88/><G18/><T122/><D122/><U66/><E66/><V38/><F38/><W68/><G68/><T12/><D12/><U35/><E35/><V29/><F29/><W60/><G60/><T84/><D84/><U17/><E17/><V15/><F70/><W123/><G123/><T22/><N who="0" m="7763" /><T118/><DORA hai="131" /><D118/><U67/><E67/><V92/><F15/><W124/><G13/><T80/><D80/><U8/><E40/><V75/><F75/><W31/><G6/><T110/><D110/><U3/><E41/><V83/><F83/><W91/><G4/><T101/><D97/><N who="1" m="61519" /><E43/><V108/><F108/><W107/><G109/><T82/><D82/><U52/><E96/><V27/><F27/><W54/><G111/><T112/><D106/><U5/><E98/><V95/><F65/><W19/><G107/><RYUUKYOKU ba="0,0" sc="161,30,253,-10,323,-10,263,-10" hai0="100,101,112,113,114,128,129" /><INIT seed="6,1,0,1,5,114" ten="191,243,313,253" oya="2" hai0="78,52,60,74,111,12,117,16,0,77,36,70,65" hai1="64,133,128,28,92,14,90,59,6,27,73,25,95" hai2="10,79,41,89,49,32,82,17,47,118,76,94,112" hai3="22,37,99,103,125,121,87,54,11,62,8,115,130"/><V119/><F32/><W107/><G121/><T68/><D0/><U105/><E105/><V126/><F112/><W3/><G37/><T86/><D74/><U67/><E73/><V13/><F126/><W113/><G125/><T83/><D111/><U88/><E133/><V46/><F47/><W18/><G130/><T33/><D33/><U134/><E134/><V53/><F41/><W106/><G106/><T101/><D101/><U34/><E128/><V132/><F132/><W31/><G31/><T129/><D129/><U9/><E27/><V4/><F4/><W72/><G72/><T66/><D36/><U21/><E34/><V39/><F39/><W26/><G87/><T100/><D100/><U30/><E30/><V45/><F45/><W75/><G75/><T127/><D127/><U81/><E81/><V5/><F5/><W97/><G97/><T44/><D117/><U35/><E35/><V24/><F24/><W57/><G3/><T55/><D77/><U80/><E80/><V56/><F46/><W7/><G7/><T2/><D44/><U120/><E120/><V93/><F93/><N who="1" m="35913" /><E59/><V50/><F50/><W84/><G84/><T69/><D2/><U131/><E131/><V38/><F38/><W1/><G1/><T85/><D85/><U124/><E124/><V96/><REACH who="2" step="1"/><F82/><REACH who="2" step="2"/><W48/><G48/><T23/><REACH who="0" step="1"/><D60/><REACH who="0" step="2"/><U98/><E98/><V19/><F19/><W122/><G122/><T40/><D40/><U123/><E123/><V63/><F63/><W20/><G62/><T58/><D58/><U42/><E42/><V116/><AGARI ba="1,2" hai="10,13,17,49,53,56,76,79,89,94,96,116,118,119" machi="116" ten="30,18000,2" yaku="1,1,5,1,0,1,52,3,53,0" doraHai="114" doraHaiUra="104" who="2" fromWho="2" sc="181,-61,243,-61,303,203,253,-61" /><INIT seed="6,2,0,5,2,110" ten="120,182,506,192" oya="2" hai0="78,97,64,52,3,72,20,41,88,70,94,48,27" hai1="34,17,18,107,85,68,80,59,126,103,104,81,118" hai2="82,96,112,10,22,32,13,58,30,51,90,113,89" hai3="54,109,121,11,33,6,128,93,2,125,134,28,120"/><V74/><F32/><W98/><G109/><T40/><D3/><U42/><E118/><V38/><F38/><W130/><G125/><T46/><D70/><U62/><E68/><V77/><F30/><W56/><G134/><T43/><D72/><U111/><E111/><V92/><F22/><W19/><G28/><T45/><D78/><U91/><E126/><V37/><F37/><W101/><G19/><N who="1" m="7178" /><E34/><V115/><F51/><N who="3" m="30815" /><G33/><T63/><D20/><U57/><E107/><V95/><F58/><W67/><G67/><T9/><D9/><U31/><E104/><V55/><F55/><W105/><G105/><T114/><D27/><U36/><E36/><V1/><F1/><W44/><G44/><T23/><D23/><U4/><E31/><V124/><F124/><W122/><G2/><T69/><REACH who="0" step="1"/><D114/><REACH who="0" step="2"/><U66/><E4/><N who="2" m="3271" /><F92/><W132/><G11/><T53/><D53/><U73/><E73/><V129/><F129/><W14/><G130/><T83/><D83/><U127/><E80/><V119/><F119/><W71/><G128/><T106/><D106/><U76/><E127/><V47/><F47/><AGARI ba="2,1" hai="40,41,43,45,46,47,48,52,63,64,69,88,94,97" machi="47" ten="40,8000,1" yaku="1,1,54,2,53,1" doraHai="110" doraHaiUra="50" who="0" fromWho="2" sc="110,96,182,0,506,-86,192,0" /><INIT seed="7,0,0,3,1,56" ten="206,182,420,192" oya="3" hai0="59,110,84,19,11,4,44,38,76,50,92,79,93" hai1="49,26,85,62,47,39,128,52,106,67,90,98,48" hai2="96,91,46,27,116,127,124,35,123,53,42,78,115" hai3="25,29,105,41,118,1,66,51,80,16,119,132,120"/><W126/><G120/><T64/><D110/><U68/><E128/><V60/><F123/><W6/><G105/><T99/><D38/><U70/><E39/><V107/><F78/><W83/><G1/><T10/><D19/><U82/><E48/><V23/><F35/><W40/><G6/><T135/><D135/><U75/><E75/><V37/><F116/><W54/><G118/><T30/><D30/><U129/><E129/><V86/><F115/><W0/><G0/><T36/><D36/><U9/><E9/><N who="0" m="3081" /><D4/><U22/><E68/><V89/><F107/><W3/><G3/><T8/><D8/><U55/><E106/><V94/><F53/><W7/><G119/><T12/><D12/><U61/><E98/><V45/><F60/><N who="1" m="23145" /><E70/><V121/><F121/><W2/><G132/><T117/><D117/><U28/><E67/><V130/><F130/><W95/><G66/><T133/><D64/><U5/><E5/><V34/><F34/><W103/><G126/><N who="2" m="48169" /><F42/><AGARI ba="0,0" hai="22,26,28,42,47,49,52,55,82,85,90" m="23145" machi="42" ten="30,8000,1" yaku="8,1,52,3,54,1" doraHai="56" who="1" fromWho="2" sc="206,0,182,80,420,-80,192,0" owari="206,-19,262,6,340,44,192,-31" /></mjloggm>