<mjloggm ver="2.3"><GO type="41"/><UN n0="%48%45%49%4B%41%31%30%31" n1="%39%4C%4F%56%45" n2="%EF%BC%98%E7%95%AA%E8%BB%8A" n3="%EF%BC%88%E2%89%A7%E2%96%BD%E2%89%A6%EF%BC%89" dan="13,14,14,15" rate="1827,1903,1806,1999" sx="M,M,M,M"/><TAIKYOKU oya="0"/><INIT seed="0,0,0,3,2,102" ten="250,250,250,250" oya="0" hai0="51,81,10,120,8,125,66,21,128,5,78,65,77" hai1="97,26,30,18,45,23,106,25,59,52,99,2,84" hai2="88,95,4,71,129,80,16,43,61,36,119,101,74" hai3="48,117,50,28,134,17,3,19,75,38,44,114,111"/><T91/><D128/><U42/><E2/><V13/><F129/><W1/><G117/><T121/><D125/><U92/><E84/><V79/><F119/><W29/><G114/><T94/><D51/><U109/><E109/><V53/><F71/><W58/><G75/><T118/><D21/><U126/><E126/><V130/><F36/><W34/><G34/><T63/><D118/><U14/><E106/><V49/><F43/><W9/><G58/><T12/><D8/><U15/><E15/><V68/><F130/><W116/><G116/><T100/><D100/><U110/><E110/><V133/><F101/><W70/><G70/><T57/><D65/><U33/><E14/><V64/><F133/><W76/><G76/><T67/><D67/><U90/><E99/><V105/><F4/><W54/><G38/><T122/><REACH who="0" step="1"/><D81/><REACH who="0" ten="240,250,250,250" step="2"/><U127/><E127/><V135/><F135/><W93/><G9/><T89/><D89/><U83/><E83/><V73/><F64/><W20/><G20/><T115/><D115/><U27/><E27/><V123/><F68/><W113/><G113/><T0/><D0/><U107/><E107/><V85/><F105/><W24/><G1/><T60/><D60/><N who="1" m="35943" /><E45/><V72/><F61/><W40/><G3/><T86/><AGARI ba="0,1" hai="5,10,12,57,63,66,77,78,86,91,94,120,121,122" machi="86" ten="30,3000,0" yaku="1,1,0,1,53,0" doraHai="102" doraHaiUra="131" who="0" fromWho="0" sc="240,40,250,-10,250,-10,250,-10" /><INIT seed="0,1,0,1,3,31" ten="280,240,240,240" oya="0" hai0="119,28,58,37,92,22,47,83,117,13,57,77,101" hai1="97,108,29,109,74,38,5,133,95,67,128,120,110" hai2="78,94,66,9,40,25,30,106,23,115,79,18,69" hai3="21,112,100,80,70,48,113,0,56,51,10,45,34"/><T60/><D37/><U39/><E74/><V75/><F106/><W132/><G70/><T46/><D119/><U6/><E120/><V86/><F75/><W131/><G100/><T91/><D101/><N who="1" m="60607" /><E133/><V12/><F115/><W96/><G132/><T19/><D117/><U71/><E128/><V54/><F69/><W89/><G131/><T59/><D28/><U135/><E135/><V53/><F40/><W118/><G118/><T125/><D125/><U26/><E67/><V14/><F66/><W15/><G113/><T1/><D1/><U27/><E71/><V8/><F78/><W3/><G3/><T42/><D42/><U84/><E26/><V55/><F54/><W36/><G0/><T81/><D60/><U11/><E84/><V130/><F130/><W102/><G112/><T129/><D129/><U41/><E41/><V134/><F134/><W52/><G36/><N who="1" m="13866" /><E11/><V35/><F79/><W72/><G10/><T103/><D103/><U24/><E24/><V49/><F86/><N who="3" m="50375" /><G72/><T88/><D91/><U90/><E90/><V114/><F114/><W111/><G102/><T126/><D126/><U123/><E123/><V64/><F64/><W16/><G96/><N who="0" m="57351" /><D77/><U7/><E7/><V124/><F124/><W44/><G51/><T2/><D2/><U4/><E4/><V85/><F49/><W99/><G99/><T43/><D43/><U122/><E122/><V116/><F116/><W107/><G48/><T63/><D63/><U98/><E98/><V33/><F55/><W20/><G52/><T68/><D68/><U93/><E93/><V127/><F53/><RYUUKYOKU ba="1,0" sc="280,15,240,15,240,-15,240,-15" hai0="13,19,22,46,47,57,58,59,81,83" hai1="5,6,27,29,108,109,110" /><INIT seed="0,2,0,2,1,57" ten="295,255,225,225" oya="0" hai0="123,21,19,93,67,42,128,95,63,106,81,135,86" hai1="89,29,37,90,30,111,41,82,35,60,9,1,91" hai2="3,32,109,85,4,65,77,121,110,17,66,98,87" hai3="113,38,69,84,18,50,92,76,104,10,39,62,46"/><T118/><D118/><U56/><E111/><V116/><F121/><W43/><G104/><T55/><D106/><U13/><E1/><V114/><F116/><W44/><G113/><T34/><D34/><U129/><E129/><V112/><F32/><W12/><G44/><T16/><D135/><U36/><E82/><V40/><F40/><W33/><G33/><T74/><D74/><U24/><E30/><V122/><F17/><W71/><G71/><T125/><D128/><U6/><REACH who="1" step="1"/><E41/><REACH who="1" ten="295,245,225,225" step="2"/><V132/><F132/><W117/><G117/><T97/><D123/><U31/><E31/><V49/><F122/><W54/><G43/><T48/><D42/><U45/><E45/><V115/><F110/><W28/><G28/><T58/><D125/><U8/><E8/><N who="2" m="2079" /><F109/><W61/><G39/><T83/><D81/><U100/><E100/><V133/><F133/><W120/><G38/><T64/><D83/><U99/><E99/><V27/><F98/><W127/><G127/><T102/><D86/><U88/><N who="1" m="23040" /><DORA hai="52" /><U2/><E2/><V119/><F87/><W47/><G120/><T96/><D97/><U124/><E124/><V25/><F115/><W72/><G84/><T5/><D95/><U15/><E15/><V131/><F85/><W75/><G92/><T108/><D108/><U134/><E134/><V68/><F131/><W70/><G47/><T59/><D93/><U126/><E126/><V51/><F119/><W101/><G101/><T14/><D96/><U78/><E78/><V80/><F77/><W94/><G94/><T7/><D102/><U107/><E107/><RYUUKYOKU ba="2,1" sc="295,-10,245,30,225,-10,225,-10" hai1="6,9,13,24,29,35,36,37,56,60" /><INIT seed="1,3,1,0,3,88" ten="285,275,215,215" oya="1" hai0="98,90,89,24,92,117,2,42,58,119,95,4,81" hai1="41,106,101,114,99,86,11,75,125,34,6,40,78" hai2="84,93,47,37,60,17,5,7,63,23,8,107,73" hai3="118,68,49,13,111,109,100,21,56,18,38,69,132"/><U53/><E114/><V66/><F73/><W134/><G118/><T65/><D81/><U22/><E34/><V135/><F107/><W28/><G38/><T10/><D42/><U113/><E113/><V91/><F135/><N who="3" m="51755" /><G28/><T46/><D46/><U3/><E125/><V112/><F112/><W121/><G121/><T115/><D115/><U0/><E0/><V97/><F37/><W43/><G100/><T103/><D24/><U128/><E128/><V102/><F47/><N who="3" m="25855" /><G56/><T79/><D79/><U67/><E67/><V71/><F63/><W1/><G1/><T76/><D76/><U33/><E33/><V133/><F8/><W124/><G124/><T39/><D39/><U31/><E53/><V59/><F71/><AGARI ba="3,1" hai="13,18,21,68,69,71,109,111" m="25855,51755" machi="71" ten="30,1000,0" yaku="20,1" doraHai="88" who="3" fromWho="2" sc="285,0,275,0,215,-19,215,29" /><INIT seed="2,0,0,5,2,24" ten="285,275,196,244" oya="2" hai0="90,70,45,123,88,62,60,106,108,103,97,20,135" hai1="46,2,18,52,115,67,22,0,37,112,4,85,107" hai2="53,56,77,109,91,86,113,100,40,30,102,128,132" hai3="119,99,73,71,15,89,13,21,7,83,98,51,3"/><V120/><F109/><W127/><G71/><T5/><D123/><U59/><E107/><V41/><F113/><W66/><G66/><T79/><D135/><U49/><E2/><V80/><F128/><W9/><G119/><T38/><D108/><U14/><E0/><V133/><F120/><W76/><G127/><T1/><D79/><U12/><E67/><V131/><F77/><W126/><G126/><T64/><D20/><U55/><E112/><V34/><F131/><W94/><G51/><T105/><D106/><U81/><E115/><V58/><F58/><W27/><REACH who="3" step="1"/><G99/><REACH who="3" ten="285,275,196,234" step="2"/><T116/><D116/><U33/><E37/><V74/><F132/><W47/><G47/><T69/><D45/><U111/><E111/><V36/><F133/><W134/><G134/><T117/><D38/><U63/><E33/><V31/><F36/><W68/><G68/><T29/><D117/><U92/><E92/><V129/><F129/><W75/><G75/><T17/><D70/><U61/><E61/><N who="2" m="35983" /><F74/><W43/><G43/><N who="2" m="16457" /><F34/><W124/><G124/><T125/><D62/><U101/><E101/><AGARI ba="0,1" hai="30,31,80,86,91,100,101,102" m="16457,35983" machi="101" ten="30,5800,0" yaku="8,1,52,2" doraHai="24" who="2" fromWho="1" sc="285,0,275,-58,196,68,234,0" /><INIT seed="2,1,0,2,2,58" ten="285,217,264,234" oya="2" hai0="64,2,124,92,113,38,72,79,67,82,70,65,20" hai1="3,54,109,71,35,4,131,98,118,81,132,33,99" hai2="91,13,76,121,68,56,107,114,60,115,90,32,15" hai3="87,93,96,86,127,8,123,16,48,29,11,49,36"/><V37/><F32/><W134/><G36/><T7/><D113/><U47/><E71/><V12/><F107/><W50/><G123/><T57/><D124/><U41/><E118/><V62/><F68/><W89/><G127/><T18/><D70/><U130/><E109/><V42/><F37/><W27/><G134/><T126/><D38/><U0/><E81/><V52/><F42/><W95/><G16/><T44/><D44/><U122/><E54/><V108/><F121/><W105/><G105/><T28/><D126/><U9/><E132/><V61/><F76/><W25/><G87/><T85/><D28/><U5/><E9/><V26/><F26/><W80/><G95/><T53/><D7/><U101/><E122/><V74/><F74/><W14/><G14/><T117/><D2/><U21/><E21/><V97/><F108/><W22/><REACH who="3" step="1"/><G25/><REACH who="3" ten="285,217,264,224" step="2"/><N who="0" m="14487" /><D117/><U128/><E128/><V78/><F114/><W100/><AGARI ba="1,1" hai="8,11,22,27,29,48,49,50,80,86,89,93,96,100" machi="100" ten="30,4000,0" yaku="1,1,0,1,8,1,53,0" doraHai="58" doraHaiUra="125" who="3" fromWho="3" sc="285,-11,217,-11,264,-21,224,53" /><INIT seed="3,0,0,0,4,135" ten="274,206,243,277" oya="3" hai0="121,15,118,126,56,18,29,132,23,61,16,53,36" hai1="32,38,24,91,102,30,78,97,114,45,125,65,77" hai2="4,100,40,95,33,21,22,108,54,119,42,67,109" hai3="25,84,107,105,57,26,62,63,12,69,51,64,20"/><W3/><G3/><T2/><D36/><U104/><E114/><V19/><F33/><W58/><G51/><T127/><D2/><U10/><E91/><V86/><F67/><W110/><G110/><T7/><D132/><U98/><E98/><V71/><F119/><W39/><G39/><T14/><D121/><U55/><E10/><V85/><F71/><W134/><G134/><T76/><D118/><U116/><E116/><V70/><F70/><W88/><G69/><T46/><D7/><U117/><E117/><V89/><F4/><W101/><G101/><T99/><D76/><U6/><E6/><V111/><F100/><W48/><G48/><T41/><D99/><U49/><E38/><V129/><F22/><W0/><G0/><T60/><D61/><U130/><E130/><V96/><F129/><W115/><G115/><T28/><D46/><U11/><E11/><V83/><F54/><N who="3" m="34103" /><G105/><T80/><D80/><U131/><E131/><V94/><F42/><W73/><G107/><T92/><D92/><U82/><E82/><V75/><F40/><W27/><G73/><T120/><D41/><U133/><E133/><V5/><F75/><W9/><G20/><N who="0" m="11287" /><D120/><U112/><E112/><V72/><F94/><N who="3" m="54535" /><G26/><T113/><D113/><U52/><E55/><V81/><F72/><W31/><G31/><T128/><D128/><U50/><E50/><V1/><F1/><W90/><G90/><T103/><D103/><U8/><E65/><V123/><F123/><W87/><G87/><T13/><D15/><U74/><E78/><V35/><F85/><W79/><G79/><RYUUKYOKU ba="0,0" sc="274,15,206,-15,243,-15,277,15" hai0="13,18,23,28,29,53,56,60,126,127" hai3="9,12,25,27,58,63,64" /><INIT seed="3,1,0,5,0,93" ten="289,191,228,292" oya="3" hai0="57,66,10,82,99,51,40,85,84,33,132,68,53" hai1="61,96,97,35,108,98,46,18,24,78,31,59,1" hai2="30,124,125,133,105,14,119,127,62,8,77,56,42" hai3="38,32,90,28,36,112,128,115,45,100,110,79,123"/><W70/><G90/><T37/><D33/><U39/><E108/><V135/><F105/><W74/><G123/><T25/><D132/><N who="2" m="50762" /><F77/><W134/><G100/><T7/><D25/><U83/><E1/><V104/><F104/><W47/><G79/><T91/><D68/><U107/><E18/><V4/><F42/><W122/><G47/><T103/><D66/><U86/><E107/><V0/><F119/><W64/><G45/><T44/><D85/><U23/><E46/><V54/><F30/><W114/><G28/><T11/><D7/><U2/><E2/><AGARI ba="1,0" hai="0,2,4,8,14,54,56,62,124,125,127" m="50762" machi="2" ten="40,2600,0" yaku="18,1,20,1" doraHai="93" who="2" fromWho="1" sc="289,0,191,-29,228,29,292,0" /><INIT seed="4,0,0,5,3,123" ten="289,162,257,292" oya="0" hai0="28,19,125,51,63,113,129,84,108,128,126,115,7" hai1="45,46,6,54,12,60,47,41,42,9,50,79,2" hai2="77,36,94,114,87,40,3,26,122,37,72,29,23" hai3="71,100,104,17,93,43,33,97,73,119,106,74,5"/><T49/><D84/><U85/><E2/><V78/><F122/><W95/><G71/><T105/><D105/><N who="3" m="40553" /><G17/><T27/><D7/><U62/><E54/><V32/><F3/><W15/><G15/><T88/><D63/><U101/><E101/><V70/><F32/><W109/><G5/><T134/><D19/><U16/><E47/><V56/><F70/><W130/><G43/><T80/><D80/><U127/><E127/><N who="0" m="48649" /><D88/><U0/><E79/><V116/><F40/><W34/><G34/><T35/><D51/><U13/><E85/><V8/><F8/><W44/><G33/><T89/><D89/><U102/><E0/><V110/><F37/><W131/><G44/><T112/><D49/><U107/><E107/><V11/><F36/><W21/><G21/><T132/><D108/><U39/><REACH who="1" step="1"/><E102/><REACH who="1" ten="289,152,257,292" step="2"/><V20/><F77/><W1/><G1/><T86/><D86/><U118/><E118/><V30/><F87/><W55/><G55/><T10/><D10/><AGARI ba="0,1" hai="6,9,10,12,13,16,39,41,42,45,46,50,60,62" machi="10" ten="30,3900,0" yaku="1,1,7,1,54,1,53,0" doraHai="123" doraHaiUra="90" who="1" fromWho="0" sc="289,-39,152,49,257,0,292,0" /><INIT seed="5,0,0,4,0,128" ten="250,201,257,292" oya="1" hai0="93,111,55,126,68,31,16,30,107,70,18,113,21" hai1="114,41,118,60,44,0,123,119,106,40,39,11,51" hai2="82,15,69,74,95,94,38,48,121,135,17,86,117" hai3="45,3,14,90,104,103,101,99,100,8,92,134,54"/><U78/><E106/><V37/><F69/><W2/><G134/><T1/><D111/><U133/><E78/><V35/><F35/><W61/><G104/><T63/><D1/><U50/><E0/><V102/><F74/><W131/><G131/><T33/><D126/><U115/><E11/><V112/><F121/><W13/><G13/><T110/><D110/><U65/><E123/><V85/><F135/><W26/><G26/><T132/><D132/><U36/><E133/><V108/><F48/><N who="1" m="18473" /><E41/><V98/><F108/><W7/><REACH who="3" step="1"/><G45/><REACH who="3" ten="250,201,257,282" step="2"/><T77/><D113/><N who="1" m="43019" /><E39/><V52/><F38/><W28/><G28/><T80/><D30/><U58/><AGARI ba="0,1" hai="36,40,44,58,60,65,118,119" m="43019,18473" machi="58" ten="30,6000,0" yaku="15,1,34,2" doraHai="128" who="1" fromWho="1" sc="250,-20,201,70,257,-20,282,-20" /><INIT seed="5,1,0,1,4,68" ten="230,271,237,262" oya="1" hai0="34,27,12,107,69,102,116,103,60,32,95,122,14" hai1="8,56,36,38,11,15,1,30,42,10,93,53,4" hai2="25,121,105,96,26,54,100,39,3,45,59,28,6" hai3="81,83,117,18,57,85,94,65,73,123,2,64,70"/><U106/><E106/><V133/><F133/><W7/><G123/><T66/><D116/><U22/><E42/><V47/><F121/><W0/><G117/><T101/><D122/><U131/><E131/><V62/><F3/><W17/><G70/><T55/><D55/><U104/><E104/><V50/><F6/><W49/><G7/><T90/><D107/><U21/><E93/><V113/><F113/><W9/><G94/><T82/><D82/><U99/><E99/><V44/><F39/><W72/><G49/><T5/><D5/><U126/><E126/><V63/><REACH who="2" step="1"/><F26/><REACH who="2" ten="230,271,227,262" step="2"/><W109/><G0/><T92/><D27/><U118/><E118/><V129/><F129/><W16/><G2/><T58/><D69/><U67/><E1/><V79/><F79/><W134/><G134/><T77/><D77/><U98/><E36/><V76/><F76/><W61/><G109/><T37/><D37/><U23/><E38/><V35/><AGARI ba="1,1" hai="25,28,35,44,45,47,50,54,59,62,63,96,100,105" machi="35" ten="30,2000,0" yaku="1,1,0,1,53,0" doraHai="68" doraHaiUra="84" who="2" fromWho="2" sc="230,-6,271,-11,227,33,262,-6" /><INIT seed="6,0,0,3,5,127" ten="224,260,260,256" oya="2" hai0="129,76,124,119,53,15,98,12,94,52,106,2,35" hai1="100,10,88,41,112,111,122,96,128,54,109,133,115" hai2="121,60,64,74,95,51,26,25,37,17,80,85,118" hai3="120,101,48,58,31,44,103,99,34,7,8,47,59"/><V132/><F118/><W9/><G120/><T24/><D2/><U61/><E122/><V32/><F37/><W81/><G34/><T21/><D119/><U3/><E41/><V92/><F74/><W126/><G31/><T22/><D106/><U63/><E133/><V116/><F132/><W11/><G126/><T45/><D129/><U23/><E23/><V125/><F125/><W67/><G7/><T33/><D124/><U38/><E38/><V57/><F121/><W46/><G67/><T69/><D69/><U75/><E75/><V107/><F107/><W0/><G0/><T62/><D76/><U113/><E128/><V105/><F105/><W5/><G5/><T6/><D6/><N who="1" m="1375" /><E88/><N who="2" m="51239" /><F32/><W66/><G66/><T30/><D45/><N who="3" m="17513" /><G81/><T84/><D84/><U73/><E73/><V39/><F39/><W91/><G91/><T83/><D83/><U36/><E36/><V86/><F116/><W104/><G104/><T18/><D12/><U42/><E42/><V29/><F86/><W70/><G70/><T4/><D4/><U110/><E54/><V97/><F51/><W28/><G99/><T68/><D68/><U89/><E89/><V56/><F97/><W14/><G14/><T130/><D130/><U114/><E114/><V13/><F29/><W123/><G28/><T82/><D82/><U77/><E77/><V50/><F25/><W117/><G117/><T131/><D131/><U135/><E135/><V72/><F26/><W43/><G123/><T71/><D71/><U90/><E90/><V49/><F72/><W40/><G40/><T1/><D53/><RYUUKYOKU ba="0,0" sc="224,-15,260,15,260,-15,256,15" hai1="61,63,96,100,109,110,111,112,113,115" hai3="8,9,11,43,47,48,58,59,101,103" /><INIT seed="7,1,0,4,3,29" ten="209,275,245,271" oya="3" hai0="53,37,120,52,48,57,43,69,7,99,63,51,79" hai1="24,4,133,14,18,108,49,20,92,74,0,2,91" hai2="125,40,12,90,73,119,42,123,100,107,8,86,127" hai3="15,77,98,35,103,60,36,131,50,75,132,41,67"/><W111/><G50/><T10/><D120/><U26/><E74/><V16/><F73/><W81/><G15/><T114/><D114/><U46/><E108/><V104/><F119/><W33/><G111/><T72/><D99/><U61/><E133/><V45/><F123/><W134/><G131/><T21/><D21/><U85/><E61/><V121/><F121/><W129/><G129/><T58/><D69/><U109/><E109/><V22/><F8/><W128/><G128/><T32/><D32/><N who="3" m="12361" /><G41/><T30/><D30/><U84/><E84/><V126/><F100/><W39/><G60/><T124/><D124/><U97/><E97/><V25/><F25/><W64/><G67/><T71/><D71/><U5/><E2/><V47/><F47/><W102/><G102/><T59/><D79/><U89/><E89/><V117/><F117/><W11/><G11/><T106/><D106/><N who="2" m="40490" /><F45/><W13/><G13/><T76/><D76/><U23/><E0/><V93/><AGARI ba="1,0" hai="12,16,22,40,42,86,90,93,125,126,127" m="40490" machi="93" ten="40,2700,0" yaku="18,1,54,1" doraHai="29" who="2" fromWho="2" sc="209,-8,275,-8,245,30,271,-14" /><INIT seed="8,0,0,1,4,101" ten="201,267,275,257" oya="0" hai0="119,94,102,82,35,1,70,29,64,44,48,52,31" hai1="74,115,37,13,106,110,3,38,56,134,116,118,42" hai2="107,87,75,53,93,90,103,55,100,18,59,63,40" hai3="83,104,120,25,76,33,86,16,98,22,62,8,20"/><T58/><D119/><U77/><E3/><V124/><F75/><W0/><G120/><T84/><D1/><U114/><E110/><V19/><F124/><W23/><G33/><T46/><D35/><U11/><E134/><V92/><F40/><W72/><G72/><T68/><D46/><N who="1" m="23887" /><E38/><V45/><F107/><W126/><G62/><N who="0" m="37975" /><D68/><U80/><E56/><V36/><F36/><W85/><G85/><T113/><D70/><U69/><E69/><V50/><F100/><W125/><G98/><AGARI ba="0,0" hai="18,19,45,50,53,55,59,63,87,90,92,93,98,103" machi="98" ten="40,1300,0" yaku="8,1" doraHai="101" who="2" fromWho="3" sc="201,0,267,0,275,13,257,-13" /><INIT seed="9,0,0,0,1,79" ten="201,267,288,244" oya="1" hai0="56,24,68,115,63,26,106,89,112,127,119,28,86" hai1="67,0,22,133,41,4,129,15,93,90,40,95,38" hai2="114,81,11,57,83,66,128,64,87,18,2,60,77" hai3="109,6,21,47,108,52,33,94,62,46,122,51,58"/><U3/><E133/><V49/><F114/><W29/><G122/><T84/><D68/><U8/><E129/><V54/><F128/><W100/><G33/><T102/><D119/><U131/><E131/><V30/><F30/><W88/><G6/><T45/><D127/><U82/><E67/><V20/><F2/><W80/><G109/><T65/><D45/><U53/><E3/><V72/><F11/><W132/><G132/><T97/><D86/><N who="1" m="50519" /><E38/><V74/><F74/><W110/><G110/><T101/><D102/><U70/><E70/><V125/><F125/><W44/><G108/><T5/><D5/><U7/><E0/><V123/><F123/><W76/><G100/><T126/><D126/><U120/><E4/><V99/><F99/><N who="3" m="57799" /><G29/><T71/><D56/><U17/><E120/><V124/><F124/><W73/><G73/><T61/><D63/><U16/><E53/><V107/><F107/><W104/><G104/><T78/><D78/><U42/><E7/><V39/><F39/><W1/><G1/><T10/><D10/><U59/><E59/><V134/><F134/><W19/><G76/><T69/><D71/><U103/><E103/><V111/><F111/><W35/><G35/><N who="0" m="20871" /><D26/><AGARI ba="0,0" hai="8,15,16,17,22,26,40,41,42,93,95" m="50519" machi="26" ten="30,5800,0" yaku="8,1,52,1,54,1" doraHai="79" who="1" fromWho="0" sc="201,-58,267,58,288,0,244,0" owari="143,-36.0,325,43.0,288,9.0,244,-16.0" /></mjloggm>