<mjloggm ver="2.3"><GO type="97"/><UN n0="%4D%61%6A%69%64%65" n1="%E5%96%AA%E5%A4%B1%E5%B0%91%E5%A5%B3" n2="%EF%BC%88%E2%89%A7%E2%96%BD%E2%89%A6%EF%BC%89" n3="%E6%AE%8B%E9%AB%98%EF%BC%90" dan="14,13,15,14" rate="1990,1858,1984,1935" sx="M,F,M,M"/><TAIKYOKU oya="0"/><INIT seed="0,0,0,0,4,120" ten="250,250,250,250" oya="0" hai0="118,46,112,19,6,33,40,113,103,128,83,51,63" hai1="18,20,101,57,9,23,84,68,135,21,98,32,42" hai2="5,121,54,131,107,90,43,24,73,29,102,41,7" hai3="4,26,69,0,95,13,62,15,94,99,133,87,117"/><T74/><D33/><U56/><E68/><V64/><F121/><W16/><G117/><T59/><D118/><U109/><E32/><V78/><F73/><W10/><G133/><T66/><D6/><U44/><E84/><V126/><F78/><W72/><G72/><T80/><D103/><U27/><E135/><V38/><F64/><W125/><G125/><T96/><D96/><U50/><E109/><V45/><F41/><W77/><G26/><T52/><D128/><U114/><E114/><V71/><F71/><W70/><G0/><T61/><D19/><U119/><E119/><V89/><F131/><W35/><G35/><T79/><D83/><U92/><E27/><V116/><F116/><W76/><G94/><T85/><REACH who="0" step="1"/><D74/><REACH who="0" ten="240,250,250,250" step="2"/><U75/><E75/><V81/><F81/><W124/><G99/><T106/><D106/><U3/><E18/><V134/><F134/><W12/><G16/><T53/><D53/><U93/><E101/><V88/><F54/><W37/><G4/><T123/><D123/><U22/><E98/><V91/><F102/><W49/><G124/><T122/><D122/><U39/><E92/><V100/><F126/><W110/><G95/><T25/><D25/><U129/><E93/><V55/><F55/><W97/><G97/><T58/><AGARI ba="0,1" hai="40,46,51,52,58,59,61,63,66,79,80,85,112,113" machi="58" ten="20,7800,0" yaku="1,1,0,1,7,1,54,1,53,0" doraHai="120" doraHaiUra="14" who="0" fromWho="0" sc="240,88,250,-26,250,-26,250,-26" /><INIT seed="0,1,0,1,5,53" ten="328,224,224,224" oya="0" hai0="14,86,103,95,134,67,27,40,55,20,29,122,97" hai1="124,102,80,101,94,21,132,4,24,78,76,57,66" hai2="126,11,85,63,50,123,59,22,51,130,16,105,119" hai3="43,127,120,35,112,77,19,84,110,47,74,32,23"/><T115/><D122/><U133/><E4/><V0/><F123/><W60/><G112/><T18/><D115/><U64/><E78/><V118/><F105/><W135/><G110/><T81/><D134/><U2/><E2/><V109/><F109/><W26/><G135/><T1/><D1/><U36/><E36/><V37/><F37/><W75/><G127/><T49/><D40/><U104/><E104/><V106/><F106/><W83/><G120/><T128/><D67/><U121/><E66/><N who="2" m="39295" /><F130/><W25/><G25/><T6/><D6/><U12/><E12/><N who="2" m="9479" /><F126/><W87/><G60/><T114/><D114/><U125/><E121/><V88/><F0/><W72/><REACH who="3" step="1"/><G87/><REACH who="3" ten="328,224,224,214" step="2"/><T73/><D128/><U89/><E125/><V54/><F119/><W28/><G28/><T98/><D27/><U129/><E124/><V5/><F118/><W99/><G99/><T34/><D29/><U52/><E129/><V10/><F5/><W108/><G108/><T61/><D98/><U71/><E132/><V3/><F3/><W7/><G7/><T15/><D61/><U93/><E24/><V33/><F33/><W13/><G13/><T68/><D34/><U30/><E30/><V65/><F65/><W42/><G42/><T17/><D15/><U38/><E64/><V31/><F31/><W116/><G116/><T111/><D111/><U48/><E133/><V45/><F51/><AGARI ba="1,1" hai="19,23,26,32,35,43,47,51,72,74,75,77,83,84" machi="51" ten="40,2600,0" yaku="1,1,53,1" doraHai="53" doraHaiUra="46" who="3" fromWho="2" sc="328,0,224,0,224,-29,214,39" /><INIT seed="1,0,0,1,3,75" ten="328,224,195,253" oya="1" hai0="35,39,81,91,118,50,131,103,71,104,113,13,57" hai1="101,17,109,27,128,3,97,77,58,127,15,98,66" hai2="114,87,0,106,1,86,21,19,25,83,105,38,89" hai3="134,40,51,100,54,36,116,59,68,65,6,4,22"/><U111/><E3/><V7/><F114/><W53/><G134/><T47/><D35/><U41/><E41/><V124/><F124/><W80/><G116/><T23/><D71/><U125/><E27/><V18/><F38/><W92/><G54/><T61/><D113/><U55/><E66/><V94/><F19/><W95/><G100/><T69/><D39/><U14/><E77/><V67/><F67/><W132/><G132/><T122/><D69/><U42/><E42/><V2/><REACH who="2" step="1"/><F7/><REACH who="2" ten="328,224,185,253" step="2"/><W112/><G4/><T73/><D118/><U9/><E127/><V126/><F126/><W34/><G6/><T121/><D121/><U20/><E125/><V44/><F44/><W110/><G65/><T62/><D47/><U64/><E64/><V84/><F84/><W133/><G112/><T82/><D122/><U45/><E45/><V52/><F52/><W43/><G53/><T108/><D73/><U12/><E98/><V56/><F56/><W115/><G59/><T37/><D57/><U123/><E123/><V76/><AGARI ba="0,1" hai="0,1,2,18,21,25,76,83,86,87,89,94,105,106" machi="76" ten="30,7900,0" yaku="1,1,0,1,52,1,53,1" doraHai="75" doraHaiUra="79" who="2" fromWho="2" sc="328,-20,224,-39,185,89,253,-20" /><INIT seed="2,0,0,4,5,63" ten="308,185,274,233" oya="2" hai0="37,60,76,121,24,11,25,7,65,96,18,114,16" hai1="50,36,32,69,133,75,102,15,124,134,83,33,132" hai2="64,104,87,79,10,101,107,46,128,26,6,80,0" hai3="48,92,34,123,131,98,81,59,89,122,119,57,95"/><V125/><F125/><W70/><G119/><T41/><D114/><U52/><E69/><V12/><F128/><W2/><G131/><T54/><D121/><U40/><E102/><V99/><F64/><W73/><G34/><T97/><D76/><N who="1" m="44447" /><E124/><V19/><F46/><W39/><G2/><T108/><D108/><U47/><E15/><V106/><REACH who="2" step="1"/><F26/><REACH who="2" ten="308,185,264,233" step="2"/><W56/><G123/><T14/><D65/><U115/><E115/><V71/><F71/><W100/><G122/><T3/><D25/><U45/><AGARI ba="0,1" hai="32,33,36,40,45,47,50,52,132,133,134" m="44447" machi="45" ten="40,2700,0" yaku="20,1,54,1" doraHai="63" who="1" fromWho="1" sc="308,-7,185,37,264,-13,233,-7" /><INIT seed="3,0,0,0,5,50" ten="301,222,251,226" oya="3" hai0="8,64,36,29,86,123,84,108,104,51,53,115,14" hai1="58,42,135,117,132,91,92,73,28,110,63,80,52" hai2="72,78,75,82,27,4,119,33,3,55,93,76,35" hai3="129,59,81,9,124,19,99,126,48,111,32,23,39"/><W69/><G129/><T60/><D104/><U113/><E117/><V45/><F119/><W46/><G69/><T34/><D36/><U125/><E125/><N who="3" m="48234" /><G111/><T10/><D115/><U66/><E113/><V5/><F93/><W40/><G32/><T67/><D123/><U96/><E110/><V127/><F127/><W112/><G112/><T130/><D130/><U120/><E120/><V77/><F3/><W17/><G99/><T11/><D108/><U26/><E42/><V118/><F118/><W133/><G133/><N who="1" m="51274" /><E73/><V109/><F109/><W43/><G43/><T62/><D34/><N who="1" m="20759" /><E80/><V102/><F82/><W128/><G128/><T18/><D29/><U21/><E21/><V61/><F33/><W103/><G103/><T94/><D11/><U106/><E106/><V37/><F102/><W7/><G81/><T83/><D8/><U6/><E6/><V74/><F37/><W98/><G98/><T13/><D10/><U95/><E95/><V31/><F72/><W107/><G107/><T114/><D94/><U87/><E96/><V54/><F74/><W101/><G101/><T16/><D83/><U68/><E68/><V89/><F75/><W70/><G70/><T121/><D114/><U30/><E30/><V88/><F4/><W12/><G23/><T49/><D121/><U15/><E15/><V2/><F5/><W0/><G12/><T65/><D14/><U25/><E25/><V85/><F85/><W71/><G71/><T22/><D86/><U134/><N who="1" m="51282" /><U47/><DORA hai="20" /><E47/><V100/><F100/><W57/><G39/><T97/><D97/><RYUUKYOKU ba="0,0" sc="301,-15,222,15,251,-15,226,15" hai1="52,58,63,66,87,91,92" hai3="0,7,9,17,19,40,46,48,57,59" /><INIT seed="3,1,0,0,3,101" ten="286,237,236,241" oya="3" hai0="25,41,20,71,103,48,38,128,13,18,3,12,66" hai1="27,44,76,11,51,72,9,55,131,116,0,28,33" hai2="61,88,108,30,1,45,70,95,94,65,34,99,127" hai3="84,22,79,37,15,56,58,63,40,98,87,54,2"/><W133/><G133/><T121/><D38/><U23/><E116/><V42/><F1/><W57/><G2/><T68/><D121/><U69/><E131/><V85/><F127/><W91/><G37/><T19/><D3/><U112/><E112/><V122/><F122/><W114/><G114/><T123/><D123/><U67/><E0/><V16/><F108/><W117/><G117/><T77/><D77/><U50/><E50/><V129/><F129/><W100/><G40/><T130/><D103/><U126/><E126/><V75/><F75/><W62/><G58/><T4/><D4/><U64/><E33/><V78/><F78/><W124/><G124/><T93/><D25/><U36/><E36/><V107/><F107/><W49/><G100/><T52/><D41/><U60/><REACH who="1" step="1"/><E67/><REACH who="1" ten="286,227,236,241" step="2"/><V8/><F34/><W26/><G15/><T132/><D12/><U97/><E97/><V113/><F99/><W90/><G98/><T17/><D13/><U105/><E105/><V109/><F113/><W102/><G102/><T46/><D130/><U81/><AGARI ba="1,1" hai="9,11,23,27,28,44,51,55,60,64,69,72,76,81" machi="81" ten="30,2000,0" yaku="1,1,0,1,53,0" doraHai="101" doraHaiUra="134" who="1" fromWho="1" sc="286,-6,227,33,236,-6,241,-11" /><INIT seed="4,0,0,5,4,24" ten="280,260,230,230" oya="0" hai0="108,62,110,57,30,132,0,26,38,72,69,53,129" hai1="88,70,79,86,103,134,133,45,91,71,52,74,2" hai2="66,93,122,118,89,11,126,98,10,13,12,48,27" hai3="119,101,4,7,60,43,6,87,104,128,78,64,95"/><T61/><D72/><U23/><E2/><V112/><F122/><W29/><G119/><T3/><D38/><U32/><E32/><V8/><F118/><W56/><G128/><T18/><D18/><U65/><E103/><V111/><F111/><N who="0" m="42538" /><D129/><U120/><E120/><V90/><F126/><W127/><G104/><T116/><D116/><U117/><E117/><V9/><F112/><W82/><G127/><T28/><D132/><N who="1" m="50795" /><E23/><V54/><F66/><W22/><G43/><T46/><D46/><U75/><E91/><V42/><F90/><W107/><G107/><T81/><D81/><N who="1" m="45311" /><E74/><V47/><N who="2" m="2048" /><DORA hai="49" /><V84/><F98/><N who="3" m="59615" /><G22/><N who="0" m="15447" /><D30/><AGARI ba="0,0" hai="4,6,7,29,30,56,60,64,78,82,87" m="59615" machi="30" ten="30,3900,0" yaku="8,1,52,2" doraHai="24,49" who="3" fromWho="0" sc="280,-39,260,0,230,0,230,39" /><INIT seed="5,0,0,4,3,14" ten="241,260,230,269" oya="1" hai0="33,51,130,117,127,26,42,47,40,82,12,93,64" hai1="70,50,41,20,80,37,116,92,104,83,77,34,71" hai2="105,74,52,60,98,134,53,56,22,128,61,24,85" hai3="103,8,94,124,89,123,100,118,54,35,9,16,15"/><U86/><E116/><V4/><F74/><W38/><G123/><T3/><D117/><U17/><E104/><V67/><F134/><W57/><G38/><T84/><D3/><U65/><E34/><V68/><F128/><W131/><G35/><T29/><D130/><U48/><E37/><V112/><F112/><W87/><G131/><T125/><D64/><U73/><E92/><V120/><F120/><W7/><G124/><T79/><D93/><U23/><E23/><V110/><F110/><W2/><G118/><T5/><D5/><U39/><E39/><V66/><F4/><W72/><G72/><T6/><REACH who="0" step="1"/><D40/><REACH who="0" ten="231,260,230,269" step="2"/><U135/><E41/><V32/><F32/><W0/><G0/><T49/><D49/><AGARI ba="0,1" hai="2,7,8,9,15,16,49,54,57,87,89,94,100,103" machi="49" ten="30,3900,0" yaku="7,1,52,1,54,1" doraHai="14" who="3" fromWho="0" sc="231,-39,260,0,230,0,269,49" owari="192,-31.0,260,6.0,230,-17.0,318,42.0" /></mjloggm>