<mjloggm ver="2.3"><GO type="41"/><UN n0="%E5%8D%83%E8%91%89%E7%B4%80%E6%A2%A8%E4%B9%83" n1="%E3%82%A6%E3%83%AB%E3%83%88%E3%83%A9%E7%AB%8B%E7%9B%B4" n2="%E3%81%AF%E3%82%84%E3%81%A6%E3%81%A1%E3%82%83%E3%82%93" n3="%E3%82%BD%E3%83%BC%E3%83%A9%E3%83%BC%E3%83%91%E3%83%8D%E3%83%AB" dan="15,14,13,15" rate="1980,1949,1843,1956" sx="F,M,F,M"/><TAIKYOKU oya="0"/><INIT seed="0,0,0,4,2,91" ten="250,250,250,250" oya="0" hai0="11,78,8,33,57,119,6,58,51,105,108,29,109" hai1="93,48,90,3,80,34,60,28,55,121,39,42,4" hai2="38,69,21,125,41,117,32,66,53,87,70,26,75" hai3="111,20,135,18,132,101,24,100,107,30,112,9,124"/><T59/><D119/><U0/><E121/><V134/><F32/><W110/><G112/><T81/><D105/><U99/><E4/><V113/><F113/><W56/><G124/><T77/><D51/><U83/><E3/><V19/><F75/><W35/><G56/><T40/><D40/><U47/><E0/><V68/><F117/><W79/><G79/><T36/><D36/><U103/><E28/><V52/><F125/><W17/><G107/><T31/><D33/><U120/><E34/><V116/><F116/><W67/><G67/><T45/><D45/><U5/><E5/><V102/><F134/><N who="3" m="51243" /><G101/><T86/><D77/><U37/><E120/><V7/><F7/><W73/><G73/><T128/><D128/><U122/><E122/><V54/><F102/><W15/><G100/><T127/><D127/><U104/><E60/><V16/><F87/><W76/><G76/><T71/><D71/><U27/><E27/><AGARI ba="0,0" hai="9,15,17,18,20,24,27,30,35,110,111" m="51243" machi="27" ten="30,3900,0" yaku="20,1,34,2" doraHai="91" who="3" fromWho="1" sc="250,0,250,-39,250,0,250,39" /><INIT seed="1,0,0,1,4,67" ten="250,211,250,289" oya="1" hai0="96,15,89,54,119,130,49,29,109,21,77,103,112" hai1="4,37,101,62,53,38,135,61,27,88,124,100,23" hai2="12,17,83,3,107,121,99,48,105,2,94,0,18" hai3="47,123,10,51,93,35,129,73,128,95,111,104,79"/><U134/><E4/><V69/><F121/><W25/><G123/><T102/><D112/><U110/><E124/><V59/><F69/><W32/><G104/><T87/><D119/><U106/><E106/><V26/><F26/><W132/><G73/><T115/><D115/><U90/><E27/><V33/><F33/><W126/><G79/><T97/><D109/><U65/><E23/><V66/><F83/><W9/><G111/><T131/><D77/><U125/><E110/><V75/><F75/><W24/><G51/><T41/><D41/><U108/><E108/><V120/><F120/><W43/><G43/><T45/><D97/><U52/><E125/><V74/><F74/><W92/><G126/><T31/><D15/><U34/><REACH who="1" step="1"/><E65/><REACH who="1" ten="250,201,250,289" step="2"/><V13/><F107/><W98/><G25/><T40/><D21/><U57/><E57/><V7/><F7/><W56/><G24/><T42/><D29/><U68/><E68/><V19/><F105/><W58/><G32/><AGARI ba="0,1" hai="32,34,37,38,52,53,61,62,88,90,100,101,134,135" machi="32" ten="25,12000,1" yaku="1,1,22,2,54,2,53,0" doraHai="67" doraHaiUra="117" who="1" fromWho="3" sc="250,0,201,130,250,0,289,-120" /><INIT seed="1,1,0,3,0,47" ten="250,331,250,169" oya="1" hai0="85,82,103,73,124,118,117,79,53,27,54,50,114" hai1="68,11,111,42,13,126,71,98,30,59,109,61,76" hai2="39,132,38,20,72,108,74,66,63,52,17,36,40" hai3="62,101,95,83,106,67,28,37,94,49,125,92,133"/><U93/><E30/><V91/><F132/><W70/><G37/><T90/><D114/><U99/><E76/><V127/><F108/><N who="1" m="41545" /><E42/><V4/><F4/><W135/><G106/><T77/><D103/><U56/><E126/><V5/><F5/><W22/><G101/><T57/><D124/><U123/><E123/><V9/><F9/><W32/><G32/><T104/><D104/><U119/><E119/><V24/><F127/><W112/><G125/><T23/><D54/><U1/><E1/><V14/><F14/><W45/><G112/><T86/><D77/><U16/><E59/><V113/><F40/><W60/><G83/><T6/><D6/><U7/><E7/><V51/><F113/><W65/><G22/><T19/><REACH who="0" step="1"/><D73/><REACH who="0" ten="240,331,250,169" step="2"/><U29/><E93/><AGARI ba="1,1" hai="19,23,27,50,53,57,79,82,85,86,90,93,117,118" machi="93" ten="30,7700,0" yaku="1,1,2,1,7,1,52,1,53,0" doraHai="47" doraHaiUra="8" who="0" fromWho="1" sc="240,90,331,-80,250,0,169,0" /><INIT seed="2,0,0,1,0,99" ten="330,251,250,169" oya="2" hai0="132,93,83,69,8,113,38,2,52,68,25,98,64" hai1="44,73,37,74,134,23,119,59,17,86,101,46,54" hai2="33,35,121,120,4,104,81,126,122,87,50,30,22" hai3="76,85,63,123,45,92,60,110,100,12,115,80,26"/><V20/><F104/><W96/><G123/><T15/><D113/><U66/><E66/><V31/><F126/><W89/><G115/><T40/><D2/><U21/><E119/><V95/><F95/><W42/><G110/><T67/><D83/><U65/><E65/><V56/><F56/><W36/><G26/><T91/><D132/><U118/><E86/><V62/><F62/><W55/><G12/><T9/><D25/><U58/><E118/><V27/><F50/><W105/><REACH who="3" step="1"/><G55/><REACH who="3" ten="330,251,250,159" step="2"/><T131/><D15/><U32/><E54/><V24/><REACH who="2" step="1"/><F4/><REACH who="2" ten="330,251,240,159" step="2"/><W48/><G48/><T1/><D38/><U129/><E37/><V125/><F125/><W97/><AGARI ba="0,2" hai="36,42,45,60,63,76,80,85,89,92,96,97,100,105" machi="97" ten="20,5200,0" yaku="1,1,0,1,7,1,52,1,53,0" doraHai="99" doraHaiUra="13" who="3" fromWho="3" sc="330,-13,251,-13,240,-26,159,72" /><INIT seed="3,0,0,2,3,42" ten="317,238,214,231" oya="3" hai0="117,80,2,64,115,111,73,27,65,53,20,122,72" hai1="57,135,41,91,130,26,25,118,18,21,38,60,84" hai2="120,39,50,125,35,61,132,76,75,123,98,114,58" hai3="11,69,74,62,116,88,68,44,17,14,90,56,6"/><W51/><G74/><T78/><D117/><U77/><E118/><V36/><F35/><W127/><G116/><T95/><D122/><N who="2" m="46634" /><F114/><W33/><G33/><T85/><D115/><U129/><E77/><V79/><F132/><W0/><G127/><T19/><D111/><U48/><E38/><N who="2" m="14379" /><F125/><W46/><G68/><T99/><D2/><U107/><E107/><V87/><F75/><W101/><G69/><T97/><D97/><U112/><E112/><V119/><F119/><W92/><G51/><T131/><D131/><U31/><E135/><V47/><F87/><W86/><G101/><T22/><D22/><U113/><E113/><V104/><F98/><W103/><G103/><T49/><D73/><U1/><E31/><V96/><F96/><W71/><G71/><T5/><D5/><U106/><E106/><V83/><F83/><W8/><G90/><N who="0" m="55799" /><D72/><U94/><E129/><V16/><F16/><W32/><G32/><T10/><D10/><U133/><E26/><V52/><F104/><W109/><G109/><T59/><AGARI ba="0,0" hai="19,20,27,49,53,59,64,65,78,80,85" m="55799" machi="59" ten="30,1100,0" yaku="8,1" doraHai="42" who="0" fromWho="0" sc="317,11,238,-3,214,-3,231,-5" /><INIT seed="4,0,0,4,2,77" ten="328,235,211,226" oya="0" hai0="131,69,76,64,30,51,128,36,54,91,40,70,71" hai1="44,21,19,61,99,43,26,20,66,96,65,97,127" hai2="118,105,81,12,11,101,27,72,35,123,6,29,78" hai3="86,0,47,50,23,116,24,98,111,5,31,16,63"/><T67/><D30/><U117/><E127/><V95/><F118/><W8/><G116/><T104/><D104/><U4/><E117/><V126/><F126/><W133/><G133/><T93/><D76/><U53/><E4/><V62/><F123/><W38/><G38/><T82/><D82/><U55/><E21/><V13/><F62/><W15/><G111/><T14/><D14/><U28/><E28/><V121/><F121/><W49/><G63/><T132/><D132/><U25/><E25/><V92/><REACH who="2" step="1"/><F12/><REACH who="2" ten="328,235,201,226" step="2"/><W102/><G86/><T42/><D69/><U134/><E134/><V112/><F112/><W18/><G50/><T122/><D122/><U10/><E61/><V9/><F9/><W56/><G56/><T7/><D70/><U115/><E10/><V32/><F32/><W34/><G49/><T87/><D71/><U106/><E115/><V1/><F1/><W45/><REACH who="3" step="1"/><G18/><REACH who="3" ten="328,235,201,216" step="2"/><T57/><D57/><U52/><E19/><V39/><F39/><W84/><G84/><T119/><D87/><U88/><E97/><AGARI ba="0,2" hai="6,11,13,27,29,35,72,78,81,92,95,97,101,105" machi="97" ten="40,5200,0" yaku="1,1,52,1,53,1" doraHai="77" doraHaiUra="22" who="2" fromWho="1" sc="328,0,235,-52,201,72,216,0" /><INIT seed="5,0,0,5,5,7" ten="328,183,273,216" oya="1" hai0="25,47,29,59,62,18,34,19,128,89,6,65,91" hai1="2,101,73,23,97,26,74,117,116,67,103,53,129" hai2="52,46,28,36,33,10,27,4,69,60,95,108,51" hai3="63,72,39,76,37,104,22,87,30,15,75,84,3"/><U120/><E120/><V43/><F108/><W50/><G3/><T32/><D128/><U133/><E67/><V86/><F86/><W16/><G104/><T135/><D135/><U131/><E2/><V107/><F107/><W56/><G75/><N who="1" m="28682" /><E53/><V80/><F80/><W124/><G124/><T96/><D34/><U119/><E23/><V88/><F95/><W114/><G114/><T61/><D6/><U1/><E26/><V14/><F60/><W82/><G50/><T111/><D111/><U79/><E1/><V13/><F69/><W17/><G30/><T31/><D31/><U5/><E5/><V81/><F81/><W8/><G39/><T57/><D47/><U70/><E70/><V90/><F14/><W41/><G41/><T134/><D134/><U48/><E48/><V121/><F121/><W40/><G40/><T11/><D96/><U66/><E66/><V0/><F0/><W38/><G37/><T77/><D77/><U55/><E55/><V49/><REACH who="2" step="1"/><F36/><REACH who="2" ten="328,183,263,216" step="2"/><W99/><G38/><T113/><D62/><U83/><E133/><V126/><F126/><W21/><G84/><T130/><D61/><U98/><E83/><V109/><F109/><W85/><G85/><T122/><D122/><U20/><E79/><V123/><F123/><W42/><G76/><T64/><D25/><U106/><E20/><V35/><F35/><W102/><G22/><T112/><D32/><U9/><E9/><V110/><F110/><W100/><G21/><T45/><D11/><U71/><E71/><V68/><F68/><W93/><G8/><T58/><D112/><RYUUKYOKU ba="0,1" sc="328,-15,183,15,263,15,216,-15" hai1="97,98,101,103,106,116,117,119,129,131" hai2="4,10,13,27,28,33,43,46,49,51,52,88,90" /><INIT seed="5,1,1,0,4,37" ten="313,198,278,201" oya="1" hai0="123,5,135,4,114,52,20,21,10,65,29,8,133" hai1="44,84,90,35,74,50,12,40,26,108,63,81,121" hai2="27,17,87,89,24,96,93,60,51,54,125,30,132" hai3="38,31,1,77,97,116,92,107,94,68,86,47,58"/><U85/><E121/><V76/><F132/><W70/><G1/><T23/><D65/><U0/><E0/><V28/><F125/><W120/><G120/><T104/><D104/><U117/><E117/><V99/><F76/><W61/><G116/><T124/><D123/><U45/><E108/><V119/><F119/><W122/><G107/><T118/><D118/><U41/><E74/><V95/><F60/><W39/><G39/><T19/><D52/><U67/><E12/><V34/><F17/><W43/><G122/><T115/><D124/><U82/><E26/><V13/><F95/><W9/><G94/><T73/><D73/><U64/><E35/><V105/><F13/><W55/><G9/><N who="0" m="3691" /><D29/><U128/><E128/><V3/><F3/><W103/><REACH who="3" step="1"/><G31/><REACH who="3" ten="313,198,278,191" step="2"/><T75/><D133/><U80/><E80/><AGARI ba="1,2" hai="38,43,47,55,58,61,68,70,77,80,86,92,97,103" machi="80" ten="40,5200,0" yaku="1,1,2,1,52,1,53,0" doraHai="37" doraHaiUra="25" who="3" fromWho="1" sc="313,0,198,-55,278,0,191,75" /><INIT seed="6,0,0,1,2,67" ten="313,143,278,266" oya="2" hai0="78,7,31,116,94,23,61,43,38,8,16,53,51" hai1="131,46,74,48,105,55,39,68,96,20,69,64,104" hai2="115,6,52,127,86,32,103,3,109,25,80,30,133" hai3="114,70,1,120,27,99,85,110,121,34,59,47,35"/><V119/><F119/><W5/><G110/><T65/><D116/><U77/><E131/><V0/><F109/><W71/><G1/><T60/><D31/><U89/><E104/><V41/><F115/><W40/><G5/><T75/><D94/><U13/><E39/><V82/><F133/><W83/><G114/><T79/><D75/><U9/><E77/><V123/><F123/><W29/><G59/><T62/><D43/><U128/><E74/><V122/><F122/><W15/><G35/><T88/><D38/><U124/><E128/><V106/><F127/><W44/><G15/><N who="0" m="5535" /><D65/><U17/><E124/><V111/><F111/><W12/><G12/><N who="0" m="9607" /><D88/><U112/><E112/><V107/><F3/><W102/><G44/><AGARI ba="0,0" hai="44,51,53,60,61,62,78,79" m="9607,5535" machi="44" ten="30,2000,0" yaku="8,1,54,1" doraHai="67" who="0" fromWho="3" sc="313,20,143,0,278,0,266,-20" /><INIT seed="7,0,0,3,4,86" ten="333,143,278,246" oya="3" hai0="88,56,28,18,14,95,9,25,64,112,36,105,7" hai1="68,98,16,76,42,125,117,124,32,44,35,5,74" hai2="15,114,84,90,71,2,115,75,52,70,102,8,13" hai3="51,93,61,132,30,46,133,129,23,79,120,1,130"/><W108/><G120/><T26/><D105/><U87/><E68/><V85/><F75/><W49/><G1/><T82/><D36/><U131/><E5/><N who="2" m="3215" /><F2/><W54/><G79/><T73/><D112/><N who="2" m="43050" /><F102/><W111/><G93/><T0/><D82/><U77/><E117/><V29/><F29/><W99/><G99/><T34/><D73/><U22/><E74/><V122/><F122/><W121/><G121/><T128/><D128/><N who="3" m="49257" /><G23/><N who="0" m="11735" /><D25/><U104/><E131/><V107/><F107/><W31/><G61/><N who="0" m="37927" /><D95/><U58/><E35/><V78/><F78/><W100/><G100/><T123/><D123/><U33/><E32/><V4/><F85/><W113/><G113/><T11/><D11/><U118/><E33/><V89/><F84/><W10/><G10/><T65/><D65/><U110/><E87/><V59/><F15/><W116/><G116/><T67/><D67/><U12/><E118/><V3/><F3/><W66/><G66/><T119/><D119/><U27/><E12/><V45/><F4/><W50/><G31/><T69/><D69/><N who="2" m="26122" /><F45/><W126/><G30/><T21/><D21/><U134/><E77/><V80/><F80/><W37/><G126/><T43/><D43/><U17/><E76/><V20/><F20/><W81/><G81/><T72/><D72/><U53/><E125/><V92/><F92/><W38/><G37/><T91/><AGARI ba="0,0" hai="0,7,9,26,28,34,88,91" m="37927,11735" machi="91" ten="30,7900,0" yaku="24,1,52,2,54,1" doraHai="86" who="0" fromWho="0" sc="333,79,143,-20,278,-20,246,-39" owari="412,51.0,123,-38.0,258,6.0,207,-19.0" /></mjloggm>