<mjloggm ver="2.3"><GO type="169"/><UN n0="%E3%81%B9%E3%81%A3%E3%81%93%E3%83%BC%E2%99%AA" n1="%E3%81%B5%E3%81%8A%E3%82%93" n2="%E6%9C%AC%E7%89%A9%E5%A5%B3%E5%AD%90%E9%AB%98%E7%94%9F" n3="%EF%BC%88%E2%89%A7%E2%96%BD%E2%89%A6%EF%BC%89" dan="17,16,16,18" rate="2187,2051,2136,2237" sx="F,M,F,M"/><TAIKYOKU oya="0"/><INIT seed="0,0,0,5,2,28" ten="250,250,250,250" oya="0" hai0="63,101,32,72,128,104,25,98,73,26,120,5,60" hai1="96,80,89,70,94,68,131,16,69,82,76,37,100" hai2="59,115,90,79,118,3,119,124,31,88,106,36,45" hai3="133,83,6,77,122,41,23,134,105,108,64,21,56"/><T132/><D120/><U50/><E37/><V78/><F115/><W2/><G105/><T116/><D116/><N who="2" m="44586" /><F106/><W12/><G41/><T46/><D132/><N who="3" m="50793" /><G2/><T110/><D128/><U65/><E131/><V93/><F3/><W58/><G108/><T61/><D110/><U121/><E121/><V75/><F31/><W135/><G135/><T87/><D5/><U81/><E100/><V7/><F7/><W40/><G40/><T39/><D87/><U38/><E38/><V48/><F59/><N who="3" m="22571" /><G64/><T74/><D32/><U49/><E65/><V34/><F34/><W4/><G4/><T126/><D126/><U95/><E70/><V9/><F9/><N who="3" m="4151" /><G122/><T62/><N who="0" m="15360" /><DORA hai="27" /><T66/><REACH who="0" step="1"/><D66/><REACH who="0" ten="240,250,250,250" step="2"/><U11/><E69/><V51/><F124/><W43/><G43/><AGARI ba="0,1" hai="25,26,39,43,46,72,73,74,98,101,104" m="15360" machi="43" ten="60,5800,0" yaku="1,1,2,1,53,0" doraHai="28,27" doraHaiUra="112,14" who="0" fromWho="3" sc="240,68,250,0,250,0,250,-58" /><INIT seed="0,1,0,4,4,106" ten="308,250,250,192" oya="0" hai0="134,34,100,43,39,120,20,91,87,49,116,11,80" hai1="119,132,58,126,78,118,112,104,13,92,131,5,61" hai2="103,45,40,88,109,59,47,16,101,50,0,117,53" hai3="121,83,113,115,71,96,28,130,94,84,73,76,63"/><T77/><D120/><U66/><E104/><V35/><F109/><W69/><G121/><T79/><D116/><U36/><E36/><V23/><F35/><W22/><G130/><T27/><D39/><U97/><E131/><V64/><F0/><W52/><G71/><T67/><D134/><U42/><E42/><V31/><F31/><W46/><G84/><T19/><D34/><U4/><E132/><V1/><F1/><W15/><G69/><T108/><D100/><U107/><E107/><V123/><F123/><W111/><G111/><T24/><D67/><U21/><E126/><V86/><F64/><W99/><G99/><T29/><D108/><U54/><E78/><V124/><F124/><W127/><G127/><T32/><REACH who="0" step="1"/><D11/><REACH who="0" ten="298,250,250,192" step="2"/><N who="1" m="4327" /><E66/><V18/><F117/><W129/><G129/><T3/><D3/><U75/><E119/><V51/><F103/><W122/><G122/><T56/><D56/><U85/><E58/><V55/><F101/><W110/><G110/><T30/><D30/><U74/><E118/><V38/><REACH who="2" step="1"/><F23/><REACH who="2" ten="298,250,240,192" step="2"/><W93/><G22/><T98/><D98/><U70/><E21/><V135/><F135/><W90/><G96/><T2/><D2/><U48/><E97/><V102/><F102/><W17/><G28/><T114/><D114/><U44/><E112/><V133/><F133/><W60/><G115/><T41/><D41/><U25/><E70/><V12/><F12/><W14/><G113/><T57/><D57/><U105/><E105/><V9/><F9/><W33/><G14/><T72/><D72/><U6/><E75/><V65/><F65/><RYUUKYOKU ba="1,2" sc="298,15,250,-15,240,15,192,-15" hai0="19,20,24,27,29,32,43,49,77,79,80,87,91" hai2="16,18,38,40,45,47,50,51,53,55,59,86,88" /><INIT seed="0,2,2,0,1,74" ten="313,235,255,177" oya="0" hai0="41,90,99,95,55,130,8,104,42,65,76,56,116" hai1="87,123,17,46,50,1,23,70,69,28,36,86,19" hai2="121,62,96,100,67,132,4,103,114,15,84,31,47" hai3="5,27,37,107,98,45,49,119,22,26,61,109,60"/><T129/><D116/><U24/><E123/><V3/><F121/><W79/><G37/><T12/><D65/><U102/><E36/><V80/><F3/><W93/><G107/><T101/><D76/><U52/><E1/><V7/><F114/><W125/><G109/><T94/><D104/><U88/><E102/><V92/><F132/><W108/><G108/><T106/><D106/><U111/><E111/><V53/><F103/><W127/><G5/><T131/><D94/><U33/><E86/><V38/><F31/><N who="3" m="17879" /><G119/><T6/><REACH who="0" step="1"/><D101/><REACH who="0" ten="303,235,255,177" step="2"/><U71/><REACH who="1" step="1"/><E33/><REACH who="1" ten="303,225,255,177" step="2"/><V34/><F34/><W10/><G125/><T110/><D110/><U77/><E77/><V115/><F100/><W82/><G127/><T43/><D43/><U117/><E117/><V68/><F115/><W126/><G126/><T32/><D32/><U44/><E44/><V120/><F47/><W73/><G45/><T72/><D72/><U25/><E25/><V64/><F120/><W105/><G27/><T85/><D85/><U57/><E57/><V39/><F84/><W30/><G79/><T13/><D13/><U9/><E9/><V134/><F15/><W20/><G10/><T113/><D113/><U2/><E2/><V133/><F133/><W78/><G105/><T124/><D124/><U66/><E66/><V40/><F67/><W83/><G78/><T59/><D59/><U97/><E97/><V35/><F64/><W112/><G98/><T0/><D0/><U128/><E128/><V63/><F96/><W81/><G112/><T16/><D16/><U11/><E11/><V75/><F134/><RYUUKYOKU ba="2,4" sc="303,15,225,15,255,-15,177,-15" hai0="6,8,12,41,42,55,56,90,95,99,129,130,131" hai1="17,19,23,24,28,46,50,52,69,70,71,87,88" /><INIT seed="0,3,4,4,5,30" ten="318,240,240,162" oya="0" hai0="77,41,16,96,109,123,25,105,1,75,29,52,81" hai1="21,18,57,32,14,86,59,87,34,4,20,90,108" hai2="23,82,62,88,39,125,28,31,78,124,93,61,65" hai3="63,95,128,33,119,122,54,8,117,120,5,121,69"/><T67/><D1/><U48/><E4/><V111/><F39/><W84/><G128/><T97/><D123/><U100/><E100/><V126/><F111/><W0/><G33/><T114/><D114/><U44/><E108/><V49/><F49/><W36/><G36/><T66/><D109/><U74/><E74/><N who="2" m="43351" /><F23/><W60/><G69/><T12/><D41/><U127/><E127/><V118/><F118/><N who="3" m="45067" /><G54/><T106/><D106/><U92/><E21/><V22/><F22/><W3/><G0/><T40/><D40/><U72/><E72/><V37/><F37/><W134/><G134/><T50/><D105/><U13/><E13/><V53/><F53/><W112/><G112/><T42/><D42/><N who="1" m="24599" /><E34/><V94/><F94/><W24/><G24/><T68/><D68/><U79/><E32/><V17/><F17/><W10/><G10/><T56/><D25/><U43/><E43/><V9/><F9/><W132/><G132/><T104/><D104/><U6/><E6/><V64/><F62/><W91/><AGARI ba="3,4" hai="3,5,8,60,63,84,91,95,120,121,122" m="45067" machi="91" ten="40,1500,0" yaku="13,1" doraHai="30" who="3" fromWho="3" sc="318,-10,240,-7,240,-7,162,64" /><INIT seed="1,0,0,5,3,61" ten="308,233,233,226" oya="1" hai0="39,44,121,38,72,13,14,33,112,129,17,97,83" hai1="54,113,28,60,90,23,24,95,10,106,71,5,69" hai2="77,103,76,75,117,36,94,89,53,19,16,35,40" hai3="80,132,87,18,88,31,105,47,58,37,125,110,116"/><U22/><E106/><V118/><F35/><W25/><G105/><T50/><D112/><U133/><E113/><V34/><F34/><W46/><G110/><T126/><D33/><U104/><E104/><V101/><F53/><W134/><G125/><T1/><D1/><U85/><E133/><N who="3" m="51306" /><G37/><T78/><D121/><U100/><E100/><V119/><F40/><W68/><G68/><T7/><D126/><U27/><E54/><V120/><F36/><W124/><G18/><T109/><D129/><U93/><E95/><V9/><F120/><W57/><G116/><T127/><D127/><U43/><E43/><V79/><F75/><W48/><G124/><T49/><D109/><U41/><E41/><V122/><F122/><W92/><G80/><T135/><D135/><U67/><E71/><V52/><F52/><N who="3" m="29727" /><G46/><T15/><D39/><U3/><REACH who="1" step="1"/><E28/><REACH who="1" ten="308,223,233,226" step="2"/><V99/><F19/><W30/><G31/><T115/><D17/><U114/><E114/><V4/><REACH who="2" step="1"/><F16/><REACH who="2" ten="308,223,223,226" step="2"/><W82/><G92/><T131/><D115/><U81/><E81/><V11/><F11/><W98/><G98/><T102/><D97/><U64/><E64/><V70/><F70/><W86/><G86/><T56/><D72/><U111/><E111/><V73/><F73/><W91/><G91/><T42/><D42/><U51/><E51/><V107/><F107/><W20/><AGARI ba="0,2" hai="20,25,30,57,58,82,87,88" m="29727,51306" machi="20" ten="30,4000,0" yaku="20,1,54,2" doraHai="61" who="3" fromWho="3" sc="308,-10,223,-20,223,-10,226,60" /><INIT seed="2,0,0,2,1,8" ten="298,203,213,286" oya="2" hai0="60,64,57,63,91,61,62,58,4,132,111,34,127" hai1="55,87,16,23,27,3,20,46,6,83,124,109,35" hai2="9,130,52,71,104,96,100,114,18,32,45,43,47" hai3="14,88,92,44,80,10,66,94,33,5,126,41,30"/><V1/><F114/><W13/><G126/><T131/><D34/><U37/><E35/><V102/><F130/><W19/><G66/><T129/><D127/><U128/><E109/><V2/><F71/><W31/><G80/><T79/><D79/><U116/><E116/><V70/><F70/><W113/><G33/><T85/><D111/><U69/><E69/><V82/><F32/><W118/><G92/><T108/><D108/><U89/><E124/><V40/><F102/><W97/><G118/><T78/><D78/><U121/><E128/><N who="0" m="49225" /><D4/><U117/><E117/><V120/><F82/><W112/><G112/><T56/><D132/><U0/><E6/><V67/><F67/><W72/><G72/><T103/><D103/><U74/><E74/><V86/><F86/><W123/><G123/><T28/><D28/><U125/><E125/><V22/><F9/><N who="3" m="6607" /><G113/><T7/><D7/><U59/><E23/><V110/><F110/><W135/><G135/><T107/><D107/><U17/><E121/><V26/><F120/><W48/><AGARI ba="0,0" hai="5,10,13,30,31,41,44,48,88,94,97" m="6607" machi="48" ten="30,7900,0" yaku="8,1,52,2,54,1" doraHai="8" who="3" fromWho="3" sc="298,-20,203,-20,213,-39,286,79" /><INIT seed="3,0,0,1,5,21" ten="278,183,174,365" oya="3" hai0="116,56,27,86,16,10,91,25,59,98,71,40,100" hai1="80,79,118,122,45,95,55,102,9,113,89,124,90" hai2="28,34,134,132,20,117,101,54,43,119,130,121,70" hai3="67,74,60,52,6,63,3,78,17,57,62,36,26"/><W8/><G36/><T64/><D116/><U11/><E122/><V30/><F70/><W50/><G74/><T23/><D40/><U33/><E118/><V123/><F43/><W110/><G78/><T105/><D10/><U125/><E102/><V112/><F101/><W49/><G110/><T46/><D46/><U108/><E108/><V87/><F112/><W92/><G92/><T84/><D84/><U115/><E33/><V47/><F87/><W32/><G50/><T128/><D128/><U76/><E55/><V72/><F72/><W41/><G41/><T114/><D114/><N who="1" m="43531" /><E45/><V96/><F96/><W129/><G129/><T15/><D71/><U58/><E58/><V0/><F130/><W18/><REACH who="3" step="1"/><G67/><REACH who="3" ten="278,183,174,355" step="2"/><T37/><D37/><U35/><E79/><V22/><F119/><W135/><G135/><T83/><D64/><U39/><E39/><V103/><F117/><W127/><G127/><T77/><D77/><U93/><E93/><V1/><F132/><W48/><G48/><T109/><D109/><U31/><E95/><V85/><F134/><W68/><G68/><T24/><AGARI ba="0,1" hai="15,16,23,24,25,27,56,59,83,86,91,98,100,105" machi="24" ten="30,8000,1" yaku="0,1,52,3,54,1" doraHai="21" who="0" fromWho="0" sc="278,90,183,-20,174,-20,355,-40" /><INIT seed="4,0,0,3,1,50" ten="368,163,154,315" oya="0" hai0="127,16,41,77,34,54,84,7,123,0,65,101,22" hai1="10,3,44,112,59,55,60,17,98,18,43,90,110" hai2="126,122,33,104,79,36,21,92,35,19,25,69,124" hai3="105,99,75,26,87,114,61,37,131,2,62,31,20"/><T42/><D123/><U108/><E112/><V135/><F104/><W80/><G2/><T134/><D34/><U9/><E9/><V6/><F36/><W85/><G37/><T82/><D134/><U48/><E18/><N who="2" m="12471" /><F69/><W102/><G114/><T39/><D127/><N who="2" m="48682" /><F92/><W96/><G131/><T29/><D65/><U68/><E68/><V78/><F79/><W45/><G75/><T73/><D29/><U67/><E67/><V40/><F78/><W30/><G30/><T113/><D101/><U11/><E11/><V88/><F88/><W4/><G4/><T120/><D120/><U71/><E71/><V1/><F40/><W24/><G24/><T15/><D41/><U133/><E133/><V63/><F63/><W28/><G96/><T118/><D84/><U94/><REACH who="1" step="1"/><E17/><REACH who="1" ten="368,153,154,315" step="2"/><V83/><F135/><W128/><G128/><T52/><D113/><U5/><AGARI ba="0,1" hai="3,5,10,43,44,48,55,59,60,90,94,98,108,110" machi="5" ten="30,7900,0" yaku="1,1,2,1,0,1,52,1,53,0" doraHai="50" doraHaiUra="100" who="1" fromWho="1" sc="368,-39,153,89,154,-20,315,-20" /><INIT seed="5,0,0,0,3,118" ten="329,242,134,295" oya="1" hai0="112,80,74,20,1,84,59,77,73,6,13,25,22" hai1="46,92,60,42,35,10,28,104,8,95,65,85,96" hai2="17,27,87,57,51,0,16,2,116,128,110,66,99" hai3="106,93,31,131,34,72,32,30,119,24,108,134,107"/><U105/><E85/><V126/><F116/><W101/><G119/><T21/><D112/><U63/><E95/><V64/><F110/><W78/><G108/><T117/><D117/><U49/><E60/><V41/><F126/><W7/><G134/><T58/><D74/><U18/><E28/><V129/><F99/><N who="3" m="61759" /><G93/><T15/><D73/><U89/><E35/><V79/><F79/><W62/><G7/><T97/><D97/><U5/><E18/><N who="2" m="7275" /><F27/><N who="3" m="18527" /><G62/><T36/><D36/><U81/><E81/><V88/><F51/><W53/><G53/><T43/><D43/><U133/><E133/><V54/><F41/><W3/><G3/><N who="2" m="1065" /><F54/><W47/><G78/><T90/><D1/><U23/><E105/><V130/><F57/><N who="0" m="21514" /><D77/><U67/><E104/><V52/><F52/><W11/><G107/><T38/><D38/><U115/><E63/><V48/><F48/><W45/><G72/><T103/><D103/><U50/><E50/><V37/><F37/><W14/><G45/><T76/><D76/><U113/><E113/><V40/><F40/><W70/><G47/><T100/><D100/><U122/><E115/><V98/><F98/><W44/><G44/><T120/><D25/><U82/><E96/><V29/><F29/><W125/><G125/><T61/><D61/><U9/><E49/><V114/><F114/><W132/><G132/><T19/><D6/><U68/><E46/><V109/><F109/><W33/><G33/><T83/><D83/><AGARI ba="0,0" hai="64,66,83,87,88,128,129,130" m="1065,7275" machi="83" ten="40,5200,0" yaku="19,1,54,2" doraHai="118" who="2" fromWho="0" sc="329,-52,242,0,134,52,295,0" /><INIT seed="6,0,0,1,5,31" ten="277,242,186,295" oya="2" hai0="17,78,98,128,96,1,48,105,125,63,76,83,49" hai1="93,18,92,127,107,58,8,27,80,94,81,29,112" hai2="4,111,41,124,106,130,121,87,104,55,12,116,5" hai3="131,60,57,40,30,115,56,51,90,132,16,79,89"/><V84/><F121/><W36/><G36/><T100/><D1/><U95/><E107/><V47/><F116/><W67/><G30/><T68/><D125/><U33/><E127/><V42/><F124/><W73/><G132/><T114/><D128/><U50/><E112/><V7/><F130/><W15/><G115/><T65/><D114/><U108/><E108/><V71/><F71/><W62/><G79/><T59/><D96/><U72/><E72/><V54/><F47/><N who="3" m="26087" /><G73/><T28/><D78/><U22/><E8/><V70/><F70/><W97/><G97/><T46/><D17/><U86/><E86/><N who="2" m="32811" /><F12/><W14/><G14/><T99/><D99/><U82/><N who="1" m="23552" /><DORA hai="21" /><U110/><E110/><V109/><F109/><W75/><G75/><T37/><D37/><U117/><E117/><V24/><F24/><W32/><G32/><T120/><D120/><U61/><E50/><V43/><F111/><W25/><G25/><T85/><D68/><U10/><E33/><V6/><N who="2" m="1024" /><DORA hai="35" /><V119/><F119/><W66/><G131/><T129/><D129/><U38/><E38/><V3/><F3/><W53/><G67/><T101/><D49/><U44/><E44/><V123/><F123/><W103/><G103/><T118/><D100/><U9/><E29/><V126/><F126/><W0/><G0/><T45/><D28/><U20/><E20/><AGARI ba="0,0" hai="15,16,20,53,56,57,60,62,66,89,90" m="26087" machi="20" ten="30,2000,0" yaku="8,1,54,1" doraHai="31,21,35" who="3" fromWho="1" sc="277,0,242,-20,186,0,295,20" /><INIT seed="7,0,0,0,0,107" ten="277,222,186,315" oya="3" hai0="25,32,36,66,61,43,91,125,14,2,109,85,99" hai1="121,10,115,50,62,113,53,126,84,71,1,68,52" hai2="132,5,58,18,86,60,15,119,100,72,44,34,134" hai3="30,23,114,11,77,96,69,39,94,9,35,83,64"/><W21/><G39/><T117/><D2/><U7/><E121/><V88/><F119/><W38/><G38/><T124/><D109/><U17/><E126/><V42/><F100/><W63/><G35/><T57/><D117/><U116/><E116/><V56/><F34/><W122/><G114/><N who="1" m="43530" /><E17/><V110/><F110/><W106/><G106/><T54/><D99/><U49/><E84/><V4/><F4/><W31/><G31/><T6/><D25/><U81/><E81/><V129/><F5/><W111/><G122/><T79/><D32/><U13/><E1/><V28/><F28/><W103/><G111/><T76/><D43/><U29/><E29/><V12/><F129/><W16/><G30/><T104/><D36/><U47/><E62/><V59/><F60/><W82/><G82/><T123/><D104/><U19/><E19/><V55/><F55/><W108/><G108/><T131/><D54/><U95/><E95/><V78/><F78/><W112/><G112/><T24/><D131/><U67/><E67/><V20/><F15/><W3/><G3/><T89/><D123/><U22/><E22/><V73/><F134/><W45/><G23/><T133/><D133/><U128/><E128/><V118/><F118/><W70/><G63/><T46/><D76/><U87/><E87/><V97/><F97/><W101/><G64/><T105/><D79/><U102/><E102/><V130/><F130/><W98/><G103/><T75/><D85/><U40/><E53/><V48/><REACH who="2" step="1"/><F132/><REACH who="2" ten="277,222,176,315" step="2"/><W93/><G101/><T120/><D61/><U65/><E52/><V74/><F74/><RYUUKYOKU ba="0,1" sc="277,-10,222,-10,176,30,315,-10" hai2="12,18,20,42,44,48,56,58,59,72,73,86,88" owari="267,7.0,212,-19.0,206,-29.0,315,41.0" /></mjloggm>