<mjloggm ver="2.3"><GO type="169"/><UN n0="%E3%80%93%E6%9D%BE%E4%BA%95%EF%BC%A3%EF%BC%B3%E3%80%93" n1="%EF%BC%88%E2%89%A7%E2%96%BD%E2%89%A6%EF%BC%89" n2="%E5%BD%BC%E6%96%B9%E6%B5%81%E3%81%97" n3="%E2%98%85%E9%9B%80%E5%A8%98%E3%82%AF%E3%83%AC%E3%82%A2%E2%98%85" dan="17,18,17,16" rate="2177,2203,2184,2095" sx="M,M,M,F"/><TAIKYOKU oya="0"/><INIT seed="0,0,0,5,1,80" ten="250,250,250,250" oya="0" hai0="66,132,56,97,90,13,18,75,29,129,42,109,110" hai1="74,23,94,86,96,55,116,1,19,43,45,22,76" hai2="21,79,73,113,103,69,27,88,31,11,70,107,68" hai3="100,108,7,135,10,128,33,47,35,48,32,124,84"/><T104/><D75/><U93/><E116/><V40/><F113/><W126/><G108/><N who="0" m="41579" /><D132/><U54/><E1/><V50/><F79/><W119/><G119/><T15/><D29/><U8/><E74/><V2/><F73/><W52/><G135/><T46/><D129/><U17/><E8/><V63/><F103/><W67/><G128/><T71/><D71/><U24/><E93/><V98/><F107/><W91/><G100/><N who="0" m="62479" /><D18/><U0/><E0/><V3/><F63/><W26/><G67/><T133/><D133/><U89/><E76/><V72/><F3/><W44/><G44/><T120/><D120/><U125/><E125/><N who="3" m="48234" /><G26/><T114/><D114/><U38/><REACH who="1" step="1"/><E96/><REACH who="1" ten="250,240,250,250" step="2"/><V101/><F72/><W34/><G10/><T121/><D121/><U102/><E102/><V122/><F11/><W16/><G7/><T39/><D90/><U87/><E87/><V111/><F88/><W78/><G84/><T83/><D83/><U85/><E85/><V4/><F111/><W117/><G91/><T112/><D112/><U95/><E95/><N who="2" m="58591" /><F122/><W123/><G123/><T61/><AGARI ba="0,1" hai="13,15,39,42,46,56,61,66" m="62479,41579" machi="61" ten="30,3000,0" yaku="14,1,10,1" doraHai="80" who="0" fromWho="0" sc="250,40,240,-10,250,-10,250,-10" /><INIT seed="0,1,0,2,1,41" ten="290,230,240,240" oya="0" hai0="122,55,124,39,30,82,4,87,37,107,6,1,49" hai1="71,21,26,58,109,46,102,110,73,59,14,8,2" hai2="61,113,80,133,95,108,63,5,25,93,43,31,20" hai3="16,116,17,60,66,65,135,96,99,126,33,123,117"/><T19/><D122/><U131/><E71/><V130/><F113/><W36/><G123/><T132/><D107/><U53/><E73/><V121/><F121/><W79/><G36/><T128/><D132/><U64/><E2/><V69/><F133/><W34/><G79/><T105/><D105/><U38/><E102/><V27/><F130/><W68/><G135/><T52/><D128/><U32/><E32/><V47/><F108/><N who="1" m="41577" /><E131/><V74/><F5/><W94/><G94/><T13/><D30/><N who="1" m="17743" /><E64/><V70/><F27/><W51/><G51/><T76/><D124/><U81/><E81/><V120/><F120/><W3/><G3/><T44/><D1/><U85/><E85/><V28/><F28/><W134/><G134/><T91/><D39/><U54/><E54/><V83/><F74/><W7/><G7/><N who="0" m="2603" /><D37/><U40/><E53/><V62/><F80/><W15/><G15/><T23/><D55/><U78/><E78/><AGARI ba="1,0" hai="13,19,23,44,49,52,76,78,82,87,91" m="2603" machi="78" ten="30,5800,0" yaku="8,1,52,1,54,1" doraHai="41" who="0" fromWho="1" sc="290,61,230,-61,240,0,240,0" /><INIT seed="0,2,0,4,5,2" ten="351,169,240,240" oya="0" hai0="99,51,50,23,71,57,101,93,25,55,46,61,90" hai1="95,105,14,79,22,67,91,114,69,33,131,110,8" hai2="125,80,58,134,11,56,20,28,133,96,47,37,127" hai3="108,35,117,124,84,6,1,75,109,43,65,132,34"/><T18/><D71/><U9/><E105/><V66/><F96/><W86/><G117/><T62/><REACH who="0" step="1"/><D101/><REACH who="0" ten="341,169,240,240" step="2"/><U29/><E69/><V103/><F103/><W115/><G109/><T126/><D126/><U100/><E110/><V130/><F127/><W4/><G108/><T32/><D32/><U40/><E33/><V0/><F125/><W13/><G35/><T121/><D121/><U98/><E100/><V97/><F134/><W10/><G34/><T48/><D48/><U112/><E114/><V85/><F133/><W83/><G132/><T120/><D120/><U70/><E112/><V89/><F37/><W16/><G115/><T113/><D113/><U135/><E70/><V21/><F58/><W77/><G124/><T76/><D76/><U81/><E79/><V63/><F56/><W92/><G75/><T39/><D39/><U53/><E135/><V17/><F66/><W45/><G65/><T82/><D82/><U15/><E67/><V19/><F80/><W59/><G59/><T27/><D27/><U107/><E81/><V68/><F68/><W31/><G83/><T52/><AGARI ba="2,1" hai="18,23,25,46,50,51,52,55,57,61,62,90,93,99" machi="52" ten="20,18000,2" yaku="1,1,0,1,7,1,8,1,54,1,53,1" doraHai="2" doraHaiUra="41" who="0" fromWho="0" sc="341,196,169,-62,240,-62,240,-62" /><INIT seed="0,3,0,2,4,16" ten="537,107,178,178" oya="0" hai0="111,52,61,127,133,57,107,78,12,11,98,125,126" hai1="64,70,114,112,120,118,86,135,30,18,44,94,121" hai2="31,60,102,39,10,54,108,113,85,106,62,25,72" hai3="84,73,23,95,49,122,115,124,92,65,51,40,101"/><T46/><D133/><U8/><E86/><V76/><F113/><N who="1" m="43625" /><E94/><V83/><F108/><W9/><G115/><T123/><D123/><N who="1" m="47179" /><E44/><V2/><F39/><W134/><G73/><T77/><D111/><U87/><E87/><V81/><F54/><W3/><G84/><T66/><D107/><U104/><E104/><V119/><F119/><W47/><G95/><T22/><D98/><U36/><E36/><V97/><F10/><W75/><G92/><T4/><D46/><U37/><E37/><V109/><F2/><W69/><G3/><T0/><D66/><U24/><E64/><V71/><F109/><W67/><G65/><T132/><D132/><U80/><E80/><V88/><REACH who="2" step="1"/><F71/><REACH who="2" ten="537,107,168,178" step="2"/><W15/><G69/><T6/><D6/><U116/><E70/><V41/><F41/><W45/><G40/><T1/><D1/><U21/><E135/><V63/><F63/><W48/><G134/><T27/><D0/><U100/><E100/><V89/><F89/><W43/><G101/><T19/><AGARI ba="3,1" hai="4,11,12,19,22,27,52,57,61,77,78,125,126,127" machi="19" ten="30,11700,0" yaku="0,1,18,1,52,1,54,1" doraHai="16" who="0" fromWho="0" sc="537,136,107,-42,168,-42,178,-42" /><INIT seed="0,4,0,0,3,10" ten="673,65,126,136" oya="0" hai0="78,57,129,107,94,73,103,82,63,126,74,41,123" hai1="7,48,5,106,62,31,117,28,49,102,56,6,89" hai2="42,22,114,97,77,100,132,9,108,116,95,85,15" hai3="130,51,135,104,134,119,21,69,67,81,79,83,33"/><T38/><D123/><U90/><E117/><V30/><F114/><W98/><G119/><T34/><D34/><U99/><E48/><V4/><F116/><W50/><G33/><T61/><D107/><U118/><E118/><V53/><F108/><W87/><G130/><T80/><D126/><U124/><E124/><V32/><F32/><W3/><G3/><T92/><D129/><U76/><E76/><V84/><F132/><N who="3" m="50731" /><G21/><T44/><D63/><U35/><E49/><V23/><F42/><W111/><G111/><T122/><D122/><U125/><E125/><V52/><F23/><W68/><G83/><T27/><D27/><U75/><E75/><V60/><F77/><W112/><G112/><T8/><D82/><U29/><REACH who="1" step="1"/><E35/><REACH who="1" ten="673,55,126,136" step="2"/><V45/><F60/><W131/><G50/><T110/><D110/><U70/><E70/><V72/><F45/><W26/><G51/><T64/><D74/><U127/><E127/><V39/><F72/><W109/><G79/><T12/><D103/><U17/><E17/><AGARI ba="4,1" hai="8,12,17,38,41,44,57,61,64,73,78,80,92,94" machi="17" ten="30,2900,0" yaku="7,1,52,1" doraHai="10" who="0" fromWho="1" sc="673,51,55,-41,126,0,136,0" /><INIT seed="0,5,0,1,0,25" ten="724,14,126,136" oya="0" hai0="109,61,81,20,16,110,132,11,24,74,125,21,85" hai1="97,92,134,100,7,95,123,50,26,46,14,89,62" hai2="104,83,86,84,35,129,122,6,130,19,88,39,29" hai3="55,115,113,135,57,3,8,60,12,64,36,105,133"/><T52/><D74/><U54/><E123/><V127/><F122/><W73/><G73/><T128/><D132/><N who="3" m="50761" /><G105/><T91/><D125/><U108/><E134/><V31/><F39/><W111/><G3/><T71/><D128/><N who="2" m="49258" /><F127/><W59/><G36/><T0/><D71/><U72/><E72/><V28/><F104/><W103/><G103/><T45/><D0/><U93/><E108/><N who="0" m="41577" /><D21/><U5/><E14/><V77/><F6/><N who="3" m="3095" /><G111/><T90/><D11/><U116/><E116/><V32/><F19/><W75/><G75/><T107/><D107/><U87/><E93/><AGARI ba="5,0" hai="28,29,31,32,35,77,83,84,86,88,93" m="49258" machi="93" ten="30,8000,1" yaku="19,1,52,3,54,1" doraHai="25" who="2" fromWho="1" sc="724,0,14,-95,126,95,136,0" owari="724,82.0,-81,-58.0,221,2.0,136,-26.0" /></mjloggm>