<mjloggm ver="2.3"><GO type="41"/><UN n0="%4D%72%2E%E3%82%AA%E3%83%BC%E3%82%B7%E3%83%A3%E3%83%B3" n1="%EF%BC%88%E2%89%A7%E2%96%BD%E2%89%A6%EF%BC%89" n2="%62%6F%73%74%6F%6E" n3="%E3%82%AA%E3%83%AD%E3%83%A1%E3%83%8B%E3%83%B3%43" dan="13,15,13,13" rate="1827,2017,2065,2104" sx="M,M,M,M"/><TAIKYOKU oya="0"/><INIT seed="0,0,0,4,4,125" ten="250,250,250,250" oya="0" hai0="13,62,64,18,124,132,134,103,8,14,9,74,99" hai1="116,51,33,2,94,82,16,70,92,131,77,29,25" hai2="127,66,109,23,83,101,15,119,38,88,79,75,35" hai3="60,28,106,68,3,6,126,78,57,12,30,27,97"/><T93/><D74/><U61/><E116/><V49/><F35/><W37/><G126/><T65/><D124/><U44/><E2/><V87/><F38/><W39/><G12/><T114/><D114/><U120/><E120/><V58/><F127/><W100/><G30/><T22/><D22/><U47/><E47/><V0/><F0/><W112/><G57/><T67/><REACH who="0" step="1"/><D62/><REACH who="0" ten="240,250,250,250" step="2"/><U105/><E61/><V55/><F119/><W129/><G112/><T59/><D59/><U26/><E70/><V1/><F1/><W85/><G60/><T71/><D71/><U118/><E118/><V45/><F66/><W52/><G68/><T98/><D98/><U86/><E33/><V63/><F63/><W96/><G97/><T130/><D130/><U50/><E86/><V135/><F58/><W11/><G129/><T133/><D133/><U84/><E84/><V46/><F135/><W21/><G85/><T4/><AGARI ba="0,1" hai="4,8,9,13,14,18,64,65,67,93,99,103,132,134" machi="4" ten="30,3000,0" yaku="1,1,0,1,53,0" doraHai="125" doraHaiUra="122" who="0" fromWho="0" sc="240,40,250,-10,250,-10,250,-10" /><INIT seed="0,1,0,2,0,19" ten="280,240,240,240" oya="0" hai0="25,101,21,106,94,100,107,20,50,31,126,99,11" hai1="98,52,113,88,30,83,9,63,47,58,17,80,115" hai2="18,93,64,26,5,59,39,79,76,119,10,15,109" hai3="118,92,124,57,36,117,16,105,12,112,123,28,129"/><T85/><D126/><U7/><E30/><V6/><F39/><W116/><G105/><T90/><D11/><U51/><E17/><V22/><F119/><W3/><G112/><N who="1" m="43082" /><E98/><V23/><F109/><W29/><G3/><T78/><D78/><U95/><E95/><V134/><F134/><W41/><G124/><T91/><D50/><U73/><E73/><V72/><F72/><W42/><G123/><T49/><D49/><U34/><E34/><V4/><F93/><W32/><G129/><T74/><D74/><U130/><E130/><V37/><F37/><W108/><G108/><T44/><D44/><U67/><E88/><V127/><F127/><W54/><G36/><T1/><D1/><AGARI ba="1,0" hai="1,7,9,47,51,52,58,63,67,80,83" m="43082" machi="1" ten="30,2000,0" yaku="11,1,54,1" doraHai="19" who="1" fromWho="0" sc="280,-23,240,23,240,0,240,0" /><INIT seed="1,0,0,0,5,60" ten="257,263,240,240" oya="1" hai0="84,12,88,11,45,5,34,13,115,79,104,25,71" hai1="9,39,118,20,24,64,6,116,108,50,19,53,122" hai2="51,35,10,48,87,131,21,130,78,73,128,29,83" hai3="100,126,46,27,94,82,121,72,41,134,63,111,40"/><U69/><E122/><V14/><F35/><W22/><G121/><T123/><D115/><U16/><E39/><V70/><F73/><W58/><G134/><T80/><D123/><U96/><E108/><V49/><F70/><W28/><G111/><T98/><D45/><U15/><E96/><V105/><F105/><W117/><G117/><T77/><D71/><U32/><E32/><V127/><F29/><W132/><G132/><T102/><D34/><U18/><E69/><V81/><F21/><W106/><G106/><T112/><D112/><U43/><E43/><V65/><F83/><W113/><G113/><T119/><D119/><U7/><E64/><V67/><REACH who="2" step="1"/><F127/><REACH who="2" ten="257,263,230,240" step="2"/><W85/><G126/><T120/><D120/><U68/><E68/><V56/><F56/><W124/><G72/><T42/><D25/><U30/><REACH who="1" step="1"/><E6/><AGARI ba="0,1" hai="6,10,14,48,49,51,65,67,78,81,87,128,130,131" machi="6" ten="50,8000,1" yaku="1,1,19,1,52,2,53,0" doraHai="60" doraHaiUra="38" who="2" fromWho="1" sc="257,0,263,-80,230,90,240,0" /><INIT seed="2,0,0,0,4,77" ten="257,183,320,240" oya="2" hai0="121,48,75,124,97,27,33,62,32,126,5,106,4" hai1="43,42,103,133,89,3,79,107,59,53,23,93,64" hai2="96,39,72,98,71,1,16,40,129,108,99,91,74" hai3="125,22,6,49,81,70,90,69,114,122,2,113,115"/><V10/><F71/><W100/><G122/><T45/><D121/><U56/><E3/><V54/><F54/><W29/><G100/><T52/><D75/><U66/><E133/><V85/><F129/><W19/><G29/><T0/><D106/><U38/><E38/><V58/><F58/><W47/><G6/><T84/><D97/><U36/><E36/><V111/><F40/><W50/><G2/><T25/><D62/><U11/><E11/><V128/><F39/><W26/><G125/><N who="0" m="48235" /><D0/><U105/><E79/><V65/><F128/><W12/><G26/><N who="0" m="9739" /><D84/><U13/><E107/><V102/><F65/><W60/><G60/><T18/><D18/><N who="1" m="10703" /><E105/><V110/><F102/><W101/><G101/><T57/><D45/><U118/><E103/><V55/><F55/><N who="3" m="30143" /><G50/><T135/><D135/><U37/><E37/><V15/><F1/><W83/><G90/><T44/><D44/><U134/><E134/><V82/><AGARI ba="0,0" hai="10,15,16,72,74,82,85,91,96,98,99,108,110,111" machi="82" ten="40,12000,1" yaku="0,1,14,1,10,1,52,1,54,1" doraHai="77" who="2" fromWho="2" sc="257,-40,183,-40,320,120,240,-40" /><INIT seed="2,1,0,1,0,38" ten="217,143,440,200" oya="2" hai0="96,110,100,76,73,27,106,39,6,72,13,37,60" hai1="40,34,135,29,71,117,88,99,69,58,132,107,97" hai2="44,56,54,128,33,133,63,79,15,0,12,80,5" hai3="4,10,24,9,62,94,101,42,50,28,8,25,22"/><V127/><F33/><W30/><G62/><T112/><D112/><U89/><E117/><V105/><F105/><W124/><G124/><T48/><D60/><U36/><E58/><V2/><F127/><W65/><G65/><T21/><D110/><U77/><E77/><V7/><F0/><W92/><G4/><T91/><D48/><U20/><E34/><V130/><F2/><W31/><G101/><T1/><D1/><U123/><E123/><V32/><F32/><W85/><G85/><T86/><D6/><U83/><E29/><V115/><F115/><W17/><REACH who="3" step="1"/><G25/><REACH who="3" ten="217,143,440,190" step="2"/><T129/><D27/><U41/><E107/><V14/><F5/><W74/><G74/><T59/><D73/><U3/><E3/><V98/><F7/><W68/><G68/><T116/><D116/><U78/><E78/><V111/><F111/><W134/><G134/><T95/><D59/><U43/><E36/><V87/><F133/><N who="1" m="51273" /><E83/><V126/><F126/><W125/><G125/><T114/><D114/><U104/><E104/><V109/><F109/><W131/><G131/><T51/><D129/><U47/><E47/><AGARI ba="1,1" hai="8,9,10,17,22,24,28,30,31,42,47,50,92,94" machi="47" ten="40,5200,0" yaku="1,1,8,1,52,1,53,0" doraHai="38" doraHaiUra="113" who="3" fromWho="1" sc="217,0,143,-55,440,0,190,65" /><INIT seed="3,0,0,3,0,77" ten="217,88,440,255" oya="3" hai0="43,66,42,13,54,63,75,67,24,30,73,47,2" hai1="107,104,44,82,135,4,45,68,79,1,118,108,113" hai2="92,55,106,117,7,103,98,60,26,134,83,90,56" hai3="46,40,130,58,57,23,49,33,129,78,105,74,59"/><W70/><G70/><T102/><D2/><U131/><E113/><V87/><F117/><W48/><G33/><T125/><D125/><U19/><E118/><V36/><F36/><W96/><G23/><T122/><D122/><U99/><E68/><V39/><F39/><W120/><G120/><T119/><D119/><U81/><E1/><V115/><F115/><W28/><G28/><T3/><D102/><U64/><E64/><V20/><F7/><W9/><G9/><T65/><D3/><U69/><E69/><V51/><F134/><W116/><G116/><T32/><D13/><U62/><E62/><V71/><F71/><W97/><G49/><T17/><D17/><U8/><E4/><V80/><F51/><W85/><G74/><T6/><D6/><U88/><E135/><V72/><F72/><W127/><G127/><T61/><D75/><N who="1" m="43263" /><E131/><N who="3" m="50186" /><G105/><N who="1" m="40522" /><E8/><V126/><F126/><W0/><G0/><T123/><D123/><U91/><E19/><AGARI ba="0,0" hai="19,20,26,55,56,60,80,83,87,90,92,98,103,106" machi="19" ten="30,3900,0" yaku="7,1,52,2" doraHai="77" who="2" fromWho="1" sc="217,0,88,-39,440,39,255,0" /><INIT seed="4,0,0,1,4,28" ten="217,49,479,255" oya="0" hai0="102,133,63,97,60,80,38,127,84,57,14,106,17" hai1="100,92,131,32,62,85,122,2,12,58,11,50,24" hai2="49,105,54,113,134,30,26,73,123,47,128,101,45" hai3="70,21,94,64,93,55,43,132,37,74,69,20,0"/><T53/><D38/><U116/><E122/><V4/><F123/><W56/><G0/><T23/><D133/><U104/><E116/><V42/><F73/><W81/><G132/><T16/><D127/><U39/><E2/><V71/><F71/><W78/><G21/><T115/><D115/><U117/><E117/><V6/><F113/><W87/><G64/><T66/><D66/><U76/><E39/><V110/><F134/><W40/><G40/><T98/><D106/><U59/><E131/><V130/><F105/><W89/><G94/><T51/><D102/><U22/><E32/><V52/><F101/><W10/><G10/><T95/><D95/><U31/><E104/><V91/><F54/><W25/><G43/><T90/><D17/><U86/><E50/><V67/><F67/><W124/><G124/><T3/><D3/><U121/><E121/><V79/><F79/><W68/><G37/><T7/><D7/><U13/><E76/><V107/><F107/><W108/><G108/><T112/><D112/><U109/><E109/><V83/><F110/><W61/><G70/><T8/><D8/><U34/><E34/><N who="2" m="20823" /><F45/><W114/><REACH who="3" step="1"/><G114/><REACH who="3" ten="217,49,479,245" step="2"/><T72/><D72/><U126/><E126/><V135/><F42/><W41/><G41/><T29/><D29/><AGARI ba="0,1" hai="20,25,29,55,56,61,68,69,74,78,81,87,89,93" machi="29" ten="30,2000,0" yaku="1,1,7,1,53,0" doraHai="28" doraHaiUra="119" who="3" fromWho="0" sc="217,-20,49,0,479,0,245,30" /><INIT seed="5,0,0,2,2,8" ten="197,49,479,275" oya="1" hai0="57,64,35,106,56,17,95,124,121,36,12,49,112" hai1="37,118,127,33,99,47,67,109,55,38,48,103,7" hai2="0,52,96,1,69,28,123,134,26,93,20,61,39" hai3="6,91,79,101,68,115,24,84,85,13,73,9,74"/><U100/><E118/><V131/><F39/><W83/><G68/><T70/><D35/><U40/><E33/><V53/><F123/><W97/><G115/><T18/><D106/><U44/><E127/><V114/><F114/><W86/><G24/><T63/><D112/><U10/><E109/><V126/><F126/><W16/><G6/><T107/><D107/><U119/><E119/><V128/><F0/><W92/><REACH who="3" step="1"/><G73/><REACH who="3" ten="197,49,479,265" step="2"/><T50/><D124/><U94/><E67/><N who="2" m="41199" /><F1/><W78/><G78/><T23/><D121/><U51/><REACH who="1" step="1"/><E100/><AGARI ba="0,1" hai="9,13,16,74,79,83,84,85,86,91,92,97,100,101" machi="100" ten="40,8000,1" yaku="1,1,52,1,54,1,53,1" doraHai="8" doraHaiUra="88" who="3" fromWho="1" sc="197,0,49,-80,479,0,265,90" owari="197,-20.0,-31,-53.0,479,57.0,355,16.0" /></mjloggm>