<mjloggm ver="2.3"><GO type="41"/><UN n0="%53%2E%47" n1="%E3%82%A6%E3%83%AB%E3%83%88%E3%83%A9%E7%AB%8B%E7%9B%B4" n2="%54%61%63%6B" n3="%72%75%6C%79%30%32%30%38" dan="13,15,13,14" rate="1907,2015,1858,1849" sx="M,M,M,M"/><TAIKYOKU oya="0"/><INIT seed="0,0,0,3,5,34" ten="250,250,250,250" oya="0" hai0="127,53,8,82,119,87,49,109,55,24,98,77,44" hai1="46,74,19,66,121,89,6,3,75,1,95,21,5" hai2="134,63,30,125,108,41,36,128,15,32,97,22,10" hai3="13,35,12,90,20,99,133,14,28,65,130,59,100"/><T26/><D119/><U56/><E121/><V131/><F97/><W120/><G120/><T0/><D127/><U103/><E103/><V2/><F63/><W83/><G133/><T124/><D124/><U4/><E46/><V54/><F54/><W61/><G130/><N who="2" m="49705" /><F41/><W16/><G35/><T105/><D109/><U27/><E74/><V110/><F36/><W88/><G28/><T62/><D62/><U135/><E75/><V81/><F81/><W39/><G39/><T69/><D69/><U37/><E37/><V126/><F22/><W102/><G83/><T86/><D86/><U129/><E129/><V73/><F73/><W117/><G117/><T92/><D105/><U118/><E118/><V67/><F15/><N who="3" m="9247" /><G99/><T50/><D0/><U132/><E66/><V52/><F67/><W60/><G60/><T115/><D8/><U47/><E47/><V7/><F52/><W33/><G33/><T78/><D78/><U29/><E56/><V101/><F101/><AGARI ba="0,0" hai="12,13,14,59,61,65,88,90,100,101,102" m="9247" machi="101" ten="30,3900,0" yaku="8,1,54,2" doraHai="34" who="3" fromWho="2" sc="250,0,250,0,250,-39,250,39" /><INIT seed="1,0,0,2,3,95" ten="250,250,211,289" oya="1" hai0="0,27,93,53,41,60,111,11,36,104,120,13,72" hai1="39,86,66,29,18,135,106,30,113,21,96,19,44" hai2="55,119,3,6,4,99,46,123,33,14,112,58,98" hai3="108,20,40,125,50,28,47,71,9,8,80,64,35"/><U84/><E113/><V45/><F119/><W49/><G35/><T7/><D72/><U89/><E135/><V17/><F33/><W34/><G34/><T42/><D104/><U92/><E66/><V2/><F123/><W24/><G108/><T63/><D111/><U25/><E106/><V109/><F3/><W52/><G125/><T88/><D120/><U131/><E131/><V38/><F112/><W59/><REACH who="3" step="1"/><G80/><REACH who="3" ten="250,250,211,279" step="2"/><T31/><D0/><U91/><E30/><V82/><F82/><W75/><G75/><T103/><D36/><U65/><E29/><V121/><F38/><W32/><G32/><T105/><D105/><U5/><E39/><V61/><F121/><W90/><G90/><T54/><D103/><U115/><E115/><V23/><F109/><W129/><G129/><T78/><D78/><U77/><E77/><V130/><F130/><W22/><G22/><T76/><D76/><U107/><E107/><V48/><F2/><W83/><G83/><T134/><D134/><U67/><E21/><V56/><F6/><W101/><G101/><T1/><D1/><U70/><E5/><V94/><F4/><W68/><G68/><T74/><D74/><U127/><E127/><V81/><F81/><W117/><G117/><T57/><D31/><U124/><E124/><V12/><F94/><W118/><G118/><T62/><D27/><U37/><E92/><V79/><F79/><W15/><G15/><T97/><D97/><N who="2" m="36874" /><F14/><W16/><G16/><T116/><D116/><U69/><E37/><V132/><F132/><W128/><G128/><T51/><D51/><RYUUKYOKU ba="0,1" sc="250,-15,250,-15,211,15,279,15" hai2="12,17,23,45,46,48,55,56,58,61" hai3="8,9,20,24,28,40,47,49,50,52,59,64,71" /><INIT seed="2,1,1,3,5,48" ten="235,235,226,294" oya="2" hai0="41,115,98,50,124,79,3,89,118,44,74,20,116" hai1="43,97,92,6,61,45,63,60,10,72,130,105,83" hai2="122,36,37,62,119,126,77,75,100,131,17,0,114" hai3="128,133,13,19,31,33,53,14,78,102,49,111,65"/><V69/><RYUUKYOKU type="yao9" ba="1,1" sc="235,0,235,0,226,0,294,0" hai2="0,17,36,37,62,69,75,77,100,114,119,122,126,131" /><INIT seed="2,2,1,3,3,42" ten="235,235,226,294" oya="2" hai0="12,25,6,95,94,132,122,3,66,115,32,57,104" hai1="91,15,135,8,103,127,97,9,134,48,21,33,0" hai2="29,27,56,10,22,119,34,111,118,121,78,105,124" hai3="28,54,69,46,77,81,80,58,108,75,36,117,133"/><V41/><F121/><W7/><G117/><T79/><D122/><U19/><E91/><V53/><F105/><W18/><G69/><T45/><D115/><U61/><E61/><V24/><F78/><W64/><G7/><T11/><D104/><U62/><E62/><V59/><F41/><W70/><G28/><T50/><D132/><N who="1" m="50731" /><E33/><V125/><F10/><W99/><G18/><T20/><D79/><U2/><E48/><V106/><F111/><W112/><G99/><T120/><D120/><U130/><E127/><V4/><F106/><W35/><G35/><T107/><D107/><N who="1" m="63983" /><E130/><V30/><F4/><W87/><G70/><T47/><D66/><U109/><E109/><V14/><F14/><W26/><G64/><T43/><D32/><U63/><E63/><V49/><REACH who="2" step="1"/><F59/><REACH who="2" ten="235,235,216,294" step="2"/><W37/><G58/><T51/><D3/><AGARI ba="2,2" hai="0,2,3,8,9,15,19,21" m="63983,50731" machi="3" ten="30,1000,0" yaku="20,1" doraHai="42" who="1" fromWho="0" sc="235,-16,235,36,216,0,294,0" /><INIT seed="3,0,0,0,3,48" ten="219,271,216,294" oya="3" hai0="20,88,25,44,54,97,23,108,63,99,62,117,64" hai1="89,102,16,50,83,57,7,35,12,39,31,79,129" hai2="51,8,72,135,123,9,94,49,87,3,33,122,19" hai3="60,11,4,120,91,109,56,75,27,74,121,65,10"/><W41/><G109/><T115/><D117/><U95/><E39/><V46/><F72/><W17/><G41/><T116/><D116/><U81/><E7/><V37/><F33/><W84/><G74/><T66/><D108/><U114/><E114/><V82/><F94/><W132/><G75/><T58/><D115/><U6/><E6/><V59/><F135/><W96/><G96/><T100/><D44/><U127/><E102/><V52/><F37/><W0/><G132/><T2/><D2/><U14/><E14/><V61/><F3/><W22/><REACH who="3" step="1"/><G11/><REACH who="3" ten="219,271,216,284" step="2"/><T119/><D119/><U47/><E129/><V73/><F73/><W43/><G43/><T133/><D133/><U111/><E111/><V128/><F128/><W101/><G101/><T126/><D126/><U69/><E127/><V28/><F123/><W112/><G112/><T76/><D76/><U80/><E79/><V107/><F122/><W68/><G68/><T125/><D125/><U45/><E69/><V105/><F9/><W104/><G104/><T30/><D99/><U29/><E35/><V40/><F107/><W13/><G13/><T130/><D130/><U103/><E103/><V118/><F105/><W86/><G86/><T98/><D98/><U110/><E110/><V71/><F118/><W70/><G70/><T134/><D134/><U55/><E31/><V18/><F71/><W36/><G36/><T85/><D100/><U21/><E29/><V113/><F28/><W38/><G38/><T67/><D97/><AGARI ba="0,1" hai="12,16,21,45,47,50,55,57,80,81,83,89,95,97" machi="97" ten="40,5200,0" yaku="8,1,52,1,54,1" doraHai="48" who="1" fromWho="0" sc="219,-52,271,62,216,0,284,0" /><INIT seed="4,0,0,3,3,42" ten="167,333,216,284" oya="0" hai0="39,113,57,109,124,108,46,106,35,61,32,125,5" hai1="31,96,54,114,116,94,133,115,21,70,59,48,104" hai2="82,37,24,15,40,88,123,89,3,112,8,131,68" hai3="27,110,86,126,122,60,23,58,0,29,66,11,47"/><T13/><D106/><U43/><E104/><V85/><F68/><W65/><G110/><N who="0" m="42603" /><D113/><N who="1" m="43019" /><E70/><V10/><F131/><W80/><G122/><T103/><D103/><U127/><E116/><V102/><F123/><W52/><G126/><N who="0" m="48747" /><D5/><U71/><E71/><V101/><F24/><W72/><G72/><T34/><D13/><U128/><E127/><V76/><F112/><W99/><G99/><T19/><D19/><U4/><E4/><V33/><F3/><W64/><G0/><T107/><D107/><U111/><E111/><V62/><F33/><N who="0" m="8450" /><T49/><DORA hai="90" /><D39/><U95/><E128/><V44/><F62/><W121/><G11/><T12/><D12/><U83/><E96/><V17/><F10/><W14/><G14/><T67/><D49/><U9/><E9/><V78/><REACH who="2" step="1"/><F89/><REACH who="2" ten="167,333,206,284" step="2"/><N who="3" m="51399" /><G121/><T135/><D135/><U98/><E98/><V75/><F75/><W105/><G105/><T97/><D97/><U30/><E30/><V38/><F38/><W6/><G29/><T118/><D118/><U25/><E31/><V79/><AGARI ba="0,1" hai="8,15,17,37,40,44,76,78,79,82,85,88,101,102" machi="79" ten="30,7900,0" yaku="1,1,0,1,52,1,54,1,53,0" doraHai="42,90" doraHaiUra="16,117" who="2" fromWho="2" sc="167,-39,333,-20,206,89,284,-20" /><INIT seed="5,0,0,2,4,52" ten="128,313,295,264" oya="1" hai0="33,40,121,16,28,116,70,14,31,92,76,72,119" hai1="80,54,94,131,63,2,125,135,1,55,88,117,110" hai2="20,18,62,49,79,118,26,68,77,93,134,107,56" hai3="102,11,41,22,81,50,127,38,36,122,44,34,91"/><U24/><E117/><V71/><F107/><W6/><G122/><T61/><D40/><U8/><E110/><V97/><F118/><W133/><G34/><T130/><D121/><U82/><E125/><V132/><F68/><W58/><G127/><T87/><D119/><U23/><E131/><V66/><F71/><W98/><G133/><N who="2" m="51305" /><F49/><W13/><G22/><T15/><D116/><U57/><E135/><V115/><F115/><W95/><G58/><T101/><D130/><U90/><E2/><V99/><F99/><W51/><G36/><T89/><D33/><U75/><E75/><V111/><F111/><W30/><G30/><T120/><D120/><U84/><E1/><V109/><F109/><W47/><REACH who="3" step="1"/><G44/><REACH who="3" ten="128,313,295,254" step="2"/><T96/><D70/><U85/><E8/><V21/><F20/><W39/><G39/><T128/><D61/><U37/><E37/><V29/><F18/><W86/><AGARI ba="0,1" hai="6,11,13,38,41,47,50,51,81,86,91,95,98,102" machi="86" ten="30,2000,0" yaku="1,1,0,1,53,0" doraHai="52" doraHaiUra="65" who="3" fromWho="3" sc="128,-5,313,-10,295,-5,254,30" /><INIT seed="6,0,0,1,5,113" ten="123,303,290,284" oya="2" hai0="134,70,72,9,41,53,100,82,86,131,109,25,59" hai1="111,8,97,27,108,90,132,101,77,4,54,39,19" hai2="50,21,36,47,34,2,35,133,15,102,73,23,93" hai3="68,11,12,130,89,63,26,22,51,76,79,135,64"/><V42/><F73/><W88/><G135/><T14/><D109/><U43/><E90/><V92/><F2/><W6/><G130/><T24/><D70/><U57/><E132/><V118/><F133/><W125/><G125/><T3/><D3/><U45/><E19/><V29/><F118/><W75/><G51/><T80/><D134/><U62/><E27/><V31/><F36/><W38/><G38/><T61/><D131/><U107/><E77/><V40/><F102/><W16/><REACH who="3" step="1"/><G79/><REACH who="3" ten="123,303,290,274" step="2"/><T85/><D72/><U123/><E123/><V17/><F50/><W65/><G65/><T18/><D41/><U20/><E20/><V94/><F47/><W91/><G91/><N who="0" m="51623" /><D100/><U32/><E32/><V122/><F122/><W10/><G10/><T55/><D55/><U74/><E74/><V56/><F35/><W60/><G60/><T87/><D87/><U119/><E111/><V120/><F120/><W44/><G44/><T46/><D46/><U129/><E108/><V127/><F127/><W117/><G117/><T105/><D105/><U1/><REACH who="1" step="1"/><E129/><REACH who="1" ten="123,293,290,274" step="2"/><V33/><F33/><W83/><AGARI ba="0,2" hai="6,11,12,16,22,26,63,64,68,75,76,83,88,89" machi="83" ten="30,7900,0" yaku="1,1,0,1,54,2,53,0" doraHai="113" doraHaiUra="110" who="3" fromWho="3" sc="123,-20,293,-20,290,-39,274,99" /><INIT seed="7,0,0,5,0,95" ten="103,273,251,373" oya="3" hai0="22,6,78,85,40,13,115,61,76,123,71,121,21" hai1="67,99,119,14,26,122,48,90,23,36,68,46,57" hai2="16,112,80,89,131,53,79,97,98,126,77,83,114" hai3="124,47,109,117,84,110,91,59,111,60,51,120,10"/><W29/><G117/><T1/><D40/><U113/><E122/><V41/><F41/><N who="3" m="25071" /><G120/><T132/><D132/><U107/><E36/><V92/><F53/><N who="3" m="33903" /><G10/><T82/><D1/><U103/><E68/><V65/><F65/><W133/><G29/><T4/><D71/><U134/><E113/><N who="2" m="43627" /><F126/><W56/><G56/><T88/><D61/><U106/><E134/><V11/><F131/><W37/><G37/><T7/><D115/><U20/><E119/><V31/><F31/><W3/><G3/><T2/><D2/><U94/><E57/><V125/><F125/><W24/><G124/><T69/><D69/><U52/><E67/><V30/><F30/><W9/><G9/><T18/><D123/><U135/><E135/><V25/><F11/><W19/><G133/><T87/><D121/><U12/><E23/><V104/><F25/><W73/><G73/><T63/><D63/><U66/><E66/><V34/><F34/><W8/><G8/><T35/><D35/><U105/><E26/><V118/><F16/><W15/><G24/><T44/><D44/><U49/><E49/><V96/><F118/><W129/><G19/><T86/><REACH who="0" step="1"/><D22/><REACH who="0" ten="93,273,251,373" step="2"/><U81/><E20/><V100/><F98/><W28/><G111/><T130/><D130/><U58/><E46/><V33/><F33/><W75/><G129/><T102/><D102/><U72/><E103/><V45/><F45/><W116/><G110/><T0/><D0/><U39/><E39/><V5/><F5/><W38/><G109/><T32/><D32/><U128/><E128/><V55/><F55/><W50/><G38/><RYUUKYOKU ba="0,1" sc="93,10,273,10,251,10,373,-30" hai0="4,6,7,13,18,21,76,78,82,85,86,87,88" hai1="12,14,48,52,58,72,81,90,94,99,105,106,107" hai2="77,79,80,83,89,92,96,97,100,104" owari="103,-40.0,283,8.0,261,-14.0,353,46.0" /></mjloggm>