<mjloggm ver="2.3"><GO type="169" lobby="0"/><UN n0="%E2%98%85%E3%83%86%E3%82%AF%E3%83%8E%E3%83%8F%E3%82%A6%E3%82%B9%E2%98%85" n1="%EF%BC%88%E2%89%A7%E2%96%BD%E2%89%A6%EF%BC%89" n2="%E6%98%9F%E9%87%8E%E6%BA%90%E5%85%AB" n3="%E3%83%88%E3%82%B7%E3%83%95%E3%83%BC%E3%83%8B" dan="16,19,16,17" rate="2126.47,2248.51,2095.95,2113.12" sx="F,M,M,M"/><TAIKYOKU oya="0"/><INIT seed="0,0,0,2,0,127" ten="250,250,250,250" oya="0" hai0="130,25,83,103,29,15,56,70,124,77,73,102,59" hai1="40,19,38,71,6,84,96,97,132,51,116,5,104" hai2="68,58,128,115,48,107,27,4,62,85,53,74,20" hai3="65,64,117,8,63,55,28,39,123,49,42,93,32"/><T112/><D70/><U41/><E116/><V16/><F115/><W106/><G117/><T11/><D124/><U82/><E71/><V50/><F74/><W69/><G64/><T118/><D118/><U52/><E132/><V33/><F107/><W72/><G72/><T131/><D112/><U90/><E38/><V26/><F68/><W45/><G123/><T86/><D73/><U43/><E19/><V80/><F4/><N who="1" m="1641" /><E104/><V120/><F120/><W101/><G8/><T92/><D15/><U88/><E90/><V94/><F94/><W78/><G78/><T81/><D11/><U30/><E30/><V37/><F37/><W12/><G12/><T110/><D83/><U47/><AGARI ba="0,0" hai="40,41,43,47,51,52,82,84,88,96,97" m="1641" machi="47" ten="30,4000,0" yaku="8,1,54,2" doraHai="127" who="1" fromWho="1" sc="250,-20,250,40,250,-10,250,-10" /><INIT seed="1,0,0,4,5,122" ten="230,290,240,240" oya="1" hai0="37,131,82,102,63,112,36,40,67,49,38,70,75" hai1="87,113,18,4,88,103,45,106,52,125,79,118,22" hai2="39,31,32,128,44,25,123,7,95,107,1,77,110" hai3="43,69,90,101,50,111,3,20,93,28,19,54,72"/><U115/><E118/><V11/><F123/><W34/><G69/><T58/><D102/><U46/><E125/><V92/><F128/><W105/><G3/><T108/><D82/><U6/><E79/><V57/><F107/><W8/><G72/><T104/><D104/><U47/><E106/><V129/><F129/><W59/><G43/><T85/><D85/><U120/><E103/><V74/><F57/><W55/><G34/><T76/><D76/><U10/><E120/><V5/><F7/><W132/><G132/><T53/><D75/><U9/><E115/><V16/><F110/><W96/><G8/><N who="1" m="3178" /><E52/><V35/><F35/><W29/><G55/><T116/><D116/><U100/><E100/><V64/><F64/><W119/><G111/><T130/><D112/><U84/><E84/><V91/><F91/><W94/><G119/><T0/><D0/><U41/><E41/><N who="2" m="22591" /><F16/><W61/><G105/><T65/><D108/><U71/><E71/><V135/><F135/><W30/><G61/><N who="0" m="40239" /><D40/><U60/><E113/><V24/><F25/><N who="3" m="14495" /><G94/><T127/><D127/><U124/><E124/><V33/><F33/><W17/><G101/><T13/><D13/><N who="1" m="9551" /><E60/><V48/><F48/><W56/><G17/><T42/><D42/><U83/><AGARI ba="0,0" hai="4,6,45,46,47,83,87,88" m="9551,3178" machi="83" ten="30,3000,0" yaku="8,1,54,1" doraHai="122" who="1" fromWho="1" sc="230,-10,290,30,240,-10,240,-10" /><INIT seed="1,1,0,2,0,5" ten="220,320,230,230" oya="1" hai0="22,131,94,7,53,98,1,42,73,16,2,93,90" hai1="26,75,36,100,68,64,112,29,19,8,74,86,70" hai2="113,58,103,38,72,50,20,122,61,77,97,89,128" hai3="134,87,126,121,46,54,60,48,83,111,11,32,12"/><U135/><E36/><V37/><F122/><W18/><G121/><T118/><D118/><U85/><E112/><V43/><F113/><W10/><G32/><T124/><D73/><U67/><E100/><V45/><F128/><W114/><G114/><T102/><D124/><U25/><E19/><V33/><F33/><W99/><G126/><T0/><D42/><U133/><REACH who="1" step="1"/><E29/><REACH who="1" ten="220,310,230,230" step="2"/><V127/><F103/><W63/><G134/><T23/><D131/><U117/><E117/><V28/><F127/><W106/><G111/><T41/><D7/><U110/><E110/><V15/><F28/><W129/><G129/><T39/><D16/><U125/><E125/><V84/><F38/><W101/><REACH who="3" step="1"/><G11/><AGARI ba="1,1" hai="8,11,25,26,64,67,68,70,74,75,85,86,133,135" machi="11" ten="25,12000,1" yaku="1,1,22,2,52,2,53,0" doraHai="5" doraHaiUra="13" who="1" fromWho="3" sc="220,0,310,133,230,0,230,-123" /><INIT seed="1,2,0,2,1,106" ten="220,443,230,107" oya="1" hai0="41,25,36,15,22,88,116,0,123,75,134,50,97" hai1="121,29,48,74,107,64,17,54,52,13,112,69,24" hai2="129,83,70,38,55,12,122,16,9,127,73,80,43" hai3="65,77,108,42,51,5,111,66,81,76,115,59,4"/><U21/><E107/><V125/><F122/><W113/><G42/><T14/><D116/><U58/><E121/><V27/><F70/><W63/><G51/><T104/><D123/><U32/><E112/><V3/><F129/><W93/><G93/><T103/><D0/><U10/><E69/><V20/><F3/><W18/><G18/><T44/><D134/><U56/><E64/><V87/><F55/><W86/><G77/><T2/><D2/><U78/><E78/><N who="2" m="44111" /><F43/><W79/><G79/><T1/><D1/><U119/><E119/><V7/><F38/><W98/><G98/><T68/><D68/><U85/><E85/><V11/><F87/><W40/><G40/><T84/><D36/><U45/><E74/><V124/><F83/><W95/><G95/><T23/><D75/><U117/><E117/><V92/><F92/><W31/><G31/><T114/><D23/><U8/><REACH who="1" step="1"/><E45/><REACH who="1" ten="220,433,230,107" step="2"/><V126/><F124/><W105/><G66/><T37/><D114/><N who="3" m="43529" /><G105/><T100/><D37/><U30/><E30/><V39/><F39/><W96/><G96/><T131/><D131/><U109/><E109/><AGARI ba="2,1" hai="4,5,59,63,65,76,81,86,108,109,111" m="43529" machi="109" ten="30,1000,0" yaku="14,1" doraHai="106" who="3" fromWho="1" sc="220,0,433,-16,230,0,107,26" /><INIT seed="2,0,0,3,1,28" ten="220,417,230,133" oya="2" hai0="129,5,25,127,106,120,91,13,124,34,85,6,114" hai1="88,73,121,15,48,51,75,11,118,52,92,8,87" hai2="123,62,79,102,53,128,90,83,54,24,36,12,57" hai3="0,89,113,110,20,70,80,40,72,7,47,23,43"/><V97/><F123/><W58/><G70/><T132/><D120/><U134/><E121/><V14/><F128/><W130/><G130/><T30/><D114/><U26/><E118/><V66/><F36/><N who="3" m="21895" /><G43/><T16/><D129/><U135/><E26/><V117/><F117/><W131/><G131/><T67/><D67/><U126/><E48/><V18/><F90/><W122/><G122/><T95/><D106/><U111/><E111/><V119/><F24/><W65/><G89/><T32/><D32/><U100/><E100/><V60/><F62/><N who="3" m="38103" /><G110/><T104/><D104/><U21/><E21/><V49/><F119/><W63/><G63/><T41/><D41/><U99/><E99/><V107/><F49/><W101/><G101/><T55/><D55/><U17/><E8/><V64/><F66/><W105/><G105/><T77/><D77/><U3/><E3/><V22/><REACH who="2" step="1"/><F14/><REACH who="2" ten="220,417,220,133" step="2"/><W37/><G37/><T38/><D38/><U10/><E15/><V94/><F94/><W68/><G113/><T45/><D13/><U115/><E92/><V44/><F44/><W81/><G68/><T74/><D45/><U1/><E51/><V59/><F59/><W84/><G81/><T35/><D25/><U19/><E115/><V133/><F133/><W96/><G0/><T76/><D132/><U116/><E135/><V108/><F108/><W46/><G80/><T78/><D95/><U4/><E134/><V27/><F27/><W103/><G46/><T125/><D91/><U31/><E116/><V82/><F82/><W56/><G56/><T109/><D109/><U2/><E88/><RYUUKYOKU ba="0,1" sc="220,-10,417,-10,220,30,133,-10" hai2="12,18,22,53,54,57,60,64,79,83,97,102,107" /><INIT seed="2,1,1,0,0,58" ten="210,407,250,123" oya="2" hai0="135,34,118,111,113,119,100,126,68,123,84,110,131" hai1="46,106,43,47,38,122,80,112,64,128,59,67,7" hai2="82,81,10,3,40,18,75,127,85,108,83,52,22" hai3="57,26,17,86,51,56,4,2,16,94,98,12,24"/><V15/><F127/><W96/><G2/><T109/><RYUUKYOKU type="yao9" ba="1,1" sc="210,0,407,0,250,0,123,0" hai0="34,68,84,100,109,110,111,113,118,119,123,126,131,135" /><INIT seed="2,2,1,5,3,81" ten="210,407,250,123" oya="2" hai0="15,16,63,109,91,67,20,88,31,111,120,103,27" hai1="100,30,48,23,33,110,62,42,1,102,93,117,76" hai2="104,45,43,85,6,68,24,124,84,5,83,131,12" hai3="2,128,55,46,123,78,79,54,74,75,135,133,69"/><V21/><F131/><W47/><G128/><T86/><D103/><U129/><E33/><V4/><F68/><W116/><G69/><T107/><D107/><U101/><E117/><V60/><F104/><W13/><G116/><T44/><D44/><N who="3" m="16937" /><G13/><T77/><D120/><U99/><E1/><V72/><F124/><W56/><G56/><T66/><D77/><N who="3" m="29193" /><G2/><T71/><D66/><U114/><E114/><V11/><F72/><N who="3" m="27691" /><G123/><T119/><D119/><U121/><E129/><V9/><F83/><W122/><G122/><T28/><D28/><U105/><E30/><N who="2" m="17679" /><F60/><W52/><AGARI ba="2,1" hai="52,54,55,133,135" m="27691,29193,16937" machi="52" ten="40,5200,0" yaku="28,2,54,1" doraHai="81" who="3" fromWho="3" sc="210,-15,407,-15,250,-28,123,68" /><INIT seed="3,0,0,5,2,89" ten="195,392,222,191" oya="3" hai0="2,108,70,65,39,130,37,75,116,44,41,82,38" hai1="47,99,61,133,10,40,102,30,69,15,125,16,48" hai2="43,56,105,79,0,59,24,28,35,71,66,68,132" hai3="58,53,119,52,17,9,135,54,88,107,76,19,86"/><W3/><G107/><T60/><D116/><U42/><E133/><V32/><F0/><W115/><G135/><T25/><D130/><U126/><E30/><V36/><F132/><W45/><G119/><T96/><D108/><U14/><E14/><V131/><F131/><W55/><G115/><T121/><D121/><U117/><E117/><V29/><F79/><W84/><G3/><T27/><D27/><U100/><E42/><V34/><F105/><W78/><G45/><T62/><D62/><U113/><E113/><V124/><F124/><N who="1" m="47721" /><E99/><V5/><F5/><W74/><G74/><T12/><D12/><U103/><E61/><V122/><F122/><W111/><G111/><T72/><D96/><U95/><E95/><V91/><F43/><W51/><G86/><T85/><D25/><U50/><E69/><V109/><F36/><AGARI ba="0,0" hai="10,15,16,36,40,47,48,50,100,102,103" m="47721" machi="36" ten="30,2000,0" yaku="18,1,54,1" doraHai="89" who="1" fromWho="2" sc="195,0,392,20,222,-20,191,0" /><INIT seed="4,0,0,4,1,15" ten="195,412,202,191" oya="0" hai0="111,97,11,52,0,74,73,50,66,83,131,112,27" hai1="113,44,102,65,39,54,101,125,119,5,20,122,132" hai2="88,76,22,105,9,4,72,81,29,31,95,98,86" hai3="96,32,41,26,118,55,120,37,78,89,104,34,90"/><T128/><D66/><U62/><E122/><V36/><F36/><W134/><G120/><T129/><D112/><U84/><E119/><V51/><F51/><W67/><G118/><T25/><D97/><U71/><E113/><V100/><REACH who="2" step="1"/><F22/><REACH who="2" ten="195,412,192,191" step="2"/><W6/><G37/><T21/><D111/><U106/><E20/><V121/><F121/><W133/><G34/><T94/><D21/><U13/><E39/><V79/><F79/><W59/><G78/><N who="0" m="44495" /><D74/><U56/><E62/><V127/><F127/><W24/><G32/><T38/><D38/><U10/><E125/><V68/><F68/><W107/><G134/><T63/><D63/><U99/><E132/><V47/><F47/><W126/><G133/><T58/><D94/><U60/><E44/><V57/><F57/><W110/><G59/><T2/><D11/><U135/><E10/><V115/><F115/><W93/><G126/><T80/><D80/><U92/><E60/><V124/><F124/><W23/><G93/><T35/><D35/><U70/><E92/><V42/><F42/><W77/><G23/><T40/><D40/><U48/><E135/><V61/><F61/><W1/><G41/><T109/><D109/><U85/><E71/><V116/><F116/><W14/><G110/><T46/><D46/><U19/><E70/><V8/><F8/><W108/><G108/><T12/><D12/><AGARI ba="0,1" hai="4,9,12,29,31,72,76,81,86,88,95,98,100,105" machi="12" ten="30,8000,1" yaku="1,1,7,1,24,2,54,1,53,0" doraHai="15" doraHaiUra="114" who="2" fromWho="0" sc="195,-80,412,0,192,90,191,0" /><INIT seed="5,0,0,5,0,32" ten="115,412,282,191" oya="1" hai0="126,6,25,41,4,135,18,44,133,63,106,19,24" hai1="37,93,120,113,39,128,58,11,13,64,43,33,103" hai2="71,105,125,75,22,53,40,115,102,98,90,101,87" hai3="85,8,9,89,14,74,118,109,60,57,7,72,76"/><U111/><E120/><V10/><F125/><W38/><G109/><T124/><D63/><N who="1" m="38007" /><E33/><V104/><F71/><W54/><G38/><T35/><D106/><U46/><E39/><V81/><F40/><W26/><G118/><T48/><D48/><U122/><E37/><V91/><F22/><W5/><G26/><N who="0" m="10347" /><D44/><U95/><E46/><V67/><F67/><W23/><G23/><T55/><D55/><U112/><E43/><V82/><F53/><W92/><REACH who="3" step="1"/><G76/><REACH who="3" ten="115,412,282,181" step="2"/><T20/><D41/><U28/><E111/><V134/><F134/><N who="0" m="51210" /><D35/><U131/><E131/><V110/><F110/><W73/><G73/><T86/><D86/><U107/><E128/><V121/><F121/><W84/><G84/><T117/><D117/><U65/><E122/><V116/><F116/><W42/><G42/><T77/><D77/><U70/><E113/><V59/><F75/><W66/><G66/><T16/><D20/><U129/><E65/><V97/><F115/><W45/><G45/><T1/><D1/><AGARI ba="0,1" hai="1,5,7,8,9,14,54,57,60,72,74,85,89,92" machi="1" ten="30,8000,1" yaku="1,1,7,1,52,1,53,2" doraHai="32" doraHaiUra="2" who="3" fromWho="0" sc="115,-80,412,0,282,0,181,90" /><INIT seed="6,0,0,2,1,20" ten="35,412,282,271" oya="2" hai0="82,93,129,133,70,0,15,16,109,6,79,36,80" hai1="4,34,132,92,45,85,125,22,94,47,97,99,2" hai2="73,105,74,54,39,33,1,35,62,50,28,10,41" hai3="27,67,90,69,84,86,57,116,52,81,107,25,11"/><V100/><F62/><W49/><G107/><T9/><D109/><U71/><E34/><N who="2" m="12811" /><F54/><W126/><G116/><T119/><D119/><U23/><E71/><V30/><F50/><W122/><G122/><T95/><D36/><U134/><E85/><V65/><F65/><W63/><G126/><T89/><D70/><U53/><E53/><V7/><F28/><W5/><REACH who="3" step="1"/><G84/><REACH who="3" ten="35,412,282,261" step="2"/><T58/><D129/><U103/><E125/><V88/><F73/><W131/><G131/><T56/><D133/><U110/><E134/><V60/><F74/><W112/><G112/><T31/><D31/><U127/><E132/><V108/><F30/><W38/><G38/><T29/><D29/><U121/><E127/><V135/><F135/><W120/><G120/><T61/><D79/><U111/><E121/><V44/><F108/><W72/><G72/><T101/><D95/><U46/><E94/><V76/><F76/><W113/><G113/><T51/><D101/><U104/><E103/><V77/><F77/><W75/><G75/><T26/><D26/><U114/><E92/><V3/><F100/><W37/><G37/><T24/><D24/><U130/><E114/><V91/><F105/><W83/><G83/><T115/><D115/><U87/><E104/><V13/><F60/><W118/><G118/><T21/><D51/><U40/><E130/><V55/><F55/><W102/><G102/><T12/><D0/><AGARI ba="0,1" hai="0,5,11,25,27,49,52,57,63,67,69,81,86,90" machi="0" ten="30,8000,1" yaku="1,1,7,1,52,2,54,1,53,0" doraHai="20" doraHaiUra="68" who="3" fromWho="0" sc="35,-80,412,0,282,0,261,90" owari="-45,-55.0,412,52.0,282,-12.0,351,15.0" /></mjloggm>