<mjloggm ver="2.3"><GO type="41"/><UN n0="%6E%6F%5F%6E%61%6D%65" n1="%E6%9F%93%E4%BA%94%E9%83%8E" n2="%E3%82%A6%E3%83%AB%E3%83%88%E3%83%A9%E7%AB%8B%E7%9B%B4" n3="%E3%82%AB%E3%82%BF%E3%83%BC%E3%83%AC%EF%BC%88%E7%AC%91%EF%BC%89" dan="13,14,15,13" rate="1864,1918,1976,2013" sx="M,M,M,M"/><TAIKYOKU oya="0"/><INIT seed="0,0,0,3,3,115" ten="250,250,250,250" oya="0" hai0="94,1,64,116,17,37,119,123,4,69,46,60,39" hai1="36,26,23,54,92,20,93,130,74,90,18,118,44" hai2="0,32,114,104,19,117,43,98,128,61,57,28,30" hai3="33,51,68,80,56,97,53,77,47,52,72,71,42"/><T55/><D123/><U10/><E74/><V59/><F59/><W112/><G33/><T107/><D107/><U25/><E10/><V66/><F114/><W113/><G112/><T126/><D126/><U111/><E130/><V35/><F0/><W73/><G113/><T3/><D3/><U65/><E65/><V49/><F128/><W79/><G97/><T120/><D120/><U109/><E92/><V48/><F98/><W21/><G21/><T108/><D1/><U134/><E36/><V40/><F104/><W6/><G6/><T99/><D4/><U101/><E101/><V15/><F35/><W22/><G22/><T11/><D11/><U103/><E103/><V127/><F127/><W131/><G131/><T135/><D17/><U122/><E122/><V63/><F63/><W84/><G77/><T88/><D135/><U106/><E106/><V67/><F67/><W102/><G102/><T9/><D9/><U82/><E82/><V100/><F100/><W24/><G24/><T5/><D5/><U13/><E44/><V50/><F117/><W58/><G73/><T38/><REACH who="0" step="1"/><D108/><REACH who="0" ten="240,250,250,250" step="2"/><U2/><E2/><V96/><F30/><W83/><G72/><T81/><D81/><U31/><E111/><V121/><F121/><W34/><G83/><T41/><D41/><U7/><E109/><V124/><F124/><W76/><G76/><T29/><D29/><U45/><E134/><V75/><F40/><W87/><G42/><T129/><D129/><U85/><E7/><V125/><F43/><W14/><G80/><T86/><D86/><U132/><E132/><RYUUKYOKU ba="0,1" sc="240,30,250,-10,250,-10,250,-10" hai0="37,38,39,46,55,60,64,69,88,94,99,116,119" /><INIT seed="0,1,1,1,5,124" ten="270,240,240,240" oya="0" hai0="29,96,41,16,81,49,42,77,106,58,22,126,23" hai1="119,73,84,117,128,48,130,51,112,133,31,76,20" hai2="13,56,98,39,90,91,4,36,40,14,134,71,45" hai3="94,83,123,24,72,59,38,47,74,87,99,65,113"/><T2/><D2/><U107/><E107/><V28/><F71/><W50/><G123/><T100/><D126/><U129/><E73/><V79/><F134/><W131/><G38/><T12/><D29/><U37/><E37/><V88/><F39/><W5/><G113/><T86/><REACH who="0" step="1"/><D23/><REACH who="0" ten="260,240,240,240" step="2"/><U25/><E133/><V18/><F28/><W11/><G24/><T89/><D89/><U85/><E112/><V62/><F79/><W111/><G111/><T15/><D15/><U68/><E68/><V30/><F30/><W67/><G74/><T54/><AGARI ba="1,2" hai="12,16,22,41,42,49,54,58,77,81,86,96,100,106" machi="54" ten="30,11700,0" yaku="1,1,0,1,54,1,53,1" doraHai="124" doraHaiUra="80" who="0" fromWho="0" sc="260,140,240,-40,240,-40,240,-40" /><INIT seed="0,2,0,1,5,6" ten="400,200,200,200" oya="0" hai0="60,10,59,25,93,73,86,37,105,39,56,134,120" hai1="82,65,54,76,79,131,80,66,107,74,71,32,130" hai2="19,13,26,92,11,5,61,63,55,84,83,112,114" hai3="48,7,115,116,35,118,132,28,70,50,64,45,108"/><T97/><D120/><U96/><E54/><V3/><F114/><W121/><G35/><T110/><D73/><U43/><E43/><V1/><F112/><W47/><G28/><T85/><D105/><U8/><E65/><V129/><F129/><W98/><G98/><T72/><D72/><U95/><E95/><V41/><F92/><W88/><G7/><T40/><D56/><U127/><E127/><V99/><F99/><W123/><G115/><T34/><D85/><U109/><E32/><V57/><F61/><N who="3" m="40207" /><G88/><T62/><D86/><U128/><E71/><V44/><F26/><W18/><G18/><T36/><D62/><U106/><E66/><V78/><REACH who="2" step="1"/><F19/><REACH who="2" ten="400,200,190,200" step="2"/><W24/><G24/><T33/><D25/><U104/><E109/><V126/><F126/><W0/><G108/><T89/><D110/><U100/><REACH who="1" step="1"/><E8/><REACH who="1" ten="400,190,190,200" step="2"/><V4/><F4/><W15/><G121/><T42/><D10/><U103/><E103/><V16/><F16/><W87/><G123/><T49/><D33/><U53/><E53/><V77/><F77/><W23/><G118/><T135/><D34/><U91/><E91/><V46/><F46/><W69/><G116/><T29/><D89/><U119/><E119/><V12/><F12/><W101/><G45/><T94/><D94/><U52/><E52/><V75/><F75/><AGARI ba="2,2" hai="74,75,76,79,80,82,96,100,104,106,107,128,130,131" machi="75" ten="40,16000,3" yaku="1,1,9,1,19,1,23,2,34,3,53,0" doraHai="6" doraHaiUra="58" who="1" fromWho="2" sc="400,0,190,186,190,-166,200,0" /><INIT seed="1,0,0,2,2,63" ten="400,376,24,200" oya="1" hai0="100,87,8,44,77,76,62,53,105,35,4,90,103" hai1="6,5,36,80,18,69,98,108,12,7,133,73,9" hai2="61,86,118,111,20,94,85,51,72,47,45,30,119" hai3="29,31,27,128,131,67,41,81,89,95,123,55,23"/><U115/><E36/><V88/><F72/><W112/><G123/><T11/><D35/><U106/><E115/><V42/><F111/><W58/><G112/><T56/><D105/><U16/><E69/><V64/><F47/><W37/><G81/><T46/><D46/><U34/><E34/><V60/><F60/><W71/><G31/><T33/><D33/><U65/><E108/><V109/><F109/><W79/><G79/><N who="0" m="30283" /><D44/><U70/><E73/><V124/><F86/><N who="3" m="52663" /><G71/><T113/><D113/><U28/><E80/><V93/><F93/><W1/><G1/><T21/><D21/><U84/><E28/><V121/><F121/><W101/><G101/><N who="0" m="38987" /><D4/><U39/><E106/><V114/><F114/><W68/><G68/><T15/><D15/><U83/><E39/><V96/><F85/><W122/><G122/><T91/><D91/><N who="1" m="51615" /><E98/><V126/><F118/><W107/><G107/><T132/><D132/><U50/><E133/><V52/><F119/><W104/><G104/><T129/><D129/><N who="3" m="49737" /><G41/><T10/><D10/><U13/><E70/><V125/><F42/><W117/><G37/><T2/><D2/><U74/><E74/><V38/><F38/><W0/><G0/><T22/><D22/><N who="1" m="11527" /><E50/><V116/><F116/><W19/><G117/><T49/><D49/><U127/><E127/><V97/><F97/><W130/><G130/><T66/><D53/><U32/><E32/><V78/><F78/><W57/><G55/><T17/><D17/><U135/><E135/><V40/><F52/><W24/><G19/><T120/><D120/><U43/><E43/><V75/><F125/><RYUUKYOKU ba="0,0" sc="400,15,376,15,24,-15,200,-15" hai0="8,11,56,62,66,87,90" hai1="5,6,7,9,13,18,65" /><INIT seed="1,1,0,0,5,72" ten="415,391,9,185" oya="1" hai0="133,63,132,119,1,134,62,36,107,60,49,74,112" hai1="43,78,45,86,20,29,129,87,21,25,39,116,120" hai2="10,59,48,97,40,68,108,7,94,122,69,93,58" hai3="99,81,52,55,125,27,3,127,6,11,5,88,83"/><U41/><E120/><V114/><F122/><W13/><G27/><T4/><D107/><U118/><E129/><V67/><F114/><W96/><G3/><T42/><D112/><U130/><E130/><V104/><F104/><W61/><G61/><T80/><D119/><U115/><E115/><V105/><F105/><W54/><G6/><T33/><D33/><U65/><E65/><V135/><F69/><W44/><G44/><N who="0" m="25751" /><D36/><U124/><E124/><N who="3" m="47690" /><G83/><T85/><D74/><U109/><E109/><V76/><F68/><W57/><G57/><N who="2" m="21513" /><F67/><W102/><G102/><T64/><D4/><U15/><E15/><N who="2" m="5599" /><F108/><W53/><N who="3" m="13312" /><DORA hai="47" /><W24/><G24/><T30/><D30/><U73/><E73/><V121/><F121/><W131/><G131/><T79/><D1/><U50/><E39/><V16/><F16/><W12/><G12/><T106/><D106/><U82/><E87/><AGARI ba="1,0" hai="5,11,13,81,87,88,96,99" m="13312,47690" machi="87" ten="50,6400,0" yaku="18,1,54,2" doraHai="72,47" who="3" fromWho="1" sc="415,0,391,-67,9,0,185,67" /><INIT seed="2,0,0,5,4,16" ten="415,324,9,252" oya="2" hai0="116,1,53,78,0,103,128,46,7,19,29,129,123" hai1="14,27,30,112,73,107,57,86,25,113,64,18,59" hai2="13,99,69,96,44,111,130,102,15,117,37,115,94" hai3="104,65,89,17,3,33,32,122,4,39,28,90,105"/><V110/><F69/><W71/><G122/><T97/><D123/><U108/><E107/><V31/><F117/><W120/><G120/><T47/><D116/><U93/><E73/><V56/><F115/><W82/><G39/><T124/><D78/><U121/><E121/><V100/><F37/><W67/><G17/><T119/><D119/><U88/><E108/><N who="2" m="41515" /><F44/><W106/><G71/><T84/><D84/><U52/><E64/><V81/><F130/><N who="0" m="50282" /><D124/><U12/><E12/><N who="2" m="4683" /><F56/><W61/><G3/><T38/><D19/><U131/><E59/><V40/><F40/><W60/><G4/><T83/><D83/><U54/><E54/><V76/><F31/><W42/><G42/><N who="0" m="22871" /><D29/><U23/><E131/><V63/><F63/><W132/><G28/><T11/><D0/><U6/><E6/><V5/><F5/><W91/><G82/><T95/><D47/><U43/><E43/><V114/><F114/><N who="1" m="44137" /><E30/><V34/><F34/><N who="3" m="13419" /><G132/><T41/><D41/><U126/><E126/><V127/><F127/><W92/><G92/><T55/><AGARI ba="0,0" hai="1,7,11,53,55,95,97,103" m="22871,50282" machi="55" ten="30,1100,0" yaku="19,1" doraHai="16" who="0" fromWho="0" sc="415,11,324,-3,9,-5,252,-3" /><INIT seed="3,0,0,3,2,80" ten="426,321,4,249" oya="3" hai0="135,54,55,134,119,45,30,76,4,44,110,105,68" hai1="69,23,15,5,20,38,78,70,83,22,99,50,123" hai2="2,21,128,79,11,111,14,59,126,100,129,109,10" hai3="89,95,102,115,1,18,72,114,42,71,16,93,112"/><W106/><G71/><T104/><D68/><U61/><E123/><V41/><F100/><W125/><G1/><T87/><D119/><U31/><E38/><V48/><F79/><W118/><G42/><T73/><D73/><U108/><E108/><N who="2" m="41547" /><F59/><W25/><G118/><T82/><D110/><U96/><E31/><V7/><F48/><W17/><G72/><T101/><D30/><U47/><E61/><V67/><F67/><W86/><G125/><T26/><D26/><U29/><E70/><V56/><F56/><W9/><G9/><T77/><D4/><U57/><E29/><V75/><F41/><W24/><G106/><T116/><D116/><U120/><E120/><V121/><F75/><W88/><G102/><T122/><D122/><U60/><E69/><V97/><F97/><W52/><REACH who="3" step="1"/><G52/><REACH who="3" ten="426,321,4,239" step="2"/><T43/><D101/><U37/><E37/><V85/><F121/><W32/><G32/><T94/><D104/><U39/><E39/><V34/><F34/><W62/><G62/><T51/><D105/><U84/><E60/><V92/><F126/><W27/><G27/><T124/><D124/><U65/><E65/><V133/><F11/><W58/><G58/><T131/><D43/><N who="1" m="24959" /><E57/><V35/><F35/><W107/><G107/><T98/><D55/><U74/><E74/><V53/><F53/><W8/><G8/><AGARI ba="0,1" hai="5,8,15,20,22,23,78,83,84,96,99" m="24959" machi="8" ten="30,3900,0" yaku="25,1,8,1,52,1" doraHai="80" who="1" fromWho="3" sc="426,0,321,49,4,0,239,-39" /><INIT seed="4,0,0,0,0,0" ten="426,370,4,200" oya="0" hai0="34,52,29,22,21,67,81,19,99,62,68,95,47" hai1="57,3,43,53,113,96,14,105,72,49,17,5,8" hai2="45,63,51,89,97,4,9,102,124,32,98,61,107" hai3="50,121,16,110,91,116,65,115,41,106,27,86,127"/><T71/><D81/><U129/><E72/><V69/><F124/><W25/><G116/><T24/><D71/><U112/><E129/><V26/><F89/><W100/><G110/><T39/><D19/><U125/><E125/><V70/><F97/><W118/><G127/><T23/><D34/><U134/><E43/><V30/><F69/><W80/><G118/><T59/><D39/><U66/><E96/><V88/><F88/><W31/><G121/><T122/><D122/><U10/><E105/><V76/><F76/><W74/><G115/><N who="1" m="44106" /><E66/><V73/><F73/><W7/><G65/><T111/><D111/><U54/><E54/><V37/><F37/><W18/><G7/><T117/><D117/><U56/><E134/><V78/><F78/><W83/><G74/><T128/><D128/><U44/><AGARI ba="0,0" hai="3,5,8,10,14,17,44,49,53,56,57" m="44106" machi="44" ten="30,4000,0" yaku="15,1,11,1,52,1" doraHai="0" who="1" fromWho="1" sc="426,-20,370,40,4,-10,200,-10" owari="406,21.0,410,51.0,-6,-51.0,190,-21.0" /></mjloggm>