<mjloggm ver="2.3"><GO type="41"/><UN n0="%EF%BC%88%E2%89%A7%E2%96%BD%E2%89%A6%EF%BC%89" n1="%63%68%69%6E%67%40%6A%61" n2="%E7%8C%AB%E7%8B%A9%E3%82%8A%E5%B0%82%E7%94%A8" n3="%73%75%6D%32%32%35%35" dan="16,13,15,15" rate="2132,1858,1955,1959" sx="M,M,M,M"/><TAIKYOKU oya="0"/><INIT seed="0,0,0,3,2,5" ten="250,250,250,250" oya="0" hai0="108,102,67,1,47,41,6,19,85,66,64,105,26" hai1="10,132,31,30,76,0,38,13,129,27,98,56,8" hai2="75,90,126,9,49,112,21,93,111,121,45,123,42" hai3="127,96,63,25,80,46,94,29,24,110,22,36,51"/><T92/><D105/><U16/><E38/><V7/><F112/><W114/><G36/><T134/><D134/><U89/><E132/><V83/><F126/><W60/><G114/><T58/><D108/><U20/><E129/><V91/><F111/><W50/><G110/><T44/><D58/><U97/><E76/><V40/><F42/><W15/><G80/><T2/><D6/><U113/><E113/><V106/><F106/><W100/><G51/><T128/><D128/><U72/><E72/><V18/><F75/><W118/><G118/><T104/><D104/><U57/><E0/><V71/><F71/><W116/><G127/><T35/><D44/><U48/><E48/><V115/><F115/><W28/><G15/><T52/><D35/><U124/><E124/><V131/><F83/><W107/><G107/><T87/><D41/><U122/><E122/><V88/><F93/><W37/><G37/><T68/><D68/><U133/><E133/><V59/><F59/><N who="1" m="22601" /><E89/><V70/><F70/><W119/><G119/><T4/><D1/><U43/><E43/><V39/><F131/><W33/><G116/><T125/><D4/><U73/><E73/><V17/><F39/><W55/><AGARI ba="0,0" hai="22,24,25,28,29,33,46,50,55,60,63,94,96,100" machi="55" ten="20,1500,0" yaku="0,1,7,1" doraHai="5" who="3" fromWho="3" sc="250,-7,250,-4,250,-4,250,15" /><INIT seed="1,0,0,1,5,4" ten="243,246,246,265" oya="1" hai0="21,71,63,33,93,134,111,103,45,41,126,53,131" hai1="113,117,90,61,124,95,29,22,86,67,43,94,81" hai2="64,91,12,35,121,72,5,16,44,128,54,68,17" hai3="39,133,129,56,108,125,2,76,80,15,110,19,118"/><U74/><E117/><V109/><F35/><W58/><G39/><T87/><D33/><U100/><E113/><V130/><F121/><W31/><G2/><T104/><D104/><U65/><E43/><V123/><F72/><W18/><G31/><T59/><D126/><U46/><E124/><V83/><F123/><W1/><G1/><T89/><D134/><U40/><E74/><V96/><F109/><N who="3" m="42091" /><G125/><T82/><D131/><N who="2" m="50218" /><F68/><W69/><G69/><T116/><D116/><U55/><E55/><V75/><F64/><W47/><G19/><N who="2" m="7241" /><F75/><W23/><G129/><T70/><D111/><U57/><E67/><V114/><F114/><W24/><G47/><T6/><D21/><U105/><E105/><V7/><F12/><W51/><G118/><T28/><D28/><U20/><E20/><V26/><F26/><W119/><G119/><T38/><D6/><U9/><E100/><V27/><F27/><W3/><G3/><T30/><D30/><U77/><E77/><V98/><F83/><W106/><G106/><T50/><D103/><U78/><E78/><V92/><F98/><W73/><G133/><T85/><REACH who="0" step="1"/><D38/><REACH who="0" ten="233,246,246,265" step="2"/><U36/><E22/><V102/><F102/><W49/><G24/><T0/><D0/><U107/><E29/><V132/><F132/><W84/><G73/><T8/><D8/><U25/><E25/><V60/><F5/><W66/><G23/><T37/><D37/><U115/><E107/><V11/><F7/><W127/><G127/><T122/><D122/><U62/><E115/><V97/><F11/><W10/><G66/><T101/><D101/><RYUUKYOKU ba="0,1" sc="233,15,246,-15,246,-15,265,15" hai0="41,45,50,53,59,63,70,71,82,85,87,89,93" hai3="10,15,18,49,51,56,58,76,80,84" /><INIT seed="2,1,1,2,4,128" ten="248,231,231,280" oya="2" hai0="3,114,1,65,22,72,122,81,5,132,56,57,130" hai1="97,14,98,89,127,36,119,61,6,105,50,78,73" hai2="125,41,134,55,107,48,54,63,32,112,59,70,24" hai3="121,80,83,19,135,69,88,2,116,30,131,21,133"/><V10/><F107/><W93/><G2/><T46/><D114/><U53/><E36/><V67/><F112/><W102/><G116/><T23/><D122/><U27/><E119/><V52/><F125/><W118/><G118/><T39/><D130/><U108/><E108/><V96/><F10/><W42/><G131/><T25/><D65/><U74/><E127/><V84/><F96/><W100/><G69/><T0/><D5/><U4/><E4/><V126/><F126/><W37/><G30/><T106/><D106/><U91/><E105/><V92/><F134/><N who="3" m="51211" /><G121/><T9/><D1/><U76/><E61/><V79/><F24/><N who="3" m="14399" /><G42/><T68/><D3/><U43/><E27/><V26/><F32/><W86/><G37/><T103/><D39/><U99/><E43/><V82/><F41/><W66/><G66/><T7/><D68/><U33/><E33/><V111/><F26/><W95/><G95/><T49/><D25/><U29/><E29/><V11/><F111/><W28/><G28/><T20/><D132/><U71/><E71/><V90/><F70/><W35/><G35/><T31/><D31/><U62/><E62/><V124/><F124/><W75/><G93/><T18/><D0/><U15/><E6/><V60/><F67/><W94/><G94/><T17/><D7/><U58/><E74/><V16/><F63/><W51/><G51/><T120/><D49/><U77/><E73/><N who="2" m="43375" /><F48/><W38/><G38/><T113/><D72/><U129/><E129/><V115/><F115/><W40/><G40/><T47/><D113/><U87/><E87/><V109/><F109/><RYUUKYOKU ba="1,1" sc="248,-30,231,10,231,10,280,10" hai1="14,15,50,53,58,76,77,78,89,91,97,98,99" hai2="11,16,52,54,55,59,60,84,90,92" hai3="75,80,83,86,88,100,102" /><INIT seed="2,2,1,3,3,36" ten="218,241,241,290" oya="2" hai0="66,18,128,51,99,27,43,102,115,12,73,56,8" hai1="17,127,16,10,25,53,89,78,96,0,62,130,37" hai2="114,20,133,123,120,4,42,81,116,107,109,54,3" hai3="80,34,22,113,15,77,59,32,87,135,134,121,26"/><V46/><F107/><W39/><G121/><T60/><D73/><U119/><E37/><V104/><F104/><W125/><G15/><T47/><D115/><U101/><E130/><V105/><F105/><W57/><G113/><T112/><D112/><U64/><E119/><V129/><F114/><W94/><G59/><T63/><D128/><U48/><E127/><V31/><F129/><W33/><G57/><T61/><REACH who="0" step="1"/><D27/><REACH who="0" ten="208,241,241,290" step="2"/><U58/><E25/><V98/><F120/><W118/><G118/><T35/><D35/><U122/><E122/><V97/><F123/><W88/><G125/><T92/><AGARI ba="2,2" hai="8,12,18,43,47,51,56,60,61,63,66,92,99,102" machi="92" ten="20,8000,1" yaku="1,1,0,1,7,1,8,1,52,1,53,0" doraHai="36" doraHaiUra="70" who="0" fromWho="0" sc="208,106,241,-22,241,-42,290,-22" /><INIT seed="3,0,0,4,4,59" ten="314,219,199,268" oya="3" hai0="119,16,114,120,126,22,44,45,52,122,86,26,99" hai1="37,60,40,74,3,30,135,81,58,36,25,131,85" hai2="87,28,105,101,41,73,51,43,127,72,110,109,11" hai3="132,108,27,103,90,55,68,78,95,128,9,97,48"/><W76/><G68/><T7/><D119/><U54/><E74/><V32/><F127/><W89/><G132/><T64/><D126/><U134/><E3/><V14/><F32/><W50/><G128/><T15/><D114/><U111/><E111/><V20/><F105/><W123/><G123/><T117/><D117/><U79/><E131/><V53/><F101/><W82/><G108/><T38/><D38/><U46/><REACH who="1" step="1"/><E37/><REACH who="1" ten="314,209,199,268" step="2"/><V18/><F110/><W35/><G76/><T83/><D120/><U56/><E56/><N who="2" m="32831" /><F109/><W13/><G35/><AGARI ba="0,1" hai="25,30,35,36,40,46,54,58,60,79,81,85,134,135" machi="35" ten="40,2600,0" yaku="1,1,52,1,53,0" doraHai="59" doraHaiUra="34" who="1" fromWho="3" sc="314,0,209,36,199,0,268,-26" /><INIT seed="4,0,0,2,5,13" ten="314,245,199,242" oya="0" hai0="114,48,1,87,104,123,37,59,110,101,53,24,22" hai1="55,109,78,2,68,130,19,80,66,57,32,36,69" hai2="121,86,120,72,118,91,54,61,74,46,50,33,128" hai3="15,62,84,102,5,108,67,51,8,134,132,73,133"/><T39/><D1/><U27/><E2/><V6/><F33/><W70/><G84/><T43/><D123/><U30/><E36/><V119/><F128/><W85/><G51/><T103/><D114/><U21/><E109/><V83/><F6/><W94/><G108/><T75/><D75/><N who="2" m="28714" /><F61/><W98/><G73/><T31/><D110/><U16/><E130/><V3/><F3/><W116/><REACH who="3" step="1"/><G85/><REACH who="3" ten="314,245,199,232" step="2"/><T12/><D87/><U131/><E131/><V95/><F86/><W112/><G112/><T97/><D43/><U40/><E40/><V76/><F50/><W58/><G58/><T28/><D37/><U82/><E69/><V41/><F41/><W11/><G11/><T105/><D39/><U89/><E78/><V23/><F46/><W20/><G20/><T18/><REACH who="0" step="1"/><D12/><REACH who="0" ten="304,245,199,232" step="2"/><U49/><E80/><V117/><F83/><W122/><G122/><T93/><D93/><U56/><E82/><V4/><F95/><W45/><G45/><T125/><D125/><U64/><E68/><V135/><F121/><W79/><G79/><T14/><D14/><U26/><E66/><V88/><F76/><W124/><G124/><T34/><D34/><U7/><E64/><V38/><F120/><W63/><G63/><T126/><D126/><U111/><E111/><V42/><F38/><W100/><G100/><T127/><D127/><U107/><E89/><V106/><F42/><W44/><G44/><T17/><D17/><N who="1" m="6731" /><E7/><V47/><F4/><W92/><G92/><T29/><D29/><N who="1" m="17615" /><E107/><V35/><F106/><W9/><G9/><T10/><D10/><U115/><E115/><RYUUKYOKU ba="0,2" sc="304,10,245,10,199,-30,232,10" hai0="18,22,24,28,31,48,53,59,97,101,103,104,105" hai1="27,30,32,49,55,56,57" hai3="5,8,15,62,67,70,94,98,102,116,132,133,134" /><INIT seed="4,1,2,3,4,58" ten="314,255,169,242" oya="0" hai0="106,24,9,107,4,39,63,117,32,134,16,103,15" hai1="45,44,101,84,60,13,42,74,111,126,125,114,131" hai2="37,5,0,14,79,81,82,2,68,77,28,26,67" hai3="86,21,57,23,130,100,127,76,109,132,96,113,98"/><T124/><D39/><U25/><E74/><V27/><F37/><W43/><G109/><T30/><D117/><U48/><E111/><V18/><F68/><W50/><G113/><T97/><D134/><U93/><E114/><V12/><F67/><W40/><G132/><T49/><D124/><U104/><E104/><V91/><F91/><W3/><G3/><T116/><D116/><U59/><E131/><V19/><REACH who="2" step="1"/><F28/><REACH who="2" ten="314,255,159,242" step="2"/><W80/><G130/><T8/><D30/><U95/><E126/><V69/><F69/><W47/><G127/><T122/><D103/><U6/><E125/><V17/><F17/><W94/><G40/><T34/><D16/><U20/><E101/><V1/><F1/><W112/><G112/><T55/><D4/><AGARI ba="1,3" hai="0,2,4,5,12,14,18,19,26,27,77,79,81,82" machi="4" ten="25,3200,0" yaku="1,1,22,2,53,0" doraHai="58" doraHaiUra="56" who="2" fromWho="0" sc="314,-35,255,0,159,65,242,0" /><INIT seed="5,0,0,1,5,115" ten="279,255,224,242" oya="1" hai0="134,5,112,107,82,61,4,103,56,66,80,89,21" hai1="50,13,72,17,34,53,20,106,11,31,64,121,118" hai2="1,108,84,77,12,45,57,131,119,70,128,79,101" hai3="58,36,96,97,28,104,6,95,40,35,63,38,29"/><U30/><E72/><V71/><F1/><W105/><G6/><T47/><D112/><U110/><E118/><V102/><F84/><W8/><G8/><T87/><D134/><U100/><E121/><V68/><F57/><W26/><G40/><T59/><D47/><U19/><E110/><V85/><F85/><W27/><G95/><T135/><D135/><U126/><E126/><V62/><F62/><W74/><G58/><T78/><D21/><U49/><E106/><V92/><F92/><W99/><G63/><T54/><D103/><N who="2" m="39434" /><F108/><W122/><G122/><T55/><D107/><U52/><E100/><V16/><F45/><W127/><G127/><T90/><D66/><U113/><E34/><V10/><F119/><W32/><G74/><T42/><D42/><U7/><E64/><V22/><F22/><W25/><G105/><T15/><D15/><N who="1" m="7423" /><E7/><N who="0" m="2633" /><D82/><U125/><E113/><V75/><F75/><W43/><G43/><T39/><D39/><N who="3" m="14889" /><G104/><T3/><D3/><U69/><E69/><N who="2" m="17667" /><V67/><DORA hai="76" /><F67/><W86/><G86/><T37/><D37/><U2/><E2/><V98/><F98/><W73/><G73/><T33/><D33/><AGARI ba="0,0" hai="25,26,27,28,29,32,33,35,96,97,99" m="14889" machi="33" ten="40,2600,0" yaku="28,2" doraHai="115,76" who="3" fromWho="0" sc="279,-26,255,0,224,0,242,26" /><INIT seed="6,0,0,4,5,36" ten="253,255,224,268" oya="2" hai0="56,12,127,101,85,117,95,58,105,89,68,98,54" hai1="92,111,81,27,15,13,131,108,61,73,78,51,107" hai2="74,116,41,120,25,86,37,19,123,72,87,122,75" hai3="121,32,63,38,20,4,64,102,67,42,80,124,18"/><V106/><F116/><W49/><G49/><T34/><D34/><U31/><E107/><V33/><F106/><W3/><G32/><T7/><D68/><U113/><E113/><V60/><F60/><W22/><G121/><T115/><D115/><U0/><E0/><V82/><F19/><W97/><G124/><T35/><D35/><U91/><E131/><V99/><F99/><W10/><G67/><T28/><D28/><U23/><E61/><V119/><F119/><W88/><G102/><T44/><D127/><U50/><E111/><V134/><F134/><W8/><G8/><N who="0" m="4127" /><D105/><U11/><E13/><V83/><F25/><W59/><G18/><T109/><D109/><U71/><E71/><V47/><REACH who="2" step="1"/><F33/><REACH who="2" ten="253,255,214,268" step="2"/><W130/><G130/><T69/><D117/><U46/><E108/><V9/><F9/><W133/><G133/><T17/><D17/><U129/><E129/><V39/><F39/><W70/><G70/><T126/><D69/><U125/><E125/><V110/><F110/><W52/><G64/><T128/><D128/><U118/><E118/><V48/><F48/><W29/><G29/><T93/><D126/><U112/><E112/><V65/><F65/><W40/><G38/><T5/><D5/><U96/><E46/><V6/><F6/><AGARI ba="0,1" hai="6,11,15,23,27,31,50,51,73,78,81,91,92,96" machi="6" ten="30,1000,0" yaku="7,1" doraHai="36" who="1" fromWho="2" sc="253,0,255,20,214,-10,268,0" /><INIT seed="7,0,0,0,0,7" ten="253,275,204,268" oya="3" hai0="1,130,87,14,54,124,45,69,2,113,68,117,59" hai1="50,25,83,30,125,88,91,104,132,13,95,71,53" hai2="29,105,94,108,126,97,35,98,6,31,103,23,46" hai3="84,73,119,122,114,9,76,0,62,100,86,40,20"/><W81/><G119/><T133/><D133/><U49/><E104/><V78/><F35/><W115/><G122/><T27/><D124/><U55/><E71/><V72/><F126/><W18/><G100/><T36/><D130/><U131/><E131/><V24/><F108/><W42/><G62/><T15/><D113/><N who="3" m="43017" /><G86/><T65/><D87/><U64/><E64/><V92/><F6/><N who="3" m="1223" /><G84/><T12/><D65/><U93/><E83/><V116/><F116/><W110/><G110/><T96/><D68/><U135/><E13/><AGARI ba="0,0" hai="13,18,20,40,42,73,76,81" m="1223,43017" machi="13" ten="30,2900,0" yaku="15,1,52,1" doraHai="7" who="3" fromWho="1" sc="253,0,275,-29,204,0,268,29" /><INIT seed="7,1,0,4,4,116" ten="253,246,204,297" oya="3" hai0="79,39,94,62,134,37,78,24,86,20,30,12,109" hai1="133,1,95,22,66,108,27,19,132,112,56,114,21" hai2="59,29,69,113,58,25,47,127,40,80,63,75,15" hai3="85,36,130,55,104,23,90,2,48,111,31,121,125"/><W43/><G104/><T38/><D109/><U42/><E108/><V41/><F127/><W92/><G111/><T17/><D134/><N who="1" m="51819" /><E42/><V9/><F113/><N who="1" m="43625" /><E95/><V117/><F117/><W91/><G2/><T119/><D62/><U100/><E100/><V7/><F69/><W57/><G125/><T129/><D119/><U61/><E21/><V105/><F105/><W28/><G121/><T76/><D94/><U46/><E46/><V97/><F97/><W11/><G11/><T115/><D115/><U16/><E1/><V72/><F80/><W88/><G130/><T13/><D129/><U89/><E89/><N who="3" m="34410" /><G36/><T33/><D38/><U126/><E126/><V67/><F58/><W98/><G43/><T107/><D107/><U81/><E81/><V87/><F87/><W77/><G23/><T135/><D39/><U118/><E118/><V102/><F102/><N who="3" m="60743" /><G77/><T96/><D76/><U44/><E44/><V26/><F40/><W131/><G131/><T5/><D37/><U123/><E19/><V93/><F93/><AGARI ba="1,0" hai="28,31,48,55,57,85,91,93" m="60743,34410" machi="93" ten="30,2900,0" yaku="8,1,54,1" doraHai="116" who="3" fromWho="2" sc="253,0,246,0,204,-32,297,32" owari="253,5.0,246,-15.0,172,-33.0,329,43.0" /></mjloggm>