<mjloggm ver="2.3"><GO type="1"/><UN n0="%44%61%6D%6F%6E%65" n1="%E3%82%86%E3%82%82%E3%81%A8%E3%81%A8%E3%81%86%E3%81%98%E3%82%87%E3%81%86" n2="%E3%81%82%E3%82%93%E3%81%AB%E3%82%85" n3="%EF%BC%88%E2%89%A7%E2%96%BD%E2%89%A6%EF%BC%89" dan="4,9,6,5" rate="1359,1389,1635,1627" sx="F,M,M,M"/><TAIKYOKU oya="0"/><INIT seed="0,0,0,4,5,91" ten="250,250,250,250" oya="0" hai0="71,99,80,29,19,64,88,69,75,102,3,106,23" hai1="122,113,25,51,1,44,35,50,58,11,128,42,10" hai2="87,103,49,107,126,53,105,62,54,111,13,27,0" hai3="4,12,52,48,18,93,81,55,108,109,83,73,20"/><T98/><D64/><U92/><E122/><V72/><F0/><W89/><G4/><T31/><D3/><U33/><E113/><V100/><F72/><W118/><G118/><T30/><D75/><U121/><E121/><V135/><F107/><W114/><G114/><T45/><D45/><U125/><E125/><V131/><F105/><W117/><G117/><T39/><D39/><U133/><E133/><V38/><F126/><W124/><G124/><T63/><D63/><U130/><E1/><V96/><F38/><W16/><G18/><T15/><REACH who="0" step="1"/><D99/><REACH who="0" step="2"/><U115/><E115/><V97/><F96/><N who="3" m="57391" /><G73/><T112/><D112/><U76/><E44/><V57/><F97/><W36/><G36/><T24/><D24/><U119/><E25/><V66/><F27/><W32/><G32/><T84/><AGARI ba="0,1" hai="15,19,23,29,30,31,69,71,80,84,88,98,102,106" machi="84" ten="30,6000,0" yaku="1,1,0,1,54,1,53,0" doraHai="91" doraHaiUra="34" who="0" fromWho="0" sc="240,70,250,-20,250,-20,250,-20" /><INIT seed="0,1,0,2,4,96" ten="310,230,230,230" oya="0" hai0="50,4,75,7,35,100,132,103,109,107,66,88,99" hai1="94,19,52,78,8,42,111,123,82,46,93,62,81" hai2="56,113,17,0,127,79,102,87,68,116,65,70,37" hai3="129,45,124,74,112,40,39,110,80,95,21,92,5"/><T76/><D66/><U22/><E123/><V59/><F37/><W133/><G112/><T38/><D35/><U73/><E73/><V55/><F0/><W6/><G133/><T119/><D132/><U31/><E111/><V61/><F127/><W3/><G110/><T34/><D34/><U128/><E128/><V11/><F116/><W135/><G129/><T86/><D38/><U47/><E47/><V64/><F65/><W36/><G124/><T43/><D119/><U48/><E62/><V10/><F70/><W72/><G135/><T44/><D109/><U23/><E23/><V24/><F68/><W41/><G21/><T33/><D33/><U2/><E94/><V118/><F24/><W117/><G45/><T121/><D107/><U49/><E49/><V20/><F17/><W104/><G117/><T12/><D121/><U57/><E82/><V85/><F20/><W90/><G80/><T134/><D99/><U105/><E105/><V27/><F27/><W101/><G104/><T108/><D134/><U125/><E125/><V16/><F16/><W13/><G13/><T60/><D108/><U67/><E93/><V9/><F79/><W122/><G122/><T114/><D60/><U126/><E126/><V71/><F71/><W32/><G32/><T15/><D114/><U25/><E81/><V83/><F118/><W28/><G28/><T98/><D98/><U30/><E30/><V97/><F113/><W58/><G3/><T54/><D75/><U84/><E84/><V91/><F85/><W89/><G58/><T18/><D86/><U106/><E106/><RYUUKYOKU ba="1,0" sc="310,-10,230,-10,230,-10,230,30" hai3="5,6,36,39,40,41,72,74,89,90,92,95,101" /><INIT seed="1,2,0,3,2,104" ten="300,220,220,260" oya="1" hai0="98,82,84,14,125,36,19,7,100,33,92,4,76" hai1="96,118,94,51,22,50,105,24,52,34,5,48,93" hai2="8,30,49,18,124,120,38,114,44,131,28,80,62" hai3="16,55,112,69,66,78,0,91,2,74,130,81,63"/><U97/><E118/><V9/><F114/><W110/><G112/><T70/><D33/><U83/><E5/><N who="0" m="2121" /><D70/><U71/><E71/><V3/><F124/><W21/><G130/><T59/><D36/><U113/><E113/><V25/><F120/><W90/><G110/><T23/><D125/><U129/><E129/><V31/><F3/><W11/><G55/><T35/><D35/><U27/><E27/><V20/><F38/><W73/><G73/><T127/><D127/><U107/><E52/><N who="2" m="29735" /><F131/><W64/><G64/><T15/><D59/><U128/><E128/><V106/><F106/><W26/><REACH who="3" step="1"/><G0/><REACH who="3" step="2"/><T46/><D46/><U87/><E34/><V37/><F37/><W85/><G85/><T47/><D47/><U135/><E135/><V60/><F80/><W132/><G132/><T43/><D43/><U95/><E24/><AGARI ba="2,1" hai="14,15,19,23,24,76,82,84,92,98,100" m="2121" machi="24" ten="30,1000,0" yaku="8,1" doraHai="104" who="0" fromWho="1" sc="300,26,220,-16,220,0,250,0" /><INIT seed="2,0,0,4,3,29" ten="326,204,220,250" oya="2" hai0="34,103,84,35,123,127,130,75,115,131,114,16,90" hai1="50,100,49,47,12,76,53,71,58,22,77,5,63" hai2="120,19,67,116,9,113,105,51,95,101,66,46,23" hai3="78,41,94,109,13,72,106,2,0,99,86,61,54"/><V108/><F105/><W91/><G109/><T112/><D75/><U133/><E133/><V96/><F120/><W32/><G41/><T125/><D103/><U57/><E100/><V82/><F116/><W80/><G32/><T38/><D38/><U129/><E129/><V43/><F113/><W98/><G13/><T36/><D36/><U85/><E85/><V20/><F23/><W14/><G14/><T73/><D112/><U8/><E22/><V83/><F9/><W27/><G27/><T62/><D123/><U117/><E117/><V107/><F107/><W69/><G69/><T122/><D122/><U3/><E77/><V81/><REACH who="2" step="1"/><F108/><REACH who="2" step="2"/><W1/><REACH who="3" step="1"/><G106/><REACH who="3" step="2"/><T37/><D37/><U4/><E4/><V79/><F79/><W15/><G15/><AGARI ba="0,2" hai="15,19,20,43,46,51,66,67,81,82,83,95,96,101" machi="15" ten="40,7700,0" yaku="1,1,8,1,53,1" doraHai="29" doraHaiUra="97" who="2" fromWho="3" sc="326,0,204,0,210,97,240,-77" /><INIT seed="2,1,0,0,4,126" ten="326,204,307,163" oya="2" hai0="85,75,64,50,74,8,73,122,115,32,12,57,7" hai1="1,42,121,49,82,130,18,102,4,37,132,36,9" hai2="70,116,23,111,128,59,63,58,86,25,80,2,88" hai3="24,77,30,13,99,28,134,6,33,112,119,120,22"/><V46/><F70/><W100/><G120/><T98/><D32/><U92/><E121/><V61/><F2/><W69/><G119/><T76/><D50/><U31/><E132/><V29/><F128/><W83/><G134/><T11/><D122/><U47/><E130/><V108/><F116/><W19/><G112/><T90/><D98/><U95/><E31/><V117/><F46/><W52/><G69/><T54/><D76/><U41/><E41/><V105/><BYE who="1" /><F105/><W131/><G131/><T101/><D11/><U56/><E56/><N who="2" m="21547" /><F117/><UN n1="%E3%82%86%E3%82%82%E3%81%A8%E3%81%A8%E3%81%86%E3%81%98%E3%82%87%E3%81%86" /><W43/><G43/><T53/><D64/><U5/><E82/><V123/><F123/><W60/><G6/><T17/><D101/><U113/><E113/><V3/><F3/><W110/><G110/><AGARI ba="1,0" hai="23,25,29,61,63,80,86,88,108,110,111" m="21547" machi="110" ten="30,5800,0" yaku="14,1,10,1,54,1" doraHai="126" who="2" fromWho="3" sc="326,0,204,0,307,61,163,-61" /><INIT seed="2,2,0,3,1,127" ten="326,204,368,102" oya="2" hai0="28,36,94,32,27,31,18,128,80,45,123,6,134" hai1="72,62,119,98,2,113,40,129,130,61,16,121,57" hai2="13,0,117,44,22,49,26,105,83,93,53,104,25" hai3="132,38,110,74,59,124,63,92,79,78,64,24,50"/><V60/><F0/><W101/><G124/><T112/><D123/><U108/><E119/><V107/><F117/><W85/><G132/><T90/><D112/><U103/><E113/><V115/><F60/><W109/><G74/><T116/><D128/><N who="1" m="49259" /><E121/><V1/><F1/><W133/><G38/><T114/><D114/><U12/><E108/><V65/><F65/><W102/><G133/><T33/><D6/><U21/><E72/><V35/><F35/><N who="0" m="13386" /><D116/><U9/><E40/><V99/><F83/><W42/><G24/><T68/><D80/><U86/><E86/><V95/><F95/><W106/><G106/><T73/><D68/><U91/><E91/><V56/><F44/><N who="3" m="25879" /><G110/><T43/><D73/><U125/><E125/><V84/><F84/><W111/><G111/><T81/><D134/><U20/><E2/><V126/><F126/><W10/><G10/><T77/><D81/><U39/><E39/><V3/><F3/><W34/><G34/><T97/><D77/><U76/><E76/><V69/><F69/><W82/><G78/><T66/><D66/><N who="1" m="39215" /><E62/><V51/><F51/><W4/><G79/><T52/><D52/><U118/><E118/><V30/><F115/><W46/><G109/><T41/><D41/><U88/><E88/><V37/><F37/><W14/><G63/><T96/><D96/><U47/><E47/><V70/><F99/><N who="3" m="59623" /><G46/><T48/><D36/><U89/><E89/><V135/><F135/><W55/><G64/><T5/><D5/><U15/><E15/><V75/><F13/><W29/><G14/><T7/><D7/><U19/><E19/><RYUUKYOKU ba="2,0" sc="326,15,204,15,368,-15,102,-15" hai0="18,27,28,31,43,45,48,90,94,97" hai1="9,12,16,20,21,98,103" /><INIT seed="3,3,0,5,3,8" ten="341,219,353,87" oya="3" hai0="97,131,98,28,122,30,71,63,61,80,47,7,38" hai1="58,51,40,35,5,101,54,36,114,103,109,116,106" hai2="115,120,118,44,82,69,50,102,133,84,19,57,111" hai3="64,126,67,92,11,46,99,112,41,105,132,110,130"/><W10/><G112/><T15/><D7/><U34/><E114/><V0/><F118/><W128/><G126/><T72/><D15/><U4/><E116/><V119/><F119/><W96/><G132/><T66/><D122/><U1/><E109/><V74/><F74/><W29/><G110/><T16/><D72/><U45/><E1/><V81/><F0/><W134/><G134/><T13/><D80/><U9/><E9/><N who="3" m="3082" /><G29/><BYE who="1" /><N who="0" m="11371" /><D131/><N who="3" m="50217" /><G105/><T12/><D16/><U20/><E20/><V127/><F69/><W93/><G93/><T25/><D25/><U117/><E117/><V56/><F120/><W78/><G78/><T24/><D24/><U77/><E77/><V26/><F133/><W89/><G96/><N who="0" m="36971" /><D38/><AGARI ba="3,0" hai="38,41,46,64,67,89,92,99" m="50217,3082" machi="38" ten="30,1500,0" yaku="19,1" doraHai="8" who="3" fromWho="0" sc="341,-24,219,0,353,0,87,24" /><INIT seed="3,4,0,5,4,113" ten="317,219,353,111" oya="3" hai0="92,79,74,105,102,7,129,91,34,98,116,45,73" hai1="93,63,51,122,71,9,53,35,15,64,29,6,127" hai2="67,103,37,8,28,25,77,101,130,84,125,65,88" hai3="70,112,123,55,5,19,13,44,109,31,16,17,20"/><W61/><G112/><T32/><D7/><U18/><E18/><V23/><F37/><W0/><G123/><T72/><D45/><U106/><E106/><V89/><F130/><W21/><G109/><T26/><D129/><U69/><E69/><V42/><F42/><W54/><G0/><T133/><D26/><U78/><E78/><V56/><F125/><W121/><G121/><T134/><D116/><U100/><E100/><N who="2" m="38475" /><F56/><N who="3" m="34967" /><G70/><T118/><D79/><U90/><E90/><N who="2" m="34923" /><F8/><N who="3" m="4239" /><G31/><T49/><D118/><U47/><E47/><V119/><F119/><W75/><G75/><N who="0" m="19203" /><T131/><DORA hai="135" /><D131/><U40/><E40/><V82/><AGARI ba="4,0" hai="23,25,28,65,67,77,82,84" m="34923,38475" machi="82" ten="30,2000,0" yaku="8,1,54,1" doraHai="113,135" who="2" fromWho="2" sc="317,-9,219,-9,353,32,111,-14" owari="308,11,210,-19,385,48,97,-40" /></mjloggm>