<mjloggm ver="2.3"><GO type="169"/><UN n0="%E3%81%B2%E3%81%AE%E3%81%A8%E3%82%8A%E3%81%AE%E3%81%B2%E3%81%A8%E3%82%8A" n1="%EF%BC%88%E2%89%A7%E2%96%BD%E2%89%A6%EF%BC%89" n2="%E3%82%82%E3%81%A3%E3%81%97%E3%83%BC" n3="%E3%81%B9%E3%81%A3%E3%81%93%E3%83%BC%E2%99%AA" dan="16,18,16,17" rate="2009,2229,2006,2145" sx="M,M,M,F"/><TAIKYOKU oya="0"/><INIT seed="0,0,0,4,0,41" ten="250,250,250,250" oya="0" hai0="133,36,40,97,51,61,132,48,124,54,24,58,39" hai1="44,74,107,122,67,114,5,16,86,75,127,111,112" hai2="26,62,109,29,89,11,80,92,131,56,18,32,116" hai3="91,43,6,95,50,34,52,68,60,93,31,96,98"/><T71/><D24/><U120/><E107/><V108/><F116/><W99/><G6/><T82/><D82/><U21/><E5/><V22/><F131/><W106/><G106/><T14/><D14/><U37/><E67/><V88/><F11/><W128/><G128/><T53/><D97/><U104/><E104/><V65/><F80/><W73/><G73/><N who="1" m="27658" /><E86/><V9/><F9/><W25/><G43/><T1/><D1/><U94/><E94/><V63/><F63/><W23/><G34/><T129/><D129/><U83/><E83/><V8/><F8/><W123/><G123/><T117/><D117/><U17/><E127/><V15/><REACH who="2" step="1"/><F89/><REACH who="2" ten="250,250,240,250" step="2"/><W10/><G10/><T46/><D124/><U49/><E122/><V110/><F110/><W57/><G93/><T0/><D0/><U100/><E111/><V33/><F33/><W90/><G90/><T119/><D119/><U81/><E81/><V84/><AGARI ba="0,1" hai="15,18,22,26,29,32,56,62,65,84,88,92,108,109" machi="84" ten="30,4000,0" yaku="1,1,0,1,54,1,53,0" doraHai="41" doraHaiUra="38" who="2" fromWho="2" sc="250,-20,250,-10,240,50,250,-10" /><INIT seed="1,0,0,2,2,103" ten="230,240,290,240" oya="1" hai0="126,70,78,40,23,73,6,19,24,36,128,115,75" hai1="61,54,1,29,48,87,33,133,112,120,86,77,135" hai2="28,14,102,94,116,129,108,111,34,20,49,30,71" hai3="10,44,4,13,31,16,55,67,3,91,41,79,95"/><U45/><E1/><V0/><F116/><W82/><G67/><T8/><D115/><U101/><E120/><V22/><F71/><W90/><G55/><T26/><D70/><U68/><E112/><V89/><F0/><W5/><G31/><T12/><D128/><U46/><E46/><V50/><F129/><W119/><G119/><T81/><D126/><U52/><E101/><V51/><F102/><W7/><G95/><T118/><D118/><U106/><E106/><V124/><F124/><W53/><G53/><T47/><REACH who="0" step="1"/><D75/><REACH who="0" ten="220,240,290,240" step="2"/><U76/><E135/><V127/><F127/><W62/><G3/><AGARI ba="0,1" hai="3,6,8,12,19,23,24,26,36,40,47,73,78,81" machi="3" ten="30,8000,1" yaku="1,1,2,1,7,1,25,2,53,0" doraHai="103" doraHaiUra="121" who="0" fromWho="3" sc="220,90,240,0,290,0,240,-80" /><INIT seed="2,0,0,4,0,43" ten="310,240,290,160" oya="2" hai0="44,0,124,70,115,97,123,90,96,89,50,11,111" hai1="118,64,36,113,76,84,101,119,85,60,102,6,37" hai2="32,57,120,87,112,125,74,131,15,18,130,55,95" hai3="45,75,77,69,132,51,41,34,100,106,12,52,61"/><V40/><F120/><W78/><G34/><T4/><D123/><U63/><E6/><V88/><F112/><W48/><G132/><T103/><D115/><U20/><E113/><V109/><F32/><W135/><G135/><T31/><D70/><U79/><REACH who="1" step="1"/><E20/><REACH who="1" ten="310,230,290,160" step="2"/><N who="2" m="11359" /><F125/><W72/><G72/><T46/><D4/><U16/><E16/><V23/><F23/><W1/><G75/><T81/><D124/><U82/><E82/><V71/><F74/><W24/><G1/><T9/><D81/><U94/><E94/><V29/><F29/><W92/><G106/><T13/><D31/><U116/><E116/><V22/><F22/><W91/><G24/><T107/><D0/><U5/><E5/><V67/><F109/><W65/><G12/><T110/><D13/><U93/><E93/><V28/><F28/><W56/><REACH who="3" step="1"/><G100/><REACH who="3" ten="310,230,290,150" step="2"/><T122/><D103/><U19/><E19/><V80/><F131/><W3/><G3/><T10/><D107/><U126/><E126/><V21/><F130/><W114/><G114/><T68/><D110/><U99/><E99/><AGARI ba="0,2" hai="41,45,48,51,52,56,61,65,69,77,78,91,92,99" machi="99" ten="30,8000,1" yaku="1,1,7,1,52,1,54,1,53,1" doraHai="43" doraHaiUra="38" who="3" fromWho="1" sc="310,0,230,-80,290,0,150,100" /><INIT seed="3,0,0,2,1,58" ten="310,150,290,250" oya="3" hai0="63,62,112,10,6,37,55,107,46,14,69,87,89" hai1="85,53,129,41,64,59,68,126,60,114,74,22,36" hai2="20,133,108,38,124,76,125,78,100,42,103,12,23" hai3="130,65,1,54,105,88,57,134,35,132,117,101,24"/><W47/><G1/><T7/><D107/><U17/><E74/><V44/><F108/><W91/><G117/><T9/><D112/><U111/><E114/><V98/><F133/><N who="3" m="51307" /><G130/><T115/><D115/><U43/><E129/><V90/><F90/><N who="3" m="34347" /><G105/><T48/><D69/><U32/><E126/><N who="2" m="48747" /><F103/><W70/><G101/><T99/><D99/><U67/><E32/><V92/><F23/><W4/><G4/><T82/><REACH who="0" step="1"/><D37/><REACH who="0" ten="300,150,290,250" step="2"/><U93/><E111/><V39/><F38/><W110/><G110/><T15/><AGARI ba="0,1" hai="6,7,9,10,14,15,46,48,55,62,63,82,87,89" machi="15" ten="20,16000,3" yaku="1,1,2,1,0,1,7,1,9,1,8,1,52,2,53,0" doraHai="58" doraHaiUra="102" who="0" fromWho="0" sc="300,170,150,-40,290,-40,250,-80" /><INIT seed="4,0,0,0,4,17" ten="470,110,250,170" oya="0" hai0="127,123,25,84,131,26,4,29,71,51,134,56,64" hai1="16,117,36,68,97,52,124,53,76,66,35,22,133" hai2="14,44,114,79,108,46,49,55,33,135,62,122,59" hai3="54,78,42,121,120,85,15,11,113,132,86,87,112"/><T27/><D131/><U129/><E36/><V95/><F33/><W43/><G132/><T94/><D134/><U90/><E35/><V80/><F135/><W13/><G78/><T126/><D29/><U99/><E133/><V105/><F105/><W2/><G2/><T47/><D71/><U1/><E1/><V10/><F122/><N who="3" m="47211" /><G54/><N who="1" m="21098" /><E68/><V31/><F108/><W32/><G32/><T104/><D4/><U39/><E39/><V48/><F114/><N who="3" m="44139" /><G11/><T12/><D126/><U67/><E124/><V101/><F31/><W100/><G100/><T92/><D104/><U91/><E76/><V6/><F101/><W115/><N who="3" m="44147" /><W60/><DORA hai="103" /><G60/><T102/><D102/><U70/><E129/><V9/><F9/><W75/><G75/><T128/><D127/><U40/><E117/><V106/><F79/><W119/><G119/><T23/><D23/><U125/><E125/><V98/><F62/><W57/><G57/><T93/><D56/><U88/><E70/><V19/><F59/><W77/><G77/><T116/><D128/><U34/><E34/><V20/><F20/><W3/><G3/><T74/><D116/><U50/><E67/><V30/><F55/><W37/><G37/><T109/><D64/><U61/><E61/><V82/><F10/><W5/><G5/><T45/><D74/><U7/><E7/><V118/><F6/><W107/><G107/><T72/><D72/><U89/><N who="1" m="22528" /><DORA hai="18" /><U24/><E66/><V65/><F65/><W41/><AGARI ba="0,0" hai="13,15,41,42,43,85,86,87" m="44147,47211" machi="41" ten="50,8000,1" yaku="28,2,13,1,15,1" doraHai="17,103,18" who="3" fromWho="3" sc="470,-40,110,-20,250,-20,170,80" /><INIT seed="5,0,0,5,4,118" ten="430,90,230,250" oya="1" hai0="52,22,29,78,124,18,45,8,92,115,57,112,132" hai1="86,51,89,104,113,116,122,123,56,24,133,97,53" hai2="81,3,34,107,94,82,114,5,102,35,40,80,2" hai3="13,1,44,54,62,68,111,134,108,12,38,47,20"/><U31/><E116/><V87/><F107/><W73/><G1/><T119/><D132/><U36/><E36/><V90/><F102/><W96/><G73/><T39/><D124/><U50/><E133/><V42/><F114/><N who="0" m="43562" /><D78/><U110/><E110/><V60/><F60/><W67/><G68/><T98/><D29/><U109/><E109/><V49/><F3/><W15/><G96/><T130/><D8/><U43/><E113/><V128/><F128/><W95/><G62/><N who="0" m="36135" /><D45/><U131/><E131/><V65/><F65/><W135/><G95/><T121/><D130/><U32/><E43/><V30/><F40/><W66/><G47/><T70/><D70/><U91/><E51/><V6/><F2/><W9/><G38/><T88/><D39/><U41/><E41/><V14/><F42/><W75/><G111/><T55/><D55/><U79/><E79/><V77/><F49/><W58/><G44/><T83/><D83/><U117/><E117/><V27/><F35/><W101/><G108/><T46/><D46/><U93/><REACH who="1" step="1"/><E104/><REACH who="1" ten="430,80,230,250" step="2"/><V105/><F105/><W99/><G134/><T125/><D119/><U126/><E126/><V64/><F77/><W61/><G135/><T84/><D125/><U0/><E0/><V28/><F34/><W129/><G129/><T37/><D37/><U25/><E25/><V59/><F27/><W85/><G61/><T26/><D26/><U120/><E120/><V103/><F14/><W72/><G13/><N who="0" m="9551" /><D121/><U71/><E71/><V100/><F100/><W23/><G101/><T63/><D63/><U127/><E127/><V33/><F103/><RYUUKYOKU ba="0,1" sc="430,15,80,15,230,-15,250,-15" hai0="84,88,92,98" hai1="24,31,32,50,53,56,86,89,91,93,97,122,123" /><INIT seed="5,1,1,1,3,57" ten="445,95,215,235" oya="1" hai0="9,31,75,59,98,27,130,90,40,46,52,53,28" hai1="111,122,121,48,132,19,113,13,18,80,63,21,79" hai2="8,71,85,29,69,87,125,30,112,58,82,66,68" hai3="41,103,127,114,118,110,89,34,108,93,106,16,65"/><U7/><E113/><V38/><F38/><W61/><G34/><T100/><D75/><U77/><E132/><V134/><F134/><W14/><G118/><T91/><D9/><N who="1" m="4287" /><E122/><V109/><F109/><W94/><G114/><T47/><D130/><U84/><E121/><V26/><F112/><W43/><G106/><T37/><D47/><U78/><E111/><V56/><F125/><W0/><G0/><T6/><D6/><U83/><E48/><V123/><F123/><W36/><G36/><T70/><D70/><U44/><E44/><V10/><F66/><W20/><G127/><T24/><D31/><N who="2" m="11786" /><F26/><W39/><G39/><T96/><D24/><N who="1" m="14391" /><E83/><V124/><F124/><W116/><G116/><T74/><D74/><U33/><E33/><V25/><F82/><W73/><G73/><T23/><D46/><U60/><E19/><V135/><F135/><W131/><G131/><T4/><D37/><U67/><E67/><V133/><F133/><W22/><G108/><T12/><D27/><U17/><E17/><V120/><F25/><W126/><G126/><T3/><D3/><U99/><E99/><V105/><F105/><W128/><G128/><T88/><D98/><U92/><E92/><V72/><F72/><W117/><G110/><T129/><D96/><U97/><E97/><V49/><F49/><W5/><G117/><T2/><D2/><U107/><E107/><V1/><F120/><W55/><G94/><T76/><D28/><U62/><AGARI ba="1,1" hai="60,62,63,77,78,79,80,84" m="14391,4287" machi="62" ten="30,11700,0" yaku="8,1,52,3" doraHai="57" who="1" fromWho="1" sc="445,-40,95,130,215,-40,235,-40" /><INIT seed="5,2,0,2,4,25" ten="405,225,175,195" oya="1" hai0="108,6,5,43,107,132,110,66,50,111,109,75,49" hai1="71,9,27,21,102,51,46,93,17,68,10,64,127" hai2="116,1,57,63,112,121,103,130,95,36,7,97,73" hai3="47,33,99,133,41,59,83,12,79,13,81,40,100"/><U53/><E127/><V65/><F116/><W20/><G133/><T3/><D108/><U31/><E71/><V16/><F121/><W119/><G33/><T23/><D132/><U82/><E68/><V34/><F130/><W120/><G120/><T55/><D75/><U125/><E125/><V45/><F73/><W115/><G119/><T14/><D107/><U29/><E64/><V24/><F112/><W62/><G115/><T124/><D124/><U135/><E82/><V19/><F7/><W44/><G100/><T122/><D122/><U129/><E129/><V30/><REACH who="2" step="1"/><F1/><REACH who="2" ten="405,225,165,195" step="2"/><W76/><G99/><T28/><D6/><U2/><E2/><V105/><F105/><W11/><G76/><T42/><D5/><U94/><E135/><V26/><F26/><W74/><G79/><T38/><D3/><U88/><E102/><V128/><F128/><W89/><G74/><T113/><D113/><U32/><E32/><V37/><F37/><W15/><G89/><T90/><D90/><U39/><E39/><V98/><F98/><W117/><G117/><T106/><D106/><U85/><E93/><V60/><F60/><W69/><G83/><T58/><D38/><U56/><E94/><V18/><F18/><W131/><G81/><T96/><D96/><U80/><E80/><V118/><F118/><W91/><G131/><T87/><D111/><U134/><E134/><V86/><F86/><W126/><G91/><T92/><D110/><U101/><E101/><V70/><F70/><W48/><G69/><T0/><D109/><U35/><E85/><V78/><F78/><RYUUKYOKU ba="2,1" sc="405,-10,225,-10,165,30,195,-10" hai2="16,19,24,30,34,36,45,57,63,65,95,97,103" /><INIT seed="6,3,1,4,3,73" ten="395,215,195,185" oya="2" hai0="36,87,56,55,107,72,77,12,67,118,58,7,91" hai1="48,82,0,104,92,66,79,108,100,78,26,90,124" hai2="132,94,96,50,53,102,23,4,28,114,86,76,101" hai3="8,13,116,120,15,71,105,49,6,3,30,10,110"/><V1/><F1/><W83/><G120/><T70/><D107/><U43/><E0/><V44/><F4/><W34/><G105/><T63/><D36/><U54/><E108/><V21/><F132/><W24/><G71/><T129/><D129/><U117/><E124/><V27/><F114/><W68/><G68/><T111/><D111/><U113/><E104/><V29/><F102/><W32/><G116/><T112/><D112/><U25/><E66/><V133/><F133/><W81/><G110/><T134/><D55/><U128/><E43/><V40/><F40/><W19/><G34/><T135/><D118/><U46/><E128/><V9/><F9/><W99/><G99/><T45/><D45/><U115/><E117/><V97/><F97/><W14/><G49/><T121/><D121/><U33/><E33/><V60/><F60/><W2/><G81/><T64/><D63/><U103/><E82/><N who="2" m="47431" /><F23/><N who="3" m="11775" /><G83/><T11/><D11/><U80/><E80/><V47/><F44/><W88/><G88/><T119/><D7/><AGARI ba="3,1" hai="2,3,6,7,8,10,13,14,24,30,32" m="11775" machi="7" ten="30,12000,2" yaku="24,1,35,5" doraHai="73" who="3" fromWho="0" sc="395,-129,215,0,195,0,185,139" /><INIT seed="7,0,0,5,0,99" ten="266,215,195,324" oya="3" hai0="105,45,67,130,21,43,69,33,74,58,118,9,24" hai1="104,85,34,3,31,11,84,112,10,119,44,1,97" hai2="129,75,79,120,28,89,39,63,124,64,40,48,42" hai3="106,52,125,91,122,18,37,25,5,29,27,35,66"/><W26/><G37/><T47/><D118/><U109/><E119/><V134/><F120/><W114/><G122/><T113/><D74/><U2/><E109/><V102/><F28/><W50/><G106/><T19/><D33/><U8/><E112/><V20/><F124/><W98/><G125/><T23/><D69/><U87/><E44/><V7/><F134/><W6/><G66/><T108/><D108/><U117/><E117/><V13/><F39/><W38/><G38/><T96/><D113/><U133/><E133/><V55/><F129/><W77/><G77/><T135/><D135/><U72/><E72/><V103/><F75/><W107/><G107/><T22/><D130/><U110/><E110/><V41/><F79/><W12/><G29/><T111/><D111/><U65/><E65/><V101/><F89/><W70/><G70/><T56/><D9/><U131/><E131/><V0/><F0/><W59/><G35/><T81/><D81/><U53/><E53/><V121/><F121/><W16/><G18/><T71/><D71/><U86/><N who="1" m="21504" /><DORA hai="80" /><U15/><E15/><V116/><F116/><W30/><G30/><T57/><D67/><U54/><E54/><V128/><F128/><W78/><G78/><T126/><D126/><U83/><E83/><V90/><F90/><W14/><G14/><T68/><D68/><U132/><E132/><V127/><F127/><W82/><G82/><T17/><D47/><U92/><E34/><V49/><F55/><W60/><G114/><T32/><D32/><U115/><E115/><V62/><F64/><W51/><G52/><RYUUKYOKU ba="0,0" sc="266,0,215,0,195,0,324,0" owari="266,7.0,215,-18.0,195,-30.0,324,41.0" /></mjloggm>