<mjloggm ver="2.3"><GO type="169" lobby="0"/><UN n0="%7A%65%72%6F%52%58" n1="%EF%BC%88%E2%89%A7%E2%96%BD%E2%89%A6%EF%BC%89" n2="%E3%83%AA%E3%83%95%E3%83%AC%E3%82%AF%E3%83%86%E3%82%A3%E3%82%A2" n3="%E5%88%BB%E5%AD%90%E5%B8%82%E6%B0%91" dan="16,19,17,18" rate="2045.50,2233.44,2145.07,2232.57" sx="M,M,F,M"/><TAIKYOKU oya="0"/><INIT seed="0,0,0,5,5,8" ten="250,250,250,250" oya="0" hai0="115,23,117,38,14,111,24,90,86,84,72,19,22" hai1="123,45,116,99,97,130,39,67,81,80,113,121,26" hai2="112,52,87,53,32,118,60,33,106,108,0,71,68" hai3="57,101,27,94,48,65,20,119,46,122,79,11,132"/><T74/><D117/><U75/><E116/><V10/><F118/><W126/><G119/><RYUUKYOKU type="kaze4" ba="0,0" sc="250,0,250,0,250,0,250,0" /><INIT seed="0,1,0,1,2,84" ten="250,250,250,250" oya="0" hai0="102,83,71,32,22,39,110,36,128,28,19,26,106" hai1="118,41,24,107,114,78,3,75,43,87,23,14,90" hai2="70,44,8,95,50,37,6,5,33,127,16,21,48" hai3="1,125,108,9,103,86,111,109,122,60,96,62,93"/><T49/><D71/><U120/><E3/><V94/><F70/><W56/><G125/><T67/><D67/><U124/><E120/><V2/><F127/><W55/><G122/><T82/><D128/><U133/><E124/><V31/><F6/><W134/><G134/><T11/><D11/><U105/><E118/><V64/><F64/><W112/><G112/><T104/><D110/><U53/><E114/><V91/><F37/><W117/><G117/><T38/><D49/><U126/><E126/><V57/><F57/><W115/><G115/><T98/><REACH who="0" step="1"/><D106/><REACH who="0" ten="240,250,250,250" step="2"/><U129/><E107/><V4/><F48/><W25/><G9/><T123/><D123/><U119/><E105/><V54/><F8/><W80/><G60/><T68/><D68/><U15/><E119/><V52/><F50/><W7/><G62/><T99/><D99/><U76/><E129/><V42/><F2/><W12/><G1/><T34/><D34/><U69/><E69/><V47/><F33/><W0/><G0/><T13/><AGARI ba="1,1" hai="13,19,22,26,28,32,36,38,39,82,83,98,102,104" machi="13" ten="30,11700,0" yaku="1,1,0,1,53,2" doraHai="84" doraHaiUra="79" who="0" fromWho="0" sc="240,130,250,-40,250,-40,250,-40" /><INIT seed="0,2,0,2,3,70" ten="370,210,210,210" oya="0" hai0="67,132,52,96,77,119,48,127,17,118,8,124,29" hai1="15,111,26,5,98,23,28,34,14,38,3,41,116" hai2="59,133,19,85,103,75,83,22,91,94,108,101,63" hai3="72,10,104,36,53,21,1,33,88,68,61,80,39"/><T24/><D67/><U51/><E116/><V18/><F133/><W6/><G33/><T20/><D132/><U46/><E111/><V95/><F108/><W117/><G117/><T62/><D62/><U4/><E98/><V54/><F19/><W60/><G104/><T42/><D42/><U35/><E3/><V79/><F95/><W50/><G21/><N who="0" m="15503" /><D8/><U97/><E97/><V49/><REACH who="2" step="1"/><F63/><REACH who="2" ten="370,210,200,210" step="2"/><W121/><G60/><T45/><D118/><U109/><E109/><V86/><F86/><W74/><G74/><T43/><D119/><U123/><E5/><V78/><F78/><W56/><G72/><T81/><D17/><U71/><E4/><V12/><AGARI ba="2,1" hai="12,18,22,49,54,59,75,79,83,85,91,94,101,103" machi="12" ten="20,8000,1" yaku="1,1,0,1,7,1,25,2,53,0" doraHai="70" doraHaiUra="65" who="2" fromWho="2" sc="370,-42,210,-22,200,96,210,-22" /><INIT seed="1,0,0,0,1,12" ten="328,188,296,188" oya="1" hai0="56,29,34,58,97,134,66,43,91,13,37,33,107" hai1="82,54,92,5,76,125,7,108,81,77,46,40,57" hai2="0,110,126,26,109,51,60,73,95,17,70,50,112" hai3="118,105,36,45,119,65,59,100,67,38,123,16,115"/><U55/><E125/><V80/><F0/><W96/><G115/><T1/><D1/><U44/><E108/><N who="2" m="41579" /><F126/><W90/><G123/><T114/><D114/><U35/><E35/><V99/><F112/><W84/><G59/><T20/><D43/><U41/><E57/><V104/><F104/><W31/><G31/><T49/><D37/><U78/><E78/><V63/><F80/><W21/><G65/><T24/><D58/><U53/><E53/><V18/><F73/><W130/><G67/><T88/><D134/><U25/><E25/><V75/><F75/><W62/><G62/><N who="2" m="23593" /><F70/><W79/><G79/><T48/><D66/><U98/><E92/><V2/><F2/><W39/><G45/><T30/><D107/><U8/><E98/><V122/><F122/><W124/><G124/><T15/><D56/><U27/><E27/><V47/><F26/><W117/><G130/><T32/><D24/><U86/><REACH who="1" step="1"/><E8/><REACH who="1" ten="328,178,296,188" step="2"/><V9/><F9/><W6/><G21/><T83/><D97/><U42/><E42/><N who="2" m="24951" /><F51/><W113/><G113/><T133/><D49/><U23/><E23/><V135/><F135/><W94/><G6/><T120/><D48/><U131/><E131/><V72/><F72/><W129/><G129/><T93/><D133/><U128/><E128/><V14/><F95/><W3/><G3/><T11/><D93/><U121/><E121/><V132/><F99/><W4/><G4/><T22/><D11/><U102/><E102/><V61/><F132/><W101/><G100/><T111/><D120/><U28/><E28/><V116/><F14/><W10/><G10/><RYUUKYOKU ba="0,1" sc="328,-15,178,15,296,-15,188,15" hai1="5,7,40,41,44,46,54,55,76,77,81,82,86" hai3="16,36,38,39,84,90,94,96,101,105,117,118,119" /><INIT seed="1,1,1,4,1,7" ten="313,193,281,203" oya="1" hai0="70,91,54,67,128,127,30,68,57,69,82,87,124" hai1="52,112,43,72,75,19,74,55,8,100,27,97,44" hai2="111,132,129,81,38,22,0,113,103,21,121,32,24" hai3="96,114,16,88,76,119,11,134,53,101,34,123,50"/><U18/><E112/><V10/><F38/><W105/><G114/><T92/><D128/><U79/><E79/><V28/><F103/><W73/><G34/><T41/><D41/><U77/><E77/><V17/><F121/><W65/><G123/><T25/><D67/><U48/><E19/><V95/><F95/><W109/><G65/><T85/><D85/><U31/><E18/><V116/><F116/><W45/><G119/><T1/><D1/><U29/><E8/><V104/><F104/><W56/><G76/><T64/><D64/><U110/><E110/><V2/><F113/><W63/><G73/><T122/><D122/><U106/><REACH who="1" step="1"/><E31/><REACH who="1" ten="313,183,281,203" step="2"/><V61/><F111/><W5/><G109/><T37/><D30/><U35/><AGARI ba="1,2" hai="27,29,35,43,44,48,52,55,72,74,75,97,100,106" machi="35" ten="30,11700,0" yaku="1,1,2,1,0,1,54,1,53,0" doraHai="7" doraHaiUra="84" who="1" fromWho="1" sc="313,-40,183,140,281,-40,203,-40" /><INIT seed="1,2,0,4,4,123" ten="273,323,241,163" oya="1" hai0="108,48,93,21,29,25,8,12,28,68,22,97,116" hai1="62,58,0,53,56,91,31,111,130,61,115,103,24" hai2="96,20,35,127,82,41,14,1,9,69,88,47,76" hai3="102,10,59,131,98,33,54,42,71,121,107,50,74"/><U6/><E115/><V80/><F35/><W86/><G121/><T109/><D116/><U38/><E38/><V89/><F69/><W55/><G74/><T134/><D68/><U57/><E130/><V23/><F127/><W40/><G71/><T16/><D134/><U119/><E119/><V30/><F1/><W84/><G33/><T51/><D28/><U113/><E113/><V43/><F96/><W87/><G131/><T78/><D78/><U67/><E103/><V112/><F112/><W32/><G32/><T114/><D114/><U63/><E0/><V133/><F133/><W60/><REACH who="3" step="1"/><G10/><REACH who="3" ten="273,323,241,153" step="2"/><T52/><D8/><U106/><E67/><V83/><F9/><W5/><G5/><T128/><D128/><U81/><E6/><V122/><F122/><W85/><N who="3" m="21504" /><DORA hai="95" /><W13/><G13/><T120/><D120/><U70/><E70/><V100/><F14/><W46/><AGARI ba="2,1" hai="40,42,46,50,54,55,59,60,98,102,107" m="21504" machi="46" ten="40,5200,0" yaku="1,1,0,1,52,1,53,0" doraHai="123,95" doraHaiUra="19,26" who="3" fromWho="3" sc="273,-15,323,-28,241,-15,153,68" /><INIT seed="2,0,0,2,2,103" ten="258,295,226,221" oya="2" hai0="81,110,134,26,118,48,41,133,25,38,101,119,112" hai1="34,104,54,97,124,73,89,36,100,121,16,10,43" hai2="80,91,3,94,19,8,109,14,5,84,92,102,64" hai3="28,49,77,130,114,30,76,74,51,122,72,65,96"/><V106/><F109/><W132/><G96/><T90/><D112/><U93/><E34/><V69/><F69/><W23/><G65/><T55/><D110/><U7/><E73/><V4/><F64/><W50/><G23/><T107/><D41/><U18/><E124/><V0/><F0/><W79/><G122/><T127/><D38/><U46/><E54/><V57/><F57/><W95/><G95/><T32/><D127/><U83/><E83/><V39/><F39/><W116/><G116/><N who="0" m="44587" /><D32/><U125/><E121/><V85/><F85/><W6/><G6/><T98/><D90/><U87/><E125/><V62/><F62/><W128/><G132/><N who="0" m="50795" /><D81/><U63/><REACH who="1" step="1"/><E63/><REACH who="1" ten="258,285,226,221" step="2"/><V117/><F117/><W99/><G114/><T29/><D29/><N who="3" m="11369" /><G99/><T70/><D70/><U66/><E66/><V53/><F53/><W47/><G47/><AGARI ba="0,1" hai="25,26,47,48,55,98,101,107" m="50795,44587" machi="47" ten="30,3900,0" yaku="12,1,20,1,52,1" doraHai="103" who="0" fromWho="3" sc="258,49,285,0,226,0,221,-39" /><INIT seed="3,0,0,1,0,15" ten="307,285,226,182" oya="3" hai0="81,50,43,110,69,86,106,133,33,104,49,111,109" hai1="12,7,32,126,132,64,18,36,129,121,127,65,87" hai2="0,130,22,41,79,92,78,91,71,58,46,134,101" hai3="25,20,99,103,6,68,85,131,16,38,42,48,74"/><W63/><G74/><T76/><D69/><U67/><E121/><V23/><F71/><W90/><G38/><T61/><D33/><U62/><E36/><V120/><F120/><W82/><G131/><T113/><D133/><U31/><E129/><V56/><F130/><W95/><G6/><T105/><D113/><U123/><E123/><V108/><F108/><W9/><G9/><T13/><D61/><U57/><E132/><V21/><F0/><W27/><G68/><T135/><D135/><U51/><E7/><V44/><F101/><W124/><G124/><N who="1" m="47658" /><E51/><N who="2" m="27023" /><F134/><W59/><G42/><T75/><D43/><U52/><E87/><N who="2" m="52351" /><F46/><W77/><G48/><T55/><D55/><U53/><E53/><V115/><F115/><W66/><G27/><T96/><D75/><U83/><E83/><V80/><F80/><W35/><G35/><T72/><D72/><U14/><E14/><V84/><F84/><W98/><G99/><T34/><D34/><U1/><E1/><V5/><F5/><W2/><G2/><T107/><REACH who="0" step="1"/><D13/><REACH who="0" ten="297,285,226,182" step="2"/><U116/><E32/><V128/><F128/><W24/><REACH who="3" step="1"/><G24/><REACH who="3" ten="297,285,226,172" step="2"/><T45/><D45/><U3/><E3/><V100/><F58/><W112/><G112/><T29/><D29/><U89/><E31/><V10/><F56/><W39/><G39/><T8/><D8/><U30/><E30/><V119/><F10/><W97/><G97/><T60/><D60/><U54/><E62/><V118/><F118/><W26/><G26/><T117/><D117/><U125/><E116/><V70/><F119/><W28/><G28/><T114/><D114/><RYUUKYOKU ba="0,2" sc="297,15,285,-15,226,-15,172,15" hai0="49,50,76,81,86,96,104,105,106,107,109,110,111" hai3="16,20,25,59,63,66,77,82,85,90,95,98,103" /><INIT seed="3,1,2,4,0,35" ten="312,270,211,187" oya="3" hai0="42,119,58,93,53,32,131,117,51,2,79,88,96" hai1="73,99,39,12,113,43,18,103,70,25,36,124,7" hai2="75,81,54,57,127,72,97,3,65,11,108,112,60" hai3="41,30,126,1,91,17,69,89,90,49,76,46,21"/><W129/><G69/><T106/><D32/><U77/><E70/><V94/><F112/><W47/><G126/><T114/><D114/><U130/><E113/><V102/><F127/><W50/><G129/><T120/><D120/><U9/><E124/><V71/><F108/><W13/><G1/><T56/><D2/><U5/><E130/><V29/><F29/><W82/><G30/><T31/><D31/><U8/><E25/><V98/><F98/><W27/><G27/><T100/><D131/><U40/><E18/><V110/><F110/><W118/><G118/><T133/><D133/><U116/><E116/><V48/><REACH who="2" step="1"/><F81/><REACH who="2" ten="312,270,201,187" step="2"/><W83/><REACH who="3" step="1"/><G76/><REACH who="3" ten="312,270,201,177" step="2"/><T101/><D79/><U132/><E77/><V59/><F59/><W107/><G107/><T55/><D58/><U64/><E132/><V62/><F62/><W19/><G19/><T95/><D119/><U63/><E63/><V109/><F109/><W61/><G61/><T104/><D104/><U68/><E68/><V23/><F23/><W22/><G22/><T34/><D106/><U6/><E9/><V67/><F67/><W121/><G121/><T14/><D117/><U10/><E64/><V66/><F66/><W15/><G15/><T44/><D14/><U0/><E10/><V78/><F78/><W85/><G85/><N who="0" m="52367" /><D34/><U87/><E12/><V38/><F38/><W84/><G84/><T123/><D123/><U125/><E87/><V92/><F92/><W52/><AGARI ba="1,4" hai="13,17,21,41,46,47,49,50,52,82,83,89,90,91" machi="52" ten="30,11700,0" yaku="1,1,0,1,8,1,54,1,53,0" doraHai="35" doraHaiUra="105" who="3" fromWho="3" sc="312,-40,270,-40,201,-40,177,160" /><INIT seed="3,2,0,3,5,16" ten="272,230,161,337" oya="3" hai0="47,23,84,120,51,58,108,94,22,81,105,59,106" hai1="79,11,103,45,93,64,8,10,74,134,41,102,61" hai2="38,125,9,20,15,128,68,91,46,112,115,126,78" hai3="132,60,3,30,123,50,1,90,67,28,75,57,63"/><W27/><G75/><T49/><D120/><U32/><E32/><V34/><F68/><W40/><G123/><T43/><D108/><U119/><E119/><V127/><F78/><W98/><G132/><T48/><D106/><U12/><E134/><V87/><F34/><W97/><G1/><T113/><D105/><U117/><E117/><V76/><F76/><W92/><G3/><T21/><D113/><U7/><E74/><V122/><F122/><W99/><G63/><T37/><REACH who="0" step="1"/><D94/><REACH who="0" ten="262,230,161,337" step="2"/><U66/><E93/><V130/><F112/><W70/><G70/><T116/><D116/><U35/><E7/><V121/><F115/><W104/><G104/><T39/><D39/><U124/><E103/><V83/><F121/><W135/><G135/><T31/><D31/><U86/><E102/><V2/><F38/><W133/><G30/><T89/><AGARI ba="2,1" hai="21,22,23,37,43,47,48,49,51,58,59,81,84,89" machi="89" ten="30,16000,3" yaku="1,1,0,1,52,3,53,3" doraHai="16" doraHaiUra="17" who="0" fromWho="0" sc="262,176,230,-42,161,-42,337,-82" /><INIT seed="4,0,0,5,1,85" ten="438,188,119,255" oya="0" hai0="32,38,90,133,0,19,110,131,43,50,24,78,135" hai1="40,97,94,59,25,73,111,108,127,51,74,83,22" hai2="72,96,49,61,91,1,33,54,69,29,95,88,80" hai3="17,15,120,30,134,104,107,47,119,48,75,42,18"/><T58/><D0/><U23/><E127/><V62/><F1/><W53/><G75/><T79/><D131/><U122/><E122/><V35/><F35/><W60/><G119/><T44/><D110/><U8/><E23/><V100/><F69/><W103/><G120/><T20/><D32/><U46/><E8/><V129/><F129/><W92/><G134/><N who="0" m="51211" /><D90/><N who="2" m="34346" /><F33/><W106/><G30/><T76/><D58/><U14/><E111/><V27/><F72/><W116/><G116/><T45/><D79/><U102/><E108/><V70/><F70/><W13/><G103/><T57/><D57/><U105/><E105/><V21/><F80/><W99/><G106/><T84/><D84/><U87/><E73/><V86/><F86/><W66/><G107/><T6/><D6/><U34/><E74/><V16/><F29/><W28/><G28/><T65/><D65/><U12/><E34/><V121/><F121/><W56/><G66/><T5/><D5/><U117/><E117/><V52/><F54/><AGARI ba="0,0" hai="19,20,24,38,43,44,45,50,54,76,78" m="51211" machi="54" ten="30,1500,0" yaku="20,1" doraHai="85" who="0" fromWho="2" sc="438,15,188,0,119,-15,255,0" /><INIT seed="4,1,0,1,4,87" ten="453,188,104,255" oya="0" hai0="117,25,45,69,121,94,65,105,17,133,53,51,125" hai1="104,103,40,70,29,19,74,12,124,24,123,113,68" hai2="46,39,77,62,97,72,112,95,96,79,10,66,63" hai3="91,134,54,107,90,76,86,67,36,33,31,2,83"/><T28/><D105/><U109/><E123/><V42/><F112/><W55/><G36/><T60/><D121/><U56/><E74/><V16/><F96/><W21/><G2/><T7/><D117/><U89/><E109/><V132/><F132/><W22/><G107/><T5/><D133/><U3/><E3/><V99/><F99/><W78/><G33/><T64/><D125/><U115/><E124/><V59/><F72/><W4/><G134/><T111/><D65/><U34/><E40/><V130/><F130/><W41/><G41/><T100/><D17/><U120/><E120/><V80/><F80/><W23/><G31/><T18/><D18/><U14/><E56/><V9/><F63/><W85/><G4/><T27/><D27/><U108/><E12/><V6/><F10/><W84/><G67/><T35/><D111/><U92/><E103/><V122/><F122/><W73/><REACH who="3" step="1"/><G78/><REACH who="3" ten="453,188,104,245" step="2"/><T49/><D5/><U20/><E104/><V15/><REACH who="2" step="1"/><F6/><REACH who="2" ten="453,188,94,245" step="2"/><W1/><G1/><T81/><D7/><U32/><E108/><V101/><AGARI ba="1,2" hai="9,15,16,39,42,46,59,62,66,77,79,95,97,101" machi="101" ten="20,8000,1" yaku="1,1,2,1,0,1,7,1,54,1,53,0" doraHai="87" doraHaiUra="116" who="2" fromWho="2" sc="453,-41,188,-21,94,103,245,-21" /><INIT seed="5,0,0,1,2,31" ten="412,167,197,224" oya="1" hai0="36,115,34,73,135,89,39,98,62,107,13,35,128" hai1="66,25,97,57,24,105,120,116,14,11,69,78,70" hai2="64,51,23,16,112,45,2,130,84,4,79,56,111" hai3="103,15,12,46,114,110,123,121,106,20,87,18,113"/><U21/><E120/><V127/><F111/><W19/><G46/><T29/><D73/><U91/><E116/><V131/><F127/><W30/><G87/><T42/><D29/><U65/><E78/><V81/><F112/><N who="3" m="43115" /><G110/><T118/><D118/><U55/><E70/><V75/><F4/><W109/><G109/><T77/><D77/><U124/><E124/><V83/><F2/><W74/><G74/><T117/><D117/><U8/><E69/><V96/><F96/><N who="3" m="61799" /><G30/><T5/><D42/><U41/><E41/><V129/><F81/><W94/><G94/><T28/><D39/><U1/><E1/><V125/><F125/><W54/><G54/><T95/><D36/><U48/><E105/><V82/><F82/><W58/><G58/><T47/><D28/><N who="1" m="17423" /><E25/><N who="2" m="14567" /><F56/><W33/><G33/><T63/><D107/><U7/><E8/><AGARI ba="0,0" hai="8,12,15,18,19,20,121,123" m="61799,43115" machi="8" ten="30,1000,0" yaku="15,1" doraHai="31" who="3" fromWho="1" sc="412,0,167,-10,197,0,224,10" /><INIT seed="6,0,0,4,1,57" ten="412,157,197,234" oya="2" hai0="80,98,76,11,28,64,56,125,111,94,83,38,132" hai1="18,43,47,107,116,58,3,93,122,10,26,15,130" hai2="4,106,52,8,71,104,78,103,127,51,82,42,131" hai3="133,45,44,90,48,75,31,81,22,89,129,123,72"/><V25/><F71/><W97/><G123/><T84/><D38/><U35/><E116/><V69/><F69/><W73/><G97/><T120/><D111/><U53/><E122/><V33/><F127/><W86/><G129/><T112/><D120/><U70/><E107/><V110/><F110/><W30/><G133/><T62/><D132/><U102/><E70/><V67/><F67/><W19/><G90/><T115/><D125/><U63/><E3/><V92/><F42/><W91/><G91/><T27/><D83/><U87/><E130/><V55/><F131/><W34/><G34/><T12/><D12/><U114/><E114/><V61/><F33/><W23/><G23/><N who="0" m="15487" /><D11/><U14/><E14/><N who="2" m="5383" /><F104/><W95/><G81/><T65/><D65/><U109/><E109/><V20/><F106/><W99/><G72/><T108/><D108/><U24/><E35/><V66/><F66/><W54/><G73/><T2/><D2/><U126/><E126/><V7/><F7/><W29/><G75/><T5/><D5/><U135/><E135/><V88/><F103/><AGARI ba="0,0" hai="56,62,64,76,80,84,94,98,103,112,115" m="15487" machi="103" ten="30,2000,0" yaku="25,1,52,1" doraHai="57" who="0" fromWho="2" sc="412,20,157,0,197,-20,234,0" /><INIT seed="7,0,0,3,2,131" ten="432,157,177,234" oya="3" hai0="3,19,2,73,90,13,100,66,135,61,74,4,49" hai1="109,99,18,79,34,82,127,63,129,46,76,35,105" hai2="113,102,9,0,51,77,96,68,67,36,8,122,81" hai3="25,31,80,97,15,121,62,92,21,124,30,98,52"/><W28/><G124/><T125/><D90/><U133/><E109/><V7/><F122/><W91/><G121/><T94/><D49/><U45/><E127/><V93/><F113/><W104/><G104/><T130/><D13/><U26/><E129/><V108/><F108/><W89/><G15/><T53/><D53/><U41/><E63/><V43/><F9/><W115/><G115/><T22/><D19/><U44/><E41/><V5/><F5/><W24/><G24/><T23/><D94/><U95/><E105/><V116/><F116/><W48/><G62/><T119/><D23/><U39/><E39/><V71/><F67/><W16/><G80/><T86/><D86/><U120/><E120/><V134/><F134/><W54/><G48/><T17/><D100/><U114/><E114/><V33/><F33/><W75/><G75/><T126/><D17/><U6/><E6/><V10/><F10/><W60/><G60/><T64/><D61/><U57/><E57/><V29/><F29/><W110/><G110/><T111/><D111/><U83/><E133/><V42/><F51/><W1/><G1/><T128/><D135/><U32/><E76/><V101/><F101/><W20/><G20/><T112/><D22/><U123/><E123/><V78/><F78/><W12/><G25/><T107/><D112/><U58/><E58/><V40/><REACH who="2" step="1"/><F36/><REACH who="2" ten="432,157,167,234" step="2"/><W88/><G30/><T72/><D126/><U132/><E132/><V69/><F69/><W37/><G37/><T55/><D125/><U50/><E50/><V117/><F117/><W56/><G31/><T106/><D2/><RYUUKYOKU ba="0,1" sc="432,-10,157,-10,167,30,234,-10" hai2="0,7,8,40,42,43,68,71,77,81,93,96,102" owari="432,53.0,147,-35.0,197,-20.0,224,2.0" /></mjloggm>