<mjloggm ver="2.3"><GO type="169" lobby="0"/><UN n0="%E9%89%84%E9%A2%A8%E5%B0%91%E5%A5%B3" n1="%70%61%72%75%6F%31%31" n2="%E5%B2%A1%E6%9D%91" n3="%EF%BC%88%E2%89%A7%E2%96%BD%E2%89%A6%EF%BC%89" dan="16,16,17,18" rate="2130.16,2027.83,2079.11,2278.81" sx="F,M,M,M"/><TAIKYOKU oya="0"/><INIT seed="0,0,0,3,3,113" ten="250,250,250,250" oya="0" hai0="73,12,82,87,76,36,89,122,61,0,50,91,94" hai1="92,1,99,48,28,26,63,124,3,117,51,96,57" hai2="46,25,7,53,78,83,80,110,133,75,20,54,105" hai3="55,112,45,88,47,130,17,104,64,43,15,34,59"/><T44/><D0/><U49/><E117/><V135/><F105/><W102/><G112/><T58/><D36/><U23/><E124/><V32/><F32/><W11/><G34/><T9/><D122/><U70/><E70/><V126/><F126/><W6/><G130/><T129/><D129/><U72/><E72/><V18/><F7/><W39/><G64/><T4/><D73/><U13/><E13/><V30/><F110/><W128/><G128/><T35/><D35/><U95/><E95/><V2/><F2/><W106/><G47/><T71/><D71/><U65/><REACH who="1" step="1"/><E99/><REACH who="1" ten="250,240,250,250" step="2"/><V127/><F127/><W38/><G106/><T131/><D94/><U22/><E22/><V93/><F93/><W98/><G6/><T118/><D118/><U97/><E97/><V42/><F83/><W31/><G104/><T74/><D74/><U84/><E84/><V108/><F108/><W125/><G98/><T85/><D85/><U114/><E114/><V10/><F10/><W56/><G11/><T19/><D131/><U101/><AGARI ba="0,1" hai="1,3,23,26,28,48,49,51,57,63,65,92,96,101" machi="101" ten="30,7900,0" yaku="1,1,0,1,25,2,53,0" doraHai="113" doraHaiUra="120" who="1" fromWho="1" sc="250,-39,240,89,250,-20,250,-20" /><INIT seed="1,0,0,1,5,121" ten="211,329,230,230" oya="1" hai0="42,77,23,110,30,46,44,94,129,22,25,119,59" hai1="124,21,34,48,15,50,6,74,41,47,89,86,113" hai2="114,90,19,130,13,72,116,29,76,134,98,40,131" hai3="104,39,53,84,45,20,18,71,109,78,63,26,135"/><U58/><E34/><V62/><F114/><W67/><G135/><T61/><D119/><U32/><E32/><V8/><F116/><W17/><G104/><T83/><D129/><U36/><E113/><V28/><F134/><W31/><G53/><T107/><D107/><U7/><E74/><V97/><F40/><W96/><G96/><T118/><D118/><U4/><E124/><V115/><F115/><W9/><G9/><T100/><D23/><U80/><REACH who="1" step="1"/><E58/><REACH who="1" ten="211,319,230,230" step="2"/><V55/><F130/><W66/><G71/><T24/><D59/><U133/><E133/><V125/><F131/><W49/><G67/><T69/><D69/><U11/><E11/><V99/><F125/><W65/><G66/><T85/><D22/><U68/><E68/><V112/><F112/><W95/><G65/><T43/><D46/><U126/><E126/><V79/><F72/><W91/><G20/><T56/><D44/><U54/><E54/><V73/><F73/><W10/><G45/><T87/><D56/><U5/><N who="1" m="1536" /><DORA hai="38" /><U51/><E51/><V128/><F128/><W105/><G49/><T35/><D35/><U106/><E106/><V132/><F132/><W37/><G10/><T93/><D61/><U102/><E102/><V75/><F75/><W0/><G63/><T82/><D100/><U103/><E103/><V101/><F101/><W2/><G105/><T52/><D52/><U1/><E1/><V127/><F127/><W33/><G2/><T123/><D43/><U3/><E3/><V27/><F55/><W16/><G0/><T111/><D42/><U14/><E14/><RYUUKYOKU ba="0,1" sc="211,-10,319,30,230,-10,230,-10" hai1="15,21,36,41,47,48,50,80,86,89" /><INIT seed="1,1,1,4,4,122" ten="201,349,220,220" oya="1" hai0="131,65,49,11,83,14,85,104,123,78,12,113,92" hai1="53,105,51,116,112,30,130,26,95,114,106,38,35" hai2="91,108,43,58,50,102,10,20,118,94,127,110,64" hai3="69,111,135,25,33,2,47,87,73,81,45,125,82"/><U115/><E116/><V56/><F118/><W46/><G69/><T3/><D104/><U84/><E38/><V36/><F36/><W13/><G2/><T60/><D123/><U80/><E130/><V27/><F127/><W77/><G125/><T40/><D113/><U55/><E95/><V74/><F74/><W34/><G135/><T90/><D131/><U52/><REACH who="1" step="1"/><E51/><REACH who="1" ten="201,339,220,220" step="2"/><V132/><F132/><W15/><G82/><T0/><D49/><U97/><E97/><V100/><F64/><W103/><G81/><T134/><D134/><U86/><E86/><V128/><F128/><W9/><G87/><T39/><D92/><U32/><E32/><V66/><F66/><W89/><G34/><T96/><D96/><U42/><E42/><V22/><F94/><W48/><G33/><T24/><D40/><U19/><E19/><V17/><F17/><W71/><G48/><T4/><D39/><U133/><E133/><V126/><F50/><W8/><G46/><T63/><D65/><U124/><E124/><V61/><F126/><W1/><G47/><T41/><D41/><U23/><E23/><V16/><F16/><W29/><G45/><T18/><D18/><U88/><AGARI ba="1,2" hai="26,30,35,52,53,55,80,84,88,105,106,112,114,115" machi="88" ten="40,12000,1" yaku="1,1,0,1,54,2,53,1" doraHai="122" doraHaiUra="79" who="1" fromWho="1" sc="201,-41,339,143,220,-41,220,-41" /><INIT seed="1,2,0,3,1,117" ten="160,482,179,179" oya="1" hai0="2,121,79,27,134,4,40,112,113,127,118,122,55" hai1="71,16,130,91,81,5,106,100,12,6,84,87,67" hai2="0,24,92,31,19,47,75,54,99,37,93,69,82" hai3="101,50,57,26,107,131,61,13,45,23,17,95,110"/><U125/><E125/><V128/><F69/><W115/><G110/><T32/><D40/><U15/><E130/><V68/><F68/><W36/><G36/><T66/><D66/><U98/><E15/><V78/><F0/><W3/><G3/><T132/><D55/><U51/><E51/><V73/><F128/><W8/><G107/><T124/><D79/><U119/><E119/><V22/><F75/><W116/><G115/><N who="0" m="44107" /><D118/><U76/><E67/><V105/><F54/><W10/><G116/><T59/><D59/><U108/><E71/><V94/><F105/><W120/><G131/><T20/><D32/><U38/><E38/><V123/><F123/><N who="0" m="47114" /><D4/><U60/><E5/><V44/><F37/><W14/><G57/><T48/><D48/><U97/><E6/><V80/><F80/><W7/><G50/><T9/><D9/><U34/><E81/><V41/><F41/><W58/><G10/><T25/><D2/><U21/><E34/><V102/><F47/><W103/><G45/><T126/><D25/><U49/><E49/><V42/><F44/><W62/><G26/><T74/><D74/><U65/><E76/><V129/><F42/><W85/><G120/><T29/><AGARI ba="2,0" hai="20,27,29,124,126,127,132,134" m="47114,44107" machi="29" ten="40,12000,2" yaku="18,1,13,1,34,2,52,3" doraHai="117" who="0" fromWho="0" sc="160,126,482,-62,179,-32,179,-32" /><INIT seed="2,0,0,0,2,59" ten="286,420,147,147" oya="2" hai0="82,111,7,15,54,104,81,132,3,20,1,129,21" hai1="50,36,25,83,29,23,11,60,62,96,130,78,85" hai2="122,108,63,95,107,102,22,72,89,73,0,135,51" hai3="74,18,75,113,124,52,34,55,47,46,16,8,112"/><V53/><F122/><W38/><G34/><T123/><D104/><U105/><E36/><V31/><F0/><W26/><G38/><T48/><D123/><U79/><E130/><V76/><F135/><W67/><G67/><T86/><D129/><U4/><E79/><V80/><F108/><W133/><G26/><T77/><D111/><U116/><E116/><V57/><F72/><W61/><G8/><T117/><D132/><U64/><E64/><V128/><F128/><W24/><G24/><T2/><D117/><U93/><E105/><V70/><F70/><W120/><G133/><T94/><D94/><U69/><E50/><V125/><F125/><W127/><G120/><T65/><D65/><U12/><E69/><V110/><F110/><W19/><G19/><T33/><D33/><U56/><E56/><V90/><F107/><W35/><G35/><T118/><D118/><U115/><E115/><V88/><F102/><AGARI ba="0,0" hai="4,11,12,23,25,29,60,62,78,83,85,93,96,102" machi="102" ten="30,7700,0" yaku="7,1,8,1,52,2" doraHai="59" who="1" fromWho="2" sc="286,0,420,77,147,-77,147,0" /><INIT seed="3,0,0,1,3,32" ten="286,497,70,147" oya="3" hai0="55,108,6,120,5,81,127,117,96,2,121,80,77" hai1="63,125,110,89,1,12,20,70,64,43,19,102,28" hai2="69,31,13,99,103,22,36,106,113,91,18,124,112" hai3="60,122,90,107,68,65,14,135,23,29,27,44,21"/><W84/><G122/><T83/><D117/><U132/><E110/><V126/><F69/><W10/><G135/><T9/><D108/><U58/><E132/><V95/><F36/><W46/><G23/><T41/><D127/><U35/><E125/><V86/><REACH who="2" step="1"/><F31/><REACH who="2" ten="286,497,60,147" step="2"/><W0/><G107/><T111/><D111/><U4/><E70/><V17/><F17/><W76/><G76/><T87/><D120/><U61/><E19/><V45/><F45/><W52/><G44/><T82/><D121/><U3/><E28/><V25/><F25/><W15/><G46/><T118/><D118/><U59/><E59/><V104/><F104/><W71/><G71/><T97/><D41/><U100/><E58/><V37/><F37/><W8/><G29/><T115/><D115/><AGARI ba="0,1" hai="13,18,22,86,91,95,99,103,106,112,113,115,124,126" machi="115" ten="40,1300,0" yaku="1,1,53,0" doraHai="32" doraHaiUra="7" who="2" fromWho="0" sc="286,-13,497,0,60,23,147,0" /><INIT seed="4,0,0,5,0,8" ten="273,497,83,147" oya="0" hai0="126,97,118,95,79,46,78,35,40,50,16,21,133" hai1="32,60,117,129,82,92,3,37,135,22,109,104,116" hai2="67,58,0,2,106,85,39,26,108,59,77,10,15" hai3="5,96,44,102,90,119,100,75,49,1,13,33,30"/><T89/><D118/><U113/><RYUUKYOKU type="yao9" ba="0,0" sc="273,0,497,0,83,0,147,0" hai1="3,22,32,37,60,82,92,104,109,113,116,117,129,135" /><INIT seed="4,1,0,4,3,48" ten="273,497,83,147" oya="0" hai0="7,80,10,51,22,33,101,25,75,104,91,78,114" hai1="107,131,76,98,14,42,53,127,27,18,122,68,15" hai2="39,70,109,93,119,3,108,60,55,1,9,130,26" hai3="105,59,28,12,54,100,21,19,95,13,74,135,84"/><T47/><D33/><U49/><E122/><V23/><F39/><W2/><G2/><T89/><D114/><U50/><E68/><V57/><F119/><W69/><G69/><T46/><D104/><U45/><E127/><V86/><F130/><W99/><G74/><T120/><D101/><U133/><E131/><V83/><F70/><W134/><G28/><T121/><D47/><U35/><E133/><N who="3" m="50698" /><G84/><T58/><D58/><U117/><E117/><V97/><F3/><W129/><G129/><T110/><D110/><U43/><E76/><V115/><F115/><W112/><G112/><T56/><D56/><U73/><E73/><V118/><F118/><W31/><G31/><T16/><D121/><U36/><E43/><V96/><F96/><W63/><G13/><T124/><D124/><U5/><E35/><V64/><F1/><W71/><G71/><T65/><D120/><U125/><E125/><V34/><F34/><W8/><G21/><T24/><D24/><U87/><E27/><V77/><F9/><W82/><G82/><T132/><D132/><U30/><E30/><V6/><F6/><W44/><G44/><T62/><D7/><U61/><E5/><V116/><F116/><W90/><G105/><T29/><D10/><U32/><E32/><V88/><REACH who="2" step="1"/><F64/><REACH who="2" ten="273,497,73,147" step="2"/><W0/><G0/><T37/><D65/><U17/><E98/><V111/><F111/><W11/><G8/><T81/><D37/><U38/><E36/><V79/><F79/><W85/><G99/><T126/><D126/><U67/><E38/><V92/><F92/><W123/><G123/><RYUUKYOKU ba="1,1" sc="273,-15,497,-15,73,15,147,15" hai2="23,26,55,57,60,77,83,86,88,93,97,108,109" hai3="11,12,19,54,59,63,85,90,95,100" /><INIT seed="5,2,1,1,0,79" ten="258,482,88,162" oya="1" hai0="62,59,53,36,37,98,22,101,6,34,111,88,104" hai1="32,124,25,81,102,69,65,118,39,0,80,92,31" hai2="27,134,35,12,7,127,23,116,45,121,68,130,115" hai3="119,51,100,55,78,2,63,49,112,125,107,3,60"/><U133/><E118/><V19/><F68/><W75/><G119/><T73/><D34/><U47/><E0/><V74/><F116/><W14/><G125/><T33/><D33/><U17/><E124/><V28/><F127/><W95/><G107/><T30/><D111/><U40/><E133/><V18/><F121/><W64/><G112/><T9/><D73/><U54/><E69/><V91/><F74/><W24/><G2/><T43/><D43/><U85/><E65/><V71/><F71/><W120/><G3/><T117/><D117/><U90/><E102/><V106/><F106/><W20/><G120/><T44/><D44/><U5/><E5/><V110/><F110/><W123/><G123/><T72/><D72/><U58/><E17/><V105/><F105/><W89/><G100/><T77/><D77/><U46/><E46/><V113/><F134/><W1/><G1/><T48/><D62/><AGARI ba="2,1" hai="25,31,32,39,40,47,54,58,62,80,81,85,90,92" machi="62" ten="30,5800,0" yaku="7,1,52,2" doraHai="79" who="1" fromWho="0" sc="258,-64,482,74,88,0,162,0" /><INIT seed="5,3,0,4,2,16" ten="194,556,88,162" oya="1" hai0="6,47,7,13,33,19,14,112,9,49,34,5,32" hai1="69,50,25,129,81,31,116,88,18,118,134,12,115" hai2="83,105,117,86,0,104,27,29,43,60,114,40,130" hai3="44,10,87,107,77,82,64,119,22,3,123,66,101"/><U52/><E69/><V127/><F117/><W97/><G123/><T26/><D49/><U4/><E4/><V54/><F0/><W102/><G119/><T108/><D47/><U75/><E75/><V46/><F130/><W133/><G133/><T28/><D108/><U62/><E129/><V98/><F127/><W68/><G68/><T38/><D38/><U84/><E62/><V36/><F43/><W124/><G124/><T48/><D48/><U128/><E128/><V20/><F114/><W24/><G101/><T37/><D37/><U2/><E2/><V99/><F104/><W30/><REACH who="3" step="1"/><G44/><REACH who="3" ten="194,556,88,152" step="2"/><T91/><D112/><U113/><E134/><V100/><F99/><W15/><G15/><N who="0" m="7663" /><D91/><U42/><E115/><V23/><F60/><W72/><G72/><T41/><D41/><U57/><E42/><V90/><REACH who="2" step="1"/><F54/><REACH who="2" ten="194,556,78,152" step="2"/><W96/><G96/><T65/><D65/><U73/><E113/><V135/><F135/><W35/><G35/><AGARI ba="3,2" hai="5,6,7,13,14,26,28,32,33,34,35" m="7663" machi="35" ten="40,8000,1" yaku="35,5" doraHai="16" who="0" fromWho="3" sc="194,109,556,0,78,0,152,-89" /><AGARI ba="3,0" hai="20,23,27,29,35,36,40,46,83,86,90,98,100,105" machi="35" ten="30,8000,1" yaku="1,1,7,1,52,2,53,1" doraHai="16" doraHaiUra="95" who="2" fromWho="3" sc="303,0,556,0,78,80,63,-80" owari="303,10.0,556,66.0,158,-24.0,-17,-52.0" /></mjloggm>