<mjloggm ver="2.3"><GO type="43"/><UN n0="%E3%81%88%E3%81%9B%E3%81%A6%E3%81%A1" n1="%E3%83%A2%E3%83%AA%E3%82%B5" n2="%EF%BC%88%E2%89%A7%E2%96%BD%E2%89%A6%EF%BC%89" n3="%E7%A7%8B%E3%81%AE%E6%B9%96" dan="16,14,15,13" rate="2043,1885,1992,1954" sx="M,M,M,M"/><TAIKYOKU oya="0"/><INIT seed="0,0,0,3,2,46" ten="250,250,250,250" oya="0" hai0="43,97,48,36,92,54,84,130,0,85,16,76,8" hai1="118,5,62,49,1,58,45,79,93,108,44,30,52" hai2="96,11,9,20,75,63,57,82,69,128,68,74,119" hai3="32,24,98,104,113,78,23,22,90,126,114,105,61"/><T56/><D76/><U71/><E118/><V94/><F119/><W72/><G32/><T6/><D130/><U28/><E108/><V112/><F112/><W35/><G35/><T101/><REACH who="0" step="1"/><D16/><REACH who="0" ten="240,250,250,250" step="2"/><U25/><E79/><V123/><F128/><W135/><G78/><T65/><D65/><U81/><E81/><V41/><F74/><W107/><G72/><T102/><D102/><U110/><E110/><V3/><F75/><W70/><G90/><T17/><D17/><U53/><E30/><V95/><F82/><W19/><G114/><T66/><D66/><U12/><E71/><V132/><F69/><W86/><G113/><T127/><D127/><U34/><E1/><V109/><F68/><W88/><G88/><T125/><D125/><U59/><REACH who="1" step="1"/><E93/><REACH who="1" ten="240,240,250,250" step="2"/><V18/><F95/><W77/><G77/><T15/><D15/><U10/><AGARI ba="0,2" hai="5,10,12,25,28,34,44,45,49,52,53,58,59,62" machi="10" ten="30,7900,0" yaku="1,1,2,1,0,1,52,1,53,0" doraHai="46" doraHaiUra="73" who="1" fromWho="1" sc="240,-39,240,99,250,-20,250,-20" /><INIT seed="1,0,0,1,5,50" ten="201,339,230,230" oya="1" hai0="54,106,31,1,101,84,96,72,18,107,20,8,123" hai1="100,56,22,61,32,88,57,121,113,71,12,41,52" hai2="126,38,17,131,36,63,33,91,114,55,42,27,29" hai3="49,89,58,92,90,65,81,0,95,62,25,11,74"/><U134/><E121/><V69/><F131/><W76/><G0/><T102/><D72/><U94/><E32/><V75/><F126/><W105/><G11/><T86/><D123/><U14/><E134/><V70/><F75/><W68/><G105/><T117/><D117/><U109/><E109/><V3/><F3/><W82/><G25/><T73/><D73/><U110/><E113/><V80/><F114/><W130/><G130/><T125/><D125/><U132/><E132/><V6/><F6/><W112/><G112/><T97/><D31/><U66/><E110/><V120/><F120/><W108/><G108/><T24/><REACH who="0" step="1"/><D54/><REACH who="0" ten="191,339,230,230" step="2"/><U99/><E41/><V4/><F55/><N who="3" m="32111" /><G74/><T104/><D104/><U34/><E34/><V51/><F42/><W116/><G116/><T26/><D26/><U103/><E71/><V37/><F69/><W83/><G68/><T44/><D44/><U135/><E135/><V93/><F70/><W127/><G127/><T60/><D60/><N who="1" m="35847" /><E12/><V115/><F33/><W23/><G62/><T85/><D85/><U87/><E87/><V46/><F63/><W10/><G76/><T98/><D98/><U64/><E64/><V28/><F29/><W13/><G65/><T39/><D39/><U59/><E59/><V48/><F37/><W111/><G111/><T35/><D35/><U122/><E122/><V2/><F38/><W19/><G81/><T118/><D118/><U40/><E40/><N who="2" m="24647" /><F36/><W78/><G82/><T5/><AGARI ba="0,1" hai="1,5,8,18,20,24,84,86,96,97,101,102,106,107" machi="5" ten="30,4000,0" yaku="1,1,0,1,9,1,53,0" doraHai="50" doraHaiUra="9" who="0" fromWho="0" sc="191,50,339,-20,230,-10,230,-10" /><INIT seed="2,0,0,0,0,119" ten="241,319,220,220" oya="2" hai0="96,47,30,79,118,125,106,51,44,28,65,55,49" hai1="116,120,35,74,68,123,70,71,27,100,93,63,126" hai2="58,103,40,7,25,45,85,16,48,105,21,132,54" hai3="127,108,17,117,60,59,67,95,94,97,78,43,34"/><V18/><F132/><W13/><G117/><T36/><D36/><U90/><E74/><V99/><F7/><W62/><G108/><T134/><D134/><U37/><E116/><V87/><REACH who="2" step="1"/><F16/><REACH who="2" ten="241,319,210,220" step="2"/><W72/><G17/><T110/><D118/><U107/><E126/><V89/><F89/><W39/><G127/><T129/><D125/><U57/><E37/><AGARI ba="0,1" hai="18,21,25,37,40,45,48,54,58,85,87,99,103,105" machi="37" ten="30,5800,0" yaku="1,1,7,1,53,1" doraHai="119" doraHaiUra="98" who="2" fromWho="1" sc="241,0,319,-58,210,68,220,0" /><INIT seed="2,1,0,0,4,56" ten="241,261,278,220" oya="2" hai0="29,109,46,78,25,47,14,115,39,70,92,33,129" hai1="49,24,116,31,57,74,65,58,3,66,30,124,8" hai2="100,61,7,36,51,32,118,76,85,34,110,42,107" hai3="68,38,2,0,48,1,52,81,21,77,72,27,98"/><V43/><F118/><W130/><G68/><T26/><D115/><U45/><E74/><V114/><F114/><W62/><G130/><T117/><D39/><U103/><E124/><V60/><F36/><W135/><G38/><T133/><D109/><U123/><E116/><V15/><F110/><W84/><G135/><T95/><D70/><U16/><E123/><V23/><F107/><W80/><G98/><T122/><D122/><U40/><E103/><V91/><F100/><W50/><G48/><T132/><D129/><U128/><E128/><V75/><F32/><W119/><G119/><T41/><D117/><U131/><E131/><V108/><F34/><W90/><G50/><T73/><D14/><N who="1" m="7239" /><E3/><V17/><F108/><W88/><G88/><T87/><D26/><U93/><E93/><N who="0" m="35913" /><D41/><N who="2" m="15370" /><F75/><W120/><G120/><T20/><D73/><U86/><E86/><V64/><F76/><W82/><G82/><N who="0" m="47575" /><D33/><U99/><E99/><V89/><F85/><W12/><G12/><T104/><D104/><U101/><E101/><V126/><F126/><W127/><G127/><T125/><D125/><U22/><E31/><V9/><F51/><W53/><G21/><T83/><D83/><U134/><E134/><AGARI ba="1,0" hai="20,25,29,46,47,132,133,134" m="47575,35913" machi="134" ten="30,1000,0" yaku="20,1" doraHai="56" who="0" fromWho="1" sc="241,13,261,-13,278,0,220,0" /><INIT seed="3,0,0,2,0,42" ten="254,248,278,220" oya="3" hai0="133,121,86,131,39,46,8,20,56,91,49,78,125" hai1="73,34,47,59,37,135,40,75,29,17,82,65,111" hai2="1,116,79,123,88,19,113,3,21,57,84,115,106" hai3="89,24,117,10,22,63,41,76,93,66,72,9,108"/><W92/><G117/><T38/><D121/><U129/><E111/><V122/><F106/><W74/><G108/><T30/><D78/><U103/><E129/><V54/><F79/><W0/><G41/><T77/><D77/><U81/><E135/><V43/><F43/><W119/><G119/><T52/><D125/><U36/><E36/><V61/><F116/><W7/><G10/><T25/><D131/><U33/><E103/><V68/><F68/><W13/><G0/><N who="2" m="73" /><F88/><W100/><G100/><T14/><D133/><U11/><E34/><V51/><F84/><W134/><G134/><T48/><D48/><U16/><E16/><V5/><F61/><W130/><G130/><T32/><D32/><U87/><E82/><V23/><F5/><W96/><G93/><T35/><D35/><U70/><E70/><V109/><F109/><W12/><G12/><T126/><D126/><U45/><E33/><V85/><F85/><W112/><G112/><N who="2" m="43081" /><F19/><W58/><REACH who="3" step="1"/><G76/><REACH who="3" ten="254,248,278,210" step="2"/><T44/><D39/><U28/><E75/><V64/><F123/><W80/><G80/><N who="0" m="49607" /><D38/><U55/><E73/><V53/><F122/><W104/><G104/><T97/><D97/><U102/><E81/><V114/><F114/><W95/><G95/><T98/><D98/><U94/><E87/><V107/><F107/><W62/><G62/><T50/><D50/><N who="1" m="29135" /><E11/><V71/><F51/><W18/><AGARI ba="0,1" hai="7,9,13,18,22,24,58,63,66,72,74,89,92,96" machi="18" ten="20,7800,0" yaku="1,1,0,1,7,1,53,1" doraHai="42" doraHaiUra="15" who="3" fromWho="3" sc="254,-26,248,-26,278,-26,210,88" /><INIT seed="3,1,0,4,5,40" ten="228,222,252,298" oya="3" hai0="4,39,93,86,105,12,121,124,108,3,46,1,132" hai1="133,101,97,59,16,54,95,20,115,11,83,87,44" hai2="70,45,125,77,100,111,122,118,123,56,134,65,66" hai3="75,131,110,73,72,92,31,9,7,34,32,107,30"/><W50/><G131/><T81/><D105/><U94/><E115/><V84/><F100/><W8/><G110/><T58/><D121/><N who="2" m="46090" /><F77/><W82/><G107/><T53/><D108/><U78/><E133/><V71/><F84/><W117/><G117/><T14/><D124/><U126/><E126/><V98/><F98/><W64/><G64/><N who="2" m="24681" /><F125/><W17/><G92/><T119/><D93/><U109/><E109/><V27/><F27/><W96/><G96/><T42/><D132/><U102/><E102/><V2/><F2/><W33/><G17/><T24/><D24/><U49/><E95/><V38/><F111/><W63/><G63/><T13/><D4/><U106/><E106/><V113/><F134/><W47/><G82/><T85/><D119/><U128/><E128/><V89/><F89/><W35/><N who="3" m="8192" /><DORA hai="129" /><W60/><G60/><T25/><D25/><U68/><E68/><N who="2" m="26155" /><F118/><W57/><G9/><T112/><D85/><U91/><E11/><V0/><F0/><W26/><G8/><T23/><D1/><U55/><E101/><V99/><F99/><W74/><G7/><T135/><D3/><U80/><E80/><V130/><F130/><W43/><G30/><T62/><D135/><U61/><E16/><V52/><F113/><W90/><G90/><N who="0" m="51535" /><D112/><U51/><E20/><V19/><F19/><W88/><G88/><T21/><D21/><U79/><E79/><V67/><N who="2" m="24689" /><V104/><DORA hai="103" /><F104/><W114/><G114/><T18/><D23/><U120/><E120/><V6/><F6/><W37/><N who="3" m="18432" /><DORA hai="76" /><W10/><G10/><T48/><D18/><RYUUKYOKU ba="1,0" sc="228,15,222,15,252,-15,298,-15" hai0="12,13,14,39,42,46,48,53,58,62" hai1="44,49,51,54,55,59,61,78,83,87,91,94,97" /><INIT seed="4,2,0,1,2,84" ten="243,237,237,283" oya="0" hai0="32,65,23,4,109,37,40,96,133,10,2,30,60" hai1="132,1,16,72,74,57,46,64,3,9,14,127,61" hai2="103,88,69,86,5,87,52,18,114,112,83,28,21" hai3="63,73,77,97,68,13,29,100,56,131,130,42,93"/><T78/><D133/><U35/><E132/><V95/><F69/><W125/><G68/><T121/><D121/><U38/><E127/><V11/><F28/><W85/><G42/><T126/><D126/><U53/><E35/><V39/><F39/><W8/><G29/><T107/><D78/><U41/><REACH who="1" step="1"/><E64/><REACH who="1" ten="243,227,237,283" step="2"/><V99/><F114/><W119/><G119/><T19/><D32/><U31/><E31/><V113/><F112/><W110/><G110/><T108/><D30/><U118/><E118/><V70/><F113/><W67/><G125/><T102/><D108/><U47/><E47/><V124/><F124/><W33/><G33/><T45/><D109/><U58/><E58/><V49/><F70/><W7/><G73/><AGARI ba="2,1" hai="1,3,9,14,16,38,41,46,53,57,61,72,73,74" machi="73" ten="40,1300,0" yaku="1,1,53,0" doraHai="84" doraHaiUra="44" who="1" fromWho="3" sc="243,0,227,29,237,0,283,-19" /><INIT seed="5,0,0,0,4,91" ten="243,256,237,264" oya="1" hai0="23,73,28,64,21,127,52,112,105,78,59,66,93" hai1="69,121,65,122,113,84,2,3,130,32,106,115,74" hai2="134,96,54,76,99,39,27,45,16,36,123,56,50" hai3="10,85,17,71,92,68,20,135,118,133,61,70,15"/><U34/><E106/><V35/><F123/><W12/><G118/><T128/><D105/><U0/><E74/><V94/><F134/><W46/><G46/><T104/><D104/><U4/><E84/><V80/><F99/><W95/><G85/><T7/><D112/><N who="1" m="43083" /><E65/><V14/><F45/><W41/><G41/><T75/><D7/><U26/><E69/><V53/><F53/><W25/><G61/><T102/><D75/><U55/><E55/><V22/><F35/><N who="1" m="13353" /><E130/><V62/><F50/><W98/><G98/><T120/><D120/><N who="1" m="46187" /><E26/><V47/><F47/><W67/><G67/><T126/><D128/><U88/><E88/><V103/><REACH who="2" step="1"/><F27/><REACH who="2" ten="243,256,227,264" step="2"/><W6/><REACH who="3" step="1"/><G15/><REACH who="3" ten="243,256,227,254" step="2"/><T108/><D52/><U124/><E124/><V89/><F89/><W101/><G101/><T42/><D127/><U13/><E13/><V83/><F83/><W131/><G131/><T109/><D126/><U72/><E72/><AGARI ba="0,2" hai="14,16,22,36,39,54,56,62,72,76,80,94,96,103" machi="72" ten="30,7700,0" yaku="1,1,7,1,52,1,53,1" doraHai="91" doraHaiUra="79" who="2" fromWho="1" sc="243,0,256,-77,227,97,254,0" /><INIT seed="6,0,0,5,4,57" ten="243,179,324,254" oya="2" hai0="34,1,16,81,96,33,65,51,44,133,69,48,67" hai1="15,5,40,62,122,107,77,4,56,118,109,61,55" hai2="92,46,91,111,53,12,32,20,36,93,9,135,132" hai3="75,88,0,8,128,64,25,28,82,31,105,94,49"/><V102/><F32/><W39/><G128/><T35/><D1/><U73/><E118/><V117/><F117/><W30/><G105/><T129/><D133/><N who="2" m="51274" /><F111/><W119/><G119/><T106/><D129/><U90/><E109/><V22/><F102/><W23/><G39/><T87/><D16/><U125/><E122/><V116/><F116/><W86/><G64/><T99/><D106/><U41/><E107/><V89/><F36/><W68/><G68/><T97/><D69/><U7/><E125/><V66/><F66/><W85/><G75/><T52/><REACH who="0" step="1"/><D51/><REACH who="0" ten="233,179,324,254" step="2"/><U114/><E114/><V134/><F134/><W98/><G49/><T104/><D104/><U45/><E73/><V37/><F37/><W74/><G74/><T126/><D126/><U120/><E120/><V83/><F83/><W78/><G0/><T27/><D27/><U123/><E123/><V71/><F71/><W100/><REACH who="3" step="1"/><G8/><REACH who="3" ten="233,179,324,244" step="2"/><T113/><D113/><U19/><E77/><AGARI ba="0,2" hai="33,34,35,44,48,52,65,67,77,81,87,96,97,99" machi="77" ten="50,6400,0" yaku="1,1,53,2" doraHai="57" doraHaiUra="63" who="0" fromWho="1" sc="233,84,179,-64,324,0,244,0" /><INIT seed="7,0,0,3,0,24" ten="317,115,324,244" oya="3" hai0="75,80,106,114,67,68,92,35,46,50,134,104,123" hai1="21,135,56,128,29,1,129,74,55,100,8,122,31" hai2="121,58,11,40,113,52,71,86,12,41,97,98,130" hai3="30,110,76,78,83,132,95,51,70,120,79,44,65"/><W127/><G120/><T15/><D123/><U73/><E122/><V6/><F71/><W16/><G70/><T4/><D134/><U90/><E135/><V109/><F109/><W84/><G65/><T0/><D0/><U94/><E100/><V38/><F121/><W69/><G69/><T96/><D35/><U17/><E74/><V10/><F130/><W115/><G110/><T25/><D25/><U89/><E73/><V26/><F113/><W103/><G115/><T61/><D114/><U111/><E111/><V36/><F36/><W39/><G39/><T82/><D4/><U13/><E89/><V23/><F86/><W87/><G127/><T101/><D15/><U20/><E20/><V57/><F11/><W117/><G117/><T3/><D3/><U131/><E1/><V66/><F66/><W49/><G16/><T27/><D27/><U62/><REACH who="1" step="1"/><E8/><REACH who="1" ten="317,105,324,244" step="2"/><V85/><F10/><W34/><G132/><T14/><D75/><U54/><E54/><V63/><F52/><N who="3" m="29735" /><G103/><T133/><D133/><U108/><E108/><V93/><F23/><W119/><G119/><T124/><D124/><U105/><E105/><V47/><F40/><W48/><G78/><T37/><D106/><U126/><E126/><V53/><F53/><W33/><G76/><T45/><D104/><U18/><E18/><V116/><F41/><W112/><G112/><T28/><D101/><U59/><E59/><V32/><F57/><W99/><G34/><T125/><D125/><U43/><E43/><N who="2" m="23031" /><F116/><W9/><G9/><T64/><D68/><U72/><E72/><V22/><F32/><RYUUKYOKU ba="0,1" sc="317,-10,105,30,324,-10,244,-10" hai1="13,17,21,29,31,55,56,62,90,94,128,129,131" owari="307,11.0,135,-36.0,324,42.0,234,-17.0" /></mjloggm>