<mjloggm ver="2.3"><GO type="169"/><UN n0="%E5%AD%90%E7%AB%9C%EF%BC%90%EF%BC%93%EF%BC%90%EF%BC%98" n1="%EF%BC%91%E4%BD%8D%E3%81%AA%E3%82%89%E5%83%8D%E3%81%8F" n2="%E3%81%94%E3%81%98%E3%82%83%E3%82%8B" n3="%EF%BC%88%E2%89%A7%E2%96%BD%E2%89%A6%EF%BC%89" dan="16,16,16,16" rate="2056,2175,2116,2094" sx="M,F,M,M"/><TAIKYOKU oya="0"/><INIT seed="0,0,0,0,4,129" ten="250,250,250,250" oya="0" hai0="19,35,82,74,72,113,131,76,132,68,106,78,115" hai1="70,25,121,32,10,93,124,80,18,11,126,36,133" hai2="69,128,73,90,44,54,94,50,109,122,92,97,2" hai3="8,120,85,55,48,49,114,33,42,112,1,66,23"/><T108/><D19/><U15/><E70/><V111/><F69/><W53/><G33/><T101/><D35/><U130/><E36/><V39/><F128/><W102/><G102/><T46/><D46/><U99/><E130/><V104/><F104/><W9/><G85/><T27/><D27/><U83/><E121/><V17/><F73/><W5/><G42/><T98/><D68/><U127/><E11/><V105/><F105/><W103/><G103/><T67/><D67/><U107/><E107/><V118/><F122/><W43/><G43/><T22/><D22/><U59/><E59/><V63/><F63/><W14/><G66/><T34/><D34/><U79/><E79/><V3/><F39/><W116/><G120/><T71/><D71/><U47/><E47/><V62/><F62/><W57/><G23/><T45/><D45/><U117/><E117/><V7/><F118/><W100/><G100/><T6/><D6/><U30/><E133/><V134/><F134/><W61/><G116/><T91/><D131/><U81/><E93/><V60/><F60/><W0/><G61/><T40/><D40/><U64/><E99/><V96/><F17/><W95/><G95/><T4/><D4/><U77/><E77/><N who="0" m="29801" /><D132/><U24/><E24/><V28/><F28/><W125/><G0/><T31/><D31/><U123/><E123/><V37/><F37/><W88/><G1/><N who="2" m="9" /><F7/><W87/><G9/><T56/><D56/><U13/><E64/><V41/><F41/><W21/><G5/><T135/><D135/><U75/><E15/><V20/><F20/><W51/><G21/><RYUUKYOKU ba="0,0" sc="250,-15,250,15,250,15,250,-15" hai1="10,13,18,25,30,32,75,80,81,83,124,126,127" hai2="44,50,54,90,92,94,96,97,109,111" /><INIT seed="1,1,0,2,4,128" ten="235,265,265,235" oya="1" hai0="14,2,80,44,23,32,87,93,84,36,72,57,89" hai1="16,74,30,35,126,59,79,46,98,116,64,132,99" hai2="8,77,56,63,119,10,18,34,107,108,53,3,12" hai3="134,1,0,100,94,40,115,5,24,86,21,70,127"/><U20/><E116/><V54/><F119/><W73/><G73/><T66/><D72/><U105/><E126/><V120/><F34/><W88/><G70/><T25/><D32/><U92/><E105/><V103/><F120/><W41/><G115/><T60/><D2/><U33/><E30/><V90/><F77/><W78/><G127/><T131/><D131/><U22/><E22/><V75/><F75/><W109/><G109/><T27/><D36/><U101/><E46/><V31/><F31/><W52/><G78/><T82/><D44/><U113/><E98/><V122/><F108/><W6/><G100/><T111/><D111/><U38/><E38/><V110/><F110/><W4/><G134/><T37/><D37/><U91/><E132/><V114/><F122/><W19/><REACH who="3" step="1"/><G52/><REACH who="3" ten="235,265,265,225" step="2"/><T49/><D49/><U68/><E101/><V61/><F114/><W96/><G96/><T125/><D125/><U7/><E68/><V83/><F103/><W117/><G117/><T121/><D121/><U62/><E113/><V112/><F112/><W124/><G124/><T43/><D43/><AGARI ba="1,1" hai="0,1,4,5,6,19,21,24,40,41,43,86,88,94" machi="43" ten="40,2600,0" yaku="1,1,54,1,53,0" doraHai="128" doraHaiUra="26" who="3" fromWho="0" sc="235,-29,265,0,265,0,225,39" /><INIT seed="2,0,0,5,5,10" ten="206,265,265,264" oya="2" hai0="9,95,5,0,114,59,134,91,28,17,27,84,76" hai1="19,79,3,11,98,78,118,51,94,25,129,122,102" hai2="109,115,112,2,111,100,125,22,29,66,107,50,120" hai3="46,61,41,135,70,85,62,42,44,4,39,45,49"/><V6/><F66/><N who="3" m="41295" /><G4/><T104/><D104/><U57/><E118/><V38/><F38/><N who="3" m="21591" /><G85/><T71/><D71/><U35/><E129/><V53/><F107/><W33/><G33/><T106/><D106/><U82/><E122/><V87/><F100/><W7/><G7/><T128/><D128/><U31/><E3/><V68/><F68/><W40/><G135/><T47/><D134/><U96/><E96/><V8/><F120/><W58/><G58/><T36/><D59/><U81/><E82/><V83/><F29/><W80/><G80/><T54/><D76/><U89/><E81/><V117/><F22/><W69/><G69/><T124/><D17/><U121/><E102/><V18/><F18/><W77/><G77/><T23/><D114/><U93/><E93/><V1/><F1/><W32/><G32/><T64/><D64/><U119/><E121/><V48/><F117/><W126/><G126/><T21/><D124/><U75/><E119/><V123/><F123/><W131/><G131/><T73/><D23/><U65/><E75/><V12/><F2/><W92/><G92/><T60/><D60/><AGARI ba="0,0" hai="39,40,41,45,46,49,60,62" m="21591,41295" machi="60" ten="30,8000,1" yaku="35,5" doraHai="10" who="3" fromWho="0" sc="206,-80,265,0,265,0,264,80" /><INIT seed="3,0,0,1,4,108" ten="126,265,265,344" oya="3" hai0="82,89,129,36,59,43,93,46,32,133,10,54,127" hai1="15,95,33,40,62,96,37,128,111,103,2,113,55" hai2="83,87,49,11,134,70,77,9,26,58,65,52,80" hai3="63,24,31,122,101,45,78,131,27,75,25,132,23"/><W86/><G122/><T6/><D32/><U72/><E2/><V60/><F134/><W81/><G132/><T106/><D133/><U120/><E120/><V115/><F115/><W118/><G118/><T100/><D129/><U98/><E72/><V7/><F7/><W56/><G131/><T17/><D82/><U21/><E33/><V90/><REACH who="2" step="1"/><F26/><REACH who="2" ten="126,265,255,344" step="2"/><W73/><G101/><T44/><D127/><U4/><E113/><V3/><F3/><W28/><G25/><T112/><D112/><U39/><E103/><V51/><F51/><W116/><G116/><T61/><D100/><U42/><E128/><V0/><F0/><W20/><REACH who="3" step="1"/><G45/><REACH who="3" ten="126,265,255,334" step="2"/><T35/><D46/><U104/><E111/><V53/><F53/><AGARI ba="0,2" hai="20,23,24,27,28,31,53,56,63,73,75,78,81,86" machi="53" ten="30,18000,2" yaku="1,1,2,1,7,1,9,1,53,2" doraHai="108" doraHaiUra="105" who="3" fromWho="2" sc="126,0,265,0,255,-180,334,200" /><INIT seed="3,1,0,3,0,62" ten="126,265,75,534" oya="3" hai0="67,69,48,108,114,113,9,119,46,124,22,78,87" hai1="38,56,2,70,73,39,110,27,17,132,21,123,43" hai2="93,6,81,28,45,79,97,44,8,128,100,50,130" hai3="19,60,33,68,82,84,54,72,5,15,106,34,51"/><W25/><G106/><T4/><D119/><U83/><E73/><V99/><F28/><W125/><G72/><T131/><D131/><U91/><E123/><V36/><F36/><W116/><G116/><T11/><D124/><U53/><E70/><V94/><F130/><W42/><G125/><T0/><D108/><U77/><E2/><V49/><F128/><W14/><G33/><T133/><D133/><U76/><E132/><V104/><F104/><W134/><G134/><T12/><D22/><U107/><E107/><V64/><F81/><W31/><G42/><T37/><D37/><U74/><E110/><V96/><F79/><W32/><G32/><T41/><D69/><U86/><E43/><V88/><F99/><W126/><G5/><N who="0" m="3183" /><D67/><U92/><E76/><V10/><F64/><W118/><G118/><T109/><D109/><U122/><E122/><V80/><F80/><AGARI ba="1,0" hai="0,4,9,41,46,48,78,80,87,113,114" m="3183" machi="80" ten="30,1000,0" yaku="25,1" doraHai="62" who="0" fromWho="2" sc="126,13,265,0,75,-13,534,0" /><INIT seed="4,0,0,0,5,34" ten="139,265,62,534" oya="0" hai0="35,95,69,15,16,24,100,51,3,5,42,62,63" hai1="113,26,104,6,92,116,84,46,37,54,127,128,58" hai2="25,66,30,73,0,41,134,22,75,132,65,90,36" hai3="114,39,88,11,1,106,29,130,43,74,68,107,82"/><T98/><D69/><U7/><E104/><V40/><F90/><W56/><G56/><T2/><D5/><U13/><E116/><V94/><F94/><W28/><G68/><T18/><D18/><U118/><E118/><V55/><F55/><W49/><G49/><T52/><D42/><U76/><E58/><V111/><F111/><W115/><G130/><T9/><D63/><U131/><E46/><V64/><F36/><W129/><G129/><T14/><D62/><U12/><E37/><V123/><F123/><W57/><G57/><T83/><D15/><U110/><E84/><V4/><F41/><W87/><G74/><T33/><D83/><U32/><E76/><V47/><F47/><N who="3" m="24063" /><G29/><T8/><D8/><U79/><E54/><V99/><F99/><W135/><G28/><T91/><D100/><U86/><E79/><V93/><F93/><W80/><G80/><T31/><D35/><U81/><E92/><V50/><F50/><W120/><G120/><T45/><AGARI ba="0,0" hai="2,3,9,14,16,24,31,33,45,51,52,91,95,98" machi="45" ten="20,18000,2" yaku="0,1,7,1,52,2,54,2" doraHai="34" who="0" fromWho="0" sc="139,180,265,-60,62,-60,534,-60" /><INIT seed="4,1,0,1,4,36" ten="319,205,2,474" oya="0" hai0="94,100,95,116,84,89,32,25,26,122,61,4,129" hai1="120,42,45,69,55,76,51,17,91,67,47,16,12" hai2="46,30,111,57,81,106,10,85,20,27,71,88,38" hai3="44,73,50,18,86,72,2,6,126,113,14,92,21"/><T99/><D122/><U15/><E120/><V128/><F71/><W52/><G113/><T19/><D116/><U74/><E74/><V124/><F111/><W96/><G126/><T132/><D132/><U130/><E76/><V37/><F106/><W3/><G86/><T1/><D129/><U66/><E130/><V35/><F128/><W135/><G135/><T90/><D61/><U112/><E69/><V33/><F124/><W70/><G70/><T63/><D63/><U22/><E91/><V123/><F123/><W83/><G83/><T39/><D39/><U65/><E112/><V29/><F35/><W118/><G118/><T77/><D77/><U133/><E133/><V101/><F101/><W78/><G78/><T56/><D56/><U87/><E87/><V79/><F10/><W41/><G2/><T98/><D32/><U28/><E28/><V80/><F30/><W125/><G125/><T9/><D19/><U60/><E60/><V0/><F0/><W127/><G127/><T97/><D97/><U59/><REACH who="1" step="1"/><E42/><REACH who="1" ten="319,195,2,474" step="2"/><V110/><F110/><W82/><G72/><T107/><AGARI ba="1,1" hai="1,4,9,25,26,84,89,90,94,95,98,99,100,107" machi="107" ten="20,2100,0" yaku="0,1,7,1" doraHai="36" who="0" fromWho="0" sc="319,34,195,-8,2,-8,474,-8" owari="353,15.0,187,-21.0,-6,-51.0,466,57.0" /></mjloggm>