<mjloggm ver="2.3"><GO type="41"/><UN n0="%E3%83%9A%E3%83%BC%E3%83%81%E3%83%A3%E3%83%B3" n1="%EF%BC%88%E2%89%A7%E2%96%BD%E2%89%A6%EF%BC%89" n2="%73%73%73%73%69" n3="%6E%6F%63%74" dan="14,15,14,14" rate="1935,2000,1934,2148" sx="M,M,M,M"/><TAIKYOKU oya="0"/><INIT seed="0,0,0,0,4,25" ten="250,250,250,250" oya="0" hai0="37,60,77,12,44,22,6,57,5,15,90,61,114" hai1="45,54,92,48,18,20,104,87,21,3,128,68,127" hai2="111,35,112,119,26,123,13,129,81,78,125,95,121" hai3="115,122,91,24,49,98,8,33,4,79,47,109,108"/><T72/><D114/><U120/><E104/><V85/><F13/><W31/><G115/><T46/><D37/><U110/><E68/><V64/><F64/><W116/><G116/><T11/><D72/><U10/><E120/><N who="2" m="46155" /><F26/><W105/><G122/><T14/><D77/><U73/><E73/><N who="2" m="43215" /><F35/><W88/><G79/><T55/><D90/><N who="1" m="53343" /><E3/><V52/><F52/><N who="3" m="29759" /><G98/><T19/><REACH who="0" step="1"/><D61/><REACH who="0" ten="240,250,250,250" step="2"/><U80/><E128/><V23/><F129/><W126/><G105/><T67/><D67/><U107/><E107/><V134/><F119/><W34/><G34/><T0/><D0/><U124/><E124/><V38/><F125/><W71/><G126/><T39/><D39/><U59/><E127/><V30/><F38/><W32/><G32/><T103/><D103/><U70/><E48/><V106/><F112/><W58/><G71/><T17/><D17/><U41/><E18/><V96/><F85/><W29/><G29/><T63/><D63/><U16/><E70/><V102/><F30/><W7/><G7/><T9/><AGARI ba="0,1" hai="5,6,9,11,12,14,15,19,22,44,46,55,57,60" machi="9" ten="30,11700,0" yaku="1,1,0,1,9,1,8,1,53,0" doraHai="25" doraHaiUra="131" who="0" fromWho="0" sc="240,127,250,-39,250,-39,250,-39" /><INIT seed="0,1,0,4,2,23" ten="367,211,211,211" oya="0" hai0="20,82,134,17,77,54,51,126,127,79,14,37,107" hai1="123,104,67,116,135,33,59,11,48,6,110,22,124" hai2="118,80,56,38,29,74,117,69,132,96,57,112,45" hai3="30,52,40,35,103,66,47,1,41,91,119,71,55"/><T109/><D107/><U113/><E104/><V60/><F112/><W5/><G119/><T83/><D37/><U98/><E98/><V89/><F69/><W115/><G115/><T81/><D134/><U63/><E113/><V122/><F132/><W73/><G73/><T58/><REACH who="0" step="1"/><D109/><REACH who="0" ten="357,211,211,211" step="2"/><U111/><E110/><V12/><F122/><W36/><G36/><T72/><D72/><U120/><E135/><V28/><F74/><W86/><G41/><T101/><D101/><U46/><E111/><V10/><F38/><W76/><G103/><T92/><D92/><U114/><E114/><V129/><F118/><W133/><G40/><T26/><D26/><U25/><E25/><V130/><F117/><W97/><G133/><T4/><D4/><U0/><E6/><V95/><F130/><W64/><G5/><T9/><D9/><U68/><E11/><V34/><F129/><W43/><G43/><T16/><D16/><U18/><E18/><V106/><F10/><W87/><G30/><T84/><D84/><U32/><E120/><V131/><F29/><W49/><G86/><T50/><D50/><U24/><E123/><V19/><F95/><W15/><G87/><T102/><D102/><U8/><E8/><V75/><F106/><W125/><G49/><T121/><D121/><U21/><E48/><V2/><F28/><W93/><G93/><T99/><D99/><U62/><E116/><V85/><F131/><W88/><G97/><T70/><D70/><U3/><E68/><V100/><F96/><W53/><G71/><T31/><D31/><U65/><E33/><RYUUKYOKU ba="1,1" sc="357,30,211,-10,211,-10,211,-10" hai0="14,17,20,51,54,58,77,79,81,82,83,126,127" /><INIT seed="0,2,1,4,0,30" ten="387,201,201,201" oya="0" hai0="93,18,64,10,74,128,132,78,89,79,108,6,19" hai1="127,21,50,11,42,129,115,110,105,97,17,20,81" hai2="111,16,76,39,95,63,13,90,44,123,27,1,92" hai3="40,75,4,54,43,32,46,103,8,134,36,100,113"/><T37/><D37/><U98/><E129/><V68/><F123/><W31/><G113/><T61/><D128/><U125/><E115/><V65/><F1/><W73/><G134/><T24/><D132/><U12/><E110/><V28/><F111/><W84/><G54/><T80/><D79/><U85/><E42/><V49/><F76/><W2/><G84/><T5/><D5/><U62/><E62/><V133/><F90/><W45/><G100/><T91/><D24/><U14/><E50/><V131/><F39/><W23/><G23/><N who="1" m="8778" /><E12/><V35/><F133/><W55/><G55/><T106/><D89/><N who="1" m="51375" /><E105/><V0/><F0/><W58/><G103/><T41/><D106/><U26/><E26/><V118/><F118/><W109/><G58/><T69/><D41/><U29/><E29/><V57/><F131/><W122/><G109/><T83/><D83/><U87/><E87/><V9/><REACH who="2" step="1"/><F68/><REACH who="2" ten="387,201,191,201" step="2"/><W86/><G122/><T116/><D116/><U112/><E112/><V25/><F25/><N who="3" m="18543" /><G86/><T34/><D108/><U15/><E15/><V72/><F72/><W71/><G71/><T101/><D74/><U70/><E70/><V77/><F77/><W60/><G73/><T126/><D78/><U22/><E11/><V66/><F66/><W56/><G75/><T99/><D69/><U119/><E119/><V48/><F48/><W124/><G36/><T102/><D64/><U94/><E98/><V47/><F47/><W33/><G2/><T120/><D99/><U67/><E67/><V114/><F114/><W88/><G45/><T130/><D130/><U7/><E127/><RYUUKYOKU ba="2,2" sc="387,-10,201,-10,191,30,201,-10" hai2="9,13,16,27,28,35,44,49,57,63,65,92,95" /><INIT seed="1,3,2,3,4,112" ten="377,191,221,191" oya="1" hai0="95,87,61,47,127,81,96,133,27,45,37,103,97" hai1="21,134,31,115,84,34,32,120,55,69,130,11,126" hai2="64,20,50,38,86,14,8,128,16,9,73,43,53" hai3="1,88,19,102,129,2,99,44,117,116,5,58,74"/><U79/><E120/><V3/><F73/><W119/><G129/><T46/><D37/><U7/><E115/><V22/><F128/><W35/><G35/><N who="1" m="13354" /><E55/><V108/><F64/><W93/><G74/><T100/><D133/><U70/><E79/><V123/><F123/><W118/><N who="3" m="29696" /><DORA hai="78" /><W28/><G28/><T66/><D27/><N who="1" m="16879" /><E84/><V25/><F108/><W121/><G121/><T85/><D127/><U60/><E60/><V48/><F38/><W0/><G19/><T54/><D54/><U132/><E126/><V39/><F86/><N who="3" m="52375" /><G44/><T41/><D41/><U101/><E101/><V56/><F43/><W51/><G51/><T71/><REACH who="0" step="1"/><D81/><REACH who="0" ten="367,191,221,191" step="2"/><U98/><E130/><V72/><F39/><W106/><G58/><T122/><D122/><U57/><E57/><V104/><F56/><W29/><G29/><T89/><D89/><U124/><E124/><V83/><F50/><W33/><G33/><T23/><D23/><U113/><E113/><V131/><F48/><W12/><G12/><T65/><D65/><U63/><E69/><V13/><F14/><W90/><G90/><T77/><D77/><U10/><E70/><V110/><F13/><W6/><AGARI ba="3,3" hai="0,1,2,5,6,99,102,106" m="52375,29696" machi="6" ten="70,12000,2" yaku="12,1,52,4,54,1" doraHai="112,78" who="3" fromWho="3" sc="367,-33,191,-63,221,-33,191,159" /><INIT seed="2,0,0,3,3,110" ten="334,128,188,350" oya="2" hai0="9,3,104,102,46,79,41,84,30,114,66,40,109" hai1="121,113,131,45,112,96,98,31,90,123,11,85,20" hai2="37,91,126,65,128,101,134,0,14,26,119,53,4" hai3="73,21,17,72,8,117,71,39,116,105,70,125,87"/><V48/><F119/><W124/><G105/><T19/><D109/><U52/><E131/><V5/><F37/><W50/><G8/><T120/><D120/><N who="1" m="46155" /><E11/><V44/><F128/><W47/><G39/><T13/><D3/><U32/><E32/><V97/><F0/><W92/><G92/><T88/><D79/><U78/><E78/><V122/><F134/><W94/><G94/><T42/><D66/><U36/><E31/><V24/><F122/><W7/><G7/><N who="2" m="2633" /><F126/><W49/><G87/><T60/><D60/><U133/><E20/><V69/><F69/><W83/><G83/><T63/><D30/><U67/><E67/><V106/><F106/><W64/><G64/><T2/><D63/><U93/><E133/><V56/><F101/><W107/><G107/><T61/><D61/><U74/><E74/><V132/><F14/><W108/><G108/><T54/><D2/><U115/><E36/><V27/><F65/><W129/><G129/><T58/><D102/><U62/><E45/><V82/><F132/><W35/><G35/><T18/><D104/><U81/><E81/><V135/><F135/><W118/><G118/><T75/><D75/><U33/><E33/><V55/><F97/><W99/><G99/><T111/><D111/><U34/><E34/><V22/><F22/><W59/><G21/><T28/><D28/><U103/><E103/><V29/><F29/><W86/><G47/><T57/><D19/><U77/><E77/><V89/><F82/><W25/><G17/><T43/><N who="0" m="10752" /><DORA hai="23" /><T68/><D68/><U130/><E130/><V80/><F80/><RYUUKYOKU ba="0,0" sc="334,-15,128,15,188,15,350,-15" hai1="52,62,85,90,93,96,98,112,113,115" hai2="24,26,27,44,48,53,55,56,89,91" /><INIT seed="2,1,0,0,0,17" ten="319,143,203,335" oya="2" hai0="65,135,55,89,48,83,66,45,117,113,25,51,33" hai1="104,54,61,36,4,86,110,128,100,12,101,75,69" hai2="73,78,50,63,22,46,95,79,115,43,23,5,121" hai3="30,53,80,28,82,47,111,116,34,92,38,6,16"/><V107/><F121/><W112/><G116/><T99/><D117/><U11/><E75/><V31/><F107/><W35/><G112/><T109/><D113/><U114/><E114/><V125/><F115/><W64/><G64/><T74/><D109/><U126/><E36/><V132/><F125/><W39/><G6/><T130/><D130/><U29/><E128/><V24/><F132/><W81/><G111/><T85/><D74/><U32/><E110/><V96/><F73/><W94/><G53/><T93/><D135/><U84/><E126/><V133/><F5/><W103/><G47/><T131/><D131/><U41/><E41/><V91/><F133/><W98/><G38/><T42/><D25/><N who="1" m="18479" /><E54/><V87/><F63/><W18/><G39/><T21/><D21/><U58/><E58/><V9/><F9/><W127/><G127/><T3/><D33/><U71/><E100/><V1/><F1/><W60/><G60/><T44/><REACH who="0" step="1"/><D3/><REACH who="0" ten="309,143,203,335" step="2"/><U70/><E70/><V59/><F22/><W129/><G129/><T62/><D62/><U123/><E123/><V10/><F10/><W8/><G35/><T122/><D122/><U108/><E108/><V57/><F78/><AGARI ba="1,1" hai="42,44,45,48,51,55,65,66,78,83,85,89,93,99" machi="78" ten="30,3900,0" yaku="1,1,7,1,8,1,53,0" doraHai="17" doraHaiUra="7" who="0" fromWho="2" sc="309,52,143,0,203,-42,335,0" /><INIT seed="3,0,0,3,4,46" ten="361,143,161,335" oya="3" hai0="96,88,32,108,21,36,59,12,66,102,5,60,135" hai1="47,110,54,130,15,7,94,0,69,82,14,111,90" hai2="18,48,117,128,65,95,3,104,118,80,87,72,58" hai3="132,4,115,122,35,49,26,31,92,42,123,23,114"/><W44/><G132/><T83/><D32/><U112/><E69/><V19/><F104/><W119/><G119/><T109/><D135/><U99/><E112/><V74/><F3/><W62/><G4/><T61/><D36/><U27/><E130/><V33/><F128/><W40/><G35/><T63/><D102/><U10/><E27/><V38/><F33/><W131/><G131/><T25/><D12/><U77/><E54/><V57/><F38/><W85/><G42/><T124/><D5/><U84/><REACH who="1" step="1"/><E47/><REACH who="1" ten="361,133,161,335" step="2"/><V113/><F113/><W105/><G114/><T70/><D70/><U53/><E53/><V134/><F118/><W68/><G115/><T1/><D124/><U52/><E52/><V20/><F117/><W8/><G122/><T22/><D66/><U78/><E78/><V126/><F134/><W121/><G123/><T100/><D109/><AGARI ba="0,1" hai="0,7,10,14,15,77,82,84,90,94,99,109,110,111" machi="109" ten="40,5200,0" yaku="1,1,14,1,53,1" doraHai="46" doraHaiUra="73" who="1" fromWho="0" sc="361,-52,133,62,161,0,335,0" /><INIT seed="4,0,0,4,4,84" ten="309,195,161,335" oya="0" hai0="88,22,43,7,108,16,107,67,102,60,87,106,50" hai1="37,6,61,33,81,51,129,29,120,117,9,2,21" hai2="83,127,15,18,27,48,24,8,124,70,46,17,3" hai3="114,12,25,44,101,11,39,96,126,115,118,123,36"/><T99/><D108/><U58/><E37/><V49/><F70/><W112/><G123/><T80/><D7/><U98/><E120/><V119/><F119/><W128/><G118/><T72/><D72/><U122/><E122/><V4/><F49/><W89/><G128/><T32/><D32/><U79/><E117/><V55/><F83/><W45/><G126/><T97/><D97/><U66/><E129/><V113/><F113/><W78/><G25/><T38/><D38/><U41/><E33/><V0/><F0/><W64/><G78/><T1/><D1/><U75/><E98/><V73/><F73/><W135/><G135/><T34/><D34/><U103/><E103/><V92/><F92/><N who="3" m="56335" /><G101/><T35/><D35/><U20/><REACH who="1" step="1"/><E29/><REACH who="1" ten="309,185,161,335" step="2"/><V104/><F104/><W47/><G64/><T95/><D107/><U68/><E68/><V56/><F27/><W77/><G77/><T90/><D106/><U19/><E19/><AGARI ba="0,1" hai="11,12,19,36,39,44,45,47,112,114,115" m="56335" machi="19" ten="40,2600,0" yaku="15,1,52,1" doraHai="84" who="3" fromWho="1" sc="309,0,185,-26,161,0,335,36" /><INIT seed="5,0,0,3,1,90" ten="309,159,161,371" oya="1" hai0="104,65,48,122,119,47,13,123,7,19,44,24,43" hai1="79,5,54,106,26,63,45,70,118,18,133,6,128" hai2="64,105,53,115,51,85,33,2,0,31,95,86,16" hai3="134,129,100,61,17,72,34,40,101,125,89,29,9"/><U15/><E118/><V32/><F105/><W77/><G40/><T28/><D104/><U21/><E106/><V38/><F38/><W99/><G129/><T20/><D7/><U108/><E128/><V121/><F121/><W80/><G125/><T14/><D65/><U23/><E133/><V120/><F120/><N who="0" m="46122" /><D119/><U67/><E108/><V25/><F64/><W93/><G134/><T124/><D124/><U41/><E54/><V130/><F130/><W116/><G116/><T56/><D56/><U36/><REACH who="1" step="1"/><E79/><REACH who="1" ten="309,149,161,371" step="2"/><V11/><F115/><W22/><G77/><T73/><D73/><U83/><E83/><V84/><F53/><W3/><G80/><T81/><D81/><U126/><E126/><V97/><F33/><W75/><G72/><T112/><D112/><U50/><E50/><V60/><F51/><W49/><G75/><T69/><D69/><U109/><E109/><V27/><F60/><W103/><G49/><N who="0" m="26783" /><D28/><AGARI ba="0,1" hai="5,6,15,18,21,23,26,28,36,41,45,63,67,70" machi="28" ten="30,2900,0" yaku="1,1,7,1,53,0" doraHai="90" doraHaiUra="98" who="1" fromWho="0" sc="309,-29,149,39,161,0,371,0" /><INIT seed="5,1,0,4,5,107" ten="280,188,161,371" oya="1" hai0="75,113,127,83,98,11,33,55,89,105,84,63,2" hai1="118,106,4,13,27,97,8,103,117,94,92,30,48" hai2="71,54,41,32,64,135,29,134,110,49,5,28,56" hai3="125,126,38,131,34,133,74,37,61,47,122,60,0"/><U44/><E117/><V109/><F110/><W132/><G122/><T129/><D33/><U119/><E119/><V62/><F109/><W36/><G34/><T72/><D113/><U66/><E66/><V102/><F5/><W104/><G104/><T45/><D127/><N who="3" m="48649" /><G0/><T20/><D129/><U87/><E87/><V65/><F64/><W6/><G6/><T9/><D20/><U100/><E100/><V95/><F41/><W51/><G74/><T1/><D11/><U25/><E118/><V73/><F73/><W7/><G7/><T121/><D121/><U40/><REACH who="1" step="1"/><E25/><REACH who="1" ten="280,178,161,371" step="2"/><V35/><F35/><AGARI ba="1,1" hai="4,8,13,27,30,35,40,44,48,92,94,97,103,106" machi="35" ten="30,11600,0" yaku="1,1,2,1,7,1,53,1" doraHai="107" doraHaiUra="39" who="1" fromWho="2" sc="280,0,178,129,161,-119,371,0" /><INIT seed="5,2,0,1,0,74" ten="280,307,42,371" oya="1" hai0="58,64,126,29,133,100,65,93,91,77,4,96,132" hai1="43,18,70,66,14,128,131,35,81,120,98,83,118" hai2="135,78,39,51,5,82,28,57,6,108,27,104,49" hai3="103,112,109,102,67,111,16,80,12,3,101,119,26"/><U69/><E35/><V79/><F39/><W10/><G119/><T106/><D29/><U68/><E118/><V45/><F104/><W37/><G37/><T42/><D4/><U31/><E120/><V85/><F108/><W8/><G112/><T32/><D42/><U7/><E31/><V0/><F135/><N who="0" m="51786" /><D32/><U110/><E110/><V20/><F0/><W88/><G67/><T134/><N who="0" m="51794" /><T50/><DORA hai="117" /><D126/><U44/><E98/><V24/><F24/><W125/><G125/><T2/><D2/><U75/><E66/><V71/><F71/><W15/><G26/><T61/><D50/><N who="1" m="26911" /><E75/><V124/><F124/><W94/><G3/><T105/><D65/><U60/><E60/><V73/><F57/><W114/><G114/><T87/><D58/><U129/><E7/><V95/><F95/><W25/><G25/><T97/><D61/><U54/><E54/><V62/><F62/><W30/><G30/><T107/><D64/><U19/><E19/><V52/><REACH who="2" step="1"/><F51/><REACH who="2" ten="280,307,32,371" step="2"/><W92/><G92/><N who="0" m="58375" /><D97/><U53/><E69/><V17/><F17/><W130/><G109/><T41/><D41/><U11/><E70/><V21/><F21/><W59/><G111/><T48/><D48/><U122/><E68/><V23/><F23/><W56/><G59/><T90/><D93/><U84/><E131/><V9/><F9/><W38/><G56/><T22/><D22/><U123/><E129/><V99/><F99/><N who="3" m="57799" /><G130/><T1/><D1/><U34/><E128/><V86/><F86/><W121/><G38/><T40/><D40/><U89/><E34/><V76/><F76/><RYUUKYOKU ba="2,1" sc="280,15,307,-15,32,15,371,-15" hai0="77,87,90,91,105,106,107" hai2="5,6,20,27,28,45,49,52,73,78,79,82,85" /><INIT seed="6,3,1,0,0,52" ten="295,292,47,356" oya="2" hai0="85,13,114,87,43,111,104,99,89,78,105,9,7" hai1="134,119,116,68,102,66,130,97,135,98,129,132,24" hai2="107,59,73,64,38,50,117,44,67,22,94,124,57" hai3="77,46,131,86,125,41,113,58,39,1,51,83,11"/><V3/><F117/><N who="1" m="45129" /><E24/><V109/><F107/><W0/><G131/><N who="1" m="50186" /><E102/><V82/><F73/><W71/><G71/><T81/><D111/><U93/><E93/><V12/><F3/><W28/><G28/><T70/><D114/><U20/><E20/><V90/><F109/><W75/><G125/><T61/><D43/><U92/><E92/><V32/><F124/><W36/><G113/><T40/><D40/><U53/><E53/><N who="2" m="31927" /><F32/><W84/><G36/><T127/><D127/><U45/><E45/><V18/><F38/><W37/><G37/><T30/><D30/><U91/><E91/><V42/><F82/><W80/><G80/><T19/><D99/><N who="1" m="37899" /><E68/><V106/><F106/><W47/><G47/><T25/><D105/><U108/><E66/><N who="2" m="25131" /><F44/><W4/><G0/><T23/><D104/><U112/><E108/><V101/><F101/><W69/><G69/><T21/><D87/><U48/><E112/><V55/><F42/><W33/><G33/><T76/><D70/><U26/><E48/><N who="2" m="31207" /><F94/><W100/><G100/><T34/><D34/><U123/><E134/><V62/><F62/><W31/><G31/><N who="0" m="17839" /><D61/><U120/><E135/><V10/><F90/><W65/><G39/><T14/><AGARI ba="3,1" hai="7,9,13,14,19,23,76,78,81,85,89" m="17839" machi="14" ten="30,1100,0" yaku="8,1" doraHai="52" who="0" fromWho="0" sc="295,30,292,-6,47,-8,356,-6" /><INIT seed="7,0,0,1,1,45" ten="325,286,39,350" oya="3" hai0="26,23,32,24,80,29,120,40,56,27,92,108,99" hai1="21,118,110,116,71,6,81,62,75,89,129,36,30" hai2="41,68,88,2,0,25,65,52,97,98,44,28,15" hai3="111,107,22,83,135,47,13,42,128,130,34,10,46"/><W66/><G107/><T18/><D108/><U84/><E110/><V72/><F72/><W16/><G34/><T127/><D127/><U35/><E129/><N who="3" m="49770" /><G111/><T114/><D114/><U60/><E36/><V49/><F52/><W59/><G135/><T5/><D5/><U105/><E105/><V90/><F15/><N who="3" m="9503" /><G83/><T102/><D40/><U51/><E35/><V74/><F90/><W100/><G100/><T122/><D27/><N who="1" m="16751" /><E6/><V126/><F65/><W70/><G70/><T48/><D80/><U43/><E71/><V37/><F49/><W53/><G66/><T38/><D38/><U7/><E7/><V73/><F98/><W11/><G42/><T93/><REACH who="0" step="1"/><D93/><REACH who="0" ten="315,286,39,350" step="2"/><U8/><E75/><V17/><F97/><W123/><G123/><T12/><D12/><U96/><E96/><V106/><F17/><N who="3" m="8375" /><G11/><T124/><D124/><U31/><E8/><V91/><F88/><W79/><G79/><T1/><D1/><U125/><E125/><V117/><F91/><W14/><G14/><T3/><D3/><U134/><E134/><V55/><F126/><W67/><G67/><T112/><D112/><U61/><E31/><V58/><F117/><N who="1" m="45161" /><E43/><V19/><F19/><W57/><G57/><T82/><D82/><U94/><E81/><V76/><F106/><W115/><G115/><T69/><D69/><U9/><E9/><V109/><F68/><W87/><G87/><T132/><D132/><U78/><E78/><V54/><F76/><W101/><G101/><T20/><D20/><U119/><N who="1" m="45169" /><U103/><DORA hai="63" /><E103/><V50/><F109/><W39/><G39/><RYUUKYOKU ba="0,1" sc="315,10,286,10,39,-30,350,10" hai0="18,23,24,26,29,32,48,56,92,99,102,120,122" hai1="51,60,61,62,84,89,94" hai3="46,47,53,59" /><INIT seed="7,1,1,0,0,81" ten="325,296,9,360" oya="3" hai0="78,92,36,117,65,2,12,44,27,127,11,76,35" hai1="31,63,101,100,108,9,73,50,61,39,130,54,24" hai2="15,128,107,97,72,37,30,87,66,82,45,8,70" hai3="59,17,43,4,55,58,46,18,77,93,71,131,28"/><W51/><G71/><T79/><D117/><U122/><E108/><V91/><F87/><W62/><G131/><T68/><D2/><U13/><E122/><V90/><F90/><W3/><G28/><T118/><D118/><U38/><E73/><V98/><F91/><W105/><G105/><T29/><D92/><U99/><E130/><V119/><F82/><W110/><G110/><T125/><D65/><U94/><E101/><V20/><F98/><W21/><G93/><T80/><D68/><U83/><E83/><V113/><F97/><W86/><G3/><T7/><D44/><U89/><E100/><V126/><F66/><W121/><G4/><T25/><D25/><U133/><E133/><V88/><F45/><W26/><G121/><T33/><D33/><U74/><E74/><V5/><F88/><W103/><G103/><T1/><D36/><U85/><E99/><V84/><F30/><N who="3" m="17743" /><G59/><T102/><D102/><U104/><E104/><V23/><F84/><W52/><G43/><T112/><D112/><U129/><E129/><V60/><F20/><W42/><G42/><T47/><D47/><N who="1" m="27999" /><E38/><V67/><F60/><N who="1" m="23113" /><E39/><V132/><F67/><W34/><G34/><T135/><D135/><U111/><E111/><V32/><F23/><W57/><G77/><T95/><D95/><U109/><E109/><V69/><F15/><W134/><G134/><T116/><D116/><U56/><E56/><V114/><F8/><W106/><G106/><T40/><D40/><U64/><E64/><V14/><F5/><W10/><G58/><T49/><D1/><U22/><E13/><RYUUKYOKU ba="1,1" sc="325,-10,296,30,9,-10,360,-10" hai1="9,22,24,31,85,89,94" owari="315,-8.0,326,13.0,-1,-50.0,360,45.0" /></mjloggm>