<mjloggm ver="2.3"><GO type="41"/><UN n0="%EF%BC%A0%EF%BD%9A" n1="%E3%81%B6%E3%82%8B%E3%81%82%E3%81%82%E3%81%82%E3%81%82%E3%81%82%EF%BC%81" n2="%E3%82%A6%E3%83%AB%E3%83%88%E3%83%A9%E7%AB%8B%E7%9B%B4" n3="%53%45%4C%45%43%54%2A" dan="13,14,15,15" rate="1854,1814,1963,2192" sx="M,M,M,M"/><TAIKYOKU oya="0"/><INIT seed="0,0,0,1,2,28" ten="250,250,250,250" oya="0" hai0="116,19,22,101,89,51,103,82,44,58,131,17,3" hai1="15,47,134,13,42,64,95,1,11,7,84,0,86" hai2="54,74,14,100,9,85,20,65,135,43,113,55,121" hai3="25,10,87,127,91,24,72,122,35,110,76,94,33"/><T75/><D116/><U63/><E134/><V132/><F74/><W26/><G110/><T21/><D3/><U120/><E120/><V34/><F65/><W36/><G36/><T49/><D131/><U109/><E109/><V99/><F43/><W97/><G127/><T8/><D8/><U4/><E95/><V78/><F20/><W105/><G122/><T108/><D108/><U67/><E63/><V29/><F121/><W39/><G39/><T118/><D118/><U38/><E11/><V124/><F85/><W126/><G126/><T115/><D115/><U130/><E38/><V30/><F78/><W41/><G41/><T81/><D75/><U45/><REACH who="1" step="1"/><E42/><REACH who="1" ten="250,240,250,250" step="2"/><V107/><F124/><W79/><G10/><T129/><D129/><AGARI ba="0,1" hai="0,1,4,7,13,15,45,47,64,67,84,86,129,130" machi="129" ten="25,6400,0" yaku="1,1,2,1,22,2,53,0" doraHai="28" doraHaiUra="12" who="1" fromWho="0" sc="250,-64,240,74,250,0,250,0" /><INIT seed="1,0,0,3,4,1" ten="186,314,250,250" oya="1" hai0="36,59,56,89,34,134,116,106,17,72,123,42,51" hai1="12,47,15,44,122,5,43,128,100,99,11,113,84" hai2="61,104,78,33,52,66,62,21,77,126,73,6,19" hai3="31,125,0,114,97,9,108,75,55,50,93,13,16"/><U41/><E113/><V14/><F33/><W79/><G114/><T81/><D106/><U32/><E122/><V8/><F104/><W58/><G108/><T107/><D116/><U120/><E32/><V60/><F126/><W27/><G125/><T129/><D107/><U22/><E120/><V103/><F103/><W46/><G0/><T117/><D123/><U95/><E84/><V54/><F66/><W10/><G10/><T133/><D117/><U23/><E128/><V48/><F73/><W101/><G75/><T53/><D34/><U29/><E23/><V98/><F98/><W74/><G74/><T86/><D129/><U127/><E127/><V38/><F38/><W124/><G124/><T102/><D72/><U119/><E119/><V109/><F109/><W96/><G96/><T24/><D36/><U70/><E70/><V91/><F91/><W7/><G79/><N who="2" m="30217" /><F48/><W25/><G31/><T67/><D42/><N who="1" m="15883" /><E29/><V135/><F135/><N who="0" m="51722" /><D102/><U111/><E111/><V3/><F3/><W4/><G58/><N who="0" m="33087" /><D67/><U82/><E82/><V85/><F85/><W88/><G101/><T18/><D24/><AGARI ba="0,0" hai="4,7,9,13,16,24,25,27,46,50,55,88,93,97" machi="24" ten="40,8000,1" yaku="8,1,52,2,54,2" doraHai="1" who="3" fromWho="0" sc="186,-80,314,0,250,0,250,80" /><INIT seed="2,0,0,1,0,63" ten="106,314,250,330" oya="2" hai0="95,50,111,1,30,56,119,42,72,79,39,118,70" hai1="104,32,47,131,14,58,97,52,41,102,103,123,25" hai2="40,18,125,105,21,65,126,116,67,117,20,36,48" hai3="115,64,15,83,134,121,78,26,6,19,55,93,124"/><V66/><F105/><W77/><G121/><T88/><D70/><U84/><E123/><V13/><F36/><W24/><G6/><T133/><D1/><U16/><E103/><V101/><F101/><W128/><G128/><T76/><D111/><U37/><E131/><V11/><F48/><W91/><G134/><T62/><D133/><U44/><E44/><V110/><F40/><W7/><G7/><T23/><D39/><U100/><E100/><V89/><F89/><W10/><G124/><N who="2" m="47721" /><F110/><W43/><G43/><T12/><D72/><U132/><E132/><V69/><F69/><W38/><G38/><T22/><D50/><U54/><E84/><V31/><F31/><W33/><G78/><T35/><D42/><U113/><E113/><V27/><F27/><W98/><G26/><N who="0" m="16735" /><D35/><U45/><E45/><V81/><F81/><W129/><G129/><T46/><D46/><U61/><E25/><V29/><F29/><W107/><G24/><T2/><D12/><U130/><E130/><V3/><F3/><W82/><G82/><T80/><D22/><AGARI ba="0,0" hai="11,13,18,20,21,22,65,66,67,116,117" m="47721" machi="22" ten="30,11600,0" yaku="18,1,52,3" doraHai="63" who="2" fromWho="0" sc="106,-116,314,0,250,116,330,0" owari="-10,-51.0,314,-9.0,366,47.0,330,13.0" /></mjloggm>