<mjloggm ver="2.3"><GO type="137"/><UN n0="%E5%A4%A7%E6%A0%B9%E3%82%AA%E3%83%AD%E3%82%B7" n1="%EF%BC%88%E2%89%A7%E2%96%BD%E2%89%A6%EF%BC%89" n2="%73%6F%4C%6F" n3="%E3%81%9F%E3%81%8B%E3%81%8F%E3%82%8F" dan="13,11,10,12" rate="1772,1877,1797,1763" sx="M,M,M,F"/><TAIKYOKU oya="0"/><INIT seed="0,0,0,4,4,39" ten="250,250,250,250" oya="0" hai0="0,47,58,52,16,44,69,84,10,49,107,28,90" hai1="53,51,46,116,99,71,87,32,9,38,74,57,19" hai2="130,5,65,122,63,128,97,13,37,30,20,104,60" hai3="4,95,89,125,85,50,36,22,76,27,21,121,92"/><T100/><D69/><U78/><E116/><V45/><F122/><W110/><G36/><T6/><D28/><U105/><E71/><V62/><F104/><W109/><G121/><T8/><D8/><U11/><E32/><V72/><F72/><W7/><G125/><T70/><D70/><U93/><E74/><V66/><F97/><W108/><G50/><T75/><D75/><U12/><E105/><V43/><F5/><W117/><G117/><T31/><D31/><U102/><E38/><V96/><F96/><W86/><G76/><T135/><D135/><U67/><E9/><V24/><REACH who="2" step="1"/><F13/><REACH who="2" step="2"/><W113/><G113/><T1/><D1/><U48/><E87/><V77/><F77/><W41/><G86/><T131/><D131/><AGARI ba="0,1" hai="20,24,30,37,43,45,60,62,63,65,66,128,130,131" machi="131" ten="40,5200,0" yaku="1,1,19,1,52,1,53,0" doraHai="39" doraHaiUra="112" who="2" fromWho="0" sc="250,-52,250,0,240,62,250,0" /><INIT seed="1,0,0,3,4,33" ten="198,250,302,250" oya="1" hai0="3,91,118,20,17,84,102,94,134,49,122,135,46" hai1="80,121,24,113,93,58,26,101,99,61,35,25,31" hai2="120,0,119,79,112,105,48,65,133,125,97,77,32" hai3="40,104,55,44,109,72,131,108,28,127,59,18,30"/><U67/><E121/><V9/><F32/><W21/><G72/><T27/><D118/><U51/><E113/><V103/><F119/><W115/><G115/><T63/><D122/><U95/><E80/><V126/><F65/><W85/><G104/><T50/><D102/><U107/><E95/><V57/><F112/><W11/><G11/><T10/><D63/><U66/><E66/><V5/><F120/><W82/><G131/><T39/><D39/><U74/><E74/><V42/><F133/><W87/><G127/><N who="2" m="48649" /><F57/><W78/><G87/><T89/><D10/><U15/><E15/><V71/><F71/><W36/><G55/><T110/><D110/><N who="3" m="42601" /><G59/><T29/><D3/><U88/><REACH who="1" step="1"/><E51/><REACH who="1" step="2"/><V38/><F48/><W68/><G68/><T76/><D50/><U23/><E23/><V124/><F124/><W81/><G81/><T132/><D76/><U4/><E4/><V16/><F77/><W22/><G22/><T43/><REACH who="0" step="1"/><D91/><REACH who="0" step="2"/><U45/><E45/><V37/><F79/><W41/><G40/><T73/><D73/><U90/><E90/><V106/><F42/><W54/><G41/><T53/><D53/><U2/><E2/><V52/><F52/><W86/><G54/><T123/><D123/><U117/><E117/><V129/><F0/><W6/><G78/><T83/><D83/><U14/><E14/><V70/><F103/><W96/><G82/><T8/><D8/><U75/><E75/><V98/><F9/><W56/><G36/><T60/><D60/><U62/><E62/><V130/><F38/><W13/><G44/><T34/><D34/><RYUUKYOKU ba="0,2" sc="188,15,240,15,302,-15,250,-15" hai0="17,20,27,29,43,46,49,84,89,94,132,134,135" hai1="24,25,26,31,35,58,61,67,88,93,99,101,107" /><INIT seed="1,1,2,4,2,116" ten="203,255,287,235" oya="1" hai0="48,90,111,44,66,67,85,24,13,92,42,59,55" hai1="83,135,80,8,86,62,65,19,78,20,82,43,26" hai2="12,91,72,95,68,87,107,47,51,37,60,105,6" hai3="30,94,38,63,119,89,10,74,110,76,39,125,34"/><U115/><E115/><V21/><F72/><W22/><G119/><T122/><D111/><U75/><E135/><V23/><F37/><W73/><G110/><T121/><D24/><U124/><E124/><V3/><F3/><W112/><G112/><T57/><D13/><U103/><E103/><V120/><F120/><N who="0" m="46186" /><D59/><U117/><E117/><V40/><F107/><W102/><G125/><T29/><D29/><U33/><E33/><V16/><F105/><W128/><G128/><T35/><D35/><U18/><E43/><V101/><F101/><W127/><G127/><T134/><D134/><U88/><E82/><V56/><F6/><W31/><G34/><T113/><D113/><U54/><E54/><N who="2" m="33815" /><F68/><W46/><G39/><AGARI ba="1,2" hai="39,42,44,48,55,57,66,67,85,90,92" m="46186" machi="39" ten="30,7700,0" yaku="13,1,52,3" doraHai="116" who="0" fromWho="3" sc="203,100,255,0,287,0,235,-80" /><INIT seed="2,0,0,2,0,87" ten="303,255,287,155" oya="2" hai0="78,97,23,51,90,135,45,61,59,25,21,41,121" hai1="11,17,7,50,14,120,77,56,54,129,127,86,124" hai2="4,122,34,106,57,64,82,67,105,63,111,10,62" hai3="88,125,37,75,1,19,52,31,15,48,115,92,22"/><V109/><F34/><W40/><G1/><T8/><D121/><U91/><E120/><V102/><F122/><W123/><G123/><T68/><D68/><U131/><E7/><V38/><F38/><W9/><G75/><T104/><D78/><U16/><E77/><V94/><F82/><W126/><G37/><T118/><D25/><U84/><E17/><V108/><F102/><W85/><G40/><T79/><D79/><U33/><E33/><V43/><F94/><W100/><G100/><T30/><D30/><U26/><E26/><V13/><REACH who="2" step="1"/><F43/><REACH who="2" step="2"/><W58/><G115/><T18/><D118/><U99/><E99/><V2/><F2/><W53/><G31/><T44/><D97/><U3/><E3/><V12/><F12/><W101/><G101/><T112/><D41/><U65/><E84/><V20/><F20/><W103/><G103/><T83/><D23/><U133/><E133/><V0/><F0/><W73/><G73/><T32/><D135/><U70/><E127/><N who="3" m="48650" /><G53/><T110/><D21/><AGARI ba="0,1" hai="9,15,19,21,22,48,52,58,85,88,92" m="48650" machi="21" ten="30,7700,0" yaku="18,1,52,1,54,2" doraHai="87" who="3" fromWho="0" sc="303,-77,255,0,277,0,155,87" /><INIT seed="3,0,0,0,4,56" ten="226,255,277,242" oya="3" hai0="53,95,125,77,91,10,62,124,21,74,26,51,17" hai1="63,14,2,52,9,70,0,105,88,89,15,5,131" hai2="72,113,86,59,96,1,38,49,47,8,104,43,66" hai3="94,65,82,85,32,50,118,68,37,54,28,117,98"/><W33/><G37/><T81/><D10/><U67/><E105/><V110/><F72/><W24/><G68/><T7/><D7/><U108/><E131/><V61/><F113/><W99/><G65/><T112/><D112/><U84/><E108/><V101/><F110/><W78/><G33/><T31/><D31/><U45/><E2/><V111/><F111/><W106/><G106/><T20/><D20/><U132/><E132/><V87/><F1/><W19/><G19/><T41/><D41/><U134/><E134/><V64/><F8/><W128/><G128/><T76/><D76/><U116/><E116/><V39/><F66/><W58/><REACH who="3" step="1"/><G98/><REACH who="3" step="2"/><T79/><D79/><U55/><E70/><V107/><F104/><W35/><G35/><T13/><D125/><U40/><E67/><V122/><F122/><W57/><G57/><T121/><D124/><U23/><E5/><V133/><F133/><W46/><G46/><T83/><D121/><U100/><E45/><V69/><F38/><W103/><AGARI ba="0,1" hai="24,28,32,50,54,58,78,82,85,94,99,103,117,118" machi="103" ten="20,3900,0" yaku="1,1,0,1,7,1,53,0" doraHai="56" doraHaiUra="3" who="3" fromWho="3" sc="226,-13,255,-13,277,-13,232,49" /><INIT seed="3,1,0,0,0,128" ten="213,242,264,281" oya="3" hai0="30,108,81,68,54,14,73,120,48,37,119,118,110" hai1="24,102,88,87,20,46,76,112,19,25,58,72,131" hai2="123,13,66,82,99,96,89,90,21,92,27,126,5" hai3="50,61,1,11,114,111,64,97,62,105,113,127,124"/><W0/><G97/><T109/><D81/><U31/><E131/><V98/><F123/><W67/><G105/><T78/><D73/><U18/><E112/><N who="3" m="43114" /><G50/><T130/><D78/><U101/><E72/><V95/><F66/><N who="3" m="25131" /><G11/><T125/><D130/><U65/><E76/><V122/><F122/><W57/><G111/><N who="0" m="28419" /><T134/><DORA hai="9" /><D120/><U23/><E46/><V26/><F126/><N who="3" m="48171" /><G57/><N who="0" m="32967" /><D125/><U104/><E104/><V74/><F99/><W6/><G6/><T117/><D68/><U2/><E2/><AGARI ba="1,0" hai="0,1,2,61,62" m="48171,25131,43114" machi="2" ten="40,7700,0" yaku="28,2,18,1" doraHai="128,9" who="3" fromWho="1" sc="213,0,242,-80,264,0,281,80" /><INIT seed="3,2,0,1,5,44" ten="213,162,264,361" oya="3" hai0="22,98,63,8,16,74,20,48,104,87,93,78,9" hai1="7,29,110,5,12,46,73,65,3,130,95,123,41" hai2="85,132,120,122,13,129,42,99,59,30,14,107,36" hai3="37,1,61,118,117,64,2,101,43,56,66,84,69"/><W49/><G101/><N who="0" m="60623" /><D104/><U131/><E123/><V105/><F30/><W11/><G84/><T71/><D74/><U72/><E110/><V119/><F119/><W50/><G117/><T133/><D71/><U108/><E108/><V86/><F132/><W55/><G118/><T113/><D133/><U18/><E29/><V94/><F129/><N who="1" m="49161" /><E65/><V135/><F135/><W27/><G27/><N who="0" m="14727" /><D113/><U90/><E3/><V97/><F36/><W100/><G100/><T35/><D35/><U76/><E76/><V114/><F114/><W21/><G21/><T31/><D63/><U33/><E33/><V128/><F128/><W112/><G112/><T6/><D6/><N who="1" m="2059" /><E18/><V102/><F102/><W32/><G32/><T121/><D121/><U124/><E12/><V51/><F42/><W70/><G11/><T111/><D111/><U17/><E17/><V47/><F107/><W24/><G24/><N who="0" m="16791" /><D48/><N who="3" m="18537" /><G2/><T92/><D78/><U38/><E124/><V23/><F105/><W75/><G75/><T82/><D82/><U52/><E52/><V34/><F34/><W53/><G1/><T103/><D103/><U109/><E109/><V88/><F122/><W58/><G70/><T54/><D54/><N who="3" m="20489" /><G66/><T26/><D26/><U15/><E15/><V62/><F14/><W19/><G69/><T60/><D60/><U134/><E134/><V68/><F68/><W79/><G64/><T125/><D125/><U25/><E25/><V81/><F13/><W67/><G79/><T126/><D126/><U127/><E127/><V57/><F120/><W115/><G67/><T80/><D80/><U77/><E77/><RYUUKYOKU ba="2,0" sc="213,15,162,15,264,-15,361,-15" hai0="8,9,87,92" hai1="38,41,46,72,73,90,95" /><INIT seed="4,3,0,3,5,39" ten="228,177,249,346" oya="0" hai0="35,9,42,41,43,116,49,17,58,60,3,114,62" hai1="107,69,99,30,25,61,8,80,118,47,82,24,110" hai2="54,75,106,79,57,115,88,21,63,59,105,124,11" hai3="73,127,16,6,27,111,70,126,72,84,15,83,52"/><T7/><D114/><U112/><E118/><V4/><F115/><W130/><G70/><T44/><D116/><U128/><E112/><V93/><F124/><N who="3" m="47659" /><G111/><T10/><D35/><U97/><E110/><V81/><F21/><N who="3" m="13735" /><G130/><T89/><D10/><U2/><E128/><V96/><REACH who="2" step="1"/><F57/><REACH who="2" step="2"/><W32/><G32/><T34/><D58/><U46/><E69/><V117/><F117/><W95/><G72/><T135/><D34/><U36/><E47/><V76/><F76/><W53/><G73/><T1/><D135/><U13/><E46/><V64/><F64/><W98/><G83/><T66/><D3/><AGARI ba="3,1" hai="3,4,11,54,59,63,75,79,81,88,93,96,105,106" machi="3" ten="30,3900,0" yaku="1,1,7,1,54,1,53,0" doraHai="39" doraHaiUra="120" who="2" fromWho="0" sc="228,-48,177,0,239,58,346,0" /><INIT seed="5,0,0,1,4,65" ten="180,177,297,346" oya="1" hai0="125,135,130,129,71,46,82,90,78,56,83,4,89" hai1="23,10,120,38,36,124,49,79,6,107,95,101,67" hai2="133,14,1,68,15,7,31,21,45,63,13,99,96" hai3="61,80,98,30,134,51,114,48,16,86,37,12,100"/><U91/><E120/><V64/><F133/><W55/><G37/><T108/><D4/><U66/><E124/><V29/><F45/><W118/><G114/><T58/><D108/><U123/><E123/><V85/><F85/><W73/><G134/><T32/><D135/><U75/><E75/><V132/><F132/><W119/><G73/><T47/><D32/><U24/><E79/><V18/><F1/><W35/><G35/><T59/><D78/><U50/><E107/><V76/><F76/><W112/><G112/><T122/><D122/><U11/><E101/><V113/><F113/><W81/><G30/><T94/><D94/><U70/><E36/><V74/><F74/><W84/><G61/><T57/><N who="0" m="14848" /><DORA hai="128" /><T28/><D28/><U41/><E38/><V117/><F117/><N who="3" m="44555" /><G100/><T60/><D71/><U111/><E70/><V40/><F40/><W17/><G98/><T2/><D2/><U121/><E111/><V131/><F131/><N who="0" m="50186" /><D60/><U39/><E121/><V54/><F54/><W116/><G55/><T8/><D8/><U0/><E11/><V53/><F53/><W105/><G105/><T22/><D22/><U109/><E109/><V44/><F44/><N who="0" m="16938" /><D125/><U43/><E23/><V92/><F7/><W88/><G12/><T34/><D34/><U69/><E6/><V27/><REACH who="2" step="1"/><F99/><REACH who="2" step="2"/><W110/><G110/><T93/><D90/><AGARI ba="0,1" hai="13,14,15,18,21,27,29,31,63,64,68,90,92,96" machi="90" ten="40,5200,0" yaku="1,1,2,1,52,1,53,0" doraHai="65,128" doraHaiUra="97,3" who="2" fromWho="0" sc="180,-52,177,0,287,62,346,0" /><INIT seed="6,0,0,2,4,16" ten="128,177,349,346" oya="2" hai0="55,64,29,48,68,75,92,76,120,51,2,42,83" hai1="40,12,89,132,130,86,58,9,121,127,110,97,30" hai2="3,63,4,15,73,104,131,124,123,94,59,70,128" hai3="20,102,134,25,107,135,61,84,31,38,88,60,93"/><V66/><F104/><W118/><G38/><T78/><D120/><U111/><E121/><V49/><F73/><W13/><G118/><T54/><D2/><U98/><E132/><N who="3" m="50730" /><G107/><T112/><D112/><U106/><E130/><N who="2" m="49707" /><F123/><W24/><G102/><T18/><D29/><U35/><E127/><V91/><F3/><W85/><G13/><T80/><D92/><U114/><E114/><V72/><F72/><W99/><G25/><T34/><D34/><U56/><E111/><V39/><F39/><W32/><G32/><T122/><D122/><U126/><E126/><V96/><F124/><W52/><G52/><T100/><D100/><U50/><E110/><V113/><F113/><W19/><G31/><T105/><D105/><U67/><E106/><V6/><F15/><W95/><G85/><T0/><D0/><U46/><E30/><V74/><F74/><W108/><G108/><T8/><D68/><U33/><E33/><V116/><F116/><W43/><G43/><T79/><D64/><U1/><E35/><V53/><AGARI ba="0,0" hai="4,6,49,53,59,63,66,70,91,94,96" m="49707" machi="53" ten="30,1500,0" yaku="19,1" doraHai="16" who="2" fromWho="2" sc="128,-5,177,-5,349,15,346,-5" /><INIT seed="6,1,0,0,3,5" ten="123,172,364,341" oya="2" hai0="125,46,110,135,98,123,96,97,59,91,80,85,94" hai1="42,69,71,108,116,126,111,78,1,120,132,89,13" hai2="35,119,102,2,63,128,107,83,90,10,121,106,84" hai3="4,17,28,99,131,65,14,118,50,73,95,66,101"/><V8/><F121/><W40/><G118/><T9/><D123/><U109/><E120/><V114/><F119/><W130/><G73/><T47/><D110/><U100/><E1/><V6/><F114/><W113/><G28/><T22/><D125/><U24/><E116/><V27/><F128/><W43/><G113/><T92/><D135/><U26/><E132/><V129/><F129/><N who="3" m="49163" /><G4/><T61/><D22/><U60/><E126/><V82/><F82/><W76/><G76/><T104/><D104/><U81/><E100/><V54/><F102/><W55/><G65/><T15/><D92/><U0/><E0/><V38/><F38/><W93/><G66/><T20/><D20/><U117/><E117/><V51/><F63/><W44/><G95/><T33/><D33/><U53/><E42/><V64/><F64/><W74/><G74/><T67/><REACH who="0" step="1"/><D94/><REACH who="0" step="2"/><U133/><E133/><V72/><F107/><W19/><G93/><T45/><D45/><U37/><E111/><V25/><F106/><W79/><G44/><T32/><D32/><U88/><E109/><V30/><F35/><W11/><G101/><T103/><D103/><U57/><E108/><V49/><F83/><W39/><G99/><T12/><D12/><U29/><E13/><V68/><F2/><W48/><G14/><T52/><D52/><U75/><E53/><V70/><F54/><W36/><G55/><T23/><D23/><U18/><E81/><V77/><F70/><W62/><G36/><T58/><D58/><U86/><E71/><V41/><F68/><W3/><G39/><T115/><D115/><RYUUKYOKU ba="1,1" sc="113,30,172,-10,364,-10,341,-10" hai0="9,15,46,47,59,61,67,80,85,91,96,97,98" /><INIT seed="7,2,1,0,2,39" ten="143,162,354,331" oya="3" hai0="122,62,50,123,81,21,23,77,104,55,8,90,22" hai1="97,78,17,116,28,111,52,129,44,45,83,121,68" hai2="76,74,9,70,85,0,96,71,103,56,118,132,108" hai3="60,59,65,94,130,135,80,53,105,42,18,31,64"/><W67/><G105/><T32/><D104/><U2/><E121/><V110/><F118/><W86/><G135/><T1/><D32/><U87/><E111/><V88/><F132/><W101/><G130/><T19/><D1/><U107/><E116/><V24/><F110/><W112/><G112/><T15/><D62/><U127/><E129/><V27/><F108/><W54/><G31/><T49/><D90/><U7/><E68/><V51/><F70/><W3/><G3/><T100/><D100/><U26/><E127/><V11/><F71/><W126/><G126/><T12/><D12/><U37/><E37/><V82/><F0/><W102/><G42/><T38/><D38/><U92/><E107/><V25/><F56/><W20/><G54/><T48/><REACH who="0" step="1"/><D55/><REACH who="0" step="2"/><U84/><E2/><V133/><F88/><W46/><G102/><T125/><D125/><U29/><E52/><V69/><F103/><W75/><G101/><T106/><D106/><U41/><E7/><V5/><F5/><W124/><G124/><T63/><D63/><U95/><E17/><V35/><F35/><W16/><G75/><AGARI ba="2,2" hai="8,15,19,21,22,23,48,49,50,75,77,81,122,123" machi="75" ten="40,2600,0" yaku="1,1,53,1" doraHai="39" doraHaiUra="4" who="0" fromWho="3" sc="133,52,162,0,354,0,331,-32" owari="185,-21,162,-34,354,45,299,10" /></mjloggm>