<mjloggm ver="2.3"><GO type="41"/><UN n0="%E8%A6%AA%E6%8C%87%EF%BC%88%E5%A4%A7%EF%BC%89" n1="%E3%82%A6%E3%83%AB%E3%83%88%E3%83%A9%E7%AB%8B%E7%9B%B4" n2="%E9%8A%80%E9%89%84" n3="%6B%79%75%6B%6F%6B%75" dan="14,15,13,13" rate="1995,1998,1823,1918" sx="M,M,M,M"/><TAIKYOKU oya="0"/><INIT seed="0,0,0,2,2,72" ten="250,250,250,250" oya="0" hai0="102,124,129,25,8,113,110,130,52,94,29,79,81" hai1="100,73,115,58,83,67,85,127,5,91,131,60,55" hai2="96,26,42,9,7,30,121,28,53,106,12,93,62" hai3="44,75,56,16,101,135,17,21,36,54,98,40,77"/><T86/><D113/><U66/><E127/><V43/><F121/><W27/><G135/><T63/><D8/><U117/><E117/><V45/><F106/><W87/><G75/><T128/><D124/><U97/><E131/><V41/><F30/><W1/><G1/><T134/><D134/><U61/><E115/><V132/><F132/><W90/><G90/><T109/><D102/><U88/><E5/><V92/><F92/><W107/><G87/><T71/><D94/><U34/><E34/><V6/><F6/><W39/><G77/><T126/><D126/><U10/><E10/><V37/><F53/><W64/><G64/><T0/><D0/><U20/><E20/><V49/><F62/><W13/><G39/><T119/><D119/><U22/><E22/><V80/><F80/><W95/><G107/><T33/><D71/><U123/><E123/><V82/><F82/><W59/><REACH who="3" step="1"/><G54/><REACH who="3" ten="250,250,250,240" step="2"/><T74/><D86/><U3/><E3/><V48/><F37/><W116/><G116/><T38/><D38/><U14/><E73/><V35/><F48/><W133/><G133/><T11/><D11/><AGARI ba="0,1" hai="11,13,16,17,21,27,36,40,44,56,59,95,98,101" machi="11" ten="30,7700,0" yaku="1,1,7,1,54,1,53,1" doraHai="72" doraHaiUra="68" who="3" fromWho="0" sc="250,-77,250,0,250,0,240,87" /><INIT seed="1,0,0,3,2,70" ten="173,250,250,327" oya="1" hai0="81,92,32,128,56,42,35,7,52,69,34,11,21" hai1="107,16,77,60,33,51,1,111,109,23,10,90,133" hai2="114,29,91,119,28,115,36,134,62,44,72,45,40" hai3="63,127,58,2,75,87,9,4,14,102,57,94,121"/><U125/><E107/><V50/><F72/><W26/><G121/><T129/><D69/><U53/><E77/><V96/><F96/><W82/><G75/><T124/><D124/><U6/><E33/><V101/><F101/><W135/><G135/><T86/><D92/><U130/><E125/><V79/><F79/><W30/><G127/><T17/><D42/><U24/><E133/><V61/><F91/><W73/><G73/><T12/><D86/><U117/><E117/><V83/><F83/><W27/><G2/><T46/><D46/><U67/><E130/><V118/><F28/><W99/><G57/><T126/><D81/><U71/><REACH who="1" step="1"/><E90/><REACH who="1" ten="173,240,250,327" step="2"/><V88/><F88/><N who="3" m="51319" /><G30/><T132/><D126/><U39/><E39/><V20/><F29/><W0/><G0/><T25/><REACH who="0" step="1"/><D132/><REACH who="0" ten="163,240,250,327" step="2"/><U37/><E37/><V116/><F134/><W123/><G123/><T5/><D5/><U112/><E112/><N who="2" m="43051" /><F20/><W89/><G4/><T31/><D31/><U84/><E84/><V97/><F97/><W48/><G99/><T104/><D104/><U41/><E41/><AGARI ba="0,2" hai="36,40,41,44,45,50,61,62,116,118,119" m="43051" machi="41" ten="40,8000,1" yaku="11,1,34,2,52,1" doraHai="70" who="2" fromWho="1" sc="163,0,240,-80,250,100,327,0" /><INIT seed="2,0,0,1,0,53" ten="163,160,350,327" oya="2" hai0="127,37,67,24,49,79,39,78,100,126,4,66,95" hai1="11,86,41,116,113,7,48,17,76,5,10,107,80" hai2="129,55,71,131,8,57,51,16,72,14,77,19,123" hai3="89,102,124,109,21,12,22,26,110,90,54,38,85"/><V135/><F123/><W0/><G0/><T6/><D24/><U74/><E107/><V70/><F135/><W122/><G122/><T134/><D49/><U47/><E113/><V83/><REACH who="2" step="1"/><F19/><REACH who="2" ten="163,160,340,327" step="2"/><W20/><G124/><T81/><D134/><U82/><E116/><V13/><F13/><W99/><G110/><T112/><D112/><U43/><E17/><V120/><F120/><W118/><G109/><T36/><D95/><U101/><E7/><N who="0" m="2601" /><D81/><U61/><E5/><V27/><F27/><W46/><G12/><T130/><D130/><AGARI ba="0,1" hai="8,14,16,51,55,57,70,71,72,77,83,129,130,131" machi="130" ten="40,12000,1" yaku="1,1,19,1,52,1,54,1,53,1" doraHai="53" doraHaiUra="52" who="2" fromWho="0" sc="163,-120,160,0,340,130,327,0" /><INIT seed="2,1,0,5,4,119" ten="43,160,470,327" oya="2" hai0="89,13,82,41,47,75,17,121,63,56,134,105,35" hai1="60,74,114,28,85,83,45,67,58,32,3,96,50" hai2="79,133,38,48,106,111,110,84,16,25,21,34,99" hai3="122,39,15,100,77,90,81,29,36,69,93,52,43"/><V33/><F38/><W113/><G113/><T108/><D35/><U86/><E3/><V42/><F133/><W8/><G69/><T24/><D105/><U61/><E32/><V0/><F0/><W26/><G100/><T49/><D134/><U117/><E117/><V10/><F10/><W7/><G122/><T31/><D108/><N who="2" m="41514" /><F106/><W78/><G52/><T62/><D62/><U59/><E74/><V126/><F126/><W70/><G70/><T20/><D89/><U120/><E114/><V102/><F102/><W66/><G66/><T51/><D82/><U97/><E28/><V88/><F99/><W53/><G53/><T6/><D75/><U23/><E120/><V22/><F79/><W72/><G78/><T55/><D6/><U12/><E96/><V112/><F112/><W101/><G101/><T57/><D121/><U94/><E86/><V18/><F48/><W98/><REACH who="3" step="1"/><G43/><REACH who="3" ten="43,160,470,317" step="2"/><T103/><D103/><U68/><E68/><V46/><F42/><W129/><G129/><T130/><D130/><U9/><E61/><V124/><F124/><W1/><G1/><T118/><D118/><U40/><E60/><V4/><F46/><W91/><G91/><T30/><D24/><U80/><E40/><V92/><F4/><W44/><G44/><T127/><D127/><U135/><E45/><V109/><F109/><W125/><G125/><T107/><D107/><U128/><E128/><V14/><AGARI ba="1,1" hai="14,16,18,21,22,25,33,34,84,88,92" m="41514" machi="14" ten="30,11700,0" yaku="14,1,10,1,54,2" doraHai="119" who="2" fromWho="2" sc="43,-40,160,-40,470,130,317,-40" /><INIT seed="2,2,0,4,3,50" ten="3,120,600,277" oya="2" hai0="125,33,87,38,47,9,25,44,114,3,92,10,12" hai1="76,41,21,115,61,6,122,69,65,94,13,48,62" hai2="45,132,64,96,120,133,4,27,29,39,97,11,74" hai3="68,20,42,82,70,15,118,111,88,129,54,16,117"/><V101/><F120/><W28/><G111/><T1/><D125/><U106/><E106/><V131/><F131/><W84/><G129/><T36/><D114/><U53/><E122/><V57/><F74/><W119/><G42/><T22/><D33/><U71/><E115/><V2/><F39/><W7/><G7/><T134/><D134/><N who="2" m="51818" /><F45/><W105/><G105/><T35/><D35/><U130/><E76/><V19/><F19/><W75/><G75/><T49/><D49/><U121/><E121/><V17/><F17/><W40/><G40/><T104/><D104/><U80/><E80/><V93/><F97/><W32/><G32/><T95/><D87/><U67/><E130/><V77/><F77/><W24/><REACH who="3" step="1"/><G54/><REACH who="3" ten="3,120,600,267" step="2"/><T52/><D52/><U8/><E41/><V37/><F4/><W78/><G78/><T99/><D99/><U23/><REACH who="1" step="1"/><E94/><REACH who="1" ten="3,110,600,267" step="2"/><V112/><F93/><W56/><G56/><AGARI ba="2,2" hai="6,8,13,21,23,48,53,56,61,62,65,67,69,71" machi="56" ten="30,8000,1" yaku="1,1,2,1,7,1,9,1,52,1,53,0" doraHai="50" doraHaiUra="30" who="1" fromWho="3" sc="3,0,110,106,600,0,267,-86" /><INIT seed="3,0,0,5,0,61" ten="3,216,600,181" oya="3" hai0="128,57,89,75,38,62,119,5,20,32,80,70,131" hai1="79,100,58,129,64,56,1,121,11,18,81,72,50" hai2="35,90,44,4,118,94,45,3,109,43,16,78,31" hai3="101,99,9,2,8,30,23,73,17,13,132,83,120"/><W59/><G120/><T122/><D32/><U55/><E121/><V112/><F118/><W53/><G132/><T0/><D70/><U86/><E129/><N who="0" m="49737" /><D38/><U71/><E71/><V113/><F109/><W68/><G68/><T84/><D75/><U28/><E28/><V93/><F35/><W74/><G30/><T14/><D122/><U116/><E116/><V130/><F31/><W69/><G69/><T126/><D119/><U102/><E72/><V85/><F130/><W127/><G127/><T82/><D0/><U134/><E134/><V125/><F125/><W29/><G74/><T87/><D126/><U135/><E135/><V36/><F78/><W39/><G39/><T98/><D98/><U96/><E1/><V27/><F4/><W21/><G23/><T110/><D110/><U7/><E7/><V114/><F3/><W63/><G2/><T42/><D42/><U52/><E96/><V22/><F45/><W95/><G73/><T77/><D20/><U26/><E11/><V106/><F106/><W34/><REACH who="3" step="1"/><G83/><REACH who="3" ten="3,216,600,171" step="2"/><T66/><D14/><U40/><E81/><V103/><F112/><W60/><G60/><T48/><D48/><U37/><E50/><V117/><F117/><W41/><G41/><T24/><D5/><U88/><E40/><V6/><F6/><W76/><G76/><T115/><D115/><U49/><E37/><V123/><F123/><W33/><G33/><T111/><D111/><U67/><E79/><V124/><F124/><W25/><AGARI ba="0,1" hai="8,9,13,17,21,25,29,34,53,59,63,95,99,101" machi="25" ten="30,6000,0" yaku="1,1,0,1,53,1" doraHai="61" doraHaiUra="97" who="3" fromWho="3" sc="3,-20,216,-20,600,-20,171,70" owari="-17,-52.0,196,-20.0,580,68.0,241,4.0" /></mjloggm>