<mjloggm ver="2.3"><GO type="169" lobby="0"/><UN n0="%EF%BC%88%E2%89%A7%E2%96%BD%E2%89%A6%EF%BC%89" n1="%E6%9C%A7%E5%A4%8F%E6%9C%88" n2="%E3%81%98%E3%82%87%E3%83%BC%E3%81%99%E3%81%9F%E3%83%BC%E2%98%85" n3="%E3%83%AD%E3%83%AA%E3%83%BC%E3%82%BF%E3%81%AA%E7%84%BC%E8%82%89" dan="19,18,16,16" rate="2235.13,2177.24,2049.13,2107.92" sx="M,F,F,M"/><TAIKYOKU oya="0"/><INIT seed="0,0,0,3,1,122" ten="250,250,250,250" oya="0" hai0="83,33,124,16,62,59,63,30,112,86,17,65,13" hai1="32,75,24,61,50,69,92,0,123,107,34,116,4" hai2="125,126,93,102,22,130,20,48,7,53,8,78,110" hai3="46,77,42,96,1,82,47,100,25,14,80,131,118"/><T99/><D112/><U10/><E123/><V45/><F130/><W44/><G1/><T2/><D2/><U108/><E116/><V104/><F104/><W117/><G131/><T3/><D3/><U6/><E6/><V120/><F78/><W11/><G25/><T26/><D124/><N who="2" m="47722" /><F120/><W103/><G42/><T94/><D62/><U98/><E75/><V127/><F110/><W40/><G40/><T67/><D67/><N who="1" m="41199" /><E50/><V76/><F76/><W97/><G77/><T36/><D36/><U129/><E92/><V9/><F9/><W72/><G72/><T12/><D12/><U79/><E79/><V119/><F119/><W91/><G91/><T70/><D70/><U87/><E87/><V81/><F81/><W90/><G90/><T106/><D106/><U27/><E129/><V115/><F115/><W18/><G118/><T101/><REACH who="0" step="1"/><D13/><REACH who="0" ten="240,250,250,250" step="2"/><U114/><E114/><V66/><F127/><W71/><G71/><T134/><D134/><U54/><E107/><V29/><F66/><W121/><G117/><T68/><D68/><U58/><E0/><N who="2" m="103" /><F29/><W88/><G121/><T5/><D5/><U105/><E4/><V43/><F48/><W64/><G64/><T95/><D95/><U109/><E105/><V38/><F93/><N who="3" m="56359" /><G97/><T56/><D56/><U74/><E58/><V52/><F102/><AGARI ba="0,1" hai="11,14,18,44,46,47,80,82,100,102,103" m="56359" machi="102" ten="30,2000,0" yaku="8,1,54,1" doraHai="122" who="3" fromWho="2" sc="240,0,250,0,250,-20,250,30" /><INIT seed="1,0,0,3,5,79" ten="240,250,230,280" oya="1" hai0="63,26,62,24,29,23,123,116,45,115,49,122,18" hai1="96,65,16,102,66,7,85,112,30,106,48,8,135" hai2="81,43,113,94,6,124,83,50,125,82,12,20,56" hai3="38,37,3,73,21,98,51,33,55,36,121,70,5"/><U92/><E112/><V27/><F113/><W107/><G21/><T134/><D115/><U117/><E117/><V46/><F94/><W54/><G121/><N who="0" m="46091" /><D116/><U28/><E135/><V86/><F56/><W67/><G55/><N who="0" m="30127" /><D134/><U10/><E48/><V57/><F57/><W120/><G54/><T95/><D95/><U80/><E106/><V64/><F64/><N who="1" m="24681" /><E7/><V72/><F72/><W109/><G51/><T9/><D9/><N who="1" m="3691" /><E16/><N who="2" m="12679" /><F12/><W132/><G38/><T71/><D71/><U14/><E14/><V1/><F6/><W111/><G5/><T2/><D2/><U52/><E52/><V19/><F19/><W42/><G37/><T25/><D25/><U4/><E4/><V47/><F1/><W68/><G36/><T91/><D91/><AGARI ba="0,0" hai="28,30,80,85,91,92,96,102" m="3691,24681" machi="91" ten="30,2900,0" yaku="8,1,52,1" doraHai="79" who="1" fromWho="0" sc="240,-29,250,29,230,0,280,0" /><INIT seed="1,1,0,2,5,2" ten="211,279,230,280" oya="1" hai0="109,126,31,32,100,114,30,56,81,76,44,115,43" hai1="107,54,71,78,68,3,101,103,18,123,86,104,82" hai2="47,52,124,125,36,10,88,1,117,75,20,34,87" hai3="38,37,132,9,83,133,12,22,19,116,112,74,128"/><U7/><E123/><V98/><F75/><W16/><G112/><T5/><D126/><N who="2" m="48746" /><F34/><W58/><G58/><T11/><D109/><U39/><E39/><V91/><F117/><W21/><G128/><T99/><D56/><U35/><E35/><V102/><F20/><W49/><G49/><T14/><D32/><U60/><E54/><V106/><F87/><W48/><G48/><N who="0" m="26655" /><D115/><U118/><E118/><V95/><F106/><W96/><G116/><T29/><D114/><U89/><E18/><V46/><F46/><W72/><G96/><T80/><D76/><U41/><E41/><N who="2" m="22951" /><F52/><W130/><G130/><T73/><D73/><U25/><E107/><V13/><F1/><W57/><G57/><T59/><D59/><U33/><E104/><V134/><F134/><W40/><G40/><T129/><D129/><U63/><E71/><V55/><F55/><W62/><G62/><T23/><D23/><U50/><E50/><V45/><F45/><W90/><G22/><T110/><D110/><U26/><E63/><V113/><F113/><W97/><G38/><T67/><D67/><U4/><E3/><V51/><F51/><W93/><G37/><T64/><D64/><N who="1" m="40967" /><E33/><V27/><F27/><N who="1" m="10249" /><E78/><V111/><F111/><W77/><REACH who="3" step="1"/><G74/><REACH who="3" ten="211,279,230,270" step="2"/><T66/><D66/><U69/><E69/><V94/><F98/><W121/><G121/><T131/><D131/><U84/><E84/><V8/><F8/><W0/><G0/><T135/><D135/><U61/><E61/><V24/><F10/><W6/><G6/><T120/><D120/><U92/><E86/><V17/><F24/><AGARI ba="1,1" hai="9,12,16,19,21,24,72,77,83,90,93,97,132,133" machi="24" ten="40,8000,1" yaku="1,1,6,1,54,1,53,2" doraHai="2" doraHaiUra="15" who="3" fromWho="2" sc="211,0,279,0,230,-83,270,93" /><INIT seed="2,0,0,0,4,120" ten="211,279,147,363" oya="2" hai0="30,51,76,113,57,123,134,17,37,66,107,129,6" hai1="43,97,1,106,32,95,34,26,52,58,130,115,25" hai2="28,80,81,82,12,103,85,111,99,70,78,44,125" hai3="69,131,20,16,54,27,59,8,133,84,88,96,91"/><V86/><F70/><W56/><G69/><T132/><D37/><U110/><E115/><V112/><F28/><W15/><G133/><T101/><D76/><U100/><E1/><V73/><F112/><W119/><G119/><T128/><D113/><U74/><E74/><V117/><F117/><W3/><G3/><T23/><D30/><U114/><E114/><V13/><F125/><W127/><G127/><T5/><D123/><U63/><E130/><N who="0" m="50281" /><D101/><U72/><E72/><V116/><F116/><W24/><G131/><T83/><D83/><U60/><E43/><V18/><F44/><W31/><G54/><N who="0" m="31967" /><D107/><U65/><E106/><V33/><F33/><W42/><G42/><T118/><D66/><U49/><E34/><V4/><F4/><N who="0" m="1642" /><D118/><U98/><E32/><V11/><F73/><W41/><G41/><T2/><D2/><U62/><E65/><V105/><F81/><N who="3" m="49167" /><G27/><AGARI ba="0,0" hai="17,23,27,132,134" m="1642,31967,50281" machi="27" ten="30,1000,0" yaku="19,1" doraHai="120" who="0" fromWho="3" sc="211,10,279,0,147,0,363,-10" /><INIT seed="3,0,0,0,0,84" ten="221,279,147,353" oya="3" hai0="103,22,12,32,114,28,74,90,89,81,26,73,17" hai1="36,66,29,100,118,75,104,98,0,63,14,70,77" hai2="112,20,46,37,52,82,31,86,21,99,102,76,4" hai3="119,126,92,33,42,109,121,8,16,51,30,62,125"/><W65/><G121/><T117/><D117/><U64/><E118/><V23/><F112/><W5/><G119/><T13/><D114/><U6/><E14/><V44/><F4/><W61/><G109/><T54/><D103/><U122/><E66/><V50/><F37/><W93/><G30/><T124/><D124/><N who="3" m="47721" /><G33/><T1/><D1/><U134/><E122/><V115/><F115/><W88/><G93/><T71/><D71/><U94/><E94/><V78/><F78/><W38/><G38/><T128/><D128/><U59/><E59/><V41/><F41/><W57/><G62/><T67/><D67/><U135/><E36/><V56/><REACH who="2" step="1"/><F31/><REACH who="2" ten="221,279,137,353" step="2"/><W132/><G5/><T83/><D74/><U58/><E29/><V27/><F27/><W130/><G130/><T10/><D73/><U40/><E40/><V35/><F35/><W48/><G42/><T53/><D32/><U69/><E77/><V116/><F116/><W80/><G132/><N who="1" m="50730" /><E75/><V19/><F19/><W110/><G110/><T101/><D28/><U123/><E123/><V113/><F113/><W55/><G16/><N who="0" m="8215" /><D26/><U49/><E6/><V111/><F111/><W11/><G11/><T3/><D17/><U7/><E7/><V24/><F24/><W120/><G8/><T87/><D3/><U127/><E127/><V25/><F25/><W34/><G34/><T39/><D39/><U43/><E0/><V68/><F68/><N who="3" m="42031" /><G120/><T18/><D101/><U105/><E104/><AGARI ba="0,1" hai="20,21,23,44,46,50,52,56,76,82,86,99,102,104" machi="104" ten="40,2600,0" yaku="1,1,54,1,53,0" doraHai="84" doraHaiUra="131" who="2" fromWho="1" sc="221,0,279,-26,137,36,353,0" /><INIT seed="4,0,0,3,2,7" ten="221,253,173,353" oya="0" hai0="44,79,85,20,60,113,121,105,100,5,17,29,9" hai1="64,91,131,39,6,123,119,117,104,4,118,56,97" hai2="110,54,106,77,65,31,69,58,135,10,90,12,81" hai3="37,80,30,115,13,89,78,49,40,133,75,23,134"/><T1/><D121/><U93/><E123/><V73/><F110/><W59/><G115/><T86/><D113/><U38/><E104/><V94/><F106/><W124/><G124/><T102/><D29/><U68/><E68/><V33/><F135/><N who="3" m="51723" /><G37/><T61/><D44/><U22/><E131/><V126/><F126/><W114/><G114/><T88/><D79/><U74/><E74/><V129/><F129/><W45/><G59/><T32/><D32/><U87/><E22/><V70/><F65/><W42/><G89/><T107/><D107/><U48/><E6/><V36/><F31/><W2/><G2/><T92/><D85/><U26/><E26/><V76/><F33/><W132/><G132/><T53/><D105/><U98/><E4/><V51/><F76/><W127/><G127/><T84/><D84/><U19/><E19/><V34/><F36/><W95/><G95/><T122/><D122/><U112/><E112/><V111/><F34/><W8/><G23/><T82/><D92/><U35/><E35/><V62/><F62/><W72/><G30/><T50/><D50/><U63/><E48/><V43/><F111/><W66/><G66/><T103/><REACH who="0" step="1"/><D53/><REACH who="0" ten="211,253,173,353" step="2"/><U71/><E39/><V57/><F43/><N who="3" m="24767" /><G75/><T46/><D46/><U16/><E38/><V96/><REACH who="2" step="1"/><F58/><REACH who="2" ten="211,253,163,353" step="2"/><W101/><G42/><T116/><D116/><U120/><E120/><V47/><F47/><W52/><G40/><T108/><D108/><U0/><E56/><V28/><F28/><W3/><G52/><T41/><D41/><U18/><E118/><V130/><F130/><W67/><G72/><RYUUKYOKU ba="0,2" sc="211,15,253,-15,163,15,353,-15" hai0="1,5,9,17,20,60,61,82,86,88,100,102,103" hai2="10,12,51,54,57,69,70,73,77,81,90,94,96" /><INIT seed="4,1,2,0,1,91" ten="226,238,178,338" oya="0" hai0="98,129,25,12,37,45,39,95,121,15,135,99,74" hai1="51,16,116,62,105,77,5,108,21,73,60,109,0" hai2="65,3,103,20,128,114,127,112,131,120,52,90,53" hai3="40,78,46,24,92,42,79,122,88,134,118,19,27"/><T96/><D74/><U41/><E105/><V70/><F120/><W69/><G69/><T89/><D121/><U58/><E116/><V13/><F3/><W115/><G115/><N who="2" m="44073" /><F127/><W133/><G118/><T80/><D135/><N who="3" m="51721" /><G122/><T9/><D129/><N who="2" m="49738" /><F103/><W75/><G75/><T49/><D80/><U119/><E73/><V82/><F70/><W8/><G8/><T43/><D25/><N who="3" m="9801" /><G19/><T87/><REACH who="0" step="1"/><D15/><REACH who="0" ten="216,238,178,338" step="2"/><U71/><E119/><V102/><F13/><W132/><G132/><T38/><D38/><U54/><E0/><V106/><F82/><W34/><G34/><T57/><D57/><U110/><E58/><V18/><F106/><W117/><G117/><T44/><D44/><U101/><E71/><V107/><F107/><W35/><G35/><T123/><D123/><U104/><E104/><V130/><F130/><W67/><G67/><T28/><D28/><U59/><E59/><V50/><F65/><W22/><G46/><T72/><D72/><U23/><E110/><V1/><F1/><W4/><G78/><T68/><D68/><U17/><E77/><V81/><F81/><W66/><G79/><T93/><D93/><U85/><E109/><V84/><F50/><W7/><G66/><T55/><D55/><U94/><E51/><V124/><F53/><W56/><G56/><T14/><D14/><U76/><E54/><V125/><F52/><W126/><G92/><T26/><D26/><U29/><E108/><V83/><F125/><W63/><G126/><T86/><D86/><U61/><E76/><V113/><F124/><W6/><G42/><T64/><D64/><RYUUKYOKU ba="1,3" sc="216,30,238,-10,178,-10,338,-10" hai0="9,12,37,39,43,45,49,87,89,95,96,98,99" /><INIT seed="4,2,3,5,0,18" ten="246,228,168,328" oya="0" hai0="59,30,31,94,84,20,47,34,63,6,66,67,75" hai1="37,35,73,117,58,71,64,90,42,129,77,135,115" hai2="103,33,32,4,86,118,49,127,132,125,45,21,97" hai3="68,91,5,88,102,43,10,93,27,17,7,120,36"/><T56/><D75/><U8/><E117/><V54/><F118/><W62/><G120/><T76/><D34/><U112/><E129/><V119/><F119/><W106/><G106/><T53/><D6/><U82/><E135/><V70/><F132/><W131/><G131/><T113/><D113/><N who="1" m="43595" /><E35/><V69/><F4/><W74/><G74/><T105/><D105/><U111/><E111/><V38/><F38/><W55/><G36/><T85/><D47/><N who="1" m="24015" /><E8/><V61/><F86/><N who="0" m="33386" /><D76/><U128/><E128/><V2/><F2/><W109/><G5/><T130/><D130/><U16/><E90/><V110/><F110/><W46/><G91/><T92/><D67/><U89/><E89/><V50/><F61/><W60/><G88/><T57/><D57/><U96/><E96/><V107/><F50/><W13/><G62/><N who="0" m="36111" /><D20/><U79/><E79/><V134/><F134/><W29/><G60/><T133/><D133/><U9/><E58/><V39/><F39/><W11/><G109/><T104/><D104/><U87/><E73/><V28/><F21/><N who="3" m="15599" /><G68/><N who="2" m="26217" /><F28/><AGARI ba="2,3" hai="28,30,31,59,63,66,92,94" m="36111,33386" machi="28" ten="30,1500,0" yaku="8,1" doraHai="18" who="0" fromWho="2" sc="246,51,228,0,168,-21,328,0" /><INIT seed="4,3,0,2,0,1" ten="297,228,147,328" oya="0" hai0="25,123,118,67,115,21,58,22,104,23,60,131,50" hai1="133,113,47,127,11,54,99,126,43,46,18,103,30" hai2="4,117,32,69,57,35,2,73,106,59,53,109,20" hai3="9,62,74,44,134,100,121,6,19,135,71,33,85"/><T42/><D104/><U98/><E133/><N who="3" m="50698" /><G33/><T52/><D118/><U31/><E54/><V75/><F69/><W12/><G74/><T61/><D123/><U76/><E76/><V41/><F41/><W55/><G121/><T15/><D131/><U95/><E113/><V82/><F117/><W128/><G128/><T119/><D119/><U38/><E47/><V10/><F106/><W56/><G100/><T3/><D3/><U84/><E84/><V114/><F109/><W66/><G85/><T92/><D115/><U68/><E68/><V107/><F114/><W124/><G124/><N who="1" m="47658" /><E99/><V65/><F107/><W70/><G19/><N who="0" m="10495" /><D42/><U90/><E103/><V64/><F20/><N who="0" m="7722" /><D25/><U93/><E93/><V97/><F97/><W7/><G44/><T91/><D67/><U13/><AGARI ba="3,0" hai="11,13,18,30,31,38,43,46,90,95,98" m="47658" machi="13" ten="30,1100,0" yaku="18,1" doraHai="1" who="1" fromWho="1" sc="297,-8,228,20,147,-6,328,-6" /><INIT seed="5,0,0,3,2,68" ten="289,248,141,322" oya="1" hai0="4,34,119,99,133,88,50,23,6,77,72,113,102" hai1="83,59,86,127,9,56,69,14,24,78,96,3,10" hai2="82,123,73,112,130,67,37,79,25,107,110,94,8" hai3="106,33,43,128,121,20,92,44,60,66,49,36,13"/><U132/><E69/><V15/><F123/><W55/><G106/><T28/><D119/><U81/><E127/><V108/><F107/><W116/><G33/><T57/><D34/><U75/><E132/><V87/><F112/><W64/><G121/><T27/><D113/><U125/><E125/><V48/><F130/><W53/><G128/><T31/><D31/><U135/><E135/><V61/><F25/><W17/><G116/><T16/><D133/><U70/><E70/><V65/><F48/><W91/><G60/><T111/><D111/><U26/><E96/><V101/><F37/><W114/><G114/><T103/><D28/><U74/><E3/><V122/><F122/><W2/><G2/><T47/><D57/><U63/><E59/><V21/><F21/><W90/><G90/><T39/><D39/><U109/><E109/><V89/><F101/><N who="0" m="38410" /><D77/><U62/><E62/><V120/><F120/><W98/><G55/><N who="0" m="30175" /><D72/><U5/><E10/><V40/><F40/><W115/><G115/><T95/><AGARI ba="0,0" hai="4,6,16,23,27,88,95,99" m="30175,38410" machi="95" ten="30,4000,0" yaku="8,1,54,2" doraHai="68" who="0" fromWho="0" sc="289,40,248,-20,141,-10,322,-10" /><INIT seed="6,0,0,4,0,123" ten="329,228,131,312" oya="2" hai0="5,126,39,29,16,93,38,100,35,2,25,23,85" hai1="40,104,105,103,52,122,62,94,59,120,9,135,80" hai2="60,97,132,129,13,8,43,82,28,0,86,131,79" hai3="22,19,7,55,121,112,87,118,111,69,81,44,127"/><V108/><F0/><W95/><G69/><T50/><D126/><U88/><E135/><V20/><F132/><W61/><G121/><N who="1" m="46698" /><E40/><V54/><F43/><W10/><G118/><T115/><D115/><U63/><E103/><V14/><F97/><W11/><G111/><T15/><D50/><N who="1" m="31127" /><E80/><V30/><F108/><W51/><G112/><T71/><D71/><U58/><E9/><V78/><F78/><W33/><G33/><T53/><D53/><N who="1" m="34127" /><E63/><V76/><F76/><W65/><G11/><N who="0" m="2487" /><D100/><U31/><E31/><N who="2" m="11819" /><F20/><W73/><G10/><T101/><D101/><U130/><E130/><N who="2" m="49675" /><F8/><W21/><G22/><T124/><D124/><U34/><E34/><V96/><F96/><AGARI ba="0,0" hai="88,94,96,104,105" m="34127,31127,46698" machi="96" ten="30,3900,0" yaku="13,1,54,2" doraHai="123" who="1" fromWho="2" sc="329,0,228,39,131,-39,312,0" /><INIT seed="7,0,0,3,1,64" ten="329,267,92,312" oya="3" hai0="120,25,93,65,126,48,107,16,128,14,132,131,110" hai1="90,24,71,129,102,37,113,28,79,73,77,76,56" hai2="13,86,20,134,109,6,135,33,116,40,4,52,133" hai3="99,0,123,112,12,50,66,72,91,43,97,82,34"/><W1/><G34/><T42/><D110/><U17/><E113/><V62/><F109/><W45/><G112/><T5/><D120/><U38/><E73/><V100/><F33/><W78/><G123/><T26/><D107/><U41/><E129/><N who="0" m="49737" /><D132/><U122/><E122/><V111/><F40/><W94/><G66/><T10/><D126/><U108/><E108/><V63/><F111/><W124/><G124/><T125/><D125/><U92/><E102/><V55/><F100/><W84/><REACH who="3" step="1"/><G12/><REACH who="3" ten="329,267,92,302" step="2"/><N who="0" m="5199" /><D65/><U11/><E41/><V95/><F116/><W96/><AGARI ba="0,1" hai="0,1,43,45,50,72,78,82,84,91,94,96,97,99" machi="96" ten="30,3000,0" yaku="1,1,0,1,53,0" doraHai="64" doraHaiUra="29" who="3" fromWho="3" sc="329,-10,267,-10,92,-10,302,40" owari="319,12.0,257,-14.0,82,-42.0,342,44.0" /></mjloggm>