<mjloggm ver="2.3"><GO type="41"/><UN n0="%74%61%6B%65%61%6B%69" n1="%EF%BC%9C%E8%A5%BF%E8%A1%8C%E5%AF%BA%E5%B9%BD%E3%80%85%E5%AD%90%EF%BC%9E" n2="%EF%BC%88%E2%89%A7%E2%96%BD%E2%89%A6%EF%BC%89" n3="%42%6C%75%65%48%65%72%62" dan="13,13,15,13" rate="1853,1968,2045,1865" sx="M,M,M,M"/><TAIKYOKU oya="0"/><INIT seed="0,0,0,3,2,5" ten="250,250,250,250" oya="0" hai0="135,27,29,101,84,128,32,41,60,80,40,2,34" hai1="100,16,36,92,115,121,9,112,31,13,62,37,67" hai2="96,17,4,71,19,109,1,53,49,20,21,38,82" hai3="3,126,75,79,103,68,119,22,43,78,106,66,69"/><T88/><D135/><U24/><E121/><V72/><F38/><W23/><G3/><T70/><D128/><U104/><E104/><V30/><F71/><W123/><G43/><T131/><D131/><U0/><E0/><V93/><F109/><W14/><G119/><T48/><D2/><U125/><E125/><V130/><F130/><W89/><G126/><T58/><D70/><U108/><E108/><V61/><F61/><W56/><G89/><T11/><D101/><U6/><E6/><V65/><F65/><W91/><G91/><T132/><D132/><U133/><E133/><V99/><F30/><W134/><G103/><T102/><D102/><U81/><E81/><V25/><F72/><W113/><G106/><T64/><D48/><U12/><E12/><V114/><F114/><N who="1" m="43561" /><E92/><V33/><F82/><W45/><G113/><T86/><D34/><N who="1" m="20839" /><E100/><V73/><F73/><W47/><G134/><T120/><D120/><U59/><AGARI ba="0,0" hai="9,13,16,36,37,59,62,67" m="20839,43561" machi="59" ten="30,4000,0" yaku="11,1,52,1,54,1" doraHai="5" who="1" fromWho="1" sc="250,-20,250,40,250,-10,250,-10" /><INIT seed="1,0,0,1,0,118" ten="230,290,240,240" oya="1" hai0="76,112,63,83,3,74,34,35,21,47,2,29,5" hai1="39,16,130,114,28,110,116,102,54,25,82,88,97" hai2="101,36,1,56,134,93,26,9,100,94,32,46,12" hai3="123,126,57,91,33,37,122,20,79,4,73,80,53"/><U66/><E116/><V72/><F1/><W14/><G37/><T108/><D112/><U89/><E114/><V43/><F134/><W77/><G33/><T24/><D108/><U31/><E110/><V30/><F72/><W60/><G126/><T69/><D47/><U109/><E39/><V75/><F75/><W95/><G79/><T19/><D5/><U133/><E133/><V13/><F56/><W107/><G107/><T86/><D74/><U103/><E130/><V124/><F124/><W44/><G44/><T111/><D111/><U129/><E129/><V87/><F87/><W131/><G131/><T17/><D17/><U6/><E6/><V59/><F59/><W15/><G15/><T51/><D51/><U92/><E66/><V128/><F128/><W62/><G62/><T61/><D35/><U84/><E109/><V68/><F68/><W49/><G60/><T10/><D10/><U115/><E54/><V132/><F132/><W18/><G4/><T23/><D34/><U8/><E115/><V81/><F81/><W127/><G127/><T7/><D7/><U121/><E121/><V22/><F32/><W119/><G119/><T85/><D85/><AGARI ba="0,0" hai="14,18,20,49,53,57,73,77,80,85,91,95,122,123" machi="85" ten="30,8000,1" yaku="7,1,25,2,52,2" doraHai="118" who="3" fromWho="0" sc="230,-80,290,0,240,0,240,80" /><INIT seed="2,0,0,4,1,75" ten="150,290,240,320" oya="2" hai0="113,59,7,133,1,95,96,32,11,35,26,104,91" hai1="28,39,76,49,47,110,72,53,61,73,16,131,25" hai2="66,30,36,22,6,67,93,101,83,10,107,64,132" hai3="34,33,121,123,129,2,117,92,54,38,105,85,31"/><V116/><F116/><W27/><G38/><T78/><D113/><U90/><E110/><V119/><F119/><W48/><G117/><T79/><D133/><U15/><E131/><V80/><F132/><W55/><G105/><T126/><D126/><U106/><E106/><V17/><F36/><W57/><G2/><T37/><D37/><U44/><E90/><V87/><F30/><W124/><G129/><T24/><D104/><U109/><E109/><V82/><F107/><W71/><G71/><T127/><D127/><U102/><E102/><V70/><F70/><W3/><G3/><T52/><D35/><U128/><E128/><V115/><F115/><W111/><G111/><T120/><D120/><U12/><E15/><V13/><F101/><W99/><G124/><T98/><D98/><U81/><E72/><V84/><REACH who="2" step="1"/><F93/><REACH who="2" step="2"/><W135/><G135/><T74/><D32/><U89/><E39/><V125/><F125/><W50/><G34/><T0/><D0/><AGARI ba="0,1" hai="0,6,10,13,17,22,64,66,67,80,82,83,84,87" machi="0" ten="40,2000,0" yaku="1,1,53,0" doraHai="75" doraHaiUra="112" who="2" fromWho="0" sc="150,-20,290,0,230,30,320,0" /><INIT seed="2,1,0,5,1,35" ten="130,290,260,320" oya="2" hai0="33,29,17,25,61,18,21,36,6,134,90,103,77" hai1="32,73,130,97,107,63,70,56,101,52,55,43,40" hai2="102,67,0,78,124,14,128,39,100,125,76,64,27" hai3="79,91,121,113,68,1,41,19,86,38,13,99,114"/><V16/><F39/><W12/><G68/><T71/><D36/><U48/><E73/><V83/><F27/><W37/><G121/><T28/><D77/><N who="2" m="29802" /><F83/><W53/><G41/><T10/><D103/><N who="2" m="39466" /><F128/><W109/><G79/><T22/><D90/><U42/><E130/><V112/><F112/><N who="3" m="43115" /><G99/><T49/><D49/><U123/><E123/><V85/><F85/><W87/><G109/><T120/><D61/><U60/><E32/><V84/><F84/><N who="3" m="32299" /><G91/><T131/><D71/><U93/><E107/><V110/><F110/><W132/><G132/><T106/><D106/><U105/><E105/><V115/><F115/><W108/><G108/><T62/><D62/><U89/><E101/><V98/><F98/><W3/><G53/><T11/><D120/><U34/><E34/><V59/><F59/><W88/><G88/><T9/><D131/><U126/><E126/><N who="2" m="48747" /><F0/><N who="3" m="75" /><G13/><N who="0" m="5303" /><D134/><U4/><E4/><V20/><AGARI ba="1,0" hai="14,16,20,64,67" m="48747,39466,29802" machi="20" ten="30,3000,0" yaku="18,1,54,1" doraHai="35" who="2" fromWho="2" sc="130,-11,290,-11,260,33,320,-11" /><INIT seed="2,2,0,3,3,3" ten="119,279,293,309" oya="2" hai0="121,123,117,23,51,109,0,92,73,26,16,86,113" hai1="87,2,36,38,134,88,60,129,102,94,96,91,101" hai2="74,30,75,62,89,64,116,110,114,99,56,27,128" hai3="18,70,11,40,83,17,24,124,100,130,39,80,48"/><V7/><F116/><W52/><G70/><T126/><D117/><U33/><E33/><V93/><F114/><W78/><G130/><T44/><D113/><U6/><E134/><V1/><F128/><W22/><G124/><T76/><D126/><U42/><E129/><V57/><F110/><W28/><G100/><T104/><D109/><U10/><E38/><V125/><F125/><W8/><G40/><T63/><D104/><U54/><E36/><V79/><F79/><W122/><G39/><T35/><D0/><U65/><E54/><V14/><F1/><W90/><G90/><T120/><D35/><U58/><REACH who="1" step="1"/><E42/><REACH who="1" step="2"/><V135/><F135/><W77/><G122/><T132/><D132/><U55/><E55/><V29/><F56/><W66/><G66/><T105/><D123/><U72/><E72/><V133/><F133/><W13/><G52/><T53/><D73/><U37/><E37/><V50/><F50/><W61/><G61/><T111/><D63/><U12/><E12/><V84/><F75/><W115/><G115/><T45/><D111/><U68/><E68/><V119/><F74/><W46/><G48/><T32/><D121/><U103/><E103/><V131/><F131/><W31/><G13/><T127/><D127/><U82/><AGARI ba="2,1" hai="2,6,10,58,60,65,82,87,88,91,94,96,101,102" machi="82" ten="20,8000,1" yaku="1,1,0,1,7,1,52,1,54,1,53,0" doraHai="3" doraHaiUra="49" who="1" fromWho="1" sc="119,-22,269,96,293,-42,309,-22" /><INIT seed="3,0,0,1,2,116" ten="97,365,251,287" oya="3" hai0="50,124,106,43,102,54,28,33,10,57,22,8,53" hai1="90,79,46,67,88,73,110,135,95,130,18,9,103" hai2="52,31,109,42,0,15,93,81,30,63,115,96,125" hai3="21,104,74,97,80,16,59,105,62,129,65,99,4"/><W40/><G129/><T89/><D33/><U55/><E130/><V128/><F115/><W132/><G4/><T68/><D124/><U49/><E110/><V1/><F128/><W70/><G132/><T35/><D68/><U100/><E135/><V56/><F125/><W91/><G40/><T122/><D122/><U101/><E67/><V51/><F109/><W84/><G74/><T76/><D35/><U123/><E123/><V19/><F81/><W34/><G34/><T69/><D69/><U14/><REACH who="1" step="1"/><E95/><REACH who="1" step="2"/><V86/><F93/><W134/><G134/><T38/><D106/><U114/><E114/><V117/><F117/><W127/><G127/><T25/><D38/><U72/><E72/><V47/><F0/><W12/><G104/><T120/><D120/><U133/><E133/><V41/><F1/><W32/><G105/><T94/><D94/><U121/><E121/><V36/><F96/><W98/><G70/><T111/><D111/><U24/><E24/><V29/><F86/><W26/><REACH who="3" step="1"/><G32/><REACH who="3" step="2"/><T39/><D43/><U17/><E17/><V61/><REACH who="2" step="1"/><F41/><REACH who="2" step="2"/><W126/><G126/><T131/><D131/><U3/><E3/><V20/><AGARI ba="0,3" hai="15,19,20,29,30,31,36,42,47,51,52,56,61,63" machi="20" ten="30,7900,0" yaku="1,1,2,1,0,1,54,1,53,0" doraHai="116" doraHaiUra="85" who="2" fromWho="2" sc="97,-20,355,-20,241,109,277,-39" /><INIT seed="4,0,0,3,0,20" ten="77,335,350,238" oya="0" hai0="109,100,131,96,90,57,61,95,22,126,43,0,12" hai1="10,49,36,2,17,73,75,92,58,66,23,16,78" hai2="45,72,33,114,60,44,47,1,134,14,77,123,81" hai3="67,7,97,102,69,112,113,32,13,35,37,40,84"/><T106/><D109/><U130/><E36/><V71/><F1/><W53/><G84/><T6/><D131/><U74/><E130/><V11/><F123/><W42/><G37/><T25/><D126/><U94/><E17/><V80/><F33/><W31/><G53/><T89/><D0/><U62/><E78/><V91/><F114/><N who="3" m="44139" /><G67/><T132/><D43/><N who="3" m="16425" /><G69/><T76/><D76/><U104/><E49/><V99/><F134/><W86/><G86/><T98/><D132/><U101/><E101/><V103/><F81/><W125/><G31/><T88/><D6/><U115/><E104/><V70/><F91/><W120/><G125/><T128/><D12/><U122/><E122/><V27/><F60/><W116/><G120/><T63/><D128/><U52/><E66/><V64/><F64/><W124/><G116/><T93/><D106/><U111/><E111/><V28/><F99/><W54/><G54/><N who="0" m="33975" /><D63/><U110/><E110/><V5/><F103/><W48/><G48/><T108/><D108/><U118/><E118/><V121/><F121/><W8/><G124/><T39/><D39/><U119/><E119/><V55/><F55/><W34/><G34/><T19/><AGARI ba="0,0" hai="19,22,25,88,89,90,93,95,96,98,100" m="33975" machi="19" ten="30,11700,0" yaku="25,1,8,1,52,1,54,1" doraHai="20" who="0" fromWho="0" sc="77,117,335,-39,350,-39,238,-39" /><INIT seed="4,1,0,1,2,114" ten="194,296,311,199" oya="0" hai0="103,105,87,10,91,79,113,85,21,12,112,83,81" hai1="120,95,23,76,92,106,132,133,2,118,98,100,9" hai2="55,111,127,110,116,66,71,128,64,50,43,35,45" hai3="69,16,58,54,30,88,5,102,78,24,61,6,86"/><T46/><D46/><U38/><E38/><N who="2" m="21751" /><F35/><W62/><G102/><T82/><D21/><U122/><E23/><V126/><F128/><W11/><G78/><N who="0" m="46263" /><D12/><U52/><E52/><V80/><F80/><W33/><G69/><T60/><D60/><U67/><E67/><N who="2" m="25643" /><F71/><W37/><G37/><T36/><D10/><U49/><E49/><V65/><F65/><W22/><G62/><T41/><D41/><U63/><E63/><V4/><F4/><W104/><G104/><T56/><D56/><U27/><E76/><V135/><F135/><N who="1" m="51785" /><E27/><V117/><F111/><W14/><G33/><T25/><D25/><U47/><E47/><N who="2" m="28127" /><F110/><W96/><G96/><N who="0" m="61671" /><D36/><U99/><E9/><V59/><F59/><W68/><G68/><T77/><D82/><AGARI ba="1,0" hai="5,6,11,14,16,22,24,30,54,58,61,82,86,88" machi="82" ten="30,7700,0" yaku="7,1,8,1,54,2" doraHai="114" who="3" fromWho="0" sc="194,-80,296,0,311,0,199,80" /><INIT seed="5,0,0,3,1,42" ten="114,296,311,279" oya="1" hai0="11,80,125,49,111,37,29,5,54,103,105,127,16" hai1="115,112,128,66,122,71,106,69,74,120,67,4,14" hai2="23,21,13,59,81,51,76,78,60,57,39,113,31" hai3="98,121,3,58,96,19,24,107,124,84,10,22,116"/><U134/><E106/><V65/><F39/><W45/><G121/><N who="1" m="46698" /><E74/><V48/><F113/><N who="1" m="43593" /><E4/><V135/><F135/><W92/><G124/><N who="0" m="47691" /><D111/><U17/><E134/><V93/><F31/><W44/><G58/><N who="0" m="33103" /><D29/><U53/><E53/><V52/><F48/><W102/><G84/><T61/><D5/><U1/><E1/><V20/><F93/><W68/><G68/><N who="1" m="26186" /><E128/><V133/><F133/><W40/><G116/><T85/><D37/><U25/><E25/><V114/><F114/><W117/><G40/><T27/><D105/><U35/><E35/><V55/><F55/><W126/><G117/><T99/><D99/><U83/><E83/><V123/><F123/><W100/><G126/><T15/><D103/><U32/><E32/><V56/><F56/><W131/><G131/><T108/><D27/><U12/><E17/><V2/><F2/><W97/><G97/><T130/><D130/><U94/><E94/><V82/><F13/><AGARI ba="0,0" hai="12,13,14,66,67" m="26186,43593,46698" machi="13" ten="40,7700,0" yaku="28,2,15,1" doraHai="42" who="1" fromWho="2" sc="114,0,296,77,311,-77,279,0" /><INIT seed="5,1,0,1,4,1" ten="114,373,234,279" oya="1" hai0="135,85,74,19,12,2,123,81,109,121,29,125,64" hai1="82,26,52,133,21,51,57,75,33,86,73,27,71" hai2="95,118,53,23,90,10,93,115,7,40,104,131,42" hai3="14,111,97,35,103,16,107,105,77,128,34,39,70"/><U59/><E71/><V101/><F118/><W50/><G111/><T43/><D109/><U110/><E110/><V78/><F131/><W79/><G128/><T114/><D74/><U122/><E122/><N who="0" m="46601" /><D114/><U124/><E124/><V127/><F127/><W134/><G134/><T41/><D125/><U87/><E133/><V48/><F115/><W99/><G70/><T89/><D135/><U69/><E69/><V106/><F78/><W84/><G39/><T18/><D64/><U54/><E33/><V25/><F106/><W63/><G63/><T5/><D29/><U96/><E96/><N who="2" m="59551" /><F104/><W83/><G50/><T60/><D60/><U68/><E68/><V46/><F10/><W98/><G98/><T80/><D2/><U6/><E6/><V58/><F46/><W130/><G130/><T67/><D67/><U102/><E102/><V56/><F56/><W20/><G79/><T132/><D132/><U113/><E113/><V55/><F53/><W44/><G44/><T4/><D12/><U3/><E3/><V37/><F37/><W91/><G77/><T100/><D100/><AGARI ba="1,0" hai="14,16,20,34,35,83,84,91,97,99,100,103,105,107" machi="100" ten="40,2600,0" yaku="9,1,54,1" doraHai="1" who="3" fromWho="0" sc="114,-29,373,0,234,0,279,29" /><INIT seed="6,0,0,4,0,68" ten="85,373,234,308" oya="2" hai0="4,61,22,20,81,103,105,1,112,113,78,34,10" hai1="64,95,104,42,74,63,62,40,13,91,7,30,76" hai2="134,111,24,72,117,54,23,66,93,25,88,39,43" hai3="85,60,41,132,92,94,82,9,123,84,98,56,53"/><V5/><F117/><W50/><G123/><T58/><D34/><U116/><E116/><V14/><F72/><W97/><G132/><T15/><D105/><U114/><E104/><V27/><F134/><W11/><G41/><T38/><D103/><U102/><E114/><V35/><F35/><W31/><G31/><T129/><D129/><U87/><E102/><V16/><F111/><W130/><G130/><T119/><D119/><U2/><E30/><V29/><F66/><W33/><G33/><T89/><D89/><U83/><E2/><V57/><F5/><W115/><G115/><N who="0" m="44107" /><D1/><U0/><E0/><V75/><F75/><W6/><G6/><T69/><D69/><U80/><E63/><N who="2" m="36279" /><F43/><W44/><G84/><N who="0" m="48183" /><D20/><U133/><E133/><V120/><F120/><W18/><G85/><T122/><D22/><U71/><E83/><V12/><F39/><W48/><G82/><T32/><D32/><U126/><E42/><V128/><F128/><W86/><G86/><T73/><D73/><U124/><E40/><V37/><F37/><W135/><G135/><T90/><D90/><U59/><E71/><V100/><F100/><W106/><G106/><T55/><D122/><U67/><E67/><V49/><F49/><W21/><G48/><T79/><D79/><U96/><E74/><V121/><F121/><W46/><G50/><T51/><D51/><U3/><E3/><V17/><F29/><W52/><G60/><T131/><D131/><U77/><E77/><V45/><F23/><W8/><G21/><T70/><D70/><U125/><E7/><V36/><F36/><AGARI ba="0,0" hai="4,10,15,36,38,55,58,61" m="48183,44107" machi="36" ten="30,7700,0" yaku="6,1,15,1,52,2" doraHai="68" who="0" fromWho="2" sc="85,77,373,0,234,-77,308,0" /><INIT seed="7,0,0,1,5,80" ten="162,373,157,308" oya="3" hai0="7,77,97,66,60,79,87,62,11,106,38,89,42" hai1="30,105,75,12,119,129,55,100,132,68,18,99,123" hai2="20,133,40,32,109,69,47,110,8,25,78,33,114" hai3="58,19,91,26,28,27,49,3,107,2,120,74,104"/><W64/><G74/><T131/><D131/><U135/><E68/><V130/><F69/><W134/><G134/><N who="1" m="51242" /><E123/><V83/><F130/><W41/><G120/><T85/><D38/><U39/><E129/><V82/><F133/><W73/><G73/><T23/><D42/><U51/><E39/><V116/><F116/><W54/><G41/><T71/><D23/><N who="1" m="11719" /><E30/><V72/><F114/><W53/><G64/><T96/><D106/><U36/><E36/><V101/><F101/><W0/><G91/><T31/><D31/><U16/><E16/><V29/><F83/><W112/><G112/><T128/><D128/><U121/><E121/><V98/><F98/><W21/><REACH who="3" step="1"/><G54/><REACH who="3" step="2"/><T117/><D117/><U111/><E75/><V122/><F122/><W88/><G88/><T125/><D89/><U84/><E119/><V126/><F126/><W44/><G44/><T59/><D66/><U61/><E61/><V14/><F110/><W10/><G10/><T124/><D11/><U102/><E111/><V37/><REACH who="2" step="1"/><F109/><REACH who="2" step="2"/><W76/><G76/><T50/><D79/><U43/><E102/><V56/><F56/><W65/><G65/><T90/><D59/><U4/><E100/><V24/><F24/><W46/><G46/><T57/><D57/><U9/><E105/><V113/><F113/><W15/><G15/><T92/><D77/><U63/><E63/><V22/><F22/><AGARI ba="0,2" hai="0,2,3,19,21,22,26,27,28,49,53,58,104,107" machi="22" ten="40,12000,1" yaku="1,1,53,3" doraHai="80" doraHaiUra="35" who="3" fromWho="2" sc="162,0,373,0,147,-120,298,140" owari="162,-24.0,373,17.0,27,-47.0,438,54.0" /></mjloggm>