<mjloggm ver="2.3"><GO type="41"/><UN n0="%E3%82%A6%E3%83%AB%E3%83%88%E3%83%A9%E7%AB%8B%E7%9B%B4" n1="%6B%75%73%6F%6A%69%6A%69" n2="%EF%BC%B3%E3%83%9E" n3="%53%70%75%67" dan="15,16,13,14" rate="1980,2038,1900,1898" sx="M,M,M,M"/><TAIKYOKU oya="0"/><INIT seed="0,0,0,2,5,36" ten="250,250,250,250" oya="0" hai0="37,107,125,109,105,77,51,41,63,84,15,112,46" hai1="92,72,53,19,93,96,32,6,23,54,117,116,21" hai2="75,129,62,111,135,20,128,81,59,2,50,133,131" hai3="12,13,25,90,39,17,4,122,34,43,24,115,97"/><T29/><D112/><U57/><E32/><V91/><F2/><W65/><G122/><T58/><D105/><U86/><E72/><V99/><F20/><W106/><G115/><T47/><D107/><U119/><E6/><V38/><F38/><W94/><G65/><N who="0" m="39159" /><D29/><U11/><E11/><V8/><F8/><W95/><G106/><T120/><D84/><U98/><E86/><V110/><F99/><W113/><G34/><T55/><D15/><U80/><E80/><V44/><F91/><W124/><G113/><T123/><D77/><U126/><E126/><V26/><F26/><W33/><G124/><T121/><D125/><U64/><E64/><N who="2" m="39007" /><F81/><W30/><G33/><T5/><D5/><U79/><E79/><V28/><F28/><W118/><G30/><T7/><D7/><U27/><E57/><V22/><F22/><W0/><G13/><T31/><D31/><U82/><E82/><V100/><F100/><W89/><G4/><T83/><D83/><U87/><E87/><V3/><F75/><W101/><G0/><T61/><D61/><U42/><E119/><V67/><F67/><W69/><G118/><T104/><D104/><U70/><E27/><V78/><F78/><W48/><G24/><T52/><D55/><U114/><E114/><V130/><N who="2" m="33280" /><DORA hai="9" /><V16/><F3/><W102/><G25/><T108/><AGARI ba="0,0" hai="37,41,46,47,51,52,108,109,120,121,123" m="39159" machi="108" ten="40,12000,1" yaku="34,2,52,1,54,1" doraHai="36,9" who="0" fromWho="0" sc="250,120,250,-40,250,-40,250,-40" /><INIT seed="0,1,0,1,0,131" ten="370,210,210,210" oya="0" hai0="43,120,107,87,48,102,100,121,85,39,1,66,26" hai1="11,5,45,125,62,104,72,8,30,119,82,70,60" hai2="88,127,18,24,113,27,118,77,58,111,130,53,35" hai3="28,31,16,105,33,110,124,97,67,103,129,10,106"/><T55/><D1/><U92/><E119/><V3/><F118/><W17/><G129/><T0/><D0/><U69/><E104/><V57/><F113/><W101/><G67/><T86/><D66/><U65/><E125/><V14/><F130/><W73/><G73/><T4/><D4/><U74/><E65/><V7/><F77/><W49/><G124/><T135/><D43/><U91/><E5/><V123/><F123/><W75/><G75/><T76/><D39/><U61/><E45/><V81/><F3/><W59/><G10/><T112/><D26/><U79/><E30/><V47/><F35/><W20/><G33/><T114/><D48/><U9/><REACH who="1" step="1"/><E74/><REACH who="1" ten="370,200,210,210" step="2"/><V41/><F7/><W40/><G17/><T23/><D107/><U83/><E83/><V15/><F127/><W64/><G105/><T80/><D55/><U56/><E56/><V21/><F53/><W133/><G64/><T51/><D120/><U122/><E122/><V12/><F81/><W46/><G106/><T32/><D121/><U109/><E109/><V50/><F111/><W38/><G59/><T93/><D80/><U29/><E29/><V128/><F128/><W84/><G31/><T115/><D115/><U78/><E78/><V36/><F58/><W63/><G28/><T98/><D76/><U42/><E42/><V117/><F117/><W44/><G40/><T108/><D108/><U34/><E34/><V25/><F36/><W96/><G38/><T13/><D32/><U19/><E19/><V6/><F6/><W95/><G110/><T71/><D114/><U116/><E116/><RYUUKYOKU ba="1,1" sc="370,-10,200,30,210,-10,210,-10" hai1="8,9,11,60,61,62,69,70,72,79,82,91,92" /><INIT seed="1,2,1,5,2,33" ten="360,230,200,200" oya="1" hai0="72,60,135,83,119,8,133,30,120,29,114,54,37" hai1="46,92,87,103,44,58,82,98,17,75,71,38,50" hai2="124,95,25,15,129,86,42,108,52,7,126,47,67" hai3="56,27,116,31,43,23,128,111,134,80,68,66,65"/><U1/><E71/><V11/><F67/><W57/><G68/><T59/><D119/><U130/><E130/><V28/><F108/><W70/><G116/><T77/><D114/><U88/><E38/><V123/><F123/><W12/><G111/><T4/><D37/><U122/><E122/><V74/><F74/><W84/><G70/><T125/><D120/><U73/><E17/><V85/><F129/><W6/><G43/><T34/><D125/><N who="2" m="48234" /><F95/><W51/><G134/><N who="0" m="51211" /><D34/><U3/><E58/><V19/><F19/><W0/><G128/><T118/><D118/><U96/><E46/><V22/><F42/><W109/><G109/><T81/><D81/><U69/><E69/><V89/><F89/><W16/><G31/><T117/><D117/><U32/><E32/><V76/><F76/><W99/><G99/><T13/><AGARI ba="2,1" hai="4,8,13,29,30,54,59,60,72,77,83" m="51211" machi="13" ten="30,1100,0" yaku="20,1" doraHai="33" who="0" fromWho="0" sc="360,27,230,-7,200,-5,200,-5" /><INIT seed="2,0,0,2,0,80" ten="387,223,195,195" oya="2" hai0="96,41,97,16,30,85,105,34,7,22,91,24,62" hai1="83,104,72,17,59,124,36,133,13,123,110,131,38" hai2="56,75,5,109,127,29,89,113,100,51,76,71,122" hai3="1,116,73,114,48,86,20,132,60,32,111,42,11"/><V49/><F122/><W8/><G73/><T57/><D105/><U81/><E123/><V40/><F113/><W15/><G32/><T18/><D7/><U134/><E104/><V27/><F71/><W23/><G116/><T39/><D41/><U98/><E134/><V118/><F118/><W78/><G1/><T35/><D39/><U2/><E110/><V82/><F100/><W14/><G132/><T67/><D34/><U94/><E2/><V103/><F103/><W121/><G60/><T45/><D45/><U115/><E115/><V88/><F5/><W25/><G111/><T106/><D106/><U0/><E133/><V10/><F10/><W3/><G3/><T95/><D35/><U99/><E0/><V31/><F109/><W61/><G61/><T119/><D119/><U68/><E68/><V126/><F49/><W87/><G121/><T120/><D120/><U63/><E38/><V44/><F56/><W90/><G25/><T52/><D67/><U26/><E36/><V84/><F75/><W135/><G135/><T108/><D108/><U33/><E72/><V4/><F4/><W112/><G112/><T21/><D30/><U79/><E33/><V12/><F12/><AGARI ba="0,0" hai="12,16,18,21,22,24,52,57,62,85,91,95,96,97" machi="12" ten="30,8000,1" yaku="7,1,8,1,52,1,54,2" doraHai="80" who="0" fromWho="2" sc="387,80,223,0,195,-80,195,0" /><INIT seed="3,0,0,1,3,35" ten="467,223,115,195" oya="3" hai0="116,131,130,82,47,83,8,91,22,39,100,88,94" hai1="31,66,117,69,85,92,108,14,89,37,46,63,16" hai2="58,49,104,21,36,90,25,110,115,55,120,73,126" hai3="87,64,59,133,1,51,95,98,80,15,65,7,5"/><W121/><G121/><T29/><D116/><U11/><E117/><V114/><F36/><W40/><G7/><T119/><D119/><U62/><E108/><V132/><F110/><W57/><G59/><T135/><D100/><U41/><E63/><V67/><F104/><W123/><G123/><T18/><D91/><U122/><E122/><V13/><F73/><W19/><G40/><N who="0" m="22943" /><D29/><U125/><E31/><V105/><F105/><W26/><G26/><N who="0" m="14679" /><D8/><U0/><REACH who="1" step="1"/><E125/><REACH who="1" ten="467,213,115,195" step="2"/><V78/><F126/><W103/><G51/><T33/><D33/><U106/><E106/><V111/><F120/><W20/><G57/><T27/><D135/><U74/><E74/><V128/><F132/><W52/><G133/><T71/><D71/><U68/><E68/><V48/><F111/><W70/><G70/><T45/><D45/><U127/><E127/><V72/><F72/><W53/><G64/><T81/><D27/><U60/><E60/><V38/><F25/><W96/><G65/><T129/><D82/><U102/><E102/><V109/><F109/><W4/><G4/><T134/><D134/><U77/><E77/><V118/><F118/><W101/><G101/><T61/><D61/><U42/><E42/><V50/><F67/><W112/><G112/><T79/><D79/><U56/><E56/><V76/><F115/><W107/><G107/><T17/><D17/><U24/><E24/><V124/><F114/><W75/><G75/><T32/><D32/><U2/><AGARI ba="0,1" hai="0,2,11,14,16,37,41,46,62,66,69,85,89,92" machi="2" ten="30,12000,2" yaku="1,1,0,1,52,2,54,1,53,1" doraHai="35" doraHaiUra="12" who="1" fromWho="1" sc="467,-30,213,130,115,-30,195,-60" /><INIT seed="4,0,0,1,4,127" ten="437,343,85,135" oya="0" hai0="119,55,131,30,50,126,32,112,89,109,58,9,129" hai1="37,59,60,51,92,36,116,111,73,81,10,71,124" hai2="107,108,132,79,25,99,85,84,72,3,31,68,91" hai3="28,65,1,96,24,27,63,76,19,47,18,106,35"/><T95/><D119/><U12/><E124/><V53/><F68/><W33/><G1/><T56/><D126/><U86/><E116/><V26/><F108/><W77/><G47/><T49/><D109/><U128/><E111/><V8/><F132/><W62/><G62/><T29/><D9/><U38/><E92/><V67/><F67/><W64/><G64/><T114/><D32/><U39/><E51/><V100/><F53/><W123/><G123/><T130/><D30/><U83/><E71/><V61/><F31/><W16/><G27/><T46/><D29/><U57/><E73/><V120/><F120/><W98/><G98/><N who="0" m="57711" /><D58/><U118/><E118/><V48/><F61/><W69/><REACH who="3" step="1"/><G35/><REACH who="3" ten="437,343,85,125" step="2"/><T11/><D11/><U45/><E45/><V103/><F26/><W42/><G42/><AGARI ba="0,1" hai="42,46,49,50,55,56,112,114,129,130,131" m="57711" machi="42" ten="30,11600,0" yaku="19,1,52,3" doraHai="127" who="0" fromWho="3" sc="437,126,343,0,85,0,125,-116" /><INIT seed="4,1,0,1,3,88" ten="563,343,85,9" oya="0" hai0="78,14,66,116,86,117,83,13,65,53,119,106,62" hai1="22,68,28,49,19,90,47,43,85,120,16,131,11" hai2="31,46,45,113,99,92,132,21,39,70,110,9,95" hai3="32,96,38,100,89,2,58,12,129,118,109,75,15"/><T72/><D106/><U80/><E120/><V63/><F110/><W1/><G75/><T111/><D111/><U135/><E135/><V29/><F9/><W3/><G38/><T59/><D72/><U125/><E131/><V108/><F108/><W50/><G118/><T74/><D74/><U6/><E125/><V60/><F39/><W102/><G109/><T8/><REACH who="0" step="1"/><D13/><REACH who="0" ten="553,343,85,9" step="2"/><N who="1" m="5367" /><E68/><V61/><F70/><W101/><G129/><T115/><D115/><U34/><E34/><V33/><F33/><W41/><G32/><T84/><D84/><U23/><E28/><N who="2" m="10827" /><F113/><W133/><G133/><T57/><D57/><U87/><E87/><V124/><F132/><W112/><G112/><T56/><D56/><U130/><E130/><V77/><F124/><W0/><G58/><T40/><D40/><U71/><E71/><V134/><F134/><W122/><G122/><T93/><D93/><N who="2" m="35914" /><F99/><W82/><G0/><T73/><D73/><U44/><E85/><V114/><F114/><W25/><G96/><T104/><D104/><U98/><E98/><V26/><F77/><W17/><G25/><T79/><D79/><U30/><E30/><AGARI ba="1,1" hai="21,26,30,45,46,60,61,63" m="35914,10827" machi="30" ten="30,7700,0" yaku="8,1,52,3" doraHai="88" who="2" fromWho="1" sc="553,0,343,-80,85,90,9,0" /><INIT seed="5,0,0,2,3,60" ten="553,263,175,9" oya="1" hai0="91,113,40,18,121,92,17,100,24,134,34,87,102" hai1="9,105,25,86,4,39,116,96,103,97,59,42,38" hai2="48,2,83,15,90,118,46,0,119,79,82,77,76" hai3="98,123,32,74,62,85,129,111,109,49,101,95,66"/><U99/><E116/><N who="2" m="44587" /><F15/><W31/><G129/><T20/><D113/><U75/><E75/><V56/><F56/><W94/><G123/><T110/><D134/><U63/><E25/><V68/><F68/><W115/><G74/><T7/><D110/><U27/><E27/><V44/><F48/><W89/><G115/><T19/><D121/><U135/><E135/><V47/><F90/><W28/><G49/><T8/><D40/><U13/><E39/><V112/><F112/><W37/><G37/><T45/><D45/><N who="2" m="11522" /><V10/><DORA hai="71" /><F10/><W125/><G125/><T1/><D34/><U54/><E38/><V3/><AGARI ba="0,0" hai="0,2,3,76,77,79,82,83" m="11522,44587" machi="3" ten="50,3200,0" yaku="28,2" doraHai="60,71" who="2" fromWho="2" sc="553,-8,263,-16,175,32,9,-8" /><INIT seed="6,0,0,2,2,117" ten="545,247,207,1" oya="2" hai0="16,15,28,21,85,17,35,124,115,51,75,61,39" hai1="44,42,52,118,87,83,20,110,82,89,54,122,31" hai2="74,100,58,25,27,8,97,104,45,107,128,3,94" hai3="66,60,65,24,10,13,29,106,108,40,126,125,105"/><V102/><F74/><W103/><G108/><T68/><D75/><U91/><E118/><V48/><F58/><W59/><G40/><T132/><D39/><U130/><E110/><V93/><F128/><W0/><G0/><T64/><D28/><U36/><E130/><V9/><F3/><W71/><G103/><T131/><D35/><U11/><E11/><V69/><F48/><W55/><G66/><T62/><D132/><U32/><E32/><V19/><F45/><W56/><G71/><T38/><D38/><U101/><E101/><V30/><F19/><W73/><G73/><T112/><D85/><U7/><E7/><V92/><F30/><W6/><G126/><T63/><D124/><U113/><E113/><N who="0" m="43593" /><D131/><U37/><E31/><V88/><F69/><W134/><G134/><T98/><D98/><U114/><E114/><V90/><F94/><W95/><G95/><T111/><D111/><U22/><E87/><V33/><REACH who="2" step="1"/><F33/><REACH who="2" ten="545,247,197,1" step="2"/><W79/><G125/><T123/><D68/><U72/><E72/><V86/><F86/><W70/><G70/><T120/><D51/><U133/><E133/><V135/><F135/><W80/><G59/><N who="0" m="36927" /><D17/><U18/><E18/><V84/><F84/><W14/><G65/><T50/><D50/><U47/><REACH who="1" step="1"/><E42/><REACH who="1" ten="545,237,197,1" step="2"/><V96/><AGARI ba="0,2" hai="8,9,25,27,88,90,92,93,96,97,100,102,104,107" machi="96" ten="25,12000,1" yaku="1,1,0,1,22,2,54,1,53,0" doraHai="117" doraHaiUra="2" who="2" fromWho="2" sc="545,-40,237,-40,197,140,1,-40" owari="505,60.0,197,-20.0,337,14.0,-39,-54.0" /></mjloggm>