<mjloggm ver="2.3"><GO type="41"/><UN n0="%4E%2D%54%61%6B%65%72" n1="%E3%82%A6%E3%83%AB%E3%83%88%E3%83%A9%E7%AB%8B%E7%9B%B4" n2="%E3%81%82%E3%81%A4%E3%81%82%E3%81%A4%E6%B9%AF%E8%B1%86%E8%85%90" n3="%EF%BC%B6%EF%BD%85%EF%BD%8E%EF%BD%8F%EF%BD%8D" dan="15,15,15,14" rate="1968,2000,2106,1826" sx="M,M,F,M"/><TAIKYOKU oya="0"/><INIT seed="0,0,0,1,1,58" ten="250,250,250,250" oya="0" hai0="108,77,94,19,62,106,0,70,21,26,43,60,20" hai1="6,122,91,96,117,65,54,37,133,31,11,78,105" hai2="97,39,107,127,119,69,93,101,102,2,130,35,1" hai3="61,3,8,134,46,89,15,75,121,74,100,23,7"/><T17/><D106/><U131/><E37/><V82/><F39/><W16/><G121/><T116/><D116/><U84/><E122/><V22/><F35/><W87/><G100/><T27/><D0/><U103/><E117/><V83/><F119/><W38/><G134/><T135/><D70/><U59/><E65/><V50/><F69/><W44/><G44/><T67/><D67/><U90/><E131/><V92/><F50/><W24/><G3/><T51/><D135/><U86/><E31/><V52/><F22/><W114/><G114/><T109/><D77/><U132/><E78/><V9/><F9/><W53/><G38/><T118/><D118/><U42/><E42/><V18/><F18/><W40/><G40/><T88/><D51/><U5/><E5/><V80/><F127/><W47/><G47/><T32/><D43/><U125/><E125/><V110/><F110/><N who="0" m="42602" /><D32/><U10/><E132/><V55/><F130/><W68/><G46/><T34/><D34/><U98/><E6/><V33/><F33/><W99/><G99/><AGARI ba="0,0" hai="17,19,20,21,26,27,60,62,88,94,99" m="42602" machi="99" ten="30,12000,1" yaku="14,1,10,1,52,2,54,1" doraHai="58" who="0" fromWho="3" sc="250,120,250,0,250,0,250,-120" /><INIT seed="0,1,0,1,4,54" ten="370,250,250,130" oya="0" hai0="24,34,84,62,5,81,2,74,130,26,69,134,78" hai1="4,114,10,89,125,3,52,113,35,65,126,50,96" hai2="94,57,103,59,6,105,85,91,90,27,108,61,76" hai3="33,31,60,98,68,70,124,104,122,21,37,112,135"/><T79/><D134/><U133/><E35/><V9/><F108/><W11/><G21/><T67/><D130/><U77/><E77/><V109/><F109/><W128/><G11/><T97/><D97/><U120/><E65/><V32/><F76/><W53/><G31/><T127/><D127/><N who="1" m="48651" /><E120/><V71/><F71/><W95/><G95/><T42/><D42/><U118/><E118/><V7/><F105/><W123/><G98/><T63/><D74/><U25/><E25/><V129/><F103/><W22/><G22/><T110/><D110/><U41/><E41/><V132/><F132/><W15/><G15/><T29/><D24/><U64/><E64/><V17/><F129/><W55/><G104/><T16/><D62/><U107/><E133/><V106/><F106/><W23/><G33/><T111/><D111/><U117/><E117/><V86/><F32/><W13/><G135/><T119/><D119/><U47/><E107/><V82/><F27/><W51/><G128/><T93/><D93/><AGARI ba="1,0" hai="3,4,10,47,50,52,89,93,96,113,114" m="48651" machi="93" ten="30,2000,0" yaku="18,1,54,1" doraHai="54" who="1" fromWho="0" sc="370,-23,250,23,250,0,130,0" /><INIT seed="1,0,0,4,1,87" ten="347,273,250,130" oya="1" hai0="90,130,133,14,29,123,110,30,15,48,89,128,49" hai1="81,127,0,106,113,120,131,79,11,55,109,125,77" hai2="27,35,115,65,134,91,54,69,6,80,118,26,33" hai3="100,41,56,20,12,18,51,124,17,94,112,83,76"/><U96/><E11/><V10/><F118/><W19/><G112/><T22/><D133/><U114/><E0/><V129/><F65/><W73/><G124/><N who="1" m="47690" /><E55/><V88/><F69/><W57/><G100/><T24/><D110/><U8/><E8/><V53/><F80/><W70/><G70/><T67/><D67/><U85/><E120/><V68/><F68/><W63/><G56/><T28/><D24/><U25/><E25/><V104/><F104/><W21/><G94/><T5/><D5/><U37/><E37/><V7/><F10/><W3/><G3/><T102/><D102/><N who="1" m="62791" /><E131/><N who="0" m="50217" /><D123/><U46/><E46/><V47/><F129/><W23/><G51/><N who="0" m="19531" /><D22/><U108/><E79/><V101/><F101/><W1/><G41/><T58/><D58/><U111/><AGARI ba="0,0" hai="77,81,85,108,109,111,113,114" m="62791,47690" machi="111" ten="40,12000,1" yaku="14,1,10,1,18,1,34,2" doraHai="87" who="1" fromWho="1" sc="347,-40,273,120,250,-40,130,-40" /><INIT seed="1,1,0,3,2,132" ten="307,393,210,90" oya="1" hai0="10,38,53,20,28,124,93,37,118,126,25,128,86" hai1="74,36,52,89,42,44,88,34,65,99,108,129,55" hai2="8,117,49,100,17,92,70,71,119,101,127,135,90" hai3="106,131,11,39,95,57,97,130,0,9,83,77,120"/><U96/><E74/><V114/><F135/><W61/><G106/><T68/><D118/><U27/><E65/><V31/><F31/><W7/><G39/><T26/><D68/><U63/><E129/><N who="3" m="49162" /><G120/><T76/><D128/><U43/><E108/><V30/><F30/><W46/><G46/><T66/><D26/><U125/><E27/><V64/><F114/><W115/><G115/><T84/><D66/><U19/><E19/><V6/><F17/><W60/><G11/><T111/><D111/><U109/><E109/><V2/><F71/><W48/><G48/><T4/><D53/><U56/><E34/><V32/><F32/><W35/><G57/><T13/><D76/><U23/><E23/><V122/><F49/><W94/><G35/><T47/><D47/><U29/><E29/><V50/><F50/><W91/><G95/><T24/><D24/><U87/><E44/><V112/><F112/><W58/><G58/><T123/><D123/><U107/><E56/><V18/><F122/><W5/><G7/><T72/><D72/><AGARI ba="1,0" hai="0,5,9,60,61,72,77,83,91,94,97" m="49162" machi="72" ten="30,1000,0" yaku="19,1" doraHai="132" who="3" fromWho="0" sc="307,-13,393,0,210,0,90,13" /><INIT seed="2,0,0,0,4,39" ten="294,393,210,103" oya="2" hai0="22,123,85,116,105,8,79,92,99,44,111,95,122" hai1="41,40,102,17,110,129,96,117,42,14,90,69,125" hai2="43,16,97,5,23,1,0,47,55,104,118,108,127" hai3="101,80,98,106,124,48,6,32,61,18,103,49,38"/><V11/><F118/><W71/><G38/><T109/><D8/><U37/><E69/><V83/><F127/><W2/><G18/><T78/><D44/><U45/><E117/><V56/><F0/><W52/><G101/><N who="0" m="62655" /><D116/><U35/><E35/><V9/><F9/><W51/><G124/><T113/><D22/><U132/><E125/><V89/><F108/><N who="0" m="41546" /><D113/><U131/><E110/><V21/><F104/><W81/><G6/><T84/><D95/><N who="1" m="56439" /><E102/><V130/><F23/><W50/><G2/><T100/><D100/><U64/><E64/><V36/><F56/><W77/><G32/><T24/><D24/><U59/><E59/><V13/><F55/><W115/><G115/><T34/><D34/><U58/><E58/><V54/><F54/><W126/><G126/><T120/><D84/><U67/><E67/><V57/><F57/><W28/><G71/><T65/><D65/><U26/><E26/><V87/><REACH who="2" step="1"/><F97/><REACH who="2" ten="294,393,200,103" step="2"/><W46/><G52/><T3/><D3/><U86/><E45/><V121/><F121/><W12/><G46/><T29/><D29/><U114/><E114/><V19/><F19/><W73/><G28/><T112/><D112/><U62/><E17/><V30/><F30/><W94/><G61/><T33/><D33/><U119/><E62/><V128/><AGARI ba="0,1" hai="1,5,11,13,16,21,36,43,47,83,87,89,128,130" machi="128" ten="30,11700,0" yaku="1,1,0,1,52,1,54,1,53,0" doraHai="39" doraHaiUra="134" who="2" fromWho="2" sc="294,-39,393,-39,200,127,103,-39" /><INIT seed="2,1,0,0,1,15" ten="255,354,327,64" oya="2" hai0="91,127,41,46,3,82,97,29,125,92,133,80,78" hai1="124,23,32,59,108,67,0,58,90,45,39,37,77" hai2="129,121,94,87,16,8,131,70,103,19,88,35,48" hai3="13,106,98,74,11,36,134,31,63,50,54,49,7"/><V14/><F121/><W123/><G36/><T57/><D3/><U71/><E32/><V130/><F70/><W76/><G123/><T111/><D111/><U89/><E0/><V109/><F109/><W51/><G31/><T64/><D133/><U116/><E116/><V38/><F38/><W40/><G134/><T27/><D78/><U107/><E107/><V65/><F65/><W26/><G26/><T84/><D97/><U96/><E39/><V28/><F103/><W4/><G40/><T112/><D112/><U60/><E89/><V83/><F48/><W119/><G119/><T1/><D1/><U20/><E77/><V66/><F66/><W122/><G122/><T120/><D120/><U81/><E59/><V56/><F56/><W104/><G98/><T115/><D115/><U43/><E81/><V114/><F114/><W42/><G4/><T135/><D135/><U85/><E85/><N who="2" m="52495" /><F28/><W79/><G42/><T25/><D57/><U73/><E73/><V69/><F35/><W5/><G5/><T68/><D68/><U101/><E108/><V132/><F69/><W53/><G63/><T10/><D64/><U12/><E96/><V22/><F132/><W34/><G34/><T61/><D61/><U110/><E101/><V117/><F117/><W113/><G113/><T17/><D29/><U6/><E110/><V86/><F83/><W62/><G74/><T47/><D80/><U72/><E72/><V9/><F9/><W128/><G106/><T52/><D82/><U93/><E71/><V75/><F75/><W102/><G104/><T99/><D10/><RYUUKYOKU ba="1,0" sc="255,-10,354,-10,327,30,64,-10" hai2="8,14,16,19,22,86,87,129,130,131" /><INIT seed="2,2,0,4,0,57" ten="245,344,357,54" oya="2" hai0="16,96,62,37,77,94,51,31,115,69,28,54,18" hai1="135,33,6,82,110,61,38,121,1,5,45,47,126" hai2="87,15,36,133,91,4,124,49,21,55,123,79,64" hai3="114,70,98,58,84,52,8,113,105,32,71,41,67"/><V86/><F123/><W3/><G32/><T80/><D115/><N who="3" m="44041" /><G41/><T34/><D37/><U131/><E33/><V56/><F36/><W103/><G67/><T50/><D34/><U88/><E38/><V109/><F124/><W89/><G8/><T66/><D50/><U7/><E1/><V65/><F133/><W111/><G3/><T99/><D31/><U30/><E30/><V10/><F109/><W53/><G53/><T132/><D28/><U134/><E126/><V68/><F68/><W101/><G111/><T39/><D39/><U90/><E110/><V130/><F130/><W12/><G12/><T26/><D132/><N who="1" m="50731" /><E131/><V27/><F79/><W14/><G14/><T117/><D117/><U73/><E73/><V97/><F97/><W92/><G103/><T108/><D108/><U42/><E42/><V20/><F86/><W22/><G22/><N who="2" m="8809" /><F27/><W35/><G35/><T107/><D26/><U125/><E125/><V102/><F102/><W25/><G25/><T9/><D9/><U60/><E121/><V78/><F78/><W95/><G105/><T48/><D107/><U81/><E47/><V129/><F129/><W118/><G118/><T46/><D48/><AGARI ba="2,0" hai="48,52,58,70,71,84,89,92,95,98,101" m="44041" machi="48" ten="30,2000,0" yaku="11,1,54,1" doraHai="57" who="3" fromWho="0" sc="245,-26,344,0,357,0,54,26" /><INIT seed="3,0,0,5,1,30" ten="219,344,357,80" oya="3" hai0="72,79,54,52,62,55,125,67,24,49,50,132,66" hai1="7,48,95,3,76,19,18,11,73,70,40,114,2" hai2="96,119,57,93,58,86,37,4,97,100,13,46,25" hai3="26,34,106,28,78,1,127,109,135,38,14,99,53"/><W39/><G1/><T124/><D72/><U59/><E70/><V83/><F119/><W35/><G78/><T33/><D132/><U45/><E114/><V98/><F25/><W69/><G135/><T10/><D79/><U134/><E2/><V27/><F27/><W64/><G14/><T104/><D104/><U36/><E95/><V22/><F37/><N who="3" m="13835" /><G53/><T87/><D10/><U12/><E134/><V121/><F121/><W61/><G127/><N who="0" m="48715" /><D87/><U111/><E111/><V116/><F13/><W85/><G85/><T120/><D120/><U65/><E12/><V118/><F4/><W122/><G122/><T5/><D5/><U115/><E115/><V51/><F86/><W32/><G109/><T60/><D33/><U77/><E77/><V56/><F97/><W29/><G29/><T20/><D20/><U9/><E9/><V80/><F96/><W110/><G110/><T71/><D24/><U107/><E107/><V102/><F98/><W47/><G47/><T90/><D90/><U75/><E75/><V103/><F46/><W129/><G129/><T17/><D17/><U63/><REACH who="1" step="1"/><E48/><REACH who="1" ten="219,334,357,80" step="2"/><V91/><F51/><W131/><G131/><T68/><AGARI ba="0,1" hai="49,50,52,54,55,60,62,66,67,68,71" m="48715" machi="68" ten="30,7900,0" yaku="18,1,34,2,54,1" doraHai="30" who="0" fromWho="0" sc="219,89,334,-20,357,-20,80,-39" /><INIT seed="4,0,0,2,5,35" ten="308,314,337,41" oya="0" hai0="82,76,0,105,63,95,57,38,72,93,107,119,39" hai1="111,19,50,81,30,33,73,4,126,101,41,70,13" hai2="92,8,12,109,98,116,22,120,75,100,45,42,10" hai3="65,134,110,80,106,84,113,34,6,9,112,20,69"/><T121/><D119/><U5/><E70/><V90/><F109/><W16/><G34/><T131/><D131/><U102/><E111/><V3/><F120/><W52/><G110/><T62/><D121/><U7/><E73/><V115/><F75/><W11/><G106/><T132/><D132/><U66/><E66/><V56/><F115/><W118/><G134/><T26/><D26/><U103/><E33/><V27/><F116/><W29/><G118/><T77/><D57/><U21/><E30/><V46/><F3/><W129/><G29/><T74/><D82/><U1/><E126/><V87/><F56/><W85/><G129/><T23/><D23/><U133/><E133/><V78/><F78/><W125/><G125/><T130/><D130/><U88/><E50/><N who="2" m="26935" /><F46/><W64/><G69/><T51/><D51/><U97/><E41/><V36/><F12/><W108/><G108/><T49/><D49/><U94/><REACH who="1" step="1"/><E81/><REACH who="1" ten="308,304,337,41" step="2"/><N who="2" m="49519" /><F36/><W128/><G128/><T135/><REACH who="0" step="1"/><D135/><REACH who="0" ten="298,304,337,41" step="2"/><U89/><E89/><V54/><F54/><W59/><G52/><T17/><D17/><AGARI ba="0,2" hai="8,10,17,22,27,92,98,100" m="49519,26935" machi="17" ten="30,1000,0" yaku="8,1" doraHai="35" who="2" fromWho="0" sc="298,-10,304,0,337,30,41,0" /><INIT seed="5,0,0,1,0,127" ten="288,304,367,41" oya="1" hai0="47,86,103,64,116,104,106,92,97,80,98,68,9" hai1="52,11,119,22,115,95,131,57,4,12,74,15,13" hai2="37,62,89,124,130,5,45,56,134,87,117,17,7" hai3="114,46,105,70,26,99,94,79,44,40,96,20,102"/><U18/><E74/><V69/><F117/><W36/><G70/><T29/><D116/><U58/><E119/><V39/><F69/><W107/><G114/><T132/><D132/><U31/><E115/><V75/><F75/><W110/><G110/><T38/><D29/><U71/><E71/><V91/><F124/><W16/><G79/><T54/><D9/><U33/><E57/><V84/><F134/><W122/><G122/><T73/><D73/><U19/><E95/><V77/><F77/><W113/><G113/><T25/><D25/><N who="1" m="18671" /><E52/><V133/><F133/><W0/><G0/><T35/><D35/><U111/><E58/><V66/><F17/><N who="1" m="6153" /><E111/><V42/><F39/><W100/><REACH who="3" step="1"/><G44/><REACH who="3" ten="288,304,367,31" step="2"/><T48/><D68/><U8/><E22/><V27/><F45/><W128/><G128/><T2/><D2/><N who="1" m="23" /><E131/><V61/><F130/><W67/><G67/><T101/><D64/><U129/><E129/><V78/><F66/><W126/><G126/><T28/><D47/><U53/><E53/><V135/><F135/><W123/><G123/><T72/><D54/><U34/><E34/><V108/><F78/><W21/><G21/><T43/><D106/><AGARI ba="0,1" hai="16,20,26,36,40,46,94,96,99,100,102,105,106,107" machi="106" ten="30,3900,0" yaku="1,1,7,1,54,1,53,0" doraHai="127" doraHaiUra="30" who="3" fromWho="0" sc="288,-39,304,0,367,0,31,49" /><INIT seed="6,0,0,4,4,92" ten="249,304,367,80" oya="2" hai0="131,132,50,29,68,9,130,57,128,1,10,38,33" hai1="100,125,48,75,113,61,37,15,59,36,8,52,114" hai2="64,19,23,93,72,90,109,80,95,73,112,105,104" hai3="26,31,21,69,102,24,88,89,107,83,51,103,71"/><V16/><F112/><N who="1" m="43113" /><E75/><V118/><F118/><W91/><G83/><T42/><D68/><U70/><E15/><V87/><F64/><W101/><G51/><T120/><D120/><U3/><E8/><V18/><F109/><W126/><G126/><T58/><D38/><N who="1" m="14955" /><E3/><V12/><F93/><W55/><G55/><T129/><D132/><U67/><E100/><V53/><F19/><W54/><G54/><T4/><D10/><U14/><E14/><V81/><F81/><W28/><REACH who="3" step="1"/><G107/><REACH who="3" ten="249,304,367,70" step="2"/><T27/><D131/><U122/><E122/><V30/><F104/><W65/><G65/><T133/><D133/><U115/><E115/><V11/><F105/><W22/><AGARI ba="0,1" hai="21,22,24,26,28,31,69,71,88,89,91,101,102,103" machi="22" ten="30,7900,0" yaku="1,1,0,1,9,1,54,1,53,0" doraHai="92" doraHaiUra="108" who="3" fromWho="3" sc="249,-20,304,-20,367,-39,70,89" /><INIT seed="7,0,0,4,4,85" ten="229,284,328,159" oya="3" hai0="56,92,103,119,115,82,68,125,86,61,1,124,48" hai1="2,121,34,7,60,107,117,47,132,55,72,64,91" hai2="35,43,28,126,49,8,100,104,31,120,44,106,127" hai3="39,75,109,111,128,15,87,102,17,81,45,30,26"/><W42/><G128/><T101/><D119/><U122/><E34/><V63/><F120/><W19/><G102/><T89/><D1/><U74/><E107/><V114/><F114/><W59/><G75/><T123/><D123/><U118/><E7/><V23/><F35/><W52/><G30/><N who="2" m="11305" /><F23/><W83/><G26/><T0/><D0/><U12/><E2/><V99/><F63/><W37/><G37/><T133/><D133/><U27/><E12/><V70/><F70/><W66/><G66/><T98/><D115/><U65/><E27/><V110/><F110/><N who="3" m="41995" /><G83/><T18/><D68/><U4/><E4/><V77/><F77/><N who="3" m="46511" /><G15/><T5/><D5/><U94/><E132/><V25/><F25/><W41/><G42/><T40/><D40/><U90/><E94/><V84/><F104/><W22/><G22/><T38/><D38/><U20/><E20/><V33/><F33/><W105/><G105/><T32/><D32/><U135/><E135/><V67/><F67/><W29/><G29/><T50/><D18/><U79/><E55/><V116/><F116/><W93/><G93/><T130/><D130/><U134/><E134/><V71/><F71/><W6/><G6/><T46/><D103/><U16/><E79/><V13/><F13/><W88/><G88/><N who="0" m="55559" /><D46/><U58/><E16/><V54/><F43/><W95/><G95/><T108/><D101/><U113/><E113/><V131/><F131/><W73/><G73/><T69/><D69/><U97/><E47/><V112/><F112/><W14/><G14/><T3/><D108/><U11/><E122/><V62/><F100/><RYUUKYOKU ba="0,0" sc="229,-10,284,-10,328,-10,159,30" hai3="17,19,39,41,45,52,59" /><INIT seed="7,1,0,0,3,99" ten="219,274,318,189" oya="3" hai0="107,68,100,114,1,120,12,73,16,9,119,131,36" hai1="61,103,56,46,102,129,63,128,113,86,39,72,117" hai2="105,75,6,92,89,43,108,44,111,96,4,85,109" hai3="7,22,40,8,125,106,110,42,83,34,130,64,37"/><W112/><G34/><T15/><RYUUKYOKU type="yao9" ba="1,0" sc="219,0,274,0,318,0,189,0" hai0="1,9,12,15,16,36,68,73,100,107,114,119,120,131" /><INIT seed="7,2,0,2,1,124" ten="219,274,318,189" oya="3" hai0="127,79,1,103,36,108,59,29,95,37,77,90,82" hai1="96,110,43,117,40,27,26,42,3,6,56,128,116" hai2="48,93,76,123,24,39,35,58,100,64,119,9,107" hai3="53,61,55,115,21,89,104,65,69,38,41,75,54"/><W125/><G104/><T62/><D108/><U5/><E110/><V121/><F39/><W7/><G75/><T49/><D1/><U135/><E3/><V78/><F119/><N who="1" m="45641" /><E96/><N who="2" m="59407" /><F107/><W129/><G7/><N who="1" m="2570" /><E56/><V45/><F9/><W120/><G125/><T67/><D127/><U118/><N who="1" m="45649" /><U130/><DORA hai="114" /><E135/><V11/><F11/><W19/><G115/><T72/><D36/><U84/><E84/><V81/><F81/><W0/><G0/><T52/><D37/><U15/><E15/><V10/><F10/><W30/><G30/><T106/><D29/><U13/><E13/><V131/><F58/><W86/><G120/><N who="2" m="46153" /><F64/><W91/><G129/><AGARI ba="2,0" hai="26,27,40,42,43,128,129,130" m="2570,45649" machi="129" ten="50,24000,4" yaku="28,2,19,1,12,1,52,7" doraHai="124,114" who="1" fromWho="3" sc="219,0,274,246,318,0,189,-246" owari="219,-18.0,520,62.0,318,12.0,-57,-56.0" /></mjloggm>