<mjloggm ver="2.3"><GO type="169" lobby="0"/><UN n0="%E3%81%98%E3%82%87%E3%83%BC%E3%81%99%E3%81%9F%E3%83%BC%E2%98%85" n1="%45%55%52%45%4B%41%31%34" n2="%E3%81%93%E3%81%BE%E3%81%A3%E3%81%95%E3%82%93" n3="%EF%BC%88%E2%89%A7%E2%96%BD%E2%89%A6%EF%BC%89" dan="16,17,16,19" rate="2020.90,2133.60,2087.84,2226.51" sx="F,M,M,M"/><TAIKYOKU oya="0"/><INIT seed="0,0,0,0,3,41" ten="250,250,250,250" oya="0" hai0="80,6,29,65,118,87,130,88,94,3,107,33,125" hai1="122,134,2,52,24,15,70,101,47,76,25,112,55" hai2="67,110,115,34,60,19,51,20,85,49,113,131,83" hai3="79,105,116,53,42,21,92,38,124,99,102,63,103"/><T73/><D118/><U58/><E2/><V43/><F34/><W133/><G116/><T64/><D107/><U9/><E70/><V69/><F131/><W54/><G133/><T28/><D130/><U74/><E122/><V17/><F19/><W97/><G124/><T39/><D125/><U135/><E101/><V62/><F110/><W57/><G79/><T12/><D3/><U37/><E76/><V48/><F62/><W1/><G1/><T45/><D73/><U4/><E74/><V16/><F17/><W18/><G42/><T90/><D33/><U129/><E129/><V40/><F40/><W30/><G38/><T81/><D39/><U96/><E96/><V8/><F8/><W0/><G0/><T31/><D45/><U120/><E120/><V61/><F61/><W84/><G84/><N who="0" m="52487" /><D81/><U117/><E117/><V14/><REACH who="2" step="1"/><F43/><REACH who="2" ten="250,250,240,250" step="2"/><W32/><G32/><T123/><D123/><U86/><E37/><V26/><F26/><W44/><G18/><T100/><D100/><U109/><E109/><V27/><F27/><W35/><G35/><T89/><D29/><U126/><E126/><V7/><F7/><W121/><G121/><T13/><D31/><U98/><E134/><V77/><AGARI ba="0,1" hai="14,16,20,48,49,51,60,67,69,77,83,85,113,115" machi="77" ten="30,4000,0" yaku="1,1,0,1,54,1,53,0" doraHai="41" doraHaiUra="114" who="2" fromWho="2" sc="250,-20,250,-10,240,50,250,-10" /><INIT seed="1,0,0,3,0,128" ten="230,240,290,240" oya="1" hai0="16,29,1,82,34,92,79,19,20,30,85,24,63" hai1="130,74,7,58,123,9,112,50,127,117,88,108,124" hai2="115,90,23,89,104,119,45,100,107,86,65,78,72" hai3="40,59,105,131,18,120,93,122,111,42,32,41,60"/><U68/><E112/><V10/><F65/><W91/><G105/><T53/><D1/><U135/><E123/><V109/><F10/><W21/><G32/><T6/><D6/><U73/><E117/><V125/><F45/><W87/><G111/><T39/><D39/><U28/><E68/><V99/><F23/><W12/><REACH who="3" step="1"/><G131/><REACH who="3" ten="230,240,290,230" step="2"/><T56/><D34/><U17/><E130/><V37/><F107/><W70/><G70/><T36/><D36/><U5/><E108/><V14/><F37/><W77/><G77/><T54/><D30/><U51/><E28/><V48/><F109/><W114/><G114/><T11/><D29/><U101/><E124/><V132/><F125/><W126/><G126/><T25/><D79/><U113/><E113/><V43/><F115/><W44/><G44/><T81/><D56/><U134/><E58/><V64/><F78/><W33/><G33/><T84/><D63/><U35/><E35/><V94/><F104/><W47/><G47/><T95/><REACH who="0" step="1"/><D20/><REACH who="0" ten="220,240,290,230" step="2"/><U110/><E127/><V55/><F119/><W116/><G116/><T46/><D46/><U106/><E110/><V133/><F43/><W61/><G61/><T13/><D13/><U66/><E50/><V8/><F48/><W96/><G96/><T67/><D67/><AGARI ba="0,2" hai="12,18,21,40,41,42,59,60,67,87,91,93,120,122" machi="67" ten="40,1300,0" yaku="1,1,53,0" doraHai="128" doraHaiUra="2" who="3" fromWho="0" sc="220,-13,240,0,290,0,230,33" /><INIT seed="2,0,0,0,3,132" ten="207,240,290,263" oya="2" hai0="98,7,107,2,77,124,25,66,26,64,92,100,118" hai1="122,22,41,32,104,129,131,70,120,15,50,68,43" hai2="47,12,119,14,102,3,1,99,29,78,48,108,87" hai3="91,37,125,83,39,16,75,127,73,79,42,60,105"/><V23/><F119/><W86/><G105/><T57/><D118/><U31/><E104/><V40/><F108/><W13/><G60/><T126/><D77/><U93/><E32/><V35/><F35/><W59/><G59/><T76/><D76/><U123/><E93/><V33/><F33/><W19/><G19/><T9/><D107/><U61/><E15/><V116/><F116/><W28/><G28/><T71/><D71/><N who="1" m="27179" /><E22/><V110/><F110/><W45/><G39/><T30/><D26/><U81/><E81/><V84/><F3/><W89/><G89/><T101/><D101/><U44/><E31/><V112/><F1/><W115/><G115/><T36/><D36/><U10/><E10/><V55/><F112/><W49/><G37/><T72/><D72/><U113/><E113/><V8/><F78/><W21/><REACH who="3" step="1"/><G73/><REACH who="3" ten="207,240,290,253" step="2"/><T109/><D109/><U96/><E61/><V11/><F29/><W63/><G63/><N who="0" m="37999" /><D66/><U130/><E96/><V97/><F97/><W20/><G20/><AGARI ba="0,1" hai="2,7,9,20,25,30,92,98,100,124,126" m="37999" machi="20" ten="30,3900,0" yaku="25,1,52,2" doraHai="132" who="0" fromWho="3" sc="207,49,240,0,290,0,253,-39" /><INIT seed="3,0,0,2,1,134" ten="256,240,290,214" oya="3" hai0="94,20,105,8,96,10,115,55,52,90,57,3,66" hai1="73,62,61,25,128,119,18,80,26,38,110,111,21" hai2="35,53,79,15,87,74,127,33,5,14,101,60,39" hai3="86,93,34,59,88,85,31,50,69,4,13,83,78"/><W51/><G69/><T64/><D115/><U102/><E38/><V16/><F74/><W9/><REACH who="3" step="1"/><G59/><REACH who="3" ten="256,240,290,204" step="2"/><T1/><D57/><U112/><E112/><V29/><F39/><W24/><AGARI ba="0,1" hai="4,9,13,24,31,34,50,51,78,83,85,86,88,93" machi="24" ten="30,11700,0" yaku="1,1,2,1,0,1,54,1,53,0" doraHai="134" doraHaiUra="40" who="3" fromWho="3" sc="256,-39,240,-39,290,-39,204,127" /><INIT seed="3,1,0,4,1,128" ten="217,201,251,331" oya="3" hai0="88,92,100,40,89,34,105,135,108,102,31,101,75" hai1="98,56,41,82,22,117,59,8,70,118,112,104,44" hai2="39,85,7,111,93,115,65,72,10,80,46,33,127" hai3="74,28,69,4,12,52,106,17,1,15,19,58,71"/><W95/><G106/><T109/><D40/><U134/><E70/><V18/><F33/><W37/><G74/><T96/><D34/><U30/><E112/><V27/><F72/><W120/><G37/><T63/><D31/><U122/><E122/><V24/><F115/><W61/><G120/><T77/><D63/><U130/><E82/><V129/><F65/><W50/><G28/><T16/><D16/><U54/><E8/><V36/><F93/><W48/><G1/><T62/><D62/><U13/><E104/><V131/><F127/><W55/><G4/><T81/><D135/><U78/><E98/><V0/><F111/><N who="0" m="42570" /><D89/><U66/><E66/><V60/><F60/><W113/><G113/><T32/><D32/><U107/><E30/><V6/><F6/><W20/><G61/><T51/><D51/><U23/><E41/><N who="2" m="22823" /><F18/><W57/><G95/><T94/><D94/><U47/><E107/><AGARI ba="1,0" hai="75,77,81,88,92,96,100,101,102,105,107" m="42570" machi="107" ten="30,7700,0" yaku="14,1,34,2,54,1" doraHai="128" who="0" fromWho="1" sc="217,80,201,-80,251,0,331,0" /><INIT seed="4,0,0,0,3,51" ten="297,121,251,331" oya="0" hai0="80,55,128,29,47,116,44,48,96,92,132,95,93" hai1="79,45,64,114,24,3,109,5,30,2,102,81,25" hai2="53,126,36,4,135,84,42,60,98,83,15,129,67" hai3="111,113,21,87,97,76,72,27,123,75,31,115,101"/><T46/><D116/><U66/><E109/><V90/><F135/><W78/><G111/><T94/><D132/><U6/><E102/><V59/><F129/><W69/><G69/><T50/><D128/><U49/><E114/><N who="3" m="43530" /><G123/><T61/><D29/><U127/><E127/><V0/><F0/><W86/><G86/><T82/><D61/><U58/><E58/><V34/><F34/><W38/><G38/><T70/><D70/><U124/><E124/><V73/><F73/><N who="3" m="28235" /><G87/><T14/><D14/><U131/><E131/><V99/><F126/><W56/><G56/><N who="0" m="32871" /><D50/><U133/><E49/><V20/><F67/><W37/><G37/><T22/><D22/><U16/><E133/><V74/><F74/><W71/><G71/><T28/><D28/><U32/><E30/><V104/><F104/><AGARI ba="0,0" hai="21,27,31,76,78,97,101,104" m="28235,43530" machi="104" ten="30,1000,0" yaku="15,1" doraHai="51" who="3" fromWho="2" sc="297,0,121,0,251,-10,331,10" /><INIT seed="5,0,0,1,0,28" ten="297,121,241,341" oya="1" hai0="86,104,66,81,121,117,72,74,52,24,54,112,1" hai1="46,5,27,131,8,19,18,17,83,51,119,73,16" hai2="39,127,114,62,101,111,126,110,107,132,20,31,33" hai3="92,49,94,98,6,109,22,130,12,11,58,44,42"/><U38/><E119/><V120/><F20/><W116/><G109/><T57/><D117/><U79/><E131/><V14/><F14/><W4/><G130/><T78/><D104/><U134/><E134/><V0/><F62/><W82/><G116/><T128/><D128/><U113/><E113/><V2/><F39/><W48/><G4/><T41/><D112/><U95/><E95/><V43/><F43/><W96/><G82/><T32/><D121/><U85/><E38/><V21/><F21/><W63/><G48/><T77/><D1/><N who="2" m="618" /><F114/><W123/><G22/><T30/><D41/><N who="1" m="25039" /><E73/><V47/><F47/><W75/><G75/><T60/><D86/><U93/><E93/><N who="3" m="35946" /><G123/><T68/><D68/><U115/><E115/><V69/><F120/><W89/><G89/><T133/><D133/><U122/><E122/><V34/><F132/><W59/><G59/><T40/><D40/><U88/><N who="1" m="4096" /><DORA hai="129" /><U102/><E102/><V3/><F31/><W56/><G56/><T91/><REACH who="0" step="1"/><D91/><REACH who="0" ten="287,121,241,341" step="2"/><U67/><E67/><AGARI ba="0,1" hai="6,11,12,42,44,49,58,63,67,96,98" m="35946" machi="67" ten="30,1000,0" yaku="8,1" doraHai="28,129" who="3" fromWho="1" sc="287,0,121,-10,241,0,341,20" /><INIT seed="6,0,0,4,5,110" ten="287,111,241,361" oya="2" hai0="69,47,75,135,31,46,78,30,61,85,84,108,116" hai1="29,114,71,129,89,28,13,101,21,24,41,14,22" hai2="48,3,51,57,38,56,72,81,93,2,125,97,44" hai3="132,74,67,107,53,50,96,90,36,25,83,79,70"/><V133/><F38/><W122/><G36/><T33/><D116/><U43/><E71/><V63/><F133/><W17/><G122/><T91/><D135/><U95/><E101/><V9/><F125/><W109/><G109/><T100/><D75/><U80/><E80/><V77/><F56/><W117/><G117/><T92/><D100/><U128/><E24/><V86/><F72/><W87/><G132/><T105/><D105/><U45/><E45/><V68/><F68/><W73/><G107/><T113/><D108/><U4/><E4/><V6/><F3/><W104/><G104/><T118/><D118/><U34/><E34/><V134/><F44/><W7/><G7/><T8/><D8/><U16/><E95/><V20/><F20/><W40/><G40/><T42/><D33/><U124/><E89/><V58/><F58/><W62/><G96/><T49/><D47/><U65/><E65/><V111/><F134/><W82/><G73/><T12/><D12/><U115/><REACH who="1" step="1"/><E16/><REACH who="1" ten="287,101,241,361" step="2"/><V106/><F111/><W88/><G17/><T59/><D69/><U99/><E99/><V19/><F19/><W127/><G25/><T130/><D92/><U11/><E11/><V98/><F106/><W102/><G102/><T66/><D91/><U27/><E27/><V123/><F97/><W121/><G90/><T131/><D66/><U0/><E0/><V35/><F35/><W1/><G1/><T112/><D46/><U64/><E64/><V18/><F98/><W126/><G67/><T32/><D32/><U94/><E94/><V15/><F93/><W23/><G70/><RYUUKYOKU ba="0,1" sc="287,-10,101,30,241,-10,361,-10" hai1="13,14,21,22,28,29,41,43,114,115,124,128,129" /><INIT seed="7,1,1,5,5,107" ten="277,131,231,351" oya="3" hai0="46,45,52,129,116,86,93,18,32,105,30,34,131" hai1="100,125,13,49,64,113,72,112,83,25,98,74,91" hai2="58,94,134,127,111,20,12,79,51,133,119,120,35" hai3="60,95,50,68,92,128,77,16,101,85,39,65,10"/><W121/><G39/><T36/><D116/><U71/><E13/><V66/><F35/><W23/><G121/><T26/><D105/><N who="1" m="63639" /><E49/><V103/><F119/><W82/><G128/><N who="0" m="49227" /><D34/><U61/><E91/><V89/><F103/><W123/><G101/><T84/><D36/><U87/><E87/><N who="0" m="33321" /><D93/><U43/><E83/><V29/><F120/><W7/><G123/><T118/><D118/><U5/><E43/><V110/><F51/><W67/><G50/><T33/><D33/><U14/><E25/><V6/><F58/><W1/><G67/><T19/><D52/><U78/><E78/><V48/><F66/><W37/><G37/><T76/><D76/><U73/><E14/><AGARI ba="1,1" hai="1,7,10,14,16,23,60,65,68,77,82,85,92,95" machi="14" ten="30,2900,0" yaku="7,1,54,1" doraHai="107" who="3" fromWho="1" sc="277,0,131,-32,231,0,351,42" owari="277,8.0,99,-40.0,231,-17.0,393,49.0" /></mjloggm>