<mjloggm ver="2.3"><GO type="169" lobby="0"/><UN n0="%E3%83%AA%E3%83%84%E3%83%9F%E3%82%B5%E3%83%B3" n1="%EF%BC%88%E2%89%A7%E2%96%BD%E2%89%A6%EF%BC%89" n2="%E3%81%92%E3%82%93%E3%81%9F%E3%82%8D" n3="%E3%81%84%E3%81%A1%E3%81%8B%E3%82%8F%E2%99%AA" dan="18,18,16,16" rate="2167.97,2179.62,2075.58,2117.94" sx="M,M,M,M"/><TAIKYOKU oya="0"/><INIT seed="0,0,0,0,3,11" ten="250,250,250,250" oya="0" hai0="51,35,72,26,45,106,17,6,123,12,64,4,91" hai1="75,44,95,98,109,3,78,111,114,27,50,58,39" hai2="60,47,48,115,36,96,32,103,93,70,14,23,61" hai3="120,88,135,21,59,22,53,87,43,0,2,83,127"/><T105/><D123/><U41/><E3/><V94/><F32/><W30/><G120/><T110/><D72/><U13/><E114/><V77/><F36/><W126/><G135/><T117/><D117/><U104/><E104/><V57/><F70/><W89/><G43/><T10/><D64/><U132/><E132/><V116/><F116/><W24/><G89/><T124/><D124/><N who="3" m="47657" /><G22/><T25/><D110/><U99/><E78/><V31/><F77/><W29/><G29/><T134/><D134/><U92/><E111/><V130/><F115/><W131/><G131/><T68/><D68/><U19/><E109/><V100/><F130/><W54/><G54/><T79/><D79/><U63/><E39/><V46/><F46/><W40/><G40/><T128/><D128/><U102/><E75/><V66/><F61/><AGARI ba="0,0" hai="0,2,21,24,30,53,59,61,83,87,88" m="47657" machi="61" ten="30,2000,0" yaku="18,1,54,1" doraHai="11" who="3" fromWho="2" sc="250,0,250,0,250,-20,250,20" /><INIT seed="1,0,0,0,2,105" ten="250,250,230,270" oya="1" hai0="134,96,52,127,108,79,122,22,88,45,103,97,110" hai1="20,82,70,72,43,8,38,47,111,26,130,77,76" hai2="0,84,32,55,57,66,101,59,71,7,33,4,62" hai3="58,121,12,78,64,75,120,65,116,91,6,74,80"/><U35/><E130/><V100/><F0/><W106/><G106/><T50/><D127/><U53/><E70/><V42/><F71/><W69/><G69/><T83/><D134/><U56/><E35/><V104/><F42/><W112/><G112/><T73/><D122/><U46/><E111/><V14/><F104/><W34/><G34/><T39/><D39/><U94/><E76/><V129/><F129/><W41/><G41/><T19/><D103/><U113/><E113/><V102/><F33/><W36/><G36/><T114/><D114/><U61/><E47/><V29/><F32/><W3/><G3/><T27/><REACH who="0" step="1"/><D88/><REACH who="0" ten="240,250,230,270" step="2"/><U135/><E135/><V109/><F109/><AGARI ba="0,1" hai="19,22,27,45,50,52,73,79,83,96,97,108,109,110" machi="109" ten="40,8000,1" yaku="1,1,2,1,14,1,52,1,54,1,53,0" doraHai="105" doraHaiUra="60" who="0" fromWho="2" sc="240,90,250,0,230,-80,270,0" /><INIT seed="2,0,0,0,4,88" ten="330,250,150,270" oya="2" hai0="21,97,25,107,123,133,31,128,39,79,22,57,56" hai1="46,134,96,70,82,68,76,129,11,81,105,61,5" hai2="4,98,80,87,1,33,103,24,15,92,91,10,75" hai3="118,85,45,90,19,30,72,117,127,16,99,89,35"/><V41/><F41/><W49/><G72/><T67/><D39/><U122/><E122/><V23/><F33/><W109/><G109/><T100/><D133/><U38/><E134/><V116/><F116/><W64/><G127/><T104/><D79/><U113/><E113/><V27/><F1/><W36/><G36/><T60/><D128/><U42/><E129/><V43/><F43/><W86/><G99/><T13/><D123/><U102/><E61/><V32/><F32/><W54/><G64/><T130/><D130/><U14/><REACH who="1" step="1"/><E82/><REACH who="1" ten="330,240,150,270" step="2"/><V66/><F66/><W58/><G118/><T17/><REACH who="0" step="1"/><D57/><REACH who="0" ten="320,240,150,270" step="2"/><U74/><AGARI ba="0,2" hai="5,11,14,38,42,46,68,70,74,76,81,96,102,105" machi="74" ten="20,8000,1" yaku="1,1,2,1,0,1,7,1,53,1" doraHai="88" doraHaiUra="3" who="1" fromWho="1" sc="320,-20,240,100,150,-40,270,-20" /><INIT seed="3,0,0,1,5,119" ten="300,340,110,250" oya="3" hai0="87,6,88,97,67,68,42,56,24,120,96,121,33" hai1="54,36,66,27,71,105,13,125,47,51,89,26,92" hai2="45,79,53,49,35,25,135,104,90,9,86,101,7" hai3="77,128,113,39,132,4,50,116,122,64,75,29,60"/><W69/><G39/><T72/><D72/><U10/><E105/><V19/><F135/><W98/><G122/><T109/><D68/><U84/><E36/><V3/><F79/><W74/><G116/><T61/><D6/><U110/><E110/><V93/><F104/><W123/><G128/><T16/><D42/><U11/><E125/><V130/><F130/><W8/><G123/><T126/><D109/><U117/><E117/><V34/><F101/><W15/><G113/><T133/><D126/><U99/><E10/><V65/><F65/><W102/><G132/><T95/><D133/><U55/><E55/><V63/><F63/><W107/><G77/><T12/><D97/><U78/><E66/><V21/><AGARI ba="0,0" hai="3,7,9,19,21,25,34,35,45,49,53,86,90,93" machi="21" ten="30,1100,0" yaku="0,1" doraHai="119" who="2" fromWho="2" sc="300,-3,340,-3,110,11,250,-5" /><INIT seed="4,0,0,3,5,59" ten="297,337,121,245" oya="0" hai0="57,30,69,123,131,20,0,42,120,1,13,97,21" hai1="11,27,47,128,132,111,94,7,41,119,62,28,35" hai2="68,79,2,133,48,53,40,89,44,15,67,99,118" hai3="31,116,121,58,114,5,129,16,12,117,93,74,56"/><T36/><D69/><U84/><E119/><V10/><F2/><W87/><G74/><T115/><D36/><U52/><E111/><V134/><F118/><W33/><G5/><T127/><D42/><U49/><E132/><V17/><F79/><W112/><G121/><T113/><D97/><U130/><E84/><V73/><F73/><W88/><G129/><N who="1" m="49770" /><E94/><V45/><F68/><W66/><G117/><T86/><D86/><U26/><E26/><V104/><F67/><W34/><G116/><T64/><D131/><U19/><E19/><V96/><F104/><W106/><G106/><T105/><D105/><U14/><E62/><V82/><F134/><W122/><G58/><T37/><D57/><U103/><E103/><V18/><F18/><W100/><G100/><T109/><D109/><U63/><E63/><V32/><F32/><W8/><G122/><T29/><D120/><U78/><E78/><V85/><REACH who="2" step="1"/><F133/><REACH who="2" ten="297,337,111,245" step="2"/><W75/><G75/><T76/><D123/><U81/><E35/><V43/><F43/><W38/><G38/><AGARI ba="0,1" hai="10,15,17,38,40,44,45,48,53,82,85,89,96,99" machi="38" ten="30,7700,0" yaku="1,1,7,1,25,2,53,0" doraHai="59" doraHaiUra="23" who="2" fromWho="3" sc="297,0,337,0,111,87,245,-77" /><INIT seed="5,0,0,2,1,83" ten="297,337,198,168" oya="1" hai0="0,85,7,35,56,21,10,68,41,102,51,18,14" hai1="124,127,65,103,54,3,32,33,1,73,112,96,110" hai2="37,120,130,88,89,66,101,92,119,81,38,55,111" hai3="132,52,126,114,42,59,15,43,11,86,40,100,45"/><U121/><E121/><V77/><F120/><W99/><G114/><T23/><D68/><U49/><E73/><V62/><F119/><W16/><G132/><T74/><D74/><U91/><E65/><V87/><F111/><W129/><G126/><N who="1" m="48170" /><E91/><V133/><F133/><W17/><G17/><T98/><D35/><N who="1" m="13387" /><E112/><V8/><F130/><W26/><G26/><T34/><D34/><U25/><E25/><V109/><F109/><W4/><G4/><T78/><D102/><U76/><E76/><V6/><F101/><W13/><G13/><T128/><D98/><U29/><E29/><V82/><F55/><W118/><G129/><T2/><D2/><U57/><E110/><V131/><F131/><W122/><G118/><T80/><D128/><U108/><E108/><V44/><F89/><W63/><G122/><T22/><D0/><U67/><E67/><V24/><F81/><W95/><REACH who="3" step="1"/><G86/><REACH who="3" ten="297,337,198,158" step="2"/><T105/><D85/><U58/><E1/><V79/><F24/><W53/><G53/><T123/><D123/><U12/><E12/><V46/><F87/><W75/><G75/><T116/><D116/><U104/><E3/><V70/><F6/><W106/><G106/><T69/><D7/><U36/><E104/><V5/><F5/><W19/><G19/><T9/><D105/><U60/><E54/><V31/><F31/><W39/><AGARI ba="0,1" hai="11,15,16,39,40,42,43,45,52,59,63,95,99,100" machi="39" ten="20,8000,1" yaku="1,1,0,1,7,1,54,2,53,0" doraHai="83" doraHaiUra="72" who="3" fromWho="3" sc="297,-20,337,-40,198,-20,158,90" /><INIT seed="6,0,0,1,5,51" ten="277,297,178,248" oya="2" hai0="88,30,45,41,117,65,92,107,62,67,70,10,94" hai1="99,101,71,109,76,40,0,28,105,78,4,72,74" hai2="108,75,95,91,38,64,112,113,115,15,19,134,58" hai3="36,18,12,56,37,2,116,104,96,59,66,9,55"/><V29/><F38/><W52/><G2/><T132/><D107/><U103/><E71/><V21/><F75/><N who="1" m="28713" /><E28/><V33/><F108/><W31/><G66/><T131/><D117/><U130/><E40/><V49/><F134/><W110/><G31/><T14/><D132/><U34/><E34/><V35/><F29/><W111/><G116/><T90/><D65/><U128/><E109/><V20/><F20/><W84/><G84/><T43/><D30/><U125/><E125/><V63/><REACH who="2" step="1"/><F49/><REACH who="2" ten="277,297,168,248" step="2"/><W100/><G111/><T25/><D131/><U54/><E130/><V46/><F46/><W133/><G110/><T102/><D45/><U1/><E128/><V57/><F57/><W39/><REACH who="3" step="1"/><G133/><REACH who="3" ten="277,297,168,238" step="2"/><T13/><D70/><U47/><E47/><V86/><AGARI ba="0,2" hai="15,19,21,33,35,58,63,64,86,91,95,112,113,115" machi="86" ten="30,11700,0" yaku="1,1,0,1,15,1,53,1" doraHai="51" doraHaiUra="85" who="2" fromWho="2" sc="277,-39,297,-39,168,137,238,-39" /><INIT seed="6,1,0,0,5,75" ten="238,258,305,199" oya="2" hai0="76,7,26,44,102,27,19,9,78,67,129,97,105" hai1="122,113,80,99,77,110,128,111,45,63,82,29,53" hai2="116,108,86,2,83,131,50,17,49,96,43,114,70" hai3="10,30,64,31,134,51,22,91,25,12,79,33,69"/><V127/><F2/><W89/><G134/><T54/><D129/><U66/><E128/><V112/><F116/><W5/><G51/><T11/><D67/><U87/><E122/><V36/><F70/><W61/><G31/><T60/><D11/><U123/><E123/><V107/><F108/><W40/><G40/><T39/><D60/><U94/><E29/><V132/><F36/><W55/><G55/><T42/><D54/><U84/><E113/><V59/><F132/><W34/><REACH who="3" step="1"/><G79/><REACH who="3" ten="238,258,305,189" step="2"/><T117/><D117/><U3/><E53/><V20/><F43/><W73/><G73/><T68/><D68/><U106/><E77/><V133/><F49/><W47/><G47/><T16/><D27/><U101/><E45/><V38/><F50/><W46/><G46/><T109/><D109/><U119/><E110/><V100/><F114/><W48/><G48/><T88/><D26/><U93/><E111/><V81/><F112/><W18/><G18/><T130/><D130/><U90/><E119/><V74/><F17/><W65/><G65/><T6/><D19/><U15/><E66/><V37/><F74/><W62/><G62/><T120/><D120/><U1/><E63/><V41/><F131/><W32/><AGARI ba="1,1" hai="5,10,12,22,25,30,32,33,34,61,64,69,89,91" machi="32" ten="30,2000,0" yaku="1,1,0,1,53,0" doraHai="75" doraHaiUra="124" who="3" fromWho="3" sc="238,-6,258,-6,305,-11,189,33" /><INIT seed="7,0,0,5,5,120" ten="232,252,294,222" oya="3" hai0="51,6,130,99,115,61,19,46,79,74,10,110,11" hai1="91,107,121,94,102,23,20,76,5,134,12,49,85" hai2="92,111,4,66,88,56,41,57,17,90,24,72,1" hai3="112,118,129,77,60,86,2,18,42,108,27,14,45"/><W124/><G118/><T50/><D130/><U36/><E36/><V34/><F111/><W75/><G75/><T62/><D110/><U97/><E121/><V37/><F72/><W25/><G2/><T35/><D35/><U3/><E3/><V16/><F37/><W55/><G124/><T68/><D74/><U73/><E134/><V47/><F1/><W15/><G129/><T116/><D116/><U7/><E49/><N who="2" m="26863" /><F4/><W100/><G100/><T135/><D79/><U83/><REACH who="1" step="1"/><E5/><REACH who="1" ten="232,242,294,222" step="2"/><V101/><F34/><W117/><G117/><T71/><D6/><U70/><E70/><V109/><F109/><W128/><G108/><T132/><D51/><U106/><E106/><V28/><F66/><W40/><G128/><T89/><D71/><U33/><E33/><V93/><F28/><W44/><G112/><T59/><D115/><U131/><E131/><V8/><F101/><W29/><G29/><T67/><D135/><U133/><E133/><V123/><F123/><W125/><G125/><T84/><D132/><U114/><E114/><V43/><F17/><W119/><G119/><T58/><D19/><U13/><E13/><N who="3" m="4618" /><G18/><T98/><D68/><U38/><E38/><V103/><F16/><W48/><G60/><T87/><D67/><U22/><E22/><V9/><F103/><W122/><G122/><T30/><D30/><U31/><E31/><V52/><F8/><AGARI ba="0,1" hai="7,8,12,20,23,73,76,83,85,91,94,97,102,107" machi="8" ten="40,8000,1" yaku="1,1,24,2,53,1" doraHai="120" doraHaiUra="96" who="1" fromWho="2" sc="232,0,242,90,294,-80,222,0" owari="232,3.0,332,44.0,214,-29.0,222,-18.0" /></mjloggm>