<mjloggm ver="2.3"><GO type="169" lobby="0"/><UN n0="%EF%BC%88%E2%89%A7%E2%96%BD%E2%89%A6%EF%BC%89" n1="%E6%80%96%E3%81%8F%E3%81%AA%E3%81%84%E3%81%8A" n2="%45%55%52%45%4B%41%31%34" n3="%E3%83%9A%E3%83%81%E3%83%A7%E3%83%BC%E3%83%AA%E3%83%B3%E3%83%81%E3%83%BC" dan="19,18,17,16" rate="2238.60,2208.65,2133.04,2067.72" sx="M,M,M,M"/><TAIKYOKU oya="0"/><INIT seed="0,0,0,5,5,118" ten="250,250,250,250" oya="0" hai0="9,124,43,116,101,64,38,119,68,85,84,120,6" hai1="33,34,5,35,55,111,23,128,112,96,28,73,37" hai2="54,121,17,103,45,131,27,100,93,63,117,44,20" hai3="2,114,123,24,67,52,92,1,61,77,26,83,135"/><T89/><D120/><U30/><E73/><V51/><F117/><W41/><G114/><T95/><D124/><U86/><E37/><V88/><F131/><W78/><G41/><T127/><D127/><U134/><E128/><V132/><F132/><W8/><G135/><T16/><D101/><U76/><E134/><V4/><F121/><W72/><G78/><T22/><D85/><U31/><E96/><V58/><F4/><W11/><G92/><T130/><D130/><U99/><E99/><V40/><F88/><W0/><G123/><T87/><D87/><U110/><E55/><V48/><REACH who="2" step="1"/><F93/><REACH who="2" ten="250,250,240,250" step="2"/><W25/><REACH who="3" step="1"/><G52/><AGARI ba="0,1" hai="17,20,27,40,44,45,48,51,52,54,58,63,100,103" machi="52" ten="30,8000,1" yaku="1,1,2,1,7,1,8,1,54,1,53,0" doraHai="118" doraHaiUra="129" who="2" fromWho="3" sc="250,0,250,0,240,90,250,-80" /><INIT seed="1,0,0,0,2,48" ten="250,250,330,170" oya="1" hai0="0,34,81,98,61,68,4,82,133,44,123,107,64" hai1="47,77,11,105,118,91,97,100,78,39,125,63,95" hai2="46,31,116,70,33,135,25,30,119,55,115,56,41" hai3="75,50,92,18,117,85,87,103,67,14,62,17,7"/><U93/><E118/><V19/><F115/><W22/><G75/><T58/><D123/><U124/><E11/><V9/><F135/><W54/><G7/><T121/><D121/><U1/><E1/><V29/><F70/><W134/><G117/><T130/><D133/><U102/><E63/><V80/><F80/><W66/><G134/><T26/><D130/><U12/><E12/><V60/><F33/><W13/><G92/><T38/><D58/><U6/><E6/><V90/><F90/><W132/><G103/><N who="0" m="62967" /><D44/><U120/><E47/><V131/><F131/><W126/><G126/><N who="1" m="48746" /><E39/><V101/><F101/><W88/><G132/><T104/><D104/><U110/><E120/><V109/><F116/><W106/><G106/><T112/><D112/><U45/><E45/><V83/><F83/><N who="3" m="49215" /><G62/><T15/><D38/><U10/><E10/><V49/><F119/><W65/><G87/><T5/><D0/><U53/><E102/><V122/><F122/><W129/><G129/><T24/><D4/><U32/><E32/><V28/><F9/><N who="3" m="6319" /><G67/><T3/><D3/><U43/><E105/><V35/><F19/><W2/><G2/><T72/><D5/><U51/><E43/><V27/><F27/><W36/><G36/><T57/><D26/><U8/><E8/><V79/><F79/><W114/><G114/><T52/><D34/><U76/><E95/><V69/><F69/><W21/><G21/><T86/><D24/><U73/><E73/><V89/><F89/><W113/><G113/><T40/><D72/><U16/><E100/><V84/><F84/><W59/><AGARI ba="0,0" hai="14,18,22,50,54,59,65,66" m="6319,49215" machi="59" ten="30,7900,0" yaku="5,1,8,1,52,1,54,1" doraHai="48" who="3" fromWho="3" sc="250,-20,250,-39,330,-20,170,79" /><INIT seed="2,0,0,5,3,73" ten="230,211,310,249" oya="2" hai0="18,64,80,94,43,99,119,63,4,113,6,26,37" hai1="98,59,61,121,38,91,50,112,95,131,33,110,55" hai2="16,124,125,81,111,3,29,96,22,47,56,41,118" hai3="36,129,19,44,67,14,46,42,105,65,117,21,25"/><V87/><F3/><W48/><G117/><T53/><D113/><U88/><E112/><V108/><F29/><W60/><G105/><T114/><D114/><U58/><E33/><V39/><F96/><W127/><G127/><N who="2" m="48713" /><F56/><W107/><G107/><T5/><D119/><U76/><E38/><V28/><F28/><W89/><G129/><T122/><D122/><U70/><E131/><V20/><F118/><W32/><G32/><T7/><D7/><U74/><E110/><N who="2" m="42027" /><F16/><W103/><G103/><T69/><D18/><U128/><E70/><V17/><F17/><W106/><G19/><T102/><D99/><U54/><E128/><V126/><N who="2" m="48721" /><V115/><DORA hai="10" /><F115/><W34/><G34/><T97/><D97/><U2/><E2/><V120/><F120/><W49/><G44/><T130/><D102/><U75/><E121/><V24/><F24/><W92/><G25/><T51/><D26/><U72/><REACH who="1" step="1"/><E91/><AGARI ba="0,0" hai="20,22,39,41,47,81,87,91" m="42027,48721" machi="91" ten="40,7700,0" yaku="18,1,14,1,10,1" doraHai="73,10" who="2" fromWho="1" sc="230,0,211,-77,310,77,249,0" /><INIT seed="2,1,0,3,5,99" ten="230,134,387,249" oya="2" hai0="80,96,91,49,25,23,67,124,42,54,84,104,64" hai1="4,35,113,10,76,14,43,18,87,132,31,121,71" hai2="37,73,100,51,90,40,83,114,52,57,11,65,128" hai3="109,58,101,39,38,26,61,118,133,116,46,77,111"/><V50/><F114/><W27/><G77/><T47/><D124/><U130/><E113/><V30/><F128/><W74/><G74/><T102/><REACH who="0" step="1"/><D42/><REACH who="0" ten="220,134,387,249" step="2"/><U97/><E130/><V122/><F40/><W79/><G116/><T0/><D0/><U78/><E121/><V93/><F122/><W127/><G118/><T32/><D32/><U85/><E43/><V105/><F37/><W110/><G39/><T44/><D44/><U86/><E132/><V95/><F50/><W107/><G127/><T94/><D94/><U72/><E72/><V29/><F95/><W89/><G133/><T9/><D9/><U48/><E48/><V6/><F11/><W68/><G46/><T75/><D75/><U81/><E81/><V28/><F73/><W69/><G38/><T41/><D41/><U45/><E45/><V12/><F83/><W36/><G36/><T34/><D34/><U20/><E71/><V21/><F93/><W135/><G69/><T134/><D134/><U8/><E8/><V92/><F92/><W62/><G68/><T59/><D59/><U16/><E35/><V103/><F51/><W19/><G135/><T126/><D126/><U120/><E120/><V63/><F57/><W82/><G58/><T98/><D98/><U13/><E97/><V22/><F22/><W7/><G82/><T131/><D131/><U15/><E4/><V129/><F21/><W125/><G7/><T119/><D119/><U17/><E10/><V24/><F129/><W1/><G125/><T123/><D123/><U70/><E70/><V88/><F6/><W55/><G1/><RYUUKYOKU ba="1,1" sc="220,15,134,15,387,-15,249,-15" hai0="23,25,47,49,54,64,67,80,84,91,96,102,104" hai1="13,14,15,16,17,18,20,31,76,78,85,86,87" /><INIT seed="3,2,1,2,5,73" ten="235,149,372,234" oya="3" hai0="20,53,63,13,104,47,10,46,50,77,117,21,8" hai1="40,0,35,93,45,25,122,70,106,124,120,28,43" hai2="7,11,39,130,36,75,44,61,80,62,76,113,109" hai3="108,134,96,6,64,99,126,31,52,29,87,72,82"/><W58/><G134/><T22/><D117/><U114/><E114/><V19/><F113/><W115/><G126/><T131/><D104/><U49/><E106/><V112/><F112/><W110/><G115/><T1/><D131/><U23/><E0/><V132/><F130/><W79/><G72/><T51/><D1/><U2/><E2/><N who="2" m="503" /><F39/><W81/><G64/><T88/><D77/><U125/><E70/><V123/><F123/><W98/><G82/><T65/><D13/><U59/><E43/><N who="2" m="22631" /><F109/><N who="3" m="42091" /><G6/><T127/><D127/><N who="1" m="48715" /><E93/><V3/><F3/><W41/><G41/><T103/><D103/><U71/><E71/><V18/><F132/><W92/><G92/><T90/><D8/><U74/><E74/><V100/><F100/><W54/><G54/><N who="0" m="30047" /><D10/><U68/><E68/><V37/><F37/><W57/><G57/><N who="0" m="35247" /><D65/><U26/><E59/><V4/><F4/><W135/><G135/><T107/><D107/><U66/><E66/><V30/><F30/><AGARI ba="2,1" hai="23,25,26,28,30,35,40,45,49,120,122" m="48715" machi="30" ten="30,1000,0" yaku="18,1" doraHai="73" who="1" fromWho="2" sc="235,0,149,26,372,-16,234,0" /><INIT seed="4,0,0,0,3,107" ten="235,175,356,234" oya="0" hai0="69,41,25,71,59,100,111,17,47,14,96,12,16" hai1="7,51,104,82,10,53,91,112,29,129,123,35,57" hai2="23,98,38,120,66,34,131,8,99,110,9,118,0" hai3="49,6,39,89,21,54,67,42,24,113,94,87,28"/><T68/><D59/><U103/><E123/><V31/><F38/><W135/><G135/><T11/><D25/><U30/><E129/><V33/><F66/><W20/><G113/><T105/><D111/><U52/><E112/><V127/><F99/><W92/><G67/><T101/><D101/><U5/><E104/><V78/><F78/><W19/><G6/><T119/><D119/><U93/><E103/><V102/><F98/><W114/><G114/><T108/><D108/><U62/><E82/><V73/><F73/><W95/><G42/><T86/><D86/><U1/><E5/><V37/><F37/><W84/><G84/><T126/><D126/><U79/><E79/><V15/><F102/><W4/><G4/><T76/><D76/><U45/><REACH who="1" step="1"/><E35/><REACH who="1" ten="235,165,356,234" step="2"/><V77/><F77/><W40/><G95/><T36/><REACH who="0" step="1"/><D71/><REACH who="0" ten="225,165,356,234" step="2"/><U97/><AGARI ba="0,2" hai="1,7,10,29,30,45,51,52,53,57,62,91,93,97" machi="97" ten="20,8000,1" yaku="1,1,2,1,0,1,7,1,54,1,53,0" doraHai="107" doraHaiUra="22" who="1" fromWho="1" sc="225,-40,165,100,356,-20,234,-20" /><INIT seed="5,0,0,4,0,110" ten="185,265,336,214" oya="1" hai0="40,81,23,134,92,67,49,35,86,123,1,80,8" hai1="58,16,22,19,12,66,28,73,116,4,105,132,117" hai2="121,42,3,43,120,109,33,90,102,104,131,13,30" hai3="99,84,96,5,70,76,77,74,51,44,122,9,69"/><U59/><E105/><V93/><F109/><W15/><G74/><T130/><D35/><U97/><E73/><V48/><F3/><W38/><G38/><T68/><D123/><U17/><E132/><V100/><F104/><W34/><G34/><T95/><D134/><U133/><E133/><V108/><F108/><W60/><G122/><T85/><D130/><U46/><E46/><V20/><F33/><W41/><G77/><T126/><D126/><U7/><E97/><N who="3" m="37450" /><G60/><T87/><D68/><U89/><E89/><V75/><F75/><W21/><G21/><T0/><D67/><U124/><E58/><V52/><F131/><W56/><G56/><T62/><D62/><U63/><E124/><V128/><F128/><W31/><G31/><T106/><D106/><U119/><E28/><V55/><F120/><W32/><G32/><T82/><D23/><U103/><E103/><N who="2" m="39467" /><F121/><W45/><G45/><T113/><D8/><U115/><E22/><V27/><F13/><W2/><G2/><N who="0" m="1131" /><D49/><U64/><E12/><V71/><F71/><W25/><G25/><T101/><D101/><U54/><E64/><V127/><F127/><W83/><AGARI ba="0,0" hai="5,9,15,41,44,51,69,70,76,83,84" m="37450" machi="83" ten="30,1100,0" yaku="25,1" doraHai="110" who="3" fromWho="3" sc="185,-3,265,-5,336,-3,214,11" /><INIT seed="6,0,0,1,1,108" ten="182,260,333,225" oya="2" hai0="2,61,125,34,72,13,73,46,30,107,5,114,7" hai1="0,133,15,44,126,16,78,52,20,36,25,119,97" hai2="93,4,69,8,87,104,49,40,122,124,88,62,64" hai3="116,71,86,109,3,135,98,95,115,113,94,47,70"/><V50/><F122/><W68/><G109/><T130/><D130/><U11/><E119/><V120/><F120/><W75/><G116/><T79/><D107/><U105/><E78/><V129/><F129/><W28/><G75/><T58/><D2/><U121/><E36/><V100/><F124/><W110/><G3/><T39/><D125/><U37/><E37/><V80/><F104/><W43/><G110/><T90/><D34/><U67/><E67/><V51/><F40/><W84/><G28/><T134/><D30/><U31/><E126/><V60/><F60/><W83/><G135/><T14/><D134/><U41/><E41/><V103/><REACH who="2" step="1"/><F80/><REACH who="2" ten="182,260,323,225" step="2"/><W127/><G127/><T48/><D39/><U33/><E121/><V74/><F74/><W128/><G128/><T19/><D73/><U63/><E133/><V59/><F59/><W12/><G83/><T45/><D58/><U32/><E63/><V117/><F117/><W91/><G95/><T66/><D61/><U106/><E106/><V112/><F112/><N who="3" m="43083" /><G12/><AGARI ba="0,1" hai="4,8,12,49,50,51,62,64,69,87,88,93,100,103" machi="12" ten="40,3900,0" yaku="1,1,54,1,53,0" doraHai="108" doraHaiUra="77" who="2" fromWho="3" sc="182,0,260,0,323,49,225,-39" /><INIT seed="6,1,0,5,4,100" ten="182,260,372,186" oya="2" hai0="92,110,107,14,42,85,126,116,94,19,59,11,9" hai1="64,105,63,55,124,122,130,37,56,21,91,16,103" hai2="108,2,99,75,106,88,47,127,0,120,98,121,65" hai3="74,119,109,22,68,26,104,125,115,45,82,102,49"/><V133/><F75/><W117/><G109/><T43/><D110/><U57/><E37/><V25/><F108/><W40/><G68/><T10/><D107/><U83/><E130/><V132/><F65/><W77/><G125/><T1/><D126/><U50/><E124/><V90/><F127/><W113/><G102/><T87/><D116/><U67/><E105/><V4/><F25/><W70/><G70/><T34/><D34/><U13/><E103/><V95/><F47/><W135/><G104/><T123/><D123/><U53/><E122/><V6/><F106/><W72/><G72/><T7/><D59/><U20/><E20/><V80/><F95/><N who="0" m="36394" /><D1/><U30/><E30/><V32/><F80/><W76/><G76/><T84/><D7/><U62/><E50/><V79/><F79/><W86/><G74/><T15/><D19/><U33/><E33/><AGARI ba="1,0" hai="0,2,4,6,32,33,88,90,98,99,120,121,132,133" machi="33" ten="25,4800,0" yaku="22,2,54,1" doraHai="100" who="2" fromWho="1" sc="182,0,260,-51,372,51,186,0" /><INIT seed="6,2,0,0,4,74" ten="182,209,423,186" oya="2" hai0="97,22,117,83,39,91,128,35,49,33,116,72,20" hai1="70,34,60,129,95,89,102,112,56,98,36,101,127" hai2="100,77,119,16,12,79,109,27,106,54,48,50,105" hai3="111,130,131,64,44,73,18,66,118,65,76,21,55"/><V17/><F119/><N who="0" m="45642" /><D39/><U110/><E110/><V43/><F109/><W3/><G111/><T46/><D128/><N who="3" m="49193" /><G3/><T104/><D104/><U8/><E70/><V123/><F123/><W52/><G44/><T99/><D91/><U57/><E34/><N who="0" m="12809" /><D83/><U42/><E42/><V84/><F105/><W25/><G118/><T87/><D87/><U9/><E127/><V7/><F106/><W53/><G73/><T134/><D134/><U113/><E56/><V88/><F100/><N who="1" m="38505" /><E36/><V96/><F96/><N who="0" m="36938" /><D72/><U14/><E129/><V132/><F132/><W47/><G47/><T107/><D107/><U38/><E38/><V82/><F43/><AGARI ba="2,0" hai="20,22,43,46,49" m="36938,12809,45642" machi="43" ten="30,1000,0" yaku="12,1" doraHai="74" who="0" fromWho="2" sc="182,16,209,0,423,-16,186,0" /><INIT seed="7,0,0,4,1,121" ten="198,209,407,186" oya="3" hai0="32,92,39,23,104,67,128,84,8,50,125,96,9" hai1="37,57,123,112,58,107,103,26,31,25,116,27,133" hai2="63,129,72,79,53,61,85,90,105,45,115,124,68" hai3="102,94,81,117,78,41,131,38,35,91,33,13,110"/><W130/><G117/><T62/><D39/><U99/><E37/><V12/><F105/><W100/><G13/><T56/><D32/><U49/><E133/><V22/><F68/><W114/><G114/><T127/><D128/><N who="3" m="49193" /><G110/><T46/><D84/><U52/><E123/><V71/><F71/><W44/><G33/><T1/><D104/><U36/><E36/><V59/><F115/><W108/><G35/><T113/><D113/><U97/><E112/><V7/><F124/><N who="0" m="47690" /><D23/><U0/><E0/><V6/><F129/><W132/><G108/><T48/><D1/><U83/><E99/><V14/><F14/><W4/><G4/><T65/><D65/><U16/><E31/><V77/><F7/><W120/><G132/><T134/><D134/><U54/><E83/><V34/><F34/><W89/><G120/><T64/><D64/><U66/><E66/><V98/><F22/><W80/><G80/><T118/><D118/><U126/><E116/><V88/><F12/><W111/><G111/><T5/><D5/><U109/><E109/><V86/><F6/><W30/><G30/><T73/><D73/><U20/><E126/><V87/><F72/><N who="3" m="43207" /><G91/><N who="0" m="55327" /><D50/><AGARI ba="0,0" hai="16,20,25,26,27,49,50,52,54,57,58,97,103,107" machi="50" ten="30,7700,0" yaku="7,1,9,1,54,2" doraHai="121" who="1" fromWho="0" sc="198,-77,209,77,407,0,186,0" owari="121,-38.0,286,9.0,407,50.0,186,-21.0" /></mjloggm>