<mjloggm ver="2.3"><GO type="169" lobby="0"/><UN n0="%E6%A1%9C%E4%BA%95%E3%82%A2%E3%82%BD%E3%82%B3" n1="%E6%82%A0%E9%9B%85" n2="%EF%BC%88%E2%89%A7%E2%96%BD%E2%89%A6%EF%BC%89" n3="%E3%82%A2%E3%83%8B%E3%82%AA%E3%83%B3" dan="17,16,17,16" rate="2193.90,2074.27,2191.06,2086.01" sx="M,M,M,M"/><TAIKYOKU oya="0"/><INIT seed="0,0,0,3,4,131" ten="250,250,250,250" oya="0" hai0="27,33,93,22,84,1,78,16,89,28,46,85,68" hai1="44,59,4,112,40,77,50,19,74,97,70,108,103" hai2="56,7,66,12,83,109,127,0,130,123,102,92,42" hai3="104,18,63,79,118,82,58,73,23,32,37,30,119"/><T75/><D68/><U113/><E70/><V91/><F0/><W71/><G37/><T64/><D64/><U15/><E4/><V36/><F123/><W53/><G104/><T17/><D1/><U49/><E108/><V96/><F130/><W14/><G32/><T31/><D33/><U9/><E74/><V41/><F127/><W122/><G71/><T115/><D75/><U3/><E77/><V101/><F109/><W11/><G122/><T13/><D115/><N who="1" m="44107" /><E3/><V134/><F36/><W105/><G105/><T129/><D129/><U26/><E26/><V21/><F83/><W24/><AGARI ba="0,0" hai="11,14,18,23,24,30,53,58,63,73,79,82,118,119" machi="24" ten="30,1100,0" yaku="0,1" doraHai="131" who="3" fromWho="3" sc="250,-5,250,-3,250,-3,250,11" /><INIT seed="1,0,0,0,1,20" ten="245,247,247,261" oya="1" hai0="92,91,31,89,98,43,7,2,126,64,130,83,93" hai1="39,101,21,28,47,115,59,41,3,12,124,132,4" hai2="33,106,81,27,86,75,54,123,78,96,34,29,45" hai3="135,9,15,103,46,32,73,8,95,128,11,22,63"/><U108/><E115/><V125/><F123/><W48/><G73/><T102/><D126/><U26/><E124/><V80/><F125/><W88/><G135/><T67/><D130/><U56/><E132/><V61/><F34/><W112/><G112/><T84/><D2/><U49/><E101/><V120/><F120/><W71/><G128/><T30/><D7/><U50/><E108/><V82/><F75/><W66/><G32/><T23/><D43/><U77/><E77/><V1/><F1/><W17/><G103/><T85/><REACH who="0" step="1"/><D31/><REACH who="0" ten="235,247,247,261" step="2"/><U62/><E3/><V16/><F29/><W25/><G9/><T44/><D44/><U76/><E4/><V117/><F45/><W111/><G111/><T52/><D52/><U118/><E47/><V70/><F54/><W42/><REACH who="3" step="1"/><G15/><REACH who="3" ten="235,247,247,251" step="2"/><T24/><AGARI ba="0,2" hai="23,24,30,64,67,83,84,85,89,91,92,93,98,102" machi="24" ten="30,7900,0" yaku="1,1,0,1,8,1,52,1,53,0" doraHai="20" doraHaiUra="69" who="0" fromWho="0" sc="235,99,247,-39,247,-20,251,-20" /><INIT seed="2,0,0,0,2,100" ten="334,208,227,231" oya="2" hai0="118,16,91,90,7,23,114,4,39,21,32,93,27" hai1="89,70,99,124,58,53,107,131,111,65,61,120,17" hai2="101,12,41,103,44,96,13,98,67,81,133,106,75" hai3="108,82,18,46,94,72,69,95,84,83,126,119,52"/><V47/><F133/><W102/><G69/><T42/><D114/><U59/><E124/><V48/><F67/><W37/><G119/><T130/><D32/><U5/><E5/><V55/><F81/><W76/><G126/><T25/><D118/><U20/><E131/><V29/><F29/><W71/><G71/><T33/><D33/><U116/><E116/><V50/><REACH who="2" step="1"/><F75/><REACH who="2" ten="334,208,217,231" step="2"/><W117/><G117/><T36/><D130/><U127/><E127/><V22/><F22/><W38/><G72/><T78/><D23/><U40/><E20/><V123/><F123/><W35/><G83/><T113/><D21/><U60/><E120/><V125/><F125/><W34/><G82/><T85/><D25/><U109/><E65/><V64/><F64/><W15/><G35/><T2/><D27/><U74/><E74/><V66/><F66/><W43/><G34/><T112/><D112/><U68/><E68/><V79/><F79/><W73/><G76/><T3/><D78/><U92/><E70/><V26/><F26/><W1/><G73/><T45/><D113/><U104/><E111/><V14/><F14/><W56/><G15/><T135/><D135/><U31/><E109/><V122/><F122/><W57/><G108/><T132/><D132/><U6/><E31/><V11/><F11/><W19/><G1/><T110/><D110/><U87/><E61/><V105/><AGARI ba="0,1" hai="12,13,41,44,47,48,50,55,96,98,101,103,105,106" machi="105" ten="20,24000,3" yaku="1,1,0,1,7,1,9,1,52,2,53,2" doraHai="100" doraHaiUra="8" who="2" fromWho="2" sc="334,-80,208,-80,217,250,231,-80" /><INIT seed="2,1,0,2,3,51" ten="254,128,467,151" oya="2" hai0="22,113,100,89,133,134,42,59,77,62,38,121,28" hai1="55,122,47,67,43,128,98,95,110,75,36,46,86" hai2="49,106,4,0,12,127,92,23,114,41,14,120,16" hai3="129,25,5,29,105,18,83,102,10,30,84,115,72"/><V68/><F106/><W96/><G115/><T103/><D113/><U61/><E75/><V116/><F68/><W39/><G39/><T81/><D121/><U19/><E122/><V126/><F116/><W40/><G40/><T66/><D89/><U130/><E86/><V24/><F114/><W118/><G118/><T70/><D42/><U78/><E78/><V132/><F120/><W125/><G125/><N who="2" m="47625" /><F92/><W119/><G119/><T107/><D38/><U54/><E110/><V53/><F41/><W17/><G129/><N who="1" m="49770" /><E46/><N who="2" m="27831" /><F132/><W50/><G50/><T94/><D70/><N who="1" m="42351" /><E19/><V56/><F56/><W74/><G18/><T108/><D59/><U71/><E71/><V6/><F0/><W123/><G17/><T20/><D133/><U64/><E64/><V79/><F79/><W11/><G123/><T8/><D66/><U57/><E57/><V33/><F33/><W111/><G111/><T13/><D108/><U131/><N who="1" m="49778" /><U99/><DORA hai="80" /><E99/><V69/><F69/><W58/><G58/><T34/><D77/><U32/><E32/><V45/><F45/><W82/><G96/><T104/><D34/><U48/><E36/><V63/><F63/><W52/><G74/><T31/><D62/><U37/><E37/><V21/><F21/><W135/><G72/><T65/><D22/><U1/><E1/><V88/><F88/><AGARI ba="1,0" hai="43,47,48,54,55,88,95,98" m="42351,49778" machi="88" ten="40,8000,1" yaku="19,1,52,2,54,1" doraHai="51,80" who="1" fromWho="2" sc="254,0,128,83,467,-83,151,0" /><INIT seed="3,0,0,0,5,66" ten="254,211,384,151" oya="3" hai0="107,70,92,102,80,33,75,32,85,98,88,83,119" hai1="124,39,49,2,1,25,65,84,103,79,45,38,12" hai2="22,82,105,78,9,8,3,40,7,68,110,100,24" hai3="13,35,42,132,89,71,6,96,15,61,27,111,19"/><W125/><G42/><T120/><D120/><U28/><E103/><V51/><F110/><W56/><G111/><T16/><D119/><U67/><E124/><V87/><F68/><W97/><G125/><T62/><D16/><U58/><E1/><V126/><F126/><W77/><G77/><N who="0" m="44095" /><D83/><U72/><E2/><V26/><F9/><W5/><G132/><T55/><D55/><U69/><E72/><V129/><F129/><W109/><G109/><T14/><D14/><N who="3" m="5129" /><G71/><T43/><D43/><U11/><E58/><V0/><F0/><W112/><G112/><T115/><D115/><U30/><E30/><V60/><F60/><W131/><G131/><T52/><D52/><U21/><E67/><AGARI ba="0,0" hai="32,33,62,67,70,85,88,92,98,102,107" m="44095" machi="67" ten="30,3900,0" yaku="24,1,52,1,54,1" doraHai="66" who="0" fromWho="1" sc="254,39,211,-39,384,0,151,0" /><INIT seed="4,0,0,2,0,8" ten="293,172,384,151" oya="0" hai0="1,113,73,89,15,106,50,23,7,120,32,116,69" hai1="29,20,2,59,115,48,19,131,76,77,24,6,40" hai2="90,114,130,123,119,17,86,87,35,75,104,53,94" hai3="102,28,103,121,9,100,4,109,66,38,43,21,129"/><T118/><D89/><U64/><E115/><V27/><F104/><W88/><G109/><T93/><D93/><U61/><E131/><V96/><F75/><W84/><G129/><T63/><D50/><U126/><E126/><V133/><F130/><W56/><G121/><T85/><D85/><U67/><E67/><V57/><F123/><W12/><G43/><T11/><D63/><U13/><E2/><V99/><F133/><W101/><G38/><T47/><D47/><N who="1" m="25703" /><E6/><V132/><F132/><W78/><N who="3" m="25600" /><DORA hai="14" /><W122/><G122/><T46/><D46/><U25/><E25/><V34/><F114/><W95/><G78/><T49/><D49/><U5/><E5/><V98/><F119/><W42/><G42/><T18/><D69/><U58/><E58/><V91/><F57/><W72/><G72/><T112/><D106/><U135/><E135/><V125/><F125/><W60/><G21/><AGARI ba="0,0" hai="13,19,20,21,24,29,59,61,64,76,77" m="25703" machi="21" ten="30,3900,0" yaku="8,1,52,2" doraHai="8,14" who="1" fromWho="3" sc="293,0,172,39,384,0,151,-39" /><INIT seed="5,0,0,3,3,85" ten="293,211,384,112" oya="1" hai0="96,62,103,48,36,134,66,21,44,8,9,39,73" hai1="95,79,22,105,135,26,128,98,99,4,124,76,42" hai2="123,60,52,80,58,11,47,87,35,88,133,64,68" hai3="90,110,83,31,43,65,92,16,10,29,82,3,130"/><U78/><E128/><V1/><F123/><W27/><G110/><T51/><D73/><U84/><E135/><V13/><F133/><W12/><G130/><T38/><D134/><U117/><E117/><V56/><F35/><W17/><G43/><T119/><D119/><U108/><E108/><V59/><F1/><W112/><G112/><T25/><D9/><U23/><E124/><V125/><F125/><W40/><G40/><T86/><D8/><U45/><E4/><N who="2" m="3303" /><F68/><W74/><G74/><T109/><D109/><U49/><E105/><V7/><F7/><W14/><G3/><T131/><D44/><U115/><E23/><V0/><F0/><W18/><G65/><T70/><D86/><U53/><E42/><V101/><F101/><W72/><G72/><T63/><D63/><U2/><E2/><V97/><F97/><N who="3" m="57495" /><G27/><T111/><D111/><U61/><E61/><V116/><F116/><W75/><G75/><T6/><D6/><U67/><E67/><V127/><F127/><W77/><G77/><T28/><D131/><U129/><E129/><V106/><F106/><W5/><G14/><T122/><D122/><U89/><REACH who="1" step="1"/><E115/><REACH who="1" ten="293,201,384,112" step="2"/><V55/><F55/><W69/><G69/><T19/><D70/><U93/><E93/><V57/><F64/><W50/><G50/><N who="0" m="18987" /><D62/><U15/><E15/><V100/><F60/><W71/><G71/><T30/><D66/><U24/><E24/><V132/><F132/><W33/><G33/><T104/><D104/><U126/><E126/><V46/><N who="2" m="14336" /><DORA hai="120" /><V54/><F54/><W114/><G114/><T118/><D118/><RYUUKYOKU ba="0,1" sc="293,10,201,10,384,-30,112,10" hai0="19,21,25,28,30,36,38,39,96,103" hai1="22,26,45,49,53,76,78,79,84,89,95,98,99" hai3="5,10,12,16,17,18,29,31,82,83" /><INIT seed="5,1,1,0,0,129" ten="303,211,354,122" oya="1" hai0="101,35,18,40,104,85,107,76,10,16,80,7,20" hai1="77,133,3,62,93,57,105,34,123,50,4,103,54" hai2="134,41,42,1,44,0,87,33,109,131,90,112,22" hai3="86,91,110,64,8,126,58,117,94,114,71,59,24"/><U124/><E123/><V99/><F33/><W66/><G110/><T63/><D35/><U2/><E34/><V78/><F109/><W28/><G114/><T47/><D63/><U56/><E105/><V75/><F131/><W37/><G37/><T27/><D18/><U61/><E77/><V72/><F99/><W48/><G126/><T6/><D6/><U106/><E124/><V121/><F121/><W98/><G117/><T108/><D101/><U113/><E113/><V118/><F118/><W92/><G8/><T39/><REACH who="0" step="1"/><D108/><REACH who="0" ten="293,211,354,122" step="2"/><U49/><E4/><V81/><F1/><AGARI ba="1,2" hai="1,7,10,16,20,27,39,40,47,76,80,85,104,107" machi="1" ten="30,7700,0" yaku="1,1,2,1,7,1,54,1,53,0" doraHai="129" doraHaiUra="89" who="0" fromWho="2" sc="293,100,211,0,354,-80,122,0" /><INIT seed="6,0,0,3,0,9" ten="393,211,274,122" oya="2" hai0="20,39,0,25,130,71,65,5,29,30,26,69,80" hai1="53,67,60,114,34,7,129,32,131,66,95,101,6" hai2="55,2,17,89,64,92,116,81,94,135,36,57,74" hai3="44,124,107,10,58,105,12,8,103,112,62,113,13"/><V126/><F36/><W45/><G124/><T128/><D39/><U104/><E104/><N who="3" m="40010" /><G103/><T27/><D5/><U47/><E67/><V100/><F2/><W73/><G73/><T43/><D43/><U108/><E108/><V1/><F1/><W119/><G119/><T99/><D0/><U19/><E101/><V75/><F116/><W84/><G84/><T37/><D37/><U24/><E95/><V77/><F126/><W3/><G3/><T118/><D99/><U82/><E82/><V23/><F75/><W120/><G120/><T49/><D49/><U121/><E121/><V115/><F100/><W109/><G109/><T59/><D80/><U18/><E32/><V28/><F92/><W83/><G83/><T63/><D27/><U96/><E34/><V48/><F94/><W102/><G102/><T46/><D46/><N who="3" m="18025" /><G58/><T68/><D118/><U123/><E24/><V93/><F57/><W11/><G62/><T35/><AGARI ba="0,0" hai="20,25,26,29,30,35,59,63,65,68,69,71,128,130" machi="35" ten="40,1500,0" yaku="0,1" doraHai="9" who="0" fromWho="0" sc="393,15,211,-4,274,-7,122,-4" /><INIT seed="7,0,0,3,5,107" ten="408,207,267,118" oya="3" hai0="83,96,132,45,66,93,19,130,109,68,124,56,10" hai1="110,11,128,125,89,72,6,82,55,95,76,61,65" hai2="71,85,35,25,94,70,0,103,53,27,131,14,91" hai3="28,52,47,15,129,29,86,121,13,105,41,84,101"/><W108/><G121/><T102/><D109/><U5/><E110/><V112/><F0/><W12/><G108/><T127/><D68/><U7/><E128/><V134/><F131/><W3/><G3/><T46/><D132/><U30/><E30/><V113/><F134/><W74/><G74/><T34/><D34/><U49/><E125/><V97/><F14/><W119/><G119/><T22/><D10/><U135/><E135/><V39/><F39/><W67/><G67/><T63/><D83/><U116/><E116/><V62/><F53/><W54/><G129/><T99/><D130/><U58/><E11/><V100/><F100/><W79/><G101/><T21/><D21/><U118/><E118/><V111/><F111/><W38/><G105/><T1/><D1/><U104/><E104/><N who="2" m="63599" /><F62/><W133/><G133/><T33/><D33/><U18/><E18/><V80/><F80/><W90/><G79/><T9/><D9/><U36/><E36/><V37/><F37/><W69/><G69/><N who="2" m="26121" /><F35/><W120/><G120/><T78/><D99/><U64/><REACH who="1" step="1"/><E61/><REACH who="1" ten="408,197,267,118" step="2"/><V115/><AGARI ba="0,1" hai="25,27,85,91,94,112,113,115" m="26121,63599" machi="115" ten="40,1500,0" yaku="15,1" doraHai="107" who="2" fromWho="2" sc="408,-4,197,-4,267,25,118,-7" owari="404,51.0,193,-21.0,292,9.0,111,-39.0" /></mjloggm>