<mjloggm ver="2.3"><GO type="41"/><UN n0="%E3%83%9E%E3%83%84%E3%82%B6%E3%82%AD" n1="%E8%A3%8F%E6%8A%95%E3%81%92%E4%B8%80%E6%9C%AC" n2="%74%65%73%74%61%6E" n3="%E3%82%A6%E3%83%AB%E3%83%88%E3%83%A9%E7%AB%8B%E7%9B%B4" dan="15,14,15,15" rate="1917,1861,2067,2022" sx="M,M,M,M"/><TAIKYOKU oya="0"/><INIT seed="0,0,0,4,0,98" ten="250,250,250,250" oya="0" hai0="15,129,52,67,6,12,90,96,115,55,65,130,77" hai1="61,20,27,48,111,110,84,91,29,108,45,93,102" hai2="49,81,23,25,107,17,44,47,51,59,79,60,32" hai3="46,28,26,103,83,34,117,9,39,58,88,68,8"/><T114/><D77/><U128/><E61/><V13/><F107/><W101/><G68/><T78/><D78/><U63/><E63/><V122/><F122/><W4/><G117/><T113/><D96/><U87/><E128/><N who="0" m="49257" /><D90/><U100/><E84/><V7/><F32/><W33/><G33/><T22/><D22/><U42/><AGARI ba="0,0" hai="20,27,29,42,45,48,87,91,93,100,102,108,110,111" machi="42" ten="30,7900,0" yaku="0,1,14,1,52,2" doraHai="98" who="1" fromWho="1" sc="250,-39,250,79,250,-20,250,-20" /><INIT seed="1,0,0,1,3,7" ten="211,329,230,230" oya="1" hai0="33,76,17,102,121,24,34,54,92,55,75,65,45" hai1="64,74,0,10,3,22,115,111,42,14,52,85,93" hai2="57,15,26,61,132,13,50,101,100,21,80,107,69" hai3="82,127,77,114,103,18,4,51,126,62,38,63,90"/><U72/><E115/><V6/><F69/><W105/><G38/><T8/><D65/><U9/><E64/><V83/><F132/><W113/><G4/><T118/><D76/><U84/><E42/><V30/><F50/><W124/><G90/><T79/><D79/><U56/><E22/><V29/><F30/><W35/><G35/><T25/><D75/><U58/><E93/><V108/><F108/><W37/><G37/><T110/><D110/><U131/><E14/><N who="2" m="5131" /><F107/><W97/><G18/><T135/><D92/><U67/><E111/><V19/><F6/><W39/><G39/><T70/><D102/><N who="2" m="39530" /><F29/><W47/><G62/><T59/><D70/><U112/><E67/><AGARI ba="0,0" hai="19,21,26,57,61,67,80,83" m="39530,5131" machi="67" ten="30,1000,0" yaku="8,1" doraHai="7" who="2" fromWho="1" sc="211,0,329,-10,230,10,230,0" /><INIT seed="2,0,0,0,2,101" ten="211,319,240,230" oya="2" hai0="63,78,122,58,29,115,24,9,46,124,42,88,84" hai1="14,3,104,50,13,100,67,102,36,116,98,2,12" hai2="49,19,71,15,20,62,53,117,109,56,121,120,54" hai3="97,11,57,90,65,129,128,23,61,94,48,1,7"/><V22/><F117/><W60/><G48/><T85/><D115/><U51/><E116/><V52/><F109/><W31/><G61/><T34/><D122/><U16/><E36/><V43/><F43/><W64/><G64/><T131/><D131/><N who="3" m="50249" /><G23/><T123/><D123/><U8/><E67/><V27/><F54/><W110/><G31/><T135/><D78/><U74/><E74/><V119/><F119/><W79/><G79/><T41/><D124/><U59/><E13/><V32/><F32/><W66/><G66/><T126/><D126/><U17/><E100/><V26/><F15/><W105/><G105/><T70/><D70/><U133/><E133/><V118/><F118/><W125/><G125/><T83/><D135/><U134/><E134/><V55/><F53/><W47/><G47/><T87/><D9/><U99/><E99/><V6/><F6/><W77/><G77/><T25/><D25/><U107/><E107/><V18/><F71/><W111/><AGARI ba="0,0" hai="1,7,11,57,60,65,90,94,97,110,111" m="50249" machi="111" ten="30,1100,0" yaku="19,1" doraHai="101" who="3" fromWho="3" sc="211,-3,319,-3,240,-5,230,11" /><INIT seed="3,0,0,0,1,76" ten="208,316,235,241" oya="3" hai0="63,43,135,4,32,103,27,108,39,131,13,72,79" hai1="2,31,118,7,104,107,110,62,127,100,129,8,91" hai2="99,81,123,59,23,116,125,126,60,70,42,0,84" hai3="50,120,71,87,75,9,49,55,48,19,93,109,80"/><W3/><G71/><T6/><D103/><U11/><E110/><V105/><F116/><W74/><G120/><T38/><D43/><U14/><E129/><V56/><F70/><W40/><G109/><T64/><D131/><U46/><E127/><N who="2" m="48651" /><F123/><W134/><G134/><T92/><D135/><U65/><E31/><V26/><F0/><W132/><G132/><T24/><D92/><U12/><E118/><V37/><F37/><W86/><G40/><T41/><D41/><U51/><E2/><V106/><F42/><W5/><G55/><T112/><D112/><U82/><E100/><N who="2" m="62623" /><F60/><W128/><G128/><T61/><D32/><U119/><E119/><V21/><F106/><W54/><G54/><T52/><D39/><U95/><E65/><V122/><F122/><W22/><G93/><T77/><D64/><U28/><E62/><V133/><F133/><W114/><G114/><T124/><D38/><U33/><E33/><V34/><F34/><W113/><G113/><T89/><D63/><U25/><E51/><V66/><F66/><W94/><G94/><T17/><D61/><U29/><E46/><V101/><F101/><W35/><G35/><T45/><D124/><U117/><E117/><V83/><F23/><W67/><G67/><T85/><D108/><U73/><E107/><V1/><F1/><W121/><G121/><T15/><D45/><U16/><E104/><V47/><F47/><W96/><G96/><T58/><D52/><U20/><E20/><V57/><F84/><W115/><G86/><T88/><D85/><N who="1" m="52719" /><E25/><V36/><F36/><W30/><G115/><RYUUKYOKU ba="0,0" sc="208,-15,316,15,235,15,241,-15" hai1="7,8,11,12,14,16,28,29,73,82" hai2="21,26,56,57,59,81,83" /><INIT seed="4,1,0,5,5,1" ten="193,331,250,226" oya="0" hai0="56,25,32,50,101,29,61,11,51,93,81,89,128" hai1="6,37,68,106,108,107,3,125,77,62,28,47,92" hai2="109,8,118,76,4,74,123,75,102,78,87,88,58" hai3="67,14,38,129,91,73,121,16,133,105,60,7,27"/><T117/><D117/><U54/><E108/><V132/><F109/><W84/><G73/><T41/><D128/><U69/><E125/><V57/><F123/><W0/><G38/><T2/><D41/><U55/><E28/><V18/><F75/><W26/><G105/><T114/><D101/><U131/><E131/><V52/><F74/><W12/><G129/><T35/><D81/><U111/><E111/><V43/><F118/><W113/><G0/><T13/><D35/><U116/><E116/><V80/><F132/><W48/><G133/><T33/><D33/><U124/><E124/><V79/><F43/><W22/><G48/><T5/><D2/><U86/><E6/><V63/><F102/><W19/><G113/><T71/><D71/><U66/><E3/><V110/><F110/><W90/><G90/><T9/><D9/><U53/><E77/><V64/><F18/><W40/><G40/><T99/><REACH who="0" step="1"/><D114/><REACH who="0" ten="183,331,250,226" step="2"/><U135/><E135/><V39/><F39/><W134/><G134/><T72/><D72/><U70/><E70/><V100/><F100/><W21/><G121/><T23/><D23/><U17/><E69/><V34/><F34/><W10/><G22/><T46/><D46/><U96/><E47/><V36/><F36/><W104/><G21/><T42/><D42/><U82/><E37/><V97/><F78/><W94/><G104/><T103/><D103/><U31/><E107/><V120/><F120/><W127/><G127/><T112/><D112/><U83/><E106/><V98/><F79/><W95/><G10/><T122/><D122/><U119/><E119/><RYUUKYOKU ba="1,1" sc="183,30,331,-10,250,-10,226,-10" hai0="5,11,13,25,29,32,50,51,56,61,89,93,99" /><INIT seed="4,2,1,3,1,49" ten="213,321,240,216" oya="0" hai0="40,43,57,106,87,120,127,115,108,100,110,101,82" hai1="86,16,20,133,132,116,71,105,72,93,51,2,9" hai2="4,11,96,55,81,13,83,39,135,119,70,60,126" hai3="50,117,32,92,69,36,18,53,30,33,131,134,12"/><T79/><D120/><U77/><E116/><V73/><F39/><W114/><G36/><T104/><D115/><U99/><E71/><V14/><F119/><W122/><G69/><T68/><D68/><U90/><E72/><V45/><F126/><W109/><G117/><T52/><D127/><U76/><E2/><V98/><F135/><N who="1" m="51785" /><E9/><N who="2" m="4263" /><F70/><W111/><G134/><T22/><D22/><U95/><E105/><N who="0" m="40553" /><D43/><U34/><E34/><V113/><F113/><W59/><G114/><T121/><D40/><U80/><E95/><V112/><F73/><W35/><G122/><T107/><D121/><U67/><E67/><V123/><F123/><W78/><G30/><T74/><D74/><U3/><E3/><V28/><F28/><W5/><G5/><T47/><D47/><U25/><E51/><N who="2" m="29167" /><F60/><W29/><G29/><T7/><D7/><U6/><E6/><N who="2" m="3447" /><F112/><W8/><G35/><T0/><D0/><U75/><E75/><V118/><F118/><W56/><G33/><T63/><D107/><U66/><E66/><V84/><F81/><W10/><G32/><T37/><D37/><U129/><E129/><V65/><F65/><W103/><G131/><T54/><D54/><U62/><E62/><V23/><F23/><W26/><G8/><T125/><D125/><U102/><AGARI ba="2,1" hai="16,20,25,76,77,80,86,90,93,99,102" m="51785" machi="102" ten="30,2000,0" yaku="20,1,54,1" doraHai="49" who="1" fromWho="1" sc="213,-12,321,36,240,-7,216,-7" /><INIT seed="5,0,0,0,4,97" ten="201,357,233,209" oya="1" hai0="18,42,33,89,3,38,9,98,99,110,12,43,69" hai1="48,104,103,50,96,107,29,36,74,22,113,91,109" hai2="67,24,34,13,121,86,46,94,17,45,20,108,54" hai3="5,93,49,63,0,122,111,124,71,117,81,134,115"/><U135/><E36/><V112/><F121/><W90/><G5/><T19/><D69/><U23/><E74/><V31/><F108/><W82/><G63/><T44/><D33/><U80/><E113/><V11/><F112/><W51/><G90/><T68/><D68/><U30/><E135/><V127/><F127/><W118/><G93/><T1/><D110/><U28/><E109/><V65/><F34/><W62/><G62/><T73/><D73/><U132/><E132/><V16/><F31/><W64/><G64/><T7/><D43/><U37/><E37/><V4/><F4/><W70/><G111/><T26/><D26/><U123/><E123/><V76/><F54/><W116/><G115/><T59/><D59/><U78/><E107/><V85/><F76/><W35/><G122/><T84/><D19/><U2/><E2/><V129/><F129/><W133/><G0/><T106/><D106/><U8/><E8/><V105/><F105/><W47/><G35/><T27/><D27/><U56/><E78/><V126/><F126/><W57/><G124/><T77/><D77/><U101/><E101/><V32/><F32/><W102/><G102/><T10/><D1/><U87/><REACH who="1" step="1"/><E56/><REACH who="1" ten="201,347,233,209" step="2"/><V25/><F46/><W61/><G133/><T66/><D66/><U120/><E120/><V131/><F45/><W114/><G134/><T52/><D44/><U88/><E88/><V15/><F67/><N who="3" m="39343" /><G114/><T79/><D38/><U55/><E55/><V60/><F65/><W6/><G70/><T100/><D52/><U53/><E53/><V39/><F11/><W58/><G71/><RYUUKYOKU ba="0,1" sc="201,-10,347,30,233,-10,209,-10" hai1="22,23,28,29,30,48,50,80,87,91,96,103,104" /><INIT seed="5,1,1,2,1,32" ten="191,377,223,199" oya="1" hai0="102,30,53,60,92,0,68,4,118,62,130,89,14" hai1="76,50,126,115,21,93,133,69,9,127,124,38,56" hai2="112,135,15,12,70,95,35,67,94,18,99,85,54" hai3="88,48,103,29,78,123,131,91,98,90,45,52,129"/><U109/><E69/><V63/><F35/><W122/><G29/><T49/><D118/><U73/><E38/><V86/><F135/><W121/><REACH who="3" step="1"/><G78/><REACH who="3" ten="191,377,223,189" step="2"/><T84/><D30/><U117/><E76/><V110/><F110/><W43/><G43/><T66/><D130/><U125/><E109/><V51/><F112/><W10/><G10/><T80/><D68/><U57/><E9/><V75/><F75/><W39/><G39/><T55/><D66/><U97/><E73/><V58/><F15/><W25/><G25/><T107/><D14/><U44/><E115/><V34/><F34/><W5/><G5/><T134/><D134/><U31/><E133/><V96/><F99/><W77/><G77/><T28/><D28/><U113/><E113/><V104/><F104/><AGARI ba="1,2" hai="45,48,52,88,90,91,98,103,104,121,122,123,129,131" machi="104" ten="50,6400,0" yaku="1,1,54,2,53,0" doraHai="32" doraHaiUra="27" who="3" fromWho="2" sc="191,0,377,0,223,-67,189,87" /><INIT seed="6,0,0,0,0,66" ten="191,377,156,276" oya="2" hai0="104,8,113,10,135,93,125,87,17,13,38,9,4" hai1="114,95,68,128,57,116,59,15,129,24,91,92,6" hai2="126,100,70,3,62,106,53,77,88,134,54,83,102" hai3="2,55,81,44,96,5,56,103,115,72,132,124,34"/><V51/><F3/><W0/><G34/><T20/><D38/><U98/><E114/><V82/><F106/><W110/><G110/><T108/><D108/><U107/><E116/><V29/><F29/><W49/><G115/><T1/><D104/><U40/><E107/><V64/><F126/><W37/><G132/><T67/><D135/><U26/><E40/><V75/><F134/><W36/><G124/><T123/><D123/><U16/><E6/><V71/><F70/><W61/><G81/><T33/><D125/><U131/><E68/><V73/><F54/><W42/><G72/><T74/><D74/><U41/><E41/><V21/><F21/><W28/><G28/><T122/><D122/><U22/><E95/><V109/><F109/><W89/><G89/><T23/><D67/><U48/><E48/><V50/><F51/><W7/><G2/><T118/><D118/><U39/><E39/><V97/><F97/><W127/><G127/><T32/><D87/><U65/><E65/><V76/><REACH who="2" step="1"/><F88/><REACH who="2" ten="191,377,146,276" step="2"/><W63/><G0/><N who="0" m="7" /><D93/><U11/><E11/><N who="0" m="4105" /><D113/><U52/><E52/><V60/><F60/><W19/><G37/><T119/><D119/><U14/><E128/><V45/><AGARI ba="0,1" hai="45,50,53,62,64,71,73,75,76,77,82,83,100,102" machi="45" ten="20,12000,1" yaku="1,1,0,1,7,1,9,1,52,1,53,0" doraHai="66" doraHaiUra="30" who="2" fromWho="2" sc="191,-40,377,-40,146,130,276,-40" /><INIT seed="6,1,0,1,1,69" ten="151,337,276,236" oya="2" hai0="134,63,51,97,17,83,54,11,0,22,89,46,39" hai1="66,125,115,127,14,55,82,56,18,102,131,85,40" hai2="133,112,81,35,29,126,100,43,25,79,108,105,59" hai3="13,1,9,62,8,45,23,41,77,50,124,32,70"/><V73/><F112/><W7/><G124/><N who="1" m="47690" /><E115/><V21/><F126/><W33/><G70/><T123/><D123/><U98/><E131/><V76/><F79/><W71/><G71/><T121/><D121/><U93/><E40/><V101/><F43/><W118/><G118/><T4/><D134/><U3/><E3/><V44/><F44/><W61/><G32/><T72/><D63/><N who="1" m="36255" /><E66/><V42/><F42/><W119/><G119/><T120/><D120/><U96/><E96/><V68/><F68/><W67/><G33/><T75/><D97/><U16/><E14/><V78/><F133/><W130/><G67/><T15/><D39/><U74/><E74/><V28/><F78/><AGARI ba="1,0" hai="16,18,78,82,85,93,98,102" m="36255,47690" machi="78" ten="30,2000,0" yaku="18,1,54,1" doraHai="69" who="1" fromWho="2" sc="151,0,337,23,276,-23,236,0" /><INIT seed="7,0,0,3,1,23" ten="151,360,253,236" oya="3" hai0="18,26,118,39,100,85,134,90,87,60,66,43,56" hai1="127,7,55,52,69,2,0,128,132,51,34,53,54" hai2="65,81,97,89,20,48,93,29,79,27,19,78,112" hai3="44,115,101,37,46,116,31,62,129,98,4,22,68"/><W67/><G116/><T21/><D118/><U75/><E75/><V74/><F112/><W47/><G115/><T12/><D134/><U110/><E132/><V72/><F65/><W86/><G129/><T16/><D100/><U63/><E110/><V11/><F74/><W58/><G4/><T59/><D43/><U24/><E128/><V35/><F35/><W106/><G86/><T76/><D39/><U102/><E102/><V64/><F64/><W42/><G22/><T122/><D122/><U96/><E96/><V111/><F111/><W3/><G3/><T135/><D135/><U38/><E38/><V104/><F104/><W84/><G84/><T71/><D76/><N who="2" m="29226" /><F72/><W80/><G80/><T77/><D77/><U114/><E114/><V99/><F81/><W82/><G82/><T126/><D126/><U6/><E127/><V9/><F48/><W105/><G105/><T36/><D36/><U83/><E83/><V8/><F97/><W33/><REACH who="3" step="1"/><G58/><REACH who="3" ten="151,360,253,226" step="2"/><T70/><D56/><U108/><E7/><V88/><F89/><W119/><G119/><T41/><D85/><U107/><E6/><V10/><F8/><W109/><G109/><T95/><REACH who="0" step="1"/><D41/><REACH who="0" ten="141,360,253,226" step="2"/><U30/><E108/><V91/><F91/><W131/><G131/><T5/><D5/><U117/><E117/><V25/><F29/><W49/><G49/><T15/><D15/><AGARI ba="0,2" hai="9,10,11,15,19,20,25,27,88,93,99" m="29226" machi="15" ten="30,7700,0" yaku="8,1,52,2,54,1" doraHai="23" who="2" fromWho="0" sc="141,-77,360,0,253,97,226,0" owari="64,-44.0,360,46.0,350,15.0,226,-17.0" /></mjloggm>