<mjloggm ver="2.3"><GO type="41"/><UN n0="%2B%72%61%6B%69%61%2B" n1="%E3%82%A6%E3%83%AB%E3%83%88%E3%83%A9%E7%AB%8B%E7%9B%B4" n2="%6B%69%74%61%6A%69%6D%61" n3="%E3%80%93%E4%BD%90%E5%A4%A9%E3%81%95%E3%82%93%E3%80%93" dan="13,15,14,14" rate="1874,2006,1831,2035" sx="M,M,M,F"/><TAIKYOKU oya="0"/><INIT seed="0,0,0,4,5,46" ten="250,250,250,250" oya="0" hai0="52,89,32,135,70,77,21,8,67,91,76,19,114" hai1="44,61,60,36,27,24,12,25,130,29,111,82,122" hai2="127,103,92,13,68,72,101,62,56,74,125,133,90" hai3="109,37,119,115,31,117,65,66,112,73,1,53,57"/><T58/><D114/><U18/><E122/><V47/><F68/><W23/><G73/><T17/><D32/><U128/><E29/><V5/><F5/><W99/><G1/><T88/><D67/><N who="3" m="25609" /><G99/><T121/><D70/><U81/><E44/><V116/><F116/><N who="3" m="44619" /><G23/><T7/><D135/><U86/><E36/><V104/><F133/><W126/><G31/><T64/><D64/><U134/><E134/><V100/><F47/><W113/><G37/><T123/><D121/><U30/><E30/><V69/><F69/><W15/><G15/><N who="0" m="5535" /><D123/><U28/><E28/><V80/><F13/><W51/><G126/><N who="2" m="48137" /><F62/><W22/><G22/><T106/><D106/><U129/><E61/><V33/><F33/><W0/><G0/><T49/><D19/><U108/><E60/><V63/><F74/><W120/><G120/><T85/><D85/><U96/><E96/><N who="2" m="57367" /><F104/><W78/><G78/><T79/><D79/><U16/><E86/><V42/><F72/><W11/><G11/><T4/><D4/><U124/><E124/><V50/><F80/><N who="1" m="30825" /><E12/><AGARI ba="0,0" hai="12,17,21,49,52,58,76,77,88,89,91" m="5535" machi="12" ten="30,11600,0" yaku="8,1,52,1,54,2" doraHai="46" who="0" fromWho="1" sc="250,116,250,-116,250,0,250,0" /><INIT seed="0,1,0,1,4,59" ten="366,134,250,250" oya="0" hai0="65,60,1,76,48,21,30,51,132,36,118,39,120" hai1="24,69,37,92,10,66,104,0,126,78,133,131,17" hai2="8,108,103,61,83,89,54,117,88,25,29,99,20" hai3="71,82,34,101,127,53,22,9,113,26,28,134,114"/><T44/><D1/><U4/><E104/><V115/><F108/><W12/><G71/><T67/><D118/><U64/><E37/><V107/><F117/><W2/><G101/><T57/><D76/><U80/><E126/><V52/><F115/><W75/><G127/><T13/><D30/><U86/><E131/><V122/><F122/><W31/><G75/><T81/><D81/><U98/><E133/><V43/><F43/><W102/><G82/><T129/><D21/><U35/><E69/><V77/><F8/><W47/><G102/><T5/><D5/><U27/><E35/><V121/><F121/><W7/><G134/><T33/><D13/><N who="1" m="5319" /><E17/><V16/><F29/><W87/><G87/><T63/><D33/><U45/><E45/><V84/><REACH who="2" step="1"/><F61/><REACH who="2" ten="366,134,240,250" step="2"/><W95/><G31/><T55/><D120/><U41/><E41/><V18/><F18/><N who="3" m="10567" /><G114/><T110/><D132/><U91/><E0/><V105/><F105/><W97/><G113/><T74/><D110/><U62/><E62/><V112/><F112/><W3/><G3/><T15/><D129/><U19/><E19/><V111/><F111/><W38/><G38/><N who="0" m="14379" /><D74/><U116/><E116/><V46/><F46/><W23/><G47/><T96/><D96/><U100/><E100/><V106/><F106/><W85/><G2/><T72/><D72/><U109/><E109/><V93/><F93/><W73/><G73/><T6/><D6/><U125/><E125/><V56/><F56/><W79/><G97/><T94/><D94/><U50/><E50/><V68/><F68/><W32/><G95/><T49/><D44/><RYUUKYOKU ba="1,1" sc="366,-15,134,15,240,15,250,-15" hai1="24,27,64,66,78,80,86,91,92,98" hai2="16,20,25,52,54,77,83,84,88,89,99,103,107" /><INIT seed="1,2,1,5,4,120" ten="351,149,255,235" oya="1" hai0="24,5,71,39,47,11,93,95,37,76,87,68,97" hai1="50,60,44,127,126,56,51,128,80,66,75,53,4" hai2="42,36,10,27,109,28,14,34,96,22,78,8,131" hai3="59,49,41,3,19,55,130,30,82,122,20,21,124"/><U17/><E4/><V106/><F131/><W52/><G3/><T62/><D24/><U86/><E75/><V43/><F36/><W91/><G122/><T121/><D121/><U102/><E102/><V9/><F78/><W129/><G124/><T67/><D71/><U134/><E128/><N who="3" m="49258" /><G41/><T107/><D107/><U63/><E134/><V112/><F112/><W38/><G38/><T64/><D64/><U89/><E51/><V15/><F106/><W46/><G30/><T33/><D33/><U100/><E100/><V69/><F69/><W88/><G82/><T108/><D47/><U90/><E63/><V105/><F105/><W123/><G123/><T125/><D125/><U72/><E72/><V16/><F96/><W99/><G99/><T0/><D39/><U119/><E119/><V110/><REACH who="2" step="1"/><F14/><REACH who="2" ten="351,149,245,235" step="2"/><N who="3" m="9335" /><G21/><T73/><D37/><U85/><REACH who="1" step="1"/><E17/><REACH who="1" ten="351,139,245,235" step="2"/><V57/><F57/><W25/><G25/><T101/><D68/><U45/><E45/><V54/><F54/><W12/><G12/><T40/><D67/><U98/><E98/><V23/><F23/><W70/><G70/><T132/><D97/><U29/><E29/><V92/><F92/><AGARI ba="2,3" hai="44,50,53,56,60,66,80,85,86,89,90,92,126,127" machi="92" ten="40,2000,0" yaku="1,1,53,0" doraHai="120" doraHaiUra="31" who="1" fromWho="2" sc="351,0,139,56,245,-26,235,0" /><INIT seed="1,3,0,0,5,60" ten="351,195,219,235" oya="1" hai0="14,121,78,70,111,129,10,46,55,52,93,134,123" hai1="125,28,94,114,44,119,106,126,6,22,17,117,62" hai2="104,133,64,122,66,23,87,30,50,118,102,65,81" hai3="130,59,29,127,5,116,2,89,49,13,80,75,82"/><U105/><E28/><V26/><F118/><N who="1" m="45065" /><E6/><V135/><F122/><N who="0" m="46602" /><D111/><U54/><E44/><V68/><F68/><W79/><G5/><T42/><D70/><U88/><E54/><N who="0" m="20521" /><D78/><U53/><E53/><V20/><F50/><W113/><G49/><T61/><D61/><U63/><E17/><V128/><F128/><W107/><G29/><T3/><D129/><U9/><E22/><N who="2" m="15703" /><F104/><N who="1" m="40041" /><E9/><V110/><F110/><W100/><G82/><T73/><D93/><U57/><E57/><V108/><F108/><W96/><G2/><T97/><D3/><U74/><E62/><V58/><F58/><W99/><G80/><T7/><D97/><N who="1" m="57543" /><E63/><V25/><F102/><W4/><G100/><T21/><D21/><U91/><E114/><V33/><F33/><W31/><G31/><T120/><D73/><U38/><E38/><V131/><F131/><W71/><G75/><T37/><N who="0" m="46610" /><T1/><DORA hai="11" /><D1/><U39/><E39/><V45/><F45/><W69/><G69/><T36/><D36/><U92/><E74/><V47/><F47/><W34/><G71/><T43/><D43/><U56/><E56/><V24/><F23/><W90/><G59/><T40/><D40/><U19/><E19/><V95/><F20/><W16/><G16/><T132/><AGARI ba="3,0" hai="7,10,14,37,42,46,132,134" m="20521,46610" machi="132" ten="50,6400,0" yaku="13,1,52,1,54,1" doraHai="60,11" who="0" fromWho="0" sc="351,73,195,-35,219,-19,235,-19" /><INIT seed="2,0,0,4,5,32" ten="424,160,200,216" oya="2" hai0="26,50,13,45,92,67,7,108,72,107,12,28,101" hai1="106,16,91,125,11,40,20,124,109,59,66,55,29" hai2="71,134,15,61,88,30,103,76,68,95,14,122,130" hai3="47,93,111,46,25,132,21,82,44,119,135,77,70"/><V131/><F122/><W27/><G70/><T69/><D72/><U86/><E106/><V102/><F30/><W60/><G119/><T99/><D108/><U6/><E29/><V114/><F114/><W23/><G111/><T128/><D128/><N who="2" m="49194" /><F76/><W48/><G60/><T94/><D7/><U123/><E40/><V35/><F35/><W22/><G48/><T81/><D81/><U96/><E66/><N who="2" m="41039" /><F71/><W65/><G93/><T105/><D105/><U38/><E38/><V90/><F134/><N who="3" m="51243" /><G65/><T43/><D92/><U75/><E75/><AGARI ba="0,0" hai="21,22,23,25,27,44,46,47,75,77,82" m="51243" machi="75" ten="40,1300,0" yaku="20,1" doraHai="32" who="3" fromWho="1" sc="424,0,160,-13,200,0,216,13" /><INIT seed="3,0,0,1,5,3" ten="424,147,200,229" oya="3" hai0="56,30,88,57,32,59,70,89,12,105,40,46,129" hai1="69,39,110,47,94,85,41,21,132,87,125,71,14" hai2="100,45,72,42,34,55,17,16,107,97,48,104,133" hai3="78,20,114,106,109,60,7,135,127,9,126,54,124"/><W108/><G106/><T2/><D105/><U68/><E125/><V52/><F34/><W36/><G114/><T117/><D2/><U74/><E74/><V80/><F133/><W99/><G36/><T113/><D117/><U19/><E132/><V5/><F107/><W35/><G35/><T44/><D70/><U130/><E130/><V43/><F5/><W50/><G60/><T62/><D30/><U23/><E110/><N who="3" m="42602" /><G135/><T67/><D32/><U116/><E116/><V61/><F72/><W111/><G111/><T112/><D129/><U98/><REACH who="1" step="1"/><E23/><REACH who="1" ten="424,137,200,229" step="2"/><V64/><F80/><W77/><G20/><T134/><D134/><U4/><E4/><V131/><F131/><W96/><G78/><T28/><D113/><U123/><E123/><V122/><F122/><W103/><G77/><T53/><D112/><U75/><E75/><V31/><F31/><W38/><G38/><T1/><D28/><U92/><E92/><V115/><F115/><W118/><G118/><T76/><D76/><U81/><E81/><V15/><F17/><W93/><G93/><T25/><D67/><U121/><E121/><V84/><F104/><W24/><G103/><AGARI ba="0,1" hai="14,19,21,39,41,47,68,69,71,85,87,94,98,103" machi="103" ten="40,2600,0" yaku="1,1,53,1" doraHai="3" doraHaiUra="8" who="1" fromWho="3" sc="424,0,137,36,200,0,229,-26" /><INIT seed="4,0,0,5,5,34" ten="424,173,200,203" oya="0" hai0="28,83,66,99,15,80,121,29,2,60,86,122,92" hai1="102,93,55,19,54,57,91,134,76,105,10,17,82" hai2="97,62,100,31,5,109,1,111,124,126,23,46,131" hai3="35,107,89,96,51,90,84,67,118,4,120,133,79"/><T69/><D80/><U27/><E134/><V8/><F46/><W7/><G35/><T40/><D40/><U22/><E102/><V0/><F62/><W20/><G118/><T65/><D65/><U95/><E105/><V128/><F100/><W117/><G117/><T42/><D42/><U132/><E132/><V58/><F58/><W75/><G133/><T12/><D2/><U103/><E103/><V129/><F97/><W110/><G75/><T77/><D122/><U94/><E55/><V98/><F98/><W32/><G32/><T21/><D121/><U85/><E10/><V52/><F52/><W108/><G96/><T41/><D41/><U114/><E114/><V123/><F123/><W87/><G120/><T113/><D113/><U101/><E101/><V127/><F0/><W37/><G67/><T11/><D92/><U119/><E119/><V59/><F59/><W112/><G112/><T14/><D99/><U56/><E56/><V115/><F115/><W70/><G51/><T47/><D47/><U26/><E76/><V13/><REACH who="2" step="1"/><F13/><REACH who="2" ten="424,173,190,203" step="2"/><W53/><G53/><T36/><D36/><U63/><E82/><V61/><F61/><W9/><G37/><T130/><D60/><U45/><E45/><V48/><F48/><W116/><G116/><T49/><D49/><U106/><E106/><V81/><F81/><W24/><G107/><T135/><D66/><U104/><E104/><V44/><F44/><W73/><G79/><T78/><D135/><U72/><E72/><V50/><F50/><W43/><G73/><T18/><D78/><U68/><E68/><RYUUKYOKU ba="0,1" sc="424,-15,173,15,190,15,203,-15" hai1="17,19,22,26,27,54,57,63,85,91,93,94,95" hai2="1,5,8,23,31,109,111,124,126,127,128,129,131" /><INIT seed="5,1,1,4,3,127" ten="409,188,205,188" oya="1" hai0="51,84,16,54,5,58,106,119,40,59,108,109,114" hai1="98,112,4,88,38,94,81,77,39,17,69,125,18" hai2="113,29,1,135,116,62,64,20,12,121,37,10,63" hai3="130,19,3,80,134,21,41,47,48,70,72,126,6"/><U33/><E125/><V71/><F121/><W104/><G70/><T24/><D119/><U103/><E112/><V52/><F116/><W124/><G104/><T115/><D106/><U101/><E69/><V89/><F37/><W117/><G117/><T46/><D5/><U85/><E33/><V83/><F135/><W8/><G134/><T42/><D84/><U65/><E65/><V14/><F113/><N who="0" m="43018" /><D24/><U131/><E4/><V28/><F1/><W23/><G23/><T9/><D9/><U86/><E103/><V50/><F62/><W95/><G95/><T93/><D16/><U53/><E53/><V27/><F89/><W82/><G82/><T76/><D93/><U111/><E111/><N who="0" m="42569" /><D76/><U45/><E18/><V129/><F83/><W97/><G97/><T25/><D25/><U55/><E17/><V118/><F118/><W13/><REACH who="3" step="1"/><G130/><REACH who="3" ten="409,188,205,178" step="2"/><T90/><D90/><U61/><E131/><V49/><F129/><W60/><G60/><T56/><AGARI ba="1,2" hai="40,42,46,51,54,56,58,59" m="42569,43018" machi="56" ten="40,5200,0" yaku="15,1,34,2" doraHai="127" who="0" fromWho="0" sc="409,75,188,-27,205,-14,178,-14" /><INIT seed="6,0,0,1,4,35" ten="484,161,191,164" oya="2" hai0="27,46,100,39,11,20,54,127,40,47,51,12,128" hai1="84,24,124,119,73,120,125,126,26,79,48,15,93" hai2="64,8,92,114,71,55,16,91,105,36,65,104,22" hai3="42,123,95,29,129,56,18,134,31,53,113,97,60"/><V94/><F114/><W21/><G123/><T25/><D128/><U43/><E73/><V45/><F104/><W72/><G72/><T41/><D127/><U90/><E79/><V49/><F105/><W102/><G129/><T30/><D100/><U81/><E119/><V67/><F36/><W106/><G113/><T59/><D27/><U112/><E112/><V103/><F8/><W50/><G106/><T0/><D0/><U32/><E32/><V87/><F71/><W62/><G134/><T88/><D88/><N who="1" m="51215" /><E120/><V86/><F103/><W108/><G108/><T23/><D23/><U132/><E132/><V99/><REACH who="2" step="1"/><F94/><REACH who="2" ten="484,161,181,164" step="2"/><W101/><G102/><T111/><D111/><U85/><E15/><AGARI ba="0,1" hai="15,16,22,45,49,55,64,65,67,86,87,91,92,99" machi="15" ten="40,18000,2" yaku="1,1,2,1,8,1,54,1,53,3" doraHai="35" doraHaiUra="61" who="2" fromWho="1" sc="484,0,161,-180,181,190,164,0" owari="484,59.0,-19,-52.0,371,17.0,164,-24.0" /></mjloggm>