<mjloggm ver="2.3"><GO type="41"/><UN n0="%E3%81%AA%E3%81%AA%E2%98%86%E3%81%A0%E3%81%BE%EF%BC%A2" n1="%E4%BB%81%E7%9C%9F%E4%BD%91%E9%82%A3" n2="%67%61%2E%64%65%61%72%67" n3="%EF%BC%88%E2%89%A7%E2%96%BD%E2%89%A6%EF%BC%89" dan="14,14,13,15" rate="1948,1913,1896,1960" sx="M,M,M,M"/><TAIKYOKU oya="0"/><INIT seed="0,0,0,0,3,49" ten="250,250,250,250" oya="0" hai0="71,88,51,21,77,98,9,122,97,57,68,20,92" hai1="61,117,132,1,94,116,78,89,11,6,124,24,108" hai2="119,103,60,123,72,74,90,79,63,101,31,37,32" hai3="91,64,34,50,82,118,83,99,127,7,33,75,113"/><T0/><D122/><U19/><E78/><V106/><F123/><W8/><G118/><T128/><D128/><U43/><E43/><V93/><F37/><W129/><G113/><T59/><D77/><U14/><E108/><V73/><F119/><W114/><G129/><T105/><D0/><U112/><E112/><V15/><F79/><W12/><G114/><T29/><D9/><U58/><E124/><V55/><F106/><W27/><G127/><T70/><D105/><U38/><E38/><V109/><F109/><W18/><G75/><T35/><D98/><U26/><E132/><V125/><F125/><W65/><G50/><T13/><D13/><U22/><E26/><V39/><F39/><W45/><G45/><T17/><D17/><U16/><E19/><V126/><F15/><W120/><G120/><T46/><D35/><U3/><E1/><V66/><F63/><W42/><G42/><T115/><D115/><U100/><E100/><V95/><F103/><W25/><G34/><T47/><D47/><U52/><E3/><V135/><F74/><W69/><G69/><T76/><D76/><U30/><E30/><V104/><F135/><W40/><G40/><N who="0" m="25031" /><D29/><U54/><E54/><V56/><F66/><N who="3" m="25707" /><G33/><T111/><D111/><U62/><E62/><V5/><F104/><W110/><G110/><T53/><D59/><U48/><REACH who="1" step="1"/><E48/><REACH who="1" ten="250,240,250,250" step="2"/><V130/><F126/><W85/><G18/><T133/><D133/><U67/><E67/><V4/><F130/><W36/><G36/><T102/><D102/><U10/><E10/><V131/><F101/><W87/><G27/><RYUUKYOKU ba="0,1" sc="250,15,240,15,250,-15,250,-15" hai0="20,21,53,57,68,70,71,88,92,97" hai1="6,11,14,16,22,24,52,58,61,89,94,116,117" /><INIT seed="0,1,1,2,2,122" ten="265,255,235,235" oya="0" hai0="51,129,26,97,72,25,113,42,16,112,110,116,68" hai1="48,65,66,94,119,126,3,83,79,9,81,57,53" hai2="45,28,70,64,80,84,106,90,29,14,6,89,41" hai3="27,125,127,49,24,61,38,73,124,86,108,30,74"/><T20/><D72/><U77/><E119/><V40/><F106/><W71/><G38/><T101/><D116/><U39/><E39/><V99/><F70/><W82/><G49/><T21/><D68/><U5/><E126/><V87/><F64/><N who="3" m="41359" /><G108/><T54/><D42/><N who="2" m="16490" /><F45/><W44/><G44/><T107/><D110/><U35/><E35/><V33/><F99/><W120/><G120/><T32/><D32/><U11/><E11/><N who="2" m="4471" /><F33/><N who="3" m="20679" /><G27/><T15/><D129/><U23/><E23/><V105/><F105/><W93/><G93/><AGARI ba="1,1" hai="28,29,80,84,87,89,90,93" m="4471,16490" machi="93" ten="30,1000,0" yaku="8,1" doraHai="122" who="2" fromWho="3" sc="265,0,255,0,235,23,235,-13" /><INIT seed="1,0,0,3,5,14" ten="265,255,258,222" oya="1" hai0="63,134,94,92,45,127,135,121,52,49,50,59,107" hai1="26,101,46,124,19,113,27,40,56,80,65,28,95" hai2="117,57,23,75,69,76,114,131,51,119,84,32,93" hai3="1,22,79,5,36,29,97,18,96,3,62,78,77"/><U87/><E113/><V16/><F32/><W35/><G36/><T31/><D107/><U58/><E124/><V8/><F69/><W13/><G62/><T118/><D118/><U108/><E108/><V34/><F34/><W64/><G64/><T61/><D127/><U115/><E115/><V4/><F75/><W17/><G18/><T55/><D121/><U83/><E58/><V123/><F114/><W71/><G71/><T98/><D31/><U90/><E27/><V9/><F123/><W81/><G81/><T42/><D42/><U109/><E109/><V54/><F9/><N who="3" m="2223" /><G3/><T66/><D63/><U48/><E65/><V2/><F131/><W30/><G30/><T60/><D60/><U103/><E56/><V41/><F41/><W44/><G44/><T12/><D12/><U68/><E68/><V106/><F106/><W99/><G77/><T130/><D130/><U129/><E28/><V7/><F7/><W72/><G72/><T0/><D0/><U126/><E126/><V100/><F100/><N who="1" m="38473" /><E129/><V15/><F76/><W132/><G132/><N who="0" m="50731" /><D98/><U88/><E90/><AGARI ba="0,0" hai="2,4,8,15,16,23,51,54,57,84,90,93,117,119" machi="90" ten="40,8000,1" yaku="25,2,52,1,54,1" doraHai="14" who="2" fromWho="1" sc="265,0,255,-80,258,80,222,0" /><INIT seed="2,0,0,3,0,59" ten="265,175,338,222" oya="2" hai0="116,97,86,127,92,135,115,33,26,84,24,89,6" hai1="91,113,94,98,102,63,30,76,57,27,38,119,37" hai2="20,70,128,90,73,41,132,16,34,133,105,21,106" hai3="68,45,18,88,122,95,50,71,11,8,82,35,29"/><V121/><F70/><W124/><G122/><T107/><D115/><U47/><E113/><V69/><F69/><W7/><G124/><T52/><D127/><U96/><E119/><V22/><F34/><W40/><G35/><T14/><D135/><N who="2" m="51786" /><F121/><W13/><G29/><T72/><D72/><U120/><E76/><V60/><F73/><W109/><G82/><T117/><D52/><U126/><E126/><V111/><F41/><W100/><G100/><T12/><D107/><N who="2" m="40970" /><F111/><W58/><G109/><T17/><D6/><U81/><E81/><V39/><F39/><W104/><G104/><T93/><D33/><U32/><E47/><V101/><F101/><W42/><G42/><T129/><D129/><U78/><E78/><V43/><F43/><W23/><G8/><T61/><D117/><U66/><E120/><V87/><F60/><W110/><G110/><T85/><D61/><U64/><E64/><V114/><F128/><W134/><G58/><T25/><D116/><U123/><E123/><V108/><F108/><W75/><G75/><T31/><D31/><U55/><E55/><V1/><F1/><W5/><G134/><T112/><D112/><U65/><E65/><V62/><F62/><W54/><G40/><T3/><D3/><U67/><E67/><V4/><F4/><W74/><G5/><T48/><D48/><U51/><E51/><V53/><F53/><W83/><G74/><T125/><D125/><U131/><E131/><V77/><F114/><W118/><G118/><T46/><D46/><U0/><E0/><V2/><F2/><N who="3" m="503" /><G83/><T56/><D56/><RYUUKYOKU ba="0,0" sc="265,-15,175,15,338,-15,222,15" hai1="27,30,32,37,38,57,63,66,91,94,96,98,102" hai3="13,18,23,45,50,54,68,71,88,95" /><INIT seed="3,1,0,0,2,89" ten="250,190,323,237" oya="3" hai0="30,55,42,1,40,102,12,64,81,118,77,10,46" hai1="72,90,135,103,109,82,59,71,50,44,57,91,121" hai2="8,32,86,112,35,101,117,14,39,60,33,113,114" hai3="51,13,7,22,24,31,134,119,18,29,70,116,80"/><W15/><G70/><T99/><D1/><U87/><E121/><V9/><F39/><W47/><G134/><T115/><D118/><U26/><E71/><V17/><F117/><W129/><G129/><T108/><D108/><U6/><E109/><V83/><F101/><W123/><G123/><T111/><D111/><U94/><E135/><V96/><F96/><W84/><G119/><T38/><D115/><U19/><E6/><V128/><F60/><W54/><G116/><T132/><D132/><U98/><E72/><V68/><F68/><W56/><G56/><T100/><D30/><N who="3" m="11273" /><G7/><T41/><D64/><U23/><REACH who="1" step="1"/><E103/><REACH who="1" ten="250,180,323,237" step="2"/><V74/><F74/><W65/><G65/><T130/><D102/><U73/><E73/><V66/><F66/><W11/><G11/><T58/><D100/><U105/><E105/><V34/><N who="2" m="8192" /><DORA hai="48" /><V125/><F9/><W45/><G47/><T76/><D46/><U0/><E0/><V5/><F5/><W61/><G61/><T37/><D10/><U104/><E104/><V52/><F114/><W127/><G127/><T2/><D2/><U97/><E97/><V122/><F125/><W20/><G20/><T92/><D99/><U133/><E133/><V85/><F122/><W69/><G69/><T131/><D131/><U106/><E106/><V93/><F128/><W53/><G53/><AGARI ba="1,1" hai="19,23,26,44,50,53,57,59,82,87,90,91,94,98" machi="53" ten="30,8000,1" yaku="1,1,7,1,8,1,52,2,53,0" doraHai="89,48" doraHaiUra="4,27" who="1" fromWho="3" sc="250,0,180,93,323,0,237,-83" /><INIT seed="4,0,0,2,1,78" ten="250,273,323,154" oya="0" hai0="38,59,125,52,79,32,92,53,15,61,54,71,8" hai1="60,122,101,62,25,31,81,76,89,74,4,77,135" hai2="0,63,68,55,116,50,108,16,19,9,123,124,113" hai3="73,133,47,5,36,2,58,88,117,98,105,3,12"/><T120/><D120/><U48/><E122/><V127/><F123/><W22/><G117/><T46/><D32/><U112/><E135/><V14/><F116/><W95/><G133/><T20/><D125/><N who="2" m="48202" /><F108/><W43/><G105/><T97/><D20/><U96/><E4/><N who="2" m="3367" /><F0/><W24/><G73/><T109/><D109/><U121/><E121/><V84/><F84/><W44/><G44/><T67/><D79/><U102/><E112/><V40/><F40/><W82/><G82/><T11/><D38/><U35/><E101/><V29/><F29/><W115/><G115/><T69/><D46/><U13/><E13/><V70/><F113/><W66/><G12/><T90/><REACH who="0" step="1"/><D11/><REACH who="0" ten="240,273,323,154" step="2"/><U86/><E77/><V131/><F131/><W10/><G10/><T23/><D23/><U37/><E37/><V132/><F132/><W18/><REACH who="3" step="1"/><G5/><AGARI ba="0,1" hai="5,8,15,52,53,54,59,61,67,69,71,90,92,97" machi="5" ten="40,3900,0" yaku="1,1,54,1,53,0" doraHai="78" doraHaiUra="34" who="0" fromWho="3" sc="240,49,273,0,323,0,154,-39" /><INIT seed="4,1,0,2,0,71" ten="289,273,323,115" oya="0" hai0="85,16,6,31,65,44,93,12,25,1,118,62,104" hai1="121,97,14,66,131,125,80,128,122,22,110,48,28" hai2="39,47,116,123,42,112,35,3,88,59,40,55,54" hai3="53,19,79,124,82,134,92,27,18,30,107,120,129"/><T52/><D104/><U43/><E97/><V99/><F35/><W74/><G124/><T81/><D118/><U67/><E80/><V76/><F116/><W60/><G129/><T117/><D117/><U36/><E28/><V9/><F76/><W115/><G134/><T77/><D1/><U45/><E22/><V135/><F135/><W133/><G120/><T7/><D93/><U70/><E14/><V91/><F112/><W126/><G115/><T15/><D44/><N who="1" m="23655" /><E125/><V95/><F123/><N who="1" m="47113" /><E110/><V11/><F3/><W78/><G126/><T17/><D7/><U72/><E72/><V0/><F0/><W102/><G133/><T38/><D6/><U73/><E73/><V61/><F54/><W46/><G107/><T84/><D31/><U24/><E24/><V94/><REACH who="2" step="1"/><F42/><REACH who="2" ten="289,273,313,115" step="2"/><W105/><G79/><T34/><D77/><U41/><E70/><V106/><F106/><W58/><G105/><T96/><D34/><U8/><E8/><V113/><F113/><W108/><G108/><T50/><D52/><U23/><E23/><V89/><F89/><W51/><G102/><T130/><D130/><AGARI ba="1,1" hai="41,45,48,66,67,128,130,131" m="47113,23655" machi="130" ten="30,7700,0" yaku="19,1,34,2,52,1" doraHai="71" who="1" fromWho="0" sc="289,-80,273,90,313,0,115,0" /><INIT seed="5,0,0,0,0,62" ten="209,363,313,115" oya="1" hai0="85,99,107,80,35,38,111,72,94,74,129,55,33" hai1="125,101,8,86,59,54,44,81,1,87,41,27,69" hai2="2,19,106,18,75,100,104,97,21,115,58,105,79" hai3="114,109,47,6,82,16,128,76,40,71,70,29,26"/><U34/><E69/><V25/><F2/><W23/><G109/><T52/><D111/><U51/><E101/><V123/><F123/><W15/><G128/><T28/><D129/><U113/><E113/><V30/><F115/><W130/><G130/><T78/><D38/><U39/><E125/><V36/><F36/><W89/><G114/><T118/><D118/><U77/><E27/><V66/><F75/><W93/><G6/><T90/><D74/><U22/><E22/><V5/><F79/><W32/><G82/><T122/><D122/><U73/><E34/><V68/><F5/><AGARI ba="0,0" hai="1,5,8,39,41,44,51,54,59,73,77,81,86,87" machi="5" ten="40,3900,0" yaku="25,2" doraHai="62" who="1" fromWho="2" sc="209,0,363,39,313,-39,115,0" /><INIT seed="5,1,0,5,5,74" ten="209,402,274,115" oya="1" hai0="26,53,115,114,110,16,65,92,84,59,69,125,79" hai1="116,71,60,75,87,130,76,70,23,73,45,13,133" hai2="20,68,17,108,61,89,4,132,120,129,18,94,9" hai3="28,126,119,32,88,127,96,63,5,93,27,134,97"/><U10/><E116/><V25/><F108/><W117/><G5/><T100/><D110/><U44/><E130/><V98/><F129/><W105/><G134/><T34/><D125/><N who="3" m="47625" /><G63/><N who="0" m="38143" /><D69/><U80/><E133/><V29/><F132/><W24/><G24/><T67/><D67/><U99/><E23/><V77/><F120/><W85/><G105/><T102/><D53/><U30/><E30/><V56/><F68/><W47/><G47/><T86/><D34/><U123/><E123/><V58/><F58/><W78/><G78/><T22/><D86/><U64/><E71/><V121/><F77/><W49/><G49/><T66/><D66/><U54/><E99/><AGARI ba="1,0" hai="27,28,32,85,88,93,96,97,99,117,119" m="47625" machi="99" ten="30,2000,0" yaku="18,1,54,1" doraHai="74" who="3" fromWho="1" sc="209,0,402,-23,274,0,115,23" /><INIT seed="6,0,0,0,4,8" ten="209,379,274,138" oya="2" hai0="4,37,86,133,35,38,29,51,97,56,1,101,96" hai1="115,75,23,105,79,80,24,131,88,95,42,84,98" hai2="69,103,132,102,55,49,83,93,120,64,109,60,46" hai3="39,127,123,116,124,45,13,125,34,135,90,11,65"/><V6/><F120/><W53/><G123/><T54/><D133/><U21/><E42/><V41/><F132/><W81/><G135/><T58/><D97/><U66/><E115/><V121/><F121/><W52/><G116/><T7/><D58/><U12/><E66/><V134/><F134/><W118/><G118/><T27/><D86/><U71/><E71/><V17/><F109/><W36/><G34/><T44/><D1/><U130/><E24/><V72/><F6/><N who="3" m="3319" /><G65/><T59/><D59/><U32/><E32/><V33/><F33/><W14/><G14/><T25/><D25/><U28/><E28/><V5/><F5/><W16/><G16/><T126/><D126/><N who="3" m="32257" /><W61/><DORA hai="82" /><G61/><T70/><D70/><U77/><E21/><V48/><F17/><W43/><G39/><T31/><D31/><U92/><E23/><V76/><REACH who="2" step="1"/><F93/><REACH who="2" ten="209,379,264,138" step="2"/><W26/><G26/><T122/><D27/><U40/><E92/><V113/><F113/><W112/><G112/><T3/><D35/><U108/><E108/><V2/><F2/><W15/><G15/><T89/><D3/><U87/><E12/><V22/><F22/><W19/><G19/><T114/><D114/><U18/><E18/><V67/><F67/><W30/><G30/><T0/><D29/><U63/><E95/><V117/><F117/><W129/><G129/><T106/><D0/><U111/><E130/><V110/><F110/><W78/><G78/><T119/><D119/><U107/><E131/><V94/><F94/><W99/><G99/><T50/><D96/><U9/><E111/><V100/><F100/><RYUUKYOKU ba="0,1" sc="209,-15,379,-15,264,15,138,15" hai2="41,46,48,49,55,60,64,69,72,76,83,102,103" hai3="36,43,45,52,53,81,90" /><INIT seed="6,1,1,4,0,49" ten="194,364,279,153" oya="2" hai0="85,96,101,109,56,29,77,16,0,12,43,57,7" hai1="66,44,17,119,123,84,21,95,128,9,129,112,72" hai2="106,79,51,98,113,75,92,78,133,125,89,47,15" hai3="42,90,8,126,48,110,102,105,54,121,61,13,91"/><V2/><F2/><W124/><G121/><T38/><D109/><U135/><E72/><V83/><F113/><W31/><G110/><T86/><D29/><U71/><E119/><V52/><F125/><N who="3" m="48235" /><G31/><T76/><D0/><U25/><E112/><V36/><F133/><W22/><G22/><T63/><D7/><U134/><E44/><V60/><F79/><N who="0" m="30282" /><D38/><U1/><E66/><V122/><F122/><W74/><G74/><T45/><D43/><U94/><E71/><V58/><F36/><W100/><G42/><T118/><D45/><U50/><E123/><V82/><F82/><W55/><G61/><T67/><D57/><U59/><E9/><V41/><REACH who="2" step="1"/><F15/><REACH who="2" ten="194,364,269,153" step="2"/><W19/><G105/><AGARI ba="1,2" hai="41,47,51,52,58,60,75,78,83,89,92,98,105,106" machi="105" ten="40,12000,1" yaku="1,1,2,1,52,1,54,1,53,0" doraHai="49" doraHaiUra="130" who="2" fromWho="3" sc="194,0,364,0,269,143,153,-123" /><INIT seed="6,2,0,1,2,33" ten="194,364,412,30" oya="2" hai0="101,19,73,28,111,66,49,1,38,43,99,39,6" hai1="29,132,125,81,134,78,32,7,71,44,9,116,53" hai2="55,107,4,115,87,83,8,90,22,126,104,106,37" hai3="82,72,47,30,113,105,52,110,109,84,11,15,89"/><V25/><F37/><W108/><G113/><T92/><D73/><U50/><E116/><V12/><F115/><W60/><G105/><T56/><D28/><U114/><E71/><V129/><F129/><W122/><G122/><T51/><D111/><U124/><E114/><V34/><F34/><W62/><G30/><T95/><D95/><U112/><E112/><V130/><F130/><W13/><G72/><T65/><D51/><U135/><E29/><V27/><F126/><N who="1" m="48745" /><E32/><V68/><F68/><W69/><G69/><T93/><D93/><U16/><E81/><V91/><F55/><W77/><G77/><T35/><D35/><U119/><E78/><V10/><F91/><W0/><G0/><T20/><D66/><U36/><E119/><V41/><F41/><W103/><G103/><T97/><D97/><U23/><E36/><V120/><F120/><W61/><REACH who="3" step="1"/><G11/><REACH who="3" ten="194,364,412,20" step="2"/><T80/><D101/><U74/><E74/><V79/><F10/><W128/><G128/><T76/><D76/><U31/><E31/><V98/><F79/><W131/><G131/><T86/><D1/><N who="1" m="239" /><E23/><V70/><F22/><W21/><G21/><T121/><D20/><U85/><E85/><V58/><F70/><W63/><N who="3" m="15872" /><DORA hai="48" /><W127/><G127/><T5/><D86/><U14/><E14/><V67/><F98/><W64/><G64/><T118/><D65/><U57/><E16/><V46/><F67/><W102/><G102/><T18/><D18/><U26/><E26/><V75/><F27/><W100/><G100/><T40/><D19/><U117/><E117/><V123/><F25/><RYUUKYOKU ba="2,1" sc="194,-15,364,15,412,-15,20,15" hai1="44,50,53,57,132,134,135" hai3="13,15,47,52,82,84,89,108,109,110" /><INIT seed="7,3,1,4,4,86" ten="179,379,397,35" oya="3" hai0="98,4,32,16,45,42,27,133,1,97,115,87,134" hai1="36,131,9,80,73,64,0,103,101,70,123,120,57" hai2="93,68,89,83,127,128,50,76,77,53,124,99,102" hai3="52,112,85,104,71,72,58,61,38,56,40,69,111"/><W130/><G130/><T3/><D115/><U30/><E36/><V119/><F68/><N who="3" m="26187" /><G72/><T132/><D87/><U74/><E30/><V47/><F128/><W90/><G104/><T37/><D4/><U8/><E70/><V41/><F119/><W39/><G85/><T59/><D59/><U81/><E57/><V25/><F25/><W20/><G20/><N who="0" m="13703" /><D32/><U14/><E14/><V118/><F118/><W67/><G90/><T26/><D26/><U22/><E22/><V129/><F129/><W105/><G105/><T110/><D110/><U2/><E64/><V18/><F18/><W82/><G82/><T7/><D7/><U24/><E24/><V60/><F83/><W79/><G79/><T96/><AGARI ba="3,1" hai="1,3,37,42,45,96,97,98,132,133,134" m="13703" machi="96" ten="40,2700,0" yaku="20,1,54,1" doraHai="86" who="0" fromWho="0" sc="179,46,379,-10,397,-10,35,-16" owari="225,-17.0,369,17.0,387,48.0,19,-48.0" /></mjloggm>