<mjloggm ver="2.3"><GO type="225"/><UN n0="%EF%BC%88%E2%89%A7%E2%96%BD%E2%89%A6%EF%BC%89" n1="%77%61%73%68%69%73%65%6E" n2="%E5%8F%8B%47%46%49" n3="%43%52%41%57%4C" dan="17,16,16,16" rate="2108,2121,2152,2045" sx="M,M,M,M"/><TAIKYOKU oya="0"/><INIT seed="0,0,0,0,0,51" ten="250,250,250,250" oya="0" hai0="78,129,103,126,69,61,113,107,85,73,59,25,130" hai1="131,105,74,47,121,16,6,4,72,123,127,91,112" hai2="128,104,13,24,58,40,43,89,94,50,12,49,67" hai3="8,33,101,120,133,81,68,63,132,26,17,87,9"/><T21/><D113/><U86/><E105/><V14/><F104/><W41/><G120/><T48/><D69/><U118/><E112/><V42/><F128/><N who="0" m="49258" /><D73/><U109/><E131/><V134/><F134/><N who="3" m="51819" /><G41/><T29/><D126/><U95/><E127/><V135/><F135/><W2/><G2/><T3/><D3/><U77/><E118/><V36/><F36/><W76/><G101/><T11/><D11/><U119/><E119/><V32/><F32/><W99/><G99/><N who="0" m="61951" /><D48/><U79/><E109/><V82/><F82/><W96/><G96/><T125/><D125/><U92/><E91/><V60/><REACH who="2" step="1"/><F24/><REACH who="2" ten="250,250,240,250" step="2"/><W52/><G81/><T23/><D25/><U20/><E123/><V116/><F116/><W115/><G26/><T124/><D124/><U34/><E121/><V5/><F5/><W62/><G115/><T97/><D29/><U0/><E34/><V31/><F31/><W35/><G33/><T10/><D78/><U108/><E79/><V98/><AGARI ba="0,1" hai="12,13,14,40,42,43,49,50,58,60,67,89,94,98" machi="98" ten="30,4000,0" yaku="1,1,0,1,8,1,53,0" doraHai="51" doraHaiUra="64" who="2" fromWho="2" sc="250,-20,250,-10,240,50,250,-10" /><INIT seed="1,0,0,3,2,44" ten="230,240,290,240" oya="1" hai0="79,39,133,111,28,128,25,91,71,43,29,20,61" hai1="109,17,62,93,26,53,32,13,8,5,83,57,126" hai2="134,45,96,48,31,122,130,74,11,105,16,124,99" hai3="21,101,113,90,64,85,104,112,4,116,41,27,34"/><U115/><E115/><V73/><F122/><W84/><G34/><T23/><D133/><U40/><E126/><V117/><F117/><W103/><G116/><T50/><D39/><U114/><E109/><V108/><F108/><W72/><G72/><T52/><D111/><U100/><E114/><V22/><F124/><W125/><G125/><T6/><D128/><U24/><E32/><V92/><F134/><W95/><G113/><T15/><D79/><U12/><E40/><V0/><F130/><W49/><G112/><T120/><D120/><U2/><E83/><V55/><F105/><W76/><G104/><T97/><D71/><U102/><E2/><V38/><F38/><W33/><G33/><T78/><D78/><U36/><E36/><V121/><F121/><W123/><G123/><T1/><D1/><U118/><E118/><V47/><F47/><N who="3" m="25839" /><G64/><T98/><D43/><U37/><E37/><V9/><F31/><N who="3" m="17903" /><G4/><T60/><D6/><U81/><E81/><AGARI ba="0,0" hai="76,81,84,85,90,95,101,103" m="17903,25839" machi="81" ten="30,2000,0" yaku="8,1,52,1" doraHai="44" who="3" fromWho="1" sc="230,0,240,-20,290,0,240,20" /><INIT seed="2,0,0,5,1,118" ten="230,220,290,260" oya="2" hai0="122,88,104,106,115,124,83,105,76,62,51,97,112" hai1="101,10,2,126,20,81,52,68,38,42,45,16,15" hai2="78,130,108,90,93,123,41,12,71,26,37,116,114" hai3="5,8,33,96,23,9,49,82,74,30,98,17,129"/><V135/><F71/><W58/><G129/><T7/><D7/><U127/><E68/><V79/><F114/><N who="0" m="43562" /><D62/><U89/><E101/><V65/><F65/><W100/><G33/><T40/><D51/><N who="1" m="28783" /><E2/><V63/><F116/><W121/><G30/><T3/><D40/><U125/><E42/><V119/><F63/><W103/><G82/><T19/><D19/><U128/><E128/><V28/><F119/><W84/><G84/><N who="0" m="48231" /><D3/><U35/><E35/><V99/><F130/><W6/><G74/><T4/><D4/><U1/><E38/><V18/><F41/><W132/><G132/><T77/><D124/><U102/><E102/><V73/><F135/><W70/><G70/><T31/><D31/><U24/><E1/><V111/><F37/><W47/><G58/><T107/><D77/><U13/><E10/><V95/><F78/><W21/><G47/><T22/><D22/><U46/><E46/><V0/><F79/><W67/><G49/><T64/><D106/><U39/><E39/><V29/><F29/><W48/><G48/><T75/><D75/><U120/><E120/><V43/><F123/><W53/><G121/><T113/><N who="0" m="43570" /><T59/><DORA hai="14" /><D122/><U109/><E109/><N who="2" m="42059" /><F73/><W60/><G60/><N who="0" m="37919" /><D107/><U92/><E81/><V80/><F43/><W110/><G110/><T86/><D105/><U134/><E134/><V34/><F0/><W36/><G36/><T44/><D104/><U11/><E11/><N who="2" m="6431" /><F80/><W66/><G53/><T25/><D44/><U85/><AGARI ba="0,0" hai="13,15,16,20,24,85,89,92,125,126,127" m="28783" machi="85" ten="30,7900,0" yaku="18,1,52,1,54,2" doraHai="118,14" who="1" fromWho="1" sc="230,-20,220,79,290,-39,260,-20" /><INIT seed="3,0,0,2,1,84" ten="210,299,251,240" oya="3" hai0="86,40,26,104,124,0,34,128,93,80,15,97,111" hai1="2,105,127,110,47,134,58,68,135,37,10,77,50" hai2="106,100,122,74,35,89,112,113,69,79,61,96,71" hai3="22,48,23,41,43,38,94,30,49,12,29,36,92"/><W83/><REACH who="3" step="1"/><G12/><REACH who="3" ten="210,299,251,230" step="2"/><T25/><D0/><U4/><E127/><V123/><F113/><W24/><G24/><N who="0" m="9323" /><D124/><U75/><E105/><V103/><F106/><W98/><G98/><T59/><D104/><U107/><E107/><V102/><F96/><W53/><G53/><T21/><D128/><U121/><E121/><V3/><F112/><W27/><G27/><T39/><D34/><U125/><E110/><V1/><F35/><W13/><G13/><T101/><D111/><U55/><E125/><V116/><F1/><W46/><G46/><T131/><D131/><U66/><E47/><V91/><F3/><W19/><G19/><N who="0" m="10495" /><D40/><U129/><E129/><V81/><F122/><W119/><G119/><T108/><D108/><U132/><E66/><V32/><F32/><W109/><G109/><T28/><D28/><U5/><E4/><V99/><F123/><W126/><G126/><T44/><D44/><U18/><E18/><V42/><F42/><W72/><G72/><T73/><D73/><U14/><E14/><V87/><F74/><W33/><G33/><T7/><D7/><U11/><E5/><V17/><F116/><W70/><G70/><T118/><D118/><U52/><E2/><V64/><F71/><W114/><G114/><T20/><D20/><U130/><E68/><V90/><F17/><W54/><G54/><T57/><D39/><U120/><E130/><V76/><F99/><W56/><G56/><T78/><AGARI ba="0,1" hai="57,59,78,80,86,93,97,101" m="10495,9323" machi="78" ten="30,1100,0" yaku="8,1" doraHai="84" who="0" fromWho="0" sc="210,21,299,-3,251,-3,230,-5" /><INIT seed="4,0,0,2,1,118" ten="231,296,248,225" oya="0" hai0="123,52,63,12,30,96,132,23,45,35,114,119,102" hai1="110,60,98,135,61,17,131,108,92,18,48,56,59" hai2="83,106,69,91,117,11,38,112,41,78,81,100,51" hai3="97,9,19,36,55,86,29,68,70,87,115,43,90"/><T80/><D119/><U64/><E135/><V1/><F117/><W28/><G115/><T22/><D114/><U14/><E131/><V84/><F112/><W103/><G36/><T13/><D123/><U128/><E128/><V26/><F69/><W6/><G43/><T57/><D132/><U16/><E48/><V42/><F51/><W89/><G19/><T122/><D122/><U130/><E130/><V124/><F124/><W95/><G55/><T105/><D45/><U75/><E75/><N who="2" m="43231" /><F41/><W50/><G50/><T113/><D113/><U133/><E133/><V116/><F116/><W101/><G9/><T0/><D0/><U3/><E3/><V76/><F26/><W49/><G49/><T126/><D126/><U65/><E14/><V21/><F21/><W88/><G6/><T46/><D46/><U99/><E99/><V20/><F20/><W121/><G121/><T37/><D37/><U134/><E134/><V58/><F58/><W85/><REACH who="3" step="1"/><G103/><AGARI ba="0,0" hai="16,17,18,56,59,60,61,64,65,92,98,103,108,110" machi="103" ten="40,2600,0" yaku="9,1,54,1" doraHai="118" who="1" fromWho="3" sc="231,0,296,26,248,0,225,-26" owari="231,-17.0,322,42.0,248,5.0,199,-30.0" /></mjloggm>