<mjloggm ver="2.3"><GO type="41"/><UN n0="%E3%82%A6%E3%83%AB%E3%83%88%E3%83%A9%E7%AB%8B%E7%9B%B4" n1="%E3%82%AE%E3%82%BF%E3%83%AA%E3%82%B9%E3%83%88" n2="%28%E3%81%BE%C2%B4%CF%89%EF%BD%80%E3%81%AA%29%E3%83%9F" n3="%E4%B8%8B%E3%81%AE%E4%BA%BA" dan="15,14,15,13" rate="2020,1911,1949,1934" sx="M,M,F,M"/><TAIKYOKU oya="0"/><INIT seed="0,0,0,1,3,120" ten="250,250,250,250" oya="0" hai0="20,17,28,21,89,55,107,68,4,51,41,84,30" hai1="71,95,14,26,116,45,118,125,24,7,80,27,108" hai2="133,32,91,101,23,73,6,69,50,102,56,16,18" hai3="36,19,126,31,85,76,43,83,34,129,104,48,13"/><T119/><D68/><U60/><E80/><V94/><F32/><W65/><G36/><T67/><D107/><U106/><E106/><V53/><F69/><W46/><G104/><T124/><D67/><U90/><E45/><V1/><F73/><W96/><G65/><T117/><D124/><U135/><E125/><V12/><F133/><W105/><G126/><T3/><D41/><U15/><E135/><V113/><F113/><W97/><G105/><T87/><D4/><U82/><E82/><V99/><F1/><W74/><G74/><T25/><D3/><U75/><E75/><V11/><REACH who="2" step="1"/><F18/><REACH who="2" ten="250,250,240,250" step="2"/><W57/><G19/><T44/><D84/><U111/><E7/><V49/><F49/><W2/><G48/><T92/><D28/><U109/><E71/><V72/><F72/><W38/><G85/><T127/><D127/><U66/><E60/><V103/><F103/><W121/><G31/><T52/><REACH who="0" step="1"/><D55/><REACH who="0" ten="240,250,240,250" step="2"/><U79/><E66/><V8/><F8/><W9/><G2/><T47/><D47/><U93/><E116/><V78/><F78/><W86/><G86/><T98/><D98/><U5/><E79/><V112/><F112/><W77/><G76/><T59/><D59/><U130/><E5/><V10/><F10/><W110/><G9/><T61/><D61/><U63/><E118/><V114/><F114/><W58/><G57/><T0/><D0/><U40/><E63/><V88/><F88/><W128/><G58/><T131/><D131/><U70/><E130/><V64/><F64/><W22/><G128/><T39/><D39/><U29/><E70/><RYUUKYOKU ba="0,2" sc="240,15,250,-15,240,15,250,-15" hai0="17,20,21,25,30,44,51,52,87,89,92,117,119" hai2="6,11,12,16,23,50,53,56,91,94,99,101,102" /><INIT seed="0,1,2,3,2,17" ten="255,235,255,235" oya="0" hai0="109,75,103,94,25,38,31,110,127,86,111,20,107" hai1="89,57,9,52,35,82,68,65,13,122,74,64,84" hai2="131,106,62,130,128,58,61,43,67,42,134,10,133" hai3="3,12,80,72,8,4,105,132,90,124,27,1,73"/><T47/><D75/><U23/><E122/><V29/><F29/><W56/><G105/><T97/><D127/><U37/><E35/><V66/><F10/><W102/><G102/><T115/><D115/><U11/><E37/><V49/><F106/><W113/><G113/><T91/><D47/><U19/><E74/><V125/><F125/><W24/><G73/><T116/><REACH who="0" step="1"/><D38/><REACH who="0" ten="245,235,255,235" step="2"/><U41/><E68/><N who="2" m="42063" /><F49/><W108/><G72/><T69/><D69/><U87/><E41/><AGARI ba="1,3" hai="41,42,43,58,62,67,128,130,131,133,134" m="42063" machi="41" ten="40,5200,0" yaku="19,1,34,2" doraHai="17" who="2" fromWho="1" sc="245,0,235,-55,255,85,235,0" /><INIT seed="1,0,0,2,4,82" ten="245,180,340,235" oya="1" hai0="46,127,36,113,131,129,97,21,81,60,42,53,2" hai1="87,94,24,39,74,52,106,75,105,116,38,96,73" hai2="44,8,41,83,59,93,100,66,40,14,19,56,58" hai3="54,22,111,119,63,121,25,132,15,45,55,109,1"/><U89/><E24/><V114/><F114/><W112/><G112/><T18/><D2/><U35/><E35/><V20/><F66/><W26/><G121/><T62/><D127/><U49/><E116/><V37/><F37/><W6/><G1/><T125/><D125/><U0/><E0/><V48/><F83/><W98/><G98/><T11/><D11/><U70/><E70/><V67/><F67/><W4/><G119/><T77/><D113/><U86/><E38/><V61/><F61/><W64/><G15/><T10/><D10/><U122/><E39/><V134/><F134/><W5/><G45/><T33/><D33/><U110/><E122/><V30/><F41/><W7/><G7/><T71/><D97/><U3/><E3/><V13/><F30/><W123/><G123/><T104/><D104/><N who="1" m="40043" /><E52/><V133/><F133/><W85/><G132/><T12/><D60/><U65/><E49/><V124/><F124/><W17/><G26/><T101/><D71/><U29/><E65/><V68/><F68/><W76/><G64/><T43/><D43/><U88/><E29/><V72/><F72/><W117/><G63/><T102/><D62/><U103/><E110/><N who="3" m="41994" /><G117/><T90/><D53/><U32/><E32/><V31/><F31/><W115/><G115/><T135/><D135/><U107/><E73/><V34/><F34/><W130/><G55/><T84/><REACH who="0" step="1"/><D77/><REACH who="0" ten="235,180,340,235" step="2"/><U95/><AGARI ba="0,1" hai="74,75,86,87,88,89,94,95,96,103,107" m="40043" machi="95" ten="30,24000,3" yaku="35,5,52,2,54,1" doraHai="82" who="1" fromWho="1" sc="235,-80,180,250,340,-80,235,-80" /><INIT seed="1,1,0,0,4,54" ten="155,430,260,155" oya="1" hai0="34,0,22,67,26,89,125,49,59,44,62,42,3" hai1="130,94,119,60,75,104,32,31,87,129,69,65,90" hai2="14,50,79,99,123,93,76,118,68,55,103,135,53" hai3="61,127,78,63,37,57,111,36,25,109,116,114,1"/><U102/><E119/><V88/><F68/><W108/><G1/><T120/><D125/><U77/><E32/><V113/><F123/><W85/><G114/><T97/><D34/><U100/><E31/><V131/><F118/><W105/><G105/><T35/><D35/><U46/><E46/><V4/><F113/><W51/><G116/><T128/><D128/><N who="1" m="49259" /><E104/><V101/><F131/><W58/><G25/><T92/><REACH who="0" step="1"/><D120/><REACH who="0" ten="145,430,260,155" step="2"/><U107/><E107/><V71/><F135/><W12/><G127/><T2/><D2/><U81/><AGARI ba="1,1" hai="60,65,69,75,77,81,87,90,94,100,102" m="49259" machi="81" ten="30,1500,0" yaku="19,1" doraHai="54" who="1" fromWho="1" sc="145,-6,430,28,260,-6,155,-6" /><INIT seed="1,2,0,4,2,91" ten="139,458,254,149" oya="1" hai0="32,12,119,30,131,98,107,49,60,65,92,44,27" hai1="87,126,51,110,135,89,130,105,58,127,55,86,124" hai2="33,9,117,47,4,108,59,54,56,7,93,114,50" hai3="100,40,36,20,84,79,16,76,57,69,88,73,35"/><U25/><E105/><V68/><F33/><W125/><G69/><T111/><D119/><U53/><E135/><V101/><F68/><W104/><G35/><T83/><D131/><U37/><E37/><V11/><F117/><W97/><G73/><T52/><D111/><U70/><E70/><V71/><F71/><W62/><G40/><T95/><D83/><U82/><E130/><V8/><F108/><W120/><G36/><T77/><D77/><U29/><E110/><V43/><F114/><W64/><G120/><T21/><D107/><U112/><E55/><V0/><F0/><W13/><G125/><T45/><D32/><N who="1" m="20527" /><E87/><V123/><F123/><W39/><G39/><T24/><D24/><U61/><E112/><V67/><F67/><W121/><REACH who="3" step="1"/><G121/><REACH who="3" ten="139,458,254,139" step="2"/><T48/><D98/><U72/><E72/><V1/><F1/><W15/><G15/><T122/><D122/><U116/><E116/><V42/><F42/><W133/><G133/><T106/><D12/><U22/><E127/><V19/><F43/><W2/><G2/><T17/><D106/><U31/><E126/><V23/><F4/><W115/><G115/><T63/><D17/><U26/><E124/><V38/><F7/><W134/><G134/><T132/><D132/><U66/><E31/><V46/><F38/><W128/><G128/><T75/><D75/><U3/><E3/><V5/><F5/><W18/><G18/><T129/><D129/><U78/><E26/><V90/><F19/><W6/><G6/><T81/><D27/><U103/><E22/><V14/><F23/><W102/><G102/><RYUUKYOKU ba="2,1" sc="139,-10,458,-10,254,-10,139,30" hai3="13,16,20,57,62,64,76,79,84,88,97,100,104" /><INIT seed="2,3,1,1,3,7" ten="129,448,244,169" oya="2" hai0="95,2,75,6,103,35,56,13,79,120,117,85,31" hai1="70,113,42,133,98,49,54,0,87,20,11,102,29" hai2="116,111,121,83,93,68,33,122,123,69,77,58,8" hai3="64,28,118,99,88,26,44,43,62,112,14,23,34"/><V110/><F33/><W25/><G118/><T78/><D2/><U127/><E113/><V3/><F116/><W108/><G108/><N who="2" m="41513" /><F93/><W17/><G112/><T67/><D75/><U130/><E70/><V92/><F92/><W124/><G124/><T125/><D35/><U114/><E127/><V104/><F58/><W32/><G32/><T126/><D31/><U59/><E114/><V9/><F104/><W52/><G26/><T94/><D120/><U107/><E133/><V55/><F55/><W41/><G52/><T76/><D117/><U46/><E87/><N who="2" m="48623" /><F3/><W12/><G12/><T10/><D125/><U135/><E135/><V53/><F53/><W74/><G74/><T51/><D126/><U89/><E59/><V128/><F128/><W72/><G72/><T129/><D129/><U65/><E65/><V81/><F81/><W109/><G109/><T119/><D119/><U1/><E54/><V5/><F5/><W40/><G44/><T115/><D115/><U106/><E106/><V60/><F60/><W4/><G62/><N who="0" m="38343" /><D103/><U97/><E130/><V22/><F22/><W80/><G4/><T86/><D94/><U27/><E0/><V101/><F101/><W36/><G34/><T134/><D134/><U45/><E107/><V19/><F19/><W63/><G17/><T18/><D18/><U100/><E100/><V84/><F84/><N who="0" m="32362" /><D95/><U73/><E102/><V61/><F61/><W57/><G63/><T24/><D24/><U82/><E98/><V131/><F131/><W50/><G99/><T39/><D6/><U47/><E97/><V15/><F15/><RYUUKYOKU ba="3,1" sc="129,-10,448,-10,244,30,169,-10" hai2="8,9,68,69,121,122,123" /><INIT seed="2,4,1,4,1,130" ten="119,438,274,159" oya="2" hai0="84,77,30,80,44,40,118,102,36,42,47,83,55" hai1="11,116,108,93,72,71,89,112,43,57,12,69,86" hai2="82,9,22,76,97,85,1,61,4,131,70,7,24" hai3="95,101,133,114,107,64,26,23,41,53,58,50,122"/><V94/><F131/><W92/><G122/><T14/><D118/><U105/><E116/><V103/><F7/><W29/><G114/><T48/><D102/><U78/><E112/><V135/><F135/><W110/><G133/><T39/><D30/><U99/><E43/><V100/><F70/><W81/><G110/><T17/><D55/><U19/><E57/><V115/><F115/><W106/><G81/><T113/><D113/><U134/><E108/><V87/><F61/><W132/><G132/><T49/><REACH who="0" step="1"/><D80/><REACH who="0" ten="109,438,274,159" step="2"/><N who="1" m="45127" /><E134/><V25/><F100/><AGARI ba="4,2" hai="11,12,19,69,71,86,89,93,99,100,105" m="45127" machi="100" ten="30,1000,0" yaku="24,1" doraHai="130" who="1" fromWho="2" sc="109,0,438,42,274,-22,159,0" /><INIT seed="3,0,0,4,1,71" ten="109,480,252,159" oya="3" hai0="92,96,15,55,109,47,43,125,135,86,70,89,108" hai1="74,75,33,122,127,17,129,22,38,29,128,78,119" hai2="73,91,59,56,115,77,12,46,19,94,113,116,39" hai3="93,18,5,7,14,76,13,21,60,100,58,120,42"/><W126/><G120/><T27/><D70/><U41/><E122/><V32/><F32/><W83/><G42/><T82/><D125/><U72/><E17/><V63/><F116/><W104/><G104/><T114/><D114/><U107/><E22/><V97/><F77/><W69/><G69/><T23/><D135/><U124/><E107/><V84/><F73/><W2/><G2/><T24/><D55/><U87/><E87/><V25/><F25/><W49/><G49/><T67/><D67/><U16/><E119/><V85/><F113/><W88/><G14/><T81/><D15/><U111/><E16/><V64/><F115/><W26/><G13/><T51/><D82/><U48/><E48/><V98/><F85/><N who="3" m="48359" /><G100/><T34/><D34/><U3/><E3/><V123/><F123/><W8/><G8/><T31/><REACH who="0" step="1"/><D27/><REACH who="0" ten="99,480,252,159" step="2"/><N who="1" m="18623" /><E124/><V40/><REACH who="2" step="1"/><F59/><REACH who="2" ten="99,480,242,159" step="2"/><W106/><G126/><T103/><AGARI ba="0,2" hai="23,24,31,43,47,51,81,86,89,92,96,103,108,109" machi="103" ten="30,2000,0" yaku="1,1,0,1,53,0" doraHai="71" doraHaiUra="102" who="0" fromWho="0" sc="99,40,480,-5,242,-5,159,-10" /><INIT seed="4,0,0,4,1,35" ten="139,475,237,149" oya="0" hai0="9,18,4,31,58,114,122,27,24,43,13,120,22" hai1="72,40,0,77,117,111,127,86,3,1,69,51,105" hai2="130,75,52,64,115,8,96,135,133,123,34,15,131" hai3="82,85,59,100,12,49,108,41,19,129,60,121,94"/><T84/><D43/><U109/><E117/><V124/><F34/><W37/><G108/><N who="1" m="41546" /><E105/><V119/><F75/><W63/><G129/><N who="2" m="49161" /><F119/><W46/><G121/><T56/><D56/><U53/><E69/><V67/><F123/><W99/><G37/><T7/><D58/><N who="1" m="33087" /><E40/><V88/><F115/><W91/><REACH who="3" step="1"/><G59/><REACH who="3" ten="139,475,237,139" step="2"/><T71/><D71/><U30/><E127/><V45/><F124/><W44/><G44/><T126/><D126/><U5/><E72/><V55/><F45/><W87/><G87/><T36/><D36/><U90/><E86/><V11/><F133/><W14/><G14/><T48/><D114/><U103/><E0/><V23/><F135/><W38/><G38/><T97/><D84/><U25/><E1/><V29/><F64/><W21/><AGARI ba="0,1" hai="12,19,21,41,46,49,60,63,82,85,91,94,99,100" machi="21" ten="20,5200,0" yaku="1,1,0,1,7,1,8,1,53,0" doraHai="35" doraHaiUra="113" who="3" fromWho="3" sc="139,-26,475,-13,237,-13,139,62" /><INIT seed="5,0,0,3,5,106" ten="113,462,224,201" oya="1" hai0="122,45,1,77,61,66,104,23,80,110,71,102,28" hai1="98,62,126,12,16,96,70,120,123,75,21,93,53" hai2="38,128,5,115,92,91,101,44,105,31,32,113,86" hai3="82,109,121,8,108,57,35,0,10,15,76,22,34"/><U7/><E126/><V6/><F128/><W33/><G57/><T48/><D122/><U42/><E42/><V26/><F105/><W54/><G121/><T41/><D1/><U52/><E120/><V59/><F101/><W19/><G54/><T84/><D110/><U58/><E123/><V17/><F17/><W85/><G10/><T95/><D104/><U130/><E70/><V11/><F11/><W94/><G0/><T103/><D28/><U2/><E130/><V89/><F89/><W114/><G114/><N who="2" m="43529" /><F59/><W125/><G125/><T36/><D23/><U29/><E98/><V69/><F69/><W56/><G56/><T134/><D134/><U99/><E99/><V74/><F74/><W3/><G3/><T119/><D119/><U107/><E107/><V131/><F131/><W40/><G40/><AGARI ba="0,0" hai="5,6,26,31,32,38,40,44,86,91,92" m="43529" machi="40" ten="30,2000,0" yaku="15,1,11,1" doraHai="106" who="2" fromWho="3" sc="113,0,462,0,224,20,201,-20" /><INIT seed="6,0,0,0,2,38" ten="113,462,244,181" oya="2" hai0="80,7,50,20,84,121,14,72,59,78,22,111,29" hai1="107,104,102,117,113,17,129,3,54,133,67,19,15" hai2="37,24,128,110,26,74,4,125,6,73,18,39,11" hai3="46,53,116,13,88,132,85,122,77,8,28,32,123"/><V45/><F128/><W21/><G116/><T99/><D111/><U69/><E117/><V118/><F118/><W82/><G132/><T25/><D121/><U40/><E3/><V127/><F110/><W89/><G32/><T100/><D72/><U103/><E133/><V5/><F37/><W61/><G122/><T66/><D7/><U120/><E120/><V79/><F79/><W0/><G0/><T30/><D14/><U130/><E54/><V92/><F92/><W91/><G123/><T112/><D112/><U52/><E113/><V134/><F134/><W135/><G135/><T109/><D109/><U81/><E81/><V2/><F18/><W76/><G76/><T101/><D50/><U86/><E86/><V10/><F2/><W35/><G35/><T83/><D83/><U108/><E108/><V51/><F39/><W68/><G68/><T23/><D100/><U65/><E69/><V124/><F45/><W94/><G94/><T62/><REACH who="0" step="1"/><D30/><REACH who="0" ten="103,462,244,181" step="2"/><U98/><E15/><V41/><F51/><W56/><G28/><T63/><D63/><U105/><E129/><V87/><F73/><W43/><G13/><T71/><D71/><U60/><E130/><V119/><F74/><W31/><G31/><T48/><D48/><U115/><E115/><V27/><F119/><W57/><G61/><T95/><AGARI ba="0,1" hai="20,22,23,25,29,59,62,66,78,80,84,95,99,101" machi="95" ten="20,12000,2" yaku="1,1,0,1,7,1,25,2,8,1,53,1" doraHai="38" doraHaiUra="75" who="0" fromWho="0" sc="103,130,462,-30,244,-60,181,-30" /><INIT seed="7,0,0,0,2,0" ten="233,432,184,151" oya="3" hai0="45,110,53,39,124,120,11,106,49,1,66,133,112" hai1="127,94,18,30,108,78,103,71,99,70,22,126,93" hai2="33,60,8,123,46,2,58,79,51,101,19,59,84" hai3="125,31,10,3,73,13,98,23,115,28,57,14,109"/><W121/><G121/><T34/><RYUUKYOKU type="yao9" ba="0,0" sc="233,0,432,0,184,0,151,0" hai0="1,11,34,39,45,49,53,66,106,110,112,120,124,133" /><INIT seed="7,1,0,5,5,3" ten="233,432,184,151" oya="3" hai0="25,88,29,66,117,62,24,45,0,27,42,118,105" hai1="103,95,31,123,86,2,15,132,46,124,101,125,108" hai2="115,80,32,49,70,56,91,109,128,44,121,113,68" hai3="89,16,104,85,21,82,116,133,83,78,43,90,39"/><W72/><G116/><T74/><D74/><U19/><E123/><V107/><F109/><W5/><G104/><T40/><D105/><U63/><E108/><V126/><F107/><W131/><G131/><T18/><D0/><U129/><E2/><V51/><F32/><W76/><G133/><T35/><D42/><U9/><E132/><V17/><F128/><W97/><G97/><T59/><D27/><U28/><E129/><V38/><F121/><W77/><G77/><T8/><D88/><N who="1" m="53655" /><E63/><V102/><F102/><N who="1" m="38921" /><E46/><V10/><F91/><W1/><G39/><T20/><D8/><U11/><E11/><V120/><F80/><W58/><G43/><T99/><D99/><U135/><E135/><V106/><F120/><W47/><G47/><T30/><D18/><U94/><E94/><V6/><F106/><W61/><G1/><T122/><D122/><U71/><E71/><V55/><F17/><W34/><G34/><T37/><AGARI ba="1,0" hai="20,24,25,29,30,35,37,40,45,59,62,66,117,118" machi="37" ten="20,1500,0" yaku="0,1,7,1" doraHai="3" who="0" fromWho="0" sc="233,18,432,-5,184,-5,151,-8" owari="251,5.0,427,53.0,179,-22.0,143,-36.0" /></mjloggm>