<mjloggm ver="2.3"><GO type="97"/><UN n0="%E3%82%A6%E3%83%AB%E3%83%88%E3%83%A9%E7%AB%8B%E7%9B%B4" n1="%70%65%72%69%63%61%6E" n2="%6B%6F%2D%73%68%69%72%6F" n3="%6A%69%68%61%64" dan="15,13,14,14" rate="1958,1860,1959,1948" sx="M,M,M,M"/><TAIKYOKU oya="0"/><INIT seed="0,0,0,3,0,8" ten="250,250,250,250" oya="0" hai0="42,52,12,80,17,127,121,28,111,53,0,97,1" hai1="63,70,135,5,29,105,9,39,92,23,82,65,74" hai2="116,60,90,41,20,27,30,38,54,24,133,125,55" hai3="130,113,122,126,72,62,40,11,109,51,89,134,110"/><T132/><D121/><U31/><E39/><V67/><F116/><W81/><G113/><T108/><D42/><U99/><E105/><V118/><F118/><W36/><G36/><T49/><D28/><U46/><E46/><V77/><F133/><W96/><G122/><T86/><D97/><U61/><E135/><V101/><F125/><W16/><G134/><T15/><D132/><U95/><E63/><V44/><F77/><W87/><G72/><T85/><D127/><U104/><E95/><V7/><F101/><W94/><G126/><T78/><D17/><U43/><E43/><V10/><F27/><W6/><G130/><T13/><D86/><U45/><E45/><V2/><REACH who="2" step="1"/><F90/><REACH who="2" ten="250,250,240,250" step="2"/><W79/><G79/><T32/><D32/><U64/><E104/><V19/><F19/><W119/><G16/><T26/><D26/><U21/><E31/><V91/><F91/><W35/><G119/><T4/><D4/><U107/><E29/><V75/><F75/><W102/><G35/><T114/><D114/><U69/><E107/><V112/><F112/><W66/><G109/><N who="0" m="42059" /><D49/><U120/><E120/><V100/><F100/><W47/><G110/><T50/><D50/><U18/><E18/><V3/><F3/><AGARI ba="0,1" hai="0,1,3,12,13,15,52,53,78,80,85" m="42059" machi="3" ten="40,18000,2" yaku="14,1,10,1,52,3,54,1" doraHai="8" who="0" fromWho="2" sc="250,190,250,0,240,-180,250,0" /><INIT seed="0,1,0,4,3,36" ten="440,250,60,250" oya="0" hai0="127,37,0,63,81,53,29,41,12,25,98,9,130" hai1="124,5,125,84,6,33,57,116,120,113,109,100,135" hai2="46,61,4,77,17,129,83,104,56,67,69,20,27" hai3="39,55,74,30,48,35,16,13,119,23,15,22,14"/><T45/><D127/><U54/><E113/><V24/><F129/><W87/><G119/><T92/><D0/><U134/><E116/><V44/><F104/><W102/><G74/><T31/><D130/><U3/><E33/><V2/><F69/><W131/><G39/><T107/><D107/><U49/><E120/><V1/><F27/><W94/><G131/><T88/><D81/><U126/><E100/><V91/><F91/><W10/><G35/><T65/><D53/><U122/><E122/><V18/><F18/><W95/><G30/><T60/><D25/><U115/><E115/><V93/><F93/><W112/><G112/><T117/><D117/><U28/><E28/><V123/><F123/><W111/><G111/><T70/><REACH who="0" step="1"/><D63/><REACH who="0" ten="430,250,60,250" step="2"/><U43/><E109/><V85/><REACH who="2" step="1"/><F2/><REACH who="2" ten="430,250,50,250" step="2"/><W64/><G95/><T7/><AGARI ba="1,2" hai="7,9,12,29,31,37,41,45,60,65,70,88,92,98" machi="7" ten="20,18000,2" yaku="1,1,2,1,0,1,7,1,52,1,54,1,53,1" doraHai="36" doraHaiUra="90" who="0" fromWho="0" sc="430,203,250,-61,50,-61,250,-61" owari="633,73.0,189,-1.0,-11,-51.0,189,-21.0" /></mjloggm>