<mjloggm ver="2.3"><GO type="41"/><UN n0="%E3%83%9F%E3%83%AB%E3%83%9F%E3%83%AB" n1="%E3%82%A6%E3%83%AB%E3%83%88%E3%83%A9%E7%AB%8B%E7%9B%B4" n2="%43%48%49%61%54%41%69" n3="%E3%81%B2%E3%81%A7%EF%BC%90" dan="13,15,14,15" rate="1824,1973,1960,1942" sx="M,M,F,M"/><TAIKYOKU oya="0"/><INIT seed="0,0,0,4,4,25" ten="250,250,250,250" oya="0" hai0="7,128,56,91,84,76,14,26,49,5,60,89,112" hai1="109,34,59,99,88,40,57,53,73,48,103,50,42" hai2="77,87,71,69,107,0,125,52,27,15,81,117,115" hai3="130,61,127,119,86,78,3,8,105,104,55,68,96"/><T62/><D112/><U97/><E73/><V37/><F115/><W63/><G119/><T100/><D128/><U70/><E70/><V65/><F107/><W22/><G130/><T120/><D120/><U114/><E114/><V66/><F0/><W38/><G38/><T54/><D100/><U131/><E131/><V72/><F37/><W83/><G104/><T45/><D26/><U129/><E129/><V23/><F125/><W135/><G127/><T74/><D74/><U41/><E34/><V110/><F110/><W24/><G68/><T21/><D76/><U10/><E109/><V19/><F72/><W126/><G126/><T116/><D116/><U118/><E118/><V18/><F69/><W98/><G55/><T17/><D60/><U2/><E103/><V122/><F71/><W108/><G105/><T85/><D85/><U79/><E79/><V29/><F122/><W13/><G3/><T11/><D11/><U67/><E2/><V28/><F117/><W134/><G63/><T36/><D36/><U4/><E4/><N who="0" m="1609" /><D84/><U51/><E10/><N who="2" m="6519" /><F52/><AGARI ba="0,0" hai="14,17,21,45,49,52,54,56,62,89,91" m="1609" machi="52" ten="30,2900,0" yaku="8,1,54,1" doraHai="25" who="0" fromWho="2" sc="250,29,250,0,250,-29,250,0" /><INIT seed="0,1,0,5,0,60" ten="279,250,221,250" oya="0" hai0="117,46,78,64,121,45,129,91,80,11,101,61,12" hai1="58,8,131,26,42,115,38,56,20,14,76,17,31" hai2="51,39,30,4,44,73,126,55,123,89,52,77,43" hai3="119,18,57,27,35,112,100,79,70,72,108,75,40"/><T113/><D113/><U19/><E131/><V118/><F118/><W15/><G112/><T65/><D117/><U133/><E115/><V7/><F123/><W63/><G119/><T1/><D1/><U0/><E42/><V110/><F110/><W127/><G40/><T122/><D129/><U13/><E38/><V34/><F55/><W96/><G108/><T25/><D25/><U116/><E116/><V33/><F126/><W9/><G79/><T105/><D91/><U6/><E133/><V22/><F22/><W83/><G83/><T74/><D101/><U90/><E76/><V48/><F39/><W53/><G127/><T114/><D105/><U88/><E56/><V95/><F77/><W29/><REACH who="3" step="1"/><G70/><REACH who="3" ten="279,250,221,240" step="2"/><T111/><D114/><U24/><E58/><V50/><F73/><W85/><G85/><T107/><D121/><U2/><E90/><V66/><F43/><W84/><G84/><T37/><D111/><U98/><E88/><V59/><F59/><W23/><G23/><T54/><D122/><U104/><E98/><V49/><F89/><W16/><G16/><T67/><D74/><U128/><E128/><V62/><F34/><W28/><G28/><T3/><D78/><U32/><E104/><AGARI ba="1,1" hai="9,15,18,27,29,35,53,57,63,72,75,96,100,104" machi="104" ten="30,2000,0" yaku="1,1,7,1,53,0" doraHai="60" doraHaiUra="132" who="3" fromWho="1" sc="279,0,250,-23,221,0,240,33" /><INIT seed="1,0,0,0,5,20" ten="279,227,221,273" oya="1" hai0="26,67,18,55,130,110,125,13,121,90,122,75,107" hai1="92,103,134,63,10,79,29,53,61,6,33,114,14" hai2="93,119,37,51,40,129,8,117,133,0,11,52,91" hai3="82,80,28,4,72,48,120,86,101,44,70,74,21"/><U60/><E114/><V45/><F133/><W49/><G120/><N who="0" m="46187" /><D75/><U65/><E134/><V132/><F132/><W83/><G70/><T64/><D107/><U23/><E33/><V12/><F129/><W5/><G101/><T39/><D39/><U88/><E79/><V43/><F0/><W87/><G21/><T16/><D130/><U1/><E103/><V38/><F40/><W81/><G28/><T118/><D118/><U135/><E135/><V98/><F11/><W66/><G66/><T19/><D110/><U34/><E34/><V109/><F109/><W7/><N who="3" m="20992" /><DORA hai="131" /><W78/><G78/><T41/><D41/><U54/><E65/><V31/><F31/><W85/><REACH who="3" step="1"/><G44/><REACH who="3" ten="279,227,221,263" step="2"/><T36/><D125/><U35/><E35/><V42/><F119/><W102/><G102/><T108/><D108/><U25/><REACH who="1" step="1"/><E1/><REACH who="1" ten="279,217,221,263" step="2"/><V116/><F117/><W115/><G115/><T123/><D123/><U59/><E59/><V73/><F116/><W97/><G97/><AGARI ba="0,2" hai="6,10,14,23,25,29,53,54,60,61,63,88,92,97" machi="97" ten="40,18000,2" yaku="1,1,8,1,52,1,54,1,53,3" doraHai="20,131" doraHaiUra="58,15" who="1" fromWho="3" sc="279,0,217,200,221,0,263,-180" /><INIT seed="1,1,0,5,4,111" ten="279,417,221,83" oya="1" hai0="75,14,66,37,126,18,77,74,2,89,81,83,60" hai1="82,29,43,97,58,118,114,9,76,26,51,124,79" hai2="85,98,119,61,57,65,42,95,22,131,68,87,47" hai3="80,132,32,103,109,19,128,17,99,115,20,8,55"/><U100/><E118/><V40/><F119/><W35/><G55/><T28/><D2/><U38/><E38/><V105/><F131/><W5/><G80/><T3/><D3/><U10/><E124/><V46/><F105/><W130/><G99/><T6/><D37/><U25/><E43/><V134/><F134/><W106/><G103/><T48/><D126/><U113/><E51/><V71/><F22/><W53/><G53/><T21/><D28/><U91/><E58/><V112/><F112/><W72/><G72/><T49/><D6/><U117/><E117/><V135/><F135/><W67/><G132/><T30/><D30/><U84/><E26/><V94/><F57/><W45/><G115/><N who="1" m="44042" /><E10/><V90/><F71/><W108/><G45/><T4/><D4/><U70/><E9/><V110/><F110/><W34/><G67/><T39/><D39/><U102/><E25/><V116/><F116/><W12/><G106/><T62/><D62/><U1/><E29/><V44/><F87/><W93/><G93/><T96/><D96/><U107/><E1/><V133/><F133/><W121/><G121/><T63/><D63/><U27/><E27/><V92/><F42/><W33/><N who="3" m="8704" /><DORA hai="15" /><W52/><G52/><T59/><REACH who="0" step="1"/><D89/><REACH who="0" ten="269,417,221,83" step="2"/><U122/><E100/><N who="2" m="60487" /><F40/><W41/><G41/><T31/><D31/><U123/><E70/><V104/><F68/><W24/><REACH who="3" step="1"/><G5/><REACH who="3" ten="269,417,221,73" step="2"/><T125/><D125/><U54/><E54/><V86/><F65/><W16/><G16/><T11/><D11/><U50/><E50/><V101/><F61/><W0/><G0/><T36/><D36/><RYUUKYOKU ba="1,2" sc="269,10,417,10,221,-30,73,10" hai0="14,18,21,48,49,59,60,66,74,75,77,81,83" hai1="76,79,82,84,91,97,102,107,122,123" hai3="8,12,17,19,20,24,108,109,128,130" /><INIT seed="1,2,2,0,2,100" ten="279,427,191,83" oya="1" hai0="66,59,49,96,81,45,52,84,95,20,39,112,31" hai1="115,124,16,83,120,34,75,12,108,58,109,24,6" hai2="127,48,77,9,99,82,128,111,13,60,91,63,74" hai3="70,129,69,87,50,93,116,15,1,32,51,135,102"/><U110/><E75/><V132/><F132/><W62/><G1/><T119/><D119/><U11/><E83/><V130/><F111/><W25/><G135/><T7/><D112/><U101/><E101/><V40/><F127/><W88/><G116/><T126/><D126/><U38/><E38/><V23/><F23/><W98/><G129/><N who="2" m="49769" /><F48/><W0/><G15/><T97/><D7/><U113/><E124/><V125/><F125/><W26/><G0/><T85/><D39/><U79/><E79/><V73/><F74/><W5/><G5/><T94/><D31/><N who="1" m="19815" /><E120/><V28/><F28/><W92/><G32/><T27/><D95/><U86/><E86/><V33/><F40/><W17/><G17/><N who="0" m="12687" /><D85/><U35/><E35/><V21/><F33/><W22/><G22/><T4/><D4/><U55/><E6/><N who="2" m="3255" /><F21/><W42/><G70/><T68/><D68/><U53/><E53/><V30/><F30/><W107/><G93/><AGARI ba="2,2" hai="60,63,73,77,82,91,93,99" m="3255,49769" machi="93" ten="30,1000,0" yaku="19,1" doraHai="100" who="2" fromWho="3" sc="279,0,427,0,191,36,83,-16" /><INIT seed="2,0,0,1,5,73" ten="279,427,227,67" oya="2" hai0="54,55,121,28,5,27,135,115,7,88,29,89,69" hai1="39,116,23,19,41,24,78,17,25,106,91,79,84" hai2="8,114,110,61,86,94,14,38,83,37,96,34,93" hai3="77,4,32,124,120,36,51,100,30,90,11,53,57"/><V1/><F114/><W0/><G120/><T123/><D69/><U70/><E106/><V98/><F110/><W44/><G124/><T49/><D115/><U45/><E70/><V68/><F34/><W40/><G100/><T48/><D27/><U81/><E116/><V109/><F1/><W95/><G30/><T21/><D21/><AGARI ba="0,0" hai="17,19,21,23,24,25,39,41,45,78,79,81,84,91" machi="21" ten="40,5200,0" yaku="9,1,52,2" doraHai="73" who="1" fromWho="0" sc="279,-52,427,52,227,0,67,0" /><INIT seed="3,0,0,0,0,65" ten="227,479,227,67" oya="3" hai0="85,5,69,73,87,42,101,125,74,33,93,84,115" hai1="2,46,24,122,11,89,4,119,95,48,99,106,13" hai2="35,107,124,118,16,77,17,0,86,51,39,67,57" hai3="54,45,92,8,43,29,14,27,96,116,20,90,80"/><W22/><G116/><T91/><D33/><U135/><E119/><V41/><F118/><W130/><G130/><T56/><D5/><U114/><E114/><V131/><F107/><W31/><G54/><T121/><D42/><U113/><E113/><V9/><F35/><W49/><G80/><N who="0" m="49543" /><D69/><U59/><E106/><V105/><F105/><W109/><G109/><T66/><D66/><U26/><E135/><V127/><F131/><W38/><G38/><T132/><D56/><U53/><E122/><V78/><F39/><W12/><G8/><T79/><D115/><U60/><REACH who="1" step="1"/><E2/><REACH who="1" ten="227,469,227,67" step="2"/><V76/><F0/><W28/><REACH who="3" step="1"/><G22/><REACH who="3" ten="227,469,227,57" step="2"/><T129/><D132/><U58/><E58/><V123/><F57/><W104/><G104/><T47/><D129/><U64/><AGARI ba="0,2" hai="4,11,13,24,26,46,48,53,59,60,64,89,95,99" machi="64" ten="20,8000,1" yaku="1,1,0,1,7,1,8,1,53,1" doraHai="65" doraHaiUra="6" who="1" fromWho="1" sc="227,-20,469,100,227,-20,57,-40" /><INIT seed="4,0,0,2,5,39" ten="207,569,207,17" oya="0" hai0="116,1,75,123,72,114,58,110,112,23,41,107,14" hai1="15,56,101,38,86,61,80,70,131,122,134,21,76" hai2="34,82,128,92,33,30,45,24,53,124,106,109,60" hai3="0,59,68,73,31,100,2,98,44,18,36,43,90"/><T117/><D1/><U69/><E122/><V8/><F109/><W88/><G73/><T121/><D41/><U94/><E131/><V50/><F106/><W78/><G78/><T25/><D107/><U67/><E134/><V49/><F124/><W46/><G31/><T126/><D126/><U62/><E38/><V83/><F128/><W111/><G111/><T91/><D91/><U125/><E125/><V29/><F8/><W40/><G59/><T129/><D129/><U102/><E69/><V113/><F60/><W96/><G68/><T11/><D58/><U10/><E21/><V57/><F92/><W16/><G36/><T28/><D75/><U84/><E84/><V71/><F71/><W47/><G47/><T64/><D64/><U135/><E94/><V65/><F113/><N who="0" m="43626" /><D72/><U54/><E135/><V93/><F93/><W87/><REACH who="3" step="1"/><G87/><REACH who="3" ten="207,569,207,7" step="2"/><T77/><D77/><U48/><E62/><V130/><F130/><W115/><G115/><T63/><D110/><U118/><E118/><N who="0" m="45673" /><D63/><U51/><E51/><V120/><F50/><W6/><G6/><AGARI ba="0,1" hai="6,11,14,23,25,28,121,123" m="45673,43626" machi="6" ten="30,5800,0" yaku="15,1,34,2" doraHai="39" who="0" fromWho="3" sc="207,68,569,0,207,0,7,-58" /><AGARI ba="0,0" hai="6,10,15,48,54,56,61,67,70,76,80,86,101,102" machi="6" ten="30,1000,0" yaku="7,1" doraHai="39" who="1" fromWho="3" sc="275,0,569,10,207,0,-51,-10" owari="275,8.0,579,67.0,207,-19.0,-61,-56.0" /></mjloggm>