<mjloggm ver="2.3"><GO type="41"/><UN n0="%73%69%6B%69%32%32" n1="%E9%9B%80%E6%AD%B4%33%E5%B9%B4" n2="%E3%82%A4%E3%83%AA%E3%83%A5%E3%83%BC%E3%82%AC" n3="%E3%82%A6%E3%83%AB%E3%83%88%E3%83%A9%E7%AB%8B%E7%9B%B4" dan="13,14,13,15" rate="1804,1939,1958,1990" sx="M,M,M,M"/><TAIKYOKU oya="0"/><INIT seed="0,0,0,1,3,112" ten="250,250,250,250" oya="0" hai0="70,40,65,91,44,47,98,53,18,16,116,1,77" hai1="119,83,130,48,123,132,9,107,32,106,54,10,127" hai2="35,67,63,39,111,19,114,56,25,89,49,85,78" hai3="17,28,3,60,135,115,2,0,27,122,125,20,95"/><T73/><D1/><U75/><E48/><V14/><F114/><W118/><G115/><T93/><D77/><U79/><E54/><V45/><F39/><W69/><G95/><T52/><D73/><U82/><E9/><V5/><F35/><W68/><G68/><T92/><D116/><U109/><E10/><N who="2" m="6615" /><F111/><W113/><G113/><T51/><D65/><U46/><E46/><V99/><F78/><W62/><G69/><T104/><D70/><U22/><E22/><V128/><F128/><W86/><G86/><N who="0" m="52343" /><D104/><N who="1" m="39979" /><E32/><V66/><F99/><W43/><G43/><T97/><D97/><U101/><E101/><V133/><F133/><W129/><G135/><T4/><D4/><U108/><E132/><V74/><F74/><W15/><G60/><T76/><D76/><N who="1" m="44319" /><E130/><V88/><F66/><W87/><G62/><T55/><D44/><U12/><E12/><V7/><F25/><W110/><G129/><T36/><D36/><U58/><E58/><V24/><F24/><W37/><G37/><T103/><AGARI ba="0,0" hai="16,18,40,47,51,52,53,55,93,98,103" m="52343" machi="103" ten="30,6000,0" yaku="8,1,54,2" doraHai="112" who="0" fromWho="0" sc="250,60,250,-20,250,-20,250,-20" /><INIT seed="0,1,0,0,4,61" ten="310,230,230,230" oya="0" hai0="108,55,47,76,114,103,122,43,9,4,1,126,117" hai1="86,111,120,21,97,73,42,41,3,24,18,0,64" hai2="134,2,30,45,32,133,72,75,135,74,52,107,44" hai3="89,98,12,70,95,65,130,77,23,113,78,67,53"/><T125/><D114/><U14/><E73/><V127/><F107/><W33/><G70/><T17/><D122/><U71/><E120/><V16/><F2/><W35/><G113/><T58/><D117/><U92/><E0/><V109/><F109/><W54/><G33/><T85/><D103/><U81/><E3/><V27/><F127/><W131/><G35/><T91/><D76/><N who="3" m="29289" /><G131/><T101/><D17/><U90/><E111/><V112/><F112/><W84/><G130/><T57/><D101/><U62/><REACH who="1" step="1"/><E24/><REACH who="1" step="2"/><V104/><F104/><W124/><G124/><N who="0" m="47723" /><D108/><U22/><E22/><V51/><REACH who="2" step="1"/><F16/><REACH who="2" step="2"/><W34/><G12/><T118/><D1/><U37/><E37/><V49/><F49/><W82/><G34/><T56/><D118/><U88/><AGARI ba="1,2" hai="14,18,21,41,42,62,64,71,81,86,88,90,92,97" machi="88" ten="20,8000,1" yaku="1,1,0,1,7,1,52,1,54,1,53,0" doraHai="61" doraHaiUra="48" who="1" fromWho="1" sc="310,-41,220,103,220,-21,230,-21" /><INIT seed="1,0,0,0,2,128" ten="269,323,199,209" oya="1" hai0="25,22,43,58,42,69,121,119,5,75,108,62,10" hai1="29,67,16,99,66,134,80,81,57,60,17,33,112" hai2="126,26,88,7,13,34,111,74,6,78,85,123,46" hai3="82,116,21,56,38,100,8,48,23,2,52,19,90"/><U54/><E112/><V110/><F74/><W102/><G116/><T31/><D75/><U71/><E67/><V59/><F78/><W64/><G38/><T115/><D119/><U39/><E39/><V92/><F46/><W125/><G125/><T79/><D69/><U96/><E80/><V3/><F3/><W4/><G23/><T11/><D79/><U103/><E81/><V77/><F77/><W32/><G32/><T83/><D83/><U89/><E89/><V0/><F0/><W41/><G41/><T72/><D72/><U105/><E99/><V70/><F70/><W132/><G64/><T49/><D115/><U35/><E134/><V104/><F104/><W65/><G65/><T113/><D113/><U129/><E129/><V122/><F59/><W86/><REACH who="3" step="1"/><G132/><REACH who="3" step="2"/><T53/><D43/><U94/><E94/><V12/><F126/><W76/><G76/><T91/><D42/><U114/><E114/><V50/><F34/><W44/><G44/><T133/><D121/><N who="2" m="46090" /><F26/><AGARI ba="0,1" hai="2,4,8,19,21,26,48,52,56,82,86,90,100,102" machi="26" ten="30,7700,0" yaku="1,1,7,1,54,1,53,1" doraHai="128" doraHaiUra="14" who="3" fromWho="2" sc="269,0,323,0,199,-77,199,87" /><INIT seed="2,0,0,4,2,1" ten="269,323,122,286" oya="2" hai0="41,50,134,40,81,28,73,71,17,126,120,131,93" hai1="43,111,74,94,31,123,42,67,117,11,54,77,2" hai2="85,23,69,65,61,39,36,14,112,79,128,109,86" hai3="105,47,38,108,60,100,51,76,127,88,135,99,63"/><V58/><F112/><W13/><G38/><T80/><D28/><U5/><E117/><V21/><F39/><W104/><G104/><T46/><D71/><U29/><E67/><V102/><F36/><W113/><G113/><T45/><D120/><U90/><E123/><V7/><F128/><W52/><G127/><T72/><D126/><U59/><E111/><V115/><F115/><W64/><G108/><T8/><D8/><U122/><E122/><V91/><F109/><W118/><G118/><T130/><D17/><U133/><E133/><V56/><F69/><W18/><G76/><T101/><D101/><U10/><E31/><V34/><F34/><W4/><G135/><T27/><D27/><U44/><E29/><V16/><F102/><W0/><G0/><T103/><D103/><U110/><E44/><V75/><F75/><W15/><G64/><T24/><D24/><U95/><E95/><N who="2" m="54767" /><F23/><W22/><REACH who="3" step="1"/><G88/><REACH who="3" step="2"/><T35/><D134/><U129/><E110/><V33/><F33/><W106/><G106/><T49/><D35/><U25/><E129/><V121/><F121/><W48/><G48/><T53/><D53/><U12/><E54/><V62/><F79/><W9/><AGARI ba="0,1" hai="4,9,13,15,18,22,47,51,52,60,63,99,100,105" machi="9" ten="30,12000,2" yaku="1,1,0,1,52,1,54,1,53,2" doraHai="1" doraHaiUra="57" who="3" fromWho="3" sc="269,-30,323,-30,122,-60,276,130" /><INIT seed="3,0,0,5,3,95" ten="239,293,62,406" oya="3" hai0="62,57,2,52,38,55,131,5,51,9,3,8,46" hai1="12,37,43,98,39,125,91,29,77,132,134,81,41" hai2="121,24,114,58,83,128,92,90,70,53,40,68,127" hai3="49,107,111,13,47,60,102,82,89,126,78,21,74"/><W124/><G60/><T86/><D131/><U36/><E29/><V26/><F114/><W35/><G35/><T69/><D69/><U20/><E125/><N who="3" m="48234" /><G13/><T18/><D38/><U27/><E12/><V130/><F127/><W120/><G21/><T67/><D86/><N who="1" m="48431" /><E20/><V88/><F83/><W110/><G49/><T30/><D30/><U104/><E27/><N who="2" m="10283" /><F40/><W64/><G47/><T75/><D75/><U112/><E112/><V10/><F10/><W66/><G120/><T76/><D76/><U56/><E56/><V11/><F90/><W4/><G4/><T135/><D135/><N who="1" m="51755" /><E91/><V94/><F94/><W28/><G28/><T15/><REACH who="0" step="1"/><D3/><REACH who="0" step="2"/><U93/><E93/><V118/><F121/><W105/><G105/><T61/><D61/><U65/><E65/><AGARI ba="0,1" hai="2,5,8,9,15,18,46,51,52,55,57,62,65,67" machi="65" ten="40,2600,0" yaku="1,1,54,1,53,0" doraHai="95" doraHaiUra="133" who="0" fromWho="1" sc="229,36,293,-26,62,0,406,0" /><INIT seed="4,0,0,0,2,3" ten="265,267,62,406" oya="0" hai0="96,60,131,28,47,78,117,49,93,57,19,20,23" hai1="90,54,116,29,14,6,126,51,0,87,114,64,124" hai2="34,2,122,9,88,107,132,74,105,73,32,125,75" hai3="113,59,91,115,112,120,12,22,15,134,80,89,84"/><T86/><D117/><U61/><E0/><V11/><F122/><W85/><G120/><T98/><D131/><U40/><E40/><V42/><F42/><W68/><G68/><T103/><D28/><U53/><E29/><V99/><F2/><W38/><G38/><T25/><D23/><U36/><E36/><V111/><F111/><W109/><G109/><T76/><D96/><U10/><E116/><V44/><F44/><W50/><G134/><T18/><D18/><U119/><E119/><V55/><F55/><N who="3" m="32247" /><G22/><T56/><D86/><U121/><E121/><V16/><F132/><W127/><G127/><N who="1" m="48682" /><E51/><V48/><F48/><W106/><G106/><N who="2" m="40457" /><F16/><W7/><G7/><T95/><D93/><AGARI ba="0,0" hai="12,15,80,84,85,89,91,93,112,113,115" m="32247" machi="93" ten="30,1000,0" yaku="15,1" doraHai="3" who="3" fromWho="0" sc="265,-10,267,0,62,0,406,10" /><INIT seed="5,0,0,2,4,48" ten="255,267,62,416" oya="1" hai0="24,55,132,49,84,122,96,118,86,98,76,27,104" hai1="16,74,42,70,94,97,116,80,79,36,3,26,7" hai2="44,29,81,128,101,15,51,126,20,60,18,57,46" hai3="83,45,119,30,14,41,90,92,65,11,127,21,110"/><U85/><E70/><V71/><F71/><W9/><G110/><T113/><D118/><U135/><E116/><V91/><F128/><W61/><G83/><T6/><D132/><U56/><E135/><V59/><F126/><W73/><G73/><T67/><D67/><U40/><E85/><V68/><F68/><W124/><G119/><T4/><D122/><U99/><E56/><V2/><F2/><W115/><G115/><T108/><D108/><U95/><E95/><V134/><F134/><W47/><G61/><T50/><D113/><U125/><E125/><N who="3" m="48202" /><G65/><T54/><D104/><U13/><E26/><V28/><F101/><W10/><G41/><T109/><REACH who="0" step="1"/><D109/><REACH who="0" step="2"/><U62/><E62/><V75/><F60/><W37/><G37/><T23/><D23/><U123/><E123/><V43/><F75/><W66/><G66/><T5/><D5/><U88/><E36/><V32/><F32/><W107/><G107/><T89/><D89/><U25/><E99/><V111/><F111/><W31/><G21/><T82/><D82/><U87/><E74/><V112/><F112/><W100/><G100/><T17/><D17/><U72/><E72/><V121/><F121/><W120/><G120/><T130/><D130/><U129/><E129/><V0/><F20/><W133/><G133/><T117/><D117/><U39/><E39/><V58/><F18/><W78/><G90/><T131/><D131/><U1/><E7/><V103/><F91/><W22/><G92/><T38/><D38/><U93/><E93/><V34/><F81/><W77/><G22/><T33/><D33/><RYUUKYOKU ba="0,1" sc="245,30,267,-10,62,-10,416,-10" hai0="4,6,24,27,49,50,54,55,76,84,86,96,98" /><INIT seed="6,1,1,5,4,49" ten="275,257,52,406" oya="2" hai0="47,12,0,4,81,37,126,134,26,75,24,121,109" hai1="79,46,59,45,27,67,122,9,28,61,135,90,125" hai2="103,66,132,105,87,83,99,78,92,101,72,40,117" hai3="96,77,54,44,10,98,107,71,13,97,127,32,94"/><V21/><F66/><W93/><G71/><T74/><D121/><U23/><E122/><V36/><F36/><W5/><G32/><T133/><D109/><U128/><E79/><N who="2" m="44519" /><F40/><W8/><G107/><T19/><D126/><U86/><E125/><V68/><F68/><W58/><G127/><T41/><D24/><U124/><E124/><V116/><F21/><W106/><G106/><T114/><D26/><U22/><E22/><V64/><F64/><W7/><G77/><N who="0" m="44215" /><D75/><U31/><E31/><V11/><F11/><W100/><G44/><T33/><D33/><U76/><E9/><V56/><F56/><W80/><G80/><T16/><D12/><U30/><E30/><V29/><F29/><W53/><G58/><T119/><D114/><U34/><E34/><V18/><F18/><N who="0" m="6698" /><D119/><N who="2" m="45642" /><F78/><W123/><G123/><T62/><D62/><U52/><E76/><V42/><F42/><W131/><G10/><AGARI ba="1,1" hai="0,4,10,37,41,47,133,134" m="6698,44215" machi="10" ten="30,2000,0" yaku="25,1,54,1" doraHai="49" who="0" fromWho="3" sc="275,33,257,0,52,0,406,-23" /><INIT seed="7,0,0,1,0,40" ten="308,257,52,383" oya="3" hai0="113,8,71,57,7,85,31,93,96,47,100,130,64" hai1="24,0,75,104,90,65,38,10,80,3,112,17,94" hai2="82,115,107,41,132,111,54,13,6,61,101,116,67" hai3="18,45,48,35,89,98,21,53,15,27,69,14,28"/><W123/><G69/><T119/><D71/><U49/><E38/><V5/><F116/><W106/><G123/><T135/><D119/><U117/><E117/><V124/><F115/><W12/><G106/><T129/><D135/><U87/><E112/><V97/><F111/><W20/><G35/><T81/><D113/><U109/><E109/><V122/><F132/><W76/><G76/><T102/><D31/><U11/><E104/><V99/><F122/><W127/><G127/><T88/><D47/><U26/><E65/><V44/><F124/><W33/><G33/><T95/><D57/><U84/><E75/><V55/><F99/><W68/><G68/><T30/><D64/><U118/><E118/><V4/><F82/><W34/><G34/><T120/><D30/><U79/><E0/><V131/><F131/><W59/><G59/><T83/><D8/><U37/><E37/><V9/><F67/><W56/><G56/><T58/><D7/><U91/><E3/><V32/><F32/><W128/><G128/><N who="0" m="49259" /><D58/><U63/><E63/><V22/><F22/><W110/><G110/><T86/><D120/><U16/><E79/><V1/><F61/><W39/><G39/><T52/><D52/><U25/><REACH who="1" step="1"/><E49/><REACH who="1" step="2"/><V121/><F121/><W43/><G48/><T78/><D100/><U103/><E103/><V77/><F77/><W114/><G114/><T134/><D134/><U70/><E70/><V92/><F107/><AGARI ba="0,1" hai="78,81,83,85,86,88,93,95,96,102,107" m="49259" machi="107" ten="30,7700,0" yaku="19,1,34,2,54,1" doraHai="40" who="0" fromWho="2" sc="308,87,247,0,52,-77,383,0" owari="395,50,247,-15,-25,-53,383,18" /></mjloggm>