<mjloggm ver="2.3"><GO type="169" lobby="0"/><UN n0="%E6%B9%8A%E3%81%AE%E9%87%A3%E5%B8%AB" n1="%EF%BC%88%E2%89%A7%E2%96%BD%E2%89%A6%EF%BC%89" n2="%E3%81%84%E3%81%A1%E3%81%8B%E3%82%8F%E2%99%AA" n3="%E3%81%B4%E3%81%AE" dan="16,18,17,16" rate="2088.77,2104.58,2173.25,2085.29" sx="M,M,M,M"/><TAIKYOKU oya="0"/><INIT seed="0,0,0,4,1,81" ten="250,250,250,250" oya="0" hai0="51,92,3,22,99,125,23,39,127,13,108,72,24" hai1="27,84,14,114,29,134,87,8,103,45,56,50,95" hai2="31,11,20,109,25,42,1,85,78,80,33,5,101" hai3="2,88,123,93,74,124,40,4,52,122,19,111,110"/><T135/><D39/><U132/><E56/><V69/><F109/><N who="3" m="41483" /><G124/><N who="0" m="47691" /><D108/><U62/><E62/><V68/><F42/><W79/><G40/><T37/><D37/><U102/><E114/><V117/><F117/><W133/><G133/><N who="1" m="51306" /><E95/><V82/><F101/><N who="1" m="38409" /><E50/><V104/><F104/><W28/><G28/><N who="0" m="17431" /><D72/><U115/><E45/><V35/><REACH who="2" step="1"/><F82/><REACH who="2" ten="250,250,240,250" step="2"/><W41/><G41/><T105/><D135/><U120/><E115/><V38/><F38/><W0/><G123/><T16/><D105/><U73/><E120/><V89/><F89/><W57/><G88/><N who="0" m="55687" /><D51/><U64/><E73/><V83/><F83/><W121/><G74/><T63/><D63/><U128/><E128/><V32/><AGARI ba="0,1" hai="1,5,11,20,25,31,32,33,35,68,69,78,80,85" machi="32" ten="30,8000,1" yaku="1,1,0,1,52,1,53,2" doraHai="81" doraHaiUra="65" who="2" fromWho="2" sc="250,-40,250,-20,240,90,250,-20" /><INIT seed="1,0,0,1,3,27" ten="210,230,330,230" oya="1" hai0="118,131,68,87,114,31,115,93,122,3,14,109,76" hai1="77,39,0,71,16,113,51,125,89,36,12,67,66" hai2="116,110,107,9,60,99,117,48,121,72,52,78,74" hai3="129,33,32,22,23,35,120,21,41,79,97,133,37"/><U15/><E0/><V69/><F121/><W40/><G37/><T119/><D68/><U85/><E113/><V88/><F110/><W25/><G120/><T123/><D3/><U62/><E125/><V100/><F9/><W98/><G79/><T7/><D7/><U17/><E77/><V103/><F103/><W50/><G133/><T59/><D59/><U6/><E6/><V94/><F60/><W11/><G129/><T20/><D131/><U63/><E51/><V19/><F19/><W135/><G135/><T53/><D53/><U82/><E15/><V8/><F8/><W24/><G11/><T124/><D124/><U43/><E43/><N who="3" m="16458" /><G50/><T83/><D93/><U65/><E65/><V105/><F69/><W95/><G95/><T55/><D55/><U132/><E132/><V127/><F105/><W126/><G126/><T112/><D14/><U46/><E46/><V102/><F102/><W134/><G134/><T70/><D70/><U111/><E111/><V58/><F127/><W84/><G84/><T34/><D109/><U2/><E2/><V1/><F1/><W86/><G86/><T96/><D96/><AGARI ba="0,0" hai="21,22,23,24,25,32,33,35,96,97,98" m="16458" machi="96" ten="40,2600,0" yaku="28,2" doraHai="27" who="3" fromWho="0" sc="210,-26,230,0,330,0,230,26" /><INIT seed="2,0,0,0,2,98" ten="184,230,330,256" oya="2" hai0="48,128,29,131,101,40,55,127,25,107,102,58,44" hai1="77,4,66,69,93,41,0,118,47,105,78,87,94" hai2="114,86,123,15,95,135,22,129,52,56,119,106,113" hai3="18,53,13,57,108,81,35,126,62,125,75,49,88"/><V5/><F106/><W8/><G108/><T74/><D74/><U104/><E118/><V26/><F119/><W65/><G35/><T20/><D127/><N who="3" m="48649" /><G75/><T82/><D82/><U37/><E105/><V111/><F123/><W72/><G72/><T89/><D89/><U16/><E104/><V27/><F129/><N who="0" m="49738" /><D107/><U112/><E112/><V23/><F135/><W51/><G65/><T46/><D46/><U110/><E110/><V10/><F111/><W32/><G32/><T17/><D29/><U116/><E116/><V122/><F122/><W84/><AGARI ba="0,0" hai="8,13,18,49,51,53,57,62,81,84,88" m="48649" machi="84" ten="30,2000,0" yaku="18,1,54,1" doraHai="98" who="3" fromWho="3" sc="184,-5,230,-5,330,-10,256,20" /><INIT seed="3,0,0,2,1,108" ten="179,225,320,276" oya="3" hai0="82,30,1,127,4,105,27,94,126,36,104,103,71" hai1="87,101,16,111,74,90,56,69,40,43,45,48,123" hai2="46,59,20,14,106,9,112,22,78,33,10,42,98" hai3="25,6,117,50,55,29,68,83,115,113,3,41,100"/><W79/><G117/><T53/><D36/><U80/><E69/><V125/><F33/><W23/><G68/><T28/><D71/><U92/><E123/><V85/><F112/><W122/><G122/><T52/><D82/><U89/><E111/><V37/><F9/><W11/><G100/><T116/><D116/><U131/><E131/><V128/><F128/><W5/><G5/><T119/><D119/><U57/><E101/><V120/><F59/><W86/><REACH who="3" step="1"/><G41/><REACH who="3" ten="179,225,320,266" step="2"/><T39/><D4/><U38/><E43/><V124/><F120/><W118/><G118/><T96/><D105/><U31/><E38/><V109/><F109/><W130/><G130/><T47/><D104/><U91/><E31/><V75/><F106/><W67/><G67/><T64/><D64/><U65/><E65/><V49/><F42/><W32/><G32/><T72/><D30/><U15/><E74/><V34/><F34/><W95/><G95/><T81/><D72/><U76/><REACH who="1" step="1"/><E92/><REACH who="1" ten="179,215,320,266" step="2"/><V61/><F75/><W51/><G51/><N who="0" m="28799" /><D39/><U97/><E97/><V26/><F49/><W60/><G60/><T0/><D81/><U84/><E84/><V7/><F61/><W93/><G93/><T62/><D62/><U13/><E13/><V102/><F85/><W2/><G2/><T35/><D53/><U132/><E132/><V77/><F14/><W63/><G63/><T107/><D107/><U66/><E66/><V73/><F37/><W54/><G54/><T8/><D1/><U88/><N who="1" m="22528" /><DORA hai="17" /><U44/><E44/><AGARI ba="0,2" hai="3,6,11,23,25,29,44,50,55,79,83,86,113,115" machi="44" ten="30,18000,2" yaku="1,1,7,1,52,3,53,1" doraHai="108,17" doraHaiUra="58,21" who="3" fromWho="1" sc="179,0,215,-180,320,0,266,200" /><INIT seed="3,1,0,4,5,83" ten="179,35,320,466" oya="3" hai0="116,12,51,71,133,41,44,22,131,120,16,33,127" hai1="75,37,50,40,26,115,126,57,88,17,59,34,84" hai2="112,118,42,6,10,53,70,66,74,69,102,86,121" hai3="124,96,36,55,79,72,45,134,63,46,104,47,68"/><W27/><G72/><T113/><D71/><U20/><E115/><V28/><F74/><W111/><G79/><T1/><D120/><U100/><E75/><V58/><F42/><W19/><G104/><T122/><D122/><U54/><E126/><V106/><F102/><W32/><G32/><T85/><D116/><U14/><E100/><V56/><F106/><W60/><G96/><T8/><D127/><U99/><E99/><V101/><F101/><W78/><G78/><T82/><D133/><U98/><E98/><V132/><F28/><W93/><G93/><T125/><D125/><U48/><E37/><V65/><F112/><W5/><G5/><T52/><D131/><U0/><E0/><V67/><F118/><W29/><G19/><T76/><D33/><U31/><E40/><V94/><F132/><W39/><G27/><N who="0" m="14791" /><D1/><U23/><E34/><V35/><F35/><W9/><G29/><T108/><D108/><U135/><E135/><V123/><F121/><W117/><G68/><T11/><D113/><U80/><E50/><V7/><F123/><W89/><G36/><T15/><D41/><U87/><E87/><V2/><F7/><W128/><G39/><T105/><D105/><U64/><E64/><V77/><F53/><W110/><G124/><T114/><D114/><U92/><E80/><V103/><F69/><W30/><G128/><T4/><D4/><U25/><E26/><V49/><F70/><W129/><G134/><T81/><D82/><U43/><E43/><V61/><F77/><W13/><G129/><T3/><D3/><U119/><E119/><RYUUKYOKU ba="1,0" sc="179,15,35,15,320,-15,466,-15" hai0="8,11,12,15,44,51,52,76,81,85" hai1="14,17,20,23,25,31,48,54,57,59,84,88,92" /><INIT seed="4,2,0,5,4,92" ten="194,50,305,451" oya="0" hai0="24,51,2,119,128,94,26,41,38,83,112,40,126" hai1="10,105,120,73,109,12,49,100,17,23,31,106,6" hai2="66,39,29,116,131,27,108,37,69,70,90,75,77" hai3="21,72,5,99,97,55,118,25,98,9,74,91,71"/><T96/><D119/><U87/><E120/><V7/><F7/><W104/><G118/><T111/><D2/><U13/><E109/><V14/><F108/><W61/><G104/><T30/><D111/><U28/><E73/><V56/><F14/><N who="3" m="5423" /><G72/><T50/><D128/><U65/><E65/><V89/><F116/><W1/><G74/><T52/><D126/><U32/><E32/><V78/><F75/><W57/><G1/><T47/><D112/><U85/><E106/><V43/><F43/><N who="0" m="16458" /><D38/><U121/><E121/><V103/><F66/><W64/><G71/><T123/><D123/><U3/><E3/><V19/><F56/><W42/><G42/><N who="0" m="24951" /><D83/><U113/><E113/><V125/><F125/><W86/><G64/><T22/><D26/><U76/><E49/><V54/><F54/><W107/><G107/><T48/><D52/><U134/><E134/><V130/><F27/><W59/><G59/><T36/><D36/><U132/><E132/><V8/><F39/><W58/><G58/><T35/><D35/><U95/><E105/><V62/><F37/><W117/><G117/><T122/><D122/><U102/><E76/><V114/><F69/><W135/><G135/><T124/><D124/><U0/><E0/><V63/><F70/><W127/><G127/><T84/><D84/><N who="1" m="32331" /><E95/><V81/><F114/><W101/><G86/><T133/><D133/><U129/><E129/><V88/><F131/><W93/><G101/><AGARI ba="2,0" hai="22,24,30,48,51,94,96,101" m="24951,16458" machi="101" ten="30,2900,0" yaku="8,1,52,1" doraHai="92" who="0" fromWho="3" sc="194,35,50,0,305,0,451,-35" /><AGARI ba="2,0" hai="6,10,12,13,17,23,28,31,100,101,102" m="32331" machi="101" ten="30,1000,0" yaku="8,1" doraHai="92" who="1" fromWho="3" sc="229,0,50,10,305,0,416,-10" /><INIT seed="4,3,0,4,2,15" ten="229,60,305,406" oya="0" hai0="2,76,128,125,51,98,114,129,74,54,117,68,26" hai1="33,35,88,111,109,28,133,41,7,23,0,75,17" hai2="115,42,32,120,116,4,87,20,58,81,65,8,39" hai3="27,3,40,106,44,60,11,78,72,62,89,29,121"/><T123/><D117/><U5/><E75/><V53/><F32/><N who="1" m="12361" /><E41/><V126/><F126/><W50/><G121/><T91/><D123/><U22/><E88/><V102/><F102/><W52/><G106/><T94/><D125/><U67/><E67/><V113/><F65/><W1/><G89/><T49/><D68/><U24/><E133/><V86/><F39/><W55/><G78/><T131/><D114/><N who="2" m="43530" /><F42/><W61/><G72/><T80/><D2/><U95/><E95/><V124/><F124/><W59/><G40/><T56/><REACH who="0" step="1"/><D26/><REACH who="0" ten="219,60,305,406" step="2"/><N who="1" m="14671" /><E0/><V93/><F116/><W19/><G1/><T14/><D14/><U6/><AGARI ba="3,1" hai="5,6,7,23,24,28,109,111" m="14671,12361" machi="6" ten="30,4000,0" yaku="34,2,52,1" doraHai="15" who="1" fromWho="1" sc="219,-23,60,59,305,-13,406,-13" /><INIT seed="5,0,0,5,3,135" ten="196,119,292,393" oya="1" hai0="87,25,62,77,64,53,128,114,84,113,86,55,94" hai1="107,116,100,132,105,74,1,65,115,44,29,88,102" hai2="95,73,110,56,108,68,14,32,98,126,101,52,20" hai3="11,119,45,58,104,34,124,31,54,30,96,35,78"/><U16/><E1/><V97/><F32/><W60/><G119/><T91/><D128/><U36/><E116/><V5/><F73/><W63/><G78/><T103/><D103/><N who="1" m="39467" /><E74/><V17/><F68/><W121/><G96/><N who="0" m="57439" /><D77/><U19/><E29/><V67/><F67/><W109/><G104/><N who="1" m="40010" /><E65/><V47/><F47/><W22/><G45/><T70/><D25/><U18/><E44/><V23/><F97/><W0/><G22/><T7/><D7/><U12/><E12/><V33/><F33/><W93/><G58/><T92/><D92/><U79/><E79/><V122/><F20/><W6/><G93/><T8/><D8/><U69/><E69/><V51/><F122/><W85/><G54/><T41/><D41/><U89/><E36/><V131/><F131/><W28/><G60/><T24/><D24/><U61/><E61/><V130/><F130/><W120/><G63/><T71/><D70/><U9/><E9/><V48/><F48/><W81/><G11/><T76/><D76/><U4/><E132/><V123/><F5/><W10/><G10/><T118/><D118/><U133/><E133/><V40/><F40/><W21/><G6/><T134/><D134/><U112/><E4/><V2/><F2/><W80/><G0/><T111/><D55/><U117/><E117/><V38/><F38/><W82/><G34/><T129/><D129/><U83/><E83/><V72/><F72/><W27/><G80/><T127/><D53/><U50/><E50/><V57/><F123/><W106/><G121/><T75/><D75/><U59/><E59/><V125/><F57/><RYUUKYOKU ba="0,0" sc="196,-15,119,15,292,15,393,-15" hai1="16,18,19,88,89,112,115" hai2="14,17,23,51,52,56,95,98,101,108,110,125,126" /><INIT seed="5,1,0,2,2,9" ten="181,134,307,378" oya="1" hai0="135,132,68,19,40,61,42,91,77,94,43,84,97" hai1="7,38,70,110,66,33,51,22,73,63,34,50,96" hai2="26,44,87,13,52,88,8,32,55,47,75,28,82" hai3="114,100,31,122,116,59,39,120,81,37,115,3,125"/><U64/><E73/><V16/><REACH who="2" step="1"/><F75/><REACH who="2" ten="181,134,297,378" step="2"/><W131/><G122/><T69/><D132/><U53/><E110/><V62/><F62/><W119/><G120/><T21/><D135/><U72/><E72/><V86/><F86/><W60/><G60/><T57/><D68/><U23/><E63/><V92/><F92/><W6/><G119/><T130/><D69/><U2/><E70/><V11/><F11/><W1/><G116/><T111/><D111/><U56/><E96/><V93/><F93/><W101/><G115/><T79/><D130/><U108/><E108/><V106/><F106/><W58/><G114/><T54/><D84/><U46/><E64/><V5/><F5/><W41/><G6/><T0/><D0/><U95/><E66/><V117/><F117/><W18/><G1/><T30/><REACH who="0" step="1"/><D30/><REACH who="0" ten="171,134,297,378" step="2"/><U45/><E2/><V123/><F123/><W36/><G3/><T24/><AGARI ba="1,2" hai="19,21,24,40,42,43,54,57,61,77,79,91,94,97" machi="24" ten="30,12000,2" yaku="1,1,2,1,0,1,25,2,8,1,53,0" doraHai="9" doraHaiUra="112" who="0" fromWho="0" sc="171,143,134,-61,297,-31,378,-31" /><INIT seed="6,0,0,4,3,98" ten="314,73,266,347" oya="2" hai0="5,87,66,124,82,48,133,59,22,23,19,91,106" hai1="34,85,110,25,60,51,24,96,120,104,129,27,40" hai2="63,9,135,44,118,86,101,97,73,7,102,28,131" hai3="132,79,72,53,64,33,30,125,111,13,14,4,71"/><V116/><F73/><W47/><G111/><T107/><D124/><U17/><E110/><V12/><F131/><W126/><G132/><T67/><D133/><U69/><E129/><V58/><F135/><W83/><G30/><T20/><D5/><U92/><E120/><V8/><F118/><W109/><G33/><T108/><D108/><U105/><E34/><V1/><F28/><W52/><G109/><T36/><D36/><U11/><E85/><V100/><F86/><W89/><G89/><T37/><D37/><U103/><E69/><V93/><F44/><W18/><G4/><T80/><D107/><U134/><E134/><V88/><F116/><W55/><G47/><T84/><D106/><U130/><E130/><V99/><F8/><W39/><G39/><T115/><D115/><U45/><REACH who="1" step="1"/><E60/><REACH who="1" ten="314,63,266,347" step="2"/><V122/><F122/><W3/><G71/><T113/><D113/><U114/><E114/><V81/><F81/><W54/><G83/><T56/><D84/><U117/><E117/><V21/><F21/><W62/><G62/><T26/><D80/><U77/><E77/><V75/><F75/><W119/><G79/><T10/><D10/><U35/><E35/><V65/><REACH who="2" step="1"/><F99/><REACH who="2" ten="314,63,256,347" step="2"/><W76/><G72/><T6/><D22/><U38/><E38/><V16/><F16/><W57/><G18/><T50/><D23/><U127/><E127/><V49/><F49/><N who="0" m="19050" /><D6/><U95/><E95/><V32/><F32/><W94/><G126/><T42/><D19/><U43/><E43/><V41/><F41/><W128/><G125/><T78/><D42/><U0/><E0/><AGARI ba="0,2" hai="0,1,7,9,12,58,63,65,88,93,97,100,101,102" machi="0" ten="40,18000,2" yaku="1,1,6,1,52,3,54,1,53,0" doraHai="98" doraHaiUra="112" who="2" fromWho="1" sc="314,0,63,-180,256,200,347,0" owari="314,-9.0,-117,-62.0,456,56.0,347,15.0" /></mjloggm>