<mjloggm ver="2.3"><GO type="41"/><UN n0="%E3%82%AE%E3%82%BF%E3%83%AA%E3%82%B9%E3%83%88" n1="%E3%82%A6%E3%83%AB%E3%83%88%E3%83%A9%E7%AB%8B%E7%9B%B4" n2="%E3%82%8B%E3%81%97%E6%A7%98" n3="%6C%6F%75%69%73%65" dan="15,15,14,14" rate="1936,1975,1959,1912" sx="M,M,F,M"/><TAIKYOKU oya="0"/><INIT seed="0,0,0,0,5,62" ten="250,250,250,250" oya="0" hai0="43,132,41,39,35,14,24,52,30,47,84,21,19" hai1="15,65,123,82,20,91,56,1,92,7,102,29,117" hai2="95,113,44,85,13,114,12,77,0,73,17,11,32" hai3="60,130,70,46,72,16,135,37,109,108,107,83,74"/><T97/><D132/><U101/><E1/><V129/><F73/><W8/><G107/><T76/><D97/><U59/><E59/><V80/><F32/><W51/><G37/><T125/><D125/><U121/><E117/><V106/><F0/><W110/><G135/><T128/><D128/><U75/><E75/><V66/><F106/><W87/><G130/><T118/><D118/><U94/><E82/><V79/><F79/><W63/><G60/><T93/><D43/><U33/><E33/><V86/><F129/><W48/><G51/><T78/><D52/><U126/><E126/><V124/><F124/><W40/><G63/><T54/><D54/><U69/><E69/><V104/><F104/><W31/><G70/><T105/><D105/><U6/><E102/><V3/><F3/><W133/><G31/><T36/><D36/><U127/><E127/><V89/><F44/><W5/><G133/><T58/><D58/><U131/><E131/><V112/><REACH who="2" step="1"/><F12/><REACH who="2" ten="250,250,240,250" step="2"/><W42/><G74/><T61/><D78/><U119/><E15/><V134/><F134/><W25/><G72/><T50/><D76/><U18/><E119/><V96/><F96/><W49/><G46/><T64/><D39/><U88/><E123/><V81/><F81/><W122/><G83/><T27/><D93/><U115/><E94/><V2/><F2/><W67/><G108/><T120/><D120/><U57/><E121/><V55/><F55/><W34/><G122/><T26/><D84/><U99/><E99/><V4/><F4/><W28/><G87/><T100/><D100/><U53/><E101/><RYUUKYOKU ba="0,1" sc="250,15,250,-15,240,15,250,-15" hai0="14,19,21,24,26,27,30,35,41,47,50,61,64" hai2="11,13,17,66,77,80,85,86,89,95,112,113,114" /><INIT seed="0,1,1,4,0,108" ten="265,235,255,235" oya="0" hai0="122,125,80,112,6,48,44,40,56,89,22,59,119" hai1="74,35,47,26,100,57,103,94,43,127,46,77,116" hai2="19,1,121,66,109,9,98,75,84,101,25,63,70" hai3="69,23,73,38,34,107,102,117,32,21,16,15,68"/><T45/><D122/><U132/><E103/><V95/><F121/><W11/><G117/><T65/><D119/><U50/><E116/><V14/><F75/><W62/><G73/><T8/><D125/><U27/><E74/><V5/><F109/><W20/><G38/><T39/><D22/><U0/><E0/><V52/><F84/><W60/><G102/><T118/><D118/><U36/><E77/><V18/><F25/><W72/><G107/><T126/><D126/><U2/><E2/><V88/><F1/><W111/><G72/><T91/><D80/><U129/><E127/><V42/><F42/><W110/><G111/><T135/><D135/><U76/><E76/><V93/><F93/><W113/><G110/><T37/><D65/><U85/><E132/><V55/><F101/><W133/><G133/><T29/><D29/><U97/><E85/><V90/><F90/><W131/><G131/><T4/><D8/><U31/><E26/><V51/><F55/><W81/><G81/><T87/><D87/><U24/><E24/><V28/><REACH who="2" step="1"/><F28/><REACH who="2" ten="265,235,245,235" step="2"/><W92/><G92/><T41/><D48/><U7/><E43/><V99/><F99/><W130/><G34/><T96/><D96/><U67/><E36/><V105/><F105/><W71/><G32/><T128/><D128/><U104/><E129/><V13/><F13/><W86/><G130/><T12/><D12/><U115/><E104/><V64/><F64/><W124/><G86/><T106/><D106/><U53/><E67/><V78/><F78/><W49/><G124/><T54/><D54/><U79/><E79/><RYUUKYOKU ba="1,2" sc="265,15,235,-15,245,15,235,-15" hai0="4,6,37,39,40,41,44,45,56,59,89,91,112" hai2="5,9,14,18,19,51,52,63,66,70,88,95,98" /><INIT seed="0,2,2,3,4,18" ten="280,220,260,220" oya="0" hai0="103,26,51,108,27,67,110,93,95,133,104,83,62" hai1="30,129,82,128,36,71,56,47,81,120,61,50,31" hai2="91,52,98,99,37,77,115,42,106,68,105,121,126" hai3="24,38,48,22,131,3,74,119,134,15,132,57,43"/><T9/><D133/><N who="3" m="51305" /><G3/><T29/><D83/><N who="1" m="31755" /><E120/><V94/><F77/><W10/><G74/><T41/><D9/><U127/><E71/><V64/><F121/><W12/><G119/><T65/><D104/><U34/><E36/><V63/><F115/><W117/><G117/><T60/><D103/><U40/><E34/><V5/><F126/><W21/><G38/><T112/><D41/><U66/><E127/><V130/><F130/><AGARI ba="2,2" hai="30,31,40,47,50,56,61,66,128,129,130" m="31755" machi="130" ten="30,1000,0" yaku="19,1" doraHai="18" who="1" fromWho="2" sc="280,0,220,36,260,-16,220,0" /><INIT seed="1,0,0,0,2,28" ten="280,256,244,220" oya="1" hai0="4,98,107,36,92,33,108,122,35,106,62,23,77" hai1="130,71,24,32,83,91,12,43,116,85,84,34,59" hai2="88,121,16,45,110,101,134,11,6,129,8,9,119" hai3="20,72,132,123,13,39,3,66,102,27,114,38,99"/><U113/><E71/><V86/><F119/><W127/><G3/><T115/><D115/><U44/><E116/><V0/><F121/><W31/><G123/><T21/><D122/><U109/><E113/><V103/><F110/><W40/><G72/><T52/><D36/><U81/><E109/><V5/><F134/><W1/><G114/><T7/><D108/><U49/><E130/><V14/><F45/><W61/><G1/><T54/><D62/><U76/><E24/><V42/><F42/><W125/><G132/><T79/><D92/><U74/><E74/><V120/><F120/><W37/><G40/><T124/><D98/><U58/><E58/><V68/><F68/><W30/><G13/><T10/><D10/><U73/><E73/><V67/><F67/><W75/><G31/><T96/><D96/><U64/><E64/><V55/><F55/><W97/><G75/><T105/><D105/><U117/><E117/><V48/><F48/><W94/><G99/><T50/><D50/><U111/><E111/><V104/><F104/><W63/><REACH who="3" step="1"/><G61/><REACH who="3" ten="280,256,244,210" step="2"/><T29/><D29/><U70/><E70/><AGARI ba="0,1" hai="20,27,30,37,38,39,63,66,70,94,97,102,125,127" machi="70" ten="40,5200,0" yaku="1,1,2,1,53,1" doraHai="28" doraHaiUra="60" who="3" fromWho="1" sc="280,0,256,-52,244,0,210,62" /><INIT seed="2,0,0,0,4,123" ten="280,204,244,272" oya="2" hai0="16,8,33,104,25,20,10,6,94,67,2,36,65" hai1="120,47,105,87,116,37,7,56,89,98,106,83,68" hai2="17,75,111,79,30,72,73,128,0,46,113,22,38" hai3="12,132,50,117,99,85,55,35,115,100,3,52,21"/><V61/><F113/><W58/><G3/><T26/><D36/><U43/><E68/><V134/><F0/><W112/><G35/><T4/><D104/><U9/><E116/><V78/><F134/><W34/><G34/><T5/><D94/><U121/><E56/><V57/><F128/><W101/><G117/><T80/><D80/><U44/><E44/><V76/><F30/><W95/><G132/><T41/><D41/><U124/><E124/><V86/><F46/><W93/><G55/><T48/><D48/><U84/><E84/><V62/><F38/><W110/><G101/><T23/><D65/><U28/><E28/><V53/><F86/><W70/><G70/><T64/><D64/><U63/><E63/><V32/><F32/><W69/><G69/><T135/><D67/><U125/><E125/><V24/><REACH who="2" step="1"/><F62/><REACH who="2" ten="280,204,234,272" step="2"/><W109/><G115/><T27/><D135/><U18/><E121/><V133/><F133/><W74/><G112/><T129/><D129/><U119/><E120/><V42/><F42/><W97/><G85/><T15/><D33/><U49/><E119/><V96/><F96/><W108/><G74/><T13/><D2/><U131/><E131/><V54/><F54/><W1/><G1/><T126/><D126/><U77/><E37/><V39/><F39/><W91/><G99/><T81/><D81/><U127/><E127/><V11/><F11/><W118/><G118/><T92/><D92/><N who="1" m="56591" /><E18/><AGARI ba="0,1" hai="4,5,6,8,10,13,15,16,18,20,23,25,26,27" machi="18" ten="40,16000,3" yaku="9,1,8,1,35,6,54,1" doraHai="123" who="0" fromWho="1" sc="280,170,204,-160,234,0,272,0" /><INIT seed="3,0,0,0,1,38" ten="450,44,234,272" oya="3" hai0="74,107,114,63,61,101,135,34,23,84,117,97,67" hai1="124,92,90,132,48,102,123,10,95,126,59,122,15" hai2="35,19,52,82,43,62,93,115,94,91,75,60,0" hai3="125,8,12,32,25,14,58,4,108,41,24,54,129"/><W118/><G118/><T45/><D117/><U28/><E102/><V65/><F35/><W40/><G129/><T111/><D34/><U27/><E92/><V30/><F115/><W64/><G125/><N who="1" m="48234" /><E95/><V98/><F30/><W110/><G64/><T7/><D74/><U11/><E90/><V87/><F0/><W109/><G12/><T17/><D114/><U86/><E86/><V51/><F19/><W121/><G121/><N who="1" m="46090" /><E59/><V80/><F75/><W76/><G76/><T3/><D84/><U39/><E39/><V77/><F82/><W130/><G130/><T46/><D3/><U73/><E48/><V72/><F65/><W99/><G99/><T100/><D101/><U69/><E69/><V26/><F26/><N who="3" m="10347" /><G32/><T81/><D81/><U16/><E73/><V33/><F33/><W68/><G68/><T55/><D107/><U49/><E49/><AGARI ba="0,0" hai="4,8,14,40,41,49,54,58,108,109,110" m="10347" machi="49" ten="30,11600,0" yaku="14,1,10,1,52,2" doraHai="38" who="3" fromWho="1" sc="450,0,44,-116,234,0,272,116" owari="450,55.0,-72,-57.0,234,-17.0,388,19.0" /></mjloggm>