<mjloggm ver="2.3"><GO type="41"/><UN n0="%61%62%61%6E%74%65%73" n1="%E3%82%A6%E3%83%AB%E3%83%88%E3%83%A9%E7%AB%8B%E7%9B%B4" n2="%E3%81%AF%E3%81%98%E3%82%81%E3%81%A1%E3%82%83%E3%82%93" n3="%6F%63%68%69%32%32" dan="15,14,14,14" rate="2045,1964,1892,1866" sx="M,M,M,M"/><TAIKYOKU oya="0"/><INIT seed="0,0,0,4,2,6" ten="250,250,250,250" oya="0" hai0="50,30,19,92,67,126,20,39,51,129,8,44,77" hai1="135,110,2,5,107,79,46,13,131,80,69,47,57" hai2="117,78,62,24,53,33,34,4,35,84,21,37,104" hai3="43,114,133,120,112,36,98,106,81,9,108,123,12"/><T16/><D39/><U134/><E69/><V118/><F104/><W99/><G81/><T71/><D129/><U97/><E2/><V86/><F37/><W119/><G43/><T15/><D126/><U14/><E14/><V55/><F4/><W25/><G36/><T48/><D30/><U29/><E29/><V26/><F78/><W91/><G133/><T93/><D77/><U10/><E131/><V54/><F62/><W70/><G70/><T41/><D71/><U113/><E113/><V72/><F72/><W1/><G1/><T88/><D67/><U7/><E7/><V111/><F111/><W17/><G25/><N who="2" m="9833" /><F21/><W103/><G108/><T87/><D93/><U59/><E110/><V82/><F82/><W11/><G119/><AGARI ba="0,0" hai="33,34,35,53,54,55,84,86,117,118,119" m="9833" machi="119" ten="40,5200,0" yaku="28,2,12,1" doraHai="6" who="2" fromWho="3" sc="250,0,250,0,250,52,250,-52" /><INIT seed="1,0,0,2,1,11" ten="250,250,302,198" oya="1" hai0="133,86,67,110,118,28,48,114,45,134,78,96,40" hai1="10,47,73,62,37,117,75,30,82,0,101,102,53" hai2="33,16,91,107,93,13,15,18,8,42,29,127,132" hai3="36,56,25,52,41,44,50,81,38,83,32,59,89"/><U4/><E75/><V46/><F107/><W69/><G69/><T113/><D28/><U121/><E121/><V92/><F127/><W12/><G12/><T66/><D96/><U17/><E117/><V100/><F132/><N who="0" m="50794" /><D78/><U24/><E62/><V129/><F29/><W6/><G6/><T126/><D86/><U112/><E112/><N who="0" m="43113" /><D118/><U79/><E17/><V54/><F33/><W88/><G32/><T22/><D22/><U108/><E108/><V109/><F109/><W35/><G35/><T122/><D110/><U120/><E120/><V27/><F27/><W85/><G25/><T84/><D84/><U5/><E5/><V49/><F100/><W51/><G83/><T57/><D122/><U106/><E53/><V77/><F77/><W39/><G89/><T99/><D99/><U2/><E2/><V34/><F34/><W31/><G31/><T90/><D90/><U135/><E135/><V43/><F129/><W103/><G103/><T111/><D111/><U9/><E9/><N who="2" m="6191" /><F92/><W104/><G104/><T119/><D119/><U63/><E106/><V95/><F95/><W130/><G130/><T7/><D7/><U3/><E3/><V131/><F131/><W61/><G61/><N who="0" m="38191" /><D67/><U71/><E24/><V80/><F80/><W68/><G68/><T20/><D20/><U87/><E30/><V21/><F21/><W23/><G23/><T124/><AGARI ba="0,0" hai="40,45,48,124,126" m="38191,43113,50794" machi="124" ten="40,5200,0" yaku="20,1,34,2" doraHai="11" who="0" fromWho="0" sc="250,52,250,-26,302,-13,198,-13" /><INIT seed="2,0,0,1,2,115" ten="302,224,289,185" oya="2" hai0="43,107,97,11,96,1,40,44,89,24,41,64,20" hai1="38,103,25,68,3,60,8,133,35,84,27,62,36" hai2="70,39,45,106,116,121,15,119,52,104,33,109,130" hai3="75,129,105,12,61,111,94,71,2,95,134,127,82"/><V46/><F70/><W23/><G23/><T37/><D64/><U131/><E84/><V9/><F33/><W123/><G12/><T101/><D1/><U67/><E131/><V63/><F121/><W58/><G82/><T78/><D11/><U83/><E133/><V114/><F130/><W49/><G94/><T79/><D89/><U93/><E93/><V28/><F28/><W74/><G95/><T117/><D97/><U0/><E83/><V29/><F29/><W113/><G49/><T65/><D65/><U56/><E56/><V47/><F39/><W73/><G58/><T5/><D5/><U59/><E59/><V81/><F109/><W128/><G61/><T120/><D120/><U50/><E50/><V26/><F26/><W112/><G74/><T108/><D108/><U88/><E88/><V86/><F114/><W34/><G75/><T57/><D57/><U21/><E21/><V14/><F14/><W32/><G113/><T99/><D99/><U16/><E62/><V4/><F63/><W118/><G34/><T98/><D98/><U55/><E55/><V125/><F125/><W66/><G66/><T54/><D54/><U124/><E124/><V90/><REACH who="2" step="1"/><F52/><REACH who="2" ten="302,224,279,185" step="2"/><W19/><G19/><T10/><D37/><AGARI ba="0,1" hai="2,32,37,71,73,105,111,112,118,123,127,128,129,134" machi="37" ten="0,32000,5" yakuman="47" doraHai="115" who="3" fromWho="0" sc="302,-320,224,0,279,0,185,330" owari="-18,-52.0,224,-18.0,279,8.0,515,62.0" /></mjloggm>