<mjloggm ver="2.3"><GO type="169" lobby="0"/><UN n0="%E3%82%80%E3%83%BC%E3%82%80" n1="%EF%BC%88%E2%89%A7%E2%96%BD%E2%89%A6%EF%BC%89" n2="%4D%61%52%63%48" n3="%6E%65%6F%40%75%6E%69" dan="16,18,16,17" rate="2054.02,2118.35,2095.68,2172.11" sx="M,M,M,M"/><TAIKYOKU oya="0"/><INIT seed="0,0,0,4,2,43" ten="250,250,250,250" oya="0" hai0="33,51,38,49,2,120,17,111,71,28,96,14,53" hai1="83,117,90,95,36,103,35,24,114,29,0,31,48" hai2="44,12,10,113,94,135,45,21,9,110,20,129,88" hai3="58,75,82,59,109,112,3,86,70,79,19,27,55"/><T69/><D120/><U61/><E36/><V133/><F113/><W32/><G70/><T123/><D38/><U13/><E0/><V66/><F66/><W8/><G112/><T42/><D2/><U124/><E114/><V25/><F110/><W46/><G109/><T23/><D123/><U101/><E117/><V57/><F57/><W54/><G75/><T98/><D111/><U84/><E124/><V16/><F129/><W18/><G32/><T131/><D131/><U56/><E29/><N who="2" m="17583" /><F10/><W104/><G104/><T68/><D42/><U119/><E119/><V41/><F41/><W26/><G3/><T65/><D65/><U99/><E13/><V67/><F67/><W106/><G106/><T47/><REACH who="0" step="1"/><D51/><REACH who="0" ten="240,250,250,250" step="2"/><U85/><E48/><V73/><F73/><W78/><G55/><T77/><D77/><U74/><E74/><V6/><F135/><W1/><G78/><T100/><D100/><U72/><E72/><V134/><F134/><W50/><G1/><T40/><D40/><U11/><E103/><V7/><F133/><W76/><G79/><T127/><D127/><U64/><E101/><V22/><F6/><W60/><G50/><T125/><D125/><U126/><E126/><V52/><F7/><W63/><G54/><T122/><D122/><U80/><E64/><V107/><F52/><W4/><G76/><T34/><D34/><U89/><E35/><V116/><F116/><W102/><G102/><T128/><D128/><U37/><E37/><V121/><F121/><W15/><G4/><T62/><D62/><U130/><E130/><V93/><F107/><RYUUKYOKU ba="0,1" sc="240,30,250,-10,250,-10,250,-10" hai0="14,17,23,28,33,47,49,53,68,69,71,96,98" /><INIT seed="0,1,1,5,3,105" ten="270,240,240,240" oya="0" hai0="58,30,2,131,134,7,33,103,118,81,50,53,115" hai1="116,89,43,29,100,34,16,51,122,79,52,60,77" hai2="70,125,3,96,112,110,69,20,95,57,44,75,17" hai3="23,93,19,97,120,92,82,27,78,83,123,91,74"/><T88/><D118/><U0/><E116/><V128/><F112/><W98/><REACH who="3" step="1"/><G82/><REACH who="3" ten="270,240,240,230" step="2"/><T111/><D115/><U106/><E122/><V59/><F110/><W124/><G124/><T117/><D117/><U102/><E106/><V80/><F125/><W13/><G13/><T68/><D81/><U24/><E0/><V104/><F3/><W37/><G37/><T135/><D111/><U94/><E24/><V130/><F80/><W54/><G54/><T18/><D53/><U31/><E52/><V42/><F42/><W41/><G41/><T121/><D2/><U113/><E43/><V65/><F65/><W64/><G64/><T66/><D66/><U90/><E113/><V108/><F108/><W8/><G8/><T32/><D121/><U15/><E15/><V62/><F130/><W36/><G36/><T107/><D131/><U63/><E63/><V11/><F62/><W73/><G73/><T99/><D50/><U10/><E60/><V48/><F75/><W6/><G6/><T127/><D7/><U101/><E51/><V76/><F11/><W84/><G84/><T1/><D1/><U61/><E61/><V47/><F48/><W12/><G12/><T87/><D127/><U4/><E4/><V56/><F128/><W22/><G22/><T21/><D87/><U39/><E39/><V72/><F72/><W28/><G28/><T45/><D30/><U114/><E31/><V85/><F20/><W49/><G49/><T126/><D21/><U119/><E114/><V38/><F85/><W26/><G26/><T86/><D126/><U55/><E29/><RYUUKYOKU ba="1,2" sc="270,-10,240,-10,240,-10,230,30" hai3="19,23,27,74,78,83,91,92,93,97,98,120,123" /><INIT seed="1,2,2,4,5,98" ten="260,230,230,260" oya="1" hai0="20,15,32,101,92,18,29,90,21,128,62,31,46" hai1="4,55,107,47,87,96,134,127,23,132,122,99,7" hai2="36,109,113,2,89,115,33,126,40,88,30,67,10" hai3="54,27,22,108,37,71,49,85,106,51,5,1,53"/><U95/><E122/><V56/><F109/><W39/><G71/><T119/><D119/><U81/><E127/><V3/><F40/><W73/><G73/><T8/><D128/><U38/><E107/><V97/><F126/><W64/><G64/><T83/><D62/><U112/><E112/><N who="2" m="43083" /><F36/><W131/><G106/><T9/><D46/><U45/><E23/><N who="0" m="8777" /><D8/><U41/><E55/><V135/><F135/><N who="1" m="51753" /><E45/><V80/><F80/><W124/><G108/><T44/><D44/><U72/><E72/><V78/><F78/><W69/><G131/><T68/><D68/><U103/><E99/><V13/><F30/><W76/><G69/><T25/><D25/><U52/><E52/><V6/><F33/><W50/><G124/><T70/><D70/><U66/><E66/><V28/><F28/><W12/><G39/><T86/><D32/><U57/><E57/><V19/><F6/><W125/><G37/><T11/><D11/><U17/><E17/><V60/><F89/><AGARI ba="2,2" hai="4,7,38,41,47,81,87,89,95,96,103" m="51753" machi="89" ten="30,2900,0" yaku="20,1,52,1" doraHai="98" who="1" fromWho="2" sc="260,0,230,55,230,-35,260,0" /><INIT seed="1,3,0,5,2,108" ten="260,285,195,260" oya="1" hai0="34,7,101,116,107,12,72,75,18,127,115,52,112" hai1="21,0,54,6,135,129,87,80,24,118,73,123,70" hai2="88,106,90,46,33,10,66,55,85,94,47,65,132" hai3="84,45,61,27,15,92,67,16,97,3,28,5,14"/><U11/><E123/><V128/><F106/><W134/><G134/><T36/><D34/><U133/><E118/><V81/><F132/><W23/><G45/><T104/><D36/><U1/><E1/><V76/><F33/><W19/><G84/><T69/><D69/><U91/><E129/><V82/><F128/><W57/><G3/><T40/><D40/><U8/><E70/><V59/><F10/><N who="3" m="4431" /><G15/><T120/><D7/><U39/><E39/><V37/><F37/><W126/><G126/><T49/><D127/><U53/><E8/><V78/><F59/><W50/><G50/><T41/><D41/><U56/><E73/><V110/><F110/><W121/><G121/><T51/><D12/><U111/><E111/><V25/><F25/><W71/><G71/><T105/><D105/><U13/><E0/><V31/><F31/><W26/><G27/><T96/><D120/><U38/><E38/><V130/><F130/><W102/><AGARI ba="3,0" hai="16,19,23,26,28,57,61,67,92,97,102" m="4431" machi="102" ten="30,4000,0" yaku="25,1,8,1,54,1" doraHai="108" who="3" fromWho="3" sc="260,-13,285,-23,195,-13,260,49" /><INIT seed="2,0,0,2,0,88" ten="247,262,182,309" oya="2" hai0="53,6,117,49,75,105,52,86,126,23,3,114,96" hai1="129,40,2,29,19,103,134,110,73,100,46,131,7" hai2="111,43,37,85,51,0,122,64,104,48,94,127,97" hai3="8,22,56,121,79,33,133,44,34,106,108,42,10"/><V24/><F0/><W4/><G106/><T61/><D75/><U71/><E73/><V41/><F122/><W74/><G121/><T101/><D114/><U26/><E71/><V135/><F135/><W93/><G133/><T35/><D35/><N who="1" m="20919" /><E134/><V112/><F112/><W57/><G22/><T92/><D117/><U87/><E110/><V76/><F111/><W30/><G108/><T113/><D113/><U39/><E19/><V123/><F123/><W89/><G10/><T124/><D23/><U55/><E55/><V90/><F127/><N who="0" m="48682" /><D61/><U67/><E67/><V72/><F64/><W15/><G30/><T5/><D3/><U70/><E70/><V80/><F24/><W84/><G34/><T59/><D53/><U69/><E87/><V95/><F37/><W118/><G33/><T58/><D58/><U78/><E78/><V11/><F11/><W98/><G74/><T25/><D25/><U31/><E31/><V130/><F130/><N who="1" m="49673" /><E69/><V54/><F104/><W77/><G118/><T47/><D47/><U102/><E2/><V109/><F109/><W36/><G79/><T17/><D17/><U9/><E9/><V1/><F1/><W82/><AGARI ba="0,0" hai="4,8,15,36,42,44,56,57,77,82,84,89,93,98" machi="82" ten="30,2000,0" yaku="0,1,52,1" doraHai="88" who="3" fromWho="3" sc="247,-5,262,-5,182,-10,309,20" /><INIT seed="3,0,0,3,5,13" ten="242,257,172,329" oya="3" hai0="103,112,97,130,42,0,35,101,113,53,19,55,3" hai1="48,73,10,49,121,133,116,89,29,83,50,9,33" hai2="46,6,126,95,18,58,14,25,59,12,82,110,69" hai3="131,120,71,88,37,109,108,16,79,84,30,123,106"/><W38/><G71/><T63/><D35/><U60/><E121/><N who="3" m="46666" /><G30/><T124/><D42/><U23/><E33/><V85/><F69/><W122/><G122/><T64/><D124/><U17/><E116/><V2/><F2/><W22/><G79/><T65/><D63/><U81/><E133/><V90/><F126/><W107/><G107/><T111/><D97/><U21/><E73/><V132/><F132/><W86/><G86/><T98/><D98/><U7/><E7/><V118/><F118/><W134/><G106/><T26/><D26/><N who="1" m="16607" /><E60/><V115/><F115/><W43/><G43/><T66/><D66/><U117/><E117/><V40/><F6/><W24/><G134/><T51/><D51/><U105/><E105/><V104/><F104/><W28/><G28/><T52/><D55/><U87/><E83/><V20/><F82/><N who="3" m="49175" /><G131/><T62/><D130/><U5/><E5/><V57/><F14/><AGARI ba="0,0" hai="9,10,14,17,21,48,49,50,81,87,89" m="16607" machi="14" ten="30,2000,0" yaku="8,1,52,1" doraHai="13" who="1" fromWho="2" sc="242,0,257,20,172,-20,329,0" /><INIT seed="4,0,0,3,5,117" ten="242,277,152,329" oya="0" hai0="118,37,15,13,135,125,126,36,85,10,96,43,34" hai1="32,104,30,93,128,77,124,84,123,17,6,33,103" hai2="57,60,131,110,20,83,19,14,27,111,28,18,100" hai3="132,133,23,130,53,109,0,94,5,45,89,70,79"/><T52/><D118/><U78/><E104/><V80/><F100/><W115/><G109/><T64/><D64/><U50/><E6/><V29/><F131/><W113/><G79/><T116/><D116/><U61/><E128/><V102/><F102/><W65/><G130/><T21/><D34/><U75/><E75/><V108/><F29/><W67/><G23/><T62/><D96/><U82/><E77/><V40/><F40/><W87/><G5/><N who="0" m="3279" /><D43/><U114/><E30/><V38/><F38/><W2/><G2/><T71/><D71/><U88/><E103/><V39/><F39/><W134/><G0/><T4/><D85/><U51/><E33/><V1/><F1/><W122/><G122/><T121/><D135/><U63/><E32/><V107/><F107/><W31/><G31/><T58/><D121/><U106/><E106/><V112/><F112/><N who="3" m="43083" /><G70/><T101/><D101/><U26/><E123/><V95/><F95/><W11/><G11/><N who="0" m="4583" /><D21/><N who="1" m="13615" /><E114/><V127/><F127/><AGARI ba="0,0" hai="36,37,52,58,62,125,126,127" m="4583,3279" machi="127" ten="30,2900,0" yaku="18,1,54,1" doraHai="117" who="0" fromWho="2" sc="242,29,277,0,152,-29,329,0" /><INIT seed="4,1,0,3,2,50" ten="271,277,123,329" oya="0" hai0="44,101,77,5,7,104,9,39,123,89,30,29,28" hai1="46,83,32,99,0,113,112,11,109,93,95,72,127" hai2="13,96,43,110,17,23,31,120,66,25,121,48,40" hai3="3,52,128,64,54,57,36,91,75,90,119,70,81"/><T63/><D123/><U82/><E32/><V2/><F110/><W58/><G119/><T79/><D5/><N who="1" m="1447" /><E109/><V14/><F96/><W105/><G105/><T133/><D133/><U102/><E127/><V53/><F66/><W4/><G36/><T62/><D89/><U35/><E35/><V117/><F117/><W135/><G135/><T124/><D124/><U60/><E72/><V130/><F2/><W103/><G103/><T98/><D63/><U38/><E60/><V87/><F14/><W115/><G64/><T12/><REACH who="0" step="1"/><D62/><REACH who="0" ten="261,277,123,329" step="2"/><U88/><E88/><V33/><F130/><W125/><G91/><T84/><D84/><U59/><E102/><V34/><F121/><W129/><G90/><T118/><D118/><U122/><E122/><V85/><F120/><W15/><G4/><T78/><D78/><U61/><E61/><V42/><REACH who="2" step="1"/><F34/><REACH who="2" ten="261,277,113,329" step="2"/><W1/><G128/><T100/><D100/><U47/><E113/><V68/><F68/><W27/><G70/><T51/><D51/><U76/><E112/><V80/><F80/><W106/><G81/><T67/><D67/><U22/><E82/><V18/><F18/><W69/><G69/><T19/><D19/><U97/><E83/><V108/><F108/><W73/><G115/><T41/><AGARI ba="1,2" hai="7,9,12,28,29,30,39,41,44,77,79,98,101,104" machi="41" ten="30,3000,0" yaku="1,1,0,1,53,0" doraHai="50" doraHaiUra="132" who="0" fromWho="0" sc="261,53,277,-11,113,-11,329,-11" /><INIT seed="4,2,0,0,5,119" ten="314,266,102,318" oya="0" hai0="59,68,54,4,135,72,34,9,10,106,41,128,63" hai1="33,120,117,112,90,97,101,56,84,3,124,28,20" hai2="70,91,107,76,17,26,114,99,14,82,71,88,61" hai3="2,100,45,15,89,77,83,6,110,67,36,102,31"/><T16/><D34/><U79/><E117/><V73/><F114/><W103/><G110/><T96/><D135/><U48/><E3/><V49/><F26/><W39/><G67/><T129/><D72/><U105/><E33/><V42/><F61/><W23/><G2/><T40/><D68/><U19/><E112/><V121/><F121/><W53/><G89/><T109/><D109/><U93/><E124/><V64/><F64/><W125/><G125/><T85/><D85/><U46/><E28/><V122/><F122/><W66/><G66/><T50/><D10/><U131/><E131/><N who="0" m="50249" /><D4/><U74/><E56/><V104/><F71/><W35/><G35/><T21/><D9/><U62/><E62/><V1/><F70/><W94/><G6/><T47/><D96/><U43/><E120/><V65/><F65/><W118/><G118/><T86/><D86/><U12/><E79/><V92/><F1/><W113/><G77/><T87/><D87/><U95/><REACH who="1" step="1"/><E74/><REACH who="1" ten="314,256,102,318" step="2"/><V11/><REACH who="2" step="1"/><F91/><REACH who="2" ten="314,256,92,318" step="2"/><W5/><G113/><T37/><D63/><U133/><E133/><V60/><F60/><W27/><G31/><T44/><D40/><U18/><E18/><V0/><F0/><W58/><G5/><T98/><D41/><U127/><E127/><V134/><F134/><W29/><G29/><T25/><D37/><U51/><E51/><V13/><F13/><W32/><G15/><T80/><D50/><U30/><E30/><V130/><F130/><W78/><G36/><T55/><D16/><U132/><E132/><V108/><F108/><W81/><G39/><T24/><D54/><RYUUKYOKU ba="2,2" sc="314,-15,256,15,92,15,318,-15" hai1="12,19,20,43,46,48,84,90,93,95,97,101,105" hai2="11,14,17,42,49,73,76,82,88,92,99,104,107" /><INIT seed="5,3,2,2,5,58" ten="299,271,107,303" oya="1" hai0="28,62,103,93,121,120,11,78,131,8,127,41,109" hai1="32,26,19,74,57,106,133,135,15,10,124,35,72" hai2="107,36,129,70,85,39,12,46,55,75,22,53,105" hai3="128,60,81,43,79,108,104,119,66,25,69,64,95"/><U101/><E124/><V94/><F75/><N who="1" m="28713" /><E26/><V51/><F70/><W80/><G104/><T18/><D28/><U123/><E123/><V68/><F68/><W50/><G66/><T114/><D41/><U42/><E42/><V16/><F129/><W113/><G128/><T63/><D131/><U89/><E89/><V71/><F71/><W47/><G119/><T48/><D48/><U9/><E9/><V132/><F132/><N who="1" m="50761" /><E57/><V0/><F0/><W29/><G108/><T116/><D109/><U49/><E49/><V30/><F107/><W45/><G45/><T27/><D11/><U44/><E44/><V21/><F105/><W34/><G79/><T134/><D8/><U24/><E24/><V88/><REACH who="2" step="1"/><F55/><REACH who="2" ten="299,271,97,303" step="2"/><W84/><G69/><T100/><D134/><U20/><E10/><V4/><F4/><W13/><G64/><T115/><D121/><U56/><E56/><V130/><F130/><W7/><G7/><T6/><D6/><U37/><E37/><V65/><F65/><W83/><G47/><T82/><D120/><U31/><E31/><V99/><F99/><AGARI ba="3,3" hai="15,19,20,32,35,99,101,106" m="50761,28713" machi="99" ten="30,1500,0" yaku="20,1" doraHai="58" who="1" fromWho="2" sc="299,0,271,54,97,-24,303,0" /><INIT seed="5,4,0,1,0,18" ten="299,325,73,303" oya="1" hai0="127,64,16,82,94,122,95,10,105,61,121,114,59" hai1="96,98,51,49,68,57,85,5,26,25,128,90,84" hai2="88,119,53,113,100,103,71,112,101,4,87,23,118" hai3="131,13,56,3,67,92,33,91,29,99,24,110,70"/><U69/><E128/><V40/><F71/><W120/><G3/><T21/><D114/><N who="2" m="44138" /><F40/><W39/><G39/><T73/><D105/><U48/><E5/><V19/><F4/><W37/><G37/><T80/><D10/><U97/><E57/><V76/><F53/><W74/><G74/><T108/><D108/><U125/><E125/><V1/><F1/><W28/><G28/><T32/><D32/><U132/><E132/><V35/><F35/><W54/><G120/><N who="0" m="46187" /><D127/><U50/><E50/><V52/><F76/><W12/><G110/><T124/><D124/><U65/><E65/><V55/><F119/><W133/><G131/><T66/><D66/><U93/><REACH who="1" step="1"/><E84/><REACH who="1" ten="299,315,73,303" step="2"/><V77/><F77/><W107/><G133/><T2/><D59/><U30/><E30/><V43/><F43/><W86/><G67/><T9/><D64/><U11/><E11/><V41/><F41/><W47/><G70/><AGARI ba="4,1" hai="25,26,48,49,51,68,69,70,85,90,93,96,97,98" machi="70" ten="50,2400,0" yaku="1,1,53,0" doraHai="18" doraHaiUra="106" who="1" fromWho="3" sc="299,0,315,46,73,0,303,-36" /><INIT seed="5,5,0,2,0,94" ten="299,361,73,267" oya="1" hai0="56,129,59,106,133,65,74,108,50,107,71,91,11" hai1="97,76,2,120,9,47,111,45,53,118,84,57,99" hai2="5,48,13,86,31,87,70,69,134,43,16,79,95" hai3="75,89,80,17,7,88,85,93,103,117,105,29,23"/><U20/><E120/><V54/><F5/><W123/><G123/><T124/><D74/><U78/><E118/><V6/><F6/><W8/><G117/><T27/><D108/><U67/><E111/><V21/><F31/><W122/><G122/><T115/><D27/><U63/><E2/><V135/><F43/><W46/><G29/><T119/><D11/><U10/><E20/><V3/><F3/><W64/><G64/><T60/><D91/><U36/><E36/><V0/><F0/><W90/><G46/><N who="1" m="17418" /><E53/><V101/><F79/><N who="1" m="30249" /><E84/><N who="2" m="32299" /><F95/><W62/><G75/><T83/><D71/><U72/><E72/><V34/><F101/><W1/><G105/><T130/><D106/><U100/><E100/><V52/><F34/><W128/><G103/><T33/><D107/><U132/><E132/><N who="2" m="50731" /><F54/><W4/><G93/><T98/><D133/><U44/><E44/><AGARI ba="5,0" hai="13,16,21,44,48,52,69,70" m="50731,32299" machi="44" ten="30,3900,0" yaku="20,1,54,2" doraHai="94" who="2" fromWho="1" sc="299,0,361,-54,73,54,267,0" /><INIT seed="6,0,0,5,2,60" ten="299,307,127,267" oya="2" hai0="134,113,9,89,85,117,95,25,108,21,56,101,30" hai1="46,128,62,122,78,87,69,74,52,81,124,1,66" hai2="105,116,99,54,28,17,55,32,73,70,13,65,50" hai3="42,83,88,6,2,130,96,18,0,7,129,76,120"/><V121/><F73/><W22/><G120/><T84/><D108/><U106/><E1/><V67/><F116/><W82/><G42/><T19/><D134/><U133/><E106/><V8/><F70/><W104/><G2/><T39/><D39/><U48/><E122/><V51/><F121/><W111/><G111/><T4/><D113/><U103/><E103/><V49/><F105/><W61/><G61/><T71/><D71/><U33/><E33/><V31/><F32/><W92/><G104/><T20/><D101/><U63/><E133/><V79/><F99/><W132/><G132/><T10/><D4/><N who="3" m="1577" /><G76/><T27/><D117/><U119/><E119/><V45/><F79/><W131/><G0/><T24/><D24/><AGARI ba="0,0" hai="18,22,24,82,83,88,92,96,129,130,131" m="1577" machi="24" ten="30,2000,0" yaku="19,1,54,1" doraHai="60" who="3" fromWho="0" sc="299,-20,307,0,127,0,267,20" /><INIT seed="7,0,0,4,3,118" ten="279,307,127,287" oya="3" hai0="87,99,116,67,1,104,14,88,111,49,125,27,98" hai1="4,18,78,25,84,23,37,77,108,24,9,29,8" hai2="83,131,95,76,55,68,12,6,28,17,21,62,32" hai3="72,52,36,20,33,54,93,56,130,80,132,103,133"/><W51/><G33/><T86/><D116/><U113/><E37/><V61/><F131/><W97/><G130/><T101/><D111/><U48/><E108/><V75/><F68/><W43/><G43/><T96/><D1/><U90/><E113/><V82/><F83/><W59/><G36/><T16/><D67/><U129/><E129/><V42/><F42/><W2/><G2/><T40/><D27/><N who="1" m="14839" /><E48/><V89/><F55/><W60/><REACH who="3" step="1"/><G20/><REACH who="3" ten="279,307,127,277" step="2"/><T119/><D119/><U7/><E8/><V38/><F38/><W53/><G53/><T41/><D125/><U114/><E9/><V115/><F115/><W30/><G30/><T124/><D124/><U47/><E114/><V106/><F106/><W3/><G3/><T22/><D41/><U110/><E29/><V107/><F107/><W109/><G109/><T122/><D122/><U65/><E110/><V66/><F6/><W69/><G69/><T45/><D87/><U128/><E7/><V79/><F79/><AGARI ba="0,1" hai="51,52,54,56,59,60,72,79,80,93,97,103,132,133" machi="79" ten="40,3900,0" yaku="1,1,54,1,53,0" doraHai="118" doraHaiUra="100" who="3" fromWho="2" sc="279,0,307,0,127,-39,277,49" owari="279,-12.0,307,11.0,88,-41.0,326,42.0" /></mjloggm>