<mjloggm ver="2.3"><GO type="41"/><UN n0="%79%61%73%75%63%79%75" n1="%E5%B7%A3%E4%BD%9C%E3%82%8A%E3%83%89%E3%83%A9%E3%82%B4%E3%83%B3" n2="%E4%BB%8A%E6%97%A5%E4%B8%80" n3="%EF%BC%88%E2%89%A7%E2%96%BD%E2%89%A6%EF%BC%89" dan="14,15,15,15" rate="1955,2036,2036,2021" sx="M,M,M,M"/><TAIKYOKU oya="0"/><INIT seed="0,0,0,3,0,78" ten="250,250,250,250" oya="0" hai0="27,42,26,119,28,40,9,3,121,108,32,34,50" hai1="118,133,76,117,37,53,31,41,30,79,92,87,4" hai2="101,88,6,44,36,10,57,97,98,25,55,89,107" hai3="115,29,77,113,0,131,1,14,104,84,24,110,62"/><T80/><D121/><U81/><E133/><V105/><F25/><W45/><G104/><T125/><D119/><U83/><E4/><V5/><F36/><W52/><G131/><T7/><D125/><U2/><E2/><V58/><F44/><W19/><G110/><T100/><D100/><U46/><E53/><V82/><F55/><W38/><G38/><T59/><D108/><U21/><E92/><V91/><F82/><N who="3" m="47183" /><G0/><T72/><D72/><U18/><E118/><V47/><F47/><W120/><G1/><T132/><D132/><U116/><E117/><V17/><F17/><W16/><G120/><T75/><D59/><N who="2" m="22538" /><F10/><N who="3" m="6231" /><G115/><T134/><D50/><U61/><E61/><V11/><F11/><W130/><G130/><T129/><D134/><U39/><E116/><V126/><F126/><W12/><G113/><T54/><D54/><U67/><E67/><V13/><F13/><W49/><G62/><T90/><D75/><U111/><E111/><V51/><F51/><W63/><G63/><T112/><D112/><U73/><REACH who="1" step="1"/><E37/><REACH who="1" ten="250,240,250,250" step="2"/><V95/><F95/><W60/><G60/><T65/><D65/><U135/><E135/><V23/><F105/><W71/><G71/><T106/><D106/><U8/><E8/><V85/><F107/><W86/><G52/><T69/><D69/><U43/><E43/><V48/><F5/><W20/><G49/><T15/><D129/><U99/><E99/><V93/><F48/><W103/><G45/><T35/><D3/><U122/><E122/><V74/><F6/><W94/><G94/><T124/><D124/><U109/><E109/><RYUUKYOKU ba="0,1" sc="250,-10,240,30,250,-10,250,-10" hai1="18,21,30,31,39,41,46,73,76,79,81,83,87" /><INIT seed="1,1,1,3,0,102" ten="240,270,240,240" oya="1" hai0="105,122,27,88,6,80,99,67,124,112,56,77,135" hai1="82,118,51,71,85,133,37,116,33,63,48,10,1" hai2="57,114,29,90,2,55,8,111,14,125,61,21,75" hai3="46,97,72,113,9,34,92,25,4,24,65,68,74"/><U94/><E33/><V0/><F111/><W89/><G113/><T19/><D112/><U36/><E133/><V73/><F114/><W16/><G46/><T126/><D6/><U50/><E94/><V62/><F125/><N who="0" m="48234" /><D135/><U35/><E35/><V101/><F62/><W54/><G54/><T109/><D109/><U123/><E123/><V3/><F101/><W60/><G25/><T39/><D39/><U78/><E1/><V49/><F29/><W30/><REACH who="3" step="1"/><G16/><REACH who="3" ten="240,270,240,230" step="2"/><T69/><D122/><U128/><E116/><V22/><F22/><W5/><G5/><T53/><D19/><U100/><E118/><V38/><F21/><W23/><G23/><T11/><D27/><U15/><E37/><V31/><F38/><W17/><G17/><T130/><D11/><U42/><E36/><V66/><F31/><W132/><G132/><T131/><D67/><U44/><E10/><V95/><F8/><W41/><G41/><T98/><D69/><U129/><E44/><V7/><F7/><W103/><G103/><N who="0" m="62711" /><D53/><U70/><E100/><V40/><F40/><W106/><G106/><T121/><D56/><U52/><E42/><V115/><F115/><W43/><G43/><T104/><D121/><U91/><E128/><V45/><F45/><W64/><G64/><T28/><D104/><U20/><E129/><V108/><F108/><W119/><G119/><T134/><D28/><U59/><E20/><V81/><F55/><W87/><G87/><N who="0" m="48527" /><D134/><U76/><E15/><AGARI ba="1,2" hai="4,9,15,24,30,34,60,65,68,72,74,89,92,97" machi="15" ten="30,3900,0" yaku="1,1,7,1,53,1" doraHai="102" doraHaiUra="26" who="3" fromWho="1" sc="240,0,270,-42,240,0,230,62" /><INIT seed="2,0,0,3,0,71" ten="240,228,240,292" oya="2" hai0="10,111,21,109,77,51,18,93,15,25,62,90,76" hai1="91,3,83,130,6,107,132,134,9,22,7,135,32" hai2="73,100,44,13,8,69,31,108,106,95,97,63,2" hai3="89,61,26,43,112,11,133,14,94,53,128,65,37"/><V29/><F2/><W96/><G112/><T57/><D51/><U118/><E107/><V126/><F73/><W60/><G128/><T113/><D113/><U79/><E118/><V114/><F114/><W92/><G133/><T19/><D111/><U16/><E130/><V80/><F126/><W50/><G26/><T64/><D109/><U117/><E117/><V104/><F108/><W84/><G65/><T66/><D66/><U38/><E32/><V115/><F115/><W67/><G67/><T101/><D101/><U110/><E110/><V88/><F69/><W105/><G105/><T48/><D48/><U59/><E7/><V49/><F63/><W36/><G43/><T1/><D1/><U28/><E59/><V75/><F106/><W122/><G122/><T72/><D72/><N who="1" m="43495" /><E91/><V30/><F75/><W35/><G35/><T45/><D45/><U125/><E28/><V99/><F80/><W68/><G68/><T58/><D57/><U98/><E98/><AGARI ba="0,0" hai="10,15,18,19,21,25,58,62,64,76,77,90,93,98" machi="98" ten="30,2000,0" yaku="7,1,8,1" doraHai="71" who="0" fromWho="1" sc="240,20,228,-20,240,0,292,0" /><INIT seed="3,0,0,2,2,22" ten="260,208,240,292" oya="3" hai0="75,19,6,51,121,101,131,17,63,39,32,25,119" hai1="68,12,84,57,109,0,29,102,43,11,97,80,40" hai2="88,105,66,42,110,44,117,118,16,65,58,14,49" hai3="50,92,76,85,36,133,129,123,41,52,33,98,82"/><W48/><G123/><T5/><D119/><U24/><E68/><V126/><F105/><W67/><G133/><T130/><D39/><U124/><E0/><V1/><F1/><W134/><G134/><T104/><D75/><U54/><E109/><V106/><F110/><W31/><G129/><N who="0" m="49163" /><D121/><U77/><E124/><V93/><F106/><W72/><G67/><T23/><D32/><U114/><E114/><V59/><F126/><W47/><G72/><T120/><D120/><U103/><E12/><V38/><F66/><W7/><G7/><N who="0" m="2571" /><D51/><U34/><E11/><V61/><F38/><W53/><G48/><T94/><D63/><U30/><E30/><V15/><F15/><W26/><REACH who="3" step="1"/><G36/><REACH who="3" ten="260,208,240,282" step="2"/><T132/><D132/><U71/><E71/><V127/><F127/><W86/><G86/><T56/><D56/><U73/><E73/><V128/><F128/><W89/><AGARI ba="0,1" hai="26,31,33,41,47,50,52,53,76,82,85,89,92,98" machi="89" ten="20,18000,2" yaku="1,1,0,1,7,1,52,1,54,1,53,1" doraHai="22" doraHaiUra="91" who="3" fromWho="3" sc="260,-60,208,-60,240,-60,282,190" /><INIT seed="3,1,0,5,0,57" ten="200,148,180,472" oya="3" hai0="1,58,20,63,123,30,94,131,79,10,107,114,37" hai1="3,2,105,112,74,26,89,120,29,108,71,119,64" hai2="16,38,40,54,5,101,50,73,31,116,99,15,130" hai3="111,44,55,82,53,132,25,122,69,39,14,61,86"/><W13/><G122/><T87/><D123/><U28/><E120/><V21/><F116/><W127/><G39/><T60/><D107/><U12/><E112/><V109/><F73/><W65/><G132/><T93/><D37/><U67/><E119/><V68/><F130/><W34/><G127/><T7/><D131/><U48/><E74/><V115/><F109/><W77/><G111/><T100/><D114/><U42/><E108/><V76/><F76/><W133/><G133/><T59/><D100/><U83/><E105/><V32/><F68/><W104/><G104/><T113/><D113/><U117/><E12/><V23/><F115/><W97/><G97/><T35/><D35/><U66/><E71/><V80/><F80/><W129/><G129/><T102/><D102/><U6/><E117/><V90/><F90/><W110/><G110/><T0/><D0/><U62/><E6/><V36/><F5/><W103/><G103/><T124/><D79/><U56/><E2/><V8/><F40/><W128/><G128/><T24/><D87/><N who="1" m="50431" /><E3/><V84/><F84/><W33/><G33/><T125/><D94/><U9/><E9/><V72/><F8/><W11/><G11/><T85/><D85/><U46/><E26/><N who="2" m="16847" /><F72/><W91/><G77/><T134/><D93/><U4/><E4/><V98/><F98/><W45/><G34/><T43/><D43/><U49/><E49/><V51/><F32/><W17/><G25/><T75/><D75/><U135/><E135/><V88/><F50/><N who="3" m="28871" /><G17/><T27/><D27/><U92/><E92/><N who="2" m="56711" /><F101/><W18/><G86/><T70/><D134/><RYUUKYOKU ba="1,0" sc="200,-15,148,15,180,15,472,-15" hai1="28,29,42,46,48,56,62,64,66,67" hai2="15,16,23,36,38,51,54" /><INIT seed="4,2,0,3,5,39" ten="185,163,195,457" oya="0" hai0="1,73,8,129,24,21,105,98,70,75,88,27,123" hai1="103,38,113,128,76,13,71,37,87,130,35,108,22" hai2="107,100,20,16,83,82,32,56,80,122,12,124,114" hai3="26,134,14,97,18,17,41,112,64,132,4,61,77"/><T121/><D70/><U11/><E35/><V57/><F122/><W89/><G112/><T9/><D129/><N who="1" m="49771" /><E108/><V65/><F32/><W93/><G77/><T74/><D27/><U36/><E113/><V66/><F114/><W102/><G89/><T2/><D105/><U135/><E71/><V92/><F107/><W84/><G84/><T28/><D8/><U53/><E103/><V78/><F78/><W110/><G110/><T48/><D48/><U94/><E53/><V44/><F44/><W69/><G41/><T29/><D29/><U34/><E34/><V104/><F124/><W125/><G125/><T54/><D54/><U126/><E126/><V81/><F104/><W49/><G49/><T106/><D9/><U6/><E22/><V31/><F31/><W52/><G52/><T60/><D60/><U25/><E25/><V7/><N who="2" m="20992" /><DORA hai="96" /><V131/><F7/><W58/><G69/><T119/><D119/><U90/><E76/><V46/><F46/><W133/><G26/><T120/><REACH who="0" step="1"/><D88/><REACH who="0" ten="175,163,195,457" step="2"/><N who="1" m="53535" /><E135/><V40/><F131/><W127/><G127/><T3/><D3/><U42/><E90/><V33/><F33/><W5/><G133/><T47/><D47/><AGARI ba="2,1" hai="6,11,13,36,37,38,42,47" m="53535,49771" machi="47" ten="30,3900,0" yaku="19,1,52,1,54,1" doraHai="39,96" who="1" fromWho="0" sc="175,-45,163,55,195,0,457,0" /><INIT seed="5,0,0,1,3,23" ten="130,218,195,457" oya="1" hai0="87,116,56,25,97,115,105,73,69,15,121,17,67" hai1="13,31,128,124,46,60,99,103,94,127,20,91,45" hai2="109,6,100,80,57,52,85,107,43,27,61,83,111" hai3="130,70,19,77,114,34,9,125,37,112,88,33,2"/><U92/><E128/><V65/><F6/><N who="3" m="1239" /><G37/><T86/><D116/><U84/><E60/><V12/><F12/><W101/><G70/><T48/><D73/><U135/><E135/><V75/><F43/><W44/><G125/><N who="1" m="48202" /><E13/><V62/><F107/><W39/><G130/><T14/><D121/><U95/><E95/><V21/><F100/><W54/><G101/><T76/><D115/><N who="3" m="44073" /><G77/><T108/><D108/><U118/><E118/><V90/><F80/><W122/><G122/><T64/><D69/><U24/><AGARI ba="0,0" hai="20,24,31,45,46,84,91,92,94,99,103" m="48202" machi="24" ten="30,3000,0" yaku="18,1,52,1" doraHai="23" who="1" fromWho="1" sc="130,-10,218,30,195,-10,457,-10" /><INIT seed="5,1,0,1,1,1" ten="120,248,185,447" oya="1" hai0="82,94,65,26,101,85,28,0,62,42,7,27,73" hai1="134,79,17,122,2,13,36,39,124,112,47,35,52" hai2="31,50,123,135,88,57,106,78,119,34,9,11,20" hai3="96,40,21,63,130,77,49,108,51,33,64,41,66"/><U97/><E122/><V117/><F123/><W105/><G33/><T14/><D73/><U29/><E2/><V81/><F106/><W61/><G108/><T99/><D0/><U132/><E79/><V113/><F34/><W83/><G130/><T23/><D42/><N who="3" m="16489" /><G105/><T3/><D3/><U111/><E112/><V70/><F70/><W8/><G96/><T18/><D27/><N who="1" m="18879" /><E97/><V118/><F113/><W59/><G8/><T32/><D85/><U110/><E124/><V87/><F78/><W75/><G75/><T92/><D92/><U126/><E126/><V114/><F114/><W107/><G107/><T127/><D127/><U98/><E98/><V60/><F50/><N who="3" m="18955" /><G21/><T89/><D82/><U46/><E52/><V44/><F44/><N who="1" m="16937" /><E13/><V80/><F80/><W120/><G120/><T54/><D54/><U86/><E17/><V25/><REACH who="2" step="1"/><F135/><REACH who="2" ten="120,248,175,447" step="2"/><W5/><G77/><T90/><REACH who="0" step="1"/><D7/><REACH who="0" ten="110,248,175,447" step="2"/><U6/><E134/><V16/><F16/><W133/><G5/><T55/><D55/><AGARI ba="1,2" hai="9,11,20,25,31,55,57,60,81,87,88,117,118,119" machi="55" ten="40,2600,0" yaku="1,1,54,1,53,0" doraHai="1" doraHaiUra="45" who="2" fromWho="0" sc="110,-29,248,0,175,49,447,0" /><INIT seed="6,0,0,0,2,93" ten="81,248,224,447" oya="2" hai0="77,126,129,45,29,94,11,112,4,73,79,6,65" hai1="51,13,39,130,122,33,28,55,102,81,84,48,10" hai2="69,61,50,95,67,88,105,31,35,110,72,56,40" hai3="16,12,82,23,26,41,57,7,92,59,113,22,78"/><V52/><F105/><W19/><G113/><T133/><D112/><U124/><E39/><V86/><F72/><W9/><G41/><T116/><D116/><U85/><E130/><V17/><F110/><W42/><G92/><T121/><D129/><U34/><E124/><V106/><F106/><W21/><G42/><T25/><D126/><U27/><E34/><V120/><F120/><W76/><G22/><T83/><D121/><U99/><E122/><V117/><F117/><W38/><G38/><T125/><D133/><U75/><E75/><V91/><F40/><W2/><G78/><T98/><D125/><U60/><E60/><V49/><F91/><W44/><G44/><T90/><D79/><U87/><E81/><V127/><F127/><W15/><G2/><T68/><D45/><U14/><E55/><V63/><REACH who="2" step="1"/><F17/><REACH who="2" ten="81,248,214,447" step="2"/><W119/><G119/><T89/><D89/><U62/><E62/><V53/><F53/><W108/><G108/><T64/><D68/><U8/><E51/><V115/><F115/><W54/><G54/><T66/><REACH who="0" step="1"/><D11/><REACH who="0" ten="71,248,214,447" step="2"/><U58/><E8/><V1/><F1/><W104/><G104/><T134/><D134/><U47/><E10/><V100/><F100/><W74/><AGARI ba="0,2" hai="7,9,12,15,16,19,21,23,26,57,59,74,76,82" machi="74" ten="20,2700,0" yaku="0,1,7,1,54,1" doraHai="93" who="3" fromWho="3" sc="71,-7,248,-7,214,-13,447,47" /><INIT seed="7,0,0,1,1,27" ten="64,241,201,494" oya="3" hai0="95,45,33,15,131,38,43,8,10,94,120,130,102" hai1="66,21,118,29,23,49,89,35,9,69,71,117,5" hai2="80,101,107,114,7,65,78,74,64,4,42,110,134" hai3="13,92,36,34,124,83,116,122,79,24,47,96,99"/><W48/><G13/><T70/><D70/><U82/><E49/><V76/><F110/><W59/><G92/><T16/><D120/><U113/><E89/><V22/><F134/><W17/><G83/><T97/><D33/><U109/><E82/><V85/><F114/><W112/><G96/><T132/><D132/><U98/><E66/><V135/><F135/><W19/><G99/><T6/><D131/><U52/><E98/><V75/><F101/><W111/><G79/><T28/><D28/><U55/><E29/><V90/><F107/><W126/><G48/><T93/><REACH who="0" step="1"/><D130/><REACH who="0" ten="54,241,201,494" step="2"/><U54/><E117/><V119/><F119/><W25/><G122/><T56/><D56/><U2/><E71/><V86/><F75/><W84/><G59/><T123/><D123/><U91/><E35/><V62/><F74/><W106/><G34/><T0/><AGARI ba="0,1" hai="0,6,8,10,15,16,38,43,45,93,94,95,97,102" machi="0" ten="20,5200,0" yaku="1,1,0,1,7,1,54,1,53,0" doraHai="27" doraHaiUra="26" who="0" fromWho="0" sc="54,62,241,-13,201,-13,494,-26" owari="116,-38.0,228,3.0,188,-21.0,468,56.0" /></mjloggm>