<mjloggm ver="2.3"><GO type="169"/><UN n0="%E3%83%A4%E3%82%AD%E3%83%B3" n1="%E3%83%87%E3%82%B8%E3%82%BF%E3%83%AB%E4%BB%99%E4%BA%BA" n2="%EF%BC%88%E2%89%A7%E2%96%BD%E2%89%A6%EF%BC%89" n3="%52%65%4D%61%72%69%6D%6F" dan="16,16,16,17" rate="2075,2118,2076,2042" sx="M,F,M,M"/><TAIKYOKU oya="0"/><INIT seed="0,0,0,2,2,132" ten="250,250,250,250" oya="0" hai0="83,133,20,135,93,74,25,59,58,105,34,69,116" hai1="32,52,23,8,130,125,87,63,47,126,13,60,124" hai2="101,10,113,11,73,122,3,99,27,92,55,16,80" hai3="110,0,50,21,115,70,39,71,98,42,15,44,123"/><T24/><D105/><U61/><E32/><V45/><F122/><W30/><G115/><T49/><D116/><U33/><E33/><V88/><F113/><W82/><G0/><T112/><D112/><U26/><E87/><N who="2" m="50279" /><F73/><W84/><G110/><T75/><D69/><U64/><E130/><V17/><F3/><W77/><G123/><T85/><D93/><U5/><E47/><V28/><F28/><W127/><G127/><T129/><D34/><U106/><E106/><V91/><F101/><W35/><G35/><T81/><D129/><U109/><E109/><V37/><F37/><W57/><G98/><T118/><D118/><U120/><E120/><V72/><F72/><W62/><G39/><T134/><D25/><U90/><E90/><V48/><F27/><W117/><G117/><T66/><D83/><U53/><E64/><V96/><F96/><W65/><G30/><AGARI ba="0,0" hai="5,8,13,23,26,30,52,53,60,61,63,124,125,126" machi="30" ten="50,8000,1" yaku="18,1,52,3,54,1" doraHai="132" who="1" fromWho="3" sc="250,0,250,80,250,0,250,-80" /><INIT seed="1,0,0,1,1,68" ten="250,330,250,170" oya="1" hai0="118,55,97,63,77,121,23,112,95,12,92,49,84" hai1="122,20,67,114,129,30,24,125,43,120,7,48,94" hai2="19,62,69,83,101,127,108,46,86,58,90,105,71" hai3="104,38,60,89,116,42,53,9,52,59,33,45,37"/><U78/><E114/><V72/><F127/><W106/><G33/><T110/><D112/><U28/><E125/><V103/><F108/><W32/><G32/><T117/><D110/><U128/><E67/><V115/><F115/><W102/><G116/><T8/><D121/><U135/><E78/><V57/><F72/><W74/><G74/><T51/><D23/><U93/><E7/><V76/><F71/><W87/><G106/><T132/><D132/><U41/><E48/><V124/><F124/><W65/><G104/><T79/><D63/><U47/><E47/><V98/><F103/><W3/><G102/><T35/><D35/><U15/><E15/><V14/><F76/><W16/><G37/><T6/><D51/><U111/><E20/><V85/><F85/><W56/><G56/><T82/><D79/><U17/><E17/><V10/><REACH who="2" step="1"/><F46/><REACH who="2" ten="250,330,240,170" step="2"/><W39/><G39/><T131/><D118/><U26/><E111/><V2/><F2/><W75/><G75/><T99/><D117/><U130/><E129/><V36/><F36/><W1/><G1/><T96/><D131/><U31/><E30/><V11/><F11/><W113/><G113/><T81/><D82/><U18/><E18/><V54/><F54/><W107/><G3/><T64/><D64/><AGARI ba="0,1" hai="10,14,19,57,58,62,64,69,83,86,90,98,101,105" machi="64" ten="40,2600,0" yaku="1,1,53,1" doraHai="68" doraHaiUra="13" who="2" fromWho="0" sc="250,-26,330,0,240,36,170,0" /><INIT seed="2,0,0,2,2,123" ten="224,330,276,170" oya="2" hai0="46,35,126,63,77,40,31,84,85,134,117,13,42" hai1="115,95,67,104,130,88,56,49,33,58,59,50,2" hai2="98,45,11,133,39,44,34,114,3,60,100,72,65" hai3="73,124,80,51,120,94,99,106,57,6,28,23,105"/><V8/><F114/><W37/><G120/><T87/><D117/><U71/><E104/><V89/><F133/><W12/><G37/><T119/><D119/><U48/><E33/><V107/><F72/><W54/><G124/><T55/><D126/><U26/><E2/><V108/><F108/><W61/><G106/><T118/><D118/><U102/><E115/><V78/><F78/><W41/><G105/><T129/><D35/><U113/><E113/><V128/><F128/><W16/><G73/><T38/><D31/><U25/><E102/><V92/><F34/><W47/><G80/><T68/><D42/><U96/><E130/><V19/><F39/><W64/><G6/><T43/><D43/><U97/><E97/><V21/><F8/><W29/><REACH who="3" step="1"/><G41/><REACH who="3" ten="224,330,276,160" step="2"/><T76/><D40/><U32/><E32/><V121/><F121/><W14/><G14/><T15/><D13/><U24/><E71/><V90/><F3/><W93/><G93/><T122/><D15/><U127/><E127/><V30/><F107/><W9/><G9/><T20/><D68/><U10/><E10/><V74/><F11/><W81/><G81/><T83/><D83/><U125/><E125/><V5/><F74/><W0/><G0/><T66/><D38/><U53/><REACH who="1" step="1"/><E67/><REACH who="1" ten="224,320,276,160" step="2"/><V112/><F112/><W116/><G116/><T27/><D66/><U131/><E131/><V75/><F65/><W103/><AGARI ba="0,2" hai="12,16,23,28,29,47,51,54,57,61,64,94,99,103" machi="103" ten="20,8000,1" yaku="1,1,0,1,7,1,8,1,54,1,53,0" doraHai="123" doraHaiUra="135" who="3" fromWho="3" sc="224,-20,320,-20,276,-40,160,100" /><INIT seed="3,0,0,4,2,13" ten="204,300,236,260" oya="3" hai0="98,4,5,102,32,3,36,105,122,0,40,39,51" hai1="71,46,54,63,135,41,120,76,61,92,42,94,18" hai2="75,88,115,21,124,130,24,78,81,108,119,62,60" hai3="30,134,38,69,104,44,90,29,65,121,84,109,43"/><W114/><G114/><T33/><D51/><U17/><E120/><V58/><F115/><W26/><G121/><T50/><D50/><N who="1" m="29015" /><E71/><V95/><F119/><W126/><G134/><T48/><D48/><U7/><E135/><V113/><F113/><W20/><G126/><T31/><D122/><U49/><E7/><V80/><F130/><W83/><G104/><T55/><D55/><U125/><E125/><V1/><F1/><W22/><G109/><T82/><D82/><U128/><E128/><V6/><F6/><W96/><G96/><T47/><D39/><U99/><E76/><V91/><F124/><W35/><REACH who="3" step="1"/><G30/><REACH who="3" ten="204,300,236,250" step="2"/><T16/><D31/><U131/><E131/><V127/><F127/><W132/><G132/><T9/><REACH who="0" step="1"/><D16/><REACH who="0" ten="194,300,236,250" step="2"/><U52/><E18/><V97/><F108/><W53/><G53/><T118/><D118/><U12/><E42/><V68/><F62/><AGARI ba="0,2" hai="20,22,26,29,35,38,43,44,62,65,69,83,84,90" machi="62" ten="40,3900,0" yaku="1,1,53,1" doraHai="13" doraHaiUra="86" who="3" fromWho="2" sc="194,0,300,0,236,-39,250,59" /><INIT seed="3,1,0,1,0,109" ten="194,300,197,309" oya="3" hai0="27,98,54,75,107,14,10,30,5,131,44,99,121" hai1="50,130,129,67,58,32,105,92,56,125,78,8,2" hai2="103,100,11,94,61,116,82,87,110,0,72,28,80" hai3="31,127,33,86,38,60,118,79,126,7,22,57,93"/><W40/><G118/><T17/><D121/><U16/><E32/><V39/><F110/><W59/><G33/><T36/><D75/><U120/><E105/><V24/><F116/><W134/><G7/><T69/><D69/><U52/><E120/><V47/><F61/><W21/><G134/><T20/><D131/><N who="1" m="50187" /><E125/><N who="3" m="47626" /><G40/><T132/><D132/><U112/><E78/><V23/><F94/><W64/><G38/><T49/><D36/><U66/><E92/><V13/><F0/><W34/><G59/><T45/><D107/><U65/><E112/><V19/><F72/><W63/><G63/><T106/><D106/><U73/><E73/><V9/><F9/><W111/><G111/><T48/><REACH who="0" step="1"/><D5/><REACH who="0" ten="184,300,197,309" step="2"/><N who="1" m="1079" /><E16/><V3/><F39/><W128/><G128/><T115/><D115/><U46/><AGARI ba="1,1" hai="46,50,52,56,58,65,66,67" m="1079,50187" machi="46" ten="30,2000,0" yaku="19,1,54,1" doraHai="109" who="1" fromWho="1" sc="184,-6,300,33,197,-6,309,-11" /><INIT seed="4,0,0,1,4,69" ten="178,333,191,298" oya="0" hai0="6,36,82,87,29,24,127,66,33,46,70,72,129" hai1="53,112,109,2,30,31,108,75,93,28,90,83,79" hai2="62,131,57,45,84,115,8,105,56,9,119,52,86" hai3="125,20,59,63,25,99,40,21,37,121,103,61,44"/><T98/><D72/><U26/><E2/><V0/><F105/><W122/><G125/><T85/><D6/><U132/><E132/><V130/><F119/><W106/><G21/><T102/><D127/><U101/><E101/><V55/><F115/><W67/><REACH who="3" step="1"/><G63/><REACH who="3" ten="178,333,191,288" step="2"/><N who="0" m="40287" /><D129/><U92/><E112/><V3/><F45/><W39/><G39/><T17/><D46/><U96/><E109/><V47/><F47/><W134/><G134/><T27/><D36/><U91/><E108/><V13/><REACH who="2" step="1"/><F62/><REACH who="2" ten="178,333,181,288" step="2"/><W118/><G118/><T12/><D33/><U5/><E75/><V126/><F126/><W111/><G111/><T113/><D113/><U60/><E60/><V71/><F71/><W16/><AGARI ba="0,2" hai="16,20,25,37,40,44,59,61,67,99,103,106,121,122" machi="16" ten="30,7900,0" yaku="1,1,0,1,52,1,54,1,53,0" doraHai="69" doraHaiUra="128" who="3" fromWho="3" sc="178,-39,333,-20,181,-20,288,99" /><INIT seed="5,0,0,5,3,111" ten="139,313,161,387" oya="1" hai0="133,22,38,61,17,93,110,127,51,119,90,123,95" hai1="2,135,96,11,116,129,12,73,31,7,19,24,6" hai2="83,37,29,88,14,4,44,100,33,120,126,42,113" hai3="66,26,52,20,99,121,107,84,105,117,59,130,103"/><U106/><E106/><V8/><F120/><W104/><G121/><T112/><D38/><U122/><E122/><V69/><F69/><W72/><G72/><T62/><D123/><U50/><E73/><V108/><F108/><W76/><G130/><T71/><D110/><U5/><E96/><V132/><F132/><W43/><G43/><T10/><D119/><U64/><E116/><V40/><F126/><W68/><G117/><T57/><D127/><U63/><E129/><V47/><F100/><W1/><G1/><T49/><D133/><U55/><E135/><V15/><F33/><W58/><G68/><T98/><D10/><U74/><E74/><V101/><F29/><W65/><G59/><T87/><D71/><U9/><E63/><V28/><F28/><W35/><G35/><T25/><D112/><U102/><E102/><V134/><F101/><W118/><G118/><T75/><D75/><U39/><E64/><V48/><F134/><W13/><G13/><T82/><D95/><U131/><E39/><V114/><REACH who="2" step="1"/><F15/><REACH who="2" ten="139,313,151,387" step="2"/><W32/><G32/><T115/><D115/><U54/><E131/><V81/><F81/><W23/><G107/><T46/><D46/><U92/><E31/><V128/><F128/><W109/><G109/><T86/><D86/><AGARI ba="0,1" hai="4,8,14,37,40,42,44,47,48,83,86,88,113,114" machi="86" ten="40,8000,1" yaku="1,1,52,2,54,1,53,0" doraHai="111" doraHaiUra="21" who="2" fromWho="0" sc="139,-80,313,0,151,90,387,0" /><INIT seed="6,0,0,2,4,106" ten="59,313,241,387" oya="2" hai0="129,32,87,80,28,10,52,130,123,22,38,74,36" hai1="15,68,41,78,90,47,77,112,109,121,50,107,31" hai2="58,97,131,105,13,71,37,125,29,126,19,7,82" hai3="83,26,122,75,3,42,49,30,69,46,92,23,113"/><V99/><F71/><W133/><G122/><T20/><D123/><U94/><E121/><V62/><F37/><W60/><G133/><T14/><D32/><U21/><E107/><V104/><F7/><W96/><G3/><T76/><D38/><U0/><E0/><V51/><F131/><N who="0" m="50186" /><D36/><U120/><E68/><V135/><F135/><W40/><G113/><T116/><D116/><U73/><E73/><V101/><F29/><W102/><G69/><T12/><D87/><U127/><E120/><V27/><F27/><W66/><G66/><T43/><D43/><U57/><E127/><N who="2" m="48651" /><F51/><W95/><G60/><T25/><D22/><U61/><E112/><V88/><F82/><W115/><G115/><T119/><D119/><U63/><E109/><V84/><F99/><W1/><G1/><T111/><D111/><U65/><E63/><V117/><F117/><W110/><G110/><T5/><D14/><U93/><E93/><N who="2" m="56487" /><F84/><W64/><G42/><T118/><D118/><U86/><REACH who="1" step="1"/><E15/><REACH who="1" ten="59,303,241,387" step="2"/><V24/><F101/><W45/><G95/><T34/><D34/><U56/><E56/><V17/><F13/><W67/><G46/><T55/><AGARI ba="0,1" hai="5,10,12,20,25,28,52,55,74,76,80" m="50186" machi="55" ten="30,4000,0" yaku="19,1,52,1,54,1" doraHai="106" who="0" fromWho="0" sc="59,50,303,-10,241,-20,387,-10" /><INIT seed="7,0,0,3,3,8" ten="109,293,221,377" oya="3" hai0="25,50,43,55,81,76,28,103,75,107,1,47,88" hai1="100,41,105,57,118,134,4,98,110,33,113,26,112" hai2="104,36,101,125,32,65,15,3,116,84,120,79,106" hai3="60,87,123,83,131,49,20,72,80,69,40,121,56"/><W86/><G72/><T85/><D1/><U45/><E110/><V78/><F36/><W114/><G114/><N who="1" m="44138" /><E134/><V132/><F32/><W37/><G37/><T35/><D107/><U111/><E111/><V97/><F3/><W14/><G131/><T70/><D103/><U117/><E57/><V77/><F116/><N who="1" m="44649" /><E4/><V19/><F120/><W54/><G123/><T66/><D70/><U135/><E135/><V99/><F132/><W39/><G121/><T58/><D66/><U67/><E67/><V92/><F125/><W42/><G39/><T9/><D9/><U109/><E109/><V126/><F126/><W44/><G69/><T10/><D10/><U16/><E33/><V22/><F65/><W82/><G42/><T95/><D58/><U17/><E26/><V68/><F68/><W53/><G53/><T96/><D75/><U13/><E13/><V12/><F84/><W102/><G102/><T127/><D127/><U29/><E29/><V119/><F119/><W90/><G90/><T130/><D130/><U108/><E108/><V0/><F0/><W129/><G129/><T30/><D35/><U89/><E89/><V124/><F124/><W133/><G133/><T18/><D25/><U59/><E59/><V63/><F104/><W46/><G46/><T38/><D38/><AGARI ba="0,0" hai="16,17,38,41,45,98,100,105" m="44649,44138" machi="38" ten="30,3900,0" yaku="15,1,12,1,54,1" doraHai="8" who="1" fromWho="0" sc="109,-39,293,39,221,0,377,0" owari="70,-43.0,332,13.0,221,-18.0,377,48.0" /></mjloggm>