<mjloggm ver="2.3"><GO type="41"/><UN n0="%E3%83%AC%E3%83%87%E3%82%A3%E3%82%A2" n1="%62%6C%61%63%6B%6D%61%78" n2="%E3%83%AA%E3%83%97%E3%83%88%E3%83%B3%EF%BC%95%EF%BC%90%EF%BC%90" n3="%E3%82%A6%E3%83%AB%E3%83%88%E3%83%A9%E7%AB%8B%E7%9B%B4" dan="14,14,14,15" rate="1960,1918,2021,2007" sx="M,M,M,M"/><TAIKYOKU oya="0"/><INIT seed="0,0,0,0,2,76" ten="250,250,250,250" oya="0" hai0="135,88,52,12,24,83,48,99,2,5,19,32,129" hai1="70,39,116,134,49,3,75,118,79,21,68,47,73" hai2="87,61,38,40,34,128,1,6,9,42,106,84,119" hai3="124,122,36,8,37,100,132,56,117,44,18,26,25"/><T105/><D129/><U103/><E3/><V114/><F114/><W131/><G117/><T14/><D135/><U113/><E134/><V96/><F42/><W23/><G132/><T45/><D32/><U78/><E113/><V22/><F22/><W126/><G100/><T112/><D112/><U94/><E21/><V55/><F55/><W33/><G56/><T127/><D127/><N who="3" m="48681" /><G44/><T46/><D46/><U97/><E39/><V98/><F98/><W57/><G57/><T64/><D64/><U80/><E116/><V7/><F7/><W11/><G37/><T133/><D133/><U0/><E0/><V16/><F128/><W41/><G41/><T109/><D109/><U58/><E58/><V89/><F119/><W29/><G36/><T108/><D108/><U107/><E118/><V10/><F61/><W125/><N who="3" m="48689" /><W85/><DORA hai="63" /><G131/><T31/><D31/><U93/><E70/><V123/><F40/><W59/><G59/><T82/><D105/><U121/><E121/><V4/><F106/><W69/><G69/><T66/><D66/><U54/><E68/><V101/><F123/><W43/><G43/><T17/><D24/><U13/><E13/><N who="0" m="5225" /><D5/><U50/><E50/><V81/><F6/><W60/><G60/><T71/><D2/><U35/><E35/><V65/><F4/><W67/><G67/><T28/><D28/><U110/><E110/><V53/><F1/><W15/><G122/><T91/><D71/><U95/><E107/><V27/><F65/><W72/><G72/><T51/><D51/><U20/><E20/><V62/><F38/><RYUUKYOKU ba="0,0" sc="250,-10,250,30,250,-10,250,-10" hai1="47,49,54,73,75,78,79,80,93,94,95,97,103" /><INIT seed="1,1,0,4,1,41" ten="240,280,240,240" oya="1" hai0="64,81,97,73,96,16,119,40,88,82,44,32,63" hai1="27,106,49,93,31,34,61,121,71,48,1,103,55" hai2="124,52,59,109,43,0,69,78,117,51,132,113,21" hai3="45,123,8,9,131,25,107,87,74,38,57,46,120"/><U114/><E121/><V42/><F0/><W95/><G74/><T100/><D119/><U56/><E114/><V110/><F117/><W53/><G38/><T133/><D32/><U99/><E1/><V128/><F78/><W62/><G107/><T15/><D133/><U129/><E129/><V86/><F86/><W14/><G131/><T125/><D125/><U12/><E12/><V130/><F21/><W37/><G37/><T30/><D30/><U54/><E93/><V83/><F83/><W60/><G120/><T98/><D73/><U104/><E104/><V112/><F132/><W105/><G105/><T122/><D122/><U67/><E55/><V77/><F77/><W18/><G123/><T84/><D82/><U127/><E127/><V20/><F20/><W94/><G60/><AGARI ba="1,0" hai="27,31,34,48,49,54,56,60,61,67,71,99,103,106" machi="60" ten="30,5800,0" yaku="7,1,25,2" doraHai="41" who="1" fromWho="3" sc="240,0,280,61,240,0,240,-61" /><INIT seed="1,2,0,4,4,58" ten="240,341,240,179" oya="1" hai0="43,69,100,63,103,31,47,131,68,122,71,42,93" hai1="106,72,2,130,34,12,114,33,50,14,118,94,25" hai2="124,55,75,59,126,90,92,40,82,29,96,83,116" hai3="61,107,4,113,88,41,110,112,132,21,8,120,60"/><U20/><E114/><V99/><F29/><W95/><G107/><T13/><D122/><U79/><E106/><V121/><F40/><W73/><G73/><T74/><D74/><U81/><E118/><V35/><F35/><W128/><G120/><T78/><D78/><U1/><E34/><V28/><F28/><W104/><G104/><T48/><D131/><U119/><E119/><V115/><F121/><W46/><G128/><T39/><D31/><U27/><E130/><V24/><F24/><W53/><G53/><T111/><D111/><U52/><E33/><V17/><F17/><W64/><G132/><T123/><D123/><U16/><E2/><V5/><F5/><W117/><G117/><T11/><D42/><U51/><E1/><V91/><F116/><W134/><G134/><T85/><D39/><U108/><E108/><V6/><F6/><W49/><G110/><T133/><D133/><U9/><E51/><V129/><F129/><W76/><G76/><T97/><D85/><U36/><E94/><V22/><F22/><W62/><G21/><T45/><D45/><U0/><E0/><V98/><F115/><W86/><REACH who="3" step="1"/><G64/><REACH who="3" step="2"/><T38/><D38/><U102/><E36/><V135/><F135/><W125/><G125/><N who="2" m="48233" /><F75/><W30/><G30/><T109/><D109/><U80/><E79/><V66/><F66/><W10/><G10/><T18/><D103/><U23/><E72/><V127/><F127/><W56/><G56/><T7/><D7/><N who="1" m="3135" /><E102/><V101/><F59/><W19/><G19/><T65/><AGARI ba="2,1" hai="11,13,18,43,47,48,63,65,68,69,71,93,97,100" machi="65" ten="30,2000,0" yaku="0,1,52,1" doraHai="58" who="0" fromWho="0" sc="240,36,341,-12,240,-7,169,-7" /><INIT seed="2,0,0,1,3,30" ten="276,329,233,162" oya="2" hai0="132,18,80,111,41,78,49,13,76,1,113,36,95" hai1="62,105,129,60,133,0,120,106,125,46,102,112,123" hai2="35,121,26,21,108,17,28,23,45,83,135,131,84" hai3="87,58,57,20,10,68,53,3,39,114,33,109,59"/><V103/><F121/><N who="1" m="46665" /><E112/><V128/><F103/><W116/><G68/><T65/><D113/><U6/><E125/><V89/><F23/><W134/><G114/><T32/><D32/><U119/><E119/><V101/><F101/><W37/><G116/><T11/><D36/><U66/><E133/><V48/><F135/><W27/><G134/><T88/><D132/><U85/><E129/><N who="2" m="49739" /><F108/><W44/><G109/><T99/><D111/><U74/><E74/><V93/><F93/><W86/><G10/><T107/><D107/><U126/><E126/><V96/><F96/><W52/><G3/><T14/><D1/><U67/><E46/><V38/><F38/><W15/><G15/><T94/><D65/><N who="1" m="24587" /><E0/><V122/><F122/><W22/><G44/><T51/><D41/><U7/><E85/><V118/><F118/><W100/><G100/><T130/><D130/><U98/><E105/><V55/><F28/><W92/><G58/><T2/><D2/><U117/><E117/><V42/><F42/><W69/><G69/><T4/><D78/><U56/><E60/><V81/><F81/><W115/><G115/><T31/><D31/><U12/><E12/><V50/><F50/><W72/><G27/><T24/><D24/><U61/><E61/><V91/><F91/><W63/><G63/><T5/><D95/><U71/><E71/><V43/><F43/><W54/><G92/><T34/><D34/><AGARI ba="0,0" hai="17,21,26,34,35,45,48,55,83,84,89" m="49739" machi="34" ten="30,5800,0" yaku="19,1,52,2" doraHai="30" who="2" fromWho="0" sc="276,-58,329,0,233,58,162,0" /><INIT seed="2,1,0,4,5,48" ten="218,329,291,162" oya="2" hai0="63,56,24,10,85,67,12,115,4,95,80,6,79" hai1="31,73,126,65,11,66,53,44,45,128,94,61,68" hai2="74,17,87,97,21,34,19,84,49,117,46,64,40" hai3="76,22,83,23,5,112,18,93,13,96,0,25,32"/><V47/><F74/><W30/><G112/><T35/><D115/><U130/><E73/><V8/><F34/><W127/><G83/><T33/><D6/><U41/><E66/><V98/><F64/><W82/><G82/><T101/><D33/><U131/><E126/><V39/><F19/><W57/><G76/><T114/><D114/><U55/><E31/><V103/><F8/><N who="3" m="2087" /><G93/><T120/><D120/><U52/><E11/><V50/><F39/><W77/><G96/><T129/><D129/><U3/><E94/><V105/><F98/><W16/><G77/><T109/><D109/><U69/><E3/><V2/><F2/><W134/><G57/><T72/><D72/><U60/><E68/><V36/><F117/><W132/><G127/><T51/><D51/><N who="1" m="27023" /><E60/><V37/><F37/><W78/><G78/><T54/><D35/><U70/><E70/><V28/><F28/><W88/><G88/><T104/><D104/><U124/><E124/><V86/><F47/><AGARI ba="1,0" hai="45,47,52,53,55,61,65,69,128,130,131" m="27023" machi="47" ten="40,12000,2" yaku="19,1,34,2,52,3,54,1" doraHai="48" who="1" fromWho="2" sc="218,0,329,123,291,-123,162,0" /><INIT seed="3,0,0,2,1,77" ten="218,452,168,162" oya="3" hai0="125,69,131,48,99,17,20,23,120,4,126,117,85" hai1="88,7,83,8,47,107,84,10,90,14,116,27,22" hai2="56,75,6,31,18,79,94,112,100,103,108,15,81" hai3="114,16,53,3,1,57,124,119,40,21,71,98,33"/><W36/><G119/><T129/><D69/><U123/><E107/><V78/><F112/><W29/><G114/><T50/><D117/><U49/><E123/><V70/><F70/><W38/><G71/><T46/><D120/><U59/><E59/><V51/><F31/><W55/><G124/><N who="0" m="47723" /><D4/><U19/><E116/><V106/><F6/><W115/><G115/><T91/><D99/><U134/><E10/><V127/><F127/><W65/><G65/><T26/><D23/><U44/><E134/><V2/><F2/><W110/><G110/><T122/><D122/><U58/><E90/><V73/><F94/><W82/><G29/><T97/><D97/><U45/><E58/><V105/><F105/><W67/><G33/><T52/><D50/><AGARI ba="0,0" hai="7,8,14,19,22,27,44,45,47,49,50,83,84,88" machi="50" ten="40,5200,0" yaku="8,1,52,1,54,1" doraHai="77" who="1" fromWho="0" sc="218,-52,452,52,168,0,162,0" /><INIT seed="4,0,0,3,5,44" ten="166,504,168,162" oya="0" hai0="65,117,77,49,129,120,123,112,41,104,100,25,108" hai1="20,76,13,125,111,98,55,82,60,48,133,73,59" hai2="68,91,96,56,80,46,81,26,47,50,23,69,15" hai3="109,58,64,94,5,53,7,28,92,66,78,110,107"/><T36/><D117/><U32/><E111/><V89/><F15/><W99/><G107/><T88/><D108/><U22/><E32/><V105/><F56/><W51/><G109/><T35/><D77/><U134/><E125/><V45/><F105/><W61/><G110/><T128/><D36/><U122/><E122/><V39/><F39/><W52/><G28/><N who="0" m="19855" /><D65/><N who="3" m="25193" /><G78/><T97/><D112/><U2/><E2/><V90/><F96/><W132/><G132/><N who="1" m="50794" /><E60/><V101/><F101/><N who="3" m="60647" /><G94/><N who="0" m="56519" /><D100/><U63/><E63/><V118/><F118/><W40/><G40/><T87/><D87/><U0/><E0/><V86/><F86/><W93/><G93/><T6/><D6/><U72/><E98/><V130/><F69/><W121/><G121/><T127/><D127/><U12/><E73/><V75/><F68/><W74/><G74/><T84/><D84/><U103/><E103/><V119/><F119/><W71/><G71/><T38/><D38/><U62/><E62/><V67/><F75/><W34/><G34/><T116/><D104/><U8/><E12/><V124/><F67/><W1/><G1/><T54/><D41/><U10/><E13/><V70/><F124/><W42/><G42/><T24/><D24/><U95/><E95/><V114/><F70/><W37/><G37/><T3/><D3/><U57/><E76/><V102/><F81/><W18/><G18/><T27/><D27/><U115/><E82/><V11/><F80/><W126/><G126/><T14/><D14/><U33/><E72/><V85/><F85/><W21/><G21/><T79/><D116/><U83/><E20/><RYUUKYOKU ba="0,0" sc="166,-10,504,-10,168,-10,162,30" hai3="5,7,51,52,53,58,61" /><INIT seed="5,1,0,2,2,22" ten="156,494,158,192" oya="1" hai0="91,105,18,43,17,58,49,9,69,111,38,118,107" hai1="129,21,109,39,23,28,8,46,55,14,51,1,72" hai2="134,104,92,62,71,102,7,112,2,103,131,98,67" hai3="31,82,73,25,66,4,29,84,100,13,95,75,86"/><U83/><E1/><V24/><F134/><W60/><G31/><T81/><D111/><U57/><E109/><V125/><F125/><W123/><G123/><T54/><D118/><U101/><E129/><V76/><F131/><W85/><G75/><T64/><D81/><U45/><E101/><V56/><F76/><W110/><G110/><T27/><D91/><U78/><E39/><V53/><F2/><W15/><G73/><T19/><D9/><U135/><E135/><V124/><F7/><W128/><G128/><T59/><D59/><U40/><E40/><V115/><F124/><W79/><G4/><T48/><D48/><U44/><E28/><V50/><F104/><W70/><G15/><T132/><D132/><U87/><E72/><V80/><F80/><W133/><G13/><T47/><D27/><U0/><E0/><V33/><F103/><W93/><G133/><T117/><D117/><U37/><E37/><V10/><F10/><W127/><G127/><T5/><REACH who="0" step="1"/><D5/><AGARI ba="1,0" hai="5,8,14,21,23,44,45,46,51,55,57,78,83,87" machi="5" ten="40,2000,0" yaku="8,1" doraHai="22" who="1" fromWho="0" sc="156,-23,494,23,158,0,192,0" /><INIT seed="5,2,0,1,1,77" ten="133,517,158,192" oya="1" hai0="20,44,32,117,34,1,96,82,47,114,112,51,43" hai1="63,64,111,37,22,14,128,76,33,24,30,71,89" hai2="129,3,83,90,16,98,48,0,78,81,86,39,75" hai3="88,69,58,134,50,130,123,95,125,46,7,31,131"/><U101/><E37/><V85/><F39/><W102/><G69/><T79/><D117/><U55/><E111/><V36/><F36/><W105/><G123/><T94/><D1/><U91/><E101/><V35/><F35/><W110/><G110/><T70/><D70/><U66/><E66/><V8/><F48/><W121/><G121/><T103/><D47/><U57/><E128/><N who="3" m="49194" /><G102/><T6/><D6/><U52/><E76/><V119/><F119/><W49/><G105/><T40/><D40/><U80/><E80/><V87/><F129/><W59/><G125/><T116/><D116/><U29/><E14/><V65/><F65/><W97/><G134/><T60/><D60/><U72/><E72/><V132/><F132/><W41/><G31/><T4/><D4/><U73/><E73/><V2/><F98/><W113/><G113/><N who="0" m="43627" /><D20/><U54/><E71/><V74/><F74/><AGARI ba="2,0" hai="32,34,43,44,51,74,79,82,94,96,103" m="43627" machi="74" ten="30,2000,0" yaku="15,1,52,1" doraHai="77" who="0" fromWho="2" sc="133,26,517,0,158,-26,192,0" /><INIT seed="6,0,0,4,0,11" ten="159,517,132,192" oya="2" hai0="29,85,36,59,73,24,78,45,97,40,102,8,1" hai1="46,23,39,31,70,91,48,27,67,77,17,34,50" hai2="61,107,2,47,126,53,108,80,121,116,125,124,14" hai3="135,132,98,56,114,131,133,16,76,93,74,71,89"/><V86/><F2/><W95/><G71/><T130/><D130/><U60/><E77/><V92/><F107/><W112/><G56/><T134/><D134/><U44/><E39/><V26/><F121/><W87/><G16/><T64/><D64/><U0/><E0/><V54/><F116/><W7/><G7/><T15/><D59/><U81/><E46/><V18/><F26/><W22/><G22/><T9/><D1/><U6/><E6/><V119/><F119/><W4/><G4/><T79/><D73/><U38/><E38/><V129/><F129/><W55/><G55/><T41/><D41/><U32/><E32/><V88/><F108/><W20/><G20/><T63/><D63/><U52/><E50/><V122/><F47/><W115/><G131/><T83/><D79/><U69/><E69/><V113/><F61/><W128/><G128/><T118/><D118/><U49/><E49/><V111/><F111/><W68/><G68/><T65/><D65/><U84/><E34/><V66/><F66/><W106/><G106/><T10/><D29/><U104/><E104/><V43/><F43/><W100/><G76/><T105/><REACH who="0" step="1"/><D24/><REACH who="0" step="2"/><U103/><E27/><V75/><F122/><W127/><G127/><T96/><D96/><U117/><E60/><V109/><F109/><W13/><G13/><AGARI ba="0,1" hai="8,9,10,13,15,36,40,45,78,83,85,97,102,105" machi="13" ten="40,5200,0" yaku="1,1,52,2,53,0" doraHai="11" doraHaiUra="25" who="0" fromWho="3" sc="149,62,517,0,132,0,192,-52" /><INIT seed="7,0,0,4,4,107" ten="211,517,132,140" oya="3" hai0="33,97,95,135,49,73,63,80,15,114,106,66,104" hai1="129,11,79,87,100,38,119,12,122,53,70,26,7" hai2="3,116,115,74,14,42,57,123,133,69,118,91,36" hai3="99,126,65,43,18,78,48,35,117,59,124,75,76"/><W56/><G117/><T62/><D33/><U98/><E122/><V50/><F14/><W2/><G35/><T67/><D135/><U60/><E119/><V86/><F57/><W128/><G2/><T27/><D114/><U34/><E38/><V96/><F50/><W13/><G128/><T94/><D27/><U110/><E129/><V31/><F31/><W22/><G99/><T61/><D49/><U108/><E87/><V24/><F24/><W46/><G59/><T85/><D15/><U21/><E79/><V28/><F28/><W9/><G9/><T10/><D10/><U77/><E77/><V83/><F42/><W72/><G76/><T102/><D106/><U19/><E34/><V39/><F3/><W132/><G132/><T93/><REACH who="0" step="1"/><D73/><REACH who="0" step="2"/><U4/><E12/><V113/><F133/><W25/><G25/><T130/><D130/><U30/><E11/><V89/><F69/><W81/><G75/><T29/><D29/><U92/><E30/><V55/><F74/><W40/><G40/><T41/><D41/><U71/><E26/><V90/><F123/><W51/><G48/><T58/><D58/><U131/><E131/><V0/><F0/><W6/><REACH who="3" step="1"/><G6/><REACH who="3" step="2"/><T23/><D23/><U5/><E21/><V20/><F20/><W45/><G45/><T109/><D109/><U112/><E7/><V134/><F134/><W16/><G16/><T54/><D54/><U32/><E19/><V44/><F55/><W111/><G111/><T105/><D105/><U8/><E53/><V52/><F52/><W17/><G17/><T84/><D84/><RYUUKYOKU ba="0,2" sc="201,15,517,-15,132,-15,130,15" hai0="61,62,63,66,67,80,85,93,94,95,97,102,104" hai3="13,18,22,43,46,51,56,65,72,78,81,124,126" /><INIT seed="7,1,2,4,2,6" ten="216,502,117,145" oya="3" hai0="62,133,15,40,2,51,109,87,134,107,100,14,95" hai1="82,102,81,74,52,21,19,48,22,128,30,32,66" hai2="59,97,119,120,77,56,78,63,12,116,53,104,85" hai3="25,1,31,44,98,65,113,88,72,131,42,126,46"/><W132/><G72/><T64/><D109/><U24/><E128/><V127/><F120/><W75/><G75/><T37/><D37/><U4/><E74/><V38/><F38/><W39/><G131/><T29/><D2/><U103/><E66/><V36/><F36/><W121/><G121/><T110/><D110/><U90/><E32/><V130/><F130/><W89/><G126/><T135/><D29/><U5/><E5/><V28/><F127/><W129/><G129/><T91/><D100/><N who="1" m="38443" /><E4/><V105/><F97/><W18/><G1/><T16/><D107/><U123/><E90/><V41/><F41/><W35/><G132/><T8/><D15/><N who="1" m="9471" /><E123/><V17/><F28/><W84/><G113/><T50/><REACH who="0" step="1"/><D40/><REACH who="0" step="2"/><U108/><E108/><V71/><F71/><AGARI ba="1,3" hai="8,14,16,50,51,62,64,71,87,91,95,133,134,135" machi="71" ten="40,8000,1" yaku="1,1,2,1,20,1,52,1,54,1,53,0" doraHai="6" doraHaiUra="122" who="0" fromWho="2" sc="206,113,502,0,117,-83,145,0" owari="319,12,502,60,34,-47,145,-25" /></mjloggm>