<mjloggm ver="2.3"><GO type="169"/><UN n0="%EF%BC%88%E2%89%A7%E2%96%BD%E2%89%A6%EF%BC%89" n1="%E6%98%BC%E9%A3%AF%EF%BC%A0%E4%BD%95%E9%A3%9F%E3%81%86" n2="%E6%B5%81%E5%A4%AA" n3="%4D%49%40%34%32%38" dan="18,16,16,16" rate="2209,2090,2061,2064" sx="M,F,M,M"/><TAIKYOKU oya="0"/><INIT seed="0,0,0,5,1,58" ten="250,250,250,250" oya="0" hai0="47,107,77,4,71,39,93,49,64,18,24,129,124" hai1="31,116,125,23,91,52,119,15,99,19,121,88,34" hai2="126,83,17,102,43,29,95,6,46,79,38,100,30" hai3="90,135,123,32,57,25,54,59,76,7,97,68,103"/><T101/><D39/><U96/><E121/><V72/><F126/><W132/><G123/><T12/><D107/><U0/><E125/><V62/><F17/><W104/><G68/><T122/><D124/><U92/><E0/><V51/><F51/><W105/><G76/><T1/><D122/><U35/><E31/><V67/><F102/><W53/><G7/><T10/><D129/><U48/><E35/><V118/><F118/><W9/><G9/><T127/><D77/><U66/><E34/><V26/><F26/><W114/><G114/><T128/><D127/><U11/><E66/><V111/><F111/><W86/><G104/><T44/><D128/><U117/><E11/><V109/><F109/><W98/><G98/><T80/><D80/><U78/><E78/><V65/><F65/><W81/><G25/><T33/><D49/><U13/><E13/><V74/><F72/><W84/><G84/><T89/><D101/><U42/><E42/><V28/><F6/><W45/><G32/><T3/><D3/><U2/><E2/><V108/><F108/><W131/><G131/><T94/><D64/><U120/><E120/><V60/><REACH who="2" step="1"/><F67/><REACH who="2" ten="250,250,240,250" step="2"/><W41/><G41/><T133/><D24/><U40/><E40/><V37/><F37/><W134/><G45/><T106/><D44/><U20/><E119/><V50/><F50/><W85/><G103/><T16/><D47/><N who="1" m="27679" /><E117/><V110/><F110/><W36/><G36/><T8/><D4/><U70/><E116/><V55/><F55/><W87/><G54/><T5/><D5/><U73/><E70/><V113/><F113/><RYUUKYOKU ba="0,1" sc="250,-10,250,-10,240,30,250,-10" hai2="28,29,30,38,43,46,60,62,74,79,83,95,100" /><INIT seed="1,1,1,3,2,6" ten="240,240,270,240" oya="1" hai0="88,122,41,87,60,11,7,101,100,116,18,31,32" hai1="103,110,105,21,126,28,115,57,130,73,106,135,23" hai2="5,4,68,47,96,132,79,10,95,9,123,77,40" hai3="1,13,90,50,36,129,22,76,125,19,12,91,34"/><U62/><E115/><V99/><F123/><W121/><G121/><T65/><D122/><U78/><E135/><V24/><F68/><W20/><G1/><T33/><D116/><U45/><E130/><V118/><F118/><W93/><G36/><T94/><D41/><U51/><E126/><V44/><F24/><W29/><G129/><T98/><D18/><U2/><E2/><V56/><F56/><W15/><G125/><T70/><D31/><U46/><E110/><V58/><F58/><W71/><G71/><T67/><D67/><U124/><E124/><V75/><F75/><W64/><G76/><T14/><REACH who="0" step="1"/><D101/><REACH who="0" ten="230,240,270,240" step="2"/><U107/><E103/><V108/><F108/><W63/><G29/><T42/><D42/><U89/><E28/><V27/><F132/><W131/><G19/><T109/><D109/><U117/><E117/><V127/><F127/><W39/><G64/><T16/><D16/><U8/><E62/><V97/><F40/><W119/><G63/><T120/><D120/><U0/><E46/><N who="2" m="17451" /><F27/><W48/><G119/><T55/><D55/><N who="1" m="31999" /><E45/><V35/><F35/><W81/><G34/><T43/><D43/><U74/><E78/><N who="2" m="29707" /><F95/><AGARI ba="1,2" hai="7,11,14,32,33,60,65,70,87,88,94,95,98,100" machi="95" ten="30,7700,0" yaku="1,1,7,1,52,1,54,1,53,0" doraHai="6" doraHaiUra="134" who="0" fromWho="2" sc="230,100,240,0,270,-80,240,0" /><INIT seed="2,0,0,5,0,20" ten="330,240,190,240" oya="2" hai0="39,68,54,14,51,95,1,80,93,72,98,57,58" hai1="117,8,103,116,60,47,37,23,124,4,67,13,119" hai2="101,29,50,83,16,36,132,69,87,77,52,3,99" hai3="130,96,15,65,76,108,88,12,55,118,122,125,126"/><V79/><F36/><W31/><G118/><T11/><D39/><U104/><E124/><N who="3" m="47722" /><G122/><T62/><D68/><U85/><E85/><V64/><F3/><W43/><G108/><T56/><D1/><U7/><E7/><V53/><F132/><W6/><G43/><T33/><D33/><U78/><E78/><V28/><F79/><W113/><G65/><N who="0" m="39111" /><D72/><U86/><E86/><V49/><F69/><W18/><G76/><T100/><D80/><U19/><E103/><V90/><F64/><W46/><G130/><T2/><D2/><U17/><E104/><V41/><F41/><W0/><G31/><T45/><D95/><U128/><E128/><V75/><F16/><AGARI ba="0,0" hai="11,14,16,45,51,54,57,58,93,98,100" m="39111" machi="16" ten="30,2000,0" yaku="8,1,54,1" doraHai="20" who="0" fromWho="2" sc="330,20,240,0,190,-20,240,0" /><INIT seed="3,0,0,0,5,13" ten="350,240,170,240" oya="3" hai0="114,31,133,72,134,70,46,29,32,121,112,81,58" hai1="71,76,80,78,52,61,3,42,98,95,49,63,118" hai2="96,88,36,84,109,123,38,128,28,62,15,35,2" hai3="39,87,135,91,25,22,9,24,103,5,132,34,56"/><W43/><G103/><T50/><D70/><U54/><E3/><V77/><F2/><W79/><G79/><N who="0" m="44263" /><D121/><U119/><E42/><V86/><F123/><W17/><G34/><T101/><D58/><U4/><E4/><V6/><F96/><W51/><G39/><T97/><D32/><U111/><E78/><V100/><F100/><W93/><G25/><T10/><D10/><U53/><E49/><V90/><F77/><W12/><REACH who="3" step="1"/><G56/><REACH who="3" ten="350,240,170,230" step="2"/><T8/><D101/><U89/><E71/><V115/><F38/><W64/><G64/><T131/><D114/><U69/><E69/><V85/><F36/><W23/><G23/><T99/><D112/><U67/><E67/><V59/><F115/><W30/><G30/><T110/><D31/><U113/><E113/><V55/><F28/><W26/><G26/><T40/><D29/><U107/><E107/><V47/><F35/><W21/><G21/><T117/><D134/><U129/><E129/><V18/><F128/><W45/><AGARI ba="0,1" hai="5,9,12,17,22,24,43,45,51,87,91,93,132,135" machi="45" ten="30,6000,0" yaku="1,1,0,1,52,1,53,0" doraHai="13" doraHaiUra="57" who="3" fromWho="3" sc="350,-20,240,-20,170,-20,230,70" /><INIT seed="3,1,0,4,0,20" ten="330,220,150,300" oya="3" hai0="107,120,58,125,11,6,76,24,38,70,131,96,54" hai1="50,9,83,113,57,94,16,118,104,25,124,98,67" hai2="26,87,2,47,93,129,132,135,71,23,127,128,49" hai3="82,66,79,116,100,43,32,89,36,4,56,65,108"/><W85/><G116/><T30/><D70/><U130/><E113/><V18/><F71/><W92/><G32/><T8/><D38/><U28/><E104/><V55/><F2/><W22/><G100/><T68/><D68/><U105/><E105/><V84/><F93/><W111/><G4/><T53/><D120/><U75/><E130/><N who="2" m="50283" /><F87/><W115/><G115/><T48/><D131/><U123/><E123/><V63/><F63/><W88/><G89/><T73/><D125/><U59/><E124/><V97/><F84/><W72/><G22/><T46/><D107/><U86/><E75/><V102/><F97/><W95/><G95/><T62/><D96/><U0/><E67/><V101/><F127/><W91/><G91/><T121/><D121/><U12/><E0/><V44/><F44/><N who="3" m="23655" /><G56/><T90/><D90/><N who="1" m="51551" /><E50/><V27/><F27/><W15/><G15/><T134/><D76/><U37/><E118/><V17/><F17/><W74/><G74/><T29/><D73/><U126/><E37/><V52/><F55/><W114/><G114/><T99/><D53/><U117/><E117/><V122/><F122/><W42/><G42/><T45/><D54/><U60/><E126/><V35/><F35/><W106/><G106/><T41/><D41/><U133/><E60/><V81/><F81/><W112/><G112/><T77/><D62/><U7/><E28/><V61/><F61/><W34/><G34/><T103/><D30/><U3/><E25/><V119/><F119/><W21/><G21/><T110/><D29/><U33/><E33/><V1/><F1/><W39/><G39/><RYUUKYOKU ba="1,0" sc="330,-15,220,-15,150,15,300,15" hai2="18,23,26,47,49,52,101,102,132,135" hai3="65,66,72,79,82,85,88,92,108,111" /><INIT seed="3,2,0,1,1,91" ten="315,205,165,315" oya="3" hai0="9,34,13,127,122,103,47,33,88,59,40,100,112" hai1="82,113,37,45,72,25,125,128,79,23,71,105,68" hai2="87,36,19,17,42,124,117,58,111,26,106,24,90" hai3="46,11,97,44,73,92,84,60,30,99,69,62,1"/><W118/><G118/><T77/><D122/><U16/><E113/><V98/><F117/><W78/><G30/><T31/><D112/><U66/><E105/><V4/><F4/><W114/><G114/><T83/><D127/><U121/><E121/><V108/><F124/><W15/><G1/><T96/><D34/><U38/><E125/><V54/><F42/><W61/><G69/><T95/><D59/><U75/><E128/><V14/><F36/><W20/><G20/><T130/><D130/><U28/><E75/><V5/><F5/><N who="3" m="3567" /><G73/><T27/><D77/><U56/><E45/><N who="3" m="17514" /><G78/><T65/><D65/><U49/><E28/><V64/><F64/><W53/><G53/><T135/><D135/><U21/><E21/><V50/><F19/><W39/><G39/><T22/><D33/><U35/><E35/><V107/><F17/><W8/><G8/><T102/><D47/><U93/><E71/><V131/><F131/><W52/><G52/><T109/><D40/><U12/><E68/><V43/><F43/><W101/><G99/><T104/><D104/><N who="2" m="39978" /><F98/><W18/><G18/><N who="0" m="8495" /><D109/><N who="2" m="42058" /><F14/><W2/><G2/><T119/><D119/><U110/><E12/><V6/><F6/><W57/><G57/><T132/><D132/><U126/><E110/><V76/><F76/><W70/><G70/><T41/><D41/><U32/><E32/><V7/><F7/><W120/><G120/><T48/><D48/><U94/><E126/><V55/><F55/><W80/><G62/><T129/><D129/><U116/><E49/><V63/><F50/><W134/><G134/><T51/><D51/><RYUUKYOKU ba="2,0" sc="315,10,205,-30,165,10,315,10" hai0="22,27,31,83,88,95,96,100,102,103" hai2="24,26,54,58,63,87,90" hai3="60,61,80,84,92,97,101" /><INIT seed="3,3,0,3,3,132" ten="325,175,175,325" oya="3" hai0="56,96,22,131,16,21,62,60,31,45,54,13,37" hai1="122,65,68,23,111,39,28,127,97,93,19,103,77" hai2="48,75,133,38,123,20,36,63,2,134,119,125,113" hai3="34,85,91,50,58,44,12,4,78,11,104,129,74"/><W117/><G117/><T6/><D131/><U70/><E122/><V106/><F20/><W92/><G129/><T5/><D37/><U73/><E39/><V7/><F38/><W26/><G104/><T108/><D108/><U80/><E111/><V42/><F7/><W128/><G128/><T57/><D45/><U51/><E65/><V118/><F48/><W102/><G102/><T35/><D35/><U24/><E127/><V53/><F53/><W87/><G74/><T126/><D126/><U40/><E40/><V99/><F99/><W120/><G120/><T95/><D22/><U66/><E51/><V88/><F63/><W114/><G114/><T17/><D17/><U29/><REACH who="1" step="1"/><E66/><REACH who="1" ten="325,165,175,325" step="2"/><V115/><F42/><W89/><G50/><T27/><D57/><U76/><E76/><V116/><F36/><W10/><G78/><T32/><REACH who="0" step="1"/><D60/><REACH who="0" ten="315,165,175,325" step="2"/><U9/><E9/><V84/><F125/><W100/><G58/><T72/><D72/><U49/><E49/><V47/><F119/><W59/><G59/><T14/><D14/><U61/><E61/><V110/><F118/><W101/><G44/><T52/><D52/><U109/><E109/><V3/><F116/><W64/><G11/><T82/><D82/><U33/><E33/><V43/><F110/><W71/><G64/><T46/><D46/><U124/><E124/><V1/><F123/><W112/><G34/><T83/><D83/><U135/><E135/><N who="2" m="51723" /><F75/><W69/><G10/><T41/><D41/><U30/><AGARI ba="3,2" hai="19,23,24,28,29,30,68,70,73,77,80,93,97,103" machi="30" ten="30,2000,0" yaku="1,1,0,1,53,0" doraHai="132" doraHaiUra="86" who="1" fromWho="1" sc="315,-8,165,49,175,-8,325,-13" /><INIT seed="4,0,0,1,5,89" ten="307,214,167,312" oya="0" hai0="52,78,35,131,121,132,25,118,116,74,64,36,84" hai1="106,126,91,20,1,65,17,60,128,11,22,108,80" hai2="14,32,44,99,97,67,13,8,39,134,27,0,47" hai3="19,51,127,10,24,102,7,96,73,93,95,85,58"/><T33/><D74/><U109/><E106/><V45/><F39/><W68/><G73/><T56/><D36/><U98/><E126/><V82/><F67/><W53/><G127/><T62/><D121/><U129/><E11/><V88/><F0/><W5/><G68/><T114/><D132/><U69/><E1/><V30/><F134/><W72/><G72/><T86/><D131/><N who="1" m="50251" /><E80/><V31/><F31/><W105/><G105/><T113/><D64/><U112/><E112/><N who="0" m="43113" /><D25/><N who="1" m="14479" /><E22/><V76/><F14/><N who="3" m="7639" /><G24/><T49/><D78/><U16/><E16/><V87/><REACH who="2" step="1"/><F76/><REACH who="2" ten="307,214,157,312" step="2"/><W21/><G21/><T81/><D33/><U120/><E120/><V66/><F66/><W70/><G70/><T29/><D35/><U50/><E50/><V23/><F23/><W75/><G75/><T117/><D49/><U61/><E61/><V43/><F43/><W28/><G28/><T90/><D29/><U9/><E9/><V34/><F34/><W55/><G55/><T41/><D41/><U57/><E69/><V59/><F59/><W115/><G115/><T124/><D124/><U92/><AGARI ba="0,1" hai="57,60,65,91,92,98,108,109" m="14479,50251" machi="92" ten="30,2000,0" yaku="19,1,52,1" doraHai="89" who="1" fromWho="1" sc="307,-10,214,30,157,-5,312,-5" /><INIT seed="5,0,0,0,0,17" ten="297,244,152,307" oya="1" hai0="51,134,73,44,77,3,1,52,16,41,18,29,24" hai1="34,111,131,122,72,92,118,107,7,46,82,113,11" hai2="38,25,108,115,117,61,40,76,48,80,109,45,19" hai3="8,50,90,78,42,23,102,55,9,28,10,66,53"/><U126/><RYUUKYOKU type="yao9" ba="0,0" sc="297,0,244,0,152,0,307,0" hai1="7,11,34,46,72,82,92,107,111,113,118,122,126,131" /><INIT seed="5,1,0,1,3,31" ten="297,244,152,307" oya="1" hai0="12,14,92,48,95,98,133,127,52,10,130,102,119" hai1="131,51,33,39,84,61,54,36,71,4,96,106,35" hai2="112,111,122,80,20,22,101,59,68,107,67,132,93" hai3="44,85,29,43,6,7,65,60,5,109,76,11,40"/><U114/><E114/><V121/><F107/><W97/><G109/><T69/><D119/><U123/><E84/><V19/><F68/><W57/><G29/><T30/><D69/><U70/><E4/><V37/><F37/><N who="1" m="14409" /><E51/><V42/><F42/><N who="3" m="15915" /><G44/><T77/><D77/><U115/><E54/><V3/><F3/><W88/><G76/><T26/><D48/><U74/><E71/><V2/><F111/><W120/><G120/><T50/><D50/><U45/><E123/><V129/><F2/><W1/><G1/><T126/><D52/><U75/><E45/><V72/><F122/><W124/><G124/><T0/><D0/><U134/><E134/><V104/><F132/><W24/><G85/><T78/><D133/><U17/><E17/><V83/><F72/><N who="1" m="27689" /><E131/><V128/><F121/><W73/><G73/><T16/><D130/><U63/><E63/><V21/><F112/><W55/><G55/><T8/><D78/><U27/><E27/><V117/><F129/><W23/><G24/><T38/><D95/><U64/><E115/><V116/><F93/><N who="3" m="56487" /><G11/><T135/><D135/><U79/><E79/><V89/><F128/><W99/><G23/><N who="0" m="15711" /><D38/><U15/><E15/><V66/><F117/><W82/><G82/><T47/><D47/><U103/><AGARI ba="1,0" hai="33,35,61,64,70,96,103,106" m="27689,14409" machi="103" ten="40,12000,1" yaku="33,2,52,2" doraHai="31" who="1" fromWho="1" sc="297,-41,244,123,152,-41,307,-41" /><INIT seed="5,2,0,2,2,60" ten="256,367,111,266" oya="1" hai0="111,32,26,92,100,81,5,87,78,13,93,20,29" hai1="82,53,42,45,3,80,38,72,24,105,123,103,65" hai2="106,71,113,52,77,56,48,17,101,120,2,25,10" hai3="88,68,4,34,96,43,75,12,44,133,66,19,63"/><U61/><E123/><V132/><F77/><W21/><G75/><T67/><D111/><U76/><E80/><V58/><F120/><W30/><G133/><T97/><D32/><U15/><E15/><V130/><F132/><W112/><G112/><T57/><D93/><U107/><E103/><V41/><F41/><W16/><G4/><T73/><D73/><U131/><E131/><V7/><F130/><W54/><G54/><T40/><D40/><U70/><E3/><V98/><F71/><W121/><G121/><T108/><D108/><U127/><E127/><V49/><F113/><W91/><G19/><T55/><D55/><U46/><E46/><V18/><F25/><W11/><G34/><T83/><D83/><U135/><E135/><V62/><REACH who="2" step="1"/><F49/><REACH who="2" ten="256,367,101,266" step="2"/><W94/><G30/><T33/><D33/><U0/><E24/><V90/><F90/><W1/><G91/><T9/><D57/><U126/><E126/><V109/><F109/><W117/><G117/><T119/><D119/><U23/><E23/><V85/><F85/><W128/><G128/><T79/><D79/><U22/><E22/><V6/><F6/><W27/><G27/><T89/><D78/><U31/><E31/><V8/><F8/><W39/><G11/><T86/><D87/><U124/><E124/><V69/><F69/><W84/><G84/><T104/><D81/><U125/><E125/><V110/><F110/><W114/><G114/><T51/><D51/><N who="1" m="28911" /><E0/><V35/><F35/><W28/><G28/><T14/><D13/><U64/><E42/><V129/><F129/><W102/><G1/><RYUUKYOKU ba="2,1" sc="256,10,367,-30,101,10,266,10" hai0="5,9,14,20,26,29,67,86,89,92,97,100,104" hai2="2,7,10,17,18,48,52,56,58,62,98,101,106" hai3="12,16,21,39,43,44,63,66,68,88,94,96,102" /><INIT seed="6,3,1,2,3,73" ten="266,337,111,276" oya="2" hai0="118,98,59,129,45,10,130,84,37,23,47,25,50" hai1="33,46,7,20,123,12,131,100,102,14,76,121,115" hai2="96,125,13,17,6,107,64,18,78,120,83,28,99" hai3="38,5,52,1,58,9,88,89,55,75,22,122,69"/><V19/><F120/><N who="1" m="46153" /><E115/><V124/><F28/><W27/><G122/><T11/><D98/><N who="2" m="37418" /><F107/><W126/><G69/><T31/><D118/><U16/><E33/><V60/><F6/><W117/><G117/><T106/><D106/><U132/><E132/><V77/><F83/><W135/><G135/><T48/><D59/><U61/><E61/><V44/><F44/><N who="0" m="16970" /><D37/><U90/><E131/><N who="0" m="50185" /><D84/><U108/><E108/><V119/><F119/><W0/><G38/><T54/><D48/><U34/><E34/><V65/><F13/><W134/><G134/><T3/><D3/><U95/><E46/><V68/><F65/><W2/><G75/><T21/><D54/><U127/><E127/><AGARI ba="3,1" hai="17,18,19,60,64,68,77,78,124,125,127" m="37418" machi="127" ten="30,5800,0" yaku="18,1,52,2" doraHai="73" who="2" fromWho="1" sc="266,0,337,-67,111,77,276,0" /><INIT seed="6,4,0,3,4,63" ten="266,270,188,276" oya="2" hai0="11,22,99,66,37,38,71,51,28,76,113,106,124" hai1="34,16,97,6,62,101,123,134,114,135,53,32,55" hai2="49,125,70,61,69,15,25,88,54,120,78,13,14" hai3="84,104,86,31,17,89,96,45,9,46,60,10,119"/><V67/><F120/><W132/><G119/><T116/><D116/><U47/><E123/><V82/><F125/><W109/><G109/><T40/><D76/><U85/><E6/><V107/><F107/><W87/><G132/><N who="1" m="50730" /><E114/><V44/><F25/><W5/><G31/><T103/><D11/><U65/><E85/><V8/><F70/><W26/><G104/><T130/><D71/><N who="1" m="42423" /><E16/><V42/><F42/><W7/><G96/><T117/><D99/><U29/><E47/><V128/><F128/><W73/><G73/><T79/><D130/><U52/><E29/><V90/><REACH who="2" step="1"/><F8/><REACH who="2" ten="266,270,178,276" step="2"/><W1/><G10/><T2/><D106/><AGARI ba="4,1" hai="32,34,52,53,55,97,101,106" m="42423,50730" machi="106" ten="30,3900,0" yaku="20,1,52,1,54,1" doraHai="63" who="1" fromWho="0" sc="266,-51,270,61,178,0,276,0" /><INIT seed="7,0,0,5,1,87" ten="215,331,178,276" oya="3" hai0="31,13,58,86,132,64,32,133,128,59,61,105,9" hai1="37,80,96,55,11,40,134,56,68,77,81,120,14" hai2="52,126,24,108,10,41,5,20,3,18,53,57,117" hai3="69,95,4,110,51,135,42,26,48,83,71,98,2"/><W33/><G135/><N who="0" m="51787" /><D105/><U107/><E68/><V28/><F41/><W43/><G110/><T78/><D128/><U82/><E120/><V79/><F79/><W25/><G83/><N who="0" m="47479" /><D59/><U73/><E134/><V38/><F38/><W131/><G131/><T76/><D76/><U74/><E74/><V7/><F7/><W102/><G69/><T16/><D31/><U63/><E40/><V129/><F129/><W75/><G75/><T47/><D47/><U36/><E37/><V0/><F117/><W119/><G71/><T97/><D97/><U124/><E36/><V114/><F108/><W44/><G119/><T93/><D93/><U15/><E15/><N who="2" m="9311" /><F3/><W50/><G33/><AGARI ba="0,0" hai="9,13,16,32,33,58,61,64" m="47479,51787" machi="33" ten="30,2000,0" yaku="20,1,54,1" doraHai="87" who="0" fromWho="3" sc="215,20,331,0,178,0,276,-20" owari="235,-16.0,331,42.0,178,-32.0,256,6.0" /></mjloggm>