<mjloggm ver="2.3"><GO type="41"/><UN n0="%79%6F%6E%6B%69%6E%65" n1="%74%67%72%69%73%74" n2="%EF%BC%88%E2%89%A7%E2%96%BD%E2%89%A6%EF%BC%89" n3="%79%61%6B%6B%6F" dan="14,13,15,13" rate="1930,1802,2026,1800" sx="M,M,M,M"/><TAIKYOKU oya="0"/><INIT seed="0,0,0,4,5,38" ten="250,250,250,250" oya="0" hai0="108,17,96,135,67,22,7,123,133,110,28,36,79" hai1="15,54,95,101,35,65,57,127,58,1,92,47,93" hai2="104,85,21,83,109,107,98,116,86,41,61,97,80" hai3="84,18,122,9,105,64,4,68,31,113,121,129,111"/><T39/><D123/><U130/><E1/><V24/><F116/><W19/><G105/><N who="2" m="40521" /><F61/><W59/><G68/><T6/><D79/><U89/><E35/><V50/><F21/><W125/><G84/><N who="2" m="32361" /><F24/><W11/><G59/><N who="1" m="22538" /><E130/><V23/><F23/><W94/><G94/><N who="1" m="36458" /><E127/><V14/><F14/><N who="3" m="7503" /><G64/><T37/><D96/><N who="2" m="36970" /><F50/><W29/><G125/><T78/><D78/><U70/><E70/><V55/><F55/><W81/><G129/><T119/><D119/><U106/><E106/><V132/><F41/><W87/><G87/><T66/><D28/><N who="3" m="10825" /><G81/><N who="2" m="31305" /><F132/><N who="0" m="50762" /><D22/><U44/><E65/><N who="0" m="24585" /><D17/><U5/><E54/><V49/><F49/><W27/><G27/><T12/><D12/><U73/><E15/><V131/><F131/><W32/><G32/><T128/><D128/><U124/><E5/><AGARI ba="0,0" hai="5,6,7,36,37,39,108,110" m="24585,50762" machi="5" ten="40,7700,0" yaku="28,2,20,1" doraHai="38" who="0" fromWho="1" sc="250,77,250,-77,250,0,250,0" /><INIT seed="0,1,0,4,1,30" ten="327,173,250,250" oya="0" hai0="56,100,127,19,77,59,82,12,97,34,104,44,103" hai1="39,35,41,121,4,62,81,114,24,125,15,72,29" hai2="71,76,106,70,64,74,132,83,38,26,25,105,55" hai3="8,78,124,3,86,113,9,122,131,37,45,116,23"/><T20/><D34/><U135/><E121/><V109/><F109/><W68/><G116/><T48/><D103/><U5/><E135/><V115/><F115/><W89/><G113/><T28/><D28/><U112/><E62/><V119/><F119/><W94/><G68/><T66/><D66/><U14/><E125/><V69/><F132/><W99/><G124/><T18/><D18/><U98/><E98/><V128/><F128/><W33/><G131/><T91/><D91/><U22/><E22/><V42/><F64/><W17/><G33/><T46/><D46/><N who="1" m="23871" /><E15/><V130/><F130/><W108/><G108/><T95/><D104/><U10/><E5/><V54/><F42/><W61/><G3/><T53/><REACH who="0" step="1"/><D127/><REACH who="0" ten="317,173,250,250" step="2"/><U87/><E114/><V57/><F106/><W126/><G126/><T47/><D47/><U123/><E112/><V102/><F105/><W27/><G45/><T101/><D101/><U96/><E123/><V7/><F102/><W11/><G37/><T32/><D32/><U84/><E96/><V120/><F120/><W63/><G122/><T49/><D49/><U129/><E129/><V110/><F38/><W93/><G78/><T65/><D65/><U75/><E35/><V92/><F110/><W60/><G99/><T43/><D43/><U50/><E29/><V1/><F55/><W111/><G111/><T107/><D107/><U51/><E50/><N who="2" m="30935" /><F92/><AGARI ba="1,1" hai="8,9,11,17,23,27,60,61,63,86,89,92,93,94" machi="92" ten="40,1300,0" yaku="8,1" doraHai="30" who="3" fromWho="2" sc="317,0,173,0,250,-16,250,26" /><INIT seed="1,0,0,2,0,49" ten="317,173,234,276" oya="1" hai0="50,102,14,90,78,20,34,115,80,92,129,5,75" hai1="52,11,3,23,132,64,81,127,88,10,9,97,53" hai2="124,40,76,28,112,101,65,104,93,22,85,106,56" hai3="43,118,36,119,98,109,126,135,82,96,51,35,46"/><U117/><E117/><V54/><F124/><W74/><G35/><T45/><D115/><U125/><E3/><V41/><F112/><W87/><G126/><N who="1" m="48138" /><E64/><V111/><F111/><W133/><G109/><T12/><D34/><U79/><E132/><N who="3" m="50762" /><G74/><T107/><D129/><U31/><E31/><V18/><F28/><W91/><G36/><T100/><D100/><U62/><E62/><N who="2" m="36119" /><F65/><W25/><G25/><T134/><D134/><U66/><E66/><V70/><F70/><W128/><G128/><T77/><D77/><U55/><E23/><V24/><F106/><W68/><G68/><T60/><D60/><U8/><N who="1" m="2560" /><DORA hai="32" /><U116/><E116/><AGARI ba="0,0" hai="43,46,51,82,87,91,96,98,116,118,119" m="50762" machi="116" ten="30,2000,0" yaku="12,1,20,1" doraHai="49,32" who="3" fromWho="1" sc="317,0,173,-20,234,0,276,20" /><INIT seed="2,0,0,3,3,122" ten="317,153,234,296" oya="2" hai0="9,63,0,73,6,131,82,102,80,42,85,101,37" hai1="114,117,65,17,94,123,112,78,98,77,18,104,58" hai2="15,121,51,19,107,135,127,56,39,5,59,57,46" hai3="61,124,81,69,134,23,106,33,66,43,111,133,70"/><V71/><F121/><W32/><G23/><T52/><D131/><U47/><E123/><V96/><F71/><N who="3" m="42447" /><G43/><T110/><D82/><U89/><E117/><V31/><F135/><N who="3" m="51723" /><G81/><T130/><D130/><U29/><E47/><V115/><F115/><W26/><G124/><T118/><D118/><U54/><E65/><V53/><F127/><W99/><G26/><T97/><D73/><U105/><E29/><V14/><F31/><W62/><G62/><T75/><D75/><U100/><E105/><V119/><F119/><W76/><G76/><T20/><D20/><U87/><E114/><V55/><F39/><W93/><G93/><T92/><D42/><U86/><E112/><V79/><F79/><W132/><G132/><T7/><D7/><U27/><E87/><V12/><F5/><W109/><G99/><T128/><D37/><U34/><E34/><N who="3" m="13418" /><G106/><T48/><D63/><U1/><E1/><V41/><F107/><W2/><G2/><T28/><D28/><U22/><E17/><V49/><F96/><W60/><G60/><AGARI ba="0,0" hai="18,22,27,54,58,60,77,78,86,89,94,98,100,104" machi="60" ten="30,1000,0" yaku="7,1" doraHai="122" who="1" fromWho="3" sc="317,0,153,10,234,0,296,-10" /><INIT seed="3,0,0,4,2,8" ten="317,163,234,286" oya="3" hai0="34,93,66,18,112,89,44,74,46,4,55,115,29" hai1="80,130,102,113,5,12,107,16,64,119,11,39,53" hai2="84,72,121,132,24,95,90,43,70,126,131,31,76" hai3="103,133,26,15,28,51,100,65,21,75,85,83,73"/><W134/><G65/><T47/><D74/><N who="3" m="28169" /><G51/><T61/><D4/><U94/><E113/><N who="0" m="43593" /><D29/><U105/><E39/><V81/><F126/><W30/><G28/><T125/><D34/><U97/><E130/><V48/><F131/><W40/><G40/><T101/><D101/><U87/><E64/><V41/><F132/><N who="3" m="50795" /><G15/><T59/><D18/><U20/><E119/><V14/><F121/><W110/><G110/><T111/><D89/><AGARI ba="0,0" hai="21,26,30,83,85,89,100,103" m="50795,28169" machi="89" ten="30,1500,0" yaku="20,1" doraHai="8" who="3" fromWho="0" sc="317,-15,163,0,234,0,286,15" /><INIT seed="3,1,0,1,2,60" ten="302,163,234,301" oya="3" hai0="17,11,58,41,119,92,23,96,40,89,36,129,39" hai1="4,111,93,110,90,112,94,125,113,75,49,117,87" hai2="18,24,79,91,84,9,30,106,6,25,16,100,20" hai3="63,114,7,97,85,57,52,134,109,29,44,116,88"/><W32/><G116/><T130/><D11/><U81/><E4/><V102/><F79/><W68/><G114/><N who="1" m="44138" /><E49/><V64/><F64/><N who="3" m="39023" /><G68/><T73/><D73/><U80/><E117/><V2/><F106/><W98/><G32/><T34/><D34/><U69/><E69/><V65/><F65/><W118/><G118/><T8/><D8/><U122/><E125/><V14/><F2/><W61/><G134/><T56/><D119/><U46/><E46/><V95/><REACH who="2" step="1"/><F6/><REACH who="2" ten="302,163,224,301" step="2"/><W22/><G7/><T121/><D129/><U71/><E122/><V123/><F123/><W104/><G104/><T54/><D121/><U43/><E71/><V21/><AGARI ba="1,1" hai="9,14,16,18,20,21,24,25,30,84,91,95,100,102" machi="21" ten="20,8000,1" yaku="1,1,0,1,7,1,8,1,54,1,53,0" doraHai="60" doraHaiUra="77" who="2" fromWho="2" sc="302,-21,163,-21,224,93,301,-41" /><INIT seed="4,0,0,4,1,110" ten="281,142,317,260" oya="0" hai0="23,106,17,36,20,55,50,119,105,120,132,80,15" hai1="100,134,25,38,123,46,14,58,133,43,126,22,30" hai2="41,86,96,28,63,54,102,93,88,87,16,112,111" hai3="53,32,67,92,29,82,104,84,40,118,1,13,81"/><T95/><D119/><U31/><E123/><V62/><F111/><W79/><G118/><T69/><D120/><U2/><E2/><V5/><F5/><W24/><G1/><T124/><D69/><U72/><E72/><V115/><F28/><W11/><G104/><T116/><D116/><U59/><E100/><V0/><F0/><W77/><G67/><T60/><D36/><U103/><E103/><V71/><F41/><W7/><G92/><T52/><D124/><U44/><E126/><V125/><F125/><W113/><G53/><T109/><D109/><U64/><E14/><V83/><F71/><W97/><G97/><T21/><D132/><N who="1" m="50795" /><E64/><V108/><F108/><W131/><G131/><T117/><D117/><U37/><E43/><V122/><F122/><W94/><G94/><T12/><D80/><U70/><E22/><N who="0" m="8809" /><D106/><U121/><E25/><V51/><F16/><W107/><G107/><T129/><D105/><U89/><E89/><V68/><F87/><W49/><G82/><T27/><D129/><U99/><E99/><V33/><F33/><W3/><G77/><T90/><D60/><U57/><E70/><V66/><REACH who="2" step="1"/><F63/><REACH who="2" ten="281,142,307,260" step="2"/><W114/><G3/><T34/><D34/><U75/><E121/><V35/><F35/><W45/><AGARI ba="0,1" hai="7,11,13,24,29,32,40,45,49,79,81,84,113,114" machi="45" ten="30,8000,1" yaku="0,1,25,2,52,2" doraHai="110" who="3" fromWho="3" sc="281,-40,142,-20,307,-20,260,90" /><INIT seed="5,0,0,5,4,131" ten="241,122,287,350" oya="1" hai0="86,69,92,51,43,19,132,89,50,124,40,9,0" hai1="35,84,106,15,77,47,49,4,37,46,102,45,44" hai2="87,34,80,1,109,88,111,123,60,64,79,18,113" hai3="118,116,126,90,104,21,74,105,68,72,103,33,99"/><U65/><E35/><V114/><F123/><W100/><G68/><T6/><D69/><U127/><E37/><V30/><F1/><W11/><G11/><T28/><D28/><U31/><E127/><V54/><F54/><W62/><G21/><T133/><D124/><U135/><E31/><V78/><F18/><W82/><G62/><T94/><D19/><U117/><E65/><V57/><F30/><W20/><G20/><T2/><D2/><U23/><E23/><V3/><F3/><W93/><G33/><T96/><D43/><N who="1" m="24735" /><E106/><V76/><REACH who="2" step="1"/><F34/><REACH who="2" ten="241,122,277,350" step="2"/><W112/><G126/><T8/><D40/><U125/><E125/><V36/><F36/><W14/><G14/><T61/><D0/><U108/><E117/><V32/><F32/><W115/><G118/><T97/><D6/><U107/><E108/><AGARI ba="0,1" hai="57,60,64,76,78,79,80,87,88,108,109,111,113,114" machi="108" ten="50,3200,0" yaku="1,1,54,1,53,0" doraHai="131" doraHaiUra="66" who="2" fromWho="1" sc="241,0,122,-32,277,42,350,0" /><INIT seed="6,0,0,0,1,110" ten="241,90,319,350" oya="2" hai0="20,113,106,85,102,78,33,21,127,45,103,3,7" hai1="84,64,6,22,76,44,61,79,65,93,114,19,68" hai2="118,92,9,128,82,125,41,124,134,18,32,10,30" hai3="75,130,72,94,83,81,13,107,4,28,27,119,115"/><V133/><F41/><W120/><G120/><T89/><D33/><U52/><E6/><V34/><F118/><W71/><G119/><T96/><D102/><U31/><E31/><V24/><F82/><W36/><G107/><T17/><D127/><N who="2" m="48714" /><F92/><W77/><G130/><T59/><D45/><U25/><E65/><V55/><F55/><W51/><G71/><T108/><D108/><U126/><E126/><V73/><F73/><W50/><G36/><T39/><D39/><U67/><E67/><V112/><F112/><W80/><G94/><T135/><D135/><N who="2" m="51722" /><F128/><W26/><G80/><T40/><D40/><U95/><E95/><V111/><F111/><W8/><G77/><T49/><D78/><U54/><E54/><V57/><F57/><W100/><G100/><T48/><D59/><U74/><E74/><V63/><F63/><W104/><G104/><T86/><D89/><U29/><E29/><N who="2" m="19495" /><F18/><W69/><G69/><T129/><D17/><U131/><E131/><V12/><F12/><W14/><G28/><T35/><D103/><U60/><E114/><V62/><F62/><W66/><G115/><T15/><D129/><U109/><E109/><V37/><F37/><W98/><G66/><T5/><D15/><U42/><E42/><V123/><F123/><W116/><G98/><T46/><D96/><U122/><E122/><V16/><F16/><W105/><G105/><T1/><D106/><U23/><E93/><V121/><F121/><W70/><G70/><T11/><D46/><U90/><E68/><V91/><F91/><W87/><G116/><T88/><D85/><RYUUKYOKU ba="0,0" sc="241,-10,90,-10,319,30,350,-10" hai2="9,10,30,34" /><INIT seed="6,1,0,5,0,104" ten="231,80,349,340" oya="2" hai0="8,6,9,3,118,84,62,123,22,56,107,63,108" hai1="12,124,64,126,37,61,100,5,131,75,14,15,46" hai2="55,105,41,115,26,128,31,10,44,4,2,34,70" hai3="96,134,33,11,59,86,66,76,97,82,116,17,58"/><V73/><F105/><W94/><G33/><T25/><D108/><U19/><E100/><V68/><F128/><W23/><G116/><T43/><D123/><U119/><E119/><V65/><F115/><W21/><G134/><T38/><D118/><U80/><E131/><V132/><F132/><W57/><G66/><T125/><D107/><U36/><E46/><V50/><F65/><W112/><G112/><T127/><D9/><U81/><E5/><V78/><REACH who="2" step="1"/><F55/><REACH who="2" ten="231,80,339,340" step="2"/><W130/><G130/><T0/><D125/><N who="1" m="48235" /><E64/><V87/><F87/><W101/><G96/><T72/><D84/><U114/><E114/><V103/><F103/><W113/><G113/><T89/><D127/><U45/><E61/><V54/><F54/><W99/><G97/><T85/><D63/><U32/><E45/><V91/><F91/><W49/><G49/><T79/><D89/><U74/><E32/><V42/><F42/><W27/><G101/><T16/><D85/><U93/><E93/><V60/><F60/><W51/><G94/><T13/><D43/><U83/><E19/><V95/><F95/><W109/><G99/><T106/><D106/><U18/><E18/><V47/><F47/><W121/><G51/><T48/><D48/><U120/><E120/><V77/><F77/><W35/><G121/><T98/><D98/><U92/><E92/><V67/><F67/><W110/><G35/><T129/><D129/><U39/><AGARI ba="1,1" hai="12,14,15,36,37,39,74,75,80,81,83" m="48235" machi="39" ten="50,12000,2" yaku="29,2,28,2,18,1,52,2" doraHai="104" who="1" fromWho="1" sc="231,-31,80,133,339,-61,340,-31" /><INIT seed="7,0,0,0,5,27" ten="200,213,278,309" oya="3" hai0="71,102,31,50,90,123,7,91,92,76,104,97,75" hai1="95,132,61,22,25,1,86,35,15,85,119,106,38" hai2="117,28,2,24,10,42,111,135,5,54,3,68,12" hai3="9,30,122,110,58,89,48,45,60,67,81,59,131"/><W127/><G122/><T33/><D71/><U129/><E119/><V41/><F117/><W0/><G127/><T84/><D7/><U37/><E106/><V13/><F111/><W80/><G131/><T98/><D31/><N who="1" m="17847" /><E1/><V11/><F68/><W55/><G0/><T70/><D33/><U34/><E35/><V105/><F105/><W16/><G30/><T94/><D50/><U65/><E34/><V32/><F135/><W83/><G110/><T56/><D56/><N who="1" m="37031" /><E129/><V44/><F54/><W14/><G58/><T20/><D20/><U120/><E120/><V96/><F96/><W43/><G43/><T101/><D70/><U63/><E38/><V113/><F113/><W57/><G59/><T114/><D123/><U121/><E121/><V74/><F74/><W62/><G60/><T23/><D23/><U93/><E37/><V103/><F103/><W29/><G29/><T49/><D49/><U64/><E64/><V40/><REACH who="2" step="1"/><F44/><REACH who="2" ten="200,213,268,309" step="2"/><W36/><G36/><T18/><D114/><U100/><E132/><V6/><AGARI ba="0,1" hai="2,3,5,6,10,11,12,13,24,28,32,40,41,42" machi="6" ten="30,8000,1" yaku="1,1,2,1,0,1,9,1,52,1,53,0" doraHai="27" doraHaiUra="53" who="2" fromWho="2" sc="200,-20,213,-20,268,90,309,-40" owari="180,-32.0,193,-21.0,358,46.0,269,7.0" /></mjloggm>