<mjloggm ver="2.3"><GO type="225"/><UN n0="%E3%82%B4%E3%83%BC%E3%83%AB" n1="%E7%B4%85%E9%9C%A7%E5%B3%B6" n2="%E6%94%B9%E6%82%9B%E4%B8%80%E5%8F%B7" n3="%EF%BC%88%E2%89%A7%E2%96%BD%E2%89%A6%EF%BC%89" dan="16,16,16,16" rate="2123,2015,2176,2089" sx="M,F,M,M"/><TAIKYOKU oya="0"/><INIT seed="0,0,0,3,4,5" ten="250,250,250,250" oya="0" hai0="26,46,55,102,125,65,1,87,75,11,39,51,128" hai1="126,83,74,32,15,100,67,119,37,57,116,24,10" hai2="9,38,121,42,124,12,97,134,96,84,34,135,133" hai3="85,70,21,69,3,8,49,59,73,2,0,105,20"/><T113/><D75/><U63/><E37/><V92/><F121/><W98/><G73/><T89/><D113/><U29/><E126/><V104/><F34/><W71/><G85/><T68/><D125/><U81/><E100/><V93/><F124/><W115/><G115/><T16/><D128/><U44/><E44/><N who="2" m="23639" /><F104/><W35/><G35/><T48/><D39/><U88/><E81/><V54/><F54/><W130/><G130/><T7/><D102/><U109/><E109/><V94/><F84/><W19/><G98/><T52/><D68/><U18/><REACH who="1" step="1"/><E88/><REACH who="1" ten="250,240,250,250" step="2"/><N who="2" m="55303" /><F97/><W30/><G105/><T64/><D89/><U45/><E45/><V22/><F22/><W99/><G21/><N who="0" m="13607" /><D87/><U28/><E28/><V120/><F120/><W27/><G30/><T53/><D46/><U86/><E86/><V123/><F123/><W122/><G99/><T61/><D61/><U90/><E90/><V78/><F78/><AGARI ba="0,1" hai="10,15,18,24,29,32,57,63,67,74,78,83,116,119" machi="78" ten="40,5200,0" yaku="1,1,52,1,53,1" doraHai="5" doraHaiUra="72" who="1" fromWho="2" sc="250,0,240,62,250,-52,250,0" /><INIT seed="1,0,0,1,3,104" ten="250,302,198,250" oya="1" hai0="81,48,82,28,12,54,93,94,118,22,85,78,132" hai1="114,63,126,84,128,33,110,60,57,98,121,125,9" hai2="111,17,11,133,2,64,109,41,18,35,16,67,123" hai3="70,51,23,21,76,26,29,124,122,131,112,42,32"/><U83/><E121/><V68/><F123/><W25/><G122/><T27/><D118/><U1/><E33/><V36/><F35/><W79/><G70/><T92/><D132/><U72/><E114/><V71/><F36/><W77/><G112/><T43/><D43/><U13/><E1/><V134/><F41/><W53/><G131/><T87/><D12/><U34/><E34/><V44/><F44/><W117/><G124/><N who="1" m="47722" /><E128/><V100/><F100/><W46/><G117/><T108/><D108/><N who="2" m="41546" /><F11/><W65/><G65/><N who="2" m="25161" /><F2/><W50/><REACH who="3" step="1"/><G26/><REACH who="3" ten="250,302,198,240" step="2"/><T3/><D27/><U55/><E110/><V69/><AGARI ba="0,1" hai="16,17,18,68,69,71,133,134" m="25161,41546" machi="69" ten="50,8000,1" yaku="28,2,14,1,54,1" doraHai="104" who="2" fromWho="2" sc="250,-20,302,-40,198,90,240,-20" /><INIT seed="2,0,0,0,5,62" ten="230,262,288,220" oya="2" hai0="122,37,129,28,1,49,30,41,86,116,32,127,33" hai1="11,102,18,46,134,81,124,27,58,3,106,29,119" hai2="72,67,21,105,51,39,17,10,89,20,44,94,74" hai3="130,92,87,123,63,45,42,97,132,113,66,65,79"/><V100/><F39/><W7/><G123/><T23/><D37/><U43/><E119/><V111/><F111/><W91/><G132/><T128/><D122/><U95/><E106/><V14/><F105/><W34/><G34/><T15/><D116/><U96/><E134/><V61/><F100/><W121/><G121/><T90/><D1/><U107/><E58/><N who="2" m="37303" /><F72/><W38/><G130/><N who="0" m="50283" /><D127/><U22/><E107/><V76/><F76/><W12/><G113/><T6/><D6/><U16/><E124/><V5/><F74/><W104/><G63/><T83/><D15/><U73/><E73/><V47/><F5/><W25/><G25/><N who="0" m="16447" /><D30/><U55/><E81/><V56/><F56/><W57/><G57/><T2/><D2/><U131/><E131/><V59/><F59/><W60/><G60/><T4/><D4/><U88/><E3/><V109/><F109/><W71/><G71/><T54/><D41/><U50/><E11/><V40/><F44/><AGARI ba="0,0" hai="32,33,44,49,54,83,86,90" m="16447,50283" machi="44" ten="30,1000,0" yaku="19,1" doraHai="62" who="0" fromWho="2" sc="230,10,262,0,288,-10,220,0" /><INIT seed="3,0,0,5,5,32" ten="240,262,278,220" oya="3" hai0="68,90,20,72,34,87,4,54,110,8,65,6,5" hai1="44,93,47,21,55,16,108,64,27,35,109,0,86" hai2="49,135,12,126,106,111,59,104,11,92,29,52,101" hai3="18,124,58,131,133,107,120,82,61,78,71,22,125"/><W83/><G120/><T132/><D34/><U115/><E115/><V62/><F111/><N who="1" m="42569" /><E64/><V70/><F126/><N who="3" m="48747" /><G133/><T56/><D132/><U41/><E55/><V13/><F135/><W46/><G131/><T76/><D110/><U75/><E75/><V103/><F29/><W63/><G107/><T51/><D68/><U100/><E35/><V2/><F2/><W19/><G71/><T45/><D72/><U31/><E0/><V40/><F13/><N who="3" m="9551" /><G46/><N who="1" m="17450" /><E41/><V119/><F119/><W60/><G19/><T114/><D114/><U127/><E127/><V122/><F122/><W50/><G78/><T80/><D76/><U105/><E105/><V37/><F37/><W7/><G7/><T77/><D77/><U85/><E31/><V38/><F38/><W24/><G24/><T3/><D3/><U98/><AGARI ba="0,0" hai="16,21,27,85,86,93,98,100" m="17450,42569" machi="98" ten="30,2000,0" yaku="14,1,54,1" doraHai="32" who="1" fromWho="1" sc="240,-5,262,20,278,-5,220,-10" /><INIT seed="4,0,0,4,5,130" ten="235,282,273,210" oya="0" hai0="119,36,1,3,10,54,71,33,14,35,31,96,133" hai1="126,103,50,100,94,56,70,18,48,64,135,22,63" hai2="128,80,62,93,84,117,12,78,28,41,27,52,109" hai3="114,66,104,131,118,81,59,101,44,85,45,16,74"/><T29/><D36/><U0/><E0/><N who="0" m="73" /><D54/><U17/><E135/><V99/><F109/><W72/><G118/><T69/><D96/><U47/><E126/><V46/><F128/><W21/><G131/><T19/><D71/><U91/><E70/><V79/><F117/><W38/><G114/><T134/><D69/><U73/><E73/><V129/><F129/><W120/><G120/><T76/><D76/><U43/><E50/><V127/><F127/><W7/><G7/><T89/><D89/><U121/><E121/><V11/><F78/><W15/><G104/><T37/><D37/><U125/><E125/><V30/><F62/><N who="3" m="38239" /><G38/><T4/><D119/><U124/><E124/><V105/><F105/><W97/><G74/><T40/><D40/><U116/><E116/><V67/><F67/><W60/><G72/><T111/><D4/><U108/><E108/><V110/><F110/><W57/><G97/><T98/><D98/><N who="1" m="57695" /><E18/><V8/><F41/><W34/><G101/><T107/><D107/><U132/><E132/><N who="0" m="50793" /><D111/><U82/><E82/><V90/><F46/><W92/><G92/><T86/><D86/><U112/><E112/><V9/><F93/><W65/><G34/><AGARI ba="0,0" hai="10,14,19,29,31,33,34,35" m="50793,73" machi="34" ten="40,18000,2" yaku="20,1,34,2,52,3" doraHai="130" who="0" fromWho="3" sc="235,180,282,0,273,0,210,-180" owari="415,52.0,282,8.0,273,-13.0,30,-47.0" /></mjloggm>