<mjloggm ver="2.3"><GO type="169"/><UN n0="%E5%88%BB%E5%AD%90%E5%B8%82%E6%B0%91" n1="%E3%81%93%E3%81%BE%E3%81%A3%E3%81%95%E3%82%93" n2="%6B%69%63%6B%63%68%69" n3="%EF%BC%88%E2%89%A7%E2%96%BD%E2%89%A6%EF%BC%89" dan="16,16,17,16" rate="2082,2111,2138,2089" sx="M,M,M,M"/><TAIKYOKU oya="0"/><INIT seed="0,0,0,5,5,12" ten="250,250,250,250" oya="0" hai0="15,38,125,6,96,123,8,102,48,52,66,68,89" hai1="79,113,46,39,121,22,9,115,2,118,40,11,16" hai2="127,86,20,94,91,93,64,60,101,13,28,126,112" hai3="10,33,43,99,34,109,57,72,105,92,25,111,26"/><T30/><D38/><U21/><E121/><V67/><F112/><N who="1" m="43081" /><E118/><V41/><F41/><W87/><G72/><T80/><D123/><U63/><E2/><V59/><F67/><W70/><G43/><T100/><D125/><U73/><E63/><V58/><F58/><W1/><G70/><T17/><D30/><U56/><E56/><V119/><F119/><W14/><G105/><T49/><D49/><U31/><E22/><V62/><F62/><W23/><G87/><N who="0" m="50407" /><D68/><U61/><E31/><V35/><F35/><N who="3" m="13323" /><G57/><N who="0" m="32903" /><D66/><U4/><E61/><V50/><F50/><W65/><G65/><T114/><D114/><U116/><E116/><V97/><REACH who="2" step="1"/><F13/><REACH who="2" ten="250,250,240,250" step="2"/><W75/><G14/><N who="0" m="5399" /><D96/><U32/><E32/><V132/><F132/><W42/><G99/><T84/><D84/><U90/><E40/><V0/><F0/><W98/><G42/><T81/><D81/><U7/><E39/><V83/><F83/><W133/><G1/><T128/><D128/><U95/><E46/><V117/><F117/><W24/><G98/><T124/><D124/><U37/><E37/><V47/><F47/><W76/><G75/><T107/><D107/><U45/><E45/><V44/><F44/><W85/><G85/><T54/><D54/><U129/><E73/><V108/><F108/><W71/><G111/><T74/><D74/><U5/><E129/><V103/><F103/><W104/><G109/><T130/><D130/><U77/><E77/><V18/><F18/><W19/><G19/><T27/><D15/><N who="1" m="9375" /><E79/><V106/><F106/><W3/><G104/><T69/><D69/><U135/><E135/><RYUUKYOKU ba="0,1" sc="250,10,250,10,240,10,250,-30" hai0="17,27,100,102" hai1="4,5,7,9,11,90,95" hai2="20,28,59,60,64,86,91,93,94,97,101,126,127" /><INIT seed="0,1,1,5,0,100" ten="260,260,250,220" oya="0" hai0="60,68,129,125,9,18,59,50,119,33,106,121,64" hai1="70,87,91,45,116,77,118,5,22,52,105,27,66" hai2="57,92,11,55,104,90,132,15,80,120,112,43,84" hai3="39,12,127,2,21,48,1,51,135,16,30,99,89"/><T62/><D33/><U14/><E77/><V101/><F120/><W98/><G39/><T74/><D74/><U19/><E70/><V56/><F112/><W96/><G135/><T85/><D121/><U20/><E66/><V76/><F132/><W122/><G122/><T37/><D37/><U7/><E7/><V78/><F43/><W3/><G127/><T53/><D119/><U115/><E115/><V95/><F95/><W28/><REACH who="3" step="1"/><G89/><REACH who="3" ten="260,260,250,210" step="2"/><T81/><D125/><U133/><E133/><V29/><F90/><W61/><G61/><T94/><D62/><U123/><E123/><V69/><F78/><W35/><G35/><T110/><D60/><U67/><E118/><V83/><F76/><W113/><G113/><T34/><D34/><U93/><E116/><V97/><F83/><W41/><G41/><T25/><D81/><U10/><E67/><V0/><F80/><W86/><G86/><T73/><D85/><U109/><E87/><V72/><F84/><W134/><G134/><T130/><D64/><U88/><E91/><V75/><F72/><W24/><G24/><T23/><D25/><U103/><E27/><V102/><F75/><W47/><G47/><T114/><D73/><U42/><E42/><V36/><F36/><W79/><G79/><T6/><D114/><U44/><E44/><V38/><F38/><W131/><G131/><T17/><D129/><U128/><E128/><V54/><F69/><W49/><AGARI ba="1,2" hai="1,2,3,12,16,21,28,30,48,49,51,96,98,99" machi="49" ten="40,8000,1" yaku="1,1,0,1,29,2,54,1,53,0" doraHai="100" doraHaiUra="71" who="3" fromWho="3" sc="260,-41,260,-21,250,-21,210,103" /><INIT seed="1,0,0,3,5,91" ten="219,239,229,313" oya="1" hai0="98,1,90,110,3,128,80,57,0,56,74,123,55" hai1="63,24,4,53,61,96,20,42,103,28,73,16,125" hai2="68,62,43,93,133,131,115,2,27,117,49,48,111" hai3="72,119,107,23,6,120,65,101,118,12,64,114,54"/><U69/><E73/><V132/><F2/><W29/><G120/><T112/><D123/><U77/><E77/><V5/><F117/><N who="3" m="44555" /><G72/><T13/><D112/><U38/><E4/><V71/><F115/><W86/><G114/><T130/><D110/><U108/><E125/><V35/><F5/><W99/><G54/><T51/><D13/><U17/><E38/><V10/><F10/><N who="3" m="4183" /><G86/><T88/><D57/><U78/><E42/><V66/><F111/><W70/><G70/><T41/><D41/><U83/><E108/><V95/><F71/><W94/><G107/><T75/><D80/><U37/><E69/><V67/><F67/><W19/><G29/><T21/><D21/><U25/><E28/><V79/><F79/><W8/><G8/><T76/><D76/><U60/><E53/><V44/><F131/><N who="0" m="50218" /><D90/><U52/><E78/><V127/><F127/><W15/><AGARI ba="0,0" hai="15,19,23,64,65,94,99,101" m="4183,44555" machi="15" ten="30,2000,0" yaku="12,1,52,1" doraHai="91" who="3" fromWho="3" sc="219,-5,239,-10,229,-5,313,20" /><INIT seed="2,0,0,0,0,135" ten="214,229,224,333" oya="2" hai0="134,133,81,33,12,56,71,78,131,48,83,105,18" hai1="66,31,92,123,75,116,82,1,108,118,51,10,103" hai2="129,73,111,126,115,3,79,120,4,114,113,74,42" hai3="9,47,17,119,107,29,121,110,86,2,84,50,49"/><V109/><F120/><W23/><G107/><T99/><D71/><U132/><E66/><V43/><F4/><W59/><G121/><T94/><D33/><U62/><E62/><V37/><F3/><W112/><G119/><T24/><D105/><U106/><E51/><V15/><F15/><N who="3" m="7407" /><G2/><T0/><D0/><U90/><E10/><V53/><F129/><W72/><G72/><N who="2" m="27753" /><F79/><W44/><G59/><T97/><D24/><U7/><E7/><V127/><F53/><N who="3" m="29863" /><G112/><T20/><D97/><U13/><E1/><V46/><F43/><N who="3" m="24959" /><G110/><AGARI ba="0,0" hai="37,42,46,109,110,111,113,114,115,126,127" m="27753" machi="110" ten="40,12000,1" yaku="14,1,10,1,23,1,52,2" doraHai="135" who="2" fromWho="3" sc="214,0,229,0,224,120,333,-120" /><INIT seed="2,1,0,2,5,66" ten="214,229,344,213" oya="2" hai0="119,93,71,81,43,20,111,19,126,42,78,31,40" hai1="124,21,41,4,39,23,49,6,46,90,131,128,25" hai2="104,12,64,122,70,102,59,14,79,116,97,77,110" hai3="115,16,36,89,5,34,135,47,0,63,74,133,52"/><V69/><F122/><W123/><G74/><T22/><D111/><U86/><E23/><V37/><F37/><W125/><G34/><T76/><D126/><U87/><E87/><V11/><F116/><W9/><G123/><T61/><D119/><U109/><E39/><V112/><F112/><W91/><G125/><T114/><D114/><U103/><E103/><V105/><F110/><W120/><G120/><T58/><D71/><U32/><E32/><V129/><F129/><N who="1" m="49737" /><E124/><V48/><F104/><W53/><G115/><T50/><D31/><N who="1" m="17839" /><E109/><V73/><F14/><W95/><G36/><T3/><D3/><U121/><E121/><V80/><F79/><W132/><G95/><AGARI ba="1,0" hai="4,6,41,46,49,86,90,95" m="17839,49737" machi="95" ten="30,1000,0" yaku="19,1" doraHai="66" who="1" fromWho="3" sc="214,0,229,13,344,0,213,-13" /><INIT seed="3,0,0,0,5,74" ten="214,242,344,200" oya="3" hai0="2,39,57,129,5,73,67,12,72,49,85,95,75" hai1="79,132,99,111,102,60,47,13,133,53,76,30,61" hai2="128,131,106,43,130,135,93,78,51,37,35,50,87" hai3="8,107,0,81,4,16,58,114,97,118,105,63,59"/><W89/><G118/><T98/><D39/><U90/><E90/><V80/><F106/><W6/><G114/><T18/><D2/><U17/><E30/><V115/><F115/><W71/><G4/><T86/><D5/><U19/><E47/><N who="2" m="24047" /><F35/><W92/><G71/><T28/><D28/><U101/><E53/><V103/><F135/><W77/><G16/><T126/><D126/><U96/><E111/><V62/><F62/><W121/><G121/><T1/><D1/><U26/><E13/><V45/><F45/><W21/><G21/><T70/><D70/><U88/><E88/><N who="2" m="53407" /><F103/><W108/><G108/><T41/><D41/><U31/><E31/><V20/><F20/><W46/><G46/><T36/><D36/><U7/><E7/><V44/><F44/><W104/><REACH who="3" step="1"/><G63/><REACH who="3" ten="214,242,344,190" step="2"/><T27/><D18/><U55/><E133/><V119/><F119/><W84/><AGARI ba="0,1" hai="0,6,8,58,59,77,81,84,89,92,97,104,105,107" machi="84" ten="30,11700,0" yaku="1,1,2,1,0,1,52,1,53,0" doraHai="74" doraHaiUra="113" who="3" fromWho="3" sc="214,-39,242,-39,344,-39,190,127" /><INIT seed="3,1,0,4,0,77" ten="175,203,305,317" oya="3" hai0="90,21,132,63,10,114,92,72,22,94,37,102,73" hai1="108,84,17,134,51,12,100,129,54,109,135,26,95" hai2="89,75,55,14,29,74,5,99,70,80,97,113,52" hai3="33,41,62,127,69,60,13,40,49,81,82,35,105"/><W65/><G105/><T96/><D37/><U28/><E129/><V121/><F70/><W15/><G127/><T47/><D132/><N who="1" m="50731" /><E100/><V86/><F113/><W116/><G69/><T36/><D114/><U118/><E95/><V66/><F66/><W23/><G23/><T2/><D73/><U110/><E118/><V112/><F112/><W19/><G19/><T98/><D72/><U9/><E84/><V130/><F130/><W103/><G103/><T57/><D2/><U79/><E79/><V6/><F75/><W39/><G65/><T18/><D36/><U124/><E124/><V8/><F74/><W61/><G61/><T30/><D47/><U64/><E64/><V11/><F29/><W56/><G39/><T101/><D30/><U111/><N who="1" m="28160" /><DORA hai="119" /><U133/><N who="1" m="50739" /><U83/><DORA hai="32" /><E83/><V78/><F121/><W85/><G85/><T31/><D31/><U27/><E28/><V128/><F128/><W67/><G67/><N who="0" m="39407" /><D102/><U58/><AGARI ba="1,0" hai="9,12,17,26,27,51,54,58" m="28160,50739" machi="58" ten="70,4700,0" yaku="20,1,14,1" doraHai="77,119,32" who="1" fromWho="1" sc="175,-13,203,50,305,-13,317,-24" /><INIT seed="4,0,0,5,4,6" ten="162,253,292,293" oya="0" hai0="45,44,5,108,107,131,50,47,110,68,113,111,11" hai1="0,53,27,14,36,109,8,25,9,134,128,52,19" hai2="13,73,102,20,83,95,81,126,90,60,125,88,71" hai3="51,62,15,77,79,18,118,84,30,72,58,63,24"/><T104/><D68/><U64/><E36/><V4/><F102/><W65/><G118/><T3/><D113/><U132/><E109/><V112/><F112/><W54/><G72/><T99/><D131/><U100/><E64/><V34/><F34/><W43/><G43/><T70/><D70/><U69/><E69/><V22/><F90/><W94/><G94/><T66/><D66/><U35/><E100/><V59/><F71/><W17/><G84/><T40/><D99/><U117/><E117/><V129/><F129/><W86/><G86/><T16/><D16/><N who="3" m="6249" /><G15/><T103/><D103/><U87/><E87/><N who="2" m="52639" /><F83/><W106/><G106/><AGARI ba="0,0" hai="3,5,11,40,44,45,47,50,104,106,107,108,110,111" machi="106" ten="50,4800,0" yaku="10,1,52,1" doraHai="6" who="0" fromWho="3" sc="162,48,253,0,292,0,293,-48" /><INIT seed="4,1,0,3,2,53" ten="210,253,292,245" oya="0" hai0="106,104,46,93,64,30,132,48,103,37,16,115,80" hai1="1,69,111,124,10,75,129,51,58,21,134,123,117" hai2="79,131,121,28,0,59,39,41,86,40,26,84,44" hai3="96,74,88,35,34,99,122,13,57,50,33,127,73"/><T20/><D37/><U24/><RYUUKYOKU type="yao9" ba="1,0" sc="210,0,253,0,292,0,245,0" hai1="1,10,21,24,51,58,69,75,111,117,123,124,129,134" /><INIT seed="4,2,0,3,5,31" ten="210,253,292,245" oya="0" hai0="111,13,132,44,2,16,52,129,27,12,56,116,49" hai1="78,72,120,90,83,68,107,64,125,67,130,46,97" hai2="99,114,3,11,48,15,121,126,106,102,87,34,30" hai3="14,119,105,54,0,58,98,51,100,86,94,43,33"/><T122/><D2/><U76/><E120/><V5/><F121/><W95/><G119/><T60/><D122/><U123/><E123/><V128/><F128/><W135/><G0/><T10/><D116/><U53/><E68/><V104/><F114/><W69/><G69/><T26/><D129/><U28/><E130/><V4/><F126/><W65/><G135/><T50/><D132/><U38/><E125/><V71/><F71/><W91/><G65/><N who="0" m="39047" /><D111/><U32/><E78/><V8/><F87/><W79/><G33/><T35/><D35/><U88/><E107/><V113/><F113/><W7/><G79/><T17/><D49/><U127/><E127/><V112/><F112/><W18/><G43/><T103/><D103/><U61/><E97/><V89/><F89/><W25/><G25/><T29/><D29/><U134/><E134/><V80/><F80/><W21/><REACH who="3" step="1"/><G7/><REACH who="3" ten="210,253,292,235" step="2"/><T22/><AGARI ba="2,1" hai="10,12,13,16,17,22,26,27,44,50,52" m="39047" machi="22" ten="30,6000,0" yaku="8,1,54,2" doraHai="31" who="0" fromWho="0" sc="210,76,253,-22,292,-22,235,-22" /><INIT seed="4,3,0,3,4,13" ten="286,231,270,213" oya="0" hai0="128,94,129,48,115,67,44,125,70,58,32,102,38" hai1="36,100,18,51,6,24,22,16,20,114,37,63,82" hai2="49,39,110,35,119,17,130,40,1,68,81,113,11" hai3="59,25,90,88,76,97,29,85,47,28,134,41,122"/><T74/><D74/><U84/><E6/><V89/><F68/><W7/><G134/><T53/><D32/><U66/><E51/><V31/><F39/><W112/><G122/><T43/><D115/><U21/><E100/><V126/><F110/><W9/><G112/><T79/><D79/><U42/><E114/><V12/><F113/><W106/><G59/><T116/><D116/><U4/><E4/><V5/><F119/><W121/><G121/><T120/><D120/><U96/><E96/><V109/><F109/><W91/><G106/><T2/><D2/><U23/><E42/><V95/><F81/><W57/><G57/><T56/><D94/><U123/><E123/><V3/><F126/><W46/><G97/><T61/><D102/><U107/><E107/><V111/><F111/><W65/><G65/><T72/><D72/><U92/><E92/><V99/><F130/><N who="0" m="50282" /><D58/><U86/><E86/><V117/><F117/><W131/><G131/><T8/><D8/><U80/><E80/><V93/><F93/><W104/><G104/><T77/><D77/><U127/><E127/><AGARI ba="3,0" hai="38,43,44,48,53,56,61,67,70,125,127" m="50282" machi="127" ten="30,11600,0" yaku="24,1,19,1,34,2" doraHai="13" who="0" fromWho="1" sc="286,125,231,-125,270,0,213,0" /><INIT seed="4,4,0,4,2,59" ten="411,106,270,213" oya="0" hai0="111,21,130,78,70,132,131,93,37,128,110,133,48" hai1="20,22,53,62,40,56,83,107,44,55,32,39,1" hai2="12,122,10,5,74,61,73,60,66,100,43,105,17" hai3="45,14,15,84,64,79,7,51,63,82,9,101,72"/><T42/><D78/><U88/><E32/><V103/><F122/><W126/><G126/><T11/><D93/><U124/><E107/><V19/><F43/><W112/><G112/><T99/><D99/><U57/><E1/><V108/><F108/><N who="0" m="41514" /><D21/><U87/><REACH who="1" step="1"/><E124/><REACH who="1" ten="411,96,270,213" step="2"/><V65/><F105/><W69/><G101/><T41/><D11/><U118/><E118/><V49/><F103/><W76/><G72/><T67/><D37/><U34/><E34/><V77/><F100/><W102/><G102/><T129/><D129/><U35/><E35/><V52/><F74/><W113/><G113/><T92/><D131/><U29/><E29/><V121/><F73/><W115/><G115/><T58/><D130/><U25/><E25/><V38/><F38/><W75/><G75/><T71/><D128/><U8/><E8/><V16/><F121/><W125/><G125/><T0/><D0/><U36/><E36/><V81/><F10/><W109/><G109/><T119/><D119/><U120/><E120/><V98/><F12/><W54/><REACH who="3" step="1"/><G79/><REACH who="3" ten="411,96,270,203" step="2"/><T24/><D133/><U28/><E28/><V106/><F77/><W4/><G4/><T31/><D132/><U117/><E117/><V18/><F5/><W2/><AGARI ba="4,2" hai="2,7,9,14,15,45,51,54,63,64,69,76,82,84" machi="2" ten="20,5200,0" yaku="1,1,0,1,7,1,52,1,53,0" doraHai="59" doraHaiUra="116" who="3" fromWho="3" sc="411,-30,96,-17,270,-17,203,84" /><INIT seed="5,0,0,5,4,23" ten="381,79,253,287" oya="1" hai0="71,33,6,123,14,108,92,38,70,12,47,94,95" hai1="57,55,54,5,122,103,39,93,68,101,42,25,78" hai2="31,49,41,104,131,99,100,58,109,8,18,113,75" hai3="3,110,13,43,52,121,2,17,133,134,56,82,107"/><U91/><E68/><V69/><F69/><W83/><G107/><T4/><D108/><U74/><E122/><V40/><F75/><W90/><G43/><T9/><D33/><U111/><E5/><V84/><F109/><W1/><G110/><T73/><D73/><U28/><E111/><V29/><F131/><W117/><G117/><T98/><D98/><U132/><E132/><N who="3" m="50794" /><G90/><T102/><D102/><U21/><E55/><V36/><F36/><W48/><G121/><T115/><D115/><U88/><E91/><V96/><F84/><W86/><G86/><T32/><D32/><U34/><E34/><V62/><F99/><W46/><G46/><T45/><D123/><U135/><E135/><V66/><F113/><W81/><G81/><T116/><D116/><U27/><E27/><V0/><F41/><W53/><G53/><T80/><D80/><U26/><E26/><V35/><F35/><W112/><G112/><T61/><D61/><U126/><E126/><V50/><F50/><W65/><G65/><T130/><D130/><U76/><E42/><V51/><F51/><W125/><G125/><T87/><D71/><U44/><E44/><V30/><F49/><W129/><G129/><T85/><D70/><U72/><E39/><V64/><F64/><W15/><G15/><T37/><D37/><U128/><E128/><V114/><F40/><W7/><G7/><T16/><D38/><U79/><E74/><V11/><F114/><W63/><G48/><T124/><D124/><U24/><E72/><V67/><F67/><W59/><G59/><T105/><D47/><RYUUKYOKU ba="0,0" sc="381,-10,79,-10,253,-10,287,30" hai3="1,2,3,13,17,52,56,63,82,83" /><INIT seed="6,1,0,3,4,6" ten="371,69,243,317" oya="2" hai0="131,76,102,75,56,119,40,7,10,90,12,17,130" hai1="18,114,123,52,60,108,132,98,47,73,70,15,42" hai2="82,24,81,4,104,33,126,26,66,25,118,67,135" hai3="128,45,74,55,129,20,59,39,71,57,78,84,54"/><V127/><F104/><W32/><G32/><T122/><D102/><U36/><E73/><V49/><F118/><W95/><G74/><T64/><D119/><U107/><E123/><V8/><F33/><W99/><G71/><T93/><D40/><U62/><E108/><V105/><F105/><W29/><G39/><T44/><D44/><U34/><E34/><V100/><F100/><W38/><G38/><T5/><D122/><U103/><E132/><V43/><F49/><W30/><G45/><T35/><D35/><U2/><E2/><V72/><F43/><W1/><G1/><T109/><D109/><U21/><E70/><V80/><F72/><W61/><G20/><T69/><D69/><U112/><E52/><V58/><F135/><W41/><G41/><T0/><D76/><U68/><E68/><V91/><F91/><N who="3" m="55807" /><G129/><N who="0" m="49163" /><D0/><U50/><E36/><V63/><REACH who="2" step="1"/><F67/><REACH who="2" ten="371,69,233,317" step="2"/><W46/><G128/><T120/><D75/><U19/><REACH who="1" step="1"/><E18/><REACH who="1" ten="371,59,233,317" step="2"/><V83/><N who="2" m="20480" /><DORA hai="125" /><V110/><F110/><W113/><G55/><T133/><D133/><U22/><E22/><V14/><AGARI ba="1,2" hai="4,8,14,24,25,26,58,63,66,126,127" m="20480" machi="14" ten="50,9600,0" yaku="1,1,0,1,52,1,53,0" doraHai="6,125" doraHaiUra="111,89" who="2" fromWho="2" sc="371,-33,59,-33,233,119,317,-33" /><INIT seed="6,2,0,0,1,114" ten="338,26,352,284" oya="2" hai0="102,111,52,20,35,82,67,31,88,10,117,58,104" hai1="63,122,2,81,73,99,21,97,100,17,42,95,106" hai2="25,92,74,54,41,108,109,30,91,103,4,23,44" hai3="134,24,129,119,18,116,120,28,5,78,79,128,60"/><V71/><F74/><W8/><G120/><T0/><D111/><N who="2" m="42570" /><F71/><W101/><G101/><T76/><D35/><U12/><E2/><V94/><F4/><W46/><G134/><T131/><D67/><U62/><E122/><V39/><F103/><W69/><G46/><T118/><D131/><N who="3" m="50249" /><G18/><T15/><D88/><U107/><E42/><V124/><F124/><W93/><G93/><N who="2" m="35945" /><F54/><W64/><G78/><T112/><D112/><U61/><REACH who="1" step="1"/><E99/><REACH who="1" ten="338,16,352,284" step="2"/><V3/><F3/><N who="3" m="63" /><G79/><AGARI ba="2,1" hai="12,17,21,61,62,63,73,79,81,95,97,100,106,107" machi="79" ten="40,1300,0" yaku="1,1,53,0" doraHai="114" doraHaiUra="37" who="1" fromWho="3" sc="338,0,16,29,352,0,284,-19" /><INIT seed="7,0,0,2,1,22" ten="338,45,352,265" oya="3" hai0="12,21,45,69,129,51,27,83,112,101,32,113,0" hai1="34,114,60,47,87,72,31,79,90,94,116,86,77" hai2="126,61,9,89,76,35,107,49,42,135,7,92,29" hai3="105,38,108,131,65,57,128,10,71,59,43,68,25"/><W132/><G105/><T15/><D129/><N who="3" m="49737" /><G10/><T11/><D69/><N who="3" m="26697" /><G132/><T13/><D101/><U119/><E60/><V19/><F107/><W100/><G100/><T70/><D70/><U96/><E47/><V102/><F102/><W24/><G108/><T117/><D117/><U39/><E39/><V123/><F123/><W124/><G124/><T62/><D62/><U16/><E16/><V54/><F76/><W75/><G75/><T55/><D32/><U73/><E31/><V95/><F126/><W93/><G93/><T28/><REACH who="0" step="1"/><D83/><REACH who="0" ten="328,45,352,265" step="2"/><U127/><E34/><V46/><F135/><W121/><G121/><T133/><D133/><U37/><E37/><V125/><F125/><W41/><G65/><T23/><D23/><U88/><E127/><V66/><F92/><W115/><G115/><T30/><D30/><U120/><E94/><V6/><F29/><W111/><G111/><T26/><D26/><N who="3" m="10345" /><G38/><T8/><D8/><U82/><E82/><V18/><F35/><W84/><G84/><T48/><D48/><U33/><E33/><V91/><F66/><W1/><G1/><T134/><D134/><U103/><E103/><V110/><F110/><W40/><AGARI ba="0,1" hai="40,41,43,57,59" m="10345,26697,49737" machi="40" ten="40,18000,2" yaku="28,2,19,1,52,3" doraHai="22" who="3" fromWho="3" sc="328,-60,45,-60,352,-60,265,190" owari="268,-13.0,-15,-52.0,292,9.0,455,56.0" /></mjloggm>