<mjloggm ver="2.3"><GO type="41"/><UN n0="%E7%B4%85%E9%9F%B3" n1="%EF%BC%88%E2%89%A7%E2%96%BD%E2%89%A6%EF%BC%89" n2="%4B%E3%80%82" n3="%64%69%73%61%73%74%65%72" dan="13,15,15,13" rate="1810,2021,2015,1862" sx="F,M,M,M"/><TAIKYOKU oya="0"/><INIT seed="0,0,0,0,3,106" ten="250,250,250,250" oya="0" hai0="22,4,36,63,77,98,23,52,90,49,0,2,114" hai1="65,3,46,62,33,8,15,103,66,122,110,120,64" hai2="78,10,17,30,102,51,26,13,115,76,85,38,130" hai3="73,60,126,87,29,21,47,88,40,116,108,1,44"/><T20/><D36/><U19/><E110/><V12/><F115/><W105/><G116/><T39/><D39/><U99/><E33/><V53/><F38/><W59/><G126/><T69/><D77/><U80/><E3/><V25/><F130/><W132/><G108/><T135/><D114/><U43/><E80/><V118/><F118/><W79/><G132/><T28/><D28/><U121/><E62/><V57/><F102/><W18/><G105/><T54/><D135/><U45/><REACH who="1" step="1"/><E43/><REACH who="1" ten="250,240,250,250" step="2"/><V71/><F71/><W61/><G1/><T107/><D0/><U81/><E81/><V109/><F109/><W6/><G73/><T32/><D32/><U100/><E100/><V34/><F26/><W75/><G75/><T133/><D133/><U123/><N who="1" m="31232" /><DORA hai="131" /><U94/><AGARI ba="0,1" hai="8,15,19,45,46,64,65,66,94,99,103" m="31232" machi="94" ten="60,8000,1" yaku="1,1,4,1,0,1,53,1" doraHai="106,131" doraHaiUra="101,93" who="1" fromWho="1" sc="250,-40,240,90,250,-20,250,-20" /><INIT seed="1,0,0,2,0,92" ten="210,330,230,230" oya="1" hai0="112,96,69,80,17,41,89,35,127,28,43,4,38" hai1="40,84,32,3,99,44,57,79,86,109,46,72,70" hai2="19,53,123,131,2,107,66,118,42,24,67,82,77" hai3="0,51,74,108,37,26,68,65,106,47,36,5,64"/><U29/><E70/><V85/><F118/><W121/><G108/><T93/><D69/><U10/><E109/><V126/><F123/><W15/><G121/><T58/><D112/><U119/><E119/><V114/><F2/><W25/><G106/><T49/><D38/><U125/><E125/><V113/><F126/><W73/><G0/><T12/><D127/><U21/><E32/><V117/><F117/><W124/><G124/><T105/><D105/><U95/><E72/><V8/><F42/><W54/><G37/><T52/><D4/><U50/><E3/><V133/><F107/><W31/><G36/><T76/><D28/><U120/><E120/><V102/><F102/><W91/><G91/><T103/><D103/><N who="1" m="60927" /><E10/><V134/><F53/><W34/><G26/><T101/><D101/><U56/><E44/><V48/><F48/><W22/><G68/><T115/><D35/><U11/><E11/><V78/><F78/><W1/><G1/><T104/><D104/><U7/><E7/><V110/><F110/><W132/><G132/><T87/><D115/><U94/><E79/><V129/><F8/><AGARI ba="0,0" hai="8,12,17,41,43,49,52,58,76,80,87,89,93,96" machi="8" ten="30,7700,0" yaku="7,1,8,1,52,1,54,1" doraHai="92" who="0" fromWho="2" sc="210,77,330,0,230,-77,230,0" /><INIT seed="2,0,0,1,2,94" ten="287,330,153,230" oya="2" hai0="13,133,47,8,21,92,12,105,49,25,30,75,15" hai1="113,45,87,114,0,67,26,68,81,77,7,6,50" hai2="120,84,60,32,38,95,135,70,98,71,79,43,52" hai3="125,85,61,54,89,46,123,69,55,48,65,56,83"/><V53/><F120/><W24/><G123/><T42/><D105/><U51/><E26/><V40/><F32/><W88/><G125/><T103/><D75/><U29/><E29/><V27/><F27/><W10/><G24/><T18/><D133/><U11/><E7/><V72/><F72/><W124/><G124/><T118/><D118/><U100/><E100/><V62/><F135/><W23/><G23/><T122/><D122/><U58/><E68/><V14/><F62/><W117/><G117/><T97/><AGARI ba="0,0" hai="8,12,13,15,18,21,25,30,42,47,49,92,97,103" machi="97" ten="30,4000,0" yaku="0,1,8,1,52,1" doraHai="94" who="0" fromWho="0" sc="287,40,330,-10,153,-20,230,-10" /><INIT seed="3,0,0,2,1,66" ten="327,320,133,220" oya="3" hai0="45,82,20,100,48,81,74,92,25,127,58,88,135" hai1="44,30,70,117,131,47,1,26,133,19,28,2,76" hai2="40,29,50,118,78,98,5,111,116,134,129,43,121" hai3="113,32,94,114,91,27,34,54,126,119,83,41,24"/><W31/><G119/><T3/><D3/><U57/><E117/><V37/><F37/><W71/><G126/><T85/><D127/><U73/><E131/><V14/><F78/><W69/><G41/><T132/><D74/><U99/><E133/><N who="0" m="51273" /><D58/><U77/><E73/><V10/><F134/><W16/><G54/><N who="0" m="29967" /><D100/><U96/><E57/><V68/><F68/><W80/><G94/><T93/><D92/><U17/><E26/><V106/><F129/><W107/><G31/><AGARI ba="0,0" hai="20,25,31,81,82,85,88,93" m="29967,51273" machi="31" ten="30,2000,0" yaku="20,1,54,1" doraHai="66" who="0" fromWho="3" sc="327,20,320,0,133,0,220,-20" /><INIT seed="4,0,0,4,0,135" ten="347,320,133,200" oya="0" hai0="109,70,54,106,22,121,118,76,81,11,42,67,120" hai1="33,9,37,53,3,111,46,6,8,20,105,134,0" hai2="73,21,128,17,129,97,25,100,72,95,29,23,82" hai3="69,31,92,119,103,39,131,133,5,88,112,62,55"/><T90/><D118/><U113/><E105/><V102/><F102/><W108/><G133/><T12/><D106/><U83/><E134/><V85/><F128/><W47/><G39/><T18/><D109/><U24/><E111/><V63/><F129/><W94/><G108/><T58/><D42/><U45/><E113/><V80/><F63/><W78/><G112/><T115/><D115/><U48/><E33/><V91/><REACH who="2" step="1"/><F82/><REACH who="2" ten="347,320,123,200" step="2"/><W57/><G119/><T68/><D121/><U51/><E83/><V122/><F122/><W49/><G131/><T56/><D120/><U99/><E99/><V86/><F86/><W40/><G69/><T10/><D70/><U52/><E37/><V41/><F41/><W101/><G78/><T28/><D76/><U19/><REACH who="1" step="1"/><E8/><REACH who="1" ten="347,310,123,200" step="2"/><V74/><F74/><W59/><G94/><T30/><D11/><U13/><AGARI ba="0,2" hai="0,3,6,9,13,19,20,24,45,46,48,51,52,53" machi="13" ten="20,12000,2" yaku="1,1,2,1,0,1,7,1,9,1,54,1,53,0" doraHai="135" doraHaiUra="123" who="1" fromWho="1" sc="347,-60,310,140,123,-30,200,-30" /><INIT seed="5,0,0,1,0,123" ten="287,450,93,170" oya="1" hai0="7,93,49,10,58,56,39,127,23,66,113,89,132" hai1="36,31,4,77,116,2,91,32,114,35,92,28,100" hai2="60,107,85,67,109,37,46,84,110,118,65,64,21" hai3="18,71,59,96,9,133,51,72,8,128,131,80,102"/><U79/><E116/><V43/><F118/><W129/><G71/><T55/><D39/><U98/><E114/><V112/><F107/><W122/><G122/><T19/><D113/><U87/><E36/><V5/><F112/><W34/><G133/><T121/><D121/><U124/><E124/><V62/><F5/><W106/><G34/><T24/><D127/><U97/><E35/><V0/><F0/><W81/><G18/><T111/><D132/><U99/><E32/><V86/><REACH who="2" step="1"/><F21/><REACH who="2" ten="287,450,83,170" step="2"/><W120/><G120/><T125/><D125/><U78/><E2/><V82/><F82/><N who="3" m="31851" /><G72/><T105/><D105/><U50/><E4/><V130/><F130/><W11/><G8/><T14/><D111/><AGARI ba="0,1" hai="37,43,46,60,62,64,65,67,84,85,86,109,110,111" machi="111" ten="50,8000,1" yaku="1,1,52,3,53,1" doraHai="123" doraHaiUra="40" who="2" fromWho="0" sc="287,-80,450,0,83,90,170,0" /><INIT seed="6,0,0,2,1,130" ten="207,450,173,170" oya="2" hai0="20,19,115,81,57,55,59,9,62,93,92,70,85" hai1="65,134,91,49,77,64,129,58,11,14,76,109,116" hai2="41,87,35,56,106,72,83,90,21,0,107,52,117" hai3="1,88,48,135,45,44,28,37,127,15,110,124,112"/><V26/><F117/><W60/><G110/><T68/><D115/><U51/><E116/><V103/><F35/><W102/><G112/><T30/><D30/><U7/><E109/><V132/><F0/><W39/><G1/><T123/><D123/><U6/><E129/><V113/><F113/><W74/><G28/><T50/><D9/><U3/><E3/><V120/><F120/><W25/><G25/><N who="0" m="14495" /><D68/><U67/><E6/><V114/><F114/><W63/><G74/><T32/><D70/><U119/><E119/><V23/><F72/><W38/><G15/><T12/><D12/><U4/><E4/><V131/><F131/><W128/><G102/><T100/><D100/><U108/><E108/><V66/><F66/><W17/><G17/><T79/><D32/><U5/><E5/><V24/><F41/><N who="3" m="24591" /><G88/><T69/><D69/><U31/><E31/><V99/><F106/><W78/><G78/><T89/><D79/><U97/><E77/><V133/><F23/><W42/><G128/><T2/><D2/><U111/><E76/><V75/><F75/><W47/><G135/><N who="2" m="51785" /><F21/><W86/><G86/><T95/><D81/><U8/><E134/><V40/><F40/><N who="3" m="22671" /><G38/><T125/><D125/><AGARI ba="0,0" hai="39,42,47,60,63,124,125,127" m="22671,24591" machi="125" ten="30,3900,0" yaku="18,1,34,2" doraHai="130" who="3" fromWho="0" sc="207,-39,450,0,173,0,170,39" /><INIT seed="7,0,0,2,3,101" ten="168,450,173,209" oya="3" hai0="131,134,54,64,30,76,11,0,106,74,70,86,91" hai1="127,88,108,55,105,38,6,15,95,22,21,46,53" hai2="68,104,9,80,100,13,124,5,77,67,110,28,107" hai3="62,133,109,94,90,72,126,73,66,97,14,78,7"/><W36/><G36/><T121/><D121/><U85/><E108/><V23/><F110/><W8/><G109/><T84/><D131/><U117/><E105/><V33/><F124/><W98/><G126/><T63/><D134/><U102/><E127/><V69/><F33/><W116/><G116/><T2/><D2/><U27/><E117/><V17/><F28/><W132/><G97/><T111/><D111/><U89/><E102/><V129/><F129/><W99/><G98/><T19/><D106/><U32/><E32/><V41/><F41/><W1/><G1/><T49/><D30/><N who="1" m="17775" /><E38/><V16/><F100/><W81/><REACH who="3" step="1"/><G73/><REACH who="3" ten="168,450,173,199" step="2"/><T52/><D74/><U59/><E85/><V35/><F107/><W128/><G128/><T96/><D96/><U135/><E135/><V44/><F104/><W87/><G87/><T29/><D0/><U113/><E113/><V56/><F35/><W118/><G118/><T26/><D84/><U114/><E114/><V40/><F68/><AGARI ba="0,1" hai="7,8,14,62,66,68,72,78,81,90,94,99,132,133" machi="68" ten="40,3900,0" yaku="1,1,53,1" doraHai="101" doraHaiUra="58" who="3" fromWho="2" sc="168,0,450,0,173,-39,199,49" /><INIT seed="7,1,0,4,1,116" ten="168,450,134,248" oya="3" hai0="23,91,13,37,74,99,129,10,122,131,75,82,8" hai1="45,67,48,77,78,27,126,40,124,89,101,59,29" hai2="51,109,11,118,54,81,102,58,20,3,96,34,52" hai3="132,97,6,1,64,44,111,68,123,24,76,15,39"/><W71/><G111/><T17/><D37/><U4/><E101/><V72/><F118/><W35/><G132/><T120/><D99/><U110/><E110/><V83/><F109/><W73/><G97/><T113/><D113/><U104/><E104/><V62/><F34/><W112/><G112/><T80/><D91/><U43/><E43/><V22/><F3/><W84/><G123/><N who="0" m="47147" /><D82/><U92/><E4/><V30/><F11/><N who="0" m="4138" /><D80/><U121/><E121/><V61/><F72/><W79/><G73/><T60/><D60/><N who="1" m="38303" /><E89/><V114/><F114/><W18/><G84/><T117/><D117/><U12/><E92/><V66/><F61/><W25/><G79/><T93/><D93/><U95/><E12/><V41/><F41/><W90/><G15/><T31/><D75/><U7/><E7/><V133/><F133/><W119/><G6/><T87/><D87/><U42/><E42/><V2/><F2/><W26/><G90/><T32/><D74/><U19/><E95/><N who="2" m="58655" /><F66/><W21/><G64/><T5/><D5/><U47/><E45/><N who="2" m="27759" /><F22/><W46/><G76/><T33/><D33/><U65/><E78/><V57/><F57/><W115/><G35/><T134/><D134/><U38/><E77/><V98/><F98/><W70/><G1/><T63/><D63/><U88/><E65/><V106/><F106/><W135/><G119/><T49/><D49/><U85/><E48/><V0/><F0/><W16/><G135/><T55/><D55/><U108/><E108/><V69/><F69/><W28/><G115/><T105/><D105/><U94/><E88/><V36/><F36/><RYUUKYOKU ba="1,0" sc="168,15,450,-15,134,15,248,-15" hai0="13,17,23,31,32,129,131" hai2="20,30,54,58,62,81,83" owari="183,-22.0,435,54.0,149,-35.0,233,3.0" /></mjloggm>