<mjloggm ver="2.3"><GO type="169"/><UN n0="%E3%81%AA%E3%81%BE%E3%81%AF%E3%81%92%E3%83%AA%E3%83%BC%E3%83%81%E2%98%86" n1="%67%61%72%75%63%69%61" n2="%EF%BC%88%E2%89%A7%E2%96%BD%E2%89%A6%EF%BC%89" n3="%E3%83%87%E3%82%B8%E3%82%BF%E3%83%AB%E4%BB%99%E4%BA%BA" dan="16,16,18,17" rate="2099,2027,2182,2163" sx="M,M,M,F"/><TAIKYOKU oya="0"/><INIT seed="0,0,0,2,0,67" ten="250,250,250,250" oya="0" hai0="25,71,34,127,118,85,10,22,65,46,82,55,61" hai1="106,103,43,41,108,26,49,47,121,94,18,33,115" hai2="0,62,77,1,42,40,59,97,88,117,98,63,72" hai3="37,32,68,96,86,125,20,54,131,44,87,29,105"/><T70/><D118/><U17/><E106/><V84/><F117/><W27/><G131/><T101/><D127/><U3/><E121/><V89/><F72/><W104/><G125/><T122/><D122/><U31/><E3/><V109/><F59/><W52/><G68/><T24/><D101/><U45/><E108/><V73/><F73/><W51/><G37/><T124/><D124/><U99/><REACH who="1" step="1"/><E115/><REACH who="1" ten="250,240,250,250" step="2"/><V75/><F109/><W14/><G105/><T120/><D120/><U100/><E100/><V116/><F116/><W133/><G133/><T9/><D34/><U113/><E113/><V111/><F111/><W64/><G32/><T28/><D25/><U129/><E129/><V123/><F123/><W134/><G134/><T128/><D128/><U48/><AGARI ba="0,1" hai="17,18,26,31,33,41,43,45,47,48,49,94,99,103" machi="48" ten="20,8000,1" yaku="1,1,0,1,7,1,9,1,53,1" doraHai="67" doraHaiUra="23" who="1" fromWho="1" sc="250,-40,240,90,250,-20,250,-20" /><INIT seed="1,0,0,2,3,110" ten="210,330,230,230" oya="1" hai0="8,60,127,12,33,123,34,28,9,117,52,30,82" hai1="119,131,108,73,19,90,130,14,106,113,47,92,35" hai2="71,49,57,66,76,45,105,116,72,24,91,84,121" hai3="41,125,75,13,15,40,26,3,81,64,50,5,22"/><U65/><E106/><V29/><F121/><W118/><G125/><T54/><D117/><U4/><E119/><V102/><F116/><W111/><G118/><T16/><D127/><U18/><E73/><V87/><F57/><W79/><G111/><T25/><D123/><U11/><E35/><V128/><F128/><N who="1" m="49193" /><E108/><V112/><F84/><W78/><G78/><T51/><D82/><U135/><E135/><V43/><F91/><W83/><G83/><T55/><D60/><U98/><E113/><V74/><F87/><W88/><G64/><T68/><D68/><U2/><E2/><V17/><F17/><N who="1" m="6153" /><E47/><V32/><F112/><W37/><G3/><T115/><D115/><U120/><E65/><V100/><F76/><W21/><G79/><T48/><D8/><U38/><E38/><V42/><F105/><W107/><G37/><T63/><D63/><U95/><E95/><V129/><F74/><W101/><G75/><T6/><D6/><U126/><E126/><V10/><F72/><W96/><G5/><T0/><D0/><U20/><E20/><V89/><F129/><W7/><G22/><T134/><D134/><U114/><E114/><V99/><F66/><W44/><G7/><T58/><D51/><U77/><E77/><V103/><F10/><W85/><REACH who="3" step="1"/><G40/><REACH who="3" ten="210,330,230,220" step="2"/><T94/><D34/><U31/><E120/><V93/><F43/><W104/><G104/><T122/><D122/><U67/><E67/><V97/><F71/><W70/><G70/><T27/><D33/><U36/><E36/><V62/><F97/><W59/><G59/><T39/><D58/><RYUUKYOKU ba="0,1" sc="210,-30,330,10,230,10,220,10" hai1="4,11,14,31,90,92,98" hai2="24,29,32,42,45,49,62,89,93,99,100,102,103" hai3="13,15,21,26,41,44,50,81,85,88,96,101,107" /><INIT seed="1,1,1,1,0,67" ten="180,340,240,230" oya="1" hai0="89,104,120,124,22,69,39,65,99,118,21,98,93" hai1="5,24,59,50,35,17,15,8,23,10,96,49,71" hai2="1,133,87,44,60,16,33,114,122,18,72,105,73" hai3="0,126,55,31,54,30,62,128,4,34,19,101,94"/><U119/><E71/><V47/><F122/><W83/><G128/><T100/><D118/><U2/><E119/><V56/><F105/><W92/><G126/><T27/><D39/><U45/><E59/><V109/><F33/><W121/><G121/><T6/><D120/><U43/><E96/><V12/><F1/><W129/><G129/><T111/><D124/><U112/><E112/><V68/><F114/><W90/><G0/><T52/><D111/><U28/><E10/><V106/><F106/><W108/><G4/><T134/><D134/><U58/><E58/><V40/><F109/><W84/><G108/><T135/><D135/><U97/><E97/><V74/><F133/><W77/><G101/><T85/><D6/><U81/><E81/><V37/><F68/><W38/><G38/><AGARI ba="1,1" hai="2,5,8,15,17,23,24,28,35,38,43,45,49,50" machi="38" ten="30,5800,0" yaku="7,1,24,2" doraHai="67" who="1" fromWho="3" sc="180,0,340,71,240,0,230,-61" /><INIT seed="1,2,0,3,4,64" ten="180,411,240,169" oya="1" hai0="108,38,65,2,25,36,20,15,73,111,117,50,113" hai1="57,92,67,5,42,11,122,80,22,62,51,127,116" hai2="37,119,18,58,39,129,34,17,128,103,85,95,40" hai3="60,59,53,30,72,87,10,68,84,21,125,14,23"/><U31/><E122/><V93/><F34/><W104/><G125/><T106/><D2/><U97/><E116/><V133/><F119/><W4/><G104/><T107/><D117/><U94/><E127/><V1/><F1/><W26/><G72/><T86/><D73/><U47/><E80/><V115/><F58/><W41/><G68/><T98/><D113/><U71/><E71/><V29/><F29/><W3/><G41/><T32/><D32/><U81/><E81/><V55/><F55/><W33/><REACH who="3" step="1"/><G21/><REACH who="3" ten="180,411,240,159" step="2"/><T123/><D107/><U24/><REACH who="1" step="1"/><E97/><REACH who="1" ten="180,401,240,159" step="2"/><V63/><F115/><W102/><G102/><T112/><D98/><U132/><E132/><V69/><F103/><W75/><G75/><T82/><D112/><U114/><E114/><V66/><F69/><W109/><G109/><T43/><D111/><U134/><E134/><V44/><F133/><W131/><G131/><T77/><D108/><U56/><E56/><V118/><F129/><W45/><G45/><T88/><D123/><U35/><E35/><V76/><F128/><W54/><G54/><T101/><D101/><U48/><E48/><V46/><F44/><W78/><G78/><T100/><D100/><U19/><E19/><AGARI ba="2,2" hai="3,4,10,14,19,23,26,30,33,53,59,60,84,87" machi="19" ten="40,5200,0" yaku="1,1,24,2,53,0" doraHai="64" doraHaiUra="74" who="3" fromWho="1" sc="180,0,401,-58,240,0,159,78" /><INIT seed="2,0,0,4,1,94" ten="180,343,240,237" oya="2" hai0="67,75,90,33,24,16,81,65,31,42,86,50,27" hai1="23,18,120,3,93,5,40,64,98,56,4,96,59" hai2="97,84,17,55,53,1,28,51,103,30,87,71,85" hai3="45,100,119,49,44,11,89,63,22,117,0,133,43"/><V32/><F1/><W26/><G133/><T83/><D42/><U62/><E3/><V29/><F71/><W129/><G129/><T48/><D67/><U14/><E120/><V104/><F32/><W61/><G45/><T58/><D65/><U41/><E59/><V88/><F17/><W20/><G100/><T54/><D48/><U39/><E39/><V10/><F10/><W9/><G22/><T37/><D37/><U77/><E93/><V76/><F76/><W19/><G11/><T125/><D125/><U95/><E95/><V21/><F21/><W36/><G36/><T82/><D75/><U107/><E107/><V52/><REACH who="2" step="1"/><F88/><REACH who="2" ten="180,343,230,237" step="2"/><W8/><G8/><T12/><D27/><U111/><E77/><V47/><AGARI ba="0,1" hai="28,29,30,47,51,52,53,55,84,85,87,97,103,104" machi="47" ten="30,12000,1" yaku="1,1,2,1,0,1,52,1,54,1,53,0" doraHai="94" doraHaiUra="73" who="2" fromWho="2" sc="180,-40,343,-40,230,130,237,-40" /><INIT seed="2,1,0,3,2,75" ten="140,303,360,197" oya="2" hai0="47,121,61,10,124,26,111,12,64,120,84,122,35" hai1="45,57,1,134,89,127,58,98,106,42,65,102,93" hai2="128,19,95,4,74,105,56,71,62,103,41,69,100" hai3="92,108,117,59,38,86,51,7,114,36,101,34,79"/><V48/><F74/><W37/><G117/><T112/><D112/><U23/><E1/><V126/><F105/><W118/><G118/><T32/><D111/><U85/><E127/><V22/><F126/><W60/><G108/><T13/><D124/><U17/><E134/><V113/><F113/><W25/><G7/><T131/><D131/><U9/><E9/><V129/><F4/><W15/><G15/><T14/><D10/><U3/><E3/><V39/><F39/><W29/><G51/><T8/><D8/><U66/><E66/><V0/><F0/><W73/><G114/><T55/><D26/><U125/><E65/><V116/><F116/><W67/><G73/><T123/><N who="0" m="30720" /><DORA hai="115" /><T83/><D55/><U82/><E106/><V97/><F100/><W63/><G63/><T107/><D47/><U43/><E43/><V6/><F6/><W5/><G5/><T11/><D107/><U109/><E109/><V46/><F128/><W91/><G101/><T110/><D110/><U104/><E104/><V77/><F129/><W88/><REACH who="3" step="1"/><G92/><REACH who="3" ten="140,303,360,187" step="2"/><T81/><D11/><U78/><E102/><V99/><F103/><W31/><G31/><T70/><REACH who="0" step="1"/><D81/><AGARI ba="1,1" hai="25,29,34,36,37,38,59,60,67,79,81,86,88,91" machi="81" ten="40,8000,1" yaku="1,1,52,1,54,1,53,1" doraHai="75,115" doraHaiUra="40,27" who="3" fromWho="0" sc="140,-83,303,0,360,0,187,93" /><INIT seed="3,0,0,1,4,33" ten="57,303,360,280" oya="3" hai0="134,47,86,121,135,113,50,19,38,43,58,31,76" hai1="17,95,102,22,62,13,14,98,7,129,57,124,8" hai2="15,114,16,72,109,111,80,97,112,66,12,61,51" hai3="74,69,28,120,117,84,56,18,26,24,85,73,63"/><W30/><G69/><T71/><D121/><U90/><E124/><V115/><F51/><W1/><G120/><T96/><D113/><U82/><E129/><V67/><F97/><W125/><G125/><T3/><D31/><U122/><E122/><V128/><F128/><W10/><G117/><T87/><D71/><U44/><E44/><V70/><F67/><W94/><G18/><T5/><D19/><U83/><REACH who="1" step="1"/><E102/><REACH who="1" ten="57,293,360,280" step="2"/><V32/><F115/><W92/><G56/><T107/><D58/><U0/><E0/><V46/><F46/><W49/><G1/><T79/><D47/><U77/><E77/><V127/><F114/><W68/><G68/><T110/><D79/><U116/><E116/><V123/><F112/><W88/><G49/><T60/><D76/><U41/><E41/><V132/><F70/><W78/><G78/><T52/><D43/><U126/><E126/><V55/><F127/><W106/><G63/><T59/><D60/><U104/><E104/><V91/><F61/><W11/><G106/><T75/><D50/><U42/><E42/><V37/><F123/><W93/><G93/><T108/><D107/><U6/><E6/><V36/><F36/><W99/><G99/><T131/><D96/><U64/><AGARI ba="0,1" hai="7,8,13,14,17,22,57,62,64,82,83,90,95,98" machi="64" ten="20,5200,0" yaku="1,1,0,1,7,1,8,1,53,0" doraHai="33" doraHaiUra="133" who="1" fromWho="1" sc="57,-13,293,62,360,-13,280,-26" /><INIT seed="4,0,0,1,3,79" ten="44,355,347,254" oya="0" hai0="55,82,23,51,14,109,91,24,10,120,54,84,96" hai1="70,81,83,97,98,17,18,0,21,94,133,64,134" hai2="45,52,78,22,101,132,7,77,119,86,87,9,46" hai3="135,108,131,115,34,105,88,35,5,102,76,60,44"/><T99/><D120/><U73/><E73/><V4/><F101/><W124/><G108/><T63/><D109/><U114/><E0/><V93/><F132/><N who="1" m="50793" /><E114/><V113/><F113/><W104/><G115/><T129/><D129/><U110/><E110/><V49/><F119/><W16/><G131/><T58/><D23/><U100/><E17/><V30/><F45/><W41/><G135/><T38/><D24/><N who="1" m="14391" /><E98/><V43/><F43/><W80/><G5/><N who="2" m="2121" /><F9/><W111/><G111/><T40/><D40/><U6/><E6/><V67/><F67/><W89/><G60/><AGARI ba="0,0" hai="60,64,70,81,83,94,97,100" m="14391,50793" machi="60" ten="30,3900,0" yaku="20,1,52,2" doraHai="79" who="1" fromWho="3" sc="44,0,355,39,347,0,254,-39" /><INIT seed="5,0,0,5,5,45" ten="44,394,347,215" oya="1" hai0="48,33,8,122,27,85,93,42,53,79,120,117,34" hai1="29,9,60,18,4,2,107,23,92,89,19,124,17" hai2="116,87,0,56,40,98,129,132,127,109,11,91,111" hai3="94,24,50,47,90,3,63,62,71,110,83,69,59"/><U37/><E107/><V102/><F0/><W73/><G110/><T78/><D117/><U49/><E37/><V44/><F11/><W74/><G3/><T106/><D106/><U128/><E60/><V5/><F5/><W13/><G13/><T77/><D42/><U15/><E124/><V112/><F127/><W1/><G1/><T65/><D65/><U52/><E29/><V10/><F10/><W101/><G24/><T84/><D8/><U12/><E2/><V130/><F116/><W82/><G101/><T96/><D85/><N who="1" m="52271" /><E128/><N who="2" m="49259" /><F56/><AGARI ba="0,0" hai="4,9,12,15,17,18,19,23,49,52,56" m="52271" machi="56" ten="30,11600,0" yaku="25,1,8,1,52,1,54,1" doraHai="45" who="1" fromWho="2" sc="44,0,394,116,347,-116,215,0" /><INIT seed="5,1,0,4,2,65" ten="44,510,231,215" oya="1" hai0="78,50,63,26,116,74,18,108,135,106,53,117,128" hai1="8,46,35,57,22,110,100,85,30,103,15,55,126" hai2="14,34,68,132,56,39,95,88,11,122,118,10,2" hai3="62,130,121,42,84,120,47,7,49,131,133,112,104"/><U97/><E35/><V91/><F122/><W107/><G112/><T99/><D108/><U24/><E126/><V109/><F34/><W114/><G114/><T111/><D111/><U52/><E110/><V45/><F118/><W12/><G133/><T32/><D135/><U105/><E103/><V33/><F33/><W29/><G29/><T125/><D125/><U77/><E46/><V96/><F68/><W124/><G124/><T0/><D0/><U38/><E38/><V44/><F132/><W3/><G3/><T119/><D128/><N who="3" m="49193" /><G84/><T94/><D106/><N who="3" m="40489" /><G62/><T31/><D63/><U64/><E64/><V90/><F2/><W102/><G102/><T13/><D78/><U134/><E134/><V19/><F109/><W23/><G23/><T16/><D74/><U123/><E123/><V73/><F73/><W92/><G92/><T80/><D80/><U79/><E85/><V51/><F10/><AGARI ba="1,0" hai="7,10,12,42,47,49,120,121" m="40489,49193" machi="10" ten="30,1000,0" yaku="19,1" doraHai="65" who="3" fromWho="2" sc="44,0,510,0,231,-13,215,13" /><INIT seed="6,0,0,5,3,75" ten="44,510,218,228" oya="2" hai0="20,38,44,122,111,42,81,60,6,8,106,76,67" hai1="132,5,64,110,131,98,52,118,17,72,91,85,129" hai2="31,125,59,84,32,87,83,61,50,70,109,30,80" hai3="41,68,95,26,25,19,103,113,121,107,71,115,18"/><V92/><F125/><W35/><G107/><T78/><D111/><U114/><E72/><V55/><F109/><W1/><G1/><T47/><D122/><U39/><E39/><V79/><F32/><W86/><G121/><T48/><D106/><U23/><E5/><V123/><F123/><W88/><G103/><T36/><D20/><U99/><E64/><V90/><F70/><N who="3" m="26667" /><G41/><T16/><D16/><N who="3" m="6185" /><G35/><T24/><D24/><U74/><E74/><V51/><F92/><W63/><G63/><T105/><D105/><U58/><E110/><V108/><F108/><W12/><G12/><T101/><D101/><U117/><E114/><AGARI ba="0,0" hai="25,26,86,88,95,113,114,115" m="6185,26667" machi="114" ten="30,7700,0" yaku="15,1,11,1,54,2" doraHai="75" who="3" fromWho="1" sc="44,0,510,-77,218,0,228,77" /><INIT seed="7,0,0,4,0,106" ten="44,433,218,305" oya="3" hai0="93,128,99,30,35,124,18,88,67,82,121,89,42" hai1="20,39,61,38,118,71,34,78,102,9,57,46,17" hai2="112,70,132,8,11,3,76,23,105,115,48,68,54" hai3="31,90,29,25,63,65,131,44,52,53,74,55,24"/><W10/><G44/><T36/><D67/><U120/><E71/><V85/><F105/><W58/><G131/><T22/><D35/><U33/><E120/><V114/><F132/><W72/><G10/><T12/><D36/><U47/><E9/><V32/><F32/><W4/><G4/><T69/><D69/><N who="2" m="26730" /><F23/><W119/><G119/><T126/><D121/><U111/><E78/><V5/><F11/><W62/><G90/><T130/><D42/><U28/><E102/><V92/><F92/><W75/><REACH who="3" step="1"/><G63/><REACH who="3" ten="44,433,218,295" step="2"/><T87/><D128/><U80/><E47/><V125/><F8/><W77/><G77/><T81/><D130/><U101/><E46/><V133/><F5/><W134/><G134/><T97/><D89/><U107/><E61/><V43/><F76/><W27/><AGARI ba="0,1" hai="24,25,27,29,31,52,53,55,58,62,65,72,74,75" machi="27" ten="40,24000,3" yaku="1,1,0,1,29,2,52,3,54,1,53,0" doraHai="106" doraHaiUra="116" who="3" fromWho="3" sc="44,-80,433,-80,218,-80,295,250" owari="-36,-54.0,353,15.0,138,-26.0,545,65.0" /></mjloggm>