<mjloggm ver="2.3"><GO type="97"/><UN n0="%E5%8F%82%E7%B3%BB%E5%A4%A7%E6%9C%AC%E5%96%B6" n1="%EF%BC%88%E2%89%A7%E2%96%BD%E2%89%A6%EF%BC%89" n2="%E3%81%82%E3%81%8D%E3%82%84%E3%81%BE%E3%81%BF%E3%81%8A%E2%99%AA" n3="%E3%81%8A%E5%8F%A3%E3%83%81%E3%83%A3%E3%83%83%E3%82%AF%E6%BA%80%E8%B2%AB" dan="15,15,13,13" rate="1910,2026,1917,2023" sx="M,M,F,F"/><TAIKYOKU oya="0"/><INIT seed="0,0,0,1,1,70" ten="250,250,250,250" oya="0" hai0="72,130,71,10,35,48,131,74,42,57,111,8,30" hai1="129,37,47,84,126,49,40,94,79,121,9,116,114" hai2="27,96,55,18,17,41,117,67,125,56,68,100,7" hai3="51,98,58,105,23,61,32,102,38,54,53,132,122"/><T115/><D115/><U77/><E116/><V50/><F117/><W2/><G32/><T90/><D71/><U5/><E121/><V16/><F125/><W0/><G122/><T75/><D35/><U46/><E126/><V6/><F41/><W103/><G103/><T109/><D30/><U97/><E129/><N who="0" m="49161" /><D90/><U66/><E84/><V78/><F78/><W133/><G23/><T20/><D20/><U81/><E66/><V110/><F110/><N who="0" m="41994" /><D57/><U99/><E114/><V88/><F68/><W19/><G19/><T120/><D120/><U83/><E79/><V25/><F100/><W63/><G63/><T11/><D42/><U39/><E77/><V36/><F56/><W107/><G107/><T69/><D69/><U34/><E40/><V64/><F18/><W12/><G12/><T124/><D48/><U59/><E49/><V15/><F17/><W113/><G113/><T4/><D124/><U73/><E34/><V91/><F91/><W60/><G60/><T128/><D128/><U108/><E59/><V76/><F88/><W52/><G61/><T22/><D22/><U101/><E108/><V29/><F29/><W135/><REACH who="3" step="1"/><G38/><REACH who="3" ten="250,250,250,240" step="2"/><T95/><D95/><U104/><E94/><V21/><F36/><W118/><G118/><T80/><D80/><U123/><E39/><V106/><F106/><W28/><G28/><T86/><D86/><U45/><E37/><V1/><F15/><AGARI ba="0,1" hai="4,8,10,11,15,72,74,75" m="41994,49161" machi="15" ten="40,7700,0" yaku="19,1,14,1,10,1" doraHai="70" who="0" fromWho="2" sc="250,87,250,0,250,-77,240,0" /><INIT seed="0,1,0,5,5,18" ten="337,250,173,240" oya="0" hai0="134,124,80,93,7,68,36,56,77,58,126,11,22" hai1="37,86,119,28,21,0,83,75,130,52,102,16,129" hai2="40,127,81,14,47,44,74,76,39,66,8,6,2" hai3="17,98,49,3,104,41,34,128,73,94,5,61,30"/><T120/><D68/><U87/><E119/><V95/><F127/><N who="0" m="48682" /><D120/><U97/><E0/><V23/><F66/><W115/><G104/><T123/><D123/><U108/><E108/><V4/><F47/><W33/><G73/><N who="0" m="43055" /><D36/><U54/><E37/><V113/><F113/><W53/><G115/><T82/><D134/><U71/><E28/><V57/><F57/><W114/><G114/><T105/><D105/><N who="1" m="63695" /><E86/><V13/><F6/><W72/><G72/><T117/><D117/><U116/><E75/><V31/><REACH who="2" step="1"/><F95/><REACH who="2" ten="337,250,163,240" step="2"/><W69/><G5/><T109/><D109/><U46/><E71/><V99/><F99/><W19/><G98/><T92/><D82/><U20/><E116/><V96/><F96/><W29/><G94/><T27/><D93/><U51/><E54/><V60/><F60/><W79/><G61/><T67/><D92/><U70/><E70/><V91/><F91/><W101/><G69/><T24/><D67/><U107/><E107/><V85/><F85/><W1/><G101/><T132/><D132/><U122/><E122/><V103/><F103/><W125/><G125/><T121/><D121/><U110/><E110/><V48/><F48/><W135/><G49/><T59/><D59/><U45/><E45/><V84/><F84/><W38/><G38/><T32/><D58/><U43/><E52/><V90/><F90/><W89/><G89/><T64/><D56/><U131/><E87/><V50/><F50/><W12/><G53/><T55/><D55/><U118/><E83/><V9/><F9/><W26/><G41/><T10/><D64/><U65/><E65/><RYUUKYOKU ba="1,1" sc="337,-10,250,-10,163,30,240,-10" hai2="2,4,8,13,14,23,31,39,40,44,74,76,81" /><INIT seed="1,2,1,1,5,74" ten="327,240,193,230" oya="1" hai0="34,50,95,126,98,123,6,118,60,134,63,23,54" hai1="79,20,129,102,25,61,83,93,45,132,135,38,17" hai2="11,33,111,24,8,55,39,27,110,87,53,4,70" hai3="97,76,94,117,116,44,71,77,36,107,32,26,51"/><U43/><E129/><V92/><F39/><W86/><G71/><T120/><D34/><U15/><E61/><N who="0" m="23625" /><D118/><N who="3" m="45673" /><G36/><T58/><D134/><N who="1" m="51243" /><E102/><V42/><F42/><N who="3" m="24983" /><G86/><T103/><D126/><U62/><E62/><V29/><F70/><W2/><G107/><T31/><D6/><U109/><E109/><N who="2" m="41483" /><F24/><W81/><G81/><T100/><D100/><U112/><E93/><V89/><F11/><W96/><G2/><AGARI ba="2,1" hai="2,4,8,27,29,33,53,55,87,89,92" m="41483" machi="2" ten="30,1000,0" yaku="14,1" doraHai="74" who="2" fromWho="3" sc="327,0,240,0,193,26,230,-16" /><INIT seed="2,0,0,5,3,134" ten="327,240,219,214" oya="2" hai0="64,130,61,91,29,108,69,118,55,121,19,84,105" hai1="112,62,63,85,57,120,78,3,51,97,110,87,132" hai2="128,127,83,129,2,116,67,86,126,9,125,52,111" hai3="96,26,54,27,114,133,131,99,60,16,65,10,41"/><V94/><F116/><W75/><G133/><T59/><D121/><U104/><E112/><V124/><F111/><W21/><G75/><T90/><D108/><U6/><E110/><V103/><F67/><W93/><G114/><T73/><D73/><U113/><E132/><V5/><N who="2" m="31744" /><DORA hai="24" /><V101/><F52/><W68/><G54/><T34/><D105/><U30/><E51/><V117/><F117/><W80/><G41/><T119/><D130/><N who="2" m="50282" /><F94/><W49/><G49/><T38/><D119/><U76/><E63/><V17/><F17/><W89/><G80/><T13/><D118/><U81/><E81/><V28/><F28/><W37/><G37/><T123/><D123/><U18/><E30/><V50/><F50/><W32/><G131/><T70/><D38/><U102/><E18/><V15/><F15/><W58/><G68/><T122/><D122/><U35/><E120/><V56/><F56/><W23/><G32/><T100/><D70/><U92/><E113/><V11/><F11/><W95/><G10/><T4/><D69/><U22/><E92/><V107/><F107/><W48/><G48/><T106/><D34/><U71/><E71/><V8/><F8/><W31/><G95/><T77/><D106/><U43/><E57/><V53/><F53/><W74/><G74/><T45/><D29/><U66/><E104/><V72/><F72/><W40/><G40/><T25/><D64/><U82/><E43/><V135/><F135/><W88/><G93/><T115/><D55/><U7/><E66/><V33/><F33/><W36/><G36/><T47/><D59/><RYUUKYOKU ba="0,0" sc="327,-15,240,-15,219,15,214,15" hai2="2,5,9,83,86,101,103" hai3="16,21,23,26,27,31,58,60,65,88,89,96,99" /><INIT seed="2,1,0,0,5,72" ten="312,225,234,229" oya="2" hai0="125,114,22,5,77,83,108,86,8,14,124,61,123" hai1="127,73,13,111,85,121,46,48,119,110,33,67,135" hai2="41,106,26,66,134,116,11,65,101,28,15,49,56" hai3="42,3,40,16,12,97,87,94,118,39,120,133,19"/><V30/><F116/><W93/><G3/><T129/><D123/><U0/><E0/><V115/><F115/><W36/><G120/><T84/><D114/><U64/><E121/><V112/><F112/><W95/><G118/><T128/><D61/><U57/><E119/><V21/><F134/><W18/><G133/><T1/><D108/><N who="1" m="41515" /><E135/><V35/><F35/><W88/><G97/><T59/><D59/><U132/><E132/><V89/><F89/><W29/><G29/><T53/><D53/><N who="1" m="29847" /><E33/><V105/><F30/><W24/><G24/><T79/><D22/><U10/><E73/><V69/><F69/><W99/><G99/><T82/><D1/><U51/><E85/><V126/><F126/><AGARI ba="1,0" hai="5,8,14,77,79,82,83,84,86,124,125,126,128,129" machi="126" ten="40,8000,1" yaku="9,1,18,1,52,2" doraHai="72" who="0" fromWho="2" sc="312,83,225,0,234,-83,229,0" /><INIT seed="3,0,0,5,0,100" ten="395,225,151,229" oya="3" hai0="93,115,17,123,46,5,107,58,54,91,106,8,30" hai1="64,13,55,45,133,103,38,31,11,75,113,135,101" hai2="88,98,71,9,110,86,119,14,81,80,79,24,7" hai3="12,125,117,130,76,68,57,97,85,21,132,89,102"/><W69/><G76/><T112/><D123/><U26/><E75/><V53/><F110/><W4/><G117/><T74/><D74/><U0/><E0/><V34/><F119/><W95/><G130/><T127/><D127/><U120/><E64/><V83/><F71/><W105/><G125/><T28/><D46/><U72/><E72/><V33/><F24/><W27/><G132/><N who="1" m="50762" /><E120/><V111/><F111/><W65/><G12/><N who="0" m="7303" /><D5/><N who="1" m="3311" /><E113/><N who="0" m="43593" /><D91/><U50/><E38/><V90/><F53/><W3/><G4/><T59/><D93/><U77/><E77/><V18/><F81/><W1/><G1/><T6/><D6/><U131/><E131/><V10/><F98/><W118/><G3/><T82/><D82/><U32/><AGARI ba="0,0" hai="26,31,32,45,50,55,101,103" m="3311,50762" machi="32" ten="30,1100,0" yaku="20,1" doraHai="100" who="1" fromWho="1" sc="395,-3,225,11,151,-3,229,-5" owari="392,49.0,236,4.0,148,-35.0,224,-18.0" /></mjloggm>