<mjloggm ver="2.3"><GO type="41"/><UN n0="%E3%81%9C%E3%81%A3%E3%81%BA%E3%81%8D" n1="%70%69%6B%6F%72%69%6E" n2="%EF%BC%88%E2%89%A7%E2%96%BD%E2%89%A6%EF%BC%89" n3="%E5%85%AB%E5%8D%81%E6%97%A5%E9%96%93%E4%B8%96%E7%95%8C%E4%B8%80%E5%91%A8" dan="14,14,15,13" rate="1897,1874,2040,1853" sx="M,M,M,M"/><TAIKYOKU oya="0"/><INIT seed="0,0,0,1,2,104" ten="250,250,250,250" oya="0" hai0="94,62,32,103,20,76,36,7,91,102,15,117,23" hai1="65,80,3,121,28,6,45,113,21,52,107,114,99" hai2="135,35,126,116,92,54,66,13,83,74,68,56,42" hai3="55,71,109,41,85,96,38,58,31,84,106,10,69"/><T115/><D32/><U111/><E121/><V130/><F35/><W108/><G31/><T97/><D36/><U90/><E65/><V133/><F116/><W4/><G106/><T34/><D34/><U40/><E40/><V93/><F126/><W125/><G125/><T26/><D117/><U61/><E107/><V105/><F105/><W77/><G96/><T16/><D115/><N who="1" m="44043" /><E111/><N who="3" m="42570" /><G38/><T124/><D124/><U18/><E28/><V59/><F68/><N who="3" m="26187" /><G77/><T46/><D62/><U134/><E134/><V33/><F135/><W53/><G41/><T47/><D76/><U64/><E6/><V48/><F133/><W100/><G100/><N who="0" m="38443" /><D7/><U27/><E3/><V72/><F33/><W89/><G89/><T24/><D24/><U29/><E29/><AGARI ba="0,0" hai="15,16,20,23,26,29,46,47,91,94,97" m="38443" machi="29" ten="30,2900,0" yaku="8,1,54,1" doraHai="104" who="0" fromWho="1" sc="250,29,250,-29,250,0,250,0" /><INIT seed="0,1,0,2,3,20" ten="279,221,250,250" oya="0" hai0="110,69,74,31,8,115,2,82,43,91,59,24,71" hai1="97,114,5,45,112,13,131,132,38,98,104,116,12" hai2="101,21,62,1,0,37,63,72,58,83,127,93,88" hai3="40,120,15,125,26,135,64,47,90,78,16,19,35"/><T57/><D115/><N who="1" m="44075" /><E116/><V113/><F113/><W95/><G120/><T17/><D43/><N who="1" m="22775" /><E104/><V25/><F37/><W85/><G125/><T48/><D59/><U60/><E132/><V68/><F127/><W34/><G135/><T23/><D110/><U106/><E106/><V73/><F68/><W42/><G64/><T79/><D91/><U41/><E41/><V124/><F124/><W55/><G78/><T126/><D126/><U111/><E111/><V6/><F101/><W51/><G35/><T129/><D129/><U49/><E49/><V46/><F46/><W67/><G67/><T4/><D31/><U122/><E122/><V118/><F118/><W108/><G108/><T11/><D11/><N who="1" m="4207" /><E131/><V30/><F63/><W134/><G134/><T65/><D65/><U99/><E13/><V50/><F50/><W3/><G3/><T39/><D39/><U54/><E60/><V75/><F6/><W103/><G103/><T61/><D61/><U53/><AGARI ba="1,0" hai="53,54,97,98,99" m="4207,22775,44075" machi="53" ten="40,1500,0" yaku="11,1" doraHai="20" who="1" fromWho="1" sc="279,-8,221,18,250,-5,250,-5" /><INIT seed="1,0,0,0,5,88" ten="271,239,245,245" oya="1" hai0="46,12,79,78,77,112,19,94,21,30,89,81,99" hai1="135,101,7,82,96,90,48,104,39,131,41,27,105" hai2="4,29,32,1,100,37,107,74,118,45,34,133,52" hai3="62,106,85,83,111,53,69,3,26,116,36,115,56"/><U110/><E39/><V71/><F52/><W87/><G115/><T128/><D112/><U57/><E105/><V117/><F133/><W98/><G3/><T91/><D128/><U50/><E135/><V103/><F103/><W35/><G111/><T125/><D125/><U47/><E131/><V73/><F118/><W2/><G2/><T113/><D113/><U120/><E120/><V121/><F121/><W70/><G36/><T42/><D30/><U17/><E7/><V130/><F130/><W15/><G116/><T123/><D123/><U86/><E110/><V108/><F108/><W102/><G15/><T109/><D109/><U67/><E67/><V97/><F117/><W92/><G87/><T80/><REACH who="0" step="1"/><D89/><REACH who="0" step="2"/><U0/><E0/><V124/><F124/><W28/><REACH who="3" step="1"/><G106/><REACH who="3" step="2"/><T84/><D84/><U59/><E50/><AGARI ba="0,2" hai="12,19,21,42,46,50,77,78,79,80,81,91,94,99" machi="50" ten="40,8000,1" yaku="1,1,8,1,52,1,53,1" doraHai="88" doraHaiUra="16" who="0" fromWho="1" sc="261,100,239,-80,245,0,235,0" /><INIT seed="2,0,0,1,4,54" ten="361,159,245,235" oya="2" hai0="67,34,94,81,130,42,25,35,39,38,31,73,88" hai1="10,111,4,22,122,135,87,50,134,2,33,74,14" hai2="86,0,80,79,12,36,26,91,117,100,37,55,116" hai3="1,8,92,27,11,104,53,118,76,24,133,44,21"/><V77/><F0/><W75/><G104/><T108/><D108/><U120/><E74/><V90/><F100/><W59/><G118/><T127/><D35/><U102/><E102/><V62/><F26/><W106/><G106/><T131/><D127/><U128/><E50/><V96/><F117/><W32/><G133/><N who="1" m="50698" /><E87/><V125/><F116/><W83/><G44/><T7/><D7/><U84/><E84/><V126/><F126/><W29/><G92/><T63/><D42/><U13/><E33/><V85/><F125/><W132/><G1/><T19/><D19/><N who="1" m="10607" /><E111/><V51/><F62/><W43/><G43/><T78/><D39/><U23/><E128/><V109/><F109/><W9/><G132/><T82/><D38/><U103/><E103/><V115/><F36/><W129/><G129/><T66/><D81/><U58/><E58/><N who="2" m="33151" /><F37/><W68/><G68/><T60/><D131/><U56/><E56/><V124/><F124/><W48/><REACH who="3" step="1"/><G9/><REACH who="3" step="2"/><T6/><D130/><U47/><E47/><V16/><F80/><W95/><G95/><T40/><D94/><U15/><E23/><V20/><F20/><W110/><G110/><T101/><D82/><U71/><E71/><V30/><F77/><W64/><G64/><T46/><D78/><U18/><E2/><V28/><F79/><W3/><G3/><T112/><D67/><U123/><E120/><V49/><F96/><W5/><G5/><T121/><D66/><U119/><E119/><V70/><F70/><W105/><G105/><T17/><D46/><U72/><E72/><V93/><F93/><W97/><G97/><RYUUKYOKU ba="0,1" sc="361,-15,159,15,245,-15,225,15" hai1="4,10,14,15,18,122,123" hai3="8,11,21,24,27,29,32,48,53,59,75,76,83" /><INIT seed="3,1,1,2,1,55" ten="346,174,230,240" oya="3" hai0="96,80,112,47,5,111,130,10,123,121,9,94,132" hai1="93,35,42,15,125,46,7,58,99,129,39,22,106" hai2="54,116,64,86,91,41,103,60,30,120,118,1,98" hai3="89,127,115,20,31,13,78,135,26,122,48,134,68"/><W44/><G122/><T27/><D27/><U16/><E35/><V95/><F1/><W87/><G115/><T19/><D112/><U79/><E106/><V83/><F120/><W97/><G68/><T81/><D47/><U36/><E79/><V34/><F41/><W29/><G127/><T37/><D37/><U105/><E105/><V6/><F6/><W4/><G97/><T0/><D0/><U43/><E125/><V61/><F54/><W101/><G101/><T104/><D104/><U88/><E129/><V38/><F38/><W84/><G78/><T69/><D69/><U114/><E114/><V119/><REACH who="2" step="1"/><F64/><REACH who="2" step="2"/><W53/><G4/><T66/><D66/><U107/><E7/><V33/><F33/><W49/><G48/><T57/><D5/><U40/><E107/><V52/><F52/><W32/><G32/><T62/><D123/><U17/><E39/><V14/><F14/><W92/><G13/><T50/><D121/><U11/><E43/><V24/><AGARI ba="1,2" hai="24,30,34,60,61,83,86,91,95,98,103,116,118,119" machi="24" ten="40,8000,1" yaku="1,1,0,1,53,3" doraHai="55" doraHaiUra="113" who="2" fromWho="2" sc="346,-21,174,-21,220,103,240,-41" /><INIT seed="4,0,0,0,4,11" ten="325,153,323,199" oya="0" hai0="70,61,113,126,47,134,117,29,121,46,36,59,127" hai1="34,18,105,67,45,95,13,48,69,55,115,80,52" hai2="116,43,90,25,78,35,50,23,44,131,32,58,38" hai3="1,17,39,110,9,24,106,54,6,125,3,109,73"/><T93/><D29/><U41/><E105/><V28/><F131/><W89/><G125/><N who="0" m="47627" /><D93/><U10/><E34/><V76/><F116/><W2/><G89/><T129/><D117/><U102/><E80/><V122/><F122/><W77/><G54/><T71/><D121/><U33/><E33/><V60/><F38/><W84/><G84/><T91/><D91/><U63/><E115/><V57/><F57/><W14/><G106/><T108/><D113/><U96/><AGARI ba="0,0" hai="10,13,18,41,45,48,52,55,63,67,69,95,96,102" machi="96" ten="30,4000,0" yaku="0,1,52,1,54,1" doraHai="11" who="1" fromWho="1" sc="325,-20,153,40,323,-10,199,-10" /><INIT seed="5,0,0,0,0,112" ten="305,193,313,189" oya="1" hai0="87,42,50,92,12,102,103,23,63,9,32,120,56" hai1="53,11,130,126,46,122,98,91,101,113,118,35,76" hai2="19,16,10,68,14,31,114,75,52,7,127,110,116" hai3="28,69,117,84,86,30,26,72,132,121,57,27,37"/><U78/><E35/><V99/><F68/><W25/><G69/><T2/><D32/><U74/><E122/><V43/><F110/><W47/><G121/><T45/><D2/><U39/><E113/><V123/><F123/><W67/><G72/><T77/><D23/><U88/><E130/><V33/><F75/><W61/><G132/><T20/><D20/><U64/><E64/><V54/><F114/><W36/><G117/><T49/><D49/><U15/><E126/><V70/><F127/><W58/><G47/><T109/><D109/><U41/><E53/><V129/><F129/><W131/><G131/><T17/><D120/><U106/><E118/><V6/><F116/><W82/><G82/><T89/><REACH who="0" step="1"/><D77/><REACH who="0" step="2"/><U4/><E74/><V79/><F33/><W134/><G134/><T90/><D90/><U21/><E21/><V60/><F10/><W73/><G73/><T100/><D100/><U34/><E34/><V80/><F79/><W104/><G104/><T55/><AGARI ba="0,1" hai="9,12,17,42,45,50,55,56,63,87,89,92,102,103" machi="55" ten="20,5200,0" yaku="1,1,0,1,7,1,8,1,53,0" doraHai="112" doraHaiUra="119" who="0" fromWho="0" sc="295,62,193,-26,313,-13,189,-13" /><INIT seed="6,0,0,4,2,114" ten="357,167,300,176" oya="2" hai0="26,51,76,83,95,29,129,59,116,62,84,32,24" hai1="10,98,61,112,3,70,17,80,107,43,77,108,132" hai2="92,36,105,7,58,20,97,124,78,100,110,102,81" hai3="22,40,38,19,53,52,21,13,135,86,15,14,56"/><V27/><F36/><W8/><G135/><T28/><D129/><U0/><E108/><V71/><F71/><W120/><G120/><T46/><D95/><U9/><E132/><V90/><F110/><W101/><G101/><T66/><D116/><U64/><E112/><V4/><F124/><W85/><G38/><T12/><D12/><U25/><E43/><V54/><F78/><W111/><G111/><T103/><D103/><N who="2" m="39466" /><F81/><W6/><G40/><T131/><D131/><U123/><E123/><V49/><F105/><W89/><G53/><N who="0" m="29943" /><D32/><U96/><E107/><V74/><F74/><W79/><G79/><T34/><D34/><U130/><E130/><V18/><AGARI ba="0,0" hai="4,7,18,20,27,49,54,58,90,92,97" m="39466" machi="18" ten="30,1500,0" yaku="8,1" doraHai="114" who="2" fromWho="2" sc="357,-5,167,-5,300,15,176,-5" /><INIT seed="6,1,0,4,1,65" ten="352,162,315,171" oya="2" hai0="31,2,43,113,85,3,129,18,72,83,41,124,100" hai1="13,28,117,1,6,81,132,105,95,19,130,90,33" hai2="126,91,71,134,39,92,63,49,42,78,116,22,74" hai3="36,47,56,86,21,82,118,111,5,9,17,123,15"/><V96/><F116/><W87/><G87/><T12/><BYE who="3" /><D72/><U7/><E105/><V101/><F134/><W37/><G37/><T51/><D100/><U55/><E117/><V69/><F126/><W97/><G97/><T34/><D124/><U60/><E132/><V40/><F39/><W46/><G46/><T52/><D129/><U50/><E130/><V45/><F40/><W70/><G70/><T73/><D73/><U88/><E60/><V84/><F63/><W24/><G24/><T76/><D113/><U131/><E131/><V4/><F4/><W109/><G109/><T127/><D127/><U48/><E1/><V77/><F22/><W20/><G20/><T59/><D2/><U32/><E28/><V66/><F66/><W53/><G53/><T35/><D3/><U27/><E27/><V58/><F58/><W29/><G29/><T125/><D125/><U8/><E33/><V75/><F75/><W67/><G67/><T30/><D35/><U10/><E32/><V89/><F89/><W128/><G128/><T26/><D31/><U115/><E115/><V23/><F23/><AGARI ba="1,0" hai="12,18,23,26,30,34,41,43,51,52,59,76,83,85" machi="23" ten="30,2000,0" yaku="7,1,54,1" doraHai="65" who="0" fromWho="2" sc="352,23,162,0,315,-23,171,0" /><INIT seed="7,0,0,5,5,5" ten="375,162,292,171" oya="3" hai0="86,19,9,123,42,46,83,130,73,33,127,56,90" hai1="116,20,128,50,44,91,122,36,34,13,99,115,96" hai2="108,52,120,61,30,53,45,121,97,117,59,103,72" hai3="28,14,51,1,21,48,76,98,135,18,63,68,95"/><W78/><G78/><T24/><D123/><N who="2" m="47178" /><F30/><W22/><G22/><T67/><D73/><U11/><E122/><V124/><F97/><W80/><G80/><T65/><D33/><U37/><E34/><V101/><F103/><W41/><G41/><T114/><D130/><U129/><E115/><V71/><F101/><W49/><G49/><T23/><D114/><U119/><E20/><V54/><F72/><W93/><G93/><T100/><D127/><U89/><E96/><V38/><F124/><W88/><G88/><N who="1" m="33866" /><E99/><V84/><F84/><W6/><G6/><T85/><D100/><U70/><E70/><V7/><F7/><W69/><G69/><T131/><D131/><N who="1" m="50251" /><E119/><V126/><F126/><W10/><G10/><T16/><D85/><U102/><E102/><V15/><F15/><W17/><G17/><T111/><D111/><U112/><E112/><V25/><F25/><W118/><G118/><T81/><D83/><U2/><E2/><V77/><F77/><W27/><G27/><T4/><D4/><N who="1" m="3303" /><E116/><V66/><F117/><W104/><G104/><T58/><D42/><AGARI ba="0,0" hai="36,37,42,44,50" m="3303,50251,33866" machi="42" ten="30,3900,0" yaku="19,1,52,1,54,1" doraHai="5" who="1" fromWho="0" sc="375,-39,162,39,292,0,171,0" owari="336,44.0,201,-20.0,292,9.0,171,-33.0" /></mjloggm>