<mjloggm ver="2.3"><GO type="41"/><UN n0="%E5%A4%A7%E8%83%86%E3%81%AB%E3%83%80%E3%82%A4%E3%82%BF" n1="%EF%BC%88%E2%89%A7%E2%96%BD%E2%89%A6%EF%BC%89" n2="%E3%81%97%E3%82%8B%E3%81%B0%E3%81%99%E3%81%9F" n3="%4B%41%49%4A%49" dan="14,15,15,14" rate="1960,1971,2042,1819" sx="M,M,M,M"/><TAIKYOKU oya="0"/><INIT seed="0,0,0,2,5,130" ten="250,250,250,250" oya="0" hai0="57,97,44,20,65,85,6,122,116,125,42,37,68" hai1="124,126,52,108,120,25,22,129,67,54,118,106,75" hai2="84,41,127,77,46,45,110,117,0,7,66,23,135" hai3="82,133,103,64,94,43,112,33,29,95,90,88,26"/><T79/><D116/><U87/><E120/><V47/><F117/><W61/><G112/><T114/><D122/><U56/><E118/><V93/><F110/><W104/><G104/><T38/><D114/><U27/><E75/><V86/><F66/><W92/><G103/><T34/><D34/><U21/><E106/><V99/><F127/><N who="1" m="48681" /><E129/><V81/><F135/><W98/><G133/><T4/><D68/><U131/><E131/><V62/><F62/><W71/><G43/><T16/><D125/><U35/><E108/><V39/><F23/><N who="1" m="8713" /><E87/><V8/><REACH who="2" step="1"/><F84/><REACH who="2" ten="250,250,240,250" step="2"/><W9/><G82/><T32/><D85/><U113/><E113/><V49/><F49/><W19/><REACH who="3" step="1"/><G98/><REACH who="3" ten="250,250,240,240" step="2"/><T13/><D38/><U36/><E36/><V134/><F134/><W15/><AGARI ba="0,2" hai="9,15,19,26,29,33,61,64,71,88,90,92,94,95" machi="15" ten="30,7900,0" yaku="1,1,2,1,0,1,54,1,53,0" doraHai="130" doraHaiUra="2" who="3" fromWho="3" sc="250,-39,250,-20,240,-20,240,99" /><INIT seed="1,0,0,3,5,122" ten="211,230,220,339" oya="1" hai0="95,64,54,19,130,36,131,79,48,18,97,1,110" hai1="69,112,31,58,120,12,71,89,111,81,59,9,10" hai2="90,116,119,117,77,96,14,133,11,76,135,63,25" hai3="107,68,109,46,61,45,37,99,75,86,106,84,66"/><U8/><E120/><V38/><F38/><W24/><G75/><T102/><D36/><U44/><E112/><V39/><F39/><W30/><G37/><T118/><D1/><U20/><E44/><V82/><F25/><W126/><G107/><T134/><D118/><U93/><E81/><V29/><F29/><W27/><G27/><T55/><D79/><N who="2" m="30282" /><F63/><W56/><G126/><T42/><D64/><U28/><E71/><V105/><F11/><W78/><G109/><T7/><D7/><U40/><E69/><V67/><F67/><W60/><G78/><T49/><D42/><U3/><E40/><V17/><F14/><W50/><G50/><T88/><D110/><U34/><E111/><V70/><F17/><W16/><G84/><T26/><D102/><U94/><E3/><V5/><F5/><W80/><G80/><T123/><D123/><U114/><E114/><V0/><F70/><W41/><G86/><T53/><D19/><N who="1" m="10343" /><E94/><N who="2" m="56407" /><F0/><W87/><G87/><T127/><D127/><U85/><E34/><V74/><F105/><W33/><G41/><T132/><D48/><U108/><E108/><V47/><F47/><W83/><G83/><T125/><D49/><U124/><E124/><V129/><F82/><W121/><G121/><T6/><D125/><U115/><E115/><V65/><F74/><W52/><G16/><T91/><D6/><U57/><AGARI ba="0,0" hai="8,9,10,28,31,57,58,59,85,89,93" m="10343" machi="57" ten="30,1500,0" yaku="8,1" doraHai="122" who="1" fromWho="1" sc="211,-5,230,15,220,-5,339,-5" /><INIT seed="1,1,0,4,5,28" ten="206,245,215,334" oya="1" hai0="75,135,129,100,68,70,84,110,82,37,16,57,90" hai1="123,114,108,24,21,117,4,125,122,7,116,92,85" hai2="67,53,38,48,121,10,128,25,72,130,99,35,23" hai3="63,52,134,30,62,105,22,120,6,39,96,26,45"/><U1/><E85/><V131/><F121/><N who="1" m="46089" /><E92/><V42/><F72/><W109/><G134/><T76/><D135/><U2/><E114/><V86/><F67/><W88/><G109/><T8/><D110/><U41/><E41/><V133/><F133/><W3/><G120/><T69/><D37/><U17/><E108/><V51/><F99/><W91/><G39/><T81/><D100/><U60/><E60/><V50/><F10/><W55/><G6/><N who="1" m="2090" /><E125/><V27/><F86/><W112/><G3/><AGARI ba="1,0" hai="1,2,3,17,21,24,116,117" m="2090,46089" machi="3" ten="30,2900,0" yaku="34,2" doraHai="28" who="1" fromWho="3" sc="206,0,245,32,215,0,334,-32" /><INIT seed="1,2,0,3,2,17" ten="206,277,215,302" oya="1" hai0="113,19,62,90,79,1,95,14,23,103,44,7,120" hai1="38,21,118,63,91,22,88,13,85,98,87,59,123" hai2="101,65,102,34,52,109,132,53,20,42,40,12,128" hai3="78,43,130,4,111,37,119,89,51,10,11,74,80"/><U3/><E3/><V35/><F109/><W58/><G111/><T105/><D113/><U96/><E38/><V8/><F65/><W122/><G122/><T106/><D120/><U92/><E118/><V112/><F112/><W75/><G119/><T72/><D103/><U68/><E68/><V117/><F117/><W25/><G130/><T76/><D62/><U121/><E121/><V60/><F132/><W108/><G108/><T29/><D29/><U16/><E123/><V36/><F128/><W27/><G74/><T48/><D7/><U49/><E22/><V61/><F36/><W83/><G11/><T104/><D1/><U134/><E134/><V116/><F116/><W64/><G83/><T82/><D79/><U50/><E50/><V125/><F8/><W6/><G6/><T2/><D2/><U135/><E135/><V66/><F66/><W127/><G89/><T133/><D133/><U46/><E46/><V26/><F12/><W41/><G41/><T81/><D81/><N who="1" m="49199" /><E49/><V69/><F26/><W84/><G127/><T33/><D33/><U107/><E107/><V15/><F15/><N who="3" m="5575" /><G37/><T73/><D73/><U71/><E71/><V131/><F69/><W45/><G75/><T57/><D57/><U0/><E0/><V24/><F131/><W31/><G31/><T126/><D126/><U70/><E70/><V77/><F125/><W54/><G54/><AGARI ba="2,0" hai="13,16,21,54,59,63,87,91,92,96,98" m="49199" machi="54" ten="30,11600,0" yaku="8,1,52,1,54,2" doraHai="17" who="1" fromWho="3" sc="206,0,277,122,215,0,302,-122" /><INIT seed="1,3,0,3,3,9" ten="206,399,215,180" oya="1" hai0="78,11,34,54,94,134,20,107,33,35,91,90,55" hai1="126,132,15,77,59,30,118,27,84,102,44,24,1" hai2="47,127,58,135,110,6,80,105,21,83,111,8,101" hai3="121,124,131,113,0,53,39,130,85,125,79,37,92"/><U42/><E118/><V81/><F47/><W103/><G0/><T69/><D107/><U2/><E132/><V51/><F135/><W67/><G121/><T16/><D69/><U56/><E126/><N who="3" m="48746" /><G113/><T123/><D134/><U57/><E102/><V117/><F117/><W32/><G32/><T112/><D112/><U115/><E115/><V50/><F127/><W25/><G25/><T3/><D78/><U43/><E44/><V66/><F21/><W100/><G67/><T61/><D123/><U29/><E15/><V22/><F22/><W14/><G53/><T12/><D61/><U97/><E97/><V18/><F18/><W120/><G120/><T48/><D48/><U41/><E77/><V72/><F72/><W116/><G116/><T19/><D91/><U74/><E84/><V52/><F51/><W65/><G65/><T71/><D71/><U31/><REACH who="1" step="1"/><E74/><REACH who="1" ten="206,389,215,180" step="2"/><V119/><F119/><W36/><G14/><T122/><D122/><U93/><E93/><V75/><F75/><W17/><G17/><T63/><D3/><AGARI ba="3,1" hai="1,2,3,24,27,29,30,31,41,42,43,56,57,59" machi="3" ten="50,12000,1" yaku="1,1,29,2,28,2,53,0" doraHai="9" doraHaiUra="76" who="1" fromWho="0" sc="206,-129,389,139,215,0,180,0" /><INIT seed="1,4,0,2,3,67" ten="77,528,215,180" oya="1" hai0="30,123,17,63,49,65,21,14,78,95,72,41,4" hai1="118,122,1,11,84,70,96,100,23,69,34,106,119" hai2="13,124,38,73,126,45,83,108,128,60,46,42,7" hai3="134,116,5,112,15,85,76,28,99,131,88,79,130"/><U37/><E122/><V48/><F73/><W120/><G112/><T43/><D123/><U101/><E84/><V39/><F83/><W31/><G120/><T92/><D4/><N who="1" m="1423" /><E23/><V20/><F7/><W47/><G99/><T68/><D30/><U24/><E100/><V75/><F75/><W12/><G116/><N who="1" m="44586" /><E37/><N who="2" m="21711" /><F20/><W57/><G134/><T91/><D78/><U80/><E80/><V127/><F13/><N who="3" m="5195" /><G5/><T53/><D72/><U3/><E3/><V16/><F16/><W129/><G47/><T25/><D25/><U0/><E0/><V55/><F108/><W29/><G57/><T121/><D95/><AGARI ba="4,0" hai="28,29,31,76,79,85,88,95,129,130,131" m="5195" machi="95" ten="40,2600,0" yaku="19,1,54,1" doraHai="67" who="3" fromWho="0" sc="77,-38,528,0,215,0,180,38" /><INIT seed="2,0,0,2,2,52" ten="39,528,215,218" oya="2" hai0="81,89,28,83,114,19,10,60,98,67,99,49,88" hai1="39,80,14,65,103,36,12,102,104,73,44,48,51" hai2="23,7,122,74,76,46,37,132,20,42,94,15,93" hai3="115,61,21,25,54,34,13,95,91,32,87,117,85"/><V123/><F132/><W133/><G117/><T47/><D114/><U2/><E2/><V41/><F42/><W71/><G133/><T119/><D119/><U66/><E104/><V86/><F74/><W55/><G115/><T29/><D10/><U26/><E73/><V97/><F23/><W35/><G13/><T109/><D19/><U110/><E80/><V68/><F68/><W70/><G85/><T27/><D109/><U125/><E44/><V72/><F72/><W96/><G87/><T129/><D129/><U9/><E9/><V90/><F76/><W50/><G55/><T77/><D49/><U1/><E1/><V11/><REACH who="2" step="1"/><F20/><REACH who="2" ten="39,528,205,218" step="2"/><W4/><G4/><T40/><D40/><U101/><E110/><V22/><F22/><W16/><REACH who="3" step="1"/><G61/><REACH who="3" ten="39,528,205,208" step="2"/><T121/><D60/><U105/><E36/><V75/><F75/><W108/><G108/><T78/><D77/><U128/><E39/><V63/><F63/><W113/><G113/><T100/><D78/><U18/><E128/><V112/><F112/><W0/><G0/><T64/><D27/><U92/><E66/><V124/><F124/><W31/><G31/><T131/><D131/><U126/><E65/><V58/><F58/><AGARI ba="0,2" hai="16,21,25,32,34,35,50,54,58,70,71,91,95,96" machi="58" ten="40,5200,0" yaku="1,1,52,1,54,1,53,0" doraHai="52" doraHaiUra="127" who="3" fromWho="2" sc="39,0,528,0,205,-52,208,72" /><INIT seed="3,0,0,4,0,105" ten="39,528,153,280" oya="3" hai0="80,114,90,99,3,96,103,71,93,111,108,14,10" hai1="131,65,63,18,51,53,42,48,118,75,60,74,107" hai2="133,91,95,116,97,32,67,113,44,85,132,68,9" hai3="125,122,100,20,8,115,0,46,123,34,41,73,23"/><W27/><G73/><T5/><D71/><U54/><E107/><V21/><F32/><W49/><G125/><T43/><D43/><U40/><E118/><V25/><F116/><W109/><G34/><T17/><D114/><U28/><E28/><V106/><F113/><W12/><G115/><T104/><REACH who="0" step="1"/><D80/><REACH who="0" ten="29,528,153,280" step="2"/><U29/><E42/><V19/><F68/><W76/><G109/><T64/><D64/><U120/><E40/><V13/><F67/><W86/><G123/><T30/><D30/><U57/><E29/><V26/><F133/><W2/><G122/><T6/><D6/><U117/><E65/><V101/><F132/><W62/><G100/><T61/><D61/><U112/><E120/><V94/><F44/><W11/><G62/><T66/><D66/><U52/><E117/><V37/><F37/><W58/><G58/><T134/><D134/><U89/><E63/><V7/><REACH who="2" step="1"/><F106/><REACH who="2" ten="29,528,143,280" step="2"/><W22/><G27/><AGARI ba="0,2" hai="7,9,13,19,21,25,26,27,85,91,94,95,97,101" machi="27" ten="30,7700,0" yaku="1,1,2,1,7,1,8,1,53,0" doraHai="105" doraHaiUra="129" who="2" fromWho="3" sc="29,0,528,0,143,97,280,-77" /><INIT seed="4,0,0,1,3,125" ten="29,528,240,203" oya="0" hai0="106,89,31,61,15,38,2,78,73,30,63,21,72" hai1="19,83,10,120,122,6,71,124,54,51,132,45,95" hai2="66,5,12,1,4,82,108,32,134,48,112,109,114" hai3="68,128,135,36,116,42,113,20,104,119,100,102,76"/><T110/><D38/><U105/><E105/><V39/><F39/><W27/><G135/><T64/><D2/><U60/><E124/><V58/><F134/><W17/><G113/><N who="2" m="43625" /><F32/><W40/><G68/><T7/><D106/><U35/><E35/><V85/><F1/><W13/><G36/><T70/><D63/><U47/><E132/><V41/><F41/><W97/><G102/><T49/><D89/><U46/><E19/><V93/><F93/><W50/><G76/><T28/><D110/><N who="2" m="42602" /><F12/><W57/><G128/><T87/><D49/><U55/><E95/><V88/><F66/><W94/><G104/><T18/><REACH who="0" step="1"/><D7/><REACH who="0" ten="19,528,240,203" step="2"/><U69/><E6/><V56/><F48/><W129/><G119/><T101/><D101/><U8/><E51/><V123/><F123/><W25/><G129/><T96/><D96/><U43/><E60/><V22/><F4/><W52/><G116/><T84/><D84/><U126/><E122/><V9/><F5/><W133/><G133/><T34/><D34/><U103/><E120/><V90/><F90/><W98/><G98/><T115/><D115/><U99/><E126/><V33/><F33/><W23/><REACH who="3" step="1"/><G27/><REACH who="3" ten="19,528,240,193" step="2"/><T77/><D77/><U44/><E99/><V121/><F121/><W75/><G75/><T91/><D91/><U81/><E103/><V67/><F88/><W130/><G130/><T62/><D62/><U92/><E92/><V16/><F85/><W24/><G24/><T26/><D26/><U127/><E127/><V11/><F82/><AGARI ba="0,2" hai="15,18,21,28,30,31,61,64,70,72,73,78,82,87" machi="82" ten="40,2000,0" yaku="1,1,53,0" doraHai="125" doraHaiUra="53" who="0" fromWho="2" sc="19,40,528,0,240,-20,193,0" /><INIT seed="4,1,0,3,5,58" ten="59,528,220,193" oya="0" hai0="62,80,42,2,119,14,84,31,27,86,83,5,49" hai1="33,23,37,9,95,18,97,121,1,17,90,91,125" hai2="127,24,48,13,41,21,110,103,39,6,100,35,89" hai3="45,38,20,102,64,87,75,7,108,25,88,29,92"/><T71/><D119/><U134/><E121/><V78/><F110/><W40/><G75/><T10/><D2/><U60/><E33/><V126/><F39/><W34/><G108/><T101/><D101/><U12/><E37/><V50/><F78/><W69/><G7/><T4/><D4/><U0/><E134/><V54/><F41/><W16/><G102/><N who="2" m="38953" /><F89/><W70/><REACH who="3" step="1"/><G64/><REACH who="3" ten="59,528,220,183" step="2"/><T124/><D124/><U28/><E125/><V117/><F6/><W72/><G72/><T53/><D71/><U98/><E0/><V61/><F126/><W76/><G76/><T66/><D66/><U11/><E1/><V99/><F127/><W116/><G116/><T36/><D42/><U43/><E43/><V128/><F117/><W105/><G105/><T115/><D36/><U85/><E91/><V56/><F128/><W135/><G135/><T67/><D67/><U133/><E133/><V94/><F35/><W19/><G19/><T107/><D107/><U111/><E90/><N who="2" m="55767" /><F13/><AGARI ba="1,1" hai="13,16,20,25,29,34,38,40,45,69,70,87,88,92" machi="13" ten="30,7700,0" yaku="1,1,7,1,54,2,53,0" doraHai="58" doraHaiUra="113" who="3" fromWho="2" sc="59,0,528,0,220,-80,183,90" /><INIT seed="5,0,0,5,1,75" ten="59,528,140,273" oya="1" hai0="132,25,74,94,11,13,27,93,8,109,9,31,102" hai1="43,40,24,38,106,52,3,32,72,113,69,23,124" hai2="96,133,68,101,86,77,107,80,54,63,48,114,71" hai3="131,44,81,0,6,4,46,123,33,53,66,82,126"/><U7/><E24/><V1/><F1/><W2/><G123/><T14/><D74/><U122/><E32/><V127/><F133/><W47/><G33/><T10/><D109/><U87/><E7/><V85/><F127/><W39/><G126/><T56/><D132/><U55/><E23/><V118/><F118/><W130/><G66/><T76/><D102/><U97/><E40/><V95/><F114/><W30/><G30/><T120/><D120/><U88/><E43/><V26/><F26/><N who="0" m="9738" /><D56/><U5/><E5/><N who="3" m="2154" /><G53/><T129/><D129/><N who="3" m="49161" /><G39/><T119/><D119/><U79/><E55/><V17/><F17/><W135/><G135/><T134/><D134/><U49/><E52/><V34/><F34/><W104/><G104/><T99/><D99/><U110/><E106/><V60/><F71/><W28/><G28/><T19/><D31/><U91/><E97/><V16/><F68/><W18/><G18/><N who="0" m="8487" /><D93/><U73/><E69/><V21/><F107/><W36/><G36/><T100/><D94/><U112/><E38/><V29/><F29/><W108/><G108/><T128/><D100/><U42/><E124/><V45/><REACH who="2" step="1"/><F85/><REACH who="2" ten="59,528,130,273" step="2"/><W59/><G59/><T98/><D128/><U84/><E87/><V78/><F78/><W103/><G103/><T70/><D70/><U61/><E84/><V64/><F64/><W115/><G115/><T37/><D37/><U67/><E113/><V125/><F125/><W22/><G22/><N who="0" m="11639" /><D98/><U90/><E112/><V58/><F58/><W50/><G50/><T15/><D76/><U92/><E79/><V121/><F121/><W111/><G111/><RYUUKYOKU ba="0,1" sc="59,10,528,-30,130,10,273,10" hai0="9,10,11,15" hai2="16,21,45,48,54,60,63,77,80,86,95,96,101" hai3="0,2,44,46,47,81,82" /><INIT seed="6,1,1,1,4,95" ten="69,498,140,283" oya="2" hai0="89,40,73,70,109,125,120,10,97,110,14,4,93" hai1="58,41,26,60,20,52,118,103,2,104,108,59,82" hai2="19,22,33,94,99,90,15,72,98,11,123,102,131" hai3="96,56,71,83,18,88,48,92,68,23,81,55,57"/><V79/><F123/><W0/><G0/><T132/><D70/><U25/><E2/><V24/><F131/><W77/><G71/><T67/><D67/><U17/><E118/><V62/><F33/><W7/><G7/><T6/><D73/><U84/><E108/><V115/><F115/><W36/><G36/><T105/><D120/><U16/><E41/><V100/><F62/><W86/><G68/><T80/><D105/><U43/><E43/><V74/><F79/><W21/><G83/><T12/><D80/><U42/><E42/><V113/><F113/><W34/><G34/><T50/><D125/><U31/><E25/><V135/><F135/><W65/><G65/><T106/><D106/><U87/><E87/><V8/><F90/><W112/><G112/><T28/><D132/><U126/><E126/><V116/><F116/><W128/><G128/><T29/><D109/><U39/><E39/><V69/><F69/><W53/><G18/><T32/><D32/><U63/><E104/><V13/><F8/><W78/><G77/><T75/><D75/><U119/><E103/><V101/><F13/><W91/><G78/><T5/><D110/><U130/><E130/><V51/><F51/><AGARI ba="1,1" hai="21,23,48,51,53,55,56,57,81,86,88,91,92,96" machi="51" ten="30,8000,1" yaku="7,1,9,1,8,1,52,1,54,1" doraHai="95" who="3" fromWho="2" sc="69,0,498,0,140,-83,283,93" /><INIT seed="7,0,0,3,3,19" ten="69,498,57,376" oya="3" hai0="65,108,84,90,8,41,22,83,104,54,35,88,31" hai1="68,29,94,107,115,12,134,49,38,43,3,101,14" hai2="48,66,80,44,125,23,87,11,28,61,103,57,60" hai3="42,117,118,131,105,85,114,73,26,98,102,75,58"/><W17/><G42/><T0/><D104/><U50/><E3/><V72/><F72/><W111/><G114/><T52/><D35/><U13/><E68/><V109/><F109/><W55/><G111/><T10/><D108/><U96/><E115/><V77/><F125/><W18/><G131/><T99/><D0/><U127/><E127/><V71/><F103/><W37/><G37/><T32/><D32/><U106/><E134/><V16/><F28/><W76/><G73/><T121/><D121/><U5/><E5/><V64/><F11/><N who="0" m="4138" /><D41/><U62/><E62/><V130/><F130/><W123/><G75/><T132/><D132/><U7/><E7/><V9/><F9/><W100/><G123/><T33/><D33/><U34/><E38/><V92/><F92/><W86/><G102/><T113/><D65/><U24/><E50/><V110/><F110/><W78/><G118/><T124/><D124/><U15/><E15/><V122/><F122/><W51/><G117/><T79/><D113/><U20/><E34/><V36/><F36/><W59/><G26/><N who="0" m="16855" /><D99/><U119/><E49/><V2/><F2/><W25/><G59/><T45/><D45/><U126/><E94/><V89/><F44/><W6/><G98/><T21/><D21/><U120/><E101/><V46/><F46/><W97/><G100/><T129/><D129/><U95/><E96/><V133/><F133/><W56/><G97/><T82/><D82/><U4/><E126/><V74/><F48/><W27/><G105/><T91/><AGARI ba="0,0" hai="52,54,79,83,84,88,90,91" m="16855,4138" machi="91" ten="30,7900,0" yaku="8,1,52,1,54,2" doraHai="19" who="0" fromWho="0" sc="69,79,498,-20,57,-20,376,-39" owari="148,-25.0,478,57.0,37,-46.0,337,14.0" /></mjloggm>