<mjloggm ver="2.3"><GO type="97"/><UN n0="%73%75%74%74%61%6B%6F" n1="%E3%81%92%E3%82%93%E3%81%9F%E3%82%8D" n2="%EF%BC%88%E2%89%A7%E2%96%BD%E2%89%A6%EF%BC%89" n3="%E7%8B%82%E3%81%A3%E3%81%BD%E3%83%BC" dan="14,15,15,13" rate="1928,1969,1981,1903" sx="M,M,M,F"/><TAIKYOKU oya="0"/><INIT seed="0,0,0,5,2,50" ten="250,250,250,250" oya="0" hai0="90,0,135,71,86,3,44,106,129,64,92,56,85" hai1="96,104,108,5,111,30,72,78,117,102,125,58,10" hai2="73,24,74,36,12,49,84,1,123,52,66,100,22" hai3="46,63,59,37,112,94,75,47,69,131,9,93,83"/><T87/><BYE who="1" /><D106/><UN n1="%E3%81%92%E3%82%93%E3%81%9F%E3%82%8D" /><U18/><E18/><BYE who="1" /><UN n1="%E3%81%92%E3%82%93%E3%81%9F%E3%82%8D" /><V45/><F36/><W43/><G112/><T127/><D135/><U2/><E117/><V126/><F123/><W119/><G119/><T57/><D129/><U27/><E125/><V82/><F1/><W121/><G121/><T81/><D127/><U124/><E124/><V60/><F126/><W65/><G131/><T54/><D44/><U14/><E14/><V122/><F100/><W70/><G9/><T17/><D17/><U79/><E58/><V48/><F12/><W80/><G80/><T62/><D71/><U28/><E28/><V76/><F49/><W105/><G105/><T118/><D118/><U6/><E6/><V32/><F32/><W55/><G93/><T98/><REACH who="0" step="1"/><D81/><REACH who="0" ten="240,250,250,250" step="2"/><U134/><E134/><V61/><F122/><W16/><G83/><T113/><D113/><U130/><E130/><V91/><F76/><W132/><G69/><T116/><D116/><U29/><E79/><V77/><F77/><W21/><G132/><T133/><D133/><U114/><E114/><V51/><F74/><W95/><G46/><T128/><D128/><U19/><E78/><V11/><F73/><W23/><G75/><T107/><D107/><U110/><E72/><V89/><F82/><W115/><G115/><T8/><D8/><U7/><E7/><V53/><F11/><W31/><G31/><T88/><D88/><U101/><E101/><V120/><F91/><W39/><G16/><T41/><D41/><U97/><E97/><V34/><F89/><W67/><G43/><T20/><D20/><AGARI ba="0,1" hai="2,5,10,19,20,27,29,30,96,102,104,108,110,111" machi="20" ten="40,1300,0" yaku="14,1" doraHai="50" who="1" fromWho="0" sc="240,-13,250,23,250,0,250,0" /><INIT seed="1,0,0,0,1,84" ten="227,273,250,250" oya="1" hai0="4,26,73,14,96,89,11,41,101,48,127,72,113" hai1="64,109,87,52,83,43,94,37,132,92,129,23,88" hai2="2,21,13,38,107,33,115,22,75,117,106,111,58" hai3="112,6,30,56,49,36,39,118,18,32,28,119,12"/><U70/><E129/><V47/><F75/><W0/><G112/><T124/><D113/><U81/><E132/><V62/><F115/><W57/><G0/><T31/><D41/><U97/><E109/><V16/><F117/><W71/><G71/><T110/><D48/><U68/><E64/><V131/><F131/><W98/><G6/><T42/><D42/><U100/><E70/><V7/><F33/><W135/><G135/><T1/><D1/><U34/><E34/><V8/><F111/><W25/><G98/><T61/><D61/><U76/><E68/><V116/><F116/><N who="3" m="44587" /><G30/><T46/><D46/><U50/><E37/><N who="3" m="14410" /><G49/><T80/><D110/><U86/><E43/><V108/><F108/><W104/><G104/><T59/><D59/><N who="1" m="33175" /><E23/><AGARI ba="0,0" hai="12,18,23,25,28,32,56,57" m="14410,44587" machi="23" ten="30,1000,0" yaku="12,1" doraHai="84" who="3" fromWho="1" sc="227,0,273,-10,250,0,250,10" /><INIT seed="2,0,0,0,4,32" ten="227,263,250,260" oya="2" hai0="10,14,103,31,78,56,87,114,26,108,9,59,60" hai1="40,55,130,33,57,22,97,17,6,107,12,72,101" hai2="21,74,83,119,8,79,75,53,16,45,48,27,129" hai3="20,81,62,5,80,85,67,18,24,121,61,39,111"/><V104/><F119/><W126/><G121/><T100/><D114/><U3/><E72/><V99/><F129/><W93/><G126/><T127/><D108/><U73/><E73/><V95/><F8/><W77/><G39/><T51/><D127/><U15/><E130/><V66/><F104/><W71/><G111/><T86/><D51/><U0/><E40/><V116/><F116/><W47/><G62/><T44/><D44/><U115/><E33/><V1/><F66/><W88/><G77/><T135/><D135/><U113/><E12/><V49/><F74/><W43/><G43/><T112/><D112/><U37/><E37/><V30/><F1/><W84/><G47/><T98/><D10/><U76/><E76/><V70/><F49/><W110/><G110/><T134/><D134/><U82/><E82/><V38/><F70/><W28/><G5/><N who="0" m="3375" /><D78/><U122/><E122/><V117/><F38/><W63/><G63/><T124/><D124/><U109/><E109/><V89/><REACH who="2" step="1"/><F117/><REACH who="2" ten="227,263,240,260" step="2"/><W42/><G71/><T118/><D118/><U90/><E6/><V58/><F58/><W120/><G67/><T41/><D56/><U128/><E128/><V34/><F34/><W13/><G120/><T92/><D59/><U102/><E115/><V65/><F65/><W50/><G50/><T35/><D35/><U105/><E113/><V23/><F23/><W96/><G20/><T2/><D2/><N who="1" m="555" /><E107/><V131/><F131/><W69/><G69/><T19/><D60/><N who="1" m="35903" /><E105/><V29/><AGARI ba="0,1" hai="16,21,27,29,30,45,48,53,75,79,83,89,95,99" machi="29" ten="30,6000,0" yaku="1,1,0,1,54,1,53,0" doraHai="32" doraHaiUra="4" who="2" fromWho="2" sc="227,-20,263,-20,240,70,260,-20" /><INIT seed="2,1,0,2,4,90" ten="207,243,310,240" oya="2" hai0="1,120,69,49,134,15,93,21,132,104,84,44,57" hai1="48,97,123,124,17,59,52,101,70,114,5,63,75" hai2="18,74,87,37,67,126,103,50,43,125,89,91,24" hai3="32,22,60,39,122,73,72,83,96,56,25,9,10"/><V36/><F74/><W14/><G122/><T51/><D120/><U118/><E75/><V19/><F67/><W92/><G39/><T121/><D121/><U107/><E123/><V65/><F65/><W102/><G32/><T129/><D104/><U99/><E118/><V81/><F103/><W31/><G83/><T82/><D69/><U130/><E114/><V113/><F113/><W98/><G98/><T133/><D1/><U26/><E130/><V106/><F106/><W55/><REACH who="3" step="1"/><G10/><REACH who="3" ten="207,243,310,230" step="2"/><T11/><D129/><U64/><E124/><V6/><F125/><W46/><G46/><T61/><D44/><U2/><E97/><V0/><F126/><W127/><G127/><T71/><D82/><U20/><E2/><V4/><F0/><W110/><G110/><T53/><D71/><U128/><E128/><V100/><F37/><W108/><G108/><T8/><D11/><U117/><E117/><V41/><F36/><W66/><G66/><T54/><D53/><U47/><REACH who="1" step="1"/><E5/><AGARI ba="1,1" hai="5,9,14,22,25,31,55,56,60,72,73,92,96,102" machi="5" ten="30,7700,0" yaku="1,1,7,1,52,1,53,1" doraHai="90" doraHaiUra="88" who="3" fromWho="1" sc="207,0,243,-80,310,0,230,90" /><INIT seed="3,0,0,1,3,54" ten="207,163,310,320" oya="3" hai0="88,76,132,80,64,18,6,72,25,97,73,116,10" hai1="101,44,50,47,30,52,84,74,37,26,39,33,130" hai2="68,126,123,85,113,14,117,100,134,9,4,120,118" hai3="87,111,121,107,70,112,0,2,94,90,46,19,96"/><W75/><G112/><T106/><D116/><N who="2" m="44650" /><F68/><W32/><G121/><N who="2" m="46665" /><F113/><W125/><G32/><T89/><D132/><U127/><E74/><V95/><F134/><W99/><G70/><T53/><D64/><U119/><E119/><V93/><F126/><W104/><G75/><T21/><D72/><U131/><E127/><V16/><F100/><W24/><G125/><T42/><D42/><U12/><E101/><V91/><F4/><W103/><G111/><T122/><D122/><U5/><E84/><V98/><F98/><W23/><G104/><T1/><D97/><U31/><E31/><V77/><F77/><W135/><G135/><T129/><D106/><U8/><REACH who="1" step="1"/><E47/><REACH who="1" ten="207,153,310,320" step="2"/><V108/><F108/><W40/><G99/><T3/><D73/><U82/><E82/><AGARI ba="0,1" hai="9,14,16,82,85,91,93,95" m="46665,44650" machi="82" ten="30,2000,0" yaku="13,1,54,1" doraHai="54" who="2" fromWho="1" sc="207,0,153,-20,310,30,320,0" owari="207,-19.0,133,-37.0,340,44.0,320,12.0" /></mjloggm>