<mjloggm ver="2.3"><GO type="169" lobby="0"/><UN n0="%68%65%61%72%74%73%40" n1="%EF%BC%88%E2%89%A7%E2%96%BD%E2%89%A6%EF%BC%89" n2="%E7%99%BD%E9%BB%92%E7%A5%9E" n3="%E3%81%AF%E3%82%89%E3%81%BA%E3%81%93%E3%83%AA%E3%82%B0%E3%83%AB" dan="17,19,16,16" rate="2157.97,2272.95,2097.07,2031.66" sx="M,M,F,F"/><TAIKYOKU oya="0"/><INIT seed="0,0,0,3,0,46" ten="250,250,250,250" oya="0" hai0="64,23,80,115,52,15,84,122,86,118,49,101,107" hai1="97,105,55,29,108,133,25,2,12,110,40,90,21" hai2="20,81,39,88,22,0,128,43,9,96,45,58,99" hai3="57,120,37,38,1,33,106,56,17,63,8,93,91"/><T48/><D122/><U68/><E2/><V114/><F128/><W60/><G106/><T31/><D118/><U14/><E68/><V103/><F114/><W113/><G113/><T13/><D115/><U35/><E40/><V94/><F58/><W65/><G33/><T62/><D107/><U47/><E133/><V77/><F0/><W16/><G120/><T74/><D74/><U116/><E116/><V78/><F9/><W67/><G1/><T3/><D3/><U125/><E125/><V121/><F121/><W76/><G76/><T10/><D101/><U95/><E105/><V124/><F124/><W126/><G126/><T92/><D92/><U104/><E104/><V32/><F32/><W5/><G5/><N who="0" m="3279" /><D64/><U54/><E54/><V87/><REACH who="2" step="1"/><F78/><REACH who="2" ten="250,250,240,250" step="2"/><W132/><G132/><T109/><D109/><U119/><E119/><V61/><F61/><W85/><REACH who="3" step="1"/><G8/><REACH who="3" ten="250,250,240,240" step="2"/><T53/><D23/><U6/><E21/><V127/><F127/><W72/><G72/><T41/><D31/><U69/><E29/><V7/><F7/><W111/><G111/><T24/><D24/><U26/><E6/><V75/><F75/><W129/><G129/><T89/><D15/><U117/><E25/><V27/><F27/><W59/><G59/><N who="0" m="35175" /><D41/><U19/><E26/><V28/><F28/><W11/><G11/><T42/><D42/><U30/><E35/><V44/><F44/><W73/><G73/><T98/><D53/><U4/><E55/><V135/><F135/><W51/><G51/><T71/><D48/><U100/><E30/><V70/><F70/><W134/><G134/><RYUUKYOKU ba="0,2" sc="250,-15,250,-15,240,15,240,15" hai2="20,22,39,43,45,77,81,87,88,94,96,99,103" hai3="16,17,37,38,56,57,60,63,65,67,85,91,93" /><INIT seed="1,1,2,3,0,6" ten="235,235,255,255" oya="1" hai0="53,63,131,75,0,40,118,38,104,123,99,25,129" hai1="55,95,12,125,50,26,51,61,67,4,59,29,71" hai2="112,106,48,70,19,84,87,120,52,49,98,93,86" hai3="74,39,3,22,21,31,110,121,28,96,105,11,17"/><U43/><E125/><V66/><F106/><W9/><G39/><T73/><D118/><U45/><E95/><V65/><F120/><W90/><G74/><T92/><D104/><U124/><E124/><V88/><F112/><W91/><G121/><T32/><D0/><U79/><E79/><V134/><F134/><W34/><G105/><T62/><D123/><U111/><E111/><V103/><F70/><W78/><G78/><T122/><D122/><U37/><E50/><N who="2" m="19563" /><F52/><W107/><G107/><T108/><D108/><U42/><E42/><V33/><F33/><W113/><G113/><T46/><D32/><U89/><E89/><N who="3" m="33802" /><G34/><T54/><D25/><U128/><E128/><N who="0" m="49225" /><D54/><U127/><E127/><V115/><F115/><W69/><G69/><T76/><D76/><U47/><E47/><V94/><F19/><W27/><G110/><T35/><D35/><U101/><E101/><V18/><F18/><N who="3" m="12759" /><G3/><T56/><D62/><U5/><E12/><V60/><F60/><W57/><G57/><T109/><D109/><U116/><REACH who="1" step="1"/><E116/><REACH who="1" ten="235,225,255,255" step="2"/><V126/><F126/><W30/><G96/><AGARI ba="1,3" hai="65,66,84,86,87,88,93,94,96,98,103" m="19563" machi="96" ten="30,2000,0" yaku="8,1,54,1" doraHai="6" who="2" fromWho="3" sc="235,0,225,0,255,53,255,-23" /><INIT seed="2,0,0,3,3,110" ten="235,225,308,232" oya="2" hai0="15,62,73,39,112,90,10,100,127,32,81,37,107" hai1="65,16,52,59,46,97,36,41,26,106,4,124,115" hai2="50,85,20,22,133,96,71,130,14,129,125,11,108" hai3="128,98,79,109,87,33,54,83,72,24,38,30,35"/><V53/><F71/><W80/><G109/><T111/><D32/><U68/><E124/><V99/><F108/><W58/><G38/><T94/><D111/><U6/><E115/><V40/><F40/><W119/><G128/><N who="2" m="49257" /><F125/><W17/><G119/><T78/><D127/><U29/><E97/><N who="2" m="37451" /><F85/><W74/><G98/><T67/><D107/><U76/><E106/><V75/><F75/><W126/><G126/><T44/><D100/><U34/><E76/><V88/><F133/><W70/><G70/><T28/><D112/><U48/><REACH who="1" step="1"/><E16/><REACH who="1" ten="235,215,308,232" step="2"/><N who="2" m="8287" /><F88/><W82/><G79/><T103/><D90/><U21/><E21/><V116/><F116/><W69/><G35/><T49/><D78/><U63/><AGARI ba="0,1" hai="4,6,26,29,34,36,41,46,48,52,59,63,65,68" machi="63" ten="30,12000,2" yaku="1,1,0,1,24,2,54,1,53,1" doraHai="110" doraHaiUra="61" who="1" fromWho="1" sc="235,-30,215,130,308,-60,232,-30" /><INIT seed="3,0,0,4,0,96" ten="205,345,248,202" oya="3" hai0="119,46,6,69,123,124,125,63,100,116,26,129,90" hai1="61,60,67,113,111,25,85,114,110,29,41,134,65" hai2="66,1,24,83,30,53,42,72,2,112,5,28,3" hai3="7,92,93,77,84,75,99,135,15,54,86,95,57"/><W106/><G135/><T17/><D123/><U37/><E85/><V20/><F112/><N who="1" m="43113" /><E29/><V13/><F66/><N who="1" m="25097" /><E25/><V14/><F42/><W117/><G117/><T27/><D6/><U9/><E9/><V122/><F53/><W73/><G7/><T109/><D90/><U94/><E94/><V107/><F122/><W49/><G15/><T76/><D76/><U126/><E126/><V108/><F107/><W104/><G104/><T12/><D12/><U47/><E134/><V33/><F83/><W115/><G115/><T132/><D17/><U68/><E68/><V51/><F72/><W70/><G70/><T43/><D69/><U105/><E105/><V10/><F108/><AGARI ba="0,0" hai="37,41,47,60,61,108,110,111" m="25097,43113" machi="108" ten="30,3900,0" yaku="14,1,34,2" doraHai="96" who="1" fromWho="2" sc="205,0,345,39,248,-39,202,0" /><INIT seed="4,0,0,1,0,134" ten="205,384,209,202" oya="0" hai0="87,71,22,76,7,112,34,9,66,5,17,100,45" hai1="0,83,124,90,88,42,14,129,65,19,109,102,69" hai2="98,114,122,2,125,46,51,61,110,32,37,79,16" hai3="59,25,106,23,4,29,99,54,121,63,28,117,97"/><T86/><D34/><U68/><E0/><V81/><F122/><W72/><G117/><T118/><D118/><U101/><E109/><V44/><F110/><W56/><G72/><T40/><D112/><U115/><E115/><V27/><F114/><W48/><G4/><T85/><D76/><U73/><E129/><V133/><F2/><W3/><G3/><T70/><D66/><U6/><E6/><V30/><F133/><W24/><G106/><T1/><D100/><U31/><E31/><V11/><F98/><W95/><G95/><T77/><D5/><U96/><E42/><V120/><F120/><W35/><REACH who="3" step="1"/><G121/><REACH who="3" ten="205,384,209,192" step="2"/><T130/><D130/><U64/><E101/><V128/><F128/><W75/><G75/><T26/><REACH who="0" step="1"/><D77/><REACH who="0" ten="195,384,209,192" step="2"/><U49/><E102/><V15/><F79/><W82/><G82/><T53/><D53/><AGARI ba="0,2" hai="23,24,25,28,29,35,48,53,54,56,59,63,97,99" machi="53" ten="30,7700,0" yaku="1,1,7,1,53,2" doraHai="134" doraHaiUra="94" who="3" fromWho="0" sc="195,-77,384,0,209,0,192,97" /><INIT seed="5,0,0,2,5,112" ten="118,384,209,289" oya="1" hai0="37,64,12,40,130,22,38,103,21,47,105,133,122" hai1="31,57,19,88,58,128,9,75,34,51,118,78,56" hai2="95,39,71,66,69,55,119,8,115,82,117,81,63" hai3="86,104,77,94,123,43,127,79,28,11,91,0,135"/><U114/><E114/><V44/><F115/><W92/><G104/><T32/><D32/><U116/><E128/><V42/><F8/><W113/><G113/><T120/><D130/><U65/><E65/><V52/><F95/><W2/><G123/><T17/><D105/><U27/><E51/><V131/><F131/><W97/><G43/><T85/><D103/><U74/><E88/><V93/><F93/><W16/><G28/><T98/><D98/><U45/><E45/><V23/><F23/><W109/><G109/><T14/><D64/><U26/><E74/><V6/><F6/><W7/><G127/><T89/><D133/><U48/><E48/><V46/><F71/><W3/><G135/><T106/><D106/><U4/><E19/><V18/><F18/><W15/><REACH who="3" step="1"/><G7/><REACH who="3" ten="118,384,209,279" step="2"/><T108/><D108/><U60/><E31/><V5/><F5/><W111/><G111/><T124/><D124/><U107/><E4/><V102/><F46/><W49/><G49/><T99/><D120/><U132/><E132/><V134/><F134/><W101/><AGARI ba="0,1" hai="0,2,3,11,15,16,77,79,86,91,92,94,97,101" machi="101" ten="30,4000,0" yaku="1,1,0,1,54,1,53,0" doraHai="112" doraHaiUra="25" who="3" fromWho="3" sc="118,-10,384,-20,209,-10,279,50" /><INIT seed="6,0,0,3,0,39" ten="108,364,199,329" oya="2" hai0="12,98,79,85,4,45,38,11,69,53,65,10,22" hai1="86,84,135,125,91,107,8,41,28,54,17,130,104" hai2="73,51,0,7,100,36,30,102,14,124,114,20,83" hai3="47,75,72,24,68,109,108,131,120,37,56,3,40"/><V115/><F36/><W21/><G3/><T76/><D69/><U103/><E125/><V94/><F124/><W132/><G120/><T42/><D65/><U34/><E135/><V26/><F0/><W126/><G126/><T43/><D98/><U18/><E130/><V95/><F51/><W29/><G132/><T105/><D105/><U101/><E107/><V106/><F106/><W59/><G68/><T111/><D111/><U70/><E70/><V81/><F7/><W23/><G131/><T129/><D129/><U57/><E104/><V60/><F60/><W96/><G96/><T35/><D35/><U25/><E41/><N who="0" m="15369" /><D38/><U118/><E34/><V90/><F14/><W80/><G72/><T99/><D10/><U64/><E8/><V133/><F133/><W88/><G75/><T82/><D99/><U92/><E64/><V1/><F1/><W117/><G37/><T5/><D22/><U127/><E127/><V44/><F73/><W134/><G21/><T123/><D123/><U89/><E84/><V78/><F20/><W15/><G134/><T61/><D61/><U93/><E86/><V97/><F97/><W16/><G109/><T13/><D79/><U33/><E33/><V9/><F78/><W2/><G2/><T77/><D77/><U74/><E74/><V112/><F9/><W87/><G108/><T62/><D62/><U116/><E89/><V71/><F71/><W66/><G88/><T113/><D113/><U63/><E91/><V119/><F112/><W31/><G23/><T121/><D121/><U32/><E32/><V128/><F114/><RYUUKYOKU ba="0,0" sc="108,0,364,0,199,0,329,0" /><INIT seed="7,1,0,2,5,135" ten="108,364,199,329" oya="3" hai0="1,116,34,80,26,19,33,14,71,44,66,50,106" hai1="96,73,62,103,25,79,54,108,92,109,91,68,59" hai2="115,38,18,29,40,21,129,55,70,74,85,81,17" hai3="100,84,43,12,111,5,76,37,60,63,87,42,35"/><W132/><G132/><T39/><D116/><U7/><E7/><V112/><F74/><W72/><G35/><T49/><D39/><U104/><E68/><V125/><F70/><W122/><G122/><T113/><D1/><U24/><E24/><N who="2" m="16527" /><F125/><W53/><G72/><T52/><D113/><N who="2" m="43594" /><F129/><W51/><G37/><T90/><D106/><U82/><E25/><V13/><F13/><W78/><G111/><T101/><D101/><U36/><E36/><V75/><F75/><W107/><G107/><T120/><D120/><U102/><E102/><V0/><F0/><W28/><G100/><T97/><D26/><U134/><E134/><V99/><F99/><AGARI ba="1,0" hai="54,59,62,73,79,82,91,92,96,99,103,104,108,109" machi="99" ten="30,1000,0" yaku="7,1" doraHai="135" who="1" fromWho="2" sc="108,0,364,13,199,-13,329,0" owari="108,-39.0,377,47.0,186,-21.0,329,13.0" /></mjloggm>