<mjloggm ver="2.3"><GO type="41"/><UN n0="%EF%BC%88%E2%89%A7%E2%96%BD%E2%89%A6%EF%BC%89" n1="%E3%81%95%E3%82%84%E5%AD%90" n2="%6F%6F%62%61" n3="%E8%83%8C%E4%B8%AD%E3%82%B9%E3%82%A4%E3%83%83%E3%83%81" dan="13,14,15,15" rate="2007,1926,2276,1976" sx="M,F,M,M"/><TAIKYOKU oya="0"/><INIT seed="0,0,0,0,2,36" ten="250,250,250,250" oya="0" hai0="24,117,27,72,103,23,32,49,6,31,135,57,105" hai1="38,76,95,100,107,59,42,93,55,85,81,2,56" hai2="26,8,77,108,16,0,51,61,133,14,90,13,110" hai3="101,37,106,34,75,99,22,111,125,70,35,11,60"/><T88/><D117/><U58/><E2/><V109/><F77/><W92/><G75/><T46/><D72/><U7/><E7/><V118/><F118/><W47/><G125/><T9/><D135/><U129/><E129/><V134/><F61/><W126/><G126/><T121/><D121/><U124/><E124/><V12/><F90/><W50/><G111/><T30/><D57/><U119/><E119/><V78/><F51/><W25/><G11/><T17/><D103/><U86/><E55/><V15/><F78/><W3/><G3/><T48/><D105/><U44/><REACH who="1" step="1"/><E86/><REACH who="1" step="2"/><V71/><F0/><W67/><G106/><T113/><D113/><U4/><E4/><V19/><F71/><W89/><G70/><T130/><D130/><U123/><E123/><V28/><REACH who="2" step="1"/><F19/><REACH who="2" step="2"/><W29/><G60/><T83/><D17/><U74/><E74/><V39/><F39/><W33/><G37/><T104/><D31/><U96/><AGARI ba="0,2" hai="38,42,44,56,58,59,76,81,85,93,95,96,100,107" machi="96" ten="30,4000,0" yaku="1,1,0,1,52,1,53,0" doraHai="36" doraHaiUra="62" who="1" fromWho="1" sc="250,-20,240,60,240,-10,250,-10" /><INIT seed="1,0,0,1,2,83" ten="230,300,230,240" oya="1" hai0="19,94,69,71,123,66,128,61,42,21,24,114,2" hai1="13,96,91,37,108,39,1,98,75,80,95,131,103" hai2="35,124,47,82,31,134,55,93,121,63,15,58,48" hai3="18,16,120,81,6,30,111,88,52,107,17,43,34"/><U89/><E1/><V60/><F121/><W85/><G120/><T100/><D123/><U28/><E131/><V36/><F134/><W57/><G107/><T132/><D114/><U101/><E108/><V56/><F124/><W41/><G111/><T70/><D132/><U53/><E53/><V97/><F36/><W54/><G6/><T86/><D128/><U122/><E122/><V117/><F117/><W87/><G34/><T29/><D2/><U7/><E7/><V12/><F82/><N who="3" m="49207" /><G30/><T126/><D126/><U49/><E49/><V65/><F31/><W90/><G54/><T20/><D42/><U45/><E28/><V50/><F35/><W130/><G130/><T135/><D135/><U62/><E62/><AGARI ba="0,0" hai="16,17,18,41,43,52,57,62,81,87,90" m="49207" machi="62" ten="30,12000,2" yaku="8,1,52,2,54,3" doraHai="83" who="3" fromWho="1" sc="230,0,300,-120,230,0,240,120" /><INIT seed="2,0,0,5,2,117" ten="230,180,230,360" oya="2" hai0="134,32,63,123,52,55,95,82,101,10,49,57,2" hai1="77,45,6,125,81,54,127,8,87,116,103,68,38" hai2="129,121,91,51,80,48,135,65,25,130,3,0,60" hai3="78,1,83,76,46,119,85,69,28,94,72,61,104"/><V44/><F135/><W23/><G119/><T30/><D134/><U58/><E116/><V5/><F121/><W112/><G104/><T66/><D123/><U50/><E103/><V26/><F80/><W92/><G1/><T89/><D32/><U106/><E106/><V115/><F115/><W131/><G112/><T113/><D113/><U96/><E96/><V12/><F91/><W27/><G131/><N who="2" m="50185" /><F12/><W24/><G76/><T21/><D2/><N who="2" m="554" /><F5/><W31/><G72/><T11/><D82/><U105/><E105/><V67/><F67/><W47/><G69/><T97/><D89/><U16/><E68/><N who="2" m="42023" /><F51/><W53/><G47/><N who="0" m="27711" /><D55/><AGARI ba="0,0" hai="25,26,44,48,55" m="42023,554,50185" machi="55" ten="30,1500,0" yaku="19,1" doraHai="117" who="2" fromWho="0" sc="230,-15,180,0,230,15,360,0" /><INIT seed="2,1,0,3,5,46" ten="215,180,245,360" oya="2" hai0="14,103,108,80,54,111,45,48,118,94,30,121,4" hai1="57,109,35,40,20,63,110,134,71,8,101,133,13" hai2="3,73,104,55,66,26,117,32,37,59,64,135,68" hai3="113,58,56,50,52,93,28,107,91,69,105,33,6"/><V38/><F117/><W123/><G69/><T122/><D30/><U89/><E101/><V77/><F104/><W60/><G123/><T129/><D118/><U83/><E71/><V51/><F3/><W78/><G78/><T74/><D129/><U29/><E40/><V53/><F32/><W81/><G81/><T12/><D74/><U27/><E89/><V127/><F77/><W82/><G82/><T0/><D80/><U75/><E83/><V97/><F97/><W99/><G113/><T126/><D126/><U47/><E75/><V67/><F26/><W92/><G6/><T120/><D0/><U65/><E47/><N who="2" m="27903" /><F73/><W88/><G28/><T130/><D130/><U49/><E49/><N who="2" m="31215" /><F135/><N who="1" m="51721" /><E35/><V114/><F114/><W132/><G33/><T18/><D4/><AGARI ba="1,0" hai="4,8,13,20,27,29,57,63,65,109,110" m="51721" machi="4" ten="30,1000,0" yaku="20,1" doraHai="46" who="1" fromWho="0" sc="215,-13,180,13,245,0,360,0" /><INIT seed="3,0,0,4,2,116" ten="202,193,245,360" oya="3" hai0="88,27,66,72,6,11,78,128,106,100,39,8,104" hai1="22,44,21,53,133,79,5,86,108,113,57,59,52" hai2="84,70,90,126,26,31,24,85,91,36,119,107,124" hai3="118,50,20,81,32,60,130,64,1,71,19,96,34"/><W77/><G118/><T40/><D128/><U46/><E113/><V35/><F119/><W68/><G68/><T99/><D66/><U83/><E133/><V74/><F107/><W134/><G134/><T129/><D129/><U17/><E108/><V47/><F74/><W54/><G130/><T0/><D11/><U7/><E22/><V12/><F70/><W93/><G1/><T38/><D106/><U41/><E41/><V111/><F111/><W73/><G50/><T135/><D135/><U117/><E117/><V15/><F47/><W87/><G73/><T56/><D56/><U63/><E7/><V51/><F51/><W43/><G43/><T48/><D27/><U67/><E5/><V58/><F58/><W10/><G10/><T65/><D65/><U80/><E83/><V13/><F36/><W110/><G54/><T33/><D33/><U103/><E103/><V92/><REACH who="2" step="1"/><F24/><REACH who="2" step="2"/><W131/><G110/><T101/><D39/><U2/><E67/><V75/><F75/><W127/><G131/><T132/><D38/><U23/><E2/><V105/><F105/><W55/><G55/><T45/><D132/><U89/><E79/><V115/><F115/><W37/><G37/><T112/><D112/><U69/><E69/><V9/><F9/><W97/><G71/><T122/><D104/><U102/><E102/><V3/><F3/><W94/><G64/><T123/><D101/><U29/><E23/><V95/><AGARI ba="0,1" hai="12,13,15,26,31,35,84,85,90,91,92,95,124,126" machi="95" ten="30,7900,0" yaku="1,1,0,1,9,1,53,1" doraHai="116" doraHaiUra="25" who="2" fromWho="2" sc="202,-20,193,-20,235,89,360,-39" /><INIT seed="4,0,0,4,3,36" ten="182,173,324,321" oya="0" hai0="28,124,75,16,45,72,35,1,22,6,123,18,109" hai1="57,73,41,68,54,127,60,88,108,87,32,92,29" hai2="17,38,62,122,97,66,40,15,25,33,116,5,61" hai3="112,49,42,4,8,120,48,103,21,126,105,113,39"/><T47/><D75/><U119/><E73/><V118/><F122/><W43/><G120/><T111/><D72/><U99/><E119/><N who="2" m="45611" /><F97/><N who="3" m="61679" /><G39/><T106/><D106/><U107/><E68/><V20/><F66/><W132/><G21/><T58/><D123/><U26/><E127/><V64/><F64/><W19/><G19/><N who="0" m="7211" /><D124/><U34/><E108/><N who="0" m="41545" /><D35/><U44/><E34/><V133/><F33/><W11/><G126/><T37/><D58/><U14/><E14/><V130/><F130/><W134/><G8/><N who="0" m="2127" /><D37/><U2/><E2/><V31/><F5/><W81/><G81/><T80/><D80/><U63/><E107/><V46/><F15/><N who="3" m="5607" /><G49/><T83/><D83/><U86/><REACH who="1" step="1"/><E63/><REACH who="1" step="2"/><V101/><F62/><W24/><G24/><AGARI ba="0,1" hai="22,24,28,45,47" m="2127,41545,7211" machi="24" ten="30,2900,0" yaku="10,1,54,1" doraHai="36" who="0" fromWho="3" sc="182,39,163,0,324,0,321,-29" /><INIT seed="4,1,0,0,0,20" ten="221,163,324,292" oya="0" hai0="73,95,96,115,30,84,75,58,54,134,99,8,62" hai1="128,107,34,76,29,97,90,14,125,65,106,51,5" hai2="89,12,32,83,26,117,132,114,6,66,91,28,3" hai3="19,77,24,46,35,0,72,37,94,44,9,45,13"/><T112/><D134/><U81/><E128/><V70/><F114/><N who="0" m="43562" /><D8/><U15/><E125/><V130/><F132/><W38/><G72/><N who="0" m="27723" /><D30/><U43/><E65/><V47/><F130/><W21/><G77/><T64/><D84/><U55/><E43/><V16/><F117/><W102/><G102/><N who="0" m="60703" /><D99/><U57/><E5/><V103/><F103/><W127/><G94/><T104/><D104/><U56/><E56/><V101/><F101/><W85/><G85/><T42/><D42/><U17/><E15/><V78/><F83/><W135/><G135/><T39/><D39/><U131/><E131/><V69/><F78/><W79/><G79/><T113/><N who="0" m="43570" /><T53/><AGARI ba="1,0" hai="53,54,58,62,64" m="60703,27723,43570" machi="53" ten="50,4800,0" yaku="4,1,15,1" doraHai="20" who="0" fromWho="0" sc="221,51,163,-17,324,-17,292,-17" /><INIT seed="4,2,0,5,0,125" ten="272,146,307,275" oya="0" hai0="126,32,134,23,131,93,44,71,18,102,64,6,9" hai1="40,11,96,116,39,70,129,107,4,46,14,124,28" hai2="103,109,132,74,121,120,61,30,0,76,117,25,21" hai3="92,26,16,90,62,66,38,17,24,59,19,128,49"/><T98/><D126/><U13/><E124/><V97/><F109/><W113/><G38/><T85/><D32/><U51/><E116/><V60/><F117/><W89/><G113/><T67/><D134/><U43/><E28/><V123/><F132/><W82/><G128/><T10/><D131/><U27/><E27/><V130/><F0/><W110/><G110/><T57/><D71/><U1/><E129/><V81/><REACH who="2" step="1"/><F130/><REACH who="2" step="2"/><W106/><G106/><AGARI ba="2,1" hai="21,25,30,60,61,74,76,81,97,103,106,120,121,123" machi="106" ten="40,2600,0" yaku="1,1,2,1,53,0" doraHai="125" doraHaiUra="53" who="2" fromWho="3" sc="272,0,146,0,297,42,275,-32" /><INIT seed="5,0,0,2,5,71" ten="272,146,339,243" oya="1" hai0="101,22,1,6,75,43,8,79,102,111,28,2,93" hai1="124,60,31,95,52,120,91,106,127,88,129,96,45" hai2="61,86,92,100,65,49,121,42,110,123,41,17,89" hai3="69,47,85,13,87,51,125,11,46,19,128,34,44"/><U135/><E106/><V81/><F110/><W119/><G119/><T117/><D111/><U5/><E120/><V108/><F108/><W40/><G128/><T97/><D117/><U74/><E74/><V3/><F3/><W35/><G125/><N who="1" m="48202" /><E5/><V20/><F123/><W122/><G122/><T78/><D1/><U12/><E31/><V72/><F121/><W134/><G134/><T55/><D102/><N who="1" m="60703" /><E135/><V50/><F100/><W115/><G115/><T59/><D43/><N who="2" m="16394" /><F72/><W54/><G69/><T114/><D75/><U21/><E129/><V18/><F81/><W25/><G35/><T116/><D114/><U29/><E29/><V53/><F65/><W0/><G0/><T38/><D116/><U105/><E105/><V70/><F70/><W48/><G34/><T132/><D132/><U27/><E27/><N who="2" m="14735" /><F18/><W131/><G131/><T112/><D112/><U10/><E10/><V23/><F23/><W133/><G133/><T4/><D22/><U32/><E32/><V57/><AGARI ba="0,0" hai="49,50,53,57,61,86,89,92" m="14735,16394" machi="57" ten="30,1100,0" yaku="8,1" doraHai="71" who="2" fromWho="2" sc="272,-3,146,-5,339,11,243,-3" /><INIT seed="6,0,0,0,5,15" ten="269,141,350,240" oya="2" hai0="64,78,52,46,119,85,75,38,44,118,23,93,72" hai1="70,58,102,35,92,26,13,123,36,25,115,33,80" hai2="107,18,22,42,120,131,88,69,95,79,89,61,104" hai3="74,55,130,60,17,39,98,105,40,82,134,24,10"/><V77/><F120/><W110/><G110/><T108/><D108/><U28/><E36/><V62/><F131/><W31/><G130/><T34/><D34/><U94/><E70/><V87/><F104/><W129/><G129/><T9/><D64/><U113/><E123/><V56/><F107/><W16/><G134/><T122/><D122/><U14/><E80/><V67/><F42/><W117/><G117/><N who="0" m="44555" /><D9/><U54/><E102/><V73/><F89/><W96/><G10/><T45/><D38/><U59/><E28/><V3/><F3/><W86/><G74/><N who="0" m="28203" /><D23/><U71/><E71/><V84/><F84/><W91/><G39/><T121/><D121/><U106/><E106/><V4/><F4/><W7/><G40/><T11/><D11/><U125/><REACH who="1" step="1"/><E54/><REACH who="1" step="2"/><V27/><F73/><W109/><G105/><T32/><D52/><AGARI ba="0,1" hai="18,22,27,52,56,61,62,67,69,77,79,87,88,95" machi="52" ten="30,11600,0" yaku="7,1,52,1,54,2" doraHai="15" who="2" fromWho="0" sc="269,-116,131,0,350,126,240,0" /><INIT seed="6,1,0,5,5,92" ten="153,131,476,240" oya="2" hai0="64,122,42,23,76,83,25,30,88,66,98,103,106" hai1="7,0,97,78,47,134,86,95,43,4,5,9,128" hai2="75,70,118,89,41,65,111,99,93,87,36,29,133" hai3="38,116,60,72,49,119,63,135,120,90,12,96,6"/><V115/><F118/><W62/><G38/><T131/><D122/><U13/><E134/><V77/><F115/><W108/><G135/><T114/><D114/><U48/><E128/><V33/><F133/><W50/><G120/><T24/><D131/><U127/><E127/><V34/><F75/><W17/><G72/><T22/><D42/><U101/><REACH who="1" step="1"/><E0/><REACH who="1" step="2"/><V123/><F123/><W80/><G116/><T21/><D21/><U28/><E28/><V85/><F29/><W82/><G119/><T39/><D39/><U94/><E94/><V68/><F36/><W27/><G108/><T44/><D44/><U18/><E18/><V117/><F93/><N who="3" m="56375" /><G6/><T20/><D20/><U112/><E112/><V35/><F111/><W91/><G27/><T126/><D126/><U73/><E73/><V57/><F33/><W11/><G82/><AGARI ba="1,1" hai="4,5,7,9,13,43,47,48,78,82,86,95,97,101" machi="82" ten="40,8000,1" yaku="1,1,25,2,8,1,52,1,53,0" doraHai="92" doraHaiUra="26" who="1" fromWho="3" sc="153,0,121,93,476,0,240,-83" /><INIT seed="7,0,0,0,2,4" ten="153,214,476,157" oya="3" hai0="58,48,93,85,98,67,76,37,111,71,87,107,123" hai1="12,28,35,132,80,25,121,8,105,44,68,62,46" hai2="134,104,41,106,126,101,69,5,124,57,16,51,21" hai3="114,40,26,63,79,89,70,3,86,2,103,15,54"/><W125/><G79/><T60/><D111/><U49/><E121/><V116/><F116/><W119/><G119/><T36/><D123/><U91/><E132/><V47/><F69/><W74/><G74/><T110/><D110/><U90/><E105/><V0/><F134/><W22/><G40/><T94/><D107/><U13/><E68/><V56/><F104/><W64/><G103/><T53/><D76/><U19/><E62/><V97/><F5/><W18/><G125/><N who="2" m="48233" /><F0/><W83/><G114/><T31/><D31/><U6/><E46/><V73/><F73/><W95/><G83/><T34/><D34/><U81/><E80/><V30/><F30/><W72/><G72/><T102/><REACH who="0" step="1"/><D94/><REACH who="0" step="2"/><U77/><E81/><V24/><AGARI ba="0,1" hai="16,21,24,41,47,51,56,57,97,101,106" m="48233" machi="24" ten="30,2000,0" yaku="18,1,54,1" doraHai="4" who="2" fromWho="2" sc="143,-5,214,-5,476,30,157,-10" owari="138,-36,209,1,506,60,147,-25" /></mjloggm>