<mjloggm ver="2.3"><GO type="169"/><UN n0="%E3%81%9A%E3%81%86" n1="%E5%8F%AF%E7%87%83%E6%80%A7%E9%AB%98%E5%9C%A7%E3%82%AC%E3%82%B9" n2="%EF%BC%88%E2%89%A7%E2%96%BD%E2%89%A6%EF%BC%89" n3="%53%50%49%43%41%40%58" dan="17,17,18,16" rate="2055,2204,2205,2051" sx="F,M,M,M"/><TAIKYOKU oya="0"/><INIT seed="0,0,0,4,1,84" ten="250,250,250,250" oya="0" hai0="26,126,132,32,63,7,27,55,6,124,81,19,17" hai1="20,2,117,85,64,122,68,107,0,110,79,10,135" hai2="49,128,56,12,72,45,100,98,127,114,46,29,40" hai3="16,131,134,102,42,112,24,86,14,111,93,22,58"/><T115/><D63/><U18/><E117/><V23/><F72/><W30/><G112/><T77/><D81/><U48/><E122/><V13/><F114/><W70/><G70/><T71/><D77/><U33/><E107/><V69/><F69/><W125/><G111/><T8/><D71/><U113/><E110/><V11/><F128/><W83/><G131/><T78/><D78/><U3/><E3/><V52/><F127/><N who="0" m="48682" /><D55/><U43/><E33/><V80/><F80/><W15/><G125/><T28/><D115/><U88/><E2/><V50/><F11/><W66/><G42/><T36/><D36/><U99/><E0/><V118/><F118/><W130/><G130/><T109/><D109/><U92/><E68/><V65/><F65/><W35/><G66/><T53/><D53/><U105/><E105/><V101/><F56/><W95/><G58/><T87/><D87/><U74/><E74/><V41/><F52/><W5/><G102/><N who="2" m="39529" /><F98/><W108/><G108/><T97/><D97/><U21/><E64/><V123/><F123/><W103/><G103/><T9/><D9/><U120/><E113/><V76/><F76/><N who="3" m="46439" /><G93/><T91/><D8/><U39/><E10/><V25/><AGARI ba="0,0" hai="12,13,23,25,29,40,41,45,46,49,50" m="39529" machi="25" ten="30,1100,0" yaku="8,1" doraHai="84" who="2" fromWho="2" sc="250,-5,250,-3,250,11,250,-3" /><INIT seed="1,0,0,4,1,126" ten="245,247,261,247" oya="1" hai0="86,127,10,23,2,72,20,77,1,108,47,106,25" hai1="40,14,43,131,89,121,122,11,133,62,102,71,45" hai2="84,78,33,99,0,125,68,97,67,107,12,83,112" hai3="94,95,69,46,93,115,9,100,6,38,74,30,36"/><U123/><E102/><V88/><F0/><W7/><G115/><T55/><D106/><U3/><E3/><V60/><F112/><W63/><G74/><T103/><D103/><U129/><E89/><V80/><F125/><W130/><G30/><T128/><D72/><U135/><E62/><V56/><F33/><W27/><G27/><T13/><D23/><U57/><E57/><V70/><F12/><W44/><G100/><T51/><D108/><U4/><E71/><V22/><F22/><W61/><G69/><T110/><D110/><U134/><E43/><V118/><F118/><W76/><G76/><T92/><D127/><U29/><E29/><V75/><F107/><W116/><G9/><T113/><D113/><U17/><E17/><V21/><F21/><W64/><G64/><T101/><D101/><U8/><E8/><V42/><F42/><W5/><G116/><T111/><D111/><U66/><E66/><V79/><F79/><W35/><G35/><T82/><D92/><U18/><E18/><V120/><F120/><W119/><G119/><T73/><D73/><U49/><AGARI ba="0,0" hai="4,11,14,40,45,49,121,122,123,129,131,133,134,135" machi="49" ten="40,12000,1" yaku="0,1,20,1,52,2" doraHai="126" who="1" fromWho="1" sc="245,-40,247,120,261,-40,247,-40" /><INIT seed="1,1,0,4,1,3" ten="205,367,221,207" oya="1" hai0="68,126,1,85,16,70,109,117,120,12,72,106,52" hai1="19,79,13,21,0,128,92,59,88,9,8,46,15" hai2="28,78,29,50,90,131,77,125,133,53,63,18,58" hai3="91,82,132,24,114,5,108,61,23,36,26,57,73"/><U35/><E79/><V97/><F133/><W11/><G114/><T67/><D72/><U44/><E35/><V84/><F131/><W122/><G36/><T30/><D1/><U48/><E128/><V95/><F125/><W103/><G122/><T27/><D106/><U96/><E0/><V7/><F18/><W83/><G108/><T87/><D117/><U22/><E59/><V69/><F69/><W80/><G103/><T66/><D109/><U93/><E93/><V31/><F7/><W42/><G42/><T130/><D130/><U121/><E121/><V20/><F20/><N who="1" m="7785" /><E48/><V134/><F134/><W34/><G34/><T32/><D70/><U71/><E71/><V2/><F2/><W75/><G91/><T100/><D100/><U74/><E74/><V6/><F6/><AGARI ba="1,0" hai="6,8,9,13,15,19,44,46,88,92,96" m="7785" machi="6" ten="30,5800,0" yaku="8,1,52,1,54,1" doraHai="3" who="1" fromWho="2" sc="205,0,367,61,221,-61,207,0" /><INIT seed="1,2,0,3,0,98" ten="205,428,160,207" oya="1" hai0="69,101,86,116,96,35,15,33,118,97,92,91,121" hai1="95,129,83,54,112,4,108,16,117,3,74,67,68" hai2="10,84,32,63,6,12,42,76,113,93,78,103,135" hai3="58,64,131,55,90,72,80,34,7,51,24,36,114"/><U134/><E117/><V81/><F135/><W26/><G114/><T46/><D69/><U111/><E112/><V132/><F132/><W85/><G36/><T88/><D121/><U100/><E134/><V107/><F113/><W31/><G131/><T2/><D2/><U18/><E129/><V109/><F109/><N who="1" m="42057" /><E54/><V52/><F32/><W133/><G133/><T27/><D15/><U130/><E130/><V115/><F115/><W22/><G72/><T14/><D14/><U125/><E125/><V99/><F42/><W5/><REACH who="3" step="1"/><G64/><REACH who="3" ten="205,428,160,197" step="2"/><T124/><D118/><U123/><E123/><V39/><F39/><W66/><G66/><T17/><D116/><U75/><E75/><V41/><F41/><W45/><G45/><T120/><D46/><U38/><E38/><V61/><F76/><W0/><G0/><T50/><D120/><U77/><E3/><V29/><F29/><AGARI ba="2,1" hai="5,7,22,24,26,29,31,34,51,55,58,80,85,90" machi="29" ten="30,2000,0" yaku="1,1,7,1,53,0" doraHai="98" doraHaiUra="106" who="3" fromWho="2" sc="205,0,428,0,160,-26,197,36" /><INIT seed="2,0,0,2,2,13" ten="205,428,134,233" oya="2" hai0="107,128,56,117,99,113,44,135,121,5,94,132,8" hai1="83,2,62,91,85,67,64,6,63,22,36,38,111" hai2="25,118,1,112,100,57,78,43,72,74,16,133,120" hai3="3,98,80,18,71,75,15,82,109,51,129,119,104"/><V59/><F120/><W33/><G33/><T39/><D113/><U21/><E111/><V42/><F118/><W49/><G3/><T84/><D117/><U87/><E6/><V86/><F1/><W52/><G71/><T126/><D121/><U58/><E2/><V66/><F112/><W54/><G119/><T26/><D107/><U0/><E0/><V105/><F133/><W134/><G75/><T12/><D84/><U123/><E123/><V17/><F105/><W110/><G129/><T46/><D128/><U106/><E106/><V114/><F114/><W95/><G104/><T81/><D81/><N who="3" m="31337" /><G134/><N who="0" m="51243" /><D39/><U47/><E87/><V96/><F86/><W10/><G109/><T55/><D26/><U76/><E76/><V79/><F25/><W50/><G110/><T29/><D29/><U35/><E35/><V28/><F28/><W9/><G10/><T4/><D4/><U88/><E91/><AGARI ba="0,0" hai="9,15,18,49,50,51,52,54,91,95,98" m="31337" machi="91" ten="30,3900,0" yaku="8,1,52,1,54,1" doraHai="13" who="3" fromWho="1" sc="205,0,428,-39,134,0,233,39" /><INIT seed="3,0,0,1,2,51" ten="205,389,134,272" oya="3" hai0="88,1,99,62,19,69,108,92,17,105,85,111,94" hai1="24,6,35,109,34,97,110,63,11,28,16,122,70" hai2="64,66,100,128,113,3,57,52,120,65,58,98,134" hai3="79,106,39,42,101,53,22,50,118,114,74,73,117"/><W127/><G114/><T37/><D1/><U77/><E77/><V130/><F113/><W45/><G127/><T14/><D37/><U103/><E122/><V133/><F3/><W104/><G22/><T87/><D105/><N who="1" m="63727" /><E35/><V10/><F10/><W102/><G104/><T43/><D43/><U46/><E46/><V21/><F21/><W18/><G18/><T125/><D125/><U38/><E16/><N who="0" m="6217" /><D94/><U12/><E38/><V54/><F120/><W95/><G106/><T135/><D14/><U25/><E25/><V116/><F116/><W132/><G95/><T13/><D13/><U5/><E5/><V9/><F9/><W40/><G39/><T81/><D81/><U59/><E59/><N who="2" m="22539" /><F98/><W124/><G124/><T33/><D135/><N who="2" m="51722" /><F100/><W76/><G132/><T82/><D82/><U2/><E12/><V129/><AGARI ba="0,0" hai="52,54,64,65,66,128,129,130" m="51722,22539" machi="129" ten="40,16000,3" yaku="28,2,19,1,20,1,34,2,52,2,54,1" doraHai="51" who="2" fromWho="2" sc="205,-40,389,-40,134,160,272,-80" /><INIT seed="4,0,0,1,0,26" ten="165,349,294,192" oya="0" hai0="84,61,76,0,65,16,67,122,129,15,107,53,46" hai1="25,93,48,77,5,78,8,31,125,27,98,121,108" hai2="38,96,4,10,120,103,124,3,132,134,99,82,17" hai3="80,29,104,7,33,89,1,22,81,18,135,113,131"/><T36/><D122/><U44/><E121/><V21/><F38/><W106/><G113/><T133/><D0/><U118/><E118/><V51/><F120/><W95/><G131/><T88/><D107/><U105/><E105/><V54/><F82/><W100/><G135/><N who="2" m="51753" /><F103/><W91/><G100/><T2/><D2/><U34/><E27/><N who="2" m="14767" /><F124/><W73/><G73/><T39/><D129/><U59/><E59/><AGARI ba="0,0" hai="3,4,10,51,54,59,96,99" m="14767,51753" machi="59" ten="30,1000,0" yaku="20,1" doraHai="26" who="2" fromWho="1" sc="165,0,349,-10,294,10,192,0" /><INIT seed="5,0,0,2,1,1" ten="165,339,304,192" oya="1" hai0="38,114,28,43,16,113,104,21,62,53,7,37,122" hai1="41,135,73,32,10,75,15,88,110,91,14,24,74" hai2="51,103,25,65,58,125,128,35,102,18,55,46,92" hai3="134,86,31,111,106,0,131,34,12,98,19,81,63"/><U61/><E135/><V54/><F125/><W59/><G111/><T85/><D104/><U68/><E110/><V72/><F72/><W48/><G0/><T116/><D116/><U13/><E41/><V33/><F128/><W127/><G48/><T99/><D28/><U132/><E132/><V6/><F65/><W69/><G69/><T23/><D23/><U47/><E47/><V129/><F129/><W8/><G127/><T44/><D38/><U133/><E133/><V118/><F35/><W84/><G134/><T36/><D36/><U9/><E68/><V115/><F115/><N who="0" m="44042" /><D99/><U49/><E49/><N who="2" m="31087" /><F33/><W45/><G131/><T97/><D97/><U117/><E61/><V120/><F118/><W66/><G45/><T26/><D85/><U56/><E56/><V80/><F120/><W82/><G31/><T83/><D83/><U57/><E57/><V67/><F80/><N who="3" m="30827" /><G34/><T27/><D122/><U121/><E121/><V108/><F108/><W109/><G109/><T30/><D53/><U124/><E124/><V60/><F67/><W95/><G106/><T42/><D62/><U101/><E117/><V5/><F60/><W78/><G78/><T87/><D87/><U3/><E32/><V64/><F64/><W107/><G107/><T70/><D70/><U126/><E126/><V105/><F105/><W100/><AGARI ba="0,0" hai="8,12,19,59,63,66,84,86,95,98,100" m="30827" machi="100" ten="30,1100,0" yaku="8,1" doraHai="1" who="3" fromWho="3" sc="165,-3,339,-5,304,-3,192,11" /><INIT seed="6,0,0,1,1,109" ten="162,334,301,203" oya="2" hai0="6,41,4,128,21,91,46,27,102,3,35,97,114" hai1="98,89,0,92,108,38,93,14,99,110,86,49,62" hai2="53,123,50,65,101,15,121,17,40,1,124,71,131" hai3="16,43,26,59,24,120,112,33,70,90,7,44,11"/><V80/><F1/><W60/><G120/><T34/><D128/><U36/><E0/><V25/><F131/><W48/><G70/><T126/><D126/><U66/><E49/><V30/><F124/><W51/><G112/><T22/><D91/><U31/><E31/><V23/><F40/><W107/><G107/><T2/><D114/><U56/><E14/><V84/><F101/><W81/><G33/><T32/><D46/><U85/><E85/><V73/><F65/><N who="3" m="39071" /><G7/><N who="0" m="2603" /><D97/><U129/><E129/><V113/><F71/><W122/><G122/><T130/><D41/><U77/><E99/><V75/><F113/><W133/><G51/><T95/><D95/><U64/><E64/><V28/><F28/><W18/><G133/><T127/><D102/><U61/><E61/><V88/><F123/><W104/><G104/><T134/><D127/><U115/><E115/><V105/><F105/><W118/><G118/><T111/><D130/><U94/><E77/><V52/><F121/><W79/><G79/><T132/><D111/><U103/><REACH who="1" step="1"/><E93/><REACH who="1" ten="162,324,301,203" step="2"/><V12/><F12/><N who="3" m="7199" /><G81/><T45/><D45/><U83/><E83/><V119/><F80/><W55/><G48/><T96/><D96/><U135/><E135/><N who="0" m="51753" /><D22/><U67/><E67/><V37/><F23/><W76/><G44/><T106/><D106/><U42/><E42/><V39/><F50/><W82/><G43/><T54/><D54/><U100/><E100/><V63/><F53/><W68/><G55/><T9/><D9/><U74/><E74/><N who="2" m="28171" /><F52/><W87/><G82/><T20/><D20/><U69/><E69/><V8/><F8/><RYUUKYOKU ba="0,1" sc="162,15,324,15,301,-15,203,-15" hai0="2,3,21,27,32,34,35" hai1="36,38,56,62,66,86,89,92,94,98,103,108,110" /><INIT seed="7,1,1,4,5,38" ten="177,339,286,188" oya="3" hai0="90,73,63,18,50,1,4,59,74,69,119,114,89" hai1="61,70,39,49,31,84,93,30,52,37,85,14,117" hai2="126,2,11,8,6,0,128,96,83,124,76,112,15" hai3="134,57,32,132,110,92,42,91,28,17,41,131,46"/><W106/><G106/><T97/><D119/><U105/><E105/><V113/><F96/><W7/><G131/><T116/><D116/><U9/><E117/><V29/><F128/><W78/><G110/><T102/><D74/><U5/><E37/><V35/><F83/><W19/><G78/><T16/><D73/><U45/><E39/><V122/><F122/><W100/><G100/><T56/><D69/><U36/><E36/><V87/><F87/><N who="1" m="33353" /><E70/><V121/><F76/><W48/><G7/><T86/><D114/><N who="2" m="44138" /><F121/><W51/><G28/><N who="1" m="10794" /><E61/><V130/><F130/><W10/><G32/><T81/><D90/><U109/><E109/><V107/><F107/><W12/><G19/><N who="0" m="7211" /><D1/><N who="2" m="618" /><F11/><W120/><G120/><T44/><D4/><U99/><E99/><V125/><F29/><W58/><G132/><T53/><D63/><U25/><E25/><V13/><F35/><W98/><G134/><T82/><D82/><U88/><E93/><AGARI ba="1,1" hai="44,50,53,56,59,81,86,89,93,97,102" m="7211" machi="93" ten="30,2000,0" yaku="8,1,54,1" doraHai="38" who="0" fromWho="1" sc="177,33,339,-23,286,0,188,0" owari="210,-19.0,316,41.0,286,9.0,188,-31.0" /></mjloggm>