<mjloggm ver="2.3"><GO type="41"/><UN n0="%4B%61%72%69%6E%74%6F" n1="%E3%82%A6%E3%83%AB%E3%83%88%E3%83%A9%E7%AB%8B%E7%9B%B4" n2="%6D%69%7A%75%75%6F" n3="%E3%81%BF%E3%82%83%E3%81%9D%E3%80%82" dan="13,15,13,14" rate="1803,2007,1935,1904" sx="F,M,M,M"/><TAIKYOKU oya="0"/><INIT seed="0,0,0,2,5,29" ten="250,250,250,250" oya="0" hai0="52,55,131,90,0,63,65,84,38,69,96,49,47" hai1="40,121,58,93,64,119,5,6,59,37,19,85,10" hai2="125,134,43,106,8,44,34,76,133,57,42,116,14" hai3="4,22,73,32,39,80,21,129,128,81,20,135,105"/><T45/><D0/><U7/><E37/><V1/><F106/><W98/><G39/><T70/><D131/><N who="3" m="50249" /><G135/><T16/><D96/><U117/><E121/><V74/><F1/><W66/><G4/><T26/><D38/><U33/><E40/><V71/><F71/><W30/><G66/><T67/><D45/><U50/><E85/><V11/><F74/><W122/><G122/><T61/><D26/><U56/><E93/><V94/><F76/><W79/><G81/><T41/><REACH who="0" step="1"/><D16/><REACH who="0" ten="240,250,250,250" step="2"/><U15/><E19/><V110/><F44/><W25/><G98/><T130/><D130/><U113/><E15/><V92/><F14/><W51/><G105/><T9/><D9/><U95/><E10/><V115/><F115/><W86/><G51/><T83/><AGARI ba="0,1" hai="41,47,49,52,55,61,63,65,67,69,70,83,84,90" machi="83" ten="20,12000,1" yaku="1,1,0,1,7,1,9,1,54,1,53,0" doraHai="29" doraHaiUra="89" who="0" fromWho="0" sc="240,130,250,-40,250,-40,250,-40" /><INIT seed="0,1,0,0,2,55" ten="370,210,210,210" oya="0" hai0="48,133,44,111,127,29,126,5,130,85,53,6,124" hai1="0,89,62,15,90,110,54,122,24,43,9,27,59" hai2="115,112,52,63,106,91,132,36,128,35,74,34,16" hai3="97,96,84,57,94,114,68,105,61,101,2,12,7"/><T3/><D29/><U104/><E0/><V99/><F74/><W66/><G114/><T18/><D133/><U135/><E104/><V32/><F36/><W37/><G37/><T75/><D75/><U47/><E122/><V77/><F77/><W113/><G113/><T120/><D120/><U92/><E135/><V41/><F132/><W21/><G2/><T8/><D130/><U116/><E116/><V119/><F41/><W23/><G84/><T87/><D111/><U98/><E110/><V78/><F78/><W121/><G121/><T67/><D67/><U81/><E81/><V14/><F128/><W88/><REACH who="3" step="1"/><G68/><REACH who="3" ten="370,210,210,200" step="2"/><T86/><D3/><U76/><E76/><V25/><F119/><W38/><G38/><T123/><D123/><U93/><E43/><V64/><F115/><W83/><G83/><T100/><D100/><U49/><E90/><V131/><F112/><W33/><G33/><T72/><D72/><U13/><E92/><V108/><F131/><W71/><G71/><T80/><D80/><U46/><E89/><V102/><F108/><W42/><G42/><T129/><D129/><U31/><E93/><V118/><F118/><W103/><G103/><T60/><D87/><U82/><E82/><V95/><F35/><W107/><G107/><T79/><D86/><U20/><E98/><V30/><F34/><W69/><G69/><T58/><D85/><U70/><E70/><V125/><F106/><W11/><AGARI ba="1,1" hai="7,11,12,21,23,57,61,66,88,94,96,97,101,105" machi="11" ten="30,7900,0" yaku="1,1,0,1,52,1,54,1,53,0" doraHai="55" doraHaiUra="73" who="3" fromWho="3" sc="370,-40,210,-21,210,-21,200,92" /><INIT seed="1,0,0,1,1,99" ten="330,189,189,292" oya="1" hai0="26,32,116,106,121,65,123,49,135,10,59,43,64" hai1="21,108,33,110,41,75,38,103,23,115,16,15,132" hai2="36,131,109,112,82,93,94,107,86,76,100,7,102" hai3="71,40,1,122,45,133,81,80,125,22,25,46,37"/><U70/><E75/><V72/><F36/><W62/><G122/><N who="0" m="46603" /><D116/><U67/><E33/><V117/><F7/><W114/><G114/><T120/><D106/><U97/><E115/><V124/><F112/><W3/><G133/><T31/><D135/><U17/><E132/><V9/><F9/><W119/><G119/><T53/><D120/><U61/><E41/><V130/><F117/><W104/><G104/><T58/><D10/><U126/><E38/><V24/><F24/><W29/><G46/><N who="0" m="25823" /><D59/><U44/><E44/><V79/><F124/><W12/><G125/><T18/><D18/><U87/><E87/><V19/><F19/><W8/><G3/><T4/><D4/><U118/><E126/><V77/><F109/><N who="1" m="42089" /><E118/><V84/><F72/><W28/><G1/><T69/><D69/><U91/><E91/><N who="2" m="51607" /><F107/><W57/><G71/><T51/><AGARI ba="0,0" hai="26,31,32,51,53,58,64,65" m="25823,46603" machi="51" ten="30,1100,0" yaku="13,1" doraHai="99" who="0" fromWho="0" sc="330,11,189,-5,189,-3,292,-3" /><INIT seed="2,0,0,3,3,36" ten="341,184,186,289" oya="2" hai0="94,20,130,19,37,61,132,99,64,33,1,85,98" hai1="96,79,9,121,75,70,21,54,65,2,112,49,67" hai2="32,44,76,5,7,105,39,106,28,63,133,6,125" hai3="0,40,127,34,27,117,124,35,118,100,14,24,12"/><V29/><F76/><W87/><G100/><T128/><D33/><U48/><E79/><V109/><F32/><W95/><G95/><T52/><D1/><U89/><E75/><V23/><F63/><W78/><G78/><T90/><D37/><U126/><E89/><V83/><F83/><W102/><G102/><T93/><D132/><U115/><E96/><V91/><F133/><W81/><G81/><T56/><D64/><U114/><E21/><V131/><F125/><W88/><G0/><T122/><D122/><U113/><E9/><V74/><F74/><W10/><G87/><T60/><D60/><U11/><E11/><V38/><F131/><N who="0" m="50218" /><D94/><U3/><E2/><V72/><F72/><W53/><G53/><T123/><D123/><U103/><E3/><V25/><F38/><W135/><G135/><T110/><D110/><U73/><E103/><V30/><F109/><W116/><G88/><T69/><D69/><U97/><E73/><V57/><F57/><W82/><G82/><T13/><AGARI ba="0,0" hai="13,19,20,52,56,61,85,90,93,98,99" m="50218" machi="13" ten="30,2000,0" yaku="19,1,54,1" doraHai="36" who="0" fromWho="0" sc="341,20,184,-5,186,-10,289,-5" /><INIT seed="3,0,0,3,3,80" ten="361,179,176,284" oya="3" hai0="3,57,74,86,18,27,14,117,70,61,105,55,98" hai1="94,107,46,38,24,62,131,123,58,15,116,65,127" hai2="44,110,132,72,85,34,63,76,64,103,54,78,21" hai3="119,9,111,93,43,130,106,135,47,129,25,26,88"/><W42/><G119/><T99/><D74/><U53/><E107/><V121/><F34/><W45/><G106/><T134/><D3/><U31/><E123/><V33/><F33/><W20/><G135/><T128/><D117/><U90/><E127/><V84/><F72/><W60/><G9/><T91/><D134/><U104/><E104/><V11/><F132/><W126/><G126/><T10/><D128/><N who="3" m="49257" /><G60/><T73/><D73/><U5/><E131/><V19/><F121/><W30/><G111/><T118/><D118/><U6/><E116/><V92/><F110/><W7/><G7/><N who="0" m="3423" /><D70/><U4/><E15/><V0/><F0/><W100/><G100/><T49/><D105/><U48/><E38/><V96/><F11/><W81/><G81/><N who="0" m="49615" /><D61/><U59/><E46/><N who="3" m="17418" /><G26/><T112/><D112/><U79/><E79/><N who="2" m="30251" /><F44/><W50/><G50/><T37/><D37/><U12/><E12/><N who="2" m="9447" /><F64/><W29/><G29/><T51/><D51/><U13/><E13/><V41/><F41/><W89/><G89/><T36/><D36/><U82/><E82/><V2/><F2/><W87/><AGARI ba="0,0" hai="20,25,30,42,43,87,88,93" m="17418,49257" machi="87" ten="30,6000,0" yaku="19,1,52,1,54,1" doraHai="80" who="3" fromWho="3" sc="361,-20,179,-20,176,-20,284,60" /><INIT seed="3,1,0,2,3,1" ten="341,159,156,344" oya="3" hai0="87,22,100,95,19,134,112,78,119,16,84,96,8" hai1="40,79,17,35,90,4,126,130,132,58,53,47,106" hai2="118,70,69,62,89,128,116,51,3,25,18,94,13" hai3="88,86,73,28,44,30,54,36,61,127,5,2,7"/><W129/><G73/><T102/><D119/><U59/><E35/><V27/><F3/><W64/><G129/><T110/><D110/><U68/><E106/><V85/><F128/><W101/><G101/><T91/><D134/><U93/><E68/><V24/><F51/><N who="3" m="29031" /><G127/><T60/><D112/><U20/><E126/><V71/><REACH who="2" step="1"/><F62/><REACH who="2" ten="341,159,146,344" step="2"/><W11/><G36/><T9/><D60/><U83/><E132/><V67/><F67/><W82/><G2/><T99/><D78/><U121/><E130/><V74/><F74/><W32/><G32/><T125/><D125/><U38/><E121/><V133/><F133/><W50/><G61/><T120/><D120/><U114/><E114/><V66/><F66/><W23/><G64/><T75/><D75/><U72/><E58/><V63/><F63/><W98/><G50/><T111/><D111/><U92/><E59/><V56/><F56/><W104/><G11/><AGARI ba="1,1" hai="11,13,18,24,25,27,69,70,71,85,89,94,116,118" machi="11" ten="50,1600,0" yaku="1,1,53,0" doraHai="1" doraHaiUra="57" who="2" fromWho="3" sc="341,0,159,0,146,29,344,-19" /><INIT seed="4,0,0,3,1,19" ten="341,159,175,325" oya="0" hai0="118,135,7,74,53,45,77,37,113,105,42,16,58" hai1="128,122,61,44,132,126,29,43,39,67,8,52,28" hai2="103,124,104,1,96,89,88,4,13,62,69,120,65" hai3="83,90,134,99,9,100,79,36,20,114,125,3,68"/><T59/><D118/><U121/><E126/><V76/><F120/><W23/><G68/><T117/><D117/><U50/><E29/><V17/><F124/><W54/><G36/><T10/><D105/><U46/><E28/><V70/><F76/><W48/><G134/><T33/><D135/><U98/><E132/><V108/><F108/><W63/><G125/><T129/><D33/><U92/><E8/><V91/><F70/><W110/><G110/><T24/><D129/><U38/><E128/><V78/><F78/><W5/><G114/><T87/><D113/><U93/><E93/><V66/><F66/><W12/><G63/><T75/><D59/><N who="1" m="33175" /><E92/><V86/><F4/><W14/><G3/><T22/><D87/><U106/><E98/><V27/><F1/><W81/><G14/><T94/><D77/><U95/><E95/><V11/><REACH who="2" step="1"/><F27/><REACH who="2" ten="341,159,165,325" step="2"/><W131/><G131/><T71/><D71/><N who="1" m="42479" /><E106/><V116/><F116/><W30/><G79/><T56/><D94/><AGARI ba="0,1" hai="11,13,17,62,65,69,86,88,89,91,94,96,103,104" machi="94" ten="30,12000,2" yaku="1,1,7,1,54,1,53,3" doraHai="19" doraHaiUra="85" who="2" fromWho="0" sc="341,-120,159,0,165,130,325,0" /><INIT seed="5,0,0,5,1,47" ten="221,159,295,325" oya="1" hai0="26,53,117,29,129,54,82,67,56,103,55,120,86" hai1="109,89,116,3,110,80,16,48,81,6,33,25,19" hai2="83,63,99,59,49,18,7,60,43,73,50,41,77" hai3="131,58,52,34,27,125,126,72,40,13,22,124,10"/><U8/><E116/><V45/><F7/><W94/><G72/><T12/><D120/><U20/><E33/><V42/><F99/><W127/><G127/><T92/><D117/><U37/><E37/><V106/><F106/><W108/><G34/><T66/><D129/><U134/><E134/><V85/><F73/><W30/><G108/><N who="1" m="41578" /><E89/><V39/><F18/><N who="3" m="8503" /><G40/><N who="2" m="15465" /><F39/><W5/><G5/><T121/><D12/><U11/><E11/><V115/><F115/><W14/><G94/><T130/><D121/><U61/><E61/><V35/><F35/><W17/><G131/><T118/><D130/><U76/><E19/><V104/><F104/><W128/><G128/><T78/><D118/><U102/><E102/><V65/><F63/><N who="3" m="36295" /><G30/><T88/><D103/><U105/><E105/><V87/><F87/><W64/><G64/><T96/><REACH who="0" step="1"/><D56/><REACH who="0" ten="211,159,295,325" step="2"/><U24/><E24/><AGARI ba="0,1" hai="14,17,22,24,27,124,125,126" m="36295,8503" machi="24" ten="30,2000,0" yaku="18,1,54,1" doraHai="47" who="3" fromWho="1" sc="211,0,159,-20,295,0,325,30" /><INIT seed="6,0,0,1,4,36" ten="211,139,295,355" oya="2" hai0="52,21,48,65,17,71,111,89,95,86,69,38,28" hai1="131,74,122,82,43,105,54,24,25,103,37,93,112" hai2="90,119,72,67,33,124,49,64,62,80,98,3,113" hai3="23,128,91,84,7,127,96,97,27,134,35,46,70"/><V94/><F119/><W51/><G70/><T16/><D111/><U114/><E105/><V66/><F3/><W83/><G134/><T115/><D38/><U73/><E54/><V55/><F33/><W0/><G128/><T118/><D115/><U81/><E93/><V63/><F113/><W29/><G127/><T129/><D118/><U30/><E37/><V8/><F124/><W120/><G120/><T22/><D129/><U1/><E30/><V32/><F32/><W78/><G0/><T58/><D28/><U20/><E20/><V11/><F72/><W117/><G117/><T6/><D6/><U135/><E1/><V19/><F80/><W126/><G7/><T88/><D65/><U130/><E103/><V104/><F104/><W110/><G110/><T123/><D123/><U102/><E102/><V77/><F77/><W31/><G126/><T61/><D61/><N who="2" m="23050" /><F19/><N who="3" m="12799" /><G35/><T53/><D53/><U106/><E106/><V76/><F76/><W47/><G78/><T13/><D89/><U75/><E75/><V132/><F132/><W87/><G46/><AGARI ba="0,0" hai="8,11,46,49,55,64,66,67,90,94,98" m="23050" machi="46" ten="30,1500,0" yaku="8,1" doraHai="36" who="2" fromWho="3" sc="211,0,139,0,295,15,355,-15" /><INIT seed="6,1,0,3,0,33" ten="211,139,310,340" oya="2" hai0="38,124,36,82,74,60,98,0,87,59,31,86,5" hai1="99,71,35,80,76,8,89,34,94,23,111,100,96" hai2="54,41,115,75,45,73,63,107,55,135,113,70,30" hai3="78,85,122,93,126,134,46,2,1,64,114,29,25"/><V112/><F107/><W72/><G122/><T69/><D124/><U15/><E71/><V131/><F30/><W22/><G126/><T109/><D74/><U17/><E111/><V44/><F73/><W58/><G72/><T104/><D109/><U106/><E96/><V28/><F28/><W84/><G114/><T68/><D31/><U127/><E127/><V57/><F75/><W83/><G134/><T129/><D129/><U67/><E67/><N who="2" m="41343" /><F135/><W128/><G128/><T62/><D104/><U133/><E133/><V88/><F131/><W48/><G64/><T91/><D98/><U18/><E35/><V117/><F117/><W77/><G58/><T37/><D5/><U102/><E34/><V116/><F116/><W53/><REACH who="3" step="1"/><G93/><REACH who="3" ten="211,139,310,330" step="2"/><T125/><D59/><U39/><E106/><V7/><F57/><W43/><G43/><T79/><D125/><U61/><E61/><V123/><F123/><W13/><G13/><T121/><D121/><U12/><REACH who="1" step="1"/><E39/><REACH who="1" ten="211,129,310,330" step="2"/><N who="2" m="21567" /><F45/><W47/><G47/><T50/><D68/><U24/><E24/><V9/><F88/><W21/><G21/><T3/><D69/><U95/><E95/><V42/><F42/><W92/><G92/><T101/><D38/><U16/><E16/><V52/><F55/><W51/><G51/><T4/><D50/><U132/><E132/><V56/><F56/><W110/><G110/><T26/><D91/><U119/><E119/><V49/><F49/><W120/><G120/><T90/><D90/><U40/><E40/><V130/><F130/><W118/><G118/><T66/><D37/><U6/><E6/><RYUUKYOKU ba="1,2" sc="211,-30,129,10,310,10,330,10" hai1="8,12,15,17,18,23,76,80,89,94,99,100,102" hai2="7,9,52,54,112,113,115" hai3="1,2,22,25,29,46,48,53,77,78,83,84,85" /><INIT seed="6,2,2,0,5,65" ten="181,139,320,340" oya="2" hai0="17,39,106,105,41,83,115,127,22,42,74,97,60" hai1="98,79,62,117,19,113,38,9,61,124,85,78,7" hai2="33,25,95,118,96,43,76,114,5,24,94,86,47" hai3="131,36,11,49,101,28,120,21,57,68,75,45,35"/><V69/><F118/><W14/><G68/><T6/><D115/><U100/><E38/><V72/><F72/><W13/><G35/><T111/><D127/><U44/><E117/><V1/><F1/><W18/><G120/><T132/><D111/><U37/><E37/><V0/><F114/><W87/><G36/><T16/><D6/><U119/><E119/><V55/><F0/><W27/><G75/><T126/><D132/><U102/><E124/><V58/><F5/><W104/><G131/><T53/><D126/><U134/><E134/><V59/><F33/><W32/><G87/><T15/><D39/><U51/><E113/><V91/><F95/><W116/><G116/><T82/><D74/><U30/><E30/><V10/><F69/><W107/><G101/><T92/><D60/><U90/><E7/><V46/><F10/><W93/><G93/><T133/><D133/><U40/><E98/><V103/><F76/><N who="1" m="29225" /><E102/><V99/><F58/><W48/><G57/><T20/><D92/><N who="1" m="54351" /><E100/><V80/><F99/><W121/><G121/><T123/><D97/><U135/><E135/><V3/><F3/><W56/><G56/><T8/><D123/><U67/><E67/><V112/><F112/><W89/><G89/><T34/><D34/><U125/><E125/><V64/><F64/><W128/><G128/><T71/><D71/><U31/><E31/><V77/><F77/><W108/><G108/><T63/><D106/><U54/><E40/><V129/><F129/><W12/><G11/><T50/><D105/><N who="3" m="40521" /><G45/><N who="2" m="16905" /><F43/><W66/><G66/><T110/><D110/><U109/><E109/><RYUUKYOKU ba="2,2" sc="181,-30,139,10,320,10,340,10" hai1="9,19,44,51,54,61,62" hai2="24,25,55,59,80,86,91,94,96,103" hai3="12,13,14,18,21,27,28,32,48,49" /><INIT seed="6,3,2,3,4,133" ten="151,149,330,350" oya="2" hai0="115,77,62,10,124,131,41,98,18,19,14,68,52" hai1="76,49,20,39,74,38,72,85,116,69,105,110,59" hai2="93,26,70,102,15,48,91,113,30,126,84,21,79" hai3="101,56,103,11,64,58,108,100,83,129,24,12,47"/><V31/><F70/><W16/><G108/><T50/><D115/><U119/><E105/><V106/><F106/><W94/><G129/><T122/><D131/><U65/><E85/><V0/><F0/><W54/><G83/><T8/><D122/><U3/><E76/><V82/><F113/><W27/><G47/><T57/><D77/><U104/><E104/><V51/><F126/><W118/><G118/><N who="1" m="45098" /><E20/><V32/><F102/><W86/><G64/><T92/><D124/><U45/><E72/><V42/><F42/><W125/><G125/><T75/><D75/><U63/><E74/><V130/><F130/><W71/><G71/><T43/><D68/><U5/><E5/><V81/><F81/><W120/><G120/><T112/><D112/><U96/><E96/><V135/><F135/><W46/><G46/><T28/><D28/><U25/><E25/><N who="3" m="9802" /><G54/><T17/><D8/><U78/><E78/><V35/><F15/><W9/><G9/><T134/><D134/><U40/><E3/><V22/><F32/><W13/><G13/><T66/><D66/><N who="1" m="39295" /><E110/><V1/><F1/><W99/><G86/><T107/><D107/><U37/><E37/><V109/><F109/><W44/><G44/><T128/><D128/><U114/><E114/><V127/><F127/><W60/><G60/><AGARI ba="3,2" hai="38,39,40,45,49,60,65,69" m="39295,45098" machi="60" ten="30,2000,0" yaku="34,2" doraHai="133" who="1" fromWho="3" sc="151,0,149,49,330,0,350,-29" /><INIT seed="7,0,0,1,4,118" ten="151,198,330,321" oya="3" hai0="92,123,53,66,15,36,121,56,110,46,2,14,17" hai1="111,73,52,58,0,65,18,35,120,38,119,128,59" hai2="5,63,132,43,87,62,4,112,76,91,95,104,25" hai3="72,125,42,134,71,23,41,108,109,135,116,50,124"/><W24/><G72/><T61/><D110/><N who="3" m="42601" /><G116/><T100/><D2/><U127/><E38/><V28/><F104/><W133/><G71/><T40/><D100/><U39/><E39/><V32/><F112/><W51/><G51/><T79/><D79/><U54/><E120/><V103/><F132/><W20/><G50/><T9/><D92/><U101/><E35/><V11/><F43/><N who="3" m="16395" /><G23/><T7/><REACH who="0" step="1"/><D66/><REACH who="0" ten="141,198,330,321" step="2"/><U27/><E65/><V99/><F76/><W78/><G78/><T98/><D98/><U13/><E0/><V55/><F55/><W57/><G57/><N who="1" m="21514" /><E101/><V1/><F4/><W130/><G130/><T21/><AGARI ba="0,1" hai="7,9,14,15,17,21,36,40,46,53,56,61,121,123" machi="21" ten="20,8000,1" yaku="1,1,0,1,7,1,52,2,53,0" doraHai="118" doraHaiUra="22" who="0" fromWho="0" sc="141,90,198,-20,330,-20,321,-40" owari="231,-17.0,178,-32.0,310,41.0,281,8.0" /></mjloggm>