<mjloggm ver="2.3"><GO type="169"/><UN n0="%EF%BC%88%E2%89%A7%E2%96%BD%E2%89%A6%EF%BC%89" n1="%E9%9C%A7%E3%81%AE%E6%B5%AE%E8%88%9F" n2="%E3%82%B9%E3%83%86%E3%83%AB%E3%82%B9%E3%83%87%E3%83%96" n3="%6F%28%3E%E3%83%AD%3C%2A%29%6F" dan="16,17,16,16" rate="2051,2226,2099,2112" sx="M,M,M,F"/><TAIKYOKU oya="0"/><INIT seed="0,0,0,0,0,114" ten="250,250,250,250" oya="0" hai0="17,94,90,44,87,129,65,100,77,58,131,108,101" hai1="135,48,38,72,25,110,91,116,98,41,29,57,105" hai2="46,66,85,117,70,76,115,62,119,81,5,53,126" hai3="52,120,59,27,80,8,79,14,96,84,132,54,23"/><T106/><D44/><U11/><E72/><V95/><F115/><W130/><G120/><T47/><D47/><U99/><E38/><V30/><F126/><W51/><G130/><N who="0" m="49675" /><D17/><U107/><E11/><V61/><F5/><N who="3" m="3343" /><G132/><T64/><D108/><U86/><E135/><V92/><F30/><N who="3" m="17791" /><G96/><N who="0" m="61735" /><D100/><U112/><E112/><V18/><F18/><W15/><G15/><T75/><D58/><U24/><E57/><N who="2" m="34991" /><F46/><W37/><G37/><T35/><D35/><U82/><E41/><V133/><F133/><W93/><G54/><T68/><D68/><U40/><E40/><V32/><F32/><W63/><G93/><T102/><D102/><U45/><E45/><V104/><F104/><W118/><G52/><T56/><D56/><U113/><E107/><V69/><F69/><W125/><G59/><T121/><D121/><U16/><E105/><V3/><F3/><W50/><G125/><T123/><D123/><U109/><E29/><V83/><F83/><AGARI ba="0,0" hai="64,65,75,77,83,87,90,94" m="61735,49675" machi="83" ten="30,2900,0" yaku="24,1,19,1" doraHai="114" who="0" fromWho="2" sc="250,29,250,0,250,-29,250,0" /><INIT seed="0,1,0,4,1,70" ten="279,250,221,250" oya="0" hai0="125,21,78,111,23,81,56,62,64,25,99,46,58" hai1="91,2,36,128,86,131,126,26,12,123,129,33,5" hai2="9,24,67,10,107,88,41,74,120,124,76,47,63" hai3="29,65,100,85,82,32,75,135,13,89,15,6,92"/><T87/><D125/><U103/><E123/><V73/><F120/><W71/><G135/><T118/><D118/><U109/><E126/><V98/><F124/><W7/><G71/><T37/><D111/><U38/><E2/><V8/><F24/><W69/><G69/><T0/><D0/><U60/><E109/><V43/><F76/><W113/><G113/><T72/><D99/><U40/><E40/><V112/><F112/><W30/><G65/><T52/><D72/><U49/><E49/><V95/><F107/><W115/><G115/><T79/><D79/><U35/><E103/><V117/><F117/><W133/><G133/><T127/><D127/><U61/><E5/><V51/><REACH who="2" step="1"/><F41/><REACH who="2" ten="279,250,211,250" step="2"/><W94/><G32/><N who="1" m="12362" /><E26/><V122/><F122/><W119/><G119/><T34/><D34/><U132/><E132/><V116/><F116/><W50/><G75/><T39/><D46/><U57/><E12/><V44/><F44/><W11/><G15/><T108/><D108/><U20/><E20/><V110/><F110/><W16/><G13/><T77/><D77/><U101/><E131/><V3/><F3/><W4/><G11/><T45/><D45/><U53/><E129/><V134/><F134/><W114/><G114/><T54/><D23/><U68/><E128/><V31/><F31/><W19/><G30/><T84/><D21/><U66/><E101/><V104/><F104/><W59/><G29/><T105/><D25/><U96/><E96/><V97/><F97/><W55/><G100/><T1/><D1/><U83/><E86/><V28/><F28/><W130/><G130/><RYUUKYOKU ba="1,1" sc="279,-30,250,10,211,10,250,10" hai1="36,38,53,57,60,61,66,68,83,91" hai2="8,9,10,43,47,51,63,67,73,74,88,95,98" hai3="4,6,7,16,19,50,55,59,82,85,89,92,94" /><INIT seed="1,2,1,2,1,41" ten="249,260,221,260" oya="1" hai0="98,57,73,93,67,115,78,82,35,55,130,31,95" hai1="114,113,68,97,23,34,101,45,33,59,44,86,20" hai2="58,69,5,104,96,63,65,61,46,124,3,53,80" hai3="122,56,77,71,6,16,129,132,134,121,107,7,36"/><U21/><E68/><V79/><F124/><W127/><G71/><T4/><D115/><U64/><E114/><V26/><F26/><W24/><G107/><T112/><D112/><U105/><E113/><V0/><F5/><W94/><G77/><T29/><D130/><U27/><E86/><V48/><F96/><W110/><G36/><T47/><D4/><U38/><E38/><V99/><F99/><W49/><G94/><T62/><D35/><U39/><E39/><V54/><REACH who="2" step="1"/><F104/><REACH who="2" ten="249,260,211,260" step="2"/><W9/><G127/><T70/><D95/><U28/><REACH who="1" step="1"/><E34/><REACH who="1" ten="249,250,211,260" step="2"/><V92/><F92/><W91/><G122/><T72/><D93/><U135/><E135/><V90/><F90/><W66/><G91/><T15/><D98/><U8/><E8/><V18/><F18/><W100/><G121/><T13/><D78/><U126/><E126/><V42/><F42/><W123/><G123/><T10/><D10/><U111/><E111/><V74/><AGARI ba="2,3" hai="0,3,46,48,53,54,58,61,63,65,69,74,79,80" machi="74" ten="20,5200,0" yaku="1,1,0,1,7,1,52,1,53,0" doraHai="41" doraHaiUra="133" who="2" fromWho="2" sc="249,-15,250,-28,211,88,260,-15" /><INIT seed="2,0,0,5,0,134" ten="234,222,299,245" oya="2" hai0="40,57,31,107,11,12,26,115,32,60,42,46,27" hai1="96,79,44,33,1,91,14,113,65,64,18,36,62" hai2="29,103,114,92,129,5,16,2,93,6,17,87,54" hai3="128,45,72,56,104,84,85,51,131,97,83,53,99"/><V130/><F114/><W52/><G104/><T55/><D115/><U80/><E113/><V73/><F73/><W75/><G85/><T98/><D27/><U116/><E116/><V122/><F122/><W106/><G106/><T34/><D34/><U74/><E1/><V15/><F29/><W61/><G75/><T66/><D107/><U90/><E33/><V102/><F2/><W67/><G67/><T8/><D98/><U49/><E36/><V124/><F54/><W135/><G135/><T24/><D24/><U95/><E90/><V10/><F87/><W78/><REACH who="3" step="1"/><G72/><REACH who="3" ten="234,222,299,235" step="2"/><T86/><D86/><U118/><E118/><V0/><F0/><W3/><G3/><T76/><D66/><U89/><E65/><V69/><F69/><W123/><G123/><T133/><D133/><U109/><E109/><V19/><F130/><AGARI ba="0,1" hai="45,51,52,53,56,61,78,83,84,97,99,128,130,131" machi="130" ten="40,8000,1" yaku="1,1,19,1,54,1,53,1" doraHai="134" doraHaiUra="41" who="3" fromWho="2" sc="234,0,222,0,299,-80,235,90" /><INIT seed="3,0,0,0,5,134" ten="234,222,219,325" oya="3" hai0="107,41,87,121,3,129,11,8,78,49,56,21,82" hai1="126,45,24,69,132,79,88,9,5,37,125,65,6" hai2="92,112,18,2,25,60,30,84,115,52,16,83,117" hai3="54,58,55,64,89,23,29,135,38,17,123,110,133"/><W67/><G38/><T74/><D121/><U95/><E132/><N who="3" m="50762" /><G123/><T27/><D107/><U99/><E79/><V71/><F117/><W63/><G29/><T39/><D129/><U105/><E105/><V81/><F2/><W7/><G7/><T12/><D39/><U42/><E24/><V80/><F115/><W1/><G1/><T100/><D100/><U73/><E73/><V22/><F112/><W111/><G89/><T28/><D3/><U36/><E36/><V75/><F75/><W116/><G116/><T20/><D74/><U44/><E44/><V113/><F113/><W122/><G122/><T53/><REACH who="0" step="1"/><D41/><REACH who="0" ten="224,222,219,325" step="2"/><U93/><E37/><V61/><F71/><W4/><G55/><T127/><D127/><N who="1" m="48651" /><E69/><V15/><F52/><W32/><G54/><T85/><D85/><U70/><E70/><V124/><F124/><W62/><G67/><T51/><D51/><N who="1" m="27063" /><E65/><V118/><F118/><W119/><G64/><T86/><D86/><N who="1" m="52375" /><E9/><V128/><F128/><W19/><G119/><T10/><D10/><U120/><E120/><V103/><F84/><W104/><G104/><T76/><D76/><U131/><E131/><V94/><F61/><W130/><G63/><T108/><D108/><U68/><E68/><V46/><F60/><W66/><G130/><T50/><D50/><U48/><E48/><V13/><F46/><W35/><G66/><T106/><D106/><U43/><E43/><V96/><F92/><W101/><G62/><T114/><D114/><U34/><E34/><V102/><F102/><AGARI ba="0,1" hai="5,6,95,99,102" m="52375,27063,48651" machi="102" ten="30,8000,1" yaku="18,1,52,3,54,1" doraHai="134" who="1" fromWho="2" sc="224,0,222,90,219,-80,325,0" /><INIT seed="4,0,0,5,5,120" ten="224,312,139,325" oya="0" hai0="86,116,5,82,103,8,53,118,111,70,115,42,56" hai1="80,76,97,113,36,12,9,130,99,32,77,79,72" hai2="4,21,93,95,102,129,132,88,126,40,78,119,69" hai3="3,55,44,6,92,60,20,68,46,105,0,14,51"/><T131/><D70/><U128/><E36/><V19/><F69/><W43/><G105/><T90/><D115/><U114/><E32/><V125/><F129/><N who="1" m="49769" /><E12/><V98/><F132/><W61/><G92/><T112/><D112/><N who="1" m="43115" /><E9/><V64/><F64/><W17/><G6/><T84/><D5/><U18/><E18/><V127/><F119/><W49/><REACH who="3" step="1"/><G68/><REACH who="3" ten="224,312,139,315" step="2"/><T10/><D131/><U75/><E80/><V87/><F4/><W30/><G30/><T1/><D82/><U39/><E39/><V58/><F126/><W133/><G133/><T71/><D71/><U89/><E89/><V22/><F127/><W74/><G74/><AGARI ba="0,1" hai="72,74,75,76,77,79,97,99" m="43115,49769" machi="74" ten="40,12000,2" yaku="28,2,19,1,15,1,11,1,34,2" doraHai="120" who="1" fromWho="3" sc="224,0,312,130,139,0,315,-120" /><INIT seed="5,0,0,4,3,13" ten="224,442,139,195" oya="1" hai0="34,1,71,117,102,21,6,88,95,132,61,63,42" hai1="50,10,84,18,28,96,98,22,2,64,41,73,94" hai2="80,108,65,78,52,17,51,36,59,91,131,85,11" hai3="87,76,62,44,60,15,46,69,56,4,70,83,110"/><U104/><E73/><V3/><F108/><W134/><G110/><T116/><D34/><U31/><E104/><V81/><F36/><W74/><G134/><T128/><D71/><U101/><E64/><V100/><F131/><W126/><G126/><T127/><D127/><U43/><E2/><V39/><F39/><W58/><G74/><T123/><D42/><N who="1" m="15883" /><E10/><V118/><F118/><W57/><G70/><T121/><D1/><U32/><E32/><V90/><F100/><W107/><G107/><T5/><D5/><U129/><E129/><V45/><F3/><W109/><G109/><T33/><D102/><U25/><E98/><V72/><F91/><W0/><G0/><T89/><D89/><U19/><E84/><V77/><F77/><W75/><G75/><T27/><D33/><U92/><E92/><V106/><F106/><W12/><G69/><T113/><D116/><U79/><E79/><V120/><F120/><W114/><G114/><T30/><D113/><U119/><E119/><V103/><F103/><W97/><G97/><N who="0" m="57575" /><D117/><U38/><E38/><V29/><F29/><N who="1" m="11337" /><E50/><V68/><F68/><W7/><G7/><T86/><D6/><U35/><E35/><V23/><F11/><W48/><G48/><T55/><D128/><U105/><E105/><V47/><REACH who="2" step="1"/><F65/><REACH who="2" ten="224,442,129,195" step="2"/><W99/><G76/><T133/><D123/><U82/><E82/><V37/><F37/><W111/><G83/><T26/><D121/><U54/><E54/><V66/><F66/><W24/><G111/><T124/><D55/><U14/><E101/><V130/><F130/><W93/><G60/><RYUUKYOKU ba="0,1" sc="224,-10,442,-10,129,30,195,-10" hai2="17,23,45,47,51,52,59,72,78,80,81,85,90" /><INIT seed="6,1,1,2,2,37" ten="214,432,159,185" oya="2" hai0="22,80,43,92,62,0,135,1,101,66,3,81,96" hai1="97,118,89,91,100,115,45,130,25,67,70,36,73" hai2="83,123,134,47,85,20,120,9,99,119,18,132,63" hai3="35,50,110,44,24,39,113,105,82,54,68,53,38"/><V55/><F119/><W61/><G105/><T107/><D135/><N who="2" m="51754" /><F99/><W109/><G35/><T76/><D43/><U11/><E118/><V90/><F9/><W111/><G82/><T128/><D128/><U124/><E73/><V133/><N who="2" m="51762" /><V21/><DORA hai="49" /><F63/><W59/><G24/><T87/><D22/><N who="2" m="8810" /><F18/><W64/><REACH who="3" step="1"/><G113/><REACH who="3" ten="214,432,159,175" step="2"/><T79/><D107/><U84/><E25/><V48/><AGARI ba="1,2" hai="47,48,55,83,85,90,120,123" m="8810,51762" machi="48" ten="50,4800,0" yaku="20,1,52,1" doraHai="37,49" who="2" fromWho="2" sc="214,-17,432,-17,159,71,175,-17" /><INIT seed="6,2,0,1,2,119" ten="197,415,230,158" oya="2" hai0="51,134,93,28,2,42,24,75,69,34,11,86,46" hai1="83,55,19,123,70,76,87,73,82,21,67,23,112" hai2="88,101,107,49,65,26,43,104,129,100,37,92,89" hai3="64,115,132,72,131,22,9,97,66,15,3,12,110"/><V90/><F65/><W8/><G72/><T39/><D134/><U111/><E111/><V47/><F129/><W80/><G110/><T81/><D69/><U6/><E112/><V133/><F133/><W0/><G115/><T127/><D127/><U20/><E6/><V102/><F92/><W125/><G131/><T50/><D93/><U4/><E4/><V38/><REACH who="2" step="1"/><F26/><REACH who="2" ten="197,415,220,158" step="2"/><W113/><G132/><T13/><D24/><U40/><E67/><V17/><F17/><W77/><G113/><T116/><D116/><U126/><E19/><V57/><F57/><W44/><G66/><T96/><D81/><U30/><E83/><V62/><F62/><W56/><G64/><T135/><D135/><U36/><E82/><V31/><F31/><W98/><G56/><T48/><D28/><U29/><E30/><V120/><F120/><W114/><G114/><T58/><D58/><U27/><E123/><V32/><F32/><W61/><G61/><T108/><D34/><U95/><E27/><V109/><F109/><W68/><G80/><T5/><D108/><U99/><E29/><V122/><F122/><W7/><G125/><T91/><D75/><U59/><E95/><V74/><F74/><W52/><G77/><T78/><D78/><U118/><E76/><V53/><F53/><W121/><G121/><T1/><D96/><U45/><E73/><V84/><F84/><W71/><G98/><T35/><D35/><U79/><E99/><V60/><F60/><W10/><G97/><T106/><D106/><AGARI ba="2,1" hai="37,38,43,47,49,88,89,90,100,101,102,104,106,107" machi="106" ten="50,12000,1" yaku="1,1,54,1,53,3" doraHai="119" doraHaiUra="85" who="2" fromWho="0" sc="197,-126,415,0,220,136,158,0" /><INIT seed="6,3,0,1,2,96" ten="71,415,356,158" oya="2" hai0="90,133,38,21,10,40,113,20,25,33,11,102,130" hai1="116,97,74,98,73,56,88,46,87,59,29,80,31" hai2="26,63,13,100,83,95,123,1,57,7,101,111,67" hai3="34,118,22,48,105,30,126,0,9,28,117,121,93"/><V72/><F123/><W112/><G105/><T122/><D122/><U132/><E116/><V107/><F107/><W39/><G39/><T19/><D133/><U17/><E132/><V124/><F1/><W61/><G61/><T45/><D130/><U79/><E74/><V119/><F119/><W94/><G121/><T85/><D113/><U70/><E70/><V60/><F124/><W36/><G36/><T5/><D33/><U16/><E46/><V35/><F111/><W12/><G112/><T103/><D21/><U76/><E73/><V37/><F37/><W41/><G126/><T82/><REACH who="0" step="1"/><D11/><REACH who="0" ten="61,415,356,158" step="2"/><U128/><E128/><V68/><F35/><W47/><G117/><T108/><D108/><U127/><E127/><V8/><F26/><W91/><G118/><T131/><D131/><U89/><E80/><V104/><F104/><W69/><G34/><T54/><D54/><U2/><E2/><AGARI ba="3,1" hai="2,5,10,19,20,25,38,40,45,82,85,90,102,103" machi="2" ten="30,8000,1" yaku="1,1,7,1,52,2,53,1" doraHai="96" doraHaiUra="42" who="0" fromWho="1" sc="61,99,415,-89,356,0,158,0" /><INIT seed="7,0,0,2,2,45" ten="160,326,356,158" oya="3" hai0="54,5,42,0,23,97,114,8,86,19,116,53,58" hai1="10,84,73,50,127,26,130,33,132,109,135,47,113" hai2="29,62,74,63,83,123,66,70,4,134,88,101,85" hai3="27,77,67,11,95,41,65,49,57,91,32,119,82"/><W37/><G119/><T89/><D116/><U22/><E73/><V133/><F123/><W92/><G37/><T7/><D114/><U121/><E121/><V94/><F4/><N who="0" m="1610" /><D0/><U43/><E33/><V30/><F62/><W36/><G36/><T100/><D42/><U75/><E75/><V34/><F34/><W44/><G11/><T129/><D8/><U80/><E109/><V107/><F107/><W79/><G79/><T98/><D100/><U105/><E105/><V104/><F104/><W31/><G57/><T48/><D54/><U38/><E113/><V17/><F17/><W124/><G124/><T115/><D129/><U126/><E10/><V9/><F9/><W87/><REACH who="3" step="1"/><G95/><REACH who="3" ten="160,326,356,148" step="2"/><N who="0" m="54711" /><D115/><U112/><E112/><V71/><F71/><W103/><G103/><T69/><D69/><U120/><E38/><V20/><F101/><W2/><G2/><T90/><D90/><N who="1" m="51463" /><E120/><V102/><F102/><W28/><G28/><T110/><D110/><U125/><E130/><V21/><F30/><AGARI ba="0,1" hai="22,26,30,43,47,50,125,126,127,132,135" m="51463" machi="30" ten="30,2000,0" yaku="18,1,52,1" doraHai="45" who="1" fromWho="2" sc="160,0,326,30,356,-20,148,0" owari="160,-24.0,356,45.0,336,14.0,148,-35.0" /></mjloggm>