<mjloggm ver="2.3"><GO type="41"/><UN n0="%31%34%74%68" n1="%E5%8D%93%E4%B8%8A%E3%81%AE%E8%A9%90%E6%AC%BA%E5%B8%AB" n2="%EF%BC%88%E2%89%A7%E2%96%BD%E2%89%A6%EF%BC%89" n3="%50%72%6F%66%2E%47%33" dan="14,13,15,15" rate="1878,2056,2066,1998" sx="M,M,M,M"/><TAIKYOKU oya="0"/><INIT seed="0,0,0,5,3,17" ten="250,250,250,250" oya="0" hai0="89,78,59,34,75,120,119,2,116,54,118,107,51" hai1="104,20,121,131,43,55,47,53,114,126,112,41,69" hai2="127,108,14,11,82,52,133,36,39,10,86,45,80" hai3="28,15,103,31,68,73,16,97,32,76,29,1,61"/><T122/><D34/><U102/><E121/><V57/><F133/><W94/><G1/><T67/><D2/><U21/><E69/><V71/><F71/><W128/><G128/><T50/><D107/><U40/><E131/><V23/><F108/><W46/><G46/><T129/><D129/><U26/><E26/><V85/><F127/><W100/><G100/><T60/><D89/><U88/><E126/><V84/><F45/><W37/><G37/><T95/><D95/><U101/><E104/><V93/><F93/><W5/><G5/><T12/><D12/><U90/><E43/><V99/><F99/><W38/><G38/><T44/><REACH who="0" step="1"/><D51/><REACH who="0" step="2"/><U22/><E22/><V109/><F39/><W74/><G32/><T30/><D30/><U79/><E47/><V6/><F36/><W13/><G76/><AGARI ba="0,1" hai="20,21,40,41,53,55,76,79,88,90,101,102,112,114" machi="76" ten="25,8000,1" yaku="22,2,52,2,54,1" doraHai="17" who="1" fromWho="3" sc="240,0,250,90,250,0,250,-80" /><INIT seed="1,0,0,1,4,51" ten="240,340,250,170" oya="1" hai0="48,111,0,40,88,17,130,131,86,58,42,8,81" hai1="55,102,7,110,94,95,133,59,99,122,34,123,84" hai2="119,96,92,10,117,82,93,91,72,126,85,2,106" hai3="125,135,79,49,44,67,12,57,50,18,45,128,112"/><U132/><E34/><V61/><F61/><W16/><G112/><T109/><D0/><U66/><E7/><V35/><F35/><W54/><G135/><N who="1" m="51786" /><E66/><V74/><F2/><W77/><G128/><N who="0" m="49195" /><D17/><U87/><E110/><N who="0" m="41993" /><D8/><U83/><E95/><N who="2" m="36427" /><F10/><W120/><G125/><T80/><D80/><U20/><E20/><V19/><F19/><N who="3" m="7211" /><G12/><T65/><D65/><U68/><E68/><V1/><F1/><W108/><G120/><N who="1" m="46122" /><E83/><V60/><F126/><W3/><G108/><T33/><D33/><U69/><E69/><V37/><F85/><W129/><G129/><T73/><D73/><U41/><E41/><V32/><F72/><W121/><G121/><T103/><D103/><U43/><E43/><V101/><F74/><W114/><G114/><T100/><D100/><U25/><E25/><V124/><F101/><W98/><G3/><T9/><D9/><U63/><AGARI ba="0,0" hai="55,59,63,84,87,94,99,102" m="46122,51786" machi="63" ten="30,3000,0" yaku="20,1,52,1" doraHai="51" who="1" fromWho="1" sc="240,-10,340,30,250,-10,170,-10" /><INIT seed="1,1,0,2,4,102" ten="230,370,240,160" oya="1" hai0="97,88,40,74,68,76,55,58,100,82,4,17,104" hai1="1,22,52,56,30,2,21,110,96,79,80,99,77" hai2="28,3,121,24,5,46,125,16,57,131,64,70,26" hai3="9,134,33,93,95,11,119,89,61,34,35,116,53"/><U67/><E67/><V19/><F70/><W85/><G134/><T69/><D40/><U72/><E77/><V41/><F121/><W7/><G9/><T8/><D17/><U132/><E132/><V91/><F131/><W43/><G43/><T94/><D58/><U44/><E44/><V6/><F125/><W129/><G129/><T27/><D55/><U49/><E110/><V62/><F3/><W117/><G53/><T71/><D27/><U42/><E42/><V133/><F133/><W18/><G61/><T92/><REACH who="0" step="1"/><D88/><REACH who="0" step="2"/><U59/><E59/><V23/><F91/><W66/><G18/><T124/><D124/><U106/><E106/><V50/><REACH who="2" step="1"/><F19/><REACH who="2" step="2"/><W108/><G108/><T39/><D39/><U123/><E30/><V32/><AGARI ba="1,2" hai="5,6,16,23,24,26,28,32,41,46,50,57,62,64" machi="32" ten="20,12000,2" yaku="1,1,2,1,0,1,7,1,54,1,53,1" doraHai="102" doraHaiUra="36" who="2" fromWho="2" sc="220,-31,370,-61,230,143,160,-31" /><INIT seed="2,0,0,5,2,133" ten="189,309,373,129" oya="2" hai0="87,47,27,6,127,9,92,50,85,15,53,94,38" hai1="25,99,131,100,33,80,81,41,30,90,122,5,56" hai2="10,75,54,18,43,84,83,118,109,62,7,31,129" hai3="78,98,96,93,0,1,67,51,103,39,79,60,11"/><V58/><F118/><W48/><G39/><T135/><D135/><U52/><E122/><V66/><F129/><W32/><G32/><T77/><D38/><U106/><E131/><V120/><F120/><W16/><G1/><T71/><D71/><U63/><E41/><V24/><F109/><W91/><G48/><T17/><D127/><U114/><E114/><V44/><F75/><W8/><G51/><T82/><D85/><U123/><E123/><V73/><F73/><W126/><G126/><T65/><D65/><U64/><E5/><V70/><F18/><W108/><G108/><T72/><D72/><U29/><E29/><V21/><F43/><W59/><G8/><T112/><D112/><U97/><E97/><V125/><F44/><W45/><G45/><T68/><D68/><U14/><E14/><V101/><F101/><W28/><G28/><T110/><D110/><U74/><E74/><V35/><F125/><W37/><G37/><T46/><D46/><U88/><REACH who="1" step="1"/><E64/><REACH who="1" step="2"/><V130/><F130/><W55/><G0/><T49/><D49/><U89/><AGARI ba="0,1" hai="25,30,33,52,56,63,80,81,88,89,90,99,100,106" machi="89" ten="30,12000,2" yaku="1,1,2,1,0,1,54,2,53,1" doraHai="133" doraHaiUra="95" who="1" fromWho="1" sc="189,-30,299,130,373,-60,129,-30" /><INIT seed="3,0,0,2,0,128" ten="159,429,313,99" oya="3" hai0="16,94,2,76,27,56,75,70,66,133,4,10,8" hai1="34,114,6,93,101,68,12,132,118,109,54,91,89" hai2="59,135,88,26,20,125,58,115,78,62,131,105,64" hai3="33,46,52,57,95,104,103,47,98,14,77,15,7"/><W74/><G33/><T21/><D70/><U29/><E68/><V116/><F116/><W117/><G117/><T38/><D38/><U82/><E118/><V25/><F115/><W130/><G130/><T11/><D94/><U60/><E114/><V113/><F113/><W121/><G121/><T61/><D76/><U19/><E6/><V119/><F119/><W23/><G74/><T49/><D75/><U36/><E36/><V110/><F131/><W40/><G77/><T45/><REACH who="0" step="1"/><D133/><REACH who="0" step="2"/><U31/><E132/><V92/><F135/><W134/><G104/><T106/><D106/><U102/><E93/><V42/><F105/><W5/><G134/><T87/><D87/><U73/><E73/><V71/><F78/><W124/><G124/><T39/><D39/><U3/><E82/><V30/><F125/><W17/><G14/><T65/><D65/><U24/><E12/><V63/><F71/><W123/><G123/><T35/><D35/><U122/><E34/><V32/><F64/><W41/><G46/><T43/><AGARI ba="0,1" hai="2,4,8,10,11,16,21,27,43,45,49,56,61,66" machi="43" ten="20,5200,0" yaku="1,1,0,1,7,1,54,1,53,0" doraHai="128" doraHaiUra="126" who="0" fromWho="0" sc="149,62,429,-13,313,-13,99,-26" /><INIT seed="4,0,0,1,0,109" ten="211,416,300,73" oya="0" hai0="20,46,87,33,17,83,84,58,110,8,111,49,80" hai1="7,53,108,133,39,74,19,23,81,14,121,32,22" hai2="38,113,28,15,57,71,82,64,68,127,118,122,63" hai3="13,95,9,1,112,37,85,24,77,16,128,132,104"/><T115/><D33/><U59/><E121/><V114/><F122/><W102/><G104/><T60/><D8/><U98/><E39/><V25/><F38/><W73/><G37/><T36/><D36/><U21/><E32/><V78/><F15/><W27/><G73/><T129/><D129/><U4/><E108/><N who="0" m="41513" /><D115/><N who="2" m="44042" /><F127/><W67/><G112/><T123/><D123/><U55/><E14/><V0/><F0/><W119/><G128/><T91/><D60/><U70/><E70/><V117/><F117/><W35/><G132/><T3/><D58/><U56/><E133/><V43/><F43/><W101/><G119/><T135/><D135/><U61/><E19/><V105/><F105/><W124/><G35/><T131/><D3/><U5/><E74/><N who="2" m="43351" /><F118/><W92/><G1/><T10/><D10/><U134/><E134/><V45/><F45/><W18/><G124/><T97/><D97/><U90/><E98/><V30/><F30/><W51/><G9/><T107/><D107/><U44/><E44/><V66/><F66/><W96/><G13/><N who="0" m="9263" /><D131/><U34/><E4/><V88/><F88/><N who="3" m="53263" /><G67/><T69/><D69/><U126/><E90/><V100/><F100/><W31/><G102/><T47/><D49/><U2/><E126/><V72/><F72/><W89/><G51/><T79/><AGARI ba="0,0" hai="46,47,79,80,83,84,87,91" m="9263,41513" machi="79" ten="30,1500,0" yaku="10,1" doraHai="109" who="0" fromWho="0" sc="211,15,416,-5,300,-5,73,-5" /><INIT seed="4,1,0,0,3,21" ten="226,411,295,68" oya="0" hai0="90,54,31,100,76,53,13,27,17,20,114,6,39" hai1="120,99,85,125,79,4,128,110,68,40,96,25,26" hai2="121,1,71,49,74,126,29,75,23,80,83,119,97" hai3="22,129,7,91,133,94,78,3,73,62,11,95,9"/><T93/><D39/><U44/><E68/><V58/><F1/><W15/><G133/><T104/><D76/><U82/><E120/><V19/><F71/><W77/><G129/><T98/><D114/><U135/><E128/><V28/><F121/><W59/><G22/><T37/><D37/><U106/><E135/><V70/><F70/><W108/><G73/><T52/><D6/><U12/><E110/><V69/><F69/><W81/><G108/><T48/><D48/><N who="1" m="26631" /><E125/><V123/><F123/><W56/><G81/><T88/><REACH who="0" step="1"/><D104/><REACH who="0" step="2"/><U67/><E106/><V122/><F122/><W45/><G45/><T63/><D63/><U107/><E107/><V66/><F49/><W8/><G62/><T124/><D124/><U86/><E79/><N who="3" m="30218" /><G7/><T41/><D41/><U47/><E4/><V101/><F75/><W115/><G115/><T92/><D92/><N who="3" m="35369" /><G3/><T43/><D43/><U111/><E47/><V131/><F74/><W38/><G38/><T130/><D130/><U36/><E36/><V24/><F131/><W109/><G109/><T0/><D0/><U32/><E111/><V16/><F126/><W87/><G15/><T61/><D61/><U35/><E12/><V42/><F42/><W57/><G91/><T18/><D18/><U51/><E51/><V113/><F19/><W134/><G134/><T72/><D72/><U34/><E82/><V105/><F113/><W46/><G46/><T30/><D30/><N who="2" m="11882" /><F83/><W50/><G50/><T33/><AGARI ba="1,1" hai="13,17,20,27,31,33,52,53,54,88,90,93,98,100" machi="33" ten="30,12000,1" yaku="1,1,0,1,52,1,54,2,53,0" doraHai="21" doraHaiUra="65" who="0" fromWho="0" sc="216,133,411,-41,295,-41,68,-41" /><INIT seed="4,2,0,4,3,59" ten="349,370,254,27" oya="0" hai0="133,85,95,127,84,117,57,123,27,33,91,112,121" hai1="132,30,114,35,54,26,101,78,2,111,65,67,48" hai2="103,14,41,39,6,83,22,108,119,42,107,76,10" hai3="63,70,106,18,37,71,75,62,120,11,118,87,32"/><T16/><D117/><U115/><E111/><V34/><F108/><W80/><G18/><T60/><D112/><N who="1" m="43051" /><E2/><V8/><F119/><W17/><G17/><T98/><D127/><U13/><E101/><V0/><F34/><W126/><G11/><T81/><D133/><U15/><E78/><V88/><F39/><W55/><G87/><T49/><D85/><U113/><E113/><V82/><F22/><W135/><G80/><T69/><D69/><N who="3" m="26121" /><G106/><T29/><D49/><U47/><E132/><V23/><F23/><W100/><G75/><T58/><D16/><U122/><E122/><V19/><F103/><W79/><G32/><T89/><D58/><U97/><E97/><V125/><F107/><W9/><G118/><T96/><D96/><U46/><E46/><V102/><F102/><W99/><G135/><T128/><D128/><U109/><E109/><V74/><F125/><W66/><G126/><T90/><D90/><U3/><E3/><V31/><REACH who="2" step="1"/><F31/><REACH who="2" step="2"/><W51/><G120/><T38/><REACH who="0" step="1"/><D38/><REACH who="0" step="2"/><U61/><E30/><V124/><F124/><W129/><G37/><T5/><D5/><U25/><E25/><V72/><F72/><W130/><G130/><T12/><D12/><U20/><E26/><V94/><F94/><W44/><G129/><T40/><D40/><U68/><E15/><V50/><F50/><W64/><G9/><T86/><D86/><AGARI ba="2,2" hai="0,6,8,10,14,19,41,42,74,76,82,83,86,88" machi="86" ten="40,2600,0" yaku="1,1,54,1,53,0" doraHai="59" doraHaiUra="93" who="2" fromWho="0" sc="339,-32,370,0,244,52,27,0" /><INIT seed="5,0,0,4,3,129" ten="307,370,296,27" oya="1" hai0="86,49,103,115,15,62,132,27,56,14,99,134,50" hai1="124,36,83,65,90,21,104,52,110,98,28,26,89" hai2="94,66,100,127,102,18,126,48,75,55,30,117,7" hai3="19,125,41,20,91,79,59,64,39,54,60,81,107"/><U17/><E36/><V92/><F117/><W4/><G125/><N who="2" m="47625" /><F75/><W88/><G107/><N who="0" m="63999" /><D27/><U33/><E124/><V95/><F7/><W122/><G122/><T108/><D108/><U71/><E110/><V40/><F30/><W69/><G4/><T123/><D123/><U96/><E83/><V29/><F29/><W135/><G135/><N who="0" m="51755" /><D86/><U5/><E5/><V1/><F1/><W118/><G118/><T37/><D37/><U106/><E52/><V130/><F130/><W2/><G2/><T43/><D43/><U63/><E98/><V53/><F18/><W80/><G41/><T113/><D15/><N who="1" m="9407" /><E106/><V121/><F121/><W112/><G39/><T74/><D14/><U93/><E93/><V38/><F38/><W128/><G112/><N who="0" m="43083" /><D74/><U16/><E16/><V0/><F40/><W78/><G128/><T97/><D97/><U34/><E33/><V61/><F0/><W32/><G32/><T131/><D131/><U51/><E51/><V12/><F12/><W58/><G69/><T42/><D42/><U85/><E85/><V31/><F48/><N who="3" m="31047" /><G78/><T6/><D6/><U11/><E11/><V109/><F109/><W57/><G57/><T119/><D119/><U23/><E23/><V70/><F31/><W82/><G79/><T22/><D22/><U13/><E13/><AGARI ba="0,0" hai="13,19,20,59,60,64,80,81,82,88,91" m="31047" machi="13" ten="30,2000,0" yaku="8,1,54,1" doraHai="129" who="3" fromWho="1" sc="307,0,370,-20,296,0,27,20" /><INIT seed="6,0,0,1,1,122" ten="307,350,296,47" oya="2" hai0="16,113,107,91,98,106,116,59,8,78,39,132,118" hai1="40,12,29,25,90,95,58,84,27,85,11,104,44" hai2="127,20,19,7,94,50,126,92,99,51,31,6,81" hai3="9,102,76,1,134,97,46,54,48,79,45,34,18"/><V32/><F32/><W100/><G134/><T135/><D39/><U72/><E104/><V62/><F31/><W89/><G34/><T82/><D59/><U55/><E72/><V112/><F62/><W14/><G1/><T66/><D66/><U124/><E124/><N who="2" m="47659" /><F81/><W101/><REACH who="3" step="1"/><G46/><REACH who="3" step="2"/><T5/><D113/><U67/><E44/><V71/><F112/><W114/><G114/><T110/><D116/><U2/><E2/><V130/><F130/><W47/><G47/><T69/><D118/><U129/><E129/><V77/><F6/><W17/><G17/><T115/><D115/><U23/><E29/><V22/><F7/><W103/><N who="3" m="26112" /><DORA hai="52" /><W75/><G75/><T73/><D16/><U125/><E125/><V93/><F19/><W133/><G133/><T60/><D135/><U21/><E27/><V119/><F119/><W35/><G35/><T33/><D33/><U43/><E25/><V37/><F20/><W111/><G111/><T38/><D110/><U28/><E23/><V123/><F22/><W36/><G36/><T63/><D132/><U87/><E21/><V86/><F37/><W53/><G53/><T4/><D38/><U70/><E55/><V68/><F123/><W74/><G74/><T24/><D4/><U108/><E28/><V120/><F120/><W57/><G57/><T121/><D121/><U15/><E58/><V10/><F71/><W88/><G88/><T3/><D69/><U56/><E70/><V30/><F68/><W117/><G117/><T109/><D109/><U49/><E108/><V64/><F30/><W41/><G41/><RYUUKYOKU ba="0,1" sc="307,-10,350,-10,296,-10,37,30" hai3="9,14,18,45,48,54,76,79,89,97" /><INIT seed="7,1,1,0,2,102" ten="297,340,286,67" oya="3" hai0="74,127,4,59,107,79,123,35,63,31,114,45,90" hai1="125,51,28,53,48,40,86,112,126,42,56,81,98" hai2="106,92,49,121,69,57,87,54,113,132,8,60,77" hai3="94,66,41,75,55,38,111,76,119,37,34,68,128"/><W27/><G119/><T64/><D123/><U101/><E112/><V6/><F121/><W58/><G94/><T96/><D127/><N who="1" m="48651" /><E28/><V22/><F113/><W15/><G15/><T118/><D114/><U67/><E67/><V25/><F132/><W44/><G111/><T26/><D118/><U89/><E51/><V97/><F106/><AGARI ba="1,1" hai="40,42,48,53,56,81,86,89,98,101,106" m="48651" machi="106" ten="30,2000,0" yaku="18,1,52,1" doraHai="102" who="1" fromWho="2" sc="297,0,340,33,286,-23,67,0" owari="297,10.0,373,47.0,263,-14.0,67,-43.0" /></mjloggm>