<mjloggm ver="2.3"><GO type="169"/><UN n0="%E3%81%93%E3%81%BE%E3%81%A3%E3%81%95%E3%82%93" n1="%59%48%56%48" n2="%EF%BC%88%E2%89%A7%E2%96%BD%E2%89%A6%EF%BC%89" n3="%E6%9C%88%E9%95%B7%E7%9F%B3" dan="16,16,18,16" rate="2089,2059,2231,2037" sx="M,F,M,M"/><TAIKYOKU oya="0"/><INIT seed="0,0,0,3,5,13" ten="250,250,250,250" oya="0" hai0="63,84,90,133,116,39,112,115,83,92,122,57,4" hai1="125,81,3,19,30,34,24,105,50,93,38,86,35" hai2="106,110,7,78,17,21,103,18,89,107,100,40,10" hai3="130,104,64,128,72,61,95,87,42,98,127,132,53"/><T26/><D39/><U47/><E38/><V29/><F110/><W15/><G72/><T5/><D122/><U44/><E105/><V45/><F107/><W79/><G104/><T66/><D116/><U96/><E3/><V23/><F78/><W123/><G123/><T80/><D133/><U8/><E125/><V77/><F77/><W41/><G132/><T108/><D108/><U55/><E35/><V32/><F32/><W85/><G53/><T69/><D69/><U60/><E60/><V74/><F74/><W119/><G119/><T82/><REACH who="0" step="1"/><D26/><REACH who="0" ten="240,250,250,250" step="2"/><U52/><E24/><V48/><F106/><W101/><G127/><T70/><D70/><U65/><E34/><V135/><F135/><W91/><G130/><T113/><AGARI ba="0,1" hai="4,5,57,63,66,80,82,83,84,90,92,112,113,115" machi="113" ten="40,7800,0" yaku="1,1,0,1,53,1" doraHai="13" doraHaiUra="59" who="0" fromWho="0" sc="240,88,250,-26,250,-26,250,-26" /><INIT seed="0,1,0,4,1,54" ten="328,224,224,224" oya="0" hai0="21,78,62,10,7,75,1,119,57,52,123,105,16" hai1="12,5,111,46,4,113,108,67,68,58,13,85,134" hai2="92,38,77,6,29,102,35,82,103,47,79,15,56" hai3="101,109,8,51,121,59,40,96,48,20,30,17,120"/><T98/><D123/><N who="3" m="47177" /><G109/><N who="1" m="42058" /><E68/><V28/><F38/><W128/><G128/><T80/><D119/><U93/><E113/><V86/><F47/><N who="3" m="25703" /><G30/><N who="2" m="11881" /><F35/><W125/><G8/><T11/><D11/><U24/><E24/><V18/><F6/><W107/><G125/><T104/><D98/><U2/><E46/><V60/><F92/><W83/><G83/><T65/><REACH who="0" step="1"/><D65/><REACH who="0" ten="318,224,224,224" step="2"/><U43/><E67/><N who="2" m="39303" /><F77/><W116/><G116/><T63/><D63/><U49/><E2/><V64/><F64/><W37/><G96/><T132/><D132/><U36/><E134/><V91/><F79/><W106/><G101/><T114/><D114/><U26/><E4/><V27/><F27/><AGARI ba="1,1" hai="1,7,10,16,21,27,52,57,62,75,78,80,104,105" machi="27" ten="30,12000,1" yaku="1,1,7,1,52,1,54,2,53,0" doraHai="54" doraHaiUra="39" who="0" fromWho="2" sc="318,133,224,0,224,-123,224,0" /><INIT seed="0,2,0,1,0,94" ten="451,224,101,224" oya="0" hai0="126,91,108,49,25,134,113,15,97,43,83,79,44" hai1="107,16,90,99,87,65,33,106,98,77,57,123,122" hai2="9,124,28,4,85,1,82,119,120,39,84,100,29" hai3="111,132,18,45,22,128,6,110,46,86,127,63,93"/><T55/><D113/><U41/><E33/><V24/><F120/><N who="1" m="46121" /><E41/><V54/><F119/><W13/><G127/><T38/><D126/><U103/><E16/><V105/><F124/><W114/><G114/><T76/><D134/><U35/><E35/><V5/><F39/><W96/><G132/><T53/><D25/><U81/><E57/><V40/><F40/><W129/><G86/><T125/><D125/><U56/><E56/><V71/><F71/><W32/><G32/><T80/><D108/><N who="3" m="41513" /><G63/><T75/><D38/><U23/><E23/><V26/><F4/><W64/><G64/><T17/><D79/><U50/><E50/><V19/><F19/><W109/><G6/><T61/><D80/><U12/><E12/><V67/><F67/><W36/><G109/><T14/><D61/><U34/><E65/><V72/><F72/><W42/><G46/><T70/><D14/><U121/><E34/><N who="2" m="20743" /><F54/><W11/><G11/><T8/><REACH who="0" step="1"/><D70/><REACH who="0" ten="441,224,101,224" step="2"/><U92/><E121/><V89/><F26/><W27/><G27/><T68/><D68/><U66/><E66/><V131/><F82/><W78/><G78/><T0/><D0/><U117/><E117/><V130/><F1/><W118/><G118/><T52/><D52/><U115/><E115/><V104/><F29/><W20/><G20/><T69/><D69/><U48/><E48/><V21/><F21/><W101/><AGARI ba="2,1" hai="13,18,22,36,42,45,93,96,101,128,129" m="41513" machi="101" ten="30,2000,0" yaku="14,1,52,1" doraHai="94" who="3" fromWho="3" sc="441,-12,224,-7,101,-7,224,36" /><INIT seed="1,0,0,3,1,74" ten="429,217,94,260" oya="1" hai0="123,75,47,35,112,106,81,57,124,125,40,61,132" hai1="91,118,23,62,90,92,59,24,70,100,22,87,44" hai2="27,19,111,53,97,102,116,110,43,20,29,86,99" hai3="33,52,77,79,30,84,85,98,93,133,128,17,45"/><U65/><E118/><V105/><F116/><W37/><G37/><T14/><D35/><U51/><E70/><V0/><F0/><W36/><G36/><T95/><D106/><U122/><E122/><V126/><F126/><W121/><G121/><T69/><D69/><U120/><E120/><V39/><F97/><W130/><G30/><T101/><D123/><U83/><E100/><V55/><F86/><N who="3" m="33387" /><G33/><T89/><D101/><U28/><E22/><V56/><F29/><W78/><G133/><T63/><D112/><U31/><E31/><V7/><F7/><W2/><G2/><T76/><D14/><U10/><E10/><V26/><F26/><W3/><G3/><T94/><D132/><U73/><E73/><V109/><REACH who="2" step="1"/><F56/><REACH who="2" ten="429,217,84,260" step="2"/><W16/><G128/><T127/><D57/><U6/><E6/><V50/><F50/><N who="3" m="28751" /><G130/><T38/><D94/><U104/><E104/><V135/><F135/><W115/><G115/><T15/><D15/><U67/><E67/><V13/><F13/><W12/><G12/><T8/><D95/><U113/><E113/><V64/><F64/><W4/><G4/><T11/><D127/><U71/><E71/><V46/><AGARI ba="0,1" hai="19,20,27,39,43,46,53,55,99,102,105,109,110,111" machi="46" ten="40,5200,0" yaku="1,1,0,1,14,1,53,0" doraHai="74" doraHaiUra="117" who="2" fromWho="2" sc="429,-13,217,-26,84,62,260,-13" /><INIT seed="2,0,0,5,5,48" ten="416,191,146,247" oya="2" hai0="91,63,104,10,72,78,74,8,2,7,117,88,108" hai1="11,49,102,39,29,18,51,32,86,23,116,100,118" hai2="90,40,80,97,98,129,65,101,99,123,0,13,79" hai3="121,93,107,47,85,69,14,19,115,58,21,35,3"/><V46/><F123/><W4/><G69/><T36/><D104/><U106/><E39/><V50/><F0/><W31/><G107/><T20/><D117/><U54/><E11/><V125/><F125/><W37/><G115/><T17/><D10/><U124/><E124/><V133/><F133/><W89/><G121/><T71/><D108/><U95/><E49/><V43/><F129/><W119/><G119/><T16/><D17/><U56/><E32/><V25/><F65/><W44/><G58/><T38/><D36/><U111/><E29/><V87/><F13/><W94/><G37/><T62/><D38/><U131/><E111/><V26/><F101/><W1/><G1/><T64/><D62/><U28/><E28/><V41/><REACH who="2" step="1"/><F79/><REACH who="2" ten="416,191,136,247" step="2"/><W105/><G3/><T114/><D78/><U61/><E131/><V70/><F70/><W130/><G130/><T128/><D128/><U134/><E134/><V83/><F83/><W59/><G14/><T103/><D103/><U112/><E118/><V135/><F135/><W66/><G66/><T127/><D127/><U15/><E116/><V122/><F122/><W57/><G4/><T68/><D68/><U109/><E109/><V45/><F45/><W53/><G47/><T27/><D114/><U73/><E112/><V33/><F33/><W110/><G44/><T34/><D34/><U22/><E102/><V113/><F113/><W120/><G35/><T96/><D71/><U132/><E100/><V9/><F9/><W126/><G110/><T75/><D8/><U81/><E132/><V5/><F5/><W52/><G126/><RYUUKYOKU ba="0,1" sc="416,-10,191,-10,136,30,247,-10" hai2="25,26,40,41,43,46,50,80,87,90,97,98,99" /><INIT seed="2,1,1,5,1,126" ten="406,181,166,237" oya="2" hai0="97,36,90,32,101,92,49,64,30,72,121,59,15" hai1="23,134,53,55,9,130,40,12,21,24,117,42,25" hai2="31,3,98,11,127,85,133,46,125,27,102,112,0" hai3="37,52,81,88,128,61,67,13,35,108,111,109,71"/><V99/><F112/><W1/><G1/><T95/><D72/><U75/><E75/><V70/><F133/><W18/><G35/><T56/><D36/><U19/><E117/><V29/><F70/><W104/><G37/><T107/><D107/><U94/><E134/><V89/><F46/><W65/><G104/><T122/><D30/><N who="2" m="11274" /><F27/><N who="1" m="10313" /><E130/><V93/><F11/><N who="3" m="6463" /><G128/><T26/><D26/><N who="1" m="14655" /><E94/><N who="2" m="54575" /><F99/><W8/><G8/><T83/><D32/><U103/><E23/><V114/><F114/><W63/><G71/><T68/><D68/><U2/><E2/><V57/><F57/><N who="3" m="34983" /><G63/><T43/><D122/><U110/><E42/><V74/><F74/><W5/><G5/><T77/><D121/><U51/><E40/><V69/><F69/><W106/><G106/><T4/><D43/><U7/><E51/><V20/><F20/><W96/><G96/><T86/><D49/><U120/><E120/><V82/><F0/><W119/><G119/><T39/><D39/><U87/><E9/><V44/><F3/><W22/><G22/><T38/><D38/><U48/><E48/><V123/><F123/><W135/><G135/><T50/><D50/><U78/><E7/><V16/><F44/><W73/><G73/><T79/><D4/><U41/><E41/><V60/><F60/><W66/><G66/><T17/><D64/><U84/><E12/><V115/><F115/><W132/><G132/><T58/><D92/><U34/><E34/><V113/><F113/><W131/><G131/><T45/><D45/><U14/><E14/><V28/><N who="2" m="11282" /><V116/><DORA hai="10" /><F116/><W91/><G81/><RYUUKYOKU ba="1,1" sc="406,15,181,-15,166,-15,237,15" hai0="15,17,56,58,59,77,79,83,86,90,95,97,101" hai3="65,67,88,91,108,109,111" /><INIT seed="3,2,1,1,3,19" ten="421,166,151,252" oya="3" hai0="76,110,52,122,114,87,123,118,38,74,42,37,129" hai1="47,104,28,94,64,23,107,54,69,39,50,83,56" hai2="4,12,8,116,44,124,45,29,57,81,11,67,21" hai3="60,14,133,34,24,3,72,90,61,95,75,51,92"/><W134/><G3/><T82/><D118/><U26/><E83/><V17/><F116/><W48/><G14/><T58/><D114/><U128/><E128/><V96/><F124/><W117/><G117/><T68/><D68/><U132/><E132/><V79/><F29/><W46/><G46/><N who="2" m="18025" /><F96/><W102/><G90/><T41/><D74/><U66/><E94/><V18/><F4/><W13/><G13/><T113/><D113/><U109/><E109/><V40/><F40/><W135/><G102/><T22/><D110/><U20/><E66/><V88/><F79/><W53/><G24/><T93/><D129/><U30/><E69/><V115/><F18/><W78/><G34/><T98/><D123/><U59/><E59/><V97/><F115/><W100/><G100/><T80/><D122/><U99/><E99/><V89/><F97/><W32/><G32/><T55/><D82/><U71/><E71/><V70/><F70/><W35/><G35/><T63/><D55/><U10/><E10/><N who="2" m="3627" /><F81/><N who="3" m="45255" /><G75/><T84/><D84/><U9/><E9/><V120/><F120/><W43/><G43/><T0/><D0/><U31/><E31/><V7/><F7/><W121/><G121/><T101/><D42/><U91/><E39/><V25/><F12/><W126/><G126/><T36/><D41/><U119/><E119/><V73/><F73/><W130/><G130/><T15/><REACH who="0" step="1"/><D36/><REACH who="0" ten="411,166,151,252" step="2"/><U33/><E54/><V125/><F125/><W127/><G127/><T1/><D1/><U112/><E112/><V65/><F67/><W85/><G53/><T131/><D131/><U86/><E64/><RYUUKYOKU ba="2,2" sc="411,15,166,-15,151,15,252,-15" hai0="15,22,37,38,52,58,63,76,80,87,93,98,101" hai2="17,21,25,57,65,88,89" /><INIT seed="4,3,2,5,4,2" ten="426,151,166,237" oya="0" hai0="11,109,73,78,89,27,42,31,96,63,79,110,103" hai1="33,104,82,41,69,56,3,108,77,34,117,132,126" hai2="28,92,5,80,29,32,60,38,35,10,18,58,101" hai3="30,52,14,128,36,40,97,130,16,95,59,112,71"/><T81/><D78/><U118/><E41/><V44/><F35/><W85/><G71/><T25/><D25/><U90/><E90/><V102/><F32/><W62/><G30/><N who="2" m="11881" /><F38/><W67/><G112/><T76/><D76/><U133/><E56/><V66/><F44/><W123/><G123/><T22/><D89/><U57/><E57/><V64/><F80/><W26/><G85/><T122/><D122/><U8/><E69/><V15/><F66/><W6/><G26/><T50/><D63/><U93/><E93/><V91/><F18/><W94/><G40/><T46/><REACH who="0" step="1"/><D11/><REACH who="0" ten="416,151,166,237" step="2"/><U51/><E8/><V86/><AGARI ba="3,3" hai="5,10,15,58,60,64,86,91,92,101,102" m="11881" machi="86" ten="30,2000,0" yaku="8,1,52,1" doraHai="2" who="2" fromWho="2" sc="416,-13,151,-8,166,59,237,-8" /><INIT seed="5,0,0,2,0,57" ten="403,143,225,229" oya="1" hai0="66,3,109,26,95,71,58,1,39,81,118,69,99" hai1="59,121,11,0,44,9,98,74,132,40,130,43,64" hai2="84,115,33,35,85,28,23,48,131,75,97,79,15" hai3="31,2,65,10,114,91,126,103,30,135,62,125,92"/><U54/><E121/><V117/><F75/><W53/><G103/><T77/><D109/><U87/><E74/><V32/><F117/><W76/><G76/><T128/><D39/><U45/><E64/><V27/><F131/><W88/><G53/><T104/><D104/><U21/><E130/><V89/><F115/><W56/><G135/><T38/><D38/><U5/><E98/><V19/><F79/><W49/><G49/><T29/><D128/><U107/><E107/><V90/><F48/><W102/><G114/><T47/><D47/><U113/><E113/><V55/><F55/><W127/><G102/><T4/><D118/><U68/><E68/><V50/><F50/><W80/><G80/><T20/><D4/><U8/><E132/><V61/><F61/><W119/><G119/><T112/><D71/><U96/><E96/><V34/><REACH who="2" step="1"/><F97/><REACH who="2" ten="403,143,215,229" step="2"/><N who="3" m="57479" /><G91/><AGARI ba="0,1" hai="15,19,23,27,28,32,33,34,35,84,85,89,90,91" machi="91" ten="40,5200,0" yaku="1,1,53,2" doraHai="57" doraHaiUra="82" who="2" fromWho="3" sc="403,0,143,0,215,62,229,-52" /><INIT seed="6,0,0,1,2,82" ten="403,143,277,177" oya="2" hai0="5,74,42,92,34,78,0,76,7,110,39,48,23" hai1="45,80,6,41,50,49,55,123,38,31,2,120,58" hai2="61,135,117,71,69,88,68,72,26,24,77,56,85" hai3="40,46,95,60,81,12,67,14,27,30,28,18,133"/><V124/><F117/><W51/><G133/><T106/><D34/><U105/><E105/><V53/><F124/><W21/><G95/><T10/><D106/><U91/><E31/><V79/><F135/><W100/><G100/><T32/><D110/><U122/><E2/><V101/><F101/><W47/><G47/><T9/><D32/><U84/><REACH who="1" step="1"/><E6/><REACH who="1" ten="403,133,277,177" step="2"/><V75/><F75/><W57/><G28/><T116/><D7/><U99/><E99/><V64/><F72/><W36/><G30/><T90/><D5/><U134/><E134/><V86/><F69/><W87/><REACH who="3" step="1"/><G36/><AGARI ba="0,1" hai="36,38,41,45,49,50,55,58,80,84,91,120,122,123" machi="36" ten="40,5200,0" yaku="1,1,13,1,52,1,53,0" doraHai="82" doraHaiUra="3" who="1" fromWho="3" sc="403,0,133,62,277,0,177,-52" /><INIT seed="7,0,0,5,2,133" ten="403,195,277,125" oya="3" hai0="3,63,30,21,86,48,18,0,20,71,105,52,115" hai1="59,50,40,76,51,37,9,98,96,11,17,14,126" hai2="60,90,2,56,38,94,49,127,106,131,10,41,70" hai3="92,45,46,57,103,134,79,13,31,7,25,109,111"/><W80/><G134/><T68/><D105/><U85/><E126/><V61/><F106/><W83/><G57/><T8/><D30/><U44/><E37/><V19/><F70/><W110/><G103/><T124/><D124/><U100/><E9/><V107/><F127/><W118/><G118/><T122/><D122/><U55/><E100/><V65/><F107/><W128/><G128/><T123/><D123/><U24/><E24/><V114/><F114/><W12/><G92/><T26/><D21/><U116/><E116/><V72/><F72/><W121/><G121/><T36/><D36/><U99/><E85/><V1/><F1/><W87/><G80/><T16/><D115/><U67/><E67/><V42/><F38/><W54/><G7/><T69/><D63/><U47/><E76/><V62/><F2/><W35/><REACH who="3" step="1"/><G54/><REACH who="3" ten="403,195,277,115" step="2"/><T4/><D71/><U108/><E108/><V66/><F131/><W23/><G23/><T39/><D69/><U29/><E29/><V135/><F135/><W102/><G102/><T73/><D20/><U125/><E125/><V74/><F66/><W84/><G84/><T117/><D86/><U6/><E59/><V28/><F65/><W88/><G88/><T64/><D117/><U132/><E132/><V43/><F90/><W82/><G82/><T34/><D64/><U119/><E119/><V22/><F94/><W77/><G77/><T53/><D68/><U104/><E104/><V78/><F78/><W130/><G130/><T129/><D129/><U112/><E112/><V15/><F56/><W33/><G33/><T120/><D34/><RYUUKYOKU ba="0,1" sc="403,-15,195,15,277,-15,115,15" hai1="6,11,14,17,40,44,47,50,51,55,96,98,99" hai3="12,13,25,31,35,45,46,79,83,87,109,110,111" /><INIT seed="7,1,1,3,4,103" ten="388,210,262,130" oya="3" hai0="83,55,23,109,110,37,121,73,86,91,7,43,63" hai1="79,62,94,26,92,131,66,20,47,51,102,129,69" hai2="113,71,107,35,46,65,76,16,45,68,0,17,118" hai3="41,96,4,5,58,117,9,87,119,31,14,77,84"/><W27/><G5/><T12/><D121/><U126/><E126/><V135/><F0/><W78/><G96/><T8/><D73/><U28/><E79/><V100/><F35/><W56/><G41/><T112/><D43/><U50/><E50/><V57/><F71/><W122/><G122/><T59/><D37/><U54/><E102/><V48/><F68/><W98/><G98/><T72/><D72/><U13/><REACH who="1" step="1"/><E13/><REACH who="1" ten="388,200,262,130" step="2"/><V2/><F100/><W125/><G125/><T52/><D109/><U24/><E24/><V38/><F38/><W132/><G132/><T1/><D110/><U53/><E53/><V44/><F76/><N who="3" m="29291" /><G119/><T34/><D1/><U3/><E3/><V30/><F2/><W21/><G117/><T104/><D55/><U93/><AGARI ba="1,2" hai="20,26,28,47,51,54,62,66,69,92,93,94,129,131" machi="93" ten="30,2000,0" yaku="1,1,0,1,53,0" doraHai="103" doraHaiUra="36" who="1" fromWho="1" sc="388,-6,200,43,262,-6,130,-11" owari="382,48.0,243,-16.0,256,6.0,119,-38.0" /></mjloggm>