<mjloggm ver="2.3"><GO type="169" lobby="0"/><UN n0="%EF%BC%88%E2%89%A7%E2%96%BD%E2%89%A6%EF%BC%89" n1="%E6%9D%B1%E5%8D%97" n2="%E9%96%A2%E7%99%BD%E5%A4%B1%E8%84%9A" n3="%50%6F%6E%74%61" dan="17,17,17,16" rate="2164.98,2185.40,2143.99,2073.66" sx="M,M,M,M"/><TAIKYOKU oya="0"/><INIT seed="0,0,0,5,0,48" ten="250,250,250,250" oya="0" hai0="134,122,88,118,23,28,113,117,110,34,38,56,41" hai1="73,37,7,99,71,5,32,57,127,104,18,98,94" hai2="17,51,109,97,29,8,131,31,124,95,120,102,65" hai3="111,44,112,12,66,103,68,101,132,6,47,54,93"/><T85/><D122/><U76/><E71/><V49/><F120/><W74/><G112/><T81/><D113/><U72/><E37/><V79/><F109/><W128/><G111/><T0/><D110/><U26/><E127/><V63/><F124/><W58/><G128/><T15/><D134/><U92/><E104/><V129/><F79/><W106/><G106/><T3/><D34/><U77/><E57/><N who="2" m="37103" /><F131/><W39/><G74/><T67/><D3/><U87/><E87/><V89/><F89/><W53/><G132/><T135/><D0/><U91/><E18/><V69/><F69/><W108/><G108/><T107/><D107/><U133/><E133/><V123/><F123/><W84/><G68/><T125/><D135/><U16/><E32/><V9/><F9/><N who="3" m="4151" /><G39/><T35/><D35/><U75/><E77/><V86/><F86/><W13/><G13/><T11/><D125/><U62/><E76/><V20/><F8/><W100/><G84/><T24/><D38/><U59/><E94/><V52/><F51/><W78/><G93/><T1/><D1/><U121/><E99/><V46/><F129/><W10/><G78/><T14/><D14/><AGARI ba="0,0" hai="14,17,20,29,31,46,49,52,95,97,102" m="37103" machi="14" ten="30,3900,0" yaku="8,1,52,1,54,1" doraHai="48" who="2" fromWho="0" sc="250,-39,250,0,250,39,250,0" /><INIT seed="1,0,0,2,4,93" ten="211,250,289,250" oya="1" hai0="123,21,111,61,16,92,75,30,88,94,83,99,133" hai1="48,33,57,90,56,107,87,96,32,28,59,23,8" hai2="80,38,6,110,64,122,72,101,121,95,69,114,20" hai3="104,24,47,78,84,119,50,63,12,1,36,129,45"/><U44/><E8/><V112/><F38/><W53/><G1/><T125/><D133/><U43/><E23/><V109/><F6/><W4/><G129/><T135/><D135/><U11/><E11/><V127/><F20/><W130/><G130/><T100/><D111/><N who="2" m="42506" /><F64/><W105/><G119/><T27/><D123/><U0/><E0/><V52/><F52/><W40/><G24/><T3/><D3/><U98/><E107/><V120/><F69/><W29/><G29/><T79/><D125/><U42/><E42/><V66/><F66/><W14/><G63/><T31/><D61/><U126/><E126/><V55/><F55/><W89/><G78/><T10/><D10/><U34/><REACH who="1" step="1"/><E28/><REACH who="1" ten="211,240,289,250" step="2"/><V67/><F127/><W103/><G40/><T46/><REACH who="0" step="1"/><D46/><REACH who="0" ten="201,240,289,250" step="2"/><U7/><E7/><V41/><F41/><W58/><G45/><T22/><D22/><U70/><E70/><V108/><F108/><W74/><G4/><T131/><D131/><U132/><E132/><V35/><F122/><W82/><G47/><T73/><D73/><U81/><AGARI ba="0,2" hai="32,33,34,43,44,48,56,57,59,81,87,90,96,98" machi="81" ten="40,12000,1" yaku="1,1,0,1,52,2,53,1" doraHai="93" doraHaiUra="37" who="1" fromWho="1" sc="201,-40,240,140,289,-40,250,-40" /><INIT seed="1,1,0,1,0,59" ten="161,380,249,210" oya="1" hai0="71,86,54,103,113,108,125,51,39,47,30,119,40" hai1="110,68,25,90,17,18,99,112,60,96,67,124,23" hai2="88,134,66,36,21,24,62,120,72,13,0,106,6" hai3="38,52,7,44,69,97,64,27,109,107,26,122,91"/><U3/><E112/><V29/><F36/><W111/><G122/><T46/><D113/><U98/><E124/><V19/><F106/><W74/><G74/><T132/><D119/><U37/><E37/><V5/><F72/><W58/><G7/><T101/><D125/><U135/><E135/><V48/><F48/><N who="3" m="30983" /><G38/><T105/><D132/><U115/><E115/><V65/><F65/><W130/><G44/><T33/><D71/><U1/><E110/><N who="3" m="41994" /><G130/><T10/><D108/><U79/><E79/><V8/><F134/><W16/><G16/><T87/><D10/><U63/><E18/><V55/><F120/><W89/><G107/><T78/><D105/><U95/><REACH who="1" step="1"/><E60/><REACH who="1" ten="161,370,249,210" step="2"/><V41/><F19/><W81/><G69/><T92/><D39/><U2/><AGARI ba="1,1" hai="1,2,3,17,23,25,63,67,68,90,95,96,98,99" machi="2" ten="30,12000,1" yaku="1,1,2,1,0,1,52,1,53,1" doraHai="59" doraHaiUra="61" who="1" fromWho="1" sc="161,-41,370,133,249,-41,210,-41" /><INIT seed="1,2,0,5,0,95" ten="120,503,208,169" oya="1" hai0="34,94,23,101,105,57,29,62,8,68,121,25,30" hai1="5,70,87,14,38,69,56,18,49,22,111,59,126" hai2="93,102,113,50,124,77,85,133,7,128,67,75,11" hai3="19,3,53,60,72,52,45,99,0,65,28,13,35"/><U80/><E38/><V84/><F67/><W120/><G120/><T90/><D121/><U51/><E126/><V134/><F124/><W97/><G72/><T88/><D68/><U129/><E129/><V10/><F128/><W89/><G3/><T64/><D105/><U91/><E111/><V132/><F113/><W20/><G0/><T118/><D118/><U16/><E5/><V32/><F32/><W116/><G116/><T112/><D112/><U41/><E70/><V6/><F50/><N who="1" m="18953" /><E69/><V47/><F47/><W44/><G89/><N who="0" m="34411" /><D8/><N who="2" m="3114" /><F75/><W115/><G115/><T83/><D34/><U4/><E4/><N who="2" m="1579" /><F77/><W55/><G35/><T117/><D117/><U92/><E41/><V71/><F71/><W37/><G28/><N who="0" m="17471" /><D83/><U33/><E33/><V46/><F46/><N who="3" m="18027" /><G37/><T39/><D39/><U24/><E80/><V81/><F81/><W66/><G66/><T63/><D63/><U9/><AGARI ba="2,0" hai="9,14,16,18,22,24,56,59,87,91,92" m="18953" machi="9" ten="30,3000,0" yaku="8,1,54,1" doraHai="95" who="1" fromWho="1" sc="120,-12,503,36,208,-12,169,-12" /><INIT seed="1,3,0,4,0,28" ten="108,539,196,157" oya="1" hai0="37,103,79,123,119,78,68,24,62,47,77,55,70" hai1="13,56,104,21,41,44,89,99,98,132,113,82,114" hai2="93,35,59,100,97,33,88,34,112,125,105,122,85" hai3="127,135,75,52,81,118,102,120,107,134,110,19,106"/><U73/><E132/><N who="3" m="50730" /><G120/><T95/><D119/><U39/><E56/><V30/><F122/><W92/><G118/><T29/><D123/><U1/><E1/><V54/><F125/><W25/><G127/><T121/><D121/><U101/><E13/><V9/><F9/><W15/><G110/><T69/><D103/><U91/><E21/><V84/><F112/><W71/><G25/><T36/><D95/><U133/><E133/><V8/><F8/><W22/><G71/><T12/><D12/><U76/><E99/><V11/><F11/><W116/><G116/><T53/><D62/><U83/><E91/><V49/><REACH who="2" step="1"/><F84/><REACH who="2" ten="108,539,186,157" step="2"/><W64/><G75/><T10/><D10/><U2/><E2/><V38/><F38/><W20/><G106/><T51/><REACH who="0" step="1"/><D55/><REACH who="0" ten="98,539,186,157" step="2"/><U115/><E115/><V61/><F61/><W90/><G52/><T23/><AGARI ba="3,2" hai="23,24,29,36,37,47,51,53,68,69,70,77,78,79" machi="23" ten="40,5200,0" yaku="1,1,2,1,0,1,53,0" doraHai="28" doraHaiUra="60" who="0" fromWho="0" sc="98,81,539,-29,186,-16,157,-16" /><INIT seed="2,0,0,3,5,122" ten="179,510,170,141" oya="2" hai0="105,22,103,75,134,93,33,26,84,97,53,68,113" hai1="127,40,34,30,82,25,99,63,28,44,80,79,116" hai2="81,1,36,45,109,14,106,94,131,112,46,21,125" hai3="86,89,31,124,71,132,101,91,72,130,64,39,126"/><V104/><F112/><W5/><G72/><T29/><D75/><U12/><E116/><V55/><F1/><W92/><G101/><T52/><D113/><U42/><E127/><N who="3" m="48682" /><G39/><T65/><D134/><U123/><E123/><V37/><F125/><W13/><G132/><T35/><D35/><U38/><E42/><V119/><F119/><W128/><G31/><T110/><D110/><U2/><E2/><V48/><F81/><N who="3" m="49359" /><G64/><T24/><D93/><U57/><E30/><V18/><F131/><W0/><G71/><T8/><D84/><U95/><E12/><V27/><F109/><W3/><G13/><T51/><D8/><U23/><E79/><V117/><F117/><W56/><G56/><T58/><D53/><U118/><E34/><V10/><F94/><W115/><G115/><T88/><D88/><U17/><E28/><V96/><F96/><N who="3" m="57375" /><G3/><T76/><D76/><U98/><E98/><V20/><F37/><W73/><G73/><T19/><REACH who="0" step="1"/><D68/><REACH who="0" ten="169,510,170,141" step="2"/><U50/><E118/><V107/><REACH who="2" step="1"/><F27/><REACH who="2" ten="169,510,160,141" step="2"/><W70/><G70/><T60/><D60/><U133/><E133/><V66/><F66/><AGARI ba="0,2" hai="19,22,24,26,29,33,51,52,58,65,66,97,103,105" machi="66" ten="40,5200,0" yaku="1,1,54,1,53,1" doraHai="122" doraHaiUra="100" who="0" fromWho="2" sc="169,72,510,0,160,-52,141,0" /><INIT seed="3,0,0,0,2,46" ten="241,510,108,141" oya="3" hai0="88,116,30,58,57,42,19,45,103,112,128,107,60" hai1="66,28,64,35,5,54,34,56,0,9,17,80,24" hai2="39,67,65,16,99,23,96,102,32,71,41,37,109" hai3="27,40,61,43,82,11,70,76,15,123,13,92,115"/><W106/><G123/><T18/><D116/><U86/><E34/><V36/><F32/><W73/><G115/><T38/><D112/><U85/><E85/><V125/><F109/><W87/><G106/><T83/><D128/><U124/><E17/><V101/><F125/><W72/><G15/><T10/><D30/><U50/><REACH who="1" step="1"/><E124/><REACH who="1" ten="241,500,108,141" step="2"/><V62/><F67/><W130/><G87/><T8/><D19/><U47/><E47/><V122/><F122/><W91/><G73/><T53/><D45/><U31/><E31/><V63/><F41/><W21/><G43/><T68/><D18/><U132/><E132/><V129/><F129/><W77/><G40/><T44/><D42/><U127/><E127/><V25/><REACH who="2" step="1"/><F63/><REACH who="2" ten="241,500,98,141" step="2"/><W7/><G61/><T108/><D60/><U126/><E126/><V59/><F59/><W1/><G130/><T79/><D58/><U4/><E4/><V49/><F49/><W81/><G7/><T120/><D57/><U20/><E20/><V2/><F2/><W74/><G21/><T97/><D120/><U69/><E69/><V100/><AGARI ba="0,2" hai="16,23,25,36,37,39,62,65,71,96,99,100,101,102" machi="100" ten="40,5200,0" yaku="1,1,0,1,54,1,53,0" doraHai="46" doraHaiUra="111" who="2" fromWho="2" sc="241,-13,500,-13,98,72,141,-26" /><INIT seed="4,0,0,2,3,15" ten="228,487,170,115" oya="0" hai0="18,104,38,85,0,113,36,131,105,124,28,70,110" hai1="12,94,123,95,57,48,112,122,83,16,77,98,67" hai2="5,108,134,46,1,41,92,109,43,96,125,3,40" hai3="128,55,118,65,91,27,30,100,84,21,7,58,53"/><T2/><D28/><U59/><E95/><V64/><F64/><W35/><G118/><T37/><D85/><U19/><E19/><V121/><F121/><W62/><G128/><T132/><D18/><U45/><E59/><V4/><F46/><W54/><G7/><T14/><D14/><U52/><E67/><V8/><F125/><W31/><G100/><T61/><D124/><U111/><E112/><V25/><F134/><W44/><G44/><T42/><D42/><U50/><E111/><V10/><REACH who="2" step="1"/><F25/><REACH who="2" ten="228,487,160,115" step="2"/><W66/><G65/><T116/><D110/><U63/><E45/><V9/><F9/><W90/><G35/><T79/><D113/><U130/><E130/><V127/><F127/><W33/><G33/><T81/><D131/><U126/><E123/><V107/><F107/><W49/><G66/><T71/><D105/><U47/><E47/><V39/><F39/><W89/><G49/><T73/><D104/><U106/><E106/><V97/><F97/><W68/><G68/><T20/><D71/><U24/><E24/><V22/><F22/><W115/><G115/><T88/><D20/><N who="1" m="11271" /><E122/><V23/><F23/><W26/><G26/><T76/><D37/><U101/><E126/><V120/><F120/><W60/><G60/><T129/><D38/><U103/><E50/><V114/><F114/><W93/><G31/><T11/><D61/><U102/><E48/><V29/><F29/><W99/><G99/><T86/><D36/><U135/><E135/><V32/><F32/><W17/><G30/><T87/><D132/><U56/><E56/><V6/><F6/><RYUUKYOKU ba="0,1" sc="228,-30,487,10,160,10,115,10" hai1="52,57,63,77,83,94,98,101,102,103" hai2="1,3,4,5,8,10,40,41,43,92,96,108,109" hai3="17,21,27,53,54,55,58,62,84,89,90,91,93" /><INIT seed="5,1,1,2,4,131" ten="198,497,170,125" oya="1" hai0="55,33,133,37,48,83,128,24,86,129,97,67,95" hai1="77,14,16,42,32,47,110,89,119,78,85,1,26" hai2="22,62,102,84,6,31,92,114,4,58,34,36,50" hai3="38,66,40,111,39,90,69,121,122,10,123,127,103"/><U118/><E1/><V28/><F36/><N who="3" m="13867" /><G103/><T5/><D67/><U68/><E68/><V80/><F34/><W61/><G10/><T132/><D37/><U71/><E71/><V124/><F124/><W70/><G90/><N who="0" m="55543" /><D5/><N who="2" m="2154" /><F114/><W0/><G0/><T72/><D72/><U8/><E110/><V113/><F113/><W53/><G111/><T51/><D51/><U49/><E78/><N who="2" m="46103" /><F50/><W43/><G127/><T46/><D33/><U13/><E77/><V108/><F22/><W29/><G29/><T98/><D98/><U2/><E2/><V35/><F35/><W54/><G70/><T126/><D126/><U73/><E73/><V63/><F108/><W109/><G109/><T125/><D24/><U52/><E42/><AGARI ba="1,1" hai="40,42,43,53,54,61,66,69,121,122,123" m="13867" machi="42" ten="40,2600,0" yaku="34,2" doraHai="131" who="3" fromWho="1" sc="198,0,497,-29,170,0,125,39" /><INIT seed="6,0,0,3,5,21" ten="198,468,170,164" oya="2" hai0="70,99,133,32,19,106,96,60,6,101,107,73,39" hai1="92,76,41,118,16,42,91,108,34,131,127,50,124" hai2="36,71,80,22,35,13,125,38,20,30,4,61,115" hai3="110,56,29,126,15,26,67,111,24,62,81,46,75"/><V57/><F71/><W12/><G126/><N who="1" m="48170" /><E108/><V117/><F125/><W100/><G26/><T97/><D97/><U28/><E118/><V102/><F117/><W2/><G2/><T64/><D39/><U94/><E76/><V121/><F121/><W82/><G100/><T85/><D32/><U129/><E92/><V112/><F102/><W105/><G105/><T79/><D6/><U93/><E94/><V72/><F35/><W23/><G82/><T9/><D73/><U114/><E50/><V0/><F0/><W52/><G110/><T103/><D133/><U134/><E16/><N who="2" m="10255" /><F4/><W37/><G111/><T89/><D79/><U98/><E134/><V17/><F30/><W33/><G33/><T65/><D65/><U49/><E28/><V83/><F83/><W69/><G81/><T109/><D109/><U51/><E34/><V87/><F72/><W7/><G75/><T88/><D85/><U1/><E1/><V135/><F135/><W122/><G7/><T10/><D19/><U116/><E116/><V120/><F120/><W90/><G122/><T132/><D132/><U84/><E131/><V128/><F128/><W11/><G11/><AGARI ba="0,0" hai="9,10,11,60,64,70,88,89,96,99,101,103,106,107" machi="11" ten="40,2600,0" yaku="9,1,54,1" doraHai="21" who="0" fromWho="3" sc="198,26,468,0,170,0,164,-26" /><INIT seed="7,0,0,3,3,85" ten="224,468,170,138" oya="3" hai0="64,4,123,38,98,17,12,33,70,32,44,90,135" hai1="25,131,115,66,10,101,126,9,80,5,92,61,111" hai2="108,57,110,41,94,133,27,107,71,91,45,40,20" hai3="13,89,8,128,124,81,59,93,72,127,50,11,83"/><W121/><G121/><T82/><D123/><U109/><E10/><V30/><F107/><W35/><G35/><T69/><D4/><U1/><E80/><N who="3" m="30794" /><G72/><T46/><D38/><U18/><E18/><V22/><F71/><W120/><G120/><T106/><D106/><U65/><E65/><V29/><F133/><W103/><G103/><T119/><D119/><U6/><E6/><V53/><F30/><W52/><G128/><T0/><D0/><U102/><E102/><V24/><F24/><W130/><G130/><T88/><D135/><U118/><E25/><V95/><F95/><W122/><G122/><T42/><D69/><U104/><E104/><V74/><F22/><W62/><G62/><T113/><D70/><U7/><E7/><V105/><F105/><W67/><G67/><T134/><D64/><U117/><E131/><V63/><F74/><W84/><G13/><T16/><D134/><U97/><E66/><V58/><F58/><W48/><G48/><T96/><D12/><U75/><E61/><V60/><F60/><W112/><G112/><T19/><D33/><U77/><E115/><V37/><F41/><W99/><G99/><AGARI ba="0,0" hai="20,27,29,37,40,45,53,57,63,91,94,99,108,110" machi="99" ten="30,2000,0" yaku="7,1,52,1" doraHai="85" who="2" fromWho="3" sc="224,0,468,0,170,20,138,-20" owari="224,2.0,468,57.0,190,-21.0,118,-38.0" /></mjloggm>