<mjloggm ver="2.3"><GO type="169" lobby="0"/><UN n0="%E3%82%88%E3%81%8A%E3%81%96%E3%82%93" n1="%E3%81%A4%E3%81%B0%E3%81%8D%E3%81%A1%30%33" n2="%E3%81%BE%E3%82%86%E3%81%BE%E3%82%86%37%37" n3="%EF%BC%88%E2%89%A7%E2%96%BD%E2%89%A6%EF%BC%89" dan="17,17,16,17" rate="2064.81,2186.05,2097.21,2133.67" sx="M,M,F,M"/><TAIKYOKU oya="0"/><INIT seed="0,0,0,4,1,18" ten="250,250,250,250" oya="0" hai0="81,37,114,131,55,39,30,130,8,3,51,70,79" hai1="117,121,100,109,73,56,63,135,65,40,24,125,61" hai2="53,124,20,97,71,58,99,48,93,134,115,11,47" hai3="105,45,85,60,96,25,17,113,74,21,103,28,35"/><T122/><D122/><U42/><E73/><V54/><F115/><W82/><G113/><T15/><D114/><U118/><E100/><V6/><F124/><W41/><G74/><T98/><D70/><U0/><E24/><V43/><F134/><W83/><G60/><T50/><D3/><U14/><E14/><V27/><F71/><W102/><G102/><T31/><D98/><U26/><E26/><V38/><F54/><W78/><G83/><T129/><D50/><U9/><E9/><V120/><F120/><W72/><G72/><T16/><D81/><U75/><E75/><V112/><F93/><W132/><G132/><T80/><D80/><U106/><E106/><V66/><F66/><W101/><G101/><T32/><D79/><U46/><E0/><V90/><F90/><W94/><G105/><T111/><D111/><U57/><E135/><V126/><F126/><W62/><G62/><T84/><D84/><U92/><E92/><V116/><F116/><W133/><G133/><T104/><D104/><U68/><E121/><V95/><F95/><W13/><G41/><T12/><D12/><U127/><E68/><V5/><F112/><W108/><REACH who="3" step="1"/><G45/><REACH who="3" ten="250,250,250,240" step="2"/><N who="0" m="28143" /><D32/><U76/><E46/><V119/><F47/><W2/><G2/><T89/><D89/><U107/><E107/><V33/><F33/><W77/><G77/><T69/><D69/><U44/><E44/><V23/><F43/><W67/><G67/><T7/><D129/><U10/><E76/><V59/><F48/><W49/><G49/><T4/><D130/><U88/><E88/><V64/><F64/><RYUUKYOKU ba="0,1" sc="250,-10,250,-10,250,-10,240,30" hai3="13,17,21,25,28,35,78,82,85,94,96,103,108" /><INIT seed="1,1,1,3,3,90" ten="240,240,240,270" oya="1" hai0="85,103,39,134,109,64,102,82,7,121,27,69,91" hai1="62,51,130,98,49,29,97,22,95,24,19,110,54" hai2="55,129,79,37,32,132,66,48,77,75,31,96,104" hai3="89,17,58,84,68,81,125,30,80,88,135,35,115"/><U11/><E130/><V1/><F1/><W63/><G115/><T74/><D39/><U122/><E122/><V65/><F37/><W113/><G113/><T87/><D121/><U47/><E110/><V15/><F132/><W123/><G123/><T28/><D134/><U118/><E118/><V133/><F31/><W9/><G135/><T36/><D36/><U131/><E131/><V16/><F32/><W42/><G125/><T50/><D74/><U99/><E62/><V8/><F129/><W127/><G127/><T46/><D109/><U5/><E49/><V119/><F119/><W26/><G68/><T10/><D87/><U59/><E47/><V72/><F72/><W60/><G42/><T41/><D64/><U52/><E54/><V105/><F133/><W3/><G3/><T73/><D73/><U25/><E5/><V61/><F75/><W4/><G4/><T53/><D69/><U20/><E11/><V106/><F96/><W76/><G81/><T111/><D53/><U57/><E57/><V70/><REACH who="2" step="1"/><F65/><REACH who="2" ten="240,240,230,270" step="2"/><W71/><G35/><T21/><D111/><U23/><REACH who="1" step="1"/><E23/><REACH who="1" ten="240,230,230,270" step="2"/><V116/><F116/><W12/><G71/><T56/><REACH who="0" step="1"/><D56/><AGARI ba="1,3" hai="8,15,16,48,55,56,61,66,70,77,79,104,105,106" machi="56" ten="40,2600,0" yaku="1,1,54,1,53,0" doraHai="90" doraHaiUra="117" who="2" fromWho="0" sc="240,-29,230,0,230,59,270,0" /><INIT seed="2,0,0,3,5,89" ten="211,230,289,270" oya="2" hai0="52,72,129,14,107,85,53,76,31,96,34,109,119" hai1="64,88,130,46,93,62,132,78,66,99,84,7,128" hai2="60,104,82,63,17,42,105,8,75,36,81,61,1" hai3="26,35,10,102,108,59,56,39,67,118,13,79,22"/><V0/><F17/><W116/><G108/><T43/><D72/><U121/><E7/><N who="2" m="1127" /><F81/><W37/><G35/><T87/><D109/><U69/><E66/><V100/><F100/><W29/><G79/><T126/><D119/><U44/><E132/><V123/><F1/><W124/><G124/><T98/><D43/><U4/><E4/><V80/><F80/><W97/><G118/><T120/><D120/><U114/><E114/><V19/><F19/><W68/><G68/><T110/><D126/><U131/><E121/><V94/><F94/><W103/><G116/><T5/><D129/><U38/><E38/><V2/><F2/><W101/><G97/><T32/><D110/><U45/><E78/><N who="2" m="44383" /><F123/><W106/><G106/><T41/><D41/><U11/><E11/><V92/><F92/><W115/><G115/><T30/><D107/><U18/><E18/><V24/><F24/><W113/><G113/><T134/><D5/><U33/><E33/><V51/><F51/><W122/><G122/><T9/><D76/><U20/><E20/><V77/><F77/><W86/><G86/><AGARI ba="0,0" hai="44,45,46,62,64,69,84,86,88,93,99,128,130,131" machi="86" ten="50,6400,0" yaku="19,1,52,1,54,1" doraHai="89" who="1" fromWho="3" sc="211,0,230,64,289,0,270,-64" /><INIT seed="3,0,0,4,1,63" ten="211,294,289,206" oya="3" hai0="35,4,123,91,81,121,118,70,126,6,66,97,2" hai1="135,128,21,131,49,119,112,96,108,11,8,41,130" hai2="134,59,80,13,86,90,27,62,38,47,58,68,52" hai3="73,50,116,88,46,115,15,84,110,94,113,127,79"/><W26/><G116/><T132/><D118/><U55/><E119/><V19/><F134/><W31/><G127/><T133/><D35/><U129/><E112/><V69/><F27/><W65/><G110/><T105/><D126/><U44/><E108/><V5/><F5/><W117/><G117/><T75/><D4/><U114/><E114/><V37/><F47/><W103/><G103/><T72/><D91/><U95/><N who="1" m="32768" /><DORA hai="104" /><U60/><E21/><V36/><REACH who="2" step="1"/><F59/><REACH who="2" ten="211,294,279,206" step="2"/><W54/><G113/><T32/><D121/><U34/><E135/><V1/><F1/><W39/><G115/><T7/><D123/><U87/><E34/><V64/><F64/><W67/><G15/><T48/><D32/><U125/><E125/><V53/><F53/><W28/><G39/><T92/><D132/><U85/><E55/><V124/><F124/><W18/><G18/><T76/><D133/><U24/><E24/><V82/><F82/><W120/><G120/><T77/><D2/><U17/><E17/><V99/><F99/><W106/><G31/><T102/><D7/><U56/><E56/><V20/><AGARI ba="0,1" hai="13,19,20,36,37,38,52,58,62,68,69,80,86,90" machi="20" ten="30,7900,0" yaku="1,1,0,1,54,1,53,1" doraHai="63,104" doraHaiUra="43,57" who="2" fromWho="2" sc="211,-20,294,-20,279,89,206,-39" /><INIT seed="4,0,0,4,4,90" ten="191,274,368,167" oya="0" hai0="115,50,81,7,47,4,51,23,86,27,79,56,18" hai1="49,30,94,37,29,48,13,95,126,33,54,131,107" hai2="91,89,124,16,105,120,60,77,41,3,52,21,133" hai3="128,99,10,97,15,25,72,109,12,14,98,83,1"/><T24/><D115/><U116/><E107/><V76/><F120/><W32/><G128/><T84/><D27/><U40/><E37/><V106/><F3/><W111/><G32/><T119/><D119/><U64/><E64/><V130/><F106/><W31/><G31/><N who="1" m="11786" /><E33/><V53/><F105/><W108/><G25/><T58/><D84/><U121/><E121/><V110/><F110/><W8/><G1/><T39/><D39/><U61/><E116/><V57/><F133/><W65/><G65/><T135/><D135/><U74/><E74/><V26/><F124/><W62/><G62/><T2/><D2/><U55/><E131/><V67/><F41/><W88/><G72/><T100/><D100/><U112/><E112/><V5/><F5/><N who="0" m="2122" /><D51/><N who="1" m="19531" /><E40/><AGARI ba="0,0" hai="18,23,24,40,47,50,56,58,79,81,86" m="2122" machi="40" ten="30,1500,0" yaku="8,1" doraHai="90" who="0" fromWho="1" sc="191,15,274,-15,368,0,167,0" /><INIT seed="4,1,0,5,4,69" ten="206,259,368,167" oya="0" hai0="7,80,87,105,82,131,1,77,29,113,83,49,13" hai1="125,104,37,30,19,25,3,103,122,33,40,53,65" hai2="61,20,88,26,12,60,76,115,27,45,8,135,36" hai3="118,32,127,90,70,41,71,89,97,94,5,132,56"/><T111/><D105/><U99/><E125/><V51/><F135/><W79/><G127/><T121/><D121/><U101/><E101/><V108/><F108/><W124/><G132/><T78/><D111/><U11/><E53/><V9/><F76/><W17/><G124/><T119/><D119/><U84/><E122/><V106/><F115/><W39/><G118/><T4/><D113/><U28/><E28/><V114/><F114/><W66/><G32/><T0/><D29/><U123/><E123/><V43/><F106/><W50/><G5/><T107/><D107/><U2/><E84/><V15/><F36/><W110/><G110/><T67/><D131/><U120/><E120/><V128/><F128/><W96/><G79/><T73/><D67/><U34/><E34/><V44/><F44/><W85/><G71/><T126/><D82/><U117/><E65/><V38/><F38/><W74/><G74/><T10/><D126/><U98/><E98/><V95/><F15/><W112/><G112/><T6/><REACH who="0" step="1"/><D49/><REACH who="0" ten="196,259,368,167" step="2"/><U23/><E117/><V93/><F51/><W133/><G133/><T42/><D42/><U129/><E129/><V102/><F43/><W22/><G39/><T14/><D14/><N who="1" m="7647" /><E40/><V91/><F12/><W35/><G41/><T75/><D75/><U68/><E37/><V72/><F72/><W55/><G66/><T64/><D64/><U48/><E48/><V31/><F31/><W59/><G50/><T81/><D81/><U58/><E68/><V16/><F45/><W130/><G70/><T62/><D62/><U100/><E33/><V24/><F61/><RYUUKYOKU ba="1,1" sc="196,30,259,-10,368,-10,167,-10" hai0="0,1,4,6,7,10,13,73,77,78,80,83,87" /><INIT seed="4,2,1,1,0,107" ten="226,249,358,157" oya="0" hai0="40,31,88,50,45,43,62,44,121,110,129,86,102" hai1="3,16,39,1,106,30,122,47,130,57,99,125,48" hai2="92,133,116,52,67,20,104,66,89,79,105,13,4" hai3="70,95,7,15,84,29,123,82,6,35,24,33,109"/><T103/><D121/><U85/><E122/><V53/><F105/><W91/><G123/><T69/><D110/><U64/><E30/><V32/><F104/><W100/><G109/><T23/><D129/><U112/><E39/><V120/><F32/><W74/><G70/><T97/><D69/><U5/><E5/><V87/><F120/><W46/><G35/><T83/><D62/><U21/><E130/><V124/><F133/><W75/><G46/><T38/><D97/><U54/><E85/><V114/><F114/><W28/><G28/><T68/><D68/><U19/><E112/><V17/><F124/><W10/><REACH who="3" step="1"/><G6/><REACH who="3" ten="226,249,358,147" step="2"/><T80/><D31/><U49/><E125/><V71/><F71/><W135/><G135/><T61/><D61/><U58/><E19/><V59/><F4/><W131/><G131/><T132/><D132/><U25/><E64/><V37/><F66/><W119/><G119/><T18/><REACH who="0" step="1"/><D83/><REACH who="0" ten="216,249,358,147" step="2"/><U26/><E99/><AGARI ba="2,3" hai="7,10,15,24,29,33,74,75,82,84,91,95,99,100" machi="99" ten="40,5200,0" yaku="1,1,52,2,53,0" doraHai="107" doraHaiUra="126" who="3" fromWho="1" sc="216,0,249,-58,358,0,147,88" /><INIT seed="5,0,0,0,0,66" ten="216,191,358,235" oya="1" hai0="109,73,65,14,101,59,18,56,87,0,89,126,51" hai1="5,120,52,67,108,95,44,41,55,8,47,125,17" hai2="28,106,16,58,85,50,68,45,107,29,105,32,37" hai3="118,117,19,83,26,22,135,35,70,1,23,129,46"/><U90/><E120/><V15/><F68/><W42/><G135/><T13/><D109/><U92/><E125/><V40/><F32/><W43/><G129/><T80/><D0/><U115/><E115/><V4/><F4/><W88/><G1/><T24/><D126/><U36/><E108/><V75/><F75/><W9/><G35/><T21/><D73/><U3/><E67/><V93/><F37/><W99/><G9/><T2/><D2/><U79/><E79/><V12/><F58/><W78/><G70/><T74/><D74/><U86/><E47/><V48/><F12/><W98/><G22/><T49/><D101/><U97/><REACH who="1" step="1"/><E17/><REACH who="1" ten="216,181,358,235" step="2"/><V27/><F45/><W91/><G46/><T6/><D65/><U84/><E84/><V11/><F85/><N who="3" m="48375" /><G118/><T77/><D77/><U20/><E20/><V133/><F16/><W119/><G117/><T104/><D18/><U134/><E134/><V57/><F133/><W53/><G119/><T63/><D87/><U34/><E34/><V60/><F11/><W112/><G112/><T76/><D21/><U111/><E111/><V113/><F113/><W130/><G130/><T39/><D76/><U100/><AGARI ba="0,1" hai="3,5,8,36,41,44,52,55,86,90,92,95,97,100" machi="100" ten="20,7800,0" yaku="1,1,0,1,7,1,54,1,53,0" doraHai="66" doraHaiUra="64" who="1" fromWho="1" sc="216,-26,181,88,358,-26,235,-26" /><INIT seed="5,1,0,1,3,78" ten="190,269,332,209" oya="1" hai0="48,60,90,51,53,92,121,85,119,129,89,116,61" hai1="74,7,107,33,40,70,25,103,104,20,43,101,23" hai2="0,83,45,58,80,102,128,42,117,1,110,15,29" hai3="130,34,28,120,86,87,17,24,64,72,67,77,113"/><U123/><E123/><V31/><F110/><W10/><G120/><T30/><D121/><U134/><E70/><V26/><F117/><W118/><G118/><T27/><D129/><U81/><E33/><V65/><F128/><W50/><G130/><T94/><D116/><U114/><E7/><V108/><F102/><W13/><G113/><T82/><D119/><U37/><E114/><V69/><F69/><W79/><G72/><T131/><D131/><U133/><E37/><V3/><F108/><W52/><G79/><T105/><D105/><U47/><E47/><V97/><F97/><W93/><G86/><T2/><D2/><U71/><E71/><V95/><F95/><W39/><G39/><T112/><D112/><U91/><E74/><V4/><F29/><W44/><REACH who="3" step="1"/><G93/><REACH who="3" ten="190,269,332,199" step="2"/><T75/><D94/><U16/><E104/><V6/><F1/><W32/><G32/><T127/><D75/><U122/><E107/><V46/><F0/><W106/><G106/><T68/><D127/><U99/><E122/><V38/><F3/><W125/><G125/><T41/><D68/><U63/><E99/><V55/><F38/><W35/><G35/><T19/><D92/><U12/><E103/><V36/><F36/><W59/><G59/><N who="0" m="33215" /><D89/><U57/><E101/><V62/><F58/><W9/><G9/><T73/><D73/><U8/><E8/><V96/><F96/><W115/><G115/><T22/><D30/><N who="1" m="17703" /><E134/><V49/><F31/><W56/><G56/><T14/><D27/><U109/><E133/><V111/><F26/><W132/><G132/><T100/><D100/><RYUUKYOKU ba="1,1" sc="190,15,269,-15,332,-15,199,15" hai0="14,19,22,41,48,60,61,82,85,90" hai3="10,13,17,24,28,34,44,50,52,64,67,77,87" /><INIT seed="6,2,1,4,5,91" ten="205,254,317,214" oya="2" hai0="118,103,33,97,107,72,87,88,22,4,57,83,92" hai1="10,41,58,23,126,65,36,113,42,43,35,68,125" hai2="40,78,120,104,80,95,79,96,14,47,131,38,51" hai3="99,12,48,127,100,28,19,132,75,26,74,62,2"/><V13/><F120/><W135/><G2/><T34/><D118/><U124/><E35/><V27/><F131/><W112/><G112/><T116/><D116/><U6/><E68/><V81/><F104/><N who="3" m="63519" /><G127/><T114/><D114/><U89/><E113/><V5/><F38/><W18/><G48/><T53/><D4/><U21/><E36/><V15/><F27/><W69/><G74/><T17/><D72/><U30/><E30/><V82/><REACH who="2" step="1"/><F5/><REACH who="2" ten="205,254,307,214" step="2"/><W76/><G26/><T32/><D107/><U129/><E129/><V123/><F123/><W122/><G122/><T71/><D71/><U31/><E126/><V44/><F44/><W108/><G132/><T86/><D86/><U9/><E6/><V94/><F94/><W46/><G46/><T121/><D121/><U39/><E39/><V16/><F16/><W56/><G19/><T119/><D119/><U52/><E125/><V101/><AGARI ba="2,2" hai="13,14,15,40,47,51,78,79,80,81,82,95,96,101" machi="101" ten="30,11700,0" yaku="1,1,0,1,8,1,52,1,53,0" doraHai="91" doraHaiUra="67" who="2" fromWho="2" sc="205,-41,254,-41,307,143,214,-41" /><INIT seed="6,3,0,2,4,52" ten="164,213,450,173" oya="2" hai0="50,10,41,74,89,83,132,16,68,120,48,73,40" hai1="38,13,37,29,7,30,43,6,75,36,53,64,70" hai2="62,110,111,85,59,46,19,45,8,49,130,97,18" hai3="14,105,123,4,80,17,76,61,0,42,115,124,31"/><V35/><F35/><W112/><G123/><T65/><D120/><U131/><E75/><V58/><F130/><W126/><G105/><T78/><D132/><U23/><E43/><N who="2" m="24767" /><F62/><W24/><G42/><T33/><D33/><U113/><E64/><V107/><F46/><W93/><G93/><T27/><D74/><U128/><E70/><V101/><F85/><N who="3" m="48263" /><G61/><T96/><D41/><U11/><E7/><V86/><F86/><W127/><G4/><T103/><D89/><U84/><E84/><V28/><F28/><W26/><G0/><T90/><D90/><U125/><E125/><V5/><F19/><W22/><G26/><T60/><D40/><U106/><E106/><V98/><F18/><W9/><AGARI ba="3,0" hai="9,14,17,22,24,31,112,115,124,126,127" m="48263" machi="9" ten="40,1500,0" yaku="18,1" doraHai="52" who="3" fromWho="3" sc="164,-7,213,-7,450,-10,173,24" /><INIT seed="7,0,0,0,0,6" ten="157,206,440,197" oya="3" hai0="99,114,4,61,98,27,87,83,113,46,31,55,123" hai1="77,125,7,126,67,38,103,128,134,13,20,69,68" hai2="28,104,122,8,100,106,32,10,91,70,23,124,79" hai3="3,84,53,82,14,18,5,59,92,130,108,97,35"/><W11/><G130/><T16/><D123/><U102/><E38/><V109/><F70/><N who="1" m="27241" /><E67/><V42/><F32/><W62/><G35/><T39/><D4/><U72/><E134/><V50/><F109/><W0/><G108/><T2/><D2/><U41/><E41/><V19/><F42/><W52/><G53/><T112/><D39/><U33/><E33/><V131/><F131/><W95/><G97/><T49/><D61/><U54/><E54/><V63/><F63/><W80/><G80/><T74/><D74/><U48/><E48/><V43/><F43/><W34/><G34/><T57/><D31/><U85/><E72/><V40/><F50/><W135/><G135/><T119/><D57/><U96/><E96/><V66/><F28/><W101/><G101/><T121/><D121/><U117/><E128/><V116/><F124/><N who="1" m="47721" /><E117/><V94/><F66/><W118/><G118/><T58/><D58/><U37/><E37/><V90/><F79/><W60/><G60/><T78/><D119/><U47/><E47/><V17/><F17/><W26/><G0/><T75/><D75/><U56/><E56/><V25/><F25/><W120/><G120/><T9/><D27/><U44/><E44/><V30/><F30/><W127/><G127/><T65/><D65/><U22/><E7/><V133/><F23/><N who="3" m="13687" /><G3/><T29/><D29/><U105/><E22/><V1/><F1/><W89/><AGARI ba="0,0" hai="5,11,14,52,59,62,82,84,89,92,95" m="13687" machi="89" ten="30,6000,0" yaku="8,1,52,1,54,1" doraHai="6" who="3" fromWho="3" sc="157,-20,206,-20,440,-20,197,60" /><INIT seed="7,1,0,0,2,77" ten="137,186,420,257" oya="3" hai0="55,113,81,96,7,42,78,116,46,4,107,57,92" hai1="22,103,65,132,85,6,74,97,40,104,45,126,94" hai2="72,30,60,5,100,125,109,8,58,39,33,99,135" hai3="120,71,15,18,84,29,129,17,118,79,87,128,59"/><W131/><G118/><T20/><D116/><U23/><E6/><V11/><F109/><W37/><G120/><T69/><D107/><U95/><E132/><V66/><F39/><W21/><G71/><T10/><D69/><U70/><E126/><V56/><F72/><W44/><G29/><T88/><D113/><U3/><E3/><V123/><F125/><W121/><G121/><T25/><D10/><U122/><E74/><V28/><F123/><W12/><G59/><T61/><D46/><U63/><E122/><V89/><F89/><W26/><G79/><T98/><D42/><U127/><E127/><V76/><F76/><W124/><G124/><T35/><D35/><U119/><E119/><V1/><F135/><W19/><G44/><T73/><REACH who="0" step="1"/><D98/><REACH who="0" ten="127,186,420,257" step="2"/><U52/><E104/><V9/><F33/><W83/><G129/><T117/><D117/><U62/><E40/><V14/><F1/><W43/><G128/><T133/><D133/><U86/><E45/><V24/><F56/><W16/><G131/><T91/><D91/><U130/><E130/><V2/><F58/><W114/><G114/><T115/><D115/><U102/><E70/><V50/><F2/><W34/><G43/><T90/><D90/><U36/><E97/><V82/><F99/><W111/><G34/><T49/><D49/><U31/><E36/><V101/><F50/><W53/><G37/><T0/><D0/><U54/><E31/><AGARI ba="1,1" hai="4,7,20,25,31,55,57,61,73,78,81,88,92,96" machi="31" ten="30,7700,0" yaku="1,1,7,1,52,1,54,1,53,0" doraHai="77" doraHaiUra="13" who="0" fromWho="1" sc="127,90,186,-80,420,0,257,0" owari="217,-18.0,106,-39.0,420,51.0,257,6.0" /></mjloggm>