<mjloggm ver="2.3"><GO type="41"/><UN n0="%E3%82%A6%E3%83%AB%E3%83%88%E3%83%A9%E7%AB%8B%E7%9B%B4" n1="%E6%A1%82%E3%83%92%E3%83%8A%E3%82%AE%E3%82%AF" n2="%E8%8A%B8%E6%B4%A5" n3="%E6%88%A6%E6%8A%80%E7%84%A1%E5%8F%8C" dan="15,15,13,13" rate="1994,2047,1821,1931" sx="M,F,M,M"/><TAIKYOKU oya="0"/><INIT seed="0,0,0,0,1,75" ten="250,250,250,250" oya="0" hai0="132,131,56,73,96,62,117,129,9,123,4,81,127" hai1="38,27,6,130,113,90,20,50,120,43,84,107,88" hai2="65,39,112,128,30,16,33,135,94,97,77,87,46" hai3="95,91,80,13,121,67,22,37,108,59,93,51,98"/><T3/><D123/><U31/><E107/><V25/><F112/><W105/><G37/><T40/><D117/><U133/><E113/><V82/><F135/><W41/><G105/><T74/><D132/><U61/><E120/><V126/><F126/><W68/><G68/><T2/><D127/><U55/><E133/><V12/><F128/><N who="0" m="49226" /><D40/><U69/><E130/><V49/><F39/><W15/><G41/><T53/><D3/><U7/><E38/><V66/><F49/><W134/><G134/><T5/><D5/><N who="1" m="1547" /><E69/><V18/><F46/><W63/><G51/><T14/><D2/><U114/><E114/><V34/><F34/><W45/><G45/><T60/><D96/><U110/><E110/><V29/><F29/><W72/><G108/><T71/><D81/><U32/><E32/><V64/><REACH who="2" step="1"/><F12/><REACH who="2" ten="250,250,240,250" step="2"/><W17/><G13/><T42/><D42/><U76/><E43/><V125/><F125/><W89/><G121/><T102/><D102/><AGARI ba="0,1" hai="16,18,25,30,33,64,65,66,77,82,87,94,97,102" machi="102" ten="40,5200,0" yaku="1,1,52,1,54,1,53,0" doraHai="75" doraHaiUra="104" who="2" fromWho="0" sc="250,-52,250,0,240,62,250,0" /><INIT seed="1,0,0,0,5,75" ten="198,250,302,250" oya="1" hai0="133,14,127,111,112,99,104,109,65,67,84,48,93" hai1="100,69,80,81,58,60,87,21,90,2,55,66,59" hai2="113,110,74,39,7,79,78,126,114,129,118,11,56" hai3="120,19,103,71,36,18,24,0,34,117,95,123,88"/><U86/><E2/><N who="2" m="503" /><F39/><W28/><G36/><T77/><D112/><N who="2" m="43114" /><F118/><W121/><G71/><T85/><D127/><U26/><E100/><V105/><F105/><W53/><G103/><T134/><D104/><U47/><E47/><V130/><F126/><W68/><G0/><T27/><D14/><U116/><E116/><V92/><F74/><W42/><G42/><T37/><D27/><U115/><E115/><V13/><F92/><W82/><G117/><T43/><D48/><U101/><E101/><V57/><F110/><W96/><G68/><T62/><D43/><U30/><REACH who="1" step="1"/><E55/><REACH who="1" ten="198,240,302,250" step="2"/><V106/><F106/><W107/><G53/><T31/><D111/><U73/><E73/><V70/><F70/><W131/><G107/><T9/><D109/><U98/><E98/><V122/><F122/><W51/><G123/><T54/><D99/><U38/><E38/><V3/><F129/><W44/><G131/><T50/><D54/><U17/><E17/><V52/><F3/><W16/><G121/><T12/><D37/><U89/><AGARI ba="0,1" hai="21,26,30,58,59,60,66,69,80,81,86,87,89,90" machi="89" ten="20,7800,0" yaku="1,1,0,1,7,1,9,1,53,0" doraHai="75" doraHaiUra="40" who="1" fromWho="1" sc="198,-26,240,88,302,-26,250,-26" /><INIT seed="1,1,0,5,5,15" ten="172,328,276,224" oya="1" hai0="61,18,46,41,130,44,59,49,93,53,115,64,25" hai1="92,65,7,35,50,24,17,134,27,103,56,48,42" hai2="87,110,9,133,8,39,1,38,70,5,30,99,90" hai3="2,113,0,105,31,132,21,124,57,28,126,91,43"/><U23/><E134/><V131/><F133/><W16/><G132/><T11/><D115/><U83/><E7/><V73/><F73/><W112/><G105/><T82/><D130/><U122/><E122/><V36/><F131/><W19/><G43/><T85/><D93/><U69/><E69/><V125/><F125/><W120/><G91/><T76/><D46/><U26/><E35/><V66/><F9/><W3/><G57/><T34/><D34/><U33/><E33/><V37/><F37/><W12/><G120/><T62/><D62/><N who="1" m="38087" /><E83/><V94/><F30/><N who="3" m="11307" /><G19/><T135/><D135/><U128/><E128/><V100/><F66/><W79/><G79/><T123/><D123/><U116/><E116/><V74/><F74/><W109/><G109/><T6/><D6/><U10/><E10/><V96/><F70/><W47/><G47/><T86/><D86/><U119/><E119/><V84/><REACH who="2" step="1"/><F110/><REACH who="2" ten="172,328,266,224" step="2"/><W89/><G89/><T63/><D11/><U45/><E48/><V107/><AGARI ba="1,1" hai="1,5,8,36,38,39,84,87,90,94,96,99,100,107" machi="107" ten="30,4000,0" yaku="1,1,2,1,0,1,53,0" doraHai="15" doraHaiUra="104" who="2" fromWho="2" sc="172,-11,328,-21,266,53,224,-11" /><INIT seed="2,0,0,1,5,81" ten="161,307,319,213" oya="2" hai0="47,130,106,16,67,102,112,119,18,118,14,126,9" hai1="23,65,88,135,58,71,68,39,72,45,131,22,50" hai2="127,76,29,13,57,87,101,5,124,108,21,25,114" hai3="56,69,34,27,77,11,44,93,60,82,113,6,86"/><V121/><F114/><W74/><G69/><T96/><D112/><U28/><E72/><V105/><F121/><W109/><G109/><T128/><D126/><N who="2" m="48170" /><F101/><W31/><G113/><T59/><D47/><U70/><E39/><V35/><F105/><W46/><G93/><T24/><D67/><U37/><E135/><V7/><F108/><W79/><G79/><T52/><D24/><U115/><E115/><V61/><F35/><W123/><G123/><T19/><D14/><U2/><E2/><V89/><F13/><W1/><REACH who="3" step="1"/><G74/><REACH who="3" ten="161,307,319,203" step="2"/><T116/><REACH who="0" step="1"/><D9/><REACH who="0" ten="151,307,319,203" step="2"/><U91/><E131/><V85/><F76/><W10/><G10/><T26/><D26/><U51/><E71/><V98/><F25/><W84/><G84/><T64/><D64/><AGARI ba="0,2" hai="1,6,11,27,31,34,44,46,56,60,64,77,82,86" machi="64" ten="30,7700,0" yaku="1,1,7,1,52,1,53,1" doraHai="81" doraHaiUra="75" who="3" fromWho="0" sc="151,-77,307,0,319,0,203,97" /><INIT seed="3,0,0,4,5,63" ten="74,307,319,300" oya="3" hai0="51,115,123,11,44,54,28,67,116,110,21,52,31" hai1="16,122,80,20,46,32,73,68,113,84,135,76,78" hai2="124,132,9,48,100,12,61,79,81,64,33,70,106" hai3="59,120,104,85,69,55,45,93,102,40,103,94,83"/><W27/><G120/><T107/><D107/><U74/><E122/><V23/><F124/><W58/><G69/><T129/><D123/><U62/><E32/><V41/><F132/><W0/><G0/><T134/><D116/><U108/><E113/><V114/><F114/><W36/><G104/><T89/><D134/><U96/><E135/><V133/><F133/><W7/><G7/><T65/><D115/><U2/><E2/><V71/><F33/><W53/><G27/><N who="0" m="16495" /><D129/><U117/><E117/><V22/><F70/><W8/><G8/><T88/><D110/><U95/><E108/><V111/><F111/><W42/><G83/><T19/><D31/><U127/><E127/><V126/><F126/><W6/><G6/><T43/><D19/><U99/><E76/><V112/><F112/><W24/><G24/><T1/><D11/><U97/><E46/><V57/><F100/><W35/><G35/><T101/><D101/><U128/><E128/><V77/><F77/><W34/><G34/><T98/><D1/><U38/><E38/><V4/><F106/><W29/><G29/><T14/><D14/><U109/><E109/><V91/><F91/><N who="0" m="34890" /><D98/><U66/><REACH who="1" step="1"/><E95/><REACH who="1" ten="74,297,319,300" step="2"/><V3/><F3/><W17/><G36/><T60/><D43/><U90/><E90/><V37/><F37/><W26/><G45/><T49/><D60/><U86/><E86/><N who="2" m="48447" /><F71/><W119/><G85/><T15/><D15/><AGARI ba="0,1" hai="15,16,20,62,66,68,73,74,78,80,84,96,97,99" machi="15" ten="40,5200,0" yaku="1,1,52,1,54,1,53,0" doraHai="63" doraHaiUra="125" who="1" fromWho="0" sc="74,-52,297,62,319,0,300,0" /><INIT seed="4,0,0,0,3,37" ten="22,359,319,300" oya="0" hai0="59,126,64,107,49,76,103,129,25,15,34,78,22" hai1="31,99,27,63,32,10,0,117,48,52,67,47,40" hai2="119,24,26,85,20,101,19,3,109,18,112,14,51" hai3="104,55,113,105,122,65,84,42,41,54,91,35,21"/><T131/><D34/><U5/><E117/><V128/><F119/><W16/><G35/><T96/><D15/><U92/><E92/><V2/><F109/><W61/><G113/><T50/><D126/><U1/><E99/><V81/><F101/><W93/><G105/><T89/><D89/><U132/><E132/><V82/><F112/><W9/><G104/><T62/><D50/><U29/><E29/><V97/><F97/><W77/><G77/><T111/><D111/><U79/><E79/><V45/><F82/><W8/><G122/><T94/><D107/><U124/><E124/><V87/><F87/><W58/><G55/><T60/><D60/><U30/><E30/><V56/><F56/><W57/><G8/><T36/><D36/><U12/><REACH who="1" step="1"/><E52/><REACH who="1" ten="22,349,319,300" step="2"/><N who="2" m="29807" /><F2/><W88/><G91/><T70/><D70/><AGARI ba="0,1" hai="0,1,5,10,12,27,31,32,40,47,48,63,67,70" machi="70" ten="30,3900,0" yaku="1,1,7,1,52,1,53,0" doraHai="37" doraHaiUra="120" who="1" fromWho="0" sc="22,-39,349,49,319,0,300,0" owari="-17,-52.0,398,50.0,319,12.0,300,-10.0" /></mjloggm>