<mjloggm ver="2.3"><GO type="169"/><UN n0="%E3%81%91%E3%82%93%31%39%37%30" n1="%E5%8F%8D%E9%99%BD%E5%AD%90%E3%81%95%E3%82%93" n2="%E5%B2%A1%E6%9D%91" n3="%EF%BC%88%E2%89%A7%E2%96%BD%E2%89%A6%EF%BC%89" dan="16,18,17,17" rate="2107,2239,2079,2102" sx="M,F,M,M"/><TAIKYOKU oya="0"/><INIT seed="0,0,0,4,2,72" ten="250,250,250,250" oya="0" hai0="101,53,17,55,15,73,18,119,11,32,122,37,124" hai1="25,61,45,120,76,67,75,9,71,107,131,106,23" hai2="135,134,50,70,40,108,48,54,36,19,62,129,104" hai3="66,117,97,109,88,82,92,27,112,126,10,0,105"/><T98/><D122/><U77/><E120/><V22/><F104/><W14/><G112/><T86/><D119/><U58/><E131/><V30/><F30/><W38/><G117/><T79/><D37/><U128/><E128/><V56/><F129/><W89/><G38/><T57/><D32/><U60/><E45/><N who="2" m="23687" /><F108/><W110/><G0/><T21/><D73/><U113/><E113/><V13/><F50/><W20/><G126/><T115/><D124/><U28/><E9/><V47/><F47/><W78/><G105/><T133/><D115/><U59/><E71/><V65/><AGARI ba="0,0" hai="13,19,22,48,54,56,62,65,70,134,135" m="23687" machi="65" ten="30,1100,0" yaku="24,1" doraHai="72" who="2" fromWho="2" sc="250,-5,250,-3,250,11,250,-3" /><INIT seed="1,0,0,1,3,68" ten="245,247,261,247" oya="1" hai0="123,89,26,6,132,70,73,65,55,74,112,21,78" hai1="101,125,109,45,22,62,87,33,99,8,115,36,117" hai2="19,91,77,92,135,30,66,105,96,20,111,34,114" hai3="102,50,104,126,106,43,10,61,15,44,75,93,57"/><U76/><E117/><V40/><F114/><W60/><G75/><T7/><D123/><U124/><E33/><V80/><F135/><W103/><G126/><N who="1" m="48746" /><E115/><V83/><F66/><W97/><G103/><T41/><D132/><U130/><E130/><V82/><F105/><W131/><G131/><T98/><D112/><U42/><E62/><V86/><F111/><W17/><REACH who="3" step="1"/><G61/><REACH who="3" ten="245,247,261,237" step="2"/><T122/><D73/><U67/><E109/><V100/><F100/><W84/><G84/><T1/><D74/><U81/><E67/><AGARI ba="0,1" hai="10,15,17,43,44,50,57,60,67,93,97,102,104,106" machi="67" ten="30,2000,0" yaku="1,1,7,1,53,0" doraHai="68" doraHaiUra="108" who="3" fromWho="1" sc="245,0,247,-20,261,0,237,30" /><INIT seed="2,0,0,4,2,73" ten="245,227,261,267" oya="2" hai0="128,93,68,86,3,88,117,119,111,50,105,22,134" hai1="83,23,67,55,112,35,99,20,133,36,65,62,72" hai2="19,17,104,75,118,12,109,78,64,37,15,7,97" hai3="1,53,113,108,63,131,94,129,110,0,79,34,95"/><V24/><F118/><W103/><G113/><T87/><D68/><U77/><E112/><V66/><F37/><W92/><G34/><T16/><D3/><N who="3" m="1097" /><G103/><T10/><D105/><U127/><E36/><V39/><F39/><W6/><G6/><T2/><D134/><U18/><E35/><V9/><F24/><W26/><G26/><T69/><D69/><U5/><E133/><V57/><F104/><W33/><G33/><T59/><D128/><N who="3" m="49225" /><G79/><T40/><D111/><N who="3" m="42537" /><G53/><T70/><D2/><U51/><E5/><V30/><F7/><W96/><G96/><T71/><D10/><U84/><E99/><V54/><F97/><W126/><G63/><T60/><D119/><U28/><E127/><AGARI ba="0,0" hai="92,94,95,126,127" m="42537,49225,1097" machi="127" ten="40,8000,1" yaku="28,2,19,1,14,1" doraHai="73" who="3" fromWho="1" sc="245,0,227,-80,261,0,267,80" /><INIT seed="3,0,0,2,5,0" ten="245,147,261,347" oya="3" hai0="50,34,48,98,71,8,49,44,126,89,122,20,101" hai1="64,83,18,12,21,85,75,39,51,81,65,63,95" hai2="59,33,125,135,7,97,121,27,42,43,10,114,40" hai3="118,130,104,111,70,62,76,86,77,3,87,28,106"/><W53/><G3/><T113/><D34/><U80/><E39/><V109/><F114/><W100/><G118/><T17/><D71/><U78/><E51/><V56/><F121/><W1/><G1/><T16/><D122/><U116/><E116/><V110/><F135/><W24/><G130/><T13/><D113/><U90/><REACH who="1" step="1"/><E65/><REACH who="1" ten="245,137,261,347" step="2"/><V5/><F125/><W31/><G62/><T30/><D126/><U68/><AGARI ba="0,1" hai="12,18,21,63,64,68,75,78,80,81,83,85,90,95" machi="68" ten="20,5200,0" yaku="1,1,2,1,0,1,7,1,53,0" doraHai="0" doraHaiUra="22" who="1" fromWho="1" sc="245,-13,137,62,261,-13,347,-26" /><INIT seed="4,0,0,0,0,124" ten="232,199,248,321" oya="0" hai0="4,107,61,71,51,26,55,63,13,99,74,127,116" hai1="120,103,60,115,50,9,67,27,92,80,19,122,11" hai2="100,16,39,109,106,113,131,42,135,54,35,23,47" hai3="117,130,56,94,86,110,93,91,75,123,59,41,68"/><T119/><D74/><U33/><E115/><V18/><F35/><W1/><G117/><T111/><D127/><U132/><E132/><V126/><F126/><W45/><G1/><T48/><D26/><U53/><E80/><V72/><F72/><W22/><G110/><T81/><D81/><U78/><E78/><V64/><F64/><W6/><G75/><T114/><D114/><U62/><E122/><V84/><F113/><W17/><G68/><T112/><D112/><U38/><E38/><V88/><F135/><W2/><G123/><T133/><D133/><U77/><E77/><V10/><F54/><W57/><G2/><T29/><D29/><U76/><E76/><V5/><F109/><W134/><G134/><T49/><D111/><U101/><E120/><V79/><F79/><W104/><G104/><T15/><D4/><U66/><E33/><V14/><F106/><W28/><G6/><T95/><D107/><U87/><E67/><V31/><F100/><N who="1" m="38473" /><E66/><V82/><REACH who="2" step="1"/><F131/><REACH who="2" ten="232,199,238,321" step="2"/><W24/><G130/><T40/><D119/><U105/><E105/><V7/><F7/><W3/><G3/><T0/><D0/><U52/><E53/><V8/><F8/><N who="1" m="3145" /><E52/><V20/><F20/><W34/><G34/><T70/><D116/><U37/><E37/><V118/><F118/><W128/><G128/><T96/><D55/><U73/><E73/><V102/><F102/><W44/><G91/><T65/><D65/><U89/><E50/><V25/><AGARI ba="0,1" hai="5,10,14,16,18,23,25,31,39,42,47,82,84,88" machi="25" ten="30,7900,0" yaku="1,1,0,1,54,2,53,0" doraHai="124" doraHaiUra="58" who="2" fromWho="2" sc="232,-39,199,-20,238,89,321,-20" /><INIT seed="5,0,0,3,3,0" ten="193,179,327,301" oya="1" hai0="41,46,124,97,22,86,100,95,30,61,134,93,6" hai1="88,80,49,67,73,52,12,114,76,1,110,14,45" hai2="43,77,35,82,26,112,7,13,21,57,78,72,106" hai3="108,135,79,91,55,122,84,44,98,102,117,24,58"/><U25/><E1/><V19/><F106/><W59/><G122/><T8/><D124/><U15/><E114/><V133/><F133/><W33/><G108/><T107/><D134/><U64/><E110/><V96/><F96/><W4/><G135/><T71/><D71/><U18/><E25/><V17/><F77/><W94/><G117/><T34/><D34/><U89/><REACH who="1" step="1"/><E18/><REACH who="1" ten="193,169,327,301" step="2"/><V9/><F112/><W101/><G24/><T130/><D30/><U62/><E62/><V63/><F35/><W118/><G33/><T81/><D61/><U125/><E125/><V5/><REACH who="2" step="1"/><F43/><REACH who="2" ten="193,169,317,301" step="2"/><W32/><G32/><T47/><D41/><U85/><E85/><V51/><F51/><W66/><G84/><T38/><D86/><U75/><E75/><V54/><AGARI ba="0,2" hai="5,7,9,13,17,19,21,26,54,57,63,72,78,82" machi="54" ten="20,8000,1" yaku="1,1,0,1,7,1,52,2,53,0" doraHai="0" doraHaiUra="111" who="2" fromWho="2" sc="193,-20,169,-40,317,100,301,-20" /><INIT seed="6,0,0,2,0,132" ten="173,129,417,281" oya="2" hai0="36,53,28,86,109,111,56,130,95,17,6,121,2" hai1="92,79,124,89,49,51,87,73,64,5,110,81,82" hai2="135,43,27,21,122,25,85,94,12,57,123,101,7" hai3="91,55,62,3,4,44,8,54,75,46,14,16,24"/><V1/><F1/><W22/><G75/><T0/><D36/><U13/><E110/><V128/><F135/><W61/><G91/><T32/><D121/><U37/><E37/><V74/><F74/><W126/><G126/><T15/><D130/><U76/><E64/><V96/><F128/><W48/><G3/><T118/><D118/><U93/><E5/><V68/><F68/><W52/><REACH who="3" step="1"/><G44/><REACH who="3" ten="173,129,417,271" step="2"/><T39/><D111/><U131/><E131/><V104/><F122/><W108/><G108/><T34/><D109/><U113/><E124/><V114/><F123/><W105/><G105/><T69/><D2/><U84/><E113/><V129/><F104/><W78/><G78/><T30/><D0/><U35/><E35/><V72/><F114/><W90/><G90/><T29/><D95/><U98/><REACH who="1" step="1"/><E13/><REACH who="1" ten="173,119,417,271" step="2"/><V33/><F12/><W88/><G88/><AGARI ba="0,2" hai="49,51,73,76,79,81,82,84,87,88,89,92,93,98" machi="88" ten="30,12000,2" yaku="1,1,2,1,7,1,54,1,53,2" doraHai="132" doraHaiUra="77" who="1" fromWho="3" sc="173,0,119,140,417,0,271,-120" /><INIT seed="7,0,0,4,2,38" ten="173,259,417,151" oya="3" hai0="120,12,33,88,64,135,43,105,104,16,121,35,21" hai1="75,67,0,4,30,47,72,49,131,83,115,117,77" hai2="108,56,113,17,133,58,112,5,1,76,79,37,51" hai3="102,73,132,81,29,70,98,24,114,130,87,61,46"/><W41/><G130/><T127/><D127/><U19/><E131/><V42/><F37/><W25/><G114/><T57/><D135/><U97/><E115/><V74/><F74/><W123/><G123/><T68/><D68/><U125/><E125/><V14/><F133/><W101/><G132/><T54/><D64/><U106/><E117/><V94/><F1/><W78/><G73/><T55/><D43/><U134/><E134/><V36/><F5/><W100/><G98/><T71/><D71/><U18/><E75/><V32/><F32/><W93/><G93/><T92/><D33/><U63/><E30/><V91/><F36/><W96/><G96/><T15/><D35/><U124/><E124/><V84/><F108/><W13/><G13/><T69/><D69/><U66/><E66/><V7/><F7/><W110/><G110/><T8/><D55/><U62/><E62/><V50/><F113/><W116/><G116/><T95/><D95/><U9/><E97/><V31/><F31/><W59/><G70/><T10/><D10/><U85/><E106/><V26/><F26/><W107/><G107/><T119/><D119/><U34/><E34/><V23/><F112/><W3/><G3/><T103/><D103/><U20/><E72/><V118/><F118/><W48/><REACH who="3" step="1"/><G29/><REACH who="3" ten="173,259,417,141" step="2"/><T99/><D121/><U40/><E0/><V22/><F94/><W109/><G109/><T82/><D120/><U122/><E122/><V129/><F14/><W28/><G28/><T39/><D105/><U86/><E86/><V60/><F84/><W111/><G111/><T6/><D104/><RYUUKYOKU ba="0,1" sc="173,-10,259,-10,417,-10,141,30" hai3="24,25,41,46,48,59,61,78,81,87,100,101,102" /><INIT seed="7,1,1,5,0,62" ten="163,249,407,171" oya="3" hai0="46,79,78,14,66,26,24,10,51,83,37,12,29" hai1="60,133,15,76,70,4,84,21,55,128,34,18,67" hai2="20,48,120,124,17,44,93,27,121,117,116,82,105" hai3="35,89,74,16,25,1,3,39,53,43,113,30,97"/><W90/><G74/><T86/><D37/><U95/><E34/><V38/><F38/><W80/><G113/><T50/><D14/><U115/><E115/><V65/><F105/><W31/><G39/><T88/><D66/><U107/><E107/><V32/><F32/><W125/><G125/><T85/><D51/><U101/><E133/><V73/><F124/><W11/><G43/><N who="0" m="24927" /><D29/><N who="3" m="10761" /><G35/><T6/><D79/><U112/><E112/><V5/><F116/><W57/><G1/><T119/><D119/><U47/><E128/><V42/><F117/><W22/><G3/><T2/><D2/><U75/><E75/><V111/><F111/><W45/><G11/><T28/><D28/><U104/><E104/><V9/><F9/><W122/><G122/><T33/><D33/><U108/><E108/><V58/><F5/><W130/><G130/><T96/><D96/><U127/><E4/><V40/><F40/><W52/><G97/><T135/><D135/><U77/><E127/><V63/><F120/><W129/><G129/><T106/><D106/><U100/><E70/><V131/><F121/><W87/><G45/><T132/><D132/><U103/><E47/><V91/><F131/><W59/><G89/><T23/><D23/><U72/><E72/><V114/><F73/><W110/><G110/><T69/><D69/><U8/><E8/><V54/><F114/><W19/><G19/><T126/><D126/><U56/><E55/><AGARI ba="1,1" hai="16,22,25,52,53,55,57,59,80,87,90" m="10761" machi="55" ten="30,5800,0" yaku="8,1,54,2" doraHai="62" who="3" fromWho="1" sc="163,0,249,-61,407,0,171,71" /><INIT seed="7,2,0,3,1,44" ten="163,188,407,242" oya="3" hai0="108,62,45,70,59,123,113,2,91,95,54,7,111" hai1="73,78,30,84,14,1,8,102,20,5,58,16,96" hai2="64,32,4,127,49,57,23,106,75,105,33,124,88" hai3="6,89,101,107,72,80,10,51,19,50,17,98,117"/><W87/><G117/><T90/><D123/><U56/><E73/><V67/><F88/><W46/><G72/><T22/><D70/><U128/><E128/><V15/><F75/><W60/><G60/><T120/><D120/><U66/><E66/><V82/><F82/><W52/><REACH who="3" step="1"/><G50/><REACH who="3" ten="163,188,407,232" step="2"/><T43/><D111/><U74/><E74/><V97/><F49/><W132/><G132/><T100/><D108/><U9/><E30/><V94/><F127/><W35/><G35/><T38/><D113/><U93/><E20/><V42/><F124/><W12/><AGARI ba="2,1" hai="6,10,12,17,19,46,51,52,80,87,89,98,101,107" machi="12" ten="20,12000,1" yaku="1,1,0,1,7,1,52,1,54,1,53,0" doraHai="44" doraHaiUra="104" who="3" fromWho="3" sc="163,-42,188,-42,407,-42,232,136" owari="121,-38.0,146,-25.0,365,17.0,368,46.0" /></mjloggm>