<mjloggm ver="2.3"><GO type="169" lobby="0"/><UN n0="%66%69%63%6B%6C%65" n1="%68%61%67%69%31%30%32%39" n2="%73%61%77%6C%79" n3="%EF%BC%88%E2%89%A7%E2%96%BD%E2%89%A6%EF%BC%89" dan="16,16,16,18" rate="2060.14,2057.89,2092.20,2274.25" sx="M,M,M,M"/><TAIKYOKU oya="0"/><INIT seed="0,0,0,3,5,135" ten="250,250,250,250" oya="0" hai0="96,11,22,36,74,13,61,106,79,14,34,121,113" hai1="69,115,130,16,65,67,127,122,19,40,59,2,99" hai2="108,109,17,132,118,107,76,7,31,116,83,71,102" hai3="41,134,52,12,64,95,24,25,81,117,46,91,57"/><T82/><D113/><U100/><E69/><V119/><F71/><W66/><G134/><T37/><D121/><U6/><E40/><V110/><F7/><W80/><G117/><T72/><D34/><U44/><E44/><V15/><F31/><W129/><G129/><T85/><D61/><U3/><E122/><V87/><F15/><W32/><G12/><T63/><D63/><U4/><E59/><V56/><F17/><W42/><G32/><T73/><D22/><U78/><E99/><N who="2" m="61919" /><F56/><W103/><G103/><T39/><REACH who="0" step="1"/><D11/><REACH who="0" ten="240,250,250,250" step="2"/><N who="1" m="2455" /><E115/><V126/><F132/><W18/><G66/><T9/><D9/><U48/><E67/><V68/><F68/><W77/><G64/><T33/><D33/><U60/><E65/><V120/><F120/><W133/><G133/><T75/><N who="0" m="18432" /><DORA hai="0" /><T54/><D54/><U104/><E60/><V97/><F97/><W1/><G52/><T5/><D5/><U38/><E6/><V35/><F35/><W84/><G18/><T50/><D50/><U101/><E16/><V43/><F43/><W93/><G42/><T90/><D90/><U98/><E48/><V20/><F20/><W28/><G91/><T29/><D29/><U131/><E19/><V88/><F88/><W128/><G28/><T58/><D58/><U112/><E112/><V51/><F51/><W47/><G57/><T105/><D105/><U125/><E104/><V10/><F10/><W30/><G41/><T111/><D111/><U27/><E131/><V21/><F21/><W114/><G128/><T70/><D70/><U86/><E130/><V8/><F8/><RYUUKYOKU ba="0,1" sc="240,15,250,-15,250,15,250,-15" hai0="13,14,36,37,39,79,82,85,96,106" hai2="76,83,87,108,109,110,116,118,119,126" /><INIT seed="0,1,1,5,1,44" ten="255,235,265,235" oya="0" hai0="66,83,74,123,9,113,52,4,100,79,18,125,50" hai1="69,67,88,34,89,40,2,85,12,118,82,63,76" hai2="13,20,78,60,71,62,112,21,120,0,110,130,124" hai3="24,114,70,126,61,127,135,122,93,73,131,26,10"/><T53/><D113/><U134/><E118/><V87/><F110/><W99/><G114/><T106/><D123/><U35/><E2/><V57/><F112/><W91/><G122/><T55/><D125/><N who="3" m="47625" /><G135/><T90/><D66/><U42/><E134/><V36/><F120/><W54/><G131/><T28/><D28/><U19/><E89/><V22/><F124/><W31/><G73/><T11/><D90/><U39/><E39/><V94/><F36/><W5/><G31/><T8/><D18/><U47/><E47/><V58/><F130/><W101/><G101/><T95/><D106/><U23/><REACH who="1" step="1"/><E76/><REACH who="1" ten="255,225,265,235" step="2"/><V109/><F0/><N who="3" m="295" /><G70/><T96/><REACH who="0" step="1"/><D4/><REACH who="0" ten="245,225,265,235" step="2"/><U38/><E38/><V16/><F109/><W129/><G129/><T3/><D3/><U80/><E80/><V7/><F7/><W72/><G91/><T1/><D1/><U56/><E56/><AGARI ba="1,3" hai="8,9,11,50,52,53,55,56,74,79,83,95,96,100" machi="56" ten="40,12000,1" yaku="1,1,52,1,54,1,53,1" doraHai="44" doraHaiUra="45" who="0" fromWho="1" sc="245,153,225,-123,265,0,235,0" /><INIT seed="0,2,0,5,0,8" ten="398,102,265,235" oya="0" hai0="64,57,74,129,113,76,87,29,104,58,80,86,79" hai1="73,131,15,3,124,63,103,9,84,82,67,35,83" hai2="31,112,4,54,0,50,90,101,43,60,109,72,55" hai3="85,45,110,75,42,33,16,14,25,81,30,105,34"/><T125/><D113/><U106/><E35/><V70/><F109/><W94/><G105/><T56/><D104/><U68/><E3/><V95/><F112/><W119/><G119/><T49/><D129/><U27/><E131/><V93/><F72/><W126/><G126/><T123/><D123/><U92/><E124/><V21/><F0/><W66/><G66/><T116/><D116/><U135/><E135/><V24/><F4/><W89/><G110/><T37/><D37/><U53/><E27/><V7/><F7/><W115/><G115/><T71/><D125/><U47/><E106/><V59/><F43/><W122/><G122/><T130/><D130/><U44/><E73/><V48/><F70/><W2/><G2/><T107/><D107/><U127/><E127/><V23/><F101/><W65/><G65/><T100/><D100/><U46/><E53/><V69/><F69/><W61/><G61/><T19/><D29/><U11/><E11/><V102/><F102/><W28/><G28/><T120/><D120/><U91/><REACH who="1" step="1"/><E103/><REACH who="1" ten="398,92,265,235" step="2"/><V52/><F21/><N who="3" m="15663" /><G75/><T77/><D74/><U20/><E20/><V62/><F55/><W97/><G34/><T99/><D64/><U133/><E133/><V114/><F114/><W98/><G33/><T39/><D71/><U134/><E134/><V1/><F1/><W12/><G12/><T10/><D10/><U13/><E13/><V111/><F111/><W22/><G94/><T118/><D118/><U128/><E128/><V96/><F95/><W40/><G40/><T18/><D80/><U5/><AGARI ba="2,1" hai="5,9,15,44,46,47,63,67,68,82,83,84,91,92" machi="5" ten="30,12000,2" yaku="1,1,0,1,52,1,53,3" doraHai="8" doraHaiUra="41" who="1" fromWho="1" sc="398,-62,92,136,265,-32,235,-32" /><INIT seed="1,0,0,3,1,119" ten="336,228,233,203" oya="1" hai0="27,16,95,61,41,67,46,7,110,100,28,8,37" hai1="86,22,94,109,115,60,129,79,55,71,106,125,87" hai2="69,26,134,15,96,89,64,133,82,51,65,32,107" hai3="124,88,45,103,62,52,66,6,2,85,21,5,97"/><U116/><E106/><V112/><F112/><W49/><G124/><T30/><D110/><U117/><E115/><V68/><F51/><W130/><G130/><T122/><D122/><U31/><E125/><V77/><F15/><W105/><G21/><T118/><D118/><U72/><E129/><V43/><F43/><W34/><G34/><T128/><D128/><U135/><E109/><V44/><F44/><W14/><G14/><T58/><D100/><U92/><E135/><N who="2" m="51723" /><F26/><W36/><G36/><T48/><D95/><U132/><E132/><V98/><F32/><W12/><G12/><T23/><REACH who="0" step="1"/><D37/><REACH who="0" ten="326,228,233,203" step="2"/><U4/><E94/><N who="2" m="56399" /><F107/><W25/><G2/><AGARI ba="0,1" hai="2,7,8,16,23,27,28,30,41,46,48,58,61,67" machi="2" ten="30,3900,0" yaku="1,1,7,1,54,1,53,0" doraHai="119" doraHaiUra="9" who="0" fromWho="3" sc="326,49,228,0,233,0,203,-39" /><INIT seed="2,0,0,1,4,63" ten="375,228,233,164" oya="2" hai0="130,118,7,34,90,14,82,17,69,52,27,117,120" hai1="31,61,132,47,25,128,4,8,93,36,131,73,30" hai2="81,127,88,74,91,67,83,92,99,43,9,39,89" hai3="22,13,5,113,133,72,26,115,65,111,100,134,112"/><V75/><F39/><W97/><G72/><N who="2" m="27689" /><F43/><W85/><G85/><T46/><D120/><U125/><E73/><V33/><F33/><W105/><G111/><T11/><D69/><U35/><E31/><V77/><F67/><W121/><G121/><T48/><D130/><U58/><E47/><V87/><F9/><W119/><G119/><N who="0" m="45579" /><D34/><U114/><E36/><V122/><F122/><W60/><G13/><T20/><D82/><U41/><E41/><V10/><F10/><W123/><G5/><T104/><D90/><N who="2" m="34922" /><F127/><W1/><G1/><T76/><D76/><U95/><E8/><V126/><F126/><W79/><G79/><T6/><D104/><U49/><E125/><V28/><F28/><AGARI ba="0,0" hai="6,7,11,14,17,20,27,28,46,48,52" m="45579" machi="28" ten="30,2000,0" yaku="12,1,54,1" doraHai="63" who="0" fromWho="2" sc="375,20,228,0,233,-20,164,0" /><INIT seed="3,0,0,2,0,124" ten="395,228,213,164" oya="3" hai0="105,5,46,43,81,119,19,87,54,94,71,111,90" hai1="134,37,112,4,104,133,6,118,78,88,72,70,83" hai2="22,25,8,31,11,102,18,66,21,57,80,79,131" hai3="101,33,122,23,61,109,24,125,73,64,55,30,13"/><W34/><G122/><T50/><D119/><U98/><E37/><V110/><F110/><W65/><G73/><T63/><D105/><U0/><E70/><V10/><F131/><W49/><G125/><T44/><D111/><U17/><E17/><V120/><F120/><W135/><G109/><T38/><D5/><U107/><E118/><V7/><F102/><W42/><G135/><N who="1" m="51722" /><E112/><V35/><F66/><W20/><G101/><T56/><D19/><U91/><E0/><V28/><F57/><N who="3" m="35007" /><G33/><T26/><D26/><U62/><E62/><V121/><F121/><W84/><G34/><T16/><D16/><U47/><E47/><V32/><F80/><W132/><G132/><T130/><D130/><U41/><E41/><V93/><F93/><W100/><G100/><T52/><D71/><U129/><E129/><V89/><F89/><N who="1" m="34377" /><E98/><V77/><F77/><W60/><G60/><T96/><D96/><U14/><E14/><V59/><F59/><W29/><G13/><T75/><D75/><U69/><E69/><V15/><F79/><W103/><G103/><T36/><D36/><U67/><E67/><V85/><F85/><W1/><G84/><T74/><D74/><U51/><E51/><V106/><F106/><AGARI ba="0,0" hai="4,6,72,78,83,104,106,107" m="34377,51722" machi="106" ten="30,2000,0" yaku="20,1,54,1" doraHai="124" who="1" fromWho="2" sc="395,0,228,20,213,-20,164,0" /><INIT seed="4,0,0,5,3,13" ten="395,248,193,164" oya="0" hai0="129,0,99,25,15,113,4,109,31,60,98,49,17" hai1="53,102,90,3,2,59,128,117,83,12,54,133,67" hai2="79,73,87,74,72,61,62,116,126,70,107,77,33" hai3="119,47,63,100,122,131,28,39,52,82,80,40,38"/><T37/><D113/><U93/><E117/><V7/><F126/><W118/><G122/><T32/><D37/><U20/><E67/><V69/><F116/><W96/><G131/><T9/><D129/><U76/><E102/><V1/><F87/><W68/><G39/><T5/><D109/><U50/><E133/><V42/><F42/><W94/><G28/><T30/><D30/><U71/><E71/><N who="2" m="27147" /><F33/><W130/><G130/><T18/><D4/><U127/><E54/><V43/><F43/><W19/><G82/><T123/><D123/><U44/><E44/><V21/><F21/><W22/><G80/><T121/><D121/><U89/><E89/><V81/><F81/><W97/><G97/><T11/><D60/><N who="2" m="23146" /><F107/><W84/><G84/><T35/><D35/><U64/><E64/><V58/><F58/><W124/><G124/><T34/><D34/><U23/><E23/><V105/><F105/><W57/><REACH who="3" step="1"/><G68/><REACH who="3" ten="395,248,193,154" step="2"/><T14/><D99/><N who="1" m="57783" /><E83/><V104/><F74/><W120/><G120/><T112/><D98/><U115/><E127/><V55/><F73/><W132/><G132/><T27/><D31/><U111/><E128/><V46/><F72/><W6/><G6/><T45/><D5/><U24/><E111/><V26/><F7/><W75/><G75/><T29/><D29/><U56/><E2/><V88/><F1/><W8/><G8/><T95/><D11/><U114/><E3/><V110/><F110/><W108/><G108/><T16/><D0/><U103/><E76/><V51/><F79/><W85/><G85/><T65/><D9/><U135/><E135/><RYUUKYOKU ba="0,1" sc="395,-10,248,-10,193,-10,154,30" hai3="19,22,38,40,47,52,57,63,94,96,100,118,119" /><INIT seed="5,1,1,5,5,4" ten="385,238,183,184" oya="1" hai0="110,41,57,39,34,22,103,30,121,47,5,75,104" hai1="16,9,112,72,101,91,92,70,25,0,80,60,81" hai2="17,118,82,125,59,18,102,77,37,96,123,53,83" hai3="38,78,50,62,1,119,7,8,100,56,97,95,11"/><U116/><E116/><V65/><F125/><W68/><G38/><T71/><D71/><U45/><E101/><V54/><F118/><W64/><G119/><T99/><D110/><U74/><E81/><V40/><F123/><W84/><G1/><T31/><D34/><U29/><E45/><V129/><F129/><W88/><G7/><T33/><D33/><U132/><E80/><V24/><F37/><W32/><G32/><T76/><D121/><U52/><E0/><V2/><F2/><W111/><G111/><T42/><D42/><U133/><E112/><V90/><F40/><W14/><G14/><T3/><D22/><N who="1" m="15543" /><E70/><V128/><F128/><W135/><G135/><T26/><D26/><U127/><E127/><V126/><F126/><W114/><G78/><T117/><D57/><N who="1" m="34855" /><E91/><V48/><F90/><W79/><G114/><T87/><D117/><U93/><E74/><V98/><F82/><W20/><G79/><T89/><D89/><U67/><E72/><V63/><F102/><W113/><G113/><T19/><D47/><U115/><E67/><V69/><F65/><W105/><REACH who="3" step="1"/><G20/><REACH who="3" ten="385,238,183,174" step="2"/><T51/><D76/><U36/><E36/><V130/><F77/><W131/><G131/><T28/><D39/><U134/><E115/><V43/><F130/><W120/><G120/><T12/><D75/><U55/><E134/><V106/><F24/><W35/><G35/><T6/><D3/><U27/><E133/><V46/><F106/><W109/><G109/><T94/><D104/><U108/><E132/><V15/><F15/><W107/><G107/><T66/><D12/><RYUUKYOKU ba="1,2" sc="385,-10,238,-10,183,-10,174,30" hai3="8,11,50,56,62,64,68,84,88,95,97,100,105" /><INIT seed="6,2,2,0,3,99" ten="375,228,173,204" oya="2" hai0="70,66,72,44,100,11,75,18,36,45,3,33,124" hai1="5,62,54,60,0,113,114,13,83,22,88,4,31" hai2="89,86,78,67,110,92,10,56,90,25,95,48,2" hai3="134,133,97,65,77,74,35,30,119,26,64,57,27"/><V1/><F110/><W50/><G119/><T47/><D33/><U76/><E0/><V55/><F78/><W34/><G97/><T101/><D36/><U43/><E43/><V7/><F67/><W135/><G77/><T14/><D3/><U39/><E39/><V42/><F42/><W59/><G74/><T127/><D66/><N who="3" m="25705" /><G50/><T24/><D24/><N who="3" m="9257" /><G30/><T15/><D15/><U46/><E13/><V112/><F112/><W73/><G73/><N who="0" m="28235" /><D70/><U129/><E31/><V20/><F2/><W6/><G6/><T81/><D81/><U9/><E83/><V103/><F103/><W123/><G123/><T19/><D19/><U23/><E4/><V79/><F79/><W106/><G106/><T98/><D98/><U120/><E5/><V21/><F25/><W28/><G28/><T12/><D12/><U91/><E76/><V125/><F125/><AGARI ba="2,2" hai="11,14,18,44,45,47,100,101,124,125,127" m="28235" machi="125" ten="40,5200,0" yaku="18,1,52,2" doraHai="99" who="0" fromWho="2" sc="375,78,228,0,173,-58,204,0" /><INIT seed="7,0,0,0,2,48" ten="453,228,115,204" oya="3" hai0="15,108,38,33,118,5,57,117,74,54,31,30,18" hai1="102,72,99,111,107,120,20,93,125,78,81,49,44" hai2="22,65,28,70,47,115,17,122,46,71,89,10,55" hai3="12,14,79,62,75,92,23,69,97,90,68,6,40"/><W45/><G6/><T2/><D54/><U114/><E111/><V84/><F115/><W73/><G79/><T82/><D57/><U59/><E120/><V86/><F122/><W52/><G69/><T127/><D18/><U132/><E59/><V24/><F70/><W11/><G73/><T91/><D15/><U131/><E114/><V80/><F71/><W56/><G75/><T87/><D91/><U128/><E132/><V43/><F65/><W9/><G68/><T67/><D87/><U95/><E20/><V94/><F43/><W32/><G32/><T135/><D67/><U103/><E125/><V25/><F25/><W8/><REACH who="3" step="1"/><G23/><REACH who="3" ten="453,228,115,194" step="2"/><T121/><D74/><U53/><E103/><V51/><F47/><W129/><G129/><AGARI ba="0,1" hai="44,49,53,72,78,81,93,95,99,102,107,128,129,131" machi="129" ten="40,2600,0" yaku="19,1,52,1" doraHai="48" who="1" fromWho="3" sc="453,0,228,36,115,0,194,-26" owari="453,55.0,264,6.0,115,-38.0,168,-23.0" /></mjloggm>