<mjloggm ver="2.3"><GO type="169" lobby="0"/><UN n0="%73%70%6F%69%6C%65%64" n1="%6E%69%6A%69" n2="%28%3E%CF%89%3C%2A%29" n3="%EF%BC%88%E2%89%A7%E2%96%BD%E2%89%A6%EF%BC%89" dan="17,16,16,18" rate="2124.44,2069.29,2173.93,2253.15" sx="M,M,F,M"/><TAIKYOKU oya="0"/><INIT seed="0,0,0,5,2,59" ten="250,250,250,250" oya="0" hai0="17,85,37,24,15,132,123,134,82,108,30,80,33" hai1="23,6,48,106,119,92,54,87,93,110,29,1,120" hai2="60,74,112,39,75,20,131,8,50,126,19,26,9" hai3="36,101,41,58,52,103,18,64,89,81,12,56,91"/><T79/><D123/><U115/><E106/><V102/><F39/><W31/><G31/><T27/><D37/><U111/><E120/><V99/><F112/><W94/><G36/><T86/><D27/><U88/><E119/><V65/><F131/><W104/><G41/><T47/><D47/><U96/><E115/><V95/><F126/><W61/><G81/><T62/><D108/><N who="1" m="41515" /><E6/><V78/><F50/><N who="3" m="30743" /><G104/><T130/><D130/><U13/><E1/><V40/><F40/><W10/><G91/><T121/><D121/><U55/><E48/><V77/><F74/><W46/><G46/><T69/><D69/><U107/><E107/><V7/><F75/><W63/><G63/><T114/><D62/><U71/><E71/><V14/><REACH who="2" step="1"/><F8/><REACH who="2" ten="250,250,240,250" step="2"/><W129/><G129/><T68/><D114/><U124/><E124/><V0/><F0/><W57/><G57/><AGARI ba="0,1" hai="7,9,14,19,20,26,57,60,65,77,78,95,99,102" machi="57" ten="30,7700,0" yaku="1,1,7,1,8,1,52,1,53,0" doraHai="59" doraHaiUra="51" who="2" fromWho="3" sc="250,0,250,0,240,87,250,-77" /><INIT seed="1,0,0,3,4,128" ten="250,250,327,173" oya="1" hai0="49,51,62,23,135,22,13,47,16,43,117,27,17" hai1="24,31,100,1,32,45,59,133,52,57,4,91,56" hai2="7,40,110,50,15,29,84,107,88,78,82,111,71" hai3="69,74,101,33,63,73,92,70,77,114,37,93,106"/><U67/><E67/><V96/><F71/><W2/><G114/><T46/><D117/><U113/><E113/><V60/><F60/><W55/><G37/><T58/><D135/><U42/><E100/><N who="2" m="62855" /><F29/><W86/><G2/><T79/><D79/><U72/><E72/><N who="2" m="43335" /><F50/><W130/><G33/><T11/><D11/><U103/><E133/><V87/><F40/><W5/><G5/><T85/><D85/><U26/><E26/><V18/><F7/><W112/><G112/><T123/><D123/><U76/><E4/><V8/><F87/><W14/><G14/><T19/><D19/><U54/><E1/><V64/><F64/><W66/><G70/><T118/><D118/><U34/><E34/><V97/><F97/><N who="3" m="61743" /><G55/><T39/><REACH who="0" step="1"/><D46/><REACH who="0" ten="240,250,327,173" step="2"/><U3/><E45/><V125/><F125/><W120/><G120/><T105/><D105/><U90/><E31/><V99/><F18/><W65/><G74/><T104/><D104/><U102/><E54/><AGARI ba="0,1" hai="13,16,17,22,23,27,39,43,47,49,51,54,58,62" machi="54" ten="30,7700,0" yaku="1,1,7,1,54,1,53,1" doraHai="128" doraHaiUra="41" who="0" fromWho="1" sc="240,87,250,-77,327,0,173,0" /><INIT seed="2,0,0,2,3,118" ten="327,173,327,173" oya="2" hai0="2,73,112,105,119,19,104,48,101,4,56,3,42" hai1="71,77,109,22,130,98,45,111,127,50,18,34,99" hai2="103,107,128,110,87,17,26,66,67,114,115,121,12" hai3="31,83,20,10,43,82,86,9,70,60,15,14,47"/><V78/><F121/><W54/><G70/><T7/><D112/><U65/><E34/><V38/><F38/><W35/><G35/><T94/><D73/><U5/><E5/><V16/><F107/><W92/><G92/><T75/><D75/><U55/><E77/><V100/><F114/><W84/><G60/><T122/><D119/><U108/><E127/><V1/><F1/><W117/><G54/><T76/><D76/><U25/><REACH who="1" step="1"/><E130/><REACH who="1" ten="327,163,327,173" step="2"/><V21/><F128/><W49/><G117/><T74/><D4/><U33/><E33/><V72/><F115/><W41/><G20/><T58/><D7/><U40/><E40/><V13/><F72/><W106/><G41/><T126/><D42/><U0/><E0/><V80/><F110/><W63/><G43/><T135/><D2/><U24/><E24/><V28/><F26/><W125/><G125/><T131/><D3/><U46/><E46/><V59/><F28/><W30/><G47/><T44/><D126/><U93/><E93/><V37/><F37/><W81/><G81/><T52/><D131/><U29/><E29/><V39/><F39/><W79/><G79/><T90/><D94/><U62/><AGARI ba="0,1" hai="18,22,25,45,50,55,62,65,71,98,99,108,109,111" machi="62" ten="40,5200,0" yaku="1,1,0,1,14,1,53,0" doraHai="118" doraHaiUra="116" who="1" fromWho="1" sc="327,-13,163,62,327,-26,173,-13" /><INIT seed="3,0,0,0,3,88" ten="314,225,301,160" oya="3" hai0="85,98,93,60,44,108,59,112,79,54,77,122,103" hai1="7,20,70,87,134,95,96,94,9,71,35,36,120" hai2="117,27,15,11,80,78,123,26,84,48,2,47,90" hai3="114,121,46,39,97,14,40,28,3,135,0,69,126"/><W49/><G121/><T6/><D122/><U57/><E35/><V62/><F117/><W50/><G114/><T92/><D112/><U8/><E36/><V66/><F2/><W31/><G69/><T131/><D131/><U53/><E120/><V1/><F1/><W25/><G135/><T12/><D108/><U23/><E134/><V73/><F123/><W13/><G126/><T16/><D6/><U83/><E70/><V5/><F62/><W61/><G61/><T63/><D63/><U109/><E71/><V125/><F66/><W56/><G39/><T99/><D85/><U58/><E109/><V68/><F68/><W74/><G74/><T100/><D44/><U4/><E87/><V86/><F73/><W91/><G3/><T42/><D42/><U116/><E83/><V51/><F51/><W32/><G0/><T30/><D30/><N who="3" m="11305" /><G25/><T104/><D104/><U81/><E81/><N who="2" m="49487" /><F125/><W43/><G32/><T24/><D24/><U72/><E72/><V130/><F130/><W19/><G43/><AGARI ba="0,0" hai="5,11,15,26,27,43,47,48,78,80,84" m="49487" machi="43" ten="30,2000,0" yaku="25,1,8,1" doraHai="88" who="2" fromWho="3" sc="314,0,225,0,301,20,160,-20" /><INIT seed="4,0,0,1,5,21" ten="314,225,321,140" oya="0" hai0="71,43,106,68,110,46,118,1,58,132,57,75,66" hai1="36,102,76,22,67,113,103,48,47,116,73,115,99" hai2="98,92,123,124,33,127,96,108,128,94,85,41,69" hai3="39,12,97,80,72,24,63,121,135,95,20,86,32"/><T0/><D118/><U56/><E36/><V30/><F69/><W16/><G39/><T59/><D106/><U35/><E35/><V51/><F85/><W9/><G121/><T109/><D75/><U49/><E116/><V28/><F108/><N who="0" m="41578" /><D132/><U82/><E48/><V83/><F83/><W54/><G72/><T38/><D66/><U5/><E5/><V89/><F128/><W37/><G37/><T18/><D18/><U29/><E99/><V31/><F33/><W84/><G32/><T77/><D77/><U131/><E131/><V25/><F51/><W112/><G112/><N who="1" m="43082" /><E56/><V4/><F41/><W111/><G111/><T19/><D19/><U26/><E67/><V74/><F4/><N who="3" m="3111" /><G80/><T8/><D8/><U81/><E82/><V61/><F74/><W125/><G125/><T14/><D14/><U45/><E45/><V107/><F107/><W79/><G79/><T13/><D13/><U122/><E122/><V100/><F123/><W23/><G135/><T105/><D105/><U90/><E90/><V119/><F119/><W6/><G6/><T88/><D88/><U40/><AGARI ba="0,0" hai="22,26,29,40,47,49,73,76,81,102,103" m="43082" machi="40" ten="30,4000,0" yaku="15,1,11,1,52,1" doraHai="21" who="1" fromWho="1" sc="314,-20,225,40,321,-10,140,-10" /><INIT seed="5,0,0,2,2,70" ten="294,265,311,130" oya="1" hai0="72,105,135,58,118,97,23,107,49,29,77,63,34" hai1="51,68,60,104,19,28,20,94,112,45,36,40,128" hai2="30,108,122,127,64,103,9,13,111,38,71,22,116" hai3="10,15,88,132,123,133,55,26,42,73,95,47,59"/><U121/><E104/><V39/><F103/><W66/><G73/><T62/><D118/><U4/><E121/><V35/><F22/><W101/><G123/><T3/><D3/><U0/><E28/><V25/><F122/><W14/><G101/><T115/><D34/><U17/><E112/><V124/><F116/><W32/><G66/><T37/><D115/><U67/><E128/><V113/><F113/><W12/><G10/><T48/><D135/><U57/><E94/><V54/><F54/><W82/><G82/><T106/><D97/><U78/><E78/><V1/><F64/><W75/><G75/><T56/><D77/><U69/><E20/><V89/><F89/><W31/><G59/><T120/><D72/><U90/><E90/><V80/><F80/><W109/><G55/><T100/><D100/><U7/><E69/><V102/><F71/><W41/><G109/><N who="2" m="42057" /><F102/><W86/><REACH who="3" step="1"/><G41/><REACH who="3" ten="294,265,311,120" step="2"/><T114/><D120/><U16/><E0/><V61/><F1/><W24/><G24/><T27/><D114/><U21/><E21/><V33/><F33/><W5/><G5/><T8/><D8/><U18/><N who="1" m="4096" /><DORA hai="44" /><U46/><REACH who="1" step="1"/><E68/><REACH who="1" ten="294,255,311,120" step="2"/><V84/><F35/><W53/><G53/><AGARI ba="0,2" hai="4,7,36,40,45,46,51,53,57,60,67" m="4096" machi="53" ten="50,12000,1" yaku="1,1,2,1,52,2,54,1,53,0" doraHai="70,44" doraHaiUra="83,129" who="1" fromWho="3" sc="294,0,255,140,311,0,120,-120" /><INIT seed="5,1,0,4,5,101" ten="294,395,311,0" oya="1" hai0="45,86,20,115,67,132,63,14,135,27,10,87,85" hai1="128,131,65,116,133,15,73,41,22,4,103,19,66" hai2="94,121,53,129,40,55,1,79,62,69,3,50,118" hai3="98,8,70,35,47,6,13,105,106,126,51,134,60"/><U77/><E116/><V97/><F118/><W7/><G35/><T56/><D45/><U58/><E133/><V43/><F121/><W32/><G32/><T96/><D115/><U122/><E122/><V31/><F31/><W25/><G134/><T84/><N who="0" m="22016" /><DORA hai="112" /><T102/><D14/><U125/><E125/><V38/><F79/><W24/><G126/><T21/><D10/><U29/><E29/><V68/><F94/><W92/><G6/><T23/><REACH who="0" step="1"/><D27/><REACH who="0" ten="284,395,311,0" step="2"/><N who="1" m="14815" /><E128/><V46/><F97/><W30/><G70/><N who="2" m="27241" /><F3/><W76/><G76/><T81/><D81/><U71/><E131/><V28/><F129/><W39/><G39/><T78/><D78/><U16/><E77/><V48/><F28/><W18/><G7/><T107/><AGARI ba="1,1" hai="20,21,23,56,63,67,96,102,107,132,135" m="22016" machi="107" ten="50,6400,0" yaku="1,1,0,1,52,1,53,0" doraHai="101,112" doraHaiUra="114,72" who="0" fromWho="0" sc="284,77,395,-33,311,-17,0,-17" owari="361,16.0,362,47.0,294,-11.0,-17,-52.0" /></mjloggm>