<mjloggm ver="2.3"><GO type="169" lobby="0"/><UN n0="%EF%BC%88%E2%89%A7%E2%96%BD%E2%89%A6%EF%BC%89" n1="%E5%BB%89%E5%A4%AA%E9%83%8E" n2="%E5%9F%BA%E7%A4%8E%E8%AB%96" n3="%E3%82%A2%E3%83%8B%E3%82%AA%E3%83%B3" dan="17,17,16,17" rate="2192.44,2089.30,2134.82,2128.91" sx="M,M,M,F"/><TAIKYOKU oya="0"/><INIT seed="0,0,0,5,5,44" ten="250,250,250,250" oya="0" hai0="85,92,118,84,108,7,122,52,53,27,56,109,93" hai1="42,88,76,119,24,66,98,128,120,133,113,102,19" hai2="17,0,5,94,49,39,28,3,14,51,32,130,67" hai3="37,79,87,126,46,63,50,127,107,68,81,21,117"/><T33/><D122/><U55/><E120/><V62/><F39/><W111/><G117/><T15/><D118/><U96/><E119/><V22/><F130/><W71/><G107/><T31/><D7/><U91/><E128/><V101/><F32/><W134/><G37/><T80/><D15/><U47/><E133/><V115/><F115/><W95/><G134/><T64/><D64/><U131/><E76/><V112/><F112/><W105/><G105/><T4/><D4/><U30/><E131/><V10/><F0/><W82/><G111/><N who="0" m="42571" /><D53/><U6/><E55/><V29/><F101/><W57/><G21/><T104/><D104/><U34/><E6/><V70/><REACH who="2" step="1"/><F94/><REACH who="2" ten="250,250,240,250" step="2"/><N who="0" m="36458" /><D80/><U43/><E113/><V65/><F65/><W97/><G81/><T86/><D86/><U48/><E66/><V129/><F129/><W40/><G95/><T132/><D132/><U1/><E1/><V16/><F16/><W74/><G87/><T77/><D77/><U123/><E123/><V11/><F11/><W36/><G97/><T99/><D99/><U114/><E96/><V69/><F69/><W90/><G71/><T116/><D116/><U110/><E114/><V73/><F73/><W45/><G68/><T35/><D33/><U72/><E72/><V2/><F2/><W18/><G18/><T58/><D58/><U41/><E98/><V61/><F61/><AGARI ba="0,1" hai="27,31,35,52,56,61,84,85" m="36458,42571" machi="61" ten="30,5800,0" yaku="14,1,10,1,54,1" doraHai="44" who="0" fromWho="2" sc="250,68,250,0,240,-58,250,0" /><INIT seed="0,1,0,5,1,73" ten="318,250,182,250" oya="0" hai0="134,59,88,116,70,135,22,82,104,79,45,80,50" hai1="103,122,127,108,86,96,38,48,35,19,92,31,46" hai2="34,95,84,131,52,23,51,1,69,106,115,105,41" hai3="94,133,97,6,114,0,100,32,64,12,14,67,24"/><T3/><D70/><U93/><E122/><V78/><F115/><W101/><G114/><T90/><D104/><U113/><E38/><V29/><F1/><W85/><G133/><N who="0" m="50699" /><D116/><U9/><E113/><V125/><F69/><W36/><G36/><T5/><D59/><U107/><E108/><V54/><F34/><W16/><G85/><N who="0" m="48287" /><D22/><U55/><E127/><V20/><F125/><W91/><G0/><T13/><D13/><N who="3" m="5225" /><G32/><T98/><D98/><U44/><E96/><V56/><F105/><W8/><G6/><T66/><D66/><N who="3" m="25129" /><G8/><N who="0" m="2111" /><D82/><U60/><E107/><V42/><F106/><W26/><G26/><T99/><D99/><U15/><E35/><V130/><F20/><AGARI ba="1,0" hai="16,20,24,91,94,97,100,101" m="25129,5225" machi="20" ten="30,2000,0" yaku="8,1,54,1" doraHai="73" who="3" fromWho="2" sc="318,0,250,0,182,-23,250,23" /><INIT seed="1,0,0,0,3,109" ten="318,250,159,273" oya="1" hai0="27,36,45,82,15,3,121,63,10,58,108,69,77" hai1="114,120,31,83,126,129,55,65,122,101,67,14,26" hai2="86,79,34,7,12,80,85,130,1,44,111,106,51" hai3="21,5,70,89,93,104,134,25,20,116,22,9,53"/><U81/><E126/><V128/><F111/><W76/><G70/><T84/><D108/><U133/><E129/><V23/><F106/><W105/><G116/><T117/><D117/><U2/><E2/><V74/><F34/><W32/><G134/><T132/><D3/><U28/><E133/><V96/><F1/><W98/><G76/><T11/><D69/><U102/><E14/><V135/><F96/><W41/><G41/><T91/><D132/><U0/><E0/><V99/><F99/><W13/><G32/><T18/><D121/><U54/><REACH who="1" step="1"/><E26/><REACH who="1" ten="318,240,159,273" step="2"/><V64/><F135/><W6/><G13/><T43/><D27/><U90/><E90/><V46/><F128/><W87/><G25/><T78/><D10/><U125/><E125/><V115/><F130/><W8/><G9/><T112/><D112/><AGARI ba="0,1" hai="28,31,54,55,65,67,81,83,101,102,112,114,120,122" machi="112" ten="25,18000,2" yaku="1,1,22,2,52,2,53,2" doraHai="109" doraHaiUra="50" who="1" fromWho="0" sc="318,-180,240,190,159,0,273,0" /><INIT seed="1,1,0,4,5,44" ten="138,430,159,273" oya="1" hai0="38,76,50,18,123,0,32,110,65,54,72,25,78" hai1="85,124,131,3,116,135,91,114,68,13,24,128,14" hai2="6,122,10,53,46,37,109,2,40,27,36,69,47" hai3="61,121,75,86,132,7,56,133,70,134,119,29,21"/><U19/><E3/><V16/><F122/><W99/><G75/><T129/><D38/><U31/><E116/><V49/><F69/><W11/><G121/><T64/><D123/><U107/><E114/><V77/><F109/><W4/><G119/><T52/><D110/><U20/><E68/><V35/><F77/><N who="0" m="29802" /><D72/><U93/><E107/><V45/><F35/><W112/><G70/><T106/><D106/><U57/><E135/><V55/><F37/><W95/><G86/><T42/><D32/><U130/><E124/><V83/><F83/><W105/><G105/><T12/><D0/><U88/><E31/><V82/><F82/><W103/><G112/><T62/><D25/><U63/><E91/><V96/><F96/><W67/><G11/><N who="0" m="6431" /><D129/><U17/><E17/><V102/><F102/><W73/><G73/><T60/><D42/><U111/><E111/><V92/><F92/><W8/><G8/><T98/><D98/><U43/><E43/><V89/><F89/><W48/><G48/><T9/><D9/><U5/><E5/><V90/><F90/><W71/><G71/><T120/><D120/><U22/><E22/><V33/><F33/><W51/><G51/><T58/><D62/><U26/><E26/><AGARI ba="1,0" hai="4,7,21,26,29,56,61,67,95,99,103,132,133,134" machi="26" ten="40,5200,0" yaku="25,2,20,1" doraHai="44" who="3" fromWho="1" sc="138,0,430,-55,159,0,273,55" /><INIT seed="2,0,0,4,4,17" ten="138,375,159,328" oya="2" hai0="90,32,100,101,60,103,45,66,120,129,11,126,37" hai1="5,64,55,25,96,18,6,56,41,26,91,108,99" hai2="135,21,16,115,58,63,98,22,0,130,113,85,80" hai3="51,119,42,110,31,69,93,81,50,35,84,4,27"/><V68/><F68/><W20/><G119/><T127/><D32/><U34/><E34/><V128/><F0/><W28/><G69/><T121/><D11/><U74/><E74/><V112/><F135/><W67/><G93/><T107/><D107/><U75/><E75/><V104/><F104/><W124/><G124/><N who="0" m="47659" /><D129/><N who="2" m="49770" /><F98/><W10/><G110/><T102/><D90/><U105/><E105/><V38/><F38/><W89/><G67/><T76/><D76/><U53/><E64/><N who="2" m="39031" /><F16/><N who="3" m="12679" /><G35/><T46/><D103/><U62/><E99/><V23/><F115/><W43/><G10/><T116/><D116/><U52/><E96/><V71/><F71/><W39/><G4/><T117/><D117/><U131/><E6/><V87/><F87/><W7/><G7/><T24/><D37/><U133/><E5/><V48/><F48/><N who="3" m="18475" /><G39/><T54/><D66/><U15/><E133/><V29/><F29/><AGARI ba="0,0" hai="28,29,31,42,43,81,84,89" m="18475,12679" machi="29" ten="30,3900,0" yaku="8,1,52,1,54,1" doraHai="17" who="3" fromWho="2" sc="138,0,375,0,159,-39,328,39" /><INIT seed="3,0,0,2,5,6" ten="138,375,120,367" oya="3" hai0="105,12,80,34,133,130,103,21,45,14,95,10,121" hai1="51,28,20,1,134,43,53,70,54,66,132,7,39" hai2="89,42,78,118,63,107,47,92,98,50,129,40,24" hai3="111,135,27,68,106,73,59,91,112,38,18,104,83"/><W35/><G68/><T102/><D34/><U41/><E39/><V26/><F118/><W11/><G38/><T108/><D121/><U114/><E114/><V110/><F110/><W75/><G112/><T52/><D105/><U125/><E70/><V56/><F129/><W81/><G135/><N who="1" m="51754" /><E66/><V64/><F107/><W29/><G111/><T122/><D122/><U4/><E125/><V15/><F42/><N who="1" m="15881" /><E1/><V85/><REACH who="2" step="1"/><F15/><REACH who="2" ten="138,375,110,367" step="2"/><W3/><G106/><T87/><D14/><U5/><E51/><V90/><F90/><W67/><G91/><T61/><D108/><U44/><E44/><V99/><F99/><W65/><G104/><T88/><D45/><U19/><E28/><V74/><F74/><W57/><G73/><T96/><D130/><U9/><E53/><V46/><F46/><W100/><G75/><T16/><D133/><U84/><E54/><V25/><F25/><W58/><G27/><T131/><D131/><U71/><E84/><V32/><F32/><W60/><G29/><T0/><D0/><N who="1" m="135" /><E71/><V119/><F119/><W22/><G35/><T113/><D113/><U48/><E48/><V62/><F62/><W128/><G60/><T93/><D61/><U117/><E117/><V31/><F31/><W30/><G3/><T72/><D52/><U94/><E94/><V69/><F69/><W49/><G30/><T127/><D72/><U120/><E120/><V101/><F101/><N who="0" m="38410" /><D127/><U115/><E115/><V13/><F13/><AGARI ba="0,1" hai="5,7,13,19,20" m="135,15881,51754" machi="13" ten="30,2000,0" yaku="20,1,52,1" doraHai="6" who="1" fromWho="2" sc="138,0,375,30,110,-20,367,0" /><INIT seed="4,0,0,3,0,96" ten="138,405,90,367" oya="0" hai0="80,68,38,15,59,106,76,91,114,52,69,108,130" hai1="102,26,66,82,86,51,90,58,111,46,87,109,2" hai2="55,124,45,47,85,35,70,29,129,89,56,5,127" hai3="115,9,110,39,53,118,62,75,33,94,1,22,84"/><T98/><D38/><U41/><E2/><V78/><F70/><W19/><G118/><T116/><D116/><U83/><E26/><V119/><F119/><W57/><G75/><T18/><D114/><U131/><E131/><V3/><F129/><W11/><G39/><T28/><D28/><U50/><E102/><V135/><F78/><W48/><G115/><T44/><D44/><U13/><E13/><V120/><F120/><W93/><G110/><T20/><D108/><U17/><E17/><V43/><F29/><W132/><G132/><T128/><D91/><U27/><E27/><V122/><F35/><W32/><G33/><T21/><D21/><U105/><E105/><V65/><F122/><W40/><G32/><T113/><D113/><U72/><E72/><V54/><F135/><W67/><G1/><T0/><D0/><U117/><E117/><V88/><F3/><W49/><G40/><T77/><D106/><U121/><E121/><V60/><F5/><W23/><G23/><T14/><D14/><U25/><E25/><V112/><F112/><W123/><G123/><T95/><D128/><U30/><E30/><V92/><F89/><N who="3" m="53415" /><G94/><T31/><D130/><U97/><E109/><V101/><F101/><W12/><G49/><N who="0" m="31119" /><D31/><U81/><E50/><N who="2" m="26943" /><F47/><AGARI ba="0,0" hai="9,11,12,19,22,47,48,53,57,62,67" m="53415" machi="47" ten="30,1000,0" yaku="8,1" doraHai="96" who="3" fromWho="2" sc="138,0,405,0,90,-10,367,10" /><INIT seed="5,0,0,4,1,84" ten="138,405,80,377" oya="1" hai0="125,70,86,2,26,22,21,129,76,85,56,82,78" hai1="131,69,18,11,35,30,92,108,93,14,6,97,111" hai2="114,41,120,109,96,87,58,64,116,123,90,17,127" hai3="94,130,1,32,29,68,49,83,40,119,20,50,73"/><U88/><E69/><V36/><F116/><W39/><G68/><T51/><D2/><U134/><E131/><V55/><F109/><N who="1" m="42057" /><E134/><V103/><F64/><W42/><G1/><T126/><D70/><U37/><E37/><V44/><F17/><W75/><G32/><T102/><D102/><U118/><E118/><V121/><F127/><N who="0" m="48650" /><D129/><U3/><E92/><V5/><F5/><W53/><G130/><T101/><D101/><U99/><E99/><V135/><F135/><W19/><G119/><T110/><D110/><U104/><E104/><V8/><F8/><W132/><G132/><T46/><D56/><U59/><E59/><V98/><F114/><W38/><G94/><T74/><D78/><U122/><E122/><V112/><F112/><W10/><G39/><T106/><D106/><U113/><E113/><V63/><REACH who="2" step="1"/><F103/><REACH who="2" ten="138,405,70,377" step="2"/><W117/><G117/><T48/><D26/><N who="1" m="18903" /><E3/><V27/><F27/><W66/><G66/><T128/><D128/><U79/><E79/><V81/><AGARI ba="0,1" hai="36,41,44,55,58,63,81,87,90,96,98,120,121,123" machi="81" ten="30,7900,0" yaku="1,1,0,1,52,1,53,1" doraHai="84" doraHaiUra="43" who="2" fromWho="2" sc="138,-20,405,-39,70,89,377,-20" /><INIT seed="6,0,0,1,5,8" ten="118,366,159,357" oya="2" hai0="1,93,131,106,105,126,87,45,101,85,115,133,82" hai1="43,55,75,122,63,15,20,47,86,40,7,29,60" hai2="116,30,57,6,61,49,16,44,98,117,11,73,33" hai3="102,42,50,37,31,88,123,97,104,83,103,65,36"/><V112/><F73/><W94/><G123/><T41/><D1/><U89/><E75/><V96/><F112/><W107/><G65/><T2/><D2/><U27/><E122/><V121/><F121/><W52/><G31/><T51/><D115/><U22/><E47/><V125/><F125/><W28/><G28/><T18/><D126/><U39/><E39/><V114/><F114/><W109/><G109/><T120/><D120/><U71/><E71/><V38/><F38/><W4/><G4/><T69/><D69/><U84/><E84/><V21/><F33/><W17/><G17/><T129/><D133/><U108/><E108/><V81/><F81/><W32/><G32/><T72/><D72/><U23/><E23/><V132/><F132/><W62/><G83/><T91/><D18/><N who="1" m="10335" /><E7/><V78/><F78/><W53/><G42/><N who="1" m="15914" /><E55/><N who="2" m="33983" /><F6/><W48/><G62/><T58/><D58/><U5/><E5/><V134/><F134/><W14/><G36/><T90/><REACH who="0" step="1"/><D106/><REACH who="0" ten="108,366,159,357" step="2"/><U19/><E19/><V111/><F111/><W12/><G107/><T92/><D92/><AGARI ba="0,1" hai="22,27,29,60,63,86,89,92" m="15914,10335" machi="92" ten="30,2000,0" yaku="8,1,52,1" doraHai="8" who="1" fromWho="0" sc="108,-20,366,30,159,0,357,0" /><INIT seed="7,0,0,4,4,73" ten="88,396,159,357" oya="3" hai0="34,37,133,12,120,5,58,86,110,10,22,83,134" hai1="70,40,127,7,33,75,3,66,103,14,122,88,131" hai2="50,23,20,0,21,102,4,128,11,55,129,31,119" hai3="109,87,111,99,72,76,125,36,63,105,29,13,15"/><W92/><G36/><T123/><D37/><U44/><E33/><V43/><F119/><W19/><G125/><T107/><D107/><U62/><E127/><V53/><F102/><N who="3" m="62687" /><G29/><T25/><D110/><N who="3" m="41993" /><G63/><T85/><D85/><U39/><E103/><V52/><F31/><W67/><G67/><T97/><D97/><U17/><E122/><V69/><F69/><W91/><G19/><T6/><D34/><U96/><E75/><V115/><F115/><W32/><G32/><T38/><D38/><U106/><E131/><N who="2" m="50251" /><F43/><W135/><G135/><T16/><D58/><AGARI ba="0,0" hai="0,4,11,20,21,23,50,52,53,55,58" m="50251" machi="58" ten="30,2000,0" yaku="19,1,54,1" doraHai="73" who="2" fromWho="0" sc="88,-20,396,0,159,20,357,0" owari="68,-43.0,396,49.0,179,-22.0,357,16.0" /></mjloggm>