<mjloggm ver="2.3"><GO type="169" lobby="0"/><UN n0="%E6%B9%8A%E3%81%AE%E9%87%A3%E5%B8%AB" n1="%68%69%67%68%31%35%31%35" n2="%EF%BC%88%E2%89%A7%E2%96%BD%E2%89%A6%EF%BC%89" n3="%E3%81%99%E3%81%9F%E3%81%A1%E3%81%AA%2E" dan="16,16,17,16" rate="2113.52,2104.15,2117.77,2053.93" sx="M,M,M,M"/><TAIKYOKU oya="0"/><INIT seed="0,0,0,3,2,11" ten="250,250,250,250" oya="0" hai0="107,118,75,65,35,47,109,0,122,77,103,124,1" hai1="51,25,48,84,113,12,39,87,68,59,36,31,86" hai2="63,6,83,117,128,45,21,9,4,54,127,58,64" hai3="49,13,131,111,100,16,29,116,52,97,15,55,69"/><T90/><D118/><U19/><E68/><V135/><F117/><W7/><G116/><T32/><D122/><U3/><E3/><V99/><F127/><W81/><G69/><T14/><D65/><U27/><E113/><V88/><F128/><W72/><G131/><T60/><D60/><U98/><E98/><V61/><F135/><W18/><G29/><T67/><D67/><U24/><E31/><V41/><F21/><W20/><G111/><T108/><D124/><U110/><E110/><N who="0" m="42601" /><D47/><U76/><E76/><V121/><F121/><W130/><G130/><T91/><D103/><U126/><E126/><V10/><F4/><W125/><G125/><T71/><D107/><U5/><E5/><V40/><F45/><W37/><G37/><T106/><D106/><U78/><E78/><V44/><F44/><W112/><G112/><T134/><D71/><U57/><E39/><V33/><F33/><N who="0" m="12874" /><D134/><U62/><E36/><V38/><F38/><W22/><G7/><T123/><D123/><U92/><E92/><N who="2" m="56711" /><F64/><W42/><G72/><T101/><D101/><U96/><E62/><V26/><F63/><W23/><G42/><T94/><D94/><U30/><E30/><V105/><F105/><W114/><G81/><N who="0" m="45247" /><D14/><U53/><E12/><N who="3" m="4682" /><G114/><T80/><D80/><U73/><E73/><V43/><F6/><W34/><G34/><T95/><D95/><U8/><E8/><N who="2" m="3179" /><F83/><W85/><G18/><T70/><D70/><U79/><E19/><V74/><F74/><W66/><G16/><T46/><D46/><U2/><E79/><V93/><F93/><W115/><G66/><RYUUKYOKU ba="0,0" sc="250,15,250,-15,250,15,250,-15" hai0="0,1,90,91" hai2="26,40,41,43,54,58,61" /><INIT seed="0,1,0,3,2,101" ten="265,235,265,235" oya="0" hai0="14,16,72,4,120,30,95,119,47,11,88,31,128" hai1="20,103,102,130,123,57,113,62,23,3,67,10,28" hai2="8,90,29,64,96,83,94,24,34,129,22,7,124" hai3="92,68,38,53,121,60,116,112,15,48,66,13,131"/><T84/><D119/><U115/><E123/><V46/><F129/><W55/><G112/><N who="1" m="43082" /><E130/><V73/><F124/><W71/><G116/><T0/><D128/><U104/><E28/><V125/><F125/><W61/><G131/><T5/><D120/><U37/><E37/><V109/><F109/><W42/><G121/><T78/><D47/><U134/><E134/><V25/><F64/><W63/><G92/><T69/><D69/><N who="3" m="26697" /><G13/><T2/><D2/><U76/><E76/><V59/><F59/><N who="3" m="37247" /><G15/><T27/><D4/><N who="1" m="1311" /><E102/><V132/><F132/><W41/><G53/><T58/><D78/><U45/><E45/><V110/><F46/><N who="3" m="23863" /><G42/><T117/><D117/><U35/><E35/><V39/><F34/><W26/><G26/><T19/><D72/><U70/><E70/><V51/><F25/><W12/><G12/><T52/><D0/><U6/><E6/><V79/><F7/><W100/><G100/><T114/><D114/><U1/><E1/><V86/><F24/><W18/><G18/><N who="0" m="6699" /><D27/><U77/><E77/><V80/><F79/><W32/><G32/><T105/><D105/><U50/><E104/><V81/><F29/><W44/><AGARI ba="1,0" hai="44,48,55,60,61" m="23863,37247,26697" machi="44" ten="30,8000,1" yaku="35,5" doraHai="101" who="3" fromWho="3" sc="265,-41,235,-21,265,-21,235,83" /><INIT seed="1,0,0,2,1,60" ten="224,214,244,318" oya="1" hai0="133,106,45,55,57,75,93,120,61,26,113,67,89" hai1="3,80,21,86,78,17,27,64,115,28,122,47,118" hai2="9,135,24,95,20,70,56,38,37,29,124,63,40" hai3="41,16,62,32,44,8,87,30,117,6,68,79,132"/><U10/><E115/><V119/><F119/><W126/><G132/><T76/><D113/><U53/><E118/><V107/><F107/><W7/><G126/><T129/><D120/><U91/><E122/><V109/><F124/><W127/><G127/><T35/><D133/><U74/><E3/><V92/><F135/><W125/><G125/><T121/><D106/><U102/><E102/><V12/><F70/><W112/><G112/><T65/><D129/><U66/><E74/><V90/><F109/><W2/><G32/><T88/><D121/><U1/><E78/><V84/><F95/><W42/><G30/><T43/><D76/><U39/><E39/><V131/><F40/><W101/><G101/><T94/><D75/><U123/><E123/><V48/><F48/><W59/><G68/><T73/><D73/><U83/><E83/><V36/><F131/><W58/><G58/><T4/><D4/><U54/><E1/><V134/><F134/><W49/><G41/><T128/><D128/><U14/><E54/><V96/><F96/><W18/><G7/><T11/><D11/><U111/><E111/><V33/><F33/><W82/><REACH who="3" step="1"/><G117/><REACH who="3" ten="224,214,244,308" step="2"/><T52/><D43/><U130/><REACH who="1" step="1"/><E130/><REACH who="1" ten="224,204,244,308" step="2"/><V23/><F37/><W72/><G72/><T69/><D45/><U99/><E99/><V51/><F38/><W50/><G50/><AGARI ba="0,2" hai="10,14,17,21,27,28,47,50,53,64,66,80,86,91" machi="50" ten="40,18000,2" yaku="1,1,25,2,8,1,52,2,53,0" doraHai="60" doraHaiUra="31" who="1" fromWho="3" sc="224,0,204,200,244,0,308,-180" /><INIT seed="1,1,0,0,2,46" ten="224,404,244,128" oya="1" hai0="80,90,74,34,98,133,135,22,113,85,20,128,42" hai1="91,88,45,76,15,102,28,6,126,21,8,68,32" hai2="25,93,39,97,118,123,36,59,12,89,129,82,117" hai3="119,104,23,14,101,33,11,109,65,9,131,106,105"/><U10/><E68/><V61/><F123/><W67/><G33/><T29/><D113/><U86/><E32/><V62/><F129/><W13/><G109/><T19/><D128/><U124/><E102/><V84/><F62/><W100/><G23/><T114/><D114/><U81/><E45/><V55/><F12/><N who="3" m="4715" /><G131/><T47/><D74/><U71/><E71/><V72/><F72/><W40/><G40/><T125/><D125/><N who="1" m="48235" /><E10/><N who="3" m="3594" /><G119/><T110/><D19/><U38/><E38/><V127/><F127/><W79/><G79/><T58/><D34/><U64/><E64/><AGARI ba="1,0" hai="64,65,67,100,101,104,105,106" m="3594,4715" machi="64" ten="40,2600,0" yaku="28,2" doraHai="46" who="3" fromWho="1" sc="224,0,404,-29,244,0,128,29" /><INIT seed="2,0,0,2,4,87" ten="224,375,244,157" oya="2" hai0="96,105,16,46,43,61,57,53,4,120,121,97,80" hai1="72,39,118,34,36,103,18,99,135,70,13,64,42" hai2="55,130,86,129,119,52,51,107,26,35,30,38,106" hai3="37,89,81,17,48,29,5,33,10,88,28,0,6"/><V109/><F38/><W131/><G37/><T126/><D4/><N who="3" m="1641" /><G0/><T60/><D126/><U114/><E118/><V62/><F119/><W50/><G131/><N who="2" m="50185" /><F109/><W66/><G66/><T40/><D61/><U115/><E72/><V127/><F127/><W82/><G33/><T134/><D134/><U125/><E125/><V20/><F35/><W132/><G132/><T123/><D80/><N who="3" m="30825" /><G17/><T32/><D32/><U124/><E124/><V27/><F27/><W14/><G14/><T85/><D85/><U133/><E34/><V117/><F117/><W83/><G10/><T67/><D105/><U54/><E39/><V59/><F86/><W79/><G79/><T9/><D67/><U1/><E36/><V76/><F76/><W58/><G83/><T15/><D46/><AGARI ba="0,0" hai="20,26,30,46,51,52,55,59,62,106,107" m="50185" machi="46" ten="30,2900,0" yaku="19,1,54,1" doraHai="87" who="2" fromWho="0" sc="224,-29,375,0,244,29,157,0" /><INIT seed="2,1,0,0,1,133" ten="195,375,273,157" oya="2" hai0="28,27,49,60,114,102,64,33,55,122,123,103,108" hai1="6,113,107,134,73,4,13,130,39,35,14,132,121" hai2="3,71,99,110,72,25,91,23,46,83,34,90,117" hai3="98,115,84,59,100,22,120,1,81,15,78,85,48"/><V65/><F117/><W52/><G1/><T76/><D108/><U38/><E113/><V29/><F3/><W17/><G115/><T57/><D114/><U9/><E73/><V31/><F110/><W97/><G120/><T109/><D109/><U124/><E107/><V62/><F46/><W63/><G100/><T45/><D76/><U19/><E121/><V101/><F31/><W0/><G0/><T51/><D102/><U7/><E35/><V37/><F37/><N who="1" m="13833" /><E130/><V77/><REACH who="2" step="1"/><F23/><REACH who="2" ten="195,375,263,157" step="2"/><W10/><G10/><T2/><D2/><U30/><E30/><V74/><F74/><W69/><G69/><T36/><D36/><U5/><E9/><V87/><F87/><W70/><G70/><T66/><D123/><U75/><E75/><V118/><F118/><W119/><G119/><T125/><D122/><U56/><E132/><V86/><F86/><W94/><REACH who="3" step="1"/><G63/><REACH who="3" ten="195,375,263,147" step="2"/><T54/><D60/><U61/><E61/><V89/><F89/><AGARI ba="1,2" hai="15,17,22,48,52,59,78,81,84,85,89,94,97,98" machi="89" ten="40,12000,2" yaku="1,1,2,1,25,2,8,1,54,1,53,1" doraHai="133" doraHaiUra="16" who="3" fromWho="2" sc="195,0,375,0,263,-123,147,143" /><INIT seed="3,0,0,1,3,128" ten="195,375,140,290" oya="3" hai0="26,12,65,130,55,34,135,44,2,47,66,68,77" hai1="71,11,74,67,17,57,10,50,5,7,15,84,1" hai2="16,81,121,29,14,36,45,104,21,75,127,23,61" hai3="48,86,22,42,18,58,35,8,40,119,33,62,6"/><W125/><G125/><T87/><D2/><U102/><E74/><V118/><F118/><W28/><G119/><T38/><D130/><U78/><E102/><V49/><F121/><W53/><G86/><T37/><D26/><U133/><E71/><V3/><F127/><W13/><G28/><T100/><D12/><U64/><E133/><V101/><F3/><W129/><G129/><T95/><D34/><U108/><E108/><V94/><F104/><W107/><G107/><T106/><D95/><U85/><E17/><V52/><F36/><N who="0" m="13930" /><D100/><U105/><E105/><V56/><F75/><W43/><REACH who="3" step="1"/><G62/><REACH who="3" ten="195,375,140,280" step="2"/><N who="0" m="39991" /><D87/><U82/><E84/><V99/><F81/><W41/><N who="3" m="10240" /><DORA hai="111" /><W54/><G54/><T83/><D106/><U124/><E124/><V117/><F117/><W90/><G90/><T27/><D83/><U120/><E85/><V32/><F29/><W113/><G113/><T93/><D93/><U132/><E82/><V0/><F32/><W80/><G80/><T63/><D77/><U25/><E78/><V114/><F94/><W73/><G73/><T69/><D27/><AGARI ba="0,1" hai="6,8,13,18,22,27,33,35,48,53,58" m="10240" machi="27" ten="50,2400,0" yaku="1,1,53,0" doraHai="128,111" doraHaiUra="89,122" who="3" fromWho="0" sc="195,-24,375,0,140,0,280,34" /><INIT seed="3,1,0,2,2,100" ten="171,375,140,314" oya="3" hai0="79,98,55,74,49,33,94,29,24,83,86,114,67" hai1="111,132,101,21,31,32,117,14,107,103,75,90,3" hai2="127,4,13,48,119,124,65,68,123,122,40,47,129" hai3="87,104,9,41,22,113,58,81,88,59,85,52,23"/><W36/><G104/><T130/><D130/><U20/><E3/><V5/><F5/><W8/><G41/><T77/><D114/><U91/><E75/><V93/><F119/><W99/><G36/><T44/><D67/><U125/><E117/><V28/><F28/><W120/><G120/><N who="2" m="46121" /><F93/><N who="3" m="56743" /><G58/><T97/><REACH who="0" step="1"/><D94/><REACH who="0" ten="161,375,140,314" step="2"/><U72/><E107/><V135/><F129/><W54/><G113/><T96/><D96/><U35/><E111/><V7/><F65/><W16/><G81/><AGARI ba="1,1" hai="24,29,33,44,49,55,74,77,79,81,83,86,97,98" machi="81" ten="40,1300,0" yaku="1,1,53,0" doraHai="100" doraHaiUra="110" who="0" fromWho="3" sc="161,26,375,0,140,0,314,-16" /><INIT seed="4,0,0,4,3,65" ten="187,375,140,298" oya="0" hai0="134,105,117,28,45,63,40,5,133,127,18,109,122" hai1="11,115,77,96,17,58,20,91,39,90,56,24,2" hai2="83,21,89,120,31,14,26,104,49,66,76,13,52" hai3="110,7,85,25,37,100,129,54,128,29,108,51,6"/><T132/><D117/><U81/><E39/><V119/><F104/><W75/><G37/><T107/><D122/><U34/><E115/><V32/><F119/><W64/><G75/><T80/><D127/><U47/><E34/><V50/><F120/><W53/><G64/><T74/><D28/><U1/><E47/><V23/><F66/><W106/><G54/><T61/><D5/><U113/><E113/><V57/><F89/><W103/><G85/><T102/><D18/><U124/><E124/><V125/><F125/><W42/><G42/><T73/><D109/><U99/><E11/><V19/><F50/><W67/><G67/><T12/><D12/><U55/><E2/><V82/><REACH who="2" step="1"/><F76/><REACH who="2" ten="187,375,130,298" step="2"/><W46/><G108/><T135/><D132/><U4/><E90/><V123/><F123/><W111/><G111/><T68/><D107/><U116/><E91/><V94/><F94/><W44/><G110/><T101/><D105/><U70/><E77/><V10/><F10/><W27/><G106/><T71/><D80/><U30/><E81/><V35/><F35/><W92/><G51/><N who="0" m="27047" /><D61/><U9/><E116/><V78/><F78/><W95/><G95/><T131/><D63/><U36/><E36/><V93/><F93/><W86/><G92/><T79/><D79/><U84/><E9/><V15/><F15/><W98/><G103/><N who="0" m="39435" /><D131/><U41/><E1/><V60/><F60/><W8/><G100/><T33/><D33/><U38/><E38/><V69/><F69/><AGARI ba="0,1" hai="68,69,71,73,74,133,134,135" m="39435,27047" machi="69" ten="40,12000,1" yaku="20,1,52,3" doraHai="65" who="0" fromWho="2" sc="187,130,375,0,130,-120,298,0" /><INIT seed="4,1,0,3,2,23" ten="317,375,10,298" oya="0" hai0="127,0,114,13,38,125,107,19,91,47,69,118,7" hai1="131,41,98,128,34,45,16,92,132,111,39,94,124" hai2="12,100,44,17,103,28,85,53,61,8,11,62,58" hai3="27,40,15,97,31,96,79,81,75,72,77,82,55"/><T108/><D118/><U65/><E111/><V115/><F115/><W86/><G40/><T89/><D114/><U51/><E124/><V130/><F130/><N who="1" m="49705" /><E132/><V109/><F109/><W32/><G86/><T67/><D108/><U133/><E133/><V134/><F134/><W37/><G37/><T135/><D135/><U42/><E34/><V116/><F116/><W87/><G87/><T73/><D73/><U33/><E33/><V20/><F44/><W120/><G120/><T74/><D74/><U122/><E122/><V35/><F35/><W123/><G123/><T46/><D107/><U112/><E112/><V10/><F28/><W52/><G15/><T88/><D38/><U5/><E5/><V101/><REACH who="2" step="1"/><F85/><REACH who="2" ten="317,375,0,298" step="2"/><W105/><G97/><T90/><D47/><U18/><E98/><V1/><F1/><W6/><G96/><T36/><D46/><U49/><E45/><V9/><N who="2" m="2048" /><DORA hai="63" /><V119/><F119/><W50/><G31/><T83/><D0/><U22/><E39/><V21/><F21/><W102/><G32/><T95/><D36/><U129/><E22/><V57/><F57/><W71/><G75/><T64/><D7/><U84/><E84/><V25/><F25/><W3/><G6/><T99/><D69/><U14/><E129/><V30/><F30/><W104/><G3/><T80/><D125/><U29/><E29/><V106/><F106/><W59/><G105/><T54/><D127/><U66/><E42/><V24/><F24/><W117/><G104/><T56/><D56/><U68/><E41/><V48/><AGARI ba="1,1" hai="12,17,20,48,53,58,61,62,100,101,103" m="2048" machi="48" ten="50,6400,0" yaku="1,1,0,1,8,1,53,0" doraHai="23,63" doraHaiUra="2,43" who="2" fromWho="2" sc="317,-33,375,-17,0,77,298,-17" /><INIT seed="5,0,0,3,0,73" ten="284,358,77,281" oya="1" hai0="69,57,30,72,75,47,41,43,51,107,29,48,108" hai1="31,54,105,21,2,59,99,28,125,89,9,95,8" hai2="44,119,18,94,122,19,91,127,118,112,32,39,84" hai3="102,56,4,97,88,55,90,50,81,49,60,63,65"/><U120/><E120/><V64/><F122/><W35/><G35/><T86/><D107/><U61/><E125/><V78/><F127/><W100/><G4/><T17/><D69/><U77/><E105/><V1/><F32/><W25/><G25/><T33/><D33/><U87/><E2/><V67/><F1/><W92/><G90/><T13/><D108/><U5/><E5/><V93/><F112/><W66/><G63/><T10/><D57/><U101/><E101/><N who="3" m="39018" /><G81/><T27/><D27/><N who="1" m="16495" /><E31/><V79/><F91/><W124/><G124/><T24/><D24/><U3/><E3/><V121/><F121/><W130/><G130/><T14/><D14/><U98/><E98/><V68/><F84/><W113/><G113/><T135/><D86/><U15/><E15/><V104/><F104/><W114/><G114/><T36/><D36/><U129/><E129/><V22/><F22/><W126/><G126/><T6/><D6/><U26/><E26/><V37/><REACH who="2" step="1"/><F44/><REACH who="2" ten="284,358,67,281" step="2"/><W11/><G11/><T111/><D72/><U7/><E9/><V52/><F52/><W76/><G55/><T133/><D75/><U116/><E8/><V34/><F34/><W74/><G65/><T96/><D30/><U20/><E54/><V71/><AGARI ba="0,1" hai="18,19,37,39,64,67,68,71,78,79,93,94,118,119" machi="71" ten="25,16000,3" yaku="1,1,0,1,22,2,52,2,53,2" doraHai="73" doraHaiUra="70" who="2" fromWho="2" sc="284,-40,358,-80,67,170,281,-40" /><INIT seed="6,0,0,4,4,3" ten="244,278,237,241" oya="2" hai0="0,120,127,4,133,38,111,92,72,102,132,26,123" hai1="90,76,50,65,99,1,115,126,116,129,95,86,62" hai2="119,131,53,15,43,7,84,37,41,6,63,91,59" hai3="51,118,60,107,31,45,16,81,42,18,93,5,61"/><V106/><F106/><W96/><G107/><T80/><D111/><U110/><E116/><V32/><F32/><W101/><G118/><T48/><D38/><U28/><E110/><V21/><F119/><W46/><G31/><T47/><D127/><U98/><E126/><V56/><F131/><W130/><G130/><T66/><D66/><U109/><E109/><V30/><F37/><W14/><G81/><T19/><D92/><U75/><E129/><V23/><F59/><W29/><G29/><T25/><D102/><U2/><E115/><V73/><F73/><W88/><G101/><T128/><D128/><U89/><E28/><V85/><F85/><W71/><G71/><T64/><D64/><U22/><E22/><N who="2" m="8203" /><F30/><W97/><G97/><T69/><D69/><U17/><E17/><N who="3" m="6762" /><G46/><T10/><D19/><U40/><E75/><V94/><F15/><W117/><G117/><T100/><D120/><U44/><E76/><V12/><F12/><W55/><G42/><AGARI ba="0,0" hai="6,7,41,42,43,53,56,63,84,91,94" m="8203" machi="42" ten="30,5800,0" yaku="8,1,52,2" doraHai="3" who="2" fromWho="3" sc="244,0,278,0,237,58,241,-58" /><INIT seed="6,1,0,2,0,97" ten="244,278,295,183" oya="2" hai0="12,95,100,96,132,122,65,23,3,26,108,80,106" hai1="91,40,11,70,58,133,67,77,125,101,64,20,17" hai2="41,4,111,53,87,55,38,117,130,84,43,8,60" hai3="32,75,21,19,15,35,69,120,78,128,59,115,112"/><V46/><F117/><W113/><G69/><T13/><D108/><U2/><E70/><V1/><F111/><W98/><G120/><T36/><D36/><U45/><E125/><V9/><F130/><W31/><G128/><T107/><D122/><U76/><E133/><V16/><F41/><W63/><G31/><T99/><D3/><U131/><E131/><V22/><F8/><W135/><G135/><T116/><D116/><U90/><E2/><V6/><F6/><W73/><G98/><T30/><D132/><U72/><E11/><V49/><F60/><W62/><G62/><T68/><D80/><U88/><E101/><V104/><F104/><W37/><G37/><T61/><D106/><U48/><E72/><V102/><F102/><AGARI ba="1,0" hai="12,13,23,26,30,61,65,68,95,96,99,100,102,107" machi="102" ten="30,3900,0" yaku="7,1,52,2" doraHai="97" who="0" fromWho="2" sc="244,42,278,0,295,-42,183,0" /><INIT seed="7,0,0,5,2,10" ten="286,278,253,183" oya="3" hai0="6,4,73,116,84,12,96,99,19,21,8,92,71" hai1="95,40,68,124,122,60,52,128,56,78,58,82,34" hai2="15,0,13,38,66,117,104,120,88,103,111,51,109" hai3="59,9,5,48,89,44,17,29,75,118,105,26,67"/><W101/><G118/><T121/><D71/><U54/><E122/><V74/><F117/><W37/><G75/><T63/><D116/><U134/><E34/><V106/><F74/><W83/><G105/><N who="2" m="40553" /><F38/><W132/><G101/><T22/><D121/><U127/><E128/><V80/><F0/><W123/><G132/><T42/><D42/><U86/><E134/><V112/><F66/><W25/><G123/><T62/><D73/><U7/><E68/><V85/><F103/><W41/><G29/><T18/><D84/><U114/><E114/><V45/><F120/><W119/><G119/><T113/><D113/><U97/><E7/><N who="0" m="2601" /><D8/><U107/><E107/><V64/><F64/><W115/><G115/><T3/><D3/><U43/><E124/><V50/><F112/><W32/><G32/><T36/><D36/><U94/><E127/><V31/><F31/><W102/><G102/><N who="0" m="60679" /><D99/><U125/><E125/><V24/><F111/><W33/><G33/><T55/><D55/><U1/><E1/><V77/><F77/><W16/><G5/><T135/><D135/><U79/><E79/><V100/><F100/><W129/><G129/><T57/><D57/><U39/><E39/><V87/><F87/><N who="3" m="50431" /><G37/><T76/><D76/><U30/><E30/><V2/><F2/><W72/><G72/><T110/><D110/><U53/><E53/><N who="2" m="29903" /><F109/><W65/><G9/><T90/><D90/><N who="1" m="55543" /><E94/><V70/><F70/><W28/><G67/><T49/><D49/><AGARI ba="0,0" hai="40,43,49,52,54,56,58,60,78,82,86" m="55543" machi="49" ten="30,2000,0" yaku="8,1,54,1" doraHai="10" who="1" fromWho="0" sc="286,-20,278,20,253,0,183,0" /><INIT seed="8,0,0,3,2,31" ten="266,298,253,183" oya="0" hai0="52,56,124,100,41,10,85,29,47,99,84,73,46" hai1="86,17,45,72,118,30,59,53,7,28,112,9,39" hai2="22,117,3,94,57,78,33,65,130,88,13,0,19" hai3="11,79,116,38,87,96,55,32,76,98,14,36,34"/><T83/><D124/><U64/><E72/><V81/><F130/><W35/><G116/><T15/><D29/><U108/><E108/><V40/><F33/><W110/><G110/><T67/><D67/><U92/><E118/><V97/><F40/><W126/><G126/><T44/><D73/><U60/><E112/><V62/><REACH who="2" step="1"/><F117/><REACH who="2" ten="266,298,243,183" step="2"/><W70/><G70/><T129/><D129/><U95/><E39/><V18/><F18/><W128/><G128/><T77/><D41/><U106/><E17/><V80/><F80/><W69/><G69/><T66/><D66/><U125/><E64/><V2/><F2/><W89/><G36/><T82/><D82/><U109/><E109/><V51/><F51/><W119/><G38/><T37/><D37/><U27/><E125/><V115/><F115/><W102/><G119/><T4/><D83/><U74/><E30/><V75/><AGARI ba="0,1" hai="0,3,13,19,22,57,62,65,75,78,81,88,94,97" machi="75" ten="20,5200,0" yaku="1,1,0,1,7,1,54,1,53,0" doraHai="31" doraHaiUra="134" who="2" fromWho="2" sc="266,-26,298,-13,243,62,183,-13" owari="240,-16.0,285,9.0,305,40.0,170,-33.0" /></mjloggm>