<mjloggm ver="2.3"><GO type="41"/><UN n0="%E3%83%97%E3%83%AD%E3%83%86%E3%82%A4%E3%83%B3%E5%BE%97%E7%9B%9B" n1="%EF%BC%88%E2%89%A7%E2%96%BD%E2%89%A6%EF%BC%89" n2="%E7%AC%AC%E4%B8%89%E3%81%AE%E6%80%A7%E5%88%A5%E7%A7%80%E5%90%89" n3="%73%68%61%6F" dan="16,15,15,14" rate="2076,2018,2026,1855" sx="M,M,F,M"/><TAIKYOKU oya="0"/><INIT seed="0,0,0,5,1,92" ten="250,250,250,250" oya="0" hai0="64,127,71,51,18,124,100,125,120,126,16,2,3" hai1="29,104,70,90,129,44,19,35,101,49,45,41,14" hai2="39,88,110,69,52,78,17,6,118,36,119,60,37" hai3="46,68,81,57,103,123,95,10,67,63,11,135,26"/><T27/><D120/><U111/><E70/><V85/><F6/><W22/><G135/><T23/><N who="0" m="32256" /><DORA hai="134" /><T113/><D113/><U86/><E111/><V83/><F110/><W106/><G106/><T128/><D128/><U61/><E129/><V21/><F78/><W131/><G131/><T132/><D132/><U56/><E29/><V43/><F43/><W8/><G123/><T12/><D51/><U24/><E24/><V50/><F60/><W80/><G46/><T20/><D100/><U91/><E35/><V55/><F69/><W74/><G68/><T77/><D77/><U30/><E30/><V97/><F97/><N who="3" m="59839" /><G74/><T13/><D64/><U48/><E104/><V133/><F133/><W42/><G42/><T53/><D71/><U38/><E101/><V82/><F82/><W116/><G116/><N who="2" m="44585" /><F50/><W32/><G32/><T0/><D53/><N who="1" m="29839" /><E86/><V84/><F84/><W89/><G89/><T40/><D40/><U73/><E73/><V5/><F5/><W115/><G115/><T58/><D58/><U79/><E79/><V31/><F31/><AGARI ba="0,0" hai="8,10,11,22,26,31,57,63,67,80,81" m="59839" machi="31" ten="30,3900,0" yaku="25,1,8,1,52,1" doraHai="92,134" who="3" fromWho="2" sc="250,0,250,0,250,-39,250,39" /><INIT seed="1,0,0,0,2,31" ten="250,250,211,289" oya="1" hai0="126,73,72,13,98,118,46,42,2,34,127,71,131" hai1="107,102,75,96,39,59,130,132,5,19,82,81,93" hai2="104,0,89,133,49,50,15,84,24,8,103,125,32" hai3="101,12,134,114,48,38,18,22,9,26,129,58,43"/><U55/><E39/><V122/><F122/><W14/><G114/><T108/><D2/><U66/><E132/><V53/><F0/><W64/><G38/><T97/><D71/><U90/><E130/><V113/><F133/><W128/><G134/><T95/><D118/><U29/><E5/><V99/><F113/><W83/><G101/><T36/><D108/><U51/><E75/><V63/><F125/><N who="0" m="47626" /><D131/><N who="3" m="50249" /><G83/><T44/><D44/><U87/><E29/><V4/><F63/><N who="3" m="38007" /><G9/><T111/><D111/><U57/><REACH who="1" step="1"/><E19/><REACH who="1" ten="250,240,211,289" step="2"/><V25/><F32/><W3/><G3/><T123/><D34/><U27/><E27/><V109/><F109/><W86/><G26/><T119/><D123/><U10/><E10/><V110/><F110/><W135/><G18/><T1/><D73/><U116/><E116/><V65/><F65/><W79/><G12/><T74/><D119/><U94/><E94/><V121/><F121/><W67/><G14/><T70/><D1/><U47/><E47/><V124/><F124/><W23/><G67/><T11/><D95/><U30/><E30/><V56/><F50/><W7/><G48/><T20/><D20/><U6/><E6/><V40/><F40/><W77/><G7/><T16/><D72/><U91/><E91/><V112/><F112/><W106/><G23/><T21/><D74/><U68/><E68/><V100/><REACH who="2" step="1"/><F100/><REACH who="2" ten="250,240,201,289" step="2"/><W17/><G43/><T45/><D70/><U80/><E80/><AGARI ba="0,2" hai="4,8,15,24,25,49,53,56,80,84,89,99,103,104" machi="80" ten="30,3900,0" yaku="1,1,2,1,7,1,53,0" doraHai="31" doraHaiUra="62" who="2" fromWho="1" sc="250,0,240,-39,201,59,289,0" /><INIT seed="2,0,0,2,2,52" ten="250,201,260,289" oya="2" hai0="3,10,54,60,72,35,119,109,117,39,29,61,65" hai1="15,67,41,101,98,31,76,71,73,104,89,126,43" hai2="47,40,49,27,94,33,59,17,48,32,69,112,123" hai3="11,12,118,21,100,51,75,80,28,113,103,13,16"/><V38/><F69/><W78/><G118/><N who="0" m="45067" /><D72/><U124/><E31/><V37/><F123/><W88/><G113/><T2/><D39/><U62/><E89/><V128/><F112/><W81/><G51/><T14/><D109/><U114/><E114/><V64/><F128/><W99/><G28/><T68/><D29/><U57/><E71/><V115/><F115/><W56/><G56/><N who="0" m="34839" /><D35/><U26/><E26/><V58/><F37/><W22/><G22/><T102/><D102/><U110/><E110/><V0/><F0/><W90/><G81/><T8/><D8/><U44/><E15/><V106/><F106/><W83/><G83/><T45/><D45/><U122/><E122/><V108/><F108/><W24/><G103/><T77/><D77/><U19/><E19/><AGARI ba="0,0" hai="2,3,10,14,19,61,65,68" m="34839,45067" machi="19" ten="30,2000,0" yaku="12,1,52,1" doraHai="52" who="0" fromWho="1" sc="250,20,201,-20,260,0,289,0" /><INIT seed="3,0,0,5,2,84" ten="270,181,260,289" oya="3" hai0="94,106,6,62,93,107,52,17,135,2,10,71,76" hai1="11,88,36,134,21,122,83,92,116,20,33,37,104" hai2="111,29,16,46,38,114,7,113,81,15,65,129,115" hai3="28,41,61,95,102,39,119,124,42,78,50,30,103"/><W13/><G39/><T1/><D76/><U97/><E122/><V24/><F129/><W86/><G119/><T54/><D17/><U43/><E33/><V91/><F111/><W27/><G124/><T32/><D32/><U26/><E116/><V79/><F65/><W22/><G61/><T3/><D71/><U96/><E134/><V128/><F7/><W123/><G30/><T44/><D135/><U82/><E11/><V109/><F109/><W100/><G123/><T64/><D64/><U66/><E66/><V23/><F128/><W34/><G34/><T85/><D62/><U8/><E8/><V118/><F118/><W101/><G101/><T57/><D57/><U69/><E69/><V127/><F127/><W25/><G25/><T31/><D31/><U40/><E26/><V60/><F60/><W121/><G121/><T132/><D132/><U99/><E104/><V75/><F38/><W89/><G78/><T90/><D94/><U133/><E133/><V12/><F46/><W110/><G110/><T9/><D9/><U47/><E37/><V117/><F117/><W120/><G120/><T98/><D44/><U58/><E58/><V72/><F72/><W67/><G67/><T49/><D107/><U53/><E40/><N who="3" m="15466" /><G50/><T35/><D35/><U108/><E108/><V14/><REACH who="2" step="1"/><F91/><REACH who="2" ten="270,181,250,289" step="2"/><W73/><G73/><T59/><D54/><U131/><E53/><V56/><F56/><W87/><G87/><T4/><D4/><U80/><REACH who="1" step="1"/><E131/><REACH who="1" ten="270,171,250,289" step="2"/><V63/><F63/><W55/><G55/><T112/><D112/><U105/><E105/><V18/><AGARI ba="0,2" hai="12,14,15,16,18,23,24,29,75,79,81,113,114,115" machi="18" ten="40,8000,1" yaku="1,1,5,1,0,1,54,1,53,0" doraHai="84" doraHaiUra="0" who="2" fromWho="2" sc="270,-20,171,-20,250,100,289,-40" /><INIT seed="4,0,0,1,0,49" ten="250,151,350,249" oya="0" hai0="103,54,58,135,3,118,63,1,10,107,101,73,72" hai1="74,84,31,62,24,56,15,100,13,67,83,88,65" hai2="82,89,27,42,120,97,125,66,134,94,45,126,81" hai3="21,71,12,76,7,5,98,64,47,112,48,11,114"/><T34/><D34/><U70/><E74/><V79/><F120/><W14/><G76/><T36/><D36/><U93/><E70/><V85/><F66/><W95/><G64/><T96/><D118/><U16/><E67/><V132/><F27/><W117/><G71/><T130/><D135/><N who="2" m="51754" /><F45/><W113/><G117/><T69/><D69/><U17/><E13/><V110/><F42/><W28/><G28/><T91/><D130/><U60/><E60/><V102/><F110/><W20/><G14/><T43/><D43/><U51/><E51/><V75/><AGARI ba="0,0" hai="75,79,81,82,85,89,94,97,102,125,126" m="51754" machi="75" ten="30,4000,0" yaku="20,1,34,2" doraHai="49" who="2" fromWho="2" sc="250,-20,151,-10,350,40,249,-10" /><INIT seed="5,0,0,3,2,90" ten="230,141,390,239" oya="1" hai0="0,10,59,35,75,125,28,69,24,115,58,122,106" hai1="53,16,48,61,95,62,118,85,67,46,84,18,102" hai2="73,87,82,5,80,127,21,52,41,6,64,120,51" hai3="131,74,29,37,15,81,22,17,57,23,121,79,108"/><U117/><E117/><V27/><F120/><W83/><G108/><T33/><D59/><N who="1" m="37343" /><E118/><V103/><F127/><W39/><G121/><T76/><D58/><U26/><E61/><V56/><F73/><W20/><G131/><T134/><D76/><U96/><E26/><V19/><F64/><W65/><G83/><T36/><D10/><U25/><E25/><V44/><F103/><W110/><G29/><T54/><D54/><U133/><E133/><V63/><F82/><W38/><G65/><T104/><D24/><U135/><E135/><V98/><F98/><W40/><G57/><T123/><D28/><U72/><E72/><V126/><F126/><W124/><G124/><T129/><D106/><U4/><E4/><V128/><F128/><W101/><G110/><T31/><D31/><U86/><AGARI ba="0,0" hai="16,18,46,48,53,84,85,86,95,96,102" m="37343" machi="86" ten="30,6000,0" yaku="8,1,52,1,54,1" doraHai="90" who="1" fromWho="1" sc="230,-20,141,60,390,-20,239,-20" /><INIT seed="5,1,0,5,2,132" ten="210,201,370,219" oya="1" hai0="14,99,75,31,47,124,79,115,42,58,33,29,18" hai1="12,108,60,86,9,3,41,50,57,107,35,34,106" hai2="114,27,19,83,78,28,39,123,51,122,1,22,24" hai3="25,88,101,76,72,80,54,6,70,4,65,95,40"/><U16/><E3/><V90/><F39/><W119/><G119/><T104/><D115/><U118/><E118/><V66/><F1/><W128/><G40/><T77/><D33/><U44/><E108/><V7/><F7/><W45/><G101/><T130/><D130/><U121/><E121/><V48/><F114/><W97/><G128/><T38/><D124/><U30/><E86/><V94/><F66/><W117/><G117/><T71/><D71/><U127/><E127/><V96/><F123/><W102/><G65/><T15/><D15/><U91/><E91/><V131/><F131/><W111/><G70/><T21/><D75/><U129/><E129/><V49/><F122/><W87/><G111/><T43/><D43/><U100/><E30/><V13/><REACH who="2" step="1"/><F28/><REACH who="2" ten="210,201,360,219" step="2"/><W92/><G4/><T11/><D31/><U62/><E106/><V103/><F103/><W8/><G6/><T82/><D29/><U133/><E133/><V52/><F52/><W98/><G54/><T135/><D135/><U59/><E107/><V46/><F46/><W55/><G55/><T23/><D104/><U20/><E100/><V2/><F2/><W10/><G45/><T74/><D47/><U84/><E44/><V81/><F81/><W56/><G102/><T37/><D37/><U61/><E41/><V73/><AGARI ba="1,1" hai="13,19,22,24,27,48,49,51,73,78,83,90,94,96" machi="73" ten="30,2000,0" yaku="1,1,0,1,53,0" doraHai="132" doraHaiUra="53" who="2" fromWho="2" sc="210,-6,201,-11,360,33,219,-6" /><INIT seed="6,0,0,4,5,38" ten="204,190,393,213" oya="2" hai0="66,62,65,63,13,21,101,37,55,128,18,40,54" hai1="23,36,118,133,51,11,75,99,9,25,6,28,87" hai2="8,122,112,85,1,108,117,48,132,77,0,73,50" hai3="81,82,72,56,27,57,84,109,45,125,127,94,79"/><V129/><F85/><W33/><G109/><T135/><D101/><U68/><E75/><V14/><F77/><N who="3" m="46127" /><G94/><T67/><D128/><U44/><E36/><V106/><F48/><W35/><G45/><T92/><D92/><U17/><E68/><V76/><F50/><W31/><G35/><T5/><D135/><U126/><E118/><V120/><F76/><W103/><G103/><T90/><D90/><U29/><E133/><V130/><F8/><N who="1" m="3145" /><E126/><AGARI ba="0,0" hai="27,31,33,56,57,72,79,82,125,126,127" m="46127" machi="126" ten="30,1000,0" yaku="18,1" doraHai="38" who="3" fromWho="1" sc="204,0,190,-10,393,0,213,10" /><INIT seed="7,0,0,4,0,48" ten="204,180,393,223" oya="3" hai0="62,37,22,50,110,20,101,111,92,19,121,97,73" hai1="1,102,44,8,77,108,58,125,99,40,86,119,23" hai2="81,38,100,30,127,112,59,84,61,39,71,122,94" hai3="124,123,115,128,32,76,91,26,132,4,118,78,31"/><W67/><G118/><T131/><D37/><U2/><E108/><V12/><F71/><W52/><G123/><T41/><D73/><U0/><E119/><V66/><F122/><W64/><G115/><T54/><D121/><U109/><E109/><V28/><F39/><W98/><G124/><T34/><D34/><U47/><E125/><V65/><F38/><W63/><G128/><T89/><D131/><U80/><E23/><V36/><F36/><W114/><G114/><T17/><D41/><U16/><E40/><V134/><F134/><W13/><G132/><T133/><D133/><U33/><E33/><V42/><F42/><W10/><G98/><T15/><D101/><U49/><E58/><V107/><F107/><W135/><G91/><T74/><D74/><U116/><E116/><V27/><F112/><W14/><G14/><T79/><D79/><U83/><E83/><V69/><F69/><W51/><G78/><T9/><D9/><U55/><E44/><V57/><F12/><W129/><G76/><T117/><D117/><U82/><E82/><V104/><F104/><W120/><G120/><T72/><D72/><U95/><REACH who="1" step="1"/><E16/><REACH who="1" ten="204,170,393,223" step="2"/><V21/><F81/><W46/><G135/><T70/><D70/><U7/><AGARI ba="0,1" hai="0,1,2,7,8,47,49,55,77,80,86,95,99,102" machi="7" ten="30,7900,0" yaku="1,1,2,1,0,1,52,1,53,0" doraHai="48" doraHaiUra="18" who="1" fromWho="1" sc="204,-20,170,89,393,-20,223,-39" owari="184,-22.0,259,6.0,373,48.0,184,-32.0" /></mjloggm>