<mjloggm ver="2.3"><GO type="41"/><UN n0="%E7%82%8E%E9%AB%AA%E7%81%BC%E7%9C%BC%E3%81%AE%E6%89%93%E3%81%A1%E6%89%8B" n1="%E3%82%A6%E3%83%AB%E3%83%88%E3%83%A9%E7%AB%8B%E7%9B%B4" n2="%E3%80%93%73%74%6F%76%65%72%E3%80%93" n3="%E3%82%A8%E3%83%AA%E3%82%A2%EF%BC%95%EF%BC%91" dan="14,15,15,13" rate="1911,1966,1982,1831" sx="M,M,M,M"/><TAIKYOKU oya="0"/><INIT seed="0,0,0,5,5,56" ten="250,250,250,250" oya="0" hai0="38,46,73,57,83,53,19,75,58,39,118,82,103" hai1="2,13,37,125,7,122,104,117,21,52,48,64,120" hai2="121,131,133,132,33,35,107,54,61,20,9,97,93" hai3="34,27,116,134,3,44,5,96,24,8,76,126,78"/><T74/><D118/><U112/><E37/><V68/><F121/><W108/><G116/><T106/><D19/><U87/><E104/><V84/><F107/><W23/><G96/><T49/><D106/><U63/><E117/><V98/><F131/><W31/><G44/><T135/><D103/><U65/><E112/><V113/><F113/><W105/><G105/><T81/><D135/><N who="2" m="51786" /><F9/><W12/><G134/><T119/><D119/><U79/><E65/><N who="2" m="41007" /><F84/><W51/><G51/><T95/><D95/><U123/><E125/><V11/><F11/><W36/><G126/><T47/><REACH who="0" step="1"/><D57/><REACH who="0" ten="240,250,250,250" step="2"/><U45/><E120/><V6/><F93/><W111/><G36/><AGARI ba="0,1" hai="36,38,39,46,47,49,53,58,73,74,75,81,82,83" machi="36" ten="50,4800,0" yaku="1,1,2,1,53,0" doraHai="56" doraHaiUra="1" who="0" fromWho="3" sc="240,58,250,0,250,0,250,-48" /><INIT seed="0,1,0,3,4,22" ten="298,250,250,202" oya="0" hai0="13,83,10,58,68,133,63,79,104,65,113,99,37" hai1="3,72,82,33,87,90,5,47,32,62,135,94,60" hai2="128,0,49,57,2,123,106,92,91,112,127,111,52" hai3="103,102,109,41,18,86,9,85,95,31,43,107,15"/><T116/><D113/><U64/><E135/><V66/><F123/><W24/><G107/><T126/><D133/><U46/><E5/><V42/><F112/><W38/><G109/><T93/><D116/><U40/><E3/><V8/><F106/><W131/><G131/><T119/><D119/><U96/><E72/><V7/><F111/><W14/><G38/><T48/><D104/><U89/><E62/><V124/><F128/><W97/><G102/><T88/><D37/><U132/><E132/><V67/><F42/><W45/><G45/><T125/><D48/><U108/><E108/><V110/><F2/><W73/><G73/><T134/><D68/><U16/><E47/><V75/><F75/><W30/><G30/><T114/><D114/><U81/><E81/><V115/><F115/><W129/><G129/><T19/><D134/><U27/><E46/><V71/><F71/><W1/><G1/><T69/><D69/><U76/><E40/><V78/><F78/><W70/><G70/><T74/><AGARI ba="1,0" hai="10,13,19,58,63,65,74,79,83,88,93,99,125,126" machi="74" ten="30,3000,0" yaku="0,1,54,1" doraHai="22" who="0" fromWho="0" sc="298,33,250,-11,250,-11,202,-11" /><INIT seed="0,2,0,2,0,124" ten="331,239,239,191" oya="0" hai0="77,26,67,24,21,103,88,46,113,16,51,101,80" hai1="34,4,76,6,128,116,121,15,91,18,82,57,130" hai2="99,122,36,50,117,47,25,90,129,96,70,55,58" hai3="11,75,73,9,22,40,69,23,81,12,44,86,52"/><T107/><D113/><U123/><E57/><V1/><F122/><N who="1" m="46601" /><E91/><V126/><F70/><W8/><G69/><T97/><D67/><U84/><E116/><V119/><F1/><W3/><G75/><T10/><D10/><N who="1" m="6519" /><E34/><V27/><F126/><W29/><G29/><T68/><D68/><U131/><AGARI ba="2,0" hai="4,6,76,82,84,128,130,131" m="6519,46601" machi="131" ten="40,8000,1" yaku="19,1,52,3" doraHai="124" who="1" fromWho="1" sc="331,-42,239,86,239,-22,191,-22" /><INIT seed="1,0,0,1,5,84" ten="289,325,217,169" oya="1" hai0="131,102,58,74,105,93,110,7,42,83,107,98,46" hai1="115,50,6,80,134,33,56,77,9,124,91,13,1" hai2="79,55,32,95,90,41,16,10,30,121,108,19,67" hai3="100,71,135,116,52,101,68,88,127,27,94,120,0"/><U12/><E115/><V118/><F118/><W11/><G0/><T128/><D7/><U113/><E33/><V54/><F121/><W133/><G11/><T106/><D58/><U69/><E69/><V86/><F108/><W62/><G120/><T97/><D46/><U15/><E113/><V35/><F79/><W39/><G39/><T112/><D42/><U76/><E124/><V61/><F41/><W66/><G127/><T47/><D47/><U96/><E134/><N who="3" m="51210" /><G116/><T40/><D40/><U2/><E2/><V129/><F129/><N who="0" m="49738" /><D112/><U122/><E122/><V92/><F35/><W43/><G43/><T51/><D51/><U60/><E50/><V21/><F32/><W73/><G73/><T130/><D130/><U64/><REACH who="1" step="1"/><E80/><REACH who="1" ten="289,315,217,169" step="2"/><V25/><F61/><N who="3" m="40015" /><G71/><T81/><D110/><U103/><E103/><V17/><F10/><W72/><G72/><T70/><D70/><U59/><E59/><V45/><F45/><W82/><G82/><N who="0" m="31243" /><D74/><U132/><E132/><V14/><F14/><W53/><G27/><T114/><D114/><U37/><E37/><V89/><F67/><W36/><G36/><T5/><D5/><U22/><E22/><V78/><F78/><W99/><G62/><T111/><D111/><U65/><E65/><V117/><F117/><W85/><G101/><AGARI ba="0,1" hai="93,97,98,101,102,105,106,107" m="31243,49738" machi="101" ten="30,3900,0" yaku="19,1,34,2" doraHai="84" who="0" fromWho="3" sc="289,49,315,0,217,0,169,-39" /><INIT seed="2,0,0,3,5,33" ten="338,315,217,130" oya="2" hai0="121,79,97,10,132,68,15,35,74,106,114,44,51" hai1="46,133,45,62,18,0,3,59,66,117,53,21,69" hai2="26,20,52,110,75,28,101,31,24,131,25,57,104" hai3="86,105,27,29,73,38,43,30,56,120,8,50,14"/><V112/><F112/><W130/><G73/><T99/><D121/><U78/><E117/><V36/><F75/><W67/><G38/><T4/><D114/><U54/><E78/><V107/><F36/><W81/><G105/><T83/><D35/><U58/><E69/><V9/><F131/><W82/><G130/><T32/><D32/><U42/><E133/><V88/><F101/><W22/><G120/><T63/><D132/><U89/><E89/><V40/><F40/><W95/><G30/><T103/><D99/><U98/><E98/><V129/><F129/><W48/><G82/><T1/><D15/><U119/><E119/><V41/><F41/><W17/><G95/><T16/><D16/><U128/><E128/><V94/><F9/><W115/><G115/><T47/><D51/><U2/><E42/><V6/><F6/><W90/><G43/><T23/><D23/><U125/><E125/><V70/><F70/><W127/><G127/><T49/><D49/><U91/><E91/><V96/><F110/><W123/><G123/><T113/><D113/><U77/><E77/><V126/><F126/><W76/><G76/><T135/><D135/><U34/><E34/><V80/><F80/><W13/><G14/><T71/><D71/><U92/><E92/><V102/><F31/><W84/><G86/><T116/><D116/><U37/><E37/><V65/><F65/><W100/><G100/><T11/><D68/><U64/><E64/><V111/><F111/><W5/><G29/><T118/><D103/><U19/><E66/><V85/><F107/><W93/><G81/><RYUUKYOKU ba="0,0" sc="338,-15,315,-15,217,15,130,15" hai2="20,24,25,26,28,52,57,85,88,94,96,102,104" hai3="5,8,13,17,22,27,48,50,56,67,84,90,93" /><INIT seed="2,1,0,0,3,103" ten="323,300,232,145" oya="2" hai0="110,16,38,71,32,116,65,118,76,74,134,66,104" hai1="29,24,20,0,35,26,98,87,1,25,119,8,106" hai2="9,2,102,37,50,45,47,61,18,77,51,53,46" hai3="13,85,105,58,19,123,127,86,91,54,109,121,131"/><V115/><F115/><W78/><G127/><T56/><D71/><U28/><E87/><V95/><F37/><W88/><G131/><T11/><D32/><N who="1" m="20487" /><E98/><N who="2" m="59743" /><F2/><N who="1" m="1129" /><E106/><V125/><F125/><W63/><G78/><T22/><D104/><U94/><E94/><V99/><F77/><W15/><G109/><T97/><D38/><U112/><E112/><V52/><F99/><W30/><G30/><T100/><D110/><U126/><E119/><V33/><F33/><W3/><G3/><T4/><D97/><U36/><E36/><V64/><F64/><W89/><G105/><T14/><D100/><U133/><E126/><V68/><F68/><W114/><G114/><T90/><D90/><U17/><E133/><V111/><F111/><W34/><G34/><T84/><D134/><U69/><E69/><V48/><F61/><W129/><G129/><T40/><D74/><U81/><E81/><V107/><F107/><W124/><G124/><T70/><D70/><U41/><E41/><V57/><F57/><W82/><G89/><T75/><D40/><U31/><E8/><V10/><F18/><AGARI ba="1,0" hai="17,18,20,25,26,29,31,35" m="1129,20487" machi="18" ten="30,8000,1" yaku="35,5" doraHai="103" who="1" fromWho="2" sc="323,0,300,83,232,-83,145,0" /><INIT seed="3,0,0,2,5,27" ten="323,383,149,145" oya="3" hai0="133,13,1,93,112,134,108,53,61,62,73,26,69" hai1="111,0,109,125,42,98,94,58,107,82,59,78,123" hai2="126,89,113,99,106,105,45,16,29,60,9,52,37" hai3="74,135,7,38,25,6,47,66,48,2,10,118,129"/><W14/><G66/><T57/><D73/><U64/><E0/><V30/><F113/><W65/><G118/><T20/><D1/><U55/><E107/><V122/><F37/><W95/><G65/><N who="0" m="41143" /><D13/><U40/><E64/><V115/><F115/><W96/><G74/><T31/><D112/><U124/><E123/><V67/><F122/><W12/><G129/><T24/><D93/><U92/><E82/><V15/><F126/><N who="1" m="48745" /><E78/><V34/><F34/><W117/><G135/><N who="0" m="51723" /><D108/><N who="1" m="41547" /><E55/><V28/><F105/><W54/><G38/><T36/><D36/><U83/><E83/><V19/><F106/><W11/><G117/><T23/><D53/><U81/><E81/><V90/><F67/><W39/><G39/><T22/><D61/><U114/><E114/><V84/><F99/><W120/><G120/><T127/><D127/><U97/><E94/><N who="2" m="54567" /><F90/><W76/><G76/><T41/><D57/><N who="1" m="21515" /><E92/><V86/><F86/><W116/><G2/><T18/><D41/><AGARI ba="0,0" hai="40,41,42,97,98" m="21515,41547,48745" machi="41" ten="40,8000,1" yaku="28,2,18,1,14,1" doraHai="27" who="1" fromWho="0" sc="323,-80,383,80,149,0,145,0" /><INIT seed="4,0,0,1,4,24" ten="243,463,149,145" oya="0" hai0="49,135,104,2,48,74,73,64,83,38,119,70,109" hai1="134,99,82,76,80,14,66,79,35,87,86,126,31" hai2="23,39,12,105,33,94,25,11,21,107,61,13,122" hai3="113,53,43,98,68,17,3,26,84,120,18,132,114"/><T20/><D119/><U60/><E99/><V59/><F39/><W67/><G3/><T100/><D38/><U15/><E126/><V1/><F122/><W111/><G43/><T115/><D2/><U90/><E90/><V57/><F1/><W95/><G111/><T125/><D109/><U8/><E134/><V47/><F33/><W10/><G10/><T91/><D135/><U88/><E88/><V123/><F123/><W117/><G132/><T110/><D125/><U130/><E130/><V124/><F124/><W19/><G120/><T42/><D110/><U97/><E97/><V71/><F71/><W37/><G37/><T129/><D129/><U4/><E15/><V58/><F61/><W29/><G117/><T116/><D116/><U5/><E5/><V52/><F23/><W46/><G84/><T128/><D73/><U118/><E118/><V41/><F41/><W40/><G40/><T27/><D104/><U101/><E101/><V6/><F94/><W103/><G46/><T50/><D70/><U36/><E36/><V0/><F0/><W54/><G67/><T75/><D74/><U96/><E96/><V62/><F62/><W85/><G85/><T55/><D75/><U34/><E31/><N who="2" m="17839" /><F107/><W127/><G68/><AGARI ba="0,0" hai="4,8,14,34,35,60,66,68,76,79,80,82,86,87" machi="68" ten="30,2000,0" yaku="7,1,9,1" doraHai="24" who="1" fromWho="3" sc="243,0,463,20,149,0,145,-20" /><INIT seed="5,0,0,0,2,69" ten="243,483,149,125" oya="1" hai0="79,1,98,50,53,124,17,102,89,20,76,16,87" hai1="100,108,128,24,9,6,74,7,101,116,62,57,21" hai2="97,8,18,133,22,80,88,33,91,120,36,32,3" hai3="123,46,113,78,118,14,37,104,112,117,96,92,103"/><U111/><E74/><V25/><F120/><W67/><G67/><T70/><D1/><U61/><E116/><N who="3" m="44650" /><G14/><T63/><D124/><U66/><E62/><V109/><F109/><W48/><G123/><T10/><D10/><U52/><E128/><V127/><F127/><W125/><G125/><T68/><D102/><U134/><E134/><V65/><F133/><W119/><N who="3" m="44658" /><W12/><DORA hai="47" /><G12/><T86/><D98/><U5/><E9/><V135/><F135/><W99/><G78/><T49/><D53/><U56/><E56/><V23/><F3/><W40/><G99/><T2/><D2/><U27/><E66/><V34/><F8/><W55/><G92/><T39/><D20/><U71/><E71/><V44/><F65/><W15/><G15/><T42/><D63/><U131/><E131/><V51/><F97/><W60/><G60/><T19/><D39/><U105/><E105/><V4/><F4/><W77/><G77/><T58/><D58/><AGARI ba="0,0" hai="37,40,46,48,55,58,96,103,104,112,113" m="44658" machi="58" ten="40,5200,0" yaku="12,1,52,2" doraHai="69,47" who="3" fromWho="0" sc="243,-52,483,0,149,0,125,52" /><INIT seed="6,0,0,0,5,98" ten="191,483,149,177" oya="2" hai0="45,43,26,111,11,10,113,19,28,116,53,119,7" hai1="74,35,41,1,20,29,48,61,118,73,117,94,72" hai2="105,93,63,109,64,6,77,122,22,133,51,92,25" hai3="58,32,0,42,81,46,71,56,112,14,65,84,78"/><V103/><F122/><W124/><G32/><T135/><D111/><U97/><E35/><V75/><F109/><W85/><G124/><T106/><D113/><U87/><E1/><V69/><F133/><W37/><G65/><T127/><D135/><U59/><E87/><V95/><F6/><W30/><G71/><T67/><D127/><U79/><E79/><V52/><F75/><W40/><G30/><T131/><D131/><U102/><E48/><V68/><F77/><W82/><G42/><T36/><D106/><U107/><E41/><V13/><F13/><W8/><G0/><T2/><D67/><N who="1" m="39359" /><E107/><V91/><F69/><W125/><G125/><T66/><D66/><U5/><E5/><V17/><F105/><W12/><G112/><T114/><D53/><U23/><E23/><V96/><F91/><W34/><G14/><T33/><D114/><U126/><E126/><V57/><AGARI ba="0,0" hai="17,22,25,51,52,57,63,64,68,92,93,95,96,103" machi="57" ten="20,7800,0" yaku="0,1,7,1,52,1,54,1" doraHai="98" who="2" fromWho="2" sc="191,-26,483,-26,149,78,177,-26" /><INIT seed="6,1,0,0,1,121" ten="165,457,227,151" oya="2" hai0="129,106,0,95,135,93,16,74,69,115,120,104,130" hai1="10,75,117,124,113,39,24,50,99,90,12,70,67" hai2="111,49,71,110,4,29,27,38,1,119,131,30,98" hai3="76,55,6,28,7,80,84,85,83,40,61,42,45"/><V92/><F38/><W37/><G40/><T5/><D120/><U59/><E75/><V25/><F119/><W41/><G28/><N who="2" m="10857" /><F71/><W62/><G42/><T78/><D69/><U101/><E24/><V14/><F1/><W126/><G126/><T97/><D115/><U56/><E50/><V123/><F123/><W3/><G3/><T9/><D135/><U13/><E67/><V87/><F87/><W26/><G26/><T128/><D16/><U57/><E99/><V100/><F49/><W54/><G61/><T73/><D93/><U125/><E113/><V65/><F65/><W89/><G62/><T108/><D108/><N who="2" m="41514" /><F131/><W43/><REACH who="3" step="1"/><G43/><REACH who="3" ten="165,457,227,141" step="2"/><T21/><D0/><U8/><E39/><V2/><F2/><W127/><G127/><T44/><D129/><U31/><E70/><V20/><F20/><W68/><G68/><T81/><D21/><U52/><E117/><V107/><F107/><W122/><G122/><T53/><D104/><U11/><E124/><V103/><F103/><W96/><G96/><T23/><D106/><U94/><E101/><V116/><F116/><W86/><G86/><T72/><D23/><U64/><E64/><V19/><F27/><W33/><G33/><T51/><D130/><U60/><E125/><V34/><F25/><W22/><G22/><T134/><D128/><U47/><E31/><V48/><F34/><W17/><G17/><T46/><D73/><U88/><E10/><N who="2" m="4423" /><F19/><W18/><G18/><T77/><D74/><U114/><E114/><V66/><F66/><W132/><G132/><T82/><D134/><U79/><E8/><RYUUKYOKU ba="1,1" sc="165,-15,457,-15,227,15,141,15" hai2="48,92,98,100" hai3="6,7,37,41,45,54,55,76,80,83,84,85,89" /><INIT seed="6,2,1,2,2,30" ten="150,442,242,156" oya="2" hai0="5,104,131,98,129,16,122,79,4,58,37,96,132" hai1="74,92,47,51,20,123,135,128,60,73,53,97,19" hai2="55,114,113,117,116,17,3,111,15,118,85,67,100" hai3="106,32,6,8,64,48,82,83,103,99,72,27,56"/><V121/><F3/><W109/><G109/><T1/><D122/><U24/><E128/><N who="0" m="49225" /><D132/><U25/><E135/><V34/><F121/><W105/><G72/><T115/><D115/><N who="2" m="44042" /><F111/><W86/><G83/><T101/><D37/><U10/><E10/><N who="2" m="6391" /><F67/><W62/><G48/><T133/><D1/><U21/><E60/><V124/><F124/><W2/><G27/><T69/><D69/><U107/><E107/><V7/><F7/><W45/><G45/><T26/><D5/><U57/><E123/><V89/><F100/><W134/><G134/><T93/><D101/><U49/><E74/><V108/><F108/><W38/><G38/><T14/><D4/><U40/><E73/><V95/><F34/><W76/><REACH who="3" step="1"/><G106/><REACH who="3" ten="150,442,242,146" step="2"/><T29/><D104/><U23/><E25/><V18/><F55/><W63/><G63/><T12/><D26/><U119/><E119/><V91/><F91/><AGARI ba="2,2" hai="19,20,21,23,24,40,47,49,51,53,57,91,92,97" machi="91" ten="30,2000,0" yaku="7,1,8,1" doraHai="30" who="1" fromWho="2" sc="150,0,442,46,242,-26,146,0" /><INIT seed="7,0,0,0,2,80" ten="150,488,216,146" oya="3" hai0="90,32,61,55,40,21,130,41,72,112,131,105,120" hai1="127,36,113,20,107,26,39,73,33,104,129,5,63" hai2="35,79,128,110,58,134,67,49,89,121,56,99,77" hai3="38,6,95,60,37,19,8,87,85,1,126,59,122"/><W47/><G122/><T64/><D32/><U14/><E20/><V2/><F110/><W124/><G19/><T42/><D120/><U22/><E14/><V115/><F121/><W75/><G75/><T88/><D72/><U132/><E22/><V70/><F70/><W30/><G30/><T11/><D105/><U106/><E5/><V7/><F35/><W71/><G71/><T23/><D112/><U24/><E24/><V65/><F115/><W98/><G47/><T27/><D55/><U52/><E52/><V82/><F128/><N who="0" m="49194" /><D11/><U135/><E63/><N who="2" m="38119" /><F2/><W44/><G44/><T91/><D27/><U109/><E109/><V81/><F7/><W102/><G38/><N who="1" m="14378" /><E127/><N who="3" m="48682" /><G37/><T111/><D111/><U16/><E16/><V10/><F10/><W96/><G96/><T83/><D83/><N who="2" m="31754" /><F134/><N who="1" m="51241" /><E129/><V119/><F119/><W86/><G60/><T66/><D66/><U78/><E113/><V68/><F68/><AGARI ba="0,0" hai="21,23,40,41,42,61,64,68,88,90,91" m="49194" machi="68" ten="40,2600,0" yaku="19,1,54,1" doraHai="80" who="0" fromWho="2" sc="150,26,488,0,216,-26,146,0" owari="176,-22.0,488,58.0,190,-1.0,146,-35.0" /></mjloggm>