<mjloggm ver="2.3"><GO type="169" lobby="0"/><UN n0="%EF%BC%88%E2%89%A7%E2%96%BD%E2%89%A6%EF%BC%89" n1="%E3%81%84%E3%81%97%E3%81%97%E3%82%93%49%44%E7%B4%9B%E5%A4%B1" n2="%E3%81%BE%E3%81%AA%E3%81%84%E3%81%9F%E3%82%88%E3%81%86%E3%81%98%E3%82%87" n3="%E3%81%BD%E3%81%A8%E3%81%97" dan="17,17,17,17" rate="2188.27,2184.66,2132.96,2171.99" sx="M,M,M,F"/><TAIKYOKU oya="0"/><INIT seed="0,0,0,5,1,85" ten="250,250,250,250" oya="0" hai0="72,23,96,19,0,80,99,25,90,112,4,124,14" hai1="117,135,70,8,65,53,30,82,42,31,94,37,16" hai2="102,38,21,115,58,10,27,28,45,24,26,36,48" hai3="91,49,92,110,121,20,134,129,123,73,6,3,18"/><T12/><D112/><U116/><E70/><V40/><F115/><W66/><G110/><T41/><D124/><U11/><E65/><V106/><F10/><W76/><G129/><T32/><D41/><U77/><E135/><V81/><F106/><W69/><G134/><T84/><D72/><U79/><E53/><V59/><F102/><W98/><G49/><T5/><D0/><U86/><E79/><V52/><F58/><W105/><G105/><T39/><D39/><U56/><E56/><V104/><F104/><W127/><G127/><T67/><D67/><U78/><E78/><V15/><F15/><N who="0" m="5674" /><D32/><U114/><E114/><V44/><F81/><W101/><G6/><AGARI ba="0,0" hai="4,5,6,19,23,25,80,84,90,96,99" m="5674" machi="6" ten="30,2900,0" yaku="8,1,52,1" doraHai="85" who="0" fromWho="3" sc="250,29,250,0,250,0,250,-29" /><INIT seed="0,1,0,4,5,134" ten="279,250,250,221" oya="0" hai0="14,40,123,85,76,6,45,112,81,118,129,128,44" hai1="0,5,70,91,30,83,11,122,56,120,117,88,133" hai2="58,29,35,18,27,66,57,78,23,51,99,7,54" hai3="119,26,96,111,68,2,131,48,20,94,64,42,106"/><T46/><D123/><U107/><E70/><V121/><F121/><W31/><G119/><T3/><D118/><U69/><E69/><V72/><F7/><W115/><G115/><T1/><D112/><U101/><E117/><V109/><F99/><W103/><G111/><T71/><D71/><U32/><E133/><V65/><F109/><W60/><G131/><N who="0" m="50251" /><D40/><U132/><E91/><V100/><F100/><W67/><G2/><T79/><D79/><U110/><E88/><V52/><F78/><W82/><G82/><T50/><D50/><U84/><E56/><V53/><F72/><W36/><G36/><T34/><D34/><U97/><E84/><V8/><F53/><W37/><G37/><T61/><D61/><U4/><E83/><V33/><F33/><W114/><G114/><T16/><D6/><U92/><E5/><V39/><F39/><W108/><G108/><T49/><D49/><U93/><E110/><V22/><F35/><W102/><G67/><T124/><D124/><U10/><E132/><V90/><F65/><W98/><G48/><T74/><D74/><U104/><E120/><V130/><F66/><W59/><G68/><T105/><D105/><U12/><E107/><V86/><F130/><W21/><G42/><T63/><D63/><U55/><E122/><V135/><F135/><W62/><REACH who="3" step="1"/><G60/><REACH who="3" ten="279,250,250,211" step="2"/><T126/><D126/><U24/><E55/><V19/><F54/><W87/><G87/><T28/><D28/><U77/><E77/><V43/><F43/><W41/><G41/><T95/><D95/><N who="1" m="36427" /><E0/><V125/><F52/><W80/><G80/><RYUUKYOKU ba="1,1" sc="279,10,250,10,250,-30,211,10" hai0="1,3,14,16,44,45,46,76,81,85" hai1="4,10,11,12,24,30,32,97,101,104" hai3="20,21,26,31,59,62,64,94,96,98,102,103,106" /><INIT seed="0,2,1,1,0,3" ten="289,260,220,221" oya="0" hai0="46,57,12,77,105,107,125,124,108,83,34,120,94" hai1="63,16,95,58,71,21,113,116,36,84,114,103,135" hai2="106,8,68,50,74,28,45,54,115,69,35,0,119" hai3="127,6,86,10,18,23,126,65,41,17,53,15,64"/><T85/><D120/><U11/><E116/><V22/><F115/><N who="1" m="44041" /><E36/><V47/><F106/><N who="0" m="40458" /><D34/><U109/><E109/><V19/><F74/><W100/><G41/><T1/><D1/><U121/><E121/><V25/><F47/><W128/><G128/><T117/><D57/><U87/><E71/><V66/><F66/><W122/><G122/><T52/><D12/><N who="1" m="9351" /><E135/><V20/><F119/><W132/><G132/><T81/><D117/><U97/><E11/><V111/><F111/><W39/><G39/><T32/><D32/><U134/><E134/><V98/><F20/><W7/><G126/><N who="0" m="48747" /><D108/><U43/><E43/><V38/><F35/><W30/><G127/><T90/><D77/><U129/><E129/><V123/><F123/><W24/><G30/><T40/><D40/><U99/><E99/><V13/><F98/><W4/><G24/><T92/><D81/><U26/><E26/><V72/><F25/><W131/><G131/><T37/><D37/><U5/><E5/><N who="2" m="1063" /><F38/><W130/><G130/><T29/><D29/><U33/><E33/><V88/><F28/><W96/><G6/><T91/><D91/><U76/><E76/><V51/><F88/><W133/><G4/><T89/><D89/><U79/><E79/><V61/><F68/><W101/><G133/><T62/><D62/><U42/><E42/><N who="2" m="24887" /><F61/><W56/><G7/><T59/><D59/><U110/><E110/><V49/><F69/><W27/><G27/><T55/><D46/><U118/><E118/><V44/><F51/><W9/><G23/><T2/><D2/><U75/><E63/><V93/><F93/><AGARI ba="2,1" hai="52,55,83,85,90,92,93,94" m="48747,40458" machi="93" ten="30,5800,0" yaku="6,1,18,1,54,1" doraHai="3" who="0" fromWho="2" sc="289,74,260,0,220,-64,221,0" /><INIT seed="0,3,0,2,2,72" ten="363,260,156,221" oya="0" hai0="81,87,134,105,106,76,40,77,43,22,65,114,48" hai1="135,49,13,93,58,53,45,51,83,54,89,3,10" hai2="25,73,63,37,28,70,107,123,95,1,14,56,64" hai3="103,6,21,125,117,66,2,118,18,35,67,88,8"/><T20/><D114/><U112/><E135/><V44/><F123/><W75/><G35/><T128/><D134/><U69/><E112/><V36/><F1/><W42/><G125/><T91/><D128/><U85/><E69/><V0/><F0/><W41/><G103/><T129/><D129/><U39/><E3/><V50/><F107/><W84/><G75/><T111/><D111/><U7/><E39/><V86/><F73/><W126/><G126/><T124/><D124/><U80/><AGARI ba="3,0" hai="7,10,13,45,49,51,53,54,58,80,83,85,89,93" machi="80" ten="30,2000,0" yaku="0,1,8,1" doraHai="72" who="1" fromWho="1" sc="363,-13,260,29,156,-8,221,-8" /><INIT seed="1,0,0,0,3,111" ten="350,289,148,213" oya="1" hai0="75,64,6,3,62,54,108,127,12,42,92,102,26" hai1="15,126,101,31,59,107,95,22,0,14,94,4,132" hai2="7,112,68,78,29,133,37,70,11,28,123,99,118" hai3="35,116,121,69,97,30,113,57,40,89,114,71,36"/><U77/><E107/><V73/><F118/><W60/><G121/><T76/><D3/><U110/><E77/><V43/><F123/><W120/><G120/><T33/><D108/><U93/><E110/><V50/><F99/><W74/><G116/><T84/><D127/><U24/><E126/><V19/><F19/><W79/><G89/><T105/><D105/><U98/><E132/><V109/><F133/><W58/><G58/><N who="0" m="36951" /><D33/><U21/><E0/><N who="2" m="487" /><F50/><W39/><G57/><T124/><D124/><U65/><E21/><V44/><F109/><W5/><G5/><T18/><D75/><U23/><E23/><V10/><F10/><W20/><G20/><N who="0" m="13591" /><D42/><U100/><E4/><V80/><F112/><N who="3" m="43115" /><G97/><N who="0" m="59687" /><D54/><U9/><E101/><V34/><F29/><W66/><G40/><T82/><D6/><N who="1" m="3383" /><E15/><AGARI ba="0,0" hai="12,15,76,82,84" m="59687,13591,36951" machi="15" ten="30,1000,0" yaku="8,1" doraHai="111" who="0" fromWho="1" sc="350,10,289,-10,148,0,213,0" /><INIT seed="2,0,0,4,0,71" ten="360,279,148,213" oya="2" hai0="100,63,18,76,44,123,49,90,41,54,128,91,47" hai1="9,129,108,125,80,69,84,57,2,87,102,112,66" hai2="88,111,81,101,34,74,116,120,121,45,52,115,8" hai3="97,109,40,15,64,65,26,27,28,32,79,78,25"/><V48/><F34/><W132/><G132/><T77/><D123/><U130/><E69/><V134/><F115/><W55/><G109/><T126/><D126/><U73/><E112/><V89/><F116/><W127/><G127/><T30/><D128/><U135/><E125/><V107/><F107/><W33/><G55/><T42/><D100/><U50/><E108/><V5/><F111/><W10/><G40/><N who="0" m="15467" /><D30/><U29/><E135/><V58/><F134/><W59/><G97/><T56/><D18/><U17/><E29/><V51/><F101/><W72/><G72/><T24/><D24/><U39/><E87/><V92/><F48/><W22/><G22/><T12/><D12/><U104/><E73/><V4/><F58/><W82/><G82/><T7/><D7/><U11/><E17/><V36/><F36/><W94/><G94/><T131/><D44/><U23/><E2/><V103/><F103/><W114/><G114/><T37/><D37/><U16/><E39/><V106/><F106/><W118/><G118/><T99/><D99/><U117/><E117/><V19/><F74/><W96/><G96/><T38/><D38/><U6/><E102/><V46/><F46/><W93/><G93/><T31/><D31/><U105/><E105/><V21/><F121/><W98/><G98/><T75/><D131/><U20/><E104/><V70/><F70/><W95/><G95/><T14/><D75/><U86/><E130/><V43/><F120/><W61/><G64/><N who="0" m="39015" /><D14/><U62/><E129/><V133/><F133/><W85/><G32/><T53/><D53/><U35/><E35/><RYUUKYOKU ba="0,0" sc="360,30,279,-10,148,-10,213,-10" hai0="47,49,54,76,77,90,91" /><INIT seed="3,1,0,3,4,82" ten="390,269,138,203" oya="3" hai0="64,36,91,115,53,128,50,80,60,131,90,57,15" hai1="114,20,10,2,31,4,7,42,1,43,129,74,41" hai2="108,87,103,130,26,86,21,18,77,45,99,58,73" hai3="81,9,135,67,98,102,66,117,3,38,62,101,61"/><W14/><G117/><T19/><D115/><U88/><E114/><V105/><F108/><W85/><G3/><T79/><D36/><U133/><E74/><V63/><F130/><N who="0" m="49706" /><D79/><U97/><E129/><V28/><F45/><W75/><G75/><T93/><D80/><U111/><E111/><V52/><F73/><W5/><G135/><T110/><D110/><U72/><E72/><V118/><F77/><W113/><G38/><T44/><D93/><U16/><E31/><V22/><REACH who="2" step="1"/><F118/><REACH who="2" ten="390,269,128,203" step="2"/><W39/><G113/><T37/><D37/><U71/><E133/><V126/><F126/><W46/><G39/><T56/><D44/><U34/><E42/><V116/><F116/><W49/><G46/><T51/><D51/><U123/><E43/><V119/><F119/><W107/><G49/><T125/><D125/><U13/><E41/><V70/><F70/><W78/><REACH who="3" step="1"/><G101/><REACH who="3" ten="390,269,128,193" step="2"/><T27/><D50/><U127/><E127/><V65/><F65/><AGARI ba="1,2" hai="5,9,14,61,62,65,66,67,78,81,85,98,102,107" machi="65" ten="40,7700,0" yaku="1,1,2,1,52,1,53,0" doraHai="82" doraHaiUra="29" who="3" fromWho="2" sc="390,0,269,0,128,-80,193,100" /><INIT seed="3,2,0,3,0,30" ten="390,269,48,293" oya="3" hai0="19,108,3,17,2,118,39,54,85,95,5,23,48" hai1="68,57,81,6,24,13,66,112,123,51,129,38,50" hai2="121,122,1,131,55,11,67,7,33,10,35,61,60" hai3="28,135,113,43,22,94,80,53,83,71,72,9,58"/><W0/><G113/><T115/><D39/><U110/><E123/><N who="2" m="47115" /><F11/><W32/><G135/><T100/><D118/><U73/><E38/><V116/><F116/><W86/><G71/><T42/><D115/><U62/><E112/><V98/><F98/><W103/><G43/><T82/><D108/><U119/><E119/><V46/><F131/><W65/><G65/><T106/><D106/><U124/><E110/><V29/><F29/><W26/><G72/><T99/><D42/><U75/><E129/><V96/><F96/><W101/><G80/><T88/><D5/><U117/><E117/><V69/><F46/><W49/><G22/><T90/><D19/><U63/><E124/><V4/><F4/><W126/><G126/><T44/><REACH who="0" step="1"/><D100/><REACH who="0" ten="380,269,48,293" step="2"/><U125/><E125/><V47/><F47/><W74/><G101/><T27/><AGARI ba="2,1" hai="2,3,17,23,27,44,48,54,82,85,88,90,95,99" machi="27" ten="20,12000,2" yaku="1,1,2,1,0,1,7,1,54,1,53,1" doraHai="30" doraHaiUra="89" who="0" fromWho="0" sc="380,136,269,-32,48,-32,293,-62" /><INIT seed="4,0,0,1,4,130" ten="516,237,16,231" oya="0" hai0="117,124,2,76,34,48,63,90,31,82,60,118,119" hai1="127,133,87,61,122,115,3,106,52,121,94,36,83" hai2="32,114,104,100,29,111,81,25,98,75,4,22,113" hai3="128,131,27,80,72,18,92,95,37,71,53,86,64"/><T21/><D34/><U134/><E106/><V51/><F111/><W69/><G72/><T24/><D2/><U65/><E3/><V12/><F51/><W97/><G37/><T35/><D124/><U8/><E127/><V125/><F125/><W6/><G6/><T49/><D90/><U39/><E115/><V126/><F126/><W14/><G27/><T42/><D35/><U62/><E8/><V13/><F75/><W30/><G30/><T105/><D105/><U66/><E94/><V67/><F81/><W132/><G64/><N who="1" m="24682" /><E87/><V54/><F54/><W50/><G95/><T68/><D68/><U120/><E83/><V16/><F12/><W89/><G71/><T15/><D15/><U0/><E0/><V101/><F101/><W74/><G69/><T20/><D20/><U70/><E70/><V33/><F67/><W108/><G74/><T45/><D49/><U19/><E19/><V93/><F4/><W85/><G128/><T107/><D107/><U77/><E77/><V110/><F110/><W116/><G108/><T7/><D7/><U96/><E96/><V10/><REACH who="2" step="1"/><F104/><REACH who="2" ten="516,237,6,231" step="2"/><W103/><G103/><T9/><D118/><U23/><E52/><V1/><F1/><W58/><G116/><T78/><D119/><U91/><E39/><V112/><AGARI ba="0,1" hai="10,13,16,22,25,29,32,33,93,98,100,112,113,114" machi="112" ten="30,7900,0" yaku="1,1,0,1,15,1,54,1,53,0" doraHai="130" doraHaiUra="46" who="2" fromWho="2" sc="516,-39,237,-20,6,89,231,-20" /><INIT seed="5,0,0,2,0,48" ten="477,217,95,211" oya="1" hai0="99,54,19,36,74,55,62,126,0,96,133,20,16" hai1="81,18,118,44,107,67,122,68,89,71,41,95,70" hai2="129,86,26,3,32,131,132,83,110,60,58,1,11" hai3="125,77,69,10,35,75,104,14,108,90,21,79,42"/><U92/><E107/><V39/><F39/><W109/><G35/><T4/><D74/><U17/><E118/><V93/><F110/><W112/><G69/><T80/><D36/><U23/><E67/><V46/><F46/><W9/><G104/><T106/><D106/><U121/><E81/><V45/><F45/><W40/><G112/><T115/><D133/><U34/><E34/><V6/><F93/><W15/><G90/><T22/><D115/><U101/><E101/><V82/><F1/><W111/><G21/><N who="0" m="8299" /><D0/><U88/><E23/><V64/><F132/><W120/><G125/><T38/><D38/><U66/><E66/><V52/><F64/><W56/><G120/><T2/><D2/><U27/><E44/><V7/><F7/><W47/><G56/><N who="0" m="35095" /><D4/><U8/><E70/><V5/><F5/><W59/><G75/><T94/><D80/><U73/><E73/><V30/><REACH who="2" step="1"/><F86/><REACH who="2" ten="477,217,85,211" step="2"/><W100/><G109/><T114/><D94/><U103/><E95/><V128/><AGARI ba="0,1" hai="3,6,11,26,30,32,52,58,60,82,83,128,129,131" machi="128" ten="30,12000,2" yaku="1,1,2,1,0,1,19,1,52,1,54,1,53,0" doraHai="48" doraHaiUra="117" who="2" fromWho="2" sc="477,-30,217,-60,85,130,211,-30" /><INIT seed="6,0,0,0,5,61" ten="447,157,215,181" oya="2" hai0="120,51,122,34,93,50,3,110,54,25,87,99,133" hai1="128,63,48,74,65,4,91,53,29,56,86,42,108" hai2="33,11,28,60,9,73,134,17,116,96,57,12,84" hai3="8,79,121,89,117,19,7,55,35,49,119,77,130"/><V18/><F73/><W31/><G121/><T0/><D110/><U62/><E108/><V6/><F116/><W83/><G130/><T78/><D50/><U5/><E74/><V132/><F96/><W44/><G19/><T82/><D133/><N who="2" m="51306" /><F84/><W100/><G100/><T127/><D127/><U80/><E128/><V113/><F113/><W92/><G31/><T43/><D43/><U27/><E42/><V102/><F102/><W16/><G35/><T21/><D34/><U105/><E105/><V118/><F118/><W37/><G37/><T68/><D68/><U71/><REACH who="1" step="1"/><E48/><REACH who="1" ten="447,147,215,181" step="2"/><V30/><F9/><W10/><G119/><T101/><D87/><U111/><E111/><V125/><F125/><W123/><G117/><T81/><D101/><U1/><E1/><V46/><F46/><W13/><G123/><T66/><D99/><U64/><E64/><N who="2" m="38927" /><F33/><AGARI ba="0,1" hai="4,5,27,29,33,53,56,62,63,65,71,80,86,91" machi="33" ten="30,3900,0" yaku="1,1,7,1,52,1,53,0" doraHai="61" doraHaiUra="36" who="1" fromWho="2" sc="447,0,147,49,215,-39,181,0" /><INIT seed="7,0,0,3,0,5" ten="447,196,176,181" oya="3" hai0="33,80,70,105,49,62,84,117,119,106,14,39,76" hai1="67,37,7,129,46,120,87,109,0,18,35,23,51" hai2="82,48,110,52,99,107,31,29,28,78,83,103,135" hai3="61,59,24,81,102,44,20,43,118,91,6,68,128"/><W60/><G118/><T88/><D39/><U79/><E35/><V116/><F116/><W25/><G68/><T90/><D33/><U65/><E37/><V85/><F135/><W19/><G128/><T66/><D90/><U57/><E109/><V45/><REACH who="2" step="1"/><F82/><REACH who="2" ten="447,196,166,181" step="2"/><W42/><G25/><T75/><D80/><U54/><E129/><V95/><F95/><W127/><G127/><T121/><D49/><U93/><E51/><V98/><F98/><W56/><G102/><T96/><D14/><U4/><E93/><V108/><AGARI ba="0,1" hai="28,29,31,45,48,52,78,83,85,99,103,107,108,110" machi="108" ten="30,4000,0" yaku="1,1,0,1,54,1,53,0" doraHai="5" doraHaiUra="11" who="2" fromWho="2" sc="447,-10,196,-10,166,50,181,-20" owari="437,53.0,186,-21.0,216,2.0,161,-34.0" /></mjloggm>