<mjloggm ver="2.3"><GO type="169" lobby="0"/><UN n0="%EF%BC%88%E2%89%A7%E2%96%BD%E2%89%A6%EF%BC%89" n1="%E3%82%82%E3%81%A3%E3%81%97%E3%83%BC" n2="%6D%61%63%6A%72" n3="%E3%81%B5%E3%81%8B%E3%81%BF" dan="17,17,16,17" rate="2141.76,2160.36,2045.13,2155.15" sx="M,M,M,F"/><TAIKYOKU oya="0"/><INIT seed="0,0,0,2,1,124" ten="250,250,250,250" oya="0" hai0="18,113,126,127,79,58,103,102,0,51,108,112,104" hai1="97,71,57,63,70,50,28,117,47,16,27,53,88" hai2="115,135,69,55,72,61,59,45,65,82,66,128,118" hai3="35,24,4,25,98,5,80,111,114,41,99,84,78"/><T123/><D0/><U21/><E117/><V132/><F72/><W134/><G114/><N who="0" m="44139" /><D123/><U62/><E62/><N who="2" m="40151" /><F82/><W75/><G75/><T9/><D9/><U42/><E28/><V60/><F115/><W19/><G35/><T7/><D7/><U26/><E26/><V106/><F106/><W86/><G19/><T49/><D18/><U11/><E11/><V36/><F118/><W12/><G12/><T43/><D43/><U68/><E71/><N who="2" m="42407" /><F128/><W119/><G41/><AGARI ba="0,0" hai="36,41,45,55,59,61,132,135" m="42407,40151" machi="41" ten="30,2000,0" yaku="34,2" doraHai="124" who="2" fromWho="3" sc="250,0,250,0,250,20,250,-20" /><INIT seed="1,0,0,5,5,100" ten="250,250,270,230" oya="1" hai0="0,135,55,113,125,40,69,119,115,90,111,121,99" hai1="12,131,28,9,85,97,62,123,83,132,5,124,48" hai2="8,63,13,4,112,128,129,1,51,14,2,26,109" hai3="87,61,67,23,50,133,32,81,15,64,7,68,47"/><U21/><E123/><V127/><F51/><W41/><G32/><T82/><D119/><U71/><E132/><V77/><F63/><W102/><G133/><T130/><D69/><U96/><E131/><N who="2" m="50251" /><F77/><W57/><G102/><T35/><D35/><U122/><E122/><V56/><F56/><W106/><G68/><T65/><D0/><N who="2" m="106" /><F112/><W66/><G106/><T134/><D134/><U42/><E124/><V114/><F114/><W38/><G38/><T37/><D125/><U36/><E36/><V31/><F127/><W93/><G23/><T29/><D37/><U126/><E126/><V84/><F84/><W30/><G30/><T76/><D29/><U103/><E71/><V33/><F14/><W19/><G93/><T73/><D121/><U70/><E70/><V43/><F43/><W39/><G39/><T6/><D40/><U110/><E62/><V3/><F13/><W74/><G74/><T72/><D73/><U53/><E42/><V79/><F79/><W91/><REACH who="3" step="1"/><G19/><REACH who="3" ten="250,250,270,220" step="2"/><T95/><D72/><U24/><E103/><V89/><F89/><W116/><G116/><T58/><D90/><U44/><REACH who="1" step="1"/><E110/><AGARI ba="0,1" hai="3,4,8,26,31,33,109,110" m="106,50251" machi="110" ten="40,8000,1" yaku="19,1,23,1,34,2" doraHai="100" who="2" fromWho="1" sc="250,0,250,-80,270,90,220,0" /><INIT seed="2,0,0,5,5,78" ten="250,170,360,220" oya="2" hai0="23,3,124,112,91,87,110,20,107,39,97,111,27" hai1="42,40,31,24,61,71,75,0,109,52,100,93,118" hai2="28,67,11,105,94,128,15,131,101,9,30,69,6" hai3="12,113,116,108,10,4,17,57,104,119,103,5,86"/><V106/><F67/><W65/><G108/><N who="0" m="41515" /><D112/><U74/><E0/><V13/><F69/><W134/><G113/><T32/><D39/><U95/><E118/><V51/><F94/><W96/><G134/><T82/><D3/><U88/><E109/><V81/><F51/><W68/><G68/><T7/><D7/><U83/><E74/><V79/><F101/><W56/><G4/><T33/><D124/><U59/><E71/><V44/><F44/><W98/><G98/><T2/><D2/><U58/><E100/><V54/><F54/><W43/><G43/><T1/><D1/><U89/><E95/><V123/><F123/><W18/><G65/><T37/><D37/><U73/><E73/><V132/><F132/><W102/><G102/><N who="0" m="62927" /><D23/><N who="1" m="15775" /><E75/><V36/><F36/><W38/><G38/><T64/><D64/><U34/><E34/><V72/><F105/><W16/><REACH who="3" step="1"/><G86/><REACH who="3" ten="250,170,360,210" step="2"/><T84/><D87/><N who="1" m="50303" /><E59/><AGARI ba="0,1" hai="5,10,12,16,17,18,56,57,59,96,103,104,116,119" machi="59" ten="40,2600,0" yaku="1,1,54,1,53,0" doraHai="78" doraHaiUra="129" who="3" fromWho="1" sc="250,0,170,-26,360,0,210,36" /><INIT seed="3,0,0,3,4,53" ten="250,144,360,246" oya="3" hai0="10,123,64,105,4,77,6,55,15,104,24,29,51" hai1="124,63,132,82,76,69,95,21,118,94,70,108,62" hai2="20,97,116,37,41,50,0,112,117,91,36,103,68" hai3="114,43,7,52,11,30,83,58,1,126,127,80,34"/><W128/><G114/><T79/><D123/><U5/><E108/><V9/><F68/><W28/><G43/><T88/><D4/><U89/><E132/><V14/><F112/><W96/><G96/><T17/><D64/><U61/><E124/><N who="3" m="47658" /><G128/><T32/><D6/><U133/><E133/><V100/><F36/><W54/><G54/><T135/><D135/><U46/><E118/><V86/><F37/><W78/><G34/><T75/><D75/><U106/><E106/><V73/><F97/><W109/><G109/><T67/><D67/><U130/><E130/><V27/><F116/><W65/><G65/><T18/><D18/><U129/><E129/><V59/><F41/><W25/><G25/><T74/><D74/><U93/><E5/><N who="2" m="3375" /><F73/><N who="3" m="43087" /><G83/><T125/><D125/><U66/><E89/><V26/><F27/><W44/><G44/><T113/><D113/><U33/><E33/><V2/><F100/><W49/><AGARI ba="0,0" hai="1,7,11,28,30,49,52,58" m="43087,47658" machi="49" ten="30,6000,0" yaku="18,1,52,1,54,1" doraHai="53" who="3" fromWho="3" sc="250,-20,144,-20,360,-20,246,60" /><INIT seed="3,1,0,1,0,18" ten="230,124,340,306" oya="3" hai0="22,128,95,13,55,53,78,121,69,130,133,70,27" hai1="56,94,45,31,125,82,110,65,30,26,115,127,122" hai2="72,103,68,28,40,79,16,129,66,131,104,14,100" hai3="92,62,46,74,44,6,42,88,10,73,90,124,57"/><W120/><G120/><T5/><D121/><U47/><E122/><V17/><F28/><W77/><G124/><N who="1" m="47690" /><E110/><V96/><F100/><W38/><G46/><N who="1" m="17418" /><E82/><V102/><F102/><W117/><G117/><T50/><D78/><U86/><E115/><V32/><F32/><W111/><G111/><T29/><D95/><U113/><E113/><V108/><F40/><W33/><G33/><T36/><D36/><U24/><E24/><V23/><F108/><W89/><G92/><T132/><D13/><U9/><E9/><V99/><F99/><W34/><G34/><T116/><D116/><U60/><E26/><V49/><F49/><W106/><G106/><T112/><D112/><U123/><E123/><V12/><F79/><W52/><REACH who="3" step="1"/><G77/><REACH who="3" ten="230,124,340,296" step="2"/><T93/><D93/><U35/><E35/><V109/><F109/><W7/><G7/><T87/><D5/><U135/><E135/><V0/><F104/><W8/><G8/><T41/><D133/><U119/><E119/><V67/><F129/><W126/><G126/><T3/><D132/><U101/><E101/><V118/><F131/><W83/><G83/><T4/><D130/><U2/><E2/><AGARI ba="1,1" hai="2,6,10,38,42,44,52,57,62,73,74,88,89,90" machi="2" ten="40,12000,1" yaku="1,1,54,2,53,1" doraHai="18" doraHaiUra="71" who="3" fromWho="1" sc="230,0,124,-123,340,0,296,133" /><INIT seed="3,2,0,2,3,37" ten="230,1,340,429" oya="3" hai0="31,93,92,125,9,49,18,40,68,26,118,96,54" hai1="88,80,2,47,81,72,45,117,129,13,70,6,111" hai2="73,28,53,116,75,8,16,43,104,23,135,108,98" hai3="103,110,15,113,64,38,94,134,3,14,19,87,97"/><W133/><G3/><T79/><D68/><U65/><E70/><V102/><F116/><W122/><G113/><T5/><D118/><U1/><E2/><V89/><F108/><W101/><G38/><T29/><D125/><U132/><E1/><V20/><F135/><N who="3" m="51723" /><G64/><T107/><D107/><U119/><E111/><V128/><F128/><W91/><G110/><T57/><D79/><N who="1" m="44135" /><E65/><V12/><F43/><W46/><G46/><N who="0" m="25799" /><D5/><U34/><E34/><V120/><F120/><W17/><G122/><T32/><D32/><U127/><E127/><V27/><F53/><W24/><G24/><T126/><D126/><U22/><E129/><V77/><F77/><W30/><G30/><N who="0" m="11275" /><D96/><U41/><E132/><V25/><REACH who="2" step="1"/><F89/><REACH who="2" ten="230,1,330,429" step="2"/><W10/><G97/><T67/><D67/><U35/><E81/><V55/><F55/><W112/><G112/><T76/><D76/><U4/><E4/><AGARI ba="2,1" hai="4,8,12,16,20,23,25,27,28,73,75,98,102,104" machi="4" ten="30,3900,0" yaku="1,1,7,1,54,1,53,0" doraHai="37" doraHaiUra="82" who="2" fromWho="1" sc="230,0,1,-45,330,55,429,0" owari="230,-17.0,-44,-54.0,385,19.0,429,52.0" /></mjloggm>