<mjloggm ver="2.3"><GO type="169" lobby="0"/><UN n0="%E3%81%93%E3%81%BE%E3%81%A3%E3%81%95%E3%82%93" n1="%4D%61%52%63%48" n2="%E3%82%88%E3%81%8A%E3%81%96%E3%82%93" n3="%EF%BC%88%E2%89%A7%E2%96%BD%E2%89%A6%EF%BC%89" dan="16,16,17,17" rate="2139.94,2081.78,2071.57,2156.53" sx="M,M,M,M"/><TAIKYOKU oya="0"/><INIT seed="0,0,0,0,1,51" ten="250,250,250,250" oya="0" hai0="49,50,104,35,40,89,119,58,110,56,70,36,124" hai1="127,62,133,7,115,121,39,23,107,47,120,102,106" hai2="123,55,129,75,21,59,93,53,26,134,83,66,15" hai3="90,91,118,99,25,73,111,46,71,100,96,9,97"/><T42/><D35/><U108/><E7/><V74/><F123/><W34/><G118/><T4/><D104/><U95/><E62/><V72/><F129/><W60/><G73/><T109/><D4/><U114/><E23/><V126/><F134/><W86/><G111/><N who="0" m="42507" /><D89/><U76/><E108/><V29/><F126/><W6/><G100/><T3/><D3/><U101/><E47/><V63/><F83/><W92/><G46/><N who="0" m="23815" /><D119/><U33/><E39/><V125/><F125/><W112/><G112/><T27/><D27/><U19/><E19/><V132/><F132/><W67/><G25/><T82/><D82/><U32/><E133/><V54/><F93/><W78/><G34/><T57/><D124/><U43/><E127/><V98/><F98/><W130/><G78/><T2/><D2/><U88/><E43/><V11/><REACH who="2" step="1"/><F75/><REACH who="2" ten="250,250,240,250" step="2"/><W84/><G130/><T94/><D94/><U105/><E95/><V18/><AGARI ba="0,1" hai="11,15,18,21,26,29,53,54,55,59,63,66,72,74" machi="18" ten="30,12000,2" yaku="1,1,2,1,0,1,52,3,53,0" doraHai="51" doraHaiUra="41" who="2" fromWho="2" sc="250,-60,250,-30,240,130,250,-30" /><INIT seed="1,0,0,3,4,62" ten="190,220,370,220" oya="1" hai0="57,124,31,117,130,107,104,1,119,51,11,23,63" hai1="122,68,109,82,102,69,87,59,108,12,100,85,3" hai2="131,56,29,84,43,66,134,65,74,34,94,103,77" hai3="97,133,89,121,39,41,90,36,125,79,126,60,28"/><U110/><E3/><V17/><F74/><W106/><G121/><T61/><D130/><U50/><E122/><V91/><F131/><W114/><G114/><T118/><D124/><N who="3" m="47721" /><G133/><T128/><D128/><U67/><E12/><V19/><F77/><W81/><G28/><T7/><D63/><N who="1" m="38399" /><E50/><V115/><F134/><W2/><G2/><T14/><D51/><U101/><E85/><V132/><F132/><W4/><G4/><T52/><D14/><U55/><E55/><V120/><F120/><W35/><G35/><T78/><REACH who="0" step="1"/><D78/><AGARI ba="0,0" hai="68,69,78,82,87,100,101,102,108,109,110" m="38399" machi="78" ten="40,7700,0" yaku="14,1,10,1,52,1" doraHai="62" who="1" fromWho="0" sc="190,-77,220,77,370,0,220,0" /><INIT seed="1,1,0,0,3,72" ten="113,297,370,220" oya="1" hai0="40,39,126,6,92,112,58,63,36,129,105,8,45" hai1="121,104,11,0,114,123,88,97,9,57,66,20,25" hai2="116,27,14,108,61,55,134,127,52,73,32,44,35" hai3="24,103,43,59,119,51,132,42,4,7,115,113,95"/><U19/><E114/><V69/><F116/><W31/><G119/><T64/><D105/><U17/><E104/><V124/><F134/><W78/><G132/><T3/><D112/><U109/><E11/><V118/><F118/><W135/><G135/><T41/><D129/><U46/><E46/><V67/><F73/><W56/><G103/><T71/><D58/><U60/><E109/><V122/><F122/><W23/><G95/><T65/><D64/><U87/><E97/><V22/><F108/><W94/><G94/><T54/><D54/><U133/><E133/><V86/><F14/><W74/><G115/><T82/><D92/><U75/><E75/><V12/><F12/><W76/><G113/><T48/><D126/><N who="2" m="48170" /><F86/><W33/><G33/><N who="2" m="12873" /><F44/><N who="3" m="26007" /><G74/><T117/><D117/><U102/><E102/><V77/><F77/><N who="3" m="29803" /><G43/><T125/><D125/><U18/><E123/><V15/><F15/><W21/><G21/><T110/><D110/><U100/><E121/><V10/><F10/><W37/><G37/><T84/><REACH who="0" step="1"/><D40/><REACH who="0" ten="103,297,370,220" step="2"/><U1/><E100/><V90/><F90/><AGARI ba="1,1" hai="3,6,8,36,39,41,45,48,63,65,71,82,84,90" machi="90" ten="30,3900,0" yaku="1,1,2,1,7,1,53,0" doraHai="72" doraHaiUra="13" who="0" fromWho="2" sc="103,52,297,0,370,-42,220,0" /><INIT seed="2,0,0,3,4,48" ten="155,297,328,220" oya="2" hai0="46,40,55,125,112,73,19,57,27,105,117,107,45" hai1="41,95,90,61,116,81,83,18,37,131,111,54,7" hai2="60,118,32,17,127,2,68,130,134,124,135,29,79" hai3="100,49,38,31,59,42,77,104,20,1,72,88,80"/><V26/><F79/><W78/><G1/><T113/><D73/><U115/><E116/><V30/><F60/><W16/><G38/><T76/><D76/><N who="3" m="29289" /><G72/><T93/><D117/><U109/><E7/><V91/><F68/><W21/><G104/><T89/><D125/><N who="2" m="48202" /><F91/><W62/><G100/><T58/><D58/><N who="1" m="35031" /><E18/><V108/><F118/><W97/><G31/><T4/><D4/><U14/><E14/><V92/><F92/><N who="3" m="56455" /><G80/><T98/><D107/><U9/><E9/><V0/><F108/><N who="1" m="41545" /><E115/><V13/><F30/><W103/><G103/><T39/><D105/><U99/><E131/><V12/><F12/><N who="3" m="9223" /><G21/><T52/><D19/><U133/><E133/><N who="2" m="50699" /><F130/><W126/><G126/><T74/><D74/><U106/><E106/><V8/><AGARI ba="0,0" hai="0,2,8,13,17,26,29,32" m="50699,48202" machi="8" ten="30,11700,0" yaku="18,1,20,1,34,2" doraHai="48" who="2" fromWho="2" sc="155,-39,297,-39,328,117,220,-39" /><INIT seed="2,1,0,3,5,123" ten="116,258,445,181" oya="2" hai0="94,121,56,46,55,130,6,40,27,122,113,23,44" hai1="119,1,21,126,4,49,87,112,133,39,63,18,58" hai2="37,29,67,90,132,82,116,32,5,42,47,110,24" hai3="81,54,43,80,131,31,52,85,100,71,114,108,120"/><V73/><F116/><W109/><G71/><T14/><D113/><U75/><E119/><V53/><F132/><W2/><G120/><T103/><D130/><U26/><E133/><V7/><F67/><W68/><G68/><T83/><D83/><U8/><E112/><V127/><F127/><W88/><G114/><T91/><D103/><U10/><E39/><V86/><F73/><W0/><G131/><T107/><D107/><U38/><E38/><V72/><F72/><W99/><G43/><T11/><D40/><U101/><E75/><V45/><F45/><W3/><G31/><T34/><D34/><U41/><E126/><V78/><F90/><W9/><G9/><T61/><D122/><U125/><E125/><V117/><F117/><W74/><G81/><T134/><D134/><U69/><E69/><V65/><F65/><W97/><G74/><T118/><D118/><U129/><E129/><V77/><F77/><W22/><G22/><T60/><D60/><U50/><E10/><V111/><REACH who="2" step="1"/><F53/><REACH who="2" ten="116,258,435,181" step="2"/><N who="3" m="20587" /><G100/><T128/><D121/><U98/><E101/><V36/><F36/><W84/><G84/><N who="0" m="52583" /><D128/><U135/><E87/><V76/><F76/><W20/><G99/><T66/><D55/><U79/><E98/><V17/><F17/><AGARI ba="1,1" hai="6,11,14,17,23,27,44,46,56,61,66" m="52583" machi="17" ten="30,1000,0" yaku="8,1" doraHai="123" who="0" fromWho="2" sc="116,23,258,0,435,-13,181,0" /><INIT seed="3,0,0,3,2,97" ten="139,258,422,181" oya="3" hai0="50,61,130,92,29,51,122,31,1,19,72,80,0" hai1="86,135,94,14,35,113,89,34,102,101,112,69,44" hai2="67,120,39,107,66,17,56,82,26,25,40,30,117" hai3="49,4,124,27,110,90,119,125,75,134,81,2,96"/><W108/><G119/><T127/><D122/><U60/><E44/><V114/><F117/><W53/><G134/><T106/><D106/><U57/><E69/><V52/><F114/><W28/><G2/><T93/><D61/><U88/><E135/><V78/><F120/><W18/><G4/><T20/><D72/><U16/><E89/><V23/><F107/><W71/><G71/><T24/><D80/><U59/><E112/><V55/><F40/><W121/><G18/><T65/><D65/><U128/><E113/><V76/><F39/><W48/><G121/><T118/><D118/><U84/><E84/><V10/><F78/><N who="3" m="44255" /><G90/><T109/><D0/><U64/><E59/><V98/><F98/><W62/><G96/><T36/><D1/><U3/><E3/><V104/><F104/><W37/><G37/><T45/><D36/><U8/><REACH who="1" step="1"/><E128/><REACH who="1" ten="139,248,422,181" step="2"/><V91/><F91/><W21/><G62/><T42/><D130/><U103/><AGARI ba="0,1" hai="8,14,16,34,35,57,60,64,86,88,94,101,102,103" machi="103" ten="30,16000,3" yaku="1,1,2,1,0,1,52,3,54,2,53,0" doraHai="97" doraHaiUra="38" who="1" fromWho="1" sc="139,-40,248,170,422,-40,181,-80" /><INIT seed="4,0,0,1,0,135" ten="99,418,382,101" oya="0" hai0="39,92,43,51,122,79,14,93,13,63,106,74,72" hai1="65,4,107,50,36,114,27,34,15,104,109,88,21" hai2="134,73,66,60,37,108,46,26,118,131,24,119,83" hai3="69,61,59,120,58,101,90,117,8,111,82,70,49"/><T91/><D122/><U71/><E109/><V121/><F121/><W67/><G111/><T53/><D106/><U86/><E36/><V35/><F108/><W25/><G117/><T10/><D63/><U125/><E114/><V3/><F3/><W102/><G120/><T54/><D39/><U48/><E34/><V94/><F134/><W132/><G132/><T130/><D130/><U113/><E113/><V18/><F131/><W85/><G25/><T5/><D13/><U20/><E65/><V87/><F73/><W30/><G30/><T76/><D92/><U38/><E71/><V45/><F94/><W84/><G69/><T110/><D110/><U115/><E38/><V11/><F11/><W123/><G123/><T80/><D43/><U12/><E4/><V103/><F103/><W9/><G70/><T32/><D32/><U29/><E86/><V133/><F133/><W116/><G116/><N who="2" m="44585" /><F37/><W41/><G85/><T55/><D79/><U98/><E115/><V2/><F2/><W62/><G101/><T112/><D112/><U57/><E104/><V31/><F18/><W42/><G102/><T16/><D74/><U124/><E107/><V99/><F99/><W105/><G105/><T75/><D75/><U1/><E1/><V126/><F26/><W128/><G128/><T6/><REACH who="0" step="1"/><D51/><REACH who="0" ten="89,418,382,101" step="2"/><N who="1" m="19499" /><E12/><V0/><F0/><W40/><REACH who="3" step="1"/><G49/><REACH who="3" ten="89,418,382,91" step="2"/><T97/><AGARI ba="0,2" hai="5,6,10,14,16,53,54,55,72,76,80,91,93,97" machi="97" ten="30,6000,0" yaku="1,1,0,1,54,1,53,0" doraHai="135" doraHaiUra="68" who="0" fromWho="0" sc="89,80,418,-20,382,-20,91,-20" /><INIT seed="4,1,0,3,2,91" ten="169,398,362,71" oya="0" hai0="49,26,127,10,76,65,133,78,103,27,117,70,48" hai1="93,0,99,69,85,86,13,134,77,132,4,37,11" hai2="115,12,68,72,56,61,42,74,43,97,94,45,22" hai3="51,6,106,9,25,46,33,120,108,73,98,35,14"/><T17/><D117/><U7/><E69/><V24/><F68/><W87/><G108/><T96/><D133/><N who="1" m="51307" /><E37/><V84/><F12/><W21/><G73/><T104/><D127/><U36/><E36/><V126/><F84/><N who="1" m="32361" /><E77/><V20/><F126/><W75/><G75/><T101/><D70/><U50/><E50/><V23/><F115/><W119/><G119/><T124/><D124/><U79/><E79/><V80/><F24/><W112/><G112/><T116/><D116/><U92/><E99/><V88/><F80/><W62/><G62/><T63/><D96/><U123/><E123/><V15/><F15/><W47/><G120/><T64/><D63/><U52/><E52/><V95/><F95/><N who="1" m="36425" /><E0/><V110/><F110/><W19/><G47/><T135/><D104/><U5/><AGARI ba="1,0" hai="4,5,7,11,13" m="36425,32361,51307" machi="5" ten="40,8000,1" yaku="20,1,52,3" doraHai="91" who="1" fromWho="1" sc="169,-41,398,83,362,-21,71,-21" /><INIT seed="5,0,0,0,5,57" ten="128,481,341,50" oya="1" hai0="78,21,75,105,107,58,111,45,92,54,82,69,38" hai1="29,108,11,104,76,129,90,24,59,93,7,109,71" hai2="17,110,25,49,15,85,103,135,95,34,37,44,128" hai3="18,10,42,86,115,50,72,14,3,131,97,67,12"/><U80/><E71/><V55/><F110/><N who="1" m="42601" /><E59/><V101/><F128/><W112/><G72/><T19/><D69/><U46/><E46/><V52/><F135/><W16/><G131/><T6/><D111/><U47/><E47/><V0/><F0/><W70/><G3/><T123/><D6/><U20/><E104/><V62/><F37/><W122/><G122/><T88/><D123/><U106/><E106/><V43/><F34/><W65/><G97/><T77/><D77/><U114/><E114/><N who="3" m="43562" /><G86/><T79/><D45/><U9/><E7/><V117/><F25/><W23/><G70/><T98/><D38/><U32/><E32/><V22/><F117/><W48/><G42/><T74/><D79/><U39/><E39/><V133/><F133/><W132/><G132/><T66/><D75/><N who="1" m="43039" /><E129/><V130/><F130/><W26/><G26/><T113/><D113/><U127/><E127/><V89/><F43/><W61/><G61/><T94/><D107/><U81/><E81/><V83/><F83/><W2/><G2/><T35/><D105/><U68/><E68/><V33/><F33/><W13/><G14/><T96/><D35/><U5/><E5/><V1/><F1/><W31/><G31/><T102/><D82/><U120/><E120/><V36/><F36/><W84/><G67/><T63/><D74/><U40/><E40/><V87/><F87/><AGARI ba="0,0" hai="9,11,20,24,29,87,90,93" m="43039,42601" machi="87" ten="30,1500,0" yaku="10,1" doraHai="57" who="1" fromWho="2" sc="128,0,481,15,341,-15,50,0" /><INIT seed="5,1,0,2,1,10" ten="128,496,326,50" oya="1" hai0="52,83,16,64,1,94,72,7,47,68,115,33,31" hai1="23,134,86,116,92,70,73,9,5,118,45,18,37" hai2="38,69,41,124,80,76,99,6,132,100,61,46,101" hai3="50,114,128,103,34,91,25,67,78,27,51,49,104"/><U65/><E73/><V85/><F124/><W90/><G128/><T126/><D7/><U111/><E111/><V21/><F132/><W98/><G114/><T133/><D1/><U29/><E29/><V96/><F6/><W39/><G39/><T113/><D126/><U71/><E134/><V48/><F69/><W3/><G3/><T119/><D119/><U14/><E70/><V82/><F61/><W117/><G117/><T110/><D31/><U53/><E65/><V108/><F108/><W87/><G67/><T89/><D33/><U22/><E71/><V125/><F125/><W109/><G109/><T12/><D133/><U131/><E131/><V44/><F21/><W54/><G54/><T40/><D40/><U105/><E105/><V121/><F121/><W28/><REACH who="3" step="1"/><G25/><REACH who="3" ten="128,496,326,40" step="2"/><T60/><D110/><U77/><E53/><V24/><F24/><W2/><G2/><T97/><D52/><U75/><E116/><V11/><F38/><W8/><G8/><T36/><D36/><U107/><E9/><V130/><F11/><W122/><G122/><T62/><D64/><U20/><E37/><V84/><F130/><W17/><G17/><T135/><D135/><U55/><E18/><V88/><F46/><W59/><G59/><T57/><D47/><U42/><E55/><V66/><F66/><W0/><G0/><T26/><D68/><U35/><E45/><V56/><F56/><W19/><G19/><T129/><D129/><U123/><E42/><V106/><F106/><W43/><G43/><T93/><D115/><U15/><E123/><V95/><F41/><RYUUKYOKU ba="1,1" sc="128,-10,496,-10,326,-10,40,30" hai3="27,28,34,49,50,51,78,87,90,91,98,103,104" /><INIT seed="6,2,1,2,4,8" ten="118,486,316,70" oya="2" hai0="26,70,49,1,62,72,115,132,129,78,0,97,68" hai1="113,23,133,31,104,56,40,11,43,52,42,88,7" hai2="124,65,89,107,69,114,79,64,19,112,13,6,66" hai3="27,128,81,57,20,83,71,17,105,48,3,90,73"/><V34/><F107/><W99/><G71/><T101/><D49/><U76/><E104/><V96/><F34/><W35/><G128/><T45/><D45/><U37/><E76/><V123/><F123/><W111/><G111/><T25/><D25/><N who="1" m="16831" /><E37/><V36/><F36/><W53/><G3/><T120/><D26/><U98/><E133/><V33/><F33/><W38/><G38/><T80/><D120/><U93/><E113/><V14/><F79/><W2/><G2/><T75/><D75/><U9/><E7/><V110/><F110/><W87/><G35/><T10/><D115/><N who="2" m="44074" /><F124/><W63/><G73/><T32/><D32/><U131/><E131/><V24/><F69/><W55/><G105/><N who="0" m="63663" /><D70/><U127/><E127/><V51/><F51/><AGARI ba="2,1" hai="9,11,40,42,43,51,52,56,88,93,98" m="16831" machi="51" ten="30,3900,0" yaku="8,1,54,2" doraHai="8" who="1" fromWho="2" sc="118,0,486,55,316,-45,70,0" /><INIT seed="7,0,0,2,5,5" ten="118,541,271,70" oya="3" hai0="51,37,112,17,122,94,88,15,25,29,10,7,76" hai1="55,61,134,79,130,63,119,68,0,132,124,93,34" hai2="115,48,16,116,21,100,127,49,53,64,75,14,113" hai3="20,72,1,99,35,38,58,96,87,67,129,62,23"/><W135/><G72/><T32/><D37/><U33/><E93/><V66/><F116/><W28/><G38/><T83/><D122/><U126/><E79/><V54/><F75/><W117/><G117/><T120/><D120/><U105/><E119/><V131/><F131/><W102/><G129/><T50/><D112/><N who="2" m="43082" /><F127/><N who="1" m="48681" /><E130/><V104/><F100/><W85/><G135/><N who="1" m="51754" /><E105/><V46/><F104/><W80/><G1/><T78/><D17/><U4/><E55/><V60/><F60/><N who="1" m="23113" /><E68/><V6/><F6/><W82/><G35/><T2/><D78/><U73/><E73/><V101/><F101/><W123/><G123/><T109/><D2/><U31/><E31/><V30/><F30/><W106/><G99/><T65/><D65/><U57/><E57/><AGARI ba="0,0" hai="14,16,21,46,48,49,53,54,57,64,66" m="43082" machi="57" ten="30,2000,0" yaku="15,1,54,1" doraHai="5" who="2" fromWho="1" sc="118,0,541,-20,271,20,70,0" owari="118,-28.0,521,62.0,291,9.0,70,-43.0" /></mjloggm>