<mjloggm ver="2.3"><GO type="41"/><UN n0="%E3%83%9D%E3%82%B8%E3%83%8D%E3%82%B8" n1="%E3%82%A6%E3%83%AB%E3%83%88%E3%83%A9%E7%AB%8B%E7%9B%B4" n2="%E3%82%B7%E3%83%A5%E3%83%B3%E3%82%B7%E3%83%A5%E3%83%B3" n3="%74%61%74%73%75%6E%6F%73" dan="13,15,13,13" rate="1942,2012,1920,1824" sx="M,M,M,M"/><TAIKYOKU oya="0"/><INIT seed="0,0,0,4,4,9" ten="250,250,250,250" oya="0" hai0="31,67,34,77,13,19,10,68,33,101,73,80,130" hai1="81,82,64,22,28,125,134,14,25,83,114,90,99" hai2="3,127,98,116,96,71,132,5,108,97,124,1,47" hai3="36,126,21,76,52,23,123,87,85,0,40,89,122"/><T4/><D31/><U104/><E125/><V95/><F71/><W7/><G126/><N who="2" m="48169" /><F47/><N who="3" m="23943" /><G0/><N who="2" m="73" /><F5/><W102/><G7/><T84/><D101/><U51/><E134/><V78/><F132/><W121/><G102/><T45/><D4/><U27/><E114/><V48/><F78/><W91/><G76/><T26/><D26/><U63/><E27/><V120/><F120/><W38/><G38/><T131/><D45/><U15/><E51/><V129/><F48/><W75/><G75/><T24/><D24/><U74/><E74/><V100/><F116/><W88/><G52/><T16/><D19/><U49/><E49/><V58/><F58/><W92/><G92/><T30/><D30/><U41/><E41/><V57/><F57/><W12/><G23/><T20/><D20/><U105/><E105/><V43/><F43/><W86/><G21/><T135/><D135/><U115/><E115/><V44/><F44/><W119/><G119/><T37/><D37/><U79/><E79/><V59/><F59/><W35/><G35/><T70/><D73/><U72/><E72/><V61/><F61/><W113/><G113/><T56/><D56/><N who="1" m="36967" /><E104/><V46/><F46/><W55/><G55/><T112/><D112/><U8/><E8/><V106/><F106/><W107/><G107/><T93/><D68/><U94/><AGARI ba="0,0" hai="14,15,22,25,28,81,82,83,90,94,99" m="36967" machi="94" ten="30,4000,0" yaku="8,1,52,2" doraHai="9" who="1" fromWho="1" sc="250,-20,250,40,250,-10,250,-10" /><INIT seed="1,0,0,3,4,88" ten="230,290,240,240" oya="1" hai0="108,85,33,114,66,58,27,102,29,61,117,116,25" hai1="134,40,103,37,2,72,67,4,26,118,62,31,1" hai2="48,10,13,65,107,78,36,73,42,11,121,109,112" hai3="76,44,54,8,64,5,19,89,21,12,115,9,28"/><U129/><E118/><V84/><F107/><W47/><G115/><T123/><D114/><U52/><E129/><V14/><F112/><W110/><G110/><T83/><D108/><U46/><E134/><V130/><F109/><W56/><G64/><T60/><D25/><U104/><E72/><V17/><F130/><W128/><G128/><T124/><D123/><U45/><E4/><V133/><F133/><W135/><G135/><T132/><D132/><U30/><E30/><V43/><F121/><W38/><G38/><T71/><D124/><U90/><E90/><V24/><F65/><W81/><G89/><T59/><D102/><U95/><E104/><V99/><F73/><W35/><G35/><T80/><D71/><U69/><E46/><V18/><F24/><W119/><G119/><T86/><D59/><U16/><E52/><V113/><F113/><W49/><G28/><T120/><D61/><U125/><E125/><V51/><F36/><W15/><REACH who="3" step="1"/><G9/><REACH who="3" ten="230,290,240,230" step="2"/><T122/><D120/><U77/><E31/><V22/><F22/><W111/><G111/><T23/><D122/><U32/><E32/><V94/><F78/><W75/><AGARI ba="0,1" hai="5,8,12,15,19,21,44,47,49,54,56,75,76,81" machi="75" ten="20,2700,0" yaku="1,1,0,1,7,1,53,0" doraHai="88" doraHaiUra="34" who="3" fromWho="3" sc="230,-7,290,-13,240,-7,230,37" /><INIT seed="2,0,0,5,3,71" ten="223,277,233,267" oya="2" hai0="78,89,131,47,14,51,44,39,70,134,58,126,117" hai1="69,110,11,86,79,31,92,26,34,30,128,2,67" hai2="12,24,130,75,59,27,77,5,93,41,21,88,111" hai3="40,83,132,49,104,66,38,53,20,96,48,105,18"/><V98/><F130/><W94/><G132/><T46/><D70/><U115/><E67/><V81/><F111/><W64/><G83/><T23/><D134/><U63/><E63/><V61/><F41/><W108/><G108/><T7/><D131/><U43/><E69/><V127/><F127/><W0/><G0/><T85/><D78/><U82/><E128/><V120/><F120/><W116/><G116/><T113/><D113/><U13/><E110/><V28/><F5/><W109/><G109/><T1/><D1/><U60/><E60/><V8/><F8/><W62/><G49/><T9/><D117/><U97/><E115/><V72/><F12/><W50/><G64/><T91/><D39/><U4/><E31/><V57/><F75/><W55/><G66/><T25/><D85/><U37/><E2/><V129/><F129/><W17/><G62/><T119/><D126/><U133/><E133/><V29/><REACH who="2" step="1"/><F61/><REACH who="2" ten="223,277,223,267" step="2"/><W102/><G40/><T107/><D119/><U76/><E43/><V114/><F114/><W122/><G122/><T121/><D121/><U65/><E37/><V123/><F123/><W87/><G38/><T100/><D7/><U74/><E65/><V84/><F84/><W95/><G87/><T90/><D9/><U19/><E4/><V36/><F36/><W73/><G73/><T118/><D118/><U80/><E97/><V52/><F52/><W106/><G96/><T56/><D14/><U68/><E68/><V35/><AGARI ba="0,1" hai="21,24,27,28,29,35,57,59,72,77,81,88,93,98" machi="35" ten="20,7800,0" yaku="1,1,0,1,7,1,54,1,53,0" doraHai="71" doraHaiUra="103" who="2" fromWho="2" sc="223,-26,277,-26,223,88,267,-26" /><INIT seed="2,1,0,1,1,94" ten="197,251,311,241" oya="2" hai0="107,4,84,47,83,124,16,103,23,41,99,73,52" hai1="55,77,42,31,3,76,72,86,69,106,12,66,130" hai2="134,62,27,35,24,78,81,70,20,111,13,121,71" hai3="118,53,119,51,90,114,91,128,58,7,123,85,61"/><V68/><F121/><W82/><G123/><T39/><D124/><U87/><E3/><V102/><F134/><W89/><G128/><T57/><D4/><U126/><E69/><V67/><F111/><W0/><G114/><T63/><D73/><U120/><E66/><V46/><F102/><W65/><G118/><T45/><D41/><U44/><E31/><V56/><F46/><W34/><G119/><T92/><D39/><U79/><E55/><V48/><F48/><W125/><G125/><T10/><D10/><U95/><E12/><V96/><F96/><W97/><G34/><T49/><D49/><U22/><E44/><V115/><F115/><W43/><G0/><T21/><D107/><U108/><E42/><V18/><REACH who="2" step="1"/><F35/><REACH who="2" ten="197,251,301,241" step="2"/><W129/><G129/><T25/><D23/><U2/><E22/><V101/><F101/><W93/><G43/><T15/><REACH who="0" step="1"/><D25/><REACH who="0" ten="187,251,301,241" step="2"/><U117/><E117/><V133/><F133/><W33/><G33/><T17/><D17/><U64/><E120/><V36/><F36/><W11/><G51/><T1/><D1/><U30/><E2/><V19/><F19/><W50/><G50/><T59/><D59/><U109/><E109/><V28/><F28/><W112/><G112/><T37/><D37/><U40/><E30/><V80/><F80/><W122/><G58/><T98/><D98/><U75/><E108/><V26/><F26/><W116/><G82/><T131/><D131/><U14/><E130/><V127/><F127/><W60/><G122/><T110/><D110/><U6/><E126/><V29/><F29/><W105/><G116/><RYUUKYOKU ba="1,2" sc="187,15,251,-15,301,15,241,-15" hai0="15,16,21,45,47,52,57,63,83,84,92,99,103" hai2="13,18,20,24,27,56,62,67,68,70,71,78,81" /><INIT seed="2,2,2,5,5,8" ten="202,236,316,226" oya="2" hai0="48,63,52,124,81,117,109,120,123,6,56,107,35" hai1="132,69,66,100,34,99,25,73,77,135,74,58,46" hai2="92,19,102,26,37,65,39,88,121,78,59,9,95" hai3="127,62,50,86,82,114,130,108,16,36,47,18,30"/><V75/><F121/><W24/><G36/><T134/><D35/><U67/><E58/><V85/><F75/><N who="1" m="28681" /><E46/><V80/><F39/><W45/><G108/><T17/><D107/><N who="1" m="63903" /><E77/><V96/><F37/><W4/><G130/><T22/><D109/><U104/><E104/><V14/><F26/><W41/><G127/><T111/><D111/><U31/><E67/><V5/><F19/><W98/><G114/><T105/><D6/><U43/><E43/><V94/><F78/><W49/><G4/><T116/><D105/><U38/><E38/><V10/><F10/><W106/><G106/><T118/><D124/><U53/><E53/><V3/><F3/><W7/><G7/><T125/><D125/><U55/><E55/><V64/><REACH who="2" step="1"/><F59/><REACH who="2" ten="202,236,306,226" step="2"/><W0/><G0/><T131/><D123/><U54/><E54/><V33/><F33/><W89/><G24/><T112/><D120/><U93/><E93/><AGARI ba="2,3" hai="5,9,14,64,65,80,85,88,92,93,94,95,96,102" machi="93" ten="40,24000,3" yaku="1,1,8,1,52,1,54,1,53,4" doraHai="8" doraHaiUra="90" who="2" fromWho="1" sc="202,0,236,-246,306,276,226,0" owari="202,-20.0,-10,-51.0,582,68.0,226,3.0" /></mjloggm>