<mjloggm ver="2.3"><GO type="41"/><UN n0="%E3%82%A6%E3%83%AB%E3%83%88%E3%83%A9%E7%AB%8B%E7%9B%B4" n1="%E3%82%BC%E3%83%AD%E3%81%AE%E3%83%AB%E3%82%A4%E3%82%BA" n2="%E3%81%8F%E3%81%8E%E3%82%85%E3%81%86%E3%81%86%E3%81%86%E3%81%86" n3="%33%32%61%67%75%65%72%6F" dan="15,13,14,13" rate="1997,1932,1912,1891" sx="M,F,M,M"/><TAIKYOKU oya="0"/><INIT seed="0,0,0,2,4,55" ten="250,250,250,250" oya="0" hai0="112,72,19,65,63,118,49,26,61,90,80,7,43" hai1="60,9,122,45,129,102,54,59,103,13,57,51,62" hai2="23,5,30,16,130,64,75,91,126,120,29,97,114" hai3="128,107,39,31,28,135,98,53,121,94,108,2,35"/><T88/><D118/><U22/><E122/><V86/><F120/><W69/><G98/><T93/><D112/><U133/><E133/><V4/><F114/><W123/><G53/><T40/><D7/><U79/><E79/><V124/><F130/><W14/><G94/><T42/><D72/><U77/><E77/><V24/><F75/><W67/><G67/><T20/><D80/><U99/><E22/><V110/><F97/><W81/><G81/><T25/><D25/><U71/><E71/><V111/><F64/><W56/><G56/><N who="1" m="21578" /><E129/><V89/><F89/><W84/><G84/><T113/><D113/><U104/><E104/><V73/><F73/><W109/><G14/><T32/><D32/><U47/><E47/><V37/><F37/><W10/><G10/><T87/><D65/><U106/><E106/><V46/><F46/><W117/><G28/><N who="2" m="10857" /><F91/><W8/><G31/><T83/><REACH who="0" step="1"/><D49/><REACH who="0" step="2"/><U3/><E3/><V36/><F36/><W41/><G123/><T21/><D21/><U15/><E13/><V6/><F86/><AGARI ba="0,1" hai="19,20,26,40,42,43,61,63,83,86,87,88,90,93" machi="86" ten="40,7700,0" yaku="1,1,8,1,54,1,53,0" doraHai="55" doraHaiUra="127" who="0" fromWho="2" sc="240,87,250,0,250,-77,250,0" /><INIT seed="0,1,0,0,3,89" ten="327,250,173,250" oya="0" hai0="100,84,104,33,43,59,0,122,38,66,45,62,35" hai1="14,127,87,54,132,119,121,73,133,16,120,88,93" hai2="128,92,99,76,31,95,107,56,13,102,30,25,124" hai3="40,71,26,68,117,39,112,80,32,36,111,110,6"/><T5/><D122/><U101/><E73/><V97/><F31/><W135/><G80/><T103/><D103/><U29/><E29/><V46/><F76/><W85/><G85/><T65/><D84/><U118/><E127/><V7/><F124/><W94/><G94/><T41/><D65/><U22/><E101/><V28/><F107/><W50/><G6/><T34/><D43/><U4/><E4/><V129/><F25/><W19/><G19/><T126/><D126/><U91/><E91/><V23/><F46/><W113/><G26/><T48/><D48/><U47/><E47/><V82/><F82/><W8/><G8/><T9/><D100/><U75/><E75/><V2/><F2/><W116/><G32/><T125/><D125/><U123/><REACH who="1" step="1"/><E54/><REACH who="1" step="2"/><V18/><F7/><W17/><G17/><T61/><D104/><U20/><E20/><V49/><F56/><W72/><G72/><T70/><D35/><U114/><E114/><V10/><F10/><W69/><G50/><T1/><D1/><U115/><E115/><N who="3" m="44106" /><G40/><T96/><D34/><U60/><E60/><V24/><F49/><W81/><G81/><T90/><D33/><U79/><E79/><V55/><F55/><W131/><G131/><N who="2" m="50249" /><F13/><W44/><G44/><T67/><D90/><AGARI ba="1,1" hai="18,23,24,28,30,90,92,95,97,99,102" m="50249" machi="90" ten="30,3900,0" yaku="19,1,52,2" doraHai="89" who="2" fromWho="0" sc="327,-42,240,0,173,52,250,0" /><INIT seed="1,0,0,1,4,48" ten="285,240,225,250" oya="1" hai0="89,102,113,69,107,43,121,81,77,135,71,0,6" hai1="32,47,76,68,111,92,23,10,129,101,70,51,94" hai2="88,9,27,82,24,62,21,22,57,36,35,109,110" hai3="14,132,74,108,41,98,59,54,120,100,58,56,63"/><U91/><E76/><V38/><F35/><W116/><G116/><T25/><D89/><U30/><E32/><V20/><F9/><W67/><G108/><T33/><D113/><U65/><E65/><V26/><F82/><W34/><G74/><T112/><D112/><U18/><E30/><V103/><F103/><W61/><G34/><T7/><D7/><U64/><E64/><V79/><F79/><W12/><G132/><T93/><D93/><U42/><E129/><V53/><REACH who="2" step="1"/><F88/><REACH who="2" step="2"/><W124/><G120/><T31/><D121/><U19/><E10/><V87/><F87/><W40/><G124/><T97/><D135/><U52/><E111/><AGARI ba="0,1" hai="20,21,22,24,26,27,36,38,53,57,62,109,110,111" machi="111" ten="50,6400,0" yaku="1,1,14,1,52,1,53,0" doraHai="48" doraHaiUra="105" who="2" fromWho="1" sc="285,0,240,-64,215,74,250,0" /><INIT seed="2,0,0,4,5,60" ten="285,176,289,250" oya="2" hai0="79,54,132,72,24,57,130,53,81,0,4,5,103" hai1="110,13,59,131,11,2,97,91,65,14,74,129,123" hai2="61,28,85,48,128,112,104,25,43,126,109,15,107" hai3="116,114,9,42,71,90,120,39,88,124,46,106,30"/><V58/><F112/><W19/><G120/><T80/><D130/><U38/><E38/><V77/><F128/><N who="1" m="49225" /><E74/><V135/><F126/><W119/><G124/><T134/><D132/><U92/><E123/><V118/><F135/><W108/><G106/><T75/><D134/><U27/><E27/><V127/><F118/><W94/><G30/><T56/><D103/><U93/><E110/><V22/><F127/><W29/><G29/><T47/><D24/><U18/><E18/><V111/><F15/><W35/><G35/><T87/><D47/><U117/><E93/><V64/><F77/><W32/><G32/><T40/><D40/><U33/><E33/><V98/><F85/><W1/><G108/><N who="2" m="41545" /><F98/><W70/><G114/><T113/><D113/><U115/><E115/><V55/><F43/><W133/><G133/><T86/><REACH who="0" step="1"/><D79/><REACH who="0" step="2"/><U105/><E117/><V45/><AGARI ba="0,1" hai="22,25,28,45,48,55,58,61,64,104,107" m="41545" machi="45" ten="30,6000,0" yaku="14,1,10,1,52,1" doraHai="60" who="2" fromWho="2" sc="275,-20,176,-20,289,70,250,-20" /><INIT seed="2,1,0,5,1,51" ten="255,156,359,230" oya="2" hai0="14,55,112,57,34,6,22,17,33,96,81,86,127" hai1="98,9,74,23,117,19,11,45,134,10,132,85,128" hai2="73,24,21,37,77,30,36,115,80,95,72,46,29" hai3="120,67,70,114,93,5,39,87,25,103,47,16,28"/><V41/><F115/><W113/><G120/><T123/><D123/><U108/><E74/><V89/><F73/><W13/><G5/><T109/><D112/><N who="3" m="43113" /><G67/><T2/><D109/><U52/><E117/><V64/><F64/><W65/><G65/><T118/><D118/><U107/><E108/><V58/><F30/><W71/><G39/><T20/><D127/><U78/><E128/><V0/><F0/><W48/><G103/><T31/><D96/><U68/><E68/><V133/><F133/><W7/><G7/><T53/><D31/><U76/><E85/><V97/><REACH who="2" step="1"/><F58/><REACH who="2" step="2"/><W42/><G93/><T59/><D2/><U3/><E3/><V116/><F116/><W15/><G87/><T49/><D33/><U43/><E132/><V129/><F129/><W99/><G99/><T90/><D34/><U60/><E134/><V75/><F75/><W88/><G71/><T40/><D40/><U121/><E121/><V122/><F122/><W12/><G70/><T124/><D124/><U63/><E98/><V32/><F32/><W130/><G130/><T79/><D79/><U125/><E125/><V26/><F26/><W61/><G25/><T110/><D110/><U104/><E43/><V8/><F8/><W102/><G28/><T18/><D22/><U35/><E35/><V82/><F82/><W54/><G15/><T44/><D59/><U1/><E1/><V100/><F100/><W4/><G102/><T83/><D83/><U135/><E135/><V50/><AGARI ba="1,1" hai="21,24,29,36,37,41,46,50,72,77,80,89,95,97" machi="50" ten="20,3900,0" yaku="1,1,0,1,7,1,53,0" doraHai="51" doraHaiUra="66" who="2" fromWho="2" sc="255,-14,156,-14,349,52,230,-14" /><INIT seed="2,2,0,3,0,27" ten="241,142,401,216" oya="2" hai0="26,5,79,80,73,31,115,18,60,69,12,66,67" hai1="111,134,95,74,32,87,3,10,103,62,82,123,2" hai2="28,36,105,81,101,53,130,112,100,54,92,126,58" hai3="23,132,124,122,39,25,0,46,8,19,7,108,88"/><V37/><F112/><W127/><G122/><T4/><D67/><U55/><E32/><V83/><F105/><W94/><G108/><T104/><D115/><U128/><E111/><V59/><F126/><W118/><G132/><T22/><REACH who="0" step="1"/><D104/><REACH who="0" step="2"/><U33/><E134/><V50/><F130/><W65/><G118/><T97/><D97/><U52/><E128/><V90/><F92/><W34/><G65/><T17/><D17/><U48/><E95/><V20/><F90/><W49/><G39/><T77/><D77/><U91/><E91/><V64/><F64/><W38/><G38/><T24/><D24/><U51/><E103/><V13/><F13/><W1/><G124/><T63/><D63/><U110/><E62/><V129/><F129/><W85/><G127/><T107/><D107/><U11/><E110/><V99/><F99/><W121/><G121/><T109/><D109/><U61/><E61/><V114/><F114/><W72/><G72/><T96/><D96/><U120/><E74/><V135/><F135/><W133/><G133/><T75/><D75/><U78/><E78/><V113/><F113/><W21/><G1/><T68/><D68/><U29/><E87/><V15/><F15/><W76/><G76/><T102/><D102/><U42/><E82/><V71/><F71/><W35/><G23/><AGARI ba="2,1" hai="4,5,12,18,22,23,26,31,60,66,69,73,79,80" machi="23" ten="30,3900,0" yaku="1,1,7,1,52,1,53,0" doraHai="27" doraHaiUra="47" who="0" fromWho="3" sc="231,55,142,0,401,0,216,-45" /><INIT seed="3,0,0,5,2,8" ten="286,142,401,171" oya="3" hai0="70,56,93,5,14,35,81,88,100,80,102,3,26" hai1="64,89,38,78,97,108,43,122,19,6,2,94,59" hai2="0,29,66,49,76,116,23,40,83,54,36,125,53" hai3="63,111,115,95,22,15,133,55,128,77,130,51,21"/><W106/><G115/><T121/><D70/><U32/><E122/><V82/><F116/><W87/><G106/><T74/><D3/><U33/><E108/><V60/><F83/><N who="0" m="31818" /><D35/><U113/><E78/><V44/><F54/><W90/><G133/><T103/><D74/><U11/><E113/><V69/><F0/><W92/><G63/><T72/><D72/><U107/><E107/><V20/><F29/><W99/><G111/><T27/><D56/><U18/><E38/><V104/><F104/><W123/><G77/><T135/><D135/><U126/><E43/><V42/><F42/><W7/><G123/><T84/><D121/><U124/><E59/><V109/><F109/><W112/><G22/><T58/><D58/><U96/><E64/><V132/><F132/><W30/><G112/><T52/><D52/><U134/><E134/><V91/><F91/><W119/><G119/><T129/><D129/><U105/><E105/><V98/><F98/><W67/><G67/><T68/><D68/><U118/><E97/><V28/><F28/><W10/><G30/><T13/><D5/><U31/><E118/><V120/><F120/><W101/><REACH who="3" step="1"/><G21/><REACH who="3" step="2"/><T24/><AGARI ba="0,1" hai="13,14,24,26,27,84,88,93,100,102,103" m="31818" machi="24" ten="40,8000,1" yaku="8,1,52,2,54,1" doraHai="8" who="0" fromWho="0" sc="286,90,142,-20,401,-20,161,-40" /><INIT seed="4,0,0,2,1,60" ten="376,122,381,121" oya="0" hai0="114,127,28,134,55,5,45,64,17,120,108,90,53" hai1="132,86,30,71,24,52,22,78,130,125,58,65,27" hai2="101,0,89,106,54,18,2,83,66,11,44,74,105" hai3="76,95,91,73,112,35,8,69,12,23,68,123,39"/><T109/><D5/><U111/><E111/><N who="0" m="42569" /><D28/><U67/><E71/><V107/><F0/><W10/><G39/><T129/><D120/><U119/><E119/><V15/><F2/><W113/><G123/><T100/><D100/><U102/><E102/><V47/><F47/><W72/><G35/><T61/><D127/><U117/><E117/><V104/><N who="2" m="27136" /><DORA hai="85" /><V50/><F101/><W57/><G57/><N who="0" m="36911" /><D129/><U46/><E130/><V96/><F74/><N who="3" m="28779" /><G23/><T99/><D134/><U48/><E132/><V82/><REACH who="2" step="1"/><F66/><REACH who="2" step="2"/><N who="1" m="25097" /><E125/><V133/><F133/><W7/><G76/><T122/><D122/><U118/><E118/><V36/><F36/><W51/><G51/><T75/><D114/><N who="3" m="44137" /><G10/><T6/><D75/><U33/><E33/><V31/><F31/><W38/><G38/><T79/><D79/><U59/><E78/><V49/><F49/><W29/><G29/><T116/><D116/><U135/><E135/><V98/><F98/><AGARI ba="0,1" hai="7,8,12,68,69,91,95,98" m="44137,28779" machi="98" ten="30,2000,0" yaku="15,1,52,1" doraHai="60,85" who="3" fromWho="2" sc="376,0,122,0,371,-20,121,30" /><INIT seed="5,0,0,0,3,20" ten="376,122,351,151" oya="1" hai0="39,100,0,63,103,84,65,77,34,5,33,6,69" hai1="126,113,28,32,13,61,73,116,67,79,108,52,43" hai2="127,98,121,18,56,41,11,29,102,78,131,76,47" hai3="45,12,119,50,105,4,72,57,114,83,40,55,96"/><U90/><E116/><V70/><F121/><W85/><G119/><T66/><D84/><U125/><E43/><V124/><F70/><W129/><G72/><T21/><D21/><U64/><E113/><V95/><F131/><W99/><G129/><T30/><D77/><U128/><E128/><V37/><F56/><W14/><G105/><T130/><D130/><U9/><E108/><V92/><F29/><W120/><G120/><T27/><D100/><U88/><E79/><V51/><F95/><W68/><G68/><T2/><D6/><U86/><E73/><V93/><F93/><W81/><G81/><T106/><D66/><U110/><E110/><V24/><F11/><W115/><G114/><T117/><D117/><U123/><E123/><V17/><F37/><W107/><G107/><T62/><D62/><U35/><E35/><V118/><F118/><W111/><G111/><T58/><D58/><N who="1" m="35015" /><E86/><V104/><F104/><W8/><G12/><T7/><D7/><N who="1" m="3263" /><E28/><V74/><F74/><W46/><G46/><T112/><D112/><U10/><E10/><V60/><F60/><W38/><G115/><T82/><D82/><U122/><E122/><V23/><REACH who="2" step="1"/><F17/><REACH who="2" step="2"/><W49/><G38/><T133/><D39/><U59/><E32/><V109/><F109/><W16/><G16/><T87/><D34/><U26/><E125/><AGARI ba="0,1" hai="18,23,24,41,47,51,76,78,92,98,102,124,125,127" machi="125" ten="40,5200,0" yaku="1,1,18,1,52,1,53,0" doraHai="20" doraHaiUra="80" who="2" fromWho="1" sc="376,0,122,-52,341,62,151,0" /><INIT seed="6,0,0,4,4,97" ten="376,70,403,151" oya="2" hai0="70,10,50,22,110,108,87,19,127,39,6,131,112" hai1="18,116,90,113,126,4,119,14,123,11,25,57,132" hai2="106,117,77,69,59,40,16,45,72,12,104,64,54" hai3="42,130,63,33,120,128,85,43,105,26,3,81,31"/><V61/><F117/><W24/><G120/><T21/><D39/><U96/><E57/><V2/><F2/><W62/><G3/><T124/><D70/><U93/><E113/><V74/><F77/><W27/><G105/><T30/><D50/><U103/><E132/><V0/><F0/><W135/><G135/><T83/><D87/><U29/><E126/><N who="0" m="48169" /><D83/><U28/><E123/><V48/><F106/><W51/><G51/><T47/><D47/><U98/><E116/><V88/><F88/><N who="3" m="51247" /><G31/><T49/><D49/><U35/><E119/><V9/><F104/><W41/><G33/><T125/><N who="0" m="48177" /><T68/><DORA hai="118" /><D68/><U129/><E129/><AGARI ba="0,0" hai="24,26,27,41,42,43,62,63,128,129,130" m="51247" machi="129" ten="40,2600,0" yaku="19,1,54,1" doraHai="97,118" who="3" fromWho="1" sc="376,0,70,-26,403,0,151,26" /><INIT seed="7,0,0,3,5,115" ten="376,44,403,177" oya="3" hai0="107,49,93,23,60,55,17,95,22,24,129,82,13" hai1="1,125,36,71,4,21,2,102,77,130,133,80,124" hai2="66,53,34,108,47,92,104,74,56,12,67,54,20" hai3="78,48,79,117,50,131,43,96,7,110,88,121,114"/><W94/><G121/><T10/><D107/><U44/><E71/><V11/><F104/><W83/><G114/><T37/><D37/><U8/><E102/><V16/><F34/><W103/><G131/><T58/><D129/><U63/><E63/><V89/><F108/><W87/><G110/><T113/><D113/><U112/><E112/><V76/><F76/><W28/><G28/><T75/><D75/><U59/><E59/><V51/><F74/><W27/><G27/><T128/><D128/><U35/><E21/><V72/><F72/><W15/><G117/><T9/><D82/><U127/><E130/><V61/><F11/><N who="3" m="4607" /><G50/><T29/><D10/><U32/><E133/><V126/><F126/><W85/><G85/><AGARI ba="0,0" hai="12,16,20,47,51,53,54,56,61,66,67,85,89,92" machi="85" ten="30,3900,0" yaku="7,1,8,1,54,1" doraHai="115" who="2" fromWho="3" sc="376,0,44,0,403,39,177,-39" owari="376,18,44,-46,442,54,138,-26" /></mjloggm>