<mjloggm ver="2.3"><GO type="97"/><UN n0="%E3%82%B7%E3%83%9F%E3%83%AA%E3%82%B9%EF%BC%94" n1="%EF%BC%88%E2%89%A7%E2%96%BD%E2%89%A6%EF%BC%89" n2="%E3%81%8F%E3%81%BF%E3%81%A3%E3%81%8D%E3%83%BC" n3="%E9%9C%A7%E8%B0%B7%E3%83%95%E3%82%A7%E3%83%B3%E3%82%BF%E3%83%BC" dan="15,15,16,14" rate="1987,2016,2045,1897" sx="F,M,F,M"/><TAIKYOKU oya="0"/><INIT seed="0,0,0,2,3,68" ten="250,250,250,250" oya="0" hai0="89,104,54,27,83,117,123,103,133,90,131,31,55" hai1="86,135,2,93,65,101,73,14,69,34,64,125,80" hai2="121,102,67,82,74,19,32,85,30,127,126,94,97" hai3="113,76,107,116,1,78,81,119,115,6,70,11,59"/><T87/><D123/><U110/><E2/><V29/><F121/><W129/><G107/><T8/><D117/><U5/><E34/><V92/><F74/><W106/><G106/><T66/><D131/><U43/><E125/><N who="2" m="47627" /><F32/><W47/><G70/><T12/><D133/><U112/><E135/><V21/><F67/><W24/><G24/><T33/><D66/><U71/><E71/><V118/><F94/><W46/><G59/><T79/><D104/><U44/><E73/><V72/><F72/><W61/><G61/><T36/><D36/><U124/><E69/><V9/><F9/><W105/><G105/><T37/><D37/><U16/><E5/><V84/><F84/><W108/><G129/><T53/><REACH who="0" step="1"/><D103/><REACH who="0" ten="240,250,250,250" step="2"/><U128/><E124/><V28/><F118/><W98/><G119/><T48/><D48/><N who="1" m="26655" /><E128/><V52/><F102/><W77/><G116/><T75/><D75/><U57/><E101/><V15/><F92/><W95/><G95/><T96/><D96/><U63/><E93/><V35/><F97/><W7/><G98/><T0/><D0/><U45/><E65/><V22/><F85/><W49/><G1/><T132/><D132/><U88/><E112/><V100/><F100/><W50/><G115/><T10/><D10/><N who="1" m="6231" /><E110/><V26/><F82/><W41/><G81/><T134/><D134/><U111/><E111/><V56/><F35/><W17/><G108/><T120/><D120/><U25/><E64/><V39/><F39/><W99/><G99/><T62/><D62/><AGARI ba="0,1" hai="15,19,21,22,26,28,29,30,52,56,62" m="47627" machi="62" ten="30,2000,0" yaku="18,1,54,1" doraHai="68" who="2" fromWho="0" sc="240,-20,250,0,250,30,250,0" /><INIT seed="1,0,0,1,4,27" ten="220,250,280,250" oya="1" hai0="129,101,18,106,28,7,124,40,82,115,36,25,135" hai1="58,30,102,76,134,85,55,42,130,77,95,80,84" hai2="94,10,107,62,29,41,24,65,59,43,117,33,6" hai3="120,26,49,37,83,132,109,100,111,98,45,112,51"/><U116/><E116/><V60/><F107/><N who="3" m="63895" /><G120/><T113/><D18/><U108/><E134/><V92/><F117/><W9/><G132/><T104/><D135/><U126/><E126/><V16/><F62/><W17/><G112/><N who="0" m="43083" /><D124/><U53/><E130/><V31/><F31/><W131/><G131/><T61/><D7/><U75/><E42/><V11/><F11/><W79/><G37/><T4/><D4/><U97/><E108/><N who="3" m="41546" /><G45/><N who="0" m="23687" /><D129/><U63/><E30/><V47/><F43/><W21/><G9/><T52/><D52/><N who="1" m="34247" /><E75/><AGARI ba="0,0" hai="17,21,26,49,51,75,79,83" m="41546,63895" machi="75" ten="30,1000,0" yaku="14,1" doraHai="27" who="3" fromWho="1" sc="220,0,250,-10,280,0,250,10" /><INIT seed="2,0,0,5,1,18" ten="220,240,280,260" oya="2" hai0="78,39,67,88,121,19,116,82,117,14,72,51,118" hai1="127,47,79,27,93,7,36,64,111,129,76,91,25" hai2="56,10,34,108,104,94,126,128,21,28,134,68,9" hai3="55,85,115,105,41,6,50,15,101,59,84,97,124"/><V58/><F104/><W131/><G124/><T98/><D121/><U37/><E127/><V17/><F68/><W40/><G131/><T112/><D39/><U92/><E129/><V1/><F128/><W44/><G115/><T4/><D112/><U16/><E111/><V23/><F126/><W31/><G31/><T38/><D38/><U70/><E7/><V81/><F34/><W122/><G122/><T75/><D67/><U119/><E119/><V74/><F1/><W90/><G6/><T11/><D51/><U86/><E37/><V102/><F74/><W83/><G15/><T49/><D49/><U135/><E135/><V110/><F81/><W33/><G33/><T125/><BYE who="3" /><D125/><U29/><E70/><V66/><F134/><W109/><G109/><N who="2" m="42089" /><F66/><W42/><G42/><T130/><D130/><U3/><E64/><V61/><F61/><W99/><G99/><T2/><D78/><U48/><E3/><V69/><F69/><W46/><G46/><T8/><D82/><UN n3="%E9%9C%A7%E8%B0%B7%E3%83%95%E3%82%A7%E3%83%B3%E3%82%BF%E3%83%BC" /><U32/><E79/><V106/><F106/><W77/><REACH who="3" step="1"/><G44/><REACH who="3" ten="220,240,280,250" step="2"/><T113/><D113/><U53/><E47/><V24/><F56/><W123/><G123/><T103/><REACH who="0" step="1"/><D88/><REACH who="0" ten="210,240,280,250" step="2"/><U65/><E91/><V96/><F58/><W5/><G5/><T60/><D60/><U87/><E76/><V57/><F57/><W26/><G26/><AGARI ba="0,2" hai="9,10,17,21,23,24,26,28,94,96,102" m="42089" machi="26" ten="30,11600,0" yaku="14,1,10,1,52,2" doraHai="18" who="2" fromWho="3" sc="210,0,240,0,280,136,250,-116" /><INIT seed="2,1,0,4,4,107" ten="210,240,416,134" oya="2" hai0="24,108,128,85,105,43,62,123,52,42,30,58,63" hai1="39,82,53,113,89,121,88,36,103,124,37,74,2" hai2="19,16,98,81,75,87,86,50,41,73,122,110,56" hai3="13,127,120,104,125,100,8,67,21,35,99,57,84"/><V9/><F122/><W70/><G120/><T132/><D105/><U22/><E121/><V14/><F98/><W93/><G35/><T131/><D123/><U34/><E34/><V46/><F87/><W117/><G117/><T97/><D108/><U32/><E32/><V64/><F110/><W91/><G70/><T33/><D132/><U25/><E113/><V31/><F31/><W83/><G21/><T111/><D111/><U15/><E2/><V4/><F19/><W129/><G57/><T65/><D85/><U76/><E124/><N who="3" m="47690" /><G67/><T79/><D79/><U78/><E78/><N who="2" m="46391" /><F16/><N who="3" m="8231" /><G129/><N who="0" m="49739" /><D97/><U90/><E103/><V71/><F71/><AGARI ba="1,0" hai="24,30,33,42,43,52,58,62,63,65,71" m="49739" machi="71" ten="30,2000,0" yaku="19,1,54,1" doraHai="107" who="0" fromWho="2" sc="210,23,240,0,416,-23,134,0" /><INIT seed="3,0,0,4,4,117" ten="233,240,393,134" oya="3" hai0="93,71,81,38,41,103,73,95,47,96,3,67,110" hai1="83,118,4,15,80,130,22,127,62,65,92,87,0" hai2="122,129,28,115,133,125,10,89,91,85,9,69,90" hai3="23,74,132,128,98,50,49,6,12,11,32,16,66"/><W7/><G74/><T26/><D110/><U101/><E0/><V94/><F69/><W79/><G128/><T131/><D3/><U55/><E118/><V64/><F64/><W54/><G132/><T135/><D131/><U56/><E127/><V121/><F133/><W14/><G79/><T35/><D135/><U111/><E111/><V75/><F75/><W53/><G66/><T27/><D95/><U17/><E130/><V63/><F129/><W29/><G98/><T86/><D73/><U113/><E113/><V99/><F63/><W126/><G126/><T46/><D35/><U76/><E4/><V105/><F125/><W58/><G32/><T25/><D47/><U100/><E83/><V20/><F115/><W78/><G78/><T51/><D67/><U102/><E65/><V21/><F105/><W120/><G120/><N who="2" m="46185" /><F85/><W36/><G36/><T107/><D107/><U5/><E5/><V114/><F114/><W2/><G2/><T124/><D124/><U1/><E1/><V123/><F123/><W112/><G112/><T33/><D38/><U18/><E18/><V134/><F134/><W60/><G60/><T40/><D33/><U106/><E106/><V116/><F116/><W44/><REACH who="3" step="1"/><G29/><REACH who="3" ten="233,240,393,124" step="2"/><T39/><D39/><U88/><E76/><V31/><F28/><W37/><G37/><T119/><D119/><U30/><E30/><V104/><F31/><W48/><G48/><T19/><D71/><U68/><E68/><V70/><F70/><W52/><G52/><N who="0" m="29815" /><D19/><AGARI ba="0,1" hai="6,7,11,12,14,16,19,23,44,49,50,53,54,58" machi="19" ten="30,11600,0" yaku="1,1,7,1,8,1,54,1,53,0" doraHai="117" doraHaiUra="109" who="3" fromWho="0" sc="233,-116,240,0,393,0,124,126" /><INIT seed="3,1,0,2,2,3" ten="117,240,393,250" oya="3" hai0="123,72,31,34,58,86,20,37,99,83,18,44,2" hai1="63,119,102,71,25,9,112,88,65,69,74,19,129" hai2="103,94,91,80,28,73,117,16,29,36,131,59,7" hai3="41,43,133,35,13,84,52,4,49,93,48,39,26"/><W57/><G133/><T51/><D2/><U85/><E112/><V97/><F36/><W114/><G114/><T50/><D123/><U101/><E74/><V100/><F131/><W6/><G39/><T96/><D72/><U10/><E129/><V27/><F7/><N who="3" m="2603" /><G35/><T60/><D34/><U38/><E119/><V111/><F111/><W54/><G26/><T47/><D31/><N who="2" m="11850" /><F73/><W108/><G108/><T126/><D37/><U113/><E38/><V121/><F121/><W90/><G13/><T64/><D126/><U67/><E113/><V82/><F117/><W15/><G15/><T23/><D18/><U40/><E40/><V61/><F103/><W107/><G107/><T53/><D23/><N who="1" m="13567" /><E71/><V116/><F100/><N who="1" m="38505" /><E69/><V130/><F116/><W11/><G11/><N who="1" m="4106" /><E63/><V55/><F130/><W125/><G125/><T68/><D20/><AGARI ba="1,0" hai="16,20,27,55,59,61,80,82,91,94,97" m="11850" machi="20" ten="30,3900,0" yaku="25,1,8,1,54,1" doraHai="3" who="2" fromWho="0" sc="117,-42,240,0,393,42,250,0" owari="75,-42.0,240,-16.0,435,53.0,250,5.0" /></mjloggm>