<mjloggm ver="2.3"><GO type="169" lobby="0"/><UN n0="%E3%81%8B%E3%81%92%E3%81%8D%E3%82%85%E3%81%86" n1="%6D%65%24%6F" n2="%EF%BC%88%E2%89%A7%E2%96%BD%E2%89%A6%EF%BC%89" n3="%E5%88%BB%E5%AD%90%E5%B8%82%E6%B0%91" dan="16,16,18,17" rate="2103.56,2158.64,2215.36,2205.93" sx="M,M,M,M"/><TAIKYOKU oya="0"/><INIT seed="0,0,0,1,3,38" ten="250,250,250,250" oya="0" hai0="24,93,79,19,109,86,77,78,124,134,87,32,101" hai1="23,27,8,96,88,40,22,55,126,51,62,127,131" hai2="130,95,103,41,76,47,46,37,34,98,122,116,29" hai3="43,49,74,18,54,28,0,89,133,106,82,112,108"/><T59/><D124/><N who="1" m="47659" /><E131/><V75/><F122/><W30/><G0/><T71/><D71/><U48/><E8/><V4/><F130/><W6/><G106/><T65/><D134/><U60/><E23/><V111/><F4/><W50/><G6/><T123/><D123/><U135/><E135/><V12/><F116/><W69/><G69/><T119/><D119/><U70/><E70/><V58/><F12/><W11/><G112/><T94/><D109/><U66/><E66/><V14/><F14/><N who="3" m="7519" /><G74/><T9/><D32/><U110/><E110/><V105/><F111/><W15/><G15/><N who="0" m="7663" /><D24/><U113/><E113/><V3/><F3/><W80/><G108/><T104/><D104/><U99/><E99/><V85/><F34/><W56/><G133/><T61/><D101/><U129/><E129/><V31/><F58/><W115/><G115/><T121/><D121/><U125/><E125/><V81/><F47/><N who="3" m="25855" /><G89/><AGARI ba="0,0" hai="29,31,37,41,46,75,76,81,85,89,95,98,103,105" machi="89" ten="40,5200,0" yaku="24,2,52,1" doraHai="38" who="2" fromWho="3" sc="250,0,250,0,250,52,250,-52" /><INIT seed="1,0,0,0,5,132" ten="250,250,302,198" oya="1" hai0="38,30,2,112,51,82,25,86,54,135,69,47,80" hai1="11,106,61,125,88,48,35,36,31,121,75,29,89" hai2="18,107,60,108,10,79,87,40,77,37,114,91,28" hai3="33,84,3,115,95,50,42,101,124,59,52,67,134"/><U105/><E121/><V99/><F114/><W122/><G115/><T76/><D112/><U32/><E36/><V65/><F108/><W56/><G122/><T100/><D135/><U41/><E75/><V111/><F111/><W13/><G3/><T20/><D69/><U73/><E73/><V7/><F28/><W71/><G33/><T17/><D2/><U119/><E119/><V26/><F37/><W116/><G71/><T68/><D68/><U43/><E61/><V22/><F40/><W0/><G0/><T98/><D80/><U72/><E72/><V15/><F99/><W96/><G116/><T34/><D38/><U46/><E11/><V1/><F107/><W9/><G134/><T12/><D98/><U4/><E4/><V120/><F1/><W123/><G42/><T57/><REACH who="0" step="1"/><D100/><REACH who="0" ten="240,250,302,198" step="2"/><U130/><E130/><V27/><F120/><W21/><G96/><T118/><D118/><U62/><E105/><V109/><F109/><W126/><G123/><T113/><D113/><U8/><E106/><V23/><F91/><W128/><G101/><T94/><D94/><U49/><E89/><V133/><F133/><W90/><G128/><T6/><D6/><U127/><E88/><V70/><F87/><W103/><G103/><T24/><D24/><U58/><E32/><V74/><F74/><W83/><G83/><T53/><D53/><N who="1" m="34127" /><E35/><V104/><F104/><W131/><G131/><T117/><D117/><U110/><E110/><V19/><AGARI ba="0,1" hai="7,10,15,18,19,22,23,26,27,60,65,70,77,79" machi="19" ten="20,2700,0" yaku="0,1,7,1,9,1" doraHai="132" who="2" fromWho="2" sc="240,-7,250,-13,302,37,198,-7" /><INIT seed="2,0,0,5,4,123" ten="233,237,339,191" oya="2" hai0="56,32,101,28,89,57,81,87,128,61,67,65,105" hai1="17,100,10,46,51,71,135,88,75,130,54,121,112" hai2="0,8,63,45,36,50,13,38,15,44,126,80,92" hai3="3,30,2,74,94,84,131,102,117,103,69,134,73"/><V27/><F0/><W52/><G69/><T39/><D39/><U106/><E71/><V118/><F118/><W77/><G30/><T99/><D128/><U64/><E64/><V90/><F126/><W79/><G52/><T41/><D41/><U1/><E75/><V4/><F80/><W22/><G22/><T29/><REACH who="0" step="1"/><D32/><REACH who="0" ten="223,237,339,191" step="2"/><U91/><E130/><V107/><F38/><W12/><G131/><T72/><D72/><U6/><E121/><V9/><F36/><W42/><G42/><T109/><D109/><U82/><E135/><V11/><F4/><W35/><G35/><T60/><AGARI ba="0,1" hai="28,29,56,57,60,61,65,67,81,87,89,99,101,105" machi="60" ten="30,4000,0" yaku="1,1,0,1,9,1,53,0" doraHai="123" doraHaiUra="33" who="0" fromWho="0" sc="223,50,237,-10,339,-20,191,-10" /><INIT seed="3,0,0,5,5,15" ten="273,227,319,181" oya="3" hai0="1,67,83,51,88,65,33,13,9,111,100,122,69" hai1="87,66,62,71,21,114,27,32,4,58,79,73,129" hai2="23,91,0,107,39,70,81,93,5,110,18,86,37" hai3="7,85,90,92,6,36,108,127,124,52,119,19,26"/><W68/><G36/><T101/><D1/><U8/><E114/><V94/><F70/><W105/><G105/><T77/><D33/><U35/><E129/><V134/><F107/><W123/><G68/><T48/><D122/><U75/><E71/><V76/><F134/><W41/><G41/><T10/><D111/><U113/><E113/><V34/><F34/><W63/><G119/><T61/><D67/><U50/><E50/><V46/><F110/><W115/><G115/><T131/><D9/><U49/><E49/><V84/><F94/><W55/><G123/><T42/><D131/><U11/><E75/><V132/><F46/><W17/><G108/><T64/><D64/><U53/><E73/><V28/><F28/><W47/><G47/><T98/><D77/><U38/><E38/><V89/><F76/><W130/><G130/><T117/><D117/><U118/><E66/><V24/><REACH who="2" step="1"/><F132/><REACH who="2" ten="273,227,309,181" step="2"/><W3/><G92/><T30/><D30/><N who="1" m="17775" /><E35/><V22/><F22/><W102/><G102/><T74/><D42/><U96/><E32/><V125/><F125/><W40/><G40/><T60/><D100/><U14/><E118/><V112/><F112/><W72/><G90/><T95/><D101/><U135/><E135/><V43/><F43/><W29/><G29/><T20/><D69/><U97/><E11/><AGARI ba="0,1" hai="0,5,11,18,23,24,37,39,81,84,86,89,91,93" machi="11" ten="40,2600,0" yaku="1,1,52,1,53,0" doraHai="15" doraHaiUra="128" who="2" fromWho="1" sc="273,0,227,-26,309,36,181,0" /><INIT seed="4,0,0,0,5,30" ten="273,201,345,181" oya="0" hai0="38,42,11,23,28,5,32,132,64,116,33,37,1" hai1="100,72,86,122,106,91,12,82,135,102,69,3,35" hai2="98,101,87,43,95,121,31,67,25,81,60,117,77" hai3="94,105,89,103,2,57,114,109,62,93,120,41,80"/><T79/><D116/><U55/><E3/><V44/><F121/><W56/><G2/><T128/><D64/><U90/><E122/><V46/><F117/><W19/><G109/><T8/><D132/><U27/><E69/><V22/><REACH who="2" step="1"/><F43/><REACH who="2" ten="273,201,335,181" step="2"/><W0/><G41/><T45/><D128/><U115/><E135/><V15/><F15/><W111/><G120/><T58/><D8/><U118/><E12/><V78/><F78/><W126/><G0/><T9/><D9/><U88/><E118/><V110/><F110/><W107/><G111/><T59/><D38/><U29/><E115/><V61/><F61/><W47/><G62/><T124/><D124/><U24/><E24/><V34/><F34/><W112/><G126/><T7/><D7/><U68/><E68/><AGARI ba="0,1" hai="22,25,31,44,46,60,67,68,77,81,87,95,98,101" machi="68" ten="30,2000,0" yaku="1,1,7,1,53,0" doraHai="30" doraHaiUra="71" who="2" fromWho="1" sc="273,0,201,-20,335,30,181,0" /><INIT seed="5,0,0,1,4,74" ten="273,181,365,181" oya="1" hai0="9,92,101,6,12,132,88,93,42,29,110,26,129" hai1="130,80,95,39,120,119,23,30,62,65,97,34,114" hai2="75,4,17,99,126,77,83,11,105,68,52,98,128" hai3="35,54,60,100,104,86,58,33,84,117,85,14,87"/><U48/><E119/><V10/><F68/><W15/><G117/><T69/><D110/><U115/><E120/><V24/><F105/><W131/><G131/><T106/><D129/><U111/><E39/><V124/><F128/><W78/><G100/><T108/><D108/><U82/><E130/><V47/><F24/><W25/><G104/><T63/><D132/><U49/><E34/><V122/><F122/><W89/><G78/><T79/><D79/><U41/><E111/><V90/><F17/><W81/><REACH who="3" step="1"/><G33/><REACH who="3" ten="273,181,365,171" step="2"/><T118/><D101/><N who="1" m="60607" /><E114/><V43/><F77/><W66/><G66/><T36/><D106/><U73/><E115/><V112/><F112/><W7/><G7/><T113/><D6/><U22/><E73/><V57/><F4/><W1/><G1/><T46/><D113/><U96/><E65/><V64/><F64/><W37/><G37/><T102/><D36/><U20/><E30/><AGARI ba="0,1" hai="14,15,25,30,35,54,58,60,81,84,85,86,87,89" machi="30" ten="40,2600,0" yaku="1,1,53,1" doraHai="74" doraHaiUra="31" who="3" fromWho="1" sc="273,0,181,-26,365,0,171,36" /><INIT seed="6,0,0,0,4,109" ten="273,155,365,207" oya="2" hai0="93,92,97,68,107,45,114,42,16,101,129,20,125" hai1="34,15,63,128,40,6,123,12,32,72,43,7,112" hai2="49,105,27,113,53,60,120,102,11,127,98,22,2" hai3="132,135,76,75,71,78,108,130,37,24,122,115,10"/><V69/><F120/><W133/><G108/><T134/><D68/><U74/><E123/><V103/><F103/><W67/><G122/><T52/><D134/><U99/><E99/><V73/><F73/><W1/><G130/><T66/><D129/><U5/><E128/><V8/><F127/><W121/><G37/><T54/><D66/><U117/><E63/><V58/><F2/><W28/><G121/><T18/><D125/><U94/><E94/><V14/><F113/><W17/><G115/><T131/><D114/><U111/><E112/><V59/><F14/><N who="3" m="7383" /><G75/><T89/><D131/><U30/><E6/><V3/><F3/><W104/><G104/><T61/><D107/><U38/><E111/><V9/><F69/><W23/><G1/><T56/><D54/><U85/><E85/><V119/><F119/><W25/><G25/><T124/><D20/><U80/><E80/><V4/><F4/><W118/><G118/><T64/><D64/><U87/><E87/><V88/><F88/><W83/><G83/><T79/><D79/><U96/><E96/><V82/><F82/><W57/><G71/><T33/><D33/><U13/><E13/><V51/><F59/><W35/><G35/><T81/><D81/><U116/><E30/><V55/><F55/><W62/><AGARI ba="0,0" hai="23,24,28,57,62,67,76,78,132,133,135" m="7383" machi="62" ten="40,1500,0" yaku="20,1" doraHai="109" who="3" fromWho="3" sc="273,-4,155,-4,365,-7,207,15" /><INIT seed="7,0,0,0,4,122" ten="269,151,358,222" oya="3" hai0="62,51,129,127,102,134,42,5,17,91,63,27,121" hai1="56,39,87,33,100,106,116,110,93,24,6,50,58" hai2="97,22,73,40,68,79,34,14,107,13,125,20,2" hai3="59,8,80,52,128,90,64,105,66,132,7,76,41"/><W133/><G105/><T3/><D121/><U89/><E39/><V94/><F2/><W15/><G41/><T81/><D102/><U83/><E6/><V101/><F68/><W45/><G90/><T86/><D134/><N who="3" m="51817" /><G45/><N who="0" m="26039" /><D3/><U109/><E116/><V36/><F34/><W30/><G30/><T119/><D127/><U99/><E50/><V114/><F125/><W98/><G98/><T23/><D129/><U35/><E35/><V71/><F71/><W120/><G128/><T117/><D119/><U88/><E24/><V31/><F107/><W118/><G118/><T115/><D117/><U26/><E26/><N who="2" m="16839" /><F36/><W49/><G120/><T70/><D70/><U72/><E33/><V44/><F79/><W104/><G104/><T11/><D115/><U0/><E0/><V65/><F114/><W113/><G113/><T4/><D11/><U37/><E37/><V47/><F40/><W67/><G67/><T48/><D48/><U108/><E89/><V43/><F65/><W38/><G38/><T84/><D86/><AGARI ba="0,0" hai="7,8,15,49,52,59,64,66,76,80,86" m="51817" machi="86" ten="30,2900,0" yaku="20,1,54,1" doraHai="122" who="3" fromWho="0" sc="269,-29,151,0,358,0,222,29" /><INIT seed="7,1,0,1,1,17" ten="240,151,358,251" oya="3" hai0="117,20,96,76,113,123,105,109,93,29,34,119,31" hai1="70,36,101,134,127,77,24,37,18,98,132,27,2" hai2="79,58,62,9,92,16,124,60,45,59,48,114,3" hai3="56,7,71,102,115,95,108,21,14,67,42,81,85"/><W110/><G71/><T112/><D105/><U80/><E2/><V128/><F128/><W120/><G42/><T73/><D34/><U44/><E70/><V23/><F124/><W122/><G115/><N who="0" m="44107" /><D123/><U131/><E131/><V51/><F114/><W66/><G102/><N who="0" m="60687" /><D109/><N who="3" m="42089" /><G95/><T83/><D20/><U72/><E127/><V46/><F92/><W25/><G14/><T82/><D83/><U129/><E129/><V135/><F3/><W26/><G7/><T84/><D73/><U118/><E118/><AGARI ba="1,0" hai="29,31,76,82,84,117,118,119" m="60687,44107" machi="118" ten="30,2000,0" yaku="15,1,11,1" doraHai="17" who="0" fromWho="1" sc="240,23,151,-23,358,0,251,0" owari="263,6.0,128,-37.0,358,46.0,251,-15.0" /></mjloggm>