<mjloggm ver="2.3"><GO type="41"/><UN n0="%EF%BC%88%E2%89%A7%E2%96%BD%E2%89%A6%EF%BC%89" n1="%E2%89%A1%E3%81%AE%E3%82%8A%E3%82%BB%E3%83%8A%E2%89%A1" n2="%74%61%72%61%73%65%72%69" n3="%E5%9C%AD%E4%B8%80%E9%83%8E" dan="15,14,13,13" rate="2031,1859,1856,1867" sx="M,M,M,M"/><TAIKYOKU oya="0"/><INIT seed="0,0,0,3,4,25" ten="250,250,250,250" oya="0" hai0="134,52,56,97,116,2,77,129,126,12,104,48,117" hai1="119,92,85,26,57,22,18,114,94,128,62,71,72" hai2="35,67,14,17,43,50,5,53,90,55,0,75,27" hai3="33,132,87,102,59,135,3,120,46,6,110,34,86"/><T78/><D2/><U37/><E119/><V108/><F75/><W49/><G102/><T76/><D126/><U83/><E37/><V113/><F113/><W70/><G70/><T23/><D134/><N who="3" m="51241" /><G59/><T7/><D129/><U68/><E72/><V107/><F107/><W109/><G120/><T1/><D1/><U127/><E127/><V98/><F67/><W81/><G6/><T93/><D104/><U54/><E128/><V28/><F108/><N who="3" m="41579" /><G3/><T20/><D117/><U115/><E71/><V13/><F13/><W100/><G100/><N who="0" m="60463" /><D116/><U133/><E133/><V130/><F130/><W112/><G112/><N who="1" m="43050" /><E68/><V32/><F32/><N who="3" m="12395" /><G81/><T30/><D7/><U89/><AGARI ba="0,0" hai="18,22,26,54,57,62,83,85,89,92,94" m="43050" machi="89" ten="30,1100,0" yaku="11,1" doraHai="25" who="1" fromWho="1" sc="250,-5,250,11,250,-3,250,-3" /><INIT seed="1,0,0,3,4,57" ten="245,261,247,247" oya="1" hai0="121,74,38,3,25,13,20,32,31,106,107,44,34" hai1="132,49,79,16,53,72,97,19,115,11,88,133,17" hai2="56,91,40,123,0,67,95,65,87,86,114,102,26" hai3="89,7,60,63,51,120,128,24,81,131,126,129,5"/><U52/><E115/><V75/><F75/><W127/><G120/><T98/><D121/><U4/><E79/><V134/><F0/><W45/><G24/><T61/><D3/><U99/><E72/><V29/><F123/><W77/><G89/><T110/><D74/><U43/><E43/><V2/><F2/><W39/><G39/><T23/><D110/><U37/><E37/><V96/><F114/><W54/><G81/><T10/><D34/><U18/><E53/><V78/><F40/><W103/><G103/><T90/><D38/><U8/><E8/><V62/><F134/><N who="1" m="51817" /><E19/><V35/><F78/><W101/><G101/><T1/><D1/><N who="1" m="399" /><E88/><V111/><F111/><W113/><G113/><T50/><D90/><U30/><E30/><V117/><F117/><W58/><G77/><T119/><D119/><U68/><E68/><V70/><REACH who="2" step="1"/><F91/><REACH who="2" ten="245,261,237,247" step="2"/><W84/><G84/><T118/><D118/><U104/><E104/><V41/><F41/><N who="3" m="25007" /><G5/><T22/><D107/><U124/><E124/><N who="3" m="47658" /><G7/><T80/><D106/><U69/><E69/><V48/><F48/><AGARI ba="0,1" hai="48,54,58,60,63,128,129,131" m="47658,25007" machi="48" ten="40,12000,2" yaku="19,1,18,1,34,2,52,2" doraHai="57" who="3" fromWho="2" sc="245,0,261,0,237,-120,247,130" /><INIT seed="2,0,0,2,4,31" ten="245,261,117,377" oya="2" hai0="37,3,25,32,75,7,9,24,15,84,114,81,58" hai1="44,53,34,39,55,134,62,8,106,74,112,116,122" hai2="23,69,118,113,65,100,98,85,38,97,2,135,103" hai3="59,5,132,91,27,93,89,124,61,119,82,72,49"/><V92/><F2/><W12/><G119/><T4/><D114/><U96/><E112/><V90/><F118/><W123/><G123/><T48/><D37/><U128/><E116/><V54/><F38/><W71/><G71/><T107/><D107/><U29/><E74/><V0/><F0/><W73/><G132/><T19/><D75/><U40/><E134/><V121/><F121/><W60/><G124/><T110/><D110/><U105/><E122/><V10/><F10/><W35/><G49/><T117/><D117/><U18/><E128/><V50/><F69/><W126/><G126/><T46/><D58/><U1/><E55/><V21/><F65/><W33/><G27/><N who="0" m="10315" /><D32/><U64/><E53/><V127/><F113/><W87/><G73/><T22/><D22/><U94/><E18/><V120/><F127/><W16/><G5/><T11/><D11/><U47/><E47/><V57/><F120/><W68/><G68/><T63/><D63/><U109/><E109/><V131/><F135/><W45/><G45/><T86/><D3/><U6/><E29/><V66/><F66/><W130/><G130/><T26/><D26/><U125/><E125/><V56/><F131/><W42/><G42/><N who="0" m="24663" /><D86/><U51/><E39/><V20/><F57/><W95/><G72/><T83/><D83/><U13/><E1/><V104/><REACH who="2" step="1"/><F20/><REACH who="2" ten="245,261,107,377" step="2"/><W41/><G59/><T88/><AGARI ba="0,1" hai="4,7,9,15,19,81,84,88" m="24663,10315" machi="88" ten="30,2000,0" yaku="8,1,54,1" doraHai="31" who="0" fromWho="0" sc="245,30,261,-5,107,-10,377,-5" /><INIT seed="3,0,0,4,0,107" ten="275,256,97,372" oya="3" hai0="19,86,26,65,15,5,115,130,35,73,124,55,84" hai1="111,67,134,1,60,58,91,110,16,116,113,99,24" hai2="46,129,10,105,49,122,128,53,123,31,47,3,112" hai3="82,45,93,77,132,4,102,120,20,22,80,121,63"/><W57/><G4/><T30/><D115/><U48/><E113/><V101/><F31/><W106/><G45/><T28/><D130/><N who="2" m="50282" /><F105/><W89/><G132/><T40/><D124/><U81/><E134/><V103/><F3/><W43/><G43/><T32/><D40/><U119/><E1/><V98/><F10/><W64/><G82/><T88/><D73/><U135/><E135/><V114/><F98/><W97/><G121/><N who="2" m="46089" /><F103/><W34/><G34/><T9/><D65/><U56/><E56/><N who="2" m="32815" /><F101/><W74/><REACH who="3" step="1"/><G120/><REACH who="3" ten="275,256,97,362" step="2"/><T117/><D32/><U36/><E81/><V27/><F114/><W23/><G23/><N who="0" m="13695" /><D35/><U11/><E119/><V70/><F112/><W50/><G50/><T68/><D117/><U75/><E48/><V41/><F41/><W72/><G72/><T109/><D5/><U38/><E75/><V54/><F27/><W18/><G18/><T59/><D28/><U7/><E116/><V78/><F78/><W14/><G14/><T6/><D30/><U79/><E7/><V21/><F21/><W69/><G69/><T76/><D76/><U104/><E79/><V96/><F70/><W8/><G8/><T0/><D9/><U87/><E11/><V42/><F42/><W125/><G125/><T17/><D17/><U12/><E24/><V29/><F29/><W33/><G33/><T66/><D15/><U83/><E12/><V51/><F96/><AGARI ba="0,1" hai="20,22,57,63,64,74,77,80,89,93,96,97,102,106" machi="96" ten="30,5800,0" yaku="1,1,7,1,52,1,53,0" doraHai="107" doraHaiUra="118" who="3" fromWho="2" sc="275,0,256,0,97,-58,362,68" /><INIT seed="3,1,0,3,3,87" ten="275,256,39,430" oya="3" hai0="56,37,48,41,22,42,100,91,127,110,36,123,130" hai1="95,26,21,67,66,59,115,49,128,69,53,44,63" hai2="104,18,31,10,118,45,62,13,94,33,96,134,77" hai3="54,106,84,55,133,8,1,119,85,68,60,12,11"/><W126/><G119/><T20/><D123/><U29/><E115/><V51/><F118/><W4/><G126/><T109/><D100/><U24/><E128/><V103/><F104/><W73/><G133/><T15/><D130/><U80/><E80/><V102/><F134/><W3/><G73/><T135/><D135/><U19/><E69/><V88/><F62/><W121/><G106/><T72/><D72/><U43/><REACH who="1" step="1"/><E95/><REACH who="1" ten="275,246,39,430" step="2"/><V5/><F77/><W125/><G121/><T132/><D132/><U34/><AGARI ba="1,1" hai="19,21,24,26,29,34,43,44,49,53,59,63,66,67" machi="34" ten="20,12000,2" yaku="1,1,2,1,0,1,7,1,53,2" doraHai="87" doraHaiUra="23" who="1" fromWho="1" sc="275,-31,246,133,39,-31,430,-61" /><INIT seed="4,0,0,1,0,135" ten="244,379,8,369" oya="0" hai0="103,53,38,20,105,4,72,66,73,124,130,41,89" hai1="65,54,76,37,28,94,61,113,75,7,80,29,42" hai2="48,60,8,71,86,133,2,26,127,108,121,109,1" hai3="79,55,44,70,82,123,14,0,39,9,87,19,59"/><T122/><D122/><U95/><E113/><V45/><F86/><W10/><G70/><T34/><D34/><U64/><E54/><V116/><F8/><W25/><G123/><T18/><D130/><U90/><E7/><V22/><F71/><W67/><G0/><T3/><D66/><U32/><E95/><V99/><F99/><W17/><G39/><T6/><D105/><U91/><E91/><V52/><F121/><W92/><G67/><T69/><D69/><U120/><E120/><V33/><F33/><W16/><G44/><T58/><D103/><U118/><E118/><V100/><F100/><W50/><G92/><T49/><D89/><U46/><E32/><V96/><F96/><W13/><REACH who="3" step="1"/><G25/><REACH who="3" ten="244,379,8,359" step="2"/><T68/><D68/><U35/><E65/><V63/><F116/><W74/><G74/><T126/><D72/><U77/><E75/><V107/><F107/><W134/><G134/><T129/><D73/><U110/><E64/><V101/><F133/><W83/><G83/><T117/><D117/><U112/><E80/><V24/><F101/><W114/><G114/><T125/><D129/><U43/><E112/><V5/><F2/><W111/><G111/><T104/><D104/><U27/><E110/><V23/><F1/><W78/><G78/><T56/><D3/><U93/><E76/><V62/><F5/><AGARI ba="0,1" hai="5,9,10,13,14,16,17,19,50,55,59,79,82,87" machi="5" ten="30,7700,0" yaku="1,1,7,1,8,1,54,1,53,0" doraHai="135" doraHaiUra="21" who="3" fromWho="2" sc="244,0,379,0,8,-77,359,87" owari="244,-16.0,379,18.0,-69,-57.0,446,55.0" /></mjloggm>