<mjloggm ver="2.3"><GO type="65"/><UN n0="%43%48%31" n1="%EF%BC%88%E2%89%A7%E2%96%BD%E2%89%A6%EF%BC%89" n2="%61%6F%72%79%75" n3="%E8%81%B4%E7%89%8C%E3%81%A7%E3%81%8D%E3%81%AA%E3%81%84%E4%BA%BA" dan="0,6,11,9" rate="1500,1653,1567,1772" sx="M,M,M,M"/><TAIKYOKU oya="0"/><INIT seed="0,0,0,2,3,18" ten="250,250,250,250" oya="0" hai0="95,93,108,44,15,31,3,79,20,80,122,41,84" hai1="35,42,68,99,19,97,23,54,94,60,91,16,13" hai2="106,45,12,33,52,86,47,104,96,71,131,51,55" hai3="73,4,118,119,135,29,39,46,75,115,127,132,58"/><T69/><D122/><U133/><E35/><V28/><F33/><W53/><G115/><T6/><D69/><U120/><E120/><V89/><F28/><W63/><G4/><T65/><D108/><U66/><E133/><N who="3" m="51274" /><G127/><T98/><D3/><U82/><E42/><V110/><F71/><W124/><G124/><T102/><D65/><U11/><E82/><V61/><F110/><W57/><G57/><T17/><D6/><U25/><REACH who="1" step="1"/><E54/><REACH who="1" step="2"/><V88/><F131/><W111/><G111/><T27/><D93/><U76/><E76/><V67/><F67/><W74/><G29/><T100/><D100/><U130/><E130/><V70/><F70/><W24/><G119/><T1/><D1/><U22/><E22/><V109/><F109/><W34/><G118/><T81/><D81/><U49/><E49/><N who="2" m="28719" /><F106/><W8/><G34/><T32/><D41/><U128/><E128/><V78/><F104/><W90/><G73/><T116/><D116/><U7/><E7/><V83/><F61/><W112/><G74/><T126/><D126/><U103/><E103/><V134/><F134/><W5/><G75/><T43/><D43/><U107/><E107/><V125/><F125/><W129/><G129/><T101/><D44/><U105/><E105/><V26/><F96/><AGARI ba="0,1" hai="11,13,16,19,23,25,60,66,68,91,94,96,97,99" machi="96" ten="30,7700,0" yaku="1,1,7,1,52,1,54,1,53,0" doraHai="18" doraHaiUra="114" who="1" fromWho="2" sc="250,0,240,87,250,-77,250,0" /><INIT seed="1,0,0,4,2,37" ten="250,327,173,250" oya="1" hai0="133,59,9,26,23,89,13,67,84,68,87,129,18" hai1="131,35,49,30,69,120,65,78,102,27,77,92,126" hai2="21,135,85,127,116,91,39,44,63,43,22,82,118" hai3="2,19,1,106,6,16,111,99,105,62,10,130,51"/><U56/><E120/><V122/><F122/><W24/><G111/><T107/><D107/><U97/><E131/><V74/><F135/><W53/><G62/><N who="0" m="38367" /><D68/><U5/><E126/><V48/><F127/><W108/><G108/><T70/><D70/><U7/><E69/><V58/><F118/><W114/><G114/><T4/><D133/><U20/><E35/><V3/><F3/><W132/><G132/><T125/><D125/><U117/><E117/><V29/><F116/><W119/><G119/><T47/><D129/><U52/><E65/><V61/><F29/><W28/><G1/><T81/><D47/><U110/><E110/><V54/><REACH who="2" step="1"/><F74/><REACH who="2" step="2"/><W95/><G130/><T71/><D71/><U42/><E30/><V96/><F96/><W94/><G99/><T64/><D64/><U36/><E97/><V75/><F75/><W128/><G128/><T124/><D124/><U66/><E77/><V55/><F55/><W98/><G98/><T57/><D57/><U0/><E56/><V34/><F34/><W41/><G53/><T45/><D45/><U25/><E78/><V14/><F14/><W80/><G28/><T121/><D121/><U46/><E0/><V104/><F104/><W31/><G106/><T88/><D84/><U12/><E46/><V83/><F83/><W115/><G80/><T86/><D86/><U38/><E52/><V101/><F101/><W134/><G105/><T100/><D100/><U50/><E102/><V72/><F72/><W32/><G134/><T90/><AGARI ba="0,1" hai="4,9,13,18,23,26,81,87,88,89,90" m="38367" machi="90" ten="30,2000,0" yaku="8,1,54,1" doraHai="37" who="0" fromWho="0" sc="250,30,327,-10,163,-5,250,-5" /><INIT seed="2,0,0,3,2,40" ten="280,317,158,245" oya="2" hai0="47,127,9,124,118,83,121,126,117,125,50,98,14" hai1="74,119,53,90,66,38,79,39,46,84,120,36,89" hai2="116,72,44,52,6,133,61,108,102,135,86,1,122" hai3="20,78,105,58,100,94,16,80,19,37,5,28,63"/><V128/><F122/><W131/><G105/><T10/><N who="0" m="32256" /><DORA hai="34" /><T60/><D121/><U75/><E119/><N who="0" m="45577" /><D60/><U130/><E120/><V7/><F116/><W59/><G37/><T71/><D71/><U62/><E130/><V64/><F128/><W24/><G5/><N who="0" m="3375" /><D10/><U26/><E36/><V41/><F108/><W21/><G131/><T54/><D98/><U103/><E38/><V97/><F72/><W27/><G63/><T73/><D83/><U33/><E62/><V0/><F0/><W13/><G13/><T107/><D73/><U30/><E75/><V95/><F86/><N who="3" m="48407" /><G28/><T115/><D107/><U35/><E74/><V25/><F25/><W42/><G42/><T57/><D115/><U4/><E84/><V2/><F2/><W45/><G100/><T111/><D111/><U51/><E103/><V76/><F76/><W93/><G59/><AGARI ba="0,0" hai="47,50,54,57,59" m="3375,45577,32256" machi="59" ten="60,7700,0" yaku="18,1,12,1,52,1" doraHai="40,34" who="0" fromWho="3" sc="280,77,317,0,158,0,245,-77" /><INIT seed="3,0,0,5,5,109" ten="357,317,158,168" oya="3" hai0="61,47,81,85,134,49,9,29,127,14,77,54,31" hai1="92,53,42,96,97,98,128,106,19,115,56,6,130" hai2="27,123,8,113,35,34,22,120,124,83,103,2,67" hai3="91,3,87,88,18,41,84,0,68,82,112,78,21"/><W40/><G68/><T39/><D134/><U76/><E42/><V36/><F103/><W71/><G71/><T17/><D127/><U12/><E6/><N who="2" m="1111" /><F36/><W38/><G112/><T69/><D39/><U119/><E119/><V4/><F83/><W63/><G63/><T80/><D81/><U57/><E76/><V25/><F67/><W101/><G101/><T135/><D135/><U95/><E106/><V59/><F124/><W107/><G107/><T28/><D69/><U66/><E66/><V93/><F59/><N who="1" m="22601" /><E53/><V73/><F93/><N who="1" m="35913" /><E19/><N who="2" m="12511" /><F73/><W111/><G111/><T24/><REACH who="0" step="1"/><D61/><REACH who="0" step="2"/><U43/><E43/><V118/><F118/><W108/><G108/><T121/><D121/><N who="2" m="46666" /><F113/><W99/><G38/><T102/><D102/><U74/><E115/><V114/><F114/><W90/><G41/><T65/><D65/><U126/><E126/><V122/><N who="2" m="46674" /><V1/><DORA hai="133" /><F27/><AGARI ba="0,1" hai="9,14,17,24,27,28,29,31,47,49,54,77,80,85" machi="27" ten="40,2600,0" yaku="1,1,8,1,53,0" doraHai="109,133" doraHaiUra="116,58" who="0" fromWho="2" sc="347,36,317,0,158,-26,168,0" owari="383,48,317,12,132,-37,168,-23" /></mjloggm>