<mjloggm ver="2.3"><GO type="41"/><UN n0="%EF%BC%88%E2%89%A7%E2%96%BD%E2%89%A6%EF%BC%89" n1="%EF%BC%AD%EF%BD%92%EF%BC%8E%E4%BA%9C%E7%A9%BA%E9%96%93" n2="%4A%6F%62%6C%61%63%6B" n3="%E6%88%91%E5%A6%BB%E6%B6%BC" dan="14,13,13,15" rate="2041,1926,1866,1886" sx="M,M,M,M"/><TAIKYOKU oya="0"/><INIT seed="0,0,0,2,0,66" ten="250,250,250,250" oya="0" hai0="113,116,115,25,95,130,0,36,31,80,103,84,41" hai1="64,129,124,85,53,68,78,15,86,44,12,13,8" hai2="90,98,88,120,100,110,62,112,99,135,133,39,65" hai3="18,107,22,9,27,76,101,34,121,72,128,10,109"/><T45/><D116/><U32/><E32/><V6/><F39/><W79/><G109/><T73/><D130/><U89/><E129/><V47/><F6/><W7/><G128/><T14/><D0/><U40/><E53/><V63/><F47/><W59/><G121/><T117/><D117/><U97/><E124/><V77/><F77/><W75/><G59/><T94/><D73/><U106/><E106/><V81/><F81/><W21/><G34/><T93/><D103/><U102/><E102/><V4/><F4/><W119/><G119/><T55/><D55/><U114/><E114/><V71/><F112/><W96/><G7/><T118/><D14/><U17/><E78/><V54/><F120/><W33/><G33/><T104/><D104/><U42/><E97/><V16/><F110/><W82/><G22/><T52/><D52/><U122/><E122/><V69/><F54/><W58/><G58/><T92/><D118/><U1/><E1/><V23/><F23/><W87/><G87/><T29/><N who="0" m="24064" /><DORA hai="50" /><T83/><D83/><AGARI ba="0,0" hai="9,10,18,21,27,72,75,76,79,82,83,96,101,107" machi="83" ten="40,1300,0" yaku="9,1" doraHai="66,50" who="3" fromWho="0" sc="250,-13,250,0,250,0,250,13" /><INIT seed="1,0,0,4,1,133" ten="237,250,250,263" oya="1" hai0="49,127,12,3,61,101,96,24,110,92,45,85,10" hai1="117,23,105,59,14,123,22,73,82,67,62,103,134" hai2="7,89,57,64,68,107,69,72,111,17,25,21,70" hai3="135,15,120,98,5,28,79,116,130,119,32,55,91"/><U9/><E134/><V106/><F72/><W36/><G135/><T44/><D110/><U109/><E109/><V87/><F111/><W78/><G120/><T50/><D3/><U47/><E123/><V132/><F132/><W66/><G36/><T63/><D127/><U104/><E117/><N who="3" m="45130" /><G130/><T86/><D24/><U108/><E108/><V48/><F7/><W128/><G128/><T29/><D29/><U65/><E65/><V54/><REACH who="2" step="1"/><F64/><REACH who="2" step="2"/><W99/><G66/><T20/><D45/><U74/><E47/><V71/><N who="2" m="17920" /><DORA hai="35" /><V124/><F124/><W39/><G5/><T95/><D44/><U113/><E113/><V100/><F100/><W88/><G39/><T125/><D101/><U102/><E73/><V46/><F46/><W8/><G55/><T122/><D125/><U38/><E103/><V94/><AGARI ba="0,1" hai="17,21,25,48,54,57,87,89,94,106,107" m="17920" machi="94" ten="60,8000,1" yaku="1,1,0,1,53,2" doraHai="133,35" doraHaiUra="84,81" who="2" fromWho="2" sc="237,-20,250,-40,240,90,263,-20" /><INIT seed="2,0,0,0,0,29" ten="217,210,330,243" oya="2" hai0="52,6,3,17,4,109,75,98,131,25,95,51,110" hai1="116,44,103,107,83,21,108,24,11,61,15,5,125" hai2="122,45,59,100,36,92,105,104,81,34,128,78,129" hai3="69,41,2,56,48,74,27,106,19,1,71,117,80"/><V86/><F36/><W84/><G106/><T124/><D75/><U91/><E116/><V39/><F39/><W50/><G74/><T13/><D131/><N who="2" m="50250" /><F45/><W26/><G117/><T123/><D25/><U119/><E119/><V77/><F59/><W88/><G41/><T37/><D37/><U47/><E125/><V30/><F30/><W7/><G69/><T97/><D123/><U118/><E118/><V90/><F122/><W8/><G71/><T49/><D49/><U87/><E108/><N who="0" m="41577" /><D124/><U33/><E33/><V114/><F114/><W79/><G79/><N who="2" m="30217" /><F34/><W58/><G1/><T112/><D3/><U102/><E107/><N who="2" m="41035" /><F100/><W14/><G56/><N who="0" m="32799" /><D112/><U43/><E61/><V113/><F113/><W115/><G115/><T42/><D42/><U121/><E121/><V40/><F40/><W64/><G64/><T72/><D72/><U20/><E20/><V68/><F68/><W66/><G66/><T55/><D55/><U134/><E43/><V73/><F73/><W53/><G48/><T10/><D98/><U96/><E96/><V94/><AGARI ba="0,0" hai="81,86,90,92,94" m="41035,30217,50250" machi="94" ten="40,7800,0" yaku="19,1,34,2" doraHai="29" who="2" fromWho="2" sc="217,-26,210,-26,330,78,243,-26" /><INIT seed="2,1,0,3,0,109" ten="191,184,408,217" oya="2" hai0="133,87,59,14,132,40,63,17,118,113,120,128,86" hai1="32,37,103,68,6,78,108,0,67,135,93,50,125" hai2="20,44,9,123,134,99,92,79,58,18,101,66,129" hai3="41,38,112,114,105,126,74,97,111,117,83,91,82"/><V57/><F123/><W61/><G111/><T7/><D120/><U104/><E78/><V72/><F129/><W1/><G1/><T116/><D40/><U47/><E93/><V11/><F134/><N who="0" m="51818" /><D7/><U4/><E4/><V100/><F100/><N who="3" m="62607" /><G117/><N who="0" m="45163" /><D128/><U10/><E135/><V85/><F72/><W45/><G126/><T2/><D2/><U49/><E125/><V42/><F58/><W19/><G19/><T80/><D80/><U131/><E108/><V21/><F21/><W130/><G130/><T39/><D39/><U36/><E131/><V90/><F79/><N who="3" m="44407" /><G61/><T22/><D113/><N who="3" m="43625" /><G83/><T88/><D88/><AGARI ba="1,0" hai="38,41,45,88,91" m="43625,44407,62607" machi="88" ten="30,8000,1" yaku="11,1,52,3,54,1" doraHai="109" who="3" fromWho="0" sc="191,-83,184,0,408,0,217,83" /><INIT seed="3,0,0,5,5,121" ten="108,184,408,300" oya="3" hai0="114,78,88,106,86,25,14,56,112,30,84,39,126" hai1="101,118,99,102,71,34,36,47,45,24,74,16,66" hai2="80,18,104,72,19,52,17,23,127,81,90,92,20" hai3="46,29,120,22,57,130,124,37,49,0,77,42,105"/><W44/><G0/><T64/><D39/><U109/><E74/><V110/><F104/><W94/><G105/><T32/><D106/><U83/><E83/><V103/><F127/><W122/><G124/><T7/><D126/><U82/><E82/><V129/><F129/><W89/><G77/><T15/><D78/><U3/><E3/><V12/><F72/><W63/><G130/><T108/><D108/><U70/><E109/><V53/><F110/><W60/><G60/><N who="0" m="37895" /><D84/><U28/><E118/><V31/><F103/><W67/><G22/><T8/><D8/><U62/><E102/><V69/><F69/><W2/><G2/><T125/><D7/><U115/><E115/><N who="0" m="44073" /><D125/><U123/><E123/><V26/><F81/><AGARI ba="0,0" hai="14,15,25,30,32,81,86,88" m="44073,37895" machi="81" ten="30,2000,0" yaku="11,1,54,1" doraHai="121" who="0" fromWho="2" sc="108,20,184,0,408,-20,300,0" /><INIT seed="4,0,0,1,3,16" ten="128,184,388,300" oya="0" hai0="1,19,23,51,75,55,63,113,126,49,52,15,114" hai1="72,31,127,27,94,95,13,83,57,125,11,112,42" hai2="7,90,14,56,124,8,128,40,61,50,5,12,66" hai3="45,6,123,10,122,33,26,80,18,119,20,82,62"/><T37/><D1/><U3/><E3/><V110/><F128/><W68/><G119/><T133/><D75/><U64/><E42/><V36/><F36/><W9/><G45/><T30/><D133/><U39/><E39/><V115/><F115/><N who="0" m="44042" /><D126/><N who="1" m="48139" /><E112/><V84/><F124/><W81/><G33/><T24/><D37/><U22/><E83/><V87/><F110/><W46/><G46/><T92/><D92/><U86/><E86/><V109/><F109/><W103/><G103/><T54/><D63/><N who="1" m="37999" /><E72/><V130/><F40/><W120/><G6/><AGARI ba="0,0" hai="6,11,13,22,27,31,94,95" m="37999,48139" machi="6" ten="30,2000,0" yaku="18,1,52,1" doraHai="16" who="1" fromWho="3" sc="128,0,184,20,388,0,300,-20" /><INIT seed="5,0,0,1,3,52" ten="128,204,388,280" oya="1" hai0="72,78,9,106,16,18,1,49,53,119,55,132,88" hai1="66,130,100,41,102,121,114,29,10,134,111,36,131" hai2="42,32,118,86,4,11,60,79,59,62,22,33,20" hai3="105,38,120,91,123,104,113,84,47,65,28,85,17"/><U77/><E121/><V25/><F118/><W48/><G38/><T116/><D106/><U31/><E77/><V109/><F109/><W124/><G65/><T99/><D132/><U8/><E134/><V135/><F135/><W74/><G74/><T58/><D55/><U23/><E111/><V12/><F62/><W69/><G69/><T81/><D1/><U3/><E3/><V96/><F96/><W63/><G63/><T94/><REACH who="0" step="1"/><D9/><REACH who="0" step="2"/><U57/><E10/><V95/><F42/><W89/><G120/><T44/><D44/><U126/><E114/><V21/><F25/><W82/><G113/><T67/><D67/><U92/><E8/><V90/><REACH who="2" step="1"/><F79/><REACH who="2" step="2"/><W46/><G123/><T64/><D64/><AGARI ba="0,2" hai="4,11,12,20,21,22,32,33,59,60,64,86,90,95" machi="64" ten="40,5200,0" yaku="1,1,2,1,52,1,53,0" doraHai="52" doraHaiUra="133" who="2" fromWho="0" sc="118,-52,204,0,378,72,280,0" /><INIT seed="6,0,0,4,3,73" ten="66,204,450,280" oya="2" hai0="14,122,41,64,40,27,133,114,110,98,85,54,45" hai1="93,70,34,31,39,125,24,28,61,51,86,5,56" hai2="52,68,50,17,131,4,11,46,96,89,102,80,57" hai3="55,77,72,21,18,33,20,60,1,112,90,124,79"/><V123/><F68/><W106/><G106/><T71/><D122/><U134/><E39/><V62/><F123/><W88/><G1/><T127/><D110/><U49/><E5/><V116/><F116/><W111/><G33/><T126/><D127/><U44/><E125/><V69/><F69/><W53/><G124/><T87/><D126/><U82/><E93/><V84/><F131/><W37/><G111/><T135/><D114/><U103/><E103/><V115/><F115/><W78/><G37/><T16/><D27/><U100/><E100/><V83/><F83/><W97/><G72/><T130/><D130/><U121/><E121/><V104/><F17/><W109/><G109/><T67/><D98/><U32/><E70/><V43/><F11/><W75/><G75/><T48/><D135/><U105/><E105/><V128/><F128/><W10/><G112/><T63/><D133/><U2/><E2/><V101/><F4/><W74/><G74/><T132/><D132/><U15/><E134/><V91/><F104/><W117/><G117/><T65/><D71/><U23/><E44/><V47/><F47/><W59/><G55/><T25/><D25/><U38/><E34/><V30/><REACH who="2" step="1"/><F30/><REACH who="2" step="2"/><W113/><G113/><T6/><D6/><U94/><E31/><V92/><AGARI ba="0,1" hai="43,46,50,52,57,62,80,84,89,91,92,96,101,102" machi="92" ten="30,12000,1" yaku="1,1,2,1,0,1,8,1,54,1,53,0" doraHai="73" doraHaiUra="129" who="2" fromWho="2" sc="66,-40,204,-40,440,130,280,-40" /><INIT seed="6,1,0,2,4,133" ten="26,164,570,240" oya="2" hai0="132,102,73,117,83,113,19,89,33,44,124,98,69" hai1="122,107,32,95,120,93,52,15,10,105,62,129,111" hai2="68,23,56,59,97,24,4,8,108,65,60,66,96" hai3="115,31,128,50,86,40,126,22,14,53,48,92,135"/><V94/><F108/><W58/><G135/><T78/><D69/><U130/><E32/><V112/><F112/><W45/><G128/><N who="1" m="49258" /><E15/><V29/><F68/><W3/><G3/><T18/><D132/><U55/><E62/><V0/><REACH who="2" step="1"/><F94/><REACH who="2" step="2"/><N who="1" m="35849" /><E111/><V51/><F51/><W110/><G92/><T37/><D113/><U88/><E88/><V106/><F106/><N who="1" m="40457" /><E10/><V71/><F71/><W72/><G110/><T57/><D89/><U119/><E119/><V99/><F99/><W127/><G115/><T116/><D98/><U85/><E85/><V87/><F87/><W5/><G86/><T13/><D117/><U79/><E79/><V101/><F101/><W90/><G90/><T17/><D78/><U70/><E70/><V91/><F91/><W103/><G103/><T20/><D102/><U28/><E28/><V38/><F38/><W9/><G31/><T35/><D37/><U41/><E41/><V2/><F2/><W36/><G40/><T81/><D116/><U42/><E42/><V77/><F77/><W7/><G36/><T1/><D1/><U27/><E27/><V6/><F6/><W114/><G5/><T25/><D25/><U100/><E100/><V30/><F30/><W74/><G7/><T16/><N who="0" m="4608" /><DORA hai="67" /><T54/><D81/><U125/><E125/><V109/><F109/><W49/><G126/><T80/><D124/><U34/><E34/><V75/><F75/><W121/><G74/><T43/><D73/><U26/><E26/><V104/><F104/><W118/><G72/><T12/><D83/><U131/><E131/><V76/><F76/><RYUUKYOKU ba="1,1" sc="26,-15,164,15,560,15,240,-15" hai1="52,55,120,122" hai2="0,4,8,23,24,29,56,59,60,65,66,96,97" /><INIT seed="6,2,1,0,1,94" ten="11,179,575,225" oya="2" hai0="6,12,120,49,18,123,39,81,27,32,125,111,17" hai1="46,85,91,100,13,71,77,126,113,9,70,130,61" hai2="75,29,5,66,4,106,90,36,31,99,3,33,69" hai3="80,24,101,112,56,30,26,37,109,48,79,28,19"/><V35/><F75/><W34/><G37/><T51/><D39/><U64/><E126/><V55/><F36/><W128/><G109/><T42/><D42/><U76/><E71/><V65/><F3/><W74/><G128/><T87/><D125/><U114/><E130/><V105/><F90/><W93/><G112/><N who="1" m="43114" /><E100/><V122/><F69/><W1/><G1/><T110/><D32/><U108/><E46/><V47/><F47/><W14/><G24/><T8/><D27/><U25/><E25/><V58/><F58/><W23/><G30/><T54/><D111/><U67/><E67/><V84/><F84/><W92/><G56/><T96/><D110/><U68/><E68/><V57/><F57/><W7/><G7/><T73/><D73/><U104/><E104/><V50/><F50/><W0/><G0/><T63/><D120/><U62/><E62/><V98/><F55/><W45/><G101/><T10/><D123/><AGARI ba="2,1" hai="4,5,29,31,33,35,65,66,98,99,105,106,122,123" machi="123" ten="25,9600,0" yaku="22,2,52,2" doraHai="94" who="2" fromWho="0" sc="11,-102,179,0,575,112,225,0" owari="-91,-59,179,-22,687,78,225,3" /></mjloggm>