<mjloggm ver="2.3"><GO type="41"/><UN n0="%E5%B8%AB%E8%B5%B0%E4%B8%83" n1="%E3%82%A6%E3%83%AB%E3%83%88%E3%83%A9%E7%AB%8B%E7%9B%B4" n2="%6B%65%6E%34%31%30" n3="%E6%96%AD%E5%B9%BA%E4%B9%9D%E7%8E%8B%E5%AD%90" dan="14,15,13,15" rate="1916,2010,1802,1952" sx="M,M,F,M"/><TAIKYOKU oya="0"/><INIT seed="0,0,0,2,5,21" ten="250,250,250,250" oya="0" hai0="12,17,88,117,87,22,92,132,71,61,128,46,115" hai1="2,67,36,113,122,63,83,120,116,34,124,130,57" hai2="78,96,76,112,37,97,47,105,111,59,48,55,94" hai3="24,102,3,81,14,15,6,1,5,23,30,13,69"/><T107/><D117/><U25/><E116/><V134/><F112/><W86/><G102/><T0/><D115/><U82/><E113/><V68/><F111/><W70/><G81/><T135/><D107/><U52/><E2/><N who="3" m="522" /><G86/><T28/><D128/><U106/><E36/><V75/><F134/><N who="0" m="51242" /><D0/><U85/><E130/><V121/><F121/><W98/><G98/><T93/><D46/><U80/><E106/><V9/><F68/><W103/><G103/><T44/><D44/><U56/><E120/><V65/><F105/><W40/><G40/><T123/><D123/><U45/><E122/><V27/><F75/><W64/><G64/><N who="0" m="41359" /><D28/><U41/><E45/><V62/><F37/><W66/><G66/><T26/><D12/><N who="3" m="4713" /><G70/><T101/><D101/><U51/><E41/><V60/><F60/><W7/><G69/><T43/><D43/><U89/><E63/><V32/><F97/><W4/><G4/><T131/><D131/><U125/><E67/><V95/><F95/><AGARI ba="0,0" hai="17,22,26,87,88,92,93,95" m="41359,51242" machi="95" ten="30,5800,0" yaku="20,1,52,1,54,1" doraHai="21" who="0" fromWho="2" sc="250,58,250,0,250,-58,250,0" /><INIT seed="0,1,0,5,5,105" ten="308,250,192,250" oya="0" hai0="113,71,6,58,49,114,104,76,21,84,112,17,57" hai1="59,81,34,15,121,5,75,109,100,30,110,39,122" hai2="9,124,26,27,72,99,77,13,63,133,127,103,91" hai3="3,86,61,48,120,64,43,106,10,79,123,126,80"/><T70/><D104/><U83/><E39/><V11/><F133/><W107/><G126/><N who="2" m="48169" /><F91/><W88/><G3/><T22/><D6/><U117/><E30/><V97/><F63/><W54/><G10/><N who="2" m="3593" /><F13/><W92/><G43/><T16/><D84/><U108/><E15/><V115/><F115/><W28/><G28/><T94/><D94/><U135/><E5/><V31/><F103/><W82/><G82/><T85/><D85/><U132/><E34/><N who="2" m="20855" /><F27/><W67/><G107/><T1/><D76/><N who="1" m="44191" /><E100/><V37/><F37/><W87/><G106/><T56/><D49/><U32/><E32/><V4/><F4/><W129/><G129/><T38/><D38/><U95/><E83/><AGARI ba="1,0" hai="72,77,83,97,99" m="20855,3593,48169" machi="83" ten="30,2000,0" yaku="18,1,52,1" doraHai="105" who="2" fromWho="1" sc="308,0,250,-23,192,23,250,0" /><INIT seed="1,0,0,1,3,35" ten="308,227,215,250" oya="1" hai0="124,76,41,90,135,74,68,32,28,129,63,134,95" hai1="47,73,133,59,99,12,130,1,43,60,20,72,111" hai2="103,54,105,6,93,86,10,92,84,115,53,70,77" hai3="116,83,23,71,85,46,38,108,104,36,69,14,19"/><U34/><E34/><V98/><F70/><W48/><G104/><T24/><D41/><U79/><E1/><V57/><F115/><W119/><G108/><T107/><D124/><U9/><E111/><V30/><F30/><W125/><G125/><T75/><D129/><U131/><E133/><N who="0" m="50697" /><D76/><U2/><E20/><V33/><F33/><W102/><G102/><T120/><D120/><U78/><E99/><V117/><F117/><N who="3" m="45131" /><G36/><T89/><D107/><U51/><E78/><V0/><F54/><N who="3" m="29975" /><G38/><T118/><D118/><U122/><E122/><V101/><F105/><W65/><G65/><N who="0" m="41023" /><D89/><AGARI ba="0,0" hai="14,19,23,69,71,83,85,89" m="29975,45131" machi="89" ten="30,1000,0" yaku="12,1" doraHai="35" who="3" fromWho="0" sc="308,-10,227,0,215,0,250,10" /><INIT seed="2,0,0,1,4,40" ten="298,227,215,260" oya="2" hai0="13,119,117,47,11,90,76,34,112,39,86,29,103" hai1="55,9,26,23,105,121,16,107,1,72,19,70,95" hai2="111,97,131,116,123,96,83,106,38,133,68,74,10" hai3="129,69,81,51,87,30,37,56,78,58,101,50,14"/><V4/><RYUUKYOKU type="yao9" ba="0,0" sc="298,0,227,0,215,0,260,0" hai2="4,10,38,68,74,83,96,97,106,111,116,123,131,133" /><INIT seed="2,1,0,3,0,116" ten="298,227,215,260" oya="2" hai0="2,101,58,7,14,42,25,32,41,126,85,106,117" hai1="135,44,52,78,23,63,114,120,36,27,134,35,108" hai2="98,94,55,91,119,51,128,73,121,8,81,77,86" hai3="47,72,90,29,53,6,54,30,5,22,18,33,67"/><V11/><F119/><W40/><G72/><T82/><D117/><U10/><E35/><V99/><F128/><W69/><G69/><T93/><D126/><U110/><E114/><V9/><REACH who="2" step="1"/><F121/><REACH who="2" step="2"/><W64/><G33/><T60/><D32/><U3/><E120/><V48/><F48/><W124/><G124/><T84/><D42/><U20/><E36/><V80/><F80/><W31/><G40/><T26/><D41/><U39/><E39/><V87/><F87/><W131/><G131/><T133/><D84/><U103/><E63/><V1/><F1/><W96/><G96/><T109/><D2/><U88/><E3/><V122/><F122/><W100/><G5/><T43/><D85/><U21/><E134/><V19/><F19/><W118/><G6/><T107/><D82/><U83/><E135/><V104/><F104/><W97/><G118/><T46/><D43/><U17/><E83/><V74/><F74/><W62/><G97/><T16/><D60/><U111/><E17/><V89/><F89/><W61/><G62/><T123/><D16/><N who="1" m="12679" /><E88/><V28/><F28/><W113/><G90/><T70/><D7/><U125/><E125/><V129/><F129/><W38/><G61/><T130/><D123/><U66/><E78/><V50/><F50/><W115/><G18/><T49/><D49/><N who="1" m="28711" /><E103/><V37/><F37/><W45/><G100/><T105/><D101/><U132/><E132/><V12/><F12/><W57/><G31/><T15/><D130/><U65/><E10/><V95/><F95/><W4/><G38/><T112/><D133/><U13/><E13/><RYUUKYOKU ba="1,1" sc="298,-15,227,15,205,15,260,-15" hai1="21,23,65,66,108,110,111" hai2="8,9,11,51,55,73,77,81,86,91,94,98,99" /><INIT seed="2,2,1,3,0,101" ten="283,242,220,245" oya="2" hai0="121,5,64,46,11,18,73,132,78,13,20,23,116" hai1="51,66,37,68,52,57,134,67,133,36,49,135,128" hai2="117,38,89,95,103,62,94,60,98,77,8,3,27" hai3="29,86,4,53,118,82,99,120,125,92,1,72,39"/><V41/><F117/><W58/><G118/><T71/><D121/><U124/><E124/><V110/><F110/><W69/><G120/><T6/><D116/><U105/><E105/><V108/><F108/><W122/><G69/><T15/><D132/><U81/><E81/><V30/><F77/><W19/><G122/><T100/><D100/><U28/><E28/><V91/><F38/><N who="1" m="14953" /><E128/><V40/><F103/><W12/><G39/><T115/><D46/><U59/><E68/><V83/><F83/><W114/><G125/><T24/><D64/><U33/><E33/><V106/><F106/><W93/><G72/><T112/><D71/><U34/><E34/><V43/><F8/><W2/><G29/><T21/><D78/><U55/><AGARI ba="2,1" hai="49,51,52,55,57,59,66,67,133,134,135" m="14953" machi="55" ten="40,8000,1" yaku="20,1,34,2,54,1" doraHai="101" who="1" fromWho="1" sc="283,-22,242,96,220,-42,245,-22" /><INIT seed="3,0,0,0,5,113" ten="261,338,178,223" oya="3" hai0="99,32,72,133,4,59,114,107,92,102,75,23,71" hai1="12,29,60,68,35,70,122,15,105,128,36,61,40" hai2="52,76,65,93,108,54,117,134,98,58,67,13,123" hai3="17,45,126,106,121,135,43,10,120,2,64,22,112"/><W110/><G112/><T86/><D133/><U24/><E15/><V82/><F117/><W30/><G135/><T89/><D71/><U33/><E12/><V130/><F134/><W115/><G115/><T96/><D32/><U3/><E122/><V56/><F108/><W127/><G106/><T41/><D41/><U53/><E53/><V91/><F130/><W88/><G64/><T77/><D4/><U57/><E57/><V16/><F123/><W48/><G30/><T125/><D23/><U84/><E84/><V26/><F26/><W87/><G110/><T31/><D59/><U18/><E18/><V109/><F109/><W50/><G48/><T104/><D31/><U73/><E61/><V0/><F0/><W27/><G10/><T80/><D125/><N who="3" m="47625" /><G2/><T38/><D38/><U55/><E55/><V44/><F54/><W101/><G101/><N who="0" m="62503" /><D114/><U90/><E68/><V74/><F58/><W95/><AGARI ba="0,0" hai="17,22,27,43,45,50,87,88,95,120,121" m="47625" machi="95" ten="30,3000,0" yaku="18,1,54,1" doraHai="113" who="3" fromWho="3" sc="261,-10,338,-10,178,-10,223,30" /><INIT seed="3,1,0,5,5,127" ten="251,328,168,253" oya="3" hai0="75,12,44,116,24,98,45,92,28,15,100,91,93" hai1="0,120,109,18,52,51,9,101,34,25,118,102,32" hai2="81,10,96,54,33,121,46,115,82,57,108,72,68" hai3="27,20,37,22,130,26,38,94,135,6,35,29,2"/><W31/><G38/><T13/><D116/><U134/><E120/><V58/><F115/><W40/><G37/><T1/><D1/><U128/><E34/><V67/><F68/><W59/><G40/><T79/><D79/><U97/><E101/><V62/><F33/><N who="3" m="20663" /><G59/><T107/><D75/><U19/><E19/><V60/><F108/><W113/><G94/><T84/><REACH who="0" step="1"/><D107/><REACH who="0" step="2"/><U83/><E0/><V85/><F72/><W124/><G124/><T64/><D64/><U69/><E118/><V70/><F121/><W39/><G113/><T122/><D122/><U7/><E109/><V80/><F70/><W123/><G123/><T131/><D131/><U77/><E128/><V111/><F111/><W43/><G130/><T55/><D55/><U48/><E69/><V95/><F46/><W23/><G43/><T5/><D5/><U63/><E7/><V53/><F67/><W110/><G110/><T56/><D56/><U41/><E52/><V90/><REACH who="2" step="1"/><F10/><REACH who="2" step="2"/><N who="3" m="2391" /><G35/><AGARI ba="1,2" hai="12,13,15,24,28,35,44,45,84,91,92,93,98,100" machi="35" ten="40,5200,0" yaku="1,1,53,2" doraHai="127" doraHaiUra="42" who="0" fromWho="3" sc="241,75,328,0,158,0,253,-55" /><INIT seed="4,0,0,1,0,66" ten="316,328,158,198" oya="0" hai0="71,27,38,73,19,13,69,23,14,25,79,59,111" hai1="126,33,116,78,124,11,132,44,10,113,15,90,127" hai2="41,131,96,133,83,106,120,60,89,24,130,76,84" hai3="70,104,74,77,64,114,31,93,7,134,30,98,29"/><T50/><D38/><U86/><E116/><V9/><F120/><W91/><G104/><T103/><D103/><U63/><E78/><V62/><F133/><W52/><G134/><T39/><D39/><U58/><E33/><V119/><F119/><W49/><G7/><T17/><D111/><U72/><E72/><V123/><F123/><W32/><G77/><T45/><D73/><U61/><E132/><V21/><F41/><W36/><G36/><T100/><D100/><U12/><E44/><V20/><F9/><N who="1" m="3081" /><E113/><V0/><F0/><W2/><G74/><T22/><D79/><U128/><E128/><N who="2" m="49195" /><F20/><W105/><G105/><T68/><REACH who="0" step="1"/><D59/><REACH who="0" step="2"/><U88/><E90/><V4/><F4/><W35/><G114/><T37/><D37/><U117/><E117/><V54/><F89/><W5/><G5/><T28/><D28/><U87/><E58/><V26/><F106/><W94/><G2/><T95/><D95/><N who="1" m="54679" /><E87/><V43/><F96/><W75/><G94/><T81/><D81/><U102/><E102/><V53/><F43/><AGARI ba="0,1" hai="13,14,17,19,22,23,25,27,43,45,50,68,69,71" machi="43" ten="40,12000,1" yaku="1,1,9,1,52,3,53,0" doraHai="66" doraHaiUra="118" who="0" fromWho="2" sc="306,130,328,0,158,-120,198,0" /><BYE who="2" /><INIT seed="4,1,0,5,5,7" ten="436,328,38,198" oya="0" hai0="9,8,110,46,127,115,66,73,72,100,98,23,131" hai1="4,107,55,32,1,67,30,128,80,101,37,126,106" hai2="57,51,27,117,125,42,61,97,48,99,123,0,130" hai3="50,36,96,14,18,77,11,114,39,111,21,34,84"/><T135/><D66/><U79/><E55/><V38/><F38/><W64/><G111/><T112/><D110/><U81/><E81/><V44/><F44/><W116/><G34/><T102/><D127/><U53/><E53/><V91/><F91/><W108/><G116/><T10/><D131/><U45/><E126/><V92/><F92/><W121/><G108/><T105/><D135/><U33/><E128/><V87/><F87/><W129/><G129/><T89/><D23/><U25/><E67/><V113/><F113/><N who="0" m="43594" /><D46/><U76/><E76/><V17/><F17/><W69/><G114/><T103/><D89/><U75/><E101/><AGARI ba="1,0" hai="8,9,10,72,73,98,100,101,102,103,105" m="43594" machi="101" ten="40,12000,1" yaku="15,1,52,3" doraHai="7" who="0" fromWho="1" sc="436,123,328,-123,38,0,198,0" /><INIT seed="4,2,0,2,0,80" ten="559,205,38,198" oya="0" hai0="90,118,12,30,105,126,40,122,113,33,59,4,26" hai1="2,98,60,91,50,75,10,11,102,63,85,51,28" hai2="121,15,37,97,112,93,87,52,110,41,86,89,54" hai3="25,35,135,65,132,3,36,117,101,134,56,42,79"/><T24/><D122/><U133/><E75/><V84/><F84/><W120/><G117/><T27/><D118/><U99/><E2/><V8/><F8/><N who="1" m="3113" /><E28/><V6/><F6/><W55/><G3/><T61/><D126/><U127/><E133/><V29/><F29/><N who="3" m="19887" /><G120/><T109/><D105/><U21/><E21/><V13/><F13/><W7/><G7/><T108/><D90/><U1/><E1/><V74/><F74/><W53/><G101/><T82/><D82/><N who="1" m="49591" /><E127/><V16/><F16/><W124/><G124/><T31/><D113/><U44/><E50/><V67/><F67/><W46/><G79/><T96/><D40/><N who="1" m="24967" /><E102/><V0/><F0/><W119/><G119/><T66/><D4/><U128/><E128/><V95/><F95/><W111/><G111/><N who="0" m="42571" /><D12/><U77/><E77/><V73/><F73/><W34/><G34/><N who="0" m="20807" /><D26/><U88/><E99/><AGARI ba="2,0" hai="27,31,33,59,61,66,96,99" m="20807,42571" machi="99" ten="30,1500,0" yaku="10,1" doraHai="80" who="0" fromWho="1" sc="559,21,205,-21,38,0,198,0" /><INIT seed="4,3,0,3,0,56" ten="580,184,38,198" oya="0" hai0="108,80,95,11,102,13,21,51,116,86,100,9,3" hai1="43,94,77,10,24,128,12,57,55,68,131,133,110" hai2="1,106,111,117,127,118,19,129,27,98,90,0,26" hai3="61,38,30,83,96,45,97,66,75,6,18,64,74"/><T29/><D116/><U107/><E107/><V65/><F65/><W121/><G121/><T52/><D108/><U125/><E68/><V35/><F35/><W53/><G66/><T104/><D104/><U2/><E2/><V91/><F91/><W47/><G30/><T81/><D3/><U8/><E110/><V119/><F119/><W48/><G6/><T123/><D123/><U72/><E43/><V82/><F82/><W16/><G96/><N who="0" m="59423" /><D102/><U4/><E77/><V109/><F109/><W71/><G97/><T120/><D120/><U112/><E72/><V89/><F89/><W37/><G83/><N who="0" m="31819" /><D86/><U62/><E128/><V132/><F132/><W33/><G33/><T49/><D49/><U134/><E131/><V25/><F25/><W92/><G92/><T40/><D40/><U58/><E133/><V113/><F113/><W135/><G135/><T63/><D63/><U87/><E112/><V50/><F50/><W23/><G45/><N who="0" m="27759" /><D29/><U93/><E134/><V78/><F78/><W122/><G122/><T54/><D54/><U14/><E87/><V17/><F17/><AGARI ba="3,0" hai="9,11,13,17,21" m="27759,31819,59423" machi="17" ten="30,2900,0" yaku="8,1,54,1" doraHai="56" who="0" fromWho="2" sc="580,38,184,0,38,-38,198,0" /><INIT seed="4,4,0,2,5,107" ten="618,184,0,198" oya="0" hai0="121,127,60,32,89,34,46,6,101,61,82,23,86" hai1="0,83,50,118,33,73,54,117,119,31,94,21,80" hai2="57,26,123,41,78,113,2,1,45,70,29,4,120" hai3="55,71,81,20,48,65,106,91,42,92,9,114,66"/><T105/><D121/><U116/><N who="1" m="30208" /><DORA hai="10" /><U133/><E33/><V68/><F68/><W28/><G106/><T129/><D129/><U112/><E0/><V104/><F104/><W67/><G71/><T5/><D127/><U11/><E133/><V8/><F8/><W27/><G42/><T24/><D105/><U93/><E11/><V53/><F53/><W95/><G114/><T115/><D101/><U40/><E40/><V58/><F58/><N who="3" m="33127" /><G9/><T15/><D115/><U64/><E64/><V76/><F76/><W98/><G81/><T16/><D34/><U35/><E35/><V43/><F43/><W69/><G69/><T44/><D32/><U85/><E112/><V75/><F75/><W62/><G62/><N who="0" m="24171" /><D24/><U99/><E73/><V74/><F74/><W124/><G124/><T12/><D12/><U132/><E132/><V13/><F13/><W47/><G47/><AGARI ba="4,0" hai="5,6,15,16,23,44,46,47,82,86,89" m="24171" machi="47" ten="30,5800,0" yaku="8,1,52,1,54,1" doraHai="107,10" who="0" fromWho="3" sc="618,70,184,0,0,0,198,-70" /><INIT seed="4,5,0,1,3,66" ten="688,184,0,128" oya="0" hai0="73,6,41,123,88,112,109,85,99,23,76,62,5" hai1="126,0,102,80,59,40,91,45,16,48,75,54,70" hai2="127,63,51,81,11,120,22,46,42,12,87,108,68" hai3="7,69,52,131,105,30,83,10,24,15,2,49,117"/><T97/><D123/><U17/><E126/><V132/><F132/><W29/><G117/><T38/><D109/><U134/><E134/><V8/><F8/><W53/><G105/><T98/><D112/><U93/><E0/><V60/><F60/><W130/><G2/><T122/><D122/><U9/><E70/><V82/><F82/><W1/><G69/><T33/><D33/><U124/><E124/><V55/><F55/><W65/><G65/><T77/><D73/><U125/><E125/><V113/><F113/><W57/><G1/><T133/><D133/><U36/><E9/><V101/><F101/><W25/><G83/><T72/><D72/><U119/><E119/><V115/><F115/><W39/><G39/><T56/><D38/><U128/><E128/><N who="3" m="49194" /><G53/><N who="0" m="34063" /><D41/><U32/><E32/><V96/><F96/><W100/><G100/><T28/><D28/><AGARI ba="5,0" hai="7,10,15,24,25,28,29,30,49,52,57" m="49194" machi="28" ten="30,2000,0" yaku="19,1,54,1" doraHai="66" who="3" fromWho="0" sc="688,-35,184,0,0,0,128,35" /><INIT seed="5,0,0,3,5,92" ten="653,184,0,163" oya="1" hai0="5,101,120,3,82,21,6,97,69,25,75,123,49" hai1="11,94,19,70,8,128,17,32,43,47,20,80,24" hai2="99,86,28,114,34,96,53,58,54,57,67,121,13" hai3="112,42,50,38,22,23,14,104,61,78,64,44,115"/><U73/><E70/><V110/><F110/><W134/><G134/><T102/><D69/><U83/><E32/><V117/><F117/><W30/><G78/><T111/><D111/><U55/><E55/><V84/><F84/><W71/><G30/><T127/><D127/><U119/><E119/><V79/><F79/><W40/><G104/><T72/><D49/><N who="1" m="26879" /><E73/><V93/><F93/><W35/><G35/><T116/><D116/><U103/><E128/><V36/><F36/><W37/><G14/><T18/><D3/><U2/><E2/><V45/><F45/><N who="3" m="23703" /><G23/><T81/><D97/><N who="1" m="59831" /><E17/><V129/><F129/><W113/><G22/><T91/><D75/><U56/><E56/><V48/><F48/><AGARI ba="0,0" hai="37,42,44,48,50,61,64,71,112,113,115" m="23703" machi="48" ten="30,3900,0" yaku="15,1,34,2" doraHai="92" who="3" fromWho="2" sc="653,0,184,0,0,-39,163,39" owari="653,76,184,-22,-39,-54,202,0" /></mjloggm>