<mjloggm ver="2.3"><GO type="41"/><UN n0="%62%61%6B%61%6C%61%75" n1="%E3%81%A7%E3%81%8B%E3%81%B0%E3%81%A4%E3%81%93%E3%81%A1%E3%82%83%E3%82%93" n2="%42%42%50" n3="%E3%82%A6%E3%83%AB%E3%83%88%E3%83%A9%E7%AB%8B%E7%9B%B4" dan="13,14,13,15" rate="1911,1848,1818,2002" sx="M,M,M,M"/><TAIKYOKU oya="0"/><INIT seed="0,0,0,3,0,97" ten="250,250,250,250" oya="0" hai0="31,98,6,4,123,77,111,2,91,87,127,24,86" hai1="16,38,85,100,113,131,62,120,116,126,102,65,47" hai2="34,61,40,101,67,73,8,92,108,76,72,20,32" hai3="52,9,83,132,21,125,63,7,3,60,37,14,121"/><T11/><D123/><U130/><E120/><V51/><F108/><W33/><G37/><T50/><D111/><U134/><E116/><V96/><F8/><W119/><G121/><T35/><D127/><U129/><E126/><V59/><F20/><W26/><G119/><T18/><D77/><U94/><E134/><V69/><F40/><W75/><G125/><T103/><D50/><U25/><E113/><V10/><F10/><W36/><G36/><T53/><D53/><U57/><E38/><V27/><F76/><W99/><G132/><T42/><D42/><U122/><E122/><V28/><REACH who="2" step="1"/><F34/><REACH who="2" ten="250,250,240,250" step="2"/><W112/><G33/><T104/><D91/><N who="1" m="53615" /><E47/><V44/><F44/><W84/><G75/><T29/><D35/><U23/><AGARI ba="0,1" hai="16,23,25,57,62,65,100,102,129,130,131" m="53615" machi="23" ten="40,8000,1" yaku="19,1,52,2,54,1" doraHai="97" who="1" fromWho="1" sc="250,-40,250,90,240,-20,250,-20" /><INIT seed="1,0,0,5,5,55" ten="210,340,220,230" oya="1" hai0="62,84,91,82,87,118,81,2,41,93,19,6,9" hai1="72,85,103,90,25,35,60,45,32,77,47,4,54" hai2="122,83,33,8,123,48,59,27,63,37,57,99,11" hai3="79,132,40,29,74,104,52,51,73,94,68,121,12"/><U106/><E4/><V98/><F37/><W5/><G104/><T22/><D118/><U1/><E1/><V15/><F48/><W71/><G121/><T117/><D117/><U100/><E35/><V0/><F0/><W67/><G132/><T126/><D126/><U13/><E13/><V96/><F83/><W7/><G40/><T39/><D39/><U124/><E124/><V101/><F101/><W42/><G5/><T70/><D41/><U109/><E100/><V113/><F113/><W92/><G42/><T86/><D70/><U64/><E109/><V112/><F112/><W50/><G29/><T56/><D82/><U111/><E54/><V46/><F46/><W36/><G36/><T130/><D81/><N who="1" m="45223" /><E25/><V78/><F78/><W128/><G79/><T114/><D130/><U30/><E30/><V134/><F134/><W115/><G115/><T107/><D107/><U16/><E111/><V88/><F33/><W31/><G7/><T53/><REACH who="0" step="1"/><D114/><REACH who="0" ten="200,340,220,230" step="2"/><U17/><E106/><V65/><F123/><W58/><G128/><T43/><D43/><U105/><E105/><V102/><F122/><W129/><G129/><T135/><D135/><U97/><E32/><V133/><F133/><W20/><G74/><T26/><AGARI ba="0,1" hai="2,6,9,19,22,26,53,56,62,84,86,87,91,93" machi="26" ten="20,5200,0" yaku="1,1,0,1,7,1,52,1,53,0" doraHai="55" doraHaiUra="28" who="0" fromWho="0" sc="200,62,340,-26,220,-13,230,-13" /><INIT seed="2,0,0,2,5,36" ten="262,314,207,217" oya="2" hai0="105,14,16,26,70,39,122,62,40,69,90,8,101" hai1="108,43,68,21,56,20,117,28,10,18,133,91,128" hai2="1,116,134,5,55,112,53,125,106,3,42,77,58" hai3="49,15,52,4,119,113,57,97,126,65,73,87,2"/><V13/><F112/><W135/><G73/><T50/><D122/><U114/><E117/><V92/><F116/><W109/><G2/><T64/><D69/><U37/><E114/><V47/><F106/><W131/><G119/><T120/><D120/><U54/><E133/><V124/><F134/><W23/><G113/><T24/><D39/><U7/><E128/><V127/><F77/><W80/><G135/><T45/><REACH who="0" step="1"/><D90/><REACH who="0" ten="252,314,207,217" step="2"/><U104/><E37/><V19/><F127/><W94/><G131/><T51/><D51/><U11/><E68/><V30/><F125/><W31/><G126/><T27/><D27/><U76/><E91/><V38/><F124/><W82/><G109/><T96/><AGARI ba="0,1" hai="8,14,16,24,26,40,45,50,62,64,70,96,101,105" machi="96" ten="30,7900,0" yaku="1,1,0,1,52,1,54,1,53,0" doraHai="36" doraHaiUra="33" who="0" fromWho="0" sc="252,89,314,-20,207,-39,217,-20" /><INIT seed="3,0,0,4,0,49" ten="341,294,168,197" oya="3" hai0="107,29,82,1,7,2,23,42,120,104,32,98,121" hai1="21,65,30,64,66,28,60,67,76,11,74,26,0" hai2="3,129,15,18,131,75,134,106,117,34,68,58,124" hai3="19,87,40,111,77,51,44,24,8,132,27,47,59"/><W36/><G132/><T6/><D32/><U118/><E118/><V33/><RYUUKYOKU type="yao9" ba="0,0" sc="341,0,294,0,168,0,197,0" hai2="3,15,18,33,34,58,68,75,106,117,124,129,131,134" /><INIT seed="3,1,0,1,3,128" ten="341,294,168,197" oya="3" hai0="54,127,124,74,68,31,5,34,33,114,83,120,67" hai1="24,95,47,87,88,81,53,37,111,86,100,19,115" hai2="42,65,43,58,9,117,91,49,130,72,3,101,93" hai3="90,106,103,133,73,29,27,109,104,82,4,85,36"/><W129/><G36/><T1/><D120/><U89/><E115/><V70/><F70/><W51/><G4/><T123/><D123/><U15/><E111/><V125/><F117/><W94/><G51/><T84/><D114/><U46/><E100/><V40/><F130/><W108/><G129/><T66/><D54/><U50/><E37/><V126/><F72/><W119/><G119/><T0/><D31/><U69/><E69/><V44/><F101/><W61/><G61/><T132/><D68/><U13/><E46/><V25/><F25/><W60/><G60/><T76/><D5/><U11/><E11/><V131/><F131/><W110/><G27/><T23/><D23/><AGARI ba="1,0" hai="13,15,19,23,24,47,50,53,81,86,87,88,89,95" machi="23" ten="40,2600,0" yaku="8,1,54,1" doraHai="128" who="1" fromWho="0" sc="341,-29,294,29,168,0,197,0" /><INIT seed="4,0,0,2,1,52" ten="312,323,168,197" oya="0" hai0="114,101,38,43,134,81,120,82,32,54,71,128,7" hai1="37,99,98,72,35,19,100,29,30,17,42,61,90" hai2="62,45,116,36,85,74,18,56,53,87,108,126,112" hai3="23,50,55,63,121,135,66,31,39,51,70,27,48"/><T92/><D114/><U93/><E72/><V111/><F74/><W11/><G135/><T4/><D120/><U86/><E35/><V115/><F18/><N who="1" m="6665" /><E37/><V104/><F104/><W2/><G121/><T13/><D71/><U131/><E131/><V109/><F87/><W76/><G76/><T102/><D128/><U125/><E125/><V110/><F85/><W133/><G133/><T26/><D134/><U119/><E119/><V40/><F108/><W88/><G39/><T75/><D75/><U8/><E8/><V130/><F130/><W94/><G11/><T24/><D32/><U97/><E42/><V64/><F126/><W59/><REACH who="3" step="1"/><G2/><REACH who="3" ten="312,323,168,187" step="2"/><T10/><D38/><U9/><E9/><V83/><F36/><W47/><G47/><T113/><D113/><U22/><E100/><V12/><F115/><W117/><G117/><T58/><D102/><U16/><E61/><V124/><F62/><W20/><G20/><T60/><D4/><U14/><AGARI ba="0,1" hai="14,16,22,29,30,86,90,93,97,98,99" m="6665" machi="14" ten="30,2000,0" yaku="8,1,54,1" doraHai="52" who="1" fromWho="1" sc="312,-10,323,30,168,-5,187,-5" /><INIT seed="5,0,0,1,0,24" ten="302,353,163,182" oya="1" hai0="11,94,4,135,124,67,86,71,133,115,82,34,19" hai1="61,98,17,123,52,58,92,46,57,79,40,66,122" hai2="2,50,103,73,77,75,36,101,132,8,1,0,90" hai3="38,9,6,134,69,49,12,20,43,47,28,74,130"/><U95/><E79/><V63/><F36/><W76/><G69/><T108/><D108/><U105/><E105/><V7/><F132/><N who="0" m="50762" /><D34/><U107/><E107/><V87/><F75/><W22/><G134/><T56/><D115/><U80/><E80/><V70/><F73/><W68/><G130/><T81/><D124/><U106/><E106/><V60/><F77/><W35/><G68/><T88/><D71/><U3/><E92/><V26/><F2/><W31/><G35/><T23/><D56/><U97/><E97/><V78/><F1/><N who="3" m="207" /><G49/><T14/><D67/><U39/><E3/><AGARI ba="0,0" hai="3,4,11,14,19,23,81,82,86,88,94" m="50762" machi="3" ten="30,2000,0" yaku="20,1,54,1" doraHai="24" who="0" fromWho="1" sc="302,20,353,-20,163,0,182,0" /><INIT seed="6,0,0,4,2,115" ten="322,333,163,182" oya="2" hai0="72,93,66,6,17,23,51,127,82,27,43,34,97" hai1="74,124,80,123,40,60,135,9,71,85,47,63,129" hai2="1,113,37,7,69,131,14,100,112,122,103,81,26" hai3="52,95,62,104,39,75,13,8,120,25,90,99,73"/><V22/><F1/><W119/><G39/><T77/><D127/><U83/><E135/><V78/><F122/><W102/><G120/><T134/><D134/><U114/><E114/><N who="2" m="44139" /><F131/><W94/><G25/><T64/><D34/><U38/><E129/><V130/><F130/><W92/><G62/><T21/><D6/><U89/><E71/><V46/><F69/><W101/><G52/><T121/><D121/><U128/><E124/><V59/><F59/><W20/><G20/><T57/><D23/><U65/><E65/><V16/><F37/><W84/><G8/><T35/><D35/><U117/><E117/><V111/><F111/><W126/><G13/><T106/><D106/><U98/><E98/><V118/><F118/><W53/><G53/><T70/><D70/><U31/><E31/><V41/><F41/><W56/><G56/><T125/><D125/><U10/><E128/><V24/><F46/><W109/><G109/><T76/><D57/><U33/><E33/><V11/><F26/><W0/><G0/><T86/><D51/><U36/><E36/><V110/><F110/><W30/><G30/><T32/><D43/><U48/><E38/><V91/><F91/><W18/><G126/><T54/><D32/><U87/><E74/><AGARI ba="0,0" hai="7,11,14,16,22,24,74,78,81,100,103" m="44139" machi="74" ten="30,2900,0" yaku="15,1,54,1" doraHai="115" who="2" fromWho="1" sc="322,0,333,-29,163,29,182,0" /><INIT seed="6,1,0,1,0,124" ten="322,304,192,182" oya="2" hai0="63,129,134,117,18,85,46,58,22,53,82,51,52" hai1="70,11,44,28,26,37,5,119,79,91,96,113,1" hai2="13,65,31,68,30,39,32,86,92,42,105,6,75" hai3="3,16,34,114,110,55,41,36,97,60,130,107,0"/><V7/><F75/><W94/><G41/><T133/><D117/><U135/><E119/><V122/><F122/><W98/><G34/><T123/><D123/><U66/><E135/><V128/><F128/><W45/><G36/><T59/><D129/><U25/><E25/><V54/><F105/><W120/><G120/><T104/><D104/><U71/><E113/><V29/><F32/><W17/><G110/><T95/><D134/><U99/><E79/><V12/><F54/><W108/><G108/><T69/><D133/><U127/><E127/><V27/><F27/><W121/><G121/><T131/><D131/><U125/><E125/><V106/><F106/><W84/><G130/><T90/><D69/><U35/><E66/><V2/><F2/><W118/><G118/><T77/><D46/><U21/><E99/><N who="3" m="37898" /><G107/><T87/><D22/><U89/><E89/><N who="2" m="53303" /><F68/><W78/><G114/><T47/><D47/><U19/><E44/><V93/><F39/><W57/><G45/><T132/><D132/><U40/><E40/><V14/><F42/><W116/><G116/><T126/><D126/><U56/><E37/><V80/><F65/><W43/><G43/><T83/><REACH who="0" step="1"/><D18/><REACH who="0" ten="312,304,192,182" step="2"/><U8/><E71/><V9/><F9/><W67/><G17/><T101/><D101/><U33/><E11/><V23/><F23/><W62/><G16/><T64/><D64/><U73/><E70/><V49/><F7/><W4/><G4/><T20/><D20/><U10/><E35/><V72/><F6/><W50/><G67/><T48/><D48/><U81/><E10/><V24/><F49/><RYUUKYOKU ba="1,1" sc="312,30,304,-10,192,-10,182,-10" hai0="51,52,53,58,59,63,77,82,83,85,87,90,95" /><INIT seed="7,2,1,0,5,89" ten="342,294,182,172" oya="3" hai0="3,114,55,26,13,44,70,68,58,46,95,124,117" hai1="91,80,85,28,111,19,11,7,87,48,99,105,8" hai2="18,10,109,1,96,120,37,62,67,129,36,53,50" hai3="88,133,104,52,39,40,123,42,118,131,16,65,128"/><W14/><G104/><T126/><D3/><U100/><E111/><V76/><F109/><W66/><G123/><T54/><D58/><U82/><E28/><V24/><F120/><W60/><G118/><T59/><D59/><U0/><E48/><V75/><F129/><N who="3" m="49739" /><G133/><T74/><D74/><U130/><E130/><V56/><F1/><W51/><G39/><T22/><D117/><U21/><E11/><V98/><F75/><W113/><G113/><T71/><D114/><U116/><E116/><V72/><F72/><W79/><G79/><T47/><D13/><U101/><E101/><V35/><F76/><W92/><G60/><T134/><D134/><U121/><E121/><V107/><F35/><W27/><G27/><T69/><N who="0" m="17920" /><DORA hai="20" /><T43/><D43/><N who="3" m="16425" /><G52/><T2/><D2/><U63/><E63/><V93/><F107/><W97/><G51/><T9/><D9/><AGARI ba="2,1" hai="9,14,16,65,66,88,92,97" m="16425,49739" machi="9" ten="30,11600,0" yaku="19,1,52,1,54,2" doraHai="89,20" who="3" fromWho="0" sc="342,-122,294,0,182,0,172,132" owari="220,-18.0,294,9.0,182,-32.0,304,41.0" /></mjloggm>