<mjloggm ver="2.3"><GO type="41"/><UN n0="%E3%82%A6%E3%83%AB%E3%83%88%E3%83%A9%E7%AB%8B%E7%9B%B4" n1="%E7%B4%85%E6%9C%88%E5%B9%BB%E6%83%B3" n2="%53%48%49%53%55%4B%45" n3="%6B%6F%68%73%68%69" dan="15,16,15,15" rate="1977,2006,1985,2006" sx="M,M,M,M"/><TAIKYOKU oya="0"/><INIT seed="0,0,0,1,3,134" ten="250,250,250,250" oya="0" hai0="70,105,58,97,10,131,1,102,51,135,49,67,52" hai1="111,12,79,101,46,38,128,37,73,80,108,122,103" hai2="94,86,114,62,127,36,2,83,29,106,61,39,13" hai3="69,132,21,30,9,32,6,15,117,5,109,53,11"/><T90/><D131/><U34/><E34/><V26/><F106/><W33/><G69/><T98/><D135/><U78/><E122/><V96/><F2/><W50/><G117/><T130/><D130/><U87/><E128/><V75/><F75/><W56/><G132/><T35/><D35/><U113/><E46/><V82/><F114/><W66/><G66/><T55/><D67/><U107/><E12/><V120/><F120/><W57/><G109/><T112/><D70/><U81/><E38/><V23/><F39/><W47/><G21/><T40/><D40/><U20/><E20/><V0/><F36/><W76/><G76/><T91/><D112/><U64/><E64/><V84/><F0/><W99/><G99/><T118/><D118/><U31/><E31/><V63/><F127/><W92/><G92/><T77/><D77/><U125/><E37/><V4/><F4/><W17/><G17/><T65/><D65/><U19/><E19/><V22/><F13/><W104/><G104/><T16/><D97/><U72/><E113/><V124/><F124/><W93/><G93/><T74/><D74/><U7/><E7/><V42/><F42/><W59/><G30/><T27/><D1/><U28/><E28/><V85/><REACH who="2" step="1"/><F23/><REACH who="2" ten="250,250,240,250" step="2"/><W14/><AGARI ba="0,1" hai="5,6,9,11,14,15,32,33,47,50,53,56,57,59" machi="14" ten="30,2000,0" yaku="0,1,9,1" doraHai="134" who="3" fromWho="3" sc="250,-10,250,-5,240,-5,250,30" /><INIT seed="1,0,0,3,1,13" ten="240,245,235,280" oya="1" hai0="83,109,52,23,128,112,43,38,11,1,114,90,82" hai1="0,93,12,87,98,56,115,103,40,88,48,35,94" hai2="57,135,132,24,17,60,101,89,58,78,129,31,66" hai3="102,21,86,62,124,22,110,34,72,53,65,30,79"/><U118/><E0/><V45/><F129/><W85/><G124/><T68/><D68/><U63/><E115/><V96/><F78/><W25/><G110/><T61/><D83/><U76/><E118/><V106/><F89/><W84/><G102/><T92/><D109/><U71/><E35/><V50/><F58/><W41/><G41/><T127/><D127/><U44/><E71/><V55/><REACH who="2" step="1"/><F17/><REACH who="2" ten="240,245,225,280" step="2"/><W125/><G125/><T36/><D114/><U126/><E126/><V54/><F54/><W27/><G53/><T75/><D112/><U117/><E117/><V130/><F130/><W123/><G79/><T91/><D128/><U39/><E76/><V108/><F108/><W47/><G72/><T42/><D90/><U64/><E39/><V51/><F51/><W80/><G80/><T29/><D38/><U69/><E69/><V28/><F28/><W116/><G30/><T59/><D36/><U4/><E12/><V99/><F99/><W97/><G97/><T95/><D75/><U37/><E37/><V3/><F3/><W81/><G81/><T18/><D29/><U70/><E70/><V104/><F104/><W49/><G49/><T6/><D82/><U8/><E8/><V7/><F7/><AGARI ba="0,1" hai="4,7,40,44,48,56,63,64,87,88,93,94,98,103" machi="7" ten="40,3900,0" yaku="8,1,54,1" doraHai="13" who="1" fromWho="2" sc="240,0,245,49,225,-39,280,0" /><INIT seed="1,1,0,3,0,47" ten="240,294,186,280" oya="1" hai0="98,80,21,19,36,48,68,66,120,11,13,115,65" hai1="105,1,84,104,23,91,110,39,24,20,12,126,25" hai2="3,88,27,117,37,95,56,127,10,15,64,63,122" hai3="31,40,77,49,26,5,124,55,70,54,53,99,78"/><U8/><E1/><V69/><F122/><W114/><G70/><T94/><D36/><U113/><E39/><V93/><F117/><W62/><G114/><T14/><D115/><U89/><E113/><V45/><F3/><W2/><G124/><T0/><D0/><U58/><E126/><V50/><F127/><W97/><G62/><T130/><D68/><U125/><E125/><V41/><F27/><W111/><G111/><T51/><D120/><U74/><E74/><V81/><F81/><W131/><G131/><T123/><D123/><U109/><E58/><V61/><F88/><N who="1" m="33865" /><E25/><V87/><F87/><W134/><G134/><T4/><D130/><U79/><E24/><V17/><REACH who="2" step="1"/><F37/><REACH who="2" ten="240,294,176,280" step="2"/><W35/><G2/><T57/><D80/><U132/><E84/><V118/><F118/><W28/><G26/><T30/><D30/><U119/><E119/><V18/><F18/><W92/><G31/><T82/><D82/><U33/><E79/><V83/><F83/><W76/><G28/><T59/><D65/><AGARI ba="1,1" hai="10,15,17,41,45,50,56,61,63,64,65,69,93,95" machi="65" ten="30,7700,0" yaku="1,1,7,1,52,1,53,1" doraHai="47" doraHaiUra="7" who="2" fromWho="0" sc="240,-80,294,0,176,90,280,0" /><INIT seed="2,0,0,0,0,116" ten="160,294,266,280" oya="2" hai0="22,16,125,117,101,84,98,27,99,35,79,113,42" hai1="114,56,63,41,61,109,58,122,31,86,36,7,111" hai2="60,71,38,97,49,129,4,112,59,107,127,24,77" hai3="121,55,52,108,37,48,46,17,89,133,104,68,6"/><V9/><F38/><W1/><G104/><T124/><D117/><U87/><E7/><V119/><F112/><W132/><G68/><T81/><D113/><U5/><E114/><V74/><F119/><W44/><G1/><T10/><D42/><U103/><E5/><V13/><F71/><W75/><G75/><T95/><D35/><U0/><E41/><V135/><F49/><W131/><G6/><T92/><REACH who="0" step="1"/><D10/><REACH who="0" ten="150,294,266,280" step="2"/><U130/><E111/><V45/><F9/><W128/><G108/><T82/><D82/><U93/><E109/><V72/><F135/><W88/><G37/><T54/><D54/><U28/><E36/><V62/><F129/><W50/><G17/><T70/><D70/><U115/><E130/><V39/><F39/><W110/><G110/><T120/><D120/><AGARI ba="0,1" hai="44,46,48,50,52,55,88,89,120,121,128,131,132,133" machi="120" ten="25,12000,2" yaku="22,2,52,2,54,2" doraHai="116" who="3" fromWho="0" sc="150,-120,294,0,266,0,280,130" /><INIT seed="3,0,0,4,5,8" ten="30,294,266,410" oya="3" hai0="92,109,23,112,3,19,17,14,85,52,122,5,57" hai1="86,68,106,2,78,27,127,16,28,43,111,7,116" hai2="131,21,129,110,134,0,65,93,6,132,4,103,41" hai3="79,107,72,58,56,30,26,94,35,135,113,83,29"/><W133/><G107/><T70/><D70/><U73/><E73/><V32/><F32/><W15/><G113/><T81/><D122/><U13/><E106/><V12/><F0/><W121/><G121/><T74/><D112/><U10/><E68/><V98/><F110/><W130/><G130/><N who="2" m="49673" /><F65/><W82/><G30/><T24/><D109/><U114/><E111/><V44/><F21/><W77/><G94/><T105/><D105/><U75/><E75/><V37/><F12/><W95/><G95/><T42/><D42/><U87/><E114/><V126/><F126/><W62/><G15/><T128/><D128/><U18/><E127/><V59/><F59/><W71/><G71/><T11/><D92/><U104/><E104/><V80/><F80/><W33/><G33/><T89/><D74/><U90/><E116/><V22/><F22/><W66/><G58/><T115/><D115/><U9/><E43/><V119/><F119/><W50/><G50/><T1/><REACH who="0" step="1"/><D5/><AGARI ba="0,0" hai="4,5,6,37,41,44,93,98,103,132,134" m="49673" machi="5" ten="30,1000,0" yaku="19,1" doraHai="8" who="2" fromWho="0" sc="30,-10,294,0,266,10,410,0" /><INIT seed="4,0,0,0,2,15" ten="20,294,276,410" oya="0" hai0="94,127,67,135,106,87,10,59,104,102,5,49,100" hai1="19,47,20,105,97,96,72,61,11,17,9,26,34" hai2="28,107,80,76,121,23,69,114,63,65,77,45,32" hai3="50,25,39,86,22,66,91,46,78,73,103,124,99"/><T79/><D127/><U13/><E72/><V116/><F121/><W119/><G119/><T115/><D115/><U44/><E34/><V58/><F107/><N who="0" m="41002" /><D49/><U82/><E105/><V33/><F114/><W43/><G124/><T98/><D59/><U126/><E126/><V38/><F116/><W111/><G66/><T56/><D67/><U53/><E82/><V75/><F76/><W2/><G2/><T117/><D56/><N who="1" m="34959" /><E9/><V37/><F69/><W8/><G8/><T125/><D10/><U132/><E132/><V118/><F118/><W42/><G42/><T131/><D5/><U7/><E7/><V112/><F112/><W27/><G27/><T30/><D30/><U18/><E18/><V68/><F68/><W52/><G111/><T14/><D14/><U92/><E96/><V57/><F57/><W128/><G43/><T133/><D125/><U74/><E74/><V88/><F33/><W1/><G1/><T29/><D29/><U0/><E0/><V3/><F32/><W108/><G108/><T85/><D117/><U89/><AGARI ba="0,0" hai="11,13,17,19,20,26,44,47,89,92,97" m="34959" machi="89" ten="30,7900,0" yaku="25,1,8,1,52,2" doraHai="15" who="1" fromWho="1" sc="20,-39,294,79,276,-20,410,-20" owari="-19,-52.0,373,17.0,256,-14.0,390,49.0" /></mjloggm>