<mjloggm ver="2.3"><GO type="169" lobby="0"/><UN n0="%E5%9F%BA%E7%A4%8E%E8%AB%96" n1="%EF%BC%88%E2%89%A7%E2%96%BD%E2%89%A6%EF%BC%89" n2="%E6%B0%97%E6%A5%BD%E3%81%AB%E6%89%93%E3%81%A4" n3="%E3%82%A2%E3%83%AD%E3%82%A8%E3%82%AF%E3%83%B3" dan="17,18,16,16" rate="2124.38,2199.22,2150.61,2081.43" sx="M,M,M,M"/><TAIKYOKU oya="0"/><INIT seed="0,0,0,3,4,24" ten="250,250,250,250" oya="0" hai0="12,85,48,59,42,130,76,58,110,92,68,36,41" hai1="116,78,82,22,23,72,54,13,19,4,57,109,97" hai2="45,90,49,69,107,46,20,2,129,63,28,37,5" hai3="87,120,43,98,132,15,80,84,94,93,10,115,134"/><T123/><D123/><U55/><E116/><V39/><F129/><W8/><G43/><T74/><D130/><U124/><E109/><V21/><F107/><W29/><G15/><T99/><D68/><U127/><E4/><V25/><F2/><W114/><G120/><T6/><D74/><U133/><E133/><N who="3" m="51306" /><G29/><T47/><D36/><U79/><E79/><V3/><F3/><W52/><G52/><T105/><D41/><U71/><E71/><V31/><F69/><W1/><G1/><T112/><D105/><U95/><E23/><V50/><F25/><W128/><G128/><T96/><D110/><U103/><REACH who="1" step="1"/><E55/><REACH who="1" ten="250,240,250,250" step="2"/><V106/><F5/><W16/><G114/><T119/><D112/><U75/><E75/><V131/><F131/><W118/><G115/><T126/><D119/><U101/><E101/><V60/><REACH who="2" step="1"/><F106/><REACH who="2" ten="250,240,240,250" step="2"/><W30/><G118/><T51/><D6/><U35/><E35/><V65/><F65/><W104/><G104/><T34/><D34/><U135/><E135/><V122/><F122/><W11/><G8/><T102/><D12/><U40/><E40/><V0/><F0/><W7/><G10/><T44/><D42/><U17/><E17/><V86/><F86/><W9/><G16/><T27/><D85/><U64/><E64/><V14/><F14/><W33/><G84/><T32/><D32/><U113/><E113/><V89/><AGARI ba="0,2" hai="20,21,28,31,37,39,45,46,49,50,60,63,89,90" machi="89" ten="25,12000,2" yaku="1,1,0,1,22,2,52,2,53,0" doraHai="24" doraHaiUra="111" who="2" fromWho="2" sc="250,-60,240,-30,240,140,250,-30" /><INIT seed="1,0,0,0,3,96" ten="190,210,380,220" oya="1" hai0="25,107,108,39,30,67,42,109,75,49,114,105,50" hai1="44,63,89,28,131,79,53,112,12,73,45,34,31" hai2="71,85,113,99,8,2,92,16,56,125,57,18,4" hai3="20,40,38,43,123,94,134,33,52,91,70,126,93"/><U128/><E112/><V135/><F113/><W37/><G33/><T0/><D114/><U122/><E122/><V106/><F71/><W111/><G123/><T104/><D0/><U72/><E89/><V36/><F135/><W102/><G70/><T1/><D1/><U65/><E12/><V118/><F118/><W64/><G64/><T82/><D67/><U15/><E15/><V13/><F36/><W32/><G32/><N who="0" m="20559" /><D39/><U80/><E72/><V55/><F125/><W6/><G126/><T9/><D9/><U54/><E44/><V24/><F24/><W47/><G134/><T130/><D42/><U10/><E10/><V5/><F5/><W116/><G116/><T59/><D59/><N who="1" m="37119" /><E45/><V110/><F2/><W29/><G47/><T35/><D35/><U41/><E41/><V51/><F57/><W90/><G6/><T7/><D7/><U77/><E34/><V87/><F106/><W132/><G132/><T120/><D120/><U74/><E53/><V14/><F14/><W81/><G52/><T121/><D121/><U88/><E54/><V23/><F13/><W66/><G66/><T17/><D75/><U133/><E133/><V98/><F8/><W3/><G3/><T58/><D58/><U46/><E46/><V19/><F56/><W21/><G29/><N who="1" m="11338" /><E74/><V11/><F11/><W69/><G69/><T76/><D50/><U86/><E73/><V68/><F51/><W101/><REACH who="3" step="1"/><G81/><REACH who="3" ten="190,210,380,210" step="2"/><T22/><D49/><U62/><E62/><V48/><F48/><W129/><G129/><AGARI ba="0,1" hai="77,79,80,86,88,128,129,131" m="11338,37119" machi="129" ten="30,2900,0" yaku="19,1,54,1" doraHai="96" who="1" fromWho="3" sc="190,0,210,39,380,0,210,-29" /><INIT seed="1,1,0,1,0,91" ten="190,249,380,181" oya="1" hai0="37,52,99,124,48,12,103,35,68,73,43,28,88" hai1="134,24,57,64,41,132,94,130,104,7,44,109,59" hai2="123,122,1,42,61,74,13,50,6,125,14,85,10" hai3="0,45,76,29,112,115,89,16,129,117,22,31,2"/><U121/><E104/><V70/><F74/><W53/><G89/><T26/><D73/><U19/><E121/><V93/><F125/><W119/><G76/><T82/><D124/><U100/><E7/><V101/><F70/><W21/><G53/><T116/><D116/><N who="3" m="44617" /><G45/><T102/><D68/><U55/><E130/><V131/><F131/><W95/><G95/><T127/><D127/><U27/><E64/><V46/><F61/><W98/><G98/><T75/><D75/><U49/><E109/><V23/><F123/><W25/><G129/><T97/><D12/><U71/><E71/><V105/><F122/><W78/><G78/><T106/><D43/><U128/><E128/><V40/><F105/><W39/><G39/><T113/><D113/><N who="3" m="43593" /><G31/><T60/><D37/><N who="1" m="21551" /><E59/><V9/><F42/><W67/><G67/><T63/><D103/><U56/><E56/><V18/><F101/><W33/><G33/><T34/><D34/><U51/><E51/><V4/><F85/><W90/><G90/><T110/><D110/><U111/><E111/><V84/><REACH who="2" step="1"/><F84/><REACH who="2" ten="190,249,370,181" step="2"/><W96/><G96/><T120/><D120/><U47/><E100/><V54/><F54/><W107/><G107/><T15/><D97/><U11/><E55/><V87/><F87/><W114/><N who="3" m="43601" /><W8/><DORA hai="92" /><G8/><T5/><D99/><U17/><E11/><V58/><F58/><W83/><G83/><T86/><D102/><U65/><E57/><V79/><F79/><W36/><G36/><T80/><D106/><U81/><E81/><V62/><F62/><W38/><G38/><T3/><D80/><RYUUKYOKU ba="1,1" sc="190,-15,249,-15,370,15,181,15" hai2="1,4,6,9,10,13,14,18,23,40,46,50,93" hai3="0,2,16,21,22,25,29" /><INIT seed="2,2,1,3,2,58" ten="175,234,385,196" oya="2" hai0="8,123,12,61,9,68,54,84,96,76,85,105,115" hai1="43,128,15,92,47,70,22,127,91,93,81,69,108" hai2="80,79,21,10,90,23,42,106,107,29,53,66,60" hai3="135,45,46,35,7,114,124,64,71,88,5,33,122"/><V129/><F129/><W119/><G122/><T74/><D123/><U20/><E128/><V26/><F42/><W16/><G119/><T104/><D115/><U116/><E116/><V18/><F10/><W77/><G114/><T6/><D74/><U32/><E32/><V97/><F53/><W99/><G77/><T100/><D76/><U126/><E108/><V103/><F90/><W19/><G35/><T130/><D104/><U86/><E15/><V133/><F133/><W65/><G33/><T113/><D113/><U134/><E134/><V98/><F98/><W36/><G36/><T27/><D27/><U51/><E20/><V49/><F49/><W39/><G39/><T87/><D130/><U52/><E22/><V57/><F23/><W125/><G71/><N who="1" m="27146" /><E43/><V24/><F24/><W0/><G0/><T34/><D34/><U132/><E132/><V59/><F59/><W50/><G135/><T75/><D75/><U41/><E41/><V14/><F14/><W3/><G3/><T56/><D68/><U67/><E67/><N who="3" m="25674" /><G7/><T121/><D121/><U38/><E38/><V1/><F1/><W109/><G5/><T94/><REACH who="0" step="1"/><D9/><REACH who="0" ten="165,234,385,196" step="2"/><U28/><E28/><V37/><F29/><W78/><G78/><T111/><D111/><U4/><E127/><V44/><F107/><W2/><G109/><T102/><D102/><U30/><E126/><V73/><REACH who="2" step="1"/><F37/><REACH who="2" ten="165,234,375,196" step="2"/><W118/><G124/><T83/><D83/><U11/><E30/><V120/><F120/><W31/><G31/><T55/><D55/><U13/><E81/><V25/><F25/><W82/><G125/><RYUUKYOKU ba="2,3" sc="165,10,234,10,375,10,196,-30" hai0="6,8,12,54,56,61,84,85,87,94,96,100,105" hai1="4,11,13,47,51,52,86,91,92,93" hai2="18,21,26,44,57,60,66,73,79,80,97,103,106" /><INIT seed="2,3,3,1,2,77" ten="175,244,385,166" oya="2" hai0="88,41,123,106,40,127,0,129,110,43,73,93,102" hai1="10,135,30,131,109,33,99,67,39,107,64,125,49" hai2="52,116,128,24,36,11,96,72,119,55,56,97,69" hai3="57,82,4,83,8,29,104,65,59,98,6,46,113"/><V101/><F128/><W28/><G113/><T76/><D123/><U75/><E39/><V48/><F72/><W90/><G46/><T120/><D120/><U111/><E75/><V108/><F36/><W95/><G104/><T31/><D129/><U130/><E130/><V132/><F132/><W79/><G79/><T16/><D0/><U124/><E131/><V92/><F108/><N who="1" m="41545" /><E135/><V94/><F69/><W7/><G8/><T13/><D110/><U61/><E49/><V12/><F24/><W45/><G45/><T53/><D127/><N who="1" m="48715" /><E10/><V23/><F55/><W85/><G98/><N who="0" m="61783" /><D31/><N who="3" m="11849" /><G65/><T38/><D53/><U20/><E33/><V91/><REACH who="2" step="1"/><F23/><REACH who="2" ten="175,244,375,166" step="2"/><W58/><AGARI ba="3,4" hai="4,6,7,57,58,59,82,83,85,90,95" m="11849" machi="58" ten="40,5200,0" yaku="8,1,52,2" doraHai="77" who="3" fromWho="3" sc="175,-16,244,-16,375,-29,166,101" /><INIT seed="3,0,0,5,4,83" ten="159,228,346,267" oya="3" hai0="85,105,66,9,10,58,88,109,60,52,15,80,40" hai1="135,63,107,21,0,48,42,132,121,7,45,50,100" hai2="37,72,74,16,114,14,61,70,124,125,3,98,19" hai3="69,89,32,30,101,102,84,78,117,119,86,94,71"/><W67/><G30/><T110/><D105/><U29/><E121/><V108/><F114/><W28/><G28/><T57/><D40/><U23/><E63/><V51/><F37/><W116/><G32/><T103/><D103/><N who="3" m="39433" /><G67/><T75/><D75/><U104/><E48/><V41/><F51/><W25/><G25/><T44/><D44/><U56/><E56/><V54/><F41/><W133/><G69/><T36/><D36/><U99/><E104/><V118/><F61/><W82/><G71/><T34/><D34/><U73/><E73/><V27/><F27/><W112/><G133/><N who="1" m="51274" /><E29/><V46/><F46/><W62/><G62/><N who="0" m="38223" /><D15/><U123/><E123/><V115/><F14/><W134/><G134/><T130/><D130/><U90/><E90/><V127/><F70/><W43/><G43/><T97/><D97/><U2/><E2/><V122/><F3/><W35/><G35/><T59/><D59/><U20/><E0/><V129/><F129/><W96/><G112/><T6/><D6/><AGARI ba="0,0" hai="6,7,20,21,23,42,45,50,99,100,107" m="51274" machi="6" ten="30,1000,0" yaku="20,1" doraHai="83" who="1" fromWho="0" sc="159,-10,228,10,346,0,267,0" /><INIT seed="4,0,0,5,3,1" ten="149,238,346,267" oya="0" hai0="85,80,113,22,10,106,8,21,128,13,65,90,82" hai1="78,46,104,18,17,96,110,111,45,126,95,9,118" hai2="68,60,7,100,57,38,26,119,2,11,37,14,43" hai3="49,105,56,42,69,35,97,52,29,112,15,131,3"/><T36/><D113/><U117/><E104/><V103/><F119/><W4/><G112/><T70/><D36/><U107/><E107/><V133/><F133/><W64/><G3/><T73/><D106/><U67/><E78/><V31/><F68/><W92/><G131/><T51/><D128/><U66/><E9/><V33/><F2/><W20/><G42/><T75/><D8/><U93/><REACH who="1" step="1"/><E96/><REACH who="1" ten="149,228,346,267" step="2"/><V109/><F109/><W71/><G105/><T108/><D108/><U114/><E114/><V84/><F84/><W53/><G97/><T47/><D73/><U5/><E5/><V132/><F132/><W12/><G4/><T87/><D75/><U39/><E39/><V40/><F38/><W25/><G71/><T72/><D72/><U88/><E88/><V125/><F37/><W77/><G69/><T50/><D70/><U0/><E0/><V98/><F98/><W134/><G77/><T48/><D65/><U74/><E74/><V58/><F11/><W130/><G64/><T123/><D123/><U124/><AGARI ba="0,1" hai="17,18,45,46,66,67,93,95,110,111,117,118,124,126" machi="124" ten="25,6400,0" yaku="1,1,0,1,22,2,53,0" doraHai="1" doraHaiUra="28" who="1" fromWho="1" sc="149,-32,228,74,346,-16,267,-16" /><INIT seed="5,0,0,2,5,68" ten="117,302,330,251" oya="1" hai0="38,78,1,86,12,62,107,116,108,61,118,94,30" hai1="75,16,132,22,45,111,31,60,59,13,32,46,29" hai2="98,133,105,36,90,112,125,57,89,120,131,93,28" hai3="122,117,104,101,103,55,92,76,9,113,135,63,54"/><U127/><E75/><V66/><F120/><W25/><G122/><T72/><D107/><U69/><E69/><V8/><F125/><W97/><G113/><T6/><D108/><U41/><E127/><V51/><F112/><W10/><G135/><T67/><D1/><U17/><E132/><V114/><F133/><W19/><G117/><T84/><D30/><N who="1" m="11275" /><E32/><V18/><F114/><W52/><G76/><T70/><D72/><U4/><E4/><V14/><F131/><W110/><G110/><T37/><D62/><U130/><E41/><V24/><F105/><W129/><G129/><T85/><D78/><U49/><E49/><V42/><F36/><W82/><G82/><T56/><D70/><U106/><E106/><V53/><F66/><W99/><REACH who="3" step="1"/><G63/><REACH who="3" ten="117,302,330,241" step="2"/><T15/><D116/><U21/><E111/><V71/><F71/><W2/><G2/><T100/><D118/><U44/><E130/><V91/><REACH who="2" step="1"/><F42/><REACH who="2" ten="117,302,320,241" step="2"/><W48/><G48/><T83/><D38/><U102/><E60/><V74/><F74/><W124/><G124/><T80/><D37/><U121/><E121/><V43/><F43/><W50/><G50/><T95/><D67/><U34/><E34/><AGARI ba="0,2" hai="8,14,18,24,28,34,51,53,57,89,90,91,93,98" machi="34" ten="30,3900,0" yaku="1,1,7,1,53,1" doraHai="68" doraHaiUra="88" who="2" fromWho="1" sc="117,0,302,-39,320,59,241,0" /><INIT seed="6,0,0,2,2,15" ten="117,263,379,241" oya="2" hai0="21,87,40,10,126,56,42,72,91,124,82,114,24" hai1="6,90,13,118,99,98,46,135,54,67,53,64,75" hai2="83,9,125,109,129,86,50,41,110,100,97,131,18" hai3="85,8,32,107,1,16,76,27,119,132,3,88,36"/><V20/><F41/><W47/><G76/><T44/><D114/><U31/><E75/><V89/><F50/><W93/><G119/><T12/><D72/><U80/><E118/><V73/><F9/><W103/><G132/><T127/><D56/><U58/><E31/><V117/><F117/><W81/><G107/><T22/><D24/><U29/><E29/><V17/><F20/><W71/><G71/><T30/><D30/><U128/><E128/><N who="2" m="49227" /><F73/><W43/><G32/><T101/><D101/><U104/><E135/><V48/><F48/><W45/><G45/><T2/><D2/><U121/><E46/><V38/><F38/><W11/><G11/><T70/><D70/><U55/><E6/><V61/><F61/><W102/><G102/><T37/><REACH who="0" step="1"/><D42/><REACH who="0" ten="107,263,379,241" step="2"/><U120/><E58/><V78/><F125/><W115/><G115/><T63/><D63/><U35/><E121/><V66/><F110/><W134/><G134/><T77/><D77/><U52/><E120/><V96/><F109/><W113/><G113/><T123/><D123/><U133/><E133/><V25/><F25/><W84/><G27/><T68/><D68/><U59/><E59/><V19/><F100/><W51/><G103/><T130/><D130/><U65/><E104/><V116/><F116/><W111/><G111/><T95/><D95/><U79/><E79/><V60/><F78/><N who="3" m="46135" /><G3/><T112/><D112/><U33/><E90/><V4/><F4/><AGARI ba="0,1" hai="4,10,12,21,22,37,40,44,82,87,91,124,126,127" machi="4" ten="40,5200,0" yaku="1,1,18,1,53,1" doraHai="15" doraHaiUra="39" who="0" fromWho="2" sc="107,62,263,0,379,-52,241,0" /><INIT seed="7,0,0,3,3,27" ten="169,263,327,241" oya="3" hai0="134,85,76,49,28,15,103,26,57,47,72,125,119" hai1="7,135,122,50,29,22,99,33,116,58,95,106,14" hai2="89,40,87,75,5,133,10,9,83,108,88,6,104" hai3="45,107,3,51,12,118,23,100,59,91,52,74,60"/><W34/><G118/><T78/><D119/><U132/><E116/><V96/><F108/><W69/><G3/><T39/><D125/><U30/><E33/><V19/><F133/><N who="1" m="51273" /><E106/><V105/><F40/><N who="3" m="24999" /><G34/><T109/><D109/><U63/><E50/><V79/><F89/><W37/><G74/><T94/><D134/><U13/><E122/><V97/><F104/><W86/><G69/><T1/><D1/><U62/><E62/><V112/><F112/><W81/><G37/><T11/><D72/><U64/><E7/><N who="2" m="2571" /><F75/><W16/><G107/><T113/><D113/><U129/><E129/><V24/><F105/><W102/><AGARI ba="0,0" hai="12,16,23,52,59,60,81,86,91,100,102" m="24999" machi="102" ten="30,6000,0" yaku="8,1,54,2" doraHai="27" who="3" fromWho="3" sc="169,-20,263,-20,327,-20,241,60" /><INIT seed="7,1,0,2,4,86" ten="149,243,307,301" oya="3" hai0="59,92,46,100,36,111,81,50,125,30,45,28,22" hai1="49,73,51,80,25,97,35,84,61,18,131,62,116" hai2="3,55,29,72,12,89,87,110,119,90,85,71,40" hai3="8,4,126,64,112,96,65,117,68,77,74,20,48"/><W120/><G120/><T132/><D111/><U134/><E134/><V16/><F110/><W67/><G117/><T37/><D132/><U99/><E73/><V128/><F119/><W27/><G68/><T26/><D125/><U105/><E105/><V123/><F123/><W79/><G74/><T108/><D108/><U107/><E107/><V39/><F3/><W60/><G126/><T33/><D59/><U101/><E101/><V113/><F72/><W63/><G112/><T11/><D11/><U130/><E18/><V31/><F128/><W109/><G109/><T75/><D46/><U1/><E25/><V15/><F71/><W2/><G48/><T91/><D100/><U129/><E35/><V66/><F66/><W56/><G96/><N who="1" m="36938" /><E1/><V53/><F40/><W52/><REACH who="3" step="1"/><G60/><REACH who="3" ten="149,243,307,291" step="2"/><N who="1" m="23146" /><E116/><V17/><F39/><W58/><G58/><T44/><D36/><U54/><E51/><V57/><F57/><W115/><G115/><AGARI ba="1,1" hai="12,15,16,17,29,31,53,55,85,87,89,90,113,115" machi="115" ten="25,8000,1" yaku="22,2,52,2,54,1" doraHai="86" who="2" fromWho="3" sc="149,0,243,0,307,93,291,-83" owari="149,-35.0,243,4.0,400,50.0,208,-19.0" /></mjloggm>