<mjloggm ver="2.3"><GO type="169" lobby="0"/><UN n0="%61%6D%61%6A%69%73%68%69" n1="%EF%BC%88%E2%89%A7%E2%96%BD%E2%89%A6%EF%BC%89" n2="%67%69%6A%79%75%74%75" n3="%E9%96%A2%E7%99%BD%E5%A4%B1%E8%84%9A" dan="16,18,16,17" rate="2151.82,2190.39,2137.54,2116.59" sx="M,M,M,M"/><TAIKYOKU oya="0"/><INIT seed="0,0,0,1,3,130" ten="250,250,250,250" oya="0" hai0="134,65,49,119,18,2,73,53,3,15,124,85,71" hai1="20,114,27,87,4,76,131,11,110,98,54,75,45" hai2="0,123,12,35,103,52,111,60,95,101,22,55,10" hai3="122,113,66,62,96,47,90,41,77,91,34,116,26"/><T92/><D119/><U39/><E131/><V51/><F123/><W106/><G116/><T19/><D73/><U21/><E75/><V79/><F35/><W58/><G77/><T118/><D118/><U100/><E114/><V16/><F111/><W14/><G113/><T40/><D124/><U86/><E110/><V121/><F121/><W70/><G122/><T64/><D40/><U97/><E21/><V74/><F74/><W31/><G14/><T88/><D19/><U59/><E39/><V68/><F79/><W29/><G29/><T23/><D134/><U32/><E45/><V25/><F0/><W42/><G58/><T99/><D99/><U128/><E32/><V108/><F108/><W61/><G61/><T44/><D71/><U126/><E126/><V56/><F95/><W83/><G83/><T8/><D2/><U129/><E129/><V28/><F68/><W105/><G105/><T93/><D3/><U104/><E98/><V5/><F28/><W127/><G127/><T107/><D107/><U69/><E69/><V17/><F5/><W67/><G67/><N who="0" m="25675" /><D23/><U1/><E76/><V46/><AGARI ba="0,0" hai="10,12,16,17,22,25,46,51,52,55,56,60,101,103" machi="46" ten="20,8000,1" yaku="0,1,7,1,8,1,54,2" doraHai="130" who="2" fromWho="2" sc="250,-40,250,-20,250,80,250,-20" /><INIT seed="1,0,0,1,2,78" ten="210,230,330,230" oya="1" hai0="64,98,0,76,61,118,41,113,5,36,58,67,15" hai1="51,79,135,95,107,54,22,74,89,72,100,103,9" hai2="94,66,120,71,116,128,29,23,110,101,8,68,2" hai3="48,77,84,43,73,83,104,40,21,24,38,122,82"/><U69/><E69/><V4/><F116/><W50/><G122/><T45/><D118/><U59/><E135/><V47/><F120/><W127/><G104/><T92/><D0/><U39/><E39/><V32/><F32/><W134/><G134/><T93/><D113/><U60/><E107/><V126/><F66/><W11/><G127/><T13/><D64/><U102/><E9/><V25/><F126/><W96/><G96/><T42/><D42/><U80/><E22/><V130/><F110/><W97/><G97/><T86/><D5/><U88/><E74/><V85/><F101/><W119/><G119/><T91/><REACH who="0" step="1"/><D76/><REACH who="0" ten="200,230,330,230" step="2"/><U131/><E131/><V106/><F130/><W31/><G38/><T33/><D33/><U65/><REACH who="1" step="1"/><E95/><REACH who="1" ten="200,220,330,230" step="2"/><V112/><F94/><W16/><G43/><T133/><D133/><U81/><E81/><V105/><F128/><W10/><G40/><T37/><D37/><U124/><E124/><V121/><F105/><W115/><G115/><T99/><D99/><U132/><E132/><V87/><F106/><W20/><G82/><T123/><D123/><U18/><E18/><V108/><F121/><W3/><G73/><T75/><D75/><U109/><E109/><V53/><F108/><W52/><G16/><T55/><D55/><U46/><AGARI ba="0,2" hai="46,51,54,59,60,65,72,79,80,88,89,100,102,103" machi="46" ten="30,12000,1" yaku="1,1,0,1,52,1,54,1,53,1" doraHai="78" doraHaiUra="57" who="1" fromWho="1" sc="200,-40,220,140,330,-40,230,-40" /><INIT seed="1,1,0,1,0,106" ten="160,360,290,190" oya="1" hai0="15,70,100,30,31,39,79,44,109,37,82,36,84" hai1="38,1,25,93,17,104,121,117,127,131,64,67,48" hai2="99,46,90,28,18,101,124,105,29,7,47,56,134" hai3="51,118,24,112,55,52,0,4,74,113,129,126,57"/><U92/><E38/><V78/><F7/><W2/><G126/><T89/><D70/><U54/><E104/><V72/><F124/><W45/><G129/><T86/><D109/><U98/><E121/><V116/><F116/><W35/><G118/><T94/><D100/><U68/><E1/><V73/><F134/><W53/><G74/><T130/><D130/><U80/><E127/><V71/><F71/><W83/><G83/><T128/><D128/><U27/><E117/><V87/><F56/><W77/><G77/><T132/><D132/><U66/><E68/><V97/><F97/><W3/><G4/><T32/><D32/><U76/><E131/><V114/><F114/><W65/><G65/><T102/><D102/><U34/><E34/><V58/><F58/><W59/><G59/><T50/><REACH who="0" step="1"/><D15/><REACH who="0" ten="150,360,290,190" step="2"/><U81/><E27/><V62/><F101/><W110/><G110/><T135/><D135/><U22/><E76/><V21/><F78/><W133/><G133/><T41/><AGARI ba="1,1" hai="30,31,36,37,39,41,44,50,79,82,84,86,89,94" machi="41" ten="30,2000,0" yaku="1,1,0,1,53,0" doraHai="106" doraHaiUra="123" who="0" fromWho="0" sc="150,33,360,-11,290,-6,190,-6" /><INIT seed="2,0,0,2,3,84" ten="183,349,284,184" oya="2" hai0="132,130,102,106,4,49,134,121,67,52,64,100,133" hai1="78,90,97,46,105,117,75,28,37,80,114,8,118" hai2="57,126,107,25,18,59,89,2,0,99,76,9,40" hai3="125,110,124,47,77,42,88,20,30,127,32,6,120"/><V3/><F76/><W82/><G120/><T41/><D121/><U111/><E114/><V129/><F40/><W74/><G110/><T87/><D41/><N who="1" m="22831" /><E28/><V29/><F129/><W21/><G6/><T65/><D130/><U62/><E62/><V48/><F126/><W56/><G56/><T36/><D106/><U35/><E35/><V19/><F48/><N who="3" m="26743" /><G32/><T128/><D128/><U73/><E73/><V12/><F19/><W14/><G14/><T85/><D36/><U58/><E58/><V112/><F112/><W60/><G60/><T81/><D4/><U61/><E61/><V104/><F104/><W33/><G33/><T27/><D27/><U123/><E123/><V68/><F68/><W69/><G69/><T38/><D38/><U63/><E63/><V45/><F45/><W43/><G43/><T31/><D31/><U131/><E131/><V50/><F50/><W44/><G44/><N who="0" m="27687" /><D87/><U91/><E111/><V23/><REACH who="2" step="1"/><F107/><REACH who="2" ten="183,349,274,184" step="2"/><W17/><G17/><T93/><D93/><AGARI ba="0,1" hai="0,2,3,9,12,18,23,25,29,57,59,89,93,99" machi="93" ten="40,12000,1" yaku="1,1,2,1,52,1,53,2" doraHai="84" doraHaiUra="54" who="2" fromWho="0" sc="183,-120,349,0,274,130,184,0" /><INIT seed="2,1,0,2,0,66" ten="63,349,404,184" oya="2" hai0="18,97,93,24,8,6,102,70,38,59,77,33,27" hai1="89,21,114,39,110,48,47,28,26,17,129,0,69" hai2="23,86,106,62,76,61,67,95,96,127,36,116,78" hai3="68,25,10,122,121,120,107,100,19,130,105,42,60"/><V113/><F116/><W135/><G42/><T123/><D38/><U63/><E114/><V53/><F36/><W99/><G135/><T119/><D119/><U52/><E0/><V41/><F41/><W124/><G124/><T14/><D123/><U30/><E129/><V92/><F106/><W51/><G130/><T2/><D77/><U35/><E110/><V94/><F113/><W57/><G51/><T118/><D118/><U115/><E115/><V65/><F127/><W104/><G68/><T103/><D59/><U3/><E3/><V131/><F131/><W9/><G9/><T15/><D15/><U40/><E35/><V55/><F96/><W109/><G109/><T13/><D13/><U87/><E69/><V44/><F23/><W16/><G19/><T91/><D27/><U83/><REACH who="1" step="1"/><E63/><REACH who="1" ten="63,339,404,184" step="2"/><V58/><F62/><W75/><G122/><T111/><D70/><U43/><E43/><V29/><F61/><W49/><G60/><T88/><D111/><U64/><E64/><V4/><F67/><W108/><G121/><T32/><D32/><U5/><E5/><V112/><F4/><W22/><G108/><T85/><D2/><U37/><E37/><V98/><F65/><W31/><G120/><T90/><D33/><U1/><E1/><V132/><F112/><W11/><G49/><T45/><D45/><AGARI ba="1,1" hai="17,21,26,28,30,39,40,45,47,48,52,83,87,89" machi="45" ten="30,7700,0" yaku="1,1,7,1,54,1,53,1" doraHai="66" doraHaiUra="81" who="1" fromWho="0" sc="63,-80,339,90,404,0,184,0" owari="-17,-52.0,429,54.0,404,20.0,184,-22.0" /></mjloggm>