<mjloggm ver="2.3"><GO type="169"/><UN n0="%74%6A%2D%6D%69%63%72%6F" n1="%EF%BC%88%E2%89%A7%E2%96%BD%E2%89%A6%EF%BC%89" n2="%E3%83%9E%E3%82%B8%E3%83%83%E3%82%AF%E3%83%9F%E3%83%A9%E3%83%BC" n3="%E3%83%95%E3%83%AA%E3%83%86%E3%83%B3" dan="16,18,16,16" rate="2068,2260,2157,2101" sx="M,M,M,M"/><TAIKYOKU oya="0"/><INIT seed="0,0,0,1,4,135" ten="250,250,250,250" oya="0" hai0="43,56,30,73,50,48,29,85,55,31,65,10,46" hai1="80,22,39,130,105,18,81,95,124,17,100,42,72" hai2="110,88,82,12,94,7,34,87,8,76,45,6,118" hai3="25,66,131,53,20,107,122,47,24,49,26,125,78"/><T21/><D73/><U64/><E105/><V11/><F118/><W111/><G107/><T103/><D10/><U1/><E1/><V102/><F110/><W28/><G111/><T116/><D116/><U127/><E130/><V35/><F102/><W106/><G106/><T75/><D75/><U52/><E64/><V79/><F45/><W57/><G131/><T89/><D103/><U59/><E42/><V86/><REACH who="2" step="1"/><F79/><REACH who="2" ten="250,250,240,250" step="2"/><W27/><G78/><T113/><D113/><U134/><E134/><V121/><F121/><W90/><G122/><T123/><D123/><U112/><E112/><V36/><F36/><W32/><G32/><T77/><D77/><U62/><E39/><V120/><F120/><W93/><G47/><T63/><D21/><U37/><E37/><V70/><F70/><W119/><G119/><T60/><REACH who="0" step="1"/><D65/><REACH who="0" ten="240,250,240,250" step="2"/><U133/><E133/><V41/><F41/><W38/><G66/><T68/><D68/><U101/><E101/><V58/><F58/><W84/><G38/><T69/><D69/><U9/><E22/><V92/><F92/><AGARI ba="0,2" hai="29,30,31,43,46,48,50,55,56,60,63,85,89,92" machi="92" ten="40,3900,0" yaku="1,1,8,1,53,0" doraHai="135" doraHaiUra="0" who="0" fromWho="2" sc="240,59,250,0,240,-39,250,0" /><INIT seed="0,1,0,1,0,82" ten="299,250,201,250" oya="0" hai0="117,88,98,64,7,22,33,131,55,89,126,120,18" hai1="13,62,112,47,118,87,133,5,44,123,114,14,12" hai2="30,60,3,132,80,17,26,31,86,49,6,115,68" hai3="21,42,134,8,113,107,103,32,128,56,9,110,111"/><T105/><D120/><U135/><E123/><V36/><F115/><N who="1" m="44073" /><E118/><V70/><F36/><W124/><G113/><T127/><D33/><U4/><E62/><V15/><F132/><N who="1" m="50761" /><E87/><V28/><F26/><W40/><G32/><T96/><D117/><U130/><E130/><V63/><F49/><W94/><G134/><T1/><D131/><U109/><E109/><V102/><F102/><W38/><G128/><T41/><D64/><U23/><E23/><V65/><F6/><AGARI ba="1,0" hai="4,5,6,12,13,14,44,47" m="50761,44073" machi="6" ten="40,8000,1" yaku="28,2,11,1,20,1" doraHai="82" who="1" fromWho="2" sc="299,0,250,83,201,-83,250,0" /><INIT seed="1,0,0,2,2,43" ten="299,333,118,250" oya="1" hai0="35,53,39,11,128,50,109,106,110,123,85,27,40" hai1="20,75,117,14,7,103,22,46,124,45,29,47,54" hai2="102,98,116,127,83,4,69,108,135,62,71,66,86" hai3="111,34,129,134,17,68,18,121,84,120,74,28,93"/><U87/><E75/><V77/><F116/><W41/><G74/><T64/><D106/><U8/><E117/><V70/><F127/><W126/><G68/><T1/><D128/><U65/><E124/><V118/><F118/><W48/><G126/><T107/><D107/><U112/><E112/><V16/><F135/><W23/><G129/><T125/><D125/><U30/><E65/><V10/><F108/><W104/><G104/><T79/><D123/><U130/><E130/><V73/><F73/><W26/><G111/><T96/><D64/><U56/><E103/><V82/><F82/><W63/><G134/><T25/><D96/><U94/><E94/><V57/><F16/><W67/><G18/><T37/><D37/><U60/><E87/><V31/><F31/><AGARI ba="0,0" hai="7,8,14,20,22,29,30,31,45,46,47,54,56,60" machi="31" ten="40,12000,1" yaku="8,1,52,3" doraHai="43" who="1" fromWho="2" sc="299,0,333,120,118,-120,250,0" owari="299,10.0,453,55.0,-2,-50.0,250,-15.0" /></mjloggm>