<mjloggm ver="2.3"><GO type="41"/><UN n0="%67%6F%72%6F%6F" n1="%6E%6F%2C%38" n2="%E3%82%A6%E3%83%AB%E3%83%88%E3%83%A9%E7%AB%8B%E7%9B%B4" n3="%E7%94%9F%E5%A7%9C%E3%81%98%E3%82%87%E3%81%86%E3%82%86" dan="14,13,14,14" rate="1921,1933,1957,1928" sx="M,M,M,M"/><TAIKYOKU oya="0"/><INIT seed="0,0,0,0,5,106" ten="250,250,250,250" oya="0" hai0="66,65,39,125,75,59,34,46,24,128,25,107,50" hai1="0,102,127,11,123,120,113,30,15,131,116,80,14" hai2="22,119,55,104,132,28,111,2,32,117,110,41,45" hai3="109,58,3,126,133,124,61,114,49,18,73,71,76"/><T38/><D75/><U26/><E102/><V74/><F104/><W92/><G3/><T60/><D107/><U17/><E80/><V54/><F32/><W43/><G71/><T94/><D34/><U105/><E105/><V5/><F22/><W53/><G92/><T51/><D94/><U96/><E96/><V31/><F5/><W88/><G114/><T95/><D95/><U40/><E40/><V135/><F2/><W19/><G109/><N who="2" m="41481" /><F31/><W9/><G133/><N who="2" m="51273" /><F28/><W98/><G43/><T103/><D103/><U21/><E113/><V129/><F74/><W6/><G49/><T122/><D122/><U42/><E42/><V13/><F13/><N who="3" m="5303" /><G88/><T36/><D128/><U97/><E97/><V62/><F129/><W115/><G115/><T70/><D125/><N who="3" m="48233" /><G98/><T29/><D29/><U84/><E84/><V33/><F33/><W121/><G121/><N who="1" m="46666" /><E131/><V72/><F72/><W86/><G86/><T68/><D24/><N who="1" m="14383" /><E127/><V37/><F62/><W118/><G118/><AGARI ba="0,0" hai="37,41,45,54,55,117,118,119" m="51273,41481" machi="118" ten="40,8000,1" yaku="12,1,14,1,20,1,34,2" doraHai="106" who="2" fromWho="3" sc="250,0,250,0,250,80,250,-80" /><INIT seed="1,0,0,3,1,106" ten="250,250,330,170" oya="1" hai0="34,15,4,70,111,127,109,7,126,104,42,100,6" hai1="83,134,57,120,79,87,23,50,47,130,122,72,74" hai2="77,62,128,123,27,36,43,24,99,61,92,10,115" hai3="22,19,113,45,11,112,32,114,90,82,76,41,94"/><U37/><E37/><V89/><F123/><W60/><G32/><T63/><D42/><U131/><E57/><V39/><F39/><W40/><G60/><T30/><D63/><U121/><E23/><V25/><F115/><W98/><G11/><T75/><D70/><U46/><E46/><V58/><F128/><N who="1" m="49193" /><E134/><V0/><F0/><W135/><G135/><T35/><D75/><N who="1" m="28715" /><E122/><V102/><F43/><AGARI ba="0,0" hai="43,47,50,79,83,87,120,121" m="28715,49193" machi="43" ten="30,11600,0" yaku="19,1,52,3" doraHai="106" who="1" fromWho="2" sc="250,0,250,116,330,-116,170,0" /><INIT seed="1,1,0,1,2,46" ten="250,366,214,170" oya="1" hai0="97,130,58,11,44,28,31,64,41,50,115,95,9" hai1="78,77,39,80,37,109,123,86,133,19,2,85,118" hai2="98,1,112,125,90,30,74,113,35,131,48,81,16" hai3="102,121,116,29,10,22,65,82,128,27,21,51,24"/><U49/><E123/><V60/><F1/><W42/><G121/><T56/><D115/><N who="2" m="44106" /><F30/><W111/><G111/><T93/><D130/><U73/><E118/><V68/><F35/><W59/><G116/><T54/><D58/><U63/><E2/><V135/><F131/><W104/><G128/><T75/><D75/><U25/><E109/><V127/><F135/><W43/><G104/><T105/><D105/><U0/><E0/><V34/><F34/><W117/><G102/><T17/><D95/><U129/><E133/><V8/><F60/><W57/><G117/><T96/><D96/><U110/><E129/><V92/><F68/><W20/><G82/><T15/><D64/><U132/><E63/><V84/><F74/><W66/><G10/><T72/><D72/><U52/><E132/><V26/><F26/><N who="3" m="9771" /><G29/><T18/><D18/><U103/><E103/><V7/><F7/><W71/><G71/><T134/><D134/><U67/><E67/><N who="3" m="25610" /><G51/><T45/><D45/><U106/><E106/><V91/><F48/><W101/><G101/><T5/><D5/><U108/><E108/><V53/><F53/><W120/><G120/><T36/><REACH who="0" step="1"/><D9/><REACH who="0" ten="240,366,214,170" step="2"/><U100/><E110/><V40/><F8/><W33/><G33/><T38/><D38/><U14/><E39/><V76/><F16/><W12/><G12/><T13/><D13/><U70/><E37/><V124/><F40/><AGARI ba="1,1" hai="20,21,22,40,42,43,57,59" m="25610,9771" machi="40" ten="30,3900,0" yaku="28,2,8,1" doraHai="46" who="3" fromWho="2" sc="240,0,366,0,214,-42,170,52" /><INIT seed="2,0,0,1,3,101" ten="240,366,172,222" oya="2" hai0="18,46,35,26,15,86,93,68,88,57,112,109,120" hai1="81,64,77,114,11,23,0,128,91,82,50,67,45" hai2="1,58,125,8,48,78,122,20,119,60,92,39,96" hai3="121,118,32,43,65,76,74,36,80,71,19,126,83"/><V40/><F122/><W100/><G118/><T106/><D120/><U52/><E114/><V129/><F119/><W105/><G19/><T56/><D112/><U53/><E128/><V70/><F129/><W12/><G12/><T75/><D68/><U55/><E0/><V116/><F116/><W103/><G103/><T9/><D109/><U99/><E11/><V54/><F125/><W104/><G100/><T84/><D75/><U27/><E77/><V5/><F92/><W14/><G14/><T85/><D106/><N who="3" m="41065" /><G83/><T10/><D46/><U42/><E82/><V113/><F96/><W51/><G51/><T97/><D35/><U17/><E81/><V44/><F113/><W47/><G121/><T95/><D26/><U108/><E108/><V87/><F20/><W31/><G126/><T4/><REACH who="0" step="1"/><D95/><AGARI ba="0,0" hai="17,23,27,42,45,50,52,53,55,64,67,91,95,99" machi="95" ten="40,2600,0" yaku="8,1,54,1" doraHai="101" who="1" fromWho="0" sc="240,-26,366,26,172,0,222,0" /><INIT seed="3,0,0,2,0,48" ten="214,392,172,222" oya="3" hai0="34,6,52,29,102,118,25,81,108,134,7,35,8" hai1="131,92,15,45,65,129,43,0,11,33,83,39,67" hai2="122,101,105,17,30,1,50,73,71,22,57,130,49" hai3="104,28,95,59,128,110,90,3,41,42,89,119,126"/><W68/><G68/><T66/><D118/><U99/><E33/><V10/><F71/><W75/><G104/><T14/><D108/><U38/><E0/><V64/><F73/><W127/><G75/><T27/><D134/><U62/><E83/><V112/><F112/><W123/><G3/><T5/><D102/><U46/><E62/><V23/><F122/><W19/><G119/><T132/><D81/><U106/><E106/><V44/><F130/><W18/><G28/><N who="0" m="19727" /><D52/><U135/><E135/><V54/><F105/><W109/><G128/><N who="1" m="49226" /><E46/><V114/><F101/><W88/><G59/><T116/><D66/><U91/><E39/><V117/><F117/><W84/><G123/><T4/><D132/><U113/><E113/><V97/><F97/><W37/><G84/><T107/><D107/><U124/><E124/><N who="3" m="47658" /><G95/><T111/><D116/><U51/><E38/><V40/><F114/><W82/><G82/><T53/><D53/><U103/><E103/><V63/><F30/><W100/><G100/><T56/><D56/><U55/><E43/><N who="3" m="16394" /><G37/><T133/><D111/><AGARI ba="0,0" hai="18,19,88,89,90,109,110,111" m="16394,47658" machi="111" ten="40,18000,2" yaku="28,2,14,1,10,1,18,1,54,1" doraHai="48" who="3" fromWho="0" sc="214,-180,392,0,172,0,222,180" /><INIT seed="3,1,0,0,0,121" ten="34,392,172,402" oya="3" hai0="44,84,75,96,102,20,40,120,31,38,85,69,57" hai1="116,5,127,47,109,110,26,32,87,73,46,19,101" hai2="65,37,97,72,17,79,0,61,91,106,83,126,28" hai3="111,34,68,131,66,21,119,14,35,62,100,33,78"/><W80/><G21/><T16/><D75/><U63/><E73/><V22/><F37/><W95/><G14/><T60/><D120/><U55/><E5/><V105/><F0/><W58/><G119/><T7/><D7/><U124/><E101/><V103/><F28/><W134/><G131/><T92/><D69/><U29/><E19/><V41/><F41/><W135/><G68/><T74/><D31/><U42/><E116/><V15/><F126/><N who="1" m="48169" /><E87/><V24/><F15/><W67/><G66/><T76/><D76/><U108/><E42/><V30/><F17/><W86/><G100/><T11/><D11/><U130/><E130/><V48/><F48/><W50/><G50/><BYE who="3" /><T59/><D57/><AGARI ba="1,0" hai="26,29,32,46,47,55,57,63,108,109,110" m="48169" machi="57" ten="40,8000,1" yaku="14,1,18,1,52,3" doraHai="121" who="1" fromWho="0" sc="34,-83,392,83,172,0,402,0" owari="-49,-55.0,475,58.0,172,-23.0,402,20.0" /></mjloggm>