<mjloggm ver="2.3"><GO type="97"/><UN n0="%50%2E%59%2E%54" n1="%EF%BC%88%E2%89%A7%E2%96%BD%E2%89%A6%EF%BC%89" n2="%E3%81%9F%E3%81%84%E3%81%8C%E3%81%81%E2%99%AA" n3="%E2%97%86%E9%87%88%E8%BF%A6%E2%97%86" dan="13,15,13,13" rate="1805,1998,1850,1934" sx="M,M,F,M"/><TAIKYOKU oya="0"/><INIT seed="0,0,0,4,5,100" ten="250,250,250,250" oya="0" hai0="128,57,58,19,82,127,65,29,52,69,112,86,56" hai1="63,108,78,32,101,73,5,26,131,44,45,12,125" hai2="38,89,134,64,37,66,97,107,46,126,104,47,84" hai3="20,67,95,16,71,49,22,109,23,90,81,119,115"/><T39/><D112/><U55/><E125/><V85/><F97/><W110/><G119/><T24/><D39/><N who="2" m="14858" /><F89/><W123/><G115/><T42/><D42/><U40/><E32/><V92/><F92/><W21/><G123/><T105/><D105/><N who="2" m="40522" /><F126/><W59/><G71/><T7/><D127/><U130/><E40/><V99/><F99/><W31/><G81/><T6/><D69/><U96/><E96/><V88/><F88/><W94/><G31/><T122/><D122/><U36/><E36/><V62/><F62/><N who="3" m="38367" /><G90/><N who="0" m="51543" /><D65/><N who="2" m="25194" /><F134/><W27/><G49/><N who="0" m="30735" /><D128/><U114/><E130/><V43/><F43/><W15/><G27/><T113/><D113/><U118/><E26/><V34/><F34/><W103/><G103/><T133/><D133/><U121/><E101/><V25/><F25/><W80/><G80/><T53/><D29/><U79/><E114/><V124/><F124/><W83/><G83/><T18/><D57/><U98/><E121/><V117/><F117/><W102/><G102/><T51/><D24/><U54/><E118/><V30/><F30/><W135/><G135/><T91/><D91/><U68/><E131/><V77/><F77/><W3/><G3/><T72/><D72/><U28/><E79/><V33/><F33/><W9/><N who="3" m="5632" /><DORA hai="8" /><W14/><G14/><T50/><D51/><U11/><E78/><V116/><F116/><W74/><G74/><T2/><D2/><U70/><E73/><V1/><F1/><W13/><G13/><T35/><D35/><U17/><E12/><V48/><F48/><W132/><G132/><T0/><D0/><U120/><E70/><RYUUKYOKU ba="0,0" sc="250,10,250,-30,250,10,250,10" hai0="6,7,18,19,50,53,58" hai2="46,47,84,85" hai3="9,15,16,94,95,109,110" /><INIT seed="0,1,0,0,2,134" ten="260,220,260,260" oya="0" hai0="120,12,44,4,74,123,77,86,108,6,1,73,2" hai1="31,111,30,135,101,40,81,21,50,28,27,99,116" hai2="67,133,100,52,0,29,90,7,127,102,76,49,75" hai3="78,104,15,62,91,35,88,61,18,55,53,17,34"/><T41/><D108/><U58/><E135/><V96/><F133/><W48/><G78/><T95/><D12/><U24/><E116/><V118/><F118/><W68/><G15/><T70/><D70/><U113/><E111/><V23/><F67/><W25/><G48/><T56/><D56/><U112/><E81/><V106/><F102/><W69/><REACH who="3" step="1"/><G104/><REACH who="3" ten="260,220,260,250" step="2"/><T125/><D120/><U71/><E50/><V115/><F106/><W114/><G114/><T51/><D123/><U103/><E113/><V57/><F0/><W60/><G60/><T65/><D2/><U122/><E112/><V14/><F14/><W42/><G42/><T47/><D1/><U43/><E40/><V119/><F115/><W89/><G89/><T128/><D77/><U129/><E43/><V22/><F90/><W26/><AGARI ba="1,1" hai="17,18,25,26,34,35,53,55,61,62,68,69,88,91" machi="26" ten="25,8000,1" yaku="1,1,0,1,22,2,54,1,53,0" doraHai="134" doraHaiUra="9" who="3" fromWho="3" sc="260,-41,220,-21,260,-21,250,93" /><INIT seed="1,0,0,1,4,79" ten="219,199,239,343" oya="1" hai0="30,89,27,109,115,29,2,4,111,75,106,54,64" hai1="9,42,28,38,130,119,17,57,34,112,47,94,133" hai2="0,117,65,128,36,97,124,85,125,90,69,35,95" hai3="114,93,44,62,67,48,68,22,127,56,78,113,82"/><U33/><E119/><V43/><F117/><W5/><G127/><N who="2" m="48713" /><F35/><W31/><G5/><T129/><D115/><U7/><E112/><V51/><F0/><W14/><G93/><T121/><D121/><U76/><E133/><V116/><F116/><W11/><G68/><T101/><D64/><U1/><E130/><V25/><F25/><W71/><G71/><T102/><D75/><U122/><E122/><V108/><F36/><W72/><G31/><T24/><D129/><U21/><E28/><N who="0" m="10857" /><D54/><U80/><E94/><N who="2" m="54607" /><F128/><W103/><G103/><N who="0" m="39435" /><D106/><U39/><E57/><V15/><F15/><W23/><G114/><T6/><D89/><U12/><REACH who="1" step="1"/><E39/><REACH who="1" ten="219,189,239,343" step="2"/><V100/><F108/><N who="0" m="41546" /><D2/><U84/><AGARI ba="0,1" hai="1,7,9,12,17,21,33,34,38,42,47,76,80,84" machi="84" ten="20,7800,0" yaku="1,1,0,1,7,1,52,1,53,0" doraHai="79" doraHaiUra="92" who="1" fromWho="1" sc="219,-26,189,88,239,-26,343,-26" /><INIT seed="1,1,0,2,0,11" ten="193,277,213,317" oya="1" hai0="98,41,101,128,33,9,86,32,131,76,40,74,58" hai1="78,99,113,67,114,7,121,4,70,129,64,27,108" hai2="97,122,73,31,5,75,51,134,93,95,80,118,42" hai3="100,45,50,34,25,61,24,127,54,15,38,46,90"/><U0/><E121/><V117/><F122/><W6/><G127/><T23/><D74/><U115/><E129/><V13/><F134/><W107/><G34/><T59/><D23/><U88/><E108/><V16/><F31/><W84/><G107/><T14/><D86/><U104/><E78/><V52/><F95/><W10/><G100/><T55/><D76/><U132/><E132/><V48/><F5/><W47/><G61/><T12/><D9/><U62/><E67/><V56/><F80/><N who="3" m="49415" /><G38/><T39/><D39/><U69/><E69/><V43/><F117/><W85/><G85/><T53/><D98/><U29/><E0/><V130/><F130/><W49/><G46/><T71/><D101/><N who="1" m="62527" /><E88/><V77/><F118/><W19/><G6/><T123/><D71/><U3/><E3/><V105/><F105/><W26/><G26/><T112/><REACH who="0" step="1"/><D123/><REACH who="0" ten="183,277,213,317" step="2"/><U125/><E125/><V35/><F35/><AGARI ba="1,1" hai="4,7,27,29,35,62,64,70,113,114,115" m="62527" machi="35" ten="30,1500,0" yaku="25,1" doraHai="11" who="1" fromWho="2" sc="183,0,277,28,213,-18,317,0" /><INIT seed="1,2,0,0,1,27" ten="183,305,195,317" oya="1" hai0="19,73,118,67,8,39,35,133,62,119,63,101,30" hai1="74,57,53,111,114,78,100,92,77,69,29,112,99" hai2="132,3,46,18,41,108,49,81,32,58,96,55,22" hai3="117,52,120,87,90,128,37,2,123,121,36,12,28"/><U68/><E111/><V9/><F32/><W97/><G2/><T71/><D39/><U25/><E69/><V85/><F108/><W56/><G128/><T116/><D73/><U98/><E68/><V0/><F132/><W14/><G117/><T51/><D133/><U17/><E17/><V5/><F3/><W61/><G97/><T23/><D101/><U72/><E72/><V129/><F129/><W113/><G113/><T86/><D8/><U124/><E124/><V60/><F96/><W11/><G28/><T125/><D125/><U13/><E13/><V110/><F110/><W102/><G102/><T50/><D86/><U130/><E130/><V115/><F115/><W40/><G40/><T104/><D104/><U59/><E99/><V131/><F131/><W91/><G91/><T89/><D89/><U26/><E26/><V47/><F47/><W1/><G1/><T31/><D62/><U45/><E45/><V48/><F48/><W21/><G21/><T88/><D35/><N who="1" m="20911" /><E59/><V16/><REACH who="2" step="1"/><F22/><REACH who="2" ten="183,305,185,317" step="2"/><W24/><G14/><T106/><D51/><N who="1" m="30911" /><E114/><V4/><F4/><W126/><G24/><T109/><D50/><U10/><E112/><V122/><F122/><W7/><REACH who="3" step="1"/><G126/><REACH who="3" ten="183,305,185,307" step="2"/><T107/><D109/><U79/><E98/><V83/><F83/><AGARI ba="2,2" hai="7,11,12,36,37,52,56,61,83,87,90,120,121,123" machi="83" ten="40,5200,0" yaku="1,1,2,1,54,1,53,0" doraHai="27" doraHaiUra="75" who="3" fromWho="2" sc="183,0,305,0,185,-58,307,78" /><INIT seed="2,0,0,1,3,33" ten="183,305,127,385" oya="2" hai0="4,114,5,47,31,48,89,135,66,69,8,126,55" hai1="93,7,45,92,132,115,57,74,32,42,94,61,128" hai2="121,25,104,3,28,96,15,78,116,97,90,21,76" hai3="106,19,91,72,85,88,80,39,49,119,14,84,107"/><V58/><F116/><W17/><G39/><T118/><D114/><U82/><E115/><V81/><F121/><W108/><G119/><T44/><D118/><U52/><E32/><V100/><F96/><W23/><G108/><T41/><D126/><U0/><E132/><V122/><F122/><W30/><G72/><T27/><D135/><U124/><E128/><V50/><F90/><W29/><G49/><T2/><D4/><U120/><E120/><V103/><F103/><W1/><G1/><T68/><D89/><U38/><E124/><V9/><F81/><W13/><G23/><T129/><D66/><U35/><E35/><V40/><F3/><W18/><G18/><T125/><D129/><U20/><E20/><V130/><F130/><W110/><G110/><T53/><D125/><U60/><E60/><V73/><F73/><W36/><G36/><T65/><D65/><U63/><E63/><V98/><F98/><W105/><G105/><T51/><REACH who="0" step="1"/><D41/><REACH who="0" ten="173,305,127,385" step="2"/><U134/><E134/><V87/><F87/><W102/><G80/><T54/><D54/><U79/><E94/><V101/><F101/><AGARI ba="0,1" hai="13,14,17,19,29,30,84,85,88,91,101,102,106,107" machi="101" ten="25,3200,0" yaku="22,2,54,1" doraHai="33" who="3" fromWho="2" sc="173,0,305,0,127,-32,385,42" /><INIT seed="3,0,0,1,5,74" ten="173,305,95,427" oya="3" hai0="9,111,75,112,107,87,94,7,119,84,114,59,62" hai1="40,2,22,105,70,102,58,95,124,47,50,41,83" hai2="31,13,110,134,72,97,131,121,69,25,92,49,125" hai3="60,48,80,76,99,79,101,12,65,28,19,133,53"/><W24/><G133/><T135/><D119/><U73/><E2/><V129/><F49/><W33/><G80/><T10/><D107/><U115/><E124/><V21/><F92/><W17/><G17/><T14/><D75/><U93/><E115/><V35/><F97/><W86/><G86/><T38/><D38/><U44/><E70/><V6/><F6/><W16/><G19/><T51/><D51/><U127/><E127/><V108/><F13/><W81/><G81/><T109/><D135/><U63/><E105/><V4/><F4/><W130/><G130/><T20/><D20/><U43/><E22/><V89/><F89/><W37/><G37/><T52/><D10/><U0/><E0/><V36/><F21/><W82/><G82/><T11/><D11/><U23/><E23/><V96/><F96/><W61/><G61/><T42/><D42/><U128/><E128/><V26/><F26/><W78/><G48/><T46/><D46/><U126/><E126/><V103/><F25/><W113/><G53/><T100/><D100/><U98/><E93/><V123/><F31/><W8/><G113/><N who="0" m="43627" /><D94/><U117/><E117/><V18/><F18/><W68/><G79/><T32/><D32/><U56/><E63/><V3/><F103/><W67/><G67/><T27/><D27/><U132/><E132/><V64/><F64/><W106/><AGARI ba="0,0" hai="8,12,16,24,28,33,60,65,68,76,78,99,101,106" machi="106" ten="20,18000,2" yaku="0,1,7,1,25,2,52,2,54,1" doraHai="74" who="3" fromWho="3" sc="173,-60,305,-60,95,-60,427,180" owari="113,-29.0,245,5.0,35,-46.0,607,70.0" /></mjloggm>