<mjloggm ver="2.3"><GO type="41"/><UN n0="%5A%45%4F%44" n1="%70%65%61%63%68%63%61%74" n2="%59%75%61%6E%45%2D%5A%4E" n3="%EF%BC%88%E2%89%A7%E2%96%BD%E2%89%A6%EF%BC%89" dan="14,14,16,15" rate="1915,1907,2172,2081" sx="M,M,M,M"/><TAIKYOKU oya="0"/><INIT seed="0,0,0,3,1,135" ten="250,250,250,250" oya="0" hai0="110,25,30,63,58,24,99,13,127,74,103,78,54" hai1="28,32,118,91,72,44,87,18,92,93,101,6,67" hai2="105,114,120,14,117,0,11,112,122,45,8,53,128" hai3="96,40,115,108,125,94,70,84,7,43,49,88,81"/><T77/><D127/><U52/><E118/><V104/><F117/><W1/><G70/><T15/><D74/><U71/><E72/><V16/><F128/><W21/><G115/><T29/><D110/><U31/><E6/><V109/><F109/><W51/><G108/><T42/><D42/><U66/><E32/><V4/><F105/><W36/><G125/><T123/><D123/><U131/><E131/><V130/><F104/><W57/><G36/><T5/><D5/><U79/><E79/><V134/><F130/><W46/><G21/><T106/><D78/><U17/><E71/><V65/><F65/><N who="1" m="24585" /><E101/><V132/><F45/><W83/><G1/><T85/><D77/><U69/><E93/><V55/><F55/><N who="3" m="31999" /><G7/><T76/><D85/><U90/><E91/><V19/><F19/><N who="1" m="7177" /><E69/><V121/><REACH who="2" step="1"/><F53/><REACH who="2" step="2"/><N who="3" m="29879" /><G83/><T100/><D76/><AGARI ba="0,1" hai="40,43,76,81,84,88,94,96" m="29879,31999" machi="76" ten="30,2000,0" yaku="8,1,54,1" doraHai="135" who="3" fromWho="0" sc="250,-20,250,0,240,0,250,30" /><INIT seed="1,0,0,5,4,64" ten="230,250,240,280" oya="1" hai0="109,127,2,87,47,27,108,45,4,60,129,100,92" hai1="21,68,96,20,22,75,89,40,61,79,35,98,103" hai2="132,121,90,107,93,112,26,105,69,94,97,76,18" hai3="19,118,52,119,49,36,10,12,88,1,83,14,80"/><U84/><E35/><V13/><F121/><W81/><G36/><T37/><D27/><U67/><E40/><V115/><F132/><W6/><G88/><T31/><D31/><U9/><E9/><V32/><F76/><W43/><G43/><T74/><D74/><U0/><E0/><V78/><F78/><W111/><G111/><T120/><D60/><U82/><REACH who="1" step="1"/><E103/><REACH who="1" step="2"/><V95/><F32/><W51/><G1/><T113/><D100/><U24/><E24/><V71/><F26/><W133/><G133/><T28/><D2/><U15/><E15/><V63/><F107/><W62/><G119/><T29/><D109/><U126/><E126/><V86/><F105/><W124/><G118/><T44/><D127/><U53/><E53/><V114/><F63/><W85/><G124/><T110/><D108/><U34/><E34/><V135/><F135/><W54/><G54/><T5/><D110/><U56/><E56/><V41/><F41/><W122/><G122/><T91/><D120/><U8/><E8/><N who="2" m="6439" /><F97/><W23/><G85/><T117/><D117/><U131/><E131/><V102/><F102/><W134/><G134/><T25/><D129/><U123/><E123/><V59/><F59/><AGARI ba="0,1" hai="6,10,12,14,19,23,49,51,52,59,62,80,81,83" machi="59" ten="40,2600,0" yaku="8,1,54,1" doraHai="64" who="3" fromWho="2" sc="230,0,240,0,240,-26,280,36" /><INIT seed="2,0,0,1,3,131" ten="230,240,214,316" oya="2" hai0="20,10,52,98,74,124,32,88,60,66,50,130,128" hai1="6,86,29,76,38,45,5,11,59,16,107,24,132" hai2="78,51,103,83,58,8,15,84,106,64,65,89,67" hai3="55,69,115,112,123,121,71,101,23,94,9,17,68"/><V97/><F51/><W14/><G55/><T26/><D74/><U79/><E107/><V125/><F125/><W1/><G101/><T7/><D32/><U42/><E132/><V92/><F58/><W19/><G94/><N who="0" m="56647" /><D124/><U22/><E59/><V41/><F41/><W134/><G134/><T129/><D60/><U36/><E38/><V43/><F43/><W31/><G31/><N who="0" m="17863" /><D66/><U25/><E86/><V3/><F3/><W40/><G40/><T120/><D120/><U122/><E122/><V87/><REACH who="2" step="1"/><F67/><REACH who="2" step="2"/><W81/><G1/><N who="0" m="367" /><D50/><U63/><E63/><V30/><F30/><W48/><G123/><T4/><D4/><AGARI ba="0,1" hai="4,8,15,64,65,78,83,84,87,89,92,97,103,106" machi="4" ten="30,5800,0" yaku="1,1,7,1,53,1" doraHai="131" doraHaiUra="75" who="2" fromWho="0" sc="230,-58,240,0,204,68,316,0" /><INIT seed="2,1,0,3,4,7" ten="172,240,272,316" oya="2" hai0="9,1,121,11,64,123,44,52,70,67,94,34,12" hai1="56,47,95,0,19,133,55,29,43,82,113,15,125" hai2="127,104,73,112,5,119,25,54,98,22,68,108,83" hai3="118,126,33,66,97,74,109,92,27,39,120,114,96"/><V102/><F119/><W53/><G118/><T45/><D34/><U93/><E113/><V17/><F112/><W100/><G114/><T36/><D70/><U38/><E133/><V106/><F68/><W21/><G120/><T13/><D94/><U129/><E129/><V69/><F69/><W131/><G74/><T122/><D36/><U2/><E125/><V65/><F65/><N who="0" m="25162" /><D52/><U78/><E29/><V91/><F127/><W132/><G66/><T35/><D35/><U99/><E93/><V130/><F54/><W90/><G39/><T57/><D57/><U111/><E111/><V42/><F42/><W31/><G109/><T116/><D116/><U87/><E55/><V77/><F130/><W79/><G79/><T14/><D1/><U23/><E56/><V50/><F50/><W20/><G126/><T37/><D37/><U48/><E38/><V84/><F106/><W135/><G53/><T24/><D24/><U71/><E71/><V46/><F46/><AGARI ba="1,0" hai="9,11,12,13,14,44,45,46,121,122,123" m="25162" machi="46" ten="40,8000,1" yaku="28,2,52,2" doraHai="7" who="0" fromWho="2" sc="172,83,240,0,272,-83,316,0" /><INIT seed="3,0,0,5,3,131" ten="255,240,189,316" oya="3" hai0="36,28,50,55,65,16,68,122,69,89,52,67,86" hai1="91,46,10,58,104,57,0,54,25,34,47,115,13" hai2="12,95,29,81,56,17,121,117,114,84,45,94,123" hai3="116,19,74,48,43,22,23,62,60,73,102,88,20"/><W3/><G3/><T130/><D122/><N who="2" m="46602" /><F117/><W30/><G116/><T26/><D36/><U93/><E115/><V70/><F70/><W127/><G127/><T14/><D130/><U21/><E104/><V6/><F114/><W111/><G102/><T11/><D55/><U97/><E34/><V105/><F105/><W9/><G111/><T38/><D38/><U40/><E0/><V53/><F6/><W101/><G101/><T126/><D126/><U1/><E1/><V108/><F29/><W83/><G30/><T90/><D90/><U66/><E66/><V118/><F45/><N who="3" m="25663" /><G74/><T42/><D42/><U92/><E93/><V4/><F4/><W5/><G5/><T99/><D99/><U15/><E58/><V51/><F108/><W24/><G73/><T109/><D69/><U37/><E47/><V77/><F118/><W31/><G9/><AGARI ba="0,0" hai="9,12,17,51,53,56,77,81,84,94,95" m="46602" machi="9" ten="30,1000,0" yaku="13,1" doraHai="131" who="2" fromWho="3" sc="255,0,240,0,189,10,316,-10" /><INIT seed="4,0,0,4,4,87" ten="255,240,199,306" oya="0" hai0="58,133,32,74,18,50,19,122,67,41,75,52,113" hai1="71,16,13,111,68,128,17,110,85,94,101,8,80" hai2="2,57,79,120,6,65,72,90,61,77,70,127,33" hai3="37,36,45,105,26,60,109,134,0,12,63,20,102"/><T51/><D122/><U30/><E128/><V117/><F33/><W97/><G0/><T78/><D32/><U38/><E38/><V43/><F120/><W84/><G109/><T116/><D116/><U89/><E30/><V123/><F123/><W42/><G134/><T22/><D133/><U135/><E135/><V47/><F127/><W95/><G37/><T93/><D113/><U91/><E101/><V56/><F117/><W7/><G7/><T82/><D75/><U3/><E3/><V1/><F57/><W40/><G40/><T96/><D67/><U99/><REACH who="1" step="1"/><E17/><REACH who="1" step="2"/><V104/><F2/><W21/><G102/><T34/><D34/><U114/><E114/><V132/><F1/><W25/><G36/><T10/><D19/><U24/><E24/><V5/><F132/><W88/><G26/><T119/><D119/><U48/><E48/><V28/><F28/><W14/><G25/><T62/><D50/><U73/><E73/><V108/><F72/><W107/><G12/><T46/><D10/><U23/><E23/><V64/><F108/><AGARI ba="0,1" hai="8,13,16,68,71,80,85,89,91,94,99,108,110,111" machi="108" ten="40,8000,1" yaku="1,1,52,2,54,1,53,0" doraHai="87" doraHaiUra="100" who="1" fromWho="2" sc="255,0,230,90,199,-80,306,0" /><INIT seed="5,0,0,0,1,95" ten="255,320,119,306" oya="1" hai0="52,75,118,82,12,120,53,103,128,4,33,22,110" hai1="84,76,41,79,102,104,93,28,100,32,54,3,123" hai2="26,121,47,57,63,56,29,92,17,87,69,129,11" hai3="27,39,14,77,50,122,55,73,15,48,107,117,114"/><U19/><E123/><V126/><F121/><W131/><G122/><T62/><D120/><RYUUKYOKU type="kaze4" ba="0,0" sc="255,0,320,0,119,0,306,0" /><INIT seed="5,1,0,0,1,63" ten="255,320,119,306" oya="1" hai0="62,31,121,90,88,86,71,116,67,114,27,14,129" hai1="15,35,107,10,124,25,29,5,7,108,50,72,51" hai2="59,113,41,18,106,104,102,92,9,33,81,79,11" hai3="93,39,110,70,117,97,2,45,26,68,42,99,58"/><U61/><E107/><V69/><F69/><W52/><G110/><T53/><D116/><U128/><E108/><V109/><F109/><W46/><G2/><T13/><D121/><U126/><E128/><V119/><F119/><W103/><G117/><T28/><D129/><U82/><E5/><V19/><F33/><W85/><G45/><T60/><D114/><U6/><E7/><V75/><F113/><W80/><G26/><T64/><D53/><U54/><E82/><V132/><F132/><W105/><G99/><T3/><D3/><U44/><E72/><V127/><F127/><N who="1" m="48681" /><E51/><V96/><F41/><W122/><G105/><T74/><D74/><U94/><E94/><V34/><F34/><W112/><G112/><T1/><D1/><U115/><E61/><V32/><F32/><W134/><G134/><T118/><D118/><U55/><E115/><V37/><F37/><W65/><G122/><T135/><D135/><U0/><E0/><V4/><F106/><W20/><G80/><T23/><D28/><U77/><E77/><V36/><F36/><W38/><G39/><T84/><D84/><U40/><AGARI ba="1,0" hai="6,10,15,25,29,35,40,44,50,54,55" m="48681" machi="40" ten="30,1500,0" yaku="18,1" doraHai="63" who="1" fromWho="1" sc="255,-6,320,18,119,-6,306,-6" /><INIT seed="5,2,0,4,5,106" ten="249,338,113,300" oya="1" hai0="87,115,135,116,24,4,61,124,131,20,47,71,83" hai1="2,5,102,134,52,31,81,15,123,14,128,93,51" hai2="97,111,107,69,30,56,62,8,75,129,65,101,98" hai3="41,113,120,76,104,43,39,108,21,79,67,7,16"/><U60/><E123/><V27/><F111/><W70/><G120/><T86/><D116/><U119/><E119/><V118/><F118/><W73/><G108/><T94/><D115/><U100/><E134/><V77/><F129/><W10/><G104/><T90/><D131/><U66/><E128/><V74/><F77/><W96/><G96/><T19/><D135/><U54/><E2/><V57/><F98/><W9/><G113/><T117/><D117/><U23/><E81/><V84/><F84/><W114/><G114/><T34/><D34/><U122/><E122/><V44/><F44/><N who="3" m="23615" /><G43/><T130/><D130/><U29/><E54/><V38/><F38/><W46/><G46/><T45/><D124/><U78/><E78/><V99/><F99/><W53/><G53/><T13/><D71/><U95/><E66/><V48/><F48/><W3/><G9/><T103/><D61/><U89/><E60/><V25/><F25/><N who="3" m="14503" /><G79/><T37/><D37/><U17/><E5/><V35/><F8/><W11/><G11/><N who="0" m="4327" /><D103/><N who="1" m="39467" /><E14/><V32/><F32/><W49/><G49/><T91/><AGARI ba="2,0" hai="19,20,24,45,47,83,86,87,90,91,94" m="4327" machi="91" ten="30,1100,0" yaku="8,1" doraHai="106" who="0" fromWho="0" sc="249,17,338,-7,113,-5,300,-5" /><INIT seed="6,0,0,3,5,123" ten="266,331,108,295" oya="2" hai0="74,127,11,44,41,56,116,113,132,38,66,31,4" hai1="30,81,77,97,21,13,6,134,108,106,5,129,89" hai2="23,15,33,107,90,27,46,25,111,26,32,52,17" hai3="10,67,59,135,18,1,124,70,86,55,73,45,76"/><V118/><F118/><W65/><G73/><T109/><D116/><U9/><E108/><V53/><F107/><W68/><G135/><T91/><D109/><U49/><E134/><V43/><F111/><W102/><G102/><T71/><D132/><U22/><E129/><V36/><REACH who="2" step="1"/><F90/><REACH who="2" step="2"/><W92/><G70/><T0/><D91/><U110/><E106/><V29/><F29/><W121/><G68/><T103/><D31/><U117/><E110/><V112/><F112/><W39/><G121/><T8/><D113/><U51/><E117/><V63/><F63/><W61/><G61/><T37/><D71/><U130/><E30/><V95/><F95/><W131/><G92/><T79/><D103/><U104/><E104/><V12/><F12/><W128/><G128/><T101/><D101/><U120/><E130/><V28/><F28/><W75/><G131/><T99/><D79/><U62/><E120/><V54/><AGARI ba="0,1" hai="15,17,23,25,26,27,32,33,36,43,46,52,53,54" machi="54" ten="30,6000,0" yaku="1,1,0,1,54,1,53,0" doraHai="123" doraHaiUra="96" who="2" fromWho="2" sc="266,-20,331,-20,98,70,295,-20" /><INIT seed="6,1,0,0,4,64" ten="246,311,168,275" oya="2" hai0="11,87,33,113,102,42,128,4,10,1,97,12,2" hai1="68,43,106,104,105,65,133,55,50,39,107,130,5" hai2="6,59,92,52,60,131,15,29,86,25,9,17,53" hai3="28,51,89,14,71,26,123,7,49,57,31,109,38"/><V90/><F131/><W66/><G123/><T79/><D33/><U126/><E130/><V30/><F6/><W124/><G38/><T19/><D128/><U74/><E133/><V75/><F75/><W40/><G109/><T117/><D117/><U121/><E126/><V54/><REACH who="2" step="1"/><F30/><REACH who="2" step="2"/><W78/><G31/><T91/><D113/><U85/><E5/><V73/><F73/><W125/><G28/><T100/><D2/><U93/><E74/><V127/><F127/><W129/><G7/><T94/><D42/><U83/><E121/><V27/><F27/><W58/><G26/><T48/><D48/><U81/><E39/><V44/><F44/><W82/><G51/><T115/><D115/><U114/><E43/><V70/><F70/><W96/><G71/><T132/><D132/><U98/><E114/><V35/><AGARI ba="1,1" hai="9,15,17,25,29,35,52,53,54,59,60,86,90,92" machi="35" ten="20,7800,0" yaku="1,1,0,1,7,1,54,1,53,0" doraHai="64" doraHaiUra="95" who="2" fromWho="2" sc="246,-27,311,-27,158,91,275,-27" /><INIT seed="6,2,0,2,5,16" ten="219,284,249,248" oya="2" hai0="86,117,115,35,118,9,1,120,11,126,99,105,30" hai1="7,34,119,29,74,76,122,31,54,101,43,109,53" hai2="21,128,97,92,73,22,133,69,75,123,63,103,14" hai3="49,87,32,2,79,33,84,52,100,57,28,107,68"/><V15/><F123/><W19/><G2/><T98/><D86/><U58/><E109/><V5/><F15/><W108/><G108/><T88/><D120/><U67/><E119/><N who="0" m="45577" /><D1/><U62/><E122/><V13/><F13/><W12/><G68/><T89/><D126/><U129/><E129/><V56/><F69/><W124/><G124/><T24/><D105/><U65/><E43/><V23/><F128/><W78/><G107/><T96/><D115/><U40/><E40/><V51/><F51/><W0/><G0/><T3/><D3/><U132/><E132/><V20/><F133/><W38/><G38/><T80/><D80/><U116/><E116/><V77/><F77/><N who="3" m="29195" /><G100/><T6/><D6/><U125/><E125/><V41/><F41/><W46/><G33/><T66/><D66/><N who="1" m="25099" /><E7/><V106/><F106/><W85/><G28/><N who="1" m="10826" /><E101/><V135/><F135/><W111/><G32/><T36/><D36/><U113/><E113/><V91/><F103/><W71/><G71/><T37/><D37/><U90/><E90/><AGARI ba="2,0" hai="9,11,24,30,35,88,89,90,96,98,99" m="45577" machi="90" ten="30,2000,0" yaku="12,1,54,1" doraHai="16" who="0" fromWho="1" sc="219,26,284,-26,249,0,248,0" /><INIT seed="7,0,0,0,2,18" ten="245,258,249,248" oya="3" hai0="43,5,31,66,135,96,8,50,55,108,118,39,91" hai1="0,3,105,101,73,42,117,85,119,13,57,47,33" hai2="88,37,60,82,131,34,62,69,32,79,76,95,86" hai3="61,125,114,123,9,93,128,129,72,109,49,16,45"/><W52/><G72/><T103/><D108/><U98/><E85/><V29/><F37/><W130/><G109/><T77/><D118/><N who="1" m="45067" /><E57/><V106/><F106/><W64/><G123/><T110/><D77/><U70/><E13/><V74/><F131/><W75/><G75/><T120/><D110/><U41/><E73/><V26/><F79/><W38/><G125/><T97/><D66/><U44/><E70/><V124/><F124/><W35/><G114/><T17/><D31/><U40/><E33/><V15/><F69/><N who="3" m="42127" /><G35/><T121/><D17/><U80/><E80/><V51/><F34/><W46/><G93/><T56/><D97/><U127/><E127/><V104/><F104/><W36/><G46/><AGARI ba="0,0" hai="0,3,40,41,42,44,46,47,98,101,105" m="45067" machi="46" ten="30,1000,0" yaku="12,1" doraHai="18" who="1" fromWho="3" sc="245,0,258,10,249,0,248,-10" /><INIT seed="8,0,0,2,1,2" ten="245,268,249,238" oya="0" hai0="107,135,13,90,134,130,63,43,126,24,79,32,128" hai1="37,28,127,62,15,20,81,25,10,95,67,92,104" hai2="69,113,19,77,84,122,94,42,34,54,98,71,80" hai3="73,38,1,99,116,105,123,27,117,68,87,11,74"/><T7/><D63/><U53/><E127/><V66/><F113/><W36/><G87/><T12/><D107/><U31/><E104/><V96/><F34/><W100/><G123/><T70/><D70/><U121/><E121/><V0/><F96/><W52/><G68/><T16/><D79/><U119/><E119/><N who="3" m="45642" /><G27/><T97/><D43/><U91/><E37/><N who="3" m="14442" /><G52/><T59/><D59/><U57/><E31/><V101/><F66/><W118/><N who="3" m="45650" /><W89/><DORA hai="72" /><G89/><T56/><D56/><U93/><E81/><V110/><F42/><W108/><G108/><T48/><D48/><U109/><E109/><V114/><F114/><W44/><G44/><T88/><D97/><U46/><E46/><V58/><F110/><W78/><G78/><T83/><D83/><U51/><E91/><N who="0" m="34857" /><D32/><U22/><E22/><V49/><F122/><W82/><G82/><T39/><D39/><U47/><E95/><V17/><F71/><W50/><G50/><T75/><D75/><U102/><E102/><V21/><F69/><W124/><G124/><T133/><D126/><U55/><REACH who="1" step="1"/><E67/><REACH who="1" step="2"/><V26/><F101/><W65/><G65/><T18/><D24/><U41/><E41/><V76/><F80/><W33/><G33/><T106/><D106/><U6/><AGARI ba="0,1" hai="6,10,15,20,25,28,47,51,53,55,57,62,92,93" machi="6" ten="20,8000,1" yaku="1,1,0,1,7,1,8,1,52,1,53,0" doraHai="2,72" doraHaiUra="111,61" who="1" fromWho="1" sc="245,-40,258,90,249,-20,238,-20" owari="205,-29.0,348,44.0,229,3.0,218,-18.0" /></mjloggm>