<mjloggm ver="2.3"><GO type="169" lobby="0"/><UN n0="%E3%81%AD%E3%82%8A%E3%82%B4%E3%83%9E" n1="%EF%BC%88%E2%89%A7%E2%96%BD%E2%89%A6%EF%BC%89" n2="%E4%BF%BA%E3%81%A4%E3%81%88%E3%81%88%E3%81%88%EF%BD%9E" n3="%E3%81%BE%E3%81%AA%E3%81%84%E3%81%9F%E3%82%88%E3%81%86%E3%81%98%E3%82%87" dan="16,18,17,17" rate="2060.88,2242.64,2160.02,2138.99" sx="M,M,M,M"/><TAIKYOKU oya="0"/><INIT seed="0,0,0,5,1,126" ten="250,250,250,250" oya="0" hai0="83,48,49,15,133,51,129,73,12,120,130,71,72" hai1="9,128,74,116,88,39,94,0,80,82,63,124,45" hai2="66,55,20,64,35,44,99,31,36,54,92,30,135" hai3="61,2,27,98,28,10,84,58,114,46,119,110,85"/><T43/><D120/><U125/><E116/><V123/><F123/><W112/><G119/><T53/><D71/><U93/><E93/><V95/><F135/><W5/><G110/><T59/><D133/><U108/><E108/><V3/><F3/><W104/><G46/><T18/><D43/><N who="1" m="22783" /><E63/><V25/><F36/><W75/><G75/><T21/><D12/><U97/><E128/><N who="0" m="49257" /><D83/><U62/><E62/><AGARI ba="0,0" hai="15,18,21,48,49,51,53,59,62,72,73" m="49257" machi="62" ten="30,11600,0" yaku="19,1,52,3" doraHai="126" who="0" fromWho="1" sc="250,116,250,-116,250,0,250,0" /><INIT seed="0,1,0,2,0,62" ten="366,134,250,250" oya="0" hai0="18,133,13,74,8,45,81,80,37,25,87,35,1" hai1="17,119,10,68,42,99,89,16,19,30,132,32,72" hai2="65,69,55,0,111,98,24,127,66,20,79,108,40" hai3="51,64,114,57,104,31,28,11,9,7,77,90,6"/><T47/><D133/><U52/><E72/><V93/><F0/><W38/><G38/><T121/><D121/><U95/><E68/><V29/><F127/><W102/><G114/><T48/><D1/><U123/><E123/><V41/><F79/><W106/><G77/><T103/><D103/><U126/><E126/><V3/><F55/><W101/><G90/><T22/><D74/><U84/><E119/><V125/><F3/><W94/><G94/><T124/><D124/><U76/><E132/><V131/><F131/><W63/><G51/><T82/><D35/><U110/><E110/><N who="2" m="42027" /><F125/><W36/><G36/><T128/><D37/><U23/><E42/><N who="2" m="16491" /><F69/><W109/><G109/><T134/><D134/><U118/><E118/><V4/><F4/><W107/><G28/><N who="0" m="17463" /><D128/><U92/><E32/><V26/><F24/><W46/><G31/><T60/><D60/><U15/><E76/><V12/><F12/><W21/><G104/><T122/><D122/><U67/><E67/><V5/><F5/><W120/><G120/><T70/><D45/><U49/><E30/><V39/><F39/><W113/><G106/><T50/><D70/><U112/><E112/><V88/><AGARI ba="1,0" hai="20,26,29,65,66,88,93,98" m="16491,42027" machi="88" ten="30,7900,0" yaku="14,1,52,2,54,1" doraHai="62" who="2" fromWho="2" sc="366,-40,134,-21,250,82,250,-21" /><INIT seed="1,0,0,0,3,116" ten="326,113,332,229" oya="1" hai0="90,111,69,23,75,25,118,91,3,9,31,61,72" hai1="85,5,124,78,95,108,57,74,117,2,67,76,100" hai2="89,103,80,84,14,46,11,47,119,87,126,22,70" hai3="19,79,41,107,33,135,101,133,60,6,96,93,123"/><U88/><E117/><V20/><F70/><W59/><G33/><T98/><D118/><U28/><E124/><V99/><F126/><W21/><G6/><T7/><D111/><U37/><E37/><V105/><F119/><W86/><G41/><T32/><D90/><U17/><E108/><V54/><F84/><W130/><G130/><T26/><D98/><U42/><E42/><V113/><F113/><W58/><G123/><T128/><D91/><U102/><E28/><V8/><F8/><W24/><G59/><T43/><D43/><U13/><E5/><V62/><F47/><W38/><G38/><T50/><D50/><U0/><E0/><V64/><F64/><W122/><G122/><T115/><D115/><U52/><E67/><V44/><F44/><W30/><G19/><T110/><D128/><U12/><E2/><V27/><F27/><W66/><REACH who="3" step="1"/><G107/><REACH who="3" ten="326,113,332,219" step="2"/><T40/><D40/><U97/><E74/><V131/><F131/><W53/><G53/><T71/><D110/><U15/><E17/><N who="2" m="8415" /><F62/><W127/><G127/><T77/><D61/><N who="1" m="36007" /><E102/><V65/><F65/><W4/><G4/><T120/><D120/><U45/><E45/><V129/><F129/><W51/><G51/><AGARI ba="0,1" hai="20,22,46,51,54,80,87,89,99,103,105" m="8415" machi="51" ten="30,1000,0" yaku="25,1" doraHai="116" who="2" fromWho="3" sc="326,0,113,0,332,20,219,-10" /><INIT seed="2,0,0,3,2,79" ten="326,113,352,209" oya="2" hai0="122,75,124,56,111,9,27,48,78,33,49,13,107" hai1="101,131,37,134,29,7,43,76,110,6,104,31,112" hai2="109,30,46,21,115,88,32,28,103,68,71,10,18" hai3="82,85,42,97,130,114,57,116,44,22,83,51,108"/><V120/><F115/><W95/><G116/><T14/><D122/><U117/><E112/><V39/><F120/><W98/><G114/><T87/><D75/><U77/><E117/><V62/><F103/><W59/><G108/><T125/><D107/><U100/><E110/><V20/><F109/><W72/><G72/><T8/><D111/><U53/><E134/><V5/><F21/><W52/><G130/><T70/><D70/><U12/><E131/><V126/><F126/><W63/><G57/><T35/><D27/><U92/><E104/><V119/><F119/><W118/><G118/><T47/><D56/><U34/><E34/><V81/><F62/><W64/><G64/><T69/><D69/><U3/><E3/><V67/><F67/><W45/><G45/><T135/><D135/><U1/><E1/><V127/><F127/><W113/><G113/><T2/><D2/><U132/><E132/><V19/><F68/><W50/><G50/><T15/><D47/><U4/><E12/><N who="2" m="5199" /><F32/><W123/><G123/><T38/><D14/><U25/><E37/><V36/><F71/><W66/><G66/><T80/><D38/><U24/><E43/><V11/><F39/><W90/><G22/><T128/><D128/><U41/><E41/><V58/><F46/><W93/><G97/><T74/><D74/><U61/><E61/><V40/><F40/><W26/><G26/><N who="1" m="10346" /><E53/><V133/><F133/><W102/><AGARI ba="0,0" hai="42,44,51,52,59,63,82,83,85,90,93,95,98,102" machi="102" ten="20,12000,2" yaku="0,1,7,1,8,1,52,2,54,1" doraHai="79" who="3" fromWho="3" sc="326,-30,113,-30,352,-60,209,120" /><INIT seed="3,0,0,4,4,5" ten="296,83,292,329" oya="3" hai0="123,40,48,49,69,111,13,72,81,100,103,74,77" hai1="8,93,116,26,46,12,99,10,133,23,118,19,65" hai2="106,1,22,41,108,120,21,130,68,84,14,0,126" hai3="78,43,115,60,34,9,134,3,38,102,114,92,131"/><W39/><G34/><T61/><D123/><U30/><E65/><V32/><F68/><W63/><G78/><T88/><D111/><U73/><E73/><V127/><F106/><W101/><G92/><T75/><D49/><U55/><E133/><V91/><F41/><W95/><G95/><T17/><D69/><U28/><E55/><V16/><F120/><W85/><G85/><T119/><D61/><U67/><E46/><V80/><F108/><W6/><G43/><T98/><D119/><N who="1" m="45611" /><E67/><V94/><F32/><W66/><G131/><T45/><D100/><N who="1" m="60527" /><E30/><V89/><F22/><AGARI ba="0,0" hai="8,10,12,19,22,23,26,28" m="60527,45611" machi="22" ten="30,3900,0" yaku="12,1,52,2" doraHai="5" who="1" fromWho="2" sc="296,0,83,39,292,-39,329,0" /><INIT seed="4,0,0,4,3,129" ten="296,122,253,329" oya="0" hai0="135,58,65,24,105,41,43,88,37,50,49,5,73" hai1="113,11,53,100,98,121,104,97,95,123,30,31,59" hai2="42,54,3,99,81,75,106,74,94,47,17,91,114" hai3="57,90,12,64,23,70,134,120,51,111,78,56,40"/><T110/><D135/><U83/><E113/><V27/><F3/><W126/><G134/><T109/><D73/><U44/><E44/><V66/><F114/><W34/><G34/><T102/><D5/><U19/><E83/><V77/><F66/><W0/><G0/><T118/><D118/><U46/><E46/><V82/><F54/><W87/><G78/><T124/><D124/><U79/><E79/><V10/><F106/><W125/><G111/><N who="0" m="42507" /><D24/><U45/><E45/><V68/><F68/><W63/><G120/><T117/><D117/><U128/><E128/><V69/><F69/><W119/><G40/><N who="0" m="15435" /><D37/><U33/><E33/><V86/><F81/><W92/><G119/><T93/><D102/><U76/><E76/><V115/><F115/><W1/><G1/><T107/><D65/><U13/><E123/><V80/><F80/><W15/><G70/><T16/><D16/><U9/><E121/><V62/><F62/><W4/><G4/><T21/><D21/><U48/><REACH who="1" step="1"/><E11/><REACH who="1" ten="296,112,253,329" step="2"/><V55/><F75/><W20/><G125/><T36/><D36/><U101/><AGARI ba="0,1" hai="9,13,19,30,31,48,53,59,95,97,98,100,101,104" machi="101" ten="20,8000,1" yaku="1,1,2,1,0,1,7,1,53,1" doraHai="129" doraHaiUra="14" who="1" fromWho="1" sc="296,-40,112,90,253,-20,329,-20" /><INIT seed="5,0,0,3,2,44" ten="256,202,233,309" oya="1" hai0="88,8,51,1,40,120,98,59,6,99,21,103,30" hai1="83,35,92,27,55,114,97,33,112,78,94,36,12" hai2="58,119,31,50,130,111,93,133,79,66,25,105,24" hai3="47,67,43,128,60,123,3,115,90,34,91,17,57"/><U82/><E36/><V74/><F105/><W37/><G123/><T75/><D75/><U41/><E41/><V89/><F111/><W107/><G107/><T76/><D76/><U129/><E129/><V117/><F130/><W110/><G110/><T46/><D120/><U7/><E55/><V102/><F102/><W84/><G128/><T45/><D59/><U42/><E42/><V13/><F133/><W52/><G34/><N who="1" m="12810" /><E27/><V56/><F13/><W87/><G3/><T2/><D2/><U64/><E64/><V54/><F79/><W81/><G17/><T61/><D61/><U4/><E12/><V29/><F74/><W48/><G115/><N who="1" m="44074" /><E78/><V135/><F135/><W73/><G73/><T95/><D45/><U100/><E94/><V80/><F80/><AGARI ba="0,0" hai="4,7,80,82,83,92,97,100" m="44074,12810" machi="80" ten="30,1500,0" yaku="15,1" doraHai="44" who="1" fromWho="2" sc="256,0,202,15,233,-15,309,0" /><INIT seed="5,1,0,5,5,39" ten="256,217,218,309" oya="1" hai0="99,43,47,5,7,18,88,3,104,27,111,107,70" hai1="90,52,121,96,68,81,16,17,4,109,133,119,35" hai2="87,82,80,115,77,42,37,116,112,95,44,102,12" hai3="126,71,129,135,100,98,106,63,85,69,103,72,11"/><U66/><E35/><V41/><F116/><W130/><G72/><T74/><D111/><U15/><E121/><V122/><F122/><W33/><G135/><T36/><D70/><U132/><E119/><V19/><F82/><W127/><G33/><T57/><D74/><U9/><E109/><V97/><F37/><W45/><G11/><T1/><D57/><U89/><E68/><V40/><REACH who="2" step="1"/><F44/><REACH who="2" ten="256,217,208,309" step="2"/><W62/><G45/><T110/><D110/><U120/><E120/><V29/><F29/><W25/><G129/><T51/><D36/><U6/><E133/><V131/><F131/><W8/><G130/><T65/><D47/><U105/><E132/><V101/><F101/><W56/><G103/><T67/><D1/><U31/><E31/><V93/><F93/><W64/><G100/><T22/><D3/><U28/><E28/><V117/><F117/><W78/><G126/><T118/><D118/><U86/><E105/><V83/><F83/><W10/><G106/><T61/><D104/><U128/><E128/><V14/><F14/><W94/><G94/><T55/><D107/><U53/><E81/><V84/><F84/><W30/><G85/><T38/><D38/><U76/><E86/><V113/><F113/><W26/><G30/><T50/><D99/><U46/><E96/><V134/><F134/><W108/><G98/><T0/><D0/><U24/><E46/><V13/><F13/><W2/><G2/><T92/><D92/><U60/><E15/><V75/><F75/><W58/><G127/><T49/><D27/><N who="3" m="10249" /><G108/><T59/><D59/><U32/><E24/><RYUUKYOKU ba="1,1" sc="256,-10,217,-10,208,30,309,-10" hai2="12,19,40,41,42,77,80,87,95,97,102,112,115" /><INIT seed="6,2,1,4,5,126" ten="246,207,238,299" oya="2" hai0="68,86,124,4,7,83,2,122,42,87,76,21,89" hai1="29,120,45,23,94,11,19,123,101,41,107,113,53" hai2="102,100,106,130,57,132,9,72,63,8,6,71,65" hai3="103,95,131,114,39,3,78,73,5,80,93,44,115"/><V105/><F72/><W58/><G58/><T90/><D122/><N who="1" m="46635" /><E113/><N who="3" m="43018" /><G103/><T119/><D68/><U34/><E107/><V97/><F132/><W77/><G77/><T110/><D110/><U20/><E53/><V22/><F130/><W56/><G56/><T0/><D76/><U98/><E11/><V27/><F71/><W61/><G131/><T24/><D42/><U79/><E79/><V38/><F38/><W127/><G61/><T121/><D124/><U37/><E19/><V70/><F70/><W12/><G12/><T116/><D4/><U1/><E1/><V112/><F112/><W96/><G96/><T55/><D55/><U32/><E29/><V108/><F108/><W31/><G31/><N who="0" m="17807" /><D7/><U35/><AGARI ba="2,1" hai="20,23,32,34,35,37,41,45,94,98,101" m="46635" machi="35" ten="40,1500,0" yaku="13,1" doraHai="126" who="1" fromWho="1" sc="246,-6,207,31,238,-9,299,-6" /><INIT seed="7,0,0,4,3,6" ten="240,238,229,293" oya="3" hai0="10,66,86,123,122,9,30,33,45,105,16,89,99" hai1="80,36,103,106,68,108,57,37,119,67,11,40,113" hai2="55,34,97,41,131,109,4,77,65,58,50,124,61" hai3="85,96,125,17,24,74,2,102,70,126,87,20,81"/><W95/><G2/><T92/><D66/><U135/><E108/><V107/><F34/><W51/><G70/><T100/><D45/><N who="1" m="23687" /><E113/><V54/><F109/><W22/><G51/><T7/><D30/><U28/><E57/><V93/><F107/><W48/><G48/><T75/><D75/><U128/><E128/><V49/><F131/><W19/><G74/><T8/><D33/><U29/><E135/><V118/><F118/><W42/><G42/><T38/><D38/><U71/><E29/><V15/><F124/><N who="3" m="47723" /><G81/><T52/><D52/><N who="2" m="20010" /><F77/><W14/><AGARI ba="0,0" hai="14,17,19,20,22,24,85,87,95,96,102" m="47723" machi="14" ten="30,1500,0" yaku="18,1" doraHai="6" who="3" fromWho="3" sc="240,-5,238,-5,229,-5,293,15" owari="235,4.0,233,-17.0,224,-28.0,308,41.0" /></mjloggm>