<mjloggm ver="2.3"><GO type="97"/><UN n0="%E3%82%A2%E3%83%AB%E3%83%9E%E3%82%B8%E3%83%AD%E3%81%AE%E5%A4%96%E5%A5%97" n1="%E3%83%9E%E3%83%84%E3%82%A4" n2="%79%61%68%6F%6F" n3="%E3%82%A6%E3%83%AB%E3%83%88%E3%83%A9%E7%AB%8B%E7%9B%B4" dan="15,13,14,15" rate="2042,1832,1845,1980" sx="M,F,M,M"/><TAIKYOKU oya="0"/><INIT seed="0,0,0,3,4,18" ten="250,250,250,250" oya="0" hai0="44,110,19,27,6,92,79,128,63,72,57,105,124" hai1="135,42,108,21,77,43,60,10,26,115,101,90,132" hai2="53,49,134,102,117,99,52,111,84,7,51,122,13" hai3="76,24,16,100,64,109,14,12,17,15,62,46,118"/><T59/><D105/><U89/><E115/><V126/><F122/><W130/><G118/><T54/><D124/><U70/><E77/><V131/><F117/><W35/><G76/><T73/><D128/><U104/><E108/><V58/><F111/><W0/><G0/><T9/><D110/><U127/><E127/><V29/><F126/><W34/><G109/><T8/><D79/><U116/><E116/><V119/><F119/><W113/><G113/><T40/><D92/><U23/><E10/><V68/><F68/><W69/><G130/><T129/><D129/><U81/><E26/><V25/><F131/><W93/><G46/><T74/><D59/><U31/><E31/><V22/><F134/><N who="1" m="51241" /><E101/><V75/><F75/><W11/><G11/><T94/><D94/><U67/><E104/><V87/><F13/><W32/><REACH who="3" step="1"/><G24/><REACH who="3" ten="250,250,250,240" step="2"/><T30/><D9/><U133/><E133/><V20/><F22/><N who="1" m="8201" /><E81/><V82/><F82/><W4/><G4/><T28/><D27/><U95/><E89/><V33/><F33/><W125/><G125/><T107/><D6/><U78/><E78/><V97/><F7/><W120/><G120/><T106/><D8/><U123/><E123/><V86/><REACH who="2" step="1"/><F102/><REACH who="2" ten="250,250,240,240" step="2"/><W85/><G85/><AGARI ba="0,2" hai="42,43,60,67,70,85,90,95" m="8201,51241" machi="85" ten="30,7700,0" yaku="20,1,52,3" doraHai="18" who="1" fromWho="3" sc="250,0,250,97,240,0,240,-77" /><INIT seed="1,0,0,2,4,90" ten="250,347,240,163" oya="1" hai0="77,0,44,134,108,42,71,65,29,2,33,8,41" hai1="113,95,51,38,75,18,111,54,118,109,26,50,107" hai2="117,115,35,63,62,81,3,120,102,52,112,14,22" hai3="64,133,21,34,103,96,37,7,97,49,114,123,74"/><U110/><E113/><N who="2" m="43595" /><F120/><W130/><G114/><T5/><D42/><U69/><E118/><V104/><F117/><W106/><G123/><T83/><D2/><U23/><E107/><V78/><F3/><W13/><G34/><T87/><D108/><U131/><E75/><V45/><F35/><W101/><G37/><T89/><D134/><U15/><E38/><V92/><F104/><W53/><G74/><T9/><D9/><N who="1" m="6511" /><E69/><V73/><F92/><W16/><G133/><T32/><D29/><N who="1" m="17631" /><E131/><V24/><F102/><W122/><G122/><T129/><D129/><U98/><E54/><V67/><F67/><W93/><G130/><T10/><D65/><U79/><E79/><V100/><F100/><AGARI ba="0,0" hai="50,51,95,98,100,109,110,111" m="17631,6511" machi="100" ten="30,5800,0" yaku="14,1,10,1,52,1" doraHai="90" who="1" fromWho="2" sc="250,0,347,58,240,-58,163,0" /><INIT seed="1,1,0,1,3,18" ten="250,405,182,163" oya="1" hai0="36,90,55,105,30,26,9,86,10,24,57,8,134" hai1="63,94,31,51,111,44,56,119,23,16,88,130,70" hai2="109,104,89,91,116,22,12,68,45,102,32,73,48" hai3="7,38,123,61,107,43,14,33,15,54,29,112,34"/><U64/><E119/><V121/><F68/><W42/><G107/><T17/><D36/><U113/><E113/><V28/><F121/><W58/><G123/><T126/><D105/><U80/><E130/><V132/><F116/><W131/><G112/><T122/><D126/><U20/><E111/><V27/><F73/><W96/><G131/><T1/><D134/><U103/><E70/><V49/><F132/><W37/><G96/><T92/><D122/><U82/><E103/><V69/><F109/><W81/><G81/><N who="1" m="31338" /><E31/><V50/><F69/><W67/><G29/><T78/><D1/><U75/><E75/><V59/><F59/><W74/><G74/><T115/><D115/><U4/><E4/><V66/><F66/><W114/><G7/><T65/><D78/><U11/><E11/><V118/><F118/><W77/><G114/><T3/><D65/><U85/><E16/><N who="2" m="10503" /><F32/><W40/><G77/><T13/><D3/><U93/><E93/><V125/><F125/><W110/><G110/><T127/><D127/><U83/><E83/><V135/><F135/><W6/><G34/><T133/><D133/><U98/><E98/><V117/><F117/><W72/><G33/><T0/><D0/><U52/><AGARI ba="1,0" hai="20,23,44,51,52,56,63,64,85,88,94" m="31338" machi="52" ten="30,12000,1" yaku="8,1,52,2,54,2" doraHai="18" who="1" fromWho="1" sc="250,-41,405,123,182,-41,163,-41" /><INIT seed="1,2,0,1,3,10" ten="209,528,141,122" oya="1" hai0="63,2,111,96,65,77,104,52,91,41,44,35,121" hai1="31,107,28,13,132,76,59,64,30,129,0,82,26" hai2="67,5,84,93,37,46,45,110,39,87,18,102,130" hai3="72,79,99,14,54,123,89,115,97,17,23,38,66"/><U7/><E107/><V126/><F5/><W83/><G123/><T57/><D111/><U68/><E68/><V48/><F110/><W117/><G115/><T49/><D121/><U108/><E132/><V88/><F130/><W4/><G117/><T90/><D35/><U81/><E108/><V36/><F126/><W95/><G66/><T92/><D2/><U22/><E129/><V122/><F122/><W101/><G38/><T21/><D104/><U75/><E0/><V61/><F45/><W94/><G54/><T74/><D74/><U34/><E34/><V6/><F6/><W20/><G4/><T80/><D77/><U118/><E118/><V3/><F102/><W128/><G128/><T25/><D80/><N who="1" m="30827" /><E76/><V112/><F112/><W69/><G69/><T27/><D90/><U8/><E75/><V11/><F3/><W62/><REACH who="3" step="1"/><G62/><AGARI ba="2,0" hai="7,8,13,22,26,28,30,31,59,62,64" m="30827" machi="62" ten="30,2900,0" yaku="8,1,52,1" doraHai="10" who="1" fromWho="3" sc="209,0,528,35,141,0,122,-35" /><INIT seed="1,3,0,3,2,73" ten="209,563,141,87" oya="1" hai0="104,99,108,76,63,28,22,113,88,90,20,107,43" hai1="49,47,82,34,60,6,95,42,96,39,70,3,133" hai2="29,38,83,75,24,67,13,57,134,111,15,132,109" hai3="114,68,98,123,105,14,135,106,55,86,93,101,12"/><U97/><E34/><V85/><F38/><W25/><G123/><T18/><D113/><U127/><E133/><N who="2" m="51307" /><F75/><W122/><G122/><T119/><D119/><U72/><E127/><V27/><F57/><W9/><G135/><T61/><D108/><N who="2" m="41546" /><F67/><W65/><G114/><T17/><D28/><U16/><E70/><V87/><F29/><W74/><G74/><T21/><D99/><U48/><E60/><V81/><F27/><W35/><G105/><T50/><D50/><U112/><E112/><V118/><F24/><W11/><G55/><T56/><D43/><U71/><E71/><V117/><F13/><W8/><G14/><T53/><D76/><U103/><E97/><V41/><F15/><W64/><G12/><T128/><D128/><U102/><E102/><V33/><F41/><W126/><G126/><T91/><REACH who="0" step="1"/><D63/><REACH who="0" ten="199,563,141,87" step="2"/><U52/><E16/><AGARI ba="3,1" hai="16,17,18,20,21,22,53,56,61,88,90,91,104,107" machi="16" ten="40,8000,1" yaku="1,1,2,1,54,2,53,0" doraHai="73" doraHaiUra="32" who="0" fromWho="1" sc="199,99,563,-89,141,0,87,0" /><INIT seed="2,0,0,1,0,110" ten="298,474,141,87" oya="2" hai0="3,127,2,99,114,77,1,83,23,84,5,38,74" hai1="57,70,67,68,90,81,8,7,91,39,125,34,71" hai2="31,85,100,112,94,41,133,126,32,72,36,64,121" hai3="30,135,115,96,80,66,18,131,95,49,113,69,118"/><V37/><F121/><W122/><G118/><T129/><D38/><U79/><E39/><V48/><F72/><W21/><G122/><T13/><D127/><U55/><E125/><V33/><F126/><W40/><G30/><T119/><D129/><U19/><E19/><V98/><F64/><W25/><G131/><T50/><D119/><U43/><E43/><V87/><F133/><W27/><G27/><T93/><D114/><N who="3" m="43529" /><G135/><T24/><D74/><U0/><E67/><V132/><F112/><W4/><G4/><T58/><D13/><U103/><E103/><V107/><F132/><W44/><G80/><T73/><D5/><U51/><REACH who="1" step="1"/><E34/><REACH who="1" ten="298,464,141,87" step="2"/><V65/><F33/><W128/><G128/><T28/><D73/><AGARI ba="0,1" hai="0,7,8,51,55,57,68,70,71,73,79,81,90,91" machi="73" ten="40,2600,0" yaku="1,1,2,1,53,0" doraHai="110" doraHaiUra="92" who="1" fromWho="0" sc="298,-26,464,36,141,0,87,0" /><INIT seed="3,0,0,1,0,47" ten="272,500,141,87" oya="3" hai0="124,56,75,24,41,105,103,8,88,116,70,109,6" hai1="74,123,94,121,15,19,66,14,125,82,69,52,132" hai2="72,2,86,134,28,30,77,83,119,135,16,49,60" hai3="44,97,92,17,11,32,64,42,96,7,5,59,98"/><W0/><G32/><T31/><D75/><U99/><E132/><N who="2" m="50731" /><F2/><W71/><G71/><T81/><D116/><U90/><E125/><V62/><F119/><W57/><G7/><T79/><D79/><U36/><E36/><V128/><F128/><W102/><G17/><T100/><D41/><U110/><E110/><V117/><F117/><W18/><G18/><T67/><D56/><U1/><E1/><V122/><F122/><W50/><G64/><T65/><D67/><U3/><E3/><V108/><F108/><W120/><G120/><T58/><D58/><U21/><E15/><V84/><F72/><W43/><G43/><T89/><D103/><U33/><E33/><V78/><F16/><W48/><REACH who="3" step="1"/><G59/><REACH who="3" ten="272,500,141,77" step="2"/><T53/><D65/><U29/><E29/><V61/><F30/><W115/><G115/><T55/><D70/><U45/><E66/><V46/><F28/><W9/><G9/><T129/><D31/><U25/><E69/><V34/><F34/><W91/><G91/><T63/><D89/><U76/><E123/><V127/><F127/><W39/><G39/><T40/><D124/><U87/><E121/><V73/><F77/><W20/><G20/><T4/><D88/><U80/><E74/><V27/><F27/><W26/><G26/><T23/><D40/><AGARI ba="0,1" hai="40,46,49,60,61,62,73,78,83,84,86" m="50731" machi="40" ten="30,2000,0" yaku="20,1,52,1" doraHai="47" who="2" fromWho="0" sc="272,-20,500,0,141,30,77,0" owari="252,5.0,500,60.0,171,-23.0,77,-42.0" /></mjloggm>