<mjloggm ver="2.3"><GO type="169"/><UN n0="%E9%AB%98%E7%94%BA%E3%83%B4%E3%82%A3%E3%83%B4%E3%82%A3%E3%82%AA%E2%98%86" n1="%EF%BC%88%E2%89%A7%E2%96%BD%E2%89%A6%EF%BC%89" n2="%E5%B1%B1%E7%94%B0%E8%BC%AA%E5%AD%90" n3="%E3%82%AA%E3%83%8A%E3%82%AD%E3%83%B3" dan="16,16,16,16" rate="2019,2087,2004,2113" sx="M,M,F,F"/><TAIKYOKU oya="0"/><INIT seed="0,0,0,1,0,6" ten="250,250,250,250" oya="0" hai0="10,12,86,42,93,47,0,94,81,43,66,92,7" hai1="114,96,61,33,44,72,37,78,106,11,49,19,50" hai2="117,56,53,85,9,125,58,124,45,55,113,99,2" hai3="100,122,127,41,38,107,31,129,29,30,18,76,116"/><T112/><D112/><U3/><E114/><V16/><F117/><W63/><G116/><T77/><D66/><U62/><E33/><V5/><F113/><W71/><G122/><T40/><REACH who="0" step="1"/><D0/><REACH who="0" ten="240,250,250,250" step="2"/><U57/><E3/><V119/><F119/><W111/><G129/><T24/><D24/><U27/><E27/><V51/><F99/><W64/><G127/><N who="2" m="48713" /><F85/><W54/><G64/><T121/><D121/><U87/><E87/><V26/><F55/><W115/><G54/><T34/><D34/><U35/><E35/><V13/><F26/><W28/><G115/><T17/><D17/><U83/><E96/><V109/><F109/><W4/><G18/><T74/><D74/><U101/><E19/><V8/><AGARI ba="0,1" hai="2,5,8,9,13,16,45,51,53,56,58" m="48713" machi="8" ten="30,7900,0" yaku="18,1,52,2,54,1" doraHai="6" who="2" fromWho="2" sc="240,-39,250,-20,250,89,250,-20" /><INIT seed="1,0,0,5,5,123" ten="201,230,339,230" oya="1" hai0="112,35,113,128,71,69,109,88,52,89,9,127,16" hai1="68,64,133,29,116,93,18,105,56,121,80,108,66" hai2="120,111,45,118,86,61,91,77,130,40,72,102,51" hai3="47,75,96,78,23,85,103,115,0,110,62,7,55"/><U99/><E121/><V131/><F118/><W37/><G115/><T15/><D35/><U119/><E68/><V84/><F120/><W107/><G85/><T3/><D128/><U81/><E105/><V34/><F34/><W17/><G62/><T135/><D135/><U87/><E133/><V42/><F42/><W53/><G17/><T122/><D122/><U1/><E1/><V129/><F102/><W36/><G23/><T25/><D127/><U14/><E29/><V134/><F134/><W20/><G20/><T83/><D109/><U132/><E132/><V38/><F38/><W98/><G98/><T49/><D25/><U90/><E108/><V39/><F39/><W76/><G76/><T21/><D3/><U97/><E97/><V13/><F13/><W65/><G65/><T30/><D30/><U92/><E116/><V114/><F114/><N who="0" m="44138" /><D89/><N who="1" m="55727" /><E119/><V58/><F111/><W124/><G110/><T57/><D9/><N who="1" m="6479" /><E56/><V8/><F8/><W5/><G124/><T11/><D11/><U59/><E59/><V27/><F27/><W41/><G36/><T73/><D73/><U70/><E70/><V74/><F74/><W33/><G33/><T10/><D10/><U48/><E48/><V117/><F117/><W100/><G0/><T67/><D67/><AGARI ba="0,0" hai="64,66,67,80,81,87,90,92" m="6479,55727" machi="67" ten="30,1500,0" yaku="8,1" doraHai="123" who="1" fromWho="0" sc="201,-15,230,15,339,0,230,0" /><INIT seed="1,1,0,2,5,50" ten="186,245,339,230" oya="1" hai0="54,20,97,15,2,84,120,52,111,126,79,8,4" hai1="95,112,12,33,68,94,34,103,28,110,72,48,99" hai2="16,51,121,14,58,38,116,66,18,65,118,89,35" hai3="81,39,96,43,56,47,73,105,134,88,44,1,10"/><U83/><E112/><V6/><F38/><W3/><G134/><T69/><D111/><U11/><E68/><V124/><F35/><W30/><G30/><T114/><D114/><U13/><E110/><V98/><F121/><W22/><G22/><T119/><D119/><U37/><E37/><V31/><F31/><W25/><G25/><T29/><D120/><U122/><E122/><V82/><F6/><W77/><G47/><T27/><D126/><U117/><E117/><V129/><F124/><W41/><G41/><T107/><D69/><U23/><E72/><V59/><F129/><W100/><G56/><T108/><D108/><U80/><E34/><V45/><F18/><W109/><G109/><T91/><D79/><U7/><E33/><V76/><F116/><W74/><G74/><T71/><D71/><U5/><E95/><N who="2" m="56687" /><F118/><W93/><REACH who="3" step="1"/><G10/><REACH who="3" ten="186,245,339,220" step="2"/><T132/><D132/><U131/><E131/><V70/><F59/><W60/><G60/><T62/><D62/><U115/><E115/><V78/><F58/><W17/><G17/><T125/><D125/><U102/><E48/><V123/><F70/><W92/><G92/><T46/><D46/><U19/><E28/><V32/><F32/><W53/><G53/><T127/><D127/><U55/><E55/><N who="2" m="30191" /><F123/><W9/><G9/><T85/><D29/><U90/><REACH who="1" step="1"/><E5/><REACH who="1" ten="186,235,339,220" step="2"/><V86/><F66/><W128/><G128/><T0/><D4/><U61/><E61/><V87/><F65/><W101/><G101/><AGARI ba="1,2" hai="7,11,12,13,19,23,80,83,90,94,99,101,102,103" machi="101" ten="40,3900,0" yaku="1,1,8,1,53,0" doraHai="50" doraHaiUra="104" who="1" fromWho="3" sc="186,0,235,62,339,0,220,-42" /><INIT seed="1,2,0,4,0,134" ten="186,297,339,178" oya="1" hai0="65,27,67,69,118,8,16,124,127,94,96,102,103" hai1="1,110,100,31,112,121,108,29,73,98,135,44,76" hai2="66,99,48,130,63,105,26,49,53,47,59,25,36" hai3="97,82,128,117,7,83,39,95,68,40,37,57,45"/><U79/><E1/><V51/><F105/><W64/><G117/><T46/><D118/><U113/><E121/><V87/><F130/><W50/><G128/><T52/><D102/><U101/><E44/><V24/><F99/><W20/><G7/><T13/><D69/><U92/><E135/><V125/><F36/><W77/><G20/><N who="0" m="13703" /><D124/><U123/><E123/><V3/><F3/><W55/><G77/><N who="1" m="29770" /><E73/><V32/><F32/><W72/><G72/><T93/><D93/><N who="1" m="58447" /><E31/><V91/><F125/><W56/><G39/><T42/><D42/><U70/><E29/><V119/><REACH who="2" step="1"/><F119/><REACH who="2" ten="186,297,329,178" step="2"/><W38/><G38/><T78/><D127/><U34/><E34/><V61/><F61/><W62/><REACH who="3" step="1"/><G56/><REACH who="3" ten="186,297,329,168" step="2"/><T88/><D78/><U122/><E122/><V104/><F104/><W0/><G0/><T2/><D2/><U15/><E70/><V9/><F9/><W75/><G75/><T120/><D120/><U12/><E15/><V5/><F5/><W6/><G6/><N who="0" m="3223" /><D103/><AGARI ba="2,2" hai="37,40,45,50,55,57,62,64,68,82,83,95,97,103" machi="103" ten="30,7700,0" yaku="1,1,7,1,24,2,53,0" doraHai="134" doraHaiUra="131" who="3" fromWho="0" sc="186,-83,297,0,329,0,168,103" /><INIT seed="2,0,0,4,3,54" ten="103,297,329,271" oya="2" hai0="60,132,20,48,89,76,135,133,29,104,15,45,78" hai1="115,130,118,52,97,63,103,82,110,99,7,95,68" hai2="96,121,123,122,40,59,94,106,4,10,32,83,70" hai3="14,134,98,116,93,37,1,16,6,75,55,88,79"/><V117/><F117/><W51/><G116/><T50/><D104/><U12/><E118/><V111/><F70/><W31/><G37/><T5/><D89/><U49/><E115/><V41/><F32/><W46/><G134/><T36/><D36/><U57/><E130/><V125/><F106/><W77/><G31/><T91/><D91/><U124/><E124/><V23/><F23/><N who="3" m="11671" /><G75/><T18/><D29/><U107/><E110/><V73/><F111/><W43/><G1/><T28/><D28/><U65/><E82/><V3/><F125/><W26/><G26/><T47/><D60/><U81/><E81/><V9/><F9/><W34/><G34/><T61/><D61/><U56/><E12/><V127/><F83/><W8/><G43/><T64/><D64/><U85/><E85/><V112/><F73/><W19/><G6/><T108/><D108/><U22/><E22/><V42/><F112/><W100/><G100/><T71/><D5/><U101/><REACH who="1" step="1"/><E68/><REACH who="1" ten="103,287,329,271" step="2"/><V119/><F127/><W92/><G92/><T44/><REACH who="0" step="1"/><D71/><REACH who="0" ten="93,287,329,271" step="2"/><U80/><E80/><V131/><F119/><W62/><G79/><AGARI ba="0,2" hai="15,18,20,44,45,47,48,50,76,78,79,132,133,135" machi="79" ten="50,6400,0" yaku="1,1,2,1,20,1,53,0" doraHai="54" doraHaiUra="90" who="0" fromWho="3" sc="93,84,287,0,329,0,271,-64" /><INIT seed="3,0,0,0,5,6" ten="177,287,329,207" oya="3" hai0="14,23,46,85,124,84,76,110,27,20,24,21,68" hai1="77,74,30,64,118,105,115,87,43,62,131,54,81" hai2="8,112,60,123,53,0,26,18,57,130,128,132,28" hai3="109,96,50,100,52,127,56,113,13,126,75,44,1"/><W36/><G113/><T134/><D68/><U4/><E115/><V122/><F112/><W37/><G75/><T10/><D110/><U121/><E121/><N who="2" m="46091" /><F132/><W129/><G1/><T63/><D134/><U34/><E118/><V42/><F42/><N who="3" m="24855" /><G129/><T79/><D124/><N who="3" m="47657" /><G109/><T72/><D72/><U88/><E131/><V116/><F116/><W11/><G96/><T106/><D106/><U99/><E105/><V98/><F98/><W32/><G32/><T61/><D46/><U120/><E34/><N who="2" m="20759" /><F0/><W51/><G100/><T108/><D108/><U90/><E74/><V39/><F39/><W95/><G95/><T107/><D107/><U25/><E87/><N who="0" m="33353" /><D27/><U2/><E25/><V15/><AGARI ba="0,0" hai="8,15,18,53,57,60,128,130" m="20759,46091" machi="15" ten="30,2000,0" yaku="13,1,52,1" doraHai="6" who="2" fromWho="2" sc="177,-5,287,-5,329,20,207,-10" /><INIT seed="4,0,0,1,3,74" ten="172,282,349,197" oya="0" hai0="27,68,119,94,132,23,32,84,26,89,13,8,125" hai1="62,43,49,78,118,9,87,63,7,51,38,107,0" hai2="104,69,116,47,55,117,37,126,103,108,123,131,90" hai3="66,2,95,5,96,56,111,73,14,20,83,45,54"/><T39/><D119/><U101/><E118/><V29/><F90/><W52/><G111/><T50/><D39/><U71/><E107/><V25/><F25/><W40/><G66/><T48/><D68/><U57/><E101/><V72/><F29/><W6/><G2/><T58/><D132/><U82/><E71/><V88/><F88/><W17/><G40/><T102/><D125/><U93/><E93/><V4/><F4/><W109/><G109/><T120/><D120/><U18/><E18/><V70/><F55/><W91/><G45/><T22/><D32/><U86/><E86/><V28/><F28/><W15/><G15/><T53/><D102/><U113/><E113/><V129/><F103/><W121/><G121/><T34/><D34/><U44/><REACH who="1" step="1"/><E63/><REACH who="1" ten="172,272,349,197" step="2"/><V30/><F104/><W24/><G24/><N who="0" m="9259" /><D50/><U77/><E77/><V76/><F123/><W124/><G124/><T133/><D133/><U130/><E130/><V60/><F76/><W75/><G75/><T36/><D36/><U16/><E16/><AGARI ba="0,1" hai="8,13,16,22,23,48,53,58,84,89,94" m="9259" machi="16" ten="30,2900,0" yaku="8,1,54,1" doraHai="74" who="0" fromWho="1" sc="172,39,272,-29,349,0,197,0" /><INIT seed="4,1,0,3,3,117" ten="211,243,349,197" oya="0" hai0="101,84,23,20,69,80,19,70,108,22,21,29,88" hai1="16,65,102,103,109,107,135,24,25,92,35,128,44" hai2="116,120,132,8,131,110,66,7,127,12,31,57,94" hai3="122,130,73,118,72,76,67,14,45,78,53,89,71"/><T126/><D126/><U74/><E109/><V104/><F104/><W32/><G118/><T75/><D29/><U30/><E107/><V13/><F110/><W105/><G105/><T55/><D108/><U39/><E74/><V47/><F131/><W48/><G130/><T96/><D75/><U124/><E128/><V5/><F127/><W98/><G32/><T63/><D55/><U99/><E124/><V38/><F31/><W115/><G115/><T95/><REACH who="0" step="1"/><D63/><REACH who="0" ten="201,243,349,197" step="2"/><U93/><E30/><V51/><F116/><W9/><G72/><T46/><D46/><U10/><E44/><V79/><F47/><W11/><G73/><T119/><D119/><U113/><E113/><V121/><F66/><W4/><G67/><T6/><D6/><U15/><E65/><V41/><F5/><W123/><G71/><T58/><D58/><U112/><E112/><V134/><F57/><W1/><G1/><T87/><D87/><U3/><E3/><V100/><F7/><W106/><G4/><T86/><D86/><U27/><E35/><V133/><F133/><W82/><G53/><T90/><D90/><U37/><REACH who="1" step="1"/><E135/><REACH who="1" ten="201,233,349,197" step="2"/><V111/><F134/><W42/><G45/><T91/><D91/><U54/><E54/><V81/><F132/><W18/><G89/><T26/><AGARI ba="1,2" hai="19,20,21,22,23,26,69,70,80,84,88,95,96,101" machi="26" ten="30,6000,0" yaku="1,1,0,1,54,1,53,0" doraHai="117" doraHaiUra="2" who="0" fromWho="0" sc="201,83,233,-21,349,-21,197,-21" /><INIT seed="4,2,0,1,4,107" ten="284,212,328,176" oya="0" hai0="44,103,73,24,78,96,101,55,5,104,59,13,114" hai1="116,121,7,94,110,72,86,41,77,85,97,95,1" hai2="17,32,51,22,105,15,20,23,58,43,130,112,21" hai3="128,88,54,111,63,48,133,0,64,70,45,124,132"/><T91/><D114/><U135/><E1/><V113/><F32/><W53/><G0/><T61/><D103/><N who="1" m="60855" /><E7/><V123/><F105/><W118/><G88/><T79/><D73/><U4/><E4/><V65/><F123/><W66/><G118/><T31/><D91/><N who="1" m="53751" /><E41/><V93/><F93/><W90/><G90/><T39/><D5/><U57/><E57/><V38/><F38/><W25/><G25/><T82/><D13/><U125/><E121/><V68/><F68/><W92/><G92/><T52/><D82/><N who="1" m="45351" /><E116/><V122/><F122/><W28/><G28/><T50/><D39/><U10/><E10/><V14/><F65/><W12/><G12/><T83/><REACH who="0" step="1"/><D83/><REACH who="0" ten="274,212,328,176" step="2"/><U3/><E3/><V119/><F119/><W117/><G117/><T33/><AGARI ba="2,1" hai="24,31,33,44,50,52,55,59,61,78,79,96,101,104" machi="33" ten="20,12000,1" yaku="1,1,2,1,0,1,7,1,54,1,53,0" doraHai="107" doraHaiUra="84" who="0" fromWho="0" sc="274,136,212,-42,328,-42,176,-42" /><INIT seed="4,3,0,5,3,79" ten="410,170,286,134" oya="0" hai0="53,112,115,132,124,81,70,129,92,80,33,123,0" hai1="68,52,6,59,133,54,75,32,60,12,57,103,49" hai2="102,27,105,66,3,97,8,101,88,67,44,56,76" hai3="127,36,13,116,10,63,19,29,4,58,45,48,25"/><T43/><D123/><U15/><E133/><V62/><F101/><W113/><G116/><T109/><D33/><U71/><E32/><V28/><F76/><W20/><G36/><T119/><D0/><U34/><E34/><V128/><F128/><W73/><G113/><T83/><D70/><U55/><E75/><V86/><F66/><W74/><G127/><T64/><D129/><U30/><E30/><V69/><F56/><W41/><REACH who="3" step="1"/><G29/><REACH who="3" ten="410,170,286,124" step="2"/><T122/><D124/><U26/><E60/><V108/><F108/><W84/><G84/><T96/><D109/><U7/><E49/><V61/><F61/><W94/><G94/><T47/><D92/><U98/><E98/><V134/><F134/><W35/><G35/><T107/><D96/><U24/><REACH who="1" step="1"/><E54/><AGARI ba="3,1" hai="4,10,13,19,20,25,41,45,48,54,58,63,73,74" machi="54" ten="30,3900,0" yaku="1,1,7,1,53,1" doraHai="79" doraHaiUra="17" who="3" fromWho="1" sc="410,0,170,-48,286,0,124,58" /><INIT seed="5,0,0,5,1,75" ten="410,122,286,182" oya="1" hai0="6,125,29,66,54,40,89,118,117,55,85,74,98" hai1="48,61,91,5,100,12,123,62,33,46,114,131,88" hai2="0,82,27,59,41,3,104,42,78,8,129,133,20" hai3="7,109,113,111,97,106,18,130,79,77,127,99,45"/><U13/><E123/><V4/><F104/><W23/><G7/><T83/><D125/><U19/><E33/><V105/><F105/><W110/><G127/><T50/><D66/><U56/><E131/><V135/><F3/><W49/><G130/><T122/><D29/><U112/><E100/><V35/><F35/><W22/><G113/><N who="1" m="43626" /><E5/><V34/><F59/><W119/><G119/><T47/><D122/><U25/><E25/><V132/><F34/><W9/><G9/><T92/><D74/><U44/><E48/><V39/><F39/><W108/><G108/><T94/><D6/><U53/><E61/><V11/><F11/><W96/><G106/><T81/><D118/><U68/><E68/><V63/><F63/><W10/><G10/><T28/><D28/><U43/><E13/><V76/><F129/><W36/><G36/><T116/><D116/><U126/><E126/><V134/><N who="2" m="33792" /><DORA hai="60" /><V64/><F64/><W2/><G2/><T95/><D117/><U120/><E120/><V17/><F78/><W103/><G103/><N who="0" m="60871" /><D94/><U15/><E15/><V80/><F80/><AGARI ba="0,0" hai="40,47,50,54,55,80,81,83,85,89,95" m="60871" machi="80" ten="30,1000,0" yaku="8,1" doraHai="75,60" who="0" fromWho="2" sc="410,10,122,0,286,-10,182,0" /><INIT seed="6,0,0,0,4,120" ten="420,122,276,182" oya="2" hai0="34,105,91,98,131,35,64,125,72,9,59,39,40" hai1="121,109,90,2,29,54,116,1,118,30,93,21,42" hai2="101,80,19,134,104,76,58,62,37,103,45,18,23" hai3="70,99,108,78,123,10,7,12,81,122,53,56,27"/><V8/><F8/><W84/><G70/><T107/><D72/><U130/><E121/><V25/><F134/><W94/><G108/><T129/><D9/><U126/><E126/><V68/><F68/><W74/><G74/><T38/><D125/><U89/><E130/><N who="0" m="49673" /><D64/><U33/><E33/><N who="0" m="12297" /><D59/><U52/><E42/><V87/><F19/><W55/><G27/><T85/><D40/><U115/><E93/><V47/><F37/><N who="0" m="13834" /><D98/><U57/><E57/><V77/><F77/><W112/><G56/><T132/><D132/><U97/><E97/><V15/><F15/><W3/><G99/><T86/><D86/><U92/><E92/><AGARI ba="0,0" hai="85,91,92,105,107" m="13834,12297,49673" machi="92" ten="40,1300,0" yaku="19,1" doraHai="120" who="0" fromWho="1" sc="420,13,122,-13,276,0,182,0" /><INIT seed="7,0,0,0,5,88" ten="433,109,276,182" oya="3" hai0="56,21,87,70,78,7,79,84,57,71,9,73,52" hai1="132,50,16,47,44,95,125,118,126,38,61,114,107" hai2="27,66,33,29,62,42,32,116,63,98,133,55,77" hai3="46,115,117,75,124,120,119,37,1,17,65,28,86"/><W108/><G75/><T59/><D73/><U122/><E107/><V81/><F33/><W35/><G1/><T68/><D21/><U26/><E122/><V51/><F42/><W64/><G108/><T111/><D52/><N who="1" m="29767" /><E118/><V112/><F112/><W80/><G115/><T8/><D111/><U49/><E114/><V13/><F13/><W22/><G120/><T83/><D7/><U18/><E132/><V91/><F66/><W30/><G35/><T100/><D100/><U89/><E38/><V40/><F40/><W67/><G117/><T60/><D60/><U96/><E61/><V5/><F116/><W113/><G119/><T134/><D134/><U43/><E26/><V24/><F24/><W54/><G113/><T15/><D15/><U58/><E58/><V0/><F0/><W128/><G37/><T25/><D25/><U106/><E106/><V69/><F69/><W48/><G124/><AGARI ba="0,0" hai="16,18,43,47,49,89,95,96,124,125,126" m="29767" machi="124" ten="30,7700,0" yaku="18,1,52,1,54,2" doraHai="88" who="1" fromWho="3" sc="433,0,109,77,276,0,182,-77" owari="433,52.0,186,-21.0,276,8.0,105,-39.0" /></mjloggm>