<mjloggm ver="2.3"><GO type="169" lobby="0"/><UN n0="%E6%AD%A6%E5%A3%AB%E6%B2%A2%E7%A7%80%E8%A1%8C" n1="%E3%81%AF%E3%81%9B%E3%81%99%E3%81%91%EF%BC%8E" n2="%E3%81%91%E3%82%93%31%39%37%30" n3="%EF%BC%88%E2%89%A7%E2%96%BD%E2%89%A6%EF%BC%89" dan="16,17,16,17" rate="2123.41,2106.17,2167.92,2149.84" sx="M,M,M,M"/><TAIKYOKU oya="0"/><INIT seed="0,0,0,4,1,36" ten="250,250,250,250" oya="0" hai0="100,134,123,54,0,59,87,15,85,3,55,22,12" hai1="129,33,30,61,41,128,64,84,56,110,53,42,24" hai2="9,67,16,35,78,23,4,10,65,131,115,5,90" hai3="88,114,14,95,108,11,75,6,117,38,112,111,105"/><T99/><D123/><U98/><E110/><N who="3" m="42026" /><G117/><T135/><D59/><U116/><E116/><V103/><F78/><W118/><G118/><T125/><D22/><U107/><E84/><V77/><F77/><W44/><G105/><T7/><D100/><U40/><REACH who="1" step="1"/><E64/><REACH who="1" ten="250,240,250,250" step="2"/><V48/><F67/><W25/><G75/><T34/><D99/><U93/><E93/><V72/><F65/><W26/><G114/><T13/><D7/><U122/><E122/><V63/><F72/><W18/><G112/><T82/><D82/><U49/><E49/><V51/><F48/><W58/><G95/><T76/><D76/><U50/><E50/><V121/><F51/><W106/><G106/><T113/><D113/><U70/><E70/><V74/><F74/><W47/><G38/><T28/><D87/><U32/><E32/><V119/><F35/><W79/><G79/><T132/><D85/><U27/><E27/><V91/><F115/><W127/><G26/><N who="0" m="18711" /><D125/><U20/><E20/><V2/><F23/><W133/><G127/><T124/><D124/><U71/><E71/><V130/><F121/><W83/><G25/><T120/><D120/><U92/><E92/><V19/><F119/><W57/><G83/><T46/><D46/><U101/><AGARI ba="0,1" hai="24,30,33,40,41,42,53,56,61,98,101,107,128,129" machi="101" ten="30,12000,2" yaku="1,1,0,1,52,3,53,1" doraHai="36" doraHaiUra="102" who="1" fromWho="1" sc="250,-60,240,130,250,-30,250,-30" /><INIT seed="1,0,0,0,1,69" ten="190,370,220,220" oya="1" hai0="16,31,57,28,65,5,12,118,20,35,55,128,6" hai1="76,4,121,105,30,125,47,90,14,38,32,92,127" hai2="102,22,100,108,33,135,46,126,58,36,83,116,81" hai3="85,84,80,19,120,27,113,25,56,87,3,109,101"/><U13/><E121/><V29/><F33/><W43/><G120/><T64/><D118/><U63/><E105/><V95/><F116/><W62/><G113/><T107/><D107/><U106/><E106/><V97/><F102/><W88/><G109/><T72/><D72/><U23/><E32/><V60/><F108/><W82/><G3/><T9/><D128/><U11/><E76/><V68/><F68/><W48/><G101/><T1/><D6/><U49/><E63/><V124/><F135/><W17/><G48/><T71/><D71/><U119/><E119/><V134/><F134/><W66/><G43/><T98/><D98/><U93/><E38/><V130/><F130/><W37/><G37/><T129/><D129/><U77/><E77/><V18/><F126/><N who="1" m="48137" /><E90/><V132/><F132/><W96/><G96/><T67/><REACH who="0" step="1"/><D35/><REACH who="0" ten="180,370,220,220" step="2"/><U41/><E14/><V59/><F124/><W40/><G84/><T111/><D111/><U74/><E74/><V53/><F97/><W94/><G85/><T50/><AGARI ba="0,1" hai="1,5,9,12,16,20,28,31,50,55,57,64,65,67" machi="50" ten="30,7900,0" yaku="1,1,0,1,54,1,53,1" doraHai="69" doraHaiUra="10" who="0" fromWho="0" sc="180,89,370,-39,220,-20,220,-20" /><INIT seed="2,0,0,1,0,119" ten="269,331,200,200" oya="2" hai0="69,28,62,133,109,125,18,70,97,65,104,25,134" hai1="19,95,111,94,85,107,36,29,87,57,68,112,67" hai2="50,17,72,11,66,60,78,0,24,64,34,121,22" hai3="80,47,83,76,100,6,110,42,23,89,20,77,39"/><V13/><F72/><W131/><G110/><T103/><D109/><U81/><E112/><V9/><F78/><W14/><G131/><T54/><D125/><U44/><E111/><V105/><F105/><W37/><G100/><T108/><D108/><U74/><E107/><V32/><F50/><W132/><G132/><N who="0" m="50795" /><D54/><U8/><E29/><V53/><F53/><W123/><G39/><T115/><D115/><U26/><E68/><V15/><F66/><W71/><G71/><N who="0" m="42423" /><D18/><U10/><E74/><V27/><F60/><W58/><G58/><T56/><D56/><U93/><E57/><V43/><F43/><W73/><G89/><T92/><D92/><U122/><E67/><V3/><F64/><W135/><G135/><T120/><D120/><U35/><E122/><V86/><F86/><W41/><G123/><T82/><D82/><U98/><E95/><V7/><F121/><W96/><G41/><T31/><D31/><U114/><E114/><V127/><F127/><W63/><G63/><T52/><D52/><U51/><E94/><V88/><F88/><W12/><G96/><T16/><D16/><U61/><E19/><N who="2" m="8639" /><F27/><W128/><G128/><T113/><D113/><U124/><E124/><V101/><F101/><W21/><REACH who="3" step="1"/><G6/><REACH who="3" ten="269,331,200,190" step="2"/><T106/><D106/><U90/><E36/><V116/><F116/><W91/><G91/><T117/><D117/><U5/><E61/><V79/><F79/><W2/><G2/><AGARI ba="0,1" hai="0,2,3,7,9,15,17,22,24,32,34" m="8639" machi="2" ten="30,12000,1" yaku="35,5" doraHai="119" who="2" fromWho="3" sc="269,0,331,0,200,130,190,-120" /><INIT seed="2,1,0,1,0,22" ten="269,331,330,70" oya="2" hai0="125,52,132,45,64,16,48,36,5,29,39,9,134" hai1="83,18,100,130,78,21,75,135,112,65,13,122,133" hai2="55,46,118,129,47,14,43,70,77,84,51,3,82" hai3="67,19,120,87,71,4,128,57,33,72,54,80,38"/><V7/><F118/><W95/><G120/><T26/><D125/><U109/><E122/><V92/><F129/><W10/><G38/><T31/><D64/><U24/><E130/><V99/><F70/><W104/><G104/><T1/><D39/><U63/><E109/><V124/><F124/><W81/><G128/><T15/><D36/><U103/><E112/><V58/><F3/><W8/><G33/><N who="0" m="20663" /><D31/><U42/><E42/><V79/><F79/><W11/><G4/><T123/><D123/><U56/><REACH who="1" step="1"/><E13/><REACH who="1" ten="269,321,330,70" step="2"/><V49/><F14/><W27/><G72/><T44/><D44/><U37/><E37/><V61/><F7/><W6/><G6/><T113/><D113/><U114/><E114/><V97/><REACH who="2" step="1"/><F92/><REACH who="2" ten="269,321,320,70" step="2"/><W73/><G95/><T96/><D96/><U117/><E117/><V88/><F88/><W60/><G73/><T121/><D121/><U111/><E111/><V20/><F20/><AGARI ba="1,2" hai="1,5,9,15,16,20,45,48,52,132,134" m="20663" machi="20" ten="30,7700,0" yaku="24,1,52,1,54,2" doraHai="22" who="0" fromWho="2" sc="269,100,321,0,320,-80,70,0" /><INIT seed="3,0,0,2,0,115" ten="369,321,240,70" oya="3" hai0="69,76,43,12,123,83,7,78,125,2,47,103,29" hai1="84,129,49,11,61,28,59,104,73,21,116,52,77" hai2="94,10,9,87,128,65,3,57,106,90,46,127,99" hai3="109,33,67,30,120,112,111,135,98,75,42,19,22"/><W15/><G75/><T62/><D123/><U126/><E104/><V45/><F127/><W92/><G120/><T25/><D125/><U24/><E126/><V119/><F128/><W93/><G112/><T100/><D2/><U107/><E129/><V97/><F3/><W16/><G135/><T101/><D69/><U48/><E107/><V32/><F32/><W34/><G42/><T66/><D66/><U26/><E73/><V113/><F113/><W79/><G79/><T18/><D62/><U20/><E116/><V89/><F119/><W110/><G67/><T72/><D78/><U82/><REACH who="1" step="1"/><E11/><REACH who="1" ten="369,311,240,70" step="2"/><V114/><F114/><W31/><G19/><AGARI ba="0,1" hai="19,20,21,24,26,28,48,49,52,59,61,77,82,84" machi="19" ten="30,8000,1" yaku="1,1,2,1,7,1,8,1,54,1,53,0" doraHai="115" doraHaiUra="95" who="1" fromWho="3" sc="369,0,311,90,240,0,70,-80" owari="369,17.0,401,50.0,240,-16.0,-10,-51.0" /></mjloggm>