<mjloggm ver="2.3"><GO type="41"/><UN n0="%E3%82%AC%E3%82%B7%E3%82%BB%E3%82%B7%E3%82%B4" n1="%EF%BC%88%E2%89%A7%E2%96%BD%E2%89%A6%EF%BC%89" n2="%E3%81%B0%E3%81%A8%E3%82%8C" n3="%4E%65%6C%6C" dan="13,15,13,13" rate="1858,1999,1846,1924" sx="M,F,M,F"/><TAIKYOKU oya="0"/><INIT seed="0,0,0,1,5,16" ten="250,250,250,250" oya="0" hai0="73,18,96,5,124,114,99,130,28,19,85,105,107" hai1="94,32,53,1,17,50,70,110,56,13,134,89,81" hai2="41,14,62,128,69,55,60,0,2,4,104,22,26" hai3="131,126,8,49,95,46,87,21,57,127,20,72,44"/><T45/><D114/><U29/><E1/><V116/><F104/><W90/><G72/><T10/><D73/><U97/><E70/><V15/><F116/><W92/><G8/><T58/><D124/><N who="3" m="47657" /><G131/><T65/><D130/><U101/><E110/><V67/><F41/><N who="3" m="24719" /><G46/><T98/><D107/><U33/><E134/><V37/><F37/><W115/><G115/><T79/><D105/><U93/><E81/><V61/><F128/><W43/><G43/><T63/><D28/><U9/><REACH who="1" step="1"/><E29/><REACH who="1" ten="250,240,250,250" step="2"/><V100/><F0/><W68/><G68/><T102/><D102/><U123/><E123/><V121/><F100/><W129/><G129/><T52/><D79/><U40/><E40/><V83/><F121/><W119/><G119/><T125/><D125/><U35/><E35/><V54/><F2/><W39/><G39/><T6/><D85/><AGARI ba="0,1" hai="9,13,17,32,33,50,53,56,85,89,93,94,97,101" machi="85" ten="30,2000,0" yaku="1,1,7,1,53,0" doraHai="16" doraHaiUra="76" who="1" fromWho="0" sc="250,-20,240,30,250,0,250,0" /><INIT seed="1,0,0,0,1,40" ten="230,270,250,250" oya="1" hai0="33,113,114,83,105,74,47,55,21,38,69,88,70" hai1="50,91,7,92,29,100,102,26,109,53,41,30,90" hai2="127,13,44,51,84,130,46,67,118,49,135,52,107" hai3="65,42,61,9,20,37,131,122,24,27,72,120,19"/><U45/><E109/><V54/><F118/><W117/><G120/><T96/><D38/><U11/><E41/><V66/><F107/><W17/><G72/><T134/><D33/><U126/><E126/><V36/><F127/><W71/><G131/><T5/><D134/><U48/><E48/><V57/><F130/><W16/><G117/><T68/><D5/><U81/><E81/><V59/><F135/><W133/><G122/><T56/><D74/><U93/><E93/><V6/><F36/><W124/><G133/><T99/><D105/><U125/><E125/><V98/><F98/><W1/><G124/><T8/><D21/><U85/><E91/><V106/><F106/><W103/><G103/><T25/><D8/><U111/><E111/><V116/><F116/><W32/><G32/><T22/><D56/><N who="2" m="21578" /><F84/><W132/><G132/><T62/><D62/><U12/><REACH who="1" step="1"/><E30/><REACH who="1" ten="230,260,250,250" step="2"/><V89/><F89/><W97/><G37/><T112/><D83/><U39/><E39/><V63/><F6/><W15/><G42/><T35/><D35/><AGARI ba="0,1" hai="7,11,12,26,29,35,45,50,53,85,90,92,100,102" machi="35" ten="30,11600,0" yaku="1,1,7,1,52,1,53,1" doraHai="40" doraHaiUra="80" who="1" fromWho="0" sc="230,-116,260,126,250,0,250,0" /><INIT seed="1,1,0,1,0,89" ten="114,386,250,250" oya="1" hai0="19,43,85,23,71,105,98,128,113,26,87,12,124" hai1="132,79,8,93,33,30,118,125,61,86,57,25,102" hai2="115,16,41,46,20,94,59,107,100,117,99,129,82" hai3="91,65,75,45,70,36,67,96,135,69,51,18,24"/><U7/><E118/><V3/><F117/><W109/><G135/><T6/><D113/><U104/><E132/><V108/><F3/><W126/><G109/><T92/><D71/><U119/><E119/><V133/><F133/><W49/><G126/><T78/><D105/><U81/><E125/><V28/><F108/><W123/><G75/><T121/><D124/><U42/><E104/><V14/><F115/><W21/><G123/><T101/><D128/><U76/><E42/><V95/><F82/><W11/><G36/><T2/><D43/><U63/><E79/><V5/><F129/><W31/><G70/><T90/><D121/><U39/><E39/><V127/><F5/><W54/><G69/><T83/><D2/><U48/><E48/><V40/><F127/><W47/><G91/><T130/><D130/><U32/><E32/><V122/><F122/><W84/><G84/><T9/><REACH who="0" step="1"/><D101/><REACH who="0" ten="104,386,250,250" step="2"/><U55/><E102/><V27/><F41/><W22/><G11/><T72/><AGARI ba="1,1" hai="6,9,12,19,23,26,72,78,83,85,87,90,92,98" machi="72" ten="20,8000,1" yaku="1,1,2,1,0,1,7,1,52,1,53,0" doraHai="89" doraHaiUra="44" who="0" fromWho="0" sc="104,93,386,-41,250,-21,250,-21" /><INIT seed="2,0,0,1,5,99" ten="197,345,229,229" oya="2" hai0="10,15,69,135,34,128,48,7,70,101,115,75,13" hai1="22,26,65,125,121,47,3,124,19,109,38,1,88" hai2="102,33,25,95,8,6,61,93,116,17,132,49,66" hai3="54,52,2,110,55,105,127,4,57,44,67,46,31"/><V103/><F116/><W134/><G110/><T24/><D75/><U50/><E109/><V58/><F132/><W122/><G127/><N who="1" m="48714" /><E121/><V82/><F33/><W92/><G122/><T21/><D115/><U60/><E38/><V42/><F82/><W79/><G134/><T86/><D128/><U37/><E37/><V133/><F133/><W68/><G105/><T96/><D34/><U63/><E88/><V0/><F42/><W40/><G31/><T27/><D86/><U111/><E111/><V29/><F17/><W36/><G79/><T113/><D113/><U35/><E35/><V112/><F112/><W16/><G4/><T118/><D118/><U74/><E74/><V81/><F49/><W126/><G126/><T5/><D27/><U107/><E107/><V108/><F108/><W53/><G2/><N who="1" m="522" /><E65/><V20/><REACH who="2" step="1"/><F81/><REACH who="2" ten="197,345,219,229" step="2"/><W73/><G73/><T90/><D135/><U28/><E19/><V64/><F64/><W59/><G16/><T131/><D131/><U80/><E80/><V91/><F91/><W97/><G68/><T45/><D90/><U83/><E83/><V89/><F89/><W77/><G67/><T130/><D69/><U84/><E84/><V76/><F76/><W104/><G77/><T41/><D70/><U117/><E117/><V51/><F51/><W23/><G40/><AGARI ba="0,1" hai="22,26,28,40,47,50,60,63" m="522,48714" machi="40" ten="30,1000,0" yaku="18,1" doraHai="99" who="1" fromWho="3" sc="197,0,345,20,219,0,229,-10" /><INIT seed="3,0,0,3,3,82" ten="197,365,219,219" oya="3" hai0="74,110,119,108,3,52,75,128,55,132,62,21,34" hai1="112,37,50,27,85,72,67,106,71,91,123,9,133" hai2="40,113,93,118,81,8,59,23,33,12,124,94,70" hai3="83,111,19,7,100,18,6,14,130,30,17,4,117"/><W26/><G117/><T87/><D119/><U131/><E123/><V115/><F118/><W16/><G83/><T114/><D34/><U102/><E112/><V65/><F33/><N who="3" m="20695" /><G100/><T44/><D3/><U120/><E120/><V31/><F70/><W73/><G73/><T104/><D104/><U2/><E72/><V126/><F40/><W105/><G105/><T56/><D114/><N who="2" m="43530" /><F65/><W29/><G130/><T1/><D1/><U0/><E37/><V61/><F31/><W101/><G101/><T95/><D128/><U35/><E131/><V39/><F23/><W58/><G58/><T22/><D132/><U42/><E133/><V66/><F39/><W20/><G111/><N who="0" m="42539" /><D75/><U79/><E35/><V96/><F96/><W90/><G90/><N who="0" m="53727" /><D74/><U68/><E71/><V116/><F116/><W103/><G103/><T25/><D25/><U99/><E68/><V129/><F129/><W24/><G29/><T84/><D84/><U53/><E85/><V109/><F109/><W88/><G88/><T11/><D11/><AGARI ba="0,0" hai="4,6,7,11,14,16,17,18,19,20,24" m="20695" machi="11" ten="30,18000,2" yaku="35,5,54,1" doraHai="82" who="3" fromWho="0" sc="197,-180,365,0,219,0,219,180" /><INIT seed="3,1,0,4,1,135" ten="17,365,219,399" oya="3" hai0="89,27,97,114,93,26,94,24,9,101,105,68,80" hai1="14,35,118,134,46,73,25,107,47,127,29,36,116" hai2="72,122,50,123,69,92,124,38,76,95,67,115,8" hai3="57,98,17,133,85,39,100,90,54,63,71,117,87"/><W15/><G117/><N who="1" m="45162" /><E134/><V1/><F38/><W120/><G133/><T61/><D114/><U19/><E73/><V31/><F115/><W11/><G120/><T130/><D130/><U44/><E107/><V131/><F31/><W111/><G71/><T106/><D80/><U58/><E58/><V125/><F50/><W77/><G39/><T16/><D68/><U110/><E110/><V33/><F33/><W64/><G111/><T82/><D61/><U20/><E36/><V79/><F8/><W102/><G77/><N who="2" m="29769" /><F1/><W83/><G87/><T49/><D49/><U3/><E3/><V128/><F67/><W32/><G32/><T104/><D82/><U59/><E59/><V88/><F69/><W74/><G74/><T121/><D121/><N who="2" m="46090" /><F72/><W43/><G43/><T52/><D52/><U23/><E35/><V5/><F5/><W65/><REACH who="3" step="1"/><G102/><REACH who="3" ten="17,365,219,389" step="2"/><T132/><D132/><U86/><E86/><N who="2" m="52247" /><F95/><AGARI ba="1,1" hai="11,15,17,54,57,63,64,65,83,85,90,95,98,100" machi="95" ten="30,5800,0" yaku="1,1,7,1,8,1,53,0" doraHai="135" doraHaiUra="22" who="3" fromWho="2" sc="17,0,365,0,219,-61,389,71" /><INIT seed="3,2,0,1,2,100" ten="17,365,158,460" oya="3" hai0="116,25,1,79,56,78,58,128,119,103,89,43,9" hai1="24,88,97,11,21,5,87,48,74,111,13,44,55" hai2="62,17,65,126,60,53,121,49,37,109,114,57,59" hai3="39,33,82,98,3,71,22,85,12,0,42,118,73"/><W67/><G118/><T2/><D128/><U70/><E74/><V130/><F114/><W8/><G33/><T63/><D103/><U10/><E70/><V38/><F17/><W86/><G73/><T96/><D96/><U64/><E111/><V4/><F4/><W81/><G71/><T18/><D43/><U46/><E64/><V110/><F130/><W32/><G32/><T123/><D89/><U77/><E10/><V125/><F121/><W127/><G127/><N who="2" m="48649" /><F49/><W26/><G39/><AGARI ba="2,0" hai="37,38,39,53,57,59,60,62,65,109,110" m="48649" machi="39" ten="30,3900,0" yaku="18,1,34,2" doraHai="100" who="2" fromWho="3" sc="17,0,365,0,158,45,460,-45" /><INIT seed="4,0,0,3,5,54" ten="17,365,203,415" oya="0" hai0="125,19,20,18,39,32,36,131,73,130,43,98,0" hai1="135,51,133,88,21,71,87,26,38,113,67,120,53" hai2="28,76,23,11,33,86,85,108,110,117,5,6,24" hai3="115,65,64,134,97,70,29,22,92,122,119,94,66"/><T57/><D73/><U128/><E38/><V107/><F107/><W2/><G119/><T118/><D0/><U12/><E120/><V83/><F117/><W3/><G115/><T9/><D32/><U102/><E102/><V90/><F6/><W68/><G122/><T124/><D118/><U79/><E79/><V112/><F33/><W31/><G134/><N who="1" m="51210" /><E128/><N who="0" m="49193" /><D43/><U44/><E12/><V106/><F106/><W35/><G66/><T42/><D42/><U37/><E37/><N who="0" m="14409" /><D98/><U84/><E113/><V132/><F112/><W91/><G97/><T82/><D82/><N who="1" m="49175" /><E87/><V89/><F76/><W45/><G91/><T109/><D9/><U8/><E8/><V99/><F99/><W7/><G35/><T93/><D93/><U41/><E41/><V95/><F132/><W80/><G7/><T50/><D109/><U114/><E114/><V96/><F96/><W111/><G111/><T47/><D47/><U129/><E129/><V1/><AGARI ba="0,0" hai="1,5,11,23,24,28,83,85,86,89,90,95,108,110" machi="1" ten="20,1500,0" yaku="0,1,7,1" doraHai="54" who="2" fromWho="2" sc="17,-7,365,-4,203,15,415,-4" /><INIT seed="5,0,0,3,2,122" ten="10,361,218,411" oya="1" hai0="106,75,4,32,88,78,50,103,3,11,86,8,25" hai1="47,10,46,13,36,38,37,39,22,58,9,131,81" hai2="61,59,101,31,132,74,28,105,14,127,7,60,30" hai3="53,87,95,82,73,121,76,79,117,104,119,77,71"/><U98/><E131/><V100/><F74/><N who="3" m="43287" /><G71/><T64/><D50/><U109/><E109/><V68/><F68/><W113/><G53/><T24/><D32/><U120/><E120/><V43/><F43/><W102/><G121/><T23/><D64/><U41/><E47/><V111/><F132/><W90/><G113/><T69/><D69/><U126/><E126/><V20/><F127/><W66/><G66/><T133/><D133/><U54/><E81/><V72/><F72/><W33/><G33/><T128/><D128/><U124/><E124/><V129/><F129/><W93/><G104/><T35/><D35/><U16/><REACH who="1" step="1"/><E98/><REACH who="1" ten="10,351,218,411" step="2"/><V80/><F111/><W99/><G73/><T2/><D75/><U27/><E27/><V15/><F80/><W34/><G34/><T18/><D78/><AGARI ba="0,1" hai="77,78,79,87,90,93,95,99,102,117,119" m="43287" machi="78" ten="30,2000,0" yaku="34,2" doraHai="122" who="3" fromWho="0" sc="10,-20,351,0,218,0,411,30" owari="-10,-51.0,351,15.0,218,-18.0,441,54.0" /></mjloggm>