<mjloggm ver="2.3"><GO type="169"/><UN n0="%E3%83%88%E3%83%9E%E3%82%BD%E3%83%B3" n1="%68%79%75%2D%69" n2="%75%6E%2D%6C%75%63%6B%79" n3="%EF%BC%88%E2%89%A7%E2%96%BD%E2%89%A6%EF%BC%89" dan="16,17,16,18" rate="2072,2145,2067,2249" sx="M,M,M,M"/><TAIKYOKU oya="0"/><INIT seed="0,0,0,3,2,42" ten="250,250,250,250" oya="0" hai0="83,24,37,57,31,133,64,89,25,112,61,0,77" hai1="87,79,71,4,95,73,135,124,67,72,26,38,114" hai2="49,129,102,120,43,116,20,50,1,45,115,92,66" hai3="131,47,15,27,107,2,60,117,110,30,109,119,125"/><T132/><D112/><U68/><E87/><V52/><F115/><W76/><G107/><T111/><D0/><U3/><E95/><V16/><F120/><W62/><G2/><T33/><D37/><U81/><E26/><V14/><F1/><W11/><G76/><T48/><D25/><U122/><E81/><V39/><F116/><W56/><G125/><T9/><D9/><U69/><E79/><V96/><F129/><W105/><G105/><T63/><D89/><U103/><E103/><V23/><F66/><N who="3" m="39175" /><G62/><T100/><D100/><U99/><E99/><V22/><F39/><W84/><G84/><T6/><D6/><U123/><E4/><V51/><F51/><W46/><G131/><T10/><D10/><U85/><E85/><V101/><F102/><W17/><G117/><T91/><D91/><U32/><E67/><V128/><F128/><W97/><G97/><T121/><D121/><U82/><E82/><V19/><F19/><W53/><G53/><T18/><D83/><U21/><E123/><V86/><F86/><W13/><G15/><T78/><D63/><U8/><E122/><V29/><F29/><W28/><G119/><T118/><D118/><U130/><E130/><V93/><F92/><W41/><G41/><T108/><D48/><U35/><E38/><V127/><F127/><W80/><G80/><T106/><D106/><U90/><E124/><V70/><F70/><W54/><G54/><T126/><D126/><U65/><E71/><V44/><AGARI ba="0,0" hai="14,16,20,22,23,43,44,45,49,50,52,93,96,101" machi="44" ten="20,12000,2" yaku="0,1,7,1,8,1,52,2,54,2" doraHai="42" who="2" fromWho="2" sc="250,-60,250,-30,250,120,250,-30" /><INIT seed="1,0,0,0,3,94" ten="190,220,370,220" oya="1" hai0="89,92,85,46,102,103,75,73,25,72,47,129,17" hai1="127,109,113,8,63,105,48,30,107,66,39,58,80" hai2="24,96,54,42,70,27,106,23,56,120,13,68,33" hai3="132,131,6,64,36,93,19,88,98,44,18,91,119"/><U52/><E113/><V74/><F74/><W9/><G132/><T4/><D4/><U61/><E127/><V69/><F42/><W101/><G131/><T110/><D17/><U115/><E115/><V99/><F106/><W50/><G36/><T100/><D25/><U82/><E39/><V108/><F120/><W62/><G119/><T122/><D122/><U60/><E66/><V86/><F108/><W121/><G121/><T76/><D110/><U134/><E134/><V71/><F86/><W87/><G6/><T90/><D47/><U123/><E123/><V118/><F118/><W125/><G125/><T1/><D46/><U37/><E37/><V38/><F38/><W67/><G91/><N who="0" m="53359" /><D1/><U117/><E117/><V20/><F33/><W11/><G11/><T12/><D12/><U10/><E30/><V28/><F13/><N who="3" m="7471" /><G62/><T135/><D135/><U16/><E109/><V40/><F40/><N who="3" m="24839" /><G19/><T65/><D65/><U3/><E10/><V51/><N who="2" m="17920" /><DORA hai="116" /><V78/><REACH who="2" step="1"/><F78/><REACH who="2" ten="190,220,360,220" step="2"/><W14/><G14/><T31/><D76/><U77/><E77/><V29/><AGARI ba="0,1" hai="20,23,24,27,28,29,51,54,56,96,99" m="17920" machi="29" ten="60,12000,2" yaku="1,1,2,1,0,1,9,1,52,2,53,0" doraHai="94,116" doraHaiUra="97,126" who="2" fromWho="2" sc="190,-30,220,-60,360,130,220,-30" /><INIT seed="2,0,0,4,0,64" ten="160,160,490,190" oya="2" hai0="98,5,108,132,7,56,101,129,6,55,49,11,40" hai1="19,120,71,18,76,82,50,104,51,29,10,91,70" hai2="93,17,63,128,42,41,116,0,37,81,90,95,111" hai3="107,54,79,47,134,21,92,27,113,131,43,20,112"/><V1/><F116/><W119/><G107/><T36/><D108/><U133/><E104/><V28/><F28/><W109/><G109/><T46/><D129/><U102/><E102/><V117/><F117/><W38/><G134/><T96/><D96/><U99/><E29/><V126/><F111/><W23/><G79/><T58/><D58/><U100/><E133/><V125/><F128/><W124/><G124/><T85/><D85/><U73/><E100/><V66/><F81/><W87/><G131/><T15/><D132/><U59/><E51/><V67/><F63/><W53/><G27/><T4/><D5/><U68/><E10/><V3/><F17/><W30/><G30/><T80/><D80/><U110/><E110/><V75/><F75/><W44/><G44/><T115/><D115/><N who="3" m="44105" /><G119/><T123/><D123/><U9/><E9/><V69/><F90/><AGARI ba="0,0" hai="20,21,23,38,43,47,53,54,87,90,92" m="44105" machi="90" ten="30,1000,0" yaku="11,1" doraHai="64" who="3" fromWho="2" sc="160,0,160,0,490,-10,190,10" /><INIT seed="3,0,0,0,2,116" ten="160,160,480,200" oya="3" hai0="4,70,61,23,69,73,11,89,51,95,130,103,76" hai1="67,17,60,3,56,50,31,134,8,91,97,34,64" hai2="112,123,14,45,109,28,88,19,93,105,82,129,29" hai3="90,36,118,59,80,30,43,16,10,102,72,48,108"/><W35/><G118/><T65/><D130/><U49/><E134/><V27/><F105/><W92/><G36/><T15/><D103/><U40/><E67/><V120/><F112/><W20/><G108/><T32/><D32/><U44/><E34/><V83/><F109/><W71/><G71/><T125/><D76/><U117/><E117/><V86/><F29/><W39/><G39/><T74/><D70/><U38/><E31/><V94/><F94/><W6/><G72/><T22/><D22/><U0/><E0/><V13/><F45/><N who="3" m="25663" /><G30/><T81/><D81/><N who="2" m="30730" /><F19/><W122/><G80/><T100/><D100/><U55/><E50/><V121/><F129/><W68/><G102/><T2/><D51/><U111/><E111/><V26/><F26/><W25/><G68/><T66/><D74/><U21/><E91/><V78/><F78/><W110/><G110/><T113/><D73/><U42/><E97/><V135/><F135/><W24/><G24/><T53/><D69/><N who="1" m="42119" /><E42/><V75/><F75/><W98/><G35/><AGARI ba="0,0" hai="13,14,27,28,35,86,88,93,120,121,123" m="30730" machi="35" ten="30,8000,1" yaku="13,1,52,3,54,1" doraHai="116" who="2" fromWho="3" sc="160,0,160,0,480,80,200,-80" /><INIT seed="4,0,0,5,5,130" ten="160,160,560,120" oya="0" hai0="1,110,74,66,6,113,120,134,2,11,73,10,34" hai1="115,79,48,94,28,50,86,87,3,26,129,88,126" hai2="98,47,46,27,20,95,97,116,78,122,43,90,76" hai3="24,92,84,17,56,18,114,128,40,51,105,91,14"/><T85/><D120/><U12/><E3/><V70/><F70/><W107/><G128/><T82/><D34/><U9/><E129/><V118/><F98/><W101/><G114/><T67/><D110/><U77/><E115/><V45/><F43/><W117/><G117/><N who="2" m="45161" /><F122/><W38/><G38/><T68/><D113/><U0/><E0/><V19/><AGARI ba="0,0" hai="19,20,27,45,46,47,76,78,90,95,97" m="45161" machi="19" ten="30,1100,0" yaku="12,1" doraHai="130" who="2" fromWho="2" sc="160,-5,160,-3,560,11,120,-3" /><INIT seed="5,0,0,2,5,121" ten="155,157,571,117" oya="1" hai0="45,43,17,53,82,3,117,18,111,28,5,0,109" hai1="7,46,19,78,98,130,10,77,79,59,74,23,132" hai2="55,13,100,133,107,25,49,110,50,65,95,106,1" hai3="57,36,62,129,37,54,32,97,86,56,127,14,51"/><U123/><E123/><V128/><F65/><W67/><G129/><T33/><D0/><U16/><E130/><V70/><F70/><W73/><G73/><T125/><D53/><U41/><E132/><V116/><F25/><W9/><G32/><T68/><D68/><U90/><E59/><V2/><F13/><W84/><G127/><T93/><D93/><U60/><E60/><V48/><F128/><W61/><G97/><T34/><D82/><U124/><E124/><V118/><F55/><W6/><REACH who="3" step="1"/><G51/><REACH who="3" ten="155,157,571,107" step="2"/><T69/><D34/><U122/><E98/><N who="2" m="59487" /><F50/><W96/><G96/><T38/><D125/><U92/><E122/><V113/><F49/><W89/><G89/><T131/><D131/><U88/><E74/><V115/><F48/><W135/><G135/><T99/><D99/><U134/><E134/><V30/><F133/><W81/><G81/><T85/><D33/><U119/><E119/><V40/><F118/><W91/><G91/><T72/><D72/><U87/><E90/><V42/><F116/><W15/><G15/><T80/><D117/><U35/><E35/><V120/><F2/><W12/><G12/><T39/><D3/><U114/><E88/><V58/><F1/><W29/><G29/><T24/><D28/><U126/><E126/><V31/><F30/><W4/><G4/><T66/><D5/><U20/><E7/><V44/><F31/><W71/><G71/><T112/><D69/><U27/><E92/><V64/><F120/><W103/><G103/><T26/><D80/><U8/><E87/><AGARI ba="0,1" hai="6,9,14,36,37,54,56,57,61,62,67,84,86,87" machi="87" ten="40,1300,0" yaku="1,1,53,0" doraHai="121" doraHaiUra="22" who="3" fromWho="1" sc="155,0,157,-13,571,0,107,23" /><INIT seed="6,0,0,4,1,72" ten="155,144,571,130" oya="2" hai0="73,27,29,123,76,53,13,50,49,78,114,106,31" hai1="110,41,61,92,86,117,130,93,30,8,135,20,126" hai2="51,91,17,132,67,28,15,125,89,32,79,16,23" hai3="87,105,1,48,25,115,68,39,40,133,88,85,90"/><V134/><F79/><N who="0" m="30250" /><D73/><U43/><E93/><V111/><F111/><W19/><G1/><T22/><D106/><U84/><E92/><V62/><F125/><W45/><G68/><T103/><D123/><U64/><E86/><V81/><F81/><W38/><G105/><T54/><D114/><U12/><E84/><V128/><F128/><W21/><G115/><T94/><D29/><U121/><E30/><V108/><F17/><W112/><G112/><T102/><D13/><U36/><E12/><V11/><F32/><W74/><G133/><T104/><D104/><U75/><E20/><V124/><F124/><W65/><G74/><T55/><D94/><U2/><E8/><V37/><F37/><W7/><G65/><T9/><D9/><U118/><E64/><V52/><F28/><W18/><G7/><T96/><D96/><U100/><E121/><V119/><F11/><W101/><G39/><T122/><D122/><U14/><E14/><V47/><F108/><W127/><G127/><T46/><D50/><U113/><E36/><V131/><F134/><W70/><G38/><T56/><D56/><U6/><E135/><V82/><F132/><W116/><G70/><T120/><D120/><U71/><E71/><V42/><F51/><W97/><G85/><T26/><D26/><U59/><E126/><V107/><F15/><N who="3" m="9439" /><G87/><T66/><D66/><U33/><E110/><V98/><F67/><W3/><G3/><T83/><D83/><U129/><E2/><V35/><F82/><W44/><G25/><T57/><D57/><U77/><E113/><V80/><F107/><RYUUKYOKU ba="0,0" sc="155,30,144,-10,571,-10,130,-10" hai0="22,27,31,46,49,53,54,55,102,103" /><INIT seed="7,1,0,0,0,6" ten="185,134,561,120" oya="3" hai0="37,15,122,8,128,108,53,71,60,120,109,133,51" hai1="97,78,79,33,56,85,5,27,106,19,12,94,3" hai2="129,14,92,113,21,1,98,124,72,65,22,103,2" hai3="7,115,127,70,132,64,16,46,63,123,87,121,26"/><W89/><G132/><T82/><D37/><U73/><E106/><V38/><F72/><W134/><G134/><T69/><D82/><U110/><E73/><V130/><F38/><W99/><G127/><T52/><D15/><U55/><E110/><V59/><F113/><W107/><G115/><T95/><D95/><U34/><E3/><V49/><F124/><W81/><G7/><T41/><D8/><N who="1" m="4111" /><E34/><V116/><F116/><W61/><G46/><T125/><D125/><U104/><E33/><V54/><F65/><W86/><G63/><T91/><D91/><N who="1" m="55519" /><E85/><V20/><F14/><W48/><G48/><T29/><D51/><N who="1" m="30847" /><E104/><V118/><F118/><W23/><REACH who="3" step="1"/><G86/><REACH who="3" ten="185,134,561,110" step="2"/><T0/><D133/><U67/><E67/><V44/><F44/><W100/><AGARI ba="1,1" hai="16,23,26,61,64,70,81,87,89,99,100,107,121,123" machi="100" ten="30,11700,0" yaku="1,1,2,1,0,1,54,1,53,0" doraHai="6" doraHaiUra="39" who="3" fromWho="3" sc="185,-40,134,-40,561,-40,110,130" /><INIT seed="7,2,0,0,4,68" ten="145,94,521,240" oya="3" hai0="100,42,21,128,85,110,83,124,131,111,78,45,38" hai1="52,132,117,55,12,5,112,48,17,43,121,96,37" hai2="80,67,76,36,33,49,123,135,127,74,122,24,50" hai3="134,91,46,1,20,113,69,18,109,29,10,66,82"/><W65/><G69/><T104/><D21/><U58/><E121/><N who="2" m="46091" /><F36/><W125/><G1/><T62/><D62/><U9/><E112/><V39/><F39/><W79/><G10/><T6/><D6/><U32/><E132/><V27/><F135/><W2/><G2/><T61/><D61/><U119/><E32/><V116/><F116/><N who="1" m="44617" /><E55/><V3/><F3/><W23/><G20/><T114/><D114/><U54/><E54/><V41/><F67/><W102/><G23/><T77/><D77/><U56/><E96/><V105/><F105/><W7/><G29/><T19/><D19/><U118/><N who="1" m="44625" /><U15/><DORA hai="11" /><E58/><V71/><F71/><W16/><G66/><T126/><D100/><U81/><E81/><V44/><F127/><N who="0" m="48682" /><D104/><U64/><E64/><V40/><F33/><W84/><G102/><T94/><D94/><U107/><E107/><V13/><F13/><W93/><G93/><T26/><D26/><U92/><E92/><V106/><F106/><W98/><G134/><T34/><D34/><U59/><E59/><V130/><F130/><AGARI ba="2,0" hai="38,42,45,78,83,85,110,111,128,130,131" m="48682" machi="130" ten="30,3900,0" yaku="19,1,18,1,52,1" doraHai="68,11" who="0" fromWho="2" sc="145,45,94,0,521,-45,240,0" owari="190,-21.0,94,-41.0,476,58.0,240,4.0" /></mjloggm>