<mjloggm ver="2.3"><GO type="169" lobby="0"/><UN n0="%E3%81%B3%E3%82%8A%E3%81%B3%E3%82%8A%E2%98%86%E3%83%93%E3%83%AA%E3%83%BC" n1="%6D%65%24%6F" n2="%EF%BC%88%E2%89%A7%E2%96%BD%E2%89%A6%EF%BC%89" n3="%70%69%79%6F%65%6D%6F%6E" dan="19,17,19,16" rate="2206.90,2160.72,2272.60,2109.51" sx="M,M,M,M"/><TAIKYOKU oya="0"/><INIT seed="0,0,0,0,3,33" ten="250,250,250,250" oya="0" hai0="114,91,12,104,126,14,51,53,20,46,98,119,106" hai1="35,124,8,72,62,55,81,5,63,37,70,19,10" hai2="131,112,94,4,100,96,117,129,57,120,89,50,97" hai3="101,123,130,74,58,69,61,43,79,30,44,60,64"/><T86/><D114/><U116/><E116/><V111/><F112/><W15/><G123/><T1/><D119/><U48/><E37/><V102/><F117/><W0/><G130/><N who="2" m="49673" /><F4/><W31/><G101/><N who="2" m="39017" /><F50/><W22/><G79/><T54/><D98/><N who="2" m="37994" /><F57/><W121/><G58/><T109/><D104/><U80/><E35/><V49/><F49/><W68/><G60/><T88/><D106/><U26/><E70/><V132/><F132/><W40/><G68/><T135/><D135/><U82/><E26/><V28/><F28/><W11/><G31/><T56/><D14/><U13/><E62/><V90/><F111/><W118/><G30/><T39/><D109/><U77/><E63/><V71/><F71/><W105/><G61/><T3/><D39/><U103/><E55/><V133/><F133/><W67/><G69/><T134/><D134/><U128/><E48/><V45/><F45/><W66/><G44/><T85/><D54/><U59/><E59/><V87/><F90/><W7/><G118/><T52/><D53/><U24/><E128/><V113/><F113/><W78/><G7/><T27/><D46/><U95/><E5/><V42/><F42/><W99/><G40/><T9/><D91/><U18/><E24/><V16/><F16/><W29/><G43/><T84/><D88/><U34/><E34/><V32/><F32/><W122/><G66/><T110/><D110/><U83/><E18/><V23/><F23/><W25/><G67/><T92/><D20/><U2/><E10/><V115/><F115/><W65/><G64/><T38/><D9/><U47/><E8/><RYUUKYOKU ba="0,0" sc="250,-10,250,-10,250,30,250,-10" hai2="87,89,94,120" /><INIT seed="1,1,0,5,0,101" ten="240,240,280,240" oya="1" hai0="7,41,44,62,21,68,14,52,85,24,11,12,135" hai1="88,30,71,86,122,36,34,133,125,120,25,83,37" hai2="95,48,66,27,73,104,47,10,65,118,127,128,20" hai3="58,99,123,103,4,124,3,2,22,111,15,134,0"/><U61/><E133/><V42/><F73/><W100/><G123/><T91/><D135/><U13/><E125/><V32/><F104/><W76/><G134/><T131/><D131/><U90/><E122/><V93/><F118/><W43/><G124/><T77/><D77/><U79/><E120/><V102/><F128/><W63/><G76/><T126/><D126/><U5/><E5/><V49/><F32/><W119/><G119/><T60/><D14/><U129/><E129/><V114/><F114/><W110/><G43/><T35/><D35/><U67/><REACH who="1" step="1"/><E13/><REACH who="1" ten="240,230,280,240" step="2"/><V19/><F127/><W74/><G4/><T107/><D12/><U130/><E130/><V29/><F102/><W55/><G103/><T16/><D7/><U89/><AGARI ba="1,1" hai="25,30,34,36,37,61,67,71,79,83,86,88,89,90" machi="89" ten="30,11700,0" yaku="1,1,0,1,54,1,53,1" doraHai="101" doraHaiUra="78" who="1" fromWho="1" sc="240,-40,230,130,280,-40,240,-40" /><INIT seed="1,2,0,2,5,33" ten="200,360,240,200" oya="1" hai0="29,116,107,77,80,97,112,62,27,81,63,88,73" hai1="48,1,28,104,41,54,128,60,93,100,22,2,12" hai2="111,37,126,85,61,45,102,47,125,129,75,57,108" hai3="94,70,131,95,25,42,21,79,109,50,119,91,14"/><U17/><E104/><V127/><F75/><W35/><G35/><T8/><D112/><U66/><E128/><V23/><F102/><W9/><G131/><T71/><D116/><U59/><E41/><N who="2" m="22703" /><F85/><W115/><G115/><T67/><D63/><U78/><E78/><V103/><F103/><W4/><G70/><T18/><D107/><U72/><E72/><V74/><F74/><W30/><G119/><T76/><D76/><U20/><E20/><V130/><F23/><W19/><G109/><N who="2" m="42057" /><F47/><W90/><G79/><T123/><D80/><U132/><E132/><V24/><F24/><W84/><G42/><T83/><D83/><U34/><E34/><V68/><F68/><W31/><REACH who="3" step="1"/><G50/><REACH who="3" ten="200,360,240,190" step="2"/><T92/><D77/><U110/><E110/><V134/><F134/><W118/><G118/><T38/><D71/><U58/><REACH who="1" step="1"/><E28/><REACH who="1" ten="200,350,240,190" step="2"/><V117/><F117/><W15/><G15/><T98/><D29/><U86/><E86/><AGARI ba="2,2" hai="4,9,14,19,21,25,30,31,84,86,90,91,94,95" machi="86" ten="30,12000,2" yaku="1,1,7,1,9,1,8,1,53,2" doraHai="33" doraHaiUra="82" who="3" fromWho="1" sc="200,0,350,-126,240,0,190,146" /><INIT seed="2,0,0,0,2,5" ten="200,224,240,336" oya="2" hai0="110,77,42,117,6,131,2,94,87,28,125,4,111" hai1="18,26,36,48,41,59,109,46,90,12,53,7,38" hai2="51,124,108,91,43,0,123,24,121,99,19,69,61" hai3="21,56,49,98,82,132,9,103,34,68,74,8,22"/><V133/><F0/><W63/><G34/><T100/><D131/><U71/><E109/><N who="0" m="41481" /><D125/><U52/><E7/><N who="0" m="2601" /><D2/><U40/><E26/><V44/><F124/><W80/><G68/><T32/><D117/><U95/><E71/><V120/><F108/><W102/><G74/><T29/><D32/><U65/><E65/><V79/><F79/><W107/><G103/><T45/><D100/><U70/><E70/><V134/><F19/><W118/><G102/><T106/><D106/><U92/><E92/><V13/><F24/><W66/><G107/><T17/><D17/><U101/><E101/><V58/><F13/><W128/><G98/><T85/><D94/><U84/><E38/><N who="2" m="21623" /><F99/><W122/><G80/><N who="0" m="47247" /><D87/><U104/><E36/><AGARI ba="0,0" hai="28,29,36,42,45" m="47247,2601,41481" machi="36" ten="30,1000,0" yaku="14,1" doraHai="5" who="0" fromWho="1" sc="200,10,224,-10,240,0,336,0" /><INIT seed="3,0,0,3,1,89" ten="210,214,240,336" oya="3" hai0="113,20,74,79,100,98,56,77,120,15,16,90,59" hai1="104,93,1,103,21,39,33,86,50,118,11,26,82" hai2="122,99,81,34,36,119,70,63,54,129,92,80,14" hai3="13,41,5,73,40,87,124,23,29,48,45,37,123"/><W134/><G123/><T78/><D120/><U127/><E118/><V10/><F36/><W71/><G73/><T8/><D74/><U67/><E39/><V18/><F119/><W27/><G71/><T133/><D133/><U117/><E117/><V69/><F34/><W64/><G134/><T35/><D35/><U58/><E33/><V32/><F32/><W65/><G124/><T130/><D130/><U94/><E104/><V105/><F105/><W2/><G2/><T46/><D113/><U109/><E127/><V4/><F129/><W49/><G37/><T131/><D131/><U115/><E115/><V38/><F38/><W0/><G0/><T7/><D90/><N who="1" m="51543" /><E109/><V132/><F132/><W106/><G106/><T102/><D46/><U111/><E111/><V51/><F122/><W60/><G60/><T84/><D84/><U135/><E135/><V47/><F70/><W22/><G87/><T110/><D110/><U108/><E108/><V3/><F63/><W128/><G128/><T95/><REACH who="0" step="1"/><D102/><REACH who="0" ten="200,214,240,336" step="2"/><U12/><E103/><V97/><F97/><W76/><G76/><T57/><D57/><U125/><E125/><V101/><REACH who="2" step="1"/><F69/><REACH who="2" ten="200,214,230,336" step="2"/><W52/><G41/><T6/><D6/><U62/><E62/><V126/><F126/><W28/><G5/><T116/><D116/><U91/><E58/><V83/><F83/><W72/><G45/><T9/><D9/><AGARI ba="0,2" hai="3,4,9,10,14,18,47,51,54,80,81,92,99,101" machi="9" ten="30,7700,0" yaku="1,1,7,1,52,1,53,1" doraHai="89" doraHaiUra="42" who="2" fromWho="0" sc="200,-77,214,0,230,97,336,0" /><INIT seed="4,0,0,3,3,25" ten="123,214,327,336" oya="0" hai0="75,34,78,1,57,121,70,39,6,10,133,118,43" hai1="91,131,88,0,117,84,125,101,24,48,4,104,67" hai2="7,80,41,52,28,132,86,51,8,103,71,27,96" hai3="110,73,115,19,53,134,82,69,64,87,65,56,94"/><T107/><RYUUKYOKU type="yao9" ba="0,0" sc="123,0,214,0,327,0,336,0" hai0="1,6,10,34,39,43,57,70,75,78,107,118,121,133" /><INIT seed="4,1,0,0,0,48" ten="123,214,327,336" oya="0" hai0="69,0,6,2,52,68,47,117,93,10,132,122,31" hai1="67,81,39,121,3,63,129,21,53,7,4,107,15" hai2="125,79,57,99,84,17,16,59,44,27,11,46,66" hai3="98,35,14,105,91,51,60,116,112,18,71,74,54"/><T123/><D117/><U13/><E121/><V96/><F125/><W26/><G116/><T114/><D114/><U49/><E39/><V38/><F38/><W111/><G111/><T104/><D104/><U72/><E107/><V90/><F79/><W43/><G74/><T1/><D132/><U134/><E134/><V37/><F37/><W58/><G43/><T95/><D31/><U126/><E3/><V106/><F106/><W55/><G71/><T61/><D123/><U85/><E72/><V94/><F11/><W124/><G112/><T88/><D95/><U115/><E126/><V87/><F27/><W62/><G105/><T19/><D19/><U130/><E115/><V40/><F40/><W41/><G41/><T101/><D101/><U92/><E92/><V73/><F73/><W65/><G35/><T119/><D119/><U36/><E36/><V89/><F94/><N who="3" m="56671" /><G26/><T42/><D42/><U103/><E103/><V77/><F77/><W100/><G100/><T109/><D109/><U131/><E21/><V133/><F133/><W25/><G124/><T128/><D128/><U75/><E75/><V108/><F108/><W70/><G25/><T86/><D122/><U110/><E110/><V22/><F22/><N who="3" m="11607" /><G70/><N who="0" m="27243" /><D47/><N who="1" m="27839" /><E67/><AGARI ba="1,0" hai="16,17,44,46,57,59,66,67,84,87,89,90,96,99" machi="67" ten="25,6400,0" yaku="22,2,8,1,54,1" doraHai="48" who="2" fromWho="1" sc="123,0,214,-67,327,67,336,0" /><INIT seed="5,0,0,4,1,59" ten="123,147,394,336" oya="1" hai0="113,129,99,124,37,54,132,66,90,84,82,53,120" hai1="80,81,111,94,131,6,17,95,68,15,29,118,4" hai2="44,78,130,106,112,88,26,102,107,31,21,79,33" hai3="45,22,46,35,109,110,117,18,14,52,105,74,27"/><U55/><E118/><V36/><F130/><W61/><G117/><T101/><D37/><U47/><E131/><V115/><F33/><W97/><G74/><T86/><D129/><U25/><E68/><V126/><F126/><W72/><G72/><T73/><D73/><U114/><E111/><V13/><F13/><W77/><G77/><N who="2" m="29193" /><F102/><W103/><G46/><T121/><D124/><U28/><E114/><N who="2" m="43563" /><F88/><W7/><G7/><N who="1" m="2602" /><E25/><V56/><F56/><W134/><G134/><T57/><D132/><U2/><E2/><V16/><F31/><N who="1" m="11849" /><E47/><V12/><F26/><W63/><G109/><T39/><D113/><U76/><E55/><V128/><F128/><W104/><G110/><T38/><D54/><U30/><N who="1" m="11857" /><U34/><DORA hai="123" /><E34/><V116/><F116/><W71/><G105/><T1/><D1/><U60/><E76/><V11/><F21/><W49/><G35/><T91/><D121/><U108/><E108/><V87/><F87/><W75/><G75/><T64/><D120/><U62/><E81/><V100/><F100/><W135/><G135/><T119/><D119/><U5/><N who="1" m="2610" /><U24/><DORA hai="3" /><E24/><V92/><F92/><N who="1" m="35369" /><E80/><V0/><F0/><W32/><G71/><T51/><D86/><U42/><E42/><AGARI ba="0,0" hai="11,12,16,36,42,44,106,107" m="43563,29193" machi="42" ten="30,3900,0" yaku="15,1,11,1,54,1" doraHai="59,123,3" who="2" fromWho="1" sc="123,0,147,-39,394,39,336,0" /><INIT seed="6,0,0,5,3,94" ten="123,108,433,336" oya="2" hai0="110,43,93,49,119,124,106,130,100,85,44,78,47" hai1="61,25,107,128,31,111,4,122,54,116,92,34,40" hai2="41,29,71,30,32,123,62,48,96,134,2,82,77" hai3="125,103,81,73,0,10,113,64,57,99,52,126,11"/><V109/><F2/><W108/><G108/><T91/><D110/><U88/><E107/><V15/><F123/><W6/><G64/><T27/><D130/><U37/><E111/><V33/><F33/><W56/><G113/><T7/><D124/><N who="3" m="47721" /><G11/><T12/><D119/><U23/><E116/><V133/><F109/><W39/><G39/><T53/><D27/><U38/><E122/><V28/><F32/><W3/><G3/><T22/><D78/><U8/><E128/><V120/><F120/><W84/><G73/><T72/><D72/><U76/><E76/><V63/><F71/><W86/><G81/><T104/><D100/><U17/><E40/><V75/><F15/><W18/><G18/><T67/><D67/><U79/><E79/><V68/><F68/><W83/><G83/><T26/><D7/><U98/><E31/><V35/><F35/><W46/><G46/><T89/><D89/><U58/><E34/><V115/><F115/><W102/><G57/><T66/><D66/><U45/><E45/><V97/><F41/><W112/><G112/><T24/><D47/><U51/><E51/><V127/><F48/><N who="3" m="30727" /><G103/><T69/><D69/><U101/><E101/><V16/><F127/><W95/><AGARI ba="0,0" hai="0,6,10,84,86,95,99,102" m="30727,47721" machi="95" ten="30,4000,0" yaku="18,1,52,1,54,1" doraHai="94" who="3" fromWho="3" sc="123,-10,108,-10,433,-20,336,40" /><INIT seed="7,0,0,2,2,65" ten="113,98,413,376" oya="3" hai0="100,110,53,28,9,32,2,134,37,29,112,18,7" hai1="62,8,97,124,82,101,52,51,41,58,10,121,125" hai2="106,76,12,132,60,6,103,81,48,47,19,23,126" hai3="87,99,68,74,128,111,73,59,55,91,38,27,4"/><W11/><G38/><T80/><D110/><U63/><E121/><V84/><F132/><W104/><G111/><T116/><D116/><U71/><E82/><V16/><F126/><N who="1" m="48745" /><E41/><N who="2" m="24687" /><F106/><W39/><G39/><T35/><D80/><U78/><E78/><V114/><F114/><W43/><G128/><T96/><D37/><U64/><E63/><V50/><F103/><W30/><G43/><T3/><D112/><U130/><E130/><V88/><F60/><W57/><G57/><T92/><D134/><U40/><E40/><V109/><F109/><W54/><G54/><T1/><D53/><U36/><E36/><V131/><F131/><W66/><G104/><AGARI ba="0,0" hai="8,10,51,52,58,62,64,71,97,101,104" m="48745" machi="104" ten="30,3900,0" yaku="18,1,52,1,54,1" doraHai="65" who="1" fromWho="3" sc="113,0,98,39,413,0,376,-39" owari="113,-39.0,137,-26.0,413,51.0,337,14.0" /></mjloggm>