<mjloggm ver="2.3"><GO type="41"/><UN n0="%E8%B1%9A%E5%B9%B3" n1="%E9%9B%80%E7%A5%9E%E7%8E%8B" n2="%E7%9F%A2%E5%B3%B6%49%6E%64%65%78" n3="%E3%82%A6%E3%83%AB%E3%83%88%E3%83%A9%E7%AB%8B%E7%9B%B4" dan="13,14,15,15" rate="1826,1894,1962,1993" sx="M,M,M,M"/><TAIKYOKU oya="0"/><INIT seed="0,0,0,2,3,128" ten="250,250,250,250" oya="0" hai0="28,7,114,67,103,60,42,17,80,92,34,109,22" hai1="124,83,115,87,94,41,119,110,82,127,131,116,99" hai2="15,56,107,130,4,132,102,29,51,66,71,86,36" hai3="62,2,54,21,3,96,1,49,35,26,58,13,18"/><T19/><D114/><U14/><E14/><V112/><F36/><W61/><REACH who="3" step="1"/><G96/><REACH who="3" step="2"/><T73/><D34/><U16/><E131/><V100/><F130/><W11/><G11/><T30/><D109/><U122/><E115/><V63/><F112/><W70/><G70/><T106/><D106/><U90/><E110/><V77/><F107/><W133/><G133/><T78/><D19/><U43/><E119/><V69/><F71/><W50/><G50/><T91/><D103/><U48/><E116/><V101/><F132/><W31/><AGARI ba="0,1" hai="1,2,3,13,18,21,26,31,35,49,54,58,61,62" machi="31" ten="40,5200,0" yaku="21,2,0,1,53,0" doraHai="128" doraHaiUra="40" who="3" fromWho="3" sc="250,-26,250,-13,250,-13,240,62" /><INIT seed="1,0,0,5,0,120" ten="224,237,237,302" oya="1" hai0="118,98,126,11,100,111,99,42,90,124,60,16,67" hai1="64,72,81,30,88,25,82,91,47,131,119,3,96" hai2="40,39,49,84,2,79,9,94,122,130,8,70,104" hai3="134,73,97,48,35,17,128,121,4,76,14,117,75"/><U77/><E119/><V54/><F104/><W57/><G4/><T38/><D118/><U18/><E3/><V6/><F122/><W52/><G121/><T56/><D38/><U106/><E18/><V19/><F70/><W45/><G117/><T21/><D11/><U46/><E131/><V105/><F105/><W86/><G128/><T123/><D42/><U29/><E64/><V27/><F130/><W15/><G35/><T85/><D123/><U1/><E1/><V12/><F39/><W13/><G134/><T127/><D100/><U44/><E82/><V95/><F40/><W61/><G97/><T59/><D56/><U102/><REACH who="1" step="1"/><E30/><REACH who="1" step="2"/><V103/><F2/><W83/><REACH who="3" step="1"/><G17/><REACH who="3" step="2"/><T74/><D74/><U50/><E50/><V58/><F19/><W63/><G63/><T55/><D67/><AGARI ba="0,2" hai="13,14,15,45,48,52,57,61,67,73,75,76,83,86" machi="67" ten="40,5200,0" yaku="1,1,54,1,53,1" doraHai="120" doraHaiUra="51" who="3" fromWho="0" sc="224,-52,227,0,237,0,292,72" /><INIT seed="2,0,0,2,1,7" ten="172,227,237,364" oya="2" hai0="107,95,91,111,12,76,50,86,105,19,67,37,29" hai1="132,63,74,3,110,9,73,117,123,13,18,103,35" hai2="22,100,54,17,51,20,112,78,108,11,44,80,41" hai3="15,129,113,116,55,124,21,109,69,131,23,42,24"/><V119/><F119/><W79/><G69/><T46/><D111/><U30/><E117/><V65/><F112/><W90/><G116/><T98/><D37/><U33/><E132/><V14/><F108/><W26/><G79/><T130/><D130/><U62/><E110/><V31/><F100/><W127/><G42/><T106/><D67/><U53/><E103/><V135/><F135/><W82/><G55/><T88/><D29/><U72/><E123/><V125/><F125/><W102/><G102/><T43/><D76/><U5/><E53/><V101/><F101/><W97/><G109/><T36/><D36/><U28/><E28/><V52/><F65/><W1/><G97/><T93/><REACH who="0" step="1"/><D106/><REACH who="0" step="2"/><U122/><E122/><V64/><F64/><W60/><G129/><T104/><D104/><U40/><E35/><V75/><F31/><W57/><G131/><T61/><D61/><U114/><E114/><V68/><F68/><W118/><G60/><T83/><D83/><U34/><E34/><V6/><REACH who="2" step="1"/><F22/><AGARI ba="0,1" hai="12,19,22,43,46,50,86,88,91,93,95,98,105,107" machi="22" ten="30,7700,0" yaku="1,1,7,1,54,1,53,1" doraHai="7" doraHaiUra="10" who="0" fromWho="2" sc="162,87,227,0,237,-77,364,0" /><INIT seed="3,0,0,1,4,51" ten="249,227,160,364" oya="3" hai0="64,107,44,111,69,132,58,36,91,122,17,29,65" hai1="5,121,115,71,73,33,93,6,54,50,67,21,63" hai2="14,72,49,41,57,130,79,105,61,83,98,74,102" hai3="38,120,95,7,133,124,26,46,103,101,10,85,110"/><W81/><G120/><T76/><D122/><U27/><E115/><V30/><F130/><W119/><G119/><T62/><D107/><U22/><E73/><V104/><F104/><W89/><G124/><T129/><D29/><U84/><E121/><V45/><F30/><W88/><G133/><T117/><D117/><U18/><E22/><V1/><F1/><W70/><G70/><T32/><D32/><U112/><E33/><V66/><F14/><W128/><G128/><T13/><D76/><U37/><E37/><V34/><F34/><W59/><G26/><T19/><D129/><U125/><E125/><V28/><F28/><W87/><G110/><T48/><D111/><U12/><E27/><V131/><F131/><W23/><G23/><T20/><D132/><U92/><E92/><V52/><REACH who="2" step="1"/><F74/><REACH who="2" step="2"/><W126/><G126/><T114/><D114/><U47/><REACH who="1" step="1"/><E112/><REACH who="1" step="2"/><V31/><F31/><W86/><G10/><T15/><D19/><U55/><E55/><AGARI ba="0,2" hai="41,45,49,52,55,57,61,66,72,79,83,98,102,105" machi="55" ten="40,8000,1" yaku="1,1,52,2,54,1,53,0" doraHai="51" doraHaiUra="25" who="2" fromWho="1" sc="249,0,217,-80,150,100,364,0" /><INIT seed="4,0,0,3,0,17" ten="249,137,250,364" oya="0" hai0="120,98,91,32,123,37,45,90,111,8,40,80,71" hai1="1,119,81,46,28,124,83,93,97,102,113,4,112" hai2="100,126,52,20,125,30,122,16,106,51,41,75,82" hai3="115,110,109,14,47,118,76,36,6,103,63,54,24"/><T101/><D32/><U5/><E119/><V35/><F122/><W60/><G118/><T23/><D71/><U7/><E124/><V117/><F117/><W0/><G0/><T18/><D8/><U48/><E1/><V70/><F70/><W87/><G36/><T105/><D111/><U31/><E31/><V134/><F41/><W55/><G110/><T38/><D38/><U58/><E58/><V133/><F35/><W121/><G121/><T96/><D91/><U68/><E28/><V11/><F30/><W44/><G103/><T42/><D42/><U22/><E22/><V127/><F11/><N who="3" m="4471" /><G115/><T61/><D61/><N who="3" m="23625" /><G24/><T49/><D37/><U116/><E68/><V59/><F100/><W72/><G72/><T64/><D64/><U74/><E74/><V86/><F75/><W3/><G3/><T135/><D135/><N who="2" m="51722" /><F106/><W77/><G109/><T130/><D130/><U57/><E57/><V108/><F108/><W39/><G39/><T65/><D65/><U15/><E15/><N who="2" m="9247" /><F86/><W25/><G25/><T132/><D132/><U9/><E9/><V26/><F26/><W56/><G87/><T13/><D80/><AGARI ba="0,0" hai="51,52,59,80,82,125,126,127" m="9247,51722" machi="80" ten="40,8000,1" yaku="18,1,20,1,52,1,54,2" doraHai="17" who="2" fromWho="0" sc="249,-80,137,0,250,80,364,0" /><INIT seed="5,0,0,3,2,25" ten="169,137,330,364" oya="1" hai0="127,115,85,48,47,10,97,4,51,34,64,105,26" hai1="14,32,72,102,42,50,133,5,110,119,18,19,20" hai2="49,112,62,8,79,76,71,132,123,109,104,100,7" hai3="63,52,59,38,114,117,131,80,98,41,2,92,87"/><U74/><E119/><V99/><F109/><W70/><G117/><T36/><D115/><U96/><E133/><V0/><F132/><W16/><G2/><T23/><D127/><U57/><E32/><V39/><F112/><W90/><G114/><T73/><D73/><U121/><E121/><V82/><F123/><W91/><G131/><T77/><D34/><U29/><E5/><V44/><F39/><W43/><G38/><T24/><D24/><N who="1" m="16519" /><E74/><V69/><F62/><W21/><G70/><T120/><D120/><U37/><E72/><V89/><F89/><W6/><G6/><T11/><D11/><U55/><E37/><V35/><F35/><W95/><G95/><T53/><D36/><U45/><E110/><V124/><F124/><W103/><G103/><T3/><D64/><U68/><E68/><V30/><F30/><W81/><G81/><T83/><D51/><N who="1" m="30975" /><E14/><AGARI ba="0,0" hai="14,16,21,41,43,52,59,63,80,87,90,91,92,98" machi="14" ten="30,7700,0" yaku="7,1,8,1,54,2" doraHai="25" who="3" fromWho="1" sc="169,0,137,-77,330,0,364,77" /><INIT seed="6,0,0,0,3,114" ten="169,60,330,441" oya="2" hai0="19,76,118,49,15,38,11,9,57,104,116,122,61" hai1="3,17,82,51,77,42,35,25,110,37,7,33,99" hai2="70,13,75,73,133,60,105,108,89,8,121,65,135" hai3="20,112,126,10,12,134,5,102,0,83,100,129,48"/><V34/><F121/><W16/><G112/><T117/><D122/><U23/><E51/><V64/><F105/><W1/><G126/><T41/><D104/><U132/><E99/><V96/><F34/><W85/><G129/><T74/><D38/><U18/><E18/><V78/><F65/><W93/><G134/><N who="2" m="51209" /><F108/><W87/><G1/><T109/><D109/><U107/><E107/><V81/><F96/><W88/><G48/><T113/><D113/><U68/><E68/><V69/><F89/><AGARI ba="0,0" hai="0,5,10,12,16,20,83,85,87,88,89,93,100,102" machi="89" ten="30,3900,0" yaku="7,1,54,2" doraHai="114" who="3" fromWho="2" sc="169,0,60,0,330,-39,441,39" /><INIT seed="7,0,0,1,0,124" ten="169,60,291,480" oya="3" hai0="42,132,101,86,2,55,32,45,111,91,103,79,88" hai1="24,43,92,128,38,109,135,78,8,15,105,110,28" hai2="46,7,81,67,122,27,115,37,65,66,21,98,16" hai3="87,49,80,68,60,11,72,112,126,35,14,76,58"/><W6/><G35/><T113/><D32/><U1/><E105/><V36/><F115/><W75/><G126/><T83/><D2/><U44/><E135/><V119/><F119/><W10/><G112/><T77/><D132/><U29/><E29/><V93/><F81/><W40/><G11/><T82/><D113/><U54/><E54/><V18/><F7/><W19/><G19/><T90/><D111/><U51/><E51/><V0/><F0/><W5/><G5/><T39/><D55/><U99/><E15/><V33/><F33/><W64/><REACH who="3" step="1"/><G58/><REACH who="3" step="2"/><T106/><D45/><AGARI ba="0,1" hai="6,10,14,40,45,49,60,64,68,72,75,76,80,87" machi="45" ten="40,12000,1" yaku="1,1,2,1,25,2,53,0" doraHai="124" doraHaiUra="26" who="3" fromWho="0" sc="169,-120,60,0,291,0,470,130" owari="49,-45,60,-34,291,9,600,70" /></mjloggm>