<mjloggm ver="2.3"><GO type="41"/><UN n0="%E3%82%8D%E3%81%A3%E3%81%A8%E3%81%82%E3%81%86%E3%81%A8" n1="%EF%BC%88%E2%89%A7%E2%96%BD%E2%89%A6%EF%BC%89" n2="%E5%94%AF%E4%B8%80%E7%B5%B6%E5%AF%BE%E7%A5%9E%E7%9C%8C%E5%8D%97" n3="%6D%61%73%61%39%35%30%31" dan="13,14,15,14" rate="1963,2051,2009,1971" sx="M,M,M,M"/><TAIKYOKU oya="0"/><INIT seed="0,0,0,0,0,0" ten="250,250,250,250" oya="0" hai0="71,125,32,1,134,60,47,86,56,90,17,93,40" hai1="111,72,57,34,105,107,38,20,26,43,132,9,35" hai2="126,14,30,16,67,2,109,120,128,62,112,70,118" hai3="78,27,110,25,4,58,102,31,131,129,82,104,95"/><T21/><D32/><U96/><E72/><V69/><F120/><W124/><G104/><T85/><D1/><U130/><E132/><V5/><F112/><W114/><G124/><T108/><D125/><U99/><E130/><N who="3" m="49674" /><G114/><T51/><D134/><U121/><E121/><V8/><F128/><W88/><G110/><T33/><D33/><U12/><E111/><V61/><F109/><W64/><G4/><T98/><D71/><U3/><E3/><V42/><F126/><W41/><G41/><T13/><REACH who="0" step="1"/><D108/><REACH who="0" step="2"/><U122/><E122/><V79/><F118/><W44/><G44/><T81/><D81/><U75/><E35/><V91/><F70/><W94/><G31/><T123/><D123/><U80/><E34/><V37/><F69/><W115/><G115/><T65/><AGARI ba="0,1" hai="13,17,21,40,47,51,56,60,65,85,86,90,93,98" machi="65" ten="20,7800,0" yaku="1,1,0,1,7,1,8,1,53,0" doraHai="0" doraHaiUra="119" who="0" fromWho="0" sc="240,88,250,-26,250,-26,250,-26" /><INIT seed="0,1,0,3,4,63" ten="328,224,224,224" oya="0" hai0="43,28,7,88,11,14,93,77,94,29,40,51,30" hai1="3,18,130,10,122,67,26,115,33,102,0,35,134" hai2="117,133,36,120,66,65,129,86,121,82,100,13,9" hai3="109,55,38,126,128,113,56,25,90,2,61,19,76"/><T135/><D135/><U27/><E102/><V46/><F133/><W91/><G113/><T53/><D77/><U79/><E79/><V8/><F121/><W42/><G2/><N who="1" m="554" /><E67/><N who="2" m="25611" /><F36/><W107/><G107/><T69/><D69/><U96/><E134/><V50/><F120/><W4/><G76/><T5/><D5/><U106/><E106/><V62/><F129/><W101/><G128/><T49/><D49/><U75/><E75/><V68/><F68/><W95/><G109/><T16/><D7/><U124/><E122/><V104/><F104/><W48/><G126/><T87/><D94/><U23/><E96/><V110/><F110/><W72/><G4/><T80/><REACH who="0" step="1"/><D93/><REACH who="0" step="2"/><U74/><E130/><V84/><F117/><W125/><G125/><T21/><D21/><U132/><E124/><V111/><F111/><W92/><G38/><T1/><D1/><U123/><E132/><V108/><F108/><W60/><G72/><T59/><AGARI ba="1,1" hai="11,14,16,28,29,30,40,43,51,53,59,80,87,88" machi="59" ten="30,18000,2" yaku="1,1,0,1,8,1,54,2,53,1" doraHai="63" doraHaiUra="6" who="0" fromWho="0" sc="318,193,224,-61,224,-61,224,-61" /><INIT seed="0,2,0,1,0,9" ten="511,163,163,163" oya="0" hai0="29,17,54,67,50,90,100,3,102,22,44,73,14" hai1="58,16,117,82,72,0,121,115,40,108,48,61,99" hai2="69,88,111,62,35,65,127,107,39,97,128,123,105" hai3="24,86,53,119,106,126,133,6,52,30,116,95,110"/><T1/><D73/><U77/><E117/><V76/><F123/><W89/><G106/><T114/><D114/><U37/><E121/><V19/><F111/><W49/><G133/><T12/><D67/><U104/><E115/><V98/><F127/><W64/><G110/><T23/><D29/><U32/><E108/><V41/><F128/><W92/><G64/><T125/><D125/><U71/><E0/><V87/><F35/><W46/><G6/><T79/><D79/><U11/><E32/><V59/><F76/><W26/><G26/><T25/><D25/><U75/><E75/><V34/><F34/><W109/><G126/><T135/><D135/><U118/><E118/><V68/><F107/><W20/><G109/><T42/><D1/><U5/><E5/><V2/><F2/><W56/><REACH who="3" step="1"/><G92/><REACH who="3" step="2"/><T103/><D3/><U36/><E104/><V94/><F105/><W18/><G18/><N who="0" m="10567" /><D42/><U81/><E40/><V120/><F120/><W80/><G80/><T63/><D63/><AGARI ba="2,1" hai="20,24,30,46,49,52,53,56,63,86,89,95,116,119" machi="63" ten="30,3900,0" yaku="1,1,7,1,54,1,53,0" doraHai="9" doraHaiUra="96" who="3" fromWho="0" sc="511,-45,163,0,163,0,153,55" /><INIT seed="1,0,0,3,5,89" ten="466,163,163,208" oya="1" hai0="104,11,84,36,5,43,65,10,126,58,77,118,107" hai1="85,57,8,130,69,41,83,91,21,132,94,28,56" hai2="123,134,119,90,113,105,45,27,12,121,9,40,23" hai3="114,55,42,4,74,34,25,48,81,19,26,103,127"/><U13/><E69/><V100/><F119/><W115/><G42/><T88/><D118/><U79/><E132/><V116/><F116/><W0/><G127/><T102/><D126/><U70/><E70/><V31/><F134/><W18/><G103/><T38/><D77/><U75/><E130/><V76/><F113/><W97/><G34/><T51/><D102/><U92/><E41/><V87/><F76/><W37/><G37/><T99/><D99/><U47/><E47/><V29/><F105/><W24/><G97/><T20/><D20/><U61/><E61/><V44/><F100/><W39/><G81/><T52/><D36/><U80/><E21/><V3/><F3/><W54/><G74/><T128/><D128/><U120/><E28/><V22/><F123/><W98/><G98/><T7/><D107/><U59/><REACH who="1" step="1"/><E120/><REACH who="1" step="2"/><V16/><F121/><W122/><G122/><T64/><D11/><U60/><E60/><V2/><F40/><W68/><G68/><T111/><D10/><U49/><E49/><V17/><F2/><W32/><G0/><T15/><D38/><U33/><E33/><V53/><F53/><W67/><G32/><T14/><D43/><U73/><E73/><V108/><F108/><W96/><G39/><T72/><D72/><U112/><E112/><V1/><F1/><W66/><G48/><T78/><D51/><U125/><E125/><V109/><F109/><W124/><G124/><T133/><D111/><U82/><E82/><N who="2" m="49527" /><F31/><W117/><G115/><T131/><D133/><U6/><AGARI ba="0,1" hai="6,8,13,56,57,59,75,79,80,83,85,91,92,94" machi="6" ten="30,11700,0" yaku="1,1,0,1,52,2,53,0" doraHai="89" doraHaiUra="101" who="1" fromWho="1" sc="466,-39,153,127,163,-39,208,-39" /><INIT seed="1,1,0,3,0,34" ten="427,280,124,169" oya="1" hai0="54,126,88,29,74,108,77,119,4,91,47,129,80" hai1="95,73,104,25,12,93,128,111,107,56,16,24,90" hai2="99,31,131,1,72,6,49,7,50,62,53,122,46" hai3="83,102,15,87,2,17,59,109,28,96,75,30,86"/><U94/><E73/><V110/><F122/><W103/><G2/><T41/><D119/><U45/><E128/><V67/><F110/><W48/><G75/><T117/><D117/><U52/><E111/><V92/><F131/><W115/><G87/><T11/><D129/><U61/><E45/><V121/><F121/><W112/><G103/><T37/><D29/><U101/><E90/><V133/><F72/><W27/><G27/><N who="1" m="10314" /><E107/><V64/><F133/><W0/><G0/><N who="0" m="391" /><D108/><U9/><E104/><V58/><F31/><W3/><G3/><T125/><D54/><U60/><E60/><V23/><F23/><W132/><G132/><T21/><D21/><U124/><E124/><AGARI ba="1,0" hai="37,41,47,74,77,80,88,91,124,125,126" m="391" machi="124" ten="30,7700,0" yaku="25,1,18,1,52,1,54,1" doraHai="34" who="0" fromWho="1" sc="427,80,280,-80,124,0,169,0" /><INIT seed="2,0,0,0,2,71" ten="507,200,124,169" oya="2" hai0="122,88,37,8,133,59,94,135,40,60,21,5,80" hai1="107,4,84,49,106,131,125,100,61,24,63,2,20" hai2="9,3,92,96,45,110,68,15,86,43,129,47,55" hai3="44,113,81,74,111,65,73,34,53,99,36,95,91"/><V97/><F68/><W134/><G34/><T93/><D122/><U116/><E116/><V70/><F70/><W79/><G134/><N who="0" m="51211" /><D80/><U109/><E109/><V114/><F114/><W108/><G65/><N who="0" m="39071" /><D21/><U33/><E33/><V28/><F3/><W12/><G73/><T62/><D62/><U30/><E131/><V25/><F129/><W78/><G78/><T23/><D23/><U90/><E63/><V39/><F110/><W115/><G113/><T120/><D120/><U17/><E61/><V127/><F127/><W124/><G124/><T35/><D35/><U7/><E125/><V85/><F55/><W29/><G53/><T31/><D31/><U69/><E30/><V51/><F97/><W72/><G29/><T103/><D103/><U105/><E100/><V54/><F25/><W14/><G74/><T56/><D56/><U126/><E126/><V38/><F28/><W22/><G22/><T75/><D75/><U123/><E123/><V64/><F64/><W112/><G115/><T102/><D102/><U117/><E24/><V76/><F76/><W128/><G128/><T121/><D121/><U18/><E20/><V82/><F82/><W57/><G112/><T67/><D67/><U27/><E27/><V0/><F0/><W42/><G111/><T83/><D83/><U16/><E2/><V10/><F39/><W87/><G36/><T32/><D32/><U48/><E69/><V130/><F130/><W26/><G108/><T98/><D37/><U58/><E49/><V52/><F38/><W41/><G72/><T118/><D118/><U46/><E117/><RYUUKYOKU ba="0,0" sc="507,0,200,0,124,0,169,0" /><INIT seed="3,1,0,4,3,19" ten="507,200,124,169" oya="3" hai0="107,8,78,115,75,122,119,38,30,91,50,47,62" hai1="17,126,121,37,124,31,93,85,5,29,82,10,7" hai2="77,39,73,35,58,103,134,108,45,59,63,33,129" hai3="113,54,71,112,49,98,27,80,109,28,0,102,12"/><W23/><G0/><T88/><D122/><U76/><E121/><V99/><F108/><W43/><G71/><T74/><D119/><U133/><E133/><V106/><F129/><W34/><G43/><T131/><D131/><U57/><E37/><V14/><F134/><W92/><G80/><T40/><D107/><U100/><E57/><V84/><F73/><W18/><REACH who="3" step="1"/><G109/><REACH who="3" step="2"/><T44/><D115/><U132/><E132/><V61/><F77/><W20/><G20/><T66/><D8/><U4/><E10/><V96/><F39/><W79/><G79/><T116/><D116/><U111/><E111/><V11/><F11/><W130/><G130/><T55/><D78/><U15/><E126/><V117/><F117/><W127/><G127/><T42/><D38/><U25/><E124/><V64/><F106/><W56/><AGARI ba="1,1" hai="12,18,23,27,28,34,49,54,56,92,98,102,112,113" machi="56" ten="20,7800,0" yaku="1,1,0,1,7,1,52,1,53,0" doraHai="19" doraHaiUra="68" who="3" fromWho="3" sc="507,-27,200,-27,124,-27,159,91" /><INIT seed="3,2,0,3,5,32" ten="480,173,97,250" oya="3" hai0="65,37,49,63,50,106,40,28,68,93,105,59,118" hai1="113,39,11,87,6,69,62,117,5,129,16,29,126" hai2="95,96,9,85,84,122,121,100,92,73,83,22,10" hai3="52,26,70,110,104,56,44,112,45,82,94,25,123"/><W86/><G104/><T3/><D118/><U101/><E39/><V51/><F51/><W23/><G70/><T34/><D3/><U42/><E117/><V46/><F46/><W116/><G123/><N who="2" m="47113" /><F22/><W14/><G116/><T89/><D50/><U57/><E42/><V20/><F20/><W119/><G112/><T12/><D12/><U54/><E69/><V66/><F66/><W77/><G110/><T0/><D0/><U128/><E113/><V71/><F71/><W79/><G79/><T15/><D15/><N who="1" m="7295" /><E29/><V61/><F61/><N who="3" m="35975" /><G94/><T90/><D90/><U133/><E5/><V36/><F36/><W125/><G125/><T67/><D67/><U81/><E6/><V19/><F73/><W21/><G119/><T97/><D28/><U60/><E62/><V58/><F58/><W127/><G127/><T124/><D34/><U17/><E126/><V134/><F134/><W80/><G82/><T24/><D24/><N who="3" m="9321" /><G21/><T78/><D78/><U31/><E133/><V114/><F114/><W38/><G38/><T120/><D120/><U103/><E31/><V4/><F19/><AGARI ba="2,0" hai="14,19,23,44,45,77,80,86" m="9321,35975" machi="19" ten="30,2900,0" yaku="8,1,54,1" doraHai="32" who="3" fromWho="2" sc="480,0,173,0,97,-35,250,35" /><INIT seed="3,3,0,2,3,55" ten="480,173,62,285" oya="3" hai0="77,70,39,89,73,40,103,105,24,64,132,16,117" hai1="1,36,122,87,67,121,0,35,126,56,50,63,75" hai2="41,42,45,125,81,118,60,28,37,61,54,25,129" hai3="108,111,69,100,10,128,32,19,3,51,66,27,34"/><W123/><G123/><T92/><D117/><U78/><E75/><V86/><F118/><W114/><G51/><T93/><D132/><U74/><E74/><V88/><F125/><W76/><G76/><T113/><D113/><U96/><E35/><N who="3" m="13354" /><G66/><T7/><D7/><U26/><E36/><V119/><F129/><W30/><G69/><T98/><D92/><U68/><E126/><V48/><F119/><W49/><G49/><T101/><D101/><U65/><E26/><V15/><F15/><N who="3" m="7671" /><G100/><T13/><D24/><U59/><E68/><V43/><REACH who="2" step="1"/><F37/><REACH who="2" step="2"/><W8/><G128/><T22/><D39/><U99/><E122/><V71/><F71/><W102/><G114/><T85/><D40/><U5/><E121/><V52/><F52/><W131/><G131/><T116/><D116/><U4/><E67/><V20/><AGARI ba="3,1" hai="20,25,28,41,42,43,45,48,54,60,61,81,86,88" machi="20" ten="30,7900,0" yaku="1,1,0,1,8,1,54,1,53,0" doraHai="55" doraHaiUra="94" who="2" fromWho="2" sc="480,-23,173,-23,52,98,285,-42" /><INIT seed="4,0,0,2,0,119" ten="457,150,150,243" oya="0" hai0="65,72,77,78,56,21,107,74,10,133,131,60,83" hai1="79,38,46,0,31,94,53,71,100,16,89,30,43" hai2="125,126,85,114,113,96,127,32,50,75,57,61,39" hai3="17,63,34,122,105,4,123,45,91,80,112,14,59"/><T62/><D107/><U92/><E71/><V2/><F2/><W33/><G105/><T87/><D133/><U97/><E0/><V49/><F32/><W9/><G45/><T8/><D131/><U27/><E79/><V98/><F75/><W103/><G103/><T25/><D60/><U35/><E53/><N who="2" m="33967" /><F85/><N who="3" m="50599" /><G112/><N who="2" m="43113" /><F39/><W41/><G4/><T6/><D10/><U36/><E36/><V76/><F76/><W86/><G86/><T28/><D78/><U19/><REACH who="1" step="1"/><E31/><REACH who="1" step="2"/><V7/><F7/><W37/><G37/><T129/><D129/><U134/><E134/><V69/><F69/><W115/><G115/><T93/><D93/><U88/><E88/><V108/><F108/><W44/><G44/><T70/><D70/><U64/><E64/><V81/><F81/><W22/><G41/><T67/><D67/><U118/><E118/><V104/><F104/><W95/><G34/><T20/><D20/><U124/><E124/><V23/><F23/><W15/><G33/><T54/><D65/><U128/><E128/><V111/><F111/><W1/><G1/><AGARI ba="0,1" hai="1,6,8,21,25,28,54,56,62,72,74,77,83,87" machi="1" ten="30,1500,0" yaku="7,1" doraHai="119" who="0" fromWho="3" sc="457,25,140,0,150,0,243,-15" /><INIT seed="4,1,0,2,4,31" ten="482,140,150,228" oya="0" hai0="64,88,46,74,56,52,63,50,95,5,30,58,99" hai1="120,98,53,57,20,48,45,105,29,61,34,6,66" hai2="84,96,89,131,77,79,14,110,69,108,47,127,85" hai3="129,42,106,97,124,16,22,111,123,73,1,13,19"/><T36/><D74/><U102/><E120/><V49/><F69/><W71/><G111/><T90/><D5/><U21/><REACH who="1" step="1"/><E6/><REACH who="1" step="2"/><V27/><F110/><W32/><G123/><T128/><D128/><U8/><E8/><V135/><F108/><W130/><G129/><T4/><D4/><U15/><E15/><V70/><F14/><W39/><G1/><T117/><D117/><U132/><E132/><V121/><F135/><W65/><G130/><T92/><D36/><U114/><E114/><V109/><F121/><W72/><G39/><T78/><D78/><U38/><E38/><V122/><F79/><W25/><G124/><T10/><D10/><U35/><E35/><V93/><F77/><W28/><G32/><T113/><D113/><U62/><E62/><V40/><F131/><W12/><G13/><T2/><D2/><U91/><E91/><V126/><F109/><W68/><G12/><T44/><REACH who="0" step="1"/><D30/><REACH who="0" step="2"/><U116/><E116/><V115/><F126/><W33/><G28/><T43/><D43/><U134/><E134/><V60/><F127/><W18/><G42/><T0/><D0/><U80/><E80/><V76/><F122/><W75/><G19/><T107/><D107/><U9/><E9/><V112/><F115/><W3/><G16/><T26/><D26/><AGARI ba="1,2" hai="20,21,26,29,34,45,48,53,57,61,66,98,102,105" machi="26" ten="40,2600,0" yaku="1,1,52,1,53,0" doraHai="31" doraHaiUra="7" who="1" fromWho="0" sc="472,-29,130,49,150,0,228,0" /><INIT seed="5,0,0,5,1,26" ten="443,179,150,228" oya="1" hai0="85,126,113,31,130,134,54,80,121,68,133,2,95" hai1="97,48,20,11,86,102,135,75,21,8,42,81,105" hai2="37,62,51,47,122,83,17,36,106,7,60,84,57" hai3="56,3,9,10,114,91,76,19,35,115,108,1,124"/><U128/><E128/><V66/><F106/><W34/><G91/><T0/><D68/><U28/><E135/><N who="0" m="51721" /><D130/><U27/><E75/><V46/><F122/><W18/><G56/><T111/><D111/><U92/><E105/><V112/><F112/><N who="3" m="43051" /><G76/><N who="0" m="46215" /><D113/><U96/><E96/><V40/><F7/><W118/><G118/><T24/><D126/><U73/><E73/><V87/><F17/><N who="3" m="6155" /><G124/><T77/><D77/><N who="1" m="46383" /><E20/><V70/><F83/><W25/><G25/><T65/><D65/><U13/><E13/><V104/><F104/><W127/><G108/><T129/><D129/><U99/><E99/><V132/><F132/><W94/><G94/><T4/><D121/><U131/><E131/><V88/><F87/><W125/><G127/><T109/><D109/><U29/><E29/><V39/><F84/><W59/><G59/><T78/><D78/><U12/><E12/><V64/><F88/><W90/><G90/><T50/><D95/><U33/><E33/><N who="3" m="12298" /><G125/><T45/><D4/><U89/><E89/><V43/><AGARI ba="0,0" hai="36,37,39,40,43,46,47,51,57,60,62,64,66,70" machi="43" ten="20,16000,3" yaku="0,1,7,1,35,6" doraHai="26" who="2" fromWho="2" sc="443,-40,179,-80,150,160,228,-40" /><INIT seed="6,0,0,3,0,89" ten="403,99,310,188" oya="2" hai0="83,132,129,75,100,25,6,59,65,102,78,22,76" hai1="71,81,48,46,4,73,38,114,108,14,47,121,36" hai2="93,67,61,74,43,91,41,111,26,105,63,103,5" hai3="12,134,31,135,35,2,17,39,90,66,54,123,80"/><V0/><F74/><W37/><G54/><T128/><D132/><N who="3" m="50729" /><G90/><T79/><D6/><U86/><E108/><V98/><F111/><W58/><G58/><T70/><D70/><U109/><E109/><V112/><F112/><W23/><G80/><T18/><D83/><U125/><E114/><V62/><F67/><W72/><G66/><T7/><D7/><U113/><E113/><V119/><F119/><W104/><G72/><T42/><D42/><U50/><E121/><V133/><F133/><W115/><G104/><T10/><D10/><U124/><E73/><V82/><F82/><W29/><G39/><T99/><D75/><U21/><E71/><V116/><F116/><W55/><G55/><T117/><D117/><U131/><E131/><N who="0" m="50249" /><D99/><U32/><E32/><V126/><F126/><W1/><G37/><T3/><D3/><N who="3" m="1033" /><G115/><T69/><D69/><U118/><E118/><V97/><REACH who="2" step="1"/><F26/><REACH who="2" step="2"/><N who="3" m="18935" /><G123/><T88/><D65/><U68/><E125/><V45/><F45/><W33/><G33/><T40/><D59/><U120/><E124/><V94/><F94/><W34/><G34/><T110/><D110/><U19/><E120/><V16/><F16/><W64/><G64/><T28/><D18/><U122/><E122/><V51/><F51/><W95/><G95/><T24/><D24/><N who="1" m="14399" /><E38/><V77/><F77/><W57/><G57/><T85/><D40/><N who="1" m="24647" /><E36/><V30/><F30/><AGARI ba="0,1" hai="12,17,23,29,30" m="18935,1033,50729" machi="30" ten="30,3900,0" yaku="20,1,34,2" doraHai="89" who="3" fromWho="2" sc="403,0,99,0,300,-39,188,49" /><INIT seed="7,0,0,4,0,60" ten="403,99,261,237" oya="3" hai0="116,66,119,71,98,78,76,7,67,35,74,61,39" hai1="104,48,121,83,2,52,80,73,91,96,89,128,51" hai2="37,49,17,23,58,112,92,85,97,53,8,95,18" hai3="6,45,124,70,87,111,31,106,105,57,108,132,107"/><W88/><G70/><T34/><D7/><U100/><E2/><V117/><F117/><W130/><G45/><T79/><D39/><U62/><E121/><V109/><F109/><N who="3" m="42059" /><G57/><T64/><D98/><U68/><E128/><V55/><F37/><W115/><G31/><T3/><D3/><U11/><E11/><V120/><F120/><W16/><G16/><T134/><D134/><U46/><E73/><V127/><F112/><W113/><G6/><T133/><D133/><U129/><E129/><V28/><F127/><W101/><G132/><T4/><D4/><U59/><E89/><N who="2" m="53295" /><F53/><W72/><G72/><T54/><D74/><U50/><E50/><V13/><F28/><W42/><G42/><T65/><REACH who="0" step="1"/><D54/><REACH who="0" step="2"/><U47/><E68/><V75/><F75/><W26/><G130/><T15/><D15/><U44/><REACH who="1" step="1"/><E91/><REACH who="1" step="2"/><V5/><F23/><W9/><G9/><T93/><D93/><U114/><E114/><N who="3" m="43530" /><G26/><T90/><D90/><AGARI ba="0,2" hai="5,8,13,17,18,49,55,58,90,95,97" m="53295" machi="90" ten="30,1000,0" yaku="8,1" doraHai="60" who="2" fromWho="0" sc="393,-10,89,0,261,30,237,0" owari="383,48,89,-41,291,9,237,-16" /></mjloggm>