<mjloggm ver="2.3"><GO type="169" lobby="0"/><UN n0="%E5%AF%9B%E3%83%94%E3%82%A8%E3%83%AD" n1="%E3%82%AA%E3%82%BA%E3%82%B0%E3%83%AB%E3%83%BC%E3%83%97" n2="%E7%8B%AC%E6%AD%A9" n3="%EF%BC%88%E2%89%A7%E2%96%BD%E2%89%A6%EF%BC%89" dan="16,16,18,18" rate="2096.86,2100.09,2192.70,2209.65" sx="M,M,M,M"/><TAIKYOKU oya="0"/><INIT seed="0,0,0,5,4,53" ten="250,250,250,250" oya="0" hai0="85,64,83,101,18,130,8,32,115,66,84,35,70" hai1="125,44,60,135,42,87,113,76,61,21,108,46,38" hai2="1,100,110,117,127,102,129,134,123,86,79,23,114" hai3="65,92,15,39,71,133,77,6,69,119,51,106,116"/><T54/><D115/><U62/><E113/><V49/><F23/><W75/><G106/><T103/><D130/><U112/><E112/><V24/><F24/><W107/><G107/><T104/><D54/><U122/><E122/><V72/><F49/><W90/><G39/><T45/><D45/><U78/><E135/><V34/><F86/><W9/><G133/><T93/><D93/><U14/><E125/><V22/><F22/><W58/><G75/><T10/><D104/><U120/><E120/><V73/><F79/><W74/><G74/><T11/><D18/><U50/><E108/><V81/><F102/><N who="0" m="38922" /><D83/><U124/><E124/><V48/><F100/><W5/><G5/><T96/><D96/><U111/><E111/><V121/><F81/><W94/><G94/><T41/><D41/><U17/><REACH who="1" step="1"/><E87/><REACH who="1" ten="250,240,250,250" step="2"/><N who="0" m="33353" /><D70/><U4/><E4/><V0/><F73/><W12/><G71/><T27/><D27/><U131/><E131/><V91/><F123/><W99/><G69/><T31/><D31/><U43/><AGARI ba="0,1" hai="14,17,21,38,42,43,44,46,50,60,61,62,76,78" machi="43" ten="30,8000,1" yaku="1,1,0,1,53,3" doraHai="53" doraHaiUra="56" who="1" fromWho="1" sc="250,-40,240,90,250,-20,250,-20" /><INIT seed="1,0,0,5,5,102" ten="210,330,230,230" oya="1" hai0="93,37,5,78,120,45,88,80,98,79,56,65,2" hai1="97,47,64,11,66,115,130,131,44,104,75,32,33" hai2="92,134,76,53,30,26,109,124,18,127,114,135,42" hai3="41,82,86,96,122,51,31,36,84,94,8,128,106"/><U7/><E75/><V111/><F76/><W58/><G122/><T12/><D120/><U89/><E115/><V99/><F42/><W70/><G70/><T119/><D119/><U1/><E89/><V29/><F53/><W113/><G113/><T22/><D2/><U10/><E97/><V59/><F59/><W126/><G36/><T0/><D0/><U9/><E1/><V110/><F92/><W121/><G121/><T28/><D37/><U48/><E7/><V72/><F99/><W16/><G126/><N who="2" m="48169" /><F72/><W85/><G31/><N who="2" m="11785" /><F114/><W39/><G39/><T17/><D45/><U71/><E71/><V129/><F129/><N who="1" m="49161" /><E48/><V81/><F81/><W132/><G128/><T112/><D112/><U46/><E104/><V117/><F117/><W68/><G68/><T116/><D116/><U108/><E108/><V52/><F52/><N who="3" m="32031" /><G106/><T19/><D80/><U3/><E3/><V118/><F118/><W69/><G69/><T27/><D65/><AGARI ba="0,0" hai="9,10,11,32,33,44,46,47,64,65,66" m="49161" machi="65" ten="40,7700,0" yaku="28,2,19,1" doraHai="102" who="1" fromWho="0" sc="210,-77,330,77,230,0,230,0" /><INIT seed="1,1,0,3,3,66" ten="133,407,230,230" oya="1" hai0="47,106,61,21,133,109,29,7,124,89,44,94,96" hai1="72,132,104,113,1,105,125,40,77,134,110,0,58" hai2="101,97,108,100,9,63,99,51,135,41,32,64,118" hai3="45,83,90,67,3,30,11,54,36,74,24,56,25"/><U65/><E113/><V39/><F39/><W126/><G126/><T38/><D124/><U46/><E125/><V55/><F118/><W69/><G90/><T53/><D109/><U42/><E110/><V111/><F32/><W117/><G117/><T78/><D133/><N who="1" m="51307" /><E58/><V37/><F37/><W70/><G30/><T23/><D106/><N who="1" m="41067" /><E65/><V123/><F123/><W95/><G95/><T2/><D38/><N who="1" m="21783" /><E42/><V84/><F41/><N who="3" m="22695" /><G67/><T131/><D47/><U49/><E49/><V31/><F135/><W75/><G56/><T80/><D44/><U18/><E18/><V28/><F51/><W43/><G43/><T81/><D29/><U79/><E79/><V27/><F64/><W103/><G54/><T20/><D53/><U120/><E120/><V130/><F55/><W57/><G57/><T26/><D78/><U116/><E116/><V16/><F63/><W4/><G103/><T127/><D127/><U93/><E93/><V34/><F31/><W119/><G119/><T122/><D61/><U121/><E121/><V14/><F101/><W62/><G62/><T107/><D122/><U87/><E87/><V128/><F84/><W68/><G74/><T60/><D60/><U98/><E98/><N who="2" m="37387" /><F100/><W91/><G91/><T6/><D107/><U8/><E8/><V85/><F85/><W17/><G17/><T19/><D19/><U5/><E5/><V50/><F50/><W10/><G10/><N who="0" m="2391" /><D7/><U48/><E48/><V22/><F9/><W15/><G15/><T112/><D112/><U86/><E86/><V114/><F114/><W76/><AGARI ba="1,0" hai="3,4,11,24,25,68,69,70,75,76,83" m="22695" machi="76" ten="40,8000,1" yaku="25,1,52,3" doraHai="66" who="3" fromWho="3" sc="133,-21,407,-41,230,-21,230,83" /><INIT seed="2,0,0,4,0,116" ten="112,366,209,313" oya="2" hai0="119,103,42,76,23,126,47,43,25,14,50,73,38" hai1="36,66,96,62,21,59,84,91,102,40,130,61,35" hai2="97,15,112,72,39,134,80,133,113,9,58,65,75" hai3="131,101,55,0,115,79,95,44,110,27,109,122,85"/><V37/><F97/><N who="3" m="59583" /><G0/><T67/><D119/><U89/><E35/><V135/><F65/><W100/><G115/><N who="2" m="44105" /><F58/><W128/><G27/><T26/><D126/><U20/><E130/><N who="3" m="49706" /><G100/><T81/><D103/><U11/><E36/><N who="2" m="13899" /><F80/><N who="3" m="47263" /><G122/><T19/><REACH who="0" step="1"/><D67/><REACH who="0" ten="102,366,209,313" step="2"/><U63/><E66/><V123/><F123/><W108/><G55/><T7/><D7/><AGARI ba="0,1" hai="7,9,15,72,75,133,134,135" m="13899,44105" machi="7" ten="40,2000,0" yaku="20,1" doraHai="116" who="2" fromWho="0" sc="102,-20,366,0,209,30,313,0" /><INIT seed="2,1,0,1,0,98" ten="82,366,239,313" oya="2" hai0="80,30,20,66,57,126,96,47,93,40,0,19,134" hai1="58,116,53,60,23,15,68,25,101,120,119,2,82" hai2="111,22,34,89,131,124,135,102,41,70,3,130,92" hai3="17,63,81,52,31,113,38,133,87,51,99,39,115"/><V56/><F34/><W76/><G31/><T48/><D0/><U105/><E2/><V43/><F70/><W75/><G133/><T5/><D5/><U125/><E120/><V10/><F135/><W109/><G109/><T121/><D121/><U65/><E125/><V42/><F124/><W1/><G1/><T16/><D126/><U29/><E82/><V88/><F111/><W74/><G63/><N who="0" m="38255" /><D134/><U54/><E15/><V32/><F32/><W27/><G99/><T11/><D11/><U132/><E132/><V94/><F56/><N who="3" m="32799" /><G27/><N who="0" m="16743" /><D80/><U21/><E21/><V71/><F71/><W55/><G17/><T128/><D128/><N who="2" m="49194" /><F22/><W107/><G107/><T26/><D26/><U77/><E77/><V6/><F94/><W85/><G74/><T45/><D45/><U12/><E12/><V8/><F8/><W46/><G39/><T49/><D49/><U95/><E105/><V110/><F110/><W129/><G129/><T108/><D108/><U37/><E37/><V78/><F78/><W28/><G38/><T72/><D72/><U4/><E4/><V104/><F104/><W114/><G28/><T118/><D118/><N who="1" m="45099" /><E68/><V7/><F7/><W36/><G36/><T90/><AGARI ba="1,0" hai="16,19,40,47,48,90,93,96" m="16743,38255" machi="90" ten="30,2000,0" yaku="8,1,54,1" doraHai="98" who="0" fromWho="0" sc="82,23,366,-6,239,-11,313,-6" /><INIT seed="3,0,0,0,0,45" ten="105,360,228,307" oya="3" hai0="116,55,92,2,24,77,89,65,114,6,53,131,71" hai1="41,127,26,112,15,108,49,36,29,88,34,78,115" hai2="38,118,94,59,5,129,3,86,43,124,47,68,113" hai3="110,111,0,96,82,30,97,87,75,133,67,4,8"/><W63/><G30/><T85/><D116/><U72/><E36/><V101/><F118/><W120/><G75/><T35/><D114/><U76/><E127/><V105/><F68/><W93/><G120/><T117/><D117/><U22/><E108/><N who="3" m="41514" /><G93/><T20/><D131/><U128/><E72/><V91/><F129/><W95/><G95/><T50/><D35/><U62/><E128/><V104/><F113/><W135/><G87/><T119/><D119/><U25/><E62/><V48/><F124/><W23/><G23/><T100/><D71/><U80/><E15/><V46/><F101/><W123/><G82/><T66/><D2/><U60/><E60/><V109/><F109/><W69/><G123/><T73/><D6/><U17/><E115/><V81/><F81/><W39/><G39/><T58/><D100/><U42/><E112/><V134/><F5/><W130/><G130/><T90/><D90/><U13/><E88/><V106/><F3/><W44/><G44/><T1/><D1/><U98/><E98/><AGARI ba="0,0" hai="0,4,8,63,67,69,96,97,98,133,135" m="41514" machi="98" ten="30,2900,0" yaku="14,1,10,1" doraHai="45" who="3" fromWho="1" sc="105,0,360,-29,228,0,307,29" /><INIT seed="3,1,0,5,3,96" ten="105,331,228,336" oya="3" hai0="97,117,38,76,110,43,61,132,127,123,31,65,15" hai1="93,3,20,89,86,81,10,128,44,87,80,0,50" hai2="125,114,83,18,73,57,74,39,111,54,129,90,130" hai3="47,121,116,95,134,133,33,126,103,7,32,67,58"/><W112/><G121/><T6/><D123/><U108/><E128/><V66/><F114/><W5/><G112/><T35/><D117/><U120/><E108/><V63/><F111/><W45/><G116/><T36/><D110/><U25/><E120/><V72/><F39/><W46/><G126/><T24/><D127/><U101/><E10/><V23/><F125/><W11/><G67/><T37/><D132/><N who="3" m="50793" /><G58/><T41/><D76/><U79/><E93/><V124/><F124/><W106/><G106/><T42/><D97/><U71/><E71/><V22/><F66/><W28/><G28/><T62/><REACH who="0" step="1"/><D65/><REACH who="0" ten="95,331,228,336" step="2"/><U19/><E3/><V34/><F130/><W59/><G59/><T64/><D64/><U40/><E0/><V102/><F129/><W13/><G5/><T69/><D69/><U8/><E8/><AGARI ba="1,1" hai="6,8,15,24,31,35,36,37,38,41,42,43,61,62" machi="8" ten="50,1600,0" yaku="1,1,53,0" doraHai="96" doraHaiUra="75" who="0" fromWho="1" sc="95,29,331,-19,228,0,336,0" /><INIT seed="4,0,0,4,0,120" ten="124,312,228,336" oya="0" hai0="129,112,80,2,102,27,22,49,8,107,126,91,121" hai1="79,68,78,71,81,90,101,119,74,17,48,30,76" hai2="58,75,50,13,51,37,57,41,131,20,69,12,52" hai3="47,122,45,73,92,35,96,3,77,94,34,32,55"/><T15/><D121/><U4/><E119/><V46/><F75/><W85/><G122/><T117/><D117/><U86/><E74/><V98/><F131/><W18/><G3/><T133/><D129/><U105/><E30/><V54/><F69/><W100/><G73/><T67/><D112/><U110/><E4/><V65/><F65/><W25/><G55/><T31/><D126/><U111/><E17/><V135/><F135/><W16/><G18/><T82/><D133/><U6/><E6/><V106/><F20/><W63/><G63/><T113/><D113/><U124/><E48/><V60/><F60/><W5/><G5/><T33/><D67/><U93/><E124/><V87/><F87/><W128/><G128/><T38/><D38/><U39/><E39/><V23/><F23/><W43/><G43/><T59/><D2/><U130/><E130/><V99/><F106/><W88/><G77/><T36/><D36/><U109/><E105/><V56/><F56/><W62/><G62/><T72/><D33/><U118/><E118/><V11/><F13/><W61/><G61/><T115/><D115/><U66/><REACH who="1" step="1"/><E66/><REACH who="1" ten="124,302,228,336" step="2"/><V7/><AGARI ba="0,1" hai="7,11,12,37,41,46,50,51,52,54,57,58,98,99" machi="7" ten="20,5200,0" yaku="0,1,7,1,9,1,54,1" doraHai="120" who="2" fromWho="2" sc="124,-26,302,-13,228,62,336,-13" /><INIT seed="5,0,0,3,1,38" ten="98,289,290,323" oya="1" hai0="80,33,71,88,27,48,57,11,103,126,101,59,6" hai1="34,15,42,97,21,10,58,114,84,54,129,102,83" hai2="22,119,46,74,127,18,20,44,135,123,85,7,64" hai3="124,113,115,100,51,2,65,118,108,52,70,19,122"/><U23/><E34/><V95/><F74/><W16/><G122/><T133/><D71/><U111/><E129/><V91/><F119/><W130/><G108/><T61/><D126/><U62/><E111/><V96/><F127/><W92/><G124/><T24/><D133/><U14/><E114/><N who="3" m="43530" /><G2/><T32/><D48/><U67/><E15/><V1/><F1/><W26/><G26/><T125/><D125/><U98/><E67/><V56/><F7/><W131/><G118/><T17/><D59/><U66/><E66/><V69/><F69/><W13/><G92/><T30/><D17/><N who="3" m="6729" /><G100/><T0/><D24/><U4/><E98/><V77/><F123/><W121/><G13/><T40/><D33/><U25/><E25/><N who="2" m="14487" /><F22/><W79/><G79/><T75/><D40/><U63/><E42/><V128/><F128/><W76/><G76/><T47/><D47/><U55/><E55/><V53/><F64/><W94/><G94/><T93/><D75/><U134/><E63/><N who="2" m="36239" /><F135/><W3/><G3/><T31/><D31/><U112/><E134/><V89/><F77/><W68/><G121/><T99/><REACH who="0" step="1"/><D80/><AGARI ba="0,0" hai="44,46,80,85,89,91,95,96" m="36239,14487" machi="80" ten="30,2000,0" yaku="25,1,8,1" doraHai="38" who="2" fromWho="0" sc="98,-20,289,0,290,20,323,0" /><INIT seed="6,0,0,2,2,98" ten="78,289,310,323" oya="2" hai0="106,55,95,135,18,109,13,133,114,97,35,54,132" hai1="56,102,88,37,62,65,67,78,2,76,15,50,16" hai2="23,113,115,52,91,51,105,29,89,48,71,27,41" hai3="116,100,33,103,9,110,123,26,57,14,53,68,129"/><V128/><F71/><W99/><G68/><T119/><D109/><U58/><E37/><V11/><F128/><W79/><G123/><T118/><D114/><N who="2" m="43530" /><F105/><W90/><G110/><T40/><D40/><U77/><E2/><V101/><F101/><N who="3" m="38987" /><G33/><T7/><D106/><U38/><E102/><V83/><F83/><W10/><G116/><T93/><D35/><U59/><E38/><V92/><F92/><N who="3" m="56727" /><G129/><T134/><N who="0" m="33792" /><DORA hai="4" /><T43/><D43/><U34/><E34/><V127/><F127/><W94/><G79/><T70/><D70/><U74/><E74/><V0/><F41/><W112/><G112/><T44/><D7/><U22/><E88/><N who="2" m="33867" /><F52/><N who="0" m="20010" /><D44/><U86/><E86/><V66/><F66/><W111/><G111/><T12/><D97/><U117/><E117/><N who="0" m="44553" /><D13/><U124/><E124/><V125/><F125/><W104/><G104/><T73/><D73/><U46/><REACH who="1" step="1"/><E67/><REACH who="1" ten="78,279,310,323" step="2"/><V49/><F0/><W72/><G72/><T5/><D5/><U25/><E25/><V6/><F6/><W21/><G94/><T63/><D63/><U120/><E120/><V45/><F45/><W84/><G84/><T32/><D32/><U39/><E39/><V31/><F31/><N who="3" m="17871" /><G14/><T61/><D61/><AGARI ba="0,1" hai="9,10,53,57,61" m="17871,56727,38987" machi="61" ten="30,12000,2" yaku="8,1,52,5" doraHai="98,4" who="3" fromWho="0" sc="78,-120,279,0,310,0,323,130" owari="-42,-54.0,279,-12.0,310,11.0,453,55.0" /></mjloggm>