<mjloggm ver="2.3"><GO type="169" lobby="0"/><UN n0="%61%6B%69%6E%61%72%69%30" n1="%41%6B%61%2D%75%72%61" n2="%EF%BC%88%E2%89%A7%E2%96%BD%E2%89%A6%EF%BC%89" n3="%E3%83%9F%E3%83%A9%E3%82%AF%E3%83%AB%E3%81%8A%E3%81%98%E3%81%95%E3%82%93" dan="18,16,19,17" rate="2199.89,2081.92,2278.44,2127.36" sx="F,M,M,M"/><TAIKYOKU oya="0"/><INIT seed="0,0,0,5,5,119" ten="250,250,250,250" oya="0" hai0="56,18,117,77,73,30,66,20,106,50,60,24,14" hai1="93,133,132,81,70,19,71,91,6,118,11,29,44" hai2="114,40,83,82,108,87,33,67,94,130,2,135,47" hai3="54,48,16,34,13,41,45,129,88,26,122,3,57"/><T1/><D117/><U85/><E118/><V76/><F2/><W111/><G3/><T75/><D1/><U8/><E29/><V92/><F114/><W123/><G111/><T7/><D7/><U42/><E19/><V113/><F113/><W15/><G129/><T23/><D106/><U72/><E72/><V84/><F33/><W101/><G101/><T27/><D77/><U90/><E71/><V121/><F135/><N who="1" m="51785" /><E70/><V95/><F130/><W52/><G88/><T9/><REACH who="0" step="1"/><D50/><REACH who="0" ten="240,250,250,250" step="2"/><N who="1" m="26903" /><E6/><V5/><F5/><W69/><G48/><T128/><D128/><U38/><E38/><V126/><F76/><W4/><G4/><T64/><D64/><U36/><E36/><V35/><F67/><W109/><G109/><T115/><D115/><U62/><E62/><V110/><F108/><W127/><G122/><T79/><D79/><U32/><E32/><V65/><F35/><W46/><G34/><T28/><AGARI ba="0,1" hai="9,14,18,20,23,24,27,28,30,56,60,66,73,75" machi="28" ten="20,7800,0" yaku="1,1,0,1,7,1,9,1,53,0" doraHai="119" doraHaiUra="96" who="0" fromWho="0" sc="240,88,250,-26,250,-26,250,-26" /><INIT seed="0,1,0,5,3,44" ten="328,224,224,224" oya="0" hai0="7,10,62,49,47,46,108,73,72,50,1,69,16" hai1="83,120,109,112,113,134,3,127,29,111,96,22,60" hai2="12,61,124,101,35,37,55,59,53,65,24,64,39" hai3="52,79,9,91,132,13,54,94,38,117,5,103,17"/><T74/><D108/><N who="1" m="41547" /><E3/><V121/><F121/><W114/><G114/><N who="1" m="44138" /><E60/><V43/><F101/><W41/><G117/><T75/><D75/><U125/><E120/><V28/><F124/><N who="1" m="47689" /><E96/><V36/><F65/><W86/><G132/><T97/><D97/><U126/><E83/><V98/><F98/><W84/><G103/><T135/><D62/><U14/><E126/><V128/><F64/><W21/><G38/><T40/><D135/><U131/><E134/><V129/><F61/><W18/><G41/><T30/><D30/><U57/><E57/><V133/><F59/><W2/><REACH who="3" step="1"/><G18/><REACH who="3" ten="328,224,224,214" step="2"/><T95/><D16/><N who="1" m="10519" /><E29/><V31/><F28/><W80/><AGARI ba="1,1" hai="2,5,9,13,17,21,52,54,79,80,84,86,91,94" machi="80" ten="30,4000,0" yaku="1,1,0,1,54,1,53,0" doraHai="44" doraHaiUra="70" who="3" fromWho="3" sc="328,-21,224,-11,224,-11,214,53" /><INIT seed="1,0,0,5,4,18" ten="307,213,213,267" oya="1" hai0="96,52,34,114,6,50,1,55,83,65,33,37,47" hai1="113,35,63,108,119,68,51,3,14,64,106,60,53" hai2="134,24,58,46,27,102,0,100,101,75,84,116,94" hai3="126,133,4,9,89,29,20,69,54,111,21,13,118"/><U117/><E3/><V77/><F116/><W2/><G69/><T123/><D114/><U72/><E113/><V88/><F0/><W42/><G42/><T5/><D37/><U86/><E72/><V30/><F134/><W78/><G78/><T26/><D65/><U125/><E106/><V28/><F46/><W38/><G38/><T127/><D127/><U112/><E112/><V16/><F58/><W104/><G104/><T61/><D123/><U74/><E74/><V62/><F62/><W80/><G133/><T44/><D1/><U56/><E35/><V115/><F115/><W70/><G70/><T22/><D34/><U110/><E86/><N who="2" m="52503" /><F75/><W23/><G126/><T57/><D33/><U92/><E125/><V41/><F41/><W95/><G118/><N who="1" m="45066" /><E14/><V109/><F27/><N who="3" m="16615" /><G2/><T79/><D96/><U105/><E105/><V135/><F135/><W71/><G71/><T10/><D10/><U122/><E92/><V98/><F98/><N who="3" m="57711" /><G111/><N who="1" m="42538" /><E122/><V67/><F109/><W43/><G43/><T85/><D44/><U36/><E36/><V97/><F97/><W81/><G54/><T99/><D99/><U25/><E25/><V91/><F77/><W120/><G120/><T87/><D87/><U11/><E11/><V132/><F132/><W19/><G4/><T93/><D93/><U8/><E8/><V39/><F39/><W107/><G107/><T12/><D12/><U45/><E45/><V76/><F76/><W103/><G103/><T124/><D124/><U40/><E40/><V31/><F102/><W17/><G17/><AGARI ba="0,0" hai="5,6,17,22,26,47,50,52,55,57,61,79,83,85" machi="17" ten="30,7700,0" yaku="7,1,8,1,52,1,54,1" doraHai="18" who="0" fromWho="3" sc="307,77,213,0,213,0,267,-77" /><INIT seed="2,0,0,1,5,128" ten="384,213,213,190" oya="2" hai0="6,85,51,125,84,98,41,72,43,5,97,131,122" hai1="15,126,9,86,21,24,4,106,62,116,61,18,12" hai2="109,113,1,10,8,112,95,33,88,47,14,129,49" hai3="7,77,89,119,78,53,64,65,45,59,57,111,123"/><V73/><F73/><W74/><G119/><T127/><D72/><U75/><E106/><V13/><F33/><W80/><G123/><T76/><D122/><U19/><E116/><V48/><F129/><W93/><G111/><T102/><D131/><U82/><E75/><V91/><F1/><W114/><G114/><T22/><D22/><U63/><E126/><V20/><F20/><W29/><G78/><T52/><D76/><U110/><E110/><V38/><F38/><W56/><G29/><T67/><D67/><U96/><E96/><V23/><F23/><W34/><G34/><T87/><D102/><U17/><REACH who="1" step="1"/><E24/><REACH who="1" ten="384,203,213,190" step="2"/><V55/><F109/><W132/><G74/><T133/><D97/><U71/><E71/><V117/><F117/><W108/><G108/><T68/><D98/><U11/><E11/><V124/><F124/><W35/><G64/><T100/><D68/><U121/><E121/><V130/><F130/><W58/><G65/><T37/><D125/><U103/><E103/><V39/><F10/><W46/><G59/><T118/><D118/><U28/><E28/><V44/><F113/><W99/><G57/><T32/><D100/><U94/><E94/><V70/><F70/><W31/><G56/><T60/><D127/><U120/><E120/><V135/><F112/><W2/><G31/><T115/><D115/><U0/><E0/><V69/><F69/><W66/><G2/><T134/><D134/><U101/><E101/><V40/><F135/><W16/><G132/><T54/><D133/><U104/><E104/><V79/><F8/><W90/><G93/><RYUUKYOKU ba="0,1" sc="384,-10,203,30,213,-10,190,-10" hai1="4,9,12,15,17,18,19,21,61,62,63,82,86" /><INIT seed="3,1,1,5,2,110" ten="374,233,203,180" oya="3" hai0="59,63,96,30,69,57,17,73,98,51,101,103,56" hai1="60,86,91,15,47,42,79,76,10,132,58,7,134" hai2="66,133,105,94,83,107,87,48,41,18,77,130,121" hai3="131,124,70,74,49,120,123,14,46,32,11,43,54"/><W92/><G74/><T85/><D73/><U21/><E21/><V71/><F121/><W67/><G32/><T106/><D30/><U89/><E79/><V125/><F125/><W29/><G29/><T126/><D126/><U1/><E1/><V128/><F133/><N who="1" m="51305" /><E76/><V118/><F118/><W80/><G124/><T27/><D85/><U2/><E2/><V13/><F94/><W62/><G131/><N who="2" m="50217" /><F71/><W117/><G117/><T119/><D119/><U50/><E86/><V40/><F66/><AGARI ba="1,1" hai="7,10,15,42,47,50,58,60,66,89,91" m="51305" machi="66" ten="30,1000,0" yaku="20,1" doraHai="110" who="1" fromWho="2" sc="374,0,233,23,203,-13,180,0" /><INIT seed="4,0,0,1,2,72" ten="374,256,190,180" oya="0" hai0="42,26,30,44,100,90,20,28,18,112,119,66,15" hai1="49,122,67,135,99,12,41,78,16,13,55,1,37" hai2="29,3,97,82,105,109,38,63,128,125,80,115,54" hai3="127,11,53,17,91,21,76,106,132,77,58,8,81"/><T110/><D119/><U65/><E1/><V57/><F38/><W107/><G127/><T134/><D134/><U52/><E122/><V51/><F3/><W5/><G132/><T86/><D112/><U34/><E34/><V61/><F109/><W6/><G106/><T129/><D110/><U68/><E68/><V96/><F115/><W56/><G107/><T32/><D129/><U102/><E37/><V131/><F125/><W48/><G58/><T87/><D100/><U31/><E31/><V62/><F29/><W79/><G81/><T73/><D73/><U2/><E2/><V117/><F117/><W71/><G91/><T7/><D30/><U124/><E124/><V114/><F114/><W33/><G71/><T126/><D7/><N who="3" m="2569" /><G33/><T98/><D66/><U104/><E67/><V40/><F40/><W84/><G84/><T133/><D133/><U69/><E41/><V83/><REACH who="2" step="1"/><F105/><REACH who="2" ten="374,256,180,180" step="2"/><W24/><AGARI ba="0,1" hai="8,11,17,21,24,48,53,56,76,77,79" m="2569" machi="24" ten="30,7900,0" yaku="8,1,52,3" doraHai="72" who="3" fromWho="3" sc="374,-39,256,-20,180,-20,180,89" /><INIT seed="5,0,0,0,2,27" ten="335,236,160,269" oya="1" hai0="85,31,68,87,79,132,133,117,94,74,108,96,91" hai1="121,73,53,71,118,119,4,0,90,25,58,35,111" hai2="34,69,21,86,56,39,48,88,78,105,135,36,128" hai3="75,63,57,83,28,76,131,106,43,59,41,81,49"/><U45/><E121/><V89/><F105/><W22/><G106/><T102/><D68/><U82/><E71/><V3/><F69/><W110/><G110/><T50/><D117/><U51/><E111/><V80/><F3/><W33/><G33/><T13/><D108/><U99/><E4/><V97/><F34/><W101/><G101/><T116/><D116/><U20/><E0/><V125/><F125/><W100/><G100/><T126/><D126/><U10/><E10/><V44/><F135/><N who="0" m="51786" /><D31/><U66/><E35/><V9/><F128/><W130/><G83/><N who="0" m="45559" /><D13/><U46/><E73/><V11/><F39/><W32/><G32/><T18/><D18/><U70/><E118/><V120/><F120/><W29/><G22/><T19/><D19/><U109/><E109/><V64/><F36/><W37/><G37/><T104/><D50/><U124/><E124/><V134/><F21/><W6/><G6/><T67/><D67/><U72/><E66/><V129/><F134/><W65/><G57/><T114/><D114/><U17/><E70/><V93/><F129/><N who="3" m="49163" /><G49/><T122/><D85/><N who="1" m="50487" /><E72/><V123/><F123/><AGARI ba="0,0" hai="87,91,94,96,102,104,122,123" m="45559,51786" machi="123" ten="30,7700,0" yaku="24,1,20,1,34,2" doraHai="27" who="0" fromWho="2" sc="335,77,236,0,160,-77,269,0" /><INIT seed="6,0,0,0,0,81" ten="412,236,83,269" oya="2" hai0="21,28,86,33,89,77,84,60,120,50,125,14,95" hai1="68,122,83,69,130,96,2,38,104,109,47,1,52" hai2="9,63,134,42,121,90,20,3,57,99,61,10,31" hai3="22,64,34,101,76,116,35,18,113,119,105,51,19"/><V131/><F121/><W65/><G76/><T23/><D120/><U115/><E109/><V41/><F134/><W44/><G113/><T108/><D108/><U7/><E115/><V43/><F131/><W26/><G105/><T15/><D33/><U100/><E130/><V91/><F3/><W107/><G107/><T54/><D60/><N who="2" m="23114" /><F57/><W135/><G101/><T25/><D23/><U17/><E68/><V5/><F5/><W114/><G114/><T32/><D32/><U49/><E69/><V72/><F72/><W129/><G129/><T58/><D125/><U118/><E38/><V11/><F99/><W80/><G135/><T8/><D8/><N who="2" m="2050" /><V97/><DORA hai="16" /><F97/><W75/><G65/><T103/><D103/><U126/><E7/><V56/><F56/><W124/><G64/><T112/><D112/><U71/><E126/><V123/><F123/><W36/><G124/><T87/><D77/><U128/><E71/><V132/><F132/><W40/><G36/><T59/><D59/><U27/><E128/><V12/><F12/><AGARI ba="0,0" hai="12,14,15,21,25,28,50,54,58,84,86,87,89,95" machi="12" ten="40,8000,1" yaku="8,1,52,4" doraHai="81,16" who="0" fromWho="2" sc="412,80,236,0,83,-80,269,0" /><INIT seed="7,0,0,2,3,109" ten="492,236,3,269" oya="3" hai0="133,68,44,15,111,52,86,90,33,53,100,113,65" hai1="76,41,22,119,5,40,66,118,43,92,96,82,74" hai2="18,55,20,112,62,27,34,8,117,17,37,135,7" hai3="63,95,122,126,71,67,25,105,80,56,19,75,127"/><W108/><G105/><T73/><D113/><U128/><E128/><V87/><F37/><W23/><G122/><T129/><D73/><U60/><E5/><V31/><F55/><W99/><G108/><T107/><D111/><U98/><E22/><V103/><F62/><W91/><REACH who="3" step="1"/><G71/><REACH who="3" ten="492,236,3,259" step="2"/><T47/><D68/><U24/><E118/><V49/><F49/><W58/><G58/><T42/><D107/><U116/><E119/><V106/><F106/><W6/><G6/><T97/><D129/><U36/><E36/><V72/><F72/><W110/><G110/><T131/><D131/><U120/><E116/><V125/><F103/><W38/><G38/><T61/><D100/><U77/><E74/><V2/><F117/><W39/><G39/><T81/><D44/><U130/><E130/><V88/><F135/><W121/><G121/><T123/><D133/><U57/><E120/><V29/><F125/><W59/><G59/><T101/><D47/><U35/><E57/><V132/><F132/><W48/><G48/><T94/><D101/><U21/><E60/><V79/><F79/><AGARI ba="0,1" hai="19,23,25,56,63,67,75,79,80,91,95,99,126,127" machi="79" ten="40,3900,0" yaku="1,1,53,1" doraHai="109" doraHaiUra="104" who="3" fromWho="2" sc="492,0,236,0,3,-39,259,49" owari="492,59.0,236,-16.0,-36,-54.0,308,11.0" /></mjloggm>