<mjloggm ver="2.3"><GO type="169"/><UN n0="%E3%82%A8%E3%82%A4%E3%83%92%E3%83%AC" n1="%EF%BC%88%E2%89%A7%E2%96%BD%E2%89%A6%EF%BC%89" n2="%E3%81%A9%E3%81%86%E3%81%9F%E3%81%AC%E3%81%8D%EF%BC%8D%EF%BC%91" n3="%E3%83%87%E3%82%B8%E3%82%BF%E3%83%AB%E4%BB%99%E4%BA%BA" dan="16,18,17,17" rate="2038,2255,2111,2192" sx="M,M,M,M"/><TAIKYOKU oya="0"/><INIT seed="0,0,0,1,4,91" ten="250,250,250,250" oya="0" hai0="30,120,27,132,46,113,80,106,1,59,29,49,9" hai1="94,43,24,101,6,39,82,70,69,38,103,64,0" hai2="4,67,96,99,17,73,7,95,37,116,130,3,75" hai3="114,8,88,78,21,45,123,86,51,20,48,42,93"/><T79/><D120/><U133/><E133/><V115/><F37/><W85/><G123/><T72/><D132/><U102/><E82/><V28/><F115/><W66/><G114/><T128/><D113/><U107/><E107/><V125/><F125/><W122/><G122/><T54/><D106/><U23/><E43/><V135/><F135/><W50/><G66/><T92/><D128/><U126/><E126/><V32/><F67/><W53/><G8/><T127/><D127/><U111/><E111/><V13/><F116/><W117/><G117/><T98/><D27/><U89/><E6/><V60/><F60/><W105/><G105/><T62/><D1/><U84/><E0/><V104/><F104/><W31/><G31/><T61/><D9/><U16/><REACH who="1" step="1"/><E64/><REACH who="1" ten="250,240,250,250" step="2"/><V63/><F7/><W5/><G5/><T68/><D68/><AGARI ba="0,1" hai="16,23,24,38,39,68,69,70,84,89,94,101,102,103" machi="68" ten="40,8000,1" yaku="1,1,2,1,52,1,54,1,53,0" doraHai="91" doraHaiUra="58" who="1" fromWho="0" sc="250,-80,240,90,250,0,250,0" /><INIT seed="1,0,0,2,3,5" ten="170,330,250,250" oya="1" hai0="73,40,20,116,46,109,26,53,129,70,76,12,66" hai1="90,127,60,106,117,38,132,102,126,2,25,11,36" hai2="128,27,29,54,48,35,61,55,99,15,47,111,16" hai3="130,134,85,124,64,122,69,100,28,59,1,78,80"/><U115/><E115/><V62/><F111/><W23/><G122/><T107/><D109/><U63/><E25/><V71/><F128/><W98/><G130/><T14/><D129/><U83/><E117/><V94/><F71/><W22/><G69/><T0/><D0/><U6/><E132/><V135/><F135/><W37/><G134/><T51/><D116/><U52/><E102/><V87/><F87/><W103/><G37/><T17/><D107/><U33/><E33/><V67/><F67/><W30/><G1/><T50/><D76/><U114/><E106/><V39/><F55/><W89/><G124/><N who="1" m="47658" /><E114/><V112/><F39/><N who="1" m="14889" /><E52/><V34/><F34/><W79/><G103/><T13/><D26/><U18/><E18/><V31/><F29/><W84/><G28/><T19/><D19/><U123/><E123/><V104/><F104/><W44/><G30/><T3/><D53/><U88/><E83/><V77/><F112/><W41/><G100/><T82/><D51/><U91/><AGARI ba="0,0" hai="2,6,11,60,63,88,90,91" m="14889,47658" machi="91" ten="40,7800,0" yaku="18,1,52,1,54,1" doraHai="5" who="1" fromWho="1" sc="170,-26,330,78,250,-26,250,-26" /><INIT seed="1,1,0,1,1,84" ten="144,408,224,224" oya="1" hai0="14,27,93,25,128,91,29,61,98,37,131,56,95" hai1="23,9,132,105,116,8,46,12,81,5,47,57,59" hai2="40,86,19,26,78,24,100,80,64,104,66,70,85" hai3="6,87,55,39,124,115,110,67,58,4,62,18,22"/><U21/><E105/><V53/><F70/><W92/><G115/><T129/><D37/><U52/><E132/><V65/><F40/><W36/><G124/><T43/><D43/><U2/><E116/><V88/><F100/><W45/><G110/><T51/><D51/><U126/><E126/><V103/><F103/><W32/><G32/><T102/><D14/><U101/><E101/><V133/><F104/><W82/><G92/><T44/><D44/><U48/><E81/><N who="2" m="47287" /><F133/><W17/><G39/><T60/><D29/><U3/><E3/><V30/><F30/><W10/><G36/><T72/><D72/><U15/><E2/><V117/><F117/><W120/><G120/><T108/><D108/><U90/><E90/><V75/><F75/><W77/><G10/><T31/><D31/><U122/><E122/><V69/><F69/><W1/><G1/><T121/><D121/><U68/><E68/><V135/><F135/><W111/><G111/><T119/><D119/><U63/><E47/><V96/><F96/><W130/><G130/><T112/><D112/><U20/><REACH who="1" step="1"/><E63/><REACH who="1" ten="144,398,224,224" step="2"/><V71/><F71/><W83/><G82/><T79/><D79/><U33/><E33/><V28/><F80/><W76/><G76/><T34/><D34/><U50/><E50/><V42/><F88/><W13/><G45/><T73/><D60/><U118/><E118/><V0/><F0/><W125/><G125/><T127/><D127/><U123/><E123/><V49/><F49/><W134/><G134/><T114/><D114/><U113/><E113/><V54/><F42/><W16/><G77/><RYUUKYOKU ba="1,1" sc="144,-10,398,30,224,-10,224,-10" hai1="5,8,9,12,15,20,21,23,46,48,52,57,59" /><INIT seed="1,2,1,4,2,122" ten="134,428,214,214" oya="1" hai0="58,24,14,41,100,79,69,63,48,64,22,128,65" hai1="85,9,39,132,94,28,86,80,117,111,21,25,95" hai2="26,4,38,68,37,75,55,29,104,92,72,131,110" hai3="11,134,82,103,30,35,133,44,66,96,59,60,70"/><U107/><E107/><V73/><F110/><W99/><G82/><T118/><D118/><U123/><E39/><V8/><F92/><W77/><G77/><T113/><D113/><U18/><E111/><V53/><F131/><W46/><G11/><T1/><D1/><U127/><E123/><V32/><F55/><W50/><G59/><T61/><D128/><U90/><E132/><N who="3" m="50794" /><G50/><T52/><D100/><U16/><E127/><V71/><F53/><W27/><G99/><T116/><D116/><U129/><E129/><V43/><F104/><AGARI ba="2,1" hai="27,30,35,44,46,60,66,70,96,103,104" m="50794" machi="104" ten="30,2000,0" yaku="25,1,20,1" doraHai="122" who="3" fromWho="2" sc="134,0,428,0,214,-26,214,36" /><INIT seed="2,0,0,3,2,63" ten="134,428,188,250" oya="2" hai0="49,56,108,74,70,123,25,60,92,106,4,133,128" hai1="52,117,41,135,107,51,91,22,119,42,40,57,39" hai2="130,7,29,37,19,47,78,115,1,101,8,77,90" hai3="114,54,104,34,125,73,45,99,95,28,71,23,94"/><V100/><F115/><W84/><G73/><T126/><D106/><U97/><E39/><V14/><F130/><W9/><G34/><T96/><D128/><U5/><E5/><V105/><F29/><W110/><G114/><T18/><D123/><U11/><E11/><V21/><F90/><W89/><G71/><T55/><D74/><U80/><E135/><V58/><F58/><W20/><G104/><T17/><D133/><U120/><E120/><V61/><F61/><W48/><G125/><T27/><D126/><U127/><E127/><V33/><F33/><W24/><G110/><T67/><D108/><U98/><E107/><V46/><F105/><W134/><G134/><T113/><D113/><U85/><REACH who="1" step="1"/><E22/><REACH who="1" ten="134,418,188,250" step="2"/><V112/><F112/><W81/><G9/><T36/><D4/><U62/><E62/><V83/><F37/><W59/><G20/><T65/><D36/><U66/><E66/><V0/><F0/><W124/><G124/><T88/><REACH who="0" step="1"/><D67/><REACH who="0" ten="124,418,188,250" step="2"/><U2/><E2/><V30/><F1/><W64/><G64/><T129/><D129/><U118/><AGARI ba="0,2" hai="40,41,42,51,52,57,80,85,91,97,98,117,118,119" machi="118" ten="40,5200,0" yaku="1,1,0,1,54,1,53,0" doraHai="63" doraHaiUra="12" who="1" fromWho="1" sc="124,-13,418,72,188,-26,250,-13" /><INIT seed="3,0,0,3,1,0" ten="111,490,162,237" oya="3" hai0="54,129,63,74,105,12,67,49,102,36,132,50,45" hai1="127,101,92,87,95,9,3,34,98,121,1,114,104" hai2="134,21,48,69,60,52,4,44,14,120,79,112,40" hai3="23,115,128,76,47,7,133,37,70,78,80,131,10"/><W41/><G115/><T20/><D36/><U19/><E34/><V91/><F112/><W13/><G70/><T31/><D74/><U99/><E121/><V116/><F116/><W85/><G133/><T117/><D132/><U46/><E127/><V33/><F33/><W84/><G23/><T126/><D126/><U119/><E119/><V25/><F134/><W113/><G113/><T130/><D117/><U26/><E87/><V62/><F79/><W28/><G28/><T93/><D105/><U96/><E96/><V88/><F69/><W64/><G64/><T75/><D75/><U27/><E104/><V57/><F62/><W123/><G123/><T35/><D35/><U81/><E81/><AGARI ba="0,0" hai="7,10,13,37,41,47,76,78,80,81,84,85,128,131" machi="81" ten="40,3900,0" yaku="9,1,52,1" doraHai="0" who="3" fromWho="1" sc="111,0,490,-39,162,0,237,39" /><INIT seed="3,1,0,3,0,10" ten="111,451,162,276" oya="3" hai0="95,74,64,100,56,130,38,117,75,122,110,17,27" hai1="120,114,54,28,97,11,62,31,32,25,61,9,70" hai2="124,115,2,24,93,7,52,65,66,47,26,105,59" hai3="113,63,48,45,106,119,123,96,43,69,22,42,129"/><W16/><G119/><T104/><D117/><U128/><E31/><V46/><F105/><W133/><G123/><T81/><D122/><U89/><E114/><V71/><F115/><W118/><G118/><T101/><D38/><U53/><E70/><V125/><F2/><W14/><G113/><T90/><D104/><U80/><E128/><V41/><F7/><W73/><G73/><T18/><D130/><U51/><E54/><V109/><F109/><W131/><G133/><T111/><D64/><N who="2" m="24682" /><F93/><W68/><G131/><T91/><D56/><U33/><E51/><N who="2" m="31135" /><F71/><W67/><G129/><T23/><D81/><U29/><E80/><V99/><F99/><W121/><G121/><T87/><D95/><U134/><E97/><V83/><F83/><W78/><G69/><T5/><D5/><U108/><E108/><V126/><F47/><W15/><G78/><T103/><D103/><U19/><E33/><V92/><F92/><W79/><G79/><T1/><D1/><U76/><E32/><V57/><F57/><W58/><G68/><T4/><D4/><U55/><E76/><V107/><F107/><W77/><G77/><T85/><D27/><N who="2" m="10282" /><F46/><W35/><G35/><T39/><D39/><U49/><E120/><V30/><F41/><W72/><G72/><T13/><D23/><U86/><E29/><AGARI ba="1,0" hai="29,30,124,125,126" m="10282,31135,24682" machi="29" ten="40,2600,0" yaku="18,1,54,1" doraHai="10" who="2" fromWho="1" sc="111,0,451,-29,162,29,276,0" /><INIT seed="4,0,0,4,1,4" ten="111,422,191,276" oya="0" hai0="65,12,133,9,0,58,46,41,130,116,54,14,117" hai1="119,55,125,24,50,11,80,92,13,99,34,10,35" hai2="90,56,126,82,103,6,59,27,21,71,86,73,89" hai3="111,64,78,122,113,101,105,68,118,129,38,98,39"/><T22/><D130/><U19/><E119/><V91/><F126/><W135/><RYUUKYOKU type="yao9" ba="0,0" sc="111,0,422,0,191,0,276,0" hai3="38,39,64,68,78,98,101,105,111,113,118,122,129,135" /><INIT seed="4,1,0,4,3,84" ten="111,422,191,276" oya="0" hai0="67,102,13,53,98,74,30,103,75,28,100,81,26" hai1="77,82,70,17,61,11,32,14,59,19,66,79,123" hai2="76,94,86,132,78,6,97,25,72,126,120,99,101" hai3="88,8,21,127,92,112,128,39,52,46,43,38,63"/><T35/><D67/><U80/><E32/><V116/><F120/><W1/><G21/><T129/><D129/><U49/><E123/><V111/><F111/><W60/><G128/><T106/><D30/><U34/><E34/><V41/><F41/><W135/><G39/><T36/><D36/><U90/><E70/><V7/><F25/><W107/><G107/><T85/><D102/><U104/><E104/><V31/><F31/><W87/><G135/><T47/><D103/><U69/><E69/><V113/><F113/><W42/><G112/><T125/><D125/><U109/><E109/><V0/><F0/><W10/><G127/><T50/><REACH who="0" step="1"/><D13/><REACH who="0" ten="101,422,191,276" step="2"/><U33/><E14/><V110/><F126/><W37/><G37/><T24/><D24/><U64/><E66/><V15/><F15/><W119/><G1/><T2/><D2/><U16/><E64/><V51/><F101/><W134/><G38/><T130/><D130/><U96/><E33/><V55/><F110/><W93/><G134/><T57/><D57/><U20/><E59/><V95/><F132/><W56/><G119/><T83/><D83/><U44/><E80/><V48/><F116/><W118/><G118/><T40/><D40/><N who="3" m="15401" /><G46/><T122/><D122/><U124/><E44/><V62/><F55/><W105/><G105/><T114/><D114/><U91/><E124/><V58/><F58/><N who="3" m="34887" /><G93/><T108/><D108/><U89/><E82/><V121/><F121/><W3/><G3/><T73/><D73/><U22/><E77/><AGARI ba="1,1" hai="26,28,35,47,50,53,74,75,77,81,85,98,100,106" machi="77" ten="30,5800,0" yaku="1,1,7,1,53,1" doraHai="84" doraHaiUra="29" who="0" fromWho="1" sc="101,71,422,-61,191,0,276,0" /><INIT seed="4,2,0,5,0,120" ten="172,361,191,276" oya="0" hai0="54,65,78,33,56,0,77,44,59,5,9,91,116" hai1="13,86,92,27,113,47,53,75,74,63,41,126,66" hai2="71,62,107,104,37,32,68,69,132,109,89,8,11" hai3="115,80,45,111,131,88,100,16,128,105,10,48,112"/><T64/><D116/><U123/><E126/><V129/><F62/><W81/><G100/><T117/><D117/><U87/><E123/><V83/><F89/><W26/><G105/><T20/><D33/><U30/><E75/><V51/><F51/><W61/><G61/><T1/><D44/><U35/><E74/><V21/><F83/><W97/><G111/><T49/><D1/><U6/><E53/><V29/><F132/><W38/><G38/><T125/><D125/><U34/><E34/><V24/><F32/><W94/><G81/><T96/><D59/><U79/><E79/><V134/><F134/><W15/><G26/><T73/><D73/><U12/><E92/><V101/><F101/><W43/><REACH who="3" step="1"/><G80/><REACH who="3" ten="172,361,191,266" step="2"/><T52/><D49/><U14/><E63/><V93/><F37/><W108/><G108/><T85/><D78/><U28/><E27/><V76/><F109/><W57/><G57/><T124/><D77/><U22/><E66/><V7/><F107/><W60/><G60/><T50/><D65/><U102/><E102/><V98/><F104/><W3/><G3/><T70/><D64/><U119/><E119/><V122/><F76/><W90/><G90/><T82/><D124/><U31/><E35/><V133/><F133/><W36/><G36/><T23/><D0/><U18/><E47/><V19/><F122/><W46/><G46/><T121/><D50/><U4/><E13/><V58/><F58/><W84/><G84/><T135/><D135/><U55/><E14/><V17/><F71/><W127/><G127/><T42/><D121/><U110/><E86/><RYUUKYOKU ba="2,1" sc="172,-10,361,-10,191,-10,266,30" hai3="10,15,16,43,45,48,88,94,97,112,115,128,131" /><INIT seed="5,3,1,0,0,46" ten="162,351,181,296" oya="1" hai0="91,9,23,73,114,17,60,14,122,87,105,118,94" hai1="89,37,26,93,63,92,59,133,67,123,121,104,128" hai2="117,129,16,51,126,110,130,90,35,54,65,4,102" hai3="10,127,13,68,125,0,100,57,40,8,132,77,21"/><U11/><E104/><V111/><F35/><W108/><G68/><T76/><D118/><U39/><E128/><N who="2" m="49259" /><F117/><W18/><G108/><T38/><D105/><U42/><E133/><V78/><F102/><W31/><G100/><T75/><D38/><U19/><E93/><V5/><F78/><W116/><G116/><T66/><D114/><U44/><E39/><V55/><F65/><W34/><G132/><T69/><D122/><U56/><E59/><N who="2" m="33247" /><F126/><N who="3" m="48139" /><G77/><T79/><D75/><U82/><E82/><V103/><F103/><W86/><G86/><T85/><D73/><U25/><E123/><V120/><F120/><W71/><G71/><T115/><D115/><U112/><E112/><V30/><F30/><W80/><G80/><T53/><D87/><U74/><E74/><V7/><F90/><W84/><G84/><T95/><D95/><U72/><E72/><V134/><F134/><W119/><G119/><T15/><REACH who="0" step="1"/><D53/><REACH who="0" ten="152,351,181,296" step="2"/><U70/><E121/><V81/><F55/><W45/><G40/><T2/><D2/><U97/><E42/><V33/><F81/><W124/><G0/><T106/><D106/><U107/><E107/><V1/><F1/><W52/><G124/><T29/><D29/><U24/><E37/><V48/><F111/><W135/><G135/><T6/><AGARI ba="3,2" hai="6,9,14,15,17,23,60,66,69,76,79,85,91,94" machi="6" ten="20,5200,0" yaku="1,1,0,1,7,1,53,1" doraHai="46" doraHaiUra="58" who="0" fromWho="0" sc="152,81,351,-29,181,-16,296,-16" /><INIT seed="6,0,0,4,5,49" ten="233,322,165,280" oya="2" hai0="98,14,28,21,7,87,103,61,17,131,106,55,133" hai1="83,12,2,125,100,4,71,42,10,51,115,73,41" hai2="78,76,116,60,135,108,122,56,121,19,75,24,59" hai3="132,120,117,40,110,114,64,118,15,107,9,22,3"/><V0/><F116/><W67/><G110/><T48/><D131/><U36/><E71/><V134/><F0/><W37/><G107/><T84/><D133/><N who="2" m="50698" /><F75/><W27/><G132/><T23/><D7/><U33/><E33/><V112/><F112/><W93/><G3/><T57/><D28/><U127/><E36/><V77/><F108/><W68/><G120/><N who="2" m="46185" /><F60/><W90/><G114/><T80/><D23/><AGARI ba="0,0" hai="19,23,24,56,59,76,77,78" m="46185,50698" machi="23" ten="40,2000,0" yaku="20,1" doraHai="49" who="2" fromWho="0" sc="233,-20,322,0,165,20,280,0" /><INIT seed="6,1,0,3,3,89" ten="213,322,185,280" oya="2" hai0="68,63,98,120,26,61,70,55,122,127,53,129,35" hai1="100,118,93,82,74,25,14,62,29,64,94,56,42" hai2="11,58,131,27,121,40,91,102,1,108,78,66,104" hai3="49,15,22,48,87,107,133,119,80,83,6,34,32"/><V69/><F121/><N who="0" m="46698" /><D98/><N who="1" m="59471" /><E74/><V86/><F131/><W92/><G107/><T117/><D26/><U132/><E82/><V47/><F69/><N who="0" m="26730" /><D35/><U73/><E118/><V39/><F108/><W105/><G105/><T21/><D21/><N who="1" m="15535" /><E132/><V114/><F114/><W10/><G133/><T88/><D88/><U45/><E73/><V110/><F110/><W79/><G119/><T41/><D117/><U81/><E81/><V126/><F126/><W103/><G83/><T31/><D31/><U36/><E14/><V43/><F78/><W123/><G123/><T57/><D129/><U97/><E36/><V106/><F43/><W13/><G32/><T37/><D127/><U128/><E128/><V51/><F39/><W3/><G34/><T44/><D63/><U111/><E111/><V101/><F106/><W20/><G3/><T76/><D76/><U28/><E28/><V99/><F102/><W96/><G20/><T54/><AGARI ba="1,0" hai="37,41,44,53,54,55,57,61" m="26730,46698" machi="54" ten="40,2700,0" yaku="34,2" doraHai="89" who="0" fromWho="0" sc="213,30,322,-8,185,-14,280,-8" /><INIT seed="7,0,0,2,1,114" ten="243,314,171,272" oya="3" hai0="56,19,101,104,71,67,79,12,9,111,69,130,100" hai1="125,122,72,131,7,110,120,93,32,128,132,0,17" hai2="64,113,106,51,74,95,81,31,121,50,115,40,127" hai3="61,119,89,107,18,20,4,23,34,13,42,11,52"/><W43/><G107/><T123/><D123/><U14/><E72/><V109/><F121/><N who="1" m="46697" /><E110/><V78/><F109/><W57/><G119/><T85/><D130/><N who="1" m="49707" /><E125/><V48/><F127/><W58/><G34/><T44/><D111/><U54/><E132/><V38/><F106/><W5/><G89/><T135/><D135/><U108/><E108/><V10/><F31/><W29/><G57/><T39/><D71/><U47/><E32/><V86/><F64/><W80/><G80/><N who="0" m="47263" /><D39/><U102/><E7/><N who="3" m="2634" /><G29/><T41/><D69/><U8/><E0/><V90/><F10/><W73/><G73/><T103/><D104/><U77/><E77/><V75/><F74/><W62/><G62/><N who="0" m="38343" /><D44/><U55/><E47/><V68/><F68/><W26/><G26/><T92/><D41/><AGARI ba="0,0" hai="11,13,18,20,23,41,42,43,52,58,61" m="2634" machi="41" ten="30,2900,0" yaku="8,1,54,1" doraHai="114" who="3" fromWho="0" sc="243,-29,314,0,171,0,272,29" /><INIT seed="7,1,0,4,4,135" ten="214,314,171,301" oya="3" hai0="134,55,30,121,108,46,2,82,35,80,102,96,15" hai1="120,76,45,67,70,54,56,49,88,13,37,10,79" hai2="109,116,8,61,26,97,48,130,81,58,41,132,9" hai3="111,98,83,110,119,19,29,99,78,5,60,0,93"/><W124/><G124/><T33/><D2/><U106/><E106/><V12/><F109/><N who="3" m="41483" /><G119/><T122/><D134/><U92/><E120/><V128/><F130/><W104/><G29/><T21/><D108/><U64/><E70/><V53/><F128/><W52/><G104/><T11/><D35/><U115/><E115/><V85/><F132/><W123/><G123/><T7/><D33/><U47/><E37/><V43/><F116/><W114/><G114/><T18/><D122/><U75/><E75/><V62/><F8/><N who="3" m="2087" /><G19/><T14/><D30/><U72/><E72/><V22/><F97/><W103/><G99/><T73/><D73/><U34/><E34/><V74/><F74/><N who="3" m="43479" /><G52/><T129/><D129/><U84/><E76/><V89/><F62/><AGARI ba="1,0" hai="60,62,93,98,103" m="43479,2087,41483" machi="62" ten="30,1500,0" yaku="10,1" doraHai="135" who="3" fromWho="2" sc="214,0,314,0,171,-18,301,18" owari="214,-19.0,314,11.0,153,-35.0,319,43.0" /></mjloggm>