<mjloggm ver="2.3"><GO type="169" lobby="0"/><UN n0="%E3%81%B3%E3%82%8A%E3%81%B3%E3%82%8A%E2%98%86%E3%83%93%E3%83%AA%E3%83%BC" n1="%EF%BC%88%E2%89%A7%E2%96%BD%E2%89%A6%EF%BC%89" n2="%4E%41%4B%37" n3="%E6%B9%8A%E3%81%AE%E9%87%A3%E5%B8%AB" dan="18,17,16,16" rate="2259.66,2129.45,2095.21,2109.60" sx="M,M,M,M"/><TAIKYOKU oya="0"/><INIT seed="0,0,0,4,3,50" ten="250,250,250,250" oya="0" hai0="25,34,122,53,102,18,68,127,120,130,4,133,20" hai1="110,66,62,32,38,89,5,87,22,112,81,107,90" hai2="51,6,15,46,132,86,118,41,84,128,7,44,126" hai3="75,60,117,57,56,95,54,113,61,47,119,101,91"/><T42/><D68/><U129/><E32/><V45/><F132/><W104/><G75/><T27/><D133/><U29/><E38/><V43/><F126/><W49/><G113/><T77/><D127/><U105/><E112/><V88/><F128/><W92/><G104/><T108/><D130/><U23/><E129/><V19/><F118/><W0/><G0/><T48/><D42/><U78/><E110/><V83/><F86/><W125/><G125/><T13/><D108/><U9/><E105/><V17/><F46/><W96/><G119/><T80/><D102/><U65/><E107/><V67/><F67/><W85/><G117/><T121/><D4/><U40/><E40/><V10/><REACH who="2" step="1"/><F7/><REACH who="2" ten="250,250,240,250" step="2"/><W30/><G30/><T12/><D120/><U103/><E66/><V99/><F99/><W16/><G16/><N who="0" m="12423" /><D121/><U64/><E64/><V134/><F134/><W76/><G76/><T55/><D122/><U8/><E29/><V2/><F2/><W73/><G73/><T114/><D114/><U36/><E65/><V37/><AGARI ba="0,1" hai="6,10,15,17,19,37,41,43,44,45,51,83,84,88" machi="37" ten="20,5200,0" yaku="1,1,0,1,7,1,54,1,53,0" doraHai="50" doraHaiUra="100" who="2" fromWho="2" sc="250,-26,250,-13,240,62,250,-13" /><INIT seed="1,0,0,2,0,52" ten="224,237,302,237" oya="1" hai0="55,32,42,102,36,1,51,15,38,61,21,131,65" hai1="64,122,28,128,19,34,45,112,91,95,114,31,118" hai2="82,69,24,37,126,123,71,93,46,124,4,111,130" hai3="75,106,129,115,101,108,44,33,132,54,72,88,30"/><U20/><E122/><V96/><F123/><W29/><G115/><T77/><D1/><U117/><E64/><V127/><F4/><W89/><G132/><T135/><D32/><U99/><E128/><V110/><F130/><W27/><G129/><T47/><D131/><U86/><E34/><V17/><F82/><W56/><G30/><T100/><D135/><U78/><E114/><V22/><F37/><W58/><G108/><N who="2" m="41513" /><F46/><W53/><G44/><T39/><D77/><U120/><E120/><V50/><F50/><W94/><G106/><T3/><D3/><U57/><E112/><V26/><F26/><W134/><G134/><T49/><D21/><U79/><E45/><V90/><AGARI ba="0,0" hai="17,22,24,69,71,90,93,96,124,126,127" m="41513" machi="90" ten="40,2700,0" yaku="18,1,14,1" doraHai="52" who="2" fromWho="2" sc="224,-7,237,-13,302,27,237,-7" /><INIT seed="2,0,0,0,4,118" ten="217,224,329,230" oya="2" hai0="128,40,36,132,5,19,35,76,112,77,82,50,95" hai1="69,100,99,1,108,70,93,109,110,117,0,72,33" hai2="90,51,2,13,80,24,10,61,116,121,60,11,103" hai3="74,63,45,114,97,85,56,91,62,39,84,126,37"/><V53/><F116/><W32/><G32/><T28/><D112/><U135/><E117/><V57/><F103/><W96/><G74/><T115/><D115/><U48/><E135/><V20/><F2/><W125/><G114/><T9/><D36/><U34/><E72/><V21/><F121/><W98/><G45/><T22/><D132/><U6/><E48/><V92/><F80/><W134/><G134/><T122/><D128/><U106/><E93/><V54/><F60/><N who="3" m="23083" /><G56/><T46/><D35/><N who="1" m="13323" /><E6/><N who="2" m="3287" /><F11/><W25/><G25/><T12/><D28/><U67/><E67/><V49/><F24/><W26/><G26/><T86/><D95/><U43/><E43/><V101/><F101/><W66/><G91/><T64/><D64/><U79/><E79/><V124/><F124/><N who="3" m="47723" /><G66/><T17/><D77/><U88/><E88/><V104/><F104/><W8/><G8/><T7/><REACH who="0" step="1"/><D122/><REACH who="0" ten="207,224,329,230" step="2"/><U83/><E83/><V14/><F92/><W119/><G119/><T111/><D111/><U129/><E129/><V55/><F90/><W107/><G107/><T38/><D38/><AGARI ba="0,1" hai="37,38,39,84,85,96,97,98" m="47723,23083" machi="38" ten="40,5200,0" yaku="28,2,18,1" doraHai="118" who="3" fromWho="0" sc="207,-52,224,0,329,0,230,62" /><INIT seed="3,0,0,0,0,64" ten="155,224,329,292" oya="3" hai0="63,111,132,129,15,21,13,47,14,23,20,60,88" hai1="28,59,127,85,133,122,26,43,65,81,121,49,131" hai2="54,95,93,9,119,67,39,104,4,3,61,56,114" hai3="77,78,116,34,124,105,50,8,125,103,80,31,57"/><W66/><G116/><T29/><D111/><U108/><E108/><V37/><F119/><W107/><G8/><T126/><D129/><U74/><E74/><V5/><F114/><W53/><G66/><T18/><D126/><N who="3" m="48745" /><G103/><T134/><D29/><U91/><E127/><V19/><F5/><W82/><G31/><T90/><D47/><U76/><E131/><V120/><F120/><W79/><G34/><T36/><D36/><U12/><E133/><N who="0" m="51305" /><D18/><U96/><E122/><V48/><F19/><W69/><G69/><T32/><D32/><U52/><E121/><V99/><F104/><AGARI ba="0,0" hai="50,53,57,77,78,79,80,82,104,105,107" m="48745" machi="104" ten="40,2000,0" yaku="18,1" doraHai="64" who="3" fromWho="2" sc="155,0,224,0,329,-20,292,20" /><INIT seed="3,1,0,1,4,70" ten="155,224,309,312" oya="3" hai0="27,99,43,31,106,36,112,2,23,130,74,54,16" hai1="55,26,32,83,71,86,87,79,72,50,77,75,67" hai2="126,29,1,117,120,121,60,90,115,57,105,73,45" hai3="22,17,127,110,84,102,10,51,122,128,133,94,118"/><W85/><G118/><T46/><D74/><U19/><E71/><V47/><F117/><W34/><G122/><N who="2" m="47209" /><F115/><W0/><G34/><T66/><D112/><U28/><E67/><N who="2" m="39311" /><F73/><W40/><G128/><T21/><D130/><U68/><E68/><V125/><F105/><W61/><G61/><T132/><D66/><U8/><E8/><V4/><F29/><W30/><G30/><T81/><D132/><U59/><REACH who="1" step="1"/><E19/><REACH who="1" ten="155,214,309,312" step="2"/><V98/><F1/><W113/><G10/><T65/><D2/><U42/><E42/><V109/><F4/><W38/><G0/><T78/><D65/><U52/><E52/><V37/><F109/><W131/><G17/><T96/><D54/><U80/><AGARI ba="1,1" hai="26,28,32,50,55,59,72,75,77,79,80,83,86,87" machi="80" ten="30,7900,0" yaku="1,1,0,1,9,1,53,1" doraHai="70" doraHaiUra="44" who="1" fromWho="1" sc="155,-21,214,92,309,-21,312,-40" /><INIT seed="4,0,0,5,0,43" ten="134,306,288,272" oya="0" hai0="20,12,83,134,125,74,110,63,102,17,26,120,39" hai1="50,62,56,104,42,116,7,64,76,25,5,107,88" hai2="82,36,123,135,30,95,112,2,128,84,80,22,96" hai3="38,61,28,118,117,52,57,18,105,37,78,79,108"/><T54/><D120/><U11/><E76/><V49/><F123/><W55/><G105/><T15/><D39/><U66/><E116/><V89/><F36/><W19/><G28/><T87/><D74/><U41/><E107/><V106/><F2/><W94/><G94/><T129/><D129/><U24/><E104/><V33/><F33/><W14/><G108/><T32/><D110/><U75/><E75/><V27/><F128/><W69/><G69/><T93/><D134/><U113/><E113/><V81/><F135/><W71/><G71/><T86/><D32/><U90/><E11/><V85/><F112/><W131/><G131/><T59/><D125/><U111/><E111/><V124/><F124/><W45/><G14/><T47/><D47/><N who="1" m="25975" /><E64/><V101/><REACH who="2" step="1"/><F49/><REACH who="2" ten="134,306,278,272" step="2"/><W130/><G130/><T40/><D40/><U100/><E41/><V10/><F10/><W23/><G38/><T126/><D126/><U3/><E3/><V0/><F0/><W67/><G37/><T115/><D115/><U8/><E8/><V91/><AGARI ba="0,1" hai="22,27,30,80,81,82,84,85,89,91,95,96,101,106" machi="91" ten="20,2700,0" yaku="1,1,0,1,7,1,53,0" doraHai="43" doraHaiUra="51" who="2" fromWho="2" sc="134,-13,306,-7,278,37,272,-7" /><INIT seed="5,0,0,0,1,5" ten="121,299,315,265" oya="1" hai0="113,73,92,80,90,46,49,23,91,66,120,125,32" hai1="119,96,106,7,60,111,10,52,30,38,37,121,4" hai2="45,42,9,31,74,97,12,99,71,25,108,105,28" hai3="77,112,11,81,26,43,36,13,51,94,79,117,6"/><U29/><E119/><V67/><F74/><W109/><G117/><T118/><D118/><U17/><E121/><V134/><F108/><W62/><G109/><T53/><D32/><U70/><E70/><V27/><F134/><W88/><G36/><T55/><D120/><U41/><E41/><V48/><F67/><W65/><G112/><T93/><D113/><U130/><E130/><V69/><F99/><N who="3" m="57799" /><G26/><T0/><D0/><U110/><E106/><V76/><F76/><W95/><G95/><T8/><D125/><U1/><E96/><V22/><F97/><W115/><G115/><T68/><D73/><U56/><E4/><V58/><F58/><N who="3" m="37079" /><G81/><T101/><D80/><U57/><E111/><V64/><F64/><W103/><G103/><T59/><D66/><U14/><E110/><V128/><F128/><W78/><G51/><T124/><D68/><U16/><E38/><V127/><F127/><W86/><G86/><T44/><D124/><U100/><E100/><V116/><F105/><W75/><G75/><T20/><D101/><U40/><E1/><V24/><F24/><W18/><G43/><T19/><D59/><N who="1" m="34919" /><E40/><V85/><F85/><W126/><G126/><T34/><D34/><U61/><E37/><V133/><F116/><W131/><G131/><T114/><D114/><U50/><E50/><V72/><F72/><W84/><G84/><T123/><D123/><U122/><E122/><V2/><F2/><W104/><G104/><T107/><D107/><U63/><E57/><V82/><F69/><W35/><G35/><T129/><D129/><U21/><E56/><RYUUKYOKU ba="0,0" sc="121,-10,299,-10,315,-10,265,30" hai3="6,11,13,18,77,78,79" /><INIT seed="6,1,0,3,5,21" ten="111,289,305,295" oya="2" hai0="13,110,113,61,88,102,44,47,63,2,8,96,11" hai1="116,33,20,124,71,46,114,75,50,19,49,69,31" hai2="103,41,131,24,5,66,17,100,30,36,59,52,10" hai3="74,126,115,45,118,32,28,125,93,107,84,80,12"/><V57/><F66/><W85/><G118/><T135/><D110/><U99/><E116/><V120/><F120/><W121/><G121/><T48/><D113/><U87/><E75/><V133/><F133/><W128/><G107/><T97/><D135/><U51/><E46/><V79/><F79/><W129/><G45/><T15/><D2/><U7/><E7/><V22/><F36/><W92/><G12/><T127/><D127/><N who="3" m="48649" /><G115/><T25/><D102/><N who="2" m="38954" /><F41/><W119/><G119/><T29/><D48/><U43/><E43/><V94/><F131/><N who="3" m="50251" /><G74/><T34/><D47/><U108/><E124/><V42/><F42/><W14/><G14/><T53/><D44/><U54/><E114/><V18/><F94/><N who="3" m="36459" /><G80/><T111/><D13/><U60/><E49/><N who="2" m="30863" /><F59/><W40/><G40/><T95/><D111/><U98/><E108/><V68/><F68/><W65/><G65/><T130/><D130/><U27/><E71/><V81/><F81/><W89/><G89/><T35/><D97/><U38/><E99/><V72/><F72/><W3/><G3/><T109/><D109/><U132/><E98/><V26/><F5/><W58/><G58/><T4/><D11/><U104/><E69/><V37/><F37/><W91/><G91/><T62/><REACH who="0" step="1"/><D53/><REACH who="0" ten="101,289,305,295" step="2"/><U16/><E54/><V39/><F39/><W78/><G78/><T56/><D56/><U64/><E38/><V6/><F10/><W122/><G122/><T0/><D0/><U86/><E51/><V73/><F6/><W101/><G101/><T70/><D70/><U105/><E50/><V55/><F55/><W76/><G76/><RYUUKYOKU ba="1,1" sc="101,15,289,-15,305,-15,295,15" hai0="4,8,15,25,29,34,35,61,62,63,88,95,96" hai3="28,32,84,85" /><INIT seed="7,2,1,1,3,92" ten="116,274,290,310" oya="3" hai0="86,3,85,59,56,57,116,128,73,19,32,44,132" hai1="54,108,84,134,48,125,100,78,107,103,133,120,41" hai2="22,20,45,93,10,119,74,30,49,16,60,101,27" hai3="105,112,95,55,13,38,52,65,91,122,69,31,62"/><W8/><G122/><T58/><D116/><U53/><E108/><V66/><F119/><W34/><G38/><T72/><D32/><U9/><E125/><V80/><F10/><W18/><G105/><T71/><D71/><U115/><E120/><V37/><F37/><W123/><G123/><T99/><D3/><U135/><E115/><V102/><F74/><W43/><G43/><T97/><D128/><U17/><E41/><N who="2" m="24751" /><F80/><W127/><G112/><T89/><D132/><U63/><E63/><V11/><F11/><W5/><G127/><T50/><N who="0" m="14336" /><DORA hai="90" /><T76/><D73/><U42/><E42/><V35/><F35/><W51/><G51/><T129/><D72/><U94/><E48/><V6/><F6/><W121/><G121/><T14/><D129/><U81/><E107/><V4/><F4/><W131/><G131/><T118/><D118/><U79/><E79/><V82/><F82/><W75/><G75/><T106/><D76/><U67/><E67/><V21/><F66/><W110/><G110/><T28/><D28/><U1/><E1/><V83/><F83/><W2/><G31/><T114/><D114/><U130/><E130/><V109/><F109/><W36/><G36/><T113/><D113/><U104/><E104/><V61/><F22/><N who="3" m="11599" /><G34/><T68/><D68/><U26/><E9/><V46/><F46/><W7/><G7/><T25/><D25/><U39/><E39/><V24/><F93/><W111/><G111/><T0/><D0/><U64/><E64/><V12/><F27/><W87/><G69/><T117/><D117/><U88/><E26/><RYUUKYOKU ba="2,1" sc="116,-15,274,-15,290,15,310,15" hai2="12,16,20,21,24,30,60,61,101,102" hai3="2,5,8,52,55,62,65,87,91,95" owari="101,-40.0,259,-14.0,305,11.0,335,43.0" /></mjloggm>