<mjloggm ver="2.3"><GO type="41"/><UN n0="%4E%4F%42%55%53%48%49" n1="%77%61%6B%69%77%6F" n2="%E5%A4%9C%E6%98%8E%E3%81%91%E3%81%AE%E4%BF%BA" n3="%E3%82%A6%E3%83%AB%E3%83%88%E3%83%A9%E7%AB%8B%E7%9B%B4" dan="15,14,13,15" rate="2079,1958,1975,1961" sx="M,M,M,M"/><TAIKYOKU oya="0"/><INIT seed="0,0,0,4,3,8" ten="250,250,250,250" oya="0" hai0="59,47,19,124,133,9,115,110,82,35,57,94,18" hai1="121,56,0,42,14,21,103,134,132,87,65,109,111" hai2="120,97,23,15,135,83,20,118,25,62,12,34,49" hai3="53,72,107,30,99,73,64,101,37,126,63,4,91"/><T128/><D35/><U117/><E0/><V60/><F34/><W58/><G126/><T40/><D124/><U116/><E42/><V13/><F135/><N who="1" m="51753" /><E103/><V67/><F120/><W39/><G91/><T54/><D133/><U31/><E87/><V89/><F49/><W123/><G123/><T32/><D32/><U16/><E121/><V81/><F118/><N who="1" m="45673" /><E31/><N who="2" m="17831" /><F23/><W2/><G30/><T24/><D40/><U26/><E26/><V95/><F67/><W112/><G53/><T46/><D54/><U78/><E78/><V119/><F119/><W93/><G64/><T28/><D24/><U51/><E51/><V77/><F77/><W33/><G101/><T102/><D28/><U129/><E129/><V45/><F45/><W52/><G2/><T27/><D27/><U75/><E75/><V61/><AGARI ba="0,0" hai="12,13,15,60,61,62,81,83,89,95,97" m="17831" machi="61" ten="30,7900,0" yaku="8,1,52,3" doraHai="8" who="2" fromWho="2" sc="250,-39,250,-20,250,79,250,-20" /><INIT seed="1,0,0,5,2,131" ten="211,230,329,230" oya="1" hai0="22,81,93,125,54,130,38,127,129,88,21,102,5" hai1="58,132,35,64,51,47,67,7,116,66,52,40,42" hai2="97,28,43,31,6,57,106,95,55,72,80,92,12" hai3="49,20,76,0,134,114,128,34,85,68,63,19,117"/><U8/><E35/><V18/><F43/><W30/><G49/><T71/><D38/><U98/><E116/><V101/><F6/><W89/><G76/><T70/><D5/><U37/><E98/><V45/><F45/><W44/><G44/><T36/><D102/><U15/><E42/><V122/><F122/><W75/><G75/><T48/><D81/><U10/><E10/><V82/><F95/><W74/><G74/><T135/><D36/><U50/><E132/><V109/><F109/><W2/><G63/><T53/><D135/><U119/><E119/><V23/><F106/><W83/><G68/><T111/><D111/><U87/><E37/><V3/><F3/><W78/><G78/><T27/><D70/><U32/><E32/><V120/><F72/><W13/><G114/><T77/><D77/><U9/><E9/><V84/><F120/><W69/><G69/><T90/><D71/><U62/><REACH who="1" step="1"/><E87/><REACH who="1" ten="211,220,329,230" step="2"/><V104/><F84/><W4/><G134/><T14/><D130/><U60/><AGARI ba="0,1" hai="7,8,15,40,47,50,51,52,58,60,62,64,66,67" machi="60" ten="30,12000,1" yaku="1,1,2,1,0,1,8,1,54,1,53,0" doraHai="131" doraHaiUra="17" who="1" fromWho="1" sc="211,-40,220,130,329,-40,230,-40" /><INIT seed="1,1,0,5,0,80" ten="171,350,289,190" oya="1" hai0="116,4,61,39,134,24,112,113,73,78,42,135,12" hai1="34,94,87,57,62,48,110,89,35,21,101,92,129" hai2="77,124,37,132,41,0,74,67,32,46,13,16,104" hai3="127,72,125,29,106,58,107,14,44,28,2,56,82"/><U69/><E129/><V47/><F104/><W98/><G44/><T122/><D73/><U95/><E110/><V126/><F32/><W52/><G82/><T86/><D39/><U96/><E69/><V11/><F67/><W103/><G72/><T53/><D42/><U119/><E119/><V36/><F132/><W9/><G2/><T105/><D105/><U15/><E35/><V55/><F74/><W93/><G106/><T131/><D24/><U45/><E34/><V33/><F33/><W43/><G107/><T66/><D53/><U3/><E3/><V118/><F77/><W91/><G43/><T84/><D78/><U76/><E76/><V17/><F0/><W71/><G71/><N who="0" m="42447" /><D116/><U1/><E1/><V30/><F30/><W100/><G58/><T19/><D4/><U20/><E94/><V31/><F31/><W85/><G29/><T123/><D131/><U6/><E6/><V97/><F55/><W90/><G28/><T121/><D112/><U102/><E102/><V64/><F64/><W68/><G68/><T117/><D117/><U63/><E15/><V114/><F114/><W81/><G100/><T99/><D99/><U70/><E70/><V38/><F97/><W88/><G103/><T115/><D115/><U59/><E62/><V120/><F118/><W75/><G75/><T22/><D113/><U25/><E63/><V10/><F41/><W5/><REACH who="3" step="1"/><G91/><REACH who="3" ten="171,350,289,180" step="2"/><T60/><D60/><AGARI ba="1,1" hai="5,9,14,52,56,60,81,85,88,90,93,98,125,127" machi="60" ten="40,12000,2" yaku="1,1,2,1,52,1,54,2,53,1" doraHai="80" doraHaiUra="83" who="3" fromWho="0" sc="171,-123,350,0,289,0,180,133" /><INIT seed="2,0,0,4,5,112" ten="48,350,289,313" oya="2" hai0="31,19,135,109,126,41,106,77,130,86,25,60,0" hai1="40,23,42,26,93,119,128,121,73,54,101,94,32" hai2="87,125,45,92,71,55,37,69,132,113,58,96,70" hai3="7,51,49,30,114,115,1,64,6,15,102,133,90"/><V123/><F113/><W33/><G64/><T56/><D106/><U2/><E2/><V22/><F123/><W44/><G102/><T104/><D104/><U14/><E73/><V52/><F132/><W118/><G44/><T62/><D0/><U11/><E32/><V27/><F87/><W17/><G90/><T46/><D109/><U127/><E121/><V48/><F37/><W134/><G49/><T78/><D19/><U38/><E38/><V66/><F125/><W120/><G51/><T53/><D126/><U21/><E127/><V43/><F66/><W84/><G84/><T63/><D130/><U124/><E124/><V103/><REACH who="2" step="1"/><F58/><REACH who="2" ten="48,350,279,313" step="2"/><W122/><G115/><T75/><D75/><U39/><E39/><V72/><F72/><W110/><G114/><T4/><D135/><U35/><E128/><V59/><F59/><W129/><G122/><T74/><D74/><U67/><E67/><V28/><AGARI ba="0,1" hai="22,27,28,43,45,48,52,55,69,70,71,92,96,103" machi="28" ten="30,6000,0" yaku="1,1,0,1,54,1,53,0" doraHai="112" doraHaiUra="29" who="2" fromWho="2" sc="48,-20,350,-20,279,70,313,-20" /><INIT seed="2,1,0,3,0,80" ten="28,330,349,293" oya="2" hai0="115,97,113,57,135,4,118,100,63,54,79,129,14" hai1="53,108,99,16,86,35,23,17,75,25,116,123,114" hai2="130,58,36,33,111,29,26,50,104,131,51,30,13" hai3="122,40,15,0,119,88,87,92,62,70,67,32,109"/><V61/><F36/><W126/><G0/><T19/><D118/><U73/><E116/><V128/><F104/><W124/><G119/><T21/><D135/><U77/><E114/><V133/><F133/><W44/><G32/><T110/><D129/><U6/><E123/><V82/><F30/><W117/><G117/><T85/><D110/><U47/><E108/><V11/><F82/><W71/><G109/><T34/><D34/><U90/><E6/><V24/><F24/><W5/><G122/><T8/><D85/><U1/><E1/><V132/><F132/><W74/><G74/><T2/><REACH who="0" step="1"/><D79/><REACH who="0" ten="18,330,349,293" step="2"/><U95/><E35/><V12/><F111/><W39/><REACH who="3" step="1"/><G71/><REACH who="3" ten="18,330,349,283" step="2"/><T125/><D125/><U96/><E75/><V89/><F130/><W64/><G64/><T98/><D98/><U69/><E69/><V10/><F128/><W37/><G37/><T78/><D78/><U41/><E73/><V9/><F131/><W121/><G121/><T66/><D66/><U46/><E77/><V45/><F33/><W91/><G91/><T52/><D52/><U68/><E68/><V76/><F89/><W102/><G102/><T42/><D42/><U48/><E96/><V107/><F76/><W49/><G49/><T3/><D3/><U20/><E99/><V22/><F50/><W120/><G120/><T72/><D72/><U103/><E103/><V59/><F61/><W28/><G28/><T127/><D127/><U105/><E41/><V134/><F134/><W84/><G84/><T65/><D65/><U18/><E90/><V38/><F51/><W112/><G112/><RYUUKYOKU ba="1,2" sc="18,15,330,-15,349,-15,283,15" hai0="2,4,8,14,19,21,54,57,63,97,100,113,115" hai3="5,15,39,40,44,62,67,70,87,88,92,124,126" /><INIT seed="3,2,2,4,5,117" ten="33,315,334,298" oya="3" hai0="89,97,53,132,99,130,131,46,82,13,23,12,41" hai1="114,84,43,134,18,83,71,80,120,9,109,105,77" hai2="56,126,100,76,74,63,94,113,79,28,0,3,27" hai3="16,93,95,78,66,44,54,15,70,21,96,45,127"/><W119/><G119/><T115/><D115/><U55/><E71/><V68/><F113/><W59/><G127/><T60/><D132/><U87/><E105/><V124/><F68/><W81/><G66/><T103/><D23/><U1/><E134/><V2/><F100/><W24/><G70/><T102/><D102/><U88/><E114/><V123/><F94/><W73/><G15/><T85/><D99/><U67/><E67/><V64/><F74/><W32/><G32/><T69/><D53/><U29/><E29/><V98/><F98/><W86/><G73/><T39/><D60/><U116/><E116/><V106/><F106/><W92/><REACH who="3" step="1"/><G96/><REACH who="3" ten="33,315,334,288" step="2"/><T25/><D69/><U133/><E133/><V121/><F126/><W65/><G65/><T135/><D135/><U7/><E43/><V52/><F64/><W37/><G37/><T90/><D13/><U30/><E55/><V26/><F124/><W129/><G129/><N who="0" m="49163" /><D12/><U48/><E1/><V31/><F27/><W49/><AGARI ba="2,3" hai="16,21,24,44,45,49,54,59,78,81,86,92,93,95" machi="49" ten="30,12000,1" yaku="1,1,0,1,8,1,54,1,53,1" doraHai="117" doraHaiUra="50" who="3" fromWho="3" sc="33,-42,315,-42,334,-42,288,156" owari="-9,-51.0,273,-13.0,292,9.0,444,55.0" /></mjloggm>