<mjloggm ver="2.3"><GO type="41"/><UN n0="%EF%BC%88%E2%89%A7%E2%96%BD%E2%89%A6%EF%BC%89" n1="%67%69%68%72%65%6E" n2="%E5%BC%B7%E3%81%8F%E3%81%AA%E3%81%84%E3%81%8A" n3="%73%61%72%61%6B" dan="15,15,17,14" rate="2014,1948,2043,1917" sx="M,M,M,M"/><TAIKYOKU oya="0"/><INIT seed="0,0,0,4,1,1" ten="250,250,250,250" oya="0" hai0="49,0,99,65,130,40,132,102,57,54,7,70,112" hai1="91,59,41,8,77,56,18,48,123,35,24,82,97" hai2="86,42,98,28,32,83,44,100,78,6,43,13,106" hai3="81,73,5,19,30,93,80,10,50,108,88,53,124"/><T64/><D112/><U109/><E123/><V125/><F125/><W127/><G108/><T23/><D130/><U51/><E109/><V118/><F118/><W129/><G129/><T45/><D132/><U134/><E134/><V95/><F106/><W12/><G30/><T58/><D70/><U74/><E35/><V29/><F32/><W110/><G110/><T20/><D0/><U96/><E96/><V76/><F76/><W68/><G68/><T69/><D69/><U114/><E114/><V103/><F103/><W120/><G120/><T111/><D111/><U60/><E97/><V122/><F122/><W119/><G119/><T116/><D116/><U47/><E91/><V17/><F43/><W16/><G73/><T133/><D133/><U104/><E104/><V105/><F105/><W26/><G81/><T31/><D31/><U117/><E117/><V84/><F84/><N who="3" m="52359" /><G80/><T67/><D57/><U128/><E128/><V55/><F55/><W94/><G94/><N who="0" m="58743" /><D7/><U9/><E59/><V131/><F131/><W27/><G27/><T135/><D135/><U22/><REACH who="1" step="1"/><E48/><AGARI ba="0,0" hai="20,23,40,45,48,49,54,58,64,65,67" m="58743" machi="48" ten="30,1500,0" yaku="8,1" doraHai="1" who="0" fromWho="1" sc="250,15,250,-15,250,0,250,0" /><INIT seed="0,1,0,1,0,39" ten="265,235,250,250" oya="0" hai0="81,93,95,92,3,99,49,47,29,8,113,53,35" hai1="129,125,42,7,0,98,80,43,70,107,77,120,90" hai2="102,68,61,40,75,9,86,87,50,55,115,132,69" hai3="59,78,124,64,65,34,91,100,89,66,44,10,135"/><T67/><D113/><U54/><E120/><V18/><F75/><W33/><G135/><T118/><D118/><U52/><E70/><V130/><F115/><W62/><G124/><T23/><D35/><U112/><E112/><V11/><F132/><W108/><G108/><T14/><D3/><U83/><E125/><V72/><F72/><W96/><G78/><T122/><D122/><U24/><E24/><V16/><F130/><W30/><G44/><T97/><D67/><U31/><E31/><V85/><F102/><W36/><G36/><T27/><REACH who="0" step="1"/><D81/><REACH who="0" ten="255,235,250,250" step="2"/><U133/><E80/><V71/><F69/><W111/><G34/><T15/><D15/><U119/><E0/><V26/><F71/><W127/><G127/><T134/><D134/><U5/><E83/><V131/><F68/><W63/><G66/><T19/><AGARI ba="1,1" hai="8,14,19,23,27,29,47,49,53,92,93,95,97,99" machi="19" ten="30,6000,0" yaku="1,1,0,1,8,1,53,0" doraHai="39" doraHaiUra="103" who="0" fromWho="0" sc="255,73,235,-21,250,-21,250,-21" /><INIT seed="0,2,0,4,1,111" ten="328,214,229,229" oya="0" hai0="86,81,1,51,52,7,120,4,128,18,82,90,118" hai1="46,57,84,95,60,130,33,126,43,99,30,80,29" hai2="49,26,66,35,106,63,68,127,59,44,94,78,16" hai3="72,39,45,32,112,31,5,14,119,123,116,96,47"/><T83/><D120/><U110/><E110/><V8/><F106/><W61/><G72/><T38/><D118/><U10/><E130/><V53/><F127/><W22/><G116/><T24/><D128/><U121/><E121/><V77/><F68/><W20/><G123/><T113/><D38/><U133/><E10/><V109/><F109/><W58/><G119/><T50/><D113/><U25/><E126/><V91/><F35/><W75/><G75/><T74/><D74/><U37/><E133/><V122/><F122/><W3/><G112/><T87/><D1/><U125/><E125/><V117/><F117/><W105/><G3/><T28/><D18/><U17/><E17/><V19/><F19/><W129/><G129/><T12/><D12/><U101/><E30/><V79/><F8/><W92/><G105/><T114/><D114/><U115/><E115/><V64/><F64/><W69/><G69/><T27/><D82/><U2/><E2/><V103/><F103/><W132/><G132/><T23/><D27/><U97/><E97/><V41/><F66/><W134/><G134/><T108/><D108/><U65/><E80/><V135/><F135/><W55/><G32/><T104/><D51/><U62/><E62/><V13/><F13/><W40/><G31/><T98/><D104/><U70/><REACH who="1" step="1"/><E84/><REACH who="1" ten="328,204,229,229" step="2"/><N who="2" m="52583" /><F16/><W76/><G5/><T89/><REACH who="0" step="1"/><D98/><REACH who="0" ten="318,204,229,229" step="2"/><U36/><E36/><V34/><F26/><W107/><G39/><T88/><D88/><U124/><E124/><V73/><F73/><W85/><G96/><T131/><D131/><U48/><E48/><V102/><F49/><RYUUKYOKU ba="2,2" sc="318,15,204,15,229,-15,229,-15" hai0="4,7,23,24,28,50,52,81,83,86,87,89,90" hai1="25,29,33,37,43,46,57,60,65,70,95,99,101" /><INIT seed="0,3,2,2,1,51" ten="333,219,214,214" oya="0" hai0="74,105,52,108,60,113,3,90,101,31,129,91,36" hai1="131,18,125,65,7,8,48,44,56,133,37,41,64" hai2="12,13,83,38,92,71,89,97,4,79,130,6,110" hai3="109,25,81,9,40,26,2,85,53,102,30,88,121"/><T95/><D113/><U15/><E133/><V14/><F71/><W50/><G109/><T107/><D74/><U100/><E131/><V10/><F38/><W58/><G121/><T57/><D36/><U63/><E125/><V21/><F110/><W66/><G102/><T104/><D108/><U96/><E37/><V87/><F130/><W99/><G99/><T0/><D129/><U114/><E114/><V61/><F6/><W43/><G66/><T128/><D128/><U75/><E75/><V17/><REACH who="2" step="1"/><F61/><REACH who="2" ten="333,219,204,214" step="2"/><W77/><G77/><T134/><D134/><U54/><REACH who="1" step="1"/><E7/><REACH who="1" ten="333,209,204,214" step="2"/><V135/><F135/><W20/><G2/><AGARI ba="3,4" hai="2,4,10,12,13,14,17,21,79,83,87,89,92,97" machi="2" ten="30,2000,0" yaku="1,1,7,1,53,0" doraHai="51" doraHaiUra="127" who="2" fromWho="3" sc="333,0,209,0,204,69,214,-29" /><INIT seed="1,0,0,1,0,10" ten="333,209,273,185" oya="1" hai0="28,114,98,73,35,20,107,87,129,135,71,115,130" hai1="127,33,0,8,93,67,61,64,117,80,5,3,17" hai2="103,74,126,31,40,94,46,105,13,45,23,56,79" hai3="72,108,21,86,102,36,111,58,19,42,83,109,18"/><U16/><E117/><V116/><F116/><W110/><N who="3" m="27648" /><DORA hai="66" /><W12/><G72/><T97/><D135/><U32/><E127/><V68/><F105/><W38/><G102/><N who="0" m="62927" /><D35/><U91/><E80/><V99/><F68/><W131/><G131/><N who="0" m="50187" /><D28/><U34/><E3/><V119/><F119/><W132/><G132/><T62/><D20/><U65/><REACH who="1" step="1"/><E61/><REACH who="1" ten="333,199,273,185" step="2"/><V77/><F126/><W15/><G42/><T76/><D62/><U100/><E100/><V30/><F40/><W27/><G58/><T124/><D124/><U69/><E69/><V43/><F56/><W63/><G63/><T48/><D71/><U125/><E125/><V39/><F43/><W54/><G54/><T122/><D114/><U134/><E134/><V25/><F103/><W121/><G121/><T88/><D115/><U44/><E44/><V101/><F46/><W49/><G49/><T29/><D48/><U133/><E133/><V47/><F47/><W118/><G118/><T7/><D122/><U82/><E82/><V75/><F45/><W57/><G57/><T6/><D73/><U52/><E52/><V112/><F112/><W96/><G96/><AGARI ba="0,1" hai="0,5,8,16,17,32,33,34,64,65,67,91,93,96" machi="96" ten="50,12000,1" yaku="1,1,54,1,53,3" doraHai="10,66" doraHaiUra="60,55" who="1" fromWho="3" sc="333,0,199,130,273,0,185,-120" /><INIT seed="1,1,0,0,4,96" ten="333,329,273,65" oya="1" hai0="100,123,81,84,129,83,134,40,91,132,6,36,16" hai1="30,17,50,106,4,55,121,75,66,27,97,118,107" hai2="76,23,9,116,87,125,54,79,52,32,93,41,37" hai3="124,43,65,33,98,72,127,35,114,8,135,3,95"/><U49/><E75/><V14/><F32/><W69/><G114/><T111/><D111/><U45/><E121/><V102/><F116/><W44/><G135/><N who="0" m="51755" /><D123/><U90/><E4/><V0/><F0/><W22/><G22/><T62/><D129/><U131/><E131/><V47/><F125/><W63/><G95/><N who="0" m="54759" /><D6/><U80/><E66/><V126/><F126/><W18/><G98/><T86/><D62/><U46/><E118/><V99/><F23/><W133/><G133/><T73/><D73/><U74/><E17/><V42/><F42/><W13/><G13/><T128/><D128/><U109/><E109/><V28/><F28/><W19/><G18/><T21/><D86/><U57/><E74/><V51/><F87/><W24/><G19/><T20/><D20/><U85/><E97/><V110/><F110/><W113/><G113/><T67/><D67/><U48/><E48/><V112/><F112/><W117/><G117/><T92/><D92/><U15/><E15/><V7/><REACH who="2" step="1"/><F37/><REACH who="2" ten="333,329,263,65" step="2"/><W120/><G120/><T115/><D115/><U77/><E30/><V60/><F60/><W78/><G127/><T12/><D40/><U29/><E29/><V39/><F39/><N who="3" m="21631" /><G124/><T2/><D36/><U5/><E85/><V38/><F38/><W58/><G3/><T68/><D2/><U26/><E26/><V108/><F108/><W105/><G24/><T89/><D21/><U10/><E27/><V64/><F64/><W1/><G35/><T103/><D12/><U101/><E10/><V88/><F88/><W59/><G33/><T61/><D89/><U34/><E90/><RYUUKYOKU ba="1,1" sc="333,-10,329,-10,263,30,65,-10" hai2="7,9,14,41,47,51,52,54,76,79,93,99,102" /><INIT seed="2,2,1,3,2,51" ten="323,319,293,55" oya="2" hai0="70,123,56,23,120,36,7,24,132,1,106,116,104" hai1="110,29,2,86,75,35,78,91,96,61,127,97,18" hai2="66,57,22,13,45,113,72,26,134,6,73,37,62" hai3="124,4,53,103,59,100,0,130,101,21,50,117,94"/><V115/><F134/><W39/><G117/><T109/><D70/><U42/><E2/><V48/><F37/><W114/><G39/><T83/><D36/><U84/><E75/><V20/><F72/><W122/><G122/><T135/><D83/><U38/><E61/><V9/><F73/><W131/><G114/><T60/><D116/><U112/><E112/><V49/><F49/><W12/><G124/><T10/><D109/><U126/><E110/><V32/><F32/><W31/><G0/><T74/><D74/><U16/><E29/><V77/><F77/><W33/><G33/><T52/><D120/><U92/><E35/><V79/><F79/><W65/><G65/><T58/><D58/><U82/><E42/><V88/><F88/><W43/><G43/><T118/><D118/><U19/><REACH who="1" step="1"/><E38/><REACH who="1" ten="323,309,293,55" step="2"/><V81/><F81/><W30/><G131/><T133/><D123/><U5/><E5/><V11/><F11/><W71/><G130/><T14/><D1/><U99/><AGARI ba="2,2" hai="16,18,19,78,82,84,86,91,92,96,97,99,126,127" machi="99" ten="40,8000,1" yaku="1,1,0,1,54,1,53,2" doraHai="51" doraHaiUra="80" who="1" fromWho="1" sc="323,-22,309,106,293,-42,55,-22" /><INIT seed="3,0,0,3,2,20" ten="301,415,251,33" oya="3" hai0="0,63,14,79,74,7,23,51,54,49,97,56,37" hai1="25,105,38,128,89,98,91,53,24,1,42,68,34" hai2="87,5,66,117,16,52,121,88,40,50,82,19,83" hai3="26,60,80,81,85,111,135,70,109,64,118,45,123"/><W47/><G123/><T36/><D0/><U92/><E1/><V48/><F117/><W110/><G135/><T28/><D97/><U76/><E34/><V120/><F5/><W62/><G118/><T115/><D115/><U73/><E68/><V9/><F66/><W31/><G62/><T65/><D74/><U11/><E11/><V129/><F129/><W12/><G12/><T72/><D72/><U15/><E15/><N who="2" m="7279" /><F82/><W78/><G81/><T119/><D119/><U46/><E105/><V18/><F48/><W130/><G130/><T30/><D79/><U127/><E76/><V93/><F93/><W21/><AGARI ba="0,0" hai="21,26,31,45,47,60,64,70,78,80,85,109,110,111" machi="21" ten="30,11700,0" yaku="0,1,14,1,10,1,52,1" doraHai="20" who="3" fromWho="3" sc="301,-39,415,-39,251,-39,33,117" /><INIT seed="3,1,0,1,4,77" ten="262,376,212,150" oya="3" hai0="24,50,103,47,99,14,128,113,37,98,78,71,42" hai1="63,11,58,95,112,133,57,52,86,106,80,68,8" hai2="92,81,114,130,101,93,67,65,84,73,26,88,135" hai3="17,22,83,94,102,19,85,6,111,48,66,134,116"/><W46/><G116/><T100/><D113/><U56/><E106/><V29/><F114/><W18/><G134/><T120/><D120/><U118/><E112/><V15/><F135/><W70/><G111/><T33/><D128/><U39/><E39/><V31/><F130/><W61/><G6/><T91/><D71/><U75/><E75/><V4/><F73/><W110/><G110/><T127/><D127/><U35/><E35/><V74/><F74/><W72/><G72/><T126/><D126/><U44/><E68/><V41/><F41/><W125/><G125/><T60/><D60/><N who="1" m="35847" /><E133/><V96/><F92/><W36/><G36/><T10/><D78/><N who="1" m="46359" /><E44/><V129/><F129/><W131/><G131/><T54/><D33/><U90/><E58/><V1/><F1/><W32/><G32/><T16/><D24/><U82/><E82/><V108/><F108/><W21/><G102/><T43/><D91/><U119/><E118/><V49/><F26/><W105/><G105/><T34/><D34/><U51/><E51/><V55/><F31/><W9/><G9/><T89/><D89/><U122/><E122/><V124/><F29/><W62/><G62/><T123/><D123/><U45/><E45/><N who="2" m="28079" /><F124/><W76/><REACH who="3" step="1"/><G94/><REACH who="3" ten="262,376,212,140" step="2"/><N who="0" m="58455" /><D37/><U38/><E38/><V79/><F101/><W40/><AGARI ba="1,1" hai="17,18,19,21,22,40,46,48,61,66,70,76,83,85" machi="40" ten="30,6000,0" yaku="1,1,0,1,52,1,53,0" doraHai="77" doraHaiUra="115" who="3" fromWho="3" sc="262,-21,376,-21,212,-21,140,73" /><INIT seed="3,2,0,0,4,40" ten="241,355,191,213" oya="3" hai0="28,6,1,22,47,68,85,124,53,72,79,120,129" hai1="101,74,71,14,38,123,107,130,115,19,29,36,126" hai2="4,88,54,61,109,134,15,86,111,108,84,37,66" hai3="51,69,8,131,100,2,16,41,70,20,23,12,24"/><W56/><G131/><T128/><D120/><U104/><E123/><V50/><F37/><W30/><G100/><T39/><D68/><U135/><E115/><V67/><F134/><W10/><G10/><N who="0" m="2383" /><D124/><U94/><E71/><V7/><F84/><W43/><G43/><N who="0" m="23039" /><D85/><U112/><E112/><V32/><F32/><W9/><G9/><T64/><D64/><N who="2" m="24618" /><F61/><W62/><G62/><T125/><D53/><U57/><E130/><N who="0" m="50281" /><D125/><U106/><E126/><V33/><F33/><W110/><G110/><T89/><D89/><U96/><E57/><N who="2" m="32983" /><F15/><W87/><G87/><T91/><D91/><U93/><E14/><V52/><F52/><W35/><G23/><T21/><D28/><U73/><E29/><V34/><F34/><W82/><G82/><AGARI ba="2,0" hai="21,22,72,79,82" m="50281,23039,2383" machi="82" ten="30,3900,0" yaku="25,1,19,1,52,1" doraHai="40" who="0" fromWho="3" sc="241,45,355,0,191,0,213,-45" /><AGARI ba="2,0" hai="4,7,82,86,88,108,109,111" m="32983,24618" machi="82" ten="30,2000,0" yaku="14,1,54,1" doraHai="40" who="2" fromWho="3" sc="286,0,355,0,191,20,168,-20" /><INIT seed="4,0,0,2,3,133" ten="286,355,211,148" oya="0" hai0="41,118,86,132,51,9,109,34,106,1,66,79,65" hai1="116,69,119,27,44,5,54,107,78,39,49,64,24" hai2="61,67,31,75,121,3,96,16,17,72,4,63,71" hai3="47,88,26,2,115,127,76,104,87,52,134,6,56"/><T129/><D118/><U82/><E107/><V123/><F31/><W101/><G134/><T38/><D106/><U28/><E39/><V53/><F96/><W70/><G70/><T46/><D34/><U95/><E5/><V93/><F93/><W85/><G115/><T111/><D132/><U126/><E95/><V43/><F43/><W12/><G2/><T97/><D129/><U32/><E27/><V91/><F91/><W59/><G104/><T0/><D97/><U60/><REACH who="1" step="1"/><E126/><REACH who="1" ten="286,345,211,148" step="2"/><V19/><F4/><W35/><G127/><T10/><D38/><U128/><E128/><V105/><F105/><W80/><G101/><T122/><D0/><U23/><E23/><V20/><F20/><W125/><G125/><T77/><D1/><U42/><E42/><V74/><REACH who="2" step="1"/><F3/><REACH who="2" ten="286,345,201,148" step="2"/><W124/><G124/><T84/><D41/><U40/><E40/><V62/><F62/><W114/><G35/><T57/><D51/><U103/><E103/><V30/><F30/><W29/><G114/><T131/><D131/><U81/><E81/><V18/><N who="2" m="4608" /><DORA hai="13" /><V8/><F8/><N who="3" m="4119" /><G26/><T102/><D10/><U99/><E99/><V25/><F25/><W100/><G29/><T108/><D9/><U89/><E89/><V22/><F22/><W117/><G100/><T113/><D102/><U21/><E21/><V83/><F83/><N who="3" m="49279" /><G117/><T112/><D113/><U135/><E135/><V120/><F120/><W7/><G7/><T58/><D112/><U15/><E15/><V45/><F45/><W130/><G130/><T50/><D46/><U36/><E36/><V98/><F98/><RYUUKYOKU ba="0,2" sc="286,-30,345,10,201,10,148,10" hai1="24,28,32,44,49,54,60,64,69,78,82,116,119" hai2="53,61,63,67,71,72,74,75,121,123" hai3="47,52,56,59,76,80,85" /><INIT seed="5,1,2,0,0,64" ten="256,355,211,158" oya="1" hai0="54,14,11,104,23,55,96,61,10,108,47,74,43" hai1="100,101,86,94,63,39,73,72,75,70,107,111,8" hai2="127,117,84,92,22,90,112,48,0,126,4,36,62" hai3="25,125,7,33,2,18,80,114,122,128,66,1,88"/><U52/><E39/><V106/><F36/><W89/><G122/><T133/><D74/><U40/><E40/><V46/><F117/><W110/><G110/><T13/><D108/><U79/><E107/><V50/><F106/><W82/><G66/><T135/><D104/><U49/><E8/><N who="0" m="3113" /><D96/><U34/><E34/><V17/><F4/><W102/><G102/><T9/><D23/><U15/><E15/><N who="0" m="5641" /><D9/><U120/><E120/><V5/><F5/><W30/><G7/><T77/><D77/><U65/><E111/><V16/><F0/><W129/><G18/><N who="2" m="7273" /><F22/><W60/><G2/><T85/><D85/><U31/><E75/><V95/><F62/><W68/><G1/><T37/><D61/><U87/><E73/><V67/><F67/><W83/><G60/><T12/><D12/><U109/><E72/><V93/><F112/><W59/><G68/><T119/><D119/><U121/><E63/><V51/><F46/><W81/><G114/><T3/><D3/><U105/><E70/><V27/><F27/><W19/><G19/><T24/><D24/><U6/><E65/><V45/><F45/><W32/><G32/><T118/><D118/><U20/><E109/><V26/><F26/><W58/><N who="3" m="20480" /><DORA hai="131" /><W69/><G69/><T97/><D97/><U35/><E121/><V113/><F113/><W98/><G98/><T78/><D78/><U99/><E79/><V21/><F21/><W123/><G123/><T71/><D71/><U76/><E20/><V116/><F116/><W44/><G33/><T91/><D91/><U130/><E35/><V57/><F57/><RYUUKYOKU ba="1,2" sc="256,15,355,-15,211,15,158,-15" hai0="37,43,47,54,55,133,135" hai2="48,50,51,84,90,92,93,95,126,127" /><INIT seed="6,2,2,1,0,120" ten="271,340,226,143" oya="2" hai0="64,93,82,32,15,59,129,105,119,123,16,122,85" hai1="18,90,25,19,91,5,57,94,78,68,62,20,30" hai2="56,41,23,63,46,12,117,67,33,40,11,106,53" hai3="134,133,115,89,81,125,111,37,74,102,96,132,10"/><V13/><F33/><W43/><G37/><T70/><D105/><U48/><E68/><V42/><F117/><W8/><G43/><T6/><D119/><U35/><E78/><V38/><F106/><N who="3" m="63815" /><G115/><T7/><D70/><U121/><E121/><V128/><F128/><W127/><G10/><N who="0" m="6263" /><D32/><U66/><E5/><N who="0" m="1545" /><D123/><U98/><E35/><V14/><F11/><W58/><G8/><T109/><D129/><U55/><E91/><V61/><REACH who="2" step="1"/><F23/><REACH who="2" ten="271,340,216,143" step="2"/><W92/><G58/><AGARI ba="2,3" hai="12,13,14,38,40,41,42,46,53,56,58,61,63,67" machi="58" ten="40,3900,0" yaku="1,1,2,1,53,0" doraHai="120" doraHaiUra="77" who="2" fromWho="3" sc="271,0,340,0,216,75,143,-45" /><INIT seed="6,3,0,2,3,60" ten="271,340,291,98" oya="2" hai0="20,37,33,7,107,127,135,82,116,132,13,97,118" hai1="103,47,84,126,35,72,34,64,15,18,117,62,68" hai2="50,38,63,5,59,77,109,66,86,45,123,49,90" hai3="53,115,16,52,74,111,58,131,10,30,75,40,0"/><V108/><F123/><W95/><G111/><N who="2" m="42569" /><F77/><W26/><G131/><T25/><D37/><U85/><E72/><V9/><F38/><W8/><G115/><T100/><D127/><U78/><E126/><V17/><F17/><W2/><G40/><T124/><D124/><U104/><E117/><N who="0" m="45161" /><D82/><U4/><E4/><V129/><F45/><W6/><G95/><T29/><D7/><U101/><E47/><V57/><F57/><W128/><G128/><T43/><D43/><U65/><E78/><V36/><F36/><W92/><G92/><T83/><D83/><U1/><E1/><N who="2" m="175" /><F129/><W14/><G2/><T23/><D13/><U31/><E15/><V56/><F59/><W24/><G24/><T3/><D3/><U119/><E18/><V39/><F39/><W122/><G122/><T73/><D73/><U12/><E12/><V80/><AGARI ba="3,0" hai="49,50,56,63,66,80,86,90" m="175,42569" machi="80" ten="30,3000,0" yaku="10,1,52,1" doraHai="60" who="2" fromWho="2" sc="271,-13,340,-13,291,39,98,-13" /><INIT seed="6,4,0,4,1,17" ten="258,327,330,85" oya="2" hai0="99,125,44,102,10,106,114,88,78,9,113,66,124" hai1="105,82,46,103,115,62,72,68,104,49,83,41,28" hai2="80,135,39,79,97,50,98,84,47,58,22,31,108" hai3="134,45,91,13,94,111,5,23,24,85,8,74,64"/><V118/><F118/><W25/><G134/><T4/><D66/><U33/><E115/><N who="0" m="44041" /><D78/><U21/><E33/><V123/><F39/><W101/><G111/><T76/><D44/><U52/><E72/><V32/><F32/><W67/><G74/><T130/><D130/><U121/><E121/><V37/><F37/><W127/><G127/><N who="0" m="48715" /><D76/><U53/><E104/><V19/><F135/><W65/><G101/><T133/><D133/><U93/><E105/><V26/><F123/><W63/><G45/><T129/><D129/><U55/><E68/><V1/><F108/><W59/><REACH who="3" step="1"/><G25/><REACH who="3" ten="258,327,330,75" step="2"/><T20/><D4/><U16/><E103/><V96/><F47/><W40/><G40/><T57/><D57/><U38/><E46/><V119/><F58/><W132/><G132/><T90/><D20/><U0/><E41/><V69/><F22/><W86/><G86/><T48/><D48/><U61/><E21/><V56/><F50/><W15/><G15/><T30/><D30/><AGARI ba="4,1" hai="5,8,13,23,24,30,59,63,64,65,67,85,91,94" machi="30" ten="30,7700,0" yaku="1,1,7,1,8,1,52,1,53,0" doraHai="17" doraHaiUra="120" who="3" fromWho="0" sc="258,-89,327,0,330,0,75,99" /><INIT seed="7,0,0,3,3,47" ten="169,327,330,174" oya="3" hai0="22,104,97,99,60,66,27,25,55,124,48,103,80" hai1="110,93,105,89,111,8,108,38,43,49,50,44,36" hai2="30,20,51,90,76,21,65,85,56,126,75,83,4" hai3="41,114,53,19,59,112,2,98,11,26,13,1,28"/><W18/><G41/><T37/><D37/><U73/><E105/><V40/><F126/><W23/><G98/><T96/><D124/><U0/><E73/><V54/><F4/><W87/><G87/><T107/><D80/><U7/><REACH who="1" step="1"/><E38/><REACH who="1" ten="169,317,330,174" step="2"/><V24/><F65/><W131/><G131/><T133/><D107/><U15/><E15/><V88/><F40/><W29/><G53/><T106/><D106/><U101/><E101/><V135/><F135/><W129/><G129/><T14/><D133/><U134/><E134/><V130/><F130/><W32/><G59/><N who="0" m="37151" /><D104/><U122/><E122/><V64/><F64/><W116/><G116/><T128/><D103/><U109/><E109/><V95/><F90/><W31/><G32/><AGARI ba="0,1" hai="20,21,24,30,32,51,54,56,75,76,83,85,88,95" machi="32" ten="30,3900,0" yaku="7,1,52,1,54,1" doraHai="47" who="2" fromWho="3" sc="169,0,317,0,330,49,174,-39" owari="169,-23.0,317,12.0,379,47.0,135,-36.0" /></mjloggm>