<mjloggm ver="2.3"><GO type="169"/><UN n0="%77%61%66%75%2D" n1="%E3%81%84%E3%81%A1%E3%81%8B%E3%82%8F%E2%99%AA" n2="%E3%81%A4%E3%81%AE%E3%81%A0%E2%98%86%E3%81%B2%E3%82%8D" n3="%EF%BC%88%E2%89%A7%E2%96%BD%E2%89%A6%EF%BC%89" dan="16,17,17,16" rate="2023,2130,2159,2081" sx="M,M,F,M"/><TAIKYOKU oya="0"/><INIT seed="0,0,0,3,3,94" ten="250,250,250,250" oya="0" hai0="52,78,90,27,83,102,6,123,73,103,113,89,14" hai1="106,8,62,3,85,118,32,129,88,69,114,119,70" hai2="4,105,87,55,53,104,30,75,84,97,92,26,135" hai3="13,24,61,1,130,45,21,121,64,124,43,37,112"/><T63/><D123/><U31/><E106/><V57/><F75/><W86/><G112/><T116/><D113/><U127/><E114/><V67/><F4/><W58/><G121/><T33/><D116/><U60/><E127/><V17/><F135/><W122/><G1/><T36/><D36/><U19/><E129/><V95/><F17/><W7/><G122/><T108/><D27/><U134/><E134/><V120/><F120/><W47/><G130/><T132/><D132/><U59/><E60/><V5/><F5/><W128/><G128/><T99/><D33/><U20/><E31/><V0/><F0/><W15/><G124/><T11/><D108/><U34/><E70/><V81/><F67/><W38/><G7/><T111/><D111/><U54/><E69/><V65/><F65/><W77/><G86/><T18/><D103/><U25/><E8/><V93/><F81/><W35/><G77/><T98/><D6/><U107/><E107/><V76/><F76/><W125/><G35/><T12/><D12/><U109/><E3/><V66/><F66/><W96/><G125/><T28/><D28/><U82/><REACH who="1" step="1"/><E109/><REACH who="1" ten="250,240,250,250" step="2"/><V131/><F131/><W48/><G61/><T71/><D71/><U91/><E91/><N who="0" m="34825" /><D102/><U74/><E74/><V72/><F72/><W9/><G9/><T44/><D63/><U100/><E100/><V101/><F104/><W23/><G64/><T46/><D73/><U49/><E49/><V22/><F105/><W117/><G48/><N who="0" m="28679" /><D46/><U29/><E29/><V68/><F68/><W115/><G45/><T126/><D126/><U110/><E110/><RYUUKYOKU ba="0,1" sc="250,15,240,15,250,-15,250,-15" hai0="11,14,18,78,83,98,99" hai1="19,20,25,32,34,54,59,62,82,85,88,118,119" /><INIT seed="0,1,1,5,1,20" ten="265,255,235,235" oya="0" hai0="77,128,114,109,22,50,87,48,112,73,32,2,70" hai1="37,52,104,102,27,29,42,40,74,47,64,7,118" hai2="9,78,93,21,1,135,62,106,96,26,122,92,65" hai3="41,57,130,121,123,82,95,98,71,115,103,113,55"/><T111/><D32/><U68/><E74/><V90/><F122/><N who="3" m="46603" /><G71/><T66/><D73/><U0/><E42/><V81/><F135/><W15/><G130/><T67/><D128/><U59/><E118/><V100/><F1/><W88/><G41/><T12/><D2/><U86/><E86/><V49/><F9/><W23/><G15/><T75/><D75/><U101/><E104/><V44/><F90/><W43/><G43/><T18/><D77/><U11/><E64/><N who="0" m="24617" /><D70/><U61/><REACH who="1" step="1"/><E68/><REACH who="1" ten="265,245,235,235" step="2"/><V125/><F106/><W56/><G115/><N who="0" m="44075" /><D87/><U99/><E99/><V107/><F107/><W3/><G98/><T33/><D33/><AGARI ba="1,2" hai="0,7,11,27,29,33,37,40,47,52,59,61,101,102" machi="33" ten="30,8000,1" yaku="1,1,7,1,52,1,54,1,53,1" doraHai="20" doraHaiUra="4" who="1" fromWho="0" sc="265,-83,245,103,235,0,235,0" /><INIT seed="1,0,0,5,3,49" ten="182,348,235,235" oya="1" hai0="32,101,26,2,24,57,85,115,13,70,17,47,124" hai1="33,133,48,89,50,119,10,86,129,43,111,46,83" hai2="122,88,100,105,23,65,90,44,0,55,18,14,76" hai3="103,31,128,42,22,20,80,72,125,27,3,51,99"/><U21/><E33/><V64/><F0/><W73/><G3/><T108/><D70/><U40/><E119/><V68/><F122/><W35/><G128/><T69/><D69/><U102/><E129/><V123/><F123/><W19/><G125/><T59/><D2/><U135/><E111/><V109/><F109/><W63/><G63/><T53/><D115/><U78/><E102/><V5/><F76/><W36/><G36/><T113/><D124/><U120/><E120/><V112/><F112/><W39/><G39/><T132/><D132/><U15/><E21/><V84/><F68/><W75/><G80/><T79/><D32/><U131/><E131/><V114/><F114/><W104/><G19/><T91/><D79/><U60/><E60/><V34/><F34/><W11/><G11/><N who="0" m="6335" /><D108/><U1/><E1/><V134/><F134/><W98/><G98/><T87/><D101/><U117/><E117/><V12/><F105/><W4/><G4/><T66/><D113/><U97/><E97/><V95/><F90/><W130/><G130/><T92/><D87/><U116/><E89/><V126/><F100/><W45/><AGARI ba="0,0" hai="20,22,27,31,35,42,45,51,72,73,75,99,103,104" machi="45" ten="40,1500,0" yaku="0,1" doraHai="49" who="3" fromWho="3" sc="182,-4,348,-7,235,-4,235,15" /><INIT seed="2,0,0,1,4,30" ten="178,341,231,250" oya="2" hai0="19,12,8,6,50,18,62,77,107,82,99,57,4" hai1="108,124,46,22,113,102,134,109,100,60,118,52,93" hai2="55,122,2,68,53,41,42,79,0,133,116,33,58" hai3="10,3,43,34,59,44,76,48,47,74,105,11,36"/><V38/><F122/><W67/><G105/><T101/><D50/><N who="1" m="28759" /><E118/><V75/><F116/><W69/><G3/><T37/><D37/><U120/><E113/><V97/><F75/><W31/><G74/><T135/><D135/><U73/><E73/><V92/><F79/><W24/><G76/><T78/><D4/><U115/><E120/><V83/><F83/><W128/><G128/><T85/><REACH who="0" step="1"/><D78/><REACH who="0" ten="168,341,231,250" step="2"/><U65/><E134/><V16/><F133/><W54/><REACH who="3" step="1"/><G47/><REACH who="3" ten="168,341,231,240" step="2"/><T110/><D110/><U103/><E109/><V94/><F0/><W29/><G29/><T91/><D91/><U56/><E108/><V35/><F2/><W27/><G27/><T127/><D127/><U26/><E124/><V63/><F38/><W106/><G106/><T5/><D5/><U32/><E115/><V20/><F41/><W70/><G70/><T71/><D71/><U39/><E39/><V126/><F42/><W9/><G9/><T114/><D114/><U95/><E32/><V121/><F68/><W87/><G87/><T125/><D125/><U104/><E104/><V1/><F1/><W86/><G86/><T117/><D117/><U119/><E119/><V14/><F126/><W15/><G15/><T84/><D84/><U13/><E13/><V64/><F121/><W90/><G90/><T7/><D7/><U80/><E26/><V25/><F33/><W17/><G17/><T130/><D130/><U21/><E22/><N who="2" m="11543" /><F35/><W96/><G96/><T66/><AGARI ba="0,2" hai="6,8,12,18,19,57,62,66,77,82,85,99,101,107" machi="66" ten="20,5200,0" yaku="1,1,0,1,7,1,53,1" doraHai="30" doraHaiUra="98" who="0" fromWho="0" sc="168,72,341,-13,231,-26,240,-13" /><INIT seed="3,0,0,5,0,49" ten="240,328,205,227" oya="3" hai0="32,104,87,68,101,105,56,37,67,2,19,130,62" hai1="93,115,65,69,90,71,118,97,107,74,50,132,15" hai2="131,54,83,106,117,91,30,123,39,41,114,122,55" hai3="73,51,5,34,13,52,4,24,121,75,102,79,77"/><W98/><G121/><N who="2" m="46089" /><F106/><W47/><G73/><T3/><D37/><U129/><E74/><V86/><F117/><W46/><G75/><T45/><D45/><U94/><E107/><V40/><F114/><W119/><G119/><T42/><D42/><N who="2" m="16490" /><F39/><W35/><G46/><T61/><D32/><U12/><E118/><V126/><F126/><W29/><G35/><T100/><D87/><U53/><E115/><V16/><F131/><W33/><G33/><T124/><D19/><U11/><E129/><V60/><F30/><W27/><G27/><T14/><D14/><U81/><E15/><V44/><F44/><W108/><G108/><T57/><D68/><U72/><E132/><V125/><F125/><W82/><G82/><T21/><D21/><U109/><E81/><V36/><F36/><W18/><G77/><T31/><D31/><U10/><E72/><V85/><F60/><W112/><G79/><T0/><D124/><U134/><E93/><N who="2" m="54511" /><F16/><W127/><G127/><T99/><D130/><U22/><E10/><V25/><F25/><W88/><G112/><T80/><D80/><U43/><E22/><V8/><F8/><W135/><G135/><T84/><D84/><U78/><E134/><V89/><AGARI ba="0,0" hai="54,55,83,86,89" m="54511,16490,46089" machi="89" ten="30,4000,0" yaku="13,1,52,2" doraHai="49" who="2" fromWho="2" sc="240,-10,328,-10,205,40,227,-20" /><INIT seed="4,0,0,0,4,131" ten="230,318,245,207" oya="0" hai0="113,73,81,3,75,93,18,99,64,2,10,35,71" hai1="89,120,27,134,28,25,83,49,62,41,87,6,9" hai2="55,128,68,63,65,92,45,29,39,94,21,50,4" hai3="31,135,133,78,77,112,44,30,132,111,54,104,42"/><T14/><D35/><U46/><E134/><V60/><F128/><W100/><G111/><T126/><D126/><U72/><E120/><V66/><F4/><W88/><G112/><T23/><D113/><U53/><E72/><V38/><F29/><N who="3" m="10763" /><G54/><T86/><D71/><U127/><E127/><V8/><F8/><W57/><G57/><T121/><D64/><U43/><E62/><V114/><F21/><W33/><G33/><T82/><D121/><U90/><E27/><V79/><F79/><W69/><G69/><T124/><D124/><U1/><E90/><V106/><F106/><W11/><G11/><T59/><D59/><U12/><REACH who="1" step="1"/><E1/><REACH who="1" ten="230,308,245,207" step="2"/><V101/><F114/><W37/><G88/><T48/><D2/><U125/><E125/><V108/><F108/><W109/><G109/><T117/><D3/><U7/><E7/><V115/><F115/><W95/><G95/><T40/><D93/><U36/><E36/><V47/><F94/><W13/><G13/><T67/><D14/><U0/><E0/><V52/><F92/><W26/><G26/><T76/><D75/><U103/><E103/><V32/><F101/><W105/><G105/><T96/><D73/><U123/><E123/><V119/><F38/><W91/><G91/><T20/><D96/><AGARI ba="0,1" hai="37,42,44,77,78,96,100,104,132,133,135" m="10763" machi="96" ten="40,8000,1" yaku="20,1,52,3" doraHai="131" who="3" fromWho="0" sc="230,-80,308,0,245,0,207,90" /><INIT seed="5,0,0,3,5,31" ten="150,308,245,297" oya="1" hai0="69,38,46,86,113,67,17,125,108,133,129,42,101" hai1="62,132,0,59,51,87,128,88,52,53,9,116,29" hai2="80,121,48,96,100,55,73,23,111,93,74,75,119" hai3="120,127,32,135,68,72,20,27,50,65,81,25,40"/><U131/><E132/><V43/><F121/><W89/><G120/><T49/><D113/><U26/><E116/><V91/><F111/><W2/><G2/><T114/><D114/><U97/><E97/><V70/><F70/><W66/><G68/><T41/><D108/><U95/><E9/><V44/><F119/><W92/><G135/><T78/><D101/><U57/><REACH who="1" step="1"/><E0/><REACH who="1" ten="150,298,245,297" step="2"/><V34/><F96/><W77/><G127/><T76/><D125/><U109/><E109/><V63/><F100/><W126/><G126/><T84/><D133/><U6/><E6/><V106/><F106/><W112/><G112/><T14/><D129/><U56/><E56/><V118/><F118/><W79/><G72/><T104/><D76/><U12/><E12/><V99/><F75/><W28/><G79/><T54/><D78/><U64/><E64/><V45/><F74/><W13/><G13/><T15/><D104/><U123/><E123/><V36/><F73/><W90/><G65/><T1/><D1/><U117/><E117/><V3/><F3/><W19/><G66/><T47/><D14/><U18/><E18/><V61/><F45/><N who="3" m="25895" /><G77/><T103/><D103/><U105/><E105/><V30/><F44/><W37/><G19/><T8/><D42/><U82/><E82/><V107/><F43/><W21/><G81/><T94/><D94/><U5/><E5/><V130/><F80/><W24/><G92/><T22/><D8/><U122/><E122/><V60/><F107/><W35/><G90/><T16/><D17/><U98/><E98/><V83/><F83/><W124/><G124/><RYUUKYOKU ba="0,1" sc="150,15,298,15,245,-15,297,-15" hai0="15,16,22,38,41,46,47,49,54,67,69,84,86" hai1="26,29,51,52,53,57,59,62,87,88,95,128,131" /><INIT seed="5,1,1,5,2,34" ten="165,313,230,282" oya="1" hai0="125,82,119,61,75,129,117,110,46,96,6,62,44" hai1="37,81,124,12,118,43,30,10,84,87,99,76,130" hai2="83,39,51,127,94,22,74,2,93,48,132,15,121" hai3="11,70,23,85,9,108,54,49,50,103,102,58,112"/><U42/><E118/><V98/><F39/><W0/><G70/><T101/><D110/><U115/><E115/><V52/><F121/><W14/><G108/><T122/><D129/><U33/><E130/><V35/><F35/><W31/><G112/><T47/><D125/><U21/><E33/><V135/><F127/><W4/><G85/><T3/><D122/><U69/><E69/><V116/><F116/><W24/><REACH who="3" step="1"/><G49/><REACH who="3" ten="165,313,230,272" step="2"/><T92/><D75/><U73/><E124/><V67/><F48/><W38/><G38/><T57/><D82/><U41/><E37/><V36/><F36/><W68/><G68/><T27/><D27/><U45/><E45/><V128/><F128/><W78/><G78/><T19/><D19/><AGARI ba="1,2" hai="0,4,9,11,14,19,23,24,31,50,54,58,102,103" machi="19" ten="30,3900,0" yaku="1,1,7,1,52,1,53,0" doraHai="34" doraHaiUra="88" who="3" fromWho="0" sc="165,-42,313,0,230,0,272,62" /><INIT seed="6,0,0,5,3,84" ten="123,313,230,334" oya="2" hai0="64,30,44,52,54,95,98,25,87,10,123,124,1" hai1="37,135,59,27,133,34,107,86,65,71,110,81,15" hai2="78,47,70,33,128,79,97,134,18,67,58,61,83" hai3="0,5,32,31,3,19,49,112,55,12,26,120,72"/><V24/><F134/><N who="1" m="51209" /><E37/><V42/><F128/><W92/><G120/><T14/><D123/><U129/><E107/><V100/><F83/><W130/><G72/><T56/><D1/><U22/><E71/><V39/><F18/><W88/><G130/><T41/><D124/><U106/><E106/><V126/><F126/><W99/><G5/><T127/><D87/><U105/><E105/><V13/><F13/><W63/><G63/><T82/><D82/><U35/><E15/><V16/><F58/><W46/><G112/><T102/><D127/><U131/><E110/><V109/><F109/><W116/><G116/><T43/><D64/><U101/><E101/><V94/><REACH who="2" step="1"/><F33/><REACH who="2" ten="123,313,220,334" step="2"/><W115/><G115/><T66/><D44/><U28/><E35/><V125/><F125/><W68/><G68/><T89/><D66/><U75/><E34/><V23/><AGARI ba="0,1" hai="16,23,24,39,42,47,61,67,70,78,79,94,97,100" machi="23" ten="30,6000,0" yaku="1,1,0,1,54,1,53,0" doraHai="84" doraHaiUra="76" who="2" fromWho="2" sc="123,-20,313,-20,220,70,334,-20" /><INIT seed="6,1,0,1,5,128" ten="103,293,290,314" oya="2" hai0="107,117,119,79,85,77,32,46,109,29,26,90,121" hai1="83,94,23,18,131,5,129,61,124,64,9,34,111" hai2="88,37,133,132,0,125,100,60,91,12,28,3,8" hai3="41,67,66,24,69,4,50,126,72,98,20,36,122"/><V16/><F37/><W108/><G122/><T76/><D109/><U73/><E34/><V92/><F28/><W110/><G72/><T80/><D121/><U59/><E111/><V13/><F60/><W135/><G36/><T39/><D107/><U15/><E94/><V103/><F125/><W70/><G126/><T57/><D39/><U10/><E124/><V113/><F113/><W99/><G4/><T2/><D2/><U116/><E116/><V44/><F44/><W40/><G50/><T19/><D46/><U120/><E120/><V104/><F104/><W102/><G20/><T81/><D57/><U86/><E73/><V93/><F8/><W49/><G49/><T11/><D11/><U48/><E48/><V43/><F16/><W114/><G24/><T127/><D19/><U45/><E45/><V115/><F115/><W31/><G31/><T71/><D71/><U112/><E112/><V42/><AGARI ba="1,0" hai="0,3,12,13,42,43,88,91,92,93,100,103,132,133" machi="42" ten="25,18000,2" yaku="0,1,22,2,52,2,54,1" doraHai="128" who="2" fromWho="2" sc="103,-61,293,-61,290,183,314,-61" /><INIT seed="6,2,0,3,4,42" ten="42,232,473,253" oya="2" hai0="110,20,58,23,125,121,15,50,75,94,14,103,123" hai1="117,127,27,107,126,10,112,92,26,29,85,41,84" hai2="119,34,70,69,16,37,81,78,77,131,102,130,124" hai3="100,33,98,114,96,67,32,59,80,52,38,43,105"/><V104/><F119/><W6/><G67/><T30/><D75/><U64/><E107/><V79/><F124/><N who="1" m="47657" /><E112/><V68/><F34/><W82/><G6/><T108/><D125/><U22/><E64/><V61/><F37/><W24/><G114/><T76/><D76/><U31/><E117/><V111/><F111/><W21/><G98/><T95/><D50/><U35/><E41/><V5/><F5/><W66/><G66/><T132/><D58/><U53/><E53/><V57/><F81/><W90/><G43/><T25/><D103/><U11/><E85/><V51/><F102/><W46/><G38/><T134/><D94/><U109/><E109/><V83/><F104/><W40/><G40/><T128/><D95/><U13/><E13/><V0/><F0/><W113/><G113/><T99/><D99/><U7/><E7/><V36/><F36/><W39/><G39/><T115/><D25/><U87/><E87/><V60/><F83/><W122/><G80/><T129/><D115/><U3/><E3/><V74/><F74/><W106/><G106/><T48/><D48/><U54/><E54/><V73/><F73/><W135/><G105/><T93/><D93/><U63/><E63/><V44/><F60/><W101/><G101/><T86/><D86/><U18/><E31/><AGARI ba="2,0" hai="14,15,20,23,30,31,108,110,121,123,128,129,132,134" machi="31" ten="25,8000,1" yaku="22,2,34,3" doraHai="42" who="0" fromWho="1" sc="42,86,232,-86,473,0,253,0" /><INIT seed="7,0,0,3,0,76" ten="128,146,473,253" oya="3" hai0="36,56,117,67,97,5,79,102,11,125,131,129,17" hai1="54,77,88,50,31,118,46,24,32,72,61,29,84" hai2="106,38,25,34,52,73,128,66,10,58,74,95,9" hai3="87,27,18,120,85,28,116,65,30,90,98,80,96"/><W71/><G120/><T0/><D117/><U48/><E118/><V33/><F106/><W41/><G116/><T89/><D36/><U53/><E31/><V6/><F66/><W26/><G41/><T104/><D125/><U21/><E32/><V134/><F10/><W103/><G71/><T119/><D119/><U51/><E77/><V8/><F8/><W124/><G65/><T109/><D109/><U55/><E72/><V75/><F75/><W107/><G124/><T94/><D17/><U45/><REACH who="1" step="1"/><E61/><REACH who="1" ten="128,136,473,253" step="2"/><V47/><F58/><W127/><G127/><T122/><D79/><U112/><E112/><V20/><F52/><W82/><G98/><T60/><REACH who="0" step="1"/><D122/><REACH who="0" ten="118,136,473,253" step="2"/><U57/><E57/><V7/><F7/><W132/><G28/><T83/><D83/><AGARI ba="0,2" hai="21,24,29,45,46,48,50,51,53,54,55,83,84,88" machi="83" ten="40,8000,1" yaku="1,1,8,1,52,1,54,1,53,1" doraHai="76" doraHaiUra="19" who="1" fromWho="0" sc="118,-80,136,100,473,0,253,0" owari="38,-46.0,236,-16.0,473,57.0,253,5.0" /></mjloggm>