<mjloggm ver="2.3"><GO type="41" lobby="0"/><UN n0="%E3%82%82%E3%81%93%E3%81%91%E3%81%AD%E3%81%AF%E7%A5%9E%E3%81%AE%E5%9B%BD" n1="%E3%82%A6%E3%83%AB%E3%83%88%E3%83%A9%E7%AB%8B%E7%9B%B4" n2="%67%6F%6C%64%66%61%74" n3="%73%75%6D%69%79%61" dan="13,15,14,15" rate="1979,2003,1970,1975" sx="F,M,M,M"/><TAIKYOKU oya="0"/><INIT seed="0,0,0,5,4,116" ten="250,250,250,250" oya="0" hai0="3,81,107,32,45,12,26,82,97,48,126,89,93" hai1="27,77,24,0,132,20,106,5,125,4,21,87,65" hai2="36,80,34,84,75,56,92,33,18,124,104,98,23" hai3="29,1,14,6,99,31,109,108,39,88,74,105,68"/><T42/><D3/><U37/><E106/><V86/><F36/><W94/><G105/><T17/><D107/><U69/><E37/><V54/><F124/><W111/><G74/><T78/><D126/><U123/><E65/><V43/><F43/><W47/><G68/><T127/><D127/><U63/><E63/><V40/><F40/><N who="3" m="22943" /><G1/><T117/><D117/><U133/><E69/><V96/><F75/><W66/><G66/><T70/><D70/><U38/><E38/><V95/><F104/><W8/><AGARI ba="0,0" hai="6,8,14,29,31,88,94,99,108,109,111" m="22943" machi="8" ten="40,2700,0" yaku="14,1,54,1" doraHai="116" who="3" fromWho="3" sc="250,-13,250,-7,250,-7,250,27" /><INIT seed="1,0,0,4,3,83" ten="237,243,243,277" oya="1" hai0="115,52,80,135,29,125,100,99,88,85,43,67,133" hai1="48,55,118,96,97,27,95,121,78,60,49,113,114" hai2="19,93,129,33,59,130,89,26,40,92,22,11,3" hai3="32,123,42,131,10,1,63,111,61,75,4,56,122"/><U14/><E121/><V50/><F33/><W126/><G111/><T134/><D115/><U105/><E118/><V5/><F40/><W86/><G131/><T87/><D43/><U36/><E36/><V81/><F81/><W91/><G75/><T98/><D67/><U15/><E78/><V102/><F102/><W77/><G77/><N who="0" m="46223" /><D29/><U107/><E27/><V23/><F23/><W128/><G128/><N who="2" m="49257" /><F89/><W8/><G126/><T101/><D125/><U104/><E60/><V69/><F69/><W39/><G32/><T17/><D17/><U35/><E35/><V24/><F24/><W112/><G63/><T38/><D38/><U46/><E95/><V116/><F116/><W62/><G112/><T70/><D70/><U45/><E107/><V68/><F68/><W79/><G62/><T109/><D52/><AGARI ba="0,0" hai="14,15,45,46,48,49,52,55,96,97,104,105,113,114" machi="52" ten="25,4800,0" yaku="22,2,54,1" doraHai="83" who="1" fromWho="0" sc="237,-48,243,48,243,0,277,0" /><AGARI ba="0,0" hai="3,5,11,19,22,26,50,52,59,92,93" m="49257" machi="52" ten="30,2000,0" yaku="19,1,54,1" doraHai="83" who="2" fromWho="0" sc="189,-20,291,0,243,20,277,0" /><INIT seed="1,1,0,1,2,81" ten="169,291,263,277" oya="1" hai0="42,125,102,111,37,10,128,92,59,23,18,40,88" hai1="21,119,3,132,70,98,49,5,74,129,135,126,11" hai2="26,75,63,47,15,19,83,96,127,44,114,52,53" hai3="76,67,51,29,25,117,61,104,109,35,56,68,46"/><U115/><E70/><V89/><F127/><W69/><G109/><T22/><D125/><U17/><E74/><V14/><F114/><W124/><G124/><T8/><D111/><U30/><E126/><V6/><F75/><W27/><G76/><T28/><D128/><U91/><E115/><V108/><F108/><W0/><G0/><T57/><D102/><U54/><E30/><V77/><F26/><W65/><G25/><N who="0" m="16439" /><D37/><U20/><E119/><V39/><F6/><W4/><G4/><T36/><D36/><U134/><E129/><V116/><F116/><W1/><G1/><T120/><D120/><U93/><REACH who="1" step="1"/><E17/><REACH who="1" ten="169,281,263,277" step="2"/><V105/><F19/><W107/><G117/><T72/><D72/><U33/><E33/><V85/><F39/><W48/><G69/><T78/><D18/><U9/><E9/><N who="0" m="3689" /><D23/><U12/><E12/><V50/><F14/><W38/><G68/><T73/><D73/><U60/><E60/><V64/><F15/><W7/><G38/><T2/><D2/><U123/><E123/><V106/><F63/><W112/><G112/><T41/><D78/><U80/><E80/><V84/><F64/><W90/><G67/><T95/><D95/><U113/><E113/><V55/><F105/><W62/><G62/><T110/><D110/><U121/><E121/><V71/><F71/><W34/><G34/><T79/><D79/><U66/><E66/><V31/><F31/><W45/><G107/><T99/><AGARI ba="1,1" hai="40,41,42,57,59,88,92,99" m="3689,16439" machi="99" ten="30,2000,0" yaku="8,1,54,1" doraHai="81" who="0" fromWho="0" sc="169,33,281,-11,263,-6,277,-6" /><INIT seed="2,0,0,5,3,120" ten="202,270,257,271" oya="2" hai0="8,42,121,49,62,10,70,75,66,51,90,127,99" hai1="133,37,110,0,19,48,88,16,85,119,13,93,23" hai2="15,95,86,116,103,124,102,101,57,36,130,105,77" hai3="91,111,26,78,55,14,24,100,108,112,72,131,27"/><V41/><F116/><W25/><G131/><T39/><D121/><U33/><E37/><V61/><F105/><W115/><G100/><T18/><D75/><U1/><E33/><V47/><F124/><W126/><G126/><T96/><D127/><U87/><E119/><V83/><F130/><W29/><G91/><T3/><D3/><U135/><E48/><V54/><REACH who="2" step="1"/><F15/><REACH who="2" ten="202,270,247,271" step="2"/><W132/><G14/><T5/><D5/><U12/><E1/><V71/><F71/><W128/><G128/><T76/><D70/><U4/><E4/><V43/><F43/><W117/><G117/><T84/><D42/><U52/><E0/><V82/><F82/><W60/><G132/><T58/><D76/><U114/><E135/><V46/><F46/><W30/><G78/><T74/><D74/><U80/><E133/><V65/><F65/><W81/><G81/><T22/><D66/><U73/><E73/><V32/><F32/><W28/><G72/><T17/><D90/><U20/><E114/><N who="3" m="43562" /><G24/><T98/><D58/><AGARI ba="0,1" hai="25,26,27,28,29,30,55,58,60,108,111" m="43562" machi="58" ten="40,5200,0" yaku="11,1,52,2" doraHai="120" who="3" fromWho="0" sc="202,-52,270,0,247,0,271,62" /><INIT seed="3,0,0,1,3,64" ten="150,270,247,333" oya="3" hai0="135,63,38,35,132,14,85,86,49,114,115,47,44" hai1="91,48,100,40,39,120,25,107,52,54,95,9,104" hai2="0,8,126,109,33,77,79,17,74,32,42,36,78" hai3="101,121,16,2,99,21,68,24,1,34,37,20,7"/><W97/><G121/><T105/><D105/><U57/><E120/><V71/><F74/><W127/><G34/><T133/><D35/><U75/><E75/><V106/><F106/><W67/><G37/><T22/><D38/><U3/><E100/><V66/><F36/><W98/><G101/><T10/><D22/><U60/><E40/><V72/><F42/><W26/><G127/><T130/><D63/><U125/><E39/><V59/><F72/><W82/><G82/><T5/><D130/><U108/><E108/><V112/><F109/><W30/><G7/><T31/><D31/><U76/><E76/><V19/><F112/><N who="0" m="43050" /><D47/><U116/><E116/><V69/><F126/><W58/><G58/><T46/><D46/><U93/><E125/><V41/><F41/><AGARI ba="0,0" hai="5,10,14,41,44,49,85,86,132,133,135" m="43050" machi="41" ten="40,2600,0" yaku="20,1,11,1" doraHai="64" who="0" fromWho="2" sc="150,26,270,0,247,-26,333,0" /><INIT seed="4,0,0,2,1,44" ten="176,270,221,333" oya="0" hai0="96,109,117,126,61,6,0,110,58,112,45,3,74" hai1="4,101,24,90,51,105,40,11,48,59,60,34,55" hai2="42,83,33,125,32,31,85,19,46,15,129,99,84" hai3="26,103,7,5,23,63,10,72,2,77,41,100,50"/><T54/><D117/><U25/><E101/><V134/><F125/><W57/><G57/><T131/><D126/><U104/><E105/><V95/><F134/><W18/><G7/><T22/><D74/><U43/><E104/><V91/><F84/><W14/><G63/><T133/><D133/><U118/><E118/><V107/><F107/><W135/><G135/><T114/><D96/><U21/><E34/><V76/><F31/><W1/><G2/><T94/><D94/><U80/><E80/><V36/><F129/><W124/><G124/><T116/><D131/><U12/><E90/><V97/><F99/><W106/><G106/><T28/><D116/><U119/><E119/><V66/><F66/><W56/><G77/><T132/><D132/><U70/><E70/><V69/><F69/><W49/><G72/><T113/><D6/><U102/><E102/><V108/><F108/><N who="0" m="41578" /><D45/><U122/><E122/><V16/><REACH who="2" step="1"/><F19/><REACH who="2" ten="176,270,211,333" step="2"/><W47/><G1/><N who="0" m="587" /><D28/><U128/><E128/><V62/><F62/><W75/><G75/><T81/><D81/><U17/><E25/><V71/><F71/><W27/><G26/><T79/><D79/><U38/><E38/><V115/><F115/><W9/><G9/><AGARI ba="0,1" hai="9,15,16,32,33,36,42,46,76,83,85,91,95,97" machi="9" ten="30,3900,0" yaku="1,1,7,1,54,1,53,0" doraHai="44" doraHaiUra="127" who="2" fromWho="3" sc="176,0,270,0,211,49,333,-39" /><INIT seed="5,0,0,3,3,46" ten="176,270,260,294" oya="1" hai0="19,58,11,5,67,113,114,94,17,70,100,29,97" hai1="21,84,61,33,41,65,87,131,95,43,81,129,68" hai2="73,115,54,98,1,102,6,79,15,106,93,28,62" hai3="27,124,107,110,12,75,63,121,48,7,74,53,83"/><U89/><E33/><V80/><F1/><W30/><G110/><T105/><D29/><U86/><E21/><V69/><F28/><W25/><G121/><T116/><D116/><U37/><E37/><V123/><F123/><W18/><G124/><T64/><D70/><U112/><E112/><V90/><F115/><N who="0" m="44042" /><D105/><U56/><E68/><V45/><F6/><W24/><G107/><T103/><D103/><U133/><E133/><V92/><F15/><W57/><G7/><T44/><D44/><U47/><E47/><V118/><F118/><W120/><G120/><T104/><D104/><U117/><E117/><V88/><F69/><W60/><G74/><T4/><D4/><U52/><E65/><N who="0" m="25161" /><D58/><U10/><E10/><V85/><F62/><W132/><G132/><T26/><D26/><U34/><E34/><V59/><F45/><W126/><G126/><T134/><D134/><U77/><E43/><V108/><F59/><W2/><G2/><T72/><D72/><U119/><E41/><V49/><F108/><W32/><G32/><T8/><D5/><U22/><E119/><V55/><F49/><W50/><G63/><T9/><AGARI ba="0,0" hai="8,9,11,17,19,94,97,100" m="25161,44042" machi="9" ten="40,1500,0" yaku="15,1" doraHai="46" who="0" fromWho="0" sc="176,15,270,-7,260,-4,294,-4" /><INIT seed="6,0,0,4,2,15" ten="191,263,256,290" oya="2" hai0="35,55,44,4,40,0,113,47,96,17,87,86,72" hai1="42,114,69,111,88,27,23,65,112,93,122,134,32" hai2="89,85,83,38,92,5,51,54,103,94,121,132,28" hai3="128,53,104,37,117,80,24,6,29,126,25,39,62"/><V13/><F121/><W75/><G117/><T77/><D35/><U108/><E65/><V9/><F38/><W36/><G104/><T129/><D129/><U59/><E69/><V101/><F132/><W18/><G6/><T102/><D113/><N who="1" m="43627" /><E42/><V99/><F28/><W133/><G133/><T82/><D55/><U2/><E2/><V124/><F124/><W74/><G126/><T100/><D44/><U98/><E32/><V84/><F84/><W105/><G105/><T10/><D102/><U50/><E134/><V73/><F73/><W71/><G128/><T22/><D96/><U76/><E76/><V52/><F51/><W78/><G71/><T58/><D58/><U56/><E122/><V45/><F45/><W57/><G29/><T106/><D100/><U49/><E59/><V79/><F79/><W109/><G109/><N who="1" m="42058" /><E56/><V119/><F119/><W107/><G107/><T130/><D106/><U81/><E81/><V125/><F125/><W66/><G74/><T1/><D1/><U120/><E120/><V43/><F43/><W97/><G97/><AGARI ba="0,0" hai="5,9,13,52,54,83,85,89,92,94,97,99,101,103" machi="97" ten="40,7700,0" yaku="9,1,8,1,54,1" doraHai="15" who="2" fromWho="3" sc="191,0,263,0,256,77,290,-77" /><INIT seed="6,1,0,5,4,84" ten="191,263,333,213" oya="2" hai0="71,13,62,14,39,55,72,50,20,89,2,69,131" hai1="54,51,67,111,114,86,48,125,34,40,41,24,44" hai2="95,109,7,43,42,108,115,17,0,47,12,88,127" hai3="106,46,87,3,18,128,61,120,8,49,1,22,64"/><V124/><F0/><W112/><G120/><T121/><D121/><U98/><E111/><N who="2" m="42571" /><F7/><W74/><G128/><T135/><D131/><U9/><E67/><V63/><F63/><W45/><G74/><T73/><D2/><U6/><E41/><V68/><F68/><W80/><G106/><T15/><D39/><U77/><E24/><V78/><F78/><W90/><G112/><T30/><D135/><U119/><E34/><V16/><F115/><W53/><G45/><T118/><D118/><U76/><E114/><V91/><F43/><W56/><REACH who="3" step="1"/><G8/><REACH who="3" ten="191,263,333,203" step="2"/><T132/><D72/><U28/><E9/><N who="2" m="6159" /><F17/><W122/><G122/><T81/><D73/><U36/><E6/><V101/><F101/><W21/><G21/><T33/><D132/><U32/><E32/><V100/><F100/><W85/><G85/><T96/><D20/><U19/><E86/><V97/><F91/><W110/><G110/><T23/><D23/><U66/><E19/><V37/><AGARI ba="1,1" hai="37,42,47,88,95,97,124,127" m="6159,42571" machi="37" ten="30,11700,0" yaku="10,1,52,1,54,2" doraHai="84" who="2" fromWho="2" sc="191,-40,263,-40,333,130,203,-40" /><INIT seed="6,2,0,2,4,88" ten="151,223,463,163" oya="2" hai0="14,72,3,33,123,23,81,110,83,75,99,132,108" hai1="57,77,27,5,128,79,68,16,74,43,104,40,66" hai2="41,78,20,17,1,49,11,125,120,91,61,62,112" hai3="100,95,58,133,7,122,60,121,15,97,106,18,9"/><V84/><F120/><W111/><G111/><T64/><D123/><U87/><E68/><V51/><F112/><W130/><G133/><T71/><D14/><U105/><E74/><V44/><F125/><W117/><G130/><T13/><D3/><U113/><E113/><V53/><F78/><W34/><G34/><T134/><D13/><U30/><E30/><V116/><F116/><W54/><G117/><T45/><D45/><U93/><E5/><V80/><F11/><W38/><G38/><T73/><D23/><N who="1" m="13799" /><E104/><V76/><F76/><W28/><G28/><T63/><D33/><U32/><E105/><V126/><F1/><W103/><G106/><T109/><REACH who="0" step="1"/><D99/><REACH who="0" ten="141,223,463,163" step="2"/><U129/><E32/><V8/><F126/><W6/><G122/><T118/><D118/><U96/><E128/><V65/><F8/><W52/><G121/><T29/><D29/><U42/><E129/><V101/><F101/><W127/><G127/><T131/><D131/><U59/><E87/><V69/><F20/><W12/><G103/><T119/><D119/><U90/><E59/><V135/><F135/><AGARI ba="2,1" hai="63,64,71,72,73,75,81,83,108,109,110,132,134,135" machi="135" ten="50,3200,0" yaku="1,1,20,1,53,0" doraHai="88" doraHaiUra="115" who="0" fromWho="2" sc="141,48,223,0,463,-38,163,0" /><INIT seed="7,0,0,1,0,65" ten="189,223,425,163" oya="3" hai0="35,59,91,11,79,116,66,31,126,68,14,132,38" hai1="86,112,28,135,46,107,90,27,47,108,30,57,26" hai2="54,75,19,15,110,104,120,5,77,56,52,43,130" hai3="36,33,106,117,118,48,41,7,103,82,8,67,20"/><W44/><G33/><T58/><D38/><U101/><E108/><V89/><F104/><W105/><G20/><T34/><D116/><U92/><E135/><V127/><F110/><W115/><G115/><T29/><D79/><U60/><E112/><V119/><F119/><W13/><G106/><T94/><D132/><U128/><E128/><V93/><F43/><W131/><G131/><T96/><D126/><U85/><E85/><V95/><F5/><W2/><G48/><T9/><D68/><U113/><E113/><V24/><F130/><W63/><G13/><T42/><D42/><U3/><E3/><V22/><F127/><W25/><G25/><N who="1" m="9226" /><E101/><V84/><F120/><W129/><G129/><T78/><D78/><U40/><E40/><V6/><F75/><W17/><G17/><T51/><D34/><U50/><E50/><V64/><F77/><W83/><G83/><T39/><D39/><U99/><E99/><V37/><F37/><W122/><G82/><T45/><D35/><U53/><E107/><V134/><F134/><W71/><G122/><T109/><D109/><U88/><E90/><V21/><F95/><W97/><AGARI ba="0,0" hai="2,7,8,36,41,44,63,67,71,97,103,105,117,118" machi="97" ten="30,11700,0" yaku="0,1,23,2,52,1" doraHai="65" who="3" fromWho="3" sc="189,-39,223,-39,425,-39,163,117" /><INIT seed="7,1,0,3,1,95" ten="150,184,386,280" oya="3" hai0="35,15,25,132,6,51,39,34,41,119,93,106,88" hai1="66,10,87,108,36,135,44,26,55,56,79,11,123" hai2="33,50,77,59,17,110,129,89,27,74,53,82,102" hai3="133,49,96,111,21,2,92,47,109,61,7,104,94"/><W9/><G133/><T54/><D132/><U38/><E123/><V62/><F110/><N who="3" m="41995" /><G61/><T3/><D106/><U67/><E135/><V64/><F102/><N who="3" m="62535" /><G21/><T30/><D119/><U63/><E38/><V8/><F129/><W71/><G71/><T73/><D73/><U131/><E131/><V22/><F89/><W23/><G23/><T81/><D81/><N who="1" m="47551" /><E36/><V37/><F37/><W65/><G65/><N who="1" m="24586" /><E108/><V100/><F100/><W107/><G107/><T43/><D39/><U12/><E26/><V124/><F33/><W97/><G97/><T80/><D80/><U98/><E98/><V130/><F130/><W18/><G18/><T28/><D3/><U114/><E114/><V5/><F124/><W84/><G84/><T0/><D0/><U128/><E128/><V45/><F8/><W99/><G99/><T127/><D127/><U58/><E11/><V60/><F60/><W48/><G48/><T113/><D113/><U90/><E63/><V1/><F1/><W20/><G20/><T14/><D6/><U42/><E10/><V122/><F5/><W112/><G112/><T125/><D125/><U57/><E12/><N who="0" m="4649" /><D34/><U85/><E42/><AGARI ba="1,0" hai="2,7,9,42,47,49,92,94" m="62535,41995" machi="42" ten="30,2900,0" yaku="10,1,52,1" doraHai="95" who="3" fromWho="1" sc="150,0,184,-32,386,0,280,32" /><INIT seed="7,2,0,1,1,26" ten="150,152,386,312" oya="3" hai0="88,36,66,29,128,10,121,91,18,38,80,32,82" hai1="85,15,44,23,106,4,76,12,127,111,25,114,64" hai2="31,59,20,102,134,83,33,11,117,132,57,123,98" hai3="49,78,13,30,50,63,115,35,131,39,120,103,109"/><W0/><G120/><T94/><D121/><U70/><E106/><V42/><F123/><W28/><G39/><T43/><D128/><U86/><E64/><V125/><F33/><W21/><G35/><T126/><D66/><U45/><E70/><V65/><F42/><W9/><G0/><T17/><D43/><U110/><E127/><V104/><F117/><W7/><G131/><T89/><D94/><U46/><E114/><V60/><F125/><W52/><G21/><T119/><D126/><U118/><E118/><V58/><F83/><N who="0" m="31786" /><D119/><U8/><E76/><V2/><F2/><W56/><G78/><T122/><D32/><U34/><E34/><V48/><F11/><W95/><G115/><T99/><D122/><U5/><E110/><V72/><F72/><W19/><G7/><N who="1" m="2634" /><E111/><V51/><F20/><W69/><G69/><T135/><D99/><U81/><E8/><V62/><F31/><N who="3" m="11819" /><G109/><T40/><D29/><N who="1" m="17599" /><E81/><V53/><F53/><W133/><G133/><N who="2" m="51305" /><F65/><W16/><G19/><N who="0" m="7179" /><D40/><U61/><E61/><AGARI ba="2,0" hai="48,51,57,58,59,60,61,62,98,102,104" m="51305" machi="61" ten="30,1000,0" yaku="20,1" doraHai="26" who="2" fromWho="1" sc="150,0,152,-16,386,16,312,0" owari="150,-25.0,136,-36.0,402,50.0,312,11.0" /></mjloggm>