<mjloggm ver="2.3"><GO type="41"/><UN n0="%6F%6E%65%73%74%61%72" n1="%E3%81%AF%E3%81%AA%E3%81%96%E3%82%8F%EF%BC%93" n2="%E5%93%B2%E6%96%AC" n3="%EF%BC%88%E2%89%A7%E2%96%BD%E2%89%A6%EF%BC%89" dan="14,13,13,14" rate="1902,1901,1856,2046" sx="M,M,M,M"/><TAIKYOKU oya="0"/><INIT seed="0,0,0,1,2,89" ten="250,250,250,250" oya="0" hai0="13,15,96,58,18,9,49,35,59,71,39,102,4" hai1="120,72,75,46,34,134,66,20,122,55,91,29,79" hai2="126,22,81,41,1,47,110,57,83,118,85,76,131" hai3="16,82,21,104,3,32,65,31,98,26,48,117,0"/><T68/><D39/><U52/><E34/><V95/><F1/><W116/><G65/><T78/><D35/><U11/><E134/><V108/><F131/><W103/><G82/><T128/><D128/><U105/><E105/><V70/><F70/><W23/><G23/><T119/><D119/><U60/><E11/><V40/><F126/><W132/><G132/><T5/><D78/><U124/><E124/><V74/><F118/><W84/><G117/><T30/><D30/><U80/><E75/><V12/><F57/><W127/><G127/><T37/><D37/><U113/><E113/><V69/><F69/><W44/><G84/><T8/><D18/><U129/><E129/><V51/><F40/><W64/><G64/><T36/><D36/><U100/><E100/><V19/><F95/><W88/><G88/><T17/><D17/><U112/><E91/><V73/><REACH who="2" step="1"/><F85/><REACH who="2" step="2"/><W87/><G87/><T50/><D96/><U86/><E86/><V101/><F101/><AGARI ba="0,1" hai="4,5,8,9,13,15,49,50,58,59,68,71,101,102" machi="101" ten="25,2400,0" yaku="22,2" doraHai="89" who="0" fromWho="2" sc="250,34,250,0,240,-24,250,0" /><INIT seed="0,1,0,4,0,38" ten="284,250,216,250" oya="0" hai0="56,66,64,81,120,35,29,42,44,9,114,28,94" hai1="127,85,40,57,93,24,106,21,78,45,112,4,61" hai2="54,60,99,31,2,71,19,129,3,36,115,135,0" hai3="131,86,13,105,30,14,12,104,76,111,74,88,108"/><T123/><D114/><U70/><E106/><V47/><F115/><W25/><G76/><T69/><D69/><U92/><E112/><V51/><F31/><W122/><G74/><T32/><D9/><U109/><E109/><N who="3" m="42058" /><G131/><T49/><D94/><U82/><E70/><V132/><F99/><W113/><G122/><T72/><D56/><U67/><E4/><V6/><F6/><W124/><G124/><T20/><D20/><U39/><REACH who="1" step="1"/><E127/><REACH who="1" step="2"/><V107/><F129/><W121/><G121/><T48/><D123/><U33/><E33/><V116/><F107/><W110/><G113/><T100/><D35/><U119/><E119/><V10/><F116/><W34/><G110/><T59/><D32/><U23/><E23/><V41/><F71/><W73/><G73/><T87/><D120/><U95/><E95/><AGARI ba="1,1" hai="12,13,14,25,30,34,86,88,95,104,105" m="42058" machi="95" ten="30,2000,0" yaku="14,1,54,1" doraHai="38" who="3" fromWho="1" sc="284,0,240,-23,216,0,250,33" /><INIT seed="1,0,0,0,5,57" ten="284,217,216,283" oya="1" hai0="130,24,23,66,91,62,39,115,16,34,121,74,30" hai1="104,19,122,76,123,134,14,1,97,61,128,96,118" hai2="101,31,117,92,68,10,71,53,100,109,60,49,65" hai3="54,120,70,116,84,46,82,111,58,89,93,35,125"/><U21/><E118/><V5/><F117/><W17/><G120/><T8/><D115/><U112/><E112/><V3/><F109/><W110/><G116/><T133/><D121/><U13/><E1/><V80/><F31/><W127/><G70/><T98/><D39/><U73/><E128/><V108/><F108/><N who="3" m="41515" /><G35/><T26/><D130/><U105/><E134/><V99/><F80/><W36/><G17/><T9/><D74/><U32/><E32/><V87/><F87/><W103/><G46/><T42/><D42/><U63/><E19/><V129/><F129/><W4/><G4/><T75/><D75/><U56/><E56/><V64/><F101/><W119/><G36/><T48/><D48/><U0/><E0/><V67/><F71/><W15/><G15/><T22/><D34/><U107/><E107/><V83/><F83/><W11/><G11/><T43/><D43/><U38/><E38/><V106/><F106/><W131/><G131/><T2/><D2/><U55/><E73/><V95/><F95/><W59/><G119/><T20/><D20/><U72/><E72/><V79/><F79/><W135/><G135/><T124/><D133/><U77/><E21/><V126/><F126/><N who="3" m="48139" /><G54/><AGARI ba="0,0" hai="13,14,54,55,61,63,76,77,96,97,104,105,122,123" machi="54" ten="25,9600,0" yaku="22,2,52,2" doraHai="57" who="1" fromWho="3" sc="284,0,217,96,216,0,283,-96" /><INIT seed="1,1,0,3,0,41" ten="284,313,216,187" oya="1" hai0="123,122,90,81,61,135,42,115,129,8,20,121,31" hai1="30,134,63,127,58,78,47,44,4,27,9,22,25" hai2="40,32,100,18,110,64,7,97,106,98,29,59,38" hai3="35,70,117,33,34,126,85,113,88,15,11,89,105"/><U102/><E134/><V5/><F110/><W69/><G113/><T2/><D115/><U111/><E127/><V74/><F74/><W77/><G126/><T62/><D135/><U60/><E111/><V56/><F18/><W96/><G117/><T109/><D109/><U50/><E78/><V55/><F64/><W54/><G54/><T1/><D129/><U73/><E73/><V116/><F116/><W87/><G77/><T10/><D42/><U45/><E102/><V65/><F97/><W3/><G3/><N who="0" m="1035" /><D90/><U93/><E93/><V86/><F86/><W80/><G96/><T107/><D107/><U53/><REACH who="1" step="1"/><E27/><REACH who="1" step="2"/><V84/><F100/><W24/><G24/><N who="0" m="16775" /><D81/><U75/><E75/><V120/><F106/><W95/><REACH who="3" step="1"/><G105/><REACH who="3" step="2"/><T39/><D123/><U6/><E6/><AGARI ba="1,2" hai="6,11,15,33,34,35,69,70,80,85,87,88,89,95" machi="6" ten="40,5200,0" yaku="1,1,2,1,54,1,53,0" doraHai="41" doraHaiUra="14" who="3" fromWho="1" sc="284,0,303,-55,216,0,177,75" /><INIT seed="2,0,0,2,5,5" ten="284,248,216,252" oya="2" hai0="95,123,49,133,70,100,48,99,41,60,2,104,121" hai1="71,56,24,74,108,101,116,16,61,119,14,62,75" hai2="87,68,69,120,3,30,117,40,47,82,122,44,17" hai3="134,92,1,94,91,13,84,18,42,6,21,76,11"/><V86/><F117/><W130/><G130/><T65/><D2/><U97/><E108/><V50/><F3/><W72/><G134/><T135/><D104/><U26/><E71/><V128/><F30/><W81/><REACH who="3" step="1"/><G42/><REACH who="3" step="2"/><T46/><REACH who="0" step="1"/><D49/><REACH who="0" step="2"/><U57/><E119/><V22/><F128/><W85/><G85/><T55/><D55/><U27/><E116/><V23/><F87/><W15/><G15/><T127/><D127/><U110/><E75/><V131/><F131/><W90/><G90/><T77/><D77/><U28/><E74/><V0/><F0/><W105/><G105/><T111/><D111/><U129/><E110/><V19/><F122/><AGARI ba="0,2" hai="41,46,48,60,65,70,95,99,100,121,122,123,133,135" machi="122" ten="40,1300,0" yaku="1,1,53,0" doraHai="5" doraHaiUra="12" who="0" fromWho="2" sc="274,33,248,0,216,-13,242,0" /><INIT seed="3,0,0,3,1,3" ten="307,248,203,242" oya="3" hai0="59,76,116,80,8,0,27,86,57,124,48,29,72" hai1="16,120,58,127,70,111,97,128,79,40,20,91,45" hai2="49,122,14,90,51,33,85,88,81,133,103,96,123" hai3="102,64,118,37,77,67,46,9,108,34,65,31,126"/><W55/><G118/><T82/><D116/><U109/><E120/><N who="2" m="46123" /><F33/><W95/><G126/><T130/><D124/><U43/><E70/><V56/><F14/><W87/><G108/><T101/><D130/><U94/><E127/><V5/><F56/><W21/><G34/><T22/><D101/><U78/><E128/><V73/><F5/><W89/><G37/><T131/><D131/><U62/><E109/><V107/><F49/><N who="3" m="29111" /><G77/><T71/><D71/><U19/><E111/><V63/><F51/><W23/><G9/><T35/><D35/><U28/><E28/><V54/><F54/><W68/><G68/><T117/><D117/><U41/><E45/><V129/><F63/><W113/><G113/><T132/><D132/><U4/><E4/><V121/><F129/><W18/><G102/><T74/><D48/><U26/><REACH who="1" step="1"/><E19/><REACH who="1" step="2"/><V44/><F44/><W2/><G31/><T6/><REACH who="0" step="1"/><D72/><REACH who="0" step="2"/><U83/><E83/><V112/><F73/><W99/><G18/><T52/><D52/><AGARI ba="0,2" hai="16,20,26,40,41,43,52,58,62,78,79,91,94,97" machi="52" ten="40,12000,2" yaku="1,1,25,2,8,1,54,2,53,1" doraHai="3" doraHaiUra="50" who="1" fromWho="0" sc="297,-120,238,140,203,0,242,0" /><INIT seed="4,0,0,0,4,110" ten="177,378,203,242" oya="0" hai0="104,4,50,122,99,10,112,117,40,46,73,69,27" hai1="31,109,82,111,34,62,81,2,85,45,17,58,119" hai2="70,128,123,121,65,41,134,66,83,78,35,91,1" hai3="24,93,54,26,80,84,130,77,6,114,16,64,95"/><T100/><D69/><U59/><E119/><V11/><F35/><W76/><G130/><T108/><D117/><U33/><E2/><V51/><F128/><W12/><G64/><T25/><D122/><U107/><E107/><V71/><F134/><W118/><G118/><T32/><D108/><U37/><E17/><V0/><F91/><W57/><G76/><T79/><D32/><U23/><E23/><V38/><F11/><N who="3" m="6175" /><G6/><T127/><D127/><U60/><E85/><V61/><F38/><W89/><G114/><T133/><D133/><U19/><E19/><V74/><F123/><W20/><G77/><T47/><D112/><U126/><E45/><V36/><F121/><W116/><G116/><T135/><D135/><U44/><E44/><V88/><F36/><W13/><G13/><T42/><D79/><U43/><E37/><V105/><F105/><W48/><G26/><T15/><REACH who="0" step="1"/><D73/><REACH who="0" step="2"/><U129/><E129/><V120/><F120/><W86/><G86/><T125/><D125/><U18/><E126/><V22/><F71/><W30/><AGARI ba="0,1" hai="20,24,30,48,54,57,80,84,89,93,95" m="6175" machi="30" ten="30,2000,0" yaku="8,1,54,1" doraHai="110" who="3" fromWho="3" sc="167,-10,378,-5,203,-5,242,30" /><INIT seed="5,0,0,1,1,132" ten="157,373,198,272" oya="1" hai0="52,60,109,61,44,38,47,4,96,1,117,123,119" hai1="31,33,20,28,12,98,121,56,97,27,6,114,21" hai2="126,46,122,37,34,124,66,103,93,130,29,0,118" hai3="36,127,94,25,73,16,55,111,42,50,112,68,104"/><U3/><E56/><V92/><F118/><W9/><G104/><T75/><D123/><U26/><E98/><V102/><F0/><W67/><G111/><T84/><D75/><U8/><E97/><V35/><F122/><W51/><G73/><T57/><D109/><U108/><E121/><V58/><F37/><W74/><G74/><T30/><D30/><U90/><E90/><V133/><F46/><N who="3" m="25943" /><G68/><T76/><D1/><U70/><E70/><V53/><F66/><W72/><G72/><T59/><D4/><U115/><E108/><V48/><F133/><W5/><G36/><T95/><D76/><U39/><E39/><V83/><F83/><W71/><G71/><T135/><D84/><U43/><E43/><V45/><F130/><W13/><G112/><T87/><D87/><U32/><E3/><V81/><F81/><W78/><G78/><T14/><D14/><U88/><E88/><V134/><F134/><W107/><G107/><T106/><D106/><U116/><E116/><V113/><F113/><AGARI ba="0,0" hai="6,8,12,20,21,26,27,28,31,32,33,113,114,115" machi="113" ten="40,12000,1" yaku="9,1,15,1,34,3" doraHai="132" who="1" fromWho="2" sc="157,0,373,120,198,-120,272,0" /><INIT seed="5,1,0,2,5,131" ten="157,493,78,272" oya="1" hai0="7,79,66,105,113,67,70,109,31,71,84,30,135" hai1="64,63,89,116,103,123,90,119,98,118,96,58,18" hai2="134,106,42,82,55,114,45,32,72,0,101,23,81" hai3="29,91,75,5,92,41,27,100,130,37,12,60,76"/><U65/><E123/><V61/><F32/><W17/><G130/><T85/><D105/><U2/><E2/><V129/><F0/><W102/><G5/><T34/><D113/><U44/><E44/><V48/><F129/><W87/><G37/><T3/><D109/><U36/><E36/><V24/><F72/><W125/><G125/><T35/><D3/><U53/><E18/><V110/><F110/><W95/><G41/><T126/><D7/><U28/><E28/><V47/><F106/><W10/><G60/><T39/><D39/><U62/><E53/><V74/><F101/><W83/><G95/><T49/><D49/><U99/><E103/><V25/><F61/><N who="1" m="23049" /><E58/><V15/><F74/><W40/><G40/><T80/><D79/><U20/><E20/><AGARI ba="1,0" hai="10,12,17,20,27,29,75,76,83,87,91,92,100,102" machi="20" ten="30,1000,0" yaku="7,1" doraHai="131" who="3" fromWho="1" sc="157,0,493,-13,78,0,272,13" /><INIT seed="6,0,0,5,0,64" ten="157,480,78,285" oya="2" hai0="50,73,55,28,44,17,87,8,59,56,103,2,101" hai1="61,45,49,35,82,85,25,21,102,46,26,0,3" hai2="120,10,27,130,88,43,121,18,78,95,92,34,128" hai3="113,52,116,67,93,132,86,38,114,65,12,15,122"/><V98/><F43/><W57/><G122/><T22/><D73/><U91/><E102/><V115/><F78/><W70/><G38/><T19/><D28/><U109/><E109/><V29/><F95/><W81/><G116/><T117/><D117/><U108/><E35/><V42/><F42/><W124/><G93/><T53/><D87/><U11/><E46/><V71/><F115/><N who="3" m="44043" /><G132/><T77/><D77/><U110/><E26/><V60/><F18/><W63/><G124/><T79/><D79/><U39/><E39/><V90/><F10/><W5/><G5/><T32/><D32/><U100/><E11/><V1/><F90/><N who="3" m="51535" /><G67/><T13/><D2/><U75/><E110/><V36/><F1/><W99/><G99/><T69/><D69/><U66/><E108/><V112/><F112/><W84/><G84/><T119/><D119/><U51/><E75/><V126/><F36/><W118/><G118/><T6/><D6/><U134/><E134/><V80/><F80/><W135/><G135/><T7/><D7/><U30/><E0/><V37/><F37/><W107/><G107/><T97/><D97/><U83/><E3/><V47/><F47/><W33/><G33/><T106/><D106/><U94/><E45/><V133/><F133/><W131/><G131/><N who="2" m="50217" /><F126/><W20/><G20/><T40/><D55/><U16/><E83/><V9/><F9/><W96/><G96/><T89/><D89/><U72/><E82/><V76/><F76/><W127/><G127/><T4/><D4/><U105/><E105/><V111/><F111/><W31/><G31/><T104/><D104/><RYUUKYOKU ba="0,0" sc="157,-15,480,-15,78,15,285,15" hai2="27,29,34,60,71,88,92,98,120,121" hai3="12,15,52,57,63,65,70" /><INIT seed="6,1,0,4,4,69" ten="142,465,93,300" oya="2" hai0="11,33,34,40,12,105,3,19,44,65,49,62,98" hai1="17,66,114,60,106,20,55,109,104,67,118,15,46" hai2="107,53,128,64,88,127,132,73,23,6,122,29,50" hai3="134,8,131,58,39,108,61,86,116,82,95,123,24"/><V36/><F122/><W18/><G123/><T117/><D3/><U103/><E109/><V83/><F107/><W2/><G108/><T121/><D121/><U101/><E118/><V22/><F64/><W133/><G116/><T0/><D117/><U32/><E32/><V28/><F132/><N who="3" m="50795" /><G131/><T10/><D0/><U57/><E106/><V85/><F73/><W56/><G39/><T16/><D105/><U111/><E104/><V43/><F128/><W1/><G95/><T45/><D98/><U72/><E72/><V51/><F127/><W37/><G37/><T54/><D11/><U84/><E111/><V41/><F6/><N who="3" m="1103" /><G2/><T81/><D81/><U93/><E93/><V42/><F36/><W120/><G120/><T71/><REACH who="0" step="1"/><D19/><REACH who="0" step="2"/><U100/><E17/><V25/><REACH who="2" step="1"/><F53/><REACH who="2" step="2"/><W4/><G4/><T112/><D112/><U26/><E114/><V94/><F94/><W113/><G113/><T79/><D79/><U129/><E55/><V35/><F35/><W70/><G18/><T47/><D47/><U5/><E46/><V68/><F68/><W21/><G82/><T31/><D31/><U96/><E129/><V135/><F135/><W74/><G70/><T119/><D119/><U13/><E67/><V59/><F59/><W48/><G58/><T27/><D27/><AGARI ba="1,2" hai="22,23,25,27,28,29,41,42,43,50,51,83,85,88" machi="27" ten="40,12000,1" yaku="1,1,9,1,8,1,54,1,53,0" doraHai="69" doraHaiUra="97" who="2" fromWho="0" sc="132,-123,465,0,83,143,300,0" /><INIT seed="6,2,0,3,1,130" ten="9,465,226,300" oya="2" hai0="132,8,9,71,38,10,25,82,80,60,81,64,23" hai1="2,72,15,24,128,74,97,13,98,36,56,96,105" hai2="69,103,46,40,126,121,7,41,83,32,45,109,112" hai3="88,29,66,54,86,106,49,134,52,120,55,27,19"/><V111/><F121/><W77/><G106/><T94/><D94/><U44/><E2/><V87/><F32/><W57/><G120/><T39/><D132/><U68/><E68/><V110/><F69/><W127/><G127/><T16/><AGARI ba="2,0" hai="8,9,10,16,23,25,38,39,60,64,71,80,81,82" machi="16" ten="30,2000,0" yaku="0,1,54,1" doraHai="130" who="0" fromWho="0" sc="9,26,465,-7,226,-12,300,-7" /><INIT seed="7,0,0,2,2,130" ten="35,458,214,293" oya="3" hai0="42,18,66,38,109,30,64,118,87,84,61,70,93" hai1="90,83,69,127,25,34,86,19,40,117,49,28,11" hai2="41,81,58,115,20,45,129,134,112,29,14,26,46" hai3="92,0,24,101,37,36,80,10,124,48,113,5,2"/><W103/><G113/><T123/><D18/><U6/><E69/><V33/><F129/><W51/><G124/><T59/><D30/><U82/><E127/><V22/><F81/><W50/><G0/><T32/><D32/><U111/><E19/><V79/><F79/><W97/><G103/><T105/><D105/><U77/><E111/><V8/><F58/><W122/><G122/><T107/><D107/><U3/><E117/><V44/><F41/><W54/><G54/><T43/><D93/><U114/><E114/><N who="2" m="43563" /><F134/><W57/><G57/><T1/><D1/><U12/><E3/><V53/><F53/><W75/><REACH who="3" step="1"/><G24/><REACH who="3" step="2"/><T52/><D87/><U126/><E126/><V131/><F131/><W74/><G74/><T65/><D84/><U62/><E86/><V98/><F98/><W35/><G35/><T116/><D123/><U135/><E34/><V95/><F46/><W119/><G119/><T133/><D133/><U21/><E135/><V23/><F45/><W76/><AGARI ba="0,1" hai="2,5,10,36,37,48,50,51,75,76,80,92,97,101" machi="76" ten="30,3000,0" yaku="1,1,0,1,53,0" doraHai="130" doraHaiUra="13" who="3" fromWho="3" sc="35,-10,458,-10,214,-10,283,40" /><INIT seed="7,1,0,5,4,64" ten="25,448,204,323" oya="3" hai0="114,90,83,94,70,38,99,26,125,73,10,100,65" hai1="32,133,67,68,6,25,43,59,98,2,85,116,78" hai2="24,61,5,134,46,115,28,27,84,86,112,41,60" hai3="95,80,23,105,126,119,108,56,31,75,96,54,92"/><W89/><G119/><T82/><D38/><U88/><E68/><V48/><F5/><W77/><G126/><T58/><D114/><U107/><E116/><V79/><F134/><W103/><G108/><T69/><D125/><U131/><E133/><V15/><F15/><W4/><G4/><T91/><D26/><U17/><E131/><V22/><F24/><W37/><G37/><T57/><D10/><U130/><E130/><V13/><F13/><W63/><G31/><T53/><D65/><U7/><E43/><V72/><F72/><W16/><REACH who="3" step="1"/><G89/><REACH who="3" step="2"/><T9/><D91/><U81/><E88/><V12/><F79/><W51/><G51/><T132/><D90/><U39/><E39/><V47/><F61/><W55/><G55/><T40/><D132/><U66/><E7/><V97/><F60/><W109/><G109/><T33/><D53/><U104/><E6/><V128/><F128/><W102/><G102/><T71/><D40/><U111/><E111/><V14/><F115/><W123/><G123/><T113/><D113/><U1/><E1/><V35/><F112/><W19/><G19/><T118/><D118/><U0/><E17/><V127/><F127/><W76/><G76/><T106/><D100/><U62/><E2/><V101/><F48/><W50/><G50/><T36/><D36/><U129/><E0/><V20/><F41/><W42/><G42/><T8/><D73/><U87/><E129/><V121/><F121/><W74/><G74/><T117/><D117/><U18/><E78/><V122/><F122/><W3/><G3/><T45/><D106/><RYUUKYOKU ba="1,1" sc="25,-10,448,-10,204,-10,313,30" hai3="16,23,54,56,63,75,77,80,92,95,96,103,105" /><INIT seed="7,2,1,1,2,10" ten="15,438,194,343" oya="3" hai0="62,9,48,118,107,78,20,3,105,22,100,27,72" hai1="13,96,73,77,103,85,101,67,119,132,26,69,130" hai2="54,123,114,93,71,34,44,104,87,5,60,74,14" hai3="124,66,28,111,32,131,39,122,64,31,120,70,121"/><W21/><G39/><T16/><D118/><U2/><E2/><V35/><F104/><W86/><G131/><T99/><D78/><U65/><E73/><V129/><F74/><W63/><G124/><T42/><D72/><U81/><E130/><V11/><F129/><W19/><G111/><T94/><D62/><U76/><E119/><V58/><F114/><W110/><G110/><T113/><D113/><U117/><E117/><V15/><F123/><W29/><G66/><N who="1" m="25098" /><E69/><V50/><F71/><W68/><G68/><T116/><D116/><U46/><E132/><V106/><F106/><W23/><G32/><T56/><D3/><U49/><E26/><V40/><F93/><W134/><G134/><T43/><D9/><U102/><E13/><V7/><REACH who="2" step="1"/><F87/><REACH who="2" step="2"/><W91/><REACH who="3" step="1"/><G19/><REACH who="3" step="2"/><T6/><D6/><U17/><E17/><V25/><F25/><W109/><G109/><T4/><D4/><U127/><E127/><V45/><F45/><W51/><G51/><T47/><D107/><U92/><E49/><V115/><F115/><W89/><G89/><T79/><D105/><U24/><E46/><V53/><F53/><W80/><AGARI ba="2,3" hai="21,23,28,29,31,63,64,70,80,86,91,120,121,122" machi="80" ten="40,3900,0" yaku="1,1,0,1,53,0" doraHai="10" doraHaiUra="97" who="3" fromWho="3" sc="15,-15,438,-15,184,-15,333,75" /><INIT seed="7,3,0,1,3,114" ten="0,423,169,408" oya="3" hai0="12,55,39,130,20,103,131,80,81,90,99,121,2" hai1="18,118,134,29,13,43,30,28,34,122,63,19,27" hai2="92,128,125,7,124,101,3,9,44,95,71,59,16" hai3="42,26,73,75,25,72,24,83,65,46,10,78,87"/><W91/><G65/><T38/><D121/><U116/><E63/><V126/><F71/><W35/><G10/><T70/><D2/><U77/><E43/><V21/><F44/><W33/><REACH who="3" step="1"/><G78/><REACH who="3" step="2"/><T108/><D70/><U123/><E77/><V66/><F128/><W5/><G5/><T135/><D130/><U109/><E109/><V105/><F66/><W40/><G40/><T51/><D131/><U22/><E134/><V23/><F126/><W133/><G133/><T56/><D135/><U37/><E37/><AGARI ba="3,1" hai="24,25,26,33,35,37,42,46,72,73,75,83,87,91" machi="37" ten="50,2400,0" yaku="1,1,53,0" doraHai="114" doraHaiUra="102" who="3" fromWho="1" sc="0,0,423,-33,169,0,398,43" owari="0,-50,390,19,169,-23,441,54" /></mjloggm>