<mjloggm ver="2.3"><GO type="41"/><UN n0="%E3%83%91%E3%83%B3%E3%83%80%E3%83%BC" n1="%E3%83%AD%E3%83%87%E3%82%AA%E3%82%A2%E3%83%B3%E3%83%87%E3%82%A3" n2="%E3%82%A6%E3%83%AB%E3%83%88%E3%83%A9%E7%AB%8B%E7%9B%B4" n3="%E3%81%9F%E3%81%8B%E2%98%86" dan="13,14,15,13" rate="1838,1911,2008,1849" sx="M,M,M,M"/><TAIKYOKU oya="0"/><INIT seed="0,0,0,2,3,45" ten="250,250,250,250" oya="0" hai0="63,48,62,66,119,91,72,135,22,84,20,50,31" hai1="121,111,13,43,67,130,27,14,60,39,106,103,54" hai2="73,57,88,64,70,89,0,118,46,102,32,122,21" hai3="78,86,77,37,126,51,116,17,125,10,107,65,53"/><T110/><D119/><U2/><E121/><V109/><F73/><W92/><G37/><T4/><D72/><U128/><E2/><V87/><F0/><W81/><G107/><T49/><D135/><U47/><E27/><V36/><F122/><W23/><G65/><T108/><D4/><U134/><E103/><V58/><F118/><W30/><G30/><T94/><D31/><U40/><E106/><V1/><F1/><W38/><G38/><T82/><D82/><U44/><E14/><V11/><F32/><W75/><G75/><T100/><D100/><U104/><E13/><V34/><F34/><W85/><G116/><T3/><D3/><U124/><E54/><V112/><F112/><W96/><G10/><T35/><D35/><U133/><E104/><V74/><F74/><W25/><G77/><T56/><D63/><U24/><E24/><V55/><F36/><W120/><G86/><T28/><REACH who="0" step="1"/><D28/><REACH who="0" ten="240,250,250,250" step="2"/><U99/><E134/><V115/><F115/><W12/><G120/><T52/><D52/><U117/><E133/><V59/><F55/><W29/><G29/><T83/><D83/><U69/><E117/><V90/><F102/><N who="3" m="60679" /><G125/><T68/><D68/><U80/><E124/><V19/><F70/><W8/><G126/><T93/><D93/><U7/><E80/><V76/><F64/><W6/><G53/><T18/><D18/><U127/><E127/><V5/><F19/><W9/><G6/><T15/><D15/><U42/><E7/><V61/><F5/><W41/><G12/><T114/><D114/><U105/><E69/><V16/><F16/><RYUUKYOKU ba="0,1" sc="240,15,250,-15,250,-15,250,15" hai0="20,22,48,49,50,56,62,66,84,91,94,108,110" hai3="8,9,17,23,25,41,51,78,81,85" /><INIT seed="0,1,1,0,3,37" ten="255,235,235,265" oya="0" hai0="30,45,82,34,3,104,71,96,9,57,135,27,119" hai1="93,110,129,107,67,8,21,79,19,29,58,126,64" hai2="42,1,103,39,87,121,14,131,117,17,134,84,133" hai3="125,31,127,80,54,63,114,62,77,6,25,106,26"/><T4/><D119/><U92/><E107/><V116/><F1/><W65/><G106/><T51/><D135/><N who="2" m="51722" /><F42/><W33/><G6/><T7/><D71/><U22/><E29/><V12/><F39/><W24/><G114/><T49/><D7/><U111/><E8/><V100/><F121/><W47/><G31/><T23/><D82/><U97/><E58/><V18/><F131/><W28/><G28/><T40/><D104/><U36/><E36/><V95/><F95/><W48/><G33/><T85/><D85/><N who="2" m="32842" /><F14/><W101/><G101/><N who="2" m="38985" /><F12/><W35/><G35/><T41/><D34/><U132/><E132/><V5/><F5/><W76/><G76/><T44/><D57/><U43/><E79/><V13/><F13/><W89/><G89/><T105/><D105/><U61/><E93/><V66/><F66/><W74/><G65/><T15/><D3/><U52/><E67/><V109/><F109/><W16/><G63/><T81/><D81/><U69/><E110/><V124/><F124/><N who="3" m="47691" /><G62/><T113/><D113/><U56/><E111/><V78/><F78/><W73/><G73/><T46/><D46/><U118/><E126/><V102/><N who="2" m="38993" /><V130/><DORA hai="83" /><F130/><W86/><G74/><T91/><D91/><U90/><E129/><V70/><F70/><W128/><G128/><T75/><D75/><U55/><E69/><V60/><F60/><W20/><AGARI ba="1,1" hai="16,20,24,25,26,47,48,54,77,80,86" m="47691" machi="20" ten="30,4000,0" yaku="18,1,52,1,54,1" doraHai="37,83" who="3" fromWho="3" sc="255,-21,235,-11,235,-11,265,53" /><INIT seed="1,0,0,1,5,97" ten="234,224,224,318" oya="1" hai0="131,71,104,46,74,126,121,6,63,47,21,113,94" hai1="92,11,87,12,112,65,30,101,53,69,128,24,38" hai2="66,7,26,73,105,0,91,84,100,117,54,90,50" hai3="77,29,34,52,80,19,67,89,41,110,85,4,59"/><U122/><E112/><V111/><F0/><W106/><G106/><T60/><D104/><U25/><E38/><V125/><F73/><W36/><G4/><T27/><D74/><U133/><E122/><V124/><F7/><W48/><G29/><T135/><D113/><U55/><E133/><V93/><F66/><W10/><G34/><T31/><D121/><U44/><E128/><V20/><F117/><W32/><G32/><T9/><D135/><U120/><E120/><V76/><F76/><W18/><G10/><T56/><D131/><U86/><E69/><V81/><F105/><W2/><G2/><T43/><D126/><U118/><E65/><V35/><F35/><W134/><G134/><T37/><D47/><U23/><E118/><V132/><F132/><W16/><G67/><T75/><D75/><U5/><E25/><V13/><F13/><W95/><G41/><T40/><D40/><U15/><E15/><V99/><F111/><W116/><G36/><T119/><D119/><U72/><E72/><V42/><F42/><W83/><G110/><T28/><D71/><U130/><E130/><V115/><F115/><W96/><G116/><T88/><D63/><U98/><E44/><V70/><F70/><W61/><G48/><T68/><D68/><U82/><REACH who="1" step="1"/><E87/><REACH who="1" ten="234,214,224,318" step="2"/><V14/><F14/><W33/><G33/><T78/><D27/><U51/><E51/><V1/><F1/><W114/><G114/><T17/><D46/><U109/><E109/><V123/><F50/><W45/><G45/><T102/><D37/><U62/><E62/><V57/><F123/><RYUUKYOKU ba="0,1" sc="234,-15,214,15,224,-15,318,15" hai1="5,11,12,23,24,30,53,55,82,86,92,98,101" hai3="16,18,19,52,59,61,77,80,83,85,89,95,96" /><INIT seed="1,1,1,3,1,130" ten="219,229,209,333" oya="1" hai0="133,113,46,90,74,3,9,96,95,18,15,57,56" hai1="99,39,119,72,93,27,132,105,117,1,79,19,112" hai2="2,5,122,135,8,68,53,103,52,30,101,107,86" hai3="22,92,106,120,126,11,82,25,75,71,70,67,124"/><U37/><E112/><V104/><F122/><W85/><G106/><T42/><D113/><U4/><E19/><V16/><F68/><W55/><G75/><T45/><D74/><U77/><E93/><V128/><F30/><W26/><G67/><T24/><D133/><U41/><E27/><V29/><F29/><W61/><G11/><T38/><D46/><N who="1" m="23855" /><E77/><V125/><F125/><N who="3" m="48235" /><G92/><T49/><D38/><U109/><E39/><V28/><F28/><W121/><G55/><T89/><D24/><N who="3" m="9321" /><G22/><T47/><D3/><U94/><E94/><V91/><F128/><W134/><G134/><T63/><D47/><U64/><E64/><V31/><F135/><W6/><G6/><T23/><D57/><U84/><E84/><V7/><F31/><W59/><G59/><T88/><D9/><N who="1" m="2191" /><E132/><V10/><F16/><W44/><G44/><T80/><REACH who="0" step="1"/><D80/><REACH who="0" ten="209,229,209,333" step="2"/><N who="1" m="45159" /><E109/><V76/><F2/><W115/><G115/><T100/><D100/><AGARI ba="1,2" hai="99,100,105,117,119" m="45159,2191,23855" machi="100" ten="30,2900,0" yaku="25,1,23,1" doraHai="130" who="1" fromWho="0" sc="209,-32,229,52,209,0,333,0" /><INIT seed="1,2,0,1,2,108" ten="177,281,209,333" oya="1" hai0="107,97,123,3,105,113,83,120,1,88,24,19,61" hai1="43,103,21,44,59,117,76,85,130,134,90,74,22" hai2="104,128,64,119,73,7,52,8,98,114,58,82,65" hai3="5,68,6,86,131,2,106,49,100,91,71,78,35"/><U66/><E117/><V81/><F119/><W34/><G131/><T110/><D19/><U109/><E130/><V53/><F128/><W101/><G78/><T60/><D110/><U51/><E109/><V72/><F104/><N who="0" m="40010" /><D24/><U77/><E103/><V28/><F98/><W87/><G106/><T29/><D29/><U9/><E134/><V31/><F58/><W37/><G91/><T42/><D42/><U118/><E118/><V57/><F57/><W99/><G99/><T62/><D97/><U121/><E121/><N who="0" m="46665" /><D83/><N who="1" m="49471" /><E74/><V70/><F8/><W13/><G13/><T102/><D102/><U67/><E9/><V32/><F7/><W26/><G49/><T14/><D14/><U92/><E92/><V12/><F12/><W95/><G95/><T10/><D10/><U20/><E59/><V48/><F48/><W115/><G115/><T133/><D133/><U56/><E56/><V63/><F63/><W46/><G26/><T116/><D116/><U89/><E89/><V79/><F79/><AGARI ba="2,0" hai="20,21,22,43,44,51,66,67,76,77,79" m="49471" machi="79" ten="30,1500,0" yaku="8,1" doraHai="108" who="1" fromWho="2" sc="177,0,281,21,209,-21,333,0" /><INIT seed="1,3,0,1,0,43" ten="177,302,188,333" oya="1" hai0="86,29,38,13,41,6,11,85,76,39,131,105,122" hai1="53,134,34,111,87,82,17,109,77,88,0,80,22" hai2="44,64,130,32,69,35,116,61,119,128,23,40,4" hai3="25,102,103,90,18,47,9,123,126,106,15,24,14"/><U78/><E0/><V92/><F23/><W26/><G123/><T46/><D122/><U58/><E34/><V59/><F92/><W121/><G106/><T75/><D131/><N who="2" m="50218" /><F4/><W27/><G121/><T65/><D105/><U54/><E134/><V36/><F32/><W95/><N who="3" m="6656" /><DORA hai="57" /><W98/><G126/><T51/><D29/><U99/><E22/><V70/><F35/><W16/><REACH who="3" step="1"/><G47/><REACH who="3" ten="177,302,188,323" step="2"/><T49/><D75/><U45/><E45/><V72/><F72/><W108/><G108/><N who="1" m="41546" /><E17/><V66/><F66/><W100/><G100/><T81/><D65/><U52/><E99/><V12/><F12/><W118/><G118/><AGARI ba="3,1" hai="36,40,44,59,61,64,69,70,116,118,119" m="50218" machi="118" ten="30,8000,1" yaku="19,1,34,2,52,2" doraHai="43,57" who="2" fromWho="3" sc="177,0,302,0,188,99,323,-89" /><INIT seed="2,0,0,2,1,9" ten="177,302,287,234" oya="2" hai0="43,132,29,23,53,62,103,2,19,90,7,92,44" hai1="49,41,16,64,50,17,93,99,42,10,117,71,5" hai2="46,35,60,86,36,82,26,124,80,21,39,12,30" hai3="75,47,8,13,83,27,33,123,129,88,130,118,78"/><V54/><F124/><W11/><G118/><T4/><D132/><U104/><E104/><V116/><F116/><W59/><G8/><T55/><D103/><U28/><E117/><V96/><F96/><W15/><G11/><T32/><D2/><U126/><E126/><V40/><F39/><W52/><G47/><T57/><D55/><U68/><E28/><V51/><F60/><N who="3" m="35943" /><G27/><T85/><D32/><U94/><E64/><V67/><F67/><W100/><G100/><T79/><D79/><U84/><E84/><V1/><F1/><W63/><G63/><T89/><D29/><U120/><E120/><V38/><F82/><W127/><G33/><T113/><D113/><U119/><E10/><V135/><F135/><W61/><G61/><T25/><D90/><U18/><E119/><V101/><F101/><W122/><G127/><T24/><D24/><U133/><E133/><V111/><F111/><W107/><G107/><T109/><REACH who="0" step="1"/><D109/><REACH who="0" ten="167,302,287,234" step="2"/><U56/><E71/><V105/><F105/><W48/><G88/><T22/><D22/><U3/><E68/><V73/><F54/><W106/><G106/><T115/><D115/><U131/><E56/><V97/><F73/><W37/><G37/><AGARI ba="0,1" hai="4,7,19,23,25,37,43,44,53,57,62,85,89,92" machi="37" ten="30,2000,0" yaku="1,1,7,1,53,0" doraHai="9" doraHaiUra="102" who="0" fromWho="3" sc="167,30,302,0,287,0,234,-20" /><INIT seed="3,0,0,4,1,80" ten="197,302,287,214" oya="3" hai0="101,66,16,79,82,51,19,97,76,74,42,28,43" hai1="52,9,39,124,6,87,20,17,15,77,81,111,72" hai2="11,13,41,132,10,60,63,85,113,78,57,49,44" hai3="83,89,100,107,118,7,88,33,84,94,12,135,121"/><W103/><G118/><T126/><D79/><U50/><E39/><V98/><F113/><W116/><G33/><T18/><D126/><U64/><E124/><V93/><F132/><W29/><G29/><T53/><D66/><U70/><E111/><V106/><F106/><W23/><G116/><T131/><D28/><U58/><E70/><V127/><F127/><W115/><G115/><T46/><REACH who="0" step="1"/><D131/><REACH who="0" ten="187,302,287,214" step="2"/><U108/><E108/><V105/><F78/><W38/><G121/><T110/><D110/><U25/><REACH who="1" step="1"/><E64/><REACH who="1" ten="187,292,287,214" step="2"/><V54/><F105/><AGARI ba="0,2" hai="16,18,19,42,43,46,51,53,74,76,82,97,101,105" machi="105" ten="40,2600,0" yaku="1,1,54,1,53,0" doraHai="80" doraHaiUra="2" who="0" fromWho="2" sc="187,46,292,0,287,-26,214,0" /><INIT seed="4,0,0,1,1,105" ten="233,292,261,214" oya="0" hai0="135,41,42,108,117,39,83,125,102,15,13,122,3" hai1="10,9,97,51,46,65,76,92,111,100,69,118,79" hai2="36,6,28,131,127,20,24,7,126,91,43,130,90" hai3="35,16,44,77,53,48,61,133,66,107,71,40,11"/><T1/><D122/><U115/><E118/><V120/><F91/><W19/><G107/><T95/><D117/><U68/><E115/><V93/><F43/><W72/><G35/><T84/><D39/><U37/><E37/><V12/><F36/><N who="3" m="21511" /><G11/><T110/><D3/><U62/><E111/><N who="0" m="42537" /><D1/><U0/><E68/><V8/><F120/><W17/><G133/><T104/><D135/><U67/><E67/><V124/><F90/><W23/><G23/><T94/><D125/><U5/><E10/><N who="2" m="4183" /><F93/><N who="0" m="35338" /><D104/><U88/><E100/><V123/><F123/><W132/><G132/><T29/><D102/><U96/><REACH who="1" step="1"/><E97/><REACH who="1" ten="233,282,261,214" step="2"/><V78/><F78/><W49/><G77/><T57/><D83/><U33/><E33/><V30/><F30/><W103/><G103/><T34/><D29/><U21/><E21/><V54/><F54/><AGARI ba="0,1" hai="0,5,9,46,51,54,62,65,69,76,79,88,92,96" machi="54" ten="30,7700,0" yaku="1,1,7,1,54,1,53,1" doraHai="105" doraHaiUra="56" who="1" fromWho="2" sc="233,0,282,87,261,-77,214,0" /><INIT seed="5,0,0,3,5,72" ten="233,369,184,214" oya="1" hai0="62,34,12,105,101,121,43,9,17,86,91,32,123" hai1="79,48,44,7,83,42,125,100,63,122,10,29,109" hai2="104,51,115,49,110,73,16,133,98,94,87,103,95" hai3="64,107,37,90,40,132,18,1,61,80,2,27,52"/><U0/><E122/><N who="0" m="46601" /><D43/><U38/><E125/><V54/><F73/><W53/><G107/><T118/><D118/><U45/><E109/><V5/><F110/><W116/><G116/><T128/><D128/><U58/><E100/><V81/><F115/><W131/><G131/><T71/><D71/><U84/><E29/><V93/><F133/><W114/><G114/><T3/><D3/><U21/><E21/><V46/><F5/><W92/><G80/><N who="0" m="49607" /><D62/><U126/><E126/><V28/><F28/><W99/><G132/><T76/><D105/><U47/><REACH who="1" step="1"/><E38/><REACH who="1" ten="233,359,184,214" step="2"/><V33/><F33/><N who="0" m="12906" /><D101/><U25/><E25/><V56/><F104/><W13/><G27/><T11/><D11/><U31/><E31/><V4/><F103/><W70/><G37/><T67/><D9/><U120/><E120/><V6/><F98/><W22/><REACH who="3" step="1"/><G40/><REACH who="3" ten="233,359,184,204" step="2"/><T124/><D124/><U69/><E69/><V30/><F30/><W82/><G82/><T23/><D23/><U97/><E97/><V129/><F129/><W88/><G88/><T119/><D119/><U68/><E68/><V102/><F102/><W36/><G36/><T60/><D17/><U39/><E39/><V24/><F16/><W26/><G26/><T35/><D35/><U135/><E135/><V113/><F24/><W77/><G77/><T50/><D12/><U59/><E59/><V111/><F111/><W14/><G14/><T20/><D76/><U108/><E108/><V55/><F113/><W41/><G41/><T106/><D20/><U57/><E57/><V127/><F127/><W78/><G78/><AGARI ba="0,2" hai="4,6,46,49,51,54,55,56,78,81,87,93,94,95" machi="78" ten="40,2600,0" yaku="8,1,52,1" doraHai="72" who="2" fromWho="3" sc="233,0,359,0,184,46,204,-26" /><INIT seed="6,0,0,1,3,117" ten="233,359,230,178" oya="2" hai0="20,103,114,46,45,21,80,123,92,15,101,95,121" hai1="6,84,68,12,53,96,72,134,93,49,25,35,77" hai2="128,23,33,79,55,54,28,3,48,1,94,57,81" hai3="119,109,73,43,14,99,27,108,135,122,82,9,24"/><V76/><F33/><W112/><G119/><T129/><D15/><U36/><E68/><V34/><F34/><W30/><G99/><T7/><D114/><U83/><E36/><V4/><F128/><W22/><G43/><T106/><D129/><U41/><E134/><V102/><F3/><W78/><G82/><T74/><D80/><U11/><E35/><V32/><F32/><W115/><G73/><T50/><D50/><U71/><E71/><V86/><F1/><W107/><G107/><T8/><D74/><U64/><E64/><V70/><F70/><W97/><G97/><T85/><D7/><U29/><E29/><V90/><F4/><W38/><G38/><T66/><D106/><U59/><E41/><V47/><F23/><N who="0" m="8778" /><D66/><U31/><E25/><V40/><F28/><W5/><G27/><T18/><D18/><U44/><E31/><V104/><F104/><W39/><G39/><T130/><D85/><U124/><E124/><V13/><F13/><W88/><G88/><T52/><D130/><U69/><E69/><V67/><F102/><N who="0" m="38922" /><D52/><N who="2" m="20010" /><F81/><W111/><G78/><T61/><D8/><U89/><E72/><V58/><F67/><W91/><G91/><T56/><D61/><U0/><E0/><V63/><F63/><W113/><G135/><T10/><D10/><U131/><E131/><V42/><F42/><W17/><REACH who="3" step="1"/><G122/><REACH who="3" ten="233,359,230,168" step="2"/><N who="0" m="46603" /><D56/><AGARI ba="0,1" hai="6,11,12,44,49,53,56,59,77,83,84,89,93,96" machi="56" ten="40,1300,0" yaku="8,1" doraHai="117" who="1" fromWho="0" sc="233,-13,359,23,230,0,168,0" /><AGARI ba="0,0" hai="40,47,48,56,57,58,76,79,86,90,94" m="20010" machi="56" ten="30,2900,0" yaku="8,1,54,1" doraHai="117" who="2" fromWho="0" sc="220,-29,382,0,230,29,168,0" /><INIT seed="6,1,0,2,1,95" ten="191,382,259,168" oya="2" hai0="135,52,71,114,32,4,60,120,12,35,124,126,63" hai1="117,44,69,107,2,101,58,109,86,94,22,34,41" hai2="27,48,75,14,42,110,132,65,105,31,26,85,23" hai3="131,61,49,11,13,70,0,118,25,20,67,29,93"/><V62/><F75/><W102/><G118/><T108/><D108/><U80/><E69/><V57/><F105/><W133/><G133/><T33/><D120/><U73/><E2/><V115/><F132/><W98/><G0/><T106/><D135/><U129/><E34/><V99/><F110/><W10/><G131/><T8/><D106/><U81/><E73/><V36/><F36/><W3/><G3/><T88/><D114/><U111/><E107/><V121/><F121/><W53/><REACH who="3" step="1"/><G13/><REACH who="3" ten="191,382,259,158" step="2"/><T18/><D35/><U84/><E129/><V78/><F115/><W97/><G97/><T66/><D33/><U30/><E117/><V55/><F99/><W91/><G91/><T39/><D32/><U96/><E111/><V51/><F14/><W128/><G128/><T59/><D4/><U90/><E109/><V89/><F78/><W130/><G130/><T74/><D74/><U46/><E90/><V76/><F76/><W119/><G119/><T82/><D39/><U122/><E122/><V68/><F89/><W1/><G1/><T54/><REACH who="0" step="1"/><D54/><REACH who="0" ten="181,382,259,158" step="2"/><U19/><E19/><V125/><F55/><W113/><G113/><T17/><D17/><U92/><E30/><V43/><F31/><W9/><G9/><T37/><D37/><U116/><E116/><V16/><F16/><W5/><G5/><T38/><D38/><U56/><E22/><V134/><F23/><W104/><G104/><T112/><D112/><U47/><E41/><V6/><F43/><W50/><G50/><T100/><D100/><U64/><E101/><V83/><F42/><W79/><G79/><RYUUKYOKU ba="1,2" sc="181,15,382,-15,259,-15,158,15" hai0="8,12,18,52,59,60,63,66,71,82,88,124,126" hai3="10,11,20,25,29,49,53,61,67,70,93,98,102" /><INIT seed="7,2,2,3,2,32" ten="196,367,244,173" oya="3" hai0="24,22,118,134,92,31,39,104,115,44,20,25,102" hai1="50,0,123,40,127,62,78,53,63,29,107,121,82" hai2="117,8,47,110,77,87,106,79,52,88,125,132,68" hai3="65,2,33,93,7,100,6,13,103,76,3,42,69"/><W37/><G76/><N who="2" m="29257" /><F68/><W26/><G13/><T54/><D104/><U36/><E107/><V28/><F106/><W94/><G7/><T23/><D118/><U133/><E29/><V122/><F117/><W51/><G6/><T17/><D134/><U27/><E27/><V43/><F110/><W91/><G51/><T12/><D115/><U90/><E90/><V112/><F112/><W109/><G94/><T41/><D54/><U124/><E0/><N who="3" m="42" /><G93/><T56/><D56/><N who="1" m="32823" /><E133/><V128/><F43/><W135/><G91/><T72/><D72/><U113/><E113/><V38/><F38/><W114/><G100/><T15/><REACH who="0" step="1"/><D23/><REACH who="0" ten="186,367,244,173" step="2"/><U99/><E121/><V61/><F132/><W119/><G103/><T64/><D64/><U84/><E123/><V80/><F122/><W96/><G96/><AGARI ba="2,3" hai="12,15,17,20,22,24,25,31,39,41,44,92,96,102" machi="96" ten="40,1300,0" yaku="1,1,53,0" doraHai="32" doraHaiUra="60" who="0" fromWho="3" sc="186,49,367,0,244,0,173,-19" owari="235,-16.0,367,47.0,244,4.0,154,-35.0" /></mjloggm>