<mjloggm ver="2.3"><GO type="169"/><UN n0="%63%68%61%72%68%69%6D%65" n1="%73%65%69%79%61%6A%70%35" n2="%EF%BC%88%E2%89%A7%E2%96%BD%E2%89%A6%EF%BC%89" n3="%E3%82%82%E3%81%A3%E3%81%97%E3%83%BC" dan="16,16,18,16" rate="2086,2121,2203,2057" sx="F,M,M,M"/><TAIKYOKU oya="0"/><INIT seed="0,0,0,1,0,42" ten="250,250,250,250" oya="0" hai0="54,86,123,81,115,55,2,76,35,45,29,7,13" hai1="104,18,6,73,114,47,34,60,93,31,125,44,67" hai2="83,48,28,70,58,126,129,82,9,107,110,98,68" hai3="61,135,77,92,91,120,19,131,96,57,66,39,11"/><T128/><D123/><U112/><E104/><V108/><F28/><W103/><G39/><T14/><D115/><N who="1" m="44075" /><E73/><V72/><F126/><W8/><G120/><T84/><D128/><U116/><E125/><V30/><F30/><W85/><G131/><T124/><D124/><U132/><E116/><V75/><F129/><W122/><G122/><T59/><D35/><U127/><E127/><V106/><F9/><W63/><G135/><T36/><D29/><U88/><E132/><V100/><F48/><W130/><G130/><T74/><D14/><U23/><E6/><V41/><F41/><W99/><G19/><T118/><D118/><U89/><E34/><V56/><F98/><W90/><G77/><T12/><D12/><N who="1" m="9671" /><E31/><V119/><REACH who="2" step="1"/><F100/><REACH who="2" ten="250,250,240,250" step="2"/><W102/><G102/><T3/><D36/><U80/><E80/><V95/><F95/><N who="3" m="58879" /><G63/><T27/><D81/><AGARI ba="0,1" hai="8,11,57,61,66,81,85,90,91,92,96" m="58879" machi="81" ten="30,1000,0" yaku="8,1" doraHai="42" who="3" fromWho="0" sc="250,-10,250,0,240,0,250,20" /><INIT seed="1,0,0,2,4,87" ten="240,250,240,270" oya="1" hai0="53,2,95,86,71,35,33,74,42,23,133,85,0" hai1="96,36,116,88,68,29,70,50,104,28,63,7,78" hai2="62,37,11,3,16,114,101,100,69,89,112,127,111" hai3="132,6,66,47,14,10,9,8,30,65,13,34,41"/><U123/><E116/><V135/><F37/><W77/><G132/><T84/><D74/><U134/><E36/><V122/><F122/><W15/><G77/><T110/><D71/><U81/><E123/><V1/><F127/><W92/><G6/><T105/><D105/><U32/><E134/><V115/><F135/><W58/><G58/><T98/><D133/><U24/><E28/><V4/><F111/><W102/><G34/><T48/><D42/><U67/><E7/><V5/><F16/><W129/><G30/><T12/><D110/><U130/><E130/><V51/><F51/><N who="3" m="27119" /><G129/><T40/><D40/><U22/><E22/><V44/><F44/><W97/><AGARI ba="0,0" hai="8,9,10,13,14,15,65,66,92,97,102" m="27119" machi="97" ten="40,1500,0" yaku="8,1" doraHai="87" who="3" fromWho="3" sc="240,-4,250,-7,240,-4,270,15" /><INIT seed="2,0,0,4,1,26" ten="236,243,236,285" oya="2" hai0="125,93,1,22,84,87,77,123,62,94,48,76,64" hai1="91,120,56,41,43,134,133,103,96,70,25,128,7" hai2="31,122,61,10,111,21,27,12,86,38,9,60,52" hai3="67,68,17,115,0,55,107,6,29,119,92,81,5"/><V47/><F122/><W135/><G107/><T63/><D123/><U35/><E70/><V88/><F111/><W59/><G119/><T30/><D1/><U112/><E120/><V113/><F113/><W129/><G115/><T66/><D48/><U11/><E112/><V3/><F3/><W132/><G129/><T116/><D22/><U124/><E128/><V8/><F12/><W114/><G114/><T53/><D53/><U72/><E72/><V99/><F99/><W16/><G81/><T121/><D121/><U37/><E124/><V24/><F27/><W2/><G68/><T75/><D75/><U69/><E69/><V71/><F71/><W131/><G131/><T90/><D125/><U57/><E91/><V100/><F100/><W95/><G67/><T104/><D104/><N who="1" m="63591" /><E25/><V15/><F15/><W23/><G55/><T126/><D126/><U80/><E80/><N who="2" m="49223" /><F38/><W18/><G18/><T19/><D90/><U51/><E35/><V89/><F89/><W82/><G82/><T42/><D19/><U74/><E74/><V45/><F45/><W105/><G105/><T85/><D116/><U117/><E117/><V34/><F34/><W79/><G2/><T108/><D87/><U109/><E109/><V28/><F28/><W78/><G0/><T101/><D101/><U46/><E11/><V58/><F47/><W65/><G29/><T13/><D13/><U49/><E7/><V32/><F32/><W39/><G39/><T102/><D102/><U50/><E43/><V97/><F97/><W110/><G110/><T40/><D108/><U36/><E37/><RYUUKYOKU ba="0,0" sc="236,10,243,10,236,10,285,-30" hai0="30,40,42,62,63,64,66,76,77,84,85,93,94" hai1="36,41,46,49,50,51,56,57,133,134" hai2="8,9,10,21,24,31,52,58,60,61" /><INIT seed="2,1,0,4,2,16" ten="246,253,246,255" oya="2" hai0="5,52,68,97,64,112,6,3,18,44,123,111,48" hai1="135,76,86,29,59,119,98,33,58,27,71,41,53" hai2="17,15,67,65,106,129,90,40,120,95,1,26,88" hai3="60,38,70,66,134,28,0,131,81,75,13,57,51"/><V7/><F106/><W96/><G0/><T93/><D123/><U117/><E135/><V69/><F120/><W61/><G38/><T10/><D112/><U124/><E71/><V99/><F129/><W63/><G131/><T107/><D107/><U133/><E133/><V110/><F110/><W54/><G134/><T25/><D6/><U125/><E41/><V32/><F69/><W82/><G28/><T23/><D68/><U30/><E98/><V49/><F1/><W74/><G96/><T94/><D64/><U35/><E86/><V102/><F32/><W114/><G114/><T115/><D115/><U132/><E76/><V128/><F128/><W92/><G92/><T9/><D9/><U50/><E132/><V56/><F26/><W62/><REACH who="3" step="1"/><G13/><REACH who="3" ten="246,253,246,245" step="2"/><T83/><D111/><U31/><E27/><V79/><F99/><W108/><G108/><T45/><D97/><U55/><E35/><V109/><F95/><W47/><G47/><T84/><REACH who="0" step="1"/><D44/><REACH who="0" ten="236,253,246,245" step="2"/><U116/><REACH who="1" step="1"/><E33/><REACH who="1" ten="236,243,246,245" step="2"/><V73/><F109/><W85/><G85/><T127/><D127/><U100/><E100/><V4/><F102/><W14/><G14/><T121/><D121/><U103/><E103/><V91/><F15/><W24/><G24/><T72/><D72/><AGARI ba="1,3" hai="51,54,57,60,61,62,63,66,70,72,74,75,81,82" machi="72" ten="40,1300,0" yaku="1,1,53,0" doraHai="16" doraHaiUra="2" who="3" fromWho="0" sc="236,-16,243,0,246,0,245,46" /><INIT seed="3,0,0,4,0,46" ten="220,243,246,291" oya="3" hai0="101,76,98,3,32,84,135,44,57,12,19,21,28" hai1="94,35,59,53,106,58,70,43,121,74,31,90,25" hai2="6,30,63,17,81,20,69,111,51,22,103,129,65" hai3="87,49,82,61,0,33,125,38,93,36,114,11,109"/><W100/><G114/><T66/><D135/><U34/><E121/><V134/><F134/><W119/><G119/><T40/><D3/><U16/><E106/><V124/><F124/><W89/><G33/><T79/><D32/><U108/><E74/><V62/><F129/><W86/><G125/><T75/><D75/><U64/><E108/><V42/><F111/><W126/><G109/><T9/><D84/><U73/><E73/><V27/><F6/><W92/><G126/><T91/><D91/><U122/><E122/><V2/><F2/><W104/><G104/><T26/><D57/><U8/><E43/><V83/><F103/><W133/><G133/><T132/><D66/><U78/><E78/><V96/><F96/><W56/><G100/><T48/><REACH who="0" step="1"/><D132/><REACH who="0" ten="210,243,246,291" step="2"/><U117/><E35/><V115/><F115/><W14/><G0/><T29/><D29/><U88/><E117/><V37/><F63/><W13/><G87/><T107/><AGARI ba="0,1" hai="9,12,19,21,26,28,40,44,48,76,79,98,101,107" machi="107" ten="20,5200,0" yaku="1,1,0,1,7,1,52,1,53,0" doraHai="46" doraHaiUra="1" who="0" fromWho="0" sc="210,62,243,-13,246,-13,291,-26" /><INIT seed="4,0,0,2,2,52" ten="272,230,233,265" oya="0" hai0="106,86,20,41,96,130,34,32,63,76,104,95,49" hai1="84,80,75,64,116,122,120,72,58,8,10,29,40" hai2="43,26,53,30,61,36,4,127,125,42,55,134,93" hai3="15,97,124,18,113,73,81,57,100,109,67,88,121"/><T103/><D130/><U1/><E116/><V46/><F4/><W6/><G109/><T71/><D34/><U105/><E105/><V101/><F134/><W83/><G113/><T91/><D32/><U59/><E29/><V27/><F42/><W131/><G131/><T74/><D71/><U126/><E40/><V79/><F79/><W47/><G6/><T133/><D133/><U39/><E39/><V123/><F123/><W9/><G121/><T23/><D106/><U44/><E44/><V66/><F93/><N who="3" m="56487" /><G73/><T62/><D49/><U117/><E117/><V3/><F101/><W0/><G0/><T38/><D41/><U19/><E19/><V65/><F3/><W16/><G124/><N who="2" m="47689" /><F66/><W119/><G119/><T7/><D7/><U85/><E126/><V37/><F36/><W54/><G100/><T77/><D77/><U99/><E64/><V89/><F89/><W17/><G67/><T45/><D45/><U135/><E135/><V25/><F30/><W112/><G47/><T13/><D38/><U5/><E5/><V92/><F92/><W24/><G112/><T118/><D118/><U33/><E33/><V94/><F94/><W87/><G87/><T11/><D23/><U115/><E1/><V14/><F37/><W78/><G78/><T35/><D35/><U68/><E115/><V60/><F46/><W12/><G18/><N who="0" m="8511" /><D20/><U132/><E132/><V50/><F43/><W107/><G107/><T129/><D129/><U51/><E68/><N who="2" m="42023" /><F53/><W28/><G28/><T70/><D70/><U2/><E2/><V128/><F128/><W21/><G24/><RYUUKYOKU ba="0,0" sc="272,15,230,-15,233,-15,265,15" hai0="62,63,74,76,86,91,95,96,103,104" hai3="9,12,15,16,17,21,54,57,81,83" /><INIT seed="4,1,0,5,5,88" ten="287,215,218,280" oya="0" hai0="15,2,0,90,135,60,23,83,92,113,89,126,73" hai1="75,94,39,134,112,11,30,47,107,131,122,16,116" hai2="35,87,32,54,69,76,29,48,58,26,101,86,22" hai3="98,111,68,52,46,93,74,91,49,108,27,28,81"/><T10/><D113/><U7/><E116/><V55/><F69/><W14/><G68/><T100/><D135/><U62/><E122/><V1/><F1/><W34/><REACH who="3" step="1"/><G14/><REACH who="3" ten="287,215,218,270" step="2"/><T19/><D2/><U99/><E134/><V84/><F76/><AGARI ba="1,1" hai="27,28,34,46,49,52,74,76,81,91,93,98,108,111" machi="76" ten="40,8000,1" yaku="1,1,2,1,52,1,54,1,53,0" doraHai="88" doraHaiUra="4" who="3" fromWho="2" sc="287,0,215,0,218,-83,270,93" /><INIT seed="5,0,0,0,1,88" ten="287,215,135,363" oya="1" hai0="106,22,104,120,27,42,28,31,65,53,20,84,94" hai1="49,114,91,7,125,57,56,133,92,89,79,2,29" hai2="71,70,85,26,81,103,99,115,62,86,63,132,128" hai3="116,36,5,73,50,40,102,122,130,51,64,107,38"/><U80/><E114/><V54/><F132/><W109/><G73/><T18/><D120/><U77/><E133/><V39/><F128/><W96/><G109/><T69/><D42/><U72/><E125/><V76/><F115/><W117/><G122/><T30/><D104/><U83/><E29/><V97/><F39/><W124/><G130/><T101/><D106/><U47/><E7/><V23/><F85/><W16/><G5/><T112/><D112/><U105/><E105/><V43/><F43/><W48/><G124/><T93/><D69/><U6/><E6/><V15/><F15/><W1/><G1/><T131/><D65/><U82/><E2/><V11/><F11/><W8/><G40/><T68/><D68/><U61/><E91/><V58/><F63/><W60/><G60/><T9/><D9/><U34/><E34/><V74/><F74/><W24/><G64/><T100/><D53/><N who="1" m="29887" /><E72/><V55/><F55/><W135/><G135/><T95/><D131/><U46/><E46/><V127/><F127/><W118/><G8/><T41/><D41/><U32/><E32/><V59/><F59/><N who="1" m="22601" /><E61/><V12/><F99/><AGARI ba="0,0" hai="77,79,80,82,83,89,92,99" m="22601,29887" machi="99" ten="30,2900,0" yaku="8,1,52,1" doraHai="88" who="1" fromWho="2" sc="287,0,215,29,135,-29,363,0" /><INIT seed="5,1,0,4,3,46" ten="287,244,106,363" oya="1" hai0="71,30,94,24,45,104,127,39,121,47,102,61,131" hai1="116,55,11,132,89,129,93,100,78,2,21,51,85" hai2="50,134,32,20,44,109,63,126,82,69,117,128,110" hai3="26,80,37,16,119,111,81,15,49,1,34,97,123"/><U53/><E116/><V107/><F107/><W76/><G111/><N who="2" m="42505" /><F32/><W73/><G73/><T106/><D131/><U48/><E129/><V114/><F82/><W12/><G123/><T79/><D79/><U118/><E118/><V95/><F95/><W124/><G37/><T135/><D121/><U52/><E132/><V77/><F77/><W23/><G1/><T122/><D122/><U58/><E2/><V112/><F20/><W22/><G124/><T38/><D127/><U87/><E11/><V19/><F19/><W130/><G130/><T33/><D94/><U0/><E0/><V14/><F14/><W56/><G119/><T125/><D135/><U70/><E70/><V98/><F98/><W3/><G3/><T115/><D115/><N who="2" m="44074" /><F117/><W57/><G97/><N who="0" m="61519" /><D106/><U75/><E75/><V88/><F88/><W41/><G34/><T96/><D96/><U13/><E100/><V67/><F128/><W10/><G76/><T59/><D125/><U101/><E101/><V64/><F126/><W7/><G81/><T27/><D27/><U8/><E21/><V108/><N who="2" m="42513" /><V35/><DORA hai="42" /><F35/><W92/><G80/><T60/><D38/><U28/><E28/><V84/><F84/><W5/><G92/><T68/><D39/><U86/><E78/><V83/><F83/><W6/><G23/><T29/><D30/><U103/><E103/><V25/><F134/><W120/><G120/><T113/><D113/><U36/><E36/><V40/><F25/><W4/><G26/><T65/><D71/><U105/><E105/><V74/><F74/><W54/><G22/><RYUUKYOKU ba="1,0" sc="287,15,244,-15,106,15,363,-15" hai0="24,29,33,45,47,59,60,61,65,68" hai2="40,44,50,63,64,67,69" /><INIT seed="6,2,0,5,4,59" ten="302,229,121,348" oya="2" hai0="83,5,104,84,11,109,15,134,21,76,133,37,63" hai1="100,48,40,113,61,120,124,81,97,93,108,22,115" hai2="46,106,34,132,129,107,69,8,35,6,128,126,119" hai3="95,71,88,17,39,3,42,70,54,116,24,33,121"/><V118/><F46/><W62/><G116/><N who="2" m="44585" /><F69/><W57/><G121/><T135/><D109/><U79/><E120/><V87/><F87/><W117/><G117/><T85/><D37/><U1/><E1/><N who="2" m="79" /><F126/><W92/><G3/><T82/><D21/><U30/><E108/><V55/><F55/><W43/><G95/><T101/><D104/><N who="2" m="39978" /><F132/><W20/><G33/><AGARI ba="2,0" hai="33,34,35,128,129" m="39978,79,44585" machi="33" ten="40,2000,0" yaku="23,1" doraHai="59" who="2" fromWho="3" sc="302,0,229,0,121,26,348,-26" /><INIT seed="6,3,0,4,3,54" ten="302,229,147,322" oya="2" hai0="129,64,35,66,7,28,97,24,62,47,18,88,26" hai1="23,127,12,103,22,77,109,92,134,117,21,10,65" hai2="81,114,105,73,40,49,61,11,85,55,15,44,124" hai3="0,5,68,90,20,8,3,113,122,100,106,80,96"/><V16/><F105/><W72/><G122/><T25/><D129/><U132/><E117/><V107/><F107/><W56/><G68/><T37/><D7/><U131/><E109/><V98/><F124/><W130/><G130/><T126/><D126/><U2/><E127/><V118/><F118/><W78/><G113/><T94/><D66/><U71/><E131/><V9/><F114/><W67/><G20/><T46/><D18/><U87/><E2/><V89/><F73/><W116/><G116/><T76/><D76/><U17/><E65/><V74/><F74/><W42/><G42/><T52/><D37/><U102/><E71/><V120/><F120/><W75/><G90/><T6/><D6/><U39/><E39/><V51/><F61/><W121/><G121/><T38/><D38/><U29/><E29/><V4/><F98/><W57/><G67/><T110/><D110/><U58/><E58/><N who="2" m="33135" /><F4/><W108/><G108/><T101/><D35/><U115/><E115/><V53/><F40/><W86/><G0/><T32/><D32/><U83/><REACH who="1" step="1"/><E92/><REACH who="1" ten="302,219,147,322" step="2"/><V128/><F128/><W41/><G3/><T69/><D28/><U27/><E27/><V59/><F44/><W14/><G106/><T48/><REACH who="0" step="1"/><D46/><REACH who="0" ten="292,219,147,322" step="2"/><U19/><E19/><V95/><F95/><W34/><G5/><T93/><D93/><U31/><E31/><V43/><F43/><W104/><G41/><T125/><D125/><U119/><E119/><V63/><F9/><W133/><G8/><T30/><D30/><U79/><E79/><V50/><AGARI ba="3,2" hai="11,15,16,50,51,53,59,63,81,85,89" m="33135" machi="50" ten="30,11700,0" yaku="8,1,52,2,54,1" doraHai="54" who="2" fromWho="2" sc="292,-42,219,-42,147,146,322,-42" /><INIT seed="6,4,0,2,1,90" ten="250,177,293,280" oya="2" hai0="38,1,36,130,62,122,33,59,95,45,113,26,125" hai1="86,67,129,109,15,39,74,42,19,81,117,32,102" hai2="17,30,73,134,104,135,35,99,12,70,132,82,49" hai3="53,72,124,28,123,78,6,48,44,60,115,84,75"/><V71/><F49/><W88/><G123/><T89/><D122/><U23/><E117/><V52/><F52/><W120/><G120/><T7/><D130/><U13/><E109/><V108/><F108/><W128/><G124/><T22/><D125/><U100/><E129/><V83/><F30/><W96/><G115/><T27/><D113/><U98/><E32/><V57/><F57/><W51/><G128/><T85/><D33/><U58/><E74/><V4/><F4/><W20/><G60/><T127/><D27/><U121/><E121/><V114/><F35/><W63/><G63/><T92/><D127/><U21/><E67/><V110/><F110/><W18/><G6/><T133/><D133/><U119/><E119/><V40/><F40/><W68/><G68/><N who="2" m="26153" /><F73/><W116/><G116/><T55/><D45/><U65/><E65/><V77/><F77/><W29/><G75/><T105/><D105/><U97/><E58/><V31/><F31/><W16/><G72/><T37/><D1/><U107/><E42/><V112/><F112/><W24/><G78/><T87/><D7/><U91/><E39/><V2/><F2/><W0/><G0/><T118/><D118/><U10/><REACH who="1" step="1"/><E15/><REACH who="1" ten="250,167,293,280" step="2"/><V101/><F114/><W25/><G44/><T14/><D14/><U8/><E8/><AGARI ba="4,1" hai="8,12,17,82,83,99,101,104,132,134,135" m="26153" machi="8" ten="40,2000,0" yaku="20,1" doraHai="90" who="2" fromWho="1" sc="250,0,167,-32,293,42,280,0" /><INIT seed="6,5,0,3,5,64" ten="250,135,335,280" oya="2" hai0="76,29,96,17,132,106,58,9,114,51,104,131,122" hai1="92,75,12,42,77,47,100,43,33,94,20,16,74" hai2="26,73,18,8,15,119,116,84,1,115,97,48,35" hai3="55,134,103,101,78,63,23,70,4,50,82,68,46"/><V112/><F73/><W53/><G134/><T80/><D122/><U36/><E33/><V98/><F84/><W41/><G4/><T56/><D132/><U31/><E31/><N who="2" m="19959" /><F48/><W25/><G103/><T5/><D114/><N who="2" m="43562" /><F1/><W133/><G133/><T44/><D131/><U0/><E0/><V57/><F57/><W79/><G101/><T126/><D29/><U14/><E42/><V110/><F110/><W59/><G41/><T69/><D126/><U2/><E2/><V86/><F86/><W3/><G3/><T89/><D106/><U34/><E34/><V28/><F28/><W127/><G127/><T81/><D17/><U108/><E108/><V32/><F32/><W83/><G79/><T11/><D76/><U52/><E77/><V135/><F135/><W124/><G124/><T19/><D104/><U109/><E109/><V117/><AGARI ba="5,0" hai="8,15,18,97,98,116,117,119" m="43562,19959" machi="117" ten="40,2100,0" yaku="15,1" doraHai="64" who="2" fromWho="2" sc="250,-12,135,-12,335,36,280,-12" /><INIT seed="6,6,0,3,5,59" ten="238,123,371,268" oya="2" hai0="26,8,4,53,50,67,69,93,29,87,126,6,125" hai1="72,64,36,3,114,57,23,28,27,101,34,60,98" hai2="5,134,79,2,80,56,132,75,65,9,124,109,1" hai3="18,25,86,118,81,102,51,16,130,24,99,55,108"/><V19/><F109/><W83/><G108/><T91/><D4/><U44/><E114/><V127/><F1/><W94/><G118/><T14/><D69/><U0/><E72/><V107/><F107/><W100/><G130/><T33/><REACH who="0" step="1"/><D67/><REACH who="0" ten="228,123,371,268" step="2"/><U37/><E34/><V62/><F127/><W42/><G102/><T88/><D88/><U84/><E84/><V119/><F124/><W43/><G86/><T82/><D82/><U17/><E17/><N who="3" m="6762" /><G83/><T39/><D39/><U30/><E30/><V22/><F119/><W117/><G81/><T48/><D48/><U96/><E96/><V46/><F80/><W7/><G7/><T115/><D115/><U70/><E70/><V63/><F5/><W15/><G117/><T111/><D111/><U110/><E110/><V85/><F85/><W47/><G15/><T41/><D41/><AGARI ba="6,1" hai="24,25,41,42,43,47,51,55,94,99,100" m="6762" machi="41" ten="30,2000,0" yaku="8,1,54,1" doraHai="59" who="3" fromWho="0" sc="228,-38,123,0,371,0,268,48" /><INIT seed="7,0,0,2,2,24" ten="190,123,371,316" oya="3" hai0="81,27,15,76,11,113,54,17,106,69,26,126,14" hai1="102,6,124,87,58,79,109,134,115,8,48,90,77" hai2="117,56,18,4,60,46,49,32,66,103,94,128,127" hai3="116,91,80,96,70,78,45,42,101,57,118,35,53"/><W47/><G70/><T82/><D106/><U29/><E109/><V71/><F32/><W133/><G133/><T89/><D69/><U73/><E134/><V40/><F117/><W16/><G35/><T52/><D126/><U125/><E102/><V120/><F127/><W64/><G64/><T104/><D104/><U41/><E115/><V98/><F128/><W38/><G47/><T20/><D20/><U12/><E125/><V0/><F120/><W10/><G91/><T86/><D113/><U67/><E124/><V100/><F71/><W75/><G10/><T2/><D2/><U93/><E73/><V23/><F4/><W63/><REACH who="3" step="1"/><G16/><REACH who="3" ten="190,123,371,306" step="2"/><N who="0" m="8287" /><D26/><U51/><E67/><V135/><F135/><W108/><G108/><T5/><D27/><U95/><E29/><V34/><F34/><W121/><G121/><T44/><D5/><U9/><E9/><V68/><F68/><W92/><AGARI ba="0,1" hai="38,42,45,53,57,63,75,78,80,92,96,101,116,118" machi="92" ten="20,3900,0" yaku="1,1,0,1,7,1,53,0" doraHai="24" doraHaiUra="65" who="3" fromWho="3" sc="190,-13,123,-13,371,-13,306,49" /><INIT seed="7,1,0,3,1,64" ten="177,110,358,355" oya="3" hai0="27,13,80,126,72,2,23,22,107,60,12,88,34" hai1="71,90,130,99,74,63,93,115,25,3,131,132,121" hai2="38,77,35,73,117,54,44,91,114,57,68,82,110" hai3="83,0,9,135,89,120,104,6,86,8,94,96,109"/><W41/><G120/><T49/><D107/><U39/><E121/><V45/><F117/><W51/><G135/><T32/><D2/><U43/><E132/><V127/><F110/><W46/><G109/><T75/><D60/><U36/><E3/><V4/><F35/><W122/><G122/><T37/><D27/><U101/><E115/><V125/><F68/><W133/><G133/><T16/><D37/><U105/><E74/><V129/><F129/><N who="1" m="49161" /><E93/><V128/><F128/><W31/><G31/><T17/><D80/><U55/><E43/><V30/><F30/><W29/><G29/><T1/><D1/><U15/><E15/><V48/><F114/><W118/><G118/><T81/><D81/><U20/><E55/><V100/><F100/><W42/><G9/><T98/><D49/><U18/><E90/><V87/><F4/><W53/><G104/><T76/><D76/><AGARI ba="1,0" hai="0,6,8,41,42,46,51,53,76,83,86,89,94,96" machi="76" ten="30,1500,0" yaku="7,1" doraHai="64" who="3" fromWho="0" sc="177,-18,110,0,358,0,355,18" owari="159,-24.0,110,-39.0,358,16.0,373,47.0" /></mjloggm>