<mjloggm ver="2.3"><GO type="169" lobby="0"/><UN n0="%E3%82%AF%E3%83%AC%E3%82%A2" n1="%7A%65%72%6F%52%58" n2="%E3%81%AD%E3%82%8A%E3%82%B4%E3%83%9E" n3="%EF%BC%88%E2%89%A7%E2%96%BD%E2%89%A6%EF%BC%89" dan="16,16,16,19" rate="2073.45,2083.25,2073.74,2287.29" sx="M,M,M,M"/><TAIKYOKU oya="0"/><INIT seed="0,0,0,3,4,11" ten="250,250,250,250" oya="0" hai0="115,50,40,99,134,81,1,126,103,14,82,67,80" hai1="56,27,91,69,108,34,44,74,125,18,121,116,39" hai2="21,26,6,51,23,24,13,109,83,135,92,53,102" hai3="25,100,47,112,22,57,89,87,90,61,129,65,62"/><T4/><D1/><U35/><E56/><V95/><F135/><W71/><G112/><T79/><D115/><U30/><E91/><V94/><F109/><W28/><G129/><T15/><D67/><U106/><E18/><V97/><F83/><W78/><G47/><T132/><D4/><U7/><E27/><N who="2" m="10283" /><F23/><W5/><G5/><T120/><D120/><U128/><E44/><N who="2" m="27879" /><F6/><W37/><G37/><T20/><D20/><U31/><E7/><V42/><F42/><W66/><G100/><T131/><D131/><U96/><E30/><V104/><F104/><W0/><G0/><T63/><D63/><U110/><E96/><V17/><AGARI ba="0,0" hai="13,17,21,92,94,95,97,102" m="27879,10283" machi="17" ten="30,2000,0" yaku="8,1,52,1" doraHai="11" who="2" fromWho="2" sc="250,-10,250,-5,250,20,250,-5" /><INIT seed="1,0,0,4,0,60" ten="240,245,270,245" oya="1" hai0="87,14,19,39,80,56,26,28,120,119,132,36,9" hai1="42,67,131,17,130,128,102,24,23,122,84,85,15" hai2="90,75,51,63,47,73,79,1,113,64,2,77,30" hai3="111,100,25,20,93,124,52,33,27,109,70,13,32"/><U11/><E122/><V8/><F30/><W110/><G124/><T3/><D119/><U97/><E42/><V35/><F35/><N who="3" m="13387" /><G70/><T0/><D120/><U88/><E67/><V86/><F113/><W43/><G43/><T99/><D26/><N who="3" m="9737" /><G100/><T68/><D28/><U29/><REACH who="1" step="1"/><E88/><REACH who="1" ten="240,235,270,245" step="2"/><V50/><F90/><W22/><G52/><T69/><D99/><U82/><E82/><V129/><F64/><W66/><G66/><T105/><D80/><U31/><E31/><V41/><F41/><W127/><G127/><T53/><D53/><U62/><E62/><V49/><F63/><W78/><G78/><T16/><D39/><U4/><E4/><V89/><F77/><W92/><G92/><AGARI ba="0,1" hai="11,15,17,23,24,29,84,85,92,97,102,128,130,131" machi="92" ten="40,3900,0" yaku="1,1,19,1,53,0" doraHai="60" doraHaiUra="101" who="1" fromWho="3" sc="240,0,235,49,270,0,245,-39" /><INIT seed="1,1,0,0,2,106" ten="240,284,270,206" oya="1" hai0="108,133,55,49,129,63,71,109,104,72,70,48,92" hai1="36,75,15,18,86,96,54,34,99,26,3,31,12" hai2="62,101,112,97,4,28,17,116,74,14,8,68,67" hai3="53,94,82,23,45,41,83,20,113,118,37,13,7"/><U132/><E3/><V24/><F116/><W73/><G118/><T30/><D104/><U6/><E36/><V33/><F112/><W91/><G113/><T117/><D117/><U88/><E75/><V64/><F64/><W93/><G93/><T50/><D30/><U90/><E132/><V66/><F66/><W40/><G40/><T2/><D2/><U127/><E127/><V1/><F17/><W87/><G53/><T110/><D92/><U46/><E6/><V119/><F119/><W16/><G7/><T57/><D72/><U122/><E122/><V78/><F14/><W32/><G32/><T44/><D133/><U52/><E12/><V95/><F78/><W124/><G124/><T22/><D22/><U100/><E90/><V21/><F21/><W56/><G56/><T130/><D44/><U80/><E46/><V60/><F60/><W134/><G134/><T35/><D35/><U19/><E19/><V76/><F76/><W25/><REACH who="3" step="1"/><G73/><REACH who="3" ten="240,284,270,196" step="2"/><T0/><D0/><U5/><E5/><V114/><F114/><W79/><G79/><T85/><D85/><U59/><E59/><V126/><F74/><W121/><G121/><T10/><D10/><U111/><E111/><V77/><F126/><W43/><G43/><T125/><D125/><U27/><E34/><V38/><F77/><W120/><G120/><T65/><D65/><U107/><E54/><V123/><F123/><W47/><G47/><T29/><D29/><AGARI ba="1,1" hai="13,16,20,23,25,29,37,41,45,82,83,87,91,94" machi="29" ten="30,3900,0" yaku="1,1,7,1,54,1,53,0" doraHai="106" doraHaiUra="102" who="3" fromWho="0" sc="240,-42,284,0,270,0,196,52" /><INIT seed="2,0,0,1,4,99" ten="198,284,270,248" oya="2" hai0="10,109,92,96,124,29,20,103,73,12,52,79,45" hai1="3,74,14,114,16,95,30,37,107,46,25,113,66" hai2="111,27,13,23,2,1,100,130,102,87,0,56,54" hai3="53,32,120,90,11,61,70,65,91,48,84,4,78"/><V47/><F130/><W69/><G32/><T63/><D109/><U83/><E107/><V123/><F123/><W134/><G134/><T129/><D129/><U31/><E3/><V118/><F118/><W57/><G120/><T119/><D119/><U125/><E66/><V106/><F111/><W121/><G121/><T122/><D124/><U98/><E125/><V22/><F106/><W50/><G50/><T94/><D73/><U51/><E37/><V101/><F47/><W116/><G116/><T112/><D79/><U35/><E31/><V44/><F44/><W105/><G105/><T59/><D45/><U6/><E6/><V115/><F115/><W60/><G60/><T108/><D108/><U85/><E74/><V89/><F13/><W131/><G131/><T41/><D41/><U17/><E85/><V24/><F24/><W127/><G127/><T19/><D112/><U86/><E86/><V62/><REACH who="2" step="1"/><F27/><REACH who="2" ten="198,284,260,248" step="2"/><W110/><G110/><T80/><D122/><U8/><E114/><V38/><F38/><W40/><G40/><T34/><D34/><U104/><E104/><V82/><AGARI ba="0,1" hai="0,1,2,22,23,54,56,62,82,87,89,100,101,102" machi="82" ten="40,12000,1" yaku="1,1,0,1,52,3,53,0" doraHai="99" doraHaiUra="93" who="2" fromWho="2" sc="198,-40,284,-40,260,130,248,-40" /><INIT seed="2,1,0,2,3,134" ten="158,244,390,208" oya="2" hai0="43,93,125,17,86,79,0,116,130,66,69,64,114" hai1="90,57,32,45,100,27,80,41,8,112,3,18,38" hai2="20,98,52,123,2,42,101,132,58,97,73,55,47" hai3="35,49,70,96,99,10,16,104,30,39,26,56,33"/><V128/><F123/><W111/><G39/><T81/><D0/><U51/><E112/><V124/><F2/><W135/><G70/><T60/><D114/><U44/><E100/><V117/><F117/><W78/><G135/><T95/><D66/><U76/><E57/><V77/><F132/><W85/><G111/><T62/><D60/><U61/><E61/><V19/><F128/><W75/><G75/><T68/><D68/><U94/><E32/><V5/><F5/><W91/><G78/><T4/><D43/><U133/><E133/><V72/><F77/><W1/><G35/><T122/><D122/><U105/><E105/><V7/><F7/><W37/><G37/><T109/><D109/><U15/><E27/><V40/><F40/><W23/><G104/><T54/><D54/><U121/><E3/><V48/><F55/><N who="3" m="31855" /><G1/><T11/><D17/><U67/><E67/><V13/><F72/><W127/><G33/><T22/><D22/><U74/><E121/><V119/><F119/><W118/><G118/><T9/><D116/><U120/><E120/><V50/><F73/><W53/><G53/><T63/><D9/><U59/><E59/><V14/><F14/><N who="3" m="7255" /><G127/><T28/><D63/><U131/><E131/><V88/><F124/><W115/><G115/><T129/><D125/><U29/><E38/><V83/><F101/><W107/><G107/><T31/><D129/><U84/><E44/><V12/><F12/><W103/><G103/><T113/><D113/><U65/><E65/><V82/><F42/><W46/><G46/><T87/><D130/><U71/><E71/><RYUUKYOKU ba="1,0" sc="158,-15,244,15,390,-15,208,15" hai1="8,15,18,29,41,45,51,74,76,80,84,90,94" hai3="23,26,30,85,91,96,99" /><INIT seed="3,2,0,0,3,125" ten="143,259,375,223" oya="3" hai0="113,114,105,94,6,119,91,42,39,63,47,38,14" hai1="72,40,18,0,102,15,61,121,108,34,111,130,92" hai2="8,134,126,55,41,76,28,69,49,54,51,133,2" hai3="23,99,120,30,35,48,110,25,78,44,22,77,59"/><W27/><G120/><T80/><D105/><U31/><E121/><V58/><F69/><W73/><G73/><T117/><D39/><U16/><E0/><V29/><F126/><W124/><G124/><T19/><D6/><U67/><E72/><V122/><F122/><W52/><G110/><N who="1" m="42026" /><E40/><V45/><F76/><W74/><G74/><T43/><D80/><U128/><E31/><V101/><F101/><W81/><G81/><T118/><D63/><U109/><N who="1" m="42034" /><U83/><DORA hai="97" /><E83/><V21/><F21/><W86/><G86/><T85/><REACH who="0" step="1"/><D43/><REACH who="0" ten="133,259,375,223" step="2"/><U64/><E61/><V20/><F41/><W79/><G99/><T88/><D88/><U90/><E90/><V75/><F75/><W87/><G87/><T1/><D1/><U82/><E82/><V9/><F2/><W60/><REACH who="3" step="1"/><G27/><REACH who="3" ten="133,259,375,213" step="2"/><T112/><D112/><U129/><E129/><V71/><F134/><W106/><G106/><T36/><D36/><U70/><E130/><V93/><F133/><W57/><G57/><T62/><D62/><U131/><E131/><V24/><F58/><W66/><AGARI ba="2,2" hai="22,23,25,30,35,44,48,52,59,60,66,77,78,79" machi="66" ten="30,6000,0" yaku="1,1,0,1,54,1,53,0" doraHai="125,97" doraHaiUra="4,37" who="3" fromWho="3" sc="133,-22,259,-22,375,-22,213,86" /><INIT seed="3,3,0,3,4,110" ten="111,237,353,299" oya="3" hai0="11,41,75,18,47,105,76,85,52,56,119,130,127" hai1="90,40,48,68,49,45,126,123,32,7,67,109,89" hai2="6,132,134,15,122,8,9,91,58,73,14,13,135" hai3="125,17,77,27,82,97,112,50,65,61,86,96,1"/><W12/><G1/><T69/><D75/><U108/><E123/><V70/><F70/><W111/><G125/><T44/><D105/><U26/><E126/><V64/><F73/><W60/><G111/><N who="1" m="42570" /><E7/><V100/><F100/><W42/><G27/><T78/><D69/><U38/><E67/><V120/><F91/><N who="1" m="34825" /><E68/><V25/><F25/><W98/><G65/><T103/><D103/><U53/><E53/><V72/><F72/><W87/><G87/><T106/><D106/><U66/><E66/><V59/><F64/><W19/><G19/><T102/><D102/><U114/><E114/><V88/><F88/><W46/><REACH who="3" step="1"/><G112/><REACH who="3" ten="111,237,353,289" step="2"/><T71/><D71/><U10/><E26/><V54/><F132/><W62/><G62/><T5/><D18/><U99/><E99/><V131/><F134/><W28/><G28/><T30/><D30/><U80/><E80/><V24/><F24/><W55/><G55/><T117/><D85/><U95/><E32/><V34/><F34/><W43/><G43/><T101/><D41/><U21/><E40/><V3/><F135/><W51/><G51/><T31/><D31/><U118/><E49/><V133/><F133/><W83/><G83/><T22/><D52/><U16/><E48/><V115/><F54/><W93/><G93/><T92/><D92/><U94/><E94/><V23/><F115/><W33/><G33/><T35/><D35/><U4/><E95/><V20/><F120/><W121/><G121/><T0/><D127/><U37/><E16/><V113/><F113/><W29/><G29/><T84/><D84/><U129/><E37/><RYUUKYOKU ba="3,1" sc="111,-10,237,-10,353,-10,289,30" hai3="12,17,42,46,50,60,61,77,82,86,96,97,98" /><INIT seed="3,4,1,1,3,4" ten="101,227,343,319" oya="3" hai0="26,100,99,53,36,43,91,68,135,23,54,28,107" hai1="25,60,19,98,40,78,32,83,74,73,90,37,22" hai2="120,1,2,121,5,63,112,39,42,58,109,52,122" hai3="70,114,31,76,30,56,84,61,93,111,88,105,50"/><W123/><G123/><T12/><D68/><U75/><E32/><V20/><F112/><W57/><G114/><T115/><D115/><U126/><E126/><V97/><F109/><W133/><G105/><T65/><D135/><U34/><E34/><V96/><F20/><W55/><G133/><T15/><D43/><U118/><E118/><V47/><F5/><W67/><G111/><T9/><D15/><U11/><E60/><V45/><F47/><W119/><G119/><T49/><D65/><U92/><E40/><V87/><F87/><W8/><G76/><T110/><D36/><U21/><E37/><V29/><F29/><W18/><G70/><T101/><D101/><U94/><E22/><V129/><F129/><W127/><G127/><T3/><D3/><AGARI ba="4,1" hai="1,2,3,39,42,45,52,58,63,96,97,120,121,122" machi="3" ten="50,3200,0" yaku="13,1,54,1" doraHai="4" who="2" fromWho="0" sc="101,-44,227,0,343,54,319,0" /><INIT seed="4,0,0,5,2,95" ten="57,227,397,319" oya="0" hai0="18,24,7,87,135,38,6,15,79,92,105,89,82" hai1="31,76,11,65,77,53,85,34,16,94,102,44,47" hai2="108,98,71,52,126,29,107,21,64,59,75,42,46" hai3="127,119,0,80,121,62,109,73,27,128,84,35,43"/><T83/><D38/><U56/><E65/><V112/><F75/><W36/><RYUUKYOKU type="yao9" ba="0,0" sc="57,0,227,0,397,0,319,0" hai3="0,27,35,36,43,62,73,80,84,109,119,121,127,128" /><INIT seed="4,1,0,3,5,71" ten="57,227,397,319" oya="0" hai0="135,19,32,50,47,55,7,1,132,131,30,117,6" hai1="115,29,17,34,86,112,119,122,40,111,76,60,95" hai2="24,66,61,121,53,104,90,110,87,96,52,77,13" hai3="0,128,5,25,48,64,43,51,102,10,27,74,108"/><T84/><D117/><U124/><E119/><V39/><F110/><W92/><G108/><T45/><D131/><U105/><E111/><V56/><F121/><W103/><G74/><T91/><D45/><U85/><E105/><V72/><F72/><W80/><G128/><T130/><D130/><U2/><E2/><V57/><F39/><W11/><G80/><T20/><D30/><U12/><E122/><V101/><F77/><W109/><G64/><T41/><D55/><U68/><E40/><V100/><F100/><W37/><G109/><T59/><D59/><U107/><E107/><V63/><F13/><W22/><G11/><T8/><D7/><U94/><E124/><V127/><F127/><W49/><G92/><N who="1" m="35370" /><E76/><V58/><F24/><W106/><G27/><T116/><D32/><U28/><E60/><V44/><F44/><W99/><G103/><T4/><D4/><U14/><E68/><V129/><F129/><W98/><G98/><T15/><REACH who="0" step="1"/><D116/><REACH who="0" ten="47,227,397,319" step="2"/><U118/><E118/><V114/><F58/><W75/><G5/><T79/><D79/><U89/><E34/><V3/><F66/><W73/><G43/><T126/><D126/><U82/><E29/><V38/><F57/><W9/><G0/><T70/><D70/><U16/><E28/><V69/><F3/><W67/><G67/><T42/><D42/><U46/><E46/><V120/><F69/><W93/><G102/><T123/><D123/><U35/><E35/><V125/><F101/><W26/><G106/><T54/><D54/><U133/><E17/><V97/><F125/><W36/><G99/><RYUUKYOKU ba="1,1" sc="47,30,227,-10,397,-10,319,-10" hai0="1,6,8,15,19,20,41,47,50,84,91,132,135" /><INIT seed="4,2,1,5,4,117" ten="77,217,387,309" oya="0" hai0="32,23,93,19,58,111,35,95,123,15,10,71,57" hai1="86,62,96,17,88,120,22,99,5,20,83,122,78" hai2="113,98,79,72,64,28,52,37,8,24,25,115,65" hai3="13,51,128,31,9,54,75,69,73,104,36,6,126"/><T49/><D71/><U26/><E5/><V108/><F108/><W59/><G104/><T39/><D39/><U11/><E11/><V89/><F37/><W55/><G69/><T119/><D119/><U47/><E62/><V41/><F41/><W133/><G36/><T38/><D38/><U67/><E67/><V48/><F8/><W44/><G133/><T46/><D111/><U105/><E47/><V94/><F79/><W53/><G128/><T70/><D70/><U74/><E99/><V14/><F14/><W87/><G126/><T61/><D10/><U91/><E91/><V43/><F43/><W40/><G31/><T124/><D124/><U101/><REACH who="1" step="1"/><E22/><REACH who="1" ten="77,207,387,309" step="2"/><V50/><F64/><W18/><G59/><T33/><D123/><U129/><E129/><V106/><F65/><W60/><G60/><T21/><D21/><U110/><E110/><V85/><F98/><W56/><G56/><T45/><D45/><U29/><E29/><V63/><F28/><W112/><G6/><T102/><D61/><U80/><AGARI ba="2,2" hai="17,20,26,74,78,80,83,86,88,96,101,105,120,122" machi="80" ten="20,16000,3" yaku="1,1,0,1,7,1,52,2,54,1,53,2" doraHai="117" doraHaiUra="118" who="1" fromWho="1" sc="77,-82,207,186,387,-42,309,-42" owari="-5,-51.0,393,49.0,345,15.0,267,-13.0" /></mjloggm>