<mjloggm ver="2.3"><GO type="97"/><UN n0="%E3%82%B9%E3%83%86%E3%83%AB%E3%82%B9%6B%69%6E%6F" n1="%E9%87%8C%E7%BE%8E" n2="%EF%BC%88%E2%89%A7%E2%96%BD%E2%89%A6%EF%BC%89" n3="%E5%90%8D%E7%80%AC%E9%A6%99%E4%BA%A8" dan="15,14,15,14" rate="2002,1909,1984,1928" sx="F,F,M,M"/><TAIKYOKU oya="0"/><INIT seed="0,0,0,5,5,3" ten="250,250,250,250" oya="0" hai0="110,96,100,65,11,89,37,62,133,71,67,2,102" hai1="50,119,38,49,69,121,122,93,111,130,90,43,12" hai2="20,61,17,8,124,91,60,4,78,31,56,40,118" hai3="46,33,135,18,14,134,116,99,106,117,128,76,27"/><T34/><D37/><U7/><E119/><V39/><F118/><W64/><G64/><T5/><D34/><U55/><E69/><V81/><F124/><W79/><G33/><T72/><D133/><N who="3" m="50697" /><G46/><T63/><D72/><U83/><E83/><V53/><F31/><W21/><G128/><T120/><D120/><U112/><E112/><V114/><F114/><W48/><G48/><T57/><D110/><U125/><E111/><V80/><F91/><W32/><G117/><T88/><REACH who="0" step="1"/><D102/><REACH who="0" ten="240,250,250,250" step="2"/><U10/><E125/><V98/><F39/><W41/><G116/><T95/><AGARI ba="0,1" hai="2,5,11,57,62,63,65,67,71,88,89,95,96,100" machi="95" ten="20,18000,2" yaku="1,1,2,1,0,1,7,1,52,1,54,1,53,0" doraHai="3" doraHaiUra="44" who="0" fromWho="0" sc="240,190,250,-60,250,-60,250,-60" /><INIT seed="0,1,0,3,4,95" ten="430,190,190,190" oya="0" hai0="88,135,69,20,5,67,72,84,87,2,24,117,75" hai1="127,11,121,77,76,99,35,57,126,131,83,47,118" hai2="129,52,71,124,80,0,37,123,107,91,122,112,18" hai3="86,89,97,44,79,6,73,106,115,8,116,21,30"/><T1/><D117/><U48/><E121/><V60/><F0/><W13/><G116/><T51/><D51/><U26/><E57/><V14/><F112/><W78/><G115/><T43/><D43/><U10/><E131/><V59/><F37/><W32/><G32/><T15/><D135/><U114/><E114/><V53/><F107/><W42/><G73/><T108/><D87/><U93/><E26/><V28/><F129/><W62/><G62/><T29/><D67/><U109/><E35/><V34/><F124/><N who="1" m="47657" /><E109/><V130/><F123/><W4/><G4/><T128/><D69/><U63/><E63/><V85/><F122/><W104/><G30/><T65/><D65/><U55/><E118/><V17/><F130/><W19/><G106/><T56/><D56/><U54/><E54/><V33/><F71/><W36/><G104/><T22/><D128/><U46/><E46/><V16/><F28/><W40/><G40/><T110/><D2/><U98/><E93/><V96/><F53/><W81/><REACH who="3" step="1"/><G97/><REACH who="3" ten="430,190,190,180" step="2"/><N who="1" m="36874" /><E77/><V94/><REACH who="2" step="1"/><F14/><AGARI ba="1,1" hai="6,8,13,14,19,21,36,42,44,78,79,81,86,89" machi="14" ten="30,3900,0" yaku="1,1,7,1,53,1" doraHai="95" doraHaiUra="68" who="3" fromWho="2" sc="430,0,190,0,190,-42,180,52" /><INIT seed="1,0,0,3,5,78" ten="430,190,148,232" oya="1" hai0="84,25,128,24,120,60,134,130,9,107,54,58,135" hai1="119,124,39,131,127,6,109,122,47,37,46,1,38" hai2="125,108,106,30,40,42,123,115,113,70,96,73,14" hai3="33,11,133,31,89,4,29,67,16,10,95,81,22"/><U13/><E122/><V62/><F123/><W117/><G133/><N who="0" m="50699" /><D107/><U111/><E1/><V23/><F73/><W68/><G117/><T51/><D120/><U118/><E13/><V126/><F30/><N who="3" m="11275" /><G68/><T104/><D104/><U116/><E6/><V80/><F23/><W59/><G33/><T88/><D9/><N who="3" m="3081" /><G4/><T53/><D53/><U87/><E87/><V8/><F108/><N who="1" m="41545" /><E131/><N who="0" m="50217" /><D51/><U5/><E5/><V21/><F21/><W19/><G22/><T18/><D18/><U48/><E48/><V85/><F70/><W76/><G76/><T121/><D121/><U26/><E26/><V55/><F62/><N who="3" m="38367" /><G95/><AGARI ba="0,0" hai="24,25,54,58,60,84,88,95" m="50217,50699" machi="95" ten="30,3900,0" yaku="20,1,19,1,54,1" doraHai="78" who="0" fromWho="3" sc="430,39,190,0,148,0,232,-39" /><INIT seed="2,0,0,1,5,26" ten="469,190,148,193" oya="2" hai0="106,7,112,4,18,77,60,97,80,98,72,66,110" hai1="134,133,113,104,61,111,93,94,45,63,130,16,103" hai2="21,67,57,47,127,24,117,83,38,85,55,108,2" hai3="22,15,68,43,64,10,1,101,62,34,31,114,74"/><V107/><F117/><W50/><G74/><T49/><D112/><U69/><E45/><V115/><F115/><W91/><G114/><T33/><D49/><U36/><E36/><V65/><F127/><W71/><G71/><T116/><D116/><U89/><E69/><V0/><F107/><W131/><G131/><T28/><D18/><U6/><E6/><V120/><F120/><W100/><G91/><T32/><D110/><U59/><E113/><V9/><F108/><W13/><G34/><T35/><D28/><U129/><E104/><V122/><F122/><W79/><G79/><T42/><D42/><U132/><E111/><V44/><F0/><W121/><G121/><T70/><D106/><U135/><E135/><V90/><F2/><W82/><G82/><T128/><D128/><N who="1" m="49259" /><E59/><V73/><F73/><W81/><G81/><T76/><D77/><U118/><E118/><V12/><F38/><W3/><G3/><T105/><D105/><U75/><E75/><V40/><F40/><W29/><G1/><T17/><D17/><U8/><E103/><V51/><F44/><N who="3" m="25887" /><G101/><T52/><D7/><U96/><E94/><V95/><F95/><W30/><G100/><T58/><D4/><U41/><E41/><V123/><F57/><N who="3" m="36943" /><G22/><T20/><D20/><U53/><E53/><V46/><F46/><W119/><G68/><T125/><D70/><U14/><AGARI ba="0,0" hai="8,14,16,61,63,89,93,96,132,133,134" m="49259" machi="14" ten="40,5200,0" yaku="20,1,19,1,54,1" doraHai="26" who="1" fromWho="1" sc="469,-13,190,52,148,-26,193,-13" /><INIT seed="3,0,0,1,1,89" ten="456,242,122,180" oya="3" hai0="50,95,62,1,98,104,130,22,120,27,96,67,90" hai1="47,54,108,36,3,115,99,38,132,57,5,82,42" hai2="19,17,14,135,58,39,24,10,48,93,25,121,72" hai3="113,23,133,63,85,129,41,75,88,87,46,32,51"/><W44/><G113/><T105/><D1/><U77/><E115/><V53/><F121/><W111/><G133/><T107/><D120/><U80/><E132/><V18/><F72/><W102/><G75/><T69/><D50/><U49/><E108/><V33/><F135/><W43/><G32/><T109/><D109/><U60/><E99/><V68/><F68/><W73/><G73/><T12/><D12/><U118/><E118/><V112/><F112/><W59/><G111/><T92/><D130/><U61/><E82/><V40/><F40/><W122/><G122/><T4/><D4/><U94/><E94/><V114/><F114/><W55/><G129/><T134/><D107/><U13/><E3/><V70/><F70/><W16/><G102/><T28/><D134/><U103/><E103/><AGARI ba="0,0" hai="22,27,28,62,67,69,90,92,95,96,98,103,104,105" machi="103" ten="30,3900,0" yaku="7,1,52,2" doraHai="89" who="0" fromWho="1" sc="456,39,242,-39,122,0,180,0" owari="495,60.0,203,0.0,122,-38.0,180,-22.0" /></mjloggm>