<mjloggm ver="2.3"><GO type="169"/><UN n0="%E5%94%90%E6%8F%9A%E5%A4%A7%E5%A5%BD%E3%81%8D" n1="%40%E9%A6%AC%E6%9D%89%E5%AF%A7%E9%A6%99" n2="%49%47%41" n3="%EF%BC%88%E2%89%A7%E2%96%BD%E2%89%A6%EF%BC%89" dan="17,17,16,18" rate="2192,2081,2066,2212" sx="M,M,M,M"/><TAIKYOKU oya="0"/><INIT seed="0,0,0,5,4,91" ten="250,250,250,250" oya="0" hai0="97,38,25,18,0,53,56,86,23,45,107,12,100" hai1="35,94,81,4,95,22,65,114,80,127,39,116,26" hai2="20,126,87,7,14,111,98,113,102,124,54,79,11" hai3="55,106,15,130,49,112,120,82,28,27,117,33,89"/><T118/><D0/><U19/><E116/><V57/><F113/><W125/><G117/><T1/><D1/><U36/><E114/><V85/><F20/><W77/><G112/><T37/><D118/><U131/><E35/><V105/><F111/><W51/><G106/><T34/><D86/><U92/><E131/><V32/><F32/><W135/><G130/><T123/><D123/><U52/><E65/><V133/><F133/><W64/><G135/><T69/><D69/><U43/><E127/><N who="2" m="48683" /><F79/><W78/><G125/><T88/><D45/><U59/><E4/><V134/><F134/><W16/><G64/><T83/><D83/><U99/><E99/><V5/><F5/><W93/><G120/><T108/><D108/><U96/><E96/><V50/><AGARI ba="0,0" hai="7,11,14,50,54,57,85,87,98,102,105" m="48683" machi="50" ten="30,1100,0" yaku="18,1" doraHai="91" who="2" fromWho="2" sc="250,-5,250,-3,250,11,250,-3" /><INIT seed="1,0,0,1,5,57" ten="245,247,261,247" oya="1" hai0="0,71,30,16,115,8,43,96,47,97,44,83,129" hai1="99,32,134,106,33,131,3,61,79,116,40,73,41" hai2="17,75,113,7,52,133,28,45,88,111,24,103,108" hai3="110,124,21,63,29,50,26,58,112,23,20,12,82"/><U46/><E116/><V49/><F75/><W31/><G112/><T114/><D71/><U67/><E3/><V1/><F113/><W2/><G124/><T107/><D129/><U70/><E131/><V65/><F103/><W35/><G2/><T74/><D30/><U4/><E4/><V122/><F122/><W72/><G110/><N who="2" m="42025" /><F17/><W76/><G50/><T19/><D114/><U37/><E41/><V84/><F65/><W89/><G89/><T15/><D115/><U39/><E134/><V127/><F127/><W66/><REACH who="3" step="1"/><G29/><REACH who="3" ten="245,247,261,237" step="2"/><T77/><D0/><U104/><E39/><V86/><F133/><W130/><G130/><T38/><D107/><N who="1" m="41003" /><E99/><V95/><F1/><W68/><G68/><T34/><D97/><U55/><E55/><V125/><F125/><W135/><G135/><T98/><D96/><U48/><E48/><V59/><F7/><W119/><G119/><T101/><D98/><U121/><E121/><V5/><F5/><W69/><G69/><T93/><D101/><U100/><E100/><V126/><F126/><W54/><G54/><T132/><D132/><U109/><E109/><V10/><F28/><W36/><G36/><T42/><D38/><U78/><E78/><V91/><F91/><W6/><G6/><T117/><D77/><U56/><E70/><V128/><F128/><W9/><G9/><T13/><D8/><U60/><E60/><V87/><F10/><W22/><G22/><T90/><D117/><U80/><E37/><V94/><F88/><W53/><G53/><T14/><D90/><U51/><E61/><V85/><F49/><RYUUKYOKU ba="0,1" sc="245,-15,247,15,261,-15,237,15" hai1="32,33,40,46,51,56,67,73,79,80" hai3="12,20,21,23,26,31,35,58,63,66,72,76,82" /><INIT seed="1,1,1,3,0,128" ten="230,262,246,252" oya="1" hai0="63,59,18,86,130,116,5,40,32,58,70,135,35" hai1="26,51,92,108,110,132,82,120,124,37,31,34,113" hai2="60,1,20,11,94,19,79,24,106,29,17,131,7" hai3="105,50,83,77,134,64,99,96,93,14,38,62,66"/><U28/><E120/><V88/><F106/><W8/><G38/><T3/><D116/><U133/><E37/><V56/><F79/><W90/><G105/><T122/><D122/><U118/><E118/><V72/><F72/><W2/><G2/><T111/><D130/><U71/><E71/><V36/><F36/><W67/><G134/><N who="1" m="51818" /><E113/><V74/><F74/><W12/><G62/><T48/><D70/><U9/><E124/><V95/><F131/><W47/><G99/><T125/><D135/><U104/><E104/><V33/><F88/><W98/><G98/><T57/><D125/><U52/><E28/><V46/><F46/><W30/><G30/><T15/><D35/><U4/><E92/><V126/><F126/><W13/><G8/><T53/><D32/><U85/><E85/><V97/><F97/><W76/><G83/><T6/><D86/><U23/><E82/><V54/><REACH who="2" step="1"/><F17/><REACH who="2" ten="230,262,236,252" step="2"/><W101/><G90/><T0/><D18/><U39/><E39/><V112/><F112/><W121/><G121/><T25/><D0/><N who="1" m="135" /><E34/><V91/><F91/><W75/><G75/><T123/><D123/><U80/><E80/><V65/><F65/><W109/><G66/><T78/><D78/><U117/><E117/><V127/><F127/><W119/><G119/><T44/><D44/><AGARI ba="1,2" hai="23,26,31,44,51,52,108,110" m="135,51818" machi="44" ten="30,12000,1" yaku="20,1,52,3,54,1" doraHai="128" who="1" fromWho="0" sc="230,-123,262,143,236,0,252,0" /><INIT seed="1,2,0,2,0,9" ten="107,405,236,252" oya="1" hai0="102,134,79,37,29,83,76,117,98,3,113,59,128" hai1="106,125,129,112,60,45,10,23,103,39,36,89,135" hai2="71,19,33,48,6,110,70,88,130,62,11,122,84" hai3="20,93,100,85,132,107,50,18,114,44,2,31,27"/><U72/><E72/><V119/><F119/><W68/><G114/><T21/><D117/><U95/><E112/><V16/><F122/><W104/><G68/><T32/><D113/><U78/><E78/><V133/><F33/><W42/><G132/><T118/><D118/><U49/><E135/><V87/><F133/><W92/><G2/><T127/><D134/><U55/><E129/><V124/><F130/><W69/><G69/><T40/><D128/><U86/><E125/><V115/><F115/><W57/><G107/><T28/><D127/><U41/><E23/><V1/><F124/><W7/><G7/><T17/><D3/><U22/><E22/><V52/><F110/><W51/><G104/><T4/><D4/><U38/><E10/><V121/><F121/><W73/><G73/><T108/><D108/><U5/><E5/><V91/><F84/><W58/><G31/><T0/><D0/><U47/><REACH who="1" step="1"/><E60/><REACH who="1" ten="107,395,236,252" step="2"/><V12/><F62/><W99/><G20/><T25/><D76/><U61/><E61/><V53/><F1/><W43/><G27/><T56/><D32/><U14/><E14/><V63/><F63/><W116/><G116/><T82/><D79/><U123/><E123/><V66/><F6/><W111/><G111/><T126/><D126/><U74/><E74/><V77/><F77/><W109/><G109/><T13/><D13/><U8/><E8/><V101/><F71/><W131/><G131/><T54/><D21/><U105/><E105/><V90/><F70/><W26/><G26/><T34/><D25/><U15/><E15/><V24/><F12/><RYUUKYOKU ba="2,1" sc="107,-10,395,30,236,-10,252,-10" hai1="36,38,39,41,45,47,49,55,86,89,95,103,106" /><INIT seed="1,3,1,3,5,105" ten="97,425,226,242" oya="1" hai0="60,72,21,103,127,111,113,85,4,63,84,2,64" hai1="34,116,115,27,22,107,102,109,75,13,50,93,69" hai2="94,112,1,49,122,62,6,55,45,71,36,101,39" hai3="43,131,77,106,132,32,129,97,134,14,35,86,128"/><U33/><E69/><V87/><F122/><W82/><G43/><T37/><D37/><U12/><E107/><V74/><F74/><N who="3" m="43319" /><G14/><T30/><D113/><U47/><E75/><V11/><F112/><W96/><G96/><T81/><D103/><U8/><E115/><V100/><F87/><W99/><G99/><T58/><D63/><U38/><E38/><V40/><F94/><W90/><G32/><T108/><D127/><U41/><E116/><V83/><F83/><N who="3" m="49503" /><G35/><T23/><D4/><U19/><E13/><V52/><F36/><W124/><G124/><T130/><D2/><U61/><E61/><V51/><F62/><W46/><G46/><T119/><D119/><U135/><E34/><V57/><REACH who="2" step="1"/><F71/><REACH who="2" ten="97,425,216,242" step="2"/><W118/><G118/><T88/><D85/><U133/><E93/><V31/><F31/><W48/><G48/><T29/><D72/><U80/><E50/><V16/><F16/><W3/><G3/><T24/><REACH who="0" step="1"/><D130/><REACH who="0" ten="87,425,216,242" step="2"/><U26/><E102/><AGARI ba="3,3" hai="97,102,106,128,129,131,132,134" m="49503,43319" machi="102" ten="40,8000,1" yaku="19,1,34,2,52,1" doraHai="105" who="3" fromWho="1" sc="87,0,425,-89,216,0,242,119" /><INIT seed="2,0,0,3,0,6" ten="87,336,216,361" oya="2" hai0="37,103,9,96,72,78,109,92,49,67,7,113,120" hai1="15,60,19,10,59,53,85,29,83,54,102,132,76" hai2="97,64,115,128,106,105,131,27,87,70,77,63,135" hai3="3,114,111,18,52,84,11,26,122,5,75,31,57"/><V89/><F115/><W48/><G75/><T73/><D113/><U88/><E132/><V20/><F135/><W62/><G114/><T25/><D37/><U38/><E38/><V100/><F77/><W4/><G122/><T23/><D120/><U55/><E102/><V17/><REACH who="2" step="1"/><F106/><REACH who="2" ten="87,336,206,361" step="2"/><W129/><G129/><T93/><D78/><U79/><E29/><V134/><F134/><W33/><G111/><T13/><D109/><U45/><E45/><V2/><F2/><W81/><G4/><T16/><D93/><AGARI ba="0,1" hai="17,20,27,63,64,70,87,89,93,97,100,105,128,131" machi="93" ten="40,3900,0" yaku="1,1,53,1" doraHai="6" doraHaiUra="22" who="2" fromWho="0" sc="87,-39,336,0,206,49,361,0" /><INIT seed="2,1,0,2,5,56" ten="48,336,255,361" oya="2" hai0="79,53,38,120,99,74,135,4,44,111,18,66,90" hai1="132,108,92,130,51,128,14,32,88,94,61,29,69" hai2="40,91,13,98,102,100,129,112,12,110,42,134,43" hai3="37,0,75,62,63,121,23,114,84,122,116,103,8"/><V73/><F112/><W107/><G116/><T81/><D120/><U45/><E108/><V76/><F129/><N who="1" m="49769" /><E132/><V133/><F91/><W106/><G37/><T131/><D131/><U117/><E117/><V9/><F110/><W68/><G114/><T22/><D111/><U39/><E39/><V55/><F55/><W35/><G23/><T113/><D113/><U16/><E29/><V58/><F58/><W52/><G84/><T85/><D135/><N who="2" m="51722" /><F9/><W10/><G103/><N who="2" m="39465" /><F98/><W83/><G0/><T80/><D99/><U67/><E32/><V15/><F76/><W118/><G118/><T64/><D4/><U60/><E60/><V93/><F93/><W41/><G121/><T50/><REACH who="0" step="1"/><D38/><REACH who="0" ten="38,336,255,361" step="2"/><U21/><E88/><V17/><F73/><W96/><G75/><T95/><D95/><U5/><E5/><V19/><AGARI ba="1,1" hai="12,13,15,17,19,40,42,43" m="39465,51722" machi="19" ten="40,7800,0" yaku="28,2,20,1" doraHai="56" who="2" fromWho="2" sc="38,-27,336,-27,255,91,361,-27" /><INIT seed="2,2,0,1,3,110" ten="11,309,346,334" oya="2" hai0="54,124,56,97,2,16,84,34,13,133,85,80,127" hai1="0,20,39,123,68,11,1,99,70,109,82,52,100" hai2="90,42,10,130,81,73,88,69,121,44,96,40,126" hai3="98,86,60,106,79,89,59,132,58,35,120,104,117"/><V112/><F121/><W33/><G120/><T30/><D2/><U29/><E123/><V32/><F69/><W31/><G117/><T36/><D36/><U46/><E109/><V12/><F32/><W94/><G132/><T38/><D38/><U87/><E39/><V76/><F130/><W25/><G35/><T92/><D133/><U125/><E125/><N who="0" m="48201" /><D30/><U77/><E1/><V47/><F126/><W74/><G74/><T63/><D34/><U78/><E78/><V49/><F96/><W116/><G116/><T15/><D15/><U118/><E118/><V5/><F112/><W6/><G6/><T4/><D4/><U45/><E46/><V51/><AGARI ba="2,0" hai="5,10,12,40,42,44,47,49,51,73,76,81,88,90" machi="51" ten="20,7800,0" yaku="0,1,7,1,9,1,54,1" doraHai="110" who="2" fromWho="2" sc="11,-28,309,-28,346,84,334,-28" owari="-17,-52.0,281,-12.0,430,53.0,306,11.0" /></mjloggm>